<mjloggm ver="2.3"><GO type="225" lobby="0"/><UN n0="%E3%81%BF%E3%81%BF%E3%81%9A" n1="%E6%9C%88%E5%B3%B6%E5%9F%BA" n2="%E3%82%8F%E3%81%8B%E3%81%B0%2A%E3%82%AC%E3%83%BC%E3%83%AB" n3="%E6%80%AA%E3%81%97%E3%81%99%E3%81%8E%E3%82%8B%E3%83%81%E3%83%BC" dan="17,17,16,16" rate="2216.03,2204.28,2093.58,2060.38" sx="M,M,M,M"/><TAIKYOKU oya="0"/><INIT seed="0,0,0,1,1,108" ten="250,250,250,250" oya="0" hai0="88,11,45,39,70,28,62,35,132,46,85,114,9" hai1="40,53,38,15,2,133,82,14,31,64,89,117,131" hai2="105,107,102,75,96,24,0,93,49,74,101,44,23" hai3="97,29,8,123,52,25,17,103,51,128,13,111,104"/><T4/><D132/><U122/><E117/><V109/><F0/><W92/><G111/><T135/><D135/><U112/><E2/><V118/><F109/><W90/><G128/><T55/><D114/><U10/><E122/><V18/><F118/><W79/><G123/><T12/><D39/><U54/><E131/><V61/><F61/><W19/><G79/><T60/><D35/><U91/><E31/><V87/><F87/><W22/><G104/><T71/><D28/><U27/><E27/><V7/><F7/><W30/><REACH who="3" step="1"/><G103/><REACH who="3" ten="250,250,250,240" step="2"/><T59/><D71/><U57/><E133/><V130/><F130/><W126/><G126/><T65/><REACH who="0" step="1"/><D9/><REACH who="0" ten="240,250,250,240" step="2"/><U32/><E10/><V100/><F107/><W16/><G16/><T48/><D48/><U5/><E38/><V116/><F116/><W73/><G73/><T129/><D129/><U86/><E112/><V68/><F68/><W26/><G26/><T119/><D119/><U47/><E5/><V98/><REACH who="2" step="1"/><F101/><REACH who="2" ten="240,250,240,240" step="2"/><W95/><G95/><AGARI ba="0,3" hai="4,11,12,45,46,55,59,60,62,65,70,85,88,95" machi="95" ten="30,5800,0" yaku="1,1,7,1,54,1,53,0" doraHai="108" doraHaiUra="72" who="0" fromWho="3" sc="240,88,250,0,240,0,240,-58" /><INIT seed="0,1,0,2,4,60" ten="328,250,240,182" oya="0" hai0="48,72,22,109,95,119,83,118,63,49,132,45,105" hai1="62,85,121,37,35,24,91,75,73,17,93,34,3" hai2="36,59,80,133,44,77,65,54,25,50,70,97,31" hai3="102,23,94,113,79,67,124,61,57,6,106,33,127"/><T104/><D95/><U20/><E121/><V30/><F133/><W47/><G113/><T16/><D132/><U0/><E37/><V42/><F97/><N who="3" m="59703" /><G33/><T64/><D109/><U51/><E35/><V19/><F19/><W43/><G106/><T10/><D10/><U52/><E62/><N who="2" m="40247" /><F25/><W13/><G79/><T69/><D105/><U66/><E66/><V92/><F92/><W115/><G115/><T29/><D29/><U108/><E34/><V58/><F58/><W128/><G128/><T90/><D104/><U129/><E108/><V81/><F81/><W11/><G23/><T27/><D49/><U9/><E129/><V131/><F131/><W8/><G13/><T99/><D99/><U125/><E125/><N who="3" m="48202" /><G6/><T111/><D111/><U120/><E120/><V12/><F12/><W1/><G1/><T18/><D18/><U101/><E101/><V46/><F59/><W123/><G123/><T130/><D130/><U41/><E3/><V71/><F71/><W84/><G84/><T5/><D5/><U68/><E68/><V76/><F76/><W134/><G134/><T28/><D28/><U126/><E126/><V14/><F14/><W82/><G82/><T38/><D72/><N who="1" m="27723" /><E0/><V87/><F30/><W32/><G32/><T122/><D122/><U26/><E26/><V114/><F31/><W117/><G117/><T107/><D107/><U21/><E21/><V110/><F114/><W89/><G89/><T2/><D2/><U55/><E9/><V116/><F116/><N who="0" m="44586" /><D90/><U40/><E51/><AGARI ba="1,0" hai="8,11,43,47,51,57,61,67" m="48202,59703" machi="51" ten="30,2000,0" yaku="18,1,52,1" doraHai="60" who="3" fromWho="1" sc="328,0,250,-23,240,0,182,23" /><INIT seed="1,0,0,4,0,76" ten="328,227,240,205" oya="1" hai0="20,55,69,120,24,58,10,121,19,48,34,108,17" hai1="30,63,23,18,27,56,16,127,49,106,129,52,7" hai2="3,26,107,57,88,94,21,45,131,2,126,61,47" hai3="89,11,0,102,64,122,50,71,70,83,40,36,134"/><U84/><E106/><V100/><F126/><W95/><G122/><T111/><D69/><U53/><E127/><V9/><F131/><W117/><G134/><T82/><D34/><U87/><E7/><V73/><F73/><W85/><G117/><T5/><D19/><N who="1" m="7211" /><E129/><V125/><F125/><W74/><G50/><T90/><D90/><U43/><E43/><V79/><F79/><N who="3" m="44535" /><G64/><T135/><D82/><U6/><E6/><V81/><F100/><W133/><G133/><T113/><D135/><U101/><E101/><V78/><F107/><W77/><G77/><T72/><D72/><U105/><E105/><V59/><F9/><W118/><G102/><T97/><D97/><U29/><E29/><N who="2" m="17615" /><F2/><W14/><G14/><N who="0" m="5455" /><D113/><U8/><E8/><V38/><F38/><W114/><G118/><T60/><D48/><U96/><E96/><N who="2" m="57415" /><F3/><W67/><G114/><T15/><D15/><U13/><E13/><V119/><F119/><W25/><G25/><T75/><D75/><U51/><E51/><V41/><F41/><W112/><G112/><T32/><D32/><U42/><E42/><V28/><F28/><W4/><G67/><T33/><D33/><U65/><E65/><N who="2" m="39087" /><F59/><AGARI ba="0,0" hai="23,27,30,49,52,53,56,59,63,84,87" m="7211" machi="59" ten="30,5800,0" yaku="8,1,54,2" doraHai="76" who="1" fromWho="2" sc="328,0,227,58,240,-58,205,0" /><INIT seed="1,1,0,1,3,120" ten="328,285,182,205" oya="1" hai0="43,11,133,73,41,121,128,48,124,54,122,129,115" hai1="6,42,35,10,67,51,104,28,100,52,17,99,77" hai2="38,2,63,91,90,84,44,1,78,13,64,22,114" hai3="108,4,83,109,20,131,71,96,29,15,70,89,95"/><U103/><E103/><V9/><F114/><W3/><G131/><N who="0" m="50251" /><D73/><U5/><E42/><N who="0" m="15881" /><D11/><U40/><E40/><V68/><F38/><W111/><G3/><T53/><D115/><U66/><E77/><V127/><F127/><W16/><G4/><T135/><D124/><U75/><E75/><V94/><F44/><W97/><G97/><T69/><D69/><U23/><E28/><V119/><F119/><W132/><G132/><N who="0" m="50763" /><D54/><U92/><E104/><V36/><F36/><W57/><G29/><T12/><D12/><N who="1" m="5199" /><E35/><V33/><F33/><W118/><G118/><T27/><D27/><N who="1" m="14831" /><E6/><V123/><F123/><W30/><G30/><T93/><D93/><U82/><E82/><V55/><F22/><W72/><G57/><AGARI ba="1,0" hai="48,53,57,121,122" m="50763,15881,50251" machi="57" ten="40,8000,1" yaku="19,1,20,1,34,2" doraHai="120" who="0" fromWho="3" sc="328,83,285,0,182,0,205,-83" /><AGARI ba="1,0" hai="51,52,57,66,67,92,99,100" m="14831,5199" machi="57" ten="30,2900,0" yaku="8,1,54,1" doraHai="120" who="1" fromWho="3" sc="411,0,285,29,182,0,122,-29" /><INIT seed="1,2,0,3,4,54" ten="411,314,182,93" oya="1" hai0="10,69,102,2,41,48,76,16,86,111,71,120,66" hai1="4,15,90,121,83,12,18,61,135,64,126,14,132" hai2="72,130,59,81,114,94,105,74,124,82,58,20,9" hai3="28,3,26,24,88,36,62,107,22,99,129,49,73"/><U108/><E121/><V7/><F105/><W133/><G73/><T63/><D102/><U31/><E126/><V112/><F124/><W113/><G36/><T11/><D120/><U21/><E108/><V38/><F38/><W65/><G113/><N who="2" m="43625" /><F130/><W6/><G129/><T32/><D32/><U122/><E122/><V37/><F37/><W1/><G133/><N who="1" m="51274" /><E31/><V134/><F134/><W97/><G6/><T119/><D119/><U44/><E44/><V43/><F43/><W89/><G49/><T87/><D111/><U51/><E51/><V109/><F109/><W93/><G24/><T91/><D71/><N who="1" m="42383" /><E4/><V0/><F94/><W23/><G23/><T80/><D2/><U67/><E67/><V79/><F20/><W85/><G107/><T25/><D25/><N who="1" m="14519" /><E90/><V127/><F127/><W56/><REACH who="3" step="1"/><G97/><REACH who="3" ten="411,314,182,83" step="2"/><T27/><D27/><U115/><E115/><V17/><F17/><W68/><G68/><T29/><D29/><U8/><E8/><V57/><F82/><AGARI ba="2,1" hai="1,3,22,26,28,56,62,65,82,85,88,89,93,99" machi="82" ten="30,7700,0" yaku="1,1,7,1,52,1,54,1,53,0" doraHai="54" doraHaiUra="118" who="3" fromWho="2" sc="411,0,314,0,182,-83,83,93" /><AGARI ba="2,0" hai="12,14,15,82,83" m="14519,42383,51274" machi="82" ten="30,1500,0" yaku="20,1" doraHai="54" who="1" fromWho="2" sc="411,0,314,15,99,-15,176,0" /><INIT seed="1,3,0,5,5,106" ten="411,329,84,176" oya="1" hai0="86,104,93,18,27,77,0,65,84,23,134,66,92" hai1="99,68,110,118,100,113,16,129,85,90,94,63,41" hai2="61,64,39,3,28,22,15,2,17,115,119,10,52" hai3="56,24,34,133,126,7,95,109,107,103,32,102,44"/><U108/><E41/><V40/><F119/><W20/><G109/><N who="1" m="42090" /><E118/><V82/><F115/><W96/><G126/><T74/><D104/><N who="1" m="63519" /><E113/><V70/><F40/><W58/><G133/><T53/><D0/><U131/><E16/><V26/><F39/><W78/><G7/><T59/><D134/><U72/><E63/><V62/><REACH who="2" step="1"/><F82/><REACH who="2" ten="411,329,74,176" step="2"/><W80/><G80/><N who="0" m="47119" /><D74/><U111/><E111/><V11/><F11/><W98/><G107/><T57/><D86/><N who="1" m="52567" /><E68/><V25/><F25/><W33/><G24/><T19/><D19/><U48/><E48/><V54/><F54/><W50/><G50/><N who="0" m="30903" /><D66/><U73/><E85/><V49/><F49/><W30/><G98/><T79/><D65/><U1/><E1/><V38/><F38/><W127/><G96/><T87/><D59/><AGARI ba="3,1" hai="2,3,10,15,17,22,26,28,52,59,61,62,64,70" machi="59" ten="40,2600,0" yaku="1,1,54,1,53,0" doraHai="106" doraHaiUra="83" who="2" fromWho="0" sc="411,-35,329,0,74,45,176,0" /><INIT seed="2,0,0,4,5,16" ten="376,329,119,176" oya="2" hai0="48,88,135,36,1,5,109,47,125,83,50,31,59" hai1="118,104,28,96,107,33,60,119,90,70,134,93,49" hai2="14,111,27,120,82,85,21,121,20,89,97,44,42" hai3="76,10,127,117,84,35,95,66,94,41,129,62,9"/><V23/><F111/><W15/><G35/><T61/><D109/><U103/><E134/><V58/><F27/><W17/><G117/><T57/><D135/><U4/><E4/><V124/><F124/><W63/><G129/><T6/><D31/><U78/><E78/><V99/><F58/><N who="3" m="37207" /><G127/><T113/><D113/><U13/><E13/><V7/><F7/><N who="0" m="2570" /><D36/><U102/><E49/><V91/><F14/><W24/><G41/><T79/><D1/><U51/><E51/><N who="2" m="27031" /><F121/><W126/><G126/><T25/><D125/><U116/><E60/><V3/><F3/><W32/><G32/><T86/><D25/><U87/><E70/><V18/><F120/><W112/><G112/><T73/><D73/><U54/><E54/><V71/><F71/><W132/><G132/><T0/><D0/><U131/><E28/><V22/><F91/><W115/><G115/><T19/><D19/><U30/><E30/><V64/><F64/><W92/><G24/><T65/><D57/><U40/><E40/><V100/><F100/><N who="1" m="38441" /><E33/><V105/><F105/><N who="1" m="40521" /><E131/><V80/><F80/><N who="3" m="47111" /><G63/><T72/><D72/><U68/><E68/><V55/><F55/><W11/><AGARI ba="0,0" hai="9,10,11,15,17,92,94,95" m="47111,37207" machi="11" ten="30,1100,0" yaku="8,1" doraHai="16" who="3" fromWho="3" sc="376,-3,329,-3,119,-5,176,11" /><INIT seed="3,0,0,5,2,13" ten="373,326,114,187" oya="3" hai0="120,112,1,58,61,68,37,20,60,7,65,100,48" hai1="26,70,104,97,132,92,19,4,66,46,67,87,43" hai2="99,93,88,83,134,55,127,0,9,33,23,84,38" hai3="94,30,21,47,42,29,124,125,15,103,11,75,53"/><W57/><G75/><T56/><D37/><U121/><E121/><V131/><F33/><W10/><G94/><T128/><D100/><U17/><E132/><V86/><F134/><W40/><G103/><T102/><D102/><N who="1" m="60711" /><E70/><V22/><F131/><W82/><G82/><T49/><D120/><U51/><E104/><V96/><F127/><W8/><G47/><T107/><D68/><U85/><E4/><V91/><F38/><W32/><G32/><T39/><D39/><U90/><E26/><V98/><F0/><W133/><G133/><T50/><D107/><U5/><E5/><V69/><F69/><W64/><G64/><N who="1" m="24618" /><E87/><V135/><F135/><W62/><G15/><T59/><D128/><U74/><E74/><V110/><F110/><W109/><G21/><T27/><D112/><U89/><E89/><V108/><F108/><W113/><G113/><T28/><REACH who="0" step="1"/><D65/><REACH who="0" ten="363,326,114,187" step="2"/><U35/><E35/><V77/><F77/><W119/><G109/><T2/><D2/><U126/><E126/><V34/><F34/><W41/><G119/><T80/><D80/><AGARI ba="0,1" hai="17,19,43,46,51,80,85,90" m="24618,60711" machi="80" ten="30,3900,0" yaku="8,1,52,2" doraHai="13" who="1" fromWho="0" sc="363,-39,326,49,114,0,187,0" owari="324,12.4,375,47.5,114,-38.6,187,-21.3" /></mjloggm>