<mjloggm ver="2.3"><GO type="225" lobby="0"/><UN n0="%E3%81%BF%E3%81%BF%E3%81%9A" n1="%E4%BF%BA%E3%81%A8%E5%A6%96%E5%A4%A2" n2="%E6%81%A5%E6%99%92%E3%81%97" n3="%E5%B8%86%E7%AB%8B%E5%A4%8F%E8%A1%A3" dan="18,16,16,17" rate="2236.79,2128.93,2214.62,2157.57" sx="M,F,M,M"/><TAIKYOKU oya="0"/><INIT seed="0,0,0,0,3,23" ten="250,250,250,250" oya="0" hai0="88,126,54,56,86,15,25,105,67,80,100,125,122" hai1="13,46,132,61,3,33,84,79,85,17,62,1,128" hai2="21,91,43,82,37,83,70,44,111,117,71,47,87" hai3="109,69,57,8,72,68,127,99,59,78,81,27,4"/><T26/><D122/><U116/><E116/><V55/><F111/><W121/><G109/><T11/><D67/><U5/><E33/><V18/><F117/><W53/><G127/><N who="0" m="48651" /><D100/><U77/><E128/><V30/><F30/><W131/><G121/><T28/><D105/><U135/><E13/><V41/><F55/><W103/><G131/><T95/><D28/><U104/><E46/><V97/><F97/><W48/><G59/><T76/><D56/><U6/><REACH who="1" step="1"/><E17/><REACH who="1" ten="250,240,250,250" step="2"/><V22/><F83/><W31/><G4/><N who="0" m="3559" /><D54/><U29/><E29/><V24/><REACH who="2" step="1"/><F22/><REACH who="2" ten="250,240,240,250" step="2"/><W42/><G53/><T40/><D40/><U133/><E133/><V52/><F52/><W38/><G42/><T10/><D10/><U65/><E65/><V64/><F64/><W112/><G112/><T94/><D94/><U101/><E101/><V2/><F2/><W51/><G31/><T90/><D90/><U114/><E114/><V7/><F7/><W120/><G103/><T110/><D110/><U39/><E39/><AGARI ba="0,2" hai="18,21,24,37,39,41,43,44,47,70,71,82,87,91" machi="39" ten="30,7700,0" yaku="1,1,7,1,9,1,52,1,53,0" doraHai="23" doraHaiUra="75" who="2" fromWho="1" sc="250,0,240,-77,240,97,250,0" /><INIT seed="1,0,0,5,1,130" ten="250,163,337,250" oya="1" hai0="111,60,1,132,125,109,27,23,118,22,16,34,79" hai1="59,103,38,129,28,43,116,89,69,100,15,32,114" hai2="40,106,31,119,84,98,82,122,78,97,48,25,4" hai3="105,30,134,65,68,12,133,37,86,67,7,81,99"/><U94/><E114/><V135/><F119/><W96/><G37/><T87/><D118/><U92/><E69/><V113/><F122/><W2/><G2/><T44/><D1/><U77/><E116/><V56/><F135/><N who="3" m="51723" /><G30/><T73/><D132/><U57/><E129/><V88/><F113/><W71/><G12/><T36/><D34/><U64/><E77/><V91/><F4/><W75/><G75/><T26/><D125/><U95/><E89/><N who="2" m="34379" /><F106/><W112/><G7/><T10/><D10/><U21/><E32/><V55/><F40/><W11/><G11/><T101/><D101/><U33/><E33/><V58/><F58/><W120/><G120/><T70/><D70/><N who="3" m="26665" /><G112/><T46/><D36/><U45/><E57/><V121/><F121/><W19/><G19/><T90/><D73/><U117/><E117/><V126/><F126/><W110/><G110/><T47/><D111/><U72/><E72/><V17/><F31/><W42/><G42/><T35/><D109/><U80/><E80/><V123/><F123/><W29/><G29/><N who="0" m="17623" /><D35/><U131/><E131/><V49/><F49/><W127/><G127/><T83/><D60/><U61/><REACH who="1" step="1"/><E15/><REACH who="1" ten="250,153,337,250" step="2"/><V124/><F124/><W107/><G67/><T3/><D3/><U85/><E85/><V108/><F108/><W76/><G65/><T5/><D79/><U53/><E53/><V74/><F74/><W104/><AGARI ba="0,1" hai="76,81,86,96,99,104,105,107" m="26665,51723" machi="104" ten="40,8000,1" yaku="20,1,52,3" doraHai="130" who="3" fromWho="3" sc="250,-20,153,-40,337,-20,250,90" /><INIT seed="2,0,0,1,1,58" ten="230,113,317,340" oya="2" hai0="77,78,117,25,28,132,109,41,17,110,46,51,30" hai1="19,70,5,95,29,135,99,130,87,60,0,54,20" hai2="89,62,72,50,22,39,42,121,104,92,82,36,48" hai3="63,129,100,108,75,131,83,68,103,127,106,67,112"/><V9/><F121/><W14/><G108/><N who="0" m="41579" /><D132/><U61/><E135/><V57/><F104/><W105/><G127/><T40/><D117/><U64/><E130/><N who="3" m="49674" /><G112/><T47/><D17/><U133/><E133/><V76/><F39/><W81/><G14/><T88/><D88/><N who="1" m="55783" /><E70/><V91/><F91/><W2/><G2/><T118/><D118/><U126/><E0/><V34/><F34/><W43/><G43/><T79/><D25/><N who="1" m="16551" /><E126/><V98/><F22/><W124/><G124/><T13/><D13/><U59/><E5/><V18/><F42/><N who="0" m="16490" /><D51/><N who="1" m="31199" /><E64/><V6/><F36/><W114/><G114/><T12/><D12/><U111/><E111/><V90/><F6/><W73/><G106/><T8/><D8/><U24/><E87/><V27/><F9/><W4/><G4/><T80/><D28/><U107/><E107/><V21/><REACH who="2" step="1"/><F90/><REACH who="2" ten="230,113,307,340" step="2"/><W119/><G105/><T134/><D134/><U71/><E71/><V55/><AGARI ba="0,1" hai="18,21,27,48,50,55,57,62,72,76,82,89,92,98" machi="55" ten="20,18000,2" yaku="1,1,2,1,0,1,7,1,25,2,52,1,53,0" doraHai="58" doraHaiUra="122" who="2" fromWho="2" sc="230,-60,113,-60,307,190,340,-60" /><INIT seed="2,1,0,3,2,64" ten="170,53,497,280" oya="2" hai0="115,37,130,97,82,88,59,49,118,67,114,0,47" hai1="119,109,100,15,17,125,68,73,57,120,55,38,72" hai2="122,33,52,87,44,5,35,108,11,28,86,20,94" hai3="7,30,95,92,105,135,10,25,8,78,61,129,32"/><V50/><F122/><W24/><G105/><T48/><D0/><U110/><E119/><V26/><F108/><N who="1" m="41577" /><E38/><V2/><F94/><W3/><G129/><T6/><D6/><U13/><E120/><V76/><F76/><W106/><G135/><T14/><D130/><U60/><E100/><V132/><F132/><W127/><G127/><T31/><D37/><U42/><E42/><V56/><F35/><W123/><G123/><T93/><D118/><U65/><E125/><V70/><F70/><W104/><G95/><T46/><D31/><U71/><E13/><V21/><F21/><W121/><G121/><T103/><D114/><U39/><E39/><V90/><F90/><W29/><G92/><T9/><D115/><U41/><E41/><V1/><F1/><W45/><G78/><T89/><D14/><U102/><E102/><V85/><F85/><W66/><G45/><T107/><D9/><N who="1" m="6383" /><E55/><V36/><F36/><W134/><G10/><T96/><D82/><U124/><E124/><V126/><F126/><W51/><G134/><T91/><D107/><U62/><E62/><V111/><F111/><W12/><G12/><T98/><D103/><U58/><E58/><V43/><F33/><N who="3" m="20647" /><G51/><N who="0" m="19531" /><D93/><U54/><E54/><V117/><F117/><W133/><G133/><T81/><D81/><U69/><AGARI ba="1,0" hai="57,60,65,68,69,71,72,73" m="6383,41577" machi="69" ten="40,8000,1" yaku="14,1,52,3" doraHai="64" who="1" fromWho="1" sc="170,-21,53,83,497,-41,280,-21" /><INIT seed="3,0,0,0,4,97" ten="149,136,456,259" oya="3" hai0="46,27,53,109,130,18,16,71,36,78,99,23,42" hai1="10,103,66,131,31,113,68,22,111,20,45,39,29" hai2="76,38,5,19,69,82,54,121,124,116,119,41,12" hai3="104,58,3,132,84,112,83,25,74,129,64,73,100"/><W72/><G3/><T75/><D109/><U105/><E113/><V28/><F69/><W94/><G64/><T110/><D110/><U52/><E111/><V86/><F124/><W55/><G112/><T35/><D130/><U17/><E131/><V122/><F5/><W8/><G129/><T49/><D35/><U77/><E68/><V65/><F28/><W127/><G25/><T126/><D126/><U87/><E66/><V4/><F4/><W44/><G44/><T56/><D71/><U48/><E39/><V63/><F54/><W123/><G8/><T6/><D6/><U24/><E10/><N who="2" m="6551" /><F41/><W34/><G132/><T85/><D75/><U51/><E22/><V108/><F38/><W33/><G127/><T118/><D118/><U15/><E24/><V79/><F108/><W21/><G21/><T93/><D85/><U102/><E51/><V88/><F116/><W57/><G123/><N who="2" m="47113" /><F119/><W80/><G104/><T98/><D78/><U7/><E7/><V81/><F76/><W101/><G74/><T135/><D135/><U1/><E1/><V9/><F9/><W60/><G84/><T134/><D134/><U114/><E114/><V133/><F133/><W90/><G55/><T11/><D11/><U107/><E107/><V115/><F115/><W40/><G40/><T43/><D42/><U117/><E117/><V62/><F65/><W26/><G26/><T120/><D120/><U89/><E77/><V14/><F14/><W95/><G60/><T128/><D128/><U30/><E105/><V96/><F96/><N who="0" m="36906" /><D18/><U2/><E2/><V47/><F63/><RYUUKYOKU ba="0,0" sc="149,10,136,10,456,-30,259,10" hai0="16,23,27,36,43,46,49,53,56,93" hai1="15,17,20,29,30,31,45,48,52,87,89,102,103" hai3="33,34,57,58,72,73,80,83,90,94,95,100,101" /><INIT seed="3,1,0,2,2,30" ten="159,146,426,269" oya="3" hai0="88,22,35,40,66,95,29,52,32,131,76,77,70" hai1="121,103,126,116,26,114,44,127,4,33,133,107,124" hai2="46,129,105,125,72,69,110,50,39,36,2,85,117" hai3="93,97,17,5,73,34,49,84,74,64,8,109,51"/><W100/><G34/><T123/><D123/><U57/><E121/><V80/><F72/><W6/><G64/><T106/><D106/><U1/><E114/><V86/><F2/><W89/><G6/><T15/><D40/><U31/><E133/><V63/><F39/><W96/><G51/><T130/><D70/><U111/><E111/><V24/><F105/><W9/><G97/><N who="0" m="57575" /><D66/><U78/><E116/><V37/><F36/><W87/><G87/><T61/><D61/><U56/><E78/><N who="0" m="30313" /><D52/><U60/><E44/><V67/><F86/><W94/><G109/><T21/><D15/><U65/><E57/><V25/><F25/><W7/><G17/><T71/><D71/><U27/><E26/><V28/><F50/><W79/><G79/><T68/><D68/><U43/><E43/><V14/><F69/><W128/><G128/><N who="0" m="49195" /><D29/><U120/><E120/><V115/><F24/><W41/><G41/><T92/><D92/><U132/><E132/><V53/><F85/><W42/><G42/><T11/><D11/><N who="1" m="2447" /><E107/><V83/><F117/><W99/><G49/><T104/><D104/><U3/><E3/><V47/><F115/><W58/><G58/><T75/><D75/><U112/><E112/><V0/><F0/><W113/><G113/><T12/><D12/><U81/><E81/><V102/><F37/><W13/><G84/><T45/><D45/><U82/><E82/><V19/><F47/><W48/><G48/><T62/><D62/><U59/><E59/><V134/><F67/><W118/><G74/><T55/><D55/><U91/><E103/><V54/><F53/><RYUUKYOKU ba="1,0" sc="159,15,146,15,426,-15,269,-15" hai0="21,22,32,35" hai1="27,31,33,56,60,65,91,124,126,127" owari="174,-22.6,161,-33.9,411,51.1,254,5.4" /></mjloggm>