<mjloggm ver="2.3"><GO type="225" lobby="0"/><UN n0="%E3%82%A2%E3%83%B3%E3%83%93%E3%83%90%E3%83%AC%E3%83%B3%E3%83%88" n1="%E5%A4%8F%E9%88%B4%E9%88%B4%E5%A4%8F" n2="%EF%BC%AE%EF%BC%A1%EF%BC%AF%33%33%39" n3="%E8%81%B7%E6%A5%AD%E3%80%81%E9%A2%A8%32" dan="16,16,16,16" rate="2074.10,2105.06,2125.66,2155.80" sx="F,M,M,M"/><TAIKYOKU oya="0"/><INIT seed="0,0,0,5,0,98" ten="250,250,250,250" oya="0" hai0="89,63,100,105,87,93,58,103,7,115,40,38,64" hai1="76,17,123,127,12,55,23,47,30,26,129,96,62" hai2="11,117,102,88,14,91,19,67,90,95,107,135,1" hai3="109,42,125,118,108,134,106,43,49,33,71,34,72"/><T39/><D115/><U8/><E123/><V80/><F107/><W29/><G72/><T56/><D105/><U27/><E129/><V57/><F1/><W101/><G71/><T25/><D39/><U13/><E127/><V70/><F70/><W20/><G118/><T60/><D7/><U61/><E76/><V22/><F117/><W130/><G125/><T92/><D38/><U81/><E81/><V44/><F44/><N who="3" m="25751" /><G43/><T52/><D40/><U132/><E132/><V113/><F135/><W75/><G75/><T18/><D93/><U37/><E37/><V112/><F80/><W51/><G51/><T9/><REACH who="0" step="1"/><D25/><REACH who="0" ten="240,250,250,250" step="2"/><U0/><E0/><V111/><F113/><W97/><G134/><T6/><D6/><U50/><E13/><AGARI ba="0,1" hai="9,13,18,52,56,58,60,63,64,87,89,92,100,103" machi="13" ten="40,12000,1" yaku="1,1,8,1,52,2,54,1,53,0" doraHai="98" doraHaiUra="74" who="0" fromWho="1" sc="240,130,250,-120,250,0,250,0" /><INIT seed="0,1,0,2,1,85" ten="370,130,250,250" oya="0" hai0="15,122,79,124,121,14,103,126,115,39,57,95,76" hai1="71,68,37,19,1,132,28,72,93,62,133,108,58" hai2="44,8,117,84,34,112,59,26,74,24,97,116,119" hai3="107,77,54,0,23,82,45,18,134,127,111,4,30"/><T78/><D39/><U49/><E72/><V100/><F74/><W98/><G111/><T102/><D57/><U123/><E1/><V66/><F112/><W56/><G127/><N who="0" m="48683" /><D115/><U91/><E123/><N who="0" m="47113" /><D95/><U47/><E108/><V12/><F34/><W64/><G134/><N who="1" m="51818" /><E28/><V5/><F44/><W40/><G64/><T109/><D109/><U3/><E3/><V89/><F59/><W61/><G30/><T99/><D99/><N who="1" m="57791" /><E19/><V70/><F66/><W120/><G120/><T60/><D60/><U33/><E33/><V105/><REACH who="2" step="1"/><F70/><REACH who="2" ten="370,130,240,250" step="2"/><W135/><G135/><T21/><D21/><U46/><E37/><V35/><F35/><W25/><G45/><N who="1" m="16906" /><E49/><V92/><AGARI ba="1,1" hai="5,8,12,24,26,84,89,92,97,100,105,116,117,119" machi="92" ten="30,7900,0" yaku="1,1,0,1,12,1,52,1,53,0" doraHai="85" doraHaiUra="29" who="2" fromWho="2" sc="370,-40,130,-21,240,92,250,-21" /><INIT seed="1,0,0,4,1,7" ten="330,109,332,229" oya="1" hai0="24,72,45,27,84,67,124,117,16,9,78,104,20" hai1="29,106,34,57,43,79,71,1,114,61,115,42,73" hai2="91,60,50,55,131,33,25,103,96,5,92,93,64" hai3="65,46,116,56,37,89,75,40,99,132,123,6,82"/><U118/><E118/><V39/><F39/><W81/><G123/><T12/><D117/><U113/><E106/><V11/><F131/><W17/><G116/><T129/><D104/><U90/><E71/><V41/><F41/><W102/><G132/><T88/><D129/><U94/><E1/><V58/><F33/><W3/><G17/><T21/><D78/><U10/><E29/><V4/><F25/><W18/><G18/><T100/><D100/><U98/><E34/><V121/><F121/><W110/><G110/><T70/><D72/><U0/><E79/><V13/><F4/><W44/><G75/><T87/><D87/><U69/><E69/><V86/><REACH who="2" step="1"/><F50/><REACH who="2" ten="330,109,322,229" step="2"/><W107/><G40/><T30/><D27/><U66/><REACH who="1" step="1"/><E73/><REACH who="1" ten="330,99,322,229" step="2"/><V135/><F135/><W80/><G37/><T2/><D2/><U122/><E122/><V111/><F111/><W32/><G32/><T127/><D127/><U125/><E125/><V15/><F15/><W77/><G3/><T74/><D124/><U49/><E49/><V26/><F26/><W128/><G128/><T112/><D74/><U48/><E48/><V119/><F119/><W83/><G77/><T85/><D112/><U130/><E130/><V108/><F108/><W53/><N who="3" m="20480" /><DORA hai="105" /><W8/><G6/><AGARI ba="0,2" hai="0,6,10,42,43,57,61,66,90,94,98,113,114,115" machi="6" ten="40,7700,0" yaku="1,1,52,1,53,1" doraHai="7,105" doraHaiUra="31,63" who="1" fromWho="3" sc="330,0,99,97,322,0,229,-77" /><INIT seed="1,1,0,4,4,94" ten="330,196,322,152" oya="1" hai0="85,104,127,47,116,5,45,48,92,12,125,74,40" hai1="60,129,46,18,1,100,107,20,54,119,102,132,135" hai2="56,123,118,2,27,121,87,41,78,95,70,15,73" hai3="13,69,72,0,22,131,33,88,80,96,83,98,26"/><U36/><E119/><V124/><F118/><W76/><G69/><T66/><D116/><U14/><E107/><V17/><F70/><W89/><G0/><T79/><D104/><U23/><E1/><V42/><F2/><W16/><G131/><T93/><D74/><U37/><E129/><V122/><F73/><W61/><G61/><T106/><D106/><U7/><E7/><V134/><F27/><W114/><G114/><T126/><D66/><U4/><E4/><V32/><F32/><W50/><G33/><T86/><D86/><U81/><E81/><N who="3" m="31306" /><G76/><T90/><D79/><U64/><E23/><V53/><F78/><W120/><G72/><T49/><D93/><U29/><E29/><V51/><F134/><N who="1" m="51241" /><E54/><V31/><F31/><N who="3" m="17879" /><G50/><N who="0" m="26919" /><D47/><U55/><E37/><V109/><F42/><W67/><G67/><T77/><D77/><U103/><E36/><V58/><F41/><W11/><G120/><T9/><AGARI ba="1,0" hai="5,9,12,48,49,85,90,92,125,126,127" m="26919" machi="9" ten="40,1500,0" yaku="18,1" doraHai="94" who="0" fromWho="0" sc="330,18,196,-8,322,-5,152,-5" /><INIT seed="2,0,0,4,4,84" ten="348,188,317,147" oya="2" hai0="51,113,104,72,29,74,63,42,11,103,25,40,20" hai1="112,123,50,10,76,53,100,131,114,64,31,78,88" hai2="70,85,108,87,96,122,79,91,43,27,110,128,107" hai3="4,3,101,23,33,65,14,82,22,12,83,47,5"/><V7/><F70/><W36/><G65/><T46/><D113/><U32/><E100/><N who="2" m="62855" /><F43/><W34/><G101/><T118/><D42/><U102/><E102/><V37/><F37/><W17/><G47/><T39/><D63/><U106/><E106/><V98/><F7/><W26/><G36/><T56/><D118/><U120/><E64/><V133/><F27/><W89/><G89/><T2/><D104/><U21/><E32/><N who="3" m="12394" /><G83/><T52/><REACH who="0" step="1"/><D103/><REACH who="0" ten="338,188,317,147" step="2"/><U35/><E114/><V41/><F41/><W28/><G82/><T111/><D111/><N who="2" m="42538" /><F122/><W124/><G124/><T116/><D116/><U71/><E112/><V59/><F128/><W49/><G49/><T18/><D18/><U0/><E123/><V95/><F133/><W13/><G3/><T60/><D60/><U1/><E0/><V55/><F79/><N who="1" m="30249" /><E1/><V134/><F134/><W24/><AGARI ba="0,1" hai="4,5,12,13,14,17,22,23,24,26,28" m="12394" machi="24" ten="40,8000,1" yaku="35,5" doraHai="84" who="3" fromWho="3" sc="338,-20,188,-20,317,-40,147,90" /><INIT seed="3,0,0,0,3,49" ten="318,168,277,237" oya="3" hai0="55,62,83,65,94,51,112,47,38,16,105,68,41" hai1="10,37,48,102,129,12,134,45,120,56,87,0,84" hai2="85,1,20,86,67,52,130,66,77,53,43,125,101" hai3="25,60,9,59,75,78,91,126,122,29,32,21,14"/><W95/><G122/><T17/><D105/><U118/><E120/><V100/><F1/><W19/><G126/><T4/><D112/><U63/><E129/><V2/><F2/><W93/><G75/><T46/><D4/><U24/><E134/><V23/><F43/><W103/><G78/><T79/><REACH who="0" step="1"/><D94/><REACH who="0" ten="308,168,277,237" step="2"/><U44/><E118/><V70/><F130/><W31/><G95/><T110/><D110/><U74/><E74/><AGARI ba="0,1" hai="16,17,38,41,46,47,51,55,62,65,68,74,79,83" machi="74" ten="30,12000,2" yaku="1,1,7,1,52,1,54,1,53,2" doraHai="49" doraHaiUra="40" who="0" fromWho="1" sc="308,130,168,-120,277,0,237,0" owari="438,53.8,48,-45.2,277,7.7,237,-16.3" /></mjloggm>