<mjloggm ver="2.3"><GO type="225" lobby="0"/><UN n0="%33%74%72%65%65" n1="%E3%81%90%E3%81%A1%E3%82%84%E3%81%BE" n2="%E3%81%AF%E3%82%88%E3%81%8A%E3%81%98%E3%81%95%E3%82%93" n3="%E3%83%81%E3%83%AF%E3%83%AF%E9%9A%8A%E9%95%B7" dan="16,16,17,16" rate="2176.14,2121.68,2134.39,2100.20" sx="F,M,M,M"/><TAIKYOKU oya="0"/><INIT seed="0,0,0,4,1,33" ten="250,250,250,250" oya="0" hai0="133,49,69,3,39,21,15,2,72,98,123,54,0" hai1="97,29,40,129,34,83,122,31,12,62,60,1,58" hai2="28,107,41,93,111,70,119,43,127,88,50,65,47" hai3="48,13,91,17,46,121,130,78,82,26,85,36,52"/><T53/><D123/><U20/><E122/><V100/><F111/><W67/><G121/><T63/><D39/><U80/><E34/><V27/><F127/><W134/><G130/><T115/><D115/><U95/><E129/><V86/><F119/><W81/><G134/><T76/><D133/><U18/><E1/><V126/><F126/><W116/><G116/><T102/><D72/><U71/><E40/><V8/><F43/><W104/><G104/><T135/><D135/><U4/><E4/><V124/><F124/><W35/><G36/><T32/><D32/><U108/><E108/><V56/><F70/><W117/><G117/><T89/><D89/><U57/><E71/><V103/><F107/><W37/><G37/><T114/><D76/><U92/><E97/><V79/><F79/><W110/><G110/><T30/><D49/><U61/><E12/><V51/><F8/><W94/><G67/><T7/><D114/><U23/><REACH who="1" step="1"/><E60/><REACH who="1" ten="250,240,250,250" step="2"/><N who="2" m="38023" /><F50/><W55/><G35/><T84/><D69/><U22/><E22/><V132/><F132/><W90/><G48/><T14/><D63/><U44/><E44/><V131/><F131/><W73/><G13/><T59/><D15/><U11/><E11/><V128/><F128/><W66/><G26/><T19/><D7/><U68/><E68/><V16/><F28/><W106/><G73/><T6/><D6/><U25/><E25/><V120/><F120/><W77/><G85/><T10/><D84/><U118/><E118/><V113/><F113/><W96/><G96/><T5/><D30/><U74/><E74/><V24/><F27/><RYUUKYOKU ba="0,1" sc="250,-15,240,15,250,15,250,-15" hai1="18,20,23,29,31,57,58,61,62,80,83,92,95" hai2="16,24,41,47,51,86,88,93,100,103" /><INIT seed="1,1,1,4,0,17" ten="235,255,265,235" oya="1" hai0="19,134,51,14,81,52,87,38,35,86,40,4,126" hai1="26,49,20,131,0,113,85,94,8,69,29,21,57" hai2="101,118,70,64,84,91,125,121,128,2,58,96,100" hai3="114,7,73,127,76,133,31,102,1,55,79,6,75"/><U116/><E113/><V97/><F70/><W83/><G114/><T105/><D134/><U60/><E116/><V47/><F2/><W62/><G133/><T41/><D126/><U95/><E69/><V89/><F118/><W130/><G127/><T28/><D105/><U5/><E131/><V37/><F121/><W12/><G130/><T111/><D111/><U78/><E49/><V88/><F128/><W72/><G1/><T135/><D135/><U54/><REACH who="1" step="1"/><E21/><REACH who="1" ten="235,245,265,235" step="2"/><V22/><F125/><W82/><G62/><T119/><D119/><U25/><E25/><V11/><F22/><W9/><G73/><T63/><D63/><U117/><E117/><V13/><F37/><W15/><G72/><T36/><D36/><U43/><E43/><V103/><F47/><W104/><G75/><T3/><D38/><U61/><E61/><N who="2" m="37943" /><F84/><W59/><G9/><N who="0" m="2207" /><D87/><U74/><E74/><V99/><F96/><W98/><G98/><T27/><D86/><U48/><E48/><V129/><F129/><W39/><G39/><T90/><D51/><U24/><E24/><V44/><F44/><W124/><G124/><T65/><D40/><U67/><E67/><V66/><F66/><W122/><G122/><T32/><D41/><U50/><E50/><V93/><F97/><W34/><G34/><N who="0" m="20767" /><D65/><U45/><E45/><V110/><F110/><W56/><G56/><T71/><D71/><U80/><AGARI ba="1,2" hai="0,5,8,20,26,29,54,57,60,78,80,85,94,95" machi="80" ten="30,11700,0" yaku="1,1,0,1,52,1,53,1" doraHai="17" doraHaiUra="23" who="1" fromWho="1" sc="235,-40,245,140,265,-40,235,-40" /><INIT seed="1,2,0,1,1,129" ten="195,385,225,195" oya="1" hai0="110,17,134,89,60,28,115,7,6,49,114,39,96" hai1="44,40,47,104,69,20,130,72,26,127,68,24,117" hai2="107,108,30,92,46,75,122,50,10,34,112,29,32" hai3="124,14,53,105,59,43,84,131,31,93,85,79,64"/><U99/><E117/><V8/><F107/><W101/><G105/><T109/><D39/><U106/><E72/><V67/><F75/><W23/><G131/><T119/><D119/><U38/><E130/><V61/><F122/><W21/><G124/><T100/><D28/><U16/><E127/><V132/><F108/><N who="0" m="41578" /><D89/><U2/><E2/><V15/><F112/><N who="0" m="43050" /><D134/><U81/><E106/><V95/><F132/><W128/><G128/><T73/><D73/><U51/><E81/><V82/><F82/><W121/><G121/><T18/><D49/><U118/><E118/><V116/><F116/><W71/><G43/><T76/><D76/><U86/><E86/><V57/><F32/><W25/><G79/><T27/><D60/><U97/><E26/><V90/><F34/><W63/><G25/><T12/><D27/><U54/><REACH who="1" step="1"/><E99/><REACH who="1" ten="195,375,225,195" step="2"/><V91/><F29/><W33/><G31/><T45/><D96/><U94/><E94/><V126/><F30/><W35/><G93/><T103/><D12/><U135/><E135/><V4/><F126/><W70/><G14/><T41/><D103/><AGARI ba="2,1" hai="16,20,24,38,40,44,47,51,54,68,69,97,103,104" machi="103" ten="40,12000,1" yaku="1,1,54,1,53,2" doraHai="129" doraHaiUra="42" who="1" fromWho="0" sc="195,-126,375,136,225,0,195,0" /><INIT seed="1,3,0,3,3,122" ten="69,511,225,195" oya="1" hai0="82,75,40,23,17,0,96,36,2,20,80,97,53" hai1="83,120,78,71,92,49,52,87,102,64,131,123,35" hai2="58,9,33,4,48,108,69,8,27,85,111,19,98" hai3="116,90,42,1,94,15,65,77,114,31,67,14,106"/><U61/><E35/><V74/><F69/><W60/><G114/><T34/><D34/><U66/><E131/><V119/><F74/><W112/><G112/><T91/><D36/><U38/><E38/><V25/><F119/><W62/><G1/><T24/><D40/><U118/><E118/><V93/><F85/><W132/><G116/><T70/><D70/><U56/><REACH who="1" step="1"/><E66/><REACH who="1" ten="69,501,225,195" step="2"/><V81/><F33/><W88/><G65/><T44/><D75/><U129/><E129/><V22/><F111/><W55/><G67/><T135/><D135/><U101/><E101/><V5/><F108/><W103/><G132/><T29/><D0/><U86/><E86/><V32/><F32/><W110/><G103/><T28/><D2/><U50/><E50/><V73/><F48/><W113/><G60/><T18/><D91/><U26/><E26/><V128/><F25/><W16/><G90/><T104/><D24/><U121/><E121/><V51/><F128/><W3/><G88/><T84/><D84/><U89/><E89/><V47/><F73/><W79/><G113/><T30/><D97/><AGARI ba="3,1" hai="49,52,56,61,64,71,78,83,87,92,97,102,120,123" machi="97" ten="40,3900,0" yaku="1,1,54,1,53,0" doraHai="122" doraHaiUra="100" who="1" fromWho="0" sc="69,-48,501,58,225,0,195,0" /><INIT seed="1,4,0,5,4,53" ten="21,559,225,195" oya="1" hai0="1,101,126,105,58,73,9,92,36,52,76,59,131" hai1="17,70,27,77,112,88,38,78,16,23,95,6,125" hai2="48,43,61,74,18,7,34,54,134,109,68,40,2" hai3="114,13,20,35,24,10,37,31,127,93,115,87,132"/><U66/><E38/><V116/><F74/><W72/><G72/><T51/><D105/><U29/><E112/><V67/><F34/><W108/><G37/><T8/><D36/><U30/><E125/><V110/><F116/><W50/><G127/><T79/><D126/><U39/><E39/><V85/><F134/><W47/><G132/><T97/><D131/><U129/><E129/><V124/><F124/><W111/><G35/><T49/><D73/><U21/><E6/><V103/><F103/><W25/><G25/><T107/><D107/><U28/><E66/><V119/><F119/><W60/><G60/><T33/><D33/><U12/><REACH who="1" step="1"/><E70/><REACH who="1" ten="21,549,225,195" step="2"/><V84/><F7/><W26/><G114/><T94/><D1/><U71/><E71/><V5/><F67/><W91/><G115/><T104/><D104/><U64/><E64/><V3/><F68/><W117/><G117/><T32/><D32/><U15/><E15/><V14/><F14/><W45/><G13/><T98/><REACH who="0" step="1"/><D101/><REACH who="0" ten="11,549,225,195" step="2"/><U120/><E120/><V55/><F2/><W121/><G121/><T44/><D44/><U75/><E75/><V62/><F3/><W86/><G45/><T56/><D56/><U123/><E123/><V102/><F102/><W122/><G47/><T42/><D42/><U128/><E128/><V81/><F40/><W19/><G122/><T82/><D82/><U11/><E11/><V41/><F81/><W57/><G10/><T89/><D89/><U80/><E80/><V69/><F43/><W65/><G91/><T100/><D100/><U22/><E22/><V133/><F41/><RYUUKYOKU ba="4,2" sc="11,15,549,15,225,-15,195,-15" hai0="8,9,49,51,52,58,59,76,79,92,94,97,98" hai1="12,16,17,21,23,27,28,29,30,77,78,88,95" /><INIT seed="1,5,2,0,2,39" ten="26,564,210,180" oya="1" hai0="113,90,14,80,4,50,101,102,110,96,126,31,71" hai1="132,24,81,123,34,30,87,79,72,48,94,129,112" hai2="1,77,26,74,52,13,32,86,7,66,42,118,9" hai3="128,98,16,25,124,67,49,73,38,111,35,117,135"/><U47/><E123/><V17/><F118/><W15/><G38/><T103/><D113/><U64/><E112/><V85/><F66/><W23/><G73/><T119/><D119/><U130/><E132/><V12/><F12/><W69/><G117/><T122/><D122/><U59/><E64/><V115/><F115/><W60/><G135/><T8/><D71/><U33/><E59/><V75/><F52/><W21/><G111/><T99/><D110/><U107/><E107/><V104/><F42/><W57/><G35/><T91/><D126/><U36/><E36/><V105/><F74/><W10/><G124/><T19/><D31/><U40/><E34/><V114/><F75/><W54/><G128/><N who="1" m="49258" /><E72/><V84/><F77/><W58/><G98/><T61/><D99/><U88/><E79/><V134/><F114/><W127/><G127/><T100/><N who="0" m="25600" /><DORA hai="5" /><T121/><D121/><U46/><E46/><V45/><F45/><W44/><REACH who="3" step="1"/><G23/><REACH who="3" ten="26,564,210,170" step="2"/><T28/><D96/><U89/><E89/><V62/><F134/><W20/><G20/><T109/><D109/><U63/><E63/><V97/><F62/><W131/><G131/><T3/><D61/><U116/><E116/><V120/><F97/><W43/><G43/><T29/><D91/><U133/><E133/><V108/><F120/><W92/><G92/><AGARI ba="5,3" hai="24,30,33,40,47,48,81,87,88,92,94" m="49258" machi="92" ten="30,5800,0" yaku="19,1,52,1,54,1" doraHai="39,5" who="1" fromWho="3" sc="26,0,564,103,210,0,170,-73" /><INIT seed="1,6,0,4,5,10" ten="26,667,210,97" oya="1" hai0="107,53,63,97,99,106,45,96,64,56,9,24,33" hai1="52,70,69,47,66,105,122,12,19,41,111,23,80" hai2="13,6,2,22,100,82,72,50,76,109,130,35,116" hai3="0,1,121,4,104,29,102,89,17,84,59,127,81"/><U39/><E122/><V51/><F116/><W25/><G121/><T55/><D33/><U43/><E105/><V54/><F35/><W87/><G127/><T124/><D124/><U133/><E133/><V94/><F2/><W18/><G59/><T135/><D135/><U117/><E117/><V108/><F130/><W28/><G28/><T68/><D24/><U128/><E128/><V8/><F22/><W113/><G113/><T92/><D92/><U101/><E101/><V115/><F115/><W21/><G84/><T27/><D27/><U14/><E111/><N who="2" m="42571" /><F54/><W126/><G126/><T34/><D34/><U26/><E43/><V48/><F94/><W134/><G134/><T30/><D30/><U98/><E98/><V91/><F91/><W125/><G125/><T32/><D32/><U132/><E132/><V65/><F65/><W78/><G89/><T61/><REACH who="0" step="1"/><D9/><REACH who="0" ten="16,667,210,97" step="2"/><U36/><E26/><V46/><F8/><W90/><G25/><T93/><D93/><U120/><E120/><V49/><F100/><W16/><G102/><T62/><D62/><U44/><E23/><V37/><F82/><W57/><G81/><T20/><D20/><U73/><E80/><V86/><N who="2" m="12288" /><DORA hai="15" /><V88/><F46/><W129/><G21/><T123/><D123/><U75/><E47/><V58/><F58/><W40/><G57/><T112/><D112/><U110/><E44/><V60/><F60/><W85/><G129/><T38/><D38/><U74/><E39/><V7/><F37/><W5/><G29/><T118/><D118/><U114/><E110/><V31/><F31/><RYUUKYOKU ba="6,1" sc="16,30,667,-10,210,-10,97,-10" hai0="45,53,55,56,61,63,64,68,96,97,99,106,107" /><INIT seed="2,7,1,0,3,42" ten="46,657,200,87" oya="2" hai0="93,116,106,77,124,23,29,128,9,45,44,113,51" hai1="135,121,34,61,6,111,66,62,60,71,47,101,98" hai2="13,112,81,87,24,129,99,64,25,48,132,123,94" hai3="43,97,102,72,68,33,130,5,103,119,126,109,122"/><V85/><F112/><W83/><G119/><T79/><D113/><U107/><E34/><V86/><F123/><W16/><G122/><T131/><D106/><U100/><E6/><V26/><F129/><N who="0" m="49738" /><D116/><U52/><E100/><V4/><F132/><W91/><G130/><T65/><D124/><U22/><E61/><V2/><F2/><W39/><G68/><T127/><D127/><U56/><E62/><V114/><F114/><W32/><G126/><T31/><D65/><U21/><E21/><V41/><F64/><W40/><G109/><T36/><D9/><U120/><E22/><V73/><F73/><W104/><G5/><T76/><D93/><U63/><E63/><V75/><F75/><W80/><G72/><T105/><D105/><U27/><E27/><V12/><F81/><W53/><G80/><T55/><D23/><U30/><E98/><V50/><F41/><AGARI ba="7,1" hai="29,31,36,41,44,45,51,55,76,77,79" m="49738" machi="41" ten="30,3900,0" yaku="19,1,52,2" doraHai="42" who="0" fromWho="2" sc="46,70,657,0,200,-60,87,0" /><INIT seed="3,0,0,3,5,106" ten="116,657,140,87" oya="3" hai0="39,113,132,119,22,47,44,37,117,93,118,78,88" hai1="109,30,121,66,67,108,75,86,84,116,133,122,8" hai2="74,90,0,13,127,111,112,38,27,126,80,105,42" hai3="134,124,19,2,50,28,79,62,83,21,63,51,18"/><W95/><G2/><T49/><D132/><U41/><E8/><V107/><F0/><W24/><G134/><T32/><D32/><U34/><E41/><V65/><F112/><W5/><G124/><N who="2" m="47657" /><F111/><W10/><G5/><T110/><D110/><U100/><E67/><V135/><F135/><W97/><G50/><T36/><D113/><U43/><E86/><V17/><F65/><W131/><G51/><T82/><D22/><U25/><E25/><V15/><F27/><W129/><G62/><T33/><D33/><U120/><E100/><V125/><F13/><W20/><G63/><T23/><D23/><U48/><E48/><V58/><F58/><W98/><G10/><T89/><D93/><U9/><E43/><V69/><F69/><W59/><G59/><T7/><D7/><U46/><E46/><N who="2" m="23895" /><F125/><W12/><G28/><T96/><D47/><U101/><E84/><N who="2" m="50439" /><F74/><W56/><G56/><T35/><D96/><U102/><E102/><V104/><F105/><W130/><REACH who="3" step="1"/><G95/><REACH who="3" ten="116,657,140,77" step="2"/><T16/><D49/><U72/><E30/><V6/><F6/><W114/><G114/><T77/><D37/><U94/><E9/><AGARI ba="0,1" hai="9,15,17,104,107" m="50439,23895,47657" machi="9" ten="30,1000,0" yaku="18,1" doraHai="106" who="2" fromWho="1" sc="116,0,657,-10,140,20,77,0" owari="116,-28.4,647,74.7,160,-4.0,77,-42.3" /></mjloggm>