<mjloggm ver="2.3"><GO type="225" lobby="0"/><UN n0="%E3%82%A2%E3%83%B3%E3%83%93%E3%83%90%E3%83%AC%E3%83%B3%E3%83%88" n1="%E7%99%BD%E5%80%89%E5%AF%9B%E4%B9%8B" n2="%E3%82%A4%E3%83%BC%E3%82%B1%E3%83%97%E3%83%A9" n3="%E3%81%90%E3%81%A1%E3%82%84%E3%81%BE" dan="16,16,16,16" rate="2087.61,2136.56,2139.72,2134.53" sx="F,M,M,M"/><TAIKYOKU oya="0"/><INIT seed="0,0,0,3,1,131" ten="250,250,250,250" oya="0" hai0="135,111,14,110,46,118,103,99,96,56,65,105,27" hai1="5,2,127,47,132,51,28,31,130,124,34,40,19" hai2="93,72,80,10,30,18,53,60,13,49,17,57,87" hai3="71,7,75,91,26,125,22,3,66,129,85,44,1"/><T24/><D118/><U112/><E130/><V52/><F72/><W55/><G129/><T69/><D69/><U41/><E112/><V70/><F30/><N who="1" m="11305" /><E34/><V77/><F70/><W104/><G75/><T0/><D0/><U54/><E5/><V89/><F18/><W94/><G104/><T90/><D14/><U120/><E2/><V38/><F38/><W107/><G107/><T50/><D56/><U33/><E33/><V39/><F39/><W42/><G55/><T11/><D11/><U73/><E73/><V36/><F36/><W68/><G125/><N who="1" m="48202" /><E120/><V29/><F29/><W122/><G122/><T45/><D65/><U84/><E84/><V78/><REACH who="2" step="1"/><F93/><REACH who="2" ten="250,250,240,250" step="2"/><W101/><G71/><T64/><D105/><U113/><E113/><V88/><F88/><W117/><G68/><T128/><D90/><U9/><E19/><V48/><F48/><W126/><G126/><T63/><D50/><U23/><E9/><V98/><F98/><W59/><G91/><T109/><D99/><U6/><E6/><V81/><F81/><W15/><G7/><T12/><D128/><U134/><E23/><V8/><F8/><W74/><G74/><T32/><D32/><U92/><E92/><V16/><F16/><W119/><G119/><T76/><D96/><U106/><E106/><V62/><F62/><N who="3" m="38239" /><G117/><T25/><D63/><U79/><E79/><V114/><F114/><W20/><G20/><T100/><D76/><U43/><AGARI ba="0,1" hai="40,41,43,47,51,54,132,134" m="48202,11305" machi="43" ten="40,5200,0" yaku="18,1,52,2" doraHai="131" who="1" fromWho="1" sc="250,-26,250,62,240,-13,250,-13" /><INIT seed="1,0,0,4,5,122" ten="224,312,227,237" oya="1" hai0="10,105,121,110,39,127,33,114,60,0,12,82,9" hai1="13,108,3,2,23,111,133,97,112,41,16,117,17" hai2="51,91,88,104,5,72,50,119,6,14,62,15,29" hai3="21,99,34,19,92,107,77,38,126,46,124,125,78"/><U120/><E120/><V68/><F119/><W83/><G34/><T8/><D121/><U63/><E117/><V84/><F72/><W115/><G107/><T87/><D114/><U49/><E112/><V7/><F104/><W26/><G115/><T118/><D118/><U106/><E133/><V57/><F29/><W40/><REACH who="3" step="1"/><G83/><REACH who="3" ten="224,312,227,227" step="2"/><T76/><D33/><U25/><E106/><V37/><F68/><W1/><G1/><T129/><D105/><U61/><E2/><V24/><F37/><W28/><G28/><T48/><D0/><U44/><E3/><V89/><F84/><W128/><G128/><T73/><D39/><U4/><E97/><V20/><F15/><W135/><G135/><T80/><D129/><U109/><E4/><V95/><F14/><W30/><G30/><T69/><D82/><U59/><E59/><V52/><F95/><W130/><G130/><T22/><D73/><U96/><E96/><V35/><F35/><W74/><G74/><T100/><D80/><U132/><E132/><V11/><F11/><AGARI ba="0,1" hai="11,13,16,17,23,25,41,44,49,61,63,108,109,111" machi="11" ten="40,18000,2" yaku="14,1,10,1,52,3,54,1" doraHai="122" who="1" fromWho="2" sc="224,0,312,190,227,-180,227,0" /><INIT seed="1,1,0,5,5,17" ten="224,502,47,227" oya="1" hai0="80,44,8,115,0,117,20,22,32,87,121,110,133" hai1="122,42,88,5,49,97,67,14,72,85,10,64,46" hai2="106,104,60,52,76,55,34,123,36,119,90,9,126" hai3="79,51,102,71,3,19,65,25,28,101,94,74,54"/><U13/><E72/><V127/><F119/><W41/><G3/><T15/><D117/><U35/><E35/><V73/><F34/><W111/><G111/><T129/><D32/><U128/><E122/><V37/><F123/><W68/><G41/><T132/><D0/><U130/><E97/><V33/><F33/><W105/><G105/><N who="2" m="40553" /><F90/><W31/><G19/><N who="0" m="8679" /><D121/><U57/><E14/><V30/><F30/><W61/><G71/><T81/><D115/><U82/><REACH who="1" step="1"/><E57/><REACH who="1" ten="224,492,47,227" step="2"/><V1/><F73/><W112/><G74/><T118/><D118/><U113/><E113/><V70/><F70/><W131/><G112/><T63/><D110/><U62/><E62/><V21/><F60/><W125/><G61/><T43/><D63/><U47/><E47/><V59/><F1/><W58/><G58/><T92/><D44/><U93/><E93/><V120/><F59/><W6/><G94/><T98/><D92/><U91/><E91/><V108/><F120/><W12/><G12/><T23/><D98/><U56/><E56/><V116/><F108/><W78/><G68/><T99/><D99/><U48/><E48/><V11/><F116/><W107/><G107/><T96/><D96/><U95/><E95/><V77/><F77/><W86/><G78/><T29/><D81/><U89/><E89/><V109/><F76/><W84/><G51/><T39/><D80/><U24/><E24/><V4/><F109/><W38/><G79/><T100/><D100/><U7/><E7/><V2/><F4/><W66/><G102/><T103/><D103/><U45/><E45/><V114/><F114/><RYUUKYOKU ba="1,1" sc="224,-10,492,30,47,-10,227,-10" hai1="5,10,13,42,46,49,64,67,82,85,88,128,130" /><INIT seed="1,2,1,2,5,19" ten="214,522,37,217" oya="1" hai0="25,48,1,106,125,61,30,45,31,12,8,0,92" hai1="64,28,32,97,95,34,44,47,72,71,20,16,93" hai2="5,9,4,70,37,29,17,15,50,107,84,11,110" hai3="24,99,49,81,124,114,67,63,23,85,59,122,75"/><U2/><E72/><V35/><F37/><W76/><G124/><T103/><D106/><U10/><E93/><V73/><F73/><W134/><G134/><T127/><D61/><U82/><E82/><V80/><F70/><W91/><G122/><T54/><D31/><U109/><E109/><V66/><F107/><W120/><G120/><T128/><D128/><U118/><E118/><V55/><F66/><W126/><G114/><T36/><D36/><U43/><E64/><V13/><F110/><W3/><G3/><T119/><D127/><U27/><E71/><V104/><F104/><W88/><G126/><T108/><D125/><U102/><E44/><V41/><F41/><W130/><G130/><T90/><D103/><U22/><E10/><V112/><F112/><W77/><G99/><T21/><D119/><U116/><E2/><V113/><F113/><W100/><G100/><T123/><D123/><U39/><E116/><V62/><F62/><W51/><G76/><T7/><REACH who="0" step="1"/><D108/><REACH who="0" ten="204,522,37,217" step="2"/><U94/><E94/><V111/><F111/><W132/><G132/><T89/><D89/><N who="3" m="34377" /><G75/><T33/><D33/><U58/><E58/><V101/><F35/><W105/><G105/><T129/><D129/><U42/><E42/><V56/><F101/><W133/><G133/><T52/><D52/><U46/><E46/><V53/><F53/><W115/><G115/><T78/><D78/><U117/><E117/><V135/><F135/><W121/><G121/><T131/><D131/><U83/><E83/><V26/><F80/><W87/><G87/><AGARI ba="2,2" hai="0,1,7,8,12,21,25,30,45,48,54,87,90,92" machi="87" ten="30,3900,0" yaku="1,1,7,1,52,1,53,0" doraHai="19" doraHaiUra="79" who="0" fromWho="3" sc="204,65,522,0,37,0,217,-45" /><INIT seed="2,0,0,0,0,132" ten="269,522,37,172" oya="2" hai0="114,103,56,91,117,3,134,17,130,58,55,101,42" hai1="32,36,66,127,104,65,13,29,35,76,26,80,131" hai2="50,43,28,94,115,81,78,11,69,48,119,23,16" hai3="1,82,57,63,133,105,37,99,31,47,125,126,45"/><V121/><F115/><W24/><G1/><T52/><D114/><U14/><E104/><V53/><F119/><W87/><G133/><T22/><D3/><U84/><E36/><V90/><F121/><W86/><G105/><T100/><D134/><U118/><E118/><V83/><F69/><W41/><G99/><T135/><D135/><U68/><E35/><V109/><F109/><W96/><G96/><T44/><D91/><U5/><E131/><V112/><F112/><W51/><G47/><T4/><D4/><U21/><E68/><V107/><F107/><W30/><G37/><T120/><D117/><U128/><E128/><V7/><F28/><W98/><G98/><T62/><D130/><U71/><E71/><V2/><F43/><W61/><G31/><T27/><D120/><U60/><E60/><N who="3" m="23114" /><G57/><N who="0" m="35111" /><D42/><U77/><E77/><V33/><F33/><N who="3" m="20679" /><G82/><T123/><D123/><U124/><E32/><V111/><F111/><W75/><G75/><T67/><D67/><N who="1" m="25611" /><E5/><V108/><F108/><W49/><G49/><AGARI ba="0,0" hai="17,22,27,44,49,55,56,58,100,101,103" m="35111" machi="49" ten="30,2000,0" yaku="8,1,54,1" doraHai="132" who="0" fromWho="3" sc="269,20,522,0,37,0,172,-20" /><INIT seed="3,0,0,2,0,99" ten="289,522,37,152" oya="3" hai0="98,129,53,102,89,60,6,51,20,29,106,112,71" hai1="50,86,104,68,63,33,135,108,76,80,62,21,130" hai2="124,16,37,94,126,7,77,95,79,52,47,8,56" hai3="46,97,14,132,123,64,125,100,84,27,12,59,69"/><W103/><G123/><T39/><D129/><U117/><E33/><V31/><F31/><W38/><G69/><T55/><D39/><U119/><E104/><V41/><F7/><W128/><G38/><T116/><D116/><U83/><E130/><V34/><F34/><W19/><G128/><T82/><D6/><U91/><E135/><V92/><F79/><W134/><G125/><T18/><D29/><U9/><E9/><V48/><REACH who="2" step="1"/><F77/><REACH who="2" ten="289,522,27,152" step="2"/><W101/><G132/><T72/><D112/><U40/><E108/><V17/><F17/><W54/><G134/><T43/><D18/><U49/><E68/><V32/><F32/><W23/><G19/><T85/><D20/><U5/><E5/><V11/><F11/><W73/><G23/><T22/><D22/><U24/><E119/><V70/><F70/><W4/><G4/><T30/><D30/><N who="1" m="17679" /><E117/><V90/><F90/><W114/><G114/><T96/><D89/><U118/><E118/><V66/><F66/><W87/><G64/><T115/><D71/><U3/><E3/><V61/><F61/><N who="1" m="23049" /><E40/><V88/><F88/><W111/><G111/><T113/><D82/><N who="1" m="49623" /><E76/><V75/><F75/><W58/><G73/><T133/><D72/><U109/><E109/><V45/><F45/><W105/><G46/><T131/><D133/><U57/><E57/><V78/><F78/><W28/><G59/><T122/><D122/><U10/><E10/><V2/><F2/><W127/><G28/><T81/><D113/><U107/><E107/><V93/><N who="2" m="23552" /><DORA hai="74" /><V65/><F65/><W26/><G105/><T35/><D106/><RYUUKYOKU ba="0,1" sc="289,-15,522,15,27,15,152,-15" hai1="49,50,80,83" hai2="8,16,37,41,47,48,52,56,124,126" owari="274,7.4,547,64.7,42,-45.8,137,-26.3" /></mjloggm>