<mjloggm ver="2.3"><GO type="225" lobby="0"/><UN n0="%6E%69%63%6F%6E%74%6F" n1="%E3%83%A9%E3%83%BC%E3%83%A1%E3%83%B3%E4%BA%94%E9%83%8E" n2="%E4%BB%A5%E5%A5%B3%E7%A5%9E%E4%B9%8B%E5%90%8D%E8%A8%B1%E9%A1%98" n3="%E6%9C%88%E5%B3%B6%E5%9F%BA" dan="16,16,16,17" rate="2097.01,2104.90,2022.76,2220.90" sx="M,M,M,M"/><TAIKYOKU oya="0"/><INIT seed="0,0,0,3,4,99" ten="250,250,250,250" oya="0" hai0="27,117,84,126,39,54,29,41,35,85,34,107,53" hai1="12,122,15,88,57,22,60,47,17,129,71,56,134" hai2="9,70,64,42,125,120,108,16,0,55,28,130,102" hai3="10,1,96,24,128,40,52,94,80,103,123,3,109"/><T65/><D65/><BYE who="0" /><UN n0="%6E%69%63%6F%6E%74%6F" /><U98/><E122/><V110/><F120/><W87/><G123/><T105/><D117/><U13/><E129/><V61/><F130/><W132/><G128/><T4/><D126/><U113/><E134/><V2/><F125/><W115/><G115/><T5/><D27/><U67/><E113/><V63/><F42/><W133/><G109/><N who="2" m="42089" /><F28/><W119/><G119/><T97/><D41/><U82/><E47/><V43/><F43/><W74/><G74/><T91/><D97/><U48/><E71/><V135/><F102/><W75/><G75/><T69/><D29/><U106/><E106/><V20/><F9/><W21/><G40/><T124/><D124/><U49/><E82/><V95/><F95/><W118/><G118/><T32/><D32/><U7/><E7/><V101/><F101/><W25/><G10/><T114/><D114/><U18/><E57/><N who="2" m="35007" /><F135/><W23/><G132/><T112/><D112/><U116/><E116/><V59/><F59/><W72/><G133/><T19/><D91/><U100/><E100/><V51/><F51/><N who="1" m="19529" /><E22/><V81/><F81/><W45/><G23/><T104/><D104/><U58/><E58/><V93/><F93/><AGARI ba="0,0" hai="12,13,15,17,18,56,60,67,88,93,98" m="19529" machi="93" ten="30,2000,0" yaku="8,1,54,1" doraHai="99" who="1" fromWho="2" sc="250,0,250,20,250,-20,250,0" /><INIT seed="1,0,0,2,5,114" ten="250,270,230,250" oya="1" hai0="33,129,89,82,31,98,21,11,26,39,78,25,40" hai1="38,128,73,130,27,132,46,105,17,42,120,122,23" hai2="87,10,116,14,49,109,37,126,77,32,127,123,103" hai3="0,119,117,112,44,6,91,34,55,19,48,96,72"/><U51/><E105/><V79/><F37/><W24/><G112/><T80/><D129/><N who="1" m="49771" /><E73/><V121/><F32/><W84/><G72/><T69/><D69/><U85/><E132/><V104/><F109/><W18/><G96/><T92/><D39/><U9/><E85/><V20/><F116/><N who="3" m="44619" /><G6/><T54/><D40/><U53/><E9/><V65/><F121/><W135/><G0/><T8/><D54/><U113/><E113/><V4/><F123/><W62/><G135/><T64/><D64/><U3/><E3/><V97/><F65/><W86/><G62/><T107/><D107/><U47/><AGARI ba="0,0" hai="17,23,27,38,42,46,47,51,53,120,122" m="49771" machi="47" ten="30,1500,0" yaku="19,1" doraHai="114" who="1" fromWho="1" sc="250,-5,270,15,230,-5,250,-5" /><INIT seed="1,1,0,1,5,54" ten="245,285,225,245" oya="1" hai0="69,87,48,71,41,77,8,22,75,18,113,67,17" hai1="11,12,42,47,1,21,108,31,52,2,74,33,14" hai2="84,79,91,27,29,129,116,102,16,98,76,118,112" hai3="114,73,81,99,35,82,125,43,127,55,5,25,92"/><U45/><E74/><V132/><F132/><W101/><G114/><T96/><D113/><U56/><E33/><V62/><F129/><W103/><G43/><T40/><D75/><U38/><E47/><V6/><F6/><W46/><G5/><T64/><D71/><U66/><E66/><N who="0" m="25129" /><D69/><U59/><E108/><V89/><F112/><W65/><G65/><T15/><D96/><U61/><E14/><V3/><F3/><W7/><G7/><T122/><D122/><U4/><REACH who="1" step="1"/><E59/><REACH who="1" ten="245,275,225,245" step="2"/><V51/><F116/><W111/><G46/><N who="0" m="25671" /><D41/><U131/><E131/><V0/><F118/><W135/><G73/><T130/><D130/><U28/><E28/><V100/><F29/><W120/><G111/><T121/><D121/><U49/><E49/><V104/><F51/><W57/><G120/><T60/><D60/><U85/><E85/><V93/><F62/><W133/><G35/><T107/><D87/><U24/><AGARI ba="1,1" hai="1,2,4,11,12,21,24,31,38,42,45,52,56,61" machi="24" ten="30,12000,1" yaku="1,1,0,1,52,1,54,1,53,1" doraHai="54" doraHaiUra="36" who="1" fromWho="1" sc="245,-41,275,133,225,-41,245,-41" /><INIT seed="1,2,0,2,5,20" ten="204,408,184,204" oya="1" hai0="88,43,90,51,77,92,121,34,27,93,114,122,83" hai1="54,38,60,107,126,50,2,84,25,26,133,45,28" hai2="13,21,135,66,120,129,48,46,73,91,63,37,18" hai3="98,39,80,127,119,30,76,108,79,116,57,52,9"/><U104/><E2/><V17/><F120/><N who="0" m="46186" /><D114/><U14/><E38/><V86/><F73/><W15/><G39/><T32/><D93/><U56/><E28/><V128/><F37/><W4/><G108/><T49/><D34/><U3/><E3/><V106/><F106/><W36/><G36/><T59/><D59/><U81/><E126/><V10/><F135/><W87/><G127/><T68/><D68/><U8/><E133/><V69/><F91/><N who="0" m="34858" /><D92/><U95/><E95/><V44/><F86/><W40/><G98/><T58/><D58/><U61/><E107/><V96/><F96/><W131/><G116/><T33/><D33/><U110/><E104/><V111/><F111/><W0/><G119/><T41/><D41/><N who="1" m="24879" /><E61/><V62/><F63/><W29/><G40/><T1/><D43/><U72/><E72/><V82/><F82/><W132/><G132/><T112/><D1/><U97/><E97/><V11/><F48/><N who="3" m="30855" /><G0/><T47/><D47/><U19/><E110/><V94/><F94/><W118/><G118/><T85/><D112/><U16/><E81/><V6/><F46/><W74/><G74/><T78/><D78/><U55/><E84/><V70/><F44/><W100/><G79/><T71/><D71/><U130/><E56/><V31/><F69/><W117/><G117/><T113/><D113/><U24/><E60/><V123/><F123/><W109/><G109/><T101/><D101/><U64/><E64/><V23/><F70/><W67/><G67/><T53/><D53/><U65/><E55/><V35/><F66/><W124/><G124/><T103/><D103/><RYUUKYOKU ba="2,0" sc="204,30,408,-10,184,-10,204,-10" hai0="27,32,49,51,77,83,85" /><INIT seed="2,3,0,0,3,79" ten="234,398,174,194" oya="2" hai0="89,31,9,41,6,19,74,8,17,123,23,48,42" hai1="92,11,119,10,95,52,16,63,96,65,132,99,120" hai2="129,126,39,130,51,72,49,2,101,77,54,110,62" hai3="45,84,15,70,14,32,37,22,131,44,94,114,40"/><V0/><F39/><W103/><G32/><T112/><D112/><U73/><E119/><V4/><F126/><W69/><G114/><T36/><D123/><U115/><E73/><V80/><F101/><W100/><G131/><N who="2" m="50185" /><F4/><W134/><G134/><T67/><D36/><U97/><E132/><V90/><F90/><W46/><G37/><T34/><D74/><U25/><E120/><V66/><F110/><W18/><G40/><T29/><D67/><U68/><E115/><V105/><F105/><W116/><G116/><T85/><D34/><U59/><E92/><V121/><F121/><W118/><G118/><T108/><D108/><U43/><E95/><V3/><F54/><W102/><G94/><T81/><D42/><U127/><E127/><V125/><F125/><W98/><G98/><T128/><D128/><U87/><E43/><V33/><F33/><W78/><G100/><T117/><D117/><U26/><E97/><V1/><N who="2" m="0" /><DORA hai="12" /><V76/><F76/><W86/><G102/><T30/><D23/><U28/><E99/><V71/><AGARI ba="3,0" hai="49,51,62,66,71,72,77,80" m="0,50185" machi="71" ten="60,6000,0" yaku="19,1,52,1" doraHai="79,12" who="2" fromWho="2" sc="234,-23,398,-23,174,69,194,-23" /><INIT seed="2,4,0,4,1,0" ten="211,375,243,171" oya="2" hai0="39,24,27,51,21,48,35,100,88,117,45,86,126" hai1="92,116,67,11,101,38,94,89,84,104,109,31,108" hai2="63,61,50,114,131,3,95,121,73,42,1,130,118" hai3="76,113,5,70,71,125,68,44,46,28,97,32,85"/><V6/><F114/><W78/><G113/><T7/><D126/><U34/><E116/><V22/><F118/><W8/><G125/><T2/><D117/><U112/><E112/><V129/><F73/><W17/><G17/><T53/><D100/><U13/><E38/><V69/><F121/><W40/><G97/><T107/><D107/><U15/><E104/><V99/><F22/><W90/><G28/><T127/><D127/><U81/><E67/><V23/><F23/><W43/><G32/><T19/><D35/><U133/><E133/><V47/><F69/><W87/><G90/><T64/><D64/><U10/><E101/><N who="2" m="60671" /><F1/><W80/><G80/><T120/><D120/><U55/><E31/><V135/><F135/><W93/><G93/><N who="1" m="35946" /><E34/><V16/><F16/><W18/><G18/><T57/><D39/><U20/><E109/><V54/><F42/><W25/><G25/><T105/><D105/><U91/><E108/><V65/><F65/><W66/><G66/><T62/><D27/><U77/><E20/><V14/><F3/><W12/><G85/><T83/><REACH who="0" step="1"/><D45/><REACH who="0" ten="201,375,243,171" step="2"/><U122/><E122/><V98/><F47/><W123/><G123/><T132/><D132/><U110/><E110/><V96/><F129/><W56/><G46/><T60/><D60/><N who="2" m="23114" /><F130/><W33/><G33/><T82/><D82/><U79/><E81/><V26/><F26/><W124/><G44/><T9/><AGARI ba="4,1" hai="2,7,9,19,21,24,48,51,53,57,62,83,86,88" machi="9" ten="30,7900,0" yaku="1,1,0,1,52,1,54,1,53,0" doraHai="0" doraHaiUra="134" who="0" fromWho="0" sc="201,101,375,-24,243,-43,171,-24" /><INIT seed="3,0,0,3,2,70" ten="302,351,200,147" oya="3" hai0="60,62,3,85,116,78,74,43,129,25,53,46,94" hai1="34,39,101,32,31,21,121,58,33,5,107,69,61" hai2="103,7,10,59,117,92,29,68,24,15,36,93,75" hai3="19,82,52,42,88,110,80,2,23,35,91,50,14"/><W6/><G35/><T22/><D129/><U128/><E39/><V126/><F68/><W73/><G110/><T37/><D116/><U12/><E121/><V64/><F75/><W48/><G2/><T125/><D125/><U124/><E128/><V119/><F126/><W66/><G66/><T47/><D3/><U111/><E111/><V122/><F122/><W104/><G104/><T112/><D74/><U97/><E124/><V90/><F36/><W108/><G108/><T131/><D131/><U57/><E57/><V1/><F1/><W105/><G105/><T44/><D44/><U134/><E58/><V89/><F103/><W28/><G73/><T51/><D112/><U0/><E134/><V100/><F100/><W27/><G6/><T45/><D45/><U135/><E21/><N who="2" m="15503" /><F117/><W65/><G65/><T106/><D106/><U102/><E12/><V38/><F38/><W115/><G115/><T98/><D85/><U86/><E86/><V72/><F72/><W120/><G120/><T41/><D78/><U71/><E61/><N who="2" m="37951" /><F119/><W76/><G42/><T83/><D83/><N who="3" m="31785" /><G76/><T56/><D43/><U96/><E107/><V113/><F113/><W130/><G130/><T133/><D133/><U18/><E135/><V67/><F67/><W118/><G118/><T114/><D114/><U123/><E0/><V8/><F8/><N who="3" m="6599" /><G52/><T16/><D47/><U26/><E123/><V77/><F77/><W81/><N who="3" m="31793" /><W63/><DORA hai="84" /><G63/><T11/><D11/><U109/><E109/><V79/><F79/><W17/><G28/><T132/><D132/><U13/><E34/><RYUUKYOKU ba="0,0" sc="302,10,351,-30,200,10,147,10" hai0="16,22,25,37,41,46,51,53,56,60,62,94,98" hai2="7,10,15,89,90,92,93" hai3="17,23,27,48,50,88,91" /><INIT seed="3,1,0,4,5,27" ten="312,321,210,157" oya="3" hai0="78,51,39,74,86,68,99,29,23,49,38,75,107" hai1="25,8,95,122,37,126,77,98,90,111,56,16,81" hai2="28,59,83,36,104,45,19,102,89,2,20,42,112" hai3="100,88,1,73,71,17,14,34,46,70,21,7,113"/><W110/><G113/><T129/><D68/><U64/><E122/><V84/><F112/><W63/><G73/><T120/><D120/><U124/><E111/><V103/><F2/><W57/><G110/><T47/><D107/><U108/><E108/><V130/><F130/><W66/><G34/><T11/><D129/><U31/><E37/><V9/><F9/><W58/><G100/><T10/><D99/><U15/><E56/><V85/><F28/><W62/><G46/><T55/><D39/><U134/><E64/><V79/><F59/><W101/><G101/><T32/><D32/><U121/><E134/><V80/><F104/><W24/><G1/><T135/><D38/><U97/><E97/><V33/><F33/><W117/><G117/><T5/><D135/><U118/><E118/><V43/><F43/><W40/><G40/><N who="0" m="24807" /><D5/><U123/><E123/><V30/><F30/><W91/><G71/><T125/><D125/><N who="1" m="48235" /><E121/><V26/><AGARI ba="1,0" hai="19,20,26,36,42,45,79,80,83,84,85,89,102,103" machi="26" ten="20,1500,0" yaku="0,1,7,1" doraHai="27" who="2" fromWho="2" sc="312,-5,321,-5,210,18,157,-8" owari="307,10.7,316,41.6,228,-17.2,149,-35.1" /></mjloggm>