<mjloggm ver="2.3"><GO type="225" lobby="0"/><UN n0="%E3%83%81%E3%83%83%E3%82%BF%E3%82%BD%E3%83%BC" n1="%E5%8F%AF%E5%85%90%E9%82%A3%E7%94%B1%E5%A4%9A" n2="%E6%A1%9C%E8%8A%B1%E9%96%83%E3%80%85" n3="%E3%83%96%E3%83%83%E3%83%91%E3%82%AA%E3%83%96%E3%83%81%E3%82%AD%E3%83%B3" dan="16,16,17,17" rate="2187.40,2083.71,2177.80,2226.50" sx="F,F,M,M"/><TAIKYOKU oya="0"/><INIT seed="0,0,0,1,5,77" ten="250,250,250,250" oya="0" hai0="98,83,54,51,52,33,28,22,10,81,116,96,14" hai1="8,117,132,24,62,38,120,41,135,106,70,20,43" hai2="67,45,100,57,112,103,19,35,37,18,42,129,125" hai3="26,82,127,60,74,104,111,4,48,84,34,93,85"/><T80/><D33/><U130/><E117/><V39/><F112/><W134/><G104/><T124/><D124/><U109/><E120/><V110/><F35/><W118/><G118/><T122/><D122/><U86/><E109/><V99/><F110/><W0/><G111/><T90/><D116/><U68/><E130/><V73/><F125/><W76/><G127/><T66/><D66/><U92/><E106/><V61/><F129/><W30/><G134/><N who="1" m="51242" /><E8/><V2/><F2/><W123/><G123/><T7/><D90/><N who="1" m="53335" /><E38/><V40/><F73/><W59/><G48/><T9/><D9/><U107/><E107/><V97/><F67/><W29/><G29/><T69/><D69/><N who="1" m="26731" /><E62/><V46/><F61/><W44/><G44/><N who="0" m="27751" /><D54/><U95/><E95/><V47/><F45/><W115/><G93/><T102/><D102/><U50/><E50/><V105/><F105/><W53/><REACH who="3" step="1"/><G115/><REACH who="3" ten="250,250,250,240" step="2"/><T79/><D79/><U32/><E32/><V58/><AGARI ba="0,1" hai="18,19,37,39,40,42,46,47,57,58,97,99,100,103" machi="58" ten="25,3200,0" yaku="0,1,22,2" doraHai="77" who="2" fromWho="2" sc="250,-16,250,-8,250,42,240,-8" /><INIT seed="1,0,0,4,2,11" ten="234,242,292,232" oya="1" hai0="10,97,108,131,59,31,79,51,95,50,96,85,114" hai1="104,133,1,81,36,73,87,130,75,6,63,8,19" hai2="125,25,7,5,71,15,55,13,14,118,86,12,66" hai3="117,119,56,28,74,62,123,67,43,70,2,92,124"/><U77/><E104/><V33/><F118/><N who="3" m="45067" /><G123/><T24/><D108/><U94/><E130/><V21/><F125/><W26/><G124/><T65/><D131/><U100/><E133/><V30/><F55/><W109/><G109/><T111/><D111/><U68/><E36/><V29/><F86/><W116/><N who="3" m="45075" /><W37/><DORA hai="64" /><G74/><T35/><D114/><U61/><E61/><V134/><F134/><W101/><G2/><T128/><D128/><U49/><E49/><V40/><F40/><W89/><G101/><T121/><D121/><U0/><E0/><V58/><F71/><W122/><G122/><T88/><D10/><U84/><E19/><N who="2" m="10495" /><F58/><W91/><G92/><T93/><D65/><U53/><E53/><V126/><F66/><W112/><G56/><T44/><D59/><U83/><E63/><V38/><F38/><W45/><G112/><T27/><D44/><U47/><E47/><V34/><F126/><W52/><G52/><T9/><D50/><U127/><E127/><V18/><F18/><W16/><G16/><T41/><D51/><U106/><E94/><V103/><F103/><W60/><G60/><T32/><D41/><U46/><E46/><V98/><F98/><W57/><G57/><T120/><D120/><U39/><E39/><V90/><F5/><W48/><G37/><T4/><D4/><U54/><E54/><V110/><F7/><W76/><G76/><T22/><D79/><N who="1" m="46207" /><E68/><V80/><F110/><W42/><G42/><T115/><D115/><U99/><E77/><V72/><F72/><W23/><AGARI ba="0,0" hai="23,26,28,43,45,48,62,67,70,89,91" m="45075" machi="23" ten="40,2700,0" yaku="12,1,52,1" doraHai="11,64" who="3" fromWho="3" sc="234,-7,242,-13,292,-7,232,27" /><INIT seed="2,0,0,1,1,93" ten="227,229,285,259" oya="2" hai0="83,99,105,3,46,51,50,127,130,24,17,19,74" hai1="97,72,48,49,132,65,128,125,79,6,100,37,82" hai2="59,30,4,85,119,53,0,27,54,126,62,69,87" hai3="55,25,32,8,75,76,121,129,98,61,58,131,29"/><V112/><F112/><W114/><G121/><T47/><D3/><U110/><E37/><V63/><F119/><W44/><G114/><T133/><D127/><U31/><E125/><V20/><F126/><W67/><G8/><T106/><D133/><U96/><E132/><V123/><F123/><W36/><G75/><T60/><D130/><N who="3" m="49673" /><G76/><T108/><D108/><U28/><E128/><V80/><F69/><W52/><G98/><T66/><D83/><U13/><E110/><V122/><F122/><W135/><G135/><T78/><D78/><U57/><E48/><V43/><F43/><AGARI ba="0,0" hai="25,29,32,36,43,44,52,55,58,61,67" m="49673" machi="43" ten="30,2000,0" yaku="19,1,54,1" doraHai="93" who="3" fromWho="2" sc="227,0,229,0,285,-20,259,20" /><INIT seed="3,0,0,2,0,76" ten="227,229,265,279" oya="3" hai0="10,68,79,52,17,7,125,82,65,57,97,14,132" hai1="51,1,42,19,11,107,90,119,27,49,93,111,95" hai2="48,2,92,9,112,94,53,24,113,84,36,127,59" hai3="122,89,96,69,101,109,20,106,21,64,74,60,88"/><W86/><G122/><T81/><D125/><U61/><E107/><V54/><F127/><W4/><G74/><T98/><D132/><U131/><E111/><V45/><F24/><W105/><G109/><T99/><D65/><U133/><E133/><V25/><F25/><W117/><G117/><T63/><D68/><U16/><E131/><V130/><F130/><W115/><G115/><T129/><D129/><U15/><E1/><V56/><F36/><W134/><G134/><T44/><D44/><U118/><E61/><V46/><F2/><W103/><G4/><T41/><D41/><U110/><E110/><V18/><F18/><W13/><G13/><N who="0" m="5343" /><D79/><U32/><E95/><V91/><F9/><AGARI ba="0,0" hai="9,14,17,52,57,63,81,82,97,98,99" m="5343" machi="9" ten="30,7700,0" yaku="8,1,52,2,54,1" doraHai="76" who="0" fromWho="2" sc="227,77,229,0,265,-77,279,0" owari="304,40.4,229,-17.1,188,-31.2,279,7.9" /></mjloggm>