<mjloggm ver="2.3"><GO type="225" lobby="0"/><UN n0="%E3%83%B4%E3%83%A0%EF%BC%99%E3%81%A6" n1="%E5%B8%86%E7%AB%8B%E5%A4%8F%E8%A1%A3" n2="%E5%91%A8%E6%9D%B1" n3="%E3%83%A9%E3%83%96%E3%83%AC%E3%83%BC" dan="16,17,17,16" rate="2155.83,2197.89,2133.79,2136.88" sx="M,M,M,M"/><TAIKYOKU oya="0"/><INIT seed="0,0,0,3,1,64" ten="250,250,250,250" oya="0" hai0="87,25,31,29,55,92,133,10,61,125,45,21,27" hai1="124,16,74,46,43,9,93,91,85,98,84,34,79" hai2="103,33,132,105,2,72,39,1,49,107,23,17,73" hai3="57,0,50,11,76,75,120,94,101,7,24,99,69"/><T44/><D125/><U81/><E124/><V59/><F39/><W13/><G120/><T118/><D118/><U86/><E34/><V88/><F33/><W78/><G75/><T40/><D133/><U89/><E9/><V19/><F132/><W123/><G69/><T28/><D10/><U53/><E53/><V42/><F103/><W38/><G38/><T6/><D6/><U111/><E111/><V15/><F42/><W83/><G0/><T122/><D122/><U65/><E65/><V47/><F47/><W48/><G83/><T54/><D29/><U130/><E16/><V135/><F135/><W128/><G128/><T80/><D92/><U108/><E130/><V20/><F59/><W112/><G112/><T104/><D104/><U126/><E108/><V22/><F49/><N who="3" m="19051" /><G24/><T68/><D44/><U32/><E32/><V8/><F8/><W71/><G71/><T109/><D109/><U96/><E43/><V52/><F23/><W113/><G113/><T95/><D95/><N who="1" m="56431" /><E46/><V77/><F77/><N who="3" m="29803" /><G123/><T4/><D45/><U18/><E18/><V5/><F5/><N who="3" m="3311" /><G57/><T70/><D4/><AGARI ba="0,0" hai="4,7,94,99,101" m="3311,29803,19051" machi="4" ten="30,1000,0" yaku="8,1" doraHai="64" who="3" fromWho="0" sc="250,-10,250,0,250,0,250,10" /><INIT seed="1,0,0,4,5,85" ten="240,250,250,260" oya="1" hai0="107,98,55,14,29,60,100,108,135,56,30,121,111" hai1="61,69,112,9,28,75,106,57,47,41,92,126,122" hai2="53,42,11,133,71,77,22,80,81,48,0,31,115" hai3="52,4,104,66,129,113,134,32,70,90,89,37,101"/><U54/><E106/><V118/><F115/><W33/><G37/><T128/><D135/><U96/><E75/><V125/><F133/><W127/><G134/><T13/><D128/><U93/><E126/><V27/><F125/><W46/><G127/><T45/><D121/><U21/><E122/><V114/><F114/><W86/><G104/><T131/><D131/><U35/><E112/><V5/><F71/><W38/><G38/><T116/><D116/><U95/><E69/><V83/><F42/><W132/><G70/><T72/><D72/><U88/><E35/><V99/><F99/><W97/><G113/><T109/><REACH who="0" step="1"/><D45/><REACH who="0" ten="230,250,250,260" step="2"/><U74/><E74/><V103/><F118/><W63/><G46/><T26/><D26/><N who="1" m="16463" /><E9/><V6/><F6/><W34/><G4/><T67/><D67/><U65/><E41/><V82/><N who="2" m="20480" /><DORA hai="117" /><V120/><F120/><W51/><G66/><T10/><D10/><U62/><E47/><V23/><F77/><W8/><G8/><T49/><D49/><N who="1" m="30927" /><E65/><V24/><F24/><W76/><G51/><T119/><D119/><U50/><E50/><V40/><F40/><W110/><G76/><T105/><D105/><U16/><E16/><V73/><F73/><W12/><G129/><T58/><D58/><U44/><E44/><N who="2" m="27783" /><F22/><W18/><G34/><T124/><D124/><U3/><E3/><V84/><F0/><W2/><G2/><T91/><D91/><N who="3" m="34825" /><G33/><T25/><D25/><U102/><E102/><V87/><F103/><W19/><G101/><T94/><D94/><AGARI ba="0,1" hai="61,62,88,92,93,94,95,96" m="30927,16463" machi="94" ten="30,5800,0" yaku="8,1,52,1,54,1" doraHai="85,117" who="1" fromWho="0" sc="230,-58,250,68,250,0,260,0" /><INIT seed="1,1,0,5,5,38" ten="172,318,250,260" oya="1" hai0="31,99,37,102,60,117,27,91,54,57,66,105,56" hai1="77,92,82,43,69,14,11,113,7,85,134,63,119" hai2="123,9,71,61,110,95,21,84,88,78,49,126,118" hai3="65,26,81,35,18,104,86,131,127,42,48,58,30"/><U22/><E113/><V111/><F118/><W130/><G104/><T52/><D117/><U115/><E119/><V74/><F123/><W29/><G65/><T67/><D37/><U80/><E115/><V1/><F126/><W2/><G2/><T24/><D91/><U108/><E134/><V133/><F133/><W73/><G73/><T98/><D98/><U68/><E108/><N who="2" m="41515" /><F21/><N who="3" m="13623" /><G58/><T40/><D40/><U8/><E92/><V122/><F122/><W19/><G19/><T87/><D87/><U64/><E11/><V47/><F74/><W28/><G35/><T15/><D15/><U16/><E80/><N who="2" m="47127" /><F61/><W101/><G101/><T0/><D0/><U34/><E34/><V5/><F71/><W132/><G127/><T75/><D75/><U120/><E120/><V96/><F49/><W3/><G3/><T25/><REACH who="0" step="1"/><D31/><REACH who="0" ten="162,318,250,260" step="2"/><U124/><E124/><V79/><F79/><N who="3" m="46399" /><G132/><T116/><D116/><U97/><E97/><V44/><AGARI ba="1,1" hai="1,5,9,44,47,88,95,96" m="47127,41515" machi="44" ten="30,2000,0" yaku="14,1,54,1" doraHai="38" who="2" fromWho="2" sc="162,-6,318,-11,250,33,260,-6" /><INIT seed="2,0,0,0,4,126" ten="156,307,283,254" oya="2" hai0="41,75,19,96,18,13,100,20,122,106,66,114,5" hai1="43,8,123,61,98,117,21,12,67,64,91,97,81" hai2="1,112,51,76,73,133,30,54,10,129,107,6,71" hai3="2,94,7,17,27,89,70,69,32,127,56,14,84"/><V134/><F112/><W85/><G127/><T131/><D122/><U111/><E117/><V118/><F118/><W108/><G108/><T35/><D114/><U33/><E33/><V105/><F30/><W15/><G32/><T26/><D75/><U28/><E111/><V49/><F71/><W86/><G2/><T39/><D5/><U38/><E123/><V77/><F129/><W92/><G27/><T58/><D39/><U53/><E43/><V48/><F54/><W110/><G110/><T113/><D113/><U52/><E38/><V37/><F37/><W104/><G104/><N who="2" m="40009" /><F73/><W115/><G115/><T121/><D121/><U46/><E21/><V88/><F88/><W103/><G56/><T62/><D41/><U72/><E28/><V124/><F124/><W87/><G103/><T65/><D65/><U101/><E101/><V120/><F120/><W47/><G47/><T128/><REACH who="0" step="1"/><D35/><REACH who="0" ten="146,307,283,254" step="2"/><U135/><E67/><V78/><F6/><W83/><G70/><T116/><D116/><U79/><E64/><V31/><F134/><W25/><G69/><T29/><D29/><U44/><E135/><V22/><F133/><W23/><G7/><T119/><D119/><U74/><E74/><V60/><F31/><W68/><G68/><T9/><AGARI ba="0,1" hai="9,13,18,19,20,26,58,62,66,96,100,106,128,131" machi="9" ten="30,7900,0" yaku="1,1,0,1,52,2,53,0" doraHai="126" doraHaiUra="36" who="0" fromWho="0" sc="146,89,307,-20,283,-39,254,-20" /><INIT seed="3,0,0,4,1,69" ten="235,287,244,234" oya="3" hai0="126,8,105,50,0,123,121,91,20,107,118,53,21" hai1="6,16,61,1,72,71,95,48,63,37,103,98,135" hai2="27,100,12,57,80,7,4,117,22,66,104,109,47" hai3="127,33,67,108,30,128,96,88,46,2,14,115,34"/><W120/><G115/><T65/><D118/><U44/><E37/><V74/><F117/><W116/><G116/><T19/><D65/><U93/><E72/><V58/><F109/><W110/><G120/><T124/><D91/><U89/><E135/><V52/><F104/><N who="0" m="40010" /><D8/><U45/><E1/><V13/><F100/><W60/><G2/><T31/><D31/><U90/><E6/><N who="2" m="2091" /><F80/><W49/><G14/><N who="2" m="5737" /><F74/><W129/><G30/><T86/><D86/><N who="1" m="52407" /><E71/><V78/><F78/><W9/><G9/><T25/><D20/><U81/><E16/><N who="2" m="12743" /><F66/><W130/><G33/><T29/><D0/><U70/><E70/><V42/><F42/><N who="3" m="24791" /><G34/><T133/><D19/><U54/><E45/><V99/><F99/><W122/><G122/><T3/><D3/><U85/><AGARI ba="0,0" hai="44,48,54,61,63,81,85,90,95,98,103" m="52407" machi="85" ten="30,1100,0" yaku="8,1" doraHai="69" who="1" fromWho="1" sc="235,-3,287,11,244,-3,234,-5" /><INIT seed="4,0,0,0,4,107" ten="232,298,241,229" oya="0" hai0="51,102,26,126,34,63,62,87,78,88,73,44,127" hai1="30,132,29,72,93,81,32,35,128,4,19,83,14" hai2="11,58,76,43,92,40,74,17,60,65,133,20,12" hai3="24,119,118,59,15,80,99,111,37,16,85,86,106"/><T122/><D122/><U46/><E72/><V82/><F133/><W36/><G111/><T110/><D110/><U21/><E128/><V114/><F114/><W33/><G59/><T66/><D102/><U91/><E132/><V121/><F121/><W129/><G129/><T1/><D1/><U71/><E71/><V90/><REACH who="2" step="1"/><F11/><REACH who="2" ten="232,298,231,229" step="2"/><W49/><G119/><T56/><D126/><U3/><E35/><V123/><F123/><W53/><G33/><T41/><D127/><U100/><E32/><V18/><F18/><W96/><G118/><T55/><D34/><U9/><E9/><V70/><F70/><W89/><G16/><T23/><D73/><U98/><E19/><V79/><F79/><W47/><G24/><T130/><D130/><U10/><E21/><V6/><F6/><W120/><G120/><T22/><D78/><U105/><E30/><V124/><F124/><W135/><G135/><T104/><D26/><U25/><E29/><V84/><AGARI ba="0,1" hai="12,17,20,40,43,58,60,65,74,76,82,84,90,92" machi="84" ten="20,12000,2" yaku="1,1,0,1,7,1,52,1,53,2" doraHai="107" doraHaiUra="39" who="2" fromWho="2" sc="232,-60,298,-30,231,130,229,-30" owari="172,-32.8,268,6.8,361,46.1,199,-20.1" /></mjloggm>