<mjloggm ver="2.3"><GO type="225" lobby="0"/><UN n0="%E7%99%BD%E5%80%89%E5%AF%9B%E4%B9%8B" n1="%E6%A0%B9%E5%85%83%E3%81%8B%E3%82%89%E5%90%B9%E3%81%A3%E9%A3%9B%E3%81%B6" n2="%E5%A4%8F%E9%88%B4%E9%88%B4%E5%A4%8F" n3="%E3%80%90%E8%92%BC%E7%90%89%E3%80%91" dan="16,16,16,16" rate="2125.14,2107.19,2119.57,2167.67" sx="M,F,F,F"/><TAIKYOKU oya="0"/><INIT seed="0,0,0,0,4,122" ten="250,250,250,250" oya="0" hai0="115,71,121,86,125,88,40,119,126,35,42,128,33" hai1="59,50,92,49,106,70,62,57,129,68,117,66,41" hai2="75,29,72,53,96,17,23,8,27,124,76,28,91" hai3="44,26,64,118,110,73,52,134,13,58,15,18,65"/><T54/><D121/><U130/><E106/><V99/><F124/><N who="0" m="47722" /><D115/><U43/><E92/><V34/><F29/><W95/><G73/><T38/><D119/><U113/><E113/><V114/><F114/><W103/><G118/><T0/><D0/><U112/><E112/><V111/><F111/><W63/><G110/><T12/><D71/><N who="1" m="27179" /><E117/><V16/><F53/><W84/><G134/><T85/><D85/><U61/><E130/><V37/><F37/><W24/><G13/><T81/><D128/><U77/><E77/><V4/><F17/><W25/><G44/><N who="0" m="23575" /><D42/><N who="1" m="15883" /><E129/><V109/><F109/><W98/><REACH who="3" step="1"/><G84/><REACH who="3" ten="250,250,250,240" step="2"/><T55/><D12/><U5/><E5/><V90/><F75/><W120/><G120/><T11/><D11/><AGARI ba="0,1" hai="11,15,18,24,25,26,52,58,63,64,65,95,98,103" machi="11" ten="40,5200,0" yaku="1,1,8,1,54,1,53,0" doraHai="122" doraHaiUra="105" who="3" fromWho="0" sc="250,-52,250,0,250,0,240,62" /><INIT seed="1,0,0,5,0,82" ten="198,250,250,302" oya="1" hai0="0,31,44,48,83,100,69,76,68,88,94,50,56" hai1="93,21,71,16,85,49,98,133,27,10,119,73,7" hai2="61,39,34,118,62,37,54,95,120,80,14,13,81" hai3="66,12,122,79,89,130,109,40,72,87,15,6,30"/><U108/><E119/><V47/><F34/><W127/><G122/><T22/><D0/><U132/><E73/><V20/><F120/><W129/><G109/><T32/><D32/><U77/><E71/><V60/><F118/><W121/><G121/><T115/><D100/><U135/><E108/><V28/><F95/><W29/><G127/><T5/><D5/><U2/><E49/><N who="2" m="28991" /><F39/><W131/><G66/><T123/><D123/><U23/><E23/><V63/><F37/><W114/><G114/><T106/><D106/><U45/><E45/><V26/><N who="2" m="15360" /><DORA hai="97" /><V116/><F116/><W18/><G40/><T117/><D115/><U70/><E70/><V99/><F99/><W46/><G46/><T24/><D117/><U64/><E64/><V103/><F103/><W75/><G75/><T107/><D107/><U25/><E98/><V59/><F59/><W101/><G101/><T86/><D56/><U111/><E111/><V104/><F104/><W17/><G72/><T53/><REACH who="0" step="1"/><D50/><REACH who="0" ten="188,250,250,302" step="2"/><U126/><E133/><V9/><F13/><W33/><G12/><T105/><D105/><U110/><E110/><V1/><F1/><W78/><G33/><T65/><D65/><U43/><E135/><V134/><F134/><W102/><G102/><T41/><D41/><U3/><E43/><V36/><F36/><W57/><G57/><T90/><D90/><N who="1" m="53455" /><E132/><V19/><AGARI ba="0,1" hai="9,14,19,20,26,28,80,81" m="15360,28991" machi="19" ten="40,1500,0" yaku="8,1" doraHai="82,97" who="2" fromWho="2" sc="188,-4,250,-7,250,25,302,-4" /><INIT seed="2,0,0,3,3,33" ten="184,243,275,298" oya="2" hai0="50,19,30,134,77,25,9,54,5,104,96,102,126" hai1="56,18,95,89,43,82,66,34,116,29,41,11,27" hai2="119,44,131,115,40,85,101,86,117,48,123,3,114" hai3="2,14,76,99,57,91,92,125,70,130,121,106,59"/><V94/><F3/><W84/><G70/><T60/><D134/><U10/><E116/><V53/><F101/><W0/><G121/><T120/><D120/><U72/><E43/><V52/><F123/><W75/><G130/><T35/><D126/><U23/><E41/><V26/><F26/><W79/><G125/><T8/><D77/><U12/><E72/><V128/><F94/><W46/><G46/><T7/><D60/><U132/><E82/><V122/><F86/><W87/><G14/><T6/><REACH who="0" step="1"/><D19/><REACH who="0" ten="174,243,275,298" step="2"/><U93/><E132/><V22/><F122/><W62/><G76/><T110/><D110/><U107/><E107/><V20/><F119/><W127/><G127/><T51/><D51/><U80/><E34/><V74/><F117/><W13/><G106/><T31/><D31/><U133/><E133/><V105/><F105/><W61/><G62/><T81/><D81/><U113/><E80/><V55/><F131/><W36/><G61/><T124/><D124/><U88/><E95/><V135/><F128/><W21/><G79/><T73/><D73/><U16/><E93/><V39/><F74/><W63/><G75/><T28/><D28/><U68/><E29/><V90/><F48/><W17/><G63/><T118/><D118/><U83/><E83/><N who="2" m="49471" /><F135/><W24/><G92/><T38/><D38/><U109/><E109/><V37/><F39/><W78/><G36/><T45/><AGARI ba="0,1" hai="5,6,7,8,9,25,30,35,45,50,54,96,102,104" machi="45" ten="30,4000,0" yaku="1,1,0,1,53,1" doraHai="33" doraHaiUra="97" who="0" fromWho="0" sc="174,50,243,-10,275,-20,298,-10" /><INIT seed="3,0,0,0,3,0" ten="224,233,255,288" oya="3" hai0="60,38,75,26,113,82,86,132,4,103,76,72,23" hai1="95,15,130,134,129,77,65,73,88,91,74,120,123" hai2="56,25,81,54,6,104,50,20,96,62,58,119,7" hai3="126,84,17,16,66,55,80,69,133,124,53,105,85"/><W118/><G118/><T110/><D110/><U3/><E3/><V36/><F36/><W107/><G133/><T117/><D117/><U39/><E39/><V2/><F2/><W115/><G66/><T99/><D38/><U40/><E40/><V45/><F58/><W5/><G5/><N who="2" m="1545" /><F104/><W34/><G80/><T37/><D37/><U102/><E15/><V97/><F81/><W22/><G22/><T116/><D116/><U47/><E47/><V18/><F119/><W121/><G69/><T63/><D132/><U48/><E48/><V8/><F8/><W61/><G61/><T24/><D113/><U64/><E134/><V108/><F108/><W128/><G34/><T13/><D75/><N who="1" m="28683" /><E64/><AGARI ba="0,0" hai="18,20,25,45,50,54,56,62,64,96,97" m="1545" machi="64" ten="30,7700,0" yaku="8,1,52,3" doraHai="0" who="2" fromWho="1" sc="224,0,233,-77,255,77,288,0" owari="224,-17.6,156,-34.4,332,43.2,288,8.8" /></mjloggm>