<mjloggm ver="2.3"><GO type="225" lobby="0"/><UN n0="%E3%83%96%E3%83%83%E3%83%91%E3%82%AA%E3%83%96%E3%83%81%E3%82%AD%E3%83%B3" n1="%E9%80%86%E9%80%A3%E5%B8%AF%E3%81%AE%E9%AC%BC" n2="%E3%81%BF%E3%81%BF%E3%81%9A" n3="%E9%A6%AC%E5%BC%95%E7%81%AB%33" dan="17,16,17,16" rate="2212.89,2069.77,2208.42,2084.32" sx="M,M,M,M"/><TAIKYOKU oya="0"/><INIT seed="0,0,0,5,2,85" ten="250,250,250,250" oya="0" hai0="90,25,68,130,118,73,97,107,93,114,99,55,14" hai1="33,69,46,98,10,76,92,35,103,4,47,37,78" hai2="75,123,67,86,56,41,51,77,18,70,9,19,3" hai3="119,72,8,29,31,48,43,12,45,7,64,102,57"/><T16/><D114/><U91/><E69/><V81/><F123/><W88/><G119/><T23/><D118/><U121/><E121/><V129/><F129/><W66/><G72/><T62/><D130/><U52/><E37/><V60/><F75/><W27/><G102/><T105/><D73/><U74/><E103/><V22/><F3/><W34/><G29/><T71/><D99/><U124/><E124/><V125/><F125/><W96/><REACH who="3" step="1"/><G57/><REACH who="3" ten="250,250,250,240" step="2"/><N who="0" m="35135" /><D14/><U89/><E74/><V122/><F122/><W134/><G134/><T108/><D108/><U24/><E24/><V53/><F9/><W17/><G17/><T44/><D44/><U87/><E35/><V40/><F18/><W11/><G11/><T132/><D132/><U112/><E33/><V115/><F115/><W61/><G61/><T26/><D26/><AGARI ba="0,1" hai="19,22,26,40,41,51,53,56,60,67,70,77,81,86" machi="26" ten="30,1000,0" yaku="7,1" doraHai="85" who="2" fromWho="0" sc="250,-10,250,0,250,20,240,0" /><INIT seed="1,0,0,2,2,49" ten="240,250,270,240" oya="1" hai0="67,82,42,35,54,63,119,120,71,74,18,78,14" hai1="108,134,57,101,122,129,12,34,48,110,28,9,118" hai2="8,50,128,7,89,131,60,4,3,95,24,113,70" hai3="96,64,68,91,53,117,98,6,132,31,51,114,29"/><U115/><E118/><V116/><F116/><W130/><G117/><T97/><D120/><U105/><E122/><V86/><F113/><W17/><G114/><T93/><D119/><U127/><E115/><V26/><F7/><W126/><G130/><N who="2" m="49705" /><F50/><W83/><G126/><T62/><D42/><U65/><E129/><V5/><F5/><W23/><G132/><T121/><D121/><U52/><E134/><V104/><F104/><W30/><G6/><T15/><D35/><U2/><E127/><V46/><F46/><W99/><G64/><AGARI ba="0,0" hai="3,4,8,24,26,60,64,70,86,89,95" m="49705" machi="64" ten="30,1000,0" yaku="19,1" doraHai="49" who="2" fromWho="3" sc="240,0,250,0,270,10,240,-10" /><INIT seed="2,0,0,2,1,135" ten="240,250,280,230" oya="2" hai0="0,24,123,57,119,72,103,61,19,134,87,74,132" hai1="11,9,47,16,102,52,30,111,56,41,38,1,26" hai2="70,93,114,55,63,12,65,122,113,81,125,107,58" hai3="101,14,23,85,44,84,43,118,13,8,95,120,76"/><V32/><F122/><W124/><G120/><T105/><D123/><U131/><E111/><V50/><F107/><W34/><G118/><T121/><D121/><U117/><E131/><V100/><F125/><W86/><G34/><T77/><D119/><U46/><E117/><V6/><F32/><W22/><G76/><T115/><D0/><U7/><E102/><V128/><F128/><W75/><G75/><N who="0" m="28715" /><D19/><U2/><E47/><V99/><REACH who="2" step="1"/><F81/><REACH who="2" ten="240,250,270,230" step="2"/><W67/><G124/><T45/><D105/><U69/><E69/><V78/><F78/><W104/><G104/><T66/><D134/><U25/><E30/><V73/><F73/><W15/><G67/><T49/><D77/><U3/><E16/><V92/><F92/><W130/><G130/><T127/><D66/><U5/><REACH who="1" step="1"/><E1/><REACH who="1" ten="240,240,270,230" step="2"/><V48/><F48/><AGARI ba="0,2" hai="2,3,5,7,9,11,25,26,38,41,46,48,52,56" machi="48" ten="30,12000,2" yaku="1,1,2,1,7,1,9,1,54,1,53,2" doraHai="135" doraHaiUra="35" who="1" fromWho="2" sc="240,0,240,140,270,-120,230,0" /><INIT seed="3,0,0,4,3,98" ten="240,380,150,230" oya="3" hai0="78,15,25,67,110,19,49,44,125,109,20,111,72" hai1="57,51,28,2,69,123,5,135,112,66,91,7,116" hai2="22,59,131,9,74,119,33,40,79,39,24,60,102" hai3="133,76,37,43,31,34,129,12,115,87,105,29,53"/><W106/><G115/><T38/><D125/><U73/><E123/><V134/><F119/><W104/><G129/><T122/><D122/><U88/><E135/><V97/><F134/><W23/><G133/><T124/><D124/><U18/><E73/><V61/><F131/><W35/><G53/><N who="0" m="29863" /><D38/><U77/><E116/><V83/><F33/><W50/><G50/><T81/><D67/><U117/><E112/><V121/><F121/><W36/><G23/><T130/><D130/><U64/><E28/><N who="3" m="10826" /><G87/><T101/><D101/><U55/><E117/><V126/><F126/><W100/><G100/><T8/><D8/><U113/><E113/><V6/><F40/><W89/><G43/><T27/><AGARI ba="0,0" hai="15,19,20,25,27,72,78,81,109,110,111" m="29863" machi="27" ten="40,1500,0" yaku="14,1" doraHai="98" who="0" fromWho="0" sc="240,15,380,-4,150,-4,230,-7" owari="255,5.5,376,47.6,146,-35.4,223,-17.7" /></mjloggm>