<mjloggm ver="2.3"><GO type="225" lobby="0"/><UN n0="%E3%83%81%E3%83%A7%E3%83%99%E3%83%83%E3%82%AF" n1="%E6%81%A5%E6%99%92%E3%81%97" n2="%E7%9A%AE%E3%80%85" n3="%E3%82%A2%E3%83%9E%E3%83%9D%EF%BD%9E%EF%BD%9E%E3%83%A9" dan="16,16,16,17" rate="2089.54,2101.12,2129.56,2056.79" sx="M,M,F,M"/><TAIKYOKU oya="0"/><INIT seed="0,0,0,5,1,12" ten="250,250,250,250" oya="0" hai0="79,38,117,113,45,126,20,62,29,130,125,14,88" hai1="92,31,42,69,21,109,23,13,135,111,105,65,106" hai2="67,63,72,101,32,115,50,58,76,80,87,73,57" hai3="18,47,10,102,82,77,39,132,15,68,70,2,53"/><T19/><D113/><U78/><E135/><V56/><F32/><W0/><G132/><T16/><D117/><U98/><E78/><V131/><F115/><W51/><G39/><T17/><D79/><U110/><E42/><V71/><F131/><W84/><REACH who="3" step="1"/><G102/><REACH who="3" ten="250,250,250,240" step="2"/><T59/><D130/><U37/><E37/><V89/><F101/><W22/><G22/><T60/><D38/><U33/><E23/><V85/><REACH who="2" step="1"/><F50/><REACH who="2" ten="250,250,240,240" step="2"/><W120/><G120/><T122/><D122/><U4/><E33/><V27/><F27/><W93/><G93/><AGARI ba="0,2" hai="56,57,58,63,67,71,72,73,76,80,85,87,89,93" machi="93" ten="40,5200,0" yaku="1,1,53,2" doraHai="12" doraHaiUra="81" who="2" fromWho="3" sc="250,0,250,0,240,72,240,-52" /><INIT seed="1,0,0,0,2,109" ten="250,250,312,188" oya="1" hai0="55,110,115,86,17,34,125,65,120,35,63,53,47" hai1="132,31,62,94,51,124,38,126,58,116,98,93,11" hai2="106,20,83,61,22,133,81,4,118,71,14,85,32" hai3="23,80,103,88,13,26,24,36,105,129,67,16,121"/><U49/><E116/><V33/><F118/><W72/><G121/><T25/><D110/><U107/><E38/><V128/><F106/><W57/><G36/><T108/><D108/><U9/><E132/><V6/><F133/><W77/><G129/><T100/><D125/><N who="1" m="48235" /><E31/><V111/><F111/><W102/><G105/><T135/><D135/><U101/><E94/><V40/><F128/><W21/><G13/><T15/><D100/><U50/><E93/><V7/><F40/><W66/><G88/><T99/><D99/><U78/><E78/><V10/><F71/><W0/><G0/><T5/><D5/><U54/><AGARI ba="0,0" hai="9,11,49,50,51,54,58,62,98,101,107" m="48235" machi="54" ten="30,1500,0" yaku="18,1" doraHai="109" who="1" fromWho="1" sc="250,-5,250,15,312,-5,188,-5" /><INIT seed="1,1,0,0,4,24" ten="245,265,307,183" oya="1" hai0="5,112,90,61,120,28,121,131,16,48,65,70,66" hai1="86,59,69,63,102,12,81,114,106,89,0,32,119" hai2="37,92,34,41,49,42,123,77,3,54,62,100,11" hai3="96,7,129,135,58,110,78,94,30,113,40,95,93"/><U79/><E114/><V44/><F123/><N who="0" m="47178" /><D112/><U25/><E119/><V21/><F34/><W76/><G113/><T27/><D5/><U45/><E0/><V115/><F115/><W134/><G7/><T64/><D131/><U13/><E45/><V51/><F77/><N who="3" m="29803" /><G40/><T1/><D1/><U10/><E89/><V47/><F62/><W39/><G39/><T124/><D124/><U107/><E69/><V88/><F100/><W50/><G50/><T29/><D48/><U126/><E102/><V103/><F103/><N who="3" m="60815" /><G58/><T38/><D38/><U128/><E13/><V9/><F3/><W104/><G30/><N who="0" m="11883" /><D90/><U14/><E126/><V15/><F21/><AGARI ba="1,0" hai="16,21,27,61,64,65,66,70" m="11883,47178" machi="21" ten="30,8000,1" yaku="13,1,52,3,54,1" doraHai="24" who="0" fromWho="2" sc="245,83,265,0,307,-83,183,0" /><INIT seed="2,0,0,5,0,34" ten="328,265,224,183" oya="2" hai0="84,5,2,110,114,113,125,99,43,62,133,95,61" hai1="69,14,37,25,27,68,33,79,59,8,17,30,26" hai2="45,52,129,38,16,66,81,83,92,24,134,77,100" hai3="122,111,3,58,63,55,80,1,82,13,93,118,44"/><V106/><F106/><W126/><G118/><T105/><D105/><U120/><E37/><V70/><F134/><W22/><G122/><T19/><D133/><U71/><E120/><V39/><F129/><W76/><G111/><T98/><D110/><U121/><E121/><V107/><F107/><W47/><G126/><T56/><D125/><U12/><E79/><V104/><F104/><W54/><G93/><T97/><D43/><U75/><E75/><V23/><F83/><W36/><G36/><T41/><D41/><U9/><REACH who="1" step="1"/><E59/><REACH who="1" ten="328,255,224,183" step="2"/><V4/><F70/><W7/><G76/><T109/><D56/><U40/><E40/><V88/><F77/><W31/><G58/><T60/><D109/><U0/><E0/><V29/><F39/><W132/><G132/><T102/><D2/><U74/><E74/><V112/><F38/><W64/><G1/><T20/><D114/><U72/><E72/><V123/><F123/><W15/><G3/><T116/><D113/><U32/><E32/><V128/><F112/><W117/><G117/><T11/><D116/><U89/><E89/><V127/><F127/><W87/><G47/><T51/><D102/><U35/><E35/><V73/><F73/><W90/><G44/><T130/><D130/><U57/><E57/><V115/><F128/><W101/><G101/><T91/><D51/><U42/><E42/><V131/><F131/><W103/><G103/><T67/><D60/><U78/><E78/><V119/><F119/><W10/><G63/><T50/><D50/><U135/><E135/><V53/><F115/><W48/><G48/><RYUUKYOKU ba="0,1" sc="328,-10,255,30,224,-10,183,-10" hai1="8,9,12,14,17,25,26,27,30,33,68,69,71" /><INIT seed="3,1,1,0,5,129" ten="318,285,214,173" oya="3" hai0="65,6,107,132,59,56,105,67,17,31,8,89,98" hai1="135,19,0,55,34,125,130,88,79,43,30,128,38" hai2="109,4,118,35,111,61,45,1,124,94,20,84,81" hai3="49,85,92,73,116,62,76,70,78,32,93,117,24"/><W50/><G73/><T21/><D31/><U83/><E125/><V22/><F35/><W100/><G100/><T5/><D132/><U134/><E0/><V82/><F118/><W77/><G32/><T12/><D107/><U36/><E88/><N who="2" m="53511" /><F124/><W69/><G24/><T9/><D105/><U75/><E55/><V123/><F123/><W16/><G85/><T87/><D98/><U54/><E54/><V18/><F61/><W10/><G62/><T106/><D106/><U104/><E19/><V64/><F45/><W110/><G16/><T122/><D122/><U7/><E7/><N who="0" m="2569" /><D59/><U26/><E104/><V131/><F131/><N who="1" m="50217" /><E43/><V3/><F64/><N who="0" m="24650" /><D56/><U99/><E99/><V95/><F95/><AGARI ba="1,1" hai="8,9,12,17,21,87,89,95" m="24650,2569" machi="95" ten="30,1000,0" yaku="8,1" doraHai="129" who="0" fromWho="2" sc="318,23,285,0,214,-13,173,0" owari="341,44.1,285,8.5,201,-19.9,173,-32.7" /></mjloggm>