<mjloggm ver="2.3"><GO type="225" lobby="0"/><UN n0="%E3%81%AF%E3%82%88%E3%81%8A%E3%81%98%E3%81%95%E3%82%93" n1="%E3%81%99%E3%81%84%E3%81%BE%E3%81%9B%E3%83%BC%E3%82%93" n2="%E3%81%94%E3%83%BC%E3%81%A9%E3%82%93" n3="%E3%81%95%E3%81%8D%E3%81%9F%E3%81%BE%E6%9E%97%E6%AA%8E" dan="17,18,16,16" rate="2154.88,2223.69,2069.73,2145.94" sx="M,M,M,M"/><TAIKYOKU oya="0"/><INIT seed="0,0,0,3,5,0" ten="250,250,250,250" oya="0" hai0="57,87,119,42,107,110,130,24,135,106,32,83,29" hai1="91,114,120,11,53,77,115,111,67,94,84,113,38" hai2="90,128,22,72,89,8,131,7,21,12,60,52,59" hai3="41,73,102,27,117,49,47,25,71,63,86,13,34"/><T74/><D119/><U69/><E120/><V17/><F72/><W80/><G117/><T92/><D130/><N who="2" m="49706" /><F22/><W35/><G73/><T45/><D135/><U3/><E111/><V61/><F61/><W5/><G102/><T85/><D110/><U112/><E38/><V55/><F55/><W118/><G118/><T97/><D57/><U4/><E115/><V70/><F70/><W66/><G35/><T2/><D2/><AGARI ba="0,0" hai="2,7,8,12,17,21,52,59,60,89,90" m="49706" machi="2" ten="30,3900,0" yaku="19,1,52,1,54,1" doraHai="0" who="2" fromWho="0" sc="250,-39,250,0,250,39,250,0" /><INIT seed="1,0,0,0,2,102" ten="211,250,289,250" oya="1" hai0="61,14,20,93,0,123,57,98,19,122,81,68,114" hai1="26,115,40,31,89,76,30,52,45,90,101,55,33" hai2="44,37,96,18,109,27,29,133,66,77,105,106,56" hai3="116,108,67,32,73,70,6,74,63,49,46,100,65"/><U12/><E115/><V126/><F109/><W24/><G108/><T25/><D114/><U75/><E31/><V88/><F77/><W134/><G134/><T94/><D0/><U125/><E125/><V117/><F117/><W110/><G110/><T83/><D68/><U118/><E118/><V135/><F18/><W82/><G116/><T113/><D113/><U41/><E101/><V132/><F126/><W97/><G67/><T9/><D94/><U95/><E40/><N who="2" m="22543" /><F66/><W59/><G6/><T13/><D13/><U121/><E121/><V80/><F56/><W69/><G59/><T58/><D58/><U62/><E90/><V91/><F80/><W64/><G82/><T86/><D86/><U107/><E107/><N who="2" m="40971" /><F96/><W79/><G79/><T127/><D127/><U17/><E62/><V47/><F47/><W3/><G65/><T104/><D104/><U16/><E17/><V60/><F60/><W5/><G63/><T78/><D78/><U28/><E76/><V129/><F129/><W11/><G64/><N who="0" m="38959" /><D123/><U119/><E119/><V21/><AGARI ba="0,0" hai="21,27,29,88,91,132,133,135" m="40971,22543" machi="21" ten="40,8000,1" yaku="20,1,52,3,54,1" doraHai="102" who="2" fromWho="2" sc="211,-20,250,-40,289,80,250,-20" /><INIT seed="2,0,0,0,0,106" ten="191,210,369,230" oya="2" hai0="44,42,127,39,19,17,20,1,47,129,90,16,22" hai1="35,113,97,12,82,130,66,91,62,104,11,81,120" hai2="96,3,122,18,85,30,116,111,43,73,84,100,134" hai3="10,75,95,4,86,112,0,34,51,15,55,108,37"/><V105/><F116/><W110/><G37/><T54/><D1/><U27/><E113/><V126/><F3/><W92/><G112/><T57/><D129/><U117/><E117/><V121/><F43/><W2/><G34/><T87/><D127/><U61/><E130/><V38/><F30/><W128/><G128/><T40/><D44/><U7/><E120/><N who="2" m="46187" /><F18/><W68/><G68/><T41/><D47/><U93/><E104/><V32/><F38/><W67/><G67/><T78/><D78/><U83/><REACH who="1" step="1"/><E66/><REACH who="1" ten="191,200,369,230" step="2"/><V56/><F105/><W98/><G110/><T21/><D39/><U45/><E45/><V94/><F111/><W89/><G108/><T52/><D57/><U65/><E65/><V123/><F56/><W46/><G75/><T135/><D135/><U132/><E132/><V124/><F73/><W131/><G131/><T24/><D24/><U13/><E13/><V70/><F134/><W5/><G5/><T74/><D74/><U14/><E14/><V88/><F126/><W63/><G15/><T31/><D31/><AGARI ba="0,1" hai="7,11,12,27,31,35,61,62,81,82,83,91,93,97" machi="31" ten="40,1300,0" yaku="1,1,53,0" doraHai="106" doraHaiUra="99" who="1" fromWho="0" sc="191,-13,200,23,369,0,230,0" /><INIT seed="3,0,0,0,5,135" ten="178,223,369,230" oya="3" hai0="81,125,0,47,113,48,79,75,106,93,116,103,26" hai1="63,131,92,31,107,83,49,134,44,2,78,42,34" hai2="62,133,119,39,23,50,117,56,1,97,128,90,21" hai3="121,88,16,29,8,53,130,80,59,87,10,109,17"/><W71/><G121/><T51/><D116/><U25/><E107/><V22/><F39/><W12/><G71/><T102/><D0/><U32/><E2/><V112/><F112/><W84/><G130/><T5/><D113/><U95/><E134/><V123/><F133/><W73/><G73/><T57/><D106/><U127/><E34/><V67/><F1/><W91/><G109/><T43/><D5/><U33/><E32/><V124/><F128/><W6/><G29/><T115/><D115/><U65/><E127/><V54/><F124/><W58/><G10/><T105/><D105/><U70/><E131/><V108/><F123/><W98/><G98/><T96/><D26/><U89/><E89/><V28/><F28/><W20/><G53/><T46/><D57/><U101/><E101/><V94/><REACH who="2" step="1"/><F108/><REACH who="2" ten="178,223,359,230" step="2"/><W45/><G45/><AGARI ba="0,1" hai="21,22,23,45,50,54,56,62,67,90,94,97,117,119" machi="45" ten="40,2600,0" yaku="1,1,2,1,53,0" doraHai="135" doraHaiUra="120" who="2" fromWho="3" sc="178,0,223,0,359,36,230,-26" owari="178,-32.2,223,2.3,395,49.5,204,-19.6" /></mjloggm>