<mjloggm ver="2.3"><GO type="225" lobby="0"/><UN n0="%E6%B8%A9%E2%98%85%E6%83%85%E2%98%85%E6%8E%AA%E2%98%85%E7%BD%AE" n1="%E3%83%B4%E3%83%A0%EF%BC%99%E3%81%A6" n2="%33%74%72%65%65" n3="%E3%81%99%E3%81%84%E3%81%BE%E3%81%9B%E3%83%BC%E3%82%93" dan="17,16,16,18" rate="2193.18,2152.67,2154.80,2199.18" sx="M,M,F,M"/><TAIKYOKU oya="0"/><INIT seed="0,0,0,0,1,122" ten="250,250,250,250" oya="0" hai0="26,24,43,123,133,88,14,15,57,25,75,58,110" hai1="130,117,11,87,37,52,73,5,41,35,59,71,134" hai2="97,28,47,107,13,19,31,22,60,84,3,34,89" hai3="49,116,56,104,53,64,98,1,67,38,131,90,100"/><T96/><D123/><U10/><E117/><V69/><F3/><W4/><G116/><T115/><D115/><U70/><E73/><V36/><F34/><W9/><G131/><T91/><D75/><U132/><E35/><V2/><F2/><W0/><G0/><T42/><D133/><N who="1" m="51307" /><E130/><V78/><F78/><W16/><G38/><T82/><D96/><U121/><E121/><V108/><F108/><W74/><G74/><T29/><D29/><U68/><E87/><V127/><F127/><W124/><G124/><T65/><D65/><U105/><E105/><V21/><F21/><W94/><G16/><T6/><D110/><U40/><E5/><V72/><F72/><W12/><G1/><T114/><D114/><U7/><E7/><V27/><F97/><AGARI ba="0,0" hai="4,9,12,49,53,56,64,67,90,94,97,98,100,104" machi="97" ten="30,1000,0" yaku="7,1" doraHai="122" who="3" fromWho="2" sc="250,0,250,0,250,-10,250,10" /><INIT seed="1,0,0,1,0,59" ten="250,250,240,260" oya="1" hai0="105,133,28,33,73,53,6,115,38,56,68,57,89" hai1="60,7,42,88,0,17,86,70,93,67,35,113,71" hai2="27,8,23,41,34,95,43,129,16,111,98,131,124" hai3="106,65,5,15,72,108,87,14,30,55,31,63,51"/><U19/><E113/><V20/><F34/><W46/><G72/><T94/><D115/><U9/><E35/><V112/><F112/><W82/><G108/><T37/><D105/><U123/><E123/><V44/><F111/><W79/><G106/><T21/><D73/><U135/><E135/><V130/><F124/><W132/><G132/><T64/><D33/><U54/><E42/><V52/><F8/><W50/><G51/><T3/><D68/><U99/><E70/><V66/><F66/><W104/><G104/><T107/><D107/><U40/><E40/><V18/><F52/><W32/><G32/><T45/><D133/><U110/><E110/><V58/><F58/><N who="3" m="37111" /><G15/><T25/><D6/><U26/><E26/><N who="2" m="14599" /><F44/><W116/><G116/><T76/><D3/><U114/><E114/><V100/><AGARI ba="0,0" hai="18,23,27,41,43,95,98,100,129,130,131" m="14599" machi="100" ten="30,2000,0" yaku="19,1,54,1" doraHai="59" who="2" fromWho="2" sc="250,-5,250,-10,240,20,260,-5" /><INIT seed="2,0,0,3,3,132" ten="245,240,260,255" oya="2" hai0="126,64,112,11,125,25,87,47,30,77,61,120,5" hai1="133,121,56,24,68,117,2,123,101,127,91,13,135" hai2="32,74,114,14,76,96,113,105,26,131,15,3,124" hai3="115,65,72,116,128,8,41,12,57,67,109,58,54"/><V75/><F3/><W46/><G116/><T79/><D112/><U97/><E68/><V50/><F113/><W107/><G115/><T93/><D120/><N who="1" m="46155" /><E117/><V63/><F114/><W27/><G107/><T94/><D47/><U42/><E2/><V71/><F50/><N who="3" m="26959" /><G72/><T33/><D79/><U21/><E42/><V129/><F75/><W4/><G109/><T92/><D77/><U52/><E13/><V60/><F14/><W78/><G78/><T134/><D134/><N who="1" m="51211" /><E91/><V99/><F15/><W95/><G128/><T98/><D87/><U104/><E127/><N who="0" m="48649" /><D11/><U102/><E97/><V88/><F96/><W70/><G70/><N who="0" m="42255" /><D5/><U108/><E108/><V18/><F76/><W73/><G8/><T110/><D110/><U43/><E43/><V53/><F124/><W28/><G4/><T35/><D33/><U86/><E86/><V17/><F32/><W80/><G73/><T100/><AGARI ba="0,0" hai="25,30,35,92,93,94,98,100" m="42255,48649" machi="100" ten="30,7900,0" yaku="18,1,52,3" doraHai="132" who="0" fromWho="0" sc="245,79,240,-20,260,-39,255,-20" /><INIT seed="3,0,0,1,2,98" ten="324,220,221,235" oya="3" hai0="86,32,76,14,26,62,61,106,52,15,24,68,23" hai1="12,75,135,111,45,116,29,91,27,37,10,1,44" hai2="113,31,73,53,131,17,134,87,77,90,123,133,92" hai3="19,110,3,8,71,57,108,66,114,126,120,69,33"/><W49/><G120/><T102/><D68/><U84/><E75/><V93/><F113/><W109/><G114/><T122/><D122/><U55/><E1/><V112/><F112/><W54/><G126/><T38/><D26/><U125/><E125/><V100/><F123/><W60/><G33/><T132/><D38/><U121/><E121/><V83/><F31/><W2/><G71/><T35/><D35/><U81/><E116/><V64/><F64/><W30/><G30/><T79/><D32/><N who="1" m="20543" /><E37/><V4/><F4/><W127/><G127/><T43/><D43/><U5/><E111/><V48/><F17/><W70/><G70/><T16/><D132/><N who="2" m="50794" /><F131/><W104/><G104/><T20/><D102/><U115/><E115/><V96/><F48/><W22/><G8/><T25/><D86/><U94/><E135/><V78/><F53/><W128/><G128/><T82/><D52/><U59/><E94/><N who="2" m="54623" /><F77/><W117/><G117/><T80/><D16/><N who="1" m="8215" /><E44/><V9/><F9/><W40/><G40/><T21/><D21/><U101/><E5/><V28/><F28/><W56/><G69/><T36/><D36/><U85/><E85/><V88/><F92/><W67/><G67/><T6/><D6/><U65/><E65/><V39/><F39/><W99/><G99/><T50/><D50/><N who="1" m="29135" /><E59/><V7/><F7/><W103/><G103/><AGARI ba="0,0" hai="81,84,91,101,103" m="29135,8215,20543" machi="103" ten="30,7700,0" yaku="25,1,52,2,54,1" doraHai="98" who="1" fromWho="3" sc="324,0,220,77,221,0,235,-77" /><AGARI ba="0,0" hai="73,78,83,88,93,96,100,103" m="54623,50794" machi="103" ten="30,12000,2" yaku="20,1,34,2,52,2,54,1" doraHai="98" who="2" fromWho="3" sc="324,0,297,0,221,120,158,-120" owari="324,12.4,297,-10.3,341,44.1,38,-46.2" /></mjloggm>