<mjloggm ver="2.3"><GO type="225" lobby="0"/><UN n0="%E3%81%A4%E3%81%A3%E3%81%B1%E3%82%8A%E3%83%9D%E3%83%BC%E3%83%AB" n1="%E3%81%86%E3%82%8D%E3%81%9F%E3%82%93%E3%81%91%E3%81%8A%E3%82%89%E3%81%B2" n2="%E7%9A%AE%E3%80%85" n3="%E6%A1%9C%E8%8A%B1%E9%96%83%E3%80%85" dan="17,16,16,16" rate="2130.18,2125.97,2135.97,2146.61" sx="M,M,F,M"/><TAIKYOKU oya="0"/><INIT seed="0,0,0,4,4,125" ten="250,250,250,250" oya="0" hai0="64,102,8,71,117,85,10,1,113,130,75,77,43" hai1="97,124,22,68,63,122,19,74,44,115,120,135,41" hai2="27,91,21,46,18,103,7,89,84,112,52,3,60" hai3="107,96,29,69,45,54,131,110,35,129,58,99,79"/><T50/><D113/><U78/><E124/><V24/><F112/><W9/><G69/><T65/><D117/><U40/><E115/><V47/><F103/><W98/><G110/><T67/><D75/><U53/><E135/><V57/><F27/><N who="3" m="18879" /><G79/><T70/><D1/><U51/><E97/><V127/><F91/><W108/><G108/><T11/><D102/><U72/><E72/><V6/><F127/><W0/><G45/><T61/><D71/><U31/><E31/><V134/><F134/><W118/><G118/><T34/><D34/><U92/><E92/><V25/><F25/><W48/><G9/><T119/><D119/><U76/><E76/><V33/><F33/><W81/><G0/><T56/><D70/><U128/><E41/><V5/><REACH who="2" step="1"/><F3/><REACH who="2" ten="250,250,240,250" step="2"/><W62/><G81/><AGARI ba="0,1" hai="5,6,7,18,21,24,46,47,52,57,60,81,84,89" machi="81" ten="40,8000,1" yaku="1,1,2,1,8,1,54,1,53,1" doraHai="125" doraHaiUra="23" who="2" fromWho="3" sc="250,0,250,0,240,90,250,-80" /><INIT seed="1,0,0,4,5,131" ten="250,250,330,170" oya="1" hai0="27,104,118,59,130,129,116,84,42,87,20,53,36" hai1="112,32,126,134,77,93,23,12,132,68,2,14,120" hai2="78,11,83,57,0,24,50,37,101,92,7,47,13" hai3="99,109,35,124,16,34,33,113,46,86,18,91,58"/><U71/><E112/><V117/><F117/><W79/><G113/><T38/><D104/><U100/><E120/><V41/><F92/><W121/><G121/><T21/><D42/><U3/><E32/><V72/><F101/><W28/><G109/><T6/><D6/><U96/><E126/><V97/><F97/><W102/><G124/><T52/><D59/><U65/><E77/><V103/><F103/><W45/><G79/><T106/><D106/><U66/><E23/><V19/><F24/><AGARI ba="0,0" hai="20,21,24,27,36,38,52,53,84,87,116,118,129,130" machi="24" ten="25,3200,0" yaku="22,2,54,1" doraHai="131" who="0" fromWho="2" sc="250,32,250,0,330,-32,170,0" /><INIT seed="2,0,0,4,2,80" ten="282,250,298,170" oya="2" hai0="47,97,39,108,70,64,120,81,110,132,40,75,59" hai1="130,8,76,14,135,122,72,21,2,128,29,50,6" hai2="26,94,96,12,49,36,24,127,67,101,134,11,65" hai3="112,86,57,125,28,5,121,34,56,58,66,131,53"/><V7/><F36/><W43/><G121/><T51/><D120/><U27/><E72/><V62/><F134/><W114/><G125/><T44/><D132/><U55/><E76/><V83/><F127/><W10/><G131/><T90/><D75/><U18/><E135/><V102/><F102/><W4/><G43/><T60/><D97/><U15/><E122/><V0/><F0/><W33/><G66/><T25/><D25/><U19/><E50/><V126/><F126/><W92/><G53/><N who="0" m="29951" /><D90/><U82/><E82/><V118/><F118/><W103/><G103/><T9/><D81/><U54/><E54/><V88/><F49/><W46/><G46/><T98/><D9/><N who="1" m="2263" /><E55/><V45/><F45/><W89/><G28/><T109/><D98/><U85/><E85/><N who="2" m="50239" /><F62/><W68/><G68/><AGARI ba="0,0" hai="39,40,44,59,60,64,68,70,108,109,110" m="29951" machi="68" ten="30,3900,0" yaku="14,1,34,2" doraHai="80" who="0" fromWho="3" sc="282,39,250,0,298,0,170,-39" /><INIT seed="3,0,0,4,2,135" ten="321,250,298,131" oya="3" hai0="131,127,26,68,63,4,80,119,116,46,132,5,27" hai1="53,84,6,30,74,24,45,81,8,122,15,50,76" hai2="118,58,7,17,13,95,130,19,9,52,85,65,128" hai3="98,67,51,28,96,103,94,12,100,93,59,70,40"/><W79/><G70/><T1/><D132/><U117/><E117/><V87/><F65/><W120/><G120/><T49/><D1/><U124/><E122/><V43/><F43/><W90/><G79/><T47/><D68/><U105/><E105/><V97/><F118/><W121/><G121/><T123/><D123/><U106/><E106/><V73/><F73/><W111/><G111/><T126/><D63/><U115/><E115/><V22/><F19/><W48/><G28/><T99/><D99/><U110/><E110/><V16/><F17/><W88/><G12/><T10/><D49/><U60/><E60/><N who="2" m="35911" /><F130/><W71/><G71/><T42/><D80/><U37/><E37/><V34/><F34/><W44/><REACH who="3" step="1"/><G67/><REACH who="3" ten="321,250,298,121" step="2"/><T38/><D119/><U39/><E30/><V125/><F128/><W54/><AGARI ba="0,1" hai="40,44,48,51,54,59,88,90,93,94,96,98,100,103" machi="54" ten="30,18000,2" yaku="1,1,2,1,0,1,9,1,8,1,54,1,53,0" doraHai="135" doraHaiUra="11" who="3" fromWho="3" sc="321,-60,250,-60,298,-60,121,190" owari="261,6.1,190,-31.0,238,-16.2,311,41.1" /></mjloggm>