<mjloggm ver="2.3"><GO type="225" lobby="0"/><UN n0="%E5%91%A8%E6%9D%B1" n1="%E3%83%96%E3%83%83%E3%83%91%E3%82%AA%E3%83%96%E3%83%81%E3%82%AD%E3%83%B3" n2="%70%68%65%6E%6F%6D%65" n3="%E9%B3%B4%E8%8C%B6" dan="16,16,16,16" rate="2154.25,2128.87,2185.95,2155.01" sx="M,M,M,M"/><TAIKYOKU oya="0"/><INIT seed="0,0,0,1,1,77" ten="250,250,250,250" oya="0" hai0="97,12,89,11,60,22,13,68,123,69,30,8,6" hai1="51,31,133,88,26,79,115,74,32,23,33,105,93" hai2="14,34,124,116,96,67,135,0,18,56,43,57,59" hai3="134,72,83,113,92,84,25,127,125,129,35,1,46"/><T47/><D123/><U104/><E133/><V128/><F0/><W4/><G113/><T122/><D122/><U132/><E132/><V109/><F109/><W64/><G134/><T91/><D47/><U54/><E115/><V44/><F124/><N who="3" m="47691" /><G64/><T126/><D126/><U55/><E105/><V76/><F128/><W39/><G129/><T10/><D10/><U71/><E104/><V121/><F121/><W63/><G63/><T40/><D40/><U106/><E106/><V3/><F3/><W61/><G61/><T80/><D60/><U114/><E71/><V50/><F116/><W37/><G92/><T87/><D97/><U65/><E65/><V111/><F111/><W112/><G72/><T70/><D91/><U107/><E107/><V81/><F34/><W28/><G112/><T86/><D86/><U24/><E114/><V20/><F135/><W29/><G29/><T119/><D119/><U90/><E90/><V16/><F96/><W75/><G75/><T19/><D70/><U2/><E2/><V131/><F131/><W38/><G1/><T85/><D85/><U66/><E88/><V45/><F67/><W53/><G4/><T103/><REACH who="0" step="1"/><D103/><REACH who="0" ten="240,250,250,250" step="2"/><U100/><E100/><V117/><F117/><W130/><G130/><T99/><D99/><U9/><E74/><V101/><F101/><W78/><G53/><T58/><D58/><U7/><E55/><V5/><F45/><AGARI ba="0,1" hai="25,28,35,37,38,39,45,46,78,83,84" m="47691" machi="45" ten="40,2600,0" yaku="18,1,52,1" doraHai="77" who="3" fromWho="2" sc="240,0,250,0,250,-26,250,36" /><INIT seed="1,0,0,0,1,72" ten="240,250,224,286" oya="1" hai0="54,107,84,19,111,101,28,92,25,4,130,6,44" hai1="124,18,135,35,16,74,71,61,83,14,102,75,98" hai2="113,58,62,93,26,3,45,64,50,13,27,106,46" hai3="59,15,17,133,79,86,117,57,134,76,118,39,68"/><U5/><E35/><V30/><F106/><W41/><G68/><T128/><D111/><U122/><E122/><V38/><F3/><W49/><G39/><T70/><D19/><U20/><E124/><V36/><F113/><W105/><G105/><T1/><D1/><U131/><E131/><N who="0" m="50217" /><D70/><U37/><E135/><N who="3" m="51722" /><G41/><T100/><D107/><U95/><E37/><V55/><F13/><W43/><G59/><T53/><D101/><U108/><E5/><N who="0" m="2153" /><D44/><U24/><E108/><V104/><F104/><W91/><G57/><T88/><D100/><U103/><E103/><V96/><F46/><N who="3" m="25823" /><G118/><T23/><AGARI ba="0,0" hai="23,25,28,53,54,84,88,92" m="2153,50217" machi="23" ten="30,2000,0" yaku="19,1,54,1" doraHai="72" who="0" fromWho="0" sc="240,20,250,-10,224,-5,286,-5" /><INIT seed="2,0,0,0,5,105" ten="260,240,219,281" oya="2" hai0="19,122,96,8,118,84,27,66,126,44,95,39,33" hai1="87,13,107,133,16,12,80,43,89,0,36,50,65" hai2="10,40,82,17,32,45,131,91,2,52,77,90,47" hai3="41,121,56,116,23,35,114,93,110,113,127,119,1"/><V99/><F131/><W125/><G35/><T130/><D122/><U135/><E0/><V103/><F32/><W29/><G121/><T53/><D130/><U7/><E107/><V37/><F103/><W26/><G1/><T86/><D126/><N who="3" m="48137" /><G110/><T20/><D118/><N who="3" m="45097" /><G41/><T21/><D33/><U81/><E36/><V6/><F17/><W88/><G56/><T64/><D8/><N who="1" m="4127" /><E65/><V15/><F15/><W5/><G5/><T72/><D39/><U30/><E30/><V62/><F99/><AGARI ba="0,0" hai="23,26,29,88,93,99,113,114" m="45097,48137" machi="99" ten="30,2000,0" yaku="18,1,54,1" doraHai="105" who="3" fromWho="2" sc="260,0,240,0,219,-20,281,20" /><INIT seed="3,0,0,3,1,45" ten="260,240,199,301" oya="3" hai0="69,121,5,110,115,109,76,112,30,59,25,10,15" hai1="107,120,21,127,87,96,3,12,80,125,90,118,65" hai2="8,24,49,119,11,135,19,36,130,78,66,97,60" hai3="37,9,132,48,126,108,31,88,122,100,44,117,98"/><W101/><G117/><T114/><D69/><U84/><E120/><V6/><F119/><W18/><G122/><T124/><D121/><U28/><E118/><V113/><F113/><W4/><G37/><T93/><D76/><U62/><E3/><V129/><F36/><W55/><G132/><T58/><D93/><U47/><E47/><V43/><F78/><W17/><G31/><T51/><D124/><N who="1" m="47691" /><E87/><V128/><F135/><W26/><G126/><T46/><D110/><U91/><E107/><V116/><F116/><W22/><G108/><T77/><D77/><N who="1" m="46095" /><E96/><V131/><N who="2" m="32768" /><DORA hai="92" /><V134/><F134/><W106/><G101/><T14/><D109/><U27/><E12/><N who="2" m="7559" /><F24/><W40/><G88/><T111/><D15/><U81/><E81/><V89/><F89/><W16/><G40/><N who="0" m="25031" /><D111/><U82/><E82/><V56/><F97/><W61/><G61/><T86/><D86/><U79/><E79/><V35/><F35/><AGARI ba="0,0" hai="5,10,14,25,30,35,58,59,112,114,115" m="25031" machi="35" ten="30,2000,0" yaku="11,1,52,1" doraHai="45,92" who="0" fromWho="2" sc="260,20,240,0,199,-20,301,0" owari="280,8.0,240,-16.0,179,-32.1,301,40.1" /></mjloggm>