<mjloggm ver="2.3"><GO type="225" lobby="0"/><UN n0="%E3%82%8F%E3%81%8B%E3%81%B0%2A%E3%82%AC%E3%83%BC%E3%83%AB" n1="%41%72%69%61" n2="%E3%81%AF%E3%82%88%E3%81%8A%E3%81%98%E3%81%95%E3%82%93" n3="%E6%97%A5%E6%9B%9C%E6%97%A5%E3%82%88%E3%82%8A%E3%81%AE%E4%BD%BF%E8%80%85" dan="16,16,17,17" rate="2094.70,2157.48,2192.75,2239.06" sx="M,F,M,M"/><TAIKYOKU oya="0"/><INIT seed="0,0,0,2,5,96" ten="250,250,250,250" oya="0" hai0="27,59,104,19,130,29,10,30,90,2,105,88,74" hai1="45,92,46,81,102,107,109,37,113,70,124,38,32" hai2="17,73,103,8,25,91,24,62,87,57,83,131,97" hai3="133,95,50,108,58,72,122,79,44,11,69,13,64"/><T49/><D130/><U41/><E32/><V55/><F131/><W68/><G72/><T21/><D74/><U20/><E109/><V118/><F118/><W36/><G79/><T119/><D119/><U120/><E92/><V28/><F73/><W61/><G108/><T85/><D104/><U42/><E81/><V75/><F75/><W39/><G133/><T128/><D105/><U3/><E120/><V116/><F116/><W54/><G122/><T98/><D128/><U77/><E77/><V110/><F110/><W40/><G95/><N who="0" m="56679" /><D10/><U67/><E20/><V35/><F97/><W53/><G13/><T123/><D2/><U9/><E124/><V86/><F87/><W56/><G11/><T76/><D76/><U12/><E113/><V16/><F24/><W94/><G94/><N who="0" m="54607" /><D123/><U129/><E129/><V135/><F135/><W23/><G23/><T111/><D111/><U84/><E84/><V82/><F83/><W112/><G112/><T89/><D89/><U132/><E132/><V80/><F82/><W18/><G18/><T101/><D101/><U60/><E3/><V33/><F35/><W0/><G0/><T52/><AGARI ba="0,0" hai="19,21,27,29,30,49,52,59" m="54607,56679" machi="52" ten="30,6000,0" yaku="8,1,54,2" doraHai="96" who="0" fromWho="0" sc="250,60,250,-20,250,-20,250,-20" /><INIT seed="0,1,0,4,2,57" ten="310,230,230,230" oya="0" hai0="109,40,65,54,26,90,80,112,102,85,17,133,75" hai1="92,0,28,100,81,87,104,16,7,126,43,12,86" hai2="46,1,125,47,45,34,4,33,31,9,50,27,59" hai3="36,94,105,117,120,88,61,106,48,58,14,115,21"/><T18/><D112/><U83/><E126/><V101/><F125/><W129/><G115/><T127/><D127/><U41/><E104/><V77/><F77/><W97/><G36/><T22/><D133/><U89/><E28/><V55/><F101/><W111/><G117/><T108/><D102/><U84/><E0/><V11/><F11/><W82/><G111/><N who="0" m="42571" /><D40/><N who="1" m="15435" /><E7/><V15/><REACH who="2" step="1"/><F34/><REACH who="2" ten="310,230,220,230" step="2"/><W132/><G132/><T13/><D75/><U122/><E100/><V5/><F5/><W60/><G120/><T2/><D2/><AGARI ba="1,1" hai="1,2,4,9,15,27,31,33,45,46,47,50,55,59" machi="2" ten="40,1300,0" yaku="1,1,53,0" doraHai="57" doraHaiUra="68" who="2" fromWho="0" sc="310,-16,230,0,220,26,230,0" /><INIT seed="1,0,0,2,5,122" ten="294,230,246,230" oya="1" hai0="28,21,97,117,0,30,67,84,95,39,72,33,35" hai1="114,125,29,49,133,107,59,88,9,79,128,17,60" hai2="52,77,18,66,102,85,12,43,108,4,118,54,73" hai3="63,110,20,99,103,41,96,115,11,51,15,55,74"/><U101/><E114/><V23/><F118/><W112/><G74/><T126/><D72/><U32/><E79/><V37/><F73/><W78/><G78/><T113/><D0/><U86/><E133/><V132/><F132/><W130/><G20/><T27/><D117/><U90/><E125/><V58/><F108/><W44/><G110/><T14/><D39/><U75/><E75/><V120/><F120/><W87/><G87/><T25/><D113/><U71/><E128/><V116/><F116/><W24/><G24/><T80/><D67/><N who="1" m="41447" /><E9/><N who="2" m="4135" /><F37/><W64/><G41/><T83/><D84/><U42/><E17/><V1/><F43/><W10/><G130/><T76/><D76/><U100/><E100/><V109/><F1/><W123/><G123/><T62/><D62/><U124/><E86/><V48/><F109/><W68/><G11/><T5/><D126/><U105/><E105/><V8/><F102/><W61/><G61/><T19/><REACH who="0" step="1"/><D5/><REACH who="0" ten="284,230,246,230" step="2"/><U82/><E124/><V47/><F85/><W131/><G131/><T45/><D45/><N who="1" m="25783" /><E59/><V50/><F77/><W93/><REACH who="3" step="1"/><G99/><REACH who="3" ten="284,230,246,220" step="2"/><T94/><D94/><U81/><E81/><V129/><F129/><W65/><G65/><T106/><D106/><U57/><E82/><V70/><F66/><W98/><G98/><T121/><D121/><U89/><E57/><V34/><F58/><W134/><G134/><T6/><D6/><AGARI ba="0,2" hai="6,10,15,44,51,55,63,64,68,93,96,103,112,115" machi="6" ten="30,3900,0" yaku="1,1,7,1,53,1" doraHai="122" doraHaiUra="92" who="3" fromWho="0" sc="284,-39,230,0,246,0,220,59" /><INIT seed="2,0,0,3,2,63" ten="245,230,246,279" oya="2" hai0="6,100,97,20,90,93,71,89,9,91,102,30,119" hai1="103,0,17,33,49,75,70,130,24,79,98,65,85" hai2="83,95,14,44,112,106,4,57,22,1,113,27,132" hai3="16,56,94,117,125,127,21,96,62,42,7,111,126"/><V122/><F106/><W92/><G117/><T2/><D119/><U133/><E133/><V105/><F105/><W118/><G118/><T23/><D71/><U74/><E130/><V13/><F83/><W60/><G111/><T31/><REACH who="0" step="1"/><D102/><REACH who="0" ten="235,230,246,279" step="2"/><U114/><E70/><V53/><F113/><W37/><G126/><T67/><D67/><U28/><E65/><V3/><F112/><W99/><G125/><T15/><D15/><U68/><E68/><V41/><F14/><W72/><G127/><T45/><D45/><U10/><E114/><V43/><F13/><W58/><G58/><T51/><D51/><U61/><E49/><V131/><F44/><W69/><G69/><T107/><D107/><U32/><E103/><V18/><F57/><W101/><G56/><T38/><D38/><U78/><E0/><V109/><F1/><W19/><G37/><T86/><D86/><U84/><E84/><V52/><F3/><W116/><G116/><T47/><D47/><U54/><E85/><V48/><F48/><W115/><G115/><T5/><D5/><U108/><E108/><V55/><F4/><W8/><G7/><T50/><D50/><U87/><E87/><V80/><F109/><W59/><G59/><T104/><D104/><U25/><E75/><V34/><F55/><W82/><G72/><T88/><N who="0" m="22528" /><DORA hai="73" /><T29/><AGARI ba="0,1" hai="2,6,9,20,23,29,30,31,93,97,100" m="22528" machi="29" ten="50,8000,1" yaku="1,1,4,1,0,1,54,1,53,0" doraHai="63,73" doraHaiUra="39,66" who="0" fromWho="0" sc="235,90,230,-20,246,-40,279,-20" /><INIT seed="3,0,0,5,2,63" ten="325,210,206,259" oya="3" hai0="73,60,61,112,48,27,108,96,9,118,21,52,107" hai1="117,64,126,26,98,13,70,81,82,49,45,79,28" hai2="88,106,129,122,44,46,66,17,133,31,25,14,95" hai3="89,54,93,58,134,85,51,39,42,74,78,105,34"/><W99/><G34/><T37/><D118/><U123/><E123/><V16/><F106/><W130/><G130/><T121/><D121/><U90/><E126/><V55/><F122/><W92/><G134/><T5/><D37/><U38/><E38/><V71/><F133/><W113/><G113/><T68/><D73/><U116/><E13/><V91/><F129/><W72/><G105/><T124/><D68/><U32/><E64/><V135/><F135/><W23/><G78/><T132/><D132/><U6/><E6/><V128/><F128/><W22/><G39/><T12/><D124/><U131/><E70/><V41/><F71/><W40/><G72/><T125/><D125/><U20/><E32/><V59/><F66/><W8/><G8/><T80/><D80/><U67/><E67/><V120/><F120/><W43/><REACH who="3" step="1"/><G74/><REACH who="3" ten="325,210,206,249" step="2"/><T11/><D9/><U2/><E79/><V102/><F102/><AGARI ba="0,1" hai="22,23,40,42,43,51,54,58,85,89,92,93,99,102" machi="102" ten="40,12000,1" yaku="1,1,2,1,8,1,53,1" doraHai="63" doraHaiUra="87" who="3" fromWho="2" sc="325,0,210,0,206,-120,249,130" owari="325,12.5,210,-19.0,86,-41.4,379,47.9" /></mjloggm>