<mjloggm ver="2.3"><GO type="225" lobby="0"/><UN n0="%72%65%6E%6B%75%6E" n1="%E3%81%AF%E3%82%88%E3%81%8A%E3%81%98%E3%81%95%E3%82%93" n2="%4B%2E%32%2E%4B%2E" n3="%E5%91%A8%E6%9D%B1" dan="17,17,16,16" rate="2175.96,2230.01,2146.50,2185.95" sx="M,M,M,M"/><TAIKYOKU oya="0"/><INIT seed="0,0,0,5,1,11" ten="250,250,250,250" oya="0" hai0="85,31,4,105,12,73,77,25,129,65,54,83,30" hai1="48,17,29,134,26,103,27,2,47,36,84,40,52" hai2="60,118,14,127,10,3,69,97,76,24,132,28,51" hai3="130,128,55,87,122,71,9,121,111,46,108,18,112"/><T93/><D105/><U16/><E134/><V37/><F37/><W133/><G87/><T35/><D129/><N who="3" m="49769" /><G71/><T74/><D31/><U89/><E2/><V99/><F132/><W95/><G95/><T126/><D126/><U70/><E70/><V32/><F3/><W106/><G106/><T62/><D54/><U117/><E103/><V81/><F127/><W63/><G133/><T101/><D4/><U86/><E117/><V6/><F51/><N who="3" m="29175" /><G63/><T98/><REACH who="0" step="1"/><D12/><REACH who="0" ten="240,250,250,250" step="2"/><U96/><E26/><V15/><F15/><N who="3" m="7535" /><G112/><T13/><D13/><U94/><E29/><V19/><F118/><W80/><G80/><T21/><D21/><U33/><E33/><V53/><F53/><W20/><G20/><T100/><D100/><U91/><E27/><V7/><F7/><W116/><G116/><T8/><D8/><U49/><E17/><V22/><F22/><W56/><G56/><AGARI ba="0,1" hai="25,30,35,56,62,65,73,74,77,83,85,93,98,101" machi="56" ten="30,5800,0" yaku="1,1,7,1,53,1" doraHai="11" doraHaiUra="58" who="0" fromWho="3" sc="240,68,250,0,250,0,250,-58" /><INIT seed="0,1,0,2,0,92" ten="308,250,250,192" oya="0" hai0="19,97,125,112,3,43,37,131,54,64,78,114,45" hai1="80,9,71,52,104,106,77,134,93,65,121,28,40" hai2="13,57,115,88,27,126,81,47,12,29,90,11,16" hai3="25,107,23,55,24,34,61,67,41,118,100,83,59"/><T42/><D131/><U130/><E121/><V6/><F115/><W35/><G118/><T21/><D3/><U123/><E123/><V91/><F126/><W116/><G116/><T86/><D125/><U105/><E130/><V15/><F47/><W68/><G41/><T70/><D43/><U4/><E134/><V26/><F81/><W98/><G83/><T32/><D32/><U84/><E40/><V44/><F44/><W72/><G72/><T30/><D30/><U22/><E65/><V95/><F95/><W87/><G87/><T58/><D64/><U33/><E71/><V135/><F135/><W36/><G36/><T60/><D70/><U63/><E33/><V14/><F29/><W73/><G73/><T50/><D37/><U132/><E132/><V122/><F122/><W103/><G103/><T109/><D109/><U8/><E93/><V17/><REACH who="2" step="1"/><F57/><REACH who="2" ten="308,250,240,192" step="2"/><W51/><REACH who="3" step="1"/><G25/><AGARI ba="1,1" hai="6,11,12,13,14,15,16,17,25,26,27,88,90,91" machi="25" ten="40,8000,1" yaku="1,1,2,1,8,1,54,2,53,0" doraHai="92" doraHaiUra="31" who="2" fromWho="3" sc="308,0,250,0,240,93,192,-83" /><INIT seed="1,0,0,0,3,110" ten="308,250,333,109" oya="1" hai0="10,48,108,103,63,51,33,97,2,88,6,13,116" hai1="130,95,72,121,31,118,71,42,79,85,54,106,55" hai2="67,24,18,8,28,81,87,69,19,117,62,122,78" hai3="60,119,44,46,34,133,68,104,109,77,61,75,70"/><U66/><E118/><V113/><F117/><W38/><G77/><T50/><D116/><U90/><E121/><V11/><F122/><W53/><G34/><T29/><D108/><U27/><E106/><V98/><F113/><W52/><G75/><T49/><D63/><U132/><E130/><V37/><F37/><W114/><G104/><T76/><D76/><U22/><E132/><V58/><F69/><W120/><G119/><T40/><D2/><U135/><E135/><V32/><F98/><W9/><G9/><T30/><D33/><U0/><E0/><V25/><F25/><W26/><G26/><T126/><D126/><U39/><E42/><V45/><F45/><W107/><G107/><T84/><D40/><U15/><E39/><V17/><AGARI ba="0,0" hai="8,11,17,18,19,24,28,32,58,62,67,78,81,87" machi="17" ten="30,1100,0" yaku="0,1" doraHai="110" who="2" fromWho="2" sc="308,-3,250,-5,333,11,109,-3" /><INIT seed="2,0,0,0,4,61" ten="305,245,344,106" oya="2" hai0="80,34,108,59,106,7,46,20,119,132,90,76,8" hai1="19,135,112,84,42,128,52,75,4,74,35,64,30" hai2="95,114,104,101,15,23,92,40,65,82,68,0,73" hai3="89,3,36,48,54,62,14,11,41,24,78,50,125"/><V31/><F0/><W85/><G125/><T87/><D34/><U51/><E112/><V12/><F114/><W49/><G3/><T10/><D106/><U44/><E128/><V115/><F115/><W79/><G24/><T28/><D108/><U117/><E117/><V18/><F104/><W25/><G25/><N who="0" m="16423" /><D132/><U47/><E135/><V71/><F31/><W122/><G122/><T2/><D2/><U100/><E4/><V130/><F130/><W121/><G121/><T131/><D131/><U27/><E100/><V72/><F40/><W133/><G133/><T134/><D134/><U77/><E19/><V43/><F43/><W109/><G109/><T111/><D111/><U120/><E120/><V91/><F101/><W39/><G39/><T103/><D103/><U97/><E97/><V99/><F82/><W118/><G118/><T127/><D127/><U26/><E27/><V1/><F1/><W88/><G36/><T58/><D46/><U81/><REACH who="1" step="1"/><E64/><REACH who="1" ten="305,235,344,106" step="2"/><V126/><F65/><W6/><G41/><T105/><D7/><U63/><E63/><V9/><F126/><W29/><G29/><T55/><D119/><U60/><E60/><V37/><F99/><W5/><G5/><T13/><D105/><U22/><E22/><V38/><F23/><W45/><G62/><N who="0" m="36191" /><D10/><U17/><E17/><V33/><F18/><W66/><G66/><T53/><D8/><U86/><E86/><N who="2" m="52343" /><F9/><W107/><G107/><T93/><D13/><U70/><E70/><V67/><F71/><W69/><G69/><T56/><D53/><U102/><E102/><V83/><F68/><RYUUKYOKU ba="0,1" sc="305,15,235,15,344,-15,106,-15" hai0="56,59,76,80,87,90,93" hai1="26,30,35,42,44,47,51,52,74,75,77,81,84" /><INIT seed="3,1,1,5,0,37" ten="320,250,329,91" oya="3" hai0="20,18,67,90,39,14,105,94,131,124,83,50,41" hai1="7,34,1,60,70,2,133,112,16,79,103,108,36" hai2="97,28,101,25,109,75,88,89,32,65,84,22,71" hai3="49,93,99,52,29,45,58,78,98,95,26,74,66"/><W115/><G115/><T116/><D105/><U12/><E36/><V17/><F75/><W91/><G74/><T53/><D116/><U47/><E47/><V68/><F109/><W86/><G78/><T92/><D39/><U73/><E103/><V100/><F100/><W35/><REACH who="3" step="1"/><G95/><REACH who="3" ten="320,250,329,81" step="2"/><T132/><D92/><U104/><E79/><V31/><F84/><W44/><G44/><T23/><D94/><U3/><E73/><V11/><F97/><W13/><G13/><T122/><D14/><U19/><E112/><V4/><F101/><W8/><G8/><T56/><D90/><U80/><E12/><V130/><F89/><W48/><G48/><T46/><D50/><U127/><E1/><V129/><F88/><W6/><G6/><T27/><D46/><U61/><E7/><V107/><F4/><W96/><G96/><T114/><D114/><U134/><E2/><V77/><F77/><W64/><G64/><T117/><D67/><U126/><E3/><V9/><F65/><W87/><G87/><T40/><D83/><U38/><E38/><V5/><F11/><W76/><G76/><T81/><D81/><U113/><E113/><V62/><F9/><W21/><G21/><T119/><D119/><U43/><E80/><V54/><F5/><W10/><G10/><T24/><D117/><U72/><E72/><V85/><F85/><W0/><G0/><T63/><D23/><U128/><E104/><V110/><F107/><W135/><G135/><T120/><D132/><U42/><E133/><V125/><F22/><W111/><G111/><T123/><D20/><RYUUKYOKU ba="1,2" sc="320,-10,250,-10,329,-10,81,30" hai3="26,29,35,45,49,52,58,66,86,91,93,98,99" /><INIT seed="3,2,2,0,1,24" ten="310,240,319,111" oya="3" hai0="74,85,95,77,45,126,11,16,113,39,40,103,26" hai1="104,127,14,100,66,80,52,88,86,102,82,69,32" hai2="92,111,17,124,21,19,42,125,54,94,46,91,122" hai3="29,34,38,35,70,105,12,114,30,51,49,134,25"/><W58/><G114/><T120/><D120/><U93/><E32/><V101/><F122/><W84/><G70/><T123/><D123/><U48/><E127/><N who="2" m="48715" /><F111/><W115/><G115/><T128/><D126/><U129/><E129/><V7/><F7/><W55/><G38/><T65/><D113/><U121/><E121/><V119/><F119/><W2/><G2/><T43/><D128/><U64/><E69/><V76/><F76/><W72/><G72/><T8/><D74/><U106/><E106/><V73/><F73/><W15/><G105/><T60/><D43/><U117/><E117/><V98/><F21/><W83/><G134/><T112/><D103/><N who="1" m="39467" /><E104/><V33/><F54/><W132/><G132/><T89/><D77/><U135/><E14/><V36/><F33/><W108/><G108/><T3/><D3/><U37/><E37/><V67/><F67/><N who="1" m="25641" /><E135/><V5/><F5/><W6/><G6/><T96/><D112/><U116/><E116/><V62/><F62/><W130/><G130/><T23/><D96/><AGARI ba="2,2" hai="17,19,36,42,46,91,92,94,96,98,101" m="48715" machi="96" ten="30,1000,0" yaku="18,1" doraHai="24" who="2" fromWho="0" sc="310,-16,240,0,319,36,111,0" owari="294,9.4,240,-16.0,355,45.5,111,-38.9" /></mjloggm>