<mjloggm ver="2.3"><GO type="225" lobby="0"/><UN n0="%73%73%6B%5F%66%72%65%65" n1="%E3%81%86%E3%82%8D%E3%81%9F%E3%82%93%E3%81%91%E3%81%8A%E3%82%89%E3%81%B2" n2="%E7%99%BD%E5%80%89%E5%AF%9B%E4%B9%8B" n3="%E6%98%93%E5%88%A9%E8%96%A9%E4%BC%AF" dan="16,16,16,17" rate="2135.50,2133.24,2119.22,2114.42" sx="M,M,M,F"/><TAIKYOKU oya="0"/><INIT seed="0,0,0,5,5,82" ten="250,250,250,250" oya="0" hai0="87,24,14,49,108,74,7,75,122,15,116,102,8" hai1="16,41,46,126,133,85,93,89,4,65,77,64,21" hai2="92,124,45,69,110,135,131,66,35,106,111,86,20" hai3="115,95,91,125,18,57,96,61,32,99,52,104,129"/><T121/><D116/><U1/><E126/><V54/><F35/><W48/><G115/><T12/><D108/><N who="2" m="41514" /><F106/><W50/><G32/><T114/><D114/><U117/><E117/><V26/><F124/><W47/><G129/><T119/><D119/><U23/><E133/><V17/><F135/><W22/><G125/><T100/><D24/><U53/><E23/><V56/><F45/><W98/><G104/><T5/><D49/><U40/><E53/><V44/><F44/><W71/><G71/><T63/><D63/><U72/><E4/><N who="0" m="1609" /><D8/><U36/><E1/><V62/><F131/><W79/><G79/><T33/><D33/><U25/><REACH who="1" step="1"/><E41/><REACH who="1" ten="250,240,250,250" step="2"/><V60/><F54/><N who="3" m="29983" /><G50/><T42/><D42/><U27/><E27/><AGARI ba="0,1" hai="18,22,27,52,57,61,91,95,96,98,99" m="29983" machi="27" ten="30,3900,0" yaku="25,1,8,1,54,1" doraHai="82" who="3" fromWho="1" sc="250,0,240,-39,250,0,250,49" /><INIT seed="1,0,0,3,3,3" ten="250,201,250,299" oya="1" hai0="126,30,36,134,88,90,25,115,96,15,53,68,132" hai1="39,89,12,27,5,100,98,48,86,42,114,28,37" hai2="124,102,80,34,14,105,106,82,70,99,66,83,91" hai3="67,29,45,8,40,109,38,33,74,17,19,0,87"/><U50/><E114/><V23/><F34/><W60/><G74/><T43/><D115/><U110/><E50/><V93/><F66/><W65/><G109/><T62/><D126/><U59/><E110/><V2/><F70/><W61/><G33/><T4/><D43/><U131/><E131/><V26/><F2/><W78/><G29/><T103/><D36/><U129/><E129/><V73/><F14/><W117/><G117/><T1/><D1/><U112/><E112/><V69/><F69/><W9/><G78/><T13/><D13/><U71/><E71/><V135/><F23/><W128/><G87/><T21/><D15/><U119/><E119/><V6/><F6/><W47/><G0/><T52/><D4/><U79/><E79/><N who="2" m="44143" /><F26/><W107/><G107/><N who="2" m="40969" /><F124/><W22/><G40/><T95/><D68/><U46/><E59/><V57/><F57/><W10/><G10/><T113/><D113/><U20/><E98/><N who="2" m="57663" /><F135/><N who="0" m="51754" /><D62/><U108/><E100/><V56/><F56/><W84/><G22/><T85/><D103/><U104/><E104/><AGARI ba="0,0" hai="82,83,99,102,104" m="57663,40969,44143" machi="104" ten="30,8000,1" yaku="35,5" doraHai="3" who="2" fromWho="1" sc="250,0,201,-80,250,80,299,0" /><INIT seed="2,0,0,5,0,63" ten="250,121,330,299" oya="2" hai0="24,86,117,55,7,101,25,107,40,54,72,122,1" hai1="92,75,96,119,58,60,100,126,50,128,42,12,87" hai2="123,11,43,8,105,102,56,78,109,6,90,57,95" hai3="127,84,64,39,129,70,36,61,28,110,132,125,52"/><V121/><F109/><W114/><G110/><T112/><D122/><U53/><E119/><V118/><F118/><W93/><G28/><T46/><D112/><U13/><E126/><N who="3" m="48138" /><G114/><T21/><D72/><U32/><E32/><V51/><F78/><W97/><G84/><T33/><D117/><U16/><E128/><V133/><F11/><W10/><G129/><T20/><D33/><U27/><E75/><V108/><F108/><W69/><G10/><T2/><D7/><U124/><E124/><V29/><F29/><W115/><G70/><T31/><D86/><U3/><E3/><V68/><F68/><W35/><G35/><T66/><D66/><U134/><E134/><V26/><F133/><W37/><G132/><T77/><D77/><U49/><E87/><V47/><F26/><W103/><G115/><T62/><D62/><U44/><REACH who="1" step="1"/><E60/><REACH who="1" ten="250,111,330,299" step="2"/><V135/><F135/><W45/><G39/><N who="0" m="21791" /><D1/><U9/><E9/><V113/><F8/><W74/><G74/><T131/><D2/><U34/><E34/><V88/><F113/><W106/><G106/><T41/><D107/><U4/><E4/><V23/><F6/><W116/><G116/><T85/><D85/><U14/><E14/><V22/><F105/><W76/><G76/><T80/><D131/><U48/><E48/><AGARI ba="0,1" hai="36,37,45,48,52,61,64,69,93,97,103" m="48138" machi="48" ten="30,3900,0" yaku="18,1,52,1,54,1" doraHai="63" who="3" fromWho="1" sc="250,0,111,-39,330,0,299,49" /><INIT seed="3,0,0,4,1,55" ten="250,72,330,348" oya="3" hai0="49,110,91,76,69,96,104,74,107,22,19,75,109" hai1="94,54,36,10,60,48,132,57,99,31,97,121,122" hai2="66,118,73,117,87,134,1,100,82,42,33,81,28" hai3="85,88,70,3,18,50,24,129,120,21,16,41,58"/><W125/><G120/><T115/><D69/><U23/><E10/><V103/><F1/><W111/><G70/><T39/><D39/><U127/><E99/><V126/><F66/><W59/><G3/><T68/><D68/><U92/><E92/><V84/><F42/><W102/><G129/><T29/><D29/><U53/><E127/><V79/><F28/><N who="3" m="17423" /><G102/><N who="2" m="38953" /><F33/><W32/><G32/><T6/><D6/><U72/><E72/><V40/><F40/><W52/><G111/><T12/><D115/><U8/><E132/><V26/><F26/><W45/><G125/><T78/><D91/><U116/><E36/><V130/><F126/><W106/><G106/><T80/><D49/><U67/><E116/><N who="2" m="44651" /><F134/><W14/><G41/><T89/><D89/><U38/><E38/><V44/><F44/><W64/><G64/><T119/><D119/><U37/><E37/><V112/><F130/><W20/><G18/><T4/><D4/><U0/><E54/><V2/><F2/><W7/><G7/><T63/><D63/><U113/><E113/><V13/><F13/><W123/><G123/><T105/><REACH who="0" step="1"/><D96/><REACH who="0" ten="240,72,330,348" step="2"/><U9/><E0/><V124/><F124/><W95/><AGARI ba="0,1" hai="14,16,20,45,50,52,58,59,85,88,95" m="17423" machi="95" ten="30,18000,2" yaku="8,1,52,2,54,3" doraHai="55" who="3" fromWho="3" sc="240,-60,72,-60,330,-60,348,190" owari="180,-22.0,12,-48.8,270,7.0,538,63.8" /></mjloggm>