<mjloggm ver="2.3"><GO type="225" lobby="0"/><UN n0="%E6%B4%BE%E9%81%A3%E3%81%AE%E3%82%B8%E3%83%A3%E3%83%83%E3%82%AF" n1="%E3%83%9D%E3%83%B3%E3%83%9D%E3%82%B3%E5%95%86%E4%BA%8B" n2="%73%74%61%72%E6%98%9F%E8%BE%B0" n3="%E4%BF%BA%E3%81%A8%E5%A6%96%E5%A4%A2" dan="17,16,16,16" rate="2179.35,2206.63,2103.16,2121.04" sx="M,M,M,F"/><TAIKYOKU oya="0"/><INIT seed="0,0,0,4,1,32" ten="250,250,250,250" oya="0" hai0="50,64,80,48,9,92,16,106,38,83,18,109,110" hai1="134,59,87,5,65,37,40,100,122,131,94,63,60" hai2="78,61,70,52,128,7,117,53,126,74,55,14,54" hai3="8,86,69,104,79,105,84,103,46,62,15,42,77"/><T28/><D106/><U51/><E122/><V56/><F70/><W118/><G118/><T95/><D38/><U82/><E131/><V98/><F128/><W107/><G103/><T99/><D28/><U129/><E129/><V71/><F71/><W101/><G101/><T57/><D64/><U72/><E72/><V12/><F117/><W4/><G69/><T11/><D57/><U73/><E73/><V1/><F126/><W96/><G96/><AGARI ba="0,0" hai="9,11,16,18,48,50,80,83,92,95,96,99,109,110" machi="96" ten="25,4800,0" yaku="22,2,54,1" doraHai="32" who="0" fromWho="3" sc="250,48,250,0,250,0,250,-48" /><INIT seed="0,1,0,3,1,56" ten="298,250,250,202" oya="0" hai0="117,88,0,65,71,120,11,110,44,54,109,114,38" hai1="121,134,76,126,37,53,133,98,94,75,32,50,7" hai2="102,104,131,85,41,74,6,24,82,10,130,16,28" hai3="5,95,25,90,58,45,57,22,63,73,78,112,66"/><T27/><D120/><U20/><E32/><V87/><F74/><W15/><G112/><T101/><D101/><U123/><E37/><V35/><F41/><W111/><G111/><N who="0" m="42507" /><D117/><U70/><E70/><V119/><F119/><W97/><G45/><T39/><D27/><U103/><E126/><V3/><F104/><W105/><G105/><T8/><D114/><U68/><E68/><V100/><F85/><W42/><G42/><T67/><D88/><U128/><E128/><N who="2" m="49195" /><F16/><N who="3" m="12487" /><G73/><T61/><D67/><U23/><E7/><V4/><F6/><W19/><G58/><T118/><D118/><U49/><E76/><AGARI ba="1,0" hai="3,4,10,24,28,35,76,82,87,100,102" m="49195" machi="76" ten="30,1000,0" yaku="19,1" doraHai="56" who="2" fromWho="1" sc="298,0,250,-13,250,13,202,0" /><INIT seed="1,0,0,2,3,50" ten="298,237,263,202" oya="1" hai0="1,39,55,18,64,111,127,26,93,102,90,46,31" hai1="51,118,32,130,28,115,49,104,15,66,61,2,59" hai2="53,20,16,78,75,114,126,58,116,81,22,110,44" hai3="76,80,48,69,4,134,131,91,36,87,10,72,34"/><U85/><E2/><V100/><F116/><W57/><G36/><T41/><D111/><U60/><E118/><V99/><F110/><W113/><G113/><T33/><D1/><U106/><E115/><V73/><F114/><W6/><G69/><T120/><D127/><U121/><E121/><V45/><F126/><W25/><G131/><T122/><D64/><U7/><E130/><V5/><F5/><W128/><G128/><T27/><D102/><U0/><E0/><V62/><F73/><W67/><G134/><T42/><D42/><U109/><E109/><V132/><F132/><W125/><G125/><T63/><D27/><U74/><E74/><V40/><F40/><W23/><G34/><T101/><D101/><U97/><E85/><V30/><F30/><W47/><G57/><T79/><D79/><U123/><E123/><V68/><F68/><W95/><G67/><T89/><D18/><U43/><E61/><V56/><F56/><W119/><G10/><T21/><D33/><U124/><E124/><V112/><F20/><W117/><G117/><T71/><D71/><U3/><E3/><V8/><F8/><W94/><G95/><T17/><D120/><U83/><E83/><V13/><REACH who="2" step="1"/><F112/><REACH who="2" ten="298,237,253,202" step="2"/><W12/><G119/><T29/><D122/><U19/><E7/><V35/><F35/><W9/><G4/><T54/><D39/><U98/><E32/><V24/><F24/><W70/><G70/><T77/><D26/><U105/><E28/><V133/><F133/><W135/><G135/><T129/><D31/><U37/><E43/><V14/><F14/><RYUUKYOKU ba="0,1" sc="298,-10,237,-10,253,30,202,-10" hai2="13,16,22,44,45,53,58,62,75,78,81,99,100" /><INIT seed="2,1,1,3,4,75" ten="288,227,283,192" oya="2" hai0="63,111,7,107,135,21,56,5,35,55,52,57,113" hai1="31,117,101,126,100,42,25,90,81,46,82,54,125" hai2="115,50,92,66,106,118,96,44,71,86,79,123,1" hai3="3,59,36,26,29,76,127,11,70,61,102,91,116"/><V2/><F115/><W27/><G116/><T121/><D111/><U43/><E117/><V51/><F118/><W9/><G70/><T33/><D113/><U97/><E54/><V85/><F106/><W93/><G36/><T37/><D37/><U48/><E42/><V120/><F66/><W104/><G127/><N who="1" m="48650" /><E90/><V58/><F71/><W99/><G26/><T73/><D107/><N who="1" m="63887" /><E101/><V47/><F58/><W98/><G3/><T38/><D38/><U122/><E122/><V94/><F96/><W45/><G45/><T74/><D135/><U30/><E30/><V39/><F39/><W105/><G105/><T32/><D21/><AGARI ba="1,1" hai="21,25,31,43,46,48,81,82" m="63887,48650" machi="21" ten="30,1000,0" yaku="18,1" doraHai="75" who="1" fromWho="0" sc="288,-13,227,23,283,0,192,0" /><INIT seed="3,0,0,5,0,36" ten="275,250,283,192" oya="3" hai0="85,122,44,2,11,76,5,91,3,21,42,51,46" hai1="20,38,130,83,7,127,75,43,9,26,104,53,28" hai2="106,60,67,65,129,22,120,132,40,23,4,78,107" hai3="96,108,66,33,98,59,27,30,135,71,89,123,48"/><W125/><G123/><T94/><D122/><U8/><E104/><V50/><F120/><W84/><G135/><T82/><D21/><U45/><E130/><V103/><F129/><W90/><G125/><T114/><D114/><U131/><E131/><V1/><F106/><W68/><G108/><T116/><D116/><U31/><E127/><V70/><F65/><W6/><G6/><T32/><D32/><U121/><E121/><V12/><F1/><W61/><G89/><T64/><D64/><U73/><E9/><V102/><F78/><W29/><G29/><T97/><REACH who="0" step="1"/><D46/><REACH who="0" ten="265,250,283,192" step="2"/><U47/><E31/><V74/><F132/><W79/><G79/><T34/><D34/><U95/><E47/><V54/><F23/><W16/><G16/><T81/><D81/><U0/><E83/><V52/><F22/><W128/><G128/><T92/><D92/><U14/><E95/><V17/><F17/><W37/><G37/><T112/><D112/><U99/><E38/><V57/><F107/><W88/><G90/><T109/><D109/><U41/><E45/><N who="2" m="25895" /><F70/><W62/><G71/><T100/><D100/><N who="2" m="38442" /><F74/><W87/><G68/><T55/><D55/><U13/><E53/><V118/><F118/><W35/><G35/><T113/><D113/><U58/><E75/><V15/><F54/><N who="3" m="32199" /><G66/><T124/><D124/><U133/><E73/><V111/><F111/><W119/><G119/><T126/><D126/><U115/><E133/><V10/><F67/><W117/><G117/><T105/><D105/><U93/><E115/><V19/><F19/><W77/><G77/><T80/><D80/><RYUUKYOKU ba="0,1" sc="265,15,250,-15,283,15,192,-15" hai0="2,3,5,11,42,44,51,76,82,85,91,94,97" hai2="4,10,12,15,52,57,60" /><INIT seed="4,1,1,2,2,56" ten="280,235,298,177" oya="0" hai0="101,61,115,95,0,75,102,90,85,70,20,35,107" hai1="55,104,52,16,2,116,68,6,103,11,88,21,94" hai2="45,97,19,93,39,81,89,63,1,37,122,24,64" hai3="41,28,134,82,32,73,120,118,13,125,86,50,48"/><T36/><D36/><U130/><E116/><V72/><F122/><W66/><G118/><T26/><D0/><U80/><E68/><V77/><F1/><W108/><G108/><T9/><D75/><U43/><E80/><V111/><F111/><W79/><G120/><T25/><D115/><U84/><E130/><V51/><F19/><W58/><G134/><T123/><D123/><U124/><E124/><V69/><F24/><W42/><G125/><T132/><D132/><U91/><E91/><V31/><F31/><W54/><G32/><T65/><D107/><U128/><E128/><V127/><F127/><W105/><G105/><T67/><D67/><U87/><E87/><V30/><F30/><W109/><G109/><T74/><D74/><U60/><E43/><AGARI ba="1,1" hai="37,39,43,45,51,63,64,69,72,77,81,89,93,97" machi="43" ten="30,2000,0" yaku="7,1,52,1" doraHai="56" who="2" fromWho="1" sc="280,0,235,-23,298,33,177,0" owari="280,8.0,212,-18.8,331,43.1,177,-32.3" /></mjloggm>