<mjloggm ver="2.3"><GO type="225" lobby="0"/><UN n0="%E6%9D%B1%E9%A2%A8%E3%81%AE%E3%81%8D%E3%82%83%E3%81%B7%E3%81%95%E3%82%93" n1="%72%61%6B%33" n2="%E3%83%A9%E3%83%BC%E3%83%A1%E3%83%B3%E4%BA%94%E9%83%8E" n3="%E3%81%95%E3%81%8D%E3%81%9F%E3%81%BE%E6%9E%97%E6%AA%8E" dan="16,16,16,16" rate="2197.94,2136.80,2148.80,2097.91" sx="M,M,M,M"/><TAIKYOKU oya="0"/><INIT seed="0,0,0,2,3,70" ten="250,250,250,250" oya="0" hai0="63,23,25,134,79,135,105,27,0,123,26,37,89" hai1="90,120,53,55,58,2,96,98,83,21,64,112,99" hai2="132,91,34,65,61,57,95,69,122,82,7,78,130" hai3="31,59,45,66,16,107,133,127,87,88,44,52,38"/><T104/><D0/><U14/><E2/><V1/><F122/><W85/><G107/><N who="0" m="41035" /><D79/><U108/><E108/><V72/><F34/><W10/><G127/><T73/><D63/><N who="1" m="38007" /><E112/><V28/><F28/><W6/><G31/><T50/><D50/><U124/><E124/><V131/><F132/><N who="0" m="50730" /><D123/><U125/><E125/><V4/><F69/><W5/><G133/><T121/><D121/><U74/><E74/><V32/><F32/><W68/><G68/><T129/><D73/><U60/><E60/><V94/><F1/><W24/><G38/><T9/><D9/><U117/><E117/><V54/><F65/><W76/><G76/><T49/><D49/><U11/><E21/><V18/><F72/><W81/><G66/><T77/><D77/><U29/><E29/><V106/><F78/><N who="3" m="46263" /><G45/><T97/><D37/><U101/><E101/><V20/><F61/><N who="3" m="36071" /><G44/><T75/><D75/><U62/><E62/><V8/><F57/><W48/><G48/><T128/><D23/><U51/><E51/><V84/><F20/><N who="3" m="13319" /><G10/><T40/><D40/><U92/><E120/><V42/><F42/><W46/><G46/><T93/><AGARI ba="0,0" hai="25,26,27,89,93,97,128,129" m="50730,41035" machi="93" ten="40,2100,0" yaku="20,1" doraHai="70" who="0" fromWho="0" sc="250,21,250,-7,250,-7,250,-7" /><INIT seed="0,1,0,2,5,134" ten="271,243,243,243" oya="0" hai0="115,118,25,103,65,27,38,9,86,17,67,12,0" hai1="95,124,102,6,59,14,129,120,42,32,78,28,76" hai2="24,71,44,126,62,1,70,80,40,23,81,92,35" hai3="19,93,7,90,57,133,29,109,68,61,2,36,10"/><T43/><D118/><U34/><E120/><V60/><F1/><W37/><G109/><T26/><D115/><U30/><E42/><V82/><F35/><W4/><G68/><T123/><D123/><U46/><E46/><V73/><F73/><W130/><G130/><T98/><D0/><U50/><E14/><V3/><F3/><W16/><G7/><T117/><D117/><U119/><E50/><N who="2" m="26887" /><F71/><W89/><G29/><T5/><D43/><U101/><E59/><V72/><F72/><W54/><G133/><T48/><D38/><U112/><E6/><V52/><F70/><W84/><REACH who="3" step="1"/><G89/><REACH who="3" ten="271,243,243,233" step="2"/><T79/><D5/><U135/><E135/><V131/><F131/><W85/><G85/><T53/><D86/><U110/><E129/><V56/><F62/><W88/><G88/><T64/><D79/><U132/><E132/><V20/><F60/><W83/><G83/><T107/><REACH who="0" step="1"/><D48/><REACH who="0" ten="261,243,243,233" step="2"/><U58/><E119/><V55/><F81/><W100/><G100/><T63/><D63/><U45/><E102/><V74/><F82/><W41/><G41/><T106/><D106/><U121/><E101/><V97/><F80/><W113/><G113/><T116/><D116/><U31/><E112/><V21/><F74/><W108/><G108/><T13/><D13/><U51/><E110/><V66/><F92/><W94/><G94/><T8/><D8/><U11/><E11/><V111/><F111/><W77/><G77/><T75/><D75/><U47/><E95/><V122/><F122/><W22/><G22/><T69/><D69/><U87/><E78/><V33/><F20/><RYUUKYOKU ba="1,2" sc="261,15,243,-15,243,-15,233,15" hai0="9,12,17,25,26,27,53,64,65,67,98,103,107" hai3="2,4,10,16,19,36,37,54,57,61,84,90,93" /><INIT seed="0,2,2,3,4,110" ten="276,228,228,248" oya="0" hai0="2,89,87,84,98,79,65,39,30,32,69,126,121" hai1="61,24,76,83,19,90,0,11,107,5,78,4,22" hai2="63,86,128,18,46,93,96,119,37,29,40,97,1" hai3="135,115,81,49,36,116,122,114,44,9,100,35,28"/><T133/><D39/><U50/><E107/><V51/><F1/><W92/><G116/><T111/><D2/><U45/><E5/><V88/><F119/><W94/><G36/><T55/><D55/><U80/><E61/><V7/><F128/><W21/><G35/><T20/><D32/><U67/><E67/><V99/><F7/><W123/><G135/><T131/><D121/><N who="3" m="46089" /><G9/><T47/><D111/><U23/><E90/><V77/><F29/><W73/><G73/><T12/><D65/><U129/><E129/><V112/><F112/><N who="3" m="43051" /><G81/><T26/><D131/><U124/><BYE who="3" /><E124/><V66/><F37/><W118/><G118/><T125/><D69/><UN n3="%E3%81%95%E3%81%8D%E3%81%9F%E3%81%BE%E6%9E%97%E6%AA%8E" /><U82/><REACH who="1" step="1"/><E22/><REACH who="1" ten="276,218,228,248" step="2"/><V108/><F108/><W106/><G106/><T71/><D133/><U8/><E8/><V103/><F77/><W17/><G17/><BYE who="3" /><T31/><D79/><U132/><E132/><V60/><F18/><W59/><G59/><T53/><D125/><UN n3="%E3%81%95%E3%81%8D%E3%81%9F%E3%81%BE%E6%9E%97%E6%AA%8E" /><U43/><AGARI ba="2,3" hai="0,4,11,19,23,24,43,45,50,76,78,80,82,83" machi="43" ten="30,2000,0" yaku="1,1,0,1,53,0" doraHai="110" doraHaiUra="68" who="1" fromWho="1" sc="276,-12,218,56,228,-7,248,-7" /><INIT seed="1,0,0,1,2,99" ten="264,274,221,241" oya="1" hai0="25,9,10,73,71,81,42,101,68,74,21,29,119" hai1="8,111,107,3,22,123,61,5,40,70,60,44,58" hai2="92,0,14,23,109,78,124,64,49,17,98,4,19" hai3="30,24,135,113,18,75,41,110,87,82,6,34,118"/><U47/><E123/><V2/><F109/><W104/><G113/><T69/><D119/><U54/><E111/><V134/><F134/><W55/><G110/><T65/><D42/><U90/><E107/><V128/><F128/><W112/><G118/><T1/><D65/><U121/><E121/><V26/><F124/><W86/><G135/><T43/><D43/><U122/><E122/><V89/><F4/><W108/><G108/><T59/><D59/><U37/><E44/><V27/><F78/><W31/><G104/><T133/><D133/><U96/><E22/><V33/><F64/><W95/><G41/><T120/><D120/><U93/><REACH who="1" step="1"/><E70/><REACH who="1" ten="264,264,221,241" step="2"/><V28/><REACH who="2" step="1"/><F49/><AGARI ba="0,1" hai="3,5,8,37,40,47,49,54,58,60,61,90,93,96" machi="49" ten="30,5800,0" yaku="1,1,2,1,7,1,53,0" doraHai="99" doraHaiUra="97" who="1" fromWho="2" sc="264,0,264,68,221,-58,241,0" /><INIT seed="1,1,0,2,4,83" ten="264,332,163,241" oya="1" hai0="21,39,100,117,0,47,87,73,43,23,37,98,54" hai1="13,128,20,123,94,41,25,8,56,51,102,5,92" hai2="1,90,135,9,106,103,61,14,101,113,78,7,91" hai3="64,111,114,40,71,38,59,24,86,70,33,104,62"/><U120/><E128/><V48/><F135/><W42/><G104/><T95/><D73/><U131/><E131/><V77/><F113/><W97/><G97/><T134/><D0/><U4/><E4/><V74/><F1/><W29/><G114/><T89/><D134/><U125/><E125/><V32/><F32/><W88/><G111/><T81/><D117/><U85/><E102/><V124/><F124/><W68/><REACH who="3" step="1"/><G38/><REACH who="3" ten="264,332,163,231" step="2"/><T31/><D37/><U127/><E127/><V44/><F106/><W93/><AGARI ba="1,1" hai="24,29,33,40,42,59,62,64,68,70,71,86,88,93" machi="93" ten="30,8000,1" yaku="1,1,2,1,0,1,52,1,54,1,53,0" doraHai="83" doraHaiUra="107" who="3" fromWho="3" sc="264,-21,332,-41,163,-21,231,93" /><INIT seed="2,0,0,1,5,27" ten="243,291,142,324" oya="2" hai0="99,90,127,47,75,57,97,64,39,117,113,71,7" hai1="128,38,59,49,130,61,78,25,30,124,37,67,42" hai2="109,115,91,63,4,119,69,93,86,77,43,65,68" hai3="110,123,132,134,135,53,114,133,51,11,87,32,81"/><V88/><F115/><W83/><G110/><T94/><D75/><U107/><E107/><V19/><F119/><W112/><G123/><T21/><D71/><U54/><E78/><V26/><F109/><W5/><G32/><T74/><D74/><U56/><E124/><V18/><F43/><W58/><N who="3" m="33792" /><DORA hai="129" /><W2/><REACH who="3" step="1"/><G83/><REACH who="3" ten="243,291,142,314" step="2"/><T62/><D117/><U89/><E130/><V9/><F69/><W6/><G6/><T33/><D7/><U126/><E128/><V102/><F102/><W14/><G14/><T106/><D33/><U17/><E126/><V44/><F26/><W84/><G84/><T118/><D127/><U116/><E25/><V45/><F77/><AGARI ba="0,1" hai="2,5,11,51,53,58,77,81,87,112,114" m="33792" machi="77" ten="70,12000,2" yaku="1,1,20,1,52,4,53,1" doraHai="27,129" doraHaiUra="29,72" who="3" fromWho="2" sc="243,0,291,0,142,-120,314,130" /><INIT seed="3,0,0,4,5,51" ten="243,291,22,444" oya="3" hai0="109,42,78,63,130,70,15,3,122,14,127,43,94" hai1="98,30,71,44,128,107,25,27,39,31,16,79,87" hai2="50,48,8,88,65,113,92,76,115,114,117,47,134" hai3="104,7,0,86,111,108,90,29,102,101,10,45,34"/><W22/><G34/><T97/><D3/><U38/><E71/><V69/><F8/><W124/><G124/><T13/><D122/><U52/><E79/><V62/><F76/><W106/><G45/><T119/><D119/><U123/><E87/><V81/><F81/><W35/><G35/><T2/><D2/><U80/><E80/><V28/><F28/><W5/><G5/><T132/><D127/><U129/><E123/><V64/><F117/><W82/><G22/><T105/><D132/><U21/><E107/><V55/><F92/><W100/><G29/><T20/><D130/><N who="1" m="50283" /><E98/><V11/><F88/><W133/><G133/><T103/><D109/><AGARI ba="0,0" hai="0,7,10,82,86,90,100,101,102,104,106,108,109,111" machi="109" ten="40,3900,0" yaku="14,1,10,1" doraHai="51" who="3" fromWho="0" sc="243,-39,291,0,22,0,444,39" owari="204,-19.6,291,9.1,22,-47.8,483,58.3" /></mjloggm>