<mjloggm ver="2.3"><GO type="225" lobby="0"/><UN n0="%E9%B3%B3%E6%9D%B1%E3%81%AE%E3%81%86%E3%81%95%E3%81%8E%E3%81%95%E3%82%93" n1="%4C%4F%4C%49%54%41" n2="%6E%69%63%6F%6E%74%6F" n3="%E6%B4%BE%E9%81%A3%E3%81%AE%E3%82%B8%E3%83%A3%E3%83%83%E3%82%AF" dan="17,16,16,17" rate="2186.62,2204.77,2146.98,2214.06" sx="M,F,M,M"/><TAIKYOKU oya="0"/><INIT seed="0,0,0,0,4,67" ten="250,250,250,250" oya="0" hai0="77,72,42,62,135,82,79,71,126,127,51,133,15" hai1="0,100,64,89,76,12,35,95,97,70,115,118,4" hai2="10,104,52,18,14,49,36,9,59,74,1,26,85" hai3="38,110,83,129,125,99,134,75,39,37,93,94,91"/><T130/><D15/><U56/><E118/><V88/><F74/><W47/><G110/><T128/><D79/><U57/><E35/><V81/><F104/><W50/><G129/><N who="0" m="49771" /><D42/><U96/><E0/><V21/><F36/><W22/><G125/><N who="0" m="47627" /><D51/><U29/><E29/><V40/><F1/><W117/><G117/><T54/><D54/><U60/><E76/><V30/><REACH who="2" step="1"/><F40/><REACH who="2" ten="250,250,240,250" step="2"/><W111/><G75/><T31/><D31/><U102/><E115/><V32/><AGARI ba="0,1" hai="9,10,14,18,21,26,30,32,49,52,59,81,85,88" machi="32" ten="20,12000,2" yaku="1,1,2,1,0,1,7,1,54,2,53,1" doraHai="67" doraHaiUra="28" who="2" fromWho="2" sc="250,-60,250,-30,240,130,250,-30" /><INIT seed="1,0,0,4,1,15" ten="190,220,370,220" oya="1" hai0="106,35,96,102,128,59,80,100,85,43,52,87,79" hai1="117,86,104,110,92,8,107,29,32,122,48,23,129" hai2="101,60,98,120,73,72,0,134,103,54,71,135,64" hai3="121,3,37,1,39,58,118,5,95,49,16,62,114"/><U76/><E117/><V18/><F120/><W131/><G121/><T75/><D128/><U126/><E122/><V20/><F0/><W124/><G114/><T51/><D35/><U56/><E32/><V41/><F41/><W27/><G49/><T82/><D43/><U93/><E126/><V40/><F40/><W112/><G112/><T97/><REACH who="0" step="1"/><D80/><REACH who="0" ten="180,220,370,220" step="2"/><U6/><E129/><V36/><F135/><W44/><G131/><T132/><D132/><U83/><E83/><V116/><F134/><W33/><G33/><T130/><D130/><U45/><E110/><V113/><F113/><W133/><G133/><T26/><D26/><U70/><E107/><AGARI ba="0,1" hai="51,52,59,75,79,82,85,87,96,97,100,102,106,107" machi="107" ten="30,7700,0" yaku="1,1,7,1,9,1,54,1,53,0" doraHai="15" doraHaiUra="11" who="0" fromWho="1" sc="180,87,220,-77,370,0,220,0" /><INIT seed="2,0,0,4,2,88" ten="267,143,370,220" oya="2" hai0="44,87,59,90,101,41,70,119,123,116,50,112,69" hai1="94,122,126,33,60,129,58,27,24,56,104,97,79" hai2="19,36,127,132,81,16,96,39,95,1,14,100,72" hai3="38,13,128,73,64,110,21,47,31,32,106,105,130"/><V67/><F1/><W51/><G110/><T103/><D123/><U20/><E122/><V7/><F132/><W108/><G108/><T125/><D112/><U8/><E126/><V113/><F113/><W99/><G73/><T42/><D125/><U77/><E104/><V40/><F127/><W29/><G38/><T22/><D41/><U133/><E129/><N who="3" m="49770" /><G64/><T23/><D59/><U120/><E120/><V52/><F67/><W61/><G61/><T45/><D45/><U2/><E133/><V4/><F40/><W25/><G99/><T68/><D101/><U11/><E33/><V83/><F52/><N who="3" m="29823" /><G31/><T46/><D103/><U76/><E2/><V117/><F117/><N who="0" m="45130" /><D44/><U118/><E118/><V92/><F96/><W62/><G62/><T91/><D91/><U63/><E63/><V48/><F100/><W3/><G3/><T82/><AGARI ba="0,0" hai="22,23,42,46,50,68,69,70,82,87,90" m="45130" machi="82" ten="40,1500,0" yaku="12,1" doraHai="88" who="0" fromWho="0" sc="267,15,143,-4,370,-7,220,-4" /><INIT seed="3,0,0,5,5,113" ten="282,139,363,216" oya="3" hai0="91,125,45,111,114,12,71,49,35,1,32,55,115" hai1="8,13,22,99,4,28,118,102,101,87,39,61,69" hai2="65,60,135,100,77,24,121,104,62,132,78,50,26" hai3="64,133,134,95,76,103,86,10,46,0,74,126,42"/><W131/><G64/><T3/><D71/><U38/><E69/><V14/><F121/><W11/><G126/><T96/><D125/><U40/><E61/><N who="2" m="23659" /><F65/><W36/><G131/><T5/><D12/><U119/><E101/><V6/><F50/><W58/><G58/><T44/><D44/><U109/><E109/><V84/><F78/><W68/><G68/><T19/><D19/><U43/><E87/><V7/><F100/><W120/><G120/><T72/><D72/><U37/><E28/><V2/><F104/><W52/><G52/><T110/><D91/><U73/><E22/><V85/><F2/><N who="0" m="522" /><D96/><U41/><REACH who="1" step="1"/><E73/><REACH who="1" ten="282,129,363,216" step="2"/><V129/><F129/><W70/><G70/><T105/><D111/><U21/><E21/><V122/><F85/><W30/><G30/><T15/><D110/><U116/><E116/><V127/><F84/><W57/><G86/><T107/><D32/><U59/><E59/><V18/><F122/><W53/><G57/><T98/><D35/><U106/><AGARI ba="0,1" hai="4,8,13,37,38,39,40,41,43,99,102,106,118,119" machi="106" ten="40,8000,1" yaku="1,1,0,1,52,2,53,0" doraHai="113" doraHaiUra="108" who="1" fromWho="1" sc="282,-20,129,90,363,-20,216,-40" owari="262,6.2,219,-18.1,343,44.3,176,-32.4" /></mjloggm>