<mjloggm ver="2.3"><GO type="225" lobby="0"/><UN n0="%E3%81%8B%E3%82%8F%E3%81%A1%E3%82%83%E3%82%93%35%38" n1="%E6%A1%9C%E8%8A%B1%E9%96%83%E3%80%85" n2="%E5%B8%86%E7%AB%8B%E5%A4%8F%E8%A1%A3" n3="%72%65%6E%6B%75%6E" dan="16,17,17,17" rate="2190.29,2168.33,2204.82,2211.12" sx="M,M,M,M"/><TAIKYOKU oya="0"/><INIT seed="0,0,0,4,3,11" ten="250,250,250,250" oya="0" hai0="62,87,15,122,121,61,109,39,84,10,104,4,16" hai1="31,73,20,21,106,66,56,126,49,90,38,129,77" hai2="111,24,60,59,89,99,45,119,12,107,133,63,96" hai3="81,22,51,72,95,71,27,83,54,74,91,108,19"/><T44/><D104/><U79/><E38/><V132/><F111/><W5/><G71/><T128/><D128/><U8/><E106/><V55/><F119/><W65/><G65/><T117/><D117/><U40/><E126/><V53/><F107/><W82/><G5/><T135/><D135/><N who="2" m="51786" /><F24/><W64/><G64/><T33/><D33/><U114/><E90/><V98/><F12/><W78/><G108/><T37/><D109/><U41/><E49/><N who="2" m="28847" /><F63/><W18/><G18/><T94/><D39/><U101/><E31/><V100/><F100/><W127/><G127/><T58/><D121/><U43/><E101/><V134/><N who="2" m="51794" /><V116/><DORA hai="97" /><F116/><W68/><G68/><T80/><D122/><U102/><E102/><V13/><F13/><W85/><REACH who="3" step="1"/><G78/><REACH who="3" ten="250,250,250,240" step="2"/><T29/><D4/><U118/><E79/><V92/><AGARI ba="0,1" hai="55,59,60,89,92,96,98,99" m="28847,51794" machi="92" ten="40,1500,0" yaku="20,1" doraHai="11,97" who="2" fromWho="2" sc="250,-7,250,-4,250,25,240,-4" /><INIT seed="1,0,0,3,2,39" ten="243,246,275,236" oya="1" hai0="115,49,120,6,91,40,54,119,86,82,35,85,2" hai1="117,135,64,76,124,46,4,26,133,63,12,109,17" hai2="71,87,129,1,7,41,93,104,70,34,127,45,25" hai3="68,98,37,19,112,10,95,97,38,16,44,14,69"/><U8/><E117/><V113/><F87/><W28/><G112/><T51/><D119/><U89/><E76/><V123/><F93/><W73/><G73/><T57/><D115/><U42/><E124/><V108/><F113/><W11/><G28/><T58/><D35/><U30/><E89/><V52/><F52/><W43/><G38/><T24/><D120/><U105/><E105/><V22/><F22/><W103/><G98/><T125/><D125/><U21/><E109/><V5/><F5/><W100/><G100/><T78/><D2/><U74/><E74/><V3/><F127/><W99/><G99/><T102/><D6/><U94/><E94/><V79/><F123/><W18/><REACH who="3" step="1"/><G10/><REACH who="3" ten="243,246,275,226" step="2"/><T23/><D102/><U111/><E111/><V15/><F108/><W31/><G31/><N who="0" m="17823" /><D40/><U106/><E30/><V0/><F41/><W101/><G101/><T81/><D49/><U83/><E106/><V122/><F104/><W53/><G53/><T50/><D51/><U90/><E42/><V29/><F122/><W56/><G56/><AGARI ba="0,1" hai="50,54,56,57,58,78,81,82,85,86,91" m="17823" machi="56" ten="30,1000,0" yaku="8,1" doraHai="39" who="0" fromWho="3" sc="243,20,246,0,275,0,226,-10" /><INIT seed="2,0,0,4,2,121" ten="263,246,275,216" oya="2" hai0="21,43,52,31,108,29,123,41,119,92,128,37,63" hai1="84,86,67,24,64,79,110,87,28,132,94,33,106" hai2="131,30,134,48,11,39,12,77,109,62,76,58,103" hai3="129,101,32,7,26,95,15,125,6,38,96,90,14"/><V113/><F39/><W2/><G38/><T35/><D123/><U102/><E106/><V133/><F113/><W127/><G129/><T51/><D35/><U85/><E132/><N who="2" m="50795" /><F131/><W112/><G112/><T49/><D37/><U120/><E120/><V88/><F103/><W111/><G90/><T65/><D128/><U8/><E8/><V78/><F30/><N who="3" m="19543" /><G2/><T104/><D104/><U69/><E69/><V4/><F48/><W97/><G97/><T47/><D119/><U105/><E105/><V135/><N who="2" m="50803" /><V22/><DORA hai="25" /><F22/><W74/><G74/><T117/><D117/><U23/><E110/><V42/><F42/><W54/><G54/><T59/><D108/><U83/><REACH who="1" step="1"/><E33/><REACH who="1" ten="263,236,275,216" step="2"/><V50/><F109/><W80/><G111/><T61/><D21/><U89/><E89/><V126/><F88/><N who="3" m="55399" /><G80/><T56/><D92/><U57/><E57/><V81/><F81/><W18/><G101/><T91/><D91/><U124/><E124/><N who="3" m="47690" /><G14/><T3/><D3/><U10/><E10/><AGARI ba="0,1" hai="6,7,10,15,18" m="47690,55399,19543" machi="10" ten="30,3900,0" yaku="18,1,52,1,54,1" doraHai="121,25" who="3" fromWho="1" sc="263,0,236,-39,275,0,216,49" /><INIT seed="3,0,0,2,5,37" ten="263,197,275,265" oya="3" hai0="22,6,24,33,64,73,39,62,11,29,63,129,15" hai1="94,41,45,121,34,120,56,106,4,135,18,31,128" hai2="74,40,67,86,61,126,76,85,66,124,87,30,58" hai3="130,81,47,13,79,80,60,51,65,103,59,133,110"/><W125/><G130/><T1/><D129/><U113/><E106/><V118/><F118/><W23/><G125/><N who="2" m="48233" /><F30/><W19/><G133/><T116/><D116/><U119/><E128/><V90/><F67/><W25/><G110/><T32/><D73/><U17/><E119/><V109/><F109/><W107/><G107/><T89/><D39/><U95/><E113/><V20/><F20/><W111/><G111/><T49/><D89/><U50/><E135/><V83/><F90/><W77/><G103/><T71/><D1/><U16/><E4/><V134/><F134/><W68/><G68/><T96/><D96/><U99/><E56/><V8/><F8/><W105/><G105/><T38/><D38/><U98/><E98/><V28/><F28/><W42/><G25/><T114/><D114/><U102/><REACH who="1" step="1"/><E95/><REACH who="1" ten="263,187,275,265" step="2"/><V72/><F72/><W57/><G57/><T123/><D6/><U84/><E84/><V46/><F74/><W7/><G7/><T97/><D97/><U104/><E104/><V75/><F75/><W48/><G48/><AGARI ba="0,1" hai="40,46,48,58,61,66,76,83,85,86,87" m="48233" machi="48" ten="30,2000,0" yaku="18,1,52,1" doraHai="37" who="2" fromWho="3" sc="263,0,187,0,275,30,265,-20" owari="263,6.3,187,-31.3,305,40.5,245,-15.5" /></mjloggm>