<mjloggm ver="2.3"><GO type="225" lobby="0"/><UN n0="%E5%B0%8F%E9%B3%A5%E9%81%8A%E7%B7%B4%E7%84%A1%32%31%E6%AD%B3" n1="%E3%83%B4%E3%83%A0%EF%BC%99%E3%81%A6" n2="%E3%83%96%E3%83%83%E3%83%91%E3%82%AA%E3%83%96%E3%83%81%E3%82%AD%E3%83%B3" n3="%E3%81%A4%E3%81%A3%E3%81%B1%E3%82%8A%E3%83%9D%E3%83%BC%E3%83%AB" dan="16,17,16,17" rate="2187.03,2145.78,2161.46,2176.57" sx="F,M,M,M"/><TAIKYOKU oya="0"/><INIT seed="0,0,0,0,5,63" ten="250,250,250,250" oya="0" hai0="8,118,56,105,117,51,9,83,127,86,48,76,129" hai1="53,24,77,28,90,6,3,123,41,59,103,133,134" hai2="113,20,50,27,44,102,10,78,88,55,95,114,2" hai3="68,110,37,23,17,11,109,54,135,62,70,67,128"/><T131/><D105/><U61/><E123/><V81/><F102/><W111/><G37/><T38/><D38/><U92/><E103/><V36/><F36/><W0/><G128/><N who="0" m="49227" /><D127/><U94/><E41/><V98/><F10/><N who="0" m="4202" /><D56/><U71/><E6/><V4/><F2/><W52/><G135/><N who="1" m="51722" /><E77/><V69/><F69/><W58/><G70/><T112/><D112/><U57/><E3/><V31/><REACH who="2" step="1"/><F4/><REACH who="2" ten="250,250,240,250" step="2"/><N who="3" m="1415" /><G68/><T91/><D91/><U5/><E71/><V1/><F1/><W35/><G35/><T39/><D39/><U26/><E90/><V104/><F104/><W25/><AGARI ba="0,1" hai="17,23,25,52,54,58,62,67,109,110,111" m="1415" machi="25" ten="30,4000,0" yaku="14,1,52,1,54,1" doraHai="63" who="3" fromWho="3" sc="250,-20,250,-10,240,-10,250,50" /><INIT seed="1,0,0,0,2,44" ten="230,240,230,300" oya="1" hai0="28,62,94,24,59,35,119,1,5,127,64,33,101" hai1="6,116,102,93,121,86,34,51,132,75,113,20,91" hai2="61,49,7,109,71,15,133,47,76,81,16,37,53" hai3="38,74,19,88,41,73,17,65,11,21,12,25,14"/><U42/><E113/><V22/><F109/><W118/><G118/><T123/><D119/><U36/><E116/><V72/><F133/><W0/><G0/><T57/><D127/><U66/><E121/><V30/><F30/><W128/><G128/><T100/><D123/><U77/><E34/><V43/><F7/><W79/><G65/><T27/><D57/><U48/><E132/><V89/><F89/><W23/><G79/><T84/><D5/><U124/><E124/><V3/><F3/><W83/><G41/><T40/><D40/><U29/><E66/><V126/><F126/><W32/><G38/><T90/><REACH who="0" step="1"/><D1/><REACH who="0" ten="220,240,230,300" step="2"/><U104/><E42/><V55/><REACH who="2" step="1"/><F37/><REACH who="2" ten="220,240,220,300" step="2"/><W129/><G129/><T69/><D69/><U85/><E36/><V108/><F108/><W134/><G134/><T63/><D63/><U4/><E4/><V114/><F114/><W87/><G32/><T97/><D97/><N who="1" m="61519" /><E6/><AGARI ba="0,2" hai="6,11,12,14,17,19,21,23,25,73,74,83,87,88" machi="6" ten="30,2000,0" yaku="7,1,54,1" doraHai="44" who="3" fromWho="1" sc="220,0,240,-20,220,0,300,40" /><INIT seed="2,0,0,1,5,120" ten="220,220,220,340" oya="2" hai0="30,124,72,133,82,101,23,117,135,10,48,25,31" hai1="73,56,53,44,71,57,43,34,24,126,104,63,20" hai2="74,37,45,89,41,99,54,86,29,13,59,111,121" hai3="19,65,35,109,108,81,8,112,68,88,0,114,60"/><V1/><F121/><W78/><G35/><T77/><D117/><U107/><E73/><V2/><F74/><N who="3" m="43223" /><G88/><T36/><D36/><U47/><E71/><V76/><F29/><W115/><G19/><T130/><D130/><U46/><E43/><V96/><F76/><W32/><G32/><T122/><D122/><U11/><E34/><V49/><F111/><W4/><AGARI ba="0,0" hai="0,4,8,60,65,68,108,109,112,114,115" m="43223" machi="4" ten="40,8000,1" yaku="11,1,23,1,52,2" doraHai="120" who="3" fromWho="3" sc="220,-20,220,-20,220,-40,340,80" /><INIT seed="3,0,0,0,0,90" ten="200,200,180,420" oya="3" hai0="96,135,87,79,76,33,28,77,65,98,80,10,91" hai1="125,88,99,110,116,25,39,115,74,60,123,2,120" hai2="83,102,119,72,101,134,86,12,105,7,31,68,64" hai3="51,15,11,127,109,128,73,43,104,26,111,49,63"/><W5/><G128/><T82/><D135/><U117/><E115/><V81/><F119/><N who="1" m="45641" /><E110/><N who="3" m="41994" /><G127/><T47/><D65/><U35/><E125/><V70/><F134/><W56/><G104/><T1/><D33/><U37/><E2/><V112/><F112/><W13/><G73/><T129/><D28/><N who="1" m="19855" /><E74/><V97/><F102/><W3/><G26/><T45/><D129/><U118/><E118/><V32/><F72/><W42/><G51/><T133/><D133/><U55/><E55/><V94/><F7/><W4/><G49/><T59/><D59/><U114/><E60/><N who="2" m="39943" /><F12/><N who="3" m="4683" /><G5/><T122/><D1/><U20/><E20/><V85/><F85/><W92/><G92/><N who="0" m="54399" /><D10/><U34/><E34/><V54/><F86/><W46/><G46/><N who="0" m="17419" /><D122/><N who="1" m="46635" /><E114/><V75/><F75/><W89/><G89/><T53/><D53/><AGARI ba="0,0" hai="3,4,11,42,43,53,56,63" m="4683,41994" machi="53" ten="30,2900,0" yaku="14,1,10,1" doraHai="90" who="3" fromWho="0" sc="200,-29,200,0,180,0,420,29" owari="171,-32.9,200,0.0,180,-22.0,449,54.9" /></mjloggm>