<mjloggm ver="2.3"><GO type="225" lobby="0"/><UN n0="%50%69%73%38" n1="%E3%80%90%E3%83%88%E3%83%AA%E3%83%A5%E3%83%95%E3%80%91" n2="%6C%61%6D%62" n3="%E3%81%90%E3%81%A1%E3%82%84%E3%81%BE" dan="16,16,16,16" rate="2098.05,2061.87,2229.38,2136.98" sx="M,M,M,M"/><TAIKYOKU oya="0"/><INIT seed="0,0,0,1,2,36" ten="250,250,250,250" oya="0" hai0="77,90,125,41,122,31,19,20,14,74,110,13,130" hai1="127,27,120,65,82,34,83,9,121,44,78,57,4" hai2="49,70,85,22,21,97,45,87,61,48,0,64,60" hai3="66,56,33,93,5,71,123,100,32,47,115,103,23"/><T126/><D122/><U104/><E104/><V119/><F0/><W8/><G115/><T28/><D130/><U35/><E127/><N who="0" m="48649" /><D110/><U68/><E57/><V39/><F119/><W29/><G71/><T135/><D135/><U76/><E65/><V17/><F39/><W105/><G105/><T112/><D112/><U134/><E68/><V59/><F97/><W80/><G80/><N who="0" m="45111" /><D41/><U6/><E27/><V129/><F22/><W58/><G23/><N who="0" m="11759" /><D90/><U30/><E30/><V107/><F107/><W131/><G29/><T92/><D92/><U3/><E9/><V108/><F108/><W25/><G8/><T12/><D31/><U94/><E94/><V69/><F129/><W99/><G93/><T101/><D101/><U26/><E26/><AGARI ba="0,0" hai="12,14,20,26,28" m="11759,45111,48649" machi="26" ten="30,1500,0" yaku="18,1" doraHai="36" who="0" fromWho="1" sc="250,15,250,-15,250,0,250,0" /><INIT seed="0,1,0,0,1,18" ten="265,235,250,250" oya="0" hai0="50,90,60,133,83,38,8,78,61,47,40,115,20" hai1="70,55,101,75,119,52,0,31,89,14,67,81,32" hai2="28,80,99,122,112,41,98,100,12,69,95,45,15" hai3="102,86,22,39,13,76,107,49,93,123,11,33,66"/><T6/><D115/><U63/><E119/><V57/><F112/><W117/><G33/><T92/><D133/><U97/><E0/><V77/><F69/><W58/><G39/><T73/><D20/><U121/><E14/><V113/><F122/><W65/><G117/><T114/><D50/><U29/><E121/><V59/><F113/><W54/><G107/><T110/><D110/><U74/><E29/><V103/><F28/><W23/><G123/><T62/><D114/><U132/><E132/><V1/><F1/><W91/><G102/><T16/><D16/><U26/><E74/><V5/><F5/><N who="3" m="3311" /><G76/><T24/><D24/><U30/><E30/><V118/><F15/><W56/><G66/><T129/><D129/><U7/><E7/><V82/><F12/><W96/><G86/><N who="0" m="52311" /><D61/><AGARI ba="1,0" hai="22,23,49,54,56,58,61,65,91,93,96" m="3311" machi="61" ten="30,3900,0" yaku="8,1,52,2" doraHai="18" who="3" fromWho="0" sc="265,-42,235,0,250,0,250,42" /><INIT seed="1,0,0,4,4,132" ten="223,235,250,292" oya="1" hai0="51,95,19,1,11,48,84,34,110,45,74,47,22" hai1="15,117,120,93,36,109,121,112,123,17,98,50,13" hai2="68,62,29,67,127,113,118,8,42,21,106,76,44" hai3="130,129,79,134,126,25,56,90,26,23,24,40,69"/><U32/><E36/><V12/><F118/><W52/><G69/><T9/><D34/><U107/><E117/><V88/><F106/><W115/><G115/><T49/><D74/><U41/><E107/><V4/><F113/><W6/><G134/><T16/><D110/><U38/><E38/><V70/><F76/><W33/><G33/><T80/><D95/><U81/><E32/><V114/><F114/><W71/><G71/><T66/><D66/><U104/><E104/><V75/><F75/><W77/><G40/><T43/><D1/><U124/><E81/><V105/><F105/><W87/><G126/><T78/><D49/><U111/><E112/><V122/><F122/><W0/><G23/><T14/><REACH who="0" step="1"/><D19/><REACH who="0" ten="213,235,250,292" step="2"/><U85/><E17/><V102/><F67/><W86/><G0/><T55/><AGARI ba="0,1" hai="9,11,14,16,22,43,45,47,48,51,55,78,80,84" machi="55" ten="20,12000,2" yaku="1,1,2,1,0,1,7,1,8,1,54,1,53,0" doraHai="132" doraHaiUra="131" who="0" fromWho="0" sc="213,130,235,-60,250,-30,292,-30" /><INIT seed="2,0,0,3,0,129" ten="343,175,220,262" oya="2" hai0="123,8,38,127,6,47,124,10,27,101,85,0,104" hai1="36,71,30,135,122,15,128,89,106,17,19,113,32" hai2="37,125,24,54,31,14,44,77,23,70,42,63,83" hai3="100,90,76,114,4,64,34,28,55,73,35,94,65"/><V52/><F125/><N who="0" m="48202" /><D123/><U9/><E128/><V126/><F126/><W82/><G100/><T67/><D10/><U69/><E122/><V116/><F116/><W57/><G114/><T59/><D27/><U12/><E36/><V58/><F70/><W53/><G4/><T121/><D121/><U86/><E106/><V118/><F118/><W60/><G28/><T21/><D21/><U13/><E113/><V75/><REACH who="2" step="1"/><F14/><REACH who="2" ten="343,175,210,262" step="2"/><W43/><G34/><T133/><D0/><U39/><E69/><V134/><F134/><W81/><G35/><T41/><D133/><U51/><E71/><V78/><F78/><W61/><G76/><T25/><D25/><U49/><E135/><V72/><F72/><W97/><G73/><T132/><D132/><U93/><E15/><V130/><F130/><W88/><G65/><AGARI ba="0,1" hai="23,24,31,37,42,44,52,54,58,63,65,75,77,83" machi="65" ten="30,5800,0" yaku="1,1,7,1,54,1,53,0" doraHai="129" doraHaiUra="96" who="2" fromWho="3" sc="343,0,175,0,210,68,262,-58" /><INIT seed="2,1,0,0,1,68" ten="343,175,278,204" oya="2" hai0="126,119,56,97,127,4,10,121,39,113,120,117,30" hai1="108,70,73,15,63,12,92,25,24,6,77,36,46" hai2="93,74,100,18,83,0,75,19,38,65,114,67,64" hai3="128,109,57,115,31,62,23,22,90,33,116,42,14"/><V48/><F114/><W49/><G116/><N who="0" m="44619" /><D39/><U76/><E108/><V91/><F0/><W51/><G109/><T98/><D30/><U44/><E73/><V21/><F38/><W96/><G128/><T135/><D56/><U86/><E36/><V43/><F100/><W13/><G115/><T7/><D135/><U28/><E70/><V124/><F124/><N who="0" m="47658" /><D113/><U134/><E134/><V102/><F102/><W122/><G122/><N who="0" m="47211" /><D10/><U61/><E28/><V52/><F43/><W50/><G42/><T20/><D20/><N who="3" m="7721" /><G33/><T11/><D11/><U40/><E40/><V129/><F21/><W84/><G31/><T81/><D81/><U80/><E80/><V110/><F110/><W94/><G13/><T131/><D131/><U47/><E6/><AGARI ba="1,0" hai="4,6,7,97,98" m="47211,47658,44619" machi="6" ten="40,8000,1" yaku="28,2,12,1,18,1" doraHai="68" who="0" fromWho="1" sc="343,83,175,-83,278,0,204,0" /><INIT seed="3,0,0,4,1,114" ten="426,92,278,204" oya="3" hai0="99,71,82,15,104,46,59,53,28,83,90,9,50" hai1="108,77,93,45,97,74,129,89,60,0,135,51,47" hai2="75,25,23,13,18,8,112,39,14,117,2,98,24" hai3="96,85,84,52,16,3,125,62,43,4,12,37,31"/><W56/><G125/><T133/><D71/><U57/><E0/><V91/><F39/><W66/><G31/><T42/><D133/><U134/><E108/><V105/><F75/><W94/><G3/><T58/><D28/><U48/><E129/><V35/><F105/><W86/><G37/><T10/><D59/><U126/><E126/><V29/><F98/><W40/><G4/><T69/><D69/><U76/><E74/><V61/><F91/><N who="3" m="55391" /><G66/><T65/><D65/><U79/><E134/><V54/><F112/><W122/><G122/><T41/><D41/><U68/><E68/><V7/><F61/><W120/><G120/><T101/><D90/><U11/><E135/><V22/><F54/><W123/><G123/><T132/><D132/><U103/><E11/><AGARI ba="0,0" hai="11,12,16,40,43,52,56,62,84,85,86" m="55391" machi="11" ten="30,5800,0" yaku="8,1,54,2" doraHai="114" who="3" fromWho="1" sc="426,0,92,-58,278,0,204,58" /><INIT seed="3,1,0,1,4,68" ten="426,34,278,262" oya="3" hai0="3,113,102,86,129,14,82,108,54,55,70,21,92" hai1="17,80,41,40,11,42,26,43,135,122,49,48,83" hai2="115,95,106,99,117,10,20,77,134,15,6,79,36" hai3="4,71,27,63,56,66,125,22,96,101,75,91,58"/><W32/><G75/><T110/><D3/><U46/><E122/><V103/><F115/><W72/><G72/><T51/><D70/><U16/><E135/><V104/><F117/><W84/><G4/><T116/><D116/><U12/><N who="1" m="10240" /><DORA hai="23" /><U52/><REACH who="1" step="1"/><E49/><REACH who="1" ten="426,24,278,262" step="2"/><V118/><F118/><W132/><G132/><T31/><D113/><U123/><E123/><V114/><F134/><W81/><G125/><T133/><D133/><U119/><E119/><V124/><F114/><W67/><G67/><T94/><D129/><U93/><E93/><N who="0" m="35945" /><D102/><U34/><E34/><V24/><F124/><W9/><G32/><T50/><D51/><U5/><E5/><V28/><F95/><W120/><G120/><T76/><D50/><U2/><E2/><V121/><F121/><W7/><G101/><T127/><D127/><U47/><E47/><V61/><F103/><W30/><G96/><T97/><D97/><U131/><E131/><V19/><F99/><W18/><G30/><T109/><D31/><U73/><E73/><V38/><F28/><W29/><G29/><T13/><D21/><U128/><E128/><V53/><F6/><W25/><G25/><T60/><D60/><U89/><E89/><V112/><F20/><W59/><G71/><T111/><D109/><U62/><E62/><V35/><F35/><W126/><REACH who="3" step="1"/><G126/><REACH who="3" ten="426,24,278,252" step="2"/><T98/><D98/><U0/><E0/><AGARI ba="1,2" hai="0,7,9,18,22,27,56,58,59,63,66,81,84,91" machi="0" ten="30,12000,1" yaku="1,1,2,1,7,1,52,1,53,1" doraHai="68,23" doraHaiUra="45,33" who="3" fromWho="1" sc="426,0,24,-123,278,0,252,143" owari="426,52.6,-99,-59.9,278,-12.2,395,19.5" /></mjloggm>