<mjloggm ver="2.3"><GO type="225" lobby="0"/><UN n0="%E3%81%8B%E3%82%8F%E3%81%A1%E3%82%83%E3%82%93%35%38" n1="%E6%A1%9C%E6%B2%A2%E5%A2%A8" n2="%E9%B7%B9%E5%80%89%E6%9D%8F%E9%88%B4" n3="%E3%81%A4%E3%81%A3%E3%81%B1%E3%82%8A%E3%83%9D%E3%83%BC%E3%83%AB" dan="16,17,16,17" rate="2158.28,2176.80,2083.05,2182.10" sx="M,F,F,M"/><TAIKYOKU oya="0"/><INIT seed="0,0,0,4,5,56" ten="250,250,250,250" oya="0" hai0="63,59,88,34,67,28,58,19,113,4,15,41,57" hai1="18,87,25,124,22,20,90,33,133,23,132,126,81" hai2="116,131,78,115,75,103,108,85,8,84,106,52,97" hai3="74,135,104,53,36,2,3,128,12,31,35,29,49"/><T73/><D73/><U37/><E37/><V48/><F115/><W69/><G36/><T101/><D113/><U14/><E33/><V1/><F108/><W6/><G74/><T61/><D101/><U30/><REACH who="1" step="1"/><E23/><REACH who="1" ten="250,240,250,250" step="2"/><V95/><F116/><W50/><G35/><T134/><D134/><AGARI ba="0,1" hai="14,18,20,22,25,30,81,87,90,124,126,132,133,134" machi="134" ten="40,5200,0" yaku="1,1,2,1,20,1,53,0" doraHai="56" doraHaiUra="7" who="1" fromWho="0" sc="250,-52,240,62,250,0,250,0" /><INIT seed="1,0,0,0,2,42" ten="198,302,250,250" oya="1" hai0="10,11,87,64,56,85,73,72,53,111,76,59,66" hai1="19,107,71,63,5,22,47,108,55,14,12,70,29" hai2="37,24,18,126,116,125,16,100,58,3,54,89,83" hai3="6,91,81,130,30,122,69,7,93,68,31,41,102"/><U65/><E107/><V92/><F116/><W120/><G130/><T106/><D106/><U82/><E108/><V9/><F37/><W118/><G118/><T50/><D76/><U132/><E132/><V123/><F123/><W104/><G104/><T127/><D50/><U98/><E71/><V35/><F100/><W88/><G41/><T131/><D131/><U75/><E29/><V15/><F83/><W23/><G23/><T94/><D94/><U134/><E134/><V97/><F3/><W114/><G93/><T32/><D32/><U109/><E109/><V17/><F35/><W74/><G81/><T49/><D49/><U44/><E98/><V62/><REACH who="2" step="1"/><F24/><REACH who="2" ten="198,302,240,250" step="2"/><W60/><G102/><T1/><D111/><U43/><E82/><V77/><F77/><W20/><G122/><T25/><D1/><U61/><E75/><V45/><F45/><W4/><G74/><T133/><D133/><U80/><E80/><V34/><F34/><W84/><G120/><T128/><D128/><U105/><E105/><V95/><F95/><W8/><G91/><T79/><D79/><U124/><E47/><V21/><F21/><W13/><G88/><T78/><D78/><U101/><E101/><V67/><F67/><W52/><G20/><T57/><D25/><U26/><E26/><V2/><F2/><W121/><G121/><T38/><D38/><U115/><E44/><V27/><F27/><W119/><G119/><T90/><D73/><U129/><E129/><V36/><F36/><W112/><G31/><T86/><D90/><U110/><E110/><V48/><F48/><RYUUKYOKU ba="0,1" sc="198,-10,302,-10,240,30,250,-10" hai2="9,15,16,17,18,54,58,62,89,92,97,125,126" /><INIT seed="2,1,1,5,3,69" ten="188,292,270,240" oya="2" hai0="111,70,39,114,125,53,103,57,35,55,82,32,97" hai1="132,105,91,18,33,102,133,0,110,71,117,99,12" hai2="36,28,29,107,116,44,128,84,43,94,4,45,108" hai3="120,42,77,87,101,34,92,75,121,5,73,24,54"/><V95/><F116/><W90/><G5/><T31/><D114/><U23/><E117/><V67/><F107/><W22/><G34/><T100/><D70/><U78/><E71/><V6/><F67/><W74/><G77/><T79/><D111/><U60/><E0/><V46/><F128/><W40/><G101/><T17/><D125/><U65/><E33/><V51/><F108/><W41/><REACH who="3" step="1"/><G54/><REACH who="3" ten="188,292,270,230" step="2"/><T66/><D103/><U15/><E78/><V81/><F6/><W25/><G25/><T89/><D55/><U1/><E110/><V93/><F4/><W122/><G122/><T80/><D35/><U112/><E102/><V59/><F29/><AGARI ba="1,2" hai="22,24,29,40,41,42,73,74,75,87,90,92,120,121" machi="29" ten="50,1600,0" yaku="1,1,53,0" doraHai="69" doraHaiUra="124" who="3" fromWho="2" sc="188,0,292,0,270,-19,230,39" /><INIT seed="3,0,0,2,2,74" ten="188,292,251,269" oya="3" hai0="130,114,36,84,46,109,100,50,110,23,60,64,51" hai1="45,6,95,83,72,119,8,93,135,35,57,134,53" hai2="34,117,37,22,106,27,87,115,61,31,91,113,75" hai3="65,43,26,105,112,82,3,29,68,80,4,66,86"/><W128/><G112/><T47/><D100/><U49/><E35/><V120/><F117/><W125/><G125/><T126/><D23/><U48/><E119/><V102/><F37/><W2/><G128/><T58/><D84/><U19/><E19/><V12/><F75/><W41/><G105/><T111/><D130/><U33/><E33/><V52/><F120/><W14/><G68/><T56/><D126/><U62/><E48/><N who="0" m="18473" /><D114/><U63/><E63/><V131/><F131/><W98/><G98/><T103/><D103/><U5/><E72/><V9/><F34/><W0/><G14/><T101/><D101/><U122/><E83/><V90/><F102/><W124/><G124/><T59/><D36/><U25/><E25/><V39/><F39/><W71/><G71/><AGARI ba="0,0" hai="46,47,56,58,59,60,64,71,109,110,111" m="18473" machi="71" ten="40,5200,0" yaku="14,1,34,2" doraHai="74" who="0" fromWho="3" sc="188,52,292,0,251,0,269,-52" /><INIT seed="4,0,0,1,0,122" ten="240,292,251,217" oya="0" hai0="35,56,62,117,47,110,123,31,42,13,75,53,97" hai1="105,67,32,114,57,126,6,95,111,22,109,66,125" hai2="65,54,64,88,116,87,12,19,2,21,0,50,28" hai3="30,16,8,128,124,74,15,99,100,26,61,68,5"/><T127/><D123/><U86/><E105/><V108/><F2/><W133/><G133/><T107/><D117/><U70/><E32/><V52/><F0/><W29/><G128/><T39/><D75/><U77/><E70/><V43/><F116/><W27/><G74/><T69/><D13/><U63/><E6/><V90/><F108/><W17/><G124/><N who="1" m="47722" /><E114/><V120/><F90/><W121/><G121/><T81/><D81/><N who="1" m="47407" /><E67/><N who="2" m="25675" /><F28/><N who="3" m="10859" /><G61/><T20/><D20/><U58/><E58/><V102/><F102/><W37/><G37/><T51/><D127/><U9/><E9/><V79/><F79/><W59/><G59/><T7/><D7/><U135/><E135/><V91/><F91/><W84/><G84/><T60/><D110/><N who="1" m="41995" /><E22/><V113/><F113/><W23/><G68/><T82/><D69/><U48/><E48/><V10/><F21/><W76/><G76/><T131/><D35/><U78/><E78/><V41/><F50/><W98/><G23/><T103/><D107/><U112/><E112/><V93/><F120/><W34/><G34/><T94/><D51/><U96/><E96/><N who="3" m="36906" /><G100/><T3/><D103/><U44/><E44/><V4/><F4/><W130/><G130/><T132/><D131/><U85/><E85/><V80/><F80/><W115/><G115/><T38/><D38/><U40/><E95/><V36/><F36/><W73/><G73/><T101/><D132/><U106/><E106/><V33/><F33/><W89/><G89/><T119/><D119/><U49/><E49/><V11/><F11/><W134/><G134/><T72/><D39/><U46/><E46/><RYUUKYOKU ba="0,0" sc="240,-30,292,10,251,10,217,10" hai1="40,57,63,66" hai2="10,12,19,41,43,52,54,87,88,93" hai3="5,8,15,16,17,26,27" owari="210,-29.0,302,40.2,261,6.1,227,-17.3" /></mjloggm>