<mjloggm ver="2.3"><GO type="225" lobby="0"/><UN n0="%E3%83%A9%E3%82%B9%E7%8E%87%EF%BC%93%E5%89%B2" n1="%E3%81%86%E3%82%8D%E3%81%9F%E3%82%93%E3%81%91%E3%81%8A%E3%82%89%E3%81%B2" n2="%70%68%65%6E%6F%6D%65" n3="%E3%81%90%E3%81%A1%E3%82%84%E3%81%BE" dan="16,16,16,16" rate="2180.15,2128.65,2153.63,2151.72" sx="F,M,M,M"/><TAIKYOKU oya="0"/><INIT seed="0,0,0,2,5,118" ten="250,250,250,250" oya="0" hai0="18,104,62,90,37,33,5,135,122,2,98,32,41" hai1="113,9,114,49,77,63,76,59,123,74,110,86,48" hai2="121,26,125,133,13,39,45,117,25,94,35,22,43" hai3="65,7,46,88,112,71,57,38,115,17,120,116,103"/><T14/><D135/><U72/><E110/><V34/><F117/><W36/><G116/><T95/><D104/><U21/><E9/><V31/><F133/><W10/><G103/><T101/><D2/><U47/><E21/><V85/><F125/><W1/><G71/><T111/><D5/><U24/><E24/><V42/><F42/><W126/><G126/><T51/><D37/><U96/><E96/><V81/><F94/><W30/><G30/><T82/><D111/><U4/><E4/><V97/><F97/><W106/><G106/><T75/><D62/><U107/><E107/><V52/><F52/><W61/><G17/><T54/><D41/><U44/><E86/><V27/><F121/><W53/><G65/><T68/><D122/><U93/><E93/><V99/><F99/><W60/><G60/><T40/><D68/><U3/><E63/><V66/><F66/><W128/><G128/><T129/><D40/><U29/><E59/><V64/><F64/><W16/><G120/><T20/><D129/><U108/><E123/><V23/><F13/><W100/><G100/><T80/><D75/><U134/><E29/><V8/><F8/><W78/><G78/><T73/><D73/><U0/><E108/><V58/><F58/><W92/><G16/><T127/><D127/><U67/><REACH who="1" step="1"/><E67/><REACH who="1" ten="250,240,250,250" step="2"/><V84/><F85/><N who="3" m="52239" /><G46/><N who="0" m="28023" /><D90/><U102/><E102/><V119/><F119/><W28/><G28/><T130/><D130/><U89/><E89/><N who="2" m="51343" /><F31/><W87/><G87/><T91/><D91/><U79/><E79/><V124/><F124/><W56/><G56/><T55/><D55/><RYUUKYOKU ba="0,1" sc="250,0,240,0,250,0,250,0" hai0="14,18,20,32,33,80,82,95,98,101" hai1="0,3,44,47,48,49,72,74,76,77,113,114,134" hai2="22,23,25,26,27,34,35,39,43,45" hai3="1,7,10,36,38,53,57,61,112,115" /><INIT seed="0,1,1,5,3,132" ten="250,240,250,250" oya="0" hai0="63,127,30,33,13,102,115,81,55,59,54,134,129" hai1="28,9,18,29,39,93,46,83,52,8,87,80,31" hai2="19,113,14,75,89,130,44,35,104,71,103,120,45" hai3="65,95,34,116,1,78,26,49,99,135,56,36,82"/><T20/><D115/><U47/><E39/><V7/><F113/><W84/><G116/><T6/><D134/><U92/><E18/><V122/><F71/><W37/><G135/><T68/><D129/><U40/><E40/><V61/><F130/><W21/><G1/><T17/><D68/><U42/><E42/><V133/><F133/><W16/><G34/><T100/><D127/><U74/><E74/><V12/><F75/><W125/><G125/><T62/><D6/><U88/><E92/><V86/><F35/><W96/><G96/><T57/><REACH who="0" step="1"/><D81/><REACH who="0" ten="240,240,250,250" step="2"/><N who="1" m="31307" /><E47/><V79/><F44/><W118/><G118/><T70/><D70/><U91/><E91/><V109/><F45/><W22/><G22/><T111/><D111/><U94/><E94/><V66/><F109/><W41/><G41/><T119/><D119/><U64/><E64/><V126/><F126/><W110/><G110/><T0/><D0/><U11/><E46/><V53/><F89/><W105/><G105/><T108/><D108/><U106/><E106/><V5/><F66/><W38/><G65/><T69/><D69/><U101/><E101/><V4/><F103/><W72/><G72/><T117/><D117/><U58/><E31/><V24/><F104/><W25/><G37/><T76/><D76/><U51/><AGARI ba="1,2" hai="8,9,11,28,29,51,52,58,87,88,93" m="31307" machi="51" ten="30,4000,0" yaku="8,1,54,2" doraHai="132" who="1" fromWho="1" sc="240,-21,240,63,250,-11,250,-11" /><INIT seed="1,0,0,1,4,69" ten="219,303,239,239" oya="1" hai0="11,26,122,58,20,15,109,63,94,49,8,114,132" hai1="29,68,99,64,57,71,37,90,128,117,60,100,74" hai2="3,91,102,9,24,21,116,45,48,105,103,23,54" hai3="88,76,95,67,135,120,97,35,13,36,125,83,4"/><U134/><E117/><V28/><F116/><W133/><G35/><T86/><D114/><U79/><E128/><V22/><F91/><W121/><G67/><T78/><D109/><U77/><E134/><N who="3" m="51210" /><G4/><T98/><D132/><U17/><E90/><V42/><F105/><W38/><G13/><T50/><D122/><N who="3" m="47209" /><G125/><T41/><D86/><AGARI ba="0,0" hai="36,38,76,83,86,88,95,97" m="47209,51210" machi="86" ten="30,7700,0" yaku="20,1,52,2,54,1" doraHai="69" who="3" fromWho="0" sc="219,-77,303,0,239,0,239,77" /><INIT seed="2,0,0,2,5,85" ten="142,303,239,316" oya="2" hai0="34,133,116,22,29,32,11,43,135,127,107,108,88" hai1="81,122,7,41,45,53,15,125,51,113,16,102,33" hai2="103,61,95,105,119,50,21,67,111,1,44,93,0" hai3="106,39,92,129,99,46,20,14,73,47,64,131,2"/><V30/><F119/><W38/><G2/><T74/><D107/><U60/><E113/><V120/><F120/><W115/><G73/><T101/><D101/><U89/><E125/><V82/><F105/><W42/><G115/><T4/><D74/><U98/><E33/><N who="0" m="12905" /><D43/><U54/><E7/><V65/><F65/><W130/><G106/><T80/><D127/><U128/><E128/><V84/><F111/><W62/><G14/><N who="0" m="5479" /><D108/><U94/><E122/><V28/><F1/><W25/><G47/><T26/><D80/><U90/><E81/><V18/><F0/><W118/><G118/><T24/><D116/><U86/><E86/><V8/><F8/><W78/><G78/><T63/><D63/><U31/><E31/><V52/><F95/><W76/><G76/><T48/><D48/><U36/><E60/><V49/><F50/><W96/><G39/><T9/><D88/><N who="1" m="33899" /><E36/><V40/><F82/><W13/><G38/><T91/><D91/><U112/><E112/><V126/><F126/><W97/><G62/><T70/><D70/><U104/><E104/><V5/><F84/><W123/><G131/><T110/><D110/><U6/><E6/><V83/><F5/><W58/><G130/><T56/><D56/><U37/><E37/><V35/><F83/><W68/><G68/><T79/><D79/><U100/><E100/><V121/><F121/><W12/><G123/><T27/><D9/><AGARI ba="0,0" hai="9,15,16,41,45,51,53,54,94,98,102" m="33899" machi="9" ten="30,12000,2" yaku="8,1,52,3,54,2" doraHai="85" who="1" fromWho="0" sc="142,-120,303,120,239,0,316,0" /><INIT seed="3,0,0,4,3,114" ten="22,423,239,316" oya="3" hai0="108,126,106,3,104,131,41,128,67,42,101,57,96" hai1="50,59,118,122,1,12,70,27,43,103,129,113,97" hai2="15,4,105,66,64,71,38,99,10,89,107,79,69" hai3="83,91,21,87,125,55,26,120,0,111,53,60,124"/><W130/><G120/><T63/><D3/><U121/><E70/><V75/><F38/><W17/><G0/><T90/><D90/><U93/><E113/><V8/><F79/><W80/><G130/><T29/><D29/><U88/><E1/><V116/><F75/><W56/><G111/><T23/><D23/><U24/><E129/><V73/><F73/><W110/><G110/><T72/><D72/><U109/><E118/><V77/><F77/><W123/><G123/><T14/><D14/><U82/><E109/><V19/><F89/><W132/><G132/><T32/><D32/><U46/><E121/><V6/><F19/><W78/><REACH who="3" step="1"/><G55/><REACH who="3" ten="22,423,239,306" step="2"/><T33/><D108/><U51/><E122/><V34/><F34/><W9/><G9/><T84/><D33/><U37/><E37/><V2/><F116/><W45/><G45/><T112/><D128/><U16/><E51/><V13/><REACH who="2" step="1"/><F2/><REACH who="2" ten="22,423,229,306" step="2"/><W48/><G48/><T30/><D131/><U11/><E50/><V127/><F127/><W100/><G100/><T102/><D126/><U76/><E103/><V115/><F115/><W98/><G98/><AGARI ba="0,2" hai="4,6,8,10,13,15,64,66,69,71,98,99,105,107" machi="98" ten="25,3200,0" yaku="1,1,22,2,53,0" doraHai="114" doraHaiUra="18" who="2" fromWho="3" sc="22,0,423,0,229,52,306,-32" owari="22,-47.8,423,52.3,281,8.1,274,-12.6" /></mjloggm>