<mjloggm ver="2.3"><GO type="225" lobby="0"/><UN n0="%33%74%72%65%65" n1="%E6%98%93%E5%88%A9%E8%96%A9%E4%BC%AF" n2="%E5%AF%82%E5%AF%9E%E3%82%AE%E3%83%8D%E3%82%B9%E3%83%93%E3%83%BC%E3%83%AB" n3="%E3%81%90%E3%81%A1%E3%82%84%E3%81%BE" dan="16,17,16,16" rate="2178.22,2193.81,2169.74,2103.72" sx="F,F,M,M"/><TAIKYOKU oya="0"/><INIT seed="0,0,0,0,2,111" ten="250,250,250,250" oya="0" hai0="113,70,14,132,39,43,48,120,40,69,79,123,122" hai1="93,44,62,0,95,84,92,83,47,72,54,85,2" hai2="73,35,116,4,21,87,56,118,104,5,49,1,121" hai3="42,77,25,12,18,124,71,67,74,131,7,52,102"/><T58/><D79/><U125/><E72/><V11/><F73/><W8/><G42/><N who="0" m="15915" /><D14/><U89/><E125/><V17/><F121/><W129/><G124/><T16/><D16/><U51/><E47/><V133/><F104/><W15/><G67/><T81/><D81/><U108/><E108/><V3/><F133/><W75/><G71/><N who="0" m="27147" /><D132/><U10/><E62/><V90/><F35/><W105/><G25/><T50/><D39/><U34/><E34/><V55/><F4/><W33/><G33/><T20/><D20/><U109/><E109/><V46/><F1/><W127/><G127/><T103/><D103/><U65/><E65/><V97/><F46/><W94/><G105/><T99/><D99/><U63/><E63/><V41/><F97/><W100/><G77/><T57/><D113/><U38/><E38/><V61/><F21/><W31/><G31/><T30/><D30/><U59/><E85/><V82/><F17/><W115/><G115/><T6/><D6/><U22/><E22/><V128/><F11/><N who="3" m="4223" /><G75/><T23/><D23/><U28/><E28/><V112/><F5/><W110/><G74/><T80/><D80/><U86/><E86/><V32/><F3/><W106/><G106/><T101/><D101/><N who="3" m="39017" /><G94/><T53/><D53/><N who="1" m="29927" /><E10/><V66/><F32/><W91/><G110/><T26/><D26/><U19/><E19/><V88/><F87/><W13/><G91/><T64/><D64/><U78/><E89/><V134/><F90/><W119/><G15/><T117/><D117/><U68/><E0/><V76/><F88/><W37/><G119/><N who="2" m="45609" /><F66/><W107/><G8/><RYUUKYOKU ba="0,0" sc="250,30,250,-10,250,-10,250,-10" hai0="48,50,57,58,120,122,123" /><INIT seed="0,1,0,1,4,45" ten="280,240,240,240" oya="0" hai0="53,28,92,96,65,101,31,61,64,40,94,34,105" hai1="7,131,17,91,72,110,33,129,120,123,111,99,0" hai2="77,3,68,82,55,97,69,12,51,36,70,13,103" hai3="62,132,24,19,108,50,113,86,134,46,49,52,89"/><T122/><D122/><N who="1" m="46635" /><E33/><V4/><F36/><W130/><G113/><T22/><D40/><U67/><E7/><V100/><F3/><W29/><G108/><N who="1" m="41514" /><E0/><V27/><F27/><W66/><G130/><N who="1" m="49674" /><E17/><V78/><F78/><W23/><G19/><T135/><D34/><U114/><E67/><V126/><F126/><W5/><G5/><T8/><D64/><U37/><E37/><V109/><F109/><W57/><REACH who="3" step="1"/><G50/><REACH who="3" ten="280,240,240,230" step="2"/><T54/><D31/><U115/><E72/><V73/><F4/><W95/><AGARI ba="1,1" hai="23,24,29,46,49,52,57,62,66,86,89,95,132,134" machi="95" ten="30,12000,2" yaku="1,1,2,1,0,1,52,1,54,1,53,1" doraHai="45" doraHaiUra="16" who="3" fromWho="3" sc="280,-61,240,-31,240,-31,230,133" /><INIT seed="1,0,0,0,1,68" ten="219,209,209,363" oya="1" hai0="3,12,35,37,33,78,90,123,96,26,38,22,48" hai1="87,18,128,10,135,112,25,74,31,110,73,120,88" hai2="132,13,50,79,122,94,118,14,17,32,134,71,83" hai3="101,27,117,9,99,36,49,106,29,40,5,97,105"/><U20/><E112/><V8/><F118/><W56/><G117/><T54/><D3/><U59/><E120/><V19/><F122/><W15/><G36/><T119/><D119/><U82/><E128/><V63/><F32/><W6/><G6/><T67/><D123/><U53/><E135/><V116/><F116/><W64/><G64/><T66/><D78/><U127/><E127/><V85/><F50/><W34/><G56/><T84/><D96/><U80/><E110/><V126/><F126/><W61/><G61/><T103/><D103/><U7/><E80/><V55/><F94/><W104/><G101/><T65/><D35/><U108/><E31/><V115/><F115/><W44/><AGARI ba="0,0" hai="5,9,15,27,29,34,40,44,49,97,99,104,105,106" machi="44" ten="40,1500,0" yaku="0,1" doraHai="68" who="3" fromWho="3" sc="219,-4,209,-7,209,-4,363,15" /><INIT seed="2,0,0,4,5,85" ten="215,202,205,378" oya="2" hai0="52,102,59,40,25,124,81,9,24,108,41,133,47" hai1="115,107,76,104,30,75,29,128,22,86,98,106,62" hai2="77,118,27,96,67,45,12,111,113,51,60,43,120" hai3="105,50,44,117,69,7,65,3,49,6,116,4,39"/><V35/><F120/><W31/><G105/><T84/><D108/><U34/><E34/><V88/><F118/><W129/><G3/><T70/><D70/><U123/><E115/><V132/><F113/><W0/><G0/><T82/><D133/><U131/><E75/><V99/><F132/><W11/><G11/><T74/><D124/><U114/><E114/><V66/><F111/><W119/><G129/><N who="1" m="49738" /><E123/><V63/><F77/><W90/><G39/><T109/><D109/><U80/><E62/><N who="2" m="23595" /><F35/><W93/><G65/><N who="2" m="24585" /><F27/><W68/><G31/><N who="1" m="11786" /><E22/><V46/><F46/><W94/><G44/><T56/><D47/><U134/><E134/><V110/><F110/><W87/><REACH who="3" step="1"/><G93/><REACH who="3" ten="215,202,205,368" step="2"/><T58/><D9/><U13/><E13/><V125/><F125/><W97/><G97/><AGARI ba="0,1" hai="76,80,86,97,98,104,106,107" m="11786,49738" machi="97" ten="40,1300,0" yaku="19,1" doraHai="85" who="1" fromWho="3" sc="215,0,202,23,205,0,368,-13" /><INIT seed="3,0,0,5,5,84" ten="215,225,205,355" oya="3" hai0="10,50,55,77,66,106,8,30,94,6,89,100,92" hai1="27,80,64,107,111,124,78,37,41,28,105,85,109" hai2="15,38,95,69,114,39,96,129,36,9,122,134,20" hai3="2,43,11,60,3,14,67,118,57,132,112,62,19"/><W13/><G132/><T63/><D106/><U1/><E1/><V87/><F114/><W24/><G60/><T79/><D30/><U34/><E124/><V110/><F134/><W127/><G14/><N who="0" m="5399" /><D10/><U52/><E64/><V135/><F135/><W47/><G43/><T5/><D5/><U45/><E52/><V115/><F115/><W46/><G46/><N who="0" m="28119" /><D63/><U61/><E61/><V81/><F69/><W31/><G57/><T40/><D40/><U97/><E97/><V102/><F122/><W22/><G31/><T53/><D66/><U12/><E12/><V116/><F116/><W133/><G62/><T83/><D53/><U17/><E17/><V68/><F68/><W108/><G67/><T51/><D51/><U86/><E86/><V98/><F98/><W120/><G47/><T82/><D100/><U121/><E121/><V125/><F125/><W119/><G120/><T0/><D0/><U103/><E103/><V16/><F110/><AGARI ba="0,0" hai="27,28,34,37,41,45,78,80,85,105,107,109,110,111" machi="110" ten="40,1300,0" yaku="14,1" doraHai="84" who="1" fromWho="2" sc="215,0,225,13,205,-13,355,0" owari="215,-18.5,238,3.8,192,-30.8,355,45.5" /></mjloggm>