<mjloggm ver="2.3"><GO type="225" lobby="0"/><UN n0="%33%74%72%65%65" n1="%E5%B0%8F%E9%B3%A5%E9%81%8A%E7%B7%B4%E7%84%A1%32%31%E6%AD%B3" n2="%E9%A6%AC%E5%BC%95%E7%81%AB%33" n3="%E3%81%BF%E3%81%BF%E3%81%9A" dan="17,17,16,17" rate="2136.84,2219.62,2148.48,2197.40" sx="F,F,M,M"/><TAIKYOKU oya="0"/><INIT seed="0,0,0,4,1,123" ten="250,250,250,250" oya="0" hai0="47,40,26,3,90,96,23,89,126,58,71,68,106" hai1="88,100,59,135,110,25,51,1,93,6,119,15,120" hai2="97,7,130,43,115,65,30,8,24,118,74,60,84" hai3="132,117,81,56,50,73,125,5,29,33,66,91,53"/><T61/><D3/><U67/><E119/><V129/><F115/><W101/><G117/><T10/><D126/><U12/><E120/><V32/><F118/><W108/><G125/><T131/><D131/><U133/><E100/><V86/><F74/><W9/><G132/><N who="1" m="50762" /><E1/><V122/><F122/><W76/><G101/><T22/><D10/><N who="1" m="4183" /><E15/><N who="2" m="5535" /><F43/><W64/><G108/><T28/><D106/><U45/><E25/><V13/><F13/><W41/><G91/><T127/><D127/><U27/><E27/><V48/><F48/><W36/><G29/><T111/><D111/><U83/><E83/><V116/><F97/><W82/><G82/><T37/><D22/><U112/><E112/><V42/><F42/><W63/><G33/><T104/><D104/><U72/><E72/><V39/><F39/><W35/><G35/><T20/><D20/><U107/><E107/><V62/><F62/><W52/><G41/><T134/><D134/><U78/><E78/><V54/><F54/><W94/><G36/><T17/><D28/><U80/><E80/><V87/><F116/><W121/><G94/><N who="0" m="56399" /><D90/><U19/><E67/><V105/><F105/><W99/><G121/><T102/><D102/><U57/><E110/><V79/><F79/><W16/><G99/><T34/><D34/><U11/><E45/><V55/><F65/><W0/><REACH who="3" step="1"/><G16/><REACH who="3" ten="250,250,250,240" step="2"/><T103/><D103/><U77/><E19/><V46/><F32/><W38/><G38/><T109/><D109/><U124/><E124/><V21/><F30/><W113/><G113/><T92/><D92/><U31/><E93/><V2/><F130/><RYUUKYOKU ba="0,1" sc="250,15,250,-15,250,-15,240,15" hai0="17,23,26,37,40,47,58,61,68,71" hai3="0,5,9,50,52,53,56,63,64,66,73,76,81" /><INIT seed="0,1,1,4,1,58" ten="265,235,235,255" oya="0" hai0="104,4,98,38,118,66,44,13,88,110,77,57,113" hai1="111,59,53,64,83,132,90,122,31,94,50,72,101" hai2="17,54,37,67,106,9,51,102,75,116,2,45,130" hai3="10,27,114,21,69,78,61,85,36,92,81,46,71"/><T79/><D113/><U23/><E122/><V74/><F130/><W108/><G114/><T105/><D118/><U62/><E111/><V121/><F121/><W11/><G108/><T5/><D110/><U52/><E132/><V33/><F33/><W129/><G129/><T97/><D105/><U99/><E50/><V15/><F116/><W30/><G36/><T120/><D120/><U82/><E72/><V112/><F112/><W123/><G123/><T126/><D126/><U49/><E90/><V25/><F25/><W125/><G125/><T134/><D134/><U76/><E76/><N who="0" m="29257" /><D104/><U55/><E49/><V96/><F2/><W128/><G128/><T115/><D115/><U131/><E131/><V127/><F127/><W8/><G46/><T84/><D44/><U22/><E22/><V47/><REACH who="2" step="1"/><F67/><REACH who="2" ten="265,235,225,255" step="2"/><W7/><G7/><T86/><D5/><U28/><E28/><V18/><F18/><W124/><G124/><T89/><D4/><U73/><E73/><V100/><F100/><W87/><G30/><T43/><D13/><U103/><E101/><V107/><F107/><W29/><G29/><T40/><D66/><U65/><E64/><V135/><F135/><W6/><G6/><T119/><D119/><U35/><E35/><V34/><F34/><W0/><G0/><T1/><D1/><U26/><AGARI ba="1,2" hai="23,26,31,52,53,55,59,62,65,82,83,94,99,103" machi="26" ten="30,12000,2" yaku="0,1,25,2,8,1,52,1,54,1" doraHai="58" who="1" fromWho="1" sc="265,-61,235,143,225,-31,255,-31" /><INIT seed="1,0,0,3,5,77" ten="204,378,194,224" oya="1" hai0="87,20,113,62,92,83,112,41,10,54,44,103,72" hai1="82,22,101,129,12,48,69,4,102,37,97,116,90" hai2="88,63,66,5,14,99,135,94,86,98,13,67,106" hai3="100,121,115,43,24,47,127,46,114,19,36,105,133"/><U85/><E37/><V128/><F135/><W91/><G121/><T75/><D75/><U50/><E69/><V29/><F128/><W7/><G127/><T84/><D72/><U56/><E116/><V76/><F29/><W124/><G133/><T118/><D118/><U108/><E129/><V9/><F106/><W57/><G124/><T80/><D113/><U51/><E108/><V71/><F66/><W134/><G134/><T107/><D107/><U89/><E89/><V131/><F131/><W33/><G7/><T96/><D112/><U2/><E2/><V28/><F28/><W38/><G57/><N who="0" m="35127" /><D10/><N who="1" m="4167" /><E97/><V35/><F35/><W40/><G91/><N who="0" m="51591" /><D20/><U119/><E119/><V21/><REACH who="2" step="1"/><F76/><REACH who="2" ten="204,378,184,224" step="2"/><W117/><G117/><T15/><D15/><U130/><E130/><V17/><AGARI ba="0,1" hai="5,9,13,14,17,21,63,67,71,86,88,94,98,99" machi="17" ten="30,7900,0" yaku="1,1,2,1,0,1,54,1,53,0" doraHai="77" doraHaiUra="39" who="2" fromWho="2" sc="204,-20,378,-39,184,89,224,-20" /><INIT seed="2,0,0,1,3,91" ten="184,339,273,204" oya="2" hai0="111,74,35,43,8,7,123,59,4,69,124,20,9" hai1="78,121,34,106,109,113,52,122,120,71,98,25,22" hai2="24,18,134,46,93,55,119,114,47,67,89,115,39" hai3="45,41,62,53,0,90,75,73,105,60,48,97,31"/><V65/><F119/><W81/><G0/><T99/><D69/><U15/><E71/><V80/><F80/><W1/><G1/><T44/><D35/><U107/><E113/><V72/><F72/><W16/><G31/><T85/><D74/><U68/><E68/><V117/><F117/><W56/><G105/><T2/><D123/><U77/><E109/><V42/><F134/><W76/><G75/><T5/><D111/><U112/><E112/><V40/><F55/><W83/><G16/><T129/><D129/><U63/><E15/><V19/><F115/><W92/><REACH who="3" step="1"/><G81/><REACH who="3" ten="184,339,273,194" step="2"/><T61/><D2/><U95/><E107/><V87/><F114/><W29/><G29/><T100/><D124/><U110/><E106/><V79/><F19/><W57/><G57/><T3/><D3/><U94/><E110/><V32/><F32/><W84/><G84/><T49/><D20/><U116/><E34/><V13/><F24/><W131/><G131/><T130/><D85/><U133/><E116/><V64/><F79/><W36/><AGARI ba="0,1" hai="36,41,45,48,53,56,60,62,73,76,83,90,92,97" machi="36" ten="20,5200,0" yaku="1,1,0,1,7,1,52,1,53,0" doraHai="91" doraHaiUra="6" who="3" fromWho="3" sc="184,-13,339,-13,273,-26,194,62" /><INIT seed="3,0,0,5,1,60" ten="171,326,247,256" oya="3" hai0="45,90,26,124,14,86,135,30,8,112,47,49,126" hai1="94,52,58,95,44,21,61,1,129,36,46,127,110" hai2="133,128,114,120,15,76,96,32,16,71,67,65,107" hai3="6,41,115,92,18,104,66,103,105,80,70,101,118"/><W35/><G115/><T22/><D135/><U122/><E122/><V25/><F114/><W100/><G118/><T40/><D112/><U39/><E1/><V102/><F133/><W85/><G35/><T20/><D126/><U34/><E34/><V0/><F0/><W54/><G6/><T28/><D124/><U3/><E3/><V69/><F76/><W111/><G41/><T97/><D47/><U113/><E113/><V134/><F134/><W9/><G92/><T57/><D97/><U38/><E127/><V27/><F120/><W89/><G111/><T4/><D57/><U87/><E129/><V98/><F128/><W48/><G70/><T79/><D90/><U5/><E5/><V43/><F43/><W55/><G66/><T37/><D37/><U121/><E110/><V64/><F98/><W72/><G72/><T88/><D79/><U82/><E21/><V117/><F117/><W11/><G55/><T131/><D131/><U75/><E75/><V77/><F77/><W62/><G62/><T7/><D7/><U130/><E130/><V10/><REACH who="2" step="1"/><F32/><REACH who="2" ten="171,326,237,256" step="2"/><W23/><G105/><T13/><D13/><U123/><E123/><V116/><F116/><W73/><G104/><T81/><REACH who="0" step="1"/><D22/><REACH who="0" ten="161,326,237,256" step="2"/><U63/><E121/><V53/><F53/><W74/><G73/><T29/><AGARI ba="0,2" hai="4,8,14,20,26,28,29,30,40,45,49,81,86,88" machi="29" ten="20,12000,2" yaku="1,1,2,1,0,1,7,1,8,1,54,1,53,0" doraHai="60" doraHaiUra="106" who="0" fromWho="0" sc="161,140,326,-30,237,-30,256,-60" owari="301,40.1,296,9.6,207,-19.3,196,-30.4" /></mjloggm>