<mjloggm ver="2.3"><GO type="225" lobby="0"/><UN n0="%E6%B7%91%E5%A5%B3%E3%81%AE%E5%97%9C%E3%81%BF" n1="%E5%A4%8F%E9%88%B4%E9%88%B4%E5%A4%8F" n2="%E3%82%B3%E3%83%90%E3%83%AC%E3%82%A4" n3="%E3%81%97%E3%82%89%E3%81%84%E3%81%97%E3%81%BE%E3%81%84" dan="16,16,16,17" rate="2132.21,2109.52,2201.99,2126.87" sx="M,F,M,M"/><TAIKYOKU oya="0"/><INIT seed="0,0,0,4,4,27" ten="250,250,250,250" oya="0" hai0="72,73,125,134,32,55,17,5,33,13,14,68,50" hai1="90,121,25,108,115,18,53,95,86,66,114,110,103" hai2="83,2,61,71,47,132,9,64,56,36,67,26,96" hai3="118,58,131,23,122,37,89,127,28,93,128,76,63"/><T15/><D68/><U120/><E66/><V0/><F132/><W51/><G118/><T31/><D134/><U45/><E45/><V35/><F83/><W75/><G37/><T119/><D119/><U109/><E53/><V22/><F22/><W82/><G127/><T105/><D105/><U88/><E18/><V80/><F56/><W30/><G51/><T85/><BYE who="3" /><D125/><U113/><E25/><V84/><F67/><W94/><G94/><T78/><D17/><U77/><E77/><V102/><F84/><W10/><G10/><T60/><D5/><U135/><E103/><V106/><F80/><W100/><G100/><T1/><D1/><U79/><E79/><V29/><F9/><W65/><G65/><T59/><D85/><N who="1" m="52623" /><E135/><V24/><F24/><W69/><G69/><T46/><D78/><U21/><E21/><V123/><F123/><N who="1" m="47177" /><E90/><V34/><F34/><W92/><G92/><T43/><REACH who="0" step="1"/><D32/><REACH who="0" ten="240,250,250,250" step="2"/><U81/><E86/><V4/><REACH who="2" step="1"/><F4/><REACH who="2" ten="240,250,240,250" step="2"/><W12/><G12/><T111/><D111/><U20/><E81/><V97/><F97/><W48/><G48/><T6/><D6/><U40/><E108/><V112/><F112/><W129/><G129/><T104/><D104/><U70/><E109/><V99/><F99/><W54/><G54/><T126/><D126/><U3/><E110/><V87/><F87/><W49/><G49/><T19/><D19/><U42/><E113/><V124/><F124/><W74/><G74/><T62/><D62/><U39/><E114/><V8/><F8/><W16/><G16/><T11/><D11/><U107/><E115/><RYUUKYOKU ba="0,2" sc="240,15,250,-15,240,15,250,-15" hai0="13,14,15,31,33,43,46,50,55,59,60,72,73" hai2="0,2,26,29,35,36,47,61,64,71,96,102,106" /><INIT seed="0,1,2,1,2,120" ten="255,235,255,235" oya="0" hai0="14,50,13,55,25,77,90,119,125,4,46,2,134" hai1="15,58,19,9,127,32,110,5,131,49,115,129,95" hai2="135,86,96,130,118,73,94,114,102,22,29,6,108" hai3="92,18,26,61,79,88,3,24,28,1,57,122,45"/><T121/><D119/><U106/><E106/><V107/><F118/><W65/><G65/><T93/><D121/><U100/><E127/><V101/><F114/><W60/><G60/><T0/><D125/><U10/><E110/><V112/><F112/><W72/><G72/><T123/><D123/><U68/><E68/><V74/><F6/><W116/><G116/><T103/><D134/><U36/><E32/><V12/><F135/><W84/><G84/><T59/><D77/><U99/><E36/><V104/><F12/><W85/><G85/><T39/><D103/><N who="2" m="39434" /><F22/><W105/><G105/><N who="2" m="40521" /><F29/><W21/><G21/><T48/><D39/><U70/><E70/><V38/><F38/><W37/><G37/><T109/><D25/><U66/><E115/><V20/><F20/><W23/><G23/><T56/><D4/><U80/><E80/><V35/><F35/><W11/><G11/><T76/><D93/><U52/><REACH who="1" step="1"/><E66/><REACH who="1" ten="255,225,255,235" step="2"/><V69/><F69/><W128/><G128/><T8/><D109/><U41/><E41/><V47/><F130/><W87/><G87/><T27/><D2/><AGARI ba="1,3" hai="2,5,9,10,15,19,49,52,58,95,99,100,129,131" machi="2" ten="40,2600,0" yaku="1,1,54,1,53,0" doraHai="120" doraHaiUra="111" who="1" fromWho="0" sc="255,-29,225,59,255,0,235,0" /><INIT seed="1,0,0,0,0,120" ten="226,284,255,235" oya="1" hai0="89,130,122,54,24,104,68,60,88,132,28,6,131" hai1="62,40,44,103,57,97,65,2,17,67,85,66,134" hai2="61,16,127,75,100,18,41,31,36,43,110,3,76" hai3="29,72,78,111,69,90,121,74,79,23,48,0,105"/><U81/><E2/><V55/><F3/><W32/><G32/><T8/><D122/><U123/><E134/><V73/><F127/><W30/><G30/><T58/><D104/><U119/><E119/><V14/><F100/><W116/><G116/><T47/><D132/><U51/><E17/><V135/><F135/><W93/><G93/><T52/><D68/><U37/><E37/><V95/><F36/><W101/><G101/><T39/><D54/><U117/><E117/><V42/><F75/><W26/><G26/><T109/><D109/><U56/><E56/><V27/><F73/><W124/><G124/><T129/><D47/><U1/><E1/><V113/><F76/><W11/><G11/><T5/><D39/><U118/><E118/><V91/><F110/><W80/><G80/><T34/><REACH who="0" step="1"/><D8/><REACH who="0" ten="216,284,255,235" step="2"/><U94/><REACH who="1" step="1"/><E123/><REACH who="1" ten="216,274,255,235" step="2"/><V98/><F113/><W114/><G114/><T83/><D83/><U7/><E7/><AGARI ba="0,2" hai="5,6,7,24,28,34,52,58,60,88,89,129,130,131" machi="7" ten="40,8000,1" yaku="1,1,19,1,54,2,53,0" doraHai="120" doraHaiUra="10" who="0" fromWho="1" sc="216,100,274,-80,255,0,235,0" /><INIT seed="2,0,0,1,2,117" ten="316,194,255,235" oya="2" hai0="11,71,44,131,127,57,5,126,46,116,124,30,64" hai1="26,10,43,45,28,130,16,32,38,63,41,132,78" hai2="83,129,76,74,106,89,9,120,66,79,115,133,6" hai3="111,25,70,31,119,102,24,72,104,122,23,51,107"/><V56/><F115/><W4/><G4/><T55/><D116/><U47/><E130/><V17/><F129/><W125/><G125/><T93/><D131/><U73/><E132/><V48/><F106/><W36/><G36/><T65/><D30/><U69/><E78/><V94/><F133/><W62/><G62/><N who="0" m="40343" /><D93/><U88/><E73/><V0/><F120/><W8/><G8/><T85/><D85/><U92/><E63/><V54/><F76/><W105/><G105/><T75/><D65/><U22/><E10/><V114/><F114/><W81/><G81/><T97/><D97/><U121/><E69/><V39/><F39/><W7/><G7/><T86/><D86/><U19/><E121/><V110/><F110/><W15/><G15/><N who="0" m="5615" /><D75/><U53/><E53/><V3/><F17/><W90/><G90/><T42/><D42/><U96/><REACH who="1" step="1"/><E32/><REACH who="1" ten="316,184,255,235" step="2"/><V50/><F66/><W77/><G77/><T34/><D34/><U33/><E33/><V112/><F112/><W87/><G87/><T37/><D55/><U80/><E80/><V61/><REACH who="2" step="1"/><F0/><REACH who="2" ten="316,184,245,235" step="2"/><W100/><G100/><T134/><D134/><U12/><E12/><V135/><F135/><W27/><G27/><T95/><D126/><U21/><E21/><V1/><F1/><W20/><G20/><T109/><D127/><U49/><AGARI ba="0,2" hai="16,19,22,26,28,38,41,43,45,47,49,88,92,96" machi="49" ten="20,8000,1" yaku="1,1,0,1,7,1,54,2,53,0" doraHai="117" doraHaiUra="59" who="1" fromWho="1" sc="316,-20,184,100,245,-40,235,-20" /><INIT seed="3,0,0,3,2,127" ten="296,284,205,215" oya="3" hai0="67,5,21,26,62,85,9,125,44,80,42,59,10" hai1="16,108,30,7,74,64,94,56,79,73,33,68,2" hai2="65,4,100,87,104,120,35,53,37,24,47,89,43" hai3="128,81,25,113,38,130,23,17,29,66,11,1,91"/><W20/><G20/><T118/><D118/><U49/><E68/><V18/><F120/><W121/><G121/><T39/><D5/><U111/><E30/><V13/><F65/><W135/><G135/><T78/><D125/><U27/><E33/><V132/><F132/><W119/><G119/><T57/><D57/><U70/><E70/><V55/><F100/><W83/><G83/><T123/><D123/><U58/><E7/><V126/><F104/><W134/><G134/><T99/><D99/><U15/><E2/><V6/><F126/><W97/><G97/><T46/><D46/><U3/><E27/><V19/><F6/><W8/><G8/><T32/><D32/><U106/><E106/><V48/><F4/><W116/><G116/><T69/><D69/><U31/><E31/><AGARI ba="0,0" hai="9,10,21,26,31,39,42,44,59,62,67,78,80,85" machi="31" ten="30,1000,0" yaku="7,1" doraHai="127" who="0" fromWho="1" sc="296,10,284,-10,205,0,215,0" owari="306,40.6,274,7.4,205,-29.5,215,-18.5" /></mjloggm>