<mjloggm ver="2.3"><GO type="225" lobby="0"/><UN n0="%47%59%4F" n1="%E7%B4%94%E6%BD%94%E3%83%94%E3%83%A9%E3%83%8B%E3%82%A2" n2="%E4%BF%BA%E3%81%A8%E5%A6%96%E5%A4%A2" n3="%E6%A1%9C%E8%8A%B1%E9%96%83%E3%80%85" dan="16,17,16,16" rate="2132.22,2232.34,2163.29,2213.46" sx="M,M,F,M"/><TAIKYOKU oya="0"/><INIT seed="0,0,0,5,5,112" ten="250,250,250,250" oya="0" hai0="117,93,29,95,17,58,52,91,74,50,38,75,118" hai1="13,63,129,44,113,99,64,18,65,106,68,0,135" hai2="83,125,66,114,24,122,97,73,82,105,31,85,72" hai3="61,133,67,130,119,103,23,121,53,22,37,127,69"/><T20/><D38/><U128/><E113/><V4/><F114/><W110/><G110/><T87/><D29/><U6/><E135/><V80/><F122/><W134/><G127/><T76/><D95/><U59/><E0/><V42/><F125/><W108/><G108/><T79/><D76/><U86/><E6/><V62/><F4/><W51/><G121/><T116/><REACH who="0" step="1"/><D79/><REACH who="0" ten="240,250,250,250" step="2"/><U48/><E106/><V7/><F73/><W94/><G37/><T2/><D2/><U54/><E128/><V25/><F72/><W90/><G130/><T35/><D35/><U21/><E129/><V89/><F31/><W40/><G133/><T88/><D88/><U96/><E86/><V5/><F89/><W46/><G134/><T115/><D115/><U84/><E84/><V39/><F85/><W19/><G90/><T56/><D56/><U126/><E126/><V26/><F105/><W101/><G94/><T81/><D81/><U71/><E71/><V36/><F36/><W43/><G101/><T131/><D131/><U124/><E124/><V16/><F97/><N who="1" m="37449" /><E68/><V28/><F28/><W104/><G103/><T33/><D33/><U12/><E12/><AGARI ba="0,1" hai="12,17,20,50,52,58,74,75,87,91,93,116,117,118" machi="12" ten="40,24000,3" yaku="1,1,25,2,52,3,54,1,53,1" doraHai="112" doraHaiUra="10" who="0" fromWho="1" sc="240,250,250,-240,250,0,250,0" /><INIT seed="0,1,0,4,3,45" ten="490,10,250,250" oya="0" hai0="15,4,5,84,14,26,61,134,19,115,43,91,67" hai1="35,116,77,63,120,46,6,70,42,83,117,32,105" hai2="100,10,57,17,29,66,8,60,41,93,50,40,96" hai3="64,130,13,25,121,133,76,95,62,109,75,127,107"/><T2/><D2/><U123/><E6/><V74/><F74/><W65/><G107/><T92/><D115/><U118/><E105/><V132/><F132/><W80/><G133/><T102/><D134/><U86/><E63/><V21/><F29/><W9/><G109/><T47/><D102/><U122/><REACH who="1" step="1"/><E70/><REACH who="1" ten="490,0,250,250" step="2"/><V0/><F0/><W28/><G62/><T20/><D4/><U85/><E85/><V87/><F87/><W23/><G121/><T16/><D5/><U94/><E94/><V34/><F34/><W36/><G95/><T54/><D67/><U55/><E55/><V103/><F40/><W129/><G65/><T113/><D113/><U72/><E72/><V53/><F41/><W110/><G64/><T126/><D126/><U101/><E101/><V68/><REACH who="2" step="1"/><F103/><REACH who="2" ten="490,0,240,250" step="2"/><W56/><G75/><T73/><D73/><U52/><E52/><V108/><F108/><W58/><G110/><T119/><D43/><U99/><E99/><V98/><F98/><W1/><G127/><T11/><D54/><U51/><AGARI ba="1,2" hai="32,35,42,46,51,77,83,86,116,117,118,120,122,123" machi="51" ten="40,5200,0" yaku="1,1,0,1,52,1,53,0" doraHai="45" doraHaiUra="12" who="1" fromWho="1" sc="490,-27,0,75,240,-14,250,-14" /><INIT seed="1,0,0,3,5,62" ten="463,75,226,236" oya="1" hai0="123,47,67,72,112,90,11,45,2,10,42,128,53" hai1="35,0,59,13,113,19,98,79,118,76,78,56,96" hai2="48,120,77,66,33,65,106,99,108,69,50,20,83" hai3="29,58,37,51,8,64,86,46,107,34,54,17,39"/><U131/><E113/><V6/><F120/><W16/><G107/><T85/><D72/><U14/><E118/><V117/><F117/><W127/><G127/><T18/><D128/><U61/><E131/><V22/><F33/><W38/><G86/><T63/><D123/><U115/><E115/><V52/><F69/><W12/><G17/><T75/><D75/><U74/><E74/><V60/><F108/><W27/><REACH who="3" step="1"/><G64/><REACH who="3" ten="463,75,226,226" step="2"/><N who="2" m="24681" /><F106/><W94/><G94/><T125/><D125/><U89/><E19/><V124/><F124/><W57/><AGARI ba="0,1" hai="8,12,16,27,29,34,37,38,39,46,51,54,57,58" machi="57" ten="40,8000,1" yaku="1,1,0,1,54,1,53,1" doraHai="62" doraHaiUra="40" who="3" fromWho="3" sc="463,-20,75,-40,226,-20,226,90" /><INIT seed="2,0,0,0,3,120" ten="443,35,206,316" oya="2" hai0="86,82,114,20,116,70,52,71,135,3,80,17,97" hai1="132,61,98,117,112,125,75,54,95,30,35,89,32" hai2="36,128,113,99,96,24,2,11,104,50,49,105,64" hai3="19,83,78,131,48,110,93,65,34,10,29,38,111"/><V6/><F113/><W115/><G38/><T72/><D114/><U66/><E112/><V53/><F36/><W92/><G115/><T12/><D3/><U18/><E117/><V118/><F118/><W69/><G131/><T27/><D135/><U23/><E125/><V63/><F128/><W15/><G48/><T88/><D97/><U84/><E75/><V41/><F41/><W8/><G8/><T119/><D27/><U122/><E122/><V108/><F24/><N who="3" m="18727" /><G65/><T90/><D71/><U25/><E132/><V55/><F63/><W5/><G19/><T134/><D70/><U123/><E123/><V87/><F64/><W58/><G58/><T81/><D134/><U79/><E66/><V101/><F87/><N who="3" m="48631" /><G69/><T91/><D86/><U74/><E74/><V21/><F21/><W4/><G4/><T9/><D9/><U59/><REACH who="1" step="1"/><E30/><REACH who="1" ten="443,25,206,316" step="2"/><V129/><F129/><W107/><G107/><T130/><D72/><U102/><E102/><V133/><F133/><W7/><G7/><T127/><D130/><U37/><E37/><V51/><F104/><W77/><G77/><T109/><D119/><U13/><E13/><V106/><F106/><W56/><G15/><T44/><D116/><U45/><E45/><V33/><F105/><W42/><G5/><T16/><D12/><U40/><E40/><V85/><F101/><W14/><G42/><T47/><D47/><U94/><E94/><N who="3" m="36458" /><G56/><T1/><D44/><U46/><E46/><V57/><F57/><W103/><G103/><T67/><D127/><U39/><E39/><V28/><F6/><W62/><G14/><RYUUKYOKU ba="0,1" sc="443,-10,25,30,206,-10,316,-10" hai1="18,23,25,32,35,54,59,61,79,84,89,95,98" /><INIT seed="3,1,1,4,1,85" ten="433,55,196,306" oya="3" hai0="33,115,75,44,26,131,109,94,53,93,103,47,95" hai1="32,91,25,22,128,39,81,89,14,6,123,30,135" hai2="98,121,107,3,13,133,74,18,114,49,122,50,37" hai3="96,129,55,60,51,108,111,1,69,43,54,10,27"/><W45/><G27/><T24/><D75/><U113/><E123/><N who="2" m="47115" /><F114/><W66/><G96/><T78/><D78/><U41/><E113/><V105/><F37/><W46/><G10/><T11/><D115/><U100/><E128/><V116/><F116/><W71/><G1/><T42/><D131/><U56/><E135/><V92/><F74/><W8/><G8/><T90/><D103/><U9/><E39/><V99/><F3/><W80/><G80/><T112/><D112/><U125/><E125/><V52/><F49/><W106/><G106/><N who="2" m="40457" /><F92/><W15/><G15/><T61/><D11/><U58/><E41/><V101/><F101/><W65/><G129/><T62/><D94/><U19/><E100/><V0/><F0/><W59/><G54/><T82/><D82/><U104/><E81/><V68/><F68/><N who="3" m="26187" /><G46/><T117/><D26/><U7/><E104/><V77/><F77/><W63/><G63/><T23/><D23/><U40/><E40/><V132/><F99/><W28/><G28/><T64/><D24/><U57/><REACH who="1" step="1"/><E7/><REACH who="1" ten="433,45,196,306" step="2"/><V83/><F83/><W2/><G43/><T72/><D42/><U34/><E34/><V31/><F133/><W79/><G79/><T110/><D33/><U86/><E86/><V124/><F132/><W20/><G111/><T120/><D62/><U73/><E73/><V134/><F134/><W4/><G108/><T29/><D61/><U127/><E127/><V119/><F124/><W102/><G102/><T12/><D110/><U48/><E48/><V67/><F50/><W130/><G130/><T16/><D109/><U118/><E118/><RYUUKYOKU ba="1,2" sc="433,-10,45,30,196,-10,306,-10" hai1="6,9,14,19,22,25,30,32,56,57,58,89,91" owari="443,54.3,75,-42.5,186,-21.4,296,9.6" /></mjloggm>