<mjloggm ver="2.3"><GO type="225" lobby="0"/><UN n0="%E8%81%B7%E6%A5%AD%E3%80%81%E9%A2%A8%32" n1="%E3%81%8B%E3%82%8F%E3%81%A1%E3%82%83%E3%82%93%35%38" n2="%E4%BF%BA%E3%81%A8%E5%A6%96%E5%A4%A2" n3="%E3%83%A9%E3%83%BC%E3%83%A1%E3%83%B3%E4%BA%94%E9%83%8E" dan="16,16,16,16" rate="2155.45,2114.52,2109.24,2092.60" sx="M,M,F,M"/><TAIKYOKU oya="0"/><INIT seed="0,0,0,1,4,21" ten="250,250,250,250" oya="0" hai0="90,88,43,49,55,112,67,18,56,122,117,104,81" hai1="91,11,92,48,98,80,28,116,32,96,29,83,62" hai2="23,46,106,71,109,74,27,40,121,37,85,108,58" hai3="126,47,73,50,79,41,45,77,75,76,59,97,94"/><T87/><D122/><U2/><E116/><V6/><F121/><W36/><G126/><T72/><D112/><U70/><E70/><V13/><F74/><W105/><G59/><T93/><D104/><U84/><E2/><V54/><F71/><W10/><G10/><T60/><D117/><U113/><E113/><V38/><F106/><W114/><G105/><T34/><D34/><U9/><E62/><V25/><F37/><W120/><G120/><T68/><D43/><U131/><E131/><V86/><F6/><W65/><G65/><T125/><D125/><U3/><E3/><V135/><F13/><W33/><G33/><T15/><D72/><U124/><E124/><V22/><F22/><W110/><G114/><T118/><D118/><U52/><E83/><V51/><F135/><W130/><G130/><T31/><D31/><N who="1" m="11851" /><E98/><V8/><F8/><W42/><REACH who="3" step="1"/><G110/><REACH who="3" ten="250,250,250,240" step="2"/><N who="2" m="42601" /><F23/><W53/><G53/><T78/><REACH who="0" step="1"/><D93/><REACH who="0" ten="240,250,250,240" step="2"/><U44/><E32/><V17/><F17/><W66/><G66/><T19/><D19/><U119/><E119/><V20/><F20/><AGARI ba="0,2" hai="15,18,20,49,55,56,60,67,68,78,81,87,88,90" machi="20" ten="30,5800,0" yaku="1,1,7,1,54,1,53,0" doraHai="21" doraHaiUra="132" who="0" fromWho="2" sc="240,78,250,0,250,-58,240,0" /><INIT seed="0,1,0,0,3,110" ten="318,250,192,240" oya="0" hai0="23,83,58,64,9,105,102,33,46,95,40,53,123" hai1="43,18,14,97,50,128,7,129,60,87,10,125,73" hai2="61,1,77,38,115,31,103,21,6,93,124,51,120" hai3="114,101,29,70,16,126,119,111,41,85,100,0,65"/><T121/><D33/><U39/><E73/><V135/><F120/><W107/><G119/><T99/><D64/><U134/><E125/><V109/><F38/><W63/><G0/><T79/><D105/><U15/><E134/><V116/><F116/><W78/><G111/><T8/><D23/><U35/><E35/><V89/><F124/><W20/><G126/><T130/><D130/><N who="1" m="50283" /><E39/><V80/><F109/><W72/><G72/><T131/><D131/><U17/><E87/><V47/><F103/><W117/><G117/><T75/><D123/><U108/><E108/><V32/><F32/><W59/><G29/><T36/><REACH who="0" step="1"/><D121/><REACH who="0" ten="308,250,192,240" step="2"/><U25/><E25/><V88/><F21/><W30/><G107/><T122/><D122/><U27/><E27/><V3/><F135/><W45/><G65/><T133/><D133/><U62/><E97/><V11/><F11/><W94/><G20/><T57/><D57/><U106/><E106/><V92/><F47/><W48/><G45/><T4/><D4/><U76/><E7/><V44/><F44/><W26/><G26/><T42/><D42/><U113/><E43/><V127/><F6/><W96/><G41/><T66/><D66/><U74/><E10/><V90/><F127/><W91/><G96/><T118/><D118/><U2/><E2/><V132/><F132/><W37/><G70/><T81/><D81/><U67/><E67/><V13/><F80/><W112/><G94/><T82/><D82/><U34/><E34/><V22/><F1/><W49/><G59/><T28/><D28/><U5/><E5/><V98/><F3/><RYUUKYOKU ba="1,1" sc="308,30,250,-10,192,-10,240,-10" hai0="8,9,36,40,46,53,58,75,79,83,95,99,102" /><INIT seed="0,2,1,2,3,43" ten="338,240,182,230" oya="0" hai0="46,25,102,73,1,48,13,135,58,52,105,109,80" hai1="54,67,112,134,101,62,12,3,94,19,44,64,24" hai2="91,121,79,33,100,9,37,123,92,86,0,99,18" hai3="21,95,30,42,97,127,82,117,71,125,122,84,81"/><T106/><D1/><U72/><E3/><V63/><F33/><W17/><G117/><T78/><D135/><U10/><E72/><V85/><F37/><W96/><G122/><T108/><D25/><U55/><E134/><V129/><F129/><W75/><G71/><T132/><D132/><U68/><E112/><V41/><F41/><W133/><G133/><T28/><D28/><U7/><E44/><V22/><F79/><N who="3" m="44287" /><G30/><T20/><D58/><N who="1" m="36951" /><E67/><V53/><F53/><N who="1" m="19977" /><E68/><V130/><F63/><W23/><G42/><T38/><D38/><U5/><E24/><V111/><F130/><W83/><G17/><N who="0" m="10287" /><D102/><U114/><E114/><V40/><F40/><W113/><G113/><T49/><D49/><U88/><E101/><V57/><F111/><AGARI ba="2,1" hai="46,48,52,73,78,80,105,106,108,109,111" m="10287" machi="111" ten="30,11600,0" yaku="14,1,10,1,52,1,54,1" doraHai="43" who="0" fromWho="2" sc="338,132,240,0,182,-122,230,0" /><INIT seed="0,3,0,3,5,18" ten="470,240,60,230" oya="0" hai0="93,106,43,120,111,103,104,31,102,96,127,97,126" hai1="47,4,85,11,81,67,84,117,114,23,64,49,38" hai2="86,63,39,1,124,3,62,80,94,0,22,70,90" hai3="99,130,125,58,37,132,52,98,88,9,44,134,71"/><T65/><D31/><U51/><E117/><V91/><F39/><W60/><G125/><N who="0" m="47627" /><D65/><U33/><E33/><V116/><F124/><W24/><G130/><T54/><D43/><U82/><E38/><V59/><F116/><W27/><G71/><T25/><D25/><U128/><E128/><V68/><F62/><W115/><G115/><T75/><D54/><U72/><E72/><V48/><F48/><W40/><G9/><T66/><D66/><U55/><E114/><V79/><F91/><W30/><G24/><T123/><D75/><U5/><E23/><V32/><F32/><W101/><G88/><N who="0" m="55335" /><D111/><U17/><E67/><V78/><F78/><W105/><REACH who="3" step="1"/><G98/><AGARI ba="3,0" hai="97,98,102,103,104,106,120,123" m="55335,47627" machi="98" ten="30,11600,0" yaku="18,1,34,2,54,1" doraHai="18" who="0" fromWho="3" sc="470,125,240,0,60,0,230,-125" /><INIT seed="0,4,0,2,1,83" ten="595,240,60,105" oya="0" hai0="50,97,19,51,41,47,13,134,5,79,100,99,94" hai1="76,39,68,36,127,56,125,89,87,98,111,103,59" hai2="101,4,70,63,0,78,133,95,66,42,7,92,28" hai3="33,44,31,22,122,106,69,119,72,71,116,93,11"/><T38/><D134/><U110/><E68/><V35/><F133/><W15/><G106/><T18/><D79/><U17/><E17/><V75/><F42/><W120/><G72/><T43/><D5/><U10/><E10/><V135/><F135/><W96/><G44/><T60/><D43/><U48/><E76/><V128/><F128/><W115/><G115/><T9/><D60/><U74/><E74/><V54/><F78/><W84/><G33/><T14/><REACH who="0" step="1"/><D99/><REACH who="0" ten="585,240,60,105" step="2"/><U58/><E48/><V29/><F4/><W123/><G96/><T114/><D114/><U25/><E36/><V124/><F7/><N who="3" m="3583" /><G119/><T2/><D2/><U81/><E39/><V113/><F0/><W104/><G116/><T88/><D88/><U8/><E89/><V62/><F113/><W132/><G132/><T57/><D57/><U117/><E58/><V12/><F63/><W37/><G122/><T86/><D86/><U67/><E117/><V6/><F75/><W121/><G121/><T102/><D102/><U24/><E103/><V21/><F101/><W65/><G123/><T64/><D64/><U131/><E98/><V3/><F3/><W82/><G120/><T26/><D26/><N who="1" m="10347" /><E59/><V91/><F6/><W112/><G112/><T46/><D46/><U90/><E131/><V80/><F66/><W85/><G65/><T1/><D1/><U34/><E67/><V32/><F62/><W23/><G85/><T126/><D126/><U105/><E127/><V118/><F118/><W130/><G130/><T61/><D61/><U49/><E125/><V52/><F124/><W45/><G45/><RYUUKYOKU ba="4,1" sc="585,30,240,-10,60,-10,105,-10" hai0="9,13,14,18,19,38,41,47,50,51,94,97,100" /><INIT seed="0,5,1,3,3,95" ten="615,230,50,95" oya="0" hai0="3,66,131,105,30,26,109,28,23,50,85,111,133" hai1="69,2,56,116,90,115,70,103,35,51,6,110,126" hai2="11,15,65,122,97,82,32,86,100,24,7,112,114" hai3="75,76,59,37,81,113,14,41,134,5,19,46,29"/><T71/><D3/><U44/><E116/><V89/><F122/><W21/><G134/><T40/><D133/><U10/><E35/><V92/><REACH who="2" step="1"/><F65/><REACH who="2" ten="615,230,40,95" step="2"/><W54/><G113/><T119/><D66/><U72/><E115/><V132/><F132/><W22/><G29/><AGARI ba="5,2" hai="7,11,15,24,29,32,82,86,89,92,97,100,112,114" machi="29" ten="40,2600,0" yaku="1,1,52,1,53,0" doraHai="95" doraHaiUra="60" who="2" fromWho="3" sc="615,0,230,0,40,61,95,-41" /><INIT seed="1,0,0,2,2,114" ten="615,230,101,54" oya="1" hai0="17,130,60,48,113,93,41,82,74,34,61,31,78" hai1="47,42,125,0,132,111,123,81,115,66,69,23,98" hai2="2,89,117,32,27,101,68,67,49,36,84,43,124" hai3="110,135,20,129,10,91,102,7,79,86,116,94,96"/><U105/><E23/><V109/><F36/><W112/><G112/><T15/><D130/><U46/><E81/><V63/><F2/><W106/><G129/><T58/><D34/><U14/><E14/><V77/><F77/><W53/><G110/><T64/><D61/><U134/><E98/><V72/><F109/><W4/><G135/><T9/><D31/><U97/><E97/><V107/><F72/><W52/><G116/><T126/><D126/><U13/><E13/><V16/><F124/><W40/><G40/><T65/><D93/><U25/><E25/><V29/><F101/><W21/><G4/><T37/><D37/><U51/><E105/><V26/><F107/><W121/><G121/><T73/><D113/><U99/><E99/><V127/><F127/><W18/><G79/><T100/><D100/><U87/><E87/><V22/><F49/><W33/><G33/><T3/><D3/><U122/><E0/><V75/><F43/><W44/><G44/><T56/><D41/><N who="1" m="25039" /><E125/><V76/><F76/><W55/><REACH who="3" step="1"/><G18/><REACH who="3" ten="615,230,101,44" step="2"/><T12/><D17/><U83/><E115/><V120/><F120/><W62/><G62/><T24/><D78/><U70/><E111/><V131/><F131/><W59/><G59/><T119/><D60/><U6/><E123/><V90/><F75/><W54/><N who="3" m="13312" /><DORA hai="95" /><W104/><G104/><T118/><D74/><U85/><E122/><V71/><F117/><W39/><G39/><T1/><D118/><U103/><E134/><V19/><F19/><W28/><G28/><T50/><D119/><U8/><E132/><V57/><F29/><RYUUKYOKU ba="0,1" sc="615,-10,230,-10,101,-10,44,30" hai3="7,10,20,21,86,91,94,96,102,106" /><INIT seed="2,1,1,3,5,85" ten="605,220,91,74" oya="2" hai0="109,96,69,23,53,77,78,65,57,6,125,79,62" hai1="128,34,70,102,38,27,132,135,35,46,83,24,94" hai2="4,29,59,55,54,21,49,74,61,105,80,101,68" hai3="20,67,16,52,8,87,93,25,19,0,60,1,58"/><V30/><F105/><W17/><G0/><T103/><D109/><U45/><E70/><V88/><F101/><W115/><G115/><T71/><D125/><U121/><E128/><V95/><F4/><W40/><G40/><T56/><D23/><U107/><E107/><V92/><F68/><W81/><G93/><T116/><D116/><U33/><E121/><V47/><F21/><W90/><G1/><T119/><D119/><U48/><E83/><V112/><F112/><W64/><REACH who="3" step="1"/><G8/><REACH who="3" ten="605,220,91,64" step="2"/><T104/><D104/><U15/><E94/><V14/><F95/><W73/><G73/><T3/><D3/><U13/><E102/><V7/><F74/><W2/><G2/><T28/><D103/><U120/><E120/><V39/><F80/><W97/><G97/><T130/><D96/><U63/><E135/><V126/><F126/><W36/><G36/><T108/><D130/><U106/><E38/><V131/><F39/><W22/><G22/><T100/><D100/><U124/><E124/><V5/><F131/><W44/><G44/><T123/><D123/><U26/><E132/><V9/><F5/><W129/><G129/><T82/><D6/><U72/><E72/><V37/><F37/><W10/><G10/><T12/><D82/><U76/><E106/><V66/><F54/><W110/><G110/><T32/><D108/><U89/><E46/><V98/><AGARI ba="1,2" hai="7,9,14,29,30,47,49,55,59,61,66,88,92,98" machi="98" ten="20,12000,1" yaku="0,1,7,1,8,1,52,1,54,1" doraHai="85" who="2" fromWho="2" sc="605,-41,220,-41,91,143,64,-41" /><INIT seed="2,2,0,3,3,116" ten="564,179,234,23" oya="2" hai0="111,48,120,73,46,130,114,45,74,92,97,3,96" hai1="10,126,128,25,133,69,82,121,4,89,23,91,124" hai2="31,134,11,122,78,106,75,135,12,98,29,80,8" hai3="0,42,33,59,107,83,127,39,43,35,6,86,49"/><V36/><F36/><W108/><G107/><T34/><D3/><U117/><E69/><V24/><F31/><W19/><G108/><T58/><D111/><U123/><E117/><V16/><F8/><W87/><G127/><N who="1" m="48682" /><E133/><N who="2" m="50699" /><F98/><W67/><G39/><T88/><D34/><U79/><E89/><V119/><F119/><W105/><G105/><T84/><D97/><U41/><E91/><V27/><F106/><W18/><G0/><T109/><D109/><U20/><E41/><V7/><F7/><W1/><G6/><T131/><D114/><U17/><E128/><V22/><F27/><W129/><G1/><T56/><D88/><U55/><E55/><V77/><F77/><W118/><G118/><T64/><D96/><U52/><E52/><V14/><F14/><W68/><G129/><T63/><D130/><U85/><E23/><V54/><F54/><W38/><G38/><T15/><D15/><AGARI ba="2,0" hai="4,10,15,17,20,25,79,82,85,121,123" m="48682" machi="15" ten="30,3900,0" yaku="18,1,52,2" doraHai="116" who="1" fromWho="0" sc="564,-45,179,45,234,0,23,0" /><INIT seed="3,0,0,1,5,6" ten="519,224,234,23" oya="3" hai0="37,51,3,115,16,45,41,42,130,96,133,119,17" hai1="113,92,26,122,33,63,123,111,29,74,49,28,98" hai2="103,2,84,94,70,25,121,31,87,68,10,55,15" hai3="129,106,62,80,86,93,75,60,131,21,14,117,102"/><W35/><G35/><T0/><D119/><U56/><E113/><V53/><F2/><W73/><G117/><T109/><D109/><U112/><E74/><V24/><F121/><W40/><G106/><T36/><D96/><U81/><E112/><V13/><F70/><W101/><G40/><T27/><D27/><N who="2" m="10314" /><F68/><W52/><G21/><T32/><D32/><U88/><E29/><V9/><F31/><W105/><G14/><N who="2" m="5129" /><F103/><N who="3" m="39435" /><G105/><T71/><D42/><U43/><E111/><V127/><F127/><W30/><G93/><T125/><D71/><U11/><E81/><V7/><F7/><W91/><G30/><T100/><D41/><U126/><E126/><V78/><F78/><W20/><G20/><T107/><D37/><U61/><E11/><N who="2" m="4107" /><F94/><W65/><G65/><T39/><D3/><U90/><E90/><V76/><F76/><W47/><G47/><T1/><D45/><U50/><E63/><N who="3" m="24106" /><G52/><AGARI ba="0,0" hai="52,53,55,84,87" m="4107,5129,10314" machi="52" ten="30,12000,2" yaku="28,2,8,1,52,3,54,1" doraHai="6" who="2" fromWho="3" sc="519,0,224,0,234,120,23,-120" owari="519,61.9,224,-17.6,354,15.4,-97,-59.7" /></mjloggm>