<mjloggm ver="2.3"><GO type="225" lobby="0"/><UN n0="%73%69%67%65%6E%6F%72%69" n1="%E3%81%BF%E3%81%BF%E3%81%9A" n2="%E6%81%A5%E6%99%92%E3%81%97" n3="%E7%B4%94%E6%BD%94%E3%83%94%E3%83%A9%E3%83%8B%E3%82%A2" dan="18,17,16,17" rate="2254.71,2199.05,2127.18,2217.02" sx="M,M,M,M"/><TAIKYOKU oya="0"/><INIT seed="0,0,0,2,3,19" ten="250,250,250,250" oya="0" hai0="11,92,133,117,102,59,3,14,103,25,56,13,79" hai1="86,61,52,45,49,28,110,43,67,132,90,80,71" hai2="96,72,126,119,60,6,12,128,55,47,77,48,66" hai3="5,100,134,94,36,118,135,98,31,57,20,35,24"/><T88/><D117/><U2/><E110/><V97/><F119/><W21/><G36/><T108/><D3/><U125/><E132/><N who="3" m="50730" /><G118/><T41/><D133/><U53/><E125/><V34/><F126/><W74/><G74/><T99/><D108/><U113/><E113/><V44/><F128/><W18/><G5/><T111/><D111/><U39/><E2/><V123/><F34/><W46/><G46/><T8/><D41/><U76/><E28/><V81/><F123/><W23/><G57/><N who="0" m="22091" /><D79/><U54/><REACH who="1" step="1"/><E76/><REACH who="1" ten="250,240,250,250" step="2"/><V131/><F77/><W121/><G121/><T129/><D129/><U89/><E89/><V75/><F131/><W70/><G70/><T114/><D114/><U85/><E85/><V58/><F75/><W105/><G105/><T26/><D103/><U91/><E91/><V109/><F72/><W122/><G122/><T32/><D102/><U93/><E93/><V130/><F109/><W7/><G7/><N who="0" m="3231" /><D32/><U124/><E124/><V33/><F130/><W0/><G0/><T64/><D64/><U27/><E27/><AGARI ba="0,1" hai="18,20,21,23,24,27,31,35,94,98,100" m="50730" machi="27" ten="30,7700,0" yaku="20,1,52,3" doraHai="19" who="3" fromWho="1" sc="250,0,240,-77,250,0,250,87" /><INIT seed="1,0,0,5,3,70" ten="250,163,250,337" oya="1" hai0="33,32,5,27,98,88,94,85,7,63,42,40,133" hai1="87,62,86,45,105,39,24,26,56,104,57,47,121" hai2="123,64,46,6,58,131,66,92,79,8,129,41,15" hai3="78,48,12,128,110,84,31,30,100,113,83,117,115"/><U97/><E121/><V50/><F123/><W82/><G110/><T2/><D133/><U36/><E97/><V73/><F92/><W59/><G128/><T116/><D116/><U91/><E91/><V124/><F124/><W93/><G117/><T34/><D27/><U20/><E20/><V19/><F19/><W109/><G109/><T11/><D5/><U61/><AGARI ba="0,0" hai="24,26,36,39,45,47,56,57,61,62,86,87,104,105" machi="61" ten="25,12000,1" yaku="0,1,22,2,52,2" doraHai="70" who="1" fromWho="1" sc="250,-40,163,120,250,-40,337,-40" /><INIT seed="1,1,0,3,4,127" ten="210,283,210,297" oya="1" hai0="2,26,30,5,38,99,47,64,122,120,17,53,15" hai1="103,4,76,18,52,43,10,31,78,102,125,54,109" hai2="73,55,118,63,81,69,110,89,79,84,29,95,96" hai3="57,46,12,92,13,119,50,20,133,85,22,114,14"/><U90/><E125/><V135/><F118/><W36/><G114/><T77/><D64/><U97/><E31/><V16/><F110/><W60/><G36/><T3/><D77/><N who="1" m="29803" /><E4/><V100/><F135/><W56/><G119/><T106/><D106/><U0/><E43/><V134/><F134/><W32/><G32/><N who="0" m="20567" /><D99/><U87/><E97/><V40/><F40/><N who="3" m="24903" /><G133/><T58/><D47/><U105/><E0/><V80/><F29/><W113/><G113/><T112/><D38/><U68/><E105/><V124/><F124/><W126/><G126/><T132/><D112/><U88/><E68/><V24/><F55/><N who="1" m="21033" /><E109/><V7/><F7/><W39/><G39/><T59/><D132/><U51/><E51/><V94/><F69/><W28/><G28/><T41/><D41/><U42/><E42/><V107/><REACH who="2" step="1"/><F63/><REACH who="2" ten="210,283,200,297" step="2"/><W21/><G60/><N who="0" m="35919" /><D59/><U44/><E44/><V131/><F131/><W35/><G35/><T70/><D70/><U61/><E61/><V11/><F11/><W8/><G8/><N who="0" m="2103" /><D3/><U101/><E10/><V86/><F86/><W74/><G74/><T34/><D34/><U1/><E1/><V121/><F121/><W23/><N who="3" m="5120" /><DORA hai="37" /><W67/><G67/><T108/><D108/><U111/><E111/><V66/><F66/><W83/><G56/><T128/><D128/><U71/><E71/><V104/><F104/><W49/><G57/><T129/><D129/><U75/><E75/><V115/><F115/><W6/><G6/><T65/><D65/><U123/><E87/><V130/><F130/><W25/><G85/><T116/><D116/><U9/><E123/><RYUUKYOKU ba="1,1" sc="210,10,283,10,200,10,297,-30" hai0="15,17,120,122" hai1="9,18,88,90,101,102,103" hai2="16,24,73,79,80,81,84,89,94,95,96,100,107" /><INIT seed="1,2,1,4,5,42" ten="220,293,210,267" oya="1" hai0="92,21,63,3,28,95,104,112,32,117,122,71,13" hai1="118,40,61,27,70,80,116,99,96,50,4,69,109" hai2="82,72,26,86,125,123,76,102,128,48,59,65,77" hai3="8,10,79,15,106,37,46,49,100,34,5,18,67"/><U30/><E4/><V36/><F123/><W111/><G111/><T52/><D117/><U55/><E109/><V113/><F36/><W87/><G34/><T131/><D112/><U31/><E80/><V110/><F110/><W11/><G37/><T43/><D104/><U114/><E114/><V14/><F113/><W0/><G67/><T81/><D3/><U35/><E40/><V9/><F125/><W75/><G75/><T88/><D131/><U7/><E7/><V130/><F102/><W29/><G29/><T24/><D122/><U74/><E74/><V84/><F77/><W16/><G87/><N who="0" m="50287" /><D71/><U134/><E134/><V39/><F26/><W58/><G79/><T54/><D32/><U2/><E2/><V57/><F39/><W89/><G89/><T23/><D43/><U78/><E78/><V73/><F73/><W66/><G106/><T44/><D63/><U83/><E83/><V85/><F65/><W133/><G100/><T47/><D52/><U119/><E31/><V127/><F127/><W90/><G90/><T20/><D20/><U132/><E132/><V51/><F128/><W124/><G124/><T129/><D54/><U6/><E70/><V38/><F38/><W64/><G64/><T98/><D129/><U1/><E61/><V19/><REACH who="2" step="1"/><F130/><REACH who="2" ten="220,293,200,267" step="2"/><W115/><G115/><T107/><D107/><U17/><E116/><V56/><AGARI ba="2,2" hai="9,14,19,48,51,56,57,59,72,76,82,84,85,86" machi="56" ten="30,4000,0" yaku="1,1,2,1,0,1,53,0" doraHai="42" doraHaiUra="62" who="2" fromWho="2" sc="220,-12,293,-22,200,66,267,-12" /><INIT seed="2,0,0,5,3,0" ten="208,271,266,255" oya="2" hai0="41,65,75,17,9,122,118,25,53,131,35,94,69" hai1="95,12,3,58,16,51,135,20,43,120,73,114,123" hai2="83,30,45,70,5,33,129,99,82,13,132,96,18" hai3="48,76,26,31,32,119,113,111,40,57,108,14,24"/><V22/><F70/><W128/><G119/><T98/><D122/><N who="1" m="46635" /><E73/><V37/><F129/><W62/><G128/><T66/><D131/><U112/><E135/><V115/><F115/><W55/><G113/><T109/><D109/><N who="3" m="42057" /><G24/><T19/><D118/><U10/><E95/><V36/><F30/><W121/><G121/><T64/><D75/><U46/><E58/><V125/><F33/><W74/><G14/><T117/><D117/><U81/><E81/><V50/><F132/><W42/><G76/><T86/><D41/><N who="3" m="15977" /><G74/><T49/><D69/><U105/><E105/><V7/><F125/><W59/><G59/><T54/><D35/><U47/><E47/><V134/><F134/><W126/><G126/><T71/><D71/><U29/><E29/><V28/><F28/><W39/><G39/><T102/><D86/><U92/><E92/><V8/><F37/><W27/><G26/><T93/><D93/><U106/><E106/><V11/><F36/><W38/><G38/><T6/><D25/><N who="1" m="14471" /><E3/><V130/><F130/><W34/><G34/><T61/><D61/><AGARI ba="0,0" hai="27,31,32,48,55,57,61,62" m="15977,42057" machi="61" ten="30,1000,0" yaku="14,1" doraHai="0" who="3" fromWho="0" sc="208,-10,271,0,266,0,255,10" /><INIT seed="3,0,0,5,5,58" ten="198,271,266,265" oya="3" hai0="78,65,118,31,21,76,131,85,7,16,35,54,77" hai1="114,30,108,83,5,110,123,101,13,37,130,105,14" hai2="51,56,68,119,79,129,49,80,127,103,116,125,6" hai3="57,92,120,2,52,61,112,93,84,111,22,59,24"/><W87/><G112/><T19/><D131/><U44/><E30/><V3/><F103/><W39/><G39/><T94/><D118/><N who="2" m="45098" /><F6/><W45/><G120/><T50/><D35/><U9/><E123/><V8/><F8/><W36/><G2/><T134/><D134/><U15/><E130/><V133/><F3/><W126/><G126/><N who="2" m="48137" /><F129/><W88/><G111/><T86/><D65/><U89/><E114/><V72/><F68/><W18/><G36/><T75/><D75/><U10/><E105/><V96/><F96/><N who="3" m="57351" /><G45/><T91/><D7/><U67/><E101/><V109/><F109/><W34/><G34/><T81/><D31/><U33/><E44/><V28/><F133/><W17/><G93/><T43/><D43/><U74/><E108/><V90/><F28/><N who="3" m="17431" /><G57/><N who="0" m="32983" /><D19/><AGARI ba="0,0" hai="17,18,19,52,59,61,84,87" m="17431,57351" machi="19" ten="30,11600,0" yaku="8,1,52,1,54,2" doraHai="58" who="3" fromWho="0" sc="198,-116,271,0,266,0,265,116" owari="82,-41.8,271,7.1,266,-13.4,381,48.1" /></mjloggm>