<mjloggm ver="2.3"><GO type="225" lobby="0"/><UN n0="%E5%8D%A0%E3%81%84%E5%B8%AB%E8%A3%8F%E3%81%AA%E3%81%84%E3%81%97" n1="%70%68%65%6E%6F%6D%65" n2="%E5%B0%8F%E9%B3%A5%E9%81%8A%E7%B7%B4%E7%84%A1%32%31%E6%AD%B3" n3="%E6%A1%9C%E8%8A%B1%E9%96%83%E3%80%85" dan="17,16,17,16" rate="2214.72,2188.91,2191.00,2206.86" sx="M,M,F,M"/><TAIKYOKU oya="0"/><INIT seed="0,0,0,1,1,12" ten="250,250,250,250" oya="0" hai0="74,52,51,60,68,94,18,2,129,120,126,99,31" hai1="49,67,58,37,133,46,103,44,15,76,116,62,90" hai2="128,65,79,3,48,118,75,87,50,55,131,56,42" hai3="88,47,13,10,107,100,25,95,78,121,92,20,96"/><T4/><D120/><U33/><E116/><V54/><F3/><W119/><G119/><T14/><D74/><U109/><E33/><V63/><F75/><W105/><G121/><T36/><D36/><U27/><E109/><V45/><F79/><W77/><G47/><T127/><D31/><U106/><E133/><V102/><F102/><W123/><G123/><T6/><D129/><N who="2" m="49738" /><F87/><N who="3" m="52255" /><G107/><T39/><D39/><U69/><E27/><V30/><F30/><N who="3" m="17703" /><G105/><T134/><D60/><U70/><E76/><V11/><F11/><W132/><G132/><T19/><D68/><U72/><E72/><V111/><F118/><W115/><G115/><T97/><D134/><U117/><E90/><V135/><F135/><W89/><G100/><N who="0" m="60471" /><D99/><U41/><E117/><V93/><F93/><W24/><G24/><T84/><D84/><U17/><E103/><V64/><F111/><W91/><G89/><T110/><D110/><U125/><E106/><V38/><F38/><W32/><G32/><T21/><D2/><U40/><REACH who="1" step="1"/><E125/><REACH who="1" ten="250,240,250,250" step="2"/><N who="0" m="47625" /><D18/><AGARI ba="0,1" hai="10,13,18,77,78,91,95,96" m="17703,52255" machi="18" ten="30,3900,0" yaku="8,1,52,1,54,1" doraHai="12" who="3" fromWho="0" sc="250,-39,240,0,250,0,250,49" /><INIT seed="1,0,0,0,3,110" ten="211,240,250,299" oya="1" hai0="116,76,11,9,59,2,79,128,93,52,118,40,90" hai1="84,24,85,31,64,80,63,70,25,61,39,88,54" hai2="103,134,49,34,107,129,102,43,111,106,57,125,33" hai3="30,13,60,27,42,78,105,1,32,133,123,135,29"/><U51/><E39/><V95/><F111/><W56/><G123/><T131/><D40/><U6/><E6/><V109/><F109/><W83/><G1/><T97/><D2/><U0/><E0/><V55/><F134/><N who="3" m="51211" /><G105/><T68/><D68/><U77/><E63/><V23/><F129/><N who="0" m="49738" /><D9/><U115/><E115/><V38/><F125/><W122/><G122/><T101/><D11/><U81/><REACH who="1" step="1"/><E31/><REACH who="1" ten="211,230,250,299" step="2"/><V130/><F130/><W74/><G30/><T72/><D72/><U21/><E21/><V50/><F23/><W46/><G60/><N who="0" m="35943" /><D101/><U47/><AGARI ba="0,1" hai="24,25,47,51,54,61,64,70,77,80,81,84,85,88" machi="47" ten="20,12000,1" yaku="1,1,0,1,7,1,54,1,53,1" doraHai="110" doraHaiUra="66" who="1" fromWho="1" sc="211,-40,230,130,250,-40,299,-40" /><INIT seed="1,1,0,4,2,2" ten="171,360,210,259" oya="1" hai0="87,40,0,59,10,74,97,11,116,47,105,13,29" hai1="3,101,19,110,24,109,121,25,5,102,69,106,77" hai2="132,86,81,17,20,130,35,85,72,46,7,68,112" hai3="26,1,79,88,127,8,16,27,134,126,114,52,62"/><U56/><E69/><V92/><F68/><W118/><G114/><T63/><D74/><U58/><E77/><V95/><F35/><W44/><G134/><T125/><D116/><U90/><E121/><V91/><F112/><W108/><G118/><T36/><D125/><N who="3" m="47625" /><G108/><N who="1" m="41578" /><E90/><V22/><F132/><W67/><G79/><T98/><D29/><U34/><E19/><V57/><F72/><W129/><G129/><T43/><D43/><U96/><E102/><V133/><F133/><W9/><G88/><T123/><D123/><U12/><E12/><V111/><F111/><W70/><G1/><T53/><D105/><U80/><E80/><V82/><F130/><W49/><G27/><N who="1" m="10314" /><E34/><V64/><F22/><AGARI ba="1,0" hai="8,9,16,22,26,44,49,52,62,67,70" m="47625" machi="22" ten="30,3900,0" yaku="18,1,54,2" doraHai="2" who="3" fromWho="2" sc="171,0,360,0,210,-42,259,42" /><INIT seed="2,0,0,5,3,63" ten="171,360,168,301" oya="2" hai0="12,0,95,115,15,50,86,126,93,132,134,14,127" hai1="64,120,121,9,55,135,133,130,61,33,26,36,65" hai2="4,21,34,19,78,97,110,94,109,106,60,11,122" hai3="69,57,48,13,100,54,119,116,102,10,72,22,8"/><V58/><F34/><W2/><G72/><T49/><D0/><U32/><E36/><V18/><F78/><W108/><G69/><T131/><D115/><U66/><E130/><V27/><F106/><W83/><G108/><N who="2" m="41577" /><F122/><N who="1" m="47209" /><E9/><V51/><F51/><N who="0" m="19466" /><D86/><U37/><E37/><V29/><F11/><W118/><G22/><T7/><D7/><U43/><E43/><V82/><F82/><W47/><G57/><T62/><D62/><U17/><E33/><V70/><F4/><W79/><G2/><T80/><D80/><U129/><E129/><V98/><F70/><W73/><G8/><T25/><D25/><U38/><E38/><V59/><F59/><W128/><G128/><T76/><D76/><U41/><E41/><V56/><F56/><W104/><G104/><T88/><D131/><U28/><E61/><V90/><F98/><W125/><G10/><T107/><D107/><U85/><E85/><V20/><F20/><W99/><G99/><N who="0" m="57767" /><D95/><U75/><E75/><V117/><F117/><W30/><G116/><T111/><D111/><U84/><E84/><V74/><F74/><W45/><G118/><T113/><D113/><U3/><E3/><V5/><F5/><W77/><G119/><T1/><D1/><U53/><E17/><V46/><F46/><W68/><G47/><T96/><D96/><U105/><E105/><V23/><F23/><W81/><G45/><T87/><D87/><U40/><E40/><V39/><F39/><W6/><G6/><T103/><D103/><U101/><E101/><V24/><F24/><W16/><G100/><T92/><D92/><RYUUKYOKU ba="0,0" sc="171,10,360,10,168,10,301,-30" hai0="12,14,15,126,127,132,134" hai1="26,28,32,53,55,64,65,66,133,135" hai2="18,19,21,27,29,58,60,90,94,97" /><INIT seed="2,1,0,2,4,56" ten="181,370,178,271" oya="2" hai0="12,16,117,103,52,133,115,30,92,130,104,19,11" hai1="67,47,4,9,86,106,126,108,79,45,88,135,38" hai2="69,51,113,91,116,35,65,119,6,111,5,127,78" hai3="14,3,73,23,59,34,63,84,124,27,66,15,8"/><V81/><F35/><W94/><G73/><T33/><D115/><U75/><E106/><V28/><F113/><W25/><G124/><T102/><D104/><U89/><E67/><V49/><F111/><W20/><G3/><T132/><D130/><U96/><E126/><V21/><F127/><W93/><G34/><T97/><D117/><U46/><E96/><V134/><F91/><N who="3" m="53479" /><G94/><T128/><D128/><U123/><E135/><N who="0" m="51785" /><D33/><U17/><E17/><V68/><F134/><W98/><G98/><T120/><D30/><U125/><E123/><V24/><F119/><W131/><G131/><T83/><D83/><U37/><E89/><V2/><F116/><W44/><G44/><T118/><D118/><U72/><E108/><V54/><F49/><W13/><G8/><T90/><D120/><U80/><E75/><V41/><F41/><W22/><AGARI ba="1,0" hai="13,14,15,20,22,23,25,27,59,63,66" m="53479" machi="22" ten="30,2000,0" yaku="8,1,52,1" doraHai="56" who="3" fromWho="3" sc="181,-6,370,-6,178,-11,271,23" /><INIT seed="3,0,0,4,3,0" ten="175,364,167,294" oya="3" hai0="46,51,132,38,35,120,83,72,3,42,64,69,89" hai1="70,36,128,16,106,101,24,12,114,60,99,5,84" hai2="49,22,133,17,96,78,131,13,88,33,119,31,43" hai3="6,86,65,2,40,4,45,75,14,95,18,28,32"/><W29/><G75/><T125/><D120/><U85/><E36/><V77/><F119/><W27/><G2/><T110/><D110/><U52/><E114/><V53/><F131/><W66/><G28/><T112/><D112/><U118/><E128/><V39/><F133/><W127/><G127/><T8/><D125/><U25/><E5/><V107/><F39/><W54/><G54/><T116/><D116/><U15/><E15/><V91/><F43/><W9/><G66/><T102/><D102/><U105/><E106/><V61/><F61/><W11/><G65/><T108/><D51/><U71/><E118/><V55/><F107/><W74/><G74/><T134/><D108/><U111/><E85/><V21/><F33/><W1/><G18/><T50/><D50/><U115/><E84/><V79/><F96/><W130/><G130/><T126/><D35/><U113/><E111/><V122/><F122/><W19/><G19/><T90/><D126/><U103/><E103/><V82/><F82/><W87/><REACH who="3" step="1"/><G95/><REACH who="3" ten="175,364,167,284" step="2"/><T124/><D124/><U129/><E129/><V34/><F34/><W98/><G98/><T56/><D134/><U20/><E113/><V62/><F62/><W57/><G57/><T92/><D56/><N who="1" m="34823" /><E115/><V100/><F55/><W76/><G76/><N who="0" m="44423" /><D132/><U41/><E41/><V37/><F37/><AGARI ba="0,1" hai="1,4,6,9,11,14,27,29,32,37,40,45,86,87" machi="37" ten="30,11600,0" yaku="1,1,7,1,52,2,53,0" doraHai="0" doraHaiUra="48" who="3" fromWho="2" sc="175,0,364,0,167,-116,284,126" owari="175,-22.5,364,16.4,51,-44.9,410,51.0" /></mjloggm>