<mjloggm ver="2.3"><GO type="225" lobby="0"/><UN n0="%74%75%72%74%6C%65%2E" n1="%E6%9C%88%E5%B3%B6%E5%9F%BA" n2="%EF%BC%AE%EF%BC%A1%EF%BC%AF%33%33%39" n3="%E7%89%B9%E6%9D%B1%E5%96%B0%E8%B5%A4%E9%80%9F" dan="16,16,16,16" rate="2046.84,2117.64,2106.96,2028.34" sx="M,M,M,M"/><TAIKYOKU oya="0"/><INIT seed="0,0,0,0,5,9" ten="250,250,250,250" oya="0" hai0="116,35,101,73,46,22,64,18,94,8,123,50,119" hai1="107,92,89,113,15,28,91,30,129,27,100,82,12" hai2="57,25,3,70,2,88,110,93,61,34,112,134,42" hai3="102,81,124,118,128,109,120,47,13,125,132,106,75"/><T29/><D123/><U96/><E129/><V63/><F112/><W48/><G118/><T104/><D104/><U84/><E113/><V31/><F42/><W43/><G128/><T133/><D73/><U7/><E7/><V52/><F110/><W38/><G109/><T62/><D8/><U135/><E135/><V67/><REACH who="2" step="1"/><F134/><REACH who="2" ten="250,250,240,250" step="2"/><W56/><G132/><T0/><D133/><U68/><E68/><V26/><F26/><W59/><G120/><T79/><D119/><U1/><E1/><V80/><F80/><W77/><G38/><T78/><D0/><U99/><REACH who="1" step="1"/><E30/><REACH who="1" ten="250,240,240,250" step="2"/><V32/><F32/><AGARI ba="0,2" hai="12,15,27,28,32,82,84,89,91,92,96,99,100,107" machi="32" ten="30,12000,2" yaku="1,1,2,1,7,1,52,2,53,1" doraHai="9" doraHaiUra="24" who="1" fromWho="2" sc="250,0,240,140,240,-120,250,0" /><INIT seed="1,0,0,4,3,118" ten="250,380,120,250" oya="1" hai0="70,77,68,30,86,45,0,48,92,93,12,115,63" hai1="51,111,55,125,66,6,96,13,44,50,130,18,95" hai2="106,94,60,128,21,91,34,117,14,31,114,84,1" hai3="10,112,79,126,99,26,35,52,36,5,108,28,47"/><U57/><E125/><V15/><F117/><W124/><G112/><T37/><D0/><U27/><E130/><V19/><F1/><W133/><G133/><T20/><D37/><U78/><E111/><V2/><F2/><W107/><G108/><T83/><D115/><U3/><E78/><V134/><F106/><W88/><G79/><T11/><D68/><U7/><E27/><V17/><F114/><W29/><G29/><T58/><D70/><U25/><E25/><V113/><F113/><W76/><G76/><T53/><D20/><U85/><E85/><V122/><F134/><W102/><G36/><T69/><D69/><U61/><E51/><V4/><F4/><W56/><G47/><T62/><D62/><U8/><REACH who="1" step="1"/><E3/><REACH who="1" ten="250,370,120,250" step="2"/><V104/><F128/><W98/><G124/><T32/><D32/><U135/><E135/><V9/><F60/><W90/><G126/><T119/><D30/><U65/><E65/><V43/><F31/><W109/><G109/><T127/><D127/><U33/><E33/><V38/><F34/><W40/><G98/><T23/><D119/><U71/><E71/><V129/><F129/><W54/><G35/><T97/><D97/><U80/><E80/><V49/><F38/><W64/><G26/><T72/><D72/><U42/><E42/><V82/><F82/><W67/><G40/><T110/><D110/><U123/><E123/><V132/><F132/><W101/><G28/><T89/><D77/><U103/><AGARI ba="0,1" hai="6,7,8,13,18,44,50,55,57,61,66,95,96,103" machi="103" ten="20,7800,0" yaku="1,1,0,1,7,1,8,1,53,0" doraHai="118" doraHaiUra="75" who="1" fromWho="1" sc="250,-26,370,88,120,-26,250,-26" /><INIT seed="1,1,0,5,1,26" ten="224,458,94,224" oya="1" hai0="30,113,79,121,74,83,125,135,89,80,58,38,101" hai1="117,11,108,1,61,45,92,100,71,81,78,22,7" hai2="132,24,27,28,120,18,133,91,4,51,76,90,122" hai3="3,48,66,94,103,69,52,33,62,43,46,31,106"/><U9/><E117/><V95/><F76/><W42/><G3/><T50/><D38/><U119/><E119/><V47/><F4/><W5/><G94/><T29/><D113/><U35/><E35/><V124/><F124/><W87/><G87/><T44/><D125/><U88/><E108/><V129/><F129/><W111/><G5/><T110/><D110/><U12/><E100/><V123/><F18/><W118/><G118/><T19/><D121/><U85/><E45/><V98/><F91/><W72/><G72/><T128/><D128/><U14/><E71/><V39/><F39/><W84/><G84/><T109/><D109/><U6/><E61/><V15/><F15/><W127/><G127/><T32/><D32/><U49/><E49/><V10/><F10/><W99/><G111/><T41/><D58/><U77/><E1/><V63/><F63/><W75/><G75/><T34/><D34/><U0/><E0/><V97/><F97/><W57/><G46/><T60/><D60/><U116/><E116/><V126/><F126/><W21/><G21/><T53/><D101/><U23/><E78/><V56/><F56/><W2/><G2/><T17/><D41/><U8/><E11/><V25/><REACH who="2" step="1"/><F28/><REACH who="2" ten="224,458,84,224" step="2"/><W102/><G103/><T112/><D112/><U16/><E7/><V13/><F13/><W67/><G66/><T59/><D59/><U130/><E130/><V36/><F36/><W40/><G31/><T114/><D114/><U70/><E70/><V93/><F93/><W37/><G37/><T131/><D131/><U68/><E68/><V134/><F134/><RYUUKYOKU ba="1,1" sc="224,-30,458,10,84,10,224,10" hai1="6,8,9,12,14,16,22,23,77,81,85,88,92" hai2="24,25,27,47,51,90,95,98,120,122,123,132,133" hai3="33,40,42,43,48,52,57,62,67,69,99,102,106" /><INIT seed="1,2,1,5,4,62" ten="194,468,94,234" oya="1" hai0="69,94,25,65,79,26,100,12,124,6,71,98,43" hai1="87,3,97,2,32,72,1,68,76,121,84,75,110" hai2="38,78,63,5,44,74,120,61,47,37,15,95,57" hai3="101,81,39,130,28,107,56,33,30,4,82,0,122"/><U66/><E121/><V116/><F74/><W118/><G122/><T126/><D43/><U19/><E32/><V77/><F120/><W102/><G39/><T85/><D69/><U18/><E110/><V45/><F95/><W14/><G0/><T117/><D117/><U17/><E97/><V80/><F116/><W35/><G130/><T52/><D6/><U41/><E41/><V127/><F127/><N who="0" m="48682" /><D12/><U54/><E54/><V123/><F123/><W67/><G14/><T92/><D52/><U23/><E23/><V106/><F106/><W105/><G4/><T9/><D9/><U131/><E131/><V42/><F15/><W88/><G56/><T13/><D13/><U31/><E31/><V132/><F5/><W93/><G118/><T55/><D55/><U91/><E76/><V7/><F78/><W60/><G60/><N who="0" m="40359" /><D79/><U113/><E3/><V34/><F7/><W83/><G67/><T22/><D22/><U58/><E66/><V49/><F34/><W119/><G119/><T103/><D103/><U36/><E68/><V135/><F63/><W20/><G20/><T128/><D128/><U8/><E2/><V112/><F45/><W89/><G33/><T99/><D99/><U104/><E8/><V134/><F44/><W70/><G35/><T96/><D96/><U24/><E1/><V10/><F10/><W109/><G70/><T129/><D129/><U48/><E36/><V111/><F38/><W125/><G125/><T50/><D50/><U11/><E48/><V115/><F37/><W114/><G102/><T27/><D27/><U59/><E24/><RYUUKYOKU ba="2,1" sc="194,30,468,-10,94,-10,234,-10" hai0="25,26,85,92,94,98,100" /><INIT seed="2,3,1,1,3,65" ten="224,458,84,224" oya="2" hai0="45,120,94,115,27,68,35,60,88,18,84,78,5" hai1="105,11,16,46,97,108,54,13,74,96,126,38,7" hai2="67,63,57,20,12,14,125,121,31,127,111,40,109" hai3="113,80,133,82,34,116,86,95,21,118,41,89,17"/><V131/><F40/><W53/><G34/><T58/><D120/><U119/><E119/><V110/><F121/><W135/><G41/><T25/><D115/><U90/><E74/><V70/><F131/><W76/><G53/><T47/><D5/><U92/><E108/><V122/><F122/><W39/><G39/><T69/><D78/><U123/><E126/><N who="2" m="48139" /><F57/><W128/><G128/><T55/><D25/><AGARI ba="3,1" hai="12,14,20,25,31,63,67,70,109,110,111" m="48139" machi="25" ten="40,12000,1" yaku="14,1,10,1,18,1,52,1" doraHai="65" who="2" fromWho="0" sc="224,-129,458,0,84,139,224,0" /><INIT seed="2,4,0,2,3,112" ten="95,458,223,224" oya="2" hai0="44,55,22,1,79,75,84,49,17,110,50,85,83" hai1="64,47,56,121,93,86,54,128,25,124,8,30,13" hai2="6,105,10,122,39,37,123,133,131,107,12,27,132" hai3="95,88,130,97,48,127,114,24,106,32,117,73,90"/><V118/><F27/><W38/><G38/><N who="2" m="14345" /><F12/><W14/><G130/><T21/><D1/><U20/><E128/><V101/><F131/><W18/><G106/><N who="2" m="40457" /><F101/><W102/><G73/><T103/><D103/><U61/><E124/><V53/><F53/><W100/><G127/><T119/><D110/><U16/><E121/><N who="2" m="46091" /><F10/><W125/><G100/><T81/><D75/><U96/><E86/><V2/><F6/><W69/><G125/><T43/><D17/><U94/><E96/><V19/><F19/><W7/><G7/><T42/><D119/><U66/><E47/><V98/><F98/><W62/><G117/><T5/><D5/><U135/><E135/><N who="2" m="51787" /><F2/><W11/><G11/><T74/><D74/><U0/><E0/><V78/><F78/><W58/><G14/><T52/><REACH who="0" step="1"/><D79/><REACH who="0" ten="85,458,223,224" step="2"/><U129/><E129/><V116/><AGARI ba="4,1" hai="116,118" m="51787,46091,40457,14345" machi="116" ten="40,18000,2" yaku="28,2,20,1,31,2,52,2" doraHai="112" who="2" fromWho="2" sc="85,-64,458,-64,223,202,224,-64" /><INIT seed="2,5,0,3,1,85" ten="21,394,425,160" oya="2" hai0="11,88,132,32,110,98,63,125,74,126,103,44,29" hai1="56,75,130,16,28,71,52,100,76,133,69,25,10" hai2="94,49,104,78,40,34,12,57,47,13,131,64,62" hai3="14,86,4,31,96,134,46,8,72,45,42,68,43"/><V15/><F104/><W41/><G72/><T77/><D132/><U115/><E115/><V89/><F34/><W66/><G134/><T30/><D110/><U0/><E133/><V36/><F131/><W20/><G96/><T9/><D77/><U90/><E130/><V50/><REACH who="2" step="1"/><F78/><REACH who="2" ten="21,394,415,160" step="2"/><W124/><G124/><T91/><D74/><U106/><E76/><V87/><AGARI ba="5,1" hai="12,13,15,36,40,47,49,50,57,62,64,87,89,94" machi="87" ten="30,11700,0" yaku="1,1,2,1,0,1,52,1,53,0" doraHai="85" doraHaiUra="102" who="2" fromWho="2" sc="21,-44,394,-44,415,142,160,-44" owari="-23,-52.3,350,15.0,557,65.7,116,-28.4" /></mjloggm>