<mjloggm ver="2.3"><GO type="225" lobby="0"/><UN n0="%E7%99%BD%E5%80%89%E5%AF%9B%E4%B9%8B" n1="%E6%A1%9C%E8%8A%B1%E9%96%83%E3%80%85" n2="%E7%99%BD%E6%98%BC%E9%87%8C%E7%9A%84%E5%A4%9C" n3="%E3%81%BF%E3%81%BF%E3%81%9A" dan="16,16,16,17" rate="2136.98,2108.19,2074.29,2165.74" sx="M,M,M,M"/><TAIKYOKU oya="0"/><INIT seed="0,0,0,2,3,10" ten="250,250,250,250" oya="0" hai0="80,33,119,56,37,36,15,26,83,51,44,39,90" hai1="48,8,59,65,20,5,95,52,67,127,63,70,46" hai2="1,3,40,35,66,54,97,76,60,64,125,61,131" hai3="128,96,13,111,98,108,88,123,78,115,106,114,55"/><T112/><D112/><BYE who="0" /><N who="3" m="43049" /><G55/><UN n0="%E7%99%BD%E5%80%89%E5%AF%9B%E4%B9%8B" /><T6/><D6/><U49/><BYE who="0" /><E127/><V89/><F125/><W107/><G13/><T82/><D82/><U62/><E20/><UN n0="%E7%99%BD%E5%80%89%E5%AF%9B%E4%B9%8B" /><V11/><F35/><W57/><G57/><T68/><D68/><N who="1" m="42039" /><E95/><V109/><F109/><W75/><G128/><T47/><D119/><U104/><E104/><N who="3" m="39978" /><G123/><T79/><D56/><N who="1" m="32783" /><E8/><V93/><F40/><W27/><G27/><T0/><D0/><U132/><E132/><V69/><F54/><W53/><G53/><T105/><D105/><U30/><E30/><V124/><F131/><W99/><G88/><T117/><D90/><U28/><E28/><V102/><F124/><W2/><G2/><T129/><D117/><U4/><E4/><V21/><F76/><W94/><G94/><T34/><D79/><U18/><E18/><V113/><F113/><W14/><G14/><T71/><D129/><U77/><E5/><V121/><F121/><W7/><G7/><T29/><D39/><U23/><E23/><V85/><F21/><W110/><G78/><T81/><D29/><U101/><E77/><V43/><F11/><W45/><G45/><T84/><D47/><U73/><E70/><V135/><F135/><W116/><G116/><T42/><D71/><U74/><E46/><V120/><F120/><W25/><G25/><T32/><D26/><U19/><E48/><V100/><F3/><W126/><G75/><N who="1" m="28682" /><E19/><V103/><F1/><W24/><G126/><T16/><REACH who="0" step="1"/><D84/><REACH who="0" ten="240,250,250,250" step="2"/><U91/><E91/><V58/><F85/><W12/><G24/><T118/><D118/><U133/><E133/><V17/><F17/><RYUUKYOKU ba="0,1" sc="240,0,250,0,250,0,250,0" hai0="15,16,32,33,34,36,37,42,44,51,80,81,83" hai1="59,63,67,101" hai2="43,58,60,61,64,66,69,89,93,97,100,102,103" hai3="12,96,98,99,108,110,111" /><INIT seed="0,1,1,0,3,59" ten="240,250,250,250" oya="0" hai0="127,91,126,60,123,28,103,27,65,119,17,4,24" hai1="113,71,106,3,26,39,111,10,40,81,53,44,0" hai2="18,2,82,16,107,93,129,114,21,73,20,32,58" hai3="105,15,38,66,8,83,101,14,68,74,115,117,56"/><T110/><D123/><U80/><E111/><V51/><F107/><W43/><G115/><T46/><D119/><U45/><E113/><V108/><F114/><W95/><G117/><T72/><D72/><U84/><E106/><V6/><F32/><W132/><G68/><T48/><D110/><U120/><E120/><V75/><F108/><W133/><G105/><T116/><D103/><U104/><E104/><V49/><F129/><W92/><G43/><T88/><D116/><U23/><E71/><V135/><F135/><N who="3" m="51787" /><G38/><T112/><D17/><U78/><E10/><V47/><F58/><W33/><G33/><T85/><D4/><U30/><E45/><V124/><F124/><N who="0" m="47658" /><D112/><U134/><E134/><V52/><F93/><W96/><G95/><N who="0" m="54671" /><D91/><U97/><E97/><V63/><F6/><W54/><G66/><T19/><D19/><U11/><E81/><V62/><F82/><W131/><G131/><T41/><D28/><U130/><E130/><V29/><F29/><W55/><G8/><T5/><D5/><U125/><E125/><V9/><F9/><W102/><G101/><T87/><D87/><U121/><E121/><V25/><F2/><W42/><G74/><T57/><AGARI ba="1,1" hai="24,27,41,46,48,57,60,65" m="54671,47658" machi="57" ten="30,6000,0" yaku="18,1,52,1,54,1" doraHai="59" who="0" fromWho="0" sc="240,73,250,-21,250,-21,250,-21" /><INIT seed="0,2,0,2,5,7" ten="313,229,229,229" oya="0" hai0="107,54,96,95,56,77,4,51,19,12,93,124,46" hai1="106,59,92,26,44,28,8,49,32,72,11,18,133" hai2="60,23,111,78,104,85,99,128,68,9,71,112,37" hai3="31,20,6,2,114,80,62,81,63,76,53,25,115"/><T14/><D124/><U5/><E106/><V66/><F112/><W127/><G127/><T21/><D107/><U100/><E133/><V83/><F111/><W22/><G81/><T131/><D131/><U57/><E72/><V27/><F37/><W82/><G80/><T10/><D77/><U1/><E100/><V116/><F128/><W79/><G76/><T48/><REACH who="0" step="1"/><D96/><REACH who="0" ten="303,229,229,229" step="2"/><U40/><REACH who="1" step="1"/><E92/><REACH who="1" ten="303,219,229,229" step="2"/><V108/><F104/><W41/><G114/><T50/><D50/><U42/><E42/><AGARI ba="2,2" hai="4,10,12,14,19,21,42,46,48,51,54,56,93,95" machi="42" ten="30,18000,2" yaku="1,1,7,1,8,1,52,1,53,2" doraHai="7" doraHaiUra="91" who="0" fromWho="1" sc="303,206,219,-186,229,0,229,0" /><INIT seed="0,3,0,4,5,68" ten="509,33,229,229" oya="0" hai0="100,105,120,29,110,133,18,69,56,113,112,98,30" hai1="36,81,48,45,131,27,88,109,111,115,99,19,32" hai2="97,4,11,7,134,58,60,118,74,16,91,25,6" hai3="37,31,85,49,39,123,125,51,64,95,5,34,106"/><T127/><D69/><U67/><E131/><V23/><F74/><W66/><G106/><T43/><D120/><U114/><E67/><V93/><F134/><W83/><G5/><T101/><D133/><U15/><E27/><V82/><F82/><W44/><G51/><T22/><D127/><U87/><E32/><V13/><REACH who="2" step="1"/><F118/><REACH who="2" ten="509,33,219,229" step="2"/><W117/><G117/><T96/><D112/><N who="1" m="43051" /><E99/><V119/><F119/><W33/><G125/><T107/><D113/><U21/><E36/><V8/><F8/><W1/><G123/><T24/><D110/><U57/><E57/><V2/><F2/><W65/><G1/><T35/><D35/><U130/><E130/><V55/><AGARI ba="3,1" hai="4,6,7,11,13,16,23,25,55,58,60,91,93,97" machi="55" ten="20,16000,3" yaku="1,1,0,1,7,1,25,2,8,1,54,1,53,1" doraHai="68" doraHaiUra="53" who="2" fromWho="2" sc="509,-83,33,-43,219,179,229,-43" owari="426,52.6,-10,-51.0,398,19.8,186,-21.4" /></mjloggm>