<mjloggm ver="2.3"><GO type="225" lobby="0"/><UN n0="%E3%81%BF%E3%81%BF%E3%81%9A" n1="%E3%81%95%E3%81%8D%E3%81%9F%E3%81%BE%E6%9E%97%E6%AA%8E" n2="%E3%83%96%E3%83%83%E3%83%91%E3%82%AA%E3%83%96%E3%83%81%E3%82%AD%E3%83%B3" n3="%E3%83%A9%E3%82%B9%E7%8E%87%EF%BC%93%E5%89%B2" dan="17,16,17,17" rate="2220.33,2131.02,2174.65,2193.35" sx="M,M,M,F"/><TAIKYOKU oya="0"/><INIT seed="0,0,0,3,4,58" ten="250,250,250,250" oya="0" hai0="131,27,100,67,51,99,68,130,22,13,11,128,31" hai1="26,119,59,135,71,86,64,2,32,132,28,91,134" hai2="117,23,102,124,29,112,76,19,123,47,70,60,15" hai3="62,79,118,46,85,45,127,89,87,94,41,25,24"/><T5/><D51/><U0/><E119/><V84/><F123/><W8/><G127/><T20/><D67/><U111/><E71/><V33/><F112/><W57/><G118/><T126/><D68/><U97/><E97/><V80/><F117/><W3/><G3/><T72/><D72/><U56/><E111/><V37/><F124/><W40/><G8/><T101/><D126/><U103/><E103/><V10/><F102/><W122/><G122/><T7/><D7/><U43/><E43/><V73/><F33/><W83/><G41/><T18/><REACH who="0" step="1"/><D99/><REACH who="0" ten="240,250,250,250" step="2"/><U30/><E64/><V92/><F73/><W35/><G35/><T6/><D6/><U125/><E125/><V107/><F70/><W63/><G46/><T110/><D110/><U54/><E59/><V81/><F47/><W42/><G42/><T88/><D88/><U48/><REACH who="1" step="1"/><E30/><REACH who="1" ten="240,240,250,250" step="2"/><V1/><F29/><W82/><G57/><T55/><D55/><U38/><E38/><V95/><F37/><W74/><G40/><T16/><D16/><U98/><E98/><V53/><F19/><W75/><G45/><T12/><AGARI ba="0,2" hai="5,11,12,13,18,20,22,27,31,100,101,128,130,131" machi="12" ten="30,6000,0" yaku="1,1,0,1,19,1,53,0" doraHai="58" doraHaiUra="106" who="0" fromWho="0" sc="240,80,240,-20,250,-20,250,-20" /><INIT seed="0,1,0,0,2,111" ten="320,220,230,230" oya="0" hai0="36,42,112,96,88,10,37,92,78,84,131,104,23" hai1="32,63,57,135,3,103,132,85,12,30,35,28,90" hai2="82,67,105,50,127,38,122,76,13,75,60,119,59" hai3="125,31,68,9,1,25,77,55,53,56,8,95,81"/><T99/><D112/><U20/><E103/><V93/><F122/><W22/><G125/><T98/><D131/><U73/><E73/><V110/><F110/><W39/><G68/><T4/><D104/><U58/><E3/><V133/><F127/><W83/><G39/><T26/><D78/><U19/><E30/><V130/><F133/><N who="1" m="51273" /><E28/><V66/><F130/><W113/><G113/><T54/><D54/><N who="1" m="34231" /><E58/><V114/><F105/><W107/><G107/><T6/><D42/><U86/><E86/><V43/><F114/><W11/><G1/><T80/><D92/><AGARI ba="1,0" hai="12,19,20,32,35,85,90,92" m="34231,51273" machi="92" ten="30,1000,0" yaku="20,1" doraHai="111" who="1" fromWho="0" sc="320,-13,220,13,230,0,230,0" /><INIT seed="1,0,0,4,5,29" ten="307,233,230,230" oya="1" hai0="42,27,62,20,90,94,76,73,2,6,35,8,48" hai1="89,122,28,33,10,51,93,110,130,50,86,129,49" hai2="70,95,101,114,77,39,98,64,84,127,69,72,12" hai3="25,37,135,19,17,55,97,82,54,80,111,65,23"/><U30/><E122/><V132/><F127/><W131/><G131/><N who="1" m="50186" /><E110/><V26/><F132/><W78/><G135/><T1/><D1/><U31/><E10/><V34/><F114/><W123/><G123/><T16/><D62/><U83/><E83/><V38/><F72/><W63/><G37/><T99/><D76/><U96/><E96/><V79/><F79/><W24/><G111/><T58/><D73/><U57/><E57/><V22/><F34/><AGARI ba="0,0" hai="28,30,31,33,34,49,50,51,86,89,93" m="50186" machi="34" ten="40,7700,0" yaku="19,1,52,2" doraHai="29" who="1" fromWho="2" sc="307,0,233,77,230,-77,230,0" /><INIT seed="1,1,0,4,4,38" ten="307,310,153,230" oya="1" hai0="84,117,86,116,57,56,20,53,133,66,12,97,19" hai1="17,5,35,2,23,107,52,70,41,110,102,16,122" hai2="22,50,40,74,67,135,29,79,88,120,9,103,109" hai3="91,77,32,95,51,42,36,128,118,80,30,25,4"/><U119/><E119/><V106/><F120/><W15/><G128/><T8/><D133/><U62/><E122/><V83/><F135/><W31/><G118/><T87/><D97/><U115/><E115/><V108/><F67/><W49/><G31/><T73/><D73/><U131/><E35/><V45/><F9/><W82/><G4/><T33/><D33/><U105/><E131/><V65/><F65/><W130/><G130/><T114/><D114/><U98/><E107/><V121/><F121/><W10/><G36/><T11/><D117/><U72/><E72/><V96/><F29/><W99/><G99/><T90/><D116/><U112/><E112/><V134/><F134/><W76/><G95/><T63/><REACH who="0" step="1"/><D90/><REACH who="0" ten="297,310,153,230" step="2"/><U55/><E98/><V123/><F123/><W78/><G91/><T6/><D6/><U46/><E5/><V21/><REACH who="2" step="1"/><F88/><REACH who="2" ten="297,310,143,230" step="2"/><W3/><G76/><T54/><D54/><U44/><E52/><V104/><F104/><W39/><G78/><T127/><D127/><U85/><E55/><V48/><F48/><AGARI ba="1,2" hai="8,11,12,19,20,48,53,56,57,63,66,84,86,87" machi="48" ten="40,5200,0" yaku="1,1,8,1,53,1" doraHai="38" doraHaiUra="60" who="0" fromWho="2" sc="297,75,310,0,143,-55,230,0" /><INIT seed="2,0,0,3,4,64" ten="372,310,88,230" oya="2" hai0="104,116,19,35,10,48,18,9,62,80,73,120,129" hai1="34,96,122,98,47,113,134,71,28,65,39,2,77" hai2="97,60,88,102,103,6,131,61,81,92,38,54,22" hai3="111,107,115,58,27,84,7,121,17,16,33,110,24"/><V55/><F131/><W118/><G107/><T14/><D120/><U63/><E113/><V41/><F6/><W12/><G84/><T105/><D129/><U119/><E119/><V31/><F38/><W78/><G78/><T21/><D35/><U91/><E122/><V36/><F36/><W56/><G121/><T128/><D128/><U5/><E77/><V93/><F41/><W69/><G69/><T82/><D116/><U66/><E134/><V106/><F106/><W85/><G85/><T26/><D62/><N who="2" m="24170" /><F81/><W135/><G118/><T87/><D73/><U67/><E98/><N who="2" m="57607" /><F103/><W25/><G33/><T72/><D72/><U30/><E34/><V130/><F130/><W53/><G135/><T127/><D82/><U4/><E2/><V114/><F114/><W59/><G53/><T99/><D105/><U126/><E4/><V13/><F13/><W52/><G52/><N who="2" m="20009" /><F22/><W1/><G1/><T70/><D104/><U51/><E5/><V112/><F112/><W37/><G37/><T83/><D83/><U44/><E39/><V132/><F132/><W109/><G115/><T29/><D80/><U124/><E67/><V123/><F123/><W57/><N who="3" m="14336" /><DORA hai="0" /><W32/><G32/><T43/><D14/><U8/><E66/><V46/><F31/><W86/><G86/><T50/><D29/><U11/><E30/><V133/><F133/><W40/><G40/><T90/><D87/><U76/><E28/><V79/><F79/><W15/><G7/><T100/><D43/><U75/><E65/><V94/><F93/><W45/><G45/><AGARI ba="0,0" hai="45,46,94,97,102" m="20009,57607,24170" machi="45" ten="30,5800,0" yaku="8,1,54,2" doraHai="64,0" who="2" fromWho="3" sc="372,0,310,0,88,58,230,-58" /><INIT seed="2,1,0,4,4,120" ten="372,310,146,172" oya="2" hai0="28,86,92,31,19,67,53,116,52,99,121,70,127" hai1="82,83,77,96,22,73,78,15,128,16,110,107,81" hai2="100,72,59,63,131,3,41,114,6,7,5,87,98" hai3="37,17,106,24,11,112,122,35,12,134,13,4,65"/><V84/><F114/><W111/><G106/><T23/><D121/><U54/><E128/><V27/><F131/><W40/><G122/><T91/><D70/><U55/><E110/><V30/><F72/><W45/><G112/><T66/><D127/><U2/><E2/><V130/><F130/><W38/><G134/><T36/><D36/><U0/><E0/><V102/><F3/><W113/><G113/><T124/><D124/><U93/><E107/><V1/><F41/><W80/><G65/><N who="0" m="24587" /><D116/><U117/><E117/><V43/><F43/><W8/><G80/><N who="0" m="49607" /><D31/><U115/><E115/><V69/><F69/><W39/><REACH who="3" step="1"/><G111/><REACH who="3" ten="372,310,146,162" step="2"/><T109/><D109/><U76/><REACH who="1" step="1"/><E73/><REACH who="1" ten="372,300,146,162" step="2"/><V42/><F1/><W103/><G103/><AGARI ba="1,2" hai="15,16,22,54,55,76,77,78,81,82,83,93,96,103" machi="103" ten="40,8000,1" yaku="1,1,2,1,8,1,54,1,53,0" doraHai="120" doraHaiUra="64" who="1" fromWho="3" sc="372,0,300,103,146,0,162,-83" /><INIT seed="3,0,0,2,4,91" ten="372,403,146,79" oya="3" hai0="19,58,63,99,50,3,85,106,103,109,69,27,51" hai1="75,15,130,90,32,17,114,61,46,23,121,82,76" hai2="4,79,47,53,6,5,34,18,12,124,122,101,89" hai3="94,41,95,0,112,83,68,120,118,65,20,133,84"/><W11/><G112/><T56/><D109/><U59/><E121/><V78/><F124/><W86/><G120/><T43/><D3/><U111/><E111/><V93/><F122/><W33/><G118/><T62/><D69/><U80/><E114/><V127/><F34/><W31/><G133/><T119/><D119/><U102/><E32/><V81/><F127/><W126/><G126/><T14/><D27/><U72/><E130/><V40/><F101/><W42/><G33/><T64/><D43/><U92/><E102/><V129/><F81/><W110/><G110/><T67/><REACH who="0" step="1"/><D85/><REACH who="0" ten="362,403,146,79" step="2"/><N who="1" m="52303" /><E75/><V71/><F40/><N who="3" m="15467" /><G0/><T105/><D105/><U132/><E72/><V57/><F71/><W7/><G68/><T123/><D123/><U45/><E132/><V37/><F129/><W38/><G38/><T108/><D108/><U55/><E76/><V77/><F37/><W98/><G65/><T1/><D1/><U49/><E46/><V28/><F47/><W115/><G115/><T70/><D70/><U73/><E73/><V100/><F53/><AGARI ba="0,1" hai="15,17,23,45,49,53,55,59,61,80,82" m="52303" machi="53" ten="30,2000,0" yaku="8,1,52,1" doraHai="91" who="1" fromWho="2" sc="362,0,403,30,146,-20,79,0" owari="362,16.2,433,53.3,126,-27.4,79,-42.1" /></mjloggm>