<mjloggm ver="2.3"><GO type="225" lobby="0"/><UN n0="%E5%91%A8%E6%9D%B1" n1="%E8%81%B7%E6%A5%AD%E3%80%81%E9%A2%A8%32" n2="%70%6F%69%73%6F%6E%30%32" n3="%E3%81%82%E3%81%84%E3%81%82%E3%81%8A%E3%81%84" dan="16,16,16,18" rate="2175.69,2186.62,2102.57,2185.94" sx="M,M,M,M"/><TAIKYOKU oya="0"/><INIT seed="0,0,0,1,2,102" ten="250,250,250,250" oya="0" hai0="90,70,22,92,21,86,50,79,78,60,104,81,128" hai1="113,14,85,68,13,82,12,55,123,44,132,63,31" hai2="4,34,121,126,59,0,43,49,125,15,119,54,71" hai3="134,130,135,8,46,131,7,124,29,67,20,105,100"/><T17/><D128/><N who="3" m="49193" /><G67/><T129/><D129/><U40/><E123/><V117/><F34/><W30/><G46/><T88/><D104/><U103/><E132/><N who="3" m="50730" /><G20/><T72/><D70/><U66/><E113/><V58/><F0/><N who="3" m="103" /><G124/><N who="2" m="47721" /><F71/><W76/><G76/><T80/><D60/><U62/><E103/><V96/><F121/><W93/><G93/><T91/><D50/><U52/><E63/><V115/><F115/><W133/><N who="3" m="50738" /><W112/><DORA hai="114" /><G112/><T122/><D122/><U89/><REACH who="1" step="1"/><E31/><REACH who="1" ten="250,240,250,250" step="2"/><V111/><F111/><W33/><G33/><T23/><REACH who="0" step="1"/><D17/><REACH who="0" ten="240,240,250,250" step="2"/><U94/><E94/><AGARI ba="0,2" hai="21,22,23,72,78,79,80,81,86,88,90,91,92,94" machi="94" ten="40,7700,0" yaku="1,1,2,1,54,1,53,0" doraHai="102,114" doraHaiUra="42,51" who="0" fromWho="1" sc="240,97,240,-77,250,0,250,0" /><INIT seed="0,1,0,1,2,68" ten="337,163,250,250" oya="0" hai0="12,41,84,97,123,113,121,100,90,8,133,13,66" hai1="18,70,69,38,67,80,85,110,82,135,31,10,56" hai2="132,116,74,119,46,63,62,86,120,53,83,57,107" hai3="2,98,45,26,37,39,109,30,43,128,91,96,129"/><T92/><D113/><U35/><E110/><V59/><F120/><W28/><G109/><T19/><D133/><U1/><E135/><V134/><F107/><W127/><G2/><T33/><D33/><U60/><E38/><V58/><F74/><W102/><G127/><T20/><D66/><U77/><E35/><V5/><F5/><W4/><G4/><T73/><D73/><U40/><E31/><V54/><F86/><W103/><G91/><T61/><D61/><N who="2" m="23050" /><F83/><W17/><G17/><T3/><D41/><U36/><E82/><V88/><F88/><W111/><G111/><T105/><REACH who="0" step="1"/><D3/><REACH who="0" ten="327,163,250,250" step="2"/><U104/><E1/><V25/><F54/><W32/><G32/><T27/><D27/><U0/><E0/><V79/><F25/><W108/><G108/><T29/><D29/><U14/><REACH who="1" step="1"/><E104/><REACH who="1" ten="327,153,250,250" step="2"/><V71/><F119/><W52/><G30/><T106/><D106/><U81/><E81/><V78/><F116/><W11/><G28/><T130/><D130/><U112/><E112/><V118/><F118/><W64/><G128/><T23/><D23/><U16/><E16/><AGARI ba="1,2" hai="8,12,13,16,19,20,84,90,92,97,100,105,121,123" machi="16" ten="30,5800,0" yaku="1,1,7,1,54,1,53,0" doraHai="68" doraHaiUra="49" who="0" fromWho="1" sc="327,81,153,-61,250,0,250,0" /><INIT seed="0,2,0,1,0,26" ten="408,92,250,250" oya="0" hai0="32,36,104,89,28,7,113,124,22,91,34,67,37" hai1="102,46,1,45,120,43,134,50,6,9,55,111,131" hai2="25,21,95,92,108,49,83,14,105,33,3,70,39" hai3="130,19,79,31,12,62,127,18,66,77,0,64,40"/><T53/><D104/><U87/><E120/><V100/><F39/><W10/><G127/><T56/><D67/><U116/><E116/><V2/><F70/><W52/><G130/><T97/><D113/><U5/><E131/><V121/><F108/><W47/><G0/><T74/><D74/><U30/><E111/><V63/><F121/><W60/><G31/><T78/><D78/><U69/><E69/><V99/><F63/><W73/><G19/><T35/><D7/><U103/><E134/><V98/><F33/><W110/><G110/><T51/><D124/><U15/><E6/><V11/><F49/><W132/><G132/><T114/><D114/><U129/><E129/><V20/><F83/><W119/><G119/><T115/><D115/><U80/><E30/><V13/><F21/><W96/><G96/><T75/><D75/><U128/><E1/><V90/><F105/><W135/><G135/><T101/><D101/><U27/><E27/><V44/><F44/><W93/><G93/><T133/><D133/><U112/><E128/><V94/><F94/><W122/><G122/><T106/><D106/><U38/><REACH who="1" step="1"/><E112/><REACH who="1" ten="408,82,250,250" step="2"/><V126/><F126/><W61/><G73/><T88/><D28/><U54/><E54/><V29/><F14/><W107/><G52/><T84/><D53/><U123/><E123/><V42/><F42/><W48/><G107/><T118/><D118/><U117/><E117/><V16/><AGARI ba="2,1" hai="2,3,11,13,16,20,25,29,90,92,95,98,99,100" machi="16" ten="20,5200,0" yaku="0,1,7,1,52,1,54,1" doraHai="26" who="2" fromWho="2" sc="408,-28,82,-15,250,68,250,-15" /><INIT seed="1,0,0,4,3,60" ten="380,67,318,235" oya="1" hai0="43,125,34,126,120,40,86,4,16,73,50,91,72" hai1="17,135,127,42,104,134,39,88,119,93,20,74,101" hai2="89,44,23,21,115,51,24,56,46,11,25,63,38" hai3="113,82,81,64,76,114,68,65,53,106,96,13,14"/><U67/><E119/><V55/><F115/><W105/><G53/><T121/><D34/><U70/><E74/><N who="0" m="28777" /><D4/><U26/><E127/><N who="0" m="48649" /><D16/><N who="1" m="12551" /><E104/><V18/><F38/><W109/><G96/><T116/><D116/><U36/><E101/><V129/><F129/><W6/><G6/><T57/><D57/><U69/><E17/><N who="2" m="12335" /><F89/><W27/><G27/><T122/><D50/><U123/><E123/><V32/><F32/><W58/><G58/><T45/><D45/><N who="2" m="17514" /><F11/><W117/><G117/><T132/><D132/><N who="1" m="50731" /><E42/><V95/><F95/><AGARI ba="0,0" hai="40,43,86,91,95,120,121,122" m="48649,28777" machi="95" ten="40,2600,0" yaku="13,1,18,1" doraHai="60" who="0" fromWho="2" sc="380,26,67,0,318,-26,235,0" /><INIT seed="2,0,0,0,0,104" ten="406,67,292,235" oya="2" hai0="37,132,43,99,36,54,17,41,73,100,42,7,18" hai1="79,134,103,92,125,87,86,45,16,127,116,118,115" hai2="33,84,44,26,98,110,129,83,40,78,122,119,102" hai3="124,76,48,29,70,57,112,50,27,46,38,123,56"/><V21/><F122/><W1/><G123/><T65/><D73/><U10/><E45/><V32/><F119/><N who="1" m="45609" /><E10/><V30/><F129/><W113/><G70/><T64/><D7/><U126/><E16/><V75/><F84/><N who="1" m="32297" /><E115/><V120/><F110/><W131/><G1/><T82/><D82/><U35/><E35/><V11/><F11/><W63/><G38/><T67/><D132/><U22/><E22/><V77/><F77/><W69/><G76/><T114/><D114/><U4/><E4/><V5/><F5/><W58/><G69/><T108/><D54/><U24/><E24/><V25/><F25/><W20/><G63/><T60/><D60/><U80/><E134/><V53/><F53/><W97/><G27/><T2/><D2/><U28/><E28/><V111/><F111/><W72/><G29/><T12/><D108/><U130/><E130/><V23/><F23/><W106/><G20/><T93/><D17/><U121/><E121/><V61/><F61/><W0/><G131/><T39/><D18/><U90/><E103/><V8/><F8/><W89/><G113/><T117/><D117/><U14/><E14/><AGARI ba="0,0" hai="12,14,36,37,39,41,42,43,64,65,67,93,99,100" machi="14" ten="50,3200,0" yaku="29,2" doraHai="104" who="0" fromWho="1" sc="406,32,67,-32,292,0,235,0" /><INIT seed="3,0,0,5,3,128" ten="438,35,292,235" oya="3" hai0="3,53,61,37,32,12,31,44,5,28,109,56,21" hai1="63,79,107,1,112,52,133,127,102,106,92,87,99" hai2="34,67,26,15,75,118,59,68,18,72,2,42,93" hai3="66,64,6,54,38,125,83,47,122,74,33,19,40"/><W0/><G122/><T57/><D109/><U62/><E1/><V17/><F2/><W100/><G33/><T120/><D32/><U110/><E112/><V111/><F111/><W103/><G125/><T78/><D120/><U95/><E110/><V101/><F42/><W29/><G29/><T7/><D3/><U126/><E52/><V10/><F68/><W131/><G131/><T88/><D78/><U121/><E121/><V13/><F118/><W135/><G19/><T123/><D37/><U116/><E116/><V39/><F39/><W45/><G45/><T89/><D44/><U124/><E62/><V35/><F67/><N who="3" m="25643" /><G54/><T105/><D105/><U76/><E63/><V117/><F59/><W113/><G113/><T4/><D123/><U55/><E55/><V24/><F117/><W97/><G97/><T77/><D77/><U91/><E79/><V134/><F101/><W41/><G41/><T25/><D31/><U129/><E129/><V30/><F30/><W23/><G23/><T84/><D57/><U46/><E46/><V14/><F93/><W98/><G98/><T86/><D56/><U65/><E65/><V104/><F104/><W96/><G96/><T20/><D61/><U36/><E36/><V70/><F70/><W130/><G130/><T16/><D53/><U114/><E114/><V119/><F119/><W51/><G38/><T115/><D115/><U80/><REACH who="1" step="1"/><E133/><REACH who="1" ten="438,25,292,235" step="2"/><V94/><F134/><W108/><G135/><T22/><D22/><U60/><E60/><V43/><F43/><W82/><G108/><T11/><D21/><U58/><E58/><RYUUKYOKU ba="0,1" sc="438,15,25,15,292,-15,235,-15" hai0="4,5,7,11,12,16,20,25,28,84,86,88,89" hai1="76,80,87,91,92,95,99,102,106,107,124,126,127" owari="463,56.3,40,-46.0,277,7.7,220,-18.0" /></mjloggm>