<mjloggm ver="2.3"><GO type="225" lobby="0"/><UN n0="%E3%81%90%E3%81%A1%E3%82%84%E3%81%BE" n1="%E3%81%BF%E3%81%BF%E3%81%9A" n2="%72%69%6F%75%63%68%61%6E" n3="%E6%98%93%E5%88%A9%E8%96%A9%E4%BC%AF" dan="16,18,16,17" rate="2154.69,2251.38,2119.53,2207.77" sx="M,M,M,F"/><TAIKYOKU oya="0"/><INIT seed="0,0,0,5,5,84" ten="250,250,250,250" oya="0" hai0="45,90,58,87,69,66,122,93,98,11,78,8,71" hai1="117,27,126,48,111,108,95,97,129,40,42,32,57" hai2="44,10,17,43,19,21,81,16,6,30,91,88,94" hai3="29,80,33,52,109,96,26,102,13,100,49,34,63"/><T128/><D122/><U64/><E117/><V15/><F81/><W89/><G109/><N who="1" m="42058" /><E129/><V99/><F30/><W65/><G33/><T115/><D115/><U9/><E126/><V76/><F76/><W74/><G13/><T130/><D45/><U123/><E123/><V67/><F67/><W54/><G100/><T24/><D24/><U127/><E127/><V72/><F72/><W2/><G2/><T112/><D112/><U118/><E118/><V37/><REACH who="2" step="1"/><F91/><REACH who="2" ten="250,250,240,250" step="2"/><W68/><G74/><T113/><D113/><U134/><E134/><V135/><F135/><W20/><G34/><T75/><D75/><U106/><E106/><V14/><AGARI ba="0,1" hai="6,10,14,15,16,17,19,21,37,43,44,88,94,99" machi="14" ten="20,12000,2" yaku="1,1,0,1,7,1,52,1,54,2,53,1" doraHai="84" doraHaiUra="18" who="2" fromWho="2" sc="250,-60,250,-30,240,130,250,-30" /><INIT seed="1,0,0,3,4,54" ten="190,220,370,220" oya="1" hai0="48,12,27,11,108,5,87,8,50,123,41,24,81" hai1="32,114,26,122,28,86,43,73,80,104,135,116,35" hai2="40,85,94,84,4,125,29,34,45,36,97,90,38" hai3="117,77,57,102,99,78,89,30,18,55,37,109,76"/><U0/><E114/><V23/><F125/><W21/><G37/><T60/><D108/><U83/><E116/><V115/><F115/><W79/><G109/><T75/><D75/><U119/><E119/><V62/><F34/><W95/><N who="3" m="19456" /><DORA hai="17" /><W128/><G128/><T92/><D123/><U61/><E73/><V118/><F118/><W33/><G33/><T42/><D81/><U3/><E122/><V120/><F120/><W111/><G111/><T10/><D60/><U110/><E110/><V20/><F36/><W39/><G39/><T88/><D11/><U59/><E135/><V68/><F4/><W66/><G30/><T13/><D48/><U130/><E104/><V1/><F1/><W22/><G66/><T51/><D51/><U69/><E130/><V67/><REACH who="2" step="1"/><F29/><REACH who="2" ten="190,220,360,220" step="2"/><W107/><G117/><T72/><D72/><U2/><E32/><V71/><F71/><W121/><G121/><T56/><D41/><U129/><E69/><V58/><F58/><W65/><G65/><T46/><D56/><U105/><E43/><V113/><F113/><W98/><REACH who="3" step="1"/><G18/><AGARI ba="0,1" hai="5,8,10,12,13,18,24,27,42,46,50,87,88,92" machi="18" ten="30,3900,0" yaku="7,1,8,1,54,1" doraHai="54,17" who="0" fromWho="3" sc="190,49,220,0,360,0,220,-39" /><INIT seed="2,0,0,5,5,39" ten="239,220,360,181" oya="2" hai0="27,84,73,125,132,60,135,124,57,100,90,52,7" hai1="80,97,53,118,109,93,68,129,49,103,46,134,29" hai2="95,81,98,126,11,107,69,26,54,31,12,108,22" hai3="64,119,61,67,3,127,16,8,106,45,79,43,4"/><V25/><F126/><N who="0" m="48746" /><D73/><U34/><E118/><V123/><F108/><W65/><G127/><T42/><D100/><U115/><E115/><V71/><F123/><W40/><G119/><T35/><D7/><U15/><E109/><V47/><F107/><W62/><G106/><T28/><D42/><U10/><E129/><V41/><F54/><W92/><G79/><T13/><D13/><U85/><E134/><V48/><F26/><W2/><G2/><T110/><D110/><U0/><E68/><V24/><F25/><W74/><G74/><T114/><D114/><U63/><E0/><V1/><F1/><W33/><G33/><T104/><D104/><U78/><E34/><V101/><REACH who="2" step="1"/><F81/><AGARI ba="0,0" hai="27,28,35,52,57,60,81,84,90,132,135" m="48746" machi="81" ten="30,2000,0" yaku="18,1,54,1" doraHai="39" who="0" fromWho="2" sc="239,20,220,0,360,-20,181,0" /><INIT seed="3,0,0,0,5,32" ten="259,220,340,181" oya="3" hai0="25,4,96,105,55,59,134,77,26,44,14,120,15" hai1="133,41,36,66,56,60,75,54,116,43,7,126,40" hai2="121,95,65,101,76,24,129,73,61,131,122,72,1" hai3="11,80,135,33,108,18,19,58,97,16,17,103,124"/><W51/><G33/><T13/><D120/><N who="2" m="46186" /><F1/><W29/><G135/><T46/><D134/><U0/><E133/><V6/><F6/><W71/><G71/><T118/><D118/><U89/><E75/><N who="2" m="28747" /><F76/><W48/><G124/><T67/><D4/><U106/><E106/><V87/><F24/><W112/><G112/><T10/><D10/><U130/><E116/><V99/><F87/><W81/><G29/><T49/><D77/><U91/><E126/><V100/><F100/><W12/><G108/><T53/><D67/><U35/><E35/><V47/><F47/><W104/><REACH who="3" step="1"/><G58/><AGARI ba="0,0" hai="58,61,65,95,99,101,129,131" m="28747,46186" machi="58" ten="30,1000,0" yaku="13,1" doraHai="32" who="2" fromWho="3" sc="259,0,220,0,340,10,181,-10" owari="259,5.9,220,-18.0,350,45.0,171,-32.9" /></mjloggm>