<mjloggm ver="2.3"><GO type="225" lobby="0"/><UN n0="%E5%B8%86%E7%AB%8B%E5%A4%8F%E8%A1%A3" n1="%E3%81%BF%E3%81%BF%E3%81%9A" n2="%28%EF%BF%A3%E2%96%BD%EF%BF%A3%29%CE%B4%E2%8C%92%E3%83%BB" n3="%E6%9C%88%E5%B3%B6%E5%9F%BA" dan="17,18,17,16" rate="2171.66,2215.07,2273.80,2029.33" sx="M,M,M,M"/><TAIKYOKU oya="0"/><INIT seed="0,0,0,0,3,12" ten="250,250,250,250" oya="0" hai0="87,57,52,58,4,112,30,120,2,36,14,49,94" hai1="28,80,3,116,78,131,108,127,22,56,35,54,71" hai2="59,117,42,62,24,47,15,106,8,109,103,122,21" hai3="133,45,69,86,11,90,64,97,84,29,51,102,40"/><T135/><D120/><U6/><E116/><V92/><F106/><W50/><G133/><T89/><D112/><U132/><E71/><V128/><F122/><W48/><G29/><T32/><D135/><U60/><E132/><V25/><F128/><W20/><G20/><T65/><D36/><U1/><E131/><V76/><F109/><W82/><G11/><T17/><D2/><U66/><E108/><V125/><F125/><W114/><G114/><T31/><D4/><U88/><E35/><V85/><F117/><W34/><G34/><T93/><D93/><U98/><E127/><V130/><F130/><W39/><G84/><T95/><D95/><N who="1" m="56679" /><E1/><V38/><F21/><W10/><G10/><N who="0" m="6359" /><D32/><U77/><E3/><V63/><F103/><W9/><G9/><T115/><D115/><U79/><E6/><V61/><F92/><W134/><G134/><T73/><D73/><U74/><E74/><V18/><REACH who="2" step="1"/><F59/><REACH who="2" ten="250,250,240,250" step="2"/><N who="0" m="22538" /><D65/><U70/><E70/><V83/><AGARI ba="0,1" hai="8,15,18,24,25,38,42,47,61,62,63,76,83,85" machi="83" ten="30,4000,0" yaku="1,1,0,1,52,1,53,0" doraHai="12" doraHaiUra="110" who="2" fromWho="2" sc="250,-20,250,-10,240,50,250,-10" /><INIT seed="1,0,0,2,5,33" ten="230,240,290,240" oya="1" hai0="3,6,116,97,95,107,61,45,77,31,84,14,126" hai1="69,89,30,19,20,46,122,121,73,75,2,59,57" hai2="118,124,36,102,133,64,127,88,78,7,16,120,90" hai3="134,42,54,117,66,38,28,25,91,15,9,106,68"/><U53/><E69/><V87/><F36/><W99/><G134/><T37/><D116/><U115/><E115/><V119/><F133/><W22/><G117/><N who="2" m="44553" /><F7/><W55/><G38/><T94/><D126/><N who="2" m="48170" /><F64/><W12/><G42/><T65/><D14/><U130/><E30/><V100/><F120/><W35/><G22/><T24/><D77/><U5/><E46/><V63/><F63/><N who="3" m="40031" /><G91/><N who="2" m="34857" /><F16/><N who="3" m="8207" /><G15/><T109/><D37/><U13/><E122/><V93/><F93/><W11/><G11/><T131/><D94/><U125/><E121/><V86/><F78/><W17/><G17/><T51/><D95/><U1/><E125/><V129/><F129/><W49/><G49/><T114/><D51/><U4/><E130/><V26/><F26/><W104/><G104/><T23/><D107/><U52/><E89/><V111/><F111/><W62/><G62/><T76/><D61/><U103/><E19/><V128/><F128/><W27/><G27/><T113/><D109/><U21/><REACH who="1" step="1"/><E13/><REACH who="1" ten="230,230,290,240" step="2"/><V34/><F34/><W40/><G40/><T83/><D131/><U60/><E60/><V0/><F0/><W135/><G135/><T29/><D3/><U98/><E98/><V58/><F58/><W67/><G67/><T85/><D65/><U44/><E44/><V41/><F41/><W39/><G39/><T8/><D97/><U43/><E43/><V79/><F79/><W92/><G99/><T10/><D45/><U110/><E110/><V71/><F71/><W96/><G96/><T101/><D114/><U81/><E81/><V74/><F74/><W105/><G28/><N who="0" m="17439" /><D113/><U47/><E47/><RYUUKYOKU ba="0,1" sc="230,-15,230,15,290,15,240,-15" hai1="1,2,4,5,20,21,52,53,57,59,73,75,103" hai2="86,87,100,102" /><INIT seed="1,1,1,4,0,66" ten="215,245,305,225" oya="1" hai0="77,93,130,125,70,52,44,17,106,113,41,38,87" hai1="13,50,10,117,31,112,72,19,45,11,98,8,0" hai2="101,105,39,36,108,2,42,18,91,34,6,94,71" hai3="119,55,62,83,21,116,48,26,53,123,114,30,79"/><U102/><E112/><V22/><F34/><W65/><G114/><T90/><D113/><U40/><E117/><N who="3" m="45130" /><G48/><T111/><D125/><U110/><E72/><V56/><F108/><W32/><G32/><T68/><D111/><U97/><E110/><V1/><F71/><N who="3" m="42423" /><G123/><T109/><D106/><U135/><E135/><V24/><F101/><W47/><G47/><T126/><D130/><U115/><E115/><V33/><F105/><W122/><G122/><T28/><D126/><U35/><E0/><V107/><F107/><W7/><G7/><T92/><D109/><U51/><E35/><V49/><F33/><W81/><G81/><T95/><D28/><U127/><E31/><V43/><F6/><W118/><N who="3" m="45138" /><W133/><DORA hai="16" /><G133/><T78/><D17/><U25/><E127/><V9/><F2/><W63/><G63/><T74/><D52/><U23/><E51/><V76/><F49/><W121/><G121/><T29/><D29/><N who="1" m="17599" /><E102/><V67/><F1/><W37/><G37/><T58/><D58/><U27/><E50/><V4/><F39/><W99/><G99/><N who="1" m="37898" /><E45/><V82/><F36/><W100/><G100/><T80/><REACH who="0" step="1"/><D77/><REACH who="0" ten="205,245,305,225" step="2"/><U54/><E54/><V5/><F76/><W89/><G89/><T103/><D103/><U75/><E40/><V59/><F43/><W134/><G134/><T131/><D131/><U88/><E88/><V85/><F91/><W57/><G57/><T12/><D12/><U46/><E46/><V14/><F42/><W120/><G120/><T15/><D15/><U3/><E13/><V69/><F14/><W124/><G124/><RYUUKYOKU ba="1,2" sc="205,15,245,-15,305,-15,225,15" hai0="38,41,44,68,70,74,78,80,87,90,92,93,95" hai3="21,26,30,53,55,79,83" /><INIT seed="2,2,2,4,3,39" ten="220,230,290,240" oya="2" hai0="63,65,59,3,100,95,84,49,15,19,18,16,38" hai1="72,111,64,32,126,52,97,113,42,12,25,45,17" hai2="50,1,48,87,134,5,114,9,90,46,11,0,88" hai3="108,104,20,35,37,75,135,14,119,24,26,23,22"/><V131/><F114/><W83/><G104/><T93/><D3/><U103/><E113/><V6/><F134/><W69/><G69/><T81/><D38/><U30/><E72/><V47/><REACH who="2" step="1"/><F87/><REACH who="2" ten="220,230,280,240" step="2"/><W43/><G135/><T44/><D15/><U40/><E126/><V33/><F33/><W102/><G35/><T73/><D73/><U54/><E111/><V51/><F51/><W56/><G14/><T34/><D34/><U89/><E12/><V110/><F110/><W36/><G36/><T130/><D130/><AGARI ba="2,3" hai="0,1,5,6,9,11,46,47,48,50,88,90,130,131" machi="130" ten="25,18000,2" yaku="1,1,22,2,54,1,53,2" doraHai="39" doraHaiUra="7" who="2" fromWho="0" sc="220,-186,230,0,280,216,240,0" /><INIT seed="2,3,0,0,4,125" ten="34,230,496,240" oya="2" hai0="98,94,135,6,5,52,85,74,68,90,38,66,72" hai1="120,56,43,126,57,110,116,20,100,33,2,61,99" hai2="34,40,97,122,46,41,127,1,117,53,23,113,25" hai3="7,83,133,82,124,13,0,62,37,63,67,9,73"/><V32/><F1/><W44/><G124/><T131/><D38/><U80/><E33/><V18/><F127/><W59/><G133/><T17/><D135/><U109/><E126/><V70/><F70/><W31/><G31/><T77/><D68/><U106/><E116/><V51/><F117/><W48/><G37/><T27/><D66/><U84/><E120/><V101/><F122/><W118/><G118/><T21/><D74/><U30/><E2/><V112/><F34/><W71/><G73/><T64/><D64/><U128/><E43/><V29/><F113/><W69/><G69/><T45/><D72/><U76/><E128/><V39/><F39/><W89/><G0/><T79/><D131/><U55/><E56/><V95/><F112/><W87/><G63/><T134/><D134/><U36/><E36/><V58/><F58/><W19/><G71/><T14/><D27/><AGARI ba="3,0" hai="18,23,25,27,29,32,40,41,46,51,53,95,97,101" machi="27" ten="30,1500,0" yaku="7,1" doraHai="125" who="2" fromWho="0" sc="34,-24,230,0,496,24,240,0" /><INIT seed="2,4,0,4,0,90" ten="10,230,520,240" oya="2" hai0="59,131,66,126,47,2,8,95,81,19,88,12,0" hai1="61,87,9,6,106,10,112,120,114,108,104,54,42" hai2="27,96,92,62,67,117,69,51,115,100,11,73,60" hai3="3,105,22,31,45,30,34,52,89,134,64,16,4"/><V5/><F73/><W58/><G105/><T129/><D126/><U75/><E75/><V127/><F127/><W43/><G134/><T123/><D81/><U116/><E116/><V48/><F115/><W33/><G64/><T83/><D83/><U93/><E42/><V77/><F77/><W124/><G124/><T85/><D47/><U80/><E108/><V49/><F117/><W76/><G76/><T82/><D123/><U29/><E29/><V32/><F32/><W41/><G4/><T98/><D131/><U46/><E10/><V125/><F27/><N who="3" m="14791" /><G3/><T133/><D133/><U56/><E46/><V39/><F125/><W24/><G34/><T25/><D129/><U26/><E26/><V68/><F39/><W37/><G33/><T110/><D110/><U71/><E120/><V103/><F103/><W107/><G107/><T14/><D25/><U57/><E71/><V122/><F122/><W97/><G37/><T78/><REACH who="0" step="1"/><D14/><REACH who="0" ten="0,230,520,240" step="2"/><U74/><E80/><V79/><F79/><W121/><G45/><T113/><D113/><U28/><E112/><V40/><F40/><W50/><G121/><T23/><D23/><U102/><E114/><V101/><F11/><W128/><G128/><T15/><D15/><U91/><E9/><V86/><F69/><W1/><G1/><T20/><D20/><U44/><E44/><V7/><F68/><W94/><G24/><T72/><D72/><U35/><E74/><V109/><F109/><W111/><G111/><T17/><D17/><U21/><E35/><V84/><F7/><W63/><G43/><T13/><D13/><RYUUKYOKU ba="4,1" sc="0,15,230,-15,520,-15,240,15" hai0="0,2,8,12,19,59,66,78,82,85,88,95,98" hai3="30,31,41,50,52,58,63,89,94,97" /><INIT seed="3,5,1,0,1,43" ten="15,215,505,255" oya="3" hai0="109,37,76,62,64,82,73,44,85,49,51,117,90" hai1="52,4,126,129,39,77,134,65,107,131,15,103,48" hai2="89,118,84,110,36,1,6,125,20,99,8,91,3" hai3="13,33,78,56,40,58,112,71,113,106,133,53,66"/><W9/><G106/><T122/><D109/><U2/><E39/><V18/><F36/><W115/><G33/><T68/><D117/><U38/><E38/><V19/><F118/><W101/><G101/><T42/><REACH who="0" step="1"/><D122/><REACH who="0" ten="5,215,505,255" step="2"/><U128/><E126/><V108/><F125/><W0/><G113/><T25/><D25/><U98/><E134/><V111/><F1/><W32/><G112/><T16/><D16/><U79/><E2/><V41/><F41/><W29/><G40/><T59/><D59/><N who="1" m="33159" /><E65/><V50/><F50/><W17/><G58/><T35/><D35/><U23/><E4/><V114/><F114/><W7/><G56/><T72/><D72/><U88/><E15/><V63/><F63/><W74/><G66/><T28/><D28/><U123/><E123/><V100/><F19/><W55/><G17/><T27/><D27/><U86/><E23/><V10/><F10/><W61/><G9/><T12/><D12/><U60/><E60/><V83/><F18/><W119/><G13/><T54/><D54/><U102/><E102/><V81/><F20/><W93/><G61/><T121/><D121/><U45/><E45/><V116/><F116/><W96/><G0/><T11/><D11/><U57/><E57/><V105/><F111/><W95/><G119/><T130/><D130/><U70/><E70/><V94/><F110/><W22/><G71/><T120/><D120/><U31/><E31/><V97/><F108/><W69/><G22/><T135/><D135/><U21/><E21/><V47/><F47/><W46/><G133/><T5/><D5/><U34/><E34/><RYUUKYOKU ba="5,2" sc="5,10,215,10,505,10,255,-30" hai0="37,42,44,49,51,62,64,68,73,76,82,85,90" hai1="77,79,86,88,98,103,107,128,129,131" hai2="3,6,8,81,83,84,89,91,94,97,99,100,105" owari="15,-48.5,225,2.5,535,63.5,225,-17.5" /></mjloggm>