<mjloggm ver="2.3"><GO type="225" lobby="0"/><UN n0="%E5%91%A8%E6%9D%B1" n1="%E9%A6%AC%E5%BC%95%E7%81%AB%33" n2="%E3%83%96%E3%83%83%E3%83%91%E3%82%AA%E3%83%96%E3%83%81%E3%82%AD%E3%83%B3" n3="%E3%83%A4%E3%83%89%E3%83%B3%E4%B8%B8" dan="17,17,16,16" rate="2171.50,2186.78,2229.37,2056.39" sx="M,M,M,M"/><TAIKYOKU oya="0"/><INIT seed="0,0,0,3,4,73" ten="250,250,250,250" oya="0" hai0="126,25,41,128,2,27,33,62,83,9,50,10,92" hai1="110,30,129,22,54,95,90,116,42,107,133,32,75" hai2="59,45,64,4,16,40,61,60,47,69,46,123,87" hai3="99,67,70,72,103,106,29,43,66,115,1,39,77"/><T125/><D62/><U14/><E107/><V132/><F123/><W119/><G115/><T130/><D92/><U100/><E100/><V6/><F132/><W3/><G119/><T118/><D83/><U91/><E75/><V58/><F40/><W56/><G56/><T98/><D98/><U135/><E116/><V117/><F117/><W121/><G29/><N who="0" m="19631" /><D50/><U55/><E32/><V71/><F71/><W44/><G121/><T19/><D41/><U7/><E42/><V11/><F69/><W18/><G18/><T111/><D118/><U17/><E17/><V5/><F87/><W0/><G70/><T120/><D120/><U86/><E86/><V36/><F36/><W63/><G63/><T131/><D111/><U84/><E84/><V34/><F34/><W68/><G68/><T109/><D109/><U88/><E91/><V13/><REACH who="2" step="1"/><F46/><REACH who="2" ten="250,250,240,250" step="2"/><W113/><G113/><T52/><D52/><AGARI ba="0,1" hai="4,5,6,11,13,16,45,47,52,58,59,60,61,64" machi="52" ten="40,8000,1" yaku="1,1,2,1,8,1,54,2,53,0" doraHai="73" doraHaiUra="108" who="2" fromWho="0" sc="250,-80,250,0,240,90,250,0" /><INIT seed="1,0,0,1,2,99" ten="170,250,330,250" oya="1" hai0="61,59,108,104,135,96,10,6,83,127,97,12,13" hai1="62,81,124,95,65,48,130,46,47,31,129,98,7" hai2="5,50,35,88,57,110,15,80,85,53,44,55,67" hai3="42,20,34,56,66,36,133,51,105,49,4,132,115"/><U17/><E124/><V40/><F110/><W23/><G34/><T43/><D108/><U29/><E7/><V8/><REACH who="2" step="1"/><F35/><REACH who="2" ten="170,250,320,250" step="2"/><W87/><G132/><T93/><D135/><U14/><E130/><V63/><AGARI ba="0,1" hai="5,8,15,40,44,50,53,55,57,63,67,80,85,88" machi="63" ten="30,12000,2" yaku="1,1,2,1,0,1,8,1,54,1,53,1" doraHai="99" doraHaiUra="84" who="2" fromWho="2" sc="170,-30,250,-60,320,130,250,-30" /><INIT seed="2,0,0,2,0,85" ten="140,190,450,220" oya="2" hai0="86,81,49,62,112,50,53,51,12,1,110,125,39" hai1="71,9,135,28,117,18,32,69,36,15,72,99,5" hai2="2,13,84,104,26,91,29,46,87,47,0,119,98" hai3="25,103,130,7,109,17,107,64,127,76,97,52,132"/><V59/><F119/><W10/><G109/><T20/><D39/><U131/><E117/><V8/><F0/><W31/><G130/><T11/><D110/><U82/><E36/><V24/><F2/><W78/><G132/><T4/><D125/><U57/><E131/><V96/><F59/><W43/><G43/><T120/><D112/><U44/><E44/><N who="2" m="16939" /><F104/><W129/><G64/><T38/><D38/><U126/><E126/><V23/><F26/><W14/><G129/><T133/><D133/><U66/><E5/><N who="2" m="3215" /><F84/><W3/><G52/><T122/><D62/><U63/><E32/><V35/><F35/><N who="3" m="20975" /><G127/><T106/><D53/><U90/><E28/><V42/><F42/><W134/><G134/><T19/><REACH who="0" step="1"/><D106/><REACH who="0" ten="130,190,450,220" step="2"/><U27/><E63/><V93/><AGARI ba="0,1" hai="23,24,29,87,91,93,96,98" m="3215,16939" machi="93" ten="30,3000,0" yaku="8,1,52,1" doraHai="85" who="2" fromWho="2" sc="130,-10,190,-10,450,40,220,-10" /><INIT seed="2,1,0,4,2,55" ten="120,180,490,210" oya="2" hai0="5,44,2,94,43,110,19,73,6,121,71,124,28" hai1="109,40,50,27,64,17,92,57,95,38,72,75,62" hai2="88,39,120,24,42,134,104,21,107,127,10,61,11" hai3="96,63,51,79,35,9,36,106,49,16,112,68,48"/><V133/><F120/><W56/><G35/><T99/><D110/><U45/><E109/><V37/><F127/><W31/><G36/><N who="2" m="13897" /><F42/><W41/><G68/><T90/><D124/><U67/><E67/><V100/><F61/><W74/><G31/><T60/><D121/><U131/><E131/><V59/><F100/><W123/><G112/><T78/><D28/><U135/><E135/><N who="2" m="51723" /><F88/><W87/><G41/><T46/><D60/><U32/><E32/><V122/><F122/><W129/><G129/><T13/><D43/><U77/><E38/><V80/><F80/><W81/><G123/><T91/><D90/><U20/><E77/><V115/><F115/><W30/><G63/><T7/><D78/><U126/><E126/><V108/><F108/><W1/><G79/><T105/><D91/><U26/><E26/><V66/><F66/><W97/><G81/><T65/><D65/><U22/><E22/><V70/><F70/><W34/><G34/><T84/><D71/><U4/><E4/><V14/><F14/><W128/><G128/><T58/><D6/><U111/><E111/><V52/><F104/><W103/><G106/><T130/><D105/><U116/><E116/><V93/><F107/><W132/><G103/><T114/><D130/><U125/><E125/><V23/><F93/><W47/><G132/><T82/><D114/><U69/><E69/><V0/><F23/><W53/><G48/><T18/><D94/><U3/><E3/><V101/><F101/><W83/><G49/><T102/><D2/><U76/><E76/><V15/><F0/><W118/><G1/><RYUUKYOKU ba="1,0" sc="120,-10,180,30,490,-10,210,-10" hai1="17,20,27,40,45,50,57,62,64,72,75,92,95" /><INIT seed="3,2,0,1,2,5" ten="110,210,480,200" oya="3" hai0="71,99,98,84,101,102,30,0,113,69,95,109,122" hai1="106,50,70,128,92,43,41,39,26,11,74,73,16" hai2="49,105,96,104,67,31,36,75,65,45,66,28,125" hai3="10,1,87,134,100,19,93,79,123,94,23,110,40"/><W126/><G123/><T35/><D109/><U108/><E106/><V46/><F75/><W116/><G116/><T15/><D0/><U83/><E70/><V115/><F115/><W54/><G110/><T47/><D113/><U4/><E39/><V129/><F36/><W78/><G134/><T103/><D122/><U13/><E128/><V8/><F129/><W59/><G40/><T127/><D127/><U130/><E130/><V37/><F37/><W51/><G126/><T2/><D2/><U24/><E74/><V56/><F125/><W34/><G34/><T14/><D35/><U62/><E62/><V91/><F105/><W97/><G10/><T64/><D30/><N who="2" m="11306" /><F104/><W3/><G3/><T58/><D58/><U119/><E50/><V107/><F107/><W117/><G1/><T133/><D133/><U89/><E89/><V22/><F22/><W88/><G117/><T68/><D47/><N who="2" m="17930" /><F8/><W52/><G54/><T80/><D64/><U135/><E73/><V32/><F32/><W33/><G33/><T60/><D60/><U55/><E11/><V48/><F56/><W29/><G29/><T82/><D95/><AGARI ba="2,0" hai="48,49,65,66,67,91,95,96" m="17930,11306" machi="95" ten="30,1000,0" yaku="8,1" doraHai="5" who="2" fromWho="0" sc="110,-16,210,0,480,16,200,0" owari="94,-40.6,210,1.0,496,59.6,200,-20.0" /></mjloggm>