<mjloggm ver="2.3"><GO type="225" lobby="0"/><UN n0="%E6%81%A5%E6%99%92%E3%81%97" n1="%E3%83%A9%E3%82%B9%E7%8E%87%EF%BC%93%E5%89%B2" n2="%E7%89%B9%E6%9D%B1%E3%81%AF%E4%B8%96%E7%95%8C%E3%82%92%E6%95%91%E3%81%86" n3="%E6%98%93%E5%88%A9%E8%96%A9%E4%BC%AF" dan="17,16,16,17" rate="2196.29,2173.84,2162.36,2187.70" sx="M,F,M,F"/><TAIKYOKU oya="0"/><INIT seed="0,0,0,3,0,1" ten="250,250,250,250" oya="0" hai0="4,110,74,64,114,135,117,122,109,100,102,21,71" hai1="42,70,14,50,47,49,103,132,75,92,113,26,52" hai2="61,57,27,3,125,129,69,90,45,104,25,37,133" hai3="24,16,83,22,120,134,55,78,6,95,112,38,87"/><T12/><D114/><U23/><E75/><V115/><F115/><W119/><G112/><T67/><D117/><U13/><E113/><V46/><F69/><W11/><G119/><T44/><D122/><U107/><E70/><V9/><F104/><W128/><G128/><T126/><D74/><U58/><E107/><V108/><F129/><W5/><G38/><T54/><D126/><U41/><E132/><V31/><F133/><W91/><G134/><T15/><D135/><U76/><E76/><V72/><F72/><W97/><G120/><T79/><D79/><U98/><REACH who="1" step="1"/><E42/><REACH who="1" ten="250,240,250,250" step="2"/><V56/><F125/><W33/><G33/><T127/><D127/><U34/><E34/><V2/><F56/><W18/><G55/><T118/><D71/><U40/><E40/><V59/><F59/><W116/><G116/><T19/><D118/><U8/><E8/><V89/><F9/><W82/><G82/><T43/><D54/><U121/><E121/><V81/><F57/><W62/><G62/><T36/><D67/><U63/><E63/><V86/><F61/><W17/><G11/><N who="0" m="4199" /><D64/><U123/><E123/><V7/><F81/><W124/><G124/><T106/><D106/><U39/><E39/><V131/><F37/><W84/><G87/><T96/><D96/><U105/><E105/><V28/><F131/><W99/><G97/><T53/><D53/><U48/><E48/><V30/><F86/><W66/><G66/><T32/><D32/><U94/><E94/><V10/><F3/><W51/><G51/><T85/><D85/><U111/><E111/><AGARI ba="0,1" hai="15,19,21,36,43,44,100,102,109,110,111" m="4199" machi="111" ten="30,5800,0" yaku="14,1,10,1,52,1" doraHai="1" who="0" fromWho="1" sc="250,68,240,-58,250,0,250,0" /><INIT seed="0,1,0,5,0,70" ten="318,182,250,250" oya="0" hai0="22,2,51,21,120,91,5,61,0,63,67,13,108" hai1="111,23,92,71,90,20,35,109,106,95,115,11,42" hai2="128,58,28,101,19,37,59,41,52,9,103,133,8" hai3="97,24,14,93,110,45,34,107,15,29,125,88,77"/><T64/><D120/><U40/><E35/><V31/><F128/><W130/><G110/><N who="1" m="41994" /><E71/><V112/><F112/><W81/><G130/><T57/><D108/><U119/><E106/><V87/><F133/><W82/><G125/><T48/><D91/><U47/><E11/><V38/><F87/><W72/><G81/><T46/><D13/><U104/><E104/><V25/><F52/><W84/><G45/><T49/><D46/><U99/><E119/><V121/><F25/><W65/><G65/><T62/><D5/><U74/><E74/><V76/><F19/><W124/><G124/><T79/><D79/><U10/><E10/><V80/><F80/><W53/><G53/><T36/><D57/><U94/><E115/><V17/><F17/><W78/><G78/><T7/><D7/><U122/><E122/><V135/><F76/><W102/><AGARI ba="1,0" hai="14,15,24,29,34,72,77,82,84,88,93,97,102,107" machi="102" ten="30,7900,0" yaku="0,1,24,2,54,1" doraHai="70" who="3" fromWho="3" sc="318,-40,182,-21,250,-21,250,82" /><INIT seed="1,0,0,5,4,62" ten="278,161,229,332" oya="1" hai0="10,86,67,42,109,74,103,55,15,23,24,29,21" hai1="127,97,60,113,110,4,30,8,0,17,20,82,75" hai2="1,101,106,18,135,68,105,26,99,45,76,121,102" hai3="22,96,118,47,13,81,56,58,27,36,65,37,28"/><U69/><E113/><V117/><F117/><W104/><G118/><T44/><D74/><U61/><E127/><V130/><F121/><W53/><G81/><T40/><D109/><U38/><E110/><V59/><F1/><W3/><G3/><T11/><D103/><U43/><E30/><V50/><F68/><W31/><G31/><T66/><D23/><U9/><E9/><N who="0" m="3081" /><D15/><U19/><E97/><V87/><F102/><W80/><G80/><T85/><D55/><U70/><E70/><V91/><F26/><W33/><G96/><T51/><D40/><U122/><E122/><V115/><F106/><W123/><G104/><T132/><D132/><U94/><E94/><V52/><F135/><W107/><G107/><T72/><D72/><U116/><E116/><V128/><F115/><W120/><G37/><T108/><D108/><U16/><E69/><V64/><F105/><W14/><G33/><T71/><D71/><U57/><E57/><V98/><F101/><W48/><G58/><T124/><D124/><U49/><E49/><V34/><F34/><W125/><G36/><T95/><D95/><U93/><E93/><V73/><F98/><W32/><G125/><T89/><D89/><U111/><E20/><V119/><F99/><W84/><G32/><T63/><D63/><U6/><E6/><V83/><F119/><W131/><G123/><T88/><D88/><U54/><E54/><V126/><F126/><W77/><G120/><T2/><D2/><U129/><E111/><V41/><F41/><W100/><G100/><T133/><D133/><U7/><E43/><RYUUKYOKU ba="0,0" sc="278,30,161,-10,229,-10,332,-10" hai0="21,24,29,42,44,51,66,67,85,86" /><INIT seed="2,1,0,4,4,133" ten="308,151,219,322" oya="2" hai0="61,6,94,101,70,117,75,95,80,42,23,10,115" hai1="125,32,92,15,1,0,126,114,51,105,134,87,93" hai2="34,76,108,40,86,2,84,81,135,44,99,72,16" hai3="77,60,46,131,38,3,53,79,98,5,56,82,54"/><V128/><F135/><W35/><G35/><T69/><D115/><U110/><E134/><V47/><F2/><N who="1" m="1129" /><E105/><V20/><F34/><W103/><G79/><T8/><D8/><U45/><E32/><V41/><F128/><W39/><G131/><T33/><D23/><U21/><E114/><V24/><F108/><W19/><G19/><T127/><D117/><U55/><E110/><V26/><F99/><W102/><G102/><T9/><D42/><U107/><E107/><V73/><F86/><W85/><G53/><T12/><D9/><U113/><E113/><V11/><F11/><W118/><G118/><T119/><D119/><U124/><E87/><V97/><F26/><W100/><G98/><T49/><D49/><U112/><E112/><V28/><F28/><W111/><G111/><T65/><D33/><U106/><E106/><V31/><F31/><W122/><G5/><T66/><D101/><U64/><E64/><V22/><F22/><W63/><G3/><T25/><D66/><U130/><E130/><V14/><F24/><W36/><G103/><T13/><D25/><U27/><E27/><V62/><F97/><W59/><G100/><T37/><D13/><U132/><E132/><V121/><F62/><W90/><G63/><T48/><D61/><U74/><E74/><V91/><F73/><W96/><G60/><T43/><D75/><U123/><E123/><V18/><F18/><AGARI ba="1,0" hai="15,18,21,45,51,55,92,93,124,125,126" m="1129" machi="18" ten="40,8000,1" yaku="18,1,52,3" doraHai="133" who="1" fromWho="2" sc="308,0,151,83,219,-83,322,0" /><INIT seed="3,0,0,4,3,86" ten="308,234,136,322" oya="3" hai0="118,114,27,97,91,47,54,59,65,75,28,55,116" hai1="16,29,121,71,88,113,38,70,1,123,134,20,62" hai2="68,57,21,135,129,73,56,93,127,23,96,78,125" hai3="112,117,109,13,2,4,46,92,110,106,43,124,58"/><W105/><G112/><T67/><D75/><U99/><E113/><V48/><F68/><W80/><G117/><T17/><D114/><U77/><E38/><V30/><F129/><W36/><G13/><T83/><D116/><U103/><E1/><V18/><F135/><W14/><G14/><T107/><D118/><U8/><E134/><V79/><F73/><W130/><G124/><T94/><D107/><N who="3" m="40969" /><G92/><T44/><D83/><U87/><E77/><V15/><F127/><W108/><G58/><T132/><D17/><U40/><E40/><V85/><F125/><W22/><G22/><N who="0" m="15479" /><D132/><U128/><E128/><V50/><F85/><W74/><G130/><T120/><D120/><U19/><E8/><V39/><F39/><W45/><G36/><T61/><D44/><N who="3" m="17001" /><G43/><T60/><D47/><U102/><E121/><V34/><F34/><W119/><G119/><T131/><D131/><U64/><E71/><V51/><F79/><N who="3" m="44151" /><G2/><T11/><D11/><U66/><E66/><N who="0" m="25097" /><D59/><N who="1" m="36959" /><E123/><V7/><F78/><W6/><AGARI ba="0,0" hai="4,6,108,109,110" m="44151,17001,40969" machi="6" ten="40,3900,0" yaku="14,1,10,1" doraHai="86" who="3" fromWho="3" sc="308,-13,234,-13,136,-13,322,39" owari="295,9.5,221,-17.9,123,-37.7,361,46.1" /></mjloggm>