<mjloggm ver="2.3"><GO type="225" lobby="0"/><UN n0="%43%68%65" n1="%E3%81%B2%E3%81%AA%E3%81%AE%E3%82%8A%E3%81%8F" n2="%41%75%72%6F%72%41" n3="%E5%84%AA%40%41%42%43" dan="16,16,17,17" rate="2157.32,2099.78,2099.57,2165.45" sx="M,M,M,M"/><TAIKYOKU oya="0"/><INIT seed="0,0,0,0,2,60" ten="250,250,250,250" oya="0" hai0="113,94,119,12,131,101,40,29,125,96,69,87,32" hai1="23,73,88,71,43,9,128,78,67,49,70,31,109" hai2="130,126,52,45,19,30,20,57,80,115,35,2,3" hai3="56,39,82,53,106,46,133,51,122,107,26,5,16"/><T127/><D113/><U17/><E109/><V81/><F115/><W123/><G133/><T4/><D119/><U25/><E128/><V124/><F130/><W98/><G5/><T11/><D131/><U120/><E120/><N who="3" m="46122" /><G82/><N who="2" m="31849" /><F45/><W27/><G98/><T63/><D87/><U117/><E78/><V65/><F65/><W15/><G27/><T77/><D40/><U41/><E73/><V6/><F6/><W13/><G26/><T116/><D77/><U68/><E117/><V79/><F79/><W14/><G16/><T99/><D99/><U72/><E72/><V86/><F86/><W75/><G75/><T33/><D116/><U90/><E67/><V110/><F30/><W18/><G18/><T134/><D134/><U64/><E64/><V61/><F35/><W132/><G132/><T100/><D29/><U103/><E103/><V42/><F42/><AGARI ba="0,0" hai="13,14,15,39,42,46,51,53,56,106,107" m="46122" machi="42" ten="30,1000,0" yaku="13,1" doraHai="60" who="3" fromWho="2" sc="250,0,250,0,250,-10,250,10" /><INIT seed="1,0,0,0,4,59" ten="250,250,240,260" oya="1" hai0="9,99,88,122,104,74,76,98,30,0,134,117,128" hai1="13,51,64,31,12,21,80,116,17,25,100,66,2" hai2="5,86,44,77,35,118,115,29,109,129,127,32,48" hai3="39,82,26,121,111,126,27,113,94,110,106,4,68"/><U23/><E116/><V6/><F118/><W3/><G113/><T69/><D117/><U131/><E131/><V95/><F129/><W8/><G106/><T56/><D69/><U87/><E2/><V52/><F109/><N who="3" m="41483" /><G39/><T107/><D128/><U55/><E100/><V61/><F127/><W43/><G43/><T37/><D37/><U72/><E72/><V53/><F115/><W120/><G68/><T16/><D30/><U60/><E13/><V90/><F35/><W73/><G94/><T46/><D46/><U14/><E14/><V132/><F132/><W103/><G103/><T40/><D40/><U96/><E96/><V54/><F32/><W79/><G126/><T7/><D134/><U108/><E60/><V24/><F77/><W92/><G92/><T124/><D124/><U34/><E34/><V11/><F29/><W119/><G119/><T105/><D122/><AGARI ba="0,0" hai="3,4,8,26,27,73,79,82,120,121,122" m="41483" machi="122" ten="30,1000,0" yaku="14,1" doraHai="59" who="3" fromWho="0" sc="250,-10,250,0,240,0,260,10" /><INIT seed="2,0,0,3,0,126" ten="240,250,240,270" oya="2" hai0="56,75,4,68,17,115,30,43,118,48,34,49,101" hai1="132,125,85,55,102,109,53,95,120,23,121,122,42" hai2="66,25,69,67,7,112,83,28,82,10,59,114,91" hai3="33,64,14,39,70,105,72,128,84,51,130,44,52"/><V117/><F117/><W3/><G72/><T111/><D115/><U38/><E125/><V81/><F69/><W46/><G3/><T22/><D68/><U40/><E109/><V90/><F112/><W133/><G105/><T0/><D75/><U99/><E132/><V57/><F114/><W98/><G33/><T36/><D111/><U113/><E113/><V74/><F74/><W104/><G84/><T32/><D118/><U108/><E108/><V5/><F25/><W127/><G133/><T65/><D101/><U116/><E116/><V41/><F28/><W47/><G14/><N who="0" m="9527" /><D36/><U31/><E85/><V134/><F41/><N who="1" m="15977" /><E38/><V13/><F5/><W135/><G135/><T107/><D43/><U86/><E86/><V9/><F9/><W35/><G35/><T93/><D93/><U89/><E102/><V27/><F27/><AGARI ba="0,0" hai="23,27,31,53,55,89,95,99,120,121,122" m="15977" machi="27" ten="40,1300,0" yaku="13,1" doraHai="126" who="1" fromWho="2" sc="240,0,250,13,240,-13,270,0" /><INIT seed="3,0,0,4,1,58" ten="240,263,227,270" oya="3" hai0="92,73,64,41,133,127,32,89,59,105,101,109,99" hai1="77,123,60,113,75,82,100,98,21,134,83,125,129" hai2="52,70,111,15,1,23,3,44,45,62,4,130,53" hai3="81,61,110,66,47,128,96,106,48,103,40,68,31"/><W135/><G128/><T114/><D32/><U7/><E123/><V0/><F130/><W43/><G135/><T8/><D133/><U74/><E113/><V88/><F111/><W25/><G110/><T63/><D109/><U35/><E35/><V39/><F39/><W69/><G81/><T12/><D114/><U11/><E134/><V126/><F126/><W6/><G6/><T37/><D127/><U9/><E129/><V124/><F124/><W107/><G69/><T76/><D37/><U95/><E125/><V57/><F70/><W54/><G106/><T119/><D119/><U115/><E115/><V132/><F132/><W55/><G55/><T117/><D117/><U65/><E21/><AGARI ba="0,0" hai="21,25,31,40,43,47,48,54,61,66,68,96,103,107" machi="21" ten="30,2900,0" yaku="7,1,52,1" doraHai="58" who="3" fromWho="1" sc="240,0,263,-29,227,0,270,29" /><INIT seed="3,1,0,1,3,33" ten="240,234,227,299" oya="3" hai0="1,89,87,121,82,100,74,27,54,58,129,118,68" hai1="4,32,11,43,84,124,65,93,71,112,81,134,115" hai2="76,64,37,12,83,97,62,103,2,18,99,79,10" hai3="13,26,117,77,42,36,90,131,35,17,123,128,51"/><W39/><G117/><T41/><D118/><U122/><E122/><V94/><F37/><W7/><G123/><T133/><D68/><U5/><E32/><V78/><F97/><W15/><G77/><T16/><D121/><U70/><E124/><V61/><F61/><W48/><G90/><T67/><D67/><U130/><E130/><N who="3" m="49706" /><G7/><T31/><D129/><U49/><E134/><V22/><F2/><W24/><G13/><T52/><D1/><U105/><E105/><V9/><REACH who="2" step="1"/><F83/><REACH who="2" ten="240,234,217,299" step="2"/><W119/><G119/><T107/><D133/><U127/><E127/><V96/><F96/><W30/><G36/><T132/><D132/><U120/><E112/><V34/><F34/><W116/><G116/><T80/><D80/><U44/><E115/><V60/><F60/><W29/><G39/><T59/><D82/><U104/><E120/><V88/><F88/><W50/><G48/><T14/><D89/><U57/><E81/><V20/><F20/><N who="3" m="15495" /><G42/><T95/><D41/><U55/><E71/><AGARI ba="1,1" hai="9,10,12,18,22,62,64,71,76,78,79,94,99,103" machi="71" ten="40,8000,1" yaku="1,1,53,3" doraHai="33" doraHaiUra="75" who="2" fromWho="1" sc="240,0,234,-83,217,93,299,0" owari="240,-16.0,151,-34.9,310,41.0,299,9.9" /></mjloggm>