<mjloggm ver="2.3"><GO type="225" lobby="0"/><UN n0="%E3%83%81%E3%83%83%E3%82%BF%E3%82%BD%E3%83%BC" n1="%E3%81%95%E3%81%8D%E3%81%9F%E3%81%BE%E6%9E%97%E6%AA%8E" n2="%E3%81%AD%E3%82%80%E3%81%84%40%E9%9B%80%E9%B3%B4%E4%BC%9A" n3="%E6%80%AA%E3%81%97%E3%81%99%E3%81%8E%E3%82%8B%E3%83%81%E3%83%BC" dan="17,16,16,16" rate="2214.11,2095.05,2187.14,2089.67" sx="F,M,F,M"/><TAIKYOKU oya="0"/><INIT seed="0,0,0,3,4,118" ten="250,250,250,250" oya="0" hai0="50,31,99,70,2,92,132,36,134,93,51,52,24" hai1="37,100,8,25,9,120,39,33,6,90,88,5,75" hai2="48,67,61,110,117,94,111,103,112,69,63,4,102" hai3="40,3,130,16,11,106,95,68,78,128,54,55,98"/><T60/><D36/><U59/><E75/><V109/><F112/><W126/><G106/><T27/><D2/><U86/><E100/><V121/><F117/><W125/><G68/><T79/><D79/><U44/><E59/><V108/><N who="2" m="27648" /><DORA hai="58" /><V82/><F121/><W124/><G40/><T26/><D31/><U34/><E86/><V57/><F4/><N who="1" m="1641" /><E44/><V32/><F32/><N who="1" m="12393" /><E25/><V42/><F82/><W22/><G3/><T47/><D50/><U91/><E120/><V15/><F15/><N who="3" m="9503" /><G11/><AGARI ba="0,0" hai="8,9,11,37,39,88,90,91" m="12393,1641" machi="11" ten="40,5200,0" yaku="28,2,54,1" doraHai="118,58" who="1" fromWho="3" sc="250,0,250,52,250,0,250,-52" /><INIT seed="1,0,0,2,3,30" ten="250,302,250,198" oya="1" hai0="77,24,109,75,49,96,44,70,43,28,59,53,88" hai1="126,121,132,106,25,73,82,11,22,118,124,46,129" hai2="125,130,3,31,42,94,98,14,102,116,120,37,47" hai3="97,100,39,60,90,33,35,112,0,27,55,17,115"/><U15/><E106/><V41/><F116/><W127/><G39/><T52/><D109/><U61/><E118/><V91/><F120/><W111/><G0/><T50/><D70/><U56/><E121/><V113/><F3/><W19/><G111/><T7/><D7/><U10/><E129/><V78/><F130/><W74/><G74/><T67/><D67/><U62/><E132/><V93/><F125/><N who="1" m="48233" /><E46/><V29/><F78/><W20/><G19/><T108/><D108/><U114/><E114/><V4/><F42/><W16/><G17/><T123/><D123/><U66/><E62/><V117/><F113/><N who="3" m="43595" /><G100/><T89/><D96/><U95/><E15/><V6/><F117/><W54/><G54/><T1/><D1/><U34/><E95/><V110/><F110/><W23/><G23/><T134/><D134/><U85/><E73/><V48/><F37/><W81/><G81/><T101/><D101/><U107/><E107/><V103/><F103/><W69/><G69/><T84/><D77/><N who="1" m="46287" /><E22/><V5/><REACH who="2" step="1"/><F14/><REACH who="2" ten="250,302,240,198" step="2"/><W13/><G13/><T128/><D128/><U51/><E51/><V32/><F32/><W36/><G127/><T131/><D131/><U83/><E34/><V80/><F80/><W38/><G36/><T64/><D50/><U87/><E83/><V92/><F92/><N who="3" m="56471" /><G38/><T76/><D76/><U119/><E119/><V86/><AGARI ba="0,1" hai="4,5,6,29,31,41,47,48,86,91,93,94,98,102" machi="86" ten="30,4000,0" yaku="1,1,0,1,8,1,53,0" doraHai="30" doraHaiUra="71" who="2" fromWho="2" sc="250,-10,302,-20,240,50,198,-10" /><INIT seed="2,0,0,5,1,100" ten="240,282,290,188" oya="2" hai0="32,24,132,102,53,124,27,121,3,97,96,71,127" hai1="30,9,68,109,112,75,125,56,93,113,94,21,134" hai2="60,18,55,6,61,85,133,82,117,116,110,103,99" hai3="41,90,84,13,23,98,131,35,73,62,130,0,8"/><V26/><F6/><W111/><G73/><T81/><D121/><U106/><E68/><V46/><F133/><W4/><G111/><T20/><D132/><U15/><E134/><V76/><F110/><W118/><G118/><T74/><D71/><U107/><E109/><V42/><F117/><W25/><G98/><T57/><D3/><U12/><E75/><V91/><F76/><W120/><G120/><T19/><D81/><U31/><E56/><V64/><F55/><W44/><G62/><T17/><D74/><U16/><E125/><N who="0" m="48201" /><D102/><U122/><E122/><V59/><F61/><W115/><G115/><T86/><D86/><U2/><E2/><V65/><F65/><W22/><G35/><T128/><D128/><U38/><E38/><V49/><F116/><W1/><G1/><T70/><D70/><U88/><E113/><V40/><F18/><W5/><G5/><T29/><D17/><U51/><E112/><V108/><F108/><W72/><G72/><T14/><D24/><U33/><E33/><V114/><F26/><W37/><G0/><T104/><D104/><N who="1" m="39979" /><E51/><AGARI ba="0,0" hai="14,19,20,27,29,32,51,53,57,96,97" m="48201" machi="51" ten="30,1000,0" yaku="18,1" doraHai="100" who="0" fromWho="1" sc="240,10,282,-10,290,0,188,0" /><INIT seed="3,0,0,1,2,60" ten="250,272,290,188" oya="3" hai0="127,34,107,115,39,33,47,10,76,1,109,119,28" hai1="69,64,83,102,2,55,52,66,44,6,122,118,31" hai2="85,124,73,46,103,13,18,80,27,29,23,113,59" hai3="132,101,25,112,123,22,17,131,26,41,114,50,32"/><W5/><G123/><T40/><D119/><U45/><E69/><V12/><F113/><N who="3" m="43627" /><G50/><T111/><D115/><U19/><E122/><V3/><F124/><W129/><G41/><T43/><D127/><U90/><E31/><V134/><F134/><W93/><G93/><T58/><D107/><U51/><E102/><V57/><F73/><W54/><G54/><T97/><D97/><U98/><E2/><V126/><F126/><W121/><G101/><T91/><D40/><U89/><E6/><V35/><F3/><W61/><G61/><T0/><D91/><N who="1" m="34827" /><E118/><V7/><F103/><W95/><G95/><T86/><D58/><U133/><E133/><V94/><F94/><W4/><G121/><T79/><D79/><U30/><E30/><V120/><F120/><W135/><G132/><T87/><D87/><U116/><E116/><V128/><F46/><N who="1" m="18025" /><E98/><V130/><F85/><W75/><G75/><T74/><D86/><U110/><E83/><V88/><F80/><W36/><G36/><T37/><D39/><U56/><E19/><V67/><F88/><W82/><G82/><N who="0" m="45335" /><D28/><U77/><E77/><V16/><F7/><N who="3" m="2635" /><G135/><T68/><D68/><U92/><E92/><V62/><F59/><W125/><G125/><T49/><D49/><N who="1" m="30735" /><E110/><N who="0" m="41993" /><D0/><U48/><E48/><V105/><F105/><W100/><G100/><T9/><D1/><U53/><E51/><V71/><F71/><W72/><G72/><T117/><D117/><U15/><E15/><V11/><AGARI ba="0,0" hai="11,12,13,16,18,23,27,29,35,57,62,67,128,130" machi="11" ten="30,4000,0" yaku="0,1,52,1,54,1" doraHai="60" who="2" fromWho="2" sc="250,-10,272,-10,290,40,188,-20" owari="240,-16.0,262,6.2,330,43.0,168,-33.2" /></mjloggm>