<mjloggm ver="2.3"><GO type="225" lobby="0"/><UN n0="%E3%81%BD%E3%81%A1%E3%81%9F%E3%81%93%E3%82%84" n1="%E3%83%B4%E3%82%A3%E3%83%AF%E3%82%B3%E3%82%B0%E3%83%8B" n2="%E3%81%BF%E3%81%BF%E3%81%9A" n3="%6D%61%74%69%67%75%73%61" dan="17,16,18,16" rate="2213.89,2218.57,2243.26,2121.39" sx="M,M,M,M"/><TAIKYOKU oya="0"/><INIT seed="0,0,0,3,4,19" ten="250,250,250,250" oya="0" hai0="36,112,80,0,98,125,51,132,32,39,122,59,23" hai1="56,113,57,90,43,77,87,44,128,46,66,76,94" hai2="105,123,63,38,45,4,115,124,131,97,91,69,24" hai3="99,89,14,84,21,40,1,111,118,107,17,54,135"/><T7/><D112/><U120/><E128/><V108/><F123/><W119/><G1/><T22/><D32/><U62/><E120/><V110/><F115/><W101/><G40/><T9/><D122/><U126/><E126/><V16/><F124/><W52/><G111/><N who="2" m="42537" /><F4/><W102/><G102/><T129/><D125/><U83/><E113/><V11/><F131/><W50/><G135/><T31/><D129/><U5/><E5/><V134/><F134/><W85/><G54/><T60/><D132/><U121/><E121/><V93/><F105/><W100/><G100/><T13/><D51/><U92/><E46/><V61/><F69/><W18/><G18/><T33/><D98/><U78/><REACH who="1" step="1"/><E57/><REACH who="1" ten="250,240,250,250" step="2"/><V37/><F45/><W130/><G130/><T117/><D59/><U104/><E104/><V64/><F64/><W96/><G119/><T70/><D7/><U2/><E2/><V48/><F48/><AGARI ba="0,1" hai="43,44,48,56,62,66,76,77,78,83,87,90,92,94" machi="48" ten="40,5200,0" yaku="1,1,8,1,53,1" doraHai="19" doraHaiUra="53" who="1" fromWho="2" sc="250,0,240,62,250,-52,250,0" /><INIT seed="1,0,0,1,4,47" ten="250,302,198,250" oya="1" hai0="35,130,10,8,23,32,81,118,100,125,17,64,28" hai1="122,129,43,59,44,99,42,51,128,113,95,67,12" hai2="75,27,93,49,131,135,16,89,70,54,18,34,39" hai3="53,60,0,133,29,78,61,116,20,19,115,106,69"/><U76/><E113/><V87/><F39/><W46/><G115/><T65/><D118/><U117/><E117/><V30/><F131/><W90/><G116/><T2/><D130/><U80/><E122/><V11/><F135/><W3/><G106/><T55/><D100/><U45/><E12/><V24/><F70/><W56/><G29/><T26/><D35/><U83/><E83/><V25/><F75/><W6/><G78/><T1/><D81/><U132/><E132/><V48/><F48/><W86/><G46/><T134/><D134/><U112/><E112/><V124/><F124/><W105/><G105/><T22/><D55/><U110/><E110/><V31/><F11/><N who="0" m="4138" /><D65/><U74/><E59/><V66/><F66/><W13/><G133/><T102/><D102/><U79/><E79/><V77/><F77/><W97/><G69/><T123/><D64/><U15/><E15/><V62/><F62/><W119/><G119/><T63/><D63/><U120/><E120/><V68/><F68/><W101/><G60/><T126/><D123/><U71/><E67/><V107/><F107/><W108/><G108/><T82/><D82/><U7/><E7/><V58/><F25/><W104/><G6/><T111/><D111/><U50/><E71/><V91/><REACH who="2" step="1"/><F89/><AGARI ba="0,0" hai="42,43,44,45,50,51,74,76,80,89,95,99,128,129" machi="89" ten="40,7700,0" yaku="9,1,52,2" doraHai="47" who="1" fromWho="2" sc="250,0,302,77,198,-77,250,0" /><INIT seed="1,1,0,5,4,32" ten="250,379,121,250" oya="1" hai0="8,79,41,28,62,81,63,57,78,103,12,66,126" hai1="14,43,70,128,90,2,127,87,35,20,54,96,37" hai2="61,68,31,58,60,34,123,116,82,49,24,55,100" hai3="94,21,92,4,23,110,47,29,39,71,73,125,93"/><U114/><E35/><V27/><F116/><W119/><G71/><T129/><D129/><U59/><E114/><V26/><F123/><W117/><G73/><T17/><D126/><U1/><E127/><V25/><F68/><W89/><G125/><T36/><D28/><U15/><E70/><V106/><REACH who="2" step="1"/><F82/><REACH who="2" ten="250,379,111,250" step="2"/><W88/><G117/><T30/><D81/><N who="1" m="49519" /><E128/><V40/><F40/><W67/><G119/><T86/><D41/><U9/><E43/><V121/><F121/><W74/><G110/><T19/><D36/><U131/><E37/><V33/><F33/><W6/><G39/><T18/><D78/><U112/><E131/><V102/><F102/><W64/><G74/><T109/><D103/><U0/><E112/><V91/><F91/><W98/><G89/><T111/><D79/><U84/><E0/><V3/><F3/><W124/><G88/><T113/><D113/><U44/><E1/><V95/><F95/><W115/><G115/><T133/><D111/><U75/><E2/><V130/><F130/><W76/><G76/><T56/><D109/><U135/><E75/><V80/><F80/><W134/><G124/><T122/><D122/><U118/><E118/><V120/><F120/><W16/><G93/><T7/><D133/><U77/><E77/><V97/><AGARI ba="1,1" hai="24,25,26,27,31,34,49,55,58,60,61,97,100,106" machi="97" ten="30,2000,0" yaku="1,1,0,1,53,0" doraHai="32" doraHaiUra="108" who="2" fromWho="2" sc="250,-6,379,-11,111,33,250,-6" /><INIT seed="2,0,0,2,3,29" ten="244,368,144,244" oya="2" hai0="111,92,45,95,21,134,35,34,72,44,71,126,129" hai1="54,58,37,118,93,8,133,50,53,106,22,70,49" hai2="98,66,110,97,52,131,90,91,120,9,73,16,99" hai3="42,0,127,74,115,33,135,25,28,82,69,39,15"/><V124/><F120/><W123/><RYUUKYOKU type="yao9" ba="0,0" sc="244,0,368,0,144,0,244,0" hai3="0,15,25,28,33,39,42,69,74,82,115,123,127,135" /><INIT seed="2,1,0,4,4,40" ten="244,368,144,244" oya="2" hai0="31,124,41,109,66,74,53,94,90,25,24,46,103" hai1="91,43,51,104,89,82,63,60,50,54,7,45,77" hai2="80,5,47,32,26,67,30,23,105,20,38,61,57" hai3="108,4,8,1,135,100,72,36,3,122,114,106,110"/><V6/><F105/><W68/><RYUUKYOKU type="yao9" ba="1,0" sc="244,0,368,0,144,0,244,0" hai3="1,3,4,8,36,68,72,100,106,108,110,114,122,135" /><INIT seed="2,2,0,3,0,106" ten="244,368,144,244" oya="2" hai0="133,22,39,31,54,129,99,68,2,58,96,65,63" hai1="134,51,7,73,69,27,66,128,82,98,60,4,125" hai2="109,56,0,114,102,36,121,101,110,83,124,105,40" hai3="67,86,120,100,132,48,18,16,37,11,24,79,1"/><V50/><F114/><W126/><G37/><T25/><D129/><U112/><E112/><V104/><F121/><W119/><G120/><T70/><D133/><U52/><E134/><V44/><F0/><W91/><G132/><T131/><D131/><U117/><E128/><V13/><F13/><W12/><G119/><T20/><D2/><U34/><E117/><V33/><F33/><W80/><G126/><T9/><D70/><U111/><E111/><N who="2" m="42507" /><F124/><W93/><G1/><T32/><D9/><U118/><E118/><V89/><F89/><W8/><G67/><T135/><D39/><U29/><E125/><V59/><F83/><W38/><G38/><T47/><D47/><U84/><E98/><N who="2" m="61495" /><F36/><W43/><G100/><T72/><D72/><U19/><E73/><V122/><F122/><W35/><G35/><T17/><D32/><U21/><E82/><V107/><F107/><W3/><G3/><T75/><D75/><U116/><E84/><V115/><F115/><W42/><G80/><T85/><D85/><U15/><E116/><V92/><F92/><W45/><G79/><T46/><D135/><U77/><E77/><V5/><F5/><W71/><G91/><T87/><D87/><U74/><E74/><V78/><F78/><W81/><G86/><T64/><D96/><AGARI ba="2,0" hai="40,44,50,56,59,96,102,105" m="61495,42507" machi="96" ten="30,2900,0" yaku="14,1,10,1" doraHai="106" who="2" fromWho="0" sc="244,-35,368,0,144,35,244,0" /><INIT seed="2,3,0,0,3,37" ten="209,368,179,244" oya="2" hai0="60,51,118,85,77,4,10,17,1,26,108,75,83" hai1="128,76,113,44,48,28,65,107,135,8,52,56,72" hai2="20,90,14,39,68,81,36,70,126,33,0,9,18" hai3="38,16,120,130,58,40,127,104,55,21,98,119,132"/><V114/><F114/><W111/><G119/><T5/><D118/><U93/><E107/><V78/><F126/><W115/><G120/><T64/><D108/><U100/><E113/><V59/><F33/><W11/><G115/><T29/><D5/><U12/><E128/><V105/><F105/><W62/><G111/><T19/><D51/><U46/><E135/><V66/><F59/><W123/><G123/><T99/><D99/><N who="1" m="59503" /><E72/><V47/><F90/><W22/><G130/><T24/><D75/><U57/><E28/><V82/><F66/><W49/><G38/><T109/><D26/><U69/><E76/><V43/><F36/><W3/><G132/><T110/><D110/><U96/><E96/><V25/><F82/><W2/><G22/><T79/><D79/><U88/><E88/><V27/><F0/><W73/><G11/><T15/><D1/><U91/><E69/><V87/><REACH who="2" step="1"/><F25/><REACH who="2" ten="209,368,169,244" step="2"/><W31/><G127/><T103/><D103/><U13/><E91/><V134/><F134/><W42/><G2/><T41/><D109/><U6/><E12/><V67/><F67/><W125/><G3/><T89/><D89/><U106/><E106/><V133/><F133/><W71/><G104/><T7/><D64/><U45/><E56/><V50/><F50/><W86/><G49/><T121/><D24/><U61/><AGARI ba="3,1" hai="6,8,13,44,45,46,48,52,57,61,65" m="59503" machi="61" ten="30,2000,0" yaku="8,1,54,1" doraHai="37" who="1" fromWho="1" sc="209,-8,368,39,169,-13,244,-8" /><INIT seed="3,0,0,4,3,51" ten="201,407,156,236" oya="3" hai0="71,75,135,6,110,14,130,127,124,81,38,66,34" hai1="21,108,123,11,54,69,57,111,37,63,9,49,101" hai2="104,73,52,83,61,121,32,42,44,43,99,3,132" hai3="8,114,103,15,133,10,125,82,112,2,74,55,95"/><W40/><G40/><T31/><D110/><N who="1" m="42027" /><E123/><V78/><F32/><W18/><G133/><T25/><D135/><U0/><E37/><V89/><F3/><W80/><G125/><N who="0" m="48203" /><D38/><U24/><E101/><V59/><F132/><W36/><G36/><T109/><D109/><U77/><E77/><V87/><F121/><W102/><G74/><T60/><D14/><U129/><E129/><V5/><F5/><W26/><G26/><T46/><D46/><N who="1" m="27959" /><E69/><V13/><F13/><W122/><G102/><T20/><D6/><U128/><E0/><V105/><F44/><W17/><G103/><T85/><D75/><U92/><E92/><N who="2" m="54335" /><F105/><W12/><G15/><T115/><D115/><U41/><E41/><V22/><F22/><W91/><G12/><T98/><D98/><U45/><E45/><V68/><F68/><W53/><BYE who="2" /><G2/><T76/><D34/><U93/><E93/><V62/><F62/><W100/><G122/><T29/><D130/><U117/><E117/><UN n2="%E3%81%BF%E3%81%BF%E3%81%9A" /><V70/><F70/><W97/><G97/><T50/><D50/><U19/><E128/><V56/><F59/><W67/><G112/><T58/><D71/><U48/><E48/><V86/><F86/><W90/><G114/><T47/><D47/><U116/><E116/><V72/><F72/><W84/><G84/><T119/><D119/><U30/><E57/><V16/><F16/><AGARI ba="0,0" hai="16,20,25,29,31,58,60,66,76,81,85" m="48203" machi="16" ten="30,2000,0" yaku="18,1,54,1" doraHai="51" who="0" fromWho="2" sc="201,20,407,0,156,-20,236,0" owari="221,-17.9,407,50.7,136,-36.4,236,3.6" /></mjloggm>