<mjloggm ver="2.3"><GO type="225" lobby="0"/><UN n0="%E3%81%BF%E3%81%BF%E3%81%9A" n1="%70%6F%69%73%6F%6E%30%32" n2="%E7%99%BD%E5%92%B2%E8%8A%B1%E3%81%A1%E3%82%83%E3%82%93" n3="%E5%B8%86%E7%AB%8B%E5%A4%8F%E8%A1%A3" dan="17,16,16,17" rate="2158.24,2117.44,2158.94,2200.05" sx="M,M,F,M"/><TAIKYOKU oya="0"/><INIT seed="0,0,0,2,3,0" ten="250,250,250,250" oya="0" hai0="86,3,133,18,67,80,111,104,16,74,54,66,75" hai1="100,123,71,117,5,4,106,49,33,129,42,6,64" hai2="65,126,82,28,92,30,109,97,77,78,45,10,34" hai3="135,40,53,19,57,38,125,81,103,22,90,9,39"/><T60/><D104/><U7/><E123/><V29/><F109/><W112/><G112/><T122/><D122/><U121/><E121/><V36/><F126/><W130/><G130/><T24/><D3/><U2/><E117/><V55/><F65/><N who="0" m="24586" /><D75/><U11/><E33/><V13/><F34/><W59/><G135/><T128/><D74/><U26/><E26/><V44/><F36/><W91/><G103/><T96/><D128/><U47/><E129/><V23/><F23/><W98/><G125/><T70/><D70/><U105/><REACH who="1" step="1"/><E100/><REACH who="1" ten="250,240,250,250" step="2"/><V68/><F30/><W32/><G32/><T102/><D133/><U25/><E25/><V20/><F29/><W95/><G39/><T72/><D24/><U115/><E115/><V84/><F28/><W83/><G38/><T43/><D111/><U87/><E87/><V76/><F84/><W118/><G118/><T31/><D72/><U61/><AGARI ba="0,1" hai="2,4,5,6,7,11,42,47,49,61,64,71,105,106" machi="61" ten="30,12000,2" yaku="1,1,0,1,52,4,53,0" doraHai="0" doraHaiUra="127" who="1" fromWho="1" sc="250,-60,240,130,250,-30,250,-30" /><INIT seed="1,0,0,4,2,23" ten="190,370,220,220" oya="1" hai0="102,8,118,88,106,61,18,114,4,84,128,14,72" hai1="42,101,135,79,65,124,95,103,50,60,70,56,41" hai2="16,55,121,17,1,58,9,45,90,115,78,134,31" hai3="104,5,53,15,127,125,122,49,33,94,116,98,37"/><U0/><E0/><V48/><F121/><W93/><G122/><T108/><D114/><U67/><E135/><V76/><F115/><W123/><G123/><T6/><D118/><U20/><E67/><V19/><F134/><W13/><G37/><T24/><D72/><U87/><E124/><N who="3" m="47690" /><G116/><T132/><D132/><U131/><E131/><V44/><F31/><W51/><G33/><T2/><D128/><U29/><E50/><N who="3" m="18954" /><G53/><T86/><D108/><U119/><E70/><V64/><F90/><W36/><G36/><T133/><D133/><U111/><E111/><V69/><F69/><W130/><G130/><T34/><D86/><U117/><E119/><V85/><F64/><W59/><G59/><T25/><D61/><U54/><E54/><V68/><F68/><W52/><G52/><T75/><D75/><U32/><E32/><V71/><F71/><W47/><G47/><T10/><D34/><U3/><E103/><V40/><F45/><W43/><G43/><T30/><D30/><U26/><E3/><V80/><F1/><W97/><G104/><T107/><D4/><U73/><E117/><V112/><F112/><W110/><G110/><T27/><REACH who="0" step="1"/><D102/><REACH who="0" ten="180,370,220,220" step="2"/><U92/><E73/><V105/><F40/><N who="1" m="15465" /><E101/><V22/><F44/><W35/><G35/><T12/><D12/><N who="3" m="4681" /><G5/><T83/><AGARI ba="0,1" hai="2,6,8,10,14,18,24,25,27,83,84,88,106,107" machi="83" ten="30,12000,2" yaku="1,1,0,1,52,3,54,1,53,0" doraHai="23" doraHaiUra="99" who="0" fromWho="0" sc="180,130,370,-60,220,-30,220,-30" /><INIT seed="2,0,0,5,1,130" ten="310,310,190,190" oya="2" hai0="34,81,82,47,41,104,86,124,87,39,94,117,92" hai1="6,135,88,108,25,55,71,56,65,51,85,90,114" hai2="128,93,84,29,32,69,70,66,9,106,64,17,15" hai3="77,62,33,58,30,103,7,22,59,14,89,119,21"/><V80/><F106/><W107/><G119/><T133/><D104/><U111/><E114/><V118/><F118/><W53/><G77/><T19/><D117/><U97/><E6/><V112/><F112/><W31/><G33/><T134/><D34/><U10/><E10/><V48/><F128/><W91/><G107/><T5/><D5/><U129/><E129/><V79/><F48/><W26/><G103/><T127/><D19/><U75/><E75/><V4/><F93/><N who="0" m="35946" /><D86/><U54/><E97/><V44/><F44/><W72/><G72/><T18/><D18/><U8/><E8/><V36/><F36/><W78/><G78/><N who="0" m="46519" /><D82/><U102/><E102/><V2/><F70/><W38/><G38/><T120/><D120/><U28/><E71/><V96/><F96/><W74/><G74/><T68/><D68/><U43/><E90/><V131/><F69/><W63/><G7/><T50/><D39/><U12/><E12/><V0/><F131/><W1/><G1/><T16/><D16/><U35/><E111/><V45/><F2/><W57/><G14/><T3/><D3/><U125/><E108/><V11/><REACH who="2" step="1"/><F45/><REACH who="2" ten="310,310,180,190" step="2"/><W49/><G58/><T101/><D101/><U23/><E56/><V116/><F116/><W27/><REACH who="3" step="1"/><G49/><REACH who="3" ten="310,310,180,180" step="2"/><T61/><D61/><U52/><E51/><V98/><F98/><W60/><G60/><T115/><D115/><U40/><E43/><V105/><F105/><W20/><G20/><T24/><D50/><U46/><E40/><V67/><F67/><AGARI ba="0,2" hai="21,22,26,27,30,31,53,57,59,62,63,67,89,91" machi="67" ten="30,7700,0" yaku="1,1,7,1,9,1,8,1,53,0" doraHai="130" doraHaiUra="126" who="3" fromWho="2" sc="310,0,310,0,180,-77,180,97" /><INIT seed="3,0,0,2,3,34" ten="310,310,103,277" oya="3" hai0="15,46,113,106,39,7,133,117,105,120,97,6,12" hai1="42,60,16,76,37,121,87,89,8,67,62,52,109" hai2="84,81,54,28,26,104,90,94,118,33,17,3,30" hai3="18,23,59,98,0,20,29,1,24,19,41,99,116"/><W53/><G116/><T72/><D117/><U112/><E109/><V73/><F118/><W124/><G124/><T102/><D120/><U38/><E112/><V43/><F104/><W2/><G41/><T48/><D72/><U126/><E121/><V58/><F43/><W82/><G82/><T131/><D39/><U55/><E76/><V44/><F44/><W27/><G29/><T77/><D77/><U22/><E8/><V31/><F17/><W40/><G40/><T10/><D113/><U57/><E62/><AGARI ba="0,0" hai="0,1,2,18,19,20,23,24,27,53,59,62,98,99" machi="62" ten="40,12000,1" yaku="9,1,52,3" doraHai="34" who="3" fromWho="1" sc="310,0,310,-120,103,0,277,120" owari="310,11.0,190,-21.0,103,-39.7,397,49.7" /></mjloggm>