<mjloggm ver="2.3"><GO type="225" lobby="0"/><UN n0="%E3%81%8B%E3%82%8F%E3%81%A1%E3%82%83%E3%82%93%35%38" n1="%E3%83%A9%E3%82%B9%E7%8E%87%EF%BC%93%E5%89%B2" n2="%E6%9D%B1%E9%A2%A8%E3%81%AE%E3%81%8D%E3%82%83%E3%81%B7%E3%81%95%E3%82%93" n3="%E3%83%96%E3%83%83%E3%83%91%E3%82%AA%E3%83%96%E3%83%81%E3%82%AD%E3%83%B3" dan="16,17,16,16" rate="2153.90,2221.46,2160.46,2179.72" sx="M,F,M,M"/><TAIKYOKU oya="0"/><INIT seed="0,0,0,2,5,85" ten="250,250,250,250" oya="0" hai0="98,91,79,7,5,115,30,31,100,66,49,112,127" hai1="68,97,51,13,42,126,46,23,45,55,41,35,64" hai2="87,61,26,119,125,124,3,65,116,16,75,8,89" hai3="12,76,28,99,101,22,10,128,47,18,78,59,104"/><T24/><D127/><N who="2" m="48714" /><F75/><W114/><G114/><T34/><D79/><U44/><E35/><V36/><F36/><W123/><G128/><T38/><D38/><N who="1" m="21559" /><E97/><V113/><F113/><W25/><G123/><T57/><D30/><U86/><E86/><V102/><F102/><W105/><G105/><T103/><D103/><U129/><E23/><N who="2" m="13671" /><F8/><W94/><G47/><T19/><D5/><U131/><E13/><V53/><F53/><W20/><G104/><T37/><D7/><U109/><E126/><V106/><F106/><W69/><G69/><T133/><D37/><N who="1" m="21711" /><E109/><V48/><F48/><W9/><G9/><T4/><D4/><U14/><E14/><V132/><F132/><W21/><G10/><T90/><D133/><U80/><E80/><N who="2" m="49383" /><F3/><W95/><G21/><T108/><D108/><U77/><E77/><V93/><F93/><W58/><G95/><N who="0" m="58463" /><D19/><U11/><E11/><V134/><F134/><W70/><G94/><T72/><D72/><U43/><E55/><V52/><F52/><W74/><G74/><T1/><D1/><U110/><E110/><V118/><F118/><W122/><G101/><T84/><D115/><U56/><E131/><V54/><F54/><W121/><G78/><T40/><D112/><U50/><E129/><V0/><F0/><W27/><G76/><T33/><D84/><U135/><E135/><V15/><F15/><W6/><G12/><T96/><D96/><U111/><E111/><V29/><F29/><W62/><G99/><T107/><D107/><U130/><E130/><V82/><F82/><W39/><G28/><T17/><D31/><RYUUKYOKU ba="0,0" sc="250,-10,250,-10,250,30,250,-10" hai2="61,65,116,119" /><INIT seed="1,1,0,1,5,46" ten="240,240,280,240" oya="1" hai0="105,69,100,117,21,121,54,116,17,31,41,16,82" hai1="18,132,77,133,80,5,27,106,28,7,52,81,59" hai2="98,108,126,99,26,53,63,70,48,103,64,30,73" hai3="111,88,92,74,60,72,130,35,13,85,118,71,24"/><U22/><E106/><V50/><F108/><W19/><G111/><T67/><D41/><U87/><E80/><V1/><F73/><W58/><G130/><T4/><D4/><U14/><E132/><V10/><F126/><W91/><G71/><T134/><D31/><U124/><E124/><V95/><F99/><W29/><G91/><T8/><D8/><U37/><E37/><V34/><REACH who="2" step="1"/><F53/><REACH who="2" ten="240,240,270,240" step="2"/><W119/><G119/><T56/><D54/><U47/><E133/><V42/><F42/><W96/><G118/><T86/><D134/><U44/><E44/><V90/><F90/><W84/><G74/><T40/><D40/><U93/><E47/><V51/><F51/><W128/><G72/><T9/><D117/><U127/><E127/><V66/><F66/><W23/><REACH who="3" step="1"/><G128/><REACH who="3" ten="240,240,270,230" step="2"/><T3/><D116/><U12/><E87/><V109/><F109/><W11/><G11/><T45/><D9/><U113/><E77/><V131/><F131/><W0/><G0/><T135/><D3/><U57/><E113/><V125/><F125/><W110/><G110/><T112/><D112/><U49/><E49/><V32/><F32/><W115/><G115/><T20/><D135/><U38/><E38/><V65/><F65/><AGARI ba="1,2" hai="13,19,23,24,29,35,58,60,65,84,85,88,92,96" machi="65" ten="30,3900,0" yaku="1,1,7,1,54,1,53,0" doraHai="46" doraHaiUra="33" who="3" fromWho="2" sc="240,0,240,0,270,-42,230,62" /><INIT seed="2,0,0,4,1,105" ten="240,240,228,292" oya="2" hai0="41,102,74,50,59,4,121,124,62,69,89,87,86" hai1="28,22,29,107,46,35,23,31,71,42,0,52,17" hai2="109,95,112,63,12,24,76,61,96,120,126,65,108" hai3="36,131,2,56,118,127,91,21,129,125,103,6,106"/><V64/><F120/><W104/><G36/><T75/><D121/><U57/><E71/><V3/><F3/><W133/><G118/><T78/><D124/><N who="3" m="47689" /><G91/><T60/><D102/><U82/><E107/><N who="3" m="41002" /><G103/><T130/><D4/><U8/><E82/><V116/><F116/><W81/><G81/><T30/><D89/><U34/><E0/><V72/><F126/><W54/><G21/><T37/><D37/><U83/><E83/><N who="2" m="45447" /><F112/><W20/><G20/><T134/><D78/><U77/><E77/><V100/><F12/><W85/><G85/><T5/><D87/><U38/><E8/><V98/><F98/><W14/><G2/><T49/><D86/><U123/><E123/><V48/><F48/><N who="3" m="30791" /><G133/><T26/><D134/><U51/><REACH who="1" step="1"/><E23/><REACH who="1" ten="240,230,228,292" step="2"/><V15/><F15/><AGARI ba="0,1" hai="15,17,22,28,29,31,34,35,38,42,46,51,52,57" machi="15" ten="40,8000,1" yaku="1,1,2,1,54,1,53,1" doraHai="105" doraHaiUra="16" who="1" fromWho="2" sc="240,0,230,90,228,-80,292,0" /><INIT seed="3,0,0,5,3,19" ten="240,320,148,292" oya="3" hai0="11,34,7,39,52,133,110,100,90,67,97,76,86" hai1="89,132,46,107,8,112,4,109,28,98,119,5,9" hai2="125,63,105,45,103,120,29,117,130,27,111,64,113" hai3="87,12,82,54,6,81,73,124,24,13,38,75,68"/><W123/><G123/><T47/><D110/><U16/><E112/><V77/><F120/><W40/><G68/><T57/><D133/><U14/><E109/><V66/><F111/><W30/><G124/><T53/><D34/><U56/><E28/><V114/><F125/><W70/><G70/><T36/><D76/><U118/><E132/><V108/><F108/><W18/><G38/><T79/><D79/><U122/><E122/><V92/><F117/><N who="1" m="44553" /><E56/><V121/><F121/><W102/><G40/><T49/><D67/><U50/><E9/><V96/><F130/><W84/><G102/><T91/><D39/><U78/><E78/><V0/><F0/><W43/><G43/><T126/><D126/><U74/><E74/><V23/><F66/><W35/><G6/><T95/><D86/><U55/><E89/><V85/><F45/><W51/><G12/><T71/><D71/><U61/><E61/><V72/><F72/><W115/><G84/><T2/><REACH who="0" step="1"/><D36/><REACH who="0" ten="230,320,148,292" step="2"/><U88/><E107/><V42/><F42/><W69/><G69/><T80/><D80/><U65/><E65/><V134/><F134/><W15/><G82/><T20/><D20/><U128/><E128/><V10/><F10/><N who="3" m="6455" /><G87/><T101/><D101/><U131/><E131/><V99/><F85/><W116/><G81/><T129/><D129/><U1/><E1/><V41/><F41/><W58/><G116/><T93/><D93/><AGARI ba="0,1" hai="4,5,8,14,16,46,50,55,88,93,98" m="44553" machi="93" ten="30,3900,0" yaku="12,1,54,2" doraHai="19" who="1" fromWho="0" sc="230,-39,320,49,148,0,292,0" owari="191,-20.9,369,46.9,148,-35.2,292,9.2" /></mjloggm>