<mjloggm ver="2.3"><GO type="225" lobby="0"/><UN n0="%E6%A1%9C%E8%8A%B1%E9%96%83%E3%80%85" n1="%E7%99%BD%E5%80%89%E5%AF%9B%E4%B9%8B" n2="%E5%8D%A0%E3%81%84%E5%B8%AB%E8%A3%8F%E3%81%AA%E3%81%84%E3%81%97" n3="%77%72%77%72%77%72%77%72" dan="16,16,17,16" rate="2140.76,2138.29,2200.58,2183.14" sx="M,M,M,M"/><TAIKYOKU oya="0"/><INIT seed="0,0,0,0,5,116" ten="250,250,250,250" oya="0" hai0="100,44,74,54,107,104,123,21,85,53,110,1,94" hai1="10,60,86,106,122,88,65,95,84,36,112,128,40" hai2="129,35,72,59,46,93,133,6,12,42,7,71,126" hai3="39,20,90,18,13,82,113,3,117,32,23,127,27"/><T78/><D1/><U45/><E128/><V62/><F129/><W9/><G39/><T114/><D114/><U111/><E112/><V30/><F71/><W105/><G105/><N who="0" m="40523" /><D21/><U8/><E106/><V63/><F72/><W19/><G113/><T41/><D54/><U87/><E111/><V92/><F133/><W52/><G117/><T2/><D53/><U26/><E122/><V102/><F126/><W47/><G127/><T101/><D2/><U96/><REACH who="1" step="1"/><E26/><REACH who="1" ten="250,240,250,250" step="2"/><V61/><F35/><W121/><G32/><T132/><D110/><U64/><E64/><V16/><F30/><W83/><G121/><T103/><D123/><U73/><E73/><V77/><F77/><W22/><G3/><T57/><D74/><U5/><E5/><V17/><F17/><W134/><G134/><T125/><D78/><U118/><E118/><V25/><F25/><W98/><G19/><T130/><D130/><U50/><E50/><N who="2" m="26967" /><F6/><W34/><G34/><T29/><D29/><U80/><E80/><V43/><F7/><W109/><G109/><T115/><D115/><U76/><E76/><V56/><F93/><N who="3" m="56631" /><G27/><T24/><D24/><U58/><AGARI ba="0,1" hai="8,10,36,40,45,58,60,65,84,86,87,88,95,96" machi="58" ten="30,7900,0" yaku="1,1,0,1,54,1,53,1" doraHai="116" doraHaiUra="68" who="1" fromWho="1" sc="250,-39,240,89,250,-20,250,-20" /><INIT seed="1,0,0,0,3,33" ten="211,329,230,230" oya="1" hai0="11,98,25,54,109,129,16,17,12,108,60,117,0" hai1="99,123,23,88,101,78,58,43,68,91,73,61,40" hai2="44,47,93,62,104,8,9,46,126,72,103,65,48" hai3="94,63,113,87,21,30,127,34,77,86,14,133,135"/><U28/><E123/><V112/><F72/><W2/><G113/><T50/><D117/><U42/><E68/><V10/><F126/><W6/><G127/><T24/><D60/><U15/><E73/><V122/><F122/><W55/><G34/><T110/><D129/><U115/><E78/><V131/><F131/><W45/><G2/><T32/><D98/><U83/><E83/><V124/><F124/><W134/><G6/><N who="0" m="1479" /><D32/><U66/><E115/><V79/><F79/><W56/><G77/><T106/><D106/><U89/><E15/><V4/><F112/><W121/><G121/><T57/><D17/><U7/><E7/><V13/><F104/><W75/><G75/><T118/><D118/><U19/><E19/><V114/><F114/><W84/><G45/><T100/><D100/><U49/><E49/><V76/><F76/><W26/><REACH who="3" step="1"/><G14/><REACH who="3" ten="211,329,230,220" step="2"/><T22/><AGARI ba="0,1" hai="12,16,22,24,25,50,54,57,108,109,110" m="1479" machi="22" ten="30,4000,0" yaku="14,1,52,1,54,1" doraHai="33" who="0" fromWho="0" sc="211,50,329,-20,230,-10,220,-10" /><INIT seed="2,0,0,2,4,93" ten="261,309,220,210" oya="2" hai0="89,106,17,118,78,88,99,19,46,69,114,109,27" hai1="18,34,73,132,0,84,110,119,83,31,53,42,126" hai2="47,65,10,15,25,41,21,60,81,70,104,36,71" hai3="4,116,91,29,113,40,24,45,94,3,39,23,87"/><V123/><F123/><W8/><REACH who="3" step="1"/><G113/><REACH who="3" ten="261,309,220,200" step="2"/><T115/><D114/><U80/><E119/><AGARI ba="0,1" hai="3,4,8,23,24,29,39,40,45,87,91,94,116,119" machi="119" ten="40,5200,0" yaku="21,2,2,1,53,0" doraHai="93" doraHaiUra="44" who="3" fromWho="1" sc="261,0,309,-52,220,0,200,62" /><INIT seed="3,0,0,4,2,51" ten="261,257,220,262" oya="3" hai0="64,69,124,42,25,134,94,13,71,0,52,2,83" hai1="21,31,129,3,41,101,6,47,86,19,48,14,59" hai2="9,44,43,28,131,81,125,75,118,95,99,116,58" hai3="33,17,104,84,111,20,77,66,103,90,1,135,123"/><W46/><G123/><T24/><D124/><U108/><E108/><V22/><F125/><W88/><G33/><T89/><D134/><U27/><E129/><V128/><F9/><W16/><G1/><T92/><D42/><U132/><E132/><V57/><F75/><W119/><G119/><N who="2" m="45609" /><F81/><N who="3" m="47151" /><G104/><T30/><D13/><U37/><E101/><V127/><F28/><W93/><G135/><T107/><D83/><U73/><E73/><V65/><F22/><W85/><G111/><T56/><D107/><U26/><E3/><V54/><F95/><N who="3" m="54671" /><G66/><T87/><D64/><U50/><E6/><V114/><F99/><N who="3" m="57783" /><G103/><T130/><D94/><U55/><E86/><V126/><F114/><W45/><G17/><T106/><D106/><U72/><E72/><V53/><F65/><W34/><G34/><T70/><D130/><N who="2" m="49706" /><F127/><W18/><G18/><T23/><REACH who="0" step="1"/><D25/><AGARI ba="0,0" hai="16,20,25,45,46" m="57783,54671,47151" machi="25" ten="30,5800,0" yaku="8,1,54,2" doraHai="51" who="3" fromWho="0" sc="261,-58,257,0,220,0,262,58" owari="203,-29.7,257,5.7,220,-18.0,320,42.0" /></mjloggm>