<mjloggm ver="2.3"><GO type="225" lobby="0"/><UN n0="%E6%B7%91%E5%A5%B3%E3%81%AE%E5%97%9C%E3%81%BF" n1="%72%65%6E%6B%75%6E" n2="%E6%B4%BE%E9%81%A3%E3%81%AE%E3%82%B8%E3%83%A3%E3%83%83%E3%82%AF" n3="%E4%BF%BA%E3%81%A8%E5%A6%96%E5%A4%A2" dan="16,17,17,16" rate="2090.44,2254.16,2194.82,2129.31" sx="M,M,M,F"/><TAIKYOKU oya="0"/><INIT seed="0,0,0,2,1,85" ten="250,250,250,250" oya="0" hai0="3,25,73,126,125,13,43,5,50,17,118,90,89" hai1="104,80,51,53,28,9,15,16,70,93,18,108,47" hai2="40,6,77,30,24,84,61,83,23,122,88,100,72" hai3="19,36,116,39,96,42,109,124,133,27,127,106,0"/><T87/><D73/><U99/><E108/><V64/><F122/><W65/><G116/><T67/><D118/><U12/><E70/><V112/><F112/><W110/><G0/><T113/><D113/><U14/><E104/><V117/><F117/><W78/><G78/><T128/><D128/><U10/><E28/><V4/><F40/><W26/><G65/><T134/><D134/><U44/><E80/><V114/><F114/><W52/><G133/><T119/><D119/><U20/><E47/><V102/><F4/><W81/><G81/><T68/><D25/><N who="3" m="9225" /><G19/><T107/><D67/><U129/><E129/><V111/><F6/><W41/><G106/><T97/><D68/><U2/><E2/><V130/><F111/><N who="3" m="42507" /><G96/><T35/><D3/><U66/><E66/><V22/><F22/><W31/><G52/><T21/><D5/><U38/><E38/><N who="3" m="14378" /><G31/><T95/><D107/><U69/><E69/><V103/><F130/><W135/><G135/><T57/><D43/><AGARI ba="0,0" hai="41,42,43,124,127" m="14378,42507,9225" machi="43" ten="40,5200,0" yaku="28,2,14,1" doraHai="85" who="3" fromWho="0" sc="250,-52,250,0,250,0,250,52" /><INIT seed="1,0,0,2,3,7" ten="198,250,250,302" oya="1" hai0="88,46,104,116,30,86,130,22,131,124,69,121,3" hai1="36,118,117,94,78,122,11,105,63,60,6,91,28" hai2="56,108,102,67,83,113,93,58,24,10,0,51,54" hai3="33,73,8,77,9,39,32,133,126,79,20,53,34"/><U38/><E105/><V19/><F108/><W134/><G39/><T35/><D116/><U106/><E106/><V98/><F113/><W37/><G37/><T62/><D124/><U81/><E28/><V64/><F83/><W107/><G107/><T43/><D121/><U50/><E122/><V84/><F84/><W45/><G126/><T2/><D35/><U12/><E50/><V95/><F95/><W25/><G45/><T112/><D104/><U101/><E101/><V89/><F102/><W52/><G20/><T42/><D112/><U5/><E94/><V41/><F41/><N who="0" m="15370" /><D46/><U71/><E91/><V21/><REACH who="2" step="1"/><F58/><REACH who="2" ten="198,250,240,302" step="2"/><W68/><G68/><T80/><D69/><U72/><E117/><V14/><F14/><W96/><G96/><T132/><D132/><U16/><E118/><V125/><F125/><W92/><G92/><T110/><D110/><U129/><E36/><V4/><AGARI ba="0,1" hai="0,4,10,19,21,24,51,54,56,64,67,89,93,98" machi="4" ten="30,4000,0" yaku="1,1,0,1,52,1,53,0" doraHai="7" doraHaiUra="103" who="2" fromWho="2" sc="198,-10,250,-20,240,50,302,-10" /><INIT seed="2,0,0,1,2,101" ten="188,230,290,292" oya="2" hai0="3,29,72,84,45,8,22,114,26,126,89,125,104" hai1="69,16,94,53,41,10,129,87,109,5,33,66,105" hai2="117,32,95,110,86,118,99,108,76,25,19,44,67" hai3="79,63,96,58,100,120,68,30,131,88,61,57,74"/><V40/><F67/><W49/><G120/><T47/><D114/><U54/><E33/><V9/><F9/><W51/><G131/><T97/><D72/><U71/><E105/><V18/><F76/><W59/><G30/><T21/><D21/><U0/><E109/><N who="2" m="42091" /><F86/><W82/><G68/><T133/><D8/><U65/><E41/><V62/><F62/><W127/><G127/><N who="0" m="48651" /><D133/><U36/><E65/><V85/><F85/><W64/><G64/><T27/><D3/><U111/><E66/><V123/><F123/><W81/><G61/><T46/><D27/><U12/><E69/><V2/><F2/><W38/><G38/><T43/><D43/><U124/><E36/><N who="2" m="21511" /><F32/><W116/><G63/><T78/><D78/><U13/><E71/><V122/><F122/><W60/><G60/><T56/><D84/><U15/><E124/><V1/><F1/><W130/><G79/><T132/><D132/><U23/><E111/><V35/><F35/><W75/><G49/><T135/><D135/><U90/><REACH who="1" step="1"/><E129/><REACH who="1" ten="188,220,290,292" step="2"/><V115/><F115/><W34/><G130/><T106/><D56/><U91/><E91/><V39/><F39/><W28/><G57/><T134/><D134/><U92/><E92/><AGARI ba="0,1" hai="22,26,29,45,46,47,89,92,97,104,106" m="48651" machi="92" ten="30,3900,0" yaku="18,1,52,2" doraHai="101" who="0" fromWho="1" sc="188,49,220,-39,290,0,292,0" /><INIT seed="3,0,0,3,4,23" ten="237,181,290,292" oya="3" hai0="78,107,34,130,3,79,92,123,93,38,121,36,42" hai1="57,0,64,17,18,95,82,128,55,16,47,68,41" hai2="12,51,100,19,132,126,33,99,113,134,21,109,46" hai3="116,50,112,103,58,106,29,8,70,120,111,66,6"/><W48/><G112/><T40/><D107/><U73/><E128/><V89/><F109/><W76/><G116/><T135/><D34/><U44/><E0/><V45/><F113/><W131/><G120/><T1/><REACH who="0" step="1"/><D130/><REACH who="0" ten="227,181,290,292" step="2"/><U22/><E22/><V32/><F126/><W98/><G131/><T96/><D96/><U87/><E73/><V26/><F33/><W49/><G111/><T80/><D80/><U124/><E124/><V2/><F32/><W74/><G70/><T65/><D65/><U105/><E105/><V39/><F99/><W114/><G114/><T91/><D91/><U30/><E30/><V72/><F89/><W31/><G74/><T108/><D108/><U27/><E64/><V84/><F72/><W60/><REACH who="3" step="1"/><G76/><REACH who="3" ten="227,181,290,282" step="2"/><T90/><D90/><N who="1" m="53727" /><E68/><V43/><F100/><W102/><G102/><T129/><D129/><U67/><E67/><V133/><F133/><AGARI ba="0,2" hai="1,3,36,38,40,42,78,79,92,93,121,123,133,135" machi="133" ten="25,8000,1" yaku="1,1,22,2,53,2" doraHai="23" doraHaiUra="88" who="0" fromWho="2" sc="227,100,181,0,290,-80,282,0" owari="327,42.7,181,-31.9,210,-19.0,282,8.2" /></mjloggm>