<mjloggm ver="2.3"><GO type="225" lobby="0"/><UN n0="%E6%B4%BE%E9%81%A3%E3%81%AE%E3%82%B8%E3%83%A3%E3%83%83%E3%82%AF" n1="%E4%B8%89%E5%88%86%E5%B0%8F%E5%83%A7" n2="%E3%81%A4%E3%81%A3%E3%81%B1%E3%82%8A%E3%83%9D%E3%83%BC%E3%83%AB" n3="%E7%9A%AE%E3%80%85" dan="17,16,17,16" rate="2187.79,2076.91,2145.52,2128.40" sx="M,M,M,F"/><TAIKYOKU oya="0"/><INIT seed="0,0,0,4,2,134" ten="250,250,250,250" oya="0" hai0="65,55,88,97,59,40,135,101,91,127,18,12,32" hai1="105,49,14,43,114,104,67,7,128,11,73,79,133" hai2="86,34,68,123,66,39,72,122,118,21,24,109,36" hai3="120,78,13,4,15,3,116,69,53,82,132,16,27"/><T100/><D32/><U70/><E128/><V37/><F86/><W23/><G116/><T46/><D135/><U31/><E133/><V63/><F118/><W117/><G117/><T74/><D74/><U41/><E114/><V38/><N who="2" m="9216" /><DORA hai="61" /><V17/><F109/><W90/><G132/><T92/><D127/><U30/><E73/><V107/><F107/><W48/><G69/><T56/><D100/><U131/><E131/><V71/><F72/><W126/><G126/><T113/><D113/><U119/><E79/><V19/><F34/><W111/><G111/><T129/><D129/><U29/><E119/><V80/><F80/><W62/><G62/><N who="0" m="38111" /><D46/><U58/><E70/><V54/><F71/><W47/><G90/><T102/><D102/><U26/><E26/><V130/><F130/><W20/><G120/><T52/><D40/><U98/><E67/><V83/><F83/><W108/><G108/><T94/><D56/><U1/><E1/><V5/><F5/><W35/><G35/><T22/><D101/><U28/><N who="1" m="7168" /><DORA hai="76" /><U121/><E121/><V2/><F2/><W87/><REACH who="3" step="1"/><G23/><REACH who="3" ten="250,250,250,240" step="2"/><T110/><D110/><U125/><E125/><V106/><F123/><W124/><G124/><T89/><D89/><U9/><E9/><AGARI ba="0,1" hai="3,4,9,13,15,16,20,27,47,48,53,78,82,87" machi="9" ten="40,8000,1" yaku="1,1,52,1,54,1,53,2" doraHai="134,61,76" doraHaiUra="57,10,93" who="3" fromWho="1" sc="250,0,250,-80,250,0,240,90" /><INIT seed="1,0,0,3,1,29" ten="250,170,250,330" oya="1" hai0="19,94,10,3,110,70,27,42,1,93,32,111,131" hai1="52,78,108,77,123,43,24,95,129,49,26,57,67" hai2="96,72,107,62,114,31,90,76,85,88,11,60,74" hai3="40,37,25,4,130,47,20,28,6,103,41,102,35"/><U68/><E123/><V61/><F114/><W100/><G130/><T46/><D70/><U115/><E115/><V64/><F64/><W121/><G121/><T73/><D73/><U69/><E129/><V65/><F65/><W119/><G119/><T38/><D131/><U63/><E108/><N who="0" m="41513" /><D19/><U126/><E126/><V33/><F76/><W132/><G132/><T34/><D27/><U97/><E69/><V23/><F23/><W99/><G41/><T51/><D38/><U113/><E113/><V82/><F11/><W92/><REACH who="3" step="1"/><G20/><REACH who="3" ten="250,170,250,320" step="2"/><T89/><D10/><U66/><E43/><V58/><F58/><W15/><G15/><T55/><D42/><U124/><E124/><V128/><F128/><W14/><G14/><T117/><D117/><U17/><E26/><V127/><F127/><W12/><G12/><T75/><D75/><U36/><E24/><V101/><F74/><W106/><G106/><T81/><D1/><U8/><E8/><V18/><F72/><W45/><G45/><T116/><D3/><U118/><E118/><V59/><F59/><W105/><G105/><T79/><D116/><U83/><E57/><V56/><F56/><W13/><G13/><T109/><D109/><U133/><E68/><V134/><F134/><W98/><G98/><T21/><D21/><U44/><E133/><V39/><F107/><W22/><G22/><T91/><D46/><U53/><E44/><V9/><F96/><W16/><G16/><T0/><D0/><U84/><E97/><V2/><F9/><W87/><G87/><T120/><D120/><U54/><E84/><RYUUKYOKU ba="0,1" sc="250,-10,170,-10,250,-10,320,30" hai3="4,6,25,28,35,37,40,47,92,99,100,102,103" /><INIT seed="2,1,1,2,3,62" ten="240,160,240,350" oya="2" hai0="11,131,68,5,9,39,91,59,64,103,98,45,80" hai1="27,101,126,113,102,133,71,110,105,93,84,106,75" hai2="87,121,86,76,3,18,67,15,10,104,17,28,120" hai3="20,83,53,96,8,26,25,82,30,94,36,85,1"/><V111/><F104/><N who="1" m="40041" /><E27/><V134/><F3/><W34/><G36/><T100/><D68/><U51/><E51/><V118/><F118/><W41/><G41/><T88/><D39/><U122/><E71/><V29/><F76/><W78/><G83/><T65/><D131/><U57/><E57/><V92/><F92/><W46/><G46/><T12/><D45/><U44/><E44/><V128/><F128/><W116/><G53/><T7/><D59/><U14/><E14/><V97/><F97/><W37/><G37/><T42/><D42/><U40/><E40/><V24/><F15/><W31/><G116/><T99/><D12/><U38/><E38/><V21/><F24/><W95/><G96/><T119/><D80/><U56/><E56/><V109/><F21/><W60/><G60/><T2/><REACH who="0" step="1"/><D119/><REACH who="0" ten="230,160,240,350" step="2"/><U74/><E110/><V112/><F109/><W89/><G1/><AGARI ba="1,2" hai="1,2,5,7,9,11,64,65,88,91,98,99,100,103" machi="1" ten="25,16000,3" yaku="1,1,2,1,22,2,52,2,54,1,53,2" doraHai="62" doraHaiUra="35" who="0" fromWho="3" sc="230,183,160,0,240,0,350,-163" /><INIT seed="3,0,0,5,3,109" ten="413,160,240,187" oya="3" hai0="68,22,111,20,26,65,87,41,7,50,75,46,74" hai1="27,112,69,118,99,35,117,97,14,93,107,66,12" hai2="125,128,59,106,134,110,82,84,8,3,25,126,105" hai3="94,122,52,79,16,115,76,132,86,37,116,89,83"/><W31/><G122/><T39/><D111/><U18/><E107/><V64/><F110/><W45/><G116/><N who="1" m="44650" /><E99/><V123/><F25/><W129/><G129/><T23/><D23/><N who="1" m="13815" /><E35/><V55/><F64/><W47/><G115/><T98/><D50/><U43/><E43/><V28/><F28/><W77/><G37/><T102/><D22/><U21/><E21/><V91/><F134/><W133/><G31/><T85/><D7/><U61/><E12/><V54/><F128/><W2/><G2/><T135/><D135/><N who="3" m="51785" /><G16/><T100/><D100/><N who="1" m="60463" /><E14/><V9/><F123/><W62/><G94/><T63/><D75/><U0/><E0/><V103/><F55/><W70/><G70/><T17/><D74/><U104/><E104/><AGARI ba="0,0" hai="17,20,26,39,41,46,63,65,68,85,87,98,102,104" machi="104" ten="30,1000,0" yaku="7,1" doraHai="109" who="0" fromWho="1" sc="413,10,160,-10,240,0,187,0" owari="423,52.3,150,-35.0,240,4.0,187,-21.3" /></mjloggm>