<mjloggm ver="2.3"><GO type="225" lobby="0"/><UN n0="%E6%A1%9C%E8%8A%B1%E9%96%83%E3%80%85" n1="%E3%81%BF%E3%81%BF%E3%81%9A" n2="%E8%81%B7%E6%A5%AD%E3%80%81%E9%A2%A8%32" n3="%E3%82%A4%E3%83%BC%E3%82%B1%E3%83%97%E3%83%A9" dan="16,18,16,17" rate="2168.93,2272.36,2159.27,2222.27" sx="M,M,M,M"/><TAIKYOKU oya="0"/><INIT seed="0,0,0,4,1,17" ten="250,250,250,250" oya="0" hai0="69,118,40,31,125,115,75,85,91,126,134,87,96" hai1="131,9,32,135,37,104,11,83,66,57,100,92,130" hai2="133,103,12,50,23,67,105,82,119,86,61,59,38" hai3="73,46,27,108,95,7,30,102,114,58,80,70,72"/><T65/><D115/><U4/><E37/><V33/><F38/><W106/><G70/><T74/><D40/><U94/><E32/><V48/><F33/><W20/><G106/><T97/><D31/><U127/><E127/><N who="0" m="48649" /><D65/><U110/><E110/><V117/><F133/><W129/><G114/><T62/><D62/><N who="1" m="38223" /><E135/><V34/><F34/><W52/><G108/><T16/><D69/><U13/><E83/><V107/><F50/><W77/><G129/><N who="1" m="49162" /><E11/><V124/><F124/><W26/><G7/><T45/><D45/><U39/><E39/><V116/><F48/><W78/><G46/><T56/><D56/><U49/><E49/><V28/><F103/><W84/><G27/><T54/><D54/><U89/><E89/><N who="2" m="51415" /><F28/><W113/><G78/><T55/><D55/><U63/><E63/><V42/><F42/><W111/><G111/><T25/><D134/><U122/><E122/><V5/><F5/><W53/><G53/><T109/><D109/><U93/><E104/><V68/><F68/><W121/><G121/><T101/><D91/><U14/><E100/><V6/><F6/><W41/><G41/><T60/><D60/><U76/><E76/><V128/><F128/><W71/><G71/><T123/><D123/><U36/><E36/><V19/><AGARI ba="0,0" hai="12,19,23,59,61,67,105,107,116,117,119" m="51415" machi="19" ten="40,2700,0" yaku="12,1,52,1" doraHai="17" who="2" fromWho="2" sc="250,-13,250,-7,250,27,250,-7" /><INIT seed="1,0,0,0,0,19" ten="237,243,277,243" oya="1" hai0="89,27,73,121,65,87,67,92,113,31,130,62,109" hai1="134,41,45,116,112,96,111,24,74,12,69,15,131" hai2="43,127,46,114,82,40,35,13,54,2,56,44,91" hai3="30,78,28,8,57,11,93,122,79,100,83,101,23"/><U71/><E112/><V26/><F2/><W66/><G122/><T106/><D113/><U29/><E116/><V16/><F127/><W119/><G119/><T115/><D115/><U97/><E74/><V1/><F1/><W84/><G79/><T90/><D121/><U120/><E120/><V118/><F118/><W95/><G57/><T20/><D109/><U88/><E111/><V17/><F114/><W4/><G66/><T123/><D123/><U53/><E53/><V85/><F35/><W36/><G36/><T77/><D130/><U25/><E131/><V125/><F17/><W133/><G133/><T86/><D106/><U104/><E134/><V21/><F26/><N who="3" m="16479" /><G30/><T75/><D77/><U9/><E104/><V68/><F68/><W72/><G72/><T52/><D75/><U135/><E135/><V6/><F6/><W107/><G107/><T61/><D73/><U80/><E71/><V129/><F129/><W63/><G63/><N who="0" m="24075" /><D52/><U18/><E69/><V76/><F125/><W7/><G7/><T60/><N who="0" m="24083" /><T42/><DORA hai="98" /><D42/><N who="2" m="15914" /><F76/><W37/><G37/><T5/><D5/><N who="1" m="3119" /><E41/><V70/><F70/><W51/><G51/><AGARI ba="0,0" hai="13,16,21,44,46,51,54,56,82,85,91" m="15914" machi="51" ten="30,3900,0" yaku="8,1,52,1,54,1" doraHai="19,98" who="2" fromWho="3" sc="237,0,243,0,277,39,243,-39" /><INIT seed="2,0,0,2,1,130" ten="237,243,316,204" oya="2" hai0="0,46,101,102,68,123,55,63,53,47,28,52,77" hai1="14,24,17,115,45,65,84,21,42,135,112,98,107" hai2="49,71,127,82,76,69,128,114,25,6,57,74,92" hai3="73,4,20,110,111,27,109,7,79,86,91,23,13"/><V72/><F114/><W48/><G79/><T134/><D0/><U78/><E65/><V66/><F128/><W26/><G73/><T61/><D77/><U9/><E135/><V3/><F74/><W30/><G48/><T126/><D123/><U106/><E112/><V41/><F127/><W131/><G131/><T34/><D126/><U64/><E64/><V97/><F25/><W1/><G1/><T15/><D134/><U33/><E33/><V18/><F18/><N who="3" m="10319" /><G86/><T35/><D15/><U99/><E115/><V31/><F31/><N who="3" m="17887" /><G91/><T51/><D28/><U132/><E132/><V43/><F6/><W103/><G103/><N who="0" m="39435" /><D51/><N who="1" m="27063" /><E107/><V121/><F3/><W129/><G129/><T50/><D50/><U116/><E106/><V93/><F71/><W2/><G2/><T83/><D68/><U8/><E116/><V89/><F69/><W124/><G124/><T94/><D83/><N who="1" m="47223" /><E9/><V44/><F72/><W120/><G120/><T22/><D94/><U100/><E100/><V108/><F93/><W54/><G54/><T40/><D22/><AGARI ba="0,0" hai="4,7,22,27,30,109,110,111" m="17887,10319" machi="22" ten="30,3900,0" yaku="14,1,34,2" doraHai="130" who="3" fromWho="0" sc="237,-39,243,0,316,0,204,39" /><INIT seed="3,0,0,3,3,81" ten="198,243,316,243" oya="3" hai0="92,56,100,91,121,122,126,0,116,21,107,85,5" hai1="125,77,119,46,54,104,129,24,52,86,1,62,42" hai2="3,9,14,11,64,31,128,48,79,20,16,8,117" hai3="38,110,130,99,132,101,105,108,71,135,23,113,120"/><W118/><G113/><T95/><D116/><U83/><E104/><V28/><F128/><W87/><G118/><T35/><D35/><U22/><E1/><V43/><F3/><W36/><G120/><T134/><D107/><U58/><E119/><V39/><F39/><N who="3" m="14891" /><G71/><T60/><D126/><U109/><E109/><N who="3" m="42090" /><G130/><T53/><D134/><N who="3" m="51241" /><G87/><T15/><D0/><U131/><E125/><V133/><F117/><W106/><G106/><T34/><D34/><U2/><E2/><V96/><F133/><W124/><G23/><T73/><D73/><U89/><E131/><V76/><F20/><W13/><G13/><T33/><D33/><U68/><E68/><V69/><F14/><W10/><G124/><T80/><D95/><U49/><E129/><V45/><F69/><W12/><G12/><T88/><D100/><U6/><E6/><V98/><F11/><AGARI ba="0,0" hai="10,11,99,101,105" m="51241,42090,14891" machi="11" ten="40,7700,0" yaku="14,1,10,1,20,1" doraHai="81" who="3" fromWho="2" sc="198,0,243,0,316,-77,243,77" owari="198,-30.2,243,4.3,239,-16.1,320,42.0" /></mjloggm>