<mjloggm ver="2.3"><GO type="225" lobby="0"/><UN n0="%E3%81%BD%E3%81%A1%E3%81%9F%E3%81%93%E3%82%84" n1="%E7%8D%85%E5%AD%90%E5%BA%A7%E3%81%8B%E3%81%A3%E3%81%B4%E3%83%BC" n2="%E3%82%A4%E3%82%AD%E3%83%AA" n3="%E3%82%BC%E3%83%AB%E3%83%80%E3%81%AE%E4%BC%9D%E8%AA%AC" dan="17,16,16,17" rate="2189.19,2138.61,2065.09,2125.40" sx="M,M,M,M"/><TAIKYOKU oya="0"/><INIT seed="0,0,0,0,2,64" ten="250,250,250,250" oya="0" hai0="98,78,85,65,46,87,121,116,28,38,34,76,30" hai1="5,75,35,99,102,48,7,125,107,53,27,62,20" hai2="40,80,118,68,54,58,117,128,81,29,24,109,59" hai3="0,112,71,104,77,17,36,70,25,6,49,89,124"/><T130/><D116/><N who="2" m="44650" /><F109/><W122/><G112/><T129/><D121/><U33/><E125/><V19/><F128/><N who="0" m="49258" /><D65/><U119/><E119/><V15/><F40/><W22/><G36/><T105/><D38/><U11/><E75/><V106/><F106/><W103/><G77/><N who="0" m="29803" /><D46/><U69/><E5/><V50/><F68/><N who="3" m="26155" /><G49/><T108/><D108/><U92/><E107/><V9/><F59/><W42/><G42/><T60/><D60/><U115/><E115/><V31/><F31/><N who="0" m="11818" /><D34/><AGARI ba="0,0" hai="9,15,19,24,29,34,50,54,58,80,81" m="44650" machi="34" ten="30,1000,0" yaku="12,1" doraHai="64" who="2" fromWho="0" sc="250,-10,250,0,250,10,250,0" /><INIT seed="1,0,0,0,5,3" ten="240,250,260,250" oya="1" hai0="14,63,39,102,90,71,107,119,21,135,70,81,40" hai1="37,132,18,38,91,44,84,79,28,125,56,2,32" hai2="86,114,83,41,122,26,54,104,113,124,94,87,13" hai3="76,111,23,77,42,133,55,49,97,47,43,72,24"/><U46/><E79/><V74/><F104/><W121/><G121/><T75/><D119/><U5/><E125/><V69/><F122/><W48/><G111/><T82/><D135/><U8/><E132/><V89/><F69/><W25/><G133/><T62/><D75/><U128/><E128/><V30/><F124/><W109/><G109/><T100/><D107/><U120/><E120/><V85/><F41/><W1/><G1/><T118/><D40/><U45/><E56/><V129/><F129/><W64/><G64/><T31/><D39/><U15/><E28/><V0/><F0/><W12/><G72/><T126/><D118/><U115/><E32/><V99/><F54/><W110/><G110/><T52/><D126/><U127/><E115/><N who="2" m="44043" /><F13/><W106/><G106/><T123/><D123/><U95/><REACH who="1" step="1"/><E127/><REACH who="1" ten="240,240,260,250" step="2"/><V58/><F58/><W36/><G36/><T34/><D34/><U57/><E57/><V98/><F74/><W66/><G77/><T10/><D71/><U134/><E134/><V51/><F51/><W130/><G76/><T4/><D70/><U11/><AGARI ba="0,1" hai="2,5,8,11,15,18,37,38,44,45,46,84,91,95" machi="11" ten="30,6000,0" yaku="1,1,0,1,52,1,53,0" doraHai="3" doraHaiUra="53" who="1" fromWho="1" sc="240,-20,240,70,260,-20,250,-20" /><INIT seed="1,1,0,2,0,0" ten="220,310,240,230" oya="1" hai0="67,63,36,134,104,20,73,113,41,50,54,60,16" hai1="8,114,17,69,61,79,97,82,47,30,58,112,88" hai2="126,75,22,48,52,108,51,117,84,111,21,56,3" hai3="26,89,64,42,132,86,34,87,11,57,110,74,127"/><U120/><E69/><V92/><F75/><W43/><G74/><T45/><D113/><U10/><E120/><V80/><F117/><W119/><G119/><T29/><D134/><U109/><E30/><V14/><F3/><W71/><G71/><T44/><D104/><U24/><E109/><N who="2" m="42059" /><F126/><W93/><G110/><T66/><D29/><U38/><E8/><V13/><F92/><W121/><G121/><T116/><D73/><U77/><E77/><N who="2" m="46095" /><F51/><W46/><G132/><T25/><REACH who="0" step="1"/><D116/><REACH who="0" ten="210,310,240,230" step="2"/><U65/><E114/><V55/><F55/><W32/><G127/><T102/><D102/><U115/><E112/><V91/><F91/><W118/><G89/><T128/><D128/><U99/><E115/><V133/><F133/><W31/><G118/><T49/><D49/><U37/><E37/><V85/><F85/><W94/><G87/><T103/><D103/><U83/><E88/><V131/><F131/><W59/><G86/><T23/><D23/><AGARI ba="1,1" hai="13,14,21,22,23,48,52,56" m="46095,42059" machi="23" ten="30,2000,0" yaku="14,1,54,1" doraHai="0" who="2" fromWho="0" sc="210,-23,310,0,240,33,230,0" /><INIT seed="2,0,0,3,1,125" ten="187,310,273,230" oya="2" hai0="67,50,69,25,76,93,36,128,43,68,44,114,53" hai1="118,126,132,115,26,90,42,31,99,100,27,10,61" hai2="87,106,16,32,102,4,116,18,108,75,92,78,62" hai3="88,41,46,103,104,57,7,38,85,98,74,119,84"/><V12/><F116/><W1/><G119/><T3/><D3/><U71/><E118/><V109/><F32/><W96/><G74/><T105/><D105/><U34/><E115/><V0/><F0/><W131/><G131/><T97/><D114/><U73/><E73/><V47/><F106/><W77/><G77/><T23/><D76/><U35/><E126/><V40/><F75/><W82/><G57/><T134/><D134/><U8/><E132/><V66/><F102/><W55/><G55/><T33/><D33/><U54/><E90/><N who="2" m="53343" /><F12/><W113/><G113/><T17/><D67/><U60/><E42/><V6/><F6/><W21/><G21/><T91/><REACH who="0" step="1"/><D128/><REACH who="0" ten="177,310,273,230" step="2"/><U29/><E71/><V135/><F78/><W9/><G85/><T72/><D72/><U70/><E70/><V52/><F66/><W81/><G98/><T133/><D133/><U120/><E120/><V64/><F64/><W80/><AGARI ba="0,1" hai="1,7,9,38,41,46,80,81,82,84,88,96,103,104" machi="80" ten="20,2700,0" yaku="0,1,7,1,54,1" doraHai="125" who="3" fromWho="3" sc="177,-7,310,-7,273,-13,230,37" /><INIT seed="3,0,0,3,5,47" ten="170,303,260,267" oya="3" hai0="63,100,69,67,4,75,34,33,2,83,76,88,92" hai1="51,59,18,65,29,127,134,72,77,5,56,118,86" hai2="27,96,61,36,129,12,91,114,68,50,115,62,110" hai3="87,24,54,22,38,45,116,81,132,101,82,97,130"/><W98/><G116/><T30/><D30/><U122/><E72/><V70/><F36/><W7/><G132/><T48/><D100/><U95/><E122/><V78/><F78/><W99/><G130/><T106/><D106/><U124/><E118/><V117/><F117/><W89/><G7/><T31/><D31/><U133/><E29/><V121/><F27/><W49/><G38/><T42/><D4/><U28/><E28/><V3/><F3/><W135/><G135/><N who="1" m="51722" /><E5/><V17/><F12/><W9/><G9/><T14/><D14/><U44/><E18/><V40/><F17/><N who="3" m="12367" /><G82/><T109/><D109/><U13/><E13/><V52/><F70/><W131/><G131/><T126/><D126/><N who="1" m="48171" /><E65/><V32/><F110/><W102/><AGARI ba="0,0" hai="45,49,54,81,87,89,97,98,99,101,102" m="12367" machi="102" ten="30,3000,0" yaku="8,1,52,1" doraHai="47" who="3" fromWho="3" sc="170,-10,303,-10,260,-10,267,30" /><INIT seed="3,1,0,4,0,110" ten="160,293,250,297" oya="3" hai0="103,16,89,83,44,45,27,29,81,22,50,18,115" hai1="128,9,34,66,3,127,11,120,116,10,15,19,133" hai2="57,40,107,23,49,55,135,13,56,60,111,96,38" hai3="74,101,75,102,114,42,63,130,53,78,112,7,72"/><W97/><G42/><T98/><D115/><N who="3" m="44073" /><G7/><T43/><D83/><U26/><E66/><V91/><F111/><W122/><G53/><T119/><D119/><U61/><E61/><V121/><F135/><W100/><G63/><T108/><D108/><U48/><E48/><V77/><F91/><W123/><G130/><T33/><D33/><U82/><E82/><V88/><F88/><W14/><G14/><T25/><D25/><U118/><E133/><V67/><F96/><W92/><G78/><T105/><REACH who="0" step="1"/><D45/><REACH who="0" ten="150,293,250,297" step="2"/><U95/><E118/><V134/><F134/><W65/><G65/><T99/><D99/><U132/><E116/><V31/><F67/><W124/><G124/><T24/><D24/><U93/><E127/><V76/><F76/><W70/><G70/><T6/><D6/><U17/><E132/><V8/><F77/><W5/><G5/><T59/><D59/><U79/><E79/><V80/><F57/><W1/><G1/><T21/><D21/><U28/><E128/><V84/><F23/><W85/><G85/><AGARI ba="1,1" hai="16,18,22,27,29,43,44,50,81,85,89,98,103,105" machi="85" ten="40,2600,0" yaku="1,1,54,1,53,0" doraHai="110" doraHaiUra="2" who="0" fromWho="3" sc="150,39,293,0,250,0,297,-29" /><INIT seed="4,0,0,2,0,33" ten="189,293,250,268" oya="0" hai0="65,22,62,92,110,94,86,85,35,103,25,84,59" hai1="96,37,7,40,48,121,90,91,98,87,41,93,82" hai2="42,95,129,30,72,126,26,131,134,79,116,67,56" hai3="10,73,43,5,89,104,61,9,14,122,63,6,107"/><T31/><D110/><U78/><E37/><V53/><F134/><W8/><G73/><T111/><D111/><U23/><E121/><V39/><F126/><W51/><G122/><T2/><D35/><U32/><E32/><V47/><F67/><W127/><G127/><T11/><REACH who="0" step="1"/><D103/><REACH who="0" ten="179,293,250,268" step="2"/><U118/><E118/><V3/><F116/><W24/><G107/><T54/><D54/><U108/><E108/><V117/><F117/><W12/><G104/><T38/><D38/><U69/><E69/><V124/><F124/><W115/><G115/><T18/><D18/><U114/><E114/><V81/><F3/><W130/><G130/><T52/><D52/><U28/><E7/><AGARI ba="0,1" hai="2,7,11,22,25,31,59,62,65,84,85,86,92,94" machi="7" ten="40,3900,0" yaku="1,1,52,1,53,0" doraHai="33" doraHaiUra="106" who="0" fromWho="1" sc="179,49,293,-39,250,0,268,0" /><INIT seed="4,1,0,4,3,121" ten="228,254,250,268" oya="0" hai0="48,105,15,118,8,47,98,1,104,50,116,68,128" hai1="35,63,45,13,97,3,9,119,69,115,4,70,109" hai2="31,49,14,56,18,120,94,103,64,76,62,84,30" hai3="23,6,61,66,46,102,54,114,126,117,91,124,125"/><T12/><D128/><U99/><E119/><N who="0" m="45609" /><D68/><U11/><E35/><V44/><F120/><W92/><G117/><T2/><D98/><U77/><E77/><V93/><F76/><W108/><G114/><T58/><D58/><U53/><E115/><V39/><F39/><W28/><G6/><T21/><D21/><U59/><E45/><V83/><F83/><W24/><G102/><T19/><D47/><U40/><E40/><N who="2" m="24711" /><F103/><W82/><G82/><T113/><D19/><U29/><E29/><N who="2" m="10763" /><F84/><N who="3" m="52327" /><G46/><T86/><D86/><U32/><E32/><V107/><F107/><N who="0" m="41034" /><D8/><AGARI ba="1,0" hai="8,14,18,56,62,64,93,94" m="10763,24711" machi="8" ten="30,1000,0" yaku="8,1" doraHai="121" who="2" fromWho="0" sc="228,-13,254,0,250,13,268,0" /><INIT seed="5,0,0,5,1,91" ten="215,254,263,268" oya="1" hai0="114,33,59,126,42,60,111,70,30,18,21,57,0" hai1="40,121,51,79,80,106,17,104,86,127,73,98,61" hai2="9,14,19,83,62,2,107,76,15,85,93,3,11" hai3="72,94,32,122,16,101,8,71,95,81,41,133,109"/><U13/><E121/><V115/><F107/><W105/><G109/><T99/><D111/><U128/><E128/><V67/><F115/><W74/><G122/><T36/><D114/><U112/><E112/><V124/><F124/><W120/><G120/><T129/><D126/><U84/><E127/><V37/><F37/><W45/><G32/><T78/><D0/><U23/><E61/><V49/><F49/><W134/><G71/><T110/><D110/><U12/><E12/><V58/><REACH who="2" step="1"/><F93/><REACH who="2" ten="215,254,253,268" step="2"/><W50/><G105/><T125/><D125/><U25/><E106/><V97/><F97/><N who="3" m="59575" /><G95/><T55/><D36/><U119/><E119/><V63/><F63/><W34/><G50/><T88/><D129/><U75/><E104/><V38/><F38/><W132/><G132/><T90/><D99/><U123/><E123/><V65/><F65/><W103/><G133/><T5/><D60/><U24/><E98/><V6/><AGARI ba="0,1" hai="2,3,6,9,11,14,15,19,58,62,67,76,83,85" machi="6" ten="20,8000,1" yaku="1,1,0,1,7,1,53,2" doraHai="91" doraHaiUra="10" who="2" fromWho="2" sc="215,-20,254,-40,253,90,268,-20" owari="195,-30.5,214,-18.6,343,44.3,248,4.8" /></mjloggm>