<mjloggm ver="2.3"><GO type="225" lobby="0"/><UN n0="%45%6C%79%73%69%75%6D" n1="%E5%91%A8%E6%9D%B1" n2="%E9%87%8E%E3%80%85%E5%AE%AE%E8%97%8D" n3="%E6%9C%88%E5%B3%B6%E5%9F%BA" dan="16,17,16,16" rate="2134.57,2190.82,2159.28,2127.79" sx="M,M,F,M"/><TAIKYOKU oya="0"/><INIT seed="0,0,0,0,1,7" ten="250,250,250,250" oya="0" hai0="48,28,84,118,71,62,44,83,134,34,67,131,69" hai1="52,58,70,42,63,81,74,19,94,40,26,122,54" hai2="8,27,86,11,15,111,120,12,89,55,117,30,106" hai3="10,41,20,45,78,91,125,59,47,96,90,98,2"/><T104/><D118/><U121/><E70/><V72/><F120/><W46/><G125/><T51/><D131/><U57/><E74/><V53/><F72/><W135/><G135/><T9/><D134/><U101/><E81/><V110/><F106/><W80/><G20/><T103/><D69/><U115/><E115/><V88/><F117/><W49/><G96/><T32/><D48/><U129/><E129/><V73/><F73/><W5/><G98/><T35/><D103/><U75/><E75/><V112/><F112/><W43/><G78/><T24/><D104/><U18/><E94/><N who="2" m="54551" /><F89/><W107/><G107/><T14/><D84/><U130/><E130/><V109/><F15/><N who="3" m="5583" /><G80/><T68/><D68/><U119/><E119/><V87/><F87/><W102/><G102/><T124/><D124/><U50/><E101/><V0/><F0/><W79/><G79/><T38/><D38/><U113/><E113/><V92/><F92/><W77/><G2/><T126/><D83/><U39/><E39/><V13/><F13/><W105/><G77/><T6/><REACH who="0" step="1"/><D126/><REACH who="0" ten="240,250,250,250" step="2"/><U123/><REACH who="1" step="1"/><E26/><REACH who="1" ten="240,240,250,250" step="2"/><V76/><F111/><W16/><G105/><T23/><D23/><U93/><E93/><V17/><F110/><W114/><G114/><T22/><D22/><U99/><E99/><V128/><F109/><W33/><G91/><T82/><D82/><U25/><E25/><V65/><F128/><W56/><G90/><T61/><D61/><U60/><E60/><V4/><F76/><W127/><G127/><T64/><D64/><U132/><E132/><V31/><F65/><W108/><G108/><RYUUKYOKU ba="0,2" sc="240,15,240,15,250,-15,250,-15" hai0="6,9,14,24,28,32,34,35,44,51,62,67,71" hai1="18,19,40,42,50,52,54,57,58,63,121,122,123" /><INIT seed="0,1,2,5,4,8" ten="255,255,235,235" oya="0" hai0="12,0,115,53,21,30,2,40,44,68,112,49,89" hai1="18,6,60,59,125,82,35,13,17,43,123,29,3" hai2="121,126,79,39,81,4,77,70,47,71,37,19,69" hai3="85,124,75,57,54,55,45,100,113,50,122,72,61"/><T127/><D127/><U1/><E123/><V32/><F121/><W90/><G122/><T131/><D131/><U107/><E107/><V135/><F126/><W86/><G113/><T46/><D68/><U103/><E103/><V106/><F106/><W31/><G124/><T96/><D0/><U66/><E125/><V63/><F32/><W88/><G100/><T109/><D2/><U23/><E43/><V129/><F129/><W9/><G31/><T27/><D109/><U11/><E82/><V120/><F120/><W132/><G132/><T108/><D108/><U10/><E29/><V83/><F4/><W118/><G118/><T58/><D46/><U119/><E35/><V7/><F7/><W91/><REACH who="3" step="1"/><G9/><REACH who="3" ten="255,255,235,225" step="2"/><T22/><D112/><U128/><E128/><V36/><F135/><W33/><G33/><T34/><D115/><U76/><E119/><V93/><F71/><W133/><G133/><T20/><D34/><U102/><E102/><V116/><F116/><W65/><G65/><T52/><D30/><U14/><E76/><V95/><F77/><W117/><G117/><T80/><D21/><U24/><AGARI ba="1,3" hai="1,3,6,10,11,13,14,17,18,23,24,59,60,66" machi="24" ten="20,5200,0" yaku="0,1,7,1,52,2" doraHai="8" who="1" fromWho="1" sc="255,-27,255,85,235,-14,225,-14" /><INIT seed="1,0,0,5,4,97" ten="228,340,221,211" oya="1" hai0="12,26,48,62,38,71,116,35,44,124,3,30,29" hai1="61,101,33,42,129,6,93,1,34,83,79,82,128" hai2="109,90,107,134,75,27,88,127,58,7,37,0,81" hai3="28,76,49,118,96,65,67,41,98,50,21,10,36"/><U56/><E42/><V108/><F37/><W47/><G118/><T94/><D116/><U13/><E1/><V105/><F127/><W84/><G36/><T25/><D124/><U77/><E6/><V131/><F131/><W106/><G10/><T8/><D38/><U117/><E13/><V69/><F69/><W80/><G50/><T121/><D121/><U73/><E117/><V74/><F58/><W89/><G96/><T70/><D3/><U17/><E17/><V64/><F64/><W63/><G63/><T72/><D72/><N who="2" m="27690" /><F27/><N who="3" m="16495" /><G106/><N who="2" m="40457" /><F7/><W100/><G100/><T123/><D123/><U110/><E129/><V119/><F0/><W102/><G102/><T91/><D62/><U43/><E61/><V132/><F119/><W32/><G32/><T55/><D26/><U54/><E33/><V78/><F78/><W112/><G112/><T126/><D29/><U23/><E77/><V22/><F22/><W45/><G45/><T125/><D125/><U18/><E79/><V9/><F9/><W68/><G68/><T86/><D126/><U66/><E34/><V4/><F4/><AGARI ba="0,0" hai="4,8,12,25,30,35,44,48,55,70,71,86,91,94" machi="4" ten="30,1000,0" yaku="7,1" doraHai="97" who="0" fromWho="2" sc="228,10,340,0,221,-10,211,0" /><INIT seed="2,0,0,5,3,121" ten="238,340,211,211" oya="2" hai0="100,3,55,47,69,63,28,98,123,112,132,71,10" hai1="16,76,106,32,116,33,22,26,15,24,103,64,107" hai2="80,49,91,12,51,21,127,45,60,126,44,66,124" hai3="89,18,119,130,82,105,104,4,43,129,86,120,115"/><V81/><F12/><W46/><G120/><T108/><D112/><U84/><E116/><V122/><F122/><W114/><G4/><T118/><D123/><U94/><E64/><V11/><F11/><W72/><G18/><T29/><D118/><U1/><E1/><V58/><F21/><W39/><G119/><T117/><D117/><U97/><E76/><V93/><F51/><W101/><G72/><T113/><D113/><N who="3" m="43017" /><G101/><T36/><D71/><U52/><E84/><V54/><REACH who="2" step="1"/><F45/><REACH who="2" ten="238,340,201,211" step="2"/><W41/><G41/><T40/><D10/><U133/><E15/><V70/><F70/><W77/><G77/><T85/><D69/><U109/><E22/><V87/><AGARI ba="0,1" hai="44,49,54,58,60,66,80,81,87,91,93,124,126,127" machi="87" ten="30,6000,0" yaku="1,1,0,1,18,1,53,0" doraHai="121" doraHaiUra="111" who="2" fromWho="2" sc="238,-20,340,-20,201,70,211,-20" /><INIT seed="2,1,0,2,5,32" ten="218,320,271,191" oya="2" hai0="34,16,131,59,53,64,79,118,45,133,68,124,22" hai1="115,4,7,37,5,112,51,127,120,89,132,125,23" hai2="81,113,122,29,102,14,44,128,108,28,70,99,50" hai3="40,135,20,6,61,9,90,49,42,109,47,33,75"/><V38/><F113/><N who="1" m="43593" /><E37/><V87/><F122/><W85/><G33/><T84/><D34/><U13/><E89/><V25/><F70/><W54/><G75/><T19/><D131/><U91/><E91/><V83/><F38/><W88/><G109/><T62/><D133/><U15/><E51/><V78/><F128/><W130/><G135/><T72/><D72/><U3/><E132/><V11/><F83/><W82/><G130/><T48/><D124/><N who="1" m="47691" /><E120/><V26/><F29/><W56/><G20/><T116/><D45/><U10/><E13/><V8/><F108/><W97/><G97/><T121/><D121/><U111/><E111/><V36/><F36/><W58/><G58/><T73/><D73/><U126/><E126/><V134/><F134/><W95/><G90/><T100/><D100/><U106/><E106/><V77/><F77/><W105/><G105/><T92/><D79/><U94/><E94/><N who="2" m="58743" /><F14/><W114/><G114/><T110/><D110/><U71/><E71/><V123/><F123/><W101/><G101/><T41/><D84/><U17/><AGARI ba="1,0" hai="3,4,5,7,10,15,17,23" m="47691,43593" machi="17" ten="40,8000,1" yaku="18,1,34,2,52,1" doraHai="32" who="1" fromWho="1" sc="218,-21,320,83,271,-41,191,-21" /><INIT seed="3,0,0,3,1,0" ten="197,403,230,170" oya="3" hai0="75,19,132,66,129,63,123,81,59,56,18,35,5" hai1="91,76,25,89,82,68,102,41,101,133,70,43,96" hai2="53,54,26,77,58,3,130,1,103,40,55,6,134" hai3="57,73,131,27,8,121,11,127,95,78,118,49,125"/><W10/><G118/><T71/><D123/><U44/><E133/><V42/><F134/><W74/><G121/><T111/><D132/><U38/><E43/><V69/><F69/><W97/><G78/><T100/><D35/><U32/><E101/><V128/><F103/><N who="3" m="60863" /><G27/><T65/><D111/><U105/><E91/><V126/><F126/><N who="3" m="48139" /><G131/><N who="2" m="50217" /><F77/><W52/><AGARI ba="0,0" hai="8,10,11,49,52,57,73,74" m="48139,60863" machi="52" ten="40,3900,0" yaku="18,1,54,1" doraHai="0" who="3" fromWho="3" sc="197,-13,403,-13,230,-13,170,39" /><INIT seed="3,1,0,0,2,53" ten="184,390,217,209" oya="3" hai0="96,43,99,4,110,30,124,72,28,38,23,36,116" hai1="58,55,134,47,24,78,5,105,18,127,16,37,87" hai2="111,125,0,107,95,45,56,17,69,51,118,41,11" hai3="117,68,130,2,101,83,57,122,29,39,82,123,89"/><W34/><G117/><T108/><D116/><U132/><E105/><V31/><F107/><W106/><G68/><T71/><D71/><U112/><E112/><V88/><F69/><W26/><G39/><N who="0" m="14891" /><D4/><U67/><E127/><V90/><F118/><W49/><G2/><T22/><D43/><N who="1" m="23023" /><E67/><V129/><F125/><W98/><G130/><T8/><D8/><U9/><E24/><V104/><F111/><N who="0" m="42538" /><D72/><U115/><E87/><V119/><F129/><W91/><G122/><T85/><D85/><U81/><E115/><V133/><F0/><W128/><G123/><T1/><D1/><U64/><E64/><V6/><F6/><W100/><G128/><T74/><D74/><U131/><E81/><V27/><F119/><W65/><G83/><T102/><D124/><U120/><E78/><V62/><F62/><N who="3" m="38095" /><G82/><T42/><D42/><U113/><E113/><V66/><F41/><W48/><G48/><T93/><D99/><U70/><E70/><V80/><F51/><W73/><G49/><T10/><D10/><U61/><E120/><V94/><F11/><W121/><G73/><T84/><D84/><U75/><E75/><V92/><F80/><W79/><G121/><T114/><D114/><U46/><E131/><V12/><F104/><N who="3" m="63511" /><G79/><T35/><D35/><U54/><E46/><V15/><F45/><W7/><G7/><T76/><D76/><U3/><E54/><V77/><F77/><W44/><G44/><T52/><D52/><U21/><E21/><N who="2" m="15855" /><F66/><W63/><G63/><T126/><D126/><U32/><E32/><V109/><F109/><W14/><G14/><RYUUKYOKU ba="1,0" sc="184,10,390,10,217,-30,209,10" hai0="22,23,28,30,93,96,102" hai1="3,5,9,16,18,55,58,61,132,134" hai3="26,29,34,89,91,101,106" /><INIT seed="3,2,0,3,1,133" ten="194,400,187,219" oya="3" hai0="47,49,84,40,71,17,135,13,81,10,92,44,85" hai1="43,52,113,118,94,59,128,88,31,42,107,22,53" hai2="36,7,20,51,100,123,93,82,34,15,6,95,9" hai3="98,45,125,79,41,0,24,55,3,56,65,110,5"/><W117/><G117/><T132/><D71/><U111/><E107/><V112/><F36/><W76/><G65/><T14/><D92/><N who="2" m="35402" /><F34/><W75/><G110/><T61/><D61/><U108/><E113/><V39/><F39/><N who="3" m="21695" /><G98/><T114/><D114/><U11/><E53/><V30/><F112/><W37/><G76/><T16/><D47/><U58/><E58/><V1/><F1/><W91/><G91/><T12/><D12/><U29/><E118/><V87/><F123/><W129/><G37/><T63/><D63/><U78/><E78/><N who="2" m="46551" /><F100/><W83/><G24/><T35/><D35/><U67/><E67/><V21/><F51/><N who="3" m="30847" /><G129/><T134/><D81/><U32/><E128/><V62/><F62/><W60/><G60/><T101/><D101/><U33/><E111/><V126/><F126/><W4/><G125/><T109/><D109/><U77/><E77/><V86/><F86/><W116/><G116/><T19/><D14/><U90/><E108/><V99/><F99/><W105/><G105/><T122/><D122/><U70/><E90/><V104/><F104/><W131/><G131/><T103/><D103/><U120/><E88/><V72/><F72/><W64/><G64/><T66/><D66/><U106/><E120/><V74/><F74/><W124/><G124/><T50/><D50/><U89/><E89/><V97/><F97/><W69/><G69/><T2/><D2/><U27/><E70/><V8/><F30/><W48/><G48/><T57/><D57/><U23/><E106/><V96/><F96/><W73/><G73/><T25/><D25/><U127/><E27/><RYUUKYOKU ba="2,0" sc="194,10,400,-30,187,10,219,10" hai0="10,13,16,17,19,40,44,49,84,85,132,134,135" hai2="6,7,8,9,15,20,21" hai3="0,3,4,5,75,79,83" /><INIT seed="3,3,0,3,0,65" ten="204,370,197,229" oya="3" hai0="94,126,20,106,78,17,105,60,74,102,81,120,133" hai1="49,93,26,56,39,6,95,11,100,40,99,38,55" hai2="4,24,25,37,63,87,77,59,121,12,92,116,128" hai3="79,41,115,125,82,19,10,124,53,62,131,97,47"/><W30/><G115/><T68/><D120/><U69/><E69/><V72/><F116/><W34/><G131/><T35/><D35/><U91/><E26/><N who="2" m="10347" /><F37/><N who="3" m="21935" /><G30/><T18/><D18/><U119/><E40/><V101/><F128/><W64/><G34/><T117/><D117/><U134/><E134/><V73/><F121/><W90/><G53/><T118/><D118/><U130/><E130/><V109/><F109/><W33/><G90/><T23/><D133/><U3/><E119/><V36/><F36/><W7/><G19/><T9/><D105/><U83/><E83/><N who="2" m="47599" /><F73/><N who="3" m="43375" /><G97/><AGARI ba="3,0" hai="3,6,11,38,39,49,55,56,91,93,95,97,99,100" machi="97" ten="30,1000,0" yaku="7,1" doraHai="65" who="1" fromWho="3" sc="204,0,370,19,197,0,229,-19" owari="204,-19.6,389,48.9,197,-30.3,210,1.0" /></mjloggm>