<mjloggm ver="2.3"><GO type="225" lobby="0"/><UN n0="%E6%81%A5%E6%99%92%E3%81%97" n1="%E7%99%BD%E9%9B%AA%E4%B9%83%E6%84%9B" n2="%E9%97%98%E5%B0%86%E3%81%A0%E3%82%93%E3%81%A7%E3%81%83" n3="%E9%B3%B3%E6%9D%B1%E3%81%AE%E3%81%BF%E3%81%91%E3%81%AB%E3%82%83%E3%82%93" dan="16,16,16,16" rate="2121.44,2058.62,2086.81,2151.97" sx="M,F,M,F"/><TAIKYOKU oya="0"/><INIT seed="0,0,0,4,3,17" ten="250,250,250,250" oya="0" hai0="95,31,72,67,4,55,6,56,9,45,103,10,92" hai1="29,68,113,62,42,71,133,20,119,118,37,23,2" hai2="122,34,12,91,28,126,73,50,65,99,93,48,61" hai3="135,27,86,8,90,74,109,57,127,78,106,38,5"/><T94/><D72/><U53/><E20/><V115/><F115/><W112/><G112/><T66/><D103/><U117/><E2/><V39/><F122/><W80/><G109/><T60/><D31/><U108/><E113/><V87/><F73/><W36/><G135/><T104/><D104/><U25/><E108/><V89/><F39/><W40/><G127/><T21/><D21/><U128/><E133/><V43/><F126/><W44/><G106/><T30/><D30/><U52/><E128/><V63/><F43/><W110/><G57/><T54/><D54/><U76/><E76/><V19/><F63/><W69/><G69/><T111/><D111/><U47/><REACH who="1" step="1"/><E71/><REACH who="1" ten="250,240,250,250" step="2"/><V97/><F34/><W125/><G125/><T134/><D134/><U101/><E101/><V129/><F28/><W81/><G110/><T70/><D70/><U22/><E22/><V41/><F129/><W11/><G27/><T130/><D130/><U107/><E107/><V83/><F12/><W13/><G11/><T105/><D105/><U116/><N who="1" m="29696" /><DORA hai="1" /><U14/><E14/><V35/><F35/><W96/><REACH who="3" step="1"/><G96/><REACH who="3" ten="250,240,250,240" step="2"/><T3/><REACH who="0" step="1"/><D45/><REACH who="0" ten="240,240,250,240" step="2"/><U51/><E51/><AGARI ba="0,3" hai="5,8,13,36,38,40,44,51,74,78,80,81,86,90" machi="51" ten="30,7700,0" yaku="1,1,2,1,7,1,52,1,53,0" doraHai="17,1" doraHaiUra="16,120" who="3" fromWho="1" sc="240,0,240,-77,250,0,240,107" /><INIT seed="1,0,0,4,4,109" ten="240,163,250,347" oya="1" hai0="39,135,47,122,38,36,119,72,110,121,27,6,96" hai1="86,70,68,90,124,120,44,76,11,50,67,101,78" hai2="16,42,82,93,0,74,18,64,22,24,31,111,4" hai3="62,23,115,108,32,85,13,7,2,59,14,131,98"/><U113/><E120/><N who="0" m="46185" /><D119/><U46/><E124/><V92/><F111/><W8/><G115/><T126/><D110/><U9/><E101/><V88/><F64/><W130/><G32/><T28/><D126/><U71/><E113/><V117/><F117/><W80/><G98/><T65/><D135/><U25/><E67/><V45/><F0/><W34/><G34/><N who="0" m="20767" /><D72/><U69/><N who="1" m="17408" /><DORA hai="40" /><U5/><E25/><V89/><F4/><W94/><G94/><T75/><D75/><U81/><E9/><V20/><F74/><W84/><G108/><T54/><D6/><U99/><E99/><V102/><F82/><W53/><G85/><T127/><D127/><U3/><REACH who="1" step="1"/><E44/><REACH who="1" ten="240,153,250,347" step="2"/><V63/><F45/><W66/><G66/><T30/><D65/><U83/><E83/><V12/><F24/><W41/><G80/><T35/><D96/><U56/><E56/><V33/><F102/><W118/><G59/><T128/><D47/><U73/><E73/><V104/><F93/><W10/><G10/><T58/><D58/><U26/><E26/><V132/><F92/><W52/><G8/><T100/><D100/><U105/><E105/><V123/><F104/><W17/><G118/><T57/><D57/><U133/><E133/><V43/><F132/><W49/><G2/><T37/><D35/><U106/><E106/><V91/><F123/><W60/><G13/><T19/><D30/><U15/><E15/><N who="2" m="9247" /><F63/><W116/><G60/><T61/><D61/><U125/><E125/><V95/><F95/><W55/><G62/><T77/><N who="0" m="9216" /><DORA hai="79" /><T29/><D29/><U129/><E129/><RYUUKYOKU ba="0,1" sc="240,-15,153,15,250,15,347,-15" hai1="3,5,11,46,50,76,78,81,86,90" hai2="12,18,22,31,33,42,43,88,89,91" /><INIT seed="1,1,1,3,4,24" ten="225,168,265,332" oya="1" hai0="95,44,18,22,34,0,107,78,134,10,114,62,89" hai1="127,74,76,75,63,59,55,54,88,12,17,105,49" hai2="93,135,64,47,8,121,92,65,43,128,91,109,35" hai3="39,81,130,66,56,94,97,41,133,21,32,61,46"/><U90/><E105/><V5/><F121/><W58/><G32/><T116/><D114/><U15/><E127/><V51/><F35/><W86/><G133/><T125/><D116/><U113/><E113/><V132/><F109/><W118/><G130/><T3/><D107/><U42/><E42/><V79/><F128/><W19/><G118/><T73/><D134/><N who="2" m="51242" /><F79/><W126/><G126/><T7/><D125/><U80/><E75/><V25/><F25/><W38/><G38/><T14/><D34/><U101/><E101/><V67/><F91/><W71/><G86/><T124/><D62/><U122/><E122/><V129/><F129/><W70/><G81/><T83/><D44/><U123/><E123/><V36/><F51/><W110/><G71/><T112/><D112/><U104/><E104/><V6/><F6/><W100/><G110/><T131/><D124/><U96/><E96/><V20/><F20/><W28/><G28/><T11/><D131/><U99/><E99/><V37/><F37/><W50/><G39/><T40/><D40/><U69/><E69/><V33/><F33/><W108/><G108/><T1/><REACH who="0" step="1"/><D11/><REACH who="0" ten="215,168,265,332" step="2"/><U85/><E74/><V87/><F43/><W45/><G45/><T4/><D4/><U27/><E27/><AGARI ba="1,2" hai="19,21,27,41,46,50,56,58,61,66,70,94,97,100" machi="27" ten="30,1000,0" yaku="7,1" doraHai="24" who="3" fromWho="1" sc="215,0,168,-13,265,0,332,33" /><INIT seed="2,0,0,3,0,103" ten="215,155,265,365" oya="2" hai0="112,1,66,16,94,4,128,95,69,55,126,5,118" hai1="124,38,40,106,26,27,135,18,0,129,62,42,123" hai2="87,29,10,125,65,132,33,58,61,131,75,84,73" hai3="98,81,117,52,37,83,24,107,8,49,36,50,74"/><V77/><F131/><W31/><G117/><T70/><D112/><U86/><E86/><V13/><F132/><W68/><G68/><T93/><D128/><U20/><E62/><V60/><F125/><W114/><G50/><T12/><D126/><U121/><E124/><V14/><F33/><W41/><G41/><T45/><D118/><U92/><E129/><V34/><F34/><W80/><G74/><T122/><D122/><U79/><E135/><V43/><F29/><W67/><G67/><T9/><D66/><U88/><E0/><V91/><F43/><N who="1" m="16425" /><E79/><V72/><F61/><W53/><G53/><T134/><D134/><U32/><E38/><V28/><F28/><W64/><G64/><T115/><D115/><U57/><E57/><V116/><F116/><W54/><G54/><T71/><REACH who="0" step="1"/><D1/><REACH who="0" ten="205,155,265,365" step="2"/><U127/><E127/><V82/><REACH who="2" step="1"/><F10/><REACH who="2" ten="205,155,255,365" step="2"/><W120/><G8/><T104/><D104/><U119/><E106/><V22/><F22/><W96/><G107/><T6/><D6/><U90/><E119/><V97/><F97/><W3/><G98/><T130/><D130/><U48/><E123/><V21/><F21/><N who="3" m="15759" /><G96/><T39/><D39/><U25/><E121/><V109/><F109/><W63/><G120/><T30/><D30/><U105/><E32/><V99/><F99/><W15/><G37/><T110/><D110/><U35/><E105/><V46/><F46/><W85/><G36/><T56/><D56/><U76/><E35/><V100/><F100/><W17/><G114/><T23/><D23/><U2/><E20/><V11/><F11/><W111/><G111/><RYUUKYOKU ba="0,2" sc="205,15,155,-15,255,15,365,-15" hai0="4,5,9,12,16,45,55,69,70,71,93,94,95" hai2="13,14,58,60,65,72,73,75,77,82,84,87,91" /><INIT seed="2,1,2,5,4,67" ten="220,140,270,350" oya="2" hai0="101,134,121,103,114,60,1,38,127,122,100,33,58" hai1="4,15,106,56,9,26,130,25,28,133,32,81,74" hai2="120,48,63,20,34,45,73,86,116,53,123,119,135" hai3="115,118,54,30,111,35,113,128,47,40,83,108,77"/><V99/><F34/><W5/><G118/><N who="2" m="45097" /><F86/><N who="3" m="48495" /><G128/><T66/><D114/><N who="3" m="43529" /><G54/><T80/><D1/><U29/><E130/><V23/><F99/><W16/><G5/><T129/><D129/><U126/><E106/><V51/><F23/><W50/><G16/><T69/><D38/><U49/><E126/><V59/><F20/><W97/><G97/><T39/><D39/><U43/><E133/><V27/><F27/><AGARI ba="1,2" hai="27,30,35,40,47,50,108,111" m="43529,48495" machi="27" ten="30,1000,0" yaku="11,1" doraHai="67" who="3" fromWho="2" sc="220,0,140,0,270,-13,350,33" /><INIT seed="3,0,0,0,1,106" ten="220,140,257,383" oya="3" hai0="42,94,48,34,115,123,40,83,119,86,72,133,109" hai1="23,69,11,4,131,13,1,121,36,49,44,125,43" hai2="2,3,0,15,68,104,38,97,76,71,52,78,45" hai3="70,95,60,114,96,120,135,129,58,105,126,111,26"/><W89/><G70/><T22/><D119/><U51/><E131/><V30/><F3/><W110/><G114/><T63/><D34/><U128/><E125/><V25/><F15/><W74/><G74/><T134/><D123/><U100/><E128/><V27/><F52/><W53/><G129/><T81/><D115/><U127/><E121/><V87/><F87/><W77/><G77/><N who="0" m="44199" /><D94/><U91/><E127/><V57/><F57/><W19/><G135/><N who="0" m="51723" /><D48/><U17/><E100/><V10/><F104/><W28/><G19/><T20/><D63/><U75/><E69/><V113/><F30/><W66/><G53/><T16/><D22/><U93/><E93/><V54/><F54/><W59/><G59/><T46/><D46/><U107/><E91/><V116/><F76/><W7/><G7/><T55/><D55/><U73/><REACH who="1" step="1"/><E107/><REACH who="1" ten="220,130,257,383" step="2"/><V56/><F71/><W39/><G105/><T61/><D109/><U33/><E33/><V32/><F32/><W14/><G110/><T12/><D61/><U37/><E37/><V79/><F38/><W101/><G39/><T18/><D18/><U84/><E84/><V103/><F68/><W80/><G111/><T47/><D86/><U130/><E130/><V118/><F103/><W62/><G62/><T8/><D83/><U124/><E124/><V108/><F108/><W85/><G126/><T50/><D50/><AGARI ba="0,1" hai="1,4,11,13,17,23,36,43,44,49,50,51,73,75" machi="50" ten="40,8000,1" yaku="1,1,52,2,53,1" doraHai="106" doraHaiUra="41" who="1" fromWho="0" sc="220,-80,130,90,257,0,383,0" owari="140,-36.0,220,-18.0,257,5.7,383,48.3" /></mjloggm>