<mjloggm ver="2.3"><GO type="225" lobby="0"/><UN n0="%72%65%6E%6B%75%6E" n1="%72%61%6B%33" n2="%E7%99%BD%E5%80%89%E5%AF%9B%E4%B9%8B" n3="%E5%91%A8%E6%9D%B1" dan="17,16,16,17" rate="2223.80,2095.13,2114.99,2166.02" sx="M,M,M,M"/><TAIKYOKU oya="0"/><INIT seed="0,0,0,2,5,61" ten="250,250,250,250" oya="0" hai0="67,51,117,46,110,56,134,113,133,33,100,38,75" hai1="132,78,95,41,99,85,88,4,17,126,128,90,22" hai2="98,89,42,53,109,8,12,28,73,37,57,77,44" hai3="108,48,49,121,82,26,64,31,54,52,71,103,102"/><T39/><D33/><U130/><E4/><V80/><F109/><W35/><G108/><T34/><D34/><U79/><E41/><V10/><F28/><W127/><G127/><T50/><D75/><U32/><E32/><V66/><F66/><W72/><G121/><T13/><D13/><U18/><E126/><V25/><F25/><W106/><G82/><T2/><D2/><U122/><E122/><V97/><F89/><W6/><G6/><T14/><D14/><U114/><E132/><N who="0" m="50793" /><D100/><U112/><E22/><V19/><REACH who="2" step="1"/><F8/><REACH who="2" ten="250,250,240,250" step="2"/><W40/><G64/><T1/><D110/><U36/><E36/><V101/><F101/><W3/><G103/><T21/><D39/><U116/><E116/><V7/><F7/><W76/><G102/><T60/><D38/><U0/><E17/><V74/><F74/><W9/><G72/><T29/><D29/><U123/><E18/><V59/><F59/><W129/><G9/><T70/><D117/><U62/><E123/><V68/><F68/><W124/><G71/><T94/><D70/><U104/><E90/><V30/><F30/><W24/><G31/><T43/><D21/><U27/><E88/><V81/><F81/><W47/><G26/><T131/><D56/><U105/><E27/><V86/><F86/><W65/><G24/><T5/><D67/><U15/><E85/><V119/><F119/><W91/><G91/><T115/><D5/><U45/><E99/><V84/><F84/><W92/><G65/><T93/><D113/><U111/><E114/><V120/><F120/><W96/><G96/><T23/><D115/><RYUUKYOKU ba="0,1" sc="250,-10,250,-10,240,30,250,-10" hai2="10,12,19,37,42,44,53,57,73,77,80,97,98" /><INIT seed="1,1,1,4,2,133" ten="240,240,270,240" oya="1" hai0="68,99,78,19,32,15,124,56,34,118,102,71,129" hai1="81,33,76,11,2,31,66,88,48,59,55,14,4" hai2="106,44,43,72,35,58,103,67,18,16,132,65,97" hai3="128,101,126,107,117,123,54,8,84,86,111,96,13"/><U95/><E33/><N who="0" m="12905" /><D78/><U75/><E31/><V22/><F132/><W116/><G123/><T10/><D56/><U130/><E130/><V17/><F35/><W122/><G122/><T110/><D118/><N who="3" m="45673" /><G128/><T69/><D129/><U0/><REACH who="1" step="1"/><E66/><REACH who="1" ten="240,230,270,240" step="2"/><V61/><F67/><W104/><G111/><T64/><D64/><U51/><E51/><V90/><F72/><W57/><G126/><T108/><D124/><U45/><E45/><V46/><F46/><W41/><G107/><T92/><D71/><U127/><E127/><V77/><F77/><W52/><G41/><T50/><D50/><U119/><E119/><V26/><F90/><W53/><G57/><T74/><D74/><U63/><E63/><V12/><F26/><W36/><G36/><AGARI ba="1,2" hai="12,16,17,18,22,36,43,44,58,61,65,97,103,106" machi="36" ten="30,2000,0" yaku="7,1,54,1" doraHai="133" who="2" fromWho="3" sc="240,0,230,0,270,43,240,-23" /><INIT seed="2,0,0,3,1,22" ten="240,230,313,217" oya="2" hai0="69,54,88,96,47,59,116,10,95,99,18,36,52" hai1="29,128,107,110,121,30,43,98,58,62,104,6,32" hai2="78,44,23,135,122,49,2,28,85,26,17,39,55" hai3="1,3,81,0,105,87,45,97,33,93,101,106,112"/><V19/><F2/><W113/><G33/><T14/><D69/><U24/><E110/><V16/><F122/><W61/><G61/><T51/><D116/><U66/><E128/><V108/><F108/><W37/><G45/><T76/><D76/><U130/><E130/><V133/><F39/><W4/><G4/><T127/><D127/><U109/><E109/><V7/><F7/><W38/><G38/><T118/><D118/><U91/><E121/><V67/><F67/><W89/><REACH who="3" step="1"/><G37/><REACH who="3" ten="240,230,313,207" step="2"/><T125/><D125/><U71/><E6/><V35/><F35/><W115/><AGARI ba="0,1" hai="0,1,3,81,87,89,93,97,101,105,106,112,113,115" machi="115" ten="40,8000,1" yaku="1,1,2,1,0,1,11,1,53,0" doraHai="22" doraHaiUra="134" who="3" fromWho="3" sc="240,-20,230,-20,313,-40,207,90" /><INIT seed="3,0,0,1,0,18" ten="220,210,273,297" oya="3" hai0="44,131,55,17,114,61,108,37,28,21,42,48,65" hai1="26,14,122,10,82,30,90,75,77,96,40,121,1" hai2="5,81,43,32,25,111,89,7,70,135,9,63,13" hai3="59,80,86,83,115,15,116,109,62,102,104,6,98"/><W53/><G115/><T84/><D108/><U134/><E134/><V49/><F111/><W120/><G109/><T60/><D114/><U68/><E68/><V97/><F135/><W87/><G120/><T133/><D133/><U100/><E90/><V125/><F125/><W128/><G116/><T79/><D131/><U71/><E71/><V22/><F32/><W73/><G128/><T23/><D28/><U52/><E40/><V64/><F43/><W47/><G47/><T107/><D107/><U99/><E1/><V124/><F49/><W34/><G34/><T117/><D117/><U38/><E38/><V78/><F124/><W110/><G110/><T76/><D17/><U20/><E52/><V0/><F89/><W101/><G101/><T106/><D106/><U57/><E57/><V130/><F97/><W112/><G112/><T51/><D37/><U35/><E35/><V88/><F88/><W54/><G54/><T50/><D50/><U103/><E99/><V27/><F130/><W74/><G86/><T67/><D60/><U45/><E45/><V105/><F105/><W19/><G6/><T29/><D29/><U39/><E39/><V36/><F36/><W95/><G83/><N who="0" m="47207" /><D79/><U72/><E72/><N who="2" m="43207" /><F7/><W33/><G104/><T16/><D16/><N who="1" m="8279" /><E103/><V46/><F46/><W119/><G33/><T118/><D118/><U11/><E11/><V41/><F41/><W56/><G119/><T24/><D61/><U31/><E31/><V123/><F123/><N who="1" m="47113" /><E100/><V129/><F129/><W8/><G59/><N who="0" m="33279" /><D21/><U4/><E4/><V58/><F70/><W127/><G127/><RYUUKYOKU ba="0,0" sc="220,0,210,0,273,0,297,0" hai0="23,24,42,44,48,65,67" hai1="20,26,30,75,77,82,96" hai2="0,5,9,13,22,25,27,58,63,64" hai3="8,15,19,53,56,62,73,74,80,87,95,98,102" /><INIT seed="3,1,0,1,4,63" ten="220,210,273,297" oya="3" hai0="114,18,107,28,77,112,10,91,14,113,59,75,100" hai1="108,60,51,47,132,55,102,49,22,39,2,103,33" hai2="58,117,48,126,72,36,122,50,13,42,41,95,31" hai3="133,27,135,3,19,37,118,26,34,65,17,62,16"/><W134/><G37/><T94/><D28/><U89/><E33/><V69/><F72/><W125/><G118/><T70/><D70/><U73/><E39/><V80/><F69/><N who="3" m="42167" /><G125/><T12/><D107/><U54/><E73/><V8/><F117/><W52/><G3/><T115/><N who="0" m="28672" /><DORA hai="119" /><T11/><D100/><U116/><E116/><V96/><F126/><W98/><G34/><T53/><D75/><U86/><E2/><V15/><F36/><W45/><G98/><T29/><D29/><U129/><E108/><V130/><F31/><W57/><G45/><T61/><D77/><U109/><E109/><V85/><F130/><W1/><G1/><T40/><D40/><U20/><E129/><V106/><F106/><W82/><G82/><T92/><REACH who="0" step="1"/><D91/><REACH who="0" ten="210,210,273,297" step="2"/><U25/><E132/><V66/><F42/><W6/><G6/><AGARI ba="1,1" hai="6,10,11,12,14,18,53,59,61,92,94" m="28672" machi="6" ten="70,8000,1" yaku="1,1,2,1,11,1,53,1" doraHai="63,119" doraHaiUra="38,0" who="0" fromWho="3" sc="210,93,210,0,273,0,297,-83" owari="303,40.3,210,-29.0,273,7.3,214,-18.6" /></mjloggm>