<mjloggm ver="2.3"><GO type="225" lobby="0"/><UN n0="%E3%83%A9%E3%83%96%E3%83%AC%E3%83%BC" n1="%E4%B8%89%E5%88%86%E5%B0%8F%E5%83%A7" n2="%E3%83%94%E3%83%B3%E3%82%B5%E3%83%AD%E5%BA%97%E5%93%A1" n3="%70%68%65%6E%6F%6D%65" dan="16,16,17,16" rate="2140.16,2080.47,2259.03,2160.55" sx="M,M,M,M"/><TAIKYOKU oya="0"/><INIT seed="0,0,0,0,3,6" ten="250,250,250,250" oya="0" hai0="33,16,119,47,64,73,14,11,34,36,42,37,120" hai1="4,15,63,9,79,3,27,106,60,111,134,97,38" hai2="20,54,0,68,7,85,32,128,56,101,26,39,82" hai3="19,52,44,17,61,8,83,21,55,22,12,131,112"/><T62/><D119/><U122/><E38/><V71/><F39/><W94/><G112/><T10/><D120/><U59/><E122/><V18/><F128/><W46/><G131/><T24/><D73/><U93/><E106/><V108/><F108/><W31/><G83/><T49/><D34/><U127/><E111/><V98/><F32/><W104/><G104/><T80/><D80/><U66/><E127/><V90/><F7/><W109/><G109/><T110/><D110/><U99/><E79/><V130/><F0/><W86/><G31/><T84/><D84/><U113/><E134/><V123/><F123/><W35/><G35/><T70/><REACH who="0" step="1"/><D11/><REACH who="0" ten="240,250,250,250" step="2"/><U50/><E113/><V13/><F130/><W115/><G115/><T51/><D51/><U87/><E50/><V5/><F85/><W132/><G132/><T91/><D91/><U77/><E87/><V88/><F82/><W41/><G21/><T135/><D135/><U125/><E9/><N who="2" m="4271" /><F88/><N who="3" m="53527" /><G61/><T40/><D40/><U75/><E63/><V48/><F90/><W69/><G41/><T133/><D133/><U114/><E60/><V74/><F74/><W78/><G78/><T28/><AGARI ba="0,1" hai="10,14,16,24,28,33,36,37,42,47,49,62,64,70" machi="28" ten="30,11700,0" yaku="1,1,0,1,52,1,54,1,53,0" doraHai="6" doraHaiUra="129" who="0" fromWho="0" sc="240,127,250,-39,250,-39,250,-39" /><INIT seed="0,1,0,2,5,98" ten="367,211,211,211" oya="0" hai0="32,71,79,68,91,14,99,21,39,88,60,65,109" hai1="55,114,121,92,15,112,0,37,5,8,62,75,74" hai2="105,63,11,84,51,45,94,117,19,43,70,23,90" hai3="107,1,18,122,80,85,89,110,119,100,25,106,83"/><T102/><D39/><U72/><E37/><V59/><F117/><W82/><G1/><T20/><D32/><U46/><E121/><V77/><F105/><W135/><G119/><T113/><D113/><N who="1" m="43627" /><E92/><V17/><F70/><W33/><G122/><T108/><D71/><U27/><E27/><V48/><F77/><W22/><G110/><N who="0" m="42603" /><D79/><U124/><E124/><V66/><F11/><W67/><G135/><T53/><D53/><U130/><E130/><V58/><F23/><N who="0" m="8778" /><D14/><U115/><N who="1" m="43635" /><U10/><DORA hai="30" /><E62/><N who="2" m="38231" /><F51/><W31/><G67/><AGARI ba="1,0" hai="17,19,43,45,48,59,63,67,84,90,94" m="38231" machi="67" ten="30,1000,0" yaku="8,1" doraHai="98,30" who="2" fromWho="3" sc="367,0,211,0,211,13,211,-13" /><INIT seed="1,0,0,5,5,133" ten="367,211,224,198" oya="1" hai0="98,99,72,45,11,124,23,119,8,125,3,95,1" hai1="66,87,77,44,32,69,71,7,116,90,61,108,9" hai2="63,42,17,47,129,16,121,93,31,120,38,127,118" hai3="109,97,102,49,73,107,74,83,26,46,88,43,111"/><U0/><E116/><V41/><F118/><W94/><G26/><T20/><D119/><U126/><E32/><V110/><F110/><W40/><G40/><T132/><D95/><U30/><E30/><V101/><F129/><W58/><G58/><T24/><D45/><U85/><E108/><N who="3" m="41546" /><G83/><T106/><D72/><U60/><E126/><V10/><F31/><W84/><AGARI ba="0,0" hai="43,46,49,73,74,84,88,94,97,102,107" m="41546" machi="84" ten="30,2000,0" yaku="14,1,54,1" doraHai="133" who="3" fromWho="3" sc="367,-5,211,-10,224,-5,198,20" /><INIT seed="2,0,0,1,3,131" ten="362,201,219,218" oya="2" hai0="103,110,6,64,75,60,88,68,11,81,37,132,28" hai1="24,13,72,70,104,57,124,26,55,4,119,19,97" hai2="36,42,31,50,66,118,54,102,84,69,23,76,86" hai3="80,109,126,65,53,40,46,44,17,39,2,8,117"/><V49/><F118/><W3/><G117/><T134/><D37/><U99/><E70/><V22/><F102/><W12/><G109/><T1/><D110/><U56/><E72/><V135/><F36/><W128/><G128/><T107/><D28/><U121/><E119/><V120/><F120/><W79/><G65/><T78/><REACH who="0" step="1"/><D88/><REACH who="0" ten="352,201,219,218" step="2"/><U14/><E121/><V15/><F31/><W10/><G126/><T95/><D95/><U32/><E124/><V45/><F76/><W98/><G79/><T106/><D106/><U112/><E104/><V127/><F127/><W83/><G80/><T43/><D43/><U58/><E112/><V25/><F42/><W77/><G83/><T113/><D113/><U27/><E32/><V7/><F135/><W38/><G77/><T48/><D48/><U16/><E55/><V93/><F49/><W73/><G38/><T34/><D34/><U114/><E114/><V9/><F93/><W21/><G53/><T41/><D41/><U29/><E29/><V133/><F133/><W5/><G39/><T130/><D130/><U125/><E125/><V33/><F33/><W116/><G40/><T111/><D111/><U101/><E101/><V35/><F35/><W82/><G116/><T91/><D91/><U18/><E4/><V74/><F7/><N who="3" m="1143" /><G98/><AGARI ba="0,1" hai="1,6,11,60,64,68,75,78,81,98,103,107,132,134" machi="98" ten="40,12000,2" yaku="1,1,23,2,52,2,53,1" doraHai="131" doraHaiUra="96" who="0" fromWho="3" sc="352,130,201,0,219,0,218,-120" /><AGARI ba="0,0" hai="13,14,16,18,19,24,26,27,56,57,58,97,98,99" machi="98" ten="50,12000,2" yaku="29,2,28,2,8,1,54,1" doraHai="131" who="1" fromWho="3" sc="482,0,201,120,219,0,98,-120" owari="482,58.2,321,12.1,219,-18.1,-22,-52.2" /></mjloggm>