<mjloggm ver="2.3"><GO type="225" lobby="0"/><UN n0="%E7%9A%AE%E3%80%85" n1="%E3%82%BC%E3%83%AB%E3%83%80%E3%81%AE%E4%BC%9D%E8%AA%AC" n2="%E3%81%A1%E3%82%83%E3%81%93%E3%81%93" n3="%E3%83%96%E3%83%83%E3%83%91%E3%82%AA%E3%83%96%E3%83%81%E3%82%AD%E3%83%B3" dan="16,17,16,17" rate="2156.85,2118.87,2157.15,2182.63" sx="M,M,F,M"/><TAIKYOKU oya="0"/><INIT seed="0,0,0,3,0,101" ten="250,250,250,250" oya="0" hai0="2,28,81,84,109,55,44,75,80,128,52,17,119" hai1="115,31,12,126,99,85,57,11,135,25,64,60,62" hai2="51,112,102,120,127,54,4,89,67,91,1,68,78" hai3="29,82,97,24,36,3,33,123,16,38,121,77,124"/><T95/><D119/><U63/><E126/><V132/><F120/><N who="3" m="46155" /><G124/><T70/><D2/><U114/><E135/><V43/><F112/><N who="1" m="43049" /><E85/><V113/><F132/><W26/><G3/><T8/><D70/><U50/><E50/><V96/><F51/><W110/><G110/><T59/><D109/><U32/><E99/><V76/><F96/><W73/><G97/><T46/><D128/><U94/><E94/><V18/><F68/><W131/><G131/><T83/><D75/><U19/><AGARI ba="0,0" hai="11,12,19,25,31,32,57,60,62,63,64" m="43049" machi="19" ten="30,1100,0" yaku="11,1" doraHai="101" who="1" fromWho="1" sc="250,-5,250,11,250,-3,250,-3" /><INIT seed="1,0,0,4,0,74" ten="245,261,247,247" oya="1" hai0="52,122,41,46,130,16,129,31,24,47,28,105,78" hai1="84,95,49,123,36,127,4,119,104,35,20,1,135" hai2="51,80,118,99,13,114,132,53,17,100,25,23,85" hai3="133,83,121,117,77,5,109,115,64,21,55,40,120"/><U98/><E49/><V76/><F118/><W116/><G5/><T70/><D105/><U43/><E20/><V96/><F132/><W71/><G40/><T2/><D2/><U12/><E12/><V3/><F3/><W11/><G11/><T26/><D70/><U106/><E84/><V75/><F114/><W9/><G9/><T27/><D122/><N who="3" m="47209" /><G55/><T107/><D107/><U34/><E95/><V91/><F100/><W88/><G21/><T92/><D92/><U65/><E65/><V113/><F113/><W56/><G56/><T32/><D78/><U134/><E123/><V37/><F37/><W103/><G103/><T10/><D46/><N who="1" m="23911" /><E106/><V8/><F75/><N who="3" m="43455" /><G64/><T44/><D44/><U101/><E4/><V39/><F91/><W0/><G71/><T45/><D45/><U29/><E1/><V128/><F128/><N who="0" m="49258" /><D32/><U69/><E69/><V97/><F39/><W59/><G59/><T72/><D72/><U38/><E38/><V111/><F111/><W112/><G0/><T87/><D41/><U131/><E35/><V89/><F89/><W124/><G133/><N who="1" m="50698" /><E131/><V30/><REACH who="2" step="1"/><F99/><REACH who="2" ten="245,261,237,247" step="2"/><W90/><G109/><T6/><D87/><U68/><E119/><V79/><F79/><W93/><G117/><T15/><D6/><U54/><E98/><V94/><F94/><W86/><G116/><T126/><D126/><U61/><E127/><V60/><F60/><W82/><G124/><T48/><AGARI ba="0,1" hai="10,15,16,24,26,27,28,31,47,48,52" m="49258" machi="48" ten="40,5200,0" yaku="19,1,54,2" doraHai="74" who="0" fromWho="0" sc="245,62,261,-26,237,-13,247,-13" /><INIT seed="2,0,0,5,1,83" ten="307,235,224,234" oya="2" hai0="109,49,70,72,8,89,41,81,111,27,10,44,86" hai1="25,68,90,122,57,37,17,79,92,91,26,5,94" hai2="107,23,38,130,20,105,2,99,29,106,103,117,82" hai3="74,100,50,87,59,121,88,112,52,34,51,0,131"/><V46/><F117/><W108/><G121/><T13/><D70/><U12/><E68/><V42/><F130/><W3/><G108/><N who="0" m="41547" /><D72/><U123/><E37/><V32/><F2/><W85/><G131/><T30/><D13/><U134/><E134/><V93/><REACH who="2" step="1"/><F82/><REACH who="2" ten="307,235,214,234" step="2"/><W113/><G74/><T24/><D24/><AGARI ba="0,1" hai="20,23,24,29,32,38,42,46,93,99,103,105,106,107" machi="24" ten="40,3900,0" yaku="1,1,2,1,53,0" doraHai="83" doraHaiUra="58" who="2" fromWho="0" sc="307,-39,235,0,214,49,234,0" /><INIT seed="2,1,0,0,0,90" ten="268,235,263,234" oya="2" hai0="115,36,98,51,120,44,22,52,71,124,100,0,128" hai1="27,37,105,96,82,75,87,9,114,62,69,72,88" hai2="20,99,134,74,3,132,53,49,54,13,67,34,24" hai3="129,122,15,86,130,30,60,133,47,17,95,29,76"/><V117/><F117/><W26/><G122/><T80/><D115/><U121/><E37/><V106/><F3/><W85/><G133/><N who="2" m="51305" /><F74/><W131/><G76/><T2/><D120/><U68/><E121/><V33/><F67/><W11/><G60/><T31/><D71/><U113/><E9/><V56/><F13/><W18/><G47/><T83/><D36/><U58/><E69/><V28/><F54/><W112/><G112/><T48/><D128/><U70/><E70/><V126/><F126/><W14/><G95/><N who="0" m="58463" /><D0/><U40/><E40/><V89/><F89/><W57/><G57/><N who="0" m="32903" /><D2/><U43/><E68/><V78/><F78/><W73/><G73/><T111/><D111/><U10/><E75/><V103/><AGARI ba="1,0" hai="20,24,28,33,34,49,53,56,99,103,106" m="51305" machi="103" ten="30,1500,0" yaku="20,1" doraHai="90" who="2" fromWho="2" sc="268,-6,235,-6,263,18,234,-6" /><INIT seed="2,2,0,4,4,40" ten="262,229,281,228" oya="2" hai0="5,24,97,21,7,87,90,43,39,18,116,125,103" hai1="33,123,112,110,38,75,83,3,67,128,71,47,27" hai2="31,107,0,68,60,95,108,23,79,80,131,8,26" hai3="65,135,104,52,82,58,28,81,130,45,73,100,50"/><V48/><F107/><W19/><G130/><T96/><D125/><U41/><RYUUKYOKU type="yao9" ba="2,0" sc="262,0,229,0,281,0,228,0" hai1="3,27,33,38,41,47,67,71,75,83,110,112,123,128" /><INIT seed="2,3,0,0,2,35" ten="262,229,281,228" oya="2" hai0="104,69,33,58,75,21,76,37,17,20,126,87,107" hai1="61,89,15,34,44,30,65,85,72,134,52,39,49" hai2="106,119,18,128,28,118,86,84,127,108,2,16,103" hai3="60,48,111,90,13,120,71,110,112,101,125,94,99"/><V114/><F114/><W53/><G120/><T124/><D69/><U74/><E134/><V80/><F108/><N who="3" m="41515" /><G112/><T22/><D33/><U113/><E113/><V97/><F128/><W10/><G125/><N who="0" m="48235" /><D75/><U81/><E39/><V47/><F127/><W70/><G60/><T95/><D37/><U88/><E89/><V100/><F28/><W1/><G101/><T5/><D5/><U31/><E15/><V105/><F47/><N who="3" m="27807" /><G13/><T14/><D58/><U67/><E67/><V32/><F32/><W83/><G83/><N who="0" m="47591" /><D95/><U25/><REACH who="1" step="1"/><E30/><REACH who="1" ten="262,219,281,228" step="2"/><V82/><F97/><W27/><G27/><T57/><D57/><AGARI ba="3,1" hai="25,31,34,44,49,52,57,61,65,72,74,81,85,88" machi="57" ten="30,8000,1" yaku="1,1,2,1,7,1,54,2,53,0" doraHai="35" doraHaiUra="116" who="1" fromWho="0" sc="262,-89,219,99,281,0,228,0" /><INIT seed="3,0,0,2,5,112" ten="173,318,281,228" oya="3" hai0="133,114,68,107,117,67,43,88,62,40,74,123,60" hai1="41,125,7,126,25,120,87,93,82,64,23,48,14" hai2="22,92,76,32,33,28,128,53,54,103,61,13,69" hai3="46,9,38,6,15,105,58,31,77,63,44,99,104"/><W29/><G77/><T101/><D123/><U27/><E120/><V81/><F128/><W45/><G38/><T118/><D114/><U127/><E93/><V91/><F103/><W98/><G104/><T78/><D88/><N who="1" m="51319" /><E64/><V97/><F69/><W16/><G105/><T35/><D40/><U86/><E86/><V51/><F61/><W37/><G37/><T3/><D133/><U70/><E70/><V50/><F28/><N who="3" m="10827" /><G6/><T5/><D35/><U20/><E7/><V90/><F22/><N who="1" m="8233" /><E14/><V47/><F13/><W21/><G21/><T110/><D110/><U79/><E79/><V39/><F39/><W42/><G42/><T83/><D43/><U24/><E24/><V55/><F33/><W19/><G19/><T8/><D60/><U129/><E129/><V26/><F32/><W100/><G100/><T10/><REACH who="0" step="1"/><D8/><REACH who="0" ten="163,318,281,228" step="2"/><U134/><E134/><V36/><F36/><W111/><G111/><T57/><D57/><U4/><E41/><V135/><F135/><W2/><G2/><T132/><D132/><U89/><E126/><V56/><F90/><W121/><G121/><T85/><D85/><U30/><E125/><V108/><F108/><W34/><G34/><T59/><D59/><U75/><E127/><V102/><F91/><W124/><G124/><T73/><D73/><U12/><E75/><V84/><F56/><W115/><G115/><T119/><D119/><U131/><E131/><V109/><F109/><W122/><G122/><T106/><D106/><U95/><E30/><V72/><F72/><W116/><G58/><T17/><D17/><U96/><E27/><RYUUKYOKU ba="0,1" sc="163,30,318,-10,281,-10,228,-10" hai0="3,5,10,62,67,68,74,78,83,101,107,117,118" owari="193,-30.7,318,41.8,271,7.1,218,-18.2" /></mjloggm>