<mjloggm ver="2.3"><GO type="225" lobby="0"/><UN n0="%E3%81%A4%E3%81%A3%E3%81%B1%E3%82%8A%E3%83%9D%E3%83%BC%E3%83%AB" n1="%E5%B0%8F%E9%B3%A5%E9%81%8A%E7%B7%B4%E7%84%A1%32%31%E6%AD%B3" n2="%E3%83%96%E3%83%83%E3%83%91%E3%82%AA%E3%83%96%E3%83%81%E3%82%AD%E3%83%B3" n3="%E6%9D%B1%E9%A2%A8%E3%81%AE%E3%81%8D%E3%82%83%E3%81%B7%E3%81%95%E3%82%93" dan="17,17,16,16" rate="2256.44,2146.39,2158.37,2144.65" sx="M,F,M,M"/><TAIKYOKU oya="0"/><INIT seed="0,0,0,1,3,86" ten="250,250,250,250" oya="0" hai0="82,13,121,44,127,76,64,111,19,124,39,34,78" hai1="83,102,35,61,33,23,50,41,94,11,89,57,4" hai2="47,14,126,123,28,110,56,71,29,59,90,22,109" hai3="122,20,104,62,60,42,55,68,58,99,79,77,32"/><T75/><D121/><U117/><E117/><V106/><F123/><W118/><G118/><T119/><D119/><U73/><E102/><V135/><F71/><W38/><G122/><T92/><D34/><U49/><E23/><V27/><F106/><W8/><G32/><T10/><D111/><N who="2" m="42506" /><F135/><W66/><G8/><T53/><D64/><U0/><E35/><N who="2" m="20895" /><F126/><N who="0" m="48170" /><D78/><U80/><E33/><V132/><F132/><W95/><G104/><T97/><D53/><U18/><E18/><N who="2" m="10583" /><F29/><W9/><G9/><T93/><D97/><U21/><E21/><V98/><F47/><W88/><REACH who="3" step="1"/><G20/><REACH who="3" ten="250,250,250,240" step="2"/><T45/><D45/><AGARI ba="0,1" hai="38,42,45,55,58,60,62,66,68,77,79,88,95,99" machi="45" ten="40,8000,1" yaku="1,1,2,1,52,1,54,1,53,1" doraHai="86" doraHaiUra="36" who="3" fromWho="0" sc="250,-80,250,0,250,0,240,90" /><INIT seed="1,0,0,2,2,21" ten="170,250,250,330" oya="1" hai0="52,4,42,90,35,45,73,29,9,64,59,86,26" hai1="127,100,115,62,18,49,133,15,88,24,119,11,121" hai2="123,1,63,117,19,72,25,95,38,110,32,55,61" hai3="116,132,44,83,104,51,30,22,16,111,77,118,2"/><U17/><E115/><V68/><F117/><N who="3" m="45163" /><G104/><T67/><D73/><U76/><E121/><V65/><F123/><W53/><G2/><T46/><D42/><U103/><E119/><V82/><F110/><W3/><G3/><T56/><D56/><U134/><E76/><V85/><F1/><W93/><G111/><T122/><D122/><U94/><E127/><V112/><F112/><W60/><G132/><N who="1" m="50794" /><E49/><V40/><F72/><N who="3" m="43431" /><G93/><T89/><D89/><U27/><E62/><V33/><F95/><W57/><G30/><T13/><D67/><U74/><E18/><V98/><F98/><W120/><G120/><T36/><D64/><U37/><E74/><V102/><F102/><N who="1" m="38953" /><E37/><V39/><F39/><W101/><G101/><T58/><D58/><U50/><E50/><V99/><F38/><W6/><G6/><T78/><D78/><U109/><E109/><V105/><F19/><W12/><G60/><T97/><D97/><AGARI ba="0,0" hai="11,15,17,24,27,88,94,97" m="38953,50794" machi="97" ten="30,11600,0" yaku="20,1,52,2,54,1" doraHai="21" who="1" fromWho="0" sc="170,-116,250,116,250,0,330,0" /><INIT seed="1,1,0,1,4,8" ten="54,366,250,330" oya="1" hai0="118,120,17,81,129,23,15,59,109,43,32,90,103" hai1="6,66,128,51,35,0,96,73,25,110,47,34,46" hai2="29,105,99,5,115,101,121,98,20,95,135,14,52" hai3="48,1,61,67,76,79,108,134,127,50,63,33,30"/><U62/><E73/><V26/><F121/><W69/><G1/><T9/><D118/><U13/><E128/><V84/><F135/><W19/><G134/><T130/><D120/><U86/><E0/><V116/><F116/><W68/><G127/><T91/><D109/><U83/><E96/><V72/><F72/><W28/><G19/><T122/><D122/><U56/><E46/><V97/><F115/><W78/><G108/><T93/><D32/><U58/><E58/><V54/><F84/><W114/><G114/><T24/><D43/><U82/><E82/><V42/><F42/><W112/><G112/><T132/><D132/><U16/><E25/><V94/><F105/><W37/><G37/><T85/><D103/><U27/><E6/><V40/><F40/><W133/><G133/><T41/><D41/><U12/><E35/><V4/><F98/><W10/><G10/><T38/><D38/><U88/><E34/><V65/><F65/><W11/><G11/><T117/><D117/><U123/><E123/><V70/><F70/><W53/><G33/><T125/><D59/><U124/><E124/><V45/><F14/><W21/><G21/><T119/><D119/><U89/><E89/><N who="2" m="55503" /><F54/><W100/><G100/><T31/><REACH who="0" step="1"/><D125/><REACH who="0" ten="44,366,250,330" step="2"/><U71/><E110/><V60/><F45/><W49/><REACH who="3" step="1"/><G69/><REACH who="3" ten="44,366,250,320" step="2"/><T107/><D107/><U77/><E71/><V126/><F126/><W92/><G92/><T18/><D18/><U57/><E16/><V102/><F102/><W36/><G36/><T7/><D7/><U22/><E66/><V104/><F104/><W2/><G2/><RYUUKYOKU ba="1,2" sc="44,10,366,-30,250,10,320,10" hai0="9,15,17,23,24,31,81,85,90,91,93,129,130" hai2="4,5,20,26,29,52,60,95,99,101" hai3="28,30,48,49,50,53,61,63,67,68,76,78,79" /><INIT seed="2,2,2,3,1,135" ten="54,336,260,330" oya="2" hai0="119,23,73,79,21,105,103,66,101,38,97,128,110" hai1="28,24,49,57,37,134,12,113,96,74,26,39,133" hai2="99,132,48,13,7,82,44,69,52,118,124,67,25" hai3="55,14,61,117,62,81,85,78,9,31,130,100,10"/><V107/><F118/><W131/><G117/><T50/><D119/><U83/><E113/><V16/><F132/><N who="1" m="50793" /><E12/><V33/><F7/><W80/><G100/><T20/><D38/><N who="1" m="14347" /><E96/><V88/><F69/><W120/><G120/><T104/><D66/><U64/><E28/><V115/><F115/><W45/><G31/><T32/><D32/><U87/><E74/><V17/><F67/><W123/><G123/><T122/><D122/><U27/><E49/><V111/><F111/><W126/><G81/><T36/><D36/><U63/><E26/><V59/><F33/><W19/><G10/><T92/><D110/><U112/><E112/><V0/><F0/><W65/><G45/><T76/><D73/><U127/><E127/><V98/><F124/><W93/><G126/><T34/><D34/><U95/><E95/><V71/><F71/><W42/><G93/><T4/><D4/><U56/><E56/><V121/><F121/><W116/><G116/><T70/><D70/><U91/><AGARI ba="2,2" hai="24,27,57,63,64,83,87,91" m="14347,50793" machi="91" ten="30,1100,0" yaku="20,1" doraHai="135" who="1" fromWho="1" sc="54,-5,336,37,260,-7,330,-5" /><INIT seed="3,0,0,3,5,4" ten="49,373,253,325" oya="3" hai0="57,56,47,124,103,92,62,58,18,116,42,82,100" hai1="7,72,74,40,64,17,61,110,9,119,69,66,2" hai2="63,126,52,19,129,104,101,15,76,29,50,55,79" hai3="133,93,88,48,54,28,68,31,122,113,128,118,65"/><W20/><G122/><T108/><D116/><U38/><E110/><V34/><F129/><W35/><G118/><T26/><D108/><U22/><E66/><V127/><F104/><W24/><G113/><T115/><D115/><U83/><E119/><V77/><F101/><W12/><G128/><T11/><D124/><U37/><E40/><V117/><F117/><W39/><G39/><T134/><D134/><U120/><E120/><V95/><F95/><W13/><G133/><T8/><D82/><U90/><E72/><V84/><F84/><W46/><G31/><T75/><D75/><U81/><E81/><V67/><F29/><W111/><G111/><T78/><D78/><U21/><E21/><V25/><F25/><W30/><G30/><T130/><D130/><U16/><E17/><V125/><F50/><W53/><G35/><T32/><D32/><U33/><E33/><V44/><F44/><W94/><G94/><T109/><D109/><U43/><E43/><V80/><F80/><W114/><G114/><T3/><D3/><U51/><E51/><V98/><F98/><N who="3" m="57639" /><G54/><T87/><D87/><U132/><E132/><V106/><F106/><W6/><G6/><T36/><D92/><U86/><E74/><V70/><REACH who="2" step="1"/><F34/><REACH who="2" ten="49,373,243,325" step="2"/><W23/><G23/><AGARI ba="0,1" hai="15,19,23,52,55,63,67,70,76,77,79,125,126,127" machi="23" ten="50,8000,1" yaku="1,1,2,1,18,1,54,1,53,0" doraHai="4" doraHaiUra="121" who="2" fromWho="3" sc="49,0,373,0,243,90,325,-80" owari="49,-45.1,373,47.3,333,13.3,245,-15.5" /></mjloggm>