<mjloggm ver="2.3"><GO type="225" lobby="0"/><UN n0="%E3%83%96%E3%83%83%E3%83%91%E3%82%AA%E3%83%96%E3%83%81%E3%82%AD%E3%83%B3" n1="%E3%82%8F%E3%81%8B%E3%81%B0%2A%E3%82%AC%E3%83%BC%E3%83%AB" n2="%E3%81%95%E3%81%8D%E3%81%9F%E3%81%BE%E6%9E%97%E6%AA%8E" n3="%E7%8D%85%E5%AD%90%E5%BA%A7%E3%81%8B%E3%81%A3%E3%81%B4%E3%83%BC" dan="17,16,16,16" rate="2221.46,2087.94,2069.89,2116.39" sx="M,M,M,M"/><TAIKYOKU oya="0"/><INIT seed="0,0,0,4,3,50" ten="250,250,250,250" oya="0" hai0="42,15,1,125,73,113,13,117,2,33,68,130,10" hai1="11,79,9,127,49,52,110,18,115,24,56,28,122" hai2="114,131,14,3,112,91,108,81,41,84,134,61,96" hai3="30,90,83,25,23,129,78,12,66,80,20,77,59"/><T72/><D113/><U22/><E115/><V70/><F3/><W121/><G121/><T26/><D117/><U88/><E122/><V48/><F108/><W36/><G36/><T133/><D68/><U103/><E110/><V31/><F134/><W19/><G129/><T71/><D71/><U74/><E127/><V86/><F131/><W85/><G80/><T135/><D130/><U102/><E74/><N who="0" m="28777" /><D42/><U46/><E79/><V97/><F114/><W40/><G40/><T64/><D64/><U111/><E111/><V87/><F112/><W55/><REACH who="3" step="1"/><G66/><REACH who="3" ten="250,250,250,240" step="2"/><T62/><D125/><U6/><E28/><V17/><F41/><W106/><G106/><T5/><D135/><U38/><E38/><V116/><F31/><W43/><G43/><T109/><D133/><U27/><E102/><V92/><F81/><W132/><G132/><T39/><D39/><U51/><E103/><V53/><F116/><W8/><G8/><N who="1" m="3146" /><E6/><V35/><F92/><W69/><G69/><T118/><D10/><U94/><E27/><V37/><F70/><W75/><G75/><T45/><D26/><U67/><E67/><V63/><F37/><W124/><G124/><T119/><D5/><U34/><E34/><V89/><F35/><W54/><G54/><T60/><D33/><U120/><E120/><V29/><F53/><W44/><G44/><T128/><D45/><U76/><E76/><V93/><F93/><W65/><G65/><T4/><D109/><U47/><E49/><AGARI ba="0,1" hai="12,19,20,23,25,30,49,55,59,77,78,83,85,90" machi="49" ten="30,7700,0" yaku="1,1,7,1,8,1,52,1,53,0" doraHai="50" doraHaiUra="104" who="3" fromWho="1" sc="250,0,250,-77,250,0,240,87" /><INIT seed="1,0,0,1,2,19" ten="250,173,250,327" oya="1" hai0="99,8,133,53,105,118,2,121,68,113,54,72,11" hai1="130,27,97,102,67,52,22,76,124,6,5,73,93" hai2="17,117,116,89,103,24,62,45,55,33,26,100,65" hai3="7,63,28,23,31,41,104,21,0,127,94,131,87"/><U122/><E122/><V4/><F4/><W37/><G104/><T18/><D118/><U58/><E124/><V70/><F33/><W119/><G119/><T81/><D113/><U75/><E130/><V129/><F129/><W125/><G131/><T51/><D68/><U64/><E76/><V32/><F117/><W57/><G41/><T95/><D121/><U132/><E73/><V80/><F116/><W109/><G37/><T39/><D39/><U135/><E75/><V14/><F26/><W44/><G44/><T40/><D105/><U50/><E5/><V1/><F1/><W88/><G109/><T3/><D133/><N who="1" m="51275" /><E6/><V110/><F110/><W34/><G34/><T16/><D72/><U85/><E85/><V13/><F13/><W36/><G36/><T29/><D2/><U91/><E102/><V78/><F89/><W114/><G114/><T15/><D3/><U126/><E126/><N who="3" m="48138" /><G7/><T69/><D99/><U82/><E82/><V79/><F80/><W38/><G38/><T123/><D81/><U84/><E97/><V107/><F79/><W115/><G115/><T42/><D123/><U60/><E50/><V106/><F78/><W134/><G134/><T10/><D51/><U86/><E86/><V9/><F103/><W108/><G0/><T43/><D95/><U83/><E93/><V120/><F100/><W47/><G108/><T59/><D10/><U35/><E35/><V30/><F120/><W48/><G28/><AGARI ba="0,0" hai="22,27,28,52,58,60,64,67,83,84,91" m="51275" machi="28" ten="30,5800,0" yaku="20,1,52,1,54,1" doraHai="19" who="1" fromWho="3" sc="250,0,173,58,250,0,327,-58" /><INIT seed="1,1,0,2,5,16" ten="250,231,250,269" oya="1" hai0="124,43,103,116,48,81,6,71,131,130,52,107,66" hai1="59,100,133,53,57,75,42,102,68,101,0,123,29" hai2="54,10,82,134,37,18,88,7,15,95,76,126,120" hai3="122,78,35,87,30,118,17,24,21,89,111,11,60"/><U67/><E123/><V14/><F120/><W44/><G118/><T49/><D116/><U63/><E133/><V110/><F110/><W70/><G122/><T33/><D33/><U20/><E75/><V64/><F134/><W128/><G128/><N who="0" m="49195" /><D124/><U99/><E0/><V55/><F126/><W2/><G111/><T41/><D6/><U119/><E119/><V56/><F37/><W25/><G78/><T113/><D113/><U77/><E77/><V92/><F92/><W36/><G36/><T125/><D125/><U23/><E42/><V5/><F5/><W105/><G105/><T129/><D81/><U47/><E99/><V132/><F132/><W50/><G70/><T27/><D27/><U19/><E29/><V69/><F69/><W85/><G60/><N who="0" m="40391" /><D49/><N who="1" m="28863" /><E68/><V46/><F46/><W91/><G2/><T72/><D72/><U135/><E135/><V51/><F82/><W38/><G38/><T115/><D115/><U127/><E127/><V98/><F76/><W3/><G3/><T79/><D79/><U114/><E114/><V117/><F117/><W62/><G62/><T45/><N who="0" m="49203" /><T121/><DORA hai="65" /><D121/><U106/><E106/><V80/><F80/><W1/><G1/><T90/><D90/><U28/><E28/><V34/><F34/><W40/><G91/><T97/><AGARI ba="1,0" hai="41,43,45,48,52,97,103,107" m="40391,49203" machi="97" ten="40,5200,0" yaku="19,1,52,1,54,1" doraHai="16,65" who="0" fromWho="0" sc="250,55,231,-27,250,-14,269,-14" /><INIT seed="2,0,0,3,1,29" ten="305,204,236,255" oya="2" hai0="22,34,113,83,23,84,111,54,33,73,15,44,75" hai1="60,10,116,14,27,100,28,72,6,59,37,56,53" hai2="129,41,2,66,67,122,85,115,52,107,90,104,39" hai3="1,46,7,55,118,87,77,125,11,45,123,0,30"/><V119/><F115/><W110/><G118/><T82/><D113/><U74/><E116/><V17/><F119/><W50/><G123/><T78/><D111/><U91/><E37/><V135/><F122/><W9/><G125/><T103/><D103/><U94/><E100/><V71/><F2/><W51/><G110/><T36/><D75/><U49/><E60/><V42/><F71/><W117/><G30/><T97/><D97/><U26/><E59/><V126/><F39/><W12/><G117/><T5/><D5/><U112/><E112/><V127/><F129/><W120/><G120/><T93/><D93/><U38/><E38/><V86/><F135/><W95/><G11/><T62/><D62/><U124/><E27/><V68/><F68/><W114/><G114/><T70/><D70/><U81/><E81/><V8/><F8/><W102/><G102/><T65/><D65/><U132/><E132/><V25/><F25/><W69/><G69/><T21/><D15/><U32/><REACH who="1" step="1"/><E124/><REACH who="1" ten="305,194,236,255" step="2"/><V106/><F106/><W79/><G95/><T88/><REACH who="0" step="1"/><D36/><REACH who="0" ten="295,194,236,255" step="2"/><U18/><E18/><V80/><F17/><W76/><REACH who="3" step="1"/><G87/><AGARI ba="0,2" hai="6,10,14,26,28,32,49,53,56,72,74,87,91,94" machi="87" ten="30,3900,0" yaku="1,1,7,1,52,1,53,0" doraHai="29" doraHaiUra="134" who="1" fromWho="3" sc="295,0,194,59,236,0,255,-39" /><INIT seed="3,0,0,0,1,123" ten="295,253,236,216" oya="3" hai0="43,67,33,79,45,99,128,118,20,7,22,113,28" hai1="1,39,25,108,135,85,92,116,84,29,125,41,62" hai2="103,59,93,98,106,15,104,63,11,2,18,76,127" hai3="83,73,52,100,44,30,129,3,80,37,32,38,54"/><W71/><G71/><T31/><D118/><U117/><E116/><V133/><F133/><W24/><G3/><T126/><D126/><U112/><E112/><V134/><F134/><W111/><G100/><T119/><D119/><U87/><E135/><V105/><F127/><W58/><G129/><T69/><D128/><U9/><E125/><V61/><F2/><W82/><G73/><T77/><D113/><U48/><E39/><V26/><F76/><N who="0" m="29258" /><D69/><U19/><E117/><V114/><F114/><W60/><REACH who="3" step="1"/><G111/><REACH who="3" ten="295,253,236,206" step="2"/><T50/><D33/><U132/><E108/><V34/><REACH who="2" step="1"/><F59/><REACH who="2" ten="295,253,226,206" step="2"/><W110/><G110/><T115/><D115/><U68/><E132/><V5/><F5/><W124/><G124/><T6/><D7/><U120/><E68/><V94/><F94/><W81/><N who="3" m="20480" /><DORA hai="95" /><W75/><G75/><T14/><D6/><U131/><E92/><V47/><F47/><W78/><G78/><T96/><D45/><U97/><E131/><V36/><F36/><W86/><G86/><T35/><D99/><U12/><E97/><V101/><F101/><W65/><G65/><T23/><D96/><U91/><E84/><V55/><F55/><W8/><G8/><T88/><D67/><U56/><E85/><V42/><F42/><W107/><G107/><T27/><D43/><U66/><E1/><V46/><F46/><W74/><G74/><T109/><D109/><U21/><E41/><V130/><F130/><W53/><G53/><T17/><D88/><U72/><E72/><V70/><F70/><W51/><AGARI ba="0,2" hai="24,30,32,37,38,44,51,52,54,58,60" m="20480" machi="51" ten="40,7800,0" yaku="1,1,0,1,54,1,53,0" doraHai="123,95" doraHaiUra="121,0" who="3" fromWho="3" sc="295,-26,253,-26,226,-26,206,98" owari="269,6.9,227,-17.3,200,-30.0,304,40.4" /></mjloggm>