<mjloggm ver="2.3"><GO type="225" lobby="0"/><UN n0="%E3%83%A9%E3%83%BC%E3%83%A1%E3%83%B3%E4%BA%94%E9%83%8E" n1="%E3%82%A4%E3%83%BC%E3%82%B1%E3%83%97%E3%83%A9" n2="%E3%82%8F%E3%81%8B%E3%81%B0%2A%E3%82%AC%E3%83%BC%E3%83%AB" n3="%E3%83%96%E3%83%83%E3%83%91%E3%82%AA%E3%83%96%E3%83%81%E3%82%AD%E3%83%B3" dan="16,16,16,17" rate="2172.71,2092.86,2053.10,2164.96" sx="M,M,M,M"/><TAIKYOKU oya="0"/><INIT seed="0,0,0,4,3,96" ten="250,250,250,250" oya="0" hai0="99,14,113,37,108,66,132,53,0,127,40,48,86" hai1="107,71,111,72,104,9,8,43,131,112,26,54,60" hai2="42,64,121,11,92,120,130,59,129,85,73,19,70" hai3="122,63,62,100,78,116,123,41,33,128,110,125,46"/><T1/><D113/><U117/><E117/><V134/><F73/><W12/><G33/><T65/><D127/><U82/><E43/><V56/><F134/><W44/><G116/><T36/><D132/><U13/><E111/><V126/><F126/><W69/><G125/><T27/><D108/><U50/><E131/><N who="2" m="50187" /><F42/><W105/><G128/><T18/><D27/><U51/><E112/><V17/><F70/><W93/><G110/><T30/><D30/><U28/><E72/><V29/><F29/><W91/><G78/><T7/><D7/><U39/><E82/><V115/><F115/><W98/><G12/><T45/><D86/><U31/><E39/><V95/><F85/><N who="3" m="52463" /><G69/><T47/><D36/><U90/><E90/><V32/><F32/><W81/><G81/><T4/><D99/><U119/><E119/><V109/><F109/><W77/><G77/><T118/><D118/><U106/><E31/><V97/><F11/><W133/><G133/><T24/><D24/><U76/><E76/><V67/><F67/><W34/><G34/><T84/><D84/><U10/><E13/><V114/><F114/><W88/><G88/><T89/><D89/><U83/><E83/><V135/><F135/><W101/><G101/><T61/><D4/><U79/><E79/><V16/><F92/><W20/><G20/><N who="0" m="11351" /><D66/><U58/><REACH who="1" step="1"/><E71/><REACH who="1" ten="250,240,250,250" step="2"/><V35/><F35/><AGARI ba="0,1" hai="8,9,10,26,28,35,50,51,54,58,60,104,106,107" machi="35" ten="50,3200,0" yaku="1,1,2,1,53,0" doraHai="96" doraHaiUra="124" who="1" fromWho="2" sc="250,0,240,42,250,-32,250,0" /><INIT seed="1,0,0,1,2,81" ten="250,282,218,250" oya="1" hai0="133,34,46,69,17,67,121,63,91,30,125,21,76" hai1="43,3,88,105,131,108,12,59,23,116,6,20,35" hai2="119,31,109,118,112,101,49,13,56,27,48,90,128" hai3="72,80,103,99,79,37,29,10,115,74,53,42,92"/><U96/><E116/><V57/><F109/><W62/><G115/><T16/><D125/><U61/><E35/><V44/><F112/><W36/><G29/><T64/><D133/><U18/><E131/><V123/><F123/><W45/><G37/><T0/><D121/><U7/><E108/><V26/><F128/><W66/><G53/><T60/><D0/><U94/><E3/><V135/><F135/><W4/><G74/><T107/><D107/><U117/><E117/><V134/><F134/><W126/><G126/><T14/><D76/><U132/><E132/><V11/><F101/><W71/><REACH who="3" step="1"/><G10/><REACH who="3" ten="250,282,218,240" step="2"/><T52/><D30/><U87/><E43/><V120/><F120/><W89/><G89/><T5/><D91/><N who="1" m="55391" /><E23/><V95/><F118/><W68/><G68/><T78/><D34/><U75/><E75/><V97/><F119/><W33/><G33/><T50/><D78/><U106/><E106/><V2/><F11/><W129/><G129/><T28/><D28/><U104/><E105/><V98/><F31/><W51/><G51/><T25/><D21/><U15/><E104/><V40/><F49/><W24/><G24/><T54/><D25/><U113/><E113/><V65/><F27/><W38/><G38/><T85/><D54/><N who="1" m="34039" /><E15/><V70/><F13/><W77/><G77/><T19/><D14/><U8/><E8/><V93/><F26/><W58/><G58/><T84/><D69/><U86/><E88/><N who="2" m="55463" /><F2/><W73/><G73/><T39/><D39/><U9/><E9/><V130/><F130/><W83/><G83/><T41/><D41/><U102/><E102/><RYUUKYOKU ba="0,1" sc="250,-30,282,10,218,10,240,10" hai1="6,7,12,18,20,86,87" hai2="40,44,48,56,57,65,70,90,95,98" hai3="4,36,42,45,62,66,71,72,79,80,92,99,103" /><INIT seed="1,1,1,3,0,93" ten="220,292,228,250" oya="1" hai0="123,9,133,26,63,72,3,110,66,116,50,124,119" hai1="29,2,67,79,16,91,30,76,101,117,70,52,129" hai2="8,25,92,126,104,1,47,17,13,64,74,100,99" hai3="40,96,38,62,134,27,18,15,14,53,122,81,90"/><U103/><E117/><V115/><F126/><W89/><G122/><T97/><D72/><U73/><E2/><V43/><F115/><W20/><G134/><T111/><D124/><U59/><E70/><V85/><F74/><W61/><G38/><T60/><D133/><U125/><E73/><V121/><F121/><W95/><G40/><T22/><D123/><U45/><E125/><V83/><F1/><W28/><G53/><T65/><D50/><N who="1" m="28751" /><E129/><V42/><F64/><N who="0" m="24682" /><D97/><U35/><E35/><V109/><F109/><N who="0" m="41482" /><D3/><U24/><E91/><V87/><F104/><W57/><G57/><T106/><D106/><U12/><E24/><V48/><F42/><W32/><REACH who="3" step="1"/><G15/><REACH who="3" ten="220,292,228,240" step="2"/><T113/><D119/><U78/><E59/><V21/><REACH who="2" step="1"/><F83/><REACH who="2" ten="220,292,218,240" step="2"/><W118/><G118/><T19/><D116/><U7/><E67/><V36/><F36/><W105/><G105/><T55/><D113/><U54/><E54/><V5/><AGARI ba="1,3" hai="5,8,13,17,21,25,43,47,48,85,87,92,99,100" machi="5" ten="20,8000,1" yaku="1,1,0,1,7,1,8,1,52,1,53,0" doraHai="93" doraHaiUra="31" who="2" fromWho="2" sc="220,-21,292,-41,218,113,240,-21" /><INIT seed="2,0,0,1,0,55" ten="199,251,331,219" oya="2" hai0="86,84,27,77,15,21,64,134,8,74,24,82,79" hai1="126,101,63,131,49,133,16,114,58,135,37,85,5" hai2="57,116,76,23,80,25,127,29,88,1,6,62,130" hai3="2,122,13,3,72,43,32,106,56,105,38,75,73"/><V35/><F116/><W90/><G122/><T119/><D134/><N who="1" m="51211" /><E114/><V50/><F130/><W0/><G32/><T89/><D119/><U19/><E37/><V14/><F127/><W4/><G90/><T121/><D121/><U52/><E126/><V68/><F68/><W18/><G4/><T22/><D74/><U7/><E131/><V113/><F113/><W42/><G38/><T98/><D98/><U125/><E125/><V104/><F104/><W31/><G31/><T40/><D40/><U96/><E85/><N who="2" m="50215" /><F35/><W124/><G124/><T123/><D123/><U129/><E129/><V102/><F1/><W65/><G106/><T83/><D64/><N who="1" m="39031" /><E5/><V61/><F102/><W91/><G91/><T70/><D89/><U28/><E28/><V36/><F76/><W51/><G105/><T26/><REACH who="0" step="1"/><D70/><REACH who="0" ten="189,251,331,219" step="2"/><U95/><E7/><AGARI ba="0,1" hai="7,8,15,21,22,24,26,27,77,79,82,83,84,86" machi="7" ten="40,8000,1" yaku="1,1,2,1,9,1,8,1,53,0" doraHai="55" doraHaiUra="87" who="0" fromWho="1" sc="189,90,251,-80,331,0,219,0" /><INIT seed="3,0,0,0,1,58" ten="279,171,331,219" oya="3" hai0="132,123,135,133,86,104,109,112,26,128,8,19,50" hai1="80,118,57,68,63,65,41,16,6,38,126,127,15" hai2="89,84,124,25,44,10,100,122,29,47,114,88,9" hai3="70,69,82,7,62,31,120,0,35,11,42,106,91"/><W60/><G120/><T40/><D104/><U12/><E118/><V3/><F114/><W77/><G91/><T103/><D103/><U121/><E121/><V116/><F116/><W117/><G117/><T108/><D123/><U107/><E107/><V81/><F122/><W52/><G106/><T34/><D112/><U53/><E80/><V45/><F124/><W18/><G18/><T72/><D72/><U75/><E75/><V64/><F64/><W20/><G35/><T24/><D86/><U54/><E12/><V92/><F100/><W51/><G42/><T119/><D119/><U1/><E6/><V22/><F3/><W110/><G110/><N who="0" m="42603" /><D50/><U21/><E1/><V85/><AGARI ba="0,0" hai="9,10,22,25,29,44,45,47,81,84,85,88,89,92" machi="85" ten="30,4000,0" yaku="0,1,8,1,54,1" doraHai="58" who="2" fromWho="2" sc="279,-10,171,-10,331,40,219,-20" owari="269,6.9,161,-33.9,371,47.1,199,-20.1" /></mjloggm>