<mjloggm ver="2.3"><GO type="225" lobby="0"/><UN n0="%E6%81%A5%E6%99%92%E3%81%97" n1="%E3%82%8A%E3%81%93%E3%82%8A%E3%82%93%E3%81%94" n2="%E5%B8%86%E7%AB%8B%E5%A4%8F%E8%A1%A3" n3="%E3%81%BF%E3%81%BF%E3%81%9A" dan="16,17,17,18" rate="2141.08,2204.41,2169.12,2227.81" sx="M,M,M,M"/><TAIKYOKU oya="0"/><INIT seed="0,0,0,2,3,84" ten="250,250,250,250" oya="0" hai0="109,72,116,53,48,135,62,106,94,40,83,13,23" hai1="134,52,126,103,86,25,97,74,2,81,79,4,46" hai2="3,35,66,55,130,34,105,93,120,28,21,12,114" hai3="8,47,98,61,124,38,78,14,10,15,71,88,0"/><T100/><D116/><U68/><E68/><V19/><F105/><W1/><BYE who="0" /><G78/><T9/><D9/><U119/><E119/><V37/><F120/><UN n0="%E6%81%A5%E6%99%92%E3%81%97" /><W111/><G111/><T67/><D109/><U123/><E123/><V6/><F37/><W27/><G27/><T41/><D135/><U64/><E134/><V50/><F114/><W90/><G124/><T133/><D133/><U7/><E64/><V60/><F130/><W33/><G33/><T129/><D129/><U51/><E126/><V95/><F6/><W131/><G131/><T43/><D106/><U122/><E122/><V65/><F65/><W36/><G61/><T118/><D118/><U57/><E2/><V5/><F5/><W30/><G98/><T17/><D72/><U91/><E46/><V121/><F3/><W16/><G47/><T101/><D83/><U75/><E25/><V22/><F121/><W132/><G132/><T117/><D117/><U44/><E44/><V77/><F77/><W59/><G59/><N who="0" m="37343" /><D94/><U70/><E70/><V113/><F113/><W82/><G82/><T56/><AGARI ba="0,0" hai="13,17,23,40,41,43,48,53,56,100,101" m="37343" machi="56" ten="30,1500,0" yaku="8,1" doraHai="84" who="0" fromWho="0" sc="250,15,250,-5,250,-5,250,-5" /><INIT seed="0,1,0,4,0,117" ten="265,245,245,245" oya="0" hai0="120,39,103,6,8,41,83,47,1,2,109,102,24" hai1="31,52,90,89,77,60,79,54,127,51,7,40,61" hai2="132,80,65,50,129,13,97,33,67,23,113,86,124" hai3="115,108,121,68,49,101,66,71,42,0,111,70,14"/><T62/><D109/><N who="3" m="42057" /><G0/><T43/><D120/><U19/><E127/><V130/><F33/><W55/><G101/><T126/><D126/><U59/><E31/><V3/><F3/><W87/><G87/><T104/><D104/><U63/><E7/><V21/><F124/><W28/><G28/><T94/><D43/><U98/><E40/><V16/><F132/><W135/><G14/><T134/><D134/><U20/><E54/><V123/><F123/><W84/><G135/><T75/><D1/><U27/><REACH who="1" step="1"/><E98/><REACH who="1" ten="265,235,245,245" step="2"/><V112/><F97/><W56/><G121/><T125/><D125/><U128/><E128/><V30/><F130/><W5/><G5/><T12/><D6/><U22/><E22/><V18/><F129/><W122/><G122/><T76/><D2/><U26/><E26/><V118/><F30/><W133/><G133/><T64/><D24/><U29/><E29/><V25/><F118/><W11/><G11/><T82/><D41/><U17/><E17/><V131/><F131/><W36/><G115/><T116/><D8/><U92/><E92/><V58/><F113/><W4/><G4/><T38/><D94/><U99/><E99/><V110/><F112/><W10/><G10/><T93/><D93/><U35/><E35/><V72/><F110/><W37/><G42/><T45/><D116/><U57/><E57/><V119/><F119/><W106/><G106/><T105/><D105/><U48/><E48/><V88/><F72/><W74/><G74/><T85/><D75/><U81/><E81/><V44/><F58/><N who="3" m="33135" /><G84/><T46/><D85/><U95/><E95/><RYUUKYOKU ba="1,1" sc="265,-30,235,10,245,10,245,10" hai1="19,20,27,51,52,59,60,61,63,77,79,89,90" hai2="13,16,18,21,23,25,44,50,65,67,80,86,88" hai3="36,37,56,66,68,70,71" /><INIT seed="1,2,1,3,5,97" ten="235,245,255,255" oya="1" hai0="130,79,135,129,87,128,106,53,24,133,5,37,104" hai1="76,17,131,15,96,19,83,48,30,114,109,82,2" hai2="91,66,75,134,123,92,71,0,61,44,28,16,93" hai3="23,86,122,8,67,121,85,62,115,116,72,60,57"/><U94/><E114/><V11/><F123/><W119/><G72/><T12/><D37/><U58/><E2/><V63/><F134/><N who="0" m="51210" /><D24/><U132/><E132/><V40/><F75/><W42/><G115/><T33/><D33/><U90/><E131/><N who="0" m="33537" /><T107/><DORA hai="95" /><D53/><N who="1" m="32039" /><E109/><V77/><F77/><W3/><G42/><T65/><D65/><U6/><E30/><V74/><F74/><W98/><G23/><T52/><D52/><U99/><E99/><V64/><F28/><W25/><G98/><T18/><D5/><U1/><E1/><V105/><F105/><W126/><G25/><T21/><D87/><N who="3" m="33289" /><G60/><T73/><D73/><U100/><E6/><V70/><F91/><W69/><G122/><T22/><D79/><U54/><E76/><V43/><F43/><W36/><G36/><T14/><D14/><U103/><E54/><V55/><F55/><W50/><G50/><T41/><D41/><U68/><E68/><V88/><F88/><W7/><G69/><T9/><AGARI ba="2,1" hai="9,12,18,21,22,104,106,107" m="33537,51210" machi="9" ten="50,3200,0" yaku="20,1,19,1" doraHai="97,95" who="0" fromWho="0" sc="235,48,245,-18,255,-10,255,-10" /><INIT seed="2,0,0,2,2,115" ten="283,227,245,245" oya="2" hai0="95,132,113,3,9,87,6,80,27,34,77,102,59" hai1="35,116,40,128,85,96,67,54,105,47,131,101,82" hai2="51,50,110,107,94,120,91,127,25,98,109,72,19" hai3="42,61,75,92,111,133,37,17,66,74,12,5,106"/><V114/><F114/><W62/><G106/><T2/><D132/><U104/><E35/><V18/><F120/><W48/><G5/><T97/><D113/><U15/><E67/><V36/><F72/><W38/><G133/><T118/><D118/><U53/><E105/><V79/><F79/><W33/><G33/><T117/><D117/><U81/><E116/><V60/><F36/><W39/><G111/><N who="2" m="42505" /><F127/><W122/><G122/><T20/><D59/><U135/><E15/><V24/><F60/><W86/><G62/><T28/><REACH who="0" step="1"/><D34/><REACH who="0" ten="273,227,245,245" step="2"/><U4/><E135/><V70/><F70/><W76/><G66/><T121/><D121/><U31/><E131/><V64/><F64/><W68/><G68/><T26/><D26/><N who="2" m="10346" /><F107/><W63/><G75/><T134/><D134/><U8/><E128/><V21/><F21/><W108/><G74/><T55/><D55/><U32/><E32/><V41/><F41/><W88/><G108/><T73/><D73/><U130/><E130/><V112/><F112/><W1/><G42/><T100/><D100/><U78/><E54/><V58/><F58/><W0/><G61/><T83/><D83/><U84/><E53/><V44/><F44/><W123/><G63/><T13/><AGARI ba="0,1" hai="2,3,6,9,13,20,27,28,77,80,87,95,97,102" machi="13" ten="20,2700,0" yaku="1,1,0,1,7,1,53,0" doraHai="115" doraHaiUra="65" who="0" fromWho="0" sc="273,37,227,-7,245,-13,245,-7" /><INIT seed="3,0,0,5,2,2" ten="310,220,232,238" oya="3" hai0="26,93,68,97,76,78,72,56,38,58,85,115,118" hai1="108,81,31,90,105,54,123,46,102,95,30,57,70" hai2="96,51,132,126,124,61,34,87,88,82,25,50,110" hai3="1,66,3,35,119,23,131,24,75,134,103,67,121"/><W17/><G119/><T135/><D118/><U43/><E123/><V39/><F39/><W127/><G121/><T28/><D68/><U133/><E70/><V116/><F116/><W130/><G75/><T100/><D135/><U37/><E133/><V41/><F132/><W9/><G134/><T12/><D38/><U77/><E108/><V79/><F110/><W14/><G103/><T52/><D72/><U36/><E36/><V111/><F111/><W27/><G67/><T117/><D117/><U32/><E32/><V104/><F61/><W114/><G66/><T84/><D12/><U5/><E5/><V15/><F15/><W40/><G40/><T59/><D52/><U65/><E65/><V94/><F104/><W71/><G71/><T4/><D4/><U48/><E102/><V125/><F41/><W55/><G55/><T16/><D28/><AGARI ba="0,0" hai="25,28,34,50,51,79,82,87,88,94,96,124,125,126" machi="28" ten="40,2600,0" yaku="18,1,54,1" doraHai="2" who="2" fromWho="0" sc="310,-26,220,0,232,26,238,0" /><INIT seed="4,0,0,2,5,115" ten="284,220,258,238" oya="0" hai0="6,36,24,18,19,16,15,42,123,43,2,92,47" hai1="65,117,102,83,49,69,73,124,93,32,87,4,59" hai2="109,71,25,1,58,74,85,77,112,20,127,53,60" hai3="111,51,46,101,125,96,11,41,132,31,110,103,88"/><T23/><D123/><U97/><E32/><V40/><F112/><W56/><G125/><T27/><D2/><U114/><E114/><V54/><F1/><W131/><G132/><T104/><D104/><U84/><E124/><V52/><F74/><W105/><G131/><T9/><D43/><U7/><E69/><V86/><F109/><W129/><G129/><T61/><D27/><U22/><E117/><V38/><F71/><W57/><G103/><T95/><REACH who="0" step="1"/><D61/><REACH who="0" ten="274,220,258,238" step="2"/><N who="1" m="38079" /><E73/><V8/><F127/><W34/><G111/><T67/><D67/><U72/><E72/><V120/><F120/><W128/><G110/><T106/><D106/><U37/><E37/><V100/><F40/><W29/><G128/><T78/><D78/><N who="1" m="46199" /><E49/><V116/><F38/><W89/><G51/><T107/><D107/><U14/><E87/><V48/><F86/><W70/><G41/><T75/><D75/><U122/><E122/><V66/><F48/><W35/><G105/><T130/><D130/><U45/><E45/><V10/><F85/><W3/><G46/><T82/><D82/><U30/><E30/><AGARI ba="0,1" hai="6,9,15,16,18,19,23,24,30,36,42,47,92,95" machi="30" ten="40,3900,0" yaku="1,1,54,1,53,0" doraHai="115" doraHaiUra="98" who="0" fromWho="1" sc="274,49,220,-39,258,0,238,0" owari="323,42.3,181,-31.9,258,5.8,238,-16.2" /></mjloggm>