<mjloggm ver="2.3"><GO type="225" lobby="0"/><UN n0="%E3%83%A9%E3%83%BC%E3%83%A1%E3%83%B3%E4%BA%94%E9%83%8E" n1="%E3%83%96%E3%83%83%E3%83%91%E3%82%AA%E3%83%96%E3%83%81%E3%82%AD%E3%83%B3" n2="%E5%A4%8F%E9%88%B4%E9%88%B4%E5%A4%8F" n3="%E5%91%A8%E6%9D%B1" dan="16,16,16,17" rate="2165.81,2145.19,2147.24,2122.99" sx="M,M,F,M"/><TAIKYOKU oya="0"/><INIT seed="0,0,0,5,3,58" ten="250,250,250,250" oya="0" hai0="61,94,52,133,30,47,50,66,23,101,10,77,16" hai1="75,45,57,129,86,107,127,81,125,11,121,130,19" hai2="1,29,65,34,36,89,64,134,24,113,118,95,83" hai3="68,32,122,114,105,111,119,100,53,6,109,71,116"/><T12/><D133/><U108/><E121/><V5/><F113/><W80/><G6/><T123/><D123/><U0/><E45/><V42/><F134/><W35/><G80/><T87/><D77/><U18/><E107/><V13/><F1/><W59/><G122/><T135/><D135/><U115/><E75/><V124/><F124/><N who="1" m="47689" /><E115/><V74/><F118/><N who="3" m="45099" /><G114/><T76/><D76/><N who="1" m="46375" /><E108/><N who="3" m="41546" /><G100/><T56/><D30/><U48/><E0/><V92/><F83/><W31/><G105/><T126/><D126/><U97/><E97/><V60/><F74/><W17/><G17/><N who="1" m="6154" /><E11/><V40/><F5/><W103/><G103/><T39/><D39/><U93/><E93/><V82/><F13/><W67/><G31/><T37/><D37/><U79/><E79/><V55/><F36/><W84/><G84/><T21/><REACH who="0" step="1"/><D101/><REACH who="0" ten="240,250,250,250" step="2"/><U106/><E106/><V7/><F29/><W27/><G27/><T28/><D28/><U88/><E88/><AGARI ba="0,1" hai="10,12,16,21,23,47,50,52,56,61,66,87,88,94" machi="88" ten="40,18000,2" yaku="1,1,8,1,52,1,54,3,53,0" doraHai="58" doraHaiUra="73" who="0" fromWho="1" sc="240,190,250,-180,250,0,250,0" /><INIT seed="0,1,0,4,1,52" ten="430,70,250,250" oya="0" hai0="43,56,111,29,9,128,92,99,120,110,55,4,117" hai1="24,119,70,135,133,5,78,8,62,12,93,13,127" hai2="0,66,10,107,11,94,51,71,35,134,90,3,98" hai3="58,49,54,114,75,113,125,18,23,6,105,68,82"/><T74/><D117/><U79/><E119/><V102/><F35/><W76/><G105/><T89/><D120/><U129/><E70/><V39/><F39/><W30/><G125/><T33/><D74/><U80/><E62/><V15/><F11/><W84/><G68/><T42/><D128/><U38/><E38/><V17/><F134/><N who="1" m="51209" /><E127/><V46/><F66/><W63/><G6/><T31/><D42/><U67/><E129/><V87/><REACH who="2" step="1"/><F71/><REACH who="2" ten="430,70,240,250" step="2"/><W83/><G114/><T86/><D33/><U2/><E67/><V27/><F27/><W37/><G113/><T57/><D111/><U115/><E115/><V72/><F72/><W53/><G37/><T65/><D110/><U14/><E24/><V81/><F81/><W121/><G82/><T100/><D65/><U40/><E80/><V124/><F124/><W88/><G75/><T101/><D9/><U85/><E40/><AGARI ba="1,1" hai="0,3,10,15,17,40,46,51,87,90,94,98,102,107" machi="40" ten="30,2000,0" yaku="1,1,7,1,53,0" doraHai="52" doraHaiUra="106" who="2" fromWho="1" sc="430,0,70,-23,240,33,250,0" /><INIT seed="1,0,0,1,5,116" ten="430,47,273,250" oya="1" hai0="83,104,70,91,133,7,82,6,47,8,100,114,97" hai1="23,102,112,108,68,53,27,122,54,77,135,64,0" hai2="13,48,124,96,33,16,2,59,92,86,44,127,131" hai3="80,34,90,106,43,25,85,72,120,128,74,73,107"/><U22/><E112/><V69/><F2/><W113/><G43/><T129/><D114/><U109/><E0/><V5/><F5/><W89/><G25/><T51/><D70/><U58/><E77/><V1/><F69/><W49/><G49/><T121/><D129/><U14/><E102/><V81/><F1/><W11/><G11/><T20/><D133/><U40/><E40/><V101/><F33/><W42/><G34/><T60/><D60/><N who="1" m="37911" /><E68/><V24/><F24/><W130/><G42/><T30/><D100/><U45/><E135/><V10/><F131/><N who="3" m="50219" /><G113/><T26/><D104/><N who="3" m="39977" /><G90/><T15/><D91/><U67/><E67/><V66/><F44/><W35/><G35/><T105/><D105/><U21/><E27/><V110/><F48/><W118/><G118/><T98/><D26/><U87/><E14/><V75/><F66/><W3/><G3/><T28/><D15/><U62/><E62/><V119/><F13/><W99/><G99/><T76/><D76/><U17/><E17/><V132/><F96/><W4/><G4/><T88/><D88/><U32/><E32/><V125/><F16/><W18/><G18/><T50/><D30/><U56/><E22/><V95/><F10/><W117/><G117/><T65/><D20/><U123/><E21/><V93/><F119/><W41/><G41/><T57/><D65/><U84/><E23/><V9/><F9/><W55/><G55/><N who="1" m="21002" /><E56/><V52/><F59/><W29/><G29/><T37/><D57/><U79/><E45/><V38/><F132/><W12/><G12/><T103/><D47/><U31/><E31/><RYUUKYOKU ba="0,0" sc="430,-10,47,-10,273,-10,250,30" hai3="72,73,74,80,85,89,120" /><INIT seed="2,1,0,5,0,127" ten="420,37,263,280" oya="2" hai0="93,10,69,40,59,91,121,18,27,72,6,84,0" hai1="5,90,134,23,135,24,117,12,122,85,28,106,133" hai2="11,56,78,61,67,14,36,92,83,125,70,119,51" hai3="77,52,82,128,131,120,98,55,25,64,7,109,42"/><V104/><F104/><W3/><G120/><T126/><D121/><U108/><E122/><V111/><F119/><W13/><G109/><T41/><D69/><U22/><E117/><V34/><F125/><W16/><G64/><T73/><D126/><U44/><E106/><V99/><F111/><W38/><G98/><T80/><D72/><U33/><E108/><V39/><F34/><W65/><G25/><T86/><D73/><U8/><REACH who="1" step="1"/><E44/><REACH who="1" ten="420,27,263,280" step="2"/><V89/><F70/><W53/><G3/><T130/><D0/><U43/><E43/><V21/><F21/><W47/><G7/><T95/><D6/><U112/><E112/><V105/><F105/><W60/><G60/><T48/><D40/><U17/><E17/><V2/><F2/><W15/><G65/><T1/><D41/><U79/><E79/><V103/><F61/><W101/><G101/><T9/><D18/><U68/><E68/><V66/><F103/><W132/><G132/><T110/><D1/><U45/><E45/><V35/><F66/><W74/><REACH who="3" step="1"/><G13/><REACH who="3" ten="420,27,263,270" step="2"/><T26/><D110/><U107/><E107/><V116/><F67/><W96/><G96/><T57/><D26/><U94/><AGARI ba="1,2" hai="5,8,12,22,23,24,28,33,85,90,94,133,134,135" machi="94" ten="30,7900,0" yaku="1,1,0,1,20,1,53,1" doraHai="127" doraHaiUra="31" who="1" fromWho="1" sc="420,-21,27,102,263,-40,270,-21" /><INIT seed="3,0,0,3,0,6" ten="399,129,223,249" oya="3" hai0="79,19,54,106,10,34,133,71,125,42,12,57,73" hai1="31,112,77,98,109,131,85,111,24,69,115,15,43" hai2="82,120,103,107,76,104,35,123,94,9,124,44,61" hai3="108,37,5,110,135,17,1,11,99,100,0,20,80"/><W90/><G37/><T30/><D106/><U13/><E85/><N who="2" m="48327" /><F35/><W134/><G90/><T86/><D71/><U95/><E95/><V67/><F44/><W105/><G80/><N who="0" m="47391" /><D73/><U49/><E98/><N who="2" m="59863" /><F9/><W87/><G87/><T3/><D3/><U88/><E88/><V60/><F61/><W36/><G36/><T48/><D34/><N who="1" m="20839" /><E77/><V96/><F96/><W21/><G1/><T93/><D125/><U72/><E49/><V119/><F124/><W58/><G58/><T26/><D133/><N who="3" m="50697" /><G17/><T122/><D122/><N who="2" m="46634" /><F119/><W68/><G68/><AGARI ba="0,0" hai="60,67,68,104,107" m="46634,59863,48327" machi="68" ten="30,1000,0" yaku="13,1" doraHai="6" who="2" fromWho="3" sc="399,0,129,0,223,10,249,-10" owari="399,49.9,129,-37.1,233,-16.7,239,3.9" /></mjloggm>