<mjloggm ver="2.3"><GO type="225" lobby="0"/><UN n0="%E3%81%95%E3%81%8D%E3%81%9F%E3%81%BE%E6%9E%97%E6%AA%8E" n1="%E6%B4%BE%E9%81%A3%E3%81%AE%E3%82%B8%E3%83%A3%E3%83%83%E3%82%AF" n2="%E7%99%BD%E5%80%89%E5%AF%9B%E4%B9%8B" n3="%72%65%6E%6B%75%6E" dan="16,17,16,17" rate="2095.51,2191.25,2135.73,2185.63" sx="M,M,M,M"/><TAIKYOKU oya="0"/><INIT seed="0,0,0,3,5,31" ten="250,250,250,250" oya="0" hai0="53,17,66,7,25,103,20,117,72,102,39,111,52" hai1="124,119,55,51,15,10,112,98,80,83,26,70,12" hai2="47,41,43,84,135,78,95,2,3,71,129,91,125" hai3="97,100,37,93,96,1,130,75,40,134,63,16,30"/><T21/><D117/><U59/><E119/><V79/><F71/><W133/><G1/><T68/><D39/><U32/><E70/><V62/><F125/><W81/><G130/><T56/><D72/><U11/><E124/><V126/><F126/><W108/><G108/><T82/><D68/><U113/><E98/><V8/><F135/><W107/><G30/><N who="0" m="17703" /><D7/><U33/><E26/><V74/><F43/><W77/><G63/><N who="0" m="38247" /><D111/><U128/><E128/><V44/><F129/><W67/><G67/><T0/><D0/><U114/><E12/><V19/><F74/><W73/><G73/><T58/><D82/><N who="1" m="31275" /><E15/><N who="2" m="7655" /><F3/><W14/><G40/><T54/><D58/><U121/><E121/><V23/><F2/><W57/><G57/><T116/><D116/><U115/><N who="1" m="28672" /><DORA hai="132" /><U60/><E60/><V5/><F62/><W27/><G27/><AGARI ba="0,0" hai="17,21,27,52,53,54,102,103" m="38247,17703" machi="27" ten="30,2900,0" yaku="8,1,54,1" doraHai="31,132" who="0" fromWho="3" sc="250,29,250,0,250,0,250,-29" /><INIT seed="0,1,0,2,3,51" ten="279,250,250,221" oya="0" hai0="79,96,78,37,11,98,119,50,70,94,89,101,38" hai1="135,39,129,110,4,104,83,59,28,113,40,20,67" hai2="103,121,9,72,54,55,97,131,128,120,3,61,16" hai3="130,114,68,86,125,31,58,87,64,100,34,18,115"/><T95/><D119/><U44/><E104/><V10/><F72/><W23/><G68/><T112/><D70/><U77/><E110/><V105/><F61/><N who="3" m="37943" /><G34/><T32/><D32/><U134/><E129/><N who="2" m="49739" /><F9/><W24/><G130/><T85/><D112/><U133/><E113/><V75/><F75/><W42/><G42/><T15/><D38/><U73/><E4/><N who="2" m="1311" /><F16/><W117/><G117/><T82/><D37/><U49/><E67/><V13/><F13/><W118/><G118/><T92/><D92/><U102/><E102/><V53/><AGARI ba="1,0" hai="53,54,55,97,103,105,120,121" m="1311,49739" machi="53" ten="30,7900,0" yaku="19,1,52,3" doraHai="51" who="2" fromWho="2" sc="279,-40,250,-21,250,82,221,-21" /><INIT seed="1,0,0,1,2,6" ten="239,229,332,200" oya="1" hai0="72,82,132,69,78,79,25,48,30,91,99,96,1" hai1="109,40,22,20,103,71,34,27,73,123,128,105,119" hai2="31,47,111,64,70,135,33,18,8,124,94,58,13" hai3="12,118,5,56,65,129,61,26,32,37,16,74,130"/><U15/><E119/><V68/><F111/><W120/><G120/><T87/><D69/><U117/><E71/><V36/><F135/><W81/><G37/><T50/><D1/><U83/><E117/><V17/><F124/><W121/><G121/><T102/><D132/><U4/><E123/><V10/><F31/><N who="3" m="19575" /><G118/><T100/><D72/><U133/><E133/><V23/><F33/><W51/><G51/><N who="0" m="19499" /><D25/><U75/><E40/><V19/><F70/><W14/><G81/><T62/><D62/><U9/><E109/><V108/><F68/><W60/><G60/><T7/><D7/><U95/><E105/><V29/><F108/><W39/><G39/><T116/><D30/><U90/><E128/><N who="3" m="49258" /><G74/><T112/><D112/><U21/><E83/><V52/><F36/><W113/><G5/><T134/><D134/><U76/><E34/><V46/><F64/><W57/><G12/><T2/><D2/><U126/><E126/><V55/><F94/><W43/><G43/><T54/><D54/><N who="2" m="20522" /><F58/><N who="3" m="37047" /><G113/><T66/><D66/><U101/><E73/><V85/><F85/><W98/><G98/><N who="0" m="37419" /><D116/><U11/><E75/><V80/><F80/><W28/><G28/><T84/><D84/><N who="1" m="52679" /><E27/><N who="2" m="16639" /><F13/><W97/><G97/><T3/><D3/><U38/><E38/><V63/><F63/><W41/><G41/><T86/><D86/><U77/><E101/><AGARI ba="0,0" hai="78,79,82,87,91,100,101,102" m="37419,19499" machi="101" ten="30,1000,0" yaku="8,1" doraHai="6" who="0" fromWho="1" sc="239,10,229,-10,332,0,200,0" /><INIT seed="2,0,0,3,5,10" ten="249,219,332,200" oya="2" hai0="90,134,109,71,47,115,9,86,46,32,1,23,126" hai1="11,120,17,96,132,30,24,95,114,36,59,103,55" hai2="125,52,61,6,60,37,117,66,58,110,81,83,102" hai3="67,21,80,84,19,79,77,107,105,68,108,98,88"/><V74/><F37/><W124/><G108/><T38/><D109/><U26/><E114/><V97/><F110/><W106/><G124/><T64/><D32/><U111/><E36/><V7/><F125/><W44/><G44/><T92/><D126/><U129/><E111/><V49/><F117/><W93/><G67/><T128/><D115/><U43/><E43/><V2/><F61/><W5/><G5/><T69/><D23/><U16/><E129/><V48/><F48/><W85/><G68/><T42/><D128/><U101/><E132/><V135/><F135/><W133/><G133/><T76/><D76/><N who="3" m="29257" /><G21/><T89/><D134/><U94/><E120/><V41/><F41/><W116/><G19/><N who="1" m="7242" /><E30/><V118/><F118/><W14/><G14/><T57/><D42/><U0/><E0/><V99/><F74/><W15/><G15/><T4/><D38/><U119/><E11/><V34/><F34/><W82/><G116/><T12/><D1/><U29/><E29/><V28/><F28/><W31/><G31/><T70/><D70/><U35/><E35/><V39/><F39/><W127/><G127/><T27/><D27/><U25/><E119/><V123/><F123/><W20/><G20/><T122/><D122/><U63/><E26/><V13/><F2/><W121/><G121/><T8/><D8/><U104/><E104/><V112/><F112/><W87/><AGARI ba="0,0" hai="80,82,84,85,87,88,93,98,105,106,107" m="29257" machi="87" ten="40,12000,2" yaku="35,5,54,1" doraHai="10" who="3" fromWho="3" sc="249,-30,219,-30,332,-60,200,120" /><INIT seed="3,0,0,1,3,89" ten="219,189,272,320" oya="3" hai0="37,84,17,6,55,5,1,32,40,105,97,103,71" hai1="45,81,99,25,106,21,102,95,120,62,60,107,85" hai2="28,64,51,9,116,128,88,18,26,59,36,48,87" hai3="114,133,117,96,24,35,13,100,2,29,43,53,86"/><W127/><G114/><T131/><D71/><U33/><E120/><V15/><F36/><W90/><G2/><T12/><D32/><U92/><E33/><V122/><F122/><W129/><G117/><T113/><D1/><U16/><E106/><V8/><F128/><W75/><G75/><T50/><D131/><U132/><E132/><V82/><F116/><W110/><G129/><T98/><D113/><U83/><E45/><V65/><F9/><W44/><G53/><T67/><D67/><U91/><E107/><V112/><F112/><W52/><G52/><T31/><D31/><U109/><E109/><V66/><REACH who="2" step="1"/><F59/><REACH who="2" ten="219,189,262,320" step="2"/><W94/><G110/><T30/><D37/><U20/><E20/><AGARI ba="0,1" hai="8,15,18,20,26,28,48,51,64,65,66,82,87,88" machi="20" ten="40,8000,1" yaku="1,1,2,1,8,1,54,1,53,0" doraHai="89" doraHaiUra="57" who="2" fromWho="1" sc="219,0,189,-80,262,90,320,0" owari="219,-18.1,109,-39.1,352,45.2,320,12.0" /></mjloggm>