<mjloggm ver="2.3"><GO type="225" lobby="0"/><UN n0="%E3%82%A2%E3%83%9E%E3%83%9D%EF%BD%9E%EF%BD%9E%E3%83%A9" n1="%E3%82%A4%E3%83%BC%E3%82%B1%E3%83%97%E3%83%A9" n2="%E3%83%A9%E3%83%BC%E3%83%A1%E3%83%B3%E4%BA%94%E9%83%8E" n3="%E4%BF%BA%E3%81%A8%E5%A6%96%E5%A4%A2" dan="17,17,16,16" rate="2117.09,2206.91,2075.74,2124.84" sx="M,M,M,F"/><TAIKYOKU oya="0"/><INIT seed="0,0,0,4,1,40" ten="250,250,250,250" oya="0" hai0="65,9,17,131,6,129,127,120,19,86,113,13,24" hai1="36,16,29,81,71,68,7,102,78,32,115,95,15" hai2="73,133,66,54,20,55,135,80,106,124,28,89,3" hai3="35,60,39,123,27,121,100,11,75,77,134,85,5"/><T96/><D120/><N who="3" m="46153" /><G75/><T59/><D113/><U99/><E115/><V88/><F106/><W46/><G134/><N who="2" m="51209" /><F3/><N who="3" m="447" /><G100/><T21/><D96/><U22/><E36/><V91/><F124/><W26/><G35/><T126/><D86/><U119/><E119/><V84/><F73/><W10/><G10/><N who="0" m="6327" /><D59/><U128/><E128/><N who="0" m="49225" /><D65/><U44/><E7/><V43/><F66/><W109/><G109/><T72/><D72/><U51/><E29/><V30/><F43/><N who="3" m="22911" /><G60/><T33/><D33/><U93/><E32/><V122/><F122/><W83/><AGARI ba="0,0" hai="26,27,77,83,85" m="22911,447,46153" machi="83" ten="30,2000,0" yaku="13,1,52,1" doraHai="40" who="3" fromWho="3" sc="250,-10,250,-5,250,-5,250,20" /><INIT seed="1,0,0,4,4,76" ten="240,245,245,270" oya="1" hai0="26,22,31,1,70,6,106,75,84,91,126,86,108" hai1="49,0,18,111,47,13,131,38,125,14,77,103,57" hai2="104,33,60,32,97,21,113,112,15,110,46,40,95" hai3="88,99,64,119,44,17,19,23,43,132,105,41,80"/><U29/><E0/><V67/><F104/><W24/><G132/><T122/><D75/><U10/><E131/><V3/><F3/><W118/><G64/><T74/><D74/><U100/><E125/><V34/><F110/><W25/><G105/><T20/><D70/><U62/><E111/><V11/><F21/><W9/><G9/><T35/><D108/><U135/><E135/><V66/><F95/><W127/><G127/><T85/><D126/><U58/><E38/><N who="2" m="21783" /><F60/><W4/><G4/><T45/><D106/><U98/><E29/><V42/><F42/><W107/><G107/><T12/><D45/><U124/><E124/><V96/><F67/><W73/><G73/><T36/><D36/><U133/><E133/><V83/><F66/><W8/><G8/><N who="0" m="2127" /><D22/><N who="1" m="11599" /><E77/><V92/><F92/><W28/><G99/><T109/><D109/><U27/><E27/><V79/><F11/><W89/><G89/><T54/><D54/><N who="1" m="34103" /><E98/><V55/><F55/><W69/><G69/><T37/><D37/><U52/><E47/><V48/><F15/><W56/><G56/><T81/><D122/><U53/><E53/><V115/><F48/><W87/><G41/><T2/><D2/><U65/><E65/><V123/><F123/><W90/><G25/><T63/><D63/><U16/><AGARI ba="0,0" hai="10,14,16,49,52,58,100,103" m="34103,11599" machi="16" ten="30,6000,0" yaku="8,1,54,2" doraHai="76" who="1" fromWho="1" sc="240,-20,245,60,245,-20,270,-20" /><INIT seed="1,1,0,4,0,124" ten="220,305,225,250" oya="1" hai0="53,10,132,108,126,117,92,56,68,102,52,120,37" hai1="99,26,49,134,25,23,21,115,118,109,116,130,32" hai2="41,28,46,9,16,101,30,87,17,15,127,65,29" hai3="2,1,105,91,81,18,5,76,58,74,24,96,39"/><U51/><E32/><V38/><F127/><W40/><G24/><T66/><D117/><U3/><E3/><V55/><F65/><W111/><G18/><T123/><D126/><U33/><E33/><V125/><F125/><W107/><G111/><T135/><D10/><U62/><E109/><V11/><F101/><W20/><G20/><T94/><D37/><U121/><E115/><V22/><F17/><W43/><G58/><T4/><D4/><U103/><E62/><V67/><F67/><W129/><G91/><T73/><D73/><U69/><E69/><V131/><F131/><W44/><G40/><T19/><D19/><U98/><E103/><V93/><REACH who="2" step="1"/><F55/><REACH who="2" ten="220,305,215,250" step="2"/><N who="0" m="21066" /><D108/><U13/><E130/><V50/><F50/><W97/><G129/><T78/><D68/><U95/><E51/><V79/><F79/><W82/><G76/><T34/><D78/><U89/><E49/><V72/><F72/><W54/><G74/><T90/><D102/><U60/><E118/><V36/><F36/><W77/><G77/><T80/><D123/><U106/><E116/><V7/><F7/><W122/><G5/><T104/><D120/><U75/><E75/><V84/><F84/><W57/><G122/><T31/><D104/><U113/><E121/><V6/><F6/><W85/><G107/><T27/><D135/><U0/><E106/><V47/><F47/><W70/><G105/><T83/><D132/><U8/><E134/><V100/><F100/><W12/><G39/><T64/><D64/><U112/><E112/><V42/><F42/><W86/><G43/><T133/><D133/><RYUUKYOKU ba="1,1" sc="220,-10,305,-10,215,30,250,-10" hai2="9,11,15,16,22,28,29,30,38,41,46,87,93" /><INIT seed="2,2,1,3,4,106" ten="210,295,245,240" oya="2" hai0="29,57,47,25,76,62,58,56,39,104,63,79,40" hai1="66,121,37,42,17,38,36,2,108,128,34,27,54" hai2="78,87,49,81,92,45,73,51,74,130,82,89,90" hai3="97,6,64,118,16,98,99,135,31,115,77,19,10"/><V75/><F130/><W101/><G118/><T5/><D104/><U117/><E117/><V60/><F60/><W105/><G135/><T24/><D5/><U55/><E128/><V127/><F127/><W65/><G115/><T123/><D123/><U71/><E2/><V13/><F13/><W129/><G129/><T84/><D24/><U100/><E121/><V132/><F132/><W14/><G31/><T102/><D102/><U41/><E100/><V93/><F82/><W20/><G77/><T109/><D109/><U124/><E17/><V4/><F4/><W126/><G19/><T88/><D63/><N who="1" m="40415" /><E27/><V86/><F51/><W119/><G126/><T1/><D1/><U52/><E34/><V69/><F69/><W68/><G119/><T35/><REACH who="0" step="1"/><D62/><REACH who="0" ten="200,295,245,240" step="2"/><U23/><E124/><V70/><F70/><W85/><G68/><T7/><D7/><U28/><E108/><V94/><F94/><AGARI ba="2,2" hai="25,29,35,39,40,47,56,57,58,76,79,84,88,94" machi="94" ten="40,2600,0" yaku="1,1,54,1,53,0" doraHai="106" doraHaiUra="59" who="0" fromWho="2" sc="200,52,295,0,245,-32,240,0" /><INIT seed="3,0,0,4,2,131" ten="252,295,213,240" oya="3" hai0="8,92,59,66,25,86,112,19,102,100,122,114,68" hai1="45,15,73,50,44,107,85,64,62,4,129,63,55" hai2="27,118,84,120,2,52,24,26,47,37,57,133,56" hai3="97,16,48,49,40,3,32,113,33,31,90,104,94"/><W109/><G113/><N who="0" m="43627" /><D68/><U6/><E73/><V91/><F118/><W42/><G3/><T65/><D122/><U21/><E107/><V9/><F120/><W46/><G109/><T34/><D8/><U60/><E129/><V1/><F37/><W76/><G31/><N who="0" m="19823" /><D19/><N who="1" m="10495" /><E64/><N who="0" m="24681" /><D59/><N who="1" m="33271" /><E85/><V61/><F47/><AGARI ba="0,0" hai="4,6,44,45,47,60,62,63" m="33271,10495" machi="47" ten="30,1000,0" yaku="8,1" doraHai="131" who="1" fromWho="2" sc="252,0,295,10,213,-10,240,0" owari="252,5.2,305,40.5,203,-29.7,240,-16.0" /></mjloggm>