<mjloggm ver="2.3"><GO type="225" lobby="0"/><UN n0="%E3%81%A4%E3%81%A3%E3%81%B1%E3%82%8A%E3%83%9D%E3%83%BC%E3%83%AB" n1="%E5%8C%97%E6%AC%A7%E3%81%AE%E3%82%82%E3%81%93%E3%81%86" n2="%6C%61%6D%62" n3="%72%61%6B%33" dan="17,16,16,16" rate="2122.93,2112.89,2249.61,2071.04" sx="M,M,M,M"/><TAIKYOKU oya="0"/><INIT seed="0,0,0,1,3,43" ten="250,250,250,250" oya="0" hai0="120,91,4,95,14,10,93,113,15,44,67,97,48" hai1="52,1,118,53,17,69,106,98,6,16,81,59,102" hai2="41,112,83,57,28,130,77,63,12,76,111,78,124" hai3="90,129,22,114,121,87,70,109,71,64,108,96,9"/><T13/><D113/><U46/><E118/><V60/><F112/><W37/><G114/><T100/><D120/><U84/><E69/><V20/><F111/><W119/><G119/><T11/><D67/><U116/><E116/><V47/><F124/><W21/><G37/><T31/><D31/><U3/><E53/><V80/><F130/><W35/><G35/><T75/><D75/><U56/><E56/><V49/><F63/><W0/><G96/><T2/><D2/><U125/><E125/><V131/><F131/><W92/><G129/><T34/><D34/><U82/><E82/><V32/><F32/><W18/><G121/><T39/><D39/><U29/><E29/><V54/><REACH who="2" step="1"/><F12/><REACH who="2" ten="250,250,240,250" step="2"/><N who="3" m="7439" /><G0/><T134/><D134/><U58/><E1/><V62/><F62/><N who="3" m="40215" /><G71/><T73/><D73/><U23/><E3/><V50/><F50/><W8/><G109/><T115/><D115/><U66/><E66/><V79/><N who="2" m="19456" /><DORA hai="94" /><V26/><AGARI ba="0,1" hai="20,26,28,41,47,49,54,57,60,80,83" m="19456" machi="26" ten="40,8000,1" yaku="1,1,4,1,0,1,8,1,52,1,53,0" doraHai="43,94" doraHaiUra="135,7" who="2" fromWho="2" sc="250,-40,250,-20,240,90,250,-20" /><INIT seed="1,0,0,3,4,12" ten="210,230,330,230" oya="1" hai0="106,18,35,112,80,19,34,22,27,74,60,50,130" hai1="107,66,105,55,46,101,120,81,90,95,114,77,6" hai2="4,82,102,116,75,131,104,39,2,133,88,57,59" hai3="52,61,84,67,65,134,115,42,1,44,20,128,92"/><U132/><E114/><V118/><F133/><W29/><G1/><T68/><D112/><U78/><E120/><V121/><F121/><W129/><G115/><T135/><D106/><N who="1" m="40459" /><E66/><V32/><F32/><W103/><G134/><T23/><D135/><U14/><E14/><V53/><F131/><W96/><G84/><T111/><D130/><N who="3" m="50281" /><G29/><T41/><D111/><U31/><E55/><V117/><F39/><N who="3" m="21599" /><G20/><T69/><D80/><U30/><E46/><V21/><F21/><W38/><G38/><T54/><D74/><N who="1" m="43191" /><E6/><V13/><F2/><W25/><G25/><T10/><D10/><U126/><E30/><V17/><F4/><W85/><G85/><T33/><D41/><U87/><E31/><V108/><F75/><W93/><G93/><T113/><D60/><U71/><E71/><V98/><F108/><W43/><G43/><T79/><D79/><U110/><E132/><V47/><F47/><W119/><G119/><T15/><REACH who="0" step="1"/><D113/><REACH who="0" ten="200,230,330,230" step="2"/><U70/><E110/><V24/><F117/><W109/><G109/><T76/><D76/><U63/><E78/><V64/><F116/><W0/><G0/><T11/><D11/><U7/><E63/><V28/><F118/><W91/><G103/><T73/><D73/><U3/><E101/><V86/><F102/><W48/><G61/><T94/><D94/><U8/><E126/><V16/><F104/><W72/><G72/><T89/><D89/><U123/><E123/><V49/><F88/><W99/><G99/><T122/><D122/><U26/><E70/><V125/><F125/><W37/><G37/><T51/><D51/><RYUUKYOKU ba="0,1" sc="200,10,230,10,330,-30,230,10" hai0="15,18,19,22,23,27,33,34,35,50,54,68,69" hai1="3,7,8,26,87,90,95" hai3="48,52,65,67,91,92,96" /><INIT seed="1,1,1,1,1,112" ten="210,240,300,240" oya="1" hai0="7,73,63,108,49,30,75,24,25,20,38,113,47" hai1="132,41,107,119,93,51,40,109,44,4,19,122,117" hai2="23,90,118,13,16,69,11,22,86,46,88,115,21" hai3="57,80,124,97,67,56,62,32,6,71,12,61,54"/><U104/><E122/><V1/><F115/><W78/><G32/><T0/><D113/><U95/><E4/><V3/><F69/><W14/><G124/><T103/><D108/><U123/><E123/><V101/><F118/><N who="1" m="45065" /><E51/><V87/><F101/><W31/><G31/><T106/><D38/><U28/><E44/><V120/><F120/><W10/><G97/><T130/><D130/><U85/><E85/><V48/><F87/><W81/><G71/><T70/><D25/><U9/><E28/><V18/><F90/><W116/><G116/><T53/><D7/><U121/><E9/><V94/><REACH who="2" step="1"/><F18/><REACH who="2" ten="210,240,290,240" step="2"/><W110/><G110/><T29/><D75/><U83/><E121/><V37/><F37/><W91/><G91/><T17/><D73/><U45/><E109/><V125/><F125/><W131/><G131/><T58/><D70/><U8/><E19/><V79/><F79/><W65/><G78/><T27/><D103/><U84/><E84/><V96/><F96/><W77/><G77/><T39/><D39/><U33/><E132/><V127/><F127/><W36/><G36/><T68/><D68/><U66/><E107/><V82/><F82/><W2/><G81/><T76/><D106/><U134/><E104/><V74/><F74/><W35/><G80/><T114/><D76/><U102/><E83/><V126/><F126/><W98/><G98/><T59/><D114/><U55/><E102/><V60/><F60/><W135/><G135/><T34/><D63/><U42/><E134/><V111/><F111/><W133/><G133/><T72/><D72/><U128/><E128/><RYUUKYOKU ba="1,2" sc="210,-10,240,-10,290,30,240,-10" hai2="1,3,11,13,16,21,22,23,46,48,86,88,94" /><INIT seed="2,2,2,1,2,91" ten="200,230,320,230" oya="2" hai0="75,31,56,58,36,83,110,1,61,3,44,131,135" hai1="125,30,114,17,78,53,33,60,102,39,40,116,106" hai2="51,92,109,115,50,15,105,5,129,132,97,12,9" hai3="45,69,95,126,47,128,67,85,32,48,62,55,88"/><V72/><F115/><W113/><G113/><T77/><D110/><U96/><E114/><V121/><F121/><W6/><G126/><T108/><D108/><U63/><E116/><V7/><F132/><W52/><G128/><T90/><D135/><U23/><E125/><V80/><F129/><W76/><G32/><T93/><D131/><U14/><E78/><V43/><F105/><W54/><G6/><T73/><D73/><U117/><E117/><V79/><F109/><W65/><G65/><T70/><D70/><U22/><E33/><V87/><F72/><W64/><G64/><T57/><D31/><U89/><E39/><V13/><F5/><W25/><G47/><T21/><D21/><U28/><E40/><V127/><F127/><W122/><G122/><T111/><D61/><U35/><E35/><V112/><F112/><W119/><G119/><T71/><D71/><U18/><E89/><N who="2" m="55439" /><F50/><W107/><G107/><T38/><D111/><U120/><E120/><V123/><F123/><W8/><G8/><T86/><REACH who="0" step="1"/><D44/><AGARI ba="2,2" hai="7,9,12,13,15,43,44,51,79,80,87" m="55439" machi="44" ten="30,5800,0" yaku="25,1,8,1,52,1" doraHai="91" who="2" fromWho="0" sc="200,-64,230,0,320,84,230,0" /><INIT seed="2,3,0,2,0,78" ten="136,230,404,230" oya="2" hai0="64,30,27,40,52,76,28,46,48,4,36,110,131" hai1="128,22,42,20,60,17,55,19,101,83,58,2,124" hai2="104,3,80,45,65,127,54,13,33,120,89,56,18" hai3="14,90,122,0,62,71,82,74,10,53,77,102,21"/><V8/><F33/><W95/><G122/><T12/><D110/><U117/><E128/><V109/><F104/><W41/><G21/><T126/><D131/><U44/><E124/><V70/><F120/><W32/><G32/><T23/><D126/><U111/><E111/><V130/><F127/><W39/><G102/><T118/><D118/><U92/><E2/><V91/><F70/><W97/><G0/><T134/><D134/><U49/><E117/><V123/><F65/><W116/><G116/><T98/><D64/><U85/><E20/><V100/><F123/><W37/><G41/><T106/><D30/><U61/><E61/><V26/><F100/><W99/><G99/><T86/><D98/><N who="1" m="59591" /><E22/><V59/><F3/><W129/><G129/><T35/><D106/><U93/><E93/><V43/><F109/><W31/><G31/><T73/><D73/><U50/><E50/><V66/><F66/><W81/><G81/><N who="0" m="47399" /><D36/><U57/><E58/><V75/><F59/><W107/><G107/><T72/><D72/><U88/><AGARI ba="3,0" hai="17,19,42,44,49,55,57,60,83,85,88" m="59591" machi="88" ten="30,4000,0" yaku="8,1,52,1,54,1" doraHai="78" who="1" fromWho="1" sc="136,-13,230,49,404,-23,230,-13" /><INIT seed="3,0,0,1,1,108" ten="123,279,381,217" oya="3" hai0="107,117,84,75,96,2,55,111,64,88,80,52,42" hai1="77,6,9,27,32,76,15,85,124,106,97,126,103" hai2="90,120,98,4,91,132,19,40,12,63,0,65,92" hai3="43,48,102,73,70,10,37,68,23,104,17,125,135"/><W83/><G125/><N who="1" m="48234" /><E85/><V101/><F40/><W24/><G135/><T78/><D117/><U87/><E87/><V66/><F0/><W69/><G37/><T53/><D111/><U134/><E134/><V31/><F120/><W118/><G118/><T74/><D2/><U34/><E27/><V41/><F41/><W13/><G102/><T49/><D64/><U46/><E46/><V7/><F31/><W115/><G104/><T110/><D110/><U16/><E6/><N who="2" m="2091" /><F132/><W38/><G38/><T25/><D25/><U82/><E82/><V14/><F14/><W86/><G73/><T100/><REACH who="0" step="1"/><D78/><AGARI ba="0,0" hai="9,15,16,32,34,76,77,78,97,103,106" m="48234" machi="78" ten="30,2000,0" yaku="18,1,54,1" doraHai="108" who="1" fromWho="0" sc="123,-20,279,20,381,0,217,0" owari="103,-39.7,299,9.9,381,48.1,217,-18.3" /></mjloggm>