<mjloggm ver="2.3"><GO type="225" lobby="0"/><UN n0="%E3%82%8F%E3%81%8B%E3%81%B0%2A%E3%82%AC%E3%83%BC%E3%83%AB" n1="%E6%96%B7%E9%AD%82" n2="%E6%A1%9C%E8%8A%B1%E9%96%83%E3%80%85" n3="%6B%75%72%69%73%75" dan="16,17,17,16" rate="2068.68,2225.57,2228.93,2148.25" sx="M,M,M,M"/><TAIKYOKU oya="0"/><INIT seed="0,0,0,1,1,9" ten="250,250,250,250" oya="0" hai0="121,37,38,99,5,73,79,105,120,41,1,44,12" hai1="49,95,29,6,13,124,78,126,57,94,46,25,55" hai2="114,113,102,85,56,58,40,23,62,27,67,128,112" hai3="71,108,104,110,2,70,93,64,92,53,132,60,8"/><T87/><D37/><U89/><E78/><V100/><F128/><W7/><G132/><T32/><D32/><U24/><E95/><V0/><F0/><W66/><G104/><T17/><D73/><U76/><E76/><V116/><F116/><W21/><G21/><T74/><D74/><U14/><E6/><V75/><F75/><W96/><G53/><T69/><D69/><U19/><E19/><V50/><F85/><W33/><G33/><T86/><D5/><U10/><E10/><V83/><F83/><W125/><G125/><N who="1" m="48234" /><E46/><V129/><F102/><W31/><G31/><T30/><D30/><U107/><E107/><V68/><F100/><W101/><REACH who="3" step="1"/><G93/><REACH who="3" ten="250,250,250,240" step="2"/><T36/><D105/><U65/><E65/><V34/><F67/><W84/><G84/><T26/><D87/><N who="1" m="52543" /><E25/><V131/><F27/><W97/><G97/><T47/><D99/><U48/><E49/><V43/><F50/><W127/><G127/><T18/><D26/><U52/><E55/><V35/><F114/><W80/><G80/><T51/><D51/><U72/><E72/><V54/><F54/><W106/><G106/><T118/><D86/><U28/><E29/><V4/><F113/><W45/><G45/><T3/><D79/><U90/><E90/><V115/><F112/><W122/><G122/><T109/><D44/><U103/><E103/><V133/><F115/><W88/><G88/><T135/><D47/><U15/><E28/><V117/><F35/><W81/><G81/><T130/><D120/><U59/><E24/><V42/><F34/><W61/><AGARI ba="0,1" hai="2,7,8,60,61,64,66,70,71,92,96,101,108,110" machi="61" ten="30,8000,1" yaku="1,1,0,1,9,1,53,2" doraHai="9" doraHaiUra="63" who="3" fromWho="3" sc="250,-40,250,-20,250,-20,240,90" /><INIT seed="1,0,0,2,4,61" ten="210,230,230,330" oya="1" hai0="91,103,119,46,104,108,20,5,41,2,80,82,66" hai1="114,45,24,25,22,58,124,87,125,35,77,44,47" hai2="93,109,127,74,71,133,6,123,34,81,3,102,83" hai3="128,72,107,38,98,21,52,115,85,31,88,129,37"/><U60/><E114/><V51/><F123/><W100/><G72/><T135/><D119/><U121/><E121/><V101/><F34/><W65/><G115/><T95/><D108/><U90/><E77/><V86/><F71/><W50/><G65/><T15/><D2/><U68/><E68/><V39/><F39/><W36/><G21/><T4/><D104/><U23/><E35/><V54/><F109/><W70/><G31/><T94/><D103/><U105/><E105/><V69/><F69/><W12/><G12/><T92/><D66/><U89/><E87/><V0/><F127/><N who="1" m="48713" /><E22/><V56/><F133/><W73/><G73/><T53/><D135/><U111/><E111/><V62/><F86/><W131/><G70/><T64/><D53/><N who="1" m="33871" /><E24/><V76/><F83/><N who="3" m="49215" /><G36/><T29/><D64/><U33/><E33/><V126/><F126/><W26/><G26/><T118/><D118/><U84/><E84/><V116/><F116/><W13/><G13/><T16/><D29/><AGARI ba="0,0" hai="23,25,29,44,45,47,89,90" m="33871,48713" machi="29" ten="30,1500,0" yaku="18,1" doraHai="61" who="1" fromWho="0" sc="210,-15,230,15,230,0,330,0" /><INIT seed="1,1,0,1,0,39" ten="195,245,230,330" oya="1" hai0="66,61,118,8,73,108,120,80,51,88,79,100,22" hai1="40,126,44,97,63,56,81,131,128,101,96,36,65" hai2="17,19,84,49,110,35,69,116,90,70,31,78,124" hai3="75,52,26,14,9,134,71,24,45,28,23,127,109"/><U18/><E126/><V1/><F116/><W58/><G71/><T83/><D118/><U89/><E18/><V29/><F124/><W15/><G127/><T60/><D108/><U135/><E135/><V46/><F1/><W3/><G134/><T117/><D117/><U68/><E89/><V103/><F110/><W94/><G109/><T114/><D114/><U37/><E81/><V41/><F103/><W59/><G75/><T72/><D100/><U107/><E97/><V10/><F78/><W91/><G3/><T95/><D120/><U129/><REACH who="1" step="1"/><E36/><REACH who="1" ten="195,235,230,330" step="2"/><V77/><F19/><N who="3" m="8655" /><G26/><T106/><D80/><U85/><E85/><V98/><F90/><W21/><G21/><T105/><D22/><U5/><E5/><V99/><F84/><N who="3" m="52583" /><G15/><T86/><D72/><U112/><E112/><V38/><F38/><W7/><G7/><T2/><D73/><U48/><E48/><AGARI ba="1,1" hai="23,24,28,45,48,52,58,59" m="52583,8655" machi="48" ten="30,2000,0" yaku="8,1,54,1" doraHai="39" who="3" fromWho="1" sc="195,0,235,-23,230,0,330,33" /><INIT seed="2,0,0,3,3,87" ten="195,212,230,363" oya="2" hai0="29,63,7,103,27,127,28,75,100,134,61,130,9" hai1="91,74,35,116,57,18,71,33,73,56,54,120,3" hai2="109,45,93,84,46,92,31,13,98,119,21,108,15" hai3="62,86,90,2,81,110,89,99,37,117,121,82,113"/><V6/><F119/><W12/><G2/><T49/><D127/><U22/><E71/><V111/><F84/><N who="3" m="50319" /><G37/><T48/><D130/><U40/><E3/><V55/><F93/><N who="3" m="56759" /><G121/><T128/><D134/><U32/><E40/><V53/><F53/><W104/><G104/><T16/><D75/><U43/><E43/><V20/><F31/><N who="0" m="11850" /><D7/><U38/><E38/><V42/><F55/><W25/><G25/><T78/><D78/><U50/><E116/><V19/><F6/><W24/><G24/><T14/><D27/><U60/><E120/><V97/><F97/><W30/><G30/><T101/><D128/><U114/><E74/><V59/><F13/><W17/><G117/><T102/><N who="0" m="25600" /><DORA hai="11" /><T132/><D132/><U51/><E73/><V8/><F109/><W133/><G133/><T68/><D68/><U88/><E33/><V122/><F122/><W79/><G110/><T66/><D66/><U4/><E35/><V123/><F123/><W118/><G118/><T96/><D96/><U67/><E32/><V126/><F98/><W69/><G113/><T106/><D106/><U10/><E114/><V0/><F0/><W124/><G124/><T85/><D85/><U65/><E67/><V5/><F126/><W94/><G69/><T80/><D80/><U77/><E77/><V95/><F108/><W105/><G105/><T129/><D129/><U83/><E83/><V64/><F111/><W135/><G135/><T41/><D41/><U131/><E131/><V52/><F42/><W23/><G94/><T39/><D39/><U36/><E36/><V34/><F92/><RYUUKYOKU ba="0,0" sc="195,15,212,-15,230,-15,363,15" hai0="9,14,16,48,49,61,63" hai3="12,17,23,62,79,82,86" /><INIT seed="3,1,0,3,1,57" ten="210,197,215,378" oya="3" hai0="98,132,85,123,100,67,66,77,80,120,112,99,63" hai1="14,87,5,61,126,108,121,51,117,89,53,118,103" hai2="119,116,76,135,82,33,37,2,34,36,64,131,21" hai3="22,59,29,50,12,65,44,91,94,49,74,68,54"/><W110/><G74/><T133/><D112/><U16/><E121/><N who="0" m="46665" /><D67/><U97/><E5/><V6/><F21/><W124/><G124/><T55/><D55/><U41/><E108/><V47/><F64/><W106/><G106/><N who="0" m="63767" /><D99/><U122/><E126/><V128/><F135/><N who="0" m="51786" /><D66/><U75/><E122/><V93/><F119/><N who="1" m="45577" /><E75/><V111/><F116/><W4/><G68/><T8/><D8/><N who="1" m="6215" /><E41/><V23/><F111/><W27/><G110/><T30/><D63/><U83/><E97/><V73/><F128/><W95/><G91/><T105/><D30/><U38/><E103/><V9/><F131/><W60/><G50/><T130/><D130/><U125/><E125/><V71/><F37/><W28/><G28/><T56/><D56/><N who="1" m="34959" /><E51/><V31/><F36/><AGARI ba="1,0" hai="36,38,83,87,89" m="34959,6215,45577" machi="36" ten="30,3900,0" yaku="12,1,52,1,54,1" doraHai="57" who="1" fromWho="2" sc="210,0,197,42,215,-42,378,0" owari="210,-19.0,239,3.9,173,-32.7,378,47.8" /></mjloggm>