<mjloggm ver="2.3"><GO type="225" lobby="0"/><UN n0="%EF%BC%AE%EF%BC%A1%EF%BC%AF%33%33%39" n1="%E6%A1%9C%E8%8A%B1%E9%96%83%E3%80%85" n2="%E7%9A%AE%E3%80%85" n3="%E5%91%A8%E6%9D%B1" dan="16,16,16,17" rate="2118.71,2187.41,2139.82,2175.76" sx="M,M,F,M"/><TAIKYOKU oya="0"/><INIT seed="0,0,0,2,1,54" ten="250,250,250,250" oya="0" hai0="30,102,62,14,4,67,119,28,50,116,82,93,89" hai1="133,58,97,41,86,90,25,121,69,95,126,117,99" hai2="100,22,60,125,29,24,127,134,35,88,120,76,27" hai3="61,123,129,52,79,83,80,63,12,104,16,85,112"/><T26/><D82/><U111/><E117/><V75/><F120/><W47/><G129/><T71/><D102/><U18/><E69/><V74/><F134/><W113/><G104/><T98/><D30/><U20/><E121/><V94/><F100/><W109/><G123/><T92/><D92/><U96/><E133/><V131/><F131/><W65/><G109/><T1/><D1/><U9/><E111/><V7/><F7/><W34/><G34/><T103/><D89/><U135/><E135/><V105/><F105/><W45/><G83/><T78/><D78/><U66/><E126/><N who="2" m="48139" /><F60/><W10/><G47/><T11/><REACH who="0" step="1"/><D50/><REACH who="0" ten="240,250,250,250" step="2"/><U130/><E130/><V56/><F76/><W5/><G113/><T81/><D81/><U107/><E107/><V48/><F88/><W118/><G112/><T49/><D49/><U37/><E90/><V17/><F94/><W122/><G122/><T2/><D2/><U21/><E95/><V38/><F38/><W57/><G118/><T43/><D43/><U36/><E41/><V23/><F35/><AGARI ba="0,1" hai="4,11,14,26,28,35,62,67,71,93,98,103,116,119" machi="35" ten="30,2900,0" yaku="1,1,7,1,53,0" doraHai="54" doraHaiUra="32" who="0" fromWho="2" sc="240,39,250,0,250,-29,250,0" /><INIT seed="0,1,0,2,1,10" ten="279,250,221,250" oya="0" hai0="94,81,20,106,64,72,91,63,68,58,80,111,85" hai1="4,95,21,24,1,75,107,62,16,7,49,130,113" hai2="12,47,76,3,44,45,129,89,120,18,88,70,131" hai3="86,114,127,110,59,104,74,112,37,103,14,46,125"/><T57/><D106/><U118/><E107/><V30/><F3/><W105/><G74/><T109/><D20/><U132/><E118/><V29/><F70/><W52/><G110/><N who="0" m="41995" /><D80/><U83/><E130/><N who="2" m="49675" /><F76/><AGARI ba="1,0" hai="57,58,63,64,68,72,76,81,85,91,94" m="41995" machi="76" ten="30,2900,0" yaku="14,1,10,1" doraHai="10" who="0" fromWho="2" sc="279,32,250,0,221,-32,250,0" /><INIT seed="0,2,0,4,5,43" ten="311,250,189,250" oya="0" hai0="111,86,118,34,61,113,35,76,19,114,92,112,10" hai1="4,74,122,37,134,88,83,79,6,8,133,31,1" hai2="108,115,3,106,20,45,75,11,71,95,50,38,40" hai3="132,54,128,130,23,121,98,80,21,70,46,124,82"/><T81/><D118/><U30/><E122/><V85/><F115/><W22/><G70/><T52/><D92/><U67/><E67/><V116/><F116/><W119/><G121/><T100/><D100/><U59/><E6/><V12/><F106/><W56/><G119/><T27/><D111/><U78/><E78/><V90/><F71/><W60/><G132/><N who="1" m="50794" /><E59/><V5/><F108/><W73/><G124/><T53/><D61/><U105/><E105/><V0/><F75/><W131/><G73/><T77/><D77/><U49/><E49/><V41/><REACH who="2" step="1"/><F20/><REACH who="2" ten="311,250,179,250" step="2"/><W117/><G117/><T69/><D69/><U36/><E88/><V62/><F62/><W18/><G98/><T14/><D35/><U47/><E36/><V24/><F24/><W72/><G72/><T65/><D34/><U89/><E89/><V25/><F25/><W26/><G26/><T127/><D27/><U63/><E63/><V93/><F93/><W15/><G23/><T102/><D113/><U39/><E39/><V32/><F32/><W94/><G22/><T16/><D112/><U135/><E135/><V33/><F33/><W104/><G94/><T99/><D114/><U51/><E37/><V97/><F97/><W126/><G104/><T66/><D99/><U42/><AGARI ba="2,1" hai="1,4,8,30,31,42,47,51,74,79,83" m="50794" machi="42" ten="30,2000,0" yaku="20,1,52,1" doraHai="43" who="1" fromWho="1" sc="311,-12,250,36,179,-7,250,-7" /><INIT seed="1,0,0,4,2,91" ten="299,286,172,243" oya="1" hai0="121,71,92,101,48,75,29,109,129,6,115,78,3" hai1="93,50,117,56,80,102,17,79,39,26,83,47,63" hai2="18,67,19,27,53,95,85,14,7,11,61,2,94" hai3="32,130,25,120,52,13,16,106,51,35,57,49,60"/><U24/><E117/><V37/><F37/><W105/><G120/><T30/><D71/><U46/><E39/><V89/><F53/><W1/><G1/><T20/><D115/><U5/><E5/><V74/><F74/><W100/><G130/><T103/><D78/><U62/><E47/><V65/><F2/><W76/><G76/><T135/><D75/><U70/><E70/><V10/><F27/><N who="1" m="10281" /><E17/><N who="2" m="6155" /><F11/><W111/><G111/><T21/><D6/><U36/><E36/><V41/><F41/><W73/><G73/><T9/><D9/><U0/><E0/><V118/><F118/><W69/><G69/><T40/><D3/><U45/><E45/><V81/><F61/><W59/><G25/><T97/><D40/><U122/><E63/><V126/><F126/><W90/><G60/><T116/><D116/><U113/><E122/><V44/><F44/><W68/><G68/><T87/><D121/><U112/><E112/><V132/><F132/><W123/><G123/><T128/><D135/><U12/><E113/><V58/><F58/><W96/><G106/><T114/><D114/><U98/><E12/><V33/><F33/><W28/><G28/><T119/><D119/><U125/><E125/><V34/><F34/><W131/><G131/><T86/><D30/><U42/><E62/><V127/><F127/><W134/><G134/><T84/><D29/><U72/><E56/><V66/><AGARI ba="0,0" hai="7,10,14,65,66,67,81,85,89,94,95" m="6155" machi="66" ten="30,4000,0" yaku="8,1,52,2" doraHai="91" who="2" fromWho="2" sc="299,-10,286,-20,172,40,243,-10" /><INIT seed="2,0,0,3,0,95" ten="289,266,212,233" oya="2" hai0="81,107,58,62,21,46,30,113,9,117,43,105,38" hai1="4,18,111,37,13,99,3,90,71,31,55,79,25" hai2="85,65,7,91,118,12,75,68,109,8,124,83,63" hai3="127,87,73,53,132,36,122,50,103,0,44,28,131"/><V97/><F118/><W86/><G73/><T57/><D113/><U130/><E71/><V112/><F112/><W76/><G122/><T45/><D9/><U16/><E37/><V15/><F124/><W78/><G127/><T114/><D114/><U33/><E111/><V52/><F109/><W60/><G0/><T101/><D117/><U41/><E41/><V67/><F75/><W84/><G131/><T126/><D126/><U19/><E79/><V106/><F67/><W134/><G36/><T29/><D81/><U82/><E130/><V74/><F74/><W5/><G5/><T116/><D116/><U133/><E133/><N who="3" m="51306" /><G28/><T119/><D119/><U56/><E3/><V115/><F115/><W125/><G125/><T47/><D43/><U93/><E82/><V66/><F66/><W48/><G60/><T102/><D38/><U129/><E4/><V94/><F106/><W69/><G69/><T128/><D62/><U23/><E129/><V40/><F40/><N who="3" m="24583" /><G103/><T64/><D64/><U35/><E35/><V89/><REACH who="2" step="1"/><F52/><REACH who="2" ten="289,266,202,233" step="2"/><W59/><AGARI ba="0,1" hai="50,53,59,76,78,84,86,87" m="24583,51306" machi="59" ten="30,1100,0" yaku="20,1" doraHai="95" who="3" fromWho="3" sc="289,-3,266,-3,202,-5,233,21" /><INIT seed="3,0,0,0,5,32" ten="286,263,197,254" oya="3" hai0="53,24,110,20,85,100,123,1,14,5,106,29,108" hai1="31,77,71,116,56,124,107,122,37,8,40,94,64" hai2="104,90,67,65,103,135,51,46,58,105,111,44,74" hai3="96,120,93,109,69,36,23,61,48,132,88,95,130"/><W27/><G130/><T35/><D123/><U112/><E107/><V129/><F129/><W131/><G131/><T60/><D85/><U43/><E71/><V26/><F74/><W70/><G120/><T18/><D100/><U38/><E31/><V17/><F111/><N who="0" m="42538" /><D106/><U133/><E8/><V84/><F135/><W87/><G109/><T128/><D128/><U16/><E16/><V114/><F114/><W81/><G36/><T134/><D60/><N who="1" m="37895" /><E94/><V75/><F75/><W89/><G132/><T6/><D53/><U66/><E77/><V45/><F105/><W76/><G48/><T9/><D6/><U12/><E66/><V15/><F104/><W68/><G61/><T50/><D50/><U11/><E37/><V127/><F103/><W63/><G63/><T73/><D73/><U52/><E52/><N who="2" m="32031" /><F26/><W19/><REACH who="3" step="1"/><G70/><REACH who="3" ten="286,263,197,244" step="2"/><T125/><D134/><U91/><E133/><V79/><F127/><AGARI ba="0,1" hai="1,5,9,14,18,20,24,29,35,125,127" m="42538" machi="127" ten="30,8000,1" yaku="24,1,14,1,34,2,52,1" doraHai="32" who="0" fromWho="2" sc="286,90,263,0,197,-80,244,0" owari="376,47.6,263,6.3,117,-38.3,244,-15.6" /></mjloggm>