<mjloggm ver="2.3"><GO type="225" lobby="0"/><UN n0="%E5%91%A8%E6%9D%B1" n1="%E3%83%96%E3%83%83%E3%83%91%E3%82%AA%E3%83%96%E3%83%81%E3%82%AD%E3%83%B3" n2="%E6%B8%A1%E5%A4%A9%E8%97%8D" n3="%E9%80%86%E9%80%A3%E5%B8%AF%E3%81%AE%E9%AC%BC" dan="17,16,16,17" rate="2153.59,2140.88,2070.09,2098.63" sx="M,M,M,M"/><TAIKYOKU oya="0"/><INIT seed="0,0,0,2,1,123" ten="250,250,250,250" oya="0" hai0="105,12,135,117,107,28,20,84,121,89,77,23,103" hai1="27,108,116,68,47,114,130,16,40,93,62,79,74" hai2="98,15,14,71,2,134,111,113,94,18,76,34,70" hai3="78,127,133,1,83,5,58,13,46,128,38,75,125"/><T19/><D121/><U41/><E116/><V8/><F2/><W26/><G133/><T92/><D117/><U66/><E130/><V53/><F34/><W21/><G128/><T81/><D135/><U48/><E114/><V119/><F119/><W50/><G13/><T80/><D103/><U104/><E104/><V57/><F134/><W39/><G58/><T73/><REACH who="0" step="1"/><D81/><REACH who="0" ten="240,250,250,250" step="2"/><U36/><E108/><V49/><F111/><W7/><G127/><T95/><D95/><U61/><E93/><V88/><F113/><W45/><G125/><T33/><D33/><U51/><E41/><V87/><F76/><W109/><G83/><T110/><D110/><U100/><E100/><V126/><F126/><W65/><G78/><T90/><D90/><U101/><E101/><V69/><REACH who="2" step="1"/><F15/><REACH who="2" ten="240,250,240,250" step="2"/><W97/><G109/><T44/><D44/><U54/><E79/><V0/><F0/><W6/><G46/><T96/><D96/><AGARI ba="0,2" hai="8,14,18,49,53,57,69,70,71,87,88,94,96,98" machi="96" ten="40,2600,0" yaku="1,1,54,1,53,0" doraHai="123" doraHaiUra="24" who="2" fromWho="0" sc="240,-26,250,0,240,46,250,0" /><INIT seed="1,0,0,5,4,106" ten="214,250,286,250" oya="1" hai0="85,98,133,29,130,5,87,52,43,102,58,125,117" hai1="104,118,82,111,73,112,108,63,100,42,27,90,72" hai2="15,35,105,36,38,69,46,37,28,53,67,97,48" hai3="93,127,79,39,17,4,47,56,23,9,45,64,122"/><U44/><E112/><V120/><F120/><W74/><G127/><T61/><D117/><U32/><E118/><V30/><F15/><W121/><G93/><T89/><D125/><U8/><E63/><N who="2" m="40191" /><F28/><W114/><G114/><T11/><D130/><U129/><E129/><V19/><F19/><W80/><G64/><T14/><D133/><U135/><E135/><V113/><F113/><W110/><G110/><N who="1" m="42026" /><E8/><V88/><F88/><W59/><G122/><T0/><D43/><U81/><E32/><V50/><F50/><W60/><G121/><T126/><D126/><U2/><E2/><V78/><F78/><W107/><G107/><T68/><D68/><U16/><E100/><N who="2" m="62607" /><F38/><W65/><G59/><T26/><D0/><U31/><E104/><V62/><F62/><W86/><G86/><T128/><D102/><U7/><E31/><V51/><F51/><W109/><G39/><T83/><D128/><U41/><E90/><V84/><F84/><W92/><G109/><T10/><D10/><U1/><E1/><V25/><AGARI ba="0,0" hai="25,30,35,36,37,46,48,53" m="62607,40191" machi="25" ten="30,1100,0" yaku="25,1" doraHai="106" who="2" fromWho="2" sc="214,-3,250,-5,286,11,250,-3" /><INIT seed="2,0,0,4,3,12" ten="211,245,297,247" oya="2" hai0="95,117,45,11,38,23,114,22,13,54,33,86,106" hai1="108,72,4,15,70,59,31,24,79,16,30,40,27" hai2="56,69,25,9,97,105,57,104,17,51,130,131,3" hai3="6,5,115,75,116,89,29,53,60,88,101,118,62"/><V43/><F69/><W119/><G75/><T26/><D106/><U102/><E70/><V99/><F3/><W41/><G115/><T123/><D114/><U77/><E102/><V63/><F104/><W46/><G101/><T48/><D123/><U122/><E122/><V73/><F73/><W107/><G107/><T42/><D117/><U112/><E112/><V68/><F68/><W93/><G29/><N who="1" m="10762" /><E72/><V47/><F105/><W120/><G120/><T109/><D109/><U113/><E108/><V44/><F44/><W55/><G46/><T65/><D65/><U18/><E40/><V32/><F32/><W128/><G41/><T124/><D124/><U21/><E59/><N who="2" m="22603" /><F63/><W98/><G128/><N who="2" m="49193" /><F9/><W129/><G129/><T52/><D33/><U19/><E113/><V100/><F100/><W92/><G119/><T7/><D38/><U127/><E127/><V132/><F132/><W80/><G98/><T121/><D121/><U64/><E64/><V2/><F2/><W110/><G110/><T85/><D22/><AGARI ba="0,0" hai="17,22,25,43,47,51,97,99" m="49193,22603" machi="22" ten="30,2900,0" yaku="19,1,52,1" doraHai="12" who="2" fromWho="0" sc="211,-29,245,0,297,29,247,0" /><INIT seed="2,1,0,3,3,40" ten="182,245,326,247" oya="2" hai0="110,129,3,99,106,33,63,36,65,44,43,117,28" hai1="70,14,60,120,112,15,123,126,114,19,4,72,67" hai2="2,74,85,116,87,94,131,95,23,102,134,97,79" hai3="128,34,47,21,58,39,42,9,13,22,125,81,69"/><V115/><F2/><W30/><G69/><N who="0" m="42175" /><D110/><U45/><E72/><V26/><F115/><N who="1" m="44073" /><E126/><V31/><F116/><W109/><G125/><T41/><D41/><U88/><E4/><V68/><F68/><W46/><G109/><T113/><D117/><U130/><E130/><V53/><F131/><W16/><G128/><T73/><D129/><U1/><E1/><V100/><F134/><W66/><G81/><T11/><D113/><U104/><E104/><V49/><F74/><W59/><G47/><T29/><D29/><U52/><E88/><N who="2" m="53519" /><F87/><W118/><G118/><T56/><D56/><U103/><E103/><N who="2" m="60863" /><F79/><W84/><G84/><T6/><D73/><U122/><E19/><V96/><F96/><W80/><G80/><T50/><D99/><U24/><E24/><V25/><F25/><W86/><G86/><T105/><D50/><AGARI ba="1,0" hai="14,15,45,50,52,60,67,70,120,122,123" m="44073" machi="50" ten="40,5200,0" yaku="13,1,52,1,54,1" doraHai="40" who="1" fromWho="0" sc="182,-55,245,55,326,0,247,0" /><INIT seed="3,0,0,4,2,71" ten="127,300,326,247" oya="3" hai0="102,8,99,82,3,78,27,91,13,85,129,33,95" hai1="97,112,75,118,132,15,56,88,83,19,120,21,124" hai2="31,60,45,1,4,80,77,9,17,117,73,107,74" hai3="6,46,32,44,25,55,105,135,116,69,133,0,42"/><W96/><G116/><T53/><D129/><U30/><E120/><V130/><F117/><W36/><G55/><T63/><D3/><U86/><E118/><V28/><F107/><W24/><G46/><T122/><D122/><U20/><E124/><V126/><F126/><W48/><G48/><T58/><D33/><U64/><E132/><N who="3" m="50762" /><G69/><T49/><D27/><U131/><E131/><V68/><F130/><W67/><G67/><T110/><D110/><U100/><E112/><V52/><F73/><W103/><G32/><T90/><REACH who="0" step="1"/><D49/><REACH who="0" ten="117,300,326,247" step="2"/><U128/><E128/><V108/><F108/><W7/><G0/><T94/><D94/><N who="1" m="58423" /><E75/><V47/><F74/><W125/><G125/><T92/><D92/><U26/><E64/><V18/><F1/><W35/><G35/><T50/><D50/><U22/><E56/><V23/><F68/><W127/><G127/><T66/><D66/><U87/><E87/><V41/><F80/><W29/><G25/><T40/><D40/><U2/><E2/><V57/><F41/><W11/><G24/><T38/><D38/><U34/><E34/><V121/><F121/><W61/><G42/><T109/><D109/><U79/><E22/><V51/><F23/><W89/><G36/><T72/><D72/><U114/><E114/><V70/><F70/><W76/><G105/><T106/><D106/><U113/><E113/><V10/><F57/><W65/><G65/><T5/><AGARI ba="0,1" hai="5,8,13,53,58,63,78,82,85,90,91,95,99,102" machi="5" ten="20,5200,0" yaku="1,1,0,1,7,1,8,1,53,0" doraHai="71" doraHaiUra="62" who="0" fromWho="0" sc="117,62,300,-13,326,-13,247,-26" owari="179,-32.1,287,8.7,313,41.3,221,-17.9" /></mjloggm>