<mjloggm ver="2.3"><GO type="225" lobby="0"/><UN n0="%E5%8C%97%E6%AC%A7%E3%81%AE%E3%82%82%E3%81%93%E3%81%86" n1="%E3%82%A4%E3%83%BC%E3%82%B1%E3%83%97%E3%83%A9" n2="%45%6C%79%73%69%75%6D" n3="%68%75%69%68%75%69" dan="16,17,16,16" rate="2105.49,2221.41,2103.88,2110.99" sx="M,M,M,M"/><TAIKYOKU oya="0"/><INIT seed="0,0,0,2,5,132" ten="250,250,250,250" oya="0" hai0="10,119,90,76,65,48,130,18,47,23,24,0,118" hai1="11,105,36,107,113,126,81,108,51,124,27,134,44" hai2="50,35,34,82,98,91,26,93,125,121,62,80,25" hai3="70,116,43,89,106,31,17,112,122,94,64,46,52"/><T19/><D130/><U33/><E134/><V59/><F121/><W129/><G106/><T53/><D76/><U29/><E36/><V42/><F34/><W9/><G112/><T127/><D127/><N who="1" m="48683" /><E108/><V79/><F125/><W102/><G102/><T55/><D65/><U15/><E81/><V73/><F35/><W2/><G116/><T56/><D90/><U92/><E92/><V60/><F82/><W87/><G122/><T45/><D45/><U3/><E3/><V4/><F91/><W111/><G111/><T99/><D99/><U85/><E85/><V57/><F98/><W38/><G129/><T69/><D69/><U72/><E72/><V95/><F95/><W30/><G64/><T109/><D109/><U1/><E1/><V54/><F93/><W117/><G70/><T104/><D104/><U67/><E67/><V32/><F80/><W96/><G117/><T120/><D120/><U20/><E33/><V61/><F32/><W131/><G131/><T100/><D0/><U7/><E113/><V101/><F73/><W39/><G39/><T6/><D118/><U68/><E68/><V49/><F79/><W115/><G87/><T16/><D119/><U12/><E12/><V88/><F101/><W114/><G114/><T86/><D100/><U40/><AGARI ba="0,0" hai="7,11,15,20,27,29,40,44,51,105,107" m="48683" machi="40" ten="30,7900,0" yaku="18,1,52,3" doraHai="132" who="1" fromWho="1" sc="250,-39,250,79,250,-20,250,-20" /><INIT seed="1,0,0,5,4,74" ten="211,329,230,230" oya="1" hai0="29,118,134,82,35,99,93,78,39,37,4,98,42" hai1="2,127,28,18,131,61,49,5,104,14,103,125,106" hai2="116,55,90,3,117,69,92,38,59,95,40,46,100" hai3="26,115,102,53,129,121,19,86,132,96,101,71,107"/><U47/><E131/><V27/><F3/><W63/><G121/><T30/><D118/><U94/><E28/><V32/><F69/><W68/><G115/><T70/><D70/><U56/><E5/><V12/><F12/><W80/><G132/><T133/><D4/><U124/><E2/><V57/><F57/><W54/><G129/><T88/><D99/><U85/><E103/><V112/><F112/><W20/><G102/><T31/><D35/><U105/><E94/><V1/><F1/><W62/><G62/><T23/><D23/><U79/><E85/><V81/><F81/><W87/><G87/><T108/><D108/><U36/><E36/><V72/><F72/><W44/><G44/><T10/><D10/><U50/><E79/><V22/><F32/><W109/><G109/><T16/><D16/><U91/><E91/><V24/><F100/><W75/><G75/><N who="0" m="43359" /><D42/><U52/><REACH who="1" step="1"/><E47/><REACH who="1" ten="211,319,230,230" step="2"/><V6/><F6/><W21/><G86/><T119/><D119/><U77/><E77/><V135/><F116/><W66/><G80/><T45/><D45/><U48/><E48/><V83/><F117/><W128/><G128/><T11/><D39/><U73/><E73/><V120/><F38/><W41/><G107/><T67/><D37/><U34/><E34/><V0/><F46/><W113/><G101/><T51/><D51/><U8/><AGARI ba="0,1" hai="8,14,18,49,50,52,56,61,104,105,106,124,125,127" machi="8" ten="40,12000,1" yaku="1,1,0,1,18,1,54,1,53,1" doraHai="74" doraHaiUra="7" who="1" fromWho="1" sc="211,-40,319,130,230,-40,230,-40" /><INIT seed="1,1,0,5,1,38" ten="171,449,190,190" oya="1" hai0="54,66,104,85,108,128,29,121,81,117,52,125,110" hai1="39,67,106,127,3,9,89,18,41,28,75,78,7" hai2="115,10,59,55,80,1,44,116,47,92,2,13,114" hai3="43,16,111,91,63,20,57,71,118,77,64,73,130"/><U33/><E127/><V129/><F116/><W98/><G111/><N who="0" m="42539" /><D117/><U36/><E89/><V40/><F129/><W15/><G118/><T132/><D128/><U103/><E18/><N who="2" m="8503" /><F92/><W60/><G130/><T11/><D125/><U31/><E67/><V35/><F80/><W69/><G73/><T42/><D104/><U26/><E31/><V72/><F35/><W134/><G77/><T23/><D132/><U14/><E14/><V46/><F72/><W82/><G134/><T105/><D105/><U83/><REACH who="1" step="1"/><E41/><REACH who="1" ten="171,439,190,190" step="2"/><V70/><F40/><W30/><G30/><T61/><D42/><U96/><AGARI ba="1,1" hai="3,7,9,26,28,33,36,39,75,78,83,96,103,106" machi="96" ten="30,18000,2" yaku="1,1,2,1,0,1,33,3,53,0" doraHai="38" doraHaiUra="90" who="1" fromWho="1" sc="171,-61,439,193,190,-61,190,-61" /><INIT seed="1,2,0,4,1,122" ten="110,632,129,129" oya="1" hai0="105,108,45,57,76,12,107,109,121,43,135,88,11" hai1="48,8,81,127,69,132,44,27,2,125,36,49,128" hai2="61,16,100,53,14,112,25,63,134,34,23,56,98" hai3="91,68,13,1,20,22,85,79,29,64,5,60,96"/><U72/><E69/><V58/><F134/><W21/><G1/><T19/><D135/><U26/><E132/><V117/><F117/><W62/><G79/><T47/><D76/><N who="1" m="44167" /><E48/><V42/><F112/><W30/><G96/><T90/><D57/><U38/><E38/><V77/><F77/><W52/><G68/><T101/><D121/><U95/><E95/><V87/><F87/><W114/><G64/><T113/><D113/><U97/><E97/><V104/><F42/><W40/><G40/><T54/><D54/><N who="1" m="29991" /><E36/><V39/><F39/><W84/><G84/><T120/><D120/><U32/><E32/><V33/><REACH who="2" step="1"/><F25/><REACH who="2" ten="110,632,119,129" step="2"/><W129/><G114/><T126/><D43/><U3/><E27/><V118/><F118/><W93/><G129/><T18/><D126/><U80/><E26/><V31/><F31/><W102/><G30/><T119/><D119/><U89/><E128/><V99/><F99/><W73/><G29/><T50/><D101/><U75/><E127/><V67/><AGARI ba="2,1" hai="14,16,23,33,34,53,56,58,61,63,67,98,100,104" machi="67" ten="20,8000,1" yaku="1,1,0,1,7,1,54,1,53,1" doraHai="122" doraHaiUra="103" who="2" fromWho="2" sc="110,-22,632,-42,119,96,129,-22" /><INIT seed="2,0,0,3,3,50" ten="88,590,215,107" oya="2" hai0="116,70,94,74,119,111,27,61,62,89,66,22,76" hai1="55,75,25,109,92,84,126,52,128,33,101,82,96" hai2="105,43,103,108,88,83,39,30,68,127,6,38,114" hai3="73,9,118,72,51,2,45,3,36,49,132,53,1"/><V56/><F68/><W133/><G36/><T78/><D111/><U79/><E109/><V112/><F30/><W31/><G31/><T95/><D74/><U91/><E128/><V44/><F38/><W67/><G67/><T129/><D129/><U81/><E126/><V5/><F127/><W102/><G102/><T87/><D61/><U32/><REACH who="1" step="1"/><E25/><REACH who="1" ten="88,580,215,107" step="2"/><V58/><F108/><W7/><G118/><N who="0" m="45099" /><D95/><U57/><E57/><V13/><F58/><W104/><G104/><T113/><D113/><U29/><E29/><AGARI ba="0,1" hai="22,27,29,62,66,70,76,78,87,89,94" m="45099" machi="29" ten="30,1000,0" yaku="12,1" doraHai="50" who="0" fromWho="1" sc="88,20,580,-10,215,0,107,0" /><INIT seed="3,0,0,2,2,66" ten="108,570,215,107" oya="3" hai0="13,41,8,103,31,111,40,34,32,97,114,2,72" hai1="88,53,73,82,17,33,120,47,51,84,101,79,55" hai2="123,49,102,0,39,59,106,43,93,124,58,71,67" hai3="48,25,80,90,14,70,1,27,56,62,57,117,63"/><W26/><G117/><T28/><D2/><U65/><E33/><V68/><F0/><W19/><G1/><T112/><D72/><U7/><E120/><V109/><F106/><W132/><G132/><T128/><D111/><U131/><E7/><V115/><F93/><W105/><G105/><T127/><D128/><U133/><E101/><V113/><F102/><W81/><G70/><T100/><D127/><U87/><E65/><V125/><F123/><W129/><G129/><T110/><D110/><U42/><E131/><V3/><F3/><W99/><G48/><T10/><D13/><U69/><E69/><V86/><F86/><W94/><G57/><T20/><D20/><U44/><E73/><V23/><F23/><W108/><G108/><T104/><D104/><U22/><E47/><N who="2" m="24063" /><F109/><W91/><G91/><T118/><D97/><U78/><E78/><V121/><F121/><W89/><G89/><T6/><D6/><U30/><E30/><V35/><F35/><W16/><G19/><T96/><D96/><U61/><E61/><N who="3" m="23050" /><G56/><N who="2" m="21545" /><F49/><W18/><G18/><T135/><D118/><U130/><E130/><V11/><F71/><W52/><G52/><T46/><D46/><U54/><E133/><AGARI ba="0,0" hai="8,10,28,31,32,34,40,41,100,103,112,114,133,135" machi="133" ten="25,1600,0" yaku="22,2" doraHai="66" who="0" fromWho="1" sc="108,16,570,-16,215,0,107,0" owari="124,-27.6,554,65.4,215,1.5,107,-39.3" /></mjloggm>