<mjloggm ver="2.3"><GO type="225" lobby="0"/><UN n0="%E3%83%96%E3%83%83%E3%83%91%E3%82%AA%E3%83%96%E3%83%81%E3%82%AD%E3%83%B3" n1="%E3%81%BF%E3%81%BF%E3%81%9A" n2="%E3%81%A1%E3%82%83%E3%81%93%E3%81%93" n3="%E5%B0%8F%E9%B3%A5%E9%81%8A%E7%B7%B4%E7%84%A1%32%31%E6%AD%B3" dan="16,17,16,17" rate="2147.58,2273.73,2153.19,2151.82" sx="M,M,F,F"/><TAIKYOKU oya="0"/><INIT seed="0,0,0,1,0,25" ten="250,250,250,250" oya="0" hai0="33,22,113,47,125,50,9,87,96,75,92,71,34" hai1="43,45,54,1,112,74,129,10,55,4,26,64,118" hai2="100,79,60,101,68,52,53,134,7,29,76,16,122" hai3="123,121,107,130,81,82,49,94,88,18,57,70,85"/><T66/><D113/><U48/><E112/><V19/><F122/><N who="3" m="46603" /><G70/><T95/><D75/><U110/><E118/><V59/><F134/><W109/><G109/><T65/><D125/><U32/><E110/><V8/><F68/><W30/><G18/><N who="2" m="6697" /><F29/><W69/><G69/><T44/><D22/><U93/><E74/><V128/><F128/><W15/><G15/><T11/><D71/><U124/><E129/><V6/><F53/><N who="3" m="31919" /><G107/><T62/><D50/><U72/><E124/><V21/><F21/><W31/><G130/><T37/><D87/><U61/><E72/><V133/><F133/><W58/><G58/><T135/><D135/><U102/><E102/><N who="2" m="39531" /><F8/><W104/><G104/><T114/><D114/><U13/><E1/><V14/><F14/><W5/><G5/><AGARI ba="0,0" hai="5,6,7,52,59,60,76,79" m="39531,6697" machi="5" ten="30,3900,0" yaku="8,1,54,2" doraHai="25" who="2" fromWho="3" sc="250,0,250,0,250,39,250,-39" /><INIT seed="1,0,0,4,1,50" ten="250,250,289,211" oya="1" hai0="111,40,73,52,79,119,57,108,32,61,51,96,6" hai1="47,71,120,24,110,42,4,105,33,115,10,55,13" hai2="130,72,87,44,64,20,103,16,89,114,41,69,29" hai3="77,1,68,132,91,102,81,36,128,126,25,22,37"/><U107/><E115/><V60/><F130/><W112/><G68/><T11/><D119/><U54/><E120/><V109/><F109/><N who="0" m="42058" /><D32/><U98/><E71/><V99/><F114/><W19/><G112/><T78/><D73/><U88/><E110/><V26/><F72/><W95/><G128/><T94/><D40/><U117/><E117/><V74/><F74/><W101/><G1/><N who="0" m="463" /><D61/><U30/><E107/><V48/><F87/><W85/><G132/><T135/><D135/><U38/><REACH who="1" step="1"/><E88/><AGARI ba="0,0" hai="51,52,57,78,79,88,94,96" m="463,42058" machi="88" ten="30,7700,0" yaku="14,1,52,1,54,2" doraHai="50" who="0" fromWho="1" sc="250,77,250,-77,289,0,211,0" /><INIT seed="2,0,0,3,0,21" ten="327,173,289,211" oya="2" hai0="80,78,39,31,7,131,51,110,66,41,133,94,98" hai1="86,42,25,121,82,37,56,114,92,64,85,6,117" hai2="134,45,33,50,14,71,59,62,2,4,22,124,127" hai3="16,32,84,108,40,119,123,118,99,30,77,53,57"/><V5/><F33/><W76/><G108/><T126/><D110/><U89/><E114/><V18/><F71/><W115/><G123/><T120/><D120/><U90/><E121/><V67/><F134/><W20/><G40/><T74/><D133/><U47/><E117/><V60/><F2/><W101/><G115/><T112/><D112/><U107/><E107/><V55/><REACH who="2" step="1"/><F62/><REACH who="2" ten="327,173,279,211" step="2"/><W43/><G32/><T105/><D131/><U68/><E68/><V75/><F75/><W113/><G113/><T12/><D74/><U26/><REACH who="1" step="1"/><E6/><AGARI ba="0,1" hai="4,5,6,14,18,22,45,50,55,59,60,67,124,127" machi="6" ten="40,2000,0" yaku="1,1,53,0" doraHai="21" doraHaiUra="122" who="2" fromWho="1" sc="327,0,173,-20,279,30,211,0" /><INIT seed="2,1,0,2,3,78" ten="327,153,309,211" oya="2" hai0="133,116,109,66,3,0,94,52,27,14,35,107,124" hai1="20,42,23,131,33,98,56,127,1,100,62,22,48" hai2="28,87,90,63,59,115,80,128,36,123,51,79,95" hai3="2,67,103,108,110,97,74,25,26,54,69,58,76"/><V13/><F123/><W122/><G2/><T84/><D107/><U89/><E33/><V104/><F115/><W92/><G122/><T47/><D109/><N who="3" m="42089" /><G67/><T114/><D114/><U57/><E127/><V31/><F36/><W55/><G69/><T11/><D66/><U44/><E131/><V38/><F128/><W86/><G74/><T120/><D120/><U7/><E1/><V101/><F38/><W18/><G18/><T118/><D124/><U49/><E7/><V30/><F51/><W6/><G6/><N who="0" m="3447" /><D94/><U4/><E4/><V130/><F130/><W34/><G34/><T15/><D84/><U29/><E29/><V5/><F104/><W121/><G121/><T37/><D37/><U41/><E89/><V99/><F5/><W91/><G76/><T72/><D72/><U73/><E73/><V45/><F45/><W50/><G55/><T32/><D52/><U117/><E117/><N who="0" m="45161" /><D47/><U85/><E85/><V71/><F71/><W126/><G126/><T19/><D133/><U88/><E41/><V81/><F79/><W70/><G70/><T68/><D35/><U102/><E49/><V40/><F40/><W82/><AGARI ba="1,0" hai="25,26,50,54,58,82,86,91,92,97,103" m="42089" machi="82" ten="30,2000,0" yaku="14,1,52,1" doraHai="78" who="3" fromWho="3" sc="327,-6,153,-6,309,-11,211,23" /><INIT seed="3,0,0,0,2,47" ten="321,147,298,234" oya="3" hai0="63,4,57,98,19,74,41,134,121,67,56,103,88" hai1="114,21,72,127,117,71,113,61,17,48,2,64,54" hai2="27,25,129,24,89,8,39,35,37,46,10,7,105" hai3="92,28,94,55,70,120,45,80,125,13,20,101,102"/><W132/><G70/><T110/><D121/><U5/><E117/><V91/><F105/><W115/><G120/><T75/><D110/><U32/><E32/><V69/><F69/><W38/><G115/><T93/><D134/><U124/><E72/><V1/><F129/><W40/><G132/><T109/><D109/><U79/><E79/><V81/><F35/><W87/><G125/><N who="1" m="48202" /><E5/><V26/><N who="2" m="6144" /><DORA hai="11" /><V99/><F99/><W85/><G28/><T111/><D4/><U95/><E2/><V112/><F112/><N who="1" m="43113" /><E95/><V97/><F81/><W68/><G94/><T73/><D41/><U29/><E29/><V65/><F65/><W60/><G92/><T15/><D111/><U43/><E21/><V22/><F22/><W50/><G87/><T9/><D57/><N who="1" m="32967" /><E17/><V118/><F118/><W116/><G116/><T119/><D119/><U6/><E6/><V59/><F97/><W133/><G133/><T76/><D76/><U82/><E82/><V18/><F89/><W33/><G33/><T36/><D88/><U23/><E23/><V12/><F91/><W86/><G85/><T104/><D104/><U14/><E14/><V58/><REACH who="2" step="1"/><F46/><REACH who="2" ten="321,147,288,234" step="2"/><W100/><G80/><T16/><D98/><U128/><E43/><V130/><F130/><AGARI ba="0,1" hai="61,64,71,128,130" m="32967,43113,48202" machi="130" ten="40,8000,1" yaku="18,1,34,2,52,1" doraHai="47,11" who="1" fromWho="2" sc="321,0,147,90,288,-80,234,0" owari="321,42.1,237,3.7,208,-29.2,234,-16.6" /></mjloggm>