<mjloggm ver="2.3"><GO type="225" lobby="0"/><UN n0="%E3%81%A4%E3%81%AE%E3%81%A0%E2%98%86%E3%81%B2%E3%82%8D" n1="%E3%83%96%E3%83%83%E3%83%91%E3%82%AA%E3%83%96%E3%83%81%E3%82%AD%E3%83%B3" n2="%70%68%65%6E%6F%6D%65" n3="%E6%9D%B1%E9%A2%A8%E3%81%AE%E3%81%8D%E3%82%83%E3%81%B7%E3%81%95%E3%82%93" dan="16,16,16,16" rate="2163.57,2162.05,2160.64,2148.09" sx="M,M,M,M"/><TAIKYOKU oya="0"/><INIT seed="0,0,0,4,2,59" ten="250,250,250,250" oya="0" hai0="131,19,87,112,27,17,15,71,81,54,115,77,72" hai1="22,120,11,70,53,41,91,83,92,99,2,89,9" hai2="34,66,56,102,111,127,103,106,126,40,33,47,37" hai3="31,101,10,58,16,67,32,7,96,55,107,3,8"/><T122/><D122/><U78/><E120/><V1/><F1/><W135/><G135/><T44/><D131/><U95/><E70/><V119/><F111/><W128/><G128/><T79/><D71/><U25/><E2/><V42/><F119/><W116/><G116/><T0/><D0/><U60/><E41/><V76/><F76/><W84/><G67/><T98/><D98/><N who="1" m="57615" /><E83/><V118/><F118/><W13/><G84/><T63/><D77/><U97/><E97/><N who="2" m="61775" /><F103/><W36/><G36/><T68/><D72/><U48/><E78/><V4/><F4/><W12/><G3/><T82/><D82/><U57/><E48/><V74/><F42/><W130/><G130/><T43/><D27/><U29/><AGARI ba="0,0" hai="9,11,22,25,29,53,57,60,91,95,99" m="57615" machi="29" ten="30,2000,0" yaku="8,1,52,1" doraHai="59" who="1" fromWho="1" sc="250,-10,250,20,250,-5,250,-5" /><INIT seed="1,0,0,0,1,55" ten="240,270,245,245" oya="1" hai0="92,18,33,97,107,4,122,64,75,117,66,76,132" hai1="104,20,38,51,56,41,2,94,25,96,81,69,74" hai2="29,46,98,99,36,131,90,68,8,118,93,103,85" hai3="110,124,59,57,30,58,127,5,105,37,80,108,52"/><U84/><E69/><V23/><F118/><W0/><G105/><T9/><D33/><U106/><E2/><V88/><F131/><W11/><G37/><T3/><D117/><U130/><E38/><V45/><F68/><W116/><G30/><T109/><D109/><N who="3" m="42089" /><G80/><T87/><D132/><U82/><E130/><V114/><F114/><W22/><G22/><T47/><D122/><U43/><E74/><V120/><F120/><W60/><G116/><T10/><D10/><U133/><E133/><V1/><F36/><W44/><G44/><T115/><D115/><U121/><E121/><V113/><F113/><W26/><G26/><T50/><D18/><N who="1" m="12439" /><E106/><V48/><F29/><W129/><G129/><T125/><D75/><U70/><E104/><V7/><F23/><W65/><G65/><T102/><D125/><AGARI ba="0,0" hai="0,5,11,52,57,58,59,60,124,125,127" m="42089" machi="125" ten="30,12000,2" yaku="18,1,14,1,52,3,54,1" doraHai="55" who="3" fromWho="0" sc="240,-120,270,0,245,0,245,120" /><INIT seed="2,0,0,3,4,76" ten="120,270,245,365" oya="2" hai0="34,66,85,56,100,79,30,73,103,78,21,32,75" hai1="67,114,81,31,123,43,86,101,45,7,25,8,89" hai2="36,104,125,48,33,118,95,39,38,91,3,63,60" hai3="37,127,12,40,54,107,55,99,58,120,134,122,14"/><V135/><F3/><W46/><G99/><T133/><D133/><U102/><E123/><V62/><F104/><W119/><G107/><T22/><D56/><U131/><E114/><V126/><F33/><W11/><G12/><T9/><D85/><U23/><E67/><V117/><F95/><W10/><G10/><T53/><D66/><U93/><E93/><V44/><F91/><W115/><G119/><T24/><D9/><U16/><E31/><V70/><F70/><W29/><G29/><T28/><REACH who="0" step="1"/><D53/><REACH who="0" ten="110,270,245,365" step="2"/><U51/><REACH who="1" step="1"/><E131/><REACH who="1" ten="110,260,245,365" step="2"/><V88/><F135/><W47/><G134/><T132/><D132/><U84/><E84/><V13/><F118/><W77/><G122/><T116/><D116/><U83/><E83/><V80/><F117/><W20/><G120/><T59/><D59/><U96/><E96/><V94/><F80/><W71/><G58/><T41/><D41/><U15/><AGARI ba="0,2" hai="7,8,15,16,23,25,43,45,51,81,86,89,101,102" machi="15" ten="20,12000,2" yaku="1,1,0,1,7,1,8,1,52,1,54,1,53,0" doraHai="76" doraHaiUra="72" who="1" fromWho="1" sc="110,-30,260,140,245,-60,365,-30" /><INIT seed="3,0,0,4,3,78" ten="80,400,185,335" oya="3" hai0="41,38,81,104,123,60,46,67,33,103,82,130,0" hai1="73,48,109,51,117,4,108,22,44,53,131,96,115" hai2="1,18,27,125,69,62,71,91,26,40,19,14,87" hai3="120,10,24,128,114,122,72,135,88,34,47,32,124"/><W42/><G114/><T57/><D123/><U100/><E115/><V118/><F1/><W134/><G72/><T7/><D33/><U8/><E131/><V52/><F118/><W102/><G102/><T12/><D0/><U121/><E121/><V112/><F112/><W23/><G120/><T89/><D130/><U99/><E117/><V113/><F40/><W105/><G105/><T15/><D15/><U126/><E126/><V11/><F125/><W92/><G122/><T58/><D89/><U127/><E127/><V80/><F71/><W101/><G101/><T36/><D36/><U59/><E73/><V16/><F69/><W94/><G94/><T13/><D13/><N who="1" m="5255" /><E22/><V75/><F75/><W84/><G10/><T98/><D7/><U95/><E99/><V77/><F77/><W50/><G124/><T76/><D76/><U110/><E51/><V37/><F37/><W35/><REACH who="3" step="1"/><G128/><REACH who="3" ten="80,400,185,325" step="2"/><T116/><D116/><U21/><E21/><V31/><F113/><W86/><G86/><T30/><D30/><AGARI ba="0,1" hai="23,24,30,32,34,35,42,47,50,84,88,92,134,135" machi="30" ten="40,7700,0" yaku="1,1,54,1,53,1" doraHai="78" doraHaiUra="85" who="3" fromWho="0" sc="80,-77,400,0,185,0,325,87" owari="3,-49.7,400,20.0,185,-21.5,412,51.2" /></mjloggm>