<mjloggm ver="2.3"><GO type="225" lobby="0"/><UN n0="%E8%A8%88%E7%AE%97%E6%A9%9F%E8%87%AA%E7%84%B6" n1="%E5%B8%86%E7%AB%8B%E5%A4%8F%E8%A1%A3" n2="%E6%A1%9C%E8%8A%B1%E9%96%83%E3%80%85" n3="%4E%55%44%41" dan="17,17,17,17" rate="2185.15,2248.94,2183.03,2145.60" sx="M,M,M,M"/><TAIKYOKU oya="0"/><INIT seed="0,0,0,0,0,70" ten="250,250,250,250" oya="0" hai0="106,36,80,71,125,65,109,66,10,37,95,27,73" hai1="1,94,61,45,19,56,0,55,58,57,134,126,54" hai2="107,14,122,118,76,119,2,26,68,38,115,89,105" hai3="7,69,8,90,100,24,67,117,50,96,18,84,11"/><T20/><D106/><U86/><E134/><V114/><F2/><W93/><G117/><N who="2" m="44553" /><F68/><W121/><G121/><T39/><D71/><U60/><E126/><V83/><F14/><W120/><G120/><T64/><D125/><U23/><E57/><V85/><F122/><W135/><G135/><T92/><D109/><U130/><E130/><V62/><F62/><W52/><G69/><T15/><D80/><U99/><E86/><N who="2" m="48487" /><F26/><W112/><G67/><T81/><D81/><U132/><E45/><V13/><F13/><W48/><G112/><N who="2" m="43049" /><F38/><W104/><G7/><T43/><D73/><U98/><E132/><V123/><F123/><W82/><G50/><T4/><REACH who="0" step="1"/><D43/><REACH who="0" ten="240,250,250,250" step="2"/><U22/><E94/><AGARI ba="0,1" hai="85,89,94,105,107" m="43049,48487,44553" machi="94" ten="30,3900,0" yaku="12,1,34,2" doraHai="70" who="2" fromWho="1" sc="240,0,250,-39,250,49,250,0" /><INIT seed="1,0,0,0,4,22" ten="240,211,299,250" oya="1" hai0="27,14,133,99,51,12,4,29,47,114,115,90,57" hai1="10,53,134,56,91,122,75,50,109,73,116,1,42" hai2="86,32,130,132,68,60,9,108,135,94,81,70,106" hai3="34,72,131,62,124,112,95,18,39,49,21,40,74"/><U37/><E116/><V2/><F106/><W17/><G39/><T117/><D117/><U84/><E122/><V38/><F108/><W5/><G34/><T79/><D133/><N who="2" m="51274" /><F130/><W0/><G112/><T92/><D57/><U41/><E134/><V98/><F38/><W119/><G18/><T107/><D79/><U77/><E109/><V31/><F60/><W6/><G119/><T128/><D107/><U26/><E77/><N who="2" m="46383" /><F31/><W78/><G124/><T71/><D71/><U15/><E1/><V111/><F32/><W96/><G62/><T20/><D128/><U126/><E126/><V43/><F43/><W48/><G131/><T45/><D45/><U30/><E75/><V28/><F28/><W16/><G72/><T55/><REACH who="0" step="1"/><D4/><REACH who="0" ten="230,211,299,250" step="2"/><N who="1" m="3527" /><E73/><V88/><F111/><W61/><G74/><T123/><D123/><U67/><E67/><V63/><F63/><W25/><G61/><T110/><D110/><U82/><E37/><V83/><F83/><W3/><G6/><AGARI ba="0,1" hai="2,6,9,68,70,88,94,98" m="46383,51274" machi="6" ten="30,2000,0" yaku="20,1,54,1" doraHai="22" who="2" fromWho="3" sc="230,0,211,0,299,30,250,-20" /><INIT seed="2,0,0,2,4,62" ten="230,211,329,230" oya="2" hai0="66,58,86,25,106,82,113,121,133,31,38,11,102" hai1="73,110,76,122,6,65,51,53,68,72,57,42,118" hai2="101,29,2,135,45,60,134,114,111,120,28,92,48" hai3="127,108,17,47,36,19,0,85,80,41,63,119,105"/><V52/><F114/><W3/><G119/><T98/><D113/><U79/><E118/><V128/><F120/><W49/><G105/><T75/><D121/><U21/><E122/><V112/><F112/><W103/><G103/><T44/><D133/><N who="2" m="50698" /><F128/><W55/><G108/><T30/><D75/><U61/><E110/><V81/><F111/><W91/><G127/><T32/><D30/><U43/><E6/><V12/><F2/><W23/><G63/><T129/><D129/><U69/><E69/><V39/><F39/><W95/><G95/><T132/><D132/><U64/><E64/><V46/><F46/><W4/><G4/><T14/><D58/><U40/><REACH who="1" step="1"/><E21/><REACH who="1" ten="230,201,329,230" step="2"/><V89/><F60/><W59/><G19/><T130/><D130/><U116/><E116/><V26/><F26/><AGARI ba="0,1" hai="0,3,17,23,26,36,41,47,49,55,59,80,85,91" machi="26" ten="30,1000,0" yaku="7,1" doraHai="62" who="3" fromWho="2" sc="230,0,201,0,329,-10,230,20" /><INIT seed="3,0,0,4,3,114" ten="230,201,319,250" oya="3" hai0="67,16,60,82,29,65,94,70,79,97,0,73,74" hai1="118,25,121,59,19,56,50,98,125,47,133,69,117" hai2="53,110,55,22,129,123,68,86,24,12,77,109,15" hai3="127,72,112,11,45,44,115,85,124,61,116,36,32"/><W96/><G72/><T75/><D0/><U111/><E121/><V102/><F68/><W92/><G32/><T78/><D29/><U38/><E38/><V130/><F102/><N who="3" m="60679" /><G85/><T31/><D31/><U87/><E69/><V105/><F105/><W9/><G61/><T35/><D35/><U99/><E111/><N who="2" m="42507" /><F123/><W20/><G20/><T63/><D16/><U54/><E125/><N who="3" m="48202" /><G116/><N who="1" m="44650" /><E133/><V39/><F86/><W21/><G21/><T48/><D78/><U128/><E128/><V3/><F77/><W13/><G11/><T91/><REACH who="0" step="1"/><D48/><REACH who="0" ten="220,201,319,250" step="2"/><U120/><E120/><V132/><F3/><W95/><G95/><T64/><D64/><U40/><E19/><V43/><F130/><W14/><G14/><T17/><D17/><U83/><E25/><V80/><F12/><W6/><G36/><T34/><D34/><U108/><E108/><V42/><F15/><W104/><G104/><T119/><D119/><U26/><E26/><V33/><F39/><W28/><G28/><T8/><D8/><U134/><E134/><V2/><F33/><W5/><G5/><T76/><D76/><N who="1" m="46567" /><E59/><AGARI ba="0,1" hai="59,60,63,65,67,70,73,74,75,79,82,91,94,97" machi="59" ten="30,2000,0" yaku="1,1,7,1,53,0" doraHai="114" doraHaiUra="41" who="0" fromWho="1" sc="220,30,201,-20,319,0,250,0" owari="250,5.0,181,-31.9,319,41.9,250,-15.0" /></mjloggm>