<mjloggm ver="2.3"><GO type="225" lobby="0"/><UN n0="%E3%81%BF%E3%81%BF%E3%81%9A" n1="%E3%81%AD%E3%82%80%E3%81%84%40%E9%9B%80%E9%B3%B4%E4%BC%9A" n2="%E4%B8%89%E9%80%A3%E7%99%BA" n3="%E3%82%8F%E3%81%8B%E3%81%B0%2A%E3%82%AC%E3%83%BC%E3%83%AB" dan="17,16,16,16" rate="2270.92,2202.98,2171.47,2200.07" sx="M,F,M,M"/><TAIKYOKU oya="0"/><INIT seed="0,0,0,4,1,69" ten="250,250,250,250" oya="0" hai0="76,33,8,134,36,80,96,32,86,77,40,81,7" hai1="5,38,133,114,6,59,54,60,61,31,85,79,52" hai2="104,74,23,64,22,126,29,48,100,56,101,89,65" hai3="41,118,93,39,97,132,66,53,73,70,98,117,83"/><T50/><D134/><U107/><E133/><V47/><F74/><W91/><G132/><T108/><D108/><U72/><E114/><V2/><F2/><W42/><G70/><T19/><D19/><U20/><E107/><V95/><F126/><W131/><G66/><N who="2" m="25705" /><F56/><W46/><G131/><T113/><D96/><U14/><E72/><V110/><F104/><W15/><G98/><T27/><D27/><N who="1" m="16871" /><E38/><V129/><F129/><W57/><G42/><T121/><D121/><U43/><E43/><N who="2" m="24703" /><F110/><W71/><G71/><T13/><D36/><U63/><E14/><V37/><F37/><W124/><G15/><T16/><D113/><U28/><E28/><V45/><F45/><W62/><REACH who="3" step="1"/><G124/><REACH who="3" ten="250,250,250,240" step="2"/><T51/><D40/><U94/><E54/><V4/><F101/><W84/><G84/><N who="0" m="48135" /><D33/><U106/><E106/><V67/><F67/><W35/><G35/><T30/><D32/><U58/><E52/><V18/><F100/><W112/><G112/><T109/><D109/><U1/><E1/><V135/><F135/><W111/><G111/><T102/><D102/><U26/><E85/><V0/><F0/><W55/><G55/><T21/><D7/><U130/><E5/><V119/><F4/><W127/><G127/><T115/><D115/><U123/><E6/><V49/><F119/><W9/><G9/><T99/><D99/><U105/><E105/><V12/><F23/><W120/><G120/><T68/><D68/><U125/><E123/><V10/><F10/><W78/><AGARI ba="0,1" hai="39,41,46,53,57,62,73,78,83,91,93,97,117,118" machi="78" ten="30,4000,0" yaku="1,1,0,1,52,1,53,0" doraHai="69" doraHaiUra="82" who="3" fromWho="3" sc="250,-20,250,-10,250,-10,240,50" /><INIT seed="1,0,0,3,2,84" ten="230,240,240,290" oya="1" hai0="83,75,103,116,48,79,44,31,105,77,133,119,50" hai1="33,100,60,8,57,24,4,99,93,15,36,106,19" hai2="125,117,128,122,123,90,114,14,13,0,131,130,20" hai3="6,121,53,118,102,86,30,78,80,61,40,127,29"/><U132/><E132/><V52/><F117/><W28/><G121/><N who="2" m="46089" /><F0/><W25/><G127/><T67/><D133/><U98/><E36/><V49/><F125/><W12/><G118/><T87/><D67/><U126/><E126/><V27/><F114/><W89/><G102/><T76/><D48/><U92/><E33/><V64/><F64/><W124/><G124/><T11/><D31/><U65/><E106/><V39/><F39/><W107/><G107/><T37/><D37/><U110/><E110/><V81/><F81/><W68/><G40/><T54/><D75/><U46/><E46/><N who="2" m="27703" /><F90/><W23/><G68/><T9/><D116/><U69/><E69/><V7/><F7/><W18/><G6/><T63/><D119/><U58/><E58/><V73/><F73/><W32/><G78/><T34/><D34/><U129/><E129/><V42/><F42/><W113/><G113/><T1/><D63/><U2/><E2/><V85/><F85/><W95/><G80/><T59/><D59/><U5/><REACH who="1" step="1"/><E24/><REACH who="1" ten="230,230,240,290" step="2"/><V108/><F108/><W72/><G32/><T3/><D1/><U115/><E115/><V22/><F27/><W111/><G111/><T51/><D3/><U16/><E16/><V45/><F45/><W55/><G25/><T47/><D44/><U10/><E10/><N who="0" m="3593" /><D50/><U109/><E109/><V88/><F22/><W43/><G61/><T101/><D105/><U120/><E120/><V112/><F112/><W74/><G43/><T104/><D104/><U35/><E35/><V134/><F134/><W70/><G70/><T62/><D62/><U82/><E82/><RYUUKYOKU ba="0,1" sc="230,10,230,10,240,-30,290,10" hai0="47,51,54,76,77,79,83,87,101,103" hai1="4,5,8,15,19,57,60,65,92,93,98,99,100" hai3="12,18,23,28,29,30,53,55,72,74,86,89,95" /><INIT seed="1,1,1,4,4,87" ten="240,240,210,300" oya="1" hai0="47,2,96,108,53,65,51,111,86,42,134,15,35" hai1="16,27,114,132,9,30,46,119,117,109,40,28,121" hai2="36,62,124,55,89,104,48,73,135,69,38,26,31" hai3="49,122,130,32,90,0,3,102,80,78,115,100,125"/><U7/><E121/><V14/><F73/><W24/><G122/><T93/><D2/><U12/><E114/><V29/><F104/><W81/><G115/><T64/><D35/><U106/><E106/><V116/><F116/><W76/><G32/><T45/><D86/><U25/><E46/><V107/><F135/><W39/><G24/><N who="1" m="9290" /><E40/><V22/><F124/><W83/><G39/><N who="0" m="21727" /><D15/><N who="1" m="5567" /><E132/><V33/><F107/><W71/><G71/><T37/><D134/><U75/><E75/><V59/><F31/><N who="1" m="11817" /><E109/><N who="0" m="42057" /><D37/><U97/><E97/><V120/><F120/><W5/><G125/><T131/><D131/><U99/><E99/><V77/><F38/><W88/><G130/><T58/><D47/><U85/><E85/><V57/><F36/><W21/><G76/><T34/><D34/><U66/><E66/><V123/><F77/><W23/><G78/><T101/><AGARI ba="1,1" hai="51,53,58,64,65,93,96,101" m="42057,21727" machi="101" ten="30,1100,0" yaku="14,1" doraHai="87" who="0" fromWho="0" sc="240,24,240,-6,210,-4,300,-4" /><INIT seed="2,0,0,3,5,21" ten="264,234,206,296" oya="2" hai0="105,44,72,10,90,117,82,100,132,26,59,121,86" hai1="28,36,103,66,97,29,102,33,99,85,9,61,77" hai2="112,118,7,65,25,14,80,30,38,130,16,49,135" hai3="58,50,68,6,122,52,71,110,63,107,109,101,0"/><V126/><F38/><W133/><G122/><T78/><D121/><U60/><E36/><V15/><F112/><W42/><G133/><T32/><D132/><U34/><E9/><N who="2" m="4415" /><F135/><W131/><G131/><T13/><D117/><U104/><E77/><V70/><F70/><W54/><G42/><T45/><D59/><U119/><E104/><V106/><F106/><W24/><G6/><T120/><D120/><U92/><E66/><V41/><F126/><W2/><G101/><T37/><D37/><U113/><E92/><V73/><F73/><W94/><G107/><T1/><D1/><N who="3" m="617" /><G94/><N who="0" m="54615" /><D26/><U115/><REACH who="1" step="1"/><E85/><REACH who="1" ten="264,224,206,296" step="2"/><V74/><F74/><W87/><G87/><T5/><D32/><U53/><E53/><V88/><F65/><W75/><G75/><T83/><D83/><U40/><E40/><V95/><F80/><W84/><G84/><T22/><D22/><U67/><E67/><V51/><F41/><W69/><G54/><T8/><D10/><U124/><E124/><V35/><F35/><W57/><G52/><T4/><D5/><U48/><E48/><V46/><F51/><W98/><G50/><T56/><D56/><U127/><E127/><V18/><F49/><W111/><G57/><T114/><D114/><U62/><E62/><V96/><F95/><W123/><G123/><T19/><D4/><U93/><E93/><V81/><F81/><W12/><G58/><T134/><D134/><U47/><E47/><V116/><F46/><N who="0" m="18026" /><D105/><U20/><E20/><V76/><F76/><W129/><G68/><T43/><D43/><U31/><E31/><V39/><F39/><RYUUKYOKU ba="0,1" sc="264,15,224,15,206,-15,296,-15" hai0="8,13,19,72,78,82,100" hai1="28,29,33,34,60,61,97,99,102,103,113,115,119" /><INIT seed="3,1,1,2,5,26" ten="279,239,191,281" oya="3" hai0="2,35,36,19,23,39,91,78,74,101,114,115,18" hai1="80,72,27,118,16,33,1,128,40,107,133,38,3" hai2="94,43,108,103,104,20,82,121,126,89,5,30,99" hai3="122,44,57,31,88,97,6,49,70,0,96,93,37"/><W53/><G122/><T123/><D123/><U64/><E16/><V4/><F121/><W124/><G70/><T58/><D35/><U100/><E64/><V87/><F108/><W106/><G124/><T102/><D2/><N who="1" m="523" /><E128/><V79/><F126/><W12/><G0/><T84/><D78/><N who="1" m="44103" /><E133/><V29/><F43/><N who="3" m="24735" /><G37/><N who="0" m="14411" /><D74/><U51/><E51/><V9/><F20/><W45/><G31/><N who="2" m="11785" /><F9/><N who="3" m="4151" /><G106/><T56/><D56/><U90/><E90/><V71/><F71/><W32/><G32/><T105/><D58/><U109/><E118/><V8/><F8/><W69/><G69/><T111/><D111/><U22/><E22/><V15/><F15/><W75/><G75/><AGARI ba="1,1" hai="4,5,75,79,82,87,89,94,99,103,104" m="11785" machi="75" ten="30,7700,0" yaku="24,1,52,3" doraHai="26" who="2" fromWho="3" sc="279,0,239,0,191,90,281,-80" /><INIT seed="4,0,0,2,3,99" ten="279,239,281,201" oya="0" hai0="58,96,15,22,108,88,50,79,34,94,62,126,13" hai1="92,5,25,23,39,24,132,66,43,53,69,46,30" hai2="1,61,10,87,37,81,127,52,133,103,54,68,70" hai3="124,59,12,65,29,45,83,85,77,14,100,134,49"/><T119/><D119/><U48/><E132/><V41/><F133/><W6/><G134/><T105/><D34/><U17/><E5/><V80/><F127/><W26/><G124/><T135/><D126/><U102/><E69/><V112/><F112/><W67/><G100/><T3/><D135/><U120/><E66/><V117/><F37/><W28/><G28/><T38/><D38/><U18/><E120/><V76/><F41/><W2/><G2/><T116/><D3/><U113/><E113/><V8/><F103/><W16/><G6/><T9/><D116/><U73/><E73/><V35/><F35/><W57/><G12/><T89/><D105/><U75/><E75/><V115/><F115/><W104/><G104/><T42/><D79/><U71/><E71/><V130/><F130/><W123/><G123/><T101/><D108/><U4/><E4/><V11/><F1/><W20/><G67/><N who="0" m="39383" /><D22/><U51/><E39/><V0/><F0/><W84/><G84/><T90/><D9/><U40/><E25/><V44/><F117/><W78/><G78/><T95/><D95/><U110/><E110/><V97/><F68/><W121/><G121/><T60/><D60/><U131/><E131/><V33/><F70/><W109/><G109/><T27/><D27/><U98/><E43/><V21/><F33/><W114/><G114/><T19/><D19/><U93/><E93/><V106/><F106/><W64/><G64/><T91/><N who="0" m="22528" /><DORA hai="31" /><T32/><D32/><U107/><E107/><V56/><F76/><W82/><G82/><T74/><D74/><U122/><E122/><RYUUKYOKU ba="0,0" sc="279,15,239,15,281,-15,201,-15" hai0="13,15,42,50,94,96,101" hai1="17,18,23,24,30,40,46,48,51,53,92,98,102" /><INIT seed="4,1,0,5,5,125" ten="294,254,266,186" oya="0" hai0="37,81,20,133,26,116,17,101,56,94,121,53,71" hai1="11,60,79,12,31,4,2,111,104,0,85,40,44" hai2="118,8,80,39,126,10,110,45,59,82,19,49,132" hai3="32,69,25,120,108,98,18,5,95,43,29,61,129"/><T100/><D116/><U123/><E111/><V107/><F110/><W38/><G108/><T3/><D71/><U68/><E104/><V30/><F107/><W52/><G120/><T114/><D121/><U122/><E31/><V23/><F39/><W115/><G115/><T83/><D37/><U112/><E112/><V7/><F30/><W72/><G72/><T78/><D3/><U62/><E123/><V13/><F132/><W28/><G5/><T57/><D133/><U41/><E41/><V102/><F102/><W92/><G29/><T88/><D114/><U6/><E122/><V66/><F126/><W103/><G18/><T36/><D36/><U84/><E68/><V127/><F10/><W91/><G129/><T77/><D56/><U22/><E22/><V24/><F118/><W106/><G91/><T55/><D55/><U96/><E96/><V135/><F127/><W21/><G21/><T48/><D83/><N who="1" m="47231" /><E85/><V34/><F34/><W86/><G86/><N who="0" m="48431" /><D78/><U67/><E6/><V73/><F73/><W89/><G89/><T58/><D57/><N who="1" m="37263" /><E62/><N who="2" m="38239" /><F135/><W130/><G130/><T97/><AGARI ba="1,0" hai="17,20,26,48,53,58,88,94,97,100,101" m="48431" machi="97" ten="30,3000,0" yaku="8,1,54,1" doraHai="125" who="0" fromWho="0" sc="294,33,254,-11,266,-11,186,-11" owari="327,42.7,243,-15.7,255,5.5,175,-32.5" /></mjloggm>