<mjloggm ver="2.3"><GO type="225" lobby="0"/><UN n0="%E3%83%94%E3%83%B3%E3%82%B5%E3%83%AD%E5%BA%97%E5%93%A1" n1="%E3%81%BF%E3%81%BF%E3%81%9A" n2="%E6%98%93%E5%88%A9%E8%96%A9%E4%BC%AF" n3="%E6%B8%A9%E2%98%85%E6%83%85%E2%98%85%E6%8E%AA%E2%98%85%E7%BD%AE" dan="17,18,17,17" rate="2242.45,2244.06,2193.74,2188.11" sx="M,M,F,M"/><TAIKYOKU oya="0"/><INIT seed="0,0,0,5,5,33" ten="250,250,250,250" oya="0" hai0="110,55,123,38,109,86,117,85,45,96,26,4,24" hai1="6,65,87,77,105,54,103,9,67,11,46,95,125" hai2="107,22,31,57,20,42,115,130,28,62,34,50,97" hai3="13,47,93,100,76,102,10,116,32,51,23,18,63"/><T132/><D117/><U39/><E105/><V69/><F130/><W12/><G116/><T49/><D123/><U121/><E121/><V101/><F115/><W111/><G32/><T129/><D129/><U82/><E125/><V71/><F31/><W83/><G111/><N who="0" m="42507" /><D132/><U29/><E29/><V128/><F128/><W106/><G106/><T21/><D96/><N who="1" m="59807" /><E39/><V122/><F122/><W79/><G63/><T88/><D38/><U90/><E77/><N who="3" m="29770" /><G83/><N who="0" m="49215" /><D86/><U52/><E54/><V56/><F71/><W15/><G93/><T75/><D75/><U84/><E87/><V98/><F98/><W1/><G1/><T5/><D26/><U131/><E131/><V133/><F133/><W30/><G30/><AGARI ba="0,0" hai="4,5,21,24,30,45,49,55" m="49215,42507" machi="30" ten="30,5800,0" yaku="14,1,10,1,54,1" doraHai="33" who="0" fromWho="3" sc="250,58,250,0,250,0,250,-58" /><INIT seed="0,1,0,3,5,59" ten="308,250,250,192" oya="0" hai0="49,18,62,32,45,19,85,127,34,119,65,53,6" hai1="23,5,0,113,15,22,130,51,97,103,96,108,63" hai2="7,57,64,61,50,72,41,115,78,95,36,94,2" hai3="54,40,125,106,99,132,30,4,81,91,123,56,17"/><T135/><D119/><U109/><E130/><V133/><F115/><W67/><G132/><T42/><D135/><U105/><E113/><V121/><F121/><W44/><G125/><T14/><D127/><U120/><E120/><V16/><F133/><W104/><G123/><T29/><D6/><U110/><E51/><V60/><F50/><W100/><G4/><T117/><D117/><U80/><E80/><V8/><F16/><W28/><G67/><T48/><D85/><U52/><E0/><V90/><F90/><W126/><G126/><T112/><D112/><U124/><E96/><V20/><F20/><W128/><G106/><T79/><D79/><U31/><E31/><V116/><F116/><W3/><G3/><T11/><D19/><U66/><E124/><V38/><F61/><W73/><G128/><T9/><D9/><N who="1" m="4527" /><E52/><V55/><F55/><W89/><G17/><T84/><D84/><U35/><E35/><V27/><F27/><W24/><G24/><T129/><D29/><U70/><AGARI ba="1,0" hai="22,23,63,66,70,97,103,105,108,109,110" m="4527" machi="70" ten="30,2000,0" yaku="14,1,52,1" doraHai="59" who="1" fromWho="1" sc="308,-11,250,23,250,-6,192,-6" /><INIT seed="1,0,0,2,5,79" ten="297,273,244,186" oya="1" hai0="0,93,18,15,72,100,87,85,23,29,43,2,127" hai1="120,56,58,41,119,51,53,106,76,113,57,128,11" hai2="47,77,16,114,50,64,122,116,112,71,62,134,124" hai3="20,135,46,13,78,109,61,66,7,118,107,9,88"/><U90/><E106/><V44/><F116/><W84/><G118/><T25/><D72/><U24/><E119/><V60/><F77/><W103/><G109/><T19/><D127/><U45/><E120/><V97/><F122/><W17/><G135/><T28/><D43/><U92/><E113/><N who="2" m="43627" /><F97/><W81/><G46/><N who="2" m="17449" /><F16/><W14/><G107/><T73/><D73/><U129/><E76/><V38/><F38/><W101/><REACH who="3" step="1"/><G78/><REACH who="3" ten="297,273,244,176" step="2"/><T33/><D0/><U125/><E125/><V40/><F134/><W132/><G132/><T49/><D2/><U8/><E41/><V98/><F124/><W102/><G102/><T82/><D100/><U94/><E129/><V110/><F110/><W104/><G104/><T34/><D34/><U68/><E128/><V83/><F40/><W117/><G117/><T59/><D33/><U42/><E42/><V52/><F98/><W121/><G121/><T30/><D87/><U21/><E68/><AGARI ba="0,1" hai="7,9,13,14,17,20,61,66,68,81,84,88,101,103" machi="68" ten="30,8000,1" yaku="1,1,7,1,52,1,54,1,53,1" doraHai="79" doraHaiUra="3" who="3" fromWho="1" sc="297,0,273,-80,244,0,176,90" /><INIT seed="2,0,0,2,5,96" ten="297,193,244,266" oya="2" hai0="67,98,35,39,121,1,126,24,102,47,61,111,83" hai1="17,87,5,25,118,37,81,134,120,60,56,57,9" hai2="42,117,31,88,63,99,14,7,27,100,64,115,33" hai3="13,11,89,127,92,90,125,122,103,53,59,106,124"/><V133/><F115/><W10/><G122/><T101/><D121/><U113/><E118/><V68/><F133/><W129/><G129/><T70/><D1/><U114/><E134/><V86/><F117/><W36/><G36/><T105/><D111/><U82/><E37/><V94/><F42/><W130/><G130/><T104/><D126/><U30/><E120/><V77/><F77/><W48/><G106/><N who="0" m="63799" /><D102/><U84/><E17/><V62/><F62/><W58/><G58/><T132/><D83/><U49/><E49/><V43/><F43/><W4/><G11/><T12/><D12/><U54/><E9/><V123/><F123/><W131/><G131/><T0/><D0/><U93/><E93/><V8/><REACH who="2" step="1"/><F86/><REACH who="2" ten="297,193,234,266" step="2"/><W128/><G128/><T34/><D132/><U6/><E54/><V66/><F66/><W55/><G55/><T95/><D39/><U135/><E135/><V29/><F29/><W116/><G116/><T97/><D61/><U119/><E60/><V51/><F51/><W46/><G125/><T69/><D67/><U18/><E119/><V3/><F3/><W109/><G127/><T41/><D70/><U16/><REACH who="1" step="1"/><E30/><REACH who="1" ten="297,183,234,266" step="2"/><V40/><F40/><W108/><G124/><T23/><D41/><U78/><E78/><V71/><F71/><W76/><G76/><T45/><D69/><U74/><E74/><V91/><AGARI ba="0,2" hai="7,8,14,27,31,33,63,64,68,88,91,94,99,100" machi="91" ten="30,11700,0" yaku="1,1,0,1,52,1,54,1,53,0" doraHai="96" doraHaiUra="52" who="2" fromWho="2" sc="297,-39,183,-39,234,137,266,-39" /><INIT seed="2,1,0,3,3,33" ten="258,144,371,227" oya="2" hai0="98,6,133,74,77,128,24,17,100,122,71,53,103" hai1="25,83,101,48,35,93,46,129,87,94,58,91,55" hai2="63,132,116,72,73,61,30,127,96,66,102,4,8" hai3="14,126,114,135,104,3,36,69,110,11,34,64,40"/><V1/><F116/><W90/><RYUUKYOKU type="yao9" ba="1,0" sc="258,0,144,0,371,0,227,0" hai3="3,11,14,34,36,40,64,69,90,104,110,114,126,135" /><INIT seed="2,2,0,5,3,3" ten="258,144,371,227" oya="2" hai0="91,20,66,79,112,55,19,76,93,70,63,7,119" hai1="43,116,36,130,106,40,34,83,44,26,117,12,11" hai2="16,8,86,74,17,85,41,131,80,39,51,118,135" hai3="77,14,22,13,90,133,30,102,123,114,109,108,94"/><V99/><F118/><W73/><G123/><T57/><D112/><U100/><E83/><V107/><F135/><W115/><G102/><T54/><D119/><U110/><E110/><N who="3" m="42602" /><G133/><T53/><D70/><U134/><E134/><V120/><F39/><W45/><G45/><T49/><D49/><U58/><E58/><V42/><F131/><W25/><G77/><T104/><D7/><U101/><E130/><V5/><F74/><W68/><G73/><T1/><D1/><U132/><E132/><V62/><F62/><W71/><G71/><T81/><D81/><U89/><E89/><V125/><F86/><N who="3" m="52567" /><G68/><T31/><D31/><U92/><E92/><V2/><F42/><W0/><G0/><T69/><D104/><U50/><E36/><V24/><F120/><W96/><G96/><T84/><REACH who="0" step="1"/><D69/><REACH who="0" ten="248,144,371,227" step="2"/><U35/><E106/><V64/><F107/><W121/><G121/><T9/><D9/><U46/><E11/><V56/><F8/><W6/><G6/><T15/><AGARI ba="2,1" hai="15,19,20,53,54,55,57,63,66,76,79,84,91,93" machi="15" ten="30,4000,0" yaku="1,1,0,1,8,1,53,0" doraHai="3" doraHaiUra="111" who="0" fromWho="0" sc="248,56,144,-12,371,-22,227,-12" /><INIT seed="3,0,0,5,5,95" ten="304,132,349,215" oya="3" hai0="29,78,64,55,61,49,111,74,113,20,36,0,35" hai1="66,5,67,63,40,13,59,53,129,15,21,23,52" hai2="98,105,68,117,44,22,9,131,97,100,75,27,89" hai3="60,109,90,88,81,37,118,4,50,56,107,42,96"/><W72/><G118/><T79/><D36/><U85/><E129/><V3/><F68/><W92/><G107/><T116/><D0/><U65/><E40/><V54/><F75/><W34/><G34/><T83/><D116/><U115/><E115/><V135/><F135/><W126/><G37/><T76/><D35/><U24/><E5/><V8/><F3/><W6/><G126/><T71/><D111/><U102/><E102/><V41/><F54/><W104/><G104/><T123/><D123/><U18/><E85/><V127/><F131/><W128/><G128/><T43/><D43/><U19/><E53/><V108/><F127/><W101/><G109/><T38/><D38/><U87/><E87/><V122/><F122/><W93/><G72/><T112/><D29/><U17/><REACH who="1" step="1"/><E66/><REACH who="1" ten="304,122,349,215" step="2"/><V94/><F117/><W70/><G6/><T120/><D120/><U51/><E51/><V47/><F41/><W48/><G4/><T12/><D113/><U39/><E39/><V28/><F108/><W125/><G125/><T46/><D112/><U91/><E91/><V103/><F89/><W124/><G124/><T77/><D77/><U14/><E14/><V132/><F103/><W133/><G42/><T45/><D12/><U82/><E82/><V58/><F100/><W33/><G81/><T99/><D83/><U26/><E26/><V31/><F27/><W80/><G80/><T1/><D74/><U84/><E84/><V16/><F132/><W134/><G134/><T30/><D78/><U73/><E73/><V114/><F114/><W110/><G133/><T106/><D76/><RYUUKYOKU ba="0,1" sc="304,-10,122,30,349,-10,215,-10" hai1="13,15,17,18,19,21,23,24,52,59,63,65,67" owari="294,9.4,152,-34.8,349,44.9,205,-19.5" /></mjloggm>