<mjloggm ver="2.3"><GO type="225" lobby="0"/><UN n0="%E3%81%95%E3%81%8D%E3%81%9F%E3%81%BE%E6%9E%97%E6%AA%8E" n1="%E3%83%96%E3%83%83%E3%83%91%E3%82%AA%E3%83%96%E3%83%81%E3%82%AD%E3%83%B3" n2="%E3%81%BF%E3%81%BF%E3%81%9A" n3="%E3%83%81%E3%83%83%E3%82%BF%E3%82%BD%E3%83%BC" dan="16,16,17,16" rate="2103.54,2147.61,2193.29,2191.03" sx="M,M,M,F"/><TAIKYOKU oya="0"/><INIT seed="0,0,0,5,1,58" ten="250,250,250,250" oya="0" hai0="125,91,57,17,15,65,94,63,61,111,74,70,126" hai1="12,109,72,127,42,89,23,77,3,7,119,114,76" hai2="128,67,53,132,22,69,86,73,104,116,21,90,124" hai3="78,121,14,45,44,10,84,62,36,49,97,96,120"/><T40/><D74/><U60/><E119/><V28/><F73/><W108/><G108/><T93/><D40/><U48/><E109/><V135/><F116/><W113/><G113/><T9/><D111/><U32/><E32/><V54/><F104/><W24/><G24/><T106/><D106/><U98/><E72/><V46/><F128/><W39/><G84/><T2/><D2/><U13/><E3/><V129/><F129/><W59/><G78/><N who="1" m="30314" /><E127/><N who="0" m="48649" /><D91/><U5/><E114/><V6/><F6/><N who="1" m="2057" /><E23/><V115/><F124/><W16/><G39/><T29/><D29/><U75/><E75/><V95/><F115/><W110/><G36/><T51/><D51/><U134/><E134/><N who="2" m="51243" /><F46/><N who="3" m="18027" /><G49/><T117/><D117/><U34/><E34/><V50/><F50/><W31/><G31/><T38/><D38/><U1/><E1/><V20/><F28/><W133/><G110/><T103/><D103/><U122/><E48/><V11/><F11/><W8/><G10/><T87/><D87/><U92/><E42/><V131/><F131/><W33/><G33/><T123/><D123/><N who="3" m="47177" /><G133/><T43/><D43/><U55/><E122/><V26/><F26/><W112/><G112/><T79/><D79/><U118/><E118/><V80/><F80/><W102/><G102/><T101/><D101/><U52/><E12/><V71/><F71/><W27/><G27/><T68/><D68/><U4/><E13/><V99/><F86/><W47/><N who="3" m="18035" /><W19/><DORA hai="82" /><G19/><T25/><D25/><U100/><E4/><V18/><F18/><W56/><G14/><T81/><D81/><U35/><E100/><RYUUKYOKU ba="0,0" sc="250,15,250,-15,250,15,250,-15" hai0="9,15,17,57,61,63,65,70,93,94" hai2="20,21,22,53,54,67,69,90,95,99" /><INIT seed="0,1,0,5,3,113" ten="265,235,265,235" oya="0" hai0="16,114,6,19,81,45,67,44,27,83,92,85,2" hai1="101,105,131,129,76,51,24,32,62,8,87,119,69" hai2="94,37,78,40,68,82,133,47,50,21,75,77,118" hai3="59,43,123,89,72,33,12,90,110,25,134,11,38"/><T1/><D114/><U31/><E8/><V74/><F68/><W23/><G110/><T100/><D67/><N who="1" m="41207" /><E51/><V116/><F133/><W84/><G134/><T73/><D73/><U4/><E4/><V26/><F94/><W52/><G123/><T54/><D1/><U117/><E76/><V55/><F77/><W18/><G33/><T107/><D107/><U80/><E87/><V79/><F79/><W41/><G72/><T95/><D2/><U121/><E80/><N who="0" m="30793" /><D6/><U29/><E29/><V46/><REACH who="2" step="1"/><F75/><REACH who="2" ten="265,235,255,235" step="2"/><W66/><G90/><T109/><D109/><U3/><E121/><V30/><AGARI ba="1,1" hai="21,26,30,37,40,46,47,50,55,74,78,82,116,118" machi="30" ten="30,8000,1" yaku="1,1,2,1,0,1,52,2,53,0" doraHai="113" doraHaiUra="97" who="2" fromWho="2" sc="265,-41,235,-21,255,93,235,-21" /><INIT seed="1,0,0,4,5,120" ten="224,214,348,214" oya="1" hai0="103,119,124,108,131,44,25,81,0,5,31,118,112" hai1="84,19,86,78,82,29,40,121,12,101,90,1,52" hai2="79,41,58,97,42,2,115,11,76,60,99,88,22" hai3="61,109,37,106,48,14,70,55,126,18,64,130,113"/><U125/><E121/><V10/><F2/><W30/><G126/><T85/><D112/><U24/><E125/><V65/><F115/><W46/><G130/><T32/><D124/><U54/><E1/><V80/><F22/><W6/><G113/><T123/><D123/><U50/><E101/><V92/><F97/><W51/><G106/><T62/><D103/><U75/><E75/><V105/><F105/><W67/><G30/><T72/><D131/><U36/><E36/><V49/><F79/><W87/><G37/><T132/><D85/><U15/><E40/><V56/><F42/><W73/><G73/><T116/><D44/><U135/><E135/><V74/><REACH who="2" step="1"/><F56/><REACH who="2" ten="224,214,338,214" step="2"/><W114/><G114/><T91/><D119/><U127/><E127/><V102/><F102/><W26/><G70/><T93/><D0/><U53/><E78/><V107/><F107/><W104/><G104/><T16/><D118/><U45/><E86/><V43/><F43/><W33/><G87/><T13/><D116/><U4/><E4/><V38/><F38/><W77/><G6/><T3/><D3/><U129/><E129/><V17/><F17/><W100/><G100/><T34/><D5/><U68/><E68/><V35/><F35/><W39/><G33/><T111/><D32/><U69/><E69/><V98/><F98/><W83/><G77/><T110/><D34/><N who="1" m="20775" /><E15/><V71/><F71/><W7/><G39/><T66/><D13/><U63/><E63/><V20/><F20/><W21/><G14/><T94/><D62/><U9/><AGARI ba="0,1" hai="9,12,19,45,50,52,53,54,82,84,90" m="20775" machi="9" ten="30,3000,0" yaku="25,1,54,1" doraHai="120" who="1" fromWho="1" sc="224,-10,214,40,338,-10,214,-10" /><INIT seed="1,1,0,4,5,23" ten="214,254,328,204" oya="1" hai0="97,91,85,88,1,134,12,118,43,59,27,37,132" hai1="105,20,24,38,99,71,30,76,73,35,75,87,63" hai2="117,60,83,122,47,46,84,0,135,77,11,128,112" hai3="95,22,109,10,58,15,18,32,110,86,123,106,108"/><U6/><E38/><V54/><F117/><W42/><G106/><T29/><D118/><U56/><E6/><V26/><F122/><W80/><G123/><T131/><D1/><U82/><E20/><V101/><F128/><W120/><G120/><T124/><D131/><U3/><E3/><V104/><F135/><N who="0" m="51754" /><D124/><U70/><E56/><V94/><F112/><W130/><G130/><T4/><D97/><U107/><E71/><V14/><F104/><W2/><G32/><N who="0" m="20543" /><D59/><U115/><E115/><V65/><F26/><N who="3" m="14679" /><G2/><T102/><D102/><N who="1" m="62687" /><E107/><V114/><F0/><W16/><G58/><T121/><D121/><U113/><E113/><V52/><F114/><W125/><G125/><T44/><D85/><U64/><AGARI ba="1,0" hai="24,30,35,63,64,70,73,75,76,82,87" m="62687" machi="64" ten="30,3000,0" yaku="25,1,52,1" doraHai="23" who="1" fromWho="1" sc="214,-11,254,33,328,-11,204,-11" /><INIT seed="1,2,0,2,2,2" ten="203,287,317,193" oya="1" hai0="108,14,126,105,24,35,90,112,65,28,94,38,5" hai1="117,98,12,17,59,22,84,19,114,91,86,131,23" hai2="111,51,130,64,118,10,46,129,103,135,100,85,107" hai3="58,71,43,36,134,88,121,128,1,45,76,97,21"/><U33/><E114/><V55/><F118/><W37/><G121/><T60/><D112/><U110/><E117/><V81/><F111/><W49/><G71/><T72/><D105/><U73/><E33/><V27/><F135/><W7/><G134/><T80/><D38/><U31/><E73/><V13/><F64/><W113/><G113/><T115/><D115/><U79/><E31/><V25/><F107/><W53/><G128/><N who="2" m="49257" /><F103/><W47/><G76/><T122/><D122/><U32/><E32/><V18/><F100/><W120/><G120/><T78/><D108/><U87/><E131/><V4/><F18/><W20/><G47/><T16/><D126/><U89/><E110/><V125/><F125/><W116/><G36/><T106/><D106/><U74/><E98/><V96/><F96/><W82/><G116/><T99/><D5/><U30/><E30/><V92/><F92/><W123/><G123/><T40/><D40/><U68/><E68/><V54/><F55/><W11/><REACH who="3" step="1"/><G97/><REACH who="3" ten="203,287,317,183" step="2"/><T29/><D35/><U0/><E79/><AGARI ba="2,1" hai="4,10,13,25,27,46,51,54,79,81,85" m="49257" machi="79" ten="30,2000,0" yaku="19,1,52,1" doraHai="2" who="2" fromWho="1" sc="203,0,287,-26,317,36,183,0" /><INIT seed="2,0,0,3,2,43" ten="203,261,353,183" oya="2" hai0="102,59,27,11,2,1,48,14,0,71,42,76,116" hai1="52,94,36,78,126,30,68,84,16,70,26,89,135" hai2="18,91,105,4,127,98,40,20,25,13,106,67,107" hai3="58,9,87,61,118,38,119,85,35,83,110,24,69"/><V77/><F127/><W29/><G110/><T12/><D71/><U49/><E126/><V5/><F67/><W108/><G108/><T117/><D102/><U101/><E36/><V92/><F77/><W45/><G69/><T88/><D76/><U133/><E78/><V50/><REACH who="2" step="1"/><F25/><REACH who="2" ten="203,261,343,183" step="2"/><W99/><G118/><T64/><D27/><U39/><E26/><V54/><F54/><W125/><G119/><T72/><D64/><U53/><E52/><V65/><F65/><W23/><G125/><T95/><D117/><U93/><E53/><V34/><F34/><W124/><G124/><T79/><D116/><U15/><E70/><V75/><F75/><W21/><G35/><T41/><D72/><U44/><E68/><V113/><F113/><W17/><G24/><T129/><D79/><U46/><E30/><V97/><F97/><W132/><G29/><T10/><D129/><U109/><E109/><V7/><F7/><W37/><G99/><T3/><D42/><U90/><E135/><V32/><F32/><W6/><G132/><T131/><D131/><U81/><E133/><V112/><F112/><W104/><G6/><T80/><D41/><U111/><E111/><V128/><F128/><W60/><G87/><T73/><D73/><U19/><E84/><V22/><F22/><W122/><G85/><T123/><D123/><U114/><E114/><V120/><F120/><W82/><G122/><T56/><D11/><U8/><E8/><V74/><F74/><W96/><G9/><T57/><D10/><U55/><E55/><V66/><F66/><N who="3" m="39191" /><G23/><T47/><D47/><AGARI ba="0,1" hai="4,5,13,18,20,40,47,50,91,92,98,105,106,107" machi="47" ten="40,7700,0" yaku="1,1,6,1,52,1,53,0" doraHai="43" doraHaiUra="31" who="2" fromWho="0" sc="203,-77,261,0,343,87,183,0" /><INIT seed="2,1,0,4,0,116" ten="126,261,430,183" oya="2" hai0="134,106,82,74,36,98,42,13,3,63,100,90,127" hai1="38,119,27,16,29,51,28,50,5,92,43,72,37" hai2="99,87,125,88,124,135,89,21,83,133,114,107,91" hai3="30,8,55,109,1,102,15,111,22,112,56,20,117"/><V6/><F6/><W105/><G117/><T47/><D127/><N who="2" m="48714" /><F114/><W0/><G112/><T93/><D134/><N who="2" m="51210" /><F21/><W65/><G65/><T64/><D3/><U39/><E72/><V62/><F62/><W73/><G73/><T57/><D13/><U120/><E120/><V75/><F75/><W11/><G102/><AGARI ba="1,0" hai="83,87,88,89,91,99,102,107" m="51210,48714" machi="102" ten="30,12000,1" yaku="18,1,20,1,34,2,54,1" doraHai="116" who="2" fromWho="3" sc="126,0,261,0,430,123,183,-123" /><INIT seed="2,2,0,2,0,46" ten="126,261,553,60" oya="2" hai0="64,29,43,128,30,15,36,135,120,71,49,56,82" hai1="14,18,97,84,117,131,26,106,35,37,4,53,25" hai2="21,76,124,96,118,114,75,62,31,66,85,67,59" hai3="77,24,130,125,83,1,63,47,103,78,107,69,22"/><V45/><F114/><W68/><G1/><T40/><D120/><U74/><E117/><V20/><F118/><W7/><G7/><T57/><D71/><U72/><E37/><V5/><F75/><W73/><G125/><T79/><D128/><U132/><E131/><V92/><F124/><W115/><G130/><T51/><D135/><U38/><E132/><V2/><F2/><W95/><G107/><T104/><D104/><U9/><E38/><V41/><F5/><W52/><G115/><T105/><D105/><U102/><E84/><V112/><F67/><W70/><G77/><T23/><D36/><U6/><E26/><V126/><F126/><W90/><G103/><T8/><D64/><U110/><E110/><V133/><F133/><W54/><G63/><T101/><D101/><U108/><E108/><V17/><F31/><N who="0" m="11786" /><D23/><N who="1" m="11735" /><E53/><V16/><F112/><W50/><G54/><N who="0" m="31823" /><D82/><U28/><E4/><V113/><F113/><W60/><G60/><T3/><D3/><AGARI ba="2,0" hai="3,6,9,25,28,35,72,74,97,102,106" m="11735" machi="3" ten="30,1000,0" yaku="24,1" doraHai="46" who="1" fromWho="0" sc="126,-16,261,16,553,0,60,0" /><INIT seed="3,0,0,0,2,50" ten="110,277,553,60" oya="3" hai0="104,73,32,89,10,60,65,49,106,54,26,94,24" hai1="62,123,13,8,12,58,39,71,64,98,122,6,102" hai2="121,30,79,18,16,19,28,5,52,59,111,33,105" hai3="2,25,78,4,92,96,133,46,68,81,38,134,126"/><W66/><G126/><T107/><D73/><U88/><E39/><V113/><F113/><W53/><G25/><T112/><D112/><U118/><E118/><V114/><F114/><W34/><G34/><T11/><D32/><U31/><E31/><V90/><F105/><W35/><G35/><T75/><D75/><U127/><E127/><V0/><F79/><W117/><G117/><T135/><D135/><N who="3" m="51721" /><G66/><T108/><D108/><U91/><E71/><V1/><F111/><W76/><G68/><T103/><D103/><U69/><E69/><V101/><F121/><W110/><G110/><T116/><D116/><U131/><E131/><V115/><F115/><W21/><G21/><T22/><D26/><U93/><E13/><V125/><F125/><W9/><G81/><T119/><D119/><U99/><E91/><V45/><F33/><W63/><G38/><T48/><D65/><U27/><E27/><V43/><F28/><W132/><N who="3" m="51729" /><W37/><DORA hai="72" /><G37/><T3/><D3/><U128/><E128/><V41/><F30/><W82/><G82/><T85/><D10/><U129/><E129/><V47/><F19/><W23/><G23/><T7/><D11/><U56/><E123/><V44/><F18/><W42/><G42/><T84/><D7/><U83/><E122/><V17/><F17/><W67/><G67/><T70/><D70/><N who="1" m="42263" /><E83/><V74/><F16/><W20/><G20/><T109/><D109/><U29/><E29/><V120/><F41/><W100/><G46/><N who="2" m="18025" /><F43/><W124/><G124/><T15/><D22/><U55/><E6/><V57/><F47/><RYUUKYOKU ba="0,0" sc="110,-10,277,-10,553,-10,60,30" hai3="2,4,9,53,63,76,78,92,96,100" /><INIT seed="3,1,0,0,1,103" ten="100,267,543,90" oya="3" hai0="80,3,86,18,133,114,119,63,40,81,135,130,26" hai1="89,30,54,93,29,109,42,57,31,52,7,117,100" hai2="74,134,59,20,10,71,17,72,70,1,44,4,25" hai3="115,39,60,110,35,131,66,21,97,79,28,53,104"/><W127/><G115/><T107/><D119/><U121/><E121/><V45/><F134/><N who="0" m="51210" /><D107/><U95/><E109/><V5/><F59/><W116/><G116/><T43/><D130/><U113/><E113/><V99/><F4/><W118/><G118/><T2/><D114/><U49/><E117/><V58/><F58/><W98/><G131/><T132/><N who="0" m="51218" /><T69/><DORA hai="122" /><D69/><U105/><E105/><V50/><F45/><W47/><G35/><T55/><D55/><N who="1" m="31983" /><E42/><N who="0" m="15913" /><D63/><U27/><E7/><V108/><F108/><W75/><G110/><T125/><D125/><U9/><E9/><V78/><F99/><W0/><G127/><T36/><D36/><U19/><E100/><V56/><F56/><N who="3" m="37127" /><G104/><T88/><D81/><U102/><E102/><V126/><F126/><W94/><G94/><N who="1" m="35850" /><E89/><V13/><F1/><W96/><G0/><T82/><D82/><U85/><E85/><V101/><F101/><W32/><G75/><T6/><D6/><U73/><E73/><V112/><F112/><W129/><G129/><T87/><D87/><U12/><E12/><V37/><F37/><W120/><G120/><T16/><D26/><U77/><E77/><V68/><REACH who="2" step="1"/><F78/><REACH who="2" ten="100,267,533,90" step="2"/><W106/><G79/><T65/><D2/><U83/><E83/><V11/><F11/><W23/><G106/><T90/><D3/><U38/><E38/><V61/><F61/><W124/><G124/><T111/><D111/><U67/><E67/><V24/><F24/><N who="3" m="18439" /><G39/><T91/><D65/><U128/><E128/><V8/><F8/><W48/><G47/><T33/><D33/><U34/><E34/><RYUUKYOKU ba="1,1" sc="100,0,267,0,533,0,90,0" hai0="16,18,80,86,88,90,91" hai1="19,27,29,30,31,52,54" hai2="5,10,13,17,20,25,44,50,68,70,71,72,74" hai3="21,23,48,53,96,97,98" /><INIT seed="3,2,1,5,1,110" ten="100,267,533,90" oya="3" hai0="133,27,66,12,65,28,19,50,85,74,11,72,123" hai1="43,17,107,34,77,49,58,80,103,2,35,69,30" hai2="132,94,75,55,7,22,118,102,124,54,51,1,29" hai3="98,95,131,76,89,9,56,125,71,47,82,0,104"/><W117/><G117/><T90/><D123/><U97/><E69/><V46/><F75/><W26/><G71/><T62/><D133/><U81/><E2/><V10/><F118/><W48/><G104/><T114/><D114/><U64/><E30/><V92/><F132/><W3/><G125/><T112/><D112/><U84/><E64/><V31/><F124/><W37/><G131/><T5/><D50/><U115/><E115/><V36/><F36/><W120/><G120/><T33/><D5/><U14/><E81/><V18/><F55/><W57/><G37/><T41/><D41/><U127/><E127/><V67/><F67/><W61/><G26/><T42/><D42/><U122/><E122/><V4/><F4/><W6/><G61/><T109/><D65/><U78/><E78/><V24/><F102/><W45/><G0/><T23/><D33/><U63/><E63/><V79/><F79/><W108/><G108/><T87/><D109/><U16/><E17/><V111/><F111/><W8/><G8/><T105/><D105/><U83/><E83/><V134/><F134/><W32/><G32/><T100/><D100/><U44/><E58/><N who="3" m="22634" /><G48/><T129/><D129/><U99/><E99/><V73/><F73/><N who="0" m="28266" /><D90/><U96/><E96/><V121/><F121/><W101/><G101/><T20/><D11/><AGARI ba="2,1" hai="11,14,16,34,35,43,44,49,77,80,84,97,103,107" machi="11" ten="30,2000,0" yaku="7,1,54,1" doraHai="110" who="1" fromWho="0" sc="100,-26,267,36,533,0,90,0" owari="74,-42.6,303,10.3,533,63.3,90,-31.0" /></mjloggm>