<mjloggm ver="2.3"><GO type="225" lobby="0"/><UN n0="%E5%A4%8F%E9%88%B4%E9%88%B4%E5%A4%8F" n1="%E4%B8%89%E5%88%86%E5%B0%8F%E5%83%A7" n2="%77%72%77%72%77%72%77%72" n3="%E3%81%AF%E3%82%88%E3%81%8A%E3%81%98%E3%81%95%E3%82%93" dan="16,16,17,17" rate="2163.21,2051.20,2123.14,2146.30" sx="F,M,M,M"/><TAIKYOKU oya="0"/><INIT seed="0,0,0,4,4,109" ten="250,250,250,250" oya="0" hai0="82,103,27,100,24,67,76,94,36,97,122,53,3" hai1="16,80,62,64,96,92,116,23,115,7,11,14,20" hai2="90,73,59,85,13,29,4,129,123,22,45,30,124" hai3="52,56,54,46,37,47,49,110,75,6,87,35,10"/><T119/><D122/><U113/><E116/><V86/><F123/><W57/><G110/><T93/><D3/><U51/><E80/><V8/><F129/><W42/><G75/><T130/><D119/><U28/><E51/><V111/><F111/><W99/><G35/><T32/><D36/><U66/><E28/><V102/><F124/><W135/><G135/><T61/><D130/><U71/><E66/><V98/><F73/><W19/><G19/><T121/><D121/><U70/><E70/><V63/><F45/><W39/><G39/><T133/><D133/><U2/><REACH who="1" step="1"/><E23/><REACH who="1" ten="250,240,250,250" step="2"/><V88/><F22/><W125/><G125/><T15/><D32/><U0/><E0/><V83/><F63/><W48/><G37/><T84/><D53/><U91/><AGARI ba="0,1" hai="2,7,11,14,16,20,62,64,71,91,92,96,113,115" machi="91" ten="30,8000,1" yaku="1,1,0,1,52,2,54,1,53,0" doraHai="109" doraHaiUra="72" who="1" fromWho="1" sc="250,-40,240,90,250,-20,250,-20" /><INIT seed="1,0,0,0,1,129" ten="210,330,230,230" oya="1" hai0="120,125,57,5,107,52,40,2,18,59,110,29,104" hai1="39,134,16,19,66,70,72,88,62,71,75,33,35" hai2="67,23,128,65,118,37,115,54,92,133,113,26,105" hai3="9,87,53,73,126,13,58,96,47,4,14,50,91"/><U34/><E39/><V89/><F118/><W20/><G126/><T49/><D125/><U82/><E71/><V119/><F119/><W32/><G73/><T55/><D110/><U28/><E28/><V106/><F128/><W64/><G32/><T45/><D120/><U68/><E68/><V78/><F37/><W84/><G96/><T36/><D29/><U8/><E134/><V93/><F78/><W41/><G64/><T0/><D18/><U127/><E127/><V116/><F116/><W79/><G79/><T101/><D101/><U6/><E75/><V95/><F89/><W3/><G20/><T1/><REACH who="0" step="1"/><D5/><REACH who="0" ten="200,330,230,230" step="2"/><U10/><E6/><V94/><F115/><W77/><G77/><T80/><D80/><U90/><E19/><V60/><F113/><W86/><REACH who="3" step="1"/><G91/><REACH who="3" ten="200,330,230,220" step="2"/><T31/><D31/><U74/><E88/><V15/><F106/><W61/><AGARI ba="0,2" hai="3,4,9,13,14,41,47,50,53,58,61,84,86,87" machi="61" ten="30,4000,0" yaku="1,1,2,1,0,1,53,0" doraHai="129" doraHaiUra="122" who="3" fromWho="3" sc="200,-10,330,-20,230,-10,220,60" /><INIT seed="2,0,0,5,5,27" ten="190,310,220,280" oya="2" hai0="29,58,134,14,72,50,48,19,84,121,23,56,61" hai1="128,25,108,60,97,15,83,44,87,2,62,35,113" hai2="41,71,39,118,31,86,40,11,45,53,103,10,52" hai3="126,32,125,13,21,81,33,98,43,78,99,85,93"/><V20/><F118/><W102/><G43/><T17/><D134/><U131/><E2/><V34/><F71/><W63/><G63/><T12/><D72/><U106/><E113/><V117/><F117/><W75/><G75/><T36/><D36/><U82/><E108/><V77/><F34/><W64/><G64/><T49/><D121/><U65/><E44/><V119/><F119/><W107/><G21/><T55/><D84/><U133/><E133/><V95/><F103/><W92/><G13/><T112/><D112/><U70/><E62/><V129/><F129/><N who="1" m="49737" /><E15/><V9/><F40/><W57/><G57/><T6/><D6/><U135/><E135/><V130/><F130/><W28/><G107/><T132/><D132/><U1/><E1/><V76/><F76/><W115/><G115/><T8/><REACH who="0" step="1"/><D29/><REACH who="0" ten="180,310,220,280" step="2"/><N who="1" m="19887" /><E87/><V3/><F3/><W46/><G28/><T73/><D73/><U7/><E7/><V116/><F116/><W59/><G85/><T51/><D51/><U24/><E24/><V90/><F77/><W94/><G78/><T0/><D0/><U54/><E54/><AGARI ba="0,1" hai="8,12,14,17,19,23,48,49,50,54,55,56,58,61" machi="54" ten="30,7700,0" yaku="1,1,7,1,8,1,53,1" doraHai="27" doraHaiUra="4" who="0" fromWho="1" sc="180,87,310,-77,220,0,280,0" /><INIT seed="3,0,0,3,0,131" ten="267,233,220,280" oya="3" hai0="95,104,4,99,72,51,111,44,119,0,120,9,39" hai1="82,79,17,121,106,78,45,71,90,133,40,134,58" hai2="25,16,23,30,33,135,12,128,84,6,75,93,3" hai3="117,86,124,115,76,10,102,73,42,116,21,98,19"/><W22/><G115/><T112/><D120/><U96/><E71/><V41/><F75/><W20/><G73/><T1/><D119/><U18/><E121/><V85/><F128/><W24/><G124/><T77/><D112/><U38/><E58/><V63/><F41/><W52/><G42/><T5/><D39/><U37/><E37/><V107/><F107/><W94/><G116/><T109/><D104/><U91/><E79/><V28/><F28/><W2/><G117/><T59/><D59/><U32/><E32/><V46/><F46/><W13/><G2/><T68/><D68/><U64/><E64/><V127/><F127/><W100/><G100/><T57/><D57/><U35/><E35/><V132/><F63/><W60/><G52/><T70/><D70/><U122/><E122/><V14/><F14/><W48/><G48/><T56/><D56/><U108/><E108/><V49/><F49/><W113/><G60/><T87/><D72/><U8/><E106/><V26/><F26/><W114/><G114/><T55/><D0/><U110/><E110/><V27/><F27/><W83/><G113/><T47/><D5/><AGARI ba="0,0" hai="5,10,13,19,20,21,22,24,76,83,86,94,98,102" machi="5" ten="30,2900,0" yaku="7,1,8,1" doraHai="131" who="3" fromWho="0" sc="267,-29,233,0,220,0,280,29" owari="238,3.8,233,-16.7,220,-28.0,309,40.9" /></mjloggm>