<mjloggm ver="2.3"><GO type="225" lobby="0"/><UN n0="%E3%81%8B%E3%82%8F%E3%81%A1%E3%82%83%E3%82%93%35%38" n1="%E5%B8%86%E7%AB%8B%E5%A4%8F%E8%A1%A3" n2="%E3%83%B4%E3%83%A0%EF%BC%99%E3%81%A6" n3="%E6%A1%9C%E8%8A%B1%E9%96%83%E3%80%85" dan="16,17,17,17" rate="2157.42,2165.09,2155.72,2201.12" sx="M,M,M,M"/><TAIKYOKU oya="0"/><INIT seed="0,0,0,5,0,33" ten="250,250,250,250" oya="0" hai0="117,18,46,3,90,29,70,55,105,121,22,0,11" hai1="95,14,93,129,133,77,7,34,134,110,112,12,6" hai2="9,108,120,48,39,4,35,84,61,126,8,56,83" hai3="74,65,113,76,25,106,114,19,107,115,58,49,97"/><T32/><D105/><U20/><E77/><V38/><F120/><W75/><G49/><T50/><D121/><U119/><E34/><V104/><F35/><W17/><G58/><T62/><D117/><U80/><E80/><V5/><F104/><N who="3" m="39979" /><G25/><T86/><D29/><U79/><E79/><V125/><F48/><W23/><G23/><T101/><D101/><U37/><E37/><V64/><F108/><W57/><G57/><T30/><D30/><U2/><E20/><V60/><F60/><W68/><G76/><T52/><D32/><U131/><E110/><V43/><F43/><W15/><G15/><N who="0" m="7551" /><D22/><U94/><E94/><V98/><F39/><W109/><G97/><T91/><D91/><U16/><E16/><N who="3" m="6218" /><G109/><T92/><D92/><U123/><E123/><V132/><F98/><W87/><G87/><T66/><D55/><U73/><E119/><V78/><F38/><W24/><G24/><T116/><D116/><U21/><E21/><V122/><F122/><W72/><G65/><T127/><D127/><U47/><E95/><V124/><F9/><W100/><G100/><T89/><D89/><U40/><E93/><V51/><F51/><W44/><G68/><T67/><D67/><U54/><E14/><V118/><F118/><W59/><G59/><T71/><D71/><U130/><E12/><V36/><F36/><W31/><G31/><T10/><D10/><U41/><E54/><V63/><F63/><W102/><G102/><T85/><D85/><U26/><E26/><V135/><F8/><W42/><G114/><T88/><D86/><U45/><E112/><RYUUKYOKU ba="0,0" sc="250,10,250,-30,250,10,250,10" hai0="0,3,46,50,52,62,66,70,88,90" hai2="4,5,56,61,64,78,83,84,124,125,126,132,135" hai3="42,44,72,74,75,113,115" /><INIT seed="0,1,0,2,2,110" ten="260,220,260,260" oya="0" hai0="65,113,25,2,52,8,5,128,78,79,104,16,46" hai1="58,101,37,27,77,119,73,105,61,21,95,76,112" hai2="85,10,83,3,22,99,66,127,129,80,111,92,43" hai3="62,100,63,57,23,133,51,48,117,134,64,121,108"/><T132/><D104/><U18/><E119/><V60/><F111/><W74/><G108/><T120/><D120/><U115/><E37/><V103/><F127/><W86/><G74/><T70/><D113/><N who="1" m="43595" /><E105/><V126/><F126/><W98/><G117/><T56/><D132/><U124/><E124/><V81/><F43/><W49/><G121/><T47/><D128/><U68/><E68/><V53/><F53/><W88/><G62/><T26/><D70/><U135/><E135/><N who="3" m="51722" /><G23/><N who="0" m="13543" /><D2/><U34/><E34/><V38/><F38/><W130/><G130/><T36/><D36/><U11/><E11/><V1/><F22/><W82/><G49/><N who="0" m="30735" /><D65/><N who="1" m="39095" /><E73/><V89/><F129/><W40/><G40/><T102/><D8/><U118/><E118/><V91/><F10/><W0/><G0/><T31/><D5/><U9/><E9/><V54/><F1/><W123/><G123/><T32/><D32/><U24/><E24/><V67/><F3/><W17/><G17/><T107/><D107/><AGARI ba="1,0" hai="48,51,57,63,64,82,86,88,98,100,107" m="51722" machi="107" ten="30,2000,0" yaku="20,1,54,1" doraHai="110" who="3" fromWho="0" sc="260,-23,220,0,260,0,260,23" /><INIT seed="1,0,0,1,3,20" ten="237,220,260,283" oya="1" hai0="113,132,27,81,24,46,53,106,92,71,89,109,15" hai1="112,40,7,29,134,93,60,23,6,36,14,0,80" hai2="35,13,56,104,123,38,62,55,64,120,99,48,122" hai3="41,111,133,34,58,39,50,17,74,26,103,25,67"/><U115/><E36/><V5/><F38/><W70/><G74/><T97/><D113/><N who="1" m="43595" /><E40/><V51/><F35/><W128/><G103/><T72/><D71/><U30/><E60/><V76/><F76/><W105/><G105/><T110/><D132/><U69/><E69/><V11/><F104/><W91/><G91/><T54/><D106/><U100/><E80/><V59/><F99/><W12/><G34/><T95/><D72/><U84/><E84/><V130/><REACH who="2" step="1"/><F48/><REACH who="2" ten="237,220,250,283" step="2"/><W3/><G50/><T10/><D109/><U83/><E100/><V19/><F19/><W118/><G17/><N who="0" m="8439" /><D110/><U116/><E30/><V4/><F4/><W49/><G49/><N who="0" m="28855" /><D81/><U102/><E83/><V126/><F126/><W16/><G111/><T107/><D107/><U101/><E7/><V96/><F96/><W65/><G133/><T8/><D95/><U88/><E134/><V63/><F63/><W42/><G39/><T68/><D92/><U79/><E93/><V98/><F98/><W1/><G16/><T85/><D97/><U87/><E102/><V9/><F9/><W21/><G21/><T78/><D78/><U66/><E79/><V86/><F86/><W90/><G90/><T73/><D73/><U47/><E101/><V57/><F57/><W44/><G58/><T31/><D68/><U125/><E88/><V45/><F45/><W129/><G44/><T2/><D89/><U108/><E47/><V77/><F77/><W37/><G37/><T117/><D85/><U22/><E87/><V135/><F135/><W32/><G70/><T75/><D75/><U124/><E124/><RYUUKYOKU ba="0,1" sc="237,-10,220,-10,250,30,283,-10" hai2="5,11,13,51,55,56,59,62,64,120,122,123,130" /><INIT seed="2,1,1,3,2,6" ten="227,210,280,273" oya="2" hai0="134,8,129,93,0,126,101,84,48,17,107,3,58" hai1="127,90,125,96,99,35,131,42,57,46,79,50,41" hai2="119,102,59,38,25,103,34,67,130,63,24,111,20" hai3="121,104,13,83,1,31,122,91,97,39,132,55,124"/><V28/><F119/><W133/><G1/><T10/><D107/><U92/><E131/><V88/><F38/><W37/><G31/><T29/><D29/><U32/><E79/><V85/><F130/><W56/><G124/><N who="1" m="47690" /><E42/><V19/><REACH who="2" step="1"/><F111/><REACH who="2" ten="227,210,270,273" step="2"/><W100/><G37/><T16/><D126/><U69/><E69/><V47/><F47/><W7/><G39/><T74/><D129/><U23/><E57/><V80/><AGARI ba="1,2" hai="19,20,24,25,28,34,59,63,67,80,85,88,102,103" machi="80" ten="20,7800,0" yaku="1,1,0,1,7,1,54,1,53,0" doraHai="6" doraHaiUra="70" who="2" fromWho="2" sc="227,-27,210,-27,270,101,273,-27" /><INIT seed="2,2,0,3,1,98" ten="200,183,371,246" oya="2" hai0="99,57,79,35,126,24,67,106,103,25,19,45,1" hai1="83,124,23,131,21,15,11,107,43,18,91,105,114" hai2="40,133,22,118,108,63,56,51,88,61,12,123,100" hai3="49,81,59,50,47,76,78,90,6,110,0,134,113"/><V73/><F118/><W3/><G110/><T120/><D120/><U111/><E114/><V26/><F123/><W72/><G113/><T9/><D126/><U85/><E124/><V135/><F73/><W117/><G117/><T55/><D79/><U53/><E111/><V101/><F108/><W8/><G134/><N who="2" m="51209" /><F12/><W20/><G0/><T28/><D1/><U104/><E131/><V69/><F69/><W60/><G78/><T77/><D77/><U71/><E71/><V75/><F75/><W82/><G20/><T109/><D109/><U4/><E43/><V127/><F127/><W96/><G47/><T115/><D115/><U68/><E68/><V89/><F51/><W46/><G46/><T121/><D121/><U94/><E53/><N who="2" m="33935" /><F63/><W14/><G3/><T87/><D45/><U42/><E42/><V119/><F40/><W44/><G44/><T5/><D5/><U86/><REACH who="1" step="1"/><E4/><REACH who="1" ten="200,173,371,246" step="2"/><V16/><F119/><W48/><G6/><T130/><D130/><U52/><E52/><V29/><F29/><W37/><G37/><T39/><D39/><U95/><E95/><V70/><F70/><W62/><G59/><T58/><D55/><U54/><E54/><V32/><F32/><W80/><G60/><T129/><D129/><U31/><E31/><V36/><F36/><W112/><G62/><N who="0" m="38351" /><D58/><U84/><E84/><V66/><F66/><W10/><G112/><T132/><D132/><U93/><E93/><V116/><F116/><W38/><G38/><T33/><D87/><U2/><E2/><V30/><F30/><W97/><G49/><T102/><D33/><RYUUKYOKU ba="2,1" sc="200,-15,173,15,371,15,246,-15" hai1="11,15,18,21,23,83,85,86,91,94,104,105,107" hai2="16,22,26,88,89,100,101" /><INIT seed="2,3,1,3,1,1" ten="185,188,386,231" oya="2" hai0="100,116,12,3,112,18,49,10,33,4,86,74,87" hai1="28,23,0,96,19,76,11,135,20,92,46,34,78" hai2="107,43,69,113,127,122,124,102,120,132,117,94,52" hai3="93,55,5,108,130,97,114,54,81,125,82,133,48"/><V7/><F117/><W104/><G104/><T27/><D74/><U44/><E135/><V131/><F113/><W38/><G38/><T72/><D72/><U106/><E106/><V39/><F132/><W51/><G133/><T42/><D112/><U14/><E34/><V59/><F69/><W84/><G114/><T6/><D116/><U73/><E73/><V109/><F107/><W60/><G108/><T63/><D100/><U101/><E0/><V115/><F115/><W119/><G119/><T103/><D103/><U77/><E28/><V40/><F109/><W99/><G125/><N who="2" m="48201" /><F131/><W89/><G5/><N who="0" m="2155" /><D33/><U68/><E68/><V67/><F67/><W98/><G60/><T129/><D3/><U91/><E101/><V32/><F7/><W128/><G128/><T53/><D27/><U36/><E36/><V71/><F71/><W31/><G31/><T58/><D129/><U88/><E91/><V24/><F24/><W66/><G66/><N who="0" m="39287" /><D42/><N who="2" m="15914" /><F32/><W26/><G26/><T118/><D118/><U45/><AGARI ba="3,1" hai="11,14,19,20,23,44,45,46,76,77,78,88,92,96" machi="45" ten="30,4000,0" yaku="0,1,8,1,54,1" doraHai="1" who="1" fromWho="1" sc="185,-13,188,59,386,-23,231,-13" /><INIT seed="3,0,0,2,3,128" ten="172,247,363,218" oya="3" hai0="90,82,75,38,131,2,26,83,13,0,24,55,113" hai1="45,111,71,76,104,127,41,53,12,99,89,18,88" hai2="33,77,119,57,129,92,133,114,30,94,16,51,80" hai3="132,46,98,72,73,4,31,62,17,87,124,21,106"/><W3/><G124/><T36/><D13/><U69/><E111/><V109/><F119/><W91/><G31/><T52/><D75/><U110/><E110/><V9/><F109/><W85/><G46/><T15/><D15/><U44/><E76/><V96/><F114/><W123/><G62/><T125/><D131/><U37/><E89/><V49/><F129/><W56/><G56/><T130/><D130/><U65/><E65/><V59/><F33/><W10/><G87/><T118/><D90/><U117/><E104/><V134/><F30/><W95/><G123/><T103/><D103/><U14/><E14/><N who="2" m="7247" /><F49/><W60/><G60/><T35/><D35/><U84/><E99/><V86/><F51/><W101/><G132/><N who="2" m="50793" /><F94/><W34/><G34/><T61/><D61/><U22/><E117/><V47/><F47/><W67/><G95/><T79/><D118/><U48/><E127/><V135/><F135/><W64/><G106/><T19/><D19/><U5/><E5/><V116/><F116/><W54/><G17/><T78/><REACH who="0" step="1"/><D125/><REACH who="0" ten="162,247,363,218" step="2"/><U66/><E18/><V1/><F1/><W121/><G3/><T105/><D105/><U122/><E12/><V20/><F20/><W107/><G21/><T7/><D7/><U40/><E22/><V112/><F112/><AGARI ba="0,1" hai="0,2,24,26,36,38,52,55,78,79,82,83,112,113" machi="112" ten="25,6400,0" yaku="1,1,22,2,54,1,53,0" doraHai="128" doraHaiUra="43" who="0" fromWho="2" sc="162,74,247,0,363,-64,218,0" /><INIT seed="4,0,0,1,3,117" ten="236,247,299,218" oya="0" hai0="4,16,103,130,0,10,44,111,39,131,108,127,25" hai1="133,12,15,79,89,98,26,29,5,82,99,86,22" hai2="64,23,113,70,71,42,40,94,7,36,2,1,68" hai3="48,52,118,60,74,32,132,34,46,122,77,31,119"/><T109/><D103/><U47/><E133/><V28/><F113/><W9/><G132/><T6/><D127/><U110/><E110/><N who="0" m="28161" /><T43/><DORA hai="112" /><D6/><U128/><E128/><N who="0" m="49193" /><D25/><U49/><E89/><V125/><F125/><W13/><G122/><T120/><D16/><U37/><E37/><V91/><F64/><W121/><G121/><AGARI ba="0,0" hai="0,4,10,39,43,44,120,121" m="49193,28161" machi="121" ten="50,12000,1" yaku="10,1,19,1,23,1,52,2" doraHai="117,112" who="0" fromWho="3" sc="236,120,247,0,299,0,218,-120" owari="356,45.6,247,-15.3,299,9.9,98,-40.2" /></mjloggm>