<mjloggm ver="2.3"><GO type="225" lobby="0"/><UN n0="%E3%80%90%E3%83%88%E3%83%AA%E3%83%A5%E3%83%95%E3%80%91" n1="%E5%91%89%E5%AF%8C%E6%98%A5" n2="%E3%80%93%E3%81%97%E3%83%BC%E3%82%89%E3%80%93" n3="%E9%BB%99%E8%81%B4%E3%81%AE%E3%81%99%E3%82%9D%E3%82%81" dan="16,16,16,16" rate="2133.75,2144.22,2141.71,2131.66" sx="M,M,M,M"/><TAIKYOKU oya="0"/><INIT seed="0,0,0,3,2,12" ten="250,250,250,250" oya="0" hai0="125,59,133,65,127,42,96,92,108,88,102,83,5" hai1="103,19,45,91,33,6,132,107,104,55,38,39,41" hai2="51,63,11,13,95,99,3,4,56,17,52,61,22" hai3="28,77,30,122,72,87,126,134,29,90,120,94,31"/><T79/><D5/><U130/><E33/><V82/><REACH who="2" step="1"/><F82/><REACH who="2" ten="250,250,240,250" step="2"/><N who="3" m="45351" /><G134/><T64/><D133/><U129/><E132/><V85/><F85/><W24/><G126/><T113/><D125/><U48/><E129/><V106/><F106/><W25/><N who="3" m="7168" /><DORA hai="68" /><W36/><G36/><T15/><D127/><U70/><E107/><V135/><F135/><W14/><G87/><T97/><D83/><U27/><E39/><V75/><F75/><W47/><G122/><T32/><D97/><U93/><E130/><V115/><F115/><W35/><G120/><T86/><D113/><U40/><E104/><V121/><F121/><W60/><G35/><T57/><D32/><U128/><E38/><V50/><F50/><W100/><G94/><T7/><D86/><U74/><E74/><V23/><F23/><W66/><G60/><T46/><D96/><U54/><E128/><V78/><F78/><W20/><G20/><T98/><D98/><U8/><E48/><V2/><F2/><W111/><G111/><T34/><D79/><U123/><E93/><V69/><F69/><W124/><G124/><T112/><D108/><U26/><E70/><V119/><F119/><W84/><G84/><T114/><D114/><U118/><E123/><V80/><F80/><W110/><G110/><T89/><D112/><U37/><E37/><V67/><F67/><W101/><G66/><T43/><D65/><U81/><E81/><V73/><F73/><W76/><G76/><T117/><D64/><U44/><E118/><V53/><F53/><W116/><G116/><T18/><D117/><U62/><E55/><RYUUKYOKU ba="0,1" sc="250,-10,250,-10,240,30,250,-10" hai2="3,4,11,13,17,22,51,52,56,61,63,95,99" /><INIT seed="1,1,1,1,0,131" ten="240,240,270,240" oya="1" hai0="4,135,61,92,112,46,111,16,104,49,125,54,123" hai1="64,8,102,53,121,79,42,56,28,20,25,132,2" hai2="23,50,69,98,51,48,58,24,68,77,83,38,103" hai3="60,117,72,126,101,115,74,86,91,47,81,63,76"/><U109/><E121/><V80/><F38/><W75/><G115/><T45/><D104/><U130/><E130/><V55/><F69/><W37/><G126/><T7/><D112/><U94/><E109/><V99/><F68/><W128/><G128/><T93/><D123/><U13/><E132/><V65/><F65/><W134/><G117/><T124/><D61/><U10/><E42/><V21/><F21/><W67/><G134/><T29/><D29/><U18/><E79/><V33/><F33/><W39/><G101/><T44/><D16/><U66/><E10/><V34/><F34/><W119/><G119/><T57/><D111/><U35/><E94/><N who="0" m="36457" /><D135/><U0/><E102/><V19/><F103/><W127/><G127/><AGARI ba="1,1" hai="4,7,44,45,46,49,54,57,124,125,127" m="36457" machi="127" ten="30,1000,0" yaku="18,1" doraHai="131" who="0" fromWho="3" sc="240,23,240,0,270,0,240,-13" /><INIT seed="2,0,0,3,2,97" ten="263,240,270,227" oya="2" hai0="72,21,134,1,39,87,124,84,8,94,40,9,15" hai1="23,123,111,24,32,37,20,58,0,48,73,4,14" hai2="66,68,43,91,92,132,95,128,77,57,49,54,18" hai3="85,88,125,131,76,103,112,81,63,71,113,44,34"/><V121/><F121/><W90/><G34/><T130/><D130/><U69/><E69/><V53/><F128/><W55/><G131/><T116/><D72/><U101/><E123/><V64/><F132/><W80/><G71/><T93/><D124/><U82/><E37/><V115/><F115/><N who="3" m="44107" /><G125/><T47/><D116/><U33/><E111/><V13/><F68/><W59/><G103/><T56/><D56/><U11/><E101/><V114/><F114/><W122/><G122/><T2/><D21/><U126/><E126/><V89/><F77/><N who="3" m="46223" /><G44/><T110/><D110/><U25/><E0/><V129/><F43/><W27/><G27/><T5/><D134/><U62/><E48/><V31/><F31/><W51/><G51/><T119/><D119/><U10/><E10/><N who="2" m="6455" /><F54/><W118/><G118/><T42/><D1/><U19/><E73/><AGARI ba="0,0" hai="55,59,63,73,76,81,88,90" m="46223,44107" machi="73" ten="30,2000,0" yaku="11,1,54,1" doraHai="97" who="3" fromWho="1" sc="263,0,240,-20,270,0,227,20" /><INIT seed="3,0,0,1,2,96" ten="263,220,270,247" oya="3" hai0="64,83,122,12,110,4,105,18,134,130,114,45,57" hai1="2,95,27,47,106,94,97,26,121,120,70,78,65" hai2="72,16,117,88,93,66,67,107,5,108,81,92,129" hai3="118,123,3,86,44,13,35,25,91,77,1,84,119"/><W71/><G123/><T53/><D83/><U50/><E2/><V109/><F107/><W32/><G71/><T90/><D90/><U43/><E106/><V74/><F5/><W73/><G73/><N who="2" m="28265" /><F117/><W56/><G56/><T17/><D64/><N who="2" m="24618" /><F129/><W124/><G13/><T98/><D4/><U23/><E78/><V30/><F30/><W99/><G99/><T75/><D98/><U87/><E27/><V33/><F33/><W115/><G91/><T79/><D130/><U21/><E21/><V8/><F8/><W60/><G25/><T85/><D75/><U0/><E0/><V11/><F11/><W68/><G68/><T103/><D57/><U63/><E87/><N who="2" m="50287" /><F16/><W61/><G44/><T54/><D45/><U9/><E9/><V37/><F37/><W135/><G77/><T62/><D79/><U80/><E80/><V19/><F19/><W40/><G40/><T101/><D62/><U39/><E39/><V41/><F41/><W76/><G76/><T82/><D82/><U24/><E24/><V104/><F104/><W22/><G22/><T59/><D105/><U111/><E111/><AGARI ba="0,0" hai="92,93,108,109,111" m="50287,24618,28265" machi="111" ten="30,2000,0" yaku="14,1,54,1" doraHai="96" who="2" fromWho="1" sc="263,0,220,-20,270,20,247,0" /><INIT seed="4,0,0,1,1,85" ten="263,200,290,247" oya="0" hai0="0,64,39,51,116,100,119,52,27,18,128,86,60" hai1="79,84,80,90,3,13,118,24,104,53,97,37,8" hai2="130,115,109,5,16,50,10,69,22,122,56,34,75" hai3="131,68,89,103,26,55,36,59,32,11,61,40,88"/><T102/><D0/><U123/><E118/><V58/><F69/><W121/><G103/><T45/><D128/><U126/><E123/><V133/><F75/><W132/><G131/><T120/><D120/><U57/><E126/><V15/><F34/><W41/><G121/><T117/><D39/><U110/><E37/><V92/><F122/><W14/><G132/><T125/><D125/><U135/><E135/><V99/><F130/><W108/><G108/><T17/><D27/><U30/><E3/><V47/><F115/><W23/><G32/><T105/><D102/><U9/><E110/><V48/><F109/><W43/><G68/><T134/><D86/><U29/><E24/><N who="2" m="14407" /><F133/><W19/><G36/><T112/><D112/><U127/><E127/><V78/><F78/><W25/><G25/><T77/><D77/><U72/><E104/><V113/><F113/><W42/><N who="3" m="10240" /><DORA hai="54" /><W28/><AGARI ba="0,0" hai="11,14,19,23,26,28,55,59,61,88,89" m="10240" machi="28" ten="40,12000,2" yaku="4,1,0,1,8,1,52,3,54,1" doraHai="85,54" who="3" fromWho="3" sc="263,-60,200,-30,290,-30,247,120" owari="203,-19.7,170,-33.0,260,6.0,367,46.7" /></mjloggm>