<mjloggm ver="2.3"><GO type="225" lobby="0"/><UN n0="%E3%81%90%E3%81%A1%E3%82%84%E3%81%BE" n1="%72%65%6E%6B%75%6E" n2="%E6%81%A5%E6%99%92%E3%81%97" n3="%72%69%6F%75%63%68%61%6E" dan="16,17,16,16" rate="2140.20,2240.15,2202.69,2183.57" sx="M,M,M,M"/><TAIKYOKU oya="0"/><INIT seed="0,0,0,4,5,18" ten="250,250,250,250" oya="0" hai0="69,23,3,19,22,48,112,99,91,26,32,7,103" hai1="52,124,38,49,96,43,108,13,131,114,51,89,6" hai2="54,56,95,111,97,101,106,86,31,55,109,39,116" hai3="30,58,129,120,42,115,66,11,41,1,36,98,135"/><T74/><D112/><U29/><E108/><N who="2" m="41547" /><F39/><W9/><G115/><T133/><D69/><U44/><E124/><V78/><F116/><W94/><G129/><T61/><D74/><U37/><E114/><V14/><F31/><W4/><G135/><T130/><D133/><U40/><E131/><V50/><F14/><W92/><G120/><T63/><D130/><U85/><E29/><V126/><F126/><W5/><G30/><T65/><D32/><U123/><E96/><V8/><F8/><W128/><G128/><T87/><D3/><U121/><E121/><V27/><F27/><W83/><G83/><T34/><D7/><U117/><E117/><V16/><F16/><W33/><G33/><T73/><D73/><U53/><E123/><V2/><F2/><W119/><G119/><T118/><D118/><U71/><E71/><V15/><F15/><W12/><G36/><T20/><D34/><U47/><E37/><V100/><F78/><W57/><G66/><T46/><D99/><U81/><E38/><V102/><F55/><W35/><G35/><T88/><D103/><U21/><E21/><N who="0" m="8297" /><D65/><U77/><E77/><V59/><F59/><N who="3" m="22539" /><G98/><T75/><D75/><U110/><REACH who="1" step="1"/><E110/><REACH who="1" ten="250,240,250,250" step="2"/><V72/><F106/><W132/><G132/><T122/><D122/><U28/><E28/><V25/><F97/><W80/><G1/><T17/><D17/><U84/><E84/><V93/><F86/><W134/><G134/><T45/><D91/><U64/><E64/><V79/><F72/><W76/><G76/><T62/><D48/><U107/><E107/><V10/><F79/><RYUUKYOKU ba="0,1" sc="250,15,240,15,250,-15,250,-15" hai0="19,23,26,45,46,61,62,63,87,88" hai1="6,13,40,43,44,47,49,51,52,53,81,85,89" /><INIT seed="0,1,1,0,3,57" ten="265,255,235,235" oya="0" hai0="20,49,26,18,103,10,38,62,106,119,65,134,40" hai1="101,80,25,47,12,99,15,45,86,100,132,24,34" hai2="56,19,23,68,79,127,135,93,36,73,109,95,78" hai3="89,2,113,112,87,123,30,64,115,83,121,53,77"/><T27/><D119/><U3/><E3/><V63/><F36/><W42/><G2/><T84/><D134/><U59/><E132/><V0/><F135/><W21/><G42/><T14/><D38/><U44/><E59/><V75/><F0/><W1/><G1/><T35/><D35/><U90/><E100/><V6/><F68/><W51/><G64/><T88/><D106/><U131/><E131/><V67/><F6/><W108/><G108/><T7/><D103/><U70/><E70/><V16/><F109/><W76/><G21/><T105/><D105/><U129/><E129/><V60/><F127/><W22/><G22/><T58/><D40/><U94/><E34/><V133/><F133/><W117/><G30/><T92/><D49/><U126/><E126/><V54/><F56/><N who="3" m="32831" /><G117/><T82/><D82/><U104/><E104/><V114/><F23/><W37/><G37/><T43/><D43/><U85/><REACH who="1" step="1"/><E86/><REACH who="1" ten="265,245,235,235" step="2"/><V124/><F124/><W111/><G111/><T102/><REACH who="0" step="1"/><D102/><REACH who="0" ten="255,245,235,235" step="2"/><U48/><E48/><V8/><F114/><W29/><G112/><T97/><D97/><U118/><E118/><V125/><F125/><W4/><G115/><T39/><D39/><U17/><E17/><V69/><F16/><W5/><G113/><T52/><D52/><U96/><E96/><V46/><F19/><W71/><G29/><T120/><D120/><U13/><AGARI ba="1,3" hai="12,13,15,24,25,44,45,47,80,85,90,94,99,101" machi="13" ten="30,4000,0" yaku="1,1,0,1,8,1,53,0" doraHai="57" doraHaiUra="107" who="1" fromWho="1" sc="255,-21,245,73,235,-11,235,-11" /><INIT seed="1,0,0,5,3,50" ten="234,318,224,224" oya="1" hai0="36,55,15,123,65,81,53,59,73,122,34,87,10" hai1="18,22,12,20,52,121,41,78,16,5,76,116,2" hai2="58,104,132,66,83,38,11,135,25,14,9,37,48" hai3="92,0,7,57,44,127,99,74,89,124,24,108,118"/><U129/><E116/><V131/><F104/><W106/><G118/><T128/><D36/><U47/><E121/><N who="0" m="46089" /><D34/><U77/><E129/><V69/><F69/><W86/><G108/><T96/><D73/><U13/><E2/><V35/><F131/><W112/><G112/><T94/><D128/><U6/><E41/><V61/><F83/><W125/><G74/><T107/><D107/><U1/><E1/><V45/><F35/><W103/><G44/><T111/><D111/><U109/><E109/><V33/><F25/><W110/><G110/><T19/><D65/><U23/><E23/><V105/><F105/><W93/><G24/><T130/><D59/><U46/><E46/><V100/><F100/><W114/><G114/><T84/><D130/><U133/><E133/><N who="2" m="51275" /><F33/><W80/><REACH who="3" step="1"/><G57/><REACH who="3" ten="234,318,224,214" step="2"/><T49/><D49/><AGARI ba="0,1" hai="5,6,12,13,16,18,20,22,47,49,52,76,77,78" machi="49" ten="40,12000,1" yaku="9,1,8,1,52,1,54,2" doraHai="50" who="1" fromWho="0" sc="234,-120,318,130,224,0,214,0" /><INIT seed="1,1,0,3,5,116" ten="114,448,224,214" oya="1" hai0="46,77,113,64,50,2,80,112,8,128,28,73,100" hai1="6,95,15,108,48,91,19,55,63,20,94,106,86" hai2="5,102,16,132,49,83,53,117,118,90,65,18,1" hai3="22,35,31,43,62,39,44,123,70,23,96,69,33"/><U34/><E106/><V131/><F132/><W125/><G123/><T37/><D128/><U127/><E34/><V72/><F131/><W79/><G125/><T76/><D64/><U129/><E127/><V17/><F102/><W101/><G79/><T61/><D61/><U59/><E129/><V121/><F121/><W135/><G135/><T66/><D66/><U32/><E32/><V21/><F65/><N who="3" m="41143" /><G70/><T88/><D100/><U9/><E108/><V27/><F5/><W82/><G82/><T93/><D28/><U105/><E105/><V0/><F1/><W54/><G54/><T51/><D77/><U114/><E114/><V58/><F0/><W45/><G45/><T25/><D25/><U57/><E95/><V89/><F72/><W109/><G35/><T75/><D75/><U99/><E99/><V12/><F17/><W133/><G109/><T85/><D51/><U11/><REACH who="1" step="1"/><E6/><REACH who="1" ten="114,438,224,214" step="2"/><V104/><F104/><N who="3" m="63527" /><G133/><T4/><REACH who="0" step="1"/><D37/><REACH who="0" ten="104,438,224,214" step="2"/><U38/><E38/><V87/><F117/><W120/><G120/><T126/><D126/><U52/><AGARI ba="1,2" hai="9,11,15,19,20,48,52,55,57,59,63,86,91,94" machi="52" ten="20,18000,2" yaku="1,1,0,1,7,1,25,2,8,1,54,1,53,0" doraHai="116" doraHaiUra="41" who="1" fromWho="1" sc="104,-61,438,203,224,-61,214,-61" /><INIT seed="1,2,0,5,0,72" ten="43,641,163,153" oya="1" hai0="81,120,79,78,8,121,3,33,43,67,9,38,62" hai1="65,61,106,82,66,68,87,85,131,35,41,15,90" hai2="73,134,100,63,18,49,11,132,110,116,46,12,53" hai3="130,37,70,89,135,52,84,125,75,77,48,96,16"/><U98/><E131/><V36/><F116/><W34/><G37/><T20/><D33/><U115/><E115/><V133/><F110/><W60/><G34/><T127/><D127/><U118/><E118/><V69/><F100/><W119/><G119/><T28/><D43/><U128/><E128/><V55/><F73/><W86/><G130/><T39/><D28/><U107/><E41/><V111/><F111/><W50/><G125/><T92/><D20/><U10/><E35/><V109/><F109/><W44/><G135/><T64/><D81/><U95/><E65/><N who="0" m="25161" /><D92/><U112/><E112/><V58/><REACH who="2" step="1"/><F36/><REACH who="2" ten="43,641,153,153" step="2"/><N who="0" m="13866" /><D3/><U6/><REACH who="1" step="1"/><E85/><REACH who="1" ten="43,631,153,153" step="2"/><V47/><F47/><W57/><G44/><T94/><D121/><U76/><AGARI ba="2,2" hai="6,10,15,61,66,68,76,82,87,90,95,98,106,107" machi="76" ten="20,12000,1" yaku="1,1,2,1,0,1,7,1,52,1,53,0" doraHai="72" doraHaiUra="42" who="1" fromWho="1" sc="43,-42,631,146,153,-42,153,-42" /><INIT seed="1,3,0,1,5,71" ten="1,777,111,111" oya="1" hai0="74,15,3,133,119,116,115,68,108,104,62,49,22" hai1="10,9,24,47,12,122,4,117,50,54,60,91,92" hai2="102,57,90,70,63,29,18,109,98,19,38,85,26" hai3="35,135,101,33,127,83,0,100,64,103,114,96,89"/><U51/><E117/><V84/><F38/><W66/><G114/><T45/><D74/><U20/><E122/><V118/><F118/><N who="0" m="45098" /><D104/><U105/><E105/><N who="2" m="63703" /><F57/><W25/><G0/><T129/><D3/><U8/><E60/><V28/><F28/><W32/><G127/><T82/><D82/><U125/><E125/><V39/><F39/><W42/><G135/><T87/><D87/><N who="2" m="33354" /><F90/><W23/><G42/><N who="0" m="24759" /><D22/><U95/><E51/><V111/><F19/><W40/><G40/><T30/><D15/><U36/><E36/><V131/><F131/><W107/><G83/><T1/><D30/><U7/><E91/><V75/><F18/><W56/><G56/><T97/><D1/><U106/><E106/><V14/><F14/><W121/><G121/><T120/><D120/><U110/><E12/><V72/><F75/><W52/><G52/><T48/><D129/><U73/><E73/><V76/><F76/><W123/><G123/><T128/><D128/><U124/><E124/><V77/><F77/><W5/><G5/><T58/><D133/><U86/><E4/><V134/><F72/><W99/><G89/><T55/><D115/><U2/><E7/><V94/><F94/><N who="1" m="35881" /><E2/><V113/><F113/><W80/><G80/><T53/><D97/><N who="3" m="37449" /><G107/><T6/><D6/><U34/><E34/><N who="2" m="20791" /><F134/><W78/><G78/><T59/><D68/><U31/><E86/><V130/><F130/><W43/><G43/><T27/><D27/><U67/><E67/><N who="3" m="25642" /><G25/><T112/><D112/><U61/><E61/><V93/><F93/><W79/><G79/><T132/><D132/><U37/><E37/><RYUUKYOKU ba="3,0" sc="1,0,777,0,111,0,111,0" hai0="48,53,55,58,59,62,108" hai1="8,9,10,20,24,31,47,50,54,110" hai2="63,70,109,111" hai3="23,32,33,35,100,101,103" /><INIT seed="1,4,0,4,5,78" ten="1,777,111,111" oya="1" hai0="45,34,43,70,35,5,90,127,17,0,135,116,21" hai1="3,110,67,126,19,54,134,38,93,57,51,56,42" hai2="37,132,39,16,30,28,9,94,13,62,84,120,48" hai3="100,22,86,1,87,115,14,4,129,83,80,125,68"/><U104/><E104/><V82/><F120/><W31/><G115/><T32/><D70/><U108/><E3/><V101/><F132/><W63/><G125/><T71/><D71/><U85/><E134/><V107/><F107/><W98/><G129/><T97/><D135/><U60/><E126/><V8/><F39/><W25/><G1/><T77/><D127/><U75/><E75/><V47/><F37/><W106/><G87/><T61/><D116/><U15/><E42/><N who="2" m="24695" /><F62/><W46/><G46/><T119/><D119/><U26/><E26/><V89/><F8/><W81/><G86/><T76/><D0/><U92/><E38/><V6/><F6/><W44/><G44/><T7/><D35/><U79/><E79/><N who="0" m="30281" /><D34/><U12/><E12/><V114/><F114/><W121/><G121/><T73/><D73/><U36/><E36/><V53/><F53/><W96/><G96/><AGARI ba="4,0" hai="9,13,16,28,30,82,84,89,94,96,101" m="24695" machi="96" ten="30,3900,0" yaku="8,1,52,1,54,1" doraHai="78" who="2" fromWho="3" sc="1,0,777,0,111,51,111,-51" /><INIT seed="2,0,0,3,2,88" ten="1,777,162,60" oya="2" hai0="111,128,65,124,114,14,132,80,23,69,63,32,118" hai1="20,1,2,15,17,61,127,85,37,47,68,83,106" hai2="119,129,46,26,27,43,9,98,121,71,73,21,126" hai3="117,134,125,0,24,91,103,100,7,75,135,79,55"/><V115/><F115/><W11/><G117/><T51/><D32/><U101/><E127/><V89/><F119/><W18/><G125/><T35/><D35/><U102/><E1/><V52/><F129/><W90/><G55/><T41/><D124/><U130/><E2/><V31/><F73/><W30/><G18/><T123/><D118/><U96/><E102/><N who="3" m="38954" /><G79/><T86/><D123/><U81/><E130/><V50/><F71/><W36/><G36/><T3/><D128/><U104/><E104/><V105/><F121/><W133/><G75/><T97/><D3/><U108/><E108/><V64/><F64/><W116/><G116/><T44/><D111/><U22/><E22/><AGARI ba="0,0" hai="0,7,11,22,24,30,90,91,133,134,135" m="38954" machi="22" ten="30,1000,0" yaku="20,1" doraHai="88" who="3" fromWho="1" sc="1,0,777,-10,162,0,60,10" /><INIT seed="3,0,0,1,4,54" ten="1,767,162,70" oya="3" hai0="22,103,23,124,21,119,82,56,47,25,39,33,29" hai1="64,114,24,53,52,70,98,109,99,50,116,94,30" hai2="67,5,100,79,89,6,111,84,12,3,123,118,96" hai3="108,131,78,40,2,112,117,26,51,85,41,130,127"/><W102/><G112/><T97/><D82/><U28/><E114/><V11/><F111/><W61/><G2/><T132/><D119/><U37/><E37/><V62/><F118/><W105/><G117/><T4/><D47/><U104/><E116/><V66/><F79/><W43/><G108/><T9/><D39/><U71/><E109/><V31/><F31/><W91/><G127/><T88/><D103/><N who="1" m="62591" /><E28/><V17/><F3/><W13/><G78/><T122/><D97/><U10/><E10/><V49/><F49/><W134/><G134/><T48/><D88/><N who="1" m="55623" /><E70/><V121/><F67/><W55/><G26/><N who="0" m="18615" /><D56/><U87/><E87/><V101/><F62/><W65/><G105/><T38/><D48/><U59/><E50/><V74/><F66/><W93/><G102/><T135/><D38/><U60/><E59/><V35/><F35/><AGARI ba="0,0" hai="24,30,35,52,53,60,64,71" m="55623,62591" machi="35" ten="30,3900,0" yaku="25,1,54,2" doraHai="54" who="1" fromWho="2" sc="1,0,767,39,162,-39,70,0" owari="1,-49.9,806,90.6,123,-7.7,70,-33.0" /></mjloggm>