<mjloggm ver="2.3"><GO type="225" lobby="0"/><UN n0="%E9%BB%99%E8%81%B4%E3%81%AE%E3%81%99%E3%82%9D%E3%82%81" n1="%E7%99%BD%E5%80%89%E5%AF%9B%E4%B9%8B" n2="%E5%91%A8%E6%9D%B1" n3="%66%67%67%68%68%64%66" dan="16,16,17,16" rate="2049.43,2181.05,2152.20,2102.83" sx="M,M,M,M"/><TAIKYOKU oya="0"/><INIT seed="0,0,0,1,5,60" ten="250,250,250,250" oya="0" hai0="90,54,113,85,88,62,106,112,132,17,123,77,118" hai1="4,121,83,103,98,110,79,19,44,26,127,24,8" hai2="86,38,116,75,41,18,39,105,15,36,55,92,69" hai3="89,59,104,47,134,6,51,35,67,131,11,125,114"/><T70/><D118/><U45/><E121/><V78/><F105/><W64/><G114/><T13/><D123/><U61/><E110/><V124/><F116/><W2/><G35/><T28/><D132/><U52/><E127/><V102/><F124/><W126/><G104/><T10/><D106/><U99/><E45/><V82/><F69/><W3/><G134/><T122/><D122/><U37/><E37/><V111/><F111/><W100/><G100/><T63/><D28/><U31/><E19/><V68/><F68/><W25/><G131/><T87/><D77/><U101/><E101/><V27/><F27/><W135/><G135/><T74/><D74/><U128/><E128/><V40/><F55/><W20/><G2/><T42/><D42/><U33/><E26/><V30/><F30/><W57/><G89/><T94/><D54/><U56/><E44/><V119/><F119/><W117/><G117/><T108/><D108/><U97/><E103/><V93/><F102/><W32/><G32/><T29/><D29/><U130/><E130/><V14/><F75/><W81/><G81/><T0/><D0/><U96/><E96/><V120/><F120/><W1/><G1/><T23/><D10/><U72/><REACH who="1" step="1"/><E98/><REACH who="1" ten="250,240,250,250" step="2"/><V95/><REACH who="2" step="1"/><F18/><REACH who="2" ten="250,240,240,250" step="2"/><N who="3" m="12439" /><G126/><T12/><D113/><U115/><E115/><V46/><F46/><W73/><G125/><T58/><D112/><U22/><E22/><V133/><F133/><W109/><G109/><T50/><D23/><U53/><E53/><V91/><F91/><W76/><G47/><T48/><D17/><U7/><E7/><V16/><F16/><RYUUKYOKU ba="0,2" sc="250,-15,240,15,240,15,250,-15" hai1="4,8,24,31,33,52,56,61,72,79,83,97,99" hai2="14,15,36,38,39,40,41,78,82,86,92,93,95" /><INIT seed="1,1,2,4,4,106" ten="235,255,255,235" oya="1" hai0="61,25,63,96,94,122,32,120,55,2,43,33,54" hai1="40,68,23,17,105,99,46,42,91,128,29,112,4" hai2="47,11,30,124,53,21,58,79,6,77,38,15,135" hai3="56,14,72,98,52,51,78,104,81,76,70,95,8"/><U13/><E68/><V37/><F135/><W39/><G70/><T111/><D2/><U113/><E128/><V88/><F124/><W49/><G39/><T41/><D94/><U114/><E29/><V83/><F38/><W28/><G104/><T31/><D31/><U22/><E4/><V45/><F37/><W9/><G28/><T44/><D25/><U0/><E0/><V119/><F119/><W97/><G76/><N who="2" m="29257" /><F21/><W5/><G95/><T86/><D86/><U50/><E91/><V75/><F75/><W80/><G80/><T64/><D64/><U18/><E42/><N who="0" m="15881" /><D96/><U84/><E84/><N who="2" m="50207" /><F30/><W59/><G9/><T100/><D100/><U24/><REACH who="1" step="1"/><E113/><REACH who="1" ten="235,245,255,235" step="2"/><V93/><F93/><W121/><G121/><N who="0" m="46699" /><D32/><U130/><E130/><V65/><F65/><W71/><G71/><T101/><D33/><U116/><E116/><V102/><F102/><AGARI ba="1,3" hai="13,17,18,22,23,24,40,46,50,99,102,105,112,114" machi="102" ten="40,2000,0" yaku="1,1,53,0" doraHai="106" doraHaiUra="118" who="1" fromWho="2" sc="235,0,245,53,255,-23,235,0" /><INIT seed="1,2,0,3,5,24" ten="235,298,232,235" oya="1" hai0="96,71,18,75,82,70,10,106,127,93,79,28,60" hai1="11,62,122,85,59,40,124,32,13,88,23,109,64" hai2="94,29,17,117,66,14,126,22,95,119,134,49,65" hai3="87,55,86,52,27,67,116,107,44,4,58,74,5"/><U30/><E122/><V102/><F126/><W8/><G74/><T7/><D127/><U118/><E124/><V25/><F134/><W50/><G107/><T56/><D106/><U121/><E121/><V36/><F36/><W12/><G116/><T57/><D18/><U9/><E118/><V91/><F119/><W132/><G132/><T45/><D45/><U2/><E2/><V63/><F117/><W84/><G67/><T89/><D28/><U115/><E115/><V125/><F125/><W130/><G130/><T105/><D105/><U78/><E78/><V133/><F133/><W83/><G27/><T16/><D16/><N who="1" m="10639" /><E32/><V42/><F102/><W72/><G72/><T34/><D34/><U73/><E73/><V104/><F104/><W97/><G97/><T33/><D33/><U0/><E0/><V1/><F1/><W46/><G46/><T47/><D47/><U131/><E30/><V110/><F42/><W35/><G35/><T26/><D26/><U101/><E101/><V3/><F3/><W48/><REACH who="3" step="1"/><G5/><REACH who="3" ten="235,298,232,225" step="2"/><T53/><REACH who="0" step="1"/><D57/><REACH who="0" ten="225,298,232,225" step="2"/><N who="1" m="36943" /><E131/><V129/><F129/><W38/><G38/><T113/><D113/><U61/><E59/><V15/><F25/><W92/><G92/><T31/><D31/><U39/><E39/><V41/><F29/><W80/><AGARI ba="2,2" hai="4,8,12,44,48,50,52,55,58,80,83,84,86,87" machi="80" ten="30,7900,0" yaku="1,1,0,1,8,1,54,1,53,0" doraHai="24" doraHaiUra="90" who="3" fromWho="3" sc="225,-22,298,-41,232,-22,225,105" /><INIT seed="2,0,0,0,5,107" ten="203,257,210,330" oya="2" hai0="42,37,87,80,30,9,71,49,31,127,53,109,17" hai1="44,67,83,56,60,46,113,40,26,5,124,86,92" hai2="16,112,116,4,131,68,134,12,135,69,96,118,20" hai3="82,78,106,110,38,89,91,104,122,93,14,0,130"/><V35/><F112/><W132/><G0/><T25/><D109/><U81/><E113/><V79/><F35/><W47/><G122/><T59/><D127/><U114/><E114/><V99/><F4/><W85/><G130/><T39/><D71/><N who="2" m="27210" /><F131/><W28/><G132/><N who="2" m="50729" /><F79/><W73/><G110/><T63/><D39/><U24/><E124/><V103/><F96/><W52/><G28/><T6/><D37/><U100/><E5/><V65/><F65/><W10/><G91/><T22/><D63/><U45/><E40/><V74/><F74/><W43/><G52/><T120/><D42/><U50/><E83/><V76/><F76/><W29/><G29/><T58/><D58/><N who="1" m="37271" /><E92/><AGARI ba="0,0" hai="12,16,20,92,99,103,116,118" m="50729,27210" machi="92" ten="30,2900,0" yaku="20,1,54,1" doraHai="107" who="2" fromWho="1" sc="203,0,257,-29,210,29,330,0" /><INIT seed="2,1,0,1,2,135" ten="203,228,239,330" oya="2" hai0="21,58,18,25,11,34,127,70,130,0,38,22,131" hai1="96,44,52,102,28,62,76,35,86,69,12,4,63" hai2="10,128,23,14,107,92,31,94,124,8,114,129,78" hai3="5,85,93,119,91,75,81,108,72,83,104,57,115"/><V61/><F107/><W27/><G119/><T26/><D70/><U41/><E69/><V74/><F114/><W30/><G104/><T2/><D38/><U101/><E28/><V50/><F61/><N who="1" m="23049" /><E35/><V54/><F74/><W122/><G122/><T16/><D58/><U125/><E41/><V89/><F78/><W19/><G5/><T106/><D106/><U88/><E125/><V110/><F124/><W73/><G115/><T77/><D77/><U90/><E76/><V111/><F23/><W120/><G120/><T117/><D34/><U67/><E67/><V126/><F31/><W97/><G57/><T133/><D133/><U132/><E132/><V6/><F10/><W109/><G19/><T103/><D103/><N who="1" m="39435" /><E96/><N who="2" m="57359" /><F94/><W13/><G93/><T9/><REACH who="0" step="1"/><D127/><REACH who="0" ten="193,228,239,330" step="2"/><U37/><E37/><V116/><F126/><W55/><G73/><T45/><D45/><U123/><E123/><V46/><F116/><AGARI ba="1,1" hai="0,2,9,11,16,18,21,22,25,26,116,117,130,131" machi="116" ten="25,12000,2" yaku="1,1,22,2,34,3,54,1,53,0" doraHai="135" doraHaiUra="42" who="0" fromWho="2" sc="193,133,228,0,239,-123,330,0" /><INIT seed="3,0,0,2,0,116" ten="326,228,116,330" oya="3" hai0="4,94,40,107,122,37,99,15,51,3,38,119,104" hai1="69,10,117,75,92,11,8,73,36,90,20,114,60" hai2="62,123,46,9,115,21,31,96,1,124,100,126,39" hai3="106,111,112,98,130,5,95,109,85,134,89,17,43"/><W19/><G112/><T45/><D119/><U120/><E120/><V121/><F62/><W42/><G130/><T47/><D3/><U54/><E36/><V14/><F46/><W50/><G5/><T41/><D122/><N who="2" m="46602" /><F39/><W25/><G134/><T34/><D34/><U61/><E114/><V65/><F65/><W102/><G25/><T105/><D51/><U93/><E117/><V6/><F115/><W59/><G43/><T113/><D113/><U132/><E132/><V79/><F79/><W68/><G68/><T64/><D64/><U127/><E54/><V58/><F58/><W118/><G118/><T28/><D28/><U88/><E69/><V27/><F1/><W18/><G59/><T30/><D30/><U72/><E61/><V76/><F76/><W129/><G129/><T71/><D71/><U103/><E60/><V16/><F31/><W101/><G101/><T48/><D48/><U52/><E103/><V24/><F24/><W133/><G133/><T84/><D84/><U44/><E75/><V49/><F49/><W22/><G50/><T125/><D105/><U131/><E73/><V74/><F74/><W128/><G128/><T13/><D107/><U32/><E72/><V83/><F83/><W33/><G102/><T2/><D104/><U35/><E131/><V53/><F53/><W0/><G106/><T86/><D45/><U108/><E44/><V12/><F27/><W63/><G63/><T26/><D26/><U81/><E81/><V29/><F29/><W82/><G82/><T23/><D38/><U80/><E80/><V7/><F7/><RYUUKYOKU ba="0,0" sc="326,-10,228,-10,116,30,330,-10" hai2="6,9,12,14,16,21,96,100,124,126" owari="316,11.6,218,-18.2,146,-35.4,320,42.0" /></mjloggm>