<mjloggm ver="2.3"><GO type="225" lobby="0"/><UN n0="%E3%82%8F%E3%81%8B%E3%81%B0%2A%E3%82%AC%E3%83%BC%E3%83%AB" n1="%E8%A8%88%E7%AE%97%E6%A9%9F%E8%87%AA%E7%84%B6" n2="%72%61%6B%33" n3="%EF%BC%BC%E3%82%A2%E3%83%AA%E3%81%A0%E3%83%BC%EF%BC%81%EF%BC%81%EF%BC%8F" dan="16,17,16,17" rate="2115.07,2148.58,2145.40,2182.32" sx="M,M,M,M"/><TAIKYOKU oya="0"/><INIT seed="0,0,0,3,5,57" ten="250,250,250,250" oya="0" hai0="44,134,52,53,79,99,97,46,91,42,103,94,124" hai1="93,63,51,107,45,77,25,1,14,84,125,105,37" hai2="0,81,11,113,121,61,19,24,50,98,9,101,90" hai3="36,6,116,102,20,34,130,83,8,85,119,112,73"/><T2/><D124/><U117/><E1/><V74/><F113/><W56/><G112/><T3/><D134/><U132/><E117/><V41/><F121/><W88/><G34/><T15/><D79/><U82/><E37/><V127/><F127/><W5/><G36/><T78/><D78/><U58/><E125/><V87/><F74/><W64/><G73/><T55/><D15/><U28/><E93/><V69/><F0/><W26/><G130/><T75/><D75/><U135/><E14/><V10/><F41/><W59/><G102/><T89/><D46/><U39/><E39/><V18/><F50/><W13/><G5/><T92/><REACH who="0" step="1"/><D103/><REACH who="0" ten="240,250,250,250" step="2"/><U126/><E126/><V122/><F122/><W129/><G119/><T106/><D106/><U128/><E135/><V54/><F24/><W95/><G116/><T48/><AGARI ba="0,1" hai="2,3,42,44,48,52,53,55,89,91,92,94,97,99" machi="48" ten="30,11700,0" yaku="1,1,0,1,9,1,54,1,53,0" doraHai="57" doraHaiUra="120" who="0" fromWho="0" sc="240,127,250,-39,250,-39,250,-39" /><INIT seed="0,1,0,5,0,91" ten="367,211,211,211" oya="0" hai0="98,114,85,13,133,90,64,93,117,43,12,44,77" hai1="55,60,54,70,126,48,28,96,59,118,108,14,23" hai2="2,25,74,110,37,97,92,38,31,40,42,104,102" hai3="15,105,88,107,99,6,10,80,124,120,9,16,46"/><T8/><D114/><U61/><E118/><V75/><F110/><W36/><G124/><T18/><D117/><U51/><E108/><V129/><F129/><W81/><G120/><T17/><D133/><U87/><E126/><V72/><F2/><W123/><G123/><T79/><D64/><U134/><E134/><V58/><F104/><W83/><G36/><T7/><D85/><U45/><E70/><V56/><F38/><W122/><G122/><T113/><D113/><U84/><E96/><V68/><F68/><W95/><REACH who="3" step="1"/><G46/><REACH who="3" ten="367,211,211,201" step="2"/><T39/><REACH who="0" step="1"/><D7/><REACH who="0" ten="357,211,211,201" step="2"/><U50/><E45/><V41/><REACH who="2" step="1"/><F37/><REACH who="2" ten="357,211,201,201" step="2"/><W135/><G135/><T11/><AGARI ba="1,3" hai="8,11,12,13,17,18,39,43,44,77,79,90,93,98" machi="11" ten="20,18000,2" yaku="1,1,2,1,0,1,7,1,9,1,52,1,53,0" doraHai="91" doraHaiUra="121" who="0" fromWho="0" sc="357,213,211,-61,201,-61,201,-61" /><INIT seed="0,2,0,1,1,59" ten="570,150,140,140" oya="0" hai0="133,69,2,6,104,36,51,75,89,74,117,78,132" hai1="97,31,44,121,54,66,38,32,20,13,72,50,64" hai2="100,25,99,94,28,107,111,80,114,135,76,62,35" hai3="18,110,106,67,29,126,24,5,57,12,34,125,53"/><T71/><D117/><U124/><E121/><V79/><F111/><W68/><G106/><T55/><D36/><U91/><E72/><V27/><F135/><W48/><G110/><T14/><D104/><U84/><E32/><V1/><F114/><W47/><G5/><T60/><D2/><U3/><E3/><V10/><F27/><W70/><G57/><T90/><D6/><U86/><E38/><V82/><F94/><W96/><G96/><T30/><D30/><U98/><E124/><N who="3" m="47722" /><G67/><N who="1" m="25642" /><E84/><V39/><F39/><W105/><G105/><T101/><D101/><U11/><E20/><AGARI ba="2,0" hai="12,18,20,24,29,34,47,48,53,68,70" m="47722" machi="20" ten="30,1000,0" yaku="18,1" doraHai="59" who="3" fromWho="1" sc="570,0,150,-16,140,0,140,16" /><INIT seed="1,0,0,2,3,114" ten="570,134,140,156" oya="1" hai0="90,11,78,84,102,51,49,103,86,25,4,115,9" hai1="121,109,56,65,60,53,81,64,122,69,73,8,34" hai2="76,79,72,83,0,66,45,39,97,99,67,54,110" hai3="91,132,111,105,75,32,52,130,82,10,74,24,44"/><U133/><E34/><V20/><F110/><W1/><G111/><T135/><D115/><U119/><E109/><V124/><F124/><W96/><G132/><T108/><D108/><U38/><E8/><V134/><F134/><W80/><G130/><T5/><D135/><U57/><E133/><V30/><F79/><W100/><G82/><N who="0" m="47191" /><D25/><U58/><E81/><V107/><F0/><W15/><G1/><T104/><D104/><U17/><E17/><V123/><F123/><N who="1" m="47113" /><E73/><V29/><F99/><W85/><G24/><T71/><D71/><N who="1" m="42375" /><E38/><V46/><F20/><W113/><G113/><T118/><D11/><U94/><E94/><V77/><F39/><W19/><G32/><T22/><D22/><U62/><E119/><V27/><F83/><W42/><G42/><T50/><D118/><U106/><E106/><V126/><F107/><W18/><G19/><T37/><D37/><U33/><E33/><V26/><F97/><W98/><G96/><T7/><D9/><U13/><E13/><V101/><F72/><W40/><G40/><T92/><AGARI ba="0,0" hai="4,5,7,49,50,51,86,90,92,102,103" m="47191" machi="92" ten="30,1100,0" yaku="8,1" doraHai="114" who="0" fromWho="0" sc="570,11,134,-5,140,-3,156,-3" /><INIT seed="2,0,0,2,4,124" ten="581,129,137,153" oya="2" hai0="72,105,104,26,122,69,97,22,60,32,56,120,51" hai1="24,109,73,128,38,98,39,93,113,48,117,121,86" hai2="111,127,130,34,74,89,100,76,50,114,61,10,62" hai3="84,92,2,8,55,82,99,59,90,108,67,11,4"/><V28/><F114/><W119/><G108/><T20/><D72/><U71/><E73/><V88/><F127/><W66/><G11/><T0/><D0/><U37/><E113/><V94/><F111/><W23/><G23/><T35/><D51/><U132/><E109/><V85/><F100/><W44/><G44/><T80/><D80/><U42/><E117/><V65/><F62/><W25/><G25/><T131/><D69/><U53/><E71/><V91/><F50/><W70/><G70/><T57/><D26/><U5/><E5/><V64/><F64/><W49/><REACH who="3" step="1"/><G119/><REACH who="3" ten="581,129,137,143" step="2"/><T133/><D20/><U116/><E116/><V106/><F10/><W13/><G13/><T125/><D22/><U52/><E24/><V115/><F115/><W29/><G29/><T135/><D125/><U54/><E42/><V103/><F28/><W107/><G107/><T112/><D112/><U19/><E19/><V102/><F106/><W77/><AGARI ba="0,1" hai="2,4,8,49,55,59,66,67,77,82,84,90,92,99" machi="77" ten="20,2700,0" yaku="1,1,0,1,7,1,53,0" doraHai="124" doraHaiUra="58" who="3" fromWho="3" sc="581,-7,129,-7,137,-13,143,37" /><INIT seed="3,0,0,5,5,76" ten="574,122,124,180" oya="3" hai0="14,8,24,95,35,30,113,71,114,124,18,55,115" hai1="103,85,5,78,43,135,27,20,134,32,117,125,127" hai2="65,109,56,17,61,108,46,60,0,91,1,66,79" hai3="123,31,93,97,75,70,40,94,116,28,58,90,102"/><W19/><G70/><T133/><D124/><N who="1" m="47691" /><E117/><V130/><F130/><W121/><G75/><T2/><D133/><N who="1" m="50699" /><E5/><V51/><F79/><W9/><G40/><T22/><D71/><U100/><E32/><V63/><F91/><W89/><G90/><T45/><D95/><U104/><E104/><V81/><F81/><W47/><G94/><T11/><D2/><N who="2" m="1130" /><F17/><W132/><G19/><T88/><D88/><U120/><E120/><V128/><F56/><W69/><G58/><T72/><D72/><U25/><E43/><N who="2" m="25055" /><F128/><W119/><G89/><T107/><D107/><U73/><E73/><V52/><F52/><W62/><G132/><T26/><D26/><N who="1" m="9739" /><E20/><V126/><F126/><W77/><G119/><T111/><D111/><AGARI ba="0,0" hai="60,61,63,65,66,108,109,111" m="25055,1130" machi="111" ten="40,1300,0" yaku="14,1" doraHai="76" who="2" fromWho="0" sc="574,-13,122,0,124,13,180,0" owari="561,66.1,122,-37.8,137,-26.3,180,-2.0" /></mjloggm>