<mjloggm ver="2.3"><GO type="225" lobby="0"/><UN n0="%E3%83%A9%E3%82%B9%E7%8E%87%EF%BC%93%E5%89%B2" n1="%E5%A4%8F%E9%88%B4%E9%88%B4%E5%A4%8F" n2="%E3%83%96%E3%83%83%E3%83%91%E3%82%AA%E3%83%96%E3%83%81%E3%82%AD%E3%83%B3" n3="%E5%91%A8%E6%9D%B1" dan="16,16,16,17" rate="2196.69,2110.23,2115.32,2185.86" sx="F,F,M,M"/><TAIKYOKU oya="0"/><INIT seed="0,0,0,2,4,77" ten="250,250,250,250" oya="0" hai0="25,97,118,98,112,19,104,76,26,103,55,12,28" hai1="16,14,41,128,8,7,11,69,135,75,125,116,34" hai2="124,61,47,96,43,85,46,9,21,122,44,22,2" hai3="40,115,72,89,88,52,35,31,15,105,92,23,133"/><T50/><D112/><U87/><E116/><V114/><F122/><W119/><G105/><T108/><D118/><U30/><E75/><V84/><F114/><W20/><G119/><T66/><D108/><U45/><E128/><V130/><F124/><W42/><G72/><T54/><D66/><U62/><E135/><V134/><F130/><W51/><G133/><T83/><D97/><U90/><E125/><V24/><F134/><W110/><G35/><T29/><D26/><U132/><E132/><V91/><F43/><N who="3" m="16427" /><G115/><T81/><D55/><U3/><E30/><V71/><F61/><W48/><G110/><T6/><D6/><U1/><E1/><V131/><F91/><N who="3" m="34891" /><G92/><T32/><D76/><U58/><E34/><V27/><F2/><W78/><G78/><T129/><D29/><U5/><E5/><V65/><F71/><W63/><G23/><T79/><D79/><U36/><E69/><V113/><F22/><W73/><G73/><T86/><D86/><U39/><E39/><V102/><F21/><W121/><G121/><T107/><D107/><U123/><E123/><V56/><F85/><W53/><G63/><T93/><D104/><U59/><REACH who="1" step="1"/><E62/><REACH who="1" ten="250,240,250,250" step="2"/><N who="2" m="38087" /><F131/><W64/><G31/><T4/><D4/><U68/><E68/><V126/><F126/><W111/><G111/><T18/><D129/><U10/><E10/><V117/><F9/><W0/><G0/><T57/><D19/><U80/><AGARI ba="0,1" hai="3,7,8,11,14,16,36,41,45,58,59,80,87,90" machi="80" ten="20,8000,1" yaku="1,1,0,1,7,1,52,1,54,1,53,0" doraHai="77" doraHaiUra="120" who="1" fromWho="1" sc="250,-40,240,90,250,-20,250,-20" /><INIT seed="1,0,0,4,5,39" ten="210,330,230,230" oya="1" hai0="26,10,63,59,25,77,72,19,97,46,35,28,83" hai1="69,1,37,0,112,42,120,106,123,43,11,125,98" hai2="68,75,58,34,99,103,30,130,126,109,91,55,113" hai3="60,82,131,51,4,3,57,100,45,67,124,66,65"/><U88/><E112/><V135/><F75/><W56/><G124/><T76/><D97/><U121/><E69/><V27/><F126/><W24/><G131/><T49/><D72/><U110/><E125/><V129/><F68/><W84/><G3/><T9/><D25/><U89/><E110/><V115/><F91/><W73/><G73/><T79/><D19/><U78/><E78/><V133/><F55/><W104/><G4/><T18/><D18/><U22/><E22/><V90/><F90/><N who="1" m="34921" /><E37/><V87/><F58/><W61/><G104/><T111/><D83/><U36/><E36/><V114/><F87/><W101/><G24/><T62/><D111/><U122/><E11/><V13/><F13/><W7/><G67/><T134/><D134/><N who="2" m="51210" /><F109/><W21/><G7/><T16/><D10/><U86/><E86/><V31/><F31/><W118/><G21/><T93/><D59/><U2/><E123/><V33/><F33/><W6/><G6/><T41/><REACH who="0" step="1"/><D93/><AGARI ba="0,0" hai="27,30,34,93,99,103,113,114,115,129,130" m="51210" machi="93" ten="40,2600,0" yaku="11,1,20,1" doraHai="39" who="2" fromWho="0" sc="210,-26,330,0,230,26,230,0" /><INIT seed="2,0,0,1,4,99" ten="184,330,256,230" oya="2" hai0="121,98,71,64,40,116,78,28,79,86,5,11,67" hai1="131,124,48,34,89,68,129,7,128,115,118,107,15" hai2="76,123,83,38,4,125,32,17,45,43,25,62,69" hai3="58,41,55,113,63,84,100,3,59,134,52,75,21"/><V74/><F123/><W54/><G75/><T104/><D121/><U112/><E118/><V46/><F125/><W133/><G3/><T12/><D116/><U37/><E124/><V42/><F4/><W95/><G113/><T53/><D28/><U92/><E37/><V114/><F114/><W73/><G73/><T18/><D53/><U72/><E72/><V27/><F32/><W39/><G21/><T70/><D40/><U13/><E107/><V22/><F69/><W1/><G1/><T2/><D71/><U51/><E68/><V47/><F62/><W127/><G127/><T119/><D119/><U111/><E34/><V81/><F42/><W65/><G84/><T30/><D30/><U135/><E15/><V44/><REACH who="2" step="1"/><F83/><REACH who="2" ten="184,330,246,230" step="2"/><W91/><G41/><T29/><D70/><U82/><E115/><V94/><F94/><W126/><G126/><T117/><D117/><U35/><E112/><V102/><F102/><W57/><G100/><T20/><D104/><U110/><E35/><V120/><F120/><W8/><G95/><T106/><D106/><U24/><E82/><V6/><F6/><W10/><G39/><T80/><D5/><U85/><E131/><V103/><F103/><W19/><G133/><T93/><D93/><U33/><E135/><V23/><F23/><W14/><G134/><T130/><D130/><U96/><E129/><V66/><F66/><W97/><G8/><T122/><D122/><U36/><E128/><V49/><F49/><N who="1" m="19017" /><E36/><V77/><F77/><W90/><G90/><T105/><D79/><U26/><E7/><V109/><F109/><RYUUKYOKU ba="0,1" sc="184,-15,330,-15,246,15,230,15" hai2="17,22,25,27,38,43,44,45,46,47,74,76,81" hai3="10,14,19,52,54,55,57,58,59,63,65,91,97" /><INIT seed="2,1,1,4,3,6" ten="169,315,261,245" oya="2" hai0="82,28,134,116,133,40,33,42,26,18,73,21,113" hai1="39,115,99,122,32,100,24,81,98,71,8,36,60" hai2="120,52,57,62,5,80,106,23,118,128,85,51,27" hai3="104,68,19,110,49,84,22,65,67,44,46,119,4"/><V74/><F118/><W83/><G119/><T43/><D116/><U103/><E115/><V17/><F128/><W97/><G110/><T105/><D105/><U92/><E81/><V38/><F120/><W96/><G4/><T101/><D101/><U59/><E71/><V111/><F111/><W124/><G124/><T2/><D2/><U117/><E117/><V129/><F129/><W35/><G35/><T135/><D113/><U29/><E8/><V0/><F38/><W11/><G11/><T69/><D69/><U25/><E25/><V3/><F106/><W72/><G72/><T41/><N who="0" m="10240" /><DORA hai="16" /><T108/><D108/><U9/><E9/><V131/><F131/><W126/><G49/><T30/><REACH who="0" step="1"/><D33/><REACH who="0" ten="159,315,261,245" step="2"/><U66/><E122/><V70/><F5/><W76/><G68/><T20/><D20/><U125/><E125/><V87/><F3/><W58/><G104/><AGARI ba="1,2" hai="24,29,32,36,39,59,60,66,92,98,99,100,103,104" machi="104" ten="30,1000,0" yaku="7,1" doraHai="6,16" who="1" fromWho="3" sc="159,0,315,33,261,0,245,-13" /><INIT seed="3,0,0,2,0,49" ten="159,348,261,232" oya="3" hai0="89,14,101,69,2,134,120,26,62,74,6,105,104" hai1="64,34,32,128,28,129,126,52,109,102,5,51,15" hai2="111,80,9,46,35,61,98,3,110,73,125,39,79" hai3="23,27,48,0,118,47,42,4,33,123,45,57,25"/><W94/><G123/><T55/><D120/><U106/><E109/><N who="2" m="41483" /><F125/><W21/><G118/><T100/><D134/><U86/><E64/><V84/><F98/><W90/><G33/><T12/><D74/><U50/><E28/><V31/><F61/><W124/><G124/><T93/><D26/><U17/><E50/><V97/><F97/><W117/><G117/><T56/><D69/><U95/><E5/><N who="2" m="1215" /><F31/><W113/><G113/><T75/><D75/><U37/><E37/><V29/><F29/><W44/><G0/><T92/><D2/><U43/><E43/><N who="2" m="22911" /><F35/><W30/><G4/><T38/><D38/><U40/><E40/><V114/><F84/><N who="3" m="52551" /><G57/><T130/><D130/><N who="1" m="50283" /><E106/><V24/><F24/><W103/><G103/><T119/><D119/><U11/><E126/><V36/><F36/><W112/><G112/><AGARI ba="0,0" hai="73,79,80,112,114" m="22911,1215,41483" machi="112" ten="30,3900,0" yaku="25,1,14,1,23,1" doraHai="49" who="2" fromWho="3" sc="159,0,348,0,261,39,232,-39" owari="159,-34.1,348,44.8,300,10.0,193,-20.7" /></mjloggm>