<mjloggm ver="2.3"><GO type="225" lobby="0"/><UN n0="%E3%82%BC%E3%83%AB%E3%83%80%E3%81%AE%E4%BC%9D%E8%AA%AC" n1="%E3%81%82%E3%81%97%E3%82%85%E3%82%8A%E3%82%93" n2="%E3%81%BF%E3%81%BF%E3%81%9A" n3="%E6%98%93%E5%88%A9%E8%96%A9%E4%BC%AF" dan="17,16,17,17" rate="2138.58,2100.51,2196.65,2170.16" sx="M,M,M,F"/><TAIKYOKU oya="0"/><INIT seed="0,0,0,0,4,49" ten="250,250,250,250" oya="0" hai0="117,76,135,123,89,55,134,8,131,42,48,130,127" hai1="28,84,24,19,129,11,7,16,97,102,122,31,107" hai2="20,73,36,108,104,40,119,18,90,60,35,111,5" hai3="86,3,0,125,12,13,88,59,109,72,114,6,100"/><T9/><D76/><U34/><E122/><V64/><F119/><W79/><G114/><T99/><D117/><U106/><E129/><N who="0" m="49161" /><D123/><U115/><E115/><V128/><F128/><W126/><G109/><N who="2" m="42057" /><F104/><W17/><G100/><T105/><D42/><U92/><E28/><V103/><F103/><W21/><G79/><T45/><D105/><U78/><E107/><V29/><F73/><W4/><G72/><T70/><D70/><U43/><E43/><V71/><F5/><N who="3" m="2155" /><G59/><T66/><D66/><U1/><REACH who="1" step="1"/><E106/><REACH who="1" ten="250,240,250,250" step="2"/><V94/><F29/><W101/><G126/><T51/><D127/><U14/><E14/><N who="2" m="9303" /><F35/><W58/><G125/><T37/><D37/><U41/><E41/><V57/><F40/><W33/><G33/><T63/><D135/><U46/><E46/><V39/><F71/><W98/><G3/><T118/><D45/><U52/><E52/><V44/><F44/><W53/><G0/><T116/><D134/><U81/><AGARI ba="0,1" hai="1,7,11,16,19,24,31,34,78,81,84,92,97,102" machi="81" ten="30,7900,0" yaku="1,1,0,1,54,1,53,1" doraHai="49" doraHaiUra="25" who="1" fromWho="1" sc="250,-39,240,89,250,-20,250,-20" /><INIT seed="1,0,0,4,1,44" ten="211,329,230,230" oya="1" hai0="50,108,0,80,12,94,103,13,19,39,30,123,2" hai1="32,86,40,129,10,88,135,98,102,75,121,85,59" hai2="16,115,48,42,92,68,91,112,25,7,127,18,95" hai3="101,76,105,53,130,60,96,110,118,47,107,14,29"/><U56/><E32/><V81/><F68/><W87/><G110/><T63/><D39/><U28/><E28/><V3/><F127/><W34/><G130/><T67/><D108/><U54/><E75/><V26/><F81/><W15/><G107/><T99/><D123/><U97/><E135/><V100/><F100/><W74/><G74/><T51/><D30/><U27/><E27/><N who="2" m="10251" /><F3/><W38/><G29/><T126/><D126/><U84/><E40/><V57/><F7/><W120/><G34/><T125/><D125/><U131/><E10/><V113/><F95/><W62/><G118/><T37/><D37/><U132/><E132/><V69/><F69/><W72/><G72/><T36/><D36/><U5/><E5/><V9/><F9/><W116/><G116/><T93/><D2/><U45/><E121/><V106/><F106/><W104/><G104/><T24/><D0/><U64/><E102/><V52/><F42/><W71/><G71/><T114/><D114/><U117/><E117/><V46/><F46/><W82/><G120/><T90/><D80/><U83/><E45/><V55/><F55/><W11/><G38/><T41/><D41/><U33/><E33/><V122/><F122/><W58/><G47/><T1/><D1/><U70/><E70/><V78/><F78/><W124/><G124/><T73/><D73/><U31/><E129/><V111/><F111/><W77/><G77/><T133/><D133/><U43/><E43/><V65/><F65/><N who="3" m="39063" /><G11/><T6/><D103/><U109/><E131/><V49/><F49/><N who="0" m="18442" /><D67/><U35/><E64/><V89/><F89/><RYUUKYOKU ba="0,0" sc="211,-15,329,-15,230,15,230,15" hai2="16,18,48,52,57,91,92,112,113,115" hai3="14,15,53,62,76,82,87,96,101,105" /><INIT seed="2,1,0,4,1,57" ten="196,314,245,245" oya="2" hai0="67,58,36,24,78,29,56,9,65,79,54,13,73" hai1="87,64,126,43,46,121,71,108,116,123,32,98,120" hai2="10,129,100,75,107,86,31,14,133,81,109,5,51" hai3="48,130,23,125,21,1,135,102,42,70,11,115,74"/><V95/><F129/><W49/><G74/><T41/><D36/><U96/><E32/><V118/><F118/><W128/><G125/><T59/><D41/><U2/><E2/><V124/><F124/><W83/><G135/><T0/><D0/><U22/><E126/><V66/><F66/><W20/><G102/><T37/><D37/><U93/><E116/><V112/><F112/><W17/><G83/><T134/><D134/><U47/><E108/><V76/><F133/><W80/><G80/><T105/><D105/><U114/><E114/><V4/><F109/><W84/><G84/><T97/><D97/><N who="1" m="37483" /><E22/><V6/><F107/><W82/><G82/><T77/><D54/><U38/><E47/><V25/><F51/><W28/><G70/><T26/><D73/><U117/><E117/><V91/><REACH who="2" step="1"/><F100/><REACH who="2" ten="196,314,235,245" step="2"/><W8/><G49/><T113/><D113/><U90/><E64/><N who="0" m="24649" /><D29/><U88/><E90/><V18/><F18/><AGARI ba="1,1" hai="9,13,18,24,26,56,58,59,77,78,79" m="24649" machi="18" ten="30,1000,0" yaku="8,1" doraHai="57" who="0" fromWho="2" sc="196,23,314,0,235,-13,245,0" /><INIT seed="3,0,0,1,0,12" ten="219,314,222,245" oya="3" hai0="129,93,74,61,2,48,114,39,108,9,33,135,13" hai1="25,36,85,53,81,8,14,99,80,102,125,59,126" hai2="72,35,42,92,84,46,0,24,76,1,3,10,34" hai3="111,86,134,17,22,121,15,31,116,44,71,4,28"/><W38/><G116/><T37/><D74/><U67/><E36/><V57/><F57/><W100/><G121/><T66/><D33/><N who="2" m="12298" /><F24/><W55/><G71/><T98/><D2/><U97/><E67/><V120/><F84/><W104/><G104/><T106/><D106/><N who="1" m="63823" /><E99/><V54/><F54/><W23/><G100/><N who="0" m="60495" /><D48/><N who="1" m="31143" /><E25/><V131/><F92/><W75/><G75/><T69/><D108/><U58/><E58/><V43/><F43/><W95/><G38/><T113/><D135/><U122/><E122/><V90/><F90/><N who="3" m="53719" /><G134/><T19/><D129/><U88/><E88/><V103/><F103/><W6/><G31/><T78/><D78/><U82/><E85/><V63/><F131/><W79/><G79/><T94/><D94/><U5/><E82/><N who="2" m="45319" /><F63/><W20/><G28/><T49/><D49/><U27/><E27/><V60/><F60/><W87/><G87/><T51/><D51/><U29/><E29/><V124/><F120/><W127/><G44/><T70/><D70/><U112/><E81/><V101/><F101/><W16/><G55/><T41/><D41/><U83/><E80/><V26/><F26/><N who="3" m="14599" /><G111/><T32/><D32/><U77/><E83/><V133/><F133/><W119/><G23/><T11/><D11/><U7/><E77/><V128/><F128/><W47/><G47/><T40/><D40/><U73/><E73/><V50/><F10/><W21/><G21/><T56/><D69/><U123/><E123/><V132/><F132/><W105/><G105/><T64/><D64/><U115/><E8/><V117/><F117/><W118/><G127/><N who="1" m="48650" /><E14/><V130/><F124/><RYUUKYOKU ba="0,0" sc="219,0,314,0,222,0,245,0" hai0="9,13,19,37,39,56,61,66,113,114" hai1="5,7,112,115" hai2="0,1,3,42,46,50,130" hai3="4,6,15,17,22,118,119" /><INIT seed="3,1,0,0,3,17" ten="219,314,222,245" oya="3" hai0="48,116,95,111,66,134,124,32,60,23,76,39,112" hai1="98,92,101,83,8,88,73,77,90,87,108,5,109" hai2="61,35,10,36,71,45,28,103,129,81,6,7,44" hai3="9,21,30,0,33,132,119,126,105,14,3,40,94"/><W59/><G105/><T49/><D32/><U12/><E90/><V114/><F81/><W96/><G119/><T104/><D104/><U75/><E73/><V1/><F114/><W16/><G132/><T70/><D116/><U56/><E56/><V102/><F6/><W68/><G68/><T64/><D76/><U24/><E24/><N who="2" m="18823" /><F44/><W97/><G126/><T67/><D95/><U54/><E54/><V80/><F102/><W100/><G40/><T51/><D23/><U53/><E53/><V47/><F47/><W50/><G97/><T41/><D134/><U120/><E120/><V89/><F89/><W133/><G133/><T113/><D124/><U123/><E123/><V31/><F31/><W11/><G33/><T135/><D135/><U85/><E85/><V25/><F25/><N who="3" m="16687" /><G0/><T72/><D72/><U93/><AGARI ba="1,0" hai="5,8,12,75,77,83,87,88,92,93,98,101,108,109" machi="93" ten="30,2000,0" yaku="0,1,54,1" doraHai="17" who="1" fromWho="1" sc="219,-6,314,23,222,-6,245,-11" owari="213,-28.7,337,43.7,216,-18.4,234,3.4" /></mjloggm>