<mjloggm ver="2.3"><GO type="225" lobby="0"/><UN n0="%E6%B4%BE%E9%81%A3%E3%81%AE%E3%82%B8%E3%83%A3%E3%83%83%E3%82%AF" n1="%E3%81%90%E3%81%A1%E3%82%84%E3%81%BE" n2="%E5%82%8D%E8%8B%A5%E7%84%A1%E4%BA%BA%35%31" n3="%43%68%65" dan="17,16,16,16" rate="2194.06,2138.64,2152.79,2123.79" sx="M,M,M,M"/><TAIKYOKU oya="0"/><INIT seed="0,0,0,3,2,32" ten="250,250,250,250" oya="0" hai0="123,60,26,30,21,74,36,13,90,107,48,69,62" hai1="112,44,116,135,105,28,15,64,82,103,1,75,97" hai2="45,22,58,91,134,49,125,130,111,117,57,11,89" hai3="31,73,88,23,12,70,109,54,129,9,52,128,106"/><T122/><D74/><U78/><E116/><V119/><F111/><W86/><G73/><T38/><D107/><U121/><E121/><V50/><F130/><N who="3" m="50283" /><G70/><T83/><D48/><U67/><E135/><V126/><F22/><W72/><G72/><T3/><D13/><U7/><E112/><V4/><F134/><W110/><G106/><T71/><D21/><U16/><E28/><V25/><F25/><N who="3" m="16831" /><G110/><T113/><D30/><U120/><E120/><V24/><F24/><W0/><G109/><T77/><D26/><U93/><E44/><V18/><F18/><N who="3" m="8463" /><G0/><T40/><D113/><U34/><E34/><V27/><F27/><W59/><G59/><T65/><D65/><U104/><E104/><V87/><F45/><W53/><G53/><T124/><D3/><U68/><E68/><V42/><F42/><W29/><G29/><T47/><D47/><U51/><E105/><V79/><F11/><W100/><G100/><T46/><D46/><U102/><E102/><V33/><F33/><W2/><G2/><T80/><D40/><U43/><E43/><V76/><REACH who="2" step="1"/><F4/><REACH who="2" ten="250,250,240,250" step="2"/><W39/><G39/><T114/><D114/><U84/><E7/><V127/><F127/><W98/><G98/><T56/><D124/><U37/><E37/><V66/><F66/><W19/><G19/><T5/><D5/><U131/><E64/><V115/><F115/><W108/><G108/><T63/><D36/><U96/><E67/><V41/><F41/><W10/><G10/><T6/><D38/><U94/><E131/><V8/><F8/><W17/><G17/><T118/><D6/><RYUUKYOKU ba="0,1" sc="250,-15,250,-15,240,15,250,15" hai2="49,50,57,58,76,79,87,89,91,117,119,125,126" hai3="52,54,86,88" /><INIT seed="1,1,1,1,3,64" ten="235,235,255,265" oya="1" hai0="81,20,33,13,8,26,90,111,127,101,83,15,63" hai1="89,42,121,117,5,123,52,50,49,51,115,134,6" hai2="7,97,62,118,66,61,102,78,113,131,85,19,91" hai3="65,70,27,39,73,88,55,28,129,69,35,31,3"/><U128/><E117/><V130/><F113/><W34/><G73/><T126/><D111/><U99/><E115/><V96/><F118/><W43/><G65/><T48/><D101/><U68/><E68/><N who="2" m="42063" /><F78/><W114/><G114/><T108/><D108/><U37/><E128/><N who="2" m="49195" /><F62/><W124/><G129/><T79/><D33/><U0/><E134/><V60/><F60/><W59/><G3/><T18/><D63/><U10/><E6/><V122/><F122/><W84/><G124/><N who="0" m="47659" /><D90/><U87/><E99/><V106/><F7/><W29/><G43/><T93/><D93/><U54/><E37/><V47/><F47/><W74/><G39/><T71/><D71/><U135/><E42/><V23/><F102/><W58/><G74/><T12/><D48/><U53/><REACH who="1" step="1"/><E135/><REACH who="1" ten="235,225,255,265" step="2"/><V104/><F97/><W105/><G70/><T4/><D81/><AGARI ba="1,2" hai="0,5,10,49,50,51,52,53,54,81,87,89,121,123" machi="81" ten="40,12000,1" yaku="1,1,2,1,54,1,53,2" doraHai="64" doraHaiUra="119" who="1" fromWho="0" sc="235,-123,225,143,255,0,265,0" /><INIT seed="1,2,0,0,1,45" ten="112,368,255,265" oya="1" hai0="47,94,26,40,116,82,25,123,39,24,78,99,119" hai1="55,34,3,120,60,132,62,8,79,46,6,54,12" hai2="16,44,30,127,29,97,106,89,90,2,11,102,87" hai3="56,38,64,61,117,75,118,31,69,130,98,70,37"/><U115/><E120/><V73/><F127/><W22/><G75/><T65/><D123/><U125/><E115/><V15/><F73/><W131/><G98/><T121/><D121/><U95/><E34/><V126/><F126/><W85/><G85/><T43/><D65/><U101/><E125/><V88/><F2/><W52/><G22/><T107/><D107/><U48/><E132/><V50/><REACH who="2" step="1"/><F87/><REACH who="2" ten="112,368,245,265" step="2"/><W91/><G31/><T9/><D9/><U108/><E3/><V33/><F33/><W133/><G133/><T134/><D134/><U10/><E10/><V58/><F58/><W14/><G14/><T59/><D59/><U71/><E12/><V20/><F20/><W96/><G96/><T122/><D122/><U111/><E8/><V49/><F49/><N who="3" m="30735" /><G70/><T32/><D32/><U66/><E71/><V28/><F28/><W4/><G4/><T72/><REACH who="0" step="1"/><D43/><AGARI ba="2,1" hai="11,15,16,29,30,43,44,50,88,89,90,97,102,106" machi="43" ten="40,12000,2" yaku="1,1,52,1,54,2,53,2" doraHai="45" doraHaiUra="27" who="2" fromWho="0" sc="112,-126,368,0,245,136,265,0" owari="-14,-51.4,368,16.8,381,48.1,265,-13.5" /></mjloggm>