<mjloggm ver="2.3"><GO type="225" lobby="0"/><UN n0="%E3%81%95%E3%81%8D%E3%81%9F%E3%81%BE%E6%9E%97%E6%AA%8E" n1="%E6%9D%B1%E9%A2%A8%E3%81%AE%E3%81%8D%E3%82%83%E3%81%B7%E3%81%95%E3%82%93" n2="%E3%83%96%E3%83%83%E3%83%91%E3%82%AA%E3%83%96%E3%83%81%E3%82%AD%E3%83%B3" n3="%E4%BF%BA%E3%81%A8%E5%A6%96%E5%A4%A2" dan="16,16,16,16" rate="2122.03,2196.68,2168.19,2267.70" sx="M,M,M,F"/><TAIKYOKU oya="0"/><INIT seed="0,0,0,5,0,41" ten="250,250,250,250" oya="0" hai0="29,109,38,128,31,54,131,50,37,8,77,71,122" hai1="40,107,75,1,19,115,2,64,52,108,135,106,4" hai2="30,5,48,99,100,16,28,60,51,70,118,17,74" hai3="62,10,86,21,6,82,25,80,134,84,55,3,92"/><T130/><D122/><U96/><E75/><V133/><F74/><W105/><G105/><T93/><D71/><U79/><E79/><V104/><F133/><W88/><G134/><T98/><D77/><U33/><E64/><V14/><F118/><W127/><G127/><T26/><D8/><U44/><E33/><V13/><F5/><W81/><G62/><T12/><D12/><U61/><E135/><V94/><F104/><W7/><G7/><T83/><D83/><U63/><E19/><V129/><F129/><W116/><G55/><T120/><D120/><U23/><E23/><N who="2" m="11663" /><F60/><W58/><G58/><T57/><D109/><U46/><E4/><V85/><F85/><W45/><G45/><T125/><D125/><U67/><E40/><V66/><F66/><W47/><G47/><N who="1" m="17962" /><E67/><V91/><F100/><W113/><G113/><T119/><D119/><U78/><E78/><V32/><F32/><W132/><G116/><T49/><D49/><N who="2" m="19018" /><F70/><W27/><G132/><T112/><D112/><U18/><E108/><V43/><F43/><W101/><G21/><AGARI ba="0,0" hai="14,17,21,28,30,91,94,99" m="19018,11663" machi="21" ten="30,2000,0" yaku="8,1,54,1" doraHai="41" who="2" fromWho="3" sc="250,0,250,0,250,20,250,-20" /><INIT seed="1,0,0,5,2,76" ten="250,250,270,230" oya="1" hai0="42,43,128,71,127,19,74,34,75,90,28,86,131" hai1="53,14,44,12,133,118,7,31,47,112,57,111,50" hai2="100,29,99,6,20,134,84,41,27,9,92,72,32" hai3="105,4,22,26,16,122,129,110,109,37,70,88,58"/><U107/><E107/><V77/><F134/><W0/><G122/><T49/><D71/><U78/><E118/><V102/><F72/><W46/><G70/><T93/><D127/><U119/><E119/><V98/><F41/><W65/><G105/><T13/><D28/><U80/><E112/><V115/><F115/><W25/><G129/><N who="0" m="49739" /><D34/><U121/><E121/><V18/><F32/><W56/><G26/><T35/><D35/><U52/><E31/><V17/><F84/><W55/><G65/><T3/><D3/><U69/><E69/><V51/><F51/><N who="3" m="29175" /><G37/><T5/><D5/><U61/><E133/><V104/><REACH who="2" step="1"/><F77/><REACH who="2" ten="250,250,260,230" step="2"/><W24/><G110/><T1/><D43/><U62/><E111/><V106/><F106/><W33/><G109/><T68/><D75/><U132/><E132/><V89/><F89/><W54/><G33/><T126/><D74/><U123/><E123/><V11/><F11/><W113/><G113/><T79/><D79/><U45/><E62/><V114/><F114/><W103/><G103/><T30/><D49/><U85/><REACH who="1" step="1"/><E7/><REACH who="1" ten="250,240,260,230" step="2"/><V125/><F125/><W59/><G4/><T135/><D126/><U21/><E21/><V15/><AGARI ba="0,2" hai="6,9,15,17,18,20,27,29,92,98,99,100,102,104" machi="15" ten="20,2700,0" yaku="1,1,0,1,7,1,53,0" doraHai="76" doraHaiUra="82" who="2" fromWho="2" sc="250,-7,240,-13,260,47,230,-7" /><INIT seed="2,0,0,1,0,65" ten="243,227,307,223" oya="2" hai0="81,135,96,72,94,18,71,63,102,123,100,119,78" hai1="12,125,113,92,43,53,21,45,129,68,61,64,91" hai2="93,15,121,108,50,40,46,56,114,106,74,10,118" hai3="131,29,26,38,84,30,37,49,69,127,82,95,105"/><V79/><F114/><W133/><G105/><T17/><D123/><U42/><E113/><V6/><F121/><W62/><G131/><T124/><D124/><U7/><E129/><V47/><F118/><W87/><G127/><T36/><D36/><U33/><E33/><V97/><F108/><W54/><G133/><T103/><D135/><U28/><E125/><V23/><F106/><W70/><G95/><T59/><D119/><U126/><E126/><V115/><F115/><W109/><G109/><T44/><D44/><U73/><E73/><V66/><F74/><W1/><G1/><T107/><D71/><U27/><E7/><V31/><F79/><W112/><G112/><T22/><D107/><U25/><E12/><V58/><F66/><W132/><G132/><T3/><D3/><U98/><REACH who="1" step="1"/><E27/><REACH who="1" ten="243,217,307,223" step="2"/><N who="2" m="16895" /><F47/><W0/><G26/><T130/><D130/><U76/><E76/><V110/><F110/><W16/><G0/><T60/><D78/><U2/><E2/><V75/><F75/><W67/><G37/><T104/><D72/><U85/><E85/><V9/><F9/><W13/><G38/><T134/><D134/><U86/><E86/><V77/><F77/><W120/><G84/><T55/><D22/><U90/><E90/><AGARI ba="0,1" hai="6,10,15,40,46,50,56,58,90,93,97" m="16895" machi="90" ten="30,1500,0" yaku="8,1" doraHai="65" who="2" fromWho="1" sc="243,0,217,-15,307,25,223,0" /><INIT seed="2,1,0,4,2,91" ten="243,202,332,223" oya="2" hai0="120,97,36,112,15,16,29,86,73,40,10,80,74" hai1="129,107,95,111,27,70,7,31,92,114,21,124,78" hai2="85,58,125,101,63,76,105,60,102,89,77,79,11" hai3="75,69,135,56,47,59,52,34,99,17,28,23,128"/><V87/><F125/><W96/><G69/><T5/><D120/><U37/><E107/><V24/><F105/><W109/><G75/><T61/><D112/><U44/><E70/><V25/><F11/><W62/><G109/><T13/><D29/><U132/><E114/><V1/><F1/><W20/><G128/><T51/><D36/><U19/><E7/><V45/><F45/><W6/><G135/><T134/><D134/><U115/><E132/><V71/><F71/><W9/><G34/><T104/><D61/><U12/><E115/><V117/><F117/><W100/><G47/><N who="0" m="26087" /><D104/><U54/><E78/><V130/><F130/><W122/><G28/><T106/><D106/><U66/><E66/><V121/><F121/><W84/><G84/><T127/><D97/><N who="3" m="37449" /><G6/><T94/><D127/><U131/><E124/><V53/><F63/><N who="3" m="36231" /><G100/><T116/><D116/><U18/><E111/><V133/><F85/><W8/><G122/><T49/><D74/><U33/><E19/><V26/><REACH who="2" step="1"/><F133/><REACH who="2" ten="243,202,322,223" step="2"/><W118/><G118/><T82/><D73/><U88/><E129/><V0/><F0/><W46/><G46/><T22/><D86/><N who="1" m="52247" /><E131/><V57/><F57/><W14/><G8/><T55/><D10/><N who="1" m="6423" /><E37/><V65/><F65/><AGARI ba="1,1" hai="9,14,17,20,23,59,62,65" m="36231,37449" machi="65" ten="30,2000,0" yaku="8,1,54,1" doraHai="91" who="3" fromWho="2" sc="243,0,202,0,322,-23,223,33" /><INIT seed="3,0,0,5,4,7" ten="243,202,299,256" oya="3" hai0="56,106,90,4,50,92,32,94,116,111,63,126,105" hai1="11,24,37,115,101,35,70,18,131,58,113,44,71" hai2="117,34,6,89,54,26,75,96,2,22,95,8,57" hai3="27,130,128,104,48,61,80,12,132,125,135,109,16"/><W123/><G104/><T60/><D116/><U68/><E101/><V46/><F117/><W20/><G123/><T49/><D32/><U100/><E100/><V36/><F75/><W78/><G125/><T28/><D126/><U30/><E131/><N who="3" m="50218" /><G109/><T134/><D134/><N who="3" m="51241" /><G48/><T1/><D111/><U5/><E18/><V97/><F34/><W45/><G45/><T91/><D28/><U82/><E58/><V14/><F46/><W112/><G61/><T38/><D38/><U127/><E82/><V55/><F36/><W118/><G118/><T86/><D1/><N who="1" m="431" /><E127/><V77/><F2/><W33/><G33/><T3/><D3/><U74/><E74/><V84/><F77/><W25/><G112/><T88/><D4/><U67/><E67/><V64/><F64/><W107/><G107/><T15/><D106/><U110/><E110/><V120/><F120/><W17/><G17/><T119/><D119/><U59/><E59/><V122/><F122/><W0/><G0/><T31/><D56/><U87/><E87/><AGARI ba="0,0" hai="12,16,20,25,27,78,80,87" m="51241,50218" machi="87" ten="30,5800,0" yaku="19,1,20,1,54,1" doraHai="7" who="3" fromWho="1" sc="243,0,202,-58,299,0,256,58" owari="243,-15.7,144,-35.6,299,9.9,314,41.4" /></mjloggm>