<mjloggm ver="2.3"><GO type="225" lobby="0"/><UN n0="%E6%9D%B1%E9%A2%A8%E3%81%AE%E3%81%8D%E3%82%83%E3%81%B7%E3%81%95%E3%82%93" n1="%E3%83%B4%E3%83%A0%EF%BC%99%E3%81%A6" n2="%E7%99%BD%E5%80%89%E5%AF%9B%E4%B9%8B" n3="%E6%80%AA%E3%81%97%E3%81%99%E3%81%8E%E3%82%8B%E3%83%81%E3%83%BC" dan="16,17,16,16" rate="2178.61,2161.55,2138.60,2067.00" sx="M,M,M,M"/><TAIKYOKU oya="0"/><INIT seed="0,0,0,1,1,100" ten="250,250,250,250" oya="0" hai0="57,70,72,74,39,98,133,126,88,117,132,1,11" hai1="110,80,96,106,73,29,93,123,38,104,9,19,71" hai2="28,62,46,20,16,76,86,47,99,54,63,107,55" hai3="97,61,34,105,120,94,27,37,109,67,95,65,52"/><T102/><D39/><U89/><E38/><V68/><F28/><W85/><G109/><T35/><D70/><U51/><E71/><V44/><F68/><W59/><G120/><T42/><D35/><U112/><E123/><V58/><F107/><N who="1" m="41001" /><E29/><V40/><F99/><W108/><G108/><T118/><D42/><U14/><E110/><V17/><F40/><W0/><G0/><T128/><D57/><U119/><E51/><N who="2" m="31071" /><F55/><W25/><G37/><T41/><D41/><U87/><E73/><N who="0" m="28265" /><D11/><U33/><E33/><V60/><F20/><W82/><G105/><N who="0" m="63703" /><D1/><U130/><E119/><N who="0" m="45577" /><D126/><U30/><E30/><V45/><N who="2" m="11264" /><DORA hai="103" /><V131/><F131/><W22/><G34/><T3/><D3/><U69/><E69/><V91/><F76/><W135/><G22/><T26/><D26/><U78/><E130/><V10/><F10/><W83/><G25/><T36/><D36/><U124/><E124/><V127/><F127/><W134/><G27/><T79/><D128/><U125/><E125/><V115/><F115/><W122/><G52/><T75/><D88/><U12/><E112/><V81/><AGARI ba="0,0" hai="16,17,60,62,63,81,86,91" m="11264,31071" machi="81" ten="50,3200,0" yaku="8,1,54,1" doraHai="100,103" who="2" fromWho="2" sc="250,-16,250,-8,250,32,250,-8" /><INIT seed="1,0,0,0,1,79" ten="234,242,282,242" oya="1" hai0="2,110,128,56,124,68,7,72,77,87,133,36,111" hai1="1,12,122,34,98,132,126,33,48,25,50,118,86" hai2="82,106,49,15,103,58,10,18,89,99,65,41,0" hai3="113,22,35,74,66,60,46,16,116,31,5,97,28"/><U52/><E118/><V100/><F0/><W64/><G116/><T11/><D56/><U17/><E1/><V44/><F103/><W90/><G113/><T23/><D23/><U129/><E122/><V102/><F100/><W9/><G74/><T6/><D6/><U80/><E132/><V91/><REACH who="2" step="1"/><F82/><REACH who="2" ten="234,242,272,242" step="2"/><W32/><G35/><T40/><D133/><U54/><E126/><V135/><F135/><W121/><G32/><T107/><D124/><U85/><E129/><V39/><F39/><W19/><G121/><T69/><D128/><U108/><E108/><N who="0" m="41513" /><D107/><U63/><E33/><V130/><F130/><W123/><G123/><T81/><D87/><U125/><E125/><V93/><F93/><W3/><G97/><T78/><D78/><U71/><E98/><V131/><F131/><W43/><G90/><T30/><D30/><U20/><E85/><V13/><F13/><W26/><G28/><T70/><D70/><U96/><E96/><V92/><F92/><W47/><G31/><T42/><D42/><U55/><E34/><V117/><F117/><W8/><G43/><T75/><D75/><U119/><E12/><V51/><F51/><N who="1" m="19497" /><E71/><V84/><F84/><W59/><G3/><T101/><D101/><U62/><E119/><V109/><F109/><W127/><G127/><T94/><D94/><U67/><E67/><V76/><F76/><AGARI ba="0,1" hai="17,20,25,52,54,55,62,63,76,80,86" m="19497" machi="76" ten="30,5800,0" yaku="8,1,52,1,54,1" doraHai="79" who="1" fromWho="2" sc="234,0,242,68,272,-58,242,0" /><INIT seed="1,1,0,2,1,46" ten="234,310,214,242" oya="1" hai0="87,115,90,58,35,103,20,29,27,57,112,13,97" hai1="133,72,122,132,105,108,79,74,10,92,19,82,71" hai2="69,110,44,88,95,100,5,21,73,78,59,63,49" hai3="118,4,99,23,60,96,32,54,34,101,26,3,42"/><U52/><E122/><V24/><F110/><W53/><G118/><T83/><D13/><N who="1" m="7607" /><E71/><V11/><F69/><W14/><G3/><T17/><D35/><U124/><E105/><V1/><F100/><W2/><G2/><T104/><REACH who="0" step="1"/><D29/><REACH who="0" ten="224,310,214,242" step="2"/><U50/><E124/><V91/><F73/><W31/><G32/><T30/><D30/><U94/><E74/><V119/><F119/><W130/><G34/><T128/><D128/><U131/><E131/><V127/><F127/><W18/><G130/><T106/><D106/><U25/><E108/><V98/><F78/><W84/><G31/><T36/><D36/><U9/><E25/><V39/><F39/><W109/><G14/><T12/><D12/><U37/><E37/><V93/><F24/><W22/><G109/><T111/><D111/><U47/><E9/><V76/><F76/><W120/><G26/><T16/><D16/><U85/><E72/><V102/><F21/><W28/><G22/><T40/><D40/><U135/><AGARI ba="1,1" hai="47,50,52,79,82,85,92,94,132,133,135" m="7607" machi="135" ten="30,6000,0" yaku="20,1,52,1,54,1" doraHai="46" who="1" fromWho="1" sc="224,-21,310,73,214,-21,242,-21" /><INIT seed="1,2,0,3,4,9" ten="203,383,193,221" oya="1" hai0="117,135,57,51,104,111,133,122,49,68,35,92,62" hai1="97,98,5,115,14,69,56,118,74,38,71,42,119" hai2="43,72,105,124,75,26,48,6,25,28,32,61,55" hai3="110,83,41,109,116,85,1,73,106,60,96,127,129"/><U134/><E115/><V76/><F105/><W80/><G1/><T79/><D104/><U12/><E74/><V59/><F124/><W132/><G127/><T18/><D35/><U0/><E0/><V45/><F76/><N who="3" m="44047" /><G41/><T114/><D18/><U53/><E42/><V77/><F77/><N who="3" m="46319" /><G60/><T3/><D92/><U47/><E47/><V67/><F26/><W16/><G16/><T100/><D79/><U128/><E5/><V64/><F64/><W40/><G40/><T112/><D100/><U30/><E56/><V10/><REACH who="2" step="1"/><F67/><REACH who="2" ten="203,383,183,221" step="2"/><W65/><G65/><N who="0" m="41015" /><D112/><U120/><E118/><V13/><AGARI ba="2,1" hai="6,10,13,25,28,32,43,45,48,55,59,61,72,75" machi="13" ten="20,5200,0" yaku="1,1,0,1,7,1,52,1,53,0" doraHai="9" doraHaiUra="34" who="2" fromWho="2" sc="203,-15,383,-28,183,68,221,-15" /><INIT seed="2,0,0,2,2,123" ten="188,355,251,206" oya="2" hai0="18,131,32,59,71,1,57,45,9,14,129,85,17" hai1="42,24,99,3,81,109,120,103,84,119,23,115,20" hai2="90,86,43,70,66,0,2,61,73,47,118,30,89" hai3="37,40,101,87,53,114,56,105,134,50,21,44,13"/><V34/><F73/><W60/><G134/><T83/><D71/><U107/><E115/><V96/><F118/><W125/><G114/><T33/><D1/><U79/><E119/><V74/><F74/><W51/><G125/><T117/><D45/><U122/><E3/><V80/><F30/><W121/><G121/><N who="1" m="46698" /><E109/><V106/><F34/><W108/><G108/><T25/><D117/><U36/><E24/><V68/><F68/><W127/><G127/><T112/><D112/><U76/><E76/><V97/><F97/><W26/><G13/><T11/><D85/><U95/><E107/><V62/><F62/><W55/><G87/><T63/><D83/><U135/><E135/><V58/><F70/><W8/><G8/><T16/><D63/><U10/><E10/><N who="0" m="3593" /><D14/><U19/><E19/><N who="0" m="4865" /><T132/><DORA hai="7" /><D25/><U27/><E27/><V54/><F0/><W6/><G6/><T94/><D94/><U92/><E95/><N who="2" m="56431" /><F106/><W91/><G105/><T124/><D124/><U4/><E4/><V88/><F2/><W35/><G26/><T102/><D102/><U130/><E103/><V111/><F111/><W48/><G101/><T98/><D98/><U46/><E99/><V72/><F72/><W128/><G35/><N who="0" m="13387" /><D132/><U110/><E110/><V31/><F86/><W93/><G60/><T28/><D28/><U69/><E69/><V39/><F31/><W5/><G5/><T116/><D116/><U100/><E100/><V133/><F133/><W113/><G113/><T29/><D29/><U22/><E92/><V12/><F12/><W67/><G93/><T126/><D126/><RYUUKYOKU ba="0,0" sc="188,15,355,15,251,-15,206,-15" hai0="57,59,129,131" hai1="20,22,23,36,42,46,79,81,84,130" /><INIT seed="3,1,0,0,1,35" ten="203,370,236,191" oya="3" hai0="90,116,130,118,121,123,0,115,2,109,63,34,58" hai1="20,131,117,66,80,94,95,77,133,114,15,45,79" hai2="83,41,71,98,16,68,38,106,53,75,40,11,99" hai3="1,107,54,84,12,102,132,30,88,91,108,113,3"/><W73/><G113/><T8/><D90/><U111/><E114/><V89/><F38/><W125/><G73/><T31/><D115/><U120/><E120/><N who="0" m="46153" /><D58/><U9/><E111/><V69/><F53/><W43/><G108/><T10/><D63/><U70/><E131/><V32/><F32/><W24/><G43/><T19/><D109/><U13/><E133/><V60/><F60/><W4/><G132/><T92/><D92/><U7/><E117/><N who="0" m="45161" /><D130/><U119/><E119/><V86/><F75/><W59/><G125/><T17/><D31/><U47/><E66/><V27/><F71/><W96/><G91/><T29/><D29/><U87/><E77/><V48/><F69/><W21/><G12/><N who="0" m="7303" /><D34/><U28/><E28/><V105/><F68/><W103/><G103/><T110/><D110/><U74/><E70/><V129/><F89/><W50/><REACH who="3" step="1"/><G4/><REACH who="3" ten="203,370,236,181" step="2"/><T128/><D128/><U122/><E74/><V56/><F129/><W6/><G6/><T126/><D126/><U67/><E122/><V44/><F41/><W46/><G46/><T112/><D112/><U49/><E47/><V39/><F44/><W37/><G37/><T22/><D10/><U64/><E7/><V65/><F11/><W18/><G18/><T36/><D36/><U93/><E9/><V5/><F16/><W52/><G52/><T61/><D61/><U78/><E13/><AGARI ba="1,1" hai="0,2,13,19,22" m="7303,45161,46153" machi="13" ten="30,7700,0" yaku="34,2,52,2" doraHai="35" who="0" fromWho="1" sc="203,90,370,-80,236,0,181,0" /><INIT seed="4,0,0,5,0,131" ten="293,290,236,181" oya="0" hai0="115,16,116,84,36,6,41,50,20,43,56,74,35" hai1="1,61,44,28,105,127,38,53,59,46,79,88,95" hai2="42,67,25,55,78,33,117,23,86,113,76,27,97" hai3="62,135,48,99,3,8,12,91,31,109,2,123,80"/><T75/><D35/><U134/><E105/><V125/><F113/><W128/><G109/><T63/><D116/><U0/><E0/><V96/><F117/><W57/><G128/><T81/><D36/><U114/><E1/><V47/><F125/><W102/><G123/><T121/><D121/><U34/><E114/><V26/><F33/><W40/><G135/><T65/><D115/><U58/><E134/><V122/><F67/><W120/><G120/><T107/><D107/><U85/><E38/><V32/><F32/><W51/><G31/><T132/><D6/><U11/><E127/><V70/><F70/><W103/><G3/><T9/><D9/><U92/><E11/><V83/><F122/><W110/><G2/><T21/><D21/><U68/><E68/><V7/><F7/><N who="3" m="3103" /><G110/><T19/><D132/><U98/><E34/><V17/><F78/><W89/><G40/><T90/><D19/><U108/><E108/><V13/><REACH who="2" step="1"/><F55/><REACH who="2" ten="293,290,226,181" step="2"/><N who="3" m="34111" /><G80/><T54/><D43/><U15/><E79/><V106/><F106/><W124/><G124/><T94/><D41/><U73/><E53/><V52/><F52/><W77/><G77/><T29/><D81/><U100/><E92/><V30/><F30/><W118/><G118/><T82/><D29/><U129/><E28/><V49/><AGARI ba="0,1" hai="13,17,23,25,26,27,42,47,49,76,83,86,96,97" machi="49" ten="30,4000,0" yaku="1,1,0,1,8,1,53,0" doraHai="131" doraHaiUra="69" who="2" fromWho="2" sc="293,-20,290,-10,226,50,181,-10" /><INIT seed="5,0,0,4,1,99" ten="273,280,276,171" oya="1" hai0="88,6,20,73,3,96,8,107,51,23,111,56,121" hai1="36,81,76,5,15,105,2,0,104,118,86,62,69" hai2="103,11,75,110,29,45,38,61,109,101,124,1,119" hai3="30,57,25,59,13,37,116,9,127,117,83,93,120"/><U39/><E118/><N who="3" m="45674" /><G120/><T50/><D73/><N who="1" m="43151" /><E15/><V135/><F119/><W7/><G127/><T122/><D111/><U70/><E86/><V63/><F124/><W115/><G115/><T82/><D56/><U72/><E72/><V97/><F29/><W12/><G37/><N who="1" m="14410" /><E5/><N who="2" m="1455" /><F97/><W49/><G13/><T123/><D23/><U47/><E47/><V129/><F110/><W65/><G83/><T85/><D20/><U77/><E77/><V31/><F31/><W22/><G65/><T106/><D106/><N who="1" m="41067" /><E62/><V24/><F63/><W48/><G93/><T66/><D66/><U55/><E55/><V60/><F61/><W33/><G22/><T52/><D52/><U44/><E44/><V34/><F60/><W19/><G19/><T64/><D64/><U95/><E95/><V131/><F109/><W114/><G114/><T112/><D112/><U92/><E92/><V28/><F75/><W80/><G80/><T14/><D14/><U100/><E100/><AGARI ba="0,0" hai="3,6,8,50,51,82,85,88,96,100,107,121,122,123" machi="100" ten="40,5200,0" yaku="13,1,52,1,54,1" doraHai="99" who="0" fromWho="1" sc="273,52,280,-52,276,0,171,0" owari="325,42.5,228,-17.2,276,7.6,171,-32.9" /></mjloggm>