<mjloggm ver="2.3"><GO type="225" lobby="0"/><UN n0="%E5%91%A8%E6%9D%B1" n1="%E7%B4%94%E6%BD%94%E3%83%94%E3%83%A9%E3%83%8B%E3%82%A2" n2="%E6%97%A5%E6%9B%9C%E6%97%A5%E3%82%88%E3%82%8A%E3%81%AE%E4%BD%BF%E8%80%85" n3="%E3%81%AF%E3%82%88%E3%81%8A%E3%81%98%E3%81%95%E3%82%93" dan="16,17,17,17" rate="2227.08,2168.41,2255.73,2231.13" sx="M,M,M,M"/><TAIKYOKU oya="0"/><INIT seed="0,0,0,1,2,97" ten="250,250,250,250" oya="0" hai0="35,124,40,48,0,28,96,94,45,130,115,70,116" hai1="95,123,105,103,17,125,121,61,65,68,12,101,87" hai2="133,11,52,71,83,129,90,21,76,37,110,111,41" hai3="54,132,33,118,5,114,30,108,135,75,74,77,67"/><T10/><D116/><U27/><E125/><V66/><F90/><W18/><G118/><T57/><D124/><U25/><E105/><V44/><F129/><W22/><G114/><T88/><D130/><U3/><E3/><V104/><F104/><W100/><G108/><N who="2" m="41513" /><F133/><N who="3" m="51275" /><G5/><T32/><D70/><U23/><E95/><V134/><F134/><W31/><G67/><T89/><D115/><U106/><E106/><V50/><F21/><W120/><G120/><T9/><D0/><U119/><E119/><V131/><F131/><W43/><G43/><T34/><D28/><N who="3" m="10793" /><G33/><T102/><REACH who="0" step="1"/><D57/><REACH who="0" ten="240,250,250,250" step="2"/><U20/><E121/><V13/><F71/><W47/><G77/><T81/><D81/><U16/><E123/><V6/><F83/><W122/><G122/><T4/><D4/><U60/><E12/><V19/><F76/><W51/><G100/><T46/><D46/><U80/><E61/><V78/><F78/><AGARI ba="0,1" hai="16,17,20,23,25,27,60,65,68,78,80,87,101,103" machi="78" ten="30,8000,1" yaku="7,1,9,1,52,2,54,1" doraHai="97" who="1" fromWho="2" sc="240,0,250,90,250,-80,250,0" /><INIT seed="1,0,0,3,0,94" ten="240,340,170,250" oya="1" hai0="24,114,83,56,46,126,78,8,28,10,27,135,105" hai1="12,64,88,59,44,95,124,89,13,1,119,35,75" hai2="6,23,32,57,63,30,107,112,7,55,106,111,129" hai3="60,34,42,117,66,104,97,53,14,47,125,29,50"/><U128/><E119/><V33/><F111/><W81/><G117/><T11/><D105/><U84/><E1/><V31/><F129/><W37/><G125/><T77/><D114/><U121/><E121/><V123/><F123/><W122/><G122/><T68/><D68/><U45/><E35/><V39/><F39/><W38/><G14/><N who="1" m="5738" /><E75/><V132/><F112/><W3/><G3/><T58/><D126/><U79/><E79/><V85/><F132/><W49/><G81/><T103/><D135/><U43/><E43/><V20/><F85/><W36/><G29/><T18/><D28/><U131/><E89/><V9/><F57/><N who="3" m="32943" /><G34/><T51/><D103/><U48/><E124/><V52/><REACH who="2" step="1"/><F63/><REACH who="2" ten="240,340,160,250" step="2"/><W19/><G38/><T109/><D58/><U0/><E48/><V110/><F110/><W102/><G36/><T15/><D56/><U93/><E59/><V133/><F133/><W100/><G50/><T62/><D62/><U16/><E131/><V21/><F21/><W61/><G60/><T82/><D109/><U26/><E128/><V2/><F2/><W5/><G61/><T91/><D51/><U115/><E0/><V87/><F87/><W72/><G37/><T101/><D46/><U120/><E120/><V108/><F108/><W4/><G47/><T17/><D8/><AGARI ba="0,1" hai="6,7,8,9,20,23,30,31,32,33,52,55,106,107" machi="8" ten="25,6400,0" yaku="1,1,22,2,54,1,53,0" doraHai="94" doraHaiUra="134" who="2" fromWho="0" sc="240,-64,340,0,160,74,250,0" /><INIT seed="2,0,0,3,4,42" ten="176,340,234,250" oya="2" hai0="4,67,74,0,36,129,13,59,126,82,20,71,6" hai1="58,107,33,40,69,84,91,54,53,99,56,103,8" hai2="124,18,86,75,76,5,109,50,97,85,134,27,32" hai3="127,55,125,29,9,121,116,113,92,117,131,28,83"/><V111/><F124/><N who="3" m="47691" /><G121/><T17/><D126/><U24/><E69/><V31/><F134/><W21/><G131/><T22/><D129/><U16/><E40/><V57/><F5/><W133/><G133/><T12/><D36/><U80/><E33/><V3/><F3/><W45/><G113/><T68/><D0/><U112/><E112/><V38/><F38/><W51/><G9/><T46/><D59/><U119/><E119/><N who="3" m="45642" /><G21/><T39/><D67/><U110/><E110/><N who="2" m="41995" /><F97/><W49/><G83/><T11/><D22/><U61/><E24/><V104/><F104/><W64/><G64/><T19/><D4/><U43/><E43/><V122/><F122/><W48/><G92/><T63/><D6/><U89/><E8/><V35/><F35/><W72/><G72/><T79/><D39/><U73/><E73/><V96/><F18/><W130/><G130/><T23/><D11/><U47/><E16/><V106/><F106/><W1/><G1/><T128/><D128/><U93/><E107/><V15/><F15/><W25/><G25/><T70/><REACH who="0" step="1"/><D63/><REACH who="0" ten="166,340,234,250" step="2"/><U114/><E114/><V78/><F32/><W120/><G120/><T118/><D118/><U108/><E108/><V88/><F57/><W34/><G34/><T52/><D52/><U30/><E56/><V14/><F75/><W95/><G55/><T98/><D98/><U10/><E10/><V105/><F96/><W90/><G28/><T66/><D66/><U77/><E30/><V26/><F31/><W81/><G29/><T132/><D132/><U87/><E87/><V135/><F86/><W41/><G41/><RYUUKYOKU ba="0,1" sc="166,15,340,15,234,-15,250,-15" hai0="12,13,17,19,20,23,46,68,70,71,74,79,82" hai1="47,53,54,58,61,77,80,84,89,91,93,99,103" /><INIT seed="3,1,1,1,5,129" ten="181,355,219,235" oya="3" hai0="24,72,69,128,125,11,34,126,106,7,83,33,57" hai1="113,43,67,16,80,28,82,2,23,45,3,96,15" hai2="120,8,10,32,134,88,17,64,127,35,47,78,94" hai3="99,119,112,40,31,84,68,30,103,74,22,41,107"/><W6/><G74/><T114/><D69/><U65/><E113/><V87/><F127/><N who="0" m="48650" /><D106/><U90/><E28/><V46/><F120/><W98/><G68/><T105/><D105/><U20/><E20/><V52/><F134/><W101/><G119/><T12/><D57/><U73/><E73/><V102/><F35/><N who="0" m="13322" /><D83/><N who="1" m="31787" /><E2/><V5/><F32/><W63/><G107/><T58/><D58/><U50/><E3/><V89/><F64/><W122/><G112/><T62/><D62/><U131/><E131/><V118/><F118/><W9/><G63/><T51/><D51/><U55/><E55/><V132/><F132/><W76/><G41/><T66/><D66/><U108/><E108/><V133/><F133/><W115/><G40/><T56/><D56/><U0/><E0/><V77/><F102/><W100/><G103/><T75/><D75/><U130/><E130/><V59/><F89/><W91/><G91/><T49/><D72/><U1/><E1/><V21/><F47/><W135/><G100/><T25/><D49/><U42/><E42/><V97/><F46/><W4/><G101/><T44/><D44/><U124/><E124/><V79/><F97/><W117/><G99/><T93/><D128/><U95/><AGARI ba="1,1" hai="15,16,23,43,45,50,65,67,90,95,96" m="31787" machi="95" ten="30,2000,0" yaku="8,1,54,1" doraHai="129" who="1" fromWho="1" sc="181,-6,355,33,219,-6,235,-11" owari="175,-32.5,388,48.8,213,-18.7,224,2.4" /></mjloggm>