<mjloggm ver="2.3"><GO type="225" lobby="0"/><UN n0="%E9%BB%99%E8%81%B4%E3%81%AE%E3%81%99%E3%82%9D%E3%82%81" n1="%E3%83%A9%E3%82%B9%E7%8E%87%EF%BC%93%E5%89%B2" n2="%E5%A4%8F%E9%88%B4%E9%88%B4%E5%A4%8F" n3="%E6%A1%9C%E8%8A%B1%E9%96%83%E3%80%85" dan="16,16,16,16" rate="2138.60,2128.42,2126.80,2120.86" sx="M,F,F,M"/><TAIKYOKU oya="0"/><INIT seed="0,0,0,1,1,65" ten="250,250,250,250" oya="0" hai0="94,130,49,15,106,127,101,50,55,104,35,93,131" hai1="132,126,121,4,8,7,6,105,48,67,38,40,62" hai2="12,95,66,52,98,118,26,23,114,20,57,124,81" hai3="34,56,128,87,18,45,22,133,76,51,92,122,86"/><T110/><D35/><U46/><E121/><V54/><F114/><W27/><G122/><T78/><D78/><U90/><E132/><V32/><F32/><W72/><G133/><T14/><D55/><U71/><E126/><V103/><F124/><W5/><G128/><N who="0" m="49195" /><D101/><U108/><E108/><V39/><F39/><W0/><G72/><T89/><D89/><U43/><E105/><N who="0" m="40553" /><D127/><U13/><E43/><V116/><F116/><W21/><G76/><T53/><D53/><U25/><E38/><V69/><F69/><W61/><G34/><T125/><D125/><U109/><E109/><V70/><F70/><W120/><G120/><T58/><D58/><U112/><E112/><V77/><F66/><W29/><G92/><N who="0" m="35435" /><D110/><U113/><E113/><V74/><F57/><W115/><G56/><T83/><D83/><U123/><E123/><V84/><F118/><W88/><G88/><T1/><D1/><U41/><E90/><V91/><F12/><AGARI ba="0,0" hai="12,14,15,49,50" m="35435,40553,49195" machi="12" ten="40,7700,0" yaku="28,2,19,1" doraHai="65" who="0" fromWho="2" sc="250,77,250,0,250,-77,250,0" /><INIT seed="0,1,0,2,1,125" ten="327,250,173,250" oya="0" hai0="25,78,71,129,102,98,118,77,8,7,95,127,16" hai1="80,70,1,128,4,119,99,0,117,106,115,68,3" hai2="73,122,64,33,100,124,76,94,85,50,60,72,38" hai3="53,101,24,65,108,49,21,30,29,14,36,81,62"/><T63/><D127/><U10/><E115/><V89/><F122/><W112/><G112/><T28/><D118/><N who="1" m="45067" /><E80/><V88/><F38/><W131/><G108/><T22/><D129/><U6/><E6/><V103/><F33/><W26/><G36/><T19/><D71/><N who="1" m="27179" /><E128/><V134/><F134/><W35/><G101/><AGARI ba="1,0" hai="0,1,3,4,10,99,101,106" m="27179,45067" machi="101" ten="30,1000,0" yaku="23,1" doraHai="125" who="1" fromWho="3" sc="327,0,250,13,173,0,250,-13" /><INIT seed="1,0,0,0,3,31" ten="327,263,173,237" oya="1" hai0="47,18,88,28,111,62,120,97,115,102,14,23,78" hai1="77,110,35,32,21,68,133,43,123,61,15,121,116" hai2="130,90,29,51,2,113,87,132,127,122,73,105,98" hai3="17,92,128,100,54,67,46,118,0,4,66,33,131"/><U58/><E68/><V9/><F122/><W6/><G118/><T93/><D111/><U45/><E116/><V96/><F127/><W22/><G100/><T34/><D115/><U16/><E110/><V1/><F130/><N who="3" m="49707" /><G92/><T71/><D120/><U135/><E121/><V39/><F39/><W13/><G33/><T8/><D78/><U129/><E77/><V42/><F73/><W106/><G106/><T12/><D47/><U63/><E63/><V40/><F29/><W80/><G80/><T104/><D71/><U83/><E83/><V5/><F132/><N who="1" m="50761" /><E123/><V94/><F113/><W114/><G114/><T3/><D62/><U38/><E129/><V81/><F1/><W27/><G13/><T44/><D44/><U89/><E89/><V99/><F105/><W117/><G117/><T84/><D3/><U101/><E101/><V55/><REACH who="2" step="1"/><F81/><REACH who="2" ten="327,263,163,237" step="2"/><W134/><G134/><T60/><D28/><U19/><E19/><V36/><F36/><W25/><G0/><T7/><D104/><U72/><E72/><V103/><F103/><W57/><G6/><T112/><D112/><U75/><E75/><V82/><F82/><W108/><G4/><T125/><D125/><U24/><E24/><V30/><F30/><W48/><G108/><T74/><D74/><U50/><E38/><V65/><F65/><AGARI ba="0,1" hai="15,16,21,32,35,43,45,50,58,61,65" m="50761" machi="65" ten="30,11600,0" yaku="20,1,52,2,54,1" doraHai="31" who="1" fromWho="2" sc="327,0,263,126,163,-116,237,0" /><INIT seed="1,1,0,4,2,59" ten="327,389,47,237" oya="1" hai0="25,122,70,79,35,38,36,63,103,33,127,64,49" hai1="55,48,120,50,16,41,26,28,29,40,45,58,132" hai2="123,81,116,8,15,6,96,76,106,66,67,5,43" hai3="91,82,27,95,107,108,126,4,68,20,98,104,125"/><U100/><E120/><V21/><F123/><W110/><G4/><T56/><D122/><U119/><E119/><V12/><F116/><W13/><G13/><T30/><D127/><N who="3" m="48649" /><G68/><T86/><D103/><U135/><E100/><V52/><F43/><W72/><G20/><T2/><D2/><U105/><E105/><N who="3" m="40522" /><G27/><T23/><D79/><AGARI ba="1,0" hai="72,79,82,91,95,98,108,110" m="40522,48649" machi="79" ten="40,5200,0" yaku="18,1,34,2" doraHai="59" who="3" fromWho="0" sc="327,-55,389,0,47,0,237,55" /><INIT seed="2,0,0,0,4,94" ten="272,389,47,292" oya="2" hai0="83,37,129,111,1,36,59,26,10,133,84,115,72" hai1="25,34,17,92,40,30,22,114,51,109,104,77,95" hai2="46,61,7,122,70,45,42,16,132,71,53,91,120" hai3="35,126,62,24,134,119,125,43,127,82,32,8,60"/><V128/><F7/><W99/><G119/><T103/><D111/><U113/><E104/><V85/><F128/><W130/><G130/><T88/><D115/><U78/><E109/><V39/><F132/><W44/><G134/><T29/><D133/><U15/><E113/><V101/><F101/><W14/><G82/><T117/><D117/><U68/><E68/><V18/><F71/><W12/><G12/><T31/><D31/><U48/><E114/><V135/><F135/><W93/><G24/><T3/><D103/><U56/><E51/><V66/><F53/><W121/><G121/><T75/><D1/><U50/><E50/><V13/><F46/><W58/><G14/><T52/><D75/><U81/><E78/><V9/><REACH who="2" step="1"/><F18/><REACH who="2" ten="272,389,37,292" step="2"/><W106/><G44/><T116/><D129/><U19/><E17/><V20/><F20/><W123/><G126/><T6/><D116/><U90/><E19/><V118/><F118/><W89/><G127/><T5/><D5/><U38/><E22/><V80/><AGARI ba="0,1" hai="9,13,16,39,42,45,61,66,70,80,85,91,120,122" machi="80" ten="20,12000,1" yaku="1,1,0,1,7,1,54,1,53,1" doraHai="94" doraHaiUra="57" who="2" fromWho="2" sc="272,-40,389,-40,37,130,292,-40" /><INIT seed="2,1,0,2,4,79" ten="232,349,167,252" oya="2" hai0="4,18,94,121,123,49,27,98,24,40,89,19,50" hai1="122,107,10,0,119,133,58,87,3,41,110,48,82" hai2="135,57,101,86,96,85,100,5,77,22,21,109,23" hai3="53,1,72,62,92,20,84,67,60,26,2,71,43"/><V105/><F135/><W103/><G72/><T116/><D116/><U111/><E107/><V134/><F134/><W66/><G43/><T52/><D4/><U130/><E133/><V108/><F5/><W54/><G54/><T15/><D123/><U78/><E119/><V37/><F37/><W17/><G53/><T113/><D113/><U13/><E130/><V69/><F69/><W118/><G118/><T91/><D121/><U28/><E28/><V51/><F101/><W31/><G17/><T44/><D91/><U83/><E83/><V64/><F51/><W25/><G25/><N who="0" m="9803" /><D15/><U39/><E39/><V63/><REACH who="2" step="1"/><F77/><REACH who="2" ten="232,349,157,252" step="2"/><W131/><G131/><T106/><D106/><U8/><E122/><V36/><F36/><W38/><G38/><T35/><D35/><U6/><E48/><V93/><F93/><W59/><REACH who="3" step="1"/><G84/><AGARI ba="1,1" hai="21,22,23,57,63,64,84,85,86,96,100,105,108,109" machi="84" ten="40,2000,0" yaku="1,1,53,0" doraHai="79" doraHaiUra="90" who="2" fromWho="3" sc="232,0,349,0,157,33,252,-23" /><INIT seed="2,2,0,5,0,114" ten="232,349,190,229" oya="2" hai0="61,89,74,133,134,105,81,68,101,103,8,94,76" hai1="11,82,84,24,67,17,107,22,44,71,47,90,10" hai2="96,14,69,113,123,9,91,86,93,87,98,83,72" hai3="13,118,62,50,99,106,97,57,125,1,42,32,70"/><V63/><F123/><W41/><G1/><T92/><D8/><N who="1" m="3115" /><E107/><V7/><F113/><W115/><G115/><T20/><D20/><N who="1" m="13327" /><E71/><V51/><F72/><W58/><G32/><T117/><D61/><U132/><E132/><N who="0" m="50793" /><D68/><U34/><E34/><V54/><F63/><W37/><G125/><T48/><D48/><U126/><E126/><V85/><F69/><W111/><G111/><T45/><D45/><U40/><E40/><V55/><F98/><W29/><G29/><T59/><D59/><U23/><E67/><V95/><F93/><W38/><G62/><T3/><D3/><U36/><E36/><V128/><F128/><W28/><G28/><T56/><D56/><U49/><E47/><V30/><F30/><W21/><G21/><T19/><D19/><U43/><AGARI ba="2,0" hai="22,23,43,44,49,82,84,90" m="13327,3115" machi="43" ten="30,1100,0" yaku="8,1" doraHai="114" who="1" fromWho="1" sc="232,-5,349,17,190,-7,229,-5" /><INIT seed="3,0,0,1,5,10" ten="227,366,183,224" oya="3" hai0="33,95,40,125,59,80,46,127,2,135,103,108,109" hai1="32,62,133,101,44,43,111,65,71,132,96,3,16" hai2="83,39,63,100,73,112,23,26,30,58,81,75,118" hai3="38,4,126,74,42,21,1,15,130,84,41,45,50"/><W67/><G74/><T19/><D33/><U76/><E111/><N who="0" m="42569" /><D2/><U8/><E76/><V97/><F112/><W68/><G1/><T51/><D135/><N who="1" m="51787" /><E32/><V70/><F118/><W60/><G126/><T12/><D80/><U13/><E3/><V120/><F70/><W7/><G130/><T114/><D114/><U48/><E96/><V79/><F39/><W128/><G128/><T89/><D59/><U117/><E101/><V24/><F24/><W99/><G84/><N who="0" m="52647" /><D103/><U92/><E92/><V27/><F27/><W31/><G99/><T87/><D87/><U134/><E134/><V55/><F120/><W86/><G86/><T104/><D104/><U34/><E34/><V47/><F47/><W9/><G42/><T37/><D37/><U36/><E36/><V91/><F91/><W11/><G38/><T106/><D106/><U119/><AGARI ba="0,0" hai="8,13,16,43,44,48,62,65,71,117,119" m="51787" machi="119" ten="30,4000,0" yaku="20,1,52,1,54,1" doraHai="10" who="1" fromWho="1" sc="227,-10,366,40,183,-10,224,-20" owari="217,1.7,406,50.6,173,-32.7,204,-19.6" /></mjloggm>