<mjloggm ver="2.3"><GO type="225" lobby="0"/><UN n0="%E3%83%81%E3%83%A7%E3%83%99%E3%83%83%E3%82%AF" n1="%E9%80%86%E9%80%A3%E5%B8%AF%E3%81%AE%E9%AC%BC" n2="%E9%A6%AC%E5%BC%95%E7%81%AB%33" n3="%E7%99%BD%E5%80%89%E5%AF%9B%E4%B9%8B" dan="16,17,17,16" rate="2124.18,2013.67,2185.84,2125.60" sx="M,M,M,M"/><TAIKYOKU oya="0"/><INIT seed="0,0,0,1,2,12" ten="250,250,250,250" oya="0" hai0="47,64,111,5,133,20,54,46,132,85,2,88,103" hai1="101,43,83,72,79,99,11,129,19,71,75,26,134" hai2="120,25,95,100,70,94,135,112,119,29,123,59,30" hai3="107,52,27,110,82,87,39,126,22,98,121,24,58"/><T36/><D64/><U63/><E134/><N who="0" m="51817" /><D103/><U32/><E129/><V57/><F70/><W108/><G39/><T17/><D111/><N who="3" m="42537" /><G126/><T104/><D104/><U80/><E43/><V66/><F135/><W10/><G121/><T113/><D113/><U44/><E44/><V9/><F112/><W7/><G98/><T31/><D31/><U122/><E122/><V115/><F115/><W3/><G107/><T55/><D5/><U42/><E42/><V33/><F119/><W62/><G22/><T84/><D84/><U130/><E130/><V45/><F45/><N who="0" m="16906" /><D2/><U34/><E75/><V35/><F9/><W76/><AGARI ba="0,0" hai="3,7,10,24,27,52,58,62,76,82,87" m="42537" machi="76" ten="30,2000,0" yaku="14,1,54,1" doraHai="12" who="3" fromWho="3" sc="250,-10,250,-5,250,-5,250,20" /><INIT seed="1,0,0,2,4,9" ten="240,245,245,270" oya="1" hai0="107,129,11,112,94,85,87,22,14,135,60,71,74" hai1="103,117,56,66,130,10,67,23,59,131,83,62,118" hai2="49,55,17,122,68,24,93,97,104,113,26,47,77" hai3="45,133,8,92,105,16,100,48,13,34,35,79,63"/><U82/><E103/><V50/><F122/><W43/><G133/><T40/><D112/><U21/><E10/><V57/><F68/><W120/><G120/><T86/><D74/><U125/><REACH who="1" step="1"/><E62/><REACH who="1" ten="240,235,245,270" step="2"/><V25/><F104/><W69/><G105/><T65/><D107/><U38/><E38/><V124/><F113/><W119/><G119/><T31/><D129/><U3/><E3/><V99/><F49/><W134/><G134/><T81/><D135/><U95/><E95/><V64/><F50/><W76/><G100/><T123/><D94/><U32/><E32/><V54/><F93/><W5/><G92/><T132/><D132/><U128/><E128/><V127/><F97/><W0/><G35/><T27/><D123/><U44/><E44/><V28/><F47/><W90/><G34/><T33/><D33/><U106/><E106/><V75/><F99/><W116/><G116/><T73/><D73/><U39/><E39/><V101/><F75/><W52/><G63/><T78/><REACH who="0" step="1"/><D40/><REACH who="0" ten="230,235,245,270" step="2"/><U2/><E2/><V41/><F41/><W61/><G43/><T4/><AGARI ba="0,2" hai="4,11,14,22,27,31,60,65,71,78,81,85,86,87" machi="4" ten="20,8000,1" yaku="1,1,2,1,0,1,7,1,52,1,53,0" doraHai="9" doraHaiUra="121" who="0" fromWho="0" sc="230,100,235,-40,245,-20,270,-20" /><INIT seed="2,0,0,4,5,40" ten="330,195,225,250" oya="2" hai0="9,93,43,127,17,113,129,55,28,91,2,114,49" hai1="19,81,110,36,87,3,70,37,44,105,51,83,90" hai2="58,56,101,92,46,71,12,102,104,73,21,125,31" hai3="88,106,22,64,72,124,63,126,62,67,1,52,69"/><V85/><F73/><W130/><G72/><T111/><D111/><U26/><E110/><V99/><F71/><N who="3" m="42391" /><G106/><T25/><D129/><U115/><E115/><V34/><F34/><W135/><G1/><T77/><D43/><U119/><E119/><V89/><F125/><N who="3" m="48235" /><G22/><T27/><D77/><U79/><E105/><V68/><F68/><W132/><G88/><T5/><D17/><U4/><E70/><V118/><F118/><W100/><G100/><T134/><D127/><U45/><E4/><V86/><F102/><W7/><G7/><T95/><D134/><N who="3" m="51241" /><G52/><T8/><D91/><U29/><E3/><V112/><F86/><W15/><G15/><T66/><D55/><U65/><E19/><V82/><F104/><W94/><G94/><T61/><D95/><U80/><E65/><V24/><F12/><W96/><G96/><T23/><D93/><U107/><E107/><V0/><F0/><W108/><G108/><T11/><D2/><U57/><E81/><V41/><REACH who="2" step="1"/><F112/><REACH who="2" ten="330,195,215,250" step="2"/><W47/><G130/><T133/><D133/><U128/><E128/><V131/><F131/><W121/><G121/><T60/><D113/><U75/><E75/><V10/><F10/><W103/><G103/><T14/><D9/><U33/><E33/><V123/><F123/><W76/><G76/><T53/><D11/><U35/><E79/><V59/><F59/><W109/><G109/><T20/><D114/><U13/><E13/><V122/><F122/><W97/><G97/><T16/><D14/><U42/><E57/><V38/><AGARI ba="0,1" hai="21,24,31,38,41,46,56,58,82,85,89,92,99,101" machi="38" ten="20,12000,1" yaku="1,1,0,1,7,1,52,1,53,1" doraHai="40" doraHaiUra="39" who="2" fromWho="2" sc="330,-40,195,-40,215,130,250,-40" /><INIT seed="2,1,0,3,2,20" ten="290,155,345,210" oya="2" hai0="16,1,61,56,22,76,10,123,119,75,118,117,128" hai1="17,32,39,19,115,11,7,67,129,101,63,135,5" hai2="107,42,90,85,104,9,126,86,64,41,47,23,12" hai3="21,80,121,13,27,106,92,57,8,70,30,127,112"/><V94/><F126/><W24/><G70/><T73/><D123/><U31/><E115/><V102/><F64/><W44/><G106/><T83/><D128/><U89/><E39/><V108/><F102/><W4/><G121/><T18/><D1/><U29/><E129/><V60/><F60/><W68/><G68/><T103/><D103/><U116/><E116/><V109/><F23/><N who="3" m="15647" /><G127/><T74/><D10/><U6/><E101/><V99/><F85/><W43/><G112/><T51/><D51/><U133/><E89/><V105/><F99/><W78/><G92/><T54/><REACH who="0" step="1"/><D18/><REACH who="0" ten="280,155,345,210" step="2"/><N who="1" m="6667" /><E11/><V2/><F2/><W98/><G8/><T87/><D87/><U132/><E32/><V62/><F86/><W95/><G98/><T49/><D49/><U3/><E3/><V52/><F9/><W125/><G125/><T134/><D134/><U65/><E63/><V0/><F62/><W120/><G120/><T97/><D97/><U53/><E53/><V93/><F52/><W50/><G50/><T91/><D91/><U124/><E124/><V122/><F0/><W38/><G38/><T69/><D69/><U88/><E88/><V77/><F90/><W34/><G4/><T58/><D58/><U45/><E45/><V15/><F47/><W59/><G44/><T35/><D35/><U113/><E113/><V114/><F114/><W100/><G34/><T55/><D55/><U33/><E33/><V46/><F46/><W25/><G59/><T131/><D131/><U79/><E79/><V71/><F122/><W84/><G78/><T81/><D81/><U110/><E110/><RYUUKYOKU ba="1,1" sc="280,15,155,15,345,-15,210,-15" hai0="16,22,54,56,61,73,74,75,76,83,117,118,119" hai1="5,6,7,29,31,65,67,132,133,135" /><INIT seed="3,2,1,3,3,36" ten="295,170,330,195" oya="3" hai0="31,56,120,49,111,39,95,18,30,104,21,10,58" hai1="116,123,109,12,98,117,17,23,72,130,25,59,118" hai2="61,24,107,20,43,46,102,35,99,29,85,11,84" hai3="112,126,121,1,128,3,75,0,38,40,127,87,90"/><W32/><G75/><T94/><D104/><U28/><E123/><V27/><F11/><W133/><G121/><T44/><D39/><U97/><E130/><V134/><F134/><W19/><G32/><T47/><D10/><U16/><E109/><V91/><F61/><W82/><G112/><T2/><D2/><U67/><E72/><V92/><F85/><W100/><G128/><T105/><D44/><U78/><E78/><V48/><REACH who="2" step="1"/><F27/><REACH who="2" ten="295,170,320,195" step="2"/><W71/><G133/><T103/><D120/><U89/><E89/><V77/><F77/><W13/><G100/><T124/><D103/><U76/><E76/><V119/><F119/><W33/><G3/><T125/><D111/><U132/><E132/><V79/><F79/><W37/><G1/><T81/><D124/><U106/><E106/><V9/><F9/><N who="3" m="6575" /><G0/><T8/><D125/><U74/><E74/><V115/><F115/><W6/><G127/><T122/><D122/><U52/><E67/><V108/><F108/><W54/><G126/><T7/><D105/><U14/><E14/><V53/><F53/><W73/><G73/><T34/><D34/><AGARI ba="2,2" hai="20,24,29,34,35,43,46,48,84,91,92,99,102,107" machi="34" ten="40,5200,0" yaku="1,1,52,1,53,1" doraHai="36" doraHaiUra="86" who="2" fromWho="0" sc="295,-58,170,0,320,78,195,0" owari="237,3.7,170,-33.0,398,49.8,195,-20.5" /></mjloggm>