<mjloggm ver="2.3"><GO type="225" lobby="0"/><UN n0="%E5%91%A8%E6%9D%B1" n1="%E3%81%A4%E3%81%A3%E3%81%B1%E3%82%8A%E3%83%9D%E3%83%BC%E3%83%AB" n2="%E3%83%81%E3%83%83%E3%82%BF%E3%82%BD%E3%83%BC" n3="%E5%B8%86%E7%AB%8B%E5%A4%8F%E8%A1%A3" dan="16,17,17,17" rate="2176.41,2235.23,2198.94,2270.51" sx="M,M,F,M"/><TAIKYOKU oya="0"/><INIT seed="0,0,0,2,1,53" ten="250,250,250,250" oya="0" hai0="117,32,25,19,91,17,80,114,134,60,119,92,26" hai1="100,76,105,88,50,51,84,36,27,10,131,116,15" hai2="73,42,44,78,11,55,82,49,95,58,71,39,33" hai3="122,20,81,12,83,16,115,66,65,101,108,7,68"/><T4/><D114/><U14/><E116/><V48/><F33/><W107/><G115/><T57/><D134/><U2/><E36/><V106/><F106/><W3/><G122/><T75/><D4/><U102/><E131/><V69/><F11/><N who="3" m="4223" /><G68/><T13/><D75/><U127/><E127/><V64/><F64/><N who="3" m="24683" /><G107/><T72/><D80/><N who="3" m="30793" /><G3/><T109/><D72/><U99/><E2/><V37/><REACH who="2" step="1"/><F95/><REACH who="2" ten="250,250,240,250" step="2"/><W59/><G108/><T62/><D109/><U113/><E105/><V89/><F89/><W129/><G129/><T79/><D92/><U130/><E88/><V111/><F111/><W46/><G101/><T6/><D91/><U120/><E102/><V24/><F24/><N who="3" m="14343" /><G46/><T61/><D32/><U21/><E100/><V9/><F9/><W97/><G97/><T77/><D117/><U28/><E10/><V31/><F31/><W40/><G40/><T123/><D119/><U56/><E28/><V90/><F90/><W22/><G22/><T41/><D41/><U43/><E21/><V110/><F110/><W23/><G23/><T63/><D26/><U67/><E27/><V74/><F74/><W5/><G5/><T96/><D25/><U52/><E67/><V94/><F94/><W85/><G85/><T124/><D6/><U86/><E99/><V135/><F135/><W87/><G87/><T70/><D96/><U132/><E86/><V103/><F103/><W18/><G18/><T133/><D19/><U126/><E132/><V0/><F0/><W128/><G128/><T8/><D17/><U45/><E130/><V1/><F1/><W54/><G54/><RYUUKYOKU ba="0,1" sc="250,-15,250,-15,240,15,250,15" hai2="37,39,42,44,48,49,55,58,69,71,73,78,82" hai3="59" /><INIT seed="1,1,1,2,4,110" ten="235,235,255,265" oya="1" hai0="109,11,105,17,54,84,1,46,55,96,92,23,132" hai1="79,72,112,68,75,47,129,48,73,134,123,74,64" hai2="89,31,39,18,57,51,94,127,85,90,88,41,98" hai3="117,36,50,37,66,45,120,70,59,28,111,21,4"/><U7/><E123/><V15/><F127/><W3/><G21/><T29/><D109/><U106/><E106/><V78/><F39/><N who="3" m="14923" /><G28/><T80/><D132/><U108/><E134/><V19/><F31/><W0/><G4/><T97/><D105/><U124/><E108/><V107/><F107/><W131/><G3/><T69/><D69/><U10/><E124/><V101/><F15/><W81/><G81/><T9/><D29/><U103/><E103/><V87/><F78/><W113/><G0/><T27/><D1/><U35/><E35/><V104/><F89/><W119/><G111/><T25/><D25/><U61/><E129/><V63/><F51/><W5/><G5/><T65/><D65/><U12/><N who="1" m="18432" /><DORA hai="32" /><U82/><E112/><V33/><F33/><W77/><G77/><N who="0" m="46095" /><D46/><U44/><REACH who="1" step="1"/><E48/><REACH who="1" ten="235,225,255,265" step="2"/><V24/><F104/><W118/><G113/><T83/><D83/><U114/><E114/><V125/><F125/><W71/><G131/><T58/><D92/><U126/><E126/><V38/><F101/><W116/><G116/><T6/><D6/><U122/><E122/><V42/><F94/><W53/><G120/><T95/><D95/><U91/><E91/><V40/><F90/><W62/><AGARI ba="1,2" hai="45,50,53,59,62,66,70,71,117,118,119" m="14923" machi="62" ten="40,5200,0" yaku="12,1,34,2" doraHai="110,32" who="3" fromWho="3" sc="235,-14,225,-27,255,-14,265,75" /><INIT seed="2,0,0,2,4,12" ten="221,198,241,340" oya="2" hai0="20,100,103,55,34,126,8,35,134,36,62,133,132" hai1="61,53,122,86,0,110,37,83,87,107,92,28,78" hai2="99,57,111,51,101,64,84,6,44,14,58,104,76" hai3="4,46,71,21,25,116,22,98,90,120,65,67,93"/><V128/><F128/><W121/><G116/><T108/><D36/><U48/><E37/><V114/><F114/><W43/><G121/><T135/><D108/><U33/><E107/><V97/><F111/><W66/><G120/><T13/><D126/><U32/><E110/><V102/><F64/><W113/><G113/><T130/><D130/><U54/><E0/><V2/><F2/><W106/><G106/><T95/><D20/><U118/><E118/><V82/><F14/><W26/><G4/><T127/><D127/><U41/><E122/><V79/><F6/><W27/><REACH who="3" step="1"/><G71/><REACH who="3" ten="221,198,241,330" step="2"/><T50/><D135/><U75/><E33/><V117/><F117/><W11/><G11/><T18/><D35/><U1/><E32/><V77/><F104/><W49/><AGARI ba="0,1" hai="21,22,25,26,27,43,46,49,65,66,67,90,93,98" machi="49" ten="30,8000,1" yaku="1,1,0,1,8,1,53,2" doraHai="12" doraHaiUra="17" who="3" fromWho="3" sc="221,-20,198,-20,241,-40,330,90" /><INIT seed="3,0,0,2,0,12" ten="201,178,201,420" oya="3" hai0="9,124,112,110,90,87,102,43,120,66,129,73,23" hai1="48,113,10,81,130,51,121,95,63,68,67,116,131" hai2="38,77,74,42,16,91,84,69,24,7,54,29,114" hai3="46,56,103,30,108,97,0,3,78,13,88,99,59"/><W11/><G108/><T71/><D73/><U111/><E113/><V28/><F114/><W1/><G78/><T119/><D112/><U135/><E121/><V64/><F7/><W49/><G30/><T5/><D120/><U41/><E81/><V8/><F74/><W133/><G133/><T109/><D119/><U19/><E135/><V100/><F77/><W50/><G88/><T20/><D129/><N who="1" m="49163" /><E111/><N who="0" m="42505" /><D124/><U52/><E116/><V123/><F123/><W17/><G97/><T2/><D102/><U58/><E95/><V25/><F100/><W65/><G65/><T62/><D43/><U36/><E36/><V94/><F42/><W79/><G79/><T27/><D27/><N who="2" m="10314" /><F38/><W118/><G118/><T34/><D34/><U128/><N who="1" m="49171" /><U60/><DORA hai="105" /><E41/><V15/><F64/><W72/><G72/><T82/><AGARI ba="0,0" hai="2,5,9,20,23,62,66,71,82,87,90" m="42505" machi="82" ten="30,1100,0" yaku="14,1" doraHai="12,105" who="0" fromWho="0" sc="201,11,178,-3,201,-3,420,-5" owari="212,1.2,175,-32.5,198,-20.2,415,51.5" /></mjloggm>