<mjloggm ver="2.3"><GO type="225" lobby="0"/><UN n0="%E3%81%90%E3%81%A1%E3%82%84%E3%81%BE" n1="%E9%B3%B3%E6%9D%B1%E3%81%AE%E3%81%BF%E3%81%91%E3%81%AB%E3%82%83%E3%82%93" n2="%E3%83%96%E3%83%83%E3%83%91%E3%82%AA%E3%83%96%E3%83%81%E3%82%AD%E3%83%B3" n3="%E7%AB%8B%E8%8A%B1%E9%9F%BF" dan="16,16,16,17" rate="2132.28,2141.22,2147.27,2166.44" sx="M,F,M,F"/><TAIKYOKU oya="0"/><INIT seed="0,0,0,4,5,55" ten="250,250,250,250" oya="0" hai0="101,109,26,57,69,76,34,44,28,22,47,53,61" hai1="51,1,100,71,7,42,111,118,115,78,15,58,0" hai2="116,50,121,131,41,134,102,56,49,93,60,4,87" hai3="107,106,16,38,125,135,123,70,114,24,19,124,73"/><T127/><D127/><U128/><E118/><V32/><F121/><W39/><G24/><T6/><D109/><U35/><E71/><V30/><F116/><W65/><G65/><T64/><D76/><U20/><E35/><V88/><F134/><W14/><G14/><T82/><D82/><U33/><E33/><V85/><F131/><W89/><G89/><T13/><D101/><U63/><E128/><V21/><F32/><W29/><G70/><T112/><D112/><U67/><E111/><V91/><F4/><W117/><G73/><T31/><D31/><U103/><E78/><V23/><F102/><W122/><G29/><T113/><D113/><U77/><E77/><V46/><F50/><W52/><G52/><T11/><REACH who="0" step="1"/><D34/><REACH who="0" ten="240,250,250,250" step="2"/><U66/><E115/><V5/><F30/><W104/><G114/><T80/><D80/><U132/><E103/><V94/><REACH who="2" step="1"/><F5/><REACH who="2" ten="240,250,240,250" step="2"/><W36/><G117/><T126/><D126/><N who="3" m="48745" /><G135/><T92/><D92/><U48/><E132/><V110/><F110/><W133/><G133/><T54/><D54/><AGARI ba="0,2" hai="21,23,41,46,49,54,56,60,85,87,88,91,93,94" machi="54" ten="30,16000,3" yaku="1,1,7,1,9,1,8,1,52,1,54,1,53,2" doraHai="55" doraHaiUra="84" who="2" fromWho="0" sc="240,-160,250,0,240,180,250,0" /><INIT seed="1,0,0,4,0,87" ten="80,250,420,250" oya="1" hai0="30,114,127,50,91,17,124,49,133,60,89,51,123" hai1="4,18,14,3,83,80,42,95,21,128,26,0,1" hai2="90,119,67,135,96,104,132,111,101,10,63,62,76" hai3="113,105,25,2,57,79,36,38,92,117,28,66,107"/><U108/><E128/><V65/><F119/><W134/><G113/><T75/><D114/><U110/><E42/><V84/><F76/><W52/><G117/><T32/><D75/><U98/><E26/><V59/><F111/><N who="1" m="42537" /><E4/><V29/><F29/><W74/><G2/><N who="1" m="514" /><U11/><DORA hai="118" /><E11/><V20/><F20/><W54/><G134/><T33/><D133/><N who="2" m="51274" /><F10/><W72/><G66/><N who="2" m="25097" /><F59/><W86/><G72/><T31/><D60/><U37/><E37/><V23/><F23/><W8/><G74/><T82/><D17/><U106/><E106/><V61/><F61/><W69/><G8/><T103/><D103/><AGARI ba="0,0" hai="14,18,21,80,83,95,98,103" m="514,42537" machi="103" ten="40,3900,0" yaku="14,1,10,1" doraHai="87,118" who="1" fromWho="0" sc="80,-39,250,39,420,0,250,0" /><INIT seed="1,1,0,2,2,133" ten="41,289,420,250" oya="1" hai0="62,134,14,70,76,37,135,58,131,5,49,23,2" hai1="10,9,98,67,100,50,7,68,121,132,34,83,56" hai2="118,8,55,13,87,114,39,125,80,36,0,38,130" hai3="42,73,30,117,127,115,95,20,25,12,63,120,91"/><U93/><E121/><V31/><F118/><W105/><G120/><T19/><D37/><U85/><E132/><N who="0" m="50729" /><D131/><U107/><E34/><V61/><F130/><W104/><G73/><T22/><D2/><U90/><E68/><V32/><F0/><W75/><G75/><T103/><D5/><U15/><E10/><V111/><F111/><W109/><G115/><T17/><D76/><U26/><E26/><V46/><F114/><W123/><G123/><T21/><D103/><U116/><E116/><V119/><F61/><W33/><G109/><T102/><D102/><U52/><REACH who="1" step="1"/><E67/><REACH who="1" ten="41,279,420,250" step="2"/><V65/><F65/><W45/><G25/><T82/><D70/><U78/><E78/><V71/><F8/><W74/><G33/><T106/><D106/><AGARI ba="1,1" hai="7,9,15,50,52,56,83,85,90,93,98,100,106,107" machi="106" ten="40,3900,0" yaku="1,1,54,1,53,0" doraHai="133" doraHaiUra="24" who="1" fromWho="0" sc="41,-42,279,52,420,0,250,0" owari="-1,-50.1,331,13.1,420,52.0,250,-15.0" /></mjloggm>