<mjloggm ver="2.3"><GO type="225" lobby="0"/><UN n0="%E3%83%81%E3%83%A7%E3%83%99%E3%83%83%E3%82%AF" n1="%E4%BB%A5%E5%A5%B3%E7%A5%9E%E4%B9%8B%E5%90%8D%E8%A8%B1%E9%A1%98" n2="%E6%81%A5%E6%99%92%E3%81%97" n3="%E6%9C%88%E5%B3%B6%E5%9F%BA" dan="16,16,16,17" rate="2117.50,2040.60,2074.60,2193.60" sx="M,M,M,M"/><TAIKYOKU oya="0"/><INIT seed="0,0,0,5,0,97" ten="250,250,250,250" oya="0" hai0="40,20,109,76,123,54,105,131,31,113,33,70,26" hai1="81,39,117,42,122,77,16,19,134,84,90,41,56" hai2="110,106,95,18,0,51,67,49,94,38,119,118,78" hai3="121,83,100,61,80,98,59,27,116,104,12,107,37"/><T79/><D113/><U24/><E117/><V25/><F38/><W126/><G116/><N who="2" m="44585" /><F0/><W108/><G37/><T44/><D123/><U57/><E122/><V86/><F110/><W60/><G121/><T73/><D131/><U130/><E130/><V87/><F67/><W120/><G120/><T71/><D105/><U30/><E134/><V74/><F74/><W72/><G126/><T53/><D109/><U135/><E135/><V36/><F36/><W65/><G108/><T129/><D129/><U102/><E102/><V50/><F106/><W127/><G127/><T23/><D40/><N who="1" m="15467" /><E39/><V132/><F132/><W52/><G104/><T4/><D4/><U91/><E30/><V11/><F11/><W99/><G99/><T21/><D73/><U69/><E69/><V15/><F25/><W10/><G27/><T62/><D71/><U55/><E57/><V85/><F78/><W7/><REACH who="3" step="1"/><G72/><REACH who="3" ten="250,250,250,240" step="2"/><T93/><D26/><U101/><E24/><V48/><N who="2" m="12288" /><DORA hai="111" /><V58/><F94/><W22/><G22/><T1/><D93/><U66/><E81/><V29/><F95/><W75/><G75/><T125/><D21/><U47/><E84/><V45/><F87/><W5/><G5/><T3/><D20/><U2/><E19/><V89/><F86/><W46/><G46/><T88/><D125/><U13/><E16/><V28/><F18/><W115/><G115/><T32/><D23/><U96/><E47/><V9/><F45/><W128/><G128/><T63/><D44/><U34/><E34/><V17/><F85/><W114/><G114/><T35/><D32/><RYUUKYOKU ba="0,1" sc="250,-10,250,-10,250,-10,240,30" hai3="7,10,12,52,59,60,61,65,80,83,98,100,107" /><INIT seed="1,1,1,4,1,3" ten="240,240,240,270" oya="1" hai0="35,81,54,56,90,79,47,11,120,94,58,82,78" hai1="72,86,76,57,117,121,119,39,32,15,29,43,52" hai2="77,20,34,50,19,84,31,75,33,102,132,46,97" hai3="85,53,16,125,67,21,41,62,66,96,64,1,124"/><U114/><E114/><V51/><F132/><W104/><G1/><T27/><D35/><U105/><E121/><V23/><F75/><W73/><G73/><T89/><D27/><U126/><E105/><V71/><F71/><W99/><G41/><T69/><D69/><U128/><E72/><V25/><F84/><W7/><G7/><T118/><D118/><U22/><E32/><V0/><F77/><N who="0" m="29194" /><D120/><U74/><E74/><V68/><F0/><W123/><G123/><T26/><D26/><U110/><E128/><V88/><F68/><W28/><G28/><T95/><D47/><U130/><E130/><V92/><F102/><W129/><G129/><T100/><D11/><U133/><E133/><V40/><REACH who="2" step="1"/><F51/><REACH who="2" ten="240,240,230,270" step="2"/><W134/><G134/><T30/><D100/><U116/><E116/><V127/><F127/><W122/><G122/><T113/><D113/><U108/><E126/><V131/><F131/><W14/><G124/><T98/><D58/><U36/><E119/><V83/><F83/><W17/><G125/><T37/><D37/><U80/><E117/><V91/><F91/><W49/><G49/><N who="0" m="30799" /><D30/><U112/><E112/><V70/><F70/><W103/><G103/><T109/><D109/><U45/><E39/><V42/><F42/><W9/><G62/><T18/><D18/><U111/><E111/><V135/><F135/><W6/><G17/><T61/><D61/><U4/><E110/><V63/><F63/><W5/><G16/><T101/><D101/><U59/><E108/><V24/><AGARI ba="1,2" hai="19,20,23,24,25,31,33,34,40,46,50,88,92,97" machi="24" ten="20,5200,0" yaku="1,1,0,1,7,1,54,1,53,0" doraHai="3" doraHaiUra="8" who="2" fromWho="2" sc="240,-14,240,-27,230,75,270,-14" /><INIT seed="2,0,0,1,2,54" ten="226,213,305,256" oya="2" hai0="16,41,118,28,23,45,6,55,79,48,50,88,37" hai1="104,111,135,31,58,8,107,2,110,66,124,9,60" hai2="5,87,127,53,123,46,89,3,117,82,120,7,72" hai3="10,19,119,112,25,30,40,65,17,52,99,92,64"/><V62/><F117/><W61/><G119/><T68/><D68/><U80/><E124/><V0/><F127/><W18/><G112/><T26/><D118/><U75/><E135/><V34/><F34/><W20/><G40/><T76/><D6/><N who="1" m="1111" /><E31/><V91/><F72/><W129/><G129/><T67/><D67/><U13/><E80/><V44/><F53/><W84/><G84/><T85/><D28/><U95/><E95/><V100/><F62/><W74/><G10/><T96/><D96/><U133/><E75/><V114/><F87/><W131/><G74/><T43/><D37/><U101/><E101/><V116/><F82/><W47/><G131/><T15/><D15/><U63/><E63/><V122/><F116/><W125/><G125/><T77/><D50/><U83/><E83/><AGARI ba="0,0" hai="16,23,26,41,43,45,48,55,76,77,79,83,85,88" machi="83" ten="40,5200,0" yaku="8,1,54,2" doraHai="54" who="0" fromWho="1" sc="226,52,213,-52,305,0,256,0" /><INIT seed="3,0,0,1,1,68" ten="278,161,305,256" oya="3" hai0="54,104,134,72,77,109,3,135,108,21,27,23,79" hai1="43,41,86,94,13,81,71,119,91,96,76,132,63" hai2="53,57,88,1,58,15,97,130,34,99,26,40,36" hai3="103,93,74,66,37,87,133,48,102,30,127,126,114"/><W61/><G30/><T110/><D104/><U101/><E71/><V0/><F58/><N who="3" m="37175" /><G74/><T84/><D3/><U120/><E120/><V69/><F69/><W128/><G114/><T11/><D11/><U33/><E33/><V111/><F34/><W7/><G7/><T44/><D72/><U39/><E39/><V125/><F1/><W107/><G107/><T49/><D84/><U32/><E32/><V8/><F0/><W83/><G128/><T31/><REACH who="0" step="1"/><D21/><REACH who="0" ten="268,161,305,256" step="2"/><U10/><E119/><V80/><F8/><W16/><G133/><AGARI ba="0,1" hai="23,27,31,44,49,54,77,79,108,109,110,133,134,135" machi="133" ten="50,8000,1" yaku="1,1,2,1,14,1,20,1,53,0" doraHai="68" doraHaiUra="52" who="0" fromWho="3" sc="268,90,161,0,305,0,256,-80" owari="358,45.8,161,-33.9,305,10.5,176,-22.4" /></mjloggm>