<mjloggm ver="2.3"><GO type="225" lobby="0"/><UN n0="%E3%83%B4%E3%83%A0%EF%BC%99%E3%81%A6" n1="%E7%87%90%2E%2E" n2="%72%69%6F%75%63%68%61%6E" n3="%E6%B8%A9%E2%98%85%E6%83%85%E2%98%85%E6%8E%AA%E2%98%85%E7%BD%AE" dan="16,16,16,17" rate="2144.75,2138.75,2164.04,2181.49" sx="M,M,M,M"/><TAIKYOKU oya="0"/><INIT seed="0,0,0,5,3,8" ten="250,250,250,250" oya="0" hai0="18,33,55,53,43,11,46,105,40,51,100,122,124" hai1="113,80,116,4,109,85,135,117,3,91,64,9,49" hai2="76,103,1,107,60,47,23,94,82,12,41,108,84" hai3="29,37,110,16,7,90,88,28,99,130,25,123,79"/><T50/><D122/><U26/><E135/><V6/><F108/><W92/><G110/><T134/><D33/><U5/><E109/><V125/><F125/><W48/><G37/><T34/><D34/><U120/><E120/><V73/><F1/><W70/><G70/><T10/><D134/><U93/><E113/><V56/><F107/><W2/><G123/><T131/><D131/><U71/><E5/><V112/><F112/><W14/><G130/><T83/><D124/><U74/><E26/><V42/><F47/><W15/><G79/><T132/><D132/><U52/><E64/><V22/><F22/><N who="3" m="13511" /><G2/><T27/><D83/><U30/><E30/><N who="3" m="11882" /><G7/><T13/><D27/><U87/><E74/><V19/><F6/><W20/><G20/><T63/><D10/><U104/><E104/><V35/><F35/><W54/><G90/><T133/><D133/><U128/><E71/><V115/><F115/><W114/><G114/><T129/><D129/><U24/><E24/><V77/><F77/><W126/><G126/><T39/><D39/><U72/><E72/><V98/><REACH who="2" step="1"/><F73/><REACH who="2" ten="250,250,240,250" step="2"/><W96/><G96/><T118/><D105/><U59/><E128/><V69/><F69/><W86/><G99/><T38/><D11/><U57/><E57/><AGARI ba="0,1" hai="14,15,48,54,57,86,88,92" m="11882,13511" machi="57" ten="30,8000,1" yaku="8,1,52,2,54,2" doraHai="8" who="3" fromWho="1" sc="250,0,250,-80,240,0,250,90" /><INIT seed="1,0,0,1,2,73" ten="250,170,240,340" oya="1" hai0="21,93,115,70,40,12,111,24,10,87,42,4,22" hai1="26,107,59,36,120,123,38,80,96,99,19,33,85" hai2="0,48,3,122,89,97,55,77,118,98,105,113,110" hai3="134,58,41,101,53,133,34,81,106,7,75,88,43"/><U35/><E59/><V62/><F118/><W30/><G7/><T60/><D115/><U92/><E107/><V6/><F122/><W52/><G30/><T130/><D111/><U79/><E35/><V108/><F113/><W68/><G34/><T76/><D130/><U72/><E72/><V44/><F77/><N who="3" m="44223" /><G68/><T17/><D70/><U8/><E99/><V14/><F62/><W11/><G11/><T28/><D60/><U25/><E38/><V112/><F112/><W50/><G88/><N who="0" m="53407" /><D76/><U131/><E36/><V64/><F64/><W23/><G23/><T49/><D49/><U94/><E94/><N who="2" m="56527" /><F6/><W129/><G129/><T29/><D29/><U54/><E131/><V1/><F14/><AGARI ba="0,0" hai="4,10,12,14,17,21,22,24,28,40,42" m="53407" machi="14" ten="30,2000,0" yaku="8,1,54,1" doraHai="73" who="0" fromWho="2" sc="250,20,170,0,240,-20,340,0" /><INIT seed="2,0,0,3,0,117" ten="270,170,220,340" oya="2" hai0="108,98,30,37,21,35,101,63,18,73,64,128,88" hai1="53,119,76,68,123,127,94,5,99,105,67,26,57" hai2="112,32,58,130,23,20,46,96,77,66,100,129,49" hai3="14,93,107,84,48,15,28,40,2,11,42,90,44"/><V1/><F112/><W87/><G107/><T116/><D37/><U92/><E119/><V13/><F1/><W45/><G28/><T27/><D116/><U25/><E127/><V70/><F70/><W17/><G2/><T47/><D73/><U110/><E110/><V113/><F32/><W114/><G114/><T65/><D108/><U122/><E68/><V86/><F113/><W131/><G131/><N who="2" m="50185" /><F13/><W41/><G45/><T56/><D128/><U120/><E67/><V55/><F77/><W103/><G103/><T0/><D0/><U12/><E76/><V78/><F78/><W38/><G38/><T50/><D64/><U33/><E105/><N who="2" m="63623" /><F86/><N who="3" m="52439" /><G15/><T109/><D109/><U36/><E36/><V125/><F125/><W62/><G62/><AGARI ba="0,0" hai="20,23,46,49,55,58,62,66" m="63623,50185" machi="62" ten="30,1500,0" yaku="19,1" doraHai="117" who="2" fromWho="3" sc="270,0,170,0,220,15,340,-15" /><INIT seed="2,1,0,2,1,49" ten="270,170,235,325" oya="2" hai0="95,77,64,61,78,58,32,96,105,2,100,63,60" hai1="104,55,114,69,110,28,43,33,53,65,66,52,108" hai2="119,79,125,123,75,99,10,82,85,107,73,109,101" hai3="19,22,116,42,48,94,93,131,97,29,4,121,45"/><V39/><F39/><W71/><G71/><T5/><D32/><U81/><E114/><V84/><F123/><W113/><G116/><T9/><D63/><U67/><E104/><V47/><F119/><W132/><G121/><T18/><D18/><U115/><E115/><V40/><F125/><W92/><G113/><T127/><D127/><U26/><E43/><V8/><F109/><N who="1" m="42089" /><E81/><V130/><F130/><W128/><G132/><T17/><D17/><U57/><E69/><V36/><REACH who="2" step="1"/><F84/><REACH who="2" ten="270,170,225,325" step="2"/><W38/><G38/><T27/><D27/><U118/><E118/><V111/><F111/><W124/><G124/><T41/><D41/><U112/><E112/><V12/><F12/><W16/><G128/><T88/><D61/><AGARI ba="1,1" hai="26,28,33,52,53,55,57,61,65,66,67" m="42089" machi="61" ten="30,8000,1" yaku="14,1,52,3,54,1" doraHai="49" who="1" fromWho="0" sc="270,-83,170,93,225,0,325,0" /><INIT seed="3,0,0,3,2,1" ten="187,263,225,325" oya="3" hai0="92,124,28,52,120,100,67,82,110,36,31,32,84" hai1="135,17,126,101,43,42,93,9,125,37,65,79,0" hai2="24,41,8,19,78,55,83,7,61,129,106,53,38" hai3="29,128,86,116,58,95,90,118,62,134,16,123,69"/><W45/><G123/><T40/><D120/><U56/><E135/><V87/><F106/><W111/><G69/><T10/><D110/><U22/><E79/><V26/><F129/><W89/><G128/><T27/><D124/><N who="1" m="47723" /><E37/><V81/><F38/><W68/><G68/><T44/><D67/><U130/><E130/><V102/><F41/><W25/><G111/><T12/><D31/><U57/><E9/><V5/><F102/><W107/><G107/><T76/><D100/><U71/><E0/><V54/><F61/><W112/><G112/><T91/><D52/><N who="2" m="13314" /><V15/><DORA hai="66" /><F83/><W4/><G45/><T105/><D105/><U63/><E43/><V114/><F114/><W33/><G134/><T47/><D40/><U35/><E35/><V131/><F131/><W2/><G2/><T6/><REACH who="0" step="1"/><D36/><REACH who="0" ten="177,263,225,325" step="2"/><U48/><E42/><V113/><F113/><W20/><G29/><T59/><D59/><U30/><E30/><V98/><F98/><AGARI ba="0,1" hai="6,10,12,27,28,32,44,47,76,82,84,91,92,98" machi="98" ten="30,7700,0" yaku="1,1,7,1,52,1,53,1" doraHai="1,66" doraHaiUra="21,18" who="0" fromWho="2" sc="177,87,263,0,225,-77,325,0" owari="264,6.4,263,-13.7,148,-35.2,325,42.5" /></mjloggm>