<mjloggm ver="2.3"><GO type="225" lobby="0"/><UN n0="%E3%81%BE%E3%81%A8%E3%81%9F" n1="%E9%81%A0%E8%BF%91%E9%99%B0%E6%99%B4%E7%9A%86%E5%85%A5%E5%BF%83" n2="%43%68%65" n3="%72%65%6E%6B%75%6E" dan="16,17,16,17" rate="2125.06,2117.98,2106.30,2231.90" sx="M,F,M,M"/><TAIKYOKU oya="0"/><INIT seed="0,0,0,0,1,67" ten="250,250,250,250" oya="0" hai0="88,11,20,0,75,42,124,77,13,59,90,104,79" hai1="128,47,65,95,64,89,36,113,31,39,106,101,112" hai2="15,45,27,119,80,55,91,26,81,94,53,22,10" hai3="29,102,107,17,123,34,1,12,52,98,108,2,126"/><T117/><D117/><U118/><E118/><V87/><F119/><W71/><G108/><T28/><D0/><U32/><E128/><V9/><F27/><W61/><G126/><T93/><D104/><U78/><E78/><V44/><F44/><W129/><G129/><T85/><D75/><U82/><E82/><N who="2" m="31851" /><F45/><W62/><G62/><T46/><D59/><U8/><E101/><V116/><F116/><W14/><G14/><T66/><D90/><U68/><E106/><V130/><F130/><W73/><G73/><T37/><D66/><U30/><E8/><N who="2" m="3179" /><F15/><W100/><G100/><T4/><REACH who="0" step="1"/><D124/><REACH who="0" ten="240,250,250,250" step="2"/><U24/><E65/><V69/><F69/><W16/><G2/><T60/><D60/><U7/><E64/><V63/><F63/><W97/><G1/><T83/><D83/><U56/><E68/><V19/><AGARI ba="0,1" hai="19,22,26,53,55,87,91,94" m="3179,31851" machi="19" ten="30,1100,0" yaku="8,1" doraHai="67" who="2" fromWho="2" sc="240,-5,250,-3,250,21,250,-3" /><INIT seed="1,0,0,0,0,24" ten="235,247,271,247" oya="1" hai0="101,40,28,37,14,109,47,96,0,102,92,2,50" hai1="111,32,82,116,126,51,3,34,21,94,17,49,18" hai2="4,35,23,39,135,43,15,128,64,80,68,22,10" hai3="41,77,115,70,81,104,25,20,106,46,74,67,132"/><U31/><E116/><V38/><F35/><W13/><G115/><T122/><D109/><U103/><E3/><V16/><F128/><W45/><G132/><T99/><D122/><U84/><E111/><V88/><F135/><W83/><G13/><T42/><D42/><U58/><E126/><V86/><F43/><W79/><G67/><T27/><D14/><U108/><E108/><V107/><F107/><W9/><G9/><T98/><D98/><N who="1" m="59863" /><E32/><V11/><F11/><W91/><G91/><T71/><D71/><U52/><E34/><V90/><F23/><W131/><G70/><T130/><D130/><U72/><E72/><V33/><F33/><W54/><G54/><T48/><D0/><U133/><E133/><V55/><F55/><W85/><G131/><T75/><D2/><U26/><E49/><V19/><F19/><W73/><G85/><T7/><D75/><U125/><E125/><V56/><F68/><W65/><G65/><T129/><D7/><U97/><E97/><V78/><F39/><W36/><REACH who="3" step="1"/><G45/><REACH who="3" ten="235,247,271,237" step="2"/><T57/><D129/><U105/><E105/><V66/><F66/><W12/><G12/><T59/><D57/><U29/><E29/><AGARI ba="0,1" hai="20,25,29,36,41,46,73,74,77,79,81,83,104,106" machi="29" ten="30,7700,0" yaku="1,1,7,1,9,1,52,1,53,0" doraHai="24" doraHaiUra="1" who="3" fromWho="1" sc="235,0,247,-77,271,0,237,87" /><INIT seed="2,0,0,1,3,45" ten="235,170,271,324" oya="2" hai0="125,41,88,15,43,80,35,44,64,49,126,75,65" hai1="81,30,135,115,117,9,101,40,22,74,0,73,53" hai2="97,91,110,130,134,56,29,17,50,121,6,20,78" hai3="132,25,31,83,109,63,107,36,52,70,55,24,113"/><V7/><F121/><W95/><G107/><T19/><D35/><U39/><E115/><V47/><F130/><W100/><G36/><T60/><D41/><U98/><E117/><V57/><F78/><W85/><G113/><T127/><D60/><U89/><E135/><V123/><F29/><W21/><G132/><T58/><D58/><N who="2" m="22634" /><F123/><W37/><G37/><T112/><D112/><U4/><E53/><N who="2" m="29919" /><F134/><W26/><G109/><T79/><REACH who="0" step="1"/><D88/><REACH who="0" ten="225,170,271,324" step="2"/><U76/><E89/><V84/><F110/><W103/><G63/><T46/><D46/><U71/><E71/><V68/><F97/><N who="3" m="59455" /><G70/><T129/><D129/><U93/><E73/><V2/><F68/><W61/><G61/><T48/><D48/><U119/><E119/><V124/><F124/><W13/><G103/><T133/><D133/><U116/><E116/><V90/><F90/><N who="3" m="51519" /><G31/><T72/><D72/><U42/><REACH who="1" step="1"/><E39/><REACH who="1" ten="225,160,271,324" step="2"/><V77/><F77/><W11/><G55/><T106/><D106/><U51/><E51/><V28/><F28/><N who="3" m="17423" /><G52/><T16/><D16/><AGARI ba="0,2" hai="11,13,16,25,26" m="17423,51519,59455" machi="16" ten="30,2000,0" yaku="8,1,54,1" doraHai="45" who="3" fromWho="0" sc="225,-20,160,0,271,0,324,40" /><INIT seed="3,0,0,0,3,14" ten="205,160,271,364" oya="3" hai0="22,78,126,117,68,109,80,99,76,130,58,88,134" hai1="73,123,103,104,131,91,57,106,50,32,114,74,107" hai2="23,60,87,49,98,94,71,48,21,125,19,113,101" hai3="111,2,66,127,7,97,3,75,55,13,28,112,69"/><W56/><G75/><T46/><D68/><U124/><E32/><V39/><F113/><W93/><G112/><T4/><D117/><U34/><E34/><V129/><F39/><W6/><G111/><T115/><D109/><U90/><E114/><V96/><F129/><W72/><G72/><T67/><D130/><U5/><E5/><V105/><F87/><W128/><G28/><T59/><D4/><U51/><E123/><V77/><F77/><W121/><G127/><T43/><D126/><U44/><E131/><V100/><F23/><W53/><G69/><T70/><D70/><U10/><E124/><V85/><F85/><W92/><G92/><T42/><D134/><U36/><E36/><V45/><F45/><W132/><G132/><T26/><D76/><U89/><E103/><V133/><F133/><W25/><G25/><T52/><D67/><U0/><E0/><V83/><F83/><W81/><G81/><T24/><D24/><U82/><E10/><V120/><F120/><W20/><G121/><T33/><D33/><U61/><E82/><V41/><F41/><W84/><G20/><T95/><D43/><U31/><E31/><V8/><F8/><W29/><G29/><T62/><D115/><U122/><E122/><V12/><F125/><W17/><G3/><T1/><D1/><U119/><E119/><V64/><AGARI ba="0,0" hai="12,19,21,48,49,60,64,71,94,96,98,100,101,105" machi="64" ten="30,2000,0" yaku="0,1,52,1" doraHai="14" who="2" fromWho="2" sc="205,-5,160,-5,271,20,364,-10" owari="200,-20.0,155,-34.5,291,9.1,354,45.4" /></mjloggm>