<mjloggm ver="2.3"><GO type="225" lobby="0"/><UN n0="%E6%B7%91%E5%A5%B3%E3%81%AE%E5%97%9C%E3%81%BF" n1="%E7%87%90%2E%2E" n2="%E5%8D%A0%E3%81%84%E5%B8%AB%E8%A3%8F%E3%81%AA%E3%81%84%E3%81%97" n3="%6E%69%63%6F%6E%74%6F" dan="16,16,17,16" rate="2102.49,2124.91,2181.65,2146.16" sx="M,F,M,M"/><TAIKYOKU oya="0"/><INIT seed="0,0,0,1,4,55" ten="250,250,250,250" oya="0" hai0="9,79,117,74,61,1,121,120,28,48,53,0,11" hai1="100,51,97,32,4,3,82,131,17,25,40,20,134" hai2="29,13,83,88,8,7,130,93,110,128,6,85,19" hai3="118,47,113,36,2,69,72,126,24,94,10,106,39"/><T124/><D117/><U37/><E37/><V111/><F29/><W125/><G113/><T71/><D124/><U15/><E134/><V77/><F6/><W103/><G118/><T133/><D133/><U92/><E131/><V50/><F50/><W84/><G72/><T96/><D28/><U45/><E3/><V114/><F7/><W56/><G69/><T99/><D79/><U101/><E82/><V70/><F70/><W127/><G24/><T98/><D74/><U21/><E32/><V108/><REACH who="2" step="1"/><F114/><REACH who="2" ten="250,250,240,250" step="2"/><W16/><G127/><T58/><D71/><U12/><E4/><V64/><F64/><W38/><G126/><T68/><D68/><U86/><E86/><AGARI ba="0,1" hai="8,13,19,77,83,85,86,88,93,108,110,111,128,130" machi="86" ten="40,5200,0" yaku="1,1,14,1,54,1,53,0" doraHai="55" doraHaiUra="115" who="2" fromWho="1" sc="250,0,250,-52,240,62,250,0" /><INIT seed="1,0,0,1,5,102" ten="250,198,302,250" oya="1" hai0="59,30,106,134,98,112,105,6,77,3,34,12,51" hai1="109,99,78,110,21,70,61,69,28,36,115,132,86" hai2="35,65,13,90,48,19,73,117,33,104,84,118,129" hai3="14,130,107,54,83,124,22,100,81,45,43,80,131"/><U119/><E115/><V42/><F73/><W44/><G124/><T5/><D112/><U76/><E119/><V15/><F65/><W29/><G54/><T72/><D3/><U32/><E32/><V114/><F114/><W56/><G56/><T63/><D134/><U37/><E99/><V89/><F84/><W25/><G14/><T1/><D1/><U62/><E21/><V133/><F48/><W103/><G45/><T94/><D51/><U46/><E46/><V7/><F19/><W116/><G116/><T120/><D120/><U68/><E28/><V9/><F9/><W41/><G41/><T17/><D30/><U123/><E86/><V97/><F97/><W55/><G55/><T2/><D34/><U79/><E132/><V47/><F47/><W0/><G0/><T49/><D49/><U24/><E24/><V92/><F92/><W38/><REACH who="3" step="1"/><G107/><REACH who="3" ten="250,198,302,240" step="2"/><T66/><D2/><U20/><E123/><V96/><F104/><W111/><G111/><N who="1" m="42506" /><E20/><V27/><F118/><W26/><G26/><T122/><D106/><U53/><E53/><V10/><F27/><W8/><G8/><N who="0" m="6279" /><D105/><U60/><AGARI ba="0,1" hai="36,37,60,61,62,68,69,70,76,78,79" m="42506" machi="60" ten="50,18000,2" yaku="29,2,28,2,14,1,10,1" doraHai="102" who="1" fromWho="1" sc="250,-60,198,190,302,-60,240,-60" /><INIT seed="1,1,0,4,4,124" ten="190,388,242,180" oya="1" hai0="20,80,5,29,108,114,120,87,55,59,65,69,113" hai1="96,17,27,47,8,51,90,85,44,52,14,109,110" hai2="83,10,35,111,126,41,81,38,66,64,26,18,45" hai3="121,86,89,97,132,118,12,95,125,49,40,78,43"/><U28/><E96/><V37/><F126/><W39/><G121/><T46/><D108/><U3/><E3/><V2/><F111/><W99/><G125/><T22/><D120/><U88/><E90/><V57/><F37/><W119/><G39/><T1/><D46/><U127/><E127/><V79/><F57/><W9/><G132/><T58/><D5/><U74/><E74/><V103/><F103/><W104/><G104/><T30/><D65/><U61/><E61/><V117/><F83/><N who="3" m="47479" /><G99/><T13/><D13/><U68/><E68/><V11/><F11/><W105/><G105/><T82/><D87/><U116/><E116/><N who="3" m="44586" /><G49/><T16/><D69/><U84/><E84/><V73/><F117/><W72/><G72/><T112/><D112/><U25/><E47/><V70/><F70/><W50/><G50/><T54/><REACH who="0" step="1"/><D1/><REACH who="0" ten="180,388,242,180" step="2"/><U130/><E110/><V67/><F2/><W91/><G91/><T23/><D23/><U21/><E109/><V24/><F35/><W129/><G129/><T48/><D48/><U75/><E75/><V63/><F63/><W98/><G98/><T60/><D60/><U106/><E130/><V62/><F62/><W32/><G32/><T102/><D102/><U101/><E101/><V4/><F4/><AGARI ba="1,1" hai="4,9,12,40,43,89,95,97" m="44586,47479" machi="4" ten="30,1000,0" yaku="12,1" doraHai="124" who="3" fromWho="2" sc="180,0,388,0,242,-13,180,23" /><INIT seed="2,0,0,4,5,5" ten="180,388,229,203" oya="2" hai0="60,0,85,74,41,76,20,118,71,30,125,109,61" hai1="35,127,50,58,65,45,75,66,47,80,68,27,96" hai2="22,88,37,119,62,116,34,123,129,56,53,21,19" hai3="12,3,31,46,59,4,113,2,14,117,72,92,99"/><V103/><F123/><W94/><G72/><T1/><D74/><U11/><E127/><V110/><F34/><W57/><G117/><T43/><D118/><U105/><E68/><V95/><F37/><W28/><G4/><T8/><D125/><U55/><E65/><V107/><F129/><W24/><G24/><T67/><D109/><U114/><E114/><V73/><F73/><W15/><G46/><T23/><D85/><U102/><E66/><V26/><F110/><W64/><G64/><T108/><D67/><U42/><E11/><V54/><F54/><W69/><G69/><T49/><D49/><U13/><E13/><V82/><F82/><W120/><G15/><T133/><D108/><U121/><E121/><V128/><F128/><W100/><G100/><T18/><D71/><U40/><E40/><V126/><F126/><W9/><G99/><T135/><D76/><U78/><E42/><V131/><F131/><W101/><G101/><T130/><D130/><U7/><E7/><V112/><F112/><W77/><G113/><T83/><D83/><U32/><E32/><V111/><F111/><W91/><G120/><T106/><D30/><U6/><E6/><V51/><F51/><W89/><G77/><T44/><D44/><U104/><E104/><V93/><F22/><W10/><AGARI ba="0,0" hai="2,3,9,10,12,14,28,31,57,59,89,91,92,94" machi="10" ten="25,8000,1" yaku="0,1,22,2,52,2" doraHai="5" who="3" fromWho="3" sc="180,-20,388,-20,229,-40,203,80" /><INIT seed="3,0,0,2,0,1" ten="160,368,189,283" oya="3" hai0="43,96,15,89,121,50,131,114,92,86,110,8,124" hai1="4,48,52,69,125,41,40,17,128,71,95,6,93" hai2="42,46,60,123,53,113,122,59,2,135,91,22,102" hai3="37,84,44,80,100,12,66,107,127,115,18,20,70"/><W111/><G115/><T75/><D121/><N who="2" m="46090" /><F135/><W24/><G127/><T11/><D124/><U94/><E17/><V30/><F113/><W63/><G111/><T32/><D114/><U132/><E125/><V103/><F2/><W31/><G107/><T134/><D110/><U45/><E128/><V133/><F133/><W5/><G100/><T67/><D75/><U9/><E132/><V106/><F106/><W81/><G37/><T27/><D134/><U23/><E23/><V57/><F91/><W51/><G84/><T78/><D131/><U16/><E71/><V65/><F22/><W76/><G76/><T79/><D67/><U58/><E69/><V83/><F83/><W77/><G77/><T29/><D96/><U10/><E41/><V25/><F25/><W72/><G72/><T117/><D8/><N who="1" m="3179" /><E16/><V28/><F28/><W118/><G118/><T62/><D62/><AGARI ba="0,0" hai="4,6,40,45,48,52,58,62,93,94,95" m="3179" machi="62" ten="30,7700,0" yaku="8,1,52,2,54,1" doraHai="1" who="1" fromWho="0" sc="160,-77,368,77,189,0,283,0" owari="83,-41.7,445,54.5,189,-21.1,283,8.3" /></mjloggm>