<mjloggm ver="2.3"><GO type="225" lobby="0"/><UN n0="%41%6F%54" n1="%E3%80%93%E3%81%97%E3%83%BC%E3%82%89%E3%80%93" n2="%E5%91%A8%E6%9D%B1" n3="%E3%82%86%E3%81%86%E3%82%8C%E3%81%84%E3%81%84%E3%81%8B" dan="16,16,17,18" rate="2081.76,2226.55,2196.09,2245.23" sx="M,M,M,M"/><TAIKYOKU oya="0"/><INIT seed="0,0,0,4,0,72" ten="250,250,250,250" oya="0" hai0="76,88,117,97,26,92,36,12,49,47,4,114,39" hai1="34,81,109,129,23,104,133,60,67,41,116,3,33" hai2="108,59,15,84,58,10,73,6,56,13,103,50,57" hai3="70,30,111,9,90,69,55,24,32,79,89,83,130"/><T122/><D114/><U107/><E116/><V100/><F73/><W2/><G111/><T44/><D117/><U112/><E3/><V7/><F108/><W14/><G2/><T27/><D122/><U8/><E109/><V121/><F121/><W46/><G130/><T95/><D47/><U96/><E129/><V85/><N who="2" m="14336" /><DORA hai="94" /><V17/><F50/><W5/><G70/><T16/><D4/><U82/><E112/><V113/><F113/><W102/><G69/><T77/><D95/><U71/><E8/><V132/><F132/><W74/><REACH who="3" step="1"/><G102/><REACH who="3" ten="250,250,250,240" step="2"/><N who="2" m="38953" /><F7/><W135/><G135/><T21/><D39/><U62/><E133/><V43/><F43/><W37/><G37/><T38/><D38/><U29/><E71/><V52/><F52/><W1/><G1/><T101/><D36/><U91/><E41/><V87/><F6/><W115/><G115/><T0/><D0/><U22/><E67/><V128/><F128/><W106/><G106/><T118/><D118/><U25/><E107/><V125/><F125/><W78/><G78/><N who="0" m="30315" /><D101/><U63/><E104/><V99/><F13/><W131/><G131/><T20/><D20/><U42/><E42/><AGARI ba="0,1" hai="12,16,21,26,27,42,44,49,88,92,97" m="30315" machi="42" ten="30,18000,2" yaku="8,1,52,4,54,2" doraHai="72,94" who="0" fromWho="1" sc="250,190,250,-180,250,0,240,0" /><INIT seed="0,1,0,2,4,106" ten="440,70,250,240" oya="0" hai0="76,121,130,40,134,86,57,108,120,128,97,131,31" hai1="88,66,109,27,113,73,59,33,64,119,100,43,85" hai2="48,101,42,16,103,10,47,90,83,1,99,20,118" hai3="41,0,89,34,102,112,44,72,63,18,87,81,127"/><T13/><D40/><U114/><E119/><V94/><F118/><W53/><G112/><T11/><D31/><N who="1" m="19711" /><E100/><V84/><F1/><W15/><G34/><T45/><D45/><U21/><E43/><V61/><F61/><W60/><G0/><T80/><D134/><U65/><E59/><V51/><F10/><W35/><G35/><T67/><D108/><U8/><E109/><V129/><F129/><W9/><G127/><T25/><D25/><U95/><E8/><V36/><REACH who="2" step="1"/><F103/><REACH who="2" ten="440,70,240,240" step="2"/><W91/><G63/><T2/><D11/><U126/><E126/><V117/><F117/><W22/><G102/><T69/><D130/><U79/><E21/><V50/><F50/><W56/><G22/><T62/><D62/><U115/><E79/><V116/><F116/><W71/><G91/><T39/><D76/><U78/><E78/><V46/><F46/><W110/><G110/><T29/><D128/><U37/><E37/><V49/><F49/><N who="3" m="28839" /><G71/><T77/><D69/><U58/><E58/><V5/><F5/><W124/><G124/><T122/><D57/><U26/><E26/><AGARI ba="1,1" hai="16,20,26,36,42,47,48,51,83,84,90,94,99,101" machi="26" ten="30,3900,0" yaku="1,1,7,1,54,1,53,0" doraHai="106" doraHaiUra="111" who="2" fromWho="1" sc="440,0,70,-42,240,52,240,0" /><INIT seed="1,0,0,4,2,113" ten="440,28,292,240" oya="1" hai0="86,85,80,48,41,31,44,35,57,74,24,14,33" hai1="126,103,40,110,62,78,10,92,75,93,66,112,99" hai2="49,37,54,12,47,25,134,101,43,132,50,109,129" hai3="76,104,70,96,11,13,84,119,59,23,83,56,2"/><U81/><E112/><V135/><F109/><W71/><G2/><T127/><D127/><U121/><E126/><V69/><F101/><W4/><G104/><T63/><D14/><U34/><E110/><V116/><F25/><W77/><G71/><T7/><D7/><U5/><E121/><V130/><F12/><W124/><G70/><T95/><D95/><U67/><E34/><V115/><F115/><W60/><G124/><T79/><D35/><U9/><E92/><V52/><F69/><W122/><G122/><T108/><D108/><U90/><E62/><V55/><REACH who="2" step="1"/><F116/><REACH who="2" ten="440,28,282,240" step="2"/><W27/><G119/><T1/><D1/><U68/><E68/><V120/><F120/><W26/><G26/><T3/><D3/><U6/><E103/><V65/><F65/><AGARI ba="0,1" hai="24,31,33,41,44,48,57,63,65,74,79,80,85,86" machi="65" ten="30,1000,0" yaku="7,1" doraHai="113" who="0" fromWho="2" sc="440,20,28,0,282,-10,240,0" /><INIT seed="2,0,0,2,3,30" ten="460,28,272,240" oya="2" hai0="69,78,70,26,55,50,107,76,117,62,40,79,85" hai1="2,20,5,94,115,72,45,132,52,56,3,84,82" hai2="91,124,104,90,128,38,92,65,131,126,133,46,125" hai3="47,32,96,119,114,28,87,103,33,68,83,127,19"/><V66/><F104/><W60/><G119/><T23/><D107/><U31/><E72/><V135/><F46/><W10/><G47/><T89/><D40/><U24/><E115/><V59/><F38/><W108/><G19/><T86/><D86/><U41/><E132/><N who="2" m="50763" /><F59/><W16/><G108/><T22/><D117/><U98/><E5/><V134/><F134/><W36/><G36/><T21/><D62/><U118/><E118/><V4/><F4/><W88/><G127/><T113/><D113/><U49/><E84/><N who="2" m="52295" /><F91/><W29/><G114/><T122/><D122/><U6/><E6/><V105/><F105/><W13/><G29/><N who="0" m="17615" /><D70/><U54/><E82/><V1/><F1/><W101/><G28/><T57/><D69/><U25/><E25/><V14/><F14/><W7/><G7/><T61/><D61/><U110/><E110/><V71/><F71/><W8/><G8/><T58/><D58/><U93/><E54/><V9/><F9/><W112/><G112/><T111/><D111/><U106/><E106/><V102/><F102/><W11/><G11/><T44/><D44/><U116/><E116/><V39/><F39/><W27/><G27/><T42/><D42/><U35/><E20/><V97/><F97/><W64/><G103/><T81/><AGARI ba="0,0" hai="22,23,50,55,57,76,78,79,81,85,89" m="17615" machi="81" ten="30,1100,0" yaku="8,1" doraHai="30" who="0" fromWho="0" sc="460,11,28,-3,272,-5,240,-3" /><INIT seed="3,0,0,1,0,50" ten="471,25,267,237" oya="3" hai0="120,75,88,34,95,25,11,21,80,20,82,0,3" hai1="49,46,64,90,106,29,40,113,66,6,129,38,22" hai2="94,89,17,91,13,77,32,28,1,26,41,2,43" hai3="101,51,100,37,74,128,36,52,131,110,109,8,48"/><W35/><G35/><T130/><D120/><U10/><E22/><V16/><F77/><W127/><G74/><T69/><D69/><U44/><E90/><V33/><F13/><W23/><G23/><T135/><D135/><U117/><E29/><V19/><F94/><W102/><G8/><T112/><D130/><N who="3" m="49705" /><G51/><T4/><D0/><N who="2" m="106" /><F28/><W93/><G93/><T114/><D34/><N who="2" m="13418" /><F26/><W57/><G127/><T96/><D20/><U105/><E10/><V111/><F111/><AGARI ba="0,0" hai="36,37,48,52,57,100,101,102,109,110,111" m="49705" machi="111" ten="40,12000,1" yaku="14,1,10,1,19,1,52,1,54,1" doraHai="50" who="3" fromWho="2" sc="471,0,25,0,267,-120,237,120" /><INIT seed="3,1,0,4,4,11" ten="471,25,147,357" oya="3" hai0="117,18,1,60,8,56,26,6,68,63,34,124,105" hai1="23,28,133,37,109,31,84,80,74,54,102,12,36" hai2="66,45,76,21,78,86,5,55,121,24,120,57,118" hai3="47,81,134,103,15,38,39,20,7,22,3,97,9"/><W59/><G134/><T30/><D117/><U69/><E69/><V130/><F118/><W126/><G126/><T106/><D124/><U61/><E74/><V101/><F130/><W113/><G113/><T116/><D116/><U132/><E109/><V75/><F75/><W89/><G59/><T112/><D112/><U41/><E102/><V88/><F5/><W127/><G127/><T17/><D17/><U85/><E61/><V110/><F45/><W52/><G3/><T73/><D73/><U71/><E71/><V77/><F66/><W0/><G0/><T44/><D44/><U50/><E23/><V29/><F110/><W40/><G39/><T99/><D99/><U125/><E125/><V83/><F101/><W19/><G7/><T72/><D72/><U107/><E50/><V98/><F98/><W42/><G42/><T27/><D68/><U43/><E80/><V33/><F33/><W131/><G131/><T122/><D60/><U35/><E35/><V119/><F119/><W90/><G90/><T62/><D63/><U123/><E54/><V51/><AGARI ba="1,0" hai="21,24,29,51,55,57,76,77,78,83,86,88,120,121" machi="51" ten="30,2000,0" yaku="0,1,54,1" doraHai="11" who="2" fromWho="2" sc="471,-6,25,-6,147,23,357,-11" owari="465,56.5,19,-48.1,170,-23.0,346,14.6" /></mjloggm>