<mjloggm ver="2.3"><GO type="225" lobby="0"/><UN n0="%6C%61%6D%62" n1="%E8%81%B7%E6%A5%AD%E3%80%81%E9%A2%A8%32" n2="%E3%81%AF%E3%82%88%E3%81%8A%E3%81%98%E3%81%95%E3%82%93" n3="%E7%B4%94%E6%BD%94%E3%83%94%E3%83%A9%E3%83%8B%E3%82%A2" dan="16,16,16,17" rate="2254.53,2171.53,2189.92,2216.01" sx="M,M,M,M"/><TAIKYOKU oya="0"/><INIT seed="0,0,0,0,1,81" ten="250,250,250,250" oya="0" hai0="68,37,84,43,131,135,109,125,107,27,0,20,59" hai1="72,108,14,6,66,64,13,1,65,92,36,133,123" hai2="76,117,75,85,21,120,116,24,71,44,47,7,18" hai3="114,113,17,97,52,53,29,91,45,101,56,122,61"/><T51/><D68/><U15/><E123/><V34/><F120/><W55/><G122/><T67/><D107/><U128/><E36/><V87/><F71/><W48/><G29/><T80/><D0/><U41/><E41/><V4/><F34/><W46/><G17/><T115/><D115/><U83/><E108/><V11/><F75/><W31/><G31/><T42/><D135/><U69/><E69/><V105/><F105/><W102/><G91/><T5/><D131/><U112/><E112/><V19/><F76/><W90/><G90/><T119/><D125/><U23/><E133/><V132/><F132/><W95/><REACH who="3" step="1"/><G101/><REACH who="3" ten="250,250,250,240" step="2"/><T3/><D109/><U118/><E128/><V9/><F21/><W98/><G98/><T63/><D119/><U86/><E23/><V40/><F24/><W49/><AGARI ba="0,1" hai="45,46,48,49,52,53,55,56,61,95,97,102,113,114" machi="49" ten="30,7900,0" yaku="1,1,0,1,9,1,54,1,53,0" doraHai="81" doraHaiUra="79" who="3" fromWho="3" sc="250,-39,250,-20,250,-20,240,89" /><INIT seed="1,0,0,3,5,126" ten="211,230,230,329" oya="1" hai0="61,131,73,103,46,79,38,56,115,75,22,45,70" hai1="98,82,54,19,4,57,28,14,32,88,43,8,89" hai2="93,99,34,97,68,18,96,135,102,87,108,85,84" hai3="105,1,130,113,5,127,62,83,107,39,92,6,67"/><U36/><E36/><V23/><F68/><W122/><G113/><T27/><D115/><U16/><E43/><V0/><F34/><W129/><G122/><T21/><D70/><U71/><E71/><V47/><F0/><W35/><G35/><T7/><D131/><N who="3" m="50185" /><G39/><T77/><D7/><N who="3" m="2569" /><G1/><T13/><D103/><U117/><E117/><V133/><F47/><W66/><G127/><T10/><D10/><U134/><E134/><N who="2" m="51211" /><F108/><W112/><G112/><T9/><D9/><U64/><E64/><N who="3" m="24618" /><G92/><T60/><D38/><U63/><E32/><V106/><F93/><W58/><G83/><T116/><D116/><U109/><E109/><V100/><F106/><W123/><G123/><T65/><D65/><AGARI ba="0,0" hai="58,62,65,105,107" m="24618,2569,50185" machi="65" ten="30,7700,0" yaku="19,1,52,3" doraHai="126" who="3" fromWho="0" sc="211,-77,230,0,230,0,329,77" /><INIT seed="2,0,0,5,5,135" ten="134,230,230,406" oya="2" hai0="34,78,127,97,107,16,109,82,58,124,2,4,100" hai1="88,7,132,9,133,20,24,52,104,35,105,28,54" hai2="53,94,0,12,10,59,56,81,39,32,87,68,118" hai3="69,76,60,116,126,14,22,15,66,96,102,23,101"/><V106/><F118/><W120/><G116/><T37/><D34/><U91/><E104/><V84/><F68/><W26/><G120/><T36/><D58/><U92/><E105/><V62/><F106/><W130/><G130/><T70/><D70/><U51/><E35/><V108/><F32/><W31/><G76/><T25/><D109/><U30/><E28/><V89/><F108/><W67/><G67/><T114/><D114/><U38/><E38/><N who="0" m="14953" /><D25/><U64/><E64/><V65/><F0/><W44/><G126/><N who="0" m="48171" /><D16/><U74/><E74/><V18/><F39/><W98/><G26/><T17/><D17/><U103/><E132/><V57/><REACH who="2" step="1"/><F65/><REACH who="2" ten="134,230,220,406" step="2"/><W21/><G66/><T113/><D113/><U75/><E133/><V19/><F19/><W112/><G69/><T61/><D61/><U72/><E30/><V99/><F99/><W134/><G98/><T46/><D2/><U122/><E122/><V128/><F128/><W42/><G31/><T80/><D4/><U111/><E7/><V1/><F1/><W27/><G60/><T73/><D80/><U47/><E92/><V71/><F71/><W43/><G134/><T13/><D46/><U41/><E47/><V131/><F131/><W77/><G44/><T63/><D63/><U79/><E111/><V33/><F33/><W3/><G3/><T117/><D117/><U45/><E45/><V95/><F95/><W49/><G112/><T115/><D115/><U86/><E51/><V40/><F40/><W123/><G43/><T11/><D11/><U129/><E9/><V85/><F85/><W29/><G42/><RYUUKYOKU ba="0,1" sc="134,15,230,-15,220,15,406,-15" hai0="13,73,78,82,97,100,107" hai2="10,12,18,53,56,57,59,62,81,84,87,89,94" /><INIT seed="2,1,1,0,3,7" ten="149,215,235,391" oya="2" hai0="27,123,132,49,45,127,112,31,106,75,3,90,38" hai1="80,54,104,72,100,98,25,20,92,122,13,18,134" hai2="60,39,15,56,50,128,9,8,81,114,118,21,99" hai3="48,86,16,78,126,5,51,77,46,94,91,55,33"/><V42/><F118/><W101/><G33/><T63/><D112/><U11/><E134/><V93/><F39/><W129/><G5/><T133/><D123/><U64/><E122/><V84/><F128/><W85/><G129/><T66/><D106/><U135/><E135/><N who="0" m="51785" /><D75/><U32/><E32/><V83/><F114/><W95/><G126/><T102/><D102/><U110/><E110/><V68/><F68/><W119/><G119/><T61/><D3/><U76/><E64/><V125/><F125/><W109/><G109/><T40/><D127/><U107/><REACH who="1" step="1"/><E54/><REACH who="1" ten="149,205,235,391" step="2"/><V4/><F42/><W36/><G55/><T113/><D113/><U67/><E67/><V111/><F111/><W121/><G121/><T1/><D1/><U69/><E69/><V24/><F50/><W0/><G48/><T65/><D65/><U88/><E88/><N who="2" m="55719" /><F60/><N who="0" m="23114" /><D66/><U79/><E79/><V70/><F70/><W37/><G51/><T57/><D90/><U115/><E115/><V28/><F56/><W23/><G91/><T14/><D57/><U53/><E53/><V87/><F83/><W22/><G78/><T105/><D49/><U131/><E131/><V59/><F59/><W10/><G77/><T117/><D117/><U47/><E47/><V96/><F81/><W108/><G46/><T130/><D130/><U97/><E97/><V73/><F96/><W74/><G108/><T35/><D105/><U12/><E12/><AGARI ba="1,2" hai="12,14,27,31,35,38,40,45" m="23114,51785" machi="12" ten="30,1000,0" yaku="20,1" doraHai="7" who="0" fromWho="1" sc="149,33,205,-13,235,0,391,0" /><INIT seed="3,0,0,1,0,67" ten="182,192,235,391" oya="3" hai0="112,99,12,78,125,20,50,119,76,38,120,90,0" hai1="73,128,15,108,102,25,109,89,19,122,58,63,79" hai2="59,33,92,71,17,68,132,5,9,127,2,72,115" hai3="60,126,10,133,118,24,29,44,83,86,46,121,62"/><W39/><G60/><T28/><D119/><U110/><E122/><V57/><F33/><W1/><G46/><T31/><D120/><U103/><E128/><V95/><F72/><W3/><G83/><T53/><D38/><U23/><E89/><V98/><F115/><W64/><G24/><N who="0" m="16391" /><D0/><U117/><E117/><V75/><F75/><W85/><G86/><T14/><D125/><U91/><E91/><V36/><F36/><W129/><G10/><T107/><D107/><U97/><E79/><N who="0" m="30249" /><D31/><N who="1" m="17855" /><E73/><V45/><F127/><W87/><G62/><T93/><D112/><U52/><E97/><V43/><F98/><W32/><G133/><T106/><D106/><U30/><E30/><V61/><F132/><W101/><G64/><T135/><D135/><U34/><E34/><V114/><F114/><W123/><G101/><T134/><D134/><U81/><E81/><V100/><F100/><W40/><G40/><T54/><D53/><U48/><E63/><V6/><F61/><W104/><G44/><AGARI ba="0,0" hai="12,14,44,50,54,90,93,99" m="30249,16391" machi="44" ten="30,1000,0" yaku="8,1" doraHai="67" who="0" fromWho="3" sc="182,10,192,0,235,0,391,-10" owari="192,-20.8,192,-30.8,235,3.5,381,48.1" /></mjloggm>