<mjloggm ver="2.3"><GO type="225" lobby="0"/><UN n0="%72%61%6B%33" n1="%E7%B4%94%E6%BD%94%E3%83%94%E3%83%A9%E3%83%8B%E3%82%A2" n2="%E6%98%93%E5%88%A9%E8%96%A9%E4%BC%AF" n3="%E3%83%B4%E3%83%A0%EF%BC%99%E3%81%A6" dan="16,16,17,17" rate="2091.72,2147.17,2179.94,2195.45" sx="M,M,F,M"/><TAIKYOKU oya="0"/><INIT seed="0,0,0,0,1,125" ten="250,250,250,250" oya="0" hai0="36,95,59,79,108,25,85,129,22,2,99,130,58" hai1="73,65,4,57,56,81,116,40,109,135,93,107,45" hai2="101,43,111,90,8,34,103,134,3,52,18,12,82" hai3="47,49,72,91,115,26,123,38,76,31,128,67,64"/><T17/><D36/><U97/><E107/><V114/><F114/><W42/><G115/><T35/><D2/><U23/><E116/><V127/><F127/><W27/><G123/><T75/><D75/><U70/><E109/><V46/><F111/><W16/><G128/><N who="0" m="49259" /><D108/><U11/><E23/><V78/><F34/><W53/><G91/><N who="0" m="55807" /><D35/><U100/><E73/><V98/><F3/><W37/><G76/><T6/><D6/><U29/><E4/><V74/><F134/><W80/><G38/><T68/><D68/><U87/><E70/><V69/><F69/><W33/><G72/><T119/><D119/><U13/><E135/><V19/><F19/><W83/><G83/><AGARI ba="0,0" hai="17,22,25,58,59,79,83,85" m="55807,49259" machi="83" ten="30,11600,0" yaku="19,1,52,3" doraHai="125" who="0" fromWho="3" sc="250,116,250,0,250,0,250,-116" /><INIT seed="0,1,0,1,0,125" ten="366,250,250,134" oya="0" hai0="31,91,36,131,18,51,89,72,39,115,2,124,32" hai1="113,104,100,58,41,92,60,76,108,126,106,95,9" hai2="29,122,5,85,110,54,62,4,79,134,74,23,128" hai3="13,118,101,35,63,84,116,61,33,98,24,48,19"/><T3/><D124/><U112/><E126/><V16/><F74/><W130/><G84/><T78/><D51/><U8/><E76/><V50/><F110/><W111/><G111/><T99/><D99/><N who="1" m="59495" /><E95/><V127/><F122/><W26/><G48/><T117/><D18/><U109/><E41/><V86/><F134/><W17/><G13/><T119/><D31/><U94/><E94/><V133/><F29/><W88/><G98/><T30/><D30/><U121/><E121/><V14/><F133/><W90/><REACH who="3" step="1"/><G101/><REACH who="3" ten="366,250,250,124" step="2"/><T43/><D72/><U34/><E109/><V22/><F86/><W1/><G1/><T80/><D2/><U6/><E108/><V107/><F85/><W37/><G37/><T11/><D3/><U20/><E113/><V49/><F49/><W120/><G120/><T66/><D36/><U21/><E112/><V135/><F50/><W28/><G28/><T12/><D39/><U40/><E40/><V67/><F14/><W53/><G53/><T42/><D12/><U75/><E75/><V103/><F54/><W44/><G44/><T7/><D42/><U10/><E34/><V81/><F103/><W25/><G25/><T82/><D32/><U57/><E6/><V15/><F15/><W45/><G45/><T105/><D7/><U87/><E87/><V38/><F4/><W47/><G47/><T69/><D115/><U46/><E46/><V65/><F5/><W64/><G64/><T93/><D43/><U73/><E73/><V97/><F127/><W132/><G132/><T129/><D66/><U68/><E8/><V27/><F135/><RYUUKYOKU ba="1,1" sc="366,-10,250,-10,250,-10,124,30" hai3="17,19,24,26,33,35,61,63,88,90,116,118,130" /><INIT seed="1,2,1,1,1,134" ten="356,240,240,154" oya="1" hai0="68,22,117,99,45,108,130,12,38,86,73,105,100" hai1="92,36,41,6,131,122,65,54,74,125,82,89,39" hai2="30,91,77,132,71,4,94,106,126,79,109,10,120" hai3="26,85,18,97,50,128,127,57,52,15,98,11,55"/><U58/><E122/><V123/><F106/><W135/><G135/><T87/><D68/><U90/><E131/><V29/><F132/><W103/><G128/><T53/><D130/><U112/><E112/><V59/><F71/><W75/><G75/><T64/><D117/><U7/><E65/><V133/><F133/><W37/><G37/><T44/><D73/><U40/><E74/><V2/><F109/><W28/><G127/><T48/><D64/><U17/><E17/><V46/><F126/><W78/><G103/><T81/><D108/><U32/><E32/><V114/><F114/><W16/><G18/><T104/><D104/><U27/><E27/><V107/><F107/><W111/><G111/><T121/><D121/><U33/><E33/><V124/><F124/><W56/><G85/><T60/><D60/><U19/><E19/><V5/><F5/><N who="1" m="1545" /><E36/><V8/><F8/><W66/><G66/><T67/><D67/><U70/><E39/><V72/><F30/><W93/><G93/><T80/><D12/><U61/><E70/><V119/><F29/><W95/><G95/><T43/><D22/><U115/><E115/><V129/><F119/><W23/><G78/><T84/><AGARI ba="2,1" hai="38,43,44,45,48,53,80,81,84,86,87,99,100,105" machi="84" ten="30,1100,0" yaku="0,1" doraHai="134" who="0" fromWho="0" sc="356,27,240,-7,240,-5,154,-5" /><INIT seed="2,0,0,5,2,40" ten="383,233,235,149" oya="2" hai0="83,115,28,102,130,82,99,22,47,90,103,107,123" hai1="5,49,85,71,129,120,132,19,12,3,94,113,1" hai2="75,84,36,97,11,87,62,67,42,41,126,26,37" hai3="17,111,98,18,34,23,70,39,92,68,125,35,121"/><V122/><F75/><W33/><G121/><T53/><D123/><U59/><E113/><V73/><F122/><W89/><G111/><T7/><D115/><U88/><E71/><V109/><F73/><W86/><G125/><T77/><D7/><U117/><E117/><V21/><F126/><W114/><G114/><T76/><D103/><U116/><E116/><V63/><F109/><W57/><G39/><T14/><D90/><U58/><E129/><V96/><F11/><W8/><G8/><T45/><D53/><U31/><E31/><V25/><F21/><W79/><G79/><T64/><D64/><AGARI ba="0,0" hai="25,26,36,37,41,42,62,63,64,67,84,87,96,97" machi="64" ten="25,2400,0" yaku="22,2" doraHai="40" who="2" fromWho="0" sc="383,-24,233,0,235,24,149,0" /><INIT seed="2,1,0,3,1,65" ten="359,233,259,149" oya="2" hai0="52,20,113,54,135,47,66,53,118,122,22,128,74" hai1="81,21,30,92,57,134,45,27,16,63,12,124,88" hai2="34,108,89,76,103,84,115,116,102,7,51,5,119" hai3="46,78,31,55,75,85,8,73,96,49,15,28,32"/><V60/><F115/><W104/><G73/><T99/><D113/><U58/><E124/><V117/><F34/><W18/><G75/><T93/><D74/><U19/><E134/><V70/><F108/><W59/><G104/><T43/><D122/><U17/><E45/><V110/><F110/><W79/><G32/><T9/><D135/><U56/><E81/><V120/><F76/><W64/><G96/><T105/><D105/><U24/><E24/><V98/><F120/><W87/><G78/><T127/><D127/><U36/><E36/><V4/><F51/><W80/><REACH who="3" step="1"/><G85/><REACH who="3" ten="359,233,259,139" step="2"/><T29/><D99/><N who="1" m="57735" /><E12/><V25/><F98/><W68/><G68/><T50/><D118/><U100/><E100/><V61/><F103/><W86/><G86/><T44/><D128/><U106/><E106/><V71/><F102/><W83/><G83/><T39/><D93/><U23/><E21/><V101/><F101/><W131/><G131/><T48/><D22/><U91/><E91/><V26/><F84/><W97/><G97/><T112/><D20/><U111/><E111/><V95/><F89/><W33/><G33/><T6/><D112/><U38/><E38/><V11/><F95/><W40/><G40/><T125/><D43/><U14/><E14/><V69/><F11/><W109/><G109/><T13/><D9/><U82/><E82/><V72/><F72/><W35/><G35/><T77/><D77/><U41/><E41/><V121/><F121/><W1/><G1/><T132/><D39/><U10/><E10/><V126/><F126/><W37/><G37/><T3/><D125/><RYUUKYOKU ba="1,1" sc="359,-30,233,10,259,10,139,10" hai1="16,17,19,23,27,30,56,57,58,63" hai2="4,5,7,25,26,60,61,69,70,71,116,117,119" hai3="8,15,18,28,31,46,49,55,59,64,79,80,87" /><INIT seed="2,2,1,5,0,78" ten="329,243,269,149" oya="2" hai0="90,76,36,97,15,99,131,125,4,29,9,46,71" hai1="12,62,87,66,0,25,75,54,114,135,21,1,134" hai2="108,104,109,100,82,132,18,3,51,8,101,31,72" hai3="10,120,20,56,112,127,13,41,93,7,115,42,65"/><V122/><F122/><W45/><G120/><T105/><D71/><U63/><E75/><V40/><F31/><W85/><G127/><T64/><D64/><U32/><E114/><V17/><F132/><N who="1" m="50729" /><E54/><V22/><F40/><W30/><G93/><T60/><D60/><N who="1" m="23083" /><E66/><V68/><F51/><W119/><G119/><T116/><D36/><U118/><E118/><V123/><F68/><W67/><G42/><T43/><D43/><U74/><E74/><V130/><F130/><W53/><G53/><T110/><D131/><U39/><E39/><V44/><F44/><W70/><G56/><T37/><D46/><U94/><E12/><N who="2" m="7303" /><F3/><W55/><G55/><T26/><D15/><U121/><E32/><V49/><F49/><W35/><G35/><T113/><D113/><U83/><E94/><V86/><F72/><W77/><G70/><T11/><D37/><U2/><E121/><V23/><F104/><W58/><G58/><T88/><D105/><U16/><E0/><V91/><F23/><W103/><G112/><T92/><D92/><U19/><E19/><V111/><F123/><W61/><G115/><T73/><D73/><U33/><E33/><V52/><F52/><W133/><G133/><T79/><D116/><U34/><E34/><V124/><F124/><W6/><G65/><T107/><D107/><U14/><E14/><AGARI ba="2,1" hai="14,18,22,82,86,91,100,101,108,109,111" m="7303" machi="14" ten="30,5800,0" yaku="14,1,10,1,52,1" doraHai="78" who="2" fromWho="1" sc="329,0,243,-64,269,74,149,0" /><INIT seed="2,3,0,2,5,16" ten="329,179,343,149" oya="2" hai0="58,14,21,114,115,76,71,134,93,25,51,120,5" hai1="116,48,118,61,23,121,105,72,12,128,112,44,80" hai2="123,46,92,132,11,77,3,45,35,24,85,117,135" hai3="62,91,95,129,43,31,17,124,49,34,0,53,66"/><V20/><F117/><W4/><G124/><T22/><D71/><U96/><E112/><V15/><F3/><W122/><G122/><T113/><D120/><U2/><E2/><V84/><F35/><W73/><G73/><T111/><D111/><U101/><E61/><V78/><F123/><W74/><G74/><T127/><D127/><U42/><E128/><V50/><F46/><W125/><G125/><T1/><D76/><U83/><E121/><V98/><F78/><W86/><G43/><T33/><D93/><U102/><E102/><V29/><F132/><W89/><G34/><T107/><D107/><U40/><E40/><V19/><F77/><W6/><G0/><T97/><D97/><U9/><E72/><V54/><REACH who="2" step="1"/><F135/><REACH who="2" ten="329,179,333,149" step="2"/><W109/><G129/><T7/><D1/><U104/><E116/><V81/><F81/><W108/><G108/><T133/><D33/><U69/><E118/><V106/><F106/><W27/><G109/><T82/><D82/><U52/><E104/><V67/><F67/><W75/><G66/><T26/><D134/><U60/><E80/><V119/><F119/><W126/><G126/><T39/><D133/><U59/><E83/><V37/><F37/><W55/><G95/><T130/><D39/><U36/><E36/><V13/><F13/><W79/><G75/><T70/><D14/><U47/><E44/><V68/><F68/><W103/><G79/><T87/><D70/><U18/><REACH who="1" step="1"/><E69/><REACH who="1" ten="329,169,333,149" step="2"/><V10/><F10/><AGARI ba="3,2" hai="9,10,12,18,23,42,47,48,52,59,60,96,101,105" machi="10" ten="40,8000,1" yaku="1,1,2,1,52,1,54,1,53,0" doraHai="16" doraHaiUra="131" who="1" fromWho="2" sc="329,0,169,109,333,-89,149,0" /><INIT seed="3,0,0,4,1,124" ten="329,278,244,149" oya="3" hai0="55,100,58,2,35,42,11,69,81,65,54,3,89" hai1="18,39,66,131,5,31,120,91,78,47,36,63,108" hai2="0,129,106,134,92,33,64,9,16,48,75,119,49" hai3="50,20,79,123,57,67,82,71,53,17,86,59,90"/><W34/><G123/><T99/><D35/><U10/><E120/><V73/><F106/><W45/><G34/><T127/><D127/><U15/><E31/><V107/><F107/><W105/><G105/><T62/><D42/><U41/><E108/><V130/><F33/><W126/><G126/><T101/><D55/><U112/><E112/><V70/><F119/><W96/><G71/><T76/><D89/><U23/><E78/><V7/><F134/><W111/><G111/><T125/><D125/><U83/><E83/><V87/><F16/><W110/><G110/><T135/><D135/><U46/><E91/><N who="2" m="53375" /><F64/><W61/><G96/><T14/><D100/><U43/><E131/><N who="2" m="50187" /><F70/><W51/><G79/><T95/><D65/><U44/><E44/><V25/><F25/><W56/><REACH who="3" step="1"/><G50/><AGARI ba="0,0" hai="0,7,9,48,49,50,73,75" m="50187,53375" machi="50" ten="30,7700,0" yaku="19,1,52,3" doraHai="124" who="2" fromWho="3" sc="329,0,278,0,244,77,149,-77" owari="329,42.9,278,-12.2,321,12.1,72,-42.8" /></mjloggm>