<mjloggm ver="2.3"><GO type="225" lobby="0"/><UN n0="%E3%81%A0%E3%81%8A" n1="%E9%A6%AC%E5%BC%95%E7%81%AB%33" n2="%E3%81%BD%E3%81%A1%E3%81%9F%E3%81%93%E3%82%84" n3="%E3%81%AF%E3%82%88%E3%81%8A%E3%81%98%E3%81%95%E3%82%93" dan="17,16,17,17" rate="2061.36,2116.95,2135.02,2140.27" sx="M,M,M,M"/><TAIKYOKU oya="0"/><INIT seed="0,0,0,5,5,67" ten="250,250,250,250" oya="0" hai0="83,38,79,121,62,44,40,11,116,32,31,77,47" hai1="104,124,6,75,123,43,58,107,2,19,7,54,102" hai2="128,30,106,98,87,45,42,48,35,22,135,132,39" hai3="115,57,112,80,78,28,111,74,119,114,0,59,131"/><T51/><D116/><U8/><E123/><V126/><F128/><W76/><G119/><T3/><D121/><U133/><E75/><V81/><F126/><W23/><G131/><T117/><D117/><U91/><E133/><N who="2" m="51275" /><F35/><W21/><G111/><T96/><D96/><U15/><E43/><V49/><F30/><W53/><G0/><T122/><D122/><U37/><E37/><V56/><F22/><W125/><G125/><T108/><D108/><U89/><E6/><V100/><F56/><W13/><G78/><AGARI ba="0,0" hai="39,42,45,48,49,78,81,87,98,100,106" m="51275" machi="78" ten="30,1000,0" yaku="20,1" doraHai="67" who="2" fromWho="3" sc="250,0,250,0,250,10,250,-10" /><INIT seed="1,0,0,2,2,77" ten="250,250,260,240" oya="1" hai0="120,2,48,80,133,8,135,24,29,130,66,65,3" hai1="94,18,21,38,14,90,39,67,5,87,23,49,134" hai2="40,72,47,113,122,104,20,62,126,60,110,91,10" hai3="92,125,32,112,119,19,46,4,53,86,128,63,30"/><U111/><E134/><N who="0" m="51209" /><D130/><U59/><E5/><V26/><F122/><W79/><G112/><T50/><D120/><U54/><E111/><V33/><F33/><W98/><G128/><T52/><D48/><U132/><E132/><V6/><F110/><W99/><G125/><T51/><D50/><U82/><E67/><N who="0" m="25609" /><D8/><U73/><E73/><V89/><F10/><W97/><G119/><T105/><D105/><U0/><E0/><V123/><F104/><W102/><G4/><T12/><D12/><U25/><REACH who="1" step="1"/><E82/><REACH who="1" ten="250,240,260,240" step="2"/><V44/><F6/><W58/><G102/><T37/><D80/><U127/><E127/><V117/><F126/><W115/><G115/><T88/><D3/><U17/><AGARI ba="0,1" hai="14,17,18,21,23,25,38,39,49,54,59,87,90,94" machi="17" ten="20,12000,1" yaku="1,1,0,1,7,1,25,2,53,0" doraHai="77" doraHaiUra="75" who="1" fromWho="1" sc="250,-40,240,130,260,-40,240,-40" /><INIT seed="1,1,0,5,4,104" ten="210,370,220,200" oya="1" hai0="44,17,76,106,8,34,67,52,0,84,114,30,77" hai1="102,11,95,46,27,92,25,100,48,93,111,50,63" hai2="13,126,64,69,132,42,23,59,97,60,75,45,4" hai3="15,70,121,55,78,61,37,108,135,31,19,6,115"/><U21/><E111/><V71/><F132/><W96/><G121/><T53/><D106/><U90/><E11/><V33/><F33/><W94/><G115/><T134/><D114/><U65/><E90/><V125/><F75/><W1/><G37/><T58/><D134/><U80/><E80/><V101/><F4/><W9/><G135/><T24/><D84/><U16/><E25/><V74/><F74/><W32/><G108/><T35/><D35/><U124/><E124/><N who="2" m="47723" /><F13/><W26/><G78/><T40/><D67/><U43/><REACH who="1" step="1"/><E50/><REACH who="1" ten="210,360,220,200" step="2"/><N who="2" m="26935" /><F23/><W127/><G127/><T5/><D8/><U99/><E99/><V38/><F38/><W57/><G1/><T112/><D0/><U131/><E131/><V22/><F22/><W29/><G32/><T117/><D34/><U36/><E36/><V2/><F2/><W28/><G26/><T54/><D24/><U91/><E91/><V18/><F18/><W86/><G19/><T122/><D17/><U66/><E66/><V73/><F97/><W105/><G96/><T10/><D112/><U89/><E89/><V133/><F133/><W62/><G31/><T118/><D10/><U119/><E119/><V129/><F129/><W79/><G29/><T107/><D118/><U128/><E128/><V88/><F88/><N who="3" m="53527" /><G28/><T41/><D30/><U83/><E83/><V123/><F64/><N who="3" m="41231" /><G79/><N who="0" m="30283" /><D117/><U51/><E51/><V85/><F123/><W20/><G20/><T7/><D122/><U103/><E103/><V81/><F101/><W14/><G14/><T110/><D110/><U98/><E98/><V120/><F120/><W49/><G49/><RYUUKYOKU ba="1,1" sc="210,-15,360,15,220,-15,200,15" hai1="16,21,27,43,46,48,63,65,92,93,95,100,102" hai3="6,9,15,55,57,62,105" /><INIT seed="1,2,1,5,1,46" ten="195,375,205,215" oya="1" hai0="109,81,71,78,38,135,48,115,35,10,119,36,112" hai1="52,8,98,123,104,106,27,133,2,95,94,51,30" hai2="92,54,33,58,124,15,4,17,134,108,103,20,26" hai3="110,93,67,55,91,100,79,68,45,87,129,43,132"/><U62/><E123/><V111/><F134/><W53/><G132/><T118/><D135/><U69/><E133/><V101/><F124/><W86/><G110/><N who="2" m="42025" /><F92/><W96/><G129/><T29/><D109/><U122/><E122/><V39/><F39/><W3/><G3/><T59/><D71/><U16/><E95/><V18/><F4/><W42/><G42/><T85/><D10/><U113/><E113/><V80/><F80/><W22/><G22/><T88/><D115/><U21/><E69/><V40/><F40/><W65/><G87/><T75/><D112/><U0/><E62/><N who="2" m="36183" /><F18/><W131/><G79/><T12/><D38/><U23/><E0/><V130/><F130/><W64/><G68/><T31/><D36/><U49/><E2/><V60/><F60/><W121/><G121/><T89/><D118/><U19/><E8/><V125/><F125/><W102/><G131/><T120/><D119/><U74/><E74/><V63/><F63/><W57/><G57/><T11/><D120/><U77/><E77/><V117/><F117/><W97/><G97/><T24/><D75/><U25/><E30/><AGARI ba="2,1" hai="15,17,20,26,30,33,101,103" m="36183,42025" machi="30" ten="30,1000,0" yaku="14,1" doraHai="46" who="2" fromWho="1" sc="195,0,375,-16,205,26,215,0" /><INIT seed="2,0,0,5,5,42" ten="195,359,231,215" oya="2" hai0="62,33,100,69,61,124,59,23,87,105,39,113,97" hai1="103,12,93,68,58,102,21,11,17,118,28,115,8" hai2="32,130,119,40,90,4,129,3,48,52,91,30,133" hai3="76,14,49,31,83,29,16,43,107,75,92,79,131"/><V10/><F119/><W82/><G107/><T106/><D33/><U41/><E115/><V110/><F133/><W120/><G120/><T135/><D113/><U67/><E68/><V64/><F64/><W47/><G131/><N who="2" m="50185" /><F40/><W50/><G50/><T57/><D39/><U74/><E74/><V2/><F110/><W34/><G92/><T111/><D124/><U44/><E118/><V13/><F30/><W15/><G15/><T123/><D87/><U122/><E122/><V108/><F32/><W94/><G94/><T51/><D106/><U18/><E28/><V63/><F63/><W70/><G70/><T7/><D61/><N who="1" m="38327" /><E11/><N who="2" m="2455" /><F3/><W0/><G0/><T20/><D69/><U60/><E60/><V53/><F53/><W19/><G19/><T55/><D62/><U80/><E80/><V45/><F108/><W117/><G34/><T127/><D111/><U65/><E65/><V66/><F66/><W104/><G104/><T38/><D105/><U27/><E93/><V88/><F90/><W5/><G5/><AGARI ba="0,0" hai="5,10,13,45,48,52,88,91" m="2455,50185" machi="5" ten="30,11600,0" yaku="19,1,52,1,54,2" doraHai="42" who="2" fromWho="3" sc="195,0,359,0,231,116,215,-116" /><INIT seed="2,1,0,2,3,14" ten="195,359,347,99" oya="2" hai0="79,107,1,86,46,47,51,26,50,64,102,125,60" hai1="28,91,118,93,114,88,122,2,35,4,100,53,89" hai2="54,106,0,7,74,109,90,65,55,130,82,45,94" hai3="34,134,8,81,40,42,126,92,97,133,59,135,95"/><V116/><F116/><W13/><G34/><T99/><D1/><U57/><E118/><V120/><F120/><W67/><G126/><T83/><D125/><U11/><E114/><V101/><F65/><W127/><G127/><T3/><D3/><U41/><E122/><V96/><F130/><W56/><G81/><T44/><REACH who="0" step="1"/><D26/><REACH who="0" ten="185,359,347,99" step="2"/><U17/><E2/><V78/><F109/><W87/><G134/><T52/><D52/><U113/><E53/><V19/><F45/><W112/><G135/><T115/><D115/><U85/><E113/><V18/><F54/><W73/><G112/><T24/><D24/><U62/><E41/><V69/><F55/><W21/><G133/><T25/><D25/><U132/><E132/><V111/><F111/><W48/><G42/><T110/><D110/><U121/><E121/><V36/><F36/><W124/><G40/><T71/><AGARI ba="1,1" hai="44,46,47,50,51,60,64,71,79,83,86,99,102,107" machi="71" ten="30,2000,0" yaku="1,1,0,1,53,0" doraHai="14" doraHaiUra="108" who="0" fromWho="0" sc="185,33,359,-6,347,-11,99,-6" /><INIT seed="3,0,0,1,0,86" ten="218,353,336,93" oya="3" hai0="71,66,99,55,40,18,42,95,68,46,82,8,30" hai1="5,62,126,29,48,90,61,85,105,11,7,77,81" hai2="51,110,74,91,10,111,2,102,56,96,83,47,109" hai3="17,120,107,49,9,114,75,123,97,89,101,50,129"/><W60/><G114/><T59/><D30/><U22/><E105/><N who="2" m="63687" /><F56/><W88/><G75/><T103/><D82/><U34/><E126/><V23/><F23/><W16/><G129/><T63/><D71/><U39/><E39/><V93/><F74/><W31/><G31/><T131/><D131/><U84/><E34/><V27/><F27/><W112/><G112/><T127/><D127/><U67/><E48/><V100/><F83/><W32/><G32/><T57/><D68/><U58/><E62/><V108/><F100/><W87/><G60/><N who="0" m="35903" /><D46/><U132/><E132/><V124/><F124/><W0/><G50/><T36/><D36/><U24/><E11/><V72/><F72/><W122/><G49/><T135/><D135/><U1/><E1/><V94/><F94/><AGARI ba="0,0" hai="5,7,22,24,29,58,61,67,77,81,84,85,90,94" machi="94" ten="30,3900,0" yaku="7,1,8,1,52,1" doraHai="86" who="1" fromWho="2" sc="218,0,353,39,336,-39,93,0" owari="218,-18.2,392,49.2,297,9.7,93,-40.7" /></mjloggm>