<mjloggm ver="2.3"><GO type="225" lobby="0"/><UN n0="%E3%82%B3%E3%83%90%E3%83%AC%E3%82%A4" n1="%E6%98%93%E5%88%A9%E8%96%A9%E4%BC%AF" n2="%70%68%65%6E%6F%6D%65" n3="%E5%A4%8F%E9%88%B4%E9%88%B4%E5%A4%8F" dan="16,17,16,16" rate="2183.53,2133.05,2131.94,2130.16" sx="M,F,M,F"/><TAIKYOKU oya="0"/><INIT seed="0,0,0,4,1,81" ten="250,250,250,250" oya="0" hai0="51,101,36,21,79,49,117,72,105,89,119,133,19" hai1="27,65,20,92,39,14,12,26,116,9,107,35,53" hai2="62,60,48,124,135,68,125,96,50,47,77,4,7" hai3="6,2,120,61,108,23,90,73,112,121,100,99,109"/><T74/><D36/><U17/><E107/><V58/><F77/><W91/><G112/><T67/><D133/><U41/><E116/><V85/><F135/><W80/><G61/><N who="2" m="23657" /><F68/><W57/><G57/><T110/><D67/><U130/><E65/><V83/><F96/><W52/><G52/><T64/><D64/><U129/><E53/><N who="2" m="32039" /><F125/><W18/><G6/><T114/><D114/><U123/><E123/><N who="3" m="47178" /><G2/><T33/><D33/><U94/><E41/><N who="2" m="24943" /><F124/><W106/><G18/><T16/><D105/><U56/><E56/><V15/><F15/><W93/><G23/><T32/><D32/><U34/><E39/><V29/><F29/><W46/><G46/><T113/><D113/><U40/><E40/><V75/><F75/><W3/><G3/><T69/><D69/><U1/><E1/><V31/><F31/><W45/><G45/><T37/><D37/><U88/><E20/><V115/><F115/><W134/><G134/><T132/><D132/><U25/><E14/><V5/><F5/><W118/><G73/><T104/><D74/><U66/><E66/><V82/><F82/><W28/><G28/><T43/><D72/><U78/><E35/><V0/><F0/><W111/><G80/><T126/><D126/><U84/><E34/><V10/><F10/><W103/><G90/><T131/><D89/><U71/><E71/><V38/><F38/><W24/><G24/><T87/><D79/><U30/><E78/><V42/><F42/><W127/><G127/><T44/><D43/><U55/><E30/><V86/><F83/><W54/><G106/><T13/><D104/><RYUUKYOKU ba="0,0" sc="250,-10,250,-10,250,30,250,-10" hai2="4,7,85,86" /><INIT seed="1,1,0,1,5,32" ten="240,240,280,240" oya="1" hai0="103,69,108,50,65,51,89,36,44,13,4,126,43" hai1="101,47,26,97,125,113,110,102,133,106,111,30,49" hai2="38,14,117,107,112,94,45,1,22,92,6,19,127" hai3="134,74,91,53,66,86,132,98,42,84,114,5,73"/><U56/><E113/><V70/><F117/><W95/><G114/><T105/><D126/><U88/><E56/><V77/><F112/><W55/><G42/><T130/><D130/><U34/><E125/><V75/><F107/><W37/><G66/><T52/><D108/><N who="1" m="41515" /><E133/><N who="3" m="51306" /><G5/><T64/><D69/><U57/><E57/><V81/><F70/><W122/><G37/><T60/><D105/><U99/><E106/><V119/><F119/><W78/><G122/><T63/><D103/><N who="1" m="39435" /><E88/><V41/><REACH who="2" step="1"/><F127/><REACH who="2" ten="240,240,270,240" step="2"/><W121/><G121/><T20/><D65/><U115/><E115/><V67/><F67/><W135/><G135/><T61/><D64/><U11/><E11/><AGARI ba="1,1" hai="1,6,11,14,19,22,38,41,45,75,77,81,92,94" machi="11" ten="40,8000,1" yaku="1,1,25,2,52,1,53,0" doraHai="32" doraHaiUra="123" who="2" fromWho="1" sc="240,0,240,-83,270,93,240,0" /><INIT seed="2,0,0,3,2,102" ten="240,157,363,240" oya="2" hai0="5,88,43,97,33,111,14,85,58,2,112,64,99" hai1="51,101,39,130,87,54,11,133,34,21,50,78,115" hai2="23,83,92,118,128,35,90,60,22,17,16,47,8" hai3="65,108,71,127,86,57,37,73,69,114,100,122,67"/><V38/><F118/><W26/><G122/><T84/><D2/><U72/><E115/><V79/><F35/><W96/><G114/><T74/><D33/><U61/><E34/><V27/><F128/><W91/><G73/><T46/><D74/><U103/><E72/><V125/><F125/><W55/><G37/><T25/><D84/><U49/><E39/><V63/><F8/><W94/><G127/><T24/><D112/><U116/><E116/><V120/><F120/><W19/><G69/><T129/><D129/><U82/><E133/><V6/><F6/><W107/><G71/><T40/><D14/><U95/><E130/><V76/><F47/><W62/><G108/><T104/><D5/><U135/><E135/><V70/><F38/><W106/><G107/><T77/><D77/><N who="2" m="29770" /><F83/><W48/><G62/><N who="0" m="37975" /><D104/><U89/><E11/><V80/><F80/><W126/><G126/><T10/><D10/><U42/><E42/><N who="0" m="15913" /><D46/><U98/><REACH who="1" step="1"/><E21/><REACH who="1" ten="240,147,363,240" step="2"/><V56/><F22/><W75/><REACH who="3" step="1"/><G75/><REACH who="3" ten="240,147,363,230" step="2"/><T134/><D134/><U15/><E15/><V0/><F0/><W59/><G59/><AGARI ba="0,2" hai="49,50,51,54,59,61,78,82,87,89,95,98,101,103" machi="59" ten="40,2600,0" yaku="1,1,8,1,53,0" doraHai="102" doraHaiUra="4" who="1" fromWho="3" sc="240,0,147,46,363,0,230,-26" /><INIT seed="3,0,0,0,5,68" ten="240,193,363,204" oya="3" hai0="0,134,99,115,22,44,92,50,43,130,3,11,121" hai1="35,69,54,83,24,12,87,27,9,58,61,133,84" hai2="62,109,33,116,80,48,41,5,72,15,70,36,103" hai3="100,7,125,13,123,90,77,97,23,131,110,37,122"/><W25/><G37/><T93/><D121/><U66/><E133/><V112/><F33/><W113/><G113/><T104/><D134/><U64/><E35/><V129/><F36/><W75/><G90/><T38/><D115/><U67/><E69/><V20/><F103/><W81/><G125/><T4/><D130/><U102/><E102/><V119/><F112/><W49/><G131/><T106/><D93/><U128/><E128/><V29/><F109/><W2/><G2/><T126/><D3/><U120/><E120/><V89/><F29/><W86/><G75/><T71/><D71/><U30/><E30/><V34/><F34/><W132/><G49/><T6/><D6/><N who="1" m="3127" /><E87/><V73/><F20/><W98/><G132/><T45/><D22/><U101/><E101/><V76/><F62/><W105/><G98/><T10/><D10/><U16/><E16/><V31/><F89/><W79/><G77/><T59/><D126/><U88/><AGARI ba="0,0" hai="24,27,54,58,61,64,66,67,83,84,88" m="3127" machi="88" ten="30,2000,0" yaku="8,1,54,1" doraHai="68" who="1" fromWho="1" sc="240,-5,193,20,363,-5,204,-10" owari="235,3.5,213,-18.7,358,45.8,194,-30.6" /></mjloggm>