<mjloggm ver="2.3"><GO type="225" lobby="0"/><UN n0="%E7%B4%94%E6%BD%94%E3%83%94%E3%83%A9%E3%83%8B%E3%82%A2" n1="%72%61%6B%33" n2="%63%61%74%6D%65%56%47%43" n3="%E5%8D%A0%E3%81%84%E5%B8%AB%E8%A3%8F%E3%81%AA%E3%81%84%E3%81%97" dan="17,16,18,17" rate="2195.56,2111.37,2260.55,2218.62" sx="M,M,M,M"/><TAIKYOKU oya="0"/><INIT seed="0,0,0,3,4,24" ten="250,250,250,250" oya="0" hai0="3,134,108,36,22,71,19,54,25,94,91,133,53" hai1="18,116,66,41,10,78,80,27,14,9,82,6,73" hai2="74,83,95,77,29,52,7,1,119,109,126,75,117" hai3="21,49,104,89,90,114,39,110,0,55,72,38,121"/><T69/><D36/><U61/><E116/><N who="2" m="44619" /><F109/><W70/><G114/><T30/><D3/><U132/><E132/><N who="0" m="50793" /><D108/><U26/><E82/><V98/><F126/><W101/><G72/><T45/><D19/><U112/><E112/><V33/><F75/><W63/><G0/><T57/><D45/><U81/><E81/><V2/><F7/><W123/><G110/><T113/><D113/><U35/><E41/><V4/><F4/><W99/><G39/><T122/><D122/><N who="3" m="46601" /><G38/><T120/><D120/><U58/><REACH who="1" step="1"/><E35/><REACH who="1" ten="250,240,250,250" step="2"/><V105/><F83/><W43/><G43/><T85/><D53/><U100/><E100/><V28/><F52/><W67/><G21/><T79/><D79/><U48/><E48/><AGARI ba="0,1" hai="22,25,30,48,54,57,69,71,85,91,94" m="50793" machi="48" ten="30,2900,0" yaku="20,1,52,1" doraHai="24" who="0" fromWho="1" sc="250,39,240,-29,250,0,250,0" /><INIT seed="0,1,0,5,2,19" ten="289,211,250,250" oya="0" hai0="9,117,63,83,93,118,65,55,1,47,104,29,91" hai1="3,7,100,30,106,132,98,66,74,43,107,88,62" hai2="2,114,52,24,25,10,59,28,105,51,130,18,95" hai3="133,82,84,44,75,94,77,64,89,58,108,134,60"/><T102/><D83/><U72/><E132/><V125/><F105/><W22/><G108/><T32/><D102/><U49/><E107/><V126/><F114/><W40/><REACH who="3" step="1"/><G22/><REACH who="3" ten="289,211,250,240" step="2"/><T61/><D32/><U70/><E74/><V48/><F126/><W119/><G119/><T46/><D117/><U80/><E72/><V41/><F125/><W103/><G103/><T5/><D118/><U92/><E100/><V127/><F127/><W12/><G12/><T101/><D101/><U67/><E106/><V81/><F24/><W26/><G26/><T23/><D104/><U110/><E110/><V122/><F25/><W33/><G33/><T31/><D23/><U56/><E3/><V15/><F2/><W50/><AGARI ba="1,1" hai="40,44,50,58,60,64,75,77,82,84,89,94,133,134" machi="50" ten="30,4000,0" yaku="1,1,0,1,53,1" doraHai="19" doraHaiUra="53" who="3" fromWho="3" sc="289,-21,211,-11,250,-11,240,53" /><INIT seed="1,0,0,4,2,120" ten="268,200,239,293" oya="1" hai0="86,33,125,114,97,34,115,18,100,61,106,44,36" hai1="53,14,82,22,103,84,21,16,12,131,109,17,58" hai2="116,119,130,49,62,59,30,88,66,38,129,135,23" hai3="94,98,32,90,19,64,81,7,95,13,87,47,70"/><U85/><E131/><N who="2" m="50187" /><F38/><W45/><G32/><T75/><D75/><U65/><E109/><V117/><F135/><W134/><G134/><T3/><D3/><U113/><E113/><V92/><F49/><W28/><G28/><T78/><D125/><U127/><E127/><V9/><F9/><W55/><G7/><T89/><D78/><U6/><E6/><V31/><F23/><W54/><G70/><T57/><D18/><U79/><E103/><V15/><F15/><W107/><G64/><T67/><D34/><U26/><E65/><V25/><F25/><W63/><G107/><T4/><D33/><U42/><E42/><V2/><F2/><W83/><G95/><T50/><D36/><U111/><E111/><V122/><F122/><W93/><G94/><T46/><D46/><N who="3" m="17417" /><G63/><T39/><D4/><U132/><E132/><V102/><F102/><N who="3" m="60751" /><G81/><T80/><REACH who="0" step="1"/><D39/><REACH who="0" ten="258,200,239,293" step="2"/><U112/><E112/><V91/><F91/><W60/><G60/><T1/><D1/><U105/><E105/><V8/><F8/><AGARI ba="0,1" hai="8,13,19,54,55,83,87,90" m="60751,17417" machi="8" ten="30,1000,0" yaku="8,1" doraHai="120" who="3" fromWho="2" sc="258,0,200,0,239,-10,293,20" /><INIT seed="2,0,0,0,0,0" ten="258,200,229,313" oya="2" hai0="121,78,71,84,31,18,122,112,118,83,20,14,21" hai1="54,100,47,73,12,27,44,63,111,23,53,67,3" hai2="87,99,51,104,13,120,22,103,127,8,131,70,6" hai3="59,43,24,58,96,55,68,40,115,133,119,123,10"/><V62/><F120/><W116/><G123/><T37/><D37/><U128/><E3/><V7/><F127/><W126/><G126/><T109/><D71/><U4/><E73/><V11/><F131/><W2/><G133/><T48/><D112/><U106/><E128/><V110/><F110/><W46/><G68/><T97/><D118/><U60/><E111/><V15/><F51/><W129/><G129/><T77/><D109/><U42/><E100/><V75/><F75/><W57/><G115/><T61/><D61/><U117/><E106/><V52/><F87/><W50/><G24/><T85/><D97/><U92/><E92/><V25/><F70/><W124/><G124/><T38/><D38/><U56/><E117/><V19/><F62/><W64/><G96/><T69/><D69/><U45/><E42/><N who="3" m="15914" /><G64/><T95/><D48/><U29/><REACH who="1" step="1"/><E60/><REACH who="1" ten="258,190,229,313" step="2"/><V102/><F102/><W132/><G2/><T34/><D95/><U89/><E89/><V114/><F114/><W94/><G94/><T79/><D121/><U41/><E41/><V88/><F52/><W1/><G119/><T39/><D39/><U30/><E30/><V66/><F88/><W9/><G116/><T28/><D122/><U16/><E16/><V105/><F66/><W5/><G132/><T130/><D130/><U26/><E26/><V113/><F113/><W80/><G80/><T17/><D83/><U93/><E93/><AGARI ba="0,1" hai="6,7,8,11,13,15,19,22,25,93,99,103,104,105" machi="93" ten="30,11600,0" yaku="7,1,9,1,52,2" doraHai="0" who="2" fromWho="1" sc="258,0,190,-116,229,126,313,0" /><INIT seed="2,1,0,4,2,66" ten="258,74,355,313" oya="2" hai0="36,11,55,84,25,105,96,24,17,116,74,118,1" hai1="132,134,71,58,94,29,113,2,62,8,52,46,79" hai2="4,85,89,102,133,21,73,54,76,15,16,56,93" hai3="32,22,119,20,111,68,28,60,121,108,9,100,101"/><V18/><F133/><N who="1" m="51305" /><E29/><V130/><F130/><W61/><G119/><N who="0" m="45611" /><D74/><U13/><E2/><V67/><F102/><N who="3" m="39531" /><G121/><T126/><D105/><U57/><E79/><V75/><F67/><N who="3" m="41063" /><G9/><T6/><D96/><U45/><E94/><V42/><F42/><W59/><G28/><T127/><D36/><U98/><E98/><V5/><F75/><W107/><G32/><T12/><D55/><N who="1" m="34111" /><E13/><N who="2" m="9359" /><F76/><W64/><G107/><T117/><N who="0" m="45619" /><T122/><DORA hai="88" /><D84/><U33/><E8/><N who="2" m="6503" /><F73/><W38/><G38/><T40/><D40/><U77/><E77/><V69/><F69/><W104/><G104/><T53/><D53/><U86/><E86/><V63/><AGARI ba="1,0" hai="4,5,54,56,63,85,89,93" m="6503,9359" machi="63" ten="30,6000,0" yaku="8,1,52,1,54,1" doraHai="66,88" who="2" fromWho="2" sc="258,-21,74,-21,355,63,313,-21" /><INIT seed="2,2,0,2,5,13" ten="237,53,418,292" oya="2" hai0="34,121,103,46,89,9,117,72,16,50,21,87,75" hai1="26,85,111,113,116,127,100,24,5,10,0,33,54" hai2="70,4,65,49,67,125,35,43,69,102,99,30,58" hai3="47,97,23,110,51,2,73,45,29,12,95,83,39"/><V76/><F125/><W98/><G2/><T48/><D121/><U91/><E113/><V53/><F4/><W59/><G110/><T96/><D34/><U7/><E116/><V81/><F35/><W28/><G39/><T1/><D117/><U41/><E111/><V17/><F30/><W31/><G73/><T115/><D115/><U40/><E127/><V80/><F43/><W124/><G83/><T101/><D1/><U92/><E7/><V37/><F37/><W61/><G124/><T38/><D38/><U94/><E54/><V32/><F32/><W107/><G107/><T131/><D9/><U60/><E60/><V55/><F70/><W82/><G82/><T6/><D6/><U20/><E33/><V134/><F69/><W132/><G132/><T118/><D131/><U104/><E104/><V88/><F55/><W27/><G12/><T71/><D71/><U112/><E26/><V109/><F134/><W66/><G97/><T18/><D96/><U74/><E74/><V79/><F17/><N who="0" m="6762" /><D21/><U126/><E126/><V135/><F135/><W25/><G25/><T129/><D129/><U3/><E3/><V86/><F109/><W14/><G14/><T108/><D108/><U68/><E68/><V128/><F128/><W120/><G120/><T130/><D130/><U122/><E122/><V8/><F8/><W42/><G45/><T62/><D118/><U84/><E112/><V52/><F79/><W64/><G64/><T57/><D75/><U93/><E20/><V78/><F76/><W133/><G133/><T36/><D72/><U119/><E119/><RYUUKYOKU ba="2,0" sc="237,-10,53,-10,418,-10,292,30" hai3="23,27,28,29,31,42,47,51,59,61,66,95,98" /><INIT seed="3,3,0,2,5,103" ten="227,43,408,322" oya="3" hai0="42,61,90,75,24,126,72,49,70,85,94,108,98" hai1="132,80,89,109,64,88,74,104,52,0,92,6,63" hai2="84,30,9,78,113,71,100,127,55,111,131,77,40" hai3="107,112,102,14,25,5,37,95,69,36,105,116,13"/><W34/><G112/><T99/><D108/><U10/><E109/><V86/><F71/><W134/><G116/><T66/><D126/><U114/><E114/><V120/><F113/><W35/><G69/><T115/><D115/><U50/><E132/><V3/><F40/><W125/><G125/><T76/><D24/><U11/><E11/><V81/><F30/><W47/><G134/><T41/><D41/><U38/><E38/><V44/><F100/><W101/><G95/><T123/><D123/><U23/><E23/><V121/><F111/><W12/><G25/><T60/><D60/><U82/><E89/><V28/><F28/><W119/><G119/><T106/><D98/><U57/><E74/><V19/><F127/><W20/><G20/><T31/><D31/><U59/><REACH who="1" step="1"/><E104/><REACH who="1" ten="227,33,408,322" step="2"/><N who="3" m="40010" /><G5/><T122/><D106/><U16/><E16/><V67/><F19/><W91/><G91/><T27/><D90/><U51/><E51/><V97/><F121/><W4/><G4/><T29/><D49/><U62/><E62/><V83/><F120/><W93/><G93/><T1/><D61/><U96/><AGARI ba="3,1" hai="0,6,10,50,52,57,59,63,64,80,82,88,92,96" machi="96" ten="20,8000,1" yaku="1,1,0,1,7,1,54,2,53,0" doraHai="103" doraHaiUra="128" who="1" fromWho="1" sc="227,-23,33,99,408,-23,322,-43" owari="204,-19.6,132,-36.8,385,48.5,279,7.9" /></mjloggm>