<mjloggm ver="2.3"><GO type="225" lobby="0"/><UN n0="%E3%81%95%E3%81%8D%E3%81%9F%E3%81%BE%E6%9E%97%E6%AA%8E" n1="%E7%9A%AE%E3%80%85" n2="%E6%B4%BE%E9%81%A3%E3%81%AE%E3%82%B8%E3%83%A3%E3%83%83%E3%82%AF" n3="%70%68%65%6E%6F%6D%65" dan="16,16,17,16" rate="2087.75,2121.69,2190.52,2153.28" sx="M,F,M,M"/><TAIKYOKU oya="0"/><INIT seed="0,0,0,3,0,87" ten="250,250,250,250" oya="0" hai0="45,37,27,18,38,50,98,17,59,133,71,42,112" hai1="34,85,72,94,77,113,14,110,73,62,23,40,76" hai2="114,47,111,64,75,49,8,129,67,119,116,46,92" hai3="86,51,81,96,122,130,103,16,56,123,120,66,134"/><T102/><D102/><U74/><E34/><V33/><F33/><W117/><G117/><T95/><D112/><U97/><E113/><V21/><F75/><W105/><G130/><T109/><D71/><U6/><E110/><V88/><F111/><W93/><G134/><T25/><D109/><U1/><E1/><V54/><F114/><W61/><G51/><T32/><D133/><U9/><E40/><V22/><F8/><W101/><G101/><T128/><D128/><U19/><E85/><N who="2" m="52239" /><F129/><W106/><REACH who="3" step="1"/><G16/><REACH who="3" ten="250,250,250,240" step="2"/><N who="0" m="6251" /><D38/><U131/><E131/><V80/><F116/><W124/><G124/><T121/><D37/><U55/><E62/><V7/><F119/><W43/><G43/><T90/><D121/><U70/><E70/><V30/><F46/><W108/><G108/><T125/><D125/><U83/><E55/><V26/><F7/><W41/><G41/><T20/><D32/><U107/><E107/><V115/><F115/><W39/><G39/><T60/><D20/><U24/><REACH who="1" step="1"/><E76/><AGARI ba="0,1" hai="56,61,66,76,81,86,93,96,103,105,106,120,122,123" machi="76" ten="40,2600,0" yaku="1,1,13,1,53,0" doraHai="87" doraHaiUra="104" who="3" fromWho="1" sc="250,0,250,-26,250,0,240,36" /><INIT seed="1,0,0,5,1,38" ten="250,224,250,276" oya="1" hai0="123,14,95,90,96,45,115,130,57,89,44,105,83" hai1="55,36,43,3,77,48,122,65,124,67,93,1,24" hai2="20,107,113,52,106,9,17,87,73,33,41,18,128" hai3="97,85,16,132,117,131,56,35,79,39,101,30,92"/><U116/><E116/><V86/><F73/><W26/><G117/><T111/><D115/><U94/><E122/><V135/><F33/><W34/><G131/><T62/><D123/><U75/><E124/><V59/><F128/><W37/><G132/><T23/><D105/><U4/><E24/><V91/><F135/><W2/><G2/><T58/><D130/><U72/><E77/><V54/><F113/><W133/><G133/><T98/><D111/><U53/><E48/><V110/><F110/><W125/><G125/><T51/><D62/><U100/><E100/><V13/><F54/><W31/><G30/><T25/><D14/><U19/><E19/><V76/><F76/><W82/><G34/><T66/><D66/><U49/><E49/><N who="2" m="31119" /><F86/><W88/><G56/><T42/><D44/><U112/><E112/><V10/><F106/><W50/><G50/><T70/><D70/><U109/><E109/><V11/><F107/><W15/><REACH who="3" step="1"/><G79/><REACH who="3" ten="250,224,250,266" step="2"/><T108/><D108/><U127/><E127/><V104/><F104/><W121/><G121/><T114/><D114/><U69/><E69/><V32/><F32/><W64/><G64/><T12/><D58/><U120/><E120/><V134/><F134/><W102/><G102/><T40/><D57/><U129/><E129/><V126/><F126/><W80/><G80/><T63/><D83/><U7/><E36/><V0/><F0/><W27/><G27/><T118/><D118/><U78/><E78/><V22/><F41/><AGARI ba="0,1" hai="1,3,4,7,41,43,53,55,65,67,72,75,93,94" machi="41" ten="25,9600,0" yaku="22,2,52,2" doraHai="38" who="1" fromWho="2" sc="250,0,224,106,250,-96,266,0" /><INIT seed="1,1,0,4,3,57" ten="250,330,154,266" oya="1" hai0="71,135,8,133,116,90,7,72,66,118,1,22,125" hai1="29,99,131,31,106,13,124,87,130,44,103,134,123" hai2="80,93,95,113,15,20,119,10,38,68,51,75,55" hai3="79,121,36,37,4,24,3,58,112,97,62,53,111"/><U76/><E123/><V120/><F120/><W101/><G112/><T84/><D125/><U105/><E124/><V17/><F119/><W43/><G121/><T54/><D72/><U74/><E134/><N who="0" m="51209" /><D54/><U67/><E106/><V122/><F68/><W108/><G79/><T32/><D32/><U89/><E67/><V126/><F122/><W50/><G24/><T91/><D22/><U110/><E110/><N who="3" m="42026" /><G4/><T73/><D73/><U115/><E115/><V94/><F38/><N who="3" m="14955" /><G3/><T109/><D109/><U26/><E44/><V77/><F126/><W82/><G82/><N who="0" m="49431" /><D91/><U85/><E85/><V5/><F113/><W34/><G34/><T12/><D1/><U46/><E46/><V128/><F128/><W60/><G43/><T64/><D71/><U132/><E132/><V127/><F127/><W25/><G25/><T9/><D9/><U81/><E13/><V19/><REACH who="2" step="1"/><F20/><REACH who="2" ten="250,330,144,266" step="2"/><W86/><G86/><T33/><D33/><U83/><REACH who="1" step="1"/><E31/><REACH who="1" ten="250,320,144,266" step="2"/><V16/><F16/><W18/><G18/><T40/><D118/><U6/><E6/><V88/><F88/><W42/><G42/><T23/><D40/><U107/><E107/><AGARI ba="1,2" hai="50,53,58,60,62,97,101,107" m="14955,42026" machi="107" ten="30,3900,0" yaku="14,1,52,2" doraHai="57" who="3" fromWho="1" sc="250,0,320,-42,144,0,266,62" /><INIT seed="2,0,0,5,2,101" ten="250,278,144,328" oya="2" hai0="126,80,39,61,82,42,117,98,66,70,30,65,53" hai1="38,9,112,57,99,19,91,72,71,104,41,40,11" hai2="14,12,44,8,107,55,84,125,13,50,88,54,6" hai3="130,109,75,122,5,31,0,83,10,49,37,116,127"/><V33/><F33/><W18/><G37/><T135/><D126/><U73/><E112/><V103/><F125/><W34/><G116/><T90/><D117/><U58/><E71/><V129/><F129/><W47/><G127/><T87/><D135/><U69/><E69/><V32/><F32/><W128/><G122/><T16/><D30/><U100/><E91/><V48/><F103/><W78/><G109/><T15/><D66/><U26/><E26/><V24/><F107/><W96/><G96/><T62/><D98/><U102/><E99/><V97/><F97/><W46/><G18/><T113/><D113/><U120/><E19/><V51/><F24/><N who="3" m="18791" /><G49/><T28/><D28/><U3/><E3/><V1/><REACH who="2" step="1"/><F44/><REACH who="2" ten="250,278,134,328" step="2"/><W43/><G47/><T118/><D118/><U67/><E120/><V119/><F119/><W25/><G130/><T133/><D133/><U108/><E108/><V2/><F2/><W74/><G128/><T134/><D134/><U45/><E45/><V27/><F27/><W79/><G25/><T76/><D15/><U17/><E104/><V35/><F35/><W52/><G43/><T22/><D42/><U56/><E40/><V60/><F60/><W95/><G46/><T93/><D62/><U21/><E41/><V59/><F59/><W20/><G0/><T123/><D61/><U64/><E58/><V36/><F36/><W85/><G75/><T86/><D39/><U131/><E38/><V111/><F111/><W23/><G74/><T121/><D121/><U89/><E131/><V7/><F7/><W106/><G5/><T4/><D123/><RYUUKYOKU ba="0,1" sc="250,-10,278,-10,134,30,328,-10" hai2="1,6,8,12,13,14,48,50,51,54,55,84,88" /><INIT seed="2,1,1,4,0,89" ten="240,268,164,318" oya="2" hai0="116,36,129,63,106,127,48,74,19,3,115,50,37" hai1="91,87,5,71,29,104,68,28,83,98,18,55,41" hai2="32,34,53,57,0,100,111,97,13,1,135,93,110" hai3="70,17,107,24,47,113,76,7,25,124,8,90,23"/><V112/><F112/><W12/><G70/><T85/><D115/><U125/><E41/><V117/><F117/><W75/><G113/><T2/><D74/><U27/><E5/><V131/><F13/><W81/><G107/><T58/><D116/><U133/><E133/><V35/><F135/><W11/><G124/><T64/><D106/><U62/><E125/><V6/><F131/><W46/><G24/><T103/><D127/><U22/><E55/><V132/><F132/><W77/><G77/><T82/><D129/><U33/><E29/><V39/><F39/><W69/><G69/><T16/><D103/><U21/><E21/><V43/><F43/><W65/><G65/><T59/><D64/><U73/><E73/><V72/><F72/><W54/><G54/><T102/><D102/><U121/><E121/><V84/><F84/><W101/><G101/><T30/><D30/><U44/><E44/><V66/><F66/><W92/><REACH who="3" step="1"/><G11/><REACH who="3" ten="240,268,164,308" step="2"/><T78/><D78/><U108/><E68/><V122/><F122/><W79/><G79/><T51/><D2/><U130/><E71/><V14/><F1/><W67/><G67/><T94/><D3/><U105/><E105/><V56/><F0/><W96/><AGARI ba="1,2" hai="7,8,12,17,23,25,46,47,75,76,81,90,92,96" machi="96" ten="20,5200,0" yaku="1,1,0,1,7,1,52,1,53,0" doraHai="89" doraHaiUra="45" who="3" fromWho="3" sc="240,-14,268,-14,164,-27,308,75" /><INIT seed="3,0,0,4,0,32" ten="226,254,137,383" oya="3" hai0="11,3,10,88,131,22,46,96,70,134,4,47,59" hai1="57,33,19,122,103,108,129,8,98,17,79,31,73" hai2="72,117,75,23,125,34,94,91,20,67,48,52,119" hai3="109,89,41,55,92,39,87,132,15,42,120,37,115"/><W66/><G115/><T69/><D131/><U49/><E122/><V110/><F34/><W118/><G66/><T18/><D134/><U97/><E129/><V2/><F67/><W45/><G55/><T29/><D29/><U43/><E108/><V123/><F110/><W62/><G62/><T60/><D11/><U12/><E73/><V54/><F123/><W90/><G109/><T130/><D130/><U6/><E79/><V65/><F65/><W116/><G120/><T93/><D70/><U68/><E68/><V105/><F105/><W21/><G132/><T124/><D69/><U126/><E126/><V35/><F35/><W14/><G21/><T127/><D124/><U26/><E98/><V85/><F125/><W56/><G56/><T28/><D28/><U114/><E114/><V38/><F38/><W9/><G90/><T13/><D127/><U40/><E40/><V64/><F64/><AGARI ba="0,0" hai="3,4,10,13,18,22,46,47,59,60,64,88,93,96" machi="64" ten="30,3900,0" yaku="7,1,52,1,54,1" doraHai="32" who="0" fromWho="2" sc="226,39,254,0,137,-39,383,0" owari="265,6.5,254,-14.6,98,-40.2,383,48.3" /></mjloggm>