<mjloggm ver="2.3"><GO type="225" lobby="0"/><UN n0="%E3%81%BD%E3%81%A1%E3%81%9F%E3%81%93%E3%82%84" n1="%E6%A1%9C%E8%8A%B1%E9%96%83%E3%80%85" n2="%E9%A6%AC%E5%BC%95%E7%81%AB%33" n3="%E5%91%A8%E6%9D%B1" dan="17,16,16,17" rate="2148.17,2137.77,2127.68,2135.62" sx="M,M,M,M"/><TAIKYOKU oya="0"/><INIT seed="0,0,0,0,0,134" ten="250,250,250,250" oya="0" hai0="27,117,34,120,85,83,105,51,81,70,79,63,57" hai1="23,62,124,77,24,78,132,96,67,90,121,45,101" hai2="52,54,116,87,59,86,84,112,8,73,21,35,44" hai3="28,18,58,76,30,118,33,4,19,5,109,36,95"/><T108/><D117/><U22/><E121/><V106/><F112/><W123/><G36/><T107/><D120/><U88/><E132/><V38/><F35/><W16/><G123/><T61/><D108/><U103/><E45/><V1/><F73/><W125/><G118/><T97/><D70/><U129/><E129/><V29/><F106/><W92/><G109/><T114/><D114/><U128/><E128/><V37/><F116/><W99/><G33/><T119/><D119/><U3/><E3/><V12/><F1/><W32/><G32/><T60/><D97/><U13/><E13/><V10/><F44/><W68/><G68/><T115/><D115/><U122/><E124/><V72/><F72/><W91/><G125/><T94/><D94/><N who="1" m="56391" /><E90/><V6/><F10/><W127/><G127/><T133/><D83/><U48/><E48/><V41/><F41/><W102/><G76/><N who="1" m="29290" /><E23/><V7/><F7/><N who="3" m="2635" /><G58/><T98/><D98/><AGARI ba="0,0" hai="16,18,19,28,30,91,92,95,98,99,102" m="2635" machi="98" ten="30,2000,0" yaku="8,1,54,1" doraHai="134" who="3" fromWho="0" sc="250,-20,250,0,250,0,250,20" /><INIT seed="1,0,0,5,3,4" ten="230,250,250,270" oya="1" hai0="86,13,92,76,125,55,84,32,98,52,101,118,87" hai1="110,112,97,117,51,6,105,53,20,1,119,57,16" hai2="66,25,109,22,103,24,78,8,23,89,123,26,82" hai3="95,36,126,67,113,75,44,69,11,80,50,46,33"/><U40/><E112/><V61/><F123/><W94/><G33/><T71/><D118/><U90/><E110/><V28/><F109/><W81/><G113/><T122/><D122/><U65/><E40/><V102/><F89/><W107/><G107/><T15/><D32/><U121/><E121/><V18/><F26/><W34/><G34/><T41/><D71/><U73/><E73/><V85/><REACH who="2" step="1"/><F8/><REACH who="2" ten="230,250,240,270" step="2"/><W59/><G11/><T106/><D125/><U132/><E90/><V21/><F21/><W37/><G126/><T88/><D76/><U48/><E119/><V62/><F62/><W2/><G81/><N who="0" m="49167" /><D106/><U99/><E117/><V74/><F74/><W108/><G75/><T10/><D41/><U124/><E105/><V31/><F31/><W14/><G80/><T17/><D15/><N who="1" m="9247" /><E124/><V68/><AGARI ba="0,1" hai="18,22,23,24,25,28,61,66,68,78,82,85,102,103" machi="68" ten="20,2700,0" yaku="1,1,0,1,7,1,53,0" doraHai="4" doraHaiUra="91" who="2" fromWho="2" sc="230,-7,250,-13,240,37,270,-7" /><INIT seed="2,0,0,1,1,81" ten="223,237,277,263" oya="2" hai0="10,29,84,116,130,75,76,123,4,92,45,32,88" hai1="71,93,49,15,37,111,61,56,132,31,41,94,67" hai2="134,112,57,113,95,22,42,48,121,114,120,47,97" hai3="106,87,103,127,126,9,60,0,52,8,74,50,79"/><V53/><F22/><W124/><G74/><T17/><D123/><U26/><E111/><V122/><F95/><W70/><G0/><T102/><D130/><U129/><E129/><V51/><F97/><N who="3" m="61807" /><G60/><T7/><D116/><U34/><E132/><AGARI ba="0,0" hai="42,47,48,51,53,57,112,113,114,120,121,122,132,134" machi="132" ten="50,9600,0" yaku="34,3" doraHai="81" who="2" fromWho="1" sc="223,0,237,-96,277,96,263,0" /><INIT seed="2,1,0,0,2,132" ten="223,141,373,263" oya="2" hai0="97,92,66,72,36,39,103,88,73,110,119,35,65" hai1="51,85,53,78,10,123,93,26,125,107,12,21,55" hai2="86,111,34,84,83,60,121,22,25,61,106,134,87" hai3="81,41,38,14,0,68,16,98,101,30,20,5,45"/><V133/><F121/><W52/><G68/><T9/><D35/><U118/><E118/><V57/><F34/><W62/><G30/><T37/><D119/><U31/><E107/><V19/><F106/><W113/><G113/><T4/><D110/><U32/><E123/><V48/><F111/><W95/><G81/><T131/><D131/><U80/><E32/><V69/><F83/><W13/><G0/><T29/><D29/><U108/><E108/><V115/><F115/><W129/><G129/><T74/><REACH who="0" step="1"/><D103/><REACH who="0" ten="213,141,373,263" step="2"/><U42/><E125/><V6/><F133/><W23/><G5/><T105/><D105/><U3/><E3/><AGARI ba="1,1" hai="3,4,9,36,37,39,65,66,72,73,74,88,92,97" machi="3" ten="50,3200,0" yaku="1,1,54,1,53,0" doraHai="132" doraHaiUra="54" who="0" fromWho="1" sc="213,45,141,-35,373,0,263,0" /><INIT seed="3,0,0,1,3,57" ten="258,106,373,263" oya="3" hai0="34,127,104,41,15,132,133,4,37,7,99,3,46" hai1="32,48,77,110,31,33,125,120,6,85,49,98,78" hai2="68,0,70,69,124,89,95,40,94,20,92,130,114" hai3="103,24,18,100,53,62,87,71,135,11,16,35,88"/><W73/><G73/><T128/><D128/><U72/><E120/><V39/><F0/><W119/><G119/><T90/><D127/><U84/><E72/><V42/><F114/><W27/><G135/><N who="0" m="51787" /><D34/><U44/><E98/><V64/><F130/><W51/><G35/><T108/><D108/><U17/><E6/><N who="0" m="2089" /><D3/><U67/><E67/><V109/><F109/><W97/><G103/><N who="0" m="62591" /><D90/><U83/><E110/><V58/><F58/><N who="3" m="35151" /><G71/><T115/><D15/><U126/><E44/><V86/><F40/><W101/><G51/><T22/><D22/><U102/><E102/><N who="3" m="39530" /><G97/><T59/><D59/><U81/><REACH who="1" step="1"/><E17/><REACH who="1" ten="258,96,373,263" step="2"/><N who="3" m="6762" /><G11/><T65/><D65/><U105/><E105/><V10/><F10/><W55/><G55/><T45/><D45/><U13/><E13/><V75/><F64/><W61/><G61/><T76/><D115/><U54/><E54/><V38/><F75/><W47/><G47/><T66/><D66/><U80/><E80/><AGARI ba="0,1" hai="24,27,80,87,88" m="6762,39530,35151" machi="80" ten="30,11600,0" yaku="8,1,52,1,54,2" doraHai="57" who="3" fromWho="1" sc="258,0,96,-116,373,0,263,126" owari="258,-14.2,-20,-52.0,373,17.3,389,48.9" /></mjloggm>