<mjloggm ver="2.3"><GO type="225" lobby="0"/><UN n0="%E9%B7%B9%E5%80%89%E6%9D%8F%E9%88%B4" n1="%E6%81%A5%E6%99%92%E3%81%97" n2="%E6%A1%9C%E8%8A%B1%E9%96%83%E3%80%85" n3="%72%65%6E%6B%75%6E" dan="16,16,16,17" rate="2143.15,2136.46,2099.44,2207.06" sx="F,M,M,M"/><TAIKYOKU oya="0"/><INIT seed="0,0,0,4,3,6" ten="250,250,250,250" oya="0" hai0="71,105,93,45,9,65,76,18,116,16,10,84,101" hai1="90,79,39,2,8,60,74,56,44,38,7,24,23" hai2="108,94,121,50,114,110,48,113,20,99,80,88,115" hai3="95,46,28,127,68,135,35,117,40,96,119,87,91"/><T104/><D116/><U103/><E103/><V86/><F20/><W17/><G68/><T89/><D76/><U31/><E90/><V106/><F48/><W133/><G127/><T11/><D45/><U111/><E111/><N who="2" m="42539" /><F50/><N who="3" m="26951" /><G17/><T30/><D30/><U120/><E120/><V57/><F57/><W130/><G130/><T52/><D52/><U134/><E134/><N who="3" m="51210" /><G96/><T75/><D75/><U29/><E44/><V1/><F1/><W14/><G14/><T0/><D0/><U51/><E51/><V32/><F32/><W98/><G98/><T128/><D128/><U5/><E31/><V125/><F125/><W82/><G82/><T70/><D70/><U12/><E7/><V83/><F121/><W78/><G78/><T122/><D122/><U36/><E2/><V102/><AGARI ba="0,0" hai="80,83,86,88,94,99,102,106,113,114,115" m="42539" machi="102" ten="40,8000,1" yaku="14,1,34,2,54,1" doraHai="6" who="2" fromWho="2" sc="250,-40,250,-20,250,80,250,-20" /><INIT seed="1,0,0,2,3,117" ten="210,230,330,230" oya="1" hai0="78,33,66,40,65,69,17,23,74,97,62,82,106" hai1="129,19,24,10,45,120,75,92,14,5,43,54,89" hai2="16,73,63,49,56,38,111,52,4,25,99,128,34" hai3="96,21,9,59,124,7,127,84,76,100,20,70,103"/><U32/><E129/><V35/><F38/><W131/><G70/><T90/><D65/><U114/><E114/><V2/><F73/><W110/><G131/><T55/><D33/><U79/><E54/><V48/><F128/><W13/><G110/><T86/><D40/><U80/><E120/><V107/><F111/><W121/><G121/><T104/><D55/><U15/><E32/><V44/><F49/><W130/><G130/><T67/><D67/><U41/><E24/><V11/><F107/><W37/><G37/><T115/><D97/><U12/><E12/><V93/><F16/><W125/><G59/><T105/><D115/><U0/><E45/><V94/><F25/><W77/><G100/><T98/><D98/><U50/><E50/><V26/><F26/><W3/><G84/><T42/><D42/><U118/><E118/><V88/><REACH who="2" step="1"/><F93/><REACH who="2" ten="210,230,320,230" step="2"/><N who="3" m="58767" /><G21/><T27/><REACH who="0" step="1"/><D106/><REACH who="0" ten="200,230,320,230" step="2"/><U101/><E43/><AGARI ba="0,2" hai="2,4,11,34,35,43,44,48,52,56,63,88,94,99" machi="43" ten="30,7700,0" yaku="1,1,7,1,54,2,53,0" doraHai="117" doraHaiUra="81" who="2" fromWho="1" sc="200,0,230,-77,320,97,230,0" /><INIT seed="2,0,0,4,1,84" ten="200,153,417,230" oya="2" hai0="83,97,25,9,113,72,88,43,82,128,61,38,60" hai1="39,81,1,59,127,17,74,21,112,13,111,134,133" hai2="57,66,29,135,64,24,124,11,130,8,75,50,106" hai3="126,54,40,45,23,131,79,95,86,132,119,116,122"/><V80/><F106/><W69/><G69/><T31/><D113/><U105/><E105/><V44/><F124/><W109/><G23/><T34/><D128/><U100/><E112/><V129/><F135/><W76/><G54/><T77/><D9/><N who="2" m="3658" /><F57/><W62/><G62/><T89/><D43/><U71/><E71/><V98/><F98/><W56/><G56/><T125/><D38/><U68/><E68/><V49/><F75/><W26/><G26/><T14/><D125/><U121/><E127/><V70/><F80/><W12/><G45/><T93/><REACH who="0" step="1"/><D14/><REACH who="0" ten="190,153,417,230" step="2"/><U115/><E115/><V32/><F129/><W15/><G126/><T2/><D2/><U27/><E1/><V96/><F130/><W114/><G15/><T0/><D0/><U91/><E39/><V92/><F24/><W65/><G12/><T20/><D20/><U10/><E121/><V117/><F32/><W4/><G131/><T99/><D99/><U85/><E111/><V110/><F96/><W16/><G122/><T123/><D123/><U28/><E74/><V102/><F110/><W78/><G109/><T118/><D118/><U94/><E100/><V5/><F102/><W51/><G114/><T18/><D18/><U48/><REACH who="1" step="1"/><E81/><REACH who="1" ten="190,143,417,230" step="2"/><V104/><F117/><W19/><G119/><T63/><D63/><U103/><E103/><V22/><F50/><W73/><G51/><T101/><D101/><U87/><E87/><AGARI ba="0,2" hai="25,31,34,60,61,72,77,82,83,87,88,89,93,97" machi="87" ten="40,8000,1" yaku="1,1,52,2,54,1,53,1" doraHai="84" doraHaiUra="90" who="0" fromWho="1" sc="190,100,143,-80,417,0,230,0" /><INIT seed="3,0,0,2,0,130" ten="290,63,417,230" oya="3" hai0="89,133,84,0,60,93,48,13,71,96,119,39,122" hai1="120,43,53,20,55,6,7,12,50,72,128,105,34" hai2="90,86,129,124,49,98,75,30,135,97,23,15,95" hai3="9,113,27,32,22,16,92,3,110,45,41,36,127"/><W40/><G113/><T68/><D122/><U1/><E105/><V10/><F135/><W104/><G104/><T107/><D39/><U52/><E72/><V78/><F129/><W8/><G127/><T70/><D0/><U108/><E128/><V51/><F75/><W14/><G110/><T112/><D119/><U29/><E108/><V5/><F124/><W38/><G3/><T117/><D117/><U11/><E120/><V123/><F123/><W79/><G79/><T67/><D112/><U47/><E7/><V83/><F97/><W82/><G82/><T106/><D48/><U57/><E57/><V66/><F66/><W26/><G92/><T28/><D28/><U44/><E43/><V4/><F4/><W59/><G59/><T134/><D13/><U31/><E31/><V56/><F56/><W121/><G121/><T17/><D17/><U2/><E2/><V114/><F114/><W125/><G125/><T131/><D131/><U74/><E74/><V64/><F64/><W24/><REACH who="3" step="1"/><G32/><REACH who="3" ten="290,63,417,220" step="2"/><T21/><D107/><U109/><E109/><V33/><F33/><W61/><G61/><T91/><D106/><U73/><E73/><V100/><F78/><W126/><G126/><T102/><D71/><U132/><E132/><N who="0" m="50793" /><D70/><U54/><N who="1" m="13312" /><DORA hai="69" /><U88/><E50/><V35/><F35/><W115/><G115/><T63/><D63/><U118/><E118/><V25/><AGARI ba="0,1" hai="5,10,15,23,25,30,49,51,83,86,90,95,98,100" machi="25" ten="30,2000,0" yaku="0,1,8,1" doraHai="130,69" who="2" fromWho="2" sc="290,-5,63,-5,417,30,220,-10" owari="285,8.5,58,-44.2,447,54.7,210,-19.0" /></mjloggm>