<mjloggm ver="2.3"><GO type="225" lobby="0"/><UN n0="%E3%81%82%E3%81%84%E3%81%82%E3%81%8A%E3%81%84" n1="%E7%B4%94%E6%BD%94%E3%83%94%E3%83%A9%E3%83%8B%E3%82%A2" n2="%E6%97%A5%E6%9B%9C%E6%97%A5%E3%82%88%E3%82%8A%E3%81%AE%E4%BD%BF%E8%80%85" n3="%E3%83%A9%E3%82%B9%E7%8E%87%EF%BC%93%E5%89%B2" dan="18,17,17,17" rate="2196.71,2182.23,2226.79,2205.10" sx="M,M,M,F"/><TAIKYOKU oya="0"/><INIT seed="0,0,0,2,3,75" ten="250,250,250,250" oya="0" hai0="125,82,97,73,106,120,41,88,64,18,118,32,35" hai1="53,58,94,65,122,110,101,31,39,68,86,3,130" hai2="71,129,23,61,79,54,40,74,67,4,66,24,56" hai3="135,13,113,117,95,62,11,131,127,0,126,63,44"/><T57/><D118/><U124/><E53/><V112/><F112/><W34/><G113/><T5/><D120/><U121/><E58/><V12/><F129/><W7/><G131/><T72/><D5/><U70/><E65/><V133/><F133/><W16/><G135/><T26/><D41/><U30/><E86/><V28/><F40/><W60/><G117/><T104/><D125/><N who="3" m="47625" /><G34/><T102/><D106/><U123/><E94/><V1/><F1/><W77/><G95/><T49/><D32/><U107/><E101/><V14/><F4/><W105/><G105/><T90/><D73/><U83/><E3/><V52/><F54/><W81/><G44/><T134/><D134/><U128/><E107/><V55/><F55/><W114/><G114/><T111/><D49/><U42/><E42/><V93/><F93/><W17/><G0/><T22/><D35/><U109/><E121/><V76/><F74/><AGARI ba="0,0" hai="7,11,13,16,17,60,62,63,74,77,81" m="47625" machi="74" ten="30,3900,0" yaku="18,1,52,1,54,1" doraHai="75" who="3" fromWho="2" sc="250,0,250,0,250,-39,250,39" /><INIT seed="1,0,0,1,3,126" ten="250,250,211,289" oya="1" hai0="122,19,34,70,20,57,27,56,48,63,131,23,22" hai1="73,91,94,44,38,53,109,78,119,4,75,28,35" hai2="25,17,134,61,81,46,129,68,59,16,9,67,74" hai3="41,47,102,103,90,21,13,89,72,76,97,107,93"/><U51/><E119/><V5/><F134/><W32/><G32/><T83/><D122/><U71/><E71/><V12/><F129/><W79/><G72/><T14/><D131/><U3/><E38/><V123/><F123/><W1/><G1/><T62/><D70/><U65/><E65/><V50/><F68/><W101/><G107/><T86/><D48/><U82/><E73/><V110/><F110/><W80/><G21/><T127/><D127/><U31/><E35/><V43/><REACH who="2" step="1"/><F25/><REACH who="2" ten="250,250,201,289" step="2"/><W116/><G116/><T95/><D27/><U0/><E109/><V84/><F84/><N who="3" m="50311" /><G13/><T30/><D14/><U125/><E125/><V85/><F85/><N who="3" m="52431" /><G47/><T92/><D86/><U24/><E24/><V117/><F117/><W128/><G128/><T133/><D133/><U115/><E0/><V2/><F2/><W49/><G97/><T60/><D57/><U26/><E26/><V130/><F130/><W42/><G49/><T55/><D30/><U58/><E58/><V11/><F11/><W10/><G10/><T66/><D56/><U106/><E3/><V7/><F7/><W88/><G42/><T98/><D22/><U121/><E4/><V113/><F113/><W104/><G41/><T112/><D23/><U99/><E115/><V8/><F8/><W118/><G118/><T135/><D20/><U132/><E132/><V108/><F108/><W54/><G54/><T77/><D55/><U111/><E111/><V52/><F52/><W45/><G45/><T36/><D112/><U64/><E121/><V18/><F18/><W114/><G114/><T124/><D135/><RYUUKYOKU ba="0,1" sc="250,-10,250,-10,201,30,289,-10" hai2="5,9,12,16,17,43,46,50,59,61,67,74,81" /><INIT seed="2,1,1,4,3,83" ten="240,240,231,279" oya="2" hai0="108,2,123,85,58,12,84,53,77,95,50,64,67" hai1="38,0,80,105,112,110,82,20,39,115,25,68,107" hai2="33,79,133,15,19,46,135,17,47,9,57,29,131" hai3="130,76,93,134,109,14,118,48,10,98,26,129,16"/><V69/><F69/><W72/><G118/><T87/><D2/><U103/><E0/><V100/><F131/><N who="3" m="50187" /><G76/><T81/><D123/><U71/><E20/><V49/><F100/><W63/><G72/><T106/><D106/><U32/><E103/><V132/><F79/><W27/><G109/><T41/><D108/><U92/><E92/><V111/><F111/><W3/><G134/><T96/><D41/><U101/><E101/><V55/><REACH who="2" step="1"/><F19/><REACH who="2" ten="240,240,221,279" step="2"/><W40/><G16/><T122/><D122/><U78/><E110/><V99/><F99/><W62/><G98/><T86/><D12/><U117/><E78/><V121/><F121/><W66/><G14/><T59/><D58/><U120/><E120/><V30/><F30/><W126/><G3/><T34/><D34/><U24/><E32/><V23/><F23/><W1/><G1/><T37/><D37/><U56/><E56/><V13/><F13/><W45/><G27/><AGARI ba="1,2" hai="9,15,17,27,29,33,46,47,49,55,57,132,133,135" machi="27" ten="40,3900,0" yaku="1,1,20,1,53,0" doraHai="83" doraHaiUra="116" who="2" fromWho="3" sc="240,0,240,0,221,62,279,-42" /><INIT seed="2,2,0,1,4,13" ten="240,240,283,237" oya="2" hai0="110,39,84,36,58,117,109,42,4,116,67,79,103" hai1="128,12,104,65,81,15,57,19,95,52,21,17,1" hai2="68,8,107,93,44,98,29,41,20,112,56,111,0" hai3="78,45,14,118,92,16,74,75,40,22,126,97,69"/><V106/><F68/><W70/><G118/><N who="0" m="45675" /><D4/><U38/><E1/><V6/><F112/><W61/><G126/><T134/><D103/><U10/><E104/><V59/><F107/><W102/><G78/><T135/><D84/><U11/><E38/><N who="0" m="14377" /><D79/><U100/><E128/><V71/><F71/><W66/><REACH who="3" step="1"/><G70/><REACH who="3" ten="240,240,283,227" step="2"/><T129/><D129/><U86/><E65/><V47/><F111/><N who="0" m="42506" /><D42/><U48/><E100/><V51/><F41/><W119/><G119/><T37/><D37/><AGARI ba="2,1" hai="14,16,22,37,40,45,61,66,69,74,75,92,97,102" machi="37" ten="30,7700,0" yaku="1,1,7,1,52,1,54,1,53,0" doraHai="13" doraHaiUra="113" who="3" fromWho="0" sc="240,-83,240,0,283,0,227,93" /><INIT seed="3,0,0,4,4,5" ten="157,240,283,320" oya="3" hai0="110,96,32,60,79,113,133,73,103,106,9,48,50" hai1="22,35,10,117,40,4,42,27,86,53,18,3,82" hai2="46,123,66,13,74,41,57,2,6,76,111,33,88" hai3="91,68,20,116,81,17,34,102,25,45,126,23,19"/><W12/><G68/><T11/><D32/><U67/><E117/><V29/><F2/><W64/><G126/><T7/><D110/><U132/><E132/><V109/><F123/><W87/><G34/><T112/><D133/><U30/><E67/><V95/><F76/><W58/><G116/><T115/><D7/><U51/><E82/><V54/><F74/><W8/><G102/><T125/><D125/><U14/><REACH who="1" step="1"/><E86/><REACH who="1" ten="157,230,283,320" step="2"/><V71/><F66/><W134/><G134/><T119/><D119/><U61/><E61/><V93/><F71/><W131/><G64/><T37/><D37/><U39/><E39/><V63/><F111/><W100/><G81/><N who="0" m="45295" /><D60/><U98/><E98/><V89/><F109/><W38/><G87/><T59/><D59/><AGARI ba="0,1" hai="3,4,10,14,18,22,27,30,35,40,42,51,53,59" machi="59" ten="30,12000,2" yaku="1,1,7,1,24,2,52,1,53,1" doraHai="5" doraHaiUra="55" who="1" fromWho="0" sc="157,-120,230,130,283,0,320,0" owari="37,-46.3,360,46.0,283,-11.7,320,12.0" /></mjloggm>