<mjloggm ver="2.3"><GO type="225" lobby="0"/><UN n0="%70%6F%69%73%6F%6E%30%32" n1="%E7%89%B9%E6%9D%B1%E5%96%B0%E8%B5%A4%E9%80%9F" n2="%E3%81%8B%E3%82%8F%E3%81%A1%E3%82%83%E3%82%93%35%38" n3="%E3%81%90%E3%81%A1%E3%82%84%E3%81%BE" dan="16,16,16,16" rate="2139.55,2011.93,2165.71,2111.39" sx="M,M,M,M"/><TAIKYOKU oya="0"/><INIT seed="0,0,0,5,5,106" ten="250,250,250,250" oya="0" hai0="30,9,58,96,110,29,45,7,64,131,43,27,116" hai1="70,72,55,97,33,79,104,132,49,3,60,56,85" hai2="100,86,124,112,89,134,32,121,35,101,109,11,36" hai3="38,46,81,40,83,52,19,15,37,118,68,107,20"/><T4/><D116/><U78/><E3/><V98/><F36/><W130/><G118/><T24/><D131/><U51/><E132/><V63/><F112/><W87/><G130/><T77/><D110/><U6/><E6/><V31/><F121/><W14/><G107/><T53/><D64/><U5/><E5/><V2/><F2/><W99/><G68/><T17/><D77/><U103/><E33/><V57/><F11/><W126/><G126/><T127/><D17/><U92/><E78/><V129/><F129/><W1/><G1/><T67/><D67/><U62/><E60/><V80/><F124/><W93/><G38/><T28/><D127/><U84/><E70/><V66/><F109/><W41/><G14/><T0/><D96/><U18/><E18/><V54/><F134/><W65/><G65/><T123/><D7/><U122/><E84/><V12/><F12/><W74/><G74/><T76/><D76/><U91/><REACH who="1" step="1"/><E122/><REACH who="1" ten="250,240,250,250" step="2"/><V75/><F75/><W105/><G87/><T22/><D123/><U88/><E88/><N who="2" m="51271" /><F32/><W39/><G19/><T82/><D0/><U16/><E16/><V44/><F35/><W95/><G20/><T23/><D4/><U10/><E10/><V69/><F69/><W21/><G21/><T73/><D9/><U59/><E59/><V133/><F133/><W90/><G15/><T117/><D73/><U94/><E94/><N who="2" m="56655" /><F31/><W135/><G135/><T26/><D117/><U125/><E125/><V108/><F108/><W34/><G34/><T115/><D30/><U61/><E61/><V47/><F66/><W42/><G105/><RYUUKYOKU ba="0,1" sc="250,-15,240,15,250,15,250,-15" hai1="49,51,55,56,62,72,79,85,91,92,97,103,104" hai2="44,47,54,57,63,100,101" /><INIT seed="1,1,1,2,5,85" ten="235,255,265,235" oya="1" hai0="26,84,80,105,5,88,44,17,130,37,108,46,78" hai1="104,106,48,68,10,124,94,12,45,87,52,49,9" hai2="31,50,92,13,74,97,32,38,112,100,40,126,51" hai3="111,127,39,73,34,77,125,54,11,27,47,110,115"/><U70/><E124/><N who="3" m="47690" /><G73/><T2/><D108/><N who="3" m="41513" /><G77/><T90/><D105/><U29/><E29/><V8/><F126/><W25/><G39/><T65/><D130/><U59/><E104/><V33/><F74/><W15/><G47/><T35/><D65/><U118/><E106/><V129/><F129/><W7/><G54/><T67/><D67/><U123/><E118/><V63/><F112/><W132/><G115/><T76/><D76/><U93/><E123/><V3/><F38/><W128/><G128/><T41/><D46/><U14/><E68/><V82/><F40/><W83/><G83/><T114/><D114/><U62/><E70/><V60/><F82/><W101/><G101/><T21/><REACH who="0" step="1"/><D35/><REACH who="0" ten="225,255,265,235" step="2"/><U117/><E117/><V16/><F32/><W6/><G132/><T61/><D61/><U81/><E62/><V22/><F63/><W121/><G121/><T79/><D79/><N who="1" m="46527" /><E45/><V23/><F60/><W95/><G34/><T98/><D98/><U18/><E49/><V20/><F51/><W134/><G134/><T102/><D102/><U86/><E86/><V75/><F50/><W58/><G58/><T0/><D0/><U57/><E59/><V66/><F66/><W119/><G119/><T64/><D64/><U89/><E89/><V96/><F75/><W71/><G71/><T43/><D43/><U103/><E103/><N who="2" m="60807" /><F3/><N who="3" m="479" /><G95/><T1/><D1/><U120/><E120/><V72/><F72/><W109/><G109/><T53/><D53/><U91/><E91/><V42/><F42/><W122/><G122/><T116/><D116/><U4/><AGARI ba="1,2" hai="4,9,10,12,14,18,48,52,57,93,94" m="46527" machi="4" ten="30,3000,0" yaku="8,1,54,1" doraHai="85" who="1" fromWho="1" sc="225,-11,255,53,265,-11,235,-11" /><INIT seed="1,2,0,3,3,121" ten="214,308,254,224" oya="1" hai0="19,57,135,117,32,0,42,66,27,74,12,110,53" hai1="40,39,108,71,109,100,129,127,133,16,17,79,88" hai2="2,78,125,11,44,112,54,29,31,131,132,98,59" hai3="22,61,90,80,70,18,64,73,36,118,76,1,37"/><U50/><E129/><V63/><F131/><W9/><G118/><T25/><D0/><U96/><E71/><V114/><F132/><W67/><G67/><T103/><D117/><U26/><E133/><V55/><F125/><W89/><G1/><T4/><D74/><U49/><E79/><V6/><F78/><W122/><G122/><T128/><D4/><U34/><E39/><V94/><F44/><W65/><G65/><T20/><D135/><U134/><E88/><N who="2" m="55623" /><F55/><W24/><G90/><T83/><D42/><U47/><E49/><V113/><AGARI ba="2,0" hai="2,6,11,29,31,54,59,63,112,113,114" m="55623" machi="113" ten="30,2000,0" yaku="11,1,54,1" doraHai="121" who="2" fromWho="2" sc="214,-7,308,-12,254,26,224,-7" /><INIT seed="2,0,0,1,5,9" ten="207,296,280,217" oya="2" hai0="48,89,81,108,38,131,30,72,97,73,122,66,65" hai1="109,93,37,101,95,88,35,24,14,63,7,0,51" hai2="110,60,61,55,103,11,120,106,111,69,26,12,33" hai3="114,18,3,90,124,6,92,44,82,16,121,34,80"/><V49/><F120/><W46/><G121/><T112/><D122/><U42/><E109/><N who="2" m="41483" /><F69/><W59/><G34/><T74/><D38/><U1/><E37/><V117/><F117/><W132/><G3/><T126/><D112/><U41/><E63/><V10/><F10/><W31/><G114/><T58/><D108/><U68/><E68/><V75/><F75/><W125/><G31/><T135/><D135/><U127/><E127/><N who="3" m="48714" /><G6/><T27/><D131/><U20/><E35/><V98/><F26/><W4/><G4/><T85/><D97/><N who="1" m="59567" /><E51/><V43/><F43/><W64/><G132/><T50/><D126/><U21/><E0/><V29/><F29/><W13/><G59/><T5/><D5/><U19/><E1/><V86/><F86/><N who="3" m="52311" /><G64/><T2/><D2/><U47/><E7/><N who="2" m="3199" /><F33/><W22/><G18/><T115/><D115/><U113/><E113/><V118/><F118/><W79/><G82/><T57/><D66/><U36/><E41/><V45/><AGARI ba="0,0" hai="45,49,55,60,61,98,103,106" m="3199,41483" machi="45" ten="30,6000,0" yaku="14,1,10,1,52,1" doraHai="9" who="2" fromWho="2" sc="207,-20,296,-20,280,60,217,-20" /><INIT seed="2,1,0,2,4,101" ten="187,276,340,197" oya="2" hai0="31,66,98,118,49,29,56,2,103,99,54,45,5" hai1="17,88,74,44,23,128,16,110,63,68,83,53,130" hai2="100,127,72,77,129,32,10,105,15,35,94,39,13" hai3="19,91,131,62,47,27,20,24,37,61,125,80,0"/><V46/><F94/><W6/><G125/><T30/><D118/><U18/><E110/><V104/><F100/><W90/><G131/><N who="1" m="50218" /><E74/><V123/><F129/><W79/><G27/><T8/><D98/><U43/><E68/><V50/><F39/><W87/><G0/><T134/><D134/><U28/><E63/><N who="3" m="24074" /><G37/><T3/><D66/><U121/><E28/><V25/><F123/><W11/><G47/><T92/><REACH who="0" step="1"/><D2/><REACH who="0" ten="177,276,340,197" step="2"/><U55/><E121/><V33/><F127/><W84/><G84/><T64/><D64/><U97/><E97/><V102/><F72/><W82/><G82/><T26/><D26/><U76/><E83/><V135/><F25/><W116/><G116/><T114/><D114/><U86/><E55/><V73/><F135/><W70/><G70/><T38/><D38/><U52/><E52/><V14/><F73/><W78/><G78/><T115/><D115/><U75/><E53/><V69/><F69/><W9/><G6/><T57/><AGARI ba="1,1" hai="3,5,8,29,30,31,45,49,54,56,57,92,99,103" machi="57" ten="30,4000,0" yaku="1,1,0,1,53,1" doraHai="101" doraHaiUra="51" who="0" fromWho="0" sc="177,53,276,-11,340,-21,197,-11" /><INIT seed="3,0,0,4,5,8" ten="230,265,319,186" oya="3" hai0="32,38,11,104,31,118,67,23,88,41,115,120,134" hai1="53,59,51,92,48,28,2,16,14,123,65,112,81" hai2="3,36,82,64,60,20,17,47,116,26,132,126,71" hai3="124,98,111,74,85,0,75,99,63,83,52,130,129"/><W27/><G0/><T90/><D118/><U86/><E2/><V84/><F3/><W5/><G5/><T114/><D104/><U40/><E112/><N who="0" m="43049" /><D120/><U19/><E123/><V24/><F116/><W80/><G27/><N who="0" m="18559" /><D67/><U119/><E65/><V22/><F126/><W46/><G124/><T70/><D70/><U7/><E28/><V87/><F132/><W79/><G111/><T89/><D134/><U9/><E92/><V107/><F107/><W76/><G46/><N who="0" m="23863" /><D11/><U44/><E119/><V108/><F108/><W125/><G125/><T113/><N who="0" m="43057" /><T1/><DORA hai="56" /><D1/><U33/><E33/><V10/><F10/><W101/><G75/><T61/><D23/><U35/><E35/><V78/><F22/><W25/><G25/><T102/><D102/><U42/><E40/><V110/><F24/><W13/><G13/><T39/><D61/><U57/><E57/><V97/><F110/><W117/><G117/><T109/><D109/><U12/><E14/><V105/><F47/><W49/><G63/><T127/><D127/><U21/><E21/><V37/><F37/><AGARI ba="0,0" hai="37,39,88,89,90" m="23863,18559,43057" machi="37" ten="50,3200,0" yaku="11,1,54,1" doraHai="8,56" who="0" fromWho="2" sc="230,32,265,0,319,-32,186,0" /><INIT seed="4,0,0,4,1,91" ten="262,265,287,186" oya="0" hai0="101,23,44,72,50,97,49,52,132,41,107,83,133" hai1="135,85,1,13,26,62,99,61,34,51,134,131,37" hai2="112,121,93,127,80,100,129,114,126,94,116,115,60" hai3="78,39,0,88,102,119,56,122,65,125,58,89,79"/><T7/><D7/><U11/><E37/><V105/><F129/><W33/><G119/><T35/><D35/><U124/><E1/><V68/><F121/><W111/><G111/><T70/><D70/><U95/><E85/><V108/><F108/><W109/><G109/><T117/><D117/><U31/><E51/><V98/><F116/><W19/><G33/><T53/><D23/><U9/><E124/><N who="2" m="47659" /><F80/><W32/><G125/><T8/><D8/><U5/><E11/><V24/><F24/><W6/><G32/><T28/><D28/><U64/><E131/><V43/><F43/><W110/><G110/><T36/><D36/><U4/><E4/><V67/><AGARI ba="0,0" hai="60,67,68,93,94,98,100,105,112,114,115" m="47659" machi="67" ten="40,8000,1" yaku="15,1,18,1,52,2" doraHai="91" who="2" fromWho="2" sc="262,-40,265,-20,287,80,186,-20" owari="222,-17.8,245,4.5,367,46.7,166,-33.4" /></mjloggm>