<mjloggm ver="2.3"><GO type="225" lobby="0"/><UN n0="%E3%83%96%E3%83%83%E3%83%91%E3%82%AA%E3%83%96%E3%83%81%E3%82%AD%E3%83%B3" n1="%E3%82%A4%E3%83%BC%E3%82%B1%E3%83%97%E3%83%A9" n2="%E3%83%B4%E3%83%A0%EF%BC%99%E3%81%A6" n3="%E6%A0%B9%E5%85%83%E3%81%8B%E3%82%89%E5%90%B9%E3%81%A3%E9%A3%9B%E3%81%B6" dan="16,16,16,16" rate="2139.26,2132.77,2172.18,2150.68" sx="M,M,M,F"/><TAIKYOKU oya="0"/><INIT seed="0,0,0,0,2,82" ten="250,250,250,250" oya="0" hai0="35,111,103,2,91,57,36,97,32,59,21,79,92" hai1="43,80,20,34,48,102,90,67,113,76,88,134,0" hai2="118,119,26,133,70,75,7,17,132,37,5,52,77" hai3="58,10,49,64,74,73,115,62,120,110,104,130,96"/><T123/><D123/><U56/><E34/><V1/><F70/><W98/><G115/><T41/><D2/><U89/><E0/><V68/><F68/><W30/><G110/><T107/><D111/><U94/><E134/><N who="2" m="51819" /><F37/><W18/><G120/><T126/><D126/><U54/><E113/><V85/><F75/><W14/><G130/><T25/><D79/><U46/><E67/><V66/><F66/><W121/><G121/><T28/><D36/><U44/><E20/><N who="2" m="13583" /><F52/><N who="3" m="32015" /><G30/><T135/><D41/><U109/><E109/><V45/><F45/><W65/><G104/><T95/><D135/><U22/><E22/><V108/><F108/><W51/><G74/><T63/><D107/><U83/><E76/><V3/><F1/><W61/><G51/><T16/><D57/><U19/><E19/><V131/><F131/><W81/><G73/><T8/><D8/><U15/><E15/><V87/><F77/><W23/><G10/><T33/><D28/><U6/><E6/><N who="2" m="2059" /><F3/><W4/><G4/><T86/><REACH who="0" step="1"/><D33/><REACH who="0" ten="240,250,250,250" step="2"/><U93/><E46/><V124/><F124/><W29/><G29/><T112/><D112/><U38/><REACH who="1" step="1"/><E102/><REACH who="1" ten="240,240,250,250" step="2"/><V106/><F106/><W125/><G125/><T128/><D128/><U24/><E24/><V72/><F72/><W117/><G64/><AGARI ba="0,2" hai="16,21,25,32,35,59,63,64,86,91,92,95,97,103" machi="64" ten="30,11600,0" yaku="1,1,7,1,52,1,54,1,53,0" doraHai="82" doraHaiUra="101" who="0" fromWho="3" sc="240,136,240,0,250,0,250,-116" /><INIT seed="0,1,0,2,3,128" ten="376,240,250,134" oya="0" hai0="3,37,59,2,130,63,6,121,16,110,111,113,9" hai1="56,132,85,81,95,99,28,0,82,118,34,78,92" hai2="74,32,43,90,69,5,22,133,120,134,125,84,51" hai3="54,66,33,83,104,97,122,7,27,102,124,135,26"/><T41/><D113/><U100/><E0/><V39/><F120/><W89/><G124/><T94/><D121/><U73/><E28/><V72/><F32/><W79/><G122/><T30/><D130/><U61/><E34/><V4/><F39/><W115/><G115/><T105/><D105/><U80/><E118/><V60/><F22/><W19/><G66/><T23/><D30/><U44/><E44/><N who="2" m="26015" /><F125/><W106/><G7/><N who="2" m="2633" /><F69/><W46/><G106/><T127/><D3/><U75/><E132/><N who="2" m="50795" /><F60/><W36/><G135/><T77/><D127/><U107/><E56/><V131/><F131/><W91/><G36/><T42/><D37/><U12/><E61/><V86/><F86/><W126/><G33/><T1/><D1/><U58/><E58/><V62/><F62/><W67/><G126/><T49/><D63/><U47/><E47/><V31/><F31/><W64/><G67/><T76/><D59/><U15/><E15/><V38/><F38/><W10/><G64/><T87/><D49/><U114/><E12/><V35/><F35/><W14/><G26/><T117/><D2/><U24/><E24/><V18/><F18/><W108/><G27/><T11/><D16/><U119/><E114/><V20/><F20/><W71/><G71/><T101/><D23/><U57/><E57/><V53/><F53/><W52/><G108/><T65/><D6/><U88/><E119/><V50/><F50/><N who="3" m="28759" /><G54/><T112/><D117/><U45/><E45/><V93/><AGARI ba="1,0" hai="72,74,84,90,93" m="50795,2633,26015" machi="93" ten="30,7900,0" yaku="20,1,52,3" doraHai="128" who="2" fromWho="2" sc="376,-40,240,-21,250,82,134,-21" /><INIT seed="1,0,0,2,4,35" ten="336,219,332,113" oya="1" hai0="83,68,104,33,73,32,17,120,131,39,55,94,124" hai1="51,111,116,50,8,59,85,92,37,12,76,24,27" hai2="75,87,91,10,11,13,66,74,130,30,117,25,129" hai3="126,122,77,42,105,82,52,78,18,89,2,61,123"/><U15/><E111/><V38/><F117/><W114/><G114/><T3/><RYUUKYOKU type="yao9" ba="0,0" sc="336,0,219,0,332,0,113,0" hai0="3,17,32,33,39,55,68,73,83,94,104,120,124,131" /><INIT seed="1,1,0,5,1,23" ten="336,219,332,113" oya="1" hai0="51,53,114,39,95,128,115,107,30,63,0,65,96" hai1="25,15,134,101,84,50,135,99,21,45,3,47,64" hai2="124,104,120,108,34,75,123,36,72,29,91,92,116" hai3="59,83,44,13,56,100,26,67,42,131,8,68,9"/><U41/><E3/><V35/><F36/><W14/><G68/><T16/><D0/><U32/><E64/><V106/><F29/><W76/><G131/><T24/><D39/><U54/><E32/><V126/><F116/><W52/><G100/><N who="0" m="62855" /><D95/><U93/><E15/><N who="3" m="5642" /><G67/><T132/><D16/><U94/><E84/><V58/><F58/><N who="3" m="22059" /><G42/><T81/><D81/><U80/><E80/><V62/><F62/><W110/><G110/><T57/><D132/><N who="1" m="50731" /><E94/><V33/><F108/><W69/><G69/><N who="0" m="42175" /><D128/><U133/><N who="1" m="50739" /><U98/><DORA hai="17" /><E98/><N who="2" m="57631" /><F104/><W87/><G87/><T31/><D31/><N who="1" m="17839" /><E47/><V66/><F66/><W27/><G83/><T28/><D28/><U119/><E119/><V73/><F106/><W77/><G8/><T4/><D4/><U5/><E5/><V78/><F73/><W90/><G9/><T102/><D30/><U79/><E79/><N who="3" m="30282" /><G90/><T7/><D7/><U125/><E54/><V85/><F85/><W6/><G6/><T82/><D53/><U130/><E130/><V49/><F75/><W70/><G70/><T97/><D82/><U113/><E113/><V11/><F78/><W88/><G88/><T89/><D89/><U112/><E112/><V43/><F72/><W129/><G129/><T40/><D115/><U86/><E86/><V38/><F35/><W60/><G44/><T121/><D114/><U18/><E18/><V55/><F33/><W22/><G22/><T46/><D46/><U111/><E111/><V2/><F34/><W1/><G1/><T122/><D97/><U12/><E12/><V117/><F2/><W118/><G118/><RYUUKYOKU ba="1,0" sc="336,-15,219,15,332,-15,113,15" hai1="41,45,50,93,99,101,125" hai3="26,27,52,60" /><INIT seed="1,2,0,2,0,14" ten="321,234,317,128" oya="1" hai0="37,33,78,117,26,31,67,128,22,54,43,134,23" hai1="1,86,75,114,100,79,130,98,18,44,13,113,103" hai2="77,3,123,51,7,110,131,101,115,48,38,99,80" hai3="60,17,132,125,55,96,39,52,104,122,42,135,41"/><U120/><E120/><V63/><F123/><W11/><G125/><T83/><D117/><U88/><E1/><V10/><F38/><W90/><G122/><T108/><D108/><U27/><E130/><V129/><F110/><W82/><G104/><T91/><D128/><N who="2" m="49226" /><F63/><W109/><G109/><T126/><D126/><U76/><E75/><N who="2" m="43071" /><F115/><W68/><G39/><T6/><D134/><N who="3" m="51241" /><G68/><T29/><D67/><U74/><E74/><V30/><F30/><W53/><G60/><T85/><D6/><U21/><E114/><V24/><F24/><W93/><G82/><T56/><D31/><N who="1" m="17903" /><E44/><V105/><AGARI ba="2,0" hai="3,7,10,48,51,99,101,105" m="43071,49226" machi="105" ten="30,1100,0" yaku="19,1" doraHai="14" who="2" fromWho="2" sc="321,-5,234,-7,317,17,128,-5" /><INIT seed="2,0,0,3,5,82" ten="316,227,334,123" oya="2" hai0="81,3,75,70,51,29,60,76,24,111,104,87,54" hai1="39,72,44,1,130,124,122,100,7,112,59,71,84" hai2="37,65,23,93,88,133,64,78,11,18,103,95,35" hai3="120,58,92,47,56,85,53,31,45,117,55,52,97"/><V131/><F35/><W96/><G117/><T94/><D111/><U134/><RYUUKYOKU type="yao9" ba="0,0" sc="316,0,227,0,334,0,123,0" hai1="1,7,39,44,59,71,72,84,100,112,122,124,130,134" /><INIT seed="2,1,0,2,4,71" ten="316,227,334,123" oya="2" hai0="1,43,50,3,109,7,42,61,60,81,16,25,88" hai1="17,123,20,13,126,45,65,83,46,40,75,113,119" hai2="127,44,128,5,29,64,69,37,28,91,110,53,10" hai3="66,86,49,8,103,54,77,85,23,31,72,62,108"/><V93/><F127/><W116/><G108/><T15/><D109/><U107/><E113/><V78/><F110/><W48/><G116/><T135/><D135/><U52/><E119/><V26/><F78/><W14/><G103/><T114/><D114/><U131/><E107/><V89/><F128/><W56/><G72/><T73/><D3/><U11/><E131/><V120/><F120/><W21/><G49/><T121/><D121/><U58/><E65/><V70/><F29/><W95/><G77/><T99/><D73/><U101/><E101/><V39/><F53/><W117/><G117/><T133/><D1/><U92/><E123/><V105/><F105/><W87/><G31/><T96/><D25/><N who="1" m="14479" /><E75/><V80/><F80/><W115/><G115/><T106/><D7/><N who="1" m="3327" /><E40/><N who="0" m="15401" /><D50/><N who="1" m="30999" /><E83/><V34/><F44/><N who="1" m="17001" /><E126/><V104/><F104/><W18/><REACH who="3" step="1"/><G95/><AGARI ba="1,0" hai="92,95" m="17001,30999,3327,14479" machi="95" ten="30,2000,0" yaku="8,1,54,1" doraHai="71" who="1" fromWho="3" sc="316,0,227,23,334,0,123,-23" /><INIT seed="3,0,0,3,1,13" ten="316,250,334,100" oya="3" hai0="89,15,77,99,47,36,74,97,21,54,101,71,88" hai1="46,65,40,7,104,78,126,60,81,51,100,10,27" hai2="56,44,19,119,128,1,20,4,69,37,109,64,53" hai3="90,23,38,29,73,133,0,93,114,102,22,62,116"/><W34/><G114/><T96/><D71/><U132/><E132/><V117/><F1/><W103/><G116/><T41/><D101/><N who="3" m="38409" /><G34/><T49/><D74/><U112/><E112/><V6/><F117/><W33/><G33/><T79/><D36/><U129/><E129/><V48/><F119/><W121/><G38/><T123/><D123/><U111/><E111/><V58/><F109/><W131/><G73/><T67/><D67/><U122/><E122/><V66/><F128/><W95/><G131/><T113/><D113/><U9/><E126/><V43/><F64/><W18/><G0/><T105/><D105/><U91/><E104/><V61/><F69/><W57/><G133/><T75/><D41/><U118/><E100/><V115/><F115/><W26/><G121/><T39/><D39/><U50/><E118/><V8/><F8/><W127/><G127/><T72/><D72/><U76/><E27/><AGARI ba="0,0" hai="4,6,19,20,27,37,43,44,48,53,56,58,61,66" machi="27" ten="30,2000,0" yaku="7,1,52,1" doraHai="13" who="2" fromWho="1" sc="316,0,250,-20,334,20,100,0" owari="316,11.6,230,-17.0,354,45.4,100,-40.0" /></mjloggm>