<mjloggm ver="2.3"><GO type="225" lobby="0"/><UN n0="%E3%81%BF%E3%81%BF%E3%81%9A" n1="%72%61%6B%33" n2="%E7%B4%94%E6%BD%94%E3%83%94%E3%83%A9%E3%83%8B%E3%82%A2" n3="%E3%83%A9%E3%83%BC%E3%83%A1%E3%83%B3%E4%BA%94%E9%83%8E" dan="18,16,16,16" rate="2198.59,2096.16,2119.95,2071.57" sx="M,M,M,M"/><TAIKYOKU oya="0"/><INIT seed="0,0,0,4,2,12" ten="250,250,250,250" oya="0" hai0="46,89,86,5,25,64,23,105,87,102,118,117,21" hai1="126,65,40,84,36,51,28,135,81,88,10,16,134" hai2="4,115,90,17,92,54,39,94,14,56,50,58,113" hai3="34,101,55,27,2,66,74,83,99,125,67,107,0"/><T80/><D64/><U33/><E126/><V100/><F39/><W61/><G125/><T42/><D5/><U52/><E65/><V69/><F69/><N who="3" m="42191" /><G55/><T98/><D87/><U75/><E75/><V133/><F133/><N who="1" m="50697" /><E36/><V60/><F4/><W35/><G67/><T103/><D103/><U82/><E40/><V19/><F115/><W124/><G124/><T111/><D111/><U63/><E63/><V79/><F79/><N who="3" m="44535" /><G35/><T130/><D130/><U95/><E28/><AGARI ba="0,0" hai="0,2,27,28,34,99,101,107" m="44535,42191" machi="28" ten="30,3900,0" yaku="25,1,33,2" doraHai="12" who="3" fromWho="1" sc="250,0,250,-39,250,0,250,39" /><INIT seed="1,0,0,0,3,0" ten="250,211,250,289" oya="1" hai0="23,76,48,80,70,60,106,122,28,87,75,118,15" hai1="66,130,42,4,129,102,3,14,59,84,78,52,124" hai2="123,94,81,22,12,121,47,19,65,104,5,7,119" hai3="6,9,133,103,18,111,97,25,24,135,34,8,73"/><U113/><E113/><V64/><F104/><W62/><G73/><T13/><D118/><U57/><E124/><V117/><F81/><W67/><G111/><T58/><D122/><U44/><E3/><V41/><F117/><W99/><G18/><T17/><D106/><U30/><E102/><V82/><F119/><W54/><G54/><T61/><D70/><U32/><E32/><V1/><F1/><W49/><G49/><T56/><D75/><U115/><E30/><V83/><F83/><W26/><G34/><T36/><D36/><U37/><E115/><V95/><F82/><W20/><G20/><T125/><D125/><U134/><E134/><N who="3" m="51210" /><G103/><T131/><D131/><N who="1" m="50187" /><E84/><V110/><F110/><W71/><G9/><T35/><D35/><U101/><E101/><V90/><F94/><W55/><G55/><N who="0" m="31847" /><D28/><U109/><E78/><V43/><F121/><W114/><G114/><T46/><D46/><U21/><E109/><V68/><F68/><W38/><G38/><T92/><D92/><U126/><E126/><V63/><F47/><W128/><G128/><T105/><D105/><U96/><E66/><N who="2" m="25707" /><F63/><N who="0" m="24138" /><D58/><U88/><E52/><V100/><F100/><W29/><G29/><T79/><D76/><U50/><E37/><V108/><F123/><W85/><G85/><T120/><D120/><U86/><E96/><N who="2" m="57463" /><F108/><W77/><G77/><T33/><D33/><U127/><E127/><V91/><F91/><W53/><G53/><T116/><D116/><U40/><E88/><V107/><F107/><W74/><G74/><T98/><D98/><U112/><E112/><V2/><F2/><AGARI ba="0,0" hai="2,6,8,24,25,26,62,67,71,97,99" m="51210" machi="2" ten="30,3900,0" yaku="6,1,20,1,52,1" doraHai="0" who="3" fromWho="2" sc="250,0,211,0,250,-39,289,39" /><INIT seed="2,0,0,2,5,20" ten="250,211,211,328" oya="2" hai0="112,93,56,114,74,133,31,107,119,131,79,14,77" hai1="88,43,65,2,69,50,132,9,34,18,46,22,12" hai2="15,87,36,135,35,101,97,24,82,53,109,45,58" hai3="125,113,81,108,76,57,1,68,59,103,120,105,10"/><V104/><F135/><W129/><G120/><T86/><D31/><U63/><E132/><V11/><F109/><W62/><G108/><T37/><D37/><U47/><E34/><V55/><F36/><W78/><G68/><T128/><D133/><U111/><E111/><V7/><F45/><W73/><G78/><N who="0" m="29707" /><D107/><U13/><E2/><V124/><F124/><W23/><G23/><T126/><D126/><U67/><E47/><V0/><F0/><W110/><G57/><T94/><D74/><U75/><E75/><V60/><F35/><W29/><G103/><T44/><D44/><U8/><E67/><V84/><F55/><W4/><G62/><T66/><D14/><U26/><E12/><V121/><F121/><W83/><G83/><T99/><D56/><U118/><E118/><V117/><F117/><W54/><G54/><T30/><D30/><U102/><E102/><V51/><F60/><W72/><G1/><T64/><D119/><U38/><E38/><V70/><F70/><W71/><G71/><T92/><D86/><U106/><E106/><V89/><REACH who="2" step="1"/><F87/><REACH who="2" ten="250,211,201,328" step="2"/><N who="3" m="48551" /><G125/><T5/><D64/><U49/><E49/><V19/><F19/><W6/><G72/><T80/><D66/><U41/><E41/><V25/><AGARI ba="0,1" hai="7,11,15,24,25,51,53,58,82,84,89,97,101,104" machi="25" ten="30,11700,0" yaku="1,1,0,1,52,2,53,0" doraHai="20" doraHaiUra="130" who="2" fromWho="2" sc="250,-39,211,-39,201,127,328,-39" /><INIT seed="2,1,0,3,3,27" ten="211,172,328,289" oya="2" hai0="52,59,48,69,40,20,89,117,103,8,129,38,83" hai1="49,123,58,87,130,30,15,42,110,85,17,104,71" hai2="3,86,41,93,79,46,82,56,18,34,32,44,21" hai3="64,47,105,127,14,128,51,102,77,29,7,37,39"/><V66/><F3/><W4/><G127/><T96/><D129/><U91/><E71/><V10/><F10/><W113/><G128/><T13/><D117/><U67/><E104/><V50/><F44/><W132/><G132/><T12/><D69/><U125/><E130/><V80/><F93/><W78/><G113/><T19/><D38/><U114/><E110/><V0/><F0/><W115/><G115/><T106/><D40/><U94/><E114/><V133/><F133/><W25/><G64/><T75/><D89/><U81/><E125/><V74/><F56/><W53/><G102/><T68/><D68/><U76/><E123/><V62/><F62/><W98/><G98/><T92/><D106/><U118/><E118/><V55/><F41/><W60/><G60/><T101/><D103/><U26/><E42/><V45/><F45/><W31/><G105/><T23/><REACH who="0" step="1"/><D12/><REACH who="0" ten="201,172,328,289" step="2"/><U1/><E1/><V95/><F79/><AGARI ba="1,1" hai="8,13,19,20,23,48,52,59,75,79,83,92,96,101" machi="79" ten="40,5200,0" yaku="1,1,2,1,54,1,53,0" doraHai="27" doraHaiUra="124" who="0" fromWho="2" sc="201,65,172,0,328,-55,289,0" /><INIT seed="3,0,0,1,2,77" ten="266,172,273,289" oya="3" hai0="16,44,129,70,109,114,43,112,87,9,21,71,32" hai1="28,17,90,41,106,11,75,80,37,55,66,81,68" hai2="51,63,20,108,118,104,99,135,61,121,42,2,45" hai3="10,38,67,125,59,133,49,131,0,25,110,115,18"/><W95/><G115/><N who="0" m="44075" /><D32/><U22/><E106/><V78/><F2/><W122/><G122/><T35/><D35/><U50/><E75/><V113/><F118/><W98/><G38/><N who="0" m="21623" /><D9/><U64/><E37/><V46/><F108/><W86/><G110/><T58/><D109/><U57/><E41/><V14/><F135/><W13/><G133/><T53/><D129/><U31/><E11/><V91/><F45/><W33/><G131/><T76/><D58/><U93/><E68/><V3/><F3/><W88/><G0/><T19/><D53/><U89/><E66/><V126/><F126/><W101/><G125/><T72/><D72/><U96/><E64/><V74/><F121/><W40/><G33/><T12/><D19/><U6/><E6/><V134/><F134/><W107/><G25/><T73/><D73/><U15/><REACH who="1" step="1"/><E90/><REACH who="1" ten="266,162,273,289" step="2"/><V65/><F91/><W54/><G67/><T30/><D30/><AGARI ba="0,1" hai="15,17,22,28,30,31,50,55,57,80,81,89,93,96" machi="30" ten="40,8000,1" yaku="1,1,2,1,8,1,52,2,53,0" doraHai="77" doraHaiUra="105" who="1" fromWho="0" sc="266,-80,162,90,273,0,289,0" /><INIT seed="4,0,0,2,2,0" ten="186,252,273,289" oya="0" hai0="46,98,56,31,65,77,63,45,61,101,50,8,11" hai1="107,92,48,14,123,38,127,58,24,9,70,17,49" hai2="99,57,71,3,93,54,86,118,52,76,59,131,114" hai3="75,19,102,91,122,113,69,87,7,6,32,78,90"/><T84/><D31/><U18/><E107/><V39/><F71/><W68/><G32/><T73/><D73/><U94/><E70/><V5/><F39/><W133/><G75/><T66/><D77/><U51/><E123/><V85/><F114/><W42/><G42/><T88/><D98/><U103/><E38/><V95/><F131/><W33/><G33/><T134/><D101/><U108/><E108/><V60/><F118/><W132/><G113/><T130/><D134/><N who="3" m="51817" /><G122/><T10/><D130/><U20/><E127/><V67/><F67/><W1/><G102/><T135/><D135/><U82/><E103/><V128/><F128/><W23/><G69/><T112/><D112/><U100/><E100/><N who="2" m="60527" /><F95/><N who="3" m="54751" /><G68/><T121/><D121/><U126/><E126/><V28/><F28/><W129/><G129/><T26/><D26/><U13/><E82/><N who="2" m="47303" /><F3/><W40/><G1/><T74/><D74/><U83/><E83/><V4/><F86/><W15/><G78/><T34/><D34/><U36/><E36/><V37/><F37/><W55/><G40/><T117/><D117/><U29/><REACH who="1" step="1"/><E58/><REACH who="1" ten="186,242,273,289" step="2"/><V105/><F105/><W72/><G72/><T119/><D119/><U104/><E104/><V53/><F59/><W43/><G43/><N who="0" m="24895" /><D46/><U25/><E25/><V79/><F79/><W106/><G106/><T124/><D124/><U97/><E97/><V12/><F12/><W110/><G110/><T80/><D56/><U64/><E64/><AGARI ba="0,1" hai="8,10,11,61,63,64,65,66,80,84,88" m="24895" machi="64" ten="30,2900,0" yaku="8,1,54,1" doraHai="0" who="0" fromWho="1" sc="186,39,242,-29,273,0,289,0" /><INIT seed="4,1,0,1,3,68" ten="225,213,273,289" oya="0" hai0="119,88,31,7,117,55,48,131,84,28,132,3,24" hai1="13,9,130,50,19,129,110,25,16,75,45,27,116" hai2="72,120,59,92,63,77,49,85,118,134,126,54,17" hai3="37,82,70,1,44,12,33,87,125,74,43,57,0"/><T64/><D64/><U23/><E75/><V39/><F39/><W42/><G33/><T71/><D71/><U5/><E110/><V127/><F134/><W98/><G74/><T109/><D132/><U8/><E116/><V53/><F120/><W15/><G70/><T93/><D109/><U100/><E100/><V62/><F118/><W40/><G0/><T58/><D28/><U11/><E50/><V128/><F128/><N who="1" m="49257" /><E45/><V6/><F6/><W67/><G1/><T121/><D131/><U105/><E105/><V66/><F72/><W99/><G37/><T21/><REACH who="0" step="1"/><D121/><REACH who="0" ten="215,213,273,289" step="2"/><U112/><E112/><V60/><F66/><W96/><G67/><T46/><D46/><U52/><E52/><N who="2" m="32143" /><F127/><W122/><G125/><T101/><D101/><U32/><E5/><V65/><F65/><W22/><G122/><T18/><D18/><U108/><E108/><V97/><F17/><W36/><G44/><T90/><D90/><U111/><E111/><V51/><F126/><W26/><G42/><T106/><D106/><U86/><E86/><V91/><F51/><W103/><G43/><T133/><D133/><U2/><E2/><V113/><F113/><W30/><G40/><T14/><D14/><U76/><E76/><V81/><AGARI ba="1,1" hai="53,54,60,62,63,77,81,85,91,92,97" m="32143" machi="81" ten="30,2000,0" yaku="8,1,54,1" doraHai="68" who="2" fromWho="2" sc="215,-11,213,-6,273,33,289,-6" owari="204,-29.6,207,-19.3,306,40.6,283,8.3" /></mjloggm>