<mjloggm ver="2.3"><GO type="225" lobby="0"/><UN n0="%E3%83%A9%E3%82%A4%E3%83%B3%E3%81%AE%E8%99%8E" n1="%E3%81%90%E3%81%A1%E3%82%84%E3%81%BE" n2="%E7%89%B9%E6%9D%B1%E3%81%AF%E4%B8%96%E7%95%8C%E3%82%92%E6%95%91%E3%81%86" n3="%E5%B8%86%E7%AB%8B%E5%A4%8F%E8%A1%A3" dan="16,16,16,17" rate="2143.44,2134.65,2152.09,2173.70" sx="M,M,M,M"/><TAIKYOKU oya="0"/><INIT seed="0,0,0,1,5,48" ten="250,250,250,250" oya="0" hai0="115,75,121,126,32,120,111,61,31,18,58,7,0" hai1="49,45,52,60,107,97,103,33,56,122,12,20,110" hai2="34,133,22,74,134,53,37,27,17,84,55,79,100" hai3="26,90,24,87,106,46,99,47,135,69,130,125,66"/><T2/><D75/><U113/><E110/><V109/><F109/><W8/><G125/><T131/><D111/><U40/><E33/><V76/><F37/><W4/><G130/><T35/><D115/><U73/><E113/><V13/><F74/><W82/><G135/><N who="2" m="51721" /><F100/><W77/><G69/><T129/><D18/><U89/><E122/><N who="0" m="47209" /><D126/><U104/><E73/><V123/><F123/><W38/><G66/><T29/><D58/><U62/><E89/><V81/><F76/><W68/><G68/><T128/><D61/><U16/><REACH who="1" step="1"/><E104/><REACH who="1" ten="250,240,250,250" step="2"/><V70/><F70/><W5/><G90/><T78/><D78/><U25/><E25/><V114/><F114/><W23/><G26/><N who="0" m="18487" /><D7/><U83/><E83/><V14/><F34/><W10/><G5/><T102/><D102/><U41/><E41/><V72/><F72/><W11/><G4/><T101/><D101/><U124/><E124/><V28/><F28/><W54/><G106/><T59/><D59/><U71/><E71/><V98/><F98/><W86/><G99/><T80/><D80/><U1/><E1/><V96/><F96/><W42/><G82/><T116/><D116/><U51/><AGARI ba="0,1" hai="12,16,20,40,45,49,51,52,56,60,62,97,103,107" machi="51" ten="20,16000,3" yaku="1,1,0,1,7,1,52,1,54,2,53,2" doraHai="48" doraHaiUra="57" who="1" fromWho="1" sc="250,-80,240,170,250,-40,250,-40" /><INIT seed="1,0,0,3,0,45" ten="170,410,210,210" oya="1" hai0="133,55,87,112,52,92,13,84,26,8,130,104,118" hai1="28,76,85,42,93,94,86,82,24,4,75,73,113" hai2="109,127,134,10,20,122,60,88,54,78,89,47,57" hai3="39,117,102,115,121,14,129,3,25,98,96,33,36"/><U74/><E4/><V83/><F109/><W32/><G3/><T53/><D112/><U100/><E42/><V91/><F134/><W68/><G121/><T63/><D118/><U15/><E15/><V71/><F127/><W61/><G115/><T0/><D104/><U106/><E24/><V37/><F122/><W64/><G117/><T41/><D130/><U90/><E28/><V40/><F71/><W126/><G129/><T44/><D0/><U46/><E46/><V66/><F10/><W12/><G98/><T101/><D133/><U22/><E22/><V2/><F2/><W34/><G126/><T29/><D63/><U43/><E43/><V97/><F20/><W6/><G6/><T108/><D108/><U107/><E113/><V1/><F1/><W58/><G58/><T51/><D101/><U31/><E31/><V62/><F97/><AGARI ba="0,0" hai="73,74,75,76,82,85,86,90,93,94,97,100,106,107" machi="97" ten="40,18000,2" yaku="35,6" doraHai="45" who="1" fromWho="2" sc="170,0,410,180,210,-180,210,0" /><INIT seed="1,1,0,5,5,82" ten="170,590,30,210" oya="1" hai0="109,97,131,62,98,3,67,28,105,34,70,27,68" hai1="95,0,64,5,29,127,92,18,96,6,20,37,45" hai2="2,42,17,90,115,46,48,11,40,73,41,38,75" hai3="125,47,56,21,74,91,14,36,76,94,122,86,84"/><U33/><E64/><V9/><F115/><W51/><G122/><T77/><D109/><U35/><E45/><V1/><F38/><W135/><G135/><T7/><D98/><U53/><E53/><V16/><F48/><W24/><G125/><T72/><D131/><U57/><E57/><V102/><F102/><W69/><G69/><N who="0" m="42231" /><D77/><U99/><E37/><V10/><F90/><N who="3" m="53575" /><G74/><N who="2" m="28169" /><F46/><W130/><G36/><T54/><D54/><U50/><E50/><V25/><F25/><W13/><G76/><T71/><D72/><U39/><E29/><V116/><F116/><W81/><G56/><T134/><D134/><U114/><E20/><V113/><F113/><W22/><G130/><T89/><D89/><U104/><E18/><AGARI ba="1,0" hai="1,2,9,10,11,16,17,18,40,41,42" m="28169" machi="18" ten="40,5200,0" yaku="28,2,54,1" doraHai="82" who="2" fromWho="1" sc="170,0,590,-55,30,55,210,0" /><INIT seed="2,0,0,5,1,40" ten="170,535,85,210" oya="2" hai0="13,103,76,34,99,135,113,7,58,33,36,4,68" hai1="104,114,30,31,60,44,110,47,131,123,102,38,46" hai2="88,111,117,23,3,72,100,79,87,53,95,115,127" hai3="28,92,57,90,94,126,25,6,63,83,101,48,122"/><V89/><F115/><W50/><G126/><T52/><D68/><U37/><E110/><V45/><F117/><W112/><G122/><T70/><D70/><U49/><E102/><V124/><F3/><W81/><G112/><T84/><D36/><U108/><E104/><V134/><F111/><W26/><G6/><T64/><D64/><U51/><E108/><V133/><F23/><N who="3" m="15423" /><G26/><T109/><D113/><U80/><E114/><V22/><F22/><W65/><G101/><T18/><D135/><N who="2" m="51722" /><F72/><W55/><G94/><N who="0" m="58871" /><D34/><U61/><E123/><V86/><F79/><W12/><G12/><T130/><D33/><U129/><E47/><V15/><F15/><W8/><G8/><T24/><D24/><U128/><E129/><V75/><F75/><W106/><G106/><T0/><D0/><U16/><E80/><N who="3" m="30794" /><G65/><T71/><D130/><U10/><E10/><V73/><F73/><W98/><AGARI ba="0,0" hai="48,50,55,57,63,90,92,98" m="30794,15423" machi="98" ten="30,1100,0" yaku="8,1" doraHai="40" who="3" fromWho="3" sc="170,-3,535,-3,85,-5,210,11" /><INIT seed="3,0,0,0,5,43" ten="167,532,80,221" oya="3" hai0="30,95,133,23,104,84,68,101,117,109,47,129,12" hai1="9,128,48,71,62,55,53,120,77,72,97,63,42" hai2="107,134,13,6,38,27,82,56,91,73,74,103,35" hai3="7,99,80,18,100,58,96,40,76,33,2,78,69"/><W127/><G69/><T51/><D109/><U106/><E72/><V90/><F38/><W64/><G33/><T15/><D129/><U11/><E77/><N who="2" m="44335" /><F13/><W1/><G58/><T116/><D68/><U5/><E42/><V67/><F27/><W50/><G18/><T110/><D110/><U88/><E88/><N who="2" m="33835" /><F6/><W3/><G7/><T98/><D12/><U61/><E97/><N who="3" m="37450" /><G64/><T108/><D15/><U132/><E106/><V111/><F56/><W94/><G50/><T4/><D104/><U105/><E105/><V75/><F67/><W122/><G40/><T119/><D4/><U49/><E71/><V20/><F20/><W121/><G3/><T19/><D19/><U10/><E128/><V44/><F44/><W0/><G0/><T131/><D131/><U46/><E5/><V24/><F24/><W83/><G2/><T26/><D108/><U115/><E61/><V22/><F35/><W135/><G1/><T28/><D28/><U92/><E63/><V41/><F41/><W17/><G17/><T85/><D30/><U93/><E62/><V102/><F22/><W25/><G25/><T81/><D26/><U21/><E21/><V54/><F75/><W123/><G123/><T113/><D23/><U52/><E120/><V70/><F134/><W37/><G122/><T29/><D133/><U34/><E132/><V89/><F89/><W114/><G121/><T32/><D32/><U112/><E34/><V118/><F74/><W124/><G135/><T65/><D65/><U87/><E49/><V45/><F118/><W36/><G36/><T130/><D117/><RYUUKYOKU ba="0,0" sc="167,0,532,0,80,0,221,0" owari="167,-23.3,532,63.2,80,-42.0,221,2.1" /></mjloggm>