<mjloggm ver="2.3"><GO type="225" lobby="0"/><UN n0="%77%72%77%72%77%72%77%72" n1="%E3%81%BF%E3%81%BF%E3%81%9A" n2="%73%69%67%65%6E%6F%72%69" n3="%E5%91%A8%E6%9D%B1" dan="17,18,18,17" rate="2132.85,2235.74,2247.20,2235.84" sx="M,M,M,M"/><TAIKYOKU oya="0"/><INIT seed="0,0,0,3,4,76" ten="250,250,250,250" oya="0" hai0="20,78,24,123,81,75,88,52,29,35,109,19,15" hai1="14,87,110,38,11,68,102,18,103,46,108,77,42" hai2="131,90,62,41,10,50,22,56,117,51,133,132,69" hai3="116,127,94,55,47,26,67,40,27,45,33,1,92"/><T12/><D123/><U8/><E68/><V37/><F22/><W25/><G116/><T60/><D109/><N who="1" m="42091" /><E8/><V89/><F117/><W91/><G1/><T83/><D12/><U71/><E71/><V100/><F100/><W2/><G2/><T5/><D5/><U101/><E77/><V0/><F69/><W97/><G127/><T128/><D128/><U23/><E87/><V4/><F131/><W49/><G33/><T54/><REACH who="0" step="1"/><D60/><REACH who="0" ten="240,250,250,250" step="2"/><U31/><E11/><V85/><F62/><W95/><REACH who="3" step="1"/><G67/><REACH who="3" ten="240,250,250,240" step="2"/><T43/><D43/><U16/><E14/><V114/><F41/><W6/><G6/><T66/><D66/><U135/><E135/><V119/><F119/><W98/><G98/><T79/><D79/><U7/><E7/><V93/><F133/><W80/><G80/><T112/><D112/><U48/><E38/><AGARI ba="0,2" hai="25,26,27,38,40,45,47,49,55,91,92,94,95,97" machi="38" ten="40,1300,0" yaku="1,1,53,0" doraHai="76" doraHaiUra="113" who="3" fromWho="1" sc="240,0,250,-13,250,0,240,33" /><INIT seed="1,0,0,1,1,48" ten="240,237,250,273" oya="1" hai0="40,9,71,33,91,111,123,134,67,70,88,94,97" hai1="93,117,63,75,114,64,56,131,102,25,55,82,76" hai2="109,110,107,34,90,47,29,98,115,31,127,24,116" hai3="128,77,53,73,0,16,15,43,37,83,46,17,89"/><U121/><E114/><V30/><F116/><W13/><G0/><T38/><D111/><N who="2" m="42506" /><F115/><W84/><G128/><T44/><D134/><U132/><E131/><V130/><F130/><W72/><G53/><T61/><D123/><U49/><E117/><V68/><F68/><W95/><REACH who="3" step="1"/><G73/><REACH who="3" ten="240,237,250,263" step="2"/><T103/><D33/><U66/><E121/><V80/><F127/><W2/><G2/><T126/><D126/><U100/><E132/><V62/><F62/><W105/><G105/><T4/><REACH who="0" step="1"/><D71/><REACH who="0" ten="230,237,250,263" step="2"/><U99/><E102/><N who="2" m="62935" /><F47/><W85/><G85/><AGARI ba="0,2" hai="24,29,30,31,34,80,85,90" m="62935,42506" machi="85" ten="30,1000,0" yaku="14,1" doraHai="48" who="2" fromWho="3" sc="230,0,237,0,250,30,263,-10" /><INIT seed="2,0,0,4,5,128" ten="230,237,280,253" oya="2" hai0="92,110,75,14,131,63,70,80,117,115,6,93,11" hai1="24,71,42,108,47,73,18,68,98,116,58,69,129" hai2="30,49,62,94,90,19,37,31,60,86,104,72,56" hai3="53,55,46,133,51,96,48,109,39,59,13,112,36"/><V28/><F37/><W127/><G96/><T102/><D115/><U41/><E116/><V121/><F121/><W45/><G112/><T91/><D131/><U50/><E73/><V44/><F72/><W78/><G78/><T118/><D110/><U66/><E129/><V113/><F104/><W20/><G109/><T99/><D75/><U123/><E108/><V27/><F113/><W67/><G20/><T32/><D32/><U107/><E123/><V84/><F56/><W52/><G13/><T8/><D80/><U34/><E42/><N who="2" m="24727" /><F84/><W4/><G4/><T25/><D25/><U43/><E41/><V111/><F111/><W124/><G67/><T114/><D114/><U15/><E24/><V5/><F5/><W126/><G133/><T81/><D81/><U132/><E34/><V61/><F19/><W9/><G9/><T38/><D11/><U10/><E132/><V122/><F122/><W82/><G82/><T54/><D38/><U21/><E10/><V83/><F83/><W120/><G120/><T7/><D7/><U79/><E79/><V74/><F74/><W106/><G106/><T2/><D2/><U97/><REACH who="1" step="1"/><E107/><REACH who="1" ten="230,227,280,253" step="2"/><V0/><F0/><W76/><G76/><T87/><D118/><U16/><E16/><V101/><F27/><W12/><G12/><T77/><D117/><U26/><E26/><V130/><F130/><W135/><G135/><T64/><D77/><U33/><E33/><V105/><F105/><W119/><G119/><T22/><D22/><U103/><E103/><AGARI ba="0,1" hai="28,30,31,60,61,62,86,90,94,101,103" m="24727" machi="103" ten="30,1500,0" yaku="8,1" doraHai="128" who="2" fromWho="1" sc="230,0,227,-15,280,25,253,0" /><INIT seed="2,1,0,2,1,68" ten="230,212,305,253" oya="2" hai0="117,101,36,0,94,46,20,93,120,58,84,3,63" hai1="95,97,30,91,96,2,107,56,17,53,65,118,105" hai2="135,57,22,67,132,39,125,131,111,70,100,9,47" hai3="50,26,116,24,64,19,18,72,37,48,7,27,49"/><V127/><F100/><W5/><G72/><T1/><D120/><U124/><E118/><V45/><F111/><W77/><G116/><T121/><D121/><U87/><E2/><V133/><F70/><W15/><G77/><T123/><D123/><U79/><E124/><N who="2" m="47691" /><F22/><W129/><G129/><T14/><D117/><U33/><E65/><V85/><F85/><W31/><G64/><T108/><D108/><U134/><E134/><V35/><F35/><W21/><G37/><T109/><D109/><U52/><E17/><V86/><F86/><W112/><G112/><T55/><D84/><U34/><E79/><V71/><F9/><W106/><G106/><T40/><REACH who="0" step="1"/><D101/><REACH who="0" ten="220,212,305,253" step="2"/><U10/><E87/><V74/><F132/><W12/><REACH who="3" step="1"/><G31/><REACH who="3" ten="220,212,305,243" step="2"/><T81/><D81/><U43/><E30/><V73/><F135/><W104/><G104/><T69/><D69/><U59/><E107/><V102/><F71/><W99/><G99/><T128/><D128/><U54/><E105/><V8/><F133/><W60/><G60/><T113/><D113/><U80/><E97/><V13/><F131/><W114/><G114/><T110/><D110/><U29/><E80/><V11/><F74/><W119/><G119/><T41/><D41/><U126/><E126/><V89/><F73/><W78/><G78/><T42/><D42/><U122/><E122/><V25/><F102/><W66/><G66/><T61/><D61/><N who="1" m="35975" /><E43/><V38/><F67/><W28/><G28/><T88/><D88/><N who="1" m="55399" /><E29/><V4/><F89/><W32/><G32/><N who="1" m="12394" /><E91/><V115/><F115/><W6/><G6/><T16/><AGARI ba="1,2" hai="0,1,3,14,16,20,36,40,46,55,58,63,93,94" machi="16" ten="40,8000,1" yaku="1,1,5,1,0,1,52,1,54,1,53,0" doraHai="68" doraHaiUra="92" who="0" fromWho="0" sc="220,103,212,-21,305,-41,243,-21" /><INIT seed="3,0,0,1,5,25" ten="323,191,264,222" oya="3" hai0="42,22,23,95,97,79,15,86,43,26,108,50,59" hai1="72,61,135,2,110,54,6,55,5,81,19,40,56" hai2="38,73,52,4,47,114,104,80,103,102,0,60,87" hai3="17,21,78,127,24,120,1,11,49,69,83,126,77"/><W116/><G120/><T70/><D70/><U75/><E110/><V53/><F114/><W76/><G69/><T133/><D133/><U84/><E135/><V92/><F104/><W35/><G116/><T48/><D108/><U117/><E117/><V44/><F73/><W51/><G83/><N who="0" m="47487" /><D15/><U131/><E131/><V29/><F0/><W45/><G35/><T119/><D119/><U41/><E2/><V30/><F4/><W27/><G27/><T3/><D3/><U65/><E19/><V125/><F38/><W71/><G71/><T129/><D129/><U96/><E96/><N who="2" m="59655" /><F103/><W109/><G109/><T13/><D13/><U106/><E106/><V8/><F8/><W20/><G20/><T88/><D22/><U90/><E72/><V134/><F125/><N who="3" m="47627" /><G45/><N who="2" m="17481" /><F134/><W18/><G18/><N who="0" m="12663" /><D59/><U36/><E75/><V105/><F105/><W91/><G91/><T107/><D107/><U113/><E36/><V64/><F64/><W121/><G121/><T39/><D39/><U12/><E113/><V118/><F118/><W57/><G57/><T122/><D122/><U130/><E130/><V132/><F132/><W123/><G123/><T28/><D28/><N who="2" m="10858" /><F60/><W63/><G63/><T33/><D33/><U14/><E14/><V99/><F99/><W112/><G112/><T9/><D9/><N who="1" m="4143" /><E6/><AGARI ba="0,0" hai="1,6,11,17,21,24,49,51,76,77,78" m="47627" machi="6" ten="30,1500,0" yaku="18,1" doraHai="25" who="3" fromWho="1" sc="323,0,191,-15,264,0,222,15" /><INIT seed="3,1,0,3,0,23" ten="323,176,264,237" oya="3" hai0="100,6,16,9,22,30,76,12,102,24,87,85,34" hai1="65,14,8,95,93,106,115,31,69,90,13,47,40" hai2="20,73,63,38,25,80,36,98,74,17,96,41,83" hai3="94,92,130,39,75,110,35,10,82,77,53,124,28"/><W120/><G120/><T99/><D76/><U109/><E106/><V26/><F63/><W71/><G71/><T54/><D54/><U103/><E115/><V43/><F20/><W11/><G39/><T5/><D5/><U56/><E109/><V101/><F17/><W59/><G110/><T46/><D46/><U3/><E69/><V131/><F101/><W119/><G119/><T62/><D62/><U86/><E3/><V42/><F42/><W68/><G68/><T21/><D21/><U122/><E122/><V78/><F78/><W125/><G130/><AGARI ba="1,0" hai="25,26,36,38,41,43,73,74,80,83,96,98,130,131" machi="130" ten="25,6400,0" yaku="22,2,52,2" doraHai="23" who="2" fromWho="3" sc="323,0,176,0,264,67,237,-67" owari="323,12.3,176,-22.4,331,43.1,170,-33.0" /></mjloggm>