<mjloggm ver="2.3"><GO type="225" lobby="0"/><UN n0="%E3%81%A4%E3%81%A3%E3%81%B1%E3%82%8A%E3%83%9D%E3%83%BC%E3%83%AB" n1="%E4%BB%8A%E6%97%A5%E4%B8%80" n2="%79%75%72%69%6D%6F%67" n3="%E3%82%A2%E3%83%9E%E3%83%9D%EF%BD%9E%EF%BD%9E%E3%83%A9" dan="17,17,16,17" rate="2104.10,2214.92,2206.64,2058.38" sx="M,M,F,M"/><TAIKYOKU oya="0"/><INIT seed="0,0,0,2,4,99" ten="250,250,250,250" oya="0" hai0="41,46,20,125,21,90,27,118,51,104,96,87,28" hai1="37,121,49,3,30,114,63,82,94,64,31,9,115" hai2="62,58,105,29,45,65,79,40,135,127,131,18,129" hai3="14,86,95,101,13,39,109,25,75,126,88,53,34"/><T48/><D118/><U123/><E37/><V19/><F127/><W42/><G126/><T69/><D125/><U80/><E49/><V10/><F105/><W7/><G75/><T78/><D69/><U55/><E55/><V106/><F106/><W11/><G109/><T4/><D4/><U26/><E94/><V67/><F67/><W81/><G53/><T92/><D51/><U36/><E36/><V38/><F135/><W134/><G134/><T133/><D133/><U44/><E44/><V98/><F79/><W23/><G34/><T16/><D104/><U107/><E107/><V0/><F29/><W84/><G13/><N who="0" m="9231" /><D78/><U124/><E124/><V128/><REACH who="2" step="1"/><F98/><AGARI ba="0,0" hai="21,27,28,41,46,48,87,90,92,96,98" m="9231" machi="98" ten="30,2900,0" yaku="8,1,54,1" doraHai="99" who="0" fromWho="2" sc="250,29,250,0,250,-29,250,0" /><INIT seed="0,1,0,0,5,123" ten="279,250,221,250" oya="0" hai0="118,38,67,2,22,70,63,122,72,79,43,75,129" hai1="64,124,59,131,97,4,54,32,47,50,135,52,78" hai2="3,62,119,102,23,108,104,132,12,49,91,92,58" hai3="7,84,19,42,30,105,55,10,126,35,61,133,37"/><T127/><D122/><U20/><E32/><V109/><F3/><W87/><G105/><T68/><D118/><U9/><E124/><V76/><F76/><W77/><G126/><T103/><D127/><U111/><E135/><V114/><F114/><W98/><G98/><T130/><D2/><U44/><E131/><N who="0" m="50185" /><D103/><U73/><E64/><V48/><F132/><W17/><G42/><T46/><D79/><U51/><E111/><N who="2" m="42571" /><F102/><W18/><G37/><T80/><D80/><U39/><E78/><V36/><F104/><W117/><G117/><T83/><D83/><U134/><E73/><N who="0" m="28233" /><D22/><U110/><E20/><V26/><F12/><W24/><G77/><T21/><D21/><U95/><E134/><V34/><F34/><W27/><G133/><T90/><D90/><U25/><E110/><V0/><F36/><W86/><G35/><T56/><AGARI ba="1,0" hai="38,43,46,56,63,67,68,70" m="28233,50185" machi="56" ten="30,1500,0" yaku="19,1" doraHai="123" who="0" fromWho="0" sc="279,18,250,-6,221,-6,250,-6" /><INIT seed="0,2,0,0,4,103" ten="297,244,215,244" oya="0" hai0="4,116,11,119,52,117,89,35,27,23,31,101,33" hai1="64,76,5,51,29,83,12,34,57,120,19,74,56" hai2="102,17,111,69,109,135,82,43,73,130,133,99,125" hai3="21,75,115,114,36,6,1,122,0,121,92,9,2"/><T93/><D101/><U67/><E120/><N who="3" m="46186" /><G92/><T113/><D113/><N who="3" m="43017" /><G36/><T62/><D62/><U112/><E112/><V78/><F69/><W77/><G21/><T134/><D134/><N who="2" m="51210" /><F43/><W126/><G126/><T61/><D61/><U41/><E5/><V70/><F70/><W108/><G108/><N who="2" m="41545" /><F17/><W38/><G38/><T13/><REACH who="0" step="1"/><D52/><REACH who="0" ten="287,244,215,244" step="2"/><U7/><E64/><V63/><F125/><W127/><G127/><T55/><D55/><U37/><E67/><V42/><F63/><W110/><G110/><T46/><D46/><U85/><E41/><V98/><F42/><W30/><G30/><T132/><D132/><U84/><E29/><V104/><F99/><AGARI ba="2,1" hai="4,11,13,23,27,31,33,35,89,93,99,116,117,119" machi="99" ten="40,2000,0" yaku="1,1,53,0" doraHai="103" doraHaiUra="72" who="0" fromWho="2" sc="287,36,244,0,215,-26,244,0" /><INIT seed="0,3,0,1,5,31" ten="323,244,189,244" oya="0" hai0="64,8,2,95,39,117,13,40,82,7,103,56,72" hai1="109,88,96,128,33,66,3,94,134,24,130,111,54" hai2="34,93,124,27,92,9,97,87,36,48,91,80,52" hai3="81,98,90,74,70,50,47,86,125,112,107,110,108"/><T0/><D117/><U10/><E66/><V77/><F124/><W5/><G70/><T16/><D103/><U17/><E134/><V118/><F36/><W59/><G112/><T105/><D105/><U99/><E99/><V25/><F118/><W122/><G125/><T46/><D95/><U1/><E54/><V114/><F114/><W65/><G5/><T30/><D30/><N who="1" m="19655" /><E17/><V29/><F27/><W123/><G59/><T49/><D7/><N who="1" m="1391" /><E3/><V78/><F9/><W55/><G65/><T116/><D116/><U57/><E57/><V4/><F4/><W71/><G71/><T21/><D8/><U120/><E120/><N who="3" m="46122" /><G74/><T51/><D39/><U73/><E73/><V69/><F69/><W100/><AGARI ba="3,0" hai="47,50,55,81,86,90,98,100,107,108,110" m="46122" machi="100" ten="30,1100,0" yaku="13,1" doraHai="31" who="3" fromWho="3" sc="323,-8,244,-6,189,-6,244,20" /><INIT seed="1,0,0,0,2,111" ten="315,238,183,264" oya="1" hai0="54,107,130,128,104,16,27,116,3,20,0,132,26" hai1="94,1,30,35,101,95,59,12,17,39,115,77,113" hai2="21,36,109,43,40,38,5,73,110,89,105,119,2" hai3="126,71,4,62,80,75,13,55,28,34,46,99,14"/><U133/><E39/><V52/><F21/><W85/><G75/><T117/><D54/><U61/><E1/><N who="0" m="585" /><D132/><U6/><E6/><V78/><F5/><W81/><G126/><T33/><D107/><U68/><E68/><V97/><F2/><W64/><G99/><T45/><D45/><U84/><E133/><V79/><F89/><W98/><G98/><T125/><D104/><U129/><E129/><N who="0" m="49769" /><D125/><U90/><E77/><V19/><F19/><W18/><G18/><T22/><D33/><U42/><E42/><V106/><F97/><W103/><G55/><T63/><D63/><U96/><E30/><AGARI ba="0,0" hai="16,20,22,26,27,30,116,117" m="49769,585" machi="30" ten="30,7700,0" yaku="19,1,34,2,54,1" doraHai="111" who="0" fromWho="1" sc="315,77,238,-77,183,0,264,0" /><INIT seed="2,0,0,0,1,109" ten="392,161,183,264" oya="2" hai0="28,101,53,119,81,1,93,100,16,60,17,108,125" hai1="19,63,36,111,67,43,6,96,83,3,106,20,7" hai2="51,120,113,97,132,15,103,54,90,76,42,124,44" hai3="110,33,23,56,68,117,0,65,22,45,12,78,66"/><V99/><F124/><W92/><G0/><T129/><D1/><U85/><E111/><V26/><F132/><W131/><G33/><T24/><D108/><U79/><E3/><V49/><F120/><W128/><G117/><T41/><D125/><U127/><E127/><V13/><F113/><W31/><G68/><T73/><D41/><U35/><E35/><V27/><F76/><W94/><G78/><T64/><D53/><U32/><E32/><V70/><F70/><W18/><G45/><T69/><D119/><U59/><E43/><V112/><F90/><W30/><G56/><T38/><D38/><U98/><E36/><V102/><F112/><W107/><G107/><T75/><D129/><N who="3" m="49737" /><G110/><T105/><D93/><N who="3" m="35945" /><G22/><T115/><D115/><U122/><E122/><V123/><F123/><W5/><G5/><N who="1" m="1546" /><E106/><V130/><F130/><W9/><G9/><T74/><D81/><U87/><E87/><V48/><F54/><W104/><G104/><T116/><D100/><U62/><E62/><V11/><F11/><W80/><G80/><T50/><D50/><U118/><E118/><V135/><F135/><W40/><G40/><T52/><D116/><U55/><E55/><V25/><F44/><W88/><G88/><T71/><D52/><U114/><E114/><V95/><F42/><W126/><G126/><T82/><D82/><U57/><E59/><V133/><F133/><W21/><G31/><T84/><D71/><U14/><AGARI ba="0,0" hai="14,19,20,57,63,67,79,83,85,96,98" m="1546" machi="14" ten="30,1100,0" yaku="8,1" doraHai="109" who="1" fromWho="1" sc="392,-3,161,11,183,-5,264,-3" /><INIT seed="3,0,0,3,5,121" ten="389,172,178,261" oya="3" hai0="102,93,113,78,122,19,33,48,124,119,29,42,13" hai1="12,127,18,14,7,24,54,120,64,47,38,130,28" hai2="103,25,53,100,91,10,0,40,41,111,116,9,39" hai3="74,117,97,50,59,31,68,27,66,86,90,23,108"/><W11/><G117/><T79/><D122/><U128/><E120/><V134/><F111/><W55/><G74/><T56/><D119/><U16/><E64/><V67/><F116/><W129/><G129/><N who="1" m="49770" /><E127/><V69/><F69/><W87/><G108/><T94/><D29/><U75/><E75/><V118/><F118/><W8/><G68/><T30/><D30/><U105/><E105/><V88/><F39/><W62/><G97/><N who="0" m="59695" /><D33/><N who="1" m="20615" /><E54/><V125/><F125/><W110/><G110/><T61/><D94/><U34/><E34/><V37/><F25/><W26/><G26/><T1/><D1/><U76/><E76/><V63/><F53/><W4/><G4/><T46/><D113/><U43/><E12/><V73/><F73/><W84/><G90/><N who="2" m="34345" /><F0/><W80/><REACH who="3" step="1"/><G80/><REACH who="3" ten="389,172,178,251" step="2"/><T58/><D124/><U2/><E2/><V60/><F103/><W81/><G81/><T95/><D95/><U135/><E135/><V51/><F100/><W115/><G115/><T101/><D101/><U107/><E107/><V32/><F134/><W72/><G72/><T89/><D89/><U6/><E18/><V85/><F85/><W99/><G99/><T98/><D98/><U126/><E126/><V83/><F83/><W104/><G104/><T82/><D82/><U96/><E96/><V36/><F32/><W132/><G132/><T106/><D106/><U20/><AGARI ba="0,1" hai="6,7,14,16,20,38,43,47" m="20615,49770" machi="20" ten="30,2000,0" yaku="19,1,54,1" doraHai="121" who="1" fromWho="1" sc="389,-5,172,30,178,-5,251,-10" owari="384,48.4,202,-19.8,173,-32.7,241,4.1" /></mjloggm>