<mjloggm ver="2.3"><GO type="225" lobby="0"/><UN n0="%E9%80%86%E9%80%A3%E5%B8%AF%E3%81%AE%E9%AC%BC" n1="%E6%B8%A1%E5%A4%A9%E8%97%8D" n2="%E5%91%A8%E6%9D%B1" n3="%E3%83%96%E3%83%83%E3%83%91%E3%82%AA%E3%83%96%E3%83%81%E3%82%AD%E3%83%B3" dan="17,16,17,16" rate="2096.72,2076.32,2147.41,2142.76" sx="M,M,M,M"/><TAIKYOKU oya="0"/><INIT seed="0,0,0,0,3,97" ten="250,250,250,250" oya="0" hai0="80,86,126,63,65,121,45,61,10,30,38,128,118" hai1="41,56,134,108,70,23,75,7,28,71,102,69,87" hai2="117,119,12,14,84,58,96,100,133,49,42,1,16" hai3="106,93,29,103,107,9,22,124,25,33,37,89,26"/><T66/><D121/><U104/><E75/><V62/><F1/><W78/><G37/><T95/><D118/><N who="2" m="45066" /><F133/><W76/><G124/><T99/><D126/><U74/><E74/><V50/><F14/><W8/><G106/><T109/><D109/><U2/><E108/><V6/><F84/><N who="3" m="52391" /><G107/><T54/><D128/><U111/><E111/><V120/><F6/><W47/><G33/><T36/><D30/><U130/><E134/><V81/><F81/><W40/><G26/><T27/><D27/><U57/><E130/><V82/><F82/><W31/><G31/><T0/><D10/><N who="3" m="4201" /><G103/><T15/><D0/><U32/><E2/><V21/><F42/><W43/><G47/><T92/><D15/><U115/><E7/><V55/><F120/><W35/><G35/><T125/><D125/><U123/><E123/><V79/><F79/><AGARI ba="0,0" hai="22,25,29,40,43,76,78,79" m="4201,52391" machi="79" ten="30,1000,0" yaku="8,1" doraHai="97" who="3" fromWho="2" sc="250,0,250,0,250,-10,250,10" /><INIT seed="1,0,0,4,4,104" ten="250,250,240,260" oya="1" hai0="43,113,7,39,82,99,17,76,48,105,19,74,118" hai1="87,98,120,94,97,109,25,129,9,72,10,79,66" hai2="46,22,36,132,96,126,83,89,131,44,114,95,31" hai3="121,101,26,134,102,56,53,61,51,127,49,65,63"/><U71/><E120/><V30/><F114/><W106/><G121/><T52/><D113/><U3/><E129/><V37/><F131/><W81/><G127/><T59/><D118/><U123/><E123/><V73/><F126/><W68/><G134/><T57/><D7/><U29/><E109/><V124/><F132/><W21/><G81/><T47/><REACH who="0" step="1"/><D59/><REACH who="0" ten="240,250,240,260" step="2"/><U18/><E71/><V16/><F124/><W0/><G0/><T86/><D86/><U67/><E87/><N who="2" m="50431" /><F73/><W110/><G110/><T38/><D38/><U41/><E3/><V1/><F37/><W12/><G68/><T130/><D130/><U117/><E72/><V20/><F36/><W125/><G56/><T115/><D115/><U85/><E85/><V112/><F112/><W75/><G125/><T34/><D34/><U4/><E117/><V111/><F111/><W84/><G75/><T122/><D122/><U28/><E4/><V90/><F1/><W93/><G84/><T40/><D40/><U50/><E41/><V103/><F46/><W5/><G5/><T91/><D91/><U15/><E98/><V2/><F44/><W128/><G128/><T62/><D62/><U116/><E116/><V100/><F2/><W70/><G61/><T6/><D6/><U33/><E33/><V135/><F135/><W133/><G63/><T78/><D78/><U24/><E97/><V107/><F90/><W92/><G70/><T32/><D32/><U58/><E79/><V64/><F96/><W54/><G133/><T119/><D119/><U69/><E69/><V8/><F103/><AGARI ba="0,1" hai="17,19,39,43,47,48,52,57,74,76,82,99,103,105" machi="103" ten="40,8000,1" yaku="1,1,52,1,54,1,53,1" doraHai="104" doraHaiUra="45" who="0" fromWho="2" sc="240,90,250,0,240,-80,260,0" /><INIT seed="2,0,0,5,0,93" ten="330,250,160,260" oya="2" hai0="77,120,66,21,73,86,0,47,113,101,60,39,8" hai1="53,12,23,121,117,133,119,45,105,122,56,30,2" hai2="92,79,108,76,44,4,95,88,75,14,107,17,85" hai3="33,127,52,65,78,111,7,46,100,109,38,126,129"/><V41/><F107/><W36/><G33/><T26/><D120/><N who="1" m="46187" /><E105/><V6/><F108/><N who="3" m="41547" /><G78/><T104/><D113/><U20/><E45/><V58/><F58/><W18/><G7/><N who="2" m="2601" /><F75/><W74/><G74/><T68/><D73/><U51/><E2/><V81/><F79/><W134/><G18/><T118/><D118/><N who="1" m="45067" /><E133/><V59/><F76/><W72/><G72/><T91/><D77/><U29/><E12/><V135/><F135/><W16/><G16/><T61/><D0/><U98/><E98/><V42/><F59/><W102/><G134/><T84/><D47/><U54/><E54/><V49/><F42/><W62/><G102/><T103/><D103/><U11/><E11/><AGARI ba="0,0" hai="11,14,17,41,44,49,81,85,88,92,95" m="2601" machi="11" ten="30,2900,0" yaku="8,1,54,1" doraHai="93" who="2" fromWho="1" sc="330,0,250,-29,160,29,260,0" /><INIT seed="2,1,0,3,1,111" ten="330,221,189,260" oya="2" hai0="43,67,98,3,1,15,11,87,26,83,101,107,9" hai1="63,37,35,45,20,79,61,13,100,59,24,103,70" hai2="12,80,6,94,135,42,132,50,88,121,127,40,0" hai3="48,7,51,17,10,120,78,110,71,31,96,90,75"/><V38/><F121/><W99/><G120/><T27/><D67/><U113/><E35/><V130/><F0/><W89/><G71/><T4/><D43/><U29/><E79/><V106/><F106/><W62/><G31/><T49/><D49/><N who="3" m="19017" /><G75/><T64/><D64/><U105/><E70/><V52/><F127/><W23/><G110/><T21/><D11/><U97/><E100/><V85/><F130/><W22/><G78/><T128/><D128/><U92/><E105/><V112/><F112/><W95/><G62/><T116/><D116/><U68/><E68/><V30/><F30/><W129/><G7/><T19/><D1/><U77/><E77/><AGARI ba="1,0" hai="3,4,9,15,19,21,26,27,77,83,87,98,101,107" machi="77" ten="30,1000,0" yaku="7,1" doraHai="111" who="0" fromWho="1" sc="330,13,221,-13,189,0,260,0" /><INIT seed="3,0,0,3,3,37" ten="343,208,189,260" oya="3" hai0="93,36,110,15,111,58,20,41,117,92,96,98,71" hai1="133,70,75,1,77,135,25,114,79,5,108,101,51" hai2="104,18,64,134,120,32,129,122,47,0,74,34,109" hai3="123,121,16,82,105,4,11,131,29,46,127,23,19"/><W13/><G105/><T14/><D71/><U90/><E114/><V97/><F74/><W61/><G127/><T9/><D117/><U28/><E70/><V116/><F116/><W126/><G126/><T113/><D113/><U91/><E101/><N who="2" m="62511" /><F0/><W43/><G131/><T59/><D20/><N who="1" m="15399" /><E51/><V8/><F64/><W60/><G29/><T68/><D68/><U119/><E119/><V80/><F80/><W55/><G19/><T38/><D9/><N who="1" m="2223" /><E75/><V53/><F129/><W115/><G115/><T27/><D27/><U86/><E91/><V33/><F134/><N who="1" m="51209" /><E108/><V94/><F109/><W39/><G82/><AGARI ba="0,0" hai="77,79,82,86,90" m="51209,2223,15399" machi="82" ten="30,1000,0" yaku="20,1" doraHai="37" who="1" fromWho="3" sc="343,0,208,10,189,0,260,-10" owari="343,44.3,218,-18.2,189,-31.1,250,5.0" /></mjloggm>