<mjloggm ver="2.3"><GO type="225" lobby="0"/><UN n0="%47%68%6F%73%74%55%30" n1="%E9%80%86%E9%80%A3%E5%B8%AF%E3%81%AE%E9%AC%BC" n2="%E3%83%8F%E3%83%B3%E3%83%89%E3%83%A9%E3%83%BC%E3%83%BB%E3%83%AF%E3%83%B3" n3="%77%72%77%72%77%72%77%72" dan="16,17,17,17" rate="2117.99,2129.57,2171.73,2172.93" sx="F,M,M,M"/><TAIKYOKU oya="0"/><INIT seed="0,0,0,2,3,82" ten="250,250,250,250" oya="0" hai0="111,65,50,43,1,31,28,66,90,112,67,6,133" hai1="56,23,94,22,25,13,61,108,64,131,80,99,84" hai2="113,7,55,37,57,18,20,117,134,118,85,68,30" hai3="73,17,39,19,32,121,78,38,24,58,124,16,129"/><T34/><D112/><U21/><E131/><V104/><F113/><W77/><G129/><T123/><D123/><U87/><E108/><V14/><F68/><W53/><G121/><T47/><D34/><U107/><E107/><V2/><F37/><W4/><G124/><T71/><D71/><U27/><E13/><V0/><F104/><W12/><G38/><T132/><D111/><U106/><E106/><V86/><F30/><W74/><G39/><T93/><D6/><U5/><E5/><V45/><F45/><W128/><G128/><T88/><D1/><N who="2" m="618" /><F7/><W54/><G73/><T51/><D51/><U100/><REACH who="1" step="1"/><E87/><REACH who="1" ten="250,240,250,250" step="2"/><V76/><F134/><N who="0" m="51818" /><D90/><AGARI ba="0,1" hai="21,22,23,25,27,56,61,64,80,84,90,94,99,100" machi="90" ten="40,5200,0" yaku="1,1,8,1,52,1,53,0" doraHai="82" doraHaiUra="26" who="1" fromWho="0" sc="250,-52,240,62,250,0,250,0" /><INIT seed="1,0,0,0,4,53" ten="198,302,250,250" oya="1" hai0="13,81,10,45,33,112,39,88,61,66,4,132,7" hai1="62,47,100,14,60,70,9,32,36,121,68,84,129" hai2="120,118,22,58,51,5,6,25,93,27,114,104,73" hai3="44,107,35,71,122,123,0,15,103,78,115,65,56"/><U8/><E32/><V109/><F104/><W21/><G0/><T48/><D112/><U72/><E72/><V77/><F118/><W94/><G35/><T38/><D33/><U130/><E121/><V91/><F120/><W135/><G115/><T131/><D131/><U1/><E100/><V43/><F114/><W28/><G71/><T20/><D132/><U127/><E1/><V126/><F109/><W82/><G107/><T49/><D20/><U92/><E127/><V75/><F126/><W86/><G135/><T111/><D111/><U85/><E92/><V64/><F25/><N who="3" m="16431" /><G15/><T23/><D23/><U76/><E47/><N who="2" m="26111" /><F77/><W40/><G40/><T2/><D48/><U101/><E101/><V133/><F75/><W90/><G44/><T124/><D124/><U19/><E36/><V57/><F73/><W108/><G108/><T89/><D2/><U41/><E41/><V34/><F34/><W79/><G123/><T55/><D4/><N who="2" m="1642" /><F64/><W18/><G18/><T96/><D38/><U105/><E105/><V74/><F74/><W98/><G122/><T63/><D39/><U17/><E76/><V24/><F24/><W67/><G67/><T54/><D66/><U69/><E69/><V50/><F50/><W99/><G99/><T52/><D63/><AGARI ba="0,0" hai="56,63,65,78,79,82,86,90,94,98,103" m="16431" machi="63" ten="30,3900,0" yaku="25,1,8,1,52,1" doraHai="53" who="3" fromWho="0" sc="198,-39,302,0,250,0,250,39" /><INIT seed="2,0,0,1,0,65" ten="159,302,250,289" oya="2" hai0="102,125,100,127,29,59,17,129,0,11,69,99,112" hai1="114,16,85,120,2,28,48,124,7,56,21,58,30" hai2="78,113,61,42,121,132,68,25,104,91,108,92,72" hai3="62,10,20,106,5,27,64,67,110,79,53,24,111"/><V51/><F113/><W101/><G79/><T6/><D69/><U73/><E114/><V34/><F121/><W119/><G119/><T31/><D112/><U4/><E73/><V98/><F132/><W97/><G53/><T45/><D59/><U19/><E120/><V103/><F108/><N who="3" m="41515" /><G20/><T77/><D77/><U38/><E38/><V33/><F42/><W87/><G87/><T47/><D17/><U83/><E124/><V75/><F51/><W63/><G63/><T131/><D11/><U95/><E95/><V13/><F13/><N who="3" m="5327" /><G64/><T123/><D123/><U36/><E36/><V50/><F50/><W118/><G118/><T22/><D22/><U117/><E117/><V1/><F1/><W107/><G106/><T14/><D14/><U94/><E19/><V41/><F41/><W109/><N who="3" m="41523" /><W60/><DORA hai="86" /><G60/><T90/><D0/><U26/><E2/><V89/><F78/><W93/><G107/><T8/><D8/><U18/><E18/><V88/><F92/><W32/><G32/><T12/><D12/><U71/><E94/><V116/><F116/><W66/><G66/><T82/><D6/><U15/><E4/><V43/><F43/><W35/><G35/><T134/><D134/><U49/><E7/><V80/><F80/><W37/><G37/><T57/><D82/><U9/><E9/><V76/><F76/><W70/><AGARI ba="0,0" hai="24,27,62,67,70,93,97,101" m="5327,41523" machi="70" ten="40,2700,0" yaku="14,1,52,1" doraHai="65,86" who="3" fromWho="3" sc="159,-7,302,-7,250,-13,289,27" /><INIT seed="3,0,0,1,0,51" ten="152,295,237,316" oya="3" hai0="22,43,7,117,112,55,21,19,109,52,36,63,40" hai1="77,47,14,120,41,24,33,71,50,49,68,48,4" hai2="57,79,126,114,92,83,9,135,86,122,116,61,129" hai3="13,110,58,75,65,60,56,38,102,134,89,97,42"/><W69/><G75/><T34/><D117/><U23/><E120/><V88/><F114/><W113/><G113/><T118/><D118/><U31/><E77/><V133/><F116/><W29/><G110/><T98/><D112/><U125/><E125/><V54/><F126/><W93/><G134/><T96/><D34/><U128/><E128/><V82/><F129/><W35/><G13/><T15/><D109/><U95/><E95/><V37/><F37/><W16/><G16/><N who="0" m="10399" /><D36/><U59/><E33/><V46/><F122/><W103/><G42/><N who="0" m="15915" /><D7/><U105/><E105/><V3/><F46/><W87/><G103/><T6/><D6/><U45/><E45/><V74/><F3/><W70/><G70/><T66/><D66/><U2/><E2/><V76/><REACH who="2" step="1"/><F9/><REACH who="2" ten="152,295,227,316" step="2"/><W5/><G38/><T104/><D104/><U72/><E47/><V28/><F28/><W99/><G29/><T12/><D63/><U32/><E31/><V27/><F27/><W80/><G60/><T119/><D119/><U101/><E24/><V100/><F100/><W17/><G102/><T108/><D108/><U91/><E101/><V124/><F124/><W44/><G35/><T25/><D25/><U20/><E32/><V106/><F106/><W67/><G69/><T10/><D10/><U8/><E71/><V73/><AGARI ba="0,1" hai="54,57,61,73,74,76,79,82,83,86,88,92,133,135" machi="73" ten="30,8000,1" yaku="1,1,0,1,9,1,52,1,54,1,53,0" doraHai="51" doraHaiUra="94" who="2" fromWho="2" sc="152,-20,295,-20,227,90,316,-40" owari="132,-36.8,275,-12.5,317,41.7,276,7.6" /></mjloggm>