<mjloggm ver="2.3"><GO type="225" lobby="0"/><UN n0="%E5%A4%8F%E9%88%B4%E9%88%B4%E5%A4%8F" n1="%E3%83%A9%E3%82%B9%E7%8E%87%EF%BC%93%E5%89%B2" n2="%65%76%69%61%6E%36%31%39" n3="%E9%A6%AC%E5%BC%95%E7%81%AB%33" dan="16,16,16,16" rate="2111.91,2196.23,2068.80,2062.21" sx="F,F,M,M"/><TAIKYOKU oya="0"/><INIT seed="0,0,0,3,3,5" ten="250,250,250,250" oya="0" hai0="74,65,80,34,31,2,49,103,106,99,109,67,126" hai1="134,50,124,55,108,13,32,22,41,4,127,98,94" hai2="53,25,82,128,92,125,18,119,104,16,8,15,131" hai3="23,87,130,85,10,113,47,105,100,12,38,35,95"/><T29/><D2/><U40/><E32/><V33/><F104/><W59/><G113/><T84/><D126/><N who="1" m="48171" /><E108/><V102/><F125/><W120/><G35/><T89/><D109/><U0/><E0/><V11/><F82/><W81/><G105/><T27/><D31/><U64/><E64/><V57/><F119/><W45/><G130/><N who="2" m="49705" /><F33/><W68/><G68/><T61/><D74/><U83/><E83/><V115/><F25/><W21/><G120/><T110/><D110/><U48/><E134/><V88/><F102/><W135/><G135/><T39/><D39/><U101/><E50/><N who="2" m="30903" /><F115/><W107/><G107/><T76/><D76/><U46/><E22/><N who="3" m="8202" /><G38/><T90/><D49/><U60/><E60/><V42/><F42/><W78/><G59/><T133/><D133/><U121/><E121/><V72/><F72/><W91/><G100/><T75/><D75/><U70/><E70/><V20/><F18/><AGARI ba="0,0" hai="10,12,18,45,47,78,81,85,87,91,95" m="8202" machi="18" ten="30,2000,0" yaku="8,1,52,1" doraHai="5" who="3" fromWho="2" sc="250,0,250,0,250,-20,250,20" /><INIT seed="1,0,0,5,1,127" ten="250,250,230,270" oya="1" hai0="81,108,115,13,41,87,11,54,73,34,80,12,49" hai1="61,10,102,101,110,28,53,113,38,7,45,105,26" hai2="37,111,69,36,109,96,17,18,8,51,46,116,44" hai3="107,52,19,50,124,86,91,70,60,92,35,122,40"/><U59/><E113/><V83/><F116/><W2/><G122/><T66/><D115/><U97/><E110/><N who="2" m="41995" /><F69/><W82/><G107/><T85/><D34/><U29/><E102/><V134/><F96/><W131/><G124/><T112/><D112/><U62/><E62/><V89/><F8/><W94/><G2/><T130/><D108/><U117/><E117/><V106/><F106/><W135/><G135/><T5/><D41/><U21/><E45/><N who="2" m="17515" /><F51/><W114/><G35/><T84/><D66/><U9/><E38/><N who="2" m="14955" /><F134/><W132/><G132/><T100/><D100/><U68/><E68/><V48/><F48/><W88/><G114/><T42/><D42/><U23/><REACH who="1" step="1"/><E7/><REACH who="1" ten="250,240,230,270" step="2"/><V64/><F64/><W67/><G60/><T65/><D65/><U129/><E129/><V6/><F6/><W133/><G131/><T98/><D130/><U0/><E0/><V43/><F43/><W47/><G133/><T30/><D5/><U126/><E126/><V120/><F120/><W76/><G40/><T57/><D49/><U79/><E79/><V55/><F55/><W119/><G67/><T121/><D54/><U93/><E93/><N who="3" m="35946" /><G70/><T20/><D121/><U32/><E32/><V31/><F31/><W25/><G119/><T77/><D30/><U39/><E39/><V14/><F14/><W95/><G95/><T63/><D13/><U90/><E90/><V99/><F99/><W72/><G72/><T75/><D98/><U3/><E3/><V56/><F89/><W33/><G33/><T16/><D77/><U125/><E125/><V24/><F18/><W58/><G47/><RYUUKYOKU ba="0,1" sc="250,-15,240,15,230,-15,270,15" hai1="9,10,21,23,26,28,29,53,59,61,97,101,105" hai3="19,25,50,52,58,76,82,86,88,91" /><INIT seed="1,1,1,3,4,113" ten="235,255,215,285" oya="1" hai0="107,8,135,70,72,66,10,117,98,112,97,104,102" hai1="122,132,19,52,91,88,101,105,42,82,39,14,92" hai2="100,129,12,43,75,79,57,26,62,115,95,53,116" hai3="54,93,49,127,123,125,130,133,21,60,99,80,20"/><U111/><E122/><V124/><F116/><W28/><G123/><T81/><D112/><U68/><E68/><V50/><F129/><W41/><G130/><T71/><D135/><U89/><E132/><V83/><F124/><N who="3" m="47691" /><G133/><T2/><D117/><U13/><E105/><V65/><F115/><W118/><G118/><T131/><D131/><U67/><E111/><V55/><F12/><N who="1" m="4713" /><E39/><V24/><F43/><W38/><G60/><T25/><D25/><U109/><E42/><V63/><F100/><N who="3" m="60527" /><G80/><T51/><D51/><U47/><E67/><V31/><F95/><W30/><G30/><T77/><D66/><U106/><E106/><V128/><F31/><W94/><G94/><T110/><D110/><U23/><E109/><V96/><F96/><W33/><G28/><T114/><D114/><U69/><E69/><V9/><F9/><W4/><G4/><N who="0" m="1047" /><D10/><U11/><E11/><V64/><F128/><W86/><G86/><T16/><D16/><U126/><E126/><V59/><REACH who="2" step="1"/><F50/><REACH who="2" ten="235,255,205,285" step="2"/><W17/><G17/><T74/><D98/><N who="1" m="57607" /><E101/><V7/><F7/><W85/><G33/><T73/><D107/><U108/><E108/><V27/><AGARI ba="1,2" hai="24,26,27,53,55,57,59,62,63,64,65,75,79,83" machi="27" ten="30,4000,0" yaku="1,1,0,1,9,1,53,0" doraHai="113" doraHaiUra="18" who="2" fromWho="2" sc="235,-11,255,-21,205,63,285,-11" /><INIT seed="2,0,0,3,2,101" ten="224,234,268,274" oya="2" hai0="66,5,81,29,75,31,100,19,111,27,76,86,119" hai1="32,108,124,28,38,50,104,9,134,133,43,128,90" hai2="15,74,36,34,107,3,37,39,62,54,117,116,17" hai3="122,97,58,8,52,45,109,92,103,35,56,22,48"/><V49/><F3/><W113/><G122/><T21/><D111/><U105/><E108/><V123/><F123/><W110/><G35/><T20/><D119/><U55/><E128/><V30/><F74/><W120/><G120/><T135/><D135/><N who="1" m="51723" /><E124/><V91/><F62/><W83/><G113/><T53/><D5/><U46/><E28/><V78/><F78/><W7/><G109/><T82/><D66/><U0/><E32/><V129/><F129/><W57/><G110/><T63/><D100/><U85/><E9/><V69/><F69/><W93/><G22/><T70/><D21/><U11/><E11/><V102/><F91/><W4/><G92/><T89/><REACH who="0" step="1"/><D70/><REACH who="0" ten="214,234,268,274" step="2"/><U98/><E0/><V23/><F117/><W114/><G114/><T94/><D94/><N who="1" m="54607" /><E98/><V12/><F116/><W61/><G8/><T125/><D125/><U68/><E68/><V13/><F34/><W40/><G83/><T127/><D127/><U14/><E14/><V121/><F121/><W64/><G64/><T65/><D65/><U24/><E24/><V18/><F13/><W77/><G97/><T71/><D71/><U95/><E95/><V60/><F12/><W44/><G93/><T130/><D130/><U25/><E25/><N who="2" m="16703" /><F15/><W1/><G4/><T47/><D47/><AGARI ba="0,1" hai="38,43,46,47,50,55,104,105" m="54607,51723" machi="47" ten="30,3900,0" yaku="20,1,52,2" doraHai="101" who="1" fromWho="0" sc="214,-39,234,49,268,0,274,0" /><INIT seed="3,0,0,2,4,27" ten="175,283,268,274" oya="3" hai0="131,19,107,40,29,0,41,24,2,97,56,117,45" hai1="42,12,16,39,85,106,118,83,9,128,130,115,11" hai2="132,63,61,53,51,108,67,96,87,6,120,86,133" hai3="134,58,109,23,54,88,33,36,38,7,68,93,48"/><W90/><G33/><T82/><D131/><N who="1" m="50219" /><E115/><V100/><F108/><W73/><G68/><T101/><D117/><U84/><E118/><V43/><F43/><W98/><G73/><T5/><D19/><U77/><E106/><V125/><F6/><W81/><G7/><T78/><D56/><U64/><E64/><V22/><F125/><W71/><G71/><T103/><D101/><U126/><E126/><V122/><F67/><W105/><G105/><T52/><D52/><U32/><E32/><V80/><F22/><W26/><G109/><T31/><D5/><U102/><E102/><V62/><F96/><W95/><G81/><T50/><D40/><U15/><E85/><N who="2" m="32267" /><F80/><W66/><G134/><N who="2" m="51817" /><F100/><W4/><G4/><T75/><REACH who="0" step="1"/><D24/><REACH who="0" ten="165,283,268,274" step="2"/><U35/><E42/><V28/><F122/><W119/><G119/><T69/><D69/><U111/><E111/><V21/><F120/><W92/><G66/><T10/><D10/><U57/><E57/><N who="2" m="32959" /><F63/><W116/><G116/><T70/><D70/><U76/><E11/><V89/><F62/><W121/><G121/><T110/><D110/><U60/><E60/><V113/><F61/><W94/><G54/><T49/><D49/><U65/><E65/><V1/><F1/><AGARI ba="0,1" hai="0,1,2,29,31,41,45,50,75,78,82,97,103,107" machi="1" ten="40,5200,0" yaku="1,1,52,2,53,0" doraHai="27" doraHaiUra="13" who="0" fromWho="2" sc="165,62,283,0,268,-52,274,0" /><INIT seed="4,0,0,3,2,77" ten="227,283,216,274" oya="0" hai0="42,65,119,26,12,100,74,8,17,133,11,51,120" hai1="86,31,117,93,75,2,135,115,99,130,121,103,82" hai2="114,59,79,46,88,19,80,106,109,7,36,61,33" hai3="97,95,3,38,40,32,62,126,72,71,27,18,52"/><T49/><D120/><U105/><E121/><V21/><F33/><W45/><G72/><T78/><D119/><U116/><E2/><V111/><F106/><W123/><G123/><T30/><D65/><U125/><E31/><V70/><F70/><W58/><G3/><T15/><D100/><U24/><E24/><V104/><F104/><W94/><G126/><T132/><D78/><N who="1" m="44383" /><E125/><V87/><F7/><W102/><G71/><T90/><D90/><N who="1" m="53463" /><E130/><V6/><F6/><W98/><G18/><N who="0" m="8455" /><D74/><U9/><E135/><N who="0" m="51785" /><D42/><U29/><E29/><V73/><F114/><W44/><G44/><T113/><D113/><U118/><E9/><V124/><F46/><W55/><G27/><T81/><D81/><U67/><E115/><V25/><F36/><W47/><G47/><T128/><D128/><U129/><E129/><V76/><F124/><W122/><G122/><T134/><N who="0" m="51793" /><T41/><DORA hai="107" /><D41/><U56/><E56/><V92/><F79/><W35/><G55/><AGARI ba="0,0" hai="19,21,25,55,59,61,73,76,80,87,88,92,109,111" machi="55" ten="30,7700,0" yaku="7,1,52,2,54,1" doraHai="77,107" who="2" fromWho="3" sc="227,0,283,0,216,77,274,-77" /><INIT seed="5,0,0,3,1,77" ten="227,283,293,197" oya="1" hai0="1,79,88,104,78,86,93,55,58,42,8,3,72" hai1="40,16,76,82,32,125,27,68,108,85,122,20,129" hai2="105,123,102,41,36,120,7,80,15,121,111,25,118" hai3="115,64,96,2,75,114,48,17,128,95,107,10,11"/><U19/><E122/><V21/><F118/><W5/><G107/><T49/><D104/><U87/><E68/><V110/><F80/><W91/><G75/><T117/><D117/><U52/><E129/><V132/><F15/><W130/><G64/><T63/><D8/><U103/><E125/><V33/><F7/><W92/><G48/><T127/><D127/><U23/><E32/><V37/><F132/><W89/><G17/><T61/><D61/><U28/><E108/><N who="2" m="41515" /><F21/><W18/><G18/><N who="1" m="6698" /><E23/><V51/><F51/><W30/><G30/><T74/><D74/><U9/><E103/><V0/><F0/><W45/><G45/><T135/><D135/><U126/><E40/><V83/><F83/><W22/><G22/><T66/><D42/><U60/><E87/><V81/><F81/><W73/><G73/><T44/><D72/><U14/><E126/><V56/><F56/><W59/><G59/><T99/><D86/><U116/><E116/><V124/><F124/><W67/><G67/><T131/><D131/><N who="3" m="50217" /><G10/><T29/><D29/><U69/><E69/><V133/><F133/><W38/><G38/><T97/><D97/><AGARI ba="0,0" hai="2,5,11,89,91,92,95,96,97,114,115" m="50217" machi="97" ten="30,1000,0" yaku="19,1" doraHai="77" who="3" fromWho="0" sc="227,-10,283,0,293,0,197,10" /><INIT seed="6,0,0,2,5,12" ten="217,283,293,207" oya="2" hai0="26,66,125,123,95,116,134,92,94,56,83,73,124" hai1="23,127,80,19,119,84,62,79,112,85,86,93,100" hai2="47,35,87,28,33,1,109,135,133,39,65,44,118" hai3="71,113,63,78,117,7,74,57,27,111,45,49,99"/><V64/><F118/><W102/><G111/><T51/><D123/><U9/><E119/><V6/><F87/><N who="1" m="33353" /><E112/><V81/><F81/><W130/><G117/><T69/><D116/><U114/><E127/><V43/><F47/><W105/><G130/><T59/><D51/><U31/><E114/><V24/><F35/><W11/><G113/><T70/><D56/><U110/><E110/><V14/><F1/><W18/><G71/><T25/><D26/><N who="1" m="14719" /><E9/><N who="2" m="4407" /><F109/><W17/><G27/><T82/><D25/><U122/><E62/><V2/><F2/><W32/><G32/><T16/><D69/><U20/><E122/><V108/><F108/><W38/><G38/><T72/><D70/><U21/><E31/><V90/><F90/><W4/><G4/><T34/><D72/><U126/><E126/><N who="0" m="48745" /><D73/><U53/><E53/><V98/><F98/><AGARI ba="0,0" hai="20,21,79,80,86,93,98,100" m="14719,33353" machi="98" ten="30,2000,0" yaku="8,1,52,1" doraHai="12" who="1" fromWho="2" sc="217,0,283,20,293,-20,207,0" owari="217,-18.3,303,40.3,273,7.3,207,-29.3" /></mjloggm>