<mjloggm ver="2.3"><GO type="225" lobby="0"/><UN n0="%E6%98%93%E5%88%A9%E8%96%A9%E4%BC%AF" n1="%E6%9D%B1%E9%A2%A8%E3%81%AE%E3%81%8D%E3%82%83%E3%81%B7%E3%81%95%E3%82%93" n2="%E5%B0%8F%E9%B3%A5%E9%81%8A%E7%B7%B4%E7%84%A1%32%31%E6%AD%B3" n3="%E3%82%A4%E3%83%BC%E3%82%B1%E3%83%97%E3%83%A9" dan="17,16,17,16" rate="2130.85,2187.67,2162.23,2115.67" sx="F,M,F,M"/><TAIKYOKU oya="0"/><INIT seed="0,0,0,3,4,82" ten="250,250,250,250" oya="0" hai0="51,132,33,1,19,8,54,83,101,74,77,20,62" hai1="84,130,35,50,120,25,14,123,59,106,63,72,98" hai2="90,24,23,38,97,49,124,126,135,13,36,70,58" hai3="103,37,128,104,42,73,55,46,121,32,80,48,69"/><T91/><D132/><U99/><E72/><V4/><F70/><W0/><G0/><T9/><D33/><U53/><E130/><V64/><F135/><W86/><G32/><T129/><D101/><U100/><E99/><V7/><F13/><W92/><G128/><T27/><D129/><U43/><E14/><V31/><F4/><W119/><G119/><T111/><D111/><U75/><E75/><V68/><F7/><W94/><G69/><T127/><D62/><U107/><E107/><V79/><F79/><W61/><G73/><T89/><D127/><N who="2" m="48682" /><F68/><W87/><G61/><T6/><REACH who="0" step="1"/><D9/><REACH who="0" ten="240,250,250,250" step="2"/><U105/><E105/><V76/><F23/><W47/><G121/><T22/><D22/><U117/><E117/><V34/><F34/><W71/><G104/><T131/><D131/><U81/><E35/><V108/><F108/><W30/><G103/><T122/><D122/><U96/><E100/><V52/><F36/><W134/><G134/><T5/><D5/><U40/><E106/><V67/><F38/><W3/><G37/><T78/><D78/><N who="1" m="46135" /><E123/><V95/><F76/><W110/><G110/><T133/><D133/><U125/><E120/><V57/><F57/><AGARI ba="0,1" hai="1,6,8,19,20,27,51,54,57,74,77,83,89,91" machi="57" ten="30,2900,0" yaku="1,1,7,1,53,0" doraHai="82" doraHaiUra="26" who="0" fromWho="2" sc="240,39,250,0,250,-29,250,0" /><INIT seed="0,1,0,4,1,69" ten="279,250,221,250" oya="0" hai0="48,14,106,21,27,31,126,38,131,25,71,28,128" hai1="2,78,88,47,29,36,101,97,55,94,117,109,125" hai2="75,83,108,7,135,127,32,77,63,6,64,16,43" hai3="124,56,51,46,13,104,42,45,66,53,59,102,35"/><T62/><D106/><U119/><E109/><V81/><F32/><W54/><G35/><T4/><D48/><U17/><E125/><V41/><F127/><W114/><G124/><T133/><D126/><U93/><E2/><V18/><F108/><W98/><G114/><T39/><D133/><U10/><E29/><V30/><F30/><W50/><G66/><T130/><D71/><U33/><E78/><V123/><F135/><W86/><G86/><T99/><D62/><U22/><E33/><V96/><F83/><W23/><G42/><T113/><D113/><U37/><E10/><V82/><F96/><W134/><G134/><T111/><D111/><U110/><E110/><V52/><F64/><W74/><G74/><T5/><D99/><U121/><E121/><V11/><F82/><W118/><G118/><T19/><D28/><U20/><E20/><V68/><F6/><N who="0" m="2666" /><D27/><U76/><E76/><V120/><F68/><W70/><G70/><T61/><D61/><U57/><E47/><V90/><F123/><W105/><G105/><T115/><D115/><U26/><E119/><V40/><F90/><W92/><G104/><T67/><D67/><U116/><E116/><V34/><F34/><AGARI ba="1,0" hai="14,19,21,25,31,34,38,39,128,130,131" m="2666" machi="34" ten="30,5800,0" yaku="19,1,52,2" doraHai="69" who="0" fromWho="2" sc="279,61,250,0,221,-61,250,0" /><INIT seed="0,2,0,1,5,15" ten="340,250,160,250" oya="0" hai0="38,4,118,40,88,113,30,97,125,42,36,91,47" hai1="26,13,56,28,10,11,68,78,45,29,19,27,90" hai2="12,96,76,82,133,77,134,2,75,37,123,100,70" hai3="120,93,44,7,64,106,55,132,8,3,49,72,31"/><T32/><D113/><U60/><E68/><V89/><F37/><W110/><G106/><T117/><D125/><U22/><E78/><V103/><F70/><W127/><G110/><T135/><D135/><N who="2" m="51722" /><F12/><W34/><G132/><T54/><D4/><U71/><E71/><V48/><F48/><W85/><G72/><T65/><D65/><U131/><E131/><V87/><F2/><W35/><G127/><T69/><D69/><U86/><E45/><V21/><F21/><W105/><G105/><T52/><D30/><U114/><E114/><V25/><F25/><W128/><G64/><T17/><D97/><U80/><E27/><V6/><F6/><W41/><G128/><T73/><D73/><U81/><E81/><N who="2" m="45215" /><F123/><W51/><G31/><T74/><D74/><U9/><REACH who="1" step="1"/><E28/><REACH who="1" ten="340,240,160,250" step="2"/><V18/><F18/><W130/><G130/><T124/><D124/><U33/><E33/><V98/><F77/><W84/><G120/><T122/><D122/><U5/><E5/><V43/><F43/><W108/><G35/><T0/><D32/><U129/><E129/><V14/><F14/><W61/><G34/><T59/><D0/><U94/><E94/><N who="2" m="56399" /><F103/><W121/><G121/><T115/><D17/><U112/><E112/><V102/><F98/><W116/><G7/><T104/><D47/><U79/><E79/><V58/><F58/><W62/><G44/><T23/><D59/><U111/><E111/><V53/><F53/><AGARI ba="2,1" hai="9,10,11,13,19,22,26,29,53,56,60,80,86,90" machi="53" ten="30,7700,0" yaku="1,1,7,1,8,1,52,1,53,0" doraHai="15" doraHaiUra="119" who="1" fromWho="2" sc="340,0,240,93,160,-83,250,0" /><INIT seed="1,0,0,4,2,93" ten="340,333,77,250" oya="1" hai0="26,81,123,82,27,90,86,55,51,135,5,42,126" hai1="77,64,31,105,17,35,129,0,49,133,67,119,52" hai2="59,32,4,7,39,96,6,100,40,19,69,95,66" hai3="113,45,92,29,30,89,13,134,46,108,103,131,101"/><U88/><E105/><V18/><F32/><W22/><G113/><T15/><D135/><U23/><E0/><V14/><F69/><W71/><G71/><T24/><D126/><U111/><E77/><V115/><F115/><W12/><G134/><T1/><D1/><U80/><E119/><V70/><F70/><W94/><G108/><T124/><D124/><U107/><E107/><V73/><F73/><W16/><G131/><T68/><D68/><U34/><E133/><V99/><F40/><W102/><G13/><T74/><D42/><U28/><E129/><V116/><F39/><W83/><G83/><N who="0" m="49503" /><D74/><U79/><E79/><V132/><F132/><W128/><G94/><T97/><D97/><U63/><E111/><V121/><F116/><W56/><G56/><N who="0" m="32895" /><D123/><U125/><E125/><V36/><F36/><W65/><G65/><N who="1" m="25162" /><E63/><N who="2" m="38271" /><F121/><W9/><G128/><T33/><D33/><U104/><E104/><V47/><F47/><N who="3" m="17931" /><G22/><T57/><D57/><N who="1" m="32911" /><E35/><V50/><F50/><W21/><G21/><T38/><D38/><U130/><E34/><V122/><F122/><W53/><G53/><T60/><D60/><U58/><E58/><V91/><F14/><W10/><G10/><AGARI ba="0,0" hai="5,10,15,24,26,27,81,82" m="32895,49503" machi="10" ten="30,1000,0" yaku="8,1" doraHai="93" who="0" fromWho="3" sc="340,10,333,0,77,0,250,-10" /><INIT seed="2,0,0,5,0,12" ten="350,333,77,240" oya="2" hai0="0,9,61,122,75,93,57,113,42,87,117,82,121" hai1="8,74,126,31,91,44,89,58,102,110,5,24,55" hai2="63,86,124,107,14,20,60,120,127,39,32,41,64" hai3="125,3,85,67,37,70,99,49,84,13,80,118,46"/><V38/><F107/><W33/><G118/><T34/><D113/><U29/><E74/><V88/><F32/><W108/><G3/><T71/><D71/><U94/><E110/><V123/><F41/><W68/><G37/><T52/><D34/><U35/><E31/><V56/><F60/><W15/><G108/><T115/><D115/><U40/><E126/><N who="2" m="48171" /><F38/><W96/><G125/><T131/><D42/><U95/><E102/><V25/><F14/><W30/><G30/><T133/><D133/><U132/><E132/><V72/><F72/><W59/><G33/><T16/><D117/><U97/><E40/><V53/><F64/><W47/><G67/><T78/><D131/><U79/><E79/><V6/><F6/><W103/><G49/><T104/><D104/><U116/><E44/><V83/><F39/><W128/><G128/><T17/><D122/><U81/><E116/><V54/><F54/><W100/><G59/><T129/><D121/><U106/><E106/><V98/><F98/><W22/><G22/><T19/><D129/><U18/><E55/><V10/><F10/><W50/><G50/><T130/><D130/><U111/><E58/><V73/><F73/><W135/><G135/><T65/><D65/><U62/><E62/><V76/><F76/><W36/><G36/><T77/><D77/><U114/><E111/><V26/><F26/><W7/><G7/><T1/><REACH who="0" step="1"/><D9/><REACH who="0" ten="340,333,77,240" step="2"/><U119/><E8/><V4/><F4/><W48/><G70/><T92/><D92/><U105/><E5/><V2/><F2/><W43/><G68/><T69/><D69/><RYUUKYOKU ba="0,1" sc="340,15,333,-15,77,15,240,-15" hai0="0,1,16,17,19,52,57,61,75,78,82,87,93" hai2="20,25,53,56,63,83,86,88,120,123" /><INIT seed="2,1,1,4,4,30" ten="355,318,92,225" oya="2" hai0="39,64,9,26,105,50,10,27,93,94,135,103,114" hai1="36,92,120,24,49,109,97,46,40,87,52,63,13" hai2="41,8,128,35,12,119,1,100,17,29,55,68,78" hai3="20,133,116,22,60,112,65,84,79,7,42,134,3"/><V53/><F119/><W71/><G116/><T28/><D39/><U33/><E109/><V38/><F128/><W37/><G112/><T56/><D114/><U124/><E124/><V101/><F68/><W99/><G99/><T62/><D105/><U98/><E120/><V121/><F121/><W104/><G104/><T21/><D135/><N who="3" m="51721" /><G42/><T106/><D106/><U48/><E13/><V19/><F78/><W113/><G37/><T58/><D27/><U82/><E97/><V81/><F81/><N who="3" m="47167" /><G113/><T85/><D85/><U0/><E0/><V76/><F76/><W67/><G67/><T75/><D75/><U102/><E63/><V51/><F38/><W129/><G129/><T43/><D43/><U125/><E125/><V122/><F122/><W118/><G118/><T73/><D73/><U69/><E69/><V83/><F83/><W117/><G117/><T130/><D130/><U59/><E36/><V57/><F41/><W11/><AGARI ba="1,1" hai="3,7,11,20,22,60,65,71" m="47167,51721" machi="11" ten="30,1100,0" yaku="20,1" doraHai="30" who="3" fromWho="3" sc="355,-4,318,-4,92,-6,225,24" /><INIT seed="3,0,0,5,3,39" ten="351,314,86,249" oya="3" hai0="8,38,40,93,61,1,115,26,76,85,126,7,47" hai1="33,94,114,22,102,58,67,16,81,18,57,100,71" hai2="131,65,45,87,101,15,91,29,121,64,127,35,48" hai3="55,112,89,28,72,73,56,41,68,106,107,80,134"/><W84/><G112/><T78/><D126/><U50/><E33/><V125/><F121/><W130/><G68/><T62/><D115/><U24/><E114/><V116/><F116/><W66/><G66/><T20/><D78/><U109/><E109/><V132/><F35/><W83/><G28/><T69/><D69/><U70/><E71/><V75/><F75/><W118/><G118/><T4/><D4/><U27/><E70/><V11/><F29/><W25/><G130/><T77/><D77/><U88/><E81/><V59/><F131/><W135/><G25/><T74/><D85/><U97/><E50/><V129/><F129/><W19/><G19/><N who="0" m="12575" /><D93/><U5/><E5/><V0/><F0/><W104/><G41/><T122/><D122/><U63/><E57/><V117/><F117/><W6/><G6/><T42/><D42/><U92/><E92/><V44/><F101/><W53/><G83/><AGARI ba="0,0" hai="1,7,8,38,40,47,61,62,74,76,83" m="12575" machi="83" ten="30,2000,0" yaku="25,1,52,1" doraHai="39" who="0" fromWho="3" sc="351,20,314,0,86,0,249,-20" owari="371,47.1,314,11.4,86,-41.4,229,-17.1" /></mjloggm>