<mjloggm ver="2.3"><GO type="225" lobby="0"/><UN n0="%E5%B0%8F%E9%B3%A5%E9%81%8A%E7%B7%B4%E7%84%A1%32%31%E6%AD%B3" n1="%70%6E%64%73%6E%67" n2="%E3%83%A9%E3%83%BC%E3%83%A1%E3%83%B3%E4%BA%94%E9%83%8E" n3="%4C%4F%4C%49%54%41" dan="16,16,16,16" rate="2179.21,2110.86,2100.48,2099.53" sx="F,M,M,F"/><TAIKYOKU oya="0"/><INIT seed="0,0,0,4,2,76" ten="250,250,250,250" oya="0" hai0="17,22,102,49,0,116,61,15,107,106,91,51,97" hai1="44,105,126,125,96,98,45,16,75,90,68,118,35" hai2="101,120,117,13,57,112,109,5,127,14,119,20,31" hai3="70,121,85,27,128,59,122,89,88,62,66,113,73"/><T9/><D116/><N who="2" m="44618" /><F101/><W42/><G113/><T1/><D107/><U34/><E118/><V95/><F112/><W71/><G73/><T134/><D134/><U65/><E75/><V47/><F120/><N who="3" m="46187" /><G128/><T84/><D61/><N who="1" m="39983" /><E90/><N who="3" m="34922" /><G42/><T10/><D10/><U55/><E55/><V124/><F95/><W53/><G85/><T80/><REACH who="0" step="1"/><D9/><REACH who="0" ten="240,250,250,250" step="2"/><U81/><E105/><V41/><F127/><W21/><G66/><T82/><D82/><U30/><E81/><V46/><F124/><W111/><G111/><T93/><D93/><U18/><E126/><V50/><F109/><W100/><G100/><T33/><D33/><U38/><E35/><V2/><F2/><AGARI ba="0,1" hai="0,1,2,15,17,22,49,51,80,84,91,97,102,106" machi="2" ten="40,3900,0" yaku="1,1,52,1,53,0" doraHai="76" doraHaiUra="133" who="0" fromWho="2" sc="240,49,250,0,250,-39,250,0" /><INIT seed="0,1,0,4,5,59" ten="289,250,211,250" oya="0" hai0="50,18,34,101,117,49,109,105,90,17,74,73,128" hai1="52,70,80,5,22,39,97,64,40,60,48,83,11" hai2="76,56,77,46,51,125,6,88,3,123,44,131,10" hai3="118,66,38,121,116,20,108,68,104,75,0,85,4"/><T86/><D117/><U30/><E97/><V119/><F123/><W57/><G57/><T89/><D34/><U132/><E132/><V63/><F119/><W28/><G85/><T2/><D2/><U84/><E84/><V107/><F107/><W81/><G20/><T29/><D29/><U100/><E100/><V9/><F125/><W120/><G28/><T115/><D86/><U111/><E111/><V24/><F131/><W35/><G35/><T33/><D33/><U96/><E96/><V102/><F102/><W58/><G58/><T55/><D55/><U61/><E39/><V45/><F51/><W16/><G16/><T129/><D101/><U103/><E40/><V106/><F106/><W14/><G14/><T127/><D109/><U41/><E41/><V135/><F135/><W79/><G38/><T71/><D105/><U62/><E64/><V54/><F24/><W23/><G23/><T8/><D71/><U67/><E70/><V13/><REACH who="2" step="1"/><F88/><REACH who="2" ten="289,250,201,250" step="2"/><W134/><G104/><T25/><D25/><N who="1" m="16695" /><E103/><V114/><F114/><W78/><G134/><T87/><D115/><U21/><E67/><V12/><F12/><W7/><G108/><T130/><D129/><U32/><E32/><V93/><F93/><W27/><G118/><T124/><D130/><U37/><E37/><V1/><F1/><W42/><G116/><T72/><D128/><U91/><E91/><V53/><F53/><W126/><G0/><T94/><D90/><U133/><E133/><V31/><F31/><W92/><G121/><T65/><D89/><U15/><E21/><V47/><F47/><AGARI ba="1,1" hai="5,11,15,47,48,52,60,61,62,80,83" m="16695" machi="47" ten="30,12000,2" yaku="6,1,8,1,52,3,54,1" doraHai="59" who="1" fromWho="2" sc="289,0,250,133,201,-123,250,0" /><INIT seed="1,0,0,4,2,99" ten="289,383,78,250" oya="1" hai0="54,107,17,4,117,69,32,75,3,125,104,82,70" hai1="130,114,13,38,113,24,65,106,11,123,73,36,94" hai2="40,43,76,15,31,45,46,90,84,72,109,116,118" hai3="108,81,7,42,88,34,103,12,126,98,48,129,19"/><U8/><E106/><V74/><F109/><W71/><G34/><T92/><D117/><U87/><E73/><V60/><F31/><W66/><G108/><T100/><D32/><U127/><E65/><V33/><F33/><W62/><G126/><T63/><D17/><U96/><E87/><V64/><F118/><W51/><G129/><T50/><D92/><U14/><E94/><V135/><F116/><W121/><G121/><T102/><D125/><U37/><E96/><V9/><F135/><W10/><G42/><T58/><D107/><U122/><E127/><V28/><F28/><W77/><G7/><T21/><D104/><U97/><E97/><V5/><F76/><W101/><G48/><T85/><D21/><U86/><E86/><V18/><F5/><W59/><G51/><T115/><D75/><U61/><E61/><V112/><F112/><W132/><G71/><T29/><D115/><U27/><REACH who="1" step="1"/><E36/><REACH who="1" ten="289,373,78,250" step="2"/><V110/><F110/><W119/><G98/><T68/><D63/><U25/><E25/><V56/><F72/><W95/><G119/><T0/><D85/><U105/><E105/><V16/><F74/><W53/><G66/><T124/><D124/><U22/><E22/><V79/><F64/><W57/><G62/><T20/><D20/><U78/><E78/><V134/><F79/><W133/><G77/><T6/><D69/><U1/><E1/><V120/><F134/><W80/><G133/><T111/><D70/><U128/><AGARI ba="0,1" hai="8,11,13,14,24,27,37,38,113,114,122,123,128,130" machi="128" ten="25,9600,0" yaku="1,1,0,1,22,2,53,0" doraHai="99" doraHaiUra="52" who="1" fromWho="1" sc="289,-32,373,106,78,-32,250,-32" /><INIT seed="1,1,0,0,0,116" ten="257,479,46,218" oya="1" hai0="132,56,104,53,81,51,114,113,123,90,110,35,120" hai1="59,29,98,27,129,6,119,118,94,125,122,43,23" hai2="126,5,111,57,17,131,21,10,95,52,39,47,68" hai3="127,30,128,133,42,14,73,16,83,2,25,65,107"/><U60/><E122/><N who="0" m="46633" /><D104/><U9/><E43/><V124/><F68/><W101/><G2/><T92/><D132/><U61/><E61/><V91/><F111/><W130/><G133/><T63/><D81/><U1/><E129/><V121/><F131/><W117/><G127/><T70/><D35/><U93/><E93/><V0/><F121/><W19/><G65/><N who="0" m="41279" /><D110/><U66/><REACH who="1" step="1"/><E125/><REACH who="1" ten="257,469,46,218" step="2"/><V64/><F126/><W112/><G130/><T115/><D114/><U76/><E76/><V99/><F124/><W135/><G112/><T74/><D74/><U22/><E22/><V67/><F39/><W38/><G73/><T36/><D36/><U34/><E34/><V72/><F72/><W106/><G128/><T97/><AGARI ba="1,1" hai="51,53,56,90,92,97,113,115" m="41279,46633" machi="97" ten="30,7900,0" yaku="13,1,52,3" doraHai="116" who="0" fromWho="0" sc="257,92,469,-40,46,-21,218,-21" /><INIT seed="2,0,0,3,4,34" ten="349,429,25,197" oya="2" hai0="9,96,49,3,128,68,69,39,22,48,107,70,16" hai1="12,17,103,120,117,55,74,93,78,104,46,89,123" hai2="1,37,88,131,38,11,29,10,0,133,44,99,90" hai3="77,115,84,14,31,132,113,33,125,60,50,35,119"/><V58/><F29/><W47/><G119/><T82/><D39/><U100/><E117/><V98/><F58/><W62/><G132/><T109/><D109/><U111/><E111/><V79/><F79/><W101/><G125/><T122/><D122/><N who="1" m="46635" /><E104/><V85/><F85/><W102/><G14/><T130/><D82/><N who="1" m="45399" /><E55/><V116/><F116/><W6/><G6/><N who="0" m="1247" /><D96/><N who="1" m="57391" /><E46/><V94/><F94/><W4/><G4/><T27/><D107/><U45/><E45/><V76/><F44/><W135/><G47/><T30/><D30/><U63/><E63/><V53/><F76/><W61/><G77/><T67/><D67/><U20/><AGARI ba="0,0" hai="12,17,20,100,103" m="57391,45399,46635" machi="20" ten="30,1100,0" yaku="13,1" doraHai="34" who="1" fromWho="1" sc="349,-3,429,11,25,-5,197,-3" /><INIT seed="3,0,0,4,2,90" ten="346,440,20,194" oya="3" hai0="129,5,63,26,125,82,97,99,72,107,28,40,36" hai1="48,80,0,64,108,126,30,95,83,116,49,122,102" hai2="9,96,45,75,17,131,87,86,134,6,47,3,114" hai3="135,10,77,71,93,98,101,103,73,19,68,89,18"/><W88/><G135/><T121/><D121/><U37/><E37/><V70/><F131/><W127/><G127/><T34/><D129/><U128/><E0/><V43/><F134/><W65/><G73/><T51/><D125/><U104/><E104/><V11/><F114/><W29/><G77/><T15/><D36/><U58/><E108/><V53/><F70/><W124/><G124/><T50/><D63/><N who="1" m="38007" /><E122/><V55/><F11/><W112/><G29/><T62/><D62/><U59/><E59/><V12/><F47/><W1/><G112/><T16/><D5/><U7/><E7/><V14/><F3/><W35/><G35/><T44/><D51/><U115/><E115/><V110/><F110/><W25/><G65/><T85/><D107/><U92/><E102/><V21/><F75/><W78/><G78/><T57/><D57/><U105/><E105/><V130/><F130/><W42/><G42/><T20/><D72/><U39/><E39/><V119/><F119/><W41/><G41/><T106/><D106/><U56/><E48/><V69/><F69/><N who="3" m="26699" /><G103/><T22/><REACH who="0" step="1"/><D34/><REACH who="0" ten="336,440,20,194" step="2"/><U31/><E128/><V94/><F53/><W23/><G1/><T13/><D13/><U52/><E126/><V120/><F55/><W60/><G60/><T27/><D27/><U133/><E133/><V76/><F120/><W4/><G4/><T113/><D113/><U118/><E118/><V84/><F76/><AGARI ba="0,1" hai="15,16,20,22,26,28,40,44,50,76,82,85,97,99" machi="76" ten="30,7700,0" yaku="1,1,7,1,8,1,54,1,53,0" doraHai="90" doraHaiUra="91" who="0" fromWho="2" sc="336,87,440,0,20,-77,194,0" owari="423,22.3,440,54.0,-57,-55.7,194,-20.6" /></mjloggm>