<mjloggm ver="2.3"><GO type="225" lobby="0"/><UN n0="%6B%69%72%61%64%6F%6B%69" n1="%E4%BF%BA%E3%81%A8%E5%A6%96%E5%A4%A2" n2="%EF%BC%AE%EF%BC%A1%EF%BC%AF%33%33%39" n3="%E3%81%95%E3%81%8D%E3%81%9F%E3%81%BE%E6%9E%97%E6%AA%8E" dan="16,16,16,16" rate="2157.98,2249.93,2240.35,2105.23" sx="M,F,M,M"/><TAIKYOKU oya="0"/><INIT seed="0,0,0,2,0,72" ten="250,250,250,250" oya="0" hai0="66,0,122,108,25,29,11,34,27,35,85,31,21" hai1="19,86,7,95,46,76,14,131,88,18,107,4,16" hai2="36,12,77,133,56,40,82,1,37,112,113,45,50" hai3="98,22,48,68,10,9,61,65,79,49,121,26,126"/><T91/><D66/><U69/><E69/><V41/><F1/><W75/><G126/><T100/><D100/><U80/><E107/><V20/><F133/><W99/><G121/><T83/><D122/><U42/><E131/><V6/><F56/><W38/><G38/><T43/><D108/><U87/><REACH who="1" step="1"/><E14/><REACH who="1" ten="250,240,250,250" step="2"/><V102/><F12/><W130/><G130/><T15/><D43/><U110/><E110/><V52/><F40/><W23/><G68/><T3/><REACH who="0" step="1"/><D21/><REACH who="0" ten="240,240,250,250" step="2"/><U97/><E97/><V57/><F20/><W74/><G99/><T73/><D73/><U114/><E114/><V127/><F113/><W89/><G98/><T105/><D105/><U119/><E119/><V104/><F112/><W125/><G75/><T47/><D47/><U63/><E63/><V55/><F41/><W28/><G74/><T24/><D24/><U132/><E132/><V134/><F134/><W33/><G61/><T67/><D67/><U17/><N who="1" m="4096" /><DORA hai="128" /><U51/><AGARI ba="0,2" hai="4,7,42,46,51,76,80,86,87,88,95" m="4096" machi="51" ten="40,16000,3" yaku="1,1,4,1,0,1,8,1,52,1,54,2,53,1" doraHai="72,128" doraHaiUra="78,30" who="1" fromWho="1" sc="240,-80,240,180,250,-40,250,-40" /><INIT seed="1,0,0,1,0,95" ten="160,420,210,210" oya="1" hai0="82,85,41,111,28,38,71,110,80,52,57,87,135" hai1="25,7,16,105,115,77,97,122,70,108,18,81,94" hai2="102,34,67,50,10,107,23,62,14,113,19,27,1" hai3="118,49,88,5,99,56,114,83,65,45,66,91,48"/><U129/><E115/><V130/><F113/><W6/><G114/><T123/><D71/><U72/><E122/><V2/><F130/><W134/><G134/><T120/><D28/><U13/><E70/><V112/><F112/><W78/><G118/><T42/><D135/><U46/><E129/><V127/><F127/><W63/><G66/><T31/><D31/><U64/><E64/><V100/><F50/><W96/><G49/><T37/><D57/><U32/><E105/><V0/><F34/><W90/><G78/><T55/><AGARI ba="0,0" hai="37,38,41,42,52,55,80,82,85,87,110,111,120,123" machi="55" ten="25,6400,0" yaku="0,1,22,2,54,1" doraHai="95" who="0" fromWho="0" sc="160,64,420,-32,210,-16,210,-16" /><INIT seed="2,0,0,2,1,56" ten="224,388,194,194" oya="2" hai0="25,122,117,48,42,75,81,26,111,47,39,0,76" hai1="82,63,86,87,44,62,99,55,49,97,100,57,113" hai2="9,16,119,67,112,132,14,127,120,101,59,6,85" hai3="124,73,72,53,130,106,64,22,52,61,109,105,11"/><V58/><F112/><W126/><G109/><T129/><D122/><U128/><E113/><V89/><F120/><W133/><G133/><T118/><D111/><U51/><E128/><V93/><F119/><N who="0" m="45578" /><D129/><U123/><E123/><V21/><F132/><W71/><G130/><T98/><D0/><U40/><E86/><V77/><F127/><N who="3" m="48683" /><G22/><T102/><D39/><U17/><E17/><V8/><F77/><W134/><G11/><N who="2" m="4169" /><F6/><W24/><G24/><T107/><AGARI ba="0,0" hai="25,26,42,47,48,75,76,81,98,102,107" m="45578" machi="107" ten="30,1100,0" yaku="12,1" doraHai="56" who="0" fromWho="0" sc="224,11,388,-3,194,-5,194,-3" /><INIT seed="3,0,0,1,3,123" ten="235,385,189,191" oya="3" hai0="115,20,106,79,33,32,28,132,80,12,26,43,77" hai1="45,70,55,120,71,6,87,35,38,3,61,117,41" hai2="93,109,72,125,9,73,129,22,47,113,60,130,122" hai3="29,90,99,108,15,131,95,54,84,52,16,0,92"/><W133/><G133/><T105/><D77/><U4/><E120/><V114/><F122/><W34/><G131/><N who="2" m="50185" /><F125/><W25/><G0/><T63/><D132/><U56/><E35/><V21/><F9/><W8/><REACH who="3" step="1"/><G108/><REACH who="3" ten="235,385,189,181" step="2"/><T65/><D115/><N who="2" m="44042" /><F109/><W66/><G66/><T119/><D65/><U13/><E3/><V112/><F112/><W48/><G48/><T59/><D63/><U44/><E61/><V96/><F60/><W10/><G10/><T76/><D119/><U97/><E117/><V91/><F47/><W116/><G116/><T98/><D59/><U37/><E44/><V83/><F73/><W94/><G94/><T2/><D2/><U40/><E45/><V39/><F39/><W124/><G124/><T88/><D105/><U68/><E37/><V18/><F72/><W103/><AGARI ba="0,1" hai="8,15,16,25,29,34,52,54,84,90,92,95,99,103" machi="103" ten="20,18000,2" yaku="1,1,0,1,7,1,54,2,53,2" doraHai="123" doraHaiUra="49" who="3" fromWho="3" sc="235,-60,385,-60,189,-60,181,190" owari="175,-22.5,325,12.5,129,-37.1,371,47.1" /></mjloggm>