<mjloggm ver="2.3"><GO type="225" lobby="0"/><UN n0="%E6%B7%91%E5%A5%B3%E3%81%AE%E5%97%9C%E3%81%BF" n1="%E4%BF%BA%E3%81%A8%E5%A6%96%E5%A4%A2" n2="%E6%9D%B1%E9%A2%A8%E3%81%AE%E3%81%8D%E3%82%83%E3%81%B7%E3%81%95%E3%82%93" n3="%E3%80%90%E3%83%88%E3%83%AA%E3%83%A5%E3%83%95%E3%80%91" dan="16,16,16,16" rate="2133.68,2211.61,2083.61,2046.32" sx="M,F,M,M"/><TAIKYOKU oya="0"/><INIT seed="0,0,0,4,3,116" ten="250,250,250,250" oya="0" hai0="71,47,5,103,97,101,119,36,19,91,106,30,7" hai1="69,15,25,88,100,50,3,98,109,73,85,126,66" hai2="127,34,74,24,43,61,122,93,118,29,117,96,108" hai3="87,123,94,133,99,9,132,115,44,134,17,20,104"/><T105/><D119/><N who="2" m="45578" /><F74/><W2/><G115/><T129/><D71/><U46/><E3/><V26/><F26/><W38/><G104/><T54/><D129/><U135/><E73/><V63/><F43/><N who="3" m="22647" /><G87/><T58/><D30/><U42/><E109/><V41/><F41/><W35/><G35/><T76/><D76/><U8/><E135/><V52/><F108/><W77/><G9/><T11/><D11/><U78/><E78/><V28/><F28/><W33/><G33/><T68/><D36/><U14/><E126/><V90/><F127/><W23/><G2/><T125/><D125/><U16/><E25/><V60/><F52/><W102/><G77/><T1/><D47/><U53/><E69/><V57/><F57/><W55/><G55/><T75/><D68/><U32/><E66/><V131/><F131/><W128/><G128/><T79/><D1/><U83/><E32/><V62/><N who="2" m="15360" /><DORA hai="22" /><V18/><F18/><W113/><G113/><T56/><D19/><U120/><E53/><V37/><F37/><W39/><G39/><T80/><D58/><U81/><E14/><V6/><F6/><W124/><G124/><T89/><D7/><U12/><E12/><V59/><F59/><W10/><G10/><T0/><D5/><U95/><REACH who="1" step="1"/><E81/><REACH who="1" ten="250,240,250,250" step="2"/><V48/><F48/><W64/><G64/><T130/><D0/><U121/><AGARI ba="0,1" hai="8,15,16,42,46,50,83,85,88,95,98,100,120,121" machi="121" ten="30,16000,3" yaku="1,1,2,1,0,1,52,2,54,2,53,1" doraHai="116,22" doraHaiUra="40,70" who="1" fromWho="1" sc="250,-80,240,170,250,-40,250,-40" /><INIT seed="1,0,0,5,1,38" ten="170,410,210,210" oya="1" hai0="91,94,56,87,49,24,53,48,61,18,126,23,45" hai1="47,98,107,37,54,103,96,50,93,84,77,76,9" hai2="64,109,27,110,30,81,22,129,41,105,89,135,132" hai3="115,59,124,10,106,82,88,0,14,52,40,3,95"/><U101/><E9/><V63/><F105/><W130/><G115/><T13/><D126/><U67/><E67/><V71/><F81/><W43/><G106/><T28/><REACH who="0" step="1"/><D45/><REACH who="0" ten="160,410,210,210" step="2"/><U68/><E68/><V111/><F89/><W70/><G70/><T39/><D39/><U114/><E114/><V66/><F66/><W104/><G124/><T1/><D1/><U21/><E37/><V74/><F74/><W127/><G127/><T112/><D112/><U118/><E118/><V116/><F116/><W20/><G3/><T58/><D58/><U6/><E6/><V7/><F7/><N who="3" m="3423" /><G0/><T75/><D75/><U122/><E122/><V32/><F129/><W97/><G130/><T57/><D57/><U108/><E108/><V69/><F69/><W80/><G104/><T92/><D92/><U4/><E4/><V128/><F128/><W25/><G82/><T90/><D90/><U19/><REACH who="1" step="1"/><E84/><REACH who="1" ten="160,400,210,210" step="2"/><V60/><F111/><W51/><G80/><T120/><D120/><U85/><E85/><V134/><F110/><W65/><G65/><T5/><D5/><U8/><E8/><AGARI ba="0,2" hai="8,13,18,23,24,28,48,49,53,56,61,87,91,94" machi="8" ten="30,3900,0" yaku="1,1,7,1,8,1,53,0" doraHai="38" doraHaiUra="131" who="0" fromWho="1" sc="160,59,400,-39,210,0,210,0" /><INIT seed="2,0,0,0,1,33" ten="219,361,210,210" oya="2" hai0="76,4,43,124,64,109,78,9,59,3,75,58,116" hai1="40,15,90,13,81,51,28,6,57,126,91,127,115" hai2="113,68,125,92,60,100,104,89,10,122,105,129,87" hai3="25,8,48,5,120,1,119,22,35,131,23,45,132"/><V37/><F37/><W86/><G119/><T11/><D109/><U98/><E115/><V52/><F113/><W101/><G120/><T46/><D116/><U130/><E130/><V73/><F73/><W42/><G131/><T121/><D121/><U117/><E117/><V128/><F122/><W108/><G108/><T17/><D124/><U55/><E28/><V21/><F125/><N who="1" m="47625" /><E6/><V133/><F133/><W102/><G132/><T88/><D88/><N who="1" m="33835" /><E81/><V65/><F128/><W41/><G86/><T16/><D76/><U106/><E40/><V38/><F38/><W97/><G41/><T94/><D17/><U83/><E83/><V47/><F129/><W2/><G2/><T62/><D78/><U96/><E106/><V93/><F10/><W110/><G110/><T7/><D94/><U56/><E56/><V61/><F21/><W30/><REACH who="3" step="1"/><G102/><REACH who="3" ten="219,361,210,200" step="2"/><T53/><D43/><U49/><E98/><V24/><F24/><W0/><G0/><T84/><D84/><U112/><E96/><V118/><F118/><W72/><G72/><T18/><D75/><U107/><E112/><V69/><F100/><W54/><G54/><T12/><REACH who="0" step="1"/><D46/><REACH who="0" ten="209,361,210,200" step="2"/><U80/><E80/><N who="2" m="49383" /><F105/><AGARI ba="0,2" hai="1,5,8,22,23,25,30,35,42,45,48,97,101,105" machi="105" ten="30,7700,0" yaku="1,1,7,1,52,1,53,1" doraHai="33" doraHaiUra="103" who="3" fromWho="2" sc="209,0,361,0,210,-77,200,97" /><INIT seed="3,0,0,2,2,90" ten="209,361,133,297" oya="3" hai0="132,86,55,72,3,9,37,63,34,62,117,25,131" hai1="97,11,129,125,48,26,89,19,94,1,56,61,8" hai2="50,14,15,103,124,4,46,126,116,81,29,105,135" hai3="49,87,106,44,30,20,92,12,16,53,83,80,134"/><W52/><G106/><T27/><D72/><U119/><E129/><V102/><F116/><W68/><G68/><T60/><D117/><U74/><E119/><V5/><F135/><W54/><G30/><T2/><D37/><U7/><E74/><V101/><F105/><W33/><G33/><T76/><D132/><U36/><E36/><V133/><F133/><W6/><G134/><T104/><D104/><U43/><E125/><V21/><F81/><N who="3" m="31307" /><G6/><T93/><D34/><U111/><E111/><V28/><F50/><W40/><G87/><T114/><D3/><U99/><E99/><V127/><F46/><W108/><G108/><T31/><D131/><U67/><E43/><V13/><F21/><W32/><G32/><T39/><D39/><U57/><E7/><AGARI ba="0,0" hai="4,5,7,13,14,15,28,29,101,102,103,124,126,127" machi="7" ten="50,8000,1" yaku="29,2,28,2,18,1" doraHai="90" who="2" fromWho="1" sc="209,0,361,-80,133,80,297,0" /><INIT seed="4,0,0,1,3,90" ten="209,281,213,297" oya="0" hai0="38,72,115,63,126,134,40,92,98,80,85,10,83" hai1="51,42,0,69,61,30,81,108,109,106,9,101,20" hai2="112,135,86,5,127,13,1,49,89,59,55,16,14" hai3="113,18,45,29,33,66,64,76,131,48,77,119,84"/><T123/><D123/><U107/><E81/><V7/><F112/><W36/><G36/><T35/><D115/><U105/><E101/><V39/><F39/><W74/><G74/><T99/><D126/><U111/><E51/><V79/><F127/><W93/><G33/><T118/><D118/><U65/><E42/><V68/><F68/><W2/><G2/><T124/><D124/><U34/><E20/><V50/><F135/><W78/><G29/><T15/><D134/><U103/><E103/><V23/><F1/><W110/><G110/><T47/><D35/><U4/><E105/><V57/><F79/><W102/><G131/><T73/><D63/><U62/><E62/><V24/><F24/><AGARI ba="0,0" hai="0,4,9,24,30,34,61,65,69,106,107,108,109,111" machi="24" ten="40,2600,0" yaku="23,2" doraHai="90" who="1" fromWho="2" sc="209,0,281,26,213,-26,297,0" owari="209,-19.1,307,40.7,187,-31.3,297,9.7" /></mjloggm>