<mjloggm ver="2.3"><GO type="225" lobby="0"/><UN n0="%E6%98%93%E5%88%A9%E8%96%A9%E4%BC%AF" n1="%E6%B7%91%E5%A5%B3%E3%81%AE%E5%97%9C%E3%81%BF" n2="%E3%83%A9%E3%82%A4%E3%83%B3%E3%81%AE%E8%99%8E" n3="%72%69%6F%75%63%68%61%6E" dan="17,16,16,16" rate="2195.99,2141.38,2136.05,2128.42" sx="F,M,M,M"/><TAIKYOKU oya="0"/><INIT seed="0,0,0,4,5,13" ten="250,250,250,250" oya="0" hai0="5,123,9,92,96,86,44,53,103,43,57,39,115" hai1="61,7,117,124,29,21,82,6,127,12,34,75,4" hai2="88,35,1,33,109,84,24,51,36,94,91,66,130" hai3="54,64,25,81,11,38,85,30,122,32,48,121,20"/><T40/><D115/><U102/><E102/><V132/><F36/><W113/><G113/><T78/><D123/><U14/><E61/><V17/><F1/><W49/><G38/><T41/><D78/><U28/><E75/><V15/><F109/><W8/><G64/><T128/><D86/><U120/><E82/><V97/><F130/><W18/><G48/><T112/><D112/><U100/><E100/><V126/><F126/><N who="1" m="48169" /><E120/><N who="3" m="46186" /><G32/><T129/><D129/><U89/><E89/><V10/><F132/><W67/><G30/><N who="1" m="11882" /><E34/><V50/><F66/><W111/><G111/><T72/><D72/><U118/><E21/><N who="2" m="13359" /><F33/><W69/><G69/><T42/><D128/><U93/><E93/><N who="2" m="56487" /><F35/><W68/><G68/><T74/><D74/><U87/><E87/><V16/><AGARI ba="0,0" hai="10,15,16,50,51,84,91,94" m="56487,13359" machi="16" ten="30,8000,1" yaku="8,1,52,2,54,2" doraHai="13" who="2" fromWho="2" sc="250,-40,250,-20,250,80,250,-20" /><INIT seed="1,0,0,2,4,99" ten="210,230,330,230" oya="1" hai0="10,64,126,16,36,102,14,13,103,92,105,121,79" hai1="33,7,117,96,68,109,106,32,56,17,95,63,54" hai2="72,112,44,101,11,66,21,28,22,5,34,0,87" hai3="77,37,47,108,42,80,55,49,91,78,128,127,123"/><U89/><E117/><V107/><F72/><W98/><G123/><T20/><D105/><U90/><E7/><V53/><F66/><W18/><G108/><T60/><D36/><U133/><E109/><V23/><F112/><W2/><G127/><T43/><D43/><U35/><E133/><V45/><F53/><W58/><G128/><T97/><D121/><U111/><E111/><V9/><F9/><W84/><G2/><T41/><D41/><U27/><E68/><V39/><F39/><W75/><G75/><T100/><D79/><U31/><E106/><V120/><F87/><W76/><REACH who="3" step="1"/><G18/><REACH who="3" ten="210,230,330,220" step="2"/><N who="0" m="10319" /><D126/><U48/><E17/><V94/><F120/><W8/><G8/><T119/><D119/><U40/><REACH who="1" step="1"/><E89/><REACH who="1" ten="210,220,330,220" step="2"/><V71/><F5/><W3/><G3/><T85/><D85/><U134/><E134/><V46/><F0/><W116/><G116/><T67/><D60/><U93/><E93/><AGARI ba="0,2" hai="37,42,47,49,55,58,76,77,78,80,84,91,93,98" machi="93" ten="40,1300,0" yaku="1,1,53,0" doraHai="99" doraHaiUra="110" who="3" fromWho="1" sc="210,0,220,-13,330,0,220,33" /><INIT seed="2,0,0,3,0,64" ten="210,207,330,253" oya="2" hai0="77,26,46,130,18,29,108,95,13,99,78,76,81" hai1="17,68,14,113,118,89,58,92,123,104,22,20,69" hai2="73,59,102,49,54,116,51,52,87,74,27,91,16" hai3="75,129,61,115,34,120,1,2,35,121,111,110,6"/><V63/><F116/><W45/><G45/><T119/><D108/><N who="3" m="41513" /><G61/><T39/><D130/><U109/><E113/><V10/><F102/><W114/><G75/><T132/><D132/><U53/><E109/><V37/><F37/><W71/><G71/><T117/><D81/><U88/><E118/><N who="0" m="45065" /><D46/><U5/><E123/><N who="3" m="47178" /><G129/><T67/><D67/><U25/><E104/><V38/><F38/><W103/><G103/><N who="0" m="60927" /><D39/><U48/><E89/><V15/><F63/><W79/><G79/><T131/><D131/><U44/><E44/><N who="2" m="27687" /><F27/><W4/><G4/><T12/><D18/><N who="1" m="12439" /><E5/><V94/><F74/><W66/><G66/><T122/><D122/><U100/><E100/><V106/><F73/><W86/><G86/><AGARI ba="0,0" hai="14,17,22,48,53,58,68,69,86,88,92" m="12439" machi="86" ten="30,7700,0" yaku="25,1,52,2,54,1" doraHai="64" who="1" fromWho="3" sc="210,0,207,77,330,0,253,-77" /><INIT seed="3,0,0,1,2,75" ten="210,284,330,176" oya="3" hai0="81,8,56,108,58,33,23,34,14,107,17,74,93" hai1="97,71,132,6,15,26,89,62,30,19,48,77,104" hai2="21,101,42,70,105,110,27,38,43,57,83,124,60" hai3="84,125,69,55,65,12,5,88,20,134,80,29,50"/><W98/><G125/><T36/><D107/><U73/><E6/><V28/><F70/><W72/><G72/><T59/><D36/><U115/><E115/><V64/><F124/><W18/><G134/><T103/><D108/><U109/><E48/><V87/><F38/><W79/><G69/><T123/><D123/><U130/><E130/><V106/><F110/><W85/><G65/><T113/><D113/><U92/><E104/><V117/><F105/><W3/><G29/><T40/><D40/><N who="2" m="15402" /><F106/><W45/><G98/><T41/><D41/><U133/><E109/><V4/><F117/><W111/><G111/><T68/><D68/><U10/><E62/><V13/><F101/><W121/><G121/><T2/><D93/><U114/><E114/><V66/><F13/><W16/><G18/><T122/><D103/><U53/><E53/><N who="2" m="33839" /><F4/><W61/><G61/><T131/><D131/><U51/><E51/><V129/><F129/><W94/><G3/><T39/><D39/><U96/><E71/><V67/><F66/><W37/><G37/><T0/><D122/><U31/><E132/><V118/><F118/><W86/><REACH who="3" step="1"/><G5/><REACH who="3" ten="210,284,330,166" step="2"/><N who="0" m="1063" /><D2/><U44/><E133/><V78/><AGARI ba="0,1" hai="21,27,28,64,67,78,83,87" m="33839,15402" machi="78" ten="30,2000,0" yaku="8,1,52,1" doraHai="75" who="2" fromWho="2" sc="210,-5,284,-5,330,30,166,-10" owari="205,-19.5,279,7.9,360,46.0,156,-34.4" /></mjloggm>