<mjloggm ver="2.3"><GO type="225" lobby="0"/><UN n0="%E3%83%B4%E3%83%A0%EF%BC%99%E3%81%A6" n1="%E6%A1%9C%E8%8A%B1%E9%96%83%E3%80%85" n2="%41%6F%54" n3="%E3%82%AF%E3%82%A3%E3%82%A6" dan="16,16,16,16" rate="2152.22,2123.48,2104.32,2092.56" sx="M,M,M,M"/><TAIKYOKU oya="0"/><INIT seed="0,0,0,0,0,2" ten="250,250,250,250" oya="0" hai0="46,3,68,79,80,15,20,106,35,54,131,36,124" hai1="1,93,129,125,40,34,5,0,22,8,92,111,114" hai2="71,91,26,69,19,60,94,119,81,101,50,45,44" hai3="118,96,100,75,24,27,9,90,53,73,33,130,7"/><T122/><D122/><U127/><E40/><V59/><F119/><W21/><G118/><T135/><D35/><U39/><E39/><V31/><F19/><W14/><G130/><T12/><D3/><U25/><E129/><V65/><F81/><W63/><G90/><T134/><D131/><U23/><E93/><V48/><F101/><W37/><G37/><T55/><D68/><U88/><E111/><V109/><F109/><W105/><G33/><T62/><D106/><U120/><E0/><V67/><F67/><W49/><G63/><T112/><D112/><U82/><E82/><V42/><F91/><W6/><G27/><T77/><D124/><N who="1" m="47691" /><E120/><V30/><F94/><W43/><G43/><T61/><D80/><U117/><E117/><V113/><F113/><W17/><REACH who="3" step="1"/><G7/><REACH who="3" ten="250,250,250,240" step="2"/><T74/><D36/><U41/><E41/><V52/><REACH who="2" step="1"/><F30/><REACH who="2" ten="250,250,240,240" step="2"/><W58/><AGARI ba="0,2" hai="6,9,14,17,21,24,49,53,58,73,75,96,100,105" machi="58" ten="20,8000,1" yaku="1,1,2,1,0,1,7,1,52,1,53,0" doraHai="2" doraHaiUra="78" who="3" fromWho="3" sc="250,-40,250,-20,240,-20,240,100" /><INIT seed="1,0,0,4,2,81" ten="210,230,220,340" oya="1" hai0="29,103,61,8,132,121,64,127,97,76,13,16,57" hai1="71,115,43,51,14,131,15,58,68,134,74,6,54" hai2="36,66,91,9,92,3,48,120,119,7,50,46,87" hai3="116,24,2,39,79,53,98,85,30,19,28,90,80"/><U75/><E115/><V126/><F119/><W59/><G2/><T109/><D109/><U111/><E131/><V20/><F120/><W135/><G39/><T35/><D121/><U95/><E134/><V5/><F126/><W0/><G0/><T133/><D127/><U47/><E111/><V96/><F5/><W62/><G116/><T73/><D76/><U88/><E74/><V44/><F66/><W108/><G108/><T89/><D89/><U101/><E75/><V37/><F20/><N who="3" m="13343" /><G135/><N who="0" m="51787" /><D73/><U49/><E101/><V118/><F118/><W21/><G21/><T112/><D112/><U77/><E77/><V110/><F110/><W86/><G98/><T84/><D84/><U32/><E32/><V34/><F34/><W25/><G25/><N who="0" m="18863" /><D97/><U122/><E122/><V23/><F23/><W129/><G129/><T106/><D103/><U113/><E113/><V38/><REACH who="2" step="1"/><F96/><REACH who="2" ten="210,230,210,340" step="2"/><W104/><G104/><AGARI ba="0,1" hai="8,13,16,57,61,64,104,106" m="18863,51787" machi="104" ten="30,2000,0" yaku="20,1,54,1" doraHai="81" who="0" fromWho="3" sc="210,30,230,0,210,0,340,-20" /><INIT seed="2,0,0,5,0,13" ten="240,230,210,320" oya="2" hai0="66,125,128,93,124,63,97,28,36,1,51,45,50" hai1="78,27,24,25,38,89,37,108,73,135,61,64,95" hai2="15,29,3,77,74,23,103,11,115,129,85,48,83" hai3="119,116,107,22,134,101,126,6,44,7,46,109,62"/><V99/><F115/><W121/><G121/><T30/><D1/><U58/><E108/><V34/><F129/><W71/><G109/><T94/><D128/><U133/><E78/><V31/><F34/><W81/><G126/><N who="0" m="48747" /><D36/><U79/><E79/><V5/><F74/><W59/><G134/><N who="1" m="51210" /><E73/><V86/><F86/><AGARI ba="0,0" hai="24,25,27,37,38,58,61,64,86,89,95" m="51210" machi="86" ten="30,1000,0" yaku="20,1" doraHai="13" who="1" fromWho="2" sc="240,0,230,10,210,-10,320,0" /><INIT seed="3,0,0,2,2,16" ten="240,240,200,320" oya="3" hai0="103,127,18,0,118,120,58,125,100,134,98,12,122" hai1="33,2,20,106,129,6,26,25,84,13,46,104,99" hai2="65,47,115,60,95,52,19,82,96,30,101,71,23" hai3="38,42,3,17,36,40,1,10,57,78,73,77,126"/><W114/><G114/><T102/><D118/><U44/><E129/><V75/><F115/><W59/><G126/><N who="0" m="48139" /><D0/><U117/><E117/><V15/><F30/><W128/><G128/><T88/><D134/><U43/><E2/><V93/><F93/><W24/><G24/><T67/><D67/><U110/><E110/><V53/><REACH who="2" step="1"/><F47/><REACH who="2" ten="240,240,190,320" step="2"/><W61/><G73/><T29/><D29/><N who="1" m="17575" /><E106/><V124/><F124/><W108/><G108/><T113/><D113/><U49/><E104/><V56/><F56/><W79/><G59/><T34/><D58/><U109/><E109/><V41/><F41/><W86/><G42/><T39/><D34/><U63/><E33/><V89/><F89/><W123/><G40/><T80/><D102/><U94/><E46/><V92/><F92/><W31/><G31/><T22/><D100/><U45/><E45/><V7/><F7/><W119/><G119/><T70/><D103/><U91/><E6/><V130/><F130/><W27/><G57/><T133/><D88/><U87/><E43/><V74/><F74/><W72/><G72/><T90/><D90/><U131/><E131/><V48/><F48/><W111/><G111/><T11/><D133/><U9/><E49/><V14/><F14/><W116/><G116/><T135/><D135/><U112/><E44/><V62/><F62/><W50/><G61/><T97/><D12/><U21/><E112/><V66/><F66/><W5/><G50/><T51/><D51/><U81/><E63/><V8/><F8/><W35/><G5/><T107/><D107/><U28/><E81/><V83/><F83/><RYUUKYOKU ba="0,1" sc="240,-15,240,15,190,15,320,-15" hai1="9,13,21,26,28,84,87,91,94,99" hai2="15,19,23,52,53,60,65,71,75,82,95,96,101" owari="225,-17.5,255,5.5,205,-29.5,315,41.5" /></mjloggm>