<mjloggm ver="2.3"><GO type="225" lobby="0"/><UN n0="%E9%B3%B3%E6%9D%B1%E3%81%AE%E3%81%BF%E3%81%91%E3%81%AB%E3%82%83%E3%82%93" n1="%43%68%65" n2="%28%EF%BF%A3%E2%96%BD%EF%BF%A3%29%CE%B4%E2%8C%92%E3%83%BB" n3="%E3%81%AE%E3%81%AA%E3%82%81%E3%83%BC%E3%82%93" dan="16,16,17,16" rate="2133.17,2155.11,2272.96,2112.80" sx="F,M,M,M"/><TAIKYOKU oya="0"/><INIT seed="0,0,0,0,3,25" ten="250,250,250,250" oya="0" hai0="67,4,12,89,108,94,77,40,47,74,133,31,2" hai1="58,29,36,93,104,17,129,82,113,9,33,22,64" hai2="54,19,96,44,38,0,123,119,16,90,59,34,11" hai3="132,122,53,109,55,128,27,39,6,101,49,3,98"/><T65/><D2/><U100/><E36/><V135/><F34/><W124/><G39/><T127/><D74/><U75/><E104/><V86/><F123/><W10/><G122/><T66/><D77/><U111/><E111/><V7/><F135/><W28/><G109/><T84/><D108/><U35/><E129/><V95/><F119/><W60/><G132/><T61/><D133/><U130/><E130/><V87/><F44/><W102/><G128/><T18/><D4/><U24/><E113/><V15/><F38/><W50/><G124/><T30/><D61/><N who="1" m="37943" /><E17/><N who="2" m="6731" /><F0/><W125/><G125/><T14/><D127/><U56/><E56/><V41/><F41/><W118/><G118/><T23/><REACH who="0" step="1"/><D14/><REACH who="0" ten="240,250,250,250" step="2"/><U116/><E116/><V114/><F114/><W26/><G60/><AGARI ba="0,1" hai="7,11,15,54,59,60,86,87,90,95,96" m="6731" machi="60" ten="30,2000,0" yaku="8,1,54,1" doraHai="25" who="2" fromWho="3" sc="240,0,250,0,250,30,250,-20" /><INIT seed="1,0,0,0,5,66" ten="240,250,280,230" oya="1" hai0="55,74,17,13,51,76,50,120,3,68,31,118,6" hai1="90,10,131,70,65,46,28,100,29,52,61,135,7" hai2="25,78,2,20,63,4,79,23,97,130,58,84,24" hai3="30,8,40,32,44,77,27,125,21,88,112,48,37"/><U122/><E122/><V113/><F130/><W129/><G112/><T45/><D118/><U0/><E131/><V26/><F113/><W15/><G129/><T1/><D68/><U126/><E126/><V16/><F2/><W38/><G125/><T99/><D6/><U82/><E135/><V75/><F75/><W5/><G77/><N who="2" m="29193" /><F4/><W53/><G53/><T133/><D133/><U114/><E114/><V111/><F111/><W69/><G69/><T101/><D31/><U41/><E100/><V119/><F84/><W12/><G12/><T106/><D120/><U59/><E90/><V81/><F81/><W87/><REACH who="3" step="1"/><G32/><REACH who="3" ten="240,250,280,220" step="2"/><T104/><D76/><U105/><E82/><AGARI ba="0,1" hai="5,8,15,21,27,30,37,38,40,44,48,82,87,88" machi="82" ten="30,7700,0" yaku="1,1,2,1,7,1,54,1,53,0" doraHai="66" doraHaiUra="34" who="3" fromWho="1" sc="240,0,250,-77,280,0,220,87" /><INIT seed="2,0,0,5,3,7" ten="240,173,280,307" oya="2" hai0="59,9,75,68,84,0,35,105,49,65,44,134,4" hai1="117,133,19,45,55,71,94,38,40,37,135,64,132" hai2="86,127,109,25,29,79,6,5,30,118,48,23,2" hai3="125,15,101,92,121,13,10,89,47,98,100,131,106"/><V88/><F118/><W115/><G121/><T28/><D75/><U11/><E117/><V91/><F127/><W56/><G125/><T17/><D134/><U61/><E94/><V39/><F39/><W99/><G131/><T31/><D105/><U111/><E111/><V33/><F109/><W36/><G115/><T120/><D120/><U3/><E55/><V8/><F6/><W73/><G73/><T43/><D68/><U62/><E62/><V130/><F130/><W58/><G15/><T42/><D35/><U1/><REACH who="1" step="1"/><E38/><REACH who="1" ten="240,163,280,307" step="2"/><V41/><F48/><W26/><G56/><T83/><D43/><U22/><E22/><V102/><F41/><W24/><G58/><T126/><D126/><U72/><E72/><V95/><F23/><W27/><G36/><T50/><D50/><U60/><E60/><V69/><F95/><W52/><G52/><T67/><D59/><U123/><E123/><V119/><F119/><W53/><G53/><T97/><D65/><U116/><E116/><V46/><F33/><W114/><G114/><T76/><D67/><U20/><E20/><V104/><F69/><W81/><G81/><T78/><D49/><U54/><E54/><V103/><F104/><W82/><G82/><T93/><D42/><U108/><E108/><V80/><F80/><W77/><G92/><T70/><D70/><U110/><E110/><V90/><F86/><W32/><G106/><T18/><D78/><U21/><E21/><V51/><F51/><W113/><G77/><T66/><D66/><U87/><E87/><V12/><F79/><W107/><G32/><RYUUKYOKU ba="0,1" sc="240,-10,163,30,280,-10,307,-10" hai1="1,3,11,19,37,40,45,61,64,71,132,133,135" /><INIT seed="3,1,1,0,5,2" ten="230,193,270,297" oya="3" hai0="61,105,108,58,93,68,119,53,74,91,38,69,22" hai1="118,84,14,94,0,131,10,107,109,95,19,56,111" hai2="125,103,24,81,46,82,47,4,35,124,88,113,75" hai3="126,45,20,31,63,133,97,101,9,26,115,60,65"/><W66/><G126/><N who="2" m="48745" /><F113/><W77/><G115/><T41/><D119/><U110/><E118/><V83/><F103/><W104/><G133/><T80/><D105/><U36/><E131/><V32/><F75/><W57/><G77/><T5/><D108/><U67/><E107/><V120/><F120/><W23/><G45/><N who="2" m="16905" /><F4/><W52/><G9/><T16/><D41/><U72/><E72/><V48/><F48/><W13/><G63/><T64/><D38/><U116/><E36/><V11/><F11/><W40/><G40/><T34/><D34/><N who="2" m="12842" /><F24/><W44/><G44/><T76/><D5/><N who="1" m="1319" /><E116/><V39/><F39/><W87/><G13/><T30/><D30/><U42/><E42/><V21/><F21/><W112/><G20/><T55/><D69/><U3/><E3/><V127/><F127/><W50/><G50/><T92/><D68/><U7/><E7/><V6/><F6/><W71/><G71/><T15/><REACH who="0" step="1"/><D92/><REACH who="0" ten="220,193,270,297" step="2"/><U43/><E43/><V70/><F70/><W90/><G112/><T25/><D25/><U79/><E19/><V114/><F114/><W98/><G26/><T49/><D49/><U18/><E18/><V134/><F134/><W73/><G31/><T89/><D89/><AGARI ba="1,2" hai="81,82,83,88,89" m="12842,16905,48745" machi="89" ten="40,8000,1" yaku="28,2,18,1,54,1" doraHai="2" who="2" fromWho="0" sc="220,-83,193,0,270,103,297,0" owari="137,-36.3,193,-20.7,373,47.3,297,9.7" /></mjloggm>