<mjloggm ver="2.3"><GO type="225" lobby="0"/><UN n0="%E3%81%95%E3%81%8D%E3%81%9F%E3%81%BE%E6%9E%97%E6%AA%8E" n1="%E6%9D%B1%E9%A2%A8%E3%81%AE%E3%81%8D%E3%82%83%E3%81%B7%E3%81%95%E3%82%93" n2="%E8%BE%9B%E5%8F%A3%E3%82%AB%E3%83%AC%E3%83%BC%E3%83%A9%E3%82%A4%E3%82%B9" n3="%E4%BF%BA%E3%81%A8%E5%A6%96%E5%A4%A2" dan="16,16,16,16" rate="2101.62,2187.32,2175.06,2268.93" sx="M,M,M,F"/><TAIKYOKU oya="0"/><INIT seed="0,0,0,4,5,40" ten="250,250,250,250" oya="0" hai0="71,20,133,62,12,78,2,68,94,88,135,84,49" hai1="66,36,92,5,110,0,56,33,44,99,114,109,91" hai2="26,54,61,15,1,57,125,80,106,28,86,21,126" hai3="35,124,4,87,82,104,30,17,105,116,81,107,7"/><T97/><D2/><U34/><E114/><V111/><F111/><N who="1" m="42505" /><E56/><V25/><F1/><W67/><G116/><T134/><D62/><U46/><E66/><V18/><F106/><W79/><G124/><T101/><D78/><U108/><N who="1" m="42513" /><U50/><DORA hai="123" /><E36/><V19/><F26/><W75/><G67/><T16/><REACH who="0" step="1"/><D49/><REACH who="0" ten="240,250,250,250" step="2"/><U31/><E50/><V59/><F59/><W52/><G79/><T60/><D60/><U89/><E89/><V58/><F57/><W102/><G107/><AGARI ba="0,1" hai="12,16,20,68,71,84,88,94,97,101,107,133,134,135" machi="107" ten="40,12000,1" yaku="1,1,20,1,54,2,53,1" doraHai="40,123" doraHaiUra="41,83" who="0" fromWho="3" sc="240,130,250,0,250,0,250,-120" /><INIT seed="0,1,0,1,1,73" ten="370,250,250,130" oya="0" hai0="9,7,18,89,49,115,112,130,39,109,19,135,110" hai1="29,47,42,85,121,128,74,56,134,97,59,40,60" hai2="31,116,80,90,12,8,51,108,33,94,71,23,45" hai3="113,102,46,132,124,57,107,48,87,75,72,82,61"/><T55/><D39/><U98/><E74/><V25/><F71/><W93/><G113/><N who="0" m="43595" /><D55/><U91/><E121/><V2/><F108/><N who="0" m="41578" /><D49/><U68/><E68/><V62/><F116/><W3/><G3/><N who="0" m="255" /><D89/><U88/><E47/><V43/><F62/><W50/><G50/><T120/><D120/><U10/><E60/><V126/><F126/><W36/><G124/><T86/><D86/><U66/><E85/><V69/><F69/><W76/><G107/><T38/><D38/><U26/><E66/><V30/><F90/><W15/><G36/><T44/><D44/><U92/><E88/><V103/><F51/><W84/><G84/><T117/><D117/><U32/><E91/><V105/><F45/><W78/><G78/><T58/><D58/><U20/><E56/><V81/><F105/><W123/><G123/><T79/><D79/><U70/><E59/><V104/><F104/><W6/><G102/><T37/><D37/><U14/><E42/><V96/><F43/><W77/><G93/><T22/><D135/><U4/><E134/><V114/><F114/><W35/><G132/><T11/><D11/><U106/><E10/><V131/><F8/><N who="3" m="4503" /><G76/><T65/><D65/><U119/><E92/><V99/><F94/><W125/><G125/><T111/><D111/><U129/><E106/><V67/><F103/><W127/><G127/><T83/><D83/><U53/><E40/><V28/><F81/><W54/><G72/><T101/><D101/><U17/><E70/><V41/><F41/><N who="3" m="24655" /><G75/><T21/><D130/><U5/><E129/><V27/><F131/><W52/><G54/><RYUUKYOKU ba="1,0" sc="370,15,250,-15,250,-15,130,15" hai0="18,19,21,22" hai3="35,52,57,61,77,82,87" /><INIT seed="0,2,0,3,5,73" ten="385,235,235,145" oya="0" hai0="20,106,62,83,59,50,115,65,3,0,68,86,17" hai1="33,122,131,58,111,63,113,48,7,23,97,118,43" hai2="4,67,36,41,66,78,29,90,100,91,134,81,117" hai3="107,74,77,103,93,80,101,9,15,39,110,6,18"/><T13/><D115/><U71/><E33/><V25/><F134/><W8/><G39/><T120/><D106/><U123/><E131/><V104/><F117/><W55/><G107/><T30/><D120/><U27/><E7/><V130/><F130/><W31/><G110/><T96/><D96/><U109/><E118/><V26/><F4/><W108/><G108/><N who="1" m="41546" /><E97/><V85/><F100/><W2/><G31/><T52/><REACH who="0" step="1"/><D30/><REACH who="0" ten="375,235,235,145" step="2"/><N who="1" m="17791" /><E113/><V119/><F104/><W89/><REACH who="3" step="1"/><G55/><REACH who="3" ten="375,235,235,135" step="2"/><T94/><D94/><U95/><E95/><V114/><F29/><W49/><G49/><T72/><D72/><U19/><E48/><V56/><F114/><W99/><AGARI ba="2,2" hai="2,6,8,9,15,18,74,77,80,89,93,99,101,103" machi="99" ten="20,5200,0" yaku="1,1,0,1,7,1,52,1,53,0" doraHai="73" doraHaiUra="40" who="3" fromWho="3" sc="375,-28,235,-15,235,-15,135,78" /><INIT seed="1,0,0,3,0,69" ten="347,220,220,213" oya="1" hai0="103,40,5,34,107,118,74,77,75,44,135,55,51" hai1="48,6,83,19,22,81,54,7,131,116,12,46,102" hai2="17,41,58,43,80,106,68,65,63,110,134,62,1" hai3="67,8,52,33,111,91,132,60,26,73,112,49,85"/><U89/><E116/><V16/><F1/><W84/><G112/><T96/><D135/><U72/><E131/><V130/><F106/><W45/><G73/><T61/><D118/><U123/><E123/><V120/><F120/><W115/><G115/><T25/><D5/><U86/><REACH who="1" step="1"/><E102/><REACH who="1" ten="347,210,220,213" step="2"/><V70/><F130/><W32/><G132/><T3/><D103/><U0/><E0/><V100/><F134/><W97/><G111/><T29/><D3/><U4/><E4/><V129/><F129/><W114/><G114/><T71/><D77/><AGARI ba="0,1" hai="6,7,12,19,22,46,48,54,72,77,81,83,86,89" machi="77" ten="40,3900,0" yaku="1,1,53,1" doraHai="69" doraHaiUra="104" who="1" fromWho="0" sc="347,-39,210,49,220,0,213,0" /><INIT seed="1,1,0,4,0,119" ten="308,259,220,213" oya="1" hai0="14,130,50,123,87,18,112,16,69,133,113,90,68" hai1="12,104,110,80,82,126,48,8,15,120,30,11,17" hai2="121,62,76,134,71,36,75,24,91,61,33,78,103" hai3="44,63,56,79,101,9,107,106,23,13,135,1,132"/><U20/><E104/><V81/><F36/><W127/><G1/><T93/><D133/><N who="3" m="51273" /><G23/><T92/><D130/><U34/><E120/><V22/><F134/><W53/><G101/><T117/><D117/><U70/><E70/><V100/><F33/><W97/><G97/><T94/><D123/><U43/><E126/><V21/><F121/><W42/><G79/><T39/><D39/><U27/><E110/><V95/><F78/><W116/><G116/><T111/><D111/><U47/><REACH who="1" step="1"/><E34/><REACH who="1" ten="308,249,220,213" step="2"/><V118/><F118/><W35/><G35/><T67/><D69/><U46/><E46/><V19/><F71/><W65/><G127/><T77/><D68/><U73/><E73/><V109/><F109/><W59/><G107/><T4/><D113/><U51/><E51/><V52/><F62/><W131/><G106/><T85/><D50/><U55/><E55/><V3/><F61/><N who="3" m="38055" /><G44/><T60/><D60/><U54/><E54/><V96/><F52/><W125/><G125/><T74/><D112/><U37/><E37/><V114/><F114/><W122/><G122/><T89/><D74/><U72/><E72/><V0/><F75/><W57/><G131/><T128/><D128/><U105/><E105/><V108/><F108/><W49/><G59/><T99/><D77/><U5/><AGARI ba="1,1" hai="5,8,11,12,15,17,20,27,30,43,47,48,80,82" machi="5" ten="20,18000,2" yaku="1,1,0,1,7,1,8,1,53,2" doraHai="119" doraHaiUra="7" who="1" fromWho="1" sc="308,-61,249,193,220,-61,213,-61" /><INIT seed="1,2,0,5,5,66" ten="247,442,159,152" oya="1" hai0="48,107,56,60,120,116,92,84,22,81,59,8,34" hai1="90,55,89,52,80,51,12,14,73,103,17,111,53" hai2="6,44,35,131,122,106,39,91,57,126,45,83,85" hai3="13,109,101,129,108,54,63,93,28,50,76,133,77"/><U114/><E114/><V82/><F122/><W27/><G129/><T3/><D116/><U23/><E111/><N who="3" m="42570" /><G63/><T104/><D120/><U65/><E65/><V36/><F106/><W19/><G133/><T26/><D34/><U98/><E12/><V21/><F35/><N who="3" m="20895" /><G101/><T100/><D100/><U7/><E7/><V112/><F131/><W128/><G93/><T70/><D92/><U102/><E51/><V2/><F126/><W96/><G96/><T113/><D113/><U68/><E68/><V58/><F112/><W97/><G97/><T4/><D70/><U31/><E31/><V32/><F32/><W127/><G127/><T29/><D48/><U115/><E115/><V18/><F83/><W119/><G119/><T72/><D72/><U10/><E10/><V9/><F39/><W86/><G86/><T38/><D38/><U134/><E134/><V16/><F36/><W41/><G41/><T117/><D117/><U37/><E37/><V30/><F30/><W11/><G128/><T135/><D135/><U88/><REACH who="1" step="1"/><E98/><REACH who="1" ten="247,432,159,152" step="2"/><V42/><F42/><W105/><G11/><T69/><D8/><U5/><E5/><V118/><F118/><W123/><G123/><T62/><D4/><U0/><E0/><V25/><REACH who="2" step="1"/><F18/><REACH who="2" ten="247,432,149,152" step="2"/><W71/><G19/><T40/><D29/><U47/><E47/><AGARI ba="2,2" hai="2,6,9,16,21,25,44,45,47,57,58,82,85,91" machi="47" ten="40,5200,0" yaku="1,1,2,1,54,1,53,0" doraHai="66" doraHaiUra="46" who="2" fromWho="1" sc="247,0,432,-58,149,78,152,0" /><INIT seed="2,0,0,5,5,108" ten="247,374,227,152" oya="2" hai0="94,75,82,22,65,47,58,37,79,64,56,16,123" hai1="3,121,132,42,125,6,89,1,77,86,49,135,55" hai2="112,62,4,43,102,12,110,74,134,105,38,25,104" hai3="111,7,99,14,95,97,78,84,129,27,71,107,53"/><V85/><F112/><W28/><G111/><T88/><D123/><U70/><E77/><V0/><F110/><W98/><G71/><T63/><D37/><U115/><E6/><V106/><F74/><W20/><G129/><T76/><D47/><U5/><E5/><V26/><F134/><W34/><G107/><T109/><D109/><U60/><E42/><V133/><F0/><W128/><G128/><T40/><D40/><U90/><E115/><V61/><F102/><W23/><G34/><T31/><D31/><U24/><E24/><V36/><F133/><W120/><G120/><T96/><D79/><U32/><E32/><V69/><F85/><W68/><G68/><T33/><D33/><U54/><E125/><V18/><F4/><W29/><G29/><T73/><D73/><U46/><E121/><V122/><F122/><W35/><G35/><T100/><D100/><U10/><E70/><V30/><F43/><W91/><G53/><N who="0" m="34191" /><D58/><U17/><E55/><V81/><F81/><W103/><G78/><T19/><D19/><U45/><E17/><V50/><F30/><W41/><G41/><T66/><D66/><U130/><E130/><V11/><F69/><W15/><G23/><T57/><D57/><U59/><E1/><V2/><F2/><W93/><REACH who="3" step="1"/><G14/><REACH who="3" ten="247,374,227,142" step="2"/><T124/><D124/><U52/><E135/><V131/><F131/><W116/><G116/><T119/><D119/><U83/><E54/><V67/><F105/><W13/><G13/><T87/><D75/><U114/><E132/><V118/><F104/><W51/><G51/><T113/><D113/><RYUUKYOKU ba="0,1" sc="247,15,374,-15,227,-15,142,15" hai0="16,22,64,65,76,82,87,88,94,96" hai3="7,15,20,27,28,84,91,93,95,97,98,99,103" /><INIT seed="3,1,1,4,2,54" ten="262,359,212,157" oya="3" hai0="130,90,117,62,100,41,48,4,113,114,80,131,83" hai1="59,50,116,86,8,40,30,58,34,76,36,39,67" hai2="45,33,107,10,53,119,82,79,7,32,129,99,22" hai3="118,66,42,95,97,38,85,24,122,73,46,25,0"/><W88/><G118/><T26/><D4/><U123/><E123/><V56/><F119/><W19/><G122/><T89/><D117/><U18/><E30/><V60/><F22/><W6/><G73/><T44/><D100/><U63/><E34/><V23/><F129/><N who="0" m="49162" /><D26/><U120/><E120/><V2/><F23/><W133/><G133/><T31/><D31/><U112/><E86/><V74/><F107/><W70/><G19/><T92/><D62/><U3/><E76/><V27/><F27/><W105/><G105/><T93/><D93/><U134/><E63/><V111/><F111/><W71/><G97/><N who="0" m="57487" /><D90/><U132/><E40/><V57/><F45/><W13/><G0/><T110/><D110/><U72/><E50/><V102/><F102/><W75/><G75/><T12/><D12/><U17/><E17/><V1/><F99/><W49/><G38/><T9/><D9/><U84/><E8/><V94/><F94/><W20/><G66/><T104/><D104/><U28/><E67/><V109/><F109/><W124/><G124/><T77/><D83/><U68/><E39/><V121/><F121/><W16/><REACH who="3" step="1"/><G6/><REACH who="3" ten="262,359,212,147" step="2"/><T115/><D115/><U29/><E112/><V126/><F74/><AGARI ba="1,2" hai="41,44,48,74,77,80,113,114" m="57487,49162" machi="74" ten="30,1000,0" yaku="19,1" doraHai="54" who="0" fromWho="2" sc="262,33,359,0,212,-13,147,0" owari="295,9.5,359,45.9,199,-20.1,147,-35.3" /></mjloggm>