<mjloggm ver="2.3"><GO type="225" lobby="0"/><UN n0="%E3%81%BF%E3%81%BF%E3%81%9A" n1="%E3%83%81%E3%83%A7%E3%83%99%E3%83%83%E3%82%AF" n2="%E4%B8%8B%E4%BA%95%E8%8D%89" n3="%E5%A4%8F%E9%88%B4%E9%88%B4%E5%A4%8F" dan="18,16,16,16" rate="2250.88,2067.33,2147.43,2100.81" sx="M,M,M,M"/><TAIKYOKU oya="0"/><INIT seed="0,0,0,5,5,128" ten="250,250,250,250" oya="0" hai0="20,39,38,124,92,76,94,71,113,6,24,104,108" hai1="84,129,90,115,116,43,114,21,88,126,31,1,44" hai2="30,64,9,41,46,101,56,33,127,123,28,103,118" hai3="78,42,59,86,81,40,45,111,100,27,0,15,117"/><T98/><D113/><N who="1" m="43019" /><E1/><V10/><F123/><W68/><G0/><T93/><D71/><U22/><E116/><V58/><F33/><W121/><G121/><T57/><D124/><U75/><E75/><V2/><F2/><W70/><G111/><T87/><D6/><U49/><E126/><V5/><F127/><W29/><G117/><T69/><D69/><U12/><E129/><V83/><F118/><W73/><G100/><N who="2" m="38473" /><F5/><W119/><G119/><T107/><D98/><U13/><E90/><V120/><F120/><W23/><G59/><N who="2" m="22569" /><F64/><W97/><G97/><T96/><D96/><U85/><E84/><V52/><F41/><W79/><G15/><N who="1" m="5706" /><E31/><N who="2" m="11819" /><F83/><AGARI ba="0,0" hai="21,22,43,44,49,83,85,88" m="5706,43019" machi="83" ten="30,2000,0" yaku="11,1,54,1" doraHai="128" who="1" fromWho="2" sc="250,0,250,20,250,-20,250,0" /><INIT seed="1,0,0,2,4,118" ten="250,270,230,250" oya="1" hai0="19,83,127,104,97,121,7,101,99,24,129,42,124" hai1="98,0,35,116,27,81,45,72,46,8,61,100,91" hai2="77,119,49,94,55,84,13,69,11,23,117,126,15" hai3="53,25,38,134,67,96,86,110,130,80,71,90,92"/><U95/><E116/><V4/><F69/><W5/><G110/><T115/><D115/><U76/><E0/><V112/><F126/><N who="0" m="48170" /><D7/><U30/><E8/><V135/><F135/><W26/><G38/><T133/><D133/><U31/><E31/><V78/><F112/><W21/><G134/><T56/><D129/><U48/><E61/><V120/><F120/><W82/><G130/><T75/><D42/><U33/><E33/><V88/><F119/><W22/><G5/><T74/><D56/><U87/><REACH who="1" step="1"/><E48/><REACH who="1" ten="250,260,230,250" step="2"/><V107/><F117/><W93/><G71/><T131/><D131/><U105/><AGARI ba="0,1" hai="27,30,35,45,46,72,76,81,87,91,95,98,100,105" machi="105" ten="20,18000,2" yaku="1,1,2,1,0,1,7,1,24,2,53,0" doraHai="118" doraHaiUra="64" who="1" fromWho="1" sc="250,-60,260,190,230,-60,250,-60" /><INIT seed="1,1,0,2,0,124" ten="190,450,170,190" oya="1" hai0="28,52,27,14,40,126,112,62,38,44,9,37,11" hai1="76,92,102,83,5,72,116,43,77,134,131,103,130" hai2="97,8,25,54,120,125,46,99,113,133,67,12,64" hai3="129,53,6,56,24,23,4,89,59,13,93,95,55"/><U42/><E116/><V96/><F120/><W61/><G129/><N who="1" m="49162" /><E76/><V88/><F133/><W48/><G13/><T20/><D112/><U94/><E5/><V47/><F125/><W75/><G75/><T39/><D126/><U114/><E134/><V33/><F113/><W90/><G95/><N who="1" m="36394" /><E114/><V98/><F33/><W109/><G109/><T71/><D9/><U91/><E91/><V104/><F25/><W0/><G0/><T70/><D70/><U101/><AGARI ba="1,0" hai="42,43,72,77,83,101,102,103" m="36394,49162" machi="101" ten="40,12000,1" yaku="19,1,52,3" doraHai="124" who="1" fromWho="1" sc="190,-41,450,123,170,-41,190,-41" /><INIT seed="1,2,0,3,3,129" ten="149,573,129,149" oya="1" hai0="9,64,24,94,44,74,41,42,58,114,117,121,87" hai1="30,13,96,36,29,108,31,98,71,49,10,131,76" hai2="128,8,23,112,50,22,75,37,113,119,89,14,88" hai3="59,90,78,77,105,28,70,32,107,65,55,95,35"/><U21/><E36/><V57/><F37/><W67/><G28/><T135/><D74/><U134/><E71/><V60/><F75/><W34/><G70/><T52/><D114/><N who="2" m="44138" /><F119/><W38/><G38/><T40/><D117/><U126/><E131/><V97/><F50/><W120/><G120/><T47/><D135/><U125/><E134/><V123/><F123/><W56/><G95/><T101/><D64/><N who="3" m="24649" /><G90/><N who="2" m="34921" /><F97/><N who="1" m="37481" /><E76/><N who="3" m="29290" /><G55/><T127/><D121/><U99/><E99/><V110/><F110/><W84/><G84/><T26/><D87/><U103/><E103/><V46/><F128/><W2/><G2/><T69/><D101/><U130/><E130/><V82/><F82/><W7/><G7/><T20/><D94/><U54/><E108/><V104/><F104/><AGARI ba="2,0" hai="32,34,35,56,59,104,105,107" m="29290,24649" machi="104" ten="40,2600,0" yaku="28,2" doraHai="129" who="3" fromWho="2" sc="149,0,573,0,129,-32,149,32" /><INIT seed="2,0,0,0,2,88" ten="149,573,97,181" oya="2" hai0="9,68,94,47,32,41,17,132,58,51,101,14,50" hai1="104,38,3,96,12,31,131,90,44,62,26,2,27" hai2="39,114,81,45,22,5,0,33,54,99,83,66,116" hai3="89,53,7,95,106,100,121,24,107,105,55,18,125"/><V67/><F114/><W73/><G121/><T112/><D68/><U111/><E111/><V86/><F116/><W127/><G73/><T30/><D112/><U36/><E62/><V82/><F33/><W20/><G7/><T79/><D132/><U134/><E12/><V115/><F115/><W34/><G100/><T35/><D79/><U37/><E44/><V43/><F54/><W65/><G65/><T48/><D30/><U42/><E42/><V126/><F126/><N who="3" m="48139" /><G34/><T28/><D58/><U60/><E131/><V1/><F86/><AGARI ba="0,0" hai="18,20,24,53,55,86,89,95,105,106,107" m="48139" machi="86" ten="40,2600,0" yaku="18,1,52,1" doraHai="88" who="3" fromWho="2" sc="149,0,573,0,97,-26,181,26" /><INIT seed="3,0,0,1,3,101" ten="149,573,71,207" oya="3" hai0="100,38,56,28,31,87,61,71,42,40,6,26,110" hai1="86,45,44,67,12,104,77,132,62,79,76,116,36" hai2="72,102,19,15,93,91,129,130,127,78,96,85,10" hai3="53,39,52,134,133,70,25,120,23,106,124,16,32"/><W95/><G120/><T84/><D110/><U22/><E36/><V7/><F127/><W18/><G39/><T21/><D71/><U88/><E104/><V113/><F113/><W35/><G70/><T43/><D38/><U135/><E116/><V105/><REACH who="2" step="1"/><F7/><REACH who="2" ten="149,573,61,207" step="2"/><W69/><G134/><N who="1" m="51242" /><E22/><V118/><F118/><W0/><G133/><T11/><D28/><U121/><E12/><V89/><F89/><W60/><G124/><T46/><D100/><U97/><E97/><V126/><F126/><W20/><G0/><T47/><D6/><U108/><E108/><V57/><F57/><W66/><G32/><T75/><D11/><U73/><E73/><V50/><F50/><W83/><G35/><T103/><D75/><U37/><E37/><V131/><F131/><W51/><G23/><T94/><D103/><U5/><E5/><V99/><F99/><W54/><G20/><T112/><D112/><U80/><E121/><V8/><F8/><W41/><G51/><T74/><D74/><U48/><E48/><V49/><F49/><W3/><G3/><T125/><D125/><U17/><E17/><V13/><F13/><W123/><G16/><T4/><D4/><U55/><E55/><V24/><F24/><W64/><G54/><T63/><D56/><AGARI ba="0,1" hai="44,45,56,62,67,76,77,79,80,86,88" m="51242" machi="56" ten="30,2000,0" yaku="20,1,54,1" doraHai="101" who="1" fromWho="0" sc="149,-20,573,30,61,0,207,0" owari="129,-27.1,603,70.3,61,-43.9,207,0.7" /></mjloggm>