<mjloggm ver="2.3"><GO type="225" lobby="0"/><UN n0="%E6%B8%A9%E2%98%85%E6%83%85%E2%98%85%E6%8E%AA%E2%98%85%E7%BD%AE" n1="%72%69%6F%75%63%68%61%6E" n2="%E3%83%A9%E3%82%A4%E3%83%B3%E3%81%AE%E8%99%8E" n3="%E4%BF%BA%E3%81%A8%E5%A6%96%E5%A4%A2" dan="17,16,16,16" rate="2176.40,2160.24,2140.83,2137.89" sx="M,M,M,F"/><TAIKYOKU oya="0"/><INIT seed="0,0,0,3,3,80" ten="250,250,250,250" oya="0" hai0="65,57,15,74,14,135,3,31,18,89,40,19,117" hai1="58,130,23,59,93,95,99,52,67,71,84,96,37" hai2="98,24,34,61,91,64,72,133,119,134,105,60,68" hai3="86,76,16,111,120,11,0,87,106,54,101,79,88"/><T48/><D117/><U82/><E37/><V121/><F121/><W124/><G120/><T9/><D74/><U1/><E1/><V109/><F119/><W56/><G111/><T97/><D135/><U115/><E130/><V114/><F114/><W22/><G124/><T8/><D3/><U92/><E115/><V123/><F123/><W55/><G106/><T4/><D31/><U73/><E73/><V108/><F72/><W75/><G101/><T17/><D65/><U116/><E116/><V38/><F38/><W7/><G75/><T126/><D126/><U100/><E71/><V41/><F41/><W122/><G122/><T49/><D57/><U46/><E23/><V39/><F61/><W107/><G107/><T132/><D132/><N who="2" m="50794" /><F39/><W90/><G90/><T128/><D128/><U29/><E29/><N who="2" m="19751" /><F91/><W131/><G131/><T112/><D112/><U30/><E30/><V102/><AGARI ba="0,0" hai="60,64,68,98,102,105,108,109" m="19751,50794" machi="102" ten="30,4000,0" yaku="25,1,20,1,23,1" doraHai="80" who="2" fromWho="2" sc="250,-20,250,-10,250,40,250,-10" /><INIT seed="1,0,0,3,4,61" ten="230,240,290,240" oya="1" hai0="93,87,74,127,34,130,42,88,79,35,51,110,121" hai1="16,28,23,29,101,132,53,3,99,41,0,38,95" hai2="133,83,68,116,22,71,82,134,126,21,44,52,65" hai3="129,92,115,112,94,100,36,111,47,27,49,9,12"/><U80/><E132/><N who="2" m="50795" /><F116/><W86/><G36/><T114/><D114/><U77/><E0/><V75/><F126/><W58/><G111/><T72/><D110/><U131/><E3/><V4/><F4/><W11/><G129/><T18/><D130/><U30/><E131/><V33/><F33/><W107/><G58/><T1/><D1/><U96/><E53/><V106/><F106/><W56/><G56/><T62/><D127/><U128/><E128/><V13/><F13/><W66/><G27/><T15/><D121/><U48/><E38/><V46/><F75/><W10/><G12/><T63/><D72/><U122/><E122/><V73/><F73/><W89/><G107/><T67/><D63/><U32/><E32/><V117/><F117/><W123/><G123/><T19/><D19/><U103/><E41/><V43/><F52/><W70/><G70/><N who="2" m="26665" /><F65/><W84/><G66/><T119/><D119/><U20/><E48/><N who="2" m="26655" /><F46/><W5/><G5/><T105/><D105/><U24/><E103/><V2/><F2/><W8/><N who="3" m="2048" /><DORA hai="113" /><W91/><REACH who="3" step="1"/><G100/><REACH who="3" ten="230,240,290,230" step="2"/><T25/><D15/><U57/><E57/><V40/><F40/><AGARI ba="0,1" hai="40,47,49,84,86,89,91,92,94,112,115" m="2048" machi="40" ten="50,6400,0" yaku="1,1,2,1,9,1,53,0" doraHai="61,113" doraHaiUra="118,98" who="3" fromWho="2" sc="230,0,240,0,290,-64,230,74" /><INIT seed="2,0,0,1,5,39" ten="230,240,226,304" oya="2" hai0="126,51,62,10,22,11,71,101,69,56,78,92,42" hai1="38,127,14,50,106,119,87,100,20,82,108,89,120" hai2="21,134,81,59,29,135,93,57,36,2,6,13,77" hai3="16,34,130,49,31,129,113,95,1,9,90,112,19"/><V4/><F36/><W128/><G49/><T60/><D126/><U91/><E119/><V8/><F93/><W104/><G104/><T98/><D78/><U45/><E108/><V26/><F6/><N who="3" m="1231" /><G90/><T85/><D71/><U55/><E127/><V116/><F116/><W80/><G80/><T63/><D69/><U94/><E120/><V122/><F122/><W97/><G97/><T61/><D22/><U27/><E38/><V109/><F109/><W102/><G102/><T68/><D85/><U30/><E14/><V23/><F2/><W5/><G5/><T46/><REACH who="0" step="1"/><D68/><REACH who="0" ten="220,240,226,304" step="2"/><U41/><E106/><V115/><F21/><W125/><G125/><T53/><AGARI ba="0,1" hai="10,11,42,46,51,53,56,60,61,62,63,92,98,101" machi="53" ten="30,8000,1" yaku="1,1,2,1,0,1,8,1,52,1,53,0" doraHai="39" doraHaiUra="3" who="0" fromWho="0" sc="220,90,240,-20,226,-40,304,-20" /><INIT seed="3,0,0,0,4,26" ten="310,220,186,284" oya="3" hai0="70,30,36,79,54,74,47,95,118,113,105,135,9" hai1="120,19,130,40,14,134,98,52,3,71,43,11,119" hai2="58,7,90,8,122,83,56,82,0,46,23,123,18" hai3="20,111,114,77,16,25,72,100,53,67,68,4,117"/><W97/><G114/><T57/><D105/><U33/><E120/><V5/><F5/><W32/><G117/><T88/><D118/><U85/><E119/><V126/><F126/><W42/><G42/><T86/><D70/><U65/><E130/><V124/><F124/><W2/><G32/><T31/><D113/><U34/><E134/><V48/><F82/><W108/><G77/><T102/><D102/><U99/><E3/><V22/><F22/><W109/><G72/><T66/><D66/><U35/><E85/><V27/><F83/><W103/><G53/><T15/><D135/><U93/><E99/><V28/><F90/><W132/><G132/><T107/><D107/><U69/><E52/><V112/><F112/><W78/><G78/><T127/><D127/><U115/><E115/><V116/><F116/><W51/><G51/><T121/><D121/><N who="2" m="46090" /><F18/><W13/><G2/><T37/><D37/><U104/><E104/><V38/><F38/><W94/><G103/><T75/><D75/><U84/><E84/><V45/><F45/><W125/><G125/><T106/><D106/><U29/><E29/><V96/><F96/><W131/><G4/><N who="0" m="3495" /><D79/><U91/><REACH who="1" step="1"/><E71/><REACH who="1" ten="310,210,186,284" step="2"/><V128/><F128/><W73/><G131/><T59/><D74/><U21/><E21/><V76/><F76/><W80/><G73/><T110/><D86/><U60/><AGARI ba="0,1" hai="11,14,19,33,34,35,40,43,60,65,69,91,93,98" machi="60" ten="40,5200,0" yaku="1,1,0,1,53,1" doraHai="26" doraHaiUra="62" who="1" fromWho="1" sc="310,-13,210,62,186,-13,284,-26" /><INIT seed="4,0,0,0,5,116" ten="297,272,173,258" oya="0" hai0="40,34,109,61,125,3,53,115,89,104,57,131,129" hai1="44,88,85,30,24,90,62,29,20,45,113,14,97" hai2="0,52,1,112,101,77,22,105,111,73,26,110,46" hai3="31,19,94,67,36,23,84,122,92,43,55,2,42"/><T58/><D115/><U108/><E108/><V80/><F112/><W79/><G2/><T103/><D109/><U64/><E113/><V121/><F110/><W124/><G31/><T91/><D125/><U71/><E29/><V59/><F111/><W56/><G124/><T76/><D3/><U7/><E97/><V127/><F127/><W100/><G67/><T119/><D119/><U93/><REACH who="1" step="1"/><E90/><REACH who="1" ten="297,262,173,258" step="2"/><V17/><F46/><W27/><G36/><T39/><D91/><U130/><E130/><V35/><F35/><W63/><G122/><T10/><D89/><U37/><E37/><V135/><F135/><W70/><G70/><T66/><D34/><U123/><E123/><V32/><F32/><W65/><G100/><T132/><D132/><U98/><E98/><V117/><F117/><W6/><G65/><T126/><D126/><U25/><E25/><V12/><F121/><W49/><G6/><T81/><D103/><U9/><AGARI ba="0,1" hai="7,9,14,20,24,30,44,45,62,64,71,85,88,93" machi="9" ten="30,4000,0" yaku="1,1,0,1,54,1,53,0" doraHai="116" doraHaiUra="74" who="1" fromWho="1" sc="297,-20,262,50,173,-10,258,-10" owari="277,7.7,312,41.2,163,-33.7,248,-15.2" /></mjloggm>