<mjloggm ver="2.3"><GO type="225" lobby="0"/><UN n0="%E3%81%B2%E3%81%AA%E3%81%AE%E3%82%8A%E3%81%8F" n1="%E5%91%A8%E6%9D%B1" n2="%E6%80%AA%E3%81%97%E3%81%99%E3%81%8E%E3%82%8B%E3%83%81%E3%83%BC" n3="%E3%81%A4%E3%81%A3%E3%81%B1%E3%82%8A%E3%83%9D%E3%83%BC%E3%83%AB" dan="16,16,16,17" rate="2111.41,2200.96,2059.43,2187.09" sx="M,M,M,M"/><TAIKYOKU oya="0"/><INIT seed="0,0,0,2,4,39" ten="250,250,250,250" oya="0" hai0="94,28,25,125,90,55,115,30,100,113,4,64,135" hai1="36,52,82,66,8,127,110,54,7,84,18,108,56" hai2="5,132,42,53,34,109,65,9,19,21,12,45,48" hai3="101,80,32,118,29,74,68,23,87,126,46,128,71"/><T129/><D125/><U86/><E127/><V131/><F34/><W78/><G126/><T16/><D135/><U98/><E18/><V15/><F132/><W105/><G118/><T77/><D77/><U1/><E36/><V73/><F73/><W38/><G128/><T51/><D100/><U92/><E66/><V133/><F109/><N who="1" m="42089" /><E82/><V37/><F131/><W14/><G14/><T31/><D4/><U35/><E35/><V79/><F133/><W99/><G87/><N who="1" m="33322" /><E56/><V67/><REACH who="2" step="1"/><F79/><REACH who="2" ten="250,250,240,250" step="2"/><W22/><G22/><T10/><D129/><U17/><E17/><V111/><F111/><W88/><G23/><T122/><D115/><U83/><E83/><V134/><F134/><W11/><G11/><T120/><D113/><U91/><AGARI ba="0,1" hai="1,7,8,52,54,91,92,98" m="33322,42089" machi="91" ten="30,2000,0" yaku="14,1,54,1" doraHai="39" who="1" fromWho="1" sc="250,-10,250,30,240,-5,250,-5" /><INIT seed="1,0,0,3,5,70" ten="240,280,235,245" oya="1" hai0="85,61,54,101,112,133,32,128,24,77,43,123,10" hai1="9,82,58,23,39,26,46,17,13,56,120,52,89" hai2="42,81,48,75,38,4,55,122,127,11,66,83,99" hai3="12,90,132,19,125,45,126,117,65,35,57,86,37"/><U121/><E58/><V104/><F122/><W3/><G3/><T16/><D112/><U25/><E25/><V95/><F127/><N who="3" m="48651" /><G35/><T1/><D123/><U87/><E39/><V5/><F104/><W98/><G98/><T106/><D128/><U28/><REACH who="1" step="1"/><E46/><REACH who="1" ten="240,270,235,245" step="2"/><V51/><F38/><W80/><G57/><T78/><D24/><U29/><E29/><V68/><F68/><W41/><G65/><T14/><D32/><U103/><E103/><V79/><F66/><W71/><G71/><T59/><D101/><U69/><E69/><V96/><F48/><AGARI ba="0,1" hai="9,13,17,23,26,28,48,52,56,82,87,89,120,121" machi="48" ten="30,5800,0" yaku="1,1,7,1,54,1,53,0" doraHai="70" doraHaiUra="97" who="1" fromWho="2" sc="240,0,270,68,235,-58,245,0" /><INIT seed="1,1,0,5,0,117" ten="240,338,177,245" oya="1" hai0="77,107,119,17,98,28,4,20,124,13,83,2,120" hai1="88,47,75,92,65,134,3,90,52,60,110,82,94" hai2="121,32,104,0,6,129,80,48,99,132,102,56,108" hai3="95,8,66,74,59,76,126,40,35,122,50,58,114"/><U27/><E3/><V106/><F108/><W15/><G114/><T63/><D119/><U1/><E1/><V89/><F132/><W109/><G35/><T34/><D124/><U30/><E134/><V44/><F129/><W93/><G126/><T43/><D43/><U36/><E110/><V46/><F32/><W70/><G70/><T23/><D23/><U96/><E75/><V67/><F106/><W127/><G109/><T7/><D63/><U103/><E82/><V12/><F0/><W53/><G127/><T115/><D115/><U10/><E10/><V84/><F121/><W130/><G130/><T33/><D120/><U81/><E81/><V38/><F38/><W112/><G122/><T42/><D42/><U101/><E36/><V100/><F100/><W68/><G68/><T85/><D28/><U69/><E52/><V16/><F6/><W49/><G76/><T18/><D18/><U25/><E47/><V72/><F72/><W5/><G74/><T9/><D4/><U116/><E25/><V57/><F67/><W71/><G71/><T51/><D51/><U79/><E79/><V54/><REACH who="2" step="1"/><F46/><REACH who="2" ten="240,338,167,245" step="2"/><N who="3" m="25799" /><G112/><T105/><D105/><U26/><E116/><V37/><F37/><W131/><G131/><T14/><D2/><U123/><E123/><V135/><F135/><W91/><G91/><T97/><D107/><U78/><E90/><V64/><F64/><W29/><G29/><T55/><D34/><U22/><E30/><V87/><F87/><W31/><G31/><T39/><D33/><U11/><E65/><V125/><F125/><W62/><AGARI ba="1,1" hai="5,8,15,50,53,58,59,62,66,93,95" m="25799" machi="62" ten="30,2000,0" yaku="5,1,8,1" doraHai="117" who="3" fromWho="3" sc="240,-6,338,-11,167,-6,245,33" /><INIT seed="2,0,0,2,3,118" ten="234,327,161,278" oya="2" hai0="2,130,69,132,97,42,109,106,31,7,96,14,22" hai1="90,10,62,73,26,47,91,100,58,78,112,5,37" hai2="20,46,44,135,9,0,104,41,128,55,36,93,107" hai3="27,98,21,16,52,75,38,13,116,3,95,79,70"/><V15/><F135/><W126/><G116/><T108/><D132/><U25/><E100/><V81/><F128/><W32/><G38/><T54/><D69/><U1/><E112/><V12/><F93/><W43/><G70/><T53/><D2/><U63/><E90/><V65/><F65/><W113/><G3/><T87/><D42/><N who="1" m="22991" /><E91/><V23/><F81/><W35/><G43/><T74/><D74/><U88/><E88/><V101/><F0/><W56/><G126/><T30/><D87/><U68/><E63/><V57/><F46/><W8/><G113/><T131/><D22/><U61/><E62/><V11/><F15/><W71/><G71/><T84/><D84/><U120/><E120/><V102/><F101/><W89/><G79/><T134/><D14/><U60/><E60/><V119/><F119/><W124/><G124/><T66/><D134/><U86/><E86/><V94/><F94/><W127/><G75/><T39/><D39/><U19/><E19/><V45/><F45/><W80/><G80/><T122/><D122/><U111/><E68/><V99/><F104/><W123/><G123/><T59/><D106/><U92/><E92/><V29/><F29/><W6/><G127/><T121/><D121/><U83/><E111/><V28/><F28/><W125/><G125/><T110/><D110/><U51/><E51/><AGARI ba="0,0" hai="6,8,13,16,21,27,32,35,51,52,56,89,95,98" machi="51" ten="30,3900,0" yaku="7,1,54,2" doraHai="118" who="3" fromWho="1" sc="234,0,327,-39,161,0,278,39" /><INIT seed="3,0,0,0,1,84" ten="234,288,161,317" oya="3" hai0="41,26,65,63,113,88,72,11,3,129,99,38,49" hai1="85,36,130,19,64,17,79,50,107,33,133,69,94" hai2="111,122,128,58,24,97,78,54,16,56,83,22,39" hai3="115,135,125,0,14,75,32,74,118,114,101,131,31"/><W27/><G118/><T106/><D38/><U81/><E130/><V123/><F128/><W23/><G131/><T37/><D37/><U48/><E36/><V104/><F111/><W20/><G101/><T35/><D72/><U86/><E107/><V92/><F39/><W1/><G75/><T13/><D3/><N who="3" m="1097" /><G74/><T43/><D113/><N who="3" m="43017" /><G135/><T110/><D110/><U116/><E33/><V7/><F7/><W8/><G125/><T45/><D41/><U40/><E133/><V98/><F104/><W70/><G70/><T5/><D129/><U25/><E116/><V134/><F134/><W60/><G60/><T91/><D106/><U29/><E69/><V90/><F98/><W57/><G57/><T126/><D99/><U80/><E64/><V121/><F54/><W120/><G120/><T102/><D102/><U6/><E94/><V18/><F18/><AGARI ba="0,0" hai="8,14,18,20,23,27,31,32" m="43017,1097" machi="18" ten="30,2900,0" yaku="34,2" doraHai="84" who="3" fromWho="2" sc="234,0,288,0,161,-29,317,29" owari="234,-16.6,288,8.8,132,-36.8,346,44.6" /></mjloggm>