<mjloggm ver="2.3"><GO type="225" lobby="0"/><UN n0="%E3%81%BE%E3%81%A8%E3%81%9F" n1="%E3%81%BF%E3%81%BF%E3%81%9A" n2="%72%69%6F%75%63%68%61%6E" n3="%E6%9C%88%E5%B3%B6%E5%9F%BA" dan="16,18,16,16" rate="2114.96,2248.59,2177.79,2039.75" sx="M,M,M,M"/><TAIKYOKU oya="0"/><INIT seed="0,0,0,4,4,113" ten="250,250,250,250" oya="0" hai0="93,95,135,40,59,85,97,17,119,82,50,9,64" hai1="65,16,86,36,70,128,109,10,12,66,31,38,92" hai2="15,132,114,49,41,3,48,34,23,115,121,56,127" hai3="96,20,28,89,13,110,4,42,6,83,117,61,131"/><T7/><D119/><U43/><E109/><V69/><F121/><W71/><G110/><T108/><D108/><U2/><E128/><V78/><F34/><W75/><G131/><T124/><D124/><U37/><E43/><V102/><F3/><W76/><G117/><T122/><D17/><U8/><E31/><V44/><F127/><W58/><G71/><T111/><D122/><U72/><E72/><V53/><F132/><W32/><G32/><T60/><D135/><U107/><E107/><V116/><F116/><W30/><G42/><T130/><D130/><U90/><REACH who="1" step="1"/><E70/><REACH who="1" ten="250,240,250,250" step="2"/><V74/><F69/><W99/><G30/><T27/><D111/><U18/><E18/><V77/><F74/><W39/><G28/><T125/><D125/><U62/><E62/><V26/><F115/><W126/><G61/><T25/><D40/><U67/><E67/><V68/><F114/><W11/><G75/><T46/><D64/><U52/><E52/><N who="2" m="31751" /><F68/><W24/><G126/><T118/><D60/><U133/><E133/><V129/><F129/><W33/><G33/><T123/><D118/><U0/><E0/><V55/><F55/><W47/><G6/><AGARI ba="0,1" hai="2,6,8,10,12,16,36,37,38,65,66,86,90,92" machi="6" ten="40,2600,0" yaku="1,1,54,1,53,0" doraHai="113" doraHaiUra="51" who="1" fromWho="3" sc="250,0,240,36,250,0,250,-26" /><INIT seed="1,0,0,2,2,117" ten="250,276,250,224" oya="1" hai0="36,30,27,67,9,32,0,80,96,78,49,8,61" hai1="58,131,46,20,12,109,88,121,94,45,21,66,39" hai2="129,33,134,93,53,28,71,84,64,116,112,106,130" hai3="19,57,110,120,60,5,1,2,90,76,75,119,3"/><U23/><E121/><V11/><F116/><W24/><G119/><T74/><D36/><U54/><E131/><V114/><F106/><W18/><G120/><T83/><D0/><U127/><E127/><V22/><F33/><W50/><G110/><T97/><D49/><N who="1" m="31055" /><E39/><V29/><F134/><W47/><G5/><T65/><D65/><U92/><E109/><V122/><F122/><W15/><G90/><T104/><D80/><U25/><E66/><V70/><F11/><W81/><G24/><T55/><D55/><U31/><E94/><V91/><F53/><W41/><REACH who="3" step="1"/><G15/><REACH who="3" ten="250,276,250,214" step="2"/><T95/><D104/><U59/><E12/><V14/><F14/><W98/><G98/><T69/><D96/><U87/><E25/><N who="2" m="16439" /><F29/><W77/><G77/><T135/><REACH who="0" step="1"/><D135/><REACH who="0" ten="240,276,250,214" step="2"/><U125/><E31/><V16/><F129/><W126/><G126/><T40/><D40/><U124/><E125/><V42/><F130/><W62/><G62/><T79/><D79/><U38/><E124/><V48/><F112/><W102/><G102/><AGARI ba="0,2" hai="8,9,27,30,32,61,67,69,74,78,83,95,97,102" machi="102" ten="30,2000,0" yaku="1,1,7,1,53,0" doraHai="117" doraHaiUra="113" who="0" fromWho="3" sc="240,40,276,0,250,0,214,-20" /><INIT seed="2,0,0,2,4,80" ten="280,276,250,194" oya="2" hai0="33,25,97,129,7,116,48,109,87,100,117,63,38" hai1="128,4,111,8,23,12,65,88,130,82,51,20,107" hai2="84,42,86,92,77,3,41,40,126,56,98,28,32" hai3="1,85,37,36,64,132,78,115,119,60,26,49,127"/><V43/><F3/><W118/><G1/><T17/><D38/><U16/><E111/><V83/><F126/><W62/><G127/><T102/><D109/><U59/><E107/><V35/><F28/><W45/><G132/><T101/><D7/><U61/><E51/><V34/><N who="2" m="10240" /><DORA hai="120" /><V46/><F46/><W55/><G26/><T66/><D48/><U39/><E39/><N who="3" m="14922" /><G85/><T50/><D50/><U30/><E30/><V57/><REACH who="2" step="1"/><F84/><REACH who="2" ten="280,276,240,194" step="2"/><W99/><G45/><T5/><D87/><N who="1" m="50295" /><E4/><V53/><F53/><W108/><G55/><T2/><D5/><U22/><E130/><V94/><F94/><W0/><G0/><T103/><D2/><U134/><E128/><V67/><F67/><W124/><G64/><T70/><D129/><U81/><E134/><V106/><F106/><W52/><G52/><T95/><D17/><N who="1" m="8327" /><E81/><V31/><F31/><W122/><G124/><T24/><REACH who="0" step="1"/><D33/><REACH who="0" ten="270,276,240,194" step="2"/><U69/><E69/><V13/><F13/><AGARI ba="0,2" hai="13,16,20,22,23,59,61,65" m="8327,50295" machi="13" ten="30,7700,0" yaku="8,1,52,1,54,2" doraHai="80,120" who="1" fromWho="2" sc="270,0,276,97,240,-77,194,0" /><INIT seed="3,0,0,4,5,134" ten="270,373,163,194" oya="3" hai0="48,27,83,62,40,11,64,105,112,51,124,29,15" hai1="65,101,118,59,3,25,77,103,108,99,98,33,122" hai2="88,110,93,73,120,19,8,123,81,92,9,13,35" hai3="26,80,89,66,42,6,44,70,39,121,63,74,43"/><W75/><G121/><N who="2" m="46665" /><F35/><W0/><G43/><T57/><D105/><U84/><E3/><V116/><F116/><W28/><G89/><T22/><D112/><U117/><E122/><V16/><F110/><W102/><G102/><T111/><D111/><U129/><E108/><V131/><F131/><W37/><G37/><T127/><D83/><N who="1" m="47215" /><E25/><V107/><F107/><W49/><G49/><T71/><D71/><U96/><E33/><V55/><F55/><W23/><REACH who="3" step="1"/><G80/><REACH who="3" ten="270,373,163,184" step="2"/><T113/><D113/><U114/><E114/><V46/><F46/><W53/><G53/><T126/><D40/><U128/><E103/><V38/><F38/><W133/><G133/><T86/><D86/><U119/><E101/><V68/><F68/><W5/><G5/><AGARI ba="0,1" hai="5,11,15,22,27,29,48,51,57,62,64,124,126,127" machi="5" ten="40,8000,1" yaku="18,1,52,3" doraHai="134" who="0" fromWho="3" sc="270,90,373,0,163,0,184,-80" owari="360,16.0,373,47.3,163,-23.7,104,-39.6" /></mjloggm>