<mjloggm ver="2.3"><GO type="225" lobby="0"/><UN n0="%72%61%6B%33" n1="%E3%82%B3%E3%83%90%E3%83%AC%E3%82%A4" n2="%E3%81%A4%E3%81%A3%E3%81%B1%E3%82%8A%E3%83%9D%E3%83%BC%E3%83%AB" n3="%E3%83%96%E3%83%83%E3%83%91%E3%82%AA%E3%83%96%E3%83%81%E3%82%AD%E3%83%B3" dan="16,16,17,16" rate="2113.45,2155.91,2151.69,2196.80" sx="M,M,M,M"/><TAIKYOKU oya="0"/><INIT seed="0,0,0,3,4,81" ten="250,250,250,250" oya="0" hai0="71,20,93,106,122,47,92,134,44,57,130,84,108" hai1="97,117,23,125,114,10,90,96,77,55,123,21,104" hai2="68,72,56,80,24,127,22,83,79,128,50,17,53" hai3="61,49,70,11,46,43,113,15,76,89,133,4,99"/><T16/><D122/><U2/><E123/><V85/><F128/><W45/><G113/><T67/><D130/><U38/><E114/><V91/><REACH who="2" step="1"/><F68/><REACH who="2" ten="250,250,240,250" step="2"/><W42/><G133/><T115/><D134/><U60/><E117/><V36/><F36/><W39/><G76/><T27/><D71/><U107/><E38/><V69/><F69/><W19/><G70/><T118/><D115/><U124/><E77/><V132/><F132/><W1/><G61/><N who="0" m="38319" /><D118/><U105/><E60/><V74/><F74/><W64/><G64/><T63/><D108/><U112/><E112/><V62/><F62/><W41/><G41/><T8/><D63/><U48/><E124/><AGARI ba="0,1" hai="17,22,24,50,53,56,72,79,80,83,85,91,124,127" machi="124" ten="40,5200,0" yaku="1,1,52,1,53,1" doraHai="81" doraHaiUra="51" who="2" fromWho="1" sc="250,0,250,-52,240,62,250,0" /><INIT seed="1,0,0,2,4,123" ten="250,198,302,250" oya="1" hai0="13,89,120,17,53,16,84,96,60,103,101,107,40" hai1="78,10,102,7,35,108,109,122,100,80,12,88,99" hai2="73,52,76,113,8,66,72,49,15,95,30,124,61" hai3="28,63,11,59,115,4,51,133,90,98,74,118,58"/><U25/><E122/><V86/><F124/><W34/><G133/><T39/><D120/><U91/><E102/><V117/><F117/><W22/><G115/><T36/><D103/><U64/><E64/><V50/><F50/><W70/><G118/><T20/><D40/><U116/><E116/><V134/><F134/><W9/><G74/><T130/><D130/><U44/><E44/><V104/><F104/><W105/><G105/><T56/><REACH who="0" step="1"/><D17/><REACH who="0" ten="240,198,302,250" step="2"/><U21/><E35/><V69/><F113/><W67/><G34/><T18/><D18/><U81/><E100/><V62/><F76/><W83/><G90/><T3/><D3/><U24/><E99/><V121/><F121/><W45/><G98/><T48/><D48/><U106/><E106/><V1/><F49/><W82/><G51/><T65/><D65/><U31/><E81/><AGARI ba="0,1" hai="13,16,20,36,39,53,56,60,81,84,89,96,101,107" machi="81" ten="30,3900,0" yaku="1,1,7,1,54,1,53,0" doraHai="123" doraHaiUra="33" who="0" fromWho="1" sc="240,49,198,-39,302,0,250,0" /><INIT seed="2,0,0,2,5,36" ten="289,159,302,250" oya="2" hai0="29,18,42,71,4,24,65,105,53,102,38,49,103" hai1="118,97,61,135,60,69,51,34,72,117,121,9,132" hai2="31,79,5,40,33,62,124,129,35,80,6,45,90" hai3="46,70,32,37,100,52,134,88,3,101,114,56,122"/><V111/><F129/><W20/><G122/><T7/><D18/><U93/><E34/><V130/><F130/><W12/><G32/><T116/><D116/><U104/><E72/><V75/><F124/><W81/><G70/><T8/><D103/><N who="3" m="39497" /><G3/><T57/><D102/><U109/><E104/><V68/><F90/><W119/><G37/><T19/><D19/><U82/><E82/><V17/><F17/><N who="3" m="10279" /><G119/><T43/><D105/><U2/><E121/><V127/><F127/><W58/><G134/><T41/><D38/><U73/><E73/><V76/><F76/><W13/><G13/><T106/><D106/><U26/><E135/><V85/><F75/><W89/><G114/><T78/><D78/><U126/><E132/><V66/><F111/><W74/><G74/><T59/><D71/><U112/><E109/><V110/><F110/><W14/><G14/><T87/><D87/><U86/><E112/><V113/><F113/><W108/><G108/><T22/><D8/><U1/><E126/><V84/><F84/><N who="3" m="50191" /><G89/><T25/><D25/><U120/><E118/><V27/><F35/><W91/><G91/><T55/><D65/><U92/><E117/><V98/><F98/><W44/><G58/><T128/><D128/><U21/><E120/><V83/><F83/><W125/><G125/><T54/><D59/><U16/><E69/><V133/><F133/><W0/><G0/><T23/><D23/><U95/><E1/><V48/><AGARI ba="0,0" hai="5,6,27,31,33,40,45,48,62,66,68,79,80,85" machi="48" ten="20,3900,0" yaku="0,1,7,1,52,1" doraHai="36" who="2" fromWho="2" sc="289,-13,159,-13,302,39,250,-13" /><INIT seed="2,1,0,2,1,117" ten="276,146,341,237" oya="2" hai0="65,42,115,60,111,77,101,17,52,0,26,72,113" hai1="100,102,105,51,45,69,22,98,107,61,16,120,104" hai2="3,116,49,1,132,92,62,11,74,57,41,50,44" hai3="70,82,5,47,48,37,14,134,85,93,46,68,6"/><V15/><F116/><W53/><G134/><T8/><D101/><U125/><E125/><V56/><F74/><W83/><G70/><T10/><D111/><U89/><E89/><V99/><F132/><W67/><G68/><T129/><D129/><U18/><E18/><V119/><F119/><W97/><G67/><T58/><D42/><U13/><E100/><V88/><F50/><N who="3" m="28887" /><G37/><T84/><D72/><U94/><E61/><V2/><REACH who="2" step="1"/><F62/><REACH who="2" ten="276,146,331,237" step="2"/><W54/><G14/><T32/><D60/><U121/><REACH who="1" step="1"/><E69/><REACH who="1" ten="276,136,331,237" step="2"/><V78/><F78/><N who="3" m="46295" /><G83/><T34/><D77/><U19/><E19/><AGARI ba="1,2" hai="1,2,3,11,15,19,41,44,49,56,57,88,92,99" machi="19" ten="40,7700,0" yaku="1,1,54,1,53,1" doraHai="117" doraHaiUra="39" who="2" fromWho="1" sc="276,0,136,-80,331,100,237,0" /><INIT seed="2,2,0,2,3,51" ten="276,56,431,237" oya="2" hai0="99,125,1,8,122,60,9,49,107,97,23,117,66" hai1="19,39,76,47,79,133,2,82,124,72,115,25,67" hai2="52,92,57,94,102,38,68,31,5,64,120,75,106" hai3="78,113,132,18,121,112,42,11,46,118,111,104,90"/><V80/><F120/><W21/><G118/><T41/><D117/><U27/><E19/><V14/><F38/><W123/><G104/><T74/><D74/><U96/><E27/><V4/><F68/><W15/><G78/><T131/><D122/><U119/><E119/><V101/><F64/><W3/><G111/><T85/><D125/><U10/><E124/><V54/><F106/><W128/><G128/><T26/><D131/><U130/><E130/><V59/><F31/><W33/><G33/><T84/><D1/><U77/><E115/><N who="3" m="44106" /><G132/><T91/><D85/><U6/><E133/><V86/><F75/><W135/><G90/><T44/><D99/><U70/><E96/><V65/><F65/><W45/><G135/><T53/><D41/><U29/><E67/><V88/><F14/><W37/><G46/><T61/><D97/><U28/><E28/><V89/><F86/><W30/><G30/><T34/><D34/><U114/><E114/><V12/><F12/><N who="3" m="9415" /><G3/><T109/><D107/><U24/><E24/><V95/><F95/><W13/><G13/><T40/><D40/><U16/><E70/><V134/><F134/><W110/><G110/><T71/><D109/><U87/><E87/><V17/><F17/><AGARI ba="2,0" hai="11,15,17,37,42,45,121,123" m="9415,44106" machi="17" ten="30,1000,0" yaku="11,1" doraHai="51" who="3" fromWho="2" sc="276,0,56,0,431,-16,237,16" /><INIT seed="3,0,0,4,4,95" ten="276,56,415,253" oya="3" hai0="57,56,78,18,79,106,23,19,9,120,40,128,66" hai1="123,116,77,109,6,35,31,30,73,81,101,59,28" hai2="22,60,51,126,45,107,43,12,87,75,98,4,14" hai3="63,122,92,49,65,32,71,97,64,110,132,3,54"/><W26/><G122/><T91/><D120/><U62/><E123/><V55/><F75/><W47/><G132/><T133/><D133/><U0/><E59/><N who="2" m="34943" /><F107/><W93/><G3/><T96/><D128/><U118/><E62/><V74/><F74/><W135/><G135/><T115/><D40/><U105/><E105/><V70/><F70/><W86/><G110/><T17/><D115/><U108/><E101/><V102/><F126/><W27/><G65/><T131/><D131/><U10/><E81/><V112/><F112/><W117/><G117/><T100/><D91/><U24/><E77/><V85/><F4/><W7/><G7/><T8/><D23/><U38/><E38/><V104/><F104/><W39/><G32/><T90/><D90/><U130/><E73/><V50/><F50/><W119/><G119/><T48/><D48/><U37/><E37/><V15/><F22/><W111/><G111/><T76/><D66/><U11/><E130/><V44/><F44/><W114/><G114/><T25/><D25/><U67/><E67/><V2/><F2/><W127/><G127/><T69/><D69/><U83/><E83/><V61/><F61/><W72/><G72/><T124/><D124/><U42/><E42/><V84/><F102/><N who="3" m="60711" /><G39/><T41/><D41/><U88/><E88/><V33/><F33/><W29/><G29/><T82/><D82/><U129/><E129/><V113/><F113/><W99/><G86/><T80/><D80/><U20/><E35/><V121/><F121/><W1/><G1/><T34/><D34/><U13/><E118/><V58/><F58/><AGARI ba="0,0" hai="8,9,17,18,19,56,57,58,76,78,79,96,100,106" machi="58" ten="40,2600,0" yaku="6,1,52,1" doraHai="95" who="0" fromWho="2" sc="276,26,56,0,415,-26,253,0" owari="302,10.2,56,-44.4,389,48.9,253,-14.7" /></mjloggm>