<mjloggm ver="2.3"><GO type="225" lobby="0"/><UN n0="%E3%80%90%E8%92%BC%E7%90%89%E3%80%91" n1="%65%76%69%61%6E%36%31%39" n2="%E5%91%A8%E6%9D%B1" n3="%E4%B8%89%E5%88%86%E5%B0%8F%E5%83%A7" dan="16,16,17,16" rate="2136.49,2108.71,2204.73,2058.72" sx="F,M,M,M"/><TAIKYOKU oya="0"/><INIT seed="0,0,0,2,5,80" ten="250,250,250,250" oya="0" hai0="86,47,37,118,106,28,7,19,32,76,12,103,38" hai1="84,97,20,75,66,98,71,111,50,126,130,15,94" hai2="104,110,89,55,69,3,41,42,72,26,44,23,112" hai3="45,81,9,73,121,91,48,101,119,102,31,135,64"/><T124/><D118/><U5/><E75/><V83/><F104/><W0/><G119/><T117/><D117/><U18/><E130/><V85/><F3/><W27/><G135/><T67/><D124/><U82/><E126/><V122/><F69/><W99/><G121/><T108/><D7/><U6/><E111/><V113/><F110/><W96/><G64/><T25/><D108/><U1/><E50/><V59/><F122/><W14/><G0/><T70/><D106/><U63/><E1/><V120/><F72/><W133/><G133/><T74/><D74/><U2/><E2/><V107/><F107/><W13/><G73/><T129/><D103/><U35/><E35/><V100/><F100/><W46/><G46/><T95/><D47/><U58/><E71/><V56/><F56/><W17/><G14/><T114/><D114/><U134/><E134/><V79/><F79/><W93/><G81/><T4/><D4/><N who="1" m="1643" /><E94/><V88/><F89/><AGARI ba="0,0" hai="15,18,20,58,63,66,82,84,89,97,98" m="1643" machi="89" ten="30,2000,0" yaku="8,1,52,1" doraHai="80" who="1" fromWho="2" sc="250,0,250,20,250,-20,250,0" /><INIT seed="1,0,0,4,0,71" ten="250,270,230,250" oya="1" hai0="124,16,132,102,125,7,112,106,5,133,85,13,96" hai1="29,54,126,55,114,87,3,86,73,93,51,2,4" hai2="35,80,19,46,110,91,105,68,30,111,74,49,26" hai3="77,10,131,90,27,118,127,109,63,76,1,38,69"/><U66/><E73/><V60/><F105/><W21/><G109/><N who="2" m="41481" /><F19/><W99/><G127/><N who="0" m="48715" /><D85/><U0/><E66/><N who="2" m="41031" /><F91/><W44/><G131/><T47/><D47/><U59/><E114/><V134/><F134/><N who="0" m="51818" /><D112/><U23/><E87/><V92/><F92/><W128/><G128/><T72/><D72/><U56/><E4/><V121/><F121/><W58/><G69/><T34/><D34/><U11/><E11/><AGARI ba="0,0" hai="5,7,11,13,16,96,102,106" m="51818,48715" machi="11" ten="30,3900,0" yaku="18,1,20,1,54,1" doraHai="71" who="0" fromWho="1" sc="250,39,270,-39,230,0,250,0" /><INIT seed="2,0,0,4,4,112" ten="289,231,230,250" oya="2" hai0="57,43,61,48,12,98,109,85,130,104,51,35,111" hai1="60,21,50,127,75,70,16,105,11,129,83,0,87" hai2="42,18,39,133,88,67,134,58,9,27,113,106,15" hai3="64,41,32,2,26,24,45,73,36,4,135,128,122"/><V49/><F106/><W84/><G122/><T100/><D35/><U76/><E105/><V77/><F113/><W66/><G73/><T89/><D130/><U68/><E127/><V78/><F39/><W119/><G128/><T74/><D74/><U107/><E107/><V8/><F27/><W131/><G131/><T54/><D12/><U110/><E110/><N who="0" m="41993" /><D43/><U123/><E50/><V82/><F8/><W108/><G108/><T124/><D124/><U121/><E87/><N who="2" m="50295" /><F67/><W40/><G40/><T93/><AGARI ba="0,0" hai="48,51,54,57,61,85,89,93,98,100,104" m="41993" machi="93" ten="30,1100,0" yaku="14,1" doraHai="112" who="0" fromWho="0" sc="289,11,231,-3,230,-5,250,-3" /><INIT seed="3,0,0,3,0,96" ten="300,228,225,247" oya="3" hai0="74,72,122,36,79,115,41,90,114,107,29,54,20" hai1="28,84,82,40,31,48,46,21,30,4,83,44,38" hai2="121,16,45,34,108,134,32,102,24,120,27,47,65" hai3="99,91,112,71,12,78,62,127,10,85,94,6,52"/><W111/><G112/><T110/><D107/><U132/><E4/><V59/><F108/><W64/><G127/><T128/><D110/><U17/><E132/><V51/><F134/><W119/><G119/><T98/><D128/><U76/><E83/><V2/><F2/><W37/><G37/><T56/><D122/><N who="2" m="47210" /><F102/><W69/><G111/><T106/><D41/><U92/><E92/><V61/><F47/><W87/><G71/><T26/><D36/><U13/><E31/><V67/><F67/><W39/><G39/><T0/><D0/><U14/><E14/><V131/><F131/><W15/><G78/><T66/><D66/><U133/><E133/><V95/><F95/><W9/><REACH who="3" step="1"/><G52/><AGARI ba="0,0" hai="13,17,21,28,30,38,40,44,46,48,52,76,82,84" machi="52" ten="30,2000,0" yaku="7,1,54,1" doraHai="96" who="1" fromWho="3" sc="300,0,228,20,225,0,247,-20" owari="300,40.0,248,4.8,225,-27.5,227,-17.3" /></mjloggm>