<mjloggm ver="2.3"><GO type="225" lobby="0"/><UN n0="%E3%82%8F%E3%81%8B%E3%81%B0%2A%E3%82%AC%E3%83%BC%E3%83%AB" n1="%E5%B6%BA%E4%B8%8A%E5%92%B2" n2="%E8%81%B7%E6%A5%AD%E3%80%81%E9%A2%A8%32" n3="%E6%97%A5%E6%9B%9C%E6%97%A5%E3%82%88%E3%82%8A%E3%81%AE%E4%BD%BF%E8%80%85" dan="16,16,16,17" rate="2091.07,2140.07,2152.43,2227.64" sx="M,F,M,M"/><TAIKYOKU oya="0"/><INIT seed="0,0,0,1,1,10" ten="250,250,250,250" oya="0" hai0="66,99,52,85,61,12,63,94,23,19,109,36,124" hai1="135,34,13,22,49,117,74,65,116,15,130,6,27" hai2="38,123,106,11,69,40,110,111,2,39,14,133,28" hai3="132,33,48,108,118,83,55,115,101,88,5,89,46"/><T86/><D124/><U16/><E74/><V113/><F106/><W45/><G115/><T17/><D36/><U134/><E65/><V120/><F69/><W91/><G118/><N who="1" m="45674" /><E49/><V127/><F113/><W122/><G122/><N who="2" m="46633" /><F40/><W59/><G33/><T67/><D109/><N who="2" m="41482" /><F127/><W102/><G108/><T30/><D30/><N who="1" m="19807" /><E130/><V18/><F133/><N who="1" m="50697" /><E6/><N who="2" m="1495" /><F28/><W125/><G125/><T105/><D105/><U81/><E81/><V0/><F0/><W3/><G132/><T78/><D78/><U112/><E112/><V119/><F119/><W1/><G1/><T57/><D19/><U107/><E107/><V71/><F71/><W80/><G3/><T126/><D126/><U44/><E44/><N who="3" m="17002" /><G5/><T121/><D121/><U32/><E32/><V8/><AGARI ba="0,0" hai="8,14,18,38,39" m="1495,41482,46633" machi="8" ten="30,2000,0" yaku="14,1,52,1" doraHai="10" who="2" fromWho="2" sc="250,-10,250,-5,250,20,250,-5" /><INIT seed="1,0,0,1,3,77" ten="240,245,270,245" oya="1" hai0="12,120,6,122,119,135,43,66,87,106,113,104,93" hai1="54,27,44,46,10,49,124,105,76,97,63,117,52" hai2="9,130,23,38,45,94,115,21,107,65,61,24,67" hai3="118,114,55,128,64,88,101,134,25,112,3,41,60"/><U108/><E117/><V50/><F107/><W129/><G3/><T84/><D119/><U121/><E121/><N who="0" m="46697" /><D113/><U127/><E76/><V71/><F115/><W79/><G101/><T58/><D135/><U89/><E10/><V17/><F130/><N who="3" m="50283" /><G79/><T91/><D43/><U15/><E15/><V102/><F67/><W86/><G134/><T11/><D84/><U20/><E105/><N who="0" m="40553" /><D58/><N who="1" m="35271" /><E108/><V103/><F94/><N who="3" m="54551" /><G118/><T35/><D66/><U18/><E46/><V7/><F38/><W62/><G41/><T57/><D57/><U73/><E73/><V2/><REACH who="2" step="1"/><F23/><REACH who="2" ten="240,245,260,245" step="2"/><W48/><G114/><T22/><D22/><U92/><AGARI ba="0,1" hai="18,20,27,44,49,54,89,92,97,124,127" m="35271" machi="92" ten="30,3000,0" yaku="25,1,54,1" doraHai="77" who="1" fromWho="1" sc="240,-10,245,40,260,-10,245,-10" /><INIT seed="1,1,0,5,3,133" ten="230,285,250,235" oya="1" hai0="93,19,102,114,22,71,32,120,98,117,110,109,132" hai1="129,113,100,89,62,88,124,125,99,50,59,127,3" hai2="122,90,126,53,77,17,83,72,25,30,27,128,76" hai3="60,87,104,107,61,70,123,106,36,20,75,29,24"/><U12/><E113/><V94/><F122/><W35/><G123/><T38/><D114/><U13/><E3/><V41/><F128/><W21/><G36/><T66/><D120/><U57/><E50/><V135/><F135/><W6/><G75/><T134/><D117/><U130/><E100/><V23/><F77/><W45/><G6/><T103/><D38/><U2/><E2/><V49/><F41/><W65/><G45/><T33/><D66/><U116/><E116/><V14/><F30/><W15/><G61/><T96/><D71/><U58/><E62/><V43/><F43/><W121/><G121/><T81/><D81/><U5/><E5/><V63/><F63/><W80/><REACH who="3" step="1"/><G15/><REACH who="3" ten="230,285,250,225" step="2"/><N who="1" m="5706" /><E99/><V39/><F39/><W16/><G16/><T67/><D19/><U34/><E34/><V56/><REACH who="2" step="1"/><F126/><REACH who="2" ten="230,285,240,225" step="2"/><W74/><G74/><T48/><D132/><U51/><E51/><V79/><F79/><AGARI ba="1,2" hai="20,21,24,29,35,60,65,70,79,80,87,104,106,107" machi="79" ten="40,1300,0" yaku="1,1,53,0" doraHai="133" doraHaiUra="95" who="3" fromWho="2" sc="230,0,285,0,240,-16,225,36" /><INIT seed="2,0,0,3,2,124" ten="230,285,224,261" oya="2" hai0="96,112,54,7,117,13,5,90,29,8,27,41,100" hai1="95,86,71,17,84,23,66,10,45,134,72,125,16" hai2="79,21,111,97,4,76,69,43,77,103,12,44,62" hai3="28,126,53,51,101,36,55,116,40,94,135,118,60"/><V119/><F119/><N who="3" m="45611" /><G94/><T81/><D117/><U24/><E72/><V105/><F111/><W0/><G101/><T92/><D112/><U33/><E125/><V89/><F69/><W42/><G28/><T38/><D38/><U75/><E33/><V46/><F62/><W58/><G0/><T115/><D115/><U63/><E75/><V34/><F34/><W123/><G126/><T39/><D39/><U70/><E134/><V48/><F89/><W3/><G3/><T14/><D41/><N who="3" m="15977" /><G36/><T30/><D54/><U68/><E45/><V19/><REACH who="2" step="1"/><F46/><REACH who="2" ten="230,285,214,261" step="2"/><N who="3" m="27895" /><G135/><T59/><D90/><U121/><E70/><V82/><F82/><W35/><G35/><T108/><D81/><U2/><E71/><V120/><F120/><AGARI ba="0,1" hai="55,58,60,120,123" m="27895,15977,45611" machi="120" ten="30,2000,0" yaku="34,2" doraHai="124" who="3" fromWho="2" sc="230,0,285,0,214,-20,261,30" /><INIT seed="3,0,0,3,3,127" ten="230,285,194,291" oya="3" hai0="129,41,58,128,34,117,87,73,97,108,133,11,20" hai1="62,10,66,63,88,76,23,96,135,16,15,40,57" hai2="82,118,61,14,67,130,105,38,31,48,53,21,94" hai3="22,30,9,99,79,43,1,78,12,98,72,74,132"/><W51/><G1/><T26/><D117/><U2/><E135/><V60/><F105/><W84/><G74/><T114/><D133/><U17/><E76/><N who="3" m="29226" /><G72/><T65/><D73/><U134/><E134/><V89/><F118/><W121/><G84/><T90/><D108/><U29/><E29/><V80/><F38/><W70/><G70/><T104/><D41/><U8/><E2/><V112/><F112/><W113/><G121/><T75/><D75/><U85/><E40/><V100/><F100/><W39/><G39/><T13/><D34/><U25/><E96/><N who="2" m="57423" /><F130/><N who="0" m="50282" /><D114/><U42/><E42/><V54/><F67/><W102/><G102/><N who="0" m="62543" /><D58/><U4/><E63/><N who="2" m="24139" /><F54/><W77/><G77/><T19/><D65/><U46/><E46/><N who="2" m="27799" /><F14/><W107/><G107/><T131/><D131/><U69/><E69/><V6/><F6/><N who="3" m="3127" /><G113/><T55/><D55/><U64/><E64/><V32/><F32/><W124/><G132/><T120/><D120/><U49/><E49/><V111/><F111/><W33/><G33/><T71/><D71/><U109/><E109/><V44/><F44/><N who="3" m="26015" /><G124/><T68/><D68/><U59/><E66/><V119/><F119/><W35/><G35/><T56/><D56/><U81/><E62/><V50/><F50/><W95/><G95/><N who="0" m="54751" /><D11/><U24/><E10/><V0/><F0/><W126/><G126/><T115/><D115/><U27/><E57/><V7/><F7/><W123/><G123/><T101/><D101/><U103/><E59/><V45/><F45/><W93/><G93/><T91/><D91/><U116/><E103/><V106/><F106/><W86/><G86/><RYUUKYOKU ba="0,0" sc="230,10,285,-30,194,10,291,10" hai0="13,19,20,26" hai2="21,31,80,82" hai3="22,30,98,99" owari="240,-16.0,255,5.5,204,-29.6,301,40.1" /></mjloggm>