<mjloggm ver="2.3"><GO type="225" lobby="0"/><UN n0="%E5%91%A8%E6%9D%B1" n1="%EF%BC%AE%EF%BC%A1%EF%BC%AF%33%33%39" n2="%E6%9C%88%E5%B3%B6%E5%9F%BA" n3="%E9%A6%AC%E5%BC%95%E7%81%AB%33" dan="16,16,17,16" rate="2176.15,2225.95,2173.78,2130.02" sx="M,M,M,M"/><TAIKYOKU oya="0"/><INIT seed="0,0,0,5,5,112" ten="250,250,250,250" oya="0" hai0="73,27,60,97,11,32,89,63,100,115,24,110,134" hai1="113,119,105,3,77,128,35,117,82,67,40,116,99" hai2="133,56,65,87,96,126,43,125,85,12,132,55,28" hai3="130,18,0,81,26,131,17,135,45,52,95,76,29"/><T44/><D115/><U50/><E113/><V33/><F12/><W48/><G135/><N who="2" m="51785" /><F96/><W71/><G71/><T34/><D134/><U31/><E3/><V53/><F28/><W127/><G127/><N who="2" m="48649" /><F33/><W98/><G0/><T124/><D124/><U78/><E67/><V1/><F1/><W91/><G130/><T106/><D110/><U129/><E31/><V46/><F87/><W49/><G49/><T38/><D34/><U70/><E70/><V41/><F85/><N who="3" m="48295" /><G131/><N who="1" m="50250" /><E35/><V20/><F20/><W2/><G2/><T83/><D32/><U88/><E82/><V75/><F75/><W62/><G62/><T51/><D73/><U66/><E66/><V94/><F94/><W10/><G10/><T23/><D83/><U15/><E15/><V101/><F101/><W107/><G107/><T4/><D89/><U59/><E88/><V47/><F65/><W42/><G42/><N who="2" m="15881" /><F55/><W102/><G102/><T108/><D100/><N who="1" m="62623" /><E40/><V93/><F93/><W80/><G80/><T58/><D106/><U68/><E68/><V84/><F84/><W9/><G9/><T122/><D11/><U37/><E78/><V121/><F121/><W123/><G123/><T13/><D122/><U7/><E77/><V114/><F114/><W39/><G39/><T54/><D38/><U104/><E37/><V90/><F90/><W103/><G91/><T86/><D54/><N who="1" m="32215" /><E104/><V57/><F57/><W30/><G30/><T109/><D58/><U25/><E7/><V120/><F120/><W118/><G29/><T74/><D74/><U5/><E5/><V69/><F69/><W92/><G92/><RYUUKYOKU ba="0,0" sc="250,-15,250,15,250,15,250,-15" hai1="25,116,117,119" hai2="46,47,53,56" /><INIT seed="1,1,0,5,5,35" ten="235,265,265,235" oya="1" hai0="106,31,57,60,42,84,131,98,10,128,14,64,23" hai1="29,49,5,118,52,30,53,126,77,105,9,119,38" hai2="36,91,123,13,8,68,67,79,21,73,104,127,108" hai3="55,110,61,1,76,100,129,134,78,124,80,85,6"/><U54/><E38/><V37/><F123/><W56/><G110/><T66/><D42/><U130/><E105/><V24/><F108/><W111/><G111/><T109/><D109/><U2/><E49/><V22/><F104/><W121/><G121/><T51/><D66/><U87/><E130/><N who="0" m="49705" /><D84/><U46/><E46/><V120/><F120/><W26/><G129/><T32/><D51/><U97/><E97/><V63/><F127/><W40/><G124/><T99/><D32/><U81/><REACH who="1" step="1"/><E126/><REACH who="1" ten="235,255,265,235" step="2"/><V107/><F37/><W86/><G40/><T90/><D106/><U45/><E45/><V71/><F107/><W59/><G134/><T39/><D39/><U16/><E16/><V25/><F36/><W28/><G28/><AGARI ba="1,1" hai="2,5,9,28,29,30,52,53,54,77,81,87,118,119" machi="28" ten="40,7700,0" yaku="1,1,52,1,54,1,53,0" doraHai="35" doraHaiUra="18" who="1" fromWho="3" sc="235,0,255,90,265,0,235,-80" /><INIT seed="1,2,0,0,3,34" ten="235,345,265,155" oya="1" hai0="26,105,21,76,37,88,1,75,11,86,22,23,70" hai1="27,119,106,18,103,114,111,134,59,135,24,43,126" hai2="3,92,108,85,14,54,58,10,118,84,35,120,121" hai3="17,52,113,100,97,68,130,48,20,127,110,36,125"/><U116/><E43/><V8/><F118/><W65/><G110/><T66/><D105/><U60/><E114/><V115/><F35/><W32/><G32/><T83/><D37/><U47/><E47/><V2/><F108/><W124/><G113/><T33/><D33/><U123/><E111/><V49/><F115/><W117/><G117/><T57/><D70/><U131/><E123/><V87/><F92/><W112/><G112/><T30/><D66/><U42/><E42/><V96/><F96/><W55/><G36/><T99/><D57/><U13/><E103/><V128/><F128/><W25/><G130/><T39/><D39/><U72/><E72/><V89/><F89/><W40/><G40/><T104/><D99/><U15/><E106/><V122/><REACH who="2" step="1"/><F10/><REACH who="2" ten="235,345,255,155" step="2"/><W6/><G6/><AGARI ba="2,1" hai="2,3,6,8,14,49,54,58,84,85,87,120,121,122" machi="6" ten="50,8000,1" yaku="1,1,2,1,52,2,53,1" doraHai="34" doraHaiUra="45" who="2" fromWho="3" sc="235,0,345,0,255,96,155,-86" /><INIT seed="2,0,0,4,3,106" ten="235,345,351,69" oya="2" hai0="114,9,38,40,113,3,104,21,5,15,37,42,39" hai1="56,57,7,50,91,66,120,32,28,1,128,14,16" hai2="41,22,65,25,126,86,62,51,84,19,13,60,43" hai3="34,135,95,71,127,83,81,122,63,59,92,85,110"/><V68/><F126/><W45/><G122/><T94/><D104/><U35/><E7/><V123/><F123/><W31/><G127/><T112/><D94/><U115/><E1/><V121/><F121/><W48/><G110/><T49/><D49/><U78/><E120/><V61/><F68/><W52/><G135/><T10/><REACH who="0" step="1"/><D21/><REACH who="0" ten="225,345,351,69" step="2"/><U101/><E50/><V67/><F51/><W109/><G109/><T30/><D30/><U2/><E28/><V77/><F43/><W8/><G71/><T117/><D117/><U75/><E35/><V64/><F41/><W105/><G105/><T111/><D111/><U26/><E32/><V53/><F53/><W103/><G103/><T80/><D80/><U108/><E101/><V74/><F62/><W97/><G97/><T27/><D27/><U131/><E26/><V4/><F61/><W55/><G83/><T88/><D88/><U118/><E91/><V82/><F60/><W130/><G130/><T24/><D24/><U23/><E108/><V33/><F33/><W129/><G129/><T0/><D0/><U89/><E2/><V134/><F134/><W17/><G31/><T100/><D100/><U36/><E118/><V44/><F25/><W72/><G34/><T58/><D58/><U87/><E57/><V93/><F93/><W79/><REACH who="3" step="1"/><G85/><REACH who="3" ten="225,345,351,59" step="2"/><T90/><D90/><U107/><E131/><V6/><F84/><W69/><G69/><T20/><D20/><U132/><E128/><V73/><F86/><W98/><G98/><T125/><D125/><U47/><E107/><V70/><F70/><W46/><G46/><RYUUKYOKU ba="0,2" sc="225,15,345,-15,351,-15,59,15" hai0="3,5,9,10,15,37,38,39,40,42,112,113,114" hai3="8,17,45,48,52,55,59,63,72,79,81,92,95" /><INIT seed="3,1,2,2,2,62" ten="240,330,336,74" oya="3" hai0="54,103,89,112,92,6,129,126,100,94,2,93,31" hai1="73,102,61,22,76,113,134,50,35,86,125,60,101" hai2="47,57,14,115,135,132,131,28,77,53,128,79,114" hai3="116,16,0,3,58,104,43,42,85,117,25,30,82"/><W18/><G104/><T9/><D126/><U10/><E35/><V51/><F14/><W55/><G116/><T44/><D129/><N who="2" m="49738" /><F28/><W69/><G69/><T127/><D127/><U12/><E73/><V88/><F88/><N who="3" m="51255" /><G117/><T83/><D112/><N who="2" m="43050" /><F57/><W74/><G74/><T80/><D31/><U66/><E113/><V23/><F23/><N who="3" m="15679" /><G0/><T1/><D1/><U130/><E130/><V52/><F53/><W8/><G3/><T21/><D21/><U133/><E22/><V56/><F56/><W75/><G75/><T71/><D71/><U106/><E106/><V95/><F95/><W65/><G8/><T34/><D34/><U7/><E125/><V110/><F110/><W121/><G121/><T107/><D107/><U20/><E10/><V32/><F32/><W49/><G65/><T67/><D67/><U48/><E66/><V11/><F11/><W38/><G38/><T63/><D89/><U15/><E20/><V90/><F90/><W59/><G59/><N who="0" m="35319" /><D44/><U26/><E76/><AGARI ba="1,2" hai="47,51,52,76,77,79,132,135" m="43050,49738" machi="76" ten="40,2600,0" yaku="19,1,54,1" doraHai="62" who="2" fromWho="1" sc="240,0,330,-29,336,49,74,0" owari="240,-16.0,301,10.1,385,48.5,74,-42.6" /></mjloggm>