<mjloggm ver="2.3"><GO type="225" lobby="0"/><UN n0="%E7%99%BD%E5%80%89%E5%AF%9B%E4%B9%8B" n1="%E3%82%A2%E3%83%9E%E3%83%9D%EF%BD%9E%EF%BD%9E%E3%83%A9" n2="%65%78%69%73%74%2D%79" n3="%E9%A6%AC%E5%BC%95%E7%81%AB%33" dan="16,17,16,17" rate="2123.54,2045.65,2053.70,2191.48" sx="M,M,M,M"/><TAIKYOKU oya="0"/><INIT seed="0,0,0,3,4,88" ten="250,250,250,250" oya="0" hai0="79,62,39,38,121,20,86,99,129,12,132,128,55" hai1="135,117,83,106,114,118,119,85,26,130,25,116,107" hai2="40,23,48,46,77,15,73,43,127,7,98,60,96" hai3="37,100,124,11,112,101,24,28,21,64,81,95,53"/><T72/><D72/><U134/><N who="1" m="29696" /><DORA hai="22" /><U29/><E130/><N who="0" m="50281" /><D121/><U5/><E5/><V45/><F127/><W4/><G112/><T113/><D113/><U49/><E49/><V126/><F126/><W68/><G124/><T34/><D34/><U16/><E16/><V84/><F73/><W110/><G110/><T19/><D132/><N who="1" m="50731" /><E114/><V103/><F60/><W92/><G37/><N who="0" m="13835" /><D99/><U65/><E65/><V120/><F120/><W87/><G53/><T27/><D12/><U125/><E125/><V31/><F7/><W63/><G101/><T8/><D8/><U94/><E94/><V67/><F103/><W71/><G100/><T2/><D2/><U123/><E123/><V10/><F10/><W78/><REACH who="3" step="1"/><G71/><REACH who="3" ten="250,250,250,240" step="2"/><T54/><D62/><U102/><E102/><V9/><F40/><W50/><G50/><T108/><D108/><U70/><E70/><V111/><F43/><W91/><G91/><T30/><D55/><U6/><E107/><V105/><F105/><W69/><G69/><T109/><D54/><U90/><E106/><V36/><F111/><W35/><G35/><T133/><D109/><U0/><E29/><V66/><F36/><W58/><G58/><T75/><D133/><U3/><E3/><AGARI ba="0,1" hai="3,4,11,21,24,28,63,64,68,78,81,87,92,95" machi="3" ten="30,12000,2" yaku="1,1,7,1,52,3,53,1" doraHai="88,22" doraHaiUra="1,42" who="3" fromWho="1" sc="250,0,250,-120,250,0,240,130" /><INIT seed="1,0,0,3,3,109" ten="250,130,250,370" oya="1" hai0="75,14,42,7,57,26,16,90,48,76,22,19,40" hai1="36,8,114,20,67,105,116,94,87,47,29,2,118" hai2="97,78,44,88,106,122,6,10,86,72,103,73,126" hai3="37,3,98,28,64,62,60,12,77,35,132,58,11"/><U71/><E114/><V31/><F122/><W23/><G37/><T100/><D75/><U102/><E105/><V54/><F126/><W0/><G35/><T107/><D76/><U85/><E71/><V24/><F78/><W61/><G132/><T50/><D107/><U96/><E67/><V128/><F128/><W55/><G77/><T65/><D100/><U38/><E118/><V111/><F111/><W117/><G117/><T56/><D7/><U53/><E116/><V127/><F44/><W74/><G74/><T119/><D119/><U80/><E2/><V39/><F54/><W91/><G0/><T120/><D90/><U79/><E87/><V45/><F45/><W34/><G34/><T121/><D65/><U43/><E8/><V59/><F59/><N who="0" m="22602" /><D120/><U133/><E133/><V108/><F39/><W112/><G112/><T130/><D130/><U83/><E83/><V41/><F41/><N who="0" m="15978" /><D121/><U18/><E29/><V1/><F108/><W89/><G3/><T66/><D66/><U129/><E129/><V125/><F125/><W27/><G64/><T115/><D115/><U32/><E32/><V104/><F104/><W68/><G68/><T84/><D84/><U46/><E53/><V123/><F127/><W93/><G91/><T5/><D5/><AGARI ba="0,0" hai="5,11,12,23,27,28,55,58,60,61,62,89,93,98" machi="5" ten="30,2000,0" yaku="7,1,8,1" doraHai="109" who="3" fromWho="0" sc="250,-20,130,0,250,0,370,20" /><INIT seed="2,0,0,2,3,18" ten="230,130,250,390" oya="2" hai0="14,60,87,108,70,100,39,13,47,110,80,29,25" hai1="76,97,20,102,44,93,15,31,16,32,127,56,99" hai2="10,38,125,63,43,0,77,98,34,107,17,41,46" hai3="3,113,65,11,91,55,4,27,118,33,22,73,119"/><V9/><F34/><W49/><G73/><T105/><D39/><U2/><E127/><V126/><F43/><W114/><G33/><T54/><D47/><U130/><E130/><V64/><F77/><W117/><G65/><N who="0" m="41255" /><D54/><U71/><E71/><V28/><F28/><N who="3" m="17527" /><G91/><N who="0" m="51687" /><D100/><U67/><E76/><V84/><F84/><W132/><G132/><T131/><D105/><U81/><E81/><V111/><F0/><W5/><G11/><T124/><D124/><N who="2" m="47722" /><F17/><W123/><G3/><T21/><D131/><U104/><E2/><V109/><F98/><W122/><G122/><T36/><D36/><U50/><E32/><V62/><F107/><W128/><G128/><T58/><D58/><U112/><E31/><V89/><F89/><W94/><G123/><T69/><D69/><U92/><E112/><N who="3" m="43114" /><G94/><T6/><D6/><U85/><E85/><V66/><F10/><W135/><G135/><T1/><D1/><U42/><REACH who="1" step="1"/><E99/><REACH who="1" ten="230,120,250,390" step="2"/><V19/><F109/><AGARI ba="0,1" hai="13,14,21,25,29,108,109,110" m="51687,41255" machi="109" ten="30,2000,0" yaku="14,1,52,1" doraHai="18" who="0" fromWho="2" sc="230,30,120,0,250,-20,390,0" /><INIT seed="3,0,0,1,1,113" ten="260,120,230,390" oya="3" hai0="79,124,72,60,115,8,94,97,18,131,112,46,102" hai1="12,58,108,78,43,73,2,31,16,23,134,13,24" hai2="74,0,55,11,85,59,9,99,118,35,4,122,17" hai3="34,127,64,75,120,123,39,121,87,100,125,114,91"/><W95/><G39/><T101/><D124/><N who="3" m="47689" /><G114/><N who="0" m="43563" /><D131/><U67/><E108/><V50/><F35/><W135/><G135/><T68/><D46/><U65/><E134/><V52/><F74/><W96/><G75/><T110/><D110/><U109/><E109/><V106/><F122/><W62/><G34/><T90/><D79/><U42/><E2/><V111/><F111/><W25/><G25/><T19/><D72/><U86/><E73/><V10/><F118/><W98/><G100/><N who="0" m="38507" /><D8/><U117/><E117/><V54/><F106/><W44/><G44/><T84/><D84/><U21/><E12/><V5/><F99/><W38/><G38/><T80/><D80/><U6/><E6/><V14/><REACH who="2" step="1"/><F85/><REACH who="2" ten="260,120,220,390" step="2"/><W36/><G98/><T71/><D71/><U89/><E78/><V51/><F51/><W61/><G96/><T69/><D69/><U29/><E29/><V92/><F92/><W33/><G87/><T26/><D26/><U93/><REACH who="1" step="1"/><E58/><REACH who="1" ten="260,110,220,390" step="2"/><V15/><AGARI ba="0,2" hai="0,4,5,9,10,11,14,15,17,50,52,54,55,59" machi="15" ten="20,5200,0" yaku="1,1,0,1,7,1,54,1,53,0" doraHai="113" doraHaiUra="83" who="2" fromWho="2" sc="260,-13,110,-13,220,72,390,-26" owari="247,-15.3,97,-40.3,292,9.2,364,46.4" /></mjloggm>