<mjloggm ver="2.3"><GO type="225" lobby="0"/><UN n0="%E3%81%BF%E3%81%BF%E3%81%9A" n1="%E3%81%99%E3%81%84%E3%81%BE%E3%81%9B%E3%83%BC%E3%82%93" n2="%E3%82%8F%E3%81%8B%E3%81%B0%2A%E3%82%AC%E3%83%BC%E3%83%AB" n3="%E3%81%AF%E3%82%88%E3%81%8A%E3%81%98%E3%81%95%E3%82%93" dan="17,18,16,17" rate="2202.42,2189.81,2062.05,2207.69" sx="M,M,M,M"/><TAIKYOKU oya="0"/><INIT seed="0,0,0,1,5,107" ten="250,250,250,250" oya="0" hai0="92,21,39,59,34,43,94,20,22,126,127,83,28" hai1="100,15,74,96,102,125,62,80,53,12,52,8,89" hai2="25,75,11,24,88,33,85,58,38,133,32,73,46" hai3="99,67,30,47,50,31,98,18,101,5,0,116,120"/><T13/><D59/><U90/><E125/><N who="0" m="47625" /><D13/><U57/><E53/><V97/><F97/><W63/><G63/><T65/><BYE who="3" /><D65/><U79/><E102/><V54/><F11/><W121/><G121/><T44/><D83/><U91/><REACH who="1" step="1"/><E8/><REACH who="1" ten="250,240,250,250" step="2"/><V95/><F54/><W19/><G19/><T41/><D41/><U123/><E123/><V111/><F133/><UN n3="%E3%81%AF%E3%82%88%E3%81%8A%E3%81%98%E3%81%95%E3%82%93" /><W77/><G116/><T112/><D112/><U108/><E108/><V51/><F111/><W69/><G101/><T106/><D106/><AGARI ba="0,1" hai="12,15,52,57,62,74,79,80,89,90,91,96,100,106" machi="106" ten="40,5200,0" yaku="1,1,52,1,54,1,53,0" doraHai="107" doraHaiUra="61" who="1" fromWho="0" sc="250,-52,240,62,250,0,250,0" /><INIT seed="1,0,0,0,0,98" ten="198,302,250,250" oya="1" hai0="123,121,82,126,122,68,50,130,124,2,79,80,9" hai1="63,6,12,81,29,45,59,23,55,65,113,53,61" hai2="131,56,7,1,100,35,14,40,119,90,62,8,95" hai3="112,11,30,102,104,97,67,72,74,69,99,66,106"/><U84/><E113/><V57/><F119/><W108/><G30/><T0/><D50/><U17/><E63/><V39/><F35/><W85/><G11/><T114/><D114/><U132/><E132/><V107/><F131/><W92/><G112/><T96/><D130/><U41/><E6/><V46/><F1/><N who="0" m="618" /><D9/><U86/><E29/><V38/><F38/><W125/><G69/><T31/><D31/><U83/><E86/><V22/><F22/><W10/><G10/><T101/><D68/><U127/><E83/><V13/><F13/><W93/><G66/><T134/><D134/><U48/><REACH who="1" step="1"/><E127/><REACH who="1" ten="198,292,250,250" step="2"/><N who="0" m="48681" /><D79/><AGARI ba="0,1" hai="12,17,23,41,45,48,53,55,59,61,65,79,81,84" machi="79" ten="30,11600,0" yaku="1,1,7,1,8,1,53,1" doraHai="98" doraHaiUra="43" who="1" fromWho="0" sc="198,-116,292,126,250,0,250,0" /><INIT seed="1,1,0,2,4,45" ten="82,418,250,250" oya="1" hai0="42,134,90,133,118,35,129,116,14,27,61,30,12" hai1="9,93,106,28,117,119,110,99,63,89,43,58,132" hai2="8,127,77,115,44,124,51,53,69,114,79,5,0" hai3="72,88,55,135,71,17,121,40,112,4,80,109,84"/><U68/><E68/><V11/><F69/><W19/><G121/><T128/><D61/><U26/><E132/><N who="0" m="50793" /><D42/><U56/><E110/><V81/><F8/><W60/><G135/><T100/><D90/><U49/><E106/><V92/><F92/><W83/><G112/><N who="2" m="43049" /><F81/><W50/><G109/><T98/><D98/><U18/><E18/><V21/><F21/><W31/><G40/><T67/><D67/><U91/><E9/><V57/><F57/><W41/><G41/><T74/><D100/><U62/><E91/><V104/><F104/><W23/><G60/><T37/><D37/><U108/><E108/><V130/><F130/><N who="0" m="50282" /><D74/><U70/><E70/><V33/><F33/><W82/><G71/><T3/><D3/><U113/><E113/><V20/><F20/><W94/><G72/><T25/><D25/><U87/><E99/><V103/><F103/><W1/><G1/><T73/><D73/><U2/><E2/><V123/><F123/><W95/><G94/><T86/><D86/><U102/><E102/><V125/><AGARI ba="1,0" hai="0,5,11,44,51,53,77,79,124,125,127" m="43049" machi="125" ten="40,5200,0" yaku="18,1,11,1,52,1" doraHai="45" who="2" fromWho="2" sc="82,-14,418,-27,250,55,250,-14" /><INIT seed="2,0,0,0,5,0" ten="68,391,305,236" oya="2" hai0="101,82,24,6,27,123,118,58,131,85,111,50,71" hai1="104,18,11,38,112,37,21,76,45,46,132,25,92" hai2="96,91,87,42,35,97,67,32,13,126,134,1,105" hai3="102,69,89,130,34,56,106,83,72,19,128,124,10"/><V41/><F1/><W20/><G69/><T125/><D71/><U74/><E104/><V99/><F105/><W30/><G124/><T29/><D123/><U98/><E112/><V55/><F126/><W36/><G36/><T80/><D125/><U3/><E132/><V22/><F134/><W86/><G72/><T43/><D111/><U84/><E74/><V114/><F114/><W16/><G34/><T70/><D70/><U94/><E38/><V61/><F55/><W75/><G75/><T110/><D110/><U78/><E37/><V107/><F107/><W121/><G121/><T68/><D68/><U95/><E98/><V2/><F2/><W9/><G30/><T93/><D131/><N who="3" m="50217" /><G56/><T108/><D108/><U116/><E116/><V63/><F32/><W40/><G40/><N who="2" m="15465" /><F35/><W60/><G60/><T7/><D118/><U135/><E135/><V119/><F119/><W44/><G44/><N who="0" m="25887" /><D58/><U51/><E46/><V81/><F67/><W117/><G117/><T15/><D15/><N who="1" m="7551" /><E3/><V115/><F115/><W49/><G49/><T31/><D29/><U53/><E84/><V73/><F73/><W88/><G106/><T66/><D66/><U23/><E25/><N who="0" m="9801" /><D31/><U79/><AGARI ba="0,0" hai="21,23,45,51,53,76,78,79,92,94,95" m="7551" machi="79" ten="30,1100,0" yaku="8,1" doraHai="0" who="1" fromWho="1" sc="68,-3,391,11,305,-5,236,-3" /><INIT seed="3,0,0,1,0,24" ten="65,402,300,233" oya="3" hai0="1,120,98,111,105,48,102,107,27,63,26,114,97" hai1="20,17,77,30,122,57,80,39,58,131,34,33,115" hai2="5,109,83,86,70,104,134,25,6,18,126,4,94" hai3="117,61,62,19,103,65,42,44,95,113,60,81,72"/><W64/><G113/><T51/><D114/><U54/><E115/><V87/><F104/><W16/><G117/><T130/><D111/><U21/><E122/><V32/><F109/><W47/><G72/><T96/><D120/><U121/><E39/><V7/><F70/><W2/><G2/><T82/><D1/><U35/><E121/><V84/><F134/><W76/><G76/><T75/><D63/><U45/><E131/><V116/><F116/><W36/><G81/><T0/><D0/><U119/><E119/><V73/><F126/><W106/><G106/><T123/><D123/><U11/><E45/><N who="3" m="17482" /><G36/><T89/><D97/><U31/><E11/><V55/><F94/><W9/><G42/><T100/><D75/><U38/><E38/><V50/><F73/><W43/><G43/><T46/><D82/><U22/><E17/><N who="3" m="6730" /><G9/><T15/><D46/><U67/><E67/><N who="3" m="25674" /><G95/><T99/><D99/><U10/><E10/><V92/><F92/><W12/><G12/><T23/><D23/><U74/><REACH who="1" step="1"/><E58/><REACH who="1" ten="65,392,300,233" step="2"/><V49/><F4/><W78/><G78/><T85/><D15/><U127/><E127/><V29/><F55/><W37/><G37/><T110/><D110/><U129/><E129/><V41/><F41/><W59/><G59/><T8/><D8/><U53/><E53/><V79/><F18/><W101/><AGARI ba="0,1" hai="60,61,62,101,103" m="25674,6730,17482" machi="101" ten="40,12000,1" yaku="28,2,8,1,54,1" doraHai="24" who="3" fromWho="3" sc="65,-40,392,-40,300,-40,233,130" owari="25,-47.5,352,15.2,260,-14.0,363,46.3" /></mjloggm>