<mjloggm ver="2.3"><GO type="225" lobby="0"/><UN n0="%E6%81%A5%E6%99%92%E3%81%97" n1="%E3%82%A2%E3%83%9E%E3%83%9D%EF%BD%9E%EF%BD%9E%E3%83%A9" n2="%41%72%69%61" n3="%E3%81%BF%E3%81%BF%E3%81%9A" dan="16,17,17,18" rate="2099.94,2027.92,2146.10,2224.73" sx="M,M,F,M"/><TAIKYOKU oya="0"/><INIT seed="0,0,0,1,1,73" ten="250,250,250,250" oya="0" hai0="31,38,95,36,100,19,112,41,65,130,69,71,54" hai1="82,6,89,10,7,111,1,116,64,58,37,16,59" hai2="91,77,124,68,9,49,125,12,134,81,50,129,133" hai3="98,60,26,44,80,57,121,94,108,28,101,123,96"/><T126/><D112/><U33/><E116/><V35/><F35/><W32/><G108/><T40/><D31/><U135/><E135/><N who="2" m="51723" /><F68/><N who="0" m="26186" /><D95/><U55/><E37/><N who="0" m="14441" /><D100/><U88/><E111/><V4/><F91/><W109/><G109/><T83/><D19/><U56/><E64/><V18/><F18/><W51/><G98/><T79/><D65/><U5/><E55/><V66/><F66/><W52/><REACH who="3" step="1"/><G80/><REACH who="3" ten="250,250,250,240" step="2"/><T93/><D83/><U106/><E106/><V118/><F118/><W63/><G63/><T127/><D93/><U117/><E117/><V128/><F81/><W15/><G15/><T110/><D110/><U20/><E82/><V87/><F87/><W46/><G46/><T76/><D130/><N who="2" m="50282" /><F77/><N who="0" m="29770" /><D54/><AGARI ba="0,1" hai="26,28,32,44,51,52,54,57,60,94,96,101,121,123" machi="54" ten="40,5200,0" yaku="1,1,54,1,53,1" doraHai="73" doraHaiUra="43" who="3" fromWho="0" sc="250,-52,250,0,250,0,240,62" /><INIT seed="1,0,0,5,2,112" ten="198,250,250,302" oya="1" hai0="104,75,115,81,36,134,103,135,74,118,21,35,122" hai1="109,106,90,76,86,20,67,53,38,7,105,63,126" hai2="78,16,95,24,19,27,26,47,100,71,121,44,72" hai3="111,3,87,43,40,128,133,110,50,22,114,88,31"/><U8/><E126/><V69/><F121/><W83/><G114/><T12/><D35/><U28/><E38/><V51/><F72/><W107/><G107/><T130/><D36/><U64/><E76/><V52/><F78/><W102/><G102/><T9/><D115/><U93/><E109/><N who="3" m="41482" /><G3/><T6/><D122/><U41/><E41/><V39/><F39/><W2/><G2/><T14/><D130/><U29/><E53/><V18/><REACH who="2" step="1"/><F47/><REACH who="2" ten="198,250,240,302" step="2"/><W48/><G128/><T11/><D75/><U80/><E106/><V25/><N who="2" m="6144" /><DORA hai="101" /><V123/><F123/><W65/><G31/><T96/><D74/><U4/><E105/><V73/><F73/><W23/><G133/><T13/><D134/><U91/><E29/><V58/><F58/><W99/><G40/><T46/><D135/><U42/><E28/><V97/><AGARI ba="0,1" hai="16,18,19,44,51,52,69,71,95,97,100" m="6144" machi="97" ten="50,8000,1" yaku="1,1,0,1,54,2,53,1" doraHai="112,101" doraHaiUra="92,70" who="2" fromWho="2" sc="198,-20,250,-40,240,90,302,-20" /><INIT seed="2,0,0,4,4,27" ten="178,210,330,282" oya="2" hai0="41,19,78,85,114,75,102,52,36,68,40,105,131" hai1="94,38,100,12,69,25,76,23,112,126,63,56,53" hai2="120,11,6,121,37,67,123,20,31,111,135,47,43" hai3="10,17,42,30,110,48,127,107,44,35,28,91,88"/><V83/><F135/><W8/><G107/><T15/><D114/><U18/><E112/><V3/><F67/><W98/><G127/><T119/><D68/><U86/><E126/><V117/><F117/><W5/><G110/><T133/><D133/><U74/><E38/><V34/><F20/><W90/><G35/><T113/><D113/><U118/><E69/><V62/><F62/><W54/><G98/><T13/><D119/><U22/><E74/><V72/><F111/><W82/><G82/><T125/><D131/><U7/><E7/><V89/><F89/><W49/><G17/><T103/><D75/><U60/><E118/><V101/><F101/><N who="0" m="38410" /><D36/><U106/><E106/><V71/><F71/><W93/><G93/><T2/><D2/><U33/><E33/><V58/><F58/><N who="3" m="33095" /><G5/><T104/><D105/><U16/><E100/><V50/><F50/><W66/><G66/><T115/><D104/><U21/><E21/><V92/><F92/><W45/><G44/><T79/><D115/><U122/><E122/><V59/><F59/><W61/><G61/><T81/><D125/><U134/><E134/><V80/><F80/><W95/><G95/><T4/><D78/><U109/><E109/><V97/><F97/><W87/><G87/><T14/><D4/><U129/><E129/><V73/><F83/><W130/><G130/><T124/><D124/><U1/><E1/><V0/><F3/><W64/><G64/><T128/><D128/><U9/><E76/><V96/><F96/><W116/><G116/><T77/><D77/><U65/><E65/><V132/><F132/><RYUUKYOKU ba="0,0" sc="178,-15,210,-15,330,15,282,15" hai2="0,6,11,31,34,37,43,47,72,73,120,121,123" hai3="8,10,28,30,42,45,49,88,90,91" /><INIT seed="2,1,0,3,0,65" ten="163,195,345,297" oya="2" hai0="77,43,93,69,135,13,25,99,74,109,112,71,34" hai1="27,111,68,12,130,14,59,91,22,4,61,129,110" hai2="0,117,131,37,101,119,11,32,67,73,100,18,5" hai3="84,23,50,104,39,96,55,56,60,57,125,82,53"/><V105/><F73/><W115/><G125/><T103/><D112/><U124/><E91/><V133/><F37/><W17/><G115/><T9/><D109/><N who="1" m="41483" /><E124/><V107/><F133/><W31/><G39/><T106/><D135/><U30/><E59/><V76/><F76/><W3/><G3/><T40/><D93/><U127/><E127/><V78/><F78/><W114/><G114/><T21/><D34/><N who="1" m="20831" /><E61/><V108/><F67/><W6/><G6/><T64/><D77/><U63/><E63/><V102/><F108/><W15/><G104/><T33/><D74/><U97/><E97/><V36/><F36/><W126/><G126/><T118/><D118/><U46/><E46/><V90/><F102/><W128/><G128/><N who="1" m="49258" /><E68/><V89/><F101/><W54/><G96/><T116/><D116/><U123/><E123/><V10/><F90/><N who="3" m="51479" /><G54/><T48/><D64/><U58/><E58/><V41/><F131/><W80/><G80/><T98/><D98/><U35/><E35/><V8/><F107/><W62/><G50/><T70/><D48/><U51/><E51/><V47/><F32/><W95/><G95/><T75/><D33/><U42/><E42/><V121/><F121/><W52/><G53/><T92/><D106/><U2/><E22/><V26/><F105/><W44/><G44/><T122/><D122/><U28/><E28/><AGARI ba="1,0" hai="15,17,23,28,31,52,55,56,57,60,62" m="51479" machi="28" ten="30,2000,0" yaku="8,1,54,1" doraHai="65" who="3" fromWho="1" sc="163,0,195,-23,345,0,297,23" /><INIT seed="3,0,0,0,3,114" ten="163,172,345,320" oya="3" hai0="39,66,91,74,109,0,112,29,89,28,27,45,61" hai1="63,113,5,85,47,1,70,19,41,99,81,104,42" hai2="15,129,16,111,131,90,34,32,123,30,134,96,8" hai3="98,22,54,23,102,103,127,52,9,115,88,93,105"/><W64/><G115/><T53/><D112/><U101/><E113/><V24/><F111/><W59/><G127/><T97/><D109/><U51/><E19/><V116/><F116/><W94/><G105/><T92/><D0/><U119/><E119/><V50/><F123/><W78/><G78/><T79/><D91/><U57/><E70/><V58/><F134/><W35/><G35/><T83/><D27/><U75/><E75/><V76/><F76/><W56/><G9/><T128/><D128/><N who="2" m="49226" /><F50/><N who="3" m="30743" /><G64/><T86/><D74/><U87/><E42/><V18/><F58/><W122/><G122/><T60/><D39/><U6/><E1/><V135/><F135/><W120/><G120/><T77/><D79/><U84/><E81/><V44/><F44/><W25/><G25/><T21/><D21/><N who="3" m="7689" /><G94/><T31/><D66/><U125/><E125/><V67/><F67/><W95/><G95/><T4/><D4/><U71/><E71/><V121/><F34/><W82/><G82/><T133/><D133/><U100/><E100/><V49/><F121/><W36/><G36/><T38/><D38/><U65/><AGARI ba="0,0" hai="5,6,41,47,51,57,63,65,84,85,87,99,101,104" machi="65" ten="30,1100,0" yaku="0,1" doraHai="114" who="1" fromWho="1" sc="163,-3,172,11,345,-3,320,-5" owari="160,-34.0,183,-21.7,342,44.2,315,11.5" /></mjloggm>