<mjloggm ver="2.3"><GO type="225" lobby="0"/><UN n0="%E4%BF%BA%E3%81%A8%E5%A6%96%E5%A4%A2" n1="%E7%9A%AE%E3%80%85" n2="%E3%83%B4%E3%82%A3%E3%83%AF%E3%82%B3%E3%82%B0%E3%83%8B" n3="%E3%82%AF%E3%82%A3%E3%82%A6" dan="16,16,17,16" rate="2137.75,2123.21,2246.98,2058.37" sx="F,F,M,M"/><TAIKYOKU oya="0"/><INIT seed="0,0,0,3,2,59" ten="250,250,250,250" oya="0" hai0="108,5,52,86,66,107,58,110,6,45,22,130,44" hai1="92,98,81,32,119,95,28,103,135,76,134,65,41" hai2="7,106,89,64,67,47,21,122,4,46,88,60,19" hai3="17,74,57,94,131,80,112,97,11,124,9,82,104"/><T38/><D107/><U127/><E41/><V35/><F35/><W99/><G112/><T96/><D130/><U115/><E115/><V120/><F106/><W13/><G131/><T2/><D66/><U39/><E39/><V85/><F85/><W69/><G69/><T3/><D96/><N who="1" m="59783" /><E65/><V42/><F42/><W101/><G124/><T54/><D22/><U133/><E28/><V18/><F21/><W36/><G36/><T75/><D38/><U16/><E16/><V14/><F14/><W111/><G111/><N who="0" m="42539" /><D75/><N who="1" m="43167" /><E32/><V43/><F43/><W93/><G74/><T117/><D86/><U90/><E119/><V128/><F128/><W31/><G31/><T72/><D72/><U87/><E98/><V132/><REACH who="2" step="1"/><F60/><REACH who="2" ten="250,250,240,250" step="2"/><W62/><G104/><T33/><D33/><U40/><E40/><V114/><F114/><W48/><G48/><N who="0" m="30983" /><D117/><U70/><E70/><V113/><F113/><W12/><G62/><T123/><D123/><U29/><E29/><V50/><F50/><W71/><G71/><T79/><D79/><U25/><E25/><V105/><F105/><W0/><G0/><N who="0" m="43" /><D54/><U109/><E109/><V77/><F77/><W53/><G53/><T126/><D126/><AGARI ba="0,1" hai="87,90,95,126,127,133,134,135" m="43167,59783" machi="126" ten="40,5200,0" yaku="20,1,34,2" doraHai="59" who="1" fromWho="0" sc="250,-52,250,62,240,0,250,0" /><INIT seed="1,0,0,5,5,54" ten="198,312,240,250" oya="1" hai0="115,113,31,82,50,93,44,100,45,95,112,58,47" hai1="6,52,71,53,38,76,89,97,91,55,65,60,19" hai2="111,49,24,122,17,35,2,59,32,66,16,57,15" hai3="37,88,12,18,56,101,75,51,7,9,20,21,92"/><U28/><E38/><V77/><F122/><W120/><G120/><T90/><D31/><U109/><E19/><V22/><F2/><W117/><G117/><T70/><D70/><U104/><E76/><V78/><F111/><W68/><G68/><T48/><D100/><U72/><E72/><V103/><F103/><W63/><G75/><T130/><D130/><U118/><E118/><V81/><F49/><W67/><G37/><T116/><D116/><U3/><E109/><V0/><F0/><W13/><G101/><T94/><REACH who="0" step="1"/><D58/><REACH who="0" ten="188,312,240,250" step="2"/><N who="1" m="34911" /><E71/><V98/><F57/><W64/><G64/><T39/><D39/><U132/><E28/><V36/><F36/><W131/><G131/><T133/><D133/><U10/><E65/><V62/><F35/><W127/><G127/><T61/><D61/><U26/><E132/><V107/><F32/><W110/><G110/><T119/><D119/><U43/><E104/><V29/><F107/><W99/><REACH who="3" step="1"/><G51/><REACH who="3" ten="188,312,240,240" step="2"/><T33/><D33/><U128/><E128/><V34/><F66/><W80/><G80/><T11/><D11/><AGARI ba="0,2" hai="7,9,11,12,13,18,20,21,56,63,67,88,92,99" machi="11" ten="30,8000,1" yaku="1,1,7,1,8,1,52,1,54,1,53,0" doraHai="54" doraHaiUra="123" who="3" fromWho="0" sc="188,-80,312,0,240,0,240,100" /><INIT seed="2,0,0,4,1,20" ten="108,312,240,340" oya="2" hai0="55,57,6,95,39,104,133,27,109,2,25,0,23" hai1="17,73,64,7,91,120,41,54,60,124,103,78,108" hai2="50,36,93,131,16,130,101,29,113,106,67,5,42" hai3="44,98,26,62,15,99,80,37,47,100,3,127,51"/><V65/><F113/><W85/><G3/><T90/><D104/><U116/><E116/><V45/><F106/><W96/><G127/><T132/><D39/><U118/><E118/><V77/><F5/><W13/><G37/><T107/><D107/><U4/><E108/><V22/><F29/><W12/><G100/><T28/><D109/><U71/><E124/><V46/><F77/><N who="3" m="46223" /><G62/><T94/><D6/><U19/><E41/><V35/><F35/><W126/><G126/><T115/><D115/><U38/><E38/><V53/><F93/><W111/><G111/><T31/><D2/><U61/><E103/><V81/><F81/><W49/><G26/><T92/><D0/><U83/><E120/><V74/><F74/><W66/><G66/><T30/><D23/><U18/><E91/><V48/><F101/><W70/><G70/><T123/><D90/><U58/><AGARI ba="0,0" hai="4,7,17,18,19,54,58,60,61,64,71,73,78,83" machi="58" ten="30,1100,0" yaku="0,1" doraHai="20" who="1" fromWho="1" sc="108,-3,312,11,240,-5,340,-3" /><INIT seed="3,0,0,0,0,35" ten="105,323,235,337" oya="3" hai0="43,56,97,25,80,18,7,0,95,79,68,90,62" hai1="104,9,22,93,19,23,65,135,86,32,61,103,131" hai2="33,134,8,96,117,57,87,59,70,37,24,89,39" hai3="10,5,81,17,46,119,14,55,45,11,21,51,74"/><W15/><G119/><T118/><D118/><U88/><E32/><V64/><F117/><W124/><G124/><T83/><D68/><U40/><E135/><V4/><F134/><W113/><G113/><T31/><D43/><U36/><E131/><V52/><F96/><W120/><G120/><T101/><D18/><U26/><E103/><V108/><F108/><W128/><G128/><T107/><D7/><U75/><E104/><V48/><F70/><W60/><G60/><T76/><D80/><U42/><E75/><V92/><F64/><W1/><G74/><T116/><D116/><U47/><E40/><V58/><F33/><W67/><G67/><T121/><D121/><U13/><E26/><V125/><F24/><W84/><G45/><T115/><D115/><U72/><E72/><V30/><F30/><W99/><G99/><T27/><D27/><U2/><E2/><V73/><F73/><W69/><G69/><AGARI ba="0,0" hai="9,13,19,22,23,36,42,47,61,65,69,86,88,93" machi="69" ten="30,2000,0" yaku="7,1,54,1" doraHai="35" who="1" fromWho="3" sc="105,0,323,20,235,0,337,-20" owari="105,-39.5,343,44.3,235,-16.5,317,11.7" /></mjloggm>