<mjloggm ver="2.3"><GO type="225" lobby="0"/><UN n0="%E3%83%A9%E3%82%B9%E7%8E%87%EF%BC%93%E5%89%B2" n1="%E9%A6%AC%E5%BC%95%E7%81%AB%33" n2="%E6%A3%AE%E5%B1%B1%E7%94%B0%E7%9B%B4%E5%A4%AA%E6%9C%97%E4%B9%8B%E4%BB%8B" n3="%E6%B4%BE%E9%81%A3%E3%81%AE%E3%82%B8%E3%83%A3%E3%83%83%E3%82%AF" dan="17,16,16,17" rate="2190.83,2118.10,2161.13,2185.23" sx="F,M,M,M"/><TAIKYOKU oya="0"/><INIT seed="0,0,0,4,0,97" ten="250,250,250,250" oya="0" hai0="40,24,101,18,93,78,41,68,14,92,17,83,21" hai1="22,107,96,50,119,125,95,45,99,131,89,11,72" hai2="77,114,61,8,75,106,31,15,73,129,120,122,105" hai3="135,117,86,70,94,19,2,30,63,13,126,9,112"/><T91/><D68/><U42/><E119/><V123/><F31/><W28/><G117/><T116/><D116/><U108/><E108/><V80/><F114/><W20/><G112/><T98/><D92/><U74/><E125/><V57/><F75/><W134/><G126/><T133/><D133/><N who="3" m="50697" /><G70/><T16/><D91/><U48/><E131/><V109/><F109/><W54/><G63/><T44/><D44/><U55/><E11/><V84/><F73/><W46/><G54/><T81/><D81/><U88/><E22/><V60/><F129/><W49/><G49/><T69/><D69/><U53/><E42/><V26/><F26/><W33/><G46/><T71/><D71/><U7/><E7/><V6/><REACH who="2" step="1"/><F61/><REACH who="2" ten="250,250,240,250" step="2"/><W90/><G33/><T87/><REACH who="0" step="1"/><D14/><REACH who="0" ten="240,250,240,250" step="2"/><U103/><REACH who="1" step="1"/><E89/><REACH who="1" ten="240,240,240,250" step="2"/><V124/><F124/><W62/><G90/><T43/><AGARI ba="0,3" hai="16,17,18,21,24,40,41,43,78,83,87,93,98,101" machi="43" ten="30,18000,2" yaku="1,1,2,1,0,1,8,1,52,1,54,1,53,0" doraHai="97" doraHaiUra="10" who="0" fromWho="0" sc="240,210,240,-60,240,-60,250,-60" /><INIT seed="0,1,0,3,0,100" ten="450,180,180,190" oya="0" hai0="3,106,55,62,99,8,10,38,6,50,82,93,80" hai1="33,58,16,87,1,75,77,49,94,125,40,11,71" hai2="66,29,7,31,12,121,60,30,104,133,25,81,111" hai3="118,117,19,122,23,22,45,32,64,103,72,52,91"/><T69/><D38/><U0/><E71/><V9/><F121/><W37/><G72/><T126/><D126/><U35/><E75/><V59/><F111/><W105/><G32/><T130/><D130/><U24/><E125/><V108/><F108/><W43/><G64/><T65/><D8/><U2/><E94/><V39/><F39/><W14/><G122/><T124/><D124/><U102/><E102/><V107/><F133/><W13/><G91/><T119/><D119/><U134/><E134/><V97/><F81/><W63/><G22/><T68/><D106/><U120/><E120/><V78/><F78/><W34/><G14/><T4/><D4/><U129/><E129/><V17/><F97/><W89/><G89/><T28/><D28/><U20/><E11/><V47/><F47/><W56/><REACH who="3" step="1"/><G34/><REACH who="3" ten="450,180,180,180" step="2"/><T76/><D68/><U46/><REACH who="1" step="1"/><E58/><REACH who="1" ten="450,170,180,180" step="2"/><V44/><F44/><W114/><G114/><T83/><D69/><U36/><E36/><V79/><REACH who="2" step="1"/><F79/><REACH who="2" ten="450,170,170,180" step="2"/><W27/><G27/><T101/><D76/><U53/><E53/><V113/><F113/><W109/><G109/><T110/><D110/><U54/><E54/><V95/><F95/><W127/><G127/><T116/><D55/><U128/><E128/><V41/><F41/><W90/><G90/><T115/><D115/><U86/><E86/><V15/><F15/><W135/><G135/><T67/><D93/><U112/><E112/><V51/><F51/><W61/><G61/><T5/><D62/><U26/><E26/><V96/><F96/><AGARI ba="1,3" hai="13,19,23,37,43,45,52,56,63,96,103,105,117,118" machi="96" ten="40,8000,1" yaku="1,1,52,1,54,1,53,1" doraHai="100" doraHaiUra="48" who="3" fromWho="2" sc="450,0,170,0,170,-83,180,113" /><INIT seed="1,0,0,4,0,40" ten="450,170,87,293" oya="1" hai0="77,92,94,41,68,106,129,73,71,107,101,36,11" hai1="55,45,122,25,51,125,75,44,115,61,15,132,111" hai2="10,24,38,42,63,135,89,95,118,47,22,53,37" hai3="23,28,81,70,128,31,102,34,116,0,119,62,109"/><U72/><E115/><V87/><F118/><W13/><G109/><T117/><D11/><U78/><E122/><V85/><F135/><W57/><G0/><T29/><D29/><U133/><E125/><V76/><F10/><W88/><G70/><T96/><D117/><N who="3" m="45129" /><G102/><T127/><D127/><U33/><E111/><V49/><F63/><W1/><G1/><T91/><D129/><U14/><E61/><V6/><F6/><W99/><G34/><T16/><D68/><U105/><E105/><V131/><F131/><W7/><G128/><T126/><D71/><U86/><E86/><V100/><F100/><W114/><G114/><T2/><D2/><U9/><E45/><V3/><F3/><W59/><G59/><T17/><D106/><U64/><E64/><V130/><F130/><W39/><G39/><T26/><D107/><U67/><E67/><V74/><F74/><N who="1" m="28201" /><E78/><V123/><F123/><W27/><G31/><T83/><D126/><U52/><E55/><V97/><F76/><W80/><G13/><T21/><D41/><U18/><E14/><V110/><F110/><W121/><G121/><T104/><D36/><U112/><E112/><V60/><F38/><W120/><G120/><T12/><D91/><U54/><E54/><V65/><F37/><W84/><G84/><T30/><D30/><U113/><E113/><V20/><F42/><W108/><G108/><T46/><D12/><U90/><E90/><V98/><F87/><W48/><G62/><T58/><D104/><U79/><E79/><V66/><F60/><W103/><G88/><T43/><D73/><RYUUKYOKU ba="0,0" sc="450,-10,170,30,87,-10,293,-10" hai1="9,15,18,25,33,44,51,52,132,133" /><INIT seed="1,1,0,3,3,62" ten="440,200,77,283" oya="1" hai0="117,70,129,126,10,109,114,104,43,23,122,1,0" hai1="120,39,123,74,85,94,14,66,11,88,17,103,38" hai2="133,71,20,73,115,27,63,5,60,6,108,47,41" hai3="4,19,125,92,113,50,45,76,80,68,22,89,69"/><U82/><E66/><V15/><F73/><W107/><G4/><T28/><RYUUKYOKU type="yao9" ba="1,0" sc="440,0,200,0,77,0,283,0" hai0="0,1,10,23,28,43,70,104,109,114,117,122,126,129" /><INIT seed="1,2,0,2,1,129" ten="440,200,77,283" oya="1" hai0="96,42,67,130,93,113,115,124,36,109,29,117,107" hai1="75,0,65,78,71,127,1,126,79,59,98,101,106" hai2="58,68,10,22,83,69,119,12,6,91,54,13,70" hai3="62,120,39,116,134,24,16,135,104,63,114,37,81"/><U57/><E71/><V122/><F122/><W20/><G114/><T102/><D29/><U61/><E57/><V112/><F112/><W34/><G120/><T17/><D67/><U74/><E79/><V66/><F119/><W3/><G104/><T18/><D42/><U90/><E90/><V44/><F44/><W84/><G3/><N who="1" m="1098" /><E78/><V48/><F66/><W121/><G34/><T132/><D36/><U28/><E28/><V123/><F123/><W60/><G121/><T11/><D93/><U2/><E2/><V105/><F105/><W80/><G116/><T45/><D45/><U133/><E133/><N who="3" m="50698" /><G81/><T89/><D117/><U131/><E131/><V53/><F53/><W14/><G24/><T85/><D130/><U8/><E8/><V103/><F103/><W30/><G30/><T128/><D11/><U88/><E88/><AGARI ba="2,0" hai="14,16,20,37,39,60,62,63,80,84,88" m="50698" machi="88" ten="30,12000,2" yaku="20,1,52,3,54,2" doraHai="129" who="3" fromWho="1" sc="440,0,200,-126,77,0,283,126" /><INIT seed="2,0,0,2,2,44" ten="440,74,77,409" oya="2" hai0="98,126,134,42,11,70,68,67,129,1,110,0,41" hai1="56,69,88,111,33,6,87,96,75,53,86,36,7" hai2="64,95,58,63,122,54,35,57,12,103,119,100,50" hai3="83,65,90,116,25,5,94,66,34,130,9,49,61"/><V72/><F72/><W133/><G116/><T29/><D29/><U30/><E69/><V113/><F35/><W2/><G133/><T4/><D134/><U128/><E75/><V76/><F119/><W108/><G108/><T120/><D120/><U51/><E36/><V73/><F113/><W74/><G130/><T106/><D110/><U59/><E111/><V77/><F122/><W38/><G38/><T109/><D109/><U81/><E128/><V131/><F131/><W127/><G127/><T24/><D126/><U26/><E59/><V14/><F73/><W93/><G93/><T115/><D24/><U91/><E96/><N who="2" m="59423" /><F103/><W80/><G74/><T62/><D115/><U89/><E89/><V40/><F40/><W52/><G25/><T31/><D42/><U85/><E85/><V92/><F92/><AGARI ba="0,0" hai="6,7,26,30,33,51,53,56,81,86,87,88,91,92" machi="92" ten="30,3900,0" yaku="7,1,52,1,54,1" doraHai="44" who="1" fromWho="2" sc="440,0,74,39,77,-39,409,0" /><INIT seed="3,0,0,5,5,37" ten="440,113,38,409" oya="3" hai0="44,2,25,3,20,105,39,74,62,86,38,72,114" hai1="120,69,12,30,13,56,90,9,76,5,4,87,75" hai2="67,18,119,46,102,77,29,103,111,82,133,129,131" hai3="24,79,6,117,43,92,127,33,59,32,98,0,95"/><W40/><G117/><T27/><D105/><U126/><E69/><V45/><F29/><W17/><G0/><N who="0" m="43" /><D44/><U52/><E126/><V83/><F67/><W1/><G1/><T93/><D62/><U84/><E120/><V125/><F125/><W41/><G127/><T55/><D55/><U68/><E75/><N who="0" m="28713" /><D20/><U42/><E42/><V54/><F54/><W107/><G79/><T10/><D10/><U106/><E106/><V70/><F70/><W19/><G6/><T63/><D63/><U64/><E30/><V128/><F18/><N who="3" m="6667" /><G33/><T36/><D114/><U61/><E5/><V132/><F119/><W121/><G32/><T71/><D71/><U31/><E31/><V15/><F15/><W14/><G121/><T135/><D135/><N who="2" m="51786" /><F77/><W7/><G107/><T96/><D86/><U57/><E13/><V108/><F46/><W88/><G24/><T49/><D49/><U28/><E28/><V130/><N who="2" m="32768" /><DORA hai="100" /><V91/><F45/><W47/><G47/><T122/><D122/><U85/><E76/><V21/><F21/><W80/><G59/><T53/><D53/><U58/><E52/><V60/><F60/><W26/><G26/><T118/><D118/><U11/><E11/><V34/><F34/><W16/><G7/><T113/><D113/><U104/><E57/><V115/><F115/><W8/><G98/><T97/><D96/><U101/><E56/><V123/><F123/><W48/><G48/><T124/><D124/><U112/><E58/><V65/><F65/><W22/><G22/><T23/><D23/><U51/><E112/><V66/><F66/><RYUUKYOKU ba="0,0" sc="440,15,113,-15,38,-15,409,15" hai0="25,27,36,38,39,93,97" hai3="8,14,16,40,41,43,80,88,92,95" /><INIT seed="3,1,0,2,5,25" ten="455,98,23,424" oya="3" hai0="18,108,64,129,130,96,119,62,0,116,35,47,22" hai1="57,48,52,80,114,76,41,120,124,26,51,42,134" hai2="87,128,23,77,1,102,127,84,43,28,101,56,4" hai3="91,40,13,121,79,123,54,10,30,88,110,45,61"/><W11/><G79/><T105/><D0/><U83/><E120/><V131/><F43/><N who="1" m="16393" /><E114/><V17/><F1/><W5/><G110/><T9/><D9/><U46/><E124/><V75/><F4/><W44/><G11/><T122/><D47/><N who="3" m="17993" /><G123/><T125/><D35/><U6/><E134/><V111/><F56/><N who="3" m="34967" /><G121/><T12/><D122/><U58/><E6/><V107/><F111/><W135/><G40/><T36/><D36/><U50/><E26/><N who="2" m="16479" /><F127/><W104/><G104/><T103/><D108/><U55/><E76/><V89/><F17/><W2/><G2/><T112/><D125/><U97/><E97/><N who="2" m="61871" /><F102/><W67/><G135/><T85/><D85/><U32/><E32/><V21/><F21/><W118/><G118/><T16/><D18/><U69/><E69/><V82/><F89/><N who="3" m="34379" /><G67/><T94/><D105/><U78/><E78/><V99/><F99/><W117/><G117/><T106/><D106/><U66/><E66/><V15/><F15/><W53/><G53/><AGARI ba="1,0" hai="46,48,50,51,52,53,55,57,58,80,83" m="16393" machi="53" ten="30,2000,0" yaku="8,1,54,1" doraHai="25" who="1" fromWho="3" sc="455,0,98,23,23,0,424,-23" owari="455,55.5,121,-27.9,23,-47.7,401,20.1" /></mjloggm>