<mjloggm ver="2.3"><GO type="225" lobby="0"/><UN n0="%E3%82%A4%E3%83%BC%E3%82%B1%E3%83%97%E3%83%A9" n1="%72%61%6B%33" n2="%E3%81%BF%E3%81%BF%E3%81%9A" n3="%E3%81%9B%E3%81%9B%E3%81%9B%E3%81%9B%E3%81%96%E3%82%80%E3%82%89%E3%81%84" dan="16,16,17,16" rate="2180.43,2082.59,2255.81,2105.06" sx="M,M,M,M"/><TAIKYOKU oya="0"/><INIT seed="0,0,0,2,4,116" ten="250,250,250,250" oya="0" hai0="49,127,44,53,57,2,70,55,45,8,40,22,123" hai1="5,112,115,90,13,63,91,78,65,69,110,14,102" hai2="86,6,81,10,0,29,21,36,43,34,33,68,26" hai3="25,79,119,106,130,1,126,133,114,120,104,76,84"/><T47/><D22/><U75/><E110/><V7/><F68/><W134/><G1/><T58/><D8/><N who="1" m="4239" /><E102/><V109/><F7/><W60/><G25/><T37/><D2/><U66/><E66/><V19/><F109/><W95/><G60/><N who="0" m="35887" /><D127/><U35/><E35/><V135/><F135/><N who="3" m="51723" /><G119/><T88/><D88/><N who="1" m="33835" /><E14/><V3/><F3/><W20/><G20/><T32/><D32/><U38/><E38/><V9/><F9/><W71/><G71/><T125/><D125/><U103/><E103/><V122/><F122/><W124/><G114/><N who="1" m="43562" /><E78/><V51/><F36/><W17/><G76/><T16/><D16/><U18/><E75/><V131/><F34/><W56/><G17/><AGARI ba="0,0" hai="17,18,63,65,69" m="43562,33835,4239" machi="17" ten="30,2000,0" yaku="11,1,54,1" doraHai="116" who="1" fromWho="3" sc="250,0,250,20,250,0,250,-20" /><INIT seed="1,0,0,3,4,134" ten="250,270,250,230" oya="1" hai0="51,106,36,5,107,54,117,28,110,55,48,76,58" hai1="114,3,8,64,99,6,37,122,73,30,83,77,13" hai2="111,19,41,84,27,94,47,1,120,4,109,108,34" hai3="71,26,131,17,18,85,43,45,92,33,82,118,130"/><U9/><E122/><V15/><F120/><W40/><G118/><T68/><D117/><U60/><E114/><V44/><F1/><W31/><G71/><T25/><D36/><U20/><E99/><V90/><F4/><W66/><G66/><T42/><D68/><U61/><E37/><V81/><F41/><W126/><G92/><T46/><D110/><U0/><E61/><V97/><F27/><W79/><G40/><T22/><D5/><U96/><E96/><V89/><REACH who="2" step="1"/><F34/><REACH who="2" ten="250,270,240,230" step="2"/><W119/><G119/><T74/><D42/><U70/><E3/><V125/><F125/><W2/><G2/><T12/><D12/><U123/><E123/><V102/><F102/><W59/><G126/><T133/><D133/><U135/><E135/><V57/><F57/><W93/><G59/><T88/><D25/><U32/><E32/><V14/><F14/><W7/><G7/><T113/><D58/><U129/><E0/><V100/><F100/><W127/><G127/><T10/><D113/><U124/><E124/><V63/><F63/><W91/><G130/><T101/><D101/><U112/><E129/><V67/><F67/><W21/><G131/><T78/><D46/><U116/><E116/><V56/><F56/><W95/><G33/><T69/><D69/><U52/><E112/><V38/><F38/><W72/><G93/><T50/><D50/><AGARI ba="0,1" hai="17,18,21,26,31,43,45,50,72,79,82,85,91,95" machi="50" ten="30,1000,0" yaku="7,1" doraHai="134" who="3" fromWho="0" sc="250,-10,270,0,240,0,230,20" /><INIT seed="2,0,0,3,3,79" ten="240,270,240,250" oya="2" hai0="42,50,115,63,76,129,101,71,97,47,73,99,51" hai1="68,120,12,94,34,109,24,30,92,58,33,100,27" hai2="56,60,117,96,44,132,83,121,53,131,134,22,20" hai3="110,102,123,119,66,25,135,2,5,54,45,72,90"/><V65/><F117/><W81/><G119/><T9/><D115/><U23/><E68/><V14/><F121/><W106/><G123/><T80/><D129/><U41/><E120/><V64/><F131/><W75/><G110/><T85/><D73/><U77/><E109/><V126/><F126/><W21/><G135/><N who="2" m="51753" /><F96/><W130/><G130/><T0/><D51/><U10/><E41/><V103/><F103/><W91/><G102/><T86/><D86/><U6/><E100/><V104/><F104/><W89/><G106/><T29/><D29/><U74/><E34/><V128/><F128/><W17/><G66/><N who="2" m="25705" /><F14/><W35/><G35/><T26/><D26/><U8/><E8/><V46/><F83/><W133/><G133/><T112/><D112/><U1/><E12/><V43/><F46/><W48/><REACH who="3" step="1"/><G81/><REACH who="3" ten="240,270,240,240" step="2"/><T105/><D105/><U122/><E122/><V84/><F84/><W4/><G4/><T118/><D118/><U49/><E6/><V114/><F114/><W93/><G93/><T127/><D101/><U125/><E94/><V15/><F15/><W28/><G28/><T113/><D113/><U40/><E92/><V61/><F60/><W108/><G108/><T19/><D63/><U59/><E33/><V36/><AGARI ba="0,1" hai="20,22,36,43,44,53,56,61" m="25705,51753" machi="36" ten="30,1500,0" yaku="20,1" doraHai="79" who="2" fromWho="2" sc="240,-5,270,-5,240,25,240,-5" /><INIT seed="2,1,0,0,0,87" ten="235,265,265,235" oya="2" hai0="104,52,89,83,20,27,17,34,85,118,53,8,115" hai1="117,39,23,81,108,119,46,74,71,24,110,96,78" hai2="94,59,32,86,133,30,65,26,7,77,103,58,60" hai3="51,55,113,134,42,69,56,88,97,91,6,132,41"/><V29/><F133/><N who="3" m="51307" /><G113/><T16/><D115/><U72/><E71/><V130/><F130/><W66/><G6/><T15/><D104/><U43/><E74/><V80/><F7/><W82/><G82/><T112/><D112/><U67/><E67/><V48/><F32/><W62/><G97/><T127/><D127/><U64/><E64/><V25/><F58/><W100/><G100/><T76/><D118/><U135/><E135/><V84/><F48/><W116/><G116/><T21/><D34/><U121/><E121/><V0/><F0/><W79/><G79/><T47/><D47/><U40/><E40/><AGARI ba="1,0" hai="40,41,42,51,55,56,62,66,69,88,91" m="51307" machi="40" ten="30,7700,0" yaku="20,1,52,2,54,1" doraHai="87" who="3" fromWho="1" sc="235,0,265,-80,265,0,235,80" /><INIT seed="3,0,0,5,4,112" ten="235,185,265,315" oya="3" hai0="86,33,19,44,39,102,36,69,2,99,90,76,114" hai1="130,25,109,107,85,65,98,23,55,83,24,81,71" hai2="110,118,115,74,5,124,64,61,3,49,106,132,134" hai3="68,91,121,75,9,126,26,62,42,63,89,66,32"/><W17/><G121/><T22/><D33/><U73/><E109/><V67/><F115/><W43/><G126/><T94/><D114/><U37/><E37/><V34/><F74/><W103/><G75/><T80/><D69/><U97/><E130/><V120/><F106/><W105/><G63/><T122/><D122/><U93/><E25/><V113/><F110/><W60/><G60/><T38/><D2/><U21/><E71/><V133/><F34/><W131/><G131/><T100/><REACH who="0" step="1"/><D44/><REACH who="0" ten="225,185,265,315" step="2"/><U84/><E65/><V12/><F3/><W96/><G32/><T7/><D7/><U8/><E107/><V79/><F113/><W58/><G68/><T111/><D111/><U41/><E73/><V95/><F120/><W123/><G123/><T77/><D77/><U47/><E41/><V128/><F128/><W57/><G43/><T87/><D87/><U78/><E8/><V88/><F134/><W13/><G42/><T1/><D1/><U35/><E35/><V108/><F133/><W129/><G129/><T52/><D52/><U54/><E47/><V82/><F132/><W135/><G135/><T45/><D45/><U6/><E6/><V51/><F108/><W53/><G53/><T125/><D125/><U116/><E116/><V127/><F118/><W28/><G57/><T31/><D31/><U46/><E46/><V101/><F127/><W16/><G28/><T59/><D59/><U29/><E21/><V10/><F124/><W18/><G58/><T27/><AGARI ba="0,1" hai="19,22,27,36,38,39,76,80,86,90,94,99,100,102" machi="27" ten="30,4000,0" yaku="1,1,0,1,53,1" doraHai="112" doraHaiUra="15" who="0" fromWho="0" sc="225,50,185,-10,265,-10,315,-20" /><INIT seed="4,0,0,3,2,77" ten="275,175,255,295" oya="0" hai0="103,128,35,132,98,58,11,122,64,108,125,21,86" hai1="126,107,30,81,54,89,1,10,69,131,43,52,100" hai2="67,49,40,59,33,61,68,55,5,96,62,25,26" hai3="38,90,87,116,53,112,34,72,115,94,27,76,92"/><T7/><D122/><U93/><E69/><V29/><F5/><W17/><G116/><T70/><D35/><U42/><E126/><V4/><F4/><W91/><G38/><T45/><D70/><U82/><E131/><V88/><F25/><W51/><G76/><T39/><D128/><U113/><E113/><N who="3" m="43594" /><G72/><T63/><D108/><U66/><E66/><V0/><F0/><W84/><G34/><T114/><D114/><U83/><E30/><V74/><F74/><W47/><G17/><T48/><D39/><U57/><E107/><V130/><F130/><W36/><G36/><T129/><D129/><U135/><E135/><V80/><F40/><N who="1" m="15401" /><E1/><V31/><F31/><W50/><G50/><T8/><D125/><U97/><E10/><V134/><F134/><W65/><G27/><T85/><D132/><U20/><E20/><V15/><F15/><W44/><G65/><T127/><D21/><U13/><E13/><V124/><F124/><W41/><G41/><N who="0" m="24623" /><D127/><U56/><E100/><V104/><F49/><W75/><G75/><T95/><D8/><U18/><E18/><V123/><F123/><W46/><AGARI ba="0,0" hai="44,46,47,51,53,84,87,90,91,92,94" m="43594" machi="46" ten="30,1100,0" yaku="15,1" doraHai="77" who="3" fromWho="3" sc="275,-5,175,-3,255,-3,295,11" owari="270,7.0,172,-32.8,252,-14.8,306,40.6" /></mjloggm>