<mjloggm ver="2.3"><GO type="225" lobby="0"/><UN n0="%E3%83%A9%E3%82%B9%E7%8E%87%EF%BC%93%E5%89%B2" n1="%E6%A1%9C%E8%8A%B1%E9%96%83%E3%80%85" n2="%E3%83%81%E3%83%83%E3%82%BF%E3%82%BD%E3%83%BC" n3="%E6%81%A5%E6%99%92%E3%81%97" dan="16,17,16,16" rate="2190.83,2142.82,2090.90,2199.72" sx="F,M,F,M"/><TAIKYOKU oya="0"/><INIT seed="0,0,0,4,2,100" ten="250,250,250,250" oya="0" hai0="64,70,59,24,111,71,122,123,120,12,89,43,88" hai1="115,96,129,47,23,92,62,40,109,98,97,101,127" hai2="14,119,65,13,38,4,126,103,51,20,134,102,114" hai3="125,5,131,78,3,2,30,106,19,73,82,124,45"/><T50/><D111/><U6/><E109/><V15/><F38/><W46/><G30/><T121/><N who="0" m="30720" /><DORA hai="53" /><T63/><D24/><U130/><E127/><V37/><F126/><N who="3" m="48747" /><G131/><N who="1" m="50186" /><E115/><V117/><F37/><W1/><G19/><T86/><D12/><U8/><E62/><V76/><F114/><W107/><G5/><T25/><D25/><U93/><E23/><V128/><F128/><W52/><G46/><T69/><REACH who="0" step="1"/><D86/><REACH who="0" ten="240,250,250,250" step="2"/><U55/><E101/><V104/><F103/><W85/><G85/><T49/><D49/><AGARI ba="0,1" hai="1,2,3,45,49,52,73,78,82,106,107" m="48747" machi="49" ten="40,8000,1" yaku="18,1,52,2,54,1" doraHai="100,53" who="3" fromWho="0" sc="240,-80,250,0,250,0,250,90" /><INIT seed="1,0,0,2,1,42" ten="160,250,250,340" oya="1" hai0="60,118,14,94,56,21,120,43,31,30,100,47,108" hai1="99,121,16,76,22,49,57,38,69,53,89,18,34" hai2="45,32,52,115,113,6,112,20,129,28,5,26,1" hai3="24,44,72,68,9,8,65,58,27,48,131,70,77"/><U71/><E121/><V33/><F129/><W117/><G131/><T97/><D118/><U119/><E119/><V37/><F37/><W86/><G72/><T122/><D108/><U103/><E34/><N who="2" m="13419" /><F1/><W3/><G68/><T125/><D125/><U104/><E38/><V11/><F11/><N who="3" m="4171" /><G70/><T35/><D35/><U126/><E126/><V109/><F109/><W96/><G3/><T128/><D128/><U114/><E114/><V61/><F61/><N who="3" m="38071" /><G117/><T133/><D133/><U73/><E89/><V2/><F2/><W25/><G96/><T79/><D79/><U51/><E18/><V29/><F28/><W46/><G48/><AGARI ba="0,0" hai="5,6,20,26,29,45,48,52,112,113,115" m="13419" machi="48" ten="40,5200,0" yaku="11,1,52,1,54,1" doraHai="42" who="2" fromWho="3" sc="160,0,250,0,250,52,340,-52" /><INIT seed="2,0,0,1,0,43" ten="160,250,302,288" oya="2" hai0="2,51,48,124,34,4,100,49,134,26,55,111,95" hai1="84,117,92,126,129,12,104,65,83,73,64,8,63" hai2="14,77,96,128,33,66,74,86,56,103,132,57,29" hai3="15,18,114,119,109,39,98,87,35,46,13,116,121"/><V1/><F1/><W45/><G121/><T22/><D111/><U127/><E117/><V54/><F74/><W99/><G35/><T120/><D120/><U53/><E104/><V60/><F128/><W82/><G39/><T32/><D134/><U42/><E129/><V67/><F132/><W28/><G28/><T62/><D124/><N who="1" m="47659" /><E73/><V76/><F86/><W25/><G109/><T118/><D118/><U23/><E23/><V10/><F29/><W30/><G30/><T105/><D105/><U88/><E42/><V123/><F33/><W58/><G58/><T101/><D32/><U80/><E53/><V71/><F123/><W79/><G114/><T7/><D34/><U38/><E38/><V61/><F54/><W5/><G116/><T31/><D2/><U102/><E102/><V16/><F71/><W44/><G119/><T125/><D125/><U122/><E122/><V89/><F89/><W24/><G5/><T20/><D20/><U94/><E83/><V90/><F90/><W70/><G70/><T17/><D31/><U50/><E50/><V3/><F3/><W133/><G133/><T130/><D130/><U85/><E85/><V112/><F112/><W108/><G108/><T11/><D11/><U69/><E65/><V21/><F10/><N who="3" m="6455" /><G15/><T59/><REACH who="0" step="1"/><D101/><REACH who="0" ten="150,250,302,288" step="2"/><U78/><E78/><V68/><F68/><W37/><G37/><T72/><D72/><U106/><E106/><AGARI ba="0,1" hai="14,16,21,56,57,60,61,66,67,76,77,96,103,106" machi="106" ten="30,5800,0" yaku="7,1,9,1,54,1" doraHai="43" who="2" fromWho="1" sc="150,0,250,-58,302,68,288,0" /><INIT seed="2,1,0,4,5,112" ten="150,192,370,288" oya="2" hai0="50,8,94,75,27,62,18,127,126,40,91,81,16" hai1="67,7,78,77,103,68,48,115,29,121,59,80,119" hai2="30,88,76,5,92,36,83,71,107,49,95,15,53" hai3="1,51,66,63,61,60,25,21,44,73,24,113,98"/><V34/><F36/><W32/><G1/><T4/><D62/><N who="1" m="38367" /><E68/><V104/><F71/><W74/><G113/><T70/><D70/><U124/><E119/><V57/><F30/><W135/><G135/><T43/><D81/><U14/><E115/><V11/><F34/><W0/><G0/><T64/><D64/><U55/><E124/><N who="0" m="47657" /><D75/><U97/><E29/><V128/><F128/><W52/><G32/><T37/><D37/><U38/><E80/><V10/><F11/><W82/><G25/><T79/><D79/><U72/><E72/><V17/><F5/><W31/><G66/><T93/><D93/><N who="1" m="58799" /><E38/><V19/><F17/><N who="0" m="6762" /><D27/><U69/><E121/><V58/><F95/><W3/><G82/><T125/><N who="0" m="47665" /><T26/><DORA hai="134" /><D26/><U117/><E69/><V65/><F83/><W133/><G133/><T108/><D50/><U110/><E78/><V89/><F76/><W122/><G73/><T90/><D108/><U131/><E77/><V47/><F65/><W6/><G74/><T87/><D91/><U123/><E110/><V111/><F89/><W109/><G109/><T100/><D100/><U42/><E123/><V20/><F111/><W13/><G122/><T46/><D46/><N who="1" m="25687" /><E131/><V84/><F10/><W54/><G44/><T106/><D106/><U45/><E45/><V2/><F104/><W33/><G51/><T22/><D22/><U114/><E114/><V129/><F107/><W96/><G21/><T120/><D120/><U101/><E101/><V130/><F129/><W116/><G33/><T41/><D41/><U28/><E28/><V99/><F130/><RYUUKYOKU ba="1,0" sc="150,30,192,-10,370,-10,288,-10" hai0="4,8,40,43,87,90,94" /><INIT seed="3,2,0,0,2,61" ten="180,182,360,278" oya="3" hai0="69,91,102,84,129,19,70,108,32,77,93,13,66" hai1="74,103,67,42,25,104,120,56,115,45,124,95,52" hai2="15,39,31,68,65,128,57,11,38,72,3,6,20" hai3="122,55,9,134,59,53,16,97,127,121,14,1,75"/><W86/><G75/><T107/><D32/><U82/><E115/><V35/><F128/><W125/><G134/><T98/><D129/><U114/><E114/><V50/><F72/><W80/><G1/><T63/><D108/><U4/><E104/><V117/><F117/><W58/><G97/><T23/><D77/><U33/><E120/><V34/><F35/><W29/><G29/><T92/><REACH who="0" step="1"/><D70/><REACH who="0" ten="170,182,360,278" step="2"/><U116/><E116/><V7/><F68/><W78/><G121/><T41/><D41/><U99/><E124/><V100/><F34/><W18/><G122/><T40/><D40/><U79/><E4/><V28/><F6/><W44/><G125/><T123/><D123/><U26/><E33/><V87/><F7/><W119/><G78/><T49/><D49/><U113/><E113/><V112/><F112/><W83/><G127/><T105/><AGARI ba="2,1" hai="13,19,23,63,66,69,84,91,92,93,98,102,105,107" machi="105" ten="30,4000,0" yaku="1,1,0,1,52,1,53,0" doraHai="61" doraHaiUra="0" who="0" fromWho="0" sc="170,56,182,-12,360,-12,278,-22" owari="226,-17.4,170,-33.0,348,44.8,256,5.6" /></mjloggm>