<mjloggm ver="2.3"><GO type="225" lobby="0"/><UN n0="%E3%82%B3%E3%83%90%E3%83%AC%E3%82%A4" n1="%33%74%72%65%65" n2="%E3%81%A4%E3%81%A3%E3%81%B1%E3%82%8A%E3%83%9D%E3%83%BC%E3%83%AB" n3="%E6%A1%9C%E8%8A%B1%E9%96%83%E3%80%85" dan="16,16,17,17" rate="2146.07,2041.25,2180.02,2260.61" sx="M,F,M,M"/><TAIKYOKU oya="0"/><INIT seed="0,0,0,5,3,51" ten="250,250,250,250" oya="0" hai0="78,34,45,44,46,126,5,17,108,1,15,14,66" hai1="102,72,0,31,131,135,82,79,98,121,48,74,20" hai2="130,37,2,85,21,27,93,128,59,110,3,50,94" hai3="83,10,42,103,97,8,73,11,113,24,119,13,133"/><T107/><D34/><U124/><E121/><V95/><F37/><W77/><G113/><T105/><D126/><U28/><E124/><V109/><F85/><W23/><G133/><T12/><D1/><N who="2" m="10" /><F50/><W32/><G119/><T123/><D5/><U67/><E72/><V41/><F59/><W90/><G90/><T68/><D123/><U38/><E135/><V122/><F41/><W55/><G42/><T100/><D78/><U9/><E38/><V25/><F122/><W87/><G32/><T65/><D68/><U70/><E131/><N who="2" m="50219" /><F21/><W127/><G127/><T53/><D100/><U33/><E20/><V84/><F84/><W49/><G73/><T125/><D125/><U18/><E48/><V47/><F47/><N who="3" m="28095" /><G97/><T57/><D17/><U56/><E18/><V81/><F81/><W99/><G99/><T92/><D92/><U88/><E98/><V26/><AGARI ba="0,0" hai="25,26,27,93,94,95,109,110" m="50219,10" machi="26" ten="40,5200,0" yaku="28,2,19,1" doraHai="51" who="2" fromWho="2" sc="250,-26,250,-13,250,52,250,-13" /><INIT seed="1,0,0,2,3,95" ten="224,237,302,237" oya="1" hai0="30,77,35,102,52,119,89,50,78,91,104,118,1" hai1="45,59,134,128,84,10,81,106,34,54,15,20,31" hai2="108,37,101,67,103,132,42,99,129,80,11,7,48" hai3="27,117,68,127,14,105,46,107,72,28,17,69,93"/><U21/><E106/><V8/><F37/><W55/><G117/><T120/><D1/><U76/><E134/><V23/><F132/><W124/><G72/><T33/><D120/><U13/><E128/><V29/><F129/><W131/><G131/><T109/><D30/><U88/><E45/><N who="2" m="25655" /><F108/><W56/><G46/><T66/><D66/><U12/><E10/><N who="2" m="3627" /><F7/><W130/><G93/><T73/><D73/><U115/><E115/><V87/><F67/><W49/><G17/><T5/><D5/><U110/><E110/><V86/><F99/><W22/><G14/><T112/><D109/><U2/><E2/><V75/><F75/><W32/><G32/><T79/><D112/><U6/><E6/><V44/><F44/><W74/><G74/><T36/><D36/><U82/><E34/><V70/><F70/><N who="3" m="27243" /><G130/><T60/><D33/><U100/><E100/><N who="2" m="38475" /><F80/><W47/><G47/><T125/><D35/><U38/><E38/><V25/><AGARI ba="0,0" hai="23,25,29,86,87" m="38475,3627,25655" machi="25" ten="30,1100,0" yaku="8,1" doraHai="95" who="2" fromWho="2" sc="224,-3,237,-5,302,11,237,-3" /><INIT seed="2,0,0,3,2,35" ten="221,232,313,234" oya="2" hai0="76,121,118,43,5,9,70,67,0,92,27,66,99" hai1="30,96,68,75,2,89,115,93,24,83,13,132,25" hai2="134,42,16,95,117,105,65,116,63,113,21,34,78" hai3="127,98,36,39,94,23,58,1,8,84,79,4,19"/><V59/><F105/><W106/><G127/><T61/><D121/><U80/><E115/><V108/><F34/><W11/><G58/><T26/><D118/><U69/><E2/><V86/><F113/><W123/><G123/><T18/><D67/><U135/><E13/><V52/><F108/><W114/><G114/><T111/><D111/><U74/><E80/><V32/><F32/><W53/><G53/><T56/><D70/><N who="1" m="27243" /><E83/><V40/><F134/><N who="1" m="51241" /><E25/><N who="2" m="14503" /><F117/><W46/><G11/><T128/><D128/><U10/><E10/><V48/><F116/><W51/><G79/><T107/><D107/><U28/><E24/><V33/><F33/><W54/><G84/><T44/><D76/><U55/><E55/><V110/><F110/><W104/><G104/><T29/><D29/><AGARI ba="0,0" hai="28,29,30,74,75,89,93,96" m="51241,27243" machi="29" ten="30,1000,0" yaku="20,1" doraHai="35" who="1" fromWho="0" sc="221,-10,232,10,313,0,234,0" /><INIT seed="3,0,0,4,2,117" ten="211,242,313,234" oya="3" hai0="50,60,90,36,106,119,74,2,57,126,110,27,5" hai1="95,12,71,20,69,49,102,52,53,128,131,64,89" hai2="114,7,39,112,33,84,130,91,94,99,103,118,3" hai3="34,97,121,48,133,127,55,61,4,98,14,109,44"/><W72/><G72/><T115/><D119/><U0/><E0/><V120/><F118/><W40/><G34/><T63/><D115/><U93/><E102/><V87/><F33/><W77/><G127/><T42/><D126/><U79/><E79/><V86/><F39/><W105/><G133/><T70/><D106/><U75/><E75/><V113/><F7/><W30/><G30/><T45/><D74/><U80/><E80/><V28/><F28/><W1/><G1/><T78/><D78/><U9/><E20/><V41/><F41/><W88/><G121/><T65/><D110/><U19/><E95/><N who="2" m="58879" /><F3/><W100/><G77/><T135/><D135/><U66/><E71/><V132/><F132/><W129/><G129/><N who="1" m="49738" /><E69/><V134/><F130/><W104/><G109/><T122/><D122/><U18/><E18/><V38/><F38/><W23/><G104/><T107/><D107/><U21/><E9/><V83/><F134/><W73/><G73/><T82/><D5/><U43/><E43/><V32/><F32/><W31/><G61/><T108/><D2/><U62/><E62/><V58/><F58/><W81/><G55/><N who="1" m="21066" /><E49/><V67/><F120/><W25/><G81/><T37/><D108/><U123/><E123/><V15/><F15/><W11/><G98/><AGARI ba="0,0" hai="12,19,21,64,66,89,93,98" m="21066,49738" machi="98" ten="30,2000,0" yaku="19,1,54,1" doraHai="117" who="1" fromWho="3" sc="211,0,242,20,313,0,234,-20" owari="211,-28.9,262,6.2,313,41.3,214,-18.6" /></mjloggm>