<mjloggm ver="2.3"><GO type="225" lobby="0"/><UN n0="%E3%83%96%E3%83%83%E3%83%91%E3%82%AA%E3%83%96%E3%83%81%E3%82%AD%E3%83%B3" n1="%E9%B3%B3%E6%9D%B1%E3%81%AE%E3%81%86%E3%81%95%E3%81%8E%E3%81%95%E3%82%93" n2="%E3%82%A2%E3%82%A4%E3%82%B9%E3%83%86%E3%82%A3%E3%83%BC%E3%81%82%E3%81%B9" n3="%E3%81%AF%E3%82%88%E3%81%8A%E3%81%98%E3%81%95%E3%82%93" dan="16,17,16,17" rate="2122.37,2192.36,2070.70,2156.79" sx="M,M,M,M"/><TAIKYOKU oya="0"/><INIT seed="0,0,0,1,1,32" ten="250,250,250,250" oya="0" hai0="27,35,18,12,111,133,65,101,122,125,87,128,1" hai1="80,83,76,71,89,44,11,100,117,9,38,23,54" hai2="86,29,99,126,4,107,0,66,113,64,132,104,63" hai3="48,14,95,3,88,7,43,84,106,69,57,28,56"/><T75/><D122/><U129/><E117/><V41/><F113/><W115/><G115/><T123/><D123/><U62/><E129/><V49/><F29/><W119/><G119/><T131/><D75/><U130/><E130/><N who="0" m="49705" /><D133/><U96/><E89/><V105/><F132/><W20/><G69/><T67/><D125/><U114/><E114/><V81/><F126/><W30/><G106/><T85/><D101/><U13/><E23/><V19/><F19/><N who="3" m="10359" /><G3/><T26/><D1/><U82/><E76/><V92/><F41/><W60/><G7/><T24/><D35/><U8/><E38/><V68/><F64/><N who="0" m="24650" /><D111/><U21/><E71/><V90/><F49/><W102/><G102/><T73/><D73/><U37/><E37/><V42/><F42/><W97/><G97/><T103/><D103/><U93/><E21/><AGARI ba="0,0" hai="12,18,21,24,26,27,85,87" m="24650,49705" machi="21" ten="30,1500,0" yaku="19,1" doraHai="32" who="0" fromWho="1" sc="250,15,250,-15,250,0,250,0" /><INIT seed="0,1,0,2,5,56" ten="265,235,250,250" oya="0" hai0="4,78,79,110,50,26,73,32,67,111,1,2,63" hai1="8,52,42,66,54,76,43,71,37,38,72,80,25" hai2="39,41,102,7,40,84,31,14,121,19,108,68,130" hai3="75,10,100,23,34,106,97,93,3,92,94,77,45"/><T57/><D73/><U16/><E42/><V87/><F108/><N who="0" m="41514" /><D50/><U131/><E131/><V101/><F121/><W0/><G34/><T132/><D132/><U46/><E38/><V112/><F68/><W21/><G45/><T69/><D69/><U124/><E124/><V109/><F112/><W89/><G89/><T95/><D95/><U59/><E71/><V122/><F122/><W118/><G118/><T65/><D65/><U55/><E66/><V5/><F39/><W91/><G91/><T117/><D117/><U128/><E128/><V61/><F31/><W74/><G74/><T90/><D90/><U99/><E99/><V44/><F109/><W15/><G77/><N who="0" m="29195" /><D4/><U18/><E8/><V51/><F41/><W125/><G75/><T11/><D11/><U12/><E12/><V17/><F130/><W35/><G125/><T113/><D113/><U133/><E133/><V6/><F14/><W88/><G88/><T62/><D62/><U129/><E129/><V30/><F61/><W27/><G15/><T127/><D127/><U9/><E9/><V104/><F7/><W105/><G106/><T120/><D120/><U36/><E36/><V53/><F104/><W114/><G114/><T81/><D81/><U20/><E18/><V82/><F82/><W13/><G13/><T24/><D24/><U103/><E103/><V60/><F6/><W64/><G64/><T135/><D135/><U126/><E126/><V119/><F5/><W115/><G115/><T107/><D107/><U49/><AGARI ba="1,0" hai="16,20,25,37,43,46,49,52,54,55,59,72,76,80" machi="49" ten="20,5200,0" yaku="0,1,7,1,54,2" doraHai="56" who="1" fromWho="1" sc="265,-27,235,55,250,-14,250,-14" /><INIT seed="1,0,0,1,2,78" ten="238,290,236,236" oya="1" hai0="112,66,47,61,56,8,114,80,64,124,9,59,57" hai1="46,4,115,38,41,23,82,58,118,25,21,63,69" hai2="130,10,120,70,92,27,45,95,116,98,29,71,86" hai3="123,11,128,94,121,65,85,53,90,32,15,16,5"/><U37/><E115/><V42/><F120/><W103/><G128/><T102/><D124/><U84/><E84/><V49/><BYE who="1" /><F116/><W35/><G65/><N who="0" m="39079" /><D112/><U6/><E6/><V24/><F130/><UN n1="%E9%B3%B3%E6%9D%B1%E3%81%AE%E3%81%86%E3%81%95%E3%81%8E%E3%81%95%E3%82%93" /><W110/><G110/><T43/><D114/><U51/><E118/><V36/><F10/><N who="0" m="4202" /><D102/><U101/><E69/><V54/><F86/><W87/><G103/><T105/><D105/><U68/><E4/><V77/><F77/><W55/><G121/><T79/><D79/><U107/><E68/><V122/><F24/><W81/><G123/><T28/><D28/><U89/><E101/><V22/><F95/><W62/><G32/><T12/><D80/><U74/><E107/><V30/><F29/><W93/><G35/><T88/><D12/><U14/><E14/><V40/><F40/><W108/><G108/><T125/><D125/><U3/><E3/><V1/><F1/><W34/><G34/><T99/><D66/><U60/><E74/><V135/><F135/><W104/><G104/><T72/><D64/><U132/><E38/><V19/><F30/><W13/><G62/><N who="1" m="23594" /><E25/><V129/><F129/><W111/><G111/><T76/><D72/><U113/><E132/><V0/><F0/><W109/><G109/><T67/><D67/><U75/><E113/><V20/><F22/><N who="1" m="8201" /><E75/><V52/><F122/><W44/><G94/><N who="0" m="56775" /><D76/><U126/><E126/><V133/><F133/><W18/><G15/><T26/><D26/><U7/><E7/><V131/><F131/><W31/><G31/><T33/><D33/><U48/><E37/><V50/><F36/><W127/><G127/><RYUUKYOKU ba="0,0" sc="238,30,290,-10,236,-10,236,-10" hai0="43,47,57,59" /><INIT seed="2,1,0,5,4,34" ten="268,280,226,226" oya="2" hai0="69,39,109,57,62,31,20,84,105,17,61,125,25" hai1="54,116,131,76,100,46,123,83,132,93,47,42,106" hai2="16,107,126,48,91,6,22,119,50,1,18,113,129" hai3="95,59,102,36,37,79,74,38,32,23,72,97,27"/><V82/><F119/><W19/><G79/><T90/><D109/><U56/><E116/><V87/><F113/><W41/><G41/><T135/><D125/><U134/><E106/><V7/><F126/><W117/><G117/><T128/><D135/><N who="1" m="51755" /><E131/><V81/><F129/><W13/><G32/><T114/><D128/><U10/><E123/><V130/><F107/><W3/><G3/><T111/><D114/><U101/><E10/><V99/><F130/><W45/><G45/><N who="1" m="16906" /><E93/><N who="2" m="56767" /><F1/><W29/><REACH who="3" step="1"/><G59/><REACH who="3" ten="268,280,226,216" step="2"/><T78/><D57/><U85/><E42/><V96/><F7/><W98/><G98/><T120/><D111/><U89/><E76/><N who="2" m="46503" /><F6/><W94/><G94/><T68/><D78/><U118/><E118/><V104/><F104/><W92/><G92/><T133/><D105/><U2/><E2/><V124/><F124/><W71/><G71/><T127/><D69/><U0/><E0/><V33/><F33/><W55/><G55/><T67/><D68/><U73/><E73/><V35/><F35/><W112/><G112/><T110/><D127/><U26/><E54/><V8/><F96/><W115/><G115/><T77/><D133/><U44/><E44/><V30/><F82/><W40/><G40/><T66/><D110/><U88/><E56/><V108/><F108/><W122/><G122/><T12/><D120/><U14/><E83/><V53/><F53/><W51/><G51/><N who="2" m="19497" /><F8/><W63/><G63/><N who="0" m="24075" /><D77/><U86/><E86/><V103/><F103/><W60/><G60/><T28/><D39/><U75/><E75/><V70/><F70/><W11/><AGARI ba="1,1" hai="11,13,19,23,27,29,36,37,38,72,74,95,97,102" machi="11" ten="30,4000,0" yaku="1,1,0,1,53,1" doraHai="34" doraHaiUra="24" who="3" fromWho="3" sc="268,-11,280,-11,226,-21,216,53" /><INIT seed="3,0,0,5,3,85" ten="257,269,205,269" oya="3" hai0="79,119,6,56,81,48,39,72,13,133,55,17,31" hai1="64,20,65,34,32,111,38,114,135,3,18,92,74" hai2="98,22,37,131,116,21,40,58,57,130,47,5,121" hai3="15,110,42,106,29,120,25,97,62,100,103,127,36"/><W67/><G120/><T118/><D133/><U8/><E114/><V95/><F116/><W60/><G127/><T107/><D39/><U104/><E104/><V86/><F121/><W7/><G110/><T90/><D107/><U128/><E74/><V96/><F5/><W54/><G103/><T30/><D6/><U88/><E38/><V23/><F86/><W51/><G36/><T124/><D124/><U63/><E135/><V113/><F113/><W2/><G2/><T93/><D119/><U78/><E78/><V105/><F105/><W59/><G42/><T76/><D76/><U27/><E111/><V69/><F69/><W14/><G62/><T126/><D126/><U52/><E128/><N who="2" m="49195" /><F98/><W12/><G7/><T68/><D68/><U108/><E108/><V91/><AGARI ba="0,0" hai="21,22,23,37,40,47,57,58,91,95,96" m="49195" machi="91" ten="30,2000,0" yaku="19,1,52,1" doraHai="85" who="2" fromWho="2" sc="257,-5,269,-5,205,20,269,-10" /><INIT seed="4,0,0,0,3,49" ten="252,264,225,259" oya="0" hai0="15,64,83,127,36,53,40,24,95,11,67,25,120" hai1="23,118,78,50,115,60,116,8,59,70,6,52,133" hai2="76,57,55,89,56,7,122,43,46,10,123,131,45" hai3="5,66,106,129,86,13,101,107,14,135,58,71,72"/><T29/><D120/><U126/><E133/><V82/><F131/><W20/><G71/><T33/><D127/><U94/><E126/><V119/><F57/><W91/><G72/><T31/><D36/><U51/><E115/><V85/><F119/><W37/><G37/><T0/><D40/><U121/><E121/><V99/><F99/><W108/><G108/><T44/><D0/><U74/><E23/><V73/><F46/><W30/><G135/><T42/><D95/><U98/><E51/><N who="2" m="27071" /><F73/><W54/><G66/><N who="0" m="25131" /><D33/><U18/><E18/><V87/><F87/><W130/><G101/><T105/><D105/><U90/><E70/><V111/><F89/><W48/><G107/><T16/><D83/><U117/><E74/><V21/><F21/><W125/><G106/><T114/><D42/><U134/><E134/><V3/><F3/><W96/><G96/><T81/><D81/><U110/><E110/><V61/><F111/><W77/><G77/><T97/><D97/><U22/><E78/><V100/><F100/><W1/><G1/><T34/><D114/><U102/><E102/><V124/><F124/><W93/><G125/><T63/><D34/><U132/><E132/><V47/><F47/><W12/><G5/><T69/><D69/><U75/><E75/><V28/><F28/><N who="0" m="10826" /><D44/><U35/><E35/><V88/><F88/><W9/><G129/><T2/><D2/><U112/><E112/><V32/><F32/><W103/><G130/><T38/><D38/><U128/><E128/><V39/><F39/><W26/><G103/><T92/><D92/><U62/><E22/><RYUUKYOKU ba="0,0" sc="252,0,264,0,225,0,259,0" hai0="11,15,16,24,25,53,63" hai1="6,8,50,52,59,60,62,90,94,98,116,117,118" hai2="7,10,55,56,61,76,82,85,122,123" hai3="9,12,13,14,20,26,30,48,54,58,86,91,93" /><INIT seed="4,1,0,0,1,27" ten="252,264,225,259" oya="0" hai0="112,5,113,24,74,103,119,12,129,60,95,61,41" hai1="108,98,78,123,46,135,21,2,81,131,59,70,127" hai2="66,44,48,16,22,65,125,77,50,51,43,121,15" hai3="124,1,57,101,47,53,93,40,11,105,80,9,4"/><T120/><D119/><U72/><E70/><V7/><F121/><W39/><G124/><T87/><D120/><U28/><E108/><V76/><F125/><W118/><G118/><T91/><D129/><U23/><E123/><V133/><F133/><W106/><G11/><N who="0" m="4207" /><D74/><U30/><E127/><V42/><F7/><W67/><G67/><T82/><D41/><U52/><E2/><V130/><F130/><W31/><G31/><N who="1" m="11818" /><E72/><V107/><F107/><W14/><G80/><T69/><D24/><U84/><E135/><V132/><F132/><W96/><REACH who="3" step="1"/><G1/><REACH who="3" ten="252,264,225,249" step="2"/><T83/><D83/><U20/><E131/><V117/><F117/><W85/><G85/><T3/><D3/><U114/><E114/><N who="0" m="44137" /><D69/><U116/><E116/><V10/><F10/><W17/><G17/><T128/><D128/><U6/><E6/><V90/><F66/><W54/><G54/><T13/><D82/><U33/><E33/><V109/><F65/><W111/><G111/><T73/><D73/><U56/><E98/><V126/><F126/><W100/><G100/><T102/><D102/><U36/><E36/><V89/><F109/><W19/><G19/><T97/><D103/><U68/><E68/><V79/><REACH who="2" step="1"/><F43/><REACH who="2" ten="252,264,215,249" step="2"/><W62/><AGARI ba="1,2" hai="4,9,14,39,40,47,53,57,62,93,96,101,105,106" machi="62" ten="20,2700,0" yaku="1,1,0,1,7,1,53,0" doraHai="27" doraHaiUra="35" who="3" fromWho="3" sc="252,-14,264,-8,215,-8,249,50" /><INIT seed="5,0,0,3,0,109" ten="238,256,207,299" oya="1" hai0="120,55,102,65,2,3,118,26,115,72,77,38,90" hai1="11,30,10,24,20,45,99,103,70,27,61,57,71" hai2="89,23,58,111,108,76,31,60,110,84,56,128,42" hai3="107,105,125,7,122,43,116,33,78,13,87,117,39"/><U19/><E45/><V124/><F128/><W135/><G33/><T126/><D118/><N who="3" m="45673" /><G122/><T74/><D38/><U92/><E70/><V41/><F124/><W4/><G125/><T127/><D102/><U106/><E71/><V40/><F76/><W100/><G135/><T50/><D65/><U66/><REACH who="1" step="1"/><E106/><REACH who="1" ten="238,246,207,299" step="2"/><V121/><F121/><W34/><G107/><T129/><D127/><U59/><E59/><V95/><REACH who="2" step="1"/><F60/><REACH who="2" ten="238,246,197,299" step="2"/><W5/><G78/><T54/><D126/><U97/><E97/><V131/><F131/><W91/><G87/><T46/><D77/><U14/><E14/><V29/><F29/><W98/><G13/><T36/><D129/><U96/><E96/><V52/><F52/><W114/><G98/><T32/><D55/><U64/><E64/><V67/><F67/><W47/><G43/><T69/><D54/><U25/><E25/><AGARI ba="0,2" hai="23,25,31,40,41,42,56,58,84,89,95,108,110,111" machi="25" ten="50,1600,0" yaku="1,1,53,0" doraHai="109" doraHaiUra="62" who="2" fromWho="1" sc="238,0,246,-16,197,36,299,0" /><INIT seed="6,0,0,0,1,30" ten="238,230,233,299" oya="2" hai0="112,125,134,11,0,118,67,52,122,18,72,23,32" hai1="40,38,135,133,117,29,77,84,66,25,109,27,70" hai2="75,61,15,35,98,130,5,7,73,17,68,39,120" hai3="51,128,55,87,57,88,119,1,113,31,69,3,115"/><V42/><F120/><W116/><G69/><T10/><D72/><U131/><E109/><V99/><F35/><W91/><G31/><T49/><D122/><U13/><E117/><N who="3" m="45130" /><G91/><T63/><D118/><U59/><E70/><V86/><F39/><W74/><G74/><T41/><D112/><N who="3" m="43081" /><G128/><T103/><D125/><U20/><E131/><V8/><F130/><W108/><G108/><T21/><D134/><U89/><E77/><V19/><F75/><W50/><G51/><T85/><D49/><U107/><E89/><V132/><F73/><W65/><G65/><T97/><D67/><U46/><E29/><V83/><F132/><W47/><G57/><T71/><D71/><U79/><E59/><V58/><F68/><W114/><G114/><T106/><D32/><U93/><E66/><N who="2" m="39223" /><F42/><W22/><G22/><T126/><D23/><U94/><E135/><V54/><F54/><W90/><G90/><T48/><D41/><U4/><E133/><V24/><F99/><W37/><G37/><T127/><D97/><U95/><E38/><V111/><F98/><W96/><G96/><T76/><D52/><U105/><E79/><N who="2" m="46463" /><F111/><W129/><G129/><T101/><D127/><U28/><E84/><V53/><F53/><W43/><G55/><T12/><D85/><U2/><E28/><V56/><F56/><W78/><G78/><T36/><D76/><U123/><E123/><V34/><F34/><W92/><AGARI ba="0,0" hai="1,3,43,47,50,87,88,92" m="43081,45130" machi="92" ten="30,4000,0" yaku="15,1,11,1,54,1" doraHai="30" who="3" fromWho="3" sc="238,-10,230,-10,233,-20,299,40" owari="228,2.8,220,-18.0,213,-28.7,339,43.9" /></mjloggm>