<mjloggm ver="2.3"><GO type="225" lobby="0"/><UN n0="%E6%A1%9C%E8%8A%B1%E9%96%83%E3%80%85" n1="%E3%83%96%E3%83%83%E3%83%91%E3%82%AA%E3%83%96%E3%83%81%E3%82%AD%E3%83%B3" n2="%E6%9C%88%E5%B3%B6%E5%9F%BA" n3="%E7%99%BD%E5%80%89%E5%AF%9B%E4%B9%8B" dan="17,16,17,16" rate="2264.87,2189.72,2173.86,2162.84" sx="M,M,M,M"/><TAIKYOKU oya="0"/><INIT seed="0,0,0,2,0,7" ten="250,250,250,250" oya="0" hai0="70,9,62,30,18,46,121,59,95,58,66,125,88" hai1="22,25,114,26,75,118,80,135,12,39,67,120,71" hai2="133,3,81,53,37,73,16,41,51,68,38,32,31" hai3="34,2,110,108,55,92,119,15,21,83,29,84,104"/><T24/><D121/><U107/><E118/><V44/><F3/><W106/><G2/><T94/><D125/><U8/><E120/><V72/><F68/><W111/><G119/><T27/><D46/><U6/><E39/><V91/><F133/><W129/><G129/><T61/><D95/><U65/><E107/><V99/><F38/><W20/><G92/><T50/><D50/><U57/><E135/><V109/><F109/><W116/><G116/><T43/><D43/><U11/><E114/><V33/><F31/><W69/><G69/><T4/><D18/><N who="1" m="10567" /><E71/><V98/><F33/><W113/><G113/><T74/><D74/><U76/><E75/><V23/><F32/><W56/><G34/><T42/><D42/><U1/><E1/><V77/><F91/><N who="3" m="51615" /><G21/><T130/><D130/><U17/><E6/><V89/><F89/><W105/><G29/><T63/><D63/><N who="1" m="38127" /><E67/><V13/><REACH who="2" step="1"/><F73/><REACH who="2" ten="250,250,240,250" step="2"/><W5/><G110/><T103/><D30/><U126/><E126/><V102/><F102/><W49/><G111/><T35/><D103/><U97/><E97/><V82/><F82/><W86/><G108/><T132/><D132/><U47/><E80/><V134/><F134/><W131/><G131/><T45/><D35/><U40/><E76/><V122/><F122/><W128/><G128/><T64/><D70/><U127/><E127/><V112/><F112/><W14/><G86/><N who="0" m="52503" /><D45/><AGARI ba="0,1" hai="13,16,23,37,41,44,45,51,53,72,77,81,98,99" machi="45" ten="30,3900,0" yaku="1,1,7,1,54,1,53,0" doraHai="7" doraHaiUra="96" who="2" fromWho="0" sc="250,-39,250,0,240,49,250,0" /><INIT seed="1,0,0,0,2,91" ten="211,250,289,250" oya="1" hai0="87,16,22,23,32,45,64,58,79,35,113,51,33" hai1="118,65,31,14,127,66,133,63,77,88,8,83,84" hai2="130,111,49,24,62,2,90,0,85,96,71,18,110" hai3="97,132,28,81,94,41,6,48,52,115,12,9,95"/><U70/><E127/><V27/><F130/><W135/><G115/><T69/><D69/><U53/><E133/><N who="3" m="51274" /><G41/><T56/><D113/><U13/><E118/><V15/><F96/><W121/><G121/><T40/><D23/><U59/><E31/><V134/><F49/><W30/><G81/><T124/><D124/><U17/><E70/><V36/><F36/><W38/><G38/><T112/><D112/><U19/><REACH who="1" step="1"/><E77/><REACH who="1" ten="211,240,289,250" step="2"/><V5/><F71/><W21/><G30/><T39/><D79/><U60/><E60/><V34/><F62/><W119/><G119/><T78/><D78/><U106/><E106/><V55/><F134/><W89/><G28/><T131/><D33/><U100/><E100/><V1/><F34/><W68/><G68/><T103/><D103/><U44/><E44/><V122/><F122/><W104/><G104/><T76/><D35/><U54/><E54/><V92/><F55/><W37/><G52/><N who="0" m="31775" /><D32/><U116/><E116/><V129/><F129/><W99/><G89/><T107/><D107/><U105/><E105/><V20/><F90/><W120/><G120/><T93/><D76/><U109/><E109/><V98/><F110/><W125/><G125/><T4/><D131/><U101/><E101/><V50/><F111/><W3/><G99/><T26/><D58/><U29/><E29/><V82/><F98/><W86/><G97/><T80/><D45/><U25/><E25/><V72/><F27/><W57/><G57/><T108/><D108/><U75/><E75/><V47/><F24/><W10/><G86/><T126/><D87/><U117/><E117/><RYUUKYOKU ba="0,1" sc="211,-10,240,30,289,-10,250,-10" hai1="8,13,14,17,19,53,59,63,65,66,83,84,88" /><INIT seed="1,1,1,5,0,4" ten="201,270,279,240" oya="1" hai0="21,54,16,38,67,106,94,97,51,25,68,74,22" hai1="116,124,7,100,44,34,70,108,12,122,113,56,109" hai2="59,57,76,73,1,125,128,41,92,81,75,2,89" hai3="52,19,96,69,43,105,0,85,95,112,71,14,35"/><U78/><E116/><V131/><F75/><W49/><G0/><N who="2" m="105" /><F41/><W84/><G35/><T66/><D38/><U31/><E113/><V58/><F125/><W47/><G112/><T11/><D106/><U48/><E122/><V101/><F101/><N who="3" m="60575" /><G105/><T53/><D74/><U36/><E70/><V5/><F5/><W24/><G71/><T91/><D68/><U65/><E124/><V80/><F76/><W134/><G69/><T10/><D22/><U13/><E78/><V90/><F73/><W118/><G118/><T42/><D42/><U99/><E36/><V82/><F92/><W62/><G24/><T135/><D135/><U130/><E34/><V28/><F28/><W121/><G134/><T46/><D54/><N who="1" m="29959" /><E31/><V107/><F107/><W18/><G18/><T111/><D111/><N who="1" m="42571" /><E7/><V33/><F33/><W50/><G62/><T3/><REACH who="0" step="1"/><D3/><REACH who="0" ten="191,270,279,240" step="2"/><U72/><E72/><V126/><F126/><W98/><G121/><T119/><D119/><U133/><E133/><V45/><F45/><N who="3" m="27695" /><G98/><T17/><D17/><U9/><E99/><V30/><F30/><W79/><G79/><T123/><D123/><U83/><E65/><AGARI ba="1,2" hai="10,11,16,21,25,46,51,53,65,66,67,91,94,97" machi="65" ten="40,8000,1" yaku="1,1,8,1,52,2,54,1,53,0" doraHai="4" doraHaiUra="127" who="0" fromWho="1" sc="191,103,270,-83,279,0,240,0" /><INIT seed="2,0,0,1,3,2" ten="294,187,279,240" oya="2" hai0="29,44,24,107,97,128,119,95,12,6,130,36,41" hai1="115,39,79,92,108,118,52,43,23,100,25,49,32" hai2="104,124,31,110,135,75,132,27,116,68,72,46,88" hai3="57,73,34,33,126,98,37,84,106,120,127,40,109"/><V112/><F112/><W129/><G73/><T9/><D119/><U89/><E115/><V56/><F116/><W76/><G120/><T17/><D107/><U67/><E118/><V45/><F68/><W55/><G109/><T51/><D36/><U5/><E108/><V103/><F110/><W121/><G121/><T14/><D14/><U74/><E32/><N who="2" m="20607" /><F124/><N who="3" m="47659" /><G129/><N who="0" m="49771" /><D95/><U1/><E100/><V117/><F117/><W82/><G98/><T71/><D97/><U64/><E39/><V4/><F103/><W59/><G106/><T15/><D71/><U111/><E43/><V13/><F104/><W26/><G26/><T22/><D15/><U91/><E111/><V38/><F38/><W63/><G59/><T66/><D66/><N who="1" m="25131" /><E74/><V83/><F56/><W35/><G37/><T11/><D11/><U134/><E134/><N who="2" m="51243" /><F75/><W102/><G102/><T93/><D93/><U78/><E1/><V94/><F83/><N who="3" m="47207" /><G40/><T70/><D70/><U28/><E5/><AGARI ba="0,0" hai="5,6,9,12,17,22,24,29,41,44,51" m="49771" machi="5" ten="30,3900,0" yaku="19,1,52,2" doraHai="2" who="0" fromWho="1" sc="294,39,187,-39,279,0,240,0" /><INIT seed="3,0,0,3,4,50" ten="333,148,279,240" oya="3" hai0="1,128,34,71,132,54,13,95,67,93,81,42,8" hai1="117,9,70,33,76,63,94,11,47,134,130,83,51" hai2="104,125,126,133,22,7,55,86,30,29,73,100,112" hai3="78,46,77,65,43,102,18,82,75,96,113,122,106"/><W60/><G78/><T52/><D1/><U107/><E107/><V69/><F73/><W115/><G18/><T24/><D42/><U124/><E33/><V58/><F112/><W129/><G129/><T2/><D2/><U45/><E130/><V90/><F69/><W135/><G135/><T127/><D128/><U49/><E134/><V101/><F7/><W39/><REACH who="3" step="1"/><G122/><REACH who="3" ten="333,148,279,230" step="2"/><T10/><D132/><U87/><E124/><V84/><F133/><W16/><G16/><T31/><D127/><U0/><E117/><V103/><F126/><W89/><G89/><T53/><D8/><U119/><E119/><V88/><F125/><W19/><G19/><T97/><D10/><U12/><E0/><V41/><F90/><W15/><G15/><T56/><D13/><U28/><E28/><V111/><F30/><W64/><G64/><T72/><D67/><U62/><E70/><AGARI ba="0,1" hai="39,43,46,60,65,70,75,77,82,96,102,106,113,115" machi="70" ten="30,11600,0" yaku="1,1,7,1,23,2,53,0" doraHai="50" doraHaiUra="91" who="3" fromWho="1" sc="333,0,148,-116,279,0,230,126" owari="333,13.3,32,-46.8,279,-12.1,356,45.6" /></mjloggm>