<mjloggm ver="2.3"><GO type="225" lobby="0"/><UN n0="%E6%A1%9C%E8%8A%B1%E9%96%83%E3%80%85" n1="%E5%91%A8%E6%9D%B1" n2="%E3%82%B3%E3%83%90%E3%83%AC%E3%82%A4" n3="%E3%81%8B%E3%82%8F%E3%81%A1%E3%82%83%E3%82%93%35%38" dan="16,17,16,16" rate="2136.99,2144.92,2168.93,2124.07" sx="M,M,M,M"/><TAIKYOKU oya="0"/><INIT seed="0,0,0,4,3,97" ten="250,250,250,250" oya="0" hai0="95,123,116,49,114,94,34,44,105,80,83,10,58" hai1="122,84,18,113,111,74,71,78,54,64,77,134,104" hai2="6,0,25,22,66,112,12,135,7,88,120,98,24" hai3="40,43,31,68,11,106,30,62,14,47,118,63,121"/><T125/><D34/><U91/><E122/><V65/><F120/><W81/><G118/><T119/><D123/><U117/><E113/><V72/><F72/><W100/><G121/><T39/><D39/><U131/><E117/><V33/><F33/><W38/><G43/><T107/><D114/><U9/><E104/><V41/><F41/><W115/><G115/><T32/><D32/><U28/><E74/><V127/><F112/><W52/><G81/><T67/><D125/><U70/><E28/><V132/><F0/><W5/><G62/><T89/><D107/><U85/><E64/><V126/><F98/><W60/><G63/><N who="0" m="38391" /><D105/><U16/><E134/><V45/><F45/><W26/><G68/><T73/><D73/><U86/><E131/><V96/><F96/><W110/><G106/><T133/><D133/><U46/><E71/><V79/><F79/><N who="1" m="30217" /><E70/><V75/><F75/><W15/><G38/><T93/><D116/><U108/><E91/><V3/><F3/><W8/><G40/><N who="0" m="24711" /><D119/><U1/><E1/><V103/><F103/><W69/><G100/><T55/><D10/><U35/><E35/><V13/><F88/><W61/><G69/><T82/><D55/><U128/><E128/><V21/><AGARI ba="0,0" hai="6,7,12,13,21,22,24,25,65,66,126,127,132,135" machi="21" ten="25,3200,0" yaku="0,1,22,2" doraHai="97" who="2" fromWho="2" sc="250,-16,250,-8,250,32,250,-8" /><INIT seed="1,0,0,2,3,35" ten="234,242,282,242" oya="1" hai0="113,89,127,19,0,6,73,10,88,129,36,78,56" hai1="111,45,63,94,75,71,106,70,108,93,103,49,39" hai2="43,3,82,101,110,20,27,50,126,7,74,65,104" hai3="30,31,86,115,85,41,134,37,105,135,128,62,90"/><U124/><E75/><V102/><F126/><W81/><G115/><T16/><D113/><U123/><E123/><V91/><F110/><N who="1" m="42025" /><E39/><V23/><F104/><W64/><G105/><T96/><D127/><U107/><E124/><V54/><F43/><W52/><G128/><T92/><D129/><U125/><E125/><V33/><F33/><W21/><G41/><T99/><D36/><U15/><E15/><V80/><F65/><W61/><G37/><T97/><D56/><U51/><E51/><V2/><F7/><W58/><G21/><T42/><D42/><N who="1" m="24759" /><E63/><V25/><F74/><W100/><G100/><T120/><D120/><U24/><E24/><V28/><F50/><W18/><G18/><T22/><D89/><U60/><E60/><V13/><F13/><W77/><G134/><T131/><D131/><U14/><E14/><V79/><F79/><W117/><G135/><T46/><D46/><U133/><E133/><V68/><F91/><W1/><G117/><T87/><REACH who="0" step="1"/><D22/><REACH who="0" ten="224,242,282,242" step="2"/><U59/><E59/><V29/><F68/><W8/><G64/><T114/><D114/><U122/><E122/><V130/><F130/><W4/><G62/><T76/><D76/><U32/><E32/><V109/><F109/><W66/><REACH who="3" step="1"/><G66/><REACH who="3" ten="224,242,282,232" step="2"/><T116/><D116/><U9/><E70/><V5/><F23/><W95/><AGARI ba="0,2" hai="1,4,8,30,31,52,58,61,77,81,85,86,90,95" machi="95" ten="20,12000,2" yaku="1,1,2,1,0,1,7,1,52,1,54,1,53,0" doraHai="35" doraHaiUra="118" who="3" fromWho="3" sc="224,-30,242,-60,282,-30,232,140" /><INIT seed="2,0,0,4,5,24" ten="194,182,252,372" oya="2" hai0="29,56,117,84,41,25,12,32,73,17,122,45,75" hai1="95,120,68,7,105,97,51,111,23,93,96,2,128" hai2="124,4,78,64,44,85,77,38,28,113,14,16,8" hai3="19,37,109,81,104,55,20,31,54,59,5,33,89"/><V130/><F113/><W57/><G104/><T15/><D122/><U60/><E120/><V63/><F130/><W65/><G37/><T58/><D117/><U132/><E128/><V99/><F124/><W21/><G33/><T69/><D69/><U118/><E118/><V43/><F99/><W131/><G5/><T49/><D84/><U110/><E132/><V76/><F4/><W123/><G65/><T50/><D12/><U6/><E105/><V80/><REACH who="2" step="1"/><F28/><REACH who="2" ten="194,182,242,372" step="2"/><W101/><G31/><T129/><D129/><U114/><E114/><V94/><F94/><W34/><G131/><T79/><D79/><U39/><E95/><V18/><F18/><W126/><G19/><T121/><D121/><U1/><E93/><V83/><F83/><W116/><G81/><T71/><D17/><U61/><E7/><V66/><F66/><W106/><G126/><T10/><D29/><U36/><E6/><V62/><F62/><W35/><G123/><T42/><D75/><U133/><E97/><V27/><F27/><W40/><G106/><T125/><D73/><U108/><E96/><V115/><F115/><W92/><G92/><T67/><D25/><U98/><E98/><V3/><F3/><W112/><G112/><T72/><D72/><U22/><E111/><V47/><F47/><W74/><G109/><T26/><D125/><U135/><E68/><AGARI ba="0,1" hai="8,14,16,38,43,44,63,64,68,76,77,78,80,85" machi="68" ten="30,11600,0" yaku="1,1,7,1,54,1,53,1" doraHai="24" doraHaiUra="13" who="2" fromWho="1" sc="194,0,182,-116,242,126,372,0" /><INIT seed="2,1,0,4,1,101" ten="194,66,368,372" oya="2" hai0="64,79,24,4,131,107,36,3,22,58,10,17,65" hai1="73,51,26,83,84,89,38,125,35,87,2,111,108" hai2="117,114,120,123,20,54,105,122,27,75,133,56,86" hai3="81,68,14,115,76,66,50,106,99,110,62,6,49"/><V5/><F75/><W100/><G110/><T121/><D121/><U127/><E38/><V135/><F117/><W52/><G115/><T57/><D36/><U70/><E70/><V12/><F86/><W96/><G96/><T129/><D79/><U55/><E2/><V134/><F54/><W60/><G6/><T71/><D71/><U82/><E26/><V72/><F72/><W30/><G14/><T43/><D43/><U77/><E35/><V45/><F45/><W98/><G98/><T23/><D107/><U25/><E25/><V34/><F56/><N who="0" m="21610" /><D23/><U109/><E51/><V80/><F80/><W69/><G30/><T8/><D8/><U94/><REACH who="1" step="1"/><E55/><REACH who="1" ten="194,56,368,372" step="2"/><V39/><F39/><W128/><G52/><T112/><D112/><U16/><E16/><N who="2" m="12679" /><F114/><W116/><G68/><T91/><D3/><U32/><E32/><V74/><F74/><W124/><G69/><T53/><D53/><U130/><E130/><V13/><F34/><W40/><G128/><T31/><D17/><U1/><E1/><V104/><F13/><W97/><G50/><T103/><D131/><U92/><E92/><V11/><AGARI ba="1,1" hai="5,11,12,104,105,120,122,123,133,134,135" m="12679" machi="11" ten="40,12000,1" yaku="20,1,52,2,54,1" doraHai="101" who="2" fromWho="2" sc="194,-41,56,-41,368,133,372,-41" /><INIT seed="2,2,0,2,3,90" ten="153,15,501,331" oya="2" hai0="36,1,124,67,42,21,129,37,4,22,102,84,34" hai1="71,116,110,10,87,103,101,30,80,77,109,69,131" hai2="79,31,28,88,82,83,39,72,91,125,92,49,99" hai3="111,70,55,63,127,35,62,19,126,40,29,75,128"/><V132/><F39/><W2/><G75/><T100/><D34/><U78/><E30/><V107/><F125/><N who="3" m="47627" /><G111/><N who="1" m="42506" /><E10/><V81/><F132/><W13/><G2/><T54/><D21/><U96/><E71/><V57/><F107/><W14/><G128/><T108/><D22/><U45/><E45/><V59/><F72/><W66/><G40/><T38/><D54/><U74/><E69/><V86/><F79/><W98/><G98/><T130/><D67/><U51/><E51/><V115/><F115/><W16/><G29/><N who="2" m="11337" /><F49/><W24/><G35/><T76/><D37/><U33/><E33/><V95/><AGARI ba="2,0" hai="57,59,81,82,83,86,88,91,92,95,99" m="11337" machi="95" ten="30,11700,0" yaku="8,1,52,2,54,1" doraHai="90" who="2" fromWho="2" sc="153,-41,15,-41,501,123,331,-41" owari="112,-28.8,-26,-52.6,624,72.4,290,9.0" /></mjloggm>