<mjloggm ver="2.3"><GO type="225" lobby="0"/><UN n0="%E3%83%96%E3%83%83%E3%83%91%E3%82%AA%E3%83%96%E3%83%81%E3%82%AD%E3%83%B3" n1="%E6%9D%B1%E9%A2%A8%E3%81%AE%E3%81%8D%E3%82%83%E3%81%B7%E3%81%95%E3%82%93" n2="%EF%BC%AE%EF%BC%A1%EF%BC%AF%33%33%39" n3="%E3%83%AC%E3%82%A4%E3%83%88%E3%83%B3%E5%87%86%E6%95%99%E6%8E%88" dan="16,16,16,18" rate="2196.52,2133.48,2115.38,2231.63" sx="M,M,M,M"/><TAIKYOKU oya="0"/><INIT seed="0,0,0,3,2,6" ten="250,250,250,250" oya="0" hai0="9,4,114,129,103,110,67,69,126,87,68,45,28" hai1="86,76,135,116,49,61,130,34,92,96,25,101,125" hai2="54,65,24,53,106,104,73,7,29,19,122,108,51" hai3="78,91,115,64,119,77,79,60,100,30,90,1,99"/><T3/><D114/><U27/><E135/><V57/><F73/><W15/><G1/><T40/><D129/><U59/><E125/><V13/><F7/><W52/><G115/><T83/><D126/><U112/><E116/><V36/><F36/><W109/><G119/><T82/><D110/><U85/><E34/><V17/><F65/><W39/><G39/><T133/><D133/><U118/><E130/><V12/><F122/><W2/><G2/><T70/><D103/><U105/><E105/><V88/><F54/><W43/><G43/><T38/><D28/><U22/><E118/><V97/><F108/><W31/><G109/><T81/><REACH who="0" step="1"/><D67/><REACH who="0" ten="240,250,250,250" step="2"/><N who="1" m="39359" /><E112/><V44/><F29/><W46/><G30/><T134/><D134/><U23/><E76/><AGARI ba="0,1" hai="3,4,9,38,40,45,68,69,70,76,81,82,83,87" machi="76" ten="40,3900,0" yaku="1,1,52,1,53,0" doraHai="6" doraHaiUra="93" who="0" fromWho="1" sc="240,49,250,-39,250,0,250,0" /><INIT seed="0,1,0,5,3,38" ten="289,211,250,250" oya="0" hai0="33,133,36,40,76,70,125,130,90,9,24,12,4" hai1="122,63,89,102,17,104,3,121,41,74,118,99,13" hai2="50,14,127,30,94,66,44,73,75,25,115,77,134" hai3="5,21,72,97,79,35,28,57,59,43,22,49,46"/><T53/><D70/><U68/><E3/><V83/><F115/><W86/><G72/><T110/><D125/><U6/><E6/><V106/><F106/><W11/><G35/><T126/><D126/><U8/><E74/><V78/><F127/><W67/><G97/><T129/><D76/><U42/><E118/><V135/><F66/><W100/><G100/><T10/><D53/><U0/><E89/><V103/><F14/><N who="3" m="5487" /><G67/><T51/><D51/><U120/><REACH who="1" step="1"/><E0/><REACH who="1" ten="289,201,250,250" step="2"/><V82/><F103/><W29/><G29/><N who="0" m="19623" /><D90/><U7/><E7/><V85/><F75/><W64/><G28/><T123/><D4/><U119/><E119/><V34/><F73/><W113/><G113/><T109/><D123/><U55/><E55/><V71/><F30/><W80/><G64/><AGARI ba="1,1" hai="8,13,17,41,42,63,64,68,99,102,104,120,121,122" machi="64" ten="40,5200,0" yaku="1,1,52,2,53,0" doraHai="38" doraHaiUra="108" who="1" fromWho="3" sc="289,0,201,65,250,0,250,-55" /><INIT seed="1,0,0,3,4,77" ten="289,266,250,195" oya="1" hai0="87,115,65,80,125,66,89,25,92,79,46,38,84" hai1="102,107,108,120,14,39,10,93,19,47,86,37,135" hai2="105,134,123,4,6,21,70,50,36,104,41,112,129" hai3="90,75,18,1,69,28,127,45,40,15,51,13,118"/><U122/><E108/><V26/><F123/><W23/><G127/><T63/><D125/><U22/><E135/><V100/><F70/><W96/><G1/><T124/><D124/><U17/><E107/><V8/><F36/><W72/><G118/><T76/><D115/><U49/><E37/><V7/><F134/><W24/><G69/><T62/><D38/><U91/><E102/><V2/><F112/><W74/><G90/><N who="0" m="51463" /><D46/><U3/><E39/><V53/><F41/><W113/><G113/><T12/><D25/><U20/><E3/><V55/><F55/><W5/><G5/><T95/><D12/><U119/><E119/><V94/><F7/><W101/><REACH who="3" step="1"/><G28/><REACH who="3" ten="289,266,250,185" step="2"/><T59/><D95/><AGARI ba="0,1" hai="13,15,18,23,24,40,45,51,72,74,75,95,96,101" machi="95" ten="40,5200,0" yaku="1,1,2,1,53,1" doraHai="77" doraHaiUra="16" who="3" fromWho="0" sc="289,-52,266,0,250,0,185,62" /><INIT seed="2,0,0,3,3,23" ten="237,266,250,247" oya="2" hai0="68,96,42,90,125,115,35,47,7,9,103,113,72" hai1="124,52,28,57,82,20,51,111,61,26,19,128,5" hai2="77,63,92,36,43,8,21,17,45,3,4,15,34" hai3="129,76,108,56,30,10,94,29,65,105,130,93,116"/><V131/><F131/><N who="3" m="50187" /><G116/><T119/><D119/><U84/><E124/><V44/><F44/><W81/><G105/><N who="0" m="63719" /><D90/><N who="1" m="51479" /><E111/><V98/><F63/><N who="3" m="38119" /><G108/><T62/><D125/><U41/><E128/><V25/><F77/><W58/><G58/><T46/><D46/><N who="1" m="26063" /><E5/><V123/><F123/><W102/><G10/><T66/><D72/><U74/><E74/><V133/><F133/><W67/><G67/><T55/><D55/><U16/><AGARI ba="0,0" hai="16,19,20,26,28,52,57,61" m="26063,51479" machi="16" ten="30,7900,0" yaku="8,1,52,1,54,2" doraHai="23" who="1" fromWho="1" sc="237,-20,266,79,250,-39,247,-20" /><INIT seed="3,0,0,4,5,4" ten="217,345,211,227" oya="3" hai0="128,21,117,97,87,82,105,27,39,74,89,48,63" hai1="14,73,1,7,18,28,35,130,45,64,114,36,47" hai2="66,84,122,116,3,37,20,2,41,131,120,124,104" hai3="12,94,81,56,43,119,53,23,10,60,52,31,108"/><W118/><G108/><T33/><D117/><U111/><E73/><V90/><F116/><W93/><G43/><T77/><D39/><U5/><E64/><V126/><F104/><W88/><G118/><T46/><D128/><U95/><E95/><N who="2" m="54727" /><F66/><W15/><G119/><T115/><D115/><U132/><E7/><V59/><F59/><W121/><G121/><N who="2" m="46697" /><F131/><W83/><G53/><T75/><D33/><U68/><E36/><V24/><F41/><W62/><G62/><T44/><D63/><U40/><E45/><V49/><F49/><W110/><G93/><N who="0" m="54463" /><D74/><U0/><E28/><N who="2" m="17415" /><F37/><W42/><G42/><T58/><D58/><U8/><E68/><V38/><F38/><W70/><G70/><T51/><D51/><U54/><E40/><V67/><F67/><W72/><G72/><T76/><D48/><U96/><E111/><V6/><F6/><N who="3" m="3159" /><G110/><T103/><D77/><U127/><E130/><V112/><F112/><W86/><G31/><AGARI ba="0,0" hai="21,27,31,44,46,75,76,82,97,103,105" m="54463" machi="31" ten="30,1000,0" yaku="24,1" doraHai="4" who="0" fromWho="3" sc="217,10,345,0,211,0,227,-10" owari="227,2.7,345,44.5,211,-28.9,217,-18.3" /></mjloggm>