<mjloggm ver="2.3"><GO type="225" lobby="0"/><UN n0="%E3%83%A9%E3%82%B9%E7%8E%87%EF%BC%93%E5%89%B2" n1="%6D%69%73%74%6F%6C%74%32" n2="%E3%81%94%E3%81%BE%E6%B2%B9%E9%A3%B2%E3%81%BF%E5%A4%AA%E9%83%8E" n3="%E3%83%96%E3%83%83%E3%83%91%E3%82%AA%E3%83%96%E3%83%81%E3%82%AD%E3%83%B3" dan="16,16,16,16" rate="2191.46,2041.28,2105.16,2125.48" sx="F,M,M,M"/><TAIKYOKU oya="0"/><INIT seed="0,0,0,3,0,40" ten="250,250,250,250" oya="0" hai0="91,98,14,113,52,79,49,0,74,46,108,60,133" hai1="19,50,37,10,65,31,16,112,32,119,72,107,64" hai2="127,57,41,61,95,100,115,117,29,71,96,6,86" hai3="70,12,134,25,63,89,53,106,102,9,118,99,58"/><T104/><D0/><U15/><E119/><V82/><F115/><W92/><G134/><T103/><D113/><U90/><E112/><V87/><F127/><W24/><G118/><T43/><D133/><U4/><E37/><V21/><F71/><W116/><G70/><T123/><D123/><U20/><E107/><V114/><F114/><W131/><G131/><T23/><D108/><U129/><E72/><V56/><F6/><W110/><G110/><T130/><D130/><U22/><E129/><V84/><F117/><W59/><G116/><T75/><D79/><U3/><E90/><V26/><F41/><W85/><REACH who="3" step="1"/><G59/><REACH who="3" ten="250,250,250,240" step="2"/><N who="2" m="22601" /><F61/><W48/><G48/><T83/><D60/><U11/><E50/><V88/><AGARI ba="0,1" hai="21,26,29,82,84,86,87,88,95,96,100" m="22601" machi="88" ten="30,2000,0" yaku="8,1,54,1" doraHai="40" who="2" fromWho="2" sc="250,-10,250,-5,250,30,240,-5" /><INIT seed="1,0,0,1,4,8" ten="240,245,280,235" oya="1" hai0="68,49,0,21,13,79,78,125,108,134,39,115,128" hai1="80,31,87,27,116,11,98,19,66,28,64,100,73" hai2="1,91,65,112,25,59,53,121,104,4,57,45,2" hai3="3,47,33,75,131,42,109,85,34,76,44,74,32"/><U88/><E116/><V83/><F121/><W38/><G109/><T71/><D0/><U41/><E73/><V92/><F104/><W43/><G131/><T9/><D39/><U15/><E41/><V127/><F127/><W58/><G3/><T124/><D115/><U111/><E111/><V16/><F45/><W135/><G135/><T12/><D108/><U35/><REACH who="1" step="1"/><E31/><REACH who="1" ten="240,235,280,235" step="2"/><V89/><F112/><W96/><G74/><T97/><D125/><U7/><E7/><V63/><F4/><W103/><G75/><T122/><D124/><U107/><AGARI ba="0,1" hai="11,15,19,27,28,35,64,66,80,87,88,98,100,107" machi="107" ten="20,18000,2" yaku="1,1,0,1,7,1,52,1,54,1,53,2" doraHai="8" doraHaiUra="61" who="1" fromWho="1" sc="240,-60,235,190,280,-60,235,-60" /><INIT seed="1,1,0,0,2,26" ten="180,425,220,175" oya="1" hai0="79,95,55,4,135,61,48,56,78,2,36,46,1" hai1="84,37,60,43,133,63,119,123,70,32,38,122,41" hai2="15,109,125,83,51,77,87,8,62,45,50,111,66" hai3="12,97,42,96,49,71,113,54,131,13,116,29,104"/><U0/><E0/><V115/><F125/><W57/><G113/><T35/><D135/><U14/><E32/><V101/><F101/><W64/><G131/><T73/><D35/><U68/><E14/><N who="3" m="5738" /><G104/><T88/><D36/><U6/><E84/><V53/><F51/><W127/><G71/><T93/><D93/><U90/><E90/><V80/><F80/><W16/><G127/><T106/><D106/><U31/><E31/><V25/><F25/><W23/><G64/><T40/><D73/><U103/><E6/><V107/><F107/><W59/><G59/><T91/><D91/><U33/><E33/><V21/><F21/><W132/><G132/><T86/><REACH who="0" step="1"/><D4/><REACH who="0" ten="170,425,220,175" step="2"/><U17/><E133/><V22/><F115/><W105/><G105/><T110/><D110/><U134/><E134/><V99/><F111/><W19/><G116/><T28/><D28/><U108/><E108/><V82/><F109/><W10/><G42/><T69/><D69/><U27/><E119/><V52/><F8/><W44/><G29/><T75/><D75/><U100/><E17/><N who="3" m="6730" /><G10/><T94/><D94/><U76/><E27/><V126/><F126/><W92/><G92/><T18/><D18/><U118/><E118/><V67/><F82/><W65/><G23/><T112/><D112/><U121/><E123/><V117/><F22/><W3/><G3/><AGARI ba="1,1" hai="1,2,3,40,46,48,55,56,61,78,79,86,88,95" machi="3" ten="40,8000,1" yaku="1,1,54,1,53,3" doraHai="26" doraHaiUra="34" who="0" fromWho="3" sc="170,93,425,0,220,0,175,-83" /><INIT seed="2,0,0,1,2,59" ten="263,425,220,92" oya="2" hai0="92,129,126,130,75,120,47,110,97,11,125,118,78" hai1="128,46,94,113,42,68,87,70,34,9,117,106,50" hai2="98,83,0,6,86,108,124,116,71,84,49,114,54" hai3="8,43,77,74,51,17,79,32,37,65,55,99,123"/><V25/><F114/><W33/><G123/><T45/><D120/><U112/><E106/><V82/><F116/><W52/><G65/><T5/><D118/><U104/><E104/><V80/><F124/><N who="0" m="47722" /><D110/><U20/><E34/><V119/><F119/><W101/><G33/><T105/><D105/><U69/><E117/><V19/><F71/><W41/><G32/><T2/><D78/><N who="3" m="29705" /><G74/><T66/><D66/><U76/><E20/><V14/><F0/><W31/><G31/><T100/><D75/><U122/><E128/><AGARI ba="0,0" hai="2,5,11,45,47,92,97,100,128,129,130" m="47722" machi="128" ten="30,2000,0" yaku="19,1,18,1" doraHai="59" who="0" fromWho="1" sc="263,20,425,-20,220,0,92,0" /><INIT seed="3,0,0,4,1,20" ten="283,405,220,92" oya="3" hai0="39,21,101,110,35,40,6,130,58,80,121,109,104" hai1="52,100,124,15,120,88,119,10,46,48,73,11,133" hai2="13,32,53,122,71,113,112,115,106,25,67,131,0" hai3="43,59,78,51,49,24,66,87,61,86,62,14,127"/><W23/><G127/><T105/><D35/><U2/><E73/><V97/><F0/><W3/><G3/><T91/><D121/><U44/><E100/><N who="2" m="62735" /><F131/><W65/><G14/><T111/><D130/><U118/><E11/><V54/><F13/><W68/><G43/><T96/><D6/><U79/><E44/><V31/><F122/><W84/><REACH who="3" step="1"/><G78/><REACH who="3" ten="283,405,220,82" step="2"/><T85/><D40/><N who="1" m="24647" /><E79/><V95/><F115/><W16/><AGARI ba="0,1" hai="16,23,24,49,51,59,61,62,65,66,68,84,86,87" machi="16" ten="30,18000,2" yaku="1,1,0,1,52,1,54,1,53,3" doraHai="20" doraHaiUra="82" who="3" fromWho="3" sc="283,-60,405,-60,220,-60,82,190" /><INIT seed="3,1,0,3,0,66" ten="223,345,160,272" oya="3" hai0="103,42,10,41,134,9,25,82,124,7,81,104,130" hai1="39,38,34,93,97,11,15,8,57,120,14,13,62" hai2="6,46,78,70,118,95,55,100,113,47,89,88,110" hai3="105,28,49,91,125,24,119,75,58,72,16,0,20"/><W59/><G119/><T12/><D130/><U98/><E34/><V116/><F113/><W131/><G105/><T126/><D134/><U106/><E120/><V44/><F70/><W52/><G131/><T133/><D133/><U68/><E68/><V1/><F78/><W112/><G112/><T22/><D103/><U61/><E106/><V71/><F71/><W117/><G117/><T32/><D32/><U4/><E15/><V123/><F110/><W26/><G125/><N who="0" m="48235" /><D104/><U23/><E23/><V43/><F43/><N who="0" m="16394" /><D10/><U90/><E98/><V18/><F123/><W69/><G69/><T77/><D77/><U65/><E62/><V122/><F122/><W94/><G59/><T35/><D35/><U56/><E57/><V83/><F100/><W92/><G0/><T29/><AGARI ba="1,0" hai="7,9,12,22,25,29,81,82" m="16394,48235" machi="29" ten="30,1100,0" yaku="18,1" doraHai="66" who="0" fromWho="0" sc="223,14,345,-4,160,-4,272,-6" owari="237,-16.3,341,44.1,156,-34.4,266,6.6" /></mjloggm>