<mjloggm ver="2.3"><GO type="225" lobby="0"/><UN n0="%E3%81%BF%E3%81%BF%E3%81%9A" n1="%E3%83%96%E3%83%83%E3%83%91%E3%82%AA%E3%83%96%E3%83%81%E3%82%AD%E3%83%B3" n2="%E3%83%A9%E3%82%B9%E7%8E%87%EF%BC%93%E5%89%B2" n3="%E9%B3%B4%E8%8C%B6" dan="18,16,17,16" rate="2215.69,2202.79,2207.22,2089.72" sx="M,M,F,M"/><TAIKYOKU oya="0"/><INIT seed="0,0,0,1,5,65" ten="250,250,250,250" oya="0" hai0="53,8,21,69,11,125,95,23,10,111,74,130,7" hai1="83,72,40,78,98,81,129,54,103,123,51,45,12" hai2="15,60,107,96,110,63,109,84,93,91,13,27,55" hai3="80,24,87,62,30,100,99,90,52,44,38,94,114"/><T124/><D74/><U102/><E123/><V104/><F27/><W82/><G114/><T89/><D130/><U39/><E129/><V36/><F36/><W128/><G128/><T97/><D111/><N who="2" m="42506" /><F55/><W57/><G38/><T46/><D7/><U88/><E12/><N who="2" m="4683" /><F84/><W68/><G44/><T71/><D53/><U6/><E6/><V86/><F86/><W59/><G57/><T106/><D106/><AGARI ba="0,0" hai="60,63,91,93,96,104,106,107" m="4683,42506" machi="106" ten="30,1000,0" yaku="14,1" doraHai="65" who="2" fromWho="0" sc="250,-10,250,0,250,10,250,0" /><INIT seed="1,0,0,5,0,5" ten="240,250,260,250" oya="1" hai0="84,119,68,76,67,25,38,46,15,21,74,108,31" hai1="11,18,131,40,3,2,44,94,32,125,29,81,27" hai2="26,130,13,24,113,123,72,71,53,99,105,56,48" hai3="55,102,78,77,124,64,70,61,30,62,95,122,47"/><U134/><E134/><V83/><F123/><W65/><G122/><T69/><D119/><U132/><E132/><V73/><F71/><W92/><G124/><T20/><D74/><U115/><E115/><V75/><F113/><W37/><G30/><T118/><D118/><U39/><E125/><V109/><F109/><W19/><G19/><T111/><D76/><U42/><E131/><V6/><F83/><W101/><G37/><T100/><D100/><U98/><E42/><V0/><F0/><W63/><G47/><T112/><D84/><U52/><E81/><V80/><F80/><W87/><G70/><T89/><D89/><U96/><E52/><V43/><F43/><W33/><G33/><T34/><D112/><U8/><E98/><V22/><F130/><W86/><G62/><N who="0" m="40055" /><D69/><U85/><E85/><V116/><F116/><W12/><G12/><T50/><D15/><U23/><E2/><V7/><F105/><W54/><AGARI ba="0,0" hai="54,55,61,63,64,65,77,78,86,87,92,95,101,102" machi="54" ten="25,6400,0" yaku="0,1,22,2,8,1" doraHai="5" who="3" fromWho="3" sc="240,-16,250,-32,260,-16,250,64" /><INIT seed="2,0,0,5,4,38" ten="224,218,244,314" oya="2" hai0="117,100,97,31,101,43,55,126,83,6,1,95,72" hai1="63,112,134,118,65,47,124,56,104,135,48,54,96" hai2="46,86,37,121,90,57,64,98,128,127,28,10,102" hai3="87,105,19,22,68,133,106,122,35,36,73,21,67"/><V45/><F121/><W93/><G73/><T113/><D113/><U92/><E112/><V107/><F128/><W12/><G35/><T129/><D129/><U2/><E118/><V29/><F127/><W81/><G36/><T8/><D126/><U3/><E104/><V77/><F10/><W14/><G122/><T44/><D117/><U85/><E85/><V119/><F77/><W58/><G68/><T99/><D55/><U108/><E108/><V30/><F119/><W4/><G93/><T74/><D31/><U50/><E124/><V26/><F26/><W125/><G125/><T61/><D61/><U13/><E13/><V5/><F5/><W40/><G40/><T24/><D24/><U16/><E16/><V123/><F37/><W39/><G39/><T53/><D53/><U78/><E78/><V33/><F33/><W52/><G67/><T109/><D109/><U69/><E135/><V41/><F41/><W49/><G133/><T15/><D1/><U79/><E79/><V23/><F23/><W17/><G4/><T60/><D60/><U88/><E134/><V7/><F7/><W51/><G49/><T34/><D83/><U11/><E11/><V130/><F123/><W27/><G27/><T9/><D34/><U131/><E131/><V82/><F130/><W80/><REACH who="3" step="1"/><G87/><REACH who="3" ten="224,218,244,304" step="2"/><T120/><D120/><U84/><E84/><V89/><F64/><W116/><G116/><T103/><D95/><U20/><E20/><V75/><F75/><N who="0" m="28714" /><D8/><U25/><E25/><V66/><F90/><W0/><G0/><T115/><D115/><U62/><E62/><AGARI ba="0,1" hai="28,29,30,45,46,57,62,66,82,86,89,98,102,107" machi="62" ten="40,2000,0" yaku="6,1" doraHai="38" who="2" fromWho="1" sc="224,0,218,-20,244,30,304,0" /><INIT seed="2,1,0,3,2,125" ten="224,198,274,304" oya="2" hai0="20,80,43,12,104,85,129,90,4,49,102,39,86" hai1="126,101,133,30,27,15,52,98,28,67,41,93,127" hai2="118,61,56,96,2,112,105,91,42,89,14,66,3" hai3="26,74,51,113,69,116,64,119,82,128,6,22,29"/><V109/><F112/><W5/><G128/><T63/><D39/><U78/><E41/><V120/><F118/><W60/><G113/><T88/><D129/><U100/><E133/><V59/><F120/><W77/><REACH who="3" step="1"/><G51/><REACH who="3" ten="224,198,274,294" step="2"/><T73/><D49/><U31/><E67/><V134/><F66/><W71/><G71/><T53/><D63/><U123/><E123/><V70/><F61/><W57/><G57/><T131/><D131/><U10/><E78/><V122/><F59/><W130/><G130/><T65/><D65/><U25/><E101/><V36/><F56/><W99/><G99/><T32/><D102/><U58/><E127/><V87/><F96/><W117/><AGARI ba="1,1" hai="5,6,22,26,29,60,64,69,74,77,82,116,117,119" machi="117" ten="30,2000,0" yaku="1,1,0,1,53,0" doraHai="125" doraHaiUra="94" who="3" fromWho="3" sc="224,-6,198,-6,274,-11,294,33" /><INIT seed="3,0,0,5,5,28" ten="218,192,263,327" oya="3" hai0="60,131,126,38,86,77,118,113,79,80,120,36,121" hai1="26,89,44,25,64,41,62,68,1,108,76,88,40" hai2="27,55,18,13,17,116,90,98,11,101,75,48,34" hai3="2,15,115,135,49,94,127,22,117,70,71,92,112"/><W29/><G2/><T109/><D60/><U12/><E1/><V129/><F129/><W133/><G117/><T104/><D118/><U16/><E108/><V37/><F37/><W69/><G127/><T87/><D109/><U21/><E76/><V46/><F75/><W67/><G67/><T24/><D104/><U100/><E100/><V106/><F116/><W78/><G49/><T52/><D131/><U119/><E119/><V105/><F90/><W72/><G78/><T96/><D96/><U6/><E41/><V19/><F105/><W45/><G45/><T53/><D24/><U125/><E125/><V58/><F46/><W85/><G72/><T99/><D99/><U124/><E124/><V54/><F54/><W4/><G29/><T0/><D126/><U30/><E6/><V111/><F111/><W123/><G123/><T5/><D5/><U47/><E47/><V14/><F14/><W132/><G85/><T23/><D23/><U102/><E102/><V103/><F103/><W110/><G110/><T128/><D128/><U91/><REACH who="1" step="1"/><E30/><REACH who="1" ten="218,182,263,327" step="2"/><V63/><F101/><W35/><G4/><T9/><D0/><U82/><E82/><V10/><F106/><W83/><G83/><T8/><REACH who="0" step="1"/><D80/><REACH who="0" ten="208,182,263,327" step="2"/><U20/><E20/><V33/><F98/><W31/><G22/><T93/><D93/><U114/><E114/><AGARI ba="0,2" hai="8,9,36,38,52,53,77,79,86,87,113,114,120,121" machi="114" ten="25,6400,0" yaku="1,1,22,2,54,1,53,0" doraHai="28" doraHaiUra="32" who="0" fromWho="1" sc="208,84,182,-64,263,0,327,0" owari="292,9.2,118,-38.2,263,-13.7,327,42.7" /></mjloggm>