<mjloggm ver="2.3"><GO type="225" lobby="0"/><UN n0="%E6%98%BC%E4%B8%8B%E3%81%8C%E3%82%8A%E3%81%AE%E5%9B%A3%E5%9C%B0%E5%A6%BB" n1="%33%74%72%65%65" n2="%E9%BB%99%E8%81%B4%E3%81%AE%E3%81%99%E3%82%9D%E3%82%81" n3="%E5%8D%A0%E3%81%84%E5%B8%AB%E8%A3%8F%E3%81%AA%E3%81%84%E3%81%97" dan="16,16,16,17" rate="2141.49,2163.96,2151.03,2187.61" sx="F,F,M,M"/><TAIKYOKU oya="0"/><INIT seed="0,0,0,1,0,2" ten="250,250,250,250" oya="0" hai0="18,9,19,81,124,75,100,37,118,74,12,101,51" hai1="32,64,45,108,120,17,67,78,34,55,22,48,15" hai2="58,85,54,56,80,36,90,97,122,95,114,116,125" hai3="50,73,14,26,49,72,13,109,87,104,33,131,82"/><T21/><D118/><U6/><E120/><V63/><F114/><W29/><G104/><T96/><D37/><U28/><E108/><V91/><F125/><W128/><G109/><T133/><D124/><U57/><E34/><V47/><F116/><W43/><G13/><T130/><D130/><N who="3" m="49705" /><G14/><T70/><D70/><U66/><E78/><V126/><F126/><W86/><G87/><T40/><D133/><U7/><REACH who="1" step="1"/><E45/><REACH who="1" ten="250,240,250,250" step="2"/><V103/><F122/><W35/><G35/><T105/><D100/><U39/><E39/><V31/><F36/><W20/><G33/><T46/><REACH who="0" step="1"/><D81/><REACH who="0" ten="240,240,250,250" step="2"/><U77/><E77/><N who="2" m="46223" /><F47/><W106/><G82/><T69/><D69/><U3/><E3/><V119/><F119/><W112/><G112/><T30/><D30/><U27/><AGARI ba="0,2" hai="6,7,15,17,22,27,28,32,48,55,57,64,66,67" machi="27" ten="30,7900,0" yaku="1,1,0,1,52,2,53,0" doraHai="2" doraHaiUra="89" who="1" fromWho="1" sc="240,-39,240,99,250,-20,250,-20" /><INIT seed="1,0,0,4,0,105" ten="201,339,230,230" oya="1" hai0="90,53,63,25,91,51,60,9,75,12,78,96,23" hai1="86,5,24,64,112,19,33,100,98,1,92,17,27" hai2="101,38,89,103,56,13,121,2,116,31,83,26,50" hai3="111,115,95,14,93,123,57,45,74,3,118,21,133"/><U88/><E112/><V6/><F2/><W40/><G123/><T130/><D130/><U114/><E114/><V102/><F38/><W76/><G3/><T127/><D127/><U62/><E1/><V35/><F116/><W39/><G115/><T125/><D125/><U16/><E5/><V0/><F0/><W28/><G118/><T46/><D78/><U65/><E33/><V66/><F121/><W8/><G111/><T67/><D75/><U80/><REACH who="1" step="1"/><E65/><REACH who="1" ten="201,329,230,230" step="2"/><V110/><F66/><W107/><G133/><T11/><D67/><U37/><E37/><V122/><F6/><W52/><G107/><T77/><D77/><U36/><E36/><V117/><F35/><W10/><G76/><T20/><D90/><U41/><E41/><V55/><F89/><W42/><G42/><T73/><D91/><U29/><E29/><V32/><F32/><W99/><G28/><T72/><D53/><U82/><E82/><V84/><F117/><W59/><G52/><T30/><D30/><U79/><E79/><N who="2" m="46207" /><F122/><W22/><G40/><T109/><D109/><U81/><E81/><V135/><F110/><W113/><G113/><T134/><D134/><U7/><E7/><V94/><F135/><W48/><G39/><T43/><D43/><U4/><E4/><V34/><F34/><W15/><G74/><T58/><D73/><U132/><E132/><V70/><F31/><W106/><G106/><T129/><D72/><U71/><AGARI ba="0,1" hai="16,17,19,24,27,62,64,71,80,86,88,92,98,100" machi="71" ten="30,11700,0" yaku="1,1,0,1,54,2,53,0" doraHai="105" doraHaiUra="126" who="1" fromWho="1" sc="201,-39,329,127,230,-39,230,-39" /><INIT seed="1,1,0,4,2,71" ten="162,456,191,191" oya="1" hai0="24,63,46,80,100,13,21,29,85,37,125,127,135" hai1="41,118,128,74,9,72,97,38,131,101,110,49,91" hai2="70,130,8,119,104,109,2,32,60,57,44,112,103" hai3="111,35,76,61,34,17,102,75,123,18,117,81,134"/><U1/><E118/><V73/><RYUUKYOKU type="yao9" ba="1,0" sc="162,0,456,0,191,0,191,0" hai2="2,8,32,44,57,60,70,73,103,104,109,112,119,130" /><INIT seed="1,2,0,5,4,101" ten="162,456,191,191" oya="1" hai0="7,121,47,11,97,55,15,10,19,22,53,80,119" hai1="99,129,28,132,44,116,62,32,71,37,43,78,67" hai2="42,109,72,112,40,110,20,81,98,86,84,103,100" hai3="79,17,38,33,59,25,58,76,115,113,89,70,73"/><U34/><E116/><V125/><F42/><W13/><G70/><T87/><D119/><U85/><E132/><V114/><F40/><W90/><G38/><T1/><D121/><U26/><E129/><V69/><F69/><W48/><G48/><T75/><D75/><U45/><E45/><V24/><F20/><W12/><G25/><T92/><D47/><U2/><E2/><V18/><F18/><W41/><G41/><T3/><D3/><U21/><E99/><V51/><F51/><W134/><G17/><T35/><D35/><U122/><E122/><V106/><F24/><W105/><G73/><T91/><REACH who="0" step="1"/><D22/><REACH who="0" ten="152,456,191,191" step="2"/><U5/><E44/><V128/><F128/><W126/><G33/><T111/><D111/><N who="2" m="42506" /><F125/><W46/><G126/><T130/><D130/><U93/><E21/><V77/><F103/><AGARI ba="2,1" hai="1,7,10,11,15,19,53,55,80,87,91,92,97,103" machi="103" ten="30,2000,0" yaku="1,1,7,1,53,0" doraHai="101" doraHaiUra="120" who="0" fromWho="2" sc="152,36,456,0,191,-26,191,0" /><INIT seed="2,0,0,0,5,107" ten="188,456,165,191" oya="2" hai0="64,40,58,59,103,105,101,88,15,3,87,2,124" hai1="19,83,134,66,51,130,111,109,20,85,113,55,35" hai2="132,114,119,90,123,100,11,117,71,122,69,16,65" hai3="97,39,14,133,29,91,26,30,7,8,50,115,128"/><V28/><F28/><W54/><G39/><T121/><D121/><N who="2" m="46090" /><F100/><W18/><G133/><T84/><D124/><U72/><E134/><V80/><F80/><W79/><G128/><T62/><D40/><U21/><E83/><V93/><F11/><W98/><G79/><T135/><D135/><U22/><E130/><V77/><F77/><W33/><G115/><T63/><D84/><U74/><E85/><V110/><F16/><W81/><G29/><T42/><D42/><U125/><E113/><V126/><F93/><W10/><G91/><T92/><D105/><U24/><E35/><V13/><F13/><W70/><G70/><N who="2" m="26633" /><F90/><W52/><G54/><T48/><D48/><U73/><E125/><V129/><F132/><W89/><G89/><T78/><D78/><U102/><E102/><V5/><F5/><W68/><G68/><T95/><D95/><U27/><E19/><V49/><F129/><W75/><G75/><T31/><D31/><U23/><E23/><V127/><F114/><W131/><G81/><T53/><D103/><U0/><E0/><V120/><N who="2" m="46098" /><V17/><DORA hai="12" /><F17/><W32/><G32/><T116/><D101/><U36/><E24/><V1/><F1/><N who="3" m="111" /><G131/><T34/><D34/><U82/><E82/><V99/><F99/><W86/><G86/><T25/><D3/><U44/><E73/><V43/><F65/><W38/><G38/><T37/><D37/><U94/><E66/><V118/><F110/><N who="1" m="41993" /><E27/><V60/><F60/><W106/><G106/><T112/><D25/><U45/><E94/><V41/><F41/><AGARI ba="0,0" hai="20,21,22,36,41,44,45,51,55,72,74" m="41993" machi="41" ten="30,3900,0" yaku="14,1,52,2" doraHai="107,12" who="1" fromWho="2" sc="188,0,456,39,165,-39,191,0" /><INIT seed="3,0,0,1,4,7" ten="188,495,126,191" oya="3" hai0="90,86,50,77,42,96,30,2,84,54,92,4,24" hai1="8,63,106,108,87,14,135,91,9,25,45,51,6" hai2="98,31,89,65,119,123,16,12,97,70,94,20,0" hai3="21,69,61,112,107,126,100,101,64,5,118,81,88"/><W122/><G122/><T35/><D42/><U73/><E108/><V57/><F119/><W11/><G112/><T44/><D2/><U46/><E135/><V56/><F0/><W85/><G118/><T78/><D4/><U102/><E73/><V33/><F123/><W83/><G107/><T114/><D114/><U10/><E106/><V117/><F117/><W120/><G120/><T38/><D38/><U128/><E128/><V131/><F131/><W59/><G126/><T71/><D71/><U75/><E75/><V49/><F70/><W104/><G104/><T32/><D32/><U47/><E102/><V127/><F127/><W93/><G21/><T3/><D3/><U26/><E51/><V82/><F82/><N who="3" m="31243" /><G69/><T60/><D60/><U111/><E63/><V116/><F116/><W19/><G5/><T110/><D110/><U132/><E111/><V41/><F33/><W79/><G79/><T22/><D35/><U43/><E132/><V68/><F68/><W74/><G74/><T99/><D84/><U80/><E43/><V125/><F125/><W58/><G58/><T76/><AGARI ba="0,0" hai="22,24,30,44,50,54,76,77,78,86,90,92,96,99" machi="76" ten="30,2000,0" yaku="0,1,8,1" doraHai="7" who="0" fromWho="0" sc="188,20,495,-5,126,-5,191,-10" owari="208,0.8,490,59.0,121,-37.9,181,-21.9" /></mjloggm>