<mjloggm ver="2.3"><GO type="225" lobby="0"/><UN n0="%E3%83%96%E3%83%83%E3%83%91%E3%82%AA%E3%83%96%E3%83%81%E3%82%AD%E3%83%B3" n1="%E3%81%95%E3%81%8D%E3%81%9F%E3%81%BE%E6%9E%97%E6%AA%8E" n2="%E7%99%BD%E5%80%89%E5%AF%9B%E4%B9%8B" n3="%72%69%6F%75%63%68%61%6E" dan="17,16,16,16" rate="2216.70,2081.31,2141.61,2138.69" sx="M,M,M,M"/><TAIKYOKU oya="0"/><INIT seed="0,0,0,4,1,74" ten="250,250,250,250" oya="0" hai0="134,75,72,78,35,10,117,42,48,87,73,53,2" hai1="81,39,97,51,109,23,89,19,106,113,43,104,33" hai2="88,45,111,59,96,60,37,9,34,69,122,133,126" hai3="93,5,49,13,120,61,50,118,107,18,46,108,21"/><T41/><D117/><U15/><E33/><V25/><F69/><W129/><G108/><T58/><D35/><U77/><E109/><V79/><F111/><W4/><G129/><T84/><D134/><U55/><E113/><V1/><F133/><W71/><G118/><T31/><D31/><U124/><E124/><V114/><F126/><W85/><G107/><T110/><D110/><U17/><E43/><V131/><F114/><W116/><G116/><T125/><D125/><U82/><E39/><V44/><F37/><W135/><G135/><T7/><REACH who="0" step="1"/><D87/><REACH who="0" ten="240,250,250,250" step="2"/><U102/><E106/><V12/><F34/><W62/><G85/><T16/><D16/><U0/><E19/><V3/><F131/><W26/><G120/><T83/><AGARI ba="0,1" hai="2,7,10,41,42,48,53,58,72,73,75,78,83,84" machi="83" ten="40,12000,1" yaku="1,1,0,1,52,1,53,2" doraHai="74" doraHaiUra="36" who="0" fromWho="0" sc="240,130,250,-40,250,-40,250,-40" /><INIT seed="0,1,0,3,4,40" ten="370,210,210,210" oya="0" hai0="104,122,77,111,86,81,13,50,59,97,22,102,100" hai1="116,68,106,35,127,89,11,42,93,94,90,134,41" hai2="88,123,37,44,47,82,4,56,26,2,48,58,107" hai3="124,121,61,57,70,20,33,6,24,27,28,71,60"/><T45/><D122/><U128/><E106/><V39/><F107/><W79/><G124/><T1/><D111/><U9/><E68/><V49/><F123/><W3/><G121/><T87/><D102/><U99/><E127/><V126/><F126/><W95/><G79/><T19/><D1/><U113/><E116/><V132/><F132/><W74/><G74/><T12/><D59/><N who="2" m="22570" /><F2/><W120/><G120/><T69/><D69/><U135/><E35/><V125/><F125/><W17/><G60/><T117/><D117/><U109/><E109/><V108/><F39/><W29/><G95/><T36/><D36/><U105/><E105/><V103/><F37/><W15/><G6/><T18/><D87/><U67/><E67/><V21/><F4/><W10/><REACH who="3" step="1"/><G3/><REACH who="3" ten="370,210,210,200" step="2"/><T63/><D63/><U38/><E94/><V5/><F5/><W8/><G8/><T83/><D83/><U7/><E11/><V52/><F108/><W80/><G80/><T53/><REACH who="0" step="1"/><D19/><REACH who="0" ten="360,210,210,200" step="2"/><U118/><E135/><V23/><F82/><W72/><G72/><T78/><D78/><U114/><E134/><V30/><F103/><W115/><G115/><T73/><D73/><U133/><E133/><V62/><F62/><W32/><G32/><T34/><D34/><U31/><E114/><V91/><F23/><W85/><G85/><T64/><D64/><AGARI ba="1,2" hai="10,15,17,20,24,27,28,29,33,57,61,64,70,71" machi="64" ten="30,2000,0" yaku="1,1,7,1,53,0" doraHai="40" doraHaiUra="0" who="3" fromWho="0" sc="360,-23,210,0,210,0,200,43" /><INIT seed="1,0,0,0,5,21" ten="337,210,210,243" oya="1" hai0="108,79,133,110,112,121,54,84,28,69,43,8,101" hai1="99,6,106,85,124,1,64,23,37,50,24,13,135" hai2="52,17,111,57,42,126,20,127,74,120,123,117,122" hai3="60,97,76,26,119,88,78,89,81,66,68,109,35"/><U129/><E37/><V14/><F74/><W130/><G109/><N who="0" m="42091" /><D112/><U10/><E124/><N who="2" m="47659" /><F111/><W16/><G130/><T96/><D133/><U67/><E129/><V72/><F72/><W116/><G76/><T51/><D121/><U11/><E135/><V5/><F117/><N who="3" m="45131" /><G97/><T92/><D69/><U59/><E85/><V48/><F42/><W29/><G16/><T104/><D28/><U4/><E106/><V115/><F5/><W53/><G53/><T33/><D33/><U77/><E77/><V31/><F31/><W25/><G26/><T0/><D43/><U41/><E99/><V3/><F3/><W9/><G9/><T134/><D134/><U75/><E75/><AGARI ba="0,0" hai="25,29,35,60,66,68,75,78,81,88,89" m="45131" machi="75" ten="30,3900,0" yaku="12,1,52,1,54,1" doraHai="21" who="3" fromWho="1" sc="337,0,210,-39,210,0,243,39" /><INIT seed="2,0,0,5,4,65" ten="337,171,210,282" oya="2" hai0="16,58,5,77,94,57,42,87,56,105,133,92,10" hai1="31,119,107,130,24,117,52,61,128,113,100,90,115" hai2="96,48,76,35,123,7,43,103,97,88,84,127,64" hai3="102,78,93,20,118,23,83,25,50,89,101,95,2"/><V54/><F35/><W135/><G118/><N who="1" m="45066" /><E90/><V36/><F123/><W22/><G135/><T28/><D105/><U14/><E100/><N who="3" m="38506" /><G2/><T40/><D133/><U59/><E107/><V91/><F127/><W49/><G25/><T111/><D111/><U79/><E79/><V37/><F7/><W75/><G75/><T1/><D28/><U62/><E14/><V131/><F76/><W134/><G134/><T3/><D3/><U106/><E106/><V51/><F43/><N who="0" m="16426" /><D1/><U110/><E110/><V6/><F6/><W41/><G41/><T108/><D5/><U21/><E62/><V33/><F103/><W114/><G114/><T132/><D108/><U125/><E125/><V15/><F15/><W112/><G112/><T99/><D99/><U45/><E45/><V18/><F96/><N who="3" m="57391" /><G95/><N who="0" m="36395" /><D132/><U122/><E122/><V104/><F97/><W8/><G8/><T70/><D10/><U109/><E109/><V17/><F104/><W30/><G30/><T0/><D0/><U66/><E66/><V13/><F13/><W80/><G78/><T98/><D98/><U73/><E73/><V32/><F91/><W39/><G39/><T120/><D120/><U12/><E12/><V81/><F88/><W46/><G46/><T67/><D77/><U4/><E4/><V26/><F64/><W72/><G72/><T69/><D87/><U82/><E82/><AGARI ba="0,0" hai="20,22,23,49,50,80,82,83" m="57391,38506" machi="82" ten="30,1000,0" yaku="8,1" doraHai="65" who="3" fromWho="1" sc="337,0,171,-10,210,0,282,10" /><INIT seed="3,0,0,5,3,17" ten="337,161,210,292" oya="3" hai0="56,77,15,20,21,131,103,16,128,7,110,26,59" hai1="100,65,125,12,49,23,87,29,10,69,45,50,40" hai2="71,130,101,67,9,107,42,24,35,64,96,55,132" hai3="91,63,75,88,93,14,25,48,99,117,83,43,53"/><W78/><G117/><T46/><D110/><U106/><E125/><V126/><F130/><N who="0" m="49706" /><D77/><U60/><E106/><V79/><F132/><W51/><G14/><T105/><D7/><U8/><E100/><V109/><F79/><W85/><G43/><T70/><D70/><U2/><E2/><V1/><F42/><W114/><G114/><T104/><D46/><U5/><E8/><V32/><F126/><W68/><G25/><T80/><D80/><U3/><E87/><V28/><F67/><W81/><REACH who="3" step="1"/><G53/><REACH who="3" ten="337,161,210,282" step="2"/><T108/><D108/><U94/><E94/><V72/><F55/><W133/><G133/><T97/><D105/><U6/><E6/><V36/><F107/><W123/><G123/><T61/><D61/><U113/><E113/><V73/><F24/><W41/><G41/><T18/><AGARI ba="0,1" hai="15,16,18,20,21,26,56,59,97,103,104" m="49706" machi="18" ten="30,7900,0" yaku="19,1,52,2,54,1" doraHai="17" who="0" fromWho="0" sc="337,89,161,-20,210,-20,282,-39" owari="426,52.6,141,-35.9,190,-21.0,243,4.3" /></mjloggm>