<mjloggm ver="2.3"><GO type="225" lobby="0"/><UN n0="%E7%89%B9%E6%9D%B1%E3%81%AF%E4%B8%96%E7%95%8C%E3%82%92%E6%95%91%E3%81%86" n1="%43%68%65" n2="%28%EF%BF%A3%E2%96%BD%EF%BF%A3%29%CE%B4%E2%8C%92%E3%83%BB" n3="%E6%98%93%E5%88%A9%E8%96%A9%E4%BC%AF" dan="16,16,17,17" rate="2168.77,2154.98,2265.85,2177.08" sx="M,M,M,F"/><TAIKYOKU oya="0"/><INIT seed="0,0,0,1,2,123" ten="250,250,250,250" oya="0" hai0="50,103,71,21,80,45,96,108,6,129,135,72,106" hai1="102,63,128,74,116,81,77,68,98,53,97,79,39" hai2="60,24,54,19,65,112,16,27,111,131,101,34,86" hai3="3,38,40,117,122,41,2,33,83,75,118,132,48"/><T22/><D71/><U120/><E116/><V70/><F112/><W36/><G48/><T73/><D129/><U4/><E120/><V67/><F131/><W114/><G114/><T42/><D135/><U15/><E128/><V1/><F1/><N who="3" m="11" /><G33/><T94/><D6/><U46/><E79/><V84/><F101/><W93/><G93/><T37/><D106/><U121/><E121/><V127/><F127/><W11/><G11/><T95/><D95/><U110/><E98/><V12/><F54/><W29/><G29/><T7/><D7/><U100/><E100/><V130/><F130/><W20/><G20/><T87/><D50/><U89/><E89/><V85/><F34/><W90/><G83/><T49/><D49/><N who="1" m="28855" /><E39/><N who="3" m="14890" /><G90/><T78/><D22/><U76/><E76/><V14/><F85/><W92/><G92/><T109/><REACH who="0" step="1"/><D21/><REACH who="0" ten="240,250,250,250" step="2"/><U8/><E4/><V69/><REACH who="2" step="1"/><F60/><REACH who="2" ten="240,250,240,250" step="2"/><W31/><G122/><T82/><D82/><U5/><E63/><V105/><F105/><W56/><G118/><T23/><D23/><U52/><E81/><V9/><F9/><W13/><G117/><T126/><D126/><U55/><E8/><V61/><F61/><W91/><G132/><T44/><D44/><U59/><E5/><V99/><F99/><W124/><G124/><T66/><D66/><U115/><E97/><V62/><F62/><W43/><G43/><T30/><D30/><U51/><E115/><V0/><F0/><W133/><G41/><T47/><D47/><U107/><E107/><V113/><F113/><W32/><G40/><T64/><D64/><U119/><E119/><RYUUKYOKU ba="0,2" sc="240,15,250,-15,240,15,250,-15" hai0="37,42,45,72,73,78,80,87,94,96,103,108,109" hai2="12,14,16,19,24,27,65,67,69,70,84,86,111" /><INIT seed="0,1,2,2,2,15" ten="255,235,255,235" oya="0" hai0="109,14,84,38,122,102,27,49,107,45,19,75,5" hai1="129,131,1,104,80,61,31,28,54,128,74,55,21" hai2="30,92,98,85,88,25,41,22,130,76,112,32,65" hai3="11,29,42,47,133,52,12,115,68,132,2,111,51"/><T81/><D122/><U40/><E104/><V37/><F112/><W64/><G115/><T10/><D75/><U43/><E1/><V66/><F130/><W87/><G2/><T56/><D38/><U34/><E34/><V67/><F37/><W101/><G101/><T135/><D135/><U116/><E116/><V50/><F32/><W89/><G29/><N who="1" m="11338" /><E21/><V127/><F127/><W93/><G111/><T39/><D39/><U120/><E120/><V118/><F118/><W20/><G20/><N who="0" m="13727" /><D107/><U44/><E61/><V59/><F41/><N who="1" m="15945" /><E44/><V125/><F125/><W100/><G100/><T95/><D109/><U114/><E114/><V97/><F76/><AGARI ba="1,2" hai="54,55,74,76,80,128,129,131" m="15945,11338" machi="76" ten="40,1300,0" yaku="19,1" doraHai="15" who="1" fromWho="2" sc="255,0,235,36,255,-16,235,0" /><INIT seed="1,0,0,0,0,67" ten="255,271,239,235" oya="1" hai0="44,72,96,26,20,111,80,7,104,36,82,93,83" hai1="34,90,77,108,51,92,66,124,46,135,42,122,99" hai2="101,19,61,27,52,130,18,132,22,53,0,10,85" hai3="4,95,74,31,98,109,3,54,97,71,21,133,68"/><U2/><E122/><V41/><F132/><W32/><G74/><T65/><D104/><U49/><E135/><V134/><F134/><W55/><G32/><T118/><D118/><U73/><E34/><V28/><F130/><W131/><G133/><T119/><D119/><U13/><E2/><V110/><F110/><W43/><G43/><T60/><D7/><U89/><E108/><V129/><F129/><W11/><G109/><T94/><D111/><U100/><E124/><V64/><F41/><W56/><G98/><T50/><D36/><U75/><E66/><V9/><F101/><W116/><G55/><N who="2" m="21065" /><F85/><W24/><G116/><T63/><D72/><U62/><E62/><N who="0" m="23593" /><D65/><U126/><E126/><V59/><F0/><W33/><G33/><T113/><D113/><U103/><E103/><V40/><F40/><W5/><G5/><T29/><D96/><U79/><E75/><V25/><F25/><W87/><G87/><T115/><D115/><U121/><E121/><V16/><AGARI ba="0,0" hai="9,10,16,18,19,22,27,28,59,61,64" m="21065" machi="16" ten="30,4000,0" yaku="8,1,54,2" doraHai="67" who="2" fromWho="2" sc="255,-10,271,-20,239,40,235,-10" /><INIT seed="2,0,0,1,1,17" ten="245,251,279,225" oya="2" hai0="68,94,102,59,104,64,62,124,23,114,4,131,126" hai1="90,82,18,87,49,129,29,127,78,31,132,5,135" hai2="86,128,34,91,67,80,14,46,63,106,39,70,47" hai3="93,54,53,11,66,19,41,110,9,89,103,13,61"/><V35/><F106/><W88/><G41/><T122/><D114/><U111/><E111/><V21/><F128/><W77/><G77/><T27/><D122/><U51/><E129/><V73/><F73/><W84/><G110/><T118/><D131/><U121/><E121/><V96/><F96/><W7/><G103/><T6/><D104/><U81/><E127/><N who="0" m="48681" /><D118/><U105/><E105/><V95/><F95/><W22/><G89/><T60/><D94/><U2/><E2/><V52/><F39/><W130/><G130/><T101/><D6/><U71/><E71/><V97/><F97/><W24/><REACH who="3" step="1"/><G11/><REACH who="3" ten="245,251,279,215" step="2"/><T20/><D4/><U74/><E5/><V116/><F91/><W26/><G26/><T108/><D108/><U28/><REACH who="1" step="1"/><E18/><REACH who="1" ten="245,241,279,215" step="2"/><N who="2" m="10455" /><F116/><W48/><G48/><AGARI ba="0,2" hai="28,29,31,48,49,51,74,78,81,82,87,90,132,135" machi="48" ten="40,1300,0" yaku="1,1,53,0" doraHai="17" doraHaiUra="32" who="1" fromWho="3" sc="245,0,241,33,279,0,215,-13" /><INIT seed="3,0,0,5,5,22" ten="245,274,279,202" oya="3" hai0="20,32,89,134,51,19,53,91,107,67,66,69,122" hai1="77,37,131,108,121,52,35,130,95,25,82,87,119" hai2="30,128,46,16,41,56,83,85,48,43,61,88,123" hai3="47,50,129,15,106,40,125,65,75,78,73,26,81"/><W33/><G106/><T12/><D107/><U101/><E121/><V99/><F123/><W49/><G129/><N who="1" m="49162" /><E37/><V14/><F128/><W113/><G113/><T58/><D122/><U59/><E108/><V79/><F30/><W8/><G125/><T21/><D32/><U80/><E119/><V45/><F99/><W110/><G110/><T72/><D72/><U74/><E95/><V7/><F7/><W24/><G73/><T29/><D134/><U102/><E35/><V60/><F79/><W70/><G33/><T111/><D111/><U94/><E94/><V126/><F126/><W28/><G28/><T6/><D6/><U68/><E68/><V18/><F56/><W63/><G50/><T62/><REACH who="0" step="1"/><D67/><REACH who="0" ten="235,274,279,202" step="2"/><U93/><E74/><V109/><F109/><W4/><AGARI ba="0,1" hai="4,8,15,24,26,40,47,49,63,65,70,75,78,81" machi="4" ten="20,7800,0" yaku="0,1,7,1,52,2" doraHai="22" who="3" fromWho="3" sc="235,-26,274,-26,279,-26,202,88" /><INIT seed="3,1,0,3,1,44" ten="209,248,253,290" oya="3" hai0="10,125,130,13,11,93,74,53,61,107,129,0,25" hai1="77,99,21,30,105,65,66,97,88,51,8,54,106" hai2="131,126,86,91,18,57,56,122,20,31,14,60,38" hai3="135,45,112,124,85,1,67,6,134,3,71,111,40"/><W52/><G112/><T68/><D107/><U121/><E121/><V9/><F38/><N who="3" m="21655" /><G85/><T75/><D125/><U36/><E36/><V29/><F131/><N who="0" m="50186" /><D0/><N who="3" m="73" /><G6/><N who="0" m="3287" /><D11/><U62/><E77/><V37/><F37/><W127/><G111/><T58/><D68/><U12/><E106/><V104/><F104/><W26/><G26/><T120/><D120/><U83/><E105/><V98/><F126/><N who="3" m="48171" /><G52/><T94/><D25/><N who="1" m="16687" /><E62/><AGARI ba="1,0" hai="62,67,71,134,135" m="48171,73,21655" machi="62" ten="40,3900,0" yaku="18,1,23,1" doraHai="44" who="3" fromWho="1" sc="209,0,248,-42,253,0,290,42" owari="209,-19.1,206,-29.4,253,5.3,332,43.2" /></mjloggm>