<mjloggm ver="2.3"><GO type="225" lobby="0"/><UN n0="%E6%98%93%E5%88%A9%E8%96%A9%E4%BC%AF" n1="%6B%65%6E%6E%64%69" n2="%E6%A1%9C%E8%8A%B1%E9%96%83%E3%80%85" n3="%E3%83%81%E3%83%83%E3%82%BF%E3%82%BD%E3%83%BC" dan="17,16,16,16" rate="2112.09,2154.35,2136.94,2134.02" sx="F,M,M,F"/><TAIKYOKU oya="0"/><INIT seed="0,0,0,0,5,6" ten="250,250,250,250" oya="0" hai0="101,92,126,53,107,121,13,74,71,27,83,87,40" hai1="1,30,128,113,43,133,32,97,24,46,130,45,132" hai2="34,127,5,39,100,106,98,129,42,61,84,105,10" hai3="118,4,125,57,47,66,109,41,21,85,76,19,102"/><T29/><D121/><U112/><E97/><V48/><F39/><W89/><G118/><T69/><D107/><U82/><E82/><V123/><F123/><W65/><G109/><T88/><D126/><U8/><E46/><V62/><F127/><W31/><G31/><T134/><D134/><N who="1" m="51819" /><E1/><V117/><F34/><W110/><G76/><T33/><D40/><U93/><E93/><V120/><F120/><W73/><G73/><T131/><D131/><N who="1" m="50219" /><E8/><V50/><F129/><W52/><G125/><T0/><D0/><U94/><E94/><V14/><F106/><W78/><G78/><T38/><D38/><AGARI ba="0,0" hai="24,30,32,38,43,45,112,113" m="50219,51819" machi="38" ten="30,3900,0" yaku="20,1,19,1,23,1" doraHai="6" who="1" fromWho="0" sc="250,-39,250,39,250,0,250,0" /><INIT seed="1,0,0,1,4,118" ten="211,289,250,250" oya="1" hai0="130,94,45,2,73,96,111,8,85,9,48,20,103" hai1="55,13,112,44,36,31,80,78,17,51,106,129,66" hai2="62,58,71,40,15,97,84,79,10,34,83,127,77" hai3="3,46,64,57,16,6,21,65,38,76,7,11,104"/><U92/><E129/><V72/><F34/><W35/><G104/><T53/><D73/><U63/><E106/><V67/><F127/><W27/><G6/><T119/><D130/><U121/><E112/><V99/><F40/><W54/><G35/><T60/><D119/><U124/><E124/><V100/><F71/><W61/><REACH who="3" step="1"/><G76/><REACH who="3" ten="211,289,250,240" step="2"/><T68/><D2/><U19/><E78/><N who="2" m="46199" /><F72/><W123/><G123/><T43/><D111/><U89/><E121/><V18/><F99/><W116/><G116/><T41/><D20/><U134/><E134/><V95/><AGARI ba="0,1" hai="10,15,18,58,62,67,77,79,95,97,100" m="46199" machi="95" ten="30,1100,0" yaku="8,1" doraHai="118" who="2" fromWho="2" sc="211,-3,289,-5,250,21,240,-3" /><INIT seed="2,0,0,4,3,109" ten="208,284,271,237" oya="2" hai0="116,97,85,33,118,95,132,74,82,2,31,76,8" hai1="28,14,98,133,111,105,108,55,30,4,134,84,86" hai2="48,21,7,80,110,44,54,92,25,78,3,79,24" hai3="45,5,130,112,9,6,73,91,18,126,51,90,10"/><V131/><F131/><W93/><G126/><T57/><D33/><U88/><E55/><V71/><F110/><N who="1" m="42025" /><E4/><V53/><F71/><W122/><G130/><T32/><D32/><U128/><E14/><V127/><F127/><W41/><G122/><T117/><D31/><N who="1" m="11819" /><E128/><V106/><F106/><W63/><G73/><T77/><D57/><U96/><E84/><V123/><F123/><W115/><G18/><T52/><D132/><N who="1" m="50795" /><E105/><V103/><F7/><N who="3" m="2571" /><G63/><T129/><D2/><U38/><E38/><V66/><F54/><W104/><G104/><T23/><D8/><N who="3" m="3177" /><G93/><AGARI ba="0,0" hai="86,88,93,96,98" m="50795,11819,42025" machi="93" ten="30,3900,0" yaku="14,1,20,1,54,1" doraHai="109" who="1" fromWho="3" sc="208,0,284,39,271,0,237,-39" /><INIT seed="3,0,0,3,3,51" ten="208,323,271,198" oya="3" hai0="18,94,97,24,34,6,66,19,31,106,80,88,5" hai1="77,33,128,26,108,47,81,13,135,63,120,32,101" hai2="98,109,131,59,78,43,114,25,124,86,91,0,48" hai3="54,1,100,107,76,22,28,87,4,71,82,17,2"/><W38/><G71/><T49/><D106/><U95/><E120/><V20/><F114/><W37/><G28/><T16/><D66/><U30/><E108/><V74/><F109/><W126/><G126/><T57/><REACH who="0" step="1"/><D80/><REACH who="0" ten="198,323,271,198" step="2"/><U58/><E81/><V10/><F124/><W35/><G35/><T55/><AGARI ba="0,1" hai="5,6,16,18,19,24,31,34,49,55,57,88,94,97" machi="55" ten="30,12000,2" yaku="1,1,2,1,0,1,52,1,54,2,53,1" doraHai="51" doraHaiUra="23" who="0" fromWho="0" sc="198,130,323,-30,271,-30,198,-60" owari="328,42.8,293,9.3,241,-15.9,138,-36.2" /></mjloggm>