<mjloggm ver="2.3"><GO type="225" lobby="0"/><UN n0="%77%72%77%72%77%72%77%72" n1="%E3%81%99%E3%83%BC%5F%E9%88%B4%E6%9C%A8%E6%B5%A9%E5%B9%B3" n2="%E7%99%BD%E5%80%89%E5%AF%9B%E4%B9%8B" n3="%E3%81%BF%E3%81%BF%E3%81%9A" dan="17,16,16,17" rate="2177.87,2062.18,2140.85,2190.06" sx="M,M,M,M"/><TAIKYOKU oya="0"/><INIT seed="0,0,0,3,2,44" ten="250,250,250,250" oya="0" hai0="107,79,40,129,20,135,128,5,132,93,50,34,49" hai1="112,22,110,73,91,51,18,66,116,41,13,90,12" hai2="108,33,21,53,17,9,81,85,61,45,72,105,69" hai3="74,130,83,94,6,78,59,84,16,70,123,115,122"/><T0/><D107/><U67/><E73/><V133/><F105/><W32/><G70/><T89/><D34/><U38/><E38/><V3/><F33/><W100/><G115/><T75/><D40/><U30/><E116/><V71/><F133/><N who="0" m="51274" /><D20/><U82/><E112/><V96/><F72/><W1/><G32/><T4/><D79/><U95/><E30/><V77/><F96/><N who="3" m="59415" /><G130/><N who="0" m="50283" /><D75/><U26/><E110/><V11/><F108/><W47/><G6/><N who="0" m="2667" /><D0/><U65/><E41/><V119/><F119/><W14/><G1/><T120/><D120/><N who="3" m="46121" /><G47/><T102/><D102/><U54/><E82/><V103/><F103/><W56/><G74/><T134/><D134/><U23/><E95/><V98/><F98/><AGARI ba="0,0" hai="49,50,89,93,98" m="2667,50283,51274" machi="98" ten="30,11600,0" yaku="20,1,19,1,52,2" doraHai="44" who="0" fromWho="2" sc="250,116,250,0,250,-116,250,0" /><INIT seed="0,1,0,4,4,69" ten="366,250,134,250" oya="0" hai0="119,81,37,5,122,28,120,71,50,111,83,96,135" hai1="67,43,110,52,47,84,32,56,90,106,34,108,3" hai2="40,16,103,17,70,95,57,104,72,49,62,46,77" hai3="39,93,7,133,79,48,51,78,63,76,87,100,109"/><T65/><D119/><U31/><E106/><V19/><F70/><W64/><G109/><N who="1" m="42090" /><E67/><V45/><F104/><W41/><G133/><T114/><D114/><U102/><E102/><V101/><F72/><W127/><G127/><T20/><D111/><U134/><E3/><V107/><F107/><W99/><G7/><T91/><D135/><U98/><E98/><V22/><F77/><W53/><G87/><T38/><D65/><U24/><E134/><V14/><F46/><W36/><G41/><T2/><D96/><U61/><E34/><V121/><F121/><W15/><G15/><T116/><D71/><U73/><E73/><V6/><F95/><W66/><G51/><T85/><D50/><N who="1" m="27007" /><E84/><V75/><F75/><W118/><G118/><T130/><D116/><U112/><E90/><V4/><F4/><W129/><G129/><T123/><D130/><U11/><E11/><N who="2" m="4471" /><F22/><W27/><G27/><T9/><REACH who="0" step="1"/><D81/><REACH who="0" ten="356,250,134,250" step="2"/><U59/><E112/><V10/><F10/><W86/><G66/><AGARI ba="1,1" hai="16,17,19,40,45,49,57,62,66,101,103" m="4471" machi="66" ten="30,2000,0" yaku="8,1,54,1" doraHai="69" who="2" fromWho="3" sc="356,0,250,0,134,33,250,-23" /><INIT seed="1,0,0,2,4,116" ten="356,250,167,227" oya="1" hai0="34,20,54,17,24,118,114,129,108,87,93,77,3" hai1="10,95,52,1,127,8,105,132,11,72,44,69,42" hai2="16,91,90,109,135,27,23,15,28,82,62,88,6" hai3="31,96,30,63,98,53,102,2,7,48,113,124,107"/><U56/><E105/><V19/><F109/><W73/><G113/><T61/><D114/><U131/><E69/><V25/><F135/><W21/><G73/><T43/><D118/><U55/><E132/><V64/><F6/><W70/><G124/><T33/><D108/><U86/><E72/><V115/><F115/><W51/><G98/><T78/><D3/><U130/><E127/><V104/><F104/><W106/><G106/><T57/><D129/><N who="1" m="49163" /><E1/><V99/><F99/><W49/><G21/><T41/><D33/><U35/><E35/><V9/><F82/><W125/><G125/><T67/><D34/><U36/><E56/><V0/><F0/><W94/><G107/><T100/><D67/><U68/><E68/><V38/><F38/><W75/><G75/><T119/><D119/><U84/><E84/><V59/><F27/><W134/><G134/><T13/><D24/><U89/><AGARI ba="0,0" hai="8,10,11,36,42,44,52,55,86,89,95" m="49163" machi="89" ten="40,3900,0" yaku="19,1,54,1" doraHai="116" who="1" fromWho="1" sc="356,-13,250,39,167,-13,227,-13" /><INIT seed="1,1,0,3,2,95" ten="343,289,154,214" oya="1" hai0="122,15,1,12,93,41,102,2,13,130,32,128,55" hai1="11,74,135,78,59,133,31,112,66,88,123,56,0" hai2="46,19,96,79,36,117,63,7,30,64,9,84,70" hai3="98,86,28,62,87,126,116,10,69,27,20,34,14"/><U73/><E123/><V21/><F117/><W94/><G126/><T121/><D41/><U113/><E31/><V111/><F111/><W24/><G116/><T38/><D38/><U120/><E120/><N who="0" m="46185" /><D55/><U18/><E0/><N who="0" m="105" /><D102/><U40/><E40/><V71/><F30/><W17/><G69/><T124/><D93/><U3/><E3/><V25/><F71/><W92/><G92/><T75/><D75/><U49/><E66/><V108/><F108/><W91/><REACH who="3" step="1"/><G62/><REACH who="3" ten="343,289,154,204" step="2"/><T47/><D124/><U109/><E109/><V90/><F63/><W107/><G107/><T110/><D110/><U125/><E125/><V42/><F70/><W5/><AGARI ba="1,1" hai="5,10,14,17,20,24,27,28,34,86,87,91,94,98" machi="5" ten="20,5200,0" yaku="1,1,0,1,7,1,52,1,53,0" doraHai="95" doraHaiUra="61" who="3" fromWho="3" sc="343,-14,289,-27,154,-14,204,65" /><INIT seed="2,0,0,2,5,111" ten="329,262,140,269" oya="2" hai0="61,130,99,125,58,79,68,27,77,83,94,108,17" hai1="71,39,56,45,129,24,109,117,73,60,100,88,86" hai2="112,18,107,101,41,13,70,78,120,85,128,122,134" hai3="52,4,59,103,102,5,91,42,25,10,126,95,34"/><V57/><F70/><W43/><G34/><T26/><D68/><U40/><E117/><V6/><F6/><N who="3" m="2667" /><G10/><T54/><D108/><U36/><E109/><V62/><F41/><N who="3" m="15371" /><G25/><N who="0" m="9227" /><D130/><U12/><E73/><V81/><F128/><W38/><G126/><T96/><D125/><U55/><E129/><V98/><F134/><W106/><G106/><T114/><D114/><U72/><E72/><V66/><REACH who="2" step="1"/><F112/><REACH who="2" ten="329,262,130,269" step="2"/><W132/><G132/><T48/><D77/><U9/><E71/><V3/><F3/><W31/><G38/><T49/><D79/><U121/><E36/><V15/><F15/><W124/><G124/><T84/><D17/><U51/><E39/><V131/><F131/><W119/><G119/><T11/><D11/><AGARI ba="0,1" hai="11,13,18,57,62,66,78,81,85,98,101,107,120,122" machi="11" ten="30,2900,0" yaku="1,1,7,1,53,0" doraHai="111" doraHaiUra="46" who="2" fromWho="0" sc="329,-29,262,0,130,39,269,0" /><INIT seed="2,1,0,5,5,39" ten="300,262,169,269" oya="2" hai0="52,124,89,72,53,106,33,41,103,38,6,27,108" hai1="12,102,120,79,21,94,117,0,67,76,26,83,37" hai2="96,113,134,5,9,64,111,35,17,116,119,107,87" hai3="59,30,122,43,114,13,25,62,132,135,99,66,20"/><V131/><F35/><W14/><G122/><T98/><D72/><U121/><E0/><V7/><F113/><W58/><G114/><T42/><D108/><U81/><E37/><V74/><F74/><W126/><G126/><T45/><D124/><U1/><E1/><V68/><F111/><W97/><G58/><T50/><D6/><U84/><E117/><V57/><F68/><W29/><G29/><T77/><D77/><U2/><E2/><V75/><F75/><W109/><G109/><T92/><D38/><U73/><E67/><V8/><F17/><W40/><G135/><T90/><D53/><U11/><E94/><V115/><F115/><W19/><G13/><T88/><D106/><U23/><E102/><N who="2" m="62919" /><F87/><W127/><G132/><T51/><D33/><U48/><E48/><V105/><F105/><W56/><G56/><N who="0" m="32791" /><D42/><N who="3" m="15913" /><G127/><T31/><D27/><U47/><E47/><V118/><F134/><W93/><G93/><T18/><D18/><U65/><E65/><V128/><F57/><W100/><G100/><T78/><D31/><U91/><E76/><V123/><F64/><W71/><G71/><T55/><D78/><U82/><E26/><V46/><F46/><W61/><G62/><T125/><D125/><U95/><E120/><V16/><F123/><W60/><G61/><T32/><D32/><U86/><E121/><V4/><F16/><W44/><G44/><T133/><D133/><U112/><E112/><V70/><F70/><W69/><G69/><T104/><D104/><U34/><E34/><V85/><F85/><W129/><G129/><AGARI ba="1,0" hai="4,5,7,8,9,116,118,119,128,129,131" m="62919" machi="129" ten="40,2000,0" yaku="19,1" doraHai="39" who="2" fromWho="3" sc="300,0,262,0,169,23,269,-23" /><INIT seed="2,2,0,2,2,80" ten="300,262,192,246" oya="2" hai0="48,57,105,102,46,4,131,107,117,127,115,113,33" hai1="15,83,25,55,5,116,22,108,99,75,12,28,62" hai2="129,18,6,8,11,59,130,78,9,49,14,29,34" hai3="70,76,111,53,135,24,21,10,112,0,35,110,37"/><V65/><F78/><W45/><G70/><T67/><D33/><U72/><E116/><V86/><F86/><W94/><G35/><T79/><D117/><U36/><E36/><V92/><F92/><W42/><G135/><T85/><D131/><N who="2" m="50186" /><F65/><W74/><G112/><T64/><D127/><U96/><E108/><N who="3" m="41514" /><G53/><T40/><D4/><U126/><E126/><V123/><F59/><W41/><G41/><T69/><D69/><U32/><E32/><V125/><F49/><W61/><G61/><T30/><D30/><U13/><E5/><V60/><F60/><W66/><G66/><T54/><D64/><U20/><E72/><V91/><F91/><W124/><G124/><T90/><D79/><U84/><E75/><V27/><F125/><W133/><G133/><T58/><D58/><N who="1" m="35167" /><E20/><N who="2" m="11351" /><F123/><W56/><G56/><T121/><D67/><U16/><E99/><V1/><AGARI ba="2,0" hai="1,6,8,9,11,27,29,34" m="11351,50186" machi="1" ten="30,11700,0" yaku="24,1,19,1,34,2" doraHai="80" who="2" fromWho="2" sc="300,-41,262,-41,192,123,246,-41" /><INIT seed="2,3,0,5,5,101" ten="259,221,315,205" oya="2" hai0="97,66,43,72,51,82,73,55,28,120,84,9,36" hai1="35,114,99,91,26,86,80,38,89,69,94,122,22" hai2="90,118,54,27,112,116,45,119,104,16,106,70,15" hai3="96,71,8,92,126,87,48,10,67,58,12,50,132"/><V134/><F70/><W49/><G126/><T59/><D120/><U3/><E114/><V103/><F112/><W14/><G132/><T29/><D66/><U93/><E69/><V65/><F65/><W44/><G71/><T88/><D9/><N who="3" m="3689" /><G87/><T13/><D13/><N who="3" m="5225" /><G67/><T135/><D135/><U46/><E3/><V76/><F134/><W117/><G58/><T125/><D125/><U60/><E122/><V113/><F113/><W105/><G105/><T6/><D6/><U25/><E60/><V95/><F76/><W128/><G128/><T81/><D97/><U109/><E99/><V47/><F103/><N who="3" m="60807" /><G117/><T102/><D102/><U41/><E89/><V133/><F133/><W63/><G63/><T62/><D36/><U21/><E38/><V52/><F27/><W61/><G61/><T123/><D72/><U127/><E127/><V77/><F77/><W115/><G115/><T74/><D74/><U19/><E25/><V110/><F110/><W111/><G111/><T4/><D4/><U0/><E109/><V108/><F108/><W2/><G2/><T53/><D73/><U124/><E0/><V57/><F47/><W30/><G30/><N who="0" m="11883" /><D123/><U79/><E124/><V100/><F45/><W42/><AGARI ba="3,0" hai="42,44,48,49,50" m="60807,5225,3689" machi="42" ten="30,1100,0" yaku="8,1" doraHai="101" who="3" fromWho="3" sc="259,-6,221,-6,315,-8,205,20" /><INIT seed="3,0,0,2,3,109" ten="253,215,307,225" oya="3" hai0="43,83,105,24,61,77,80,18,123,67,25,120,16" hai1="89,114,11,59,17,131,38,73,103,28,31,79,64" hai2="72,98,134,133,85,100,29,51,8,135,127,129,19" hai3="96,48,82,46,99,124,5,30,75,35,1,58,104"/><W71/><G71/><T68/><D105/><U107/><E38/><V108/><F72/><W113/><G113/><T13/><D43/><U62/><E114/><V3/><F108/><W9/><G104/><T91/><D18/><U110/><E110/><V88/><F29/><W118/><G118/><T21/><D123/><U44/><E131/><V116/><F129/><W27/><G124/><T94/><D120/><U12/><E73/><V20/><F51/><W41/><G75/><T121/><D121/><U76/><E44/><V119/><F127/><W93/><G82/><T57/><D68/><U84/><E103/><V87/><F87/><W50/><G93/><T52/><D67/><U66/><E66/><V122/><F122/><W128/><G128/><T53/><D53/><U130/><E107/><N who="2" m="63895" /><F8/><W34/><REACH who="3" step="1"/><G34/><REACH who="3" ten="253,215,307,215" step="2"/><T60/><D83/><N who="1" m="49311" /><E130/><V32/><F32/><W117/><G117/><T45/><D80/><U39/><E39/><V56/><F119/><W33/><G33/><T42/><D94/><U15/><E15/><N who="2" m="9343" /><F116/><W74/><G74/><T47/><D13/><U4/><E4/><V14/><F14/><W22/><G22/><T49/><D21/><U90/><E90/><V115/><F115/><W92/><G92/><T10/><D91/><U70/><E70/><V81/><F3/><W2/><G2/><T7/><D7/><U54/><E64/><V126/><F126/><W102/><G102/><T26/><D77/><AGARI ba="0,1" hai="11,12,17,28,31,54,59,62,76,77,79" m="49311" machi="77" ten="30,1000,0" yaku="8,1" doraHai="109" who="1" fromWho="0" sc="253,-10,215,20,307,0,215,0" owari="243,4.3,235,-16.5,307,40.7,215,-28.5" /></mjloggm>