<mjloggm ver="2.3"><GO type="225" lobby="0"/><UN n0="%E3%81%95%E3%81%8D%E3%81%9F%E3%81%BE%E6%9E%97%E6%AA%8E" n1="%E6%B4%BE%E9%81%A3%E3%81%AE%E3%82%B8%E3%83%A3%E3%83%83%E3%82%AF" n2="%E7%99%BD%E5%80%89%E5%AF%9B%E4%B9%8B" n3="%E3%83%96%E3%83%83%E3%83%91%E3%82%AA%E3%83%96%E3%83%81%E3%82%AD%E3%83%B3" dan="16,17,16,17" rate="2109.22,2183.96,2171.05,2192.45" sx="M,M,M,M"/><TAIKYOKU oya="0"/><INIT seed="0,0,0,3,1,41" ten="250,250,250,250" oya="0" hai0="49,85,21,103,64,61,1,127,52,79,124,107,132" hai1="94,92,25,14,128,46,90,24,2,114,76,88,48" hai2="50,122,82,116,93,26,12,78,134,53,0,8,131" hai3="32,100,73,129,10,62,56,108,86,45,59,3,89"/><T81/><D1/><U106/><E106/><V13/><F116/><W71/><G73/><T27/><D132/><U117/><E117/><V65/><F134/><W58/><G32/><T18/><D103/><U135/><E2/><V20/><F122/><W4/><G108/><T95/><D95/><N who="1" m="36395" /><E135/><V7/><F65/><W6/><G129/><T43/><D43/><N who="1" m="24671" /><E128/><V102/><F131/><W120/><G120/><T23/><D107/><U109/><E109/><V118/><F118/><W5/><G100/><T22/><D127/><U113/><E76/><V42/><F42/><W11/><G71/><T126/><D124/><U91/><E14/><V29/><F93/><W39/><G39/><T44/><REACH who="0" step="1"/><D126/><REACH who="0" ten="240,250,250,250" step="2"/><U98/><E98/><V40/><F102/><W74/><G3/><T77/><D77/><U69/><E69/><AGARI ba="0,1" hai="18,21,22,23,27,44,49,52,61,64,69,79,81,85" machi="69" ten="30,11600,0" yaku="1,1,7,1,52,1,54,1,53,0" doraHai="41" doraHaiUra="111" who="0" fromWho="1" sc="240,126,250,-116,250,0,250,0" /><INIT seed="0,1,0,1,2,109" ten="366,134,250,250" oya="0" hai0="69,88,47,57,37,29,122,84,127,72,35,27,93" hai1="107,46,110,81,132,120,118,70,58,45,105,32,9" hai2="108,7,24,20,82,61,2,71,63,125,21,73,0" hai3="80,31,95,78,129,36,133,26,91,41,106,25,43"/><T124/><D122/><U6/><E120/><V23/><F108/><W39/><G106/><T135/><D72/><U33/><E118/><V40/><F125/><N who="0" m="48202" /><D69/><U116/><E116/><V77/><F24/><W115/><G133/><T89/><D135/><U68/><E58/><V5/><F40/><W102/><G129/><T130/><D130/><U19/><E19/><V103/><F103/><W50/><G102/><T3/><D3/><U123/><E81/><V10/><F71/><N who="1" m="27177" /><E123/><V98/><REACH who="2" step="1"/><F98/><REACH who="2" ten="366,134,240,250" step="2"/><N who="3" m="57727" /><G41/><N who="0" m="22959" /><D57/><U51/><E110/><V76/><F76/><W49/><G78/><T111/><D111/><U18/><E132/><V64/><F64/><W53/><G25/><T55/><D55/><U17/><E45/><V131/><F131/><W62/><G26/><T67/><D67/><U38/><E46/><V52/><F52/><W85/><G53/><T114/><D89/><U56/><E56/><V119/><F119/><W83/><G43/><T79/><D79/><U121/><E121/><V97/><F97/><W8/><G39/><T44/><D44/><U4/><E38/><V92/><F92/><W11/><G36/><T16/><D88/><U13/><E105/><V60/><F60/><W15/><G62/><T90/><D90/><U86/><E107/><V54/><F54/><W104/><G104/><T101/><D93/><U30/><E51/><V75/><F75/><W134/><G50/><T112/><D101/><U99/><E99/><V34/><F34/><W117/><G49/><T42/><D42/><U74/><E74/><V87/><F87/><W100/><G85/><T28/><D84/><RYUUKYOKU ba="1,1" sc="366,-10,134,-10,240,30,250,-10" hai2="0,2,5,7,10,20,21,23,61,63,73,77,82" /><INIT seed="1,2,1,2,2,95" ten="356,124,270,240" oya="1" hai0="126,98,86,4,85,99,124,113,12,87,11,9,106" hai1="128,24,42,55,46,108,38,33,1,7,127,36,58" hai2="30,78,25,21,26,53,120,103,17,59,122,97,100" hai3="71,40,104,44,115,23,15,60,56,54,135,90,43"/><U129/><E127/><N who="0" m="48681" /><D113/><U41/><E1/><V14/><F78/><W70/><G115/><T76/><D106/><U29/><E7/><V5/><F5/><W10/><G104/><T66/><D66/><U50/><REACH who="1" step="1"/><E108/><REACH who="1" ten="356,114,270,240" step="2"/><V75/><F122/><W31/><G135/><T63/><D76/><U48/><E48/><V84/><F120/><W130/><G130/><T102/><D102/><U110/><E110/><V16/><F103/><W51/><G90/><T8/><D63/><U39/><E39/><V6/><F6/><W101/><G101/><T37/><D37/><U62/><E62/><V22/><F100/><W89/><G89/><T112/><D112/><U111/><E111/><V125/><F125/><W3/><G3/><T131/><D131/><U121/><E121/><V88/><F88/><W27/><G43/><T72/><D72/><U123/><E123/><V93/><F75/><W134/><G134/><T28/><D28/><U116/><E116/><V47/><F30/><W49/><G60/><T118/><D118/><U114/><E114/><V133/><F133/><W73/><G73/><T109/><D109/><U81/><E81/><V79/><F79/><W107/><G107/><T35/><D35/><U91/><E91/><V69/><F17/><AGARI ba="2,2" hai="10,15,17,23,27,31,40,44,49,51,54,56,70,71" machi="17" ten="30,1000,0" yaku="7,1" doraHai="95" who="3" fromWho="2" sc="356,0,114,0,270,-16,240,36" /><INIT seed="2,0,0,4,0,127" ten="356,114,254,276" oya="2" hai0="28,23,90,27,73,62,126,44,94,30,95,96,35" hai1="2,58,43,14,120,103,111,128,108,75,0,134,102" hai2="11,29,82,106,80,86,31,41,63,12,9,64,93" hai3="122,52,4,99,130,47,105,113,5,112,6,42,39"/><V61/><F106/><W17/><G122/><T97/><D126/><U84/><E75/><V133/><F133/><W56/><G130/><T129/><D129/><U66/><E43/><V13/><F41/><W83/><G17/><T16/><D73/><U51/><E120/><V116/><F116/><W107/><G83/><T125/><D125/><U89/><E134/><V115/><F93/><W124/><G124/><T131/><D131/><U34/><E34/><V100/><F100/><W49/><REACH who="3" step="1"/><G99/><REACH who="3" ten="356,114,254,266" step="2"/><T98/><D98/><U40/><E128/><V45/><F82/><W15/><G15/><T38/><D16/><U33/><E14/><V32/><F13/><W25/><G25/><T60/><D97/><U117/><E117/><V67/><F12/><W118/><G118/><T109/><D96/><U24/><E0/><V3/><F3/><W70/><G70/><T20/><D27/><U7/><E2/><V68/><F80/><W104/><AGARI ba="0,1" hai="4,5,6,39,42,47,49,52,56,104,105,107,112,113" machi="104" ten="40,5200,0" yaku="1,1,0,1,54,1,53,0" doraHai="127" doraHaiUra="123" who="3" fromWho="3" sc="356,-13,114,-13,254,-26,266,62" /><INIT seed="3,0,0,1,4,112" ten="343,101,228,328" oya="3" hai0="59,84,81,90,70,69,94,65,38,73,9,89,23" hai1="24,79,53,14,80,36,86,103,133,99,97,100,128" hai2="114,16,39,5,13,130,118,50,56,61,60,21,0" hai3="2,7,67,26,57,27,32,64,45,48,18,95,107"/><W8/><G107/><T52/><D38/><U46/><E128/><V54/><F39/><W134/><G134/><T78/><D65/><U115/><E133/><V72/><F72/><W34/><G57/><T1/><D23/><U83/><E115/><V40/><F114/><W19/><G19/><T123/><D123/><U3/><E3/><V129/><F40/><W51/><G51/><T131/><D131/><N who="2" m="50186" /><F118/><W82/><G95/><T126/><D126/><U12/><E36/><V17/><F17/><W109/><G109/><T66/><D66/><U20/><E20/><V41/><F41/><W58/><G58/><T87/><D9/><AGARI ba="0,0" hai="0,5,9,13,16,21,50,54,56,60,61" m="50186" machi="9" ten="30,2000,0" yaku="19,1,54,1" doraHai="112" who="2" fromWho="0" sc="343,-20,101,0,228,20,328,0" owari="323,12.3,101,-39.9,248,-15.2,328,42.8" /></mjloggm>