<mjloggm ver="2.3"><GO type="225" lobby="0"/><UN n0="%E3%81%99%E3%81%84%E3%81%BE%E3%81%9B%E3%83%BC%E3%82%93" n1="%E6%98%BC%E4%B8%8B%E3%81%8C%E3%82%8A%E3%81%AE%E5%9B%A3%E5%9C%B0%E5%A6%BB" n2="%E3%83%96%E3%83%83%E3%83%91%E3%82%AA%E3%83%96%E3%83%81%E3%82%AD%E3%83%B3" n3="%72%69%6F%75%63%68%61%6E" dan="18,16,16,16" rate="2208.48,2144.45,2196.30,2088.35" sx="M,F,M,M"/><TAIKYOKU oya="0"/><INIT seed="0,0,0,4,4,18" ten="250,250,250,250" oya="0" hai0="108,37,110,123,104,1,27,58,12,130,72,35,39" hai1="11,120,100,121,106,8,79,82,3,5,93,74,88" hai2="89,115,62,86,53,70,126,4,85,102,92,56,33" hai3="96,67,48,112,97,111,98,124,80,61,46,116,76"/><T23/><D1/><U28/><E8/><V34/><F115/><W7/><G111/><N who="0" m="42539" /><D123/><U45/><E28/><V52/><F126/><W42/><G124/><T13/><D130/><U38/><E100/><V57/><F70/><W84/><G116/><T64/><D72/><U91/><E106/><V24/><F102/><W49/><G112/><T6/><D104/><U10/><E10/><V101/><F101/><W40/><G7/><T128/><D35/><U43/><REACH who="1" step="1"/><E91/><REACH who="1" ten="250,240,250,250" step="2"/><V113/><F113/><W31/><G31/><N who="0" m="17919" /><D128/><U78/><E78/><V90/><F4/><W118/><G118/><T109/><D109/><U66/><E66/><V54/><F24/><W55/><REACH who="3" step="1"/><G49/><REACH who="3" ten="250,240,250,240" step="2"/><T122/><D6/><U0/><E0/><V14/><F14/><N who="0" m="5738" /><D122/><U47/><E47/><V117/><F117/><W135/><G135/><T129/><D129/><U17/><E17/><V94/><REACH who="2" step="1"/><F54/><REACH who="2" ten="250,240,240,240" step="2"/><W119/><G119/><T16/><D16/><U25/><E25/><V81/><F81/><W103/><G103/><T32/><D32/><U9/><E9/><V107/><F107/><W87/><G87/><AGARI ba="0,3" hai="3,5,11,38,43,45,74,79,82,87,88,93,120,121" machi="87" ten="30,8000,1" yaku="1,1,7,1,25,2,54,1,53,0" doraHai="18" doraHaiUra="133" who="1" fromWho="3" sc="250,0,240,110,240,0,240,-80" /><INIT seed="1,0,0,2,2,21" ten="250,350,240,160" oya="1" hai0="100,40,29,60,64,116,10,51,71,118,97,119,111" hai1="7,58,122,16,101,67,90,14,74,96,92,120,52" hai2="88,49,27,25,124,108,39,69,78,82,54,66,89" hai3="110,4,86,56,83,123,112,55,34,31,133,59,62"/><U128/><E128/><V70/><F39/><W41/><G110/><T42/><D111/><U13/><E74/><V6/><F108/><W95/><G133/><T102/><D102/><U9/><E67/><V79/><F6/><W75/><G123/><T19/><D51/><U129/><E129/><V134/><F134/><W130/><G130/><T131/><D131/><U26/><E101/><V11/><F124/><W57/><G112/><T91/><D91/><N who="2" m="34890" /><F69/><W109/><G109/><T3/><D29/><U135/><E135/><V32/><F32/><W33/><G4/><T107/><REACH who="0" step="1"/><D3/><REACH who="0" ten="240,350,240,160" step="2"/><U37/><E37/><V61/><F49/><W44/><G31/><T65/><D65/><U5/><E122/><V104/><F66/><W23/><G62/><T45/><D45/><U121/><E121/><V68/><F104/><W84/><G44/><T127/><D127/><U47/><E47/><V48/><F61/><W114/><G114/><T115/><D115/><U18/><E120/><V76/><F76/><N who="3" m="44447" /><G41/><T43/><D43/><U99/><E99/><V77/><F77/><W50/><G50/><T22/><D22/><N who="1" m="13639" /><E13/><AGARI ba="0,1" hai="10,13,19,40,42,60,64,71,97,100,107,116,118,119" machi="13" ten="40,1300,0" yaku="1,1,53,0" doraHai="21" doraHaiUra="80" who="0" fromWho="1" sc="240,23,350,-13,240,0,160,0" /><INIT seed="2,0,0,3,1,58" ten="263,337,240,160" oya="2" hai0="24,21,91,88,2,35,50,56,76,127,114,10,71" hai1="25,17,37,43,8,70,109,39,83,45,59,6,110" hai2="113,85,124,40,78,61,3,54,132,20,55,68,38" hai3="60,1,32,115,102,118,119,82,80,15,97,33,79"/><V57/><F113/><W67/><G1/><T49/><D114/><U122/><E70/><V53/><F3/><W72/><G115/><T19/><D71/><U101/><E122/><V87/><F124/><W47/><G47/><T4/><D127/><U130/><E130/><V31/><F132/><W36/><G36/><T63/><D35/><U73/><E101/><V89/><F68/><N who="3" m="42087" /><G15/><T112/><D76/><U0/><E39/><V22/><F38/><W51/><G51/><T74/><D74/><U46/><E46/><V65/><F40/><W93/><G93/><T95/><D91/><U34/><E59/><V28/><F78/><N who="3" m="44103" /><G97/><T116/><D116/><N who="3" m="44585" /><G102/><T99/><REACH who="0" step="1"/><D112/><REACH who="0" ten="253,337,240,160" step="2"/><U13/><E73/><AGARI ba="0,1" hai="32,33,73,79,82" m="44585,44103,42087" machi="73" ten="30,2000,0" yaku="23,1,52,1" doraHai="58" who="3" fromWho="1" sc="253,0,337,-20,240,0,160,30" /><INIT seed="3,0,0,2,5,90" ten="253,317,240,190" oya="3" hai0="131,77,123,70,81,6,93,99,52,87,24,10,17" hai1="9,67,29,85,62,60,116,74,55,48,61,47,107" hai2="128,129,119,33,66,112,100,59,79,49,86,31,84" hai3="27,20,28,94,64,83,41,110,130,108,113,16,98"/><W43/><G113/><T80/><D123/><U82/><E107/><V51/><F112/><W38/><G130/><N who="2" m="50281" /><F119/><W101/><G64/><T42/><D131/><U5/><E74/><V69/><F69/><W95/><G38/><T32/><D70/><U26/><E116/><V44/><F100/><N who="3" m="60503" /><G83/><T21/><D32/><U63/><E63/><N who="2" m="38271" /><F79/><W102/><G28/><T111/><D111/><N who="3" m="42537" /><G101/><T12/><D81/><U122/><E122/><V72/><F72/><W56/><G56/><T88/><D42/><U120/><E120/><V57/><F57/><W133/><G133/><T1/><REACH who="0" step="1"/><D52/><REACH who="0" ten="243,317,240,190" step="2"/><U126/><E67/><V34/><F34/><W30/><G30/><T124/><D124/><U53/><E53/><N who="2" m="29863" /><F31/><W121/><G121/><T2/><AGARI ba="0,1" hai="1,2,6,10,12,17,21,24,77,80,87,88,93,99" machi="2" ten="30,8000,1" yaku="1,1,0,1,52,1,54,1,53,1" doraHai="90" doraHaiUra="0" who="0" fromWho="0" sc="243,90,317,-20,240,-20,190,-40" owari="333,43.3,297,9.7,220,-18.0,150,-35.0" /></mjloggm>