<mjloggm ver="2.3"><GO type="225" lobby="0"/><UN n0="%E3%83%96%E3%83%83%E3%83%91%E3%82%AA%E3%83%96%E3%83%81%E3%82%AD%E3%83%B3" n1="%E3%82%B7%E3%83%B3%E5%A4%AA%E6%9C%97" n2="%E6%A1%9C%E8%8A%B1%E9%96%83%E3%80%85" n3="%E6%97%A5%E6%9B%9C%E6%97%A5%E3%82%88%E3%82%8A%E3%81%AE%E4%BD%BF%E8%80%85" dan="16,16,16,16" rate="2112.55,2131.38,2124.19,2145.55" sx="M,M,M,M"/><TAIKYOKU oya="0"/><INIT seed="0,0,0,5,2,5" ten="250,250,250,250" oya="0" hai0="135,77,134,87,131,82,64,84,108,46,22,54,1" hai1="62,58,120,61,105,132,27,128,26,115,53,31,125" hai2="130,72,70,57,85,96,59,16,103,11,21,114,19" hai3="89,118,20,13,0,23,65,33,18,99,17,93,122"/><T12/><D1/><U126/><E120/><V40/><F114/><W3/><G118/><T2/><D2/><U36/><E36/><V51/><F72/><W124/><G122/><T75/><D64/><U107/><E115/><V49/><F70/><W98/><G33/><T48/><D131/><U127/><E128/><V6/><F85/><W52/><G65/><T95/><D108/><U43/><E43/><V117/><F117/><W30/><G30/><T55/><D55/><U106/><E132/><N who="0" m="50729" /><D95/><U25/><REACH who="1" step="1"/><E62/><REACH who="1" ten="250,240,250,250" step="2"/><V121/><F121/><W24/><G124/><T63/><D63/><U37/><E37/><V110/><F130/><W44/><REACH who="3" step="1"/><G99/><REACH who="3" ten="250,240,250,240" step="2"/><T42/><D42/><U76/><E76/><V28/><F40/><W66/><G66/><T100/><D77/><U102/><E102/><V97/><F103/><W9/><G9/><T86/><D100/><U47/><E47/><V113/><F11/><W88/><G88/><N who="0" m="51223" /><D75/><U116/><E116/><V41/><F41/><W34/><G34/><AGARI ba="0,2" hai="25,26,27,31,34,53,58,61,105,106,107,125,126,127" machi="34" ten="50,3200,0" yaku="1,1,18,1,53,0" doraHai="5" doraHaiUra="69" who="1" fromWho="3" sc="250,0,240,52,250,0,240,-32" /><INIT seed="1,0,0,3,1,131" ten="250,292,250,208" oya="1" hai0="76,67,98,114,20,126,110,85,115,106,68,92,123" hai1="63,54,33,47,2,5,58,69,97,118,0,72,133" hai2="84,8,99,10,65,64,12,24,111,23,9,37,81" hai3="73,79,125,15,66,30,43,40,107,89,4,45,35"/><U90/><E118/><V36/><F111/><W50/><G107/><T53/><D110/><U49/><E72/><V121/><F121/><W78/><G125/><T39/><D39/><U25/><E133/><V51/><F99/><W113/><G113/><T28/><D126/><U94/><E69/><V38/><F51/><W134/><G73/><T128/><D128/><U60/><E5/><V48/><F48/><W120/><G120/><T109/><D109/><U11/><E11/><V82/><F12/><W103/><G103/><T105/><D105/><U127/><E127/><V83/><REACH who="2" step="1"/><F84/><REACH who="2" ten="250,292,240,208" step="2"/><W34/><G50/><T42/><D85/><U124/><E124/><V32/><F32/><W93/><G34/><T95/><D98/><U16/><E63/><V31/><AGARI ba="0,1" hai="8,9,10,23,24,31,36,37,38,64,65,81,82,83" machi="31" ten="40,8000,1" yaku="1,1,0,1,29,2,53,0" doraHai="131" doraHaiUra="41" who="2" fromWho="2" sc="250,-20,292,-40,240,90,208,-20" /><INIT seed="2,0,0,2,2,98" ten="230,252,330,188" oya="2" hai0="79,87,10,31,6,54,104,46,40,117,42,75,59" hai1="89,65,108,132,66,36,80,82,94,21,110,96,3" hai2="97,7,101,126,88,92,27,48,129,44,43,35,47" hai3="50,58,120,16,5,69,99,4,130,68,84,20,119"/><V18/><F126/><W85/><G119/><T109/><D109/><N who="1" m="42091" /><E132/><V81/><F129/><W8/><G120/><T19/><D117/><U0/><E36/><V125/><F125/><W49/><G130/><T90/><D31/><U23/><E21/><N who="2" m="13751" /><F35/><W135/><G135/><T107/><D19/><U51/><E51/><N who="2" m="27039" /><F7/><W60/><G69/><T13/><D79/><U131/><E23/><V93/><F81/><N who="1" m="31337" /><E131/><V71/><F71/><W24/><G68/><T111/><D75/><U26/><E26/><V15/><F15/><W128/><G128/><T41/><D6/><U74/><E74/><V102/><F93/><W63/><G5/><T45/><D13/><U39/><E39/><V122/><F122/><W57/><G49/><T134/><D111/><U116/><E116/><V25/><F25/><W77/><G50/><T29/><D134/><U91/><E91/><V53/><AGARI ba="0,0" hai="47,48,53,88,92,97,101,102" m="27039,13751" machi="53" ten="30,11700,0" yaku="8,1,52,2,54,1" doraHai="98" who="2" fromWho="2" sc="230,-39,252,-39,330,117,188,-39" /><INIT seed="2,1,0,3,5,124" ten="191,213,447,149" oya="2" hai0="119,79,40,65,31,116,76,45,1,13,39,3,50" hai1="97,111,94,16,114,44,49,95,54,61,125,12,109" hai2="20,6,27,30,38,0,19,33,7,104,129,117,60" hai3="22,135,2,92,100,107,53,26,59,108,84,110,23"/><V47/><F104/><W71/><G71/><T18/><D65/><U69/><E114/><V8/><F60/><W131/><G2/><T67/><D67/><N who="1" m="41199" /><E125/><V128/><F117/><N who="0" m="45130" /><D31/><U32/><E97/><V21/><F38/><W14/><G107/><T78/><D39/><U120/><E32/><V52/><F52/><W25/><G135/><T127/><D127/><U29/><E29/><V17/><F47/><W75/><G75/><T48/><D48/><U83/><E83/><V126/><F7/><W4/><G4/><T11/><AGARI ba="1,0" hai="1,3,11,13,18,40,45,50,76,78,79" m="45130" machi="11" ten="30,1100,0" yaku="12,1" doraHai="124" who="0" fromWho="0" sc="191,14,213,-4,447,-6,149,-4" /><INIT seed="3,0,0,4,4,107" ten="205,209,441,145" oya="3" hai0="109,61,10,135,82,89,47,34,133,30,4,127,71" hai1="28,14,48,105,12,56,46,39,75,13,85,24,73" hai2="11,1,29,74,60,113,104,6,122,41,31,76,52" hai3="15,59,83,51,92,101,23,38,37,131,79,102,33"/><W126/><G33/><T96/><D109/><U19/><E39/><V125/><F113/><W94/><G126/><T8/><D127/><U80/><E105/><V49/><F104/><W63/><G51/><T70/><D47/><U26/><E56/><V114/><F114/><W42/><G131/><T55/><D34/><U2/><E2/><V97/><F97/><W134/><G134/><N who="0" m="51211" /><D30/><U35/><E19/><V65/><F41/><W22/><G42/><T62/><D10/><U40/><REACH who="1" step="1"/><E26/><REACH who="1" ten="205,199,441,145" step="2"/><V103/><F1/><W121/><G121/><T21/><D71/><U54/><E54/><V57/><F52/><N who="3" m="34279" /><G37/><T123/><D55/><U118/><E118/><V129/><F57/><W90/><G38/><T66/><D70/><U84/><E84/><V7/><F125/><W106/><G106/><T43/><D43/><U32/><E32/><V53/><F53/><W120/><G120/><T130/><D66/><U115/><E115/><V72/><F65/><W58/><G58/><T116/><D123/><U9/><E9/><V108/><F122/><W112/><G112/><T25/><D8/><U98/><E98/><V119/><F119/><W64/><G64/><T44/><D96/><U0/><E0/><V67/><F67/><W3/><G3/><T78/><D116/><U99/><E99/><V88/><F60/><W95/><G90/><AGARI ba="0,1" hai="12,13,14,24,28,35,40,46,48,73,75,80,85,90" machi="90" ten="40,5200,0" yaku="1,1,52,2,53,0" doraHai="107" doraHaiUra="110" who="1" fromWho="3" sc="205,0,199,62,441,0,145,-52" owari="205,-19.5,261,6.1,441,54.1,93,-40.7" /></mjloggm>