<mjloggm ver="2.3"><GO type="225" lobby="0"/><UN n0="%E3%81%BF%E3%81%BF%E3%81%9A" n1="%4C%4F%4C%49%54%41" n2="%4B%2E%32%2E%4B%2E" n3="%E3%83%81%E3%83%83%E3%82%BF%E3%82%BD%E3%83%BC" dan="18,16,17,16" rate="2244.93,2217.67,2185.18,2106.10" sx="M,F,M,F"/><TAIKYOKU oya="0"/><INIT seed="0,0,0,5,3,84" ten="250,250,250,250" oya="0" hai0="15,94,53,95,69,34,109,99,129,44,80,82,21" hai1="16,36,14,112,52,19,11,60,20,125,88,86,8" hai2="90,115,135,12,28,117,47,120,98,93,26,58,22" hai3="33,51,68,126,25,4,43,105,39,32,55,130,62"/><T75/><D69/><U73/><E73/><V3/><F115/><W92/><G105/><T111/><D34/><U1/><E1/><V18/><BYE who="1" /><F120/><W50/><G126/><UN n1="%4C%4F%4C%49%54%41" /><T24/><D129/><U63/><E36/><V77/><F135/><W100/><G130/><T30/><D75/><U64/><E125/><V72/><F117/><W91/><G100/><T42/><D53/><U81/><E112/><V48/><F3/><W96/><G4/><T59/><D59/><N who="1" m="36895" /><E19/><V89/><F58/><AGARI ba="0,0" hai="8,11,14,16,20,52,58,63,81,86,88" m="36895" machi="58" ten="30,8000,1" yaku="8,1,52,1,54,3" doraHai="84" who="1" fromWho="2" sc="250,0,250,80,250,-80,250,0" /><INIT seed="1,0,0,2,0,47" ten="250,330,170,250" oya="1" hai0="113,77,38,6,52,91,80,133,100,73,48,90,110" hai1="114,69,42,66,33,74,11,79,105,70,121,75,2" hai2="92,62,35,109,10,28,101,43,17,82,16,7,30" hai3="54,117,129,68,55,94,24,96,76,87,1,103,111"/><U45/><E114/><V22/><F109/><W134/><G111/><T58/><D113/><U64/><E121/><V112/><F112/><W106/><G134/><T125/><D110/><U13/><E105/><V88/><F43/><W71/><G117/><T95/><D38/><U93/><E66/><V3/><F35/><W124/><G124/><T46/><D125/><U97/><E33/><V123/><F123/><W102/><G1/><T31/><D133/><U72/><E2/><V131/><F131/><W127/><G127/><T21/><D6/><U99/><E79/><V36/><F36/><W12/><G24/><T130/><D130/><U29/><E29/><V44/><F44/><W104/><G129/><T27/><REACH who="0" step="1"/><D46/><REACH who="0" ten="240,330,170,250" step="2"/><U116/><E45/><V37/><F37/><W86/><G106/><T49/><D49/><U9/><E116/><V98/><F62/><W84/><G104/><T135/><D135/><U108/><E108/><V78/><F101/><W56/><G103/><T18/><D18/><U120/><E120/><V59/><F17/><W81/><G102/><T83/><D83/><U32/><E93/><V60/><F60/><W67/><G94/><T57/><D57/><U23/><E70/><V50/><F50/><W85/><G68/><T89/><D89/><U119/><E69/><V15/><REACH who="2" step="1"/><F59/><REACH who="2" ten="240,330,160,250" step="2"/><W39/><G39/><T128/><D128/><U4/><E119/><V65/><F65/><W8/><G71/><T53/><D53/><U126/><E64/><V115/><F115/><W20/><G54/><T34/><D34/><U132/><E132/><V14/><F14/><RYUUKYOKU ba="0,2" sc="240,15,330,-15,160,15,250,-15" hai0="21,27,31,48,52,58,73,77,80,90,91,95,100" hai2="3,7,10,15,16,22,28,30,78,82,88,92,98" /><INIT seed="2,1,2,3,1,52" ten="255,315,175,235" oya="2" hai0="65,20,72,86,37,114,45,109,100,26,5,16,51" hai1="9,113,103,118,63,90,50,33,112,124,39,87,83" hai2="0,64,61,27,1,91,101,40,92,80,93,131,82" hai3="57,110,62,127,54,42,135,31,59,3,6,28,117"/><V60/><F131/><W108/><G127/><T11/><D72/><U23/><E39/><V46/><F101/><W58/><G135/><T126/><D109/><N who="3" m="42089" /><G117/><T134/><D126/><U69/><E33/><V18/><F27/><W77/><G77/><T38/><D134/><U44/><E118/><V4/><F18/><W98/><G42/><T125/><D125/><U70/><E124/><V105/><F105/><W96/><G62/><T76/><D65/><U111/><E111/><V104/><F104/><W81/><G81/><N who="0" m="47399" /><D100/><U36/><E103/><V14/><F1/><W66/><G66/><T79/><D79/><U17/><E36/><V56/><F61/><W107/><G54/><T68/><D68/><U132/><E132/><V78/><F0/><W13/><G3/><T15/><D114/><U35/><E69/><V30/><F78/><W116/><G116/><T84/><D84/><U34/><E70/><V55/><F30/><N who="3" m="11307" /><G107/><T48/><D48/><U97/><E63/><V25/><F64/><W75/><G75/><T49/><D51/><U43/><E112/><V106/><F106/><W73/><G73/><T123/><D123/><U99/><E113/><V94/><F91/><W89/><G89/><T130/><D130/><U121/><E121/><V71/><F71/><W119/><G119/><T19/><D19/><U53/><E43/><AGARI ba="1,2" hai="5,11,15,16,20,26,37,38,43,45,49" m="47399" machi="43" ten="30,2000,0" yaku="25,1,54,1" doraHai="52" who="0" fromWho="1" sc="255,43,315,-23,175,0,235,0" /><INIT seed="3,0,0,2,1,131" ten="298,292,175,235" oya="3" hai0="101,42,8,6,40,37,68,47,121,49,126,81,124" hai1="52,88,59,64,74,114,113,25,104,77,95,93,13" hai2="83,130,36,79,17,98,97,112,53,15,5,86,134" hai3="18,84,109,51,31,7,27,119,32,12,85,23,105"/><W72/><G72/><T115/><D121/><U50/><E104/><V22/><F112/><W106/><G119/><T94/><D115/><U19/><E95/><V55/><F130/><W29/><G105/><T14/><D68/><U102/><E102/><V71/><F36/><W108/><G106/><T57/><D81/><U20/><E64/><V127/><F127/><N who="0" m="48682" /><D57/><U89/><E89/><V128/><F71/><W9/><G51/><T82/><D82/><N who="1" m="45367" /><E25/><V58/><F128/><W122/><G122/><T28/><D28/><U125/><E125/><V99/><F134/><W78/><G31/><T110/><D110/><N who="3" m="42601" /><G78/><T75/><D75/><U4/><E4/><V62/><REACH who="2" step="1"/><F5/><REACH who="2" ten="298,292,165,235" step="2"/><W41/><G41/><N who="0" m="24815" /><D37/><U80/><E113/><V38/><F38/><W48/><G48/><T132/><D132/><U135/><E135/><V66/><AGARI ba="0,1" hai="15,17,22,53,55,58,62,66,79,83,86,97,98,99" machi="66" ten="30,7900,0" yaku="1,1,0,1,8,1,53,1" doraHai="131" doraHaiUra="16" who="2" fromWho="2" sc="298,-20,292,-20,165,89,235,-39" /><INIT seed="4,0,0,4,5,79" ten="278,272,254,196" oya="0" hai0="15,69,124,3,12,135,101,21,95,41,53,132,10" hai1="59,112,46,7,56,70,32,88,6,130,90,129,109" hai2="128,67,61,17,106,96,14,42,87,39,126,82,29" hai3="38,27,63,134,133,23,108,13,77,31,102,45,125"/><T66/><D41/><U16/><E109/><V22/><F128/><N who="1" m="49257" /><E70/><V47/><F126/><W50/><G108/><T105/><D105/><U113/><E32/><V121/><F121/><W114/><G38/><T9/><D124/><U74/><E74/><V58/><F29/><W115/><G125/><T80/><D53/><U55/><E46/><V72/><F72/><W123/><G123/><T97/><D3/><U98/><E16/><V100/><REACH who="2" step="1"/><F87/><REACH who="2" ten="278,272,244,196" step="2"/><W120/><G120/><T89/><D69/><U99/><E112/><N who="3" m="43050" /><G77/><T127/><D127/><U34/><E113/><V44/><F44/><W2/><G2/><T93/><D66/><U11/><E34/><V26/><F26/><W4/><G31/><T49/><D80/><AGARI ba="0,1" hai="14,17,22,39,42,47,58,61,67,80,82,96,100,106" machi="80" ten="40,5200,0" yaku="1,1,52,2,53,0" doraHai="79" doraHaiUra="33" who="2" fromWho="0" sc="278,-52,272,0,244,62,196,0" owari="226,-17.4,272,7.2,306,40.6,196,-30.4" /></mjloggm>