<mjloggm ver="2.3"><GO type="225" lobby="0"/><UN n0="%E3%81%90%E3%81%A1%E3%82%84%E3%81%BE" n1="%E6%98%93%E5%88%A9%E8%96%A9%E4%BC%AF" n2="%E5%91%A8%E6%9D%B1" n3="%6E%69%63%6F%6E%74%6F" dan="16,16,17,16" rate="2142.66,2144.10,2214.09,2148.13" sx="M,F,M,M"/><TAIKYOKU oya="0"/><INIT seed="0,0,0,4,4,73" ten="250,250,250,250" oya="0" hai0="100,21,104,132,95,26,59,5,124,37,128,65,54" hai1="41,90,129,64,50,28,134,84,93,86,62,92,107" hai2="20,89,120,49,38,116,18,105,47,27,52,122,66" hai3="25,98,57,80,15,74,127,101,75,83,109,8,40"/><T34/><D128/><U2/><E107/><V16/><F105/><W72/><G109/><T70/><D37/><U114/><E2/><V6/><F116/><W3/><G127/><T60/><D124/><U111/><E111/><V22/><F6/><W56/><G3/><T78/><D132/><U24/><E129/><V130/><F130/><W96/><G40/><T51/><D5/><U76/><E114/><V32/><F32/><W118/><G118/><T102/><D34/><U126/><E134/><V9/><F9/><W135/><G25/><T77/><D104/><U4/><E4/><V125/><F125/><W110/><G110/><T48/><D48/><U14/><E14/><V85/><F66/><W82/><G135/><T63/><D63/><U58/><E93/><V103/><F103/><W115/><G115/><T68/><D68/><U44/><E126/><V19/><F38/><W94/><REACH who="3" step="1"/><G98/><REACH who="3" ten="250,250,250,240" step="2"/><T88/><D102/><U7/><E7/><AGARI ba="0,1" hai="7,8,15,56,57,72,74,75,80,82,83,94,96,101" machi="7" ten="50,6400,0" yaku="1,1,2,1,53,1" doraHai="73" doraHaiUra="1" who="3" fromWho="1" sc="250,0,250,-64,250,0,240,74" /><INIT seed="1,0,0,4,5,69" ten="250,186,250,314" oya="1" hai0="6,110,100,82,32,17,81,70,134,105,127,58,84" hai1="37,129,35,78,135,47,22,123,29,12,52,86,75" hai2="15,8,80,79,120,90,94,108,3,10,36,111,63" hai3="65,106,44,38,60,45,121,13,128,59,126,48,19"/><U5/><E123/><V42/><F120/><W9/><G128/><T113/><D70/><U14/><E75/><V87/><F63/><W11/><G126/><T101/><D113/><U125/><E125/><V71/><F71/><W133/><G133/><T68/><D68/><U25/><E135/><V98/><F3/><W56/><G121/><T95/><D32/><U28/><E129/><V54/><F54/><W49/><G106/><T85/><D6/><U16/><E29/><V115/><F115/><W33/><G33/><T23/><D127/><U112/><E112/><V96/><F96/><W1/><G1/><T77/><D105/><U118/><E118/><V119/><F119/><W89/><G89/><T21/><D110/><N who="2" m="42026" /><F15/><W124/><G124/><T50/><D134/><U67/><E67/><V64/><F64/><W92/><G65/><T62/><D50/><U66/><E66/><V130/><F130/><W97/><G60/><T72/><D72/><U2/><E14/><V131/><F131/><W20/><G97/><N who="0" m="59455" /><D101/><U91/><E78/><V114/><F114/><W104/><G49/><T27/><D21/><U103/><E103/><V99/><F99/><W88/><G48/><T93/><D93/><N who="1" m="54519" /><E52/><V109/><F109/><W55/><G20/><T46/><D46/><AGARI ba="0,0" hai="8,10,36,42,46,79,80,87,90,94,98" m="42026" machi="46" ten="30,2000,0" yaku="14,1,52,1" doraHai="69" who="2" fromWho="0" sc="250,-20,186,0,250,20,314,0" /><INIT seed="2,0,0,3,4,80" ten="230,186,270,314" oya="2" hai0="2,26,38,92,27,71,135,122,132,96,93,95,117" hai1="52,3,131,118,9,24,35,29,44,50,22,121,123" hai2="45,47,75,67,102,113,89,19,60,101,126,30,37" hai3="33,59,18,20,108,88,114,15,115,125,34,128,21"/><V87/><F75/><W53/><G108/><T48/><D38/><U77/><E118/><V6/><F113/><N who="3" m="43019" /><G128/><T64/><D122/><U41/><E131/><V69/><F126/><W55/><G125/><T28/><D117/><U16/><E41/><V112/><F112/><W36/><G36/><T7/><D96/><U111/><E111/><V109/><F109/><W85/><G21/><T17/><D17/><U78/><E121/><V68/><F68/><W62/><G55/><T99/><D99/><U43/><E123/><V12/><F30/><W105/><G105/><T49/><D7/><U72/><E72/><V39/><F6/><W10/><G10/><T110/><D2/><U81/><E43/><V129/><F129/><W127/><G127/><T103/><D103/><U79/><E3/><V58/><F69/><W82/><AGARI ba="0,0" hai="15,18,20,33,34,53,59,62,82,85,88" m="43019" machi="82" ten="30,4000,0" yaku="11,1,52,1,54,1" doraHai="80" who="3" fromWho="3" sc="230,-10,186,-10,270,-20,314,40" /><INIT seed="3,0,0,2,4,33" ten="220,176,250,354" oya="3" hai0="35,56,86,114,89,119,42,17,47,117,61,40,107" hai1="46,73,51,13,78,100,92,45,15,84,0,16,52" hai2="103,98,18,59,28,102,122,101,126,34,131,44,123" hai3="129,72,39,88,127,5,3,77,11,36,87,115,79"/><W54/><G115/><T21/><D107/><U116/><E116/><V25/><F126/><W105/><G105/><T67/><D35/><U27/><E73/><V31/><F131/><W2/><G2/><T94/><D114/><U66/><E0/><V96/><F31/><W50/><G129/><T124/><D124/><U7/><E66/><V4/><F4/><W99/><G99/><T104/><D104/><U48/><E7/><V111/><F111/><W120/><G120/><N who="2" m="46121" /><F18/><W6/><G6/><T24/><D42/><U29/><E29/><V106/><F98/><W63/><G63/><T93/><D93/><U128/><E128/><V121/><F121/><W23/><G23/><T132/><D132/><U70/><E70/><V85/><F85/><W60/><G60/><T90/><D90/><U37/><E37/><AGARI ba="0,0" hai="17,21,24,37,40,47,56,61,67,86,89,94,117,119" machi="37" ten="30,1000,0" yaku="7,1" doraHai="33" who="0" fromWho="1" sc="220,10,176,-10,250,0,354,0" owari="230,-17.0,166,-33.4,250,5.0,354,45.4" /></mjloggm>