<mjloggm ver="2.3"><GO type="225" lobby="0"/><UN n0="%E3%81%BF%E3%81%BF%E3%81%9A" n1="%E3%83%96%E3%83%83%E3%83%91%E3%82%AA%E3%83%96%E3%83%81%E3%82%AD%E3%83%B3" n2="%E7%99%BD%E5%80%89%E5%AF%9B%E4%B9%8B" n3="%79%75%72%69%6D%6F%67" dan="18,16,16,16" rate="2198.39,2213.46,2108.61,2147.43" sx="M,M,M,F"/><TAIKYOKU oya="0"/><INIT seed="0,0,0,3,5,46" ten="250,250,250,250" oya="0" hai0="107,52,56,114,65,128,10,14,60,100,42,0,89" hai1="101,105,124,130,109,96,33,90,88,47,36,85,6" hai2="51,80,118,3,15,102,34,21,98,123,24,68,133" hai3="70,104,58,75,7,2,71,92,115,40,83,132,106"/><T111/><D114/><U129/><E33/><V84/><F3/><W103/><G115/><T97/><D128/><N who="1" m="49259" /><E109/><V53/><F68/><W49/><G106/><T79/><D111/><U13/><E124/><V23/><F118/><W125/><G104/><T119/><D119/><U131/><N who="1" m="49267" /><U17/><DORA hai="77" /><E6/><V122/><F34/><W61/><G7/><T5/><D42/><N who="1" m="22983" /><E85/><V55/><F133/><W37/><G132/><T95/><D79/><U112/><E112/><V45/><F55/><W48/><G37/><T69/><D0/><U29/><E29/><V20/><F15/><W39/><G2/><T27/><D27/><U11/><AGARI ba="0,0" hai="11,13,17,88,90,96,101,105" m="22983,49267" machi="11" ten="40,2700,0" yaku="19,1,54,1" doraHai="46,77" who="1" fromWho="1" sc="250,-13,250,27,250,-7,250,-7" /><INIT seed="1,0,0,0,1,40" ten="237,277,243,243" oya="1" hai0="133,98,47,13,44,77,121,61,107,132,12,68,24" hai1="75,95,86,83,34,108,131,104,125,129,16,4,21" hai2="113,89,80,91,28,123,120,49,99,96,8,20,9" hai3="37,100,97,63,105,115,79,122,14,102,87,78,85"/><U22/><E34/><V56/><F113/><W73/><G37/><T62/><D77/><U60/><E104/><V3/><F3/><W36/><G63/><N who="0" m="24075" /><D68/><U7/><E75/><V93/><F123/><W90/><G36/><T29/><D121/><U55/><E95/><V33/><F33/><W111/><G115/><T135/><D98/><U65/><E125/><V88/><F120/><W59/><G122/><T117/><D107/><U110/><E55/><N who="2" m="31855" /><F99/><N who="3" m="61599" /><G59/><T112/><D117/><U5/><E86/><N who="3" m="32778" /><G14/><N who="0" m="5739" /><D112/><U82/><E82/><V51/><F51/><W54/><G111/><N who="1" m="42538" /><E83/><V70/><F70/><W134/><G54/><T26/><D26/><N who="1" m="14631" /><E22/><AGARI ba="0,0" hai="22,24,29,44,47,132,133,135" m="5739,24075" machi="22" ten="40,5200,0" yaku="20,1,52,2" doraHai="40" who="0" fromWho="1" sc="237,52,277,-52,243,0,243,0" /><INIT seed="2,0,0,4,5,4" ten="289,225,243,243" oya="2" hai0="24,106,10,112,123,92,131,101,125,68,8,38,94" hai1="66,15,21,44,128,67,19,107,79,11,59,120,16" hai2="99,135,51,42,77,89,90,126,124,7,39,129,104" hai3="133,63,75,60,31,116,121,85,47,28,84,98,6"/><V43/><F39/><W134/><G116/><T49/><D123/><U71/><E120/><V69/><F69/><W14/><G75/><T113/><D38/><U29/><E128/><V74/><F129/><W127/><G47/><T55/><D131/><U83/><E107/><V110/><F135/><N who="3" m="51723" /><G98/><T22/><D68/><U40/><E29/><N who="3" m="11338" /><G121/><T91/><D106/><U26/><E59/><V2/><F110/><W95/><G95/><T27/><D125/><N who="2" m="48234" /><F77/><W87/><G127/><T108/><D108/><U9/><E9/><AGARI ba="0,0" hai="6,9,14,60,63,84,85,87" m="11338,51723" machi="9" ten="40,2600,0" yaku="20,1,52,1" doraHai="4" who="3" fromWho="1" sc="289,0,225,-26,243,0,243,26" /><INIT seed="3,0,0,4,3,70" ten="289,199,243,269" oya="3" hai0="13,82,35,60,18,15,94,33,48,89,110,55,83" hai1="104,131,10,26,114,29,130,118,125,41,50,4,12" hai2="36,16,43,42,115,57,34,92,84,116,5,74,111" hai3="77,45,132,87,7,52,119,32,88,91,24,95,19"/><W63/><G132/><T75/><D110/><U135/><E104/><V101/><F74/><W53/><G119/><T49/><D75/><U69/><E69/><V117/><F34/><W46/><G32/><T9/><D35/><N who="1" m="20919" /><E50/><N who="0" m="19561" /><D33/><U90/><E90/><N who="3" m="34346" /><G7/><N who="0" m="3263" /><D60/><U31/><E41/><V105/><F43/><W129/><G129/><N who="1" m="49162" /><E114/><V20/><F42/><W96/><G19/><T21/><D55/><N who="3" m="21065" /><G24/><T38/><D38/><U67/><E67/><V124/><F115/><W64/><G63/><T61/><D61/><U72/><E72/><V17/><F116/><W2/><G2/><T98/><AGARI ba="0,0" hai="15,18,21,82,83,89,94,98" m="3263,19561" machi="98" ten="30,1100,0" yaku="8,1" doraHai="70" who="0" fromWho="0" sc="289,11,199,-3,243,-3,269,-5" owari="300,40.0,196,-30.4,240,-16.0,264,6.4" /></mjloggm>