<mjloggm ver="2.3"><GO type="225" lobby="0"/><UN n0="%E5%B0%8F%E9%B3%A5%E9%81%8A%E7%B7%B4%E7%84%A1%32%31%E6%AD%B3" n1="%E3%82%8F%E3%81%A3%E3%81%97%E3%82%87%E3%81%84%E5%90%9B%32%E5%8F%B7" n2="%E5%91%A8%E6%9D%B1" n3="%70%6E%64%73%6E%67" dan="16,20,17,16" rate="2186.10,2237.75,2170.31,2122.34" sx="F,M,M,M"/><TAIKYOKU oya="0"/><INIT seed="0,0,0,3,0,45" ten="250,250,250,250" oya="0" hai0="47,116,8,72,15,73,115,103,7,0,125,55,26" hai1="52,86,62,84,113,53,114,27,93,25,126,22,4" hai2="70,33,34,56,39,91,58,81,23,108,127,121,83" hai3="135,118,105,40,122,64,18,89,82,131,63,102,119"/><T117/><D115/><N who="1" m="44043" /><E126/><V112/><F112/><W43/><G122/><T110/><D125/><U42/><E42/><V104/><F127/><W12/><G131/><T60/><D103/><U30/><E4/><V133/><F39/><W94/><G82/><T92/><D92/><U2/><E2/><V77/><F70/><W49/><G135/><T54/><D26/><U21/><E62/><V3/><F34/><W98/><G118/><T24/><D24/><U80/><E93/><V11/><F33/><W35/><G35/><T48/><D0/><U20/><E20/><V71/><F71/><W129/><G129/><T128/><D128/><U61/><E61/><V17/><F104/><W99/><G49/><T67/><D55/><N who="1" m="21067" /><E80/><V76/><F121/><W90/><G119/><T69/><D117/><U97/><E97/><V41/><F133/><W106/><G106/><T1/><D116/><U95/><E95/><V74/><F3/><W107/><G107/><T36/><D1/><U57/><E57/><V31/><F41/><W100/><G100/><T88/><D36/><U50/><E50/><V29/><F58/><W78/><G105/><T13/><D13/><U109/><E109/><V37/><F108/><W46/><G102/><T111/><D110/><U28/><AGARI ba="0,0" hai="21,22,25,27,28,30,84,86" m="21067,44043" machi="28" ten="30,2000,0" yaku="11,1,54,1" doraHai="45" who="1" fromWho="1" sc="250,-10,250,20,250,-5,250,-5" /><INIT seed="1,0,0,5,1,9" ten="240,270,245,245" oya="1" hai0="128,105,33,41,71,59,127,96,86,87,65,3,30" hai1="79,124,54,43,90,101,116,26,131,36,75,84,61" hai2="72,122,112,80,28,46,12,89,57,68,62,15,135" hai3="66,47,133,78,125,7,14,110,76,4,134,67,55"/><U21/><E116/><V92/><F122/><W18/><G110/><T6/><D128/><U22/><E75/><V58/><F135/><N who="3" m="51723" /><G125/><T20/><D41/><U0/><E0/><V60/><F68/><W2/><G2/><T100/><D59/><U38/><E38/><V108/><F108/><W73/><G55/><T74/><D74/><U5/><E43/><V64/><F112/><W70/><G47/><T16/><D6/><N who="3" m="2089" /><G70/><T63/><D3/><U10/><E5/><V88/><F28/><W35/><G35/><T49/><D49/><U123/><E36/><V19/><F46/><W109/><G109/><T81/><D81/><U129/><E54/><N who="2" m="33847" /><F72/><W118/><G118/><T94/><D94/><U44/><E44/><V82/><F89/><W95/><G95/><T50/><D50/><U25/><E90/><V91/><F91/><W24/><G24/><N who="0" m="18631" /><D127/><U37/><E37/><V83/><F19/><W107/><G107/><T48/><D48/><U69/><E124/><V1/><F1/><W126/><G126/><T77/><D77/><N who="3" m="29801" /><G73/><T106/><D105/><U114/><E69/><V130/><F130/><W31/><G31/><T29/><D29/><U11/><E129/><V52/><F52/><W115/><G115/><T32/><D32/><U53/><E114/><V56/><F56/><W97/><G97/><AGARI ba="0,0" hai="12,15,58,62,64,80,82,83,88,92,97" m="33847" machi="97" ten="30,7700,0" yaku="8,1,52,2,54,1" doraHai="9" who="2" fromWho="3" sc="240,0,270,0,245,77,245,-77" /><INIT seed="2,0,0,2,4,36" ten="240,270,322,168" oya="2" hai0="49,53,19,58,124,95,71,41,91,94,102,114,35" hai1="111,73,127,11,29,83,7,67,131,86,77,32,55" hai2="23,135,84,21,93,87,57,132,63,70,74,48,30" hai3="26,79,107,44,5,47,3,51,39,45,8,22,24"/><V117/><F74/><W72/><G107/><T82/><D35/><U113/><E113/><V15/><F117/><W122/><G122/><T69/><D124/><U38/><E38/><V34/><F70/><W27/><G39/><T109/><D114/><U120/><E32/><V9/><F34/><W2/><G2/><T104/><D109/><U97/><E29/><V118/><F118/><W89/><G89/><T31/><D31/><U68/><E68/><V13/><F48/><W62/><G62/><T1/><D1/><U43/><E67/><V126/><F126/><W0/><G0/><T54/><D54/><U65/><E131/><V103/><F30/><W98/><G98/><T28/><D28/><U17/><E65/><V42/><F103/><W119/><G119/><T78/><D104/><U20/><E55/><V105/><F105/><W81/><REACH who="3" step="1"/><G22/><REACH who="3" ten="240,270,322,158" step="2"/><T76/><D91/><U88/><E88/><N who="2" m="53383" /><F23/><W14/><G14/><T33/><D102/><U12/><E20/><V112/><F15/><W80/><G80/><T133/><D82/><U115/><E83/><V25/><F13/><W85/><G85/><T10/><D33/><U125/><E86/><V75/><F21/><W92/><G92/><T52/><D94/><U101/><E120/><V100/><F63/><W59/><G59/><T110/><D58/><U61/><E61/><V66/><F57/><W99/><G99/><T46/><D95/><U106/><E97/><V40/><F87/><W130/><G130/><T129/><D129/><U128/><E125/><V121/><F121/><W123/><G123/><T56/><D56/><RYUUKYOKU ba="0,1" sc="240,-10,270,-10,322,-10,158,30" hai3="3,5,8,24,26,27,44,45,47,51,72,79,81" /><INIT seed="3,1,1,0,0,40" ten="230,260,312,188" oya="3" hai0="36,84,63,129,126,19,98,81,18,112,38,130,34" hai1="24,57,37,73,47,48,12,122,49,78,107,4,64" hai2="30,119,77,86,54,95,50,72,100,88,103,118,59" hai3="91,128,44,17,66,21,109,41,22,79,121,124,65"/><W46/><G121/><T134/><D34/><U45/><E107/><V25/><F72/><W53/><G128/><N who="0" m="49259" /><D112/><U125/><E122/><V89/><F77/><W67/><G124/><T1/><D1/><U102/><E37/><N who="0" m="14441" /><D126/><U80/><E125/><V14/><F14/><W13/><G109/><T56/><D98/><U110/><E110/><V75/><F75/><W87/><G79/><N who="0" m="46143" /><D134/><U70/><E102/><V7/><F103/><W92/><G41/><T10/><D10/><U58/><E80/><V28/><F100/><W113/><G113/><T26/><D26/><U11/><E78/><V135/><F135/><W132/><G132/><T5/><D5/><U55/><E24/><V76/><F7/><W133/><G133/><T2/><D2/><U108/><E73/><V85/><F76/><W117/><G117/><T51/><D51/><U105/><E105/><V27/><F27/><N who="3" m="14767" /><G53/><AGARI ba="1,1" hai="18,19,53,56,63" m="46143,14441,49259" machi="53" ten="30,1000,0" yaku="19,1" doraHai="40" who="0" fromWho="3" sc="230,23,260,0,312,0,188,-13" owari="253,-14.7,260,6.0,312,41.2,175,-32.5" /></mjloggm>