<mjloggm ver="2.3"><GO type="225" lobby="0"/><UN n0="%E3%81%8B%E3%82%8F%E3%81%A1%E3%82%83%E3%82%93%35%38" n1="%E7%B4%94%E6%BD%94%E3%83%94%E3%83%A9%E3%83%8B%E3%82%A2" n2="%E3%82%AF%E3%82%A3%E3%82%A6" n3="%E3%83%81%E3%83%83%E3%82%BF%E3%82%BD%E3%83%BC" dan="16,16,16,16" rate="2162.89,2114.44,2104.93,2108.86" sx="M,M,M,F"/><TAIKYOKU oya="0"/><INIT seed="0,0,0,3,3,130" ten="250,250,250,250" oya="0" hai0="54,89,74,16,129,31,67,58,90,20,114,110,77" hai1="38,97,135,70,46,133,118,88,11,33,2,116,44" hai2="23,125,66,57,121,4,98,119,132,15,36,128,30" hai3="9,42,75,115,68,92,111,49,7,8,78,21,81"/><T104/><D114/><U12/><E70/><V37/><F121/><W10/><G111/><T5/><D104/><U80/><E33/><V40/><F40/><W100/><G115/><T102/><D102/><U113/><E2/><V103/><F4/><W17/><G68/><T79/><D129/><U123/><E123/><V82/><F128/><W108/><G108/><T3/><D110/><U14/><E113/><V84/><F125/><W109/><G109/><T112/><D112/><U28/><E28/><V134/><F119/><W85/><G75/><T73/><D73/><U127/><E127/><V1/><F1/><W86/><G100/><T126/><D126/><U18/><E12/><V61/><F15/><W6/><G49/><N who="0" m="31055" /><D74/><U124/><E124/><V47/><F47/><N who="1" m="17961" /><E38/><V59/><F59/><W55/><G42/><T26/><D3/><U29/><E29/><V87/><F23/><W39/><G39/><N who="2" m="14921" /><F30/><W106/><G106/><T64/><D5/><U117/><E80/><V56/><F82/><W72/><G72/><T48/><D48/><U22/><E22/><V60/><F56/><W65/><G65/><N who="0" m="25163" /><D31/><U93/><E116/><V27/><F61/><W69/><G69/><T52/><D52/><U120/><E120/><V101/><F101/><W32/><G55/><T24/><D24/><U41/><E41/><V96/><F27/><N who="3" m="14767" /><G32/><T45/><D45/><U71/><E71/><V63/><F63/><W107/><G107/><T0/><D0/><U62/><E62/><V34/><F34/><W122/><G122/><T91/><AGARI ba="0,0" hai="16,20,26,77,79,89,90,91" m="25163,31055" machi="91" ten="30,3000,0" yaku="8,1,54,1" doraHai="130" who="0" fromWho="0" sc="250,30,250,-10,250,-10,250,-10" /><INIT seed="0,1,0,3,3,135" ten="280,240,240,240" oya="0" hai0="79,112,81,65,104,53,26,42,86,32,110,24,130" hai1="116,91,61,96,127,14,34,109,6,80,59,50,68" hai2="106,49,62,105,119,69,113,85,117,21,54,133,11" hai3="90,103,41,75,93,46,123,114,122,39,27,89,100"/><T78/><D112/><U88/><E34/><V57/><F113/><W22/><G114/><T15/><D104/><U107/><E116/><N who="2" m="44619" /><F133/><W31/><G75/><T121/><D121/><N who="3" m="46089" /><G89/><T0/><D0/><U126/><E109/><V66/><F85/><AGARI ba="1,0" hai="22,27,31,39,41,46,85,90,93,100,103" m="46089" machi="85" ten="30,1000,0" yaku="13,1" doraHai="135" who="3" fromWho="2" sc="280,0,240,0,240,-13,240,13" /><INIT seed="1,0,0,3,3,99" ten="280,240,227,253" oya="1" hai0="62,123,39,70,11,67,38,47,5,14,93,107,66" hai1="7,73,35,36,8,41,59,108,15,34,132,82,48" hai2="32,119,117,4,29,13,6,43,45,102,69,31,86" hai3="128,21,90,40,57,25,74,78,116,52,54,58,115"/><U63/><E36/><V17/><F69/><W89/><G115/><T103/><D123/><U87/><E73/><V94/><F86/><W20/><G128/><T16/><D107/><U122/><E122/><V9/><F94/><W98/><G116/><N who="2" m="44617" /><F45/><W71/><G71/><T77/><D77/><U3/><E3/><V95/><F43/><W49/><G40/><T53/><D67/><U129/><E129/><V60/><F60/><W85/><G74/><T92/><D92/><U27/><E132/><V120/><F95/><N who="3" m="56687" /><G25/><T44/><D44/><U61/><E61/><V19/><F120/><W109/><G109/><T76/><D76/><U30/><E108/><V23/><F32/><W106/><G106/><T46/><D46/><U83/><E83/><V84/><F84/><W80/><G78/><T10/><D53/><U135/><E135/><V88/><F88/><W12/><G12/><N who="0" m="5199" /><D47/><U91/><E34/><V18/><F102/><W65/><G65/><T72/><D72/><U51/><E41/><V96/><F96/><W26/><G26/><T104/><D104/><U127/><E127/><V56/><F56/><W50/><AGARI ba="0,0" hai="20,21,49,50,52,54,57,58,80,85,90" m="56687" machi="50" ten="30,2000,0" yaku="8,1,54,1" doraHai="99" who="3" fromWho="3" sc="280,-5,240,-10,227,-5,253,20" /><INIT seed="2,0,0,2,2,70" ten="275,230,222,273" oya="2" hai0="48,105,62,41,113,121,24,135,5,26,55,25,125" hai1="67,120,81,98,46,126,44,91,4,77,110,13,1" hai2="93,45,39,2,130,29,96,12,18,134,47,107,34" hai3="57,51,52,14,76,10,83,92,37,97,127,3,116"/><V104/><F2/><W133/><G116/><T115/><D105/><U109/><E1/><V49/><F130/><W106/><G106/><T86/><D121/><U71/><E126/><V19/><F134/><W59/><G127/><T68/><D125/><U80/><E120/><V88/><F34/><W72/><G133/><T74/><D74/><U75/><E67/><V128/><F128/><W131/><G131/><T35/><D135/><U32/><E71/><V95/><F29/><W58/><G37/><T73/><D35/><U63/><E63/><V65/><F65/><W6/><REACH who="3" step="1"/><G3/><REACH who="3" ten="275,230,222,263" step="2"/><T119/><D119/><U79/><E109/><V87/><F39/><W114/><G114/><T124/><D124/><U60/><E110/><V78/><F107/><W129/><G129/><T38/><D38/><U53/><E77/><V20/><F104/><W50/><G50/><T61/><D115/><U85/><E60/><V36/><F36/><W28/><G28/><T27/><D113/><U102/><E32/><V23/><F49/><W90/><AGARI ba="0,1" hai="6,10,14,51,52,57,58,59,72,76,83,90,92,97" machi="90" ten="20,5200,0" yaku="1,1,0,1,7,1,54,1,53,0" doraHai="70" doraHaiUra="33" who="3" fromWho="3" sc="275,-13,230,-13,222,-26,263,62" /><INIT seed="3,0,0,4,2,37" ten="262,217,196,325" oya="3" hai0="1,4,8,14,109,79,95,129,45,135,80,67,50" hai1="61,65,18,90,103,5,53,131,126,55,27,56,72" hai2="59,113,68,122,120,133,104,63,29,118,38,32,89" hai3="54,13,130,124,35,43,98,99,6,70,85,71,102"/><W82/><G35/><T23/><D109/><U11/><E72/><V30/><F104/><W125/><G43/><T7/><D135/><U96/><E126/><N who="3" m="48746" /><G130/><T127/><D127/><U121/><E121/><V112/><F59/><W31/><G31/><N who="2" m="11785" /><F32/><W51/><G13/><T110/><D110/><U97/><E131/><V16/><F38/><W46/><G6/><T75/><D7/><U25/><E90/><V41/><F41/><W92/><G99/><N who="1" m="37962" /><E103/><V58/><F89/><AGARI ba="0,0" hai="46,51,54,70,71,82,85,89,92,98,102" m="48746" machi="89" ten="30,1500,0" yaku="18,1" doraHai="37" who="3" fromWho="2" sc="262,0,217,0,196,-15,325,15" owari="262,6.2,217,-18.3,181,-31.9,340,44.0" /></mjloggm>