<mjloggm ver="2.3"><GO type="225" lobby="0"/><UN n0="%70%68%65%6E%6F%6D%65" n1="%E3%81%8F%E3%82%8B%E3%82%8B" n2="%E3%82%B3%E3%83%90%E3%83%AC%E3%82%A4" n3="%4C%4F%4C%49%54%41" dan="16,18,16,16" rate="2090.08,2284.90,2175.22,2157.68" sx="M,F,M,F"/><TAIKYOKU oya="0"/><INIT seed="0,0,0,2,3,78" ten="250,250,250,250" oya="0" hai0="28,18,10,134,53,37,126,49,72,20,70,33,32" hai1="27,96,13,12,79,131,95,52,89,57,56,22,48" hai2="4,127,35,24,87,9,76,8,124,120,85,92,77" hai3="107,100,111,115,86,41,47,26,0,129,62,61,25"/><T59/><D126/><N who="2" m="48170" /><F120/><W60/><G115/><T121/><D121/><U130/><E79/><N who="2" m="30283" /><F92/><W54/><G0/><T46/><D72/><U84/><E96/><V29/><F9/><W88/><G111/><T90/><D70/><U80/><E95/><V74/><F74/><W58/><G129/><N who="1" m="49162" /><E57/><V45/><F45/><W23/><G100/><T112/><D112/><U55/><E55/><V128/><F128/><W30/><G26/><T116/><D116/><U102/><E102/><V64/><F64/><W16/><G30/><AGARI ba="0,0" hai="12,13,22,27,30,48,52,56,80,84,89" m="49162" machi="30" ten="30,3900,0" yaku="19,1,52,1,54,1" doraHai="78" who="1" fromWho="3" sc="250,0,250,39,250,0,250,-39" /><INIT seed="1,0,0,1,5,64" ten="250,289,250,211" oya="1" hai0="15,89,34,38,135,20,41,17,10,112,6,25,74" hai1="18,128,31,72,9,51,120,61,106,114,88,69,70" hai2="65,80,16,83,99,28,23,109,110,11,37,24,54" hai3="107,32,75,132,30,97,14,13,60,49,40,4,58"/><U117/><E120/><V98/><F37/><W68/><G75/><T55/><D74/><U113/><E117/><V115/><F115/><W42/><G132/><T85/><D112/><U71/><E72/><V66/><F11/><W26/><G58/><T22/><D135/><U122/><E122/><V82/><F28/><W96/><G96/><N who="2" m="36905" /><F54/><W92/><G92/><T119/><D119/><U0/><E106/><V7/><F7/><W90/><G90/><T131/><D131/><U124/><E128/><V105/><F105/><W95/><G95/><T129/><D129/><U127/><E31/><V44/><F44/><W1/><G1/><T33/><D55/><U46/><E61/><V87/><F87/><W48/><G42/><T81/><REACH who="0" step="1"/><D22/><REACH who="0" ten="240,289,250,211" step="2"/><U67/><E114/><V73/><F73/><W53/><G53/><T126/><D126/><N who="1" m="48171" /><E113/><V108/><AGARI ba="0,1" hai="16,23,24,65,66,80,82,83,108,109,110" m="36905" machi="108" ten="40,2700,0" yaku="14,1,54,1" doraHai="64" who="2" fromWho="2" sc="240,-7,289,-13,250,37,211,-7" /><INIT seed="2,0,0,1,5,90" ten="233,276,287,204" oya="2" hai0="96,0,33,55,134,67,127,66,26,37,133,64,93" hai1="73,51,117,41,130,50,65,107,45,126,88,80,19" hai2="23,16,2,60,108,36,35,121,5,46,69,92,112" hai3="40,124,31,106,56,104,111,62,101,30,20,132,109"/><V129/><F121/><W8/><G132/><N who="0" m="50795" /><D127/><U70/><E117/><V57/><F35/><W82/><G124/><T74/><D74/><U113/><E113/><V97/><F112/><W94/><G40/><T39/><D0/><U25/><E126/><V135/><F69/><W100/><G82/><T84/><D84/><U103/><E130/><V10/><F129/><W9/><G20/><T68/><D68/><U115/><E115/><V76/><F76/><W6/><G56/><T128/><D55/><U44/><E65/><N who="0" m="16641" /><T122/><DORA hai="24" /><D122/><U81/><E70/><V11/><F135/><W42/><G42/><T12/><D12/><U75/><E75/><V53/><F10/><W43/><G43/><T87/><D87/><U123/><E123/><V99/><F108/><W119/><G62/><T18/><D128/><U34/><E73/><V63/><F63/><W17/><G17/><T120/><D120/><U78/><E78/><V3/><F3/><W91/><G91/><N who="0" m="55359" /><D18/><U29/><E19/><V85/><F36/><W1/><G1/><T83/><D83/><U72/><E80/><V131/><F131/><W27/><G27/><T22/><D22/><U54/><E72/><V32/><F32/><W102/><G119/><T14/><D14/><U118/><E118/><V49/><F85/><W110/><G94/><T4/><D4/><U47/><E81/><V98/><F92/><W58/><G58/><T13/><D13/><U89/><E44/><V52/><F99/><W38/><G6/><T61/><D61/><U125/><E125/><V95/><F95/><W71/><G71/><RYUUKYOKU ba="0,0" sc="233,10,276,10,287,10,204,-30" hai0="26,33,37,39" hai1="25,29,34,41,45,47,50,51,54,88,89,103,107" hai2="2,5,11,16,23,46,49,52,53,57,60,97,98" /><INIT seed="2,1,0,0,2,94" ten="243,286,297,174" oya="2" hai0="14,9,127,106,64,7,82,26,28,85,73,114,113" hai1="121,55,27,93,62,79,122,24,5,77,108,92,20" hai2="103,48,68,46,17,118,8,1,126,89,100,120,22" hai3="69,117,115,54,76,25,42,34,83,112,96,0,124"/><V60/><F118/><W135/><G117/><T134/><D127/><U33/><E108/><V2/><F126/><W128/><G124/><T29/><D134/><U95/><E5/><V6/><F2/><W15/><G0/><T67/><D73/><U74/><E33/><V87/><F60/><W53/><G69/><T104/><D106/><U10/><E10/><V98/><F68/><W59/><G128/><T37/><D37/><U130/><E130/><V110/><F120/><N who="1" m="46185" /><E74/><V40/><F110/><W119/><G119/><T51/><D104/><U41/><E41/><V31/><F31/><W131/><G131/><T3/><D29/><N who="1" m="17543" /><E27/><V47/><F47/><W116/><G135/><T44/><D3/><U105/><E105/><V84/><F89/><W132/><G34/><T107/><D107/><U133/><E133/><V101/><REACH who="2" step="1"/><F98/><REACH who="2" ten="243,286,287,174" step="2"/><W4/><G116/><T36/><D114/><U11/><E79/><V39/><F39/><W125/><G132/><T12/><D113/><U13/><E77/><V49/><F49/><W19/><G125/><T70/><D36/><U58/><E93/><V30/><F30/><W80/><G115/><T38/><D38/><U123/><E123/><V63/><F63/><W71/><G112/><T109/><D109/><U65/><E95/><V75/><F75/><W72/><G72/><T102/><D28/><U99/><E92/><V90/><F90/><W52/><G71/><T86/><D70/><U32/><E99/><V66/><F66/><W129/><G129/><T111/><D111/><U18/><E65/><V21/><F21/><W91/><G96/><RYUUKYOKU ba="1,1" sc="243,-15,286,15,287,15,174,-15" hai1="11,13,18,32,55,58,62" hai2="1,6,8,17,22,40,46,48,84,87,100,101,103" /><INIT seed="2,2,1,4,2,101" ten="228,301,302,159" oya="2" hai0="100,31,27,98,99,63,67,89,88,53,110,13,86" hai1="119,123,129,24,62,16,118,45,59,20,82,23,80" hai2="68,29,51,126,72,131,61,8,130,50,43,78,135" hai3="112,124,69,15,97,92,115,17,93,77,0,103,1"/><V127/><F78/><W52/><G69/><T11/><D110/><U95/><E129/><N who="2" m="49163" /><F72/><W109/><G109/><T5/><D53/><U84/><E84/><V116/><F29/><W33/><G33/><T94/><D99/><U39/><E123/><V7/><F116/><W91/><G124/><N who="2" m="47657" /><F43/><W36/><G77/><T113/><D86/><U85/><E118/><V55/><F55/><W111/><G36/><T9/><D9/><U75/><E75/><V41/><F41/><W132/><G132/><T64/><D113/><U40/><E119/><V121/><F121/><W128/><G111/><T83/><D83/><U58/><E20/><V107/><F107/><W120/><G120/><T46/><D46/><U108/><E108/><V106/><F106/><W25/><G128/><T57/><REACH who="0" step="1"/><D64/><REACH who="0" ten="218,301,302,159" step="2"/><U22/><E82/><V125/><F125/><W96/><G112/><T48/><D48/><U65/><E80/><V10/><F10/><W90/><G115/><T12/><D12/><U30/><E85/><V66/><F135/><W73/><G73/><T87/><D87/><U81/><E81/><V104/><F104/><W19/><G103/><T34/><AGARI ba="2,2" hai="5,11,13,27,31,34,57,63,67,88,89,94,98,100" machi="34" ten="20,5200,0" yaku="1,1,0,1,7,1,54,1,53,0" doraHai="101" doraHaiUra="117" who="0" fromWho="0" sc="218,78,301,-15,302,-28,159,-15" /><INIT seed="3,0,0,3,2,123" ten="296,286,274,144" oya="3" hai0="2,21,97,122,43,57,108,50,87,44,9,119,45" hai1="128,86,53,10,65,102,114,64,129,126,60,81,109" hai2="13,117,46,26,94,48,100,0,124,91,42,111,70" hai3="89,67,72,133,11,83,73,49,35,52,82,106,101"/><W38/><G38/><T61/><D108/><U17/><E109/><V16/><F0/><W75/><G35/><T5/><D122/><U32/><E32/><V90/><F70/><W116/><G116/><T41/><D119/><U98/><E114/><V99/><F117/><W12/><G133/><T132/><D132/><U14/><E126/><V104/><F124/><W6/><G67/><T80/><D97/><U96/><E96/><V62/><F111/><W47/><G101/><T121/><D21/><U59/><E128/><V78/><F78/><W24/><G106/><T107/><D107/><U127/><E129/><V30/><F62/><W88/><REACH who="3" step="1"/><G24/><REACH who="3" ten="296,286,274,134" step="2"/><T110/><D121/><U115/><E127/><V55/><F104/><W93/><G93/><T68/><D110/><U130/><E130/><V25/><F26/><W58/><G58/><T71/><D68/><U76/><E115/><V112/><F112/><W3/><G3/><T28/><D71/><U4/><E65/><V134/><F134/><W36/><G36/><T95/><D95/><N who="1" m="58719" /><E64/><V19/><F100/><W31/><G31/><T103/><D28/><U33/><E33/><V131/><F131/><W18/><G18/><AGARI ba="0,1" hai="4,10,14,17,18,53,59,60,76,81,86" m="58719" machi="18" ten="30,1000,0" yaku="8,1" doraHai="123" who="1" fromWho="3" sc="296,0,286,20,274,0,134,-10" owari="296,9.6,306,40.6,274,-12.6,124,-37.6" /></mjloggm>