<mjloggm ver="2.3"><GO type="225" lobby="0"/><UN n0="%72%69%6F%75%63%68%61%6E" n1="%E3%83%A9%E3%83%BC%E3%83%A1%E3%83%B3%E4%BA%94%E9%83%8E" n2="%E6%9C%88%E5%B3%B6%E5%9F%BA" n3="%E3%83%96%E3%83%83%E3%83%91%E3%82%AA%E3%83%96%E3%83%81%E3%82%AD%E3%83%B3" dan="16,16,17,16" rate="2124.98,2094.26,2205.46,2229.38" sx="M,M,M,M"/><TAIKYOKU oya="0"/><INIT seed="0,0,0,0,4,100" ten="250,250,250,250" oya="0" hai0="84,107,50,31,9,46,126,135,28,4,114,125,113" hai1="1,117,25,20,39,128,101,10,95,74,0,85,55" hai2="65,15,105,41,54,11,78,121,49,90,71,99,68" hai3="133,70,124,115,52,92,123,69,122,61,108,83,112"/><T104/><D135/><U118/><E74/><V94/><F121/><N who="3" m="46091" /><G92/><T63/><D63/><U34/><E34/><V23/><F41/><W98/><G98/><T86/><D50/><U18/><E39/><V82/><F23/><W29/><G29/><N who="0" m="11339" /><D46/><U57/><E128/><V36/><F65/><W97/><G97/><T30/><N who="0" m="11347" /><T111/><DORA hai="3" /><D111/><U26/><E26/><V33/><F36/><W72/><G108/><T73/><D73/><U42/><E42/><V131/><F105/><N who="0" m="40522" /><D9/><U6/><E0/><V106/><F106/><W2/><G133/><T87/><D4/><U40/><E40/><V48/><BYE who="1" /><F48/><W12/><G2/><T93/><D93/><U21/><E21/><V67/><F67/><N who="3" m="41199" /><G70/><T75/><D75/><U43/><E43/><V81/><F131/><W8/><G72/><T53/><D53/><U76/><E76/><V129/><F33/><W38/><G52/><T77/><D77/><U110/><E110/><V56/><F129/><W32/><G38/><T88/><D88/><UN n1="%E3%83%A9%E3%83%BC%E3%83%A1%E3%83%B3%E4%BA%94%E9%83%8E" /><U116/><E101/><V7/><F81/><W102/><G32/><T51/><D51/><N who="1" m="30975" /><E95/><V5/><F71/><W119/><G102/><T127/><AGARI ba="0,0" hai="84,86,87,113,114,125,126,127" m="40522,11347" machi="127" ten="50,18000,2" yaku="28,2,18,1,52,3" doraHai="100,3" who="0" fromWho="0" sc="250,180,250,-60,250,-60,250,-60" /><INIT seed="0,1,0,3,1,19" ten="430,190,190,190" oya="0" hai0="56,125,54,32,115,101,10,31,79,50,75,16,62" hai1="48,15,108,81,20,100,36,74,70,99,47,45,63" hai2="82,89,67,39,126,118,64,119,52,0,59,111,133" hai3="120,53,134,8,3,51,95,107,123,13,6,24,11"/><T117/><D115/><U128/><E36/><V127/><F0/><W105/><G134/><T84/><D117/><N who="2" m="44554" /><F133/><W14/><G3/><T60/><D125/><N who="2" m="47626" /><F111/><W17/><G24/><T91/><D101/><U110/><E128/><V41/><F82/><W9/><G9/><T104/><D104/><U7/><E81/><V22/><F89/><W96/><G123/><T113/><D113/><U29/><E74/><V102/><F102/><W80/><G80/><T42/><D75/><U92/><E7/><V78/><F78/><W116/><G120/><T55/><D79/><U12/><E110/><V71/><F71/><W26/><G26/><T46/><D32/><U66/><E108/><V124/><F124/><W129/><G129/><T121/><D121/><U132/><E132/><V34/><F34/><W72/><G72/><T23/><D31/><U58/><E70/><V49/><F22/><W135/><G135/><T88/><D10/><U83/><E83/><V28/><F28/><W98/><G116/><T33/><D33/><U18/><E29/><V93/><F93/><W5/><G17/><T76/><D76/><U69/><E69/><V73/><F73/><W35/><G35/><T131/><D131/><U21/><E48/><V90/><F90/><N who="0" m="34346" /><D84/><U85/><E85/><V40/><F39/><W112/><G112/><T44/><D62/><U37/><E37/><V94/><F94/><W57/><G95/><T30/><D30/><U1/><E1/><V114/><F114/><W77/><REACH who="3" step="1"/><G77/><REACH who="3" ten="430,190,190,180" step="2"/><T43/><D44/><N who="1" m="16971" /><E18/><V109/><F109/><W87/><G87/><T27/><AGARI ba="1,1" hai="16,23,27,42,43,46,50,54,55,56,60" m="34346" machi="27" ten="30,12000,1" yaku="5,1,8,1,52,1,54,2" doraHai="19" who="0" fromWho="0" sc="430,133,190,-41,190,-41,180,-41" /><INIT seed="0,2,0,5,1,69" ten="563,149,149,139" oya="0" hai0="86,73,130,9,4,125,103,62,67,121,35,76,50" hai1="1,92,49,68,66,51,89,78,75,107,10,101,14" hai2="128,32,90,58,79,52,28,37,105,88,39,27,64" hai3="25,31,115,110,82,116,126,33,93,94,40,29,54"/><T120/><D35/><U34/><E34/><V46/><F105/><W85/><G115/><T118/><D118/><U17/><E1/><V5/><F128/><W26/><G116/><T2/><D130/><U72/><E66/><V12/><F64/><W63/><G110/><T23/><D125/><U8/><E68/><V13/><F79/><W97/><G126/><T114/><D114/><U132/><E132/><V21/><F46/><W15/><G40/><T111/><D111/><U91/><E8/><V134/><F134/><W61/><G97/><T127/><D127/><U47/><E89/><V106/><F106/><W83/><G15/><T98/><D86/><N who="1" m="52343" /><E47/><V56/><F56/><W81/><G85/><T84/><D84/><U129/><E75/><V123/><F123/><W36/><G36/><T108/><D50/><U11/><E11/><V112/><F112/><W77/><G77/><T133/><D23/><U53/><E53/><V87/><F90/><W95/><G54/><T41/><D41/><U71/><E71/><V38/><F5/><W74/><G74/><T117/><D133/><U20/><E10/><V43/><F43/><W119/><G119/><T6/><D6/><U57/><E57/><V3/><F3/><W19/><G19/><T48/><D117/><U22/><E22/><V65/><F65/><W45/><G45/><T80/><D108/><U104/><E129/><V124/><F32/><AGARI ba="2,0" hai="25,26,29,31,32,33,61,63,81,82,83,93,94,95" machi="32" ten="40,1300,0" yaku="9,1" doraHai="69" who="3" fromWho="2" sc="563,0,149,0,149,-19,139,19" /><INIT seed="1,0,0,1,1,53" ten="563,149,130,158" oya="1" hai0="2,110,40,5,14,84,112,67,49,41,0,87,39" hai1="98,61,90,17,16,3,121,125,101,18,99,102,130" hai2="20,44,71,78,135,28,128,118,21,92,8,19,75" hai3="35,122,46,117,62,85,111,127,37,45,77,4,133"/><U119/><E119/><V132/><F118/><W48/><G117/><T29/><D112/><U50/><E121/><V65/><F128/><W42/><G122/><T83/><D110/><U79/><E3/><V12/><F44/><W15/><G111/><T107/><D107/><U1/><E1/><V103/><F78/><W23/><G35/><T11/><D39/><U116/><E116/><V59/><F75/><W86/><G127/><T69/><D29/><U114/><E114/><V32/><F71/><W74/><G133/><N who="2" m="51273" /><F103/><W10/><G74/><T95/><D95/><U88/><E130/><V94/><F32/><W6/><G77/><N who="0" m="46191" /><D87/><U54/><E79/><V91/><F28/><W123/><G123/><T36/><D40/><U89/><E125/><V51/><F92/><W97/><G97/><N who="1" m="36874" /><E61/><N who="2" m="38079" /><F51/><W24/><G62/><N who="0" m="40183" /><D36/><U72/><E72/><V31/><F31/><W73/><G73/><T47/><AGARI ba="0,0" hai="0,2,5,11,14,41,47,49" m="40183,46191" machi="47" ten="30,1100,0" yaku="25,1" doraHai="53" who="0" fromWho="0" sc="563,11,149,-5,130,-3,158,-3" /><INIT seed="2,0,0,5,3,43" ten="574,144,127,155" oya="2" hai0="96,97,110,39,66,72,133,38,20,45,79,62,117" hai1="22,106,104,56,111,11,85,33,13,52,51,70,26" hai2="109,14,42,16,64,126,49,130,25,88,105,132,113" hai3="103,71,94,44,92,122,99,93,114,34,80,48,101"/><V102/><F113/><W27/><G122/><T78/><D110/><U40/><E70/><V6/><F109/><W134/><G114/><T98/><D133/><U8/><E111/><V55/><F132/><W58/><G134/><T2/><D2/><U9/><E33/><V18/><F130/><W129/><G129/><T131/><D131/><U124/><E124/><V31/><F126/><W61/><G71/><T60/><D117/><U83/><E13/><V17/><F42/><N who="3" m="24599" /><G34/><T121/><D121/><U37/><E37/><N who="0" m="13833" /><D20/><U7/><E40/><V125/><F125/><W123/><G123/><T69/><D69/><U59/><E59/><V54/><F64/><N who="3" m="38967" /><G27/><T23/><D23/><U63/><E63/><N who="0" m="24105" /><D72/><U41/><E41/><V81/><F105/><W32/><G32/><T65/><D45/><U30/><REACH who="1" step="1"/><E7/><REACH who="1" ten="574,134,127,155" step="2"/><V3/><F6/><W21/><G21/><T116/><D116/><U5/><E5/><V67/><F3/><W57/><G57/><T53/><D53/><U19/><E19/><V82/><F55/><W28/><G28/><T95/><D95/><U1/><E1/><V108/><F108/><W29/><G93/><T4/><D4/><U107/><E107/><V15/><F31/><W91/><G29/><T84/><D84/><U73/><E73/><V24/><F15/><W119/><G119/><T120/><D120/><U46/><E46/><V118/><F14/><W77/><G94/><T47/><D47/><U36/><E36/><V135/><F118/><W12/><G12/><T75/><D75/><U128/><E128/><V90/><F135/><W112/><G112/><RYUUKYOKU ba="0,1" sc="574,10,134,10,127,-30,155,10" hai0="65,66,78,79,96,97,98" hai1="8,9,11,22,26,30,51,52,56,83,85,104,106" hai3="77,80,91,92,99,101,103" /><INIT seed="3,1,1,2,0,135" ten="584,144,97,165" oya="3" hai0="60,10,43,55,72,61,83,96,24,14,62,71,1" hai1="111,91,8,50,5,76,37,22,100,84,13,82,115" hai2="34,121,67,38,97,45,81,9,54,20,12,87,128" hai3="112,64,0,120,32,28,133,16,92,51,17,131,74"/><W58/><G112/><T23/><D1/><U77/><E115/><V98/><F34/><W15/><G120/><T25/><D71/><U86/><E37/><V106/><F121/><W11/><G133/><T94/><D43/><U57/><E111/><V53/><F128/><W110/><G131/><T52/><D83/><N who="1" m="49567" /><E100/><V116/><F116/><W69/><G74/><T39/><D39/><U46/><E57/><V93/><F67/><W126/><G110/><T3/><D3/><U88/><E22/><V21/><F106/><W29/><G69/><T65/><D65/><U48/><E50/><V109/><F109/><W79/><G32/><T123/><D72/><U27/><E27/><N who="0" m="10313" /><D23/><U42/><AGARI ba="1,1" hai="5,8,13,42,46,48,76,77,82,86,88" m="49567" machi="42" ten="30,2000,0" yaku="8,1,54,1" doraHai="135" who="1" fromWho="1" sc="584,-6,144,33,97,-6,165,-11" owari="578,67.8,177,-2.3,91,-40.9,154,-24.6" /></mjloggm>