<mjloggm ver="2.3"><GO type="225" lobby="0"/><UN n0="%E3%81%AF%E3%82%88%E3%81%8A%E3%81%98%E3%81%95%E3%82%93" n1="%E3%81%AF%E3%81%84%E3%82%8C%E3%81%AB%E3%82%83%E3%82%93" n2="%E5%84%AA%40%41%42%43" n3="%72%69%6F%75%63%68%61%6E" dan="16,16,16,16" rate="2198.61,2100.06,2128.37,2134.27" sx="M,M,M,M"/><TAIKYOKU oya="0"/><INIT seed="0,0,0,4,4,118" ten="250,250,250,250" oya="0" hai0="54,89,27,115,64,135,117,105,39,46,93,116,8" hai1="19,134,92,2,67,63,56,31,1,49,87,40,98" hai2="114,55,65,71,66,24,125,88,74,14,28,32,58" hai3="69,35,127,85,5,45,48,41,43,83,132,52,26"/><T10/><D105/><U57/><E134/><V109/><F114/><W16/><G69/><T120/><D115/><U11/><E31/><V119/><F74/><W108/><G132/><T59/><D135/><U13/><E87/><V0/><F0/><W131/><G108/><T124/><D124/><U101/><REACH who="1" step="1"/><E57/><REACH who="1" ten="250,240,250,250" step="2"/><V70/><F58/><W91/><G127/><T95/><D116/><U30/><E30/><V60/><F28/><W33/><G131/><T79/><D117/><U7/><E7/><V68/><F68/><W38/><G5/><T99/><D59/><U37/><E37/><V97/><F71/><W72/><G72/><T61/><D39/><U84/><E84/><V106/><F70/><W110/><G110/><T22/><D79/><U53/><E53/><V44/><F55/><W50/><G38/><T15/><D54/><U96/><E96/><V51/><F97/><W77/><G77/><T103/><D99/><U123/><E123/><V80/><F109/><W90/><G90/><T86/><D86/><U130/><E130/><V121/><F88/><W82/><G83/><T73/><D89/><U20/><E20/><V78/><F121/><W29/><G35/><T25/><D22/><U129/><E129/><V100/><F32/><W128/><G128/><T17/><D73/><U81/><E81/><V9/><F119/><W102/><G102/><T76/><D103/><U126/><E126/><V47/><F125/><W34/><G34/><T75/><D120/><U18/><E18/><N who="2" m="8527" /><F100/><W42/><G16/><T36/><D17/><U62/><E62/><V113/><F60/><RYUUKYOKU ba="0,1" sc="250,-15,240,15,250,-15,250,15" hai1="1,2,11,13,19,40,49,56,63,67,92,98,101" hai3="26,29,33,41,42,43,45,48,50,52,82,85,91" /><INIT seed="1,1,1,2,2,43" ten="235,255,235,265" oya="1" hai0="86,81,69,124,73,39,16,8,52,120,117,95,0" hai1="27,51,23,45,46,74,110,72,53,64,131,66,67" hai2="59,130,55,96,60,11,10,80,44,122,50,100,61" hai3="29,65,63,19,57,98,33,135,128,35,26,91,99"/><U129/><E110/><V97/><F130/><N who="1" m="49673" /><E74/><V12/><F122/><W90/><G135/><T116/><D69/><U41/><E72/><V37/><F37/><W107/><G128/><T102/><D39/><N who="1" m="21695" /><E67/><V58/><F80/><W76/><G35/><T113/><D113/><U114/><E114/><V31/><F31/><AGARI ba="1,1" hai="23,27,31,46,51,53,64,66" m="21695,49673" machi="31" ten="30,5800,0" yaku="19,1,52,2" doraHai="43" who="1" fromWho="2" sc="235,0,255,71,235,-61,265,0" /><INIT seed="1,2,0,2,3,131" ten="235,326,174,265" oya="1" hai0="35,122,37,16,13,78,118,29,32,81,70,93,61" hai1="115,132,124,33,47,66,103,72,82,10,43,74,34" hai2="116,123,111,8,14,28,49,134,39,95,65,79,25" hai3="112,67,73,51,17,3,20,114,0,97,38,19,87"/><U121/><E115/><V41/><F116/><W26/><G38/><T50/><D118/><U105/><E121/><V6/><F123/><W69/><G73/><T101/><D37/><U76/><E74/><V127/><F39/><W56/><G97/><T75/><D122/><U83/><E66/><V90/><F111/><W15/><G69/><T40/><D29/><U44/><E83/><V57/><F127/><W42/><G87/><T129/><D129/><U133/><E124/><V18/><F79/><W11/><G67/><T23/><D61/><U48/><E47/><V94/><F94/><W100/><G100/><T117/><D70/><U110/><E110/><V119/><F119/><W113/><REACH who="3" step="1"/><G56/><REACH who="3" ten="235,326,174,255" step="2"/><T77/><D117/><U102/><E103/><V107/><F65/><W24/><G24/><T104/><D104/><U106/><E102/><V88/><F57/><W55/><G55/><T71/><D71/><U128/><E106/><V9/><F107/><W99/><G99/><T86/><D78/><U45/><E105/><V1/><F90/><W80/><G80/><T62/><D101/><U7/><E128/><V64/><F64/><W53/><G53/><T36/><D36/><U59/><E59/><V22/><F41/><W52/><G52/><T46/><D62/><U84/><E72/><V27/><F25/><W130/><G130/><T89/><AGARI ba="2,1" hai="13,16,23,32,35,40,46,50,75,77,81,86,89,93" machi="89" ten="30,2000,0" yaku="0,1,54,1" doraHai="131" who="0" fromWho="0" sc="235,36,326,-12,174,-7,255,-7" /><INIT seed="2,0,0,0,4,70" ten="271,314,167,248" oya="2" hai0="20,106,130,122,127,88,134,1,37,5,54,25,35" hai1="118,92,12,73,46,38,24,85,100,97,126,2,90" hai2="17,53,74,94,50,6,91,102,55,113,34,15,114" hai3="117,57,116,87,133,109,29,39,129,79,45,62,3"/><V98/><F34/><W56/><G3/><T99/><D122/><U89/><E118/><V103/><F74/><W104/><G104/><T135/><D35/><U22/><E2/><V124/><F124/><W82/><G109/><T80/><D127/><U10/><E73/><V66/><F66/><W61/><G129/><T27/><D130/><U18/><E126/><V65/><F65/><W48/><G133/><T132/><D37/><U78/><E38/><V47/><F6/><W95/><G29/><T105/><D54/><U51/><E78/><V75/><F75/><W131/><G131/><T101/><D106/><U16/><E85/><V107/><F55/><AGARI ba="0,0" hai="10,12,16,18,22,24,46,51,55,89,90,92,97,100" machi="55" ten="30,3900,0" yaku="7,1,8,1,54,1" doraHai="70" who="1" fromWho="2" sc="271,0,314,39,167,-39,248,0" /><INIT seed="3,0,0,0,4,46" ten="271,353,128,248" oya="3" hai0="40,47,30,121,50,15,24,95,43,107,63,77,7" hai1="131,97,12,126,22,120,6,52,72,106,60,135,108" hai2="111,115,26,117,102,49,34,18,66,75,96,119,76" hai3="98,51,110,69,58,16,64,86,3,113,56,92,59"/><W0/><G113/><T81/><D107/><U53/><E120/><V79/><F115/><W10/><G110/><T13/><D121/><U104/><E108/><V17/><F111/><W124/><G124/><T85/><D40/><U122/><E122/><V36/><F36/><W70/><G86/><T19/><D7/><U62/><E72/><V31/><F79/><W74/><G74/><T33/><D19/><U100/><E106/><V4/><F4/><W90/><G51/><T65/><D95/><U54/><E135/><V8/><F17/><W94/><G94/><T37/><D37/><U21/><E131/><V38/><F38/><W105/><G105/><T132/><D132/><U29/><E126/><V84/><F75/><W93/><G93/><T32/><D33/><U71/><E71/><AGARI ba="0,0" hai="13,15,24,30,32,43,47,50,63,65,71,77,81,85" machi="71" ten="30,2000,0" yaku="7,1,52,1" doraHai="46" who="0" fromWho="1" sc="271,20,353,-20,128,0,248,0" owari="291,9.1,333,43.3,128,-37.2,248,-15.2" /></mjloggm>