<mjloggm ver="2.3"><GO type="225" lobby="0"/><UN n0="%E9%BB%99%E8%81%B4%E3%81%AE%E3%81%99%E3%82%9D%E3%82%81" n1="%4C%4F%4C%49%54%41" n2="%E4%BF%BA%E3%81%A8%E5%A6%96%E5%A4%A2" n3="%E5%91%A8%E6%9D%B1" dan="16,16,16,17" rate="2114.91,2096.65,2106.40,2228.29" sx="M,F,F,M"/><TAIKYOKU oya="0"/><INIT seed="0,0,0,3,0,94" ten="250,250,250,250" oya="0" hai0="84,19,22,128,135,120,6,26,96,122,25,50,78" hai1="104,95,81,80,71,17,97,44,116,9,98,76,99" hai2="103,102,16,15,20,123,108,3,82,56,5,75,30" hai3="38,100,55,88,21,115,57,53,134,89,125,64,59"/><T34/><D128/><U93/><E116/><V41/><F123/><W67/><G38/><T79/><D135/><U2/><E71/><V107/><F108/><W72/><G72/><T36/><D36/><U83/><E104/><V113/><F113/><W0/><G0/><T46/><D6/><U91/><E76/><V33/><F41/><W39/><G39/><T37/><D37/><U68/><E68/><V43/><F43/><W47/><G47/><T105/><D122/><U118/><E118/><V66/><F107/><W42/><G42/><T65/><D65/><N who="3" m="25161" /><G115/><T52/><D84/><N who="1" m="52455" /><E2/><V29/><F82/><W110/><G110/><T124/><D124/><U109/><E44/><V11/><F75/><W63/><G125/><T77/><D120/><U4/><E109/><V101/><REACH who="2" step="1"/><F33/><REACH who="2" ten="250,250,240,250" step="2"/><W112/><G112/><T86/><D34/><U60/><E60/><AGARI ba="0,1" hai="3,5,11,15,16,20,29,30,56,60,66,101,102,103" machi="60" ten="40,5200,0" yaku="1,1,2,1,54,1,53,0" doraHai="94" doraHaiUra="114" who="2" fromWho="1" sc="250,0,250,-52,240,62,250,0" /><INIT seed="1,0,0,5,4,52" ten="250,198,302,250" oya="1" hai0="127,123,79,70,12,85,22,61,41,78,3,32,42" hai1="129,33,114,39,64,95,55,1,26,106,47,31,13" hai2="36,101,87,81,118,99,66,80,112,18,25,10,105" hai3="134,24,86,28,77,76,4,115,111,116,44,75,7"/><U67/><E114/><V128/><F118/><W34/><G115/><T30/><D3/><U89/><E1/><V20/><F112/><W37/><G111/><T124/><D32/><U23/><E106/><V133/><F36/><W14/><G75/><T107/><D107/><U59/><E129/><V19/><F128/><W97/><G134/><T126/><D123/><U132/><E132/><V102/><F133/><W90/><G97/><T63/><D70/><U45/><E33/><V8/><F66/><N who="1" m="25129" /><E13/><V38/><F38/><W71/><G71/><T121/><D121/><U117/><E39/><V103/><F105/><W104/><G116/><T2/><D2/><U91/><E117/><V83/><F99/><W94/><G104/><T60/><D85/><N who="1" m="52655" /><E91/><V5/><F5/><W49/><G37/><T11/><D22/><U131/><E131/><V57/><F87/><W0/><G14/><T40/><D30/><U50/><AGARI ba="0,0" hai="23,26,31,45,47,50,55,59" m="52655,25129" machi="50" ten="30,3000,0" yaku="8,1,52,1" doraHai="52" who="1" fromWho="1" sc="250,-10,198,30,302,-10,250,-10" /><INIT seed="1,1,0,2,3,21" ten="240,228,292,240" oya="1" hai0="74,2,31,114,60,77,8,100,3,52,87,98,108" hai1="73,13,64,50,66,128,81,9,7,83,129,14,103" hai2="35,126,30,135,49,120,124,27,125,33,115,110,121" hai3="76,75,85,127,19,88,131,84,111,130,32,119,38"/><U86/><E103/><V71/><F71/><W62/><G38/><T36/><D74/><U133/><E133/><V37/><F37/><W55/><G111/><T79/><D36/><U106/><E106/><V93/><F110/><W95/><G119/><T1/><D114/><U25/><E14/><V94/><F115/><W59/><G75/><T80/><D108/><U91/><E50/><V61/><F135/><W24/><G127/><T65/><D31/><U63/><E25/><N who="2" m="18639" /><F61/><W34/><G34/><T101/><D101/><U122/><E122/><N who="2" m="47211" /><F49/><W4/><G4/><T47/><D47/><U48/><E48/><V99/><F99/><N who="3" m="57831" /><G32/><T92/><D52/><U118/><E118/><V69/><F69/><W46/><G46/><T26/><D26/><U67/><REACH who="1" step="1"/><E63/><REACH who="1" ten="240,218,292,240" step="2"/><V78/><F27/><W22/><G76/><AGARI ba="1,1" hai="7,9,13,64,66,67,73,76,81,83,86,91,128,129" machi="76" ten="40,3900,0" yaku="1,1,2,1,53,0" doraHai="21" doraHaiUra="16" who="1" fromWho="3" sc="240,0,218,52,292,0,240,-42" /><INIT seed="1,2,0,4,3,19" ten="240,270,292,198" oya="1" hai0="85,78,95,81,123,112,4,32,25,88,128,132,22" hai1="28,104,24,7,10,63,48,111,59,80,37,89,131" hai2="91,75,49,70,14,38,47,98,101,44,20,6,102" hai3="83,106,120,84,2,97,82,124,115,27,3,118,64"/><U134/><E37/><V119/><F119/><W74/><G120/><T76/><D112/><U110/><E104/><V79/><F70/><W71/><G115/><T58/><D128/><U55/><E134/><V105/><F101/><W125/><G118/><T15/><D132/><U1/><E131/><V31/><F38/><W100/><G27/><T33/><D123/><U122/><E122/><V130/><F130/><W90/><G64/><T133/><D133/><U51/><E80/><V99/><F79/><N who="3" m="44407" /><G71/><T67/><D78/><U121/><E89/><V50/><F75/><W73/><G3/><T52/><D67/><U9/><E9/><V86/><F98/><W72/><G2/><T129/><D4/><U96/><E96/><V114/><F114/><W56/><G56/><T41/><D41/><U113/><E121/><V87/><F6/><W11/><G11/><T18/><D129/><U30/><E30/><V16/><F31/><W108/><G108/><N who="1" m="41514" /><E113/><V94/><F86/><W135/><G135/><T13/><D33/><AGARI ba="2,0" hai="1,7,10,24,28,33,48,51,55,59,63" m="41514" machi="33" ten="30,2900,0" yaku="14,1,10,1" doraHai="19" who="1" fromWho="0" sc="240,-35,270,35,292,0,198,0" /><INIT seed="1,3,0,4,2,111" ten="205,305,292,198" oya="1" hai0="85,77,80,12,101,113,54,79,6,100,20,39,8" hai1="3,89,36,87,59,88,92,65,69,110,13,82,30" hai2="127,34,86,134,40,108,0,119,48,32,35,103,114" hai3="9,115,132,42,98,117,28,74,72,25,17,90,15"/><U122/><E3/><V76/><F119/><W60/><G117/><T70/><D70/><U81/><E122/><V24/><F108/><W10/><G132/><T19/><D39/><U116/><E116/><V129/><F0/><W47/><G115/><T83/><D54/><U43/><E69/><V123/><F123/><W112/><G112/><T37/><D37/><U63/><E110/><V11/><F114/><W131/><G131/><T78/><D113/><U2/><E2/><V64/><F64/><W49/><G60/><T106/><D106/><U135/><E135/><V118/><F118/><W45/><G10/><T29/><D29/><U66/><E30/><V55/><F40/><W23/><G98/><T84/><REACH who="0" step="1"/><D79/><REACH who="0" ten="195,305,292,198" step="2"/><U44/><E66/><V91/><F76/><W57/><G57/><T121/><D121/><U75/><E36/><V102/><F134/><W51/><REACH who="3" step="1"/><G90/><REACH who="3" ten="195,305,292,188" step="2"/><T7/><D7/><U130/><E88/><V96/><F91/><W71/><G71/><T125/><D125/><U21/><E59/><V4/><F127/><W93/><G93/><T99/><D99/><U105/><E92/><V53/><F96/><W104/><G104/><T95/><D95/><U58/><E105/><V26/><F129/><W133/><G133/><T22/><D22/><U50/><E130/><V109/><F109/><W14/><G14/><AGARI ba="3,2" hai="6,8,12,14,19,20,77,78,80,83,84,85,100,101" machi="14" ten="30,7700,0" yaku="1,1,7,1,9,1,8,1,53,0" doraHai="111" doraHaiUra="33" who="0" fromWho="3" sc="195,106,305,0,292,0,188,-86" /><INIT seed="2,0,0,0,3,0" ten="301,305,292,102" oya="2" hai0="59,31,86,64,49,9,39,78,28,65,88,35,82" hai1="6,24,112,63,30,108,46,93,22,8,121,12,89" hai2="122,20,1,32,101,17,84,113,47,14,75,94,90" hai3="16,19,26,40,87,61,25,107,100,120,72,127,99"/><V55/><F113/><W123/><G72/><T52/><D39/><U114/><E108/><V115/><F115/><W54/><G127/><T7/><D78/><U110/><E110/><V50/><F122/><W70/><G40/><T91/><D91/><U73/><E73/><V103/><F75/><W119/><G119/><T74/><D74/><U133/><E133/><V57/><F32/><W106/><G87/><T69/><D35/><U128/><E128/><V2/><REACH who="2" step="1"/><F47/><REACH who="2" ten="301,305,282,102" step="2"/><W125/><G123/><T15/><D69/><U77/><E121/><V62/><F62/><W79/><G120/><T51/><D51/><U105/><E46/><V132/><F132/><W131/><G70/><T45/><D65/><U92/><E63/><AGARI ba="0,1" hai="7,9,15,28,31,45,49,52,59,63,64,82,86,88" machi="63" ten="40,8000,1" yaku="8,1,52,1,54,2" doraHai="0" who="0" fromWho="1" sc="301,90,305,-80,282,0,102,0" /><INIT seed="3,0,0,1,5,123" ten="391,225,282,102" oya="3" hai0="107,47,39,60,103,109,117,34,12,83,106,10,53" hai1="59,96,57,36,128,16,31,73,71,46,95,13,130" hai2="33,115,38,64,74,134,135,32,119,82,88,3,98" hai3="44,87,54,8,15,66,127,79,99,94,52,1,84"/><W41/><G127/><T93/><D34/><U6/><E71/><V50/><F38/><W72/><G1/><T121/><D117/><U63/><E73/><V11/><F119/><W105/><G66/><T5/><D121/><U110/><E31/><V37/><F37/><W97/><G105/><T49/><D39/><U132/><E6/><V80/><F115/><W7/><G99/><T85/><D60/><U0/><E0/><V18/><F64/><W22/><G22/><T43/><D109/><U28/><E28/><V17/><F50/><N who="3" m="26895" /><G72/><T27/><D27/><U76/><E76/><V116/><F116/><W25/><G25/><T23/><D23/><N who="1" m="11663" /><E132/><N who="2" m="50731" /><F33/><W131/><G131/><N who="1" m="50218" /><E63/><V108/><F32/><W2/><G2/><T78/><D53/><N who="3" m="20585" /><G79/><T118/><D118/><U62/><E62/><V51/><F3/><W56/><G56/><T111/><D111/><U133/><E133/><V4/><F74/><W9/><G9/><T24/><D24/><U69/><E69/><V29/><F11/><W14/><G14/><T120/><D120/><U20/><E20/><V104/><F29/><W89/><AGARI ba="0,0" hai="7,8,15,84,87,89,94,97" m="20585,26895" machi="89" ten="30,3000,0" yaku="8,1,54,1" doraHai="123" who="3" fromWho="3" sc="391,-10,225,-10,282,-10,102,30" /><INIT seed="3,1,0,1,2,121" ten="381,215,272,132" oya="3" hai0="72,107,118,54,133,1,3,77,15,10,52,114,50" hai1="105,134,125,84,70,67,31,22,75,65,35,98,135" hai2="130,61,108,6,99,60,112,17,113,93,47,129,49" hai3="51,66,69,102,7,38,24,128,28,127,89,116,57"/><W30/><G116/><T55/><D118/><U62/><E75/><V11/><F17/><W48/><G38/><T103/><D133/><N who="1" m="50699" /><E65/><V12/><F108/><W119/><G119/><T25/><D107/><U18/><E125/><V120/><F120/><W41/><G69/><T13/><D103/><N who="1" m="62711" /><E84/><V29/><F29/><N who="3" m="11371" /><G127/><T88/><D54/><U19/><E35/><V53/><F113/><W90/><G128/><N who="2" m="49257" /><F112/><W79/><G102/><AGARI ba="1,0" hai="6,11,12,47,49,53,60,61,93,99,102" m="49257" machi="102" ten="30,1000,0" yaku="19,1" doraHai="121" who="2" fromWho="3" sc="381,0,215,0,272,13,132,-13" owari="381,48.1,215,-18.5,285,8.5,119,-38.1" /></mjloggm>