<mjloggm ver="2.3"><GO type="225" lobby="0"/><UN n0="%E6%B8%A9%E2%98%85%E6%83%85%E2%98%85%E6%8E%AA%E2%98%85%E7%BD%AE" n1="%E5%A4%9C%E5%85%89%E5%A4%A9%E6%A5%BC" n2="%E3%81%8B%E3%82%8F%E3%81%A1%E3%82%83%E3%82%93%35%38" n3="%E7%AC%B9%E9%A4%85" dan="17,16,16,18" rate="2204.87,2052.71,2157.76,2257.53" sx="M,M,M,M"/><TAIKYOKU oya="0"/><INIT seed="0,0,0,5,5,21" ten="250,250,250,250" oya="0" hai0="8,27,59,25,134,36,109,105,48,35,93,43,29" hai1="84,34,13,77,44,18,102,115,118,12,113,57,79" hai2="108,32,112,20,71,104,85,14,90,31,114,0,33" hai3="89,28,69,106,49,111,4,99,87,82,41,68,64"/><T17/><D105/><U45/><E118/><V15/><F85/><W67/><G111/><T78/><D109/><U94/><E34/><N who="2" m="13419" /><F90/><W16/><G28/><T65/><D134/><U81/><E79/><V88/><F88/><W107/><G4/><T101/><D36/><U119/><E119/><V122/><F71/><W74/><G74/><T10/><D78/><U9/><E13/><N who="2" m="4619" /><F104/><W80/><G41/><T83/><D83/><U100/><E57/><V123/><F108/><W75/><G49/><T26/><D17/><U11/><E11/><N who="0" m="4137" /><D35/><U127/><E94/><V120/><F0/><W1/><G1/><T56/><D29/><U125/><E102/><V39/><F39/><W19/><G89/><T51/><D65/><U126/><REACH who="1" step="1"/><E100/><REACH who="1" ten="250,240,250,250" step="2"/><V50/><F50/><N who="0" m="18986" /><D43/><U66/><E66/><V63/><F63/><W5/><G67/><T131/><D131/><U37/><E37/><V24/><AGARI ba="0,1" hai="20,24,31,112,114,120,122,123" m="4619,13419" machi="24" ten="40,5200,0" yaku="34,2,52,1" doraHai="21" who="2" fromWho="2" sc="250,-26,240,-13,250,62,250,-13" /><INIT seed="1,0,0,3,1,33" ten="224,227,312,237" oya="1" hai0="60,122,52,41,113,44,90,47,36,62,10,82,9" hai1="103,68,130,79,23,86,15,93,16,83,48,128,42" hai2="121,5,114,100,97,96,125,129,66,14,18,2,35" hai3="24,7,124,89,80,112,105,72,8,131,46,17,55"/><U132/><E68/><V50/><F121/><W120/><G120/><T32/><D122/><U81/><E132/><V117/><F117/><W73/><G112/><T78/><D32/><U45/><REACH who="1" step="1"/><E83/><REACH who="1" ten="224,217,312,237" step="2"/><V26/><F114/><W63/><G80/><T67/><D113/><U123/><E123/><V98/><F129/><W49/><G131/><T99/><D82/><U75/><E75/><V110/><F110/><W106/><G73/><T1/><D78/><U127/><E127/><V107/><F125/><W116/><G72/><T69/><D1/><U40/><E40/><V30/><F2/><W70/><G124/><T101/><D90/><U6/><E6/><V61/><F5/><W134/><G7/><T87/><D87/><U22/><E22/><V108/><F108/><W76/><G76/><T11/><D11/><U65/><E65/><V58/><F50/><W133/><G49/><T25/><D9/><AGARI ba="0,1" hai="9,14,18,26,30,35,58,61,66,96,97,98,100,107" machi="9" ten="30,1000,0" yaku="7,1" doraHai="33" who="2" fromWho="0" sc="224,-10,217,0,312,20,237,0" /><INIT seed="2,0,0,3,1,72" ten="214,217,332,237" oya="2" hai0="34,93,23,57,112,122,12,77,123,69,64,49,129" hai1="103,52,65,51,117,83,55,4,111,78,130,20,16" hai2="119,41,71,27,60,134,18,75,29,25,126,108,32" hai3="124,106,31,85,47,22,84,80,116,62,68,8,81"/><V88/><F119/><W94/><G106/><T30/><D112/><U91/><E117/><V1/><F75/><W39/><G116/><T105/><D105/><U5/><E111/><V44/><F1/><W115/><G94/><T24/><D129/><U109/><E109/><V125/><F134/><W113/><G8/><T121/><D69/><U7/><E130/><V17/><F108/><W90/><G124/><N who="2" m="47721" /><F27/><N who="3" m="16887" /><G68/><T132/><D132/><U0/><E65/><N who="2" m="41383" /><F88/><N who="3" m="51207" /><G62/><T15/><D122/><U70/><E70/><V42/><F42/><W92/><G81/><T9/><D123/><U33/><E33/><V14/><F14/><W6/><G6/><T53/><D15/><N who="1" m="9247" /><E0/><V127/><F127/><W89/><G115/><T63/><D34/><U73/><E73/><V28/><F28/><W99/><G113/><T98/><D121/><U38/><E7/><V61/><F61/><W40/><G40/><T107/><D63/><U76/><E5/><V48/><AGARI ba="0,0" hai="17,18,25,29,32,41,44,48" m="41383,47721" machi="48" ten="30,1500,0" yaku="18,1" doraHai="72" who="2" fromWho="2" sc="214,-5,217,-5,332,15,237,-5" /><INIT seed="2,1,0,5,3,121" ten="209,212,347,232" oya="2" hai0="135,114,78,0,54,98,74,120,80,126,132,39,113" hai1="119,68,7,93,18,11,13,44,130,5,125,26,108" hai2="112,106,72,71,14,84,52,12,22,6,123,94,28" hai3="31,79,90,9,134,75,36,110,81,37,2,122,107"/><V4/><F106/><W23/><G122/><T77/><D39/><U8/><E119/><V62/><F72/><W21/><G21/><T24/><D120/><U41/><E68/><V117/><F71/><W109/><G107/><T86/><D0/><U43/><E125/><V32/><F32/><W15/><G90/><T76/><D54/><U50/><E130/><V133/><F133/><N who="0" m="51274" /><D24/><U35/><E108/><N who="3" m="41578" /><G134/><T95/><D126/><U105/><E105/><V16/><F22/><W19/><G31/><T99/><D99/><U59/><E35/><V51/><F28/><W27/><G2/><T128/><D128/><U124/><E124/><V87/><F123/><W116/><G116/><T92/><D92/><U102/><E26/><V61/><F117/><W88/><G88/><N who="0" m="51271" /><D74/><U70/><E93/><V127/><F127/><W42/><G42/><T89/><AGARI ba="1,0" hai="76,77,78,89,95,98,113,114" m="51271,51274" machi="89" ten="30,7900,0" yaku="20,1,34,2,54,1" doraHai="121" who="0" fromWho="0" sc="209,82,212,-21,347,-40,232,-21" /><INIT seed="3,0,0,3,1,42" ten="291,191,307,211" oya="3" hai0="91,56,73,57,29,44,18,133,87,122,66,127,117" hai1="37,27,46,34,71,80,101,26,58,77,110,11,20" hai2="118,85,54,28,106,114,79,12,36,128,113,123,10" hai3="109,41,125,78,31,105,53,98,7,25,75,59,30"/><W43/><G125/><T126/><D73/><U130/><E110/><V24/><F118/><W38/><G109/><T0/><D0/><U64/><E130/><V15/><F106/><W96/><G7/><T22/><D29/><U72/><E101/><V69/><F36/><W65/><G65/><T104/><D104/><U99/><E71/><V32/><F69/><W103/><G98/><T115/><D122/><U135/><E135/><V55/><F15/><W61/><G38/><T95/><D117/><U50/><E99/><V13/><F13/><W39/><G39/><T35/><D35/><U94/><E94/><V1/><F1/><W62/><G62/><T129/><D129/><U111/><E111/><V81/><F128/><W124/><G124/><N who="0" m="47659" /><D66/><U74/><E11/><V48/><F55/><W76/><G31/><T83/><D133/><U112/><E74/><V120/><F120/><W47/><G75/><T17/><D17/><N who="1" m="12559" /><E37/><V84/><F84/><W70/><G70/><T88/><D44/><U21/><E34/><V60/><F123/><W89/><G47/><T100/><D100/><U33/><E33/><V121/><F121/><W14/><G89/><T134/><D115/><U107/><E112/><V82/><F60/><W108/><G108/><T131/><D131/><U90/><E107/><V51/><F51/><W67/><G67/><T92/><D134/><U5/><E5/><N who="2" m="3151" /><F81/><W63/><G63/><T19/><D83/><U86/><E64/><V119/><F119/><W68/><G68/><T102/><D102/><U6/><E72/><V116/><F116/><W2/><G105/><RYUUKYOKU ba="0,0" sc="291,-10,191,-10,307,30,211,-10" hai2="24,28,32,48,54,79,82,85,113,114" owari="281,8.1,181,-31.9,337,43.7,201,-19.9" /></mjloggm>