<mjloggm ver="2.3"><GO type="225" lobby="0"/><UN n0="%E3%81%99%E3%81%84%E3%81%BE%E3%81%9B%E3%83%BC%E3%82%93" n1="%E3%83%96%E3%83%83%E3%83%91%E3%82%AA%E3%83%96%E3%83%81%E3%82%AD%E3%83%B3" n2="%E6%A9%98%E3%83%AF%E3%83%AB%E3%83%84" n3="%E9%A6%AC%E5%BC%95%E7%81%AB%33" dan="18,16,16,16" rate="2216.40,2148.80,2090.69,2121.79" sx="M,M,M,M"/><TAIKYOKU oya="0"/><INIT seed="0,0,0,2,2,75" ten="250,250,250,250" oya="0" hai0="48,20,121,5,73,55,22,100,1,87,18,27,114" hai1="134,29,46,83,108,38,86,3,95,117,119,118,106" hai2="130,33,120,69,31,9,62,132,68,51,104,24,47" hai3="0,50,82,6,85,115,127,19,91,88,39,45,25"/><T70/><D73/><U77/><E3/><V57/><F120/><W105/><G115/><T58/><D114/><U61/><E106/><V90/><F104/><W110/><G110/><T76/><D121/><U21/><E108/><V15/><F132/><W32/><G127/><T37/><D37/><U78/><E134/><V4/><F130/><W65/><G105/><T16/><D70/><U40/><E95/><V26/><F26/><W122/><G122/><T112/><D112/><U84/><E61/><V59/><F59/><W36/><G65/><T94/><D1/><U92/><E92/><V12/><F12/><W103/><G103/><T96/><D5/><U66/><E66/><V71/><F90/><W8/><G91/><T30/><D22/><U56/><E56/><V23/><F33/><W109/><G109/><T102/><D100/><U123/><E123/><V14/><F14/><W113/><G113/><T135/><D135/><U2/><E2/><V28/><F28/><W89/><G89/><T74/><D74/><U42/><E42/><V67/><F71/><W64/><G64/><T53/><D55/><AGARI ba="0,0" hai="4,9,15,23,24,31,47,51,55,57,62,67,68,69" machi="55" ten="30,1000,0" yaku="7,1" doraHai="75" who="2" fromWho="0" sc="250,-10,250,0,250,10,250,0" /><INIT seed="1,0,0,3,5,91" ten="240,250,260,250" oya="1" hai0="15,122,110,10,69,47,105,132,79,42,29,131,84" hai1="35,19,112,128,7,81,120,71,121,99,58,63,9" hai2="5,109,104,60,26,39,102,66,37,36,93,76,12" hai3="96,44,56,111,16,125,127,72,49,129,94,85,0"/><U46/><E112/><V65/><F104/><W114/><G114/><T48/><D110/><U43/><E71/><V73/><F109/><W21/><G111/><T116/><D116/><U52/><E35/><V30/><F76/><W90/><G129/><T107/><D131/><U25/><E128/><V31/><F73/><W28/><G72/><T18/><D132/><U41/><E81/><V8/><F31/><W80/><G0/><T14/><D69/><U23/><E99/><V124/><F124/><N who="3" m="47691" /><G56/><T22/><D122/><U130/><E130/><V92/><F102/><N who="3" m="60695" /><G28/><T133/><D133/><U119/><E119/><V82/><F82/><W55/><G21/><T11/><D29/><U74/><E74/><V106/><F106/><W3/><G3/><T117/><D117/><U126/><E126/><V6/><F6/><W115/><G115/><T134/><D134/><U1/><REACH who="1" step="1"/><E41/><REACH who="1" ten="240,240,260,250" step="2"/><V113/><F113/><W57/><G80/><N who="0" m="47135" /><D107/><U24/><E24/><V62/><F26/><W45/><G85/><T87/><D105/><U53/><E53/><V135/><F135/><W54/><G54/><T88/><D15/><U40/><E40/><V118/><F118/><W33/><G33/><T61/><D61/><U123/><E123/><V50/><F62/><W100/><G55/><T4/><D4/><U64/><E64/><N who="2" m="24683" /><F60/><W78/><G78/><T20/><D20/><U51/><AGARI ba="0,1" hai="1,7,9,19,23,25,43,46,51,52,58,63,120,121" machi="51" ten="20,7800,0" yaku="1,1,0,1,7,1,54,1,53,0" doraHai="91" doraHaiUra="108" who="1" fromWho="1" sc="240,-26,240,88,260,-26,250,-26" /><INIT seed="1,1,0,5,5,2" ten="214,328,234,224" oya="1" hai0="33,16,53,116,85,45,133,58,43,64,6,1,112" hai1="123,106,100,39,135,19,37,11,78,14,65,129,4" hai2="84,3,61,86,8,77,121,21,109,91,60,50,114" hai3="115,34,15,59,51,89,17,54,22,132,32,57,119"/><U80/><E123/><V30/><F121/><W90/><G115/><T79/><D112/><U9/><E65/><V47/><F114/><W117/><G132/><T108/><D116/><N who="3" m="44617" /><G59/><T5/><D33/><AGARI ba="1,0" hai="15,17,22,32,33,34,51,54,57,89,90" m="44617" machi="33" ten="30,1000,0" yaku="12,1" doraHai="2" who="3" fromWho="0" sc="214,-13,328,0,234,0,224,13" /><INIT seed="2,0,0,1,5,49" ten="201,328,234,237" oya="2" hai0="97,133,6,34,44,46,85,9,114,91,73,60,42" hai1="126,78,70,2,56,108,25,0,39,100,23,26,53" hai2="28,102,77,22,122,125,47,66,75,120,95,5,38" hai3="10,20,113,4,54,87,112,62,118,128,67,93,135"/><V57/><F5/><W119/><G128/><T11/><D114/><N who="3" m="44137" /><G135/><T55/><D34/><U123/><E39/><V7/><F7/><W35/><G35/><T72/><D133/><U63/><E108/><V74/><F77/><W132/><G132/><T8/><D97/><U15/><E126/><V19/><F125/><W99/><G87/><T40/><D6/><U68/><E123/><V37/><F28/><W16/><G10/><T81/><D60/><U103/><E78/><V79/><F75/><W121/><G4/><T59/><D73/><U13/><E63/><V52/><F66/><W1/><G1/><T130/><D72/><U21/><REACH who="1" step="1"/><E56/><REACH who="1" ten="201,318,234,237" step="2"/><V45/><F79/><W3/><G121/><T131/><D131/><U117/><E117/><V134/><F134/><W12/><G3/><T18/><D130/><U107/><E107/><V127/><F127/><W14/><G119/><T83/><D59/><U69/><E69/><V90/><F122/><W80/><G118/><T33/><D46/><N who="2" m="17418" /><F120/><W129/><G129/><T29/><D44/><U71/><E71/><V109/><F109/><W94/><G62/><T31/><D42/><U124/><E124/><V76/><F76/><W96/><G67/><T64/><D64/><U86/><E86/><N who="2" m="52695" /><F74/><W32/><G99/><T24/><D40/><U51/><E51/><N who="2" m="30879" /><F102/><W65/><G65/><T41/><D41/><U27/><E27/><V104/><F104/><W36/><G36/><T17/><D24/><U50/><E50/><V88/><F88/><W43/><G43/><T106/><D106/><U82/><E82/><V116/><F116/><RYUUKYOKU ba="0,1" sc="201,-15,318,15,234,15,237,-15" hai1="0,2,13,15,21,23,25,26,53,68,70,100,103" hai2="19,22,37,38" /><INIT seed="2,1,1,0,5,43" ten="186,333,249,222" oya="2" hai0="32,63,75,37,100,49,28,131,114,107,27,120,8" hai1="78,7,80,104,88,66,21,116,76,123,112,25,14" hai2="44,19,133,135,10,20,102,109,60,106,48,124,125" hai3="99,47,55,128,65,51,36,69,33,50,53,97,115"/><V5/><F102/><W22/><G33/><T67/><D120/><U9/><E112/><V39/><F106/><W134/><G115/><T17/><D114/><U26/><E116/><V72/><F60/><W132/><G128/><T59/><D37/><U38/><E104/><V40/><F72/><W110/><G110/><T113/><D113/><U1/><E38/><V64/><F64/><W74/><G74/><T117/><D131/><U96/><E123/><V105/><F105/><W18/><G36/><T118/><D75/><U56/><E1/><N who="2" m="303" /><F48/><W62/><G132/><N who="2" m="50761" /><F109/><W2/><G2/><T52/><D100/><U29/><E26/><AGARI ba="1,1" hai="19,20,26,39,40,44,124,125" m="50761,303" machi="26" ten="30,2900,0" yaku="20,1,52,1" doraHai="43" who="2" fromWho="1" sc="186,0,333,-32,249,42,222,0" /><INIT seed="2,2,0,1,3,43" ten="186,301,291,222" oya="2" hai0="13,92,91,26,11,98,37,110,121,41,97,34,30" hai1="20,72,107,33,103,50,90,100,53,0,31,6,51" hai2="105,134,128,86,84,1,135,56,57,24,10,112,133" hai3="73,79,69,46,38,77,95,32,17,113,115,64,104"/><V61/><F105/><W116/><G116/><T93/><D121/><U70/><E72/><V89/><F112/><N who="3" m="43083" /><G104/><T124/><D110/><U39/><E39/><V48/><F128/><W130/><G130/><T114/><D114/><U55/><E70/><V108/><F108/><W85/><G32/><T123/><D123/><U14/><E107/><V106/><F106/><W2/><G2/><T99/><D124/><U109/><E109/><V83/><F24/><W21/><G73/><T28/><D28/><U78/><E78/><V52/><F84/><W15/><G64/><T44/><REACH who="0" step="1"/><D93/><REACH who="0" ten="176,301,291,222" step="2"/><U63/><E31/><V59/><F61/><W129/><G129/><T40/><D40/><U127/><E63/><V120/><F120/><W67/><G95/><T58/><D58/><U75/><E127/><V81/><F81/><W49/><G69/><T131/><D131/><U119/><E119/><V8/><F1/><W96/><G46/><AGARI ba="2,1" hai="8,10,46,48,52,56,57,59,83,86,89,133,134,135" machi="46" ten="50,9600,0" yaku="20,1,52,1,54,1" doraHai="43" who="2" fromWho="3" sc="176,0,301,0,291,112,222,-102" /><INIT seed="2,3,0,3,4,108" ten="176,301,403,120" oya="2" hai0="91,6,33,40,114,16,113,109,19,1,56,90,18" hai1="125,11,123,88,8,95,70,4,118,82,102,119,59" hai2="67,101,92,23,49,37,39,129,47,72,73,71,52" hai3="134,58,2,81,51,10,0,22,3,135,117,65,111"/><V89/><F101/><W55/><G117/><T25/><D40/><U61/><E70/><V24/><F129/><W26/><G111/><T98/><D109/><U124/><E102/><V112/><F112/><N who="0" m="43114" /><D56/><U14/><E82/><V86/><F39/><W68/><G10/><N who="0" m="2383" /><D91/><U5/><E123/><V69/><F37/><W77/><G65/><T97/><D90/><U17/><E118/><V106/><F106/><W12/><G68/><T29/><D97/><N who="1" m="57575" /><E11/><V45/><F45/><W20/><G12/><T35/><D98/><U83/><E83/><V9/><F9/><W42/><G42/><T107/><D107/><U127/><E119/><V53/><F71/><W76/><G76/><T115/><N who="0" m="43122" /><T120/><DORA hai="121" /><D120/><U110/><E110/><V94/><F94/><W62/><G62/><T32/><AGARI ba="3,0" hai="16,18,19,25,29,32,33,35" m="2383,43122" machi="32" ten="50,12000,2" yaku="34,2,52,4,54,1" doraHai="108,121" who="0" fromWho="0" sc="176,129,301,-33,403,-63,120,-33" /><INIT seed="3,0,0,2,2,96" ten="305,268,340,87" oya="3" hai0="65,77,52,3,2,51,62,21,63,66,95,125,33" hai1="10,48,50,22,61,34,98,93,132,105,80,6,113" hai2="104,67,19,101,71,49,56,92,15,109,41,57,86" hai3="44,73,78,135,128,18,1,11,4,69,115,7,36"/><W82/><G115/><T17/><D33/><U54/><E34/><V108/><F104/><W90/><G128/><T106/><D106/><U123/><E105/><V120/><F120/><W12/><G135/><T14/><D125/><U124/><E123/><V68/><F67/><N who="0" m="25610" /><D2/><U64/><E113/><V110/><F41/><W29/><G69/><N who="2" m="26697" /><F49/><W116/><G116/><T37/><D3/><U84/><E124/><V81/><F92/><W85/><G29/><T72/><D37/><U32/><E32/><V0/><F0/><W55/><G1/><T43/><D43/><U100/><E132/><V31/><F31/><W40/><REACH who="3" step="1"/><G55/><REACH who="3" ten="305,268,340,77" step="2"/><T112/><D112/><U76/><E54/><V70/><F70/><W122/><G122/><T107/><D52/><U47/><E64/><V26/><F57/><W59/><G59/><T27/><D62/><U133/><E61/><V91/><F56/><W79/><G79/><T130/><D77/><U28/><E133/><V94/><F110/><W97/><G97/><T118/><D63/><U121/><E121/><V8/><F109/><W117/><G117/><T103/><D130/><U83/><E47/><V114/><F108/><W45/><G45/><T5/><D118/><U35/><E28/><V119/><F114/><W13/><G13/><T74/><D14/><U42/><E98/><N who="2" m="59607" /><F119/><W24/><G24/><T58/><D27/><U46/><E76/><V88/><F26/><W53/><G53/><T126/><D58/><U16/><E46/><V131/><F131/><W60/><G60/><T75/><D126/><U39/><E42/><V23/><F19/><RYUUKYOKU ba="0,1" sc="305,-10,268,-10,340,-10,77,30" hai3="4,7,11,12,18,36,40,44,73,78,82,85,90" /><INIT seed="3,1,1,5,2,122" ten="295,258,330,107" oya="3" hai0="49,87,133,81,113,42,5,129,50,30,103,47,120" hai1="135,88,117,40,128,79,60,21,83,20,93,6,11" hai2="102,9,85,98,18,55,2,134,76,82,44,119,75" hai3="116,29,36,62,13,15,57,46,59,91,96,124,54"/><W10/><G116/><T130/><D120/><U118/><E135/><V94/><F119/><N who="1" m="45577" /><E128/><N who="0" m="49257" /><D133/><U53/><E40/><V109/><F109/><W68/><G124/><T24/><D103/><U131/><E131/><V95/><F134/><W97/><G68/><T112/><D5/><U104/><E104/><V0/><F75/><W92/><G29/><T114/><D49/><U52/><E21/><V45/><F95/><W58/><G96/><T38/><D38/><U111/><E20/><V74/><F74/><W35/><G35/><N who="0" m="20935" /><D114/><U72/><E60/><V4/><F2/><W25/><G25/><T101/><D101/><U86/><E111/><V70/><F70/><W132/><G132/><T41/><D41/><U17/><E17/><V61/><F18/><W65/><G36/><T34/><D34/><U64/><E64/><V56/><AGARI ba="1,1" hai="0,4,9,44,45,55,56,61,76,82,85,94,98,102" machi="56" ten="30,1100,0" yaku="0,1" doraHai="122" who="2" fromWho="2" sc="295,-4,258,-4,330,24,107,-6" owari="291,9.1,254,-14.6,354,45.4,101,-39.9" /></mjloggm>