<mjloggm ver="2.3"><GO type="225" lobby="0"/><UN n0="%72%65%6E%6B%75%6E" n1="%E3%81%BF%E3%81%BF%E3%81%9A" n2="%33%74%72%65%65" n3="%E3%81%BD%E3%81%A1%E3%81%9F%E3%81%93%E3%82%84" dan="17,17,17,16" rate="2176.09,2213.18,2116.48,2187.18" sx="M,M,F,M"/><TAIKYOKU oya="0"/><INIT seed="0,0,0,0,2,6" ten="250,250,250,250" oya="0" hai0="97,82,69,42,64,54,89,9,72,17,25,8,62" hai1="39,121,65,101,11,27,32,130,90,7,44,1,124" hai2="105,129,70,133,3,110,118,86,131,104,37,23,126" hai3="80,87,22,63,13,4,103,57,102,99,107,106,77"/><T43/><D54/><U33/><E121/><V128/><RYUUKYOKU type="yao9" ba="0,0" sc="250,0,250,0,250,0,250,0" hai2="3,23,37,70,86,104,105,110,118,126,128,129,131,133" /><INIT seed="0,1,0,0,3,34" ten="250,250,250,250" oya="0" hai0="65,28,21,45,117,87,86,50,64,96,8,116,123" hai1="25,134,93,24,125,82,41,84,75,71,81,106,6" hai2="88,7,46,58,17,83,60,39,74,103,42,108,54" hai3="32,49,14,99,66,44,92,10,113,13,89,79,2"/><T97/><D123/><U53/><E106/><V16/><F108/><W90/><G113/><T122/><D122/><U20/><E71/><V119/><F119/><W105/><G32/><T37/><D37/><U120/><E120/><V0/><F103/><W114/><G114/><T35/><D35/><U124/><E41/><V52/><F54/><W109/><G105/><T11/><D21/><U63/><E134/><V30/><F30/><W104/><G104/><T100/><D50/><U102/><E6/><V131/><F131/><W12/><G79/><T78/><D45/><U68/><E75/><V1/><F88/><W48/><G109/><T26/><D26/><U127/><E25/><V91/><F91/><W80/><G66/><T40/><D40/><U43/><E43/><V76/><F1/><W101/><G49/><T132/><D28/><U85/><E102/><V19/><F19/><W33/><G33/><T31/><D31/><N who="1" m="17799" /><E93/><V126/><F126/><N who="1" m="32257" /><U5/><DORA hai="18" /><E5/><V112/><REACH who="2" step="1"/><F112/><REACH who="2" ten="250,250,240,250" step="2"/><W129/><G129/><T111/><D100/><U70/><E53/><V59/><F59/><W72/><G2/><T56/><D56/><U67/><E68/><V128/><F128/><W62/><G101/><T115/><D111/><U61/><E63/><V9/><AGARI ba="1,1" hai="0,7,9,16,17,39,42,46,52,58,60,74,76,83" machi="9" ten="30,12000,2" yaku="1,1,0,1,25,2,52,1,54,2,53,0" doraHai="34,18" doraHaiUra="29,121" who="2" fromWho="2" sc="250,-61,250,-31,240,133,250,-31" /><INIT seed="1,0,0,0,2,74" ten="189,219,373,219" oya="1" hai0="37,117,23,60,42,121,53,27,12,84,128,115,65" hai1="80,83,35,75,86,109,3,9,8,133,116,1,20" hai2="58,95,91,101,85,63,6,5,127,134,18,129,59" hai3="97,4,102,2,21,52,122,69,7,51,38,103,124"/><U44/><E116/><V64/><F134/><W81/><G122/><T135/><D115/><U70/><E35/><V126/><F129/><W26/><G38/><T76/><D117/><U104/><E70/><V66/><F101/><W56/><G69/><T90/><D135/><U19/><E104/><V123/><F123/><W34/><G34/><T99/><D128/><U132/><E75/><V30/><F30/><W89/><G124/><N who="2" m="47657" /><F18/><W108/><G108/><T55/><D12/><U45/><E19/><V40/><F40/><W15/><G2/><T31/><D121/><U43/><E86/><V71/><F64/><W105/><G103/><T11/><D11/><U110/><REACH who="1" step="1"/><E43/><REACH who="1" ten="189,209,373,219" step="2"/><V78/><F71/><W24/><G105/><T57/><D42/><U92/><E92/><V130/><F95/><W47/><G81/><N who="0" m="47143" /><D37/><U88/><E88/><V125/><F91/><W10/><G89/><T72/><D72/><U41/><E41/><V28/><F125/><W94/><G4/><T14/><D90/><U48/><E48/><V17/><F17/><N who="3" m="12335" /><G26/><T16/><D99/><U131/><E131/><V46/><F130/><W98/><G97/><T87/><D87/><U100/><E100/><V82/><F5/><W113/><G113/><T77/><D77/><U54/><E54/><V118/><F6/><W62/><G62/><T36/><D36/><U29/><E29/><V67/><F28/><W114/><G114/><T120/><D120/><U73/><E73/><V107/><F107/><W32/><G32/><T119/><D119/><U39/><E39/><V13/><F118/><W96/><G96/><RYUUKYOKU ba="0,1" sc="189,10,209,10,373,-30,219,10" hai0="14,16,23,27,31,53,55,57,60,65" hai1="1,3,8,9,20,44,45,80,83,109,110,132,133" hai3="7,10,15,47,51,52,56,94,98,102" /><INIT seed="1,1,1,3,2,66" ten="199,219,343,229" oya="1" hai0="3,86,29,85,116,67,114,119,91,53,121,34,51" hai1="4,125,103,46,64,9,5,132,25,33,84,26,0" hai2="117,16,27,43,88,6,89,14,135,28,101,38,55" hai3="68,126,78,109,124,73,115,40,8,62,81,107,133"/><U13/><E103/><V24/><F117/><W130/><G115/><T11/><D114/><U110/><E46/><V69/><F69/><W120/><G120/><T71/><D121/><U60/><E125/><N who="3" m="48234" /><G107/><T37/><D37/><U58/><E132/><V90/><F6/><W106/><G106/><T50/><D29/><U22/><E110/><V10/><F135/><W97/><G133/><T77/><D34/><U63/><E33/><V82/><F101/><W118/><G109/><T54/><D77/><U72/><E72/><V35/><F27/><W98/><G130/><T2/><D67/><U32/><E32/><V57/><F43/><W123/><G123/><T52/><D11/><U95/><E63/><V100/><F100/><W7/><G40/><T79/><D79/><U12/><E0/><V41/><F41/><W30/><G30/><T96/><D91/><N who="1" m="53735" /><E4/><V20/><F38/><W74/><G74/><T80/><D80/><U18/><AGARI ba="1,1" hai="5,9,12,13,18,22,25,26,58,60,64" m="53735" machi="18" ten="30,1500,0" yaku="8,1" doraHai="66" who="1" fromWho="1" sc="199,-6,219,28,343,-6,229,-6" /><INIT seed="1,2,0,1,5,34" ten="193,247,337,223" oya="1" hai0="115,110,7,127,73,121,18,82,95,124,118,2,125" hai1="106,24,8,133,111,123,114,68,42,52,59,134,94" hai2="116,43,104,102,86,85,36,67,101,65,31,57,122" hai3="80,132,32,99,62,30,103,38,61,49,113,35,19"/><U74/><E114/><V26/><F116/><W12/><G38/><T17/><D115/><U90/><E123/><V44/><F122/><W16/><G132/><N who="1" m="50794" /><E106/><V41/><F41/><W107/><G19/><T129/><D121/><U126/><E68/><V29/><F104/><W117/><G117/><T4/><D118/><U77/><E42/><V47/><F43/><W58/><G113/><T1/><D95/><U0/><E24/><V75/><F57/><W91/><G49/><T54/><D54/><U119/><E126/><V25/><REACH who="2" step="1"/><F75/><REACH who="2" ten="193,247,327,223" step="2"/><W100/><G107/><T63/><D63/><N who="1" m="36327" /><E119/><V88/><F88/><W69/><G91/><T39/><D39/><AGARI ba="2,1" hai="25,26,29,31,36,39,44,47,65,67,85,86,101,102" machi="39" ten="25,8000,1" yaku="1,1,22,2,53,2" doraHai="34" doraHaiUra="60" who="2" fromWho="0" sc="193,-86,247,0,327,96,223,0" /><INIT seed="2,0,0,4,2,94" ten="107,247,423,223" oya="2" hai0="18,50,12,34,87,95,23,76,2,48,20,106,49" hai1="28,62,99,93,133,81,13,4,70,59,105,110,125" hai2="53,86,7,65,109,27,35,36,91,8,117,108,101" hai3="90,42,135,41,38,43,10,15,79,96,52,9,44"/><V24/><F117/><W115/><G135/><T40/><D106/><U131/><E110/><N who="2" m="42603" /><F65/><W122/><G122/><T118/><D2/><U54/><E105/><V97/><F36/><W84/><G115/><T75/><D34/><U26/><E133/><V124/><F53/><W103/><G79/><T46/><D118/><U63/><E125/><V112/><F124/><W89/><G9/><T72/><D72/><U119/><E131/><V6/><F35/><W107/><G90/><T130/><D75/><U120/><E120/><V61/><F61/><W127/><G127/><T32/><D32/><U22/><E119/><V82/><F112/><W16/><G52/><T17/><D130/><U129/><E129/><V51/><F51/><W104/><G107/><T1/><D1/><U116/><E116/><V11/><F8/><W113/><REACH who="3" step="1"/><G113/><REACH who="3" ten="107,247,423,213" step="2"/><T111/><D111/><U83/><E54/><V88/><F91/><W29/><G29/><T31/><D31/><U134/><E28/><V80/><F11/><W78/><G78/><T66/><D66/><U37/><E134/><V14/><F88/><W126/><G126/><T123/><D123/><U56/><E83/><AGARI ba="0,1" hai="10,15,16,38,41,42,43,44,83,84,89,96,103,104" machi="83" ten="30,7700,0" yaku="1,1,7,1,52,1,54,1,53,0" doraHai="94" doraHaiUra="30" who="3" fromWho="1" sc="107,0,247,-77,423,0,213,87" /><INIT seed="3,0,0,3,2,73" ten="107,170,423,300" oya="3" hai0="116,23,121,17,48,4,35,105,7,110,62,114,43" hai1="57,79,112,10,60,97,102,81,78,125,72,122,5" hai2="90,100,127,69,9,108,63,28,22,40,47,74,71" hai3="103,26,119,83,111,20,132,56,131,88,41,45,3"/><W70/><G70/><T15/><D105/><U24/><E112/><V61/><F108/><W2/><G119/><T98/><D98/><U95/><E122/><V109/><F109/><W31/><G111/><T14/><D62/><U84/><E125/><V38/><F74/><W29/><G131/><T134/><D48/><U99/><E99/><V53/><F100/><W115/><G115/><T85/><D85/><U96/><E96/><V12/><F127/><W42/><G103/><T25/><D43/><U33/><E24/><V82/><F22/><W75/><G31/><T107/><D107/><U11/><E33/><V104/><F28/><W58/><G41/><T76/><D76/><N who="1" m="46119" /><E72/><V130/><F104/><W126/><G132/><T37/><D37/><U101/><E101/><V91/><F130/><W6/><G126/><T21/><D110/><U87/><E87/><V18/><F82/><W94/><G94/><T124/><D124/><U51/><E51/><V34/><F34/><W68/><G68/><T123/><D114/><U120/><E120/><V64/><F53/><W93/><G93/><T44/><D35/><U67/><E5/><V49/><F38/><N who="3" m="21719" /><G88/><T117/><D25/><U66/><E66/><AGARI ba="0,0" hai="9,12,18,40,47,49,61,63,64,66,69,71,90,91" machi="66" ten="40,1300,0" yaku="9,1" doraHai="73" who="2" fromWho="1" sc="107,0,170,-13,423,13,300,0" owari="107,-39.3,157,-24.3,436,53.6,300,10.0" /></mjloggm>