<mjloggm ver="2.3"><GO type="225" lobby="0"/><UN n0="%E9%B3%B3%E6%9D%B1%E3%81%AE%E3%81%86%E3%81%95%E3%81%8E%E3%81%95%E3%82%93" n1="%E3%81%BF%E3%81%BF%E3%81%9A" n2="%E5%85%88%E7%89%A9%E3%81%AF%74%72%61%73%68" n3="%77%72%77%72%77%72%77%72" dan="17,17,17,17" rate="2195.32,2167.25,2163.62,2193.26" sx="M,M,M,M"/><TAIKYOKU oya="0"/><INIT seed="0,0,0,1,2,126" ten="250,250,250,250" oya="0" hai0="73,107,67,128,40,17,5,34,131,39,100,16,4" hai1="15,32,29,134,96,24,8,41,121,52,82,46,92" hai2="90,43,37,84,6,58,55,27,62,104,105,86,21" hai3="50,115,53,54,94,38,68,63,51,76,42,57,122"/><T48/><D39/><U44/><E134/><V125/><F125/><W119/><G94/><T74/><D34/><U79/><E121/><V45/><F6/><N who="0" m="2666" /><D67/><U99/><E46/><V75/><F75/><N who="0" m="28682" /><D48/><U80/><E99/><V14/><F14/><W61/><G76/><T116/><D40/><U60/><E41/><V72/><F72/><W113/><G119/><T7/><N who="0" m="2674" /><T33/><DORA hai="64" /><D33/><U13/><E79/><V132/><F132/><W35/><G35/><T117/><D100/><U108/><E108/><V65/><F55/><W20/><G20/><T69/><D69/><U11/><E11/><V98/><F98/><W28/><G28/><T103/><D103/><U2/><E2/><V87/><REACH who="2" step="1"/><F90/><REACH who="2" ten="250,250,240,250" step="2"/><W71/><G122/><T30/><D107/><U93/><E96/><V22/><F22/><W3/><G3/><T110/><D110/><U9/><E8/><V1/><F1/><W18/><G42/><T47/><D47/><U130/><E13/><V135/><F135/><W59/><G18/><AGARI ba="0,1" hai="18,21,27,37,43,45,58,62,65,84,86,87,104,105" machi="18" ten="40,1300,0" yaku="1,1,53,0" doraHai="126,64" doraHaiUra="133,127" who="2" fromWho="3" sc="250,0,250,0,240,23,250,-13" /><INIT seed="1,0,0,1,0,113" ten="250,250,263,237" oya="1" hai0="20,38,49,17,54,88,76,32,61,57,46,82,102" hai1="97,14,41,127,53,28,125,58,10,74,94,24,128" hai2="85,0,72,81,55,5,31,7,126,104,4,23,65" hai3="121,44,129,30,75,69,116,120,56,117,43,112,9"/><U11/><E74/><V34/><F104/><W123/><G69/><T2/><D32/><U67/><E67/><V111/><F34/><W63/><G75/><T101/><D2/><U15/><E128/><V64/><F111/><W26/><G9/><N who="1" m="3082" /><E41/><V105/><F105/><W78/><G78/><T6/><D38/><U124/><E53/><V133/><F72/><W29/><G112/><T3/><D6/><U51/><E51/><V19/><F0/><W93/><G93/><T35/><D35/><N who="1" m="20871" /><E58/><V48/><F31/><W96/><G96/><T119/><D119/><N who="3" m="45641" /><G26/><N who="0" m="14607" /><D3/><U16/><E16/><V25/><F19/><W27/><G27/><T40/><D76/><U47/><E47/><V99/><F25/><W18/><G18/><T135/><D46/><U59/><E59/><V84/><F4/><W91/><G91/><AGARI ba="0,0" hai="14,15,91,94,97,124,125,127" m="20871,3082" machi="91" ten="30,1500,0" yaku="18,1" doraHai="113" who="1" fromWho="3" sc="250,0,250,15,263,0,237,-15" /><INIT seed="1,1,0,3,3,0" ten="250,265,263,222" oya="1" hai0="10,81,25,34,30,87,110,129,2,8,112,125,27" hai1="131,42,15,94,133,53,61,46,128,75,48,107,16" hai2="74,83,43,58,78,41,12,120,105,67,52,101,108" hai3="96,102,57,109,104,22,45,71,77,114,13,38,69"/><U122/><E122/><V103/><F120/><W100/><G114/><T33/><D112/><U4/><E107/><V35/><F35/><W89/><G109/><T118/><D118/><U92/><E75/><V11/><F108/><W37/><G102/><T14/><D110/><U93/><E133/><V85/><F67/><W24/><G77/><T21/><D129/><N who="1" m="49739" /><E61/><N who="2" m="36039" /><F74/><W54/><G13/><T66/><D66/><U84/><E84/><V49/><F105/><W70/><G45/><T117/><D125/><U18/><E42/><N who="2" m="15883" /><F49/><W44/><G44/><T113/><D113/><U116/><E116/><V56/><F56/><W39/><G89/><T23/><D87/><U47/><E47/><V68/><F68/><W55/><REACH who="3" step="1"/><G57/><REACH who="3" ten="250,265,263,212" step="2"/><T73/><D117/><U31/><E31/><AGARI ba="1,1" hai="22,24,31,37,38,39,54,55,69,70,71,96,100,104" machi="31" ten="50,3200,0" yaku="1,1,2,1,53,0" doraHai="0" doraHaiUra="126" who="3" fromWho="1" sc="250,0,265,-35,263,0,212,45" /><INIT seed="2,0,0,3,5,65" ten="250,230,263,257" oya="2" hai0="45,19,84,75,135,56,131,98,108,63,49,58,30" hai1="134,2,112,74,130,115,62,61,92,87,95,7,133" hai2="76,55,80,90,67,127,54,111,15,103,9,42,119" hai3="28,24,81,105,35,32,70,18,39,4,17,83,57"/><V126/><F119/><W109/><G105/><T91/><D108/><U8/><E74/><V14/><F111/><W129/><G109/><T72/><D131/><U97/><E87/><V43/><F103/><W48/><G39/><T117/><D117/><U110/><E110/><V60/><F90/><W52/><G129/><T59/><D135/><N who="1" m="51723" /><E130/><V11/><F67/><W10/><G32/><T3/><D3/><U125/><E125/><V73/><F60/><N who="1" m="23145" /><E92/><V104/><F104/><W37/><G37/><T114/><D75/><U93/><E95/><V116/><F116/><W38/><G38/><T21/><D72/><U99/><E99/><V26/><F26/><W100/><G100/><AGARI ba="0,0" hai="2,7,8,93,97,100,112,115" m="23145,51723" machi="100" ten="30,1000,0" yaku="20,1" doraHai="65" who="1" fromWho="3" sc="250,0,230,10,263,0,257,-10" /><INIT seed="3,0,0,3,1,23" ten="250,240,263,247" oya="3" hai0="118,39,16,25,35,65,29,49,31,6,70,22,86" hai1="91,117,122,134,68,64,13,100,56,60,37,17,81" hai2="44,45,97,28,71,1,135,7,33,99,27,0,95" hai3="88,53,38,67,101,50,52,103,114,48,41,77,15"/><W4/><G114/><T93/><D39/><U14/><E122/><V63/><F135/><W3/><G3/><T131/><D118/><U85/><E37/><V109/><F109/><W69/><G69/><T129/><D6/><U5/><E134/><V82/><F99/><W116/><G116/><T62/><D49/><U36/><E36/><V75/><F1/><W123/><G123/><T98/><D86/><U11/><E117/><V20/><F33/><W108/><G108/><T107/><D107/><U120/><E120/><V133/><F133/><W78/><G67/><T72/><D72/><U84/><E100/><N who="3" m="38474" /><G38/><T130/><D35/><U32/><E32/><V127/><F127/><W2/><G41/><T89/><AGARI ba="0,0" hai="16,22,25,29,31,62,65,70,89,93,98,129,130,131" machi="89" ten="30,7900,0" yaku="0,1,19,1,52,1,54,1" doraHai="23" who="0" fromWho="0" sc="250,79,240,-20,263,-20,247,-39" owari="329,42.9,220,-18.0,243,4.3,208,-29.2" /></mjloggm>