<mjloggm ver="2.3"><GO type="225" lobby="0"/><UN n0="%E6%A1%9C%E8%8A%B1%E9%96%83%E3%80%85" n1="%E5%B8%86%E7%AB%8B%E5%A4%8F%E8%A1%A3" n2="%E6%9D%B1%E9%A2%A8%E3%81%AE%E3%81%8D%E3%82%83%E3%81%B7%E3%81%95%E3%82%93" n3="%E3%82%B2%E3%82%B9%E8%8C%82%E5%8B%9D" dan="17,17,16,16" rate="2182.90,2244.28,2147.39,2123.43" sx="M,M,M,F"/><TAIKYOKU oya="0"/><INIT seed="0,0,0,0,3,2" ten="250,250,250,250" oya="0" hai0="15,101,22,92,24,32,87,120,38,53,18,17,68" hai1="90,56,95,82,63,105,122,13,61,9,124,3,98" hai2="128,21,85,41,78,123,119,76,116,102,88,100,34" hai3="83,49,130,79,59,127,126,106,43,96,52,107,65"/><T108/><D120/><U5/><E124/><N who="3" m="47658" /><G130/><T73/><D73/><U99/><E122/><V50/><F34/><W60/><G96/><T20/><D68/><U70/><E70/><V74/><F21/><W26/><G26/><T69/><D69/><U77/><E3/><V46/><F123/><W55/><G43/><T125/><D125/><U16/><E105/><N who="3" m="39946" /><G49/><T28/><D38/><U40/><E40/><V94/><F128/><W80/><G80/><T67/><D67/><N who="1" m="39335" /><E99/><V71/><F71/><W29/><G29/><T115/><D53/><U84/><E63/><V44/><F44/><W135/><G135/><T39/><D39/><U33/><E33/><V111/><F111/><W113/><G113/><T86/><D115/><U47/><E47/><V42/><F42/><W132/><G132/><T51/><D51/><U104/><E104/><V37/><F37/><W31/><G31/><T75/><D108/><U11/><E11/><V0/><F0/><W72/><AGARI ba="0,0" hai="52,55,59,60,65,72,79,83" m="39946,47658" machi="72" ten="30,2000,0" yaku="18,1,54,1" doraHai="2" who="3" fromWho="3" sc="250,-10,250,-5,250,-5,250,20" /><INIT seed="1,0,0,1,4,27" ten="240,245,245,270" oya="1" hai0="67,128,44,121,15,74,81,84,69,96,127,112,1" hai1="129,125,47,130,117,55,80,126,18,68,64,2,57" hai2="49,46,77,40,71,131,70,29,28,7,86,134,38" hai3="113,133,54,120,107,94,85,51,63,97,6,58,43"/><U78/><E2/><V132/><F7/><W50/><G133/><N who="2" m="51305" /><F131/><N who="1" m="50185" /><E18/><V34/><F34/><W17/><G120/><T88/><D1/><U62/><E47/><N who="2" m="23959" /><F86/><W32/><G32/><T123/><D128/><U99/><E99/><V76/><F76/><W116/><G116/><T108/><D96/><U83/><E117/><V12/><F12/><W24/><G6/><T100/><D15/><U3/><E3/><V65/><F77/><W8/><G113/><T87/><D112/><U122/><E122/><V119/><F119/><W19/><G107/><T20/><D123/><U31/><E31/><N who="2" m="11851" /><F65/><W110/><G85/><T33/><D87/><N who="1" m="48535" /><E83/><V13/><F13/><W104/><G8/><T60/><D81/><U42/><E42/><AGARI ba="0,0" hai="42,46,49,70,71" m="11851,23959,51305" machi="42" ten="30,7700,0" yaku="20,1,52,3" doraHai="27" who="2" fromWho="1" sc="240,0,245,-77,245,77,270,0" /><INIT seed="2,0,0,3,4,2" ten="240,168,322,270" oya="2" hai0="32,63,8,40,64,0,58,30,3,101,73,97,114" hai1="5,44,94,83,90,74,28,92,57,108,122,68,66" hai2="102,116,125,82,4,134,79,115,133,105,33,119,76" hai3="52,31,46,117,111,129,34,84,131,112,41,130,89"/><V13/><F33/><W39/><G117/><N who="2" m="45129" /><F4/><W24/><G111/><T132/><D114/><U60/><E108/><V25/><F13/><W124/><G124/><T61/><D73/><U128/><E128/><V23/><F23/><W98/><G98/><T26/><D132/><N who="2" m="50794" /><F25/><W77/><G77/><N who="2" m="29769" /><F82/><W1/><G112/><T17/><D40/><U121/><E74/><V106/><F102/><W55/><G1/><T7/><D17/><U42/><E28/><V103/><F103/><W37/><G39/><T96/><D101/><U123/><E68/><V86/><F86/><W6/><G6/><T53/><D0/><U88/><E5/><V15/><F15/><W118/><G118/><T11/><D11/><U48/><REACH who="1" step="1"/><E83/><AGARI ba="0,0" hai="24,31,34,37,41,46,52,55,83,84,89,129,130,131" machi="83" ten="40,2600,0" yaku="19,1,54,1" doraHai="2" who="3" fromWho="1" sc="240,0,168,-26,322,0,270,26" /><INIT seed="3,0,0,3,0,66" ten="240,142,322,296" oya="3" hai0="107,23,69,28,135,74,47,51,120,5,59,1,115" hai1="4,18,90,61,133,26,113,78,38,10,121,101,99" hai2="24,110,103,67,72,46,45,130,127,105,54,42,88" hai3="92,34,84,112,27,89,7,75,71,48,49,36,30"/><W70/><G112/><T20/><D120/><U81/><E113/><V109/><F72/><W125/><G125/><T116/><D115/><U87/><E133/><V62/><F127/><W79/><G36/><T60/><D116/><U77/><E38/><V76/><F76/><W102/><G102/><T33/><D74/><U9/><E121/><V82/><F24/><W12/><G79/><T31/><D107/><U96/><E61/><V100/><F130/><W114/><G75/><T22/><D135/><U25/><E99/><V108/><F54/><W126/><G126/><T19/><D69/><U64/><E64/><V68/><F105/><W118/><G118/><T104/><D104/><U6/><E26/><V124/><F124/><W53/><G114/><T29/><D5/><U50/><E50/><N who="2" m="26935" /><F46/><W56/><REACH who="3" step="1"/><G48/><REACH who="3" ten="240,142,322,286" step="2"/><T8/><D51/><U44/><E44/><V14/><F14/><W32/><G32/><T80/><D33/><U3/><E101/><V97/><F97/><W15/><G15/><T117/><D117/><U11/><E96/><V39/><F39/><W52/><G52/><T86/><D47/><U129/><E129/><V17/><F17/><W63/><G63/><T73/><D73/><U106/><E106/><V41/><F41/><W58/><G58/><T128/><D59/><U98/><E98/><V21/><F100/><W43/><G43/><T37/><D60/><U0/><REACH who="1" step="1"/><E11/><AGARI ba="0,1" hai="7,11,12,27,30,34,49,53,56,70,71,84,89,92" machi="11" ten="40,7700,0" yaku="1,1,52,2,53,0" doraHai="66" doraHaiUra="94" who="3" fromWho="1" sc="240,0,142,-77,322,0,286,87" owari="240,-16.0,65,-43.5,322,12.2,373,47.3" /></mjloggm>