<mjloggm ver="2.3"><GO type="225" lobby="0"/><UN n0="%E3%83%96%E3%83%83%E3%83%91%E3%82%AA%E3%83%96%E3%83%81%E3%82%AD%E3%83%B3" n1="%E7%99%BD%E5%80%89%E5%AF%9B%E4%B9%8B" n2="%E7%99%BD%E5%92%B2%E8%8A%B1%E3%81%A1%E3%82%83%E3%82%93" n3="%E6%9C%88%E5%B3%B6%E5%9F%BA" dan="16,16,16,16" rate="2179.49,2126.84,2153.91,2113.28" sx="M,M,F,M"/><TAIKYOKU oya="0"/><INIT seed="0,0,0,0,3,99" ten="250,250,250,250" oya="0" hai0="111,101,46,42,21,85,24,5,112,17,47,67,134" hai1="104,130,7,4,106,6,88,57,23,64,74,123,28" hai2="79,54,36,56,53,61,102,39,75,116,114,118,108" hai3="10,127,125,110,70,72,97,12,30,48,119,50,98"/><T115/><D134/><U40/><E74/><V126/><F75/><W135/><G119/><N who="2" m="45609" /><F79/><W33/><G72/><T44/><D42/><U83/><E123/><V2/><F2/><W59/><G70/><T87/><D111/><U92/><E130/><V109/><F114/><W35/><G135/><T31/><D5/><U129/><E129/><V22/><F22/><W131/><G131/><T66/><D115/><U95/><E40/><V13/><F13/><W20/><G110/><N who="2" m="42601" /><F102/><W120/><G120/><T86/><D112/><U90/><E106/><V133/><F133/><W128/><G35/><T113/><D113/><U9/><E104/><V41/><F126/><W51/><G33/><T27/><REACH who="0" step="1"/><D101/><REACH who="0" ten="240,250,250,250" step="2"/><U91/><E83/><V37/><F41/><W89/><G128/><T52/><D52/><AGARI ba="0,1" hai="36,37,39,52,53,54,56,61" m="42601,45609" machi="52" ten="40,8000,1" yaku="12,1,14,1,34,2,54,1" doraHai="99" who="2" fromWho="0" sc="240,-80,250,0,250,90,250,0" /><INIT seed="1,0,0,2,3,11" ten="160,250,340,250" oya="1" hai0="8,12,95,58,86,4,83,35,124,48,134,39,100" hai1="91,67,32,44,69,104,0,47,132,55,117,116,68" hai2="109,93,71,31,79,34,70,101,56,127,41,121,76" hai3="75,120,106,51,54,126,125,22,53,46,45,98,36"/><U37/><E32/><V103/><F121/><W1/><G75/><T112/><D112/><U63/><E0/><V80/><F41/><N who="3" m="22695" /><G1/><T129/><D129/><U99/><E91/><V90/><F56/><W16/><G120/><T60/><D134/><U81/><E81/><V61/><F61/><W49/><G98/><T59/><D124/><N who="3" m="47721" /><G106/><T21/><D39/><U78/><E78/><V82/><F76/><W19/><G22/><T88/><D35/><U5/><E5/><V29/><F34/><W26/><G26/><T7/><D48/><N who="1" m="29063" /><E99/><V13/><F127/><W105/><G105/><T43/><D43/><N who="1" m="23023" /><E104/><V73/><F82/><W65/><G65/><T119/><D100/><U17/><E17/><V14/><F103/><W24/><G24/><T50/><D83/><U135/><E69/><V72/><F71/><W74/><G74/><T52/><D4/><U97/><E97/><V118/><F70/><W96/><G96/><T77/><D77/><U114/><E114/><V123/><F79/><W131/><G131/><T115/><D115/><U42/><E42/><V133/><F101/><W15/><G15/><T28/><D21/><U87/><E87/><V2/><F73/><W38/><G38/><T85/><D85/><U57/><E68/><V64/><F72/><W9/><G9/><T107/><D107/><U23/><E23/><V25/><F2/><W122/><G122/><T89/><D89/><U18/><E18/><V33/><F123/><W108/><G108/><T3/><D3/><U94/><E94/><V6/><F109/><W20/><G20/><T30/><D95/><RYUUKYOKU ba="0,0" sc="160,-15,250,15,340,-15,250,15" hai1="57,63,67,116,117,132,135" hai3="16,19,46,49,51,53,54" /><INIT seed="1,1,0,4,1,1" ten="145,265,325,265" oya="1" hai0="46,95,123,9,66,107,3,19,41,60,103,53,87" hai1="5,27,114,80,2,81,52,63,31,88,40,75,49" hai2="82,62,69,15,17,70,23,68,59,132,38,7,120" hai3="33,13,45,21,79,124,133,8,44,65,91,71,96"/><U35/><E114/><V105/><F120/><W134/><G33/><T131/><D123/><U10/><E75/><V99/><F132/><N who="3" m="50795" /><G124/><T30/><D131/><U129/><E129/><V110/><F110/><W6/><G79/><T51/><D30/><U48/><E63/><V111/><F111/><W86/><G96/><T61/><D107/><U12/><E40/><V55/><F38/><W24/><G65/><T29/><D29/><U4/><E49/><V34/><F34/><W72/><G71/><T26/><D3/><U57/><REACH who="1" step="1"/><E88/><REACH who="1" ten="145,255,325,265" step="2"/><V78/><F62/><W130/><G72/><T112/><D112/><U118/><E118/><V104/><F68/><W90/><G90/><T93/><D61/><U113/><E113/><V84/><F69/><W73/><G73/><T54/><D60/><U98/><E98/><V14/><F70/><W16/><G130/><T36/><D51/><U101/><E101/><V109/><F99/><W11/><G91/><T122/><D103/><U128/><E128/><V83/><F109/><W20/><G86/><T127/><D87/><U77/><E77/><V92/><F84/><W125/><G125/><T39/><D127/><U74/><E74/><V106/><F78/><W58/><G58/><T67/><D67/><U37/><E37/><V64/><F64/><W43/><G43/><T94/><D41/><U89/><E89/><V28/><F59/><W47/><G47/><T100/><D46/><U135/><E135/><V126/><F126/><W32/><G45/><T116/><D66/><U76/><E76/><V121/><F55/><W119/><G44/><RYUUKYOKU ba="1,1" sc="145,-10,255,30,325,-10,265,-10" hai1="2,4,5,10,12,27,31,35,48,52,57,80,81" /><INIT seed="1,2,1,3,2,82" ten="135,285,315,255" oya="1" hai0="74,114,98,111,60,56,132,122,78,96,12,7,124" hai1="115,128,113,58,107,93,0,37,5,95,53,108,13" hai2="23,51,133,15,67,40,38,31,120,50,19,2,14" hai3="36,119,48,22,130,45,125,76,127,86,11,123,81"/><U79/><E37/><V46/><F120/><W21/><G123/><T41/><D122/><U3/><E107/><V134/><F2/><W44/><G130/><T55/><D114/><U33/><E33/><V92/><F31/><W29/><G119/><T61/><D111/><U20/><E128/><V57/><F92/><W126/><G29/><T1/><D132/><N who="2" m="50794" /><F15/><W84/><G11/><N who="0" m="4223" /><D74/><U10/><E108/><V62/><AGARI ba="2,1" hai="14,19,23,38,40,46,50,51,57,62,67" m="50794" machi="62" ten="30,1100,0" yaku="20,1" doraHai="82" who="2" fromWho="2" sc="135,-5,285,-7,315,27,255,-5" /><INIT seed="2,0,0,2,2,58" ten="130,278,342,250" oya="2" hai0="79,94,25,122,123,38,105,64,115,68,35,55,7" hai1="50,47,78,51,18,134,53,95,23,80,2,74,121" hai2="3,22,106,52,77,42,66,98,86,71,69,72,56" hai3="84,63,135,124,128,20,45,85,57,97,92,43,54"/><V31/><F3/><W129/><G124/><T133/><D115/><U70/><E2/><V81/><F66/><W17/><G135/><T9/><D38/><U39/><E39/><V111/><F111/><W59/><G59/><T24/><D105/><U107/><E107/><V112/><F112/><W0/><G0/><T27/><D35/><U102/><E70/><V8/><F42/><W48/><G128/><T29/><D133/><U104/><E104/><V11/><F72/><W19/><G129/><T99/><D29/><U34/><E34/><V10/><F106/><W117/><G117/><T40/><D79/><U4/><E4/><V127/><F98/><W116/><G116/><T33/><D55/><U16/><E134/><V108/><F108/><W126/><G126/><T130/><D40/><U83/><E121/><V89/><F77/><W65/><G65/><T30/><D30/><U28/><E83/><V12/><F127/><W1/><G1/><T93/><D33/><U6/><E6/><V120/><F120/><W15/><REACH who="3" step="1"/><G19/><REACH who="3" ten="130,278,342,240" step="2"/><T13/><D130/><U61/><E18/><V60/><REACH who="2" step="1"/><F12/><REACH who="2" ten="130,278,332,240" step="2"/><W110/><G110/><T131/><D131/><U76/><E74/><V49/><F49/><W41/><G41/><T119/><D119/><U90/><E51/><V96/><F96/><W21/><G21/><T91/><D64/><U46/><E50/><V37/><F37/><W82/><G82/><T14/><D14/><U32/><E80/><V87/><F87/><W113/><G113/><T118/><D118/><U114/><E23/><V36/><F36/><W125/><G125/><RYUUKYOKU ba="0,2" sc="130,-15,278,-15,332,15,240,15" hai2="8,10,11,22,31,52,56,60,69,71,81,86,89" hai3="15,17,20,43,45,48,54,57,63,84,85,92,97" /><INIT seed="2,1,2,5,5,72" ten="115,263,347,255" oya="2" hai0="133,108,51,70,43,90,134,5,59,4,94,93,15" hai1="46,113,2,37,32,116,79,119,25,135,75,35,115" hai2="28,111,74,131,96,29,17,118,97,78,36,122,40" hai3="89,58,56,128,69,42,57,68,39,124,80,52,12"/><V95/><F118/><N who="1" m="45097" /><E2/><V53/><F122/><W47/><G124/><T102/><D70/><N who="3" m="27241" /><G89/><T106/><D108/><U13/><E13/><V38/><F131/><W103/><G80/><T7/><D15/><U23/><E23/><V132/><F132/><N who="0" m="50794" /><D90/><U76/><E76/><V48/><F17/><W130/><G103/><T10/><D10/><U65/><E65/><V100/><F111/><W129/><G12/><T41/><D106/><U1/><E1/><V91/><F74/><W30/><G30/><T44/><D102/><U105/><E105/><V21/><F78/><W60/><AGARI ba="1,2" hai="39,42,47,52,56,57,58,60,128,129,130" m="27241" machi="60" ten="40,8000,1" yaku="19,1,34,2,54,1" doraHai="72" who="3" fromWho="3" sc="115,-21,263,-21,347,-41,255,103" /><INIT seed="3,0,0,2,4,88" ten="94,242,306,358" oya="3" hai0="6,48,77,81,24,12,9,119,45,70,109,129,52" hai1="80,65,49,19,127,66,111,39,23,76,98,71,72" hai2="117,68,130,1,113,85,96,131,126,122,21,25,32" hai3="28,112,132,64,11,107,43,40,79,69,62,115,35"/><W133/><G107/><T120/><D109/><U4/><E39/><V89/><F68/><W50/><G79/><T103/><D129/><N who="2" m="49162" /><F117/><W17/><G28/><T44/><D119/><U22/><E22/><V128/><N who="2" m="49170" /><V8/><DORA hai="100" /><F113/><N who="3" m="43595" /><G35/><T91/><D120/><U94/><E127/><V86/><F126/><W73/><G73/><T134/><D134/><N who="3" m="51817" /><G50/><T18/><D70/><U102/><E71/><V26/><F122/><W106/><G106/><T61/><D103/><U41/><E111/><V57/><F57/><W93/><G93/><T97/><D61/><U29/><E29/><N who="2" m="19503" /><F1/><W63/><G63/><T121/><D121/><U31/><E31/><N who="2" m="17871" /><F8/><W87/><G87/><T105/><D105/><U37/><E4/><V118/><F118/><W60/><G60/><T92/><D45/><U75/><E37/><V15/><F15/><AGARI ba="0,0" hai="11,15,17,40,43,62,64,69" m="51817,43595" machi="15" ten="30,1500,0" yaku="20,1" doraHai="88,100" who="3" fromWho="2" sc="94,0,242,0,306,-15,358,15" owari="94,-40.6,242,-15.8,291,9.1,373,47.3" /></mjloggm>