<mjloggm ver="2.3"><GO type="225" lobby="0"/><UN n0="%E9%A6%AC%E5%BC%95%E7%81%AB%33" n1="%E3%83%A9%E3%82%B9%E7%8E%87%EF%BC%93%E5%89%B2" n2="%E3%83%96%E3%83%83%E3%83%91%E3%82%AA%E3%83%96%E3%83%81%E3%82%AD%E3%83%B3" n3="%E6%A1%9C%E8%8A%B1%E9%96%83%E3%80%85" dan="16,17,16,16" rate="2144.20,2212.67,2192.60,2175.52" sx="M,F,M,M"/><TAIKYOKU oya="0"/><INIT seed="0,0,0,1,3,10" ten="250,250,250,250" oya="0" hai0="74,125,6,66,16,11,100,91,8,24,46,49,131" hai1="22,95,0,98,132,30,101,14,68,77,2,88,12" hai2="20,135,104,50,130,105,89,92,60,63,38,56,86" hai3="72,116,112,70,18,83,9,126,17,118,4,67,53"/><T119/><D119/><U114/><E68/><V117/><F117/><W40/><G112/><T36/><D36/><U73/><E0/><V51/><F38/><W76/><G18/><T87/><D74/><U52/><E2/><V35/><F35/><W58/><G126/><T102/><D125/><U45/><E132/><V65/><F135/><W97/><G17/><T13/><D66/><U113/><E73/><V133/><F133/><W43/><G43/><T29/><D131/><U80/><E77/><V42/><F130/><W47/><G97/><T48/><D48/><N who="1" m="28687" /><E114/><V44/><F51/><W75/><G75/><T109/><D109/><U23/><E113/><V39/><F63/><N who="3" m="40319" /><G58/><T15/><D49/><U61/><E61/><V1/><F1/><N who="3" m="143" /><G53/><T122/><D46/><U111/><E111/><V31/><REACH who="2" step="1"/><F39/><AGARI ba="0,0" hai="39,40,47,72,76,83,116,118" m="143,40319" machi="39" ten="30,2000,0" yaku="25,1,23,1" doraHai="10" who="3" fromWho="2" sc="250,0,250,0,250,-20,250,20" /><INIT seed="1,0,0,3,3,103" ten="250,250,230,270" oya="1" hai0="71,22,41,67,39,20,44,129,122,16,7,31,35" hai1="125,1,10,57,95,117,40,6,15,101,58,100,80" hai2="27,88,94,114,128,121,92,24,61,49,23,17,3" hai3="109,12,124,18,105,89,26,42,32,72,82,46,107"/><U25/><E117/><V5/><F121/><W28/><G109/><T75/><D122/><U132/><E132/><V123/><F123/><W2/><G2/><T96/><D75/><U119/><E119/><V50/><F128/><W77/><G124/><T55/><D129/><U45/><E125/><V79/><F114/><W108/><G89/><T33/><D7/><U90/><E80/><V70/><F79/><W4/><G4/><T106/><D55/><U110/><E110/><V37/><F37/><W98/><G98/><T19/><D22/><U78/><E25/><V66/><F94/><W34/><G34/><T115/><D115/><U93/><E93/><V48/><F5/><W116/><G116/><T86/><D86/><U52/><E78/><V9/><F3/><W126/><G126/><T47/><D44/><U84/><E58/><V102/><F9/><W120/><G108/><T131/><D20/><U59/><E59/><V64/><F64/><W74/><G74/><T29/><D29/><U0/><E0/><V104/><F102/><W14/><G120/><T36/><D36/><U51/><REACH who="1" step="1"/><E1/><REACH who="1" ten="250,240,230,270" step="2"/><V53/><F27/><W127/><G127/><T134/><D134/><U118/><E118/><V56/><REACH who="2" step="1"/><F104/><REACH who="2" ten="250,240,220,270" step="2"/><W81/><G81/><T91/><D106/><U133/><E133/><V76/><F76/><W13/><REACH who="3" step="1"/><G18/><REACH who="3" ten="250,240,220,260" step="2"/><T130/><D19/><U60/><AGARI ba="0,3" hai="6,10,15,40,45,51,52,57,60,84,90,95,100,101" machi="60" ten="20,12000,1" yaku="1,1,0,1,7,1,8,1,54,1,53,0" doraHai="103" doraHaiUra="30" who="1" fromWho="1" sc="250,-40,240,150,220,-40,260,-40" /><INIT seed="1,1,0,5,5,15" ten="210,390,180,220" oya="1" hai0="134,122,52,78,87,90,1,12,45,62,17,26,97" hai1="80,8,76,35,117,10,11,116,31,100,94,48,128" hai2="69,47,38,108,119,4,71,41,91,83,121,86,28" hai3="111,129,124,101,56,127,42,0,64,20,114,60,73"/><U44/><BYE who="3" /><E128/><V125/><F119/><UN n3="%E6%A1%9C%E8%8A%B1%E9%96%83%E3%80%85" /><W75/><G114/><T3/><D134/><U123/><E123/><V132/><F121/><W32/><G32/><T102/><D122/><U24/><E100/><V14/><F132/><W120/><G120/><T18/><D78/><U25/><E25/><V22/><F108/><W72/><G111/><T46/><D1/><U2/><E94/><V118/><F118/><W81/><G129/><T43/><D3/><U54/><REACH who="1" step="1"/><E2/><REACH who="1" ten="210,380,180,220" step="2"/><V109/><F109/><W89/><G0/><T29/><D26/><U7/><E7/><V112/><F112/><W58/><G101/><T49/><D29/><U65/><E65/><V66/><F28/><W36/><G64/><T51/><D12/><U6/><E6/><V33/><F4/><W96/><G127/><T84/><D102/><U57/><E57/><V70/><F125/><W93/><G58/><T59/><D59/><U34/><E34/><V95/><F33/><W98/><G124/><T110/><D110/><U92/><E92/><V63/><REACH who="2" step="1"/><F95/><REACH who="2" ten="210,380,170,220" step="2"/><W113/><G93/><N who="0" m="56503" /><D62/><U85/><AGARI ba="1,2" hai="8,10,11,24,31,35,44,48,54,76,80,85,116,117" machi="85" ten="30,3000,0" yaku="1,1,0,1,53,0" doraHai="15" doraHaiUra="133" who="1" fromWho="1" sc="210,-11,380,53,170,-11,220,-11" /><INIT seed="1,2,0,4,3,76" ten="199,433,159,209" oya="1" hai0="7,55,101,66,103,93,78,117,30,87,43,21,42" hai1="112,83,60,74,69,81,25,128,95,44,64,120,134" hai2="121,123,61,85,86,16,98,1,104,3,17,133,63" hai3="106,38,73,20,6,28,97,99,36,135,89,35,82"/><U90/><E74/><V9/><F133/><W56/><G20/><T22/><D117/><U107/><E107/><V72/><F72/><W127/><G135/><T77/><D7/><U34/><E112/><V15/><F104/><W39/><G127/><T11/><D11/><U4/><E120/><V45/><F98/><W53/><G6/><T132/><D132/><U124/><E128/><V129/><F9/><W116/><G116/><T33/><D66/><U71/><E71/><V79/><F79/><W109/><G109/><T105/><D105/><U100/><E100/><V40/><F45/><W92/><G73/><T50/><D33/><U8/><E44/><V110/><F15/><W58/><G82/><T88/><D77/><U114/><E114/><V75/><F75/><W70/><G70/><T68/><D78/><U80/><E124/><V84/><F84/><W122/><G122/><T31/><D68/><U57/><E69/><V126/><F126/><W48/><G58/><N who="0" m="33143" /><D21/><U59/><E59/><V41/><REACH who="2" step="1"/><F110/><REACH who="2" ten="199,433,149,209" step="2"/><W0/><G106/><T65/><D87/><N who="1" m="52703" /><E134/><V46/><F46/><W130/><G97/><T115/><D115/><U37/><E8/><V119/><F119/><W23/><G99/><T49/><D103/><U27/><E4/><V29/><F29/><W96/><G28/><T102/><D102/><U52/><E34/><V62/><F62/><W26/><G35/><T67/><D101/><U113/><E113/><V18/><F18/><N who="3" m="12663" /><G130/><AGARI ba="2,1" hai="1,3,16,17,40,41,61,63,85,86,121,123,129,130" machi="130" ten="25,6400,0" yaku="1,1,22,2,54,1,53,0" doraHai="76" doraHaiUra="131" who="2" fromWho="3" sc="199,0,433,0,149,80,209,-70" /><INIT seed="2,0,0,0,2,12" ten="199,433,229,139" oya="2" hai0="98,26,132,49,71,89,59,88,104,15,124,5,78" hai1="3,9,13,135,36,24,22,67,118,34,115,73,0" hai2="112,125,14,62,61,94,46,48,57,96,4,76,108" hai3="111,116,70,69,133,6,77,107,64,105,29,55,80"/><V81/><F112/><W126/><G116/><T47/><D71/><U45/><E73/><V90/><F125/><W79/><G126/><T130/><D124/><U75/><E75/><V2/><F2/><W52/><G111/><T1/><D1/><U44/><E36/><V38/><F108/><W117/><G117/><T58/><D130/><U39/><E39/><V113/><F113/><W85/><G133/><T119/><D119/><U123/><E123/><V8/><F38/><W121/><G121/><T95/><D132/><U102/><E34/><V134/><F57/><W35/><G6/><T51/><D104/><U131/><E0/><V43/><REACH who="2" step="1"/><F134/><REACH who="2" ten="199,433,219,139" step="2"/><W33/><G64/><T74/><D58/><U41/><E3/><V21/><F21/><W99/><G35/><T109/><D59/><U91/><E67/><V23/><F23/><W53/><G70/><T122/><D109/><U11/><E22/><V56/><F56/><W50/><G69/><T101/><D49/><U92/><E135/><V7/><F7/><W103/><G50/><T83/><D122/><U114/><E115/><V54/><F54/><W32/><G32/><T28/><D5/><U40/><E114/><V97/><F97/><W129/><G129/><T18/><D51/><U68/><E131/><V20/><F20/><W37/><G37/><T10/><D47/><U17/><E68/><V42/><F42/><W19/><G33/><AGARI ba="0,1" hai="10,15,18,26,28,33,74,78,83,88,89,95,98,101" machi="33" ten="30,3900,0" yaku="7,1,52,1,54,1" doraHai="12" who="0" fromWho="3" sc="199,49,433,0,219,0,139,-39" /><INIT seed="3,0,0,3,5,74" ten="248,433,219,100" oya="3" hai0="61,48,6,116,24,124,115,21,19,59,23,14,87" hai1="80,130,39,2,35,9,34,27,50,58,118,1,30" hai2="109,44,52,94,90,108,16,112,56,69,101,106,86" hai3="133,28,88,89,91,22,126,92,117,18,32,70,131"/><W77/><G117/><T121/><D121/><U66/><E39/><V10/><F112/><W122/><G122/><T17/><D116/><U0/><E130/><V81/><F69/><W8/><G131/><T54/><D115/><U31/><E118/><V132/><F132/><W38/><G133/><T110/><D110/><N who="2" m="42602" /><F44/><W135/><G135/><T46/><D124/><U51/><E50/><N who="2" m="30743" /><F106/><W63/><G38/><T12/><D87/><U20/><E80/><V15/><F101/><W100/><G126/><T97/><D97/><U13/><E20/><V98/><F98/><N who="3" m="59463" /><G32/><T96/><D96/><U104/><E13/><V120/><F120/><W123/><G123/><T42/><D6/><U62/><E51/><V102/><F102/><W68/><G68/><T4/><D4/><U78/><E9/><V83/><AGARI ba="0,0" hai="10,15,16,81,83,86,90,94" m="30743,42602" machi="83" ten="30,4000,0" yaku="14,1,54,2" doraHai="74" who="2" fromWho="2" sc="248,-10,433,-10,219,40,100,-20" owari="238,-16.2,423,52.3,259,5.9,80,-42.0" /></mjloggm>