<mjloggm ver="2.3"><GO type="225" lobby="0"/><UN n0="%72%61%6B%33" n1="%E3%81%BF%E3%81%BF%E3%81%9A" n2="%E3%83%96%E3%83%83%E3%83%91%E3%82%AA%E3%83%96%E3%83%81%E3%82%AD%E3%83%B3" n3="%33%74%72%65%65" dan="16,17,16,17" rate="2097.01,2205.01,2214.58,2138.61" sx="M,M,M,M"/><TAIKYOKU oya="0"/><INIT seed="0,0,0,2,5,111" ten="250,250,250,250" oya="0" hai0="28,129,10,35,19,29,120,96,31,82,53,100,24" hai1="55,5,23,130,86,102,132,134,81,26,61,42,0" hai2="123,8,50,20,40,51,114,13,84,72,4,88,65" hai3="66,25,69,90,22,124,64,52,39,44,107,87,46"/><T76/><D120/><U68/><E42/><V74/><F123/><W45/><G107/><T70/><D129/><U83/><E102/><V33/><F33/><W104/><G104/><T56/><D70/><U36/><E36/><V75/><F114/><W32/><G32/><T2/><D2/><U109/><E109/><V131/><F131/><W78/><G124/><T103/><D10/><N who="1" m="2343" /><E130/><V97/><F65/><N who="3" m="25195" /><G69/><T62/><D19/><U113/><E68/><V7/><F40/><W133/><G133/><N who="1" m="51306" /><E86/><V125/><F125/><W127/><G127/><T118/><D103/><U99/><E99/><V93/><F4/><W95/><G39/><T85/><REACH who="0" step="1"/><D118/><REACH who="0" ten="240,250,250,250" step="2"/><U94/><E113/><V16/><REACH who="2" step="1"/><F97/><REACH who="2" ten="240,250,240,250" step="2"/><W3/><G3/><AGARI ba="0,2" hai="3,7,8,13,16,20,50,51,72,74,75,84,88,93" machi="3" ten="40,8000,1" yaku="1,1,2,1,54,2,53,0" doraHai="111" doraHaiUra="112" who="2" fromWho="3" sc="240,0,250,0,240,100,250,-80" /><INIT seed="1,0,0,4,1,78" ten="240,250,340,170" oya="1" hai0="38,94,115,97,57,126,105,47,29,54,132,111,68" hai1="3,31,55,107,35,33,104,108,125,134,100,13,9" hai2="74,46,34,22,66,110,89,41,118,73,63,130,15" hai3="116,122,121,45,91,8,120,86,44,133,129,7,62"/><U28/><E100/><V87/><F118/><W32/><G116/><T48/><D115/><U95/><E95/><V109/><F34/><N who="1" m="12809" /><E55/><V106/><F106/><W43/><G32/><T40/><D105/><U127/><E104/><V81/><F130/><W27/><G129/><T14/><D68/><U16/><E107/><V102/><F102/><W1/><G133/><T131/><D132/><U72/><E72/><V67/><F22/><W20/><G62/><T64/><D64/><U119/><E134/><V42/><F15/><W101/><G101/><T77/><D77/><U30/><E119/><V84/><F89/><W5/><G5/><T10/><D94/><U19/><E3/><V71/><F63/><W65/><G65/><T113/><D97/><U75/><E75/><V69/><REACH who="2" step="1"/><F46/><REACH who="2" ten="240,250,330,170" step="2"/><W26/><G20/><T24/><D47/><U114/><E114/><V59/><F59/><W90/><G45/><T93/><D57/><U23/><E108/><V128/><F128/><W70/><G70/><T0/><D111/><U56/><E56/><V58/><F58/><W53/><G91/><T36/><D113/><U21/><E21/><V112/><F112/><W37/><REACH who="3" step="1"/><G53/><REACH who="3" ten="240,250,330,160" step="2"/><T12/><D54/><U83/><E23/><V2/><F2/><W79/><G79/><T4/><D0/><U103/><E103/><V52/><F52/><W60/><G60/><T98/><D131/><U6/><E30/><V124/><F124/><N who="1" m="47689" /><E28/><V135/><F135/><W39/><G39/><T99/><D126/><U88/><E31/><V117/><F117/><W17/><G17/><N who="0" m="8343" /><D36/><U25/><E25/><RYUUKYOKU ba="0,2" sc="240,-30,250,10,330,10,160,10" hai1="6,9,13,16,19,83,88" hai2="41,42,66,67,69,71,73,74,81,84,87,109,110" hai3="1,7,8,26,27,37,43,44,86,90,120,121,122" /><INIT seed="1,1,2,4,5,57" ten="210,260,340,170" oya="1" hai0="36,86,27,96,103,17,4,80,90,133,77,88,72" hai1="73,28,100,55,23,135,59,51,87,9,112,47,124" hai2="43,105,53,24,127,121,32,69,16,82,130,71,52" hai3="113,123,128,110,41,132,15,61,44,74,42,46,75"/><U13/><E73/><V63/><F121/><W64/><G123/><T92/><D133/><U39/><E112/><V7/><F105/><W116/><G113/><T18/><D36/><U89/><E135/><V106/><F106/><W8/><G132/><T38/><D38/><U117/><E117/><V58/><F7/><W12/><G116/><T65/><D4/><U48/><E39/><V11/><F43/><W1/><G1/><T95/><D27/><N who="1" m="16511" /><E124/><V101/><F127/><W68/><G110/><T25/><D25/><U54/><E100/><V67/><F130/><W104/><G104/><N who="0" m="63591" /><D65/><U115/><E115/><V6/><F101/><W0/><G0/><T78/><D17/><N who="1" m="8367" /><E47/><V26/><F32/><W60/><G128/><T126/><D18/><U91/><E87/><V14/><F24/><W62/><G64/><T79/><D126/><U34/><E34/><V5/><F5/><W111/><G111/><T35/><D35/><U118/><E118/><V131/><F131/><W21/><G68/><T20/><D20/><U50/><E55/><V84/><F69/><W109/><G109/><T120/><D120/><U37/><E37/><V119/><F71/><W134/><G134/><T97/><AGARI ba="1,2" hai="72,77,78,79,80,86,88,90,92,95,97" m="63591" machi="97" ten="30,12000,2" yaku="24,1,35,5,54,1" doraHai="57" who="0" fromWho="0" sc="210,143,260,-61,340,-31,170,-31" /><INIT seed="2,0,0,3,2,102" ten="353,199,309,139" oya="2" hai0="98,56,130,75,103,30,117,27,62,28,1,51,8" hai1="61,92,34,46,39,86,17,81,94,112,108,115,84" hai2="125,4,22,124,15,99,60,63,37,95,127,77,14" hai3="122,50,78,113,105,83,16,23,7,133,114,29,72"/><V67/><F37/><W40/><G122/><T12/><D75/><U44/><E34/><V18/><F77/><W20/><G7/><T110/><D1/><U64/><E108/><V68/><F63/><W118/><G118/><T85/><D110/><U126/><E126/><V111/><F111/><W0/><G0/><T5/><D130/><U107/><E17/><V104/><F104/><W9/><G133/><T132/><D132/><U48/><E39/><V53/><F53/><W24/><G9/><T109/><D109/><U13/><E13/><V10/><F95/><W36/><G36/><T25/><D51/><U134/><E134/><V80/><REACH who="2" step="1"/><F99/><REACH who="2" ten="353,199,299,139" step="2"/><W41/><G105/><T91/><D62/><U32/><E107/><V33/><F33/><W79/><G79/><T71/><D98/><U21/><E32/><V73/><F73/><W119/><G119/><T26/><D117/><U123/><E61/><V87/><F87/><W19/><G72/><T106/><D106/><U116/><E94/><V31/><F31/><W58/><G29/><T97/><D30/><U89/><E92/><V65/><F65/><W131/><G78/><T52/><D28/><U100/><E64/><V129/><F129/><W69/><G131/><T101/><D97/><U42/><E84/><V2/><F2/><W120/><G120/><T96/><D96/><U93/><E123/><V3/><F3/><W76/><G76/><T121/><D121/><U49/><E93/><V59/><F59/><W128/><G128/><T82/><D71/><U55/><E116/><V47/><F47/><N who="3" m="25959" /><G69/><T57/><D57/><RYUUKYOKU ba="0,1" sc="353,15,199,-15,299,15,139,-15" hai0="5,8,12,25,26,27,52,56,82,85,91,101,103" hai2="4,10,14,15,18,22,60,67,68,80,124,125,127" /><INIT seed="2,1,1,5,5,132" ten="368,184,314,124" oya="2" hai0="57,72,117,15,12,126,48,28,0,55,27,102,26" hai1="21,134,122,59,131,89,83,115,11,29,74,112,101" hai2="56,36,96,2,19,94,85,77,110,46,1,119,58" hai3="133,62,60,105,41,91,38,53,75,121,43,109,130"/><V64/><F119/><W95/><G121/><T73/><D0/><U114/><E134/><V49/><F36/><W111/><G133/><T93/><D26/><U65/><E122/><V103/><F110/><N who="3" m="41995" /><G105/><T67/><D73/><U20/><E101/><V13/><F1/><W44/><G75/><T9/><D72/><U39/><E39/><V51/><F2/><W45/><G130/><T127/><D67/><U42/><E11/><V88/><F77/><W98/><G53/><T78/><D78/><U71/><E42/><V135/><F135/><W108/><N who="3" m="42003" /><W113/><DORA hai="86" /><G113/><T14/><D117/><U99/><E71/><V25/><F25/><W69/><G69/><T128/><D128/><U32/><E131/><V120/><F120/><W50/><AGARI ba="1,1" hai="38,41,43,44,45,50,60,62,91,95,98" m="42003" machi="50" ten="40,2700,0" yaku="14,1,52,1" doraHai="132,86" who="3" fromWho="3" sc="368,-8,184,-8,314,-14,124,40" /><INIT seed="3,0,0,4,1,18" ten="360,176,300,164" oya="3" hai0="38,135,81,62,121,131,50,94,97,56,109,132,42" hai1="116,35,4,53,31,102,0,3,67,101,84,45,59" hai2="30,47,11,61,55,118,32,115,43,134,85,66,21" hai3="5,82,122,16,15,71,119,7,34,68,37,49,2"/><W76/><G119/><T19/><D121/><U91/><E67/><V41/><F118/><W89/><G122/><T86/><D38/><U36/><E116/><V123/><F115/><W128/><G37/><T96/><D109/><U78/><E78/><V129/><F32/><W14/><G34/><T58/><D131/><U99/><E31/><V22/><F123/><W26/><G128/><T130/><D130/><U110/><E35/><V48/><F129/><W104/><G104/><T127/><D127/><U83/><E110/><V75/><F75/><W6/><G2/><T112/><D112/><U108/><E108/><V52/><F134/><N who="0" m="51242" /><D19/><U29/><E29/><V33/><F33/><W93/><G49/><T25/><D25/><U10/><E0/><V124/><F30/><W69/><G26/><T74/><D74/><U70/><E70/><V17/><F124/><W111/><G111/><T28/><D28/><U79/><E45/><V60/><F43/><W44/><G44/><N who="0" m="25879" /><D94/><U126/><E36/><V46/><F85/><W105/><G105/><T9/><D9/><U120/><E126/><V77/><F77/><W92/><G92/><T8/><D8/><U117/><E117/><V100/><F100/><W133/><G133/><T114/><D114/><U13/><E3/><V98/><F98/><N who="0" m="37994" /><D62/><N who="2" m="24170" /><F66/><W107/><G107/><T23/><D23/><N who="2" m="8714" /><F46/><W87/><REACH who="3" step="1"/><G16/><REACH who="3" ten="360,176,300,154" step="2"/><T51/><D51/><N who="1" m="31167" /><E120/><V12/><AGARI ba="0,1" hai="11,12,17,41,47,48,52,55" m="8714,24170" machi="12" ten="30,8000,1" yaku="8,1,52,3,54,1" doraHai="18" who="2" fromWho="2" sc="360,-20,176,-20,300,90,154,-40" owari="340,14.0,156,-24.4,390,49.0,114,-38.6" /></mjloggm>