<mjloggm ver="2.3"><GO type="225" lobby="0"/><UN n0="%E5%A4%8F%E9%88%B4%E9%88%B4%E5%A4%8F" n1="%E5%8D%A0%E3%81%84%E5%B8%AB%E8%A3%8F%E3%81%AA%E3%81%84%E3%81%97" n2="%E4%B8%89%E5%88%86%E5%B0%8F%E5%83%A7" n3="%E7%9A%AE%E3%80%85" dan="16,17,16,16" rate="2160.88,2234.78,2071.06,2157.32" sx="F,M,M,F"/><TAIKYOKU oya="0"/><INIT seed="0,0,0,5,0,12" ten="250,250,250,250" oya="0" hai0="30,135,67,103,27,55,94,78,101,134,13,15,53" hai1="96,72,118,48,62,85,29,120,17,114,35,115,57" hai2="81,46,24,25,86,31,80,36,107,104,125,66,18" hai3="8,119,20,0,10,51,108,128,23,122,126,41,91"/><T22/><D78/><U93/><E118/><V1/><F1/><W63/><G119/><T105/><D105/><U50/><E72/><V124/><F66/><W43/><G108/><T65/><D135/><U133/><E120/><V68/><F68/><W121/><G128/><T21/><D134/><U130/><E130/><V11/><F36/><W9/><G0/><T76/><D76/><U60/><E133/><V132/><F46/><W102/><G102/><N who="0" m="38923" /><D94/><U19/><E29/><V89/><F81/><W42/><G63/><N who="1" m="24106" /><E35/><N who="2" m="20967" /><F132/><W40/><G91/><T99/><D99/><U5/><E5/><V82/><F82/><W4/><G4/><T100/><D100/><N who="1" m="60431" /><E85/><V6/><F6/><W52/><N who="3" m="10240" /><DORA hai="113" /><W84/><G84/><T117/><D117/><U90/><E90/><V59/><F107/><W77/><G77/><T64/><D13/><U73/><E73/><V98/><F98/><W109/><G109/><T14/><D15/><U33/><E33/><V69/><F69/><W97/><G97/><T110/><D110/><U95/><E95/><V106/><F106/><W26/><G26/><N who="0" m="16719" /><D14/><U56/><E114/><V47/><F104/><W87/><G87/><T7/><D7/><U71/><E71/><V28/><F86/><W58/><G126/><T79/><D79/><U75/><E75/><V54/><F89/><W44/><G44/><T74/><D74/><U39/><E39/><V112/><F47/><W123/><AGARI ba="0,0" hai="8,9,10,20,23,51,52,58,121,122,123" m="10240" machi="123" ten="50,8000,1" yaku="0,1,29,2,13,1,54,1" doraHai="12,113" who="3" fromWho="3" sc="250,-40,250,-20,250,-20,250,80" /><INIT seed="1,0,0,0,5,40" ten="210,230,230,330" oya="1" hai0="129,80,22,78,45,32,88,72,65,38,17,104,94" hai1="33,132,95,63,127,120,98,111,71,116,69,8,106" hai2="90,53,0,73,1,122,68,2,92,29,12,96,30" hai3="123,126,112,18,87,28,46,62,3,125,49,39,110"/><U91/><E116/><V82/><F122/><W56/><G123/><T35/><D129/><U66/><E120/><V61/><F12/><W105/><G112/><T14/><D104/><U93/><E132/><V117/><F117/><W10/><G105/><T20/><D65/><U9/><E127/><N who="3" m="48650" /><G110/><T54/><D22/><U113/><E113/><V77/><REACH who="2" step="1"/><F53/><REACH who="2" ten="210,230,220,330" step="2"/><W102/><G3/><T34/><D54/><U58/><E111/><V27/><F27/><W131/><G131/><T5/><D5/><U44/><E69/><V11/><F11/><W7/><G10/><T31/><D31/><U75/><E71/><V26/><F26/><W21/><G28/><T101/><D101/><U57/><E8/><V130/><F130/><W16/><G102/><T59/><D59/><U19/><E9/><V128/><F128/><W60/><G56/><T84/><REACH who="0" step="1"/><D34/><REACH who="0" ten="200,230,220,330" step="2"/><U23/><E33/><V86/><F86/><W24/><G7/><T118/><D118/><U133/><E57/><V109/><F109/><W85/><G21/><T51/><D51/><U115/><E58/><V103/><F103/><W114/><G49/><T135/><D135/><U76/><E133/><V13/><F13/><W108/><G114/><T119/><D119/><U79/><E115/><V37/><F37/><W89/><G39/><T50/><D50/><U55/><E55/><V41/><F41/><AGARI ba="0,2" hai="14,17,20,32,35,38,41,45,72,78,80,84,88,94" machi="41" ten="40,5200,0" yaku="1,1,52,1,54,1,53,0" doraHai="40" doraHaiUra="48" who="0" fromWho="2" sc="200,72,230,0,220,-52,330,0" /><INIT seed="2,0,0,5,5,82" ten="272,230,168,330" oya="2" hai0="102,10,91,26,27,14,46,106,115,100,59,44,77" hai1="52,129,0,84,62,37,6,109,97,15,132,70,40" hai2="74,29,117,41,108,68,24,49,111,72,69,57,130" hai3="28,113,11,131,133,63,32,122,78,5,12,87,7"/><V48/><F117/><W103/><G122/><T56/><D77/><U36/><E109/><N who="2" m="42059" /><F130/><W112/><G131/><T9/><D14/><U90/><E129/><V25/><F41/><W101/><G5/><T124/><D91/><U8/><E132/><V89/><F89/><W60/><G133/><T64/><D64/><U22/><E70/><N who="2" m="27243" /><F57/><W92/><G32/><T135/><D59/><N who="1" m="35175" /><E36/><V33/><F24/><W42/><G42/><T104/><D56/><U119/><E119/><V1/><F1/><W16/><G112/><T39/><D39/><U105/><E105/><V86/><F86/><W96/><G113/><T35/><D115/><U18/><E37/><V83/><F83/><W4/><G87/><T17/><D106/><U66/><E40/><V50/><AGARI ba="0,0" hai="25,29,33,48,49,50,72,74" m="27243,42059" machi="50" ten="40,3900,0" yaku="14,1,10,1" doraHai="82" who="2" fromWho="2" sc="272,-13,230,-13,168,39,330,-13" /><INIT seed="2,1,0,4,1,41" ten="259,217,207,317" oya="2" hai0="31,78,90,124,102,126,105,82,63,97,9,65,42" hai1="110,69,106,27,1,96,101,33,43,81,133,113,123" hai2="72,40,4,28,0,120,47,127,34,58,38,13,18" hai3="79,45,112,92,55,122,15,76,6,80,111,35,93"/><V98/><F120/><W12/><G122/><T109/><D109/><U22/><E123/><V86/><F72/><W70/><G70/><T131/><D131/><U21/><E113/><V73/><F73/><W128/><G35/><T118/><D118/><U64/><E110/><V36/><F127/><W26/><G111/><T54/><D42/><U23/><E133/><V51/><F58/><W39/><G39/><T114/><D114/><U94/><E1/><V37/><F0/><W3/><G3/><T130/><D130/><U125/><E125/><V99/><F4/><W129/><G26/><T61/><D31/><U57/><E81/><V100/><F86/><W107/><G107/><T84/><D9/><U29/><E57/><V49/><F49/><N who="3" m="29103" /><G79/><T104/><D54/><U25/><E94/><N who="3" m="36458" /><G112/><T46/><D105/><U2/><E43/><V8/><REACH who="2" step="1"/><F100/><REACH who="2" ten="259,217,197,317" step="2"/><W89/><G129/><T60/><D126/><U108/><E2/><V32/><F32/><W68/><G68/><T83/><D124/><U44/><E108/><V5/><F5/><W16/><G6/><T121/><D121/><U17/><REACH who="1" step="1"/><E44/><REACH who="1" ten="259,207,197,317" step="2"/><V48/><F48/><W67/><G128/><T52/><D46/><U119/><E119/><V95/><F95/><W75/><G75/><T115/><D115/><U66/><E66/><V132/><F132/><W19/><G67/><T56/><D65/><U24/><E24/><AGARI ba="1,2" hai="8,13,18,24,28,34,36,37,38,40,47,51,98,99" machi="24" ten="40,3900,0" yaku="1,1,52,1,53,0" doraHai="41" doraHaiUra="53" who="2" fromWho="1" sc="259,0,207,-42,197,62,317,0" /><INIT seed="2,2,0,2,3,9" ten="259,165,259,317" oya="2" hai0="131,113,52,19,20,48,86,107,39,125,105,33,51" hai1="82,123,50,117,1,85,78,27,2,118,94,115,41" hai2="43,133,60,42,37,38,31,121,7,0,62,129,98" hai3="17,3,79,122,127,63,61,11,45,14,135,66,109"/><V21/><F121/><W99/><G122/><T49/><D113/><U132/><E115/><V83/><F129/><W40/><G109/><T75/><D75/><U100/><E123/><V89/><F133/><W120/><G120/><T74/><D74/><U73/><E132/><V25/><F0/><W32/><G32/><T130/><D39/><U56/><E1/><V10/><F37/><W44/><G135/><T108/><D108/><U126/><E2/><V24/><F24/><W124/><G3/><T101/><D33/><U6/><E6/><V28/><F28/><W80/><G99/><N who="0" m="61631" /><D86/><U8/><E126/><N who="3" m="48170" /><G40/><N who="2" m="15401" /><F38/><W103/><G103/><T26/><D107/><U128/><E128/><N who="0" m="49193" /><D125/><U67/><E73/><V106/><F106/><W88/><G88/><T134/><D134/><U70/><E70/><V119/><F119/><W104/><G104/><T87/><D87/><U114/><E114/><V90/><F90/><W64/><G79/><T57/><AGARI ba="2,0" hai="19,20,26,48,49,51,52,57" m="49193,61631" machi="57" ten="30,2000,0" yaku="19,1,54,1" doraHai="9" who="0" fromWho="0" sc="259,26,165,-7,259,-12,317,-7" /><INIT seed="3,0,0,0,0,118" ten="285,158,247,310" oya="3" hai0="5,45,43,131,22,34,132,58,119,134,135,60,70" hai1="133,4,126,13,90,51,49,63,113,3,37,102,20" hai2="46,23,68,94,91,122,87,98,114,11,62,101,97" hai3="41,115,44,55,39,81,78,80,9,12,52,108,104"/><W19/><G115/><T82/><D34/><U88/><E113/><V27/><F114/><W107/><G81/><T72/><D119/><U105/><E37/><V77/><F77/><W54/><REACH who="3" step="1"/><G108/><REACH who="3" ten="285,158,247,300" step="2"/><T40/><D132/><U65/><E133/><V110/><F110/><W25/><G25/><T109/><D82/><U2/><E126/><V7/><F122/><W124/><G124/><T10/><D135/><U111/><E111/><V42/><F27/><W73/><AGARI ba="0,1" hai="9,12,19,39,41,44,52,54,55,73,78,80,104,107" machi="73" ten="30,6000,0" yaku="1,1,0,1,54,1,53,0" doraHai="118" doraHaiUra="18" who="3" fromWho="3" sc="285,-20,158,-20,247,-20,300,70" owari="265,6.5,138,-36.2,227,-17.3,370,47.0" /></mjloggm>