<mjloggm ver="2.3"><GO type="225" lobby="0"/><UN n0="%E3%81%82%E3%81%84%E3%81%82%E3%81%8A%E3%81%84" n1="%70%6F%69%73%6F%6E%30%32" n2="%E5%91%A8%E6%9D%B1" n3="%E8%81%B7%E6%A5%AD%E3%80%81%E9%A2%A8%32" dan="18,16,16,16" rate="2186.08,2101.96,2187.89,2174.76" sx="M,M,M,M"/><TAIKYOKU oya="0"/><INIT seed="0,0,0,4,1,55" ten="250,250,250,250" oya="0" hai0="64,91,18,127,19,11,2,85,102,66,86,118,44" hai1="120,129,54,132,16,81,51,90,94,100,114,116,25" hai2="65,62,9,112,109,7,63,22,79,110,105,0,14" hai3="24,4,78,75,92,3,123,117,89,58,30,48,29"/><T99/><D118/><U97/><E120/><V68/><F112/><W107/><G107/><T8/><D127/><U39/><E116/><V45/><F105/><W67/><G117/><T50/><D2/><U59/><E39/><V115/><F115/><W82/><G123/><T80/><D86/><N who="1" m="50511" /><E132/><V76/><F45/><W72/><G72/><T103/><D8/><U13/><E129/><V33/><F33/><W73/><G73/><T57/><D11/><N who="1" m="6207" /><E114/><V125/><F125/><W53/><G67/><T12/><D12/><U101/><E25/><V42/><F42/><W31/><G3/><T23/><D23/><U113/><E113/><V71/><F22/><W119/><G119/><T124/><D124/><U122/><E122/><V126/><F0/><W121/><G121/><T46/><D103/><AGARI ba="0,0" hai="51,54,59,94,97,100,101,103" m="6207,50511" machi="103" ten="30,3900,0" yaku="8,1,52,1,54,1" doraHai="55" who="1" fromWho="0" sc="250,-39,250,39,250,0,250,0" /><INIT seed="1,0,0,4,4,82" ten="211,289,250,250" oya="1" hai0="8,1,83,37,46,54,121,4,113,67,49,134,25" hai1="50,2,17,72,59,117,9,114,48,33,103,122,126" hai2="3,81,45,109,108,74,56,105,15,30,47,120,88" hai3="18,86,68,115,85,58,119,7,97,107,70,73,11"/><U90/><E114/><V116/><F3/><W129/><G115/><T92/><D113/><U98/><E122/><V55/><F105/><W77/><G129/><T118/><D118/><U24/><E117/><V13/><F116/><W66/><G119/><T63/><D121/><U100/><E72/><V111/><F30/><W128/><G128/><T78/><D134/><U79/><E79/><V71/><F71/><W29/><G29/><T61/><D37/><U84/><E126/><V34/><F34/><W104/><G18/><T16/><D92/><U106/><E103/><V65/><F65/><W80/><G58/><T19/><D25/><U20/><E33/><V27/><F27/><W26/><G26/><T21/><D21/><U38/><E59/><V28/><F28/><W93/><G66/><T39/><D39/><U89/><E89/><V10/><F120/><W64/><G64/><T40/><D54/><U124/><E38/><V132/><F132/><W76/><G73/><T14/><D1/><U52/><E52/><V22/><F74/><W102/><G107/><T43/><D43/><U99/><E99/><V41/><F41/><W31/><G31/><T127/><D127/><U87/><E124/><V101/><F101/><W62/><G62/><N who="0" m="23563" /><D67/><U125/><E125/><V32/><F32/><W123/><G123/><T133/><D133/><U23/><E23/><V96/><F22/><W131/><G131/><T42/><D42/><U112/><E112/><V5/><F109/><W44/><G44/><T51/><D51/><N who="1" m="19499" /><E90/><V57/><F111/><W94/><G104/><T53/><D40/><RYUUKYOKU ba="0,0" sc="211,15,289,15,250,-15,250,-15" hai0="4,8,14,16,19,46,49,53,78,83" hai1="2,9,17,20,24,84,87,98,100,106" /><INIT seed="1,1,0,1,5,119" ten="226,304,235,235" oya="1" hai0="23,68,12,6,43,39,33,16,128,8,72,123,117" hai1="65,5,7,27,86,110,17,97,80,3,125,92,11" hai2="30,67,35,75,2,53,114,29,37,47,32,95,45" hai3="112,18,88,113,46,100,98,130,122,85,107,63,118"/><U50/><E125/><V101/><F75/><W44/><G118/><T90/><D117/><U66/><E7/><V51/><F2/><W81/><G122/><T55/><D68/><U96/><E110/><V111/><F111/><W73/><G130/><T25/><D72/><U105/><E105/><V1/><F1/><W83/><G63/><T58/><D128/><U15/><E50/><V126/><F126/><W94/><G18/><T104/><D104/><U87/><E97/><V59/><F114/><N who="3" m="44139" /><G46/><T76/><D76/><U61/><E27/><V54/><F67/><W129/><G44/><T9/><D33/><U26/><E26/><V41/><F35/><W74/><G129/><T109/><D109/><U82/><E5/><V31/><F32/><W69/><G69/><T21/><D123/><U91/><E3/><V42/><REACH who="2" step="1"/><F59/><REACH who="2" ten="226,304,225,235" step="2"/><W102/><G73/><T0/><D58/><N who="1" m="37047" /><E66/><V108/><F108/><W115/><G115/><T14/><D0/><U78/><E78/><V134/><F134/><W52/><G74/><T28/><D28/><U77/><E77/><V40/><F40/><W121/><G121/><T36/><D43/><U64/><E64/><V84/><F84/><AGARI ba="1,1" hai="11,15,17,80,82,84,86,87,91,92,96" m="37047" machi="84" ten="30,1500,0" yaku="8,1" doraHai="119" who="1" fromWho="2" sc="226,0,304,28,225,-18,235,0" /><INIT seed="1,2,0,3,0,41" ten="226,332,207,235" oya="1" hai0="33,44,92,110,80,98,8,124,128,9,85,19,50" hai1="65,46,37,108,121,90,112,55,14,97,20,56,2" hai2="103,39,18,123,15,87,24,17,13,61,42,125,58" hai3="127,43,54,82,29,117,38,76,34,66,7,113,64"/><U72/><E2/><V57/><F123/><W115/><G127/><T93/><D124/><U86/><E112/><V99/><F125/><W126/><G126/><T132/><D33/><U49/><E72/><V60/><F24/><W11/><G117/><T30/><D30/><U119/><E121/><V95/><F87/><W81/><G54/><T105/><D110/><U78/><E119/><V69/><F69/><W120/><G82/><T68/><D68/><U88/><E97/><V0/><F0/><N who="3" m="487" /><G120/><T77/><D132/><U53/><E65/><V101/><F39/><W111/><G111/><T52/><D128/><U70/><E37/><V79/><F42/><W23/><G23/><T104/><D93/><U118/><E70/><V36/><F36/><W62/><G29/><T48/><D48/><N who="1" m="28823" /><E118/><V91/><F91/><W45/><G34/><T133/><D133/><U74/><E74/><V25/><F25/><W114/><G62/><T130/><D130/><U51/><E51/><V122/><F122/><W63/><G63/><T26/><D105/><U27/><E14/><V16/><F79/><W6/><G6/><T5/><D5/><U100/><E100/><V12/><F103/><W102/><G102/><N who="0" m="60743" /><D104/><U94/><E94/><V32/><F32/><W131/><G131/><T107/><D107/><U135/><E135/><V106/><F106/><W134/><G134/><T116/><D116/><U47/><E108/><V4/><F4/><W31/><G31/><T22/><AGARI ba="2,0" hai="8,9,19,22,26,44,50,52,77,80,85" m="60743" machi="22" ten="30,4000,0" yaku="8,1,52,1,54,1" doraHai="41" who="0" fromWho="0" sc="226,46,332,-22,207,-12,235,-12" /><INIT seed="2,0,0,0,2,111" ten="272,310,195,223" oya="2" hai0="2,3,24,59,4,117,13,65,86,88,108,10,79" hai1="95,128,51,14,124,125,76,81,57,16,53,61,131" hai2="73,27,66,106,32,8,6,120,109,50,130,17,91" hai3="135,45,119,74,71,40,112,34,37,7,102,85,121"/><V54/><F120/><W127/><RYUUKYOKU type="yao9" ba="0,0" sc="272,0,310,0,195,0,223,0" hai3="7,34,37,40,45,71,74,85,102,112,119,121,127,135" /><INIT seed="2,1,0,2,3,20" ten="272,310,195,223" oya="2" hai0="130,14,91,79,107,8,33,122,64,66,68,27,12" hai1="59,38,15,78,63,42,84,120,21,126,81,41,103" hai2="88,96,28,134,32,105,133,19,73,54,113,40,117" hai3="6,36,89,24,50,5,97,4,34,43,23,116,74"/><V108/><F117/><W77/><G116/><T76/><D122/><U111/><E111/><V7/><F113/><W86/><G34/><T3/><D3/><U47/><E126/><V69/><F73/><W2/><G2/><T98/><D130/><U53/><E120/><V9/><F108/><W70/><G70/><T52/><D14/><U132/><E132/><N who="2" m="50795" /><F69/><W119/><G119/><T13/><D13/><U131/><E131/><V22/><F40/><W85/><G36/><T121/><D121/><U37/><E42/><V67/><F67/><W110/><G110/><T44/><D107/><U92/><E38/><V114/><F54/><W46/><G74/><T57/><D44/><U71/><E71/><V0/><F114/><W55/><G43/><T99/><D68/><U94/><E103/><N who="2" m="62695" /><F88/><W17/><REACH who="3" step="1"/><G77/><REACH who="3" ten="272,310,195,213" step="2"/><T62/><D79/><U102/><E102/><V82/><F32/><W18/><G18/><T127/><D76/><U61/><E37/><V35/><F35/><W16/><G16/><T58/><D33/><U125/><E41/><V124/><F124/><W93/><AGARI ba="1,1" hai="4,5,6,17,23,24,46,50,55,85,86,89,93,97" machi="93" ten="30,7900,0" yaku="1,1,0,1,8,1,52,1,53,0" doraHai="20" doraHaiUra="11" who="3" fromWho="3" sc="272,-21,310,-21,195,-40,213,92" /><INIT seed="3,0,0,5,1,27" ten="251,289,155,305" oya="3" hai0="6,74,68,33,21,1,126,91,10,85,17,67,54" hai1="57,105,38,117,44,4,135,97,123,96,133,2,40" hai2="64,61,31,58,32,51,62,101,121,113,70,109,39" hai3="43,89,15,125,122,90,11,84,93,116,45,102,107"/><W132/><G122/><T26/><D126/><U82/><E123/><V114/><F121/><W59/><G116/><T23/><D74/><U48/><E117/><V119/><F119/><W112/><G112/><T75/><D75/><U5/><E82/><V55/><F109/><W22/><G125/><T13/><D54/><N who="1" m="31943" /><E2/><V8/><F8/><W34/><G34/><T3/><D33/><U92/><E97/><V12/><F12/><W127/><G127/><T35/><D35/><U87/><E87/><V83/><F83/><W104/><G132/><N who="1" m="50762" /><E105/><V49/><F101/><AGARI ba="0,0" hai="4,5,38,40,44,92,96,101" m="50762,31943" machi="101" ten="30,1000,0" yaku="20,1" doraHai="27" who="1" fromWho="2" sc="251,0,289,10,155,-10,305,0" owari="251,-14.9,299,9.9,145,-35.5,305,40.5" /></mjloggm>