<mjloggm ver="2.3"><GO type="225" lobby="0"/><UN n0="%E6%A1%9C%E8%8A%B1%E9%96%83%E3%80%85" n1="%E7%9A%AE%E3%80%85" n2="%E8%91%B1%E9%96%93%E8%91%B1%E6%8A%9C" n3="%E3%81%BF%E3%81%BF%E3%81%9A" dan="16,16,16,18" rate="2158.18,2176.26,2093.22,2241.50" sx="M,M,F,M"/><TAIKYOKU oya="0"/><INIT seed="0,0,0,2,4,41" ten="250,250,250,250" oya="0" hai0="116,85,29,47,101,6,84,117,124,79,74,55,114" hai1="24,20,23,115,52,61,73,12,106,96,10,13,102" hai2="122,121,3,130,14,62,123,60,16,110,30,8,33" hai3="80,26,54,38,58,53,97,15,69,94,11,107,133"/><T49/><D114/><U67/><E73/><V89/><F110/><W2/><G69/><T44/><D124/><U65/><E115/><V36/><F130/><W93/><G2/><T135/><D135/><U88/><E23/><N who="2" m="11671" /><F36/><W34/><G133/><T45/><D29/><U118/><E118/><V64/><F89/><W32/><G38/><T42/><D101/><U4/><E4/><BYE who="1" /><N who="2" m="1055" /><F64/><W75/><G107/><T105/><D105/><U1/><E1/><V9/><F9/><W98/><G75/><T50/><D6/><U113/><E113/><V59/><F59/><W104/><G58/><T19/><D19/><UN n1="%E7%9A%AE%E3%80%85" /><U21/><E21/><V72/><F72/><W76/><G11/><T119/><REACH who="0" step="1"/><D47/><REACH who="0" ten="240,250,250,250" step="2"/><U70/><E67/><V31/><F31/><W28/><G28/><T95/><D95/><N who="1" m="56423" /><E106/><V25/><AGARI ba="0,1" hai="25,30,33,60,62,121,122,123" m="1055,11671" machi="25" ten="40,2700,0" yaku="24,1,54,1" doraHai="41" who="2" fromWho="2" sc="240,-13,250,-7,250,37,250,-7" /><INIT seed="1,0,0,4,2,61" ten="227,243,287,243" oya="1" hai0="95,99,74,23,89,35,84,57,49,109,7,105,75" hai1="58,45,82,134,22,0,55,5,4,116,64,29,129" hai2="66,88,76,50,59,37,131,13,70,38,2,56,14" hai3="127,33,17,40,130,83,8,32,1,34,19,113,104"/><U112/><E116/><V25/><F131/><W30/><G104/><T69/><D35/><N who="3" m="13385" /><G40/><T98/><D69/><U72/><E112/><V114/><F2/><W101/><G101/><N who="0" m="62655" /><D23/><U15/><E0/><V73/><F114/><W87/><G87/><T126/><D7/><U119/><E119/><V63/><F37/><W39/><G83/><N who="0" m="49311" /><D57/><U124/><E129/><V9/><F38/><W31/><G39/><T107/><D49/><N who="1" m="29103" /><E134/><V60/><F25/><N who="3" m="18767" /><G130/><T41/><D41/><U132/><E132/><V16/><F50/><W77/><G77/><T52/><D52/><U94/><E124/><V47/><F47/><W108/><G113/><T78/><D126/><U117/><E117/><V92/><F60/><W103/><G103/><N who="0" m="62967" /><D109/><U90/><E64/><V123/><F13/><N who="3" m="7335" /><G127/><T121/><D121/><U65/><E65/><V48/><F123/><W111/><G1/><T86/><D95/><U133/><E94/><V27/><F48/><W28/><G19/><T115/><D115/><U12/><E133/><V42/><F42/><W3/><G3/><T11/><D86/><N who="1" m="50519" /><E58/><V135/><F59/><W80/><G111/><T118/><D118/><U71/><E71/><V100/><F135/><W120/><G108/><T10/><D78/><U102/><E72/><V81/><F70/><W24/><G120/><T51/><D51/><U21/><E102/><V122/><F100/><W26/><G80/><T62/><D62/><U53/><E53/><V18/><F122/><W106/><G106/><T97/><D97/><U93/><E93/><V91/><F92/><W6/><G6/><N who="1" m="2666" /><E29/><AGARI ba="0,0" hai="24,26,28,29,31" m="7335,18767,13385" machi="29" ten="30,8000,1" yaku="35,5" doraHai="61" who="3" fromWho="1" sc="227,0,243,-80,287,0,243,80" /><INIT seed="2,0,0,5,0,114" ten="227,163,287,323" oya="2" hai0="39,107,47,10,14,106,40,110,72,54,9,36,26" hai1="1,48,127,33,5,59,70,80,128,64,49,122,6" hai2="2,131,56,124,31,83,130,98,51,94,25,75,42" hai3="46,69,86,19,109,73,118,134,11,52,82,30,92"/><V20/><F2/><W76/><G69/><T50/><D110/><U23/><E33/><V79/><F124/><W87/><G109/><T123/><D123/><U112/><E112/><V77/><F77/><W21/><G118/><T18/><D72/><U60/><E127/><V22/><F22/><W93/><G134/><T27/><D10/><U108/><E108/><V8/><F8/><W62/><G73/><T63/><D63/><U105/><E105/><V29/><F29/><W135/><G135/><T102/><D39/><U41/><E122/><V12/><F12/><N who="3" m="7583" /><G87/><T43/><D43/><U85/><E128/><V44/><REACH who="2" step="1"/><F56/><REACH who="2" ten="227,163,277,323" step="2"/><N who="3" m="35079" /><G46/><T68/><D68/><U126/><E126/><V113/><F113/><W90/><G76/><T78/><D78/><U104/><E104/><V28/><F28/><W91/><G91/><AGARI ba="0,1" hai="20,25,31,42,44,51,75,79,83,91,94,98,130,131" machi="91" ten="40,3900,0" yaku="1,1,53,1" doraHai="114" doraHaiUra="38" who="2" fromWho="3" sc="227,0,163,0,277,49,323,-39" /><INIT seed="2,1,0,2,5,18" ten="227,163,326,284" oya="2" hai0="117,95,103,98,1,48,4,59,132,120,135,16,25" hai1="34,122,77,127,108,129,67,115,130,94,57,104,109" hai2="78,131,60,97,36,83,79,89,80,44,56,38,31" hai3="65,54,73,6,126,12,62,37,3,8,41,2,102"/><V50/><F131/><N who="1" m="50185" /><E34/><V5/><F5/><W116/><G116/><T92/><D120/><U106/><E57/><V20/><F38/><W74/><G126/><T88/><D117/><U81/><E67/><N who="2" m="39303" /><F36/><W28/><G54/><N who="0" m="32199" /><D1/><U14/><E14/><V121/><F121/><W46/><G28/><T23/><D4/><U69/><E69/><V0/><F0/><W42/><G42/><T30/><D135/><U75/><E122/><V87/><F97/><W49/><G2/><T134/><D134/><U123/><E123/><V9/><F9/><W105/><G3/><T70/><D70/><U11/><E11/><V114/><F114/><W26/><G37/><T15/><D132/><U13/><E13/><V100/><F100/><W27/><G102/><T55/><D55/><U96/><E127/><V17/><F31/><W71/><G105/><N who="1" m="40554" /><E115/><V64/><F64/><W91/><G71/><T66/><D66/><U10/><E10/><V35/><F35/><W93/><G65/><T40/><D40/><U68/><E68/><V33/><F33/><W51/><G51/><T110/><D30/><U82/><E82/><V112/><F80/><W86/><G62/><T124/><D124/><U21/><E21/><V53/><F112/><W29/><G27/><AGARI ba="1,0" hai="17,20,27,44,50,53,78,79,83,87,89" m="39303" machi="27" ten="30,2900,0" yaku="8,1,52,1" doraHai="18" who="2" fromWho="3" sc="227,0,163,0,326,32,284,-32" /><INIT seed="2,2,0,2,4,43" ten="227,163,358,252" oya="2" hai0="114,55,58,123,93,57,66,1,3,67,70,61,131" hai1="116,94,35,128,103,29,54,75,46,44,108,21,132" hai2="68,104,7,62,36,113,83,33,126,74,2,71,48" hai3="120,122,24,95,65,99,73,111,112,91,102,45,119"/><V86/><F113/><W110/><G119/><T72/><D114/><U121/><E116/><V10/><F126/><W28/><G112/><T82/><D123/><U127/><E75/><V80/><F104/><W107/><G65/><T85/><D131/><U81/><E35/><V26/><F36/><W69/><G69/><T76/><D70/><U27/><E121/><V135/><F135/><W92/><G92/><T13/><D13/><U124/><E132/><V78/><F48/><W129/><G129/><T38/><D38/><U15/><E128/><V106/><F62/><W51/><G73/><T59/><D67/><U19/><E54/><V18/><F106/><W79/><G79/><T84/><D58/><U50/><E50/><V97/><F97/><W90/><G120/><T47/><D47/><N who="1" m="17963" /><E81/><V40/><F40/><N who="3" m="24999" /><G107/><T98/><D1/><U115/><E115/><V53/><F53/><W25/><G122/><T37/><D3/><U87/><E108/><N who="3" m="41514" /><G24/><T105/><D105/><U117/><E117/><V42/><F33/><AGARI ba="2,0" hai="25,28,33,90,91,95,99,102" m="41514,24999" machi="33" ten="30,2000,0" yaku="14,1,52,1" doraHai="43" who="3" fromWho="2" sc="227,0,163,0,358,-26,252,26" /><INIT seed="3,0,0,0,4,121" ten="227,163,332,278" oya="3" hai0="54,47,89,73,81,79,40,104,9,123,48,120,102" hai1="53,101,98,1,76,77,3,7,60,12,127,95,28" hai2="23,2,52,86,133,42,106,100,26,126,57,82,37" hai3="44,84,41,80,124,117,0,13,17,36,131,63,115"/><W8/><G115/><T93/><D9/><U29/><E127/><V16/><F126/><W135/><G124/><T38/><D102/><U46/><E1/><V114/><F114/><W128/><G117/><T4/><D4/><U74/><E3/><V83/><F133/><W68/><G0/><T132/><D104/><U24/><E74/><V59/><F2/><W134/><G63/><T69/><D69/><U111/><E111/><V112/><F112/><W103/><G103/><T22/><D22/><U78/><E24/><V64/><F64/><W11/><G11/><T43/><D43/><U125/><E125/><V18/><F18/><W129/><REACH who="3" step="1"/><G68/><REACH who="3" ten="227,163,332,268" step="2"/><T91/><D123/><U88/><E101/><V34/><F100/><W55/><G55/><T51/><D120/><U109/><E109/><V14/><F52/><W118/><G118/><T10/><D10/><U62/><E7/><V58/><F42/><W70/><G70/><T90/><D54/><U113/><E113/><V67/><F67/><W85/><G85/><T32/><D132/><U65/><E12/><V45/><F86/><W31/><G31/><T39/><D40/><U97/><E97/><V71/><F71/><W75/><G75/><T99/><D99/><U119/><E119/><V96/><F96/><W66/><G66/><T94/><D73/><U72/><E72/><V25/><F14/><W130/><N who="3" m="32768" /><DORA hai="116" /><W107/><G107/><T6/><D6/><U108/><E108/><V87/><F106/><W20/><G20/><T19/><D19/><U56/><E60/><V92/><F87/><W122/><G122/><RYUUKYOKU ba="0,1" sc="227,-15,163,15,332,-15,268,15" hai1="28,29,46,53,56,62,65,76,77,78,88,95,98" hai3="8,13,17,36,41,44,80,84,134,135" /><INIT seed="3,1,1,0,3,58" ten="212,178,317,283" oya="3" hai0="43,100,61,74,91,77,121,60,65,38,24,41,12" hai1="20,105,109,83,86,97,110,33,49,36,67,10,35" hai2="28,87,6,7,114,106,76,13,131,37,124,53,42" hai3="21,92,16,95,18,11,112,23,26,66,39,69,47"/><W34/><G112/><T132/><D121/><U59/><E36/><V5/><F114/><W50/><G34/><T130/><D130/><U94/><E105/><V4/><F106/><W1/><G39/><T127/><D127/><U135/><E135/><V134/><F131/><W117/><G117/><T9/><D132/><U90/><E10/><V118/><F134/><W88/><G69/><T99/><D91/><U8/><E8/><N who="2" m="4231" /><F118/><W57/><G1/><T79/><D24/><U15/><E15/><V113/><F113/><W103/><G103/><T56/><D61/><N who="1" m="38335" /><E49/><V44/><F124/><W107/><G107/><T115/><D115/><U111/><E20/><V63/><F37/><W84/><G11/><T98/><D74/><U125/><E125/><V78/><F28/><W51/><G95/><N who="0" m="58463" /><D38/><U70/><E70/><V17/><F17/><W89/><G89/><T129/><D129/><U32/><E32/><V101/><F101/><AGARI ba="1,1" hai="33,35,83,86,90,94,97,101,109,110,111" m="38335" machi="101" ten="30,2000,0" yaku="14,1,52,1" doraHai="58" who="1" fromWho="2" sc="212,0,178,33,317,-23,283,0" /><INIT seed="4,0,0,3,5,1" ten="212,211,294,283" oya="0" hai0="118,108,18,23,0,100,79,19,93,67,127,4,96" hai1="105,103,62,47,83,119,88,129,37,68,6,90,109" hai2="104,59,116,78,44,57,58,15,107,86,106,60,84" hai3="61,43,126,41,63,87,112,73,13,102,49,53,38"/><T5/><D118/><U16/><E109/><V21/><F116/><W51/><G73/><T111/><D127/><U122/><E122/><V30/><F60/><N who="3" m="23115" /><G38/><T77/><D67/><U124/><E119/><V8/><F44/><W115/><G126/><T35/><D35/><U81/><E124/><V75/><F75/><W89/><G102/><T133/><D133/><U121/><E121/><V65/><F65/><W9/><G51/><T76/><D0/><U42/><E129/><V33/><F33/><W34/><G34/><T11/><D11/><U80/><E6/><N who="0" m="2665" /><D23/><U17/><E62/><V54/><F8/><W50/><G50/><T91/><D100/><U114/><E68/><V22/><F22/><W7/><G115/><T97/><D97/><U110/><E110/><AGARI ba="0,0" hai="18,19,76,77,79,91,93,96,108,110,111" m="2665" machi="110" ten="30,11600,0" yaku="10,1,52,3" doraHai="1" who="0" fromWho="1" sc="212,116,211,-116,294,0,283,0" owari="328,42.8,95,-40.5,294,9.4,283,-11.7" /></mjloggm>