<mjloggm ver="2.3"><GO type="225" lobby="0"/><UN n0="%E5%91%A8%E6%9D%B1" n1="%E3%83%81%E3%83%83%E3%82%BF%E3%82%BD%E3%83%BC" n2="%E8%81%B7%E6%A5%AD%E3%80%81%E9%A2%A8%32" n3="%E3%81%82%E3%81%84%E3%81%82%E3%81%8A%E3%81%84" dan="16,16,16,18" rate="2179.97,2141.80,2167.92,2187.65" sx="M,F,M,M"/><TAIKYOKU oya="0"/><INIT seed="0,0,0,1,2,50" ten="250,250,250,250" oya="0" hai0="19,36,8,130,67,16,123,62,1,132,43,106,83" hai1="33,59,63,89,28,73,39,124,69,25,47,64,97" hai2="94,24,71,21,45,60,40,114,80,23,6,93,74" hai3="4,91,37,98,10,17,51,92,110,20,115,2,38"/><T86/><D123/><U77/><E124/><V108/><F108/><W53/><G110/><T31/><D106/><U119/><E119/><V75/><F114/><W87/><G98/><T54/><D31/><U34/><E77/><V0/><F71/><W44/><REACH who="3" step="1"/><G115/><REACH who="3" ten="250,250,250,240" step="2"/><T85/><D132/><U46/><E97/><V70/><F75/><W111/><G111/><T58/><D130/><U81/><E73/><V131/><F74/><W18/><G18/><T32/><D86/><U95/><E28/><V14/><F131/><W103/><G103/><T26/><D8/><U22/><E34/><V118/><F70/><W66/><G66/><T3/><D67/><U126/><E33/><V90/><F118/><W49/><G49/><T112/><D112/><U5/><E69/><V113/><F113/><W88/><G88/><T35/><D35/><U30/><E89/><V128/><F90/><W102/><G102/><T55/><D32/><U27/><E64/><V12/><F128/><W76/><G76/><T79/><D19/><U134/><E30/><V13/><F21/><W52/><G52/><T100/><D100/><U96/><E22/><V72/><F23/><W11/><G11/><T57/><D16/><U116/><E116/><V82/><F72/><W133/><G133/><T84/><D26/><AGARI ba="0,1" hai="2,4,10,17,20,26,37,38,44,51,53,87,91,92" machi="26" ten="30,3900,0" yaku="1,1,7,1,52,1,53,0" doraHai="50" doraHaiUra="9" who="3" fromWho="0" sc="250,-39,250,0,250,0,240,49" /><INIT seed="1,0,0,2,4,7" ten="211,250,250,289" oya="1" hai0="70,58,5,118,52,92,102,90,126,129,103,47,1" hai1="29,45,42,25,10,0,111,133,68,43,77,8,12" hai2="130,96,60,66,23,17,28,104,122,67,6,97,4" hai3="53,18,30,2,33,37,79,98,101,14,109,82,27"/><U107/><E133/><V80/><F122/><W106/><G109/><T63/><D118/><U99/><E68/><V108/><F108/><W26/><G2/><T46/><D126/><U54/><E54/><V114/><F130/><W51/><G37/><T21/><D129/><U61/><E61/><V75/><F114/><W39/><G39/><T36/><D70/><U65/><E65/><N who="2" m="24587" /><F104/><W85/><G30/><T132/><D132/><U20/><E111/><V128/><F128/><W9/><REACH who="3" step="1"/><G33/><REACH who="3" ten="211,250,250,279" step="2"/><T38/><D38/><U64/><E0/><V41/><F28/><W35/><G35/><T13/><D1/><U121/><E121/><V87/><F75/><W81/><G81/><T73/><D73/><U127/><E29/><V15/><F41/><W50/><G50/><T71/><D36/><U135/><E43/><V116/><F60/><W91/><G91/><T88/><D90/><U84/><E135/><V113/><F113/><W131/><G131/><T48/><D71/><U31/><E42/><V34/><F34/><W76/><G76/><T125/><D125/><U134/><E77/><N who="2" m="46479" /><F116/><W119/><G119/><T89/><D89/><U49/><E134/><V62/><F62/><W22/><G22/><T100/><D63/><U32/><E32/><V19/><F23/><W59/><AGARI ba="0,1" hai="9,14,18,26,27,51,53,59,79,82,85,98,101,106" machi="59" ten="20,5200,0" yaku="1,1,0,1,7,1,52,1,53,0" doraHai="7" doraHaiUra="123" who="3" fromWho="3" sc="211,-13,250,-26,250,-13,279,62" /><INIT seed="2,0,0,1,2,133" ten="198,224,237,341" oya="2" hai0="4,51,83,52,53,107,90,40,78,23,31,8,122" hai1="125,126,5,124,80,59,58,29,96,50,110,92,34" hai2="93,100,102,101,68,86,47,39,98,70,27,104,30" hai3="18,73,19,109,112,16,132,57,7,119,76,36,24"/><V38/><F104/><W9/><G119/><T33/><D122/><U106/><E106/><V87/><F93/><W0/><G132/><T123/><D123/><U89/><E110/><V10/><F98/><W6/><G109/><T103/><D33/><U42/><E5/><V120/><F10/><W118/><G118/><T111/><D111/><U12/><E12/><V131/><F120/><W65/><G7/><T61/><D90/><U46/><REACH who="1" step="1"/><E80/><REACH who="1" ten="198,214,237,341" step="2"/><V99/><F27/><AGARI ba="0,1" hai="27,29,34,42,46,50,58,59,89,92,96,124,125,126" machi="27" ten="40,12000,2" yaku="1,1,2,1,18,1,52,3,53,0" doraHai="133" doraHaiUra="63" who="1" fromWho="2" sc="198,0,214,130,237,-120,341,0" /><INIT seed="3,0,0,4,0,69" ten="198,344,117,341" oya="3" hai0="120,131,123,12,119,33,99,126,38,48,25,105,121" hai1="46,34,106,93,110,115,52,118,63,73,19,0,5" hai2="72,41,100,74,35,125,76,86,10,109,16,57,107" hai3="134,40,29,133,114,87,61,71,31,90,112,58,96"/><W11/><G71/><T83/><D119/><U65/><E106/><V68/><F68/><W113/><G96/><T26/><D126/><U64/><E73/><V122/><F125/><W44/><G11/><T129/><D38/><U82/><E82/><V97/><F122/><W66/><G29/><T135/><D135/><N who="3" m="51721" /><G31/><T81/><D33/><U50/><E34/><V67/><F35/><W94/><G113/><T89/><D99/><U104/><E104/><V101/><F101/><W1/><G1/><T2/><D2/><U92/><E115/><V23/><F109/><W53/><G66/><T108/><D105/><U59/><E110/><V132/><F132/><W78/><G78/><T36/><D108/><U80/><E80/><V54/><F10/><W111/><G111/><T30/><D83/><U27/><E118/><V42/><F86/><W51/><AGARI ba="0,0" hai="40,44,51,53,58,61,87,90,94,112,114" m="51721" machi="51" ten="30,1500,0" yaku="20,1" doraHai="69" who="3" fromWho="3" sc="198,-5,344,-5,117,-5,341,15" owari="193,-20.7,339,13.9,112,-38.8,356,45.6" /></mjloggm>