<mjloggm ver="2.3"><GO type="225" lobby="0"/><UN n0="%E5%8D%A0%E3%81%84%E5%B8%AB%E8%A3%8F%E3%81%AA%E3%81%84%E3%81%97" n1="%E7%89%B9%E6%9D%B1%E3%81%AF%E4%B8%96%E7%95%8C%E3%82%92%E6%95%91%E3%81%86" n2="%E3%83%A9%E3%82%B9%E7%8E%87%EF%BC%93%E5%89%B2" n3="%E4%BC%8A%E9%81%94%E6%9C%B1%E9%87%8C%E7%B4%97" dan="17,16,16,16" rate="2241.54,2193.42,2136.27,2129.76" sx="M,M,F,F"/><TAIKYOKU oya="0"/><INIT seed="0,0,0,1,0,4" ten="250,250,250,250" oya="0" hai0="122,54,119,67,29,98,55,63,36,23,99,97,64" hai1="5,73,88,80,86,58,106,109,118,60,13,110,25" hai2="104,85,0,111,11,21,14,116,50,95,62,127,44" hai3="46,101,121,83,65,34,48,90,40,120,2,31,17"/><T100/><D119/><U18/><E118/><V3/><F116/><W126/><G126/><T130/><D36/><U123/><E123/><V131/><F104/><W74/><G2/><T27/><D122/><U19/><E106/><V33/><F33/><W77/><G101/><T78/><D130/><U112/><E73/><V113/><F113/><W6/><G6/><T37/><D37/><U28/><E112/><V92/><F111/><N who="1" m="42505" /><E5/><N who="2" m="3439" /><F3/><W38/><G17/><T59/><D78/><U30/><E25/><V94/><F0/><W91/><G65/><T57/><REACH who="0" step="1"/><D100/><REACH who="0" ten="240,250,250,250" step="2"/><U71/><E71/><V68/><F131/><W107/><G121/><T1/><D1/><U132/><E132/><V72/><F68/><W133/><G120/><T114/><D114/><U7/><E7/><V103/><F103/><W87/><G133/><T93/><D93/><U134/><E134/><V89/><F94/><W76/><G107/><T35/><D35/><U66/><E19/><V20/><F95/><W22/><G34/><T41/><D41/><U47/><E47/><V79/><F79/><W125/><G76/><T124/><D124/><U105/><E105/><V81/><F127/><W12/><G125/><T75/><D75/><U56/><E56/><V9/><F72/><W117/><G74/><T128/><D128/><U96/><E96/><V8/><F92/><W43/><G117/><T15/><D15/><U108/><N who="1" m="42513" /><U42/><DORA hai="51" /><E42/><V70/><F70/><W84/><G12/><T129/><D129/><U82/><E82/><V45/><F81/><W39/><G83/><T61/><AGARI ba="0,1" hai="23,27,29,54,55,57,59,61,63,64,67,97,98,99" machi="61" ten="30,24000,3" yaku="1,1,5,1,0,1,9,1,8,1,52,2,53,1" doraHai="4,51" doraHaiUra="69,16" who="0" fromWho="0" sc="240,250,250,-80,250,-80,250,-80" /><INIT seed="0,1,0,1,5,72" ten="490,170,170,170" oya="0" hai0="121,75,36,35,110,46,89,34,42,40,93,68,59" hai1="87,49,29,130,58,4,102,83,82,114,69,13,123" hai2="62,37,106,23,74,107,128,108,55,32,111,73,41" hai3="97,9,17,132,64,1,16,47,53,48,52,113,11"/><T99/><D121/><U131/><E69/><V117/><F23/><W5/><G113/><T98/><D68/><U25/><E123/><V122/><F55/><W85/><G132/><T65/><D75/><N who="2" m="28682" /><F62/><W118/><G118/><T91/><D40/><U51/><E114/><V12/><F12/><W127/><G127/><T84/><D110/><N who="2" m="42026" /><F122/><W31/><G31/><T134/><D134/><U66/><E4/><V20/><F20/><W112/><G112/><T21/><D21/><U70/><E13/><V129/><F32/><W96/><G64/><T26/><D26/><U63/><E58/><V119/><F41/><W100/><G97/><T27/><D99/><U57/><E57/><V80/><F80/><W76/><G53/><T109/><D27/><U101/><E83/><V54/><F37/><W7/><G85/><T10/><D109/><U86/><E49/><V92/><F92/><W103/><G76/><T38/><D38/><U28/><E51/><V78/><F78/><W43/><G43/><T94/><REACH who="0" step="1"/><D10/><REACH who="0" ten="480,170,170,170" step="2"/><U116/><E25/><V19/><F119/><W125/><G96/><T81/><D81/><U77/><E82/><V44/><F117/><W6/><G9/><T124/><D124/><U45/><E116/><V126/><F126/><W95/><G125/><T104/><D104/><U79/><E70/><V14/><F107/><W8/><G6/><T3/><D3/><U24/><E28/><V105/><F106/><W135/><G135/><T90/><D90/><U0/><E29/><V115/><F105/><W61/><G7/><T71/><D71/><N who="1" m="42463" /><E0/><V18/><F115/><RYUUKYOKU ba="1,1" sc="480,30,170,-10,170,-10,170,-10" hai0="34,35,36,42,46,59,65,84,89,91,93,94,98" /><INIT seed="0,2,1,1,0,25" ten="510,160,160,160" oya="0" hai0="135,93,128,104,79,113,51,63,78,73,117,72,57" hai1="92,100,64,8,55,89,10,108,86,23,35,0,130" hai2="68,109,103,43,118,88,15,7,44,112,101,5,125" hai3="56,6,120,106,133,121,59,45,36,134,116,26,77"/><T67/><D113/><U80/><E35/><V47/><F68/><W60/><G106/><T53/><D117/><U81/><E108/><V110/><F125/><W124/><G116/><T34/><D104/><U28/><E130/><V37/><F118/><W123/><G124/><T74/><D128/><U66/><E0/><V126/><F126/><W18/><G6/><N who="2" m="2057" /><F15/><W24/><G77/><T82/><D135/><N who="3" m="51721" /><G18/><T115/><D115/><U94/><E55/><V9/><F9/><N who="1" m="3689" /><E94/><V107/><F107/><W127/><G127/><T38/><D38/><U95/><E92/><V114/><F44/><W31/><G24/><T76/><D34/><U27/><E100/><V75/><F114/><W98/><G98/><T14/><D93/><U13/><E13/><V48/><F112/><W52/><G56/><T20/><D14/><U102/><E102/><N who="2" m="38923" /><F37/><W69/><G69/><T21/><REACH who="0" step="1"/><D82/><AGARI ba="2,1" hai="23,27,28,64,66,80,81,82,86,89,95" m="3689" machi="82" ten="30,2000,0" yaku="8,1,52,1" doraHai="25" who="1" fromWho="0" sc="510,-26,160,36,160,0,160,0" /><INIT seed="1,0,0,1,4,48" ten="484,196,160,160" oya="1" hai0="28,124,68,44,34,95,6,56,14,111,57,42,2" hai1="61,64,81,121,125,45,19,113,133,33,24,32,17" hai2="126,38,76,41,132,105,23,109,97,118,55,60,8" hai3="67,73,135,110,37,16,80,129,78,71,25,128,36"/><U120/><E113/><V11/><F118/><W100/><G110/><T93/><D68/><U117/><E117/><V18/><F109/><W98/><G135/><T31/><D111/><U39/><E133/><V49/><F132/><W3/><G3/><T77/><D2/><U43/><E125/><V72/><F126/><W79/><G79/><T94/><D77/><U91/><E120/><V4/><F60/><N who="3" m="40423" /><G16/><T54/><D124/><U69/><E121/><V1/><F11/><W101/><G25/><T62/><D34/><U40/><E40/><V131/><F131/><N who="3" m="50251" /><G101/><T15/><D57/><U99/><E81/><V50/><F76/><W63/><G63/><T102/><D102/><U21/><E17/><V96/><F72/><W106/><AGARI ba="0,0" hai="36,37,73,78,80,98,100,106" m="50251,40423" machi="106" ten="30,2000,0" yaku="19,1,23,1" doraHai="48" who="3" fromWho="3" sc="484,-5,196,-10,160,-5,160,20" /><INIT seed="2,0,0,4,2,0" ten="479,186,155,180" oya="2" hai0="40,80,12,14,68,55,8,44,45,120,9,26,56" hai1="88,81,89,23,100,105,127,72,13,77,93,71,102" hai2="125,57,114,129,95,17,16,31,118,49,112,64,30" hai3="107,113,82,76,84,69,47,128,94,108,135,132,39"/><V73/><F73/><W18/><G69/><T33/><D68/><U133/><E71/><V63/><F118/><W20/><G107/><T10/><D120/><U106/><E23/><V28/><F129/><W4/><G4/><T37/><D45/><U6/><E6/><V61/><F125/><W110/><G128/><T79/><D26/><U43/><E13/><V115/><F49/><W58/><G113/><T134/><D33/><U85/><E43/><V121/><F121/><W41/><G58/><T116/><D116/><U124/><E133/><N who="3" m="51274" /><G94/><T29/><D29/><U90/><E124/><V53/><REACH who="2" step="1"/><F95/><REACH who="2" ten="479,186,145,180" step="2"/><W24/><AGARI ba="0,1" hai="18,20,24,39,41,47,76,82,84,108,110" m="51274" machi="24" ten="30,1100,0" yaku="20,1" doraHai="0" who="3" fromWho="3" sc="479,-3,186,-3,145,-5,180,21" /><INIT seed="3,0,0,1,5,12" ten="476,183,140,201" oya="3" hai0="62,14,2,30,113,51,35,124,64,76,18,126,29" hai1="73,60,70,86,22,46,11,92,65,41,37,3,33" hai2="19,104,72,100,118,61,5,103,48,90,45,115,116" hai3="15,74,57,130,44,32,25,42,23,95,81,34,54"/><W129/><G95/><T105/><D105/><U84/><E33/><V69/><F115/><W134/><G134/><T89/><D2/><U66/><E66/><V91/><F72/><W58/><G15/><T78/><D113/><U38/><E38/><V79/><F79/><N who="0" m="30250" /><D89/><U102/><E73/><V122/><F5/><W47/><G81/><T9/><D51/><U27/><E3/><V21/><F122/><W132/><G132/><T56/><D35/><U26/><E11/><V39/><F39/><W98/><G98/><T17/><D126/><U101/><E27/><V117/><F61/><W10/><G10/><T68/><D68/><U107/><E107/><V7/><F7/><W40/><G25/><T71/><D71/><U93/><E92/><V63/><F63/><W108/><G74/><T135/><D135/><U28/><REACH who="1" step="1"/><E93/><REACH who="1" ten="476,173,140,201" step="2"/><V52/><F69/><W75/><G75/><T127/><D127/><U120/><E120/><V82/><F82/><W131/><G130/><T50/><D124/><U43/><E43/><V121/><F121/><W133/><G133/><T114/><D114/><U112/><E112/><V4/><F4/><W96/><G129/><T119/><D119/><U31/><E31/><N who="0" m="11785" /><D50/><U110/><E110/><V1/><F1/><W123/><G108/><T53/><D53/><U13/><E13/><V85/><F85/><AGARI ba="0,1" hai="22,26,28,37,41,46,60,65,70,84,85,86,101,102" machi="85" ten="40,2600,0" yaku="1,1,53,1" doraHai="12" doraHaiUra="16" who="1" fromWho="2" sc="476,0,173,36,140,-26,201,0" owari="476,57.6,209,0.9,114,-38.6,201,-19.9" /></mjloggm>