<mjloggm ver="2.3"><GO type="225" lobby="0"/><UN n0="%E3%81%BD%E3%81%A1%E3%81%9F%E3%81%93%E3%82%84" n1="%E3%83%B4%E3%83%A0%EF%BC%99%E3%81%A6" n2="%E6%A9%98%E3%83%AF%E3%83%AB%E3%83%84" n3="%43%68%65" dan="17,16,16,16" rate="2225.61,2146.19,2066.37,2153.46" sx="M,M,M,M"/><TAIKYOKU oya="0"/><INIT seed="0,0,0,3,5,33" ten="250,250,250,250" oya="0" hai0="97,49,4,126,108,26,95,65,60,14,34,134,125" hai1="80,23,50,90,73,9,111,55,129,29,83,16,112" hai2="120,86,93,62,63,25,18,104,107,132,8,82,56" hai3="123,35,37,46,122,70,84,0,27,128,43,127,13"/><T116/><D116/><U44/><E111/><V3/><F120/><N who="3" m="46123" /><G70/><T85/><D108/><U32/><E129/><V94/><F132/><W68/><G128/><T113/><D113/><U105/><E105/><V100/><F63/><W135/><G135/><T101/><D134/><U98/><E112/><V41/><F41/><W131/><G131/><T12/><D49/><U40/><E9/><V121/><F121/><W38/><G127/><N who="0" m="48651" /><D4/><U42/><E29/><V76/><F107/><W130/><G130/><T1/><D1/><U114/><E32/><V22/><F104/><W15/><G38/><T109/><D109/><U53/><E114/><V51/><F51/><W87/><G68/><N who="0" m="42023" /><D85/><N who="3" m="32841" /><G0/><T48/><D48/><U58/><E73/><V96/><F94/><W5/><G5/><T89/><D101/><U31/><E42/><V92/><F92/><W67/><G67/><T39/><D39/><U117/><E117/><V106/><F106/><W45/><G45/><T102/><D102/><U64/><E64/><N who="2" m="38983" /><F3/><W119/><G119/><T59/><D59/><U52/><E58/><V71/><F71/><W124/><G124/><T77/><D77/><U24/><E31/><AGARI ba="0,0" hai="13,15,27,31,35,37,43,46" m="32841,46123" machi="31" ten="30,1000,0" yaku="13,1" doraHai="33" who="3" fromWho="1" sc="250,0,250,-10,250,0,250,10" /><AGARI ba="0,0" hai="12,14,26,31,34,89,95,97" m="42023,48651" machi="31" ten="30,1500,0" yaku="18,1" doraHai="33" who="0" fromWho="1" sc="250,15,240,-15,250,0,260,0" /><INIT seed="0,1,0,2,2,60" ten="265,225,250,260" oya="0" hai0="104,101,126,38,96,117,23,83,0,106,24,107,6" hai1="116,98,111,15,87,113,16,78,18,94,68,102,86" hai2="4,100,127,40,64,11,120,129,135,44,55,115,25" hai3="93,12,80,92,70,39,91,53,132,31,14,1,108"/><T79/><D117/><U47/><E116/><V41/><F120/><W89/><G39/><T22/><D38/><U63/><E111/><V85/><F115/><W133/><G1/><T72/><D126/><U114/><E47/><V3/><F127/><W124/><G124/><T46/><D46/><U57/><E68/><V121/><F121/><W19/><G31/><T56/><D56/><U30/><E30/><V42/><F100/><W110/><G70/><T33/><D33/><U10/><E18/><V134/><F25/><W35/><G35/><T128/><D128/><U105/><E78/><V125/><F125/><W29/><G29/><T88/><D88/><N who="3" m="33865" /><G53/><T69/><D69/><U59/><E59/><V49/><F85/><W90/><G80/><T43/><D43/><U75/><E75/><V5/><F5/><W58/><G58/><T118/><D118/><U66/><REACH who="1" step="1"/><E105/><REACH who="1" ten="265,215,250,260" step="2"/><V26/><F129/><W21/><G110/><T27/><D106/><U77/><E77/><V65/><REACH who="2" step="1"/><F26/><REACH who="2" ten="265,215,240,260" step="2"/><W8/><G108/><T76/><D27/><U45/><E45/><V37/><F37/><W32/><G32/><T54/><D24/><U131/><E131/><V123/><F123/><W48/><G90/><T73/><D73/><U36/><E36/><V28/><F28/><W103/><G103/><T2/><D72/><U62/><E62/><V9/><F9/><W82/><G8/><T34/><D101/><U95/><E95/><V99/><F99/><W122/><G93/><T61/><D96/><U67/><E67/><AGARI ba="1,2" hai="3,4,11,40,41,42,44,49,55,64,65,67,134,135" machi="67" ten="40,8000,1" yaku="1,1,52,3,53,0" doraHai="60" doraHaiUra="74" who="2" fromWho="1" sc="265,0,215,-83,240,103,260,0" /><INIT seed="1,0,0,4,3,50" ten="265,132,343,260" oya="1" hai0="134,132,77,74,101,36,8,54,90,17,64,125,95" hai1="41,33,121,96,122,0,84,42,93,106,65,20,119" hai2="82,92,94,35,107,87,86,53,75,1,68,67,9" hai3="2,19,39,97,12,40,27,21,13,108,24,58,18"/><U56/><E119/><V44/><F107/><W117/><G117/><T29/><D36/><U16/><E33/><V123/><F35/><W104/><G2/><T111/><D64/><U5/><E106/><V126/><F123/><W120/><G120/><T78/><D101/><U133/><E133/><V72/><F126/><W115/><G115/><T63/><D29/><U69/><E69/><V14/><F1/><W109/><G40/><T60/><D60/><N who="1" m="38023" /><E122/><V88/><F67/><W45/><G45/><T116/><D74/><U57/><E121/><V83/><F68/><W49/><G39/><T31/><D31/><U113/><E0/><V99/><F75/><W23/><G104/><T130/><D125/><U89/><E5/><V55/><F72/><W79/><G79/><T28/><D28/><U34/><E34/><V91/><F44/><W112/><G97/><T7/><D17/><U38/><E38/><V80/><F99/><W114/><G49/><T51/><D63/><U128/><E113/><V47/><F47/><W103/><G58/><N who="0" m="33119" /><D116/><U129/><E57/><V22/><F22/><W73/><G73/><T37/><D37/><U131/><E96/><V85/><F85/><W124/><G103/><T52/><D7/><AGARI ba="0,0" hai="7,9,14,53,55,80,82,83,86,87,88,91,92,94" machi="7" ten="40,8000,1" yaku="9,1,8,1,52,2,54,1" doraHai="50" who="2" fromWho="0" sc="265,-80,132,0,343,80,260,0" /><INIT seed="2,0,0,4,2,91" ten="185,132,423,260" oya="2" hai0="99,133,77,122,66,134,45,112,55,60,13,54,98" hai1="82,68,80,69,109,23,89,9,129,42,19,10,32" hai2="8,103,48,63,78,5,34,38,17,113,118,44,115" hai3="127,20,49,74,128,107,104,61,83,6,95,37,117"/><V88/><F118/><W94/><G37/><T31/><D122/><U123/><E32/><V70/><F34/><W79/><G117/><T47/><D112/><U41/><E123/><V132/><F103/><W12/><G127/><T28/><D77/><U121/><E121/><V120/><F120/><W92/><G128/><T75/><D75/><U108/><E129/><V135/><F78/><W58/><G49/><T57/><D13/><U51/><E51/><V87/><F38/><W65/><REACH who="3" step="1"/><G20/><REACH who="3" ten="185,132,423,250" step="2"/><T90/><D133/><U11/><E109/><V110/><F110/><W93/><N who="3" m="23552" /><DORA hai="46" /><W101/><G101/><T24/><D134/><U22/><E108/><V56/><F115/><W72/><G72/><T29/><D98/><U114/><E114/><V106/><F113/><W4/><G4/><T25/><D99/><U81/><E22/><V119/><F5/><W14/><G14/><T100/><D100/><U15/><REACH who="1" step="1"/><E89/><REACH who="1" ten="185,122,423,250" step="2"/><V27/><F119/><W40/><G40/><AGARI ba="0,2" hai="9,10,11,15,19,23,40,41,42,68,69,80,81,82" machi="40" ten="40,5200,0" yaku="1,1,2,1,53,1" doraHai="91,46" doraHaiUra="86,18" who="1" fromWho="3" sc="185,0,122,72,423,0,250,-52" /><INIT seed="3,0,0,4,3,84" ten="185,194,423,198" oya="3" hai0="27,43,96,1,80,83,113,49,129,31,24,93,134" hai1="36,132,73,112,5,46,63,118,29,75,74,65,40" hai2="76,4,94,44,9,127,42,10,98,119,69,12,92" hai3="82,2,8,125,38,59,130,114,66,32,14,52,50"/><W133/><G114/><T0/><D113/><U70/><E112/><V123/><F69/><W135/><G38/><T45/><D129/><U20/><E5/><V17/><F119/><W18/><G130/><T67/><D134/><N who="3" m="51209" /><G125/><T34/><D67/><U61/><E132/><V111/><F127/><W128/><G128/><T30/><D0/><U64/><E118/><V47/><F123/><W121/><G121/><T131/><D1/><U62/><REACH who="1" step="1"/><E70/><REACH who="1" ten="185,184,423,198" step="2"/><V110/><F42/><W102/><G2/><T41/><D131/><U53/><E53/><V48/><F111/><W104/><G66/><T115/><D43/><U120/><E120/><V60/><F110/><W89/><G32/><T7/><D7/><U88/><E88/><V56/><F76/><W72/><G89/><T77/><D77/><U57/><E57/><V33/><F33/><W13/><G59/><T105/><D115/><U108/><E108/><V91/><F56/><W107/><G52/><T39/><D39/><U81/><E81/><V55/><F60/><W86/><G82/><T109/><D109/><U79/><E79/><V116/><F116/><W51/><G51/><T85/><D83/><U54/><E54/><V78/><F78/><W19/><G50/><T97/><D80/><U126/><E126/><V100/><F47/><W35/><G35/><N who="0" m="20935" /><D105/><U26/><AGARI ba="0,1" hai="20,26,29,36,40,46,61,62,63,64,65,73,74,75" machi="26" ten="40,2700,0" yaku="1,1,0,1,53,0" doraHai="84" doraHaiUra="6" who="1" fromWho="1" sc="185,-7,184,37,423,-7,198,-13" owari="178,-32.2,221,2.1,416,51.6,185,-21.5" /></mjloggm>