<mjloggm ver="2.3"><GO type="225" lobby="0"/><UN n0="%E3%80%93%E3%81%97%E3%83%BC%E3%82%89%E3%80%93" n1="%E6%B7%91%E5%A5%B3%E3%81%AE%E5%97%9C%E3%81%BF" n2="%E3%81%BF%E3%81%BF%E3%81%9A" n3="%E3%83%B4%E3%83%A0%EF%BC%99%E3%81%A6" dan="16,16,18,16" rate="2206.45,2086.57,2206.66,2154.20" sx="M,M,M,M"/><TAIKYOKU oya="0"/><INIT seed="0,0,0,2,4,125" ten="250,250,250,250" oya="0" hai0="28,55,8,68,115,72,50,35,44,39,105,96,106" hai1="78,99,3,23,0,73,57,27,92,17,89,64,130" hai2="94,114,91,58,90,81,51,54,86,2,110,22,111" hai3="21,98,103,31,60,1,14,134,113,36,42,25,83"/><T62/><D72/><U122/><E122/><V61/><F2/><W93/><G113/><T49/><D115/><U46/><E46/><V20/><F114/><W119/><G119/><T30/><D39/><U47/><E47/><V63/><F111/><W107/><G1/><T45/><D8/><U19/><E19/><V84/><F110/><W9/><G134/><T87/><D87/><U53/><E64/><V26/><REACH who="2" step="1"/><F20/><REACH who="2" ten="250,250,240,250" step="2"/><W52/><G21/><T131/><D35/><U32/><E32/><V34/><F34/><W123/><G123/><T75/><D75/><U6/><E3/><V133/><F133/><W126/><G126/><T38/><D38/><U121/><E0/><V101/><F101/><W112/><G103/><T108/><D108/><U80/><E130/><V56/><F56/><W66/><G36/><T12/><D131/><U16/><E121/><V104/><F104/><W18/><G107/><T59/><D106/><U48/><REACH who="1" step="1"/><E17/><AGARI ba="0,1" hai="17,22,26,51,54,58,61,63,81,84,86,90,91,94" machi="17" ten="30,3900,0" yaku="1,1,7,1,8,1,53,0" doraHai="125" doraHaiUra="4" who="2" fromWho="1" sc="250,0,250,-39,240,49,250,0" /><INIT seed="1,0,0,1,5,69" ten="250,211,289,250" oya="1" hai0="86,90,100,81,87,111,14,57,128,76,109,60,104" hai1="53,6,88,78,133,110,123,28,39,79,59,68,25" hai2="33,30,135,35,127,45,130,71,118,15,23,1,75" hai3="12,48,120,34,70,44,65,63,122,11,103,94,117"/><U43/><E123/><V8/><F75/><W42/><G117/><T105/><D14/><U47/><E68/><V16/><F71/><W129/><G34/><N who="2" m="12809" /><F45/><W62/><G129/><T121/><D128/><U97/><E110/><N who="0" m="41993" /><D100/><U95/><E133/><V49/><F49/><W9/><G63/><T20/><D20/><U91/><E6/><N who="2" m="1103" /><F130/><W126/><G9/><T7/><D7/><U64/><E91/><V98/><F98/><W2/><G2/><T13/><D13/><U131/><E64/><V80/><F80/><W124/><G103/><T102/><D102/><U5/><E5/><V66/><F66/><W114/><G94/><N who="0" m="54615" /><D121/><U107/><E107/><V113/><F118/><W72/><G120/><T41/><D41/><U84/><E97/><V24/><F127/><W83/><G122/><T116/><D116/><U74/><E74/><V134/><F113/><W82/><G114/><T101/><D101/><U61/><REACH who="1" step="1"/><E131/><REACH who="1" ten="250,201,289,250" step="2"/><V52/><F52/><AGARI ba="0,1" hai="52,57,60,76,81,87,104,105" m="54615,41993" machi="52" ten="30,2000,0" yaku="14,1,54,1" doraHai="69" who="0" fromWho="2" sc="250,30,201,0,289,-20,250,0" /><INIT seed="2,0,0,4,3,71" ten="280,201,269,250" oya="2" hai0="20,18,58,84,124,11,111,33,112,95,134,73,5" hai1="35,129,54,126,102,87,115,10,24,30,116,40,32" hai2="51,86,15,89,69,62,81,121,19,34,23,13,27" hai3="103,72,99,77,96,56,21,75,110,53,105,28,101"/><V60/><F121/><W61/><G110/><T42/><D73/><U132/><E115/><V119/><F119/><W100/><G100/><T16/><D33/><U52/><E116/><V59/><F34/><W63/><G77/><T43/><D111/><U94/><E129/><V122/><F122/><W39/><G63/><T45/><D112/><U130/><E130/><V106/><F106/><W76/><G76/><T135/><D124/><U66/><E126/><V64/><REACH who="2" step="1"/><F51/><REACH who="2" ten="280,201,259,250" step="2"/><W83/><G39/><N who="0" m="21727" /><D135/><U67/><E35/><V4/><F4/><W98/><G105/><T49/><D5/><U22/><E32/><V12/><F12/><W108/><G108/><T114/><D134/><U50/><E132/><V57/><F57/><W2/><G2/><T31/><D58/><U25/><E25/><V17/><F17/><W46/><G56/><T93/><D16/><U26/><E26/><V14/><F14/><W47/><G28/><T78/><D31/><U70/><E70/><V74/><F74/><W48/><G72/><T82/><D114/><U127/><E127/><V128/><F128/><W7/><G7/><T9/><D18/><U118/><E118/><V0/><F0/><W44/><G75/><T113/><D113/><U131/><E131/><V38/><F38/><W125/><G125/><T79/><D49/><U55/><E50/><V109/><F109/><W133/><G133/><T88/><D20/><U80/><E30/><V123/><F123/><W36/><G21/><T91/><D11/><U92/><E22/><V37/><F37/><W117/><G36/><T41/><D9/><RYUUKYOKU ba="0,1" sc="280,-10,201,-10,259,30,250,-10" hai2="13,15,19,23,27,59,60,62,64,69,81,86,89" /><INIT seed="2,1,1,5,1,57" ten="270,191,289,240" oya="2" hai0="95,120,131,26,40,63,77,112,59,130,97,8,83" hai1="51,14,25,84,70,99,108,32,80,82,72,78,20" hai2="133,93,135,118,110,100,104,65,124,123,45,134,34" hai3="101,31,2,125,18,28,60,98,9,54,55,103,89"/><V44/><F118/><W49/><G125/><T76/><D112/><U21/><E108/><V17/><F123/><W42/><G42/><T10/><D40/><U37/><E37/><V85/><F124/><W96/><G2/><T33/><D26/><U126/><E126/><V35/><F110/><W41/><G41/><T113/><D33/><N who="2" m="12298" /><F17/><W114/><G114/><T4/><D113/><U71/><E32/><V15/><F15/><W5/><G5/><T23/><D23/><U19/><E99/><N who="3" m="37930" /><G89/><N who="0" m="55535" /><D120/><U29/><REACH who="1" step="1"/><E51/><REACH who="1" ten="270,181,289,240" step="2"/><V87/><F104/><W94/><G101/><T116/><D116/><U81/><E81/><V68/><F100/><W50/><G103/><T12/><D83/><U7/><E7/><V109/><F109/><W46/><G94/><T52/><D131/><U73/><E73/><V27/><F93/><W128/><G128/><T43/><D130/><U62/><E62/><N who="2" m="39991" /><F27/><W48/><G60/><T115/><D115/><U91/><AGARI ba="1,2" hai="14,19,20,21,25,29,70,71,72,78,80,82,84,91" machi="91" ten="20,8000,1" yaku="1,1,0,1,7,1,53,2" doraHai="57" doraHaiUra="66" who="1" fromWho="1" sc="270,-21,181,103,289,-41,240,-21" /><INIT seed="3,0,0,0,3,17" ten="249,284,248,219" oya="3" hai0="21,70,96,87,105,125,18,126,71,119,6,62,57" hai1="113,47,59,55,41,54,8,121,82,123,108,60,133" hai2="42,36,124,100,51,63,76,117,2,50,101,92,120" hai3="106,111,45,16,129,72,83,102,115,39,90,27,37"/><W73/><G115/><T22/><D119/><U35/><E35/><V24/><F117/><W33/><G129/><T81/><D6/><U94/><E94/><V52/><F2/><W114/><G114/><T25/><D96/><U74/><E113/><V122/><F36/><W118/><G118/><T3/><D105/><U56/><E8/><V10/><F10/><W89/><G111/><T29/><D3/><U84/><E74/><V75/><F124/><N who="0" m="47722" /><D57/><U104/><E104/><V67/><F42/><W110/><G110/><T86/><D62/><U93/><E133/><V97/><F101/><W11/><G33/><T64/><D64/><U80/><E108/><V58/><F50/><W1/><G73/><T109/><D109/><U46/><E60/><V69/><REACH who="2" step="1"/><F24/><REACH who="2" ten="249,284,238,219" step="2"/><W32/><G37/><T79/><D87/><U23/><E84/><V132/><F132/><W31/><G72/><T34/><D34/><U19/><E121/><V48/><F48/><W66/><G32/><T65/><D65/><U128/><E123/><V127/><F127/><W53/><G1/><T49/><D49/><U43/><E43/><V5/><F5/><W40/><G39/><T20/><D20/><U9/><E41/><V26/><F26/><AGARI ba="0,1" hai="18,21,22,25,26,29,70,71,79,81,86" m="47722" machi="26" ten="30,3900,0" yaku="18,1,52,2" doraHai="17" who="0" fromWho="2" sc="249,49,284,0,238,-39,219,0" /><INIT seed="4,0,0,3,4,78" ten="298,284,199,219" oya="0" hai0="31,111,124,80,88,91,87,58,30,36,3,38,22" hai1="135,27,77,130,72,11,76,115,59,85,123,90,12" hai2="116,43,6,74,92,102,121,8,120,98,132,134,110" hai3="2,49,17,75,60,13,23,33,15,57,94,35,5"/><T18/><D3/><U56/><E123/><V4/><F110/><W66/><G75/><T96/><D111/><U83/><E76/><V10/><F43/><W106/><G106/><T46/><D124/><U53/><E130/><V20/><F74/><W104/><G104/><T82/><D38/><U7/><E135/><N who="2" m="51755" /><F116/><W103/><G2/><T65/><D36/><U86/><E115/><V100/><F20/><W97/><G5/><N who="2" m="2153" /><F92/><W101/><G101/><N who="2" m="39017" /><F98/><W68/><G13/><N who="0" m="9551" /><D46/><U114/><E114/><V112/><F112/><W117/><G117/><T99/><D99/><U41/><E41/><V107/><F107/><W67/><G35/><T93/><D82/><N who="1" m="49463" /><E72/><V109/><F109/><W24/><G33/><T19/><D19/><U84/><E84/><V113/><F113/><W61/><G17/><T108/><D108/><U127/><E27/><V133/><N who="2" m="51763" /><V81/><DORA hai="37" /><F81/><W29/><G24/><T0/><D0/><U122/><E122/><AGARI ba="0,0" hai="8,10,120,121,122" m="39017,2153,51763" machi="122" ten="50,6400,0" yaku="28,2,20,1" doraHai="78,37" who="2" fromWho="1" sc="298,0,284,-64,199,64,219,0" /><INIT seed="5,0,0,2,3,99" ten="298,220,263,219" oya="1" hai0="92,55,15,11,66,4,106,20,37,91,35,82,31" hai1="58,133,97,125,39,19,7,93,32,98,56,9,130" hai2="126,83,73,67,132,110,21,104,16,47,127,52,72" hai3="42,105,8,69,86,103,75,68,120,45,89,90,36"/><U88/><E125/><N who="2" m="47627" /><F110/><W115/><G120/><T117/><D37/><U123/><E123/><V96/><F67/><W112/><G75/><T14/><D106/><U40/><E130/><V131/><F83/><W51/><G36/><T134/><D134/><U30/><E133/><V76/><F76/><W25/><G25/><N who="0" m="16807" /><D35/><U108/><E108/><V38/><F131/><W85/><G8/><N who="0" m="4359" /><D66/><U78/><E78/><V27/><F132/><W62/><G68/><T65/><D65/><U70/><E70/><V102/><F52/><W107/><G62/><T13/><D82/><U17/><E40/><AGARI ba="0,0" hai="16,21,27,38,40,47,72,73,96,102,104" m="47627" machi="40" ten="30,3900,0" yaku="18,1,52,1,54,1" doraHai="99" who="2" fromWho="1" sc="298,0,220,-39,263,39,219,0" owari="298,9.8,181,-31.9,302,40.2,219,-18.1" /></mjloggm>