<mjloggm ver="2.3"><GO type="225" lobby="0"/><UN n0="%E6%A1%9C%E8%8A%B1%E9%96%83%E3%80%85" n1="%72%69%6F%75%63%68%61%6E" n2="%E3%83%81%E3%83%AF%E3%83%AF%E9%9A%8A%E9%95%B7" n3="%E6%98%93%E5%88%A9%E8%96%A9%E4%BC%AF" dan="16,16,16,17" rate="2103.86,2187.19,2110.01,2158.01" sx="M,M,M,F"/><TAIKYOKU oya="0"/><INIT seed="0,0,0,0,0,83" ten="250,250,250,250" oya="0" hai0="93,98,116,64,126,8,6,40,79,78,29,75,44" hai1="32,111,23,125,54,81,74,26,51,90,103,106,28" hai2="96,20,35,15,60,25,55,77,97,87,21,30,94" hai3="14,1,88,18,24,68,38,127,135,10,122,108,50"/><T128/><D116/><U56/><E111/><V33/><F97/><W120/><G38/><T91/><D126/><U49/><E125/><V100/><F55/><W52/><G68/><T66/><D128/><U76/><E90/><V115/><F115/><W34/><G127/><T112/><D29/><U37/><E37/><V67/><F15/><W16/><G108/><T121/><D121/><N who="3" m="46697" /><G1/><T47/><D112/><U9/><E9/><V101/><F101/><W86/><G135/><T124/><D124/><U104/><E103/><V46/><F20/><W92/><G24/><T99/><D99/><U42/><REACH who="1" step="1"/><E32/><REACH who="1" ten="250,240,250,250" step="2"/><V130/><F33/><W110/><G34/><T7/><D8/><U114/><E114/><V13/><F35/><W11/><G110/><T109/><D109/><U58/><E58/><V57/><F57/><N who="3" m="32919" /><G11/><T72/><D91/><U27/><E27/><V134/><F25/><W48/><G48/><T53/><D78/><U85/><E85/><V17/><F77/><W89/><G89/><T95/><D79/><U41/><E41/><V133/><F133/><W5/><AGARI ba="0,1" hai="5,10,14,16,18,86,88,92" m="32919,46697" machi="5" ten="30,8000,1" yaku="13,1,52,1,54,3" doraHai="83" who="3" fromWho="3" sc="250,-40,240,-20,250,-20,250,90" /><INIT seed="1,0,0,1,1,32" ten="210,220,230,340" oya="1" hai0="27,88,53,48,64,104,70,110,31,102,108,132,91" hai1="78,105,35,115,20,63,13,96,1,82,34,133,77" hai2="93,73,103,7,99,123,5,23,6,0,120,15,62" hai3="9,40,75,60,8,79,3,87,117,98,84,24,61"/><U101/><E115/><V130/><F73/><W111/><G111/><N who="0" m="42539" /><D132/><U94/><E133/><V59/><F130/><W25/><G98/><N who="0" m="61527" /><D64/><U28/><E1/><V11/><F23/><W80/><G40/><T36/><D70/><U2/><E2/><V135/><F135/><W89/><G87/><T14/><D14/><U67/><E105/><V45/><F45/><W124/><G124/><T17/><D17/><U69/><E77/><V33/><F33/><W119/><G61/><T129/><D36/><U26/><REACH who="1" step="1"/><E13/><REACH who="1" ten="210,210,230,340" step="2"/><V49/><F0/><W106/><G3/><T21/><D129/><U97/><E97/><V39/><F99/><W116/><G106/><T85/><D85/><AGARI ba="0,1" hai="20,26,28,34,35,63,67,69,78,82,85,94,96,101" machi="85" ten="30,2900,0" yaku="1,1,7,1,53,0" doraHai="32" doraHaiUra="126" who="1" fromWho="0" sc="210,-29,210,39,230,0,340,0" /><INIT seed="1,1,0,0,1,71" ten="181,249,230,340" oya="1" hai0="116,43,76,42,35,113,131,57,65,64,92,78,89" hai1="15,33,37,111,73,38,66,124,11,7,34,68,47" hai2="104,115,74,103,63,77,6,53,82,67,88,108,90" hai3="127,123,134,52,49,8,93,3,45,32,96,13,19"/><U114/><E114/><V122/><F122/><W0/><G123/><T40/><D113/><U16/><E73/><V41/><F115/><W44/><G32/><T102/><D116/><U14/><E124/><V54/><F108/><W107/><G107/><T1/><D1/><U17/><E111/><V129/><F129/><W31/><G31/><T98/><D35/><U2/><E33/><V51/><F41/><W119/><G134/><T70/><D70/><U61/><E34/><V110/><F110/><W30/><G30/><T101/><D131/><U48/><E14/><V28/><F28/><W25/><G25/><T94/><D57/><U29/><E29/><V72/><F72/><W86/><G86/><T85/><REACH who="0" step="1"/><D101/><REACH who="0" ten="171,249,230,340" step="2"/><U83/><E83/><V24/><F82/><W58/><G119/><T132/><D132/><U36/><REACH who="1" step="1"/><E2/><REACH who="1" ten="171,239,230,340" step="2"/><V130/><F130/><W27/><G3/><T46/><D46/><U26/><E26/><V23/><F24/><W112/><G0/><T60/><D60/><U109/><E109/><V9/><F63/><W126/><G112/><T59/><D59/><U99/><E99/><V10/><F74/><W21/><G127/><T91/><D91/><U133/><E133/><V117/><F90/><N who="3" m="55351" /><G126/><T20/><D20/><U12/><E12/><V135/><F23/><W84/><G84/><T95/><D95/><U87/><E87/><V81/><F135/><W18/><AGARI ba="1,2" hai="8,13,18,19,21,27,44,45,49,52,58" m="55351" machi="18" ten="30,2000,0" yaku="8,1,54,1" doraHai="71" who="3" fromWho="3" sc="171,-6,239,-11,230,-6,340,43" /><INIT seed="2,0,0,1,0,90" ten="165,228,224,383" oya="2" hai0="110,115,53,5,37,100,80,56,10,127,103,12,41" hai1="49,20,54,75,22,83,6,1,119,28,11,78,36" hai2="86,114,55,89,116,24,58,107,130,45,65,0,113" hai3="132,91,57,42,99,118,8,135,32,81,13,79,30"/><V102/><F116/><W88/><G118/><T104/><D115/><U120/><E119/><V51/><F0/><W129/><G42/><T94/><D110/><U29/><E120/><V76/><F130/><W2/><G2/><T48/><D127/><U52/><E36/><V16/><F76/><W111/><G111/><T70/><D104/><U21/><REACH who="1" step="1"/><E54/><REACH who="1" ten="165,218,224,383" step="2"/><V25/><F55/><W105/><G129/><T7/><D37/><U62/><E62/><V34/><F114/><W98/><G132/><T38/><D38/><U133/><E133/><V33/><F113/><W122/><G135/><T95/><D41/><U39/><E39/><V82/><F51/><W26/><G122/><T112/><D112/><U101/><E101/><N who="0" m="38985" /><D70/><U35/><E35/><V125/><F33/><W106/><G32/><T117/><D117/><U59/><AGARI ba="0,1" hai="1,6,11,20,21,22,28,29,49,52,59,75,78,83" machi="59" ten="30,4000,0" yaku="1,1,0,1,54,1,53,0" doraHai="90" doraHaiUra="97" who="1" fromWho="1" sc="165,-10,218,50,224,-20,383,-10" /><INIT seed="3,0,0,1,5,31" ten="155,268,204,373" oya="3" hai0="17,55,43,34,104,77,30,41,14,74,102,63,20" hai1="122,69,67,93,9,56,2,118,105,90,88,98,85" hai2="114,15,29,47,27,86,40,37,70,132,103,39,89" hai3="11,106,13,35,1,121,87,73,54,66,108,48,125"/><W128/><G73/><T135/><D135/><U75/><E122/><V44/><F114/><W59/><G35/><T117/><D117/><U82/><E118/><V61/><F132/><W60/><G106/><T131/><D131/><U78/><E69/><V68/><F103/><W0/><G108/><T94/><D104/><U28/><E67/><V130/><F130/><W83/><G125/><T38/><D74/><U5/><E56/><V3/><F3/><W10/><G10/><T6/><D77/><U23/><E90/><V22/><F61/><W97/><G97/><T96/><D38/><U25/><REACH who="1" step="1"/><E105/><REACH who="1" ten="155,258,204,373" step="2"/><V36/><F68/><W62/><G121/><T113/><D113/><U79/><E79/><V65/><F70/><W107/><G59/><T109/><D109/><U42/><E42/><V115/><F40/><W119/><G66/><T120/><D120/><U4/><E4/><V76/><F65/><W32/><G107/><T116/><D116/><U99/><AGARI ba="0,1" hai="2,5,9,23,25,28,75,78,82,85,88,93,98,99" machi="99" ten="30,4000,0" yaku="1,1,0,1,54,1,53,0" doraHai="31" doraHaiUra="46" who="1" fromWho="1" sc="155,-10,258,50,204,-10,373,-20" owari="145,-35.5,308,10.8,194,-20.6,353,45.3" /></mjloggm>