<mjloggm ver="2.3"><GO type="225" lobby="0"/><UN n0="%E3%83%81%E3%83%AF%E3%83%AF%E9%9A%8A%E9%95%B7" n1="%72%69%6F%75%63%68%61%6E" n2="%E5%AF%82%E5%AF%9E%E3%82%AE%E3%83%8D%E3%82%B9%E3%83%93%E3%83%BC%E3%83%AB" n3="%E9%B4%A8%4E%45%47%49" dan="16,16,16,16" rate="2093.26,2200.95,2164.30,2080.31" sx="M,M,M,M"/><TAIKYOKU oya="0"/><INIT seed="0,0,0,0,1,9" ten="250,250,250,250" oya="0" hai0="62,55,71,22,133,24,4,73,58,47,93,14,107" hai1="128,122,44,31,51,81,75,29,46,83,69,67,1" hai2="114,32,127,49,6,25,19,12,5,53,63,126,72" hai3="0,100,43,132,121,111,41,33,26,116,87,74,30"/><T96/><D73/><U52/><E122/><V105/><F72/><W90/><G74/><T97/><D133/><U124/><E124/><N who="2" m="47659" /><F105/><W95/><G121/><T119/><D119/><U120/><E120/><V113/><F63/><W134/><G116/><T42/><D71/><U59/><E128/><V11/><F53/><W64/><G0/><T109/><D109/><U106/><E106/><V10/><F49/><W118/><G111/><T131/><D131/><U37/><E1/><N who="2" m="303" /><F19/><W84/><G64/><T39/><D107/><U78/><E83/><V76/><F76/><W66/><G66/><T57/><D57/><U117/><E117/><V123/><F123/><W80/><G118/><T45/><D45/><U38/><E46/><V99/><F99/><W110/><G110/><T77/><D77/><U60/><E37/><V103/><F103/><W17/><G100/><T34/><D97/><U21/><E21/><V89/><F89/><W79/><REACH who="3" step="1"/><G17/><REACH who="3" ten="250,250,250,240" step="2"/><T7/><D7/><U70/><REACH who="1" step="1"/><E69/><REACH who="1" ten="250,240,250,240" step="2"/><V50/><F114/><W2/><G2/><T125/><D125/><U108/><E108/><V98/><F113/><W104/><G104/><T35/><D39/><U48/><E48/><V101/><F50/><W27/><G27/><T16/><D24/><U13/><E13/><V65/><F25/><W23/><G23/><T135/><D22/><U85/><E85/><V86/><F86/><W115/><G115/><T18/><D34/><U8/><E8/><V40/><F32/><W130/><G130/><T102/><D35/><U20/><E20/><V36/><F11/><W91/><G91/><RYUUKYOKU ba="0,2" sc="250,-15,240,15,250,-15,240,15" hai1="29,31,38,44,51,52,59,60,67,70,75,78,81" hai3="26,30,33,41,43,79,80,84,87,90,95,132,134" /><INIT seed="1,1,2,1,5,94" ten="235,255,235,255" oya="1" hai0="25,51,9,41,125,134,68,77,126,54,111,14,78" hai1="3,121,129,83,42,6,88,39,62,127,120,5,37" hai2="64,55,24,101,119,82,74,113,97,59,50,99,93" hai3="114,12,112,96,46,58,122,23,53,38,117,95,63"/><U31/><E127/><N who="0" m="48649" /><D68/><U33/><E129/><V20/><F119/><W133/><G133/><T116/><D116/><U90/><E62/><V91/><F113/><W27/><G122/><T10/><D134/><U29/><E83/><V98/><F64/><W81/><G81/><T30/><D41/><U71/><E71/><V0/><F0/><W32/><G117/><T18/><D9/><U135/><E135/><V131/><F131/><W47/><G32/><N who="0" m="20559" /><D111/><U132/><E132/><V66/><F66/><W128/><G128/><T69/><D69/><U61/><E61/><V86/><REACH who="2" step="1"/><F74/><REACH who="2" ten="235,255,225,255" step="2"/><W26/><G114/><T17/><D17/><AGARI ba="1,3" hai="17,20,24,50,55,59,82,86,91,93,97,98,99,101" machi="17" ten="30,12000,2" yaku="1,1,2,1,7,1,8,1,52,3,53,0" doraHai="94" doraHaiUra="8" who="2" fromWho="0" sc="235,-123,255,0,225,153,255,0" /><INIT seed="2,0,0,1,5,59" ten="112,255,378,255" oya="2" hai0="33,7,106,111,12,130,13,105,40,69,22,86,74" hai1="58,82,19,73,124,127,119,133,66,96,84,110,93" hai2="132,61,102,57,47,23,116,38,50,100,72,35,55" hai3="1,26,60,53,52,67,92,20,107,79,16,131,108"/><V120/><F35/><W36/><G107/><T30/><D33/><U112/><E110/><V128/><F120/><W11/><G108/><T42/><D74/><U122/><E133/><V97/><F116/><W8/><G131/><T48/><D111/><U43/><E112/><V71/><F72/><W117/><G117/><T99/><D130/><U4/><E119/><V31/><F128/><W54/><G36/><T21/><D69/><U3/><E73/><V51/><F38/><W118/><G118/><T65/><D65/><U37/><E122/><V98/><F71/><W115/><G115/><T125/><D125/><U94/><E19/><V87/><F87/><W103/><G1/><T123/><D123/><U89/><E4/><V9/><F9/><W104/><G104/><T134/><D134/><U27/><E27/><N who="2" m="16895" /><F51/><W0/><G0/><T101/><D106/><U90/><E3/><V46/><F46/><W91/><G79/><T56/><D86/><U39/><E82/><V62/><F132/><W25/><G103/><N who="2" m="39465" /><F62/><W77/><G77/><T32/><D32/><U75/><E75/><V85/><F85/><N who="3" m="52335" /><G60/><T83/><D105/><U10/><E10/><N who="3" m="3626" /><G67/><AGARI ba="0,0" hai="47,50,55,57,61,67,97,98" m="39465,16895" machi="67" ten="30,2900,0" yaku="8,1,52,1" doraHai="59" who="2" fromWho="3" sc="112,0,255,0,378,29,255,-29" /><INIT seed="2,1,0,1,4,39" ten="112,255,407,226" oya="2" hai0="22,112,131,53,31,117,70,108,10,77,125,21,25" hai1="106,52,87,28,91,95,93,8,26,122,134,16,79" hai2="0,121,113,50,46,30,92,35,111,133,100,1,64" hai3="132,2,89,123,82,40,27,107,75,120,86,114,85"/><V115/><F121/><W18/><G2/><T47/><D112/><U124/><E106/><V62/><F133/><W127/><G114/><T15/><D70/><U102/><E134/><V48/><F48/><W94/><G132/><T32/><D108/><U59/><E122/><V38/><F38/><W29/><G75/><T80/><D131/><U74/><E124/><V19/><F19/><W11/><G107/><T58/><D125/><U33/><E74/><V110/><F0/><W67/><G67/><T55/><D117/><U63/><E79/><V116/><F1/><W57/><G127/><T5/><D53/><U96/><E8/><V98/><F116/><W13/><G57/><T105/><D105/><U34/><REACH who="1" step="1"/><E16/><REACH who="1" ten="112,245,407,226" step="2"/><V128/><F115/><W104/><G104/><T135/><D135/><U9/><E9/><V6/><F113/><W7/><G18/><T4/><D4/><U44/><E44/><V83/><F46/><W41/><G123/><T81/><D47/><U118/><E118/><V76/><F6/><W78/><REACH who="3" step="1"/><G120/><REACH who="3" ten="112,245,407,216" step="2"/><T68/><D5/><U17/><E17/><V42/><F110/><W60/><G60/><T43/><D31/><U56/><E56/><V90/><F30/><W73/><G73/><T37/><D58/><U49/><E49/><V3/><F50/><W12/><G12/><T36/><D15/><U88/><E88/><V20/><F90/><W51/><G51/><T14/><D37/><U109/><E109/><V72/><F62/><W101/><G101/><T65/><D36/><U97/><E97/><N who="2" m="59431" /><F111/><W61/><G61/><T99/><D99/><RYUUKYOKU ba="1,2" sc="112,-15,245,15,407,-15,216,15" hai1="26,28,33,34,52,59,63,87,91,93,95,96,102" hai3="7,11,13,27,29,40,41,78,82,85,86,89,94" /><INIT seed="3,2,2,0,0,119" ten="97,260,392,231" oya="3" hai0="20,26,46,42,55,120,107,104,21,116,130,18,28" hai1="118,92,51,3,54,37,87,39,117,76,101,125,90" hai2="2,33,102,1,86,52,129,62,49,23,133,36,73" hai3="27,13,64,131,115,11,44,67,45,77,88,108,72"/><W0/><G0/><T30/><D116/><N who="1" m="44651" /><E125/><V43/><F73/><W132/><G115/><T57/><D130/><U95/><E3/><V134/><F33/><W71/><G131/><T81/><D81/><N who="1" m="47527" /><E101/><V69/><F129/><W80/><G132/><T109/><D109/><U122/><E122/><V79/><F43/><W97/><G108/><T98/><D120/><U53/><E95/><V83/><F36/><N who="1" m="13897" /><E51/><V127/><F62/><W84/><G27/><T29/><D107/><U34/><E34/><V61/><F23/><W5/><G97/><AGARI ba="2,2" hai="53,54,90,92,97" m="13897,47527,44651" machi="97" ten="30,1000,0" yaku="12,1" doraHai="119" who="1" fromWho="3" sc="97,0,260,36,392,0,231,-16" owari="97,-40.3,296,9.6,392,49.2,215,-18.5" /></mjloggm>