<mjloggm ver="2.3"><GO type="225" lobby="0"/><UN n0="%E3%81%A4%E3%81%A3%E3%81%B1%E3%82%8A%E3%83%9D%E3%83%BC%E3%83%AB" n1="%E3%82%A4%E3%83%BC%E3%82%B1%E3%83%97%E3%83%A9" n2="%E3%81%9B%E3%81%A9%E3%81%AA%E3%82%8A%E3%81%82%E3%82%93" n3="%E3%82%BC%E3%83%AB%E3%83%80%E3%81%AE%E4%BC%9D%E8%AA%AC" dan="17,16,16,17" rate="2159.00,2093.64,2115.16,2155.27" sx="M,M,F,M"/><TAIKYOKU oya="0"/><INIT seed="0,0,0,2,3,135" ten="250,250,250,250" oya="0" hai0="80,41,110,83,108,114,54,95,93,43,127,37,55" hai1="94,50,90,11,75,18,113,116,15,104,20,70,69" hai2="124,97,111,106,59,1,22,49,125,96,56,101,14" hai3="66,115,133,58,45,53,62,16,129,17,60,9,64"/><T122/><D114/><U26/><E116/><V109/><F1/><W103/><G115/><T82/><D37/><U42/><E113/><V7/><F97/><W107/><G133/><T128/><D128/><U46/><E104/><V68/><F68/><W25/><G129/><T86/><D86/><U76/><E76/><V51/><F51/><W130/><G130/><T112/><D112/><U88/><E75/><V32/><F32/><W12/><G107/><T131/><D131/><U78/><E78/><V2/><F2/><W34/><G103/><T120/><D82/><U118/><E118/><V21/><F21/><N who="3" m="13479" /><G34/><T57/><D57/><N who="2" m="22090" /><F49/><N who="3" m="31023" /><G45/><T24/><D24/><U102/><E102/><V99/><F99/><W105/><G105/><T121/><D121/><U65/><E65/><AGARI ba="0,0" hai="9,12,17,60,62,64,65,66" m="31023,13479" machi="65" ten="30,2000,0" yaku="8,1,54,1" doraHai="135" who="3" fromWho="1" sc="250,0,250,-20,250,0,250,20" /><INIT seed="1,0,0,5,2,98" ten="250,230,250,270" oya="1" hai0="112,24,19,17,67,55,51,115,22,53,122,87,127" hai1="32,86,12,23,69,68,58,99,129,15,71,80,10" hai2="111,93,73,128,57,135,103,85,91,14,2,42,75" hai3="50,38,100,28,83,46,132,101,74,89,62,133,96"/><U44/><E32/><V36/><F2/><W61/><G38/><T119/><D119/><U72/><E72/><N who="2" m="27723" /><F57/><W64/><G28/><T7/><D127/><U5/><E129/><V48/><F14/><W16/><G74/><T110/><D110/><U104/><E44/><V21/><F48/><W126/><G126/><T13/><D122/><U131/><E131/><V4/><F21/><W9/><G132/><T37/><D37/><U49/><E49/><V90/><F4/><W95/><G83/><T47/><D7/><U113/><E113/><V56/><F56/><N who="3" m="36903" /><G133/><T120/><D67/><U114/><E114/><V6/><F6/><W52/><G62/><T18/><D120/><U70/><E70/><V116/><F42/><W81/><G81/><T41/><D115/><U108/><E108/><V76/><F36/><W11/><G11/><N who="0" m="6335" /><D112/><U30/><E58/><V117/><F111/><W77/><G77/><T102/><D19/><U106/><E99/><N who="2" m="59887" /><F128/><W130/><G130/><T105/><D18/><U43/><E43/><V63/><F63/><W29/><G29/><T33/><D33/><U94/><E15/><AGARI ba="0,0" hai="9,15,16,46,50,52,89,95,96,100,101" m="36903" machi="15" ten="30,8000,1" yaku="8,1,52,2,54,2" doraHai="98" who="3" fromWho="1" sc="250,0,230,-80,250,0,270,80" /><INIT seed="2,0,0,1,3,118" ten="250,150,250,350" oya="2" hai0="9,130,85,7,61,131,33,25,92,112,104,2,129" hai1="20,15,58,4,127,108,64,17,83,79,99,27,45" hai2="46,6,57,24,133,62,18,106,1,68,10,100,50" hai3="82,71,109,36,76,93,81,88,73,44,74,43,122"/><V34/><F68/><W101/><G122/><T66/><D104/><U115/><E115/><V49/><F133/><W110/><G71/><T70/><D112/><U3/><E108/><N who="3" m="41578" /><G101/><T125/><D125/><U90/><E127/><V95/><F106/><W69/><G69/><T52/><D52/><U107/><E3/><V51/><F95/><W8/><G8/><T124/><D124/><U47/><E107/><V84/><F84/><N who="3" m="48167" /><G82/><T11/><D11/><U117/><E117/><V78/><F78/><W105/><G105/><T31/><D85/><AGARI ba="0,0" hai="36,43,44,73,74,85,88,93" m="48167,41578" machi="85" ten="30,2000,0" yaku="14,1,54,1" doraHai="118" who="3" fromWho="0" sc="250,-20,150,0,250,0,350,20" /><INIT seed="3,0,0,2,2,77" ten="230,150,250,370" oya="3" hai0="126,124,40,3,21,130,38,104,34,117,16,41,134" hai1="6,35,69,37,133,33,76,49,61,119,67,50,128" hai2="91,71,73,11,12,89,111,5,31,59,54,78,125" hai3="62,45,14,93,53,95,121,75,112,60,105,23,68"/><W72/><G23/><T48/><D117/><U84/><E37/><V132/><F71/><W64/><G14/><T22/><D134/><U25/><E119/><V114/><F114/><W44/><G53/><T108/><D108/><U2/><E133/><V106/><F132/><W97/><G97/><T123/><D123/><U27/><E128/><V1/><F106/><W86/><G86/><T52/><D3/><U0/><E6/><V102/><F102/><W88/><G88/><T79/><D130/><U107/><E107/><V118/><F118/><W82/><G64/><T19/><D34/><U4/><E33/><V18/><F125/><N who="0" m="48234" /><D79/><U101/><E101/><V51/><F31/><W26/><G95/><T55/><D104/><U56/><E4/><V9/><F111/><W15/><G15/><N who="0" m="9375" /><D55/><U8/><E8/><V109/><REACH who="2" step="1"/><F109/><REACH who="2" ten="230,150,240,370" step="2"/><W39/><G105/><T120/><D120/><U81/><E69/><V87/><F87/><W65/><G68/><T43/><D38/><U127/><E127/><V94/><F94/><W7/><G93/><T17/><D22/><U115/><E115/><V46/><F46/><AGARI ba="0,1" hai="17,19,40,41,43,46,48,52" m="9375,48234" machi="46" ten="30,3900,0" yaku="18,1,54,2" doraHai="77" who="0" fromWho="2" sc="230,49,150,0,240,-39,370,0" owari="279,7.9,150,-35.0,201,-19.9,370,47.0" /></mjloggm>