<mjloggm ver="2.3"><GO type="225" lobby="0"/><UN n0="%E3%83%8F%E3%83%B3%E3%83%89%E3%83%A9%E3%83%BC%E3%83%BB%E3%83%AF%E3%83%B3" n1="%E7%89%B9%E6%9D%B1%E3%81%AF%E4%B8%96%E7%95%8C%E3%82%92%E6%95%91%E3%81%86" n2="%E3%81%BF%E3%81%BF%E3%81%9A" n3="%E9%A6%AC%E5%BC%95%E7%81%AB%33" dan="16,16,17,16" rate="2214.47,2177.79,2181.22,2127.77" sx="M,M,M,M"/><TAIKYOKU oya="0"/><INIT seed="0,0,0,0,3,82" ten="250,250,250,250" oya="0" hai0="126,128,63,65,87,110,47,67,50,34,86,76,44" hai1="54,109,73,123,27,119,17,16,102,88,80,51,2" hai2="36,53,4,37,78,24,122,92,14,129,60,121,130" hai3="100,41,72,114,29,75,68,64,84,95,30,48,98"/><T99/><D34/><U9/><E119/><V57/><F78/><W55/><G114/><T20/><D128/><N who="2" m="49258" /><F24/><W70/><G41/><T46/><D126/><U21/><E123/><N who="2" m="47115" /><F92/><W39/><G39/><N who="2" m="14921" /><F14/><W61/><G70/><T49/><D76/><U38/><E38/><V96/><F4/><W91/><G75/><T45/><D110/><U15/><E109/><V89/><F89/><W83/><REACH who="3" step="1"/><G72/><REACH who="3" ten="250,250,250,240" step="2"/><T104/><D104/><U6/><E73/><V33/><F33/><W13/><G13/><T131/><D131/><U115/><E115/><V79/><F79/><W25/><G25/><T127/><D127/><U124/><E124/><V125/><F125/><W90/><G90/><T5/><D5/><U52/><E102/><V62/><F96/><W10/><G10/><T107/><D99/><U134/><E134/><V42/><F42/><W120/><G120/><T11/><D107/><U19/><E2/><V59/><F59/><AGARI ba="0,1" hai="29,30,48,55,59,61,64,68,83,84,91,95,98,100" machi="59" ten="30,3900,0" yaku="1,1,7,1,52,1,53,0" doraHai="82" doraHaiUra="74" who="3" fromWho="2" sc="250,0,250,0,250,-39,240,49" /><INIT seed="1,0,0,0,0,74" ten="250,250,211,289" oya="1" hai0="114,133,11,49,88,26,19,132,52,87,120,81,83" hai1="62,7,69,79,106,97,72,57,15,112,78,31,3" hai2="73,128,46,127,90,70,102,9,124,117,67,110,60" hai3="135,131,58,54,6,27,119,92,38,103,8,75,125"/><U100/><E112/><V13/><F117/><W29/><G75/><T43/><D114/><U16/><E69/><V59/><F102/><W71/><G71/><T17/><D43/><U30/><E7/><V39/><F110/><W10/><G38/><T42/><D42/><U12/><E3/><V5/><F128/><W23/><G131/><T84/><D120/><U55/><E12/><V28/><F28/><W109/><G109/><T18/><D26/><U20/><REACH who="1" step="1"/><E72/><REACH who="1" ten="250,240,211,289" step="2"/><V61/><F73/><W4/><G4/><T35/><D133/><U105/><E105/><V94/><F124/><W36/><G135/><T129/><D132/><U44/><E44/><V123/><F127/><W32/><G125/><T14/><D129/><U24/><E24/><V68/><F123/><W113/><G113/><T89/><D35/><U116/><E116/><V130/><F130/><W25/><G119/><T80/><D80/><U121/><E121/><V63/><F70/><W96/><G6/><T33/><D33/><U82/><E82/><V122/><F122/><W45/><G45/><AGARI ba="0,1" hai="11,14,17,18,19,45,49,52,81,83,84,87,88,89" machi="45" ten="30,12000,2" yaku="7,1,9,1,25,2,8,1,54,2" doraHai="74" who="0" fromWho="3" sc="250,130,240,0,211,0,289,-120" /><INIT seed="2,0,0,4,0,107" ten="380,240,211,169" oya="2" hai0="42,33,122,96,116,97,39,55,66,123,10,95,64" hai1="99,32,24,50,109,127,71,40,51,4,38,13,75" hai2="49,101,69,91,14,76,78,27,124,105,103,81,67" hai3="128,115,17,86,25,46,5,29,135,88,30,114,133"/><V132/><F69/><W111/><G5/><T130/><D33/><U121/><E71/><V8/><F67/><W98/><G111/><T28/><D28/><U61/><E75/><V131/><F132/><N who="3" m="50763" /><G98/><T80/><D97/><U113/><E113/><N who="3" m="43018" /><G46/><T70/><D96/><U15/><E4/><V12/><F131/><W41/><G41/><T19/><D42/><U9/><E99/><V110/><F124/><W102/><G102/><T22/><D130/><U94/><E40/><V134/><F110/><W68/><G68/><T36/><D70/><U125/><E109/><V16/><F105/><W120/><G120/><T11/><D123/><U57/><E121/><V112/><F112/><W79/><G79/><N who="2" m="30249" /><F134/><W89/><G89/><T59/><D122/><U43/><E43/><V23/><F49/><W2/><G2/><T100/><D100/><N who="2" m="38474" /><F8/><W26/><G128/><T34/><D34/><U104/><E125/><V62/><F62/><W93/><G17/><T65/><D19/><U63/><E104/><V117/><F117/><W6/><G6/><T21/><D116/><U84/><E127/><V48/><F48/><W45/><G45/><T72/><D36/><U20/><E38/><V85/><AGARI ba="0,0" hai="12,14,16,23,27,81,85,91" m="38474,30249" machi="85" ten="30,3000,0" yaku="8,1,54,1" doraHai="107" who="2" fromWho="2" sc="380,-10,240,-10,211,30,169,-10" /><INIT seed="2,1,0,4,0,21" ten="370,230,241,159" oya="2" hai0="5,105,38,33,63,102,3,36,85,80,55,19,31" hai1="110,125,50,72,13,0,26,90,60,127,131,135,95" hai2="14,40,69,107,12,9,49,122,74,6,42,88,103" hai3="97,24,20,27,93,34,76,52,134,18,130,75,111"/><V28/><F122/><W96/><G111/><T119/><D19/><U54/><E0/><V23/><F74/><W123/><G123/><T47/><D119/><U129/><E72/><V98/><F69/><W120/><G120/><T58/><D5/><U30/><E13/><V79/><F79/><W70/><G70/><T48/><D3/><U41/><E60/><V8/><F49/><W82/><G130/><N who="1" m="49674" /><E41/><V132/><F132/><W17/><G134/><T91/><D102/><U84/><E110/><V67/><F67/><W1/><G1/><T16/><D105/><U64/><E64/><V126/><F126/><W86/><G75/><T100/><D100/><U22/><E135/><V68/><F68/><W61/><G93/><T45/><D45/><AGARI ba="1,0" hai="22,26,30,45,50,54,84,90,95,125,127" m="49674" machi="45" ten="30,2000,0" yaku="19,1,52,1" doraHai="21" who="1" fromWho="0" sc="370,-23,230,23,241,0,159,0" /><INIT seed="3,0,0,0,2,63" ten="347,253,241,159" oya="3" hai0="5,134,104,73,24,28,114,66,41,59,127,22,20" hai1="124,72,83,62,1,75,7,131,70,96,115,118,87" hai2="53,27,130,94,58,100,8,89,52,86,101,10,109" hai3="120,47,90,16,55,26,0,39,48,77,82,78,61"/><W116/><G120/><T129/><D73/><U98/><E115/><V79/><F109/><W97/><G116/><T132/><D104/><U128/><E118/><V30/><F130/><N who="1" m="49705" /><E124/><V57/><F79/><W46/><G0/><T135/><D41/><U117/><E117/><V13/><F58/><W38/><G61/><N who="0" m="38207" /><D129/><U107/><E7/><V9/><F13/><W69/><G69/><T88/><D5/><U133/><E1/><V12/><F12/><W44/><G38/><T91/><D127/><U42/><E42/><V112/><F112/><W34/><G34/><N who="0" m="20743" /><D114/><U81/><E133/><V4/><F4/><W121/><G121/><T43/><D43/><U31/><E31/><V76/><F76/><N who="3" m="29291" /><G39/><T80/><D80/><N who="1" m="30795" /><E87/><V45/><F45/><N who="3" m="28047" /><G97/><N who="1" m="37482" /><E107/><V103/><REACH who="2" step="1"/><F57/><REACH who="2" ten="347,253,231,159" step="2"/><W122/><G122/><T18/><D134/><U21/><E21/><AGARI ba="0,1" hai="8,9,10,21,27,30,52,53,86,89,94,100,101,103" machi="21" ten="40,8000,1" yaku="1,1,2,1,8,1,54,1,53,0" doraHai="63" doraHaiUra="93" who="2" fromWho="1" sc="347,0,253,-80,231,90,159,0" owari="347,44.7,173,-22.7,321,12.1,159,-34.1" /></mjloggm>