<mjloggm ver="2.3"><GO type="225" lobby="0"/><UN n0="%E5%A4%8F%E9%88%B4%E9%88%B4%E5%A4%8F" n1="%E4%BF%BA%E3%81%A8%E5%A6%96%E5%A4%A2" n2="%E3%83%94%E3%83%B3%E3%82%B5%E3%83%AD%E5%BA%97%E5%93%A1" n3="%E3%80%93%E3%81%97%E3%83%BC%E3%82%89%E3%80%93" dan="16,16,17,16" rate="2155.93,2211.82,2260.29,2192.92" sx="F,F,M,M"/><TAIKYOKU oya="0"/><INIT seed="0,0,0,1,5,65" ten="250,250,250,250" oya="0" hai0="44,77,1,55,29,57,72,114,60,58,38,102,56" hai1="101,12,68,89,109,5,132,23,84,20,52,64,35" hai2="85,124,66,87,92,62,3,59,110,63,49,131,83" hai3="51,108,96,106,48,16,80,15,130,37,45,122,129"/><T30/><D1/><U91/><E35/><V79/><F110/><W94/><G106/><T134/><D114/><U76/><E109/><V4/><F131/><N who="3" m="50187" /><G108/><T120/><D120/><U116/><E116/><V70/><F124/><W11/><G122/><T25/><D29/><U21/><E132/><V50/><F4/><W19/><G80/><T22/><D134/><U127/><E127/><V14/><F14/><N who="3" m="7263" /><G45/><T32/><D102/><U112/><E101/><V27/><F3/><W97/><G37/><T107/><D107/><U119/><E119/><V54/><REACH who="2" step="1"/><F27/><REACH who="2" ten="250,250,240,250" step="2"/><W103/><G97/><T95/><D25/><U8/><E112/><V73/><F73/><W43/><G43/><T74/><D72/><U6/><E5/><V67/><F67/><W41/><G41/><T126/><D74/><U121/><E121/><V113/><F113/><W0/><G0/><T135/><D126/><U82/><REACH who="1" step="1"/><E52/><REACH who="1" ten="250,240,240,250" step="2"/><V71/><F71/><W13/><G13/><T39/><D55/><U111/><E111/><V133/><F133/><W81/><G81/><T26/><D135/><U33/><E33/><V9/><F9/><AGARI ba="0,2" hai="9,15,19,48,51,94,96,103" m="7263,50187" machi="9" ten="30,2000,0" yaku="19,1,54,1" doraHai="65" who="3" fromWho="2" sc="250,0,240,0,240,-20,250,40" /><INIT seed="1,0,0,4,4,65" ten="250,240,220,290" oya="1" hai0="92,107,95,74,39,106,56,91,46,90,29,67,10" hai1="52,125,123,23,88,111,108,93,55,130,20,109,82" hai2="66,59,72,50,14,31,131,121,35,0,118,114,1" hai3="3,99,87,11,134,38,7,54,78,86,2,4,41"/><U71/><E130/><V45/><F118/><W6/><G134/><T77/><D29/><U97/><E123/><V81/><F121/><W132/><G132/><T102/><D10/><U94/><E125/><V79/><F131/><W16/><G99/><T53/><D67/><U51/><E82/><V19/><F114/><W120/><G120/><T85/><D102/><N who="1" m="60719" /><E71/><V105/><F105/><W101/><G101/><T12/><D77/><U24/><E51/><V116/><F116/><W84/><G78/><T58/><D74/><U63/><E63/><V135/><F135/><W21/><G11/><T83/><D12/><U57/><E57/><V69/><F59/><W80/><G80/><T8/><D8/><U68/><E68/><V103/><F103/><W26/><REACH who="3" step="1"/><G54/><REACH who="3" ten="250,240,220,280" step="2"/><N who="1" m="20522" /><E24/><V33/><F81/><W30/><G30/><T89/><D83/><U13/><E13/><V117/><F31/><W27/><G27/><T17/><D107/><U32/><E32/><V64/><F117/><W28/><G28/><T104/><D106/><U124/><E124/><V119/><F119/><W47/><AGARI ba="0,1" hai="2,3,4,6,7,16,21,26,38,41,47,84,86,87" machi="47" ten="40,8000,1" yaku="1,1,0,1,54,1,53,2" doraHai="65" doraHaiUra="34" who="3" fromWho="3" sc="250,-20,240,-40,220,-20,280,90" /><INIT seed="2,0,0,5,3,43" ten="230,200,200,370" oya="2" hai0="131,17,66,106,29,28,100,119,83,117,127,5,34" hai1="26,108,90,124,101,75,46,56,58,10,39,74,68" hai2="93,67,65,77,86,102,19,88,4,87,122,16,81" hai3="73,48,42,116,125,109,92,91,129,70,85,2,36"/><V24/><F122/><W123/><RYUUKYOKU type="yao9" ba="0,0" sc="230,0,200,0,200,0,370,0" hai3="2,36,42,48,70,73,85,91,92,109,116,123,125,129" /><INIT seed="2,1,0,0,3,113" ten="230,200,200,370" oya="2" hai0="83,49,26,70,15,73,79,47,6,119,3,65,9" hai1="117,103,74,37,33,76,107,19,27,10,52,99,102" hai2="67,124,132,29,63,122,131,62,115,125,69,1,55" hai3="54,85,31,8,89,121,35,44,0,39,84,109,64"/><V134/><F1/><W7/><G109/><T126/><D126/><N who="2" m="48746" /><F29/><W120/><G64/><T72/><D72/><U112/><E112/><V135/><F115/><W77/><G77/><T82/><D82/><U86/><E37/><V48/><F122/><W20/><G85/><T98/><D119/><U81/><E103/><V87/><F87/><W21/><G35/><T23/><D98/><U59/><E33/><V88/><F88/><W34/><G34/><T66/><D70/><U25/><E74/><V42/><F131/><W118/><G118/><T133/><D133/><U75/><E117/><V71/><F42/><W128/><G128/><T91/><D91/><U40/><E40/><V32/><F32/><W46/><G39/><T4/><D4/><U43/><E43/><V13/><F13/><W56/><G121/><T61/><D61/><N who="2" m="23050" /><F67/><W45/><G120/><T50/><D3/><U58/><E75/><V104/><F104/><W106/><G106/><T38/><D38/><U68/><E68/><V105/><F105/><W11/><G31/><T30/><D50/><U80/><E81/><V28/><F28/><W94/><G0/><T60/><D60/><U24/><REACH who="1" step="1"/><E52/><AGARI ba="1,0" hai="6,9,15,23,26,30,47,49,52,65,66,73,79,83" machi="52" ten="30,2000,0" yaku="7,1,54,1" doraHai="113" who="0" fromWho="1" sc="230,23,200,-23,200,0,370,0" /><INIT seed="3,0,0,2,2,122" ten="253,177,200,370" oya="3" hai0="12,132,38,73,98,10,82,13,99,91,56,63,78" hai1="130,134,74,44,107,2,25,80,23,131,52,62,19" hai2="85,46,4,81,110,0,125,59,15,61,101,5,97" hai3="33,94,67,66,116,103,105,14,89,32,18,92,114"/><W72/><G72/><T21/><D38/><U7/><E107/><V104/><F0/><W43/><G43/><T79/><D79/><U54/><E74/><V35/><F35/><W135/><G105/><T39/><D39/><U22/><E80/><V49/><F125/><W96/><G67/><T50/><D50/><N who="1" m="28743" /><E7/><V118/><F118/><W84/><G66/><T126/><D82/><U58/><E2/><V121/><F110/><W115/><G94/><T70/><D78/><U24/><E22/><V102/><F15/><W69/><G92/><T86/><D21/><U34/><E34/><V106/><F121/><W20/><G14/><T77/><D13/><N who="1" m="9711" /><E134/><V29/><F29/><W42/><G20/><T117/><D73/><U133/><E133/><V68/><F68/><W45/><G69/><T37/><D132/><U127/><E127/><V100/><F106/><W87/><G33/><T31/><D70/><U108/><E108/><V88/><F4/><W48/><G32/><T71/><D71/><U109/><E109/><V28/><F5/><W123/><G135/><T120/><D126/><U30/><E30/><V111/><F28/><W93/><G115/><T128/><D31/><U60/><E60/><V113/><F113/><W17/><G114/><T6/><D63/><U40/><E40/><N who="2" m="24775" /><F111/><W83/><G123/><T55/><D6/><U1/><E1/><V9/><F9/><W47/><G42/><T64/><D120/><U8/><E8/><V27/><F27/><W112/><G112/><T11/><D10/><U124/><E124/><V51/><F61/><W119/><G17/><RYUUKYOKU ba="0,0" sc="253,-15,177,15,200,15,370,-15" hai1="24,25,54,58,62,130,131" hai2="51,59,81,85,88,97,100,101,102,104" owari="238,3.8,192,-30.8,215,-18.5,355,45.5" /></mjloggm>