<mjloggm ver="2.3"><GO type="225" lobby="0"/><UN n0="%E5%B8%86%E7%AB%8B%E5%A4%8F%E8%A1%A3" n1="%E3%81%BF%E3%81%BF%E3%81%9A" n2="%6D%61%74%69%67%75%73%61" n3="%E3%81%AF%E3%82%88%E3%81%8A%E3%81%98%E3%81%95%E3%82%93" dan="17,17,17,17" rate="2245.48,2227.50,2126.36,2134.11" sx="M,M,M,M"/><TAIKYOKU oya="0"/><INIT seed="0,0,0,4,3,100" ten="250,250,250,250" oya="0" hai0="50,93,30,47,72,74,23,52,44,39,86,66,91" hai1="53,49,127,120,60,94,131,129,115,1,65,54,36" hai2="97,16,59,28,98,121,21,123,132,26,45,92,42" hai3="10,106,68,122,67,87,8,58,130,107,33,133,6"/><T40/><D30/><U82/><E1/><V105/><F132/><W15/><G33/><T20/><REACH who="0" step="1"/><D66/><REACH who="0" ten="240,250,250,250" step="2"/><U134/><E65/><V22/><F28/><W77/><G67/><T32/><D32/><U102/><E129/><V41/><F123/><W110/><G130/><T37/><D37/><U51/><E131/><V96/><F121/><W95/><G122/><T17/><D17/><U57/><E120/><V116/><F16/><W89/><G133/><T48/><D48/><U69/><E36/><V55/><F41/><W19/><G110/><T113/><D113/><U103/><E115/><V108/><F42/><W117/><G117/><T111/><D111/><U118/><E134/><V71/><F116/><W73/><G68/><T11/><D11/><U13/><E118/><V114/><F71/><W38/><G38/><T24/><D24/><U56/><E69/><V90/><F26/><W85/><G73/><AGARI ba="0,1" hai="20,23,39,40,44,47,50,52,72,73,74,86,91,93" machi="73" ten="40,12000,1" yaku="1,1,54,1,53,2" doraHai="100" doraHaiUra="43" who="0" fromWho="3" sc="240,130,250,0,250,0,250,-120" /><INIT seed="0,1,0,2,3,25" ten="370,250,250,130" oya="0" hai0="43,103,52,58,114,31,123,135,51,22,10,97,36" hai1="130,40,27,46,115,131,109,125,9,62,75,39,129" hai2="79,49,3,106,17,124,128,98,60,21,84,119,8" hai3="68,12,37,76,57,102,104,7,14,121,122,26,100"/><T2/><D114/><U55/><E75/><V101/><F128/><W133/><G68/><T24/><D123/><N who="3" m="47113" /><G37/><T59/><D135/><U132/><E115/><V65/><F124/><W107/><G133/><T66/><D36/><U0/><E132/><V50/><F119/><W18/><G76/><T30/><D43/><U38/><E125/><V94/><F8/><N who="3" m="4127" /><G26/><T83/><D83/><U88/><E38/><V87/><F3/><W34/><G57/><T69/><D69/><U116/><E116/><V33/><F33/><W47/><G47/><T61/><D10/><U80/><E0/><V90/><F79/><W93/><G34/><T13/><D13/><U126/><E126/><V20/><F20/><N who="3" m="11351" /><G93/><N who="0" m="58799" /><D2/><U23/><E39/><V111/><F106/><AGARI ba="1,0" hai="100,102,104,106,107" m="11351,4127,47113" machi="106" ten="30,1000,0" yaku="13,1" doraHai="25" who="3" fromWho="2" sc="370,0,250,0,250,-13,130,13" /><INIT seed="1,0,0,3,4,64" ten="370,250,237,143" oya="1" hai0="128,99,118,134,100,77,135,25,131,109,91,5,124" hai1="74,70,133,103,36,56,34,59,6,97,37,62,110" hai2="72,13,51,58,55,7,60,43,66,22,53,132,107" hai3="45,86,127,52,117,108,112,16,21,10,47,116,83"/><U38/><E74/><V80/><F107/><W114/><G108/><T30/><D109/><U20/><E110/><V79/><F132/><N who="0" m="50730" /><D118/><N who="3" m="45673" /><G127/><T11/><D91/><U23/><E34/><V68/><F43/><W113/><G10/><T26/><D77/><U88/><E133/><V12/><F7/><W89/><G52/><T125/><D99/><U95/><E6/><V42/><F42/><W71/><G71/><T73/><D100/><U81/><E70/><V1/><F1/><W14/><AGARI ba="0,0" hai="14,16,21,45,47,83,86,89,112,113,114" m="45673" machi="14" ten="40,2700,0" yaku="12,1,54,1" doraHai="64" who="3" fromWho="3" sc="370,-7,250,-13,237,-7,143,27" /><INIT seed="2,0,0,3,2,94" ten="363,237,230,170" oya="2" hai0="7,100,125,80,13,126,33,107,92,12,69,97,103" hai1="121,39,114,104,127,2,27,70,116,95,38,72,45" hai2="17,109,44,89,54,29,85,53,131,115,48,11,23" hai3="129,102,87,55,135,78,75,86,26,67,134,84,15"/><V28/><F115/><W110/><G67/><T96/><D69/><U1/><RYUUKYOKU type="yao9" ba="0,0" sc="363,0,237,0,230,0,170,0" hai1="1,2,27,38,39,45,70,72,95,104,114,116,121,127" /><INIT seed="2,1,0,4,5,135" ten="363,237,230,170" oya="2" hai0="124,125,60,126,76,44,118,33,103,113,0,10,133" hai1="12,61,63,43,91,116,24,97,4,64,15,2,17" hai2="83,54,128,65,88,70,37,99,18,101,42,89,98" hai3="5,75,55,96,41,26,110,11,108,53,29,58,132"/><V66/><F128/><W79/><G132/><T59/><D59/><U56/><E116/><V21/><F70/><W45/><G96/><T80/><D133/><U16/><E2/><V52/><F42/><W34/><G58/><T9/><D113/><U22/><E43/><V62/><F37/><W1/><G55/><N who="2" m="21033" /><F83/><W46/><G53/><T100/><D118/><U114/><E114/><V31/><F31/><W48/><G48/><T115/><D115/><U123/><E123/><V92/><F98/><W106/><G106/><T87/><D60/><U67/><E4/><V111/><F111/><W121/><G121/><T50/><D33/><U7/><E7/><V127/><F127/><W68/><G68/><T90/><D76/><U129/><E129/><V105/><F105/><W107/><G107/><T36/><D36/><U120/><E120/><V6/><F6/><W73/><G46/><T27/><D27/><U104/><E17/><V81/><F81/><W119/><G119/><T14/><D0/><U23/><E23/><V57/><F65/><W95/><G95/><T30/><D30/><U35/><E35/><V112/><F112/><W102/><G102/><N who="0" m="38955" /><D14/><AGARI ba="1,0" hai="14,18,21,57,62,66,88,89,92,99,101" m="21033" machi="14" ten="30,5800,0" yaku="8,1,54,2" doraHai="135" who="2" fromWho="0" sc="363,-61,237,0,230,61,170,0" /><INIT seed="2,2,0,1,1,53" ten="302,237,291,170" oya="2" hai0="126,123,18,104,66,92,29,42,87,49,86,105,128" hai1="90,132,69,97,64,118,44,121,68,109,106,38,127" hai2="130,39,120,54,25,52,30,31,101,51,134,89,3" hai3="11,33,103,135,100,56,114,26,0,22,77,59,79"/><V107/><F120/><W133/><G33/><T34/><D123/><U71/><E118/><V131/><F39/><W91/><G114/><T55/><D126/><U60/><E127/><V37/><F37/><W129/><G129/><N who="2" m="49161" /><F3/><W84/><G11/><T28/><D128/><U35/><E121/><V73/><F73/><W96/><G0/><T102/><D105/><U12/><E109/><V16/><F54/><W88/><G84/><N who="0" m="32299" /><D104/><U65/><E132/><N who="3" m="50762" /><G79/><T80/><D34/><U17/><E35/><V98/><F89/><N who="3" m="34379" /><G77/><T9/><D42/><U99/><E90/><V62/><F62/><W19/><G103/><T8/><D102/><U93/><E106/><AGARI ba="2,0" hai="19,22,26,56,59,96,100,106" m="34379,50762" machi="106" ten="30,7700,0" yaku="20,1,52,2,54,1" doraHai="53" who="3" fromWho="1" sc="302,0,237,-83,291,0,170,83" /><INIT seed="3,0,0,4,1,119" ten="302,154,291,253" oya="3" hai0="94,29,68,56,3,135,66,88,102,10,28,120,90" hai1="77,43,33,127,25,117,59,0,133,128,34,50,110" hai2="70,78,130,31,24,96,109,75,132,51,20,83,60" hai3="76,45,37,63,38,49,61,121,6,112,55,58,48"/><W114/><G76/><T2/><D120/><U129/><E0/><V42/><F109/><W5/><G5/><T111/><D68/><U103/><E110/><V44/><F130/><N who="1" m="50281" /><E127/><V84/><F132/><W126/><G6/><T113/><D135/><U64/><E133/><V14/><F96/><W131/><G131/><T41/><D111/><U4/><E117/><V39/><F14/><W101/><G101/><T11/><D113/><N who="3" m="43625" /><G126/><T100/><D41/><U9/><E103/><N who="0" m="39465" /><D3/><N who="1" m="159" /><E77/><V104/><F104/><W82/><G82/><T74/><D2/><U123/><E123/><V95/><F39/><N who="3" m="14859" /><G121/><T54/><D74/><U134/><E134/><V23/><F20/><W73/><G73/><T35/><D35/><U105/><E105/><V16/><F31/><N who="0" m="11850" /><D66/><U125/><E125/><V80/><F95/><W32/><G32/><N who="1" m="12394" /><E25/><V99/><F99/><W22/><G22/><T26/><D26/><U93/><E93/><V30/><F30/><W108/><G108/><T21/><D21/><U62/><E43/><AGARI ba="0,0" hai="43,45,48,49,55,58,61,63" m="14859,43625" machi="43" ten="30,2900,0" yaku="34,2" doraHai="119" who="3" fromWho="1" sc="302,0,154,-29,291,0,253,29" /><INIT seed="3,1,0,2,1,3" ten="302,125,291,282" oya="3" hai0="113,45,111,98,110,85,127,42,41,33,8,103,6" hai1="123,131,104,48,70,7,52,135,74,109,97,81,68" hai2="60,10,40,92,30,129,11,125,29,59,77,65,116" hai3="106,107,108,86,121,101,63,99,88,87,22,38,53"/><W82/><G121/><T67/><D127/><U34/><E123/><V51/><F116/><W36/><G107/><N who="0" m="63991" /><D113/><U102/><E109/><N who="0" m="41481" /><D33/><U120/><E120/><V83/><F125/><W31/><G108/><T1/><D67/><U4/><E131/><V28/><F129/><W73/><G73/><T2/><D2/><U117/><E117/><V14/><F92/><W72/><G72/><T130/><D130/><U100/><E100/><V76/><F83/><W56/><REACH who="3" step="1"/><G87/><REACH who="3" ten="302,125,291,272" step="2"/><T118/><D118/><U69/><E135/><V112/><F112/><W84/><G84/><T57/><D85/><U12/><E34/><V50/><F10/><W15/><G15/><T119/><D119/><U115/><E115/><V54/><F40/><W134/><G134/><T20/><D42/><U79/><REACH who="1" step="1"/><E12/><REACH who="1" ten="302,115,291,272" step="2"/><V132/><F132/><W64/><G64/><T5/><D1/><U95/><E95/><V46/><F50/><W55/><G55/><T105/><D105/><U96/><E96/><V80/><F80/><W90/><G90/><T93/><D93/><U71/><N who="1" m="17408" /><DORA hai="114" /><U26/><E26/><AGARI ba="1,2" hai="22,26,31,36,38,53,56,63,82,86,88,99,101,106" machi="26" ten="40,7700,0" yaku="1,1,54,1,53,1" doraHai="3,114" doraHaiUra="78,62" who="3" fromWho="1" sc="302,0,115,-80,291,0,272,100" owari="302,10.2,35,-46.5,291,-10.9,372,47.2" /></mjloggm>