<mjloggm ver="2.3"><GO type="225" lobby="0"/><UN n0="%E5%91%A8%E6%9D%B1" n1="%66%67%67%68%68%64%66" n2="%E5%A4%8F%E9%88%B4%E9%88%B4%E5%A4%8F" n3="%E3%82%AF%E3%82%A3%E3%82%A6" dan="17,16,16,16" rate="2237.69,2085.85,2081.77,2056.78" sx="M,M,F,M"/><TAIKYOKU oya="0"/><INIT seed="0,0,0,0,5,125" ten="250,250,250,250" oya="0" hai0="42,123,101,91,80,49,19,22,6,75,11,33,114" hai1="48,24,50,83,92,77,127,67,132,17,131,119,61" hai2="95,69,78,98,104,59,96,72,121,12,97,58,115" hai3="18,68,100,126,37,14,57,52,55,43,81,13,135"/><T8/><D123/><U130/><E119/><V64/><F69/><W16/><G68/><T47/><D114/><U76/><E127/><V1/><F115/><W103/><G126/><T5/><D33/><U34/><E132/><V120/><F1/><W117/><G117/><T88/><D101/><N who="3" m="38985" /><G135/><T41/><D41/><U63/><E92/><V82/><F104/><W29/><G37/><T28/><D28/><N who="1" m="19719" /><E17/><N who="3" m="6762" /><G43/><T105/><D105/><U26/><E26/><V25/><F95/><W60/><G29/><T21/><D75/><N who="1" m="43423" /><E77/><V110/><F110/><W133/><G133/><T62/><D62/><N who="1" m="23563" /><E67/><V102/><F102/><W90/><G55/><T74/><D74/><U99/><E99/><V109/><F109/><W84/><AGARI ba="0,0" hai="13,14,52,57,60,81,84,90" m="6762,38985" machi="84" ten="30,4000,0" yaku="8,1,54,2" doraHai="125" who="3" fromWho="3" sc="250,-20,250,-10,250,-10,250,40" /><INIT seed="1,0,0,3,1,81" ten="230,240,240,290" oya="1" hai0="95,105,15,20,5,44,17,117,98,122,60,16,127" hai1="11,34,62,85,83,73,94,59,77,132,53,102,46" hai2="23,100,31,110,87,25,107,76,104,54,39,50,55" hai3="32,120,38,134,116,63,40,92,21,58,108,64,86"/><U80/><E34/><V97/><F110/><W90/><G32/><T1/><D122/><U37/><E132/><V124/><F124/><W109/><G120/><T111/><D127/><U13/><E37/><V56/><F39/><W27/><G116/><T128/><D117/><U28/><E28/><V30/><F107/><W24/><G134/><T0/><D111/><N who="3" m="42569" /><G21/><T106/><D128/><U61/><E46/><AGARI ba="0,0" hai="24,27,38,40,46,58,63,64,86,90,92" m="42569" machi="46" ten="30,2000,0" yaku="14,1,52,1" doraHai="81" who="3" fromWho="1" sc="230,0,240,-20,240,0,290,20" /><INIT seed="2,0,0,1,2,66" ten="230,220,240,310" oya="2" hai0="84,55,30,32,36,34,46,61,49,89,76,120,20" hai1="97,77,10,28,91,64,74,133,131,42,43,13,96" hai2="94,135,82,53,105,56,16,106,104,79,67,2,41" hai3="39,85,9,115,109,73,110,124,86,62,11,90,118"/><V80/><F2/><W22/><G73/><T6/><D120/><U70/><E131/><V19/><F41/><W31/><G118/><T5/><D36/><U71/><E28/><V83/><F67/><W38/><G124/><T98/><D34/><U48/><E64/><V47/><F135/><W75/><G75/><T1/><D32/><U45/><E42/><V44/><F79/><W92/><G115/><T37/><D37/><N who="3" m="13833" /><G62/><T128/><D128/><U15/><E133/><V3/><F3/><W111/><G85/><T69/><D1/><U129/><E129/><V57/><F94/><W132/><G132/><T21/><D61/><U127/><E15/><V7/><F7/><N who="0" m="2570" /><D69/><U119/><E119/><V130/><F130/><W18/><G31/><T27/><D21/><U0/><E0/><V117/><F117/><W17/><G17/><N who="2" m="6729" /><F53/><W58/><G58/><AGARI ba="0,0" hai="44,47,56,57,58,80,82,83,104,105,106" m="6729" machi="58" ten="40,7700,0" yaku="28,2,54,1" doraHai="66" who="2" fromWho="3" sc="230,0,220,0,240,77,310,-77" /><INIT seed="2,1,0,1,4,64" ten="230,220,317,233" oya="2" hai0="93,39,134,2,60,22,112,15,47,18,59,6,19" hai1="44,56,33,54,83,116,126,26,12,129,92,9,94" hai2="88,20,133,58,46,114,121,86,61,21,117,82,108" hai3="132,84,52,63,8,78,51,42,23,101,10,102,13"/><V29/><F117/><W135/><G23/><T34/><D112/><U36/><E116/><V66/><F114/><W70/><G42/><T91/><D134/><N who="3" m="51241" /><G78/><T103/><D103/><N who="3" m="39433" /><G84/><T128/><D128/><U41/><E126/><V105/><F121/><W71/><G63/><T113/><D34/><U14/><E129/><V69/><F133/><W68/><G13/><T50/><D113/><U28/><E83/><V98/><F98/><W25/><G25/><T110/><D110/><U89/><E9/><V96/><F96/><W109/><G109/><T40/><D39/><U7/><E7/><V53/><F105/><W31/><G31/><T37/><D37/><U4/><E4/><V87/><F29/><W107/><G107/><T5/><D19/><U75/><E75/><V104/><F104/><W32/><G32/><T97/><REACH who="0" step="1"/><D2/><REACH who="0" ten="220,220,317,233" step="2"/><U24/><E36/><V122/><F108/><W43/><G43/><T79/><D79/><U16/><E41/><V76/><F122/><W17/><G17/><T119/><D119/><U11/><E16/><V99/><F99/><W48/><G48/><T30/><D30/><U49/><E28/><V85/><F46/><AGARI ba="1,1" hai="8,10,46,51,52,68,70,71" m="39433,51241" machi="46" ten="40,8000,1" yaku="20,1,52,3,54,1" doraHai="64" who="3" fromWho="2" sc="220,0,220,0,317,-83,233,93" /><INIT seed="3,0,0,5,0,93" ten="220,220,234,326" oya="3" hai0="114,74,122,49,54,50,14,120,80,37,57,104,55" hai1="79,105,67,47,59,40,100,10,84,19,28,118,130" hai2="81,91,34,92,38,31,98,33,22,97,25,110,68" hai3="16,15,87,115,48,82,111,66,131,103,11,133,29"/><W4/><G115/><T62/><D104/><U94/><E130/><V125/><F68/><W44/><G131/><T116/><D116/><U88/><E118/><V117/><F38/><W101/><G133/><T126/><D114/><U5/><E28/><V52/><F52/><N who="3" m="29703" /><G111/><T27/><D37/><U124/><E124/><V121/><F33/><W3/><G29/><T12/><D126/><U2/><E79/><V17/><F31/><W107/><G107/><T134/><D27/><U42/><E19/><V43/><F25/><W71/><G71/><T128/><D134/><U129/><E129/><V123/><F17/><W35/><G35/><T51/><D128/><U58/><E67/><V73/><F34/><W75/><G75/><T76/><REACH who="0" step="1"/><D55/><REACH who="0" ten="210,220,234,326" step="2"/><U32/><E32/><V132/><F125/><W1/><G66/><T72/><D72/><U83/><E105/><V65/><F73/><W106/><G106/><T56/><D56/><U119/><E119/><V18/><F65/><W112/><G112/><T95/><D95/><U99/><E42/><V26/><F43/><W23/><G1/><T36/><D36/><AGARI ba="0,1" hai="2,5,10,36,40,47,58,59,83,84,88,94,99,100" machi="36" ten="30,3900,0" yaku="7,1,52,1,54,1" doraHai="93" who="1" fromWho="0" sc="210,-39,220,49,234,0,326,0" owari="171,-32.9,269,6.9,234,-16.6,326,42.6" /></mjloggm>