<mjloggm ver="2.3"><GO type="225" lobby="0"/><UN n0="%E9%A6%AC%E5%BC%95%E7%81%AB%33" n1="%E3%81%A4%E3%81%A3%E3%81%B1%E3%82%8A%E3%83%9D%E3%83%BC%E3%83%AB" n2="%E4%BF%BA%E3%81%A8%E5%A6%96%E5%A4%A2" n3="%E3%81%8B%E3%82%8F%E3%81%A1%E3%82%83%E3%82%93%35%38" dan="16,17,16,16" rate="2061.58,2150.85,2102.61,2151.93" sx="M,M,F,M"/><TAIKYOKU oya="0"/><INIT seed="0,0,0,5,3,30" ten="250,250,250,250" oya="0" hai0="103,131,22,75,114,42,108,70,24,58,40,98,111" hai1="64,23,110,17,93,86,92,128,8,77,14,15,16" hai2="135,5,69,100,119,20,7,125,88,59,36,34,83" hai3="90,116,115,25,112,89,60,133,72,73,38,85,61"/><T76/><D114/><U11/><E110/><N who="0" m="42025" /><D70/><U120/><E120/><V63/><F69/><W107/><G107/><T109/><N who="0" m="42033" /><T74/><DORA hai="126" /><D131/><U3/><E128/><V134/><F36/><W71/><G71/><T99/><D58/><U6/><REACH who="1" step="1"/><E64/><REACH who="1" ten="250,240,250,250" step="2"/><V78/><F125/><W4/><G115/><T66/><D66/><U32/><E32/><V27/><F34/><W33/><G112/><T123/><D123/><U45/><E45/><V50/><F134/><W113/><G33/><T95/><D99/><U117/><E117/><V96/><F135/><W54/><G116/><T52/><D52/><U106/><E106/><V51/><F119/><W130/><G54/><T56/><D56/><U19/><E19/><V53/><F53/><W81/><G113/><T26/><D26/><U47/><E47/><V2/><F59/><W39/><G25/><T104/><D104/><U29/><E29/><V121/><F27/><W37/><G133/><T67/><D67/><U105/><E105/><V31/><F121/><W129/><G129/><T28/><D76/><U35/><E35/><V10/><F78/><W127/><G130/><T87/><D87/><U65/><E65/><V0/><F96/><W97/><G127/><T80/><D80/><AGARI ba="0,1" hai="3,6,8,11,14,15,16,17,23,77,80,86,92,93" machi="80" ten="40,2600,0" yaku="1,1,54,1,53,0" doraHai="30,126" doraHaiUra="101,122" who="1" fromWho="0" sc="250,-26,240,36,250,0,250,0" /><INIT seed="1,0,0,5,3,53" ten="224,276,250,250" oya="1" hai0="34,98,129,1,63,0,48,104,54,114,40,90,91" hai1="72,7,9,2,18,113,106,134,121,49,59,79,52" hai2="43,116,8,55,70,92,68,60,12,32,112,29,20" hai3="74,86,11,24,83,73,57,13,126,67,87,105,22"/><U100/><E113/><V42/><F112/><W132/><G105/><T56/><D114/><U6/><E121/><V15/><F116/><W110/><G110/><T65/><D34/><U69/><E134/><V66/><F70/><W94/><G126/><T111/><D111/><U50/><E69/><V23/><F32/><W26/><G132/><T3/><D129/><U84/><E72/><V128/><F128/><W127/><G127/><T78/><D78/><U89/><E79/><V115/><F115/><W62/><G94/><T71/><REACH who="0" step="1"/><D40/><REACH who="0" ten="214,276,250,250" step="2"/><U109/><E109/><V108/><F108/><W118/><G118/><T27/><D27/><U130/><E130/><V125/><F43/><W21/><G24/><T117/><D117/><U37/><E37/><V76/><F42/><W5/><G22/><T85/><D85/><U47/><E84/><V33/><F76/><W88/><REACH who="3" step="1"/><G86/><REACH who="3" ten="214,276,250,240" step="2"/><T102/><AGARI ba="0,2" hai="0,1,3,48,54,56,63,65,71,90,91,98,102,104" machi="102" ten="40,8000,1" yaku="1,1,0,1,52,1,53,1" doraHai="53" doraHaiUra="51" who="0" fromWho="0" sc="214,100,276,-40,250,-20,240,-20" /><INIT seed="2,0,0,0,5,70" ten="314,236,230,220" oya="2" hai0="10,57,34,61,100,14,118,63,62,16,81,21,114" hai1="78,43,24,30,86,88,77,111,127,67,22,108,107" hai2="85,68,13,98,95,128,56,44,122,93,59,69,36" hai3="60,71,121,45,8,80,1,50,7,94,54,49,110"/><V92/><F122/><W12/><G110/><N who="1" m="42026" /><E127/><V129/><F98/><W35/><G35/><T119/><D34/><U131/><E131/><N who="2" m="50251" /><F85/><W125/><G125/><T11/><D114/><U133/><E133/><V42/><F13/><W55/><G121/><T27/><D100/><U3/><E3/><V134/><F134/><W65/><G94/><T72/><D57/><AGARI ba="0,0" hai="36,42,44,56,57,59,68,69,92,93,95" m="50251" machi="57" ten="30,2900,0" yaku="19,1,52,1" doraHai="70" who="2" fromWho="0" sc="314,-29,236,0,230,29,220,0" /><INIT seed="2,1,0,2,5,1" ten="285,236,259,220" oya="2" hai0="9,18,37,57,66,108,43,112,55,39,19,3,122" hai1="0,26,75,134,32,74,121,94,113,87,118,13,31" hai2="71,102,77,111,5,115,10,110,15,68,24,120,83" hai3="20,133,126,129,7,86,17,135,99,36,41,63,101"/><V91/><F115/><W49/><G36/><T58/><D122/><U114/><E118/><V78/><F120/><W59/><G86/><T45/><D112/><U100/><E121/><V27/><F102/><W81/><G81/><T48/><D108/><N who="2" m="41514" /><F91/><W38/><G38/><T116/><D39/><U28/><E0/><V16/><F77/><W119/><G49/><T107/><D107/><U92/><E100/><V2/><F68/><W50/><G50/><T52/><D66/><U40/><E40/><V95/><F95/><W117/><G41/><T79/><D116/><U42/><E42/><V23/><F71/><W72/><G72/><AGARI ba="1,0" hai="2,5,10,15,16,23,24,27,72,78,83" m="41514" machi="72" ten="30,11600,0" yaku="14,1,10,1,52,1,54,1" doraHai="1" who="2" fromWho="3" sc="285,0,236,0,259,119,220,-119" /><INIT seed="2,2,0,0,3,79" ten="285,236,378,101" oya="2" hai0="132,57,3,127,18,114,99,131,97,135,104,12,40" hai1="95,48,27,56,16,128,83,46,93,11,19,29,74" hai2="86,70,96,105,22,62,129,64,35,33,121,94,116" hai3="80,45,107,126,90,20,42,71,17,82,103,133,78"/><V24/><F116/><W75/><G126/><T106/><D114/><U50/><E128/><V5/><F121/><W134/><G71/><T43/><D3/><U32/><E56/><V77/><F129/><W101/><G107/><N who="0" m="41003" /><D131/><U37/><E37/><V38/><F38/><W34/><G34/><T85/><D85/><U125/><E125/><V108/><F108/><W72/><G103/><T0/><D0/><U84/><E74/><V120/><F5/><W119/><G101/><T10/><D127/><U9/><E50/><V92/><F120/><W118/><G45/><T8/><D8/><U76/><E11/><V100/><F92/><W21/><G17/><T113/><D113/><U67/><E67/><V110/><F110/><W26/><G26/><T25/><D25/><U61/><E61/><V59/><F70/><W54/><G54/><T102/><D57/><U55/><REACH who="1" step="1"/><E19/><REACH who="1" ten="285,226,378,101" step="2"/><V58/><F59/><W7/><G7/><T6/><D10/><U117/><E117/><V15/><F64/><W14/><G78/><T81/><D18/><U112/><E112/><V68/><F62/><W73/><G73/><T98/><D6/><U91/><E91/><V28/><F58/><W39/><G39/><T115/><D115/><U123/><E123/><V47/><F68/><W49/><G49/><T52/><D102/><U124/><E124/><V88/><F105/><W87/><G90/><T44/><D135/><U69/><E69/><V1/><F100/><W122/><G122/><T109/><D132/><U31/><E31/><V36/><F36/><W111/><G134/><T30/><D109/><RYUUKYOKU ba="2,1" sc="285,-10,226,30,378,-10,101,-10" hai1="9,16,27,29,32,46,48,55,76,83,84,93,95" /><INIT seed="3,3,1,1,3,114" ten="275,256,368,91" oya="3" hai0="80,57,94,46,113,125,35,66,93,39,58,54,111" hai1="72,83,96,95,75,104,32,112,9,53,106,73,20" hai2="27,8,123,98,63,77,37,16,67,59,88,38,79" hai3="86,78,117,91,100,118,126,41,2,103,52,116,109"/><W108/><G2/><T85/><D35/><U60/><E32/><V3/><F123/><W11/><G41/><T22/><D113/><U74/><E9/><V68/><F3/><W99/><G11/><T82/><D111/><N who="3" m="42569" /><G126/><T132/><D132/><U128/><E20/><V19/><F38/><W127/><G127/><T81/><D125/><U4/><E60/><V26/><F37/><W122/><G122/><T15/><D39/><U110/><E53/><V21/><F68/><W133/><G133/><T107/><D107/><N who="1" m="41003" /><E4/><V55/><F67/><W84/><G52/><T64/><D46/><U102/><E110/><V0/><F0/><W71/><G71/><T30/><D85/><N who="3" m="32873" /><G78/><T134/><D134/><U17/><E112/><V121/><F121/><W87/><G99/><T50/><D66/><U105/><E96/><V12/><F27/><W92/><AGARI ba="3,1" hai="87,91,92,100,103,116,117,118" m="32873,42569" machi="92" ten="40,18000,2" yaku="14,1,10,1,34,2,52,3" doraHai="114" who="3" fromWho="3" sc="275,-63,256,-63,368,-63,91,199" /><INIT seed="3,4,0,0,2,64" ten="212,193,305,290" oya="3" hai0="8,11,45,63,70,34,85,5,120,118,134,65,108" hai1="30,103,121,107,67,90,29,28,3,66,23,50,77" hai2="87,6,56,78,97,2,75,20,1,48,33,131,42" hai3="80,31,126,7,101,62,99,93,44,110,125,22,26"/><W129/><G129/><T94/><D118/><U79/><E3/><V15/><F75/><W41/><G110/><T76/><D120/><U88/><E121/><V100/><F33/><W51/><G7/><T36/><D34/><U17/><E107/><V83/><F131/><W54/><G80/><T95/><D108/><U10/><E103/><V127/><F127/><N who="3" m="48651" /><G62/><T68/><D63/><U116/><E10/><N who="2" m="4567" /><F56/><W92/><G41/><T69/><D69/><U71/><E71/><V91/><F91/><N who="1" m="34857" /><E116/><V113/><F20/><W74/><G74/><T52/><D70/><U60/><E50/><V38/><F38/><W128/><G128/><T112/><D68/><U32/><E32/><V114/><F114/><W46/><G46/><T61/><D61/><U37/><E37/><V43/><F43/><W19/><G31/><N who="1" m="7938" /><U135/><DORA hai="25" /><E135/><V115/><F115/><W55/><G55/><T117/><D134/><U102/><E102/><V96/><F113/><W81/><G81/><T40/><D112/><U119/><E119/><V73/><F73/><W98/><G98/><N who="2" m="37993" /><F100/><W106/><AGARI ba="4,0" hai="19,22,26,44,51,54,92,93,99,101,106" m="48651" machi="106" ten="30,1500,0" yaku="18,1" doraHai="64,25" who="3" fromWho="3" sc="212,-9,193,-9,305,-9,290,27" owari="203,-19.7,184,-31.6,296,9.6,317,41.7" /></mjloggm>