<mjloggm ver="2.3"><GO type="225" lobby="0"/><UN n0="%E6%A1%9C%E8%8A%B1%E9%96%83%E3%80%85" n1="%E3%83%A9%E3%83%BC%E3%83%A1%E3%83%B3%E4%BA%94%E9%83%8E" n2="%E3%82%A2%E3%83%9E%E3%83%9D%EF%BD%9E%EF%BD%9E%E3%83%A9" n3="%E5%91%89%E5%AF%8C%E6%98%A5" dan="16,16,17,16" rate="2164.60,2094.52,2042.47,2122.52" sx="M,M,M,M"/><TAIKYOKU oya="0"/><INIT seed="0,0,0,4,4,82" ten="250,250,250,250" oya="0" hai0="15,19,102,10,92,22,122,93,55,78,12,65,76" hai1="132,119,35,108,3,64,70,17,45,40,72,98,125" hai2="29,23,41,118,87,86,123,37,117,49,9,129,38" hai3="44,46,96,66,51,90,101,14,62,113,80,111,60"/><T73/><D122/><U81/><E119/><N who="2" m="45579" /><F129/><W2/><G113/><T133/><D133/><U26/><E132/><V112/><F112/><W16/><G111/><T120/><D120/><U67/><E3/><V127/><F127/><W97/><G2/><T59/><D65/><U7/><E108/><V54/><F9/><W128/><G128/><T1/><D1/><U63/><E7/><V68/><F68/><W34/><G34/><T131/><D131/><U50/><E125/><V33/><F33/><W106/><G66/><T103/><D73/><U4/><E4/><V8/><F8/><N who="3" m="6215" /><G46/><T36/><D36/><N who="2" m="13930" /><F41/><N who="3" m="24975" /><G106/><T134/><D134/><U94/><E35/><V28/><F123/><W121/><G121/><T105/><D105/><U95/><E67/><V13/><F13/><W104/><G104/><T61/><D15/><U84/><E72/><V48/><F48/><W89/><G101/><N who="0" m="38411" /><D10/><U116/><E116/><V21/><F21/><W77/><G77/><AGARI ba="0,0" hai="12,19,22,55,59,61,76,77,78,92,93" m="38411" machi="77" ten="30,1500,0" yaku="8,1" doraHai="82" who="0" fromWho="3" sc="250,15,250,0,250,0,250,-15" /><INIT seed="0,1,0,0,1,65" ten="265,250,250,235" oya="0" hai0="93,132,83,20,94,44,81,73,15,95,48,97,112" hai1="7,45,120,71,32,117,28,4,63,118,129,127,14" hai2="3,125,22,85,62,91,29,57,102,6,41,108,9" hai3="135,78,30,134,105,46,87,52,70,27,60,113,16"/><T119/><D112/><U121/><E32/><V56/><F108/><W84/><G113/><T10/><D119/><N who="1" m="45579" /><E14/><V47/><F125/><W49/><G105/><T75/><D132/><N who="3" m="50729" /><G78/><T40/><D20/><U82/><E28/><V101/><F29/><W26/><G30/><T115/><D115/><U74/><E82/><N who="0" m="31241" /><D75/><U21/><E21/><V13/><F22/><N who="3" m="13639" /><G27/><T133/><D73/><U111/><E4/><V103/><F3/><W1/><G1/><T99/><D133/><U59/><E7/><AGARI ba="1,0" hai="7,10,15,40,44,48,93,94,95,97,99" m="31241" machi="7" ten="30,1500,0" yaku="8,1" doraHai="65" who="0" fromWho="1" sc="265,18,250,-18,250,0,235,0" /><INIT seed="0,2,0,3,0,85" ten="283,232,250,235" oya="0" hai0="107,7,87,86,129,128,51,16,28,112,38,93,65" hai1="84,31,12,117,105,49,46,56,48,123,11,9,21" hai2="97,80,88,133,82,96,118,119,63,108,116,72,35" hai3="115,20,79,40,121,71,106,124,58,22,89,69,36"/><T81/><D38/><U83/><E117/><V1/><F108/><W26/><G115/><T78/><D112/><U19/><E123/><V68/><F133/><W32/><G121/><T100/><D28/><U75/><E105/><V47/><F1/><W3/><G3/><T5/><D65/><U24/><E75/><V132/><F132/><W8/><G106/><T60/><D60/><U127/><E127/><V29/><F47/><W53/><G32/><T67/><D67/><U43/><E56/><V55/><F72/><W109/><G109/><T14/><D51/><N who="1" m="27103" /><E9/><V30/><F68/><W94/><G8/><N who="0" m="6215" /><D107/><U15/><E15/><V33/><F63/><W17/><G124/><T114/><D114/><U27/><E27/><V0/><F0/><W98/><G79/><AGARI ba="2,0" hai="11,12,19,21,24,31,48,49,79,83,84" m="27103" machi="79" ten="30,1000,0" yaku="8,1" doraHai="85" who="1" fromWho="3" sc="283,0,232,16,250,0,235,-16" /><INIT seed="1,0,0,2,2,54" ten="283,248,250,219" oya="1" hai0="93,104,51,35,119,27,96,122,0,131,121,58,56" hai1="26,45,130,132,115,99,110,125,41,6,34,95,44" hai2="19,14,23,15,118,116,3,16,86,135,97,117,25" hai3="64,128,83,62,134,43,66,20,124,74,133,60,50"/><U22/><E115/><V46/><F135/><N who="3" m="51723" /><G20/><T61/><D119/><U30/><E132/><V112/><F112/><W59/><G83/><T91/><D131/><U10/><E125/><V9/><F3/><W7/><G7/><T105/><D0/><U71/><E130/><V24/><F46/><N who="3" m="25951" /><G74/><T2/><D2/><U102/><E71/><V11/><F86/><W4/><G4/><T8/><D8/><N who="2" m="3146" /><F97/><W32/><G32/><T72/><D72/><U79/><E34/><V42/><F42/><W65/><G128/><T103/><D35/><U76/><E110/><V109/><F109/><W63/><G124/><T52/><D27/><N who="2" m="10314" /><F23/><W113/><G113/><T38/><D38/><U111/><E111/><V129/><F129/><W89/><G89/><T101/><D101/><U81/><E41/><V90/><F90/><W5/><G5/><T31/><D31/><U85/><REACH who="1" step="1"/><E76/><REACH who="1" ten="283,238,250,219" step="2"/><V57/><F117/><W127/><G127/><T49/><D121/><U120/><E120/><V88/><F118/><W13/><G13/><AGARI ba="0,1" hai="6,10,13,22,26,30,44,45,79,81,85,95,99,102" machi="13" ten="30,5800,0" yaku="1,1,7,1,8,1,53,0" doraHai="54" doraHaiUra="28" who="1" fromWho="3" sc="283,0,238,68,250,0,219,-58" /><INIT seed="1,1,0,1,0,117" ten="283,306,250,161" oya="1" hai0="63,54,103,91,127,72,7,89,55,43,18,86,79" hai1="45,21,131,65,126,2,49,60,129,106,135,80,95" hai2="99,87,9,57,116,125,96,29,97,115,38,130,92" hai3="1,119,77,133,122,0,73,124,51,5,102,13,40"/><U71/><E106/><V31/><F116/><W52/><G119/><T70/><D127/><U93/><E2/><V83/><F38/><W47/><G124/><T88/><D72/><U34/><E34/><V56/><F130/><N who="1" m="49673" /><E126/><V66/><F125/><W50/><G133/><T20/><D7/><U46/><E135/><V108/><F108/><W59/><G122/><T25/><D103/><U111/><E111/><V110/><F92/><N who="1" m="35401" /><E21/><V123/><F115/><W4/><G102/><T120/><D120/><U36/><E36/><V41/><F41/><W16/><G1/><T69/><D43/><N who="1" m="24767" /><E46/><V53/><F123/><W134/><G0/><T33/><D33/><U22/><E22/><V107/><F107/><W10/><REACH who="3" step="1"/><G134/><REACH who="3" ten="283,306,250,151" step="2"/><T24/><D24/><U84/><E80/><AGARI ba="1,1" hai="4,5,10,13,16,40,47,50,51,52,59,73,77,80" machi="80" ten="40,8000,1" yaku="1,1,2,1,54,2,53,0" doraHai="117" doraHaiUra="58" who="3" fromWho="1" sc="283,0,306,-83,250,0,151,93" /><INIT seed="2,0,0,2,1,121" ten="283,223,250,244" oya="2" hai0="135,14,20,120,82,105,48,101,40,129,29,68,133" hai1="56,15,44,86,84,64,91,85,55,30,99,126,92" hai2="97,59,89,57,47,27,19,78,131,0,128,87,88" hai3="8,26,132,76,6,81,1,130,103,127,52,41,123"/><V72/><F0/><W115/><G123/><T4/><D120/><U66/><E126/><V80/><F47/><W34/><G127/><T134/><D68/><U25/><E44/><V22/><F97/><W3/><G130/><N who="2" m="49705" /><F89/><W46/><G132/><T124/><D129/><U114/><E114/><V75/><F72/><W93/><G115/><T36/><D36/><U60/><REACH who="1" step="1"/><E15/><REACH who="1" ten="283,213,250,244" step="2"/><V10/><F10/><W90/><G46/><T117/><D14/><U125/><E125/><V17/><F17/><W32/><G3/><T106/><D124/><U119/><E119/><V110/><F110/><W83/><G1/><T122/><D117/><U43/><E43/><V95/><AGARI ba="0,1" hai="19,22,27,57,59,75,78,80,87,88,95" m="49705" machi="95" ten="30,3000,0" yaku="19,1,54,1" doraHai="121" who="2" fromWho="2" sc="283,-10,213,-10,250,40,244,-10" /><INIT seed="2,1,0,0,5,105" ten="273,203,290,234" oya="2" hai0="20,128,61,62,113,98,48,7,49,59,40,57,65" hai1="21,84,79,114,35,131,123,9,75,83,51,124,87" hai2="122,33,88,129,80,1,121,52,106,3,50,30,130" hai3="94,25,41,89,76,91,54,111,127,46,47,110,92"/><V17/><F106/><W118/><G118/><T81/><D113/><U11/><E35/><V16/><F33/><W135/><G127/><T28/><D128/><N who="2" m="49258" /><F30/><W85/><G135/><T22/><D7/><U34/><E131/><V74/><F1/><W15/><G76/><T69/><D98/><U90/><E34/><V64/><F64/><W53/><G25/><T23/><D69/><U13/><E114/><V63/><F63/><W96/><G15/><T26/><D81/><U77/><E124/><V44/><F3/><W109/><REACH who="3" step="1"/><G46/><REACH who="3" ten="273,203,290,224" step="2"/><N who="0" m="25671" /><D26/><U117/><E117/><V99/><F122/><W126/><G126/><T133/><D133/><U119/><E119/><V18/><F121/><W6/><G6/><T70/><D28/><U12/><E123/><V38/><F38/><AGARI ba="1,1" hai="38,41,47,53,54,85,89,91,92,94,96,109,110,111" machi="38" ten="40,2600,0" yaku="1,1,14,1,53,0" doraHai="105" doraHaiUra="55" who="3" fromWho="2" sc="273,0,203,0,290,-29,224,39" /><INIT seed="3,0,0,2,5,100" ten="273,203,261,263" oya="3" hai0="68,14,101,90,78,27,41,81,24,55,115,105,25" hai1="10,109,133,128,119,85,43,107,31,67,38,26,114" hai2="76,135,123,121,9,124,61,45,49,63,103,69,70" hai3="47,46,129,116,118,65,102,72,112,74,59,48,62"/><W88/><G102/><T104/><D68/><N who="2" m="26218" /><F76/><W60/><G112/><T94/><D115/><U84/><E114/><V57/><F9/><W13/><G129/><T42/><D55/><U87/><E128/><V130/><F103/><W83/><G60/><N who="2" m="23113" /><F130/><W127/><G127/><T15/><D15/><U120/><E120/><N who="2" m="46155" /><F124/><W79/><G72/><N who="0" m="43207" /><D14/><U95/><E10/><V108/><F108/><W33/><G47/><T82/><D82/><U16/><E109/><V0/><F0/><W36/><G36/><T77/><D77/><U54/><E133/><V20/><F20/><W40/><G33/><T28/><D28/><U89/><E119/><V96/><F96/><W75/><G75/><T50/><D24/><U22/><E67/><V110/><F110/><W134/><G134/><T131/><D25/><U56/><E107/><V3/><F3/><W37/><G13/><T58/><D27/><U111/><E111/><V98/><F98/><W23/><G23/><T106/><D131/><U7/><E7/><V51/><F135/><W117/><G37/><T93/><D101/><U99/><E31/><V30/><F30/><W113/><G113/><T125/><D125/><U44/><REACH who="1" step="1"/><E99/><REACH who="1" ten="273,193,261,263" step="2"/><V8/><F8/><W39/><G118/><T1/><D106/><U2/><E2/><V126/><F126/><W6/><G116/><T64/><D1/><U29/><E29/><V73/><F73/><W21/><G74/><T97/><D105/><U4/><E4/><V52/><F45/><W86/><G46/><N who="0" m="25935" /><D104/><U35/><E35/><V91/><F91/><N who="3" m="51679" /><G117/><T12/><D97/><U19/><E19/><RYUUKYOKU ba="0,1" sc="273,-15,193,15,261,15,263,-15" hai1="16,22,26,38,43,44,54,56,84,85,87,89,95" hai2="49,51,52,57" /><INIT seed="4,1,1,0,4,24" ten="258,208,276,248" oya="0" hai0="3,98,1,67,29,0,76,119,14,132,32,130,26" hai1="89,11,92,123,100,68,94,10,84,109,63,88,104" hai2="62,70,90,17,4,118,85,5,87,83,33,65,77" hai3="42,15,48,82,121,126,135,34,64,46,6,2,41"/><T38/><D119/><U35/><E109/><V9/><F118/><W80/><G126/><T22/><D38/><U20/><E123/><V52/><F33/><W73/><G121/><T54/><D130/><U60/><E35/><V105/><F105/><W75/><G34/><T120/><D120/><U112/><E112/><V101/><F101/><W129/><G129/><T78/><D132/><U66/><E60/><V124/><F124/><W49/><G135/><T116/><D116/><U27/><E100/><V18/><F52/><W71/><G2/><T86/><D67/><U91/><E104/><V107/><F107/><W115/><G115/><T110/><D98/><U106/><E106/><V37/><F37/><W7/><G64/><T53/><D110/><U25/><E25/><V74/><F74/><W59/><G15/><T69/><D69/><U134/><E134/><V117/><F4/><W39/><G39/><T96/><D96/><U36/><E36/><V99/><F99/><W51/><G71/><T127/><D127/><U81/><E89/><V57/><F70/><W111/><G111/><T61/><D61/><U28/><REACH who="1" step="1"/><E81/><REACH who="1" ten="258,198,276,248" step="2"/><N who="2" m="47279" /><F117/><W16/><G82/><T19/><D76/><U50/><E50/><V113/><F113/><W72/><G80/><T97/><D78/><U114/><E114/><V12/><AGARI ba="1,2" hai="5,9,12,17,18,57,62,65,83,87,90" m="47279" machi="12" ten="30,1100,0" yaku="8,1" doraHai="24" who="2" fromWho="2" sc="258,-6,198,-4,276,34,248,-4" owari="252,5.2,194,-30.6,310,41.0,244,-15.6" /></mjloggm>