<mjloggm ver="2.3"><GO type="225" lobby="0"/><UN n0="%E6%A3%AE%E5%B1%B1%E7%94%B0%E7%9B%B4%E5%A4%AA%E6%9C%97%E4%B9%8B%E4%BB%8B" n1="%E3%81%8B%E3%82%8F%E3%81%A1%E3%82%83%E3%82%93%35%38" n2="%E3%81%AE%E3%81%AA%E3%82%81%E3%83%BC%E3%82%93" n3="%E5%A4%8F%E9%88%B4%E9%88%B4%E5%A4%8F" dan="16,16,16,16" rate="2139.10,2170.53,2078.02,2113.41" sx="M,M,M,F"/><TAIKYOKU oya="0"/><INIT seed="0,0,0,4,1,47" ten="250,250,250,250" oya="0" hai0="15,95,60,110,67,112,90,100,135,22,96,89,5" hai1="124,17,19,131,58,28,93,121,2,98,94,61,10" hai2="43,62,65,72,92,40,36,45,87,9,129,4,109" hai3="79,111,115,84,70,78,104,38,71,32,120,122,52"/><T133/><D112/><U63/><E121/><N who="3" m="46698" /><G115/><T0/><D0/><U31/><E131/><V57/><F129/><W126/><G111/><T76/><D110/><U6/><E124/><V20/><F109/><W51/><G38/><T25/><D76/><N who="3" m="29225" /><G104/><T127/><D127/><U64/><E93/><V134/><F134/><N who="0" m="51210" /><D15/><U102/><E28/><V46/><F20/><W27/><G84/><T16/><D5/><U88/><E102/><V68/><F72/><W85/><G85/><T117/><D117/><U125/><E31/><V105/><F105/><W37/><G37/><T123/><D123/><U24/><E24/><V103/><F103/><W7/><G7/><T74/><D74/><U66/><REACH who="1" step="1"/><E125/><REACH who="1" ten="250,240,250,250" step="2"/><V54/><F92/><W106/><G126/><T75/><D75/><U113/><E113/><V69/><F87/><W39/><G106/><T55/><D55/><U41/><E41/><V49/><REACH who="2" step="1"/><F54/><REACH who="2" ten="250,240,240,250" step="2"/><W114/><G114/><T34/><D34/><U23/><E23/><V99/><F99/><W50/><G52/><T130/><D130/><U73/><E73/><V42/><F42/><W30/><G39/><T35/><D35/><U59/><AGARI ba="0,2" hai="2,6,10,17,19,58,59,61,63,64,66,88,94,98" machi="59" ten="20,8000,1" yaku="1,1,0,1,7,1,9,1,54,1,53,0" doraHai="47" doraHaiUra="132" who="1" fromWho="1" sc="250,-40,240,100,240,-20,250,-20" /><INIT seed="1,0,0,2,0,106" ten="210,340,220,230" oya="1" hai0="60,73,51,46,36,44,128,55,104,71,124,43,131" hai1="29,24,47,134,78,15,83,68,109,72,127,25,63" hai2="113,116,69,22,21,89,94,77,5,34,126,101,74" hai3="19,105,88,3,84,56,57,85,32,18,58,120,119"/><U81/><E127/><V42/><F116/><W2/><G120/><T98/><D104/><U49/><E134/><V41/><F34/><W129/><G105/><T122/><D98/><U90/><E109/><V52/><F69/><W76/><G32/><T37/><D73/><U133/><E133/><V39/><F126/><W97/><G76/><T64/><D124/><U115/><E115/><V6/><F113/><W130/><G97/><T45/><D122/><U91/><E15/><V12/><F101/><W110/><G110/><T111/><D111/><U30/><E24/><V0/><F0/><N who="3" m="43" /><G119/><T121/><D121/><U48/><E48/><V82/><F52/><W38/><G38/><T17/><D17/><N who="3" m="6153" /><G88/><T50/><D50/><U118/><E118/><V16/><F21/><W26/><G26/><T31/><D31/><U65/><E83/><V87/><REACH who="2" step="1"/><F39/><REACH who="2" ten="210,340,210,230" step="2"/><W14/><G14/><T10/><D10/><U4/><E29/><V8/><F8/><W1/><G1/><T11/><D11/><U108/><E108/><V13/><F13/><W66/><G66/><T93/><D93/><U92/><E92/><V103/><F103/><W23/><G23/><T33/><D33/><U53/><E4/><AGARI ba="0,1" hai="4,5,6,12,16,22,41,42,74,77,82,87,89,94" machi="4" ten="40,5200,0" yaku="1,1,52,1,54,1,53,0" doraHai="106" doraHaiUra="102" who="2" fromWho="1" sc="210,0,340,-52,210,62,230,0" /><INIT seed="2,0,0,4,3,114" ten="210,288,272,230" oya="2" hai0="66,134,3,126,112,30,127,22,84,43,52,58,132" hai1="33,102,18,13,82,104,110,78,16,108,124,20,71" hai2="47,73,133,70,68,65,101,130,95,88,51,36,105" hai3="83,96,61,54,0,85,4,48,113,100,17,21,118"/><V119/><F130/><W25/><G113/><T32/><D3/><U34/><E71/><V28/><F133/><N who="0" m="51306" /><D32/><N who="1" m="12395" /><E102/><V77/><F36/><W6/><G61/><T75/><D75/><U35/><E104/><V62/><F101/><W63/><G0/><T90/><D112/><U41/><E41/><V87/><F105/><W69/><G63/><N who="0" m="36295" /><D43/><U64/><E64/><V19/><F28/><W76/><G69/><T49/><D49/><U74/><E124/><N who="0" m="47657" /><D66/><U135/><E135/><V121/><F70/><W111/><G111/><T44/><D44/><U131/><E35/><V14/><F73/><W107/><REACH who="3" step="1"/><G118/><REACH who="3" ten="210,288,272,220" step="2"/><T55/><D55/><U98/><E110/><V26/><F119/><W122/><G122/><T128/><D30/><U1/><E1/><V42/><F121/><W129/><G129/><T59/><D128/><U79/><E131/><V109/><F109/><W99/><G99/><T94/><D59/><AGARI ba="0,1" hai="4,6,17,21,25,48,54,59,76,83,85,96,100,107" machi="59" ten="30,2000,0" yaku="1,1,7,1,53,0" doraHai="114" doraHaiUra="115" who="3" fromWho="0" sc="210,-20,288,0,272,0,220,30" /><INIT seed="3,0,0,2,0,0" ten="190,288,272,250" oya="3" hai0="3,82,93,5,102,79,134,13,96,6,86,94,30" hai1="68,127,47,10,131,108,114,15,28,75,85,22,117" hai2="58,24,48,90,73,103,20,17,50,56,2,9,106" hai3="88,107,126,51,104,18,116,72,110,105,83,95,74"/><W57/><G116/><T21/><D3/><U40/><E75/><V41/><F73/><W66/><G126/><T38/><D38/><U44/><E114/><V128/><F128/><W32/><G32/><T53/><D134/><U59/><E68/><V129/><F129/><W60/><G110/><T135/><D135/><U36/><E131/><V118/><F118/><W109/><G83/><T120/><D120/><U52/><E117/><V87/><F106/><W89/><G89/><T81/><D93/><U84/><E127/><V80/><F103/><W34/><G34/><T31/><D53/><U39/><E108/><V7/><REACH who="2" step="1"/><F50/><REACH who="2" ten="190,288,262,250" step="2"/><W4/><G109/><T23/><D82/><U67/><E39/><V55/><F55/><W119/><G51/><T1/><D1/><U61/><E52/><V113/><F113/><W46/><G74/><T27/><REACH who="0" step="1"/><D13/><REACH who="0" ten="180,288,262,250" step="2"/><U122/><E122/><V100/><F100/><W45/><G107/><T8/><D8/><U33/><E10/><V124/><F124/><W123/><G105/><T132/><D132/><U133/><E133/><V91/><F91/><W49/><G88/><T98/><D98/><U62/><E15/><V35/><F35/><W63/><G104/><T112/><D112/><U16/><E33/><V25/><F25/><AGARI ba="0,2" hai="5,6,21,23,25,27,30,31,79,81,86,94,96,102" machi="25" ten="40,12000,2" yaku="1,1,9,1,8,1,52,2,53,1" doraHai="0" doraHaiUra="99" who="0" fromWho="2" sc="180,140,288,0,262,-120,250,0" owari="320,42.0,288,8.8,142,-35.8,250,-15.0" /></mjloggm>