<mjloggm ver="2.3"><GO type="225" lobby="0"/><UN n0="%E5%91%A8%E6%9D%B1" n1="%E3%83%96%E3%83%83%E3%83%91%E3%82%AA%E3%83%96%E3%83%81%E3%82%AD%E3%83%B3" n2="%E6%9D%B1%E9%A2%A8%E3%81%AE%E3%81%8D%E3%82%83%E3%81%B7%E3%81%95%E3%82%93" n3="%E3%82%BC%E3%83%AB%E3%83%80%E3%81%AE%E4%BC%9D%E8%AA%AC" dan="16,16,16,17" rate="2183.60,2178.20,2190.64,2118.73" sx="M,M,M,M"/><TAIKYOKU oya="0"/><INIT seed="0,0,0,1,0,104" ten="250,250,250,250" oya="0" hai0="125,77,17,32,9,55,53,5,63,49,100,0,70" hai1="129,119,47,39,25,65,75,52,80,48,21,57,60" hai2="128,66,23,27,10,82,51,122,120,68,67,44,28" hai3="46,1,11,98,93,113,112,108,105,71,20,29,134"/><T118/><D118/><U86/><E129/><V19/><F128/><W103/><G71/><T83/><D125/><U132/><E132/><V115/><F115/><W106/><G134/><T30/><D100/><U90/><E119/><V45/><F68/><W16/><G108/><T18/><D30/><U72/><REACH who="1" step="1"/><E39/><REACH who="1" ten="250,240,250,250" step="2"/><V69/><F122/><W99/><G112/><T37/><D37/><U91/><E91/><V133/><F120/><W85/><G113/><T62/><D32/><U92/><E92/><V40/><F133/><W123/><G106/><T73/><D63/><U13/><E13/><N who="2" m="7607" /><F69/><W126/><G126/><T50/><D62/><U33/><E33/><V109/><F109/><W89/><G123/><T64/><D70/><U43/><E43/><N who="2" m="24991" /><F82/><W54/><G105/><T127/><D127/><U94/><E94/><V116/><F116/><W84/><G1/><T117/><D117/><U110/><E110/><V131/><F131/><W61/><G93/><T38/><D38/><U130/><E130/><V74/><F74/><W81/><G81/><T22/><D73/><U56/><E56/><V31/><F40/><W114/><G114/><T12/><D83/><U97/><E97/><V95/><F95/><W24/><G89/><T8/><D0/><U111/><E111/><V2/><F2/><W87/><G103/><T107/><D107/><U6/><E6/><V78/><F78/><W14/><G61/><T79/><D5/><U96/><E96/><V59/><F59/><W4/><G4/><T35/><D35/><U76/><E76/><V7/><F7/><W15/><G15/><RYUUKYOKU ba="0,1" sc="250,-15,240,15,250,-15,250,15" hai1="21,25,47,48,52,57,60,65,72,75,80,86,90" hai3="11,14,16,20,24,29,46,54,84,85,87,98,99" /><INIT seed="1,1,1,1,3,52" ten="235,255,235,265" oya="1" hai0="133,19,134,72,43,80,35,110,9,108,92,17,67" hai1="39,31,70,78,87,125,6,32,119,101,82,13,26" hai2="34,23,60,0,90,95,75,21,47,55,33,124,62" hai3="76,49,94,91,98,27,48,10,128,57,58,109,112"/><U65/><E119/><V126/><F75/><W135/><G112/><T8/><D35/><N who="2" m="13322" /><F0/><W28/><G109/><N who="0" m="42091" /><D43/><U85/><E39/><V104/><F104/><W132/><G128/><T113/><D67/><U51/><E125/><N who="2" m="48235" /><F47/><W66/><G76/><N who="0" m="44039" /><D113/><U81/><E101/><V84/><F60/><W88/><G91/><T86/><D86/><U46/><E70/><V42/><F42/><W93/><G93/><T29/><D29/><U120/><E120/><V131/><F131/><W103/><G103/><T127/><D92/><U16/><E65/><V99/><F84/><W38/><G38/><T105/><D105/><U97/><E97/><V4/><F4/><W69/><G69/><T83/><D83/><U77/><E6/><V96/><F96/><W73/><G73/><T30/><D30/><U130/><E130/><V107/><F107/><W59/><G66/><T36/><D36/><U15/><REACH who="1" step="1"/><E16/><REACH who="1" ten="235,245,235,265" step="2"/><N who="0" m="6217" /><D127/><U56/><E56/><AGARI ba="1,2" hai="21,23,55,56,62,90,95,99" m="48235,13322" machi="56" ten="30,2000,0" yaku="18,1,52,1" doraHai="52" who="2" fromWho="1" sc="235,0,245,-23,235,43,265,0" /><INIT seed="2,0,0,2,4,91" ten="235,222,278,265" oya="2" hai0="110,14,4,53,60,29,133,81,73,101,57,12,85" hai1="9,23,27,32,6,17,107,76,97,121,62,134,102" hai2="88,125,90,47,98,112,51,49,105,100,68,5,120" hai3="56,99,116,55,40,119,79,19,135,130,15,131,64"/><V117/><F68/><W42/><G79/><T127/><D110/><U132/><E121/><V89/><F120/><W48/><G99/><T80/><D133/><U31/><E76/><V93/><F117/><N who="3" m="45131" /><G15/><T103/><D127/><U74/><E74/><V122/><F122/><W28/><G19/><T95/><D29/><U45/><E45/><V0/><F125/><W82/><G82/><N who="0" m="31851" /><D73/><U8/><E62/><V87/><F112/><W123/><G28/><T21/><D12/><N who="1" m="9639" /><E9/><V52/><REACH who="2" step="1"/><F51/><REACH who="2" ten="235,222,268,265" step="2"/><W65/><G123/><T50/><D50/><U30/><E30/><V128/><F128/><N who="3" m="49195" /><G135/><T94/><D60/><U16/><E16/><V46/><F46/><W92/><G92/><T35/><D95/><U3/><AGARI ba="0,1" hai="3,6,8,27,31,32,97,102,107,132,134" m="9639" machi="3" ten="30,1100,0" yaku="24,1" doraHai="91" who="1" fromWho="1" sc="235,-3,222,21,268,-5,265,-3" /><INIT seed="3,0,0,4,3,45" ten="232,243,263,262" oya="3" hai0="128,58,78,75,62,114,64,111,34,77,2,43,18" hai1="118,135,26,92,9,39,20,54,22,29,5,121,27" hai2="30,117,123,61,104,0,106,122,25,33,74,31,86" hai3="11,124,102,14,71,56,52,8,21,36,87,4,60"/><W110/><G36/><T108/><D2/><U23/><E121/><N who="2" m="46091" /><F31/><W129/><G124/><T15/><D34/><U105/><E105/><N who="2" m="40555" /><F86/><W51/><G129/><T69/><D128/><U94/><E135/><V1/><F61/><W63/><G110/><N who="0" m="42027" /><D114/><U130/><E130/><V119/><F74/><W115/><G115/><T82/><D43/><U55/><E39/><V112/><F112/><W85/><G102/><T72/><D78/><U90/><E118/><AGARI ba="0,0" hai="0,1,25,30,33,117,118,119" m="40555,46091" machi="118" ten="40,2600,0" yaku="13,1,23,1" doraHai="45" who="2" fromWho="1" sc="232,0,243,-26,263,26,262,0" /><INIT seed="4,0,0,0,5,41" ten="232,217,289,262" oya="0" hai0="133,123,103,21,87,56,135,71,9,122,65,95,130" hai1="104,22,82,5,45,125,47,39,89,0,27,23,112" hai2="52,101,128,119,94,48,97,96,117,16,111,83,99" hai3="118,8,25,7,77,10,108,116,29,42,31,28,91"/><T73/><D71/><U86/><E39/><V3/><F3/><W60/><G77/><T67/><D73/><U17/><E104/><V76/><F111/><W63/><G91/><N who="0" m="53759" /><D103/><U32/><E32/><V81/><F16/><W109/><G42/><T132/><D130/><U129/><E129/><V43/><F43/><W100/><G100/><T37/><D37/><U4/><E125/><V70/><F70/><W26/><G31/><T78/><D78/><U110/><E110/><V30/><F30/><W38/><G38/><T13/><D21/><U2/><E112/><V113/><F113/><W36/><G36/><T79/><D79/><U1/><REACH who="1" step="1"/><E23/><REACH who="1" ten="232,207,289,262" step="2"/><V34/><F34/><W61/><G108/><T11/><D11/><U49/><E49/><V85/><F128/><W121/><G109/><T75/><D75/><U106/><E106/><V88/><F117/><W19/><G116/><T35/><D35/><U12/><E12/><V105/><F119/><W127/><G118/><T80/><D13/><U15/><E15/><V46/><F83/><W72/><G127/><T92/><D80/><U57/><E57/><V124/><F124/><W40/><G72/><AGARI ba="0,1" hai="46,48,52,72,76,81,85,88,94,96,97,99,101,105" machi="72" ten="30,12000,2" yaku="7,1,24,2,52,1,54,2" doraHai="41" who="2" fromWho="3" sc="232,0,207,0,289,130,262,-120" owari="232,3.2,207,-19.3,419,51.9,142,-35.8" /></mjloggm>