<mjloggm ver="2.3"><GO type="225" lobby="0"/><UN n0="%E7%B4%94%E6%BD%94%E3%83%94%E3%83%A9%E3%83%8B%E3%82%A2" n1="%4B%2E%32%2E%4B%2E" n2="%33%74%72%65%65" n3="%E6%9D%B1%E9%A2%A8%E3%81%AE%E3%81%8D%E3%82%83%E3%81%B7%E3%81%95%E3%82%93" dan="17,16,17,16" rate="2205.68,2168.38,2123.56,2187.60" sx="M,M,F,M"/><TAIKYOKU oya="0"/><INIT seed="0,0,0,3,3,29" ten="250,250,250,250" oya="0" hai0="77,76,113,104,26,90,88,66,122,7,27,64,62" hai1="1,54,102,106,94,25,92,41,123,43,9,15,48" hai2="111,91,10,116,68,134,20,37,38,80,35,132,8" hai3="49,33,112,55,99,100,121,75,126,57,107,98,23"/><T18/><D7/><U32/><E123/><V61/><F111/><W67/><G75/><T89/><D104/><U3/><E106/><V30/><F20/><W22/><G121/><T81/><D122/><U82/><E3/><V108/><F108/><W6/><G112/><T52/><D113/><U124/><E1/><V118/><F91/><W5/><G126/><T78/><D81/><U56/><E124/><V31/><F80/><W11/><G67/><N who="0" m="25643" /><D18/><U93/><E102/><V119/><F61/><W125/><G98/><T95/><D95/><U42/><E82/><V130/><F130/><W84/><G125/><T13/><D13/><U105/><E105/><V74/><F74/><W128/><G128/><T97/><D97/><U58/><E58/><AGARI ba="0,0" hai="26,27,52,58,62,76,77,78,88,89,90" m="25643" machi="58" ten="40,7700,0" yaku="8,1,54,2" doraHai="29" who="0" fromWho="1" sc="250,77,250,-77,250,0,250,0" /><INIT seed="0,1,0,0,3,13" ten="327,173,250,250" oya="0" hai0="45,39,43,83,48,6,1,66,72,26,40,16,53" hai1="59,134,107,117,24,50,27,38,85,125,20,46,11" hai2="118,106,120,62,74,113,88,61,64,44,126,86,41" hai3="110,124,17,21,80,105,49,127,81,29,135,12,128"/><T0/><D66/><U36/><E117/><V73/><F120/><W30/><G105/><T33/><D43/><U101/><E134/><V42/><F113/><W68/><G68/><T2/><D33/><U18/><E125/><N who="3" m="48202" /><G135/><T56/><D6/><U31/><E59/><V89/><F126/><W75/><G128/><T22/><D83/><N who="3" m="31817" /><G75/><T93/><D93/><U19/><E85/><V37/><F106/><W98/><G98/><T60/><REACH who="0" step="1"/><D72/><REACH who="0" ten="317,173,250,250" step="2"/><U14/><E107/><V133/><F74/><W76/><G110/><T100/><D100/><U69/><E101/><V87/><F73/><W96/><G76/><T131/><D131/><U47/><E69/><V71/><F133/><W54/><G96/><T23/><D23/><N who="1" m="15775" /><E38/><AGARI ba="1,1" hai="0,1,2,16,22,26,38,39,40,45,48,53,56,60" machi="38" ten="40,12000,1" yaku="1,1,52,1,54,1,53,2" doraHai="13" doraHaiUra="70" who="0" fromWho="1" sc="317,133,173,-123,250,0,250,0" /><INIT seed="0,2,0,4,5,54" ten="450,50,250,250" oya="0" hai0="18,135,27,23,93,75,133,35,85,11,116,61,78" hai1="84,52,28,97,82,79,118,57,81,37,15,125,39" hai2="66,62,63,132,103,74,106,127,130,7,53,115,101" hai3="8,119,121,67,32,126,42,90,91,43,55,114,30"/><T94/><D35/><U12/><E125/><V34/><F115/><W104/><G104/><T102/><D116/><U46/><E118/><V128/><F74/><W100/><G100/><T3/><D75/><U26/><E97/><V73/><F73/><W31/><G67/><T9/><D61/><U14/><E82/><V76/><F76/><W109/><G55/><T105/><D105/><U89/><E46/><V129/><F127/><W77/><G77/><T36/><D36/><U123/><E79/><V80/><F80/><W112/><G8/><N who="0" m="3147" /><D3/><U83/><E83/><V33/><F106/><W2/><G2/><T71/><D71/><U21/><REACH who="1" step="1"/><E123/><REACH who="1" ten="450,40,250,250" step="2"/><V122/><F122/><W111/><G121/><T107/><D78/><U41/><E41/><V131/><F131/><W95/><G126/><T44/><D85/><U17/><E17/><V22/><F129/><W64/><G119/><T86/><D86/><U13/><N who="1" m="3072" /><DORA hai="45" /><U120/><E120/><V108/><F130/><W92/><G64/><T50/><D102/><U47/><E47/><V4/><F66/><W40/><G40/><N who="0" m="24839" /><D107/><U70/><E70/><V98/><F103/><W24/><G24/><T25/><D27/><U6/><E6/><V20/><F4/><W68/><G68/><T124/><D124/><U19/><E19/><V49/><F7/><W1/><G1/><T117/><D117/><U113/><E113/><V87/><F101/><W88/><G90/><T99/><D99/><U96/><E96/><V60/><F98/><W72/><G72/><T38/><D38/><U59/><E59/><N who="2" m="33199" /><F128/><W65/><G65/><RYUUKYOKU ba="2,1" sc="450,10,40,10,250,-30,250,10" hai0="18,23,25,93,94,133,135" hai1="21,26,28,37,39,52,57,81,84,89" hai3="30,31,32,42,43,88,91,92,95,109,111,112,114" /><INIT seed="0,3,1,3,2,30" ten="460,50,220,260" oya="0" hai0="98,26,64,114,53,85,135,9,123,32,62,40,78" hai1="75,119,125,6,72,77,113,92,10,73,43,126,7" hai2="41,20,90,67,49,100,109,11,130,23,118,17,46" hai3="47,33,121,80,0,71,96,45,107,111,91,58,106"/><T99/><D114/><U124/><E119/><V89/><F109/><W66/><G58/><T15/><D123/><U24/><E77/><V95/><F130/><W56/><G56/><T129/><D129/><U21/><E113/><V3/><F118/><W51/><G80/><T28/><D53/><U116/><E116/><V87/><F67/><W18/><G91/><T50/><D135/><U69/><E69/><V105/><F105/><W93/><G18/><T42/><D42/><U94/><E43/><V97/><F100/><W60/><G0/><T65/><D50/><U70/><E70/><V34/><F34/><W12/><G12/><T16/><D40/><U8/><E21/><V115/><F115/><W108/><G33/><T5/><D64/><U134/><E24/><V44/><F44/><W132/><G45/><T131/><D131/><U13/><REACH who="1" step="1"/><E134/><REACH who="1" ten="460,40,220,260" step="2"/><V37/><F20/><W88/><G132/><T127/><D78/><U52/><E52/><V86/><F23/><W14/><G121/><T48/><D26/><U35/><E35/><V22/><F22/><W31/><G31/><T83/><D32/><U59/><E59/><V38/><F41/><N who="3" m="25071" /><G14/><AGARI ba="3,2" hai="6,7,8,10,13,14,72,73,75,92,94,124,125,126" machi="14" ten="50,6400,0" yaku="1,1,9,1,18,1,53,0" doraHai="30" doraHaiUra="54" who="1" fromWho="3" sc="460,0,40,93,220,0,260,-73" /><INIT seed="1,0,0,2,3,13" ten="460,133,220,187" oya="1" hai0="12,34,19,25,129,110,79,61,5,48,51,24,112" hai1="22,23,127,89,100,44,107,108,42,69,60,46,94" hai2="113,95,73,97,135,36,3,15,31,38,91,53,118" hai3="87,1,78,130,63,21,101,47,59,17,39,40,4"/><U35/><E35/><V114/><F118/><W86/><G130/><T132/><D5/><U120/><E120/><V81/><F3/><W90/><G101/><T106/><D79/><U96/><E127/><V20/><F135/><W14/><G78/><T2/><D2/><U29/><E108/><V70/><F70/><W52/><REACH who="3" step="1"/><G90/><REACH who="3" ten="460,133,220,177" step="2"/><T92/><D129/><U131/><E131/><V28/><F91/><W65/><G65/><T115/><D132/><U27/><E42/><V64/><F64/><W67/><G67/><T82/><D110/><U43/><E43/><V102/><F102/><W16/><G16/><T117/><D19/><U76/><E76/><V125/><F114/><W80/><G80/><T33/><D82/><U6/><E6/><V88/><F81/><W32/><G32/><T49/><D33/><U128/><E128/><V62/><F88/><W30/><G30/><T18/><D34/><U45/><E107/><V41/><F41/><W71/><G71/><T103/><D115/><U99/><E100/><V83/><F83/><W10/><AGARI ba="0,1" hai="1,4,10,14,17,21,39,40,47,52,59,63,86,87" machi="10" ten="30,7900,0" yaku="1,1,0,1,52,1,54,1,53,0" doraHai="13" doraHaiUra="75" who="3" fromWho="3" sc="460,-20,133,-39,220,-20,177,89" /><INIT seed="2,0,0,0,3,54" ten="440,94,200,266" oya="2" hai0="111,71,24,15,30,35,34,25,124,41,66,106,99" hai1="42,102,8,113,90,37,9,134,65,52,67,16,97" hai2="0,78,120,72,83,60,126,77,87,62,33,55,122" hai3="81,73,51,1,57,108,18,17,104,46,11,44,76"/><V21/><F33/><W88/><G104/><T89/><D111/><U48/><E113/><V121/><F126/><W95/><G108/><T132/><D124/><U93/><E134/><V7/><F0/><W125/><G125/><T75/><D75/><U45/><E102/><V118/><F118/><W129/><G129/><T82/><D41/><U109/><E109/><V116/><F116/><W94/><G94/><T131/><D15/><U2/><E9/><V58/><F7/><W117/><G117/><T27/><D34/><U105/><E105/><V49/><F77/><W50/><G50/><T128/><D132/><U135/><E135/><V5/><F5/><W29/><G29/><T114/><D114/><U84/><E97/><V112/><F112/><W28/><G28/><T91/><D91/><U130/><E130/><N who="0" m="49705" /><D66/><U74/><E74/><V69/><F69/><W14/><G1/><T98/><D71/><U61/><E61/><V119/><F119/><W3/><G3/><T4/><D4/><U59/><REACH who="1" step="1"/><E2/><REACH who="1" ten="440,84,200,266" step="2"/><V70/><F72/><W56/><G18/><T53/><D106/><U23/><E23/><V103/><F103/><W26/><G73/><T110/><D110/><U80/><E80/><V19/><F70/><W36/><G81/><T40/><D99/><U107/><E107/><V64/><F62/><W20/><G20/><T22/><D22/><U31/><E31/><V86/><F86/><W79/><G11/><T47/><D30/><U12/><AGARI ba="0,1" hai="8,12,16,37,42,45,48,52,59,65,67,84,90,93" machi="12" ten="30,12000,2" yaku="1,1,0,1,52,1,54,2,53,1" doraHai="54" doraHaiUra="10" who="1" fromWho="1" sc="440,-30,84,130,200,-60,266,-30" /><INIT seed="3,0,0,1,2,81" ten="410,214,140,236" oya="3" hai0="93,30,75,111,27,21,130,82,14,108,118,44,121" hai1="43,54,128,123,64,34,16,1,5,58,113,38,101" hai2="10,62,107,6,135,99,42,90,76,67,133,72,26" hai3="94,2,134,32,3,49,48,86,37,102,11,95,92"/><W60/><G37/><T18/><D118/><U124/><E123/><V7/><F42/><W15/><G32/><T71/><D71/><U47/><E113/><V132/><F26/><W116/><G134/><T85/><D121/><U79/><E34/><V24/><F24/><W105/><G60/><T122/><D122/><U96/><E124/><V112/><F112/><W20/><G20/><T9/><D130/><U100/><E128/><V57/><F10/><W56/><G56/><T77/><D44/><U31/><E64/><V28/><F28/><W39/><G39/><T35/><D93/><U73/><E96/><V13/><F13/><W29/><G29/><T119/><D119/><U97/><E97/><V98/><F107/><W104/><G102/><T83/><D35/><U103/><E31/><V36/><F36/><W74/><G74/><T4/><D4/><U55/><E58/><V110/><F110/><N who="0" m="42026" /><D82/><N who="1" m="45423" /><E16/><V117/><F117/><W120/><G120/><T63/><D63/><U70/><E70/><V12/><F12/><W127/><G15/><T114/><D114/><U84/><E84/><AGARI ba="0,0" hai="9,14,18,21,27,30,75,77,83,84,85" m="42026" machi="84" ten="30,3900,0" yaku="14,1,52,2" doraHai="81" who="0" fromWho="1" sc="410,39,214,-39,140,0,236,0" owari="449,54.9,175,-22.5,140,-36.0,236,3.6" /></mjloggm>