<mjloggm ver="2.3"><GO type="225" lobby="0"/><UN n0="%E3%81%82%E3%81%84%E3%81%82%E3%81%8A%E3%81%84" n1="%E3%81%8B%E3%82%8F%E3%81%A1%E3%82%83%E3%82%93%35%38" n2="%E8%81%B7%E6%A5%AD%E3%80%81%E9%A2%A8%32" n3="%4B%2E%32%2E%4B%2E" dan="18,16,16,16" rate="2192.51,2144.50,2140.64,2156.54" sx="M,M,M,M"/><TAIKYOKU oya="0"/><INIT seed="0,0,0,2,3,111" ten="250,250,250,250" oya="0" hai0="60,18,109,66,33,27,16,71,59,47,120,98,81" hai1="30,79,97,94,15,113,96,106,68,134,51,65,39" hai2="35,43,102,74,129,125,87,20,12,75,80,4,31" hai3="89,77,38,50,121,132,49,99,85,103,17,73,37"/><T91/><D120/><U7/><E39/><V61/><F125/><W41/><G121/><T52/><D109/><U124/><E30/><V36/><F129/><W83/><G132/><T114/><D114/><U24/><E24/><V93/><F61/><W88/><G89/><T133/><D133/><U19/><E7/><V118/><F118/><W14/><G38/><T25/><D47/><U67/><E68/><V10/><F35/><W115/><G115/><T40/><D40/><U9/><E113/><V90/><F36/><W78/><G41/><T128/><D128/><U53/><E134/><V100/><F43/><W108/><G108/><T5/><D5/><U105/><E105/><V44/><F44/><W112/><G112/><T117/><D117/><U130/><E130/><V55/><F55/><W62/><G62/><T122/><D122/><U0/><E0/><V72/><REACH who="2" step="1"/><F80/><REACH who="2" ten="250,250,240,250" step="2"/><W135/><G37/><T3/><D81/><U21/><E124/><V69/><F69/><W22/><G135/><T84/><D33/><U92/><E67/><V34/><F34/><W101/><G50/><T45/><D66/><U110/><E65/><V54/><F54/><W63/><G63/><T13/><D71/><U107/><E110/><V46/><F46/><W86/><G49/><T57/><D45/><U11/><E53/><V95/><F95/><N who="1" m="36393" /><E51/><V32/><F32/><W26/><G83/><T29/><D52/><U8/><E79/><V126/><F126/><W58/><G78/><T82/><D60/><U1/><E1/><V116/><F116/><W23/><G77/><N who="0" m="46159" /><D3/><U48/><E48/><RYUUKYOKU ba="0,1" sc="250,-15,250,15,240,15,250,-15" hai1="8,9,11,15,19,21,96,97,106,107" hai2="4,10,12,20,31,72,74,75,87,90,93,100,102" /><INIT seed="1,1,1,4,4,83" ten="235,265,255,235" oya="1" hai0="36,131,8,24,80,102,1,125,44,99,123,84,110" hai1="0,63,7,104,19,26,103,109,79,132,135,118,23" hai2="2,76,25,30,15,92,35,13,4,61,121,22,119" hai3="16,66,78,28,122,38,10,57,18,56,53,51,129"/><U58/><E118/><V106/><F106/><W93/><G122/><T97/><D110/><U85/><E109/><V113/><F121/><W94/><G38/><T21/><D123/><U17/><E0/><V108/><F119/><W50/><G129/><T3/><D131/><U64/><E7/><V133/><F108/><W68/><G68/><T77/><D125/><U9/><E103/><V98/><F133/><N who="1" m="51273" /><E104/><V126/><F113/><W42/><G28/><T52/><D8/><U73/><E73/><V82/><F126/><W55/><G78/><T87/><D99/><U88/><E79/><V124/><F124/><W54/><G66/><T70/><D70/><U65/><E9/><V130/><F130/><W117/><G117/><T107/><D87/><U29/><E64/><V111/><F111/><W27/><G42/><T60/><D36/><U114/><E114/><V39/><F39/><W59/><G10/><T105/><D105/><U49/><E49/><N who="3" m="18442" /><G27/><T37/><D37/><U134/><N who="1" m="51281" /><U72/><DORA hai="31" /><E72/><V96/><F61/><W112/><G112/><T71/><D71/><U101/><E101/><V91/><F98/><W100/><G100/><T6/><D6/><U46/><E46/><V45/><F45/><W11/><G11/><T95/><D107/><U67/><E67/><V5/><F2/><W90/><G90/><T47/><D1/><U14/><E14/><N who="2" m="5131" /><F22/><W33/><G33/><T12/><D12/><U40/><E40/><V81/><F76/><W41/><G41/><T89/><D3/><U20/><E20/><V43/><F43/><W48/><G48/><RYUUKYOKU ba="1,1" sc="235,-30,265,10,255,10,235,10" hai1="17,19,23,26,29,58,63,65,85,88" hai2="4,5,25,30,35,81,82,91,92,96" hai3="16,18,53,54,55,56,57,59,93,94" /><INIT seed="1,2,1,2,3,60" ten="205,275,265,245" oya="1" hai0="22,116,113,52,66,98,91,21,71,14,110,1,56" hai1="84,58,133,64,92,13,78,24,45,93,37,132,69" hai2="15,32,70,68,17,43,3,35,120,41,103,59,50" hai3="67,100,90,112,39,31,131,82,11,135,55,108,65"/><U104/><E104/><V44/><F3/><W2/><G112/><T118/><D1/><U33/><E69/><V87/><F120/><W6/><G39/><T42/><D113/><U18/><E78/><V128/><F128/><W26/><G131/><T30/><D42/><N who="1" m="22735" /><E84/><V114/><F43/><W53/><G108/><T80/><D110/><U5/><E5/><V77/><F114/><W34/><G135/><N who="1" m="51786" /><E58/><V51/><F103/><W57/><G100/><T89/><D98/><U122/><E64/><V124/><F68/><W28/><G28/><T123/><D123/><U74/><E74/><V9/><F70/><W27/><G27/><T8/><D66/><U121/><E93/><V115/><F115/><W97/><G53/><T86/><D71/><U85/><E92/><V117/><F87/><W38/><G38/><T125/><D118/><U106/><E85/><V99/><F117/><W61/><REACH who="3" step="1"/><G82/><REACH who="3" ten="205,275,265,235" step="2"/><T105/><D80/><U10/><E106/><V102/><F102/><W40/><G40/><T111/><D105/><U63/><E63/><V16/><F41/><W36/><G36/><T46/><D111/><U79/><E79/><V127/><F77/><W129/><G129/><T29/><D116/><U107/><E107/><V95/><F51/><W73/><G73/><T49/><D49/><U12/><E24/><V7/><F50/><W62/><G62/><T72/><D72/><U130/><E130/><V47/><F124/><W83/><G83/><T101/><D125/><U25/><E25/><V94/><F127/><W20/><G20/><T19/><D22/><N who="1" m="11591" /><E33/><V54/><F35/><RYUUKYOKU ba="2,2" sc="205,-15,275,15,265,-15,235,15" hai1="10,13,121,122" hai3="2,6,11,26,31,34,55,57,61,65,67,90,97" /><INIT seed="1,3,2,5,0,79" ten="190,290,250,250" oya="1" hai0="45,3,32,36,51,78,28,120,86,133,71,35,55" hai1="130,131,6,99,101,60,74,107,8,29,1,15,63" hai2="58,116,114,61,56,128,12,49,7,118,68,54,9" hai3="94,23,20,90,30,76,19,24,2,110,37,77,66"/><U73/><E1/><V44/><F114/><W17/><G37/><T100/><D71/><U18/><E29/><V16/><F128/><N who="1" m="49193" /><E6/><V127/><F127/><W81/><G2/><T34/><D3/><U102/><E102/><V109/><F109/><W95/><G110/><T52/><D120/><U39/><E39/><V122/><F122/><W25/><G66/><T115/><D36/><U4/><E18/><V50/><F68/><W22/><G90/><T65/><D65/><U11/><E11/><V43/><REACH who="2" step="1"/><F7/><REACH who="2" ten="190,290,240,250" step="2"/><W72/><REACH who="3" step="1"/><G77/><REACH who="3" ten="190,290,240,240" step="2"/><T14/><D78/><U53/><E63/><V42/><F42/><W104/><G104/><T108/><D108/><U62/><E60/><V124/><F124/><W31/><G31/><T129/><D28/><U103/><E62/><V33/><F33/><W134/><G134/><T84/><D35/><U113/><E113/><V98/><F98/><W21/><G21/><T57/><D34/><U91/><E53/><AGARI ba="3,4" hai="9,12,16,43,44,49,50,53,54,56,58,61,116,118" machi="53" ten="30,3900,0" yaku="1,1,7,1,54,1,53,0" doraHai="79" doraHaiUra="67" who="2" fromWho="1" sc="190,0,290,-48,240,88,240,0" /><INIT seed="2,0,0,5,5,108" ten="190,242,328,240" oya="2" hai0="67,110,22,50,70,113,45,9,11,34,123,57,4" hai1="109,130,33,79,92,71,88,15,115,41,40,114,132" hai2="29,69,133,83,21,59,55,27,36,93,118,0,19" hai3="53,117,125,106,97,68,81,24,47,104,48,134,76"/><V16/><F118/><W20/><G117/><T131/><D34/><U78/><E71/><V64/><F36/><W37/><G68/><T46/><D123/><U99/><E33/><V44/><F0/><W80/><G125/><T77/><D110/><U18/><E109/><V6/><F133/><W105/><G134/><T7/><D70/><U35/><E35/><V25/><F6/><W129/><G129/><T121/><D121/><U58/><E132/><V107/><F107/><W112/><G37/><T61/><D131/><U116/><E116/><V30/><F44/><W42/><G42/><T135/><D135/><U39/><E130/><V66/><F83/><W12/><G12/><T54/><D77/><U1/><E1/><V74/><F74/><W119/><G119/><T84/><D84/><U126/><E126/><V38/><F38/><W8/><G8/><T32/><D32/><U96/><E40/><V90/><F27/><W56/><G47/><T103/><D103/><U102/><E58/><V13/><F19/><W26/><G97/><T23/><D46/><N who="1" m="23871" /><E78/><V82/><F82/><W91/><G20/><T73/><D73/><U62/><E79/><V63/><F13/><W10/><G10/><T28/><D28/><N who="2" m="10858" /><F69/><W2/><G2/><T75/><D75/><U124/><E124/><V31/><N who="2" m="10866" /><V51/><DORA hai="101" /><F51/><W52/><G26/><T14/><REACH who="0" step="1"/><D113/><REACH who="0" ten="180,242,328,240" step="2"/><U72/><E72/><V120/><F120/><W43/><G112/><T100/><D100/><U5/><E115/><V85/><AGARI ba="0,1" hai="16,21,25,55,59,63,64,66,85,90,93" m="10866" machi="85" ten="30,3000,0" yaku="8,1,54,1" doraHai="108,101" who="2" fromWho="2" sc="180,-10,242,-10,328,40,240,-10" /><INIT seed="2,1,0,1,4,12" ten="170,232,368,230" oya="2" hai0="86,30,93,13,21,130,116,58,129,81,85,29,102" hai1="6,47,106,36,100,133,128,132,22,82,63,65,33" hai2="1,52,94,15,2,69,97,27,34,123,88,83,96" hai3="8,117,108,32,101,49,41,112,43,119,20,26,135"/><V125/><F123/><W44/><G32/><T90/><D116/><U122/><E33/><V124/><F69/><W59/><G108/><T73/><D73/><U4/><E122/><V60/><F15/><W37/><G135/><T87/><D102/><U105/><E128/><V98/><F83/><W120/><G120/><T75/><D75/><U121/><E121/><V72/><F72/><W103/><G112/><T57/><D129/><U42/><E22/><V79/><F79/><W107/><G43/><T127/><D127/><N who="2" m="48714" /><F27/><W71/><G71/><T39/><D39/><U17/><E82/><V126/><F34/><W109/><G109/><T10/><D130/><U25/><E100/><V28/><F28/><W61/><G8/><T38/><D38/><U66/><E4/><V3/><F126/><W45/><G103/><T89/><D86/><U84/><E6/><V19/><F19/><W92/><G101/><T80/><D93/><U67/><E84/><V23/><F23/><W16/><G92/><T56/><REACH who="0" step="1"/><D21/><REACH who="0" ten="160,232,368,230" step="2"/><N who="1" m="13487" /><E105/><V64/><F64/><N who="1" m="24681" /><E106/><V114/><F114/><W115/><G115/><T46/><D46/><U99/><E99/><V62/><F94/><W134/><G107/><T35/><D35/><U40/><E133/><V51/><F97/><W5/><G134/><T113/><D113/><U11/><E132/><V53/><F98/><W104/><G104/><T18/><AGARI ba="1,1" hai="10,13,18,29,30,56,57,58,80,81,85,87,89,90" machi="18" ten="30,8000,1" yaku="1,1,0,1,9,1,8,1,52,1,53,0" doraHai="12" doraHaiUra="110" who="0" fromWho="0" sc="160,93,232,-21,368,-41,230,-21" /><INIT seed="3,0,0,3,1,59" ten="253,211,327,209" oya="3" hai0="23,83,6,45,80,107,24,92,128,40,15,75,35" hai1="96,14,38,10,122,110,135,7,134,79,48,117,53" hai2="118,13,16,43,29,99,46,91,63,27,104,50,26" hai3="25,67,36,97,2,77,106,66,19,72,41,98,84"/><W0/><G72/><T125/><D107/><U20/><E122/><V109/><F109/><W120/><G120/><T76/><D35/><U126/><E38/><V112/><F112/><W33/><G41/><T18/><D125/><U133/><E110/><V61/><F118/><W11/><G36/><T114/><D92/><U129/><E126/><V89/><F104/><W116/><G33/><T56/><D83/><U113/><E113/><V74/><F74/><W95/><G106/><T55/><D128/><U101/><E117/><V111/><F111/><W85/><G116/><T115/><D6/><U57/><E129/><V1/><F1/><W32/><G32/><T103/><D103/><U124/><E124/><V42/><F42/><W87/><G77/><T73/><D75/><U108/><E108/><V127/><F127/><W105/><G105/><T131/><D131/><U21/><E79/><V4/><F4/><W100/><G97/><T78/><D78/><U65/><E65/><V49/><F99/><W119/><G119/><T90/><D90/><N who="2" m="34314" /><F50/><W30/><G0/><T102/><D115/><U121/><E121/><V81/><F81/><W123/><G123/><T17/><D114/><U31/><E31/><V52/><F29/><W70/><G70/><T130/><D130/><U132/><N who="1" m="33792" /><DORA hai="3" /><U9/><E9/><N who="2" m="6191" /><F43/><W60/><G60/><AGARI ba="0,0" hai="26,27,46,49,52,60,61,63" m="6191,34314" machi="60" ten="30,12000,2" yaku="8,1,52,3,54,2" doraHai="59,3" who="2" fromWho="3" sc="253,0,211,0,327,120,209,-120" owari="253,5.3,211,-18.9,447,54.7,89,-41.1" /></mjloggm>