<mjloggm ver="2.3"><GO type="225" lobby="0"/><UN n0="%E3%81%BF%E3%81%BF%E3%81%9A" n1="%E7%9A%AE%E3%80%85" n2="%E3%83%A9%E3%82%B9%E7%8E%87%EF%BC%93%E5%89%B2" n3="%E6%98%93%E5%88%A9%E8%96%A9%E4%BC%AF" dan="18,16,17,17" rate="2215.55,2134.31,2214.00,2165.77" sx="M,M,F,F"/><TAIKYOKU oya="0"/><INIT seed="0,0,0,5,3,36" ten="250,250,250,250" oya="0" hai0="3,129,37,43,121,56,31,93,70,62,19,105,2" hai1="53,8,111,41,132,66,76,123,79,46,98,26,116" hai2="40,5,45,69,80,30,107,134,77,49,67,54,34" hai3="128,124,120,58,52,110,102,32,85,88,112,47,90"/><T44/><D121/><U75/><E123/><V133/><F107/><W14/><G120/><T95/><D105/><U63/><E116/><V82/><F5/><W103/><G32/><T38/><D31/><U101/><E111/><V127/><F30/><W74/><G74/><T117/><D117/><U131/><E131/><V39/><F34/><W16/><G112/><T97/><D70/><U78/><E132/><N who="2" m="50795" /><F77/><W6/><G6/><T10/><D129/><U81/><E8/><V17/><F17/><W92/><G47/><T35/><D35/><U18/><E53/><V106/><F106/><W9/><G124/><T12/><D37/><U60/><E18/><V61/><F127/><W1/><G1/><T118/><D118/><U114/><E26/><V51/><F51/><N who="3" m="31007" /><G128/><T7/><D7/><U24/><E24/><V84/><F84/><N who="3" m="52231" /><G110/><T100/><REACH who="0" step="1"/><D95/><AGARI ba="0,0" hai="9,14,16,85,90,95,102,103" m="52231,31007" machi="95" ten="30,7700,0" yaku="8,1,54,3" doraHai="36" who="3" fromWho="0" sc="250,-77,250,0,250,0,250,77" /><INIT seed="1,0,0,5,3,47" ten="173,250,250,327" oya="1" hai0="27,99,21,74,20,29,61,32,97,4,49,56,93" hai1="111,35,75,72,59,67,92,105,118,127,102,42,88" hai2="70,82,132,16,114,34,120,123,121,89,31,100,57" hai3="90,43,19,78,87,128,58,17,130,133,80,76,98"/><U126/><E118/><V14/><F70/><W51/><G133/><T96/><D74/><U113/><E113/><V1/><F1/><W94/><G78/><T124/><D124/><N who="1" m="47659" /><E35/><V37/><F37/><W84/><G84/><T52/><D4/><U46/><E111/><V86/><F132/><W103/><G76/><T18/><D32/><U131/><E131/><N who="3" m="50218" /><G43/><T24/><REACH who="0" step="1"/><D61/><REACH who="0" ten="163,250,250,327" step="2"/><N who="1" m="38335" /><E105/><V50/><F34/><W23/><G23/><T15/><D15/><U44/><E102/><AGARI ba="0,1" hai="18,20,21,24,27,29,49,52,56,93,96,97,99,102" machi="102" ten="30,8000,1" yaku="1,1,7,1,8,1,52,1,54,1,53,0" doraHai="47" doraHaiUra="101" who="0" fromWho="1" sc="163,90,250,-80,250,0,327,0" /><INIT seed="2,0,0,3,3,45" ten="253,170,250,327" oya="2" hai0="94,2,66,42,55,121,75,132,59,102,0,106,46" hai1="70,95,48,27,65,116,87,131,20,8,93,31,67" hai2="120,89,73,92,98,7,47,96,11,105,16,26,85" hai3="112,62,68,51,40,100,126,39,58,50,18,19,79"/><V115/><F115/><W57/><G100/><T129/><D121/><U23/><E116/><V52/><F120/><W63/><G79/><T78/><D106/><U9/><E131/><V28/><F73/><W3/><G3/><T110/><D129/><U56/><E70/><V49/><F105/><W37/><G112/><T113/><D113/><U71/><E71/><V12/><F7/><W101/><G101/><T119/><D66/><U6/><E6/><V127/><F127/><W91/><G68/><T135/><D119/><U80/><E20/><AGARI ba="0,0" hai="11,12,16,20,26,28,47,49,52,85,89,92,96,98" machi="20" ten="30,12000,1" yaku="7,1,8,1,52,1,54,2" doraHai="45" who="2" fromWho="1" sc="253,0,170,-120,250,120,327,0" /><INIT seed="2,1,0,4,1,128" ten="253,50,370,327" oya="2" hai0="17,64,21,76,74,56,111,37,57,78,24,9,59" hai1="48,14,1,20,95,101,132,36,43,19,98,130,5" hai2="54,88,89,46,27,40,108,135,77,105,102,68,97" hai3="32,106,81,85,0,73,35,90,23,75,134,34,103"/><V109/><F68/><W63/><G0/><T3/><D111/><N who="2" m="42570" /><F135/><W11/><G134/><T41/><D64/><U31/><E130/><V71/><F71/><W91/><G11/><T65/><D65/><U55/><E132/><V26/><F77/><W104/><G63/><T22/><D74/><U69/><E69/><V12/><F12/><W72/><G103/><T126/><D126/><U47/><E31/><V123/><F54/><W84/><REACH who="3" step="1"/><G23/><REACH who="3" ten="253,50,370,317" step="2"/><T70/><D3/><U42/><E1/><V115/><F123/><W117/><G117/><T107/><D9/><U28/><E28/><V66/><F66/><W7/><G7/><T29/><D107/><U124/><E124/><V30/><F115/><W87/><G87/><T62/><D70/><U86/><E5/><V119/><F119/><W118/><G118/><T51/><D37/><U18/><E36/><N who="2" m="21767" /><F27/><W110/><G110/><T114/><D114/><U53/><E42/><V112/><F112/><W39/><G39/><T44/><REACH who="0" step="1"/><D62/><REACH who="0" ten="243,50,370,317" step="2"/><U96/><E96/><V6/><F6/><W125/><G125/><T67/><D67/><U93/><REACH who="1" step="1"/><E19/><REACH who="1" ten="243,40,370,317" step="2"/><V15/><F15/><AGARI ba="1,3" hai="15,17,21,22,24,29,41,44,51,56,57,59,76,78" machi="15" ten="40,2600,0" yaku="1,1,8,1,53,0" doraHai="128" doraHaiUra="120" who="0" fromWho="2" sc="243,59,40,0,370,-29,317,0" /><INIT seed="3,0,0,0,0,92" ten="302,40,341,317" oya="3" hai0="16,77,30,2,27,8,22,36,127,69,35,32,96" hai1="55,59,0,73,97,25,74,115,103,79,34,123,111" hai2="86,105,9,116,104,31,89,91,60,40,65,88,122" hai3="108,47,63,28,118,18,124,52,81,17,58,10,50"/><W44/><G118/><T134/><D36/><U99/><E115/><V5/><F116/><W114/><G114/><T68/><D77/><U71/><E123/><V13/><F122/><W23/><G124/><T1/><D127/><U4/><E71/><V82/><F31/><W131/><G131/><T29/><D134/><U20/><E111/><V101/><F40/><W93/><G108/><T48/><D48/><U107/><E34/><N who="0" m="12841" /><D96/><U133/><E133/><V90/><REACH who="2" step="1"/><F101/><REACH who="2" ten="302,40,331,317" step="2"/><W98/><G81/><T100/><D69/><AGARI ba="0,1" hai="5,9,13,60,65,69,82,86,88,89,90,91,104,105" machi="69" ten="40,5200,0" yaku="1,1,2,1,54,1,53,0" doraHai="92" doraHaiUra="45" who="2" fromWho="0" sc="302,-52,40,0,331,62,317,0" owari="250,-15.0,40,-46.0,393,49.3,317,11.7" /></mjloggm>