<mjloggm ver="2.3"><GO type="225" lobby="0"/><UN n0="%E3%82%A2%E3%83%9E%E3%83%9D%EF%BD%9E%EF%BD%9E%E3%83%A9" n1="%E7%9A%AE%E3%80%85" n2="%E3%83%81%E3%83%A7%E3%83%99%E3%83%83%E3%82%AF" n3="%E5%B0%8F%E9%B3%A5%E9%81%8A%E7%B7%B4%E7%84%A1%32%31%E6%AD%B3" dan="17,16,16,16" rate="2055.23,2140.62,2074.29,2172.56" sx="M,F,M,F"/><TAIKYOKU oya="0"/><INIT seed="0,0,0,1,4,105" ten="250,250,250,250" oya="0" hai0="125,135,46,89,132,45,87,23,14,81,98,13,58" hai1="95,128,121,42,118,32,119,1,37,129,44,48,78" hai2="21,54,34,102,75,47,52,60,16,28,67,39,41" hai3="15,112,108,83,7,109,31,71,82,92,130,120,59"/><T30/><D125/><U80/><E121/><V90/><F102/><W68/><G112/><T3/><D3/><U35/><E1/><V94/><F75/><W10/><G130/><N who="1" m="50282" /><E95/><V134/><F28/><W127/><G31/><T19/><D30/><U0/><E48/><V25/><F134/><N who="0" m="51242" /><D58/><U100/><E100/><V133/><F34/><N who="1" m="12841" /><E0/><V18/><F18/><W49/><G120/><T96/><D13/><U66/><E66/><V111/><F133/><W61/><G92/><T110/><D110/><N who="3" m="42601" /><G49/><T4/><D4/><U115/><E115/><V126/><F126/><W114/><G127/><T33/><D33/><U40/><E40/><V103/><F103/><W24/><G24/><T73/><D98/><U113/><E113/><V117/><F111/><W20/><G114/><T107/><D96/><U22/><E22/><V84/><REACH who="2" step="1"/><F117/><REACH who="2" ten="250,250,240,250" step="2"/><W122/><G122/><T72/><D107/><U43/><E43/><V116/><F116/><W85/><G20/><T11/><D23/><U2/><E2/><V131/><F131/><W86/><G7/><T27/><D27/><U97/><E97/><V63/><F63/><W17/><G61/><T51/><D51/><U62/><E62/><V69/><AGARI ba="0,1" hai="16,21,25,39,41,47,52,54,60,67,69,84,90,94" machi="69" ten="20,8000,1" yaku="1,1,0,1,7,1,54,2,53,0" doraHai="105" doraHaiUra="101" who="2" fromWho="2" sc="250,-40,250,-20,240,90,250,-20" /><INIT seed="1,0,0,3,1,109" ten="210,230,330,230" oya="1" hai0="68,39,107,21,81,45,40,20,4,46,61,111,14" hai1="6,119,49,127,56,17,73,9,35,117,0,70,71" hai2="33,44,50,19,126,105,27,78,37,93,103,134,43" hai3="125,64,124,135,77,1,29,113,132,97,75,76,11"/><U89/><E73/><V57/><F78/><N who="3" m="30315" /><G64/><T128/><D111/><U74/><E74/><V55/><F105/><W86/><G75/><T92/><D107/><U69/><E35/><V58/><F134/><N who="3" m="51243" /><G29/><T36/><D81/><U104/><E104/><V130/><F126/><N who="3" m="48747" /><G86/><T47/><D68/><U15/><E127/><V122/><F33/><W129/><G97/><T52/><D128/><U91/><E119/><V5/><F130/><W51/><G51/><T101/><D39/><U32/><E117/><V53/><F50/><W79/><N who="3" m="30323" /><W38/><DORA hai="112" /><G38/><T121/><D36/><U42/><E32/><V108/><F37/><W23/><G23/><T133/><D21/><U96/><E96/><V65/><F65/><W94/><G94/><T72/><D20/><U30/><E30/><V95/><F93/><W12/><G1/><T80/><D133/><U34/><E34/><V90/><F95/><W62/><G62/><T54/><D61/><U25/><E25/><V3/><F27/><W66/><G66/><T16/><D72/><U59/><E89/><V48/><F90/><W10/><G129/><T82/><D92/><U18/><E91/><V24/><F3/><W87/><G87/><T102/><D102/><U99/><E99/><V83/><F103/><W2/><G2/><T110/><D101/><U98/><E98/><V85/><F85/><W63/><G63/><T13/><D110/><U28/><E28/><V8/><F108/><W67/><G67/><T84/><D84/><U131/><E131/><V60/><F60/><W120/><G10/><T106/><D106/><RYUUKYOKU ba="0,0" sc="210,0,230,0,330,0,230,0" /><INIT seed="2,1,0,4,1,130" ten="210,230,330,230" oya="2" hai0="19,135,92,24,32,0,53,3,79,25,115,61,56" hai1="17,123,100,109,76,7,116,15,114,104,97,2,48" hai2="99,87,14,39,125,58,69,12,86,13,65,50,71" hai3="80,64,46,62,66,126,9,41,103,59,49,110,31"/><V91/><F39/><W129/><G110/><T26/><D115/><U1/><E116/><V40/><F125/><W60/><G129/><T105/><D105/><U121/><E114/><V68/><F40/><W98/><G126/><T107/><D107/><U78/><E109/><V57/><F50/><W20/><G9/><T22/><D135/><U27/><E48/><V6/><F65/><W54/><G80/><T94/><D79/><N who="1" m="30251" /><E27/><V51/><F51/><W52/><G20/><T90/><D94/><U111/><E7/><V132/><F132/><W118/><G31/><T36/><D36/><U81/><E81/><V16/><F16/><W67/><G118/><T102/><D102/><U88/><E111/><V47/><F47/><W35/><G35/><T85/><REACH who="0" step="1"/><D32/><REACH who="0" ten="200,230,330,230" step="2"/><U120/><E88/><V73/><F73/><W113/><G113/><T21/><D21/><AGARI ba="1,1" hai="1,2,15,17,21,97,100,104,120,121,123" m="30251" machi="21" ten="30,1000,0" yaku="13,1" doraHai="130" who="1" fromWho="0" sc="200,-13,230,23,330,0,230,0" /><INIT seed="3,0,0,5,0,109" ten="187,253,330,230" oya="3" hai0="43,18,129,5,132,64,30,57,24,76,104,9,25" hai1="73,1,92,44,79,74,3,67,80,2,117,115,68" hai2="114,59,51,45,91,14,8,46,29,127,13,37,22" hai3="108,99,105,21,11,118,49,102,33,69,128,134,20"/><W40/><G33/><T103/><D129/><U55/><E117/><V87/><F37/><W27/><G118/><T50/><D132/><U130/><E130/><V96/><F114/><W41/><G128/><T60/><D76/><U82/><E115/><V12/><F96/><W34/><G134/><T81/><D81/><U124/><E124/><V28/><F8/><W88/><G108/><T36/><D36/><U84/><E92/><V32/><F32/><W111/><G111/><T23/><D104/><U77/><E68/><V71/><F71/><W135/><G135/><T17/><D103/><U89/><E67/><V52/><F127/><W94/><G69/><T7/><D25/><U65/><E65/><V97/><F97/><W39/><G39/><T16/><D9/><U123/><E123/><V53/><F22/><W6/><G34/><T61/><D61/><U31/><E31/><N who="2" m="11851" /><F53/><W56/><G105/><T133/><D133/><U4/><E55/><V48/><F48/><W66/><G102/><T0/><D0/><U47/><E4/><V42/><F42/><N who="3" m="16491" /><G27/><T126/><D126/><U125/><E125/><V15/><F15/><N who="3" m="5623" /><G49/><T110/><D110/><U106/><E106/><V119/><F119/><W62/><AGARI ba="0,0" hai="20,21,56,62,66,88,94,99" m="5623,16491" machi="62" ten="30,3000,0" yaku="8,1,54,1" doraHai="109" who="3" fromWho="3" sc="187,-10,253,-10,330,-10,230,30" /><INIT seed="3,1,0,5,0,63" ten="177,243,320,260" oya="3" hai0="105,97,130,94,27,11,71,43,107,83,73,64,116" hai1="70,42,115,65,125,82,35,99,69,122,102,15,48" hai2="2,127,22,3,60,49,30,21,133,84,101,100,33" hai3="10,5,109,26,59,126,57,46,31,95,16,79,96"/><W4/><G126/><T93/><D116/><U121/><E115/><V75/><F75/><W88/><G79/><T87/><D130/><U113/><E113/><V129/><F33/><W111/><G46/><T1/><D43/><U47/><E35/><V62/><F49/><W128/><G128/><T50/><D73/><U98/><E125/><V61/><F129/><W6/><G10/><T120/><D120/><U28/><E28/><V132/><F84/><W19/><G111/><T67/><D71/><U110/><E110/><V118/><F118/><W41/><G41/><T40/><D27/><U14/><E82/><V119/><F119/><W8/><G109/><T72/><D72/><U34/><E34/><V24/><F21/><N who="3" m="15823" /><G8/><T13/><D1/><N who="2" m="10" /><F127/><W45/><G45/><N who="0" m="25895" /><D107/><U39/><E39/><V86/><F86/><W68/><G68/><T0/><D105/><U58/><E70/><V90/><F90/><W9/><G9/><T23/><D23/><U85/><E69/><V52/><F52/><W38/><G38/><T32/><D32/><U104/><E98/><V112/><F112/><W12/><G12/><T18/><D0/><U7/><E14/><V81/><F81/><W117/><G117/><T56/><D56/><AGARI ba="1,0" hai="4,5,6,16,19,56,57,59,88,95,96" m="15823" machi="56" ten="30,5800,0" yaku="8,1,54,2" doraHai="63" who="3" fromWho="0" sc="177,-61,243,0,320,0,260,61" owari="116,-38.4,243,-15.7,320,12.0,321,42.1" /></mjloggm>