<mjloggm ver="2.3"><GO type="225" lobby="0"/><UN n0="%43%68%65" n1="%E3%82%8A%E3%81%93%E3%82%8A%E3%82%93%E3%81%94" n2="%E6%81%A5%E6%99%92%E3%81%97" n3="%72%69%6F%75%63%68%61%6E" dan="16,17,16,16" rate="2147.38,2236.78,2175.77,2137.98" sx="M,M,M,M"/><TAIKYOKU oya="0"/><INIT seed="0,0,0,2,1,130" ten="250,250,250,250" oya="0" hai0="51,35,25,50,2,107,132,123,125,7,6,101,99" hai1="69,66,8,20,83,80,22,31,37,32,26,45,134" hai2="4,39,76,109,103,86,75,16,65,11,84,46,67" hai3="48,58,13,135,59,97,47,114,44,88,70,104,30"/><T9/><D123/><U105/><E105/><V116/><F109/><W29/><G135/><T92/><D125/><U23/><E134/><V108/><F108/><W77/><G114/><T119/><D119/><U112/><E112/><V90/><F103/><W33/><G70/><T131/><D131/><U36/><E8/><V79/><F116/><W53/><G77/><T133/><D7/><U126/><E126/><V42/><F79/><W15/><G58/><T49/><REACH who="0" step="1"/><D107/><REACH who="0" ten="240,250,250,250" step="2"/><U19/><E37/><V64/><F4/><W102/><G88/><T1/><D1/><U128/><E36/><V113/><F90/><W96/><G96/><T115/><D115/><U34/><E128/><V21/><F113/><W0/><G0/><T127/><D127/><U122/><E122/><V56/><F76/><W38/><G38/><T40/><D40/><U18/><E34/><V10/><F42/><W63/><G44/><T52/><D52/><U17/><E45/><V54/><F46/><W129/><G129/><T57/><D57/><U98/><E98/><V14/><F54/><W93/><G104/><T78/><D78/><U5/><E5/><V60/><F39/><W71/><G71/><T28/><AGARI ba="0,1" hai="2,6,9,25,28,35,49,50,51,92,99,101,132,133" machi="28" ten="30,11700,0" yaku="1,1,0,1,52,2,53,0" doraHai="130" doraHaiUra="41" who="0" fromWho="0" sc="240,127,250,-39,250,-39,250,-39" /><INIT seed="0,1,0,1,1,93" ten="367,211,211,211" oya="0" hai0="29,40,100,95,130,91,50,119,102,96,53,10,6" hai1="81,75,8,58,123,127,82,37,80,61,35,31,73" hai2="129,135,55,42,103,72,68,24,5,26,14,110,21" hai3="64,3,45,69,77,18,101,78,98,48,38,112,23"/><T124/><D119/><U36/><E123/><V13/><F72/><W65/><G112/><T121/><D121/><U92/><E127/><V97/><F68/><W44/><G3/><T22/><D124/><U122/><E122/><V19/><F110/><W111/><G111/><T87/><D130/><U60/><E8/><N who="2" m="4239" /><F135/><W86/><G38/><T126/><D40/><U2/><E2/><V99/><F129/><W118/><G118/><T54/><D126/><U105/><E105/><V113/><F113/><W104/><G44/><T70/><D70/><U43/><E92/><N who="2" m="58791" /><F42/><W79/><G86/><T83/><D102/><U132/><E132/><V34/><F34/><W107/><G107/><T57/><D53/><U27/><E61/><V90/><F55/><W84/><G84/><T109/><D109/><U85/><E85/><V41/><F41/><W46/><G48/><T4/><D10/><U17/><E17/><V74/><F74/><W39/><G39/><T108/><D108/><U30/><E37/><V9/><F9/><W94/><G104/><T62/><D62/><U0/><E0/><V47/><F47/><N who="3" m="17931" /><G69/><T67/><D67/><N who="1" m="39319" /><E36/><V125/><F125/><W134/><G134/><T89/><D89/><U12/><E43/><V33/><F33/><W11/><G11/><T28/><D22/><N who="1" m="15735" /><E75/><V115/><F115/><W51/><G51/><T66/><D66/><U63/><E73/><V16/><F19/><W20/><G20/><T106/><D106/><U25/><E63/><V56/><F56/><W76/><N who="3" m="19456" /><DORA hai="15" /><W114/><G114/><T116/><D116/><U117/><E117/><RYUUKYOKU ba="1,0" sc="367,0,211,0,211,0,211,0" hai0="4,6,28,29,50,54,57,83,87,91,95,96,100" hai1="12,25,31,35,80,81,82" hai2="14,16,21,24,26,90,99" hai3="18,23,64,65,94,98,101" /><INIT seed="0,2,0,2,4,46" ten="367,211,211,211" oya="0" hai0="0,25,19,14,40,101,48,106,66,62,120,88,27" hai1="20,100,68,133,30,49,71,59,102,17,37,104,78" hai2="111,43,12,21,50,113,126,116,7,115,99,87,2" hai3="13,1,75,92,128,64,4,109,58,5,52,81,117"/><T41/><D120/><U23/><E37/><V91/><F111/><W45/><G117/><T24/><D0/><U73/><E133/><V3/><F116/><W90/><G109/><T84/><D106/><U33/><E33/><V134/><F134/><W74/><G128/><T83/><D101/><U26/><E73/><V79/><F126/><W89/><G1/><T132/><D132/><U76/><E71/><V65/><F65/><W61/><G74/><T15/><D48/><U118/><E68/><V18/><F99/><W6/><G13/><T122/><D122/><U63/><E49/><V44/><F79/><N who="1" m="30249" /><E104/><V77/><F77/><W22/><G22/><T129/><D129/><U114/><E114/><V96/><F96/><N who="3" m="57359" /><G75/><T32/><D32/><U36/><E36/><V107/><F107/><W82/><G90/><T29/><D29/><U86/><E86/><V127/><F127/><W130/><G130/><T10/><REACH who="0" step="1"/><D15/><REACH who="0" ten="357,211,211,211" step="2"/><N who="1" m="9279" /><E118/><V131/><F131/><W38/><G38/><T42/><D42/><U34/><E34/><V125/><F125/><W85/><G85/><T57/><AGARI ba="2,1" hai="10,14,19,24,25,27,40,41,57,62,66,83,84,88" machi="57" ten="30,12000,1" yaku="1,1,0,1,8,1,54,1,53,1" doraHai="46" doraHaiUra="60" who="0" fromWho="0" sc="357,136,211,-42,211,-42,211,-42" /><INIT seed="0,3,0,0,1,29" ten="493,169,169,169" oya="0" hai0="127,7,37,135,114,16,71,72,60,128,63,68,46" hai1="104,121,86,134,94,90,91,118,97,102,69,65,17" hai2="61,110,19,31,64,77,73,41,117,120,87,125,27" hai3="2,8,107,70,67,62,100,106,112,66,78,75,95"/><T44/><D72/><U109/><E69/><V13/><F120/><W74/><G112/><T10/><D114/><U47/><E65/><V40/><F110/><W52/><G67/><T30/><D127/><U39/><E121/><V14/><F73/><W122/><G122/><T130/><D135/><U35/><E35/><V51/><F125/><W43/><G43/><T45/><D37/><U119/><E39/><V81/><F117/><W80/><G74/><T54/><D16/><U123/><E47/><V3/><F51/><W20/><G20/><T115/><D30/><U131/><E123/><V88/><F77/><W133/><G133/><T53/><D115/><U89/><E109/><V56/><F3/><W42/><G42/><N who="2" m="16489" /><F31/><W103/><G52/><N who="0" m="20075" /><D10/><U4/><E134/><V26/><F14/><W38/><G38/><T5/><D5/><U32/><E4/><V33/><F33/><W84/><G103/><T0/><D7/><U96/><E32/><V98/><F98/><W49/><G49/><T25/><D25/><U48/><E48/><V108/><F108/><W116/><G116/><N who="1" m="44586" /><E17/><V76/><F76/><W92/><G2/><T6/><D6/><U59/><E104/><V82/><F82/><W28/><G28/><T85/><D0/><U124/><E124/><V93/><F81/><N who="3" m="45279" /><G8/><AGARI ba="3,0" hai="8,13,19,26,27,56,61,64,87,88,93" m="16489" machi="8" ten="30,2000,0" yaku="8,1,54,1" doraHai="29" who="2" fromWho="3" sc="493,0,169,0,169,29,169,-29" /><INIT seed="1,0,0,3,0,98" ten="493,169,198,140" oya="1" hai0="70,66,96,90,42,89,83,104,16,21,69,94,80" hai1="110,123,0,36,47,105,122,5,128,59,108,45,18" hai2="131,99,15,134,52,63,67,130,31,3,62,91,113" hai3="30,93,101,49,75,35,125,85,6,7,53,68,76"/><U56/><E105/><V54/><F3/><W77/><G125/><T11/><D104/><U129/><E18/><V44/><F134/><W87/><G68/><T37/><D11/><U111/><E5/><N who="3" m="1546" /><G35/><T117/><D117/><U25/><E25/><V126/><F126/><W4/><N who="3" m="1554" /><W88/><DORA hai="79" /><G75/><T64/><D70/><U58/><E0/><V50/><F31/><W2/><G2/><T82/><D69/><U86/><E86/><N who="3" m="32778" /><G30/><T51/><D90/><U28/><E28/><V29/><F29/><W8/><G8/><T132/><D37/><U100/><E100/><V33/><F33/><W61/><G61/><T109/><D132/><U118/><E118/><V72/><F72/><W55/><G101/><T48/><D109/><U60/><E60/><V84/><F63/><W71/><G71/><T116/><D116/><U41/><E47/><V57/><F44/><N who="3" m="27815" /><G55/><T74/><D74/><U65/><E65/><N who="0" m="25193" /><D42/><U39/><E39/><V73/><F67/><W97/><AGARI ba="0,0" hai="76,77,88,93,97" m="27815,32778,1554" machi="97" ten="40,2700,0" yaku="8,1,54,1" doraHai="98,79" who="3" fromWho="3" sc="493,-7,169,-13,198,-7,140,27" /><INIT seed="2,0,0,4,5,85" ten="486,156,191,167" oya="2" hai0="70,131,7,98,118,87,69,50,117,19,2,100,130" hai1="135,18,92,103,40,47,11,6,26,113,8,66,20" hai2="124,1,58,63,61,36,123,14,51,120,54,71,49" hai3="114,72,77,116,94,105,111,12,25,17,42,9,78"/><V21/><F1/><W55/><G116/><N who="0" m="44651" /><D2/><U133/><E113/><V102/><F102/><W56/><G105/><T76/><D7/><U112/><E112/><V79/><F79/><W27/><G111/><T13/><D50/><U44/><E66/><N who="2" m="41423" /><F21/><W22/><G114/><T3/><D3/><U67/><E67/><V132/><F14/><W31/><G42/><T89/><D76/><U95/><E47/><V65/><F36/><W28/><G94/><N who="0" m="54591" /><D70/><U53/><E53/><V16/><F54/><W10/><G72/><T86/><D86/><U90/><E103/><V75/><F75/><W84/><G84/><T60/><D60/><U134/><E6/><V109/><F51/><W35/><REACH who="3" step="1"/><G9/><REACH who="3" ten="486,156,191,157" step="2"/><N who="0" m="6575" /><D69/><U119/><E119/><V33/><F120/><W122/><G122/><T15/><D15/><U38/><REACH who="1" step="1"/><E92/><AGARI ba="0,1" hai="92,98,100,130,131" m="6575,54591,44651" machi="92" ten="30,2000,0" yaku="12,1,52,1" doraHai="85" who="0" fromWho="1" sc="486,30,156,-20,191,0,157,0" /><INIT seed="3,0,0,3,4,60" ten="516,136,191,157" oya="3" hai0="133,39,7,57,6,117,20,97,47,28,132,91,34" hai1="102,75,26,131,115,0,68,43,128,78,25,30,48" hai2="109,9,90,134,76,129,19,112,55,44,98,35,110" hai3="49,104,69,56,122,101,81,10,41,89,3,84,58"/><W62/><G122/><T65/><D34/><U135/><E115/><V42/><F112/><W5/><G104/><T82/><D117/><U66/><E0/><V27/><F129/><N who="1" m="49737" /><E102/><V38/><F134/><W99/><G69/><T118/><D7/><U86/><E75/><V124/><F124/><W71/><G71/><T64/><D64/><U87/><E135/><V94/><F76/><W113/><G113/><T95/><D82/><N who="1" m="47447" /><E87/><V40/><F35/><W120/><G120/><T100/><D20/><U83/><E83/><V74/><F74/><W2/><G2/><T15/><D57/><U11/><E11/><V127/><F127/><W105/><REACH who="3" step="1"/><G62/><REACH who="3" ten="516,136,191,147" step="2"/><T114/><D114/><U80/><E30/><V61/><F61/><W31/><G31/><T52/><D28/><U116/><E116/><V14/><F109/><W46/><AGARI ba="0,1" hai="3,5,10,41,46,49,56,58,81,84,89,99,101,105" machi="46" ten="30,6000,0" yaku="1,1,0,1,53,1" doraHai="60" doraHaiUra="79" who="3" fromWho="3" sc="516,-20,136,-20,191,-20,147,70" /><INIT seed="3,1,0,2,5,40" ten="496,116,171,217" oya="3" hai0="83,100,117,75,114,74,20,3,87,34,120,32,22" hai1="53,68,107,109,79,55,43,42,94,89,80,98,96" hai2="12,135,48,133,132,124,101,84,60,66,59,116,113" hai3="58,125,9,18,49,70,2,115,99,93,130,131,38"/><W46/><G125/><T41/><D3/><U21/><E68/><V71/><F116/><W0/><G115/><T62/><D117/><U78/><E109/><V14/><F113/><W51/><G70/><T23/><D114/><U25/><E107/><V118/><F118/><W95/><G38/><T67/><D120/><U5/><E5/><V54/><F124/><W15/><G58/><T4/><D100/><U104/><E104/><V121/><F121/><W27/><G27/><T127/><D41/><U6/><E6/><V85/><F101/><W88/><G51/><T16/><D4/><U111/><E111/><V19/><F14/><W13/><G13/><T44/><D16/><U76/><E80/><V64/><F64/><W30/><G30/><T36/><D127/><U119/><E98/><V81/><F81/><W29/><G29/><T8/><D8/><AGARI ba="1,0" hai="8,12,19,48,54,59,60,66,71,84,85,132,133,135" machi="8" ten="40,1300,0" yaku="20,1" doraHai="40" who="2" fromWho="0" sc="496,-16,116,0,171,16,217,0" owari="480,58.0,116,-38.4,187,-21.3,217,1.7" /></mjloggm>