<mjloggm ver="2.3"><GO type="225" lobby="0"/><UN n0="%E3%81%A4%E3%81%A3%E3%81%B1%E3%82%8A%E3%83%9D%E3%83%BC%E3%83%AB" n1="%68%75%69%68%75%69" n2="%45%6C%79%73%69%75%6D" n3="%E4%BA%8C%E6%8A%9E%E4%BA%BA" dan="17,16,16,16" rate="2178.54,2112.38,2117.08,2033.30" sx="M,F,M,F"/><TAIKYOKU oya="0"/><INIT seed="0,0,0,4,0,87" ten="250,250,250,250" oya="0" hai0="9,42,8,121,4,14,22,69,7,99,20,75,44" hai1="81,110,122,95,6,66,16,10,21,52,86,41,0" hai2="98,59,77,117,101,104,92,39,26,56,57,120,40" hai3="79,118,62,23,17,48,54,30,49,112,60,37,32"/><T105/><D121/><U131/><E122/><V43/><F120/><W11/><G112/><T116/><D116/><U106/><E110/><V67/><F117/><W36/><G32/><T53/><D69/><U38/><E106/><V12/><F67/><W61/><G118/><T3/><D75/><U71/><E131/><V111/><F111/><W93/><G79/><T19/><D53/><U70/><E41/><V126/><F126/><W64/><G64/><T113/><D113/><U55/><E38/><V68/><F68/><W45/><G48/><T84/><D84/><U102/><E66/><V135/><F135/><W80/><G80/><T65/><D65/><U109/><E109/><V100/><F77/><W73/><G73/><T18/><D99/><U2/><E2/><V29/><F12/><W114/><G114/><T33/><D105/><U103/><E71/><V31/><F39/><W125/><G125/><T78/><D78/><N who="1" m="46391" /><E70/><V90/><F104/><W74/><G74/><T133/><D133/><U127/><E0/><V15/><F15/><N who="3" m="7423" /><G36/><T13/><D33/><U108/><E108/><V25/><F43/><W35/><G35/><T51/><REACH who="0" step="1"/><D3/><REACH who="0" ten="240,250,250,250" step="2"/><U129/><E127/><V88/><F40/><W76/><G54/><T128/><D128/><U34/><E129/><V50/><F101/><W63/><G76/><T27/><D27/><N who="2" m="10250" /><F50/><W82/><G37/><T130/><D130/><U94/><E34/><V134/><F134/><W91/><G49/><T124/><D124/><U119/><E119/><V89/><AGARI ba="0,1" hai="29,31,56,57,59,88,89,90,92,98,100" m="10250" machi="89" ten="40,8000,1" yaku="8,1,52,3,54,1" doraHai="87" who="2" fromWho="2" sc="240,-40,250,-20,250,90,250,-20" /><INIT seed="1,0,0,0,4,85" ten="200,230,340,230" oya="1" hai0="101,125,135,66,70,33,28,65,69,41,90,2,130" hai1="0,22,47,72,109,42,46,79,16,6,76,131,86" hai2="134,93,50,77,104,12,55,51,61,133,34,24,17" hai3="132,13,27,11,89,95,38,1,45,26,119,63,9"/><U20/><E109/><V39/><F104/><W91/><G132/><N who="2" m="50793" /><F39/><W110/><G110/><T106/><D2/><U116/><E131/><V57/><F77/><W87/><G1/><T80/><D135/><U8/><E116/><V54/><F93/><N who="3" m="54463" /><G38/><T4/><D4/><U62/><E62/><V83/><F83/><W67/><G45/><T114/><D41/><U107/><E107/><V94/><F94/><W105/><G105/><T127/><D114/><U7/><E47/><V29/><F55/><W117/><G117/><T48/><D48/><U3/><E72/><V96/><F96/><N who="3" m="57471" /><G119/><T56/><D130/><U126/><E22/><AGARI ba="0,0" hai="12,17,22,24,29,34,50,51,54,57,61" m="50793" machi="22" ten="30,1000,0" yaku="20,1" doraHai="85" who="2" fromWho="1" sc="200,0,230,-10,340,10,230,0" /><INIT seed="2,0,0,4,1,127" ten="200,220,350,230" oya="2" hai0="32,51,25,35,12,16,27,82,102,59,65,67,117" hai1="47,58,97,74,78,9,21,115,46,87,101,103,130" hai2="116,114,63,106,81,76,100,34,5,131,13,109,73" hai3="107,112,68,52,19,55,2,39,84,69,113,123,132"/><V124/><F114/><N who="3" m="44139" /><G107/><T86/><D117/><U8/><E74/><V0/><F116/><W90/><G123/><T93/><D35/><U135/><E115/><V128/><F13/><W108/><G108/><T66/><D32/><U20/><E135/><V64/><F109/><W56/><G2/><T1/><D1/><U129/><E58/><V14/><F14/><W80/><G39/><T41/><D93/><U120/><E87/><V94/><F94/><W44/><G132/><T36/><D102/><U133/><E133/><V104/><F34/><W42/><G19/><T49/><D36/><U60/><E60/><V79/><F79/><W85/><G55/><N who="0" m="32255" /><D41/><U88/><E88/><V31/><F31/><W30/><G30/><T7/><D49/><U71/><E78/><V15/><F15/><W37/><G85/><T18/><D7/><U134/><E134/><V92/><F106/><W61/><AGARI ba="0,0" hai="37,42,44,52,56,61,68,69,80,84,90" m="44139" machi="61" ten="30,2000,0" yaku="11,1,54,1" doraHai="127" who="3" fromWho="3" sc="200,-5,220,-5,350,-10,230,20" /><INIT seed="3,0,0,2,3,34" ten="195,215,340,250" oya="3" hai0="98,76,24,61,128,92,79,96,97,118,50,37,13" hai1="6,45,48,16,131,19,38,41,100,8,105,94,23" hai2="117,56,70,122,35,46,14,28,106,43,74,15,36" hai3="29,64,115,111,7,62,133,68,126,85,112,109,125"/><W116/><G29/><T82/><D37/><U129/><E105/><V30/><F70/><W54/><G54/><T63/><BYE who="3" /><D118/><U32/><E32/><V84/><BYE who="1" /><F74/><W53/><G53/><T11/><D128/><U95/><E95/><V107/><F117/><W123/><G123/><T51/><D24/><U88/><E88/><V20/><F122/><W119/><G119/><T59/><D92/><UN n1="%68%75%69%68%75%69" /><UN n3="%E4%BA%8C%E6%8A%9E%E4%BA%BA" /><U104/><E104/><V99/><F56/><W21/><G21/><T90/><D90/><U103/><E94/><V40/><F84/><W89/><G7/><T127/><D127/><N who="3" m="48649" /><G133/><T55/><D63/><U0/><E38/><V80/><F80/><N who="3" m="49319" /><G116/><T5/><REACH who="0" step="1"/><D79/><REACH who="0" ten="185,215,340,250" step="2"/><U134/><E134/><V93/><F106/><W72/><G115/><T110/><D110/><U132/><E132/><V44/><F107/><W81/><G112/><T60/><D60/><U52/><E41/><V12/><F40/><W120/><G120/><T66/><D66/><U22/><E22/><V57/><F43/><W26/><G26/><T86/><AGARI ba="0,1" hai="5,11,13,50,51,55,59,61,76,82,86,96,97,98" machi="86" ten="30,4000,0" yaku="1,1,0,1,8,1,53,0" doraHai="34" doraHaiUra="65" who="0" fromWho="0" sc="185,50,215,-10,340,-10,250,-20" owari="235,3.5,205,-29.5,330,43.0,230,-17.0" /></mjloggm>