<mjloggm ver="2.3"><GO type="225" lobby="0"/><UN n0="%E7%89%B9%E6%9D%B1%E3%81%AF%E4%B8%96%E7%95%8C%E3%82%92%E6%95%91%E3%81%86" n1="%E5%8D%A0%E3%81%84%E5%B8%AB%E8%A3%8F%E3%81%AA%E3%81%84%E3%81%97" n2="%E3%81%BD%E3%81%A1%E3%81%9F%E3%81%93%E3%82%84" n3="%E3%83%B4%E3%82%A3%E3%83%AF%E3%82%B3%E3%82%B0%E3%83%8B" dan="16,17,17,17" rate="2221.72,2179.81,2135.64,2215.22" sx="M,M,M,M"/><TAIKYOKU oya="0"/><INIT seed="0,0,0,2,5,74" ten="250,250,250,250" oya="0" hai0="13,68,19,116,111,50,113,112,118,16,8,91,14" hai1="95,31,2,4,57,7,89,9,15,133,58,43,84" hai2="27,123,64,75,5,92,126,11,121,32,30,25,35" hai3="132,106,108,90,48,12,103,99,40,124,47,23,105"/><T39/><D39/><U28/><E133/><V21/><F75/><W44/><G108/><T94/><D68/><U55/><E43/><V128/><F64/><W109/><G109/><T134/><D111/><U117/><E117/><V51/><F51/><W60/><G124/><T54/><D134/><U114/><E114/><V61/><F61/><W97/><G132/><T76/><D76/><U130/><E130/><V33/><F92/><W53/><G90/><T42/><D42/><U69/><E69/><V18/><F126/><W52/><G60/><T29/><D29/><N who="1" m="11339" /><E2/><N who="2" m="439" /><F128/><W17/><REACH who="3" step="1"/><G47/><REACH who="3" ten="250,250,250,240" step="2"/><T78/><D113/><U67/><E67/><V104/><F104/><W34/><G34/><AGARI ba="0,1" hai="18,21,25,27,30,32,33,34,35,121,123" m="439" machi="34" ten="30,2000,0" yaku="34,2" doraHai="74" who="2" fromWho="3" sc="250,0,250,0,250,30,240,-20" /><INIT seed="1,0,0,0,1,26" ten="250,250,280,220" oya="1" hai0="48,38,61,112,129,103,50,44,24,73,25,133,54" hai1="40,10,36,7,132,56,115,15,125,34,123,107,110" hai2="80,19,82,95,117,131,46,55,106,57,5,22,88" hai3="105,3,62,111,21,41,43,37,72,77,8,63,23"/><U53/><E115/><V0/><F106/><W109/><G105/><T6/><D112/><U84/><E123/><V45/><F0/><W98/><G98/><T116/><D116/><U96/><E132/><V128/><F5/><N who="3" m="1087" /><G77/><T68/><D38/><U49/><E125/><V99/><F117/><W135/><G72/><T28/><D73/><U33/><E110/><N who="3" m="41994" /><G135/><T104/><D133/><U64/><E64/><V102/><F128/><W118/><G118/><T14/><D24/><U1/><E1/><V51/><F131/><W127/><G127/><T114/><D14/><U126/><E126/><V9/><F9/><W91/><G91/><T130/><D6/><U42/><E84/><N who="2" m="50183" /><F82/><W89/><G89/><T74/><D74/><U90/><E90/><V13/><AGARI ba="0,0" hai="13,19,22,45,46,51,55,57,95,99,102" m="50183" machi="13" ten="30,2000,0" yaku="8,1,54,1" doraHai="26" who="2" fromWho="2" sc="250,-5,250,-10,280,20,220,-5" /><INIT seed="2,0,0,5,5,5" ten="245,240,300,215" oya="2" hai0="76,70,63,43,87,4,77,124,112,115,118,116,51" hai1="78,37,106,11,1,3,75,34,91,2,50,119,114" hai2="71,131,134,58,24,21,72,52,53,117,93,7,127" hai3="135,28,64,25,111,10,46,120,44,45,55,12,56"/><V65/><F117/><N who="0" m="45162" /><D124/><U92/><E119/><V38/><F72/><W82/><G135/><T41/><D4/><U103/><E114/><N who="0" m="43561" /><D51/><U90/><E37/><V125/><F38/><W60/><G111/><T81/><D77/><U80/><E34/><V99/><F7/><N who="3" m="3167" /><G120/><T121/><D121/><U13/><E106/><V79/><F79/><W73/><G73/><T110/><D110/><U32/><E32/><V30/><F134/><W54/><G82/><T8/><D8/><U57/><E103/><N who="2" m="60911" /><F71/><W102/><G102/><T84/><D84/><U89/><E50/><V18/><F127/><W133/><G133/><T27/><D27/><U39/><E39/><V68/><F68/><W17/><G28/><T42/><D43/><U123/><E57/><V95/><F30/><W130/><G130/><T97/><D97/><U109/><E109/><V22/><F131/><W66/><G54/><T62/><D62/><U107/><E107/><V113/><F53/><W69/><G69/><T6/><D6/><U61/><E61/><N who="2" m="38071" /><F52/><W100/><G100/><T59/><D70/><U26/><E123/><V47/><F125/><W88/><G88/><T74/><D74/><U67/><E67/><AGARI ba="0,0" hai="41,42,59,63,67,76,81,87" m="43561,45162" machi="67" ten="30,1000,0" yaku="12,1" doraHai="5" who="0" fromWho="1" sc="245,10,240,-10,300,0,215,0" /><INIT seed="3,0,0,0,4,66" ten="255,230,300,215" oya="3" hai0="8,11,10,104,117,105,35,32,33,30,12,15,69" hai1="111,68,29,17,65,116,114,5,106,61,52,90,55" hai2="57,6,46,56,124,44,131,127,59,21,20,85,77" hai3="7,113,126,75,25,23,58,31,112,92,133,16,94"/><W96/><G133/><T108/><D30/><U97/><E114/><V115/><F115/><W19/><G126/><N who="2" m="48169" /><F6/><W67/><G75/><T22/><D22/><N who="2" m="8810" /><F131/><W28/><G112/><T0/><D0/><U9/><E17/><N who="3" m="6730" /><G113/><T13/><D117/><U98/><E111/><V1/><F1/><W47/><G28/><T132/><D108/><U60/><E116/><V80/><AGARI ba="0,0" hai="44,46,56,57,59,77,80,85" m="8810,48169" machi="80" ten="40,1500,0" yaku="18,1" doraHai="66" who="2" fromWho="2" sc="255,-4,230,-4,300,15,215,-7" owari="251,5.1,226,-17.4,315,41.5,208,-29.2" /></mjloggm>