<mjloggm ver="2.3"><GO type="225" lobby="0"/><UN n0="%E6%98%93%E5%88%A9%E8%96%A9%E4%BC%AF" n1="%72%61%6B%33" n2="%6D%61%74%69%67%75%73%61" n3="%E8%A8%88%E7%AE%97%E6%A9%9F%E8%87%AA%E7%84%B6" dan="16,16,17,17" rate="2113.94,2130.10,2128.39,2176.03" sx="F,M,M,M"/><TAIKYOKU oya="0"/><INIT seed="0,0,0,1,5,47" ten="250,250,250,250" oya="0" hai0="109,117,69,104,7,99,100,26,66,128,64,36,24" hai1="22,101,6,21,34,49,56,77,112,103,131,93,40" hai2="129,30,105,48,97,2,27,35,15,65,102,76,92" hai3="62,37,25,1,19,115,134,23,89,120,9,45,18"/><T98/><D117/><U126/><E112/><V17/><F129/><W80/><G115/><T118/><D118/><U96/><E131/><V59/><F2/><W91/><G120/><T81/><D36/><U29/><E126/><V132/><F132/><W87/><G134/><T4/><D128/><U119/><E119/><V127/><F76/><W14/><G1/><T74/><D109/><U41/><E34/><V53/><F127/><W52/><G37/><T73/><D100/><U108/><E108/><V46/><F65/><W33/><G33/><T78/><D78/><U83/><E101/><V31/><F31/><W32/><G32/><T8/><D81/><U63/><E6/><V113/><F113/><W3/><G3/><T90/><D90/><U133/><E133/><V88/><F46/><W94/><G62/><T10/><REACH who="0" step="1"/><D69/><REACH who="0" ten="240,250,250,250" step="2"/><U130/><E130/><V86/><F88/><N who="3" m="53535" /><G80/><T75/><D75/><U39/><E39/><V12/><F102/><W124/><G124/><T135/><D135/><U61/><E83/><V70/><F70/><W79/><G79/><T110/><D110/><U5/><E77/><V38/><F38/><W116/><G116/><T122/><D122/><U55/><E103/><V121/><F121/><W95/><G95/><T16/><D16/><U82/><E93/><V60/><F17/><W13/><G25/><T44/><D44/><U0/><E82/><V71/><F92/><W114/><G114/><T42/><D42/><U54/><E41/><V20/><F27/><W43/><G43/><T123/><D123/><U125/><E40/><V58/><F71/><RYUUKYOKU ba="0,1" sc="240,15,250,-15,250,-15,250,15" hai0="4,7,8,10,24,26,64,66,73,74,98,99,104" hai3="9,13,14,18,19,23,45,52,89,91" /><INIT seed="0,1,1,0,4,78" ten="255,235,235,265" oya="0" hai0="46,23,73,14,38,50,60,28,81,114,112,9,94" hai1="99,3,66,93,45,121,29,27,108,85,59,2,130" hai2="15,111,120,92,7,87,122,12,95,62,22,34,77" hai3="97,49,48,21,10,132,110,103,36,105,128,47,118"/><T55/><D38/><U119/><E121/><V56/><F34/><W88/><G118/><T63/><D94/><U42/><E119/><V5/><F111/><W67/><G110/><T102/><D102/><U106/><E106/><V16/><F122/><W129/><G67/><T101/><D101/><U0/><E130/><N who="3" m="50282" /><G132/><T96/><D96/><U75/><E75/><V86/><F120/><W83/><G21/><T61/><D23/><U80/><E108/><V116/><F116/><W25/><G25/><T18/><REACH who="0" step="1"/><D28/><REACH who="0" ten="245,235,235,265" step="2"/><U107/><E93/><V43/><F95/><W32/><G32/><T4/><D4/><U8/><E99/><V79/><F5/><W53/><G10/><T20/><D20/><U41/><E8/><V44/><F22/><W11/><G11/><T35/><D35/><U64/><E29/><V127/><F7/><W91/><G36/><T6/><D6/><U123/><E123/><V1/><F92/><W70/><G103/><T89/><D89/><U37/><E37/><V113/><F15/><W90/><G97/><T134/><D134/><U74/><E2/><V17/><F1/><W68/><G105/><T109/><D109/><U131/><E107/><V31/><F12/><W72/><G49/><T124/><D124/><U82/><E131/><V125/><F127/><W104/><G104/><T54/><D54/><U26/><E0/><V52/><F125/><W57/><G47/><T133/><D133/><U135/><E3/><V19/><F44/><W115/><G115/><T100/><D100/><U39/><E135/><V58/><F113/><W69/><G91/><RYUUKYOKU ba="1,2" sc="245,15,235,-15,235,-15,265,15" hai0="9,14,18,46,50,55,60,61,63,73,81,112,114" hai3="48,53,57,68,69,70,72,83,88,90" /><INIT seed="0,2,2,1,3,50" ten="260,220,220,280" oya="0" hai0="112,34,75,72,1,15,23,68,40,47,57,91,16" hai1="28,124,119,6,19,105,69,94,9,95,41,113,18" hai2="61,87,84,26,110,74,39,22,118,108,65,85,45" hai3="114,49,31,27,53,21,104,30,20,130,66,77,10"/><T33/><D68/><U2/><E119/><V70/><F74/><W58/><G114/><T43/><D1/><U96/><E113/><V62/><F62/><N who="3" m="38231" /><G104/><T129/><D112/><U3/><E124/><V79/><F79/><W51/><G130/><T8/><D129/><U24/><E3/><V35/><F35/><W109/><G109/><N who="2" m="42089" /><F118/><W13/><G77/><T98/><D23/><N who="3" m="8777" /><G27/><T80/><D57/><U117/><E117/><V46/><F39/><W101/><G101/><T103/><D43/><U116/><E69/><V121/><F121/><W123/><G123/><T54/><D40/><U67/><E67/><V11/><F11/><W133/><G133/><T134/><D134/><U55/><E41/><V120/><F120/><W59/><G51/><N who="0" m="29055" /><D34/><U81/><E116/><V63/><F63/><W12/><G12/><T37/><D33/><U56/><E2/><V100/><F100/><W86/><G86/><N who="0" m="50631" /><D37/><U82/><E105/><AGARI ba="2,2" hai="8,15,16,72,75,98,103,105" m="50631,29055" machi="105" ten="30,5800,0" yaku="25,1,52,1,54,1" doraHai="50" who="0" fromWho="1" sc="260,84,220,-64,220,0,280,0" /><INIT seed="0,3,0,0,3,70" ten="344,156,220,280" oya="0" hai0="96,80,53,69,0,32,71,108,104,51,99,75,2" hai1="58,111,100,50,1,21,54,38,123,14,94,66,25" hai2="27,46,49,56,44,4,130,19,52,65,87,101,28" hai3="109,127,110,59,131,85,31,81,122,64,13,93,83"/><T89/><D32/><U78/><E123/><V126/><F130/><W129/><G31/><T34/><D34/><U33/><E1/><V135/><F126/><W68/><G68/><T20/><D108/><N who="3" m="41577" /><G13/><T37/><D37/><U76/><E111/><V114/><F135/><W91/><G64/><T8/><D20/><U63/><E38/><V40/><F114/><W3/><G59/><T61/><D75/><U77/><E14/><V43/><F4/><W106/><G3/><T18/><D18/><U11/><E11/><V48/><F101/><W30/><G30/><T98/><D104/><U47/><E33/><V5/><F5/><W72/><G127/><T103/><D103/><U79/><E79/><V97/><F97/><N who="3" m="57535" /><G106/><T118/><D69/><U82/><E94/><V10/><F65/><W45/><G45/><T26/><D71/><U88/><E100/><V39/><F19/><W102/><G122/><T117/><D26/><U55/><E66/><V113/><F10/><W125/><G125/><T15/><D0/><U112/><E112/><V42/><F113/><W121/><G121/><T23/><D8/><U124/><E124/><V132/><F42/><W22/><G22/><T35/><D23/><U120/><E120/><V86/><REACH who="2" step="1"/><F132/><REACH who="2" ten="344,156,210,280" step="2"/><W116/><G102/><T73/><D2/><U67/><E67/><V95/><F95/><W16/><G16/><T90/><D15/><U9/><E9/><V74/><F74/><W133/><G133/><T17/><D73/><U60/><E25/><V12/><F12/><W92/><G72/><T115/><D17/><U128/><E55/><RYUUKYOKU ba="3,1" sc="344,-10,156,-10,210,30,280,-10" hai2="27,28,39,40,43,44,46,48,49,52,56,86,87" /><INIT seed="1,4,1,4,3,132" ten="334,146,240,270" oya="1" hai0="78,95,133,110,47,52,7,99,80,21,127,75,8" hai1="41,117,116,122,124,125,16,88,112,97,84,82,44" hai2="103,91,93,107,70,9,59,66,13,61,119,18,37" hai3="69,86,3,129,43,83,67,135,104,100,22,53,33"/><U56/><E112/><V109/><F119/><W27/><G3/><T60/><D110/><U20/><E122/><V39/><F109/><W68/><G43/><T24/><D127/><N who="1" m="48715" /><E56/><V108/><F108/><W90/><G33/><T62/><D133/><U48/><E97/><V29/><F29/><W5/><G67/><T105/><D105/><U87/><E87/><V51/><F103/><W85/><G135/><T58/><D62/><U101/><E101/><V42/><F107/><W115/><G115/><T94/><D47/><U2/><E2/><V45/><F59/><W113/><G86/><AGARI ba="4,1" hai="9,13,18,37,39,42,45,51,61,66,70,86,91,93" machi="86" ten="30,1000,0" yaku="7,1" doraHai="132" who="2" fromWho="3" sc="334,0,146,0,240,32,270,-22" /><INIT seed="2,0,0,0,4,84" ten="334,146,272,248" oya="2" hai0="116,110,56,0,2,82,132,123,54,59,9,128,43" hai1="103,62,133,30,112,5,32,125,75,86,34,85,100" hai2="16,105,97,122,37,102,124,47,13,92,99,66,65" hai3="88,6,131,28,23,18,20,80,76,24,130,29,41"/><V113/><F113/><W94/><G6/><T12/><D123/><U45/><E75/><V67/><F122/><W60/><G41/><T95/><D110/><U35/><E112/><V101/><F124/><W3/><G3/><T64/><D43/><U4/><E30/><V21/><REACH who="2" step="1"/><F47/><REACH who="2" ten="334,146,262,248" step="2"/><W114/><G114/><T8/><D116/><U119/><E45/><V25/><F25/><W69/><G131/><T106/><D128/><U10/><E119/><V38/><AGARI ba="0,1" hai="13,16,21,37,38,65,66,67,92,97,99,101,102,105" machi="38" ten="30,6000,0" yaku="1,1,0,1,54,1,53,0" doraHai="84" doraHaiUra="83" who="2" fromWho="2" sc="334,-20,146,-20,262,70,248,-20" /><INIT seed="2,1,0,1,1,106" ten="314,126,332,228" oya="2" hai0="25,43,72,39,22,76,119,38,135,92,83,87,27" hai1="29,131,120,55,20,84,111,104,115,133,81,51,41" hai2="79,82,58,56,103,127,26,8,97,110,48,96,100" hai3="35,21,36,46,24,86,128,126,6,90,78,42,12"/><V116/><F116/><W124/><G78/><T53/><D119/><U10/><E115/><V50/><F127/><N who="3" m="48683" /><G35/><T77/><D27/><U54/><E111/><V5/><F110/><W18/><G128/><T89/><D135/><U91/><E133/><V134/><F26/><W68/><G68/><T98/><D43/><U113/><E113/><V23/><F23/><W19/><G6/><T11/><D11/><U117/><E117/><V4/><F79/><W108/><G108/><T30/><D53/><U40/><E104/><V132/><REACH who="2" step="1"/><F82/><REACH who="2" ten="314,126,322,228" step="2"/><N who="3" m="49495" /><G12/><T118/><D118/><U114/><E114/><V93/><F93/><W17/><AGARI ba="1,1" hai="17,18,19,21,24,36,42,46" m="49495,48683" machi="17" ten="30,1100,0" yaku="18,1" doraHai="106" who="3" fromWho="3" sc="314,-4,126,-4,322,-6,228,24" /><INIT seed="3,0,0,0,5,110" ten="310,122,316,252" oya="3" hai0="135,94,48,107,123,85,71,105,6,37,112,17,88" hai1="119,113,58,63,75,91,111,79,56,121,96,62,40" hai2="73,76,101,115,67,28,66,19,120,131,116,70,3" hai3="21,78,92,16,36,129,14,55,74,7,8,65,106"/><W81/><G129/><T68/><D37/><U118/><E121/><V80/><F116/><W38/><G106/><T29/><D123/><U13/><E79/><V52/><F120/><W69/><G55/><T20/><D6/><U134/><E75/><V109/><F3/><W42/><G42/><T26/><D48/><U10/><E96/><V84/><F28/><W89/><G65/><T99/><D112/><U108/><E91/><V27/><F115/><W64/><G64/><T1/><D1/><U49/><E13/><V97/><F109/><N who="1" m="42057" /><E10/><V23/><F131/><W35/><G69/><T30/><D135/><U72/><E72/><V127/><F70/><W34/><G35/><T5/><D71/><U61/><E113/><V130/><F130/><W57/><G57/><N who="1" m="22122" /><E134/><V51/><F73/><W117/><G117/><N who="1" m="44554" /><E49/><V18/><F18/><W15/><REACH who="3" step="1"/><G34/><REACH who="3" ten="310,122,316,242" step="2"/><T43/><D107/><U128/><E128/><V59/><F66/><W53/><G53/><T50/><D105/><U12/><E12/><V133/><F52/><W102/><G102/><T124/><D68/><U100/><E100/><V39/><F101/><W24/><G24/><T132/><D26/><U114/><E114/><V90/><F27/><W9/><G9/><T46/><D132/><U60/><E60/><V0/><F67/><W82/><G82/><T125/><D20/><U95/><E95/><V4/><F23/><W47/><G47/><T22/><D46/><U45/><E40/><V33/><F133/><W122/><G122/><T31/><D43/><U93/><E93/><V104/><F104/><W2/><G2/><RYUUKYOKU ba="0,1" sc="310,-15,122,15,316,-15,242,15" hai1="45,61,62,63" hai3="7,8,14,15,16,21,36,38,74,78,81,89,92" /><INIT seed="3,1,1,0,0,133" ten="295,137,301,257" oya="3" hai0="126,77,93,132,105,64,6,110,53,3,127,114,17" hai1="45,7,94,22,44,116,91,49,32,109,62,118,29" hai2="102,5,135,60,134,87,15,68,58,11,84,41,69" hai3="43,96,130,1,9,89,51,27,70,46,125,59,20"/><W54/><G130/><T98/><D132/><N who="2" m="50730" /><F102/><W129/><G129/><T21/><D105/><U104/><E104/><V71/><F41/><W14/><G1/><T86/><D110/><U124/><E109/><V25/><F25/><W120/><G120/><T75/><D75/><U92/><E32/><V113/><F113/><W81/><G125/><N who="0" m="47627" /><D64/><AGARI ba="1,1" hai="5,11,15,58,60,64,68,69,71,84,87" m="50730" machi="64" ten="40,1300,0" yaku="20,1" doraHai="133" who="2" fromWho="0" sc="295,-16,137,0,301,26,257,0" owari="279,7.9,137,-36.3,327,42.7,257,-14.3" /></mjloggm>