<mjloggm ver="2.3"><GO type="225" lobby="0"/><UN n0="%E6%81%A5%E6%99%92%E3%81%97" n1="%E4%B8%89%E5%88%86%E5%B0%8F%E5%83%A7" n2="%E5%A4%8F%E9%88%B4%E9%88%B4%E5%A4%8F" n3="%E3%83%B4%E3%82%A3%E3%83%AF%E3%82%B3%E3%82%B0%E3%83%8B" dan="17,16,16,17" rate="2184.99,2100.08,2130.25,2240.72" sx="M,M,F,M"/><TAIKYOKU oya="0"/><INIT seed="0,0,0,1,4,42" ten="250,250,250,250" oya="0" hai0="89,24,77,34,50,26,86,28,132,73,107,63,68" hai1="92,115,25,112,82,74,129,17,36,55,117,7,76" hai2="97,35,20,13,2,98,51,85,125,101,33,22,47" hai3="0,12,39,41,70,105,109,66,99,59,8,49,67"/><T5/><D132/><U114/><E117/><V15/><F2/><W84/><G109/><T21/><D5/><U58/><E36/><V111/><F111/><W131/><G39/><T127/><D127/><U1/><E129/><V88/><F125/><W123/><G70/><T60/><D107/><U4/><E1/><V18/><F35/><W134/><G131/><T94/><D68/><U124/><E124/><V27/><F33/><W10/><G123/><T29/><REACH who="0" step="1"/><D50/><REACH who="0" ten="240,250,250,250" step="2"/><N who="1" m="31095" /><E92/><N who="2" m="54287" /><F101/><W37/><G105/><T93/><D93/><U64/><E64/><V48/><F51/><W104/><G49/><T54/><D54/><U61/><E61/><V133/><F133/><W120/><G134/><T119/><D119/><U81/><E81/><AGARI ba="0,1" hai="21,24,26,28,29,34,60,63,73,77,81,86,89,94" machi="81" ten="40,2000,0" yaku="1,1,53,0" doraHai="42" doraHaiUra="44" who="0" fromWho="1" sc="240,30,250,-20,250,0,250,0" /><INIT seed="0,1,0,5,2,123" ten="270,230,250,250" oya="0" hai0="89,116,91,114,28,77,11,100,101,113,27,111,71" hai1="78,69,12,22,86,95,41,131,40,79,52,19,134" hai2="8,67,38,68,26,65,51,50,34,70,93,81,124" hai3="33,110,72,9,47,62,104,6,37,85,46,117,58"/><T57/><D116/><U10/><E131/><V53/><F8/><W4/><G72/><T61/><D71/><U45/><E69/><V83/><F93/><W15/><G33/><T31/><D77/><N who="1" m="29195" /><E134/><V97/><F97/><W102/><G117/><T122/><D11/><U36/><E36/><V32/><F26/><W24/><G4/><T106/><D27/><N who="1" m="14815" /><E86/><V75/><F38/><W30/><G37/><T98/><D122/><U14/><E95/><V87/><F87/><W76/><G102/><T90/><D101/><U119/><E119/><V112/><F53/><W127/><G104/><T48/><D113/><U120/><E120/><V94/><F94/><W0/><G0/><T130/><D114/><U96/><E96/><V107/><F112/><W23/><G127/><T73/><D130/><U80/><E80/><V64/><F64/><N who="3" m="38999" /><G110/><T49/><D73/><U59/><E45/><V5/><F75/><W84/><G85/><T39/><D39/><U115/><E115/><V74/><F74/><W54/><G54/><T18/><D111/><U88/><E88/><V132/><F107/><W29/><G29/><T121/><D121/><U129/><E129/><V13/><F124/><W125/><G125/><T16/><D28/><U66/><E66/><V55/><F55/><W105/><G105/><T126/><D31/><U108/><E108/><V42/><F132/><W7/><G7/><T103/><D126/><U118/><E118/><V135/><F5/><W92/><G92/><T99/><D106/><U17/><E14/><V25/><F13/><W21/><G21/><T2/><D99/><RYUUKYOKU ba="1,0" sc="270,-15,230,15,250,-15,250,15" hai1="10,12,17,40,41,52,59" hai3="6,9,15,23,24,30,46,47,76,84" /><INIT seed="1,2,0,0,5,76" ten="255,245,235,265" oya="1" hai0="113,48,45,96,72,115,108,22,126,77,35,42,3" hai1="1,132,78,82,66,74,63,73,85,46,4,130,28" hai2="55,93,117,41,123,105,89,15,67,116,128,95,25" hai3="135,71,47,112,61,65,40,31,100,32,118,9,27"/><U107/><E107/><V109/><F105/><W20/><G112/><T29/><D35/><U101/><E101/><V120/><F41/><W104/><G135/><T64/><D108/><U34/><E132/><V87/><F67/><W83/><G118/><N who="2" m="45673" /><F25/><W51/><G9/><T134/><D126/><U131/><E46/><V52/><F15/><W98/><REACH who="3" step="1"/><G83/><REACH who="3" ten="255,245,235,255" step="2"/><T122/><D134/><U103/><E82/><N who="2" m="49399" /><F55/><W54/><G54/><T125/><D113/><U44/><E66/><V19/><F52/><W84/><G84/><T39/><D115/><U37/><E85/><V119/><F119/><W7/><G7/><T23/><D64/><U2/><E4/><V43/><F43/><W14/><G14/><T13/><D13/><U12/><E12/><V88/><F109/><W11/><G11/><T102/><D42/><U68/><E1/><V58/><F123/><W133/><G133/><T38/><D122/><U60/><E2/><V129/><F120/><W114/><G114/><T121/><D3/><U30/><E130/><V59/><F128/><W70/><G70/><T127/><D121/><U8/><E131/><V49/><F129/><W110/><G110/><T21/><D125/><U18/><E8/><V91/><F58/><W26/><G26/><T62/><D127/><U79/><E68/><V6/><F59/><W69/><G69/><T111/><D111/><U92/><E74/><V97/><F6/><W16/><G16/><T80/><D29/><U57/><E73/><V81/><F19/><W53/><G53/><N who="0" m="29839" /><D62/><N who="1" m="23595" /><E30/><V10/><F10/><W24/><G24/><T124/><D124/><RYUUKYOKU ba="2,1" sc="255,15,245,-15,235,-15,255,15" hai0="21,22,23,38,39,72,77,80,96,102" hai3="20,27,31,32,40,47,51,61,65,71,98,100,104" /><INIT seed="2,3,1,3,4,135" ten="270,230,220,270" oya="2" hai0="83,1,8,38,103,10,33,21,48,17,84,36,15" hai1="107,109,59,120,89,123,75,87,29,11,118,26,60" hai2="3,0,51,110,64,131,108,122,100,130,57,23,40" hai3="27,82,101,86,73,31,112,16,41,22,39,63,32"/><V129/><F122/><N who="1" m="46633" /><E75/><V56/><F100/><W88/><G112/><T4/><D103/><U54/><E107/><V113/><F113/><W25/><G101/><T78/><D33/><N who="1" m="20663" /><E11/><V102/><F102/><W119/><G119/><T28/><D28/><U46/><E109/><N who="2" m="42091" /><F23/><W18/><G63/><T81/><D10/><U124/><E46/><N who="2" m="26055" /><F64/><W94/><G18/><T133/><D133/><U71/><E118/><V126/><F126/><W125/><G125/><T20/><D21/><U95/><E124/><V105/><F105/><W49/><G39/><T93/><D93/><U117/><E117/><V55/><F56/><W53/><G41/><T7/><D38/><U76/><E76/><V96/><F96/><W43/><G43/><T19/><D36/><U99/><E71/><V97/><F97/><AGARI ba="3,1" hai="54,59,60,87,89,95,97,99" m="20663,46633" machi="97" ten="30,1000,0" yaku="13,1" doraHai="135" who="1" fromWho="2" sc="270,0,230,29,220,-19,270,0" /><INIT seed="3,0,0,1,4,9" ten="270,259,201,270" oya="3" hai0="79,69,89,28,73,118,36,77,84,86,7,24,34" hai1="90,40,132,121,113,6,87,48,124,101,31,81,56" hai2="108,61,71,92,96,29,110,52,115,98,97,27,99" hai3="70,41,93,122,112,123,55,76,135,10,25,35,126"/><W0/><G76/><T4/><D118/><U67/><E121/><V125/><F115/><W88/><G112/><T66/><D36/><U80/><E113/><V106/><F106/><W59/><G70/><T63/><D86/><U15/><E124/><V16/><F125/><W21/><G35/><T129/><D129/><U19/><E132/><V57/><F71/><W78/><G78/><T23/><D34/><U30/><E6/><V39/><F39/><W14/><G41/><T102/><D102/><U91/><E101/><V94/><F29/><W51/><G0/><T75/><D79/><U2/><E2/><V85/><F85/><W43/><G43/><T5/><REACH who="0" step="1"/><D77/><REACH who="0" ten="260,259,201,270" step="2"/><U22/><E87/><V38/><F38/><W74/><G126/><T103/><D103/><U82/><E90/><N who="2" m="55319" /><F94/><AGARI ba="0,1" hai="4,5,7,23,24,28,63,66,69,73,75,84,89,94" machi="94" ten="40,5200,0" yaku="1,1,53,2" doraHai="9" doraHaiUra="107" who="0" fromWho="2" sc="260,62,259,0,201,-52,270,0" owari="322,42.2,259,-14.1,149,-35.1,270,7.0" /></mjloggm>