<mjloggm ver="2.3"><GO type="225" lobby="0"/><UN n0="%E3%83%94%E3%82%AB%E3%83%81%E3%83%A5%E3%82%A6%E3%81%8F%E3%82%93" n1="%E6%B8%A9%E2%98%85%E6%83%85%E2%98%85%E6%8E%AA%E2%98%85%E7%BD%AE" n2="%E3%83%A9%E3%82%B9%E7%8E%87%EF%BC%93%E5%89%B2" n3="%E6%97%A5%E6%9B%9C%E6%97%A5%E3%82%88%E3%82%8A%E3%81%AE%E4%BD%BF%E8%80%85" dan="16,17,16,16" rate="2101.96,2206.89,2171.95,2164.39" sx="F,M,F,M"/><TAIKYOKU oya="0"/><INIT seed="0,0,0,3,5,4" ten="250,250,250,250" oya="0" hai0="2,51,88,95,93,82,47,39,113,133,65,71,131" hai1="127,46,64,72,77,5,84,128,50,36,78,14,53" hai2="80,112,8,94,3,30,96,69,7,73,124,74,49" hai3="107,110,0,10,45,48,62,86,9,117,67,55,100"/><T11/><D113/><U15/><E128/><V126/><F112/><W6/><G117/><T17/><D133/><U98/><E127/><N who="2" m="48683" /><F69/><W92/><G110/><T37/><D131/><U122/><E122/><V83/><F30/><W63/><G107/><T119/><D119/><U103/><E72/><N who="2" m="27755" /><F49/><W20/><G20/><T33/><D33/><U16/><E36/><V75/><N who="2" m="27763" /><V130/><DORA hai="76" /><F130/><W34/><G34/><T57/><D37/><U104/><E64/><V26/><F26/><W125/><G125/><T66/><D71/><U99/><E99/><V52/><F52/><W116/><G116/><T111/><D39/><U27/><E27/><V18/><F18/><W54/><G54/><N who="0" m="30079" /><D111/><U129/><E129/><V102/><AGARI ba="0,0" hai="3,7,8,80,83,94,96,102" m="27763,48683" machi="102" ten="50,8000,1" yaku="18,1,52,3" doraHai="4,76" who="2" fromWho="2" sc="250,-40,250,-20,250,80,250,-20" /><INIT seed="1,0,0,3,1,134" ten="210,230,330,230" oya="1" hai0="55,106,45,50,1,8,47,113,31,7,103,53,109" hai1="25,61,118,62,56,135,37,2,96,19,116,108,123" hai2="120,6,82,73,66,40,87,100,9,41,74,63,20" hai3="129,23,126,81,105,16,11,121,69,92,94,32,42"/><U80/><E123/><V64/><F120/><W101/><G32/><T114/><D109/><U17/><E37/><V77/><F100/><W98/><G69/><T22/><D106/><U119/><E2/><V84/><F20/><W4/><G121/><T117/><D103/><U65/><E135/><V71/><F66/><W112/><G112/><T13/><D117/><U58/><E108/><V99/><F99/><W97/><G129/><T10/><D22/><U48/><E96/><V35/><F35/><W132/><G132/><T131/><D31/><U36/><E36/><V68/><F68/><W46/><G81/><T89/><D89/><U91/><E48/><V15/><REACH who="2" step="1"/><F87/><REACH who="2" ten="210,230,320,230" step="2"/><W43/><G98/><T86/><D86/><N who="1" m="50631" /><E119/><V88/><F88/><W39/><G97/><T60/><D131/><U27/><E118/><V83/><F83/><W30/><G101/><T90/><D90/><U104/><E116/><V5/><F5/><W24/><G4/><T49/><REACH who="0" step="1"/><D60/><REACH who="0" ten="200,230,320,230" step="2"/><U128/><E128/><V52/><F52/><W93/><G23/><T38/><D38/><U125/><E62/><V72/><AGARI ba="0,2" hai="6,9,15,40,41,63,64,71,72,73,74,77,82,84" machi="72" ten="30,2000,0" yaku="1,1,0,1,53,0" doraHai="134" doraHaiUra="115" who="2" fromWho="2" sc="200,-5,230,-10,320,40,230,-5" /><INIT seed="2,0,0,0,5,119" ten="195,220,360,225" oya="2" hai0="94,14,87,111,46,9,100,40,56,57,15,65,121" hai1="38,62,104,74,3,113,27,130,95,92,120,49,51" hai2="86,133,18,1,24,101,25,37,91,90,39,48,126" hai3="63,122,88,23,17,42,10,13,112,61,44,69,41"/><V98/><F1/><W6/><G122/><T28/><D111/><U81/><E113/><V116/><F48/><N who="1" m="18505" /><E3/><V60/><F60/><W0/><G112/><T106/><D106/><U21/><E104/><V43/><F43/><W66/><G44/><T50/><D121/><U58/><E38/><V127/><F18/><W117/><G117/><T32/><D65/><N who="1" m="39127" /><E74/><V84/><F98/><W131/><G131/><T80/><D28/><N who="1" m="17519" /><E120/><V82/><F82/><W73/><G73/><T55/><D32/><U12/><E130/><V103/><F116/><W109/><G109/><T79/><D55/><U68/><E68/><V67/><F67/><W52/><REACH who="3" step="1"/><G88/><REACH who="3" ten="195,220,360,215" step="2"/><T108/><D108/><U85/><E12/><V96/><F96/><W102/><G102/><T110/><D110/><U59/><E59/><AGARI ba="0,1" hai="0,6,10,13,17,23,41,42,52,59,61,63,66,69" machi="59" ten="40,2600,0" yaku="1,1,54,1,53,0" doraHai="119" doraHaiUra="118" who="3" fromWho="1" sc="195,0,220,-26,360,0,215,36" /><INIT seed="3,0,0,5,3,52" ten="195,194,360,251" oya="3" hai0="67,66,18,126,77,107,28,118,120,32,86,1,13" hai1="60,25,98,108,125,61,5,100,80,55,14,105,75" hai2="37,4,31,8,72,116,109,41,115,62,133,9,79" hai3="124,110,58,6,95,111,39,70,97,46,17,134,47"/><W93/><G70/><T49/><D1/><U64/><E108/><N who="3" m="41514" /><G124/><T82/><D126/><U99/><E125/><V53/><F31/><W68/><G68/><T0/><D0/><U129/><E129/><V101/><F101/><N who="3" m="60591" /><G134/><T112/><D118/><U54/><E75/><V91/><F116/><W135/><G135/><T11/><D120/><U30/><E80/><V103/><F103/><W74/><G74/><T59/><D112/><U20/><E99/><V50/><F72/><W119/><G119/><T83/><D107/><U131/><E131/><V69/><F69/><W34/><G34/><T94/><D94/><N who="1" m="58455" /><E64/><V45/><F115/><W51/><G6/><T2/><D82/><U7/><E105/><V3/><F4/><N who="1" m="1609" /><E14/><V84/><F3/><W42/><G17/><T114/><D2/><U88/><E88/><V63/><F133/><W78/><G78/><T10/><D114/><U130/><E130/><V96/><F109/><W128/><G128/><T23/><D32/><U65/><E65/><N who="0" m="24585" /><D28/><U16/><E30/><V57/><F79/><W40/><G95/><T56/><D11/><U102/><E102/><V121/><F8/><W27/><G27/><T90/><D10/><U104/><E104/><V26/><F9/><W117/><G117/><T76/><D76/><U122/><E122/><V81/><F121/><W132/><G132/><T73/><D73/><U24/><E24/><V33/><F26/><W22/><G22/><T123/><D123/><U44/><E44/><V35/><F35/><W19/><G19/><T48/><D77/><U85/><E85/><V106/><F33/><RYUUKYOKU ba="0,0" sc="195,0,194,0,360,0,251,0" hai0="13,18,23,48,49,56,59,83,86,90" hai1="16,20,25,54,55,60,61" hai2="37,41,45,50,53,57,62,63,81,84,91,96,106" hai3="39,40,42,46,47,51,58" /><INIT seed="3,1,0,2,0,112" ten="195,194,360,251" oya="3" hai0="19,85,32,61,93,31,129,0,67,24,28,10,9" hai1="122,97,117,134,92,47,43,72,111,54,7,22,120" hai2="77,94,58,52,90,118,101,113,18,53,88,132,125" hai3="78,87,106,59,36,57,34,114,82,109,44,27,25"/><W103/><G114/><T133/><D133/><U37/><E134/><V95/><F118/><W68/><G68/><T42/><D129/><U23/><E72/><V115/><F132/><W55/><G109/><T96/><D42/><U30/><E111/><V4/><F77/><W6/><G6/><T63/><D31/><U8/><E54/><V20/><F4/><W15/><G103/><T84/><D0/><U12/><E117/><V131/><F101/><W71/><G71/><T35/><D35/><U79/><E79/><V56/><F125/><W65/><G106/><T135/><D63/><U33/><E33/><V46/><F46/><W128/><G128/><T107/><D135/><U81/><E81/><V123/><F123/><W51/><G36/><T99/><D99/><U13/><E23/><V62/><F131/><W1/><G1/><T98/><D98/><U110/><E110/><V69/><F69/><W49/><G65/><T130/><D130/><U116/><E116/><V86/><F18/><W124/><G124/><T40/><D40/><U60/><E60/><V108/><F20/><W50/><G34/><T26/><D107/><U105/><E105/><V48/><F108/><W83/><G83/><T75/><D75/><U38/><E38/><V3/><F3/><W127/><G82/><T21/><D61/><U73/><E73/><V80/><F80/><W76/><G78/><T91/><D67/><U5/><E5/><V14/><F14/><W64/><G76/><T102/><D102/><N who="1" m="60711" /><E13/><V16/><F16/><W119/><G15/><T11/><AGARI ba="1,0" hai="9,10,11,19,21,24,26,28,32,84,85,91,93,96" machi="11" ten="30,1100,0" yaku="0,1" doraHai="112" who="0" fromWho="0" sc="195,14,194,-4,360,-4,251,-6" owari="209,-19.1,190,-31.0,356,45.6,245,4.5" /></mjloggm>