<mjloggm ver="2.3"><GO type="225" lobby="0"/><UN n0="%E3%81%AF%E3%82%88%E3%81%8A%E3%81%98%E3%81%95%E3%82%93" n1="%E3%81%8B%E3%82%8F%E3%81%A1%E3%82%83%E3%82%93%35%38" n2="%E3%83%96%E3%83%83%E3%83%91%E3%82%AA%E3%83%96%E3%83%81%E3%82%AD%E3%83%B3" n3="%E5%91%A8%E6%9D%B1" dan="17,16,16,17" rate="2122.27,2164.35,2101.58,2211.83" sx="M,M,M,M"/><TAIKYOKU oya="0"/><INIT seed="0,0,0,5,4,64" ten="250,250,250,250" oya="0" hai0="0,133,105,121,45,94,58,14,27,83,103,62,43" hai1="38,9,18,35,91,77,110,129,49,24,118,101,73" hai2="31,1,55,25,16,47,106,61,66,8,29,15,116" hai3="72,75,53,119,63,40,131,50,109,102,37,34,41"/><T120/><D0/><U54/><E118/><V46/><F116/><W97/><G119/><T28/><D105/><U135/><E38/><V114/><F114/><W71/><G34/><T2/><D2/><U36/><E36/><V39/><F106/><W26/><G26/><T124/><D124/><U127/><E101/><V86/><F1/><W13/><G13/><T7/><D133/><U74/><E77/><V19/><F39/><W85/><G85/><T112/><D112/><U57/><E35/><V44/><F55/><W123/><G41/><T122/><D83/><U22/><E135/><V92/><F19/><W87/><G87/><T95/><D103/><U56/><E9/><V68/><REACH who="2" step="1"/><F25/><REACH who="2" ten="250,250,240,250" step="2"/><W30/><G53/><T90/><D7/><U89/><E18/><V78/><F78/><W67/><G37/><T69/><D14/><U20/><E54/><V4/><F4/><W84/><G40/><T128/><D43/><U117/><E24/><V80/><F80/><W21/><G30/><T59/><D27/><U126/><E117/><V11/><F11/><W5/><G5/><T23/><D28/><U70/><E49/><V107/><F107/><W125/><G50/><T42/><D42/><U113/><E113/><V99/><F99/><W134/><G97/><T132/><D132/><U130/><E110/><V76/><F76/><W17/><G109/><T60/><D122/><U104/><E104/><V96/><F96/><W10/><G123/><T65/><D120/><U93/><E93/><V51/><F51/><W52/><G134/><T32/><D121/><U98/><E98/><RYUUKYOKU ba="0,1" sc="250,-15,250,15,240,15,250,-15" hai1="20,22,56,57,70,73,74,89,91,126,127,129,130" hai2="8,15,16,29,31,44,46,47,61,66,68,86,92" /><INIT seed="1,1,1,1,4,101" ten="235,265,255,235" oya="1" hai0="29,2,37,125,72,100,111,62,19,53,54,64,87" hai1="63,78,56,0,55,14,121,5,13,38,42,68,108" hai2="10,46,114,18,61,66,35,94,21,77,1,109,58" hai3="81,119,24,28,71,110,67,91,113,59,52,48,4"/><U93/><E121/><V39/><F109/><W135/><G110/><T65/><D72/><U25/><E108/><V34/><F114/><W128/><G113/><T83/><D111/><U92/><E68/><V118/><F118/><W17/><G119/><T73/><D73/><U49/><E38/><V130/><F130/><W129/><G4/><T69/><D37/><U11/><E78/><V134/><F134/><W30/><G135/><T117/><D117/><U15/><E42/><V9/><F77/><W23/><G67/><T80/><D2/><U105/><E105/><V12/><F94/><W44/><G71/><T79/><D125/><U45/><REACH who="1" step="1"/><E25/><REACH who="1" ten="235,255,255,235" step="2"/><V127/><F127/><W33/><G128/><T7/><D69/><U96/><E96/><V75/><F75/><W8/><G129/><T90/><D79/><U32/><E32/><V112/><F112/><W99/><G33/><T26/><D26/><U3/><E3/><V6/><REACH who="2" step="1"/><F10/><REACH who="2" ten="235,255,245,235" step="2"/><W50/><G8/><T36/><D87/><U103/><E103/><V27/><F27/><W122/><G122/><T120/><D100/><U22/><E22/><V47/><F47/><W116/><G116/><T132/><D120/><U86/><E86/><V97/><F97/><W60/><G99/><T104/><D132/><U95/><E95/><V70/><F70/><W76/><G76/><T82/><D104/><U131/><E131/><V102/><F102/><W89/><G24/><T106/><D106/><U31/><E31/><V40/><AGARI ba="1,3" hai="1,6,9,12,18,21,34,35,39,40,46,58,61,66" machi="40" ten="30,2000,0" yaku="1,1,0,1,53,0" doraHai="101" doraHaiUra="126" who="2" fromWho="2" sc="235,-6,255,-11,245,53,235,-6" /><INIT seed="2,0,0,1,1,26" ten="229,244,298,229" oya="2" hai0="104,76,38,49,17,83,91,56,74,127,123,4,110" hai1="57,135,25,66,113,27,106,133,112,99,7,33,81" hai2="55,132,29,131,61,11,64,51,88,69,60,128,53" hai3="77,44,101,90,52,116,59,120,46,42,75,109,58"/><V108/><F132/><N who="1" m="50761" /><E7/><V36/><F36/><W43/><G116/><T98/><D123/><U96/><E81/><V34/><F108/><W68/><G68/><T126/><D38/><U100/><E96/><V2/><F61/><W23/><G109/><T47/><D110/><U82/><E82/><V103/><F103/><W70/><G70/><T67/><D4/><U15/><E15/><V5/><F88/><W130/><G120/><T50/><D17/><U20/><E33/><V40/><F40/><W118/><G118/><T24/><D24/><N who="1" m="9291" /><E20/><V6/><F6/><W62/><G101/><T30/><D104/><U125/><E125/><V115/><F34/><W124/><G23/><T80/><D80/><U122/><E122/><V89/><F5/><W54/><G124/><T71/><D91/><U1/><E1/><V78/><F89/><W21/><G21/><T22/><D22/><U97/><E97/><V129/><F2/><W19/><G90/><T117/><D98/><U95/><E95/><V35/><F35/><W79/><G19/><T93/><D93/><U105/><E105/><V37/><F129/><W13/><G130/><T65/><D117/><U28/><E28/><V85/><F29/><W72/><G13/><T84/><D30/><U45/><E45/><V3/><F131/><W39/><G39/><T92/><D92/><U63/><E106/><V41/><F37/><W102/><G102/><T134/><D134/><U31/><E31/><V14/><F3/><W73/><G73/><T0/><D74/><U10/><E10/><V18/><F128/><W32/><G32/><RYUUKYOKU ba="0,0" sc="229,-15,244,15,298,-15,229,15" hai1="57,63,66,99,100,112,113" hai3="42,43,44,46,52,54,58,59,62,72,75,77,79" /><INIT seed="3,1,0,3,2,23" ten="214,259,283,244" oya="3" hai0="42,105,123,56,102,21,45,125,6,81,12,73,52" hai1="13,85,40,133,59,2,75,24,71,86,126,25,74" hai2="119,53,54,101,78,35,3,60,130,47,57,11,20" hai3="92,131,104,15,4,76,22,124,79,96,38,98,58"/><W82/><G38/><T26/><D123/><U68/><E59/><V0/><F119/><W77/><G131/><T103/><D105/><U122/><E40/><V31/><F35/><W46/><G124/><T33/><D125/><U111/><E126/><V100/><F130/><W8/><G46/><T94/><D33/><U41/><E41/><V89/><F78/><W37/><G37/><T128/><D128/><U110/><E13/><V34/><F34/><W62/><G104/><T14/><D73/><U107/><E107/><V65/><F3/><W83/><G22/><T88/><D81/><U18/><E18/><V108/><F108/><W10/><G10/><N who="0" m="4183" /><D14/><U113/><E2/><V43/><F0/><W17/><G4/><T115/><D45/><U55/><E55/><N who="2" m="21003" /><F89/><N who="3" m="55311" /><G98/><N who="0" m="57671" /><D115/><U67/><E113/><V49/><F11/><W1/><G1/><T127/><D42/><U51/><E122/><V97/><F97/><W116/><G116/><T19/><D127/><U48/><E133/><V121/><F121/><W70/><G70/><T87/><D87/><U95/><E95/><V134/><F134/><W7/><G7/><T135/><D135/><U72/><E72/><V29/><F29/><W5/><G5/><T9/><D9/><U39/><E39/><V64/><F31/><W69/><G69/><T99/><D99/><U63/><E63/><AGARI ba="1,0" hai="19,21,26,52,56,63,102,103" m="57671,4183" machi="63" ten="30,8000,1" yaku="25,1,8,1,52,1,54,2" doraHai="23" who="0" fromWho="1" sc="214,83,259,-83,283,0,244,0" /><INIT seed="4,0,0,5,1,32" ten="297,176,283,244" oya="0" hai0="16,1,29,24,59,67,3,77,41,124,99,104,51" hai1="19,8,103,79,114,94,42,100,9,5,68,21,88" hai2="122,82,92,46,11,80,85,53,66,75,36,58,2" hai3="18,48,126,90,15,86,23,89,12,87,123,127,108"/><T30/><D77/><U10/><E68/><V98/><F122/><W84/><G123/><T50/><D124/><N who="3" m="47657" /><G108/><T107/><D16/><U73/><E114/><V40/><F75/><W4/><G48/><T54/><D67/><U101/><E42/><V102/><F66/><W25/><G4/><T63/><D30/><U120/><E120/><V113/><F113/><W116/><G116/><T6/><D6/><U91/><E91/><AGARI ba="0,0" hai="12,15,18,23,25,84,86,87,89,90,91" m="47657" machi="91" ten="30,1000,0" yaku="18,1" doraHai="32" who="3" fromWho="1" sc="297,0,176,-10,283,0,244,10" /><INIT seed="5,0,0,1,2,1" ten="297,166,283,254" oya="1" hai0="16,83,40,114,132,43,125,87,108,31,91,94,121" hai1="20,61,6,134,10,75,128,107,17,92,7,11,72" hai2="133,25,74,5,77,111,104,118,15,45,35,37,28" hai3="131,3,0,51,26,90,115,82,63,76,27,97,130"/><U116/><E107/><V98/><F118/><W85/><G115/><T44/><D108/><U66/><E116/><V2/><F111/><W53/><G63/><T67/><D114/><U30/><E30/><V96/><F133/><W113/><G113/><T64/><D132/><U42/><E134/><V99/><F15/><W120/><G120/><T80/><D121/><U48/><E128/><N who="3" m="49194" /><G3/><T109/><D109/><U57/><E75/><V47/><F104/><W101/><G76/><T14/><D125/><U59/><E72/><V22/><F22/><W105/><G0/><T110/><D31/><U89/><E11/><N who="2" m="2487" /><F47/><AGARI ba="0,0" hai="26,27,47,51,53,82,85,90,97,101,105" m="49194" machi="47" ten="30,1000,0" yaku="19,1" doraHai="1" who="3" fromWho="2" sc="297,0,166,0,283,-10,254,10" /><INIT seed="6,0,0,0,4,132" ten="297,166,273,264" oya="2" hai0="59,29,126,25,15,27,42,1,110,116,47,24,16" hai1="101,79,64,99,128,62,120,95,109,89,4,111,107" hai2="133,77,9,30,92,43,12,31,3,117,14,60,33" hai3="119,7,130,19,76,93,55,50,51,135,75,112,45"/><V100/><F43/><W17/><G119/><T83/><D110/><U38/><E38/><V106/><F106/><W105/><G105/><T52/><D1/><U131/><E4/><N who="2" m="1183" /><F92/><W94/><G135/><T85/><D126/><U58/><E120/><V71/><F60/><W22/><G130/><N who="1" m="49706" /><E79/><V37/><F100/><W70/><G70/><T104/><D104/><U81/><E81/><V80/><F71/><W63/><G112/><T91/><D116/><U0/><E0/><V86/><F37/><W13/><G7/><T118/><D118/><U56/><E56/><V11/><F86/><AGARI ba="0,0" hai="58,62,64,86,89,95,99,101,107,109,111" m="49706" machi="86" ten="30,1000,0" yaku="19,1" doraHai="132" who="1" fromWho="2" sc="297,0,166,10,273,-10,264,0" /><INIT seed="7,0,0,1,1,122" ten="297,176,263,264" oya="3" hai0="51,12,100,59,38,101,21,92,47,64,14,108,133" hai1="22,74,60,13,117,90,68,135,17,77,57,32,8" hai2="11,10,9,112,7,81,65,4,42,76,115,52,50" hai3="120,73,66,82,83,97,111,25,85,29,102,36,34"/><W16/><G120/><T3/><D108/><U55/><E135/><V41/><F65/><W43/><G111/><T33/><D3/><U131/><E131/><V124/><F124/><W24/><G66/><T126/><D33/><U104/><E104/><V95/><F95/><W113/><G113/><N who="2" m="43593" /><F81/><W78/><G43/><N who="2" m="16393" /><F76/><W106/><G36/><T128/><D38/><U44/><E32/><V72/><F72/><W28/><G28/><T0/><D0/><U132/><E68/><V48/><F52/><W56/><G56/><T58/><D133/><U69/><E69/><V80/><F80/><W63/><G63/><T40/><D128/><U49/><E74/><V130/><F130/><W99/><G99/><N who="0" m="59495" /><D101/><U70/><E70/><V26/><F26/><W94/><G106/><T86/><D126/><U105/><E105/><V6/><AGARI ba="0,0" hai="4,6,7,9,10,11,48,50" m="16393,43593" machi="6" ten="40,5200,0" yaku="28,2,15,1" doraHai="122" who="2" fromWho="2" sc="297,-13,176,-13,263,52,264,-26" owari="284,8.4,163,-33.7,315,41.5,238,-16.2" /></mjloggm>