<mjloggm ver="2.3"><GO type="225" lobby="0"/><UN n0="%72%65%6E%6B%75%6E" n1="%E6%80%AA%E3%81%97%E3%81%99%E3%81%8E%E3%82%8B%E3%83%81%E3%83%BC" n2="%2D%E8%B1%8A%E5%8F%A3%E3%82%81%E3%81%90%E3%81%BF%2D" n3="%E6%A1%9C%E8%8A%B1%E9%96%83%E3%80%85" dan="17,16,17,17" rate="2205.63,2069.97,2205.91,2182.02" sx="M,M,F,M"/><TAIKYOKU oya="0"/><INIT seed="0,0,0,4,2,5" ten="250,250,250,250" oya="0" hai0="44,71,116,108,47,85,43,95,11,18,3,59,74" hai1="98,0,105,117,36,77,13,113,119,69,66,46,104" hai2="89,49,53,7,8,9,61,41,20,91,42,90,25" hai3="39,19,78,128,27,4,106,122,37,58,126,64,15"/><T131/><D71/><U17/><E113/><V29/><F61/><W22/><G106/><T38/><D116/><U124/><E0/><V54/><F54/><W88/><G126/><T103/><D74/><U114/><E114/><V99/><F99/><W107/><G107/><T28/><D28/><U23/><E124/><V67/><F67/><W62/><G128/><T125/><D131/><U129/><E129/><V86/><F86/><W123/><G78/><T97/><D125/><U83/><E105/><V12/><REACH who="2" step="1"/><F9/><REACH who="2" ten="250,250,240,250" step="2"/><N who="3" m="4519" /><G88/><T133/><D85/><U24/><E98/><V130/><F130/><W127/><G127/><T118/><D97/><U81/><E66/><V10/><F10/><W65/><G65/><T92/><D11/><U100/><E117/><V134/><F134/><W6/><G6/><T26/><D133/><U110/><E119/><V21/><F21/><W16/><G64/><T109/><D118/><U80/><E23/><V33/><F33/><W52/><G19/><T50/><D103/><U45/><E17/><V34/><F34/><W2/><G2/><T84/><D84/><U32/><E100/><V101/><F101/><W96/><G96/><T120/><D3/><U94/><E32/><V76/><F76/><W60/><G60/><T132/><D132/><U68/><E77/><V55/><F55/><W115/><G115/><T87/><D87/><U63/><E63/><V31/><F31/><W48/><G62/><T75/><D18/><U30/><E104/><V111/><F111/><W135/><G135/><T35/><D109/><U102/><E110/><V70/><F70/><RYUUKYOKU ba="0,1" sc="250,-15,250,-15,240,15,250,15" hai2="7,8,12,20,25,29,41,42,49,53,89,90,91" hai3="16,22,27,37,39,48,52,58,122,123" /><INIT seed="1,1,1,2,5,68" ten="235,235,255,265" oya="1" hai0="60,20,41,66,16,73,8,71,24,123,75,109,86" hai1="9,88,25,112,12,62,117,46,23,17,110,39,44" hai2="14,92,28,32,69,37,130,103,1,111,133,102,116" hai3="125,59,27,48,18,22,36,31,108,128,51,79,80"/><U129/><E117/><V13/><F116/><W72/><G108/><T94/><D109/><U26/><E110/><V83/><F111/><W95/><G128/><T43/><D123/><U124/><E112/><V74/><F1/><W55/><G125/><T77/><D8/><U56/><E124/><V47/><F69/><W15/><G95/><T85/><D85/><U82/><E129/><V97/><F130/><W67/><G67/><T61/><D61/><U52/><E39/><V98/><F133/><W53/><G36/><T45/><D43/><U119/><E26/><V42/><F28/><W11/><G55/><T34/><D34/><U90/><E119/><V121/><F32/><W33/><REACH who="3" step="1"/><G51/><REACH who="3" ten="235,235,255,255" step="2"/><T118/><D118/><U120/><E120/><V0/><F121/><W114/><G114/><T89/><REACH who="0" step="1"/><D77/><REACH who="0" ten="225,235,255,255" step="2"/><U101/><E82/><V91/><F83/><W93/><G93/><T127/><D127/><U122/><E122/><V58/><F92/><W106/><G106/><T135/><D135/><U99/><E90/><V65/><F91/><W64/><G64/><T104/><D104/><U78/><E78/><V100/><F65/><W49/><G49/><AGARI ba="1,3" hai="16,20,24,41,45,49,60,66,71,73,75,86,89,94" machi="49" ten="30,7700,0" yaku="1,1,7,1,54,1,53,1" doraHai="68" doraHaiUra="84" who="0" fromWho="3" sc="225,110,235,0,255,0,255,-80" /><INIT seed="2,0,0,4,3,14" ten="335,235,255,175" oya="2" hai0="59,57,42,116,47,95,103,107,93,30,109,45,33" hai1="88,24,122,0,43,11,64,110,92,129,77,80,38" hai2="20,105,61,13,111,22,72,26,18,36,41,87,23" hai3="17,114,44,48,69,6,121,127,76,35,89,125,81"/><V39/><F72/><W126/><G121/><T12/><D109/><U115/><E115/><V31/><F105/><W46/><G114/><T7/><D116/><U65/><E110/><V19/><F111/><W67/><G35/><T71/><D71/><U85/><E129/><V40/><F61/><W91/><G6/><T132/><D132/><U113/><E113/><V53/><F53/><W60/><G46/><T99/><D33/><U102/><E102/><V58/><F58/><W106/><G106/><T117/><D30/><U79/><E79/><V16/><F31/><W68/><G68/><T133/><D133/><U128/><E24/><V86/><F39/><W8/><G8/><T73/><D73/><N who="1" m="43055" /><E128/><V21/><F21/><W120/><G120/><T82/><D82/><U75/><E75/><V101/><F101/><W29/><G29/><T54/><D117/><U100/><E100/><V134/><F134/><W97/><G97/><T135/><D135/><U15/><E122/><V52/><F52/><N who="3" m="29703" /><G76/><T55/><D55/><U83/><E0/><V25/><F36/><W62/><G62/><T78/><D78/><U9/><E9/><V66/><F66/><W108/><G108/><T56/><D54/><U63/><E64/><V28/><F28/><W112/><G112/><T3/><D3/><U104/><E104/><V130/><F130/><W70/><G70/><T50/><D47/><N who="1" m="24055" /><E65/><V32/><F32/><W4/><G126/><T123/><D123/><U84/><E63/><V1/><F1/><W119/><G127/><T37/><D37/><U10/><E15/><V96/><F96/><RYUUKYOKU ba="0,0" sc="335,10,235,10,255,10,175,-30" hai0="7,12,42,45,50,56,57,59,93,95,99,103,107" hai1="10,11,83,84,85,88,92" hai2="13,16,18,19,20,22,23,25,26,40,41,86,87" /><INIT seed="2,1,0,5,4,25" ten="345,245,265,145" oya="2" hai0="101,11,83,55,8,37,113,105,92,117,91,4,119" hai1="59,22,21,65,110,9,78,99,96,124,48,23,85" hai2="88,14,90,2,98,16,64,51,26,5,61,126,108" hai3="93,135,82,72,115,133,3,73,24,84,87,121,132"/><V32/><F126/><W68/><G68/><T125/><D113/><U42/><E110/><V7/><F108/><W86/><G3/><T111/><D111/><U15/><E124/><V77/><F77/><W43/><G43/><T106/><D125/><U100/><E65/><V17/><F2/><W46/><G46/><T50/><D37/><U47/><E59/><N who="2" m="36927" /><F32/><W116/><G115/><T118/><D83/><N who="1" m="47351" /><E100/><V60/><F60/><W1/><G1/><N who="0" m="15" /><D11/><U20/><N who="1" m="5120" /><DORA hai="41" /><U58/><E58/><V36/><F26/><W112/><G112/><T29/><D101/><U128/><E128/><V79/><F79/><N who="3" m="44399" /><G24/><T57/><D105/><U53/><E53/><V107/><F107/><W103/><G72/><T35/><D106/><U28/><E28/><V49/><F36/><W6/><G6/><AGARI ba="1,0" hai="6,9,15,42,47,48,96,99" m="5120,47351" machi="6" ten="40,5200,0" yaku="25,1,8,1,52,1" doraHai="25,41" who="1" fromWho="3" sc="345,0,245,55,265,0,145,-55" /><INIT seed="3,0,0,4,3,103" ten="345,300,265,90" oya="3" hai0="55,18,79,113,90,129,85,4,64,102,29,14,51" hai1="21,10,11,0,26,41,23,30,108,6,25,58,13" hai2="105,60,1,62,111,20,119,124,114,12,7,35,101" hai3="112,66,110,57,87,32,47,93,42,83,91,43,71"/><W46/><G112/><T37/><D37/><U2/><E41/><N who="3" m="15370" /><G71/><T49/><D129/><U100/><E58/><V44/><F114/><W15/><G32/><T5/><D113/><U31/><E100/><V89/><F119/><W38/><G38/><T75/><D75/><U135/><E108/><V8/><F111/><W22/><G110/><T72/><D72/><U116/><E116/><V39/><F35/><W133/><G133/><T92/><D29/><U9/><E135/><V45/><F39/><W125/><G125/><T33/><D33/><U52/><E52/><V109/><F109/><W95/><G22/><N who="0" m="11607" /><D64/><U82/><E82/><V3/><F124/><W61/><G15/><T19/><D102/><U16/><E2/><V123/><F123/><W118/><G118/><T67/><D67/><U36/><E36/><V34/><F34/><AGARI ba="0,0" hai="0,6,9,10,11,13,16,21,23,25,26,30,31,34" machi="34" ten="30,16000,3" yaku="7,1,24,2,35,6,54,1" doraHai="103" who="1" fromWho="2" sc="345,0,300,160,265,-160,90,0" owari="345,14.5,460,56.0,105,-29.5,90,-41.0" /></mjloggm>