<mjloggm ver="2.3"><GO type="225" lobby="0"/><UN n0="%E4%BF%BA%E3%81%A8%E5%A6%96%E5%A4%A2" n1="%E9%B7%B9%E5%80%89%E6%9D%8F%E9%88%B4" n2="%E5%A4%8F%E9%88%B4%E9%88%B4%E5%A4%8F" n3="%E3%83%96%E3%83%83%E3%83%91%E3%82%AA%E3%83%96%E3%83%81%E3%82%AD%E3%83%B3" dan="16,16,16,16" rate="2089.19,2128.76,2117.28,2117.33" sx="F,F,F,M"/><TAIKYOKU oya="0"/><INIT seed="0,0,0,5,1,112" ten="250,250,250,250" oya="0" hai0="125,110,30,104,62,133,91,129,22,74,77,67,57" hai1="116,98,126,75,63,45,105,28,15,86,122,14,2" hai2="76,3,65,55,131,118,40,44,79,6,8,111,72" hai3="102,120,18,60,52,4,39,99,34,90,7,92,80"/><T9/><D104/><U127/><E75/><V27/><F111/><W33/><G39/><T12/><D110/><U31/><E2/><V84/><F131/><W68/><G120/><T17/><D129/><U123/><E86/><V66/><F72/><W81/><G34/><T26/><D133/><U103/><E45/><V97/><F55/><W71/><G33/><T108/><D108/><U58/><E116/><V83/><F79/><W5/><G18/><T13/><D125/><N who="1" m="47627" /><E15/><V42/><F42/><W64/><G71/><T95/><D74/><U132/><E14/><V113/><F113/><W106/><REACH who="3" step="1"/><G52/><REACH who="3" ten="250,250,250,240" step="2"/><T1/><D1/><U121/><E132/><V109/><F109/><W89/><G89/><T87/><D77/><U88/><E88/><V38/><F118/><W130/><G130/><T10/><REACH who="0" step="1"/><D12/><REACH who="0" ten="240,250,250,240" step="2"/><U35/><E122/><V100/><REACH who="2" step="1"/><F27/><REACH who="2" ten="240,250,240,240" step="2"/><W51/><G51/><T29/><D29/><U32/><E28/><V69/><F69/><W119/><G119/><T47/><D47/><U49/><E31/><V53/><F53/><W94/><G94/><AGARI ba="0,3" hai="3,6,8,38,40,44,65,66,76,83,84,94,97,100" machi="94" ten="30,2000,0" yaku="1,1,7,1,53,0" doraHai="112" doraHaiUra="23" who="2" fromWho="3" sc="240,0,250,0,240,50,240,-20" /><INIT seed="1,0,0,5,1,117" ten="240,250,290,220" oya="1" hai0="50,72,26,30,47,86,16,124,97,9,31,28,62" hai1="61,40,57,39,79,129,135,7,33,75,123,29,74" hai2="55,94,127,12,42,131,134,21,15,20,115,112,92" hai3="10,95,133,80,1,87,51,113,3,43,125,18,96"/><U90/><E123/><V59/><F42/><W108/><G113/><N who="2" m="43593" /><F134/><W101/><G108/><T64/><D72/><U53/><E7/><V82/><F82/><W6/><G125/><T78/><D124/><U68/><E68/><V103/><F131/><W35/><G133/><T49/><D97/><U22/><E33/><V88/><F103/><W38/><G35/><T52/><D49/><U71/><E71/><V111/><F111/><W132/><G132/><T36/><D36/><U60/><E135/><V98/><F94/><W83/><G38/><T102/><D102/><U41/><E129/><V14/><F127/><W2/><G18/><T69/><D86/><U17/><E29/><V85/><F98/><W93/><G93/><T100/><D100/><U11/><E11/><V120/><F120/><W5/><G5/><T81/><D81/><U121/><E121/><V0/><F0/><W118/><G118/><T44/><D78/><U27/><E90/><V58/><F58/><W104/><G104/><T8/><REACH who="0" step="1"/><D44/><REACH who="0" ten="230,250,290,220" step="2"/><U84/><E39/><V54/><F85/><W13/><REACH who="3" step="1"/><G87/><REACH who="3" ten="230,250,290,210" step="2"/><T66/><D66/><N who="1" m="39183" /><E84/><N who="2" m="52231" /><F54/><W122/><G122/><T76/><D76/><U32/><E79/><V46/><F46/><AGARI ba="0,2" hai="1,2,3,6,10,13,43,46,51,80,83,95,96,101" machi="46" ten="40,1300,0" yaku="1,1,53,0" doraHai="117" doraHaiUra="73" who="3" fromWho="2" sc="230,0,250,0,290,-13,210,33" /><INIT seed="2,0,0,1,3,131" ten="230,250,277,243" oya="2" hai0="115,106,113,9,124,130,69,44,75,30,127,32,2" hai1="70,97,29,54,134,37,95,117,38,50,132,18,63" hai2="1,133,121,84,82,36,12,56,107,34,68,13,41" hai3="27,109,93,20,101,43,98,102,48,99,40,57,94"/><V81/><F1/><W62/><G109/><T78/><D106/><U33/><E117/><V60/><F34/><W25/><G48/><T61/><D78/><U104/><E18/><V105/><F68/><W47/><G47/><T108/><D75/><U103/><E95/><V59/><F41/><W79/><G79/><T72/><D72/><U111/><E111/><V21/><F36/><N who="1" m="13929" /><E50/><V64/><F21/><W28/><REACH who="3" step="1"/><G27/><REACH who="3" ten="230,250,277,233" step="2"/><N who="0" m="18527" /><D44/><U89/><E89/><V45/><F45/><W100/><G100/><T114/><D108/><U67/><E54/><AGARI ba="0,1" hai="20,25,28,40,43,54,57,62,93,94,98,99,101,102" machi="54" ten="30,12000,2" yaku="1,1,7,1,9,1,8,1,53,2" doraHai="131" doraHaiUra="92" who="3" fromWho="1" sc="230,0,250,-120,277,0,233,130" /><INIT seed="3,0,0,3,2,83" ten="230,130,277,363" oya="3" hai0="120,15,101,37,88,70,124,107,28,100,16,66,21" hai1="75,106,65,81,133,103,110,39,95,23,118,99,127" hai2="125,57,109,56,32,92,126,84,96,128,46,0,51" hai3="116,97,22,10,61,47,13,35,41,129,131,119,73"/><W3/><G73/><T71/><D120/><U6/><E39/><V114/><F109/><W98/><G35/><T8/><D37/><U40/><E40/><V89/><F114/><W94/><G22/><T53/><D124/><N who="2" m="47722" /><F128/><N who="3" m="49227" /><G61/><T14/><D107/><U108/><E127/><V104/><F0/><W68/><G68/><T30/><D71/><U91/><E6/><V82/><F32/><W4/><G3/><T29/><D66/><U1/><E1/><V79/><F104/><W12/><G12/><T80/><D53/><AGARI ba="0,0" hai="46,51,53,56,57,79,82,84,89,92,96" m="47722" machi="53" ten="30,2000,0" yaku="18,1,52,1" doraHai="83" who="2" fromWho="0" sc="230,-20,130,0,277,20,363,0" owari="210,-19.0,130,-37.0,297,9.7,363,46.3" /></mjloggm>