<mjloggm ver="2.3"><GO type="225" lobby="0"/><UN n0="%E5%8D%A0%E3%81%84%E5%B8%AB%E8%A3%8F%E3%81%AA%E3%81%84%E3%81%97" n1="%E3%81%99%E3%83%BC%5F%E9%88%B4%E6%9C%A8%E6%B5%A9%E5%B9%B3" n2="%E3%81%AF%E3%82%88%E3%81%8A%E3%81%98%E3%81%95%E3%82%93" n3="%E6%9C%88%E5%B3%B6%E5%9F%BA" dan="17,16,16,17" rate="2233.34,2071.17,2197.62,2215.11" sx="M,M,M,M"/><TAIKYOKU oya="0"/><INIT seed="0,0,0,0,1,39" ten="250,250,250,250" oya="0" hai0="55,109,79,108,36,80,32,60,52,7,40,10,94" hai1="30,61,26,33,20,63,56,47,29,59,43,78,51" hai2="131,68,113,91,96,123,132,3,64,126,97,70,16" hai3="102,135,49,17,67,115,57,116,0,133,46,71,89"/><T110/><D32/><U75/><E59/><V5/><F113/><W105/><G0/><N who="0" m="359" /><D60/><U2/><E2/><V130/><F123/><W85/><G115/><T93/><D36/><U25/><REACH who="1" step="1"/><E56/><REACH who="1" ten="250,240,250,250" step="2"/><V106/><F3/><W11/><G57/><T58/><D40/><U4/><E4/><V120/><F5/><W73/><G133/><T88/><D58/><U101/><E101/><V83/><F132/><W90/><G102/><T104/><D104/><U48/><E48/><V21/><F68/><W42/><G135/><T125/><D125/><U99/><E99/><V41/><F41/><W124/><G105/><T18/><D18/><U76/><E76/><V1/><F1/><W117/><G124/><T8/><D8/><U128/><E128/><V92/><F126/><W118/><G17/><T66/><D66/><U84/><E84/><V37/><F37/><W69/><G11/><T87/><D93/><U114/><E114/><V38/><F38/><W77/><G67/><T65/><D65/><U112/><E112/><V15/><F130/><W103/><G103/><T72/><AGARI ba="0,1" hai="52,55,72,79,80,87,88,94,108,109,110" m="359" machi="72" ten="30,11700,0" yaku="14,1,10,1,54,2" doraHai="39" who="0" fromWho="0" sc="250,127,240,-39,250,-39,250,-39" /><INIT seed="0,1,0,0,3,37" ten="377,201,211,211" oya="0" hai0="19,91,51,79,3,86,114,29,5,30,68,130,125" hai1="73,124,83,53,17,65,20,54,0,122,110,61,12" hai2="98,72,135,105,97,103,40,62,22,108,41,9,94" hai3="16,67,89,120,133,46,43,39,93,81,25,13,104"/><T18/><D114/><U34/><E122/><V75/><F108/><W57/><G104/><T85/><D68/><U10/><E110/><V7/><F135/><W107/><G107/><T106/><D106/><U95/><E124/><V96/><F96/><W64/><G120/><T131/><D125/><U24/><E95/><V127/><F127/><W6/><G133/><T45/><D79/><U42/><E42/><V84/><F84/><W28/><G6/><T66/><D66/><U56/><E73/><V63/><F22/><W50/><G81/><T2/><D5/><N who="1" m="1319" /><E83/><V126/><F126/><W92/><G92/><T116/><D51/><U27/><E27/><V90/><F75/><W118/><G118/><T82/><D82/><U119/><E119/><V31/><F31/><AGARI ba="1,0" hai="12,17,20,24,31,34,53,54,56,61,65" m="1319" machi="31" ten="30,1000,0" yaku="24,1" doraHai="37" who="1" fromWho="2" sc="377,0,201,13,211,-13,211,0" /><INIT seed="1,0,0,1,4,12" ten="377,214,198,211" oya="1" hai0="62,131,56,80,86,51,87,55,89,16,105,36,107" hai1="123,32,128,34,125,31,54,133,99,77,132,71,25" hai2="134,74,135,3,69,21,4,84,2,90,33,103,0" hai3="18,76,41,116,39,72,49,47,45,65,27,26,114"/><U75/><E123/><V10/><F33/><W109/><G114/><T42/><D131/><U38/><E38/><V61/><F74/><W97/><G109/><T98/><D98/><U124/><E71/><V100/><F21/><W91/><G116/><T115/><D115/><U59/><E34/><V102/><F61/><W117/><G117/><T129/><D129/><U108/><E108/><V9/><F69/><W46/><G65/><T119/><D119/><U64/><E64/><V95/><REACH who="2" step="1"/><F4/><REACH who="2" ten="377,214,188,211" step="2"/><W120/><G72/><T83/><D62/><U28/><E128/><V63/><F63/><W44/><G120/><T14/><D36/><U30/><E32/><V5/><F5/><W24/><G39/><T29/><D29/><U113/><E31/><V19/><F19/><W7/><G7/><T85/><D105/><U52/><E30/><V8/><AGARI ba="0,1" hai="0,2,3,8,9,10,84,90,95,100,102,103,134,135" machi="8" ten="40,8000,1" yaku="1,1,0,1,29,2,53,0" doraHai="12" doraHaiUra="118" who="2" fromWho="2" sc="377,-20,214,-40,188,90,211,-20" /><INIT seed="2,0,0,3,0,108" ten="357,174,278,191" oya="2" hai0="7,35,13,111,32,65,109,11,16,95,26,123,56" hai1="15,45,84,49,60,21,62,80,29,64,86,43,3" hai2="20,72,91,121,42,114,127,87,73,54,52,88,98" hai3="68,117,135,33,31,78,101,132,22,4,0,58,106"/><V71/><F114/><W1/><G117/><T44/><D123/><U6/><E3/><N who="3" m="1098" /><G78/><T28/><D44/><U2/><E2/><V115/><F115/><W14/><G68/><T85/><D65/><U17/><E6/><V93/><F121/><W102/><G58/><T125/><D56/><U39/><E39/><V30/><F71/><W129/><G106/><T124/><D85/><U96/><E29/><V104/><F104/><W90/><G90/><T74/><D95/><U92/><E64/><V53/><F127/><N who="0" m="48714" /><D74/><U24/><E24/><N who="2" m="16647" /><F73/><W133/><G129/><T126/><D126/><U83/><E84/><V36/><F36/><W110/><G110/><N who="0" m="41995" /><D7/><U48/><E48/><V77/><F72/><W61/><G61/><N who="1" m="23658" /><E86/><V40/><F77/><W57/><G57/><T69/><D69/><U47/><E47/><V122/><F122/><W105/><G105/><T103/><D103/><AGARI ba="0,0" hai="15,17,21,43,45,49,80,83,92,96,103" m="23658" machi="103" ten="30,1000,0" yaku="8,1" doraHai="108" who="1" fromWho="0" sc="357,-10,174,10,278,0,191,0" /><INIT seed="3,0,0,5,0,72" ten="347,184,278,191" oya="3" hai0="13,84,134,66,77,65,91,2,110,95,96,58,94" hai1="73,81,23,74,22,105,36,62,80,115,68,57,126" hai2="34,82,85,75,52,27,51,61,108,49,131,60,116" hai3="25,42,32,28,83,87,124,24,86,79,120,11,38"/><W0/><G120/><T8/><D2/><U98/><E115/><V53/><F75/><N who="3" m="43519" /><G25/><T106/><D110/><U33/><E36/><V29/><F131/><W117/><G117/><T59/><D106/><U9/><E68/><V132/><F132/><W93/><G93/><T63/><D134/><U17/><E33/><V35/><F108/><W50/><G50/><T55/><D58/><U31/><E126/><V21/><F116/><W45/><G124/><T71/><D71/><U70/><E70/><V1/><F1/><W97/><G97/><T64/><D77/><U121/><E121/><V19/><F35/><W104/><G104/><T101/><D64/><U111/><E111/><V43/><F43/><W67/><G67/><T44/><D44/><U114/><E114/><V127/><F127/><W112/><G112/><T88/><D101/><N who="1" m="62647" /><E9/><V89/><F34/><W4/><AGARI ba="0,0" hai="0,4,11,24,28,32,38,42,45,86,87" m="43519" machi="4" ten="30,3000,0" yaku="25,1,52,1" doraHai="72" who="3" fromWho="3" sc="347,-10,184,-10,278,-10,191,30" /><INIT seed="3,1,0,1,0,135" ten="337,174,268,221" oya="3" hai0="33,132,30,90,108,99,0,94,25,47,129,48,37" hai1="118,105,3,114,44,123,8,2,10,124,97,67,70" hai2="62,23,42,49,91,72,14,93,21,53,75,20,96" hai3="127,26,60,18,115,130,13,31,63,128,32,15,22"/><W19/><G115/><T77/><D108/><U81/><E114/><V125/><F125/><W98/><G98/><T89/><D132/><U39/><E123/><V38/><F38/><W68/><G127/><T106/><D106/><U45/><E124/><V29/><F75/><W71/><G63/><T109/><D109/><U46/><E118/><V82/><F72/><W102/><G102/><T83/><D129/><N who="3" m="49769" /><G60/><T16/><D0/><U36/><E70/><V41/><F29/><W65/><G65/><T113/><D113/><U122/><E67/><V88/><F14/><W117/><G117/><T9/><D37/><N who="1" m="14411" /><E81/><V121/><F62/><W112/><G112/><T11/><D16/><U61/><E61/><V28/><F28/><W58/><G58/><T116/><D89/><U17/><E122/><V107/><F107/><W59/><G59/><T69/><D116/><U120/><E120/><V111/><F111/><W87/><G87/><T52/><D69/><U55/><E55/><V7/><F121/><W51/><G51/><T92/><D92/><U50/><E50/><V79/><F42/><W104/><G104/><T57/><D57/><U110/><E110/><V54/><F41/><W73/><G73/><AGARI ba="1,0" hai="9,11,25,30,33,47,48,52,73,77,83,90,94,99" machi="73" ten="30,2000,0" yaku="7,1,54,1" doraHai="135" who="0" fromWho="3" sc="337,23,174,0,268,0,221,-23" owari="360,46.0,174,-32.6,268,6.8,198,-20.2" /></mjloggm>