<mjloggm ver="2.3"><GO type="225" lobby="0"/><UN n0="%E5%A4%8F%E9%88%B4%E9%88%B4%E5%A4%8F" n1="%E3%83%A9%E3%82%B9%E7%8E%87%EF%BC%93%E5%89%B2" n2="%E3%83%96%E3%83%83%E3%83%91%E3%82%AA%E3%83%96%E3%83%81%E3%82%AD%E3%83%B3" n3="%E3%80%90%E8%92%BC%E7%90%89%E3%80%91" dan="16,16,16,16" rate="2111.66,2195.31,2112.77,2158.27" sx="F,F,M,F"/><TAIKYOKU oya="0"/><INIT seed="0,0,0,3,1,131" ten="250,250,250,250" oya="0" hai0="8,11,47,5,72,79,19,62,35,130,68,13,26" hai1="66,52,101,34,16,106,97,32,49,71,2,77,99" hai2="20,41,112,115,102,27,74,54,76,122,24,64,6" hai3="86,118,50,25,123,57,17,75,12,108,42,48,84"/><T33/><D130/><U55/><E2/><V133/><F122/><W120/><G75/><T125/><D125/><U128/><E128/><V14/><F41/><W61/><G118/><T53/><D26/><U31/><E77/><V65/><F102/><W18/><G108/><T127/><D127/><U82/><E82/><V132/><F54/><W46/><G48/><T10/><D79/><U90/><E31/><V92/><F92/><W110/><G110/><T129/><D72/><U58/><E66/><N who="2" m="25707" /><F76/><W30/><G17/><T121/><D129/><U69/><E55/><V81/><F81/><W88/><G84/><T40/><D121/><U134/><E16/><N who="2" m="10263" /><F6/><W105/><G105/><T21/><D5/><U9/><E9/><V28/><F74/><W15/><G18/><T51/><REACH who="0" step="1"/><D68/><REACH who="0" ten="240,250,250,250" step="2"/><U89/><E69/><V124/><F24/><W96/><G120/><T135/><D135/><N who="2" m="51786" /><F124/><W43/><G123/><T119/><D119/><U107/><E134/><V73/><F73/><W85/><G25/><T56/><AGARI ba="0,1" hai="8,10,11,13,19,21,33,35,40,47,51,53,56,62" machi="56" ten="30,3000,0" yaku="1,1,0,1,53,0" doraHai="131" doraHaiUra="60" who="0" fromWho="0" sc="240,40,250,-10,250,-10,250,-10" /><INIT seed="0,1,0,3,3,39" ten="280,240,240,240" oya="0" hai0="51,110,99,50,104,94,134,47,24,125,38,68,133" hai1="37,54,18,61,88,41,122,8,58,132,78,135,15" hai2="127,23,71,120,40,130,100,62,77,102,36,57,116" hai3="29,101,66,119,90,128,64,97,21,86,33,76,98"/><T63/><D104/><U25/><E122/><V105/><F120/><W19/><G119/><T59/><D125/><U22/><E78/><V45/><F127/><W46/><G76/><T79/><D79/><U112/><E112/><V72/><F130/><W9/><G128/><T11/><D68/><U35/><E35/><V34/><F34/><W1/><G33/><T96/><D110/><U5/><E37/><V85/><F116/><W55/><G29/><T44/><D11/><U103/><E103/><V48/><F105/><W91/><G1/><T83/><D38/><U111/><E111/><V0/><F85/><W106/><G9/><T93/><D83/><U87/><REACH who="1" step="1"/><E41/><REACH who="1" ten="280,230,240,240" step="2"/><V114/><F114/><W3/><G91/><T124/><D124/><U27/><E27/><V32/><F32/><W52/><G101/><N who="0" m="60559" /><D24/><U6/><E6/><V75/><F77/><W113/><G113/><T107/><D134/><U115/><E115/><V31/><F102/><W43/><G43/><T126/><D133/><U92/><AGARI ba="1,1" hai="5,8,15,18,22,25,54,58,61,87,88,92,132,135" machi="92" ten="30,4000,0" yaku="1,1,0,1,54,1,53,0" doraHai="39" doraHaiUra="65" who="1" fromWho="1" sc="280,-21,230,53,240,-11,240,-11" /><INIT seed="1,0,0,1,3,93" ten="259,283,229,229" oya="1" hai0="7,132,39,16,42,69,92,3,112,46,23,38,90" hai1="37,102,56,95,19,34,29,79,81,55,21,73,88" hai2="11,98,64,85,113,28,31,52,15,60,57,72,32" hai3="135,65,41,1,115,120,51,5,111,127,78,80,66"/><U24/><E37/><V83/><F113/><W134/><G120/><T70/><D112/><U101/><E29/><V129/><F129/><W114/><G111/><T36/><D132/><N who="3" m="50729" /><G127/><T48/><D7/><U91/><E91/><V6/><F72/><N who="3" m="43079" /><G5/><T97/><REACH who="0" step="1"/><D3/><REACH who="0" ten="249,283,229,229" step="2"/><U22/><E34/><V54/><F32/><W122/><G1/><T110/><D110/><U26/><E26/><AGARI ba="0,1" hai="16,23,26,36,38,39,42,46,48,69,70,90,92,97" machi="26" ten="40,5200,0" yaku="1,1,52,1,54,1,53,0" doraHai="93" doraHaiUra="99" who="0" fromWho="1" sc="249,62,283,-52,229,0,229,0" /><INIT seed="2,0,0,5,1,60" ten="311,231,229,229" oya="2" hai0="0,40,41,118,24,25,69,74,132,38,108,90,133" hai1="10,81,5,110,14,26,76,50,78,52,44,45,20" hai2="6,111,94,79,30,127,117,112,13,114,115,103,122" hai3="48,70,4,39,23,34,66,51,131,35,82,100,87"/><V119/><F30/><W27/><G39/><T7/><D74/><U18/><E110/><V12/><F122/><W101/><G131/><T42/><D108/><U9/><E81/><V65/><F111/><W47/><G4/><T126/><D69/><U102/><E102/><V28/><F28/><W120/><G120/><T33/><D126/><U106/><E106/><V2/><F79/><W56/><G70/><T58/><D118/><N who="2" m="45066" /><F94/><W17/><G34/><T83/><D38/><U54/><E10/><N who="2" m="2391" /><F103/><N who="3" m="39499" /><G35/><T68/><D68/><U89/><E89/><V121/><F65/><W63/><G47/><T8/><D33/><U97/><E97/><V135/><F121/><W55/><G55/><T46/><D58/><U86/><E86/><V62/><F62/><W105/><G105/><T95/><D83/><U75/><E75/><V3/><F127/><W84/><G84/><N who="0" m="52679" /><D46/><U96/><E96/><V32/><F32/><W113/><G113/><T104/><D104/><U21/><E21/><V37/><F37/><W93/><G93/><T53/><D53/><U61/><E61/><V129/><F3/><W124/><G124/><T130/><D130/><U134/><E134/><AGARI ba="0,0" hai="0,7,8,24,25,40,41,42,132,133,134" m="52679" machi="134" ten="30,1000,0" yaku="20,1" doraHai="60" who="0" fromWho="1" sc="311,10,231,-10,229,0,229,0" /><INIT seed="3,0,0,0,0,71" ten="321,221,229,229" oya="3" hai0="21,61,35,60,34,12,105,89,2,83,52,28,38" hai1="101,10,59,86,88,11,63,110,8,116,104,25,132" hai2="39,58,133,66,100,115,14,123,126,43,19,131,118" hai3="33,127,72,97,82,112,22,50,93,4,125,29,70"/><W122/><G112/><T30/><D38/><U55/><E110/><V129/><F115/><W49/><G122/><T27/><D2/><U96/><E132/><V91/><F118/><W107/><G33/><T36/><D36/><U124/><E124/><N who="3" m="47690" /><G107/><T15/><D105/><U13/><E25/><V68/><F126/><W109/><G70/><T5/><D61/><U40/><E40/><V54/><F100/><N who="3" m="60463" /><G4/><T17/><D5/><U108/><E108/><V130/><F133/><W106/><G106/><T134/><D134/><U53/><E116/><V95/><F123/><W18/><G29/><N who="0" m="11371" /><D34/><U90/><E90/><V85/><F68/><W98/><G98/><T67/><D67/><U32/><E32/><V75/><F66/><W135/><G135/><T45/><D35/><U0/><E0/><V7/><F7/><W113/><G113/><T1/><D1/><U69/><E69/><V103/><F75/><W42/><G42/><T80/><D45/><U120/><E120/><V23/><F103/><W24/><G109/><T92/><D12/><U64/><REACH who="1" step="1"/><E13/><REACH who="1" ten="321,211,229,229" step="2"/><V102/><F102/><W119/><G119/><T37/><D27/><U9/><N who="1" m="2048" /><DORA hai="47" /><U57/><E57/><V16/><F130/><W87/><G72/><T79/><D15/><U41/><E41/><V117/><F117/><W48/><G48/><T73/><D89/><AGARI ba="0,1" hai="18,22,24,49,50,82,87,89" m="60463,47690" machi="89" ten="30,5800,0" yaku="18,1,52,2" doraHai="71,47" who="3" fromWho="0" sc="321,-58,211,0,229,0,229,68" /><INIT seed="3,1,0,4,3,126" ten="263,211,229,297" oya="3" hai0="106,130,96,132,84,73,134,123,80,112,24,53,14" hai1="111,109,85,91,124,69,65,127,67,31,58,90,88" hai2="120,37,11,83,22,95,51,133,30,107,114,38,45" hai3="87,39,49,26,94,71,16,23,79,82,93,34,17"/><W113/><G39/><T7/><D123/><U98/><E69/><V1/><F107/><W13/><G71/><T74/><D112/><U81/><E31/><V63/><F114/><W125/><G113/><T3/><D3/><U102/><E58/><V18/><F120/><W19/><G125/><N who="1" m="48202" /><E65/><V54/><F133/><W76/><G76/><T89/><D24/><U21/><E21/><V122/><F122/><W0/><G0/><T48/><D14/><U9/><E9/><V104/><F104/><W15/><G34/><T35/><D89/><N who="1" m="51375" /><E67/><V116/><F30/><N who="3" m="17759" /><G49/><T115/><D48/><U57/><E57/><V6/><F116/><W59/><G59/><T25/><D7/><U40/><E40/><V129/><F38/><W72/><G72/><T60/><D73/><U8/><E8/><V32/><F37/><W52/><G52/><T118/><D53/><U55/><E55/><V29/><F32/><W66/><G66/><T56/><D74/><U33/><E33/><V92/><F29/><W135/><G135/><T100/><D56/><U128/><E128/><V28/><F28/><W103/><G15/><T108/><D130/><U131/><E131/><V99/><F129/><W50/><G50/><T105/><D60/><U110/><E110/><V47/><F63/><W36/><G36/><T42/><D108/><U117/><E117/><V68/><F68/><W64/><G64/><T78/><D118/><U43/><E43/><N who="2" m="25023" /><F83/><W77/><G13/><T10/><D42/><U27/><E27/><N who="2" m="14807" /><F99/><N who="3" m="59887" /><G77/><T70/><D70/><U119/><E119/><V121/><F121/><W5/><G5/><RYUUKYOKU ba="1,0" sc="263,-30,211,10,229,10,297,10" hai1="88,90,91,98,102,109,111" hai2="1,6,11,47,54,92,95" hai3="16,17,19,79,82,87,94" owari="233,-16.7,221,-27.9,239,3.9,307,40.7" /></mjloggm>