<mjloggm ver="2.3"><GO type="225" lobby="0"/><UN n0="%E3%81%AF%E3%82%88%E3%81%8A%E3%81%98%E3%81%95%E3%82%93" n1="%33%74%72%65%65" n2="%E7%B4%94%E6%BD%94%E3%83%94%E3%83%A9%E3%83%8B%E3%82%A2" n3="%E3%82%8F%E3%81%8B%E3%81%B0%2A%E3%82%AC%E3%83%BC%E3%83%AB" dan="17,16,17,16" rate="2233.60,2058.71,2194.86,2069.94" sx="M,F,M,M"/><TAIKYOKU oya="0"/><INIT seed="0,0,0,2,0,83" ten="250,250,250,250" oya="0" hai0="47,3,35,48,117,65,89,123,82,116,2,44,103" hai1="53,57,133,68,125,67,20,90,30,100,25,74,31" hai2="28,91,34,43,71,119,38,32,64,101,10,96,110" hai3="51,87,16,33,95,37,40,85,55,52,73,11,14"/><T39/><D35/><U9/><E133/><V0/><F91/><W135/><G73/><T88/><D65/><U58/><E125/><V113/><F110/><W105/><G105/><T23/><D23/><U29/><E74/><V115/><F119/><W93/><G33/><T60/><D60/><N who="1" m="38287" /><E68/><V13/><F13/><W94/><G135/><T111/><D103/><U56/><E100/><V61/><F32/><W17/><G17/><T72/><D72/><U27/><E9/><V121/><F121/><W128/><G128/><T104/><D48/><N who="1" m="30759" /><E27/><N who="2" m="18719" /><F43/><W124/><G124/><T108/><D82/><U99/><E58/><V4/><F38/><W92/><N who="3" m="23552" /><DORA hai="5" /><W70/><G70/><T84/><D39/><U42/><E42/><V26/><F26/><W50/><G37/><T21/><D21/><U107/><E107/><AGARI ba="0,0" hai="0,4,10,61,64,71,96,101,107,113,115" m="18719" machi="107" ten="30,3900,0" yaku="25,1,23,1,52,1" doraHai="83,5" who="2" fromWho="1" sc="250,0,250,-39,250,39,250,0" /><INIT seed="1,0,0,4,2,12" ten="250,211,289,250" oya="1" hai0="16,123,100,83,23,125,39,33,78,51,61,75,69" hai1="26,103,105,132,4,115,44,41,90,111,59,97,116" hai2="104,47,92,31,56,63,8,109,133,81,94,120,22" hai3="1,66,128,49,67,74,73,17,87,82,0,77,93"/><U21/><E115/><V112/><F104/><W80/><G128/><T64/><D39/><U110/><E116/><V71/><F71/><W20/><G93/><T2/><D33/><U135/><E4/><V122/><F109/><N who="1" m="41481" /><E59/><V85/><F133/><N who="1" m="51273" /><E90/><V6/><F112/><W62/><G49/><T42/><D2/><U60/><E60/><V54/><F47/><W40/><G40/><T121/><D100/><U11/><E11/><V98/><F98/><W108/><G108/><T24/><REACH who="0" step="1"/><D125/><REACH who="0" ten="240,211,289,250" step="2"/><U126/><E126/><V79/><F120/><W7/><G0/><T84/><D84/><U129/><E129/><V5/><F85/><W88/><G73/><T48/><D48/><U19/><E41/><V30/><F122/><W91/><G1/><T37/><D37/><U127/><E127/><V101/><F101/><W25/><G62/><T89/><D89/><U27/><E44/><AGARI ba="0,1" hai="16,23,24,42,44,51,61,64,69,75,78,83,121,123" machi="44" ten="40,5200,0" yaku="1,1,52,1,54,1,53,0" doraHai="12" doraHaiUra="124" who="0" fromWho="1" sc="240,62,211,-52,289,0,250,0" /><INIT seed="2,0,0,5,4,17" ten="302,159,289,250" oya="2" hai0="34,88,90,22,78,81,128,134,33,29,63,61,69" hai1="31,77,111,56,103,5,85,73,89,60,108,0,68" hai2="55,112,130,65,118,71,92,14,58,51,7,99,131" hai3="16,94,97,120,26,86,47,39,46,32,53,117,125"/><V19/><F112/><W23/><G120/><T13/><D128/><N who="2" m="49194" /><F7/><W107/><G117/><T2/><D2/><U98/><E68/><V104/><F65/><W101/><G125/><T43/><D43/><U84/><E31/><V72/><F72/><W25/><G39/><T123/><D123/><U93/><E5/><V18/><F18/><W49/><G86/><T121/><D121/><U30/><E0/><V4/><F4/><W124/><G124/><T113/><D113/><U109/><E30/><V6/><F6/><W135/><G135/><T66/><D63/><U35/><E35/><V44/><F104/><W96/><G32/><T8/><D134/><U11/><E11/><V15/><F71/><W83/><G83/><T132/><D132/><U21/><E21/><N who="2" m="11511" /><F15/><W105/><G26/><T50/><D34/><U36/><E73/><V129/><N who="2" m="49202" /><V38/><DORA hai="102" /><F118/><W62/><G62/><T133/><D33/><U80/><E60/><V79/><F79/><W48/><REACH who="3" step="1"/><G97/><REACH who="3" ten="302,159,289,240" step="2"/><T119/><D133/><U110/><E98/><V75/><F75/><W115/><G115/><T64/><D61/><U3/><E110/><V70/><F70/><W1/><G1/><T106/><D69/><U40/><E3/><V27/><F27/><W91/><G91/><T76/><D90/><U41/><E103/><N who="2" m="60903" /><F38/><W114/><G114/><T57/><D66/><U82/><E36/><V24/><F24/><W59/><G59/><AGARI ba="0,1" hai="44,51,55,58,59" m="60903,11511,49202" machi="59" ten="40,3900,0" yaku="19,1,52,1" doraHai="17,102" who="2" fromWho="3" sc="302,0,159,0,289,49,240,-39" /><INIT seed="2,1,0,5,2,70" ten="302,159,338,201" oya="2" hai0="118,16,106,76,107,109,126,110,133,0,44,62,41" hai1="15,129,122,27,98,52,77,135,97,49,37,95,46" hai2="87,20,51,9,105,117,100,123,78,32,72,12,67" hai3="90,56,48,28,128,33,79,29,134,24,50,31,11"/><V26/><F117/><W40/><G128/><T5/><D118/><U64/><E129/><V88/><F123/><W4/><G134/><T86/><D133/><U6/><E135/><V132/><F132/><W131/><G131/><T89/><D76/><U19/><E122/><V60/><F32/><W113/><G113/><T38/><D126/><U127/><E127/><V14/><F72/><W104/><G104/><T111/><D62/><U130/><E130/><V102/><F78/><W125/><G125/><T54/><D54/><U75/><E37/><V101/><F51/><W103/><G103/><T93/><REACH who="0" step="1"/><D16/><REACH who="0" ten="292,159,338,201" step="2"/><U57/><E77/><V21/><F105/><W36/><G79/><T84/><D84/><U82/><E75/><V92/><F26/><W112/><G24/><T65/><D65/><U35/><E27/><V7/><REACH who="2" step="1"/><F12/><REACH who="2" ten="292,159,328,201" step="2"/><W10/><G33/><T115/><D115/><U47/><E35/><V43/><F43/><W22/><G40/><T80/><D80/><U91/><E82/><V13/><F13/><W63/><G112/><T108/><D108/><U96/><E15/><V116/><F116/><W2/><G2/><T30/><D30/><U71/><E95/><V45/><F45/><W121/><G31/><T1/><D1/><U58/><E47/><V25/><F25/><W81/><G28/><T23/><D23/><U42/><E46/><V94/><F94/><W120/><G22/><T66/><D66/><U124/><E64/><V85/><F85/><W83/><G29/><T73/><D73/><U99/><N who="1" m="24576" /><DORA hai="53" /><U68/><E42/><V55/><F55/><RYUUKYOKU ba="1,2" sc="292,15,159,-15,328,15,201,-15" hai0="0,5,38,41,44,86,89,93,106,107,109,110,111" hai2="7,9,14,20,21,60,67,87,88,92,100,101,102" /><INIT seed="2,2,2,3,5,131" ten="307,144,343,186" oya="2" hai0="25,63,19,125,128,120,123,10,31,91,66,89,100" hai1="23,124,99,132,61,64,14,12,71,70,28,1,82" hai2="135,53,115,113,20,74,52,36,97,58,33,39,72" hai3="80,101,130,78,35,49,8,65,83,90,7,73,79"/><V44/><F33/><W133/><G130/><T103/><D128/><U127/><E1/><V77/><F97/><W30/><G101/><T111/><D111/><U68/><E99/><V108/><F20/><W85/><G65/><T17/><D125/><N who="1" m="48203" /><E82/><V41/><F108/><W87/><G49/><T16/><D10/><U76/><E76/><V47/><F77/><W88/><G133/><T5/><D5/><U54/><E54/><V112/><F135/><W34/><G73/><T106/><D123/><U92/><E92/><V86/><F86/><W94/><G30/><T27/><D120/><U32/><E132/><V38/><F41/><W107/><G107/><T48/><D48/><U42/><E42/><V45/><F53/><W105/><G105/><T0/><D0/><U9/><E32/><V69/><F69/><N who="1" m="26729" /><E9/><V93/><F93/><W21/><G21/><T129/><D129/><U11/><E11/><V95/><F95/><W2/><G35/><T40/><D40/><U98/><E98/><V50/><AGARI ba="2,2" hai="36,38,39,44,45,47,50,52,58,72,74,112,113,115" machi="50" ten="50,12000,1" yaku="0,1,29,2,54,1" doraHai="131" who="2" fromWho="2" sc="307,-42,144,-42,343,146,186,-42" /><INIT seed="2,3,0,2,1,56" ten="265,102,489,144" oya="2" hai0="59,54,19,71,29,14,31,80,42,118,65,63,77" hai1="99,111,15,102,94,112,98,9,43,67,84,57,44" hai2="92,49,104,79,61,82,75,58,55,24,128,45,33" hai3="83,20,30,105,11,74,86,127,120,48,122,130,26"/><V81/><F104/><W53/><G127/><T22/><D118/><U91/><E112/><V107/><F107/><W38/><G38/><T133/><D133/><U28/><E111/><V114/><F114/><W108/><G108/><T90/><D42/><U36/><E28/><V97/><F128/><W12/><G105/><T69/><D90/><U134/><E134/><V17/><F81/><W126/><G74/><T60/><REACH who="0" step="1"/><D69/><REACH who="0" ten="255,102,489,144" step="2"/><U132/><E132/><V32/><F79/><W101/><G122/><T46/><D46/><U121/><E121/><V18/><F45/><W27/><G120/><T1/><D1/><U6/><REACH who="1" step="1"/><E102/><REACH who="1" ten="255,92,489,144" step="2"/><V119/><F119/><W66/><G101/><T87/><AGARI ba="3,2" hai="14,19,22,29,31,54,59,60,63,65,71,77,80,87" machi="87" ten="20,8000,1" yaku="1,1,0,1,7,1,52,2,53,0" doraHai="56" doraHaiUra="0" who="0" fromWho="0" sc="255,109,92,-23,489,-43,144,-23" /><INIT seed="3,0,0,5,5,85" ten="364,69,446,121" oya="3" hai0="25,107,125,97,101,50,55,109,111,45,104,62,65" hai1="0,99,74,69,76,93,103,42,29,127,98,128,94" hai2="39,43,36,38,106,21,129,134,68,90,8,7,11" hai3="9,34,4,46,16,37,122,31,105,10,19,114,67"/><W118/><G118/><T71/><D125/><U82/><E0/><V41/><F68/><W54/><G105/><T44/><D107/><U116/><E116/><V47/><F106/><W14/><G122/><T95/><D45/><U48/><E127/><V81/><F129/><W91/><G114/><T70/><D70/><U63/><E128/><V56/><F56/><W110/><G110/><T64/><D64/><U15/><E29/><V120/><F120/><W35/><G67/><T87/><D87/><U83/><E83/><V66/><F66/><W126/><G31/><T26/><D95/><U131/><E131/><V72/><F134/><W18/><G126/><T59/><D26/><U130/><E130/><V53/><F53/><W96/><G10/><T57/><D57/><U52/><E69/><V121/><F21/><W79/><G79/><T119/><D119/><U117/><E117/><V27/><F8/><W113/><G113/><T115/><D115/><U23/><E63/><V61/><F61/><W100/><G91/><T28/><REACH who="0" step="1"/><D59/><REACH who="0" ten="354,69,446,121" step="2"/><U2/><E42/><N who="2" m="22983" /><F121/><W89/><G37/><T60/><D60/><U102/><E2/><V6/><F41/><W20/><G46/><T40/><D40/><U80/><E74/><V135/><F43/><W133/><G133/><T5/><D5/><U13/><E76/><V1/><F135/><W78/><G78/><T51/><D51/><U32/><E32/><V49/><F38/><W75/><G34/><T124/><D124/><U24/><E24/><V92/><F39/><W84/><G35/><T33/><AGARI ba="0,1" hai="25,28,33,44,50,55,62,65,71,97,101,104,109,111" machi="33" ten="30,8000,1" yaku="1,1,0,1,25,2,53,1" doraHai="85" doraHaiUra="22" who="0" fromWho="0" sc="354,90,69,-20,446,-20,121,-40" owari="444,54.4,49,-45.1,426,22.6,81,-31.9" /></mjloggm>