<mjloggm ver="2.3"><GO type="225" lobby="0"/><UN n0="%E6%9D%B1%E9%A2%A8%E3%81%AE%E3%81%8D%E3%82%83%E3%81%B7%E3%81%95%E3%82%93" n1="%E3%81%82%E3%82%93%E3%81%AA%E3%81%A4" n2="%E7%9A%AE%E3%80%85" n3="%E5%B8%86%E7%AB%8B%E5%A4%8F%E8%A1%A3" dan="16,17,16,17" rate="2163.81,2198.11,2214.53,2247.37" sx="M,M,M,M"/><TAIKYOKU oya="0"/><INIT seed="0,0,0,2,5,122" ten="250,250,250,250" oya="0" hai0="65,108,63,125,35,27,24,18,73,135,94,31,78" hai1="93,119,75,77,96,113,29,40,111,2,74,7,89" hai2="4,115,114,11,56,41,116,117,101,127,36,98,46" hai3="12,60,33,129,47,43,104,15,57,48,34,13,134"/><T1/><D1/><U92/><E40/><V107/><F56/><W102/><G129/><T45/><D135/><U8/><E119/><V38/><F38/><W22/><G134/><T99/><D125/><U53/><E113/><V126/><F114/><W88/><G104/><T6/><D6/><U120/><E120/><V130/><F130/><W51/><G102/><T42/><D24/><U87/><E29/><V17/><F17/><W30/><G51/><T109/><D18/><U9/><E77/><V64/><F64/><W68/><G68/><N who="0" m="42047" /><D94/><U106/><E106/><V26/><F26/><W86/><G30/><T58/><D58/><U128/><E128/><V39/><F39/><W67/><REACH who="3" step="1"/><G22/><REACH who="3" ten="250,250,250,240" step="2"/><T55/><D55/><U49/><E49/><V14/><REACH who="2" step="1"/><F115/><REACH who="2" ten="250,250,240,240" step="2"/><W131/><G131/><T54/><D54/><U121/><E53/><V76/><F76/><W83/><AGARI ba="0,2" hai="12,13,15,33,34,43,47,48,57,60,67,83,86,88" machi="83" ten="30,7900,0" yaku="1,1,0,1,54,1,53,1" doraHai="122" doraHaiUra="61" who="3" fromWho="3" sc="250,-39,250,-20,240,-20,240,99" /><INIT seed="1,0,0,0,5,103" ten="211,230,220,339" oya="1" hai0="43,2,11,58,77,66,22,16,44,69,45,25,97" hai1="85,96,83,51,0,41,111,95,90,114,26,13,6" hai2="104,33,48,12,52,131,40,54,67,18,79,50,98" hai3="126,127,125,128,20,109,81,93,29,37,101,62,64"/><U5/><E114/><V105/><F33/><W34/><G109/><T68/><D77/><U8/><E111/><V72/><F67/><W42/><G128/><T106/><D106/><U87/><E26/><V63/><F98/><N who="3" m="59599" /><G34/><T84/><D97/><U1/><E6/><V99/><F99/><W57/><G81/><T130/><D84/><U19/><E19/><V122/><F122/><W80/><G80/><T27/><D130/><U132/><E132/><V112/><F131/><W59/><G42/><T92/><D92/><U23/><E23/><V78/><F40/><W71/><G37/><T60/><D27/><AGARI ba="0,0" hai="20,27,29,57,59,62,64,71,125,126,127" m="59599" machi="27" ten="30,1000,0" yaku="18,1" doraHai="103" who="3" fromWho="0" sc="211,-10,230,0,220,0,339,10" /><INIT seed="2,0,0,2,2,120" ten="201,230,220,349" oya="2" hai0="125,52,53,111,30,68,93,69,32,23,87,66,24" hai1="40,20,82,57,22,17,47,55,107,109,128,9,127" hai2="36,14,122,116,1,29,62,7,3,76,63,92,54" hai3="71,101,11,104,46,99,60,83,43,19,98,26,38"/><V96/><F122/><W27/><G98/><T45/><D32/><U64/><E107/><V12/><F36/><W118/><G118/><T103/><D125/><U16/><E109/><V6/><F76/><W42/><G42/><T90/><D111/><U31/><E127/><V39/><F39/><W123/><G123/><T48/><D66/><U114/><E114/><V33/><F116/><W124/><G124/><T4/><D4/><U80/><E64/><V85/><F85/><W59/><G71/><T86/><D103/><U79/><E9/><V78/><F78/><W58/><G83/><N who="1" m="31786" /><E79/><V51/><F6/><W130/><G130/><T112/><D112/><U81/><E81/><V21/><F33/><W28/><G59/><T84/><REACH who="0" step="1"/><D53/><REACH who="0" ten="191,230,220,349" step="2"/><U34/><E34/><V117/><F117/><W102/><G102/><T88/><D88/><U15/><E128/><V72/><F7/><W135/><G101/><T113/><D113/><U41/><E40/><V115/><F115/><W95/><G43/><T75/><D75/><U61/><E41/><V70/><F72/><W13/><G38/><T105/><D105/><U67/><E55/><V5/><F5/><W44/><G104/><T49/><D49/><U100/><E100/><N who="2" m="60423" /><F70/><AGARI ba="0,1" hai="23,24,30,45,48,52,68,69,70,84,86,87,90,93" machi="70" ten="40,5200,0" yaku="1,1,54,1,53,1" doraHai="120" doraHaiUra="25" who="0" fromWho="2" sc="191,62,230,0,220,-52,349,0" /><INIT seed="3,0,0,4,4,57" ten="253,230,168,349" oya="3" hai0="52,38,120,69,133,119,10,54,76,27,33,41,40" hai1="18,29,73,105,64,116,104,11,68,17,94,112,4" hai2="1,49,130,63,92,61,0,65,100,55,7,113,82" hai3="20,26,13,77,114,132,59,66,99,37,25,28,60"/><W16/><G114/><T8/><D69/><U15/><E73/><V9/><F113/><W128/><G132/><T103/><D103/><U44/><E112/><V45/><F130/><W53/><G128/><T101/><D101/><U106/><E29/><V110/><F110/><W97/><G37/><T127/><D76/><U39/><E116/><V50/><F0/><W124/><G124/><T71/><D71/><U72/><E72/><V80/><F65/><W6/><G77/><T19/><D19/><U42/><REACH who="1" step="1"/><E94/><REACH who="1" ten="253,220,168,349" step="2"/><V95/><F49/><W79/><G79/><T125/><D119/><U51/><E51/><V91/><F100/><W115/><G115/><T96/><D125/><U98/><E98/><V86/><REACH who="2" step="1"/><F95/><REACH who="2" ten="253,220,158,349" step="2"/><W22/><G66/><T83/><D127/><U121/><E121/><V135/><F135/><W2/><G2/><T30/><D120/><U88/><E88/><V117/><F117/><W62/><G62/><AGARI ba="0,2" hai="4,11,15,17,18,39,42,44,62,64,68,104,105,106" machi="62" ten="40,2600,0" yaku="1,1,52,1,53,0" doraHai="57" doraHaiUra="48" who="1" fromWho="3" sc="253,0,220,46,158,0,349,-26" /><AGARI ba="0,0" hai="1,7,9,45,50,55,61,62,63,80,82,86,91,92" machi="62" ten="40,8000,1" yaku="1,1,52,3,53,1" doraHai="57" doraHaiUra="48" who="2" fromWho="3" sc="253,0,266,0,158,80,323,-80" /><INIT seed="4,0,0,4,5,66" ten="253,266,238,243" oya="0" hai0="109,29,135,108,21,115,69,0,33,14,117,56,27" hai1="63,82,99,105,59,23,38,58,114,47,6,84,3" hai2="5,73,104,50,101,31,53,133,55,19,52,129,78" hai3="39,70,100,26,7,83,89,12,126,107,85,28,9"/><T134/><D69/><U68/><E114/><V2/><F133/><N who="0" m="50698" /><D56/><U24/><E6/><V30/><F129/><W119/><G126/><T40/><D40/><U122/><E3/><V35/><F35/><W11/><G119/><T71/><D71/><U120/><E38/><V93/><F104/><W81/><G39/><T131/><D131/><U113/><E47/><V44/><F19/><W46/><G46/><T111/><D0/><U34/><E113/><V125/><F125/><W72/><G70/><T18/><D115/><U118/><E118/><AGARI ba="0,0" hai="14,18,21,27,29,33,108,109,111,117,118" m="50698" machi="118" ten="40,12000,1" yaku="10,1,20,1,34,2" doraHai="66" who="0" fromWho="1" sc="253,120,266,-120,238,0,243,0" owari="373,47.3,146,-35.4,238,-16.2,243,4.3" /></mjloggm>