<mjloggm ver="2.3"><GO type="225" lobby="0"/><UN n0="%72%65%6E%6B%75%6E" n1="%E5%A4%8F%E9%88%B4%E9%88%B4%E5%A4%8F" n2="%E3%81%BF%E3%81%BF%E3%81%9A" n3="%E6%A1%9C%E6%B2%A2%E5%A2%A8" dan="17,16,17,17" rate="2211.85,2137.58,2170.09,2144.37" sx="M,F,M,F"/><TAIKYOKU oya="0"/><INIT seed="0,0,0,3,4,91" ten="250,250,250,250" oya="0" hai0="49,14,89,132,95,72,4,130,107,18,47,21,86" hai1="48,37,45,8,56,27,17,88,5,108,11,68,7" hai2="0,103,35,36,13,61,97,50,57,129,114,119,94" hai3="44,32,26,52,15,25,85,120,29,1,34,115,75"/><T105/><D130/><U101/><E68/><V127/><F36/><W102/><G75/><T2/><D132/><U123/><E123/><V81/><F0/><W84/><G1/><T118/><D118/><U126/><E108/><V73/><F35/><W133/><G115/><T117/><D117/><U96/><E37/><V63/><F119/><W122/><G133/><T19/><D72/><U93/><E126/><V40/><F114/><W83/><G102/><T69/><D69/><U77/><E77/><V20/><F127/><W98/><G98/><T53/><REACH who="0" step="1"/><D19/><REACH who="0" ten="240,250,250,250" step="2"/><U38/><E5/><V128/><F73/><W60/><G122/><T23/><D23/><N who="1" m="13807" /><E7/><V135/><F135/><W104/><G120/><T41/><D41/><N who="1" m="24623" /><E38/><V22/><F129/><W134/><G134/><T78/><D78/><U10/><E56/><V9/><F128/><W3/><G32/><T39/><D39/><U67/><E67/><V16/><F22/><W65/><G65/><T80/><D80/><U28/><E28/><V90/><F20/><W116/><G83/><T111/><D111/><U74/><E74/><V55/><F40/><W121/><G121/><T42/><D42/><U124/><E124/><V112/><F112/><W76/><G76/><T66/><D66/><U46/><E46/><V79/><F79/><W59/><G116/><T100/><D100/><AGARI ba="0,1" hai="8,10,11,88,93,96,100,101" m="24623,13807" machi="100" ten="30,3900,0" yaku="8,1,52,1,54,1" doraHai="91" who="1" fromWho="0" sc="240,-39,250,49,250,0,250,0" /><INIT seed="1,0,0,2,3,16" ten="201,299,250,250" oya="1" hai0="121,14,62,98,47,82,112,114,15,42,133,104,31" hai1="117,116,43,25,50,24,64,3,67,103,91,66,54" hai2="60,39,123,53,100,102,135,56,55,125,118,113,68" hai3="48,72,99,129,18,33,78,59,17,10,81,83,86"/><U20/><E3/><V134/><F118/><W45/><G33/><T106/><D133/><N who="2" m="50698" /><F123/><W122/><G122/><T80/><D121/><U115/><E115/><V109/><F113/><W38/><G129/><T107/><D98/><U4/><E43/><V130/><F109/><W69/><G69/><T49/><D31/><U65/><E103/><N who="2" m="39467" /><F130/><W108/><G108/><T7/><D112/><U75/><E75/><V26/><F125/><W126/><G126/><T97/><D97/><U2/><E25/><V63/><F39/><W132/><G99/><T22/><D114/><U61/><E91/><V95/><F95/><W37/><G132/><T92/><D92/><U12/><E2/><V27/><F53/><W41/><G10/><T0/><D62/><U34/><E34/><V110/><F110/><W70/><G70/><T90/><D90/><U36/><E36/><V44/><F44/><W89/><G38/><T23/><D0/><U84/><E84/><V29/><F29/><W73/><G73/><T46/><D7/><U40/><E40/><V51/><F60/><W79/><G89/><T5/><D5/><U6/><E4/><V105/><F105/><W28/><G28/><T74/><D74/><U1/><E1/><V57/><F56/><W58/><G58/><T35/><D35/><U128/><E128/><V94/><F94/><W101/><G101/><T71/><D71/><N who="1" m="42383" /><E6/><V124/><F124/><W87/><G72/><T52/><D42/><U131/><E131/><V127/><F127/><W120/><G120/><T85/><D106/><U13/><E117/><V88/><F88/><RYUUKYOKU ba="0,0" sc="201,-15,299,-15,250,15,250,15" hai2="26,27,51,55,57,63,68" hai3="17,18,37,41,45,48,59,78,79,81,83,86,87" /><INIT seed="2,1,0,2,0,37" ten="186,284,265,265" oya="2" hai0="129,108,103,71,122,41,44,17,126,54,32,88,135" hai1="107,75,97,112,106,36,89,40,20,46,101,116,30" hai2="12,27,29,110,105,84,123,72,118,13,22,85,102" hai3="111,86,73,96,91,132,63,34,100,69,70,78,28"/><V133/><F118/><W124/><G111/><T59/><D17/><U62/><E112/><V117/><F72/><W2/><G2/><T99/><D103/><U8/><E75/><V19/><F117/><W11/><G132/><T134/><D32/><U119/><E107/><V57/><F123/><W51/><G124/><T60/><D122/><U109/><E109/><V43/><F133/><N who="0" m="50698" /><D108/><U92/><E62/><V35/><F110/><W31/><G11/><T0/><D0/><U6/><E20/><V3/><F105/><W14/><G14/><T66/><D126/><U68/><E68/><V113/><F102/><W1/><G69/><T93/><D129/><U52/><E52/><V26/><F113/><W39/><G1/><T95/><D95/><U4/><E30/><V79/><F3/><W120/><G120/><T115/><D115/><U10/><E4/><V121/><F121/><W16/><G16/><T77/><D77/><U5/><E6/><V9/><F79/><W64/><G78/><T74/><D74/><U82/><E5/><V15/><F9/><W49/><G73/><T90/><D90/><U23/><E8/><V53/><F85/><W58/><G34/><T42/><D44/><U38/><E10/><V87/><F84/><W125/><G125/><T83/><D83/><U18/><E82/><V21/><F87/><W45/><G86/><T67/><D67/><U56/><E119/><V55/><F35/><W81/><G81/><T98/><D98/><N who="1" m="57615" /><E116/><V7/><F7/><W61/><G64/><T80/><D80/><U104/><E101/><V25/><F19/><RYUUKYOKU ba="1,0" sc="186,30,284,-10,265,-10,265,-10" hai0="41,42,54,59,60,66,71,88,93,99" /><INIT seed="3,2,0,5,5,63" ten="216,274,255,255" oya="3" hai0="87,84,40,98,78,101,112,49,128,82,103,125,24" hai1="53,97,14,34,132,62,131,38,70,19,48,30,0" hai2="37,66,71,122,23,36,12,111,94,96,105,22,69" hai3="43,89,93,1,130,11,16,44,72,116,25,123,100"/><W33/><G116/><T8/><D128/><U67/><E38/><V6/><F105/><W4/><G123/><T83/><D125/><U114/><E0/><V133/><F122/><W35/><G72/><T57/><D112/><U126/><E132/><V110/><F133/><W129/><G100/><T9/><D24/><U115/><E131/><N who="3" m="50186" /><G25/><T45/><D57/><U109/><E126/><V135/><F135/><W17/><G33/><T134/><D134/><U117/><E109/><V92/><F12/><W13/><G35/><T107/><REACH who="0" step="1"/><D103/><REACH who="0" ten="206,274,255,255" step="2"/><U65/><E115/><V81/><F71/><W10/><G44/><T59/><D59/><U26/><E70/><V86/><F69/><W77/><G77/><AGARI ba="2,1" hai="8,9,40,45,49,77,78,82,83,84,87,98,101,107" machi="77" ten="30,3900,0" yaku="1,1,7,1,9,1,53,0" doraHai="63" doraHaiUra="18" who="0" fromWho="3" sc="206,55,274,0,255,0,255,-45" /><INIT seed="4,0,0,0,0,62" ten="261,274,255,210" oya="0" hai0="22,117,87,94,101,98,116,64,84,134,77,85,82" hai1="9,110,14,49,113,130,103,23,86,78,4,95,16" hai2="65,74,102,56,106,28,100,118,36,88,92,51,26" hai3="69,109,131,18,25,99,132,33,43,60,72,15,31"/><T135/><D64/><U8/><E110/><V79/><F36/><W24/><G109/><T34/><D22/><U80/><E130/><V127/><F127/><W6/><G72/><N who="0" m="43303" /><D34/><U13/><E113/><V91/><F74/><W123/><G131/><T21/><D21/><U27/><E49/><V20/><F106/><W50/><G132/><AGARI ba="0,0" hai="84,85,87,94,98,101,116,117,132,134,135" m="43303" machi="132" ten="30,5800,0" yaku="20,1,34,2" doraHai="62" who="0" fromWho="3" sc="261,58,274,0,255,0,210,-58" owari="319,41.9,274,7.4,255,-14.5,152,-34.8" /></mjloggm>