<mjloggm ver="2.3"><GO type="225" lobby="0"/><UN n0="%E5%85%83%E3%82%AB%E3%83%8E%E7%B3%BB%E3%83%92%E3%83%AD%E3%82%A4%E3%83%B3" n1="%E3%83%B4%E3%83%A0%EF%BC%99%E3%81%A6" n2="%E6%A5%93%E4%BB%8B" n3="%E3%82%A4%E3%83%BC%E3%82%B1%E3%83%97%E3%83%A9" dan="16,16,16,17" rate="2167.38,2184.34,2100.65,2216.79" sx="M,M,M,M"/><TAIKYOKU oya="0"/><INIT seed="0,0,0,3,4,100" ten="250,250,250,250" oya="0" hai0="133,48,36,7,53,47,105,22,3,107,114,112,90" hai1="19,79,80,101,2,64,10,26,119,97,110,11,126" hai2="77,52,69,25,124,23,95,109,83,50,104,131,127" hai3="75,91,115,1,78,27,44,12,51,32,113,62,49"/><T28/><D133/><U65/><E119/><V72/><F109/><W33/><G1/><T84/><D36/><U85/><E126/><N who="2" m="48171" /><F69/><W132/><G132/><T55/><D55/><U108/><E108/><V56/><F95/><W128/><G128/><T58/><D47/><U82/><E110/><V98/><F131/><W99/><G62/><T135/><D135/><U76/><E2/><V63/><F50/><W66/><G66/><T16/><D28/><U35/><E35/><V34/><F34/><W74/><G51/><T103/><D7/><U102/><E26/><V42/><F42/><W93/><G33/><T122/><D3/><U87/><E97/><V121/><F121/><W41/><G12/><N who="0" m="9479" /><D122/><U86/><E86/><V40/><F40/><W81/><REACH who="3" step="1"/><G75/><REACH who="3" ten="250,250,250,240" step="2"/><T68/><D68/><U24/><E24/><V123/><F123/><W31/><AGARI ba="0,1" hai="27,31,32,41,44,49,74,78,81,91,93,99,113,115" machi="31" ten="30,7900,0" yaku="1,1,2,1,0,1,53,1" doraHai="100" doraHaiUra="43" who="3" fromWho="3" sc="250,-39,250,-20,250,-20,240,89" /><INIT seed="1,0,0,1,0,82" ten="211,230,230,329" oya="1" hai0="133,96,100,44,7,60,43,83,113,123,128,117,55" hai1="26,25,0,18,41,48,15,92,30,46,97,4,13" hai2="62,85,118,78,135,37,54,99,23,11,53,134,103" hai3="76,14,101,21,132,107,74,114,86,102,130,27,109"/><U69/><E69/><V47/><F118/><W22/><G114/><T122/><D113/><U29/><E0/><V67/><F11/><W70/><G70/><T80/><D117/><U19/><E4/><V16/><F37/><W121/><G121/><N who="0" m="46091" /><D133/><N who="2" m="50698" /><F47/><W8/><G74/><T66/><D55/><U77/><E77/><V75/><F75/><W36/><G36/><N who="0" m="21607" /><D7/><U126/><E126/><V81/><F67/><W104/><G109/><T94/><D128/><U71/><E71/><AGARI ba="0,0" hai="60,66,71,80,83,94,96,100" m="21607,46091" machi="71" ten="30,1000,0" yaku="13,1" doraHai="82" who="0" fromWho="1" sc="211,10,230,-10,230,0,329,0" /><INIT seed="2,0,0,3,3,107" ten="221,220,230,329" oya="2" hai0="52,82,102,132,12,9,53,120,71,113,22,36,56" hai1="103,37,78,2,16,68,30,128,11,32,115,55,114" hai2="92,77,26,21,50,101,122,85,38,124,131,62,109" hai3="130,94,5,45,60,65,129,75,74,87,20,23,15"/><V46/><F122/><W110/><G110/><T79/><D120/><U59/><E68/><V89/><F109/><W17/><G5/><T14/><D71/><U66/><E66/><V104/><F131/><N who="3" m="50187" /><G45/><T76/><D36/><U42/><E128/><V8/><F124/><W133/><G133/><T47/><D113/><U95/><E78/><V112/><F112/><W44/><G44/><T111/><D111/><U72/><E72/><N who="3" m="27690" /><G94/><T127/><D102/><U63/><E42/><V67/><F38/><W13/><G87/><T19/><D132/><U29/><E37/><V69/><F104/><W117/><G117/><T64/><D127/><U116/><E116/><V126/><F126/><W6/><G6/><T58/><D47/><U80/><E2/><V7/><F101/><W134/><G134/><T0/><D0/><U35/><E80/><V3/><F46/><W1/><G1/><T135/><D82/><U27/><E115/><V81/><F50/><W24/><G23/><T40/><D40/><U51/><E114/><V88/><REACH who="2" step="1"/><F92/><REACH who="2" ten="221,220,220,329" step="2"/><W105/><G105/><T18/><D135/><U48/><E95/><V31/><AGARI ba="0,1" hai="3,7,8,21,26,31,62,67,69,77,81,85,88,89" machi="31" ten="20,18000,2" yaku="1,1,2,1,0,1,7,1,54,1,53,2" doraHai="107" doraHaiUra="84" who="2" fromWho="2" sc="221,-60,220,-60,220,190,329,-60" /><INIT seed="2,1,0,1,3,1" ten="161,160,410,269" oya="2" hai0="18,64,44,82,10,68,116,3,96,81,66,112,92" hai1="2,60,103,22,58,83,30,37,91,98,69,76,79" hai2="19,42,99,13,23,72,101,63,17,25,61,33,106" hai3="104,40,14,74,12,84,9,73,134,89,8,38,118"/><V126/><F126/><W119/><G104/><T34/><D112/><U54/><E37/><V133/><F133/><W128/><G134/><T41/><D34/><U16/><E2/><V49/><F72/><W107/><G107/><T67/><D68/><U62/><E30/><V114/><F114/><W0/><G0/><T100/><D116/><U7/><E7/><V88/><F33/><W24/><G128/><T86/><D86/><U93/><E69/><V48/><F101/><W127/><G24/><T5/><REACH who="0" step="1"/><D18/><REACH who="0" ten="151,160,410,269" step="2"/><U132/><E132/><V45/><F19/><W77/><G84/><T124/><D124/><U129/><E129/><V117/><F117/><W120/><G127/><T39/><AGARI ba="1,1" hai="3,5,10,39,41,44,64,66,67,81,82,92,96,100" machi="39" ten="30,4000,0" yaku="1,1,0,1,52,1,53,0" doraHai="1" doraHaiUra="135" who="0" fromWho="0" sc="151,53,160,-11,410,-21,269,-11" /><INIT seed="3,0,0,2,5,59" ten="204,149,389,258" oya="3" hai0="107,123,97,70,88,127,135,31,51,82,119,46,85" hai1="1,128,61,77,73,112,78,14,76,32,18,23,69" hai2="49,99,17,72,26,55,113,24,117,37,126,60,58" hai3="20,109,122,134,39,93,41,104,131,57,22,11,83"/><W9/><G104/><T8/><D119/><U114/><E128/><V120/><F113/><W64/><G122/><T67/><D123/><U95/><E1/><V94/><F120/><W116/><G116/><T89/><D135/><U87/><E32/><V0/><F37/><W65/><G39/><T101/><D127/><U45/><E73/><V4/><F126/><W36/><G36/><T25/><D8/><U52/><E45/><V3/><F72/><W129/><G41/><T74/><D74/><U71/><E114/><V15/><F117/><W38/><G38/><T7/><D7/><U68/><E112/><V80/><F80/><W27/><G83/><T110/><D110/><U115/><E115/><V50/><F3/><W53/><G134/><T102/><D67/><U34/><E34/><V12/><F4/><W30/><G109/><T91/><D70/><U100/><E100/><V96/><F96/><W44/><G44/><T10/><D10/><U92/><REACH who="1" step="1"/><E87/><REACH who="1" ten="204,139,389,258" step="2"/><V98/><F0/><W111/><G111/><T86/><D86/><U33/><E33/><V56/><F99/><W81/><G131/><T132/><D132/><U62/><E62/><V90/><F60/><W5/><G129/><T133/><D133/><U19/><E19/><V47/><F17/><W2/><G2/><T106/><D102/><U125/><E125/><V13/><F47/><W40/><G5/><T108/><D101/><U75/><E75/><V103/><F103/><W121/><G121/><T29/><D106/><U28/><E28/><V118/><F118/><W54/><G30/><T124/><D107/><RYUUKYOKU ba="0,1" sc="204,-15,139,15,389,15,258,-15" hai1="14,18,23,52,61,68,69,71,76,77,78,92,95" hai2="12,13,15,24,26,49,50,55,56,58,90,94,98" owari="189,-21.1,154,-34.6,414,51.4,243,4.3" /></mjloggm>