<mjloggm ver="2.3"><GO type="225" lobby="0"/><UN n0="%E9%A6%AC%E5%BC%95%E7%81%AB%33" n1="%E4%BF%BA%E3%81%A8%E5%A6%96%E5%A4%A2" n2="%E9%80%86%E9%80%A3%E5%B8%AF%E3%81%AE%E9%AC%BC" n3="%E3%81%A4%E3%81%A3%E3%81%B1%E3%82%8A%E3%83%9D%E3%83%BC%E3%83%AB" dan="17,16,17,17" rate="2192.20,2100.40,2011.13,2171.20" sx="M,F,M,M"/><TAIKYOKU oya="0"/><INIT seed="0,0,0,3,2,120" ten="250,250,250,250" oya="0" hai0="121,3,93,108,134,65,22,73,110,39,54,102,130" hai1="68,20,96,50,5,8,43,112,14,45,122,115,103" hai2="128,24,12,27,23,19,80,37,35,101,107,17,92" hai3="28,105,74,72,6,40,131,127,100,123,46,132,2"/><T67/><D121/><U113/><E122/><V99/><F37/><W29/><G123/><T86/><D73/><U16/><E68/><V38/><F38/><W41/><G6/><T126/><D134/><U42/><E42/><V25/><F128/><W10/><G10/><T53/><D130/><U95/><REACH who="1" step="1"/><E115/><REACH who="1" ten="250,240,250,250" step="2"/><V44/><F35/><W97/><G41/><T56/><D39/><U55/><E55/><V77/><F44/><W91/><G40/><T116/><D53/><U85/><E85/><N who="2" m="48271" /><F107/><W125/><G46/><T106/><D106/><U26/><AGARI ba="0,1" hai="5,8,14,16,20,26,43,45,50,95,96,103,112,113" machi="26" ten="30,4000,0" yaku="1,1,0,1,54,1,53,0" doraHai="120" doraHaiUra="60" who="1" fromWho="1" sc="250,-20,240,50,250,-10,250,-10" /><INIT seed="1,0,0,0,4,47" ten="230,290,240,240" oya="1" hai0="68,112,23,87,121,82,51,31,115,125,29,12,92" hai1="122,75,127,9,123,100,1,27,108,50,40,30,35" hai2="18,111,44,98,14,36,114,52,34,54,89,46,61" hai3="66,77,93,33,7,62,102,76,24,84,99,32,49"/><U81/><E100/><V119/><F34/><W109/><G109/><T74/><D68/><U2/><E108/><V91/><F119/><W97/><G7/><T118/><D118/><U25/><E127/><V45/><F114/><W124/><G124/><T131/><D125/><U63/><E63/><V15/><F111/><W78/><G84/><T95/><D74/><U132/><E132/><V10/><F36/><W88/><G24/><T6/><D131/><U69/><E69/><V71/><F15/><W3/><G3/><T57/><D121/><U60/><E60/><V110/><F110/><W79/><N who="3" m="19456" /><DORA hai="16" /><W64/><G49/><T103/><D82/><U38/><E81/><V0/><F0/><W117/><G117/><T104/><D104/><U73/><E35/><V133/><F133/><W22/><G22/><T17/><D6/><U67/><E38/><V42/><F42/><W96/><G66/><T56/><D103/><U72/><E67/><V130/><F130/><W135/><G135/><T26/><D115/><U107/><E2/><V58/><F71/><W70/><REACH who="3" step="1"/><G99/><REACH who="3" ten="230,290,240,230" step="2"/><T48/><D112/><U126/><E1/><V11/><F11/><W85/><G85/><T41/><D87/><U21/><E126/><V5/><F5/><W116/><G116/><T4/><D4/><U101/><E75/><V19/><F98/><W90/><G90/><N who="2" m="34313" /><F54/><W43/><G43/><T94/><D41/><U105/><E73/><V39/><F39/><W134/><G134/><T20/><D29/><U28/><E72/><V55/><F55/><W80/><G80/><T83/><D83/><RYUUKYOKU ba="0,1" sc="230,10,290,-30,240,10,230,10" hai0="12,17,20,23,26,31,48,51,56,57,92,94,95" hai2="10,14,18,19,44,45,46,52,58,61" hai3="32,33,62,64,70,88,93,96,97,102" /><INIT seed="2,1,1,1,4,118" ten="240,260,250,240" oya="2" hai0="27,106,63,92,38,132,47,79,13,30,95,5,77" hai1="55,111,8,39,110,94,116,12,23,2,117,113,54" hai2="73,120,81,6,105,4,49,135,84,62,50,71,17" hai3="36,53,119,15,133,40,83,46,93,70,48,66,56"/><V59/><F105/><W128/><G119/><N who="1" m="45642" /><E39/><V58/><F73/><W112/><G133/><T102/><D132/><U41/><E41/><V0/><F135/><W99/><G128/><T7/><D106/><U123/><E113/><V97/><F97/><W37/><G112/><T35/><D63/><U44/><E94/><V129/><F129/><W90/><G15/><T65/><D65/><U42/><E23/><V86/><F71/><W57/><G83/><T16/><D95/><U114/><E2/><V61/><F0/><W25/><G25/><T26/><D26/><U33/><E33/><V28/><F17/><W134/><G134/><T67/><D67/><U103/><E103/><V9/><F9/><W96/><G96/><T131/><D131/><U60/><E114/><V74/><F74/><W69/><REACH who="3" step="1"/><G37/><REACH who="3" ten="240,260,250,230" step="2"/><T108/><D13/><U10/><E12/><V1/><F1/><W32/><G32/><T52/><D35/><U115/><E115/><V14/><F14/><W88/><G88/><T19/><D38/><N who="1" m="21591" /><E10/><V75/><F81/><W89/><G89/><T125/><D27/><U31/><E8/><V126/><F28/><W109/><G109/><T85/><D108/><U91/><E31/><V72/><F126/><W3/><G3/><T43/><D125/><U124/><E124/><V101/><F101/><W80/><G80/><T130/><D30/><U24/><E24/><V121/><AGARI ba="1,2" hai="4,6,49,50,58,59,61,62,72,75,84,86,120,121" machi="121" ten="25,12000,1" yaku="0,1,22,2,52,2" doraHai="118" who="2" fromWho="2" sc="240,-41,260,-41,250,143,230,-41" /><INIT seed="2,2,0,5,3,131" ten="199,219,393,189" oya="2" hai0="57,79,85,121,83,69,99,72,25,56,71,37,13" hai1="135,41,2,87,49,113,1,110,81,106,124,127,65" hai2="24,64,134,53,114,76,4,104,93,29,32,28,86" hai3="47,42,19,39,48,105,14,125,38,132,89,58,30"/><V36/><F114/><W84/><G105/><T12/><D121/><U50/><E113/><V73/><F104/><W17/><G125/><N who="1" m="48202" /><E106/><V22/><F36/><W43/><G30/><T100/><D37/><U133/><E65/><V62/><F73/><W88/><G19/><T26/><D72/><U80/><E110/><V40/><F40/><W98/><G132/><N who="1" m="50762" /><E41/><V109/><F64/><W130/><G130/><T21/><D71/><U90/><E81/><V97/><F109/><W46/><G98/><T102/><D69/><U77/><E77/><V16/><F76/><W7/><G7/><T129/><D129/><U91/><E91/><V116/><F4/><W33/><G33/><T120/><D120/><U63/><E63/><V95/><F32/><W60/><G48/><AGARI ba="2,0" hai="1,2,48,49,50,80,87,90" m="50762,48202" machi="48" ten="30,8000,1" yaku="18,1,20,1,52,3" doraHai="131" who="1" fromWho="3" sc="199,0,219,86,393,0,189,-86" /><INIT seed="3,0,0,3,0,94" ten="199,305,393,103" oya="3" hai0="59,0,114,44,58,77,78,50,15,64,99,74,36" hai1="110,129,47,124,2,10,109,23,115,35,16,79,125" hai2="26,11,76,17,88,133,135,39,67,68,121,86,65" hai3="80,92,82,75,134,128,62,13,21,14,69,61,103"/><W37/><G37/><T32/><D0/><U20/><E47/><V84/><F39/><W5/><G134/><T106/><D36/><U73/><E79/><N who="0" m="30217" /><D32/><U28/><E73/><V89/><F121/><W42/><G75/><T27/><D106/><U1/><E115/><V41/><F76/><W116/><G116/><T46/><D74/><U19/><E129/><V85/><F41/><W12/><G128/><T130/><D130/><U57/><E57/><N who="0" m="21513" /><D64/><U120/><E35/><V31/><F17/><N who="1" m="6729" /><E120/><V90/><F11/><W48/><G5/><T111/><D111/><N who="1" m="42507" /><E10/><V18/><F18/><W6/><G6/><T123/><D123/><U101/><E101/><V102/><F102/><W9/><G9/><T24/><D15/><N who="3" m="3841" /><W55/><DORA hai="126" /><G21/><N who="1" m="8266" /><E28/><V93/><F31/><W107/><G107/><T52/><D44/><U8/><E8/><V66/><F67/><W40/><G69/><T87/><D87/><U60/><E60/><N who="3" m="23146" /><G40/><T83/><D83/><U72/><E72/><V25/><F66/><W49/><G42/><T43/><D43/><U132/><E132/><N who="2" m="50763" /><F65/><W105/><G105/><T22/><D114/><U38/><E38/><V33/><F68/><W96/><G55/><T112/><D112/><U29/><E29/><V119/><F33/><W53/><G53/><T56/><D46/><U4/><E4/><V95/><F85/><W131/><G131/><T3/><D3/><AGARI ba="0,0" hai="1,2,3,124,125" m="8266,42507,6729" machi="3" ten="40,12000,2" yaku="28,2,14,1,34,2,54,1" doraHai="94,126" who="1" fromWho="0" sc="199,-120,305,120,393,0,103,0" owari="79,-42.1,425,52.5,393,19.3,103,-29.7" /></mjloggm>