<mjloggm ver="2.3"><GO type="225" lobby="0"/><UN n0="%E3%81%95%E3%81%8D%E3%81%9F%E3%81%BE%E6%9E%97%E6%AA%8E" n1="%72%61%6B%33" n2="%E3%82%8F%E3%81%8B%E3%81%B0%2A%E3%82%AC%E3%83%BC%E3%83%AB" n3="%E3%81%AD%E3%82%80%E3%81%84%40%E9%9B%80%E9%B3%B4%E4%BC%9A" dan="16,16,17,16" rate="2112.55,2144.13,2220.07,2201.48" sx="M,M,M,F"/><TAIKYOKU oya="0"/><INIT seed="0,0,0,5,3,94" ten="250,250,250,250" oya="0" hai0="5,62,32,101,33,134,77,95,98,132,64,21,51" hai1="14,7,100,96,8,123,97,59,56,23,125,50,12" hai2="104,17,115,111,102,87,81,91,74,135,103,118,110" hai3="55,40,18,43,48,113,71,24,60,119,106,13,108"/><T120/><D120/><U45/><E125/><V37/><F37/><W88/><G113/><T128/><D128/><U28/><E123/><V78/><F115/><W72/><G119/><T34/><D77/><U31/><E31/><V11/><F118/><W46/><G72/><T65/><D5/><U10/><E100/><V57/><F57/><N who="1" m="22089" /><E23/><V127/><F11/><W53/><G108/><N who="2" m="41513" /><F17/><W92/><G106/><T93/><D51/><U109/><E28/><V25/><F25/><W30/><G55/><T133/><D21/><U66/><E66/><N who="0" m="25705" /><D62/><U58/><N who="1" m="22097" /><U121/><DORA hai="122" /><E121/><V126/><F135/><W83/><G60/><T61/><D61/><U80/><E80/><N who="2" m="49639" /><F104/><AGARI ba="0,0" hai="32,33,34,93,95,98,101,104,132,133,134" m="25705" machi="104" ten="40,3900,0" yaku="20,1,52,1" doraHai="94,122" who="0" fromWho="2" sc="250,39,250,0,250,-39,250,0" /><INIT seed="0,1,0,3,0,129" ten="289,250,211,250" oya="0" hai0="107,106,95,16,5,48,40,83,127,99,117,36,89" hai1="58,79,52,102,56,87,32,134,97,42,108,77,50" hai2="13,59,131,72,86,11,55,20,39,101,96,60,135" hai3="54,104,45,10,78,68,12,111,57,69,120,7,75"/><T15/><D117/><U71/><E71/><V41/><F72/><W19/><G104/><T92/><D36/><U64/><E134/><V114/><F114/><W103/><G103/><T34/><D34/><U1/><E108/><V49/><F131/><W65/><G111/><T8/><D83/><U76/><E1/><V121/><F121/><W112/><G112/><T122/><D122/><U123/><E123/><V6/><F39/><W110/><G110/><T80/><D80/><U61/><E32/><V94/><F20/><W66/><G78/><T118/><D118/><U73/><E73/><V67/><F86/><W53/><G75/><T0/><D127/><U24/><E24/><V84/><F84/><W119/><G119/><T38/><D38/><U30/><E30/><V115/><F115/><W22/><G69/><T51/><D95/><U18/><E18/><V9/><F9/><W21/><G68/><T63/><D63/><U43/><REACH who="1" step="1"/><E87/><REACH who="1" ten="289,240,211,250" step="2"/><V2/><F2/><W27/><G120/><T25/><D25/><U85/><E85/><V70/><REACH who="2" step="1"/><F41/><REACH who="2" ten="289,240,201,250" step="2"/><W132/><G132/><AGARI ba="1,2" hai="6,11,13,49,55,59,60,67,70,94,96,101,132,135" machi="132" ten="40,8000,1" yaku="1,1,2,1,52,2,53,1" doraHai="129" doraHaiUra="93" who="2" fromWho="3" sc="289,0,240,0,201,103,250,-83" /><INIT seed="1,0,0,5,0,24" ten="289,240,304,167" oya="1" hai0="48,91,33,26,34,38,11,77,78,110,18,122,65" hai1="0,72,117,98,14,132,103,66,83,126,106,5,41" hai2="19,111,71,49,10,27,123,45,124,53,90,56,69" hai3="120,88,40,97,104,46,92,52,109,127,15,58,44"/><U96/><E14/><V57/><F123/><W113/><G120/><T107/><D122/><U68/><E98/><V118/><F118/><W76/><G113/><T100/><D110/><U30/><E117/><V22/><F111/><W6/><G109/><T64/><D38/><U50/><E126/><V31/><F124/><W25/><G127/><T37/><D37/><U125/><E125/><V82/><F71/><W85/><G104/><T131/><D131/><U121/><E121/><V59/><F69/><W8/><G40/><T21/><D107/><U105/><E105/><V101/><F101/><W70/><G70/><T4/><D100/><U55/><E41/><V23/><F10/><W1/><G1/><T67/><D91/><U99/><E99/><V12/><F90/><W102/><G25/><T13/><D48/><U119/><E119/><V39/><F39/><W43/><G43/><T93/><D93/><U20/><E5/><V16/><F82/><W7/><G7/><T54/><D54/><U36/><E0/><V2/><F2/><W114/><G76/><T133/><D133/><U3/><E132/><V115/><REACH who="2" step="1"/><F19/><REACH who="2" ten="289,240,294,167" step="2"/><W47/><G114/><AGARI ba="0,1" hai="12,16,22,23,27,31,45,49,53,56,57,59,114,115" machi="114" ten="40,8000,1" yaku="1,1,2,1,52,1,54,1,53,0" doraHai="24" doraHaiUra="28" who="2" fromWho="3" sc="289,0,240,0,294,90,167,-80" /><INIT seed="2,0,0,1,5,43" ten="289,240,384,87" oya="2" hai0="87,52,104,48,46,93,133,107,31,16,132,91,55" hai1="22,118,79,57,13,112,19,84,90,113,3,72,6" hai2="130,115,124,103,88,123,60,127,74,10,25,94,30" hai3="47,18,125,77,92,69,23,100,99,14,39,42,106"/><V44/><F115/><W40/><G125/><N who="2" m="48201" /><F123/><W8/><G69/><T37/><D37/><U15/><E118/><V81/><F10/><W41/><G77/><T63/><D31/><U11/><E72/><V32/><F130/><W61/><G61/><T1/><D1/><U28/><E79/><N who="2" m="44279" /><F60/><W0/><REACH who="3" step="1"/><G106/><REACH who="3" ten="289,240,384,77" step="2"/><T108/><D107/><U122/><E122/><V59/><F59/><W49/><G49/><T29/><D104/><U75/><E57/><V102/><F44/><W134/><G134/><T116/><D63/><U66/><E113/><V26/><F26/><W126/><G126/><T9/><D133/><U68/><E112/><V5/><F5/><AGARI ba="0,1" hai="0,5,8,14,18,23,39,40,41,42,47,92,99,100" machi="5" ten="40,2600,0" yaku="1,1,52,1,53,0" doraHai="43" doraHaiUra="45" who="3" fromWho="2" sc="289,0,240,0,384,-26,77,36" /><INIT seed="3,0,0,5,3,52" ten="289,240,358,113" oya="3" hai0="48,2,117,104,35,132,126,115,67,100,70,98,87" hai1="53,39,7,40,19,16,29,123,69,84,83,34,113" hai2="65,133,106,127,129,50,46,4,5,55,43,79,134" hai3="120,20,41,28,92,119,74,23,38,122,62,71,128"/><W80/><G119/><T108/><RYUUKYOKU type="yao9" ba="0,0" sc="289,0,240,0,358,0,113,0" hai0="2,35,48,67,70,87,98,100,104,108,115,117,126,132" /><INIT seed="3,1,0,3,3,80" ten="289,240,358,113" oya="3" hai0="53,54,79,10,58,62,3,113,72,48,25,30,101" hai1="6,55,126,36,87,117,77,133,60,9,44,90,95" hai2="17,112,119,106,31,94,16,51,93,92,13,83,125" hai3="128,49,109,98,135,116,124,130,129,47,4,28,52"/><W1/><G116/><T32/><D113/><U74/><E117/><V123/><F119/><W14/><G1/><T35/><D35/><U33/><E33/><V85/><F106/><W89/><G28/><T61/><D101/><U75/><E126/><V118/><F118/><W71/><G71/><T37/><D37/><U42/><E133/><V105/><F105/><W121/><G121/><T40/><D72/><U0/><E55/><V23/><F112/><W115/><G115/><T73/><D73/><U65/><REACH who="1" step="1"/><E77/><REACH who="1" ten="289,230,358,113" step="2"/><N who="2" m="46319" /><F125/><W76/><G124/><T64/><D79/><U22/><E22/><N who="2" m="11535" /><F123/><W131/><N who="3" m="32768" /><DORA hai="38" /><W114/><G114/><T110/><D32/><U86/><E86/><V132/><F132/><W107/><G135/><T18/><D54/><U34/><E34/><V63/><F63/><W15/><G109/><T103/><D53/><U46/><E46/><V82/><F51/><W7/><G76/><T120/><D62/><U21/><E21/><V45/><F45/><W19/><G15/><T2/><D110/><U50/><E50/><V134/><F134/><W24/><G24/><T59/><D48/><U84/><E84/><V12/><F82/><W78/><G78/><T20/><D120/><U97/><E97/><V99/><F31/><W122/><G122/><T108/><D108/><U91/><E91/><AGARI ba="1,1" hai="12,17,23,91,92,93,94,99" m="11535,46319" machi="91" ten="30,3900,0" yaku="8,1,52,1,54,1" doraHai="80,38" who="2" fromWho="1" sc="289,0,230,-42,358,52,113,0" owari="289,8.9,188,-21.2,410,51.0,113,-38.7" /></mjloggm>