<mjloggm ver="2.3"><GO type="225" lobby="0"/><UN n0="%E5%8D%A0%E3%81%84%E5%B8%AB%E8%A3%8F%E3%81%AA%E3%81%84%E3%81%97" n1="%E9%80%86%E9%80%A3%E5%B8%AF%E3%81%AE%E9%AC%BC" n2="%E3%81%90%E3%81%A1%E3%82%84%E3%81%BE" n3="%E6%98%93%E5%88%A9%E8%96%A9%E4%BC%AF" dan="17,17,16,17" rate="2155.08,2120.41,2111.11,2190.71" sx="M,M,M,F"/><TAIKYOKU oya="0"/><INIT seed="0,0,0,4,5,1" ten="250,250,250,250" oya="0" hai0="39,90,35,88,49,100,112,126,58,120,73,61,63" hai1="111,4,115,130,131,38,31,84,67,7,62,18,83" hai2="95,133,96,64,69,52,71,110,70,127,46,102,32" hai3="87,17,101,10,28,92,97,5,50,45,105,98,134"/><T123/><D112/><U117/><E115/><V89/><F32/><W72/><G72/><T116/><D116/><U27/><E117/><V53/><F110/><W0/><G134/><T135/><D39/><U82/><E38/><V132/><F127/><W65/><G28/><T80/><D35/><U30/><E111/><V57/><F64/><W16/><G65/><T86/><D73/><U40/><E40/><V36/><F102/><W91/><REACH who="3" step="1"/><G98/><REACH who="3" ten="250,250,250,240" step="2"/><T77/><D135/><N who="2" m="51786" /><F57/><W29/><G29/><T13/><D58/><U20/><E31/><V23/><F23/><W14/><G14/><T12/><D13/><U6/><E30/><V48/><F36/><W107/><G107/><T33/><D12/><U103/><E103/><V128/><F128/><N who="1" m="49193" /><E84/><V22/><F22/><W19/><G19/><T37/><D100/><U75/><E75/><V94/><F94/><W129/><G129/><T119/><D37/><U11/><E11/><V34/><F34/><W51/><G51/><T26/><D49/><U8/><E8/><V21/><F21/><W43/><AGARI ba="0,1" hai="0,5,10,16,17,43,45,50,87,91,92,97,101,105" machi="43" ten="20,8000,1" yaku="1,1,0,1,7,1,52,1,54,1,53,0" doraHai="1" doraHaiUra="78" who="3" fromWho="3" sc="250,-40,250,-20,250,-20,240,90" /><INIT seed="1,0,0,3,1,5" ten="210,230,230,330" oya="1" hai0="104,17,105,131,111,9,61,94,55,38,37,10,78" hai1="43,69,56,95,67,60,42,75,50,115,77,20,54" hai2="44,76,79,122,82,74,32,88,109,70,25,24,132" hai3="23,133,100,118,93,108,96,119,81,91,46,90,92"/><U59/><E115/><V22/><F122/><W128/><G108/><T58/><D111/><U124/><E124/><V18/><F109/><W16/><G128/><T127/><D131/><U48/><E95/><V106/><F70/><W112/><G112/><T6/><D127/><U121/><E121/><V84/><F106/><W0/><G0/><T49/><D78/><U4/><E4/><V63/><F132/><W28/><G28/><T97/><D104/><U114/><E114/><V14/><F74/><W52/><G81/><T102/><D105/><U103/><E103/><V36/><F32/><W51/><G133/><T15/><REACH who="0" step="1"/><D61/><REACH who="0" ten="200,230,230,330" step="2"/><U53/><E77/><V8/><F63/><W107/><G107/><T65/><D65/><U2/><E75/><V83/><F76/><W99/><G100/><T72/><D72/><U29/><E2/><AGARI ba="0,1" hai="2,6,9,10,15,17,37,38,49,55,58,94,97,102" machi="2" ten="30,7700,0" yaku="1,1,7,1,52,2,53,0" doraHai="5" doraHaiUra="130" who="0" fromWho="1" sc="200,87,230,-77,230,0,330,0" /><INIT seed="2,0,0,3,1,127" ten="287,153,230,330" oya="2" hai0="36,60,95,26,6,40,0,70,118,75,39,56,76" hai1="88,23,128,98,10,101,38,113,59,9,20,50,92" hai2="68,105,122,15,90,62,16,24,81,2,93,52,91" hai3="106,8,79,129,94,51,100,19,31,120,13,131,107"/><V34/><F122/><W73/><G120/><T57/><D118/><U133/><E38/><V103/><F2/><W37/><G37/><T102/><D36/><U78/><E113/><V84/><F105/><W125/><G125/><T85/><D26/><U77/><E133/><V112/><F112/><W111/><G111/><T99/><D85/><U32/><E32/><V11/><F68/><W14/><G31/><T27/><D27/><U117/><E117/><V135/><F135/><W42/><G79/><T46/><D60/><U33/><E33/><V124/><F124/><W1/><G73/><T65/><D65/><U130/><E101/><V66/><F66/><W58/><G1/><T63/><D63/><U21/><E78/><V114/><F114/><W5/><G94/><T108/><D70/><U55/><REACH who="1" step="1"/><E77/><REACH who="1" ten="287,143,230,330" step="2"/><V96/><F34/><W71/><G100/><T104/><D76/><U121/><E121/><V7/><F103/><W64/><G106/><T35/><D35/><U4/><E4/><V109/><F109/><W87/><G5/><T28/><D104/><U86/><E86/><V110/><F110/><W67/><G87/><T69/><D6/><U18/><E18/><V22/><F7/><W25/><G19/><T3/><D108/><U74/><E74/><V115/><F115/><W17/><G17/><T116/><D75/><U30/><E30/><V97/><F16/><W12/><G107/><T134/><D134/><U54/><E54/><V47/><F52/><W53/><G53/><T41/><D116/><U132/><E132/><V49/><F84/><W89/><G71/><RYUUKYOKU ba="0,1" sc="287,-10,143,30,230,-10,330,-10" hai1="9,10,20,21,23,50,55,59,88,92,98,128,130" /><INIT seed="3,1,1,3,0,58" ten="277,173,220,320" oya="3" hai0="38,44,27,131,110,48,83,26,10,135,60,112,101" hai1="119,45,30,114,93,50,90,36,5,28,52,94,87" hai2="6,13,102,11,61,123,132,96,118,14,78,106,80" hai3="100,85,53,105,82,62,9,130,81,75,115,8,25"/><W63/><G115/><T89/><D110/><U29/><E114/><V35/><F118/><W24/><G105/><T133/><D112/><U84/><E119/><V47/><F35/><W125/><G100/><T37/><D101/><U57/><E5/><V4/><F132/><N who="0" m="50762" /><D131/><U66/><E36/><V56/><F47/><W129/><G85/><N who="0" m="50367" /><D10/><U124/><E124/><V64/><F123/><W32/><G32/><T121/><D121/><U3/><E3/><V68/><F68/><W111/><G75/><T126/><D126/><U98/><E94/><V23/><F23/><W72/><G72/><T79/><D79/><U120/><E120/><V21/><F21/><W113/><G125/><T109/><D109/><U19/><E19/><V71/><F71/><W108/><G113/><T2/><D2/><U7/><E7/><V107/><F107/><W134/><G134/><T12/><D12/><U18/><E18/><V49/><F49/><W86/><G86/><T16/><D26/><U41/><REACH who="1" step="1"/><E66/><REACH who="1" ten="277,163,220,320" step="2"/><V39/><F39/><W51/><G111/><T0/><D0/><U31/><N who="1" m="7168" /><DORA hai="99" /><U104/><E104/><V77/><F80/><W92/><G82/><T88/><D16/><U22/><E22/><V70/><F4/><W17/><G81/><T69/><D37/><U103/><E103/><V54/><F6/><W40/><G17/><T42/><D38/><U20/><E20/><V67/><F102/><W59/><G108/><T73/><D73/><U127/><E127/><V74/><F74/><W97/><G25/><T34/><D27/><U65/><E65/><V1/><F67/><RYUUKYOKU ba="1,2" sc="277,-10,163,30,220,-10,320,-10" hai1="41,45,50,52,57,84,87,90,93,98" owari="267,6.7,193,-30.7,210,-19.0,330,43.0" /></mjloggm>