<mjloggm ver="2.3"><GO type="225" lobby="0"/><UN n0="%E3%82%8C%E3%81%99%E3%81%93" n1="%E3%81%90%E3%81%A1%E3%82%84%E3%81%BE" n2="%E7%89%B9%E6%9D%B1%E3%81%AF%E4%B8%96%E7%95%8C%E3%82%92%E6%95%91%E3%81%86" n3="%E3%81%BF%E3%81%BF%E3%81%9A" dan="17,16,16,18" rate="2252.40,2133.41,2149.03,2266.78" sx="F,M,M,M"/><TAIKYOKU oya="0"/><INIT seed="0,0,0,4,5,78" ten="250,250,250,250" oya="0" hai0="134,17,53,98,33,100,28,79,80,94,40,88,108" hai1="81,87,77,23,116,58,111,129,26,32,35,36,66" hai2="102,46,86,115,45,92,52,38,89,7,11,106,126" hai3="125,4,85,123,107,51,91,75,73,83,119,117,34"/><T84/><D134/><U104/><E116/><N who="3" m="44618" /><G4/><T22/><D108/><U64/><E104/><V68/><F115/><W103/><G34/><T47/><D53/><U31/><E36/><V39/><F68/><W1/><G1/><T0/><D0/><U110/><E129/><V105/><F126/><W114/><G51/><T19/><D33/><N who="1" m="12875" /><E58/><V20/><F20/><W9/><G9/><T25/><REACH who="0" step="1"/><D79/><REACH who="0" ten="240,250,250,250" step="2"/><U130/><E130/><V121/><F52/><W132/><G132/><T133/><D133/><U29/><E29/><V128/><F128/><W6/><G125/><T43/><D43/><U90/><E77/><V55/><F55/><W112/><G123/><T13/><D13/><U49/><E31/><V97/><F121/><W12/><G12/><T42/><D42/><U50/><E111/><V24/><F24/><W93/><G114/><T72/><D72/><U41/><E110/><V122/><F122/><W14/><G112/><T27/><D27/><U69/><E41/><V57/><F46/><W96/><G14/><T60/><D60/><U109/><E109/><V8/><F45/><W74/><G6/><T44/><D44/><U82/><E26/><V124/><F124/><W54/><G54/><T70/><D70/><U10/><E69/><V118/><F7/><W21/><G21/><T113/><D113/><U61/><E23/><V3/><F118/><W95/><AGARI ba="0,1" hai="73,74,75,83,85,91,93,95,96,103,107" m="44618" machi="95" ten="40,5200,0" yaku="34,2,52,1" doraHai="78" who="3" fromWho="3" sc="240,-26,250,-13,250,-13,250,62" /><INIT seed="1,0,0,0,5,87" ten="214,237,237,312" oya="1" hai0="100,71,1,135,9,37,75,36,48,103,123,50,22" hai1="104,112,117,15,131,97,106,126,29,79,96,67,133" hai2="53,3,107,114,129,82,81,65,77,111,102,98,80" hai3="60,115,41,95,44,40,23,74,62,7,94,109,43"/><U120/><E29/><V134/><F3/><W69/><G74/><T116/><D116/><U28/><E28/><V26/><F65/><W19/><G115/><T90/><D71/><U39/><E15/><V130/><F26/><W118/><G109/><T128/><D75/><U51/><E51/><V31/><F31/><W89/><G118/><T14/><D1/><U25/><E25/><V11/><F11/><W86/><G69/><T110/><D110/><U56/><E56/><V64/><F64/><W24/><G7/><T12/><D22/><U47/><E67/><V119/><F119/><W55/><G95/><T21/><D21/><U49/><E39/><V8/><F111/><W2/><G2/><T85/><D135/><U122/><E112/><V113/><F8/><W58/><REACH who="3" step="1"/><G62/><REACH who="3" ten="214,237,237,302" step="2"/><T61/><D61/><U105/><E117/><V34/><F114/><W5/><G5/><T52/><D123/><U0/><E0/><V42/><F113/><W127/><G127/><T121/><D121/><U78/><E126/><V10/><F134/><W76/><G76/><N who="1" m="29226" /><E133/><V27/><F77/><W66/><G66/><T57/><D128/><U6/><E6/><V99/><F130/><W30/><G30/><T101/><D50/><AGARI ba="0,1" hai="19,23,24,40,41,43,44,50,55,58,60,86,89,94" machi="50" ten="30,7700,0" yaku="1,1,7,1,8,1,52,1,53,0" doraHai="87" doraHaiUra="63" who="3" fromWho="0" sc="214,-77,237,0,237,0,302,87" /><INIT seed="2,0,0,1,2,60" ten="137,237,237,389" oya="2" hai0="117,70,37,25,111,104,92,59,24,134,109,50,69" hai1="65,93,102,81,15,6,1,27,105,61,123,0,56" hai2="62,100,94,44,73,21,45,5,91,30,54,12,52" hai3="10,87,28,118,48,22,83,82,133,119,90,31,129"/><V42/><F73/><W99/><G129/><T96/><D104/><U97/><E123/><V20/><F100/><W36/><G36/><T64/><D37/><U57/><E81/><V34/><F34/><W112/><G133/><T67/><D134/><U11/><E105/><V106/><F106/><W79/><G112/><T63/><D117/><U13/><E13/><V85/><F30/><W43/><G10/><T2/><D2/><U95/><E95/><V74/><F74/><W35/><G35/><T107/><D107/><U80/><E80/><V55/><F62/><W86/><G99/><T33/><D33/><U131/><E131/><V88/><F91/><W76/><G90/><T71/><D50/><U49/><E57/><V125/><F125/><W128/><G128/><T116/><D116/><U41/><E41/><V89/><F89/><W18/><G118/><T7/><D7/><U84/><E27/><V38/><REACH who="2" step="1"/><F45/><REACH who="2" ten="137,237,227,389" step="2"/><N who="3" m="25663" /><G119/><T127/><D127/><U39/><E61/><V68/><F68/><W46/><G46/><T124/><D124/><U77/><E77/><V16/><F16/><W78/><G79/><T53/><D111/><U47/><E47/><V40/><F40/><W72/><G72/><T75/><D109/><U121/><E102/><V23/><F23/><W29/><G18/><T9/><D75/><U98/><E121/><V126/><F126/><W32/><G32/><T3/><D9/><AGARI ba="0,1" hai="5,9,12,20,21,38,42,44,52,54,55,85,88,94" machi="9" ten="40,12000,1" yaku="1,1,54,2,53,2" doraHai="60" doraHaiUra="17" who="2" fromWho="0" sc="137,-120,237,0,227,130,389,0" /><INIT seed="2,1,0,5,2,46" ten="17,237,357,389" oya="2" hai0="135,75,117,63,128,42,35,40,73,29,45,23,37" hai1="39,103,16,109,7,94,52,85,24,44,12,121,92" hai2="133,60,88,98,130,127,55,28,62,43,26,33,78" hai3="49,65,1,5,3,15,76,105,38,56,102,11,21"/><V131/><F133/><W87/><G38/><T59/><D23/><U104/><E104/><V80/><F43/><W86/><G105/><T47/><D29/><U129/><E39/><V79/><F127/><W125/><G102/><T6/><D35/><U50/><E109/><V48/><F62/><W99/><G99/><T4/><D135/><U89/><E129/><N who="2" m="49163" /><F60/><W32/><G32/><T112/><D37/><U18/><E121/><V116/><F116/><W132/><G132/><T124/><D63/><U10/><E24/><V90/><F98/><AGARI ba="1,0" hai="7,10,12,16,18,44,50,52,85,89,92,94,98,103" machi="98" ten="40,8000,1" yaku="8,1,52,1,54,2" doraHai="46" who="1" fromWho="2" sc="17,0,237,83,357,-83,389,0" /><INIT seed="3,0,0,0,2,19" ten="17,320,274,389" oya="3" hai0="79,63,44,39,89,27,131,0,124,118,7,3,104" hai1="93,61,4,20,84,72,17,123,26,119,122,60,135" hai2="5,15,78,70,126,18,108,105,67,50,49,42,59" hai3="1,133,16,86,47,73,115,57,40,69,101,13,23"/><W98/><G115/><T91/><D118/><U51/><E72/><V100/><F70/><W25/><G73/><T52/><D79/><U117/><E135/><V132/><F132/><W106/><G69/><T77/><D77/><U127/><E127/><V102/><F108/><W107/><G1/><T56/><D104/><U55/><E4/><V103/><F126/><W74/><G74/><T24/><D124/><U53/><E53/><V9/><F78/><W92/><G133/><T82/><D131/><U130/><E130/><V90/><F105/><W128/><G128/><T38/><D7/><U12/><E26/><V6/><F90/><W66/><G86/><T85/><D44/><U2/><E2/><V113/><F113/><W96/><G96/><T41/><D41/><U97/><E123/><V45/><REACH who="2" step="1"/><F50/><REACH who="2" ten="17,320,264,389" step="2"/><W21/><G106/><T87/><D63/><AGARI ba="0,1" hai="5,6,9,15,18,42,45,49,59,63,67,100,102,103" machi="63" ten="40,8000,1" yaku="1,1,2,1,8,1,53,1" doraHai="19" doraHaiUra="36" who="2" fromWho="0" sc="17,-80,320,0,264,90,389,0" owari="-63,-56.3,320,-8.0,354,15.4,389,48.9" /></mjloggm>