<mjloggm ver="2.3"><GO type="225" lobby="0"/><UN n0="%77%72%77%72%77%72%77%72" n1="%E3%81%BF%E3%81%BF%E3%81%9A" n2="%E7%99%BD%E5%80%89%E5%AF%9B%E4%B9%8B" n3="%70%68%65%6E%6F%6D%65" dan="17,17,16,16" rate="2161.90,2259.75,2117.93,2130.62" sx="M,M,M,M"/><TAIKYOKU oya="0"/><INIT seed="0,0,0,4,3,23" ten="250,250,250,250" oya="0" hai0="132,133,33,1,11,54,130,46,50,116,88,79,29" hai1="68,81,122,105,77,103,57,69,114,41,51,0,42" hai2="34,18,101,48,76,16,58,32,49,89,119,59,107" hai3="4,43,31,71,127,123,121,65,55,97,15,94,8"/><T35/><D116/><U74/><E122/><N who="3" m="46602" /><G127/><T98/><D79/><U108/><E0/><V66/><F119/><W56/><G43/><T109/><D130/><U9/><E9/><V84/><F76/><W96/><G31/><T61/><D109/><U110/><E114/><V91/><F84/><W38/><G38/><T106/><D61/><U118/><E118/><V92/><F92/><W93/><G65/><T70/><D70/><U128/><E128/><V67/><REACH who="2" step="1"/><F101/><REACH who="2" ten="250,250,240,250" step="2"/><W99/><G71/><T124/><D124/><U113/><E68/><V25/><F25/><W6/><G93/><N who="0" m="56615" /><D106/><AGARI ba="0,1" hai="16,18,32,34,48,49,58,59,66,67,89,91,106,107" machi="106" ten="25,6400,0" yaku="1,1,22,2,54,1,53,0" doraHai="23" doraHaiUra="75" who="2" fromWho="0" sc="250,-64,250,0,240,74,250,0" /><INIT seed="1,0,0,1,2,74" ten="186,250,314,250" oya="1" hai0="1,12,58,113,93,30,126,11,94,128,8,36,68" hai1="104,95,106,120,66,14,47,24,129,44,98,32,117" hai2="15,88,13,71,112,31,33,82,49,62,63,85,132" hai3="35,86,60,52,127,19,25,80,116,130,6,7,42"/><U90/><E117/><V73/><F132/><W53/><G116/><T103/><D113/><U81/><E120/><V72/><F112/><W121/><G121/><T3/><D68/><U59/><E129/><V40/><F73/><W50/><G127/><T79/><D128/><U38/><E14/><V83/><F31/><W111/><G111/><T57/><D126/><U91/><E32/><V108/><F33/><W87/><G130/><T133/><D133/><U100/><E24/><V84/><F72/><W26/><G86/><T77/><D12/><N who="2" m="4682" /><F71/><W2/><G2/><T92/><D103/><U28/><E28/><V124/><F108/><W46/><G35/><T99/><D99/><U67/><E59/><N who="0" m="22537" /><D30/><U43/><E44/><N who="2" m="25735" /><F124/><W114/><G114/><T76/><D36/><U45/><E47/><V18/><F18/><W70/><G70/><T22/><D22/><U131/><E131/><V109/><F109/><W37/><G37/><T97/><D97/><U107/><REACH who="1" step="1"/><E81/><REACH who="1" ten="186,240,314,250" step="2"/><V78/><AGARI ba="0,1" hai="62,63,78,82,83,84,85,88" m="25735,4682" machi="78" ten="30,4000,0" yaku="8,1,52,1,54,1" doraHai="74" who="2" fromWho="2" sc="186,-10,240,-20,314,50,250,-10" /><INIT seed="2,0,0,1,0,9" ten="176,220,364,240" oya="2" hai0="116,71,105,102,24,64,62,77,69,95,29,81,72" hai1="49,100,97,22,16,4,44,14,130,120,110,88,37" hai2="66,2,33,21,111,109,17,5,32,56,90,96,107" hai3="31,25,36,127,0,12,91,78,20,63,28,114,80"/><V93/><F107/><W1/><G127/><T82/><D95/><U3/><E110/><N who="2" m="41995" /><F5/><W118/><G118/><T84/><D116/><U119/><E119/><V98/><F2/><W101/><G114/><T19/><D19/><U45/><E130/><V76/><F76/><W135/><G135/><T115/><D115/><U108/><E108/><V86/><F66/><W18/><G36/><T85/><D81/><U128/><E128/><V8/><F8/><W89/><G101/><T113/><D113/><U35/><E35/><N who="2" m="13387" /><F56/><W79/><G0/><T61/><D61/><U132/><E132/><V129/><F129/><W131/><G1/><T6/><D6/><U13/><E3/><V70/><F70/><W40/><G131/><T122/><D122/><U65/><E120/><V53/><F53/><W46/><G79/><T121/><D121/><U124/><E124/><V67/><F67/><W74/><G63/><T39/><D69/><U11/><E65/><V26/><AGARI ba="0,0" hai="17,21,26,86,90,93,96,98" m="13387,41995" machi="26" ten="30,3000,0" yaku="14,1,10,1" doraHai="9" who="2" fromWho="2" sc="176,-10,220,-10,364,30,240,-10" /><INIT seed="2,1,0,4,0,64" ten="166,210,394,230" oya="2" hai0="129,62,32,46,87,104,132,36,80,74,65,111,16" hai1="135,4,82,21,9,44,45,31,5,113,119,100,67" hai2="83,79,92,28,25,117,13,91,116,56,122,72,76" hai3="47,89,93,130,42,98,108,123,103,131,107,54,24"/><V105/><F105/><W41/><G123/><T0/><D104/><U38/><E119/><V95/><F122/><W106/><G108/><T90/><D111/><U63/><E113/><V97/><F79/><W6/><G6/><T109/><D109/><U121/><E135/><V30/><F30/><W84/><G107/><T114/><D114/><U77/><E100/><V48/><F13/><W70/><G70/><T71/><D132/><U52/><E121/><V96/><F48/><N who="3" m="28959" /><G24/><T94/><D129/><AGARI ba="1,0" hai="41,42,84,89,93,98,103,106,129,130,131" m="28959" machi="129" ten="30,1000,0" yaku="19,1" doraHai="64" who="3" fromWho="0" sc="166,-13,210,0,394,0,230,13" /><INIT seed="3,0,0,3,3,119" ten="153,210,394,243" oya="3" hai0="54,43,10,42,6,84,117,79,112,7,3,22,49" hai1="0,59,58,23,26,1,67,51,55,118,128,18,53" hai2="20,85,129,33,110,40,16,21,124,114,45,101,28" hai3="66,105,98,13,73,29,30,75,93,127,46,126,47"/><W134/><G105/><T87/><D117/><U52/><E118/><V86/><F33/><W122/><G66/><T12/><D112/><U35/><E128/><V115/><F129/><W80/><G13/><T121/><D7/><U95/><E35/><V125/><F101/><W83/><G93/><T106/><D106/><U38/><E38/><V63/><F63/><W120/><G98/><T17/><D87/><N who="2" m="33290" /><F28/><W32/><G32/><T34/><D34/><U61/><E53/><V94/><F94/><W96/><G96/><T5/><D5/><U111/><E111/><V123/><F123/><W44/><G44/><T4/><D4/><U11/><E11/><V76/><F76/><W103/><G103/><T24/><D3/><U50/><REACH who="1" step="1"/><E95/><REACH who="1" ten="153,200,394,243" step="2"/><V90/><F110/><W102/><G102/><T107/><D107/><U81/><E81/><V72/><F114/><W91/><G91/><T70/><D70/><AGARI ba="0,1" hai="0,1,18,23,26,50,51,52,55,58,59,61,67,70" machi="70" ten="30,7700,0" yaku="1,1,7,1,9,1,54,1,53,0" doraHai="119" doraHaiUra="133" who="1" fromWho="0" sc="153,-77,200,87,394,0,243,0" owari="76,-42.4,287,8.7,394,49.4,243,-15.7" /></mjloggm>