<mjloggm ver="2.3"><GO type="225" lobby="0"/><UN n0="%E3%81%95%E3%81%8D%E3%81%9F%E3%81%BE%E6%9E%97%E6%AA%8E" n1="%E5%8F%AF%E5%85%90%E9%82%A3%E7%94%B1%E5%A4%9A" n2="%72%65%6E%6B%75%6E" n3="%E4%BF%BA%E3%81%A8%E5%A6%96%E5%A4%A2" dan="16,16,17,16" rate="2140.73,2087.72,2190.07,2200.26" sx="M,F,M,F"/><TAIKYOKU oya="0"/><INIT seed="0,0,0,4,2,60" ten="250,250,250,250" oya="0" hai0="109,113,40,126,122,19,74,92,118,28,71,56,29" hai1="75,101,129,87,64,124,1,36,42,30,31,66,45" hai2="125,20,38,127,25,16,77,33,68,0,43,57,5" hai3="34,110,130,114,106,121,11,26,13,69,3,6,17"/><T70/><D113/><U128/><E75/><V47/><F68/><W21/><G114/><T23/><D118/><U73/><E73/><V4/><F77/><W37/><G37/><T134/><D122/><U86/><E1/><V2/><F33/><W108/><G106/><T103/><D74/><U85/><E101/><V39/><F39/><W62/><G121/><T44/><D126/><N who="2" m="48138" /><F57/><W133/><G133/><T51/><D134/><U8/><E124/><V98/><F98/><W100/><G100/><T102/><D109/><N who="3" m="42089" /><G62/><T67/><D71/><U79/><E79/><V96/><F96/><W10/><G69/><T50/><D70/><U107/><E107/><V111/><F111/><W76/><G76/><T88/><D51/><U80/><E80/><V115/><F115/><W89/><G89/><T93/><D93/><U53/><E8/><V83/><F83/><W55/><G55/><T116/><D116/><U135/><E135/><V78/><F78/><W105/><G105/><T49/><D49/><U52/><E53/><V61/><F61/><W81/><G81/><T97/><D103/><U82/><E52/><V84/><F84/><W35/><G130/><N who="1" m="50282" /><E82/><V132/><F132/><W63/><G63/><N who="0" m="38375" /><D102/><U65/><AGARI ba="0,0" hai="30,31,36,42,45,64,65,66,85,86,87" m="50282" machi="65" ten="40,8000,1" yaku="19,1,52,3" doraHai="60" who="1" fromWho="1" sc="250,-40,250,80,250,-20,250,-20" /><INIT seed="1,0,0,4,3,99" ten="210,330,230,230" oya="1" hai0="0,117,100,6,130,128,81,126,58,132,107,92,20" hai1="45,49,70,71,73,50,83,54,106,4,96,39,28" hai2="80,77,59,1,90,53,113,65,36,32,134,108,86" hai3="88,104,12,5,105,41,95,68,78,69,62,98,93"/><U13/><E39/><V40/><F32/><W110/><G110/><T48/><D117/><U79/><E28/><V21/><F113/><W64/><G69/><T116/><D116/><U44/><E4/><V120/><F120/><W52/><G41/><T8/><D107/><U102/><REACH who="1" step="1"/><E13/><REACH who="1" ten="210,320,230,230" step="2"/><V29/><F29/><W33/><G5/><T57/><D6/><U10/><E10/><V103/><F36/><W51/><G12/><T121/><D8/><U94/><E94/><V87/><F1/><W123/><G123/><T114/><D92/><U85/><E85/><V119/><F86/><W129/><G93/><T18/><D0/><U115/><E115/><V11/><F87/><W30/><G129/><T16/><D114/><U27/><E27/><V74/><F119/><W133/><G133/><T101/><D121/><U97/><E97/><V24/><F134/><W35/><G35/><T72/><D132/><U127/><E127/><V47/><F24/><W76/><G30/><T131/><D126/><U118/><E118/><V66/><F11/><W61/><G33/><T89/><D18/><U22/><E22/><V91/><F21/><W23/><G23/><T34/><D34/><U60/><E60/><V9/><F9/><W3/><G62/><T31/><D31/><U14/><E14/><V37/><F108/><W112/><G112/><T42/><D20/><U63/><E63/><V56/><F37/><W38/><G38/><T125/><D16/><U84/><E84/><V75/><F75/><W7/><G7/><T111/><D72/><U135/><E135/><V19/><F74/><RYUUKYOKU ba="0,1" sc="210,-10,320,30,230,-10,230,-10" hai1="44,45,49,50,54,70,71,73,79,83,96,102,106" /><INIT seed="1,1,1,4,4,14" ten="200,350,220,220" oya="1" hai0="22,26,7,9,35,82,27,0,90,62,32,91,39" hai1="64,20,74,42,70,71,130,109,115,33,79,72,28" hai2="103,54,89,112,73,117,126,29,86,76,75,101,80" hai3="124,53,34,98,65,36,96,94,77,57,43,81,61"/><U128/><E115/><V4/><F4/><W60/><G34/><N who="0" m="12843" /><D39/><U48/><E33/><V107/><F29/><W135/><G135/><T45/><D62/><N who="1" m="40215" /><E71/><V24/><F24/><N who="0" m="9258" /><D45/><N who="1" m="25655" /><E79/><V12/><F12/><W51/><G124/><T104/><D104/><U46/><E109/><V108/><F54/><W133/><G133/><T37/><D37/><U11/><E28/><V83/><F117/><W118/><G118/><T111/><D111/><U97/><E20/><V1/><F1/><W129/><G129/><N who="1" m="49770" /><E97/><N who="2" m="61871" /><F108/><W8/><G96/><T131/><D131/><U106/><E106/><V19/><F112/><W85/><G65/><T10/><D22/><U5/><E46/><V38/><F38/><W55/><G8/><T100/><D10/><U78/><E78/><N who="2" m="44127" /><F103/><W119/><G119/><T68/><D100/><U102/><E102/><V84/><F126/><W105/><G105/><T50/><D68/><U99/><E99/><V23/><F84/><W2/><G85/><N who="0" m="50487" /><D9/><U63/><E63/><V6/><F73/><W15/><G2/><AGARI ba="1,1" hai="2,5,11,72,74" m="49770,25655,40215" machi="2" ten="30,1500,0" yaku="19,1" doraHai="14" who="1" fromWho="3" sc="200,0,350,28,220,0,220,-18" /><INIT seed="1,2,0,0,1,67" ten="200,378,220,202" oya="1" hai0="25,42,77,85,22,125,89,63,15,44,54,93,6" hai1="3,83,46,75,86,56,126,2,71,13,106,19,39" hai2="20,26,72,133,113,48,118,31,62,122,101,99,130" hai3="64,5,18,45,78,123,90,79,107,114,0,81,8"/><U103/><E75/><V96/><F118/><W129/><G123/><T109/><D125/><U97/><E126/><V84/><F122/><W82/><G114/><T27/><D109/><U131/><E131/><V73/><F130/><W132/><G107/><T116/><D116/><U34/><E34/><V61/><F133/><W98/><G129/><T55/><D77/><U121/><E121/><V4/><F113/><W40/><G132/><T57/><D55/><U70/><E56/><V102/><F4/><W92/><G64/><T38/><REACH who="0" step="1"/><D6/><REACH who="0" ten="190,378,220,202" step="2"/><U51/><E39/><V105/><F73/><W11/><G79/><T68/><D68/><U53/><E71/><V94/><F72/><W50/><REACH who="3" step="1"/><G78/><REACH who="3" ten="190,378,220,192" step="2"/><T95/><D95/><U29/><E106/><V28/><F105/><W91/><G91/><T88/><D88/><U112/><E112/><V100/><F100/><W37/><G37/><T9/><D9/><U43/><E103/><V10/><F101/><W32/><G32/><T30/><D30/><U74/><E29/><V120/><F120/><W33/><G33/><T14/><D14/><AGARI ba="2,2" hai="0,5,8,11,14,18,40,45,50,81,82,90,92,98" machi="14" ten="40,5200,0" yaku="1,1,53,2" doraHai="67" doraHaiUra="7" who="3" fromWho="0" sc="190,-58,378,0,220,0,192,78" /><INIT seed="2,0,0,4,4,73" ten="132,378,220,270" oya="2" hai0="61,117,97,2,58,13,70,123,32,78,3,92,95" hai1="27,38,109,72,128,114,110,36,93,17,51,57,63" hai2="112,124,83,33,0,132,19,127,105,119,94,44,18" hai3="85,100,48,69,81,122,65,126,15,79,7,23,75"/><V106/><F33/><W64/><G122/><T10/><D123/><U125/><E114/><V49/><F0/><W20/><G126/><N who="2" m="48169" /><F112/><W53/><G100/><T14/><D70/><U59/><E125/><V25/><F119/><W54/><G75/><T39/><D39/><U40/><E72/><V30/><F132/><W22/><G69/><T98/><D32/><U77/><E77/><V42/><F83/><W102/><G102/><T74/><D117/><U24/><E128/><V35/><F94/><W68/><G68/><T41/><D74/><U87/><E93/><V115/><F115/><W90/><G90/><T130/><D130/><U71/><E71/><V11/><F11/><N who="3" m="4607" /><G53/><T5/><D10/><U101/><E101/><V6/><F6/><W131/><G131/><T4/><D41/><U1/><E1/><V80/><F80/><W89/><G89/><T16/><D58/><AGARI ba="0,0" hai="20,22,23,48,54,58,64,65,79,81,85" m="4607" machi="58" ten="30,2000,0" yaku="8,1,52,1" doraHai="73" who="3" fromWho="0" sc="132,-20,378,0,220,0,270,20" /><INIT seed="3,0,0,1,2,17" ten="112,378,220,290" oya="3" hai0="81,109,118,8,31,112,24,29,122,61,28,23,90" hai1="106,87,135,46,36,60,55,54,113,108,40,126,100" hai2="22,134,129,86,103,133,6,77,130,114,72,10,105" hai3="99,75,7,27,47,41,26,69,43,128,32,44,35"/><W53/><G75/><T13/><D81/><U127/><E113/><V38/><F38/><W21/><G69/><T16/><D90/><U84/><E108/><V30/><F72/><W124/><G124/><N who="1" m="47658" /><E135/><N who="2" m="51723" /><F103/><W18/><G128/><N who="2" m="49257" /><F105/><W59/><G7/><T116/><D61/><U123/><E123/><V14/><F77/><W52/><G99/><T0/><D122/><U58/><E54/><V120/><F86/><W64/><G64/><T5/><D109/><U91/><E91/><V49/><F49/><W39/><G27/><T98/><D98/><AGARI ba="0,0" hai="36,40,46,55,58,60,84,87,98,100,106" m="47658" machi="98" ten="30,1000,0" yaku="18,1" doraHai="17" who="1" fromWho="0" sc="112,-10,378,10,220,0,290,0" owari="102,-39.8,388,48.8,220,-18.0,290,9.0" /></mjloggm>