<mjloggm ver="2.3"><GO type="225" lobby="0"/><UN n0="%E5%A4%8F%E9%88%B4%E9%88%B4%E5%A4%8F" n1="%E3%83%96%E3%83%83%E3%83%91%E3%82%AA%E3%83%96%E3%83%81%E3%82%AD%E3%83%B3" n2="%E3%83%B4%E3%83%A0%EF%BC%99%E3%81%A6" n3="%E6%A1%9C%E6%B2%A2%E5%A2%A8" dan="16,16,16,17" rate="2122.82,2124.69,2149.98,2201.20" sx="F,M,M,F"/><TAIKYOKU oya="0"/><INIT seed="0,0,0,4,0,117" ten="250,250,250,250" oya="0" hai0="85,72,7,102,13,39,26,19,9,30,97,25,11" hai1="106,109,81,111,88,116,10,82,3,70,74,50,44" hai2="79,16,99,38,104,45,2,129,36,24,73,21,128" hai3="8,98,89,1,57,63,43,96,0,135,100,125,62"/><T115/><D72/><U101/><E116/><V23/><F2/><W55/><G135/><T66/><D39/><U28/><E70/><V113/><F113/><W126/><G43/><T49/><D115/><U15/><E28/><V60/><F60/><W133/><G133/><T123/><D123/><U83/><E3/><V40/><F38/><W120/><G63/><T34/><D66/><U118/><E118/><V78/><F73/><W48/><G8/><T77/><D49/><U134/><E101/><N who="2" m="62527" /><F23/><W110/><G110/><N who="1" m="41994" /><E106/><V41/><F41/><W124/><G120/><T91/><D77/><N who="1" m="44215" /><E88/><V17/><F17/><W52/><G89/><T92/><D30/><U20/><E20/><V47/><F47/><N who="3" m="27679" /><G98/><T29/><D29/><U108/><N who="1" m="42002" /><U51/><DORA hai="119" /><E134/><V27/><F27/><W105/><AGARI ba="0,0" hai="0,1,55,57,62,96,100,105,124,125,126" m="27679" machi="105" ten="30,2000,0" yaku="18,1,54,1" doraHai="117,119" who="3" fromWho="3" sc="250,-10,250,-5,250,-5,250,20" /><INIT seed="1,0,0,1,2,85" ten="240,245,245,270" oya="1" hai0="126,47,127,25,87,69,51,6,43,14,118,1,20" hai1="28,79,15,101,37,59,30,3,95,122,2,33,99" hai2="0,35,84,64,24,66,78,71,82,111,112,36,50" hai3="104,121,13,135,10,93,44,22,54,113,62,27,60"/><U17/><E122/><V81/><F36/><W42/><G104/><T52/><D118/><U38/><E79/><V108/><F0/><W74/><G74/><T98/><D69/><U21/><E38/><V58/><F71/><W39/><G121/><T83/><D98/><U41/><E37/><V134/><F134/><W45/><G113/><T80/><D1/><U92/><E41/><V109/><F112/><W115/><G115/><T63/><D14/><U65/><E95/><V86/><F50/><W110/><G110/><T133/><D6/><U120/><E120/><V88/><F58/><W67/><G135/><T103/><D103/><U125/><E125/><N who="0" m="47625" /><D133/><U40/><E40/><V100/><F100/><W32/><G32/><T12/><D12/><U23/><E33/><V106/><F106/><W119/><G119/><T76/><D83/><U46/><E3/><V49/><F49/><W90/><G67/><T19/><D63/><U16/><E2/><V114/><F114/><W77/><G77/><T26/><D26/><U55/><E65/><V117/><F117/><W89/><G93/><T9/><D9/><U96/><E96/><V70/><F70/><W56/><G62/><T132/><D132/><U53/><E101/><V7/><F7/><W57/><G13/><T116/><D116/><U18/><E99/><V102/><F102/><W91/><G10/><T128/><D128/><U105/><E15/><V68/><F68/><W130/><G130/><T48/><D48/><N who="1" m="28823" /><E105/><V97/><F97/><W5/><G60/><T72/><D43/><U4/><E92/><V34/><F34/><RYUUKYOKU ba="0,0" sc="240,15,245,-15,245,15,270,-15" hai0="19,20,25,47,51,52,72,76,80,87" hai2="24,35,64,66,78,81,82,84,86,88,108,109,111" /><INIT seed="2,1,0,3,5,91" ten="255,230,260,255" oya="2" hai0="99,79,29,106,130,87,121,123,109,100,53,90,52" hai1="84,26,111,19,80,6,28,112,134,10,4,68,20" hai2="21,82,104,2,77,95,38,114,58,89,98,5,49" hai3="51,107,61,24,16,11,127,25,129,73,35,48,75"/><V94/><F38/><W18/><G107/><T118/><D109/><U86/><E112/><V36/><F36/><W23/><G127/><T39/><D39/><U97/><E68/><V85/><F114/><W7/><G129/><T31/><D79/><U13/><E111/><V120/><F120/><W122/><G122/><T40/><D40/><U22/><E134/><V12/><F2/><W132/><G132/><T135/><D135/><U128/><E128/><V66/><F104/><W32/><G61/><T81/><D130/><U42/><E42/><V50/><F66/><W103/><G103/><T101/><D118/><U119/><E119/><V117/><F117/><W63/><G63/><T110/><D110/><U37/><E37/><V0/><F0/><W15/><G7/><T69/><D69/><U54/><E10/><N who="2" m="4175" /><F58/><W76/><G76/><N who="0" m="46503" /><D106/><U124/><E124/><V57/><F57/><W131/><G131/><T43/><D123/><U59/><E97/><N who="2" m="57551" /><F21/><W102/><G102/><AGARI ba="1,0" hai="49,50,77,82,85,95,98,102" m="57551,4175" machi="102" ten="30,5800,0" yaku="8,1,52,2" doraHai="91" who="2" fromWho="3" sc="255,0,230,0,260,61,255,-61" /><INIT seed="2,2,0,3,3,81" ten="255,230,321,194" oya="2" hai0="105,103,2,27,37,127,15,10,132,53,78,77,25" hai1="86,9,121,17,115,93,51,22,49,23,129,109,91" hai2="124,89,18,69,116,58,113,34,117,135,39,84,111" hai3="55,73,99,104,44,26,110,114,66,97,45,106,52"/><V16/><F69/><W118/><G118/><T20/><D2/><U28/><E115/><V130/><F113/><W120/><G114/><T90/><D37/><U7/><E109/><V133/><F39/><W88/><G120/><T71/><D71/><U123/><E129/><V92/><F130/><W33/><G73/><T76/><D132/><N who="2" m="50762" /><F111/><W30/><G110/><T125/><D53/><U131/><E131/><V67/><F34/><W80/><G66/><T1/><D1/><U61/><E28/><V36/><F36/><W46/><G99/><T59/><D59/><U82/><E23/><V8/><F124/><W65/><G65/><T4/><D90/><U75/><E61/><N who="2" m="38327" /><F8/><W128/><G128/><T54/><D20/><U68/><E68/><V70/><F70/><W107/><REACH who="3" step="1"/><G97/><REACH who="3" ten="255,230,321,184" step="2"/><T79/><D127/><U112/><E112/><V87/><F116/><W72/><G72/><T126/><D125/><U100/><E75/><V119/><F119/><W29/><G29/><T3/><D126/><U57/><E123/><V74/><F74/><W32/><G32/><T50/><N who="0" m="19456" /><DORA hai="94" /><T122/><D122/><U13/><E121/><V108/><F108/><W5/><G5/><T21/><D4/><U62/><E7/><V64/><F64/><W11/><G11/><T60/><D10/><U56/><E9/><V134/><F134/><W6/><G6/><T12/><D3/><U24/><E17/><N who="2" m="6763" /><F117/><W42/><G42/><T95/><D21/><U41/><E22/><V35/><F35/><W101/><G101/><T96/><D103/><U31/><E100/><V83/><F92/><RYUUKYOKU ba="2,1" sc="255,-15,230,-15,321,15,184,15" hai2="83,84,87,89" hai3="26,30,33,44,45,46,52,55,80,88,104,106,107" /><INIT seed="2,3,1,4,0,106" ten="240,215,336,199" oya="2" hai0="60,27,26,43,90,96,71,33,77,109,124,17,112" hai1="32,51,67,35,20,52,86,81,22,117,38,87,41" hai2="76,134,61,73,65,10,19,88,101,29,57,133,49" hai3="28,103,108,82,69,72,56,64,45,75,25,119,59"/><V125/><F125/><W12/><G119/><T99/><D112/><U68/><E117/><V9/><F101/><W54/><G108/><T118/><D118/><U105/><E105/><V1/><F29/><W98/><G45/><T14/><D109/><U123/><E123/><V131/><F131/><W2/><G2/><T34/><D43/><U21/><E35/><V135/><F1/><W122/><G122/><T93/><D77/><U74/><E32/><V115/><F115/><W97/><G12/><T121/><D121/><U18/><E38/><V83/><F19/><W70/><G82/><T58/><D71/><U78/><E41/><V46/><REACH who="2" step="1"/><F88/><REACH who="2" ten="240,215,326,199" step="2"/><W62/><G98/><T79/><D99/><U39/><E18/><V114/><F114/><W132/><G132/><T100/><D90/><U128/><E128/><V95/><F95/><W48/><G70/><T127/><D93/><U111/><E111/><V23/><F23/><N who="3" m="15423" /><G69/><T11/><D96/><U53/><E21/><V6/><F6/><W50/><G50/><T55/><D127/><U44/><E20/><V3/><F3/><W104/><G104/><T80/><D124/><U0/><E22/><V13/><F13/><W120/><G120/><T94/><D94/><U42/><E0/><V24/><F24/><N who="0" m="9258" /><D100/><U113/><E113/><V85/><F85/><W107/><G107/><T92/><D92/><U129/><E129/><V36/><F36/><W31/><G31/><T102/><D102/><U8/><E39/><V16/><F16/><W130/><G130/><T110/><D110/><U30/><E30/><V63/><F63/><RYUUKYOKU ba="3,2" sc="240,10,215,-30,326,10,199,10" hai0="11,14,17,33,34,55,58,60,79,80" hai2="9,10,46,49,57,61,65,73,76,83,133,134,135" hai3="48,54,56,59,62,64,72,75,97,103" /><INIT seed="2,4,2,2,5,94" ten="250,185,336,209" oya="2" hai0="59,64,95,116,96,120,133,50,103,27,47,30,28" hai1="113,81,80,73,62,127,125,21,130,87,99,126,63" hai2="10,101,128,135,77,86,8,90,22,55,46,13,19" hai3="57,4,104,107,112,83,56,69,37,109,9,52,119"/><V102/><F128/><W123/><G119/><T14/><D120/><U44/><E113/><V41/><F135/><W45/><G123/><T12/><D116/><U40/><E130/><V82/><F55/><W51/><G69/><T5/><D133/><U29/><E73/><V72/><F8/><W58/><G112/><T78/><D78/><N who="1" m="46487" /><E81/><V26/><F72/><W6/><G109/><T110/><D110/><U100/><E21/><V20/><F90/><W97/><G37/><T7/><D7/><U43/><E29/><N who="0" m="11369" /><D27/><U53/><E53/><V88/><F77/><W71/><G71/><T117/><D5/><U48/><E40/><V85/><F85/><W15/><G83/><T1/><D1/><U91/><E91/><V16/><F22/><W65/><G4/><T92/><D92/><AGARI ba="4,2" hai="43,44,48,62,63,92,99,100,125,126,127" m="46487" machi="92" ten="30,2000,0" yaku="18,1,52,1" doraHai="94" who="1" fromWho="0" sc="250,-32,185,52,336,0,209,0" /><INIT seed="3,0,0,1,4,95" ten="218,237,336,209" oya="3" hai0="19,102,2,78,93,65,11,29,92,8,10,62,91" hai1="98,116,31,60,57,117,55,129,12,75,71,32,21" hai2="108,47,67,38,135,50,6,26,86,41,69,119,81" hai3="109,87,9,132,124,100,3,30,22,70,88,17,134"/><W24/><G70/><T53/><D29/><U72/><E129/><V4/><F119/><N who="1" m="45641" /><E71/><V73/><F73/><N who="1" m="28233" /><E98/><V59/><F108/><W106/><G124/><T79/><D102/><U48/><E32/><V54/><F26/><W34/><G109/><T16/><D11/><U96/><E96/><V111/><F135/><N who="3" m="51755" /><G100/><T101/><D10/><U7/><E7/><V122/><F122/><W107/><G3/><T61/><D8/><U20/><E31/><V43/><F111/><W52/><G9/><T127/><D101/><U13/><E60/><N who="2" m="40167" /><F41/><W27/><G52/><T131/><D53/><U51/><E51/><V85/><F85/><W123/><G123/><T121/><D2/><U33/><E33/><V130/><F130/><W105/><G105/><T63/><D61/><U83/><E83/><AGARI ba="0,0" hai="17,22,24,27,30,34,83,87,88,106,107" m="51755" machi="83" ten="30,2900,0" yaku="20,1,54,1" doraHai="95" who="3" fromWho="1" sc="218,0,237,-29,336,0,209,29" /><INIT seed="3,1,0,0,4,101" ten="218,208,336,238" oya="3" hai0="18,87,31,74,40,27,90,36,12,120,78,135,29" hai1="112,125,19,7,119,93,21,35,115,4,133,83,34" hai2="126,80,132,111,134,95,97,68,26,43,62,8,77" hai3="22,46,48,38,85,42,16,94,79,0,44,100,17"/><W88/><G0/><T61/><D120/><U71/><E71/><V113/><F113/><N who="1" m="43593" /><E93/><V127/><F111/><W73/><G100/><T91/><D78/><U98/><E98/><V81/><F43/><W106/><G106/><T86/><D91/><U5/><E83/><V129/><F129/><W72/><G79/><T60/><D90/><U24/><E125/><N who="2" m="47627" /><F8/><W59/><G17/><T99/><D87/><U105/><E105/><V75/><F80/><W54/><G46/><T10/><D86/><U121/><E121/><V11/><F11/><W52/><G54/><T14/><D99/><U114/><N who="1" m="43601" /><U92/><DORA hai="49" /><E92/><V122/><F26/><AGARI ba="1,0" hai="16,22,26,38,42,44,48,52,59,72,73,85,88,94" machi="26" ten="30,12000,1" yaku="7,1,52,1,54,3" doraHai="101,49" who="3" fromWho="2" sc="218,0,208,0,336,-123,238,123" owari="218,1.8,208,-29.2,213,-18.7,361,46.1" /></mjloggm>