<mjloggm ver="2.3"><GO type="225" lobby="0"/><UN n0="%E3%83%96%E3%83%83%E3%83%91%E3%82%AA%E3%83%96%E3%83%81%E3%82%AD%E3%83%B3" n1="%E7%B4%94%E6%BD%94%E3%83%94%E3%83%A9%E3%83%8B%E3%82%A2" n2="%E5%91%A8%E6%9D%B1" n3="%E3%82%B3%E3%83%90%E3%83%AC%E3%82%A4" dan="16,17,16,16" rate="2164.07,2242.77,2188.64,2153.28" sx="M,M,M,M"/><TAIKYOKU oya="0"/><INIT seed="0,0,0,1,1,115" ten="250,250,250,250" oya="0" hai0="106,122,131,129,119,87,44,50,110,35,62,111,65" hai1="53,40,46,80,2,95,75,54,100,67,0,101,112" hai2="61,7,69,27,97,34,24,20,4,10,90,93,74" hai3="73,5,1,79,126,22,63,125,94,132,56,133,12"/><T127/><D35/><U134/><E67/><V55/><F74/><W42/><G79/><T128/><D106/><U89/><E112/><V60/><F69/><W14/><G73/><T130/><N who="0" m="32768" /><DORA hai="32" /><T84/><D122/><U37/><E134/><N who="3" m="51818" /><G42/><N who="0" m="24855" /><D127/><N who="3" m="48649" /><G94/><T108/><D119/><U47/><E80/><V8/><F34/><W59/><G22/><T36/><D36/><U43/><E75/><V11/><F55/><N who="3" m="34207" /><G59/><AGARI ba="0,0" hai="59,62,65,84,87,108,110,111" m="24855,32768" machi="59" ten="60,11600,0" yaku="14,1,10,1,19,1" doraHai="115,32" who="0" fromWho="3" sc="250,116,250,0,250,0,250,-116" /><INIT seed="0,1,0,0,0,41" ten="366,250,250,134" oya="0" hai0="123,12,36,72,135,73,105,114,9,96,63,131,32" hai1="101,44,87,35,5,76,125,39,27,20,126,53,3" hai2="122,89,19,82,130,117,30,10,7,74,119,71,8" hai3="107,97,91,22,95,104,25,1,94,106,62,31,14"/><T84/><D114/><U6/><E35/><V47/><F71/><W69/><G1/><T99/><D123/><U92/><E3/><V79/><F122/><W42/><G42/><T2/><D32/><U110/><E110/><V115/><F115/><W55/><G14/><T28/><D28/><U111/><E111/><V48/><F130/><W65/><G55/><T81/><D36/><U124/><E76/><V118/><F30/><W15/><G15/><T109/><D2/><U49/><E39/><V128/><F128/><W60/><G62/><T38/><D38/><U90/><REACH who="1" step="1"/><E101/><REACH who="1" ten="366,240,250,134" step="2"/><V34/><F34/><W129/><G129/><T88/><D131/><U24/><E24/><V54/><F7/><W67/><G65/><T64/><D109/><U33/><E33/><V127/><F127/><W103/><REACH who="3" step="1"/><G95/><REACH who="3" ten="366,240,250,124" step="2"/><T120/><D64/><U132/><E132/><V133/><F133/><W43/><G43/><T29/><D135/><U116/><E116/><V23/><REACH who="2" step="1"/><F89/><AGARI ba="1,2" hai="22,25,31,60,67,69,89,91,94,97,103,104,106,107" machi="89" ten="40,1300,0" yaku="1,1,53,0" doraHai="41" doraHaiUra="11" who="3" fromWho="2" sc="366,0,240,0,250,-16,124,36" /><INIT seed="1,0,0,5,2,116" ten="366,240,234,160" oya="1" hai0="103,5,65,23,18,3,33,36,119,9,132,47,110" hai1="25,43,10,2,28,61,31,45,0,97,15,133,128" hai2="115,30,90,113,86,111,1,99,57,19,4,38,53" hai3="109,70,71,76,114,121,52,131,12,127,26,81,129"/><U95/><E128/><V13/><F38/><W83/><G26/><T120/><D119/><U7/><E133/><V123/><F123/><W55/><G12/><T59/><D132/><U106/><E106/><V91/><F111/><W24/><G24/><T118/><D118/><U40/><E61/><V62/><F30/><W34/><G76/><T73/><D110/><U89/><E31/><V78/><F4/><W126/><G109/><T8/><D73/><U68/><E68/><V105/><F1/><W72/><G72/><T60/><D33/><U63/><E63/><V37/><F37/><W17/><G17/><T102/><D9/><U101/><E89/><V100/><F78/><W21/><G21/><T66/><D120/><U122/><E122/><V54/><F54/><W94/><G121/><T96/><D66/><U58/><E58/><V134/><F134/><W49/><G94/><T56/><D96/><U125/><E125/><V20/><REACH who="2" step="1"/><F91/><REACH who="2" ten="366,240,224,160" step="2"/><W67/><G67/><T82/><D5/><U124/><E124/><V85/><F85/><W104/><G49/><T135/><D3/><U50/><E40/><V92/><AGARI ba="0,1" hai="13,19,20,53,57,62,86,90,92,99,100,105,113,115" machi="92" ten="30,4000,0" yaku="1,1,0,1,53,1" doraHai="116" doraHaiUra="80" who="2" fromWho="2" sc="366,-10,240,-20,224,50,160,-10" /><INIT seed="2,0,0,2,2,47" ten="356,220,274,150" oya="2" hai0="48,9,91,8,103,12,13,102,64,65,60,33,43" hai1="101,40,49,44,89,74,84,115,93,52,46,76,94" hai2="85,5,14,55,119,2,15,99,42,122,16,82,57" hai3="73,38,117,20,118,37,36,22,110,25,10,45,132"/><V56/><F122/><W69/><G73/><T126/><D33/><U26/><E115/><V83/><F119/><W21/><G69/><T112/><D126/><U24/><E74/><V72/><F2/><W7/><G132/><T3/><D3/><U51/><E76/><V113/><F113/><W41/><G25/><T124/><D124/><U125/><E125/><V97/><F42/><W29/><G29/><T78/><D112/><U95/><E101/><N who="0" m="38409" /><D78/><U123/><E123/><V96/><F72/><W58/><G58/><N who="0" m="36887" /><D65/><U75/><E75/><V108/><F57/><W104/><G104/><T92/><D43/><U128/><E128/><V127/><F108/><W121/><G110/><T11/><D48/><U105/><E105/><V130/><F130/><W107/><G107/><T0/><D0/><U53/><E40/><V17/><F127/><W79/><G79/><T88/><D91/><U131/><E131/><V134/><F134/><W86/><G121/><T27/><D27/><AGARI ba="0,0" hai="24,26,27,44,46,49,51,52,53,84,89,93,94,95" machi="27" ten="40,8000,1" yaku="9,1,8,1,52,2,54,1" doraHai="47" who="1" fromWho="0" sc="356,-80,220,80,274,0,150,0" /><INIT seed="3,0,0,3,0,78" ten="276,300,274,150" oya="3" hai0="99,13,42,26,21,43,114,28,124,91,61,3,64" hai1="112,79,0,30,110,20,1,95,118,12,48,130,96" hai2="135,62,49,38,18,80,128,123,92,5,106,41,108" hai3="27,46,37,24,131,19,97,59,88,23,69,53,115"/><W52/><G69/><T134/><D3/><U93/><E112/><V15/><F106/><W98/><G115/><T17/><D114/><U104/><E110/><V66/><F108/><W77/><G77/><T2/><D2/><U65/><E118/><V120/><F135/><W100/><G131/><T22/><D124/><U94/><E130/><V56/><F128/><W25/><G37/><T51/><D134/><U119/><E119/><V57/><F5/><W4/><G4/><T129/><D129/><U47/><E79/><V70/><F92/><N who="3" m="56455" /><G100/><T82/><D51/><U55/><E104/><V40/><F38/><W102/><G102/><T105/><D105/><U81/><E65/><V36/><F36/><W8/><G98/><T34/><D34/><U14/><E96/><V45/><F41/><W6/><G46/><T126/><D126/><U107/><E107/><V87/><F123/><W103/><G103/><T125/><D125/><U7/><E7/><V16/><F120/><W10/><G53/><T75/><D99/><U74/><E1/><V33/><F33/><W122/><G122/><T60/><D75/><U116/><E0/><V72/><F72/><W58/><G58/><N who="0" m="36887" /><D61/><U11/><E116/><V63/><F70/><W67/><G67/><T9/><D9/><N who="3" m="3689" /><G6/><T89/><D89/><U85/><E11/><V54/><F15/><W117/><G117/><T86/><AGARI ba="0,0" hai="13,17,21,22,26,28,42,43,82,86,91" m="36887" machi="86" ten="30,2000,0" yaku="8,1,52,1" doraHai="78" who="0" fromWho="0" sc="276,20,300,-5,274,-5,150,-10" /><INIT seed="4,0,0,1,4,32" ten="296,295,269,140" oya="0" hai0="81,2,57,85,71,36,6,61,0,17,9,116,39" hai1="3,123,48,128,21,82,94,112,46,89,7,1,70" hai2="97,43,93,8,106,84,117,108,99,63,95,69,22" hai3="4,19,65,28,29,12,118,96,104,44,75,40,5"/><T56/><D116/><U62/><E123/><V133/><F108/><W55/><G75/><T132/><D2/><U90/><E7/><V64/><F117/><W27/><G118/><T122/><D122/><U101/><E128/><V124/><F133/><W91/><G65/><T121/><D121/><U83/><E112/><V45/><F124/><W25/><G55/><T23/><D132/><U73/><E101/><V102/><F84/><W111/><G111/><T92/><D92/><U105/><E105/><V49/><F99/><W109/><G109/><T79/><D71/><U30/><E62/><V42/><F42/><W18/><G104/><T60/><D57/><U15/><E70/><V88/><F88/><N who="1" m="33897" /><E73/><V50/><F50/><N who="3" m="26887" /><G19/><T26/><D61/><U47/><E1/><V52/><F43/><W107/><G107/><T58/><D56/><U130/><E3/><V86/><F86/><W77/><G77/><T74/><D74/><U16/><E130/><V115/><F115/><W68/><G68/><T125/><D125/><U103/><E30/><N who="3" m="11882" /><G91/><T87/><D87/><U127/><E127/><V98/><F98/><W67/><G96/><T41/><D41/><N who="1" m="24655" /><E47/><V37/><F37/><W14/><G67/><AGARI ba="0,0" hai="0,6,9,17,23,26,36,39,58,60,67,79,81,85" machi="67" ten="30,2900,0" yaku="7,1,52,1" doraHai="32" who="0" fromWho="3" sc="296,29,295,0,269,0,140,-29" owari="325,42.5,295,9.5,269,-13.1,111,-38.9" /></mjloggm>