<mjloggm ver="2.3"><GO type="225" lobby="0"/><UN n0="%E3%80%93%E3%81%97%E3%83%BC%E3%82%89%E3%80%93" n1="%70%6F%69%73%75%2D" n2="%E3%82%B3%E3%83%90%E3%83%AC%E3%82%A4" n3="%E7%9A%AE%E3%80%85" dan="16,16,16,16" rate="2171.74,2019.16,2168.30,2080.13" sx="M,M,M,M"/><TAIKYOKU oya="0"/><INIT seed="0,0,0,3,2,126" ten="250,250,250,250" oya="0" hai0="62,33,133,106,102,36,47,98,100,52,38,97,80" hai1="28,50,110,85,122,17,113,74,48,124,131,76,39" hai2="2,54,1,11,103,65,86,59,13,83,135,78,9" hai3="107,118,94,5,10,63,90,70,130,93,82,16,15"/><T24/><D133/><U46/><E85/><V91/><F135/><W116/><G107/><T45/><D80/><U112/><E76/><V56/><F9/><W7/><G82/><T87/><D87/><U73/><E28/><V79/><F103/><W81/><G81/><T120/><D120/><U27/><E27/><V49/><F1/><W35/><G35/><T18/><D47/><U72/><E17/><V51/><F2/><W6/><G94/><T25/><D25/><U57/><E124/><V111/><F111/><W44/><G44/><T105/><D18/><U41/><E110/><V115/><F115/><W92/><G92/><T20/><D20/><U77/><E77/><V37/><F37/><W21/><G10/><T14/><D14/><U117/><E117/><V84/><F84/><W19/><G19/><T89/><D89/><U71/><E71/><V96/><F96/><W3/><G3/><T43/><D38/><U23/><E23/><V99/><F99/><W108/><G108/><T55/><REACH who="0" step="1"/><D62/><REACH who="0" ten="240,250,250,250" step="2"/><U29/><E122/><V60/><F51/><W4/><N who="3" m="1024" /><DORA hai="104" /><W53/><G116/><T119/><D119/><U134/><E134/><V64/><F13/><W26/><G118/><T88/><D88/><U12/><E12/><V132/><F132/><W123/><G15/><T31/><AGARI ba="0,1" hai="24,31,33,36,43,45,52,55,97,98,100,102,105,106" machi="31" ten="30,18000,2" yaku="1,1,0,1,9,1,54,1,53,2" doraHai="126,104" doraHaiUra="34,101" who="0" fromWho="0" sc="240,190,250,-60,250,-60,250,-60" /><INIT seed="0,1,0,4,2,67" ten="430,190,190,190" oya="0" hai0="64,3,8,9,75,68,33,49,95,39,94,25,14" hai1="45,84,23,55,110,111,21,51,46,48,43,1,128" hai2="2,15,32,20,11,118,74,54,76,0,123,73,60" hai3="58,31,63,70,79,35,69,26,114,85,124,37,42"/><T80/><D39/><U125/><E1/><V99/><F123/><W119/><G119/><T83/><D3/><U5/><E5/><V82/><F32/><W65/><G114/><T103/><D49/><U91/><E125/><V34/><F34/><W106/><G106/><T47/><D47/><U115/><E128/><V12/><F74/><W53/><G124/><T18/><D8/><U105/><E105/><V134/><F118/><W52/><G79/><T132/><D132/><U130/><E130/><V29/><F134/><W117/><G85/><T120/><D120/><U121/><E115/><V27/><F15/><W101/><G101/><T90/><D103/><U16/><E23/><V6/><F99/><W44/><REACH who="3" step="1"/><G117/><REACH who="3" ten="430,190,190,180" step="2"/><T131/><D75/><U59/><E121/><V71/><REACH who="2" step="1"/><F54/><AGARI ba="1,1" hai="26,31,35,37,42,44,52,53,54,58,63,65,69,70" machi="54" ten="40,8000,1" yaku="1,1,2,1,52,2,54,1,53,0" doraHai="67" doraHaiUra="4" who="3" fromWho="2" sc="430,0,190,0,190,-83,180,93" /><INIT seed="1,0,0,5,0,114" ten="430,190,107,273" oya="1" hai0="122,131,17,36,38,108,28,94,5,89,31,61,130" hai1="30,132,50,100,135,22,129,60,102,7,13,27,54" hai2="71,14,119,82,96,127,58,32,3,66,70,115,53" hai3="75,128,77,34,24,109,26,107,97,48,0,23,116"/><U37/><E37/><N who="0" m="14441" /><D108/><U39/><E39/><V40/><F3/><W57/><G109/><T133/><D133/><N who="1" m="51275" /><E60/><V117/><F32/><W72/><G0/><T4/><D61/><U6/><E129/><N who="0" m="49161" /><D17/><U78/><E78/><V42/><F14/><W73/><G128/><T8/><D122/><U12/><E12/><V91/><F96/><W45/><G57/><T43/><D43/><N who="2" m="16426" /><F91/><W52/><G77/><T98/><D5/><N who="1" m="1547" /><E13/><AGARI ba="0,0" hai="4,8,13,28,31,89,94,98" m="49161,14441" machi="13" ten="30,1000,0" yaku="19,1" doraHai="114" who="0" fromWho="1" sc="430,10,190,-10,107,0,273,0" /><INIT seed="2,0,0,0,0,66" ten="440,180,107,273" oya="2" hai0="17,49,0,58,93,30,56,112,82,117,1,128,65" hai1="48,37,4,81,22,108,10,101,72,35,50,51,63" hai2="7,13,28,123,8,76,33,67,105,120,39,40,42" hai3="26,83,119,84,131,53,27,69,99,32,92,62,97"/><V106/><F76/><W95/><G119/><T133/><D30/><U70/><E35/><V64/><F33/><W47/><G131/><T115/><D133/><U118/><E37/><V68/><F28/><W73/><G73/><T116/><D93/><N who="3" m="35913" /><G69/><T12/><D12/><U132/><E101/><V114/><F39/><W125/><G125/><T57/><D17/><U130/><E130/><V98/><F7/><W21/><G32/><T6/><D82/><U79/><E132/><V16/><F13/><W86/><G86/><T9/><D128/><U41/><E22/><V100/><F8/><W38/><G38/><T80/><D65/><U85/><E72/><V2/><F2/><W55/><G27/><T104/><D104/><U34/><E34/><V90/><F98/><N who="3" m="37387" /><G47/><T103/><D103/><U113/><E113/><V15/><F15/><W126/><G62/><T20/><D0/><U31/><E31/><V122/><F114/><W121/><G126/><T24/><D112/><U109/><E118/><V88/><F123/><W60/><G60/><T77/><D115/><U23/><E23/><V43/><F43/><W124/><G124/><T91/><D116/><U52/><E41/><V18/><REACH who="2" step="1"/><F100/><REACH who="2" ten="440,180,97,273" step="2"/><W11/><G11/><N who="0" m="2511" /><D117/><U134/><E10/><V61/><F61/><W102/><G102/><T75/><D9/><U36/><E4/><V14/><F14/><W25/><G25/><T87/><D77/><U96/><E36/><V71/><AGARI ba="0,1" hai="16,18,40,42,64,67,68,71,88,90,105,106,120,122" machi="71" ten="25,24000,3" yaku="1,1,0,1,22,2,52,2,54,2,53,0" doraHai="66" doraHaiUra="44" who="2" fromWho="2" sc="440,-80,180,-80,97,250,273,-80" /><INIT seed="2,1,0,1,2,97" ten="360,100,347,193" oya="2" hai0="93,73,32,121,41,131,1,127,31,80,21,35,125" hai1="52,88,95,38,69,87,115,54,90,130,64,133,110" hai2="74,45,55,103,123,8,109,122,60,70,112,16,114" hai3="15,89,124,3,28,77,126,102,34,0,14,13,19"/><V29/><F74/><W94/><G77/><N who="0" m="44079" /><D1/><N who="3" m="585" /><G89/><T4/><D4/><U85/><E110/><V101/><F109/><W51/><G94/><T83/><D121/><U9/><E130/><V47/><F29/><W59/><G59/><T129/><D41/><U106/><E106/><V71/><F47/><W96/><G51/><T111/><D83/><U25/><E133/><V30/><F30/><W11/><G96/><T75/><D75/><U57/><E38/><V66/><F71/><W40/><G40/><T56/><D56/><U84/><E69/><V5/><F123/><W17/><G102/><T42/><D93/><U100/><E25/><V27/><F122/><W134/><G134/><T72/><D42/><U68/><E68/><V67/><F67/><W12/><G19/><T43/><D43/><U78/><E78/><V63/><F114/><W7/><G17/><T108/><D72/><U48/><E115/><V23/><F112/><W49/><G49/><T44/><D44/><N who="1" m="27655" /><E9/><V113/><F113/><W105/><G105/><T61/><D111/><U10/><E10/><V118/><F118/><W86/><G86/><N who="1" m="22018" /><U116/><DORA hai="18" /><E64/><V82/><F82/><W22/><G34/><T62/><D35/><U99/><E116/><V98/><F45/><W37/><G37/><T79/><D32/><U46/><E46/><V24/><F60/><AGARI ba="1,0" hai="54,57,60,88,90,95,99,100" m="22018,27655" machi="60" ten="30,7700,0" yaku="8,1,52,1,54,2" doraHai="97,18" who="1" fromWho="2" sc="360,0,100,80,347,-80,193,0" /><INIT seed="3,0,0,1,1,63" ten="360,180,267,193" oya="3" hai0="120,132,34,48,57,65,56,4,23,127,70,69,84" hai1="33,102,131,14,106,10,123,37,52,89,46,51,126" hai2="129,13,108,80,97,122,96,47,49,66,40,5,20" hai3="105,82,31,125,98,35,112,41,124,45,53,58,128"/><W3/><G3/><T67/><D34/><U135/><E123/><V86/><F122/><W42/><G112/><T87/><D120/><U110/><E33/><V81/><F129/><W133/><G128/><T76/><D4/><U15/><E131/><V83/><F108/><W101/><G133/><T111/><D127/><N who="3" m="48713" /><G45/><T17/><D111/><U24/><E135/><V88/><F66/><N who="0" m="25098" /><D70/><U22/><E37/><V55/><F40/><N who="3" m="15467" /><G82/><N who="0" m="47175" /><D69/><U130/><E130/><V21/><F21/><W9/><G9/><T121/><D132/><U19/><E110/><V28/><F5/><W26/><G58/><T115/><D115/><U118/><E126/><V72/><F72/><W18/><G18/><T7/><D7/><U75/><E75/><V39/><F39/><W117/><G53/><T64/><D64/><U93/><E10/><V104/><F55/><W61/><G61/><T1/><D1/><U79/><E118/><AGARI ba="0,0" hai="26,31,35,98,101,105,117,118" m="15467,48713" machi="118" ten="30,1500,0" yaku="18,1" doraHai="63" who="3" fromWho="1" sc="360,0,180,-15,267,0,193,15" /><INIT seed="3,1,0,3,5,49" ten="360,165,267,208" oya="3" hai0="131,73,129,78,70,48,87,37,81,80,51,66,3" hai1="128,126,109,100,77,119,71,121,134,104,74,79,108" hai2="94,112,106,10,85,62,86,45,26,46,47,69,0" hai3="44,33,36,102,76,50,105,60,17,117,93,39,97"/><W32/><G117/><T7/><D37/><U31/><RYUUKYOKU type="yao9" ba="1,0" sc="360,0,165,0,267,0,208,0" hai1="31,71,74,77,79,100,104,108,109,119,121,126,128,134" /><INIT seed="3,2,0,5,2,35" ten="360,165,267,208" oya="3" hai0="88,91,96,14,107,121,37,111,102,24,70,26,116" hai1="125,11,39,86,61,13,117,57,101,77,43,12,55" hai2="2,41,36,71,5,118,46,62,129,34,95,15,120" hai3="133,60,112,4,106,28,66,76,38,40,51,58,49"/><W89/><G106/><T8/><D37/><U134/><E125/><V47/><F118/><W85/><G112/><T92/><D70/><U83/><E134/><V104/><F120/><W42/><G76/><T79/><D116/><U45/><E117/><V103/><F129/><W80/><G133/><T73/><D121/><U44/><E101/><V53/><F15/><W108/><G108/><T18/><D111/><U93/><E93/><V9/><F95/><W90/><G90/><N who="0" m="34347" /><D73/><U135/><E135/><V113/><F53/><W20/><G4/><N who="0" m="3335" /><D107/><U72/><E86/><V126/><F47/><W52/><G38/><T3/><D3/><U50/><REACH who="1" step="1"/><E11/><REACH who="1" ten="360,155,267,208" step="2"/><V132/><F132/><W67/><G67/><AGARI ba="2,1" hai="12,13,39,43,44,45,50,55,57,61,67,72,77,83" machi="67" ten="30,3900,0" yaku="1,1,2,1,7,1,53,0" doraHai="35" doraHaiUra="97" who="1" fromWho="3" sc="360,0,155,55,267,0,208,-45" owari="360,46.0,210,-19.0,267,6.7,163,-33.7" /></mjloggm>