<mjloggm ver="2.3"><GO type="225" lobby="0"/><UN n0="%4B%2E%32%2E%4B%2E" n1="%E3%82%AF%E3%82%A3%E3%82%A6" n2="%E5%91%A8%E6%9D%B1" n3="%79%6B%66%35%35%33%38%39" dan="17,16,17,16" rate="2205.15,2067.84,2170.12,2118.26" sx="M,M,M,M"/><TAIKYOKU oya="0"/><INIT seed="0,0,0,2,1,86" ten="250,250,250,250" oya="0" hai0="117,77,100,55,46,60,38,135,64,121,127,19,61" hai1="17,81,110,89,36,103,95,35,18,51,8,97,75" hai2="13,99,67,41,29,2,132,107,1,43,58,50,125" hai3="12,96,84,6,133,91,68,49,130,72,69,104,37"/><T53/><D117/><U131/><E35/><V42/><F29/><W113/><G113/><T54/><D121/><U34/><E34/><V98/><F107/><W30/><G37/><T73/><D127/><U70/><E70/><V102/><F125/><W25/><G72/><T82/><D135/><U14/><E36/><V56/><F132/><W106/><G133/><T5/><D100/><U126/><E126/><V3/><F102/><W33/><G130/><T59/><D19/><U15/><E110/><V45/><F13/><W79/><G79/><T63/><REACH who="0" step="1"/><D5/><REACH who="0" ten="240,250,250,250" step="2"/><U24/><E131/><V52/><REACH who="2" step="1"/><F67/><REACH who="2" ten="240,250,240,250" step="2"/><W31/><G104/><T74/><D74/><U105/><E75/><V40/><N who="2" m="10240" /><DORA hai="66" /><V7/><F7/><W124/><G106/><T57/><D57/><AGARI ba="0,2" hai="1,2,3,45,50,52,56,57,58,98,99" m="10240" machi="57" ten="60,3900,0" yaku="1,1,54,1,53,0" doraHai="86,66" doraHaiUra="90,123" who="2" fromWho="0" sc="240,-39,250,0,240,59,250,0" /><INIT seed="1,0,0,5,2,109" ten="201,250,299,250" oya="1" hai0="61,114,124,66,20,108,25,97,13,36,103,16,129" hai1="0,128,119,100,80,29,42,68,73,44,99,31,5" hai2="76,28,101,57,95,125,79,46,91,126,104,117,116" hai3="118,41,59,53,133,112,106,58,107,121,71,1,81"/><U55/><E119/><N who="2" m="45643" /><F57/><W64/><G121/><T51/><D108/><U35/><E128/><V102/><F46/><W94/><G118/><T17/><D124/><N who="2" m="47722" /><F28/><W70/><G1/><T2/><D36/><N who="1" m="21575" /><E55/><V123/><F123/><W15/><G133/><T74/><D74/><U14/><E14/><V21/><F21/><W84/><G15/><T92/><D129/><U24/><E31/><V72/><F104/><W62/><G106/><T60/><D2/><U23/><E23/><V82/><F76/><W45/><G107/><T127/><D127/><U52/><E52/><V48/><F48/><W120/><G120/><T63/><D51/><U135/><E135/><V110/><F110/><W75/><G45/><T89/><D66/><U37/><E37/><V11/><F11/><W8/><G8/><T34/><D34/><U26/><E26/><V98/><AGARI ba="0,0" hai="72,79,82,91,95,98,101,102" m="47722,45643" machi="98" ten="30,4000,0" yaku="18,1,34,2" doraHai="109" who="2" fromWho="2" sc="201,-10,250,-20,299,40,250,-10" /><INIT seed="2,0,0,3,0,50" ten="191,230,339,240" oya="2" hai0="106,126,101,49,113,39,18,2,6,34,20,17,127" hai1="65,100,73,110,74,0,14,54,63,123,129,25,90" hai2="122,58,45,87,98,96,64,70,109,11,86,4,24" hai3="125,36,56,120,78,95,97,28,10,94,71,84,9"/><V83/><F122/><W114/><G71/><T61/><D39/><U42/><E0/><V48/><F70/><W3/><G120/><T37/><D37/><U85/><E123/><V19/><F109/><W104/><G125/><N who="0" m="47627" /><D61/><U41/><E110/><V81/><F64/><W112/><G36/><T33/><D49/><U115/><E115/><N who="3" m="44074" /><G28/><T134/><D101/><U105/><E129/><V8/><F58/><W67/><G104/><T118/><D106/><U76/><E65/><V12/><F24/><W32/><G32/><N who="0" m="12395" /><D113/><U66/><E66/><V44/><F44/><W88/><G3/><T93/><D93/><U116/><E105/><V59/><F59/><W103/><G78/><T15/><D134/><U111/><E100/><V38/><F38/><W124/><G124/><T1/><D118/><U62/><E116/><V13/><F81/><W43/><G43/><T72/><D72/><U79/><E74/><V133/><F133/><W27/><G27/><N who="0" m="14735" /><D6/><U21/><E73/><V30/><F83/><W22/><G94/><T29/><D29/><N who="1" m="17583" /><E54/><N who="2" m="29967" /><F30/><W132/><G132/><T92/><D92/><N who="1" m="54351" /><E41/><V52/><F52/><W91/><G103/><T80/><D80/><U40/><E40/><V131/><F4/><W57/><G95/><T82/><D82/><U51/><E111/><V60/><F98/><W102/><G97/><T119/><D119/><U89/><E89/><V130/><F96/><W26/><G102/><T7/><D7/><U107/><E107/><V16/><F60/><N who="1" m="23081" /><E42/><V99/><F99/><W23/><G67/><T55/><D55/><U46/><E46/><V68/><F68/><RYUUKYOKU ba="0,0" sc="191,15,230,-15,339,15,240,-15" hai0="1,2,15,18" hai2="8,11,12,13,16,19,86,87,130,131" /><INIT seed="2,1,0,1,4,84" ten="206,215,354,225" oya="2" hai0="88,116,96,58,13,77,128,134,119,103,9,55,53" hai1="3,1,18,8,113,0,117,15,32,104,89,79,16" hai2="12,112,35,135,20,85,101,30,37,81,22,110,118" hai3="2,39,131,115,72,95,78,74,48,36,105,100,59"/><V93/><F118/><N who="0" m="45098" /><D77/><U64/><E117/><V133/><F37/><W122/><G122/><T87/><D128/><U91/><E104/><V57/><F112/><W21/><G105/><N who="0" m="63719" /><D58/><U106/><E106/><V7/><F110/><W129/><G2/><T61/><D134/><U69/><E113/><V75/><F75/><W114/><G21/><T107/><D61/><U76/><E64/><V34/><F57/><W70/><G70/><T5/><D107/><U127/><E69/><V14/><F22/><W130/><G114/><T83/><AGARI ba="1,0" hai="5,9,13,53,55,83,87,88" m="63719,45098" machi="83" ten="30,4000,0" yaku="12,1,52,1,54,1" doraHai="84" who="0" fromWho="0" sc="206,43,215,-11,354,-21,225,-11" /><INIT seed="3,0,0,5,0,56" ten="249,204,333,214" oya="3" hai0="123,51,130,37,127,45,101,133,95,13,134,19,107" hai1="76,38,48,8,117,96,5,12,21,97,15,116,30" hai2="120,100,23,10,80,67,93,79,94,85,43,6,110" hai3="42,91,31,16,119,87,108,82,81,59,125,7,86"/><W40/><G119/><N who="1" m="45642" /><E38/><V17/><F110/><W1/><G108/><T129/><D107/><U49/><E76/><V65/><F43/><W77/><G125/><T90/><D101/><U70/><E70/><V34/><F34/><W75/><G31/><T46/><D37/><U44/><E48/><V52/><F120/><W63/><G75/><T29/><D29/><U104/><E104/><V28/><F28/><W112/><G112/><T58/><D123/><U78/><E78/><V118/><F118/><W4/><G1/><T11/><D58/><U102/><E102/><V27/><F52/><N who="3" m="34279" /><G16/><T105/><D105/><U35/><E35/><V60/><F100/><W72/><G72/><T114/><D51/><U89/><E89/><V9/><F9/><W61/><G61/><T25/><D11/><U2/><E30/><V62/><F62/><W135/><G135/><T33/><D133/><U98/><E21/><V64/><F60/><W73/><G73/><T103/><D134/><U106/><E106/><V32/><F32/><W113/><G113/><T109/><D114/><U54/><AGARI ba="0,0" hai="2,5,8,12,15,44,49,54,96,97,98" m="45642" machi="54" ten="30,1100,0" yaku="12,1" doraHai="56" who="1" fromWho="1" sc="249,-3,204,11,333,-3,214,-5" owari="246,4.6,215,-18.5,330,43.0,209,-29.1" /></mjloggm>