<mjloggm ver="2.3"><GO type="225" lobby="0"/><UN n0="%E8%A3%8F%E7%9F%A5%E3%82%89%E3%81%9A" n1="%E8%81%B7%E6%A5%AD%E3%80%81%E9%A2%A8%32" n2="%E3%83%96%E3%83%83%E3%83%91%E3%82%AA%E3%83%96%E3%83%81%E3%82%AD%E3%83%B3" n3="%E3%81%8B%E3%82%8F%E3%81%A1%E3%82%83%E3%82%93%35%38" dan="17,16,16,16" rate="2144.07,2178.54,2219.68,2162.82" sx="M,M,M,M"/><TAIKYOKU oya="0"/><INIT seed="0,0,0,1,5,25" ten="250,250,250,250" oya="0" hai0="62,43,60,78,8,72,61,84,85,26,77,109,52" hai1="73,95,111,42,50,7,38,133,21,105,6,115,93" hai2="129,11,13,55,2,31,96,100,107,48,34,33,14" hai3="39,135,103,63,99,40,17,106,69,23,64,16,108"/><T1/><D72/><U101/><E105/><V9/><F129/><W4/><G108/><T66/><D66/><U131/><E111/><V67/><F2/><W98/><G135/><T18/><D109/><U57/><E73/><V79/><F79/><N who="0" m="30218" /><D43/><U83/><E131/><V12/><F67/><W114/><G114/><T36/><D36/><U121/><E133/><V82/><F82/><W120/><G120/><T68/><D1/><U110/><E121/><V90/><F90/><W32/><G4/><N who="1" m="1578" /><E38/><V112/><F112/><W76/><G76/><T75/><D68/><U74/><E74/><V128/><F128/><W80/><G80/><T59/><D75/><U27/><E83/><V3/><F3/><W119/><G119/><T56/><D56/><U94/><E115/><V54/><F54/><W104/><G32/><T45/><D45/><N who="1" m="25911" /><E57/><V71/><F71/><W47/><REACH who="3" step="1"/><G23/><REACH who="3" ten="250,250,250,240" step="2"/><N who="0" m="13687" /><D8/><U97/><E110/><V35/><F35/><W19/><G19/><AGARI ba="0,1" hai="19,21,27,93,94,95,97,101" m="25911,1578" machi="19" ten="30,1000,0" yaku="8,1" doraHai="25" who="1" fromWho="3" sc="250,0,250,20,250,0,240,-10" /><INIT seed="1,0,0,1,3,65" ten="250,270,250,230" oya="1" hai0="85,46,105,10,66,126,103,34,28,38,9,86,130" hai1="100,40,113,37,64,11,61,70,15,68,62,109,95" hai2="75,128,88,3,6,80,93,118,129,121,94,102,92" hai3="21,23,30,76,79,74,24,108,63,55,42,78,47"/><U83/><E113/><V119/><F121/><W1/><G1/><T116/><D116/><N who="2" m="44586" /><F3/><W4/><G108/><T125/><D130/><N who="2" m="50282" /><F102/><W8/><G74/><T135/><D135/><U117/><E117/><V81/><F6/><W89/><G63/><T123/><D66/><U132/><E132/><V58/><F58/><W56/><G89/><T82/><D123/><U134/><E134/><V17/><F17/><W48/><G8/><T57/><D10/><U0/><E0/><V98/><F80/><W13/><G4/><T52/><D82/><U71/><E109/><V39/><F39/><W41/><G56/><T111/><D57/><U91/><E64/><V120/><F120/><W101/><G101/><T5/><D103/><U16/><E83/><V87/><F98/><W19/><AGARI ba="0,0" hai="13,19,21,23,24,30,41,42,47,48,55,76,78,79" machi="19" ten="30,2000,0" yaku="0,1,8,1" doraHai="65" who="3" fromWho="3" sc="250,-5,270,-10,250,-5,230,20" /><INIT seed="2,0,0,0,3,102" ten="245,260,245,250" oya="2" hai0="101,3,26,130,9,123,89,65,81,88,42,132,76" hai1="1,122,50,39,128,107,110,15,114,99,79,34,61" hai2="97,23,30,92,2,69,56,38,78,52,115,116,131" hai3="118,119,121,43,68,63,24,75,82,113,51,108,6"/><V91/><F115/><W22/><G121/><T129/><D123/><U111/><E1/><V124/><F116/><W11/><G108/><N who="1" m="41514" /><E122/><V64/><F2/><W48/><G113/><T59/><D132/><U84/><E39/><V117/><F117/><W70/><G70/><T14/><D42/><U134/><E34/><V33/><F38/><W80/><G68/><T32/><D101/><N who="1" m="62911" /><E134/><V96/><F131/><N who="0" m="50186" /><D3/><U67/><E128/><V19/><F124/><W127/><G43/><T94/><D32/><U66/><E114/><V41/><F41/><W37/><G37/><T125/><D125/><U4/><E50/><N who="2" m="30743" /><F69/><W10/><G127/><T8/><D26/><U105/><E105/><V53/><F64/><N who="1" m="24617" /><E61/><V87/><F78/><W13/><G119/><T0/><D76/><U62/><E62/><V90/><F90/><W44/><G118/><T93/><D88/><U95/><E79/><V112/><F112/><W49/><G63/><N who="0" m="38143" /><D0/><U100/><E100/><V58/><F33/><W133/><G133/><T40/><D89/><N who="1" m="53671" /><E15/><N who="2" m="9727" /><F30/><W29/><G75/><T7/><D40/><U83/><E83/><N who="3" m="31786" /><G44/><T71/><D81/><U46/><E46/><V98/><F96/><W47/><G47/><T74/><D71/><U5/><AGARI ba="0,0" hai="4,5" m="53671,24617,62911,41514" machi="5" ten="30,2000,0" yaku="14,1,52,1" doraHai="102" who="1" fromWho="1" sc="245,-5,260,20,245,-10,250,-5" /><INIT seed="3,0,0,1,3,121" ten="240,280,235,245" oya="3" hai0="16,127,131,50,26,78,79,51,105,36,58,119,101" hai1="76,53,54,21,83,57,28,97,34,113,77,17,96" hai2="81,12,111,24,68,48,134,0,45,9,80,122,19" hai3="29,71,133,95,14,89,90,100,32,86,84,109,41"/><W129/><G71/><T6/><D36/><U22/><E113/><V3/><F122/><W56/><G41/><T2/><D119/><U82/><E34/><V115/><F115/><W46/><G46/><T94/><D105/><U10/><E10/><V99/><F68/><W35/><G100/><T103/><D2/><U67/><E67/><V69/><F69/><W123/><G123/><T73/><D127/><U114/><E114/><V65/><F134/><W135/><G29/><T70/><D131/><U52/><E57/><V13/><F65/><W38/><G38/><T47/><D73/><U23/><E17/><N who="2" m="8335" /><F0/><W120/><G120/><T88/><D6/><U55/><N who="1" m="13312" /><DORA hai="66" /><U74/><REACH who="1" step="1"/><E28/><REACH who="1" ten="240,270,235,245" step="2"/><V44/><F3/><W110/><G56/><T63/><D70/><U75/><AGARI ba="0,1" hai="21,22,23,74,75,76,77,82,83,96,97" m="13312" machi="75" ten="50,8000,1" yaku="1,1,2,1,0,1,9,1,54,1,53,0" doraHai="121,66" doraHaiUra="25,126" who="1" fromWho="1" sc="240,-20,270,90,235,-20,245,-40" owari="220,2.0,360,46.0,215,-18.5,205,-29.5" /></mjloggm>