<mjloggm ver="2.3"><GO type="225" lobby="0"/><UN n0="%E7%9A%AE%E3%80%85" n1="%E3%82%8A%E3%81%93%E3%82%8A%E3%82%93%E3%81%94" n2="%43%68%65" n3="%E6%A9%98%E3%83%AF%E3%83%AB%E3%83%84" dan="16,17,16,16" rate="2124.33,2239.25,2141.36,2069.81" sx="M,M,M,M"/><TAIKYOKU oya="0"/><INIT seed="0,0,0,2,4,21" ten="250,250,250,250" oya="0" hai0="29,109,93,76,37,45,126,33,63,35,41,98,25" hai1="131,110,128,120,88,30,23,31,4,0,75,58,124" hai2="48,13,32,65,92,89,66,102,123,15,59,7,96" hai3="132,22,80,86,133,43,78,64,53,52,39,14,135"/><T122/><D122/><U55/><E120/><V112/><F112/><W119/><G119/><T54/><D126/><U57/><E75/><V69/><F32/><W60/><G43/><T1/><D1/><U27/><E124/><V47/><F123/><W90/><G39/><T87/><D109/><U67/><E110/><V121/><F69/><W101/><G101/><T44/><D35/><U36/><E36/><V8/><F121/><W95/><G14/><T26/><D29/><U19/><E67/><V10/><F59/><W68/><REACH who="3" step="1"/><G22/><REACH who="3" ten="250,250,250,240" step="2"/><T125/><D33/><U51/><E23/><V91/><F102/><W61/><G61/><T100/><D125/><U18/><E0/><V103/><F103/><W104/><G104/><T28/><D28/><U114/><E31/><V127/><F127/><W40/><G40/><T49/><REACH who="0" step="1"/><D63/><REACH who="0" ten="240,250,250,240" step="2"/><U74/><E30/><V50/><F50/><W5/><G5/><T115/><D115/><U113/><E113/><V2/><F7/><W106/><G106/><T79/><D79/><U134/><E4/><V3/><F48/><W62/><G62/><T38/><D38/><U16/><E51/><V129/><F2/><W12/><G12/><T70/><D70/><U72/><E114/><V73/><F3/><W85/><AGARI ba="0,2" hai="52,53,60,64,68,78,80,85,86,90,95,132,133,135" machi="85" ten="30,7900,0" yaku="1,1,0,1,20,1,54,1,53,0" doraHai="21" doraHaiUra="17" who="3" fromWho="3" sc="240,-39,250,-20,250,-20,240,99" /><INIT seed="1,0,0,1,5,67" ten="201,230,230,339" oya="1" hai0="31,20,44,76,46,131,99,96,80,35,134,132,12" hai1="15,120,22,64,125,13,88,127,52,38,135,61,14" hai2="62,75,110,106,3,17,1,28,30,23,24,25,4" hai3="117,47,69,16,19,83,54,58,100,73,102,90,49"/><U48/><E120/><V32/><F106/><W130/><G130/><T66/><D131/><U56/><E38/><V93/><F75/><W109/><G109/><T95/><D35/><U53/><E135/><N who="0" m="51753" /><D66/><U123/><E123/><V77/><F110/><W42/><G69/><T7/><D7/><U29/><E88/><V27/><F77/><W74/><G74/><N who="0" m="43031" /><D99/><U55/><REACH who="1" step="1"/><E48/><REACH who="1" ten="201,220,230,339" step="2"/><V60/><F60/><N who="3" m="35927" /><G117/><T41/><D96/><U129/><E129/><V65/><F93/><W45/><G100/><T9/><D95/><U105/><E105/><V70/><REACH who="2" step="1"/><F4/><REACH who="2" ten="201,220,220,339" step="2"/><W112/><G73/><T78/><D78/><U107/><E107/><V121/><F121/><W18/><G102/><T118/><D118/><U10/><E10/><V133/><F133/><W36/><G36/><T34/><D9/><U11/><E11/><V103/><F103/><W92/><G92/><T63/><D63/><U5/><E5/><V97/><F97/><W82/><G90/><T108/><D108/><U84/><E84/><V126/><F126/><W119/><G119/><T33/><D33/><AGARI ba="0,2" hai="1,3,17,23,24,25,27,28,30,32,33,62,65,70" machi="33" ten="30,8000,1" yaku="1,1,7,1,9,1,52,1,53,1" doraHai="67" doraHaiUra="57" who="2" fromWho="0" sc="201,-80,220,0,220,100,339,0" /><INIT seed="2,0,0,1,5,61" ten="121,220,320,339" oya="2" hai0="121,37,50,68,99,77,60,95,24,66,15,127,78" hai1="84,112,20,135,49,133,16,40,111,28,23,80,122" hai2="54,114,90,87,27,46,131,70,106,115,43,6,25" hai3="101,51,88,110,130,18,109,10,98,41,21,91,120"/><V9/><F106/><W36/><G120/><T123/><D37/><U57/><E112/><V103/><F103/><W35/><G35/><T22/><D127/><U94/><E122/><V30/><F131/><W33/><G33/><T89/><D123/><U12/><E111/><N who="3" m="42506" /><G36/><T85/><D121/><U125/><E125/><V76/><F76/><W58/><G10/><T44/><D15/><U38/><E38/><V69/><F54/><N who="3" m="32095" /><G41/><T81/><D50/><U73/><E73/><V118/><F118/><W63/><G63/><T65/><D44/><U56/><E94/><V4/><F4/><W71/><G71/><T93/><D66/><U14/><E40/><V8/><F8/><W108/><G130/><T3/><D3/><U134/><E49/><V64/><F27/><N who="3" m="14775" /><G108/><T86/><D93/><AGARI ba="0,0" hai="88,91,93,98,101" m="14775,32095,42506" machi="93" ten="30,2000,0" yaku="14,1,54,1" doraHai="61" who="3" fromWho="0" sc="121,-20,220,0,320,0,339,20" /><INIT seed="3,0,0,0,4,74" ten="101,220,320,359" oya="3" hai0="114,49,14,71,44,13,83,18,53,121,134,85,110" hai1="38,10,51,108,56,75,65,68,131,26,98,119,33" hai2="41,34,16,9,7,80,11,84,90,73,72,128,40" hai3="55,3,59,52,46,96,132,102,5,124,1,23,29"/><W120/><G120/><T24/><D121/><U92/><E38/><V64/><F128/><W87/><G132/><T125/><D71/><U76/><E68/><V35/><F64/><W78/><G124/><T42/><D134/><U89/><E108/><V77/><F73/><W66/><G5/><T88/><D110/><U91/><E131/><V47/><F9/><W126/><G126/><T70/><D125/><U105/><E105/><V36/><F41/><W107/><G46/><T129/><D70/><U15/><E119/><V20/><F11/><W0/><G66/><T62/><D129/><U127/><E127/><V113/><F7/><W104/><G104/><T116/><D116/><U93/><E75/><V112/><F112/><W100/><G100/><T27/><D114/><U61/><E76/><V19/><F113/><W17/><G29/><T30/><D30/><U101/><E51/><V99/><F99/><W109/><G59/><T67/><D14/><U60/><E60/><V45/><F45/><W82/><G109/><T4/><D4/><U81/><E81/><V94/><F19/><W79/><G79/><T12/><D12/><AGARI ba="0,0" hai="12,16,20,34,35,36,40,47,72,77,80,84,90,94" machi="12" ten="30,3900,0" yaku="7,1,52,1,54,1" doraHai="74" who="2" fromWho="0" sc="101,-39,220,0,320,39,359,0" owari="62,-43.8,220,-18.0,359,45.9,359,15.9" /></mjloggm>