<mjloggm ver="2.3"><GO type="225" lobby="0"/><UN n0="%E9%87%8E%E3%80%85%E5%AE%AE%E8%97%8D" n1="%E3%81%BF%E3%81%BF%E3%81%9A" n2="%E3%82%A4%E3%83%BC%E3%82%B1%E3%83%97%E3%83%A9" n3="%E6%A1%9C%E8%8A%B1%E9%96%83%E3%80%85" dan="16,18,17,16" rate="2160.86,2244.29,2220.74,2165.87" sx="F,M,M,M"/><TAIKYOKU oya="0"/><INIT seed="0,0,0,3,3,24" ten="250,250,250,250" oya="0" hai0="130,111,106,110,39,48,2,83,77,81,103,49,53" hai1="120,54,6,5,55,113,57,69,0,133,36,128,85" hai2="9,74,116,27,31,56,121,34,62,8,94,20,3" hai3="1,52,119,75,45,123,104,42,89,109,134,10,44"/><T33/><D2/><U41/><E120/><V7/><F121/><W11/><G123/><T105/><D39/><U114/><E128/><V66/><F116/><W118/><G109/><N who="0" m="41483" /><D130/><U26/><E133/><V99/><F74/><W23/><G134/><T19/><D33/><U79/><E69/><V4/><F34/><W50/><G104/><N who="0" m="40043" /><D103/><U58/><E41/><V93/><REACH who="2" step="1"/><F99/><REACH who="2" ten="250,250,240,250" step="2"/><W86/><G75/><N who="0" m="43199" /><D53/><U72/><E54/><V35/><F35/><W127/><G118/><T129/><D129/><U22/><E55/><V126/><F126/><W98/><G127/><T124/><D124/><U13/><E72/><V132/><F132/><W82/><G119/><T88/><D19/><U29/><E114/><V21/><F21/><W37/><G23/><T32/><D32/><U64/><E113/><V25/><F25/><W92/><REACH who="3" step="1"/><G1/><AGARI ba="0,1" hai="1,3,4,7,8,9,20,27,31,56,62,66,93,94" machi="1" ten="30,8000,1" yaku="1,1,7,1,9,1,52,1,53,1" doraHai="24" doraHaiUra="16" who="2" fromWho="3" sc="250,0,250,0,240,90,250,-80" /><INIT seed="1,0,0,3,1,123" ten="250,250,330,170" oya="1" hai0="112,72,62,100,3,82,98,122,64,120,45,40,81" hai1="130,38,113,87,1,21,15,31,66,80,20,78,73" hai2="118,110,109,18,65,26,75,32,94,6,127,8,30" hai3="23,84,131,116,0,11,125,117,95,101,111,13,2"/><U86/><E113/><V46/><F118/><N who="3" m="45675" /><G101/><T114/><D3/><N who="3" m="1065" /><G95/><N who="0" m="58463" /><D72/><U43/><E1/><N who="2" m="79" /><F75/><W135/><G84/><T68/><D82/><U9/><E130/><V77/><F77/><W93/><G93/><T106/><D81/><U121/><E121/><N who="0" m="46697" /><D106/><U52/><E66/><V54/><F65/><W63/><G63/><T85/><D85/><U88/><E73/><V108/><F127/><W132/><G125/><T129/><D129/><U58/><E38/><AGARI ba="0,0" hai="38,40,45,62,64,68,112,114" m="46697,58463" machi="38" ten="30,1000,0" yaku="13,1" doraHai="123" who="0" fromWho="1" sc="250,10,250,-10,330,0,170,0" /><INIT seed="2,0,0,2,3,58" ten="260,240,330,170" oya="2" hai0="97,42,83,60,31,47,90,18,48,105,17,45,101" hai1="66,132,65,125,11,61,99,24,116,57,16,73,102" hai2="91,85,108,36,74,130,126,41,109,121,111,81,6" hai3="87,33,95,0,122,44,133,32,55,22,80,20,110"/><V131/><F121/><W23/><G122/><T96/><D31/><U103/><E116/><V46/><F126/><W64/><G110/><T40/><D60/><U56/><E73/><V106/><F106/><W67/><G0/><T84/><REACH who="0" step="1"/><D96/><REACH who="0" ten="250,240,330,170" step="2"/><U124/><E99/><V21/><F74/><W94/><G33/><T43/><D43/><U75/><E61/><V26/><REACH who="2" step="1"/><F6/><REACH who="2" ten="250,240,320,170" step="2"/><W53/><G133/><T98/><D98/><U123/><E125/><V78/><F78/><W93/><G32/><T135/><D135/><U118/><E124/><V134/><F134/><W82/><G87/><T50/><AGARI ba="0,2" hai="17,18,40,42,45,47,48,50,83,84,90,97,101,105" machi="50" ten="20,5200,0" yaku="1,1,0,1,7,1,9,1,53,0" doraHai="58" doraHaiUra="51" who="0" fromWho="0" sc="250,72,240,-13,320,-26,170,-13" /><INIT seed="3,0,0,5,3,18" ten="322,227,294,157" oya="3" hai0="133,68,56,72,71,7,31,90,108,59,40,8,57" hai1="2,33,75,99,45,58,6,103,62,84,53,48,73" hai2="9,50,67,124,113,110,119,51,34,131,86,26,36" hai3="44,46,92,98,70,14,120,106,69,94,125,60,52"/><W25/><G120/><T97/><D72/><U118/><E118/><V128/><F36/><W88/><G106/><T102/><D108/><U65/><E33/><V89/><F119/><W123/><G123/><T101/><D40/><U3/><E84/><V41/><F113/><W32/><G125/><T16/><D31/><U66/><E2/><V24/><F110/><W130/><G130/><N who="2" m="49705" /><F124/><W126/><G126/><T38/><D38/><U64/><E3/><V95/><F67/><W11/><G94/><T22/><D133/><U85/><E6/><V91/><F9/><W17/><G46/><T42/><D42/><U10/><E10/><V121/><F121/><W4/><G44/><T19/><D90/><U114/><E85/><N who="2" m="52655" /><F41/><W104/><G104/><T78/><D78/><U129/><E114/><V134/><F34/><W93/><G93/><T109/><D109/><U79/><E129/><V87/><F87/><W117/><G117/><T115/><D115/><U100/><E100/><V12/><F12/><W43/><G43/><T30/><D68/><U27/><E75/><V20/><F24/><W15/><G15/><N who="0" m="5535" /><D71/><U81/><E27/><V63/><F63/><W122/><G122/><T107/><D102/><U54/><E65/><V111/><F134/><W5/><G5/><T28/><D107/><AGARI ba="0,0" hai="45,48,53,54,58,62,64,66,73,79,81,99,103,107" machi="107" ten="30,1000,0" yaku="7,1" doraHai="18" who="1" fromWho="0" sc="322,-10,227,10,294,0,157,0" owari="312,41.2,237,-16.3,294,9.4,157,-34.3" /></mjloggm>