<mjloggm ver="2.3"><GO type="225" lobby="0"/><UN n0="%E5%A4%9C%E5%85%89%E5%A4%A9%E6%A5%BC" n1="%72%65%6E%6B%75%6E" n2="%E3%81%99%E3%81%84%E3%81%BE%E3%81%9B%E3%83%BC%E3%82%93" n3="%E6%B8%A9%E2%98%85%E6%83%85%E2%98%85%E6%8E%AA%E2%98%85%E7%BD%AE" dan="16,17,18,17" rate="2047.29,2225.11,2193.08,2206.69" sx="M,M,M,M"/><TAIKYOKU oya="0"/><INIT seed="0,0,0,4,3,33" ten="250,250,250,250" oya="0" hai0="40,93,13,44,0,61,16,86,88,60,102,48,133" hai1="72,66,129,114,9,55,94,119,108,28,4,27,8" hai2="76,47,57,31,126,97,11,96,64,50,34,15,10" hai3="21,107,7,37,90,117,113,110,111,124,87,45,5"/><T105/><D133/><U80/><E119/><V25/><F126/><W109/><G117/><T62/><D0/><U74/><E66/><V32/><F32/><W92/><G124/><T2/><D2/><N who="1" m="23" /><E55/><V104/><F76/><W23/><G107/><T70/><D105/><U121/><E94/><V17/><F11/><W30/><G113/><T14/><D102/><U99/><E99/><V123/><F123/><W26/><REACH who="3" step="1"/><G23/><REACH who="3" ten="250,250,250,240" step="2"/><N who="0" m="11671" /><D70/><U127/><E114/><V73/><F104/><W56/><G56/><T91/><D13/><U79/><E127/><V112/><F112/><W29/><G29/><T84/><D62/><U39/><E28/><V81/><F31/><W85/><G85/><T68/><D68/><U101/><E72/><V18/><F15/><W98/><G98/><T51/><D51/><U95/><E74/><V35/><F50/><W106/><G106/><T19/><D19/><U3/><E121/><V75/><F97/><W1/><G1/><T134/><D134/><U78/><E3/><V6/><F96/><W132/><G132/><T36/><D36/><U59/><E39/><V63/><F75/><W58/><G58/><T20/><D20/><U49/><E59/><V43/><F73/><W135/><G135/><T69/><D69/><U131/><E49/><V52/><F57/><W71/><G71/><T46/><D46/><U118/><E118/><V115/><F115/><W116/><G116/><T67/><D67/><U54/><E129/><V82/><F64/><W38/><G38/><T122/><D122/><U83/><E131/><V42/><F63/><W77/><G77/><RYUUKYOKU ba="0,1" sc="250,15,250,-15,250,-15,240,15" hai0="40,44,48,60,61,84,86,88,91,93" hai3="5,7,21,26,30,37,45,87,90,92,109,110,111" /><INIT seed="0,1,1,0,0,128" ten="265,235,235,255" oya="0" hai0="114,29,53,69,39,111,127,70,37,89,71,131,94" hai1="108,47,27,20,126,102,124,12,77,117,38,67,63" hai2="31,49,132,58,134,110,116,32,55,125,43,112,61" hai3="8,2,130,98,75,92,79,21,59,28,44,57,45"/><T103/><D114/><U106/><E117/><V17/><F112/><W84/><G75/><T24/><D131/><U42/><E108/><V119/><F110/><W85/><G130/><T97/><D111/><U91/><E77/><V60/><F125/><N who="1" m="48233" /><E91/><V35/><F17/><W90/><G8/><T95/><D127/><U115/><E115/><V80/><F80/><N who="3" m="47135" /><G2/><T26/><D53/><U78/><E78/><V0/><F0/><W93/><G21/><T54/><D54/><U121/><E12/><V19/><F19/><W118/><G28/><T4/><D4/><U1/><E1/><V9/><F9/><W52/><G59/><T113/><D113/><U64/><E121/><V5/><F5/><W10/><G10/><T62/><D62/><N who="2" m="24170" /><F43/><W76/><G118/><N who="2" m="45097" /><F31/><W96/><G76/><T135/><D26/><U66/><E66/><V15/><F15/><W129/><G129/><T6/><D6/><U46/><E67/><V22/><F22/><W25/><G25/><T101/><D24/><U81/><E20/><V87/><F87/><W82/><G82/><T86/><D29/><U56/><E81/><V109/><F109/><W11/><G11/><T3/><D3/><U122/><E27/><V34/><AGARI ba="1,1" hai="32,34,35,49,55,58,132,134" m="45097,24170" machi="34" ten="40,5200,0" yaku="12,1,52,2" doraHai="128" who="2" fromWho="2" sc="265,-27,235,-14,235,65,255,-14" /><INIT seed="1,0,0,0,4,10" ten="238,221,300,241" oya="1" hai0="134,106,52,65,46,37,19,71,103,49,121,87,39" hai1="17,67,43,129,122,54,105,2,34,75,13,88,1" hai2="73,90,101,81,92,16,133,110,132,124,7,130,59" hai3="128,8,27,41,80,32,47,15,111,131,98,29,40"/><U99/><E75/><V53/><F110/><W62/><G111/><T115/><D115/><U82/><E34/><V89/><F124/><W31/><G31/><T118/><D118/><U116/><E122/><V18/><F130/><N who="3" m="49707" /><G98/><T11/><D121/><U6/><E116/><V4/><F101/><W21/><G80/><T36/><D134/><N who="2" m="51818" /><F73/><W94/><G94/><T79/><D106/><U119/><E119/><V85/><F4/><N who="3" m="3463" /><G62/><T104/><D104/><U12/><E105/><V84/><F7/><W66/><G66/><T93/><D103/><U48/><E67/><V42/><F42/><N who="3" m="16491" /><G47/><T44/><D93/><U77/><E129/><V102/><F102/><W50/><G50/><AGARI ba="0,0" hai="16,18,50,53,59,81,84,85,89,90,92" m="51818" machi="50" ten="30,2000,0" yaku="20,1,54,1" doraHai="10" who="2" fromWho="3" sc="238,0,221,0,300,20,241,-20" /><INIT seed="2,0,0,2,4,106" ten="238,221,320,221" oya="2" hai0="71,49,102,43,72,82,27,28,4,130,24,66,115" hai1="50,63,22,133,65,11,124,70,34,69,120,78,64" hai2="38,119,10,35,90,58,135,29,89,87,122,117,21" hai3="20,105,55,77,1,57,12,2,126,127,97,121,91"/><V118/><F122/><W15/><G121/><T88/><D115/><U128/><E34/><V47/><F135/><W84/><G77/><T111/><D111/><U131/><E120/><V129/><F35/><W9/><G20/><T134/><D134/><U96/><E133/><V103/><F103/><W61/><G97/><T37/><D130/><U101/><E78/><V44/><F129/><N who="1" m="49737" /><E124/><N who="3" m="47658" /><G105/><T51/><D102/><U125/><E125/><V60/><F10/><W104/><G104/><T23/><D4/><U114/><E50/><V81/><F90/><W75/><G75/><T112/><D112/><U3/><E114/><V42/><F47/><W39/><G39/><T16/><D37/><U7/><E22/><V13/><F29/><W83/><G15/><T132/><D132/><U31/><E31/><V59/><F21/><W109/><G109/><T110/><D110/><U92/><E65/><V123/><F123/><W79/><G79/><T5/><D66/><U8/><E11/><V0/><F119/><W52/><G55/><T108/><D108/><U76/><E76/><V14/><F118/><W68/><G68/><AGARI ba="0,0" hai="3,7,8,63,64,68,69,70,92,96,101" m="49737" machi="68" ten="30,1000,0" yaku="19,1" doraHai="106" who="1" fromWho="3" sc="238,0,221,10,320,0,221,-10" /><INIT seed="3,0,0,5,0,94" ten="238,231,320,211" oya="3" hai0="24,66,118,53,7,102,64,123,125,19,108,101,49" hai1="21,120,23,96,34,20,63,83,54,85,128,4,40" hai2="103,31,92,68,73,132,122,32,75,100,18,72,111" hai3="14,135,47,91,114,38,46,116,81,6,87,86,29"/><W48/><G114/><T45/><D118/><U88/><E34/><V42/><F68/><W98/><G116/><T41/><D123/><U99/><E120/><V25/><F122/><W44/><G135/><T84/><D108/><U112/><E112/><V60/><F60/><W43/><G29/><T39/><D125/><U129/><E40/><V65/><F65/><N who="0" m="25194" /><D7/><U2/><E2/><V13/><F132/><W93/><G38/><T82/><D41/><U70/><E4/><V97/><F42/><W126/><G126/><T89/><D39/><U15/><E15/><V59/><F59/><W124/><G124/><T67/><N who="0" m="25202" /><T5/><DORA hai="1" /><D5/><U127/><E127/><V131/><F111/><W27/><G27/><T79/><D79/><U57/><REACH who="1" step="1"/><E70/><REACH who="1" ten="238,221,320,211" step="2"/><V28/><F32/><W0/><G0/><T74/><D74/><U119/><E119/><V78/><F75/><W115/><G115/><T76/><D76/><U77/><E77/><V61/><F78/><N who="3" m="46391" /><G87/><T35/><D35/><U50/><E50/><V117/><F73/><W9/><AGARI ba="0,1" hai="6,9,14,43,44,46,47,48,91,93,98" m="46391" machi="9" ten="30,11700,0" yaku="25,1,8,1,52,2" doraHai="94,1" who="3" fromWho="3" sc="238,-39,221,-39,320,-39,211,127" owari="199,-20.1,182,-31.8,281,8.1,338,43.8" /></mjloggm>