<mjloggm ver="2.3"><GO type="225" lobby="0"/><UN n0="%E3%82%86%E3%81%86%E3%82%8C%E3%81%84%E3%81%84%E3%81%8B" n1="%E3%82%B2%E3%82%B9%E8%8C%82%E5%8B%9D" n2="%E3%81%A4%E3%81%AE%E3%81%A0%E2%98%86%E3%81%B2%E3%82%8D" n3="%E5%8D%A0%E3%81%84%E5%B8%AB%E8%A3%8F%E3%81%AA%E3%81%84%E3%81%97" dan="18,16,16,17" rate="2261.15,2132.87,2165.19,2271.78" sx="M,F,M,M"/><TAIKYOKU oya="0"/><INIT seed="0,0,0,1,0,101" ten="250,250,250,250" oya="0" hai0="75,35,106,68,73,126,109,89,28,44,92,104,55" hai1="13,103,17,70,88,7,40,10,32,59,16,90,74" hai2="6,12,22,0,110,79,133,114,102,125,61,52,81" hai3="105,3,99,11,128,38,134,2,65,58,76,56,27"/><T107/><D68/><U5/><E70/><V51/><F114/><W64/><G38/><T87/><D126/><U96/><E32/><V47/><F125/><W62/><G128/><T118/><D118/><U82/><E40/><V23/><F0/><W120/><G134/><T45/><D109/><U86/><E74/><V77/><F110/><W117/><G117/><T93/><D93/><N who="1" m="58767" /><E5/><V49/><F61/><W48/><G76/><N who="2" m="29257" /><F81/><W19/><G120/><T108/><D108/><U20/><E90/><V112/><F102/><W50/><G99/><T66/><D66/><U53/><E20/><V14/><F112/><W36/><G36/><T124/><D124/><U97/><E97/><V43/><F133/><W18/><G11/><T46/><REACH who="0" step="1"/><D55/><REACH who="0" ten="240,250,250,250" step="2"/><U127/><E127/><V24/><F6/><W91/><G64/><T80/><D80/><U78/><E78/><V8/><F52/><W41/><G65/><T84/><D84/><U121/><E121/><V130/><F130/><W37/><G37/><T39/><D39/><U119/><E119/><V15/><F43/><W113/><G41/><T34/><D34/><U29/><E29/><V1/><F23/><W129/><G113/><T95/><D95/><U123/><E123/><V85/><F85/><W132/><G129/><T100/><D100/><U71/><E71/><V30/><F22/><W83/><G83/><T9/><D9/><U67/><E67/><V21/><F21/><W63/><G132/><T115/><D115/><U42/><E42/><V122/><F122/><W111/><G111/><T116/><D116/><U60/><AGARI ba="0,1" hai="7,10,13,16,17,53,59,60,82,86,88" m="58767" machi="60" ten="30,7900,0" yaku="5,1,8,1,54,2" doraHai="101" who="1" fromWho="1" sc="240,-39,250,89,250,-20,250,-20" /><INIT seed="1,0,0,1,1,134" ten="201,339,230,230" oya="1" hai0="115,10,47,23,128,24,33,79,5,52,57,91,126" hai1="104,65,31,135,76,18,21,9,28,62,72,54,58" hai2="130,69,92,110,78,56,88,2,29,102,27,90,4" hai3="14,86,73,85,122,80,96,119,82,53,70,109,37"/><U112/><E135/><V97/><F69/><W17/><G70/><T30/><D115/><U13/><E112/><V55/><F110/><W35/><G122/><T20/><D128/><U15/><E104/><V22/><F130/><W129/><G35/><T118/><D118/><U84/><E72/><V89/><F78/><W103/><G129/><T132/><D79/><U3/><E3/><V11/><REACH who="2" step="1"/><F102/><REACH who="2" ten="201,339,220,230" step="2"/><W124/><G103/><T81/><D132/><U63/><E76/><V7/><F7/><W59/><G109/><T87/><D126/><U12/><E84/><V94/><F94/><W101/><G86/><T48/><REACH who="0" step="1"/><D57/><REACH who="0" ten="191,339,220,230" step="2"/><N who="1" m="37071" /><E9/><V45/><F45/><W83/><G59/><T19/><D19/><U32/><E28/><V67/><F67/><W50/><G17/><T75/><D75/><U116/><E31/><V74/><F74/><W41/><G73/><T121/><D121/><U34/><E116/><V95/><F95/><W114/><G119/><T127/><D127/><U16/><E18/><V133/><F133/><W43/><G124/><T8/><D8/><U64/><E64/><V123/><F123/><W99/><G114/><T25/><D25/><U26/><E26/><V42/><F42/><W38/><G41/><T100/><D100/><U44/><E16/><V106/><F106/><W51/><G43/><T40/><D40/><U66/><E66/><V60/><AGARI ba="0,2" hai="2,4,11,22,27,29,55,56,60,88,89,90,92,97" machi="60" ten="20,5200,0" yaku="1,1,0,1,7,1,54,1,53,0" doraHai="134" doraHaiUra="77" who="2" fromWho="2" sc="191,-13,339,-26,220,72,230,-13" /><INIT seed="2,0,0,4,1,128" ten="178,313,292,217" oya="2" hai0="27,82,31,94,24,26,70,88,5,79,21,103,134" hai1="34,17,95,108,48,131,112,56,113,63,65,71,52" hai2="58,25,54,43,69,127,36,122,41,76,39,77,86" hai3="78,96,14,90,107,10,2,3,117,116,15,19,57"/><V33/><F122/><W100/><G78/><T38/><D70/><U132/><E108/><V93/><F69/><W40/><G40/><T83/><D38/><U18/><E131/><V45/><F127/><W37/><G37/><T47/><D103/><U35/><E95/><V74/><F74/><W49/><G90/><T68/><D68/><U28/><E132/><V11/><F11/><W66/><G14/><T114/><D114/><U44/><E35/><V124/><F124/><W0/><REACH who="3" step="1"/><G66/><REACH who="3" ten="178,313,292,207" step="2"/><T23/><D134/><U29/><E112/><V53/><F43/><W125/><G125/><T1/><D1/><U129/><E113/><V22/><F39/><W46/><G46/><T92/><D47/><U51/><E129/><V55/><F45/><W104/><G104/><T101/><D101/><U60/><E44/><V118/><F76/><W109/><G109/><T105/><D105/><U120/><E120/><V9/><F77/><W102/><G102/><T16/><D26/><U8/><E65/><V115/><F41/><W73/><G73/><T89/><D79/><U20/><E52/><AGARI ba="0,1" hai="0,2,3,10,15,19,49,52,57,96,100,107,116,117" machi="52" ten="40,2600,0" yaku="1,1,54,1,53,0" doraHai="128" doraHaiUra="110" who="3" fromWho="1" sc="178,0,313,-26,292,0,207,36" /><INIT seed="3,0,0,3,1,125" ten="178,287,292,243" oya="3" hai0="7,117,37,57,38,116,98,13,60,111,33,97,79" hai1="11,102,17,81,67,84,58,104,8,92,76,61,94" hai2="24,55,129,103,51,122,134,78,124,99,52,26,80" hai3="75,132,101,89,23,0,14,133,42,15,48,10,16"/><W36/><G36/><N who="0" m="13931" /><D79/><U46/><E46/><V127/><F122/><W77/><G0/><T22/><D13/><U27/><E104/><N who="2" m="63615" /><F129/><W112/><G112/><T107/><D22/><N who="1" m="13775" /><E102/><V65/><F65/><W25/><G101/><N who="0" m="62895" /><D98/><U49/><E49/><V45/><F55/><W3/><G3/><T131/><D57/><U2/><E2/><V87/><F134/><N who="3" m="51819" /><G89/><T71/><D7/><U83/><E83/><V32/><F32/><W28/><G14/><T113/><D111/><U62/><E62/><V86/><F87/><W63/><G63/><T21/><D21/><U40/><E40/><V135/><F135/><W126/><G42/><T56/><D56/><U106/><E106/><V130/><F130/><W9/><G48/><T18/><D18/><U85/><E94/><V34/><F34/><N who="3" m="20751" /><G126/><AGARI ba="0,0" hai="24,26,45,51,52,78,80,86,124,126,127" m="63615" machi="126" ten="30,2000,0" yaku="18,1,54,1" doraHai="125" who="2" fromWho="3" sc="178,0,287,0,292,20,243,-20" owari="178,-32.2,287,8.7,312,41.2,223,-17.7" /></mjloggm>