<mjloggm ver="2.3"><GO type="225" lobby="0"/><UN n0="%E3%81%AF%E3%82%88%E3%81%8A%E3%81%98%E3%81%95%E3%82%93" n1="%E3%81%8B%E3%82%8F%E3%81%A1%E3%82%83%E3%82%93%35%38" n2="%E3%82%AF%E3%82%A3%E3%82%A6" n3="%E8%91%B1%E9%96%93%E8%91%B1%E6%8A%9C" dan="17,16,16,16" rate="2130.21,2177.91,2057.84,2084.41" sx="M,M,M,F"/><TAIKYOKU oya="0"/><INIT seed="0,0,0,2,3,75" ten="250,250,250,250" oya="0" hai0="101,87,99,44,115,95,15,14,42,40,60,39,2" hai1="108,16,26,45,84,78,65,47,128,127,46,54,18" hai2="100,97,48,49,105,5,8,55,32,4,64,61,98" hai3="113,77,66,89,21,129,103,7,23,94,70,67,104"/><T83/><D115/><U57/><E108/><V9/><F32/><W52/><G113/><T85/><D2/><U74/><E74/><V1/><F97/><W126/><G126/><T109/><D109/><U41/><E128/><V24/><F24/><W13/><G104/><T71/><D42/><U110/><E110/><V58/><REACH who="2" step="1"/><F64/><REACH who="2" ten="250,250,240,250" step="2"/><W69/><G66/><T131/><D131/><U3/><E65/><V62/><F62/><W124/><G67/><T73/><D60/><U107/><E26/><V91/><F91/><W50/><G129/><T114/><D114/><U11/><E127/><V6/><F6/><W106/><G124/><T68/><D71/><U116/><E107/><V31/><F31/><W17/><G69/><T0/><D68/><U133/><E18/><V132/><F132/><W25/><G70/><T92/><D99/><U28/><E28/><V102/><F102/><W120/><G106/><T111/><D101/><U117/><E133/><V36/><F36/><W27/><G103/><T122/><D111/><U72/><E16/><V82/><F82/><W90/><G7/><T59/><D83/><N who="1" m="45511" /><E117/><V30/><F30/><N who="3" m="17711" /><G27/><T34/><D39/><N who="1" m="21695" /><E116/><V125/><F125/><W134/><G134/><T119/><D34/><U51/><E84/><V123/><F123/><W93/><G120/><T112/><D122/><U81/><E81/><V88/><F88/><N who="3" m="33899" /><G77/><T79/><D79/><U86/><E86/><N who="0" m="32777" /><D119/><U53/><E53/><V135/><F135/><W19/><G19/><T43/><D112/><U118/><E118/><V37/><F37/><W80/><G80/><T121/><D121/><RYUUKYOKU ba="0,1" sc="250,-30,250,10,240,10,250,10" hai1="3,11,46,47,51,54,57" hai2="1,4,5,8,9,48,49,55,58,61,98,100,105" hai3="13,17,23,50,52,93,94" /><INIT seed="1,1,1,0,5,123" ten="220,260,250,260" oya="1" hai0="115,41,100,21,25,30,4,92,20,130,72,121,74" hai1="119,18,103,12,69,122,42,52,106,36,28,95,9" hai2="44,56,98,46,58,129,16,75,45,89,105,104,135" hai3="73,10,62,13,133,37,118,64,109,132,90,125,71"/><U23/><E122/><V27/><F75/><W39/><G125/><T51/><D115/><U97/><E119/><V34/><F129/><W65/><G118/><T114/><D114/><U124/><E69/><V110/><F135/><N who="3" m="51787" /><G73/><T84/><D121/><U134/><E124/><V77/><F77/><W59/><G109/><T86/><D130/><U19/><E134/><V35/><F110/><W107/><G107/><T117/><D117/><U31/><E106/><V116/><F116/><W61/><G90/><T128/><D128/><U78/><E78/><V43/><F43/><W108/><G108/><T14/><D74/><U5/><E19/><AGARI ba="1,1" hai="10,13,19,37,39,59,61,62,64,65,71" m="51787" machi="19" ten="30,1000,0" yaku="20,1" doraHai="123" who="3" fromWho="1" sc="220,0,260,-13,250,0,260,23" /><INIT seed="2,0,0,0,3,60" ten="220,247,250,283" oya="2" hai0="68,34,31,119,18,99,126,8,92,50,3,127,135" hai1="132,121,67,94,87,90,47,41,56,88,64,23,11" hai2="71,118,122,22,111,120,91,80,5,43,36,30,48" hai3="79,28,130,51,7,0,97,14,112,17,81,107,82"/><V44/><F118/><W133/><G133/><T96/><D68/><U115/><E115/><V77/><F111/><W40/><G28/><T16/><D135/><U103/><E132/><V15/><F71/><W58/><G0/><T109/><D109/><U74/><E74/><V12/><F91/><W73/><G7/><N who="0" m="1151" /><D119/><U95/><E103/><V86/><F36/><W72/><G112/><T2/><D2/><U78/><E78/><V61/><F61/><W98/><G130/><T131/><D131/><U33/><E33/><V85/><F85/><W65/><G107/><T128/><D128/><U125/><E125/><N who="0" m="47625" /><D50/><N who="1" m="26991" /><E121/><V113/><F113/><W24/><G73/><T62/><D62/><U63/><E11/><N who="2" m="4207" /><F30/><W123/><G123/><T4/><D4/><U75/><E75/><V38/><F38/><W42/><G72/><T46/><D46/><U114/><E114/><V37/><F37/><W116/><G116/><T10/><D10/><U83/><E23/><V106/><F106/><W84/><G42/><T13/><D13/><U104/><E104/><V55/><F55/><W108/><G40/><T100/><D99/><N who="1" m="57799" /><E83/><V105/><F105/><W49/><G82/><T70/><D70/><U57/><E57/><V45/><F45/><W93/><G108/><T89/><D89/><U117/><E117/><V101/><F101/><W1/><G1/><T124/><N who="0" m="47633" /><T25/><AGARI ba="0,0" hai="16,18,25,31,34,92,96,100" m="47633,1151" machi="25" ten="40,5200,0" yaku="4,1,18,1,54,1" doraHai="60" who="0" fromWho="0" sc="220,52,247,-13,250,-26,283,-13" /><INIT seed="3,0,0,1,2,120" ten="272,234,224,270" oya="3" hai0="63,111,78,69,22,11,99,106,97,21,91,88,87" hai1="15,96,125,7,77,85,25,76,9,53,81,16,102" hai2="56,20,35,19,134,37,93,112,8,86,79,135,51" hai3="23,57,74,67,27,121,64,71,72,55,107,48,73"/><W116/><G116/><T10/><D69/><U49/><E125/><V26/><F112/><W1/><G121/><T117/><D117/><U3/><E25/><V52/><F37/><W18/><G71/><T82/><D111/><U68/><E68/><V40/><F40/><W41/><G107/><T50/><D63/><U29/><E29/><V0/><F35/><W6/><REACH who="3" step="1"/><G41/><REACH who="3" ten="272,234,224,260" step="2"/><T36/><D106/><U110/><E110/><V129/><F129/><W60/><G60/><T127/><D127/><U123/><E123/><V89/><REACH who="2" step="1"/><F79/><REACH who="2" ten="272,234,214,260" step="2"/><W98/><G98/><T122/><D97/><U38/><E77/><V83/><F83/><W80/><G80/><T131/><D99/><U84/><E76/><V4/><AGARI ba="0,2" hai="0,4,8,19,20,26,51,52,56,86,89,93,134,135" machi="4" ten="30,4000,0" yaku="1,1,0,1,54,1,53,0" doraHai="120" doraHaiUra="61" who="2" fromWho="2" sc="272,-10,234,-10,214,60,260,-20" /><INIT seed="4,0,0,1,0,96" ten="262,224,274,240" oya="0" hai0="109,110,63,49,117,32,20,132,34,85,45,4,3" hai1="66,24,9,54,73,113,97,29,35,84,78,88,134" hai2="28,6,42,83,40,119,100,115,33,19,127,37,77" hai3="36,50,30,26,106,99,62,7,92,107,53,104,21"/><T111/><D117/><U67/><E134/><V23/><F115/><W89/><G36/><T47/><D132/><U0/><E113/><V22/><F127/><W98/><G7/><T82/><D20/><U1/><E73/><V39/><F119/><W18/><G62/><T38/><D38/><U72/><E72/><V80/><F33/><W128/><G128/><T95/><D95/><U102/><E78/><V48/><F6/><W44/><REACH who="3" step="1"/><G30/><REACH who="3" ten="262,224,274,230" step="2"/><T79/><D63/><U41/><E29/><V126/><F28/><W10/><G10/><N who="0" m="2335" /><D49/><U133/><E9/><V8/><F8/><W27/><G27/><T135/><D135/><U12/><E133/><V76/><F126/><W81/><G81/><T116/><D116/><U105/><E12/><V112/><F112/><W101/><AGARI ba="0,1" hai="18,21,26,44,50,53,89,92,98,99,101,104,106,107" machi="101" ten="30,4000,0" yaku="1,1,0,1,52,1,53,0" doraHai="96" doraHaiUra="123" who="3" fromWho="3" sc="262,-20,224,-10,274,-10,230,50" /><INIT seed="5,0,0,3,3,123" ten="242,214,264,280" oya="1" hai0="64,124,63,18,45,132,105,59,21,112,90,74,129" hai1="76,13,108,26,101,16,41,73,77,83,118,66,128" hai2="22,122,11,100,104,134,97,88,93,47,126,113,109" hai3="36,120,54,10,85,29,14,107,86,70,115,15,24"/><U61/><E118/><V121/><F113/><W30/><G120/><T17/><D74/><U89/><E128/><V51/><F126/><W2/><G36/><T58/><D105/><U1/><E1/><V98/><F134/><W117/><G70/><T62/><D132/><U40/><E101/><V38/><F38/><W99/><G115/><T81/><D112/><U28/><E77/><V96/><F109/><W110/><G110/><T71/><D124/><U75/><E89/><V102/><F22/><W84/><G117/><T12/><D129/><U43/><E108/><V32/><F11/><W94/><G107/><T25/><D45/><U65/><E75/><V46/><F32/><W53/><G2/><T7/><D7/><U127/><E127/><V52/><F46/><W42/><G42/><T33/><D33/><U92/><E92/><AGARI ba="0,0" hai="47,51,52,88,92,93,96,97,98,100,102,104,121,122" machi="92" ten="30,3900,0" yaku="7,1,54,2" doraHai="123" who="2" fromWho="1" sc="242,0,214,-39,264,39,280,0" owari="242,-15.8,175,-32.5,303,40.3,280,8.0" /></mjloggm>