<mjloggm ver="2.3"><GO type="225" lobby="0"/><UN n0="%E3%81%BF%E3%81%BF%E3%81%9A" n1="%E3%83%81%E3%83%83%E3%82%BF%E3%82%BD%E3%83%BC" n2="%E3%83%A9%E3%82%B9%E7%8E%87%EF%BC%93%E5%89%B2" n3="%E9%9B%80%E6%A5%B5%E3%81%AE%E3%81%B8" dan="17,16,17,16" rate="2190.85,2184.97,2232.42,2126.57" sx="M,F,F,M"/><TAIKYOKU oya="0"/><INIT seed="0,0,0,5,0,37" ten="250,250,250,250" oya="0" hai0="105,12,17,92,91,108,0,46,59,74,103,85,89" hai1="95,115,15,42,72,33,128,10,67,133,76,71,73" hai2="20,45,60,36,90,83,79,125,11,38,100,127,5" hai3="118,96,129,40,22,18,32,66,75,99,13,29,48"/><T21/><D108/><U113/><E33/><V52/><F100/><W120/><G118/><T30/><D74/><U70/><E128/><V119/><F20/><W69/><G75/><T77/><D0/><U54/><E133/><V126/><F90/><W50/><G129/><T123/><D123/><U98/><E54/><V84/><F119/><W9/><G120/><T109/><D109/><U65/><E95/><V130/><F130/><W26/><G69/><T47/><D30/><U58/><E58/><V2/><REACH who="2" step="1"/><F60/><REACH who="2" ten="250,250,240,250" step="2"/><W87/><G22/><T64/><D103/><U122/><E122/><V81/><F81/><W25/><G32/><T93/><D77/><U14/><E76/><V56/><F56/><W39/><G9/><T23/><D105/><U117/><E117/><V35/><F35/><W80/><G80/><T110/><D110/><U88/><E10/><V49/><AGARI ba="0,1" hai="2,5,11,36,38,45,49,52,79,83,84,125,126,127" machi="49" ten="40,8000,1" yaku="1,1,0,1,18,1,54,1,53,0" doraHai="37" doraHaiUra="31" who="2" fromWho="2" sc="250,-40,250,-20,240,90,250,-20" /><INIT seed="1,0,0,1,3,41" ten="210,230,330,230" oya="1" hai0="82,40,111,32,121,123,65,3,24,37,93,39,120" hai1="78,47,89,10,67,98,29,23,45,14,33,77,125" hai2="106,130,60,18,103,35,57,110,128,2,56,46,117" hai3="127,69,16,27,100,61,49,54,115,25,15,22,19"/><U122/><E125/><V53/><F35/><W17/><G115/><T81/><D111/><U92/><E122/><N who="0" m="31233" /><T34/><DORA hai="52" /><D3/><U4/><E33/><N who="0" m="12905" /><D24/><N who="1" m="16543" /><E67/><N who="2" m="39303" /><F2/><W129/><G129/><N who="2" m="49769" /><F103/><W99/><G127/><T31/><D31/><U76/><AGARI ba="0,0" hai="4,10,14,45,47,76,77,78,89,92,98" m="16543" machi="76" ten="30,6000,0" yaku="8,1,52,2" doraHai="41,52" who="1" fromWho="1" sc="210,-20,230,60,330,-20,230,-20" /><INIT seed="1,1,0,3,2,133" ten="190,290,310,210" oya="1" hai0="121,77,38,78,63,27,81,110,117,104,82,33,10" hai1="124,96,91,101,71,40,90,105,53,114,50,65,67" hai2="112,106,109,22,58,2,84,60,26,8,85,131,95" hai3="7,125,88,9,115,89,30,134,69,61,1,5,76"/><U13/><E114/><V75/><F75/><W6/><G115/><T103/><D117/><U62/><E40/><V21/><F106/><W28/><G134/><T55/><D38/><U64/><E124/><V47/><F109/><W15/><G125/><T132/><D132/><U116/><E116/><V97/><F131/><W36/><G36/><T20/><D121/><U73/><E73/><V59/><F47/><W35/><G76/><T46/><D110/><U48/><E48/><V92/><F112/><W23/><G35/><T70/><D10/><U107/><E107/><V129/><F8/><W52/><G1/><T120/><D33/><U123/><E123/><V42/><F2/><W16/><G69/><T94/><D104/><U99/><E13/><V49/><F49/><W34/><G34/><T98/><D70/><U4/><E4/><V108/><F42/><W44/><G44/><T135/><D135/><U37/><E37/><V68/><F129/><W119/><G119/><T12/><D12/><U19/><E19/><V25/><F68/><W111/><G111/><T3/><D3/><U79/><E79/><N who="0" m="30217" /><D120/><U51/><E71/><V80/><F108/><W24/><G28/><N who="0" m="17511" /><D46/><U128/><E128/><V102/><F60/><W45/><G45/><T72/><D72/><U74/><E74/><V17/><F95/><W32/><G32/><T31/><D31/><U0/><E0/><V39/><F39/><W66/><G66/><T118/><D118/><U41/><E67/><V83/><F59/><AGARI ba="1,0" hai="5,6,7,9,15,16,23,24,30,52,59,61,88,89" machi="59" ten="40,8000,1" yaku="8,1,54,3" doraHai="133" who="3" fromWho="2" sc="190,0,290,0,310,-83,210,83" /><INIT seed="2,0,0,4,0,2" ten="190,290,227,293" oya="2" hai0="83,57,79,36,4,27,32,50,6,24,92,44,1" hai1="37,105,60,107,106,40,94,41,109,110,56,96,135" hai2="88,64,122,89,95,128,58,73,103,112,15,67,62" hai3="114,49,34,26,54,48,97,45,91,59,80,81,98"/><V53/><F112/><W17/><G114/><T42/><D1/><U127/><E135/><V43/><F122/><W39/><G39/><T65/><D92/><U68/><E68/><V46/><F73/><W11/><G34/><T129/><D129/><U133/><E133/><V86/><F128/><W38/><G38/><T55/><D65/><U100/><E127/><V29/><F29/><W82/><G91/><T51/><D36/><U119/><E119/><V132/><F132/><W121/><G121/><T116/><D116/><U134/><E134/><V78/><F78/><W25/><G11/><T31/><REACH who="0" step="1"/><D24/><REACH who="0" ten="180,290,227,293" step="2"/><U12/><E107/><V123/><F123/><W77/><G25/><T125/><D125/><U118/><E118/><V18/><F103/><W93/><G93/><T8/><D8/><U61/><E106/><V130/><F130/><W111/><G26/><T70/><D70/><U104/><E105/><V9/><REACH who="2" step="1"/><F89/><REACH who="2" ten="180,290,217,293" step="2"/><W85/><G77/><T120/><D120/><U7/><E100/><V33/><F33/><W108/><G111/><T75/><AGARI ba="0,2" hai="4,6,27,31,32,42,44,50,51,55,57,75,79,83" machi="75" ten="20,12000,2" yaku="1,1,0,1,7,1,52,2,53,1" doraHai="2" doraHaiUra="20" who="0" fromWho="0" sc="180,140,290,-30,217,-60,293,-30" /><INIT seed="3,0,0,0,5,73" ten="320,260,157,263" oya="3" hai0="80,70,34,40,63,95,19,87,129,78,115,47,122" hai1="68,131,14,50,52,81,30,33,83,133,100,49,119" hai2="36,43,54,132,112,21,98,89,71,103,56,13,60" hai3="123,94,7,130,77,88,111,41,27,107,32,96,105"/><W121/><G41/><T4/><D122/><N who="3" m="46601" /><G7/><T29/><D4/><U116/><E68/><V101/><F132/><W110/><G130/><T61/><D129/><U18/><E133/><V82/><F112/><W5/><G5/><T104/><D104/><N who="3" m="40009" /><G27/><T46/><D115/><U2/><E2/><V39/><F39/><W106/><G32/><T6/><D6/><U62/><E131/><V58/><F71/><W38/><G38/><T51/><D34/><U28/><E100/><V92/><F36/><W93/><N who="3" m="40017" /><W8/><DORA hai="118" /><G8/><T76/><D29/><N who="1" m="11371" /><E33/><V48/><F82/><N who="1" m="31241" /><E116/><V20/><F20/><W0/><G0/><T108/><D40/><U45/><E119/><V125/><F125/><W11/><G77/><T127/><D78/><U72/><E62/><V24/><F13/><W44/><G44/><T79/><D47/><U90/><E49/><V35/><F35/><W91/><G11/><T84/><D46/><U117/><E117/><V55/><REACH who="2" step="1"/><F43/><REACH who="2" ten="320,260,147,263" step="2"/><W64/><G64/><T69/><D69/><U59/><E14/><V12/><F12/><W9/><G9/><T23/><D70/><U26/><E26/><V1/><F1/><W97/><AGARI ba="0,1" hai="88,91,93,94,96,97,110,111" m="40017,46601" machi="97" ten="50,18000,2" yaku="34,2,52,3,54,1" doraHai="73,118" who="3" fromWho="3" sc="320,-60,260,-60,147,-60,263,190" owari="260,6.0,200,-20.0,87,-41.3,453,55.3" /></mjloggm>