<mjloggm ver="2.3"><GO type="225" lobby="0"/><UN n0="%E3%81%8B%E3%82%8F%E3%81%A1%E3%82%83%E3%82%93%35%38" n1="%E7%99%BD%E5%80%89%E5%AF%9B%E4%B9%8B" n2="%E3%83%96%E3%83%83%E3%83%91%E3%82%AA%E3%83%96%E3%83%81%E3%82%AD%E3%83%B3" n3="%4C%4F%4C%49%54%41" dan="16,16,16,16" rate="2156.11,2143.03,2141.31,2089.59" sx="M,M,M,F"/><TAIKYOKU oya="0"/><INIT seed="0,0,0,3,4,5" ten="250,250,250,250" oya="0" hai0="53,32,56,60,4,109,2,108,39,111,16,18,15" hai1="128,124,117,96,62,45,37,7,112,71,73,91,80" hai2="94,58,133,98,132,87,49,127,54,76,134,86,82" hai3="6,43,11,35,125,46,14,24,89,102,115,123,47"/><T66/><D39/><U77/><E117/><V81/><F127/><W119/><G115/><T9/><D32/><U83/><E124/><V100/><REACH who="2" step="1"/><F82/><REACH who="2" ten="250,250,240,250" step="2"/><W65/><G125/><T107/><D107/><U25/><E83/><V38/><F38/><W113/><G119/><T61/><REACH who="0" step="1"/><D2/><REACH who="0" ten="240,250,240,250" step="2"/><U84/><E112/><V3/><F3/><W101/><G113/><T33/><D33/><U20/><E128/><V95/><F95/><W131/><G35/><T85/><D85/><AGARI ba="0,2" hai="49,54,58,76,81,85,86,87,94,98,100,132,133,134" machi="85" ten="40,2600,0" yaku="1,1,20,1,53,0" doraHai="5" doraHaiUra="110" who="2" fromWho="0" sc="240,-26,250,0,240,46,250,0" /><INIT seed="1,0,0,4,4,122" ten="214,250,286,250" oya="1" hai0="47,94,85,7,95,127,42,117,79,113,88,99,40" hai1="124,59,75,17,41,100,92,133,56,26,109,38,58" hai2="69,4,107,128,82,36,126,98,55,87,118,24,43" hai3="46,11,37,23,116,1,73,20,15,81,29,103,16"/><U9/><E75/><V106/><F118/><W71/><G71/><T65/><D117/><U34/><E124/><V3/><F69/><W44/><G116/><T8/><D113/><U89/><E133/><V115/><F126/><W112/><G112/><T132/><D127/><U96/><E38/><V39/><F115/><W60/><G103/><T27/><D132/><U125/><E41/><V64/><F128/><W78/><G60/><T67/><D27/><U13/><E125/><V5/><F64/><W135/><G135/><T110/><D110/><U51/><E109/><V31/><F55/><W6/><REACH who="3" step="1"/><G37/><REACH who="3" ten="214,250,286,240" step="2"/><T25/><D65/><U80/><E51/><V49/><F49/><W83/><G83/><T63/><D63/><U68/><E68/><V61/><F82/><W32/><G32/><T102/><D67/><U10/><E34/><V131/><F61/><W84/><G84/><T129/><D129/><U50/><E50/><V0/><F87/><W22/><G22/><T14/><D47/><U74/><E74/><V12/><F131/><W28/><G28/><T48/><D48/><U121/><E121/><V2/><F31/><W119/><G119/><T19/><D79/><U101/><E80/><V72/><F72/><W18/><G18/><T77/><D77/><U104/><E104/><V93/><F107/><W120/><G120/><T66/><D66/><U45/><E9/><V52/><F106/><W86/><G86/><T54/><D54/><U97/><E45/><V35/><F36/><W70/><G70/><T62/><D62/><U123/><E123/><V53/><F39/><RYUUKYOKU ba="0,1" sc="214,15,250,-15,286,-15,240,15" hai0="7,8,14,19,25,40,42,85,88,94,95,99,102" hai3="1,6,11,15,16,20,23,29,44,46,73,78,81" /><INIT seed="2,1,1,0,0,87" ten="229,235,271,255" oya="2" hai0="1,21,113,124,42,69,35,105,118,117,99,106,2" hai1="60,95,85,26,74,70,98,19,22,15,125,17,38" hai2="93,48,135,127,71,30,49,121,76,23,59,111,130" hai3="37,132,6,62,50,104,103,64,101,41,68,119,9"/><V92/><F121/><W8/><G119/><N who="0" m="45579" /><D35/><U5/><E74/><V134/><F71/><W83/><G132/><N who="2" m="50729" /><F130/><W89/><G37/><T123/><D123/><U107/><E38/><V43/><F127/><W96/><G103/><T133/><D113/><U36/><E36/><V52/><F76/><W79/><G8/><T46/><D133/><U18/><E125/><V65/><F65/><W51/><G41/><T16/><D69/><U67/><E107/><N who="0" m="40969" /><D99/><U11/><REACH who="1" step="1"/><E85/><REACH who="1" ten="229,225,271,255" step="2"/><V58/><F111/><W90/><G50/><N who="0" m="26967" /><D124/><U14/><E14/><AGARI ba="1,2" hai="1,2,14,16,21" m="26967,40969,45579" machi="14" ten="30,2000,0" yaku="12,1,54,1" doraHai="87" who="0" fromWho="1" sc="229,43,225,-23,271,0,255,0" /><INIT seed="3,0,0,5,2,120" ten="272,202,271,255" oya="3" hai0="30,55,34,71,39,96,92,64,13,79,51,16,100" hai1="10,117,47,101,95,97,7,70,72,86,52,56,0" hai2="54,59,4,33,109,122,60,85,116,43,133,75,112" hai3="38,118,84,132,6,22,106,121,131,14,5,2,49"/><W41/><G121/><T123/><D39/><U15/><E72/><V46/><F122/><W53/><G118/><T50/><D123/><U124/><E117/><V99/><F116/><W90/><G106/><T36/><D36/><U17/><E70/><V83/><F112/><W102/><G102/><T40/><D79/><U65/><E124/><V73/><F133/><W88/><G2/><T119/><D119/><U110/><E110/><V98/><F33/><W42/><G131/><T108/><D108/><U113/><E113/><V66/><F109/><W129/><G129/><T134/><D134/><U126/><E126/><V48/><F4/><N who="3" m="1643" /><G38/><T9/><D71/><U19/><E0/><V1/><F1/><W69/><G69/><T32/><D64/><U25/><E25/><V80/><F75/><W11/><G22/><T35/><D50/><U26/><E26/><V62/><F73/><W61/><G61/><T111/><D40/><N who="3" m="15465" /><G84/><T105/><D111/><U45/><E65/><V78/><REACH who="2" step="1"/><F83/><REACH who="2" ten="272,202,261,255" step="2"/><W94/><G132/><T8/><D34/><U87/><E87/><V125/><F125/><W57/><G94/><T128/><D128/><U114/><BYE who="0" /><E86/><V74/><F74/><W58/><G58/><AGARI ba="0,1" hai="43,46,48,54,58,59,60,62,66,78,80,85,98,99" machi="58" ten="30,3900,0" yaku="1,1,7,1,8,1,53,0" doraHai="120" doraHaiUra="91" who="2" fromWho="3" sc="272,0,202,0,261,49,255,-39" owari="272,7.2,202,-29.8,310,41.0,216,-18.4" /></mjloggm>