<mjloggm ver="2.3"><GO type="225" lobby="0"/><UN n0="%E3%81%99%E3%81%84%E3%81%BE%E3%81%9B%E3%83%BC%E3%82%93" n1="%43%68%65" n2="%4C%4F%4C%49%54%41" n3="%E3%81%8F%E3%82%8B%E3%82%8B" dan="18,16,16,18" rate="2169.14,2192.28,2165.36,2282.68" sx="M,M,F,F"/><TAIKYOKU oya="0"/><INIT seed="0,0,0,0,1,9" ten="250,250,250,250" oya="0" hai0="39,107,73,29,91,86,121,76,7,104,105,33,26" hai1="18,63,20,130,68,67,77,64,6,47,116,61,128" hai2="19,24,25,82,53,98,89,59,0,126,4,23,110" hai3="36,71,101,129,122,16,114,8,22,57,38,65,52"/><T5/><D121/><U112/><E116/><V127/><F110/><W124/><G114/><T83/><REACH who="0" step="1"/><D39/><REACH who="0" ten="240,250,250,250" step="2"/><U13/><E112/><V55/><F126/><W118/><G124/><T42/><D42/><U134/><E134/><V14/><F127/><W78/><G122/><T93/><AGARI ba="0,1" hai="5,7,26,29,33,73,76,83,86,91,93,104,105,107" machi="93" ten="30,3000,0" yaku="1,1,0,1,53,0" doraHai="9" doraHaiUra="54" who="0" fromWho="0" sc="240,40,250,-10,250,-10,250,-10" /><INIT seed="0,1,0,0,5,109" ten="280,240,240,240" oya="0" hai0="127,21,111,20,5,86,43,135,33,92,81,35,87" hai1="97,132,67,106,90,76,55,47,65,121,88,19,34" hai2="64,95,82,32,15,129,14,114,101,117,61,69,73" hai3="119,112,18,1,108,22,48,10,116,50,40,78,130"/><T93/><D127/><U89/><E121/><V105/><F129/><W122/><G130/><T120/><D120/><U110/><E110/><V85/><F117/><W12/><G108/><T80/><D111/><U3/><E132/><V71/><F71/><W28/><G122/><T56/><D56/><U23/><E34/><V70/><F70/><W75/><G50/><T41/><REACH who="0" step="1"/><D5/><REACH who="0" ten="270,240,240,240" step="2"/><U53/><E47/><V115/><F69/><W13/><G119/><T36/><D36/><U62/><E67/><V49/><F64/><W39/><G39/><T60/><D60/><U46/><E65/><V42/><F61/><W133/><G116/><T74/><D74/><U51/><E62/><V66/><F66/><W91/><G75/><T123/><D123/><U98/><E46/><V79/><F73/><W31/><G133/><AGARI ba="1,1" hai="20,21,33,35,41,43,80,81,86,87,92,93,133,135" machi="133" ten="25,4800,0" yaku="1,1,22,2,53,0" doraHai="109" doraHaiUra="68" who="0" fromWho="3" sc="270,61,240,0,240,0,240,-51" /><INIT seed="0,2,0,5,4,104" ten="331,240,240,189" oya="0" hai0="77,36,10,32,115,97,7,61,57,13,54,25,108" hai1="21,66,43,27,71,33,75,35,23,83,12,86,135" hai2="96,28,72,79,126,63,112,20,40,1,45,70,125" hai3="78,120,124,81,60,59,34,88,130,14,2,17,24"/><T116/><D115/><U76/><E135/><V38/><F112/><W26/><G120/><T64/><D116/><U89/><E43/><V94/><F1/><W113/><G113/><T128/><D36/><U102/><E102/><V16/><F28/><W127/><G2/><T22/><D128/><U11/><E66/><V31/><F31/><W69/><G69/><T73/><D32/><U29/><E23/><V109/><F109/><W41/><G41/><T74/><D108/><U107/><E107/><V131/><F131/><W65/><G130/><T5/><D5/><U111/><E71/><V58/><F70/><W51/><G51/><T82/><D97/><U4/><REACH who="1" step="1"/><E111/><REACH who="1" ten="331,230,240,189" step="2"/><V80/><F20/><W47/><G65/><T39/><D39/><U6/><E6/><V91/><REACH who="2" step="1"/><F16/><REACH who="2" ten="331,230,230,189" step="2"/><W85/><G17/><T121/><D22/><U133/><E133/><V103/><F103/><W114/><G114/><T84/><D25/><U118/><E118/><V52/><AGARI ba="2,2" hai="38,40,45,52,58,63,72,79,80,91,94,96,125,126" machi="52" ten="30,8000,1" yaku="1,1,0,1,52,1,54,1,53,1" doraHai="104" doraHaiUra="87" who="2" fromWho="2" sc="331,-42,230,-22,230,106,189,-22" /><INIT seed="1,0,0,4,2,129" ten="289,208,336,167" oya="1" hai0="13,39,24,74,118,125,91,122,60,84,99,30,35" hai1="127,2,132,135,119,51,87,42,85,95,116,23,21" hai2="63,112,14,67,101,94,89,36,25,96,62,82,4" hai3="8,26,98,114,76,64,110,117,40,121,29,65,41"/><U56/><E2/><V22/><F36/><W55/><G121/><T105/><D118/><U43/><E56/><V126/><F126/><W37/><G114/><T48/><D39/><U7/><E7/><V50/><F112/><W15/><G117/><T133/><D74/><U81/><E95/><V69/><F50/><W109/><G76/><T54/><D125/><U11/><E11/><N who="2" m="4455" /><F67/><W10/><G98/><T131/><D131/><U52/><E127/><V61/><F69/><W108/><G55/><T102/><D60/><U53/><REACH who="1" step="1"/><E51/><REACH who="1" ten="289,198,336,167" step="2"/><V115/><F115/><W58/><G8/><T120/><D120/><U3/><E3/><V28/><F82/><AGARI ba="0,1" hai="21,23,42,43,52,53,81,82,85,87,116,119,132,135" machi="82" ten="25,18000,2" yaku="1,1,22,2,52,2,54,1,53,0" doraHai="129" doraHaiUra="27" who="1" fromWho="2" sc="289,0,198,190,336,-180,167,0" /><INIT seed="1,1,0,5,0,115" ten="289,388,156,167" oya="1" hai0="60,80,89,133,24,66,67,108,28,73,8,4,63" hai1="64,95,7,125,88,26,2,112,43,72,23,50,99" hai2="98,62,30,135,52,113,29,131,59,17,33,9,10" hai3="45,129,47,49,91,71,40,14,121,68,102,20,41"/><U126/><E112/><V3/><F113/><W103/><G121/><T90/><D108/><U114/><E114/><V84/><F131/><W48/><G129/><T61/><D133/><U46/><E72/><V75/><F75/><W123/><G123/><T0/><D89/><U79/><E64/><V82/><F135/><W77/><G91/><T57/><D67/><U128/><E128/><V110/><F110/><W83/><G20/><T78/><REACH who="0" step="1"/><D90/><REACH who="0" ten="279,388,156,167" step="2"/><U53/><E79/><V55/><F98/><W13/><G77/><T5/><D5/><U127/><E7/><V116/><F82/><AGARI ba="1,1" hai="13,14,40,41,45,47,48,49,68,71,82,83,102,103" machi="82" ten="25,1600,0" yaku="22,2" doraHai="115" who="3" fromWho="2" sc="279,0,388,0,156,-19,167,29" /><INIT seed="2,0,0,4,3,78" ten="279,388,137,196" oya="2" hai0="112,69,70,22,13,129,45,85,60,135,16,5,81" hai1="10,27,89,41,47,79,86,9,101,104,128,68,39" hai2="58,24,114,52,98,33,54,122,109,97,30,0,4" hai3="23,40,8,48,94,66,34,28,67,19,119,32,91"/><V31/><F114/><W83/><G119/><T87/><D112/><U21/><E68/><V102/><F122/><W96/><G32/><T90/><D135/><U127/><E127/><V53/><F109/><W124/><G124/><T64/><D129/><U15/><E128/><V125/><F125/><W25/><G34/><T1/><D45/><U118/><E79/><V113/><F113/><W55/><G40/><T36/><D36/><U108/><E118/><V115/><F115/><W120/><G120/><T42/><D42/><U95/><E108/><V103/><F31/><W105/><G105/><T134/><D134/><U17/><E104/><V76/><F76/><W100/><G28/><T73/><D73/><U51/><E39/><V12/><F0/><W131/><G8/><N who="1" m="3178" /><E101/><V43/><F43/><W2/><G2/><T110/><D110/><U77/><E77/><V116/><F116/><W92/><G131/><T37/><D37/><U84/><E84/><V75/><F75/><W26/><G26/><AGARI ba="0,0" hai="15,17,21,26,27,41,47,51,86,89,95" m="3178" machi="26" ten="30,1000,0" yaku="8,1" doraHai="78" who="1" fromWho="3" sc="279,0,388,10,137,0,196,-10" /><INIT seed="3,0,0,4,0,109" ten="279,398,137,186" oya="3" hai0="79,48,102,25,46,59,115,40,51,24,129,41,18" hai1="86,126,124,38,29,103,74,17,45,76,69,14,49" hai2="101,118,39,0,111,3,57,122,9,1,22,50,92" hai3="112,71,121,88,68,75,80,81,53,70,27,43,4"/><W35/><G121/><T66/><D129/><U104/><E74/><V37/><F118/><W5/><G43/><T107/><D79/><U23/><E69/><V135/><F111/><W132/><G53/><T55/><D115/><U33/><E38/><V67/><F122/><W26/><G132/><T123/><D123/><U85/><E103/><V105/><F135/><W31/><G27/><T131/><D131/><U11/><E104/><V36/><F105/><W52/><G52/><T32/><D32/><U95/><E33/><V96/><F50/><W47/><G47/><T97/><D41/><N who="1" m="24751" /><E95/><V8/><REACH who="2" step="1"/><F22/><REACH who="2" ten="279,398,127,186" step="2"/><W28/><G35/><T110/><D110/><U63/><E63/><AGARI ba="0,1" hai="0,1,3,8,9,36,37,39,57,63,67,92,96,101" machi="63" ten="50,3200,0" yaku="1,1,2,1,53,0" doraHai="109" doraHaiUra="125" who="2" fromWho="1" sc="279,0,398,-32,127,42,186,0" owari="279,7.9,366,46.6,169,-33.1,186,-21.4" /></mjloggm>