<mjloggm ver="2.3"><GO type="225" lobby="0"/><UN n0="%72%65%6E%6B%75%6E" n1="%E3%81%A8%E3%82%89%E3%81%84%E3%81%A1" n2="%E4%BF%BA%E3%81%A8%E5%A6%96%E5%A4%A2" n3="%E5%8D%A0%E3%81%84%E5%B8%AB%E8%A3%8F%E3%81%AA%E3%81%84%E3%81%97" dan="17,16,16,17" rate="2237.50,2135.70,2208.45,2180.66" sx="M,M,F,M"/><TAIKYOKU oya="0"/><INIT seed="0,0,0,0,4,44" ten="250,250,250,250" oya="0" hai0="134,76,26,37,7,85,31,110,41,62,21,73,24" hai1="99,77,54,105,36,111,3,51,19,57,42,117,113" hai2="132,43,13,52,96,112,103,6,25,45,129,39,9" hai3="61,4,100,107,38,79,92,0,93,98,33,128,91"/><T130/><D134/><U70/><E3/><V120/><F120/><W88/><G33/><T67/><D130/><U104/><E117/><V63/><F132/><W14/><G0/><T102/><D73/><U46/><E111/><V8/><F129/><W22/><G38/><T82/><D7/><U47/><E113/><V78/><F112/><W119/><G119/><T60/><D110/><U126/><E126/><V95/><F78/><W131/><G79/><T84/><D102/><U106/><E77/><V1/><F25/><W68/><G107/><T109/><D109/><U28/><E28/><V135/><F135/><W2/><G2/><T133/><D133/><U121/><E121/><V16/><F63/><W15/><G100/><T90/><D67/><U89/><E70/><V94/><REACH who="2" step="1"/><F52/><REACH who="2" ten="250,250,240,250" step="2"/><W80/><G131/><T20/><D41/><U86/><E46/><V27/><F27/><W125/><G128/><T40/><D40/><U18/><REACH who="1" step="1"/><E99/><REACH who="1" ten="250,240,240,250" step="2"/><V48/><F48/><W71/><G98/><T69/><D37/><U115/><E115/><V5/><F5/><W122/><G4/><T101/><D76/><U11/><E11/><V75/><F75/><W97/><G97/><T56/><D31/><U34/><E34/><V127/><F127/><W32/><G125/><T53/><D85/><U87/><E87/><V55/><F55/><W64/><G32/><T23/><D101/><U72/><E72/><V59/><F59/><N who="3" m="36927" /><G122/><T114/><D114/><U10/><E10/><V66/><F66/><W83/><G68/><T58/><D69/><U50/><E50/><V49/><F49/><RYUUKYOKU ba="0,2" sc="250,10,240,10,240,10,250,-30" hai0="20,21,23,24,26,53,56,58,60,62,82,84,90" hai1="18,19,36,42,47,51,54,57,86,89,104,105,106" hai2="1,6,8,9,13,16,39,43,45,94,95,96,103" /><INIT seed="0,1,2,5,1,113" ten="260,250,250,220" oya="0" hai0="25,40,99,12,78,68,95,47,96,62,2,112,33" hai1="82,29,88,72,69,54,18,34,73,23,114,27,89" hai2="57,94,15,87,36,21,131,4,71,101,11,81,66" hai3="92,17,76,60,51,50,56,8,67,61,1,9,123"/><T103/><D112/><U119/><E114/><V45/><F71/><W43/><G123/><T80/><D2/><U48/><E69/><V37/><F131/><W117/><G117/><T121/><D121/><U134/><E134/><V28/><F45/><N who="3" m="25919" /><G1/><T77/><D33/><U130/><E130/><V97/><F66/><W30/><G30/><T91/><D25/><U10/><E10/><N who="3" m="4202" /><G76/><T31/><D31/><U132/><E132/><V20/><F57/><N who="3" m="37263" /><G92/><T118/><D118/><U122/><E122/><V115/><F115/><W35/><G35/><T41/><D12/><U90/><E119/><V124/><F124/><W24/><G51/><T127/><D127/><U86/><E73/><V129/><F129/><W32/><G32/><T16/><D16/><U133/><E72/><V0/><F0/><W65/><G17/><T107/><D77/><U64/><E64/><V125/><F125/><W14/><G14/><T46/><D68/><U22/><E133/><V52/><F52/><W126/><G126/><T128/><D128/><U5/><E5/><V74/><F74/><W85/><G85/><T84/><REACH who="0" step="1"/><D62/><REACH who="0" ten="250,250,250,220" step="2"/><U109/><E34/><V93/><F28/><W13/><G13/><T6/><D6/><U79/><E79/><N who="2" m="46527" /><F20/><W39/><G39/><T7/><D7/><U44/><REACH who="1" step="1"/><E109/><REACH who="1" ten="250,240,250,220" step="2"/><V49/><F4/><W108/><G108/><T70/><D70/><U105/><E105/><V135/><F135/><W106/><G106/><T75/><D75/><U38/><E38/><V63/><F36/><W58/><G24/><AGARI ba="1,4" hai="18,22,23,24,27,29,44,48,54,82,86,88,89,90" machi="24" ten="30,7700,0" yaku="1,1,7,1,8,1,54,1,53,0" doraHai="113" doraHaiUra="111" who="1" fromWho="3" sc="250,0,240,120,250,0,220,-80" /><INIT seed="1,0,0,1,5,45" ten="250,360,250,140" oya="1" hai0="65,99,111,77,2,75,11,39,80,56,25,28,33" hai1="50,63,102,113,47,103,107,18,109,64,41,30,88" hai2="122,52,57,26,55,116,135,24,27,134,23,6,40" hai3="97,42,61,66,101,115,81,78,128,20,98,86,32"/><U48/><E113/><V12/><F116/><W34/><G115/><T123/><D111/><U120/><E120/><V38/><F122/><W118/><G128/><T92/><D123/><U76/><E109/><V3/><F3/><W15/><G118/><T90/><D39/><U19/><E76/><V14/><F40/><W131/><G131/><T129/><D129/><U100/><E107/><V108/><F38/><W46/><G20/><T59/><REACH who="0" step="1"/><D65/><REACH who="0" ten="240,360,250,140" step="2"/><U4/><E64/><V72/><F108/><W112/><G112/><T124/><D124/><U60/><E102/><V104/><F135/><W44/><G44/><T83/><D83/><U43/><E47/><V49/><F134/><W69/><G15/><T126/><D126/><U29/><E4/><AGARI ba="0,1" hai="2,4,11,25,28,33,56,59,75,77,80,90,92,99" machi="4" ten="40,2600,0" yaku="1,1,53,1" doraHai="45" doraHaiUra="1" who="0" fromWho="1" sc="240,36,360,-26,250,0,140,0" /><INIT seed="2,0,0,3,2,74" ten="276,334,250,140" oya="2" hai0="81,34,40,111,28,94,4,39,102,104,128,101,68" hai1="122,80,124,29,66,134,32,60,87,58,41,103,12" hai2="117,25,46,113,57,118,129,35,84,49,78,42,105" hai3="115,91,76,59,5,37,16,71,89,38,48,119,56"/><V97/><F113/><W13/><G119/><T69/><D94/><U44/><E124/><V112/><F112/><W77/><G71/><T43/><D4/><U15/><E134/><V14/><F129/><W23/><G115/><T95/><D95/><U1/><E1/><V19/><F105/><W2/><G2/><T30/><D81/><U52/><E122/><V107/><F107/><W27/><G37/><T88/><D104/><U72/><E72/><V75/><F75/><W31/><G38/><T51/><D39/><U50/><E103/><V55/><F97/><W24/><G5/><T62/><D51/><N who="1" m="27023" /><E29/><V11/><F35/><W120/><G120/><T0/><D0/><U82/><E32/><V96/><F96/><W108/><G108/><T64/><D64/><U6/><E6/><V116/><F25/><N who="3" m="9803" /><G31/><T125/><D62/><U92/><E92/><V132/><F132/><W85/><G91/><T20/><D20/><U121/><E121/><V65/><F65/><W135/><G135/><T123/><D34/><U126/><E126/><V127/><F127/><W63/><G48/><T130/><D125/><U100/><E100/><V26/><F26/><W22/><G22/><T18/><D18/><U99/><E99/><V47/><REACH who="2" step="1"/><F42/><REACH who="2" ten="276,334,240,140" step="2"/><W70/><G70/><T109/><D123/><U73/><E73/><V3/><F3/><W131/><G131/><T7/><D7/><U79/><E66/><V45/><F45/><W133/><G133/><T21/><D21/><U17/><E87/><V86/><F86/><W67/><G56/><T61/><D130/><U93/><E58/><RYUUKYOKU ba="0,1" sc="276,-15,334,-15,240,15,140,15" hai2="11,14,19,46,47,49,55,57,78,84,116,117,118" hai3="13,16,23,59,63,67,76,77,85,89" /><INIT seed="2,1,1,1,5,33" ten="261,319,255,155" oya="2" hai0="37,124,18,104,31,121,86,94,75,91,115,5,134" hai1="35,114,70,97,90,102,64,68,19,120,38,11,131" hai2="34,7,133,39,100,116,17,129,119,113,63,55,125" hai3="56,43,29,103,109,107,67,13,71,89,23,32,61"/><V9/><F113/><W49/><G109/><T8/><D115/><U60/><E114/><V135/><F39/><W126/><G126/><T30/><D121/><U22/><E35/><V112/><F112/><W127/><G127/><T21/><D124/><U6/><E38/><V15/><F125/><W52/><G89/><T42/><D104/><U96/><E120/><V58/><F34/><W27/><G43/><T130/><D75/><U10/><E131/><V46/><F129/><W20/><REACH who="3" step="1"/><G13/><REACH who="3" ten="261,319,255,145" step="2"/><T12/><D130/><U83/><E90/><V93/><F116/><W88/><G88/><T78/><D78/><U111/><E111/><V3/><F119/><W77/><G77/><T69/><D134/><U95/><E102/><V84/><F135/><W110/><G110/><T118/><D118/><U0/><E0/><V98/><F133/><W4/><G4/><T99/><D99/><AGARI ba="1,2" hai="20,23,27,29,32,49,52,56,61,67,71,99,103,107" machi="99" ten="40,8000,1" yaku="1,1,25,2,54,1,53,1" doraHai="33" doraHaiUra="57" who="3" fromWho="0" sc="261,-83,319,0,255,0,145,103" /><INIT seed="3,0,0,5,2,41" ten="178,319,255,248" oya="3" hai0="77,128,131,104,56,24,98,102,58,95,101,126,5" hai1="108,15,93,38,78,70,60,73,127,76,2,26,129" hai2="103,59,114,32,111,52,54,31,44,35,87,51,40" hai3="112,67,119,25,68,116,16,89,113,61,96,85,1"/><W115/><G1/><T120/><D120/><U80/><E2/><V121/><F114/><W45/><G96/><T122/><D122/><U39/><E78/><V94/><F121/><W92/><G45/><T88/><D5/><U37/><E15/><V97/><F111/><W33/><REACH who="3" step="1"/><G16/><REACH who="3" ten="178,319,255,238" step="2"/><T117/><D117/><U55/><E108/><V30/><F30/><AGARI ba="0,1" hai="25,30,33,61,67,68,85,89,92,112,113,115,116,119" machi="30" ten="40,3900,0" yaku="1,1,2,1,53,0" doraHai="41" doraHaiUra="135" who="3" fromWho="2" sc="178,0,319,0,255,-39,238,49" /><INIT seed="3,1,0,2,4,125" ten="178,319,216,287" oya="3" hai0="84,127,20,111,42,115,85,69,99,23,56,29,9" hai1="6,135,41,48,43,63,75,50,51,109,33,44,119" hai2="70,21,66,26,64,104,108,25,57,28,30,52,76" hai3="13,87,81,62,71,8,117,53,59,39,106,126,134"/><W65/><G117/><T73/><D69/><U0/><E33/><V114/><F114/><W121/><G126/><T10/><D73/><U113/><E113/><V11/><F104/><W24/><G121/><T91/><D115/><U3/><E75/><V93/><F108/><W4/><G134/><T133/><D127/><U112/><E112/><V18/><F70/><W47/><G106/><T15/><D133/><U17/><E135/><V31/><F76/><W45/><G39/><T49/><D111/><U19/><E109/><V123/><F123/><W14/><G24/><T110/><D110/><U58/><E119/><V55/><F55/><W35/><G35/><T22/><D29/><U54/><E50/><V1/><F26/><W5/><G65/><T130/><D130/><U36/><E36/><V37/><F37/><W32/><G32/><T40/><D99/><U78/><E78/><V101/><F1/><W61/><G62/><T79/><D79/><U83/><E83/><V128/><F11/><N who="3" m="4327" /><G71/><T116/><D116/><U131/><E131/><V34/><F128/><W120/><G120/><T98/><D98/><U77/><E77/><AGARI ba="1,0" hai="5,8,14,45,47,53,59,61,77,81,87" m="4327" machi="77" ten="30,1500,0" yaku="8,1" doraHai="125" who="3" fromWho="1" sc="178,0,319,-18,216,0,287,18" owari="178,-32.2,301,10.1,216,-18.4,305,40.5" /></mjloggm>