<mjloggm ver="2.3"><GO type="225" lobby="0"/><UN n0="%E6%98%93%E5%88%A9%E8%96%A9%E4%BC%AF" n1="%E5%91%A8%E6%9D%B1" n2="%E3%80%90%E8%92%BC%E7%90%89%E3%80%91" n3="%E3%83%81%E3%83%A7%E3%83%99%E3%83%83%E3%82%AF" dan="17,16,16,16" rate="2195.19,2144.67,2185.95,2113.60" sx="F,M,F,M"/><TAIKYOKU oya="0"/><INIT seed="0,0,0,2,1,44" ten="250,250,250,250" oya="0" hai0="98,20,120,94,68,48,30,79,91,113,59,83,80" hai1="104,72,4,117,100,73,9,64,10,92,31,22,81" hai2="66,38,87,46,24,99,62,119,90,96,106,131,102" hai3="41,125,67,135,82,109,97,133,49,15,76,95,50"/><T60/><D113/><U19/><E104/><V25/><F131/><W101/><G41/><T28/><D120/><U56/><E117/><V16/><F99/><W75/><G67/><T12/><D68/><U42/><E42/><V34/><F119/><W128/><G125/><T52/><D60/><U45/><E45/><V103/><F103/><W32/><G32/><T74/><REACH who="0" step="1"/><D83/><REACH who="0" ten="240,250,250,250" step="2"/><U69/><E81/><V37/><F62/><W110/><G128/><T111/><D111/><N who="3" m="42505" /><G15/><T86/><D86/><U127/><E69/><V105/><F87/><W35/><G35/><T54/><D54/><U107/><E64/><V13/><F66/><W108/><G108/><T43/><D43/><U23/><E127/><V121/><F34/><W118/><G118/><T18/><AGARI ba="0,1" hai="12,18,20,28,30,48,52,59,74,79,80,91,94,98" machi="18" ten="30,11700,0" yaku="1,1,0,1,52,1,54,1,53,0" doraHai="44" doraHaiUra="116" who="0" fromWho="0" sc="240,127,250,-39,250,-39,250,-39" /><INIT seed="0,1,0,2,5,131" ten="367,211,211,211" oya="0" hai0="110,91,43,11,44,129,34,42,87,61,65,56,9" hai1="68,7,75,98,116,29,52,86,49,79,60,121,124" hai2="54,118,106,78,109,82,0,70,117,69,6,3,20" hai3="108,84,4,74,8,76,53,48,77,31,88,12,135"/><T89/><D34/><U107/><E121/><V134/><F106/><W130/><G108/><T59/><D129/><U92/><E116/><N who="2" m="44651" /><F109/><W13/><G74/><T39/><D110/><U35/><E124/><V57/><F20/><W51/><G130/><T120/><D120/><U47/><E7/><V85/><F134/><W97/><G135/><T36/><D59/><U32/><E29/><V40/><F40/><W96/><G31/><T17/><D17/><U64/><E107/><V126/><F126/><W73/><G13/><T46/><REACH who="0" step="1"/><D91/><REACH who="0" ten="357,211,211,211" step="2"/><U28/><E28/><V16/><F16/><N who="3" m="8199" /><G73/><T132/><D132/><U24/><E75/><V37/><F6/><W21/><G4/><T101/><D101/><U127/><E127/><V22/><F70/><W90/><G90/><T113/><D113/><U41/><E35/><V30/><F69/><W102/><G102/><T125/><D125/><U115/><E32/><V81/><F57/><W119/><G119/><T83/><AGARI ba="1,1" hai="9,11,36,39,42,43,44,46,56,61,65,83,87,89" machi="83" ten="20,7800,0" yaku="1,1,0,1,7,1,9,1,53,0" doraHai="131" doraHaiUra="114" who="0" fromWho="0" sc="357,91,211,-27,211,-27,211,-27" /><INIT seed="0,2,0,5,3,129" ten="448,184,184,184" oya="0" hai0="29,57,38,37,78,107,124,47,46,65,88,55,30" hai1="48,117,77,35,28,53,14,91,52,33,131,112,85" hai2="71,127,97,75,10,49,83,104,89,21,40,113,99" hai3="24,119,96,106,43,68,82,7,103,122,94,58,101"/><T12/><D107/><U73/><E131/><V18/><F71/><W45/><G68/><T110/><D78/><U64/><E117/><V31/><F113/><W98/><G119/><T11/><D65/><U27/><E112/><V50/><F127/><W54/><G122/><T62/><D124/><U34/><E64/><V13/><F104/><W102/><G7/><T92/><D38/><U90/><E73/><V115/><F115/><W125/><G125/><T69/><D110/><U63/><E77/><V22/><F75/><W114/><G114/><T61/><D61/><U109/><E109/><V66/><F66/><W15/><G15/><T42/><D47/><U59/><E14/><V95/><F83/><W23/><G82/><T72/><D72/><U100/><E100/><V120/><F120/><W135/><G135/><T51/><D37/><U3/><E3/><V133/><F133/><W118/><G103/><T6/><REACH who="0" step="1"/><D69/><REACH who="0" ten="438,184,184,184" step="2"/><U2/><E2/><V8/><F50/><N who="3" m="31063" /><G118/><T17/><D17/><U111/><E111/><V5/><F31/><W60/><G60/><T74/><D74/><U116/><E116/><V41/><F49/><W132/><G132/><T39/><D39/><U76/><E76/><V56/><F56/><W44/><G44/><T26/><D26/><U108/><E108/><V4/><F41/><W79/><G79/><T67/><D67/><U19/><E19/><V130/><F40/><W32/><G45/><T9/><D9/><U1/><E48/><V70/><F70/><W80/><G43/><T87/><AGARI ba="2,1" hai="6,11,12,29,30,42,46,51,55,57,62,87,88,92" machi="87" ten="20,12000,1" yaku="1,1,0,1,7,1,8,1,54,1,53,0" doraHai="129" doraHaiUra="16" who="0" fromWho="0" sc="438,136,184,-42,184,-42,184,-42" /><INIT seed="0,3,0,3,1,57" ten="574,142,142,142" oya="0" hai0="31,119,52,68,91,35,128,135,61,104,106,8,81" hai1="45,54,84,133,38,23,51,62,127,132,78,46,1" hai2="80,118,95,9,99,124,2,90,63,116,69,94,88" hai3="25,111,19,0,130,4,121,55,85,102,26,39,107"/><T41/><D119/><N who="2" m="45610" /><F124/><W96/><G111/><T97/><D135/><N who="1" m="51787" /><E1/><V47/><F80/><W98/><G130/><T123/><D123/><U112/><E78/><V37/><F37/><W7/><G39/><T42/><D128/><U126/><E84/><N who="2" m="52487" /><F47/><W92/><G85/><T48/><D41/><N who="1" m="22711" /><E23/><V82/><F82/><W105/><G121/><T122/><D42/><N who="1" m="25047" /><E112/><V93/><F93/><W131/><G107/><T120/><D81/><U27/><E27/><V49/><F49/><W110/><G25/><T70/><D48/><U77/><E77/><V3/><F9/><W29/><G131/><T113/><D8/><U100/><E100/><V83/><F83/><W20/><G110/><T65/><D113/><U87/><E87/><V43/><F43/><W103/><G0/><T58/><D35/><U108/><E108/><V44/><F44/><W114/><G114/><T76/><D76/><U40/><E40/><V109/><F109/><W15/><REACH who="3" step="1"/><G55/><REACH who="3" ten="574,142,142,132" step="2"/><T12/><D52/><U22/><E22/><AGARI ba="3,1" hai="4,7,15,19,20,22,26,29,92,96,98,102,103,105" machi="22" ten="30,3900,0" yaku="1,1,2,1,7,1,53,0" doraHai="57" doraHaiUra="71" who="3" fromWho="1" sc="574,0,142,-48,142,0,132,58" /><INIT seed="1,0,0,5,1,11" ten="574,94,142,190" oya="1" hai0="71,91,131,82,28,29,83,30,66,34,62,98,22" hai1="36,18,58,132,122,96,128,85,78,133,19,23,118" hai2="125,104,37,5,100,99,135,112,92,113,89,95,2" hai3="63,26,60,35,9,53,13,75,72,130,20,123,52"/><U115/><E122/><V127/><F37/><W49/><G35/><T77/><D131/><U109/><E118/><V41/><F41/><W33/><G33/><T0/><D0/><U69/><E69/><V7/><F2/><W57/><G123/><T114/><D114/><N who="2" m="44138" /><F5/><W45/><G63/><T27/><D34/><U25/><E115/><V88/><F7/><W14/><G130/><T105/><D83/><N who="1" m="47351" /><E36/><V31/><F31/><W126/><G126/><N who="2" m="48137" /><F135/><N who="1" m="51785" /><E128/><V38/><F38/><W8/><G75/><T39/><D39/><U81/><E109/><V70/><F70/><W43/><G72/><T121/><D121/><U24/><E81/><V6/><F6/><W64/><G8/><T129/><D129/><U46/><E46/><V86/><F89/><W4/><G13/><T74/><D91/><U108/><E108/><V84/><F84/><W120/><G120/><T32/><D22/><N who="1" m="13399" /><E58/><V107/><AGARI ba="0,0" hai="86,88,92,95,99,100,104,107" m="48137,44138" machi="107" ten="40,8000,1" yaku="11,1,18,1,34,2,54,1" doraHai="11" who="2" fromWho="2" sc="574,-20,94,-40,142,80,190,-20" /><INIT seed="2,0,0,3,2,90" ten="554,54,222,170" oya="2" hai0="128,73,69,102,93,21,13,105,4,112,50,68,0" hai1="12,7,31,134,3,15,67,74,64,133,55,51,104" hai2="39,44,131,30,23,62,92,80,126,20,98,87,123" hai3="1,109,81,95,29,116,91,27,103,129,37,84,124"/><V11/><F123/><W110/><G37/><T36/><D112/><U6/><E104/><V47/><F131/><W111/><G1/><T61/><D36/><U99/><E74/><V82/><F126/><W57/><G116/><T45/><D73/><U125/><E125/><V19/><F62/><W121/><G124/><T85/><D105/><U34/><E99/><V76/><F80/><W113/><G121/><T79/><D0/><U58/><E3/><V88/><F39/><W132/><G132/><T41/><D61/><U40/><E40/><V86/><F86/><W24/><G129/><T127/><D21/><N who="2" m="8266" /><F30/><W108/><G113/><T5/><D128/><U10/><E31/><V46/><F11/><W100/><G111/><T117/><D117/><U42/><E34/><V52/><F19/><W16/><G57/><T122/><D122/><U71/><E42/><V8/><F8/><W72/><G29/><T56/><D127/><U94/><E71/><V49/><AGARI ba="0,0" hai="44,46,47,49,52,76,82,87,88,92,98" m="8266" machi="49" ten="30,11700,0" yaku="8,1,52,1,54,2" doraHai="90" who="2" fromWho="2" sc="554,-39,54,-39,222,117,170,-39" /><INIT seed="2,1,0,1,5,130" ten="515,15,339,131" oya="2" hai0="22,81,117,26,62,23,65,131,13,95,93,10,35" hai1="46,72,43,36,133,39,85,47,83,113,53,11,56" hai2="94,101,19,25,126,29,69,125,49,92,124,50,128" hai3="86,54,64,115,90,9,32,105,79,97,60,18,1"/><V2/><F2/><W59/><G32/><T28/><D117/><U4/><E113/><V135/><F69/><W14/><G1/><T5/><D131/><U106/><E106/><V74/><F128/><W3/><G3/><T127/><D127/><U66/><E66/><V134/><F74/><W30/><G30/><T119/><D119/><U20/><E20/><N who="2" m="13471" /><F29/><W109/><G109/><T24/><D81/><U57/><E133/><N who="2" m="50699" /><F101/><W34/><G34/><T121/><D121/><U98/><E98/><V73/><F73/><W102/><G79/><T55/><D35/><U89/><E72/><V7/><F7/><W44/><G115/><T76/><D5/><U77/><E89/><V21/><F21/><W91/><G86/><T116/><D23/><U58/><E4/><V99/><F99/><W87/><G87/><T82/><D22/><U0/><E0/><V108/><F108/><W71/><G44/><T41/><D28/><U78/><E78/><V42/><F42/><W8/><G9/><T51/><D10/><U110/><E11/><V84/><F92/><W104/><G104/><T70/><D93/><U45/><E110/><V111/><F111/><W67/><G71/><T6/><D95/><U61/><E46/><V75/><F75/><W27/><G27/><T16/><D41/><U12/><E12/><V80/><F94/><W38/><G105/><T63/><D6/><U15/><E15/><V123/><F123/><W17/><G14/><T37/><D13/><U33/><E33/><V122/><F122/><W129/><G129/><T120/><D70/><U48/><E39/><RYUUKYOKU ba="1,0" sc="515,-15,15,15,339,15,131,-15" hai1="36,43,45,47,48,53,56,57,58,61,77,83,85" hai2="49,50,80,84,124,125,126" /><INIT seed="2,2,0,3,0,31" ten="500,30,354,116" oya="2" hai0="102,49,122,5,100,48,45,15,25,80,64,47,67" hai1="95,101,19,36,55,14,91,92,105,128,93,71,6" hai2="131,111,43,65,51,109,35,37,119,134,74,77,116" hai3="78,114,4,44,94,12,87,75,56,18,127,20,52"/><V23/><F37/><W50/><G75/><T69/><D25/><U34/><E128/><V112/><F74/><W121/><G121/><T129/><D69/><U103/><E71/><V57/><F77/><W118/><G118/><N who="2" m="45097" /><F23/><W79/><G127/><T123/><D80/><U66/><E36/><V16/><F112/><W3/><G3/><T28/><D28/><U46/><E105/><V81/><F81/><W83/><G114/><T1/><D1/><U86/><E66/><V21/><F35/><W106/><G106/><T133/><D129/><U38/><E6/><V113/><F113/><W10/><G94/><T53/><D5/><U24/><E38/><V62/><F131/><W42/><G79/><T68/><D68/><U135/><E135/><V60/><F134/><W98/><G98/><T132/><D53/><U96/><E24/><N who="2" m="14375" /><F60/><N who="3" m="35847" /><G20/><T39/><D39/><U11/><E34/><V120/><F120/><W108/><G108/><N who="2" m="41545" /><F51/><W17/><AGARI ba="2,0" hai="4,10,12,17,18,42,44,50,78,83,87" m="35847" machi="17" ten="30,4000,0" yaku="25,1,8,1,54,1" doraHai="31" who="3" fromWho="3" sc="500,-12,30,-12,354,-22,116,46" /><INIT seed="3,0,0,0,2,61" ten="488,18,332,162" oya="3" hai0="118,126,120,40,91,12,70,87,14,129,105,78,57" hai1="100,29,22,89,102,15,106,38,51,16,10,54,27" hai2="50,97,121,39,82,36,20,81,92,90,103,8,112" hai3="55,67,59,44,123,80,71,5,117,4,114,130,47"/><W43/><G80/><T21/><D70/><U131/><E131/><V24/><F112/><W69/><G4/><T18/><D105/><U49/><E38/><V135/><F135/><W132/><G5/><T108/><D108/><U101/><E106/><V45/><F121/><W115/><G123/><T7/><D118/><U122/><E122/><V72/><F72/><W76/><G76/><T26/><D129/><U65/><E89/><V1/><F1/><W48/><G130/><T0/><D40/><U127/><E127/><V23/><F8/><W53/><G117/><T19/><D78/><U95/><E51/><V86/><F81/><W52/><G132/><T63/><D126/><U62/><E95/><V125/><F20/><W107/><G107/><T104/><D104/><U42/><E42/><V75/><F75/><W98/><G98/><T133/><D21/><U128/><E128/><V83/><F83/><W56/><G115/><T88/><D7/><U74/><E74/><V73/><F73/><W37/><G114/><T96/><D0/><U11/><E11/><V64/><F125/><W2/><G2/><T94/><D94/><U66/><REACH who="1" step="1"/><E62/><REACH who="1" ten="488,8,332,162" step="2"/><V35/><F36/><W113/><G113/><T84/><D63/><U134/><E134/><V33/><F39/><W99/><G37/><T6/><D133/><U31/><E31/><V119/><F119/><W46/><G43/><T30/><D30/><U32/><E32/><V116/><F35/><W17/><G48/><T41/><D41/><U25/><E25/><V13/><F116/><W111/><G111/><T109/><D120/><RYUUKYOKU ba="0,1" sc="488,-10,8,30,332,-10,162,-10" hai1="10,15,16,22,27,29,49,54,65,66,100,101,102" owari="488,58.8,38,-46.2,322,12.2,152,-24.8" /></mjloggm>