<mjloggm ver="2.3"><GO type="225" lobby="0"/><UN n0="%E3%83%96%E3%83%83%E3%83%91%E3%82%AA%E3%83%96%E3%83%81%E3%82%AD%E3%83%B3" n1="%E3%82%A2%E3%83%9E%E3%83%9D%EF%BD%9E%EF%BD%9E%E3%83%A9" n2="%E3%81%8B%E3%82%8F%E3%81%A1%E3%82%83%E3%82%93%35%38" n3="%E3%81%94%E3%83%BC%E3%81%A9%E3%82%93" dan="16,17,16,16" rate="2165.53,2119.17,2132.95,2087.53" sx="M,M,M,M"/><TAIKYOKU oya="0"/><INIT seed="0,0,0,5,5,112" ten="250,250,250,250" oya="0" hai0="96,83,1,95,12,45,123,111,84,90,132,34,103" hai1="21,23,49,5,81,30,104,121,92,93,71,114,50" hai2="17,15,88,43,10,53,108,67,36,47,72,39,77" hai3="33,37,52,35,86,117,85,31,115,79,76,135,55"/><T28/><D123/><U42/><E104/><V2/><F108/><W68/><G68/><T26/><D111/><U89/><E71/><V74/><F39/><W24/><G115/><T130/><D132/><U102/><E5/><V87/><F77/><W133/><G24/><T113/><D113/><U9/><E9/><V109/><F109/><W14/><G14/><T105/><D130/><U124/><E124/><V134/><F134/><W73/><G31/><T0/><D45/><N who="1" m="25783" /><E81/><V38/><F38/><W118/><G37/><T4/><REACH who="0" step="1"/><D105/><REACH who="0" ten="240,250,250,250" step="2"/><U61/><E114/><V116/><F116/><W48/><G48/><T122/><D122/><U120/><E50/><V65/><F2/><W106/><G106/><T97/><D97/><U51/><E51/><V58/><F72/><AGARI ba="0,1" hai="33,35,52,55,72,73,76,79,85,86,117,118,133,135" machi="72" ten="25,8000,1" yaku="22,2,52,2,54,1" doraHai="112" who="3" fromWho="2" sc="240,0,250,0,250,-80,250,90" /><INIT seed="1,0,0,1,3,75" ten="240,250,170,340" oya="1" hai0="87,109,42,106,77,56,114,120,134,80,10,79,45" hai1="103,116,76,126,84,98,68,119,60,49,113,9,63" hai2="25,70,82,26,51,58,13,117,44,88,12,123,1" hai3="59,93,41,81,71,2,38,78,102,110,4,111,118"/><U18/><E113/><V85/><F117/><W89/><G71/><T128/><D114/><U86/><E126/><V40/><F123/><W46/><G118/><T73/><D120/><U43/><E68/><V124/><F124/><W34/><G34/><T28/><D106/><U0/><E0/><V24/><F1/><W31/><G31/><T23/><D109/><U127/><E127/><V66/><REACH who="2" step="1"/><F70/><REACH who="2" ten="240,250,160,340" step="2"/><W19/><G2/><T105/><D128/><U121/><E121/><V107/><F107/><W14/><G110/><T96/><D105/><U91/><E119/><V132/><F132/><W30/><G111/><T65/><D134/><U52/><E116/><V35/><F35/><W69/><G69/><T11/><D73/><U64/><E43/><V133/><F133/><W112/><G41/><T5/><D42/><U131/><E131/><V20/><F20/><W7/><G112/><T115/><D23/><U101/><E9/><V67/><F67/><W62/><G38/><T37/><D65/><U72/><E64/><V125/><F125/><W33/><G33/><T50/><D37/><U129/><E129/><V74/><F74/><W122/><G122/><T39/><D39/><U16/><E72/><V100/><F100/><W92/><G102/><T108/><D11/><U130/><E103/><V32/><F32/><W99/><G4/><T8/><D5/><U15/><E101/><V17/><F17/><W95/><G19/><T61/><D8/><N who="1" m="6247" /><E130/><V21/><F21/><W53/><G7/><T135/><D135/><U104/><E18/><V6/><F6/><W3/><G3/><RYUUKYOKU ba="0,1" sc="240,-10,250,-10,160,30,340,-10" hai2="12,13,24,25,26,40,44,51,58,66,82,85,88" /><INIT seed="2,1,1,3,5,33" ten="230,240,190,330" oya="2" hai0="127,38,122,36,48,135,114,37,130,46,67,63,59" hai1="93,101,25,115,119,98,17,62,14,89,111,112,107" hai2="74,27,20,64,108,35,4,104,8,69,9,83,96" hai3="105,0,116,57,31,55,45,128,90,91,56,6,5"/><V123/><F123/><W133/><G116/><T117/><D122/><U118/><E25/><V106/><F108/><W82/><G105/><T87/><D117/><N who="1" m="44555" /><E17/><V1/><F20/><W71/><G45/><T77/><D114/><N who="1" m="43563" /><E14/><V109/><F109/><W102/><G31/><T41/><D127/><U51/><E51/><V78/><F96/><W95/><G6/><T26/><D130/><U110/><E62/><N who="2" m="40087" /><F8/><W21/><G5/><T2/><D135/><U7/><E7/><V23/><F23/><W11/><G21/><T100/><D26/><U94/><E94/><V97/><F97/><AGARI ba="1,1" hai="89,93,97,98,101,107,110,111" m="43563,44555" machi="97" ten="40,2600,0" yaku="34,2" doraHai="33" who="1" fromWho="2" sc="230,0,240,39,190,-29,330,0" /><INIT seed="3,0,0,1,2,71" ten="230,279,161,330" oya="3" hai0="90,87,16,86,129,26,134,93,78,116,19,130,4" hai1="89,48,39,22,133,34,28,109,88,100,14,31,45" hai2="13,62,2,107,25,65,12,21,113,61,55,75,101" hai3="52,118,49,105,0,42,126,110,64,115,66,96,47"/><W67/><G115/><T121/><D116/><U46/><E109/><V50/><F113/><W59/><G0/><T68/><D121/><U111/><E111/><V60/><F75/><W17/><G17/><T80/><D134/><U117/><E133/><V132/><F2/><W72/><G72/><T83/><D68/><U33/><E100/><V5/><F107/><W20/><G20/><T135/><D135/><U44/><E39/><V35/><F35/><W124/><G96/><T84/><D4/><U70/><E70/><V99/><F132/><W56/><G105/><T82/><D26/><U94/><E117/><V108/><F108/><W125/><G110/><T127/><D127/><U11/><E48/><V122/><F122/><W114/><G118/><T85/><REACH who="0" step="1"/><D78/><REACH who="0" ten="220,279,161,330" step="2"/><U112/><E112/><V36/><F36/><N who="3" m="21959" /><G114/><T131/><AGARI ba="0,1" hai="16,19,80,82,83,84,85,86,87,90,93,129,130,131" machi="131" ten="40,12000,2" yaku="1,1,0,1,29,2,19,1,54,1,53,0" doraHai="71" doraHaiUra="1" who="0" fromWho="0" sc="220,130,279,-30,161,-30,330,-60" owari="350,45.0,249,-15.1,131,-36.9,270,7.0" /></mjloggm>