<mjloggm ver="2.3"><GO type="225" lobby="0"/><UN n0="%E7%9A%AE%E3%80%85" n1="%72%69%6F%75%63%68%61%6E" n2="%E7%B4%94%E6%BD%94%E3%83%94%E3%83%A9%E3%83%8B%E3%82%A2" n3="%E3%83%8F%E3%83%B3%E3%83%89%E3%83%A9%E3%83%BC%E3%83%BB%E3%83%AF%E3%83%B3" dan="16,16,17,18" rate="2159.30,2092.87,2201.22,2273.81" sx="F,M,M,M"/><TAIKYOKU oya="0"/><INIT seed="0,0,0,0,4,47" ten="250,250,250,250" oya="0" hai0="115,65,43,130,117,135,99,113,103,86,104,42,121" hai1="66,69,108,4,109,81,13,78,33,9,20,0,71" hai2="53,85,131,56,15,36,28,57,41,110,116,48,124" hai3="118,59,7,102,31,94,34,50,93,120,55,39,21"/><T89/><D65/><U125/><E125/><V23/><F124/><W18/><G118/><T35/><D35/><U61/><E33/><V6/><F116/><W111/><G39/><T72/><D42/><U133/><E133/><V134/><F134/><W8/><G111/><N who="1" m="42570" /><E20/><V12/><F110/><W105/><G120/><T64/><D64/><U73/><E13/><V80/><F131/><W49/><G31/><T101/><D43/><U100/><E100/><V123/><F123/><W128/><G34/><T87/><D117/><U19/><E19/><N who="2" m="10727" /><F36/><W97/><G128/><T58/><D58/><AGARI ba="0,0" hai="0,4,9,58,61,66,69,71,73,78,81" m="42570" machi="58" ten="30,1000,0" yaku="14,1" doraHai="47" who="1" fromWho="0" sc="250,-10,250,10,250,0,250,0" /><INIT seed="1,0,0,3,0,133" ten="240,260,250,250" oya="1" hai0="46,102,90,31,121,65,69,74,43,131,111,61,19" hai1="79,87,9,81,119,2,77,107,20,40,101,55,41" hai2="72,99,118,25,66,63,71,73,45,120,13,135,68" hai3="127,86,108,23,35,88,49,132,32,122,117,89,26"/><U37/><E119/><V44/><F118/><W29/><G117/><T6/><D74/><U12/><E37/><V106/><F120/><W91/><G122/><T105/><D121/><U27/><E2/><V7/><F135/><W48/><G132/><T93/><D111/><U116/><E116/><V28/><F68/><W60/><G108/><T103/><D131/><U8/><E79/><V15/><F72/><W130/><G130/><T58/><D105/><U33/><E33/><V83/><F83/><W112/><G112/><T18/><D69/><U94/><E107/><V134/><F73/><W30/><G86/><N who="0" m="52439" /><D6/><U50/><E94/><V4/><F4/><W10/><G10/><N who="1" m="4202" /><E12/><V24/><F24/><W11/><G11/><T36/><D31/><N who="1" m="17895" /><E101/><N who="0" m="38409" /><D36/><U51/><E51/><V22/><F7/><W104/><G104/><T85/><D85/><U16/><E16/><N who="0" m="6185" /><D46/><AGARI ba="0,0" hai="40,41,46,50,55,77,81,87" m="17895,4202" machi="46" ten="30,1500,0" yaku="8,1" doraHai="133" who="1" fromWho="0" sc="240,-15,260,15,250,0,250,0" /><INIT seed="1,1,0,2,5,43" ten="225,275,250,250" oya="1" hai0="130,56,35,76,59,111,68,41,121,28,114,97,125" hai1="117,96,25,110,83,39,31,116,107,129,99,65,120" hai2="45,61,104,66,94,55,64,123,49,106,60,11,71" hai3="78,105,73,37,132,13,8,93,85,75,21,112,87"/><U17/><E120/><V1/><F123/><W108/><G37/><T14/><D121/><U34/><E129/><V131/><F131/><W62/><G105/><T118/><D130/><U30/><E110/><V52/><F55/><W12/><G112/><T15/><D114/><U113/><E113/><V9/><F94/><W133/><G108/><T92/><D68/><U46/><E31/><V115/><F115/><W20/><G62/><T119/><D111/><U27/><E96/><V40/><F40/><W63/><G63/><T22/><D76/><U88/><E65/><V77/><F77/><W47/><G78/><T82/><D82/><U54/><E107/><V74/><F74/><W122/><G122/><T16/><D15/><U53/><E17/><V103/><F1/><W3/><G3/><T86/><D86/><U48/><E25/><V89/><F89/><W95/><G8/><T79/><D79/><U80/><E39/><V10/><REACH who="2" step="1"/><F103/><REACH who="2" ten="225,275,240,250" step="2"/><W100/><G100/><T98/><D41/><U126/><E53/><V90/><F90/><W33/><G33/><T4/><D35/><U135/><E88/><V2/><F2/><W18/><G75/><T23/><D92/><U127/><E34/><V26/><F26/><W32/><G73/><T24/><D24/><U29/><E27/><V91/><F91/><W42/><G32/><T0/><D0/><U51/><E54/><V5/><F5/><W69/><G95/><T36/><D4/><U67/><E67/><V58/><AGARI ba="1,1" hai="9,10,11,45,49,52,58,60,61,64,66,71,104,106" machi="58" ten="30,7900,0" yaku="1,1,0,1,52,1,54,1,53,0" doraHai="43" doraHaiUra="72" who="2" fromWho="2" sc="225,-21,275,-40,240,92,250,-21" /><INIT seed="2,0,0,3,0,25" ten="204,235,332,229" oya="2" hai0="132,75,37,49,124,11,6,81,62,72,80,22,40" hai1="135,102,20,13,51,123,14,42,18,96,54,3,27" hai2="131,116,53,55,52,1,97,4,105,64,126,26,127" hai3="74,122,56,24,111,57,46,128,118,66,133,89,73"/><V38/><F38/><W106/><G118/><T112/><D112/><U41/><E135/><V121/><F116/><W63/><G122/><T70/><D132/><U65/><E123/><V16/><F121/><W44/><G133/><T120/><D120/><U103/><E3/><V32/><F131/><W19/><G106/><T84/><D37/><U21/><E65/><V67/><F4/><W117/><G117/><T45/><D124/><N who="2" m="47658" /><F1/><W100/><G100/><N who="1" m="38442" /><E96/><V134/><F134/><W85/><G111/><T28/><D70/><U94/><E94/><V104/><F97/><W50/><G128/><T7/><D80/><U0/><E0/><V15/><F67/><W88/><G73/><T76/><D62/><U119/><E119/><V108/><F64/><W10/><G74/><T114/><D114/><U115/><E115/><V69/><F69/><W78/><G66/><T2/><REACH who="0" step="1"/><D7/><REACH who="0" ten="194,235,332,229" step="2"/><U107/><E107/><V129/><F129/><W68/><G63/><T91/><D91/><U48/><E48/><V36/><F36/><W58/><G50/><T79/><D79/><U87/><E87/><V23/><F108/><W39/><G39/><T71/><D71/><U30/><E13/><V34/><F15/><N who="3" m="7671" /><G68/><T31/><D31/><U101/><E101/><V47/><F105/><W109/><G109/><T17/><D17/><U110/><E110/><V86/><F104/><W77/><G89/><T93/><D93/><U83/><E83/><V43/><F86/><W95/><G24/><AGARI ba="0,1" hai="2,6,11,22,24,28,40,45,49,72,75,76,81,84" machi="24" ten="40,2600,0" yaku="1,1,52,1,53,0" doraHai="25" doraHaiUra="8" who="0" fromWho="3" sc="194,36,235,0,332,0,229,-26" /><INIT seed="3,0,0,5,0,107" ten="230,235,332,203" oya="3" hai0="35,84,96,121,113,106,128,16,42,20,75,38,52" hai1="74,29,70,130,86,108,112,120,44,48,118,7,125" hai2="68,59,22,49,99,53,4,18,30,102,97,31,58" hai3="47,116,5,85,80,34,60,13,17,27,103,62,109"/><W94/><G116/><T65/><D121/><U88/><E74/><V14/><F68/><W131/><G131/><T50/><D35/><U46/><E120/><V101/><F4/><W105/><G105/><T32/><D32/><U41/><E112/><V43/><F43/><W122/><G122/><T87/><D128/><U111/><E125/><V73/><F73/><W104/><G104/><T78/><D65/><U33/><E70/><V129/><F58/><W135/><G135/><T61/><D38/><U71/><E71/><V11/><F129/><W98/><G109/><N who="1" m="42058" /><E130/><V72/><F72/><W10/><G47/><N who="0" m="25975" /><D75/><U9/><E118/><V63/><F49/><W39/><G39/><T3/><D3/><N who="1" m="255" /><E44/><V69/><F11/><W23/><REACH who="3" step="1"/><G34/><REACH who="3" ten="230,235,332,193" step="2"/><T117/><D117/><U132/><E132/><V67/><F67/><W55/><G55/><T26/><D113/><U90/><E33/><V56/><F53/><W89/><AGARI ba="0,1" hai="5,10,13,17,23,27,60,62,80,85,89,94,98,103" machi="89" ten="20,12000,1" yaku="1,1,0,1,7,1,8,1,53,1" doraHai="107" doraHaiUra="19" who="3" fromWho="3" sc="230,-40,235,-40,332,-40,193,130" owari="190,-31.0,195,-20.5,292,9.2,323,42.3" /></mjloggm>