<mjloggm ver="2.3"><GO type="225" lobby="0"/><UN n0="%72%69%6F%75%63%68%61%6E" n1="%E3%81%A4%E3%81%A3%E3%81%B1%E3%82%8A%E3%83%9D%E3%83%BC%E3%83%AB" n2="%E3%81%B7%E3%82%8B%E3%81%B7%E3%82%8B%E3%81%A0%E3%81%9E" n3="%E6%97%A5%E6%9B%9C%E6%97%A5%E3%82%88%E3%82%8A%E3%81%AE%E4%BD%BF%E8%80%85" dan="16,17,16,17" rate="2125.30,2157.08,2094.03,2184.61" sx="M,M,M,M"/><TAIKYOKU oya="0"/><INIT seed="0,0,0,0,4,79" ten="250,250,250,250" oya="0" hai0="57,104,87,64,86,54,91,5,133,58,23,84,17" hai1="107,121,70,21,11,131,55,3,20,113,65,127,48" hai2="30,45,85,4,110,18,29,14,27,60,77,81,19" hai3="118,132,53,98,43,114,34,135,88,96,130,100,13"/><T38/><D133/><N who="3" m="51273" /><G114/><T108/><D104/><U120/><E107/><V126/><F110/><W35/><G118/><T111/><D38/><U6/><E113/><V0/><F126/><W25/><G130/><T22/><D5/><U89/><E127/><V36/><F0/><W59/><G43/><T47/><D91/><U122/><E131/><V52/><F30/><W15/><G100/><T109/><D64/><U26/><E89/><V49/><F36/><W10/><G15/><T62/><D47/><U101/><E101/><V82/><F60/><N who="3" m="35951" /><G25/><T31/><D31/><U90/><E26/><V105/><F105/><W106/><G106/><T93/><D93/><U2/><E2/><V128/><F128/><W134/><N who="3" m="51281" /><W40/><DORA hai="94" /><G40/><T117/><D117/><U83/><E65/><V32/><REACH who="2" step="1"/><F81/><REACH who="2" ten="250,250,240,250" step="2"/><W78/><G78/><T74/><D74/><U41/><E83/><V63/><F63/><W97/><G88/><T125/><D125/><U95/><E90/><V73/><F73/><W68/><G68/><T116/><D116/><U92/><E70/><V42/><F42/><W44/><G44/><T37/><D37/><U129/><E41/><V69/><F69/><W119/><G119/><T8/><REACH who="0" step="1"/><D58/><REACH who="0" ten="240,250,240,250" step="2"/><N who="1" m="33127" /><E129/><V24/><F24/><W66/><G66/><T7/><D7/><AGARI ba="0,2" hai="7,10,13,34,35,96,97,98" m="35951,51281" machi="7" ten="40,8000,1" yaku="20,1,52,3" doraHai="79,94" who="3" fromWho="0" sc="240,-80,250,0,240,0,250,100" /><INIT seed="1,0,0,0,3,118" ten="160,250,240,350" oya="1" hai0="60,91,19,92,33,99,128,31,124,48,134,125,13" hai1="66,127,30,46,51,135,89,43,37,76,111,24,69" hai2="72,0,44,82,3,20,42,85,54,100,35,52,110" hai3="106,68,15,98,90,9,26,63,1,108,73,32,103"/><U117/><E117/><V129/><F35/><W7/><G73/><T86/><D128/><U133/><E127/><V11/><F129/><W61/><G108/><T87/><D134/><N who="1" m="51211" /><E111/><V21/><F110/><W45/><G90/><T126/><D60/><N who="1" m="40135" /><E76/><V49/><F100/><W114/><G114/><T36/><D36/><U122/><E89/><V41/><F72/><W12/><G45/><T102/><D48/><U16/><E16/><V5/><F3/><W78/><G78/><T104/><D86/><U10/><E10/><V75/><F75/><W121/><G63/><T113/><D113/><U25/><E51/><V123/><F123/><W83/><G121/><T84/><D84/><U27/><E122/><V53/><REACH who="2" step="1"/><F42/><REACH who="2" ten="160,250,230,350" step="2"/><W2/><G2/><T62/><D62/><U120/><E120/><V67/><F67/><W81/><G61/><T39/><D39/><U79/><E79/><AGARI ba="0,1" hai="0,5,11,20,21,41,44,49,52,53,54,79,82,85" machi="79" ten="40,8000,1" yaku="1,1,54,1,53,2" doraHai="118" doraHaiUra="17" who="2" fromWho="1" sc="160,0,250,-80,230,90,350,0" /><INIT seed="2,0,0,1,0,128" ten="160,170,320,350" oya="2" hai0="11,135,26,6,53,80,87,59,19,124,134,68,39" hai1="131,33,36,52,72,18,48,105,37,120,49,3,61" hai2="45,102,2,122,91,58,82,81,108,74,64,110,88" hai3="116,84,85,38,130,15,92,125,57,25,13,46,89"/><V42/><F122/><W14/><G116/><T28/><D68/><U95/><E105/><V60/><F2/><W115/><G130/><T114/><D114/><U10/><E131/><V1/><F1/><W34/><G115/><T133/><D39/><U51/><E33/><V23/><F102/><W106/><G106/><T86/><D124/><U73/><E120/><V99/><F23/><W98/><G125/><T20/><D28/><U96/><E37/><V31/><F31/><W112/><G57/><T43/><D43/><U78/><E36/><N who="2" m="21703" /><F99/><W97/><G97/><T12/><D80/><N who="2" m="30826" /><F74/><W119/><G112/><T132/><D133/><U7/><E78/><V35/><F35/><W83/><G119/><T21/><D21/><U66/><E73/><V44/><F44/><W40/><G83/><T117/><D117/><U54/><E72/><V65/><F65/><W121/><G121/><T8/><D11/><U41/><E41/><V79/><F79/><W76/><G76/><T69/><D69/><U17/><E54/><V71/><F71/><W77/><G77/><T123/><D123/><U126/><E52/><V101/><F101/><W55/><G55/><T129/><D129/><U104/><E126/><V109/><AGARI ba="0,0" hai="58,60,64,88,91,108,109,110" m="30826,21703" machi="109" ten="40,7800,0" yaku="14,1,10,1,54,1" doraHai="128" who="2" fromWho="2" sc="160,-26,170,-26,320,78,350,-26" /><INIT seed="2,1,0,2,5,97" ten="134,144,398,324" oya="2" hai0="88,41,119,76,18,39,65,69,24,10,80,102,90" hai1="22,45,104,112,19,6,61,0,33,54,100,116,11" hai2="110,47,113,63,73,95,56,35,12,92,5,85,81" hai3="115,134,37,127,23,111,107,123,40,17,108,122,86"/><V101/><F113/><W98/><G40/><T106/><D119/><U87/><E116/><V3/><F35/><W26/><G37/><T55/><D55/><U70/><E112/><V44/><F3/><W66/><G66/><T129/><D129/><U72/><E72/><V118/><F73/><W67/><G67/><T117/><D117/><U51/><E33/><V48/><F118/><W96/><G115/><T130/><D130/><U62/><E70/><V2/><F2/><W89/><G127/><T46/><D69/><U36/><E36/><V34/><F34/><W28/><G28/><T68/><D106/><U20/><E87/><V83/><F110/><N who="3" m="42027" /><G134/><T77/><D102/><U27/><REACH who="1" step="1"/><E22/><REACH who="1" ten="134,134,398,324" step="2"/><V25/><F85/><W8/><G86/><T58/><D68/><U15/><E15/><V52/><F12/><W38/><G38/><T126/><D126/><U7/><E7/><V114/><F5/><W29/><G23/><T78/><D80/><U99/><AGARI ba="1,1" hai="0,6,11,19,20,27,45,51,54,61,62,99,100,104" machi="99" ten="30,4000,0" yaku="1,1,0,1,52,1,53,0" doraHai="97" doraHaiUra="128" who="1" fromWho="1" sc="134,-11,134,53,398,-21,324,-11" /><INIT seed="3,0,0,5,3,99" ten="123,187,377,313" oya="3" hai0="131,17,48,115,98,42,93,25,14,132,75,20,46" hai1="13,22,43,133,21,4,127,94,119,82,38,71,80" hai2="108,30,67,69,7,62,89,106,6,57,61,134,130" hai3="90,0,29,101,126,85,53,16,45,102,105,28,77"/><W52/><G0/><T10/><D131/><U135/><E71/><V47/><F106/><W91/><G105/><T104/><D132/><N who="1" m="50763" /><E127/><V88/><F130/><W9/><G77/><T5/><D115/><U109/><E109/><V92/><F108/><W26/><G126/><T83/><D104/><U18/><E119/><V114/><F114/><W37/><G37/><T117/><D117/><U50/><E38/><V65/><F134/><W1/><G1/><T34/><D34/><U110/><E110/><V112/><F112/><W39/><G39/><T73/><REACH who="0" step="1"/><D83/><REACH who="0" ten="113,187,377,313" step="2"/><U107/><E107/><V15/><F30/><N who="3" m="11883" /><G90/><T23/><D23/><U2/><E22/><V66/><F89/><W41/><G41/><T87/><D87/><U124/><E124/><V121/><F88/><W84/><G84/><T111/><D111/><U86/><E94/><V55/><F92/><N who="3" m="54383" /><G9/><T129/><D129/><U120/><E86/><V49/><F121/><W128/><G128/><T8/><D8/><N who="1" m="2071" /><E120/><V56/><F69/><W97/><G97/><T33/><D33/><U68/><E68/><V81/><F81/><W95/><G95/><T59/><D59/><U63/><E82/><V122/><F122/><W40/><G40/><T103/><AGARI ba="0,1" hai="5,10,14,17,20,25,42,46,48,73,75,93,98,103" machi="103" ten="20,5200,0" yaku="1,1,0,1,7,1,52,1,53,0" doraHai="99" doraHaiUra="27" who="0" fromWho="0" sc="113,62,187,-13,377,-13,313,-26" owari="175,-22.5,174,-32.6,364,46.4,287,8.7" /></mjloggm>