<mjloggm ver="2.3"><GO type="225" lobby="0"/><UN n0="%E3%82%AF%E3%82%A3%E3%82%A6" n1="%4C%4F%4C%49%54%41" n2="%E3%81%90%E3%81%A1%E3%82%84%E3%81%BE" n3="%E3%81%AF%E3%82%88%E3%81%8A%E3%81%98%E3%81%95%E3%82%93" dan="16,16,16,17" rate="2049.55,2108.55,2160.14,2147.79" sx="M,F,M,M"/><TAIKYOKU oya="0"/><INIT seed="0,0,0,3,5,15" ten="250,250,250,250" oya="0" hai0="16,122,123,6,108,95,87,33,3,29,52,105,119" hai1="82,13,7,117,64,111,86,115,85,61,71,51,62" hai2="101,84,57,37,22,133,127,91,59,1,45,19,43" hai3="11,56,77,9,75,120,50,70,131,65,94,102,17"/><T89/><D105/><U66/><E117/><V55/><F127/><W46/><G70/><T100/><D119/><U106/><E106/><V32/><F133/><W5/><G131/><T42/><D100/><U130/><E111/><V116/><F32/><W23/><G120/><T128/><D128/><U31/><E130/><V134/><F134/><W67/><G77/><T40/><D108/><U30/><E51/><V124/><F124/><W2/><G75/><T98/><D33/><U47/><E47/><V88/><F116/><W96/><G11/><T58/><D29/><U92/><E92/><V79/><F1/><W34/><G56/><T14/><D3/><U20/><E115/><V103/><F79/><W39/><G39/><T132/><D132/><U90/><E85/><V38/><F38/><W69/><G69/><T97/><D123/><U126/><E126/><V44/><F44/><W81/><G81/><N who="0" m="49391" /><D122/><U110/><E110/><V4/><F4/><W129/><G34/><T135/><D6/><U25/><E7/><V41/><F41/><N who="0" m="15978" /><D135/><U53/><E31/><V80/><F91/><W27/><REACH who="3" step="1"/><G129/><REACH who="3" ten="250,250,250,240" step="2"/><T113/><D113/><U24/><E71/><V74/><F74/><W36/><G36/><T112/><D112/><U73/><E73/><V21/><F37/><W99/><G99/><T0/><D0/><U118/><E118/><V63/><F80/><W54/><AGARI ba="0,1" hai="2,5,9,17,23,27,46,50,54,65,67,94,96,102" machi="54" ten="20,5200,0" yaku="1,1,0,1,7,1,52,1,53,0" doraHai="15" doraHaiUra="10" who="3" fromWho="3" sc="250,-26,250,-13,250,-13,240,62" /><INIT seed="1,0,0,2,5,33" ten="224,237,237,302" oya="1" hai0="29,46,7,30,70,44,39,66,110,27,50,127,60" hai1="74,84,101,55,58,11,95,13,107,37,72,104,12" hai2="125,63,67,98,47,119,134,20,14,97,25,40,6" hai3="130,80,75,131,88,5,59,122,9,124,116,38,69"/><U71/><E71/><V65/><F125/><W113/><G69/><T17/><D110/><U68/><E68/><V129/><F134/><W77/><G122/><T53/><D127/><U109/><E37/><V76/><F129/><N who="3" m="49163" /><G124/><T115/><D115/><U108/><E74/><V82/><F119/><W106/><G113/><T18/><D7/><U24/><E72/><V126/><F126/><W21/><G106/><T64/><D64/><U120/><E120/><V1/><F1/><N who="3" m="175" /><G116/><T52/><D30/><U117/><E117/><V99/><F63/><W79/><G38/><T36/><D36/><U32/><E32/><V54/><F54/><W22/><G79/><T23/><REACH who="0" step="1"/><D39/><REACH who="0" ten="214,237,237,302" step="2"/><U10/><E108/><V26/><F67/><W93/><G59/><T73/><D73/><U94/><E58/><V28/><F65/><W19/><G19/><T112/><D112/><U121/><E109/><V89/><F6/><W118/><G118/><T90/><D90/><U102/><E121/><V128/><F89/><W0/><G0/><T48/><AGARI ba="0,1" hai="17,18,23,27,29,44,46,48,50,52,53,60,66,70" machi="48" ten="30,12000,2" yaku="1,1,0,1,9,1,54,1,53,2" doraHai="33" doraHaiUra="15" who="0" fromWho="0" sc="214,130,237,-60,237,-30,302,-30" /><INIT seed="2,0,0,0,2,11" ten="344,177,207,272" oya="2" hai0="48,65,100,53,51,122,72,54,58,77,64,40,29" hai1="88,20,6,10,120,106,89,131,117,97,133,69,33" hai2="21,52,7,30,132,101,135,0,98,14,76,55,111" hai3="25,78,119,113,4,80,74,17,32,134,49,115,3"/><V96/><F111/><W112/><G119/><T1/><D122/><U109/><E33/><V94/><F76/><W85/><G134/><N who="2" m="51241" /><F0/><W116/><G116/><T68/><D29/><U57/><E117/><V62/><F62/><W27/><G32/><T56/><D100/><U66/><E133/><V37/><F37/><W44/><G17/><T73/><D1/><U12/><E131/><V26/><F98/><W71/><G71/><T60/><D77/><U79/><E109/><V129/><F129/><W18/><G18/><T36/><D65/><U87/><E69/><V127/><F127/><W13/><G3/><T42/><D42/><U47/><E47/><AGARI ba="0,0" hai="36,40,47,48,51,53,54,56,58,60,64,68,72,73" machi="47" ten="40,5200,0" yaku="9,1,24,2" doraHai="11" who="0" fromWho="1" sc="344,52,177,-52,207,0,272,0" /><INIT seed="3,0,0,3,3,128" ten="396,125,207,272" oya="3" hai0="17,47,94,66,72,112,37,115,78,54,96,44,25" hai1="108,81,75,119,20,4,33,38,126,127,45,134,99" hai2="65,91,27,77,12,88,6,9,59,34,101,51,105" hai3="62,41,79,7,58,64,103,83,84,95,67,85,60"/><W55/><G41/><T46/><D66/><U36/><E108/><V93/><F105/><W109/><G109/><T114/><D78/><U8/><E119/><V86/><F34/><W74/><G7/><T130/><D130/><U131/><E131/><V42/><F27/><W71/><G103/><T92/><D72/><U120/><E120/><V113/><F113/><W129/><G129/><T48/><D37/><U90/><E33/><V132/><F132/><W28/><G28/><T117/><D117/><U111/><E111/><V82/><F65/><W57/><G95/><N who="0" m="36395" /><D96/><U70/><E70/><V104/><F104/><W13/><G13/><T31/><D17/><U135/><E99/><N who="2" m="59631" /><F59/><W49/><AGARI ba="0,0" hai="49,55,57,58,60,62,64,67,71,74,79,83,84,85" machi="49" ten="20,2100,0" yaku="0,1,7,1" doraHai="128" who="3" fromWho="3" sc="396,-7,125,-7,207,-7,272,21" /><INIT seed="3,1,0,3,5,108" ten="389,118,200,293" oya="3" hai0="42,84,65,54,18,101,132,104,89,12,83,26,61" hai1="48,121,122,118,15,111,109,70,126,22,94,30,74" hai2="1,106,85,25,95,105,51,46,49,97,5,56,39" hai3="134,37,123,2,103,17,80,87,116,52,19,63,32"/><W102/><G123/><T69/><D132/><U72/><E70/><V3/><F39/><W82/><G116/><T44/><D26/><U43/><E43/><V115/><F115/><W79/><G2/><T133/><D133/><U35/><E48/><V119/><F119/><W9/><G32/><T107/><D101/><N who="3" m="38409" /><G37/><T117/><D117/><U60/><E118/><V130/><F130/><W59/><G134/><T16/><D54/><U129/><E60/><V62/><F62/><W120/><G120/><N who="1" m="46186" /><E94/><V77/><F95/><W14/><G82/><T20/><D18/><AGARI ba="1,0" hai="9,14,17,18,19,52,59,63,79,80,87" m="38409" machi="18" ten="30,2900,0" yaku="8,1,54,1" doraHai="108" who="3" fromWho="0" sc="389,-32,118,0,200,0,293,32" /><INIT seed="3,2,0,5,1,99" ten="357,118,200,325" oya="3" hai0="35,10,7,32,53,92,37,14,78,104,65,116,31" hai1="41,97,130,24,74,30,135,84,44,83,54,15,85" hai2="128,72,13,61,107,131,70,126,39,94,77,67,79" hai3="25,122,90,112,42,47,82,68,56,108,19,133,48"/><W132/><G112/><T29/><D104/><U33/><E130/><N who="2" m="49707" /><F107/><W96/><G122/><T1/><D37/><U26/><E135/><N who="3" m="51786" /><G68/><T63/><D53/><U115/><E115/><V40/><F126/><W69/><G69/><T64/><D116/><U21/><E15/><V118/><F118/><W121/><G121/><T12/><D78/><U27/><E54/><V134/><F134/><W93/><G108/><T105/><D105/><U58/><E58/><V50/><F39/><W117/><G117/><T2/><D92/><U5/><E5/><V23/><F72/><W114/><G114/><T113/><D113/><U59/><E59/><V125/><F125/><W95/><G56/><T66/><D63/><U91/><E74/><V123/><F94/><N who="3" m="56407" /><G82/><T46/><D46/><U124/><E124/><V102/><F40/><W49/><G49/><T43/><D43/><U0/><E0/><V3/><F23/><W88/><G88/><T76/><D76/><U34/><E34/><V106/><F13/><N who="0" m="5226" /><D66/><U81/><E33/><N who="0" m="12873" /><D65/><U17/><E97/><V87/><F67/><W120/><G120/><T8/><D64/><U100/><E30/><V73/><F123/><W4/><G4/><AGARI ba="2,0" hai="1,2,4,7,8,10,29,31" m="12873,5226" machi="4" ten="30,8000,1" yaku="35,5" doraHai="99" who="0" fromWho="3" sc="357,86,118,0,200,0,325,-86" owari="443,54.3,118,-38.2,200,-20.0,239,3.9" /></mjloggm>