<mjloggm ver="2.3"><GO type="225" lobby="0"/><UN n0="%E5%A4%8F%E9%88%B4%E9%88%B4%E5%A4%8F" n1="%E3%83%96%E3%83%83%E3%83%91%E3%82%AA%E3%83%96%E3%83%81%E3%82%AD%E3%83%B3" n2="%E9%A6%AC%E5%BC%95%E7%81%AB%33" n3="%E3%83%A9%E3%82%B9%E7%8E%87%EF%BC%93%E5%89%B2" dan="16,16,16,16" rate="2109.66,2150.91,2075.28,2191.14" sx="F,M,M,F"/><TAIKYOKU oya="0"/><INIT seed="0,0,0,4,2,127" ten="250,250,250,250" oya="0" hai0="27,44,4,56,12,17,50,93,62,59,15,126,129" hai1="108,128,94,69,77,86,112,61,106,0,102,24,73" hai2="41,89,70,25,132,49,97,124,134,109,76,84,83" hai3="71,100,81,118,114,119,36,45,46,34,68,64,135"/><T35/><D126/><U13/><E0/><V29/><F124/><W85/><G34/><T122/><D122/><U1/><E1/><V33/><F109/><W121/><G121/><T23/><D129/><U105/><E108/><V20/><F70/><W39/><G100/><T88/><D35/><U82/><E112/><V28/><F33/><W96/><G96/><T47/><D4/><U18/><E24/><V103/><F76/><W67/><G85/><T120/><D120/><U92/><E92/><V37/><F37/><W57/><G81/><T91/><D59/><U99/><E105/><V79/><F79/><W78/><G78/><T14/><D93/><U52/><E69/><V40/><F49/><W19/><G19/><T111/><D111/><U7/><E7/><V107/><REACH who="2" step="1"/><F28/><REACH who="2" ten="250,250,240,250" step="2"/><W9/><G114/><T123/><D123/><U90/><E128/><V131/><F131/><W11/><REACH who="3" step="1"/><G57/><REACH who="3" ten="250,250,240,240" step="2"/><T8/><D8/><U87/><E77/><V55/><F55/><W110/><G110/><T42/><D44/><U98/><E52/><AGARI ba="0,2" hai="12,14,15,17,23,27,42,47,50,52,56,62,88,91" machi="52" ten="40,7700,0" yaku="8,1,54,2" doraHai="127" who="0" fromWho="1" sc="250,97,250,-77,240,0,240,0" /><INIT seed="0,1,0,3,5,89" ten="347,173,240,240" oya="0" hai0="108,73,91,41,78,126,2,22,66,90,102,48,58" hai1="53,109,56,81,19,99,1,37,123,100,124,15,43" hai2="77,72,7,122,63,65,29,28,12,116,10,31,55" hai3="106,97,86,23,120,93,94,112,16,42,96,30,70"/><T107/><D2/><U129/><E123/><V87/><F122/><W18/><G120/><T68/><D68/><U39/><E1/><V104/><F104/><W135/><G112/><T82/><D126/><U80/><E124/><V111/><F111/><W11/><G70/><T27/><D102/><U127/><E127/><V88/><F116/><W46/><G135/><T45/><D107/><U133/><E133/><V60/><F72/><W131/><G131/><T113/><D113/><U32/><E32/><V20/><F77/><W25/><G86/><T110/><D58/><U71/><E71/><V6/><F6/><W79/><G79/><T117/><D66/><U83/><E109/><N who="0" m="42089" /><D117/><U76/><E43/><V67/><F55/><W35/><G106/><T69/><D69/><U134/><E129/><V101/><F101/><N who="3" m="60559" /><G35/><T38/><D38/><U34/><E34/><V57/><F20/><W95/><G97/><T8/><D8/><U98/><E98/><V17/><F7/><W4/><G4/><T59/><D59/><U132/><E76/><V75/><F75/><W33/><G33/><T121/><D121/><U13/><E134/><V119/><F119/><W54/><G42/><T50/><D50/><N who="1" m="30775" /><E132/><V9/><F9/><W125/><G125/><T105/><D105/><N who="1" m="63647" /><E39/><V21/><F10/><W61/><G11/><T26/><D26/><U5/><E37/><V40/><F40/><W128/><G128/><T114/><D114/><U130/><E130/><V44/><F44/><W92/><G61/><N who="2" m="23625" /><F57/><W115/><G115/><T85/><D73/><U24/><E5/><V49/><F49/><AGARI ba="1,0" hai="16,18,23,25,30,46,49,54,92,94,95" m="60559" machi="49" ten="30,12000,2" yaku="6,1,8,1,52,4,54,1" doraHai="89" who="3" fromWho="2" sc="347,0,173,0,240,-123,240,123" /><INIT seed="1,0,0,4,4,91" ten="347,173,117,363" oya="1" hai0="50,106,74,81,8,52,110,112,5,17,34,88,1" hai1="48,120,43,83,125,111,77,128,59,116,3,100,121" hai2="129,31,25,10,103,20,16,96,107,80,79,39,49" hai3="0,82,93,72,61,102,68,57,84,58,135,90,122"/><U32/><E116/><V123/><F129/><W41/><G122/><T54/><D112/><U127/><E32/><V44/><F123/><N who="1" m="47177" /><E3/><V132/><F132/><W21/><G135/><T75/><D106/><U22/><E22/><V76/><F39/><W124/><G124/><N who="1" m="47690" /><E128/><V63/><F63/><W69/><G0/><T35/><D17/><U55/><E111/><V78/><F10/><W109/><G21/><T117/><D110/><U70/><E70/><V53/><REACH who="2" step="1"/><F31/><REACH who="2" ten="347,173,107,363" step="2"/><W51/><G109/><T37/><D8/><U94/><E43/><V14/><F14/><W114/><G41/><T131/><D131/><U73/><E100/><V97/><F97/><W56/><G102/><T15/><D15/><U113/><E113/><V99/><F99/><W29/><G114/><T27/><D1/><U7/><E7/><V126/><F126/><W118/><G29/><T6/><D117/><U30/><E30/><V85/><AGARI ba="0,1" hai="16,20,25,44,49,53,76,78,79,80,85,96,103,107" machi="85" ten="20,5200,0" yaku="1,1,0,1,7,1,54,1,53,0" doraHai="91" doraHaiUra="2" who="2" fromWho="2" sc="347,-13,173,-26,107,62,363,-13" /><INIT seed="2,0,0,1,5,3" ten="334,147,169,350" oya="2" hai0="54,27,111,10,103,13,83,14,104,74,91,33,72" hai1="24,25,78,84,70,87,131,46,96,82,38,57,42" hai2="133,47,106,86,115,134,43,2,60,107,126,32,100" hai3="77,132,88,97,29,35,30,127,56,41,4,15,1"/><V119/><F115/><W44/><G132/><N who="2" m="50793" /><F119/><W52/><G127/><T98/><D111/><U120/><E70/><V17/><F126/><W65/><G1/><T59/><D27/><U45/><E131/><V28/><F2/><W11/><G77/><T58/><D33/><U101/><E120/><V12/><F100/><W62/><G35/><T124/><D59/><U89/><E57/><V113/><F113/><W99/><G65/><T69/><D14/><U125/><E46/><V123/><F123/><W121/><G121/><T21/><D21/><U122/><E122/><V95/><F60/><W81/><G99/><T130/><D69/><U40/><E40/><V105/><F86/><N who="3" m="50255" /><G97/><T64/><D72/><U79/><E125/><V71/><F95/><W37/><G37/><T39/><D74/><U63/><E63/><V6/><F71/><W94/><G94/><T7/><D124/><U112/><E112/><V76/><F76/><W55/><G41/><T80/><D130/><U36/><E36/><N who="2" m="21991" /><F6/><W19/><G4/><T75/><D39/><U93/><REACH who="1" step="1"/><E78/><REACH who="1" ten="334,137,169,350" step="2"/><V109/><F109/><W73/><G73/><T66/><D75/><U68/><E68/><V117/><F117/><W23/><G62/><T110/><D110/><U85/><E85/><V22/><F107/><AGARI ba="0,1" hai="24,25,38,42,45,79,82,84,87,89,93,96,101,107" machi="107" ten="30,2000,0" yaku="1,1,7,1,53,0" doraHai="3" doraHaiUra="34" who="1" fromWho="2" sc="334,0,137,30,169,-20,350,0" /><INIT seed="3,0,0,5,5,12" ten="334,167,149,350" oya="3" hai0="125,29,39,123,49,100,109,83,76,14,19,81,132" hai1="38,47,3,48,55,91,56,124,62,87,96,28,16" hai2="67,115,114,80,54,11,59,118,21,89,119,73,133" hai3="86,66,61,44,20,24,60,17,130,135,78,34,58"/><W84/><G130/><T26/><D123/><U13/><E124/><V33/><F33/><W77/><G135/><T111/><D39/><U82/><E3/><V108/><F133/><W68/><G34/><N who="0" m="20791" /><D125/><U9/><E38/><V46/><F11/><W105/><G105/><T116/><D116/><U112/><E112/><V102/><F102/><W32/><G32/><T93/><D132/><U8/><E28/><V92/><F67/><W25/><G44/><T72/><D49/><U97/><E8/><V30/><F46/><W40/><G40/><AGARI ba="0,0" hai="9,13,16,40,47,48,55,56,62,82,87,91,96,97" machi="40" ten="30,7700,0" yaku="7,1,8,1,52,1,54,1" doraHai="12" who="1" fromWho="3" sc="334,0,167,77,149,0,350,-77" owari="334,43.4,244,-15.6,149,-35.1,273,7.3" /></mjloggm>