<mjloggm ver="2.3"><GO type="225" lobby="0"/><UN n0="%E3%83%A9%E3%83%BC%E3%83%A1%E3%83%B3%E4%BA%94%E9%83%8E" n1="%E4%BF%BA%E3%81%A8%E5%A6%96%E5%A4%A2" n2="%E3%83%B4%E3%83%A0%EF%BC%99%E3%81%A6" n3="%E5%87%AA%E9%96%93%E3%82%86%E3%81%BF" dan="16,16,17,17" rate="2104.64,2195.32,2129.80,2173.65" sx="M,F,M,F"/><TAIKYOKU oya="0"/><INIT seed="0,0,0,4,2,37" ten="250,250,250,250" oya="0" hai0="119,91,56,69,128,98,61,118,92,11,124,105,44" hai1="117,62,135,10,116,17,48,90,45,114,22,13,26" hai2="30,72,52,2,27,43,106,25,129,122,99,94,78" hai3="79,112,47,127,18,109,123,31,67,41,28,134,87"/><T42/><D69/><U111/><E111/><V125/><F122/><W54/><G112/><T15/><D105/><U1/><E114/><V6/><F106/><W73/><G109/><T100/><D124/><U63/><E135/><V24/><F129/><W36/><G127/><T60/><D100/><U38/><E38/><V68/><F68/><W66/><G73/><T9/><D128/><U59/><E1/><V8/><F125/><W32/><G134/><T107/><D107/><U88/><E116/><V86/><F72/><W0/><G123/><T35/><D35/><U120/><E120/><V55/><F43/><W23/><G0/><T80/><D80/><U103/><E103/><V53/><F86/><W12/><G54/><T70/><D70/><U3/><E3/><V126/><F78/><W93/><G28/><T81/><D81/><U110/><E110/><V132/><F132/><W75/><G75/><T131/><D131/><U64/><E63/><N who="0" m="24137" /><D56/><U115/><E117/><N who="0" m="44553" /><D15/><U19/><REACH who="1" step="1"/><E115/><REACH who="1" ten="250,240,250,250" step="2"/><V101/><REACH who="2" step="1"/><F126/><REACH who="2" ten="250,240,240,250" step="2"/><W29/><G36/><N who="0" m="21575" /><D9/><U96/><E96/><V89/><F89/><W39/><G39/><T65/><D11/><U49/><E49/><V50/><F50/><W130/><G130/><T95/><D98/><U46/><E46/><V85/><F85/><W7/><G47/><T33/><D91/><U121/><E121/><V108/><F108/><W74/><G87/><T20/><D65/><U82/><E82/><V57/><F57/><W76/><G67/><T16/><D92/><U133/><E133/><V51/><F51/><W40/><G66/><T104/><D95/><RYUUKYOKU ba="0,2" sc="250,-15,240,15,240,15,250,-15" hai1="10,13,17,19,22,26,45,48,59,62,64,88,90" hai2="2,6,8,24,25,27,30,52,53,55,94,99,101" /><INIT seed="1,1,2,1,5,14" ten="235,255,255,235" oya="1" hai0="7,89,49,12,105,102,36,87,15,83,91,43,79" hai1="78,99,64,112,10,104,55,90,86,17,34,46,37" hai2="4,101,81,127,123,109,88,51,22,80,32,29,5" hai3="26,13,58,103,31,76,42,96,75,84,77,134,47"/><U23/><E34/><V115/><F123/><W106/><G75/><T126/><D36/><U129/><E112/><V97/><F32/><W72/><G72/><T122/><D122/><U131/><E64/><V117/><F117/><W95/><G134/><T66/><D66/><U62/><E10/><V40/><F109/><W107/><G13/><N who="0" m="5195" /><D105/><U124/><E124/><V20/><F127/><W11/><G11/><T74/><D74/><U68/><E78/><V61/><F61/><W21/><G58/><T60/><D102/><U53/><E68/><V48/><F101/><W1/><G1/><T73/><D73/><U30/><E30/><V121/><F121/><W38/><G38/><T128/><BYE who="3" /><D126/><U44/><E99/><V135/><F135/><W63/><G63/><T120/><D120/><U93/><E104/><V59/><F97/><W67/><G67/><T110/><D110/><UN n3="%E5%87%AA%E9%96%93%E3%82%86%E3%81%BF" /><U98/><E86/><V8/><F8/><W125/><G125/><T9/><D9/><U3/><E3/><V24/><F4/><W82/><G76/><T54/><D7/><U133/><E133/><V65/><F115/><W94/><G107/><T16/><D128/><N who="1" m="49227" /><E37/><V2/><F2/><W119/><G119/><T70/><D70/><U85/><E85/><V19/><F5/><W113/><G113/><T132/><D132/><U130/><N who="1" m="49235" /><U28/><DORA hai="18" /><E28/><V33/><F29/><W41/><REACH who="3" step="1"/><G47/><REACH who="3" ten="235,255,255,225" step="2"/><N who="1" m="17962" /><E62/><V118/><F65/><W56/><G56/><T39/><D60/><U27/><AGARI ba="1,3" hai="17,23,27,53,55,90,93,98" m="17962,49235" machi="27" ten="40,7800,0" yaku="19,1,52,2" doraHai="14,18" who="1" fromWho="1" sc="235,-27,255,111,255,-27,225,-27" /><INIT seed="1,2,0,3,3,86" ten="208,366,228,198" oya="1" hai0="124,8,61,88,110,52,47,37,41,59,4,20,54" hai1="100,89,36,28,7,95,132,1,102,5,48,29,119" hai2="12,56,127,6,57,55,131,133,67,64,34,84,51" hai3="10,16,31,108,42,44,11,19,106,39,27,122,93"/><U50/><E119/><V115/><F34/><W114/><G106/><T112/><D112/><U92/><E36/><V90/><F115/><W33/><G122/><T62/><D110/><U76/><E76/><V117/><F117/><W134/><G114/><T81/><D124/><U101/><E1/><V40/><F127/><W83/><G108/><T129/><D129/><U82/><E82/><V78/><F131/><W21/><G134/><T98/><D20/><U65/><E65/><V0/><F0/><W74/><G19/><T128/><D128/><U3/><E3/><V22/><F133/><W125/><G125/><T123/><D123/><U103/><E103/><V97/><F78/><W32/><G32/><T68/><D68/><U63/><E63/><V24/><F97/><W49/><G39/><T14/><D81/><U2/><E2/><V60/><F40/><W113/><G113/><T87/><D98/><U72/><E72/><V126/><F126/><W99/><G83/><T80/><REACH who="0" step="1"/><D62/><REACH who="0" ten="198,366,228,198" step="2"/><U30/><E132/><V94/><F22/><W107/><G74/><T85/><D85/><N who="1" m="52271" /><E95/><V35/><F35/><W116/><G107/><T130/><D130/><U118/><E118/><V43/><F94/><W73/><G73/><T71/><D71/><U96/><E96/><V9/><F60/><W109/><G116/><T17/><D17/><U45/><E30/><V18/><F84/><W111/><G111/><T70/><D70/><U79/><E29/><V69/><F69/><W15/><REACH who="3" step="1"/><G109/><REACH who="3" ten="198,366,228,188" step="2"/><T23/><D23/><U66/><E28/><V104/><F104/><W58/><G58/><RYUUKYOKU ba="2,2" sc="198,15,366,-15,228,-15,188,15" hai0="4,8,14,37,41,47,52,54,59,61,80,87,88" hai3="10,11,15,16,21,27,31,33,42,44,49,93,99" /><INIT seed="2,3,2,2,5,25" ten="213,351,213,203" oya="2" hai0="76,23,67,28,110,135,117,11,15,58,91,127,38" hai1="53,90,21,48,39,86,112,118,82,37,50,88,54" hai2="98,29,104,101,14,26,87,95,114,133,113,42,49" hai3="2,60,7,13,94,108,5,131,16,115,31,119,129"/><V10/><F133/><W61/><G119/><T78/><D38/><U36/><E118/><V122/><F122/><W74/><G74/><T106/><D117/><U72/><E72/><V68/><F68/><W89/><G108/><T62/><D135/><U65/><E112/><V24/><F24/><W103/><G103/><T69/><D110/><U77/><E65/><V73/><F73/><W93/><G115/><T120/><D120/><U17/><E53/><V1/><F1/><W102/><G102/><T35/><D35/><U116/><E116/><V99/><F87/><W30/><G2/><T27/><D106/><U97/><E97/><V40/><F40/><W57/><G57/><T134/><D134/><U125/><E125/><V34/><F49/><W6/><G131/><T9/><D127/><U124/><E50/><V123/><F42/><W105/><G105/><T85/><D69/><U84/><E84/><V81/><F81/><W32/><G32/><T63/><D63/><N who="3" m="24137" /><G129/><T107/><D107/><U80/><E80/><V20/><F34/><W70/><G70/><T55/><D67/><U111/><E111/><V59/><F59/><W46/><G46/><T100/><D100/><U44/><E124/><V128/><F128/><W51/><G51/><T56/><D56/><U64/><E64/><V19/><F123/><W130/><G130/><T8/><D15/><U96/><E96/><V132/><F132/><W109/><G109/><T71/><D71/><U52/><E54/><V43/><F43/><W3/><G3/><T41/><D41/><U45/><E44/><V0/><F0/><RYUUKYOKU ba="3,2" sc="213,10,351,10,213,10,203,-30" hai0="8,9,11,23,27,28,55,58,62,76,78,85,91" hai1="17,21,36,37,39,45,48,52,77,82,86,88,90" hai2="10,14,19,20,26,29,95,98,99,101,104,113,114" /><INIT seed="2,4,2,4,3,105" ten="223,361,223,173" oya="2" hai0="22,117,79,124,56,77,130,125,18,128,4,48,37" hai1="69,106,115,127,83,95,103,57,25,84,135,5,129" hai2="97,59,40,72,32,88,108,41,104,91,87,65,31" hai3="114,27,36,67,64,68,122,52,112,29,3,21,85"/><V34/><F72/><W19/><G122/><T13/><D37/><U45/><E115/><N who="3" m="44074" /><G36/><T123/><D123/><U58/><E106/><V134/><F134/><W10/><G85/><T54/><D4/><U12/><E69/><V9/><F9/><W71/><G71/><T53/><D117/><U70/><E70/><V46/><F108/><W116/><G116/><T62/><D79/><U92/><E135/><V98/><F31/><W63/><G67/><T113/><D77/><N who="1" m="46191" /><E129/><N who="0" m="49769" /><D113/><U133/><E133/><V61/><F65/><W23/><G10/><T75/><D75/><U55/><E127/><V6/><F87/><W51/><G3/><T90/><D90/><U35/><E35/><V20/><F32/><N who="3" m="20543" /><G19/><T7/><D7/><U24/><E5/><V120/><F6/><W33/><G33/><T43/><D43/><U121/><E121/><V60/><F40/><W1/><G1/><T47/><AGARI ba="4,2" hai="13,18,22,47,48,53,54,56,62,124,125" m="49769" machi="47" ten="30,1100,0" yaku="19,1" doraHai="105" who="0" fromWho="0" sc="223,43,361,-7,223,-9,173,-7" /><INIT seed="3,0,0,0,5,3" ten="266,354,214,166" oya="3" hai0="59,73,89,33,87,41,125,122,6,49,50,118,112" hai1="18,106,19,71,2,76,31,111,105,80,34,127,110" hai2="81,55,93,20,62,119,85,64,115,52,121,58,124" hai3="128,16,47,96,46,30,44,48,22,79,78,91,45"/><W60/><G128/><T43/><D118/><U36/><E71/><V95/><F119/><W21/><G30/><T54/><D122/><U61/><E36/><V12/><F115/><W69/><G22/><T123/><D73/><U13/><E2/><V37/><F37/><W53/><G69/><T56/><D33/><U114/><E114/><V100/><F124/><W23/><G23/><T38/><D38/><U135/><E127/><V109/><F109/><N who="1" m="41481" /><E61/><V63/><F121/><W27/><REACH who="3" step="1"/><G60/><REACH who="3" ten="266,354,214,156" step="2"/><T40/><D125/><U133/><E31/><V88/><F63/><W131/><G131/><T97/><D112/><U7/><E34/><V10/><F20/><W130/><G130/><T14/><D123/><U134/><E134/><V4/><F100/><W9/><G9/><T65/><D50/><U90/><E135/><V67/><F67/><W42/><G42/><T102/><D41/><U8/><E133/><V17/><F17/><W101/><G101/><T98/><D102/><U92/><E19/><V11/><F11/><W117/><G117/><T75/><D65/><U51/><E51/><V126/><F126/><W5/><G5/><T120/><D6/><U24/><E18/><V74/><F74/><W83/><G83/><N who="0" m="49407" /><D75/><N who="1" m="43039" /><E24/><V77/><F95/><AGARI ba="0,1" hai="16,21,27,44,45,46,47,48,53,78,79,91,95,96" machi="95" ten="40,7700,0" yaku="1,1,8,1,54,1,53,0" doraHai="3" doraHaiUra="1" who="3" fromWho="2" sc="266,0,354,0,214,-77,156,87" /><INIT seed="3,1,0,1,4,48" ten="266,354,137,243" oya="3" hai0="21,60,126,69,45,40,93,10,51,12,64,61,70" hai1="121,100,42,71,95,4,119,2,72,59,81,14,34" hai2="9,78,20,15,68,24,133,0,94,37,65,18,132" hai3="97,7,82,26,56,135,67,107,80,109,16,112,27"/><W106/><G112/><T122/><D122/><U73/><E121/><V31/><F37/><W86/><G7/><T23/><D126/><U53/><E2/><V77/><F94/><W19/><G135/><T89/><D61/><U6/><E71/><V63/><F133/><W39/><G39/><T130/><D70/><U101/><E34/><V128/><F128/><W8/><G109/><T43/><D43/><U49/><E119/><V44/><F132/><W50/><G82/><T58/><D69/><U13/><E42/><V25/><F25/><W30/><G106/><T1/><D1/><U84/><E73/><V111/><F111/><W120/><G120/><T74/><D74/><U87/><E72/><V55/><REACH who="2" step="1"/><F0/><REACH who="2" ten="266,354,127,243" step="2"/><W5/><G107/><T113/><D93/><U123/><E95/><V62/><F62/><W115/><G27/><T66/><D60/><U54/><E123/><V131/><F131/><W102/><G26/><T90/><D130/><U85/><E81/><V88/><F88/><W33/><G115/><T3/><D89/><U117/><E101/><V22/><F22/><W83/><G83/><T125/><D21/><U129/><E100/><V32/><F32/><W104/><G80/><T52/><D113/><U47/><E129/><V99/><F99/><W11/><G33/><T79/><D90/><U41/><E117/><V105/><F105/><W127/><G97/><T114/><D114/><U17/><E87/><V28/><F28/><W118/><G30/><T38/><D3/><U76/><E85/><V124/><F124/><W98/><G86/><T29/><D125/><RYUUKYOKU ba="1,1" sc="266,-10,354,-10,127,30,243,-10" hai2="9,15,18,20,24,31,44,55,63,65,68,77,78" owari="256,5.6,354,45.4,157,-34.3,233,-16.7" /></mjloggm>