<mjloggm ver="2.3"><GO type="225" lobby="0"/><UN n0="%E3%81%A4%E3%81%A3%E3%81%B1%E3%82%8A%E3%83%9D%E3%83%BC%E3%83%AB" n1="%E3%82%8F%E3%81%8B%E3%81%B0%2A%E3%82%AC%E3%83%BC%E3%83%AB" n2="%E6%9C%88%E5%B3%B6%E5%9F%BA" n3="%E5%91%A8%E6%9D%B1" dan="17,16,17,16" rate="2157.75,2073.15,2175.36,2198.95" sx="M,M,M,M"/><TAIKYOKU oya="0"/><INIT seed="0,0,0,2,4,85" ten="250,250,250,250" oya="0" hai0="124,64,20,93,111,56,4,21,12,23,69,129,26" hai1="44,22,52,37,79,65,25,77,59,57,88,106,73" hai2="108,113,31,89,74,67,1,32,130,104,96,46,63" hai3="105,128,27,102,68,30,94,28,133,54,70,125,2"/><T132/><D69/><U40/><E106/><V10/><F113/><W117/><G2/><T118/><D118/><U62/><E73/><V36/><F108/><W43/><G43/><T119/><D119/><U91/><E77/><V127/><F127/><W8/><G8/><N who="0" m="4103" /><D124/><U38/><E79/><V103/><F130/><W86/><G105/><T109/><D129/><U34/><E34/><V17/><F74/><W126/><G117/><T58/><D132/><U101/><E101/><V45/><F36/><W14/><G133/><T135/><D135/><U49/><E37/><V11/><F11/><W15/><G128/><T90/><D26/><U87/><E87/><V81/><F17/><AGARI ba="0,0" hai="17,22,25,38,40,44,49,52,57,59,62,65,88,91" machi="17" ten="30,8000,1" yaku="7,1,52,2,54,2" doraHai="85" who="1" fromWho="2" sc="250,0,250,80,250,-80,250,0" /><INIT seed="1,0,0,2,0,63" ten="250,330,170,250" oya="1" hai0="16,67,58,10,20,123,64,19,73,48,55,8,56" hai1="33,50,109,108,85,81,61,132,44,88,29,3,31" hai2="92,14,13,121,42,22,62,30,96,86,100,84,47" hai3="18,79,54,119,26,37,131,77,113,46,17,21,90"/><U99/><E3/><V53/><F121/><W36/><G113/><T107/><D107/><U59/><E132/><V98/><F42/><W40/><G131/><T129/><D73/><U1/><E1/><V104/><F104/><W57/><G37/><T93/><D129/><U83/><E83/><V89/><F86/><W105/><G105/><T82/><D123/><U0/><E0/><V135/><F135/><W91/><G119/><T4/><D4/><U39/><E99/><V101/><F96/><W117/><G117/><T68/><D68/><U34/><E39/><V65/><F14/><W76/><REACH who="3" step="1"/><G18/><REACH who="3" ten="250,330,170,240" step="2"/><T75/><D19/><U24/><E29/><V106/><F30/><W41/><G41/><T115/><D115/><U116/><E116/><V112/><F112/><W32/><G32/><T2/><D16/><U134/><E134/><V9/><F106/><W51/><AGARI ba="0,1" hai="17,21,26,36,40,46,51,54,57,76,77,79,90,91" machi="51" ten="30,4000,0" yaku="1,1,0,1,53,1" doraHai="63" doraHaiUra="43" who="3" fromWho="3" sc="250,-10,330,-20,170,-10,240,50" /><INIT seed="2,0,0,4,5,112" ten="240,310,160,290" oya="2" hai0="119,124,134,113,84,122,94,35,126,125,19,67,32" hai1="24,85,3,80,29,97,72,87,78,25,109,68,5" hai2="77,33,69,48,31,81,101,107,92,95,133,128,135" hai3="43,40,8,75,110,102,28,16,130,89,71,62,42"/><V10/><F69/><W108/><G75/><T21/><D113/><U56/><E68/><V104/><F10/><W70/><G130/><T23/><D122/><U79/><E109/><N who="3" m="42090" /><G28/><T82/><D134/><N who="2" m="51210" /><F48/><W59/><G102/><T105/><D105/><N who="2" m="40522" /><F31/><W49/><G89/><T63/><D94/><N who="2" m="35882" /><F33/><W91/><G49/><T115/><D35/><U15/><E3/><V30/><F30/><W65/><G91/><N who="0" m="51607" /><D32/><U17/><E5/><V20/><F20/><N who="0" m="7754" /><D19/><U55/><E29/><V100/><F128/><W111/><G111/><T98/><D115/><U44/><E24/><V26/><F26/><W18/><G18/><T123/><D63/><U27/><E25/><V2/><F2/><W64/><G64/><T114/><D67/><U45/><E27/><V14/><F14/><AGARI ba="0,0" hai="8,14,16,40,42,43,59,62,65,70,71" m="42090" machi="14" ten="30,2000,0" yaku="14,1,54,1" doraHai="112" who="3" fromWho="2" sc="240,0,310,0,160,-20,290,20" /><INIT seed="3,0,0,1,3,69" ten="240,310,140,310" oya="3" hai0="4,118,93,13,53,102,127,111,135,60,103,68,76" hai1="41,134,84,0,85,35,126,21,109,52,15,82,114" hai2="34,113,104,101,72,86,22,115,42,108,54,44,99" hai3="1,26,83,29,128,81,67,88,5,36,24,57,80"/><W97/><G36/><T89/><D118/><U49/><E114/><V61/><F108/><W45/><G128/><T112/><D111/><U129/><E35/><V96/><F72/><W31/><G45/><T37/><D37/><U71/><E71/><V11/><F34/><W33/><G1/><T32/><D32/><U14/><E0/><V59/><F86/><W105/><G5/><T30/><D30/><N who="3" m="11273" /><G105/><T9/><D135/><U16/><E134/><V48/><F11/><W87/><G97/><T79/><D127/><U65/><E126/><V131/><F131/><W17/><G33/><T92/><D68/><U107/><E107/><V125/><F125/><W43/><G43/><T55/><D112/><U62/><E41/><V117/><F117/><W130/><G130/><T23/><D23/><U75/><E109/><V39/><F99/><W116/><G116/><T66/><D66/><U77/><E14/><V40/><REACH who="2" step="1"/><F22/><REACH who="2" ten="240,310,130,310" step="2"/><N who="3" m="13391" /><G26/><T78/><D9/><U50/><E129/><V10/><F10/><W121/><G121/><T7/><D7/><U64/><E75/><V12/><F12/><W74/><G74/><T28/><D13/><U25/><E15/><V122/><F122/><W38/><G38/><T70/><D4/><U3/><E3/><V90/><F90/><W46/><G46/><T133/><D89/><U132/><E132/><V73/><F73/><W120/><G120/><T100/><D133/><U91/><E91/><V51/><F51/><N who="1" m="19465" /><E85/><V18/><F18/><W124/><G124/><T123/><D123/><U20/><E20/><V98/><F98/><W63/><AGARI ba="0,1" hai="57,63,67,80,81,83,87,88" m="13391,11273" machi="63" ten="30,6000,0" yaku="5,1,8,1,54,1" doraHai="69" who="3" fromWho="3" sc="240,-20,310,-20,130,-20,310,70" owari="220,-18.0,290,9.0,110,-39.0,380,48.0" /></mjloggm>