<mjloggm ver="2.3"><GO type="225" lobby="0"/><UN n0="%E6%9D%B1%E9%A2%A8%E3%81%AE%E3%81%8D%E3%82%83%E3%81%B7%E3%81%95%E3%82%93" n1="%4B%2E%32%2E%4B%2E" n2="%E4%BF%BA%E3%81%A8%E5%A6%96%E5%A4%A2" n3="%E7%BD%AA%E5%88%91%E6%B3%95%E5%AE%9A%E4%B8%BB%E7%BE%A9" dan="16,16,16,17" rate="2188.33,2159.70,2235.38,2164.89" sx="M,M,F,M"/><TAIKYOKU oya="0"/><INIT seed="0,0,0,5,1,117" ten="250,250,250,250" oya="0" hai0="48,70,20,119,135,21,59,116,115,122,129,6,2" hai1="10,82,4,92,76,109,123,74,124,131,8,106,30" hai2="36,133,83,19,121,105,103,26,95,45,67,34,71" hai3="69,111,107,89,53,114,81,118,134,38,79,64,101"/><T41/><D70/><U14/><E106/><V50/><F36/><W130/><G114/><T104/><D104/><U66/><E109/><V27/><F133/><W28/><G118/><N who="0" m="45099" /><D41/><U58/><E124/><V128/><F26/><W47/><G134/><T1/><D48/><U43/><E131/><V9/><F128/><W110/><G130/><T16/><D59/><U75/><E75/><V31/><F95/><W97/><G28/><T94/><D94/><U24/><E43/><V7/><F19/><W55/><G38/><T77/><D77/><U63/><E10/><V91/><F91/><W61/><G89/><T73/><D73/><U23/><REACH who="1" step="1"/><E92/><REACH who="1" ten="250,240,250,250" step="2"/><V72/><F72/><N who="3" m="43239" /><G47/><T5/><D129/><U22/><E22/><N who="0" m="8809" /><D135/><U18/><E18/><V86/><F45/><W93/><G107/><T125/><D125/><U12/><E12/><V132/><F105/><W44/><G44/><T88/><D115/><U46/><E46/><V17/><F132/><W0/><G0/><N who="0" m="107" /><D16/><U108/><E108/><AGARI ba="0,1" hai="53,55,61,64,69,93,97,101,108,110,111" m="43239" machi="108" ten="30,1000,0" yaku="14,1" doraHai="117" who="3" fromWho="1" sc="250,0,240,-10,250,0,250,20" /><INIT seed="1,0,0,5,3,51" ten="250,230,250,270" oya="1" hai0="89,5,104,53,122,135,99,3,102,103,0,26,96" hai1="63,7,85,61,1,90,57,73,106,69,72,60,59" hai2="62,66,65,132,124,105,119,86,28,94,88,15,16" hai3="10,67,115,107,27,127,108,9,58,74,98,34,35"/><U39/><E39/><V81/><F119/><W97/><G115/><T47/><D135/><U110/><E106/><V56/><F105/><W22/><G74/><T6/><D122/><U54/><E110/><V75/><F132/><W117/><G108/><T14/><D89/><U8/><E69/><V84/><F75/><W40/><G117/><T41/><D26/><U114/><E63/><V120/><F120/><W101/><G40/><T83/><D83/><U19/><E19/><V55/><F28/><W20/><G127/><T42/><D14/><U131/><E131/><V24/><F24/><W70/><G70/><T2/><D53/><U93/><REACH who="1" step="1"/><E114/><REACH who="1" ten="250,220,250,270" step="2"/><V79/><REACH who="2" step="1"/><F124/><REACH who="2" ten="250,220,240,270" step="2"/><W33/><G107/><T91/><D104/><U95/><E95/><V29/><F29/><W11/><G35/><T45/><D2/><U100/><E100/><V48/><F48/><W30/><G34/><T134/><D134/><U44/><E44/><V130/><F130/><W50/><G101/><T21/><D0/><U36/><E36/><V4/><F4/><W116/><G116/><T112/><D3/><U121/><E121/><V82/><F82/><W118/><G118/><T13/><D5/><U32/><E32/><V123/><F123/><W12/><G33/><T129/><D6/><U37/><E37/><V43/><F43/><W18/><G50/><T38/><D38/><U17/><E17/><V125/><F125/><W77/><G18/><T46/><D42/><U49/><E49/><V113/><F113/><W128/><G128/><T126/><D129/><U52/><AGARI ba="0,2" hai="1,7,8,52,54,57,59,60,61,72,73,85,90,93" machi="52" ten="20,24000,3" yaku="1,1,0,1,7,1,9,1,52,2,54,1,53,1" doraHai="51" doraHaiUra="87" who="1" fromWho="1" sc="250,-80,220,260,240,-80,270,-80" /><INIT seed="1,1,0,5,4,20" ten="170,480,160,190" oya="1" hai0="22,121,104,39,90,34,88,52,51,1,9,57,0" hai1="43,76,37,53,41,135,49,85,117,45,89,55,63" hai2="56,69,30,50,112,62,103,14,82,7,13,28,134" hai3="113,27,83,74,80,32,18,132,128,48,86,81,119"/><U23/><E117/><V101/><F134/><W68/><G119/><T35/><D39/><U115/><E115/><V6/><F69/><W79/><G113/><T40/><D104/><U116/><E116/><V110/><F112/><W11/><G132/><T58/><D40/><U125/><E125/><V78/><F50/><W42/><G68/><T129/><D9/><U72/><E72/><V47/><F47/><W15/><G128/><T130/><D22/><U29/><E76/><V3/><F110/><W77/><G83/><T31/><D121/><U124/><E37/><V102/><F3/><W16/><G32/><T99/><D99/><U60/><E60/><V17/><F6/><W21/><G48/><T38/><D38/><U46/><E124/><V105/><F7/><W93/><G93/><T96/><D96/><U26/><E63/><V2/><F2/><N who="0" m="1130" /><D58/><U131/><E131/><N who="0" m="50185" /><D35/><U100/><E100/><V61/><F105/><W94/><G94/><T44/><D44/><U87/><E46/><V64/><F62/><W111/><REACH who="3" step="1"/><G42/><REACH who="3" ten="170,480,160,180" step="2"/><T5/><D5/><U133/><E43/><V70/><F70/><W123/><G123/><T33/><D33/><U25/><E41/><V98/><F82/><W127/><G127/><T108/><D108/><AGARI ba="1,1" hai="11,15,16,18,21,27,74,77,79,80,81,86,108,111" machi="108" ten="40,8000,1" yaku="1,1,52,1,54,1,53,1" doraHai="20" doraHaiUra="10" who="3" fromWho="0" sc="170,-83,480,0,160,0,180,93" /><INIT seed="2,0,0,1,1,123" ten="87,480,160,273" oya="2" hai0="38,18,121,56,2,117,55,41,8,78,73,61,100" hai1="35,99,89,135,80,132,85,20,91,0,118,34,26" hai2="46,116,6,23,107,67,47,39,21,66,60,53,109" hai3="71,111,52,83,17,43,15,3,81,84,103,86,92"/><V87/><F116/><W134/><G3/><T104/><D117/><U33/><E0/><V79/><F107/><W31/><G71/><T24/><D121/><U68/><E68/><V75/><F75/><W13/><G134/><N who="1" m="51242" /><E118/><V9/><F67/><W77/><G43/><T27/><D100/><U37/><E37/><V93/><F46/><W54/><G31/><T119/><D104/><U16/><E99/><V65/><F65/><W130/><G130/><T7/><D119/><U95/><E95/><V128/><F128/><W88/><G111/><T114/><D18/><U113/><E91/><V59/><F109/><W1/><G1/><T48/><D61/><U120/><E113/><V69/><F93/><W57/><G17/><T127/><D127/><U5/><E5/><V28/><F28/><W64/><G64/><T82/><REACH who="0" step="1"/><D114/><REACH who="0" ten="77,480,160,273" step="2"/><U36/><E120/><V10/><F60/><W45/><G103/><T40/><D40/><U105/><E105/><V98/><F69/><W122/><G122/><T110/><D110/><U94/><E16/><V96/><F6/><W19/><G19/><T51/><D51/><U112/><E36/><V108/><F39/><W102/><G102/><T42/><D42/><U14/><E112/><V126/><F108/><W101/><G101/><T29/><D29/><U22/><E26/><V131/><F126/><W115/><G115/><T50/><D50/><U49/><E49/><V70/><F70/><W11/><G11/><T124/><D124/><U97/><E14/><V25/><F9/><W44/><G13/><T62/><D62/><U58/><E58/><RYUUKYOKU ba="0,1" sc="77,15,480,15,160,-15,273,-15" hai0="2,7,8,24,27,38,41,48,55,56,73,78,82" hai1="20,22,33,34,35,80,85,89,94,97" /><INIT seed="3,1,1,3,1,85" ten="92,495,145,258" oya="3" hai0="133,98,69,116,97,106,35,84,18,114,96,27,42" hai1="72,16,13,113,21,10,2,100,44,132,59,71,46" hai2="119,41,60,20,7,39,47,99,109,54,4,53,115" hai3="134,82,117,108,49,93,3,12,9,124,26,51,67"/><W77/><G117/><T70/><D116/><U45/><E71/><V52/><F119/><W104/><G104/><T122/><D122/><U43/><E72/><V107/><F115/><W56/><G3/><T83/><D106/><U6/><E113/><V111/><F20/><W40/><G134/><T1/><D114/><U105/><E132/><V22/><F22/><W0/><G0/><T55/><D133/><U31/><E31/><V129/><F129/><W19/><G124/><T48/><D1/><U86/><E86/><V62/><F99/><W61/><G108/><N who="2" m="41545" /><F107/><W88/><G40/><T125/><D125/><U121/><E121/><V80/><F80/><W89/><G26/><T68/><D42/><U8/><E59/><V81/><F81/><W50/><REACH who="3" step="1"/><G93/><REACH who="3" ten="92,495,145,248" step="2"/><T127/><D127/><U28/><E43/><V75/><F75/><AGARI ba="1,2" hai="9,12,19,49,50,51,56,61,67,75,77,82,88,89" machi="75" ten="40,12000,1" yaku="1,1,2,1,52,2,54,1,53,0" doraHai="85" doraHaiUra="17" who="3" fromWho="2" sc="92,0,495,0,145,-123,248,143" /><INIT seed="3,2,0,0,0,30" ten="92,495,22,391" oya="3" hai0="105,82,57,102,95,72,74,58,12,116,111,19,115" hai1="55,130,38,34,92,11,131,104,26,97,65,51,67" hai2="50,121,75,31,94,45,77,3,64,132,112,42,9" hai3="126,63,35,91,125,14,89,71,117,48,7,56,59"/><W124/><G117/><T13/><D105/><U46/><E104/><V27/><F112/><W128/><G128/><N who="1" m="49194" /><E38/><V98/><F132/><W68/><G35/><T54/><D82/><U88/><E11/><V25/><F121/><W90/><G48/><T21/><D111/><U107/><E107/><V39/><F64/><N who="1" m="24649" /><E34/><V40/><F40/><W20/><G7/><T79/><D79/><U87/><E26/><V61/><F61/><W114/><G114/><T22/><D116/><U2/><E2/><V113/><F113/><W24/><G14/><T16/><D115/><U122/><E97/><V60/><F60/><W53/><REACH who="3" step="1"/><G59/><REACH who="3" ten="92,495,22,381" step="2"/><T33/><D33/><U120/><AGARI ba="2,1" hai="46,51,55,87,88,92,120,122" m="24649,49194" machi="120" ten="30,2000,0" yaku="19,1,54,1" doraHai="30" who="1" fromWho="1" sc="92,-7,495,36,22,-7,381,-12" owari="85,-31.5,531,63.1,15,-48.5,369,16.9" /></mjloggm>