<mjloggm ver="2.3"><GO type="225" lobby="0"/><UN n0="%E6%98%93%E5%88%A9%E8%96%A9%E4%BC%AF" n1="%E6%9D%B1%E9%A2%A8%E3%81%AE%E3%81%8D%E3%82%83%E3%81%B7%E3%81%95%E3%82%93" n2="%43%68%65" n3="%E3%81%AF%E3%82%88%E3%81%8A%E3%81%98%E3%81%95%E3%82%93" dan="16,16,16,17" rate="2151.33,2131.37,2104.89,2159.51" sx="F,M,M,M"/><TAIKYOKU oya="0"/><INIT seed="0,0,0,3,5,44" ten="250,250,250,250" oya="0" hai0="92,121,27,30,40,117,133,23,112,89,74,53,99" hai1="49,34,58,77,100,132,109,95,123,6,15,107,59" hai2="37,130,24,88,118,80,33,105,39,26,48,69,91" hai3="102,31,5,73,108,35,127,87,28,131,93,114,116"/><T78/><D112/><U124/><E34/><V45/><F69/><W25/><G73/><T113/><D113/><U46/><E123/><V98/><F130/><W85/><G114/><T111/><D121/><U32/><E32/><V54/><F118/><W68/><G116/><T125/><D117/><U2/><E2/><V43/><F39/><W60/><G131/><T12/><D133/><U126/><E107/><V0/><F0/><W13/><G108/><T16/><D125/><N who="1" m="48235" /><E77/><V65/><F65/><W81/><G127/><T135/><D135/><U11/><E109/><V56/><F80/><W76/><G28/><T62/><D40/><N who="1" m="24775" /><E132/><V17/><F33/><W1/><G1/><T4/><D4/><U63/><E63/><V67/><F67/><W52/><G68/><T119/><D119/><U72/><E72/><V19/><F105/><W70/><G70/><T57/><D111/><U106/><E106/><V10/><F10/><W18/><G5/><T97/><D74/><U8/><E8/><V41/><F41/><W29/><G29/><T64/><D78/><U51/><E51/><N who="2" m="30815" /><F37/><W94/><G102/><T61/><D64/><U47/><E47/><V96/><F91/><W110/><G110/><T66/><D66/><U79/><E79/><V103/><F103/><W9/><REACH who="3" step="1"/><G87/><REACH who="3" ten="250,250,250,240" step="2"/><N who="0" m="52287" /><D62/><U38/><E38/><V22/><F88/><W21/><G21/><AGARI ba="0,1" hai="12,16,21,23,27,30,53,57,61,97,99" m="52287" machi="21" ten="30,2900,0" yaku="8,1,54,1" doraHai="44" who="0" fromWho="3" sc="250,39,250,0,250,0,240,-29" /><AGARI ba="0,0" hai="17,19,21,22,24,26,43,45,48,96,98" m="30815" machi="21" ten="30,3900,0" yaku="8,1,52,2" doraHai="44" who="2" fromWho="3" sc="289,0,250,0,250,39,211,-39" /><INIT seed="0,1,0,0,3,91" ten="289,250,289,172" oya="0" hai0="86,40,117,52,67,96,118,31,107,19,84,62,126" hai1="48,12,116,74,27,73,108,102,106,131,38,14,132" hai2="79,89,97,0,123,36,94,69,68,10,72,76,59" hai3="4,47,20,23,21,60,3,53,7,71,104,44,11"/><T45/><D126/><U17/><E27/><V112/><F112/><W87/><G104/><T46/><D31/><U33/><E14/><V135/><F123/><W34/><G34/><T81/><D86/><U41/><E48/><V101/><F36/><W49/><G7/><T30/><D30/><U50/><E50/><V88/><F135/><W39/><G87/><T42/><D19/><U105/><E116/><V58/><F69/><W115/><G115/><T32/><D32/><U63/><E63/><V51/><F68/><W95/><G95/><T43/><D107/><U121/><E33/><V28/><F28/><W24/><G24/><T85/><D85/><U82/><E121/><V66/><F0/><W80/><G80/><T103/><D67/><U15/><E132/><V57/><F10/><W64/><REACH who="3" step="1"/><G39/><REACH who="3" ten="289,250,289,162" step="2"/><T92/><D118/><U2/><E106/><V6/><F6/><W55/><G55/><T83/><D117/><U1/><E38/><V8/><F94/><W22/><N who="3" m="5120" /><DORA hai="75" /><W99/><G99/><T13/><D13/><U127/><E105/><V18/><F97/><W37/><G37/><T5/><D5/><U25/><E82/><N who="0" m="31241" /><D84/><U78/><E74/><V130/><F72/><W119/><G119/><T128/><D128/><U16/><E131/><V109/><F130/><W111/><G111/><T56/><AGARI ba="1,1" hai="40,42,43,45,46,52,56,62,92,96,103" m="31241" machi="56" ten="30,6000,0" yaku="8,1,52,1,54,1" doraHai="91,75" who="0" fromWho="0" sc="289,73,250,-21,289,-21,162,-21" /><INIT seed="0,2,0,4,3,96" ten="362,229,268,141" oya="0" hai0="7,9,46,55,23,14,49,88,111,97,118,13,90" hai1="30,25,71,82,60,22,109,80,114,81,95,107,78" hai2="18,39,38,10,119,57,70,79,53,24,11,100,122" hai3="56,50,134,67,1,59,115,108,28,65,125,48,112"/><T73/><D118/><U103/><E109/><V12/><F122/><W17/><G17/><N who="0" m="10671" /><D73/><U21/><E114/><V58/><F70/><W19/><G19/><T27/><D111/><U113/><E113/><N who="3" m="43594" /><G28/><T34/><D34/><U124/><E124/><V91/><F119/><W44/><G1/><T120/><D120/><U52/><E21/><V16/><F79/><W41/><G108/><T32/><D32/><U110/><E107/><V33/><F91/><N who="0" m="34858" /><D97/><N who="1" m="59839" /><E71/><V116/><F116/><W6/><G6/><T29/><D29/><U36/><E36/><V72/><F33/><W76/><G76/><T89/><D89/><U5/><E110/><V129/><F72/><W94/><G94/><T77/><D77/><U43/><E78/><V126/><F126/><W135/><G125/><T40/><D27/><U66/><E5/><V31/><F31/><W62/><G50/><T63/><D63/><AGARI ba="2,0" hai="41,44,48,56,59,62,63,65,67,134,135" m="43594" machi="63" ten="30,2000,0" yaku="34,2" doraHai="96" who="3" fromWho="0" sc="362,-26,229,0,268,0,141,26" /><INIT seed="1,0,0,3,1,60" ten="336,229,268,167" oya="1" hai0="4,7,134,12,63,34,5,82,116,97,78,65,45" hai1="109,126,9,113,21,77,17,38,135,3,106,125,15" hai2="110,62,127,40,72,44,108,31,25,50,28,36,70" hai3="39,92,43,71,11,117,35,19,95,107,91,83,64"/><U57/><E38/><V30/><F72/><W85/><G107/><T130/><D116/><U33/><E106/><V74/><F74/><W48/><G35/><T111/><D34/><U105/><E105/><V103/><F127/><N who="1" m="48649" /><E77/><V118/><F118/><W67/><G39/><T120/><D111/><N who="2" m="42538" /><F103/><W69/><G117/><T66/><D130/><U47/><E109/><V22/><F36/><W112/><G112/><T98/><D134/><U52/><E47/><V0/><F0/><W26/><G69/><T20/><D45/><U58/><E33/><V88/><F88/><N who="3" m="51263" /><G71/><T53/><D120/><U24/><E58/><V27/><F27/><W81/><G81/><T80/><D98/><U29/><E113/><V121/><F121/><W56/><G95/><T129/><D97/><U6/><E135/><V10/><F10/><W104/><G104/><T90/><D90/><U133/><E133/><V1/><F1/><W14/><G26/><T32/><D32/><N who="1" m="20519" /><E57/><V61/><F70/><W75/><G75/><T114/><D114/><U122/><E52/><V59/><F62/><W132/><G132/><T68/><D68/><U13/><E13/><V8/><F8/><W100/><G100/><T54/><D54/><AGARI ba="0,0" hai="22,25,28,30,31,40,44,50,54,59,61" m="42538" machi="54" ten="30,1000,0" yaku="14,1" doraHai="60" who="2" fromWho="0" sc="336,-10,229,0,268,10,167,0" /><INIT seed="2,0,0,5,5,31" ten="326,229,278,167" oya="2" hai0="95,84,91,54,68,129,53,18,8,94,50,122,9" hai1="124,14,71,76,0,117,30,47,3,41,115,98,80" hai2="23,24,57,87,45,37,11,69,77,101,1,131,85" hai3="36,133,34,111,33,83,22,12,92,78,7,26,128"/><V64/><F131/><W132/><G36/><T104/><D104/><U86/><E71/><V121/><F121/><W100/><G128/><T2/><D68/><U81/><E117/><V60/><F77/><W112/><G111/><T113/><D113/><U27/><E115/><V93/><F69/><W134/><G112/><T61/><D2/><U5/><E98/><N who="2" m="59599" /><F11/><N who="3" m="4223" /><G92/><T119/><D122/><U40/><E40/><N who="2" m="22671" /><F1/><W6/><G6/><T43/><D119/><U97/><E97/><V127/><F127/><W74/><G100/><T13/><D95/><U108/><E108/><V106/><F106/><W105/><G105/><T126/><D126/><U120/><E120/><V67/><F67/><W59/><G59/><N who="0" m="35055" /><D43/><U42/><E42/><V125/><F125/><W130/><G130/><T52/><D54/><U82/><E124/><V44/><F44/><W32/><G22/><N who="0" m="11599" /><D129/><U123/><E123/><V39/><F39/><W58/><G58/><AGARI ba="0,0" hai="8,9,50,52,58,84,91,94" m="11599,35055" machi="58" ten="30,3900,0" yaku="25,1,8,1,54,1" doraHai="31" who="0" fromWho="3" sc="326,39,229,0,278,0,167,-39" /><INIT seed="3,0,0,3,5,109" ten="365,229,278,128" oya="3" hai0="75,71,117,114,132,33,83,89,49,98,31,74,60" hai1="105,8,125,43,129,91,124,115,25,113,10,126,78" hai2="96,55,80,81,118,21,5,94,0,19,24,63,39" hai3="121,15,3,30,111,36,122,1,127,107,102,131,90"/><W108/><G36/><T92/><D117/><U100/><E129/><V99/><F39/><W101/><G30/><T95/><D114/><N who="1" m="43531" /><E43/><V41/><F41/><W17/><G90/><T128/><D132/><U73/><E91/><N who="2" m="55391" /><F118/><W46/><G46/><T47/><D83/><N who="1" m="45519" /><E25/><V84/><F99/><AGARI ba="0,0" hai="8,10,99,100,105,124,125,126" m="45519,43531" machi="99" ten="40,8000,1" yaku="18,1,52,3" doraHai="109" who="1" fromWho="2" sc="365,0,229,80,278,-80,128,0" owari="365,46.5,309,10.9,198,-20.2,128,-37.2" /></mjloggm>