<mjloggm ver="2.3"><GO type="225" lobby="0"/><UN n0="%E3%82%BC%E3%83%AB%E3%83%80%E3%81%AE%E4%BC%9D%E8%AA%AC" n1="%33%74%72%65%65" n2="%E3%81%8B%E3%82%8F%E3%81%A1%E3%82%83%E3%82%93%35%38" n3="%4B%2E%32%2E%4B%2E" dan="17,17,16,16" rate="2130.92,2114.40,2158.78,2159.12" sx="M,F,M,M"/><TAIKYOKU oya="0"/><INIT seed="0,0,0,0,3,4" ten="250,250,250,250" oya="0" hai0="89,131,28,58,116,11,57,111,33,51,86,29,48" hai1="10,126,79,134,8,40,115,92,123,55,17,129,22" hai2="25,2,130,41,85,101,99,60,54,52,53,135,83" hai3="23,100,127,0,45,125,16,12,110,102,1,37,72"/><T66/><D116/><U7/><E123/><V71/><F135/><W109/><G72/><T114/><D114/><U21/><E134/><V128/><F2/><N who="3" m="1131" /><G45/><T44/><D131/><N who="2" m="50218" /><F41/><W98/><G37/><T30/><D33/><U5/><E129/><V121/><F25/><W56/><G56/><T46/><D111/><N who="3" m="42505" /><G98/><T50/><D11/><N who="1" m="4139" /><E115/><V120/><F60/><W132/><G132/><T36/><D36/><U73/><E73/><V84/><F71/><W81/><G81/><N who="0" m="49359" /><D58/><U3/><E3/><V38/><F38/><W75/><G75/><T133/><D133/><U39/><E39/><V87/><F83/><W13/><G12/><T43/><D43/><U6/><E40/><V42/><F42/><W76/><G76/><T59/><D59/><U124/><E79/><V47/><F47/><W97/><G102/><T64/><D64/><U9/><E55/><N who="2" m="14083" /><V108/><DORA hai="96" /><F108/><W104/><AGARI ba="0,0" hai="13,16,23,97,100,104,125,127" m="42505,1131" machi="104" ten="40,5200,0" yaku="14,1,52,1,54,1" doraHai="4,96" who="3" fromWho="3" sc="250,-26,250,-13,250,-13,250,52" /><INIT seed="1,0,0,2,3,45" ten="224,237,237,302" oya="1" hai0="5,39,15,133,121,87,127,17,69,35,66,62,109" hai1="49,14,33,71,124,79,2,131,28,20,92,89,57" hai2="10,96,83,42,41,65,90,0,32,116,98,24,54" hai3="104,61,58,63,27,88,56,112,113,132,60,29,105"/><U134/><E134/><V25/><F116/><W8/><G132/><T68/><D133/><U73/><E124/><V18/><F65/><W108/><G108/><T122/><D127/><U75/><E131/><V6/><F25/><W135/><G135/><T130/><D109/><U85/><E71/><V110/><F110/><W94/><G105/><T59/><D130/><U1/><E33/><V123/><F123/><N who="0" m="47114" /><D35/><U78/><E78/><V55/><F96/><W53/><G8/><N who="0" m="4495" /><D39/><U50/><E50/><V47/><F41/><W67/><G63/><T128/><D128/><U93/><E93/><V22/><F32/><W36/><G104/><T7/><D7/><U23/><E23/><V3/><F3/><N who="1" m="1033" /><E28/><V44/><F44/><W48/><G61/><T72/><D72/><U30/><E30/><V106/><F106/><W91/><G91/><T115/><D115/><U70/><E79/><V4/><F4/><W99/><G36/><T125/><D125/><U100/><E100/><V13/><F0/><W12/><G12/><T120/><N who="0" m="47122" /><T11/><DORA hai="126" /><D87/><U80/><E73/><V64/><F64/><W111/><G111/><T31/><D31/><U95/><E75/><V118/><F118/><W16/><G16/><T97/><D97/><U103/><E103/><V52/><F98/><W76/><G76/><T40/><D40/><U107/><E107/><V37/><REACH who="2" step="1"/><F55/><REACH who="2" ten="224,237,227,302" step="2"/><W119/><G119/><T43/><D43/><U114/><E114/><V51/><F51/><W101/><G101/><T102/><D102/><U129/><E129/><V77/><F77/><W38/><G38/><RYUUKYOKU ba="0,1" sc="224,10,237,-30,227,10,302,10" hai0="11,17,59,62,66,68,69" hai2="6,10,13,18,22,24,37,42,47,52,54,83,90" hai3="27,29,48,53,56,58,60,67,88,94,99,112,113" /><INIT seed="2,1,1,3,4,48" ten="234,207,237,312" oya="2" hai0="77,91,121,50,40,46,76,89,20,74,45,33,64" hai1="108,42,129,90,133,9,115,27,8,127,118,72,21" hai2="100,104,117,38,47,49,6,128,113,119,103,110,35" hai3="18,37,39,125,67,10,99,59,79,19,87,83,93"/><V102/><F113/><W75/><G125/><T126/><D33/><U86/><E118/><V84/><F104/><W112/><G112/><T54/><D121/><U16/><E115/><V60/><F38/><W120/><G120/><T28/><D126/><U11/><E127/><V4/><F35/><W105/><G67/><T36/><D64/><U66/><E72/><V134/><F119/><W29/><G29/><T106/><D106/><U44/><E108/><V114/><F114/><W1/><G59/><T25/><REACH who="0" step="1"/><D74/><REACH who="0" ten="224,207,237,312" step="2"/><U61/><E129/><V97/><F117/><W78/><G105/><T13/><D13/><U109/><E109/><V43/><F128/><W58/><G75/><T22/><D22/><U23/><E23/><V56/><F110/><W32/><G32/><T24/><D24/><U0/><E0/><V107/><F134/><W2/><G2/><T57/><D57/><U41/><E133/><V116/><F116/><W14/><G58/><T135/><D135/><U85/><E44/><V124/><F124/><W62/><G14/><T53/><D53/><U92/><REACH who="1" step="1"/><E86/><REACH who="1" ten="224,197,237,312" step="2"/><V30/><F84/><W123/><G1/><T15/><D15/><U55/><E55/><N who="2" m="33823" /><F30/><W69/><G87/><T111/><D111/><U130/><E130/><V52/><F52/><W63/><G123/><T7/><D7/><N who="2" m="2602" /><F107/><W95/><G18/><T73/><D73/><U65/><E65/><V81/><F97/><W82/><G99/><T3/><D3/><U68/><AGARI ba="1,3" hai="8,9,11,16,21,27,41,42,61,66,68,85,90,92" machi="68" ten="30,7900,0" yaku="1,1,0,1,54,1,53,1" doraHai="48" doraHaiUra="12" who="1" fromWho="1" sc="224,-21,197,112,237,-40,312,-21" /><INIT seed="3,0,0,3,0,71" ten="203,309,197,291" oya="3" hai0="8,82,31,77,125,34,26,117,81,5,128,13,24" hai1="32,102,67,114,51,105,116,27,129,10,40,53,121" hai2="57,38,109,1,62,16,83,124,95,111,39,66,68" hai3="59,104,78,47,98,14,133,88,25,131,12,101,4"/><W110/><G131/><T119/><D128/><U55/><E121/><V127/><F1/><W11/><G133/><T135/><D135/><U99/><E114/><V46/><F95/><W64/><G110/><N who="2" m="41993" /><F83/><W90/><G78/><T75/><D125/><N who="2" m="48202" /><F16/><W122/><G122/><T58/><D58/><U112/><E112/><V94/><F94/><N who="3" m="58583" /><G47/><T115/><D115/><U100/><E100/><V0/><F0/><W22/><G14/><T132/><D132/><U3/><E3/><V134/><F134/><W35/><G35/><T130/><D130/><U9/><E32/><V93/><F93/><W74/><G74/><T28/><D81/><U80/><E80/><V29/><F29/><N who="3" m="17591" /><G104/><T2/><D13/><U118/><E129/><V87/><F87/><W20/><G20/><AGARI ba="0,0" hai="2,5,8,20,24,26,28,31,34,75,77,82,117,119" machi="20" ten="30,1000,0" yaku="7,1" doraHai="71" who="0" fromWho="3" sc="203,10,309,0,197,0,291,-10" owari="213,-18.7,309,40.9,197,-30.3,281,8.1" /></mjloggm>