<mjloggm ver="2.3"><GO type="225" lobby="0"/><UN n0="%E6%98%93%E5%88%A9%E8%96%A9%E4%BC%AF" n1="%54%4F%52" n2="%E6%97%A5%E6%9B%9C%E6%97%A5%E3%82%88%E3%82%8A%E3%81%AE%E4%BD%BF%E8%80%85" n3="%E3%81%BE%E3%81%A8%E3%81%9F" dan="17,17,16,16" rate="2195.35,2171.37,2154.63,2146.31" sx="F,M,M,M"/><TAIKYOKU oya="0"/><INIT seed="0,0,0,5,2,109" ten="250,250,250,250" oya="0" hai0="3,7,113,80,116,66,60,124,16,88,68,101,87" hai1="130,62,105,96,82,24,122,57,50,94,51,22,78" hai2="40,73,117,52,9,30,41,76,21,129,29,90,17" hai3="38,84,72,14,128,5,48,59,108,104,31,126,39"/><T98/><D116/><U35/><E122/><V0/><F117/><W123/><G72/><T37/><D37/><U92/><E130/><V81/><F129/><W10/><G108/><T95/><D124/><U12/><E35/><V77/><F77/><W23/><G126/><T119/><D119/><U28/><E105/><V121/><F121/><W125/><G104/><T134/><D134/><U132/><E12/><V2/><F90/><W49/><G123/><T18/><REACH who="0" step="1"/><D113/><REACH who="0" ten="240,250,250,250" step="2"/><U42/><E132/><V69/><F0/><W32/><G39/><T107/><D107/><U71/><E42/><V4/><F41/><W89/><G38/><T127/><D127/><U56/><E71/><V15/><F40/><W110/><G125/><T33/><D33/><U65/><E56/><V45/><REACH who="2" step="1"/><F69/><REACH who="2" ten="240,250,240,250" step="2"/><W64/><G110/><T54/><D54/><U11/><E65/><V102/><F102/><W118/><G118/><T63/><D63/><U97/><E62/><V44/><F44/><W85/><G64/><T20/><D20/><U120/><E120/><V99/><F99/><W114/><G32/><T111/><D111/><U55/><E97/><V26/><F26/><W115/><G128/><T61/><D61/><U67/><E96/><V131/><F131/><W93/><G23/><T53/><D53/><U112/><E67/><V6/><F6/><W43/><G43/><T27/><D27/><U135/><E135/><V36/><F36/><W106/><G115/><T25/><D25/><U46/><E112/><V70/><F70/><W47/><G114/><T1/><D1/><U34/><E24/><RYUUKYOKU ba="0,2" sc="240,15,250,-15,240,15,250,-15" hai0="3,7,16,18,60,66,68,80,87,88,95,98,101" hai2="2,4,9,15,17,21,29,30,45,52,73,76,81" /><INIT seed="0,1,2,4,0,24" ten="255,235,255,235" oya="0" hai0="69,131,28,12,135,114,129,30,72,100,25,45,111" hai1="87,75,94,37,81,83,65,109,68,99,26,0,63" hai2="96,130,88,61,90,39,1,121,91,93,123,57,53" hai3="82,67,89,7,23,78,120,108,59,8,102,11,122"/><T54/><D69/><U84/><E0/><V107/><F1/><W119/><G119/><T29/><D114/><U62/><E37/><V125/><F39/><W51/><G102/><T9/><D72/><U17/><E109/><V132/><F107/><W6/><G89/><T22/><D111/><U113/><E113/><V16/><F125/><W85/><G23/><T77/><D77/><U2/><E2/><V117/><F117/><W134/><G134/><T49/><D100/><U48/><E75/><V58/><F132/><W126/><G126/><T10/><D10/><N who="3" m="3625" /><G108/><T50/><D50/><U128/><E128/><N who="0" m="49225" /><D135/><U14/><E26/><V112/><F112/><W20/><G20/><T19/><AGARI ba="1,2" hai="9,12,19,22,25,28,29,30,45,49,54" m="49225" machi="19" ten="30,11700,0" yaku="19,1,52,3" doraHai="24" who="0" fromWho="0" sc="255,140,235,-40,255,-40,235,-40" /><INIT seed="0,2,0,4,3,4" ten="395,195,215,195" oya="0" hai0="100,133,51,129,63,29,116,33,108,105,59,132,0" hai1="99,49,21,126,3,13,135,52,45,65,95,83,79" hai2="25,38,74,134,112,70,28,20,75,114,58,80,11" hai3="109,44,68,111,131,60,18,123,24,97,122,22,41"/><T96/><D116/><U118/><E118/><V35/><F70/><W9/><G131/><T76/><D0/><U61/><E3/><V19/><F38/><W48/><G97/><T5/><D5/><U84/><E126/><V94/><F134/><W8/><G60/><T110/><D76/><U1/><E1/><V127/><F127/><W103/><G103/><T57/><D51/><U15/><E21/><V85/><F94/><W90/><G90/><T46/><D46/><U7/><E7/><V6/><F58/><W115/><G68/><T56/><D63/><U81/><E81/><V92/><F92/><W47/><G115/><T119/><D129/><U55/><E55/><V14/><F114/><W36/><G8/><T107/><D107/><U2/><E2/><N who="2" m="471" /><F112/><W98/><G98/><T73/><D73/><U72/><E72/><V64/><F64/><W120/><REACH who="3" step="1"/><G9/><REACH who="3" ten="395,195,215,185" step="2"/><T78/><D119/><U117/><E117/><V26/><F26/><W42/><AGARI ba="2,1" hai="18,22,24,36,41,42,44,47,48,109,111,120,122,123" machi="42" ten="40,8000,1" yaku="1,1,2,1,0,1,13,1,53,0" doraHai="4" doraHaiUra="54" who="3" fromWho="3" sc="395,-42,195,-22,215,-22,185,96" /><INIT seed="1,0,0,4,2,97" ten="353,173,193,281" oya="1" hai0="105,120,126,88,100,13,123,22,31,39,73,2,82" hai1="33,55,93,94,5,76,134,26,70,66,29,133,63" hai2="77,61,43,64,113,14,114,87,18,37,79,30,128" hai3="27,11,132,108,40,112,71,85,52,58,34,41,51"/><U125/><E125/><V117/><F30/><W106/><G112/><N who="2" m="43113" /><F128/><W23/><G132/><N who="1" m="50794" /><E76/><V21/><F117/><W54/><G71/><T67/><D2/><U32/><E32/><V42/><F37/><W57/><G34/><T109/><D39/><U110/><E110/><V121/><F121/><W1/><G106/><T0/><D0/><U99/><E5/><V10/><F10/><W74/><G74/><T129/><D129/><U56/><E99/><V130/><F130/><W86/><G11/><T91/><D73/><U12/><E12/><V35/><F35/><W36/><G1/><T24/><D13/><U62/><AGARI ba="0,0" hai="26,29,33,55,56,62,63,66,70,93,94" m="50794" machi="62" ten="30,1500,0" yaku="20,1" doraHai="97" who="1" fromWho="1" sc="353,-5,173,15,193,-5,281,-5" /><INIT seed="1,1,0,0,5,124" ten="348,188,188,276" oya="1" hai0="6,12,89,53,91,111,26,58,29,95,28,67,55" hai1="127,7,69,62,120,31,18,84,68,112,10,125,51" hai2="85,24,105,70,75,57,82,113,15,80,93,48,45" hai3="114,130,39,33,44,133,83,2,86,22,132,121,81"/><U41/><E120/><V119/><F70/><W134/><G121/><T97/><D111/><U78/><E112/><V106/><F119/><W14/><G114/><T60/><D29/><U52/><E31/><V87/><F113/><W56/><G2/><T135/><D135/><U20/><E41/><V9/><F75/><W49/><G33/><T30/><D30/><U27/><E78/><V88/><F57/><W129/><G56/><T102/><D6/><U1/><E84/><V47/><F24/><W66/><G66/><T123/><D12/><U99/><E99/><V107/><F48/><W34/><G34/><T115/><D123/><U46/><REACH who="1" step="1"/><E62/><REACH who="1" ten="348,178,188,276" step="2"/><V65/><F65/><W96/><G96/><T103/><D115/><U40/><E40/><V61/><F61/><W25/><G86/><T21/><D103/><U16/><E16/><V79/><REACH who="2" step="1"/><F82/><REACH who="2" ten="348,178,178,276" step="2"/><N who="3" m="31243" /><G39/><T128/><D67/><U92/><E92/><V72/><F72/><W54/><G14/><T8/><D95/><U11/><E11/><V59/><F59/><W0/><G0/><T109/><D8/><U108/><E108/><V110/><F110/><W94/><G94/><T117/><D109/><U19/><E19/><AGARI ba="1,2" hai="9,15,19,45,47,79,80,85,87,88,93,105,106,107" machi="19" ten="40,5200,0" yaku="1,1,54,1,53,1" doraHai="124" doraHaiUra="90" who="2" fromWho="1" sc="348,0,178,-55,178,75,276,0" /><AGARI ba="1,0" hai="19,22,25,44,49,54,129,130,132,133,134" m="31243" machi="19" ten="40,5200,0" yaku="20,1,52,2" doraHai="124" who="3" fromWho="1" sc="348,0,123,-52,253,0,276,52" /><INIT seed="2,0,0,0,5,80" ten="348,71,253,328" oya="2" hai0="13,2,57,42,40,41,47,66,48,128,60,124,65" hai1="35,113,109,122,21,123,106,76,34,56,22,115,111" hai2="92,97,71,43,15,79,58,55,131,44,69,104,90" hai3="118,94,53,120,102,103,129,19,84,26,119,33,20"/><V86/><F131/><W51/><G120/><N who="1" m="46122" /><E56/><V85/><F15/><W78/><G129/><T91/><D2/><U50/><E50/><V96/><F104/><W29/><G103/><T45/><D124/><U83/><E106/><V3/><F3/><W27/><G102/><T25/><D25/><U117/><E83/><N who="2" m="47359" /><F71/><W75/><G75/><T11/><D128/><U46/><E46/><N who="0" m="17417" /><D91/><U81/><E81/><V63/><F69/><W62/><G62/><T37/><D48/><AGARI ba="0,0" hai="43,44,48,55,58,63,86,90,92,96,97" m="47359" machi="48" ten="30,5800,0" yaku="8,1,52,2" doraHai="80" who="2" fromWho="0" sc="348,-58,71,0,253,58,328,0" /><INIT seed="2,1,0,0,3,61" ten="290,71,311,328" oya="2" hai0="67,32,78,65,87,63,50,24,38,110,36,125,53" hai1="126,15,55,73,46,9,10,94,71,69,104,115,120" hai2="111,33,16,27,76,11,123,134,12,135,2,86,26" hai3="0,92,35,74,8,113,82,96,97,121,66,101,23"/><V130/><F76/><W132/><G35/><T62/><D32/><U89/><E115/><V133/><F86/><W7/><G121/><T79/><D110/><U51/><E120/><V112/><F123/><W37/><G37/><N who="0" m="14443" /><D24/><U116/><E116/><V39/><F39/><W29/><G132/><T106/><D87/><U44/><E104/><V13/><F112/><W109/><G109/><T54/><D106/><U93/><E73/><V108/><F2/><W124/><G124/><T28/><D28/><U48/><E126/><V118/><F118/><W47/><G29/><T21/><D21/><U52/><E89/><V90/><F90/><W129/><G23/><T100/><D100/><U1/><REACH who="1" step="1"/><E15/><REACH who="1" ten="290,61,311,328" step="2"/><V58/><F13/><W75/><G113/><T107/><D125/><U59/><E59/><V95/><F58/><W6/><G0/><AGARI ba="1,1" hai="0,1,9,10,44,46,48,51,52,55,69,71,93,94" machi="0" ten="25,6400,0" yaku="1,1,22,2,54,1,53,0" doraHai="61" doraHaiUra="117" who="1" fromWho="3" sc="290,0,61,77,311,0,328,-67" /><INIT seed="3,0,0,4,5,81" ten="290,138,311,261" oya="3" hai0="96,120,133,15,41,122,6,105,36,102,114,110,32" hai1="74,44,10,86,46,73,63,107,84,109,18,101,90" hai2="128,127,67,82,79,39,72,7,47,71,33,56,66" hai3="87,20,59,93,21,62,80,85,118,129,52,30,124"/><W11/><G118/><T25/><D15/><N who="1" m="7543" /><E74/><V77/><F127/><W45/><G129/><T76/><D110/><U57/><E73/><V130/><F56/><W17/><G124/><T27/><D27/><U70/><E70/><V14/><F33/><W103/><G30/><N who="0" m="19535" /><D76/><U64/><E107/><V34/><F77/><N who="3" m="46223" /><G45/><N who="1" m="17514" /><E109/><V108/><F34/><W42/><G42/><T125/><D125/><U37/><E37/><V117/><F108/><W132/><G132/><T49/><D49/><U94/><E101/><V12/><F117/><W40/><G40/><T61/><D41/><U92/><E90/><V29/><F71/><W121/><G121/><T3/><D36/><U16/><E16/><V54/><F39/><W65/><G65/><T48/><D114/><U126/><E126/><V1/><F67/><W5/><G5/><T0/><D133/><U13/><E13/><V95/><F66/><W19/><G11/><N who="0" m="2503" /><D3/><U23/><E23/><N who="3" m="8778" /><G103/><T89/><D89/><AGARI ba="0,0" hai="17,19,52,59,62,87,89,93" m="8778,46223" machi="89" ten="30,11600,0" yaku="8,1,52,2,54,1" doraHai="81" who="3" fromWho="0" sc="290,-116,138,0,311,0,261,116" owari="174,-22.6,138,-36.2,311,11.1,377,47.7" /></mjloggm>