<mjloggm ver="2.3"><GO type="225" lobby="0"/><UN n0="%72%69%6F%75%63%68%61%6E" n1="%E9%BB%99%E8%81%B4%E3%81%AE%E3%81%99%E3%82%9D%E3%82%81" n2="%E4%BF%BA%E3%81%A8%E5%A6%96%E5%A4%A2" n3="%75%72%6A%61%63%6B" dan="16,16,16,17" rate="2174.83,2150.39,2125.87,2107.48" sx="M,M,F,M"/><TAIKYOKU oya="0"/><INIT seed="0,0,0,3,2,63" ten="250,250,250,250" oya="0" hai0="66,97,19,50,132,51,18,119,130,102,32,62,9" hai1="120,61,93,122,129,27,30,106,96,35,2,76,74" hai2="86,78,70,107,124,41,60,15,64,110,36,105,14" hai3="57,54,38,21,10,40,95,73,131,55,11,128,48"/><T77/><D119/><U99/><E129/><N who="3" m="49738" /><G73/><T135/><D130/><U134/><E134/><N who="0" m="51241" /><D32/><U53/><E2/><V68/><F110/><W85/><G40/><T44/><D77/><U6/><E6/><V101/><F124/><W115/><G38/><T24/><D24/><U29/><E74/><V89/><F78/><W82/><G115/><T43/><D50/><U121/><E76/><V114/><F114/><W87/><G95/><N who="0" m="58687" /><D9/><N who="3" m="3081" /><G82/><T118/><D118/><U25/><E106/><V103/><F70/><AGARI ba="0,0" hai="18,19,43,44,51,62,66,70" m="58687,51241" machi="70" ten="30,2900,0" yaku="20,1,52,1" doraHai="63" who="0" fromWho="2" sc="250,29,250,0,250,-29,250,0" /><INIT seed="0,1,0,0,0,36" ten="279,250,221,250" oya="0" hai0="131,86,24,4,25,51,100,97,82,99,27,115,7" hai1="119,50,89,133,19,18,85,78,68,47,8,21,72" hai2="87,66,106,90,110,69,23,30,16,62,13,39,1" hai3="40,91,63,35,65,132,34,104,128,88,125,64,105"/><T43/><D115/><U108/><E108/><V71/><F110/><W93/><G125/><T52/><D131/><U113/><E133/><V67/><F106/><W53/><G132/><T114/><D114/><U26/><E68/><V55/><F1/><W98/><G128/><T84/><D43/><U96/><E119/><V122/><F122/><W117/><G117/><T58/><D84/><U48/><E113/><V130/><F39/><W57/><G40/><T79/><REACH who="0" step="1"/><D97/><REACH who="0" ten="269,250,221,250" step="2"/><U31/><E96/><V45/><F130/><W74/><G74/><T41/><D41/><U129/><E129/><V134/><F134/><W101/><G35/><T124/><D124/><U116/><E72/><V61/><F30/><W22/><G34/><T33/><D33/><U46/><E85/><V14/><F87/><W9/><G105/><AGARI ba="1,1" hai="4,7,24,25,27,51,52,58,79,82,86,99,100,105" machi="105" ten="40,3900,0" yaku="1,1,54,1,53,0" doraHai="36" doraHaiUra="29" who="0" fromWho="3" sc="269,52,250,0,221,0,250,-42" /><INIT seed="0,2,0,1,2,126" ten="321,250,221,208" oya="0" hai0="105,89,108,22,56,72,41,91,132,14,49,29,114" hai1="65,33,28,66,112,54,39,59,125,9,78,5,83" hai2="63,52,26,92,124,103,20,87,30,13,2,80,77" hai3="99,1,11,102,42,18,123,61,118,8,76,121,40"/><T88/><D114/><U117/><E39/><V113/><F113/><W133/><G118/><T12/><D132/><U27/><E125/><V46/><F124/><W95/><G133/><T85/><D72/><U97/><E97/><V73/><F2/><W129/><G76/><T64/><D105/><U127/><E117/><V17/><F103/><W48/><G61/><T38/><D108/><U51/><E112/><V19/><F92/><W50/><G18/><T6/><D38/><U86/><REACH who="1" step="1"/><E127/><REACH who="1" ten="321,240,221,208" step="2"/><V135/><F135/><W62/><G99/><T45/><D85/><U36/><E36/><V120/><F120/><W115/><G115/><T67/><D56/><U131/><E131/><V35/><F73/><W60/><G129/><T57/><D57/><U43/><E43/><V75/><F75/><W21/><G42/><T55/><D41/><U24/><E24/><V134/><F134/><W25/><G40/><T119/><D119/><U116/><E116/><V3/><F87/><W34/><G25/><N who="0" m="16567" /><D14/><AGARI ba="2,1" hai="5,9,14,27,28,33,51,54,59,65,66,78,83,86" machi="14" ten="30,2000,0" yaku="1,1,7,1,53,0" doraHai="126" doraHaiUra="71" who="1" fromWho="0" sc="321,-26,240,36,221,0,208,0" /><INIT seed="1,0,0,2,2,2" ten="295,276,221,208" oya="1" hai0="44,85,111,121,89,16,67,9,0,1,7,102,81" hai1="125,8,31,39,105,119,68,37,47,82,60,92,128" hai2="54,93,61,13,76,75,77,33,132,20,55,50,126" hai3="88,80,71,124,27,118,130,129,22,12,26,18,62"/><U3/><E105/><V42/><F33/><W134/><G134/><T99/><D111/><U135/><E119/><V30/><F132/><W98/><G118/><T63/><D121/><U112/><E112/><V41/><F126/><W36/><G36/><T38/><D16/><U11/><E128/><N who="3" m="49258" /><G124/><T51/><D38/><U48/><E135/><V28/><F75/><W127/><G127/><T59/><D0/><U14/><E31/><V6/><F61/><W83/><G83/><T24/><D24/><U45/><E125/><V106/><F106/><W123/><G123/><T107/><D51/><U65/><E92/><V35/><F35/><W73/><G73/><T103/><D44/><U101/><E101/><V108/><F93/><N who="3" m="56615" /><G80/><T133/><D103/><U25/><E25/><V64/><F108/><W114/><G114/><T69/><REACH who="0" step="1"/><D133/><REACH who="0" ten="285,276,221,208" step="2"/><U43/><E47/><V91/><F50/><W10/><G22/><T79/><D79/><U100/><E100/><V46/><F20/><W122/><G122/><T74/><D74/><U4/><REACH who="1" step="1"/><E82/><REACH who="1" ten="285,266,221,208" step="2"/><V15/><F46/><W86/><G27/><T57/><AGARI ba="0,2" hai="1,7,9,57,59,63,67,69,81,85,89,99,102,107" machi="57" ten="30,8000,1" yaku="1,1,0,1,52,1,53,2" doraHai="2" doraHaiUra="53" who="0" fromWho="0" sc="285,100,266,-40,221,-20,208,-20" /><INIT seed="2,0,0,5,0,50" ten="385,226,201,188" oya="2" hai0="69,129,3,32,25,76,33,88,86,85,95,34,109" hai1="8,10,18,6,63,82,44,27,104,121,112,75,2" hai2="94,105,38,118,7,71,106,97,41,125,119,30,70" hai3="40,135,78,55,11,46,73,57,0,64,72,59,23"/><V29/><F7/><W28/><G135/><T101/><D109/><U108/><E112/><V80/><F80/><W117/><G117/><N who="2" m="44553" /><F94/><W126/><G126/><T100/><D69/><N who="2" m="26122" /><F97/><W16/><G64/><T37/><D129/><U60/><E104/><N who="2" m="40043" /><F41/><W77/><G28/><N who="2" m="10857" /><F38/><W5/><G59/><T21/><D37/><U56/><E56/><V130/><F130/><W74/><G46/><T42/><D42/><U84/><E75/><V35/><F35/><W113/><G40/><T26/><D3/><U53/><E44/><V89/><F89/><W91/><G91/><T62/><D62/><U92/><E92/><V51/><F51/><W66/><G66/><T49/><D49/><U45/><E45/><V19/><F19/><W127/><G127/><AGARI ba="0,0" hai="125,127" m="10857,40043,26122,44553" machi="127" ten="40,3900,0" yaku="28,2" doraHai="50" who="2" fromWho="3" sc="385,0,226,0,201,39,188,-39" /><INIT seed="2,1,0,1,1,10" ten="385,226,240,149" oya="2" hai0="108,100,0,73,35,94,37,81,11,8,105,45,79" hai1="12,31,77,88,36,50,41,123,106,62,97,90,120" hai2="92,122,72,23,87,27,67,121,1,40,103,16,109" hai3="133,96,34,119,91,55,2,74,129,85,59,135,58"/><V26/><F72/><W63/><G119/><T24/><D108/><U114/><E36/><V128/><F1/><W75/><G2/><T44/><D94/><U19/><E77/><V107/><F107/><W32/><G129/><T66/><D66/><U78/><E78/><V46/><F128/><W49/><G96/><N who="0" m="61575" /><D11/><U51/><E31/><V110/><F67/><W29/><G75/><T13/><D13/><U61/><E114/><V126/><F27/><W64/><G74/><T53/><D44/><N who="1" m="25871" /><E106/><V15/><F26/><W112/><G112/><T86/><D86/><U99/><E51/><V130/><F130/><W9/><G29/><N who="0" m="19879" /><D53/><U38/><E38/><V20/><F20/><W132/><REACH who="3" step="1"/><G9/><REACH who="3" ten="385,226,240,139" step="2"/><T124/><D8/><N who="1" m="6535" /><E123/><V43/><F121/><W52/><G52/><T70/><D0/><U3/><E3/><V47/><F122/><W54/><G54/><T39/><D73/><U21/><E120/><V101/><F43/><W60/><G60/><T14/><D37/><U68/><E61/><V25/><F40/><W83/><AGARI ba="1,1" hai="32,34,49,55,58,59,63,64,83,85,91,132,133,135" machi="83" ten="30,4000,0" yaku="1,1,0,1,20,1,53,0" doraHai="10" doraHaiUra="115" who="3" fromWho="3" sc="385,-11,226,-11,240,-21,139,53" /><INIT seed="3,0,0,3,4,51" ten="374,215,219,192" oya="3" hai0="113,26,64,37,66,93,97,87,91,43,44,7,121" hai1="0,29,127,45,11,114,58,47,125,6,135,20,59" hai2="60,13,16,122,86,8,100,118,133,46,57,109,36" hai3="107,126,42,95,124,9,23,21,62,92,40,108,132"/><W5/><G107/><T70/><D121/><U128/><E114/><V69/><F118/><W35/><G35/><T14/><D113/><U79/><E79/><V72/><F72/><W94/><G132/><T99/><D26/><N who="1" m="16583" /><E128/><V96/><F69/><W27/><G108/><T18/><D7/><U84/><E84/><V32/><F32/><W112/><G62/><T129/><D129/><U49/><E47/><V71/><F71/><W34/><G34/><T82/><D70/><U76/><E76/><V74/><F74/><W48/><G112/><T103/><D99/><U130/><E135/><V110/><F86/><W41/><G48/><T63/><D63/><U15/><E0/><V111/><F133/><W38/><G38/><T101/><D101/><U55/><E130/><V2/><F2/><W77/><G77/><T10/><AGARI ba="0,0" hai="10,14,18,37,43,44,64,66,82,87,91,93,97,103" machi="10" ten="20,1500,0" yaku="0,1,7,1" doraHai="51" who="0" fromWho="0" sc="374,15,215,-4,219,-4,192,-7" owari="389,48.9,211,-18.9,215,1.5,185,-31.5" /></mjloggm>