<mjloggm ver="2.3"><GO type="225" lobby="0"/><UN n0="%E3%81%BE%E3%81%A8%E3%81%9F" n1="%72%65%6E%6B%75%6E" n2="%E3%82%8A%E3%81%93%E3%82%8A%E3%82%93%E3%81%94" n3="%E3%80%90%E3%83%88%E3%83%AA%E3%83%A5%E3%83%95%E3%80%91" dan="16,17,17,16" rate="2124.35,2235.12,2236.90,2074.01" sx="M,M,M,M"/><TAIKYOKU oya="0"/><INIT seed="0,0,0,3,4,103" ten="250,250,250,250" oya="0" hai0="44,22,9,16,130,49,133,6,72,64,106,54,67" hai1="93,126,11,31,34,28,61,131,88,118,25,81,105" hai2="4,60,48,24,40,3,57,26,96,125,20,135,79" hai3="84,62,37,128,104,45,27,5,65,78,127,36,33"/><T101/><D130/><U39/><E118/><V1/><F125/><W107/><G127/><T7/><D72/><U73/><E126/><V51/><F135/><W75/><G5/><T41/><D7/><U90/><E131/><V98/><F79/><W50/><G128/><T46/><D101/><U110/><E39/><V100/><F98/><W12/><G12/><T86/><D106/><U85/><E110/><V19/><F26/><W42/><G84/><T112/><D112/><U47/><E105/><V8/><F40/><W77/><G37/><T94/><D94/><U121/><E28/><V30/><F19/><W52/><G78/><T69/><D86/><U109/><E109/><V97/><F3/><W129/><G129/><T70/><D69/><U2/><E47/><V35/><F35/><W21/><G33/><T74/><D70/><U76/><E61/><V95/><REACH who="2" step="1"/><F96/><REACH who="2" ten="250,250,240,250" step="2"/><W29/><G77/><T116/><D133/><U10/><E2/><V119/><F119/><W132/><G132/><T102/><D116/><U115/><E115/><V117/><F117/><W32/><G32/><T123/><D102/><U108/><E108/><V13/><F13/><W43/><G75/><T124/><D74/><U134/><E134/><V56/><F56/><N who="3" m="32791" /><G42/><T17/><D124/><U82/><REACH who="1" step="1"/><E121/><REACH who="1" ten="250,240,240,250" step="2"/><V122/><F122/><W91/><G36/><T71/><D123/><U80/><E80/><V15/><F15/><W55/><G43/><T114/><D41/><U92/><E92/><V18/><F18/><W120/><G120/><T68/><D17/><U23/><E23/><V111/><F111/><RYUUKYOKU ba="0,2" sc="250,-15,240,15,240,15,250,-15" hai1="10,11,25,31,34,73,76,81,82,85,88,90,93" hai2="1,4,8,20,24,30,48,51,57,60,95,97,100" /><INIT seed="1,1,2,4,5,78" ten="235,255,255,235" oya="1" hai0="13,86,135,7,11,112,126,39,9,0,77,70,51" hai1="81,67,27,35,105,25,20,104,60,68,48,47,49" hai2="131,114,5,132,22,123,89,80,45,115,32,1,94" hai3="26,119,15,125,31,117,127,96,111,43,14,38,17"/><U53/><E35/><V72/><F123/><W76/><G96/><T44/><D112/><N who="2" m="43050" /><F32/><N who="3" m="20599" /><G43/><T30/><D39/><U79/><E48/><V42/><F131/><W102/><G102/><T121/><D121/><U50/><E50/><N who="2" m="26935" /><F132/><W110/><G76/><T74/><D70/><U23/><E23/><V4/><F1/><W29/><G29/><T93/><D30/><U103/><E103/><V59/><F59/><W92/><G92/><T2/><D74/><U71/><E71/><V54/><F54/><W95/><G95/><T36/><D135/><U56/><E68/><V122/><F122/><W37/><G14/><T16/><D2/><U69/><E69/><V106/><F106/><W62/><G62/><T107/><D107/><U82/><E25/><V113/><F22/><N who="3" m="11583" /><G37/><T134/><D36/><U52/><E53/><V21/><F21/><W109/><G38/><T41/><D134/><U19/><REACH who="1" step="1"/><E82/><REACH who="1" ten="235,245,255,235" step="2"/><V129/><F113/><W118/><AGARI ba="1,3" hai="109,110,111,117,118,119,125,127" m="11583,20599" machi="118" ten="40,8000,1" yaku="14,1,12,1,34,2" doraHai="78" who="3" fromWho="3" sc="235,-21,245,-41,255,-21,235,113" /><INIT seed="2,0,0,0,4,81" ten="214,204,234,348" oya="2" hai0="27,42,72,30,17,47,21,7,104,127,62,76,46" hai1="71,105,70,35,131,48,112,13,23,49,103,64,52" hai2="12,41,28,57,11,63,32,132,22,125,75,44,54" hai3="66,109,86,98,101,33,106,67,77,107,34,19,36"/><V96/><F75/><W111/><G36/><T128/><D127/><U91/><E35/><N who="3" m="13322" /><G107/><T84/><D104/><U51/><E112/><V15/><F125/><W14/><G86/><T133/><D72/><U55/><E131/><V60/><F32/><W25/><G25/><T78/><D133/><U87/><E103/><V29/><F132/><W3/><G3/><T69/><D7/><U122/><E105/><V73/><F73/><W18/><G77/><T129/><D76/><U16/><E122/><V1/><F1/><W120/><G120/><T113/><D113/><U116/><E116/><V6/><F96/><W40/><G40/><T65/><D30/><U4/><E4/><V38/><REACH who="2" step="1"/><F60/><REACH who="2" ten="214,204,224,348" step="2"/><W85/><G98/><T119/><D129/><U61/><REACH who="1" step="1"/><E70/><REACH who="1" ten="214,194,224,348" step="2"/><V126/><F126/><W74/><G106/><T118/><D128/><U68/><E68/><V9/><F9/><W24/><G74/><T5/><D118/><U123/><E123/><V39/><F39/><W115/><G115/><T130/><D119/><U89/><E89/><V56/><F56/><W124/><G124/><T94/><D130/><U79/><E79/><V20/><F20/><W102/><G102/><T88/><D78/><U80/><AGARI ba="0,2" hai="13,16,23,48,49,51,52,55,61,64,71,80,87,91" machi="80" ten="30,8000,1" yaku="1,1,0,1,52,1,54,2,53,0" doraHai="81" doraHaiUra="31" who="1" fromWho="1" sc="214,-20,194,100,224,-40,348,-20" /><INIT seed="3,0,0,2,3,65" ten="194,294,184,328" oya="3" hai0="104,38,112,60,64,4,36,127,118,37,90,50,114" hai1="93,86,84,92,45,132,109,129,39,24,29,16,9" hai2="55,63,87,52,113,13,49,5,59,96,19,8,2" hai3="122,23,75,110,72,48,115,94,120,6,83,35,117"/><W106/><G35/><T32/><D127/><U99/><E109/><V85/><F96/><W116/><G6/><T20/><D32/><U133/><E129/><V54/><F113/><N who="0" m="43626" /><D104/><U34/><E39/><N who="0" m="14921" /><D118/><U79/><E45/><V0/><F0/><W80/><G23/><T61/><N who="0" m="14929" /><T134/><DORA hai="121" /><D4/><U12/><E93/><V107/><F107/><W47/><G94/><T62/><D90/><U26/><E26/><V46/><F55/><W27/><G27/><T67/><D20/><AGARI ba="0,0" hai="2,5,8,13,19,20,46,49,52,54,59,63,85,87" machi="20" ten="30,2000,0" yaku="7,1,54,1" doraHai="65,121" who="2" fromWho="0" sc="194,-20,294,0,184,20,328,0" owari="174,-32.6,294,9.4,204,-19.6,328,42.8" /></mjloggm>