<mjloggm ver="2.3"><GO type="225" lobby="0"/><UN n0="%E6%B8%A9%E2%98%85%E6%83%85%E2%98%85%E6%8E%AA%E2%98%85%E7%BD%AE" n1="%E5%8D%A0%E3%81%84%E5%B8%AB%E8%A3%8F%E3%81%AA%E3%81%84%E3%81%97" n2="%E6%A1%9C%E8%8A%B1%E9%96%83%E3%80%85" n3="%E3%81%99%E3%81%84%E3%81%BE%E3%81%9B%E3%83%BC%E3%82%93" dan="17,17,16,18" rate="2184.47,2156.88,2114.74,2171.81" sx="M,M,M,M"/><TAIKYOKU oya="0"/><INIT seed="0,0,0,0,3,102" ten="250,250,250,250" oya="0" hai0="116,67,89,30,1,72,74,92,71,17,19,50,35" hai1="119,38,83,100,101,43,103,64,70,37,120,105,128" hai2="24,122,118,77,112,93,66,90,54,85,79,127,59" hai3="135,65,36,104,133,20,107,58,60,45,0,96,57"/><T82/><D116/><U49/><E119/><V98/><F118/><W8/><G96/><T115/><D115/><U110/><E120/><V126/><F122/><W81/><G20/><T18/><D1/><U61/><E110/><V16/><F112/><W32/><G32/><T46/><D82/><U108/><E108/><V21/><F66/><W48/><G81/><T97/><D67/><U68/><E128/><V47/><F47/><W14/><G58/><T51/><D71/><U39/><E83/><V132/><F132/><N who="3" m="50763" /><G36/><T134/><D134/><U124/><E124/><N who="2" m="47659" /><F85/><W75/><G0/><T22/><D35/><U7/><E7/><V3/><F3/><W111/><G75/><T69/><D69/><U34/><E34/><V4/><F4/><N who="3" m="3335" /><G111/><T84/><D84/><U6/><E6/><V131/><F131/><W78/><G78/><T28/><D51/><AGARI ba="0,0" hai="16,21,24,51,54,59,77,79,90,93,98" m="47659" machi="51" ten="30,2000,0" yaku="18,1,54,1" doraHai="102" who="2" fromWho="0" sc="250,-20,250,0,250,20,250,0" /><INIT seed="1,0,0,3,3,17" ten="230,250,270,250" oya="1" hai0="18,23,116,115,92,19,97,12,60,101,38,34,68" hai1="77,16,82,118,70,49,81,31,43,96,113,95,76" hai2="84,122,123,10,120,69,104,106,112,22,67,107,7" hai3="36,59,42,90,37,127,125,134,41,21,71,8,64"/><U121/><E70/><V83/><F112/><W58/><G134/><T131/><D115/><U100/><E113/><V103/><F67/><W88/><G8/><T111/><D116/><U47/><E118/><V78/><F69/><W91/><G71/><T72/><D72/><U11/><E31/><V51/><F51/><W40/><G21/><T98/><D111/><U20/><E11/><V35/><F35/><W13/><G13/><T117/><D117/><U79/><E121/><V9/><F103/><W133/><G133/><T102/><D38/><N who="3" m="14953" /><G64/><T29/><D60/><U93/><E95/><V5/><F22/><W6/><G6/><T86/><D131/><U15/><AGARI ba="0,0" hai="15,16,20,43,47,49,76,77,79,81,82,93,96,100" machi="15" ten="30,11700,0" yaku="0,1,8,1,52,1,54,1" doraHai="17" who="1" fromWho="1" sc="230,-39,250,117,270,-39,250,-39" /><INIT seed="1,1,0,0,3,36" ten="191,367,231,211" oya="1" hai0="43,18,85,48,74,98,127,19,97,99,109,5,4" hai1="28,128,66,77,94,11,76,51,103,78,84,120,54" hai2="79,26,135,72,125,25,50,56,31,114,41,69,17" hai3="16,52,47,104,29,60,90,95,46,118,33,1,59"/><U10/><E120/><V119/><F119/><W70/><G118/><T110/><D74/><U63/><E128/><V92/><F125/><W44/><G1/><T93/><D127/><U108/><E28/><V37/><F135/><W102/><G70/><T12/><D85/><U23/><E108/><N who="0" m="41577" /><D93/><U86/><E23/><V83/><F69/><W34/><G29/><T81/><D81/><U82/><E86/><V111/><F111/><W14/><G104/><T6/><D12/><U100/><E100/><V133/><F114/><W2/><G2/><T3/><D3/><U126/><E126/><V65/><F133/><W68/><G68/><T61/><D61/><U73/><E73/><V113/><F92/><W117/><G102/><T116/><D116/><U88/><E103/><V107/><F107/><W8/><REACH who="3" step="1"/><G117/><REACH who="3" ten="191,367,231,201" step="2"/><T32/><D32/><U0/><E0/><V9/><F31/><W89/><G89/><T24/><D24/><U40/><E88/><V49/><F26/><W22/><G22/><T87/><D87/><AGARI ba="1,1" hai="8,14,16,33,34,44,46,47,52,59,60,87,90,95" machi="87" ten="40,5200,0" yaku="1,1,54,2,53,0" doraHai="36" doraHaiUra="39" who="3" fromWho="0" sc="191,-55,367,0,231,0,201,65" /><INIT seed="2,0,0,5,5,103" ten="136,367,231,266" oya="2" hai0="39,11,120,77,60,88,86,69,131,45,125,52,15" hai1="102,46,51,114,107,127,64,128,130,91,58,76,101" hai2="41,26,44,132,80,124,17,27,1,42,30,10,109" hai3="117,65,19,0,89,56,79,75,66,13,70,57,85"/><V47/><F124/><W29/><G117/><T97/><D125/><U67/><E127/><V21/><F132/><W96/><G0/><T82/><D120/><U121/><E114/><V7/><F109/><W35/><G35/><T4/><D131/><N who="1" m="50219" /><E121/><V100/><F100/><N who="1" m="38505" /><E76/><V68/><F68/><W95/><G29/><T92/><D69/><U87/><E58/><N who="3" m="22634" /><G75/><T83/><D60/><U2/><E107/><V126/><F126/><W72/><G72/><T73/><D39/><U63/><E63/><V99/><F99/><W48/><G48/><T34/><D34/><U32/><E2/><V93/><F93/><W135/><G135/><T3/><D3/><U113/><E32/><V16/><F80/><N who="3" m="47263" /><G70/><T115/><D115/><U134/><E134/><V8/><F8/><AGARI ba="0,0" hai="8,13,19,65,66,89,95,96" m="47263,22634" machi="8" ten="30,1000,0" yaku="8,1" doraHai="103" who="3" fromWho="2" sc="136,0,367,0,231,-10,266,10" /><INIT seed="3,0,0,0,0,52" ten="136,367,221,276" oya="3" hai0="97,127,130,41,73,89,17,18,131,1,70,28,34" hai1="2,87,135,47,102,10,100,123,5,90,58,32,35" hai2="95,53,60,94,20,84,96,61,77,68,133,91,78" hai3="44,6,103,83,132,46,43,117,109,38,3,26,114"/><W33/><G117/><T88/><D70/><U15/><E123/><V66/><F133/><W48/><G114/><T62/><D73/><U86/><E135/><V105/><F105/><W99/><G132/><T124/><D1/><U85/><E58/><V79/><F20/><W49/><G109/><T12/><D41/><U92/><E2/><V119/><F119/><W76/><G26/><N who="0" m="18711" /><D97/><N who="1" m="57495" /><E32/><V9/><F9/><W111/><G111/><T115/><D115/><U122/><E35/><V36/><F36/><W54/><G33/><T125/><D62/><U65/><E122/><V23/><F23/><W27/><G43/><T0/><D0/><U57/><E47/><V59/><REACH who="2" step="1"/><F78/><REACH who="2" ten="136,367,211,276" step="2"/><W21/><G76/><T4/><D89/><AGARI ba="0,1" hai="53,59,60,61,66,68,77,79,84,89,91,94,95,96" machi="89" ten="30,7700,0" yaku="1,1,2,1,7,1,52,1,53,0" doraHai="52" doraHaiUra="29" who="2" fromWho="0" sc="136,-77,367,0,211,87,276,0" owari="59,-44.1,367,46.7,298,9.8,276,-12.4" /></mjloggm>