<mjloggm ver="2.3"><GO type="225" lobby="0"/><UN n0="%E3%83%96%E3%83%83%E3%83%91%E3%82%AA%E3%83%96%E3%83%81%E3%82%AD%E3%83%B3" n1="%74%2E%6F%2E%6F%2E%73" n2="%E3%83%81%E3%83%83%E3%82%BF%E3%82%BD%E3%83%BC" n3="%E6%9D%B1%E9%A2%A8%E3%81%AE%E3%81%8D%E3%82%83%E3%81%B7%E3%81%95%E3%82%93" dan="17,17,16,16" rate="2217.40,2130.21,2186.93,2191.84" sx="M,M,F,M"/><TAIKYOKU oya="0"/><INIT seed="0,0,0,1,0,38" ten="250,250,250,250" oya="0" hai0="51,65,46,33,6,23,19,54,2,83,105,69,91" hai1="28,130,108,102,57,94,60,18,13,4,128,67,58" hai2="53,12,61,122,62,117,14,110,25,78,35,30,135" hai3="82,21,96,15,3,126,22,88,72,59,17,55,98"/><T85/><D33/><U26/><E108/><V134/><F110/><W48/><G3/><T56/><D105/><U114/><E4/><V74/><F122/><W124/><G22/><T115/><D115/><U39/><E39/><V101/><F117/><W42/><G42/><T1/><D69/><U112/><E57/><V10/><F101/><W11/><G21/><T77/><D6/><U64/><E64/><V16/><F12/><W52/><G55/><T123/><D123/><U50/><E50/><V40/><F40/><W68/><G68/><T127/><D127/><N who="3" m="48681" /><G72/><T0/><D77/><U34/><E18/><V24/><F24/><W111/><G111/><T125/><D125/><U32/><E13/><V63/><REACH who="2" step="1"/><F53/><REACH who="2" ten="250,250,240,250" step="2"/><W93/><G82/><AGARI ba="0,1" hai="10,14,16,25,30,35,61,62,63,74,78,82,134,135" machi="82" ten="40,5200,0" yaku="1,1,2,1,54,1,53,0" doraHai="38" doraHaiUra="37" who="2" fromWho="3" sc="250,0,250,0,240,62,250,-52" /><INIT seed="1,0,0,2,1,46" ten="250,250,302,198" oya="1" hai0="106,125,43,132,9,127,91,1,10,70,27,20,41" hai1="60,96,128,40,126,47,104,133,73,8,18,4,50" hai2="86,16,65,113,0,75,53,80,63,81,115,19,89" hai3="135,2,67,42,90,29,85,117,101,49,114,116,108"/><U59/><E128/><V22/><F0/><W23/><G2/><T58/><D70/><U25/><E126/><N who="0" m="48137" /><D132/><U69/><E133/><V121/><F121/><W34/><G135/><T111/><D111/><U39/><E73/><V64/><F53/><W45/><G108/><T44/><D106/><U105/><E96/><V57/><F65/><W120/><G114/><N who="2" m="43529" /><F22/><W97/><G120/><T130/><D130/><U30/><E18/><N who="2" m="6699" /><F75/><W124/><G124/><T99/><D1/><U14/><E69/><V79/><F80/><W110/><G110/><T21/><D58/><U88/><E39/><V87/><F87/><W12/><G34/><T3/><D3/><U13/><E13/><V52/><F64/><W129/><G67/><T107/><D21/><U84/><E59/><V48/><F63/><W55/><G129/><T7/><D20/><U98/><E60/><V38/><F38/><W103/><G42/><T109/><D43/><U94/><REACH who="1" step="1"/><E98/><REACH who="1" ten="250,240,302,198" step="2"/><V76/><AGARI ba="0,1" hai="48,52,57,76,79,81,86,89" m="6699,43529" machi="76" ten="30,7900,0" yaku="11,1,52,1,54,2" doraHai="46" who="2" fromWho="2" sc="250,-20,240,-39,302,89,198,-20" /><INIT seed="2,0,0,0,1,133" ten="230,201,391,178" oya="2" hai0="81,113,25,121,110,124,65,111,75,85,2,105,39" hai1="6,114,16,72,13,107,64,0,30,8,55,90,119" hai2="118,80,99,10,100,98,23,52,97,9,83,4,88" hai3="37,62,104,91,42,131,50,86,82,122,134,47,29"/><V66/><F118/><W101/><G134/><T73/><D121/><U11/><E114/><V126/><F126/><W102/><G122/><T89/><D113/><U125/><E119/><V76/><F66/><W60/><G131/><T96/><D39/><U22/><E72/><N who="0" m="27721" /><D2/><U46/><E107/><V3/><F10/><W84/><G37/><T109/><D65/><U93/><E64/><V120/><F120/><W117/><G117/><T74/><N who="0" m="27729" /><T12/><DORA hai="40" /><D12/><U79/><E79/><V45/><F76/><W38/><G29/><T132/><D25/><U112/><E112/><V49/><F23/><W35/><G35/><T69/><D69/><U135/><E135/><V68/><F68/><W57/><G38/><T36/><D36/><U71/><E71/><V26/><F26/><W17/><G104/><T130/><D132/><U61/><E125/><V78/><F78/><N who="3" m="46167" /><G17/><T56/><D130/><U116/><E116/><V94/><F98/><W95/><G62/><T63/><D105/><AGARI ba="0,0" hai="3,4,9,45,49,52,80,83,88,94,97,99,100,105" machi="105" ten="30,11600,0" yaku="7,1,52,1,54,2" doraHai="133,40" who="2" fromWho="0" sc="230,-116,201,0,391,116,178,0" /><INIT seed="2,1,0,4,5,132" ten="114,201,507,178" oya="2" hai0="69,43,17,111,38,96,51,85,125,89,49,8,99" hai1="127,87,55,18,118,12,36,114,37,42,5,32,100" hai2="24,47,65,74,70,106,134,88,66,90,19,35,126" hai3="56,61,64,71,75,72,6,109,10,104,58,115,123"/><V52/><F106/><W68/><G123/><T3/><D69/><U133/><E114/><V82/><F134/><W48/><G115/><T91/><D111/><U21/><E118/><V50/><F35/><W81/><G104/><T122/><D122/><U119/><E119/><V33/><F33/><W41/><G109/><T15/><D38/><U30/><E133/><V25/><F70/><W107/><G107/><T105/><D105/><U116/><E116/><V11/><F74/><W94/><G94/><T135/><D135/><U28/><E100/><V54/><F82/><W80/><G72/><T103/><D3/><U101/><E101/><V40/><F40/><W121/><G121/><T83/><D103/><U1/><E55/><V60/><F60/><W120/><G120/><T93/><D125/><U22/><E22/><V95/><F126/><W86/><G75/><T7/><D17/><U34/><E87/><N who="2" m="52639" /><F90/><W0/><G80/><T16/><D7/><U13/><E42/><V26/><F54/><W117/><G117/><T92/><REACH who="0" step="1"/><D43/><REACH who="0" ten="104,201,507,178" step="2"/><U23/><E36/><V130/><F19/><W2/><G2/><T128/><D128/><U76/><E37/><V77/><F130/><W97/><G71/><T131/><D131/><U62/><E1/><V78/><F11/><W98/><G68/><T9/><D9/><U29/><E18/><V102/><F102/><W44/><G56/><T63/><D63/><U110/><E62/><V113/><F113/><W129/><G129/><T57/><D57/><U4/><E110/><V31/><F31/><N who="1" m="11849" /><E127/><V14/><F50/><W45/><G45/><RYUUKYOKU ba="1,1" sc="104,15,201,-15,507,-15,178,15" hai0="8,15,16,49,51,83,85,89,91,92,93,96,99" hai3="0,6,10,41,44,48,58,61,64,81,86,97,98" /><INIT seed="3,2,1,2,1,36" ten="119,186,492,193" oya="3" hai0="99,3,66,126,17,45,32,48,49,88,95,34,20" hai1="89,39,24,120,119,91,122,127,115,43,51,112,97" hai2="26,69,4,38,42,101,130,54,111,65,1,124,10" hai3="16,5,125,27,90,102,70,63,22,105,23,108,29"/><W52/><G125/><T59/><D3/><U103/><E39/><V0/><F54/><W46/><G108/><T96/><D126/><U74/><E24/><V110/><F124/><W30/><G5/><T86/><D34/><U64/><E64/><V116/><F116/><W44/><G105/><T7/><D32/><U41/><E127/><V114/><F114/><N who="1" m="43561" /><E51/><V71/><F130/><W31/><G102/><T18/><D7/><U129/><E41/><V79/><F0/><W100/><G100/><T47/><D47/><N who="3" m="17961" /><G70/><T118/><D118/><U113/><E43/><V58/><F101/><W128/><G128/><T33/><D33/><U35/><E35/><V28/><F58/><N who="3" m="35271" /><G90/><N who="1" m="34314" /><E113/><V123/><F79/><W2/><G2/><T104/><D17/><U6/><E6/><V134/><F71/><W19/><G19/><T14/><D104/><N who="1" m="63599" /><E129/><V84/><F69/><W135/><G135/><T13/><D13/><AGARI ba="2,1" hai="13,16,22,23,27,29,30,31" m="35271,17961" machi="13" ten="30,5800,0" yaku="8,1,54,2" doraHai="36" who="3" fromWho="0" sc="119,-64,186,0,492,0,193,74" /><INIT seed="3,3,0,0,1,112" ten="55,186,492,267" oya="3" hai0="3,97,23,33,128,15,45,54,32,12,78,108,22" hai1="107,76,79,47,120,8,115,65,27,122,69,101,117" hai2="55,25,90,61,56,121,126,9,18,51,87,7,91" hai3="62,130,49,134,125,42,83,88,133,105,109,124,116"/><W89/><G62/><T93/><D78/><U123/><E115/><V40/><F126/><N who="3" m="48747" /><G49/><T19/><D54/><U110/><E110/><V131/><F121/><W48/><G48/><T10/><D45/><U71/><E8/><V103/><F131/><W111/><G42/><T80/><D93/><U43/><E27/><V36/><F36/><W1/><G1/><T38/><D97/><U94/><E107/><V26/><F103/><W14/><G14/><T17/><D80/><U16/><E16/><V63/><F91/><N who="3" m="34891" /><G105/><T84/><D84/><U92/><E65/><V57/><F63/><W86/><G116/><T5/><D38/><U100/><E123/><V52/><F18/><W96/><G96/><T118/><D108/><N who="3" m="41545" /><G130/><T132/><D128/><U106/><E106/><V81/><F40/><W46/><G46/><T75/><D75/><U114/><E47/><V37/><F37/><W35/><G35/><T30/><D118/><U0/><E43/><V29/><F29/><W2/><G2/><AGARI ba="3,0" hai="2,7,9,25,26,51,52,55,56,57,61,81,87,90" machi="2" ten="30,2000,0" yaku="7,1,54,1" doraHai="112" who="2" fromWho="3" sc="55,0,186,0,492,29,267,-29" owari="55,-44.5,186,-21.4,521,62.1,238,3.8" /></mjloggm>