<mjloggm ver="2.3"><GO type="225" lobby="0"/><UN n0="%E3%81%A4%E3%81%A3%E3%81%B1%E3%82%8A%E3%83%9D%E3%83%BC%E3%83%AB" n1="%E3%81%AF%E3%82%88%E3%81%8A%E3%81%98%E3%81%95%E3%82%93" n2="%E7%B4%94%E6%BD%94%E3%83%94%E3%83%A9%E3%83%8B%E3%82%A2" n3="%E6%9C%88%E5%B3%B6%E5%9F%BA" dan="17,17,17,17" rate="2165.95,2229.65,2187.09,2194.43" sx="M,M,M,M"/><TAIKYOKU oya="0"/><INIT seed="0,0,0,4,3,109" ten="250,250,250,250" oya="0" hai0="98,72,2,107,92,93,99,56,102,100,77,125,87" hai1="17,37,53,1,90,81,106,31,122,32,118,10,111" hai2="40,11,62,52,71,15,58,96,30,101,68,45,69" hai3="4,74,82,22,0,49,132,127,27,88,19,119,14"/><T76/><D2/><U84/><E118/><V70/><F30/><W108/><G119/><T29/><D29/><U135/><E122/><V113/><F113/><W47/><G108/><T64/><D64/><U128/><E111/><V89/><F89/><W133/><G127/><T66/><D66/><U110/><E110/><V61/><F61/><W65/><G65/><T97/><D56/><U50/><E37/><V60/><F60/><W120/><G120/><T121/><D121/><U24/><E106/><V104/><F68/><W18/><G0/><T124/><D72/><U83/><E128/><V28/><F28/><W6/><G74/><T114/><D114/><U51/><E135/><N who="3" m="51786" /><G82/><N who="0" m="47559" /><D77/><U13/><E83/><V126/><F126/><N who="0" m="48746" /><D99/><U78/><E78/><V44/><REACH who="2" step="1"/><F40/><REACH who="2" ten="250,250,240,250" step="2"/><N who="3" m="24807" /><G88/><T38/><D38/><U134/><E134/><V46/><F46/><W105/><G105/><AGARI ba="0,1" hai="92,93,97,98,100,102,105,107" m="48746,47559" machi="105" ten="30,5800,0" yaku="18,1,34,2" doraHai="109" who="0" fromWho="3" sc="250,68,250,0,240,0,250,-58" /><INIT seed="0,1,0,2,3,117" ten="318,250,240,192" oya="0" hai0="115,61,120,109,133,15,49,3,7,48,52,28,135" hai1="129,51,119,67,103,130,50,56,54,134,86,45,124" hai2="31,110,59,46,84,68,29,26,64,116,95,105,107" hai3="83,39,20,2,25,66,122,125,30,16,53,77,43"/><T27/><D115/><U128/><E103/><V37/><F116/><W8/><G125/><T88/><D3/><U87/><E119/><V9/><F68/><W12/><G66/><T91/><D109/><U36/><E124/><V118/><F31/><W42/><G122/><T126/><D120/><U38/><E134/><N who="0" m="51209" /><D126/><U6/><E6/><V69/><F69/><W24/><G39/><N who="1" m="14890" /><E67/><V47/><F110/><W113/><G113/><T10/><D61/><U132/><E132/><V11/><F59/><W98/><G2/><T102/><D49/><U1/><E1/><V21/><F64/><W55/><G98/><T62/><D102/><U100/><E100/><V22/><F118/><W121/><G121/><T104/><D62/><U99/><E99/><V71/><F71/><W32/><G43/><AGARI ba="1,0" hai="43,45,50,51,54,56,86,87,128,129,130" m="14890" machi="43" ten="40,1300,0" yaku="19,1" doraHai="117" who="1" fromWho="3" sc="318,0,250,16,240,0,192,-16" /><INIT seed="1,0,0,5,2,56" ten="318,266,240,176" oya="1" hai0="83,0,49,42,24,48,38,2,58,100,118,107,86" hai1="127,81,4,74,25,71,99,32,63,16,53,115,22" hai2="43,34,69,29,40,13,57,9,122,120,110,70,46" hai3="112,130,133,90,82,20,113,80,121,88,98,60,59"/><U51/><E115/><V12/><F34/><W87/><G121/><T101/><D118/><U1/><E127/><V102/><F29/><W78/><G130/><T128/><D128/><U94/><E32/><V35/><F35/><W31/><G133/><T68/><D68/><U109/><E109/><V89/><F102/><W5/><G5/><T33/><D38/><U61/><E71/><V75/><F75/><W27/><G90/><T97/><D100/><U11/><E74/><V50/><F110/><W117/><G117/><T76/><D42/><U62/><E81/><V10/><F57/><W92/><REACH who="3" step="1"/><G82/><REACH who="3" ten="318,266,240,166" step="2"/><T104/><D83/><U17/><E4/><V14/><F89/><W93/><G93/><T116/><D116/><U84/><E1/><V72/><F120/><W131/><G131/><T125/><D2/><U66/><E99/><V114/><F122/><W126/><G126/><T44/><D0/><U23/><E94/><V21/><F114/><W37/><G37/><T54/><D97/><U19/><E11/><V47/><F10/><W39/><G39/><T134/><D125/><U41/><E66/><AGARI ba="0,1" hai="20,27,31,59,60,66,78,80,87,88,92,98,112,113" machi="66" ten="30,8000,1" yaku="1,1,7,1,52,1,54,1,53,1" doraHai="56" doraHaiUra="55" who="3" fromWho="1" sc="318,0,266,-80,240,0,166,90" /><INIT seed="2,0,0,2,3,128" ten="318,186,240,256" oya="2" hai0="93,15,104,76,77,4,59,75,126,39,111,53,85" hai1="22,106,67,108,12,81,29,9,13,74,88,20,21" hai2="48,124,58,113,96,71,72,51,27,114,7,25,120" hai3="34,135,0,42,65,56,78,84,80,110,83,44,55"/><V129/><F72/><W30/><G0/><T46/><D104/><U28/><E106/><V41/><F71/><W105/><G105/><T32/><D32/><U6/><E108/><V121/><F96/><W90/><G110/><T24/><D75/><U26/><E74/><V8/><F58/><W31/><G65/><T133/><D111/><U14/><E67/><V86/><F86/><N who="3" m="50503" /><G34/><T52/><D24/><N who="1" m="16391" /><E88/><V66/><F66/><W2/><G2/><T33/><D33/><N who="1" m="20663" /><E81/><V117/><F8/><W10/><G10/><T98/><D85/><U119/><E119/><V45/><F7/><W17/><G17/><T102/><D98/><U112/><E112/><V57/><F117/><W125/><G125/><T50/><D126/><U100/><E100/><V16/><F124/><W3/><G3/><AGARI ba="0,0" hai="3,6,9,12,13,14,21,22" m="20663,16391" machi="3" ten="30,8000,1" yaku="35,5" doraHai="128" who="1" fromWho="3" sc="318,0,186,80,240,0,256,-80" /><INIT seed="3,0,0,2,0,40" ten="318,266,240,176" oya="3" hai0="12,87,18,123,88,6,128,70,38,46,1,95,17" hai1="91,84,4,130,13,71,115,10,76,24,131,134,124" hai2="3,32,99,11,23,27,39,60,120,129,52,21,121" hai3="106,125,0,28,122,111,43,112,33,126,67,42,31"/><W119/><G112/><T47/><D123/><N who="2" m="47178" /><F39/><W8/><G122/><T5/><D70/><U79/><E115/><V103/><F129/><N who="1" m="49161" /><E71/><V19/><F32/><W65/><G119/><T37/><D1/><U57/><E124/><N who="3" m="47722" /><G106/><T58/><D128/><U22/><E57/><N who="2" m="34855" /><F3/><W51/><G111/><T80/><D38/><U50/><E50/><V135/><F135/><W92/><G92/><T14/><D58/><U104/><E104/><N who="2" m="63615" /><F21/><W62/><G33/><T63/><D37/><U82/><E134/><V45/><F11/><W9/><G65/><T7/><D63/><U61/><E61/><V16/><F45/><N who="3" m="26039" /><G43/><T74/><D47/><U75/><E75/><V20/><F20/><W30/><G0/><T98/><D46/><U44/><E44/><V105/><F105/><W109/><G109/><T117/><D74/><U90/><E22/><V41/><F41/><W66/><G66/><T133/><D133/><U101/><E101/><V118/><F118/><W54/><G54/><T78/><D117/><U59/><E59/><AGARI ba="0,0" hai="8,9,28,30,31,59,62,67" m="26039,47722" machi="59" ten="30,2900,0" yaku="18,1,52,1" doraHai="40" who="3" fromWho="1" sc="318,0,266,-29,240,0,176,29" /><INIT seed="3,1,0,0,5,30" ten="318,237,240,205" oya="3" hai0="90,77,119,33,102,50,67,3,120,2,129,64,25" hai1="12,58,86,63,73,131,100,49,115,107,59,116,85" hai2="32,47,88,118,87,133,0,117,69,46,106,17,44" hai3="61,37,8,83,134,10,6,23,122,22,126,57,97"/><W20/><G122/><T39/><D39/><U29/><E115/><V62/><F106/><W82/><G37/><T9/><D119/><U99/><E73/><V123/><F0/><W40/><G126/><T89/><D102/><U113/><E113/><V68/><F32/><W4/><G134/><T43/><D25/><U128/><E116/><V14/><F123/><W101/><G40/><T104/><D9/><N who="3" m="3689" /><G97/><T114/><D50/><U19/><E29/><V16/><F133/><W28/><G101/><T111/><D43/><U98/><E99/><V56/><F117/><W31/><G31/><T35/><D104/><U70/><E70/><V91/><F118/><W1/><G1/><T48/><D120/><U51/><E51/><V72/><F72/><W71/><G71/><T110/><D48/><U55/><E12/><V78/><F68/><W11/><N who="3" m="3697" /><W112/><DORA hai="7" /><G28/><T26/><D26/><U96/><E19/><N who="2" m="7243" /><F14/><W60/><G112/><T66/><D114/><U121/><E98/><V5/><F5/><N who="3" m="2155" /><G61/><T92/><D3/><U65/><E121/><V79/><F69/><W80/><G83/><T109/><D2/><U42/><E42/><V103/><F103/><W81/><G82/><T108/><D108/><U54/><E54/><AGARI ba="1,0" hai="20,22,23,54,57,60,80,81" m="2155,3697" machi="54" ten="40,12000,1" yaku="8,1,52,4" doraHai="30,7" who="3" fromWho="1" sc="318,0,237,-123,240,0,205,123" owari="318,11.8,114,-38.6,240,-16.0,328,42.8" /></mjloggm>