<mjloggm ver="2.3"><GO type="225" lobby="0"/><UN n0="%E3%83%A9%E3%82%A4%E3%83%B3%E3%81%AE%E8%99%8E" n1="%E9%A6%AC%E5%BC%95%E7%81%AB%33" n2="%E3%81%90%E3%81%A1%E3%82%84%E3%81%BE" n3="%77%72%77%72%77%72%77%72" dan="16,16,16,17" rate="2144.30,2144.54,2136.50,2182.50" sx="M,M,M,M"/><TAIKYOKU oya="0"/><INIT seed="0,0,0,1,0,28" ten="250,250,250,250" oya="0" hai0="12,117,104,34,109,4,69,48,60,8,96,110,71" hai1="26,64,79,134,55,29,91,22,0,108,131,36,2" hai2="106,20,120,53,92,88,82,97,46,78,83,25,16" hai3="41,49,51,100,27,50,107,13,38,31,103,57,54"/><T133/><D117/><U86/><E36/><V44/><F120/><W132/><G132/><T73/><D133/><U81/><E134/><V30/><F106/><W126/><G126/><T124/><D124/><U102/><E108/><N who="0" m="41577" /><D73/><U101/><E131/><V80/><F78/><W62/><G107/><T122/><D122/><U93/><E64/><V10/><F53/><W56/><G38/><T87/><D87/><U112/><E112/><V128/><F128/><W23/><G41/><T130/><D130/><U39/><E39/><V76/><F76/><W37/><G37/><T43/><D60/><U74/><REACH who="1" step="1"/><E55/><REACH who="1" ten="250,240,250,250" step="2"/><V32/><REACH who="2" step="1"/><F10/><REACH who="2" ten="250,240,240,250" step="2"/><W5/><G57/><T75/><D8/><AGARI ba="0,2" hai="5,8,13,23,27,31,49,50,51,54,56,62,100,103" machi="8" ten="40,1300,0" yaku="8,1" doraHai="28" who="3" fromWho="0" sc="250,-13,240,0,240,0,250,33" /><INIT seed="1,0,0,0,0,115" ten="237,240,240,283" oya="1" hai0="22,108,82,99,13,34,60,50,96,33,103,116,80" hai1="89,104,67,2,51,23,9,52,92,124,41,12,112" hai2="5,130,10,66,127,7,84,135,87,71,32,102,114" hai3="39,90,62,20,29,68,26,6,101,117,56,125,111"/><U36/><E112/><V74/><F74/><W134/><G39/><T83/><D116/><U8/><E104/><V1/><F114/><W98/><G111/><T126/><D108/><U16/><E124/><V64/><F32/><W49/><G125/><T24/><D126/><U85/><E2/><V129/><F127/><W42/><G134/><T81/><N who="0" m="20480" /><DORA hai="75" /><T54/><D13/><U4/><E67/><N who="2" m="25643" /><F71/><W65/><G117/><T118/><D60/><U27/><E8/><N who="2" m="2095" /><F102/><W121/><G121/><T131/><D118/><U11/><E11/><V0/><F135/><W119/><G119/><T40/><D40/><U25/><E36/><V79/><F79/><W105/><G6/><T18/><D131/><AGARI ba="0,0" hai="0,7,10,84,87,129,130,131" m="2095,25643" machi="131" ten="30,1000,0" yaku="19,1" doraHai="115,75" who="2" fromWho="0" sc="237,-10,240,0,240,10,283,0" /><INIT seed="2,0,0,3,2,35" ten="227,240,250,283" oya="2" hai0="11,91,130,46,112,1,106,36,119,120,115,95,73" hai1="76,78,113,68,63,69,97,125,89,82,129,64,133" hai2="132,94,128,135,22,114,39,121,77,24,107,99,5" hai3="33,27,17,2,48,102,54,123,87,80,75,122,61"/><V59/><F114/><W28/><G75/><T66/><D120/><U4/><E113/><V110/><F121/><W26/><G61/><T88/><D106/><U71/><E125/><V9/><F39/><W84/><G102/><T109/><D109/><U126/><E126/><V96/><F128/><W16/><G2/><T6/><D130/><U72/><E129/><V134/><F110/><W7/><G7/><T30/><D119/><U124/><E124/><V32/><F32/><W43/><G43/><T85/><D73/><U18/><E78/><V100/><F77/><W117/><G117/><T70/><D30/><U21/><E4/><V3/><F59/><W14/><G26/><T65/><D91/><U127/><E133/><V42/><F42/><W90/><G87/><T47/><D47/><U103/><E89/><V37/><F37/><W101/><G17/><T104/><D104/><U8/><E8/><V52/><F52/><W108/><G101/><T45/><D45/><U55/><E55/><V86/><F86/><W105/><G105/><T81/><D81/><U25/><E127/><V40/><F40/><W98/><G98/><T83/><D83/><U53/><E53/><V60/><F60/><W131/><G108/><T34/><D34/><U116/><E116/><V13/><F99/><W118/><G118/><T12/><D70/><U31/><E31/><N who="2" m="17815" /><F107/><AGARI ba="0,0" hai="18,21,25,63,64,68,69,71,72,76,82,97,103,107" machi="107" ten="30,1000,0" yaku="7,1" doraHai="35" who="1" fromWho="2" sc="227,0,240,10,250,-10,283,0" /><INIT seed="3,0,0,4,4,21" ten="227,250,240,283" oya="3" hai0="123,85,121,107,118,40,53,66,75,41,111,131,67" hai1="80,91,122,24,128,26,114,60,51,104,100,50,15" hai2="10,28,49,108,52,22,27,30,84,23,65,25,112" hai3="92,2,97,31,79,4,56,74,126,37,12,44,33"/><W71/><G71/><T5/><D75/><U46/><E114/><V9/><F112/><W81/><G126/><T95/><D107/><U13/><E122/><V90/><F65/><W3/><G56/><T69/><D118/><U117/><E117/><V35/><F35/><W83/><G83/><T70/><D5/><U8/><E128/><V88/><F108/><W87/><G74/><T132/><D111/><U99/><E60/><V62/><F62/><W68/><G68/><N who="0" m="26219" /><D85/><U64/><E64/><N who="0" m="24617" /><D95/><U125/><E51/><V133/><F133/><W76/><G76/><T72/><D72/><U39/><E39/><V20/><F20/><W47/><G37/><T19/><D19/><N who="1" m="8615" /><E15/><V94/><F90/><W16/><G31/><T73/><D73/><U115/><E125/><V32/><F32/><W119/><G33/><T54/><D131/><U106/><E106/><V135/><F135/><W7/><G119/><T18/><D18/><U0/><E0/><V45/><AGARI ba="0,0" hai="9,10,22,23,25,27,28,30,45,49,52,84,88,94" machi="45" ten="20,16000,3" yaku="0,1,7,1,9,1,8,1,52,2,54,2" doraHai="21" who="2" fromWho="2" sc="227,-40,250,-40,240,160,283,-80" owari="187,-31.3,210,1.0,400,50.0,203,-19.7" /></mjloggm>