<mjloggm ver="2.3"><GO type="225" lobby="0"/><UN n0="%E5%91%A8%E6%9D%B1" n1="%E3%83%96%E3%83%83%E3%83%91%E3%82%AA%E3%83%96%E3%83%81%E3%82%AD%E3%83%B3" n2="%E7%99%BD%E5%80%89%E5%AF%9B%E4%B9%8B" n3="%E9%A6%AC%E5%BC%95%E7%81%AB%33" dan="16,16,16,17" rate="2161.97,2191.39,2134.05,2176.88" sx="M,M,M,M"/><TAIKYOKU oya="0"/><INIT seed="0,0,0,5,1,9" ten="250,250,250,250" oya="0" hai0="57,21,55,53,10,70,117,114,25,109,61,131,14" hai1="89,15,32,64,60,62,102,87,67,113,71,17,85" hai2="115,33,124,76,3,23,119,81,51,49,35,12,0" hai3="101,41,98,52,72,34,5,135,110,29,96,104,75"/><T103/><D131/><U16/><E113/><V79/><F115/><W26/><G110/><T8/><D114/><U30/><E102/><V112/><F112/><W73/><G135/><T126/><D117/><U19/><E32/><V99/><F119/><W48/><G5/><T20/><D126/><U82/><E30/><V106/><F124/><W84/><G98/><T128/><D128/><U37/><E87/><V7/><F99/><W11/><G11/><T38/><D38/><U97/><E37/><V94/><F94/><W56/><G41/><T111/><D70/><U39/><E39/><V43/><F43/><W63/><G84/><T133/><D103/><U65/><E97/><V18/><F7/><W125/><G125/><T59/><D133/><U122/><E122/><V83/><F23/><W132/><G132/><T78/><D78/><U40/><E40/><V42/><F42/><W86/><G86/><T108/><D25/><U129/><E129/><V90/><F90/><W50/><AGARI ba="0,0" hai="26,29,34,48,50,52,56,63,72,73,75,96,101,104" machi="50" ten="40,2700,0" yaku="0,1,54,1" doraHai="9" who="3" fromWho="3" sc="250,-13,250,-7,250,-7,250,27" /><INIT seed="1,0,0,2,2,134" ten="237,243,243,277" oya="1" hai0="47,58,70,49,42,76,72,129,88,107,6,44,125" hai1="108,40,11,64,130,81,71,24,86,5,45,7,103" hai2="77,132,82,105,17,75,33,36,73,78,53,19,10" hai3="83,59,128,102,101,99,31,22,15,89,37,80,118"/><U14/><E130/><V96/><F132/><W131/><G37/><T98/><D129/><N who="3" m="49737" /><G118/><T16/><D70/><U119/><E119/><V26/><F36/><W74/><G59/><T135/><D135/><U109/><E103/><N who="3" m="39434" /><G74/><T8/><D107/><U30/><E5/><V84/><F96/><W3/><G3/><T56/><D125/><U39/><E64/><V133/><F105/><W9/><G31/><T27/><D47/><U0/><E71/><V115/><F115/><W60/><G22/><N who="0" m="13767" /><D76/><U67/><E67/><V61/><F133/><W52/><G89/><T112/><D72/><U20/><REACH who="1" step="1"/><E0/><REACH who="1" ten="237,233,243,277" step="2"/><V90/><F75/><W54/><G60/><T12/><D112/><U25/><E25/><V87/><F73/><W38/><G38/><T116/><D116/><U100/><E100/><V55/><F61/><W127/><G127/><T79/><D79/><AGARI ba="0,1" hai="7,11,14,20,24,30,39,40,45,79,81,86,108,109" machi="79" ten="40,2000,0" yaku="1,1,53,0" doraHai="134" doraHaiUra="94" who="1" fromWho="0" sc="237,-20,233,30,243,0,277,0" /><INIT seed="1,1,0,3,4,45" ten="217,263,243,277" oya="1" hai0="104,77,66,67,36,17,34,114,12,8,25,130,86" hai1="110,48,81,63,65,51,73,21,105,106,3,76,119" hai2="84,80,127,60,28,46,19,11,57,135,30,129,113" hai3="85,74,26,94,52,79,116,29,38,125,39,44,1"/><U103/><E119/><V35/><F135/><W58/><G1/><T124/><D114/><U4/><E110/><V99/><F129/><W40/><G74/><T121/><D104/><U89/><E89/><V54/><F127/><W72/><G72/><T131/><D36/><U107/><E103/><V108/><F35/><W22/><G125/><T13/><D124/><U78/><E78/><V2/><F108/><W87/><G38/><T112/><D112/><U27/><E4/><V115/><F99/><W15/><G116/><T23/><D121/><U128/><E3/><V10/><F2/><W56/><G94/><T14/><D86/><U37/><E37/><V75/><F75/><W0/><G0/><T123/><D77/><U133/><E133/><V132/><F132/><W101/><G101/><T5/><D67/><U68/><REACH who="1" step="1"/><E128/><REACH who="1" ten="217,253,243,277" step="2"/><N who="0" m="49193" /><D123/><U16/><AGARI ba="1,1" hai="16,21,27,48,51,63,65,68,73,76,81,105,106,107" machi="16" ten="30,12000,1" yaku="1,1,0,1,52,2,54,1,53,0" doraHai="45" doraHaiUra="126" who="1" fromWho="1" sc="217,-41,253,133,243,-41,277,-41" /><INIT seed="1,2,0,3,1,83" ten="176,386,202,236" oya="1" hai0="125,134,81,48,85,52,37,135,127,2,26,4,120" hai1="97,53,105,62,39,65,126,43,103,109,108,13,46" hai2="115,8,90,23,20,54,40,33,106,7,6,34,113" hai3="99,75,58,74,55,61,101,79,50,10,96,1,47"/><U66/><E126/><N who="0" m="48137" /><D37/><U87/><E13/><V95/><F106/><W22/><G79/><N who="0" m="46271" /><D120/><U64/><E53/><V38/><F54/><W41/><G99/><T111/><D111/><N who="1" m="42571" /><E62/><V129/><F40/><W59/><G59/><N who="0" m="33159" /><D26/><U76/><E76/><V31/><F38/><W102/><G102/><T21/><D21/><U28/><E28/><V24/><F23/><W89/><G89/><T72/><D72/><U32/><E32/><V3/><F129/><W0/><G22/><T122/><D122/><U84/><AGARI ba="2,0" hai="39,43,46,64,65,66,84,87,97,103,105" m="42571" machi="84" ten="40,12000,1" yaku="14,1,10,1,52,2" doraHai="83" who="1" fromWho="1" sc="176,-42,386,126,202,-42,236,-42" /><INIT seed="1,3,0,5,0,108" ten="134,512,160,194" oya="1" hai0="26,98,64,23,40,61,1,54,14,83,25,59,116" hai1="46,28,120,27,97,35,94,45,104,129,99,128,102" hai2="90,47,39,57,78,24,3,130,86,62,92,135,115" hai3="50,117,42,133,37,44,132,73,84,18,4,76,109"/><U70/><E120/><V134/><F3/><W88/><G109/><T6/><D116/><U32/><E32/><V91/><F130/><W49/><G117/><T118/><D118/><U121/><E121/><V114/><F78/><W41/><G4/><T58/><D40/><U0/><E0/><V48/><F39/><W72/><G18/><T16/><D83/><U52/><E129/><V9/><F9/><W79/><G79/><T89/><D6/><U8/><E128/><V55/><F91/><W22/><G22/><T56/><D1/><U80/><E8/><V36/><F36/><W2/><G2/><T123/><D123/><U103/><E80/><V38/><F38/><W96/><G96/><T65/><D65/><U75/><E75/><V101/><F101/><W21/><G21/><T69/><REACH who="0" step="1"/><D54/><REACH who="0" ten="124,512,160,194" step="2"/><U131/><E131/><V15/><F15/><W51/><G41/><T113/><D113/><N who="2" m="43018" /><F24/><W43/><G43/><AGARI ba="3,1" hai="43,47,48,55,57,62,86,90,92,134,135" m="43018" machi="43" ten="30,7700,0" yaku="11,1,52,3" doraHai="108" who="2" fromWho="3" sc="124,0,512,0,160,96,194,-86" /><INIT seed="2,0,0,1,5,92" ten="124,512,256,108" oya="2" hai0="93,117,42,49,3,63,68,67,77,128,127,28,25" hai1="115,54,120,119,65,6,125,36,83,126,18,131,13" hai2="66,57,79,64,69,112,24,94,61,108,44,8,48" hai3="40,106,17,132,60,47,116,114,56,86,103,110,91"/><V99/><F112/><W105/><G116/><T34/><D117/><U96/><E119/><V38/><F108/><W31/><G110/><T9/><D127/><N who="1" m="48651" /><E115/><V98/><F38/><W23/><G114/><T37/><D128/><U122/><E131/><V7/><F79/><W135/><G31/><T104/><D77/><U80/><E36/><V62/><F24/><W71/><G71/><T84/><D104/><U72/><E65/><V55/><REACH who="2" step="1"/><F94/><REACH who="2" ten="124,512,246,108" step="2"/><W33/><G106/><T121/><D37/><U134/><E122/><V27/><F27/><W22/><G105/><T15/><D121/><U0/><E120/><V107/><F107/><W90/><G132/><T133/><D133/><U50/><E134/><V4/><F4/><W124/><G124/><T19/><D93/><U43/><E6/><V102/><F102/><W39/><G103/><T32/><D25/><U81/><E81/><V82/><F82/><N who="3" m="49495" /><G135/><T12/><D34/><U45/><E83/><V58/><F58/><W59/><G33/><T113/><D32/><U73/><E80/><V74/><F74/><W118/><G118/><T10/><D113/><U87/><E73/><V20/><F20/><N who="3" m="7723" /><G91/><T111/><D111/><U53/><E72/><V30/><F30/><W52/><G56/><T123/><D28/><U70/><E70/><V78/><F78/><W46/><G17/><N who="0" m="8335" /><D123/><U97/><E18/><V76/><F76/><W88/><G88/><T100/><D100/><U16/><E16/><V130/><F130/><W129/><G129/><T5/><D68/><U95/><E95/><V101/><F101/><W51/><G39/><RYUUKYOKU ba="0,1" sc="124,-15,512,-15,246,15,108,15" hai2="7,8,44,48,55,57,61,62,64,66,69,98,99" hai3="40,46,47,51,52,59,60" /><INIT seed="2,1,1,3,2,15" ten="109,497,261,123" oya="2" hai0="49,40,32,55,88,123,3,70,132,91,22,47,28" hai1="67,122,19,76,56,31,18,93,119,97,7,66,117" hai2="115,4,116,25,26,135,85,35,110,65,16,23,43" hai3="114,59,86,39,61,121,87,12,1,29,46,74,60"/><V2/><F65/><N who="1" m="24585" /><E122/><V109/><F43/><W68/><G121/><T37/><D123/><U82/><E119/><V108/><F116/><W13/><G1/><T124/><D70/><U83/><E117/><V44/><F44/><W128/><G74/><T80/><D3/><U53/><E31/><N who="2" m="19951" /><F85/><W52/><G128/><T98/><D32/><U99/><E99/><V33/><F33/><W57/><G114/><T20/><D132/><U71/><E71/><V62/><F62/><W90/><G29/><T0/><D28/><U69/><E69/><V54/><F54/><N who="3" m="33847" /><G39/><T94/><D0/><U126/><E76/><V118/><F118/><W63/><G68/><T38/><D124/><U27/><E126/><V112/><F135/><W105/><G105/><T106/><D106/><U120/><E120/><V50/><F50/><N who="3" m="28759" /><G87/><T131/><D131/><U51/><E83/><V100/><F100/><W64/><G61/><T81/><D81/><AGARI ba="1,1" hai="12,13,59,63,64,81,86,90" m="28759,33847" machi="81" ten="30,2000,0" yaku="8,1,54,1" doraHai="15" who="3" fromWho="0" sc="109,-23,497,0,261,0,123,33" /><INIT seed="3,0,0,0,2,52" ten="86,497,261,156" oya="3" hai0="124,27,125,66,94,126,104,84,56,82,113,86,47" hai1="13,89,91,39,19,99,101,119,20,14,83,29,73" hai2="61,15,46,131,37,88,63,25,128,114,76,108,110" hai3="106,4,0,36,48,93,130,127,35,51,132,121,96"/><W103/><G121/><T95/><D104/><U115/><E115/><V28/><F114/><W118/><G48/><T23/><D47/><U12/><E39/><V72/><F88/><W49/><G51/><T54/><D66/><U133/><E133/><V3/><F3/><W98/><G49/><T24/><D113/><U117/><E29/><V120/><F120/><W2/><G93/><T17/><D24/><N who="1" m="14367" /><E73/><V8/><F76/><W116/><G130/><N who="2" m="49705" /><F72/><W7/><G118/><N who="1" m="45066" /><E83/><V67/><F46/><W1/><G96/><T5/><D5/><U40/><E40/><V44/><F44/><W65/><G103/><T18/><D18/><U41/><E41/><V22/><F37/><W78/><G98/><T81/><D81/><U68/><E68/><N who="2" m="42095" /><F63/><W9/><G36/><T109/><D109/><U62/><E62/><V107/><F107/><AGARI ba="0,0" hai="12,13,14,89,91,99,101,107" m="45066,14367" machi="107" ten="30,1000,0" yaku="12,1" doraHai="52" who="1" fromWho="2" sc="86,0,497,10,261,-10,156,0" owari="86,-41.4,507,60.7,251,5.1,156,-24.4" /></mjloggm>