<mjloggm ver="2.3"><GO type="225" lobby="0"/><UN n0="%70%68%65%6E%6F%6D%65" n1="%E5%85%83%E3%82%AB%E3%83%8E%E7%B3%BB%E3%83%92%E3%83%AD%E3%82%A4%E3%83%B3" n2="%E3%83%96%E3%83%83%E3%83%91%E3%82%AA%E3%83%96%E3%83%81%E3%82%AD%E3%83%B3" n3="%70%6F%69%73%6F%6E%30%32" dan="16,16,16,16" rate="2164.91,2190.01,2208.62,2117.07" sx="M,M,M,M"/><TAIKYOKU oya="0"/><INIT seed="0,0,0,0,3,94" ten="250,250,250,250" oya="0" hai0="101,5,38,100,124,70,1,68,77,113,73,22,49" hai1="40,39,6,43,107,121,88,44,21,28,105,15,98" hai2="127,72,59,27,10,99,13,118,30,11,58,102,16" hai3="52,36,116,0,111,25,110,122,114,29,61,131,84"/><T35/><D35/><U57/><E121/><V108/><F108/><N who="3" m="41515" /><G114/><T130/><D38/><U9/><E40/><V3/><F127/><W18/><G116/><T92/><D113/><U80/><E57/><V19/><F72/><W132/><G36/><T4/><D124/><U103/><E105/><V91/><F91/><W51/><G0/><T89/><D130/><U62/><E62/><V134/><F134/><W86/><G131/><T120/><D120/><U90/><REACH who="1" step="1"/><E80/><REACH who="1" ten="250,240,250,250" step="2"/><V64/><F118/><W125/><G61/><T65/><D68/><U8/><E8/><V47/><F47/><W20/><G125/><T42/><D70/><U48/><E48/><V56/><F64/><W50/><G50/><T24/><D65/><U69/><E69/><V79/><F11/><W104/><G104/><T81/><D49/><U7/><E7/><V78/><F58/><N who="3" m="33055" /><G122/><T133/><D42/><U93/><E93/><N who="2" m="58735" /><F59/><W83/><G83/><T87/><D133/><U95/><E95/><V12/><F56/><W53/><G132/><T55/><D55/><U17/><E17/><V60/><F60/><W126/><G126/><T41/><D41/><U45/><E45/><V32/><F19/><W33/><G53/><T37/><D37/><U67/><E67/><V97/><F16/><W117/><G117/><T74/><D5/><U23/><E23/><V71/><F71/><W31/><G31/><N who="0" m="17815" /><D74/><U82/><E82/><V76/><F10/><W96/><G29/><T135/><D135/><U34/><E34/><V112/><F112/><W85/><G33/><T75/><D73/><U63/><E63/><RYUUKYOKU ba="0,1" sc="250,10,240,10,250,-30,250,10" hai0="1,4,75,77,81,87,89,92,100,101" hai1="6,9,15,21,28,39,43,44,88,90,98,103,107" hai3="18,20,25,84,85,86,96" /><INIT seed="0,1,1,3,5,55" ten="260,250,220,260" oya="0" hai0="18,133,92,125,12,121,102,13,91,22,62,103,10" hai1="32,41,104,34,65,70,14,2,11,6,101,83,106" hai2="87,105,27,82,93,123,119,48,127,68,73,49,44" hai3="7,20,96,100,80,85,69,24,122,113,47,120,75"/><T135/><D121/><N who="3" m="46697" /><G113/><T130/><D130/><U60/><E14/><V53/><F123/><W61/><G75/><T115/><D115/><U88/><E41/><V54/><F105/><N who="3" m="63623" /><G7/><T26/><D125/><U132/><E132/><N who="0" m="50761" /><D62/><U72/><E88/><V1/><F127/><W131/><G47/><T114/><D114/><U25/><E101/><N who="0" m="38409" /><D10/><U78/><REACH who="1" step="1"/><E25/><REACH who="1" ten="260,240,220,260" step="2"/><V29/><F27/><W28/><G131/><T76/><D76/><U126/><E126/><V40/><F40/><W5/><G5/><T56/><D91/><U66/><E66/><V3/><F3/><W110/><G110/><T45/><D92/><U71/><E71/><V43/><F1/><W79/><G69/><T108/><D12/><U42/><E42/><V38/><F68/><W129/><G129/><T89/><D89/><U16/><E16/><V109/><F43/><W52/><G24/><T67/><D108/><U134/><E134/><V0/><F109/><W107/><G107/><AGARI ba="1,2" hai="2,6,11,32,34,60,65,70,72,78,83,104,106,107" machi="107" ten="40,8000,1" yaku="1,1,33,3,53,1" doraHai="55" doraHaiUra="58" who="1" fromWho="3" sc="260,0,240,103,220,0,260,-83" /><INIT seed="1,0,0,1,0,51" ten="260,343,220,177" oya="1" hai0="14,28,19,119,135,17,60,103,29,102,34,128,46" hai1="38,33,2,0,31,55,114,7,53,57,22,113,79" hai2="130,61,36,74,104,11,96,99,59,134,84,8,116" hai3="110,85,124,41,64,39,54,129,100,97,108,65,13"/><U9/><E38/><V26/><F116/><W16/><G129/><T63/><D119/><U4/><E79/><V58/><F74/><W72/><G72/><T78/><D78/><U24/><E33/><V49/><F36/><W121/><G121/><T122/><D128/><U35/><E35/><V120/><F120/><W77/><G124/><T88/><D34/><U21/><E57/><V15/><F134/><W18/><G41/><T76/><D76/><U95/><E95/><V52/><F130/><W83/><G39/><T115/><D122/><U25/><E9/><V93/><F104/><W40/><G40/><T109/><D109/><N who="3" m="42089" /><G18/><T50/><D115/><U132/><REACH who="1" step="1"/><E31/><REACH who="1" ten="260,333,220,177" step="2"/><V82/><F8/><N who="3" m="6183" /><G54/><T70/><D28/><U92/><E92/><AGARI ba="0,1" hai="64,65,77,83,85,92,97,100" m="6183,42089" machi="92" ten="30,2000,0" yaku="14,1,54,1" doraHai="51" who="3" fromWho="1" sc="260,0,333,-20,220,0,177,30" /><INIT seed="2,0,0,4,5,46" ten="260,313,220,207" oya="2" hai0="36,22,47,70,39,18,68,129,33,121,100,93,35" hai1="102,31,50,113,132,135,19,14,74,4,60,122,21" hai2="40,111,128,112,125,94,91,81,103,43,130,69,0" hai3="25,126,41,67,124,123,49,114,51,45,8,108,89"/><V80/><F69/><W73/><G108/><T85/><D121/><U37/><E37/><V65/><F65/><W1/><G123/><T29/><D29/><U11/><E122/><V77/><F0/><W95/><G73/><T7/><D7/><U84/><E74/><N who="2" m="43063" /><F112/><W63/><G114/><T79/><D129/><N who="2" m="49770" /><F125/><N who="3" m="48235" /><G25/><T6/><D6/><U134/><E113/><V23/><F111/><W82/><G82/><T119/><D79/><U10/><E102/><V32/><F32/><W75/><G75/><T30/><D119/><U133/><E133/><V44/><F81/><W98/><G8/><T53/><D30/><U20/><E60/><V105/><F23/><W56/><G1/><T62/><D33/><U15/><E31/><V106/><F103/><W116/><G116/><T26/><D35/><U64/><E64/><V5/><F5/><W9/><G9/><T104/><D100/><U131/><E131/><V54/><F106/><W38/><AGARI ba="0,0" hai="38,41,45,49,51,56,63,67,89,95,98" m="48235" machi="38" ten="30,4000,0" yaku="18,1,52,2" doraHai="46" who="3" fromWho="3" sc="260,-10,313,-10,220,-20,207,40" /><INIT seed="3,0,0,3,3,129" ten="250,303,200,247" oya="3" hai0="39,7,123,49,27,37,88,77,48,90,99,84,100" hai1="61,21,44,128,62,26,85,33,9,18,60,107,4" hai2="35,2,97,92,28,112,72,103,71,135,15,133,31" hai3="66,108,102,1,67,51,57,11,36,63,30,113,6"/><W74/><G113/><T46/><D123/><U17/><E107/><V32/><F2/><W120/><G36/><T82/><D7/><U125/><E33/><V24/><F112/><W14/><G120/><T106/><D48/><U116/><E128/><V3/><F3/><W79/><G108/><T8/><D8/><U69/><E69/><V115/><F115/><W93/><G74/><T96/><D27/><U126/><E116/><V132/><F71/><W55/><G79/><T122/><D122/><U91/><E44/><V118/><F118/><W124/><G124/><N who="1" m="47722" /><E17/><V10/><F72/><W104/><G30/><N who="2" m="11305" /><F24/><W109/><G109/><T127/><D127/><U0/><E61/><V50/><F50/><W83/><G104/><T73/><D37/><U89/><E89/><V80/><F80/><AGARI ba="0,0" hai="0,4,9,18,21,26,60,62,80,85,91" m="47722" machi="80" ten="30,1000,0" yaku="18,1" doraHai="129" who="1" fromWho="2" sc="250,0,303,10,200,-10,247,0" owari="250,5.0,313,41.3,190,-31.0,247,-15.3" /></mjloggm>