<mjloggm ver="2.3"><GO type="225" lobby="0"/><UN n0="%77%72%77%72%77%72%77%72" n1="%70%6F%69%73%75%2D" n2="%E7%89%B9%E6%9D%B1%E3%81%AF%E4%B8%96%E7%95%8C%E3%82%92%E6%95%91%E3%81%86" n3="%E3%81%9B%E3%81%9B%E3%81%9B%E3%81%9B%E3%81%96%E3%82%80%E3%82%89%E3%81%84" dan="16,16,16,16" rate="2111.86,2056.98,2191.34,2144.22" sx="M,M,M,M"/><TAIKYOKU oya="0"/><INIT seed="0,0,0,0,2,108" ten="250,250,250,250" oya="0" hai0="19,77,114,33,76,84,20,132,123,13,75,85,94" hai1="54,91,12,25,14,66,106,102,1,81,111,87,67" hai2="28,117,15,135,131,0,57,112,126,74,63,129,116" hai3="5,34,36,120,99,39,68,23,107,130,113,80,105"/><T3/><BYE who="3" /><D114/><U11/><E111/><V72/><F0/><W50/><G50/><T60/><D123/><U46/><E1/><V125/><F28/><UN n3="%E3%81%9B%E3%81%9B%E3%81%9B%E3%81%9B%E3%81%96%E3%82%80%E3%82%89%E3%81%84" /><W6/><G113/><T119/><D119/><N who="2" m="45642" /><F15/><W86/><G130/><N who="2" m="49673" /><F112/><W26/><G34/><T53/><D132/><U115/><E14/><V55/><F135/><W93/><G120/><T44/><D75/><AGARI ba="0,0" hai="55,57,63,72,74,75,125,126" m="49673,45642" machi="75" ten="40,2600,0" yaku="12,1,19,1" doraHai="108" who="2" fromWho="0" sc="250,-26,250,0,250,26,250,0" /><INIT seed="1,0,0,0,2,32" ten="224,250,276,250" oya="1" hai0="114,110,128,102,25,75,6,135,79,85,36,42,0" hai1="88,53,17,48,81,10,44,15,70,37,130,2,120" hai2="104,129,69,50,126,71,61,106,68,77,101,13,82" hai3="19,47,60,40,59,125,94,20,121,98,38,5,9"/><U113/><E130/><V18/><F129/><W14/><G125/><T118/><D128/><U123/><E113/><V111/><F126/><W51/><G121/><T105/><D114/><U43/><E70/><V62/><F111/><W52/><G38/><T100/><D118/><U24/><E2/><V80/><F50/><W11/><REACH who="3" step="1"/><G5/><REACH who="3" ten="224,250,276,240" step="2"/><T66/><D6/><U21/><E120/><V90/><F71/><W103/><AGARI ba="0,1" hai="9,11,14,19,20,40,47,51,52,59,60,94,98,103" machi="103" ten="20,12000,2" yaku="1,1,2,1,0,1,7,1,8,1,54,1,53,1" doraHai="32" doraHaiUra="45" who="3" fromWho="3" sc="224,-30,250,-60,276,-30,240,130" /><INIT seed="2,0,0,1,5,52" ten="194,190,246,370" oya="2" hai0="103,6,121,123,118,90,51,92,117,84,26,35,110" hai1="53,106,74,22,39,105,130,111,28,37,32,124,64" hai2="20,120,65,23,99,88,16,73,87,7,109,19,127" hai3="27,76,96,126,25,3,114,101,21,70,104,30,133"/><V81/><F120/><N who="0" m="46154" /><D51/><U40/><E22/><V115/><F115/><W63/><G126/><T107/><D26/><N who="1" m="18455" /><E53/><V122/><F122/><W94/><G133/><T4/><D35/><U8/><E124/><V85/><F127/><W31/><G3/><T131/><D4/><U86/><E86/><N who="2" m="50255" /><F73/><W100/><G114/><T13/><D13/><U113/><E113/><V61/><F99/><W119/><G76/><T83/><D6/><U91/><E91/><V67/><F109/><W108/><G108/><T15/><D15/><U82/><E111/><V102/><F102/><N who="3" m="62535" /><G94/><T98/><D110/><U49/><E49/><V79/><F79/><W62/><G62/><T14/><D14/><U12/><E12/><N who="2" m="9223" /><F7/><W59/><G119/><N who="0" m="45579" /><D131/><U69/><E130/><V72/><F72/><W97/><G70/><T54/><D54/><U10/><E10/><V34/><F34/><W135/><G97/><T46/><D46/><N who="1" m="23823" /><E39/><V29/><F29/><W47/><G31/><T48/><D48/><U77/><E8/><V66/><F61/><AGARI ba="0,0" hai="61,64,69,74,77,82,105,106" m="23823,18455" machi="61" ten="30,2000,0" yaku="33,2" doraHai="52" who="1" fromWho="2" sc="194,0,190,20,246,-20,370,0" /><INIT seed="3,0,0,1,5,13" ten="194,210,226,370" oya="3" hai0="44,64,104,95,10,33,57,26,96,80,90,19,52" hai1="123,66,6,97,25,38,18,1,131,48,117,92,32" hai2="50,53,93,109,113,130,51,134,45,68,16,99,129" hai3="28,12,14,11,126,69,56,43,85,105,127,17,84"/><W89/><G69/><T23/><D104/><U3/><E38/><V29/><F113/><W40/><G105/><T118/><D118/><U73/><E73/><V46/><F109/><W87/><G89/><T110/><D110/><U70/><E123/><V77/><F134/><W124/><G28/><T101/><D33/><U67/><E70/><V114/><F114/><W58/><G14/><N who="0" m="7639" /><D44/><U135/><E135/><V107/><F107/><W41/><AGARI ba="0,0" hai="11,12,17,40,41,43,56,58,84,85,87,124,126,127" machi="41" ten="40,12000,1" yaku="0,1,29,2,18,1,52,1" doraHai="13" who="3" fromWho="3" sc="194,-40,210,-40,226,-40,370,120" owari="154,-34.6,170,-23.0,186,-1.4,490,59.0" /></mjloggm>