<mjloggm ver="2.3"><GO type="225" lobby="0"/><UN n0="%E3%81%BF%E3%81%BF%E3%81%9A" n1="%E5%91%A8%E6%9D%B1" n2="%E6%98%93%E5%88%A9%E8%96%A9%E4%BC%AF" n3="%E7%99%BD%E5%80%89%E5%AF%9B%E4%B9%8B" dan="17,17,17,16" rate="2163.43,2251.12,2108.16,2117.00" sx="M,M,F,M"/><TAIKYOKU oya="0"/><INIT seed="0,0,0,0,4,3" ten="250,250,250,250" oya="0" hai0="61,121,27,57,34,126,129,124,131,91,19,26,56" hai1="9,24,65,111,36,30,28,120,69,105,122,6,114" hai2="74,1,95,5,20,32,50,16,75,100,42,93,110" hai3="130,21,89,33,101,13,63,71,99,51,85,132,14"/><T107/><D121/><N who="1" m="46699" /><E105/><V70/><F32/><W103/><G33/><T38/><D38/><U59/><E59/><V82/><F70/><W112/><G130/><N who="0" m="49675" /><D107/><U104/><E36/><V53/><F42/><W0/><G132/><T15/><D91/><U7/><E104/><V49/><F110/><W45/><G0/><T119/><D119/><U116/><E65/><V90/><F50/><W98/><G112/><T73/><D73/><U52/><E52/><V17/><F17/><N who="3" m="10415" /><G14/><T31/><D27/><U48/><E69/><V35/><F35/><W77/><G77/><T62/><D57/><U40/><E48/><V68/><F68/><W96/><G63/><N who="0" m="24075" /><D56/><U4/><E40/><V78/><F100/><W81/><G71/><T97/><D97/><N who="3" m="24833" /><W87/><DORA hai="18" /><G87/><T39/><D39/><U64/><E64/><V128/><F90/><W12/><G12/><T72/><D72/><U58/><E58/><V11/><F75/><W67/><G67/><T127/><D126/><U102/><E102/><V25/><F128/><W133/><G133/><T54/><D54/><AGARI ba="0,0" hai="45,51,54,81,85,89,101,103" m="24833,10415" machi="54" ten="30,2000,0" yaku="8,1,52,1" doraHai="3,18" who="3" fromWho="0" sc="250,-20,250,0,250,0,250,20" /><INIT seed="1,0,0,0,4,1" ten="230,250,250,270" oya="1" hai0="67,18,93,49,22,112,106,37,17,99,81,133,124" hai1="55,33,25,65,105,111,52,46,51,104,11,72,50" hai2="35,0,16,130,59,125,9,126,134,69,116,118,19" hai3="63,71,89,120,82,127,103,30,122,56,100,94,75"/><U4/><E72/><V31/><F59/><W128/><G71/><T29/><D112/><U14/><E111/><V62/><F62/><W38/><G38/><T42/><D37/><U113/><E113/><V40/><F40/><W24/><G128/><T86/><D106/><U129/><E129/><V79/><F79/><W41/><G41/><T73/><D73/><U3/><E65/><V54/><F54/><W132/><G132/><T78/><D124/><N who="2" m="47722" /><F69/><W68/><G68/><T8/><D133/><U84/><E3/><V70/><F70/><W114/><G114/><T92/><D67/><U15/><E15/><V117/><F134/><W5/><G127/><T53/><D42/><U76/><E33/><V110/><F110/><W90/><G75/><T74/><D74/><U23/><E84/><V27/><F130/><W80/><G90/><T44/><D8/><U60/><E60/><V7/><AGARI ba="0,0" hai="0,7,9,16,19,27,31,35,116,117,118" m="47722" machi="7" ten="40,8000,1" yaku="18,1,34,2,52,1,54,1" doraHai="1" who="2" fromWho="2" sc="230,-20,250,-40,250,80,270,-20" /><INIT seed="2,0,0,0,1,114" ten="210,210,330,250" oya="2" hai0="111,48,71,121,60,76,27,102,69,20,83,100,36" hai1="64,135,89,23,1,12,130,39,122,8,73,129,59" hai2="61,25,109,67,34,66,46,133,119,26,93,14,107" hai3="84,74,62,96,28,125,88,17,127,128,72,68,53"/><V99/><F119/><W50/><G28/><T2/><D36/><U92/><E39/><V21/><F107/><W63/><G96/><T116/><D121/><U77/><E122/><V19/><F133/><W95/><G17/><T91/><D2/><U94/><E135/><V120/><F109/><W16/><G16/><T85/><D111/><U113/><E1/><V134/><F134/><W123/><G128/><N who="1" m="49258" /><E23/><V115/><F115/><W132/><G123/><T43/><D116/><U29/><E29/><V103/><F66/><N who="3" m="41047" /><G63/><T31/><D71/><U13/><E13/><V98/><F98/><W105/><G105/><T131/><D131/><U22/><E22/><V124/><F124/><N who="3" m="47691" /><G132/><T24/><D24/><U108/><E113/><V104/><F104/><W86/><G84/><T42/><D69/><U37/><E108/><V117/><F117/><W15/><G15/><T101/><D60/><N who="1" m="37919" /><E73/><V55/><F34/><W81/><G95/><T78/><D48/><U38/><E92/><V57/><F120/><W35/><G35/><T30/><D31/><U79/><E38/><V32/><F32/><W87/><G87/><T54/><REACH who="0" step="1"/><D54/><REACH who="0" ten="200,210,330,250" step="2"/><U112/><E37/><V41/><F55/><W7/><G53/><T106/><D106/><U75/><E112/><V4/><F26/><W56/><G50/><T118/><D118/><U45/><E45/><V52/><F25/><W51/><G51/><T82/><D82/><U65/><E65/><V49/><F67/><W70/><G70/><T5/><D5/><AGARI ba="0,1" hai="4,5,14,19,21,41,46,49,52,57,61,93,99,103" machi="5" ten="40,3900,0" yaku="8,1,54,1" doraHai="114" who="2" fromWho="0" sc="200,-39,210,0,330,49,250,0" /><INIT seed="2,1,0,1,2,33" ten="161,210,379,250" oya="2" hai0="15,61,32,125,103,21,66,131,121,30,120,7,98" hai1="110,22,9,95,71,123,82,16,48,4,43,87,116" hai2="24,79,77,11,115,3,2,60,89,124,70,81,122" hai3="74,20,47,17,19,28,108,44,31,93,111,100,118"/><V59/><F115/><W5/><G74/><T42/><D42/><U73/><E71/><V78/><F70/><W13/><G118/><T76/><D76/><U104/><E104/><V75/><F124/><W10/><G100/><T63/><D125/><U126/><E126/><V133/><F133/><W23/><G93/><T12/><D131/><U88/><E116/><V55/><F122/><W62/><G62/><T41/><D41/><U37/><E123/><V80/><F11/><W34/><G47/><T35/><D63/><U26/><E110/><N who="3" m="42026" /><G44/><T6/><D35/><U36/><E48/><V69/><F69/><W0/><G34/><T112/><D112/><U106/><E106/><V68/><F68/><W92/><G92/><T84/><D84/><U91/><E43/><V129/><F129/><W18/><G18/><T38/><D38/><U96/><E73/><V67/><F67/><W85/><G85/><T128/><D128/><U72/><E72/><V49/><F60/><W51/><G51/><T97/><D32/><U90/><E91/><V8/><F89/><W102/><G102/><T83/><D83/><U64/><E64/><V25/><F81/><W107/><G107/><N who="0" m="63983" /><D98/><U113/><E113/><V86/><F80/><W94/><G94/><T119/><D119/><U40/><E40/><V135/><F86/><W65/><G65/><T117/><D117/><U52/><E52/><V54/><F54/><W127/><G127/><T58/><D121/><U45/><E45/><V130/><F130/><W29/><G19/><T14/><D120/><U56/><E56/><V50/><F75/><RYUUKYOKU ba="1,0" sc="161,10,210,10,379,-30,250,10" hai0="6,7,12,14,15,21,30,58,61,66" hai1="4,9,16,22,26,36,37,82,87,88,90,95,96" hai3="0,5,10,13,17,20,23,28,29,31" /><INIT seed="3,2,0,0,1,99" ten="171,220,349,260" oya="3" hai0="62,75,96,105,36,52,104,58,55,54,74,13,7" hai1="25,127,19,59,92,1,66,32,48,117,102,103,93" hai2="79,124,6,10,89,22,60,91,47,43,69,42,73" hai3="0,114,16,94,31,72,3,45,119,57,15,5,18"/><W37/><G72/><T98/><D36/><U56/><E1/><N who="2" m="335" /><F22/><W126/><G126/><T26/><D26/><U68/><E127/><V61/><F43/><W111/><G111/><T122/><D122/><U97/><E117/><V65/><F61/><W87/><G114/><T106/><D75/><U71/><E32/><V129/><F129/><W101/><G57/><T76/><D76/><U2/><E2/><V35/><F35/><W81/><G31/><T83/><D83/><U27/><E48/><V85/><F85/><W131/><G18/><T133/><D74/><U108/><E97/><V120/><F120/><W88/><G5/><T33/><D33/><U121/><E19/><V12/><F12/><W50/><G37/><T100/><D133/><U125/><E125/><V17/><F17/><W77/><G131/><T82/><D82/><U41/><E41/><V38/><F124/><W86/><G119/><T40/><D40/><U132/><E121/><V107/><F107/><W44/><G44/><T30/><D30/><U95/><E66/><V28/><F28/><W128/><G128/><T84/><D84/><U46/><E46/><V118/><F118/><W135/><G135/><T49/><D49/><U14/><E132/><V24/><F24/><W113/><G50/><T109/><D109/><U29/><E108/><V4/><F4/><W11/><G87/><T80/><D80/><AGARI ba="2,0" hai="38,42,47,60,65,69,73,79,80,89,91" m="335" machi="80" ten="30,1000,0" yaku="25,1" doraHai="99" who="2" fromWho="0" sc="171,-16,220,0,349,16,260,0" owari="155,-34.5,220,-18.0,365,46.5,260,6.0" /></mjloggm>