<mjloggm ver="2.3"><GO type="225" lobby="0"/><UN n0="%E4%BF%BA%E3%81%A8%E5%A6%96%E5%A4%A2" n1="%E5%B8%86%E7%AB%8B%E5%A4%8F%E8%A1%A3" n2="%E7%99%BD%E5%80%89%E5%AF%9B%E4%B9%8B" n3="%E7%99%BD%E9%9B%AA%E4%B9%83%E6%84%9B" dan="16,17,16,16" rate="2141.38,2191.98,2133.87,2033.57" sx="F,M,M,F"/><TAIKYOKU oya="0"/><INIT seed="0,0,0,2,4,37" ten="250,250,250,250" oya="0" hai0="87,118,48,117,45,19,11,106,91,60,80,1,112" hai1="64,88,97,131,101,36,72,4,9,71,94,3,22" hai2="102,43,98,10,35,70,85,77,125,53,73,27,29" hai3="16,39,124,59,13,130,127,113,46,121,90,75,57"/><T31/><D112/><U134/><E134/><V92/><F125/><W23/><G113/><T30/><D106/><U6/><E131/><V119/><F119/><W2/><G2/><T100/><D100/><U122/><E122/><V38/><F70/><W50/><G130/><T78/><D60/><U83/><E6/><V133/><F133/><W21/><G121/><T7/><D19/><U15/><E36/><V34/><F73/><W123/><G123/><T63/><D63/><U32/><E32/><V42/><F38/><W103/><G75/><T54/><REACH who="0" step="1"/><D78/><REACH who="0" ten="240,250,250,250" step="2"/><U99/><E101/><V8/><F35/><W107/><G103/><T108/><D108/><U14/><E64/><V74/><F74/><W104/><G104/><T47/><D47/><U95/><E72/><V12/><F8/><W62/><G107/><T25/><D25/><U132/><E9/><V126/><F126/><W114/><G114/><T120/><D120/><U26/><E26/><V116/><F116/><AGARI ba="0,1" hai="1,7,11,30,31,45,48,54,80,87,91,116,117,118" machi="116" ten="40,2000,0" yaku="1,1,53,0" doraHai="37" doraHaiUra="109" who="0" fromWho="2" sc="240,30,250,0,250,-20,250,0" /><INIT seed="0,1,0,0,1,49" ten="270,250,230,250" oya="0" hai0="47,110,17,98,43,130,78,42,5,44,126,133,103" hai1="35,59,50,119,69,131,51,102,45,101,105,97,74" hai2="29,77,71,3,68,108,73,118,104,58,7,123,6" hai3="88,16,65,14,111,134,79,92,96,106,95,57,109"/><T18/><D126/><U2/><E119/><V91/><F118/><W127/><G127/><T81/><D130/><U76/><E69/><V99/><F123/><W53/><G134/><T120/><D120/><U83/><E131/><V60/><F108/><W34/><G34/><T25/><D133/><U0/><E35/><V87/><F29/><W11/><G79/><T82/><D5/><U1/><E101/><V85/><F85/><W36/><G36/><T54/><D110/><N who="3" m="41993" /><G65/><T30/><D98/><U24/><E24/><V21/><F21/><W27/><G27/><T113/><D103/><U80/><E80/><V55/><F77/><W31/><G31/><T20/><D113/><U129/><E129/><V93/><F73/><W100/><G88/><T13/><D43/><U52/><E2/><V66/><F71/><W89/><G89/><T72/><D81/><U32/><E32/><V64/><F64/><W39/><G39/><T28/><D44/><U114/><E114/><V128/><F128/><W38/><G38/><T122/><D42/><AGARI ba="1,0" hai="0,1,42,45,50,51,52,59,74,76,83,97,102,105" machi="42" ten="30,3900,0" yaku="7,1,52,1,54,1" doraHai="49" who="1" fromWho="0" sc="270,-42,250,42,230,0,250,0" /><INIT seed="1,0,0,4,5,112" ten="228,292,230,250" oya="1" hai0="98,118,35,19,21,7,65,104,95,106,49,59,73" hai1="108,51,38,83,100,84,130,45,20,37,44,74,54" hai2="10,75,26,47,6,4,28,92,79,14,115,15,126" hai3="124,50,32,52,2,57,102,125,127,77,133,12,129"/><U122/><E122/><V27/><F115/><W93/><G2/><T80/><D35/><U56/><E74/><V99/><F126/><W11/><G32/><T110/><D7/><U5/><E130/><V97/><F75/><W116/><G77/><T16/><D110/><U1/><E108/><V82/><F47/><W39/><G39/><T23/><D118/><U18/><E100/><V41/><F41/><W58/><G129/><T89/><D73/><U31/><E31/><V134/><F134/><W94/><G133/><T128/><D128/><U91/><E5/><V9/><F28/><W88/><G116/><T135/><D135/><U60/><E45/><V90/><REACH who="2" step="1"/><F99/><REACH who="2" ten="228,292,220,250" step="2"/><W86/><G58/><T25/><D59/><U8/><E44/><V34/><F34/><W67/><G67/><T17/><D65/><U24/><E38/><V121/><F121/><W55/><G55/><T78/><D98/><U132/><E37/><V111/><F111/><W71/><G71/><T105/><D23/><U68/><E132/><V13/><F13/><W119/><G119/><T69/><D69/><U62/><E68/><V42/><F42/><W40/><G40/><T61/><D21/><U33/><E33/><V72/><AGARI ba="0,1" hai="4,6,9,10,14,15,26,27,72,79,82,90,92,97" machi="72" ten="20,5200,0" yaku="1,1,0,1,7,1,9,1,53,0" doraHai="112" doraHaiUra="36" who="2" fromWho="2" sc="228,-13,292,-26,220,62,250,-13" /><INIT seed="2,0,0,4,3,108" ten="215,266,282,237" oya="2" hai0="111,78,48,2,104,129,35,18,133,77,15,82,88" hai1="17,124,89,115,81,127,69,112,100,125,45,75,12" hai2="49,22,120,42,99,36,51,8,63,59,106,72,11" hai3="76,73,10,118,38,32,27,86,40,132,102,119,74"/><V52/><F72/><W64/><G64/><T91/><D2/><U71/><E100/><V4/><F120/><W123/><G123/><T20/><D111/><U95/><E45/><N who="2" m="25783" /><F106/><W60/><G60/><T98/><D35/><U57/><E57/><N who="2" m="32927" /><F36/><W87/><G102/><T29/><D129/><U7/><E7/><V61/><F4/><W67/><G67/><T24/><D133/><U105/><E105/><V113/><F113/><N who="1" m="43593" /><E81/><V122/><F122/><W131/><G132/><T19/><D104/><U135/><E75/><V39/><F39/><W44/><G131/><T93/><D48/><U80/><E80/><V55/><F99/><W79/><G74/><T68/><D68/><U28/><E135/><V96/><F96/><W54/><G73/><T6/><D6/><U47/><E47/><V97/><F97/><W16/><G44/><T85/><REACH who="0" step="1"/><D29/><REACH who="0" ten="205,266,282,237" step="2"/><U41/><E28/><V23/><F63/><W90/><G38/><T53/><D53/><U30/><E30/><V109/><F109/><W13/><G54/><T65/><D65/><U43/><E43/><V83/><F61/><W56/><G40/><T92/><D92/><U103/><E41/><V66/><F66/><W62/><G62/><T1/><D1/><U126/><E126/><V130/><F130/><W50/><G50/><T26/><D26/><U58/><E71/><V9/><F83/><W101/><G27/><T70/><D70/><U134/><E69/><V107/><F107/><W37/><G37/><T110/><D110/><U116/><E134/><V25/><F25/><W34/><G34/><T117/><D117/><RYUUKYOKU ba="0,1" sc="205,15,266,-15,282,15,237,-15" hai0="15,18,19,20,24,77,78,82,85,88,91,93,98" hai2="8,9,11,22,23,55,59" /><INIT seed="2,1,1,2,5,6" ten="220,251,297,222" oya="2" hai0="35,84,79,25,45,104,51,30,78,131,108,89,109" hai1="8,92,64,27,85,103,121,67,47,2,59,94,122" hai2="110,17,95,55,111,37,41,34,12,113,76,74,36" hai3="130,77,105,0,24,66,82,42,96,10,87,21,7"/><V126/><F34/><W65/><G130/><T44/><D104/><U106/><E27/><V62/><F113/><W72/><G87/><T57/><D131/><U124/><E47/><V48/><F126/><W86/><G86/><T101/><D101/><U9/><E124/><V26/><F26/><W117/><G117/><T68/><D57/><U19/><E19/><V73/><F62/><W75/><G75/><N who="2" m="28681" /><F95/><N who="1" m="36393" /><E85/><V60/><F60/><W127/><G127/><T46/><D51/><U119/><E2/><V13/><F76/><W56/><G56/><T3/><D68/><U114/><E119/><V115/><F41/><W120/><G120/><N who="1" m="46186" /><E114/><V14/><F17/><W88/><G88/><T70/><D70/><U99/><E59/><N who="2" m="33255" /><F115/><W16/><REACH who="3" step="1"/><G42/><REACH who="3" ten="220,251,297,212" step="2"/><T116/><D116/><U29/><E29/><V134/><F134/><W80/><G80/><T118/><D118/><U90/><E90/><V43/><F43/><W33/><G33/><T132/><D132/><U32/><E32/><V11/><F37/><W97/><G97/><T38/><D38/><U123/><E123/><V112/><F36/><W128/><G128/><T107/><D89/><U50/><E50/><V63/><F112/><W93/><G93/><T1/><D84/><U52/><E52/><V53/><F53/><W18/><G18/><T40/><D40/><U31/><E31/><V135/><F135/><W81/><G81/><T20/><D107/><U100/><E100/><AGARI ba="1,2" hai="0,7,10,16,21,24,65,66,72,77,82,96,100,105" machi="100" ten="40,8000,1" yaku="1,1,52,1,54,1,53,1" doraHai="6" doraHaiUra="22" who="3" fromWho="1" sc="220,0,251,-83,297,0,212,103" /><INIT seed="3,0,0,0,4,85" ten="220,168,297,315" oya="3" hai0="89,39,10,106,80,29,87,124,19,126,113,66,8" hai1="11,70,94,68,72,76,100,20,31,74,129,24,97" hai2="105,25,57,58,46,33,7,18,12,52,99,30,123" hai3="47,128,92,35,116,102,62,120,121,44,83,6,111"/><W64/><G116/><T118/><D118/><U133/><E133/><V27/><F123/><W61/><G35/><T26/><D39/><U78/><E129/><V93/><F105/><W3/><G3/><T55/><D106/><U110/><E110/><V82/><F7/><W77/><G6/><T119/><D119/><U42/><E42/><V90/><F82/><W104/><G104/><T96/><D113/><U69/><REACH who="1" step="1"/><E11/><REACH who="1" ten="220,158,297,315" step="2"/><N who="2" m="6431" /><F33/><W135/><G128/><T59/><D8/><U108/><E108/><V122/><F122/><W65/><G111/><T81/><D10/><U14/><E14/><V130/><F130/><W15/><G135/><T131/><D131/><U50/><E50/><N who="2" m="28759" /><F30/><W134/><G134/><T67/><D29/><U98/><E98/><V17/><F27/><W132/><G132/><T125/><D96/><U4/><E4/><V107/><F107/><W115/><G121/><T117/><D117/><U63/><E63/><V37/><F37/><W34/><G120/><T45/><D126/><U101/><E101/><V86/><F99/><W54/><G61/><T43/><D125/><U95/><E95/><V112/><F112/><W51/><G62/><T79/><D124/><U38/><E38/><V2/><F2/><W36/><G36/><T127/><D127/><U84/><E84/><V91/><F25/><W22/><G115/><T40/><D26/><U53/><E53/><V9/><F9/><W13/><G54/><T75/><D55/><U23/><E23/><V56/><F17/><W28/><G28/><T0/><D19/><U73/><AGARI ba="0,1" hai="20,24,31,68,69,70,72,73,74,76,78,94,97,100" machi="73" ten="40,2700,0" yaku="1,1,0,1,53,0" doraHai="85" doraHaiUra="48" who="1" fromWho="1" sc="220,-7,158,37,297,-7,315,-13" owari="213,-18.7,195,-30.5,290,9.0,302,40.2" /></mjloggm>