<mjloggm ver="2.3"><GO type="225" lobby="0"/><UN n0="%E6%98%93%E5%88%A9%E8%96%A9%E4%BC%AF" n1="%E6%A1%9C%E8%8A%B1%E9%96%83%E3%80%85" n2="%E5%B0%8F%E9%B3%A5%E9%81%8A%E7%B7%B4%E7%84%A1%32%31%E6%AD%B3" n3="%E5%91%A8%E6%9D%B1" dan="17,16,16,17" rate="2142.67,2143.92,2159.32,2248.67" sx="F,M,F,M"/><TAIKYOKU oya="0"/><INIT seed="0,0,0,3,4,3" ten="250,250,250,250" oya="0" hai0="87,126,96,114,58,79,107,95,74,69,90,105,44" hai1="106,111,122,123,9,2,32,133,7,80,128,94,14" hai2="117,16,52,65,33,4,20,89,130,112,129,97,19" hai3="92,42,1,10,75,76,82,47,5,134,27,34,88"/><T41/><D69/><U72/><E94/><N who="2" m="56527" /><F112/><W73/><G134/><T59/><D114/><U46/><E133/><V12/><F33/><W85/><G27/><T31/><D31/><U70/><E14/><V68/><F68/><W86/><REACH who="3" step="1"/><G34/><REACH who="3" ten="250,250,250,240" step="2"/><T48/><D126/><U43/><E32/><V50/><F117/><W118/><G118/><T30/><D30/><U25/><E25/><V102/><F129/><W8/><G8/><T15/><D107/><U84/><E128/><V35/><F130/><W45/><G45/><T23/><D105/><U83/><E106/><V125/><F35/><W29/><G29/><T49/><D74/><U109/><E122/><V37/><F125/><W53/><G53/><T57/><D23/><U6/><E123/><V55/><F55/><W40/><G40/><T39/><REACH who="0" step="1"/><D15/><REACH who="0" ten="240,250,250,240" step="2"/><U64/><E72/><V115/><F12/><W51/><AGARI ba="0,2" hai="1,5,10,42,47,51,73,75,76,82,85,86,88,92" machi="51" ten="20,8000,1" yaku="1,1,0,1,7,1,52,1,54,1,53,0" doraHai="3" doraHaiUra="56" who="3" fromWho="3" sc="240,-40,250,-20,250,-20,240,100" /><INIT seed="1,0,0,4,2,90" ten="200,230,230,340" oya="1" hai0="58,4,23,68,80,79,116,17,98,69,128,93,95" hai1="12,113,29,11,61,20,6,81,118,59,102,44,8" hai2="77,125,0,46,115,126,112,7,1,121,37,49,83" hai3="15,39,56,14,63,43,97,3,18,106,127,105,135"/><U72/><E113/><N who="2" m="43595" /><F121/><W88/><G3/><N who="2" m="1097" /><F7/><W62/><G43/><T76/><D116/><U92/><E118/><V103/><F103/><W53/><G39/><T74/><D128/><U47/><E11/><V28/><F28/><W78/><G78/><T96/><D4/><U67/><E72/><N who="2" m="43431" /><F49/><W85/><G135/><T38/><D38/><U84/><E29/><V89/><F89/><W132/><G132/><T87/><D79/><N who="1" m="46143" /><E20/><V65/><F65/><W32/><G32/><T73/><D73/><U16/><E6/><V40/><AGARI ba="0,0" hai="37,40,46,125,126" m="43431,1097,43595" machi="40" ten="40,2700,0" yaku="11,1,23,1" doraHai="90" who="2" fromWho="2" sc="200,-7,230,-13,230,27,340,-7" /><INIT seed="2,0,0,5,5,102" ten="193,217,257,333" oya="2" hai0="134,124,45,15,130,46,33,125,59,61,109,49,68" hai1="16,17,1,89,67,21,79,11,24,133,6,97,82" hai2="92,116,12,0,106,119,111,42,87,90,70,19,118" hai3="95,126,114,100,112,96,103,108,37,30,9,53,77"/><V107/><F0/><W78/><G37/><T28/><D33/><U55/><E133/><V31/><F70/><W135/><G108/><T85/><D28/><U86/><E67/><V123/><F123/><W43/><G43/><T5/><D109/><U23/><E55/><V88/><F111/><W104/><G135/><T40/><D134/><U51/><E51/><V2/><F2/><W34/><G9/><T18/><D5/><U27/><REACH who="1" step="1"/><E97/><REACH who="1" ten="193,207,257,333" step="2"/><V76/><F42/><W84/><G53/><T75/><D49/><U35/><E35/><V25/><F76/><AGARI ba="0,1" hai="1,6,11,16,17,21,23,24,27,76,79,82,86,89" machi="76" ten="40,5200,0" yaku="1,1,9,1,54,1,53,0" doraHai="102" doraHaiUra="64" who="1" fromWho="2" sc="193,0,207,62,257,-52,333,0" /><INIT seed="3,0,0,3,5,47" ten="193,269,205,333" oya="3" hai0="127,48,89,131,44,62,34,56,128,52,5,26,130" hai1="104,65,123,11,101,121,72,120,17,102,85,32,77" hai2="7,36,9,53,50,55,21,12,94,60,74,80,119" hai3="81,19,135,42,132,103,93,18,125,58,22,20,59"/><W41/><G81/><T112/><D127/><U73/><E65/><V75/><F119/><W98/><G125/><T24/><D112/><U117/><E17/><V43/><F36/><W4/><G4/><T39/><D39/><U92/><E11/><V16/><F94/><W54/><G59/><T1/><D34/><U78/><E32/><V88/><F60/><W23/><G19/><T46/><D89/><U126/><E126/><V116/><F116/><W84/><G84/><T83/><D83/><U68/><E68/><V38/><F38/><W15/><G132/><T8/><D46/><U113/><E113/><V114/><F114/><W40/><G135/><T45/><D45/><U2/><E2/><V87/><F43/><AGARI ba="0,0" hai="1,5,8,24,26,43,44,48,52,56,62,128,130,131" machi="43" ten="40,5200,0" yaku="19,1,52,1,54,1" doraHai="47" who="0" fromWho="2" sc="193,52,269,0,205,-52,333,0" owari="245,-15.5,269,6.9,153,-34.7,333,43.3" /></mjloggm>