<mjloggm ver="2.3"><GO type="225" lobby="0"/><UN n0="%E9%BB%99%E8%81%B4%E3%81%AE%E3%81%99%E3%82%9D%E3%82%81" n1="%E3%83%81%E3%83%83%E3%82%BF%E3%82%BD%E3%83%BC" n2="%E5%8F%AF%E5%85%90%E9%82%A3%E7%94%B1%E5%A4%9A" n3="%E3%83%A9%E3%82%A4%E3%83%B3%E3%81%AE%E8%99%8E" dan="16,16,16,16" rate="2041.76,2178.27,2117.54,2163.61" sx="M,F,F,M"/><TAIKYOKU oya="0"/><INIT seed="0,0,0,4,2,67" ten="250,250,250,250" oya="0" hai0="81,62,91,83,105,65,8,53,60,68,123,45,93" hai1="21,125,37,104,122,77,44,94,115,52,96,71,51" hai2="25,4,5,114,72,56,88,12,38,73,30,108,116" hai3="28,70,1,133,32,20,33,127,23,13,118,92,85"/><T101/><D123/><U126/><E115/><V27/><F114/><W87/><G118/><T129/><D129/><U34/><E122/><V18/><F38/><W10/><G1/><T124/><D124/><N who="1" m="47723" /><E34/><V24/><F116/><W106/><G106/><T75/><D75/><U78/><E104/><V134/><F108/><W97/><G133/><T36/><D105/><U121/><E121/><V111/><F111/><W14/><G127/><T119/><D101/><N who="1" m="60567" /><E37/><V61/><F134/><W59/><G32/><T19/><D119/><U130/><E130/><V98/><F30/><W100/><G70/><T89/><D89/><U117/><E117/><V29/><F29/><W35/><G35/><T41/><D8/><U16/><E71/><V40/><F40/><W63/><G33/><T64/><D19/><U3/><E3/><V128/><F128/><W80/><G28/><T6/><D6/><U90/><E90/><V113/><F113/><W31/><G31/><T17/><D17/><U84/><E84/><N who="3" m="32330" /><G80/><T132/><D53/><U66/><E66/><N who="2" m="39207" /><F73/><W54/><G13/><AGARI ba="0,0" hai="13,16,21,44,51,52,77,78" m="60567,47723" machi="13" ten="30,3900,0" yaku="18,1,54,2" doraHai="67" who="1" fromWho="3" sc="250,0,250,39,250,0,250,-39" /><INIT seed="1,0,0,5,3,120" ten="250,289,250,211" oya="1" hai0="50,103,71,8,30,106,32,47,117,34,41,17,37" hai1="74,126,46,85,96,7,133,4,22,108,102,76,63" hai2="73,83,89,44,52,10,130,16,134,53,49,129,38" hai3="92,101,12,104,105,127,51,128,77,112,114,91,67"/><U75/><E126/><V115/><F134/><W9/><G127/><T24/><D117/><U122/><E122/><V86/><F115/><W72/><G67/><T79/><D71/><U59/><E133/><V68/><F68/><W123/><G123/><T82/><D103/><U116/><E116/><V33/><F33/><W87/><G128/><N who="2" m="49257" /><F38/><W119/><G119/><T84/><D106/><U21/><E46/><V90/><F73/><W131/><G131/><T66/><D66/><U60/><E85/><V0/><F0/><W69/><G69/><T39/><D34/><U132/><E132/><V118/><F118/><W98/><G51/><T23/><REACH who="0" step="1"/><D8/><REACH who="0" ten="240,289,250,211" step="2"/><U5/><E102/><V14/><F90/><W124/><G124/><T58/><D58/><U97/><E59/><V42/><AGARI ba="0,1" hai="10,14,16,42,44,49,52,53,83,86,89" m="49257" machi="42" ten="30,4000,0" yaku="19,1,54,2" doraHai="120" who="2" fromWho="2" sc="240,-10,289,-20,250,50,211,-10" /><INIT seed="2,0,0,4,4,77" ten="230,269,300,201" oya="2" hai0="46,124,93,18,104,11,34,101,8,3,105,128,37" hai1="122,133,51,48,110,81,106,9,130,41,116,33,64" hai2="28,85,71,115,118,50,84,109,43,38,14,62,31" hai3="98,82,99,113,65,21,83,131,13,2,73,12,72"/><V32/><F115/><W78/><G2/><T88/><D128/><U127/><E81/><V52/><F118/><W129/><G65/><T75/><D34/><U107/><E51/><V55/><F109/><W111/><G111/><T96/><D75/><U5/><E48/><V6/><F38/><W61/><G61/><T56/><D124/><U45/><E9/><N who="2" m="4407" /><F32/><W15/><G21/><T97/><D56/><U23/><E23/><V22/><F71/><W57/><G57/><T66/><D66/><U79/><E45/><N who="2" m="25919" /><F62/><W20/><G20/><T80/><D3/><U10/><E64/><V4/><F4/><W40/><G40/><T102/><D18/><U92/><E5/><V76/><F85/><W125/><G125/><T68/><D68/><U17/><E106/><V44/><F44/><W126/><G126/><T35/><D35/><U121/><E122/><V26/><F31/><W89/><G113/><T24/><D24/><U117/><E116/><V94/><F76/><N who="3" m="44295" /><G89/><AGARI ba="0,0" hai="22,26,28,52,55,84,89,94" m="25919,4407" machi="89" ten="30,2900,0" yaku="8,1,54,1" doraHai="77" who="2" fromWho="3" sc="230,0,269,0,300,29,201,-29" /><INIT seed="2,1,0,2,4,98" ten="230,269,329,172" oya="2" hai0="118,36,8,80,43,89,11,97,0,68,35,44,113" hai1="69,102,110,84,23,57,64,83,127,48,3,38,106" hai2="115,135,59,92,79,50,121,95,99,25,77,13,34" hai3="18,5,33,10,52,16,132,125,123,32,117,70,114"/><V20/><F115/><W62/><G117/><T85/><D113/><U109/><E127/><V67/><F121/><W30/><G123/><T42/><D118/><U133/><E133/><V40/><F135/><W49/><G132/><T54/><D68/><U37/><E3/><V17/><F34/><W108/><G114/><T131/><D131/><U4/><E4/><V86/><F25/><W129/><G125/><T88/><D35/><U14/><E69/><V71/><F71/><W22/><G108/><N who="1" m="41578" /><E64/><V111/><F111/><W27/><G129/><T134/><D134/><U100/><E106/><V107/><F107/><W51/><G32/><T93/><D0/><U63/><E48/><V73/><F73/><W31/><G31/><T7/><D7/><U41/><E41/><N who="0" m="15369" /><D36/><N who="1" m="13931" /><E57/><V105/><F105/><W53/><G70/><T12/><D12/><U29/><E63/><N who="2" m="38399" /><F50/><AGARI ba="1,0" hai="8,11,44,50,54,80,85,88,89,93,97" m="15369" machi="50" ten="30,2000,0" yaku="8,1,54,1" doraHai="98" who="0" fromWho="2" sc="230,23,269,0,329,-23,172,0" /><INIT seed="3,0,0,1,5,37" ten="253,269,306,172" oya="3" hai0="87,74,94,52,68,131,69,103,4,101,95,20,16" hai1="11,121,46,28,1,76,107,118,122,3,33,63,129" hai2="79,105,66,96,77,48,84,80,21,17,88,112,125" hai3="109,29,62,133,25,114,113,47,116,10,34,0,7"/><W12/><G116/><T42/><D74/><U110/><E107/><V22/><F112/><W64/><G133/><T111/><D111/><U70/><E110/><V83/><F125/><W8/><G109/><T78/><D69/><U53/><E118/><V100/><F66/><W127/><G127/><T51/><D68/><U135/><E135/><V106/><F106/><W54/><G54/><T14/><D4/><U40/><E129/><V85/><F17/><W30/><G30/><T18/><D42/><U90/><E90/><V104/><F104/><W6/><REACH who="3" step="1"/><G47/><REACH who="3" ten="253,269,306,162" step="2"/><N who="0" m="27775" /><D131/><U61/><E53/><V72/><F48/><W124/><G124/><T32/><D32/><U97/><E33/><V13/><F13/><W43/><G43/><T27/><D78/><U45/><E76/><V49/><F49/><W24/><G24/><T41/><D41/><U92/><E40/><V60/><F60/><W35/><G35/><T119/><D119/><U56/><E61/><V39/><F39/><W57/><AGARI ba="0,1" hai="0,6,7,8,10,12,25,29,34,57,62,64,113,114" machi="57" ten="20,3900,0" yaku="1,1,0,1,7,1,53,0" doraHai="37" doraHaiUra="75" who="3" fromWho="3" sc="253,-13,269,-13,306,-13,162,49" /><INIT seed="3,1,0,2,0,18" ten="240,256,293,211" oya="3" hai0="44,3,41,114,32,67,95,127,34,38,60,94,88" hai1="50,82,66,131,47,22,68,104,69,116,120,99,72" hai2="23,10,100,90,12,79,37,109,81,74,92,86,9" hai3="58,83,17,15,20,8,77,122,33,85,46,31,64"/><W128/><G122/><T98/><D3/><U125/><E120/><V71/><F71/><W91/><G128/><T49/><D127/><U36/><E36/><V4/><F37/><W43/><G33/><T112/><D38/><U29/><E125/><V130/><F109/><W39/><G77/><T73/><D73/><U54/><E131/><V51/><F130/><W27/><G58/><T110/><D110/><U40/><E116/><V63/><F63/><W132/><REACH who="3" step="1"/><G64/><REACH who="3" ten="240,256,293,201" step="2"/><T78/><D78/><U53/><E66/><V30/><F79/><W2/><G2/><T52/><D41/><U115/><E40/><V105/><F74/><W75/><G75/><T97/><D114/><U55/><E53/><V84/><F51/><W96/><G96/><T45/><D112/><U102/><E55/><V13/><F86/><W126/><G126/><T56/><REACH who="0" step="1"/><D44/><REACH who="0" ten="230,256,293,201" step="2"/><U107/><E115/><V7/><F84/><W111/><G111/><T42/><D42/><U118/><E118/><V87/><F87/><W65/><G65/><T21/><D21/><U121/><E121/><V25/><F23/><W133/><AGARI ba="1,2" hai="8,15,17,20,27,31,39,43,46,83,85,91,132,133" machi="133" ten="30,6000,0" yaku="1,1,0,1,52,1,53,0" doraHai="18" doraHaiUra="0" who="3" fromWho="3" sc="230,-21,256,-21,293,-21,201,83" /><INIT seed="3,2,0,1,3,14" ten="209,235,272,284" oya="3" hai0="92,93,55,69,42,23,123,114,84,38,68,28,0" hai1="79,97,54,57,61,25,43,101,4,12,46,133,71" hai2="73,89,81,124,19,104,1,129,2,99,30,86,102" hai3="36,35,108,113,6,75,15,64,91,11,116,115,16"/><W94/><G116/><T135/><D123/><U27/><E133/><V60/><F124/><W20/><G36/><T76/><D135/><U122/><E122/><V131/><F30/><W44/><G75/><T127/><D0/><U119/><E119/><V18/><F60/><W39/><G64/><T88/><D127/><U49/><E79/><N who="2" m="44271" /><F1/><W134/><G35/><T22/><D114/><U62/><E71/><V77/><F2/><W87/><G108/><T120/><D120/><U130/><E62/><V34/><F34/><W111/><G111/><T17/><D76/><U3/><E3/><V72/><F77/><W45/><G134/><T41/><D69/><U56/><E56/><V63/><F63/><W31/><G31/><T26/><D68/><U24/><E130/><N who="2" m="49675" /><F72/><W96/><G44/><T128/><D128/><U132/><E132/><V78/><F78/><W47/><G45/><T65/><D65/><U118/><E118/><V8/><F8/><W110/><G110/><T52/><D93/><AGARI ba="2,0" hai="18,19,86,89,93,99,102,104" m="49675,44271" machi="93" ten="30,7700,0" yaku="24,1,19,1,52,2" doraHai="14" who="2" fromWho="0" sc="209,-83,235,0,272,83,284,0" owari="126,-37.4,235,-16.5,355,45.5,284,8.4" /></mjloggm>