<mjloggm ver="2.3"><GO type="225" lobby="0"/><UN n0="%70%6F%69%73%75%2D" n1="%E7%89%B9%E6%9D%B1%E3%81%AF%E4%B8%96%E7%95%8C%E3%82%92%E6%95%91%E3%81%86" n2="%E6%81%A5%E6%99%92%E3%81%97" n3="%E5%A4%8F%E9%88%B4%E9%88%B4%E5%A4%8F" dan="16,16,17,16" rate="2055.37,2220.11,2186.28,2144.20" sx="M,M,M,F"/><TAIKYOKU oya="0"/><INIT seed="0,0,0,2,0,17" ten="250,250,250,250" oya="0" hai0="133,30,62,116,68,24,115,35,79,130,90,119,104" hai1="56,50,99,96,21,88,127,25,95,63,87,26,72" hai2="16,48,55,43,37,78,39,34,32,13,102,67,2" hai3="82,89,107,69,128,54,15,108,18,114,52,57,61"/><T51/><D115/><U98/><E127/><V64/><F2/><W106/><G114/><T109/><D79/><U44/><E72/><V33/><F102/><W1/><G1/><T91/><D133/><U122/><E122/><V28/><F28/><W132/><G132/><T53/><D130/><U12/><E12/><V93/><F78/><W49/><G128/><T85/><D91/><U117/><E117/><V135/><F93/><W121/><G69/><T58/><D104/><U3/><E3/><V70/><F43/><W74/><G108/><T23/><D109/><U66/><REACH who="1" step="1"/><E21/><REACH who="1" ten="250,240,250,250" step="2"/><V0/><F0/><W71/><G121/><T41/><D35/><U81/><E81/><V94/><F135/><W112/><G112/><T46/><REACH who="0" step="1"/><D68/><REACH who="0" ten="240,240,250,250" step="2"/><U10/><E10/><V120/><F70/><W73/><G71/><T36/><D36/><U22/><E22/><N who="2" m="11535" /><F120/><W47/><G74/><T31/><D31/><U111/><E111/><V103/><F39/><W59/><G73/><T29/><D29/><U134/><E134/><V76/><F37/><W125/><G125/><T5/><D5/><U45/><E45/><N who="2" m="28047" /><F34/><W84/><REACH who="3" step="1"/><G47/><REACH who="3" ten="240,240,250,240" step="2"/><T20/><D20/><AGARI ba="0,3" hai="15,18,20,49,52,54,57,59,61,82,84,89,106,107" machi="20" ten="30,12000,2" yaku="1,1,2,1,7,1,52,1,54,1,53,1" doraHai="17" doraHaiUra="19" who="3" fromWho="0" sc="240,-120,240,0,250,0,240,150" /><INIT seed="1,0,0,4,5,97" ten="120,240,250,390" oya="1" hai0="52,30,79,110,64,59,19,8,28,13,77,68,124" hai1="125,41,11,91,112,122,92,42,74,10,24,39,57" hai2="128,4,58,120,113,130,44,70,61,26,109,119,36" hai3="25,56,84,81,20,111,100,135,60,5,129,22,116"/><U1/><E112/><V40/><F113/><W45/><G111/><T3/><D110/><U75/><E122/><V2/><F109/><W53/><G129/><N who="2" m="49769" /><F26/><W43/><G135/><T71/><D124/><U131/><E131/><V49/><F4/><W106/><G5/><T104/><D3/><U87/><E125/><V78/><F78/><W50/><G116/><T34/><D104/><U90/><E24/><V82/><F82/><W33/><G100/><T29/><D34/><U47/><E42/><N who="2" m="22599" /><F2/><W65/><G106/><T72/><D64/><U9/><E1/><V121/><F119/><W105/><G105/><T54/><D54/><U31/><E31/><V85/><F85/><W27/><G27/><T35/><D35/><U107/><E107/><V114/><F70/><W6/><G6/><T0/><D79/><U88/><REACH who="1" step="1"/><E57/><REACH who="1" ten="120,230,250,390" step="2"/><V37/><F114/><W95/><G25/><T16/><D0/><U99/><E99/><V69/><F69/><W48/><G33/><T89/><D71/><U102/><E102/><V94/><F120/><W17/><G43/><T67/><D68/><U115/><E115/><V23/><F121/><W127/><G127/><T51/><D30/><U117/><E117/><V66/><F40/><W96/><G56/><N who="0" m="32799" /><D29/><U101/><E101/><V38/><F58/><W86/><G96/><T73/><D28/><U93/><E93/><V133/><F94/><W62/><G95/><T103/><D103/><U118/><E118/><V32/><F32/><W63/><G81/><T80/><D59/><U21/><E21/><V123/><F123/><W46/><G22/><RYUUKYOKU ba="0,1" sc="120,-10,230,30,250,-10,390,-10" hai1="9,10,11,39,41,47,74,75,87,88,90,91,92" /><INIT seed="1,1,1,3,3,53" ten="110,260,240,380" oya="1" hai0="104,7,64,80,72,4,97,132,38,24,106,40,10" hai1="51,129,121,13,17,9,68,45,126,70,91,105,32" hai2="27,6,14,71,67,8,25,52,99,115,118,128,98" hai3="81,120,125,84,22,1,5,59,135,19,87,31,73"/><U102/><E121/><V62/><F118/><W122/><G135/><T112/><D7/><U3/><E32/><V29/><F128/><W46/><G125/><T54/><D112/><U123/><E123/><V60/><F115/><W88/><G73/><T49/><D64/><U34/><E129/><V133/><F133/><W85/><G31/><T35/><D97/><U15/><E3/><V30/><F62/><W76/><G5/><T58/><D132/><U100/><E34/><V36/><F36/><W43/><G1/><T107/><D24/><N who="2" m="9290" /><F67/><W55/><G122/><T74/><D35/><U111/><E126/><V103/><F71/><W26/><G76/><T127/><D127/><U12/><E70/><V78/><F78/><W44/><G44/><T83/><D74/><U23/><E68/><V61/><F61/><N who="3" m="36095" /><G120/><T116/><D72/><U113/><E113/><V96/><F103/><W114/><G114/><T16/><D116/><U108/><E91/><V119/><F119/><W110/><G110/><N who="1" m="42026" /><E105/><V37/><F37/><W48/><AGARI ba="1,1" hai="19,22,26,43,46,48,81,84,85,87,88" m="36095" machi="48" ten="30,4000,0" yaku="8,1,52,1,54,1" doraHai="53" who="3" fromWho="3" sc="110,-11,260,-21,240,-11,380,53" /><INIT seed="2,0,0,4,4,92" ten="99,239,229,433" oya="2" hai0="14,116,74,60,107,30,68,10,46,2,135,26,45" hai1="115,100,76,123,69,13,18,131,99,61,84,120,75" hai2="117,20,108,102,90,3,58,47,124,106,103,16,11" hai3="134,43,91,87,95,105,67,63,33,128,121,25,37"/><V32/><F117/><W54/><G121/><N who="1" m="46666" /><E75/><V77/><F32/><W35/><G105/><T83/><D135/><U22/><E115/><V96/><F77/><W48/><G134/><T49/><D2/><U4/><E131/><V114/><F114/><W109/><G109/><T28/><D107/><N who="1" m="63903" /><E4/><V72/><F72/><W44/><G128/><T111/><D111/><U129/><E129/><V23/><F124/><W41/><G25/><T51/><D116/><U59/><E69/><V81/><F106/><W113/><G113/><T118/><D68/><U6/><E6/><V71/><F71/><N who="3" m="42495" /><G43/><T86/><D74/><U53/><E84/><V65/><F47/><W42/><G42/><T104/><D104/><U85/><E85/><V122/><F3/><W97/><G87/><T89/><D118/><U125/><E76/><V34/><F34/><W73/><G73/><T17/><D60/><U52/><E125/><V133/><F81/><W8/><G8/><T94/><D26/><U70/><E70/><V66/><F133/><W5/><G5/><T130/><D130/><U55/><AGARI ba="0,0" hai="13,18,22,52,53,55,59,61" m="63903,46666" machi="55" ten="30,4000,0" yaku="13,1,52,1,54,1" doraHai="92" who="1" fromWho="1" sc="99,-10,239,40,229,-20,433,-10" /><INIT seed="3,0,0,0,4,133" ten="89,279,209,423" oya="3" hai0="98,53,116,91,81,65,13,0,56,107,94,122,112" hai1="1,15,87,25,110,47,126,123,73,134,30,16,60" hai2="46,20,84,51,19,102,108,35,67,32,24,69,45" hai3="72,5,77,21,75,99,59,82,119,115,109,18,86"/><W120/><G119/><T49/><D0/><U68/><E123/><V33/><F108/><W9/><G120/><T111/><D111/><U89/><E73/><V28/><F46/><W23/><G115/><T80/><D116/><U7/><E110/><V104/><F84/><W27/><G109/><T95/><D107/><U103/><E103/><V63/><F102/><W14/><G99/><T42/><D112/><U117/><E134/><V76/><F76/><W70/><G70/><T50/><D65/><U58/><E68/><V113/><F113/><W8/><G23/><T54/><D42/><U101/><E101/><V64/><F104/><W78/><G78/><T66/><D66/><U34/><E47/><V44/><F44/><W92/><G92/><T114/><D122/><U3/><E7/><V39/><F67/><W93/><G93/><T118/><D118/><U12/><E12/><V11/><F11/><W124/><G124/><T57/><D114/><U36/><E126/><V40/><F39/><W52/><REACH who="3" step="1"/><G9/><REACH who="3" ten="89,279,209,413" step="2"/><T100/><REACH who="0" step="1"/><D13/><AGARI ba="0,1" hai="13,19,20,24,28,32,33,35,40,45,51,63,64,69" machi="13" ten="30,1000,0" yaku="7,1" doraHai="133" who="2" fromWho="0" sc="89,-10,279,0,209,20,413,0" owari="79,-42.1,279,7.9,229,-17.1,413,51.3" /></mjloggm>