<mjloggm ver="2.3"><GO type="225" lobby="0"/><UN n0="%E3%81%82%E3%81%97%E3%82%85%E3%82%8A%E3%82%93" n1="%73%74%61%72%E6%98%9F%E8%BE%B0" n2="%E6%B8%85%E9%A2%A8%E5%8C%97" n3="%70%68%65%6E%6F%6D%65" dan="16,16,16,16" rate="2108.18,2104.42,2214.61,2192.54" sx="M,M,F,M"/><TAIKYOKU oya="0"/><INIT seed="0,0,0,4,1,83" ten="250,250,250,250" oya="0" hai0="82,52,9,78,29,75,110,8,63,34,5,125,62" hai1="20,108,95,114,80,77,32,37,0,127,41,85,74" hai2="72,87,16,101,45,64,111,40,109,59,24,107,43" hai3="106,102,7,123,69,47,17,28,105,60,46,39,76"/><T129/><D125/><U23/><E32/><V133/><F72/><W38/><G7/><T55/><D129/><U42/><E127/><V2/><F133/><W94/><G28/><T92/><D110/><N who="2" m="41994" /><F2/><W100/><G76/><T36/><D36/><U49/><E108/><V70/><F70/><W86/><G17/><T96/><D29/><U11/><E114/><V51/><F87/><W6/><G6/><T122/><D34/><U27/><E49/><V126/><F126/><W53/><G123/><T31/><D31/><U48/><E48/><V56/><F64/><W4/><G4/><T121/><D121/><U90/><E0/><V33/><F43/><W124/><G124/><T113/><D113/><U68/><E68/><V131/><F131/><W135/><G69/><T25/><D25/><U93/><E37/><V44/><F44/><W79/><G79/><T71/><D122/><U73/><E73/><V117/><F117/><W54/><G86/><N who="0" m="48471" /><D71/><U14/><E93/><V132/><F132/><W10/><G94/><T99/><D75/><U35/><E35/><V119/><F119/><W115/><G115/><T134/><D134/><U1/><E1/><V91/><F91/><W104/><G104/><T61/><D99/><N who="1" m="57847" /><E74/><V84/><F33/><W58/><G135/><T18/><D18/><N who="1" m="8543" /><E27/><V22/><F84/><W19/><G19/><T57/><D5/><U103/><E103/><V3/><F3/><W130/><G130/><T26/><D26/><U89/><E77/><V116/><F116/><W81/><G106/><T50/><D55/><U98/><E98/><AGARI ba="0,0" hai="16,22,24,40,45,51,56,59,98,101,107" m="41994" machi="98" ten="30,2000,0" yaku="14,1,54,1" doraHai="83" who="2" fromWho="1" sc="250,0,250,-20,250,20,250,0" /><INIT seed="1,0,0,0,0,133" ten="250,230,270,250" oya="1" hai0="73,26,84,123,15,46,96,51,127,12,8,71,126" hai1="36,81,63,113,40,5,129,10,121,16,128,64,28" hai2="74,52,85,29,14,102,47,117,98,75,25,125,101" hai3="11,111,122,87,86,0,41,21,120,108,95,3,115"/><U97/><E113/><V91/><F125/><N who="0" m="47626" /><D73/><U93/><E121/><V131/><F131/><N who="1" m="50249" /><E28/><V49/><F14/><W77/><G21/><T32/><D123/><U76/><E40/><V79/><F79/><W70/><BYE who="2" /><G95/><UN n2="%E6%B8%85%E9%A2%A8%E5%8C%97" /><T38/><D38/><U58/><E36/><V114/><F117/><W88/><G77/><T80/><D71/><U82/><E76/><V50/><F102/><W90/><G41/><N who="0" m="25039" /><D96/><U65/><E65/><V43/><F98/><W107/><G70/><T106/><D106/><U104/><E104/><V17/><F74/><W94/><G107/><T42/><D42/><U56/><E56/><V7/><F75/><W33/><G115/><T57/><D57/><U34/><E34/><V105/><F43/><W4/><G33/><T124/><N who="0" m="47634" /><T118/><DORA hai="103" /><D118/><U55/><E64/><V24/><F105/><W22/><G120/><T2/><D2/><N who="1" m="311" /><E16/><V35/><F17/><W116/><G116/><T31/><D8/><U67/><E67/><V53/><F114/><W59/><G122/><T110/><D110/><N who="3" m="42025" /><G59/><T19/><D19/><U132/><E132/><V134/><F134/><W37/><G37/><T44/><D44/><U6/><E6/><V18/><F7/><W119/><G119/><T9/><D9/><U1/><E1/><V61/><F18/><W100/><G3/><T92/><D80/><U78/><E78/><V54/><F47/><W66/><G66/><T60/><D60/><U30/><E30/><V68/><F61/><W13/><G0/><T23/><D32/><U99/><E99/><V72/><F35/><W20/><G4/><RYUUKYOKU ba="0,0" sc="250,15,230,15,270,-15,250,-15" hai0="12,15,23,26,31,84,92" hai1="55,58,63,81,82,93,97" /><INIT seed="1,1,0,3,5,103" ten="265,245,255,235" oya="1" hai0="32,31,90,0,7,119,102,29,9,101,86,49,60" hai1="55,133,71,18,110,117,22,64,45,54,58,6,21" hai2="19,95,15,132,52,69,122,42,108,39,2,51,44" hai3="3,75,62,78,73,61,57,124,41,106,24,121,72"/><U105/><E117/><V48/><F122/><W116/><G121/><T46/><D119/><U65/><E133/><V37/><F69/><W27/><G116/><T128/><D128/><U14/><E71/><V8/><F108/><W111/><G111/><T70/><D70/><U88/><E110/><V134/><F2/><W82/><G124/><T43/><D60/><U36/><E6/><V1/><F1/><W56/><G3/><T99/><D32/><U20/><E105/><V112/><F112/><W109/><G109/><T35/><D35/><U30/><E36/><V131/><F131/><W81/><G41/><T25/><D25/><N who="1" m="16695" /><E21/><V10/><F8/><W34/><G34/><T104/><REACH who="0" step="1"/><D102/><REACH who="0" ten="255,245,255,235" step="2"/><U80/><E45/><V11/><F134/><W63/><G27/><T59/><D59/><U92/><E80/><AGARI ba="1,1" hai="0,7,9,29,31,43,46,49,80,86,90,99,101,104" machi="80" ten="30,3900,0" yaku="1,1,7,1,52,1,53,0" doraHai="103" doraHaiUra="123" who="0" fromWho="1" sc="255,52,245,-42,255,0,235,0" /><INIT seed="2,0,0,1,3,84" ten="307,203,255,235" oya="2" hai0="7,52,97,70,0,134,66,78,101,98,79,76,99" hai1="56,21,35,124,64,45,26,22,36,74,38,14,131" hai2="8,58,116,71,48,40,30,92,125,129,75,6,80" hai3="112,53,73,86,29,33,91,5,17,87,61,90,37"/><V50/><F116/><W10/><G73/><T41/><D70/><U27/><E74/><V68/><F125/><W104/><G104/><T24/><D66/><U105/><E105/><V102/><F30/><W111/><G37/><T133/><D41/><U34/><E124/><V93/><F129/><W122/><G122/><T12/><D12/><U88/><E131/><V63/><F71/><W49/><G111/><T115/><D24/><U69/><E69/><V118/><F68/><W82/><G112/><T4/><D101/><U130/><E130/><V59/><F118/><W109/><G109/><T113/><D52/><U25/><E14/><V28/><F28/><W46/><G17/><T13/><D13/><U23/><E45/><V19/><F19/><W95/><G61/><T72/><D0/><U1/><E1/><V83/><F75/><W114/><G114/><N who="0" m="43531" /><D72/><U117/><E117/><V108/><F102/><W54/><G53/><T42/><D42/><U120/><E120/><V16/><F40/><W119/><G119/><T65/><D65/><U11/><E11/><V89/><F108/><W43/><G54/><T47/><D47/><U9/><E9/><V96/><F8/><W106/><G10/><T18/><D18/><U2/><E2/><V135/><F16/><W127/><G127/><T121/><D121/><U128/><E128/><V39/><F39/><N who="1" m="14889" /><E88/><V100/><F89/><W94/><G5/><AGARI ba="0,0" hai="4,5,7,76,78,79,97,98,99,133,134" m="43531" machi="5" ten="40,2600,0" yaku="28,2" doraHai="84" who="0" fromWho="3" sc="307,26,203,0,255,0,235,-26" /><INIT seed="3,0,0,3,0,83" ten="333,203,255,209" oya="3" hai0="51,98,67,15,17,111,119,78,77,20,35,50,25" hai1="30,14,33,132,42,112,114,79,19,21,38,130,74" hai2="116,60,53,75,18,29,96,69,118,54,34,89,101" hai3="129,47,117,22,1,23,62,73,113,110,5,87,16"/><W82/><G117/><T13/><D111/><U81/><E132/><V55/><F18/><W80/><G113/><T123/><D119/><U11/><E130/><V37/><F89/><W121/><G121/><T108/><D108/><U127/><E127/><V59/><F75/><W8/><G110/><T124/><D123/><U63/><E63/><V134/><F37/><W49/><G129/><T57/><D98/><U56/><E56/><V102/><F102/><W64/><G73/><T45/><D35/><U76/><E76/><N who="0" m="29289" /><D124/><U32/><E32/><V27/><F134/><W115/><G115/><T52/><D67/><U65/><E65/><N who="2" m="41127" /><F59/><W7/><G7/><T41/><AGARI ba="0,0" hai="13,15,17,20,25,41,45,50,51,52,57" m="29289" machi="41" ten="30,2000,0" yaku="8,1,54,1" doraHai="83" who="0" fromWho="0" sc="333,20,203,-5,255,-5,209,-10" owari="353,45.3,198,-30.2,250,5.0,199,-20.1" /></mjloggm>