<mjloggm ver="2.3"><GO type="225" lobby="0"/><UN n0="%72%69%6F%75%63%68%61%6E" n1="%E3%81%82%E3%81%84%E3%81%82%E3%81%8A%E3%81%84" n2="%E6%97%A5%E6%9B%9C%E6%97%A5%E3%82%88%E3%82%8A%E3%81%AE%E4%BD%BF%E8%80%85" n3="%E7%B4%94%E6%BD%94%E3%83%94%E3%83%A9%E3%83%8B%E3%82%A2" dan="16,18,17,17" rate="2089.20,2198.01,2201.05,2232.89" sx="M,M,M,M"/><TAIKYOKU oya="0"/><INIT seed="0,0,0,0,3,13" ten="250,250,250,250" oya="0" hai0="53,30,119,74,122,25,10,104,108,110,132,115,3" hai1="134,57,41,33,75,45,86,89,109,23,96,15,16" hai2="76,19,65,97,82,130,88,71,111,135,78,17,14" hai3="0,50,128,93,102,131,6,72,67,91,121,95,83"/><T94/><D115/><U68/><E68/><V103/><F111/><N who="0" m="42538" /><D119/><U69/><E69/><V113/><F113/><W47/><G121/><T7/><D104/><U46/><E109/><V70/><F130/><N who="3" m="49707" /><G67/><T77/><D122/><U59/><E75/><V87/><F135/><W56/><G56/><N who="1" m="21578" /><E33/><V101/><F71/><W20/><G102/><T60/><D132/><U81/><E134/><V38/><F38/><W8/><G72/><T123/><D123/><U1/><E1/><V118/><F118/><W21/><G83/><N who="0" m="45495" /><D94/><N who="3" m="35849" /><G91/><T51/><D60/><U29/><E96/><V105/><F103/><W54/><AGARI ba="0,0" hai="0,6,8,20,21,47,50,54" m="35849,49707" machi="54" ten="30,1100,0" yaku="19,1" doraHai="13" who="3" fromWho="3" sc="250,-5,250,-3,250,-3,250,11" /><INIT seed="1,0,0,5,4,4" ten="245,247,247,261" oya="1" hai0="82,81,40,32,116,102,83,65,22,23,86,12,2" hai1="49,69,115,53,120,70,76,107,98,77,109,128,78" hai2="21,0,48,122,16,1,13,95,28,125,61,30,34" hai3="18,54,39,123,62,99,126,93,75,43,129,90,103"/><U41/><E115/><V7/><F122/><W94/><G126/><T60/><D116/><U56/><E120/><V55/><F125/><W17/><G129/><T127/><D2/><U50/><E128/><V88/><F61/><W26/><G75/><T29/><D127/><U130/><E130/><V5/><F0/><W74/><G74/><T113/><D113/><U106/><E109/><V104/><F104/><W101/><G39/><T97/><D40/><U44/><REACH who="1" step="1"/><E98/><REACH who="1" ten="245,237,247,261" step="2"/><N who="2" m="57703" /><F34/><W124/><G99/><T133/><D97/><U10/><E10/><N who="2" m="6199" /><F1/><W31/><G123/><T117/><D32/><U119/><E119/><V27/><F28/><W38/><G31/><T35/><D35/><U46/><E46/><AGARI ba="0,1" hai="5,7,21,27,30,46,48,55" m="6199,57703" machi="46" ten="30,7700,0" yaku="8,1,52,1,54,2" doraHai="4" who="2" fromWho="1" sc="245,0,237,-77,247,87,261,0" /><INIT seed="2,0,0,3,5,8" ten="245,160,334,261" oya="2" hai0="120,113,103,1,69,74,117,98,57,126,122,100,127" hai1="132,93,35,15,95,62,60,130,63,40,114,12,115" hai2="129,6,102,88,124,0,28,123,42,92,133,106,79" hai3="59,84,33,71,73,19,78,75,111,91,41,16,107"/><V32/><F42/><W17/><G71/><T131/><D131/><U61/><E35/><V30/><F32/><W45/><G33/><T81/><D113/><U11/><E130/><V14/><F0/><W96/><G59/><T37/><D69/><U24/><E132/><V38/><F38/><W36/><G111/><T34/><D34/><U108/><E108/><V76/><F106/><W89/><G78/><N who="2" m="29737" /><F102/><N who="0" m="38954" /><D1/><U13/><E11/><N who="2" m="4471" /><F123/><W97/><G107/><T49/><D37/><U94/><E40/><V80/><F124/><N who="0" m="47658" /><D81/><U5/><E5/><V46/><F129/><W9/><G9/><T85/><D74/><U87/><E87/><N who="2" m="50279" /><F133/><W31/><G89/><T52/><D85/><U18/><N who="1" m="15360" /><DORA hai="116" /><U10/><REACH who="1" step="1"/><E10/><REACH who="1" ten="245,150,334,261" step="2"/><V43/><F43/><W104/><G73/><T53/><D117/><U134/><E134/><V101/><F46/><W39/><G39/><T47/><D98/><AGARI ba="0,1" hai="28,30,92,98,101" m="50279,4471,29737" machi="98" ten="30,5800,0" yaku="8,1,52,1,54,1" doraHai="8,116" who="2" fromWho="0" sc="245,-58,150,0,334,68,261,0" /><INIT seed="2,1,0,5,2,0" ten="187,150,402,261" oya="2" hai0="34,37,98,6,76,80,25,110,27,73,19,134,3" hai1="91,48,129,13,92,117,104,107,67,38,5,82,79" hai2="124,70,122,115,61,128,109,59,64,35,105,89,106" hai3="39,8,135,68,63,74,126,58,69,11,66,119,101"/><V111/><F35/><W12/><G119/><T47/><D110/><N who="2" m="41994" /><F115/><W10/><G74/><T49/><D134/><U52/><E38/><V21/><F122/><W56/><G135/><T17/><D98/><U130/><E67/><V95/><F124/><W33/><G33/><T127/><D127/><U71/><E71/><V133/><F133/><W45/><G68/><T83/><D83/><U103/><E117/><V9/><F21/><W28/><G28/><N who="0" m="19727" /><D49/><U93/><E103/><V22/><F22/><W112/><G101/><T57/><D57/><U36/><E36/><V125/><F125/><W94/><G112/><T55/><D55/><U16/><E5/><V118/><F118/><W20/><G94/><T78/><D78/><U40/><E40/><V15/><F128/><N who="1" m="49257" /><E82/><V90/><F70/><W86/><G69/><T132/><D132/><U121/><E79/><V65/><F64/><W75/><G66/><T54/><D27/><U7/><E7/><N who="2" m="3519" /><F95/><N who="1" m="36425" /><E91/><AGARI ba="1,0" hai="59,61,65,89,90,91,105,106" m="3519,41994" machi="91" ten="30,5800,0" yaku="14,1,10,1,52,1" doraHai="0" who="2" fromWho="1" sc="187,0,150,-61,402,61,261,0" /><INIT seed="2,2,0,4,5,81" ten="187,89,463,261" oya="2" hai0="4,15,112,66,101,77,126,105,103,8,68,67,108" hai1="52,64,39,11,53,25,60,54,110,129,80,117,115" hai2="44,23,88,113,76,26,134,55,49,20,86,96,111" hai3="119,3,104,50,79,34,98,45,120,38,121,124,40"/><V75/><F113/><W85/><G119/><T47/><D112/><U92/><E115/><V30/><F134/><W130/><G124/><T114/><D114/><U107/><E107/><V94/><F111/><W35/><G3/><T16/><D108/><U97/><E110/><V63/><F75/><W33/><G38/><T82/><D126/><U28/><E39/><V27/><F63/><W56/><G56/><T0/><D47/><U69/><E117/><V72/><F72/><W99/><G130/><T131/><D131/><U24/><E129/><V42/><F42/><W21/><G21/><T116/><D116/><U133/><E133/><V37/><F37/><W59/><G59/><T57/><D68/><U41/><E41/><V118/><F118/><W61/><G61/><T31/><D31/><U29/><E80/><N who="2" m="47367" /><F30/><W18/><G18/><T2/><D57/><U100/><E11/><V83/><F83/><W14/><G14/><T7/><D0/><U48/><E29/><V125/><F125/><W12/><G12/><T17/><D105/><U43/><REACH who="1" step="1"/><E28/><REACH who="1" ten="187,79,463,261" step="2"/><V62/><F20/><W91/><G104/><T70/><D8/><U36/><E36/><V65/><F23/><W10/><G10/><T71/><D82/><U89/><E89/><V87/><F96/><N who="3" m="36907" /><G79/><T74/><D77/><U73/><E73/><V123/><F123/><N who="3" m="47179" /><G34/><T90/><D74/><U51/><E51/><V6/><F6/><W128/><G128/><T132/><D132/><U9/><E9/><V58/><AGARI ba="2,1" hai="26,27,44,49,55,58,62,65,87,88,94" m="47367" machi="58" ten="30,11700,0" yaku="8,1,52,2,54,1" doraHai="81" who="2" fromWho="2" sc="187,-41,79,-41,463,133,261,-41" /><INIT seed="2,3,0,1,4,48" ten="146,38,596,220" oya="2" hai0="84,19,61,23,85,34,103,49,24,115,75,40,108" hai1="12,112,27,123,135,89,64,51,119,124,46,126,37" hai2="22,95,60,93,122,8,79,42,50,98,44,80,33" hai3="86,90,134,77,13,31,114,20,62,132,52,129,73"/><V26/><F122/><W65/><G114/><T91/><D115/><U102/><E112/><V101/><F33/><W118/><G118/><T4/><D75/><U68/><E119/><V92/><F60/><W1/><G1/><T105/><D108/><U53/><E102/><V97/><F8/><W11/><G129/><T76/><D34/><U117/><E117/><V94/><F98/><W43/><G43/><T104/><D4/><U125/><E123/><V18/><REACH who="2" step="1"/><F95/><REACH who="2" ten="146,38,586,220" step="2"/><W74/><G62/><T121/><D61/><U72/><E125/><V110/><F110/><W133/><G11/><T69/><D105/><U32/><E32/><V28/><F28/><W45/><G31/><T9/><D104/><U99/><E124/><V2/><F2/><W41/><G132/><T131/><D9/><U36/><E99/><V83/><F83/><W58/><G133/><T82/><D121/><U116/><E126/><V16/><F16/><W63/><G63/><T81/><D131/><U107/><E107/><V35/><F35/><W39/><G134/><T87/><D81/><U5/><E135/><V59/><F59/><W120/><G58/><T88/><D82/><U71/><E116/><V55/><F55/><W54/><G52/><T30/><D30/><U3/><E53/><V70/><F70/><W14/><G54/><T128/><D69/><U113/><E71/><V47/><F47/><W100/><G45/><T15/><D19/><U6/><E46/><V67/><F67/><W130/><G130/><T78/><D128/><U57/><E68/><V10/><F10/><W17/><G120/><RYUUKYOKU ba="3,1" sc="146,-10,38,-10,586,30,220,-10" hai2="18,22,26,42,44,50,79,80,92,93,94,97,101" /><INIT seed="2,4,1,4,0,3" ten="136,28,616,210" oya="2" hai0="80,30,56,38,0,117,94,65,36,9,28,62,88" hai1="41,37,18,107,81,126,135,45,129,13,73,48,118" hai2="67,77,71,7,109,14,51,19,74,68,89,10,97" hai3="34,92,120,40,113,63,4,69,114,15,132,128,116"/><V108/><F51/><W84/><G116/><T127/><D127/><U33/><E118/><V31/><F31/><W110/><G34/><T12/><D117/><U64/><E126/><V122/><F122/><W11/><G120/><T130/><D0/><U111/><E107/><V78/><F67/><W17/><G110/><N who="2" m="42601" /><F19/><W61/><G128/><T134/><D134/><U82/><E135/><V103/><F89/><N who="3" m="53287" /><G69/><N who="2" m="26697" /><F74/><W21/><G40/><T8/><D130/><U72/><E129/><V95/><AGARI ba="4,1" hai="7,10,14,77,78,95,97,103" m="26697,42601" machi="95" ten="30,6000,0" yaku="14,1,10,1,52,1" doraHai="3" who="2" fromWho="2" sc="136,-24,28,-24,616,82,210,-24" /><INIT seed="2,5,0,3,3,43" ten="112,4,698,186" oya="2" hai0="90,54,41,99,119,129,128,27,80,6,60,117,104" hai1="120,71,59,116,84,22,2,93,39,58,42,111,122" hai2="48,51,14,97,36,126,45,23,44,33,20,32,67" hai3="13,132,62,88,102,114,94,46,87,92,125,7,65"/><V85/><F36/><W68/><G132/><T89/><D6/><U124/><E116/><N who="0" m="44617" /><D41/><U66/><E2/><V25/><F126/><W53/><G125/><T34/><D60/><N who="1" m="40391" /><E124/><V29/><F67/><W15/><G114/><T106/><D54/><U134/><E22/><V49/><F97/><W98/><G7/><T103/><D34/><U77/><E93/><V70/><F70/><W130/><G130/><N who="0" m="50283" /><D27/><U82/><E134/><V4/><F85/><W9/><REACH who="3" step="1"/><G9/><REACH who="3" ten="112,4,698,176" step="2"/><T69/><D69/><U73/><E111/><V78/><F4/><W108/><G108/><T95/><D80/><U112/><E112/><V56/><F33/><W24/><G24/><T61/><D61/><U72/><E72/><V5/><F32/><W135/><G135/><T8/><D8/><U64/><E73/><V30/><F5/><W37/><G37/><T3/><D3/><U21/><E21/><V18/><F23/><W35/><G35/><T52/><D52/><U121/><E64/><V115/><F115/><W105/><G105/><AGARI ba="5,1" hai="89,90,95,99,103,104,105,106" m="50283,44617" machi="105" ten="40,8000,1" yaku="12,1,19,1,34,2" doraHai="43" who="0" fromWho="3" sc="112,105,4,0,698,0,176,-95" /><INIT seed="3,0,0,1,3,8" ten="217,4,698,81" oya="3" hai0="100,63,114,88,22,35,37,81,58,72,110,67,27" hai1="19,125,33,49,48,28,56,32,78,39,73,132,29" hai2="69,84,99,44,119,0,30,45,66,86,31,130,57" hai3="14,15,96,92,123,120,36,26,11,87,54,113,60"/><W43/><G113/><T98/><D35/><U74/><E39/><V18/><F69/><W47/><G87/><N who="0" m="50287" /><D37/><U5/><E5/><V118/><F0/><W129/><G129/><T25/><D72/><U94/><E94/><V1/><F1/><W12/><G11/><T6/><D110/><U64/><E64/><V42/><F99/><W61/><G26/><T3/><D114/><U80/><E80/><V34/><F34/><W103/><REACH who="3" step="1"/><G54/><REACH who="3" ten="217,4,698,71" step="2"/><T71/><D25/><U53/><E53/><V38/><F86/><W7/><G7/><T115/><D115/><U101/><E125/><V9/><F84/><W79/><G79/><T40/><D6/><U21/><E78/><V97/><F9/><W135/><G135/><T83/><D27/><U117/><E132/><V41/><F130/><W82/><G82/><T59/><D83/><U13/><E117/><V85/><F85/><W2/><G2/><T134/><D3/><U23/><E101/><V55/><F118/><W4/><G4/><T91/><D100/><U105/><E56/><V75/><F119/><W93/><G93/><N who="0" m="56639" /><D134/><U131/><E131/><V107/><F55/><W70/><G70/><T122/><D58/><U20/><E20/><V89/><F57/><W128/><G128/><T51/><D22/><U65/><E65/><V127/><F66/><W24/><G24/><T106/><D59/><U124/><E124/><V126/><F127/><W112/><G112/><T17/><D67/><U10/><E10/><V52/><F52/><W121/><AGARI ba="0,1" hai="12,14,15,36,43,47,60,61,92,96,103,120,121,123" machi="121" ten="40,12000,1" yaku="1,1,0,1,52,3,53,0" doraHai="8" doraHaiUra="46" who="3" fromWho="3" sc="217,-40,4,-40,698,-40,71,130" owari="177,-22.3,-36,-53.6,658,75.8,201,0.1" /></mjloggm>