<mjloggm ver="2.3"><GO type="225" lobby="0"/><UN n0="%E5%8C%97%E6%AC%A7%E3%81%AE%E3%82%82%E3%81%93%E3%81%86" n1="%E5%A4%8F%E9%88%B4%E9%88%B4%E5%A4%8F" n2="%E5%8D%A0%E3%81%84%E5%B8%AB%E8%A3%8F%E3%81%AA%E3%81%84%E3%81%97" n3="%6B%65%6E%6E%64%69" dan="17,16,17,16" rate="2127.29,2116.53,2250.32,2163.37" sx="M,F,M,M"/><TAIKYOKU oya="0"/><INIT seed="0,0,0,0,0,133" ten="250,250,250,250" oya="0" hai0="5,57,44,27,117,18,38,129,14,114,25,12,107" hai1="48,33,115,119,17,55,76,6,19,22,28,125,116" hai2="112,135,128,95,41,100,30,85,65,82,1,124,29" hai3="24,92,90,39,99,4,34,89,88,121,108,43,8"/><T103/><D114/><U26/><E115/><V50/><F112/><W58/><G108/><T73/><D73/><U54/><E6/><V75/><F1/><W104/><G121/><T118/><D107/><U126/><E76/><V83/><F128/><W36/><G104/><T122/><D103/><U134/><E134/><V60/><F75/><W31/><G58/><T105/><D105/><U7/><E7/><V23/><F135/><W63/><G63/><T84/><D122/><U71/><E71/><V130/><F130/><W86/><G43/><T0/><D129/><U69/><E69/><V45/><F124/><N who="1" m="47721" /><E17/><V132/><F132/><W78/><G78/><T74/><D74/><U52/><E48/><V64/><F29/><W131/><G131/><T96/><D0/><U35/><E35/><V10/><F30/><W9/><G9/><T49/><D5/><U80/><E80/><V111/><F10/><W67/><G67/><T98/><D18/><U81/><E81/><V101/><F64/><W42/><G86/><T13/><D49/><U56/><E56/><N who="2" m="36999" /><F111/><W66/><G66/><T120/><D120/><U110/><E110/><V102/><F23/><W47/><G36/><T40/><D57/><U32/><E32/><V21/><F21/><W106/><G106/><T16/><D16/><U3/><E3/><AGARI ba="0,0" hai="3,4,8,24,31,34,39,42,47,88,89,90,92,99" machi="3" ten="30,2000,0" yaku="7,1,54,1" doraHai="133" who="3" fromWho="1" sc="250,0,250,-20,250,0,250,20" /><INIT seed="1,0,0,0,0,87" ten="250,230,250,270" oya="1" hai0="52,86,94,131,68,50,117,119,27,5,44,89,47" hai1="114,6,135,113,15,122,74,83,17,61,48,51,108" hai2="24,80,55,132,26,41,7,1,110,92,109,11,123" hai3="33,79,88,14,99,21,60,111,16,91,102,2,36"/><U82/><E122/><V72/><F123/><W121/><G36/><T81/><D131/><U29/><E135/><V93/><F132/><W118/><G121/><T19/><D68/><U130/><E130/><V103/><F41/><W10/><G111/><N who="2" m="42505" /><F55/><W39/><G39/><T126/><D126/><U63/><E108/><V98/><F93/><N who="3" m="58735" /><G118/><T129/><D129/><U58/><E29/><V13/><F1/><W56/><G33/><T46/><D5/><U0/><E0/><V128/><F128/><W67/><G2/><T32/><D32/><U96/><E6/><V78/><AGARI ba="0,0" hai="7,11,13,24,26,72,78,80,92,98,103" m="42505" machi="78" ten="30,1100,0" yaku="14,1" doraHai="87" who="2" fromWho="2" sc="250,-3,230,-5,250,11,270,-3" /><INIT seed="2,0,0,0,5,42" ten="247,225,261,267" oya="2" hai0="116,4,87,30,23,124,112,101,12,73,123,40,110" hai1="5,103,132,13,74,59,89,34,113,98,114,38,29" hai2="111,121,63,117,120,119,104,31,51,44,41,46,88" hai3="75,85,67,26,109,79,60,76,91,16,81,48,77"/><V0/><F104/><W1/><G109/><T7/><D73/><U102/><E132/><V28/><F0/><W50/><G1/><T53/><D123/><N who="2" m="47178" /><F88/><W25/><G75/><T65/><D110/><U78/><E38/><N who="2" m="21559" /><F28/><W71/><REACH who="3" step="1"/><G26/><REACH who="3" ten="247,225,261,257" step="2"/><T35/><D116/><U80/><E113/><V15/><F111/><W107/><G107/><T32/><D112/><U95/><E114/><V14/><F14/><W90/><G90/><T70/><D12/><U86/><E29/><V45/><F15/><W133/><G133/><T47/><D30/><U92/><E34/><V100/><F31/><W17/><G17/><T126/><D32/><U82/><E13/><V122/><F122/><W6/><G6/><T135/><D35/><U68/><E5/><V69/><F100/><N who="1" m="38441" /><E68/><V128/><F128/><W97/><G97/><T118/><D135/><U115/><E115/><V64/><F45/><W131/><G131/><T55/><D118/><U52/><E59/><V99/><F99/><W10/><G10/><T36/><D4/><U61/><E61/><V27/><F27/><W18/><G18/><T24/><D7/><U134/><E134/><V105/><F105/><W3/><G3/><T2/><D2/><U19/><E19/><V72/><F72/><W66/><G66/><T22/><D24/><U57/><E98/><V11/><F11/><W94/><G94/><N who="1" m="35882" /><E57/><V20/><F20/><AGARI ba="0,1" hai="16,20,25,48,50,60,67,71,76,77,79,81,85,91" machi="20" ten="40,2600,0" yaku="1,1,54,1,53,0" doraHai="42" doraHaiUra="125" who="3" fromWho="2" sc="247,0,225,0,261,-26,257,36" /><INIT seed="3,0,0,3,5,98" ten="247,225,235,293" oya="3" hai0="40,19,68,48,132,100,6,118,59,31,67,105,94" hai1="83,64,124,119,66,112,78,16,14,133,81,34,114" hai2="43,35,26,42,85,7,8,32,110,54,56,23,87" hai3="102,18,122,106,108,130,3,95,70,41,60,69,89"/><W115/><G115/><T47/><D118/><U17/><E124/><V131/><F110/><W44/><G122/><T0/><D132/><U113/><E133/><V5/><F131/><W135/><G135/><T62/><D0/><U49/><E119/><V2/><F5/><W13/><G3/><T1/><D1/><U103/><E34/><V96/><F32/><W73/><G73/><T123/><D6/><U45/><E103/><V65/><F35/><W125/><G102/><T93/><D123/><U127/><E127/><V20/><F20/><W30/><G106/><T86/><D31/><U88/><E88/><V21/><F21/><W126/><G30/><T128/><D128/><U74/><E83/><V25/><F25/><W36/><G130/><T29/><D29/><U37/><E37/><V82/><F96/><W53/><G108/><T15/><D105/><U33/><E33/><V92/><F92/><W84/><G69/><T107/><D68/><U90/><E90/><N who="2" m="51511" /><F87/><W97/><G97/><N who="0" m="59439" /><D107/><U39/><E39/><V9/><F9/><N who="3" m="6447" /><G70/><T109/><D109/><U22/><REACH who="1" step="1"/><E17/><REACH who="1" ten="247,215,235,293" step="2"/><N who="2" m="12655" /><F65/><W58/><G126/><T27/><D19/><U28/><E28/><V99/><F99/><W129/><G125/><T80/><D80/><U55/><AGARI ba="0,1" hai="14,16,22,45,49,55,64,66,74,78,81,112,113,114" machi="55" ten="30,4000,0" yaku="1,1,0,1,54,1,53,0" doraHai="98" doraHaiUra="101" who="1" fromWho="1" sc="247,-10,215,50,235,-10,293,-20" /><INIT seed="4,0,0,5,4,59" ten="237,265,225,273" oya="0" hai0="133,90,123,132,131,67,33,130,110,44,7,74,43" hai1="102,134,101,99,9,39,111,63,135,0,113,106,64" hai2="53,86,61,2,84,60,75,96,119,89,41,93,122" hai3="38,13,34,128,66,5,82,127,56,35,104,72,15"/><T114/><D123/><U103/><E111/><V98/><F122/><W58/><G104/><T78/><D114/><U51/><E39/><V31/><F75/><W115/><G38/><N who="0" m="21623" /><D110/><U125/><E125/><V6/><F119/><W40/><G128/><N who="0" m="49195" /><D33/><U36/><E36/><V57/><F31/><W30/><G40/><T70/><D90/><U52/><E9/><V3/><F41/><W1/><G127/><T71/><D7/><U118/><E0/><V105/><F2/><W17/><G35/><T85/><D85/><N who="2" m="32874" /><F3/><W22/><G115/><T95/><D95/><U108/><E108/><V18/><F105/><W10/><G34/><T121/><D121/><U45/><E113/><V77/><F6/><W73/><G72/><T65/><D65/><U76/><E76/><V112/><F112/><W107/><G66/><T92/><D92/><U14/><E118/><V48/><F77/><N who="3" m="44335" /><G107/><T120/><D120/><U25/><E14/><V42/><F42/><W126/><G15/><T11/><D11/><U87/><E25/><V32/><F32/><W116/><G116/><T69/><D67/><U94/><E87/><N who="2" m="52415" /><F18/><W88/><G30/><T47/><D47/><U62/><E64/><V100/><F100/><N who="1" m="38505" /><E106/><V91/><F91/><W20/><G126/><T8/><D8/><U109/><E109/><V55/><F55/><W28/><G88/><T49/><D49/><U16/><E16/><V23/><F23/><W81/><G81/><AGARI ba="0,0" hai="69,70,71,74,78,81,132,133" m="49195,21623" machi="81" ten="40,3900,0" yaku="19,1,23,1" doraHai="59" who="0" fromWho="3" sc="237,39,265,0,225,0,273,-39" /><INIT seed="4,1,0,2,5,98" ten="276,265,225,234" oya="0" hai0="84,93,116,100,102,40,38,120,15,1,86,47,30" hai1="127,73,31,8,96,14,57,125,2,37,21,118,135" hai2="105,10,28,85,132,121,6,36,79,41,20,11,80" hai3="53,123,26,50,70,134,49,66,75,60,42,3,45"/><T63/><D116/><U34/><E118/><V55/><F121/><W43/><G75/><T24/><D1/><U17/><E73/><V109/><F109/><W23/><G3/><T77/><D120/><U48/><E37/><V115/><F115/><W25/><G123/><T33/><D77/><U13/><E135/><V106/><F132/><W51/><G134/><T59/><D15/><U99/><E2/><V111/><F111/><W117/><G117/><T108/><D108/><U56/><E31/><V126/><F126/><N who="1" m="48137" /><E57/><V107/><F6/><W46/><REACH who="3" step="1"/><G23/><REACH who="3" ten="276,265,225,224" step="2"/><T114/><D114/><U62/><E34/><V81/><F55/><W87/><G87/><T133/><D86/><U16/><E48/><V54/><F54/><AGARI ba="1,1" hai="8,13,14,16,17,21,54,56,62,96,99" m="48137" machi="54" ten="30,2000,0" yaku="18,1,54,1" doraHai="98" who="1" fromWho="2" sc="276,0,265,33,225,-23,224,0" /><INIT seed="5,0,0,5,2,70" ten="276,298,202,224" oya="1" hai0="21,29,53,87,34,131,15,52,46,19,96,100,58" hai1="20,118,77,129,65,13,109,9,116,3,72,11,132" hai2="80,69,68,42,35,22,4,89,33,127,111,93,67" hai3="50,28,123,90,113,41,133,81,51,86,66,2,30"/><U105/><E105/><V114/><F111/><W60/><G123/><T91/><D131/><U119/><E129/><V104/><F104/><W134/><G2/><T16/><D34/><U14/><E109/><V37/><F4/><W7/><G7/><T120/><D120/><U24/><E132/><N who="3" m="50794" /><G113/><T27/><D46/><U85/><E72/><V5/><F114/><W62/><G62/><T103/><D96/><U44/><E65/><V79/><F127/><W97/><G97/><T76/><D76/><U92/><E44/><V17/><F5/><W74/><G74/><T6/><D6/><N who="1" m="1247" /><E92/><V130/><F130/><W54/><G41/><T64/><D64/><U135/><E77/><V43/><F33/><W98/><G98/><T63/><D53/><U26/><E85/><V124/><F35/><W56/><G51/><T95/><D29/><N who="1" m="17543" /><E135/><V125/><F42/><W88/><G90/><T99/><D87/><U57/><E57/><AGARI ba="0,0" hai="28,30,50,54,56,57,60,66,81,86,88" m="50794" machi="57" ten="30,2000,0" yaku="20,1,54,1" doraHai="70" who="3" fromWho="1" sc="276,0,298,-20,202,0,224,20" /><INIT seed="6,0,0,3,3,55" ten="276,278,202,244" oya="2" hai0="20,87,91,94,41,25,92,90,58,133,105,109,123" hai1="11,3,82,4,23,120,29,129,107,130,68,38,62" hai2="13,89,28,42,77,115,40,128,50,16,0,15,103" hai3="53,35,86,76,61,46,78,125,43,104,74,96,102"/><V5/><F115/><W112/><G35/><T119/><D109/><U101/><E38/><V36/><F0/><W57/><G112/><T44/><D133/><U110/><E110/><V88/><F128/><W14/><G125/><T93/><D105/><U80/><E23/><N who="2" m="11663" /><F36/><W54/><G74/><T59/><D123/><U31/><E80/><V9/><F77/><W84/><G54/><T131/><D131/><N who="1" m="50187" /><E82/><V117/><F117/><W100/><G100/><T81/><D91/><N who="2" m="34890" /><F28/><W126/><G126/><T97/><D97/><N who="1" m="61871" /><E120/><V8/><F103/><W49/><REACH who="3" step="1"/><G14/><REACH who="3" ten="276,278,202,234" step="2"/><T113/><D113/><U72/><E72/><V19/><F8/><W132/><G132/><T63/><D119/><U118/><E118/><V21/><F50/><W10/><G10/><T69/><D87/><AGARI ba="0,1" hai="43,46,49,53,57,61,76,78,84,86,87,96,102,104" machi="87" ten="40,2600,0" yaku="1,1,52,1,53,0" doraHai="55" doraHaiUra="30" who="3" fromWho="0" sc="276,-26,278,0,202,0,234,36" /><INIT seed="7,0,0,1,5,103" ten="250,278,202,270" oya="3" hai0="57,61,135,65,115,94,74,56,49,87,129,91,58" hai1="101,22,78,41,46,133,107,76,117,118,130,69,98" hai2="42,44,128,97,43,64,123,62,70,85,111,66,9" hai3="39,35,119,108,51,112,8,59,29,52,60,33,131"/><W7/><G119/><N who="1" m="45578" /><E133/><V36/><F111/><W31/><G39/><T55/><D129/><U23/><E69/><V24/><F128/><W28/><G131/><T93/><D135/><U95/><E95/><V17/><F123/><W89/><G112/><T102/><D74/><U88/><E88/><V109/><F109/><W84/><G108/><T37/><D37/><N who="1" m="21807" /><E130/><V32/><F42/><W5/><G60/><T72/><D72/><U80/><E76/><V13/><F66/><W121/><G121/><T34/><D34/><U19/><E19/><V53/><F85/><AGARI ba="0,0" hai="22,23,78,80,85,98,101,107" m="21807,45578" machi="85" ten="30,2000,0" yaku="12,1,52,1" doraHai="103" who="1" fromWho="2" sc="250,0,278,20,202,-20,270,0" owari="250,-15.0,298,39.8,182,-31.8,270,7.0" /></mjloggm>