<mjloggm ver="2.3"><GO type="225" lobby="0"/><UN n0="%E3%81%82%E3%81%84%E3%81%82%E3%81%8A%E3%81%84" n1="%72%61%6B%33" n2="%70%6E%64%73%6E%67" n3="%E9%A6%AC%E5%BC%95%E7%81%AB%33" dan="18,16,16,17" rate="2224.22,2089.30,2111.13,2119.42" sx="M,M,M,M"/><TAIKYOKU oya="0"/><INIT seed="0,0,0,0,5,52" ten="250,250,250,250" oya="0" hai0="101,74,28,31,109,47,121,88,5,53,92,0,134" hai1="41,62,96,40,60,130,113,116,120,59,49,75,68" hai2="135,79,91,83,9,77,8,55,87,10,94,42,111" hai3="100,70,6,133,86,93,61,48,22,131,18,35,38"/><T76/><D121/><U56/><E75/><V78/><F111/><W21/><G38/><T33/><D101/><U2/><E2/><V30/><F135/><W20/><G35/><T36/><D134/><U19/><E120/><V132/><F132/><W65/><G133/><T81/><D109/><U118/><E96/><V106/><F106/><W67/><G131/><T34/><D34/><U127/><E19/><V115/><F115/><W110/><G110/><T95/><D95/><U3/><E3/><V4/><F4/><W89/><G67/><T54/><D33/><U37/><E49/><V71/><F71/><W14/><G6/><T124/><D124/><U90/><E90/><V122/><F42/><N who="1" m="16489" /><E68/><V108/><F108/><W117/><G117/><N who="1" m="45162" /><E37/><V128/><F122/><W105/><REACH who="3" step="1"/><G48/><REACH who="3" ten="250,250,250,240" step="2"/><T16/><D36/><U80/><E130/><V57/><F128/><W104/><G104/><T69/><D5/><U125/><E113/><V51/><REACH who="2" step="1"/><F30/><REACH who="2" ten="250,250,240,240" step="2"/><W66/><G66/><T119/><D31/><U12/><E127/><V82/><AGARI ba="0,2" hai="8,9,10,51,55,57,77,78,79,82,83,87,91,94" machi="82" ten="40,8000,1" yaku="1,1,2,1,0,1,8,1,52,1,53,0" doraHai="52" doraHaiUra="29" who="2" fromWho="2" sc="250,-40,250,-20,240,100,240,-20" /><INIT seed="1,0,0,0,5,21" ten="210,230,340,220" oya="1" hai0="40,95,57,106,0,9,26,108,97,38,112,35,77" hai1="123,17,44,72,41,125,99,64,14,18,5,98,92" hai2="42,102,50,86,130,49,34,131,88,65,37,59,115" hai3="76,135,52,132,60,109,7,120,54,62,6,22,11"/><U124/><E123/><V61/><F115/><W55/><G120/><T73/><D112/><U25/><E72/><V24/><F102/><W29/><G109/><T23/><D108/><U119/><E119/><V70/><F37/><W128/><G128/><N who="2" m="49193" /><F42/><W133/><G76/><T78/><D35/><U126/><E64/><V45/><F45/><W100/><G100/><T79/><D106/><U75/><E75/><V36/><F36/><W90/><G90/><T80/><D57/><U10/><E99/><V31/><F70/><W82/><G82/><AGARI ba="0,0" hai="24,31,34,49,50,59,61,65,82,86,88" m="49193" machi="82" ten="30,3900,0" yaku="19,1,52,1,54,1" doraHai="21" who="2" fromWho="3" sc="210,0,230,0,340,39,220,-39" /><INIT seed="2,0,0,1,1,114" ten="210,230,379,181" oya="2" hai0="9,88,50,135,103,24,60,55,46,76,25,47,7" hai1="101,3,128,22,127,63,87,104,66,36,31,45,35" hai2="62,132,71,26,110,2,100,97,80,85,65,126,90" hai3="37,52,121,102,15,96,116,44,94,27,124,28,17"/><V70/><F132/><W33/><G121/><T108/><D108/><U38/><E87/><V111/><F2/><W5/><G124/><T115/><D115/><U39/><E22/><V113/><F113/><W84/><G84/><T130/><D135/><U93/><E93/><V0/><F0/><W11/><G37/><T30/><D130/><U18/><E18/><V74/><F126/><W42/><G42/><T59/><D103/><U54/><E54/><V92/><F71/><W8/><G116/><T43/><D76/><U6/><E127/><V77/><REACH who="2" step="1"/><F26/><REACH who="2" ten="210,230,369,181" step="2"/><W125/><G125/><T51/><D30/><U107/><E3/><V16/><F16/><W41/><G5/><T19/><D19/><U81/><E6/><V48/><F48/><W106/><G17/><T122/><D122/><U79/><E36/><V61/><F61/><W105/><G27/><T20/><D25/><U109/><E38/><V49/><F49/><W73/><G28/><T4/><D24/><U134/><E63/><V10/><F10/><W112/><G15/><T64/><D20/><U118/><E39/><V53/><F53/><W69/><G52/><T119/><D9/><U131/><E134/><V98/><F98/><W57/><G112/><T82/><D119/><U72/><E118/><V40/><F40/><W34/><G41/><T89/><D4/><U91/><E31/><V29/><F29/><W83/><G8/><T14/><D7/><U13/><E13/><V75/><F75/><W123/><G73/><T86/><D14/><U23/><E72/><V78/><F78/><W58/><G11/><RYUUKYOKU ba="0,1" sc="210,15,230,-15,369,15,181,-15" hai0="43,46,47,50,51,55,59,60,64,82,86,88,89" hai2="62,65,70,74,77,80,85,90,92,97,100,110,111" /><INIT seed="2,1,1,0,4,87" ten="225,215,384,166" oya="2" hai0="67,105,62,113,108,40,70,48,4,51,26,82,118" hai1="103,12,49,75,44,69,29,101,74,58,21,72,99" hai2="20,46,45,22,68,112,126,6,28,64,88,52,37" hai3="31,90,66,129,41,39,94,135,55,9,102,119,17"/><V0/><F112/><W111/><G119/><T96/><D113/><U116/><E116/><V92/><F126/><W77/><G111/><T24/><D108/><U57/><E69/><V54/><F37/><W8/><G129/><T78/><D118/><U19/><E29/><V109/><F109/><W86/><G135/><T123/><D123/><U30/><E30/><V91/><F64/><W47/><G31/><T73/><D4/><U35/><E35/><V85/><F68/><W2/><G2/><T36/><D36/><U27/><E27/><N who="2" m="16503" /><F6/><W56/><G66/><T71/><D70/><U134/><E134/><V63/><F0/><W33/><G33/><T133/><D133/><U16/><E19/><V79/><F79/><W100/><G77/><T132/><D132/><U38/><E38/><V128/><F128/><W115/><G115/><T93/><D105/><U15/><E15/><V42/><F42/><W114/><G114/><T107/><D107/><U11/><E11/><V97/><F20/><W125/><G125/><T120/><D120/><U32/><E32/><V89/><F63/><W59/><G59/><T3/><D3/><U80/><E57/><V43/><F43/><W10/><REACH who="3" step="1"/><G17/><REACH who="3" ten="225,215,384,156" step="2"/><T18/><D18/><U104/><E58/><V34/><F34/><W76/><G76/><T98/><D67/><U110/><E110/><V106/><F46/><W81/><G81/><T121/><D82/><U23/><E80/><V83/><F45/><W127/><G127/><T122/><D78/><U131/><E131/><V7/><F7/><W53/><G53/><T13/><D121/><RYUUKYOKU ba="1,2" sc="225,-10,215,-10,384,-10,156,30" hai3="8,9,10,39,41,47,55,56,86,90,94,100,102" /><INIT seed="3,2,2,1,4,19" ten="215,205,374,186" oya="3" hai0="83,34,134,74,122,4,79,50,73,99,18,12,9" hai1="24,71,38,115,1,70,132,110,135,78,53,29,57" hai2="59,22,52,37,114,42,33,55,31,80,30,26,131" hai3="117,77,14,35,48,41,20,63,13,60,0,44,97"/><W129/><G117/><T104/><D122/><U91/><E115/><V43/><F114/><W67/><G0/><T120/><D120/><U112/><E112/><V56/><F131/><W103/><G129/><T11/><D34/><U51/><E110/><V89/><F33/><W68/><G35/><T25/><D134/><N who="1" m="51243" /><E38/><V126/><F37/><W93/><G77/><T86/><D25/><U94/><E78/><V96/><F31/><W82/><G82/><T125/><D125/><U84/><E1/><V128/><F126/><W40/><G40/><N who="2" m="15401" /><F128/><W8/><G8/><T21/><D11/><U39/><E39/><V133/><F133/><W118/><G118/><T81/><D83/><U130/><E130/><V92/><F80/><W3/><G3/><T116/><D116/><U64/><E64/><V15/><F15/><W16/><REACH who="3" step="1"/><G63/><REACH who="3" ten="215,205,374,176" step="2"/><T47/><D9/><U121/><E121/><V76/><F76/><W106/><G106/><T6/><D74/><U105/><E105/><V90/><F90/><W69/><G69/><T95/><D104/><U98/><E71/><V62/><F62/><W124/><G124/><T28/><D73/><U10/><E70/><V88/><F89/><W100/><G100/><T45/><D79/><U61/><E61/><V111/><F111/><W23/><G23/><T102/><D102/><U17/><E10/><V123/><F123/><W66/><G66/><T36/><D21/><U7/><E91/><V107/><F107/><W87/><G87/><T72/><D86/><U46/><E84/><V101/><F101/><W113/><G113/><T65/><D72/><RYUUKYOKU ba="2,3" sc="215,-15,205,-15,374,15,176,15" hai2="22,26,30,52,55,56,59,88,92,96" hai3="13,14,16,20,41,44,48,60,67,68,93,97,103" /><INIT seed="3,3,3,1,1,36" ten="200,190,389,191" oya="3" hai0="35,128,4,20,23,55,123,0,62,129,43,108,7" hai1="67,34,28,11,85,88,82,127,26,2,47,10,96" hai2="19,111,101,68,125,130,18,42,74,40,80,3,61" hai3="93,99,105,54,102,38,33,44,71,12,25,72,95"/><W106/><G72/><T37/><D35/><U69/><E127/><V94/><F3/><W118/><G118/><T60/><D123/><U133/><E133/><V76/><F68/><W109/><G71/><T77/><D108/><U41/><E2/><V120/><F61/><N who="0" m="23658" /><D55/><U14/><E69/><V122/><F130/><N who="0" m="50282" /><D77/><U83/><E67/><V27/><F125/><W75/><G109/><T79/><D79/><U119/><E119/><V21/><F19/><W124/><G54/><T39/><D39/><U45/><E45/><V32/><F32/><W5/><G124/><T29/><D29/><U134/><E134/><V86/><F111/><W100/><G33/><T117/><D117/><U135/><E135/><V63/><F63/><W70/><G70/><T6/><D0/><U87/><E96/><N who="2" m="59543" /><F74/><W89/><G38/><T78/><D78/><U115/><E115/><V73/><F73/><W126/><G126/><T116/><D116/><U59/><E59/><V121/><AGARI ba="3,3" hai="18,21,27,40,42,76,80,86,120,121,122" m="59543" machi="121" ten="30,4000,0" yaku="13,1,52,2" doraHai="36" who="2" fromWho="2" sc="200,-13,190,-13,389,79,191,-23" owari="187,-1.3,177,-22.3,468,56.8,168,-33.2" /></mjloggm>