<mjloggm ver="2.3"><GO type="225" lobby="0"/><UN n0="%6D%61%74%69%67%75%73%61" n1="%E3%81%86%E3%82%8D%E3%81%9F%E3%82%93%E3%81%91%E3%81%8A%E3%82%89%E3%81%B2" n2="%E3%81%AF%E3%82%88%E3%81%8A%E3%81%98%E3%81%95%E3%82%93" n3="%E3%83%81%E3%83%A7%E3%83%99%E3%83%83%E3%82%AF" dan="17,16,17,16" rate="2133.78,2084.94,2174.55,2146.60" sx="M,M,M,M"/><TAIKYOKU oya="0"/><INIT seed="0,0,0,1,1,90" ten="250,250,250,250" oya="0" hai0="71,46,57,73,13,31,21,108,25,43,8,118,92" hai1="66,94,127,33,65,72,109,102,34,51,93,99,134" hai2="24,44,58,125,49,119,20,45,59,10,85,5,111" hai3="16,106,101,39,9,104,124,56,62,60,3,97,76"/><T115/><D71/><U17/><E109/><V122/><F111/><W83/><G39/><T52/><D108/><U38/><E38/><V112/><F122/><W23/><G124/><T98/><D73/><U130/><E127/><V88/><F112/><W117/><G117/><T2/><D2/><U114/><E72/><V42/><F45/><W110/><G110/><T77/><D77/><U28/><E130/><V0/><F119/><W54/><G9/><T11/><D115/><U19/><E134/><V95/><REACH who="2" step="1"/><F125/><REACH who="2" ten="250,250,240,250" step="2"/><W89/><G3/><T7/><D118/><U48/><E114/><V68/><F68/><W63/><G106/><T41/><D46/><U100/><E28/><AGARI ba="0,1" hai="0,5,10,20,24,28,42,44,49,58,59,85,88,95" machi="28" ten="30,7700,0" yaku="1,1,7,1,52,1,54,1,53,0" doraHai="90" doraHaiUra="74" who="2" fromWho="1" sc="250,0,250,-77,240,87,250,0" /><INIT seed="1,0,0,5,4,80" ten="250,173,327,250" oya="1" hai0="111,86,33,7,119,127,18,23,126,75,44,24,48" hai1="17,131,87,74,52,101,64,125,130,29,96,110,28" hai2="92,93,108,113,76,82,88,20,67,133,107,103,132" hai3="63,26,134,37,25,3,47,21,39,12,122,97,112"/><U68/><E74/><V102/><F67/><W129/><G122/><T100/><D75/><U19/><E125/><N who="0" m="47625" /><D119/><U13/><E110/><V38/><F38/><W78/><G3/><T30/><D7/><U32/><E64/><V84/><F108/><W65/><G129/><N who="1" m="49162" /><E68/><V128/><F128/><W40/><G134/><N who="2" m="51817" /><F113/><W66/><G112/><T11/><D11/><N who="1" m="6335" /><E32/><V27/><F107/><W15/><G66/><T16/><D100/><N who="2" m="38442" /><F76/><W106/><G106/><T116/><D116/><U109/><E109/><V58/><F58/><W89/><G78/><T71/><D71/><U54/><E19/><AGARI ba="0,0" hai="19,20,27,82,84,88,92,93" m="38442,51817" machi="19" ten="30,3900,0" yaku="20,1,52,1,54,1" doraHai="80" who="2" fromWho="1" sc="250,0,173,-39,327,39,250,0" /><INIT seed="2,0,0,2,3,83" ten="250,134,366,250" oya="2" hai0="124,52,57,103,31,102,78,74,63,135,37,80,79" hai1="13,88,93,44,95,118,43,109,41,2,104,76,97" hai2="69,92,58,22,24,81,3,125,127,132,105,8,67" hai3="29,89,129,72,106,120,82,68,23,108,15,99,46"/><V75/><F105/><W21/><G120/><T50/><D37/><U111/><E2/><V60/><F132/><W11/><G68/><T61/><D135/><U86/><E118/><V19/><F69/><W56/><G108/><T35/><D124/><U14/><E104/><V30/><F92/><W40/><G29/><T34/><D78/><U62/><E62/><V70/><F70/><W1/><G1/><T10/><D10/><U134/><E134/><V123/><F123/><W84/><G72/><T55/><D61/><U128/><E128/><V53/><F53/><W85/><G129/><T66/><D55/><U113/><E113/><V25/><F75/><W121/><G121/><T47/><REACH who="0" step="1"/><D31/><REACH who="0" ten="240,134,366,250" step="2"/><U96/><E76/><V33/><F8/><W130/><G130/><T116/><D116/><U131/><E131/><V42/><F42/><W73/><G73/><T91/><D91/><U100/><E43/><V122/><F122/><W133/><G133/><T36/><D36/><U98/><E109/><V90/><F3/><W54/><G89/><T32/><AGARI ba="0,1" hai="32,34,35,47,50,52,57,63,66,74,79,80,102,103" machi="32" ten="30,4000,0" yaku="1,1,0,1,54,1,53,0" doraHai="83" doraHaiUra="119" who="0" fromWho="0" sc="240,50,134,-10,366,-20,250,-10" /><INIT seed="3,0,0,1,5,66" ten="290,124,346,240" oya="3" hai0="65,80,23,17,45,25,100,74,60,88,11,64,44" hai1="87,95,47,128,124,16,3,39,110,63,46,52,34" hai2="75,42,57,50,70,55,5,49,130,48,123,129,96" hai3="29,127,115,119,122,126,53,40,90,91,4,120,58"/><W2/><G2/><T82/><D100/><U116/><E34/><V98/><F70/><W59/><G4/><T62/><D74/><U109/><E3/><V92/><F75/><W118/><G29/><T20/><D11/><U36/><E124/><N who="3" m="47658" /><G90/><T24/><REACH who="0" step="1"/><D88/><REACH who="0" ten="280,124,346,240" step="2"/><U117/><E128/><N who="2" m="49259" /><F5/><W8/><G91/><T85/><D85/><U73/><E73/><V104/><F123/><N who="3" m="47147" /><G8/><T135/><D135/><U1/><E1/><V69/><F104/><W99/><G99/><T107/><D107/><U108/><E95/><V51/><F96/><W93/><G93/><T67/><D67/><U19/><E87/><V131/><F131/><W38/><G115/><T121/><D121/><U84/><E84/><V105/><F105/><W134/><G134/><T89/><D89/><U13/><E39/><V12/><F92/><W81/><G81/><T132/><D132/><U22/><E19/><AGARI ba="0,1" hai="17,19,20,23,24,25,44,45,60,62,64,65,80,82" machi="19" ten="25,6400,0" yaku="1,1,22,2,8,1,53,0" doraHai="66" doraHaiUra="31" who="0" fromWho="1" sc="280,74,124,-64,346,0,240,0" owari="354,45.4,60,-44.0,346,14.6,240,-16.0" /></mjloggm>