<mjloggm ver="2.3"><GO type="225" lobby="0"/><UN n0="%E6%81%A5%E6%99%92%E3%81%97" n1="%E3%82%8A%E3%81%93%E3%82%8A%E3%82%93%E3%81%94" n2="%E6%B4%BE%E9%81%A3%E3%81%AE%E3%82%B8%E3%83%A3%E3%83%83%E3%82%AF" n3="%E9%B3%B3%E6%9D%B1%E3%81%AE%E3%81%BF%E3%81%91%E3%81%AB%E3%82%83%E3%82%93" dan="16,17,17,17" rate="2164.72,2192.83,2194.33,2154.39" sx="M,M,M,F"/><TAIKYOKU oya="0"/><INIT seed="0,0,0,2,2,119" ten="250,250,250,250" oya="0" hai0="93,130,31,80,23,15,75,8,83,90,133,74,2" hai1="126,65,44,63,13,48,85,97,34,47,79,11,66" hai2="37,92,36,14,98,110,16,101,81,77,3,43,18" hai3="1,113,28,78,56,73,134,121,109,114,95,24,96"/><T122/><D130/><U103/><E34/><V99/><F3/><W76/><G1/><T132/><D2/><U61/><E126/><V32/><F32/><W87/><G73/><T0/><D0/><U9/><E79/><V118/><F110/><W29/><G109/><T127/><D127/><U6/><E85/><V115/><F115/><W21/><G134/><N who="0" m="51819" /><D23/><U19/><E6/><V49/><F118/><W105/><G105/><T72/><D31/><U58/><E48/><V117/><F117/><W10/><G10/><T82/><D15/><U94/><REACH who="1" step="1"/><E11/><REACH who="1" ten="250,240,250,250" step="2"/><V60/><F49/><W107/><G87/><N who="0" m="52447" /><D8/><U5/><E5/><V7/><F7/><W64/><G78/><T67/><D67/><U89/><E89/><V35/><F35/><W45/><G76/><T100/><D100/><U26/><E26/><V88/><F77/><W52/><G64/><T128/><D128/><U54/><E54/><V30/><F101/><W59/><G24/><T125/><D125/><U55/><E55/><V20/><F20/><W111/><G21/><T106/><D106/><U33/><E33/><V124/><F124/><W25/><G107/><T57/><D57/><AGARI ba="0,1" hai="9,13,19,44,47,57,58,61,63,65,66,94,97,103" machi="57" ten="30,7700,0" yaku="1,1,7,1,9,1,8,1,53,0" doraHai="119" doraHaiUra="69" who="1" fromWho="0" sc="250,-77,240,87,250,0,250,0" /><INIT seed="1,0,0,2,4,26" ten="173,327,250,250" oya="1" hai0="132,22,10,72,95,44,53,93,14,87,16,67,96" hai1="112,125,35,71,122,43,81,50,105,36,3,83,21" hai2="48,18,85,19,90,80,107,130,129,33,69,56,103" hai3="98,116,42,100,2,34,118,37,15,4,8,20,59"/><U40/><E112/><V126/><F69/><W54/><G34/><T117/><D132/><U91/><E122/><V65/><F126/><W29/><G42/><T11/><D117/><U24/><E35/><V110/><F110/><W57/><G37/><T60/><D72/><U75/><E71/><V62/><F33/><W76/><G76/><T55/><D87/><U124/><E3/><V61/><F61/><W108/><G108/><T123/><D123/><U9/><E105/><V128/><REACH who="2" step="1"/><F48/><REACH who="2" ten="173,327,240,250" step="2"/><W127/><G127/><T17/><D44/><U131/><E50/><V114/><F114/><W68/><G68/><T115/><D115/><U120/><E125/><V99/><AGARI ba="0,1" hai="18,19,56,62,65,80,85,90,99,103,107,128,129,130" machi="99" ten="40,5200,0" yaku="1,1,0,1,19,1,53,0" doraHai="26" doraHaiUra="28" who="2" fromWho="2" sc="173,-13,327,-26,240,62,250,-13" /><INIT seed="2,0,0,0,3,52" ten="160,301,302,237" oya="2" hai0="116,114,111,126,85,9,82,37,88,110,21,93,122" hai1="0,51,73,94,58,25,60,20,7,55,6,42,2" hai2="130,26,48,77,13,67,91,46,103,18,66,121,40" hai3="102,44,129,98,119,118,113,100,71,19,86,1,79"/><V90/><F121/><W80/><G71/><T131/><D37/><U117/><E73/><V64/><F130/><W133/><G1/><T3/><D122/><U78/><E117/><V36/><F103/><W115/><G44/><T72/><D21/><U63/><E78/><V70/><F70/><W5/><G5/><T23/><D23/><U105/><E105/><V99/><F77/><W81/><G19/><T132/><D9/><U22/><E22/><N who="2" m="13655" /><F36/><W17/><G17/><T39/><D3/><U56/><E42/><V41/><F13/><W31/><G31/><T125/><D39/><U62/><E94/><N who="2" m="56791" /><F91/><N who="3" m="51655" /><G129/><T83/><D131/><U30/><REACH who="1" step="1"/><E58/><REACH who="1" ten="160,291,302,237" step="2"/><V68/><F68/><W65/><G119/><T15/><D116/><U76/><E76/><V59/><F41/><W87/><G118/><T57/><D114/><U128/><E128/><V124/><F124/><N who="0" m="47722" /><D72/><U33/><E33/><V38/><F38/><W123/><G115/><T134/><D57/><AGARI ba="0,1" hai="40,46,48,57,59,64,66,67" m="56791,13655" machi="57" ten="30,5800,0" yaku="8,1,52,2" doraHai="52" who="2" fromWho="0" sc="160,-58,291,0,302,68,237,0" /><INIT seed="2,1,0,0,2,115" ten="102,291,370,237" oya="2" hai0="87,12,27,130,133,81,47,37,117,4,107,121,66" hai1="92,63,123,88,52,13,5,70,90,102,57,21,94" hai2="6,62,95,116,33,134,28,64,85,42,74,25,8" hai3="103,129,84,73,54,29,36,86,50,26,2,113,128"/><V19/><F74/><W131/><G113/><T93/><D121/><U9/><E123/><V108/><F116/><W20/><G36/><T118/><D107/><U78/><E70/><V135/><F42/><W99/><G2/><T31/><D130/><U44/><E102/><V53/><F53/><W106/><REACH who="3" step="1"/><G73/><REACH who="3" ten="102,291,370,227" step="2"/><T100/><D133/><U32/><E32/><V18/><F134/><W114/><G114/><T126/><D126/><U23/><E78/><V67/><F135/><W15/><G15/><T48/><D37/><U91/><REACH who="1" step="1"/><E44/><AGARI ba="1,1" hai="20,26,29,44,50,54,84,86,99,103,106,128,129,131" machi="44" ten="40,2600,0" yaku="1,1,19,1,53,0" doraHai="115" doraHaiUra="39" who="3" fromWho="1" sc="102,0,291,-29,370,0,227,39" /><INIT seed="3,0,0,1,4,112" ten="102,262,370,266" oya="3" hai0="83,132,117,20,88,55,60,41,0,21,94,107,62" hai1="90,34,44,37,49,102,73,82,35,33,114,111,119" hai2="50,75,23,9,29,81,27,124,91,43,11,65,123" hai3="68,77,6,16,36,64,39,133,14,85,69,134,53"/><W116/><G6/><T71/><D107/><U63/><E114/><V15/><F75/><W26/><G26/><T70/><D0/><U79/><E37/><V2/><F2/><W74/><G74/><T76/><D132/><N who="3" m="50793" /><G53/><T30/><D41/><U32/><E119/><V93/><F124/><W103/><G103/><T113/><D113/><U57/><E111/><V10/><F65/><W12/><G12/><T40/><D40/><U28/><E102/><V96/><F123/><W38/><G64/><T78/><D55/><U86/><E32/><V8/><F81/><N who="3" m="47279" /><G116/><T4/><D4/><U125/><E125/><V135/><F135/><W80/><G80/><T13/><D83/><U100/><E100/><V17/><F9/><AGARI ba="0,0" hai="9,14,16,36,38,39,68,69" m="47279,50793" machi="9" ten="40,3900,0" yaku="20,1,54,1" doraHai="112" who="3" fromWho="2" sc="102,0,262,0,370,-39,266,39" /><INIT seed="3,1,0,3,5,128" ten="102,262,331,305" oya="3" hai0="38,81,43,14,75,33,8,52,126,35,51,46,76" hai1="18,99,127,39,66,48,1,83,58,79,80,105,21" hai2="42,100,40,133,65,70,9,114,31,130,26,92,64" hai3="53,88,15,120,82,110,30,101,63,7,60,34,134"/><W87/><G120/><T107/><D126/><U44/><E39/><V104/><F114/><W59/><G134/><T119/><D119/><U24/><E1/><V36/><F133/><W11/><G110/><T96/><D14/><U2/><E2/><V71/><F130/><W67/><G101/><T61/><D61/><U102/><E127/><V74/><F74/><W68/><G30/><T111/><D111/><U20/><E20/><N who="2" m="15815" /><F71/><W28/><G28/><T5/><D96/><U123/><E123/><V32/><F36/><W113/><REACH who="3" step="1"/><G34/><REACH who="3" ten="102,262,331,295" step="2"/><T97/><D107/><U45/><E102/><V10/><F32/><W132/><G132/><T57/><D97/><U13/><E99/><N who="2" m="59495" /><F104/><W116/><G116/><T90/><REACH who="0" step="1"/><D90/><REACH who="0" ten="92,262,331,295" step="2"/><U108/><E105/><V69/><F69/><W78/><G78/><T72/><D72/><U118/><E79/><V115/><F70/><W22/><G22/><T37/><D37/><U85/><E21/><V84/><F115/><AGARI ba="1,2" hai="7,11,15,53,59,60,63,67,68,82,87,88,113,115" machi="115" ten="40,3900,0" yaku="1,1,54,1,53,0" doraHai="128" doraHaiUra="129" who="3" fromWho="2" sc="92,0,262,0,331,-42,295,62" owari="92,-40.8,262,-13.8,289,8.9,357,45.7" /></mjloggm>