<mjloggm ver="2.3"><GO type="225" lobby="0"/><UN n0="%E9%A6%AC%E5%BC%95%E7%81%AB%33" n1="%E6%A1%9C%E6%B2%A2%E5%A2%A8" n2="%E9%BB%99%E8%81%B4%E3%81%AE%E3%81%99%E3%82%9D%E3%82%81" n3="%E7%9A%AE%E3%80%85" dan="16,17,16,16" rate="2088.02,2186.26,2121.02,2147.07" sx="M,F,M,F"/><TAIKYOKU oya="0"/><INIT seed="0,0,0,0,0,4" ten="250,250,250,250" oya="0" hai0="68,134,87,126,95,133,122,19,21,16,3,55,15" hai1="32,59,98,103,75,118,111,101,12,51,60,50,109" hai2="20,80,52,106,27,37,23,127,35,66,43,113,65" hai3="18,56,63,44,64,83,128,90,57,135,79,89,94"/><T42/><D122/><U49/><E118/><V112/><F106/><W82/><G135/><N who="0" m="51723" /><D126/><U99/><E32/><V115/><F127/><W124/><G124/><T40/><D3/><U67/><E75/><V81/><F35/><W117/><G117/><T84/><D68/><U61/><E12/><V13/><F37/><W31/><G128/><T132/><N who="0" m="51731" /><T93/><DORA hai="28" /><D19/><U105/><REACH who="1" step="1"/><E61/><REACH who="1" ten="250,240,250,250" step="2"/><V53/><F13/><W119/><G119/><T6/><D6/><U69/><E69/><V25/><F113/><W22/><G63/><T9/><D9/><U71/><E71/><V110/><REACH who="2" step="1"/><F43/><REACH who="2" ten="250,240,240,250" step="2"/><W116/><G116/><T102/><D15/><U8/><E8/><V72/><F72/><W74/><G74/><T78/><D40/><U5/><E5/><V100/><F100/><W0/><G0/><T88/><D102/><U45/><E45/><V107/><F107/><AGARI ba="0,2" hai="49,50,51,59,60,67,98,99,101,103,105,107,109,111" machi="107" ten="40,12000,2" yaku="1,1,9,1,53,5" doraHai="4,28" doraHaiUra="121,46" who="1" fromWho="2" sc="250,0,240,140,240,-120,250,0" /><INIT seed="1,0,0,3,3,63" ten="250,380,120,250" oya="1" hai0="77,104,50,108,24,135,1,7,112,33,53,39,132" hai1="11,36,13,74,105,88,69,96,125,22,35,81,16" hai2="82,78,65,89,37,80,99,115,91,72,107,98,119" hai3="124,58,85,23,71,106,83,48,127,68,21,93,133"/><U47/><E35/><V56/><F37/><W123/><G106/><T32/><D108/><U116/><E116/><V122/><F122/><W5/><G123/><T97/><D112/><U54/><E69/><N who="3" m="26698" /><G5/><T87/><D39/><U51/><E125/><N who="3" m="48202" /><G93/><T49/><D49/><U64/><E36/><V128/><F119/><W34/><G34/><T61/><D61/><U15/><E64/><V26/><F128/><W102/><G102/><N who="0" m="62543" /><D24/><U29/><E74/><V120/><F120/><W0/><G0/><T30/><D30/><U134/><E134/><N who="0" m="51241" /><D87/><N who="1" m="50287" /><E105/><V46/><F115/><W114/><G114/><T121/><D77/><U20/><E96/><V59/><F107/><W44/><G58/><N who="0" m="33079" /><D121/><U57/><E29/><V3/><F3/><W76/><G133/><T41/><D41/><AGARI ba="0,0" hai="21,23,41,44,48,76,83,85" m="48202,26698" machi="41" ten="30,1000,0" yaku="18,1" doraHai="63" who="3" fromWho="0" sc="250,-10,380,0,120,0,250,10" /><INIT seed="2,0,0,2,2,41" ten="240,380,120,260" oya="2" hai0="97,64,19,58,11,103,54,101,25,107,51,109,112" hai1="72,31,65,66,59,96,100,105,62,104,122,80,102" hai2="114,131,44,118,84,91,77,14,48,53,73,39,37" hai3="81,95,46,126,56,86,83,125,74,76,15,69,94"/><V82/><F114/><W135/><G69/><T1/><D109/><U129/><E129/><V85/><F118/><W88/><G56/><T111/><D111/><U30/><E122/><V79/><F131/><W26/><G26/><T130/><D130/><U87/><E72/><V28/><F28/><W7/><G135/><T32/><D103/><U4/><E4/><V92/><F79/><N who="3" m="44279" /><G15/><T68/><D112/><U10/><E10/><V47/><F73/><N who="3" m="43407" /><G46/><N who="0" m="28023" /><D19/><U27/><E66/><V98/><F98/><N who="3" m="57671" /><G7/><T108/><D58/><U12/><E12/><V6/><REACH who="2" step="1"/><F47/><REACH who="2" ten="240,380,110,260" step="2"/><W3/><G3/><T71/><D108/><U134/><E30/><V89/><F89/><AGARI ba="0,1" hai="86,89,95,125,126" m="57671,43407,44279" machi="89" ten="30,3900,0" yaku="34,2,54,1" doraHai="41" who="3" fromWho="2" sc="240,0,380,0,110,-39,260,49" /><INIT seed="3,0,0,0,1,107" ten="240,380,71,309" oya="3" hai0="119,96,4,116,46,82,63,95,66,3,79,77,35" hai1="13,28,100,39,58,133,5,56,23,47,130,68,85" hai2="102,11,76,83,51,26,81,69,75,88,131,125,8" hai3="71,122,104,65,62,117,48,43,126,86,90,108,93"/><W38/><G117/><T30/><D46/><U6/><E68/><V64/><F64/><W132/><G122/><T127/><D127/><U99/><E130/><V25/><F69/><W45/><G126/><T92/><D3/><U41/><E133/><V106/><F51/><W55/><G132/><T59/><D4/><U49/><E85/><V7/><F106/><W32/><G32/><T70/><D79/><U111/><E111/><V52/><F102/><W17/><G104/><T12/><D12/><U0/><E0/><V44/><F131/><W91/><G91/><T123/><D123/><U80/><E80/><V9/><F125/><W110/><REACH who="3" step="1"/><G17/><REACH who="3" ten="240,380,71,299" step="2"/><T67/><D35/><U124/><E124/><V72/><F7/><N who="1" m="2569" /><E39/><V89/><F8/><W78/><G78/><T113/><D77/><U134/><E134/><V31/><F76/><W101/><G101/><T118/><D118/><U129/><E129/><V105/><F105/><W10/><G10/><T24/><D119/><U112/><E112/><V115/><F31/><W94/><G94/><T50/><D95/><N who="1" m="58495" /><E28/><V29/><F29/><W73/><G73/><T87/><D30/><U1/><E1/><V97/><F115/><W36/><G36/><T57/><D113/><U21/><E21/><V18/><F18/><AGARI ba="0,1" hai="13,18,23,41,47,49,56,58" m="58495,2569" machi="18" ten="30,1000,0" yaku="8,1" doraHai="107" who="1" fromWho="2" sc="240,0,380,20,71,-10,299,0" owari="240,-16.0,400,50.0,61,-43.9,299,9.9" /></mjloggm>