<mjloggm ver="2.3"><GO type="225" lobby="0"/><UN n0="%E5%91%A8%E6%9D%B1" n1="%E9%A6%AC%E5%BC%95%E7%81%AB%33" n2="%E3%81%A4%E3%81%A3%E3%81%B1%E3%82%8A%E3%83%9D%E3%83%BC%E3%83%AB" n3="%E3%81%8B%E3%82%8F%E3%81%A1%E3%82%83%E3%82%93%35%38" dan="16,16,17,16" rate="2182.29,2131.91,2146.65,2152.22" sx="M,M,M,M"/><TAIKYOKU oya="0"/><INIT seed="0,0,0,5,5,123" ten="250,250,250,250" oya="0" hai0="48,59,77,72,42,117,15,99,20,113,97,55,63" hai1="1,98,73,17,133,41,67,101,92,93,88,124,10" hai2="45,21,9,130,105,120,131,80,108,23,8,7,64" hai3="50,65,68,31,70,107,103,82,104,14,28,62,58"/><T47/><D117/><U110/><E73/><V22/><F105/><W81/><G14/><T94/><D113/><U100/><E124/><V111/><F120/><W126/><G126/><T86/><D72/><U2/><E133/><V46/><F64/><W114/><G114/><T4/><D20/><U90/><E67/><V102/><F102/><W127/><G127/><T132/><D132/><U38/><E38/><V12/><F80/><W83/><G103/><T129/><D129/><N who="2" m="49162" /><F9/><W30/><REACH who="3" step="1"/><G50/><REACH who="3" ten="250,250,250,240" step="2"/><T69/><D69/><AGARI ba="0,1" hai="28,30,31,58,62,65,68,69,70,81,82,83,104,107" machi="69" ten="50,3200,0" yaku="1,1,2,1,53,0" doraHai="123" doraHaiUra="95" who="3" fromWho="0" sc="250,-32,250,0,250,0,240,42" /><INIT seed="1,0,0,1,3,3" ten="218,250,250,282" oya="1" hai0="58,50,33,6,62,96,75,81,0,98,54,77,82" hai1="20,113,51,47,107,131,16,112,14,127,76,78,88" hai2="57,17,118,31,35,12,108,32,60,126,101,5,65" hai3="71,90,28,56,55,59,87,85,114,4,104,84,53"/><U10/><E107/><V52/><F118/><W40/><G71/><T91/><D33/><U89/><E131/><V18/><F108/><W66/><G66/><T120/><D120/><U41/><E127/><V22/><F126/><W15/><G40/><T46/><D82/><U132/><E132/><V26/><F101/><W93/><G28/><T30/><D30/><U110/><E110/><V92/><F92/><W134/><G104/><T119/><D91/><N who="1" m="34891" /><E113/><V116/><F116/><W36/><G36/><T102/><D119/><U72/><E72/><V97/><F97/><N who="3" m="57527" /><G134/><T125/><D125/><U34/><E34/><V67/><F35/><W2/><G2/><T37/><D102/><U95/><E112/><V49/><F5/><W123/><G123/><T135/><D135/><U11/><E95/><V19/><REACH who="2" step="1"/><F67/><REACH who="2" ten="218,250,240,282" step="2"/><W25/><G114/><T109/><D109/><U64/><E64/><V73/><F73/><W103/><G103/><T69/><D69/><AGARI ba="0,1" hai="12,17,18,19,22,26,31,32,49,52,57,60,65,69" machi="69" ten="30,3900,0" yaku="1,1,7,1,54,1,53,0" doraHai="3" doraHaiUra="86" who="2" fromWho="0" sc="218,-39,250,0,240,49,282,0" /><INIT seed="2,0,0,0,3,61" ten="179,250,289,282" oya="2" hai0="20,15,50,30,114,57,59,79,101,1,16,45,128" hai1="2,68,27,28,93,112,22,90,5,71,122,102,98" hai2="126,72,52,109,46,9,86,29,123,26,108,92,115" hai3="6,124,47,77,49,70,132,105,12,43,107,84,11"/><V129/><F115/><W31/><G124/><T38/><D128/><U32/><E112/><V135/><F126/><W64/><G31/><T81/><D114/><U110/><E122/><V63/><F72/><W40/><G40/><T36/><D1/><U21/><E110/><N who="2" m="42603" /><F123/><W34/><G34/><T134/><D134/><U60/><E2/><V97/><F135/><W24/><G24/><T33/><D101/><U127/><E5/><V0/><F86/><W76/><G76/><T58/><D30/><U133/><E127/><V104/><F104/><W111/><G111/><T116/><D33/><U44/><E133/><V48/><F63/><N who="3" m="40223" /><G132/><T7/><D7/><U54/><E71/><V85/><F85/><W131/><G131/><T103/><D103/><U56/><E68/><V117/><F117/><W23/><G23/><T4/><D4/><U37/><E37/><V62/><F62/><W95/><G95/><T88/><D116/><U75/><E75/><V89/><F129/><W41/><G41/><T69/><D69/><U78/><E78/><V55/><F0/><W106/><G106/><T13/><D13/><U118/><E118/><V130/><F130/><W17/><G17/><T53/><REACH who="0" step="1"/><D88/><REACH who="0" ten="169,250,289,282" step="2"/><U35/><E90/><N who="2" m="55447" /><F29/><W120/><G120/><T66/><D66/><U100/><E28/><V96/><F89/><W125/><G125/><T39/><D39/><U87/><E32/><V67/><F67/><W91/><G91/><T18/><D18/><U51/><E35/><V119/><F119/><W121/><G121/><T14/><D14/><U113/><E113/><V99/><F99/><RYUUKYOKU ba="0,1" sc="169,15,250,-15,289,-15,282,15" hai0="15,16,20,36,38,45,50,53,57,58,59,79,81" hai3="6,11,12,43,47,49,77,84,105,107" /><INIT seed="3,1,1,2,1,32" ten="184,235,274,297" oya="3" hai0="128,33,100,23,101,41,82,58,62,132,81,47,44" hai1="26,112,50,21,59,28,52,122,102,4,56,14,72" hai2="135,20,45,89,74,118,75,124,86,92,64,107,31" hai3="126,130,99,65,55,90,96,9,40,125,134,5,42"/><W13/><G134/><T46/><D33/><U54/><E112/><V70/><F118/><W87/><G130/><T80/><D132/><U66/><E122/><V25/><F135/><W83/><G65/><T35/><D35/><U15/><E72/><V114/><F114/><W1/><G55/><T37/><D128/><U19/><E102/><V60/><F124/><N who="3" m="47723" /><G1/><T106/><D106/><U120/><E120/><V76/><F107/><W18/><G18/><T69/><D69/><U0/><E66/><V57/><F76/><W30/><G30/><T97/><D97/><AGARI ba="1,1" hai="5,9,13,40,42,83,87,90,96,97,99" m="47723" machi="97" ten="30,1500,0" yaku="18,1" doraHai="32" who="3" fromWho="0" sc="184,-18,235,0,274,0,297,28" owari="166,-33.4,235,-16.5,274,7.4,325,42.5" /></mjloggm>