<mjloggm ver="2.3"><GO type="225" lobby="0"/><UN n0="%E5%A4%8F%E9%88%B4%E9%88%B4%E5%A4%8F" n1="%61%6D%69%61%6D%69" n2="%E9%BA%BB%E9%9B%80%E5%B0%91%E5%B9%B4" n3="%E9%BB%99%E8%81%B4%E3%81%AE%E3%81%99%E3%82%9D%E3%82%81" dan="16,16,17,16" rate="2174.79,2090.76,2182.95,2128.85" sx="F,M,M,M"/><TAIKYOKU oya="0"/><INIT seed="0,0,0,1,4,47" ten="250,250,250,250" oya="0" hai0="27,23,22,31,50,2,92,0,100,45,13,97,110" hai1="61,75,19,118,89,70,109,94,103,99,55,76,77" hai2="8,113,44,102,7,114,57,5,30,112,56,42,93" hai3="37,125,12,98,81,18,122,85,51,6,52,49,121"/><T11/><D110/><U4/><E118/><V20/><F30/><W134/><G37/><T74/><D23/><U3/><E109/><V66/><F20/><W115/><G115/><T14/><D14/><U73/><E70/><V129/><F129/><W67/><G67/><T133/><D74/><U16/><E75/><V111/><F111/><W26/><G134/><T62/><D62/><U126/><E126/><V40/><F66/><W65/><G65/><T68/><D68/><U32/><E32/><V60/><F60/><W124/><G6/><T131/><D133/><U58/><E73/><V117/><F117/><W79/><G98/><T80/><D80/><U59/><E103/><V10/><F102/><W78/><G78/><N who="1" m="30314" /><E3/><V88/><F8/><N who="3" m="6407" /><G26/><T91/><D100/><U107/><E107/><V90/><F40/><W1/><G1/><T41/><REACH who="0" step="1"/><D131/><REACH who="0" ten="240,250,250,250" step="2"/><U95/><E4/><AGARI ba="0,1" hai="0,2,4,11,13,22,27,31,41,45,50,91,92,97" machi="4" ten="30,11600,0" yaku="1,1,2,1,7,1,52,1,53,0" doraHai="47" doraHaiUra="82" who="0" fromWho="1" sc="240,126,250,-116,250,0,250,0" /><INIT seed="0,1,0,0,2,2" ten="366,134,250,250" oya="0" hai0="90,64,71,32,106,98,120,45,130,63,99,17,116" hai1="27,46,95,53,43,10,29,22,83,16,79,30,110" hai2="6,126,41,118,119,134,13,103,21,60,14,50,44" hai3="77,61,123,23,108,111,114,129,131,100,76,52,12"/><T74/><D120/><U58/><E110/><N who="3" m="42026" /><G100/><T89/><D116/><N who="2" m="44586" /><F126/><W124/><G114/><T82/><D32/><U132/><E132/><V39/><F134/><W69/><G124/><T62/><D130/><N who="3" m="49673" /><G123/><T96/><D106/><U133/><E133/><V33/><F33/><W19/><G69/><T70/><D45/><U102/><E10/><N who="2" m="4311" /><F103/><W57/><AGARI ba="1,0" hai="12,19,23,52,57,61,76,77" m="49673,42026" machi="57" ten="40,5200,0" yaku="14,1,19,1,54,1" doraHai="2" who="3" fromWho="3" sc="366,-27,134,-14,250,-14,250,55" /><INIT seed="1,0,0,4,5,39" ten="339,120,236,305" oya="1" hai0="35,124,78,43,58,135,7,62,106,96,16,115,15" hai1="99,53,114,76,105,97,2,75,128,24,27,42,19" hai2="26,37,100,52,63,67,20,21,14,22,44,101,61" hai3="18,3,0,59,117,47,11,126,6,73,84,40,133"/><U95/><E114/><V28/><F37/><W57/><G73/><T92/><D115/><U29/><E128/><V88/><F14/><W91/><G0/><T94/><D124/><U98/><E2/><V110/><F110/><W50/><G133/><T32/><D135/><U68/><E68/><V107/><F107/><W80/><G126/><T49/><D78/><U85/><E75/><V51/><F88/><W4/><G117/><T79/><D79/><U116/><E116/><V45/><F45/><W55/><G4/><T69/><D7/><U65/><E65/><V83/><F83/><W127/><G127/><T41/><D106/><U31/><E105/><V33/><REACH who="2" step="1"/><F63/><REACH who="2" ten="339,120,226,305" step="2"/><W125/><G125/><T64/><D62/><U122/><E122/><V130/><F130/><W108/><G108/><T104/><D15/><U134/><E134/><V25/><F25/><N who="1" m="9801" /><E76/><V36/><F36/><W102/><G102/><T48/><D104/><U12/><E42/><V77/><F77/><W112/><G112/><T89/><D43/><U113/><E113/><V82/><F82/><W72/><G72/><T34/><D41/><U5/><E5/><V30/><F30/><N who="1" m="11273" /><E53/><V9/><F9/><N who="3" m="2271" /><G40/><T118/><D118/><U123/><E123/><V46/><F46/><W81/><G81/><T71/><D49/><U121/><E121/><V1/><F1/><W10/><G11/><T13/><D48/><U60/><E60/><V38/><F38/><W111/><G111/><T8/><D94/><U56/><E95/><V86/><F86/><W93/><G93/><T70/><D92/><U87/><E56/><AGARI ba="0,1" hai="20,21,22,26,28,33,44,51,52,56,61,67,100,101" machi="56" ten="40,5200,0" yaku="1,1,6,1,54,1,53,0" doraHai="39" doraHaiUra="90" who="2" fromWho="1" sc="339,0,120,-52,226,62,305,0" /><INIT seed="2,0,0,0,4,28" ten="339,68,288,305" oya="2" hai0="12,120,130,106,83,85,102,10,80,95,84,58,57" hai1="69,92,79,19,18,64,77,6,116,25,111,108,99" hai2="115,87,121,30,97,48,33,14,15,123,133,21,90" hai3="82,126,86,110,43,52,8,42,13,17,67,113,119"/><V11/><F115/><W4/><G110/><N who="1" m="42026" /><E6/><V41/><F133/><W1/><G119/><T70/><D130/><U55/><E116/><V68/><F68/><W94/><G126/><T118/><D70/><U46/><E64/><V103/><F33/><W32/><G113/><T51/><D120/><U112/><E69/><V81/><F41/><W74/><G67/><T89/><D106/><U101/><E112/><V45/><F30/><W39/><G39/><T135/><D135/><U129/><E129/><V29/><F29/><W72/><G32/><T124/><D124/><U61/><E25/><V91/><F91/><W34/><G34/><T35/><D35/><U65/><E55/><V128/><F21/><W0/><G0/><T27/><D27/><U78/><E46/><V122/><F128/><W40/><G94/><T44/><D95/><U93/><E92/><V5/><F15/><W100/><G100/><T36/><D36/><U7/><E7/><V50/><REACH who="2" step="1"/><F45/><REACH who="2" ten="339,68,278,305" step="2"/><W38/><G38/><T131/><D131/><U105/><E105/><AGARI ba="0,1" hai="5,11,14,48,50,81,87,90,97,103,105,121,122,123" machi="105" ten="40,12000,1" yaku="1,1,2,1,53,2" doraHai="28" doraHaiUra="47" who="2" fromWho="1" sc="339,0,68,-120,278,130,305,0" owari="339,13.9,-52,-55.2,408,50.8,305,-9.5" /></mjloggm>