<mjloggm ver="2.3"><GO type="225" lobby="0"/><UN n0="%E3%81%BF%E3%81%BF%E3%81%9A" n1="%E5%85%88%E7%89%A9%E3%81%AF%74%72%61%73%68" n2="%E5%A4%8F%E9%88%B4%E9%88%B4%E5%A4%8F" n3="%E7%99%BD%E5%80%89%E5%AF%9B%E4%B9%8B" dan="17,17,16,16" rate="2163.97,2157.82,2106.92,2141.61" sx="M,M,F,M"/><TAIKYOKU oya="0"/><INIT seed="0,0,0,3,5,34" ten="250,250,250,250" oya="0" hai0="59,121,5,23,66,86,95,2,0,9,75,71,98" hai1="117,64,46,31,61,44,20,108,19,123,30,89,88" hai2="45,85,17,79,16,77,60,40,106,78,27,14,24" hai3="101,73,52,68,80,74,84,32,69,39,1,105,82"/><T133/><D121/><U111/><E123/><V87/><F106/><W29/><G39/><T37/><D75/><U99/><E117/><V63/><F45/><W122/><G122/><T94/><D37/><U7/><E7/><V48/><F48/><W62/><G29/><T55/><D133/><U90/><E99/><V36/><F36/><W134/><G32/><T116/><D116/><U35/><E35/><V109/><F109/><N who="1" m="42057" /><E44/><V72/><F40/><W6/><G134/><T38/><D38/><U125/><E125/><V25/><F72/><W124/><G124/><T114/><D114/><U96/><E96/><V26/><N who="2" m="6144" /><DORA hai="70" /><V65/><F14/><W128/><G101/><T83/><D23/><U13/><E46/><V113/><F65/><W81/><G84/><N who="2" m="32329" /><F113/><W93/><G105/><T100/><D66/><U21/><E21/><V110/><F110/><W22/><G22/><T53/><D71/><AGARI ba="0,0" hai="13,19,20,30,31,61,64,71,88,89,90" m="42057" machi="71" ten="30,2000,0" yaku="14,1,54,1" doraHai="34,70" who="1" fromWho="0" sc="250,-20,250,20,250,0,250,0" /><INIT seed="1,0,0,1,4,96" ten="230,270,250,250" oya="1" hai0="20,25,93,116,18,109,62,85,126,120,1,81,73" hai1="44,48,14,92,132,98,3,115,66,106,127,79,55" hai2="123,13,57,95,78,118,38,76,59,12,113,0,129" hai3="17,102,110,32,35,26,119,8,89,36,2,112,46"/><U19/><E115/><V37/><F0/><W10/><G112/><T41/><D116/><U100/><E3/><V40/><F113/><W103/><G119/><T88/><D1/><U39/><E132/><V7/><F118/><W31/><G110/><T23/><D109/><U69/><E127/><V74/><F74/><W94/><G35/><T82/><D126/><U56/><E79/><V90/><F123/><W86/><G10/><T21/><D120/><U104/><E69/><V91/><F129/><W49/><G36/><T61/><D41/><U45/><E39/><V121/><F95/><W51/><G51/><T97/><D82/><U107/><REACH who="1" step="1"/><E66/><REACH who="1" ten="230,260,250,250" step="2"/><V99/><F121/><W134/><G134/><T72/><D73/><U33/><E33/><V105/><F78/><W101/><G2/><T58/><D72/><U67/><E67/><V6/><F76/><W16/><REACH who="3" step="1"/><G8/><AGARI ba="0,1" hai="8,14,19,44,45,48,55,56,92,98,100,104,106,107" machi="8" ten="40,3900,0" yaku="1,1,52,1,53,0" doraHai="96" doraHaiUra="71" who="1" fromWho="3" sc="230,0,260,49,250,0,250,-39" /><INIT seed="1,1,0,2,1,28" ten="230,309,250,211" oya="1" hai0="17,43,71,2,32,93,131,4,8,35,101,10,88" hai1="63,46,105,76,92,103,67,54,6,26,48,31,89" hai2="84,23,9,68,45,16,83,62,104,130,132,20,91" hai3="60,85,125,126,65,102,12,27,39,81,80,64,44"/><U11/><E76/><V7/><F132/><W55/><G102/><T109/><D109/><U107/><E103/><V95/><F130/><W58/><G12/><T73/><D131/><U37/><E37/><V74/><F104/><W19/><G19/><T14/><D71/><U78/><E78/><V40/><F23/><W25/><G80/><T115/><D115/><U122/><E122/><V36/><F62/><W110/><G110/><T15/><D101/><U75/><E75/><V118/><F68/><W0/><G0/><T57/><D73/><U117/><E117/><V129/><F129/><W128/><G128/><T127/><D127/><N who="3" m="48649" /><G39/><T79/><D79/><U53/><E92/><V21/><F118/><W133/><G133/><T86/><D43/><U5/><E89/><V33/><F33/><W30/><G44/><T51/><D2/><U42/><E105/><V70/><F70/><W106/><G106/><T123/><D123/><U69/><E107/><V90/><F74/><W49/><G60/><T77/><D77/><U24/><E24/><N who="3" m="9290" /><G30/><T111/><D111/><U59/><E11/><V120/><F120/><W50/><G50/><T134/><D134/><U113/><E113/><V56/><F56/><W99/><G99/><T1/><D1/><U100/><E100/><V22/><F9/><W119/><G119/><T98/><D98/><U13/><E13/><N who="2" m="9231" /><F7/><N who="1" m="2569" /><E69/><V108/><F108/><W72/><G72/><T97/><D97/><U18/><E31/><V38/><F38/><W135/><G135/><T3/><D3/><U52/><E26/><V29/><F29/><W94/><G94/><RYUUKYOKU ba="1,0" sc="230,0,309,0,250,0,211,0" hai0="4,8,10,14,15,17,32,35,51,57,86,88,93" hai1="18,42,46,48,52,53,54,59,63,67" hai2="21,22,36,40,45,83,84,90,91,95" hai3="49,55,58,64,65,81,85" /><INIT seed="1,2,0,1,2,25" ten="230,309,250,211" oya="1" hai0="22,13,104,28,14,120,59,128,84,132,58,47,73" hai1="89,123,11,49,102,12,62,122,108,65,77,85,3" hai2="75,117,103,55,6,80,76,5,16,9,92,45,32" hai3="113,101,96,119,50,52,56,1,121,95,82,4,0"/><U118/><E118/><V21/><F117/><W29/><G121/><T112/><D73/><U24/><E3/><V110/><F110/><W41/><G113/><T33/><D104/><U130/><E130/><V116/><F32/><W106/><G119/><T31/><D112/><U19/><E77/><V131/><F131/><W53/><G4/><T42/><D33/><U94/><E108/><V64/><F64/><W43/><G106/><T40/><D128/><U35/><E102/><V99/><F116/><W83/><G0/><T66/><D120/><U20/><E35/><V10/><F5/><W115/><G1/><T126/><D132/><U36/><E49/><V91/><F6/><W60/><G29/><N who="0" m="11339" /><D126/><U98/><E36/><V48/><REACH who="2" step="1"/><F103/><REACH who="2" ten="230,309,240,211" step="2"/><W67/><G115/><T79/><D66/><U51/><E123/><V72/><F72/><W44/><G67/><T127/><D127/><U78/><E122/><V17/><F17/><W63/><G63/><T107/><D107/><U7/><E62/><V27/><AGARI ba="2,1" hai="9,10,16,21,27,45,48,55,75,76,80,91,92,99" machi="27" ten="20,5200,0" yaku="1,1,0,1,7,1,54,1,53,0" doraHai="25" doraHaiUra="124" who="2" fromWho="2" sc="230,-15,309,-28,240,68,211,-15" /><INIT seed="2,0,0,4,3,116" ten="215,281,308,196" oya="2" hai0="84,82,86,125,47,85,16,1,99,19,96,24,44" hai1="121,120,35,18,124,5,100,87,133,81,30,43,10" hai2="26,34,72,0,90,73,98,65,11,52,32,104,67" hai3="46,71,20,102,123,45,22,70,50,7,74,122,88"/><V109/><F73/><W93/><G74/><T42/><D1/><U37/><E133/><V21/><F72/><W114/><G102/><T95/><D125/><U107/><E124/><V56/><F109/><W49/><G7/><T135/><D135/><U40/><E18/><N who="0" m="6697" /><D24/><N who="1" m="18887" /><E37/><V89/><F89/><W36/><G36/><T97/><D42/><U28/><E28/><V53/><F53/><W63/><G88/><N who="0" m="53639" /><D85/><U78/><E107/><V134/><F104/><W91/><G91/><AGARI ba="0,0" hai="44,47,82,86,91,96,97,99" m="53639,6697" machi="91" ten="30,3900,0" yaku="8,1,54,2" doraHai="116" who="0" fromWho="3" sc="215,39,281,0,308,0,196,-39" /><INIT seed="3,0,0,0,3,47" ten="254,281,308,157" oya="3" hai0="131,70,33,82,17,109,124,88,81,30,105,57,35" hai1="125,112,80,23,54,53,42,93,27,135,113,118,32" hai2="121,91,12,56,29,95,87,8,86,120,99,0,19" hai3="2,129,66,106,102,100,97,5,78,50,85,76,75"/><W58/><G129/><T127/><D70/><U25/><E135/><V38/><F38/><W15/><G2/><T62/><D105/><U41/><E125/><N who="0" m="48201" /><D109/><U108/><E108/><V128/><F128/><W9/><G75/><T111/><D111/><U94/><E80/><V59/><F29/><W13/><G102/><T134/><D134/><U96/><E96/><V46/><F46/><W107/><G107/><T22/><D30/><U104/><E104/><V119/><F0/><W74/><G74/><T92/><D131/><U61/><E23/><V114/><F114/><W132/><G132/><T21/><D82/><U116/><REACH who="1" step="1"/><E61/><REACH who="1" ten="254,271,308,157" step="2"/><V84/><F119/><W101/><G101/><T71/><D81/><U1/><E1/><V123/><AGARI ba="0,1" hai="8,12,19,56,59,84,86,87,91,95,99,120,121,123" machi="123" ten="40,2700,0" yaku="0,1,13,1" doraHai="47" who="2" fromWho="2" sc="254,-7,271,-7,308,37,157,-13" owari="247,-15.3,264,6.4,345,44.5,144,-35.6" /></mjloggm>