<mjloggm ver="2.3"><GO type="225" lobby="0"/><UN n0="%50%69%73%38" n1="%E6%9C%88%E5%B3%B6%E5%9F%BA" n2="%E6%B8%A9%E2%98%85%E6%83%85%E2%98%85%E6%8E%AA%E2%98%85%E7%BD%AE" n3="%E6%97%A5%E6%9B%9C%E6%97%A5%E3%82%88%E3%82%8A%E3%81%AE%E4%BD%BF%E8%80%85" dan="16,16,17,16" rate="2152.88,2026.04,2185.09,2137.21" sx="M,M,M,M"/><TAIKYOKU oya="0"/><INIT seed="0,0,0,3,2,112" ten="250,250,250,250" oya="0" hai0="65,122,102,56,69,127,2,6,57,50,119,12,63" hai1="23,4,10,40,72,104,80,121,97,77,60,8,73" hai2="105,100,109,29,85,125,129,15,133,83,70,82,113" hai3="78,75,20,130,92,103,62,37,54,110,71,38,52"/><T25/><D122/><U86/><E121/><V24/><F113/><W61/><G75/><T132/><D2/><U34/><E34/><V81/><F133/><W55/><G78/><T9/><D132/><U134/><E134/><V84/><F109/><W99/><G110/><T30/><D127/><U126/><E126/><V21/><F125/><W68/><G130/><T35/><D119/><U135/><E135/><V67/><F129/><W128/><G128/><T51/><REACH who="0" step="1"/><D102/><REACH who="0" ten="240,250,250,250" step="2"/><U74/><E74/><V44/><F100/><W49/><G49/><AGARI ba="0,1" hai="6,9,12,25,30,35,49,50,51,56,57,63,65,69" machi="49" ten="40,7700,0" yaku="1,1,2,1,53,1" doraHai="112" doraHaiUra="7" who="0" fromWho="3" sc="240,87,250,0,250,0,250,-77" /><INIT seed="0,1,0,5,5,40" ten="327,250,250,173" oya="0" hai0="16,47,45,110,129,109,31,98,59,29,69,56,83" hai1="72,8,11,71,124,49,1,26,21,24,87,115,64" hai2="5,54,25,10,100,85,126,123,62,19,89,77,104" hai3="52,6,51,79,97,57,94,32,67,4,90,60,53"/><T43/><D69/><U131/><E72/><V91/><F123/><W44/><G32/><T7/><D7/><U101/><E124/><V78/><F126/><W88/><G79/><T128/><D98/><U12/><E131/><N who="0" m="50249" /><D83/><U130/><E101/><V50/><F62/><W121/><G121/><T15/><D59/><U39/><E1/><V46/><F100/><W42/><G90/><T92/><D56/><U41/><E115/><V108/><F104/><W9/><G4/><T18/><D92/><U38/><E71/><V107/><F108/><N who="0" m="41578" /><D18/><U106/><E106/><V28/><F19/><W127/><REACH who="3" step="1"/><G127/><REACH who="3" ten="327,250,250,163" step="2"/><T3/><D3/><AGARI ba="1,1" hai="3,6,9,42,44,51,52,53,57,60,67,88,94,97" machi="3" ten="30,12000,2" yaku="1,1,2,1,7,1,52,1,54,2,53,0" doraHai="40" doraHaiUra="112" who="3" fromWho="0" sc="327,-123,250,0,250,0,163,133" /><INIT seed="1,0,0,2,2,67" ten="204,250,250,296" oya="1" hai0="20,81,83,24,88,27,47,125,105,73,40,95,9" hai1="23,49,94,96,4,14,133,10,111,69,0,3,35" hai2="61,25,8,116,57,92,59,90,121,102,58,108,68" hai3="36,126,84,131,50,99,46,53,74,30,6,2,54"/><U124/><E35/><V110/><F116/><W128/><G74/><T56/><D105/><U127/><E133/><V64/><F121/><W44/><G126/><N who="1" m="48170" /><E111/><N who="2" m="42539" /><F102/><W13/><G2/><N who="1" m="554" /><E49/><V1/><F25/><W75/><G75/><T39/><D125/><U77/><E77/><V134/><F134/><W37/><G30/><T114/><D114/><U118/><E118/><V55/><F8/><W80/><G36/><T122/><D122/><U26/><E94/><V97/><F1/><W33/><G37/><T15/><D56/><U70/><E96/><V31/><F31/><AGARI ba="0,0" hai="4,10,14,23,26,31,69,70" m="554,48170" machi="31" ten="30,5800,0" yaku="18,1,52,2" doraHai="67" who="1" fromWho="2" sc="204,0,250,58,250,-58,296,0" /><INIT seed="1,1,0,0,2,34" ten="204,308,192,296" oya="1" hai0="88,40,70,3,134,81,0,63,80,89,79,33,51" hai1="15,22,11,131,67,93,121,74,58,87,12,91,77" hai2="43,42,55,56,115,110,119,124,7,133,102,62,107" hai3="92,100,84,32,45,109,37,127,60,65,8,49,26"/><U82/><E121/><V4/><F119/><W95/><G37/><T117/><D33/><U126/><E126/><V44/><F124/><W90/><G127/><T23/><D117/><U94/><E131/><V66/><F110/><W29/><G109/><T108/><D108/><U114/><E114/><V98/><F115/><W52/><G8/><T31/><D134/><U53/><E67/><V105/><F133/><W73/><G73/><T46/><D63/><U17/><E74/><V16/><F107/><W125/><G125/><T5/><D70/><U59/><E77/><V68/><F43/><W6/><G6/><T106/><D106/><U2/><E2/><V76/><F76/><W27/><G27/><T103/><D103/><U96/><E96/><V1/><F1/><W54/><G54/><T35/><D35/><U69/><E69/><V28/><F28/><W25/><G25/><T104/><D104/><U120/><E120/><V18/><F7/><W83/><G100/><T101/><D101/><U57/><REACH who="1" step="1"/><E53/><REACH who="1" ten="204,298,192,296" step="2"/><V47/><F4/><AGARI ba="1,1" hai="4,11,12,15,17,22,57,58,59,82,87,91,93,94" machi="4" ten="40,7700,0" yaku="1,1,2,1,8,1,53,0" doraHai="34" doraHaiUra="113" who="1" fromWho="2" sc="204,0,298,90,192,-80,296,0" /><INIT seed="1,2,0,1,5,40" ten="204,388,112,296" oya="1" hai0="86,24,31,66,118,78,59,1,74,48,4,113,49" hai1="44,62,53,47,45,69,9,56,120,90,100,65,63" hai2="72,122,52,131,20,89,124,108,98,91,58,114,46" hai3="16,14,38,129,95,17,28,29,2,12,92,94,87"/><U116/><E116/><V34/><F34/><W104/><G104/><T119/><D74/><U41/><E120/><V125/><F122/><W42/><G2/><T96/><D113/><U127/><E127/><N who="2" m="48715" /><F72/><W130/><G38/><T27/><D96/><U82/><E100/><V135/><F114/><W26/><G42/><T19/><D4/><U76/><E9/><V39/><F108/><W73/><G73/><T0/><D59/><N who="1" m="35183" /><E69/><V107/><F135/><W22/><G87/><T6/><D6/><U67/><E76/><V13/><F131/><N who="3" m="50187" /><G26/><T134/><D24/><U85/><E41/><N who="2" m="22847" /><F98/><W68/><G68/><T97/><D97/><U33/><E33/><V32/><F32/><W70/><G70/><T15/><D118/><U77/><E77/><V121/><F107/><W18/><G22/><T103/><D119/><U106/><E106/><V128/><F128/><W5/><G5/><T109/><D109/><U110/><E110/><V99/><F99/><W112/><G112/><T23/><D23/><U81/><E81/><V123/><F123/><W126/><G126/><T61/><D0/><U83/><E83/><V80/><F80/><W71/><G71/><T51/><D1/><U7/><E7/><V50/><F121/><W93/><G93/><T64/><D78/><U54/><AGARI ba="2,0" hai="44,45,47,54,56,63,65,67,82,85,90" m="35183" machi="54" ten="30,11700,0" yaku="8,1,52,3" doraHai="40" who="1" fromWho="1" sc="204,-41,388,123,112,-41,296,-41" /><INIT seed="1,3,0,3,3,43" ten="163,511,71,255" oya="1" hai0="64,125,80,107,61,65,93,132,77,59,46,4,81" hai1="58,19,115,117,54,52,96,129,127,133,134,44,48" hai2="2,38,75,36,40,22,35,69,51,3,14,66,124" hai3="57,26,131,9,99,104,8,62,126,7,6,45,32"/><U78/><E115/><V16/><F124/><W15/><G126/><T119/><D125/><U100/><E127/><V71/><F75/><W118/><G118/><T5/><D107/><U97/><E117/><V10/><F35/><W110/><G110/><T130/><D119/><U88/><E78/><V28/><F51/><W101/><G131/><T76/><D130/><U84/><E129/><V50/><F3/><W95/><G32/><T114/><D59/><U23/><E100/><V98/><F98/><W49/><G26/><T122/><D93/><N who="1" m="54407" /><E133/><V73/><F73/><W128/><G128/><T18/><D77/><U135/><E135/><V121/><F121/><W79/><G79/><T55/><D76/><U0/><E0/><V42/><F42/><W108/><G108/><T72/><D72/><U106/><E106/><V116/><F116/><W94/><G57/><T24/><D132/><U74/><E74/><V82/><F82/><W34/><G62/><T68/><D80/><U53/><E134/><V13/><F2/><W120/><G34/><T27/><D61/><N who="1" m="36047" /><E54/><V20/><F71/><W17/><G120/><T90/><D55/><U91/><E91/><V30/><F66/><W111/><G111/><T47/><D64/><U103/><E103/><V25/><F69/><W67/><G67/><T83/><D65/><U70/><E70/><V63/><F63/><W33/><G33/><T11/><D68/><U39/><E39/><N who="2" m="14891" /><F22/><W60/><G60/><T113/><D122/><U92/><E92/><N who="3" m="35370" /><G9/><T1/><D1/><U21/><E21/><V37/><F10/><W56/><G56/><RYUUKYOKU ba="3,0" sc="163,-15,511,15,71,-15,255,15" hai1="19,23,44,48,52,96,97" hai3="6,7,8,15,17,45,49,99,101,104" /><INIT seed="1,4,0,0,4,34" ten="148,526,56,270" oya="1" hai0="112,28,60,53,7,35,38,23,12,129,102,27,14" hai1="89,126,13,84,16,127,15,103,40,115,31,75,125" hai2="33,88,1,11,57,82,17,105,37,26,63,94,121" hai3="50,80,98,111,2,18,91,134,72,109,81,100,64"/><U87/><E115/><V110/><F105/><N who="3" m="63639" /><G64/><T51/><D38/><U128/><E128/><V20/><F121/><W73/><G18/><T119/><D119/><U6/><E103/><V25/><F37/><W36/><G36/><T59/><D112/><U19/><E75/><N who="3" m="28746" /><G50/><T114/><D102/><U21/><E40/><V66/><F110/><N who="3" m="41995" /><G2/><T133/><D114/><U104/><E104/><V113/><F113/><W61/><G61/><T3/><D60/><U39/><E39/><V76/><F1/><W46/><G46/><T49/><D51/><U8/><E31/><V68/><F11/><W95/><G134/><T44/><D49/><U29/><E29/><V106/><F106/><W67/><G67/><T69/><D44/><U124/><E124/><V58/><F26/><W85/><AGARI ba="4,0" hai="80,81,85,91,95" m="41995,28746,63639" machi="85" ten="30,4000,0" yaku="14,1,34,2" doraHai="34" who="3" fromWho="3" sc="148,-14,526,-24,56,-14,270,52" /><INIT seed="2,0,0,2,0,95" ten="134,502,42,322" oya="2" hai0="22,74,126,83,73,111,49,48,40,8,5,26,52" hai1="21,59,20,134,108,1,79,46,121,14,9,2,15" hai2="47,92,16,128,13,72,116,98,130,70,3,12,0" hai3="110,6,53,31,132,23,37,7,36,96,106,11,75"/><V39/><F116/><W99/><G75/><T93/><D111/><U135/><E108/><V87/><F70/><W35/><G35/><T94/><D126/><U38/><E79/><V69/><F69/><W133/><G53/><T65/><D65/><U66/><E38/><N who="3" m="14954" /><G106/><T30/><D40/><U131/><E46/><V109/><F109/><W104/><G104/><T64/><D48/><U113/><E59/><V124/><F72/><W91/><G91/><T120/><D64/><U44/><E44/><V100/><F124/><W61/><G61/><T90/><D83/><U27/><E66/><V82/><F13/><N who="3" m="5367" /><G7/><T129/><D93/><U4/><E2/><V24/><F24/><N who="3" m="16799" /><G110/><T57/><D120/><U10/><E121/><V54/><F54/><W88/><G88/><T42/><D42/><U84/><E84/><V25/><F25/><W97/><G97/><T122/><D122/><U119/><E1/><V103/><F103/><W80/><G80/><T34/><D34/><U118/><E27/><V102/><F102/><W50/><G50/><T123/><D123/><U71/><E4/><V115/><F3/><W41/><G41/><T62/><D62/><U58/><E58/><V114/><F0/><W18/><G18/><T56/><D57/><U43/><E43/><N who="2" m="23039" /><F16/><W17/><G17/><T60/><D60/><U101/><E101/><V32/><F12/><W29/><G29/><T125/><D74/><U127/><E71/><V78/><F32/><W55/><G55/><T67/><D52/><U85/><E15/><V89/><F100/><W117/><G117/><T51/><D73/><RYUUKYOKU ba="0,0" sc="134,-15,502,-15,42,15,322,15" hai2="78,82,87,89,92,98,114,115,128,130" hai3="96,99,132,133" /><INIT seed="2,1,0,0,2,47" ten="119,487,57,337" oya="2" hai0="107,59,8,1,3,50,24,132,37,30,25,74,38" hai1="125,41,110,70,34,22,119,79,131,106,46,80,87" hai2="61,69,42,55,83,82,109,11,58,97,62,63,51" hai3="12,124,91,57,56,118,93,133,48,26,64,75,111"/><V68/><F109/><W35/><G75/><T84/><D74/><U27/><E119/><V6/><F42/><W85/><G118/><T5/><D1/><U96/><E110/><V2/><REACH who="2" step="1"/><F97/><REACH who="2" ten="119,487,47,337" step="2"/><W72/><G111/><T128/><D132/><U127/><E96/><V123/><F123/><W28/><G133/><T135/><D135/><U78/><E41/><V114/><F114/><W134/><G134/><T102/><D128/><U76/><E131/><V101/><F101/><W98/><G98/><T94/><D107/><U122/><E106/><V29/><F29/><W15/><G28/><T112/><D102/><U18/><E122/><V17/><F17/><W19/><G19/><T66/><D112/><U23/><E18/><V88/><F88/><W67/><G91/><T100/><D30/><U13/><E125/><V65/><F65/><W105/><G105/><T31/><D66/><U89/><E127/><V10/><F10/><W129/><G67/><T126/><D8/><U130/><E130/><V73/><F73/><W81/><G64/><T77/><D100/><U20/><E89/><V52/><F52/><W86/><G72/><T9/><D31/><U43/><E43/><V113/><F113/><W104/><G124/><T45/><D9/><U33/><E78/><V4/><F4/><W120/><G104/><T16/><D5/><U95/><E79/><V92/><F92/><W117/><G129/><T90/><D94/><U36/><E95/><V39/><F39/><W7/><G93/><T60/><D37/><U14/><E36/><V116/><F116/><W32/><G117/><RYUUKYOKU ba="1,1" sc="119,-10,487,-10,47,30,337,-10" hai2="2,6,11,51,55,58,61,62,63,68,69,82,83" /><INIT seed="2,2,1,3,2,107" ten="109,477,77,327" oya="2" hai0="49,126,31,34,66,71,29,102,47,110,63,44,67" hai1="51,98,53,74,119,133,104,20,130,57,89,109,76" hai2="120,93,112,18,48,10,21,90,2,40,36,101,14" hai3="19,87,55,39,68,134,79,16,83,91,27,46,95"/><V132/><F120/><W100/><G68/><T26/><D110/><U77/><E119/><V96/><F112/><W35/><G100/><T33/><D126/><U94/><E109/><V61/><F132/><W84/><G134/><T92/><D67/><U54/><E133/><V7/><F36/><W128/><G128/><T88/><D102/><U106/><E130/><V99/><F61/><W113/><G113/><T42/><D44/><N who="1" m="27879" /><E74/><V116/><F116/><W85/><G85/><T86/><REACH who="0" step="1"/><D29/><REACH who="0" ten="99,477,77,327" step="2"/><U17/><E104/><V60/><F60/><W97/><G97/><T70/><D70/><U75/><E106/><V81/><F81/><W105/><G105/><T5/><D5/><U45/><E45/><V1/><F48/><W59/><G46/><T43/><D43/><U62/><E75/><V72/><F40/><W131/><G39/><T78/><D78/><U117/><E117/><V22/><F72/><W23/><G131/><T50/><D50/><U41/><E41/><V38/><F38/><W13/><G35/><AGARI ba="2,2" hai="26,31,33,34,35,42,47,49,63,66,71,86,88,92" machi="35" ten="30,3900,0" yaku="1,1,7,1,54,1,53,0" doraHai="107" doraHaiUra="3" who="0" fromWho="3" sc="99,65,477,0,77,0,327,-45" /><INIT seed="3,0,0,0,4,111" ten="164,477,77,282" oya="3" hai0="36,83,56,97,51,38,114,112,25,11,116,81,39" hai1="9,53,27,41,134,85,129,123,69,52,28,10,71" hai2="67,30,15,57,73,102,113,18,76,87,8,14,33" hai3="61,125,16,3,62,100,103,2,59,84,21,82,17"/><W32/><G32/><T99/><D116/><U96/><E123/><V75/><F102/><W47/><G125/><T94/><D25/><U118/><E129/><V121/><F121/><W22/><G47/><T90/><D97/><U20/><E134/><V92/><F33/><W6/><G6/><T64/><D11/><N who="1" m="4107" /><E71/><V72/><F30/><W40/><G40/><T48/><D64/><U115/><E69/><V105/><F105/><W42/><G42/><T0/><D0/><U66/><E115/><N who="0" m="44073" /><D56/><U110/><E110/><V26/><F113/><W44/><G2/><T86/><D83/><U19/><E66/><V117/><F117/><W78/><G3/><T98/><D98/><U65/><E65/><V109/><F109/><W119/><G119/><T74/><D74/><U122/><E122/><V77/><F15/><N who="3" m="9375" /><G44/><T89/><AGARI ba="0,0" hai="36,38,39,48,51,81,86,89,90,94,99" m="44073" machi="89" ten="40,8000,1" yaku="11,1,52,3" doraHai="111" who="0" fromWho="0" sc="164,80,477,-20,77,-20,282,-40" owari="244,4.4,457,55.7,57,-44.3,242,-15.8" /></mjloggm>