<mjloggm ver="2.3"><GO type="225" lobby="0"/><UN n0="%E6%A1%9C%E8%8A%B1%E9%96%83%E3%80%85" n1="%E3%81%8B%E3%82%8F%E3%81%A1%E3%82%83%E3%82%93%35%38" n2="%E6%9C%88%E5%B3%B6%E5%9F%BA" n3="%72%69%6F%75%63%68%61%6E" dan="17,16,17,16" rate="2160.69,2210.04,2206.42,2121.38" sx="M,M,M,M"/><TAIKYOKU oya="0"/><INIT seed="0,0,0,0,4,31" ten="250,250,250,250" oya="0" hai0="127,36,107,9,124,29,8,40,129,128,5,34,15" hai1="14,115,71,119,106,30,6,13,61,21,92,86,132" hai2="16,51,95,22,43,32,1,105,101,28,134,66,56" hai3="39,96,90,23,49,125,135,80,118,116,76,27,38"/><T89/><D107/><U4/><E106/><V73/><F73/><W57/><G125/><N who="0" m="48203" /><D89/><U10/><E119/><V42/><F1/><W110/><G110/><T97/><D97/><U98/><E115/><V117/><F105/><W91/><G135/><T126/><N who="0" m="48211" /><T131/><DORA hai="58" /><D40/><U130/><E132/><V113/><F113/><W55/><G118/><T100/><D36/><U41/><E86/><V77/><F77/><W78/><G76/><T109/><D100/><U50/><E50/><V102/><F134/><W84/><G116/><T33/><D109/><U17/><E41/><V60/><F117/><W111/><G111/><T59/><D29/><U79/><E79/><V64/><F43/><W35/><G35/><N who="0" m="13323" /><D59/><U37/><E37/><V74/><F42/><W12/><G91/><T99/><D99/><U69/><E30/><V7/><F28/><N who="3" m="17535" /><G96/><T75/><D75/><U67/><E71/><V70/><F70/><W133/><G133/><T114/><D114/><U93/><E130/><V18/><F101/><W122/><G90/><T123/><D9/><N who="1" m="4263" /><E98/><V88/><F74/><W72/><G72/><T48/><D48/><U108/><E108/><V65/><F51/><W19/><G38/><T54/><D54/><U112/><E112/><V82/><F102/><W81/><G39/><T53/><D53/><U62/><E62/><V3/><F60/><W47/><G57/><T44/><D123/><U20/><E20/><V103/><F32/><W25/><G122/><T104/><D104/><U45/><E45/><AGARI ba="0,0" hai="5,8,15,44,45,128,129,131" m="13323,48211" machi="45" ten="50,12000,1" yaku="19,1,18,1,52,3" doraHai="31,58" who="0" fromWho="1" sc="250,120,250,-120,250,0,250,0" /><INIT seed="0,1,0,5,0,75" ten="370,130,250,250" oya="0" hai0="10,112,72,78,37,86,52,24,27,114,87,118,91" hai1="4,20,110,5,36,83,100,90,3,44,103,81,65" hai2="49,31,107,43,59,18,70,6,22,13,89,47,21" hai3="30,101,94,53,15,14,129,64,25,85,50,74,80"/><T2/><D118/><U125/><E110/><V128/><F70/><W124/><G124/><T60/><D37/><U26/><E125/><V58/><F107/><W42/><G129/><T111/><D111/><U77/><E65/><V62/><F128/><W45/><G64/><T127/><D127/><U84/><E36/><V76/><F6/><W67/><G67/><T35/><D72/><U116/><E116/><V16/><F31/><W130/><G130/><T66/><D52/><U79/><E44/><V108/><F108/><W82/><G74/><T102/><D102/><N who="1" m="38955" /><E3/><V12/><F62/><W46/><G80/><T33/><D10/><U71/><E71/><V106/><F106/><W113/><G113/><T34/><D2/><U97/><E97/><V32/><F32/><W126/><G126/><T1/><D1/><U23/><E23/><V57/><F89/><W7/><G7/><N who="1" m="2634" /><E83/><V105/><F105/><W39/><G101/><T29/><D114/><U109/><E109/><V122/><F122/><W98/><G98/><T73/><D112/><U99/><E99/><V54/><F54/><W121/><G121/><T115/><D115/><U8/><E8/><V9/><F9/><W131/><G131/><T69/><D73/><U135/><E135/><V117/><F117/><W95/><G82/><N who="0" m="47447" /><D34/><U88/><E90/><V132/><F132/><W48/><G39/><T93/><D35/><U55/><E55/><V38/><F38/><W56/><G45/><T120/><D120/><U63/><E63/><V96/><F96/><W133/><G133/><T68/><D68/><U119/><E119/><RYUUKYOKU ba="1,0" sc="370,10,130,10,250,10,250,-30" hai0="24,27,29,33,60,66,69,87,91,93" hai1="20,26,77,79,81,84,88" hai2="12,13,16,18,21,22,43,47,49,57,58,59,76" /><INIT seed="0,2,0,5,2,12" ten="380,140,260,220" oya="0" hai0="8,59,61,13,62,129,54,27,5,63,119,87,51" hai1="52,102,96,64,41,39,100,123,30,114,2,132,121" hai2="72,94,35,32,116,130,20,33,76,71,111,19,11" hai3="83,134,4,36,107,97,125,34,124,16,122,28,90"/><T105/><D129/><U58/><E2/><V106/><F106/><W127/><G134/><T117/><D105/><U118/><E118/><V31/><F71/><W101/><G122/><T22/><REACH who="0" step="1"/><D87/><REACH who="0" ten="370,140,260,220" step="2"/><U92/><E123/><V3/><F130/><W26/><G36/><T126/><D126/><U25/><E121/><V98/><F116/><W104/><G107/><T73/><D73/><U50/><E132/><V42/><F72/><W128/><G128/><T88/><D88/><U1/><E114/><V68/><F35/><W112/><G112/><T65/><D65/><U78/><E78/><V23/><F33/><W40/><G90/><T89/><D89/><U81/><E102/><V77/><F32/><W29/><G34/><T79/><D79/><U46/><E64/><V69/><F77/><W53/><G104/><T56/><D56/><U9/><E100/><V45/><F76/><W74/><G101/><T84/><D84/><U66/><E66/><V43/><F69/><W10/><G74/><T108/><D108/><U135/><E135/><V48/><F68/><W70/><G70/><T86/><D86/><U38/><E58/><V120/><F111/><W109/><G109/><T60/><N who="0" m="15360" /><DORA hai="85" /><T17/><AGARI ba="2,1" hai="5,8,13,17,22,27,51,54,59,117,119" m="15360" machi="17" ten="40,24000,3" yaku="1,1,4,1,0,1,52,1,53,4" doraHai="12,85" doraHaiUra="99,57" who="0" fromWho="0" sc="370,256,140,-82,260,-82,220,-82" /><INIT seed="0,3,0,0,0,43" ten="626,58,178,138" oya="0" hai0="108,128,4,52,89,119,57,73,76,117,105,104,3" hai1="71,115,16,114,65,106,69,63,67,2,26,124,126" hai2="96,58,29,37,112,62,44,98,86,91,8,12,75" hai3="121,103,0,21,33,39,28,99,111,35,59,14,27"/><T134/><D134/><U110/><E106/><N who="0" m="41065" /><D4/><U46/><E2/><V32/><F75/><W72/><G111/><T97/><D3/><U60/><E110/><V40/><F112/><N who="1" m="43049" /><E16/><V84/><F84/><W55/><G72/><T19/><D57/><U54/><E26/><V90/><F90/><W131/><G39/><T100/><D52/><U41/><E54/><V80/><F32/><W70/><G131/><T102/><D19/><U87/><E87/><V94/><F80/><W74/><G74/><T47/><D108/><U61/><E61/><V101/><F101/><N who="0" m="39018" /><D128/><U50/><AGARI ba="3,0" hai="41,46,50,60,63,65,67,69,71,124,126" m="43049" machi="50" ten="30,7900,0" yaku="11,1,34,2,52,1" doraHai="43" who="1" fromWho="1" sc="626,-42,58,88,178,-23,138,-23" /><INIT seed="1,0,0,2,0,5" ten="584,146,155,115" oya="1" hai0="43,134,86,28,132,98,118,7,113,88,109,58,52" hai1="75,104,112,46,127,59,0,101,38,63,45,124,22" hai2="82,129,76,115,116,68,100,120,21,73,29,60,30" hai3="61,53,121,12,40,64,92,41,32,77,36,95,126"/><U9/><E112/><V62/><F116/><W20/><G121/><T1/><D113/><U71/><E71/><V97/><F120/><W90/><G126/><N who="1" m="48170" /><E75/><V81/><F115/><W3/><G3/><T26/><D118/><U13/><E38/><V99/><F129/><W2/><G2/><T87/><D43/><U135/><E135/><N who="0" m="51753" /><D109/><U74/><E74/><V128/><F128/><W131/><G32/><N who="0" m="20503" /><D7/><N who="1" m="1255" /><E101/><V56/><F68/><W47/><G131/><T108/><D1/><U80/><E104/><V15/><F100/><W34/><G34/><T111/><D98/><N who="2" m="37386" /><F73/><W65/><G40/><T119/><D119/><U79/><E80/><V42/><F81/><W17/><G95/><N who="0" m="54679" /><D87/><U49/><E79/><V44/><F76/><W35/><G77/><T55/><D55/><N who="1" m="34303" /><E49/><AGARI ba="0,0" hai="49,52,58,108,111" m="54679,20503,51753" machi="49" ten="30,3900,0" yaku="20,1,54,2" doraHai="5" who="0" fromWho="1" sc="584,39,146,-39,155,0,115,0" /><INIT seed="2,0,0,2,1,56" ten="623,107,155,115" oya="2" hai0="101,68,23,106,108,34,25,111,1,71,117,9,30" hai1="27,15,29,79,127,77,85,63,59,94,58,120,121" hai2="2,118,132,0,105,90,32,99,76,97,83,115,6" hai3="42,69,35,7,44,50,57,104,88,75,46,17,102"/><V72/><F115/><W37/><G69/><N who="0" m="26699" /><D23/><N who="1" m="15615" /><E127/><V11/><F118/><W52/><G75/><T18/><D18/><U33/><E33/><V91/><F132/><W66/><G35/><T74/><D74/><U100/><E59/><V122/><F122/><N who="1" m="47209" /><E15/><V92/><F32/><W3/><G17/><T67/><D67/><N who="1" m="39415" /><E85/><V123/><F123/><W80/><G7/><N who="0" m="1263" /><D117/><U8/><E8/><V5/><F0/><W36/><G3/><T22/><D22/><U47/><E47/><V128/><F11/><W24/><G66/><T112/><D112/><U98/><AGARI ba="0,0" hai="77,79,94,98,100" m="39415,47209,15615" machi="98" ten="30,4000,0" yaku="25,1,13,1,52,1" doraHai="56" who="1" fromWho="1" sc="623,-10,107,40,155,-20,115,-10" /><INIT seed="3,0,0,4,0,23" ten="613,147,135,105" oya="3" hai0="61,92,88,43,6,22,58,60,98,110,11,128,135" hai1="93,73,62,90,47,9,126,102,70,130,26,89,94" hai2="114,133,131,52,41,122,83,10,30,71,49,132,57" hai3="82,124,81,63,14,84,95,36,20,69,55,15,59"/><W68/><G36/><T120/><D110/><U27/><E73/><V3/><F114/><W86/><G124/><T105/><D120/><U39/><E102/><V134/><F122/><W74/><G74/><T106/><D135/><U117/><E9/><V72/><F131/><W37/><G37/><T107/><D128/><U101/><E101/><V51/><F71/><W1/><G1/><T85/><D43/><U0/><E0/><V48/><F30/><W113/><G113/><T33/><D33/><U112/><E112/><V19/><F41/><W65/><G95/><T87/><D22/><U35/><E35/><V4/><F19/><W56/><G20/><T25/><D25/><U29/><E29/><V96/><F96/><W127/><G127/><T17/><D17/><U91/><E126/><V111/><F111/><W12/><G86/><T32/><D32/><U118/><E130/><V38/><F38/><W129/><G129/><T34/><D34/><U97/><E47/><V67/><F67/><W80/><REACH who="3" step="1"/><G84/><REACH who="3" ten="613,147,135,95" step="2"/><T64/><D87/><N who="1" m="52415" /><E39/><V79/><AGARI ba="0,1" hai="3,4,10,48,49,51,52,57,72,79,83,132,133,134" machi="79" ten="40,5200,0" yaku="0,1,20,1,54,1" doraHai="23" who="2" fromWho="2" sc="613,-13,147,-13,135,62,95,-26" owari="600,70.0,134,-26.6,197,-0.3,69,-43.1" /></mjloggm>