<mjloggm ver="2.3"><GO type="225" lobby="0"/><UN n0="%6C%65%74%69%74%62%65" n1="%E4%BF%BA%E3%81%A8%E5%A6%96%E5%A4%A2" n2="%E6%81%A5%E6%99%92%E3%81%97" n3="%4C%4F%4C%49%54%41" dan="16,16,17,16" rate="2116.33,2202.75,2183.52,2110.92" sx="M,F,M,F"/><TAIKYOKU oya="0"/><INIT seed="0,0,0,3,2,10" ten="250,250,250,250" oya="0" hai0="88,64,93,87,75,53,103,114,36,8,134,28,31" hai1="135,18,71,12,51,46,123,6,94,119,41,102,24" hai2="52,110,61,19,108,129,4,92,115,66,83,48,3" hai3="13,79,39,54,99,132,20,42,128,118,56,120,86"/><T0/><D114/><U125/><E119/><V21/><F115/><W43/><G118/><T29/><D75/><U105/><E123/><V116/><F116/><W33/><G33/><T55/><D36/><U9/><E105/><V57/><F129/><W124/><G128/><T80/><D64/><U84/><E71/><V2/><F83/><N who="3" m="47487" /><G39/><T121/><D121/><U37/><E135/><V72/><F72/><W25/><G124/><T69/><D69/><U133/><E133/><V67/><F92/><W73/><G73/><T45/><D45/><U107/><E125/><V26/><F67/><W104/><G104/><T109/><D109/><N who="2" m="42090" /><F4/><W63/><G132/><T58/><D58/><AGARI ba="0,0" hai="2,3,19,21,26,48,52,57,58,61,66" m="42090" machi="58" ten="30,2000,0" yaku="14,1,54,1" doraHai="10" who="2" fromWho="0" sc="250,-20,250,0,250,20,250,0" /><INIT seed="1,0,0,1,4,113" ten="230,250,270,250" oya="1" hai0="53,126,67,119,99,33,60,52,80,69,57,50,109" hai1="55,35,51,90,23,14,37,75,64,6,48,117,135" hai2="46,77,17,61,128,121,89,112,92,16,111,98,38" hai3="49,97,9,19,66,133,40,110,103,94,3,31,30"/><U0/><E37/><V107/><F121/><W123/><G123/><T28/><D109/><U95/><E35/><V54/><F111/><W120/><G110/><T131/><D131/><U102/><E75/><V125/><F128/><W82/><G120/><T26/><D126/><U36/><E36/><V47/><F125/><W73/><G133/><T91/><D53/><U105/><E135/><V130/><F130/><W93/><G66/><T122/><D122/><U76/><E76/><V10/><F107/><W58/><G3/><T44/><D119/><U84/><E64/><V32/><F32/><W56/><G82/><T127/><D127/><U12/><E117/><V34/><F34/><W134/><G73/><T42/><D99/><U79/><E79/><V124/><F124/><W88/><G134/><T87/><REACH who="0" step="1"/><D42/><REACH who="0" ten="220,250,270,250" step="2"/><U41/><E41/><V39/><F54/><W63/><G40/><T21/><D21/><U114/><E55/><V115/><F112/><W22/><G22/><T5/><D5/><U24/><E114/><V59/><F115/><W65/><G97/><T2/><D2/><U83/><E6/><V27/><F98/><W7/><G7/><T11/><D11/><U25/><E0/><V45/><F10/><W106/><G9/><T8/><D8/><U13/><E23/><V118/><F118/><W70/><G65/><T85/><D85/><U62/><E84/><V101/><F17/><W129/><G19/><T68/><AGARI ba="0,1" hai="26,28,33,44,50,52,57,60,67,68,69,80,87,91" machi="68" ten="30,7900,0" yaku="1,1,0,1,54,1,53,1" doraHai="113" doraHaiUra="29" who="0" fromWho="0" sc="220,89,250,-39,270,-20,250,-20" /><INIT seed="2,0,0,0,2,94" ten="309,211,250,230" oya="2" hai0="96,128,44,56,20,38,98,87,109,18,126,25,6" hai1="82,110,1,58,113,21,47,57,48,12,130,65,120" hai2="3,27,106,99,103,60,124,29,121,66,76,111,15" hai3="17,54,72,95,101,125,13,36,75,119,92,41,107"/><V129/><F121/><W59/><G119/><T97/><D109/><U78/><E113/><V80/><F111/><W86/><G107/><T10/><D128/><U114/><E110/><V117/><F117/><W22/><G125/><T69/><D69/><U55/><E114/><V39/><F129/><W23/><G36/><T42/><D126/><U16/><E130/><V93/><F124/><W105/><G105/><T84/><REACH who="0" step="1"/><D56/><REACH who="0" ten="299,211,250,230" step="2"/><U116/><E116/><V9/><F39/><W43/><G59/><T49/><D49/><U7/><E120/><V67/><F60/><W26/><G72/><T112/><D112/><U133/><E133/><V2/><F66/><W4/><G75/><T102/><D102/><U81/><E65/><V53/><F67/><W46/><G101/><T77/><D77/><U115/><E115/><V132/><F132/><W40/><G40/><T89/><D89/><U108/><E108/><V71/><F76/><W74/><G74/><T31/><D31/><U104/><E58/><V52/><F29/><W90/><G41/><T19/><D19/><U88/><E57/><V68/><F71/><W45/><G43/><T61/><D61/><U79/><E79/><V63/><F63/><W127/><G127/><T51/><D51/><U73/><E88/><V122/><F68/><W70/><G70/><T8/><D8/><N who="1" m="2159" /><E81/><V14/><F80/><N who="3" m="49479" /><G54/><T118/><D118/><U62/><E62/><V11/><F52/><W33/><G17/><T91/><D91/><U50/><E48/><V37/><F53/><W28/><G28/><T135/><D135/><U30/><E30/><RYUUKYOKU ba="0,1" sc="299,15,211,15,250,-15,230,-15" hai0="6,10,18,20,25,38,42,44,84,87,96,97,98" hai1="12,16,21,47,50,55,73,78,82,104" /><INIT seed="3,1,1,4,2,90" ten="314,226,235,215" oya="3" hai0="16,29,33,5,59,124,52,126,13,53,57,96,11" hai1="36,92,49,30,37,135,61,67,40,21,94,134,0" hai2="130,106,133,115,83,65,114,98,64,132,103,35,12" hai3="19,39,86,84,7,78,108,69,18,88,44,63,17"/><W27/><G108/><T75/><D75/><U120/><E0/><V93/><F35/><W1/><G78/><T66/><D96/><U20/><E120/><V117/><F117/><W46/><G84/><T79/><D79/><U32/><E32/><V99/><F12/><W122/><G122/><T95/><D95/><N who="1" m="36395" /><E49/><V81/><F130/><W24/><G7/><T6/><D66/><U60/><E40/><V107/><REACH who="2" step="1"/><F93/><REACH who="2" ten="314,226,225,215" step="2"/><N who="3" m="54423" /><G1/><T72/><D13/><U68/><E60/><V3/><F3/><W123/><G123/><T55/><D124/><U31/><E37/><V54/><F54/><W26/><G39/><T71/><D53/><U129/><E36/><V82/><F82/><W127/><G127/><T51/><D52/><U23/><E129/><V119/><F119/><W105/><G105/><T113/><D55/><U109/><E109/><V80/><F80/><W47/><G69/><T4/><D71/><U42/><E42/><V116/><F116/><W85/><G85/><T111/><D126/><U97/><E97/><V25/><F25/><W73/><G73/><T70/><D72/><U87/><E87/><V89/><F89/><W34/><G34/><T128/><D70/><U131/><E131/><V56/><F56/><W22/><G63/><T8/><D128/><U77/><E77/><V74/><F74/><W62/><G62/><T41/><D111/><U76/><E76/><V102/><AGARI ba="1,2" hai="64,65,81,83,98,99,102,103,106,107,114,115,132,133" machi="102" ten="25,6400,0" yaku="1,1,0,1,22,2,53,0" doraHai="90" doraHaiUra="50" who="2" fromWho="2" sc="314,-17,226,-17,225,87,215,-33" owari="297,9.7,209,-19.1,312,41.2,182,-31.8" /></mjloggm>