<mjloggm ver="2.3"><GO type="225" lobby="0"/><UN n0="%E3%81%BF%E3%81%BF%E3%81%9A" n1="%E3%81%AD%E3%82%80%E3%81%84%40%E9%9B%80%E9%B3%B4%E4%BC%9A" n2="%E3%81%A8%E3%82%89%E3%81%84%E3%81%A1" n3="%E5%B8%86%E7%AB%8B%E5%A4%8F%E8%A1%A3" dan="17,16,16,17" rate="2217.11,2190.93,2106.52,2261.10" sx="M,F,M,M"/><TAIKYOKU oya="0"/><INIT seed="0,0,0,1,5,5" ten="250,250,250,250" oya="0" hai0="57,9,67,66,40,91,70,134,126,25,100,133,106" hai1="127,1,21,23,125,118,60,95,107,8,108,96,98" hai2="61,18,37,92,102,58,35,86,10,121,104,27,62" hai3="45,103,123,81,113,55,73,2,29,32,65,105,56"/><T128/><D126/><N who="1" m="48139" /><E118/><V130/><F121/><W22/><G113/><T54/><D128/><U63/><E107/><V112/><F37/><W17/><G123/><T64/><D40/><U109/><E1/><V116/><F112/><W119/><G2/><T53/><D70/><U88/><E98/><N who="2" m="59719" /><F35/><W4/><G4/><T16/><D91/><U47/><E47/><V132/><F104/><W122/><G119/><T135/><D57/><U12/><E21/><N who="2" m="13751" /><F116/><W74/><G32/><T7/><D100/><U0/><E23/><V78/><F132/><W77/><G122/><T94/><D94/><U36/><E0/><V14/><F58/><W84/><G103/><T26/><D106/><U101/><E36/><V59/><F59/><W50/><G105/><T120/><D120/><U24/><E24/><N who="0" m="9321" /><D7/><N who="1" m="3103" /><E101/><V34/><F130/><W43/><G65/><T131/><D131/><U28/><E28/><V48/><F86/><W20/><G29/><T117/><D117/><U33/><E33/><V30/><F30/><W111/><G22/><T39/><D39/><U114/><E114/><V71/><F34/><W97/><G20/><T75/><D75/><U19/><E19/><V69/><F71/><W6/><G74/><T129/><D129/><U31/><E31/><V87/><F69/><W80/><G17/><T42/><D42/><U49/><E49/><V90/><F48/><N who="3" m="26687" /><G6/><T44/><D44/><U41/><E41/><V99/><F87/><W89/><G97/><T72/><D72/><U76/><E76/><V79/><F78/><W51/><G51/><T3/><D3/><U15/><E15/><AGARI ba="0,0" hai="9,15,16,53,54,64,66,67,133,134,135" m="9321" machi="15" ten="40,12000,1" yaku="6,1,20,1,52,1,54,1" doraHai="5" who="0" fromWho="1" sc="250,120,250,-120,250,0,250,0" /><INIT seed="0,1,0,3,4,46" ten="370,130,250,250" oya="0" hai0="16,75,50,112,31,104,107,8,95,14,60,124,74" hai1="52,54,78,20,89,109,82,92,9,23,56,43,19" hai2="94,91,4,106,13,27,126,1,127,97,102,40,34" hai3="39,65,79,5,22,44,103,96,38,51,0,131,90"/><T118/><D112/><U53/><E109/><V93/><F1/><W108/><G79/><T111/><D118/><U17/><E43/><V113/><F113/><W41/><G108/><T18/><D111/><U80/><E56/><V105/><F40/><W122/><G122/><T87/><D31/><U72/><E82/><V49/><F34/><W99/><G131/><T81/><D124/><N who="2" m="47658" /><F27/><W29/><G65/><T73/><D95/><U6/><E20/><V76/><F76/><W3/><G3/><T37/><D37/><U58/><E23/><V24/><F24/><W120/><G120/><T61/><D18/><U59/><E17/><V67/><F67/><W2/><G2/><T66/><D50/><U71/><E19/><V133/><F49/><W7/><G0/><T110/><D110/><U62/><E71/><V45/><F45/><W63/><G63/><T21/><D21/><U11/><E59/><V25/><F25/><N who="3" m="16567" /><G39/><T35/><D35/><U33/><E33/><V115/><F133/><W55/><G41/><T128/><D128/><U26/><E26/><V48/><F48/><W70/><G70/><T101/><D66/><U83/><E83/><V134/><F134/><W119/><G38/><T114/><D114/><U132/><E132/><V100/><F115/><W130/><G130/><T12/><D12/><U32/><E32/><V84/><F102/><W121/><G121/><T88/><REACH who="0" step="1"/><D101/><REACH who="0" ten="360,130,250,250" step="2"/><U116/><E116/><V15/><F15/><W68/><G119/><T42/><D42/><U85/><E9/><AGARI ba="1,1" hai="4,9,13,84,91,93,94,97,100,105,106" m="47658" machi="9" ten="30,1000,0" yaku="18,1" doraHai="46" who="2" fromWho="1" sc="360,0,130,-13,250,23,250,0" /><INIT seed="1,0,0,2,5,66" ten="360,117,273,250" oya="1" hai0="24,70,126,16,4,51,18,27,29,3,130,53,122" hai1="83,84,82,85,80,22,71,102,92,113,119,108,65" hai2="116,45,17,32,94,100,15,21,98,43,76,114,125" hai3="2,112,39,79,1,99,10,57,41,38,62,132,60"/><U64/><E119/><V40/><F116/><W58/><G112/><T81/><D70/><U14/><E113/><V6/><F114/><W8/><G79/><T135/><D126/><U73/><E73/><V78/><F125/><W109/><G41/><T5/><D130/><U25/><E108/><V101/><F32/><W103/><G132/><T72/><D135/><U59/><E14/><V117/><F117/><W131/><G131/><T129/><D129/><U123/><E123/><V50/><F43/><W87/><G87/><T9/><D122/><U121/><E121/><V28/><F6/><W115/><G115/><T54/><D72/><U107/><E107/><V34/><F34/><W46/><G46/><T133/><D81/><U68/><E59/><V75/><F28/><W35/><G35/><T19/><D133/><U90/><E102/><N who="2" m="39531" /><F75/><W7/><G103/><AGARI ba="0,0" hai="15,17,21,40,45,50,76,78,94,98,103" m="39531" machi="103" ten="30,1000,0" yaku="8,1" doraHai="66" who="2" fromWho="3" sc="360,0,117,0,273,10,250,-10" /><INIT seed="2,0,0,0,4,131" ten="360,117,283,240" oya="2" hai0="78,8,38,17,90,4,47,1,69,3,52,94,48" hai1="58,100,62,13,122,133,65,36,6,116,96,0,55" hai2="88,14,87,29,11,41,109,108,102,91,54,110,121" hai3="64,111,53,71,127,59,12,22,99,89,26,28,23"/><V34/><F121/><W128/><G111/><T7/><D69/><U2/><E116/><V15/><F41/><W77/><G127/><T79/><D38/><U24/><E36/><V10/><F102/><W50/><G128/><T92/><D92/><U134/><E122/><V5/><F54/><W132/><G132/><N who="1" m="50794" /><E24/><N who="2" m="18727" /><F87/><W72/><G72/><T68/><D68/><N who="1" m="42039" /><E13/><V125/><F125/><W40/><G71/><T129/><D129/><U70/><E6/><AGARI ba="0,0" hai="5,6,10,11,14,15,88,91,108,109,110" m="18727" machi="6" ten="30,5800,0" yaku="14,1,10,1,54,1" doraHai="131" who="2" fromWho="1" sc="360,0,117,-58,283,58,240,0" /><INIT seed="2,1,0,1,3,119" ten="360,59,341,240" oya="2" hai0="99,34,70,59,26,134,32,76,121,25,48,91,65" hai1="63,46,58,27,54,72,60,105,78,87,103,47,29" hai2="52,93,67,122,17,21,135,71,127,39,37,51,83" hai3="100,30,132,57,85,56,112,11,73,84,125,13,41"/><V15/><F127/><W6/><G73/><T97/><D76/><U128/><E128/><V12/><F135/><W7/><G41/><T23/><D70/><U18/><E105/><V106/><F106/><W38/><G38/><T96/><D121/><U61/><E72/><V90/><F122/><W111/><G111/><T16/><D134/><U124/><E124/><V53/><F83/><W81/><G132/><T5/><D5/><U40/><E103/><V92/><F71/><W44/><G44/><T120/><D120/><U4/><E4/><V123/><F123/><W101/><G112/><T69/><D69/><U49/><E18/><V68/><F68/><W43/><G43/><T98/><D34/><U130/><E130/><V79/><F79/><W36/><G36/><T24/><D32/><U131/><E131/><V22/><F67/><W115/><G115/><T55/><D65/><U62/><E87/><V9/><F9/><W82/><G125/><T1/><D1/><U75/><E75/><V118/><F118/><W104/><G104/><T66/><D66/><N who="1" m="39191" /><E27/><V50/><F17/><W109/><G109/><T0/><D0/><U80/><E29/><V14/><F14/><W95/><G30/><T116/><D116/><U102/><E102/><V88/><AGARI ba="1,0" hai="12,15,21,22,37,39,50,51,52,53,88,90,92,93" machi="88" ten="25,12000,1" yaku="0,1,22,2,54,2" doraHai="119" who="2" fromWho="2" sc="360,-41,59,-41,341,123,240,-41" /><INIT seed="2,2,0,3,3,57" ten="319,18,464,199" oya="2" hai0="68,46,67,79,7,72,129,48,90,131,85,27,95" hai1="24,118,97,74,91,99,123,82,40,83,14,121,124" hai2="33,56,47,102,65,51,114,49,108,96,52,66,116" hai3="0,63,37,36,77,44,18,80,50,73,104,31,78"/><V39/><F114/><W17/><G104/><T112/><D112/><U89/><E14/><V45/><F116/><W15/><G0/><T4/><D27/><U76/><E24/><V107/><F33/><W12/><G31/><T42/><D72/><U60/><E40/><V54/><F108/><W3/><G3/><T25/><D79/><U26/><E26/><V69/><F69/><W19/><G78/><T70/><D25/><U130/><E60/><V43/><AGARI ba="2,0" hai="39,43,45,47,49,51,52,54,56,65,66,96,102,107" machi="43" ten="30,3000,0" yaku="0,1,54,1" doraHai="57" who="2" fromWho="2" sc="319,-12,18,-12,464,36,199,-12" /><INIT seed="2,3,0,0,0,8" ten="307,6,500,187" oya="2" hai0="62,33,71,94,133,127,132,72,79,81,121,90,84" hai1="98,42,16,48,97,27,31,76,80,104,126,26,7" hai2="61,18,19,54,15,11,82,50,9,73,125,93,49" hai3="63,5,37,46,55,36,111,1,53,78,24,60,107"/><V118/><F118/><W12/><G1/><T20/><D33/><U135/><E126/><V115/><F115/><W6/><G107/><T124/><D71/><U128/><E135/><N who="0" m="51785" /><D62/><U52/><E128/><V134/><F125/><N who="0" m="48202" /><D20/><U51/><E7/><V86/><F134/><W34/><G111/><T65/><D65/><U66/><E104/><V23/><F73/><W35/><G78/><T43/><D43/><U29/><E66/><V68/><F93/><W89/><G89/><T77/><D77/><U75/><E42/><V130/><F68/><W44/><G24/><T123/><AGARI ba="3,0" hai="72,79,81,84,90,94,121,123" m="48202,51785" machi="123" ten="40,8000,1" yaku="20,1,18,1,34,2" doraHai="8" who="0" fromWho="0" sc="307,89,6,-23,500,-43,187,-23" owari="396,19.6,-17,-51.7,457,55.7,164,-23.6" /></mjloggm>