<mjloggm ver="2.3"><GO type="225" lobby="0"/><UN n0="%E6%A1%9C%E8%8A%B1%E9%96%83%E3%80%85" n1="%E3%81%A4%E3%81%A3%E3%81%B1%E3%82%8A%E3%83%9D%E3%83%BC%E3%83%AB" n2="%E8%81%B7%E6%A5%AD%E3%80%81%E9%A2%A8%32" n3="%E6%98%93%E5%88%A9%E8%96%A9%E4%BC%AF" dan="16,17,16,17" rate="2231.06,2144.68,2174.35,2219.05" sx="M,M,M,F"/><TAIKYOKU oya="0"/><INIT seed="0,0,0,3,5,51" ten="250,250,250,250" oya="0" hai0="41,130,87,78,6,72,103,70,59,48,43,83,91" hai1="124,100,37,75,119,97,23,106,33,52,9,76,38" hai2="114,2,44,135,54,29,98,99,64,5,115,45,85" hai3="34,57,128,118,55,16,19,81,112,50,88,84,62"/><T68/><D130/><U90/><E33/><V109/><F109/><W22/><G112/><T77/><D6/><U95/><E119/><V18/><F135/><W131/><G34/><T36/><D36/><U73/><E124/><V46/><F64/><W42/><G118/><T67/><D103/><U27/><E9/><V121/><F121/><W80/><G80/><T30/><D30/><U65/><E65/><V20/><F29/><W133/><G133/><T94/><D77/><U66/><E66/><V108/><F108/><W4/><G4/><T129/><D129/><N who="3" m="49737" /><G22/><T15/><D15/><U110/><E110/><V86/><F5/><W120/><G120/><T71/><REACH who="0" step="1"/><D67/><REACH who="0" ten="240,250,250,250" step="2"/><U116/><E76/><V105/><F2/><W24/><G24/><T96/><D96/><N who="2" m="36906" /><F114/><W35/><G35/><T25/><D25/><U61/><E116/><V82/><F115/><W56/><G56/><T14/><D14/><U28/><E100/><V102/><F102/><W74/><G74/><T117/><D117/><U39/><REACH who="1" step="1"/><E106/><REACH who="1" ten="240,240,250,250" step="2"/><V1/><F105/><W69/><G69/><T26/><D26/><U89/><E89/><V104/><F104/><W49/><G62/><T3/><D3/><U21/><E21/><V11/><F1/><W58/><G42/><T32/><D32/><U8/><E8/><V53/><F20/><W31/><G31/><T125/><D125/><U0/><E0/><V47/><F11/><W60/><G60/><T111/><D111/><U12/><E12/><V79/><N who="2" m="11264" /><DORA hai="63" /><V92/><F79/><W122/><G122/><T13/><D13/><U113/><E113/><RYUUKYOKU ba="0,2" sc="240,10,240,10,250,-30,250,10" hai0="41,43,48,59,68,70,71,72,78,83,87,91,94" hai1="23,27,28,37,38,39,52,61,73,75,90,95,97" hai3="16,19,49,50,55,57,58,81,84,88" /><INIT seed="0,1,2,5,5,135" ten="250,250,220,260" oya="0" hai0="75,49,67,134,118,82,94,101,39,111,42,26,52" hai1="3,81,103,24,65,11,84,112,114,56,109,126,33" hai2="45,102,115,133,123,130,92,97,60,96,107,89,76" hai3="117,2,104,83,8,86,72,122,66,77,105,69,31"/><T25/><D118/><U7/><E109/><V21/><F123/><W20/><G117/><T68/><D134/><U80/><E103/><V37/><F133/><W127/><G122/><T79/><D111/><U64/><E126/><V15/><F115/><N who="1" m="44073" /><E56/><V61/><F130/><W55/><G127/><T18/><D39/><U4/><E4/><V35/><F35/><W125/><G125/><T120/><D42/><U43/><E43/><V119/><F119/><W98/><G72/><T129/><D120/><U40/><E40/><V9/><F37/><W124/><G124/><T78/><D78/><N who="1" m="46103" /><E81/><V63/><F45/><W116/><G98/><T1/><D1/><U16/><E16/><V59/><F76/><W28/><G116/><T50/><D129/><U17/><E17/><V32/><F32/><W14/><G105/><T87/><D49/><U88/><E88/><V5/><REACH who="2" step="1"/><F21/><REACH who="2" ten="250,250,210,260" step="2"/><W34/><G20/><T132/><D132/><U22/><E22/><V23/><F23/><W10/><G34/><T57/><D26/><U19/><E19/><V6/><F6/><W71/><G77/><T90/><D25/><U62/><E24/><V113/><F113/><W121/><G121/><T91/><D18/><U93/><E33/><V99/><F99/><W110/><G110/><T36/><D36/><U131/><E131/><V27/><F27/><W54/><G31/><T47/><D47/><U95/><E65/><AGARI ba="1,3" hai="5,9,15,59,60,61,63,65,89,92,96,97,102,107" machi="65" ten="30,2000,0" yaku="1,1,7,1,53,0" doraHai="135" doraHaiUra="51" who="2" fromWho="1" sc="250,0,250,-23,210,53,260,0" /><INIT seed="1,0,0,4,5,21" ten="250,227,263,260" oya="1" hai0="69,131,102,75,129,130,36,43,77,42,101,59,44" hai1="105,127,109,9,10,80,81,90,98,54,103,26,46" hai2="29,2,99,61,64,14,88,111,78,35,100,95,58" hai3="87,18,50,104,122,108,38,27,126,89,37,32,72"/><U85/><E127/><V116/><F111/><W121/><G72/><T40/><D69/><U79/><E109/><V65/><F116/><W133/><G108/><T107/><D59/><U119/><E119/><V22/><F2/><W13/><G104/><T39/><D107/><U106/><E106/><V4/><F35/><W48/><G133/><T114/><D114/><U1/><E1/><V112/><F112/><W53/><G50/><T3/><D3/><U74/><E54/><N who="2" m="34007" /><F78/><W93/><G126/><T117/><D117/><U86/><E46/><V84/><F4/><W28/><G122/><T23/><D23/><U110/><E110/><V33/><F33/><W128/><G128/><T76/><D75/><U120/><E120/><V70/><F70/><W123/><G123/><T68/><D68/><U52/><E52/><V55/><F55/><W132/><G132/><T134/><D134/><U73/><E73/><V83/><F14/><W24/><G24/><AGARI ba="0,0" hai="22,24,29,64,65,83,84,88,95,99,100" m="34007" machi="24" ten="30,3900,0" yaku="8,1,52,1,54,1" doraHai="21" who="2" fromWho="3" sc="250,0,227,0,263,39,260,-39" /><INIT seed="2,0,0,3,1,113" ten="250,227,302,221" oya="2" hai0="24,122,46,30,50,9,22,65,123,49,83,43,13" hai1="135,132,21,67,129,28,39,68,103,79,100,48,40" hai2="8,108,131,2,70,102,38,121,31,116,52,82,117" hai3="4,35,66,34,91,11,85,37,127,23,95,98,110"/><V130/><F38/><W61/><G110/><T69/><D50/><U15/><E39/><V115/><F70/><W51/><G127/><T74/><D74/><U29/><E79/><V126/><F115/><W33/><G23/><T16/><REACH who="0" step="1"/><D83/><REACH who="0" ten="240,227,302,221" step="2"/><U76/><E48/><V56/><F82/><W97/><G37/><T14/><D14/><U55/><E15/><V7/><F126/><W75/><G75/><T87/><D87/><U89/><E135/><V64/><F108/><W63/><G51/><T41/><D41/><U54/><E40/><V80/><F80/><W0/><REACH who="3" step="1"/><G63/><AGARI ba="0,1" hai="9,13,16,22,24,30,43,46,49,63,65,69,122,123" machi="63" ten="40,5200,0" yaku="1,1,54,1,53,1" doraHai="113" doraHaiUra="57" who="0" fromWho="3" sc="240,62,227,0,302,0,221,-52" /><INIT seed="3,0,0,2,0,53" ten="302,227,302,169" oya="3" hai0="106,46,18,42,55,112,16,95,13,12,94,2,109" hai1="21,54,9,78,91,102,88,77,35,64,135,63,81" hai2="11,37,8,73,7,67,62,50,111,120,130,48,79" hai3="114,57,4,3,52,23,87,116,19,129,104,44,105"/><W56/><G114/><T39/><D2/><U84/><E35/><V15/><F120/><W75/><G75/><T108/><D106/><U125/><E135/><V38/><F111/><N who="0" m="42570" /><D55/><U98/><E125/><V24/><F130/><W6/><G116/><T99/><D112/><U70/><E9/><V110/><F110/><W97/><G129/><T69/><D69/><U58/><E21/><V121/><F121/><W123/><G123/><T107/><D107/><U49/><REACH who="1" step="1"/><E78/><REACH who="1" ten="302,217,302,169" step="2"/><V119/><F79/><W74/><G74/><T82/><D82/><U103/><E103/><V47/><F73/><W132/><G132/><T122/><D122/><U128/><E128/><V31/><F11/><W59/><G87/><T93/><D99/><U51/><E51/><V41/><F50/><W133/><G133/><T85/><D85/><U20/><E20/><V68/><F119/><W45/><G52/><T100/><D100/><U66/><E66/><V25/><F25/><W76/><G76/><T92/><D92/><AGARI ba="0,1" hai="49,54,58,63,64,70,77,81,84,88,91,92,98,102" machi="92" ten="30,7700,0" yaku="1,1,7,1,52,1,54,1,53,0" doraHai="53" doraHaiUra="30" who="1" fromWho="0" sc="302,-77,217,87,302,0,169,0" owari="225,-17.5,304,40.4,302,10.2,169,-33.1" /></mjloggm>