<mjloggm ver="2.3"><GO type="225" lobby="0"/><UN n0="%E3%82%A4%E3%83%BC%E3%82%B1%E3%83%97%E3%83%A9" n1="%E3%81%BF%E3%81%BF%E3%81%9A" n2="%E9%B7%B9%E5%80%89%E6%9D%8F%E9%88%B4" n3="%E3%83%96%E3%83%83%E3%83%91%E3%82%AA%E3%83%96%E3%83%81%E3%82%AD%E3%83%B3" dan="16,17,16,16" rate="2133.65,2190.80,2149.43,2132.68" sx="M,M,F,M"/><TAIKYOKU oya="0"/><INIT seed="0,0,0,5,3,14" ten="250,250,250,250" oya="0" hai0="116,66,12,0,113,23,95,102,87,85,57,93,15" hai1="101,92,44,30,115,5,65,50,56,131,83,27,60" hai2="132,11,39,34,17,84,29,111,134,121,24,26,46" hai3="75,3,55,129,36,25,128,16,122,117,58,108,98"/><T28/><D113/><U54/><E131/><N who="3" m="50250" /><G117/><T82/><D116/><U90/><E115/><V119/><F119/><W125/><G108/><T130/><D0/><U124/><E124/><V43/><F121/><W71/><G125/><T133/><D133/><N who="2" m="51306" /><F111/><W2/><G122/><T48/><D130/><U100/><E83/><V42/><F84/><W1/><G75/><T97/><D95/><U81/><E81/><V21/><F11/><W86/><G36/><T22/><D87/><U67/><E5/><V35/><F42/><W40/><G40/><T99/><D97/><U78/><E78/><V51/><F34/><W59/><G71/><T69/><D69/><U107/><E107/><V112/><F112/><W63/><G86/><T53/><D66/><U38/><E38/><AGARI ba="0,0" hai="17,21,24,26,29,35,38,39,43,46,51" m="51306" machi="38" ten="30,2000,0" yaku="20,1,52,1" doraHai="14" who="2" fromWho="1" sc="250,0,250,-20,250,20,250,0" /><INIT seed="1,0,0,2,3,132" ten="250,230,270,250" oya="1" hai0="71,96,122,62,79,63,37,105,58,35,81,1,28" hai1="118,39,54,47,103,17,15,56,119,129,114,100,131" hai2="36,45,80,48,97,120,77,13,128,52,70,6,85" hai3="9,104,22,126,113,82,18,66,90,32,78,83,64"/><U12/><E114/><V74/><F120/><W111/><G113/><T3/><D122/><U8/><E47/><V99/><F70/><W16/><G32/><T51/><D37/><U59/><E39/><V88/><F128/><N who="1" m="49225" /><E15/><V30/><F30/><W94/><G104/><T7/><D28/><U49/><E56/><V11/><REACH who="2" step="1"/><F36/><REACH who="2" ten="250,230,260,250" step="2"/><W93/><G111/><T31/><D71/><U53/><E53/><V27/><F27/><N who="3" m="14791" /><G126/><T95/><D31/><U69/><E69/><V108/><F108/><W21/><G9/><T14/><D35/><U38/><E38/><V121/><F121/><W50/><G78/><T135/><D79/><U44/><E59/><V89/><F89/><W55/><G90/><T123/><D58/><U43/><E54/><V68/><F68/><W61/><G66/><T72/><D123/><U112/><E112/><V92/><AGARI ba="0,1" hai="6,11,13,45,48,52,74,77,80,85,88,92,97,99" machi="92" ten="20,8000,1" yaku="1,1,0,1,7,1,54,2,53,0" doraHai="132" doraHaiUra="33" who="2" fromWho="2" sc="250,-20,230,-40,260,90,250,-20" /><INIT seed="2,0,0,5,1,0" ten="230,190,350,230" oya="2" hai0="39,129,72,75,77,37,45,84,126,40,18,121,19" hai1="124,3,52,98,55,120,91,28,73,21,44,7,99" hai2="78,65,115,48,15,135,36,112,8,33,66,29,123" hai3="81,13,95,82,12,60,79,133,14,85,63,106,132"/><V16/><F123/><W22/><G106/><T117/><D121/><U80/><E120/><V70/><F36/><W57/><G95/><T93/><D129/><U114/><E114/><V122/><F122/><W102/><G102/><T71/><D71/><U67/><E67/><V62/><F78/><W59/><G22/><T68/><D68/><U24/><E124/><V26/><F66/><W74/><G74/><T47/><D126/><U58/><E73/><V111/><F135/><N who="3" m="51787" /><G82/><T25/><D117/><U96/><E44/><V125/><F125/><W110/><G110/><T2/><D2/><U118/><E118/><V34/><F34/><W104/><G104/><T94/><D25/><U30/><E30/><V107/><F111/><W108/><G108/><T90/><D77/><U128/><E128/><V23/><F107/><W88/><G79/><T116/><D116/><U35/><E35/><V32/><F32/><W49/><G49/><T46/><D46/><U54/><E3/><V109/><F109/><W27/><G27/><T50/><D50/><U134/><E134/><V89/><F48/><W97/><G97/><T64/><D90/><U10/><E58/><AGARI ba="0,0" hai="12,13,14,57,58,59,60,63,81,85,88" m="51787" machi="58" ten="30,2000,0" yaku="20,1,54,1" doraHai="0" who="3" fromWho="1" sc="230,0,190,-20,350,0,230,20" /><INIT seed="3,0,0,5,1,67" ten="230,170,350,250" oya="3" hai0="132,68,11,64,74,29,70,35,111,83,135,117,45" hai1="6,87,133,127,123,76,42,44,5,13,34,126,18" hai2="2,82,28,57,12,77,48,9,93,79,23,131,40" hai3="114,99,19,39,55,66,71,8,112,51,0,4,50"/><W78/><G39/><T128/><D117/><U36/><E34/><V94/><F2/><W124/><G124/><T62/><D111/><U110/><E123/><V26/><F131/><W122/><G122/><T61/><D128/><U7/><E110/><V109/><F109/><W43/><G78/><N who="2" m="29705" /><F82/><W10/><G43/><T75/><D83/><U130/><E130/><V102/><F102/><W101/><G50/><T115/><D115/><U105/><E105/><V17/><F57/><W25/><G66/><N who="0" m="41039" /><D11/><U118/><E118/><V37/><F37/><W59/><G71/><T49/><D29/><U95/><E76/><V3/><F3/><W41/><G41/><N who="0" m="24751" /><D35/><U32/><E32/><V15/><F15/><W56/><G56/><T107/><D107/><U88/><REACH who="1" step="1"/><E133/><AGARI ba="0,0" hai="62,64,70,74,75,132,133,135" m="24751,41039" machi="133" ten="30,3900,0" yaku="20,1,52,2" doraHai="67" who="0" fromWho="1" sc="230,39,170,-39,350,0,250,0" owari="269,6.9,131,-36.9,350,45.0,250,-15.0" /></mjloggm>