<mjloggm ver="2.3"><GO type="225" lobby="0"/><UN n0="%74%2E%6F%2E%6F%2E%73" n1="%2D%E8%B1%8A%E5%8F%A3%E3%82%81%E3%81%90%E3%81%BF%2D" n2="%E3%81%AF%E3%82%88%E3%81%8A%E3%81%98%E3%81%95%E3%82%93" n3="%E3%82%8F%E3%81%8B%E3%81%B0%2A%E3%82%AC%E3%83%BC%E3%83%AB" dan="17,17,17,16" rate="2127.81,2211.10,2232.03,2064.59" sx="M,F,M,M"/><TAIKYOKU oya="0"/><INIT seed="0,0,0,2,3,45" ten="250,250,250,250" oya="0" hai0="98,37,18,71,86,69,57,63,46,58,90,42,36" hai1="6,11,73,47,40,111,128,75,20,53,32,129,108" hai2="15,3,43,95,56,77,13,38,122,87,74,103,28" hai3="93,21,133,67,121,61,55,49,4,117,26,72,102"/><T83/><D36/><U17/><E32/><V109/><F3/><W92/><G117/><T115/><D115/><U130/><E53/><V30/><F122/><W80/><G121/><T2/><D2/><N who="1" m="471" /><E17/><V114/><F114/><W105/><G105/><T118/><D118/><U135/><E20/><V27/><F109/><N who="1" m="42057" /><E135/><V78/><F74/><W82/><G72/><T100/><D18/><U19/><E19/><V79/><F38/><AGARI ba="0,0" hai="38,40,47,73,75,128,129,130" m="42057,471" machi="38" ten="40,5200,0" yaku="19,1,14,1,23,1" doraHai="45" who="1" fromWho="2" sc="250,0,250,52,250,-52,250,0" /><INIT seed="1,0,0,2,3,68" ten="250,302,198,250" oya="1" hai0="92,50,127,105,40,82,106,90,18,66,123,6,7" hai1="122,77,81,54,74,78,87,97,8,59,107,103,60" hai2="120,67,112,118,115,23,110,69,38,55,134,131,96" hai3="42,58,128,26,15,114,17,10,94,30,64,99,93"/><U91/><E122/><V72/><RYUUKYOKU type="yao9" ba="0,0" sc="250,0,302,0,198,0,250,0" hai2="23,38,55,67,69,72,96,110,112,115,118,120,131,134" /><INIT seed="1,1,0,2,3,104" ten="250,302,198,250" oya="1" hai0="29,106,22,64,117,63,134,107,91,25,53,30,79" hai1="13,111,73,121,116,88,68,15,59,56,102,60,100" hai2="51,115,2,80,55,130,21,45,82,57,89,54,74" hai3="38,96,3,66,86,34,28,16,18,67,1,119,133"/><U135/><E116/><V40/><F2/><W24/><G119/><T39/><D117/><U132/><E121/><V90/><F130/><W131/><G131/><T101/><D134/><N who="1" m="51243" /><E68/><V84/><F115/><W26/><G133/><T62/><D39/><U85/><E59/><V58/><F21/><W127/><G38/><T12/><D91/><U112/><E112/><V99/><F74/><W125/><G96/><T105/><D79/><U10/><E73/><V83/><F99/><W78/><G86/><T95/><D30/><U93/><E111/><V19/><F19/><W31/><G78/><T122/><D122/><U41/><E41/><V70/><F70/><W114/><REACH who="3" step="1"/><G34/><REACH who="3" ten="250,302,198,240" step="2"/><T65/><D107/><U110/><E110/><V76/><F76/><W92/><G92/><T108/><D95/><U97/><E85/><V0/><F84/><W46/><G46/><T128/><D106/><U123/><E123/><V42/><F0/><W48/><G48/><T87/><D87/><U124/><E124/><V17/><F83/><W72/><G72/><T36/><D36/><U35/><E35/><V61/><F51/><W69/><G69/><T23/><D128/><U27/><E93/><V5/><F45/><W4/><G4/><T32/><D108/><U8/><E97/><V129/><F5/><W109/><G109/><T20/><D32/><U47/><E47/><V7/><F7/><W33/><G33/><T11/><D105/><U113/><E113/><AGARI ba="1,1" hai="1,3,16,18,24,26,28,31,66,67,113,114,125,127" machi="113" ten="25,6400,0" yaku="1,1,22,2,54,1,53,0" doraHai="104" doraHaiUra="103" who="3" fromWho="1" sc="250,0,302,-67,198,0,240,77" /><INIT seed="2,0,0,4,5,88" ten="250,235,198,317" oya="2" hai0="118,119,59,103,15,78,43,11,77,9,5,55,35" hai1="57,26,109,24,84,127,52,133,69,89,106,80,64" hai2="16,56,20,66,87,68,44,105,135,8,41,48,34" hai3="13,101,10,53,60,42,31,45,39,2,107,93,122"/><V99/><F34/><W131/><G122/><T67/><D35/><U6/><E106/><V19/><F135/><W54/><G2/><T14/><D67/><U17/><E133/><V76/><F87/><W27/><G107/><T124/><D124/><U128/><E127/><V134/><F68/><W126/><G126/><T120/><D43/><U63/><E109/><V114/><F114/><W1/><G1/><T47/><D47/><U38/><E38/><V25/><F25/><W62/><G131/><T58/><D103/><U75/><E6/><V97/><F134/><W22/><G60/><T73/><D120/><U51/><E128/><V125/><F125/><W130/><G130/><T117/><D73/><U71/><E71/><V83/><F105/><W85/><G62/><T50/><REACH who="0" step="1"/><D59/><REACH who="0" ten="240,235,198,317" step="2"/><U123/><E123/><V102/><F102/><W21/><G101/><T49/><D49/><U96/><E75/><V74/><F56/><W4/><G21/><T65/><D65/><U72/><E72/><V113/><F66/><W116/><G116/><T115/><D115/><U104/><E104/><V81/><F113/><W3/><G54/><T90/><D90/><U108/><E69/><V12/><F81/><W82/><G53/><T7/><AGARI ba="0,1" hai="5,7,9,11,14,15,50,55,58,77,78,117,118,119" machi="7" ten="30,12000,2" yaku="1,1,0,1,9,1,12,1,53,2" doraHai="88" doraHaiUra="0" who="0" fromWho="0" sc="240,130,235,-30,198,-60,317,-30" /><INIT seed="3,0,0,4,3,44" ten="370,205,138,287" oya="3" hai0="30,29,77,114,22,28,0,72,116,64,36,57,31" hai1="111,21,102,113,10,62,37,14,91,81,99,19,33" hai2="100,16,8,68,75,90,104,15,25,109,86,3,124" hai3="101,127,89,32,59,82,88,134,1,71,13,9,17"/><W46/><G71/><T131/><D36/><U7/><E113/><V73/><F109/><W80/><G32/><T79/><D0/><U117/><E37/><V125/><F68/><W95/><G134/><T53/><D72/><U40/><E111/><V34/><F3/><W52/><G127/><T24/><D116/><U69/><E33/><V45/><F124/><W2/><G46/><T123/><D123/><U47/><E117/><V48/><F125/><W42/><G42/><T115/><D64/><U26/><E91/><N who="3" m="34890" /><G1/><T107/><D107/><U110/><E81/><V49/><F104/><W122/><G122/><T78/><D131/><U83/><E83/><V103/><F75/><W84/><G2/><T50/><AGARI ba="0,0" hai="22,24,28,29,30,31,50,53,57,77,78,79,114,115" machi="50" ten="40,2700,0" yaku="0,1,52,1" doraHai="44" who="0" fromWho="0" sc="370,27,205,-7,138,-7,287,-13" owari="397,49.7,198,-20.2,131,-36.9,274,7.4" /></mjloggm>