<mjloggm ver="2.3"><GO type="225" lobby="0"/><UN n0="%E5%B8%86%E7%AB%8B%E5%A4%8F%E8%A1%A3" n1="%E3%83%B4%E3%83%A0%EF%BC%99%E3%81%A6" n2="%70%68%65%6E%6F%6D%65" n3="%E3%81%8B%E3%82%8F%E3%81%A1%E3%82%83%E3%82%93%35%38" dan="17,17,16,16" rate="2166.30,2144.23,2157.04,2150.98" sx="M,M,M,M"/><TAIKYOKU oya="0"/><INIT seed="0,0,0,1,1,110" ten="250,250,250,250" oya="0" hai0="126,111,30,109,91,5,37,24,1,74,99,117,36" hai1="124,102,58,48,97,44,28,62,45,29,46,89,90" hai2="3,104,2,6,87,106,55,100,130,9,76,18,92" hai3="51,41,98,121,66,85,63,70,26,77,7,67,125"/><T54/><D74/><U72/><E72/><V38/><F38/><W135/><G135/><T27/><D117/><U13/><E124/><V59/><F3/><W65/><G125/><T115/><D126/><U96/><E48/><V40/><F40/><W42/><G121/><T95/><D27/><U84/><E13/><V32/><F32/><W69/><G7/><T16/><D54/><U53/><E89/><V107/><F130/><W11/><G11/><N who="0" m="2479" /><D115/><U119/><E119/><V94/><F18/><W132/><G132/><T118/><D118/><U56/><E56/><V80/><REACH who="2" step="1"/><F100/><REACH who="2" ten="250,250,240,250" step="2"/><W20/><G41/><T21/><D30/><N who="1" m="11883" /><E102/><V61/><AGARI ba="0,1" hai="2,6,9,55,59,61,76,80,87,92,94,104,106,107" machi="61" ten="30,2000,0" yaku="1,1,0,1,53,0" doraHai="110" doraHaiUra="8" who="2" fromWho="2" sc="250,-10,250,-5,240,30,250,-5" /><INIT seed="1,0,0,3,3,5" ten="240,245,270,245" oya="1" hai0="89,35,74,20,33,31,36,77,32,67,91,48,79" hai1="76,75,95,60,92,85,103,55,82,27,97,65,126" hai2="16,28,80,131,87,69,12,14,9,105,46,17,26" hai3="119,52,19,0,15,29,121,47,123,3,23,42,120"/><U25/><E126/><V135/><F131/><W129/><G129/><T114/><D36/><U125/><E125/><V30/><F135/><W94/><G119/><T106/><D114/><U134/><E134/><V8/><F69/><W34/><G34/><T108/><D106/><U21/><E55/><V59/><F105/><W6/><G29/><T43/><D108/><U110/><E110/><V83/><F46/><W49/><G6/><T61/><D43/><U18/><E92/><V101/><F101/><W100/><REACH who="3" step="1"/><G42/><REACH who="3" ten="240,245,270,235" step="2"/><T124/><D35/><U109/><E109/><V90/><F30/><W22/><G22/><T68/><D33/><U86/><REACH who="1" step="1"/><E27/><REACH who="1" ten="240,235,270,235" step="2"/><V37/><F26/><W81/><G81/><T66/><D124/><U127/><E127/><V40/><F83/><W133/><G133/><T51/><D32/><U1/><E1/><V112/><F80/><W24/><G24/><T13/><D31/><U71/><AGARI ba="0,2" hai="18,21,25,60,65,71,75,76,82,85,86,95,97,103" machi="71" ten="20,3900,0" yaku="1,1,0,1,7,1,53,0" doraHai="5" doraHaiUra="39" who="1" fromWho="1" sc="240,-13,235,59,270,-13,235,-13" /><INIT seed="1,1,0,5,1,8" ten="227,294,257,222" oya="1" hai0="129,123,14,42,75,117,119,77,53,68,60,118,36" hai1="97,99,109,85,83,39,64,105,51,34,26,69,116" hai2="30,29,58,89,19,92,126,18,130,6,81,90,61" hai3="54,4,52,115,67,96,12,45,125,91,101,35,98"/><U121/><E39/><V107/><F107/><W63/><G115/><T86/><D86/><U57/><E116/><V76/><F6/><W122/><G122/><T112/><D123/><U102/><E121/><V49/><F49/><W17/><G125/><T88/><D112/><U93/><E109/><V72/><F130/><W56/><G35/><T127/><D88/><U94/><E69/><V132/><F132/><W120/><G120/><T74/><D127/><U46/><E34/><V62/><F62/><W41/><G4/><T78/><D129/><U7/><E26/><V9/><F90/><W50/><G91/><T28/><D28/><U40/><E7/><V37/><F37/><W21/><REACH who="3" step="1"/><G96/><REACH who="3" ten="227,294,257,212" step="2"/><T10/><D118/><U38/><E97/><V113/><F126/><W135/><G135/><T47/><D117/><U110/><E110/><V82/><F113/><W124/><G124/><T5/><D119/><U103/><E103/><V27/><F82/><W31/><G31/><T73/><REACH who="0" step="1"/><D68/><REACH who="0" ten="217,294,257,212" step="2"/><U55/><E83/><V59/><F29/><W133/><G133/><T11/><D11/><U134/><E134/><V15/><F30/><W106/><AGARI ba="1,2" hai="12,17,21,41,45,50,52,54,56,63,67,98,101,106" machi="106" ten="20,12000,2" yaku="1,1,0,1,7,1,52,1,54,1,53,1" doraHai="8" doraHaiUra="100" who="3" fromWho="3" sc="217,-31,294,-61,257,-31,212,143" /><INIT seed="2,0,0,4,3,34" ten="186,233,226,355" oya="2" hai0="14,70,101,64,131,2,110,5,7,57,71,133,39" hai1="27,66,81,126,31,60,102,21,100,72,76,122,24" hai2="85,61,10,9,44,58,117,74,11,120,23,73,111" hai3="114,125,54,62,132,41,69,116,108,89,98,13,49"/><V3/><F117/><W105/><G116/><T123/><D39/><U83/><E126/><V0/><F120/><W56/><G125/><T18/><D123/><U42/><E122/><V79/><F111/><W50/><G41/><T59/><D110/><U82/><E42/><V106/><F106/><W67/><G108/><T135/><D101/><U88/><E81/><V40/><F85/><W30/><G132/><N who="0" m="50763" /><D131/><U25/><E25/><V48/><F23/><W119/><G13/><T47/><D47/><U16/><E88/><V33/><F33/><W32/><G89/><T43/><D43/><U36/><E82/><V51/><F51/><N who="3" m="30815" /><G114/><T12/><D12/><U20/><REACH who="1" step="1"/><E36/><REACH who="1" ten="186,223,226,355" step="2"/><V93/><F79/><W77/><G77/><T134/><N who="0" m="50771" /><T90/><DORA hai="91" /><D90/><U109/><E109/><V68/><F40/><W80/><G119/><T107/><D107/><U113/><E113/><V99/><F93/><W4/><G80/><T15/><D18/><U46/><E46/><V118/><F44/><W128/><G105/><T1/><D7/><U87/><E87/><V37/><F37/><W103/><G4/><T78/><D78/><U17/><E17/><V29/><F118/><W45/><G45/><T55/><D5/><U129/><E129/><V26/><F26/><N who="3" m="18519" /><G128/><T38/><D38/><U35/><E35/><V22/><F74/><W75/><G75/><T104/><D104/><U63/><E63/><V6/><F61/><W52/><G62/><N who="0" m="37967" /><D71/><AGARI ba="0,1" hai="16,20,21,24,27,31,60,66,71,72,76,83,100,102" machi="71" ten="30,3900,0" yaku="1,1,7,1,54,1,53,0" doraHai="34,91" doraHaiUra="8,84" who="1" fromWho="0" sc="186,-39,223,49,226,0,355,0" /><INIT seed="3,0,0,3,0,86" ten="147,272,226,355" oya="3" hai0="77,24,42,95,107,58,22,120,12,75,101,59,19" hai1="66,127,99,36,67,46,114,94,104,98,82,65,49" hai2="93,128,26,68,64,39,52,37,53,69,110,5,33" hai3="125,27,108,85,97,88,7,78,87,6,121,96,124"/><W30/><G121/><T31/><D120/><U81/><E114/><V118/><F118/><W134/><G134/><T45/><D107/><U129/><E36/><V1/><F5/><W123/><G123/><T4/><D75/><U43/><E127/><V20/><F33/><W112/><G112/><T74/><D74/><U106/><E129/><V25/><F1/><W2/><G78/><T29/><D77/><U57/><E57/><V61/><F69/><W105/><G85/><T9/><D31/><U89/><E104/><V10/><F10/><W103/><G97/><T111/><D111/><U40/><E40/><V32/><F110/><W48/><G48/><T50/><D101/><U117/><E117/><V109/><F128/><W51/><G51/><T80/><D80/><U47/><E47/><V100/><F26/><W3/><G3/><T13/><REACH who="0" step="1"/><D95/><REACH who="0" ten="137,272,226,355" step="2"/><N who="1" m="56687" /><E106/><V132/><F109/><W11/><G108/><T16/><D16/><U34/><E81/><V0/><F93/><W76/><G76/><T8/><AGARI ba="0,1" hai="4,8,9,12,13,19,22,24,29,42,45,50,58,59" machi="8" ten="20,5200,0" yaku="1,1,0,1,7,1,8,1,53,0" doraHai="86" doraHaiUra="122" who="0" fromWho="0" sc="137,62,272,-13,226,-13,355,-26" owari="199,-30.1,259,5.9,213,-18.7,329,42.9" /></mjloggm>