<mjloggm ver="2.3"><GO type="225" lobby="0"/><UN n0="%E3%82%BC%E3%83%AB%E3%83%80%E3%81%AE%E4%BC%9D%E8%AA%AC" n1="%4B%2E%32%2E%4B%2E" n2="%E3%83%96%E3%83%83%E3%83%91%E3%82%AA%E3%83%96%E3%83%81%E3%82%AD%E3%83%B3" n3="%E3%81%BF%E3%81%BF%E3%81%9A" dan="17,17,16,17" rate="2143.88,2164.22,2204.28,2201.16" sx="M,M,M,M"/><TAIKYOKU oya="0"/><INIT seed="0,0,0,0,0,30" ten="250,250,250,250" oya="0" hai0="62,65,26,88,6,0,75,66,20,89,18,4,31" hai1="128,59,13,129,25,71,127,19,113,49,44,37,35" hai2="29,46,96,80,106,109,14,135,110,8,53,41,27" hai3="28,57,69,115,21,111,130,58,86,36,10,81,83"/><T79/><D75/><U51/><E71/><V93/><F106/><W11/><G69/><T132/><D132/><U82/><E127/><V34/><F135/><W107/><G107/><T23/><D79/><U32/><E113/><V116/><F116/><W98/><G36/><T95/><D0/><U73/><E25/><V118/><F118/><W61/><G115/><T76/><D76/><N who="1" m="44303" /><E37/><V90/><F80/><W100/><G111/><T22/><D89/><U42/><E51/><V54/><F110/><W74/><G74/><T126/><D126/><U122/><E59/><V101/><F101/><W133/><G130/><N who="1" m="50282" /><E122/><V38/><REACH who="2" step="1"/><F109/><REACH who="2" ten="250,250,240,250" step="2"/><W2/><G133/><T5/><D31/><U12/><E12/><V84/><F84/><W33/><G86/><N who="0" m="52631" /><D62/><U47/><E47/><V50/><F50/><W94/><G61/><T63/><D63/><U102/><E102/><V112/><F112/><W105/><G100/><T7/><N who="0" m="1024" /><DORA hai="134" /><T45/><D45/><U17/><E17/><AGARI ba="0,1" hai="8,14,17,27,29,34,38,41,46,53,54,90,93,96" machi="17" ten="30,3900,0" yaku="1,1,7,1,52,1,53,0" doraHai="30,134" doraHaiUra="64,67" who="2" fromWho="1" sc="250,0,250,-39,240,49,250,0" /><INIT seed="1,0,0,2,1,113" ten="250,211,289,250" oya="1" hai0="118,46,23,106,43,20,69,10,15,14,110,53,100" hai1="103,47,131,49,18,122,31,75,22,1,57,68,128" hai2="99,132,133,77,55,50,109,126,129,58,95,62,84" hai3="67,94,97,116,35,45,124,63,6,65,32,5,114"/><U8/><E122/><V51/><F109/><W87/><G114/><T66/><D110/><U33/><E68/><V11/><F126/><W119/><G124/><T54/><D106/><U19/><E75/><V105/><F129/><N who="1" m="49737" /><E103/><N who="2" m="60927" /><F105/><W83/><G45/><T17/><D100/><U2/><E57/><V93/><F11/><W85/><G94/><T70/><D118/><N who="3" m="45097" /><G97/><T127/><D127/><U73/><E73/><V98/><F98/><W9/><G6/><T86/><D46/><U0/><E33/><N who="3" m="12874" /><G83/><T7/><D7/><U101/><E8/><V112/><F112/><W38/><G38/><T60/><D10/><U74/><E101/><V89/><F77/><W40/><G40/><T34/><D43/><N who="1" m="24831" /><E74/><V115/><F115/><W123/><G123/><T3/><D34/><U130/><N who="1" m="49745" /><U90/><DORA hai="81" /><E90/><V117/><F117/><W80/><G80/><T39/><D23/><U29/><E19/><V125/><F125/><W102/><G102/><T24/><D17/><U88/><E88/><V64/><F89/><W79/><G79/><T104/><D104/><U78/><E78/><V21/><F93/><W13/><G65/><T121/><D66/><U96/><E96/><V25/><F64/><W26/><G26/><AGARI ba="0,0" hai="0,1,2,18,22,26,29,31" m="24831,49745" machi="26" ten="50,2400,0" yaku="19,1" doraHai="113,81" who="1" fromWho="3" sc="250,0,211,24,289,0,250,-24" /><INIT seed="1,1,0,5,5,27" ten="250,235,289,226" oya="1" hai0="80,60,48,3,50,65,59,32,95,26,58,98,114" hai1="11,22,61,76,18,69,72,73,33,52,31,84,110" hai2="133,64,24,49,132,66,91,94,62,20,55,112,120" hai3="118,34,107,77,113,82,57,5,125,37,96,83,87"/><U23/><E110/><V39/><F120/><W117/><G37/><T54/><D114/><U47/><E33/><V108/><F39/><W63/><G5/><T115/><D115/><U9/><E69/><V90/><F108/><W106/><G34/><T122/><D3/><U74/><E23/><V75/><F75/><W44/><G113/><T78/><D122/><U0/><E0/><V53/><F112/><W35/><G35/><T123/><D123/><U128/><E128/><V8/><F8/><W38/><G125/><T100/><D32/><U56/><E31/><V111/><F111/><W15/><G15/><T17/><D26/><U21/><E21/><V43/><F43/><N who="3" m="22647" /><G96/><T1/><D1/><U16/><E47/><V102/><F102/><W103/><G82/><T116/><D116/><N who="3" m="44649" /><G103/><T13/><D13/><U124/><E124/><V14/><F14/><W67/><AGARI ba="1,0" hai="57,63,67,77,83,87,106,107" m="44649,22647" machi="67" ten="30,1100,0" yaku="12,1" doraHai="27" who="3" fromWho="3" sc="250,-4,235,-6,289,-4,226,14" /><INIT seed="2,0,0,0,2,84" ten="246,229,285,240" oya="2" hai0="104,52,118,99,111,31,50,57,5,85,100,135,110" hai1="95,61,13,82,28,6,48,131,16,78,21,73,108" hai2="109,81,133,97,47,68,101,49,62,32,117,67,71" hai3="69,121,123,2,91,25,1,132,37,63,34,15,23"/><V59/><F117/><W17/><G37/><T107/><D118/><U72/><E108/><N who="0" m="41513" /><D135/><U35/><E131/><V94/><F109/><W112/><G91/><T66/><D5/><U77/><E61/><V42/><F133/><W58/><G69/><T120/><D120/><N who="3" m="46153" /><G58/><T80/><D31/><U4/><E48/><V87/><REACH who="2" step="1"/><F32/><REACH who="2" ten="246,229,275,240" step="2"/><W60/><G132/><T65/><D107/><U9/><E35/><V22/><F22/><W0/><G60/><T3/><D3/><U89/><E21/><V30/><F30/><N who="3" m="19791" /><G63/><T83/><D83/><U105/><E28/><V76/><AGARI ba="0,1" hai="42,47,49,59,62,67,68,71,76,81,87,94,97,101" machi="76" ten="20,7800,0" yaku="1,1,0,1,7,1,53,1" doraHai="84" doraHaiUra="55" who="2" fromWho="2" sc="246,-26,229,-26,275,88,240,-26" /><INIT seed="2,1,0,0,2,22" ten="220,203,363,214" oya="2" hai0="66,124,130,40,127,11,54,131,96,45,60,30,75" hai1="104,57,122,12,81,76,119,83,107,9,29,113,1" hai2="128,82,50,134,72,109,5,129,91,67,79,13,102" hai3="36,17,103,37,34,110,61,108,24,78,105,95,59"/><V120/><F120/><W126/><G78/><T58/><D75/><U132/><E113/><V16/><F67/><W4/><G4/><T48/><D11/><U94/><E119/><V114/><F114/><W42/><G105/><T49/><D96/><U80/><E1/><V135/><F102/><W14/><G126/><N who="0" m="48171" /><D30/><U26/><E76/><V118/><F118/><W63/><G95/><T90/><D90/><U68/><E68/><AGARI ba="1,0" hai="40,45,48,49,54,58,60,66,68,130,131" m="48171" machi="68" ten="30,3900,0" yaku="18,1,34,2" doraHai="22" who="0" fromWho="1" sc="220,42,203,-42,363,0,214,0" /><INIT seed="3,0,0,1,2,59" ten="262,161,363,214" oya="3" hai0="22,116,85,68,76,33,17,126,44,19,86,91,102" hai1="26,62,73,74,29,46,21,113,94,71,12,10,47" hai2="105,132,87,48,104,128,93,84,72,60,111,14,114" hai3="118,56,112,20,135,90,133,92,42,107,81,32,45"/><W80/><G118/><T13/><D116/><U77/><E113/><V65/><F114/><W97/><G32/><T117/><D117/><U35/><E94/><V124/><F72/><W121/><G112/><T6/><D33/><U37/><E77/><V110/><F124/><W0/><G0/><T9/><D68/><U79/><E79/><V8/><F48/><W119/><G119/><T70/><D70/><U25/><E73/><V51/><F51/><W15/><G56/><T69/><D69/><U106/><E106/><N who="2" m="41067" /><F93/><W23/><G121/><T134/><D134/><U89/><E74/><V57/><F128/><W122/><G122/><T109/><D109/><N who="2" m="41482" /><F132/><W131/><G131/><T2/><D17/><AGARI ba="0,0" hai="8,14,17,57,60,65,84,87" m="41482,41067" machi="17" ten="30,2000,0" yaku="14,1,52,1" doraHai="59" who="2" fromWho="0" sc="262,-20,161,0,363,20,214,0" owari="242,4.2,161,-33.9,383,48.3,214,-18.6" /></mjloggm>