<mjloggm ver="2.3"><GO type="225" lobby="0"/><UN n0="%E3%81%8B%E3%82%8F%E3%81%A1%E3%82%83%E3%82%93%35%38" n1="%4C%4F%4C%49%54%41" n2="%E3%81%BD%E3%81%A1%E3%81%9F%E3%81%93%E3%82%84" n3="%E5%91%A8%E6%9D%B1" dan="16,16,17,17" rate="2153.49,2107.81,2219.16,2229.47" sx="M,F,M,M"/><TAIKYOKU oya="0"/><INIT seed="0,0,0,4,3,46" ten="250,250,250,250" oya="0" hai0="63,39,133,27,120,5,12,41,95,98,10,29,113" hai1="118,111,38,129,127,82,107,15,72,85,58,36,40" hai2="79,86,123,49,64,3,61,124,135,132,105,26,88" hai3="76,89,35,126,100,122,84,50,1,60,30,70,51"/><T71/><D113/><U19/><E118/><V104/><F123/><W25/><G1/><T31/><D120/><U13/><E107/><V2/><F79/><W77/><G122/><T94/><D133/><N who="2" m="51274" /><F26/><W67/><G126/><T54/><D31/><U96/><E72/><V47/><F124/><W21/><G100/><T73/><D73/><U109/><E129/><V56/><F104/><W18/><G77/><T65/><D41/><U28/><E96/><V24/><F24/><W22/><G76/><T128/><D39/><U55/><E28/><V81/><F105/><W4/><G4/><T8/><D128/><U6/><E6/><V59/><F59/><W69/><G69/><T102/><D10/><N who="1" m="6583" /><E15/><V17/><F17/><W97/><G97/><T74/><D74/><U87/><E40/><AGARI ba="0,0" hai="2,3,40,47,49,56,61,64,81,86,88" m="51274" machi="40" ten="30,3900,0" yaku="20,1,52,1,54,1" doraHai="46" who="2" fromWho="1" sc="250,0,250,-39,250,39,250,0" /><INIT seed="1,0,0,3,1,54" ten="250,211,289,250" oya="1" hai0="26,65,62,56,27,37,24,109,126,127,85,42,36" hai1="30,71,29,5,9,121,84,75,60,18,133,93,32" hai2="120,61,128,106,102,43,66,98,112,83,69,113,46" hai3="68,118,110,39,101,58,81,1,92,76,80,3,50"/><U111/><E121/><V89/><F120/><W97/><G39/><T38/><D42/><U25/><E75/><V15/><F128/><W96/><G68/><T2/><D2/><U74/><E74/><V99/><F15/><W52/><G110/><T57/><D109/><U78/><E111/><V0/><F0/><W70/><G118/><T105/><D105/><U55/><E133/><V114/><F98/><W131/><G131/><T8/><D8/><U117/><E117/><V64/><F64/><W124/><G70/><T10/><D10/><U82/><E30/><V95/><F83/><W35/><G35/><T44/><D44/><U53/><E18/><V16/><F16/><W49/><G124/><N who="0" m="47659" /><D85/><U123/><E123/><V12/><F12/><W108/><G108/><T130/><D130/><U45/><E45/><V122/><F122/><W67/><G67/><T119/><D119/><U59/><E93/><V94/><REACH who="2" step="1"/><F89/><REACH who="2" ten="250,211,279,250" step="2"/><W87/><G97/><T129/><D129/><U6/><E6/><V77/><F77/><W41/><G81/><T7/><D7/><U107/><E71/><AGARI ba="0,1" hai="24,26,27,36,37,38,56,57,62,65,71" m="47659" machi="71" ten="40,5200,0" yaku="18,1,52,2" doraHai="54" who="0" fromWho="1" sc="250,62,211,-52,279,0,250,0" /><INIT seed="2,0,0,1,5,96" ten="312,159,279,250" oya="2" hai0="131,91,35,40,124,120,119,49,118,72,50,57,31" hai1="81,16,109,12,100,67,125,52,63,53,41,126,36" hai2="101,117,102,13,76,122,115,80,71,73,121,5,7" hai3="132,77,0,55,93,133,107,92,32,86,30,59,51"/><V123/><F115/><W45/><G107/><T105/><D120/><U103/><E109/><V15/><F71/><W74/><G0/><T62/><D72/><U110/><E110/><V113/><F113/><W14/><G74/><T58/><D105/><U46/><E81/><V23/><F117/><W135/><G14/><T8/><D35/><U127/><E53/><V9/><F23/><W37/><G77/><T116/><D31/><U17/><E52/><V47/><F47/><W28/><G86/><T3/><D131/><U108/><E108/><V84/><REACH who="2" step="1"/><F73/><REACH who="2" ten="312,159,269,250" step="2"/><W95/><G32/><T69/><D69/><N who="1" m="42239" /><E17/><V66/><F66/><W60/><G37/><T27/><D118/><U18/><E18/><V87/><F87/><W39/><G39/><T33/><D116/><U88/><E88/><V106/><F106/><W56/><G56/><T85/><D58/><U21/><AGARI ba="0,1" hai="12,16,21,36,41,46,100,103,125,126,127" m="42239" machi="21" ten="30,7900,0" yaku="18,1,52,2,54,1" doraHai="96" who="1" fromWho="1" sc="312,-20,159,89,269,-39,250,-20" /><INIT seed="3,0,0,2,1,60" ten="292,248,230,230" oya="3" hai0="118,41,120,34,95,76,113,115,97,61,75,57,17" hai1="14,18,132,131,101,85,50,73,77,0,15,70,94" hai2="114,56,55,87,102,29,22,128,124,133,126,130,127" hai3="46,67,91,79,89,90,59,52,64,32,111,78,112"/><W107/><G112/><N who="0" m="43083" /><D120/><U45/><E0/><V96/><F114/><W12/><G107/><T8/><D118/><U83/><E70/><V99/><F87/><W43/><G32/><T10/><D34/><U6/><E131/><N who="2" m="50219" /><F29/><W81/><G111/><T49/><D17/><U116/><E132/><V26/><F102/><W119/><G119/><T93/><D93/><U11/><E116/><V47/><F47/><W44/><G12/><T134/><D134/><U129/><E129/><V19/><F133/><W33/><G33/><T125/><D125/><U68/><E68/><V84/><F84/><N who="3" m="48183" /><G79/><T69/><D69/><U98/><E73/><V5/><F5/><W92/><G92/><T38/><D38/><U66/><E66/><N who="3" m="25130" /><G43/><T122/><D76/><U9/><E45/><V13/><F26/><W36/><G36/><T27/><D27/><U106/><E106/><V24/><F24/><W109/><G109/><T39/><D39/><U31/><E14/><V20/><F20/><W53/><G53/><N who="0" m="33967" /><D75/><U100/><E15/><V63/><AGARI ba="0,0" hai="13,19,22,55,56,63,96,99,124,126,127" m="50219" machi="63" ten="40,2700,0" yaku="18,1,19,1" doraHai="60" who="2" fromWho="2" sc="292,-7,248,-7,230,27,230,-13" /><INIT seed="4,0,0,3,4,121" ten="285,241,257,217" oya="0" hai0="64,54,6,32,67,38,29,22,36,39,127,70,18" hai1="20,58,75,63,117,19,102,10,111,107,81,104,47" hai2="17,66,15,78,50,83,133,1,55,23,114,112,0" hai3="43,123,11,42,120,74,26,90,57,82,3,34,7"/><T8/><D70/><U28/><E117/><V25/><F66/><W35/><G57/><T116/><D116/><U24/><E111/><V126/><F133/><W132/><G132/><T84/><D84/><U68/><E68/><V44/><F126/><W65/><G65/><T59/><D127/><U72/><E47/><V49/><F15/><W86/><G74/><T60/><D29/><U119/><E119/><V9/><F50/><W37/><G37/><T56/><D32/><N who="3" m="12329" /><G26/><T113/><D113/><N who="2" m="43626" /><F9/><W31/><G31/><T33/><D33/><U51/><E51/><V110/><F110/><W91/><G91/><T12/><REACH who="0" step="1"/><D59/><REACH who="0" ten="275,241,257,217" step="2"/><U128/><E58/><V48/><F49/><W77/><G77/><T105/><D105/><U118/><E118/><V98/><F98/><W13/><G3/><AGARI ba="0,1" hai="3,6,8,12,18,22,36,38,39,54,56,60,64,67" machi="3" ten="40,2000,0" yaku="1,1,53,0" doraHai="121" doraHaiUra="21" who="0" fromWho="3" sc="275,30,241,0,257,0,217,-20" owari="305,40.5,241,-15.9,257,5.7,197,-30.3" /></mjloggm>