<mjloggm ver="2.3"><GO type="225" lobby="0"/><UN n0="%E3%83%A9%E3%82%B9%E7%8E%87%EF%BC%93%E5%89%B2" n1="%E6%97%A5%E6%9B%9C%E6%97%A5%E3%82%88%E3%82%8A%E3%81%AE%E4%BD%BF%E8%80%85" n2="%E6%B8%A9%E2%98%85%E6%83%85%E2%98%85%E6%8E%AA%E2%98%85%E7%BD%AE" n3="%E3%81%AF%E3%82%88%E3%81%8A%E3%81%98%E3%81%95%E3%82%93" dan="16,16,17,17" rate="2177.90,2166.38,2200.67,2138.24" sx="F,M,M,M"/><TAIKYOKU oya="0"/><INIT seed="0,0,0,5,4,96" ten="250,250,250,250" oya="0" hai0="133,40,56,42,46,99,120,36,15,97,53,11,110" hai1="116,6,18,9,91,98,19,44,57,83,63,94,14" hai2="0,134,3,78,38,74,121,124,23,132,10,58,48" hai3="93,92,37,39,100,52,111,29,5,73,24,107,55"/><T85/><D120/><U50/><E116/><V1/><F121/><W126/><G73/><T12/><D133/><N who="2" m="51306" /><F38/><W43/><G107/><T65/><D110/><U86/><E63/><V114/><F114/><W51/><G111/><T108/><D108/><U64/><E64/><V76/><F124/><W7/><G126/><T128/><D128/><U122/><E57/><V34/><F34/><W125/><G125/><T59/><D42/><U102/><REACH who="1" step="1"/><E122/><REACH who="1" ten="250,240,250,250" step="2"/><V66/><F66/><W33/><G39/><T109/><D59/><U61/><E61/><V103/><F58/><W75/><G37/><T32/><D65/><U20/><E20/><V2/><F23/><W45/><G33/><T70/><D32/><U41/><AGARI ba="0,1" hai="6,9,14,18,19,41,44,50,83,86,91,94,98,102" machi="41" ten="20,12000,2" yaku="1,1,0,1,7,1,8,1,52,1,53,1" doraHai="96" doraHaiUra="95" who="1" fromWho="1" sc="250,-60,240,130,250,-30,250,-30" /><INIT seed="1,0,0,2,2,15" ten="190,370,220,220" oya="1" hai0="67,81,58,75,96,28,99,36,17,4,57,47,89" hai1="59,87,69,11,116,78,34,120,24,110,72,63,68" hai2="49,73,5,46,50,123,115,88,48,113,83,43,109" hai3="7,91,112,41,37,76,44,93,129,85,98,102,3"/><U95/><E116/><V14/><F123/><W27/><G129/><T131/><D131/><U8/><E120/><V45/><F109/><W16/><G112/><N who="2" m="43081" /><F46/><W39/><G76/><T13/><D4/><U33/><E72/><V74/><F5/><W80/><G7/><T61/><D28/><U84/><E110/><V65/><F65/><W71/><G71/><T2/><D2/><U104/><E104/><V62/><F62/><W125/><G125/><T127/><D58/><U42/><E42/><V122/><F14/><W22/><REACH who="3" step="1"/><G3/><REACH who="3" ten="190,370,220,210" step="2"/><T19/><D127/><U117/><E69/><V108/><F122/><W107/><G107/><T38/><D75/><N who="2" m="28682" /><F108/><W124/><G124/><T94/><D38/><AGARI ba="0,1" hai="16,22,27,37,38,39,41,44,80,85,91,93,98,102" machi="38" ten="30,7700,0" yaku="1,1,7,1,52,1,54,1,53,0" doraHai="15" doraHaiUra="51" who="3" fromWho="0" sc="190,-77,370,0,220,0,210,87" /><INIT seed="2,0,0,1,0,28" ten="113,370,220,297" oya="2" hai0="13,52,128,109,89,9,40,100,49,85,111,48,67" hai1="31,15,19,114,26,58,0,93,84,32,70,123,64" hai2="97,2,113,24,1,16,133,51,4,23,3,11,18" hai3="36,131,34,7,21,6,39,117,104,87,22,107,8"/><V121/><F113/><W59/><G87/><T126/><D128/><U44/><E114/><V99/><F121/><W17/><G59/><T90/><D126/><U78/><E0/><V124/><F124/><W50/><G50/><T129/><D129/><U62/><E123/><V74/><F74/><W112/><G131/><T98/><D67/><U103/><E44/><V106/><F133/><W29/><G112/><T116/><D49/><U79/><E70/><V105/><F51/><W110/><G29/><T33/><D40/><U73/><E73/><V119/><F119/><W53/><G53/><T76/><D33/><U75/><E75/><V14/><REACH who="2" step="1"/><F4/><REACH who="2" ten="113,370,210,297" step="2"/><W88/><G6/><T60/><D116/><U122/><E122/><V134/><F134/><W61/><G7/><T25/><D60/><U102/><E62/><V120/><F120/><W56/><G61/><T125/><D125/><U71/><E71/><V20/><F20/><W101/><G21/><T63/><D63/><U82/><E64/><V66/><F66/><W115/><G22/><T69/><D69/><U81/><E32/><V42/><F42/><W41/><G41/><T94/><D111/><U92/><E31/><V130/><F130/><W96/><G34/><T135/><D109/><U35/><E35/><V45/><F45/><W43/><G43/><T57/><D135/><U55/><E58/><V5/><F5/><W68/><G68/><T127/><D127/><U54/><E54/><V65/><F65/><W86/><G110/><T38/><D38/><U77/><E55/><V47/><F47/><W72/><G39/><RYUUKYOKU ba="0,1" sc="113,-10,370,-10,210,30,297,-10" hai2="1,2,3,11,14,16,18,23,24,97,99,105,106" /><INIT seed="2,1,1,0,5,63" ten="103,360,240,287" oya="2" hai0="79,73,12,112,66,9,110,51,28,30,52,20,127" hai1="85,107,56,132,32,2,83,10,115,90,42,102,117" hai2="31,41,72,89,14,86,61,47,17,109,38,49,135" hai3="95,44,45,50,97,48,40,120,134,26,7,123,87"/><V69/><F135/><W13/><G134/><T133/><D133/><U18/><E32/><V24/><F72/><W15/><G87/><T57/><D112/><U128/><E132/><V19/><F109/><W84/><G84/><T82/><D110/><U93/><E115/><V111/><F111/><W118/><G118/><T27/><D127/><U77/><E117/><V74/><F74/><W131/><G131/><T64/><REACH who="0" step="1"/><D30/><REACH who="0" ten="93,360,240,287" step="2"/><U88/><E128/><V65/><F38/><W78/><G123/><T21/><D21/><U62/><E10/><V108/><F108/><W29/><G120/><T80/><D80/><U33/><E83/><V23/><F14/><W39/><G29/><T124/><D124/><U43/><E2/><V76/><F76/><W55/><G78/><T94/><D94/><AGARI ba="1,2" hai="17,19,23,24,31,41,47,49,61,65,69,86,89,94" machi="94" ten="30,2900,0" yaku="7,1,52,1" doraHai="63" who="2" fromWho="0" sc="93,-32,360,0,240,52,287,0" /><INIT seed="2,2,0,4,2,89" ten="61,360,292,287" oya="2" hai0="127,6,130,33,109,26,42,16,126,14,51,55,53" hai1="129,82,31,1,134,119,37,2,133,22,27,80,61" hai2="101,50,77,105,39,25,12,10,43,66,0,104,122" hai3="49,108,103,100,44,75,85,9,7,32,99,76,110"/><V81/><F122/><W91/><G32/><T68/><D68/><U3/><E119/><V84/><F0/><W98/><G75/><T13/><D109/><N who="3" m="42089" /><G76/><T72/><D72/><U71/><E37/><V90/><F39/><W65/><G65/><T114/><D114/><U124/><E124/><V97/><F66/><W95/><G100/><T5/><D42/><U64/><REACH who="1" step="1"/><E129/><REACH who="1" ten="61,350,292,287" step="2"/><V11/><F105/><W38/><G38/><T40/><D130/><U123/><E123/><V18/><F25/><W24/><G24/><T70/><D26/><U48/><E48/><V41/><F50/><W35/><G35/><T121/><D33/><U78/><E78/><V111/><F111/><W94/><G49/><T132/><D51/><U131/><E131/><V73/><REACH who="2" step="1"/><F10/><REACH who="2" ten="61,350,282,287" step="2"/><W74/><G9/><T4/><D121/><U93/><E93/><AGARI ba="2,2" hai="11,12,18,41,43,73,77,81,84,90,93,97,101,104" machi="93" ten="30,18000,2" yaku="1,1,2,1,7,1,24,2,52,1,53,0" doraHai="89" doraHaiUra="28" who="2" fromWho="1" sc="61,0,350,-186,282,206,287,0" /><INIT seed="2,3,0,5,1,62" ten="61,164,488,287" oya="2" hai0="49,44,25,21,0,94,69,54,28,86,134,133,22" hai1="52,111,19,34,72,68,96,104,118,114,122,11,4" hai2="107,60,112,13,24,119,65,71,8,58,9,135,95" hai3="43,5,80,126,7,74,51,120,26,6,63,20,115"/><V103/><F112/><W82/><G120/><T101/><D0/><U45/><E72/><V53/><F119/><W90/><G74/><T99/><D69/><U39/><E68/><V50/><F135/><W2/><G2/><T84/><REACH who="0" step="1"/><D22/><REACH who="0" ten="51,164,488,287" step="2"/><U77/><E114/><V64/><F71/><W16/><G115/><T83/><D83/><U106/><E122/><V23/><F23/><W92/><G126/><T36/><D36/><U128/><E39/><V66/><F107/><W108/><G108/><T67/><D67/><U27/><E106/><V15/><F66/><W55/><G43/><T88/><D88/><U100/><E104/><V38/><F65/><W41/><G41/><T131/><D131/><U59/><E128/><V30/><F64/><W32/><G32/><T124/><D124/><U56/><E34/><V14/><F38/><W29/><G29/><T61/><D61/><U3/><E111/><V121/><F60/><W81/><G63/><T125/><D125/><U48/><E118/><V110/><F110/><W75/><G75/><T42/><D42/><U10/><E3/><V37/><F37/><W12/><G81/><T117/><D117/><U116/><E116/><V97/><F121/><W76/><G76/><T98/><D98/><U57/><E77/><V35/><AGARI ba="3,1" hai="8,9,13,14,15,24,30,35,50,53,58,95,97,103" machi="35" ten="30,1500,0" yaku="0,1" doraHai="62" who="2" fromWho="2" sc="51,-8,164,-8,488,34,287,-8" /><INIT seed="2,4,0,3,5,126" ten="43,156,522,279" oya="2" hai0="52,114,32,102,73,97,113,0,81,120,47,40,24" hai1="78,125,60,46,90,82,58,74,112,99,98,28,69" hai2="77,17,84,30,128,75,92,100,22,123,131,116,124" hai3="29,8,107,37,76,79,63,15,132,54,108,122,12"/><V21/><F123/><W111/><G122/><T33/><D120/><U61/><E112/><V3/><F116/><W55/><G132/><T42/><D0/><U14/><E125/><V27/><F124/><W36/><G29/><T25/><D73/><U130/><E130/><N who="2" m="49707" /><F3/><W87/><G107/><T91/><D81/><U26/><E14/><N who="2" m="9399" /><F75/><W86/><G55/><T103/><D97/><U10/><E99/><N who="2" m="59495" /><F84/><W110/><G87/><T83/><D83/><U50/><E82/><V129/><F129/><W104/><G86/><T6/><D91/><U20/><E90/><V109/><F77/><W7/><G79/><T31/><D31/><U133/><E28/><V18/><F109/><W9/><G76/><T70/><D70/><U23/><E69/><V65/><F30/><W68/><G110/><T115/><D115/><U88/><E78/><V72/><F72/><W127/><G127/><T34/><D34/><U89/><E74/><V45/><F45/><W48/><G111/><T13/><D47/><U35/><E46/><V53/><F53/><W134/><G54/><T39/><D52/><U67/><E35/><V44/><F44/><W2/><G2/><T106/><D106/><U5/><E89/><V66/><AGARI ba="4,0" hai="18,22,27,65,66" m="59495,9399,49707" machi="66" ten="30,11700,0" yaku="19,1,52,3" doraHai="126" who="2" fromWho="2" sc="43,-43,156,-43,522,129,279,-43" /><INIT seed="2,5,0,2,1,14" ten="0,113,651,236" oya="2" hai0="61,88,13,112,48,74,85,43,37,123,93,134,29" hai1="128,33,119,87,23,73,113,57,126,118,115,133,15" hai2="10,3,109,103,75,16,18,50,82,36,9,12,19" hai3="117,62,107,52,94,40,46,91,26,7,5,70,76"/><V116/><F36/><W132/><G117/><T8/><D74/><U79/><E79/><V24/><F116/><W111/><G107/><T30/><D112/><U25/><E87/><V106/><F3/><W72/><G111/><T32/><D123/><U110/><E57/><V20/><F109/><W71/><G132/><T60/><D37/><U66/><E66/><V84/><F75/><W64/><G71/><T47/><D134/><U0/><E15/><N who="2" m="7279" /><F106/><W100/><G100/><T104/><D104/><U31/><E23/><V34/><F34/><W38/><G26/><T89/><D32/><U114/><E25/><V67/><F67/><W45/><G76/><T28/><D89/><U97/><E97/><V41/><F103/><W1/><G72/><T120/><D120/><U101/><E101/><V59/><F59/><W22/><G22/><T102/><D102/><U42/><E114/><V92/><F92/><W122/><G122/><T105/><D105/><U53/><E115/><V131/><F131/><W49/><G1/><T78/><D78/><U69/><E128/><V58/><F58/><W129/><G129/><T125/><D125/><U27/><E126/><V65/><F65/><W39/><G38/><T98/><D98/><AGARI ba="5,0" hai="5,7,39,40,45,46,49,52,62,64,70,91,94,98" machi="98" ten="30,2000,0" yaku="7,1,54,1" doraHai="14" who="3" fromWho="0" sc="0,-35,113,0,651,0,236,35" owari="-35,-53.5,113,-28.7,651,75.1,271,7.1" /></mjloggm>