<mjloggm ver="2.3"><GO type="225" lobby="0"/><UN n0="%E6%A1%9C%E8%8A%B1%E9%96%83%E3%80%85" n1="%E3%83%A9%E3%83%BC%E3%83%A1%E3%83%B3%E4%BA%94%E9%83%8E" n2="%E5%B0%8F%E9%B3%A5%E9%81%8A%E7%B7%B4%E7%84%A1%32%31%E6%AD%B3" n3="%E7%B4%94%E6%BD%94%E3%83%94%E3%83%A9%E3%83%8B%E3%82%A2" dan="16,16,16,16" rate="2202.47,2077.69,2187.28,2137.87" sx="M,M,F,M"/><TAIKYOKU oya="0"/><INIT seed="0,0,0,5,4,126" ten="250,250,250,250" oya="0" hai0="102,10,92,8,85,51,53,125,75,63,34,83,88" hai1="35,109,129,100,90,114,113,20,95,14,1,33,52" hai2="67,56,97,15,26,87,30,16,115,121,24,134,21" hai3="40,130,110,73,112,119,70,39,76,58,22,57,66"/><T131/><D125/><U128/><E1/><V132/><F115/><N who="1" m="44041" /><E109/><V116/><F121/><W36/><G76/><T64/><D34/><N who="1" m="12811" /><E100/><V60/><F116/><W11/><G11/><T81/><D131/><N who="1" m="50251" /><E52/><V0/><F0/><W99/><G130/><T103/><D103/><U93/><E90/><V3/><F3/><W120/><G120/><T54/><D54/><U71/><E71/><V124/><F124/><W108/><G70/><T104/><D104/><U135/><E135/><V49/><F134/><W133/><G58/><N who="0" m="36983" /><D102/><U118/><E118/><V123/><F123/><W5/><G57/><N who="0" m="32959" /><D75/><U107/><E107/><V74/><F132/><W6/><G73/><T86/><D92/><U65/><E65/><V78/><F74/><W89/><G66/><T45/><D45/><U4/><E20/><V41/><F21/><W94/><G22/><T98/><D98/><U68/><E68/><V37/><F97/><W13/><G99/><T84/><D84/><U122/><E122/><V59/><F87/><W62/><G133/><T101/><D101/><U127/><E127/><V31/><F67/><W43/><G119/><T106/><D106/><U111/><E111/><V79/><F79/><AGARI ba="0,0" hai="8,10,79,81,83,85,86,88" m="32959,36983" machi="79" ten="30,2900,0" yaku="8,1,54,1" doraHai="126" who="0" fromWho="2" sc="250,29,250,0,250,-29,250,0" /><INIT seed="0,1,0,0,3,119" ten="279,250,221,250" oya="0" hai0="44,106,129,75,113,5,96,16,10,65,56,131,14" hai1="121,78,54,127,126,107,43,4,72,60,103,105,104" hai2="128,8,11,38,76,135,66,123,117,125,29,24,1" hai3="40,3,39,57,134,6,93,124,35,109,77,130,80"/><T28/><D113/><U115/><E115/><V15/><F38/><W9/><G109/><T17/><D75/><U89/><E43/><V31/><F66/><W70/><G70/><T90/><D28/><U79/><E4/><N who="2" m="1039" /><F76/><N who="1" m="29225" /><E72/><V33/><F117/><W118/><G118/><T45/><D65/><U97/><E54/><V84/><F84/><W116/><G116/><T114/><D56/><U95/><E60/><V47/><F47/><N who="0" m="17994" /><D114/><U63/><E63/><V36/><F36/><W7/><G57/><T64/><D64/><U25/><E25/><N who="2" m="18607" /><F125/><N who="1" m="47625" /><E121/><V132/><F128/><N who="0" m="49226" /><D90/><AGARI ba="1,0" hai="89,90,95,97,103,104,105,107" m="47625,29225" machi="90" ten="40,5200,0" yaku="18,1,34,2" doraHai="119" who="1" fromWho="0" sc="279,-55,250,55,221,0,250,0" /><INIT seed="1,0,0,5,5,0" ten="224,305,221,250" oya="1" hai0="39,121,117,56,17,7,122,130,131,32,84,45,28" hai1="40,47,99,65,95,92,79,11,133,30,105,20,35" hai2="52,4,78,14,89,33,10,70,97,22,31,129,9" hai3="54,71,74,114,26,98,48,27,80,5,69,15,64"/><U127/><E35/><V50/><F70/><W100/><G114/><T113/><D113/><U58/><E127/><V37/><F37/><W21/><G74/><T106/><D106/><U38/><E133/><V125/><F129/><N who="0" m="49162" /><D117/><U73/><E73/><V46/><F125/><W132/><G80/><T41/><D17/><U51/><E79/><V135/><F135/><W109/><G109/><T90/><D56/><U112/><E112/><V42/><F78/><W6/><G132/><T104/><D104/><U115/><E115/><V111/><F111/><W18/><G69/><T85/><D7/><N who="3" m="2569" /><G64/><T87/><D90/><U61/><E38/><V96/><F33/><W134/><G71/><T91/><D91/><U34/><E34/><V43/><F89/><W88/><G100/><T118/><D118/><U77/><E105/><V29/><F9/><W94/><G134/><T93/><D93/><U12/><E77/><V3/><F3/><W1/><G1/><T53/><D53/><U76/><E76/><V67/><F67/><W103/><G103/><T119/><D119/><U62/><E65/><V107/><F107/><W123/><G123/><T81/><D81/><U108/><E95/><V36/><F36/><W82/><G82/><T68/><D68/><U23/><E92/><V110/><F110/><W19/><G18/><T128/><D128/><U44/><E108/><V59/><F31/><W66/><G66/><T60/><D60/><U116/><E62/><N who="2" m="36199" /><F42/><W72/><G72/><T86/><N who="0" m="21504" /><DORA hai="2" /><T75/><D75/><U102/><E40/><V25/><AGARI ba="0,0" hai="4,10,14,22,25,29,43,46,50,96,97" m="36199" machi="25" ten="30,7900,0" yaku="8,1,52,2,54,1" doraHai="0,2" who="2" fromWho="2" sc="224,-20,305,-39,221,79,250,-20" /><INIT seed="2,0,0,2,1,110" ten="204,266,300,230" oya="2" hai0="111,44,104,31,135,85,133,11,131,121,75,33,124" hai1="115,54,84,21,26,46,65,78,63,12,5,56,48" hai2="9,89,108,40,113,126,90,14,74,16,114,34,92" hai3="128,3,72,4,39,22,130,97,129,41,116,112,93"/><V35/><F74/><W1/><G72/><T68/><RYUUKYOKU type="yao9" ba="0,0" sc="204,0,266,0,300,0,230,0" hai0="11,31,33,44,68,75,85,104,111,121,124,131,133,135" /><INIT seed="2,1,0,2,2,65" ten="204,266,300,230" oya="2" hai0="83,132,84,0,76,70,13,74,110,52,28,54,17" hai1="131,33,58,18,35,73,71,72,130,92,109,30,133" hai2="67,129,37,77,89,105,134,79,78,24,44,25,43" hai3="16,41,90,87,102,59,8,15,53,34,81,31,11"/><V23/><F129/><N who="1" m="49161" /><E109/><V69/><F134/><W9/><G41/><T128/><D128/><U99/><E133/><V61/><F105/><W29/><G102/><T122/><D132/><U106/><E106/><V48/><F89/><W20/><REACH who="3" step="1"/><G34/><REACH who="3" ten="204,266,300,220" step="2"/><T21/><D110/><U108/><E35/><V27/><REACH who="2" step="1"/><F37/><REACH who="2" ten="204,266,290,220" step="2"/><W113/><G113/><T116/><D116/><U50/><E108/><V123/><F123/><W86/><G86/><T12/><D122/><U60/><E73/><V114/><F114/><W125/><G125/><T88/><D74/><U107/><E72/><V32/><F32/><W96/><G96/><T10/><D84/><U47/><E99/><V57/><F57/><W39/><G39/><T111/><D111/><U135/><E58/><V63/><F63/><AGARI ba="1,2" hai="8,9,11,15,16,20,29,31,53,59,63,81,87,90" machi="63" ten="40,5200,0" yaku="1,1,8,1,54,1,53,0" doraHai="65" doraHaiUra="103" who="3" fromWho="2" sc="204,0,266,0,290,-55,220,75" /><INIT seed="3,0,0,0,4,103" ten="204,266,235,295" oya="3" hai0="92,41,78,126,29,19,72,63,42,83,33,90,57" hai1="60,18,61,109,15,0,85,38,116,77,118,135,50" hai2="106,68,99,110,119,115,96,91,9,4,27,66,65" hai3="128,101,20,22,107,45,59,124,69,82,120,121,6"/><W39/><G69/><T62/><D126/><U125/><E38/><V40/><F119/><N who="1" m="45609" /><E125/><V25/><F115/><W95/><G124/><T13/><D33/><U134/><E0/><V80/><F40/><W88/><G82/><T8/><D29/><U71/><E109/><V17/><F110/><W2/><G59/><T31/><D31/><U26/><E26/><V127/><F127/><W28/><G101/><T32/><D32/><U23/><E50/><V76/><F96/><W74/><G107/><T100/><D100/><U51/><E51/><V113/><F113/><W35/><G74/><T112/><D112/><U86/><E77/><V132/><F132/><N who="1" m="50729" /><E71/><V89/><F68/><W122/><G35/><T131/><D131/><U14/><E14/><V52/><F25/><W30/><G28/><T36/><D36/><U46/><E46/><V34/><F34/><W73/><G30/><T93/><D63/><AGARI ba="0,0" hai="15,18,23,60,61,63,85,86" m="50729,45609" machi="63" ten="30,2000,0" yaku="12,1,20,1" doraHai="103" who="1" fromWho="0" sc="204,-20,266,20,235,0,295,0" /><INIT seed="4,0,0,2,0,134" ten="184,286,235,295" oya="0" hai0="95,131,85,69,17,36,24,126,61,102,113,29,3" hai1="57,62,112,5,128,122,72,75,23,34,59,98,76" hai2="0,64,49,89,19,80,110,42,82,1,130,114,53" hai3="16,97,115,55,120,109,8,45,4,56,14,66,21"/><T96/><D113/><U54/><E34/><V11/><F110/><W9/><G109/><T101/><D131/><U47/><E122/><V92/><F42/><W84/><G115/><T38/><D3/><U70/><E70/><V43/><F43/><W135/><G135/><T88/><D17/><U77/><E112/><V124/><F114/><W30/><G120/><T15/><D15/><U119/><E119/><V37/><F64/><W18/><G97/><T63/><D126/><U129/><E47/><V60/><F37/><W111/><G111/><T100/><D96/><U73/><E5/><V68/><F130/><N who="1" m="50281" /><E23/><V28/><F28/><W106/><G106/><T117/><D117/><U74/><N who="1" m="18432" /><DORA hai="32" /><U99/><E59/><V52/><F68/><W67/><G84/><T105/><D105/><U79/><AGARI ba="0,0" hai="54,57,62,76,77,79,98,99" m="18432,50281" machi="79" ten="70,2400,0" yaku="19,1" doraHai="134,32" who="1" fromWho="1" sc="184,-12,286,24,235,-6,295,-6" owari="172,-32.8,310,41.0,229,-17.1,289,8.9" /></mjloggm>