<mjloggm ver="2.3"><GO type="225" lobby="0"/><UN n0="%E3%80%90%E3%83%88%E3%83%AA%E3%83%A5%E3%83%95%E3%80%91" n1="%E5%B8%86%E7%AB%8B%E5%A4%8F%E8%A1%A3" n2="%E3%83%81%E3%83%AF%E3%83%AF%E9%9A%8A%E9%95%B7" n3="%E7%89%B9%E6%9D%B1%E3%81%AF%E4%B8%96%E7%95%8C%E3%82%92%E6%95%91%E3%81%86" dan="16,17,16,16" rate="2114.43,2164.46,2111.53,2164.12" sx="M,M,M,M"/><TAIKYOKU oya="0"/><INIT seed="0,0,0,1,5,101" ten="250,250,250,250" oya="0" hai0="100,64,27,115,129,8,77,127,90,134,66,81,87" hai1="117,107,47,86,114,96,40,74,49,56,2,63,5" hai2="13,89,31,126,0,108,111,46,11,78,9,19,103" hai3="61,51,70,91,118,130,124,42,41,43,28,92,16"/><T35/><D115/><U12/><E74/><V113/><F113/><W36/><G118/><T121/><D121/><U82/><E114/><V135/><F126/><W119/><G119/><T94/><D127/><U29/><E117/><V48/><F135/><W104/><G124/><T33/><D129/><U73/><E73/><V10/><F31/><W106/><G36/><T125/><D134/><U53/><E29/><V88/><F78/><W18/><G28/><T7/><D27/><U85/><E2/><V71/><F71/><W24/><G51/><T76/><D125/><U54/><E5/><V23/><F103/><W65/><G130/><T128/><D128/><U95/><E12/><V26/><F0/><W120/><G120/><T55/><D55/><U57/><E107/><V45/><F26/><W97/><REACH who="3" step="1"/><G18/><REACH who="3" ten="250,250,250,240" step="2"/><T83/><D33/><U21/><E21/><AGARI ba="0,1" hai="16,21,24,41,42,43,61,65,70,91,92,97,104,106" machi="21" ten="40,8000,1" yaku="1,1,2,1,52,2,54,1,53,0" doraHai="101" doraHaiUra="44" who="3" fromWho="1" sc="250,0,250,-80,250,0,240,90" /><INIT seed="1,0,0,1,5,58" ten="250,170,250,330" oya="1" hai0="19,114,26,130,92,10,65,39,16,5,48,100,4" hai1="56,9,116,54,122,33,67,32,46,118,3,109,18" hai2="2,70,52,121,125,117,15,104,21,73,20,55,74" hai3="123,106,99,120,8,85,127,81,134,77,68,24,42"/><U23/><E122/><V113/><F121/><W28/><G134/><T78/><D39/><U66/><E109/><V22/><F117/><W13/><G127/><T90/><D114/><U107/><E107/><V132/><F2/><W38/><G68/><T59/><D78/><U72/><E72/><V43/><F104/><W88/><G42/><T31/><D100/><U61/><E33/><V86/><F132/><W6/><G38/><T25/><D130/><U79/><E32/><V96/><F113/><W44/><G44/><T14/><D19/><U47/><E79/><V1/><F1/><W102/><G77/><T37/><D37/><U60/><E118/><V41/><F125/><W98/><G98/><T101/><D101/><U34/><E34/><AGARI ba="0,0" hai="6,8,13,24,28,34,81,85,88,99,102,106,120,123" machi="34" ten="30,2000,0" yaku="7,1,54,1" doraHai="58" who="3" fromWho="1" sc="250,0,170,-20,250,0,330,20" /><INIT seed="2,0,0,5,3,32" ten="250,150,250,350" oya="2" hai0="10,47,113,50,29,72,74,120,90,85,34,18,82" hai1="125,89,69,35,71,44,101,134,64,55,96,103,92" hai2="6,93,9,83,66,88,41,100,59,97,36,76,114" hai3="124,110,126,56,11,128,63,95,13,133,8,12,109"/><V105/><F114/><W53/><G128/><T84/><D120/><U99/><E134/><V19/><F19/><N who="3" m="8583" /><G95/><T51/><D113/><U52/><E125/><N who="3" m="48234" /><G133/><T65/><D65/><U122/><E35/><V3/><F66/><W42/><G42/><T118/><D118/><U87/><E122/><V127/><F127/><W77/><G77/><T104/><D104/><U17/><E64/><V123/><F123/><W15/><G15/><N who="0" m="7543" /><D51/><U14/><E71/><V129/><F129/><W24/><G24/><N who="0" m="18727" /><D85/><U49/><E69/><V106/><F59/><W73/><G73/><T81/><D81/><U5/><E5/><AGARI ba="0,0" hai="5,11,13,53,56,63,109,110" m="48234,8583" machi="5" ten="30,1000,0" yaku="18,1" doraHai="32" who="3" fromWho="1" sc="250,0,150,-10,250,0,350,10" /><INIT seed="3,0,0,2,3,12" ten="250,140,250,360" oya="3" hai0="4,122,114,54,117,55,13,128,18,39,70,104,85" hai1="17,102,41,51,79,121,9,72,108,59,10,42,23" hai2="91,110,76,52,7,64,123,49,95,15,112,35,50" hai3="36,80,113,100,11,31,74,94,109,98,103,45,1"/><W118/><G113/><T101/><D117/><U111/><E108/><V0/><F112/><W14/><G1/><T120/><D70/><U46/><E111/><V43/><F110/><W135/><G118/><T71/><D71/><U21/><E121/><V53/><F35/><W130/><G31/><T29/><D29/><U68/><E68/><V93/><F0/><W65/><G65/><T116/><D116/><U58/><E72/><V25/><F123/><W75/><G130/><T90/><D39/><U62/><E79/><V126/><F126/><W37/><G135/><T60/><D4/><U67/><E102/><V16/><F64/><W129/><G103/><T5/><D5/><U97/><E97/><V26/><F43/><W87/><G36/><T107/><D128/><U99/><E99/><N who="2" m="57791" /><F76/><W82/><G74/><T88/><D101/><U89/><E89/><V47/><F95/><W66/><G94/><N who="0" m="54543" /><D90/><U63/><E42/><V24/><F7/><W86/><G100/><T34/><D34/><U33/><E23/><N who="2" m="11679" /><F24/><W81/><G75/><T3/><D3/><U44/><E44/><AGARI ba="0,0" hai="25,26,44,47,49,50,52,53" m="11679,57791" machi="44" ten="30,7700,0" yaku="8,1,52,1,54,2" doraHai="12" who="2" fromWho="1" sc="250,0,140,-77,250,77,360,0" owari="250,-15.0,63,-43.7,327,12.7,360,46.0" /></mjloggm>