<mjloggm ver="2.3"><GO type="225" lobby="0"/><UN n0="%E8%B5%A4%E3%81%84%E8%9B%99%31%31" n1="%E7%99%BD%E5%80%89%E5%AF%9B%E4%B9%8B" n2="%E3%81%8B%E3%82%8F%E3%81%A1%E3%82%83%E3%82%93%35%38" n3="%E3%83%96%E3%83%83%E3%83%91%E3%82%AA%E3%83%96%E3%83%81%E3%82%AD%E3%83%B3" dan="16,16,16,16" rate="2098.53,2168.52,2114.46,2180.86" sx="M,M,M,M"/><TAIKYOKU oya="0"/><INIT seed="0,0,0,4,5,6" ten="250,250,250,250" oya="0" hai0="82,84,17,115,101,62,124,19,58,114,111,105,22" hai1="36,73,71,7,83,60,5,93,55,75,9,4,26" hai2="135,38,117,100,65,95,20,113,70,37,54,88,109" hai3="61,64,59,35,34,47,108,3,99,44,122,56,8"/><T106/><D124/><U21/><E36/><V123/><F113/><W119/><G119/><T23/><D111/><U72/><E83/><V80/><F123/><W125/><G108/><T41/><D41/><U90/><E71/><V76/><F109/><W52/><G125/><T133/><D133/><U96/><E60/><V118/><F135/><W33/><G122/><T112/><D101/><U74/><N who="1" m="18432" /><DORA hai="89" /><U43/><E43/><V116/><F100/><W79/><G79/><T30/><D30/><U126/><E55/><V39/><F20/><W24/><G24/><T10/><D105/><U28/><REACH who="1" step="1"/><E126/><REACH who="1" ten="250,240,250,250" step="2"/><V98/><F54/><W103/><G64/><T69/><D69/><U102/><E102/><V13/><F70/><W57/><G61/><T77/><D106/><U130/><E130/><V27/><F65/><W14/><G52/><T128/><D128/><U31/><E31/><V42/><F42/><W92/><REACH who="3" step="1"/><G3/><AGARI ba="0,1" hai="3,4,5,7,9,21,26,28,90,93,96" m="18432" machi="3" ten="70,8000,1" yaku="1,1,52,2,53,1" doraHai="6,89" doraHaiUra="18,131" who="1" fromWho="3" sc="250,0,240,90,250,0,250,-80" /><INIT seed="1,0,0,0,0,57" ten="250,330,250,170" oya="1" hai0="96,116,87,43,107,1,29,38,90,122,74,83,112" hai1="100,69,41,54,0,102,117,42,6,31,40,39,28" hai2="11,13,127,14,24,60,19,18,26,121,48,62,97" hai3="36,123,30,70,135,68,33,61,134,9,44,17,133"/><U10/><E117/><V73/><F121/><W113/><G113/><T110/><D1/><U2/><E39/><V114/><F114/><W3/><G123/><T81/><D29/><U51/><E0/><V82/><F127/><W23/><G36/><T80/><D112/><U132/><E69/><V103/><F48/><W85/><G44/><T50/><D38/><U86/><E132/><V32/><F73/><W104/><G104/><T66/><D122/><U55/><E55/><V101/><F82/><W93/><G33/><T46/><D116/><U77/><E77/><V79/><F79/><W67/><G70/><T59/><D110/><U56/><E86/><V27/><F32/><W118/><G118/><T15/><D74/><U108/><E108/><V63/><REACH who="2" step="1"/><F97/><REACH who="2" ten="250,330,240,170" step="2"/><W12/><G3/><T34/><D34/><U35/><E35/><V37/><F37/><W130/><G130/><T128/><D128/><U98/><REACH who="1" step="1"/><E100/><REACH who="1" ten="250,320,240,170" step="2"/><V25/><N who="2" m="6144" /><DORA hai="91" /><V21/><AGARI ba="0,2" hai="11,13,14,18,19,21,60,62,63,101,103" m="6144" machi="21" ten="50,16000,3" yaku="1,1,4,1,0,1,8,1,52,3,53,1" doraHai="57,91" doraHaiUra="89,16" who="2" fromWho="2" sc="250,-40,320,-80,240,180,170,-40" /><INIT seed="2,0,0,0,2,5" ten="210,240,420,130" oya="2" hai0="97,11,90,28,101,43,48,64,89,74,82,80,112" hai1="62,31,127,96,120,32,57,44,79,9,71,7,108" hai2="121,24,75,66,78,125,131,114,87,95,77,36,116" hai3="12,27,73,81,102,1,68,119,92,135,13,51,124"/><V91/><F36/><W19/><G119/><T76/><D112/><U34/><E71/><V100/><F114/><W70/><G1/><T61/><D28/><U15/><E108/><V55/><F116/><W37/><G37/><T20/><D20/><U103/><E127/><V50/><F121/><W83/><G124/><T60/><D60/><U109/><E109/><V40/><F125/><W59/><G135/><T93/><D80/><U72/><E31/><V35/><F75/><W133/><G133/><T16/><D48/><U18/><E120/><V65/><F131/><W52/><G27/><T106/><D43/><U10/><E44/><V115/><F40/><W21/><G12/><T63/><D64/><U54/><E79/><V38/><F24/><W128/><G128/><T47/><D47/><U26/><E72/><V84/><F100/><W107/><G107/><T111/><D111/><U126/><E126/><V3/><F3/><W56/><G56/><T39/><D90/><U0/><REACH who="1" step="1"/><E26/><REACH who="1" ten="210,230,420,130" step="2"/><V49/><F115/><W25/><G25/><T22/><D74/><U2/><E2/><V33/><F78/><W99/><REACH who="3" step="1"/><G73/><REACH who="3" ten="210,230,420,120" step="2"/><T123/><D123/><U6/><E6/><V45/><F45/><W118/><G118/><T117/><D117/><U23/><E23/><V8/><F38/><W122/><G122/><T134/><D39/><U53/><E53/><V129/><F129/><W4/><G4/><T86/><D22/><U105/><AGARI ba="0,2" hai="0,7,9,10,15,18,32,34,54,57,62,96,103,105" machi="105" ten="20,8000,1" yaku="1,1,0,1,7,1,52,2,53,0" doraHai="5" doraHaiUra="88" who="1" fromWho="1" sc="210,-20,230,100,420,-40,120,-20" /><INIT seed="3,0,0,4,0,50" ten="190,330,380,100" oya="3" hai0="87,60,32,3,130,34,54,103,127,36,99,85,12" hai1="95,45,59,121,18,4,135,86,129,122,33,29,71" hai2="114,48,84,120,111,1,23,110,106,9,17,112,57" hai3="22,128,13,79,116,90,96,93,30,81,62,92,65"/><W24/><G116/><T61/><D36/><U21/><E71/><V105/><F120/><W117/><G117/><T73/><D3/><U14/><E135/><V42/><F84/><W80/><G128/><T0/><D0/><U27/><E129/><V49/><F9/><W115/><G115/><T2/><D2/><U132/><E132/><V56/><F1/><W38/><G38/><T134/><D73/><U20/><E4/><V104/><F42/><W118/><G118/><T10/><D127/><U119/><E119/><V126/><F126/><W68/><G79/><T94/><D134/><U83/><E33/><V75/><F75/><W131/><G131/><T101/><D101/><U55/><E45/><V51/><F23/><W37/><G37/><T74/><D74/><U123/><E95/><V66/><F17/><W77/><G77/><T35/><D130/><U133/><E133/><V125/><F66/><W28/><G28/><T15/><D10/><U107/><E107/><V78/><F78/><W7/><REACH who="3" step="1"/><G93/><REACH who="3" ten="190,330,380,90" step="2"/><T25/><D94/><U52/><REACH who="1" step="1"/><E59/><REACH who="1" ten="190,320,380,90" step="2"/><N who="2" m="22603" /><F125/><W82/><G82/><T98/><D103/><U88/><AGARI ba="0,2" hai="14,18,20,21,27,29,52,55,83,86,88,121,122,123" machi="88" ten="30,12000,2" yaku="1,1,0,1,52,2,54,2,53,0" doraHai="50" doraHaiUra="6" who="1" fromWho="1" sc="190,-30,320,140,380,-30,90,-60" owari="160,-24.0,460,56.0,350,15.0,30,-47.0" /></mjloggm>