<mjloggm ver="2.3"><GO type="225" lobby="0"/><UN n0="%41%6F%54" n1="%E7%99%BD%E5%80%89%E5%AF%9B%E4%B9%8B" n2="%E3%81%BF%E3%81%BF%E3%81%9A" n3="%E3%81%BE%E3%81%A8%E3%81%9F" dan="16,16,17,16" rate="2106.28,2146.70,2180.99,2129.79" sx="M,M,M,M"/><TAIKYOKU oya="0"/><INIT seed="0,0,0,1,2,28" ten="250,250,250,250" oya="0" hai0="86,57,85,93,74,105,56,47,121,96,4,39,6" hai1="67,44,60,69,11,106,90,104,16,112,123,61,0" hai2="58,84,51,13,80,102,118,129,101,126,114,54,50" hai3="100,36,127,33,79,1,73,35,62,115,124,43,111"/><T29/><D121/><U77/><E123/><V20/><F114/><W70/><G1/><T82/><D105/><U15/><E112/><V107/><F107/><W19/><G100/><T3/><D29/><U30/><E77/><V26/><F129/><W76/><G19/><T53/><D74/><U91/><E0/><V64/><F126/><N who="3" m="48171" /><G115/><T14/><D3/><U41/><E61/><N who="2" m="37943" /><F13/><W117/><G117/><T42/><D57/><U132/><E132/><V8/><F8/><W66/><G111/><T120/><D14/><U48/><E91/><N who="2" m="51591" /><F118/><W40/><G40/><T128/><D128/><U25/><REACH who="1" step="1"/><E90/><REACH who="1" ten="250,240,250,250" step="2"/><V109/><F109/><W38/><G79/><T108/><D120/><U10/><E10/><V83/><F83/><N who="3" m="45455" /><G36/><T88/><D108/><U23/><AGARI ba="0,1" hai="11,15,16,23,25,30,41,44,48,60,67,69,104,106" machi="23" ten="20,5200,0" yaku="1,1,0,1,7,1,54,1,53,0" doraHai="28" doraHaiUra="87" who="1" fromWho="1" sc="250,-26,240,62,250,-13,250,-13" /><INIT seed="1,0,0,3,5,60" ten="224,302,237,237" oya="1" hai0="131,127,65,78,134,76,72,32,117,9,29,89,41" hai1="58,3,70,59,90,71,97,88,48,114,116,0,68" hai2="13,39,105,95,28,49,100,96,102,91,67,14,133" hai3="98,7,109,84,119,120,35,6,18,46,82,52,44"/><U24/><E114/><V79/><F39/><W86/><G120/><T2/><D29/><U85/><E116/><V103/><F133/><W12/><G35/><T33/><D117/><U47/><E97/><V63/><F79/><W45/><G109/><T107/><D89/><U22/><E0/><V87/><F28/><W92/><G119/><T61/><D76/><U25/><E3/><V27/><F27/><W43/><G43/><T93/><D93/><U16/><E25/><V135/><F135/><W73/><G73/><T94/><D94/><U132/><E132/><V57/><F105/><W50/><G84/><T75/><D131/><U123/><E123/><V111/><F111/><W77/><G7/><N who="0" m="1271" /><D127/><U106/><E106/><V54/><REACH who="2" step="1"/><F87/><REACH who="2" ten="224,302,227,237" step="2"/><W4/><G4/><T118/><D134/><U110/><E110/><V19/><F19/><W56/><G6/><T122/><D118/><U129/><E129/><V51/><F51/><W11/><G98/><T21/><D107/><U99/><E99/><V26/><F26/><W62/><G92/><T81/><D75/><U104/><E104/><V108/><F108/><W42/><AGARI ba="0,1" hai="11,12,18,42,44,45,46,50,52,56,62,77,82,86" machi="42" ten="20,5200,0" yaku="0,1,7,1,8,1,54,1" doraHai="60" who="3" fromWho="3" sc="224,-13,302,-26,227,-13,237,62" /><INIT seed="2,0,0,2,4,120" ten="211,276,214,299" oya="2" hai0="47,52,68,36,132,92,95,16,18,110,130,30,93" hai1="54,51,104,65,118,39,74,8,113,87,50,11,81" hai2="88,14,17,0,97,42,41,13,112,21,76,32,60" hai3="79,78,125,86,31,20,122,83,2,102,80,15,44"/><V59/><F112/><W9/><G2/><T43/><D68/><U82/><E39/><V90/><F0/><W133/><G122/><T126/><D130/><U73/><E65/><V109/><F32/><W22/><G133/><T37/><D132/><U117/><E87/><V12/><F76/><W62/><G102/><T7/><D126/><U25/><E25/><N who="2" m="14511" /><F109/><W38/><G31/><T101/><D110/><U46/><E46/><V107/><F107/><W134/><G125/><T64/><D64/><U103/><E103/><V4/><F4/><W96/><G96/><T71/><D71/><U40/><E104/><V89/><F97/><W35/><G35/><T106/><D7/><U77/><E77/><V27/><F27/><W84/><G134/><T111/><D111/><U129/><E129/><V33/><F33/><W66/><G44/><T49/><D36/><U1/><E1/><V24/><F24/><W5/><G38/><T70/><D70/><AGARI ba="0,0" hai="5,9,15,20,22,62,66,70,78,79,80,83,84,86" machi="70" ten="30,2000,0" yaku="7,1,9,1" doraHai="120" who="3" fromWho="0" sc="211,-20,276,0,214,0,299,20" /><INIT seed="3,0,0,0,5,71" ten="191,276,214,319" oya="3" hai0="30,117,125,56,54,34,131,60,48,113,123,7,70" hai1="39,92,38,50,52,23,9,107,84,36,85,93,101" hai2="75,27,111,83,80,96,5,3,25,21,77,124,2" hai3="110,135,31,114,41,73,128,33,106,87,13,15,68"/><W118/><G73/><T132/><D7/><U86/><E23/><V82/><F111/><W8/><G106/><T55/><D30/><U66/><E66/><V37/><F124/><W97/><G68/><T130/><D34/><U90/><E107/><V0/><F5/><W28/><G97/><T11/><D11/><U18/><E101/><V94/><F37/><W104/><G87/><T126/><D117/><U121/><E121/><V16/><REACH who="2" step="1"/><F25/><REACH who="2" ten="191,276,204,319" step="2"/><W22/><G110/><T79/><D123/><U57/><REACH who="1" step="1"/><E90/><AGARI ba="0,1" hai="0,2,3,16,21,27,75,77,80,82,83,90,94,96" machi="90" ten="40,5200,0" yaku="1,1,2,1,54,1,53,0" doraHai="71" doraHaiUra="26" who="2" fromWho="1" sc="191,0,276,-52,204,62,319,0" owari="191,-30.9,224,-17.6,266,6.6,319,41.9" /></mjloggm>