<mjloggm ver="2.3"><GO type="225" lobby="0"/><UN n0="%E3%81%AC%E3%81%AC%E3%81%84%E3%81%AC" n1="%43%68%65" n2="%E6%98%93%E5%88%A9%E8%96%A9%E4%BC%AF" n3="%E3%83%A9%E3%82%B9%E7%8E%87%EF%BC%93%E5%89%B2" dan="16,16,17,16" rate="2077.86,2152.14,2202.87,2218.20" sx="M,M,F,F"/><TAIKYOKU oya="0"/><INIT seed="0,0,0,2,2,61" ten="250,250,250,250" oya="0" hai0="89,30,65,82,27,107,116,52,49,129,54,40,87" hai1="45,108,119,29,18,32,101,97,26,67,1,33,88" hai2="71,111,59,105,10,122,78,2,124,24,86,95,51" hai3="127,91,69,121,126,84,100,16,25,128,38,14,3"/><T83/><D116/><U8/><E119/><V133/><F105/><W46/><G3/><T47/><D107/><U21/><E108/><V123/><F71/><W43/><G128/><T36/><D129/><U23/><E45/><V41/><F111/><W99/><G69/><T64/><D82/><U106/><E1/><V44/><F133/><W55/><G25/><T75/><D75/><U104/><E104/><V92/><F124/><N who="3" m="47659" /><G55/><T53/><REACH who="0" step="1"/><D36/><REACH who="0" ten="240,250,250,250" step="2"/><U50/><E106/><V60/><F92/><N who="3" m="54375" /><G121/><T72/><D72/><U0/><E33/><AGARI ba="0,1" hai="27,30,33,40,47,49,52,53,54,64,65,83,87,89" machi="33" ten="40,12000,1" yaku="1,1,52,2,54,1,53,0" doraHai="61" doraHaiUra="113" who="0" fromWho="1" sc="240,130,250,-120,250,0,250,0" /><INIT seed="0,1,0,3,0,54" ten="370,130,250,250" oya="0" hai0="100,45,36,128,33,135,90,24,26,81,107,40,118" hai1="34,80,38,99,4,25,85,65,104,117,74,97,120" hai2="83,87,119,14,44,17,88,39,46,57,110,19,77" hai3="78,1,42,50,10,109,58,133,70,41,53,106,105"/><T96/><D118/><U60/><E117/><V35/><F35/><W129/><G78/><T61/><D135/><U79/><E120/><V56/><F119/><W69/><G10/><T76/><D128/><U2/><E38/><V18/><F110/><W71/><G1/><T7/><D7/><U6/><E85/><N who="2" m="48367" /><F39/><W103/><G129/><T43/><D43/><N who="3" m="16393" /><G103/><T32/><D90/><U102/><E99/><V91/><F14/><W62/><G105/><T49/><D49/><U15/><E15/><V95/><F91/><W132/><G106/><T73/><D33/><U115/><E115/><V86/><F86/><W9/><G9/><T23/><D32/><U112/><E112/><V28/><F28/><W8/><G8/><T68/><D68/><N who="3" m="26217" /><G109/><T21/><REACH who="0" step="1"/><D61/><REACH who="0" ten="360,130,250,250" step="2"/><U121/><E121/><V122/><F122/><W12/><G12/><T126/><D126/><U84/><E2/><V37/><F37/><W31/><G31/><T94/><D94/><U82/><E34/><V27/><F27/><AGARI ba="1,1" hai="21,23,24,26,27,36,40,45,73,76,81,96,100,107" machi="27" ten="40,2000,0" yaku="1,1,53,0" doraHai="54" doraHaiUra="66" who="0" fromWho="2" sc="360,33,130,0,250,-23,250,0" /><INIT seed="0,2,0,2,2,38" ten="393,130,227,250" oya="0" hai0="135,59,117,112,93,52,61,130,81,23,120,2,91" hai1="28,109,17,95,108,40,85,100,128,13,4,37,42" hai2="31,36,15,8,101,131,98,20,86,41,115,126,127" hai3="74,16,22,124,69,111,105,64,18,103,70,76,7"/><T65/><D120/><U50/><E37/><V9/><F115/><W113/><G76/><T12/><D117/><U1/><E128/><V3/><F86/><W67/><G74/><T32/><D135/><U89/><E28/><V96/><F3/><W35/><G35/><T43/><D32/><U47/><E100/><V6/><F9/><W102/><G22/><T88/><D130/><U132/><E132/><V26/><F131/><W33/><G33/><T125/><D125/><N who="2" m="47626" /><F101/><W106/><G124/><T119/><D119/><U66/><E66/><V24/><F24/><W56/><G56/><N who="0" m="37031" /><D2/><U80/><E80/><V60/><F60/><W55/><G55/><T71/><D71/><U53/><E4/><V10/><F10/><W68/><G68/><T21/><D43/><U49/><E1/><V14/><F14/><W57/><G57/><T110/><D12/><U34/><E34/><V99/><F36/><W75/><G75/><T87/><D110/><N who="1" m="42603" /><E50/><V45/><F45/><W58/><G111/><T121/><D112/><U134/><E134/><V107/><F107/><W79/><G113/><T122/><D122/><U97/><E85/><V54/><F54/><W83/><G7/><T123/><D123/><U82/><E82/><V29/><F29/><W39/><G39/><T92/><D121/><U51/><E51/><V94/><F94/><N who="0" m="36458" /><D91/><U90/><E89/><V133/><F133/><W11/><G83/><T62/><AGARI ba="2,0" hai="21,23,52,59,62,81,87,88" m="36458,37031" machi="62" ten="30,6000,0" yaku="8,1,54,2" doraHai="38" who="0" fromWho="0" sc="393,66,130,-22,227,-22,250,-22" /><INIT seed="0,3,0,4,5,131" ten="459,108,205,228" oya="0" hai0="33,30,92,46,105,9,1,67,101,119,95,121,107" hai1="7,47,50,74,55,116,97,118,49,3,134,117,14" hai2="38,21,99,132,85,51,110,63,73,32,31,126,83" hai3="65,12,27,76,18,61,62,71,96,98,84,19,72"/><T54/><D121/><U129/><E74/><V90/><F38/><W39/><G39/><T41/><D54/><U91/><E129/><V69/><F32/><W120/><G72/><T81/><D67/><U113/><E3/><V23/><F110/><W102/><G62/><T104/><D101/><U114/><E50/><V103/><F73/><W60/><G60/><T4/><D81/><U56/><E47/><V93/><F31/><W88/><G76/><T29/><D119/><U64/><E64/><V124/><F132/><W16/><G27/><T109/><D109/><U37/><E37/><V35/><F35/><W8/><G120/><T115/><D115/><N who="1" m="44043" /><E14/><V36/><F36/><W87/><G87/><T34/><D34/><U89/><E7/><V57/><F51/><W77/><G77/><T123/><D33/><U135/><E97/><V125/><REACH who="2" step="1"/><F69/><REACH who="2" ten="459,108,195,228" step="2"/><W78/><G78/><T127/><D29/><U43/><E43/><V5/><F5/><W79/><G79/><T25/><D30/><U112/><N who="1" m="44051" /><U100/><DORA hai="58" /><E100/><V59/><F59/><W68/><G68/><T82/><D4/><U80/><E80/><V42/><F42/><W15/><G102/><T11/><D82/><U48/><E49/><V66/><AGARI ba="3,1" hai="21,23,57,63,66,83,85,90,93,99,103,124,125,126" machi="66" ten="30,8000,1" yaku="1,1,0,1,18,1,52,1,53,1" doraHai="131,58" doraHaiUra="111,53" who="2" fromWho="2" sc="459,-43,108,-23,195,99,228,-23" /><INIT seed="1,0,0,3,4,2" ten="416,85,294,205" oya="1" hai0="61,110,134,35,88,21,105,119,6,80,65,66,41" hai1="68,133,44,101,132,121,127,74,100,26,116,19,84" hai2="86,120,0,79,67,63,64,78,71,17,39,72,85" hai3="20,111,123,24,118,18,13,104,124,38,10,114,91"/><U3/><E74/><V82/><F39/><W25/><G38/><T90/><D119/><U51/><E116/><V7/><F120/><W122/><G104/><T28/><D35/><U40/><E121/><N who="3" m="46090" /><G91/><T102/><D110/><U60/><E127/><V77/><F67/><W62/><G62/><T42/><D65/><N who="1" m="40999" /><E3/><V50/><F17/><N who="3" m="12303" /><G118/><T30/><D90/><U33/><E84/><V87/><REACH who="2" step="1"/><F50/><REACH who="2" ten="416,85,284,205" step="2"/><W56/><G124/><T46/><D66/><U48/><E51/><V117/><F117/><W31/><G111/><T47/><D61/><U57/><E19/><V94/><F94/><W52/><G18/><T45/><D105/><U53/><E133/><V36/><F36/><W29/><G29/><T11/><D134/><U1/><E132/><V58/><F58/><W112/><G56/><T109/><D28/><N who="1" m="19607" /><E101/><V125/><F125/><W115/><G31/><T97/><D102/><U95/><E95/><V99/><F99/><W14/><G115/><T126/><D97/><U4/><E100/><V106/><F106/><W23/><G114/><T107/><D107/><U55/><E57/><V22/><F22/><W32/><G112/><T16/><D126/><U113/><E113/><V43/><F43/><W27/><G23/><T15/><D30/><U108/><E108/><V73/><F73/><W34/><G34/><T93/><D109/><U129/><E129/><V76/><F76/><W54/><G32/><T12/><D93/><U75/><E75/><V5/><F5/><W70/><G70/><T130/><D130/><U98/><E98/><V49/><F49/><W103/><G103/><RYUUKYOKU ba="0,1" sc="416,10,85,10,284,10,205,-30" hai0="6,11,12,15,16,21,41,42,45,46,47,80,88" hai1="1,4,40,44,48,53,55" hai2="0,7,63,64,71,72,77,78,79,82,85,86,87" /><INIT seed="1,1,1,3,0,105" ten="426,95,294,175" oya="1" hai0="89,65,3,30,68,74,113,72,64,79,39,27,44" hai1="97,53,62,132,116,12,107,104,112,119,25,5,33" hai2="70,76,91,60,37,14,92,135,80,7,100,129,4" hai3="43,128,55,41,93,21,59,6,31,54,96,121,127"/><U81/><E112/><V28/><F37/><W66/><G128/><T49/><D113/><U134/><E81/><V98/><F135/><N who="1" m="51753" /><E5/><V17/><F28/><W106/><G106/><N who="1" m="40490" /><E97/><V61/><F100/><W8/><G127/><T82/><D89/><U42/><E12/><V38/><F38/><W40/><G121/><T11/><D39/><U22/><E42/><V18/><F18/><W45/><G45/><T118/><D118/><U69/><E33/><V126/><F129/><W73/><G6/><T110/><D110/><U24/><E53/><V36/><F7/><W122/><G122/><T88/><D88/><U84/><E84/><V29/><F80/><W78/><G55/><T109/><D109/><U117/><E22/><V94/><F14/><W101/><G54/><T50/><D11/><U71/><E62/><V58/><F61/><N who="3" m="38207" /><G8/><T9/><D9/><U77/><E77/><V75/><F76/><W32/><G32/><T15/><D15/><U131/><E131/><V99/><F60/><W133/><G133/><T108/><D82/><U20/><E20/><V10/><F10/><W86/><G86/><T102/><D79/><U103/><E103/><V83/><F91/><W48/><G78/><T52/><D102/><U125/><E125/><V1/><F83/><W46/><G40/><T35/><D108/><U0/><E0/><V16/><F1/><W111/><G43/><N who="0" m="24735" /><D3/><U95/><E95/><V56/><F94/><W23/><G111/><T19/><D35/><U47/><E47/><V90/><F92/><W51/><G23/><T2/><D2/><U120/><E120/><RYUUKYOKU ba="1,1" sc="426,-10,95,30,294,-10,175,-10" hai1="24,25,69,71,116,117,119" /><INIT seed="1,2,1,5,4,125" ten="416,125,284,165" oya="1" hai0="34,30,109,103,46,23,89,126,112,98,76,16,25" hai1="57,92,82,55,81,10,60,84,50,56,79,133,52" hai2="21,45,116,129,114,12,58,105,19,118,41,67,1" hai3="37,3,123,95,68,65,94,100,127,36,48,14,83"/><U42/><E133/><V108/><F108/><W93/><G3/><T28/><D112/><U120/><E120/><V132/><F105/><W43/><G100/><T96/><D109/><U91/><E42/><V2/><F114/><W86/><G68/><T115/><D126/><U121/><E121/><V75/><F75/><W11/><G65/><T27/><D76/><U20/><E10/><V72/><F72/><W117/><G117/><T97/><D115/><U66/><E79/><V113/><F132/><W51/><G51/><T131/><D131/><U54/><E54/><V15/><F129/><W71/><G71/><T32/><D89/><U63/><REACH who="1" step="1"/><E20/><REACH who="1" ten="416,115,284,165" step="2"/><V110/><F21/><W8/><G8/><T35/><D35/><U31/><E31/><V18/><F41/><W77/><G123/><T85/><D30/><U90/><E90/><V106/><F113/><W9/><G9/><T7/><D34/><U53/><E53/><V64/><F110/><W26/><G127/><T40/><D7/><U134/><E134/><V111/><F111/><W119/><G119/><T24/><D28/><U99/><E99/><V6/><F6/><N who="3" m="3447" /><G37/><T49/><D32/><U39/><E39/><V59/><F118/><W69/><G36/><T33/><D33/><U47/><AGARI ba="2,2" hai="47,50,52,55,56,57,60,63,66,81,82,84,91,92" machi="47" ten="20,12000,1" yaku="1,1,0,1,7,1,8,1,54,1,53,0" doraHai="125" doraHaiUra="4" who="1" fromWho="1" sc="416,-42,115,146,284,-42,165,-42" /><INIT seed="1,3,0,3,1,53" ten="374,261,242,123" oya="1" hai0="124,87,14,132,130,30,45,122,88,37,119,59,70" hai1="111,9,52,33,62,106,57,74,19,34,76,42,125" hai2="40,39,21,104,86,8,81,85,90,103,131,108,4" hai3="24,56,67,49,126,11,6,100,107,2,66,96,117"/><U113/><E113/><V44/><F108/><W91/><G126/><T116/><D30/><U10/><E125/><V127/><F127/><W28/><G117/><T23/><D124/><U79/><E106/><V95/><F131/><W89/><G66/><T55/><D132/><U72/><E111/><V135/><F135/><W35/><REACH who="3" step="1"/><G49/><REACH who="3" ten="374,261,242,113" step="2"/><T36/><D119/><U47/><E74/><V121/><F121/><W92/><G92/><T73/><D122/><U109/><E109/><V29/><F104/><W25/><G25/><T82/><D37/><U15/><E72/><V94/><F103/><W41/><G41/><T75/><D36/><U27/><E27/><V105/><F95/><W80/><G80/><T129/><D116/><U32/><REACH who="1" step="1"/><E9/><REACH who="1" ten="374,251,242,113" step="2"/><V97/><F8/><W68/><G68/><T16/><D70/><U22/><E22/><V58/><F21/><W3/><G3/><T46/><D73/><U50/><AGARI ba="3,2" hai="10,15,19,32,33,34,42,47,50,52,57,62,76,79" machi="50" ten="30,11700,0" yaku="1,1,0,1,52,1,54,1,53,0" doraHai="53" doraHaiUra="99" who="1" fromWho="1" sc="374,-42,251,146,242,-42,113,-42" /><INIT seed="1,4,0,3,4,64" ten="332,397,200,71" oya="1" hai0="73,95,108,94,55,67,101,100,87,5,76,79,22" hai1="116,40,68,41,54,105,130,81,13,112,7,120,115" hai2="125,12,39,114,36,34,6,124,85,74,26,42,33" hai3="133,38,50,44,24,65,20,37,72,84,16,17,3"/><U118/><E105/><V53/><F74/><W31/><G72/><T60/><D5/><U110/><E81/><V8/><F114/><N who="1" m="43561" /><E13/><V69/><F69/><W92/><G133/><T104/><D55/><U77/><E77/><V89/><F42/><N who="1" m="16489" /><E7/><V2/><F53/><W57/><G3/><T30/><D108/><U75/><E75/><V86/><F86/><W15/><G65/><T63/><D104/><U126/><E110/><V18/><F33/><W82/><G57/><T97/><D100/><U56/><E120/><V32/><F32/><W61/><G61/><T78/><D67/><U59/><E68/><V23/><F85/><W25/><G92/><T0/><D0/><U29/><E29/><N who="2" m="19767" /><F89/><W98/><G98/><T135/><D135/><U27/><E27/><V123/><F123/><W129/><G25/><N who="0" m="16695" /><D73/><U1/><E1/><V99/><F99/><W35/><G17/><T132/><D132/><U109/><E109/><V70/><F70/><W71/><G71/><T96/><D96/><U107/><E107/><V51/><F23/><W62/><G84/><T111/><D111/><U90/><E90/><AGARI ba="4,0" hai="60,63,76,78,79,87,90,94,95,97,101" m="16695" machi="90" ten="30,1000,0" yaku="8,1" doraHai="64" who="0" fromWho="1" sc="332,22,397,-22,200,0,71,0" /><INIT seed="2,0,0,5,1,35" ten="354,375,200,71" oya="2" hai0="51,132,83,111,48,115,18,54,80,81,36,5,123" hai1="107,87,118,10,104,128,121,49,32,42,30,28,63" hai2="8,85,66,98,82,86,45,9,88,125,94,110,56" hai3="46,117,0,79,17,26,114,44,93,38,6,119,103"/><V43/><F125/><W22/><G114/><T120/><D115/><U76/><E118/><V127/><F127/><W16/><G103/><T31/><D111/><U100/><E128/><V96/><F110/><W53/><G93/><T109/><D36/><U124/><E124/><V61/><F86/><W77/><G53/><T12/><D132/><U113/><E121/><V72/><F72/><W91/><G91/><T15/><D31/><U21/><E21/><V75/><F75/><W102/><G102/><T129/><D129/><U33/><E63/><V4/><F4/><W92/><G92/><T130/><D130/><U40/><E10/><V37/><REACH who="2" step="1"/><F98/><REACH who="2" ten="354,375,190,71" step="2"/><W25/><G6/><T65/><D109/><U135/><E87/><V47/><F47/><W84/><G84/><T13/><D5/><U64/><E113/><V105/><F105/><W112/><G112/><T55/><D123/><U106/><E106/><V41/><F41/><W73/><G73/><T3/><D120/><U78/><E107/><V134/><F134/><W67/><G117/><T126/><D126/><U14/><E104/><V89/><AGARI ba="0,1" hai="8,9,37,43,45,56,61,66,82,85,88,89,94,96" machi="89" ten="20,7800,0" yaku="1,1,0,1,7,1,54,1,53,0" doraHai="35" doraHaiUra="122" who="2" fromWho="2" sc="354,-26,375,-26,190,88,71,-26" /><INIT seed="2,1,0,4,5,97" ten="328,349,278,45" oya="2" hai0="108,72,120,16,114,129,87,4,46,8,128,80,56" hai1="34,89,67,33,74,60,116,135,45,35,54,28,69" hai2="66,57,19,105,84,119,12,40,104,112,38,31,76" hai3="126,77,27,48,75,10,24,82,111,131,62,123,29"/><V103/><F112/><W13/><G111/><T79/><D120/><U17/><E116/><V3/><F3/><W50/><G131/><N who="0" m="50251" /><D114/><U9/><E74/><V58/><F31/><W117/><G126/><T26/><D108/><U1/><E135/><V71/><F71/><W101/><G117/><T134/><D134/><U86/><E28/><V70/><F70/><W110/><G123/><T106/><D106/><U127/><E127/><V99/><F105/><W94/><G62/><T73/><D56/><U43/><E54/><V83/><F66/><W59/><G59/><T5/><D46/><U91/><E86/><V51/><F38/><W113/><G27/><T102/><D102/><U18/><E18/><V132/><F119/><W121/><G113/><T125/><D125/><U22/><E9/><V55/><F40/><W133/><G133/><T15/><D26/><U100/><E100/><V30/><F132/><W32/><G110/><T98/><D98/><U95/><E95/><V42/><F42/><W6/><REACH who="3" step="1"/><G121/><REACH who="3" ten="328,349,278,35" step="2"/><T109/><D109/><U25/><REACH who="1" step="1"/><E1/><REACH who="1" ten="328,339,278,35" step="2"/><V53/><F58/><W2/><G2/><T23/><D8/><U78/><E78/><V64/><F57/><W85/><G85/><T49/><D73/><U88/><E88/><V130/><F84/><W39/><G39/><AGARI ba="1,2" hai="17,22,25,33,34,35,39,43,45,60,67,69,89,91" machi="39" ten="40,1300,0" yaku="1,1,53,0" doraHai="97" doraHaiUra="93" who="1" fromWho="3" sc="328,0,339,36,278,0,35,-16" /><INIT seed="3,0,0,1,4,116" ten="328,375,278,19" oya="3" hai0="68,3,95,100,103,4,35,123,117,78,87,64,129" hai1="59,38,111,92,9,54,75,79,133,37,43,48,97" hai2="47,120,29,44,108,101,45,131,41,2,26,69,84" hai3="1,118,90,130,125,52,40,60,104,94,65,88,42"/><W93/><G118/><T34/><D117/><U51/><E111/><V55/><F108/><W49/><G104/><T20/><D20/><U102/><E133/><V70/><F2/><W96/><G1/><T82/><D129/><U66/><E66/><V18/><F18/><W91/><G130/><T113/><D113/><U31/><E31/><V57/><F101/><W22/><G125/><T58/><D68/><N who="2" m="26218" /><F84/><W122/><G122/><T99/><D103/><U24/><E24/><V83/><F83/><W63/><G22/><T56/><D123/><U112/><E112/><V80/><F80/><W7/><G7/><T98/><D98/><U36/><E9/><V15/><F15/><W46/><G91/><T119/><D119/><U73/><E79/><V11/><F11/><W10/><G10/><T23/><D4/><U115/><E115/><V71/><F26/><W32/><G32/><T13/><D3/><U128/><E128/><V109/><F29/><W114/><G114/><T72/><D72/><U67/><E67/><V61/><F109/><W50/><G65/><T107/><D64/><U124/><E124/><V0/><F0/><W81/><G81/><T105/><D105/><U86/><E86/><V6/><F6/><W39/><G39/><T19/><D107/><U74/><E74/><V127/><F131/><W134/><G134/><T110/><REACH who="0" step="1"/><D110/><REACH who="0" ten="318,375,278,19" step="2"/><U135/><E135/><V30/><F127/><W76/><G76/><T132/><D132/><U12/><E12/><V16/><F120/><W62/><G50/><T77/><D77/><U14/><E14/><V8/><F71/><RYUUKYOKU ba="0,1" sc="318,10,375,10,278,-30,19,10" hai0="13,19,23,34,35,56,58,78,82,87,95,99,100" hai1="36,37,38,43,48,51,54,59,73,75,92,97,102" hai3="40,42,46,49,52,60,62,63,88,90,93,94,96" /><INIT seed="3,1,1,0,4,124" ten="328,385,248,29" oya="3" hai0="69,72,33,112,122,23,118,1,88,30,20,117,39" hai1="63,15,42,127,17,89,25,38,68,0,75,86,90" hai2="128,48,59,9,62,119,21,28,40,5,3,84,37" hai3="29,109,14,67,45,56,121,4,64,53,111,131,78"/><W41/><G29/><T12/><D72/><U83/><E127/><V7/><F7/><W108/><G78/><T116/><D39/><U102/><E0/><V58/><F37/><N who="3" m="21679" /><G14/><T114/><D69/><U44/><E75/><V85/><F84/><W35/><G4/><T51/><D51/><U19/><E102/><V10/><F85/><W104/><G104/><T46/><D46/><U95/><E25/><V52/><F21/><N who="0" m="8266" /><D88/><U130/><E63/><V125/><F125/><W81/><G81/><T49/><D49/><U97/><E68/><V106/><F106/><W66/><G35/><T76/><D76/><U101/><E15/><V6/><F28/><W57/><G121/><T71/><D71/><U80/><E80/><V61/><F6/><W27/><G27/><N who="0" m="18655" /><D1/><U120/><E120/><V16/><F9/><W126/><G126/><T34/><D34/><U36/><E36/><V92/><F5/><W105/><G105/><T123/><D12/><U96/><E90/><V87/><F16/><N who="1" m="6217" /><E97/><V65/><F3/><W82/><G82/><T24/><D24/><U77/><E101/><V129/><F10/><W107/><G107/><T79/><D79/><U22/><E77/><V99/><F92/><W60/><G57/><T133/><D133/><U47/><E83/><V26/><F26/><W2/><G2/><T94/><D94/><U70/><E96/><V43/><F99/><W11/><G11/><T31/><D31/><U18/><E95/><V110/><F87/><W8/><G8/><T135/><D135/><U93/><E93/><V55/><F59/><W91/><G91/><RYUUKYOKU ba="1,1" sc="328,15,385,-15,248,-15,29,15" hai0="112,114,116,117,118,122,123" hai3="53,56,60,64,66,67,108,109,111,131" /><INIT seed="3,2,1,5,1,47" ten="343,370,233,44" oya="3" hai0="26,16,21,74,111,30,92,41,33,123,128,25,116" hai1="55,106,95,64,17,59,84,105,13,11,71,120,28" hai2="69,72,60,14,58,38,119,107,52,109,121,9,3" hai3="94,125,90,24,108,127,81,104,122,66,48,23,63"/><W91/><G104/><T68/><D123/><U44/><E120/><V27/><F72/><W50/><G122/><T77/><D116/><U93/><E28/><V43/><F119/><W83/><G108/><T96/><D111/><U19/><E71/><V2/><F107/><W15/><G15/><T76/><D68/><U20/><E106/><V115/><F115/><W12/><G12/><T86/><D74/><U75/><E75/><V45/><F109/><W126/><G91/><T131/><D41/><U89/><E105/><V101/><F101/><W87/><G83/><T98/><D98/><U129/><E129/><N who="0" m="49737" /><D86/><U82/><E44/><V67/><F27/><W73/><G81/><T61/><D61/><N who="1" m="36095" /><E64/><V0/><F121/><W80/><G80/><T42/><D42/><U132/><E132/><V124/><F124/><W117/><G117/><T54/><D54/><U88/><E89/><AGARI ba="2,1" hai="16,21,25,26,30,33,76,77,89,92,96" m="49737" machi="89" ten="30,2000,0" yaku="19,1,54,1" doraHai="47" who="0" fromWho="1" sc="343,36,370,-26,233,0,44,0" owari="379,47.9,344,14.4,233,-16.7,44,-45.6" /></mjloggm>