<mjloggm ver="2.3"><GO type="225" lobby="0"/><UN n0="%E3%83%A9%E3%83%BC%E3%83%A1%E3%83%B3%E4%BA%94%E9%83%8E" n1="%4C%4F%4C%49%54%41" n2="%E6%98%93%E5%88%A9%E8%96%A9%E4%BC%AF" n3="%72%61%6B%33" dan="16,16,17,16" rate="2061.22,2115.33,2218.38,2097.36" sx="M,F,F,M"/><TAIKYOKU oya="0"/><INIT seed="0,0,0,2,4,4" ten="250,250,250,250" oya="0" hai0="43,63,49,135,20,45,92,93,103,77,16,104,67" hai1="107,6,64,35,13,100,17,26,129,102,82,133,78" hai2="51,25,46,11,131,121,88,52,8,44,12,117,55" hai3="73,123,9,0,18,22,85,86,32,128,65,87,134"/><T113/><D113/><U19/><E129/><V36/><F121/><W24/><G73/><T120/><D120/><U91/><E133/><V75/><F75/><W10/><G123/><T21/><D135/><U39/><E39/><V30/><F117/><W72/><G134/><T53/><D77/><U15/><E6/><V111/><F111/><W96/><G72/><T7/><D7/><U56/><E91/><V58/><F131/><W90/><G128/><T116/><D116/><U37/><E37/><V60/><F12/><W62/><G32/><T66/><D21/><N who="1" m="11439" /><E107/><V57/><F88/><W97/><G0/><T2/><D2/><U14/><E26/><V71/><F71/><W94/><REACH who="3" step="1"/><G97/><REACH who="3" ten="250,250,250,240" step="2"/><N who="0" m="59815" /><D104/><U34/><E34/><V69/><F69/><AGARI ba="0,1" hai="9,10,18,22,24,62,65,69,85,86,87,90,94,96" machi="69" ten="40,5200,0" yaku="1,1,52,2,53,0" doraHai="4" doraHaiUra="29" who="3" fromWho="2" sc="250,0,250,0,250,-52,240,62" /><INIT seed="1,0,0,3,1,33" ten="250,250,198,302" oya="1" hai0="94,75,102,71,78,133,83,107,17,91,56,80,61" hai1="135,14,104,39,38,125,112,12,6,120,128,31,11" hai2="55,124,62,67,18,96,86,49,119,35,121,95,132" hai3="77,23,21,89,7,130,101,110,93,116,88,27,99"/><U122/><E104/><V1/><F119/><W85/><G116/><T65/><D133/><U52/><E112/><V24/><F121/><W45/><G110/><T106/><D83/><U81/><E135/><V69/><F124/><W29/><G130/><T58/><D17/><U15/><E125/><V84/><F132/><W30/><G7/><T123/><D123/><U98/><E128/><V44/><F1/><W3/><G3/><T36/><D36/><U22/><E98/><V40/><F18/><W97/><G45/><T111/><D111/><U34/><E34/><V9/><F9/><W16/><G77/><T59/><REACH who="0" step="1"/><D102/><REACH who="0" ten="240,250,198,302" step="2"/><U68/><E81/><V90/><REACH who="2" step="1"/><F40/><REACH who="2" ten="240,250,188,302" step="2"/><W134/><G134/><T73/><D73/><U92/><E120/><V114/><F114/><W117/><G117/><T4/><D4/><U115/><E115/><V64/><F64/><W126/><G126/><T10/><D10/><U72/><E72/><V109/><F109/><W108/><G108/><T118/><D118/><U60/><E122/><V13/><F13/><W37/><G16/><T57/><N who="0" m="14336" /><DORA hai="66" /><T19/><D19/><U103/><E11/><V79/><F79/><W42/><G42/><T105/><D105/><U5/><E5/><V2/><F2/><W51/><G29/><AGARI ba="0,2" hai="24,29,35,44,49,55,62,67,69,84,86,90,95,96" machi="29" ten="40,2600,0" yaku="1,1,52,1,53,0" doraHai="33,66" doraHaiUra="129,131" who="2" fromWho="3" sc="240,0,250,0,188,46,302,-26" /><INIT seed="2,0,0,2,2,55" ten="240,250,234,276" oya="2" hai0="108,65,125,98,100,39,93,63,14,6,54,44,82" hai1="127,96,52,9,20,116,23,134,24,49,45,73,3" hai2="32,61,46,66,81,29,102,68,0,131,25,130,97" hai3="121,119,104,113,89,92,31,77,60,11,123,115,72"/><V15/><F0/><W129/><G31/><T86/><D108/><U41/><E116/><V111/><F111/><W88/><G119/><T7/><D125/><U48/><E73/><V16/><F81/><N who="3" m="45223" /><G11/><T124/><D124/><U70/><E127/><V8/><REACH who="2" step="1"/><F46/><REACH who="2" ten="240,250,224,276" step="2"/><W132/><G123/><T107/><D44/><U26/><E3/><V91/><F91/><W18/><G121/><T21/><D82/><U64/><E45/><V133/><F133/><W75/><G132/><T78/><D78/><U34/><E134/><V87/><F87/><W117/><G89/><T110/><D110/><U105/><E41/><V126/><F126/><W22/><G117/><T33/><D86/><U90/><E90/><V85/><F85/><W109/><G109/><T27/><D100/><U12/><E96/><V4/><F4/><W28/><G88/><T120/><D6/><U71/><E71/><V38/><F38/><W47/><G47/><T56/><D39/><U13/><E70/><V118/><F118/><W17/><G75/><T80/><D80/><U35/><E35/><V114/><F114/><W2/><G2/><T50/><D120/><U58/><E34/><V79/><F79/><W76/><G76/><T30/><D7/><U42/><E42/><V112/><F112/><W69/><G115/><T10/><D98/><U84/><E84/><V5/><F5/><W53/><G113/><T128/><D33/><U37/><E37/><V74/><F74/><W106/><G69/><T1/><D1/><U122/><E122/><V19/><F19/><W94/><G17/><T95/><D30/><RYUUKYOKU ba="0,1" sc="240,-10,250,-10,224,30,276,-10" hai2="8,15,16,25,29,32,61,66,68,97,102,130,131" /><INIT seed="2,1,1,5,0,3" ten="230,240,254,266" oya="2" hai0="12,29,93,49,126,125,53,60,43,81,11,16,46" hai1="104,76,54,9,100,90,99,107,87,17,38,7,8" hai2="97,61,135,33,0,36,84,59,28,72,66,109,128" hai3="82,101,51,89,116,44,37,85,113,15,88,13,50"/><V77/><F72/><W41/><G116/><T74/><D93/><U23/><E38/><V22/><F36/><W114/><G101/><T5/><D29/><U105/><E76/><V63/><F128/><W42/><G89/><T20/><D74/><U110/><E54/><V35/><F135/><W98/><G98/><T67/><D81/><U123/><E110/><V83/><F0/><W21/><G41/><T106/><D106/><U55/><E55/><V26/><F109/><W4/><G15/><T47/><D47/><U91/><E91/><V131/><F131/><W130/><G130/><T108/><D43/><U1/><E9/><V132/><F132/><W39/><G39/><T2/><REACH who="0" step="1"/><D108/><REACH who="0" ten="220,240,254,266" step="2"/><U6/><E123/><V127/><F127/><W25/><G44/><T78/><D78/><U86/><E86/><V92/><F63/><W14/><G42/><T31/><D31/><U129/><E129/><V65/><F65/><W45/><G45/><T70/><AGARI ba="1,2" hai="2,5,11,12,16,20,46,49,53,60,67,70,125,126" machi="70" ten="30,7900,0" yaku="1,1,0,1,52,1,54,1,53,0" doraHai="3" doraHaiUra="94" who="0" fromWho="0" sc="220,102,240,-21,254,-40,266,-21" /><INIT seed="3,0,0,0,3,100" ten="322,219,214,245" oya="3" hai0="58,38,59,17,82,66,130,126,105,67,37,33,117" hai1="74,12,60,87,119,11,93,27,116,129,41,43,76" hai2="49,103,123,39,4,84,127,68,21,79,98,113,64" hai3="80,109,107,30,22,61,5,54,9,25,1,77,108"/><W32/><G54/><T65/><D117/><N who="1" m="45131" /><E129/><V90/><F113/><W42/><G61/><T134/><D17/><U6/><E74/><V23/><F39/><W99/><G22/><T96/><D82/><N who="1" m="47559" /><E93/><V45/><F123/><W115/><G42/><T86/><D59/><U46/><E46/><V91/><F127/><W56/><G56/><T36/><D66/><U106/><E106/><V83/><F4/><W40/><G40/><N who="1" m="15434" /><E27/><V81/><F81/><W48/><G48/><T112/><D105/><U52/><E52/><N who="2" m="29743" /><F64/><W3/><G3/><T26/><D67/><U14/><E60/><V73/><F68/><W34/><G34/><T122/><D33/><U135/><E135/><V92/><F73/><N who="3" m="43055" /><G115/><T124/><D37/><U95/><E95/><V20/><AGARI ba="0,0" hai="20,21,23,79,83,84,90,91,92,98,103" m="29743" machi="20" ten="30,2000,0" yaku="8,1,54,1" doraHai="100" who="2" fromWho="2" sc="322,-5,219,-5,214,20,245,-10" owari="317,41.7,214,-28.6,234,-16.6,235,3.5" /></mjloggm>