<mjloggm ver="2.3"><GO type="225" lobby="0"/><UN n0="%40%77%61%6B%61" n1="%E3%83%96%E3%83%83%E3%83%91%E3%82%AA%E3%83%96%E3%83%81%E3%82%AD%E3%83%B3" n2="%33%74%72%65%65" n3="%E7%99%BD%E5%80%89%E5%AF%9B%E4%B9%8B" dan="16,16,17,16" rate="2118.73,2121.98,2236.19,2116.12" sx="M,M,F,M"/><TAIKYOKU oya="0"/><INIT seed="0,0,0,2,5,131" ten="250,250,250,250" oya="0" hai0="47,55,115,102,38,29,122,34,100,52,130,50,36" hai1="26,70,33,91,57,133,11,68,53,85,20,30,83" hai2="45,123,2,101,5,125,96,95,46,79,48,10,49" hai3="78,113,54,67,25,112,98,107,62,60,116,119,37"/><T72/><D122/><U88/><E133/><V63/><F123/><W99/><G78/><T59/><D72/><U51/><E33/><V23/><F125/><W93/><G25/><T84/><D115/><U89/><REACH who="1" step="1"/><E11/><REACH who="1" ten="250,240,250,250" step="2"/><V64/><F79/><AGARI ba="0,1" hai="20,26,30,51,53,57,68,70,79,83,85,88,89,91" machi="79" ten="40,5200,0" yaku="1,1,2,1,54,1,53,0" doraHai="131" doraHaiUra="117" who="1" fromWho="2" sc="250,0,240,62,250,-52,250,0" /><INIT seed="1,0,0,1,3,110" ten="250,302,198,250" oya="1" hai0="66,122,92,108,46,135,55,68,80,53,124,125,119" hai1="94,103,35,65,72,113,120,79,84,118,7,42,40" hai2="13,38,37,104,126,132,114,73,2,93,57,31,12" hai3="14,54,91,100,77,59,5,10,21,3,44,36,30"/><U82/><E118/><V69/><F2/><W106/><G77/><T101/><D119/><U102/><E120/><V67/><F104/><W89/><G100/><T74/><D108/><U62/><E35/><V63/><F132/><W134/><G106/><T16/><D135/><U4/><E113/><V26/><F126/><N who="0" m="48746" /><D122/><U15/><E72/><V27/><F73/><W61/><G134/><T11/><D46/><U78/><E78/><V87/><F114/><W112/><G112/><T1/><D1/><U45/><E42/><V99/><F69/><W33/><G36/><T133/><D133/><U28/><E28/><V17/><F87/><W123/><G123/><T98/><D80/><U32/><E32/><V129/><F129/><W121/><G121/><T70/><D74/><U25/><E25/><V9/><F13/><W88/><G44/><T8/><D8/><U109/><E109/><V52/><F67/><W81/><G33/><T58/><D66/><U130/><E130/><V117/><F117/><W0/><REACH who="3" step="1"/><G81/><REACH who="3" ten="250,302,198,240" step="2"/><T23/><D11/><U97/><E103/><V131/><F131/><W96/><G96/><T47/><D47/><U34/><E34/><V95/><F38/><W51/><G51/><N who="0" m="31039" /><D55/><U41/><E41/><V18/><F37/><W83/><G83/><T56/><D56/><N who="1" m="37063" /><E45/><V49/><F99/><W85/><G85/><T116/><D116/><U127/><E40/><V60/><F49/><W128/><G128/><T43/><D43/><U20/><E127/><V107/><F107/><W48/><G48/><T6/><D70/><U29/><E29/><V22/><F60/><RYUUKYOKU ba="0,1" sc="250,-30,302,10,198,10,240,10" hai1="4,7,15,20,79,82,84,94,97,102" hai2="9,12,17,18,22,26,27,31,52,57,63,93,95" hai3="0,3,5,10,14,21,30,54,59,61,88,89,91" /><INIT seed="1,1,1,4,4,46" ten="220,312,208,250" oya="1" hai0="93,0,21,27,18,45,56,85,61,134,65,115,107" hai1="47,37,133,75,70,14,2,103,79,90,81,119,59" hai2="24,120,125,69,51,12,73,29,35,83,30,43,49" hai3="31,8,39,16,6,72,38,44,74,32,101,64,97"/><U116/><E70/><V63/><F120/><W40/><G39/><T34/><D107/><U126/><E2/><V89/><F43/><W36/><G36/><T57/><D0/><U54/><E133/><V135/><F135/><W88/><G64/><T84/><D134/><U19/><E126/><V41/><F41/><W20/><G31/><T3/><D3/><U105/><E37/><V68/><F125/><W4/><G32/><T113/><D34/><U129/><E47/><V60/><F12/><W22/><G22/><T127/><D127/><U123/><E123/><V67/><F30/><W11/><G88/><T53/><D45/><U55/><E55/><V92/><F68/><W26/><G11/><T104/><D104/><U48/><E129/><V80/><F63/><W76/><G76/><T77/><D77/><U117/><E90/><V33/><F33/><W130/><G130/><T5/><D5/><U91/><E91/><V17/><F17/><W96/><G96/><T42/><D93/><U124/><E124/><V131/><F131/><W106/><REACH who="3" step="1"/><G4/><REACH who="3" ten="220,312,208,240" step="2"/><T122/><D122/><U128/><E128/><V10/><F10/><W111/><G111/><T112/><REACH who="0" step="1"/><D42/><REACH who="0" ten="210,312,208,240" step="2"/><U9/><E119/><V99/><REACH who="2" step="1"/><F73/><REACH who="2" ten="210,312,198,240" step="2"/><W95/><G95/><T13/><D13/><AGARI ba="1,4" hai="6,8,13,16,20,26,38,40,44,72,74,97,101,106" machi="13" ten="30,3900,0" yaku="1,1,7,1,54,1,53,0" doraHai="46" doraHaiUra="52" who="3" fromWho="0" sc="210,-42,312,0,198,0,240,82" /><INIT seed="2,0,0,1,3,107" ten="168,312,198,322" oya="2" hai0="25,65,103,50,21,89,82,36,131,134,19,45,121" hai1="34,125,33,9,135,16,114,52,115,57,94,4,47" hai2="14,24,101,88,126,0,117,96,124,18,29,3,58" hai3="74,56,73,75,123,40,108,100,6,76,122,110,84"/><V112/><F117/><W20/><G40/><T51/><D121/><N who="3" m="46089" /><G6/><T92/><D134/><U10/><E135/><V11/><F112/><W97/><G20/><T104/><D131/><U66/><E125/><N who="2" m="48235" /><F58/><W15/><G15/><T113/><D113/><U63/><E115/><V8/><F8/><W109/><G56/><T41/><D65/><U90/><E114/><V70/><F70/><W99/><G100/><T119/><D119/><U39/><E10/><V120/><F120/><W26/><G26/><T27/><D25/><U60/><E4/><V95/><F101/><W30/><G30/><T37/><D51/><U85/><E9/><V1/><F3/><W68/><G68/><T46/><D82/><AGARI ba="0,0" hai="73,74,75,76,82,84,97,99,108,109,110" m="46089" machi="82" ten="50,12000,2" yaku="14,1,34,2,52,3" doraHai="107" who="3" fromWho="0" sc="168,-120,312,0,198,0,322,120" /><INIT seed="3,0,0,2,4,6" ten="48,312,198,442" oya="3" hai0="108,87,46,115,84,80,52,124,37,3,121,40,94" hai1="28,111,102,83,82,96,132,112,133,113,60,109,134" hai2="126,101,57,98,39,129,41,65,25,13,90,67,9" hai3="47,42,97,15,56,86,78,22,18,95,120,68,77"/><W104/><G68/><T26/><D121/><U114/><E28/><V64/><F126/><W73/><G120/><T29/><D124/><U93/><REACH who="1" step="1"/><E60/><REACH who="1" ten="48,302,198,442" step="2"/><V27/><F129/><W79/><G73/><T127/><D115/><U7/><E7/><V17/><F57/><W20/><G56/><T34/><D127/><U71/><E71/><V118/><F118/><W76/><G18/><T48/><D108/><AGARI ba="0,1" hai="82,83,93,96,102,108,109,111,112,113,114,132,133,134" machi="108" ten="50,12000,2" yaku="1,1,14,1,20,1,34,3,53,0" doraHai="6" doraHaiUra="75" who="1" fromWho="0" sc="48,-120,302,130,198,0,442,0" owari="-72,-57.2,432,23.2,198,-20.2,442,54.2" /></mjloggm>