<mjloggm ver="2.3"><GO type="225" lobby="0"/><UN n0="%E5%B0%8F%E9%B3%A5%E9%81%8A%E7%B7%B4%E7%84%A1%32%31%E6%AD%B3" n1="%E6%9C%88%E5%A4%9C%E3%81%AB%E9%A2%A8" n2="%E3%81%A4%E3%81%A3%E3%81%B1%E3%82%8A%E3%83%9D%E3%83%BC%E3%83%AB" n3="%6B%61%7A%75%73%61" dan="17,16,17,17" rate="2188.24,2079.88,2153.33,2145.03" sx="F,M,M,F"/><TAIKYOKU oya="0"/><INIT seed="0,0,0,4,0,2" ten="250,250,250,250" oya="0" hai0="103,62,14,99,30,65,19,42,29,33,23,0,11" hai1="49,21,95,32,109,106,89,46,27,112,69,119,70" hai2="59,110,40,102,104,107,64,101,9,82,105,55,60" hai3="88,68,77,57,10,90,18,97,121,50,100,123,22"/><T81/><D42/><U80/><E119/><V28/><F110/><W75/><G68/><T54/><D54/><U31/><E109/><V87/><F40/><W15/><G77/><T135/><D135/><U20/><E106/><V4/><F28/><W85/><G75/><T127/><D127/><U108/><E108/><V125/><F125/><W93/><G57/><T122/><D81/><U56/><E80/><V131/><F131/><W132/><G50/><T58/><D122/><N who="3" m="46601" /><G132/><T113/><D113/><U17/><E56/><V7/><F64/><W96/><G90/><T51/><D51/><U35/><E70/><V94/><F94/><N who="3" m="54543" /><G97/><T134/><D134/><U44/><E69/><V26/><F26/><W34/><G34/><T98/><D30/><U1/><E1/><V128/><F128/><W129/><G129/><T67/><D67/><U38/><E38/><V12/><REACH who="2" step="1"/><F7/><REACH who="2" ten="250,250,240,250" step="2"/><W124/><G124/><T71/><D29/><U111/><E111/><V114/><F114/><W91/><G100/><T133/><D133/><U5/><E112/><V120/><F120/><W3/><G3/><T86/><D103/><U66/><E35/><V48/><F48/><W74/><G74/><T6/><D33/><U126/><E126/><V13/><F13/><W63/><G63/><T72/><D72/><U36/><E32/><V79/><AGARI ba="0,1" hai="4,9,12,55,59,60,79,82,87,101,102,104,105,107" machi="79" ten="30,7900,0" yaku="1,1,0,1,52,1,53,1" doraHai="2" doraHaiUra="76" who="2" fromWho="2" sc="250,-39,250,-20,240,89,250,-20" /><INIT seed="1,0,0,1,3,135" ten="211,230,329,230" oya="1" hai0="97,31,63,103,79,28,119,85,0,124,108,82,44" hai1="55,10,69,134,128,78,19,35,86,105,21,26,114" hai2="50,41,127,29,42,27,123,7,34,117,111,120,47" hai3="24,66,23,64,130,104,2,75,58,53,98,96,9"/><U126/><E114/><V112/><F117/><W36/><G36/><T4/><D119/><U91/><E134/><V129/><F112/><W13/><G75/><T102/><D108/><U12/><E128/><V16/><F111/><W70/><G2/><T76/><D76/><U68/><E105/><V15/><F129/><W56/><G70/><T81/><D81/><U62/><E78/><V57/><F7/><W51/><G130/><T92/><D103/><U132/><E132/><V33/><F33/><W14/><G104/><T101/><D101/><U43/><E35/><V5/><F5/><W113/><G113/><T39/><D63/><U74/><E74/><V22/><F127/><W100/><G58/><T52/><D124/><U25/><E43/><V116/><F116/><W60/><G100/><T106/><D39/><U45/><E26/><V88/><F42/><W94/><G94/><T73/><D4/><U67/><E69/><V1/><F1/><W59/><G66/><T90/><REACH who="0" step="1"/><D0/><REACH who="0" ten="201,230,329,230" step="2"/><U125/><E125/><V133/><F133/><W30/><REACH who="3" step="1"/><G13/><REACH who="3" ten="201,230,329,220" step="2"/><T107/><D107/><U115/><E126/><V38/><F15/><W3/><G3/><T95/><D95/><U20/><E12/><V49/><F38/><W131/><G131/><T18/><D18/><AGARI ba="0,2" hai="9,14,18,23,24,30,51,53,56,59,60,64,96,98" machi="18" ten="30,3900,0" yaku="1,1,7,1,8,1,53,0" doraHai="135" doraHaiUra="110" who="3" fromWho="0" sc="201,-39,230,0,329,0,220,59" /><INIT seed="2,0,0,5,5,61" ten="162,230,329,279" oya="2" hai0="67,27,88,43,47,9,112,91,98,78,68,33,46" hai1="134,23,75,110,42,66,35,76,107,2,133,40,17" hai2="123,80,132,86,62,111,7,52,45,118,117,124,125" hai3="90,14,31,65,97,87,32,1,82,95,59,131,99"/><V28/><F123/><W39/><G1/><T54/><D112/><U22/><E35/><V85/><F132/><N who="1" m="50793" /><E107/><V26/><F7/><W77/><G131/><T51/><D78/><U89/><E110/><V20/><F111/><W63/><G39/><T50/><D9/><U56/><E2/><V11/><F11/><W4/><G31/><T115/><D115/><U121/><E121/><V21/><F21/><W48/><G32/><T55/><D43/><U126/><E23/><V120/><F120/><W79/><G48/><T57/><D68/><U70/><E70/><V10/><F10/><N who="3" m="4423" /><G99/><T13/><D13/><N who="1" m="9519" /><E89/><AGARI ba="0,0" hai="59,63,65,77,79,82,87,89,90,95,97" m="4423" machi="89" ten="30,2000,0" yaku="8,1,52,1" doraHai="61" who="3" fromWho="1" sc="162,0,230,-20,329,0,279,20" /><INIT seed="3,0,0,4,1,122" ten="162,210,329,299" oya="3" hai0="3,0,126,45,134,99,20,54,113,59,39,74,7" hai1="103,78,93,63,130,50,32,57,131,13,68,70,121" hai2="34,26,82,129,19,56,91,67,105,62,9,65,30" hai3="31,23,2,132,88,28,27,135,102,100,22,55,89"/><W92/><G55/><T75/><D126/><U61/><E32/><V53/><F129/><N who="1" m="49161" /><E78/><V110/><F110/><W94/><G2/><T48/><D134/><U42/><E13/><V41/><F105/><W8/><G27/><T29/><D113/><U123/><E93/><V107/><F107/><W52/><G52/><T96/><D29/><U104/><E103/><V49/><F41/><W120/><G8/><T125/><D125/><U77/><E77/><V80/><F91/><W69/><G69/><N who="1" m="26730" /><E104/><V36/><F36/><W73/><G73/><T51/><D39/><U79/><E79/><V60/><F19/><W106/><G106/><T133/><D133/><U84/><E84/><V11/><F11/><W25/><G25/><T118/><D118/><U119/><E119/><V108/><F9/><W1/><G1/><T24/><D7/><U111/><E111/><V101/><F101/><W6/><G6/><T15/><D15/><U10/><E10/><V117/><F108/><W64/><G64/><T5/><D5/><U116/><E116/><V90/><F90/><W44/><G44/><T95/><D3/><U14/><E14/><V18/><F18/><W47/><G47/><T71/><D0/><U17/><E17/><V72/><F72/><W38/><G38/><T43/><D71/><U85/><E85/><V81/><F117/><W127/><G127/><T12/><D12/><U109/><E109/><V21/><F34/><W16/><G16/><T86/><D86/><U76/><E76/><V46/><F46/><W33/><G33/><T112/><D112/><U87/><E87/><RYUUKYOKU ba="0,0" sc="162,-15,210,-15,329,15,299,15" hai2="21,26,30,49,53,56,60,62,65,67,80,81,82" hai3="22,23,28,31,88,89,92,94,100,102,120,132,135" /><INIT seed="3,1,0,1,2,130" ten="147,195,344,314" oya="3" hai0="82,53,22,75,55,2,66,52,119,6,99,92,61" hai1="121,34,69,29,12,47,124,14,134,117,120,71,65" hai2="49,3,9,91,4,23,90,31,118,36,48,63,100" hai3="116,30,88,1,115,10,85,33,5,13,39,68,107"/><W17/><G115/><T27/><D119/><U19/><E124/><V46/><F118/><W35/><G68/><T25/><D6/><U62/><E117/><V108/><F108/><W81/><G116/><T135/><D2/><U86/><E71/><V41/><F100/><W132/><G132/><T105/><D105/><U7/><E134/><V59/><F36/><W126/><G126/><T95/><D135/><U83/><E34/><V11/><F49/><W21/><G107/><T42/><D42/><U127/><E29/><V123/><F123/><W76/><G39/><T56/><D27/><U28/><E28/><V110/><F110/><W94/><G30/><T114/><D114/><U45/><E7/><V50/><F50/><W96/><AGARI ba="1,0" hai="1,5,10,13,17,21,33,35,76,81,85,88,94,96" machi="96" ten="20,3900,0" yaku="0,1,7,1,54,1" doraHai="130" who="3" fromWho="3" sc="147,-14,195,-14,344,-14,314,42" owari="133,-36.7,181,-21.9,330,13.0,356,45.6" /></mjloggm>