<mjloggm ver="2.3"><GO type="225" lobby="0"/><UN n0="%6B%61%7A%75%73%61" n1="%E7%99%BD%E5%80%89%E5%AF%9B%E4%B9%8B" n2="%E3%81%99%E3%81%84%E3%81%BE%E3%81%9B%E3%83%BC%E3%82%93" n3="%E6%A1%9C%E8%8A%B1%E9%96%83%E3%80%85" dan="17,16,18,16" rate="2155.19,2147.36,2206.92,2233.38" sx="F,M,M,M"/><TAIKYOKU oya="0"/><INIT seed="0,0,0,3,5,133" ten="250,250,250,250" oya="0" hai0="122,39,110,30,51,19,10,17,107,43,126,26,97" hai1="103,1,0,114,77,71,58,33,99,111,115,86,91" hai2="16,132,60,22,48,73,79,81,63,108,12,20,124" hai3="24,61,62,128,46,74,15,85,84,55,83,101,36"/><T129/><D122/><U87/><E71/><V102/><F132/><W3/><G3/><T40/><D39/><U75/><E33/><V8/><F108/><W113/><G113/><N who="1" m="43018" /><E75/><V38/><F38/><W42/><G128/><T82/><D129/><U121/><E121/><V119/><F119/><W41/><G101/><T11/><D110/><U92/><E111/><V13/><F124/><W34/><G74/><T27/><D82/><N who="1" m="47439" /><E58/><V5/><F102/><W123/><G42/><T96/><D51/><U47/><E47/><V25/><REACH who="2" step="1"/><F48/><REACH who="2" ten="250,250,240,250" step="2"/><W65/><G36/><T118/><D118/><U76/><E76/><V18/><AGARI ba="0,1" hai="5,8,12,13,16,18,20,22,25,60,63,73,79,81" machi="18" ten="20,12000,2" yaku="1,1,2,1,0,1,7,1,54,1,53,2" doraHai="133" doraHaiUra="56" who="2" fromWho="2" sc="250,-60,250,-30,240,130,250,-30" /><INIT seed="1,0,0,5,2,108" ten="190,220,370,220" oya="1" hai0="121,49,17,88,47,118,87,1,4,42,66,74,131" hai1="95,110,119,58,2,10,98,135,61,15,23,18,97" hai2="132,84,62,39,45,26,103,123,92,13,124,67,21" hai3="56,27,111,93,134,5,69,22,55,107,43,68,20"/><U30/><E119/><V102/><F123/><W37/><G107/><T8/><D118/><U3/><E110/><V89/><F132/><W32/><G111/><T35/><D121/><U71/><E71/><V12/><F124/><W48/><G134/><T125/><D125/><U46/><E135/><V126/><F126/><W78/><G5/><T28/><D74/><U19/><E46/><V109/><F109/><W96/><G32/><T72/><D72/><U94/><E30/><V80/><F39/><W105/><G105/><T70/><D131/><U133/><E133/><V16/><F45/><N who="3" m="25663" /><G69/><T76/><D76/><U34/><E34/><V31/><F80/><W33/><G33/><T112/><D112/><U53/><E95/><V82/><F82/><W64/><G78/><T59/><D70/><U115/><E98/><V65/><F13/><W0/><G0/><T38/><D17/><U51/><E51/><V9/><F67/><W11/><G11/><T90/><D87/><U73/><E73/><V114/><F114/><W7/><G7/><T101/><D101/><U44/><E44/><V6/><F6/><W106/><G106/><T91/><D66/><U29/><E29/><V99/><F99/><W120/><G37/><T24/><REACH who="0" step="1"/><D59/><AGARI ba="0,0" hai="9,12,16,21,26,31,59,62,65,84,89,92,102,103" machi="59" ten="30,3900,0" yaku="7,1,8,1,54,1" doraHai="108" who="2" fromWho="0" sc="190,-39,220,0,370,39,220,0" /><INIT seed="2,0,0,0,2,63" ten="151,220,409,220" oya="2" hai0="98,107,56,21,129,44,55,90,123,128,97,80,127" hai1="93,31,85,101,82,113,3,131,0,47,41,91,49" hai2="43,54,96,34,72,5,11,62,78,119,2,124,64" hai3="66,126,109,135,108,50,70,51,81,112,111,73,67"/><V25/><F119/><W60/><G126/><T24/><D123/><U18/><E113/><V46/><F124/><W103/><G135/><T86/><D127/><U79/><E131/><V15/><F54/><W65/><G103/><T133/><D133/><U74/><E31/><V40/><F96/><W16/><G112/><T35/><D35/><U39/><E39/><V20/><F78/><N who="3" m="44239" /><G16/><T59/><D107/><U38/><E38/><V76/><F76/><W110/><G110/><T99/><D128/><U71/><E71/><V88/><F72/><W48/><AGARI ba="0,0" hai="48,50,51,60,65,66,67,70,108,109,111" m="44239" machi="48" ten="40,8000,1" yaku="14,1,52,3" doraHai="63" who="3" fromWho="3" sc="151,-20,220,-20,409,-40,220,80" /><INIT seed="3,0,0,2,0,13" ten="131,200,369,300" oya="3" hai0="71,42,19,94,84,123,106,29,90,101,5,58,107" hai1="18,33,125,26,76,87,31,20,68,96,47,83,111" hai2="36,93,128,95,89,98,23,72,117,100,22,113,110" hai3="4,80,88,2,103,79,135,49,73,8,124,112,66"/><W109/><G112/><T32/><D123/><U114/><E68/><V78/><F110/><W129/><G129/><T39/><D71/><U81/><E114/><V25/><F117/><W40/><G124/><T64/><D5/><U133/><E111/><V61/><F36/><W12/><G109/><T127/><D127/><U130/><E125/><V14/><F113/><W74/><G135/><T48/><D39/><U126/><E126/><V99/><F128/><W24/><G103/><T77/><D77/><U50/><E133/><V122/><F122/><W51/><G74/><T0/><D0/><U134/><E134/><V62/><F78/><W3/><G66/><T21/><D101/><U1/><E1/><V44/><F44/><W75/><G75/><T17/><D32/><U52/><E130/><V6/><F72/><W121/><G121/><T132/><D132/><U102/><E83/><V41/><F41/><W27/><G3/><T105/><D42/><U120/><E120/><V53/><F53/><W45/><G51/><T63/><REACH who="0" step="1"/><D48/><REACH who="0" ten="121,200,369,300" step="2"/><U92/><E33/><V16/><F6/><W46/><G2/><T60/><D60/><U70/><E70/><V11/><F62/><W37/><G88/><T69/><D69/><U118/><E118/><V54/><F61/><W67/><G67/><T115/><D115/><U82/><E76/><V35/><F54/><AGARI ba="0,1" hai="4,8,12,24,27,37,40,45,46,49,54,73,79,80" machi="54" ten="30,1500,0" yaku="7,1" doraHai="13" who="3" fromWho="2" sc="121,0,200,0,369,-15,300,25" /><INIT seed="3,1,0,2,5,119" ten="121,200,354,325" oya="3" hai0="14,33,111,19,0,83,54,105,26,95,36,39,4" hai1="76,124,3,16,12,61,91,42,41,66,86,75,72" hai2="129,22,78,37,24,121,80,109,98,50,97,116,106" hai3="21,11,71,63,126,67,64,46,135,44,117,28,130"/><W84/><G117/><T115/><D105/><U1/><E124/><V133/><F116/><W122/><G126/><T108/><D115/><U102/><E102/><V40/><F37/><W89/><G130/><T107/><D107/><U5/><E76/><V88/><F129/><W29/><G135/><T20/><D83/><U8/><E75/><V25/><F133/><W32/><G32/><T15/><D54/><U104/><E72/><V69/><F69/><W60/><G122/><T17/><D95/><U77/><E77/><V49/><F121/><W6/><G21/><T52/><D36/><U96/><E96/><V87/><F109/><N who="0" m="42058" /><D52/><U134/><E134/><V112/><F112/><W10/><G46/><T92/><D92/><U7/><E104/><V101/><F40/><N who="1" m="15465" /><E1/><V13/><F98/><W70/><G44/><T34/><D39/><U65/><E3/><V131/><F131/><W132/><G132/><T100/><D100/><U73/><E73/><V79/><F79/><W110/><G110/><T18/><D0/><U2/><E2/><V45/><F78/><W56/><G56/><T90/><D90/><U93/><E61/><V9/><F45/><W123/><G123/><T59/><D59/><U31/><E66/><V114/><F114/><W27/><G6/><N who="1" m="2058" /><E65/><V125/><F125/><W94/><REACH who="3" step="1"/><G27/><REACH who="3" ten="121,200,354,315" step="2"/><N who="0" m="14735" /><D4/><U38/><E38/><V55/><F25/><W113/><G113/><T68/><D68/><U85/><E93/><V35/><F35/><N who="0" m="13322" /><D26/><U99/><E99/><V53/><F24/><W51/><G51/><N who="2" m="19465" /><F22/><W118/><G118/><T47/><D47/><U81/><E81/><RYUUKYOKU ba="1,1" sc="121,10,200,-30,354,10,315,10" hai0="14,15,18,19" hai2="9,13,53,55,80,87,88,97,101,106" hai3="10,11,28,29,60,63,64,67,70,71,84,89,94" /><INIT seed="3,2,1,5,0,38" ten="131,170,364,325" oya="3" hai0="27,122,15,66,35,56,14,71,95,82,109,72,20" hai1="55,23,19,58,135,93,117,114,97,33,121,22,128" hai2="49,53,21,123,12,79,81,24,34,108,2,11,107" hai3="84,28,99,129,54,51,68,89,87,133,69,60,91"/><W75/><G75/><T111/><D122/><U37/><E33/><V26/><F107/><W16/><G133/><T92/><D71/><U6/><E37/><V31/><F123/><W115/><G115/><T3/><D3/><U70/><E70/><V98/><F108/><N who="0" m="41546" /><D35/><U18/><E121/><V94/><F2/><W119/><G119/><T36/><D36/><U67/><E117/><V101/><F34/><W131/><G28/><T57/><D72/><U43/><E114/><V40/><F40/><W47/><G99/><T9/><D82/><U86/><E43/><V85/><F21/><N who="1" m="7689" /><E135/><V52/><F31/><W113/><G113/><T90/><D66/><U13/><E67/><V134/><F134/><W5/><G5/><T41/><D9/><N who="1" m="4279" /><E86/><N who="3" m="32810" /><G16/><N who="0" m="12679" /><D41/><U46/><E46/><N who="2" m="27703" /><F53/><W25/><G25/><T63/><D90/><N who="3" m="34313" /><G60/><T59/><D63/><N who="1" m="36319" /><E128/><AGARI ba="2,1" hai="47,51,54,68,69,128,129,131" m="34313,32810" machi="128" ten="30,1500,0" yaku="19,1" doraHai="38" who="3" fromWho="1" sc="131,0,170,-21,364,0,325,31" /><INIT seed="3,3,0,4,5,91" ten="131,149,364,356" oya="3" hai0="95,52,108,42,50,113,54,22,98,13,11,125,127" hai1="60,92,53,86,12,36,46,78,51,120,63,100,118" hai2="34,35,3,93,99,14,4,130,73,65,70,61,89" hai3="122,104,123,49,64,28,55,111,2,26,56,96,39"/><W47/><G2/><T88/><D108/><U101/><E120/><V72/><F3/><W15/><G111/><T126/><D22/><U83/><E36/><V38/><F38/><W102/><G15/><T97/><D113/><U29/><E118/><V135/><F130/><W6/><G6/><N who="0" m="3319" /><D98/><N who="1" m="59463" /><E101/><V23/><F135/><W20/><REACH who="3" step="1"/><G64/><REACH who="3" ten="131,149,364,346" step="2"/><T10/><D10/><U119/><E119/><V110/><F110/><W66/><G66/><T67/><D67/><U84/><E12/><V128/><F128/><W7/><G7/><T129/><D129/><U124/><E124/><V44/><F4/><W75/><G75/><T33/><D33/><U133/><E133/><V31/><F35/><W76/><G76/><T107/><D107/><U32/><E32/><V58/><F34/><W48/><G48/><T106/><D106/><U109/><E109/><V19/><F73/><W90/><G90/><T25/><D25/><U68/><E68/><V21/><F72/><W115/><G115/><T5/><D5/><U1/><E1/><V116/><F116/><W59/><G59/><T94/><D94/><U121/><E121/><V17/><F70/><W87/><G87/><T134/><D134/><U62/><E86/><V77/><F77/><W27/><G27/><T30/><D30/><AGARI ba="3,1" hai="29,30,46,51,53,60,62,63,78,83,84" m="59463" machi="30" ten="30,2000,0" yaku="8,1,52,1" doraHai="91" who="1" fromWho="0" sc="131,-29,149,39,364,0,346,0" owari="102,-39.8,188,-21.2,364,46.4,346,14.6" /></mjloggm>