<mjloggm ver="2.3"><GO type="225" lobby="0"/><UN n0="%E6%9D%BE%E6%9C%AC%E5%81%A5%E7%94%B7" n1="%E5%91%A8%E6%9D%B1" n2="%E3%83%96%E3%83%83%E3%83%91%E3%82%AA%E3%83%96%E3%83%81%E3%82%AD%E3%83%B3" n3="%54%4F%52" dan="17,17,16,17" rate="2244.79,2193.40,2196.93,2172.62" sx="M,M,M,M"/><TAIKYOKU oya="0"/><INIT seed="0,0,0,1,1,96" ten="250,250,250,250" oya="0" hai0="109,27,12,23,104,6,35,65,32,69,16,24,31" hai1="38,120,59,129,111,127,8,5,48,4,52,99,126" hai2="17,25,18,46,0,29,60,7,131,95,43,61,124" hai3="72,90,91,133,103,14,113,41,26,74,53,118,80"/><T101/><D109/><U100/><E38/><V47/><F124/><N who="1" m="47657" /><E120/><V45/><F131/><W49/><G113/><T66/><D69/><U84/><E111/><V123/><F123/><W62/><G118/><T82/><D82/><U116/><E116/><V40/><F0/><W64/><G41/><N who="2" m="15945" /><F7/><W19/><G26/><T54/><D54/><U94/><E129/><V86/><F29/><W36/><G36/><T132/><D132/><U121/><E121/><V33/><F33/><W75/><G133/><T28/><D6/><U77/><E8/><V88/><F25/><W92/><G80/><AGARI ba="0,0" hai="4,5,48,52,59,77,80,84,94,99,100" m="47657" machi="80" ten="30,3900,0" yaku="18,1,52,1,54,1" doraHai="96" who="1" fromWho="3" sc="250,0,250,39,250,0,250,-39" /><INIT seed="1,0,0,5,0,127" ten="250,289,250,211" oya="1" hai0="97,37,120,56,124,0,129,33,2,80,44,101,68" hai1="102,115,57,81,108,119,70,32,89,26,69,131,122" hai2="91,118,50,6,82,59,65,84,117,121,20,13,28" hai3="71,52,66,86,45,58,95,39,60,3,30,34,49"/><U5/><E115/><V130/><F121/><W12/><G3/><T23/><D68/><U43/><E122/><V18/><F130/><W109/><G109/><T53/><D33/><U40/><E119/><V41/><F6/><W61/><G12/><T73/><D124/><U111/><E102/><V83/><F28/><W62/><G30/><T125/><D125/><U135/><E5/><V79/><F65/><W38/><G34/><T113/><D113/><U64/><E32/><V107/><F107/><W128/><G128/><T123/><D123/><U25/><E81/><V110/><F110/><N who="1" m="42025" /><E89/><V10/><F10/><W22/><G22/><T27/><D120/><U51/><E131/><V77/><F91/><W98/><G86/><T90/><D73/><U94/><E94/><V54/><REACH who="2" step="1"/><F41/><REACH who="2" ten="250,289,240,211" step="2"/><N who="3" m="22711" /><G39/><T112/><D129/><U63/><BYE who="3" /><BYE who="2" /><E63/><UN n2="%E3%83%96%E3%83%83%E3%83%91%E3%82%AA%E3%83%96%E3%83%81%E3%82%AD%E3%83%B3" /><UN n3="%54%4F%52" /><V96/><BYE who="1" /><F96/><W106/><G106/><T132/><D112/><U78/><E78/><V42/><F42/><UN n1="%E5%91%A8%E6%9D%B1" /><W29/><G29/><T36/><D90/><AGARI ba="0,1" hai="49,52,58,60,61,62,66,71,90,95,98" m="22711" machi="90" ten="30,2000,0" yaku="24,1,54,1" doraHai="127" who="3" fromWho="0" sc="250,-20,289,0,240,0,211,30" /><INIT seed="2,0,0,5,0,70" ten="230,289,240,241" oya="2" hai0="9,67,96,51,129,104,83,125,101,33,69,108,94" hai1="102,116,91,79,128,56,28,77,87,47,37,14,103" hai2="71,57,17,84,74,133,110,12,32,58,49,54,1" hai3="123,95,114,117,15,25,115,119,16,23,4,10,135"/><V64/><F74/><W44/><G123/><T107/><D108/><U99/><E116/><N who="3" m="44618" /><G95/><T43/><D125/><U92/><E128/><V75/><F75/><W120/><G44/><T52/><D43/><U88/><E28/><V105/><F32/><W111/><G120/><T21/><D33/><U22/><E37/><V109/><F105/><W3/><G111/><N who="2" m="42505" /><F1/><W78/><G78/><N who="1" m="29706" /><E56/><N who="2" m="32847" /><F84/><W18/><G135/><T112/><D129/><U0/><E0/><V27/><F27/><W35/><G35/><T97/><D112/><N who="3" m="43049" /><G3/><T72/><D83/><N who="1" m="49279" /><E47/><V118/><F118/><W53/><G53/><T29/><D72/><U98/><E98/><V34/><F34/><W81/><G81/><T61/><D107/><U31/><E31/><AGARI ba="0,0" hai="4,10,15,16,18,23,25,31" m="43049,44618" machi="31" ten="30,7700,0" yaku="11,1,34,2,54,1" doraHai="70" who="3" fromWho="1" sc="230,0,289,-77,240,0,241,77" /><INIT seed="3,0,0,1,0,29" ten="230,212,240,318" oya="3" hai0="25,16,49,41,6,71,31,30,8,110,69,50,2" hai1="1,48,128,42,120,100,75,91,121,54,39,4,122" hai2="65,80,74,40,82,93,17,104,38,37,73,56,79" hai3="57,14,107,32,97,27,63,10,47,130,90,36,53"/><W135/><G135/><T19/><D110/><U66/><E75/><V111/><F104/><W125/><G125/><T78/><D31/><U9/><E128/><V64/><F111/><W101/><G130/><T118/><D118/><U94/><E66/><V76/><F93/><W12/><G90/><T0/><D0/><U108/><E108/><V52/><F17/><W131/><G131/><T26/><D78/><U116/><E116/><V67/><REACH who="2" step="1"/><F40/><REACH who="2" ten="230,212,230,318" step="2"/><W112/><G107/><T117/><D19/><U70/><E100/><V105/><F105/><W106/><G106/><T134/><D117/><U23/><E42/><V33/><F33/><W83/><G32/><T89/><D41/><U20/><E39/><V87/><F87/><W123/><G101/><T59/><D134/><U44/><REACH who="1" step="1"/><E70/><REACH who="1" ten="230,202,230,318" step="2"/><V124/><F124/><W133/><G36/><T99/><D71/><U109/><E109/><V35/><F35/><W21/><G133/><T114/><D69/><U77/><E77/><V72/><F72/><W96/><G123/><T11/><D114/><U45/><E45/><V81/><F81/><W58/><G47/><T127/><D127/><U92/><E92/><V5/><F5/><W15/><G112/><T46/><D46/><U24/><E24/><V18/><F18/><W61/><G27/><T62/><D25/><U119/><E119/><V95/><F95/><W86/><G83/><T129/><D129/><U103/><E103/><V34/><F34/><W132/><G132/><T43/><D43/><U55/><E55/><V98/><F98/><AGARI ba="0,2" hai="1,4,9,20,23,44,48,54,91,94,98,120,121,122" machi="98" ten="40,1300,0" yaku="1,1,53,0" doraHai="29" doraHaiUra="60" who="1" fromWho="2" sc="230,0,202,33,230,-13,318,0" owari="230,-17.0,235,3.5,217,-28.3,318,41.8" /></mjloggm>