<mjloggm ver="2.3"><GO type="225" lobby="0"/><UN n0="%E6%98%BC%E4%B8%8B%E3%81%8C%E3%82%8A%E3%81%AE%E5%9B%A3%E5%9C%B0%E5%A6%BB" n1="%E3%81%90%E3%81%A1%E3%82%84%E3%81%BE" n2="%4B%2E%32%2E%4B%2E" n3="%E3%83%81%E3%83%AF%E3%83%AF%E9%9A%8A%E9%95%B7" dan="16,16,17,16" rate="2142.65,2143.32,2185.38,2093.04" sx="F,M,M,M"/><TAIKYOKU oya="0"/><INIT seed="0,0,0,5,0,98" ten="250,250,250,250" oya="0" hai0="41,90,72,45,103,135,92,115,97,127,99,54,130" hai1="47,55,4,110,61,112,116,124,74,33,64,133,101" hai2="30,58,111,35,34,104,126,20,62,87,56,9,85" hai3="88,14,134,93,12,117,108,53,1,13,23,11,100"/><T18/><D115/><U118/><E33/><V131/><F111/><W32/><G117/><N who="1" m="45162" /><E4/><V46/><F126/><W96/><G32/><T89/><D127/><U120/><E101/><V81/><F131/><W121/><G108/><T26/><D130/><U5/><E5/><V0/><F104/><W36/><G36/><T28/><D72/><U42/><E74/><V123/><F123/><W122/><G134/><T106/><D54/><U6/><E6/><V15/><F0/><W113/><G113/><T31/><D135/><U40/><E133/><V91/><F46/><W80/><G1/><T129/><D129/><U16/><E16/><N who="2" m="8303" /><F34/><W102/><G11/><T43/><D89/><U37/><E124/><V70/><F70/><W119/><G119/><T71/><D71/><U59/><E110/><V50/><F35/><W75/><G23/><T27/><D41/><N who="1" m="22959" /><E112/><V69/><F69/><W63/><G75/><T51/><REACH who="0" step="1"/><D18/><REACH who="0" ten="240,250,250,250" step="2"/><U73/><E73/><V109/><F109/><W83/><G122/><T22/><D22/><U125/><E125/><V114/><F114/><W10/><G121/><T76/><D76/><U17/><E17/><V84/><F20/><W38/><G10/><T48/><D48/><N who="1" m="31207" /><E120/><V39/><F30/><AGARI ba="0,1" hai="26,27,28,30,31,43,45,51,90,92,97,99,103,106" machi="30" ten="40,3900,0" yaku="1,1,52,1,53,0" doraHai="98" doraHaiUra="68" who="0" fromWho="2" sc="240,49,250,0,250,-39,250,0" /><INIT seed="0,1,0,4,0,40" ten="289,250,211,250" oya="0" hai0="3,82,30,42,108,127,14,17,58,55,25,19,8" hai1="111,117,47,64,6,69,61,89,66,98,115,22,26" hai2="41,119,68,106,99,112,79,83,85,118,44,88,94" hai3="122,67,74,53,60,120,126,13,39,121,81,78,65"/><T131/><D131/><U103/><E117/><V123/><F123/><W100/><G126/><T72/><D127/><U46/><E111/><V18/><F112/><W27/><G39/><T5/><D108/><U70/><E115/><V56/><F68/><W1/><G1/><T38/><D14/><U36/><E36/><V86/><F56/><N who="3" m="34831" /><G100/><T31/><D31/><U51/><E51/><V11/><F11/><W9/><G27/><T32/><D72/><U45/><E6/><AGARI ba="1,0" hai="6,9,13,65,67,74,78,81,120,121,122" m="34831" machi="6" ten="30,1000,0" yaku="13,1" doraHai="40" who="3" fromWho="1" sc="289,0,250,-13,211,0,250,13" /><INIT seed="1,0,0,2,3,60" ten="289,237,211,263" oya="1" hai0="69,90,84,95,2,119,68,27,81,126,19,54,56" hai1="26,10,118,1,44,14,4,96,59,51,132,7,83" hai2="89,97,125,17,106,61,86,105,9,15,110,37,57" hai3="72,53,58,22,115,133,39,114,77,55,32,124,102"/><U76/><E118/><V79/><F37/><W127/><G32/><T25/><D119/><U107/><E132/><V52/><F110/><W71/><G71/><T108/><D108/><U29/><E59/><V34/><F125/><W94/><G39/><T49/><D2/><U62/><E62/><V42/><F34/><W50/><G133/><T78/><D126/><N who="3" m="48169" /><G22/><T101/><D101/><U70/><E70/><V64/><F42/><W85/><G72/><T122/><D122/><U117/><E117/><V112/><F112/><N who="3" m="43051" /><G55/><T36/><D36/><U18/><E1/><V47/><F79/><W111/><G111/><T73/><D69/><U130/><E130/><V5/><F5/><W92/><G102/><T31/><D68/><U93/><E107/><V12/><F12/><W33/><G33/><T38/><D38/><U109/><E109/><V123/><F97/><W87/><G87/><T0/><D0/><U6/><E29/><V67/><F123/><W30/><G30/><T21/><REACH who="0" step="1"/><D31/><REACH who="0" ten="279,237,211,263" step="2"/><U16/><E4/><V46/><F105/><W20/><G20/><T128/><D128/><U129/><E129/><V41/><F106/><W82/><AGARI ba="0,1" hai="50,53,58,77,82,85,92,94" m="43051,48169" machi="82" ten="40,1500,0" yaku="18,1" doraHai="60" who="3" fromWho="3" sc="279,-4,237,-7,211,-4,263,25" /><INIT seed="2,0,0,4,4,101" ten="275,230,207,288" oya="2" hai0="37,122,118,29,109,78,65,32,107,58,134,80,47" hai1="69,76,22,68,8,121,106,35,123,60,103,33,3" hai2="90,15,25,102,14,98,128,75,93,97,38,96,133" hai3="1,85,21,61,124,115,34,92,112,89,104,71,55"/><V64/><F38/><W20/><G34/><N who="1" m="12810" /><E22/><V46/><F128/><W57/><G1/><T43/><D58/><U56/><E56/><V73/><F133/><W41/><G124/><T59/><D59/><U135/><E76/><V74/><F46/><W86/><G41/><T117/><D65/><N who="1" m="40999" /><E69/><V94/><F64/><W45/><G71/><T23/><D23/><N who="3" m="8777" /><G45/><T30/><D30/><U51/><E51/><V36/><F36/><W50/><G86/><T49/><D49/><U127/><E127/><V9/><F25/><W11/><G11/><T111/><D134/><U54/><E54/><V40/><F40/><W16/><G16/><T27/><D107/><U62/><E62/><V17/><REACH who="2" step="1"/><F15/><REACH who="2" ten="275,230,197,288" step="2"/><W12/><G12/><T70/><D37/><U129/><E129/><V67/><F67/><W52/><G55/><T19/><D43/><U91/><E135/><V125/><F125/><W28/><G52/><T88/><D47/><U130/><E130/><V132/><F132/><W7/><G57/><T4/><D70/><U110/><E110/><V66/><F66/><W48/><G61/><T72/><D109/><U84/><E123/><V126/><F126/><W114/><G114/><T26/><D111/><U2/><E121/><V13/><F13/><W31/><G112/><T63/><D122/><U24/><E24/><V100/><F100/><W0/><G115/><T108/><D108/><U119/><E103/><V87/><AGARI ba="0,1" hai="9,14,17,73,74,75,87,90,93,94,96,97,98,102" machi="87" ten="30,3000,0" yaku="1,1,0,1,53,0" doraHai="101" doraHaiUra="113" who="2" fromWho="2" sc="275,-10,230,-10,197,40,288,-10" /><INIT seed="2,1,0,5,1,83" ten="265,220,237,278" oya="2" hai0="94,128,75,47,62,37,29,42,85,1,26,55,16" hai1="21,68,134,101,123,126,15,17,57,59,87,61,91" hai2="27,119,125,116,92,52,124,104,13,93,54,131,117" hai3="49,20,32,40,135,73,33,56,86,113,4,11,0"/><V30/><F104/><W9/><G73/><T28/><D75/><U5/><E126/><N who="2" m="48747" /><F131/><W106/><G106/><T102/><D1/><U78/><E134/><V103/><F13/><W97/><G135/><T51/><D128/><U48/><E123/><V133/><F133/><W44/><G113/><T24/><D62/><U23/><E78/><V107/><F107/><W8/><G97/><T89/><D102/><U34/><E34/><N who="2" m="20831" /><F103/><W99/><G99/><T69/><D69/><U88/><E5/><V39/><F39/><W81/><G20/><T66/><D66/><U115/><E115/><V80/><F80/><W74/><G74/><T14/><D26/><U71/><E101/><V7/><F7/><W108/><G108/><T18/><D24/><U79/><E79/><V67/><F67/><W105/><G105/><T122/><D122/><U46/><E23/><V132/><F132/><W82/><G32/><T19/><REACH who="0" step="1"/><D14/><REACH who="0" ten="255,220,237,278" step="2"/><U130/><E130/><V110/><F110/><W109/><G109/><T45/><AGARI ba="1,1" hai="16,18,19,28,29,37,42,45,47,51,55,85,89,94" machi="45" ten="30,8000,1" yaku="1,1,2,1,0,1,52,1,54,1,53,0" doraHai="83" doraHaiUra="31" who="0" fromWho="0" sc="255,93,220,-21,237,-41,278,-21" /><INIT seed="3,0,0,3,5,49" ten="348,199,196,257" oya="3" hai0="27,3,10,59,101,74,1,85,71,76,82,94,93" hai1="104,98,81,80,122,62,105,116,17,43,48,130,135" hai2="120,112,16,87,34,19,106,11,103,67,12,128,89" hai3="23,73,117,102,107,119,61,126,133,72,108,86,4"/><W38/><G38/><T68/><D93/><U39/><E122/><V15/><F112/><W55/><G4/><T131/><D131/><U91/><E39/><V69/><F128/><W60/><G126/><T14/><D68/><U7/><E130/><V84/><F120/><W95/><G107/><T29/><D71/><U125/><E125/><V13/><F34/><W127/><G127/><T47/><D47/><N who="1" m="25727" /><E105/><V53/><F69/><W111/><G133/><T33/><D59/><U20/><E104/><V90/><F67/><W99/><G23/><T129/><D129/><U2/><E2/><V56/><F103/><W97/><G97/><T64/><D64/><U24/><E135/><V25/><F25/><W58/><G61/><T75/><D75/><N who="3" m="28745" /><G86/><N who="2" m="32809" /><F106/><W88/><G102/><T57/><D101/><U115/><E115/><V28/><F28/><W134/><G134/><T46/><D74/><U70/><E70/><V0/><F0/><W121/><G121/><T41/><D94/><N who="1" m="56671" /><E116/><V9/><F15/><W50/><G60/><AGARI ba="0,0" hai="9,11,12,13,16,19,53,56,60,89,90" m="32809" machi="60" ten="30,3900,0" yaku="8,1,52,1,54,1" doraHai="49" who="2" fromWho="3" sc="348,0,199,0,196,39,257,-39" owari="348,44.8,199,-30.1,235,3.5,218,-18.2" /></mjloggm>