<mjloggm ver="2.3"><GO type="225" lobby="0"/><UN n0="%E6%81%A5%E6%99%92%E3%81%97" n1="%E3%81%BF%E3%81%BF%E3%81%9A" n2="%72%69%6F%75%63%68%61%6E" n3="%E4%BF%BA%E3%81%A8%E5%A6%96%E5%A4%A2" dan="16,18,16,16" rate="2211.35,2252.70,2185.93,2130.14" sx="M,M,M,F"/><TAIKYOKU oya="0"/><INIT seed="0,0,0,3,2,6" ten="250,250,250,250" oya="0" hai0="67,63,87,103,129,113,60,0,22,25,32,115,130" hai1="111,118,116,51,124,96,122,85,121,61,27,48,31" hai2="107,40,41,105,97,112,86,14,33,7,69,39,88" hai3="92,100,17,125,91,23,102,101,1,43,119,37,78"/><T55/><D0/><U80/><E124/><V132/><F112/><W98/><G119/><T77/><D32/><U57/><E96/><V104/><F33/><W114/><G114/><T24/><D103/><U21/><E111/><V53/><F132/><W82/><G1/><T75/><D75/><U4/><E116/><V94/><F69/><W109/><G109/><T73/><D73/><U20/><E118/><V12/><F39/><W131/><G131/><N who="0" m="50187" /><D55/><U5/><E121/><V59/><F14/><W70/><G70/><N who="0" m="42343" /><D63/><U56/><E122/><V28/><F28/><W26/><G125/><T133/><D133/><U16/><E51/><V95/><F7/><N who="1" m="2633" /><E48/><V11/><F11/><W10/><G10/><T42/><D42/><U81/><E85/><V30/><F12/><W29/><G37/><T66/><D66/><N who="1" m="39207" /><E57/><V71/><F30/><W52/><G43/><T19/><D25/><AGARI ba="0,0" hai="16,20,21,25,27,31,80,81" m="39207,2633" machi="25" ten="30,2000,0" yaku="8,1,54,1" doraHai="6" who="1" fromWho="0" sc="250,-20,250,20,250,0,250,0" /><INIT seed="1,0,0,4,4,69" ten="230,270,250,250" oya="1" hai0="51,118,133,96,49,99,10,93,86,102,52,65,17" hai1="124,16,106,67,26,112,121,37,21,27,101,95,32" hai2="135,116,131,90,103,19,47,68,54,5,57,59,43" hai3="87,6,15,41,109,129,40,107,117,85,92,84,58"/><U72/><E112/><V82/><F116/><W28/><G107/><T108/><D108/><U13/><E121/><V11/><F68/><W33/><G109/><T115/><D115/><U23/><E72/><V64/><F131/><W94/><G129/><T66/><D133/><U80/><E106/><V74/><F135/><W34/><G58/><N who="0" m="33039" /><D118/><U30/><E67/><N who="0" m="25609" /><D102/><U18/><E80/><V42/><F103/><W61/><G61/><T25/><D51/><U3/><E37/><V120/><F120/><W104/><G104/><T0/><D0/><U55/><E124/><V119/><F119/><W44/><G117/><T14/><D25/><U63/><E3/><V130/><F130/><W76/><G76/><T46/><D46/><U50/><E63/><N who="2" m="37999" /><F74/><W97/><G28/><T114/><D114/><U1/><E1/><V79/><F79/><W7/><G85/><T31/><D31/><U100/><REACH who="1" step="1"/><E95/><REACH who="1" ten="230,260,250,250" step="2"/><V35/><F82/><W123/><G123/><T105/><D105/><U128/><E128/><V70/><F70/><W45/><REACH who="3" step="1"/><G15/><REACH who="3" ten="230,260,250,240" step="2"/><T91/><AGARI ba="0,2" hai="10,14,17,86,91,93,96,99" m="25609,33039" machi="91" ten="30,2000,0" yaku="8,1,54,1" doraHai="69" who="0" fromWho="0" sc="230,40,260,-10,250,-5,240,-5" /><INIT seed="2,0,0,0,1,80" ten="270,250,245,235" oya="2" hai0="21,68,92,133,51,71,4,15,130,78,110,90,109" hai1="103,34,38,131,40,79,97,69,31,10,128,35,7" hai2="64,0,126,98,55,65,125,87,112,6,99,100,120" hai3="74,1,3,132,83,12,57,45,48,53,52,88,123"/><V59/><F112/><W81/><G123/><T20/><D130/><N who="1" m="49707" /><E79/><V26/><F120/><W5/><G132/><T129/><D129/><U111/><E31/><V66/><F26/><W30/><G30/><T19/><D133/><U121/><E121/><V85/><F6/><W25/><G25/><T11/><D78/><U113/><E69/><V116/><F0/><W124/><G124/><N who="2" m="47721" /><F116/><W114/><G114/><T127/><D51/><U37/><E111/><N who="0" m="42505" /><D127/><U94/><E113/><V32/><F32/><N who="1" m="12329" /><E40/><V86/><F100/><W27/><G74/><T117/><D117/><U46/><E46/><V8/><F8/><N who="3" m="4111" /><G3/><AGARI ba="0,0" hai="3,7,10,37,38,94,97,103" m="12329,49707" machi="3" ten="30,1000,0" yaku="19,1" doraHai="80" who="1" fromWho="3" sc="270,0,250,10,245,0,235,-10" /><INIT seed="3,0,0,0,3,17" ten="270,260,245,225" oya="3" hai0="118,96,26,44,121,15,21,41,66,131,10,34,52" hai1="3,49,2,87,94,77,25,45,5,84,93,123,46" hai2="74,60,132,114,38,80,129,116,39,59,33,24,31" hai3="48,65,11,70,9,29,86,85,43,106,0,76,109"/><W92/><G106/><T105/><D118/><U102/><E123/><V75/><F114/><W32/><G109/><T7/><D121/><U79/><E25/><V16/><F116/><W104/><G104/><T126/><D34/><U130/><E49/><V83/><F129/><W51/><G32/><T90/><D131/><U36/><E130/><V125/><F125/><W50/><G43/><T67/><D126/><U113/><E5/><V19/><F132/><W18/><G29/><T23/><D105/><U14/><E14/><V42/><F83/><N who="3" m="47335" /><G70/><T55/><D41/><U111/><E102/><V107/><F107/><W89/><G0/><T30/><D23/><U108/><REACH who="1" step="1"/><E113/><REACH who="1" ten="270,250,245,225" step="2"/><V22/><F19/><W112/><G112/><T28/><D28/><U8/><E8/><N who="3" m="3146" /><G18/><T133/><D7/><U61/><E61/><V37/><F42/><W57/><G48/><T128/><D128/><U110/><E110/><V88/><F16/><W72/><G72/><T122/><D10/><U69/><E69/><V54/><REACH who="2" step="1"/><F33/><REACH who="2" ten="270,250,235,225" step="2"/><W91/><G91/><T127/><D90/><U40/><E40/><V12/><F12/><W95/><G95/><T68/><D15/><U73/><E73/><V4/><F4/><W81/><G92/><T6/><D6/><U119/><E119/><V35/><F35/><W1/><G1/><T99/><D122/><U103/><E103/><V64/><F64/><W63/><AGARI ba="0,2" hai="50,51,57,63,65,81,86,89" m="3146,47335" machi="63" ten="30,1500,0" yaku="8,1" doraHai="17" who="3" fromWho="3" sc="270,-5,250,-5,235,-5,225,35" /><INIT seed="3,1,0,4,4,134" ten="265,245,230,260" oya="3" hai0="47,88,98,85,108,79,28,74,29,21,118,55,64" hai1="104,19,124,42,16,76,39,86,90,50,125,69,2" hai2="40,113,89,127,20,49,32,1,7,0,92,57,87" hai3="65,63,10,17,81,99,105,101,68,30,120,100,135"/><W43/><G120/><T110/><D118/><U6/><E69/><V115/><F32/><W26/><G135/><T62/><D98/><U12/><E104/><V116/><F116/><W93/><G43/><T67/><D74/><U70/><E70/><V66/><F7/><W126/><G81/><N who="0" m="49199" /><D79/><U46/><E39/><V52/><F127/><N who="1" m="48713" /><E76/><V123/><F123/><W61/><G61/><T119/><D119/><U102/><E102/><V72/><F72/><W51/><G51/><T56/><D47/><U13/><E2/><V3/><F66/><N who="0" m="25130" /><D21/><U97/><E97/><V41/><REACH who="2" step="1"/><F20/><REACH who="2" ten="265,245,220,260" step="2"/><W45/><G126/><T122/><D122/><U94/><E6/><V33/><F33/><W112/><G112/><AGARI ba="1,1" hai="0,1,3,40,41,49,52,57,87,89,92,112,113,115" machi="112" ten="50,3200,0" yaku="1,1,54,1,53,0" doraHai="134" doraHaiUra="8" who="2" fromWho="3" sc="265,0,245,0,220,45,260,-35" /><INIT seed="4,0,0,2,3,66" ten="265,245,265,225" oya="0" hai0="27,128,88,74,68,125,122,126,82,45,103,15,21" hai1="70,3,90,20,65,75,105,101,31,40,36,1,135" hai2="59,25,85,58,110,112,63,99,77,55,89,71,0" hai3="104,115,121,123,35,50,7,91,64,120,48,4,38"/><T46/><D122/><U37/><E90/><V26/><F110/><W124/><G38/><N who="1" m="14954" /><E40/><V43/><F112/><W61/><G104/><T80/><D128/><U57/><E57/><V109/><F71/><N who="3" m="42383" /><G35/><T60/><D103/><U108/><E20/><V49/><F109/><W86/><G115/><T129/><D15/><U52/><E52/><N who="2" m="34247" /><F0/><N who="1" m="73" /><E31/><V69/><F69/><W95/><G124/><N who="0" m="47723" /><D74/><U13/><E13/><V22/><F43/><W130/><G130/><T79/><D79/><U76/><E108/><V87/><F77/><W133/><G133/><T96/><D82/><N who="1" m="45343" /><E135/><V83/><F83/><W119/><G119/><T32/><D129/><U100/><E100/><V78/><F78/><W98/><G86/><N who="2" m="32777" /><F22/><W67/><G67/><N who="0" m="41063" /><D80/><U94/><E101/><V44/><F59/><W51/><AGARI ba="0,0" hai="4,7,48,50,51,91,95,98,120,121,123" m="42383" machi="51" ten="40,2700,0" yaku="13,1,52,1" doraHai="66" who="3" fromWho="3" sc="265,-13,245,-7,265,-7,225,27" /><INIT seed="5,0,0,1,2,113" ten="252,238,258,252" oya="1" hai0="19,79,58,109,101,13,62,65,98,117,75,59,29" hai1="8,125,92,89,9,126,73,71,116,67,42,90,24" hai2="120,107,14,81,132,86,45,91,127,55,48,66,82" hai3="105,52,122,133,1,44,115,49,17,84,27,124,69"/><U40/><E73/><V100/><F120/><W103/><G122/><T33/><D109/><U135/><E24/><V54/><F127/><N who="1" m="48649" /><E135/><V15/><F132/><W97/><G124/><T130/><D130/><U11/><E11/><V87/><BYE who="1" /><F66/><W43/><G133/><T118/><D75/><U114/><E114/><V68/><F68/><UN n1="%E3%81%BF%E3%81%BF%E3%81%9A" /><W95/><G115/><T26/><D79/><U119/><E8/><V99/><REACH who="2" step="1"/><F54/><REACH who="2" ten="252,238,248,252" step="2"/><W85/><G69/><T93/><D59/><U121/><E121/><V22/><F22/><AGARI ba="0,1" hai="13,19,22,26,29,33,58,62,65,93,98,101,117,118" machi="22" ten="30,3900,0" yaku="7,1,52,2" doraHai="113" who="0" fromWho="2" sc="252,49,238,0,248,-39,252,0" owari="301,40.1,238,-16.2,209,-29.1,252,5.2" /></mjloggm>