<mjloggm ver="2.3"><GO type="225" lobby="0"/><UN n0="%77%72%77%72%77%72%77%72" n1="%E3%83%96%E3%83%83%E3%83%91%E3%82%AA%E3%83%96%E3%83%81%E3%82%AD%E3%83%B3" n2="%E3%83%A9%E3%82%B9%E7%8E%87%EF%BC%93%E5%89%B2" n3="%E7%99%BD%E9%9B%AA%E4%B9%83%E6%84%9B" dan="17,16,17,16" rate="2170.01,2175.03,2210.15,2029.84" sx="M,M,F,F"/><TAIKYOKU oya="0"/><INIT seed="0,0,0,4,4,16" ten="250,250,250,250" oya="0" hai0="75,15,55,25,104,51,46,116,94,96,134,24,131" hai1="10,135,45,89,40,5,108,2,63,49,98,114,125" hai2="29,37,82,28,84,47,18,8,101,4,64,36,76" hai3="129,27,118,38,127,117,17,9,69,62,93,119,79"/><T65/><D116/><U66/><E108/><V21/><F64/><W110/><G110/><T72/><D131/><U31/><E135/><V92/><F101/><W88/><G129/><T23/><D134/><U35/><E125/><V60/><F60/><W1/><G127/><T33/><D104/><U81/><E114/><V71/><F71/><W41/><G79/><T73/><D65/><U61/><E35/><V32/><F92/><W87/><G62/><T80/><D33/><U86/><E31/><V133/><F133/><W12/><G69/><T111/><D111/><U123/><E123/><V85/><F85/><W59/><G59/><T22/><D15/><U30/><E66/><V39/><F47/><W11/><G27/><T74/><D80/><U103/><REACH who="1" step="1"/><E30/><REACH who="1" ten="250,240,250,250" step="2"/><V6/><F32/><W48/><G1/><T112/><D112/><U105/><AGARI ba="0,1" hai="2,5,10,40,45,49,61,63,81,86,89,98,103,105" machi="105" ten="20,5200,0" yaku="1,1,2,1,0,1,7,1,53,0" doraHai="16" doraHaiUra="14" who="1" fromWho="1" sc="250,-26,240,62,250,-13,250,-13" /><INIT seed="1,0,0,1,0,90" ten="224,302,237,237" oya="1" hai0="93,99,86,43,109,58,65,133,117,32,5,10,113" hai1="28,41,53,4,26,130,95,68,61,50,39,107,47" hai2="108,129,119,67,56,74,80,106,46,98,20,83,77" hai3="120,96,31,40,91,9,135,2,134,17,128,22,79"/><U104/><E130/><V63/><F119/><W88/><G120/><T75/><D117/><U122/><E122/><V1/><F129/><W76/><G128/><T57/><D113/><U127/><E127/><V112/><F108/><W102/><G40/><T89/><D109/><U36/><E4/><V13/><F1/><W23/><G31/><T73/><D133/><N who="3" m="50697" /><G9/><T25/><D43/><U114/><E114/><V118/><F118/><W123/><G2/><T62/><D58/><U24/><E24/><V87/><F46/><W15/><G23/><T30/><REACH who="0" step="1"/><D86/><REACH who="0" ten="214,302,237,237" step="2"/><U12/><E41/><V52/><F112/><W55/><G123/><T33/><D33/><U37/><E37/><V66/><F87/><W125/><G125/><T14/><AGARI ba="0,1" hai="5,10,14,25,30,32,57,62,65,73,75,89,93,99" machi="14" ten="20,8000,1" yaku="1,1,0,1,7,1,52,1,53,1" doraHai="90" doraHaiUra="59" who="0" fromWho="0" sc="214,90,302,-40,237,-20,237,-20" /><INIT seed="2,0,0,2,5,114" ten="304,262,217,217" oya="2" hai0="69,119,133,20,110,24,13,92,75,37,124,17,87" hai1="39,91,72,29,97,108,44,101,62,40,125,107,21" hai2="3,82,54,51,30,12,59,88,109,76,42,68,64" hai3="89,56,71,83,67,95,134,50,84,131,34,123,16"/><V74/><F3/><W53/><G123/><T65/><D75/><U118/><E108/><V23/><F109/><W10/><G134/><T94/><D133/><U58/><E125/><V19/><F30/><W61/><G131/><T73/><D110/><U115/><E115/><V90/><REACH who="2" step="1"/><F42/><REACH who="2" ten="304,262,207,217" step="2"/><W2/><G2/><T121/><D121/><U132/><E29/><V85/><F85/><W41/><G41/><T8/><D87/><U49/><E40/><V96/><F96/><W79/><G34/><T57/><D73/><U55/><E97/><V7/><F7/><W126/><G126/><T27/><D124/><U70/><E72/><V103/><F103/><W28/><G28/><T120/><D120/><U86/><E101/><V105/><F105/><W33/><G33/><T47/><D17/><U127/><E107/><V9/><F9/><W11/><REACH who="3" step="1"/><G16/><REACH who="3" ten="304,262,207,207" step="2"/><T100/><D8/><U113/><E127/><V43/><F43/><W112/><G112/><T129/><D129/><U45/><E113/><V128/><F128/><W117/><G117/><T98/><D119/><U93/><E118/><V14/><F14/><W78/><G78/><T22/><D13/><U0/><E0/><V15/><F15/><W32/><G32/><T36/><D24/><U46/><E132/><V6/><F6/><W48/><G48/><T135/><D27/><U66/><E21/><V80/><F80/><W38/><G38/><T31/><D37/><U5/><E39/><V60/><AGARI ba="0,2" hai="12,19,23,51,54,59,60,64,68,74,76,82,88,90" machi="60" ten="30,6000,0" yaku="1,1,0,1,54,1,53,0" doraHai="114" doraHaiUra="99" who="2" fromWho="2" sc="304,-20,262,-20,207,80,207,-20" /><INIT seed="2,1,0,5,4,28" ten="284,242,287,187" oya="2" hai0="53,2,76,86,15,26,40,16,34,133,67,27,64" hai1="100,111,48,31,106,130,25,99,126,93,18,56,51" hai2="123,52,90,60,122,114,13,10,109,112,23,62,119" hai3="84,61,80,38,94,70,17,77,98,54,32,88,66"/><V4/><F119/><W39/><G32/><T36/><D2/><U42/><E111/><V92/><F109/><W75/><G54/><T118/><D118/><U29/><E130/><V116/><F116/><W46/><G46/><T85/><D133/><U19/><E126/><V132/><F132/><W6/><G6/><T65/><D34/><U108/><E108/><V21/><F62/><W91/><REACH who="3" step="1"/><G17/><REACH who="3" ten="284,242,287,177" step="2"/><T57/><D16/><U14/><E18/><V121/><F52/><W104/><G104/><T69/><D53/><N who="1" m="31807" /><E106/><V134/><F134/><W87/><G87/><T1/><D85/><U3/><E25/><V37/><F60/><W59/><G59/><T117/><D26/><U107/><E107/><V22/><REACH who="2" step="1"/><F37/><REACH who="2" ten="284,242,277,177" step="2"/><W43/><G43/><T50/><D36/><U68/><E42/><V78/><F78/><W73/><G73/><T113/><D76/><U125/><E125/><V7/><F7/><W120/><G120/><T131/><D40/><U72/><E72/><V35/><F35/><W97/><G97/><AGARI ba="1,2" hai="4,10,13,21,22,23,90,92,97,112,114,121,122,123" machi="97" ten="50,2400,0" yaku="1,1,53,0" doraHai="28" doraHaiUra="74" who="2" fromWho="3" sc="284,0,242,0,277,47,177,-27" /><INIT seed="2,2,0,0,3,85" ten="284,242,324,150" oya="2" hai0="78,106,36,35,50,120,9,80,31,32,41,3,55" hai1="30,28,110,13,87,113,75,108,33,105,11,62,6" hai2="18,121,56,68,61,97,42,115,7,119,48,21,84" hai3="95,63,34,45,72,29,1,51,64,91,8,104,12"/><V81/><F115/><W26/><G104/><T0/><D120/><U103/><E75/><V94/><F119/><W125/><G125/><T89/><D106/><U131/><E113/><V65/><F121/><W46/><G72/><T122/><D122/><U124/><E131/><V24/><F7/><W70/><G1/><T16/><D36/><U47/><E124/><V10/><F10/><W77/><G77/><T54/><D41/><U73/><E73/><V52/><F42/><W57/><G70/><T99/><D31/><U38/><E62/><V135/><F135/><W126/><G51/><T109/><D109/><N who="1" m="42091" /><E33/><V128/><F128/><W112/><G126/><T102/><D32/><U114/><E114/><V134/><F134/><W37/><G37/><T79/><D35/><U60/><E60/><V76/><F68/><W92/><G92/><N who="0" m="58727" /><D0/><U66/><E66/><V100/><F48/><W129/><G129/><T86/><D3/><U90/><E47/><V127/><F127/><W43/><G43/><T82/><D82/><N who="1" m="49527" /><E38/><V116/><F116/><W71/><G71/><T27/><D55/><AGARI ba="2,0" hai="18,21,24,52,55,56,61,65,76,81,84,94,97,100" machi="55" ten="40,3900,0" yaku="8,1,54,1" doraHai="85" who="2" fromWho="0" sc="284,-45,242,0,324,45,150,0" /><INIT seed="2,3,0,5,3,109" ten="239,242,369,150" oya="2" hai0="100,104,54,127,65,111,131,57,128,80,44,102,84" hai1="97,103,6,118,33,55,25,38,59,92,27,52,45" hai2="95,81,53,17,87,129,22,49,19,88,115,7,35" hai3="76,71,107,16,37,86,56,72,20,116,82,58,61"/><V51/><F115/><W135/><G116/><T73/><D111/><U134/><E118/><V112/><F112/><W89/><G135/><T114/><D114/><U68/><E134/><V50/><F129/><N who="0" m="49738" /><D73/><U132/><E132/><V62/><F35/><W46/><G107/><T66/><D127/><U29/><E68/><V70/><F7/><W99/><G99/><N who="0" m="61471" /><D102/><U83/><E6/><V3/><F3/><W14/><G71/><T94/><D94/><U26/><E83/><V96/><F22/><W122/><G122/><T21/><D44/><U120/><E120/><V9/><F9/><W130/><G130/><T78/><D21/><U24/><REACH who="1" step="1"/><E59/><REACH who="1" ten="239,232,369,150" step="2"/><N who="2" m="35183" /><F70/><W79/><G72/><T117/><D117/><U101/><E101/><AGARI ba="3,1" hai="17,19,49,50,51,81,87,88,95,96,101" m="35183" machi="101" ten="30,2900,0" yaku="8,1,54,1" doraHai="109" who="2" fromWho="1" sc="239,0,232,-38,369,48,150,0" /><INIT seed="2,4,0,1,0,105" ten="239,194,417,150" oya="2" hai0="62,28,87,39,8,93,33,23,114,46,13,44,128" hai1="10,49,112,108,50,68,96,66,88,124,121,57,32" hai2="104,35,131,126,97,65,12,61,84,58,134,64,45" hai3="130,113,40,38,55,56,76,53,25,36,54,102,111"/><V98/><F35/><W3/><G3/><T41/><D114/><U51/><E112/><V109/><F131/><W107/><G113/><T47/><D128/><U6/><E32/><V115/><F115/><W71/><G130/><T118/><D33/><U110/><E124/><V34/><F34/><W116/><G116/><T127/><D118/><U24/><E24/><V73/><F73/><W123/><G123/><T42/><D127/><U99/><E68/><V100/><F134/><W60/><G111/><N who="1" m="42538" /><E121/><V52/><F126/><W31/><G71/><T89/><D62/><N who="1" m="38223" /><E88/><V81/><F109/><W120/><G120/><T78/><D39/><U67/><E67/><V74/><F74/><W26/><G76/><T83/><D28/><U48/><N who="1" m="12288" /><DORA hai="20" /><U119/><E119/><V14/><F64/><W133/><G133/><T4/><REACH who="0" step="1"/><D23/><REACH who="0" ten="229,194,417,150" step="2"/><U86/><E86/><AGARI ba="4,1" hai="4,8,13,41,42,44,46,47,78,83,86,87,89,93" machi="86" ten="40,8000,1" yaku="1,1,2,1,8,1,53,1" doraHai="105,20" doraHaiUra="30,2" who="0" fromWho="1" sc="229,102,194,-92,417,0,150,0" /><INIT seed="3,0,0,0,1,74" ten="331,102,417,150" oya="3" hai0="75,20,88,35,25,66,86,49,69,22,122,33,80" hai1="62,134,72,10,85,50,59,114,46,28,42,23,41" hai2="118,121,125,115,12,78,90,93,82,32,30,48,29" hai3="109,73,112,43,97,106,77,130,64,26,131,94,63"/><W45/><G112/><T21/><D122/><U11/><E114/><V108/><F32/><W110/><G106/><T14/><D75/><U68/><E72/><V129/><F118/><W123/><G123/><T1/><D1/><U103/><E134/><V111/><F129/><W55/><G55/><T87/><D14/><U44/><E68/><V83/><F125/><W13/><G26/><T36/><D36/><U53/><E103/><V70/><F70/><W91/><G13/><T3/><D3/><U58/><E28/><V135/><F83/><N who="3" m="45487" /><G63/><T15/><D15/><U126/><E126/><V40/><F135/><W92/><G92/><T100/><D100/><U113/><E113/><V37/><F37/><N who="3" m="21743" /><G64/><T9/><D25/><U116/><E116/><V27/><F12/><W101/><G91/><T99/><D66/><U95/><E23/><V7/><F27/><W104/><G94/><T133/><D69/><U19/><E19/><V56/><F115/><W17/><G17/><T2/><D133/><U81/><E95/><V6/><F121/><W34/><G34/><T117/><D117/><U124/><E124/><V71/><F71/><W96/><G96/><T89/><D99/><U57/><E57/><V24/><F56/><W0/><G0/><T54/><D89/><U98/><E59/><V120/><F120/><W4/><G101/><T8/><D87/><U128/><E98/><N who="2" m="57655" /><F24/><W79/><G97/><T65/><D2/><U51/><E128/><V67/><F30/><W127/><G127/><T47/><D65/><U5/><E5/><N who="2" m="1547" /><F67/><W52/><G131/><T102/><D102/><RYUUKYOKU ba="0,0" sc="331,15,102,15,417,-15,150,-15" hai0="8,9,20,21,22,33,35,47,49,54,80,86,88" hai1="10,11,41,42,44,46,50,51,53,58,62,81,85" owari="346,14.6,117,-38.3,402,50.2,135,-26.5" /></mjloggm>