<mjloggm ver="2.3"><GO type="225" lobby="0"/><UN n0="%E5%B8%86%E7%AB%8B%E5%A4%8F%E8%A1%A3" n1="%E3%80%90%E3%83%88%E3%83%AA%E3%83%A5%E3%83%95%E3%80%91" n2="%E6%B8%A9%E2%98%85%E6%83%85%E2%98%85%E6%8E%AA%E2%98%85%E7%BD%AE" n3="%E3%83%81%E3%83%83%E3%82%BF%E3%82%BD%E3%83%BC" dan="17,16,17,16" rate="2174.19,2128.22,2177.11,2124.08" sx="M,M,M,F"/><TAIKYOKU oya="0"/><INIT seed="0,0,0,3,4,64" ten="250,250,250,250" oya="0" hai0="89,95,80,114,107,67,70,4,63,96,39,44,27" hai1="41,11,45,78,5,13,121,30,15,58,50,112,77" hai2="17,23,66,59,22,127,35,9,32,75,57,47,110" hai3="135,104,74,105,83,130,93,46,122,2,132,68,72"/><T31/><D114/><U60/><E121/><V81/><F110/><W109/><G2/><T10/><D80/><U116/><E116/><V115/><F127/><W90/><G46/><T102/><D44/><U52/><E112/><V48/><F115/><W123/><G68/><T131/><D131/><U86/><E30/><V103/><F103/><W20/><G20/><T85/><D39/><U38/><E86/><V134/><F134/><N who="3" m="51243" /><G109/><T91/><D95/><U3/><E38/><V97/><F35/><W126/><G126/><T28/><D28/><U65/><E3/><V119/><F32/><W98/><G130/><T24/><D24/><U106/><E106/><N who="3" m="41066" /><G83/><T12/><D85/><U100/><E100/><V111/><F23/><AGARI ba="0,0" hai="4,10,12,23,27,31,63,67,70,89,91,96,102,107" machi="23" ten="30,2900,0" yaku="7,1,52,1" doraHai="64" who="0" fromWho="2" sc="250,29,250,0,250,-29,250,0" /><INIT seed="0,1,0,0,1,109" ten="279,250,221,250" oya="0" hai0="13,112,62,108,47,91,28,102,16,75,117,9,45" hai1="37,29,132,5,72,44,40,25,123,100,114,105,36" hai2="22,30,12,97,125,98,49,21,7,27,31,6,68" hai3="34,54,35,18,33,120,57,78,41,3,113,74,20"/><T42/><D112/><U135/><E123/><V67/><F125/><W8/><G120/><T11/><D117/><U87/><E72/><V60/><F49/><W80/><G41/><T116/><D116/><U53/><E36/><V14/><F14/><W52/><G113/><T86/><D75/><U38/><E38/><V46/><F46/><W26/><REACH who="3" step="1"/><G57/><REACH who="3" ten="279,250,221,240" step="2"/><T17/><D42/><U39/><E114/><V19/><REACH who="2" step="1"/><F31/><REACH who="2" ten="279,250,211,240" step="2"/><W76/><G76/><T122/><D28/><U58/><E29/><V127/><F127/><W79/><G79/><T103/><D122/><U61/><E37/><V0/><F0/><W24/><G24/><T69/><D47/><U95/><E25/><V106/><F106/><W73/><G73/><T15/><D45/><U84/><E105/><V133/><F133/><W88/><G88/><T101/><D108/><U70/><E132/><V83/><F83/><W10/><G10/><T131/><D131/><U48/><E135/><V89/><F89/><W119/><G119/><T124/><D124/><U110/><E110/><V43/><F43/><W50/><G50/><T129/><D129/><U23/><E39/><V56/><F56/><W92/><G92/><T71/><D62/><U90/><E90/><V96/><AGARI ba="1,2" hai="6,7,12,19,21,22,27,30,60,67,68,96,97,98" machi="96" ten="30,7900,0" yaku="1,1,0,1,53,2" doraHai="109" doraHaiUra="2" who="2" fromWho="2" sc="279,-40,250,-21,211,102,240,-21" /><INIT seed="1,0,0,4,1,21" ten="239,229,313,219" oya="1" hai0="17,105,28,13,73,71,85,26,69,82,131,75,27" hai1="87,16,19,18,51,14,130,50,41,125,72,23,4" hai2="10,66,42,126,54,103,38,101,6,7,81,12,94" hai3="79,62,67,58,63,122,110,40,96,33,2,25,109"/><U70/><E72/><V123/><F123/><W104/><G122/><T55/><D105/><U107/><E107/><V0/><F126/><W20/><G2/><T95/><D131/><U59/><E70/><V22/><F66/><W114/><G114/><T93/><D73/><U129/><E125/><V47/><F94/><N who="0" m="35850" /><D75/><U124/><E124/><V113/><F113/><W39/><G33/><T88/><D69/><U97/><E97/><V60/><F81/><W68/><G79/><T5/><D71/><U31/><E87/><V15/><F0/><W77/><G77/><T35/><D35/><U43/><E4/><V76/><F76/><W9/><G9/><N who="0" m="4271" /><D28/><U120/><E120/><V118/><F118/><W78/><G78/><T52/><D17/><U64/><E31/><V128/><F7/><W84/><G84/><T108/><D108/><N who="3" m="41577" /><G96/><T92/><D92/><U121/><E121/><V91/><F128/><W127/><G104/><T61/><D52/><N who="1" m="32151" /><E130/><V44/><F6/><W37/><G127/><T65/><D65/><U46/><E64/><V11/><F101/><W3/><G3/><T132/><D132/><U24/><E129/><V134/><F103/><W53/><G40/><N who="1" m="15434" /><E14/><N who="2" m="5163" /><F134/><W90/><G90/><T34/><D34/><U99/><E99/><V106/><F91/><W29/><AGARI ba="0,0" hai="20,25,29,37,39,53,58,62,63,67,68" m="41577" machi="29" ten="30,2000,0" yaku="14,1,52,1" doraHai="21" who="3" fromWho="3" sc="239,-5,229,-10,313,-5,219,20" /><INIT seed="2,0,0,5,2,40" ten="234,219,308,239" oya="2" hai0="42,76,127,2,24,129,62,12,16,120,114,25,59" hai1="11,113,100,132,119,37,70,88,53,117,58,112,130" hai2="33,134,98,94,85,4,77,55,125,36,61,27,32" hai3="67,97,14,124,29,103,9,17,39,92,82,111,41"/><V122/><F122/><W6/><G111/><T18/><D120/><U93/><E70/><V0/><F36/><W90/><G124/><T95/><D2/><U81/><E130/><V101/><F125/><W60/><G29/><T3/><D3/><U8/><E37/><V52/><F134/><W83/><G39/><T105/><D105/><U72/><E72/><V107/><F4/><W66/><G41/><T28/><D42/><U44/><E132/><V123/><F0/><W63/><G6/><T79/><D114/><U64/><E117/><V49/><F123/><W10/><G9/><T135/><D135/><U31/><E31/><V108/><F108/><W87/><REACH who="3" step="1"/><G82/><REACH who="3" ten="234,219,308,229" step="2"/><T131/><D127/><U7/><E119/><V109/><F109/><W30/><G30/><T56/><D28/><U19/><E7/><V74/><F33/><W133/><G133/><T46/><D131/><U48/><E113/><V75/><F32/><W73/><G73/><T106/><D129/><U26/><E112/><V69/><F74/><W102/><G102/><T34/><D34/><U84/><E100/><V22/><F101/><W68/><G68/><T35/><D35/><U23/><E81/><V20/><F75/><W91/><G91/><T71/><D71/><U110/><E110/><V118/><F69/><W38/><G38/><T13/><D18/><U54/><E64/><AGARI ba="0,1" hai="10,14,17,60,63,64,66,67,83,87,90,92,97,103" machi="64" ten="40,2600,0" yaku="1,1,8,1,53,0" doraHai="40" doraHaiUra="115" who="3" fromWho="1" sc="234,0,219,-26,308,0,229,36" /><INIT seed="3,0,0,4,0,25" ten="234,193,308,265" oya="3" hai0="135,17,118,88,79,58,28,74,4,108,56,132,42" hai1="33,111,38,16,23,54,100,86,39,76,119,128,21" hai2="12,92,67,27,125,110,5,37,112,31,61,96,81" hai3="101,34,106,11,127,134,131,98,89,46,13,52,84"/><W24/><G134/><N who="0" m="51243" /><D118/><U78/><E119/><V49/><F37/><W114/><G131/><T90/><D4/><U71/><E71/><V130/><F130/><W72/><G127/><T99/><D108/><U77/><E128/><V66/><F110/><W15/><G72/><T41/><D17/><U117/><E117/><V113/><F125/><W73/><G73/><T48/><D28/><U14/><E111/><V120/><F120/><W6/><G114/><T44/><D42/><U65/><E65/><V122/><F81/><W2/><G24/><T102/><D79/><U121/><E33/><V87/><F27/><W116/><G34/><T97/><D74/><U35/><E35/><V22/><F122/><W124/><G116/><T50/><D97/><U3/><E3/><V83/><F96/><W95/><REACH who="3" step="1"/><G124/><REACH who="3" ten="234,193,308,255" step="2"/><T109/><D109/><U80/><E121/><V69/><F113/><W93/><G93/><N who="0" m="58735" /><D58/><U85/><E23/><V20/><F20/><W26/><G26/><T29/><D29/><U75/><E75/><V62/><F31/><W40/><G40/><N who="0" m="24583" /><D56/><U60/><E38/><V107/><F112/><W63/><G63/><T18/><D41/><U91/><E39/><V45/><F62/><W57/><G57/><T1/><D50/><AGARI ba="0,1" hai="2,6,11,13,15,46,50,52,84,89,95,98,101,106" machi="50" ten="40,3900,0" yaku="1,1,54,1,53,0" doraHai="25" doraHaiUra="68" who="3" fromWho="0" sc="234,-39,193,0,308,0,255,49" /><INIT seed="3,1,0,1,0,80" ten="195,193,308,304" oya="3" hai0="47,26,89,105,118,97,35,41,130,32,121,77,69" hai1="61,0,107,98,42,87,30,116,71,64,119,59,21" hai2="84,133,45,38,5,65,53,81,57,31,86,44,27" hai3="111,68,100,115,99,128,52,135,96,79,120,132,1"/><W60/><G115/><T76/><D121/><U126/><E0/><V20/><F133/><N who="3" m="51275" /><G120/><T78/><D118/><N who="1" m="45099" /><E87/><N who="2" m="33323" /><F38/><W70/><G128/><T110/><D110/><U134/><E126/><V43/><F43/><W25/><G111/><T72/><D130/><U85/><E85/><V18/><F81/><W17/><G1/><T54/><D72/><U39/><E134/><V46/><F5/><W109/><G109/><T22/><D69/><N who="3" m="26729" /><G79/><T40/><D77/><U129/><E129/><V83/><F83/><W24/><G17/><T102/><D76/><U122/><E122/><V51/><F18/><W50/><G60/><AGARI ba="1,0" hai="20,27,31,44,45,46,51,53,57,60,65" m="33323" machi="60" ten="30,7700,0" yaku="8,1,52,3" doraHai="80" who="2" fromWho="3" sc="195,0,193,0,308,80,304,-80" owari="195,-20.5,193,-30.7,388,48.8,224,2.4" /></mjloggm>