<mjloggm ver="2.3"><GO type="225" lobby="0"/><UN n0="%E3%81%BF%E3%81%BF%E3%81%9A" n1="%E5%91%A8%E6%9D%B1" n2="%77%72%77%72%77%72%77%72" n3="%E6%81%A5%E6%99%92%E3%81%97" dan="18,16,17,16" rate="2208.23,2128.96,2146.75,2094.10" sx="M,M,M,M"/><TAIKYOKU oya="0"/><INIT seed="0,0,0,3,5,85" ten="250,250,250,250" oya="0" hai0="11,93,5,23,63,59,0,29,82,125,79,1,72" hai1="97,128,73,81,18,75,88,83,78,91,65,10,132" hai2="46,95,60,48,113,94,106,69,38,117,98,53,26" hai3="105,111,77,7,40,33,43,123,99,28,9,114,20"/><T49/><D125/><U54/><E128/><V118/><F113/><W101/><G114/><T52/><D0/><U12/><E132/><V16/><F38/><W56/><G111/><T92/><D29/><U122/><E122/><V104/><F94/><W6/><G123/><T13/><D1/><U120/><E120/><V115/><F115/><W8/><G33/><T30/><REACH who="0" step="1"/><D63/><REACH who="0" ten="240,250,250,250" step="2"/><U19/><E65/><V44/><F60/><W108/><G28/><T87/><D87/><U51/><E97/><V134/><F134/><W21/><G99/><T39/><D39/><U27/><E75/><V61/><F61/><W36/><G36/><T35/><D35/><U22/><REACH who="1" step="1"/><E83/><REACH who="1" ten="240,240,250,250" step="2"/><V121/><F121/><W90/><G108/><T50/><D50/><U14/><E14/><V66/><F48/><W68/><G6/><T34/><D34/><U86/><E86/><V3/><F98/><W96/><G7/><T58/><D58/><AGARI ba="0,2" hai="10,12,18,19,22,27,51,54,58,73,78,81,88,91" machi="58" ten="30,8000,1" yaku="1,1,7,1,52,2,54,1,53,0" doraHai="85" doraHaiUra="25" who="1" fromWho="0" sc="240,-80,240,100,250,0,250,0" /><INIT seed="1,0,0,2,0,67" ten="160,340,250,250" oya="1" hai0="58,8,87,97,33,78,68,39,20,102,105,34,45" hai1="49,110,80,60,84,81,56,91,28,32,13,17,54" hai2="41,76,11,0,123,50,120,59,122,117,118,79,92" hai3="48,132,82,30,73,101,26,3,90,109,99,21,27"/><U9/><E110/><V36/><F92/><W15/><G3/><T94/><D58/><U113/><E113/><V40/><F11/><W86/><G132/><T29/><D20/><U83/><E32/><V24/><F24/><W63/><G109/><T70/><D8/><U5/><E28/><V22/><F22/><W111/><G111/><T16/><D16/><U12/><E12/><V14/><F14/><W104/><G48/><T119/><D119/><N who="2" m="45578" /><F0/><W37/><G37/><T42/><D29/><U121/><E121/><V43/><F79/><W114/><G114/><T18/><D18/><U35/><E35/><N who="0" m="13321" /><D94/><U44/><REACH who="1" step="1"/><E5/><REACH who="1" ten="160,330,250,250" step="2"/><V19/><F19/><W53/><G15/><T2/><D2/><U52/><AGARI ba="0,1" hai="9,13,17,44,49,52,54,56,60,80,81,83,84,91" machi="52" ten="20,24000,3" yaku="1,1,2,1,0,1,7,1,25,2,8,1,54,1,53,1" doraHai="67" doraHaiUra="85" who="1" fromWho="1" sc="160,-80,330,250,250,-80,250,-80" /><INIT seed="1,1,0,5,5,12" ten="80,580,170,170" oya="1" hai0="47,116,95,49,93,96,127,36,92,101,106,113,51" hai1="19,3,17,38,24,118,37,100,52,9,129,112,132" hai2="53,23,130,20,30,111,123,29,27,104,41,133,68" hai3="60,80,2,103,40,75,97,88,94,67,35,44,135"/><U8/><E100/><V99/><F123/><W126/><G126/><T48/><D113/><U25/><E112/><V110/><F68/><W81/><G2/><T73/><D116/><U10/><E3/><V21/><F41/><W32/><G135/><T122/><D73/><U66/><E66/><V108/><F133/><W115/><G115/><T125/><D36/><U78/><E78/><V22/><F53/><W86/><G75/><T43/><REACH who="0" step="1"/><D122/><REACH who="0" ten="70,580,170,170" step="2"/><U45/><E118/><V1/><F130/><W71/><G81/><T0/><D0/><U56/><E129/><V70/><F1/><W16/><REACH who="3" step="1"/><G16/><REACH who="3" ten="70,580,170,160" step="2"/><T79/><D79/><U31/><E19/><V14/><F108/><W28/><G28/><T76/><D76/><U50/><E17/><V105/><F110/><W90/><G90/><T128/><D128/><U57/><E31/><V124/><F111/><W131/><G131/><T65/><D65/><U58/><E132/><V83/><F29/><W120/><G120/><T54/><D54/><U87/><E52/><V82/><F30/><W15/><G15/><T62/><D62/><U102/><E25/><V26/><F14/><W121/><G121/><T84/><D84/><U117/><E24/><V46/><F27/><W77/><G77/><T91/><D91/><U109/><E87/><V107/><F26/><W59/><G59/><T64/><D64/><U134/><E58/><V4/><F124/><W61/><G61/><T33/><D33/><U55/><E57/><V42/><F70/><W7/><G7/><T11/><D11/><U6/><E109/><V114/><F4/><RYUUKYOKU ba="1,2" sc="70,15,580,-15,170,-15,160,15" hai0="43,47,48,49,51,92,93,95,96,101,106,125,127" hai3="32,35,40,44,60,67,71,80,86,88,94,97,103" /><INIT seed="2,2,2,5,2,71" ten="85,565,155,175" oya="2" hai0="9,27,5,85,53,14,122,6,36,76,59,119,72" hai1="32,2,30,96,49,39,125,95,70,73,3,45,124" hai2="21,87,91,68,62,135,100,41,43,64,22,88,112" hai3="44,79,104,0,77,13,11,128,19,8,69,55,110"/><V118/><F112/><W63/><G104/><T47/><D122/><U97/><E70/><V82/><F118/><W35/><G35/><T20/><D119/><U50/><E73/><V84/><F135/><W134/><G134/><T7/><D72/><U1/><E39/><V113/><F113/><W34/><G34/><T130/><D130/><U10/><E10/><V23/><REACH who="2" step="1"/><F100/><REACH who="2" ten="85,565,145,175" step="2"/><W75/><G128/><T66/><D66/><U126/><E125/><V24/><F24/><W81/><G75/><T25/><D25/><U98/><E126/><V101/><F101/><W17/><G110/><T57/><D36/><U127/><E124/><V18/><F18/><W93/><G19/><N who="0" m="8655" /><D47/><U105/><E45/><V86/><F86/><W61/><G44/><T37/><D37/><U48/><E127/><V132/><F132/><W111/><G111/><T38/><D38/><U114/><E114/><V80/><AGARI ba="2,3" hai="21,22,23,41,43,62,64,68,80,82,84,87,88,91" machi="80" ten="30,11700,0" yaku="1,1,0,1,9,1,54,1,53,0" doraHai="71" doraHaiUra="94" who="2" fromWho="2" sc="85,-41,565,-41,145,153,175,-41" /><INIT seed="2,3,0,0,1,133" ten="44,524,298,134" oya="2" hai0="17,1,93,87,42,108,128,97,80,18,16,117,11" hai1="135,53,38,31,122,62,70,41,118,27,81,4,79" hai2="43,13,103,132,54,78,131,109,67,116,129,5,112" hai3="59,84,96,63,123,24,25,51,29,107,44,3,33"/><V110/><F116/><W77/><G3/><T2/><D117/><U45/><E118/><V39/><F112/><W7/><G123/><T15/><D108/><N who="2" m="41578" /><F132/><W114/><G7/><T86/><D128/><N who="2" m="49226" /><F67/><W34/><G114/><T72/><D72/><U88/><E122/><V105/><F78/><W66/><G77/><T130/><D130/><U40/><E79/><V115/><F115/><W60/><G84/><T20/><D42/><U23/><E41/><V125/><F54/><W14/><G66/><T75/><D75/><U22/><E53/><V52/><F52/><W121/><G121/><T100/><D87/><U69/><E135/><V90/><F90/><W95/><G63/><T37/><D37/><U57/><E62/><V104/><F103/><W64/><G60/><T76/><REACH who="0" step="1"/><D18/><REACH who="0" ten="34,524,298,134" step="2"/><U126/><E88/><V36/><F43/><W127/><G64/><T82/><D82/><U35/><E81/><V99/><F39/><W49/><G49/><T55/><D55/><U111/><E40/><V19/><F36/><W30/><G51/><T83/><D83/><U6/><E38/><V119/><F119/><W26/><G30/><T58/><D58/><U106/><E57/><V65/><F65/><W8/><G29/><T46/><D46/><U50/><E45/><V21/><F19/><W47/><G59/><T61/><D61/><U134/><E50/><V73/><F73/><W89/><G47/><T94/><D94/><U71/><E111/><V92/><F104/><W0/><G107/><T120/><D120/><U12/><E106/><V32/><F105/><W28/><G44/><RYUUKYOKU ba="3,1" sc="34,30,524,-10,298,-10,134,-10" hai0="1,2,11,15,16,17,20,76,80,86,93,97,100" /><INIT seed="3,4,1,4,5,102" ten="64,514,288,124" oya="3" hai0="76,112,20,70,77,59,7,120,128,90,26,107,97" hai1="133,45,85,100,58,83,119,30,53,3,125,109,135" hai2="130,46,16,94,25,116,131,81,78,65,36,72,101" hai3="105,8,23,48,27,117,33,31,2,121,24,95,1"/><W49/><G117/><T10/><D120/><U127/><E3/><V17/><F116/><W88/><G121/><T34/><D70/><U52/><E119/><V99/><F65/><W43/><G105/><T50/><D128/><N who="2" m="49194" /><F25/><W9/><G2/><T51/><D34/><U68/><E100/><V11/><F11/><W124/><G124/><T32/><D32/><U39/><E83/><V92/><F92/><W66/><G66/><T44/><D112/><U111/><E53/><V86/><F86/><W103/><G1/><T73/><D73/><U115/><E85/><V87/><F87/><W108/><G49/><T55/><D10/><U22/><E45/><V75/><F75/><W60/><G48/><T67/><D7/><U61/><E39/><V63/><F63/><W19/><G8/><T57/><D67/><U15/><E68/><V93/><F93/><W18/><G9/><T113/><D113/><U114/><E30/><V5/><F5/><W91/><G33/><T54/><D44/><U123/><E123/><V74/><F74/><W89/><G31/><T4/><D4/><U62/><E22/><V40/><AGARI ba="4,1" hai="16,17,36,40,46,72,78,81,94,99,101" m="49194" machi="40" ten="30,2000,0" yaku="19,1,54,1" doraHai="102" who="2" fromWho="2" sc="64,-9,514,-9,288,42,124,-14" owari="55,-44.5,505,60.5,330,13.0,110,-29.0" /></mjloggm>