<mjloggm ver="2.3"><GO type="225" lobby="0"/><UN n0="%E5%A4%8F%E9%88%B4%E9%88%B4%E5%A4%8F" n1="%E3%81%AF%E3%82%88%E3%81%8A%E3%81%98%E3%81%95%E3%82%93" n2="%E3%83%96%E3%83%83%E3%83%91%E3%82%AA%E3%83%96%E3%83%81%E3%82%AD%E3%83%B3" n3="%E3%83%B4%E3%82%A3%E3%83%AF%E3%82%B3%E3%82%B0%E3%83%8B" dan="16,17,16,17" rate="2117.20,2128.19,2094.08,2207.66" sx="F,M,M,M"/><TAIKYOKU oya="0"/><INIT seed="0,0,0,3,3,111" ten="250,250,250,250" oya="0" hai0="133,10,8,82,25,96,121,71,57,85,94,98,115" hai1="87,59,27,113,50,28,124,9,68,92,62,61,106" hai2="19,64,7,86,32,116,4,43,91,118,54,13,11" hai3="30,123,125,3,58,122,15,114,109,12,67,131,135"/><T48/><D121/><N who="3" m="46089" /><G67/><T16/><D133/><U81/><E106/><V37/><F32/><W107/><G58/><T33/><D115/><U23/><E124/><V100/><F64/><W36/><G36/><T55/><D71/><U128/><E128/><V79/><F100/><W119/><G107/><T40/><D40/><U88/><E68/><V26/><F79/><W126/><G109/><T102/><D98/><U72/><E113/><V132/><F132/><W76/><G76/><N who="0" m="46279" /><D33/><U63/><E72/><V66/><F66/><W51/><G3/><T29/><D29/><U89/><E9/><V45/><F54/><W34/><G135/><T104/><D104/><U60/><E50/><V24/><F4/><W70/><G70/><T52/><D55/><U65/><REACH who="1" step="1"/><E62/><REACH who="1" ten="250,240,250,250" step="2"/><V99/><F11/><W35/><G114/><T1/><D1/><U6/><E6/><V112/><F7/><W103/><G126/><T134/><D134/><U77/><E77/><V84/><F112/><W93/><G125/><T56/><D56/><U38/><E38/><V108/><F37/><W95/><G131/><T2/><D2/><U17/><E17/><V41/><F19/><W110/><G110/><T74/><D74/><U20/><E20/><AGARI ba="0,1" hai="8,10,16,20,25,48,52,57,94,96,102" m="46279" machi="20" ten="30,5800,0" yaku="8,1,54,2" doraHai="111" who="0" fromWho="1" sc="250,68,240,-58,250,0,250,0" /><INIT seed="0,1,0,1,5,72" ten="318,182,250,250" oya="0" hai0="33,0,16,124,46,63,114,134,74,131,14,96,128" hai1="123,81,121,21,25,112,77,2,85,65,15,108,118" hai2="47,50,117,51,6,106,68,27,61,90,10,70,17" hai3="44,126,59,107,127,36,100,41,60,122,104,1,24"/><T119/><D114/><U64/><E2/><V32/><F117/><W18/><G1/><T129/><D119/><U83/><E118/><V38/><F106/><W97/><G122/><T135/><D0/><U133/><E112/><V12/><F38/><W76/><G104/><T13/><D33/><U103/><E108/><V94/><F61/><W109/><G109/><T66/><D74/><U102/><E133/><N who="0" m="50697" /><D46/><U58/><E123/><V35/><F51/><W29/><G18/><T30/><D30/><U87/><E15/><N who="0" m="5641" /><D16/><N who="1" m="12455" /><E121/><V92/><F35/><W34/><REACH who="3" step="1"/><G76/><REACH who="3" ten="318,182,250,240" step="2"/><T11/><D131/><U105/><E105/><V75/><F17/><W3/><G3/><T49/><D129/><U62/><E65/><AGARI ba="1,1" hai="24,29,34,36,41,44,59,60,65,97,100,107,126,127" machi="65" ten="40,2600,0" yaku="1,1,53,1" doraHai="72" doraHaiUra="99" who="3" fromWho="1" sc="318,0,182,-29,250,0,240,39" /><INIT seed="1,0,0,5,3,75" ten="318,153,250,279" oya="1" hai0="25,57,78,105,55,114,109,58,22,46,64,85,117" hai1="66,133,23,18,134,41,43,104,91,80,84,3,69" hai2="40,94,63,1,34,122,88,130,65,116,30,129,79" hai3="112,125,128,59,54,14,89,27,60,83,24,33,102"/><U32/><E32/><V107/><F116/><W87/><G112/><T8/><D114/><U72/><E104/><V6/><F122/><W19/><G128/><N who="2" m="49257" /><F107/><W70/><G33/><T9/><D117/><U52/><E3/><V86/><F40/><W131/><G131/><T7/><D105/><U2/><E2/><V61/><F79/><W71/><G125/><T103/><D103/><U121/><E121/><V21/><F34/><W13/><G102/><T28/><D109/><U12/><E72/><V100/><F100/><W38/><G13/><T0/><D9/><U48/><E66/><V56/><F63/><W37/><G70/><T31/><D46/><U95/><E69/><V47/><F47/><W4/><G4/><T115/><D115/><U90/><E134/><V108/><F108/><W17/><G71/><T35/><D64/><U51/><E51/><V10/><F21/><W53/><G53/><T132/><D132/><U118/><E118/><V111/><F30/><W76/><G89/><T98/><D98/><U81/><E133/><V74/><F111/><W45/><G19/><T20/><D58/><N who="1" m="33031" /><E91/><V77/><F74/><W93/><G93/><T101/><D101/><U119/><E119/><V68/><F68/><W42/><REACH who="3" step="1"/><G37/><REACH who="3" ten="318,153,250,269" step="2"/><T73/><D31/><U29/><E29/><V39/><F39/><W135/><G135/><T127/><D127/><U11/><E11/><AGARI ba="0,1" hai="11,14,17,24,27,38,42,45,54,59,60,76,83,87" machi="11" ten="30,3900,0" yaku="1,1,7,1,52,1,53,0" doraHai="75" doraHaiUra="126" who="3" fromWho="1" sc="318,0,153,-39,250,0,269,49" /><INIT seed="2,0,0,5,0,61" ten="318,114,250,318" oya="2" hai0="17,92,35,27,76,3,98,123,38,42,124,127,41" hai1="103,57,128,39,70,79,4,7,65,93,26,29,134" hai2="101,99,34,133,52,36,44,19,131,73,67,18,108" hai3="25,55,6,129,77,49,69,112,109,87,88,24,60"/><V95/><F131/><W80/><G109/><T74/><D123/><U84/><E39/><V20/><F34/><W78/><G129/><T21/><D3/><U86/><E70/><V5/><F108/><W116/><G116/><T97/><D97/><U111/><E111/><V125/><F125/><N who="0" m="48202" /><D38/><U117/><E134/><V114/><F114/><W63/><G112/><T1/><D1/><U71/><E71/><V40/><F133/><W102/><G102/><N who="0" m="60743" /><D35/><U113/><E113/><V81/><F5/><W115/><G6/><T32/><D32/><U9/><E117/><V46/><F67/><W43/><G115/><T120/><D120/><U85/><E128/><V96/><F20/><W106/><G106/><T64/><D64/><U110/><E110/><V0/><F0/><W28/><G43/><N who="0" m="16395" /><D76/><U82/><E4/><V72/><F99/><W91/><G77/><T132/><D74/><U15/><E103/><V14/><F81/><W83/><G69/><T37/><D37/><U48/><E93/><V118/><F118/><W75/><G91/><T135/><AGARI ba="0,0" hai="17,21,27,132,135" m="16395,60743,48202" machi="135" ten="40,1500,0" yaku="18,1" doraHai="61" who="0" fromWho="0" sc="318,15,114,-4,250,-7,318,-4" /><INIT seed="3,0,0,5,3,26" ten="333,110,243,314" oya="3" hai0="56,59,45,99,57,94,3,109,106,63,28,111,13" hai1="64,36,35,93,34,46,119,43,27,55,8,20,100" hai2="116,7,29,105,114,16,86,2,39,9,67,125,11" hai3="92,104,85,124,40,14,5,121,22,1,69,123,103"/><W12/><G69/><T71/><D3/><U21/><E119/><V113/><F39/><W97/><G124/><T37/><D106/><U68/><E20/><V4/><F105/><W128/><G128/><T10/><D28/><U78/><E78/><V31/><F67/><W133/><G133/><T42/><D71/><U66/><E8/><V130/><F86/><W6/><G1/><T102/><REACH who="0" step="1"/><D63/><REACH who="0" ten="323,110,243,314" step="2"/><U75/><E75/><V61/><F61/><W44/><G121/><T73/><D73/><U47/><E66/><V38/><F38/><W110/><G110/><T134/><D134/><U62/><E47/><V18/><F116/><W96/><G123/><T49/><D49/><U74/><E74/><V126/><F2/><W15/><G22/><T129/><D129/><AGARI ba="0,1" hai="4,7,9,11,16,18,29,31,113,114,125,126,129,130" machi="129" ten="25,16000,3" yaku="22,2,34,3,52,2,54,1" doraHai="26" who="2" fromWho="0" sc="323,-160,110,0,243,170,314,0" owari="163,-23.7,110,-39.0,413,51.3,314,11.4" /></mjloggm>