<mjloggm ver="2.3"><GO type="225" lobby="0"/><UN n0="%6D%61%74%69%67%75%73%61" n1="%E3%81%AF%E3%82%88%E3%81%8A%E3%81%98%E3%81%95%E3%82%93" n2="%E5%B8%86%E7%AB%8B%E5%A4%8F%E8%A1%A3" n3="%E3%81%BF%E3%81%BF%E3%81%9A" dan="17,17,17,17" rate="2124.06,2135.87,2251.82,2221.69" sx="M,M,M,M"/><TAIKYOKU oya="0"/><INIT seed="0,0,0,0,1,1" ten="250,250,250,250" oya="0" hai0="118,111,112,87,77,10,2,80,30,5,128,73,54" hai1="95,50,16,86,78,124,43,132,47,32,70,79,101" hai2="51,33,63,89,94,0,4,45,91,114,29,85,74" hai3="22,71,64,12,75,46,88,19,105,134,31,61,103"/><T84/><D112/><U82/><E70/><V115/><F74/><W35/><G134/><T48/><D118/><U37/><E32/><V24/><F63/><W17/><G75/><T14/><D128/><U40/><E124/><V13/><F0/><W58/><G46/><T135/><D135/><U39/><E132/><V3/><F3/><W127/><G127/><T126/><D111/><U36/><E79/><V23/><F91/><W113/><G113/><T65/><D126/><U117/><E117/><V96/><F96/><W98/><G19/><T131/><D131/><U93/><E43/><V116/><F116/><W121/><G121/><T81/><D65/><U68/><E68/><V122/><F122/><W123/><G123/><T38/><D38/><U62/><E62/><V120/><F120/><W92/><G58/><T119/><D30/><U133/><E133/><V66/><F66/><W109/><G109/><T83/><D2/><U55/><E40/><V60/><F60/><W97/><G31/><T44/><REACH who="0" step="1"/><D119/><REACH who="0" ten="240,250,250,250" step="2"/><U52/><E39/><V108/><F108/><W26/><REACH who="3" step="1"/><G35/><REACH who="3" ten="240,250,250,240" step="2"/><T28/><D28/><U11/><E37/><V41/><REACH who="2" step="1"/><F33/><REACH who="2" ten="240,250,240,240" step="2"/><W25/><AGARI ba="0,3" hai="12,17,22,25,26,61,64,71,88,92,97,98,103,105" machi="25" ten="30,7900,0" yaku="1,1,2,1,0,1,54,1,53,0" doraHai="1" doraHaiUra="6" who="3" fromWho="3" sc="240,-39,250,-20,240,-20,240,109" /><INIT seed="1,0,0,5,3,107" ten="201,230,220,349" oya="1" hai0="123,126,38,131,3,68,99,45,40,18,129,87,54" hai1="94,102,80,43,39,84,118,114,97,6,75,89,36" hai2="135,24,111,35,28,46,96,120,91,74,116,56,31" hai3="104,124,81,10,32,26,44,115,60,108,0,58,109"/><U101/><E6/><V63/><F120/><W98/><G115/><T130/><D3/><U9/><E9/><V103/><F116/><W23/><G124/><T14/><D68/><U53/><E53/><V105/><F111/><N who="3" m="42571" /><G32/><T7/><D7/><U134/><E43/><V29/><F135/><W22/><G44/><T77/><D126/><U2/><E2/><V100/><F100/><N who="1" m="38505" /><E36/><V59/><F74/><W82/><G98/><T64/><D99/><U95/><E39/><V49/><F91/><W55/><G104/><T79/><D123/><U125/><E125/><V41/><REACH who="2" step="1"/><F56/><REACH who="2" ten="201,230,210,349" step="2"/><W33/><G33/><T88/><D79/><N who="1" m="44159" /><E134/><V5/><F5/><N who="3" m="1319" /><G22/><T47/><D131/><U11/><E11/><V117/><F117/><W21/><G23/><T42/><D130/><U93/><E118/><V34/><F34/><W51/><G51/><T76/><D129/><U72/><E114/><V37/><F37/><W70/><G70/><T127/><D127/><U30/><E30/><AGARI ba="0,1" hai="21,26,30,55,58,60,81,82" m="1319,42571" machi="30" ten="30,1000,0" yaku="14,1" doraHai="107" who="3" fromWho="1" sc="201,0,230,-10,210,0,349,20" /><INIT seed="2,0,0,2,1,107" ten="201,220,210,369" oya="2" hai0="29,133,58,5,31,7,85,26,132,44,78,77,2" hai1="41,51,135,72,110,33,71,22,79,34,131,80,94" hai2="105,91,0,75,74,108,8,52,49,42,14,125,3" hai3="56,129,103,4,19,12,6,16,101,27,102,25,124"/><V73/><F105/><W92/><G124/><T10/><D5/><N who="3" m="2153" /><G129/><T122/><D122/><U40/><E71/><V87/><F42/><W118/><G118/><T57/><D44/><U46/><E131/><V93/><F125/><W88/><G56/><T117/><D117/><U121/><E121/><V123/><F123/><W98/><G19/><T38/><D38/><U30/><E110/><V48/><F108/><W69/><G69/><T43/><D43/><U35/><E135/><N who="0" m="51785" /><D29/><U53/><REACH who="1" step="1"/><E94/><REACH who="1" ten="201,210,210,369" step="2"/><V17/><REACH who="2" step="1"/><F49/><REACH who="2" ten="201,210,200,369" step="2"/><W100/><N who="3" m="25600" /><DORA hai="90" /><W104/><G104/><T28/><D2/><U18/><E18/><V20/><F20/><AGARI ba="0,2" hai="12,16,20,25,27,88,92,98" m="25600,2153" machi="20" ten="40,8000,1" yaku="8,1,52,1,54,2" doraHai="107,90" who="3" fromWho="2" sc="201,0,210,0,200,-80,369,100" /><INIT seed="3,0,0,0,1,42" ten="201,210,120,469" oya="3" hai0="16,112,108,35,123,118,90,55,89,48,86,69,94" hai1="7,131,126,101,50,107,39,85,77,122,79,130,71" hai2="26,68,63,74,19,106,52,31,15,70,72,21,37" hai3="22,58,81,44,62,46,116,30,56,3,110,32,33"/><W40/><G116/><T11/><D118/><U99/><E122/><V1/><F1/><W2/><G22/><T91/><D123/><U95/><E39/><V18/><F37/><W49/><G81/><T57/><D35/><U64/><E126/><V93/><F106/><W43/><G110/><T109/><D69/><U53/><E7/><V25/><F70/><W127/><G127/><T23/><D11/><U73/><E64/><V61/><F68/><W111/><G111/><N who="0" m="42571" /><D112/><U9/><E9/><V5/><F5/><W124/><G124/><T96/><D86/><U92/><E71/><V67/><F67/><W13/><G13/><AGARI ba="0,0" hai="13,16,23,48,55,57,89,90,91,94,96" m="42571" machi="13" ten="30,2000,0" yaku="14,1,54,1" doraHai="42" who="0" fromWho="3" sc="201,20,210,0,120,0,469,-20" owari="221,2.1,210,-19.0,120,-38.0,449,54.9" /></mjloggm>