<mjloggm ver="2.3"><GO type="225" lobby="0"/><UN n0="%E9%B7%B9%E5%80%89%E6%9D%8F%E9%88%B4" n1="%E5%B8%86%E7%AB%8B%E5%A4%8F%E8%A1%A3" n2="%E9%A6%AC%E5%BC%95%E7%81%AB%33" n3="%E3%83%96%E3%83%83%E3%83%91%E3%82%AA%E3%83%96%E3%83%81%E3%82%AD%E3%83%B3" dan="16,17,16,16" rate="2113.94,2203.70,2051.42,2139.41" sx="F,M,M,M"/><TAIKYOKU oya="0"/><INIT seed="0,0,0,1,3,58" ten="250,250,250,250" oya="0" hai0="70,54,2,20,14,93,104,103,12,132,68,59,96" hai1="67,35,16,8,81,13,21,9,72,28,73,15,129" hai2="78,76,84,45,64,102,116,109,36,57,56,65,122" hai3="119,30,130,44,23,46,61,88,63,117,66,92,105"/><T134/><D2/><U19/><E129/><V112/><F112/><W55/><G105/><T34/><D34/><U33/><E67/><V62/><F122/><W69/><G130/><T79/><D104/><U100/><E100/><V24/><F109/><W18/><G30/><T77/><D77/><U52/><E81/><V87/><F116/><W75/><G75/><T7/><D79/><U38/><E38/><V29/><F102/><W121/><G121/><T74/><D74/><U135/><E135/><N who="0" m="51753" /><D20/><U131/><E131/><V40/><F78/><W48/><G46/><T108/><D108/><U83/><E83/><V107/><F107/><W10/><G61/><N who="0" m="36087" /><D7/><U41/><E41/><V25/><F25/><W106/><G10/><T26/><D26/><U31/><E21/><V133/><F76/><W124/><G106/><T53/><D53/><AGARI ba="0,0" hai="8,9,13,15,16,19,28,31,33,35,52,53,72,73" machi="53" ten="25,6400,0" yaku="22,2,54,2" doraHai="58" who="1" fromWho="0" sc="250,-64,250,64,250,0,250,0" /><INIT seed="1,0,0,5,1,133" ten="186,314,250,250" oya="1" hai0="8,92,6,90,13,58,121,54,68,103,89,116,49" hai1="97,112,48,46,64,101,83,14,42,129,45,91,18" hai2="130,106,47,19,131,118,77,51,59,22,85,39,132" hai3="50,96,44,108,30,60,35,3,105,36,104,16,37"/><U40/><E129/><N who="2" m="49163" /><F118/><W20/><G3/><T15/><D116/><U4/><E112/><V73/><F132/><W117/><G117/><T95/><D68/><U5/><E64/><V55/><F106/><W34/><G108/><T23/><D121/><U126/><E126/><V53/><F73/><W109/><G109/><T33/><D33/><U31/><E31/><V9/><F9/><W32/><G30/><T80/><D103/><U79/><E91/><V72/><F72/><W12/><G60/><T76/><D76/><U74/><E18/><V86/><F77/><W134/><G134/><T82/><D23/><U102/><E14/><N who="2" m="9591" /><F39/><W122/><G122/><T123/><D15/><U110/><E102/><V29/><F29/><W115/><G115/><T99/><REACH who="0" step="1"/><D123/><REACH who="0" ten="176,314,250,250" step="2"/><U98/><E110/><V84/><F84/><AGARI ba="0,1" hai="6,8,13,49,54,58,80,82,84,89,90,92,95,99" machi="84" ten="30,7700,0" yaku="1,1,2,1,7,1,8,1,53,0" doraHai="133" doraHaiUra="124" who="0" fromWho="2" sc="176,87,314,0,250,-77,250,0" /><INIT seed="2,0,0,1,3,91" ten="263,314,173,250" oya="2" hai0="96,97,52,128,47,67,71,1,111,58,104,82,38" hai1="26,123,81,20,24,113,76,120,37,107,95,115,29" hai2="75,86,89,105,73,7,80,14,50,68,9,43,8" hai3="99,53,0,23,44,45,10,13,31,103,32,133,126"/><V18/><F105/><W131/><G133/><T21/><D1/><U19/><E107/><V3/><REACH who="2" step="1"/><F68/><REACH who="2" ten="263,314,163,250" step="2"/><W92/><G131/><T119/><D104/><U98/><E115/><V134/><F134/><W132/><G132/><T36/><D128/><U40/><E113/><V114/><F114/><W54/><G126/><T77/><D71/><U79/><E120/><V102/><F102/><W135/><G135/><T127/><D127/><U83/><E123/><V130/><F130/><W35/><G103/><T84/><D119/><U116/><E116/><V30/><F30/><W78/><G31/><T42/><D111/><U110/><E110/><V66/><F66/><W117/><G117/><T122/><D122/><U64/><E64/><V108/><F108/><W48/><G35/><T72/><D67/><U100/><E37/><V57/><F57/><W118/><G32/><T90/><D38/><U4/><E29/><V112/><F112/><W61/><G118/><T27/><D58/><U101/><E101/><V22/><F22/><W121/><G23/><T74/><D21/><U55/><E20/><V70/><F70/><W62/><G121/><T51/><D27/><U5/><E26/><V25/><F25/><W17/><G0/><T2/><D2/><U109/><E24/><V88/><F88/><N who="3" m="55687" /><G78/><T6/><D90/><U124/><E79/><V28/><F28/><W41/><G44/><AGARI ba="0,1" hai="3,7,8,9,14,18,43,44,50,73,75,80,86,89" machi="44" ten="40,3900,0" yaku="1,1,53,1" doraHai="91" doraHaiUra="39" who="2" fromWho="3" sc="263,0,314,0,163,49,250,-39" /><INIT seed="2,1,0,5,3,45" ten="263,314,212,211" oya="2" hai0="85,13,108,76,135,87,79,46,75,95,88,94,18" hai1="126,43,93,112,56,2,122,24,23,77,100,55,116" hai2="50,36,106,97,68,5,40,119,86,11,71,27,128" hai3="69,19,103,3,47,82,105,6,70,98,4,89,127"/><V129/><F119/><W59/><G127/><T60/><D108/><U54/><E2/><V133/><F36/><W8/><G6/><T90/><D135/><U73/><E116/><V74/><F74/><W102/><G102/><T91/><D75/><U113/><E122/><V39/><F39/><W10/><G59/><T35/><D35/><U0/><E0/><V109/><F133/><W99/><G82/><T15/><D60/><U84/><E126/><V53/><F40/><W64/><G64/><T9/><D90/><U62/><E43/><V110/><F27/><W111/><G111/><N who="2" m="42505" /><F86/><W121/><G121/><T30/><D30/><U118/><E118/><V134/><F106/><W67/><G67/><T80/><D80/><N who="1" m="47119" /><E73/><V51/><F97/><W32/><G99/><T125/><D125/><U65/><E113/><V20/><F20/><W131/><G98/><T104/><D104/><U21/><E112/><V61/><F134/><W52/><G105/><T107/><D107/><U72/><E72/><V132/><F132/><W96/><G96/><T1/><D1/><U115/><E115/><V123/><F123/><W49/><G3/><T57/><D15/><U34/><E34/><V81/><F81/><W42/><G32/><T12/><D12/><U58/><E23/><V29/><F29/><W44/><G103/><T17/><D17/><N who="1" m="12335" /><E100/><V14/><F71/><W130/><G19/><T83/><D83/><U114/><E114/><V28/><F28/><W101/><G101/><T117/><D117/><U33/><E33/><V92/><F68/><W48/><G69/><T120/><D120/><RYUUKYOKU ba="1,0" sc="263,0,314,0,212,0,211,0" /><INIT seed="3,2,0,1,5,78" ten="263,314,212,211" oya="3" hai0="22,30,59,94,72,41,49,0,77,51,12,70,58" hai1="4,69,17,119,8,31,92,56,84,123,24,9,35" hai2="116,91,62,38,73,2,130,98,124,110,21,46,5" hai3="66,114,113,33,132,75,42,93,112,65,118,120,89"/><W36/><G118/><T1/><D70/><U11/><E69/><V86/><F73/><W27/><G120/><T109/><D94/><U18/><E123/><V25/><F116/><W76/><G132/><T37/><D37/><U40/><E119/><V85/><F2/><W82/><G36/><T99/><D99/><U129/><E40/><V79/><F5/><W39/><G39/><T64/><D12/><U15/><E129/><V131/><F98/><W67/><G42/><T90/><D90/><U117/><E56/><V125/><F38/><W43/><G43/><T61/><D22/><U16/><E117/><V115/><F46/><W26/><REACH who="3" step="1"/><G33/><REACH who="3" ten="263,314,212,201" step="2"/><T53/><D41/><U74/><E35/><V45/><F130/><W111/><G111/><T100/><D109/><U133/><E133/><V44/><F110/><W122/><G122/><T126/><D126/><U96/><E4/><V57/><F131/><W32/><G32/><T48/><D53/><U95/><E9/><V103/><F124/><W80/><G80/><T128/><D128/><U14/><E11/><V10/><F10/><W47/><G47/><T88/><D64/><U71/><E8/><V6/><F44/><W108/><G108/><T55/><D1/><U83/><E83/><V87/><F125/><W135/><G135/><T81/><D0/><U127/><E127/><V54/><F54/><W7/><G7/><T104/><D55/><U52/><E52/><V97/><F6/><W121/><G121/><T29/><D49/><U50/><E50/><V106/><F45/><W3/><G3/><T68/><D51/><RYUUKYOKU ba="2,1" sc="263,-10,314,-10,212,-10,201,30" hai3="26,27,65,66,67,75,76,82,89,93,112,113,114" /><INIT seed="3,3,1,0,1,20" ten="253,304,202,231" oya="3" hai0="39,124,93,125,63,123,11,49,79,16,82,133,1" hai1="116,71,115,58,47,129,26,34,7,27,57,98,18" hai2="0,36,110,106,107,61,48,12,3,33,104,66,122" hai3="76,19,103,4,78,101,109,121,46,37,120,68,117"/><W23/><G117/><T43/><D123/><N who="3" m="47177" /><G68/><T89/><D49/><U21/><E71/><N who="2" m="42447" /><F122/><W35/><G35/><T112/><D133/><U44/><E115/><V105/><N who="2" m="26624" /><DORA hai="85" /><V14/><F48/><W13/><G4/><N who="0" m="1423" /><D16/><U108/><E7/><V73/><F12/><W50/><G46/><N who="0" m="23935" /><D63/><U113/><E116/><V130/><F14/><W128/><G78/><T10/><D10/><U65/><E113/><V95/><F95/><W42/><G50/><T51/><D51/><U99/><E34/><V86/><F86/><W41/><G37/><T5/><D5/><U64/><E18/><V81/><F130/><W75/><G128/><T91/><D112/><U97/><E129/><V40/><F33/><W22/><G22/><T131/><D131/><U52/><E21/><V83/><F83/><N who="3" m="45471" /><G109/><T67/><D67/><U111/><E98/><V94/><F110/><W90/><G90/><N who="0" m="34315" /><D93/><U96/><E96/><V55/><F94/><W45/><G42/><T31/><D31/><U62/><E62/><V127/><F40/><W28/><G28/><T126/><D126/><U70/><E70/><V92/><F127/><W69/><G69/><T32/><D32/><U2/><E2/><V8/><F0/><W9/><G9/><T102/><D102/><U74/><E74/><AGARI ba="3,1" hai="74,79,82,124,125" m="34315,23935,1423" machi="74" ten="30,7700,0" yaku="25,1,52,3" doraHai="20,85" who="0" fromWho="1" sc="253,96,304,-86,202,0,231,0" owari="349,44.9,218,-18.2,202,-29.8,231,3.1" /></mjloggm>