<mjloggm ver="2.3"><GO type="225" lobby="0"/><UN n0="%E3%81%8B%E3%82%8F%E3%81%A1%E3%82%83%E3%82%93%35%38" n1="%E6%9C%88%E5%A4%9C%E3%81%AB%E9%A2%A8" n2="%E6%9C%88%E5%B3%B6%E5%9F%BA" n3="%E9%A6%AC%E5%BC%95%E7%81%AB%33" dan="16,16,17,16" rate="2164.89,2083.38,2200.65,2140.64" sx="M,M,M,M"/><TAIKYOKU oya="0"/><INIT seed="0,0,0,2,2,127" ten="250,250,250,250" oya="0" hai0="32,132,87,22,42,1,43,133,23,46,66,71,96" hai1="121,40,86,76,91,129,101,74,29,8,80,97,49" hai2="117,116,118,72,28,45,17,54,33,103,15,100,122" hai3="3,41,63,39,55,83,18,38,108,61,44,88,2"/><T36/><D32/><U48/><E121/><V73/><F122/><W113/><G113/><T93/><D1/><U56/><E29/><V115/><F115/><W98/><G108/><T26/><D43/><U78/><E8/><V31/><F45/><W105/><G39/><T47/><D47/><U90/><E40/><V24/><F54/><W123/><G123/><T85/><D66/><U68/><E68/><V20/><REACH who="2" step="1"/><F31/><REACH who="2" ten="250,250,240,250" step="2"/><W106/><G55/><T130/><D46/><U134/><E134/><V35/><F35/><W124/><G44/><T6/><D133/><U128/><E48/><V77/><F77/><W75/><G41/><T21/><D132/><U25/><E76/><V59/><F59/><W67/><G38/><T16/><D42/><U9/><E49/><V125/><F125/><W119/><G124/><T99/><D36/><U4/><E56/><V70/><F70/><W27/><G67/><T57/><D57/><U65/><E65/><V111/><F111/><W107/><G61/><T13/><D71/><U58/><E58/><V126/><F126/><W52/><G52/><T51/><D51/><U131/><E74/><AGARI ba="0,1" hai="15,17,20,24,28,33,72,73,74,100,103,116,117,118" machi="74" ten="50,3200,0" yaku="1,1,12,1,53,0" doraHai="127" doraHaiUra="120" who="2" fromWho="1" sc="250,0,250,-32,240,42,250,0" /><INIT seed="1,0,0,3,0,108" ten="250,218,282,250" oya="1" hai0="129,37,130,25,66,20,78,55,69,122,116,73,124" hai1="43,7,65,67,63,97,52,131,92,18,110,121,95" hai2="86,120,11,41,27,128,10,56,35,105,1,91,102" hai3="19,28,45,40,85,62,59,38,22,82,133,134,44"/><U132/><E121/><V3/><F120/><W127/><G127/><T49/><D122/><U88/><E110/><V93/><F41/><W80/><G28/><T26/><D37/><U100/><E131/><N who="0" m="50185" /><D116/><U46/><E132/><N who="3" m="50794" /><G44/><T71/><D124/><U47/><E7/><V70/><F70/><W123/><G85/><T58/><D26/><U90/><E18/><V48/><F27/><N who="3" m="14815" /><G123/><T32/><D32/><U50/><E95/><V30/><F30/><W64/><AGARI ba="0,0" hai="38,40,45,59,62,64,80,82" m="14815,50794" machi="64" ten="30,1100,0" yaku="20,1" doraHai="108" who="3" fromWho="3" sc="250,-3,218,-5,282,-3,250,11" /><INIT seed="2,0,0,1,2,124" ten="247,213,279,261" oya="2" hai0="34,12,71,131,1,132,15,52,7,130,112,88,55" hai1="129,58,116,46,9,60,22,28,80,87,107,115,25" hai2="81,70,128,26,91,64,42,102,41,89,40,48,97" hai3="106,32,85,79,16,18,3,120,66,113,27,121,109"/><V125/><F125/><W83/><G3/><T13/><D112/><U2/><E115/><V77/><F70/><W111/><G113/><T23/><D34/><U38/><E116/><V84/><F64/><W33/><G106/><T62/><D132/><U119/><E119/><V68/><F68/><W65/><G27/><T134/><D134/><U108/><E108/><N who="3" m="41546" /><G32/><T4/><D23/><U117/><E107/><V19/><F128/><N who="0" m="49194" /><D88/><U118/><E129/><V90/><F48/><W39/><G39/><T93/><D93/><U63/><E9/><V98/><F102/><W72/><G33/><T114/><D114/><U133/><E133/><V73/><F73/><W69/><G72/><T99/><D99/><U11/><E11/><V43/><N who="2" m="10240" /><DORA hai="21" /><V103/><F103/><W95/><G95/><T127/><D127/><U47/><E38/><V0/><F0/><W74/><G74/><T50/><D1/><U86/><E2/><V29/><F29/><W56/><G69/><T135/><D135/><U105/><E105/><V45/><F97/><W49/><G121/><T54/><D50/><U24/><E28/><V78/><F98/><W31/><G31/><T101/><D101/><U61/><E118/><V123/><F123/><W92/><G92/><T51/><D51/><U96/><E96/><V76/><F91/><W5/><G120/><T94/><D94/><U20/><E117/><V126/><F90/><W35/><G35/><T10/><D10/><U36/><E36/><V8/><F126/><W57/><G49/><T6/><D71/><U44/><E20/><N who="2" m="13599" /><F8/><W75/><G75/><RYUUKYOKU ba="0,0" sc="247,15,213,-15,279,15,261,-15" hai0="4,6,7,12,13,15,52,54,55,62" hai2="45,76,77,78,81,84,89" /><INIT seed="2,1,0,4,3,41" ten="262,198,294,246" oya="2" hai0="93,0,7,40,67,71,30,55,118,20,59,80,54" hai1="13,36,26,106,14,77,37,113,125,108,116,73,23" hai2="10,83,110,17,79,115,111,51,19,50,127,82,131" hai3="86,53,5,58,46,97,61,18,75,56,11,88,43"/><V91/><F115/><W114/><G75/><T49/><D118/><U103/><E113/><V101/><F127/><W72/><G72/><T44/><D0/><U109/><E116/><V129/><F101/><W62/><G114/><T2/><D2/><U117/><E117/><V52/><F91/><W126/><G126/><T121/><D121/><U99/><E125/><V84/><F83/><W107/><G18/><N who="2" m="6665" /><F10/><W27/><G27/><T70/><D7/><U128/><E128/><N who="2" m="49227" /><F51/><N who="3" m="27103" /><G107/><T81/><D55/><U1/><E1/><V16/><N who="2" m="6673" /><V6/><DORA hai="12" /><F6/><W112/><G97/><T89/><D81/><U76/><E103/><V66/><F66/><N who="3" m="39207" /><G112/><T38/><D80/><U29/><E106/><V90/><F90/><W74/><G74/><T60/><D89/><U92/><E73/><V87/><F87/><W63/><G11/><T3/><D3/><U78/><E99/><V4/><F4/><W8/><G8/><T21/><D93/><U31/><E92/><V65/><F65/><W57/><G5/><T47/><D67/><U69/><E77/><V34/><F34/><W25/><G88/><T119/><D119/><U96/><E96/><V104/><F104/><W134/><G86/><T132/><D60/><U15/><E78/><V98/><F98/><W9/><G9/><T133/><D49/><U124/><E124/><V105/><F105/><W68/><G62/><T45/><D20/><N who="1" m="15559" /><E76/><V122/><F122/><W24/><G63/><T95/><D21/><U100/><E100/><V33/><F33/><W130/><G130/><T102/><D102/><U48/><E23/><RYUUKYOKU ba="1,0" sc="262,-10,198,-10,294,30,246,-10" hai2="50,52,79,82,84,110,111" /><INIT seed="2,2,0,4,2,131" ten="252,188,324,236" oya="2" hai0="67,11,71,12,26,30,36,111,48,18,42,100,93" hai1="68,3,106,85,47,101,32,13,34,81,98,114,119" hai2="108,97,39,5,116,2,134,41,124,70,40,75,103" hai3="62,104,69,127,133,44,121,135,28,76,59,107,126"/><V19/><F116/><W10/><G121/><T29/><D36/><U128/><E119/><V51/><F70/><W109/><G109/><T79/><D111/><U105/><E3/><V52/><F75/><W1/><G69/><T14/><D79/><U115/><E128/><V6/><F108/><W96/><G28/><T8/><D71/><U80/><E68/><V91/><F124/><N who="3" m="47659" /><G76/><T46/><D67/><U112/><E105/><N who="3" m="40522" /><G96/><N who="0" m="59407" /><D26/><U54/><E13/><V20/><F39/><W95/><G95/><T77/><D77/><U102/><E102/><V27/><F103/><W9/><G44/><T21/><D8/><N who="3" m="3177" /><G1/><T50/><D50/><U15/><E47/><N who="2" m="27775" /><F2/><W73/><G73/><T99/><D99/><U60/><E106/><V125/><F125/><W90/><G90/><T122/><D122/><U92/><E98/><V78/><F78/><W58/><G58/><T88/><D88/><U25/><E114/><V38/><F91/><W117/><G117/><T94/><D94/><U43/><E92/><V89/><F89/><W83/><G83/><T16/><AGARI ba="2,0" hai="11,12,14,16,18,21,29,30,42,46,48" m="59407" machi="16" ten="30,2000,0" yaku="8,1,54,1" doraHai="131" who="0" fromWho="0" sc="252,26,188,-7,324,-12,236,-7" /><INIT seed="3,0,0,1,4,73" ten="278,181,312,229" oya="3" hai0="86,48,66,103,83,132,122,6,119,110,72,69,22" hai1="64,34,93,81,35,65,58,105,15,97,32,94,131" hai2="96,126,19,30,26,8,50,111,7,62,80,43,13" hai3="53,135,74,87,20,18,14,16,118,129,112,24,68"/><W55/><G112/><T76/><D119/><U25/><E131/><V33/><F111/><W100/><G118/><T95/><D122/><U109/><E109/><V124/><F96/><W1/><G1/><T59/><D110/><U2/><E2/><V4/><F62/><W67/><G74/><T36/><D36/><U3/><E3/><V56/><F80/><W61/><G129/><T41/><D132/><U99/><E105/><V92/><F92/><W5/><G5/><T0/><D69/><U40/><E40/><V89/><F89/><W47/><G135/><T115/><D115/><U104/><E104/><V23/><F56/><W57/><G100/><T54/><D66/><U9/><E25/><V130/><F130/><W45/><G87/><T123/><D123/><U116/><E116/><V117/><F117/><W91/><G91/><T102/><D41/><U51/><E81/><V11/><F50/><W49/><REACH who="3" step="1"/><G55/><REACH who="3" ten="278,181,312,219" step="2"/><T133/><D133/><U77/><E65/><V52/><F52/><W21/><AGARI ba="0,1" hai="14,16,18,20,21,24,45,47,49,53,57,61,67,68" machi="21" ten="20,12000,1" yaku="1,1,2,1,0,1,7,1,54,1,53,0" doraHai="73" doraHaiUra="78" who="3" fromWho="3" sc="278,-40,181,-40,312,-40,219,130" owari="238,-16.2,141,-35.9,272,7.2,349,44.9" /></mjloggm>