<mjloggm ver="2.3"><GO type="225" lobby="0"/><UN n0="%E6%98%93%E5%88%A9%E8%96%A9%E4%BC%AF" n1="%E6%80%AA%E3%81%97%E3%81%99%E3%81%8E%E3%82%8B%E3%83%81%E3%83%BC" n2="%E9%A6%AC%E5%BC%95%E7%81%AB%33" n3="%72%69%6F%75%63%68%61%6E" dan="16,16,16,16" rate="2125.86,2081.31,2055.27,2149.14" sx="F,M,M,M"/><TAIKYOKU oya="0"/><INIT seed="0,0,0,4,1,66" ten="250,250,250,250" oya="0" hai0="48,132,86,42,71,54,119,46,29,109,70,4,77" hai1="49,2,1,32,58,115,127,43,19,12,113,83,76" hai2="44,75,61,72,65,53,24,55,8,68,52,41,129" hai3="108,93,40,10,82,69,39,103,97,123,80,27,106"/><T124/><D119/><U20/><E127/><V50/><F129/><W37/><G108/><T110/><D29/><U3/><E32/><V99/><F8/><W59/><G123/><T22/><D22/><U121/><E121/><V85/><F85/><W11/><G69/><N who="0" m="26123" /><D124/><U91/><E91/><V17/><F17/><W31/><G106/><T96/><D96/><U112/><E43/><V62/><F61/><W30/><G37/><T73/><D73/><U134/><E134/><V128/><F128/><W26/><G39/><T92/><D92/><U133/><E133/><V98/><REACH who="2" step="1"/><F24/><REACH who="2" ten="250,250,240,250" step="2"/><W9/><G26/><T87/><D132/><U89/><E112/><V45/><F45/><W38/><G31/><T14/><D86/><U88/><E113/><V15/><F15/><W117/><G117/><T135/><D135/><U126/><E115/><V34/><F34/><W51/><G38/><T23/><D4/><U5/><E5/><V7/><F7/><W81/><G59/><T118/><D118/><U101/><E126/><V90/><F90/><W33/><REACH who="3" step="1"/><G9/><REACH who="3" ten="250,250,240,240" step="2"/><T120/><D120/><U6/><E58/><V60/><F60/><W18/><G18/><T0/><D110/><U25/><E6/><V64/><F64/><W111/><G111/><T56/><D56/><U131/><E19/><V67/><F67/><W105/><G105/><T114/><D109/><U122/><E122/><V63/><F63/><W78/><G78/><T16/><D77/><U95/><E76/><V74/><AGARI ba="0,2" hai="41,44,50,52,53,55,62,65,68,72,74,75,98,99" machi="74" ten="40,8000,1" yaku="1,1,0,1,52,1,54,1,53,1" doraHai="66" doraHaiUra="36" who="2" fromWho="2" sc="250,-40,250,-20,240,100,240,-20" /><INIT seed="1,0,0,2,4,40" ten="210,230,340,220" oya="1" hai0="33,83,130,121,110,8,19,120,89,127,87,80,123" hai1="61,107,72,134,101,49,122,111,133,16,77,41,51" hai2="5,128,22,28,105,129,1,113,114,115,126,71,135" hai3="18,119,74,54,79,31,20,30,43,58,67,104,131"/><U60/><E122/><V106/><F135/><N who="1" m="51721" /><E111/><V29/><F126/><W3/><G3/><T116/><D116/><U15/><E101/><V9/><F71/><W99/><G119/><T27/><D110/><U14/><E107/><N who="2" m="40971" /><F22/><W82/><G131/><AGARI ba="0,0" hai="1,5,9,28,29,113,114,115,128,129,131" m="40971" machi="131" ten="40,2600,0" yaku="11,1,19,1" doraHai="40" who="2" fromWho="3" sc="210,0,230,0,340,26,220,-26" /><INIT seed="2,0,0,5,4,29" ten="210,230,366,194" oya="2" hai0="119,22,6,132,93,31,122,101,46,126,12,86,27" hai1="58,26,105,38,74,75,72,49,42,17,77,28,40" hai2="59,43,4,44,87,131,16,110,33,129,85,81,67" hai3="78,133,120,55,94,79,109,51,134,30,66,41,123"/><V73/><F73/><W91/><G109/><T125/><D122/><N who="3" m="46633" /><G41/><T114/><D114/><U56/><E105/><V104/><F104/><W53/><G66/><T68/><D68/><U34/><E77/><N who="3" m="29194" /><G51/><T2/><D2/><U90/><E90/><V70/><F70/><W82/><G82/><T1/><D1/><U88/><E88/><V103/><F103/><W89/><G30/><T36/><D119/><U15/><E38/><V13/><F4/><W18/><G18/><T63/><D63/><U111/><E111/><V23/><F110/><W117/><G117/><T92/><D36/><U112/><E112/><V3/><F3/><W21/><G21/><T130/><D46/><U39/><E39/><V96/><F96/><N who="3" m="57423" /><G53/><T135/><D101/><U35/><E35/><V107/><F33/><W113/><G55/><T118/><D118/><U100/><E100/><V9/><F23/><W115/><G91/><T45/><D45/><U11/><REACH who="1" step="1"/><E49/><REACH who="1" ten="210,220,366,194" step="2"/><N who="2" m="26783" /><F107/><W19/><G113/><T5/><D93/><U128/><E128/><N who="2" m="49227" /><F81/><W50/><G115/><T48/><D130/><U54/><E54/><V116/><F116/><W60/><G50/><T80/><D48/><U14/><E14/><V64/><F59/><AGARI ba="0,1" hai="11,15,17,26,28,34,40,42,56,58,59,72,74,75" machi="59" ten="40,8000,1" yaku="1,1,52,1,53,3" doraHai="29" doraHaiUra="52" who="1" fromWho="2" sc="210,0,220,90,366,-80,194,0" /><INIT seed="3,0,0,3,3,71" ten="210,310,286,194" oya="3" hai0="52,108,130,32,21,64,92,39,76,68,90,112,95" hai1="119,23,11,128,53,126,37,2,75,27,129,135,96" hai2="28,22,46,33,31,97,82,59,122,63,84,10,103" hai3="81,85,66,91,48,79,7,118,72,54,5,101,45"/><W83/><G118/><T124/><D32/><U47/><E75/><V9/><F122/><W87/><G101/><T62/><D108/><U36/><E119/><V116/><F116/><W38/><G66/><T12/><D39/><U57/><E126/><V60/><F33/><W8/><G38/><T18/><D130/><N who="1" m="50283" /><E135/><V16/><F46/><W100/><G100/><T26/><D76/><U4/><E96/><V93/><F28/><W77/><REACH who="3" step="1"/><G8/><REACH who="3" ten="210,310,286,184" step="2"/><T44/><D124/><U29/><E47/><V74/><F10/><W35/><G35/><T104/><D104/><U80/><E37/><V111/><F111/><W89/><G89/><T25/><D112/><U106/><E36/><V55/><F9/><W0/><G0/><T42/><D90/><U69/><E106/><V102/><F102/><W13/><G13/><T131/><D131/><U117/><E117/><V40/><F103/><W30/><G30/><T98/><D64/><U94/><E11/><V34/><F31/><W24/><G24/><T133/><D133/><U58/><E27/><V114/><F34/><W110/><G110/><T20/><D26/><U109/><E29/><V121/><F114/><W115/><G115/><T99/><D25/><U41/><E2/><V70/><F121/><W15/><G15/><T61/><D12/><U14/><E14/><V19/><F22/><W6/><G6/><T120/><D21/><U125/><E4/><V123/><F123/><W132/><G132/><T56/><D20/><U78/><E109/><V65/><F65/><W51/><G51/><T88/><D120/><U107/><E23/><RYUUKYOKU ba="0,1" sc="210,-10,310,-10,286,-10,184,30" hai3="5,7,45,48,54,72,77,79,81,83,85,87,91" /><INIT seed="3,1,1,0,2,134" ten="200,300,276,214" oya="3" hai0="107,92,44,37,122,76,112,88,52,27,33,21,118" hai1="127,18,130,47,19,40,48,43,59,15,69,2,6" hai2="133,13,77,129,87,128,111,99,32,4,78,95,62" hai3="85,120,121,108,35,110,53,98,104,103,68,105,64"/><W96/><G35/><T119/><D107/><U8/><E69/><V36/><F36/><W84/><G53/><T100/><D122/><N who="3" m="47209" /><G64/><T89/><D33/><U93/><E130/><N who="2" m="50283" /><F111/><N who="3" m="42539" /><G68/><T12/><D112/><U70/><E127/><V1/><F133/><W55/><G55/><T90/><D37/><U65/><E70/><V94/><F1/><W102/><AGARI ba="1,1" hai="84,85,96,98,102,103,104,105" m="42539,47209" machi="102" ten="40,12000,1" yaku="14,1,10,1,34,2" doraHai="134" who="3" fromWho="3" sc="200,-41,300,-41,276,-41,214,133" owari="159,-34.1,259,5.9,235,-16.5,347,44.7" /></mjloggm>