<mjloggm ver="2.3"><GO type="225" lobby="0"/><UN n0="%E3%83%96%E3%83%83%E3%83%91%E3%82%AA%E3%83%96%E3%83%81%E3%82%AD%E3%83%B3" n1="%E9%A6%AC%E5%BC%95%E7%81%AB%33" n2="%74%61%6B%65%2D%79%6F%75" n3="%E7%89%B9%E6%9D%B1%E3%81%AF%E4%B8%96%E7%95%8C%E3%82%92%E6%95%91%E3%81%86" dan="16,16,16,16" rate="2149.21,2087.90,2107.08,2206.72" sx="M,M,M,M"/><TAIKYOKU oya="0"/><INIT seed="0,0,0,1,4,117" ten="250,250,250,250" oya="0" hai0="129,69,40,124,135,131,134,81,105,59,93,47,126" hai1="107,22,37,30,112,4,63,122,86,1,46,101,84" hai2="127,53,114,70,49,20,3,97,109,7,27,64,72" hai3="23,15,78,36,96,13,66,9,103,120,77,85,115"/><T52/><D105/><U42/><E122/><V71/><F72/><W95/><G115/><T5/><D69/><U18/><E112/><V0/><F109/><W73/><G36/><N who="0" m="21895" /><D5/><U45/><E30/><V57/><F127/><N who="0" m="48682" /><D93/><U76/><E76/><V61/><F114/><W121/><G73/><T26/><D26/><U2/><E63/><V111/><F111/><W50/><G66/><T16/><D16/><U10/><E1/><V92/><F7/><W35/><G35/><T125/><N who="0" m="48690" /><T94/><DORA hai="25" /><D94/><U67/><E67/><V41/><F70/><W90/><G23/><T11/><D11/><U62/><E62/><V74/><F74/><W21/><G21/><T34/><D81/><U28/><E28/><V56/><F71/><W44/><G15/><T87/><D87/><U6/><E6/><V118/><F118/><W133/><G13/><T48/><D34/><U100/><E46/><V89/><REACH who="2" step="1"/><F41/><REACH who="2" ten="250,250,240,250" step="2"/><W79/><G9/><T19/><D19/><AGARI ba="0,1" hai="0,3,19,20,27,49,53,56,57,61,64,89,92,97" machi="19" ten="30,8000,1" yaku="1,1,2,1,7,1,53,2" doraHai="117,25" doraHaiUra="110,54" who="2" fromWho="0" sc="250,-80,250,0,240,90,250,0" /><INIT seed="1,0,0,3,4,41" ten="170,250,330,250" oya="1" hai0="116,52,4,64,73,54,63,69,66,22,96,5,29" hai1="25,56,102,106,89,32,46,17,90,57,12,30,91" hai2="114,28,13,24,129,26,7,99,21,36,53,104,130" hai3="120,87,55,50,117,109,92,27,15,88,133,111,19"/><U70/><E70/><V81/><F36/><W93/><G120/><T123/><D116/><U82/><E82/><V105/><F81/><W112/><G112/><T18/><D73/><U48/><E102/><V132/><F99/><W45/><G117/><T58/><D123/><U38/><E38/><V65/><F65/><N who="0" m="25194" /><D29/><U134/><E134/><V126/><F53/><W10/><G133/><T1/><D1/><U128/><E128/><V79/><F79/><W94/><REACH who="3" step="1"/><G27/><REACH who="3" ten="170,250,330,240" step="2"/><N who="0" m="14807" /><D69/><U37/><E106/><V85/><F105/><W127/><G127/><T23/><D23/><U59/><E37/><V122/><F104/><W43/><G43/><T124/><D124/><U14/><REACH who="1" step="1"/><E17/><REACH who="1" ten="170,240,330,240" step="2"/><V31/><F132/><W8/><G8/><T42/><D42/><AGARI ba="0,2" hai="12,14,25,30,32,42,46,48,56,57,59,89,90,91" machi="42" ten="40,7700,0" yaku="1,1,2,1,52,1,53,0" doraHai="41" doraHaiUra="80" who="1" fromWho="0" sc="170,-77,240,97,330,0,240,0" /><INIT seed="1,1,0,5,5,93" ten="93,337,330,240" oya="1" hai0="43,65,35,112,108,130,1,14,60,135,38,113,87" hai1="97,95,15,121,58,103,120,44,40,36,109,41,33" hai2="34,24,122,17,73,80,133,96,101,74,129,8,30" hai3="116,66,45,28,6,54,63,104,3,55,118,42,71"/><U53/><E33/><V131/><F122/><W75/><G75/><T86/><D1/><U2/><E2/><V77/><F133/><W69/><G104/><T22/><D35/><U59/><E109/><V5/><F17/><W89/><G28/><T105/><D105/><U132/><E132/><V7/><F73/><W127/><G127/><T98/><D135/><U84/><E40/><V124/><F124/><W39/><G89/><T18/><D108/><U16/><E59/><V126/><F126/><W102/><G102/><T20/><D130/><N who="2" m="49674" /><F8/><N who="3" m="2143" /><G69/><T68/><D22/><U110/><E84/><V49/><F49/><W9/><G9/><T94/><D86/><U107/><E107/><AGARI ba="1,0" hai="5,7,24,30,34,74,77,80,96,101,107" m="49674" machi="107" ten="30,2000,0" yaku="19,1,52,1" doraHai="93" who="2" fromWho="1" sc="93,0,337,-23,330,23,240,0" /><INIT seed="2,0,0,1,5,54" ten="93,314,353,240" oya="2" hai0="87,86,110,4,81,91,133,1,67,82,48,135,128" hai1="124,6,90,117,22,72,63,95,107,29,28,127,104" hai2="120,23,108,71,92,58,32,24,84,89,12,21,129" hai3="16,53,26,96,65,35,41,17,121,43,106,113,101"/><V45/><F71/><W56/><G121/><T103/><D110/><U94/><E72/><V5/><F129/><W38/><G113/><T125/><D128/><U44/><E117/><V100/><F32/><W31/><G65/><T80/><D125/><N who="1" m="48203" /><E6/><V70/><F70/><W118/><G118/><T37/><D37/><U39/><E63/><V134/><F134/><W27/><G38/><T2/><D103/><U7/><E7/><V88/><F100/><W115/><G115/><T93/><D67/><U119/><E119/><V77/><F77/><W66/><G66/><T62/><D62/><U42/><E94/><V122/><F108/><W75/><G75/><T102/><D102/><U105/><E22/><V51/><F23/><W59/><G59/><T123/><D123/><U25/><E25/><V116/><F58/><W0/><G0/><T52/><D87/><AGARI ba="0,0" hai="28,29,39,42,44,87,90,95,104,105,107" m="48203" machi="87" ten="40,1300,0" yaku="18,1" doraHai="54" who="1" fromWho="0" sc="93,-13,314,13,353,0,240,0" /><INIT seed="3,0,0,3,3,33" ten="80,327,353,240" oya="3" hai0="86,81,91,18,119,82,34,75,70,50,127,55,97" hai1="130,54,12,5,57,93,43,17,87,96,94,11,51" hai2="78,133,13,80,31,37,125,110,62,25,40,99,23" hai3="79,102,109,52,128,56,100,66,120,114,19,60,111"/><W89/><G120/><T48/><D119/><U101/><E130/><V98/><F110/><N who="3" m="41995" /><G114/><T88/><D127/><U39/><E39/><V42/><F133/><W49/><G128/><T107/><D70/><U121/><E121/><V117/><F117/><W21/><G79/><T38/><D38/><U69/><E69/><V129/><F125/><W74/><G74/><T115/><D115/><U4/><REACH who="1" step="1"/><E43/><REACH who="1" ten="80,317,353,240" step="2"/><V103/><F40/><W85/><G21/><T36/><D36/><U63/><E63/><V22/><F42/><W104/><G104/><T77/><D34/><U76/><E76/><V118/><F37/><W8/><G8/><T44/><D50/><U68/><E68/><V46/><F62/><W61/><G19/><T83/><D18/><U108/><E108/><V29/><F129/><W47/><G61/><T59/><D59/><U106/><E106/><V32/><F78/><W7/><G7/><T15/><D107/><U14/><E14/><V134/><F13/><W131/><G131/><T53/><D15/><U95/><E95/><AGARI ba="0,1" hai="47,49,52,56,60,66,85,89,95,100,102" m="41995" machi="95" ten="30,5800,0" yaku="14,1,10,1,54,1" doraHai="33" who="3" fromWho="1" sc="80,0,317,-58,353,0,240,68" /><INIT seed="3,1,0,3,4,113" ten="80,259,353,308" oya="3" hai0="43,65,119,39,27,72,26,120,94,100,108,16,84" hai1="28,40,89,35,17,90,6,31,23,122,116,128,81" hai2="3,70,92,14,47,73,131,77,132,78,53,105,30" hai3="55,34,121,87,61,76,104,109,2,51,49,19,95"/><W101/><G121/><T24/><D120/><U135/><E122/><V80/><F105/><W52/><G2/><T115/><D72/><U71/><E71/><V125/><F3/><W102/><G34/><T96/><D108/><U99/><E128/><V110/><F70/><W83/><G104/><T66/><D115/><U20/><E135/><V38/><F125/><W62/><G109/><T36/><D84/><U12/><E35/><V68/><F68/><W91/><G19/><T33/><D33/><U133/><E133/><V88/><F77/><W117/><G117/><T130/><D130/><U57/><E40/><V11/><F30/><W37/><G37/><T44/><D39/><U107/><E6/><V25/><F25/><W75/><G102/><T48/><D36/><U42/><E42/><V98/><F38/><W5/><G101/><T123/><D123/><U56/><E107/><V22/><F22/><W74/><G74/><T32/><D32/><U67/><E67/><V15/><F132/><W1/><G5/><T82/><D82/><U118/><E81/><V103/><F110/><W63/><REACH who="3" step="1"/><G1/><REACH who="3" ten="80,259,353,298" step="2"/><T41/><D119/><U79/><E17/><N who="2" m="8415" /><F103/><W50/><AGARI ba="1,1" hai="49,50,51,52,55,61,62,63,75,76,83,87,91,95" machi="50" ten="30,6000,0" yaku="1,1,0,1,54,1,53,0" doraHai="113" doraHaiUra="124" who="3" fromWho="3" sc="80,-21,259,-21,353,-21,298,73" owari="59,-44.1,238,-16.2,332,13.2,371,47.1" /></mjloggm>