<mjloggm ver="2.3"><GO type="225" lobby="0"/><UN n0="%E5%A4%8F%E9%88%B4%E9%88%B4%E5%A4%8F" n1="%E9%B7%B9%E5%80%89%E6%9D%8F%E9%88%B4" n2="%E9%A6%AC%E5%BC%95%E7%81%AB%33" n3="%6C%61%6D%62" dan="16,16,16,16" rate="2095.66,2145.02,2125.15,2240.57" sx="F,F,M,M"/><TAIKYOKU oya="0"/><INIT seed="0,0,0,3,0,113" ten="250,250,250,250" oya="0" hai0="82,78,131,74,0,70,91,19,101,35,121,109,14" hai1="125,127,84,87,3,23,123,50,128,68,96,38,4" hai2="31,48,65,116,85,46,12,110,43,42,104,134,94" hai3="27,118,83,47,67,135,56,18,10,80,132,122,58"/><T24/><D121/><U93/><E38/><V76/><F110/><W133/><G122/><T107/><D0/><U53/><E68/><V51/><F104/><W49/><G118/><T41/><D109/><U73/><E123/><V114/><F114/><W7/><G18/><T25/><D131/><U1/><E73/><V72/><F134/><W20/><G20/><T54/><D70/><U117/><E128/><V44/><F65/><W22/><G22/><T120/><D41/><U69/><E69/><V111/><F111/><W95/><G27/><T5/><D5/><U66/><E66/><V11/><F31/><W8/><G95/><T55/><D91/><U100/><E23/><V97/><F72/><W13/><G8/><T2/><D2/><N who="1" m="523" /><E117/><V9/><F116/><W130/><G130/><T90/><D90/><U62/><E62/><V30/><F30/><W64/><G64/><T115/><D115/><U88/><E100/><V86/><F76/><W34/><G34/><T79/><D79/><U105/><E105/><V63/><F63/><N who="3" m="38375" /><G58/><T81/><D81/><U32/><E32/><V52/><F42/><AGARI ba="0,0" hai="7,10,13,42,47,49,80,83,132,133,135" m="38375" machi="42" ten="30,1000,0" yaku="20,1" doraHai="113" who="3" fromWho="2" sc="250,0,250,0,250,-10,250,10" /><INIT seed="1,0,0,2,2,111" ten="250,250,240,260" oya="1" hai0="14,105,123,135,25,88,29,1,33,125,53,108,64" hai1="31,19,95,50,21,124,84,5,3,66,59,47,23" hai2="26,76,28,65,54,89,80,73,81,4,93,58,13" hai3="79,45,103,39,15,12,61,2,113,129,119,77,86"/><U41/><E124/><V46/><F65/><W56/><G2/><T36/><D108/><U35/><E3/><V34/><F46/><W87/><G129/><T63/><D123/><U8/><E35/><V24/><F24/><W99/><G119/><T83/><D125/><U10/><E31/><V38/><F38/><W110/><G110/><T121/><D1/><U67/><E5/><V130/><F130/><W44/><G39/><T42/><D105/><U134/><E134/><V120/><F120/><W70/><G70/><T51/><D121/><U126/><E126/><V62/><F81/><W133/><G133/><T127/><D127/><U115/><E115/><V91/><REACH who="2" step="1"/><F93/><REACH who="2" ten="250,250,230,260" step="2"/><W104/><G45/><T96/><D135/><U22/><E67/><V72/><F72/><W74/><G44/><T18/><D36/><U94/><E94/><V71/><F71/><W114/><G74/><T27/><D27/><U107/><E107/><V30/><F30/><W55/><G104/><T20/><D42/><U131/><E131/><V6/><F6/><W112/><G112/><T75/><D75/><U97/><E19/><V43/><F43/><W60/><G114/><T132/><D132/><U98/><E66/><V128/><F128/><W78/><G113/><T101/><D83/><U69/><E69/><V40/><F40/><W49/><G56/><N who="0" m="32831" /><D64/><U9/><REACH who="1" step="1"/><E59/><REACH who="1" ten="250,240,230,260" step="2"/><V52/><F52/><W37/><G55/><T68/><D68/><U102/><E102/><V48/><F48/><W116/><G49/><T92/><D101/><U109/><E109/><V117/><F117/><W85/><G116/><RYUUKYOKU ba="0,2" sc="250,10,240,10,230,10,260,-30" hai0="14,18,20,25,29,33,63,88,92,96" hai1="8,9,10,21,22,23,41,47,50,84,95,97,98" hai2="4,13,26,28,34,54,58,62,73,76,80,89,91" /><INIT seed="1,1,2,3,5,109" ten="260,250,240,230" oya="1" hai0="113,119,114,85,102,49,116,132,35,115,65,69,28" hai1="73,130,13,51,91,10,86,105,75,27,131,84,4" hai2="48,87,60,107,39,8,98,3,32,47,17,9,42" hai3="92,44,120,30,64,112,108,12,25,106,66,103,78"/><U46/><E105/><V37/><F32/><W45/><G120/><T56/><D102/><U71/><E71/><V26/><F87/><N who="1" m="33321" /><E27/><V94/><F107/><W50/><G106/><T82/><D28/><U88/><E75/><V16/><F37/><W93/><G108/><T54/><D35/><U101/><E101/><V57/><F39/><W31/><G112/><T124/><D124/><U77/><E77/><V68/><F68/><W96/><G78/><T18/><D18/><N who="2" m="7274" /><F26/><W133/><G133/><T127/><D127/><U6/><E6/><V40/><F40/><W135/><G135/><T41/><D41/><N who="1" m="25039" /><E73/><V134/><F3/><W126/><G126/><T20/><D20/><U0/><E0/><V62/><F134/><W74/><G74/><T59/><D132/><U43/><E43/><V7/><F7/><W67/><G25/><T33/><D33/><U123/><E123/><V5/><F5/><W63/><G12/><T80/><D80/><U129/><AGARI ba="1,2" hai="4,10,13,88,91,129,130,131" m="25039,33321" machi="129" ten="40,3900,0" yaku="19,1,54,1" doraHai="109" who="1" fromWho="1" sc="260,-14,250,62,240,-14,230,-14" /><INIT seed="1,2,0,2,0,79" ten="246,312,226,216" oya="1" hai0="133,74,23,130,110,20,21,94,108,95,11,131,5" hai1="115,31,123,16,41,112,127,63,43,17,26,102,120" hai2="117,67,109,77,29,54,56,37,118,59,49,85,60" hai3="128,121,62,36,42,69,46,25,52,124,27,65,35"/><U30/><E102/><V83/><F109/><N who="0" m="42090" /><D74/><U99/><E63/><V90/><F37/><W119/><G121/><T38/><D38/><U98/><REACH who="1" step="1"/><E26/><REACH who="1" ten="246,302,226,216" step="2"/><V86/><REACH who="2" step="1"/><F29/><REACH who="2" ten="246,302,216,216" step="2"/><W132/><G119/><T66/><D133/><U93/><E93/><AGARI ba="2,2" hai="49,54,56,59,60,67,77,83,85,86,90,93,117,118" machi="93" ten="30,7700,0" yaku="1,1,2,1,7,1,52,1,53,0" doraHai="79" doraHaiUra="116" who="2" fromWho="1" sc="246,0,302,-83,216,103,216,0" /><INIT seed="2,0,0,3,0,33" ten="246,219,319,216" oya="2" hai0="124,27,40,13,11,126,21,25,6,12,65,5,14" hai1="125,114,116,20,55,127,109,3,10,91,29,130,120" hai2="131,101,108,31,103,100,115,39,2,72,133,104,8" hai3="82,30,92,28,118,4,63,48,46,54,129,7,86"/><V45/><F115/><W68/><G118/><T123/><D123/><U38/><E120/><V77/><F133/><W42/><G129/><T73/><D73/><U43/><E55/><V75/><F31/><N who="3" m="11819" /><G92/><T66/><D40/><U57/><E57/><V99/><F103/><W23/><G68/><T128/><D128/><U113/><E91/><V106/><F108/><W59/><G23/><T34/><D34/><U52/><E52/><V80/><F131/><W24/><G24/><N who="0" m="9291" /><D21/><U107/><E107/><N who="2" m="63903" /><F101/><W71/><G71/><T134/><D11/><U64/><E64/><N who="0" m="24681" /><D134/><U111/><E130/><V44/><F44/><W121/><G121/><T0/><D0/><U83/><E116/><V84/><F72/><W79/><AGARI ba="0,0" hai="4,7,42,46,48,54,59,63,79,82,86" m="11819" machi="79" ten="30,1100,0" yaku="8,1" doraHai="33" who="3" fromWho="3" sc="246,-3,219,-3,319,-5,216,11" /><INIT seed="3,0,0,3,2,130" ten="243,216,314,227" oya="3" hai0="98,29,127,11,41,101,90,52,65,96,109,119,85" hai1="82,68,50,108,66,22,92,73,134,38,135,78,42" hai2="104,46,32,69,9,25,111,110,125,21,53,40,123" hai3="19,129,56,3,15,91,122,112,31,14,126,114,113"/><W99/><G122/><T124/><D119/><U131/><E38/><V36/><F125/><N who="0" m="48202" /><D109/><U80/><E108/><V33/><F104/><W7/><G126/><T51/><D29/><U120/><E120/><V48/><F69/><W107/><G129/><T81/><D41/><U102/><E131/><V72/><F72/><W59/><G31/><T87/><D65/><U12/><E80/><V47/><F9/><W97/><G3/><T2/><D101/><U67/><E92/><V117/><F117/><W18/><G91/><N who="0" m="51631" /><D11/><U62/><E102/><V105/><F105/><W128/><G107/><T20/><D20/><U24/><E67/><V84/><F32/><W121/><G7/><T17/><D17/><U70/><E70/><V37/><F33/><W79/><G112/><T6/><D6/><U103/><E103/><V95/><F36/><W27/><G128/><T58/><D2/><U43/><E12/><V75/><F123/><W54/><G121/><T86/><D86/><U55/><E43/><V64/><F40/><W26/><G54/><T93/><AGARI ba="0,0" hai="51,52,58,87,90,93,96,98" m="51631,48202" machi="93" ten="30,2000,0" yaku="18,1,54,1" doraHai="130" who="0" fromWho="0" sc="243,20,216,-5,314,-5,227,-10" owari="263,6.3,211,-28.9,309,40.9,217,-18.3" /></mjloggm>