<mjloggm ver="2.3"><GO type="225" lobby="0"/><UN n0="%E6%9D%B1%E9%A2%A8%E3%81%AE%E3%81%8D%E3%82%83%E3%81%B7%E3%81%95%E3%82%93" n1="%E3%83%B4%E3%83%A0%EF%BC%99%E3%81%A6" n2="%65%2D%73%65%70%65%6E%3B" n3="%E3%83%96%E3%83%83%E3%83%91%E3%82%AA%E3%83%96%E3%83%81%E3%82%AD%E3%83%B3" dan="16,17,16,16" rate="2182.29,2133.10,2125.35,2193.11" sx="M,M,M,M"/><TAIKYOKU oya="0"/><INIT seed="0,0,0,5,0,27" ten="250,250,250,250" oya="0" hai0="123,26,77,94,92,34,20,1,10,39,54,71,40" hai1="18,101,23,128,80,100,55,98,68,97,37,83,24" hai2="47,66,75,65,53,113,3,46,51,25,73,6,90" hai3="130,59,43,7,134,87,2,127,69,64,56,62,44"/><T126/><D123/><U70/><E37/><V131/><F113/><W38/><G134/><T11/><D71/><U42/><E42/><V45/><F131/><W125/><G87/><T103/><D34/><U132/><E128/><V102/><F102/><W41/><G130/><T30/><D126/><N who="3" m="48137" /><G7/><T95/><D77/><U135/><E55/><V29/><F90/><W58/><G2/><T48/><D1/><U13/><E13/><V0/><F66/><W81/><G81/><T118/><D118/><U106/><E83/><V32/><F65/><N who="3" m="41143" /><G43/><T86/><D103/><U110/><E80/><V15/><F15/><W4/><G4/><T89/><D40/><U84/><E84/><V74/><REACH who="2" step="1"/><F6/><REACH who="2" ten="250,250,240,250" step="2"/><W112/><G112/><T35/><D39/><U12/><E135/><V93/><F93/><N who="0" m="35946" /><D35/><U76/><E132/><V133/><F133/><W122/><G122/><T67/><D67/><AGARI ba="0,1" hai="38,41,44,56,58,59,64,67" m="41143,48137" machi="67" ten="30,3900,0" yaku="18,1,34,2" doraHai="27" who="3" fromWho="0" sc="250,-39,250,0,240,0,250,49" /><INIT seed="1,0,0,0,0,76" ten="211,250,240,299" oya="1" hai0="83,70,87,2,36,98,7,58,27,39,23,80,33" hai1="56,12,82,6,26,66,14,96,28,78,92,11,122" hai2="32,45,18,8,134,68,29,90,60,61,1,116,88" hai3="4,112,124,89,40,110,67,69,100,115,30,103,59"/><U132/><E132/><V48/><F116/><W129/><G110/><T44/><D70/><U24/><E122/><V113/><F113/><W35/><G69/><T51/><D33/><U135/><E135/><V41/><F134/><W74/><G74/><T111/><D111/><U73/><E14/><V86/><F90/><W55/><G35/><T62/><D36/><U50/><E28/><V127/><F127/><W19/><G124/><T117/><D39/><U120/><E120/><V79/><F79/><W42/><G129/><T72/><D72/><U20/><E20/><V52/><F1/><W22/><G30/><T71/><D71/><U16/><E6/><V114/><F114/><W31/><G31/><N who="0" m="17919" /><D2/><U119/><E119/><V5/><F5/><W105/><G105/><T99/><D117/><U107/><E107/><V75/><F75/><W57/><G4/><T77/><D7/><U131/><E131/><V102/><F102/><N who="3" m="38955" /><G115/><T21/><D21/><U81/><E78/><V63/><F68/><W9/><G9/><T123/><D123/><U84/><E73/><V64/><F64/><W95/><G67/><N who="0" m="39383" /><D80/><N who="1" m="30827" /><E66/><V13/><F32/><W38/><G38/><T101/><D101/><N who="1" m="60551" /><E84/><V108/><F29/><W34/><G34/><T133/><D133/><U15/><E15/><V53/><F108/><W10/><G10/><T85/><D85/><U118/><E118/><V93/><AGARI ba="0,0" hai="8,13,18,41,45,48,52,53,60,61,63,86,88,93" machi="93" ten="30,7900,0" yaku="0,1,8,1,54,2" doraHai="76" who="2" fromWho="2" sc="211,-20,250,-39,240,79,299,-20" /><INIT seed="2,0,0,4,3,102" ten="191,211,319,279" oya="2" hai0="28,47,8,113,96,66,27,60,103,110,127,29,32" hai1="126,15,13,133,16,73,88,118,9,98,50,25,54" hai2="134,109,82,129,51,111,84,69,61,74,11,108,100" hai3="1,26,104,128,92,21,49,91,41,94,44,115,130"/><V87/><F129/><N who="3" m="49771" /><G115/><T35/><D113/><U83/><E118/><V40/><F134/><W105/><G1/><T34/><D110/><U59/><E133/><V71/><F100/><W122/><G122/><T114/><D114/><U85/><E126/><V63/><F11/><W67/><G67/><T70/><D127/><U38/><E38/><V76/><F63/><W17/><G92/><T123/><D123/><U10/><E73/><V124/><F124/><W120/><G120/><T0/><D29/><U55/><E55/><V112/><F112/><W33/><G33/><T57/><D57/><U106/><E25/><V131/><F131/><W125/><G125/><T65/><D47/><U101/><E15/><V97/><F97/><AGARI ba="0,0" hai="17,21,26,41,44,49,91,94,97,104,105" m="49771" machi="97" ten="30,3900,0" yaku="19,1,52,2" doraHai="102" who="3" fromWho="2" sc="191,0,211,0,319,-39,279,39" /><INIT seed="3,0,0,4,5,7" ten="191,211,280,318" oya="3" hai0="30,104,135,102,61,87,83,95,86,29,4,3,134" hai1="125,93,5,123,84,34,133,46,50,57,120,58,81" hai2="31,105,11,9,52,66,65,51,100,114,53,36,33" hai3="85,88,119,60,64,8,113,92,2,35,44,28,40"/><W79/><G113/><T24/><D104/><U27/><E125/><V96/><F114/><W128/><G119/><T13/><D3/><U118/><E118/><V39/><F33/><W22/><G128/><T97/><D61/><U32/><E93/><V98/><F31/><W68/><G35/><T42/><D42/><U25/><E133/><N who="0" m="50697" /><D24/><N who="1" m="9291" /><E123/><V124/><F124/><W117/><G117/><T18/><D4/><U107/><E107/><V89/><F105/><W15/><G28/><N who="0" m="10859" /><D83/><U130/><E130/><V111/><F111/><W26/><G2/><T62/><D62/><U1/><E120/><V121/><F121/><W47/><G40/><T82/><D82/><U94/><E94/><V16/><F51/><W91/><G60/><T132/><N who="0" m="50705" /><T14/><DORA hai="103" /><D14/><U131/><E131/><V17/><F100/><W69/><G15/><T59/><D59/><N who="1" m="22539" /><E1/><V21/><F21/><W49/><G22/><T110/><D110/><U6/><E32/><V63/><F63/><W73/><G26/><T12/><D12/><U20/><E20/><AGARI ba="0,0" hai="13,18,20,86,87,95,97,102" m="10859,50705" machi="20" ten="40,1300,0" yaku="20,1" doraHai="7,103" who="0" fromWho="1" sc="191,13,211,-13,280,0,318,0" owari="204,-19.6,198,-30.2,280,8.0,318,41.8" /></mjloggm>