<mjloggm ver="2.3"><GO type="225" lobby="0"/><UN n0="%E3%81%BF%E3%81%BF%E3%81%9A" n1="%E4%BF%BA%E3%81%A8%E5%A6%96%E5%A4%A2" n2="%E3%81%8B%E3%82%8F%E3%81%A1%E3%82%83%E3%82%93%35%38" n3="%E6%98%93%E5%88%A9%E8%96%A9%E4%BC%AF" dan="18,16,16,17" rate="2234.75,2135.33,2125.05,2133.84" sx="M,F,M,F"/><TAIKYOKU oya="0"/><INIT seed="0,0,0,4,1,131" ten="250,250,250,250" oya="0" hai0="33,60,134,24,30,3,65,125,117,107,84,11,51" hai1="1,96,124,39,63,89,15,32,108,99,40,90,46" hai2="109,53,38,123,85,126,69,120,103,54,112,64,61" hai3="0,10,6,98,7,20,17,44,116,100,67,13,31"/><T34/><D117/><U97/><E1/><V41/><F85/><W101/><G116/><T105/><D125/><U135/><E124/><V62/><F103/><W91/><G67/><T9/><D34/><U77/><E32/><V73/><F73/><W58/><G58/><T2/><D51/><U94/><E108/><V93/><F93/><N who="3" m="56639" /><G0/><T42/><D42/><U92/><E77/><V113/><F126/><W102/><G44/><T78/><D84/><U104/><E15/><V23/><F23/><W106/><G106/><T35/><D78/><U76/><E76/><V114/><F109/><W57/><G57/><T132/><D65/><U66/><E104/><V47/><F62/><W80/><G80/><T88/><D24/><AGARI ba="0,0" hai="6,7,10,13,17,20,24,31,100,101,102" m="56639" machi="24" ten="30,1000,0" yaku="8,1" doraHai="131" who="3" fromWho="0" sc="250,-10,250,0,250,0,250,10" /><INIT seed="1,0,0,4,5,42" ten="240,250,250,260" oya="1" hai0="47,3,75,27,32,36,29,2,113,103,118,121,127" hai1="57,73,7,89,133,22,77,33,46,43,105,28,65" hai2="50,30,51,79,76,134,92,48,131,21,94,58,12" hai3="99,124,49,63,110,71,114,68,96,25,120,59,69"/><U62/><E33/><V34/><F34/><W126/><G114/><T85/><D113/><U111/><E105/><V86/><F134/><W109/><G25/><T82/><D118/><U44/><E133/><V91/><F131/><W119/><G119/><T10/><D127/><N who="3" m="48681" /><G120/><T112/><D112/><U66/><E111/><N who="3" m="42506" /><G49/><T125/><D125/><U129/><E129/><V41/><F41/><W5/><G5/><T19/><D121/><U128/><E128/><V18/><F30/><W130/><G130/><T61/><D36/><U20/><E43/><V1/><F1/><W93/><G93/><T67/><D2/><U52/><E7/><V55/><F94/><W81/><G81/><T54/><D3/><U39/><E39/><V90/><F90/><W35/><G35/><T107/><D107/><U122/><E122/><V0/><F0/><W53/><AGARI ba="0,0" hai="53,59,63,68,69,71,96,99" m="42506,48681" machi="53" ten="40,2700,0" yaku="18,1,14,1" doraHai="42" who="3" fromWho="3" sc="240,-7,250,-13,250,-7,260,27" /><INIT seed="2,0,0,3,2,56" ten="233,237,243,287" oya="2" hai0="135,127,54,85,125,58,43,117,66,28,29,47,41" hai1="79,74,5,83,68,105,23,90,32,109,52,122,103" hai2="97,60,80,8,126,129,25,82,3,128,116,73,108" hai3="57,99,35,110,133,59,106,7,17,4,12,11,88"/><V113/><F116/><W1/><G35/><T22/><D117/><U39/><E32/><V75/><F113/><W107/><G110/><T49/><D135/><U48/><E39/><V87/><F126/><N who="0" m="48138" /><D85/><U38/><E38/><V70/><F108/><W55/><G133/><T45/><D22/><U95/><E109/><V51/><F25/><W16/><G59/><T62/><D28/><U30/><E68/><V27/><F27/><W93/><G17/><T14/><D14/><U111/><E111/><V119/><F51/><W37/><G37/><N who="0" m="21679" /><D29/><U102/><E5/><N who="2" m="1087" /><F97/><W33/><G33/><T104/><D104/><U86/><E105/><V134/><F134/><W121/><G7/><T44/><D44/><U53/><E30/><V13/><F13/><W6/><G4/><T19/><D19/><U50/><E23/><V69/><F119/><W77/><G107/><T2/><D2/><U65/><E74/><V115/><F75/><W114/><G106/><T34/><D34/><U76/><E83/><V10/><F80/><W94/><G6/><T118/><D118/><U72/><E72/><V123/><F73/><W36/><G1/><T21/><D21/><U26/><E26/><V0/><F0/><W81/><G81/><T63/><D63/><U92/><E86/><V131/><F10/><W91/><G11/><T46/><D47/><U15/><E15/><V101/><F82/><W67/><G12/><T112/><D112/><U20/><E20/><V24/><F24/><W18/><G18/><T96/><D96/><U130/><E79/><V98/><F115/><W100/><G114/><RYUUKYOKU ba="0,0" sc="233,30,237,-10,243,-10,287,-10" hai0="43,46,49,54,58,62,66" /><INIT seed="3,1,0,3,3,6" ten="263,227,233,277" oya="3" hai0="99,33,82,4,97,76,130,54,68,5,75,18,0" hai1="51,101,81,94,108,47,114,14,91,71,128,13,42" hai2="103,15,132,58,98,62,116,133,60,40,7,112,32" hai3="25,28,48,45,29,55,26,92,30,64,124,66,67"/><W46/><G124/><T118/><D118/><U10/><E114/><V65/><F112/><W121/><G121/><T80/><D68/><U52/><E71/><V131/><F116/><W120/><G120/><T123/><D33/><U1/><E108/><V125/><F32/><W34/><G34/><T23/><D123/><U107/><E128/><V9/><F131/><W50/><REACH who="3" step="1"/><G92/><REACH who="3" ten="263,227,233,267" step="2"/><T90/><D130/><U72/><E107/><V3/><F125/><W11/><G11/><T84/><D0/><U17/><E1/><V127/><F127/><W49/><G49/><T19/><D99/><N who="1" m="59639" /><E72/><V44/><F3/><W122/><G122/><T104/><D97/><U126/><E126/><V31/><F98/><W78/><G78/><T89/><D104/><U110/><E110/><V102/><F133/><W100/><G100/><T2/><D2/><U79/><E79/><V74/><F74/><W96/><G96/><T85/><D75/><U83/><E91/><V77/><F77/><W63/><G63/><T61/><D76/><U95/><E95/><V69/><F132/><W16/><G16/><N who="0" m="6187" /><D23/><U106/><E106/><V43/><F103/><W38/><G38/><T56/><AGARI ba="1,1" hai="4,5,54,56,61,80,82,84,85,89,90" m="6187" machi="56" ten="30,2000,0" yaku="8,1,54,1" doraHai="6" who="0" fromWho="0" sc="263,33,227,-6,233,-6,267,-11" /><INIT seed="4,0,0,4,2,77" ten="296,221,227,256" oya="0" hai0="40,34,42,116,28,16,100,106,126,12,47,71,50" hai1="101,27,72,24,82,45,36,70,112,66,109,68,118" hai2="85,41,38,75,97,6,30,132,9,88,67,29,63" hai3="79,133,4,7,128,1,33,103,92,64,129,120,23"/><T76/><D116/><U48/><E118/><V55/><F75/><W51/><G133/><T89/><D71/><U11/><E109/><V46/><F97/><N who="3" m="59815" /><G33/><T15/><D76/><U122/><E122/><V117/><F55/><W80/><G1/><T58/><D126/><U86/><E72/><V96/><F96/><W65/><G51/><T95/><D106/><U111/><E111/><V19/><F19/><W124/><G23/><N who="0" m="11655" /><D100/><U61/><E36/><V134/><F117/><W21/><G21/><T14/><D28/><U131/><E70/><V123/><F123/><W54/><G54/><N who="0" m="32087" /><D34/><U114/><E11/><V13/><F134/><W84/><G124/><T94/><D94/><U81/><E101/><V37/><F37/><W108/><G108/><T31/><D31/><U107/><E107/><V43/><F132/><W8/><G120/><T90/><D90/><N who="1" m="51535" /><E131/><V5/><F43/><N who="0" m="16426" /><D47/><U102/><E102/><V10/><F30/><W87/><G129/><T20/><D20/><U52/><E82/><N who="2" m="49207" /><F29/><W39/><G128/><T59/><D59/><U127/><E127/><V125/><F125/><W62/><G39/><T98/><AGARI ba="0,0" hai="14,15,89,95,98" m="16426,32087,11655" machi="98" ten="30,3000,0" yaku="8,1,54,1" doraHai="77" who="0" fromWho="0" sc="296,30,221,-10,227,-10,256,-10" owari="326,42.6,211,-28.9,217,-18.3,246,4.6" /></mjloggm>