<mjloggm ver="2.3"><GO type="225" lobby="0"/><UN n0="%E7%8A%B6%E6%85%8B%E9%BA%BB%E9%9B%80" n1="%E6%A1%9C%E8%8A%B1%E9%96%83%E3%80%85" n2="%E6%81%A5%E6%99%92%E3%81%97" n3="%E9%A6%AC%E5%BC%95%E7%81%AB%33" dan="18,16,16,16" rate="2245.47,2194.47,2069.09,2141.90" sx="M,M,M,M"/><TAIKYOKU oya="0"/><INIT seed="0,0,0,3,1,77" ten="250,250,250,250" oya="0" hai0="67,34,60,0,29,41,61,85,47,117,104,108,134" hai1="127,133,3,113,46,44,28,123,8,35,21,92,54" hai2="69,110,72,37,56,109,126,66,96,70,42,6,10" hai3="59,50,4,43,97,62,120,73,106,49,81,57,128"/><T100/><D117/><U23/><E123/><V94/><F72/><W9/><G120/><T84/><D0/><U24/><E127/><V78/><F126/><W83/><G128/><T122/><D122/><U65/><E133/><V75/><F56/><N who="3" m="21579" /><G73/><T91/><D134/><U13/><E65/><V131/><F131/><W101/><G106/><T40/><D108/><N who="2" m="41578" /><F66/><W7/><G62/><T18/><D18/><U111/><E111/><V39/><F78/><W63/><G63/><T19/><D19/><U45/><E113/><V58/><F58/><W26/><G26/><N who="0" m="18743" /><D61/><U16/><E92/><V118/><F75/><W12/><G4/><T105/><D105/><U20/><REACH who="1" step="1"/><E54/><REACH who="1" ten="250,240,250,250" step="2"/><V53/><F53/><W52/><G43/><T87/><D41/><U119/><E119/><V129/><F42/><W55/><G55/><T93/><D40/><U31/><E31/><V86/><F129/><W38/><G38/><T2/><D67/><U25/><E25/><V32/><F118/><W135/><G135/><T112/><D112/><U5/><AGARI ba="0,1" hai="3,5,8,13,16,20,21,23,24,28,35,44,45,46" machi="5" ten="30,8000,1" yaku="1,1,0,1,24,2,54,1,53,0" doraHai="77" doraHaiUra="132" who="1" fromWho="1" sc="250,-40,240,90,250,-20,250,-20" /><INIT seed="1,0,0,1,4,109" ten="210,330,230,230" oya="1" hai0="61,128,48,117,102,132,51,22,15,79,34,18,39" hai1="26,29,134,23,76,9,81,135,112,95,83,64,119" hai2="68,73,43,3,11,0,56,89,82,110,52,21,100" hai3="108,10,57,60,6,30,80,107,42,118,104,41,49"/><U98/><E119/><V55/><F110/><W78/><G108/><T5/><D117/><U125/><E125/><V77/><F68/><W70/><G118/><T85/><D39/><U88/><E64/><V106/><F43/><W35/><G70/><T44/><D34/><U126/><E126/><V59/><F21/><W97/><G41/><T105/><D128/><U130/><E130/><V123/><F123/><W27/><G97/><T24/><D132/><N who="1" m="50731" /><E9/><V90/><F100/><W1/><G49/><T114/><D114/><U120/><E120/><V53/><F106/><W28/><G28/><T92/><D105/><U74/><E83/><V47/><F47/><W19/><G19/><T25/><D61/><U72/><E72/><V65/><F65/><W122/><G42/><N who="0" m="24599" /><D5/><U50/><E50/><V111/><F111/><W7/><G7/><T75/><D75/><U91/><E91/><V63/><F11/><W62/><G62/><T46/><D79/><U36/><E36/><V37/><F37/><W8/><G8/><T2/><D2/><U103/><E103/><V87/><F90/><W4/><G4/><T16/><D18/><U31/><E29/><V84/><F73/><N who="3" m="43087" /><G122/><T116/><D116/><U67/><E67/><V71/><F71/><W131/><G131/><T32/><D32/><U99/><E99/><V40/><F40/><W121/><G121/><T127/><D127/><U13/><E13/><V86/><F77/><W20/><G35/><T45/><D102/><U33/><E33/><V66/><F0/><W133/><G133/><T113/><D51/><U17/><E31/><RYUUKYOKU ba="0,0" sc="210,-15,330,15,230,-15,230,15" hai1="17,23,26,74,76,81,88,95,98,112" hai3="1,6,10,20,27,30,57,60,104,107" /><INIT seed="1,1,0,0,5,76" ten="195,345,215,245" oya="1" hai0="3,2,125,58,83,4,33,86,40,6,41,10,129" hai1="131,91,43,70,112,126,82,68,100,110,54,23,104" hai2="119,18,62,30,87,94,127,20,1,99,64,12,80" hai3="16,60,66,72,115,109,0,53,133,36,57,37,14"/><U102/><E112/><V34/><F127/><W89/><G115/><T107/><D33/><U120/><E120/><V32/><F119/><W93/><G0/><T113/><D113/><U19/><E126/><V25/><F1/><W97/><G109/><T51/><D125/><U78/><E131/><V21/><F94/><W31/><G133/><T7/><D107/><U45/><E54/><V56/><REACH who="2" step="1"/><F99/><REACH who="2" ten="195,345,205,245" step="2"/><W84/><G97/><T15/><D3/><U52/><E104/><V26/><F26/><W121/><G121/><T135/><D2/><U29/><E110/><V117/><F117/><W13/><G13/><T101/><D135/><U8/><E70/><V47/><F47/><W124/><G124/><T50/><D129/><U22/><E68/><V95/><F95/><W73/><G93/><T105/><D105/><U55/><E45/><V128/><F128/><W77/><G14/><T103/><D58/><U114/><E114/><V5/><F5/><W134/><G57/><T81/><D7/><U79/><E100/><N who="0" m="38473" /><D6/><U71/><E102/><V122/><F122/><W24/><G24/><T98/><D98/><U28/><E71/><V130/><F130/><W108/><G108/><T69/><D69/><U35/><E28/><V61/><F61/><W74/><G60/><T67/><D4/><U123/><E29/><V38/><F38/><W85/><G36/><T90/><D15/><U59/><E123/><V106/><F106/><W111/><G37/><T96/><D96/><U11/><E59/><V42/><F42/><W63/><G111/><T75/><D40/><U17/><E43/><RYUUKYOKU ba="1,1" sc="195,-10,345,-10,205,30,245,-10" hai2="12,18,20,21,25,30,32,34,56,62,64,80,87" /><INIT seed="2,2,1,5,1,55" ten="185,335,235,235" oya="2" hai0="79,59,29,78,69,134,80,123,28,12,9,38,90" hai1="108,87,131,81,18,86,31,122,77,98,22,1,83" hai2="133,102,27,130,68,66,85,32,46,33,36,0,82" hai3="73,105,76,115,23,117,101,114,3,62,100,110,45"/><V25/><F0/><W63/><G117/><T104/><D69/><U112/><E112/><N who="3" m="43050" /><G110/><T111/><D123/><U15/><E108/><V93/><F33/><W14/><G3/><T26/><D104/><U75/><E122/><V125/><F32/><W124/><G124/><T30/><D38/><U37/><E37/><V70/><F125/><W113/><G113/><T74/><D134/><U64/><E131/><V47/><F36/><W95/><G105/><T8/><D111/><U34/><E64/><V88/><F133/><W127/><G127/><T126/><D126/><U60/><E60/><N who="3" m="23082" /><G45/><T67/><D67/><U96/><E75/><V118/><F118/><W72/><G76/><N who="0" m="29227" /><D74/><N who="3" m="28777" /><G95/><T84/><D26/><N who="1" m="16855" /><E1/><V132/><F132/><W89/><G89/><T119/><D119/><U11/><E34/><V128/><F66/><W97/><G97/><T16/><D8/><U51/><E51/><V61/><F61/><W41/><G41/><T2/><D2/><U4/><E4/><V40/><F46/><W91/><G91/><AGARI ba="2,1" hai="11,15,18,77,81,83,86,87,91,96,98" m="16855" machi="91" ten="30,1000,0" yaku="8,1" doraHai="55" who="1" fromWho="3" sc="185,0,335,26,235,0,235,-16" /><INIT seed="3,0,0,1,1,10" ten="185,361,235,219" oya="3" hai0="50,71,72,28,80,66,53,15,101,37,111,54,74" hai1="31,122,78,76,40,87,60,84,92,121,102,105,35" hai2="38,32,79,85,132,61,117,44,95,68,51,6,55" hai3="25,11,86,82,109,57,114,124,39,4,89,123,130"/><W46/><G114/><T113/><D111/><U88/><E40/><V73/><F32/><W115/><G115/><T104/><D113/><U33/><E60/><V0/><F117/><W77/><G123/><T83/><D37/><U98/><E33/><V75/><F132/><W49/><G124/><T56/><D28/><U127/><E127/><V21/><F21/><W110/><G130/><T63/><D74/><U29/><E29/><V69/><F69/><W34/><G39/><T20/><D72/><U100/><E100/><V112/><F112/><W36/><G36/><T23/><D23/><U58/><E58/><V96/><F38/><W90/><G57/><T59/><D101/><U30/><E30/><V131/><F131/><W16/><G25/><T14/><D104/><U47/><E47/><V116/><F44/><W125/><G125/><T107/><D107/><U13/><E31/><V19/><F68/><W65/><G65/><T45/><D71/><U134/><E35/><V8/><F75/><W24/><G24/><T22/><D22/><U2/><E2/><V48/><F0/><W106/><G106/><T97/><D97/><U7/><E134/><V64/><F96/><W129/><G129/><T9/><D20/><U42/><E121/><V133/><F133/><W128/><G128/><T93/><D93/><U70/><E70/><V108/><F95/><W135/><G135/><T91/><D91/><N who="3" m="34825" /><G34/><T94/><D94/><N who="1" m="54559" /><E122/><V103/><F103/><W27/><G27/><T99/><D99/><U3/><E98/><V1/><F1/><N who="3" m="399" /><G16/><N who="0" m="8271" /><D15/><U41/><E105/><V81/><F116/><RYUUKYOKU ba="0,0" sc="185,15,361,-15,235,-15,219,15" hai0="45,50,53,54,56,59,63,66,80,83" hai3="46,49,77,82,86,109,110" /><INIT seed="3,1,0,3,3,20" ten="200,346,220,234" oya="3" hai0="66,64,108,126,44,124,103,80,88,8,45,65,10" hai1="7,28,14,30,23,117,87,73,5,69,40,33,75" hai2="109,82,94,135,97,52,105,83,68,119,132,134,92" hai3="115,116,19,133,110,112,131,111,21,47,55,127,56"/><W72/><G116/><T123/><D108/><N who="3" m="41513" /><G72/><T46/><D103/><U11/><E69/><V84/><F109/><W43/><G127/><N who="0" m="48683" /><D123/><U6/><E33/><V32/><F32/><W51/><G133/><T4/><D4/><U15/><E40/><V39/><F39/><N who="3" m="22015" /><G131/><T59/><D59/><U77/><E117/><V49/><F68/><W48/><G48/><T90/><D80/><N who="2" m="30762" /><F119/><W74/><G74/><T76/><D76/><U50/><E15/><AGARI ba="1,0" hai="15,19,21,51,55,56,112,115" m="22015,41513" machi="15" ten="30,2900,0" yaku="14,1,10,1" doraHai="20" who="3" fromWho="1" sc="200,0,346,-32,220,0,234,32" /><INIT seed="3,2,0,1,0,87" ten="200,314,220,266" oya="3" hai0="29,6,128,68,73,22,111,118,124,77,71,100,106" hai1="90,59,103,44,135,96,58,53,72,133,82,120,85" hai2="34,24,115,56,119,63,108,125,134,45,3,129,41" hai3="15,16,13,79,27,30,36,89,40,116,88,67,101"/><W64/><G116/><T66/><D118/><U123/><E72/><V21/><F119/><W50/><G36/><T105/><D6/><U19/><E19/><V2/><F115/><W78/><G101/><T91/><D111/><U113/><E44/><V112/><F112/><W126/><G126/><T131/><D124/><U55/><E55/><V127/><F34/><W107/><G107/><N who="0" m="40971" /><D100/><U7/><E7/><V4/><F3/><W86/><G30/><T54/><D54/><U84/><E84/><V9/><F108/><W93/><G89/><T114/><D114/><U121/><E113/><V52/><F129/><N who="0" m="49738" /><D66/><N who="3" m="25129" /><G27/><N who="0" m="16631" /><D91/><U75/><E121/><V28/><REACH who="2" step="1"/><F134/><REACH who="2" ten="200,314,210,266" step="2"/><W51/><G15/><T81/><AGARI ba="2,1" hai="68,71,73,77,81" m="16631,49738,40971" machi="81" ten="40,1500,0" yaku="19,1" doraHai="87" who="0" fromWho="0" sc="200,31,314,-6,210,-6,266,-9" owari="231,-16.9,308,40.8,204,-29.6,257,5.7" /></mjloggm>