<mjloggm ver="2.3"><GO type="225" lobby="0"/><UN n0="%E3%81%BF%E3%81%BF%E3%81%9A" n1="%E3%81%AD%E3%82%80%E3%81%84%40%E9%9B%80%E9%B3%B4%E4%BC%9A" n2="%E3%83%A4%E3%83%89%E3%83%B3%E4%B8%B8" n3="%E8%A8%88%E7%AE%97%E6%A9%9F%E8%87%AA%E7%84%B6" dan="17,16,16,17" rate="2273.17,2201.25,2028.84,2189.27" sx="M,F,M,M"/><TAIKYOKU oya="0"/><INIT seed="0,0,0,2,2,44" ten="250,250,250,250" oya="0" hai0="103,52,4,51,85,108,65,79,6,58,109,127,83" hai1="35,71,57,91,50,31,66,8,128,13,75,41,118" hai2="121,105,102,100,129,111,126,19,62,99,61,113,64" hai3="104,82,46,122,5,74,101,0,67,12,43,28,25"/><T94/><D127/><U86/><E75/><V73/><F121/><W15/><G122/><T70/><D70/><U17/><E118/><V78/><F113/><W120/><G120/><T84/><D65/><U18/><E128/><V60/><F129/><W20/><G67/><T123/><D123/><U98/><E98/><V63/><F126/><W56/><G56/><T72/><D103/><U107/><E107/><V96/><F111/><N who="0" m="42570" /><D94/><U21/><E31/><V93/><F19/><W39/><G101/><T36/><D36/><U133/><E35/><V135/><F135/><W116/><G104/><T27/><D27/><U87/><E133/><V130/><F130/><W10/><REACH who="3" step="1"/><G116/><REACH who="3" ten="250,250,250,240" step="2"/><T88/><D88/><U54/><E91/><V124/><F124/><W80/><G80/><T47/><D58/><U76/><E66/><V34/><F64/><W53/><G53/><T132/><D132/><U37/><E71/><V23/><F105/><W114/><G114/><T134/><D134/><U22/><E57/><V81/><F100/><W40/><G40/><T77/><D79/><AGARI ba="0,1" hai="0,5,10,12,15,20,25,28,39,43,46,74,79,82" machi="79" ten="40,5200,0" yaku="1,1,25,2,53,0" doraHai="44" doraHaiUra="30" who="3" fromWho="0" sc="250,-52,250,0,250,0,240,62" /><INIT seed="1,0,0,4,3,56" ten="198,250,250,302" oya="1" hai0="78,94,40,126,71,105,49,104,20,16,114,130,12" hai1="6,85,99,133,22,36,41,101,124,135,107,38,11" hai2="58,19,3,24,54,0,93,95,34,127,112,35,7" hai3="47,108,87,59,118,25,14,1,43,15,62,97,37"/><U132/><E124/><V26/><F127/><W29/><G1/><T5/><D126/><U120/><E120/><V76/><F112/><W9/><G108/><T51/><D114/><U100/><E100/><V52/><F19/><W53/><G118/><T91/><D71/><U64/><E22/><V27/><F58/><W17/><G87/><T45/><D130/><U81/><E41/><V57/><F57/><W96/><REACH who="3" step="1"/><G15/><REACH who="3" ten="198,250,250,292" step="2"/><T113/><D113/><U44/><E85/><V63/><F26/><W128/><G128/><T66/><D78/><U121/><E121/><V79/><F7/><W131/><G131/><T129/><D129/><U39/><E6/><V119/><F119/><W60/><G60/><AGARI ba="0,1" hai="0,3,24,27,34,35,52,54,60,63,76,79,93,95" machi="60" ten="25,8000,1" yaku="22,2,52,2,54,1" doraHai="56" who="2" fromWho="3" sc="198,0,250,0,250,90,292,-80" /><INIT seed="2,0,0,4,2,58" ten="198,250,340,212" oya="2" hai0="46,95,98,13,133,60,73,96,15,94,57,2,93" hai1="14,59,125,6,53,23,45,123,118,30,89,44,3" hai2="12,66,126,18,54,119,68,114,92,40,134,22,103" hai3="27,72,107,70,17,7,99,85,5,97,64,84,10"/><V132/><F114/><W48/><G72/><T130/><D73/><U20/><E118/><V71/><F119/><W43/><G107/><T51/><D2/><U110/><E3/><V91/><F40/><W21/><G70/><T11/><D130/><U47/><E110/><V106/><F126/><W111/><G64/><N who="0" m="38927" /><D133/><N who="2" m="51306" /><F54/><W28/><G111/><T120/><D120/><U52/><E123/><V29/><F29/><W19/><G43/><N who="0" m="25055" /><D13/><U69/><E69/><V128/><F128/><W75/><G75/><T135/><D135/><U127/><E53/><V16/><F66/><W83/><G48/><T109/><D109/><U80/><E30/><V87/><F18/><AGARI ba="0,0" hai="11,15,18,93,94,95,96,98" m="25055,38927" machi="18" ten="30,2000,0" yaku="8,1,52,1" doraHai="58" who="0" fromWho="2" sc="198,20,250,0,340,-20,212,0" /><INIT seed="3,0,0,2,3,126" ten="218,250,320,212" oya="3" hai0="83,8,50,12,69,103,19,17,63,128,64,74,55" hai1="131,11,102,95,65,109,32,10,125,87,7,48,96" hai2="68,18,89,124,56,38,134,35,15,93,54,121,20" hai3="73,1,39,85,110,106,119,23,45,76,71,123,127"/><W60/><RYUUKYOKU type="yao9" ba="0,0" sc="218,0,250,0,320,0,212,0" hai3="1,23,39,45,60,71,73,76,85,106,110,119,123,127" /><INIT seed="3,1,0,5,1,42" ten="218,250,320,212" oya="3" hai0="35,23,65,133,10,60,128,123,11,95,48,17,72" hai1="84,61,43,33,86,109,44,134,129,74,9,103,112" hai2="40,88,8,30,121,64,50,16,31,29,108,54,102" hai3="25,0,125,58,67,77,85,115,99,113,6,18,26"/><W73/><G73/><T14/><D35/><U47/><E112/><V75/><F75/><W59/><G125/><T127/><D123/><U120/><E120/><V4/><F108/><W98/><G0/><T106/><D106/><U116/><E33/><V45/><F102/><W132/><G132/><T80/><D133/><U57/><E134/><V107/><F107/><W117/><G117/><T87/><D127/><U28/><E74/><V21/><F121/><W82/><G6/><T122/><D122/><U39/><E28/><V131/><F131/><W104/><G104/><T62/><D128/><U126/><E126/><V76/><F76/><W38/><G38/><T27/><D72/><U94/><E129/><V68/><F88/><W13/><G115/><T69/><D95/><U49/><E9/><V89/><F89/><W130/><G113/><T93/><D93/><U7/><E7/><V83/><F83/><W96/><G130/><T71/><D48/><U20/><E20/><V22/><F40/><W5/><G5/><T78/><D27/><N who="3" m="10249" /><G67/><AGARI ba="1,0" hai="10,11,14,17,23,60,62,65,67,69,71,78,80,87" machi="67" ten="40,1300,0" yaku="9,1" doraHai="42" who="0" fromWho="3" sc="218,16,250,0,320,0,212,-16" owari="234,-16.6,250,5.0,320,42.0,196,-30.4" /></mjloggm>