<mjloggm ver="2.3"><GO type="225" lobby="0"/><UN n0="%E6%81%A5%E6%99%92%E3%81%97" n1="%E3%82%A2%E3%83%9E%E3%83%9D%EF%BD%9E%EF%BD%9E%E3%83%A9" n2="%E6%A1%9C%E8%8A%B1%E9%96%83%E3%80%85" n3="%E3%83%81%E3%83%A7%E3%83%99%E3%83%83%E3%82%AF" dan="16,17,16,16" rate="2086.14,2076.74,2155.12,2125.31" sx="M,M,M,M"/><TAIKYOKU oya="0"/><INIT seed="0,0,0,2,0,40" ten="250,250,250,250" oya="0" hai0="58,84,24,88,87,94,108,86,114,69,82,123,10" hai1="68,75,54,103,72,65,89,59,49,35,39,67,34" hai2="7,48,97,2,129,8,52,55,42,18,57,26,124" hai3="51,73,125,106,116,113,5,6,44,3,77,131,53"/><T111/><D114/><U23/><E103/><V79/><F124/><W12/><G106/><T60/><D123/><U30/><E75/><V28/><F129/><W22/><G116/><T41/><D41/><U16/><E72/><V91/><F79/><W32/><G32/><T102/><D69/><U107/><E107/><V47/><F18/><W11/><G131/><T78/><D10/><U31/><E39/><V118/><F118/><W83/><G125/><T17/><D102/><U63/><E67/><V109/><F109/><N who="0" m="42058" /><D17/><U99/><E35/><V13/><F2/><W33/><G33/><T135/><D24/><N who="1" m="14439" /><E34/><V37/><F26/><W70/><G70/><T122/><D135/><U27/><E27/><V1/><F28/><W25/><G113/><T127/><D127/><U62/><E49/><V43/><F1/><W92/><G92/><AGARI ba="0,0" hai="30,31,54,59,62,63,65,68,89,92,99" m="14439" machi="92" ten="30,2000,0" yaku="25,1,54,1" doraHai="40" who="1" fromWho="3" sc="250,0,250,20,250,0,250,-20" /><INIT seed="1,0,0,4,5,58" ten="250,270,250,230" oya="1" hai0="122,21,56,108,78,129,49,54,45,127,99,52,100" hai1="121,82,14,7,55,103,42,116,120,98,31,118,95" hai2="23,43,18,17,106,83,74,101,79,104,92,112,109" hai3="123,77,90,64,57,29,1,35,48,0,4,60,131"/><U75/><E31/><V50/><F109/><W69/><G123/><N who="1" m="47178" /><E14/><V125/><F125/><W2/><G131/><T19/><D122/><U111/><E55/><V128/><F128/><W3/><G77/><T97/><D108/><U5/><E42/><V124/><F124/><W34/><G29/><T53/><D129/><U36/><E36/><V94/><F17/><W20/><G20/><T62/><D127/><U65/><E65/><V70/><F70/><W9/><REACH who="3" step="1"/><G90/><REACH who="3" ten="250,270,250,220" step="2"/><T61/><D78/><U73/><E111/><V30/><F30/><W114/><G114/><T63/><D100/><U13/><E103/><V133/><F112/><W117/><G117/><T15/><REACH who="0" step="1"/><D45/><REACH who="0" ten="240,270,250,220" step="2"/><U134/><E118/><V10/><F101/><W37/><G37/><T59/><D59/><U105/><E116/><V85/><F79/><W86/><G86/><T51/><D51/><U67/><E75/><V26/><F74/><W12/><G12/><T89/><D89/><U113/><E13/><V22/><F50/><W41/><G41/><T72/><D72/><U132/><E73/><V27/><F43/><W47/><G47/><T25/><D25/><U80/><E113/><V32/><F27/><W84/><G84/><T81/><D81/><U115/><E115/><V119/><F85/><W76/><G76/><T96/><AGARI ba="0,2" hai="15,19,21,49,52,53,54,56,61,62,63,96,97,99" machi="96" ten="30,12000,2" yaku="1,1,0,1,8,1,52,3,54,1,53,0" doraHai="58" doraHaiUra="66" who="0" fromWho="0" sc="240,140,270,-60,250,-30,220,-30" /><INIT seed="2,0,0,3,0,102" ten="380,210,220,190" oya="2" hai0="46,55,17,83,104,15,82,109,118,2,75,53,68" hai1="125,0,34,126,71,124,87,36,78,90,94,130,14" hai2="88,114,73,135,56,19,12,3,107,98,30,96,115" hai3="61,59,66,35,127,21,113,37,79,103,18,77,92"/><V40/><F3/><W67/><G37/><T111/><D2/><U106/><E130/><V57/><F73/><W64/><G35/><T60/><D118/><U85/><E0/><V63/><F30/><W95/><G127/><T97/><D68/><U108/><E108/><N who="0" m="41545" /><D46/><U13/><E106/><V74/><F74/><W80/><G113/><T132/><D132/><U10/><E34/><V42/><F135/><W5/><G5/><T16/><D17/><U58/><E71/><V110/><F110/><W6/><G6/><T11/><D60/><U81/><E36/><V121/><F121/><W129/><G129/><T123/><D83/><U1/><E58/><V41/><F57/><W86/><G79/><N who="0" m="44415" /><D123/><U131/><E131/><V48/><F48/><W84/><G84/><T76/><D76/><U51/><E51/><V65/><F19/><W24/><REACH who="3" step="1"/><G103/><AGARI ba="0,0" hai="11,15,16,53,55,97,103,104" m="44415,41545" machi="103" ten="30,3900,0" yaku="14,1,52,1,54,1" doraHai="102" who="0" fromWho="3" sc="380,39,210,0,220,0,190,-39" /><INIT seed="3,0,0,2,5,97" ten="419,210,220,151" oya="3" hai0="88,105,123,59,30,82,135,124,40,134,55,106,125" hai1="33,107,133,74,121,80,34,113,28,116,84,126,41" hai2="87,48,102,60,108,31,1,50,6,8,61,43,89" hai3="64,22,99,73,27,117,76,18,36,67,17,15,26"/><W112/><G112/><T119/><D123/><U110/><RYUUKYOKU type="yao9" ba="0,0" sc="419,0,210,0,220,0,151,0" hai1="28,33,34,41,74,80,84,107,110,113,116,121,126,133" /><INIT seed="3,1,0,5,1,28" ten="419,210,220,151" oya="3" hai0="92,73,100,121,86,47,14,69,32,48,22,38,115" hai1="71,10,46,65,58,63,116,78,1,19,15,66,43" hai2="113,104,2,117,87,27,129,128,55,134,94,26,97" hai3="89,8,127,59,132,25,114,41,105,95,79,85,111"/><W109/><G114/><T24/><D121/><U125/><E125/><V123/><F113/><W52/><G105/><T61/><D38/><U17/><E116/><V131/><F134/><W96/><G127/><T35/><D32/><U107/><E107/><V30/><F117/><W91/><G132/><T62/><D35/><U98/><E1/><V124/><F124/><W23/><G41/><T93/><D62/><U82/><E98/><V108/><F108/><N who="3" m="41547" /><G8/><T90/><D92/><U31/><E31/><V106/><F123/><W6/><G6/><T103/><D103/><U16/><E66/><V112/><F112/><W118/><G79/><T44/><D115/><U74/><E71/><V67/><F106/><W77/><G77/><T33/><D69/><U21/><E10/><V12/><F104/><W80/><G118/><T60/><D100/><U4/><E4/><V68/><F2/><W76/><G76/><T99/><D73/><U64/><E64/><V54/><F129/><W133/><G133/><T56/><D90/><U9/><E9/><V75/><F75/><W50/><G23/><T130/><D22/><U40/><E40/><V70/><F128/><W102/><G102/><T42/><D42/><U81/><E81/><V51/><F131/><W119/><G119/><T135/><D130/><U0/><E0/><V49/><F70/><W57/><G25/><T18/><D24/><U72/><E72/><V36/><F27/><W53/><G53/><T34/><D135/><U88/><E88/><V101/><F55/><W13/><G13/><T20/><D14/><U45/><E43/><RYUUKYOKU ba="1,0" sc="419,-15,210,15,220,-15,151,15" hai1="15,16,17,19,21,45,46,58,63,65,74,78,82" hai3="50,52,57,59,80,85,89,91,95,96" /><INIT seed="3,2,0,1,5,52" ten="404,225,205,166" oya="3" hai0="10,35,95,23,88,19,103,81,5,29,80,30,85" hai1="132,25,113,90,57,109,87,46,123,83,11,45,8" hai2="72,40,107,94,120,131,86,48,98,112,75,128,122" hai3="117,49,2,78,110,33,62,73,17,115,125,82,41"/><W104/><G115/><T4/><D35/><U37/><E123/><N who="2" m="47147" /><F112/><W63/><G117/><T7/><D10/><N who="1" m="3627" /><E37/><V65/><F65/><W36/><G2/><T60/><D60/><U84/><E109/><V100/><F48/><W124/><G36/><T101/><D81/><N who="1" m="49423" /><E132/><V105/><F40/><W67/><G104/><N who="2" m="40009" /><F86/><W15/><G33/><T97/><D103/><U50/><E25/><AGARI ba="2,0" hai="4,5,7,19,23,25,29,30,80,85,88,95,97,101" machi="25" ten="40,2600,0" yaku="8,1,54,1" doraHai="52" who="0" fromWho="1" sc="404,32,225,-32,205,0,166,0" owari="436,53.6,193,-20.7,205,0.5,166,-33.4" /></mjloggm>