<mjloggm ver="2.3"><GO type="225" lobby="0"/><UN n0="%E3%81%90%E3%81%A1%E3%82%84%E3%81%BE" n1="%E9%B4%A8%4E%45%47%49" n2="%E3%83%B4%E3%83%A0%EF%BC%99%E3%81%A6" n3="%E4%BF%BA%E3%81%A8%E5%A6%96%E5%A4%A2" dan="16,16,16,16" rate="2154.94,2077.39,2165.96,2133.46" sx="M,M,M,F"/><TAIKYOKU oya="0"/><INIT seed="0,0,0,3,0,48" ten="250,250,250,250" oya="0" hai0="102,51,16,22,130,67,5,84,17,2,10,113,42" hai1="9,131,33,63,35,64,127,41,61,43,30,95,125" hai2="65,23,90,57,68,8,116,45,115,62,44,104,39" hai3="98,96,112,83,77,15,80,120,20,81,124,78,74"/><T128/><D113/><U100/><E131/><N who="0" m="50217" /><D102/><U11/><E95/><V111/><F115/><W50/><G112/><T133/><D133/><U66/><E30/><V58/><F104/><W3/><G3/><T4/><D67/><U91/><E91/><V24/><F111/><W85/><G124/><T88/><D5/><U12/><E12/><V29/><F116/><W52/><G120/><T73/><D73/><U117/><REACH who="1" step="1"/><E100/><REACH who="1" ten="250,240,250,250" step="2"/><V25/><F90/><W87/><G80/><N who="0" m="49159" /><D22/><U114/><E114/><V105/><F23/><W7/><G74/><T31/><D31/><U129/><E129/><V72/><F29/><W126/><G126/><T122/><D122/><U36/><E36/><V47/><F39/><W123/><G123/><T92/><D92/><U97/><E97/><V46/><F8/><N who="3" m="4511" /><G20/><T76/><D76/><U53/><E53/><V1/><F1/><W32/><G32/><T69/><D69/><U21/><E21/><V55/><F68/><W38/><G38/><T106/><D106/><U118/><AGARI ba="0,1" hai="9,11,33,35,41,43,61,63,64,66,117,118,125,127" machi="118" ten="25,6400,0" yaku="1,1,0,1,22,2,53,0" doraHai="48" doraHaiUra="89" who="1" fromWho="1" sc="250,-32,240,74,250,-16,250,-16" /><INIT seed="1,0,0,1,5,96" ten="218,314,234,234" oya="1" hai0="74,88,0,24,101,37,5,67,132,117,19,113,38" hai1="7,124,94,109,91,116,80,64,129,52,49,93,106" hai2="62,29,6,133,110,125,53,72,45,114,69,26,58" hai3="11,82,18,99,73,84,121,17,59,16,120,61,100"/><U14/><E116/><V34/><F72/><W31/><G73/><T103/><D113/><U3/><E3/><V12/><F114/><W55/><G31/><T2/><D117/><U56/><E124/><V75/><F75/><W107/><REACH who="3" step="1"/><G11/><REACH who="3" ten="218,314,234,224" step="2"/><T98/><D74/><U71/><E129/><V13/><F29/><W77/><AGARI ba="0,1" hai="16,17,18,55,59,61,77,82,84,99,100,107,120,121" machi="77" ten="30,8000,1" yaku="1,1,2,1,0,1,52,1,54,1,53,0" doraHai="96" doraHaiUra="105" who="3" fromWho="3" sc="218,-20,314,-40,234,-20,224,90" /><INIT seed="2,0,0,2,1,102" ten="198,274,214,314" oya="2" hai0="128,100,47,116,30,126,132,50,127,41,56,67,19" hai1="5,87,22,40,74,64,49,1,2,53,103,88,99" hai2="75,43,9,39,45,82,77,6,44,105,120,46,28" hai3="24,106,66,14,18,79,54,111,131,107,97,15,25"/><V78/><F120/><W65/><G79/><T104/><D128/><U42/><E74/><V0/><F28/><W93/><G131/><T60/><D132/><U92/><E64/><V36/><F36/><W133/><G133/><T118/><D30/><U83/><E22/><V110/><F110/><W35/><G35/><T86/><D86/><U81/><E5/><V27/><F27/><W98/><G93/><T134/><D19/><U96/><E2/><V34/><F34/><W90/><G90/><T85/><D85/><U52/><E1/><V10/><F77/><W101/><G54/><N who="1" m="21098" /><E49/><V68/><F68/><W124/><G101/><T55/><D134/><U11/><E11/><V37/><F37/><W80/><G80/><N who="1" m="30794" /><E103/><V109/><F109/><W59/><G59/><T121/><D121/><U63/><E63/><V57/><F57/><W71/><G111/><T108/><D108/><U29/><E29/><V3/><F105/><W135/><G135/><T70/><D104/><U23/><E23/><V4/><AGARI ba="0,0" hai="0,3,4,6,9,10,39,43,44,45,46,75,78,82" machi="4" ten="30,11700,0" yaku="0,1,9,1,25,2" doraHai="102" who="2" fromWho="2" sc="198,-39,274,-39,214,117,314,-39" /><INIT seed="2,1,0,5,5,15" ten="159,235,331,275" oya="2" hai0="71,29,8,17,42,101,44,0,24,106,57,89,25" hai1="9,126,55,48,107,53,5,120,73,98,90,117,33" hai2="132,2,80,124,18,38,125,94,1,4,60,37,65" hai3="128,87,127,83,58,52,61,133,99,47,50,39,115"/><V122/><F122/><W27/><G127/><N who="2" m="48713" /><F132/><W116/><G133/><T46/><D71/><U40/><E126/><V104/><F104/><W100/><G116/><T81/><D101/><U121/><E73/><V74/><F94/><W59/><G128/><T20/><D106/><U96/><E33/><V16/><F80/><W119/><G119/><T109/><D109/><U111/><E111/><V3/><F4/><W110/><G110/><T123/><D123/><N who="1" m="47179" /><E117/><V118/><F74/><W19/><G39/><N who="2" m="14857" /><F118/><W129/><G129/><T7/><D57/><AGARI ba="1,0" hai="1,2,3,16,18,57,60,65" m="14857,48713" machi="57" ten="40,12000,1" yaku="18,1,52,2,54,1" doraHai="15" who="2" fromWho="0" sc="159,-123,235,0,331,123,275,0" /><INIT seed="2,2,0,5,0,123" ten="36,235,454,275" oya="2" hai0="40,37,1,6,50,22,87,68,54,111,3,60,122" hai1="29,114,97,75,103,99,129,13,55,126,25,23,47" hai2="91,14,98,79,118,52,70,27,45,120,88,0,33" hai3="63,81,116,64,58,8,24,130,80,26,28,30,65"/><V16/><F0/><W102/><G116/><T84/><D122/><U73/><E114/><V46/><F120/><W41/><G130/><T101/><D101/><U18/><E129/><V49/><F70/><W20/><G102/><T83/><D22/><U4/><E126/><V112/><F112/><W86/><G41/><T107/><D107/><U82/><E4/><V74/><F118/><W72/><G72/><T66/><D6/><U21/><E82/><V131/><F131/><W36/><G36/><T34/><D34/><U76/><E76/><V15/><F74/><W11/><G65/><T2/><D83/><U48/><REACH who="1" step="1"/><E97/><REACH who="1" ten="36,225,454,275" step="2"/><V117/><F79/><W105/><G80/><T61/><D111/><U113/><E113/><V128/><F128/><W51/><G105/><AGARI ba="2,1" hai="13,18,21,23,25,29,47,48,55,73,75,99,103,105" machi="105" ten="30,2000,0" yaku="1,1,7,1,53,0" doraHai="123" doraHaiUra="62" who="1" fromWho="3" sc="36,0,225,36,454,0,275,-26" /><INIT seed="3,0,0,5,1,65" ten="36,261,454,249" oya="3" hai0="126,119,27,116,88,81,29,38,123,6,24,135,98" hai1="112,92,7,110,86,51,33,25,85,18,13,21,44" hai2="69,128,84,9,132,53,61,72,1,34,14,59,5" hai3="2,54,11,58,101,94,46,115,10,15,17,102,97"/><W63/><G115/><T78/><D38/><U47/><E110/><V99/><F72/><W106/><G106/><T0/><D29/><U121/><E121/><V23/><F34/><W103/><G2/><T8/><D24/><U3/><E112/><V117/><F117/><W129/><G129/><T49/><D27/><U120/><E92/><V90/><F128/><W130/><G130/><T31/><D31/><N who="1" m="19695" /><E47/><V109/><F132/><W41/><REACH who="3" step="1"/><G10/><REACH who="3" ten="36,261,454,239" step="2"/><T39/><D135/><U100/><E120/><V67/><F9/><W89/><G89/><T134/><D123/><U111/><E100/><V77/><F90/><W56/><G56/><T60/><D134/><U108/><E111/><V79/><F59/><W66/><G66/><T87/><D126/><U55/><E108/><V73/><F67/><W70/><G70/><T76/><D39/><AGARI ba="0,1" hai="11,15,17,39,41,46,54,58,63,94,97,101,102,103" machi="39" ten="30,2900,0" yaku="1,1,7,1,53,0" doraHai="65" doraHaiUra="62" who="3" fromWho="0" sc="36,-29,261,0,454,0,239,39" /><INIT seed="3,1,0,0,1,5" ten="7,261,454,278" oya="3" hai0="52,58,121,20,101,70,100,62,87,21,117,107,118" hai1="110,134,61,45,132,22,47,9,3,135,41,111,114" hai2="64,32,11,127,50,83,31,8,88,90,133,29,0" hai3="126,15,49,25,56,109,46,96,28,104,23,1,67"/><W69/><G69/><T85/><D70/><U113/><E22/><V94/><F0/><W97/><G1/><T6/><D6/><N who="1" m="1247" /><E61/><V79/><F64/><W35/><G126/><T65/><D65/><U86/><E86/><N who="2" m="48511" /><F133/><N who="1" m="34049" /><U27/><DORA hai="89" /><E27/><N who="2" m="18495" /><F50/><W18/><G109/><N who="1" m="41482" /><E47/><V43/><F90/><W59/><G104/><T34/><D62/><U71/><E71/><V39/><F94/><W13/><G67/><T10/><D10/><U125/><E125/><V42/><F43/><W36/><G36/><AGARI ba="1,0" hai="36,41,45,113,114" m="41482,34049,1247" machi="36" ten="40,8000,1" yaku="20,1,14,1,23,1,52,1" doraHai="5,89" who="1" fromWho="3" sc="7,0,261,83,454,0,278,-83" owari="7,-49.3,344,14.4,454,55.4,195,-20.5" /></mjloggm>