<mjloggm ver="2.3"><GO type="225" lobby="0"/><UN n0="%E5%91%A8%E6%9D%B1" n1="%E3%81%BE%E3%81%A8%E3%81%9F" n2="%E6%B8%A9%E2%98%85%E6%83%85%E2%98%85%E6%8E%AA%E2%98%85%E7%BD%AE" n3="%33%74%72%65%65" dan="17,16,17,16" rate="2261.92,2148.52,2201.02,2160.91" sx="M,M,M,F"/><TAIKYOKU oya="0"/><INIT seed="0,0,0,4,0,116" ten="250,250,250,250" oya="0" hai0="68,13,120,71,114,28,133,12,83,44,17,109,126" hai1="118,60,132,103,91,124,131,89,99,49,8,101,111" hai2="97,102,25,33,16,86,4,85,134,29,67,2,51" hai3="105,115,87,90,75,23,95,121,27,104,48,129,54"/><T112/><D133/><U34/><E118/><V119/><F119/><W63/><G115/><T20/><D126/><U0/><E34/><V38/><F38/><W39/><G129/><T82/><D28/><U6/><E131/><V84/><F134/><W56/><G39/><T53/><D44/><U21/><E132/><V64/><F51/><W65/><G75/><T45/><D45/><U22/><E49/><V79/><F79/><W122/><G105/><T52/><D20/><U76/><E103/><V14/><F4/><W35/><G104/><T55/><D17/><U108/><E76/><V5/><F2/><W106/><G106/><T66/><D66/><U10/><E10/><V41/><F5/><W50/><G35/><T9/><D9/><U69/><E21/><V100/><F41/><W73/><G73/><T70/><D120/><N who="3" m="46185" /><G65/><T3/><D3/><U77/><E0/><V96/><F102/><W26/><G26/><T18/><D18/><AGARI ba="0,0" hai="18,23,27,48,50,54,56,63,87,90,95" m="46185" machi="18" ten="30,7700,0" yaku="13,1,52,3" doraHai="116" who="3" fromWho="0" sc="250,-77,250,0,250,0,250,77" /><INIT seed="1,0,0,4,0,91" ten="173,250,250,327" oya="1" hai0="73,12,89,5,92,36,86,3,26,46,108,85,63" hai1="103,22,54,112,126,1,8,34,134,51,9,77,38" hai2="135,120,17,102,40,82,88,66,67,123,121,18,116" hai3="117,30,57,25,113,59,60,71,80,75,33,107,99"/><U124/><E112/><V76/><F116/><W69/><G113/><T19/><D73/><U43/><E34/><V110/><F110/><W13/><G117/><T20/><D108/><U79/><E134/><V55/><F135/><W61/><G13/><T131/><D131/><U23/><E103/><V98/><F40/><W10/><G10/><N who="1" m="4202" /><E43/><V2/><F2/><W96/><G75/><T14/><D3/><U62/><E62/><V105/><F55/><W111/><G111/><T48/><D5/><U11/><E11/><V27/><F27/><W35/><G107/><T70/><D36/><U32/><E32/><V50/><F50/><W115/><G25/><T29/><D29/><U7/><E38/><V87/><REACH who="2" step="1"/><F76/><REACH who="2" ten="173,250,240,327" step="2"/><N who="1" m="29257" /><E1/><V68/><F68/><W45/><G115/><T133/><D133/><U100/><E7/><V44/><F44/><W65/><G45/><T74/><D74/><U31/><E54/><V0/><F0/><W93/><G71/><T64/><REACH who="0" step="1"/><D86/><REACH who="0" ten="163,250,240,327" step="2"/><U39/><E39/><V24/><F24/><W122/><G30/><T78/><D78/><U90/><E31/><V97/><F97/><W128/><G96/><T16/><D16/><AGARI ba="0,2" hai="16,17,18,66,67,82,87,88,98,102,105,120,121,123" machi="16" ten="40,5200,0" yaku="1,1,54,2,53,0" doraHai="91" doraHaiUra="37" who="2" fromWho="0" sc="163,-52,250,0,240,72,327,0" /><INIT seed="2,0,0,1,1,59" ten="111,250,312,327" oya="2" hai0="23,129,114,31,125,46,88,111,44,93,69,131,122" hai1="106,1,40,97,48,77,81,11,36,54,94,30,34" hai2="124,128,71,26,41,8,0,105,57,39,132,3,21" hai3="83,50,9,16,42,79,89,92,102,91,74,28,22"/><V62/><F105/><W58/><G28/><T98/><D69/><U127/><E106/><V76/><F71/><W70/><G70/><T108/><D122/><U109/><E109/><N who="0" m="42057" /><D114/><U96/><E30/><V38/><F132/><W112/><G112/><T55/><D125/><U24/><E24/><V15/><F76/><W43/><G9/><T87/><D31/><U72/><E34/><V4/><F124/><W37/><G37/><T33/><D33/><U107/><E107/><V7/><F128/><N who="0" m="49226" /><D23/><U85/><E127/><V110/><F41/><W61/><G43/><T103/><D55/><U80/><E40/><V68/><F68/><W29/><G29/><T119/><D119/><U47/><E36/><V17/><F110/><W35/><G35/><T134/><D134/><U27/><E27/><V84/><F26/><W118/><G118/><T45/><D45/><U130/><E130/><V66/><F84/><W95/><G42/><T53/><D53/><U78/><E54/><V82/><F82/><AGARI ba="0,0" hai="44,46,82,87,88,93,98,103" m="49226,42057" machi="82" ten="30,3900,0" yaku="14,1,19,1,54,1" doraHai="59" who="0" fromWho="2" sc="111,39,250,0,312,-39,327,0" /><INIT seed="3,0,0,3,4,53" ten="150,250,273,327" oya="3" hai0="130,55,105,71,110,135,123,97,27,116,91,49,25" hai1="11,46,86,37,134,102,77,10,126,87,42,26,85" hai2="67,21,119,99,121,45,18,2,50,24,107,114,83" hai3="89,95,93,38,4,32,120,60,118,6,39,7,36"/><W104/><G118/><T31/><D123/><U127/><E77/><V63/><F119/><W43/><G120/><T94/><D116/><U128/><E128/><V113/><F121/><W131/><G104/><T61/><D130/><U111/><E111/><V44/><F2/><W58/><G131/><T13/><D110/><U0/><E134/><V124/><F124/><W68/><G68/><T132/><D105/><U125/><E0/><V133/><F83/><W51/><G32/><T59/><D13/><U109/><E109/><V80/><F80/><W82/><G82/><T129/><D129/><U73/><E73/><V41/><F133/><W84/><G51/><T54/><D27/><U17/><REACH who="1" step="1"/><E102/><REACH who="1" ten="150,240,273,327" step="2"/><V122/><F122/><W29/><G29/><T96/><D96/><U70/><E70/><V16/><F99/><W62/><G84/><T69/><D135/><U14/><E14/><V56/><F107/><W112/><G112/><T40/><D132/><U35/><E35/><V72/><F72/><W64/><G89/><T75/><D75/><U28/><E28/><N who="2" m="17423" /><F114/><W52/><G93/><T92/><D94/><U1/><E1/><V74/><F74/><W22/><G95/><T12/><D12/><U90/><E90/><V106/><F106/><W88/><G88/><T98/><D98/><U81/><E81/><V20/><F113/><W34/><G34/><T33/><REACH who="0" step="1"/><D40/><REACH who="0" ten="140,240,273,327" step="2"/><U108/><E108/><V8/><F41/><W19/><G43/><T103/><D103/><U100/><E100/><V57/><F8/><W5/><G5/><T15/><D15/><U66/><E66/><RYUUKYOKU ba="0,2" sc="140,15,240,15,273,-15,327,-15" hai0="25,31,33,49,54,55,59,61,69,71,91,92,97" hai1="10,11,17,26,37,42,46,85,86,87,125,126,127" owari="155,-34.5,255,-14.5,258,5.8,332,43.2" /></mjloggm>