<mjloggm ver="2.3"><GO type="225" lobby="0"/><UN n0="%E5%B0%8F%E9%B3%A5%E9%81%8A%E7%B7%B4%E7%84%A1%32%31%E6%AD%B3" n1="%E4%B8%89%E5%88%86%E5%B0%8F%E5%83%A7" n2="%E5%A4%8F%E9%88%B4%E9%88%B4%E5%A4%8F" n3="%E3%83%A9%E3%83%BC%E3%83%A1%E3%83%B3%E4%BA%94%E9%83%8E" dan="16,16,16,16" rate="2167.46,2082.66,2155.04,2122.07" sx="F,M,F,M"/><TAIKYOKU oya="0"/><INIT seed="0,0,0,4,5,25" ten="250,250,250,250" oya="0" hai0="36,43,85,99,89,51,95,133,109,41,84,22,20" hai1="44,59,130,18,62,38,94,78,135,73,48,45,49" hai2="16,67,32,46,111,30,96,64,118,26,47,70,115" hai3="119,128,55,107,12,17,91,61,13,127,29,4,110"/><T81/><D133/><U53/><E73/><V114/><F111/><W21/><G119/><T54/><D36/><U27/><E78/><V113/><F118/><W65/><G107/><T3/><D3/><U79/><E79/><V34/><F34/><W66/><G110/><T0/><D0/><U11/><E38/><V83/><F83/><W93/><G128/><T75/><D75/><U121/><E121/><V132/><F132/><W71/><G127/><T100/><D84/><U101/><E130/><V10/><F96/><W9/><G66/><T103/><D103/><U117/><E135/><V42/><F70/><W77/><G77/><T35/><D35/><U106/><E106/><V60/><F60/><W80/><G80/><T31/><D20/><N who="1" m="13719" /><E11/><V28/><F28/><W33/><G55/><T97/><D97/><N who="1" m="59575" /><E117/><V129/><F129/><W2/><G2/><T14/><D109/><U108/><E108/><V126/><F126/><W15/><G33/><T7/><D7/><U82/><E82/><V104/><F104/><W23/><G23/><T1/><D1/><U50/><AGARI ba="0,0" hai="44,45,48,49,50,53,59,62" m="59575,13719" machi="50" ten="30,1100,0" yaku="8,1" doraHai="25" who="1" fromWho="1" sc="250,-5,250,11,250,-3,250,-3" /><BYE who="3" /><UN n3="%E3%83%A9%E3%83%BC%E3%83%A1%E3%83%B3%E4%BA%94%E9%83%8E" /><INIT seed="1,0,0,0,0,121" ten="245,261,247,247" oya="1" hai0="120,47,36,22,86,8,80,68,43,65,3,26,76" hai1="1,90,134,33,85,89,19,46,112,62,105,72,110" hai2="54,49,20,5,41,27,60,13,10,11,9,74,135" hai3="106,130,14,7,23,122,69,50,118,111,38,95,88"/><U113/><E72/><V44/><F74/><W70/><G38/><T64/><D68/><U17/><E105/><V57/><REACH who="2" step="1"/><F135/><REACH who="2" ten="245,261,237,247" step="2"/><W96/><G122/><T53/><D120/><U83/><E134/><V82/><F82/><W34/><G118/><T66/><D53/><U84/><E112/><V131/><F131/><W48/><G130/><T29/><D65/><U133/><E113/><V67/><F67/><W51/><G69/><T4/><AGARI ba="0,1" hai="3,4,8,22,26,29,36,43,47,64,66,76,80,86" machi="4" ten="30,1100,0" yaku="0,1" doraHai="121" who="0" fromWho="0" sc="245,21,261,-5,237,-3,247,-3" /><INIT seed="2,0,0,4,0,60" ten="266,256,234,244" oya="2" hai0="26,74,6,79,28,129,122,112,56,131,68,11,86" hai1="39,132,45,51,69,31,40,12,66,38,0,121,21" hai2="32,91,2,43,123,118,106,57,80,103,96,130,70" hai3="116,98,46,37,92,115,47,55,117,48,35,135,75"/><V127/><F123/><W109/><G75/><T29/><D68/><U102/><E0/><V107/><F118/><W90/><G35/><T58/><D74/><U83/><E132/><V124/><F70/><W22/><G135/><T114/><D122/><U84/><E121/><V33/><F2/><W99/><G109/><T13/><D79/><U64/><E102/><V108/><F108/><W19/><G115/><N who="0" m="44075" /><D86/><U94/><E94/><V72/><F43/><W14/><REACH who="3" step="1"/><G99/><REACH who="3" ten="266,256,234,234" step="2"/><T113/><D113/><U101/><E101/><V18/><F72/><W111/><G111/><T42/><D129/><U105/><E105/><V134/><F107/><W128/><G128/><T87/><D131/><U17/><E39/><V85/><F130/><W50/><G50/><T52/><D87/><U76/><E38/><V95/><F134/><W9/><G9/><T25/><D11/><N who="1" m="6303" /><E69/><V7/><F106/><W23/><G23/><T49/><D49/><U88/><E76/><V4/><F32/><W89/><G89/><T20/><D20/><U53/><E40/><AGARI ba="0,1" hai="14,19,22,37,40,46,47,48,55,90,92,98,116,117" machi="40" ten="40,1300,0" yaku="1,1,53,0" doraHai="60" doraHaiUra="3" who="3" fromWho="1" sc="266,0,256,-13,234,0,234,23" /><INIT seed="3,0,0,0,5,81" ten="266,243,234,257" oya="3" hai0="36,49,80,92,17,126,14,44,24,129,28,58,125" hai1="37,62,48,77,41,87,1,105,123,30,89,124,115" hai2="86,3,91,134,34,127,18,32,33,96,104,22,122" hai3="103,110,26,97,120,94,27,90,59,82,21,93,113"/><W53/><G113/><T16/><D129/><U23/><E115/><V45/><F134/><W61/><G120/><T68/><D68/><U79/><E37/><V88/><F122/><W9/><G110/><T8/><D36/><U118/><E1/><V29/><F127/><N who="0" m="48650" /><D92/><U114/><E105/><V13/><F3/><W135/><G135/><T65/><D65/><U108/><E123/><V39/><F29/><W70/><G70/><T75/><D58/><U73/><E108/><V95/><F104/><W74/><G9/><T0/><D0/><U12/><E114/><V131/><F131/><W119/><G119/><T83/><D17/><N who="1" m="10663" /><E73/><V71/><F71/><W72/><G82/><T66/><D66/><U54/><E118/><V4/><F4/><W78/><G78/><N who="1" m="29706" /><E124/><V106/><F106/><W10/><G10/><T55/><D75/><U112/><E112/><V6/><F6/><W46/><G72/><T116/><D116/><U56/><E30/><V57/><F57/><W100/><G74/><T5/><D5/><U111/><E111/><V25/><F25/><N who="3" m="9227" /><G46/><T107/><D107/><U20/><E20/><AGARI ba="0,0" hai="8,14,16,20,24,28,44,49,55,80,83" m="48650" machi="20" ten="30,2000,0" yaku="18,1,54,1" doraHai="81" who="0" fromWho="1" sc="266,20,243,-20,234,0,257,0" /><INIT seed="4,0,0,0,5,46" ten="286,223,234,257" oya="0" hai0="130,126,66,11,111,91,95,49,27,129,83,61,51" hai1="4,8,1,109,105,6,54,121,93,70,29,48,80" hai2="96,45,133,73,78,68,117,23,34,86,76,77,103" hai3="52,18,89,74,10,13,97,85,32,17,24,21,3"/><T64/><D126/><U122/><E70/><V63/><F34/><W119/><G119/><T43/><D83/><U131/><E105/><V81/><F117/><W87/><G74/><T50/><D111/><U108/><E131/><N who="0" m="50185" /><D27/><U107/><E107/><V33/><F33/><W20/><G32/><T84/><D11/><U65/><E65/><N who="0" m="25193" /><D61/><U30/><E6/><V72/><F63/><W101/><G3/><T40/><AGARI ba="0,0" hai="40,43,49,50,51,84,91,95" m="25193,50185" machi="40" ten="40,12000,1" yaku="19,1,52,3" doraHai="46" who="0" fromWho="0" sc="286,120,223,-40,234,-40,257,-40" owari="406,50.6,183,-31.7,194,-20.6,217,1.7" /></mjloggm>