<mjloggm ver="2.3"><GO type="225" lobby="0"/><UN n0="%E3%83%A9%E3%83%BC%E3%83%A1%E3%83%B3%E4%BA%94%E9%83%8E" n1="%E3%83%96%E3%83%83%E3%83%91%E3%82%AA%E3%83%96%E3%83%81%E3%82%AD%E3%83%B3" n2="%E6%A1%9C%E8%8A%B1%E9%96%83%E3%80%85" n3="%E3%83%A9%E3%82%B9%E7%8E%87%EF%BC%93%E5%89%B2" dan="16,16,17,17" rate="2165.45,2119.63,2172.85,2193.94" sx="M,M,M,F"/><TAIKYOKU oya="0"/><INIT seed="0,0,0,3,1,26" ten="250,250,250,250" oya="0" hai0="67,93,116,61,5,110,130,121,21,57,17,41,108" hai1="1,29,95,50,33,103,60,53,15,124,101,10,70" hai2="100,62,28,49,42,8,123,86,122,90,2,92,94" hai3="117,23,48,55,132,71,16,18,43,38,98,22,25"/><T54/><D116/><U112/><E1/><V128/><F128/><W68/><G132/><T85/><D121/><U0/><E0/><V88/><F100/><W73/><G73/><T72/><D72/><U66/><E124/><V134/><F134/><W9/><G117/><T74/><D74/><U99/><E112/><V11/><F62/><W6/><G43/><T34/><D34/><U19/><E33/><V24/><F2/><W96/><G38/><T40/><D130/><U47/><REACH who="1" step="1"/><E103/><REACH who="1" ten="250,240,250,250" step="2"/><V109/><F122/><W32/><G32/><T133/><D133/><U119/><E119/><V89/><F123/><W35/><G35/><T83/><D110/><U27/><E27/><V84/><F109/><W131/><G131/><T113/><D108/><U115/><E115/><V78/><F90/><W36/><G71/><T114/><D114/><U120/><E120/><V126/><F126/><W58/><G68/><T64/><D113/><U45/><E45/><N who="2" m="25783" /><F78/><W129/><G129/><T79/><D79/><U87/><E87/><V127/><F127/><W52/><G36/><T37/><D37/><U97/><E97/><V135/><F135/><W118/><G118/><T111/><D111/><U82/><E82/><V30/><F24/><N who="3" m="14407" /><G55/><T105/><D54/><U3/><E3/><V7/><F7/><W56/><G56/><T65/><D5/><U4/><E4/><V51/><F89/><W20/><G20/><T14/><D57/><U46/><E46/><V69/><F69/><W77/><G77/><T91/><D21/><U13/><E13/><AGARI ba="0,1" hai="6,9,13,18,23,25,48,52,58,96,98" m="14407" machi="13" ten="30,3900,0" yaku="8,1,54,2" doraHai="26" who="3" fromWho="1" sc="250,0,240,-39,250,0,250,49" /><INIT seed="1,0,0,4,4,87" ten="250,201,250,299" oya="1" hai0="104,30,60,113,0,59,114,118,22,125,92,56,29" hai1="106,65,37,66,3,1,19,6,8,133,131,93,91" hai2="117,76,82,108,68,100,128,20,17,89,97,80,55" hai3="86,15,134,123,54,27,129,70,75,11,64,90,34"/><U83/><E106/><V50/><F117/><W84/><G75/><T121/><D118/><U105/><E105/><V96/><F108/><W110/><G110/><T53/><D104/><U99/><E131/><V63/><F128/><W10/><G123/><T7/><D121/><U28/><E133/><V85/><F100/><W18/><G86/><T112/><D125/><U45/><E28/><V40/><F40/><W98/><G134/><T26/><D59/><U107/><E107/><V74/><F63/><W119/><G98/><T9/><REACH who="0" step="1"/><D92/><REACH who="0" ten="240,201,250,299" step="2"/><U44/><E3/><V13/><REACH who="2" step="1"/><F68/><REACH who="2" ten="240,201,240,299" step="2"/><W41/><G70/><T73/><D73/><U130/><E130/><V120/><F120/><W5/><G119/><T33/><D33/><U43/><E83/><V35/><F35/><W62/><G34/><T122/><D122/><U127/><E127/><V49/><F49/><W72/><G72/><T78/><D78/><U109/><E109/><V51/><F51/><W135/><G129/><T52/><D52/><U126/><E126/><V48/><F48/><W115/><G54/><T101/><D101/><U81/><E81/><V77/><F77/><W103/><G103/><T79/><D79/><U102/><E102/><V4/><F4/><W57/><G135/><T31/><AGARI ba="0,2" hai="0,7,9,22,26,29,30,31,53,56,60,112,113,114" machi="31" ten="40,2700,0" yaku="1,1,0,1,53,0" doraHai="87" doraHaiUra="39" who="0" fromWho="0" sc="240,47,201,-13,240,-7,299,-7" /><INIT seed="2,0,0,3,1,100" ten="287,188,233,292" oya="2" hai0="104,99,17,70,35,125,123,117,32,27,64,77,94" hai1="66,90,21,65,61,69,72,56,60,5,4,135,1" hai2="109,119,106,63,48,18,88,68,8,93,75,45,126" hai3="92,129,108,53,95,73,3,23,36,10,89,81,0"/><V12/><F119/><W37/><G108/><T30/><D123/><U47/><E135/><V39/><F39/><W130/><G23/><T24/><D117/><U26/><E1/><V38/><F38/><N who="3" m="14955" /><G53/><T54/><D77/><U133/><E72/><V55/><F126/><W85/><G73/><T105/><D125/><U40/><E133/><V22/><F109/><W6/><G3/><T84/><D84/><U50/><REACH who="1" step="1"/><E90/><REACH who="1" ten="287,178,233,292" step="2"/><V76/><F75/><W101/><G101/><T124/><D124/><U128/><E128/><AGARI ba="0,1" hai="0,6,10,81,85,89,92,95,128,129,130" m="14955" machi="128" ten="30,1000,0" yaku="19,1" doraHai="100" who="3" fromWho="1" sc="287,0,178,-10,233,0,292,20" /><INIT seed="3,0,0,5,0,76" ten="287,168,233,312" oya="3" hai0="82,110,107,50,98,41,32,135,29,33,64,89,3" hai1="24,77,113,2,13,39,101,132,74,47,72,52,49" hai2="68,0,19,108,106,58,11,15,69,99,63,46,129" hai3="70,118,37,26,60,22,95,66,17,125,18,16,79"/><W28/><G118/><T96/><D3/><U59/><E113/><V116/><F116/><W31/><G37/><T14/><D107/><U112/><E2/><V134/><F108/><W4/><G125/><T56/><D110/><U73/><E112/><V7/><F129/><W130/><G130/><T100/><D100/><U94/><E132/><V54/><F134/><W88/><G79/><T115/><D115/><U111/><E111/><V117/><F117/><W45/><G4/><T40/><D32/><U86/><E13/><V97/><F46/><W51/><G28/><T44/><D33/><U35/><E35/><V78/><F78/><W126/><G126/><T12/><D29/><U5/><E5/><V53/><F53/><W83/><G83/><T105/><D41/><U81/><E24/><V109/><F109/><W10/><G10/><T133/><D105/><U36/><REACH who="1" step="1"/><E47/><REACH who="1" ten="287,158,233,312" step="2"/><V67/><F0/><W91/><REACH who="3" step="1"/><G95/><REACH who="3" ten="287,158,233,302" step="2"/><T120/><D135/><U21/><E21/><V123/><F7/><W87/><G87/><N who="0" m="50423" /><D133/><U85/><E85/><V131/><F131/><W43/><AGARI ba="0,2" hai="16,17,18,22,26,31,43,45,51,60,66,70,88,91" machi="43" ten="30,11700,0" yaku="1,1,0,1,54,2,53,0" doraHai="76" doraHaiUra="103" who="3" fromWho="3" sc="287,-39,158,-39,233,-39,302,137" owari="248,4.8,119,-38.1,194,-20.6,439,53.9" /></mjloggm>