<mjloggm ver="2.3"><GO type="225" lobby="0"/><UN n0="%E6%A1%9C%E8%8A%B1%E9%96%83%E3%80%85" n1="%E3%83%81%E3%83%83%E3%82%BF%E3%82%BD%E3%83%BC" n2="%E4%BF%BA%E3%81%A8%E5%A6%96%E5%A4%A2" n3="%E3%83%96%E3%83%83%E3%83%91%E3%82%AA%E3%83%96%E3%83%81%E3%82%AD%E3%83%B3" dan="17,16,16,17" rate="2241.01,2182.23,2249.18,2221.11" sx="M,F,F,M"/><TAIKYOKU oya="0"/><INIT seed="0,0,0,0,2,59" ten="250,250,250,250" oya="0" hai0="126,100,115,111,12,64,101,55,84,66,2,105,78" hai1="57,4,9,104,42,38,27,32,70,103,52,67,121" hai2="24,117,82,14,116,135,114,21,98,20,51,26,61" hai3="118,81,102,15,76,45,108,10,123,92,131,86,85"/><T6/><D115/><U29/><E121/><V106/><F114/><W94/><G118/><N who="2" m="45673" /><F82/><N who="3" m="47303" /><G123/><T120/><D2/><U133/><E133/><V3/><F3/><W79/><G45/><T54/><D120/><U50/><E103/><N who="0" m="39497" /><D105/><U49/><E104/><V127/><F98/><W35/><G35/><T58/><D126/><U113/><E113/><V23/><F106/><W16/><G108/><T25/><D25/><N who="2" m="9834" /><F51/><W18/><G131/><T62/><D111/><U119/><E119/><V22/><F127/><W13/><G102/><T71/><D71/><U99/><E99/><V11/><F61/><W96/><G96/><T129/><D129/><U110/><E110/><V68/><F68/><W124/><G124/><T43/><D43/><U47/><E49/><V128/><F128/><W1/><G1/><T39/><D39/><U7/><REACH who="1" step="1"/><E9/><AGARI ba="0,0" hai="9,10,13,15,16,18,79,81,86,92,94" m="47303" machi="9" ten="30,2000,0" yaku="8,1,54,1" doraHai="59" who="3" fromWho="1" sc="250,0,250,-20,250,0,250,20" /><INIT seed="1,0,0,2,1,29" ten="250,230,250,270" oya="1" hai0="55,17,131,45,135,24,42,76,100,11,129,61,39" hai1="125,118,35,33,103,123,51,87,65,7,68,91,54" hai2="75,44,98,37,112,67,31,36,12,56,81,66,60" hai3="117,80,21,64,22,86,107,32,59,38,71,96,120"/><U92/><E125/><V93/><F112/><W26/><G120/><T106/><D76/><U77/><E123/><V57/><F31/><N who="3" m="19575" /><G59/><N who="0" m="35071" /><D135/><U102/><E118/><V5/><F44/><W69/><G69/><T113/><D113/><U13/><E77/><V20/><F75/><W83/><G38/><T47/><D47/><U27/><E65/><V101/><F81/><N who="3" m="31307" /><G86/><T6/><D17/><U58/><E68/><V4/><F37/><W70/><G70/><T115/><D24/><U16/><E7/><V63/><REACH who="2" step="1"/><F36/><REACH who="2" ten="250,230,240,270" step="2"/><W19/><G117/><T95/><D45/><U9/><REACH who="1" step="1"/><E27/><REACH who="1" ten="250,220,240,270" step="2"/><V85/><F85/><W74/><G74/><T1/><D115/><U99/><E99/><V108/><F108/><W88/><G96/><T97/><D97/><U114/><E114/><V14/><F14/><W134/><G134/><T43/><D131/><U133/><E133/><V34/><F34/><AGARI ba="0,2" hai="9,13,16,33,34,35,51,54,58,87,91,92,102,103" machi="34" ten="40,12000,1" yaku="1,1,52,3,54,1,53,0" doraHai="29" doraHaiUra="94" who="1" fromWho="2" sc="250,0,220,140,240,-120,270,0" /><INIT seed="1,1,0,2,3,100" ten="250,360,120,270" oya="1" hai0="86,111,64,60,50,122,130,71,8,133,32,58,35" hai1="30,23,101,74,132,106,19,91,65,1,79,95,73" hai2="18,125,89,22,114,98,103,119,121,77,38,42,78" hai3="56,105,34,72,52,104,6,40,21,29,88,26,63"/><U131/><E132/><V115/><F119/><W90/><G72/><T126/><D133/><U102/><E131/><V93/><F121/><W7/><G40/><T75/><D75/><U117/><E117/><V10/><F125/><W94/><G34/><T112/><D112/><N who="2" m="43050" /><F42/><W134/><G134/><T113/><D113/><U96/><E1/><V116/><F38/><W67/><G90/><T85/><D126/><U108/><E30/><V76/><F10/><W70/><G6/><T49/><D111/><U59/><E108/><V0/><F0/><W99/><REACH who="3" step="1"/><G7/><REACH who="3" ten="250,360,120,260" step="2"/><T27/><D35/><U107/><E73/><V44/><F116/><W25/><G25/><T82/><D27/><U123/><E123/><V80/><F89/><W33/><G33/><T41/><D32/><U9/><E74/><N who="2" m="43031" /><F44/><W51/><AGARI ba="1,1" hai="21,26,29,51,52,56,63,67,70,88,94,99,104,105" machi="51" ten="20,12000,2" yaku="1,1,0,1,7,1,52,2,54,2,53,0" doraHai="100" doraHaiUra="120" who="3" fromWho="3" sc="250,-31,360,-61,120,-31,260,133" /><INIT seed="2,0,0,4,2,22" ten="219,299,89,393" oya="2" hai0="19,129,65,118,127,30,112,95,13,53,64,37,47" hai1="69,48,80,33,36,67,113,81,39,90,20,117,57" hai2="7,55,50,131,52,126,102,123,59,35,120,17,41" hai3="60,88,115,101,111,134,106,74,107,135,83,68,85"/><V62/><F35/><W15/><G68/><T128/><D112/><U72/><E113/><V89/><F7/><W94/><G115/><T43/><D127/><U2/><E33/><V122/><F102/><W97/><G60/><T84/><D30/><U133/><E2/><V93/><F126/><W0/><G0/><T24/><D118/><U29/><E117/><V25/><F131/><N who="0" m="50250" /><D53/><U78/><E133/><N who="3" m="50698" /><G111/><T66/><D24/><U1/><E1/><V9/><F41/><W56/><G56/><T3/><D3/><U6/><E6/><V75/><F75/><W105/><G15/><T91/><D66/><U44/><E69/><V21/><F9/><AGARI ba="0,0" hai="9,13,19,37,43,47,64,65,84,91,95" m="50250" machi="9" ten="30,1000,0" yaku="19,1" doraHai="22" who="0" fromWho="2" sc="219,10,299,0,89,-10,393,0" /><INIT seed="3,0,0,0,2,15" ten="229,299,79,393" oya="3" hai0="10,83,13,84,5,105,108,2,46,78,22,37,118" hai1="45,47,43,39,62,131,127,82,48,109,21,77,30" hai2="51,74,87,49,117,40,98,24,135,68,85,94,12" hai3="55,93,26,32,41,52,19,97,114,0,91,116,113"/><W120/><G116/><T17/><D108/><U130/><E109/><V72/><F24/><W8/><G120/><T101/><D118/><U126/><E62/><V1/><F117/><W88/><G41/><T128/><D128/><N who="1" m="49195" /><E21/><V63/><F1/><W58/><G55/><T90/><D105/><U70/><E30/><V60/><F40/><W123/><G123/><T100/><D37/><U67/><E67/><V121/><F121/><W129/><G129/><T103/><D46/><U73/><E70/><V79/><F68/><W7/><G91/><T36/><D36/><U59/><E59/><V86/><F135/><W107/><G107/><T96/><D90/><U69/><E69/><V53/><F53/><AGARI ba="0,0" hai="39,43,45,47,48,53,73,77,82,126,127" m="49195" machi="53" ten="30,1000,0" yaku="19,1" doraHai="15" who="1" fromWho="2" sc="229,0,299,10,79,-10,393,0" owari="229,-17.1,309,10.9,69,-43.1,393,49.3" /></mjloggm>