<mjloggm ver="2.3"><GO type="225" lobby="0"/><UN n0="%E3%83%96%E3%83%83%E3%83%91%E3%82%AA%E3%83%96%E3%83%81%E3%82%AD%E3%83%B3" n1="%E6%81%A5%E6%99%92%E3%81%97" n2="%E4%BF%8A%E6%96%87%E9%BE%8D" n3="%E9%A6%AC%E5%BC%95%E7%81%AB%33" dan="16,16,16,16" rate="2192.77,2116.76,2117.49,2136.62" sx="M,M,M,M"/><TAIKYOKU oya="0"/><INIT seed="0,0,0,3,1,110" ten="250,250,250,250" oya="0" hai0="102,119,24,96,126,16,128,66,14,58,19,118,30" hai1="8,43,5,121,46,67,77,131,22,21,135,92,25" hai2="17,62,51,75,52,129,74,68,112,20,70,88,80" hai3="111,99,44,89,56,29,55,40,78,64,82,63,49"/><T98/><D126/><U65/><E121/><V60/><F129/><W2/><G111/><T107/><D128/><U69/><E131/><V103/><F103/><W132/><G132/><T27/><D98/><U123/><E123/><V84/><F112/><W9/><G29/><T6/><D6/><U130/><E135/><V91/><F70/><W26/><G26/><T114/><D114/><U12/><E69/><V13/><F68/><W59/><G9/><T53/><D66/><U71/><E71/><V76/><F75/><W31/><G31/><T10/><D19/><U15/><E77/><V7/><F7/><W4/><G4/><T95/><D27/><U54/><E54/><V105/><F105/><W90/><G99/><T124/><D107/><U38/><E130/><V45/><REACH who="2" step="1"/><F91/><REACH who="2" ten="250,250,240,250" step="2"/><W85/><REACH who="3" step="1"/><G2/><REACH who="3" ten="250,250,240,240" step="2"/><T33/><REACH who="0" step="1"/><D124/><REACH who="0" ten="240,250,240,240" step="2"/><U125/><E125/><V127/><F127/><W134/><G134/><T34/><D34/><U97/><E5/><V100/><F100/><W106/><G106/><T104/><D104/><U35/><E35/><V120/><F120/><W57/><G57/><T37/><D37/><AGARI ba="0,3" hai="37,40,44,49,55,56,59,63,64,78,82,85,89,90" machi="37" ten="30,2000,0" yaku="1,1,7,1,53,0" doraHai="110" doraHaiUra="108" who="3" fromWho="0" sc="240,-20,250,0,240,0,240,50" /><INIT seed="1,0,0,2,1,4" ten="220,250,240,290" oya="1" hai0="128,127,14,3,24,130,10,71,62,49,32,129,85" hai1="78,104,31,113,103,47,44,46,1,60,61,17,28" hai2="22,117,16,51,102,106,48,110,39,134,120,93,76" hai3="98,69,29,96,18,56,8,55,36,54,63,9,74"/><U91/><E113/><V92/><F39/><W126/><G74/><T20/><D127/><U68/><E1/><V132/><F120/><W81/><G36/><T108/><D108/><U23/><E78/><V124/><F110/><W88/><G126/><T26/><D32/><U116/><E116/><V80/><F117/><W42/><G69/><T97/><D3/><U72/><E72/><V105/><F124/><W87/><G42/><T53/><D85/><U119/><E119/><V64/><F64/><N who="3" m="39015" /><G29/><T27/><D97/><N who="3" m="37481" /><G18/><N who="0" m="8535" /><D71/><U15/><E104/><V84/><F106/><W82/><G82/><T99/><D99/><U121/><E103/><V109/><F105/><W131/><G131/><N who="0" m="33539" /><T100/><DORA hai="59" /><D62/><U114/><E68/><V86/><F102/><W135/><G135/><N who="2" m="51753" /><F109/><W58/><G54/><T125/><D100/><U38/><E61/><AGARI ba="0,0" hai="8,9,55,58,61,81,87,88" m="37481,39015" machi="61" ten="30,12000,2" yaku="8,1,52,4,54,1" doraHai="4,59" who="3" fromWho="1" sc="220,0,250,-120,240,0,290,120" /><INIT seed="2,0,0,0,3,4" ten="220,130,240,410" oya="2" hai0="48,110,59,83,31,22,16,135,100,62,121,23,34" hai1="133,25,24,53,7,116,76,11,40,112,114,88,87" hai2="27,77,39,90,47,89,1,81,125,17,86,115,6" hai3="38,85,69,73,97,15,28,82,102,130,72,20,99"/><V58/><F115/><W129/><G38/><T75/><D121/><U45/><E116/><V3/><F125/><W13/><G69/><T71/><D110/><U14/><E133/><V67/><F39/><W54/><G54/><T96/><D135/><U124/><E124/><V63/><F47/><W5/><G28/><T64/><D48/><U21/><E112/><V32/><F1/><W126/><G126/><T95/><D71/><U56/><E114/><V74/><F74/><N who="3" m="28779" /><G20/><T61/><D61/><U30/><E76/><V131/><F131/><N who="3" m="50187" /><G5/><T98/><D34/><U79/><E79/><V18/><F32/><W35/><G97/><N who="0" m="59455" /><D23/><U92/><E25/><V104/><F27/><W84/><G35/><T78/><D16/><N who="1" m="8287" /><E40/><V0/><F0/><W107/><G84/><T12/><D12/><U43/><E43/><V127/><F3/><W128/><G128/><T91/><D22/><U123/><E123/><V33/><F127/><W120/><G120/><T117/><D31/><U8/><E45/><V41/><F33/><W105/><G105/><T66/><D66/><U55/><E56/><V29/><F58/><W106/><G106/><T52/><D64/><U113/><E113/><V132/><F67/><W26/><G26/><T118/><D59/><U19/><E30/><V103/><F29/><W119/><G119/><T9/><D117/><U60/><E60/><V46/><F63/><W50/><G50/><T57/><D118/><U111/><E111/><V93/><F41/><W68/><G68/><T94/><D98/><U51/><E51/><V134/><F134/><W108/><G108/><RYUUKYOKU ba="0,0" sc="220,10,130,10,240,-30,410,10" hai0="9,52,57,62,75,78,83,91,94,96" hai1="7,8,19,21,24,53,55,87,88,92" hai3="13,15,82,85,99,102,107" /><INIT seed="3,1,0,3,3,49" ten="230,140,210,420" oya="3" hai0="131,97,69,58,24,0,134,96,132,5,43,112,94" hai1="20,129,133,31,75,117,85,82,100,87,76,81,27" hai2="61,89,101,39,50,36,19,37,8,42,25,135,11" hai3="110,67,79,54,14,113,17,119,2,125,74,124,32"/><W57/><G2/><T72/><D69/><U10/><E129/><V86/><F101/><W93/><G119/><T102/><D131/><U62/><E133/><N who="0" m="51305" /><D112/><U45/><E117/><V38/><F38/><W90/><G113/><T1/><D72/><U59/><E45/><V28/><F19/><W88/><G32/><T80/><D43/><U52/><E10/><V70/><F50/><N who="3" m="30935" /><G67/><T56/><D80/><U118/><E118/><V22/><F42/><W26/><G26/><T30/><D97/><U103/><REACH who="1" step="1"/><E75/><REACH who="1" ten="230,130,210,420" step="2"/><V91/><F135/><W111/><G74/><T18/><D1/><U13/><E13/><V35/><F8/><N who="3" m="6343" /><G79/><AGARI ba="1,1" hai="20,27,31,52,59,62,76,79,81,82,85,87,100,103" machi="79" ten="30,12000,2" yaku="1,1,7,1,9,1,8,1,52,1,54,1,53,0" doraHai="49" doraHaiUra="123" who="1" fromWho="3" sc="230,0,130,133,210,0,420,-123" /><INIT seed="4,0,0,2,3,5" ten="230,263,210,297" oya="0" hai0="71,12,74,39,1,84,108,132,128,77,15,76,100" hai1="124,122,43,41,16,46,86,23,33,123,32,49,13" hai2="118,104,37,105,38,21,67,115,59,117,116,72,2" hai3="19,54,92,70,17,29,42,60,10,52,112,36,133"/><T55/><D1/><U88/><E124/><V97/><F72/><W95/><G112/><T94/><D39/><N who="2" m="14858" /><F115/><W9/><G133/><T78/><D71/><U106/><E106/><N who="2" m="41067" /><F97/><W22/><G36/><T0/><D0/><U103/><E103/><V127/><F127/><W98/><G42/><T7/><D74/><U82/><REACH who="1" step="1"/><E41/><REACH who="1" ten="230,253,210,297" step="2"/><V114/><F114/><W45/><G70/><T107/><D107/><U30/><E30/><V89/><F2/><W131/><G131/><T80/><D128/><U121/><AGARI ba="0,1" hai="13,16,23,32,33,43,46,49,82,86,88,121,122,123" machi="121" ten="30,12000,2" yaku="1,1,0,1,54,2,53,2" doraHai="5" doraHaiUra="28" who="1" fromWho="1" sc="230,-60,253,130,210,-30,297,-30" owari="170,-33.0,383,48.3,180,-22.0,267,6.7" /></mjloggm>