<mjloggm ver="2.3"><GO type="225" lobby="0"/><UN n0="%E3%83%B4%E3%83%A0%EF%BC%99%E3%81%A6" n1="%E3%81%A4%E3%81%A3%E3%81%B1%E3%82%8A%E3%83%9D%E3%83%BC%E3%83%AB" n2="%E7%99%BD%E5%80%89%E5%AF%9B%E4%B9%8B" n3="%E6%A1%9C%E8%8A%B1%E9%96%83%E3%80%85" dan="17,17,16,17" rate="2128.71,2163.93,2143.05,2236.26" sx="M,M,M,M"/><TAIKYOKU oya="0"/><INIT seed="0,0,0,2,0,130" ten="250,250,250,250" oya="0" hai0="76,27,22,79,94,48,14,96,84,50,2,100,63" hai1="0,112,117,6,47,35,86,39,121,104,97,101,15" hai2="102,51,129,1,31,131,49,89,33,26,72,62,108" hai3="54,37,74,43,111,3,17,19,57,88,124,135,122"/><T77/><D2/><U90/><E117/><V20/><F72/><W52/><G74/><T133/><D133/><U118/><E118/><V7/><F108/><W29/><G135/><T53/><D14/><U75/><E75/><V5/><F102/><W58/><G29/><T107/><D107/><U32/><E121/><V60/><F89/><W69/><G69/><T109/><D109/><U70/><E70/><V4/><F1/><W61/><G111/><T114/><D114/><U46/><E0/><V8/><F8/><W66/><G124/><T113/><D113/><U55/><E112/><V80/><F80/><W38/><G66/><T23/><D23/><U40/><E55/><V36/><F36/><W81/><G122/><T64/><D53/><U65/><E47/><V127/><F33/><W45/><G38/><T34/><D84/><U125/><E65/><V21/><F127/><W87/><REACH who="3" step="1"/><G3/><REACH who="3" ten="250,250,250,240" step="2"/><T18/><REACH who="0" step="1"/><D34/><REACH who="0" ten="240,250,250,240" step="2"/><U78/><E125/><V73/><F73/><W99/><G99/><T116/><D116/><U123/><E123/><V103/><F129/><W119/><G119/><T126/><D126/><U28/><E35/><V110/><F131/><W41/><G41/><T12/><D12/><U132/><E132/><V30/><F110/><W105/><G105/><T120/><D120/><U56/><E32/><V92/><F26/><W68/><G68/><AGARI ba="0,2" hai="18,22,27,48,50,63,64,68,76,77,79,94,96,100" machi="68" ten="40,2000,0" yaku="1,1,53,0" doraHai="130" doraHaiUra="134" who="0" fromWho="3" sc="240,40,250,0,250,0,240,-20" /><INIT seed="0,1,0,4,5,107" ten="280,250,250,220" oya="0" hai0="2,60,54,124,134,82,116,14,95,64,15,97,30" hai1="120,101,128,108,28,45,10,42,59,53,11,113,105" hai2="35,4,81,86,77,75,114,104,23,29,72,90,32" hai3="126,92,62,73,63,133,121,115,26,21,135,19,127"/><T58/><D116/><U67/><E120/><V98/><F114/><W27/><G115/><T22/><D2/><U3/><E113/><V48/><F4/><W46/><G121/><T123/><D123/><U112/><E112/><V76/><F23/><N who="3" m="13695" /><G92/><T106/><D106/><U24/><E67/><V31/><F48/><W71/><G46/><T79/><D124/><N who="3" m="47657" /><G73/><N who="0" m="43375" /><D54/><U70/><E3/><V125/><F125/><W94/><G94/><T49/><D49/><U39/><E105/><V69/><F69/><W122/><G122/><T44/><D44/><U130/><E70/><V78/><F31/><N who="3" m="17903" /><G71/><T0/><D0/><U99/><E45/><V13/><F29/><W87/><G87/><T17/><D30/><U100/><E28/><V37/><F37/><W52/><G62/><T33/><D33/><U66/><E39/><V61/><F61/><W119/><G119/><T131/><D60/><U41/><E41/><V74/><REACH who="2" step="1"/><F13/><REACH who="2" ten="280,250,240,220" step="2"/><W34/><G34/><T55/><D14/><U89/><E42/><V51/><F51/><W96/><G96/><T7/><D15/><U111/><E99/><V36/><F36/><W18/><G18/><T47/><D97/><U65/><E59/><AGARI ba="1,1" hai="52,59,63,133,135" m="17903,47657,13695" machi="59" ten="30,2000,0" yaku="18,1,54,1" doraHai="107" who="3" fromWho="1" sc="280,0,250,-23,240,0,220,33" /><INIT seed="1,0,0,0,5,2" ten="280,227,240,253" oya="1" hai0="20,135,76,68,62,90,85,47,41,71,115,65,61" hai1="88,4,124,26,99,27,112,15,33,23,107,87,75" hai2="70,42,1,125,44,28,14,116,66,54,83,19,122" hai3="134,73,64,126,9,38,8,132,127,29,10,110,43"/><U79/><E112/><V109/><F1/><W123/><G73/><T72/><D115/><U74/><E124/><N who="3" m="47658" /><G64/><T52/><D135/><N who="3" m="51753" /><G123/><T102/><D102/><N who="1" m="62943" /><E33/><V17/><F116/><W86/><G110/><T119/><D119/><U93/><E75/><V130/><F109/><W101/><G101/><T114/><D114/><U84/><E84/><V69/><F122/><W53/><G53/><T22/><D72/><U31/><E31/><V133/><F54/><W100/><G100/><T40/><D68/><U95/><E95/><V105/><F66/><W57/><G57/><T30/><D65/><U98/><E98/><V35/><F133/><W51/><G29/><T3/><D30/><U120/><E120/><V6/><F28/><W21/><G21/><T113/><D22/><U67/><E23/><V118/><F125/><W39/><G86/><T89/><D85/><U59/><E59/><V82/><F70/><W97/><G97/><T60/><D71/><U104/><E67/><V34/><F69/><W96/><G96/><T108/><D108/><U25/><E104/><V49/><F105/><W37/><G51/><T63/><D113/><U48/><E48/><V45/><F49/><W32/><G32/><T111/><D60/><U18/><E74/><V78/><F35/><W16/><G43/><T92/><D61/><U24/><N who="1" m="6144" /><DORA hai="12" /><U77/><E18/><AGARI ba="0,0" hai="8,9,10,16,18,37,38,39" m="51753,47658" machi="18" ten="50,12000,2" yaku="28,2,18,1,20,1,52,2,54,1" doraHai="2,12" who="3" fromWho="1" sc="280,0,227,-120,240,0,253,120" /><INIT seed="2,0,0,0,3,40" ten="280,107,240,373" oya="2" hai0="101,36,46,34,75,21,80,69,1,58,54,126,5" hai1="41,109,114,112,68,89,83,10,116,76,79,98,88" hai2="103,86,27,73,53,39,30,19,26,44,129,25,99" hai3="24,120,43,51,117,121,130,92,6,110,20,123,4"/><V132/><F73/><W37/><G37/><T91/><D34/><U97/><E68/><V74/><F74/><W23/><G117/><T16/><D69/><U18/><E41/><V119/><F119/><W8/><G110/><T22/><D126/><U56/><E56/><V84/><F129/><W9/><G92/><T115/><D115/><U35/><E35/><V3/><F3/><N who="3" m="31" /><G51/><N who="0" m="29047" /><D36/><U13/><E13/><V61/><F132/><W28/><G43/><T102/><D75/><U52/><E10/><V14/><F30/><W87/><G87/><N who="0" m="50663" /><D5/><U71/><E71/><V82/><F39/><W70/><G70/><T77/><D1/><U67/><E18/><V134/><F82/><W108/><G108/><T133/><D133/><U62/><E83/><V38/><F134/><W122/><G122/><T90/><D77/><U100/><E109/><V72/><F72/><W15/><G130/><T64/><D22/><AGARI ba="0,0" hai="6,9,15,20,22,23,24,28,120,121,123" m="31" machi="22" ten="30,2000,0" yaku="34,2" doraHai="40" who="3" fromWho="0" sc="280,-20,107,0,240,0,373,20" /><INIT seed="3,0,0,2,2,77" ten="260,107,240,393" oya="3" hai0="124,116,19,84,0,113,120,67,45,73,90,127,70" hai1="119,97,53,36,12,24,15,39,23,3,46,80,60" hai2="112,7,93,62,59,102,111,76,4,9,38,79,88" hai3="18,20,21,14,74,51,95,106,42,133,32,101,89"/><W123/><G74/><T85/><D120/><U5/><E119/><V26/><F38/><W69/><G32/><T17/><D116/><U128/><E128/><V57/><F112/><W49/><G69/><T132/><D73/><U109/><E109/><V92/><F111/><W126/><G21/><T135/><D113/><U104/><E3/><V121/><F121/><W82/><G82/><N who="0" m="49431" /><D0/><U11/><E15/><N who="2" m="5543" /><F7/><W130/><G49/><T91/><D45/><U13/><E13/><V103/><F26/><W8/><G18/><N who="0" m="6667" /><D67/><U98/><E104/><V99/><F59/><W2/><G106/><T131/><D70/><U83/><E39/><V87/><F103/><W122/><G101/><T72/><D72/><U105/><E105/><V65/><AGARI ba="0,0" hai="57,62,65,76,79,87,88,92,93,99,102" m="5543" machi="65" ten="30,2000,0" yaku="8,1,54,1" doraHai="77" who="2" fromWho="2" sc="260,-5,107,-5,240,20,393,-10" owari="255,-14.5,102,-39.8,260,6.0,383,48.3" /></mjloggm>