<mjloggm ver="2.3"><GO type="225" lobby="0"/><UN n0="%4C%4F%4C%49%54%41" n1="%E3%81%BF%E3%81%BF%E3%81%9A" n2="%E3%83%96%E3%83%83%E3%83%91%E3%82%AA%E3%83%96%E3%83%81%E3%82%AD%E3%83%B3" n3="%E6%A1%9C%E8%8A%B1%E9%96%83%E3%80%85" dan="16,18,16,16" rate="2125.78,2268.15,2203.54,2181.77" sx="F,M,M,M"/><TAIKYOKU oya="0"/><INIT seed="0,0,0,0,0,9" ten="250,250,250,250" oya="0" hai0="59,103,13,72,12,10,61,15,100,117,96,76,73" hai1="47,65,7,36,27,62,121,28,122,123,33,21,6" hai2="58,87,19,92,29,80,23,34,22,66,81,86,94" hai3="64,63,46,68,85,97,110,44,31,20,125,11,98"/><T18/><D117/><U129/><E129/><V67/><F34/><W38/><G110/><T84/><D73/><U106/><E106/><V134/><F134/><W5/><G125/><T82/><D72/><U25/><E47/><V37/><F37/><W16/><G31/><T42/><D42/><U90/><E36/><V54/><F29/><W48/><G85/><T107/><REACH who="0" step="1"/><D103/><REACH who="0" ten="240,250,250,250" step="2"/><U56/><REACH who="1" step="1"/><E90/><REACH who="1" ten="240,240,250,250" step="2"/><N who="2" m="51535" /><F67/><AGARI ba="0,2" hai="10,12,13,15,18,59,61,67,76,82,84,96,100,107" machi="67" ten="30,12000,1" yaku="1,1,7,1,52,3,53,0" doraHai="9" doraHaiUra="127" who="0" fromWho="2" sc="240,140,240,0,250,-120,250,0" /><INIT seed="0,1,0,5,0,16" ten="380,240,130,250" oya="0" hai0="77,32,39,88,87,65,47,42,55,76,10,64,70" hai1="114,53,3,98,117,2,135,104,69,9,99,106,103" hai2="72,58,34,90,67,79,116,112,52,22,71,102,21" hai3="19,107,81,17,60,44,131,111,57,96,36,109,78"/><T15/><D32/><U128/><E117/><V74/><F112/><W25/><G131/><T48/><D65/><U93/><E128/><V12/><F116/><W8/><G8/><T95/><D64/><U29/><E114/><V28/><F102/><N who="3" m="62919" /><G25/><T124/><D70/><U118/><E118/><V94/><F71/><W40/><G57/><T6/><REACH who="0" step="1"/><D124/><REACH who="0" ten="370,240,130,250" step="2"/><U1/><E69/><V89/><F67/><W18/><G109/><T132/><D132/><U46/><E135/><V66/><F66/><W11/><G111/><T68/><D68/><U45/><E106/><V41/><F34/><W120/><G120/><T63/><D63/><U86/><E104/><V13/><F72/><W7/><G60/><T101/><D101/><U4/><E103/><V129/><F74/><N who="3" m="43223" /><G18/><T20/><D20/><U127/><E127/><V61/><F22/><W5/><G5/><T26/><D26/><U134/><E134/><V82/><F21/><W38/><G38/><T59/><AGARI ba="1,1" hai="6,10,15,39,42,47,48,55,59,76,77,87,88,95" machi="59" ten="20,7800,0" yaku="1,1,0,1,7,1,54,1,53,0" doraHai="16" doraHaiUra="133" who="0" fromWho="0" sc="370,91,240,-27,130,-27,250,-27" /><INIT seed="0,2,0,3,4,100" ten="461,213,103,223" oya="0" hai0="73,18,10,46,15,34,96,12,63,52,67,37,54" hai1="95,13,86,94,71,120,30,98,110,45,28,117,92" hai2="113,74,112,126,68,19,97,5,41,116,89,133,99" hai3="132,25,87,104,39,53,33,82,40,131,21,81,50"/><T105/><D73/><U29/><E117/><V2/><F68/><W70/><G33/><T4/><D34/><U77/><E120/><V123/><F74/><W6/><G70/><T59/><D37/><U75/><E71/><V85/><F123/><W84/><G104/><T127/><D127/><U57/><E110/><V38/><F126/><W93/><G131/><T109/><D109/><U79/><E75/><V56/><F133/><W128/><G128/><T43/><D96/><U14/><E45/><V108/><F108/><W48/><G6/><T124/><D105/><U80/><E98/><V121/><F2/><W65/><G65/><T35/><D35/><U115/><E115/><V16/><F38/><W69/><G93/><T24/><D24/><U129/><E129/><V78/><F121/><W26/><G26/><T61/><D61/><U22/><E22/><V119/><F119/><W7/><G7/><T135/><D135/><U134/><E134/><V27/><F116/><W106/><G106/><T55/><D124/><U66/><E79/><V83/><F113/><W8/><G69/><T49/><D43/><U11/><E11/><AGARI ba="2,0" hai="4,10,11,12,15,18,46,49,52,54,55,59,63,67" machi="11" ten="30,5800,0" yaku="7,1,8,1,54,1" doraHai="100" who="0" fromWho="1" sc="461,64,213,-64,103,0,223,0" /><INIT seed="0,3,0,0,1,68" ten="525,149,103,223" oya="0" hai0="111,69,19,22,29,108,38,74,53,71,26,41,50" hai1="92,118,110,52,46,78,86,95,123,72,119,70,129" hai2="32,125,55,0,128,97,49,23,30,101,91,37,20" hai3="64,4,80,83,16,81,122,75,58,124,59,112,7"/><T47/><D74/><U106/><E123/><V42/><F0/><W18/><G112/><T36/><D36/><U17/><E70/><V132/><F132/><W60/><G75/><T66/><D29/><U13/><E106/><V116/><F128/><W109/><G122/><T40/><D40/><U11/><E72/><V63/><F125/><W27/><G109/><N who="0" m="42059" /><D66/><U28/><E110/><V9/><F91/><W24/><G124/><T89/><D89/><U96/><E129/><V14/><F63/><W3/><G3/><T31/><D19/><U121/><E121/><V87/><F87/><W25/><G7/><T98/><D98/><U15/><E28/><V54/><F116/><W6/><G6/><T79/><D79/><U33/><E33/><V131/><F131/><W10/><G4/><T12/><D12/><U115/><E115/><V35/><F35/><W65/><G10/><T88/><D88/><N who="1" m="53271" /><E119/><V82/><F32/><W117/><G117/><T105/><D105/><U39/><E39/><V99/><F37/><W45/><G18/><T2/><D2/><U113/><E15/><V77/><F30/><W85/><G16/><T5/><D5/><U8/><E113/><V120/><F120/><W126/><G126/><T44/><AGARI ba="3,0" hai="22,26,31,38,41,44,47,50,53,69,71" m="42059" machi="44" ten="30,6000,0" yaku="14,1,10,1,52,1" doraHai="68" who="0" fromWho="0" sc="525,69,149,-23,103,-23,223,-23" /><INIT seed="0,4,0,4,4,95" ten="594,126,80,200" oya="0" hai0="120,46,25,37,21,65,94,52,69,35,107,109,14" hai1="31,134,64,58,41,20,106,10,72,4,76,87,98" hai2="82,119,89,99,51,97,62,43,44,34,1,11,50" hai3="49,133,53,68,115,104,100,32,70,83,73,40,18"/><T114/><D107/><U23/><E134/><V24/><F119/><W71/><G115/><T47/><D114/><U29/><E72/><V54/><F34/><W7/><G32/><T121/><D35/><U91/><E41/><V6/><F62/><W66/><G7/><T13/><D109/><U19/><E76/><V88/><F24/><W36/><G18/><T39/><D65/><U80/><E106/><V57/><REACH who="2" step="1"/><F82/><REACH who="2" ten="594,126,70,200" step="2"/><W2/><G83/><T42/><D25/><U112/><E112/><V130/><F130/><W56/><G133/><T103/><D120/><U48/><E31/><V0/><F0/><W122/><G2/><T67/><D121/><U27/><E64/><V101/><F101/><W96/><G122/><T79/><D103/><U90/><E29/><V132/><F132/><W85/><G66/><T3/><D3/><U135/><E135/><V128/><F128/><W127/><G100/><T123/><D123/><U33/><E33/><V30/><F30/><W45/><G71/><T38/><D69/><U28/><E28/><V60/><F60/><W105/><G70/><T63/><D63/><U75/><E27/><V86/><F86/><W92/><G85/><T26/><D26/><U8/><E87/><V5/><F5/><W131/><G68/><T74/><D67/><U59/><E80/><V22/><F22/><W102/><G131/><T61/><D61/><U124/><E23/><V108/><F108/><W111/><G111/><T55/><D21/><U77/><E20/><V118/><F118/><W129/><G129/><T17/><D74/><U84/><E75/><RYUUKYOKU ba="4,1" sc="594,-10,126,-10,70,30,200,-10" hai2="1,6,11,43,44,50,51,54,57,88,89,97,99" /><INIT seed="1,5,1,3,1,2" ten="584,116,100,190" oya="1" hai0="45,65,30,14,21,48,12,55,17,71,37,96,119" hai1="0,111,102,97,135,41,74,94,22,25,43,34,120" hai2="51,59,42,66,8,4,81,64,77,80,129,56,20" hai3="78,132,7,88,86,90,58,107,70,38,98,109,29"/><U82/><E120/><V32/><F32/><W39/><G70/><T87/><D119/><U91/><E34/><V128/><F20/><W122/><G122/><T103/><D37/><U72/><E0/><V26/><F26/><W13/><G109/><T9/><D30/><U28/><E111/><V116/><F116/><W44/><G29/><T33/><D33/><U23/><E135/><V47/><F64/><W15/><G58/><T61/><D87/><N who="1" m="50679" /><E74/><V5/><F81/><W127/><G127/><T92/><D9/><U117/><E72/><V110/><F110/><W123/><G15/><AGARI ba="5,1" hai="12,14,15,17,21,45,48,55,61,65,71,92,96,103" machi="15" ten="30,1000,0" yaku="7,1" doraHai="2" who="0" fromWho="3" sc="584,35,116,0,100,0,190,-25" /><INIT seed="2,0,0,5,3,117" ten="619,116,100,165" oya="2" hai0="126,1,47,78,132,15,13,9,45,59,7,91,34" hai1="99,74,113,116,118,119,41,123,89,64,24,83,111" hai2="53,26,69,112,39,12,60,108,77,44,92,19,73" hai3="22,66,96,128,121,27,61,124,56,57,37,94,82"/><V52/><F112/><W107/><G121/><T102/><D34/><U40/><E113/><V6/><F26/><W68/><G107/><T63/><D78/><U86/><E74/><V25/><F25/><W4/><G124/><T109/><D126/><U120/><E111/><V0/><F108/><W84/><G37/><T42/><D109/><U55/><E64/><N who="2" m="41095" /><F92/><W62/><G4/><T101/><D132/><U54/><E99/><V5/><F12/><W98/><G128/><T127/><D127/><U32/><E54/><V21/><F21/><W49/><G49/><N who="0" m="26807" /><D47/><U31/><REACH who="1" step="1"/><E55/><REACH who="1" ten="619,106,100,165" step="2"/><V2/><F52/><N who="3" m="33927" /><G98/><T51/><D63/><U122/><AGARI ba="0,1" hai="24,31,32,40,41,83,86,89,116,118,119,120,122,123" machi="122" ten="40,12000,2" yaku="1,1,0,1,13,1,52,3,53,0" doraHai="117" doraHaiUra="75" who="1" fromWho="1" sc="619,-30,106,130,100,-60,165,-30" /><INIT seed="3,0,0,0,0,46" ten="589,236,40,135" oya="3" hai0="24,14,32,20,81,38,79,96,40,134,66,3,27" hai1="57,2,93,6,131,22,116,70,34,115,17,132,33" hai2="101,55,21,128,94,23,76,39,35,28,98,83,104" hai3="36,68,10,30,19,44,91,124,129,126,5,1,109"/><W125/><G129/><T75/><D66/><U60/><E70/><V59/><F128/><W78/><G68/><T122/><D122/><U41/><E115/><V42/><F35/><W112/><G112/><T9/><D134/><U53/><E131/><V71/><F71/><W49/><G30/><T63/><D63/><U73/><E73/><V89/><F28/><W107/><G107/><T90/><D32/><U102/><E41/><V106/><F106/><W80/><G109/><T50/><D50/><U72/><E72/><V130/><F42/><N who="3" m="24727" /><G36/><T58/><D58/><U25/><E132/><V7/><F39/><W29/><G29/><T77/><D77/><U108/><E108/><V118/><F7/><W12/><G91/><T43/><D43/><U92/><E116/><V105/><F105/><W135/><G135/><T48/><D3/><U97/><REACH who="1" step="1"/><E93/><REACH who="1" ten="589,226,40,135" step="2"/><V119/><F130/><W16/><G1/><T37/><D37/><U64/><E64/><V99/><F119/><W61/><G61/><T56/><D90/><U4/><E4/><V51/><REACH who="2" step="1"/><F118/><REACH who="2" ten="589,226,30,135" step="2"/><W45/><G45/><T15/><D38/><U31/><E31/><V18/><F18/><W117/><G117/><T11/><D40/><U0/><E0/><V110/><F110/><W114/><G114/><T62/><D62/><U85/><E85/><AGARI ba="0,2" hai="5,10,12,16,19,78,80,85,124,125,126" m="24727" machi="85" ten="30,11600,0" yaku="25,1,18,1,52,1,54,1" doraHai="46" who="3" fromWho="1" sc="589,0,226,-116,30,0,135,136" /><INIT seed="3,1,0,5,0,84" ten="589,110,30,271" oya="3" hai0="108,30,95,113,121,6,115,123,64,23,135,55,85" hai1="13,11,21,1,53,87,62,133,28,98,59,107,102" hai2="50,47,89,63,77,79,57,75,38,74,26,44,3" hai3="97,66,49,15,112,132,82,14,73,7,70,94,25"/><W86/><G112/><N who="0" m="43083" /><D108/><U61/><E133/><V27/><F3/><W16/><G73/><T68/><D135/><U12/><E1/><V125/><F125/><W128/><G132/><T124/><D124/><U83/><E62/><V33/><F38/><W67/><G128/><T117/><D117/><U118/><E118/><V40/><F33/><W99/><G49/><T42/><D42/><U65/><E65/><N who="3" m="24586" /><G70/><T105/><D105/><U120/><E120/><V24/><F74/><W36/><G36/><T22/><D6/><U51/><E61/><V78/><F75/><W54/><G54/><T58/><D64/><U116/><E116/><V71/><F47/><W2/><G2/><T20/><D30/><U34/><E34/><V96/><F71/><W56/><G56/><T88/><D68/><U69/><E69/><V76/><N who="2" m="19456" /><DORA hai="80" /><V72/><F72/><W10/><G82/><T46/><D46/><U131/><E83/><V43/><F43/><W60/><G25/><T17/><D17/><U90/><E131/><V103/><F103/><W5/><G60/><AGARI ba="1,0" hai="20,22,23,55,58,60,85,88,95,121,123" m="43083" machi="60" ten="30,7700,0" yaku="11,1,52,2,54,1" doraHai="84,80" who="0" fromWho="3" sc="589,80,110,0,30,0,271,-80" owari="669,76.9,110,-29.0,30,-47.0,191,-0.9" /></mjloggm>