<mjloggm ver="2.3"><GO type="225" lobby="0"/><UN n0="%E3%83%96%E3%83%83%E3%83%91%E3%82%AA%E3%83%96%E3%83%81%E3%82%AD%E3%83%B3" n1="%72%61%6B%33" n2="%E3%82%B3%E3%83%90%E3%83%AC%E3%82%A4" n3="%72%65%6E%6B%75%6E" dan="17,16,16,17" rate="2202.54,2154.94,2130.82,2168.94" sx="M,M,M,M"/><TAIKYOKU oya="0"/><INIT seed="0,0,0,1,0,13" ten="250,250,250,250" oya="0" hai0="34,91,121,134,90,77,67,124,102,56,103,43,31" hai1="35,125,14,73,9,107,130,36,15,63,49,95,114" hai2="4,128,131,109,54,22,106,116,30,79,75,12,17" hai3="40,6,2,0,94,68,32,135,8,69,18,74,10"/><T126/><D121/><U50/><E107/><V44/><F106/><W88/><G135/><T61/><D77/><U52/><E36/><V76/><F116/><W42/><G74/><T59/><D134/><U62/><E35/><V19/><F4/><W105/><G105/><T70/><D43/><U27/><E73/><V55/><F30/><W122/><G32/><T132/><D132/><U64/><E125/><N who="0" m="48233" /><D34/><U93/><E130/><N who="2" m="49707" /><F75/><W84/><G122/><T96/><D31/><U119/><E27/><N who="2" m="14799" /><F109/><W80/><G40/><T23/><D23/><U5/><E114/><V113/><F113/><W100/><G42/><T28/><D28/><U1/><E119/><V24/><F24/><W72/><G0/><T98/><D70/><U112/><E112/><V115/><F115/><W133/><G133/><T120/><D120/><U83/><E1/><V71/><F71/><W53/><G72/><T7/><D7/><U127/><E5/><V48/><F55/><W87/><G53/><T38/><D38/><U129/><E127/><V46/><F46/><W110/><G110/><T41/><D41/><U104/><E129/><V21/><AGARI ba="0,0" hai="12,19,21,44,48,54,76,79" m="14799,49707" machi="21" ten="30,4000,0" yaku="19,1,52,2" doraHai="13" who="2" fromWho="2" sc="250,-20,250,-10,250,40,250,-10" /><INIT seed="1,0,0,3,2,132" ten="230,240,290,240" oya="1" hai0="68,77,53,18,74,39,66,42,40,16,107,130,65" hai1="14,12,27,90,92,23,112,85,5,95,20,105,63" hai2="43,47,124,120,13,114,67,36,110,58,91,22,99" hai3="28,48,81,100,55,134,80,33,2,89,113,116,78"/><U8/><E112/><V83/><F114/><W45/><G113/><T70/><D107/><U115/><E115/><V50/><F120/><W72/><G134/><T49/><D74/><U133/><E105/><V126/><F110/><W19/><G116/><T24/><D77/><U17/><E133/><V86/><F99/><W41/><G2/><T101/><D101/><U1/><E63/><V37/><F67/><N who="0" m="25610" /><D24/><U109/><E109/><V34/><F34/><W127/><G100/><T51/><D16/><U10/><E23/><V84/><F86/><W102/><G102/><T97/><D18/><U129/><E129/><V32/><F32/><W93/><G81/><T4/><D97/><U29/><REACH who="1" step="1"/><E1/><REACH who="1" ten="230,230,290,240" step="2"/><V122/><F122/><W11/><G33/><T44/><D130/><U26/><E26/><V21/><F22/><W0/><G0/><T131/><D131/><U64/><E64/><V128/><F128/><W56/><G28/><T71/><D4/><U38/><E38/><V111/><F111/><W106/><G106/><T88/><D39/><U59/><E59/><V46/><F21/><W98/><G19/><T87/><D51/><U117/><E117/><V30/><F37/><W31/><G31/><T123/><D123/><U52/><E52/><N who="2" m="29791" /><F30/><W57/><G57/><T69/><N who="0" m="17408" /><DORA hai="7" /><T35/><D35/><U108/><E108/><V104/><F104/><W103/><G56/><T79/><D79/><U75/><E75/><V118/><F118/><W25/><G78/><T96/><D96/><U61/><E61/><V54/><F58/><W6/><G72/><T73/><D73/><RYUUKYOKU ba="0,1" sc="230,15,230,15,290,-15,240,-15" hai0="40,42,44,49,53,87,88" hai1="5,8,10,12,14,17,20,27,29,85,90,92,95" /><INIT seed="1,1,1,4,5,43" ten="245,245,275,225" oya="1" hai0="84,66,32,131,61,35,1,25,81,119,5,133,0" hai1="12,85,14,90,87,37,111,98,124,116,24,122,105" hai2="65,6,99,57,10,115,109,121,74,55,67,107,103" hai3="21,17,20,118,56,120,89,75,41,33,88,40,101"/><U102/><E116/><V38/><F74/><W77/><G33/><T54/><D119/><U28/><E122/><V130/><F121/><W129/><G118/><T52/><D131/><U8/><E124/><V49/><F130/><W2/><G2/><T50/><D133/><U134/><E134/><V68/><F115/><W135/><G120/><T79/><D54/><U97/><E37/><V95/><F38/><W31/><G101/><T26/><D35/><U93/><E111/><V132/><F109/><W70/><G70/><T94/><D94/><U78/><E78/><V71/><F132/><W47/><G129/><T83/><D5/><U23/><REACH who="1" step="1"/><E14/><REACH who="1" ten="245,235,275,225" step="2"/><V58/><F71/><W125/><G125/><T48/><D1/><U46/><E46/><V7/><F68/><W86/><G135/><T108/><D0/><U114/><E114/><V112/><F112/><W44/><G77/><T30/><D108/><U27/><E27/><V117/><F117/><W51/><G56/><T76/><D25/><U42/><E42/><V73/><F58/><W59/><G59/><T13/><D13/><U104/><E104/><V110/><F110/><W34/><G44/><T69/><REACH who="0" step="1"/><D52/><REACH who="0" ten="235,235,275,225" step="2"/><U72/><E72/><AGARI ba="1,3" hai="26,30,32,48,50,61,66,69,72,76,79,81,83,84" machi="72" ten="30,3900,0" yaku="1,1,2,1,7,1,53,0" doraHai="43" doraHaiUra="127" who="0" fromWho="1" sc="235,72,235,-42,275,0,225,0" /><INIT seed="2,0,0,2,3,121" ten="307,193,275,225" oya="2" hai0="101,94,129,135,52,51,24,53,41,95,133,122,65" hai1="100,46,90,7,127,47,84,124,31,32,128,1,104" hai2="58,25,13,60,33,39,3,82,85,36,110,83,35" hai3="117,97,131,88,43,64,74,21,102,19,45,5,116"/><V61/><F3/><W68/><G131/><T130/><D122/><U6/><E128/><N who="0" m="49257" /><D24/><U20/><E32/><V118/><F118/><W28/><G74/><T66/><D101/><U17/><E31/><V111/><F13/><W18/><G5/><T4/><D4/><U50/><E100/><V57/><F85/><W72/><G72/><T23/><D23/><U9/><E104/><V77/><F25/><W98/><G64/><N who="0" m="24683" /><D95/><U37/><E37/><V79/><AGARI ba="0,0" hai="33,35,36,39,57,58,60,61,77,79,82,83,110,111" machi="79" ten="25,12000,1" yaku="0,1,22,2,52,2" doraHai="121" who="2" fromWho="2" sc="307,-40,193,-40,275,120,225,-40" /><INIT seed="2,1,0,0,2,79" ten="267,153,395,185" oya="2" hai0="67,103,53,3,52,6,33,84,110,74,123,21,47" hai1="98,4,125,10,13,12,60,42,128,23,41,32,80" hai2="106,73,101,16,59,61,51,121,58,54,131,65,117" hai3="89,57,20,5,29,108,45,126,66,50,68,36,75"/><V39/><F121/><W72/><G108/><T71/><D123/><U118/><E118/><V93/><F117/><W7/><G126/><T81/><D33/><U15/><E125/><V46/><F73/><W38/><G68/><T96/><D110/><U62/><E32/><V132/><F106/><W28/><G57/><T82/><D74/><U63/><E128/><V49/><F131/><W135/><G66/><T97/><D97/><U24/><E98/><V37/><F132/><W92/><G135/><T107/><D47/><U19/><REACH who="1" step="1"/><E80/><REACH who="1" ten="267,143,395,185" step="2"/><V124/><F124/><W133/><G133/><T85/><D82/><U88/><E88/><V2/><F101/><W119/><G119/><T30/><D81/><U94/><E94/><V130/><F93/><W17/><G75/><T86/><D96/><U104/><E104/><V129/><F130/><W9/><G72/><T111/><D86/><U69/><E69/><V0/><F129/><W22/><G92/><T100/><D85/><U44/><E44/><V35/><F35/><W18/><G89/><T64/><D84/><U70/><E70/><V34/><F34/><W122/><G122/><T127/><D71/><U26/><E26/><V48/><F46/><W120/><G120/><T99/><D100/><U115/><E115/><V112/><F112/><W11/><G45/><T77/><D99/><U102/><E102/><V109/><F109/><W91/><G91/><T43/><D103/><U113/><E113/><V114/><F114/><W83/><G83/><T27/><D111/><U8/><E8/><V56/><F59/><W95/><G95/><RYUUKYOKU ba="1,1" sc="267,-15,143,15,395,-15,185,15" hai1="4,10,12,13,15,19,23,24,41,42,60,62,63" hai3="5,7,9,11,17,18,20,22,28,29,36,38,50" /><INIT seed="3,2,1,5,3,48" ten="252,158,380,200" oya="3" hai0="61,19,71,20,50,46,77,58,103,9,5,108,96" hai1="134,123,72,105,122,117,12,37,70,45,1,60,66" hai2="116,55,102,41,101,49,27,54,129,85,74,64,11" hai3="67,127,26,128,2,84,17,4,62,63,135,83,24"/><W42/><G128/><T131/><D108/><U23/><E1/><V32/><F74/><W38/><G127/><T30/><D131/><U76/><E105/><V13/><F116/><W28/><G135/><T119/><D119/><U65/><E117/><V56/><F64/><W112/><G112/><T36/><D71/><U93/><E134/><V78/><F41/><W120/><G120/><T44/><D36/><U16/><E65/><V107/><F107/><W47/><G17/><T88/><D30/><U111/><E111/><V21/><F32/><W25/><G28/><T31/><D31/><U29/><E29/><N who="2" m="17647" /><F55/><W124/><G124/><T33/><D77/><U40/><REACH who="1" step="1"/><E93/><REACH who="1" ten="252,148,380,200" step="2"/><V6/><F129/><W73/><G73/><T89/><D33/><U75/><E75/><V121/><F121/><W104/><G104/><T10/><D10/><U114/><E114/><V18/><F6/><W59/><G63/><T79/><D9/><U82/><AGARI ba="2,2" hai="12,16,23,37,40,45,60,66,70,72,76,82,122,123" machi="82" ten="30,4000,0" yaku="1,1,0,1,54,1,53,0" doraHai="48" doraHaiUra="94" who="1" fromWho="1" sc="252,-12,148,66,380,-12,200,-22" owari="240,4.0,214,-18.6,368,46.8,178,-32.2" /></mjloggm>