<mjloggm ver="2.3"><GO type="225" lobby="0"/><UN n0="%E3%83%96%E3%83%83%E3%83%91%E3%82%AA%E3%83%96%E3%83%81%E3%82%AD%E3%83%B3" n1="%E7%89%B9%E6%9D%B1%E5%96%B0%E8%B5%A4%E9%80%9F" n2="%74%75%72%74%6C%65%2E" n3="%E9%A6%AC%E5%BC%95%E7%81%AB%33" dan="16,16,16,16" rate="2193.80,2012.97,2050.81,2154.56" sx="M,M,M,M"/><TAIKYOKU oya="0"/><INIT seed="0,0,0,0,2,85" ten="250,250,250,250" oya="0" hai0="47,87,26,86,5,10,89,24,74,13,21,72,29" hai1="78,73,117,127,56,101,120,51,49,91,124,106,70" hai2="36,43,28,116,122,104,27,45,11,37,134,84,52" hai3="118,63,90,57,1,34,8,61,113,97,19,99,44"/><T125/><D125/><N who="1" m="48203" /><E120/><V22/><F122/><W82/><G113/><T39/><D86/><U4/><E70/><V69/><F69/><W46/><G34/><T60/><D60/><U6/><E101/><V3/><F104/><W131/><G118/><T66/><D66/><U107/><E117/><V14/><F116/><W121/><G121/><T76/><D76/><U23/><E23/><V112/><F112/><W20/><G131/><T16/><D47/><U54/><E51/><V15/><F134/><W123/><G123/><T40/><D40/><U108/><E108/><V83/><F37/><W38/><G38/><T92/><REACH who="0" step="1"/><D39/><REACH who="0" ten="240,250,250,250" step="2"/><U48/><E78/><V103/><F36/><W58/><G44/><T79/><D79/><U115/><E49/><V55/><F43/><W35/><G46/><T62/><D62/><U109/><E48/><V111/><F111/><W71/><G63/><T94/><D94/><U41/><E41/><V53/><F45/><W12/><G61/><T42/><D42/><U25/><E109/><V133/><F55/><W88/><G71/><T0/><D0/><U105/><E105/><V128/><F53/><W81/><G1/><T110/><D110/><U50/><E106/><V100/><F52/><W119/><G119/><T9/><D9/><U67/><E107/><V96/><F3/><W98/><G8/><T30/><D30/><U65/><E65/><V31/><F31/><W33/><G58/><T77/><D77/><U93/><E67/><V135/><F11/><W126/><G57/><T80/><D80/><N who="3" m="30825" /><G126/><T7/><D7/><U32/><E4/><RYUUKYOKU ba="0,1" sc="240,15,250,-15,250,-15,250,15" hai0="5,10,13,16,21,24,26,29,72,74,87,89,92" hai3="12,19,20,33,35,88,90,97,98,99" /><INIT seed="0,1,1,2,3,122" ten="255,235,235,265" oya="0" hai0="19,38,69,59,2,17,41,97,109,28,93,24,130" hai1="78,58,54,125,52,12,96,0,75,113,34,60,108" hai2="61,72,62,1,101,6,105,67,133,68,106,121,102" hai3="25,57,49,94,65,126,103,55,110,87,27,131,7"/><T66/><D2/><U135/><E0/><V13/><F121/><W118/><G118/><T70/><D130/><U3/><E3/><V43/><F72/><W35/><G131/><T22/><D38/><U48/><E34/><V89/><F1/><W56/><G126/><T50/><D41/><U92/><E125/><V40/><F89/><W134/><G134/><T112/><D112/><U91/><E135/><V16/><F6/><W18/><G7/><T79/><D79/><U30/><E30/><V29/><F29/><W32/><G32/><T76/><D76/><U88/><E113/><V100/><F133/><W127/><G35/><T31/><D31/><U123/><E123/><V11/><REACH who="2" step="1"/><F61/><REACH who="2" ten="255,235,225,265" step="2"/><W36/><G127/><T90/><D28/><U83/><E91/><V51/><F51/><W99/><G49/><T116/><D50/><U53/><E48/><V46/><F46/><W124/><G36/><T86/><D90/><U39/><E39/><V14/><F14/><W107/><G25/><T73/><D73/><U111/><REACH who="1" step="1"/><E12/><REACH who="1" ten="255,225,225,265" step="2"/><V98/><F98/><W85/><G99/><T95/><D97/><U20/><E20/><V44/><F44/><W64/><G124/><T114/><D22/><U128/><E128/><V10/><F10/><W129/><G129/><T115/><D115/><U5/><E5/><V82/><F82/><W104/><G27/><T26/><D114/><U45/><E45/><V4/><F4/><W63/><G18/><T74/><D17/><U33/><E33/><V120/><F120/><W21/><G21/><T84/><D19/><U77/><E77/><RYUUKYOKU ba="1,3" sc="255,-15,225,15,225,15,265,-15" hai1="52,53,54,58,60,75,78,83,88,92,96,108,111" hai2="11,13,16,40,43,62,67,68,100,101,102,105,106" /><INIT seed="1,2,3,0,5,61" ten="240,240,240,250" oya="1" hai0="109,72,96,82,83,54,27,107,43,108,103,76,37" hai1="113,60,38,80,134,120,100,93,106,101,111,11,65" hai2="6,13,34,1,88,51,71,23,81,62,110,85,79" hai3="46,63,20,84,40,14,16,123,122,74,55,19,5"/><U127/><E113/><V58/><F34/><W45/><G74/><N who="0" m="43287" /><D54/><U36/><E120/><V7/><F1/><W50/><G5/><T130/><D27/><U117/><E117/><V78/><F71/><W135/><G135/><T35/><D35/><U69/><E134/><V29/><F51/><W125/><G125/><T77/><D130/><U116/><E116/><V2/><F2/><W128/><G128/><T121/><D121/><U114/><E114/><V66/><F110/><N who="0" m="42602" /><D43/><U57/><E111/><V112/><F112/><W25/><G84/><T90/><D37/><U48/><E127/><V3/><F3/><W64/><G46/><T133/><D133/><U89/><E36/><V41/><F41/><W99/><G40/><T26/><D26/><U91/><E38/><V24/><F6/><W94/><G19/><T124/><D124/><U32/><E32/><V59/><F58/><W68/><G25/><T53/><D53/><U105/><E69/><V67/><F67/><W115/><G115/><T98/><D98/><U131/><E131/><V8/><AGARI ba="2,3" hai="7,8,13,23,24,29,59,62,66,78,79,81,85,88" machi="8" ten="30,7900,0" yaku="0,1,8,1,52,1,54,1" doraHai="61" who="2" fromWho="2" sc="240,-22,240,-41,240,115,250,-22" /><INIT seed="2,0,0,2,4,75" ten="218,199,355,228" oya="2" hai0="59,24,103,91,112,56,55,83,114,34,104,71,123" hai1="26,53,14,80,82,33,128,99,120,6,25,1,72" hai2="12,106,64,131,38,47,127,62,15,9,11,94,81" hai3="36,87,133,22,113,7,31,97,27,40,95,57,86"/><V2/><F106/><W88/><G133/><T28/><D123/><U68/><E68/><V51/><F38/><W125/><G125/><T60/><D91/><U52/><E120/><V70/><F127/><W48/><G36/><T129/><D129/><U16/><E128/><V130/><F2/><W105/><G105/><T84/><D84/><U63/><E72/><V50/><F131/><W35/><G113/><N who="0" m="43627" /><D55/><N who="1" m="21067" /><E1/><V20/><F130/><W126/><G126/><T41/><D41/><U8/><E33/><V101/><F20/><W98/><G35/><T29/><D83/><N who="1" m="31787" /><E63/><V92/><F81/><W73/><G73/><T37/><D37/><U17/><E99/><V54/><F50/><W42/><G98/><N who="0" m="61559" /><D29/><U61/><E61/><V85/><F85/><W122/><G122/><T10/><D10/><U45/><E45/><V102/><F102/><W69/><G87/><T77/><D77/><U21/><E6/><V89/><F101/><W79/><G86/><T43/><D43/><U39/><E39/><V118/><F9/><W49/><G40/><T115/><N who="0" m="43635" /><T23/><DORA hai="124" /><D23/><U3/><E3/><V134/><F11/><W108/><G42/><T58/><D58/><U67/><E67/><AGARI ba="0,0" hai="24,28,34,56,59,60,67,71" m="61559,43635" machi="67" ten="40,1300,0" yaku="25,1" doraHai="75,124" who="0" fromWho="1" sc="218,13,199,-13,355,0,228,0" /><INIT seed="3,0,0,1,4,113" ten="231,186,355,228" oya="3" hai0="108,48,84,59,82,18,101,0,40,112,42,20,68" hai1="50,17,81,21,10,83,114,87,32,52,34,15,105" hai2="2,130,120,132,74,13,26,61,94,102,131,54,25" hai3="78,57,124,127,111,73,37,43,49,91,16,89,126"/><W80/><G111/><T6/><D68/><U90/><E114/><V56/><F2/><W86/><G37/><T133/><D112/><U85/><E105/><V5/><F74/><W96/><G96/><T71/><D71/><U23/><E32/><V103/><F120/><W66/><G73/><T88/><D108/><U29/><E29/><V119/><F119/><W4/><G4/><T65/><D133/><U47/><E34/><V9/><F132/><W11/><G43/><N who="0" m="16427" /><D0/><U12/><E12/><V125/><F125/><W107/><G107/><T128/><D128/><N who="2" m="49194" /><F94/><W46/><G46/><T41/><D101/><AGARI ba="0,0" hai="5,9,13,25,26,54,56,61,101,102,103" m="49194" machi="101" ten="30,1000,0" yaku="19,1" doraHai="113" who="2" fromWho="0" sc="231,-10,186,0,355,10,228,0" owari="221,-17.9,186,-31.4,365,46.5,228,2.8" /></mjloggm>