<mjloggm ver="2.3"><GO type="225" lobby="0"/><UN n0="%E3%81%BE%E3%81%8B%E3%81%B7%E3%82%93" n1="%E3%81%BF%E3%81%BF%E3%81%9A" n2="%E3%81%BD%E3%81%A1%E3%81%9F%E3%81%93%E3%82%84" n3="%E4%BF%BA%E3%81%A8%E5%A6%96%E5%A4%A2" dan="16,18,17,16" rate="2075.05,2250.03,2218.79,2135.43" sx="M,M,M,F"/><TAIKYOKU oya="0"/><INIT seed="0,0,0,2,5,62" ten="250,250,250,250" oya="0" hai0="61,68,29,129,33,58,15,119,59,98,75,122,70" hai1="87,111,57,3,54,130,24,51,34,9,10,42,89" hai2="16,46,19,48,125,78,83,4,56,79,31,82,45" hai3="90,36,81,13,50,32,17,97,69,113,1,71,39"/><T128/><D119/><U25/><E111/><V0/><F125/><W116/><G113/><T20/><D122/><U35/><E130/><N who="0" m="50281" /><D75/><U77/><E77/><V96/><F31/><W6/><G116/><T102/><D33/><U109/><E109/><V85/><F96/><W88/><G32/><T126/><D126/><U76/><E76/><V114/><F114/><W30/><G30/><T110/><D110/><U14/><E35/><V80/><F0/><W108/><G108/><T99/><D99/><U127/><E127/><V124/><F4/><W11/><G36/><T2/><D2/><U106/><E106/><V134/><F82/><W86/><G39/><T53/><D59/><U18/><E34/><V117/><F134/><W23/><REACH who="3" step="1"/><G50/><REACH who="3" ten="250,250,250,240" step="2"/><T120/><D120/><U135/><E135/><V133/><F133/><W28/><G28/><T92/><D29/><U121/><E121/><V131/><F117/><W65/><G65/><T63/><D63/><U55/><E55/><N who="2" m="31847" /><F131/><W84/><G84/><T41/><D41/><U104/><E42/><V38/><F38/><W105/><G105/><T21/><D53/><U7/><REACH who="1" step="1"/><E104/><REACH who="1" ten="250,240,250,240" step="2"/><V37/><F124/><W112/><G112/><T115/><D115/><U26/><E26/><V44/><F37/><W72/><G72/><T66/><D61/><U93/><AGARI ba="0,2" hai="3,7,9,10,14,18,24,25,51,54,57,87,89,93" machi="93" ten="20,2700,0" yaku="1,1,0,1,7,1,53,0" doraHai="62" doraHaiUra="73" who="1" fromWho="1" sc="250,-13,240,47,250,-7,240,-7" /><INIT seed="1,0,0,5,1,114" ten="237,287,243,233" oya="1" hai0="75,109,125,7,8,74,28,65,111,127,101,10,90" hai1="62,51,34,121,88,0,15,1,102,110,116,105,103" hai2="70,21,59,26,56,131,49,117,71,29,32,2,46" hai3="82,63,6,25,72,53,107,23,48,52,112,40,3"/><U108/><E121/><V61/><F2/><N who="1" m="1129" /><E34/><V43/><F131/><W134/><G112/><T18/><D101/><N who="1" m="38411" /><E105/><V39/><F117/><W19/><G107/><T58/><D28/><U84/><E62/><V130/><F130/><W104/><G104/><T87/><D18/><U66/><E51/><V11/><F11/><N who="0" m="4138" /><D7/><U124/><E15/><V89/><F32/><W24/><G24/><T78/><D58/><U86/><E66/><V9/><F9/><W57/><G3/><T12/><D12/><U4/><E4/><V35/><F35/><W99/><G6/><T97/><D65/><U79/><E79/><V126/><F49/><W115/><G115/><T119/><D78/><U67/><E67/><V77/><F77/><W69/><G48/><T64/><D64/><U37/><E37/><V76/><F76/><W120/><G120/><T118/><D97/><U22/><E22/><V96/><F56/><W36/><G99/><T45/><D45/><U94/><E116/><N who="0" m="44585" /><D74/><U42/><E42/><V41/><F43/><W128/><G40/><T38/><D75/><U129/><E129/><V16/><F59/><W14/><G72/><T33/><D33/><U20/><E20/><V55/><F21/><W95/><G23/><T31/><D31/><U92/><E84/><V68/><F39/><W47/><G36/><T81/><D38/><U133/><E133/><V13/><F41/><W27/><G128/><T93/><D81/><U54/><E86/><V122/><F13/><W80/><G14/><T30/><D30/><U100/><E100/><V123/><F29/><W44/><G44/><RYUUKYOKU ba="0,0" sc="237,30,287,-10,243,-10,233,-10" hai0="87,90,93,109,111,125,127" /><INIT seed="2,1,0,0,2,3" ten="267,277,233,223" oya="2" hai0="75,127,9,88,101,135,31,34,18,44,84,78,1" hai1="69,90,125,72,39,14,67,86,19,76,133,62,6" hai2="129,59,73,126,47,120,25,10,15,81,124,29,80" hai3="95,113,57,116,109,64,104,103,119,8,26,134,132"/><V50/><F120/><W66/><G104/><T63/><D135/><N who="3" m="51753" /><G109/><T117/><D117/><N who="3" m="45129" /><G26/><T58/><D127/><N who="2" m="48682" /><F59/><W82/><G113/><T93/><D44/><U96/><E39/><V98/><F98/><N who="3" m="59871" /><G57/><T74/><D58/><U121/><E133/><V92/><F92/><W83/><G8/><T65/><D93/><U112/><E121/><V55/><F73/><W13/><G13/><T123/><D75/><U45/><E72/><V51/><F51/><W107/><G107/><T91/><D9/><U22/><E112/><V0/><F0/><W30/><G30/><T79/><D31/><U52/><E125/><V48/><F48/><W114/><G114/><T4/><D1/><U110/><E110/><V108/><F108/><W16/><G16/><T49/><D18/><U105/><E105/><V32/><F129/><W118/><N who="3" m="45137" /><W17/><DORA hai="24" /><G17/><AGARI ba="1,0" hai="10,15,17,25,29,32,47,50,55,80,81" m="48682" machi="17" ten="30,2900,0" yaku="18,1,52,1" doraHai="3,24" who="2" fromWho="3" sc="267,0,277,0,233,32,223,-32" /><INIT seed="2,2,0,4,0,126" ten="267,277,265,191" oya="2" hai0="18,74,85,50,60,30,40,123,7,1,72,5,86" hai1="47,128,59,116,13,95,133,32,27,19,108,64,120" hai2="61,124,125,68,106,76,69,4,8,53,33,78,45" hai3="82,55,87,105,57,130,37,121,98,132,23,34,92"/><V110/><F106/><W96/><G121/><T25/><D123/><U107/><E120/><V16/><F33/><W81/><G34/><T46/><D18/><U100/><E116/><V35/><F35/><W28/><G37/><T6/><D1/><U56/><E107/><V122/><F122/><W89/><G132/><T41/><D41/><U135/><E47/><V117/><F117/><W102/><G130/><T9/><D9/><U109/><E100/><V65/><F69/><W94/><G105/><T71/><D71/><U91/><E128/><V104/><F104/><W67/><G87/><T36/><D36/><U99/><E27/><V39/><F110/><N who="1" m="42601" /><E32/><V113/><F113/><W118/><G67/><T63/><D74/><U97/><E97/><V24/><F39/><W101/><G89/><T93/><D72/><U21/><E64/><V58/><F45/><W73/><G73/><T77/><D77/><U3/><E3/><N who="2" m="31" /><F78/><W131/><G131/><T83/><D83/><U114/><E114/><V14/><F76/><W26/><REACH who="3" step="1"/><G118/><REACH who="3" ten="267,277,265,181" step="2"/><T112/><D112/><U103/><E91/><V80/><F65/><W54/><G54/><T66/><D66/><U127/><E135/><V62/><F68/><W12/><G12/><T17/><D86/><U49/><E133/><V43/><F14/><W2/><G2/><T84/><D84/><U0/><E0/><V20/><F53/><W11/><G11/><T51/><D85/><U79/><E79/><V129/><F129/><W10/><G10/><T15/><D15/><U29/><E13/><N who="2" m="9231" /><F125/><W75/><G75/><T70/><D70/><RYUUKYOKU ba="2,1" sc="267,-10,277,-10,265,-10,181,30" hai3="23,26,28,55,57,81,82,92,94,96,98,101,102" /><INIT seed="3,3,1,0,2,36" ten="257,267,255,211" oya="3" hai0="31,53,48,1,19,54,70,15,35,122,59,95,74" hai1="78,126,27,22,37,29,107,72,38,52,40,21,13" hai2="10,111,32,97,28,30,41,9,80,2,75,117,113" hai3="109,57,24,135,96,102,133,82,63,65,101,129,46"/><W128/><G82/><T42/><D122/><U67/><E107/><V68/><F113/><W131/><G109/><T18/><D70/><U94/><E67/><V124/><F117/><W23/><G46/><T98/><D1/><U86/><E72/><V11/><F111/><W84/><G84/><T121/><D121/><U49/><E126/><V62/><F124/><W106/><REACH who="3" step="1"/><G101/><REACH who="3" ten="257,267,255,201" step="2"/><T87/><D87/><U91/><E78/><V89/><F80/><W6/><G6/><T130/><D74/><U120/><E120/><V66/><F75/><W110/><G110/><T132/><D130/><U108/><E108/><V16/><F89/><W50/><G50/><T77/><D48/><U88/><E91/><V83/><F83/><W116/><G116/><T14/><D77/><U104/><E38/><V123/><F123/><W73/><G73/><T43/><D98/><U92/><E37/><V12/><F97/><W55/><G55/><T45/><D54/><U103/><E103/><V81/><F81/><W119/><G119/><T79/><D79/><U8/><E52/><V34/><F41/><W115/><G115/><T64/><D53/><U58/><E40/><V47/><F47/><W33/><G33/><T90/><D45/><U3/><E49/><V39/><F39/><W69/><G69/><T85/><D43/><U56/><E86/><V99/><F99/><W114/><G114/><T26/><D42/><U127/><E88/><V100/><F100/><W25/><G25/><T93/><D90/><U134/><E127/><V17/><F68/><W125/><G125/><T4/><D26/><RYUUKYOKU ba="3,2" sc="257,-10,267,-10,255,-10,201,30" hai3="23,24,57,63,65,96,102,106,128,129,131,133,135" /><INIT seed="3,4,2,3,5,29" ten="247,257,245,231" oya="3" hai0="83,91,21,87,48,102,129,39,67,130,116,109,36" hai1="23,69,62,22,58,85,28,103,104,120,18,96,79" hai2="45,135,106,49,88,94,34,43,6,12,54,126,124" hai3="19,35,84,24,95,100,72,66,113,93,112,46,41"/><W9/><G72/><T81/><D116/><U111/><E120/><V52/><F106/><W71/><G112/><T26/><D109/><U33/><E111/><V134/><F34/><W86/><G113/><T73/><D67/><U50/><E50/><BYE who="1" /><UN n1="%E3%81%BF%E3%81%BF%E3%81%9A" /><V47/><F6/><W14/><G35/><T64/><D102/><U57/><E23/><V128/><F12/><W92/><G100/><T13/><D64/><N who="1" m="41111" /><E85/><N who="2" m="52495" /><F128/><N who="0" m="49258" /><D13/><N who="1" m="9551" /><E79/><V110/><F110/><W3/><G3/><T105/><D105/><U2/><E2/><V38/><F54/><W16/><G66/><T99/><D99/><U1/><E1/><V119/><F119/><W4/><G71/><T0/><D0/><U17/><E17/><N who="3" m="6730" /><G24/><AGARI ba="4,2" hai="24,28,33,57,58,96,103,104" m="9551,41111" machi="24" ten="30,2000,0" yaku="25,1,52,1" doraHai="29" who="1" fromWho="3" sc="247,0,257,52,245,0,231,-32" owari="247,4.7,309,40.9,245,-15.5,199,-30.1" /></mjloggm>