<mjloggm ver="2.3"><GO type="225" lobby="0"/><UN n0="%E3%81%93%E3%81%9F%E3%82%8D%E3%81%86%E3%81%8F%E3%82%93" n1="%E5%8D%A0%E3%81%84%E5%B8%AB%E8%A3%8F%E3%81%AA%E3%81%84%E3%81%97" n2="%E5%B8%86%E7%AB%8B%E5%A4%8F%E8%A1%A3" n3="%E3%81%95%E3%81%8D%E3%81%9F%E3%81%BE%E6%9E%97%E6%AA%8E" dan="16,17,17,16" rate="2067.12,2256.13,2242.35,2090.59" sx="M,M,M,M"/><TAIKYOKU oya="0"/><INIT seed="0,0,0,4,0,35" ten="250,250,250,250" oya="0" hai0="104,70,37,29,30,88,11,128,18,106,112,28,90" hai1="69,77,113,109,98,129,19,115,121,14,87,92,130" hai2="3,38,124,120,80,13,56,8,78,25,96,49,119" hai3="57,131,116,15,105,1,31,58,7,103,51,73,24"/><T47/><D112/><N who="1" m="43083" /><E69/><V46/><F120/><W36/><G36/><T99/><D70/><U23/><E109/><V21/><F124/><W12/><G73/><T41/><D128/><N who="1" m="49259" /><E121/><V63/><F38/><W108/><G108/><T59/><D59/><U26/><E77/><V76/><F119/><W86/><G116/><T107/><REACH who="0" step="1"/><D99/><REACH who="0" ten="240,250,250,250" step="2"/><U39/><E39/><V126/><F96/><W135/><G131/><T74/><D74/><U85/><E26/><V101/><F25/><W68/><G58/><T65/><D65/><U6/><E6/><V134/><F56/><W97/><G57/><T44/><D44/><U4/><E4/><V16/><F46/><W22/><G7/><T45/><D45/><U34/><E34/><V125/><F125/><W55/><G24/><T64/><D64/><U32/><E32/><V5/><F5/><W27/><G97/><T82/><D82/><U20/><E20/><V61/><F21/><W117/><G27/><T71/><D71/><U52/><E52/><V81/><F80/><W95/><G55/><T79/><D79/><U72/><E72/><V123/><F81/><W48/><G22/><T114/><D114/><U89/><AGARI ba="0,1" hai="14,19,23,85,87,89,92,98" m="49259,43083" machi="89" ten="30,2000,0" yaku="11,1,19,1" doraHai="35" who="1" fromWho="1" sc="240,-10,250,30,250,-5,250,-5" /><INIT seed="1,0,0,4,4,66" ten="230,280,245,245" oya="1" hai0="61,117,96,56,119,30,65,58,110,106,83,131,120" hai1="10,51,13,125,64,23,112,124,54,78,63,14,122" hai2="88,118,73,74,36,128,49,27,41,130,59,16,80" hai3="111,84,86,39,8,97,132,103,134,17,9,47,42"/><U12/><E112/><V102/><F102/><W95/><G111/><T34/><D110/><U90/><E122/><V98/><F118/><W85/><REACH who="3" step="1"/><G17/><REACH who="3" ten="230,280,245,235" step="2"/><T32/><D120/><U81/><E124/><V33/><F16/><W108/><G108/><T91/><D131/><U6/><E125/><V77/><F130/><W101/><G101/><T24/><D117/><U127/><E127/><V7/><F128/><W50/><G50/><T48/><D119/><U82/><E51/><V92/><F7/><W15/><G15/><T35/><D48/><U67/><E13/><V22/><F36/><W52/><G52/><T114/><D114/><U99/><E54/><V79/><F41/><W123/><G123/><T72/><D106/><U87/><E14/><V113/><F113/><W31/><G31/><T105/><D105/><U126/><E126/><V129/><F129/><W5/><G5/><T100/><D100/><U26/><E12/><V75/><F49/><W109/><G109/><T0/><D0/><U76/><E6/><V135/><F27/><W38/><G38/><T37/><D37/><U60/><E26/><V89/><F135/><AGARI ba="0,1" hai="8,9,39,42,47,84,85,86,95,97,103,132,134,135" machi="135" ten="40,2600,0" yaku="1,1,20,1,53,0" doraHai="66" doraHaiUra="45" who="3" fromWho="2" sc="230,0,280,0,245,-26,235,36" /><INIT seed="2,0,0,2,0,46" ten="230,280,219,271" oya="2" hai0="49,106,108,135,32,114,31,90,51,24,75,19,94" hai1="28,10,83,0,72,122,35,4,117,6,98,101,97" hai2="120,65,8,69,88,64,26,80,42,38,132,15,36" hai3="41,21,11,110,73,50,44,52,43,76,37,79,126"/><V129/><F120/><W23/><G110/><T77/><D108/><U92/><E117/><V22/><F129/><W17/><G73/><T93/><D114/><U89/><E122/><V5/><F132/><W40/><G126/><T118/><D135/><U60/><E35/><V68/><F68/><W87/><G37/><T18/><D106/><U59/><E28/><V39/><F42/><W3/><G3/><T111/><D111/><U103/><E4/><V81/><F69/><W71/><G71/><T13/><D118/><U84/><E72/><V27/><F27/><W61/><G11/><T99/><D93/><U128/><E128/><V66/><REACH who="2" step="1"/><F88/><REACH who="2" ten="230,280,209,271" step="2"/><W45/><G43/><T63/><D63/><U20/><E98/><V47/><F47/><W104/><G41/><T109/><D109/><U62/><E62/><V14/><F14/><W57/><G45/><T127/><D127/><U86/><E97/><V16/><AGARI ba="0,1" hai="5,8,15,16,22,26,36,38,39,64,65,66,80,81" machi="16" ten="40,7800,0" yaku="1,1,0,1,54,1,53,0" doraHai="46" doraHaiUra="91" who="2" fromWho="2" sc="230,-26,280,-26,209,88,271,-26" /><INIT seed="2,1,0,1,5,16" ten="204,254,297,245" oya="2" hai0="122,109,114,76,22,118,117,110,124,113,0,55,81" hai1="126,32,116,50,61,106,74,14,84,95,127,108,135" hai2="46,33,132,49,107,105,85,93,2,99,48,42,36" hai3="63,7,40,15,87,54,60,53,3,78,47,77,59"/><V92/><F132/><W111/><G111/><N who="0" m="42507" /><D0/><U23/><E116/><N who="0" m="44649" /><D55/><U91/><E32/><V17/><F33/><W103/><G3/><T12/><D12/><U121/><E121/><V39/><F2/><W86/><G103/><T11/><D11/><U68/><E108/><V66/><F66/><W44/><G40/><T125/><D22/><U38/><E38/><V131/><F131/><W37/><G37/><T8/><D8/><U30/><E135/><V51/><F39/><W119/><G119/><T6/><D6/><U104/><E74/><V72/><F72/><W100/><G100/><T83/><D76/><N who="3" m="29289" /><G7/><T101/><D101/><U41/><E41/><V128/><F128/><W31/><G31/><T29/><D29/><U69/><E50/><V123/><F17/><W5/><G5/><T25/><D25/><N who="1" m="16703" /><E14/><V73/><F48/><W96/><G15/><T57/><D57/><U70/><E61/><V58/><F49/><N who="3" m="28839" /><G47/><T4/><D4/><U52/><E52/><V89/><F51/><W20/><G63/><T13/><D13/><U97/><E68/><V75/><F58/><W71/><G20/><T1/><D1/><U115/><E69/><V129/><F129/><W27/><G27/><T80/><D122/><U67/><E70/><V56/><F123/><W10/><G10/><T94/><D94/><U9/><E9/><V98/><F56/><W35/><G35/><T82/><N who="0" m="20480" /><DORA hai="34" /><T21/><D21/><U43/><E43/><V90/><F75/><W134/><G71/><T62/><D62/><U64/><E64/><V19/><F73/><W130/><G60/><RYUUKYOKU ba="1,0" sc="204,30,254,-10,297,-10,245,-10" hai0="113,114,124,125" /><INIT seed="3,2,0,3,3,29" ten="234,244,287,235" oya="3" hai0="60,129,131,117,91,13,98,18,134,21,96,4,57" hai1="47,28,7,55,125,3,64,102,104,126,0,36,89" hai2="78,14,83,8,75,61,111,74,69,85,54,9,93" hai3="62,130,73,67,31,26,109,58,88,70,103,33,37"/><W43/><G130/><N who="0" m="49675" /><D117/><U90/><E64/><V123/><F111/><W107/><G58/><T68/><D134/><U97/><E28/><V71/><F123/><W72/><G88/><N who="1" m="33898" /><E7/><V87/><F54/><W49/><G49/><T66/><D4/><U46/><E55/><V38/><F38/><W116/><G116/><T124/><D124/><N who="1" m="47723" /><E36/><V59/><F59/><W99/><G109/><T120/><D120/><U105/><E105/><V41/><F41/><W108/><G108/><T110/><D110/><U100/><E100/><V95/><F14/><W15/><G15/><T80/><D68/><U20/><E20/><V12/><F12/><W106/><G106/><T19/><D19/><U6/><E6/><V16/><F16/><W50/><G50/><T112/><D112/><U113/><E113/><V127/><F127/><W76/><G76/><T17/><D17/><U81/><E81/><V135/><F83/><W30/><G30/><T51/><D51/><U42/><E42/><V128/><F78/><W34/><G34/><T40/><D40/><U121/><E121/><V2/><F128/><W52/><G52/><T84/><AGARI ba="2,0" hai="13,18,21,57,60,66,80,84,91,96,98" m="49675" machi="84" ten="30,1100,0" yaku="19,1" doraHai="29" who="0" fromWho="0" sc="234,17,244,-5,287,-5,235,-7" /><INIT seed="4,0,0,2,0,2" ten="251,239,282,228" oya="0" hai0="10,132,124,83,66,101,64,114,130,18,13,120,108" hai1="37,42,102,133,45,91,63,123,16,119,43,31,95" hai2="128,97,14,40,8,100,44,90,38,88,5,56,117" hai3="27,118,20,87,57,61,36,28,34,80,67,59,41"/><T19/><D120/><U30/><E123/><V94/><F128/><W35/><G118/><T22/><D130/><U26/><E119/><V77/><F117/><W58/><G36/><T17/><D108/><U68/><E133/><V73/><F77/><W32/><REACH who="3" step="1"/><G41/><REACH who="3" ten="251,239,282,218" step="2"/><T103/><D132/><U112/><E42/><V33/><F73/><W23/><G23/><T116/><D116/><U113/><E43/><V52/><F33/><W129/><G129/><T135/><D135/><U86/><E37/><V3/><F3/><W96/><G96/><T125/><D125/><U121/><E121/><V0/><F0/><W82/><G82/><T126/><D83/><U99/><E113/><V134/><F134/><W12/><G12/><T76/><D114/><U85/><E112/><V106/><F106/><W60/><G60/><AGARI ba="0,1" hai="5,8,14,38,40,44,52,56,60,88,90,94,97,100" machi="60" ten="30,7700,0" yaku="7,1,52,1,54,2" doraHai="2" who="2" fromWho="3" sc="251,0,239,0,282,87,218,-77" owari="251,5.1,239,-16.1,369,46.9,141,-35.9" /></mjloggm>