<mjloggm ver="2.3"><GO type="225" lobby="0"/><UN n0="%E3%81%AF%E3%82%88%E3%81%8A%E3%81%98%E3%81%95%E3%82%93" n1="%E6%A1%9C%E8%8A%B1%E9%96%83%E3%80%85" n2="%E9%A6%AC%E5%BC%95%E7%81%AB%33" n3="%E3%81%99%E3%81%84%E3%81%BE%E3%81%9B%E3%83%BC%E3%82%93" dan="17,16,16,18" rate="2144.39,2136.87,2135.13,2265.55" sx="M,M,M,M"/><TAIKYOKU oya="0"/><INIT seed="0,0,0,1,1,10" ten="250,250,250,250" oya="0" hai0="135,95,44,59,125,54,30,58,110,70,134,1,5" hai1="82,37,115,131,74,46,3,14,52,38,34,97,64" hai2="81,87,79,24,18,83,31,127,91,9,126,28,89" hai3="88,53,105,119,60,0,112,121,61,23,80,45,2"/><T123/><D70/><U68/><E3/><V78/><F18/><W48/><G112/><T25/><D123/><U124/><E34/><V63/><F63/><W102/><G119/><T56/><D125/><N who="2" m="47626" /><F9/><W55/><G121/><T73/><D73/><U86/><E74/><N who="2" m="43223" /><F28/><W98/><G23/><AGARI ba="0,0" hai="23,24,31,79,83,87,89,91" m="43223,47626" machi="23" ten="30,1000,0" yaku="18,1" doraHai="10" who="2" fromWho="3" sc="250,0,250,0,250,10,250,-10" /><INIT seed="1,0,0,1,2,83" ten="250,250,260,240" oya="1" hai0="45,71,7,26,16,131,31,76,78,11,32,101,20" hai1="53,3,124,75,117,23,48,112,104,41,50,33,2" hai2="79,63,93,40,94,15,68,72,77,113,57,35,109" hai3="65,132,122,89,96,99,103,133,56,49,17,55,39"/><U52/><E33/><V58/><F35/><W22/><G122/><T62/><D131/><U12/><E117/><V4/><F68/><W95/><G39/><T47/><D101/><U130/><E112/><V91/><F109/><W125/><G65/><T121/><D121/><U18/><E130/><V98/><F113/><W81/><G125/><T85/><D71/><U19/><E75/><V60/><F40/><W107/><REACH who="3" step="1"/><G81/><REACH who="3" ten="250,250,260,230" step="2"/><N who="0" m="47271" /><D78/><U14/><E124/><V73/><F79/><W118/><G118/><T119/><D119/><U9/><E104/><V108/><F77/><W114/><G114/><T111/><D111/><U1/><REACH who="1" step="1"/><E41/><REACH who="1" ten="250,240,260,230" step="2"/><V126/><F126/><W0/><G0/><T127/><D127/><U42/><E42/><V128/><F108/><W51/><G51/><AGARI ba="0,2" hai="1,2,3,9,12,14,18,19,23,48,50,51,52,53" machi="51" ten="40,3900,0" yaku="1,1,54,1,53,0" doraHai="83" doraHaiUra="67" who="1" fromWho="3" sc="250,0,240,59,260,0,230,-39" /><INIT seed="1,1,0,2,1,44" ten="250,299,260,191" oya="1" hai0="29,116,115,111,5,103,81,112,28,43,60,96,37" hai1="8,131,100,117,76,40,107,63,69,33,90,128,36" hai2="102,110,10,38,7,24,89,98,35,73,65,49,50" hai3="21,85,121,86,6,19,1,126,132,109,54,71,18"/><U104/><E117/><V62/><F38/><W55/><G121/><T48/><D116/><U46/><E33/><V26/><F73/><W34/><G34/><T99/><D37/><U39/><E39/><V27/><F35/><W67/><G109/><T11/><D111/><U9/><E76/><V83/><F110/><W17/><G126/><T77/><D60/><U42/><E42/><V3/><F83/><W119/><G119/><T127/><D127/><U74/><E74/><V134/><F89/><W84/><G132/><T32/><D32/><U2/><E90/><V58/><REACH who="2" step="1"/><F134/><REACH who="2" ten="250,299,250,191" step="2"/><W41/><G21/><T122/><D122/><U79/><E79/><V61/><F61/><W23/><G23/><T31/><D81/><U118/><E118/><V0/><F0/><W57/><G71/><T45/><D77/><U72/><E72/><V105/><AGARI ba="1,1" hai="3,7,10,24,26,27,49,50,58,62,65,98,102,105" machi="105" ten="30,7900,0" yaku="1,1,0,1,52,2,53,0" doraHai="44" doraHaiUra="15" who="2" fromWho="2" sc="250,-21,299,-40,250,92,191,-21" /><INIT seed="2,0,0,4,4,126" ten="229,259,342,170" oya="2" hai0="109,68,52,106,100,134,91,49,80,6,118,28,1" hai1="34,76,132,84,61,39,29,3,119,99,44,123,89" hai2="103,40,16,131,105,93,42,48,37,21,62,133,20" hai3="4,95,63,9,85,75,83,122,92,98,67,111,97"/><V35/><F35/><W90/><G122/><T104/><D68/><U11/><E119/><V78/><F105/><W46/><G111/><T73/><D109/><U120/><E76/><V70/><F37/><W33/><G33/><T129/><D118/><U128/><E99/><V127/><F78/><W94/><G46/><T38/><D38/><U113/><E113/><V79/><F79/><W36/><G75/><T31/><D73/><U10/><E61/><V124/><F133/><W32/><G32/><T96/><D106/><U27/><E132/><V121/><F48/><W87/><G87/><T51/><D51/><U56/><E56/><V112/><F62/><W86/><G86/><T58/><D134/><U64/><E64/><V30/><F30/><W54/><G54/><T60/><D49/><U107/><E107/><V18/><F70/><W2/><REACH who="3" step="1"/><G36/><REACH who="3" ten="229,259,342,160" step="2"/><T43/><D52/><U110/><E110/><V72/><F72/><W53/><G53/><T81/><D80/><N who="1" m="49287" /><E120/><V55/><F55/><W19/><G19/><T88/><D81/><U65/><E123/><V102/><F121/><W8/><G8/><T116/><D116/><U17/><E17/><V114/><F93/><W22/><G22/><T57/><D104/><U13/><E11/><V50/><F50/><W25/><G25/><T0/><D28/><U15/><E39/><V47/><F47/><W66/><G66/><T41/><D31/><U135/><E65/><V74/><F74/><W45/><G45/><T115/><D115/><U12/><E135/><V130/><AGARI ba="0,1" hai="16,18,20,21,40,42,102,103,112,114,124,127,130,131" machi="130" ten="25,18000,2" yaku="0,1,22,2,52,2,54,1" doraHai="126" who="2" fromWho="2" sc="229,-60,259,-60,342,190,160,-60" /><INIT seed="2,1,0,1,2,69" ten="169,199,532,100" oya="2" hai0="118,28,25,5,37,100,70,1,128,44,58,132,2" hai1="107,9,82,40,78,54,38,127,95,112,119,52,134" hai2="109,114,35,7,89,24,102,62,66,135,26,103,83" hai3="63,50,99,92,84,12,43,14,88,94,30,71,47"/><V120/><F114/><W20/><G71/><T17/><D70/><U110/><E112/><V131/><F120/><W59/><G30/><T8/><D128/><U4/><E107/><V90/><F7/><W27/><G27/><T16/><D1/><N who="1" m="143" /><E119/><V79/><F135/><W106/><G106/><T41/><D132/><U53/><E134/><V10/><F109/><W29/><G29/><T68/><D68/><U23/><E23/><V57/><F131/><W6/><G6/><T34/><D118/><U11/><E95/><V75/><F10/><W0/><G20/><T56/><D100/><U93/><E93/><V39/><F39/><W42/><G42/><T115/><D115/><U96/><E96/><V60/><F60/><W80/><G0/><T133/><D133/><U55/><E55/><V86/><F90/><W15/><REACH who="3" step="1"/><G99/><REACH who="3" ten="169,199,532,90" step="2"/><T87/><D17/><U67/><E40/><V85/><F24/><W126/><G126/><T33/><D16/><U19/><E127/><V51/><F26/><W91/><G91/><T46/><D33/><U122/><E19/><V73/><F89/><W125/><G125/><T74/><D25/><U111/><E111/><V98/><F98/><W65/><AGARI ba="1,1" hai="12,14,15,43,47,50,59,63,65,80,84,88,92,94" machi="65" ten="30,7900,0" yaku="1,1,0,1,8,1,54,1,53,0" doraHai="69" doraHaiUra="97" who="3" fromWho="3" sc="169,-21,199,-21,532,-40,90,92" /><INIT seed="3,0,0,1,3,91" ten="148,178,492,182" oya="3" hai0="69,84,48,92,63,132,110,118,34,38,128,55,99" hai1="57,49,87,62,135,106,83,108,1,23,31,65,47" hai2="6,66,113,67,112,123,76,131,36,59,124,51,107" hai3="111,24,26,74,71,79,8,89,4,32,130,129,117"/><W119/><G71/><T12/><D118/><N who="3" m="45065" /><G79/><T77/><D38/><U114/><E114/><V39/><F107/><W37/><G74/><T102/><D34/><U100/><E108/><V35/><F76/><W120/><G89/><T18/><D110/><U61/><E135/><V45/><F113/><W96/><G96/><T98/><D132/><U73/><E1/><V2/><F112/><W70/><G70/><T7/><D128/><N who="3" m="49257" /><G37/><T22/><D7/><U50/><E73/><V43/><F36/><W5/><G120/><T97/><D63/><N who="1" m="38127" /><E100/><V122/><F39/><W125/><G125/><T14/><D14/><U68/><E106/><V27/><F43/><W10/><G111/><T53/><D69/><U72/><E72/><V52/><F45/><W94/><G94/><N who="0" m="58679" /><D77/><N who="1" m="46575" /><E68/><V15/><F59/><W115/><G115/><T134/><D134/><U60/><E47/><V93/><F93/><W127/><G127/><T101/><D99/><U20/><E20/><V46/><F67/><W103/><G32/><T54/><D84/><U126/><E126/><V121/><F52/><W41/><G41/><T82/><D82/><U11/><E11/><V28/><F51/><AGARI ba="0,0" hai="12,18,22,48,51,53,54,55,92,98,101" m="58679" machi="51" ten="30,3900,0" yaku="8,1,52,2" doraHai="91" who="0" fromWho="2" sc="148,39,178,0,492,-39,182,0" owari="187,-1.3,178,-32.2,453,55.3,182,-21.8" /></mjloggm>