<mjloggm ver="2.3"><GO type="225" lobby="0"/><UN n0="%E3%83%A9%E3%82%B9%E7%8E%87%EF%BC%93%E5%89%B2" n1="%E3%83%B4%E3%83%A0%EF%BC%99%E3%81%A6" n2="%E3%83%96%E3%83%83%E3%83%91%E3%82%AA%E3%83%96%E3%83%81%E3%82%AD%E3%83%B3" n3="%E3%81%82%E3%82%93%E3%81%AA%E3%81%A4" dan="17,17,17,17" rate="2185.16,2149.31,2182.22,2194.19" sx="F,M,M,M"/><TAIKYOKU oya="0"/><INIT seed="0,0,0,2,0,29" ten="250,250,250,250" oya="0" hai0="77,103,19,117,68,36,48,49,80,112,83,61,93" hai1="121,71,91,7,118,113,55,134,86,20,17,106,52" hai2="87,27,16,24,35,95,67,54,132,37,135,30,126" hai3="96,122,104,85,23,3,25,123,32,2,114,74,57"/><T119/><D36/><U62/><E118/><V98/><F37/><W15/><G74/><T4/><D112/><U18/><E121/><N who="3" m="46090" /><G85/><T129/><D4/><U78/><E113/><V39/><F39/><W102/><G114/><T53/><D129/><U28/><E134/><N who="2" m="51243" /><F126/><W69/><G69/><T46/><D19/><U100/><E78/><V108/><F108/><W5/><G57/><T128/><D128/><U59/><E7/><V110/><F110/><W22/><G32/><T66/><D83/><U116/><E116/><V73/><F73/><W42/><G42/><T11/><D11/><U1/><E1/><N who="3" m="10" /><G25/><T107/><D107/><U70/><E70/><V41/><F41/><W127/><G127/><T50/><D119/><U115/><E71/><V43/><F43/><W81/><G81/><T92/><D117/><U65/><E115/><V63/><F54/><W38/><G38/><T84/><REACH who="0" step="1"/><D103/><REACH who="0" ten="240,250,250,250" step="2"/><U124/><E100/><V12/><F16/><N who="1" m="6249" /><E124/><V34/><F30/><W101/><G101/><T45/><D45/><U133/><E133/><V130/><F130/><W79/><G79/><T131/><D131/><U26/><E106/><V51/><F24/><W58/><G5/><T82/><D82/><AGARI ba="0,1" hai="20,26,28,52,55,59,62,65,82,86,91" m="6249" machi="82" ten="30,3900,0" yaku="8,1,54,2" doraHai="29" who="1" fromWho="0" sc="240,-39,250,49,250,0,250,0" /><INIT seed="1,0,0,1,1,31" ten="201,299,250,250" oya="1" hai0="60,128,77,126,124,25,20,115,134,23,43,6,27" hai1="135,57,11,34,64,71,131,98,35,118,59,68,28" hai2="38,17,3,7,91,1,19,97,114,90,39,14,49" hai3="33,41,76,95,117,122,106,5,125,83,108,96,21"/><U56/><E118/><V79/><F114/><W30/><G122/><T86/><D43/><U82/><E28/><V84/><F79/><W75/><G117/><T74/><D74/><U29/><E29/><V58/><F39/><W100/><G108/><T129/><D115/><U73/><E131/><N who="0" m="50249" /><D60/><U92/><E135/><V89/><F38/><W111/><G111/><T16/><D86/><U120/><E120/><V103/><F84/><W66/><G41/><T80/><D80/><U50/><E50/><V48/><F7/><W107/><G125/><N who="0" m="48235" /><D77/><U53/><E53/><V63/><F3/><W133/><G66/><T116/><D6/><U93/><E64/><V44/><F63/><W102/><G5/><T0/><D116/><U51/><E51/><V45/><F48/><W113/><G113/><T13/><D0/><U9/><E82/><V88/><F1/><W112/><G112/><T24/><D134/><U119/><E119/><V61/><F49/><W121/><G133/><T70/><D70/><N who="1" m="26667" /><E98/><V15/><F45/><W87/><G87/><T42/><D42/><U26/><E73/><V72/><F44/><W110/><G75/><T46/><D46/><U37/><E37/><V47/><F47/><W12/><G76/><T67/><D67/><U62/><E62/><V10/><F72/><W52/><G96/><T8/><AGARI ba="0,0" hai="8,13,16,20,23,24,25,27" m="48235,50249" machi="8" ten="40,8000,1" yaku="19,1,18,1,34,2,54,1" doraHai="31" who="0" fromWho="0" sc="201,80,299,-40,250,-20,250,-20" /><INIT seed="2,0,0,3,1,58" ten="281,259,230,230" oya="2" hai0="72,104,111,26,83,120,11,50,47,69,3,52,19" hai1="135,45,51,127,6,82,101,73,96,130,55,92,79" hai2="105,37,75,63,103,2,129,97,40,34,133,125,13" hai3="4,113,22,98,54,132,9,29,128,35,36,56,48"/><V123/><RYUUKYOKU type="yao9" ba="0,0" sc="281,0,259,0,230,0,230,0" hai2="2,13,34,37,40,63,75,97,103,105,123,125,129,133" /><INIT seed="2,1,0,3,5,86" ten="281,259,230,230" oya="2" hai0="7,135,97,81,79,13,42,99,9,120,77,98,125" hai1="27,84,131,23,32,128,39,73,15,102,29,80,108" hai2="117,46,112,1,56,58,76,21,114,36,85,115,44" hai3="116,20,55,31,110,130,91,40,103,19,35,62,95"/><V17/><F117/><W71/><G116/><T83/><D135/><U3/><E3/><V75/><F75/><W119/><G119/><T127/><D120/><U6/><E108/><V47/><F1/><W33/><G110/><T134/><D134/><U28/><E39/><V65/><F36/><W34/><G130/><N who="1" m="49706" /><E73/><V22/><F65/><W105/><G40/><T124/><REACH who="0" step="1"/><D42/><REACH who="0" ten="271,259,230,230" step="2"/><U25/><E102/><V133/><F133/><W48/><G103/><T61/><D61/><U89/><E6/><V4/><F4/><W70/><G62/><T14/><D14/><AGARI ba="1,1" hai="14,15,23,25,27,28,29,32,80,84,89" m="49706" machi="14" ten="30,2000,0" yaku="19,1,52,1" doraHai="86" who="1" fromWho="0" sc="271,-23,259,33,230,0,230,0" /><INIT seed="3,0,0,3,1,72" ten="248,292,230,230" oya="3" hai0="102,67,103,2,73,63,23,35,57,101,124,126,114" hai1="34,75,98,74,37,18,125,60,8,7,30,29,5" hai2="49,94,52,21,122,28,31,79,61,120,86,6,71" hai3="45,95,92,9,32,106,62,107,47,117,17,70,53"/><W76/><G32/><T87/><D73/><U50/><E37/><V40/><F6/><N who="1" m="2057" /><E75/><V100/><F40/><W99/><G117/><T116/><D35/><U20/><E34/><V135/><F135/><W93/><G70/><T134/><D134/><U25/><E74/><V33/><F33/><W105/><G99/><T43/><D116/><U36/><E36/><V90/><F100/><W109/><G109/><T131/><D2/><U112/><E112/><V12/><F79/><W38/><G38/><T13/><D131/><U77/><E77/><V4/><F61/><W15/><REACH who="3" step="1"/><G76/><REACH who="3" ten="248,292,230,220" step="2"/><T10/><D114/><U89/><E125/><V55/><F71/><W0/><G0/><T118/><D118/><U54/><E60/><V48/><F122/><W42/><G42/><T46/><D126/><U104/><E104/><V26/><F120/><W3/><G3/><T133/><D124/><U59/><E8/><N who="2" m="4103" /><F31/><W81/><G81/><T85/><D133/><U22/><E22/><V65/><F65/><W83/><G83/><T27/><D10/><U132/><E132/><V19/><F28/><W11/><G11/><T66/><D63/><U69/><E69/><V84/><F84/><W39/><G39/><T16/><D85/><U97/><E98/><V128/><F128/><W110/><G110/><T115/><D87/><U91/><E97/><V88/><F90/><AGARI ba="0,1" hai="18,20,25,29,30,50,54,59,89,90,91" m="2057" machi="90" ten="30,1000,0" yaku="8,1" doraHai="72" who="1" fromWho="2" sc="248,0,292,20,230,-10,220,0" owari="248,4.8,312,41.2,220,-18.0,220,-28.0" /></mjloggm>