<mjloggm ver="2.3"><GO type="225" lobby="0"/><UN n0="%E3%82%BC%E3%83%AB%E3%83%80%E3%81%AE%E4%BC%9D%E8%AA%AC" n1="%E5%91%A8%E6%9D%B1" n2="%E7%99%BD%E5%80%89%E5%AF%9B%E4%B9%8B" n3="%E3%81%8B%E3%82%8F%E3%81%A1%E3%82%83%E3%82%93%35%38" dan="17,16,16,16" rate="2111.78,2230.66,2162.46,2157.52" sx="M,M,M,M"/><TAIKYOKU oya="0"/><INIT seed="0,0,0,1,1,134" ten="250,250,250,250" oya="0" hai0="53,61,40,66,41,32,89,39,84,15,112,8,133" hai1="85,97,120,4,42,115,21,0,94,26,37,74,22" hai2="36,60,91,80,34,38,35,116,104,124,68,57,55" hai3="23,24,54,18,9,62,126,49,82,67,92,43,27"/><T122/><D112/><U13/><E115/><V113/><F104/><W121/><G121/><T28/><D122/><U16/><E120/><V127/><F113/><W17/><G43/><T106/><D106/><U123/><E123/><V132/><F132/><W70/><G126/><N who="2" m="48169" /><F116/><W103/><G82/><T76/><D76/><U110/><E110/><V12/><F68/><W69/><G69/><T25/><D53/><U79/><E74/><V77/><F91/><W19/><G9/><T87/><D133/><U88/><E0/><V1/><F12/><W5/><G5/><T107/><D107/><U45/><E4/><V86/><F1/><W98/><REACH who="3" step="1"/><G24/><REACH who="3" ten="250,250,250,240" step="2"/><T73/><D25/><U101/><E79/><V64/><F64/><W118/><G118/><T100/><D8/><U65/><E65/><V59/><F59/><AGARI ba="0,1" hai="17,18,19,23,27,49,54,59,62,67,70,92,98,103" machi="59" ten="30,2000,0" yaku="1,1,7,1,53,0" doraHai="134" doraHaiUra="130" who="3" fromWho="2" sc="250,0,250,0,250,-20,240,30" /><INIT seed="1,0,0,5,4,119" ten="250,250,230,270" oya="1" hai0="73,106,107,40,61,24,122,30,36,135,18,117,17" hai1="28,53,83,86,116,47,133,79,27,6,102,105,69" hai2="120,7,57,77,16,100,8,33,128,92,9,63,115" hai3="84,90,32,85,110,65,64,13,82,99,67,26,98"/><U45/><E116/><V21/><F33/><W15/><G110/><T3/><D117/><U126/><E126/><V72/><F115/><W54/><G32/><T121/><D73/><U108/><E133/><V29/><F29/><W51/><G26/><T35/><D135/><U11/><E108/><V56/><F128/><W70/><G70/><T123/><D3/><U134/><E134/><V46/><F120/><W113/><G113/><T80/><D80/><U1/><E69/><V91/><F100/><W22/><G85/><T41/><D61/><U37/><E37/><V55/><F77/><W44/><REACH who="3" step="1"/><G22/><REACH who="3" ten="250,250,230,260" step="2"/><T50/><D36/><U68/><E68/><V101/><F72/><W49/><G49/><T34/><D34/><U125/><E125/><V58/><F101/><W10/><G10/><N who="2" m="4201" /><F7/><W81/><G81/><T131/><D131/><U62/><E102/><V66/><F66/><W31/><G31/><T25/><D50/><U14/><E1/><V112/><F112/><W97/><AGARI ba="0,1" hai="13,15,44,51,54,64,65,67,82,84,90,97,98,99" machi="97" ten="30,4000,0" yaku="1,1,0,1,8,1,53,0" doraHai="119" doraHaiUra="132" who="3" fromWho="3" sc="250,-10,250,-20,230,-10,260,50" /><INIT seed="2,0,0,3,0,94" ten="240,230,220,310" oya="2" hai0="43,58,81,3,117,35,101,52,39,84,62,41,28" hai1="132,2,76,77,42,9,83,56,109,40,63,122,1" hai2="82,53,69,22,33,18,72,71,92,8,99,31,68" hai3="34,123,108,75,11,46,119,98,37,134,125,5,17"/><V23/><F33/><W70/><RYUUKYOKU type="yao9" ba="0,0" sc="240,0,230,0,220,0,310,0" hai3="5,11,17,34,37,46,70,75,98,108,119,123,125,134" /><INIT seed="2,1,0,5,1,109" ten="240,230,220,310" oya="2" hai0="10,131,2,75,90,48,91,66,52,54,12,21,118" hai1="44,36,49,46,98,100,20,30,108,35,88,102,59" hai2="17,73,74,135,83,0,124,4,28,26,14,42,115" hai3="107,96,126,37,121,65,63,60,93,13,77,61,92"/><V25/><F135/><W99/><G37/><T70/><D75/><U85/><E108/><V6/><F42/><W32/><G32/><T127/><D127/><U53/><E35/><V129/><F124/><W78/><G107/><T11/><D131/><U80/><E36/><V111/><F111/><W16/><G65/><T110/><D110/><U81/><E81/><V72/><F129/><W55/><G55/><T38/><D38/><U89/><E89/><N who="0" m="33801" /><D2/><U104/><REACH who="1" step="1"/><E102/><REACH who="1" ten="240,220,220,310" step="2"/><V1/><F83/><W69/><G126/><T117/><D117/><U68/><E68/><V132/><F132/><W122/><G69/><T7/><D70/><U3/><E3/><V62/><F0/><W8/><G122/><T40/><D118/><U95/><E95/><N who="3" m="36426" /><G121/><T39/><D39/><U105/><E105/><V114/><F1/><W133/><G133/><T97/><D97/><AGARI ba="1,1" hai="8,13,16,60,61,63,77,78,96,97,99" m="36426" machi="97" ten="30,2000,0" yaku="8,1,54,1" doraHai="109" who="3" fromWho="0" sc="240,-23,220,0,220,0,310,33" /><INIT seed="3,0,0,0,4,2" ten="217,220,220,343" oya="3" hai0="45,0,124,17,26,62,46,61,57,84,37,111,114" hai1="30,48,103,121,8,119,49,100,71,23,70,86,88" hai2="65,39,127,75,22,135,11,85,129,89,120,92,38" hai3="51,5,112,42,18,97,132,34,52,9,59,28,15"/><W101/><G112/><T20/><D0/><U47/><E121/><V110/><F120/><W116/><G116/><T115/><D111/><U78/><E119/><V43/><F75/><W123/><G123/><T54/><D124/><U13/><E78/><V107/><F107/><W25/><G132/><T32/><D32/><U117/><E117/><V118/><F118/><W108/><G108/><T50/><D37/><U69/><E30/><V131/><F110/><W55/><G42/><T76/><D115/><U10/><E23/><V7/><F135/><W83/><G83/><N who="0" m="47207" /><D114/><U6/><E8/><V109/><F109/><W98/><G101/><T74/><D74/><U4/><E4/><V24/><F65/><W91/><G91/><T36/><D36/><U14/><E14/><N who="2" m="5503" /><F43/><W95/><G95/><T133/><D133/><U99/><E99/><V82/><F92/><W63/><G18/><T58/><D62/><U113/><E113/><V67/><F67/><AGARI ba="0,0" hai="17,20,26,45,46,50,54,57,58,61,67" m="47207" machi="67" ten="30,1000,0" yaku="8,1" doraHai="2" who="0" fromWho="2" sc="217,10,220,0,220,-10,343,0" owari="227,2.7,220,-18.0,210,-29.0,343,44.3" /></mjloggm>