<mjloggm ver="2.3"><GO type="225" lobby="0"/><UN n0="%E5%B0%8F%E9%B3%A5%E9%81%8A%E7%B7%B4%E7%84%A1%32%31%E6%AD%B3" n1="%E3%81%A4%E3%81%A3%E3%81%B1%E3%82%8A%E3%83%9D%E3%83%BC%E3%83%AB" n2="%E8%81%B7%E6%A5%AD%E3%80%81%E9%A2%A8%32" n3="%E3%82%A4%E3%83%BC%E3%82%B1%E3%83%97%E3%83%A9" dan="16,17,16,17" rate="2180.76,2129.36,2147.40,2216.86" sx="F,M,M,M"/><TAIKYOKU oya="0"/><INIT seed="0,0,0,0,4,24" ten="250,250,250,250" oya="0" hai0="53,69,16,114,119,71,130,23,45,37,47,72,85" hai1="98,124,22,5,73,132,66,76,38,90,122,15,36" hai2="120,78,87,61,96,30,63,88,62,115,112,82,4" hai3="83,100,31,32,35,56,8,2,58,77,34,113,110"/><T1/><D72/><U91/><E122/><V6/><F120/><W89/><G113/><T44/><D114/><U67/><E132/><V57/><F112/><W21/><G100/><T126/><D119/><U128/><E128/><V84/><F115/><W103/><G103/><T131/><D1/><U55/><E124/><V7/><F96/><W133/><G110/><T52/><D37/><U75/><E76/><V33/><F33/><W48/><G89/><T94/><D126/><U20/><E98/><V106/><F106/><W12/><G2/><T64/><D94/><U46/><E55/><N who="0" m="21065" /><D85/><U18/><E15/><V74/><F74/><W118/><G133/><T92/><D92/><U26/><E26/><V81/><REACH who="2" step="1"/><F30/><REACH who="2" ten="250,250,240,250" step="2"/><W101/><G31/><T99/><D99/><U19/><E75/><V43/><F43/><W13/><G35/><T104/><D104/><U11/><E73/><V10/><F10/><W14/><G34/><T49/><D49/><U86/><E11/><V68/><F68/><W134/><G32/><T97/><D97/><U80/><E86/><V95/><F95/><W93/><G48/><T107/><D107/><U28/><E28/><V125/><F125/><W42/><G93/><T117/><D71/><U29/><E29/><V51/><F51/><W123/><G123/><T135/><D135/><U39/><E39/><V25/><F25/><W102/><G134/><T3/><D69/><U70/><E70/><V60/><F60/><W65/><G42/><T27/><D27/><U50/><E38/><V9/><F9/><W0/><G8/><T79/><D131/><RYUUKYOKU ba="0,1" sc="250,-10,250,-10,240,30,250,-10" hai2="4,6,7,57,61,62,63,78,81,82,84,87,88" /><INIT seed="1,1,1,3,5,106" ten="240,240,270,240" oya="1" hai0="66,125,63,46,6,33,88,1,124,85,4,43,53" hai1="92,86,5,69,112,9,21,116,80,71,28,78,22" hai2="119,37,109,82,84,14,94,25,115,76,30,59,55" hai3="74,38,97,26,24,60,31,16,0,35,47,20,64"/><U127/><E112/><V132/><F115/><W72/><G0/><T134/><D33/><U129/><E116/><V79/><F119/><W41/><REACH who="3" step="1"/><G97/><REACH who="3" ten="240,240,270,230" step="2"/><T29/><D1/><U54/><E129/><V113/><F113/><W70/><AGARI ba="1,2" hai="16,20,24,26,31,35,38,41,47,60,64,70,72,74" machi="70" ten="20,16000,3" yaku="1,1,2,1,0,1,7,1,52,2,54,1,53,1" doraHai="106" doraHaiUra="39" who="3" fromWho="3" sc="240,-41,240,-81,270,-41,230,183" /><INIT seed="2,0,0,2,2,70" ten="199,159,229,413" oya="2" hai0="66,95,54,68,29,108,3,14,123,49,45,42,34" hai1="41,63,57,19,31,48,97,126,21,24,111,104,43" hai2="107,5,36,103,16,120,94,98,134,92,32,56,82" hai3="85,96,87,60,12,67,52,39,65,25,91,7,76"/><V17/><F120/><W130/><G130/><T38/><D123/><U89/><E111/><V18/><F32/><W0/><G0/><T13/><D3/><U47/><E126/><V121/><F121/><W40/><G39/><T81/><D108/><U11/><E104/><V15/><F36/><W132/><G40/><T1/><D1/><U83/><E43/><V122/><F134/><W133/><G25/><N who="0" m="18735" /><D95/><U116/><E116/><V58/><F122/><W79/><G96/><T51/><D51/><U101/><E101/><V72/><F107/><W119/><G119/><T53/><D53/><U114/><E114/><V105/><F105/><W46/><G12/><T78/><D81/><U102/><E102/><V23/><F72/><W20/><G20/><T131/><D78/><U109/><E109/><V112/><F112/><W4/><G60/><N who="0" m="40007" /><D131/><U22/><E11/><N who="2" m="4591" /><F92/><W124/><G124/><T84/><D84/><U59/><E63/><V27/><F82/><W55/><G91/><T110/><D110/><U118/><E118/><V90/><F103/><W37/><G37/><T88/><D88/><U61/><E61/><V93/><F94/><W74/><G46/><T62/><D62/><U115/><E115/><V113/><F113/><W77/><G77/><T73/><D73/><AGARI ba="0,0" hai="4,7,52,55,65,67,73,74,76,79,85,87,132,133" machi="73" ten="25,3200,0" yaku="22,2,54,1" doraHai="70" who="3" fromWho="0" sc="199,-32,159,0,229,0,413,32" /><INIT seed="3,0,0,5,4,119" ten="167,159,229,445" oya="3" hai0="44,20,12,131,31,53,48,99,106,75,87,1,115" hai1="59,55,93,98,0,107,69,18,74,39,97,135,9" hai2="118,8,133,15,78,6,65,82,28,110,3,5,33" hai3="92,80,114,49,120,19,7,121,45,117,17,66,43"/><W125/><G114/><T42/><D75/><U14/><E74/><V73/><F110/><W57/><G117/><T24/><D1/><U89/><E69/><V68/><F118/><W58/><G125/><T105/><D131/><U85/><E39/><V109/><F15/><W36/><G7/><T16/><D115/><U100/><E135/><V72/><F72/><W27/><G80/><T62/><D87/><U134/><E134/><V122/><F6/><W102/><G36/><T50/><D62/><U96/><E0/><V56/><F56/><W10/><G19/><T123/><D99/><U46/><E46/><V104/><F104/><W4/><G17/><T113/><D123/><U84/><E84/><V38/><F38/><W95/><G27/><T37/><D113/><U91/><E91/><V103/><F103/><W11/><G11/><T79/><D79/><U71/><E71/><V63/><F133/><W77/><G77/><T128/><D128/><U111/><E111/><V13/><F13/><W29/><G29/><T2/><D2/><U108/><E108/><V21/><F109/><W64/><G58/><T101/><D101/><U116/><E116/><V30/><F68/><W60/><G66/><T26/><D26/><U40/><E40/><V34/><F3/><W126/><G126/><T83/><D83/><U23/><E9/><V41/><F8/><W112/><G112/><T88/><D88/><U35/><E35/><V70/><F33/><W94/><G102/><T124/><D124/><U51/><AGARI ba="0,0" hai="14,18,23,51,55,59,85,89,93,96,97,98,100,107" machi="51" ten="20,5200,0" yaku="0,1,7,1,25,2" doraHai="119" who="1" fromWho="1" sc="167,-13,159,52,229,-13,445,-26" owari="154,-34.6,211,-18.9,216,1.6,419,51.9" /></mjloggm>