<mjloggm ver="2.3"><GO type="225" lobby="0"/><UN n0="%E3%82%B3%E3%83%90%E3%83%AC%E3%82%A4" n1="%E6%B4%BE%E9%81%A3%E3%81%AE%E3%82%B8%E3%83%A3%E3%83%83%E3%82%AF" n2="%E5%8D%A0%E3%81%84%E5%B8%AB%E8%A3%8F%E3%81%AA%E3%81%84%E3%81%97" n3="%E3%81%99%E3%81%84%E3%81%BE%E3%81%9B%E3%83%BC%E3%82%93" dan="16,17,17,18" rate="2175.11,2195.42,2227.53,2195.06" sx="M,M,M,M"/><TAIKYOKU oya="0"/><INIT seed="0,0,0,0,4,106" ten="250,250,250,250" oya="0" hai0="18,60,69,42,39,108,66,30,0,40,7,87,23" hai1="92,10,53,129,3,116,74,121,14,49,16,26,128" hai2="48,109,100,51,12,131,25,105,38,89,45,8,91" hai3="98,134,59,80,88,41,115,126,96,82,93,99,65"/><T118/><D118/><U15/><E116/><V9/><F109/><W56/><G115/><T119/><D108/><U135/><E121/><V113/><F113/><W34/><G34/><T97/><D119/><U73/><E135/><V86/><F131/><N who="1" m="50249" /><E3/><V78/><F38/><W20/><G134/><T103/><D0/><U130/><N who="1" m="50257" /><U57/><DORA hai="33" /><E26/><V46/><F25/><W47/><G126/><T94/><D7/><N who="1" m="3423" /><E92/><V17/><F105/><W117/><G117/><T90/><D30/><U54/><E54/><V5/><F100/><W68/><G68/><T133/><D39/><U31/><E31/><V44/><F78/><W28/><G28/><T61/><D61/><U107/><E107/><V35/><F35/><W62/><G59/><T84/><D133/><U67/><E67/><V63/><F63/><W123/><G20/><AGARI ba="0,0" hai="15,16,20,49,53,57,73,74" m="3423,50257" machi="20" ten="40,8000,1" yaku="19,1,52,2,54,1" doraHai="106,33" who="1" fromWho="3" sc="250,0,250,80,250,0,250,-80" /><INIT seed="1,0,0,0,2,8" ten="250,330,250,170" oya="1" hai0="69,83,2,91,99,47,105,56,67,5,112,101,17" hai1="86,97,3,104,103,61,110,13,84,34,25,24,66" hai2="123,111,87,95,129,49,76,21,132,15,125,39,35" hai3="90,79,122,98,127,70,0,63,22,75,121,57,40"/><U32/><E3/><V113/><F39/><W31/><G0/><T114/><D69/><U36/><E36/><V12/><F123/><W68/><G127/><T88/><D2/><U46/><E46/><V71/><F71/><W18/><G31/><T78/><D5/><U65/><E110/><V130/><F125/><W124/><G124/><T118/><D47/><U102/><E61/><V115/><F111/><W72/><G68/><T11/><D118/><U7/><E97/><V135/><F35/><W9/><G9/><T134/><D134/><N who="2" m="51242" /><F49/><W28/><G28/><T116/><D116/><U4/><E104/><V119/><F21/><W27/><G70/><T26/><D114/><N who="2" m="43530" /><F119/><W58/><G40/><T33/><D33/><U23/><E23/><V81/><F95/><N who="3" m="56695" /><G58/><T51/><D112/><U64/><E64/><V42/><F42/><W41/><G41/><T74/><D26/><U19/><E19/><V45/><F45/><W133/><G133/><T126/><D126/><U55/><E55/><V37/><F37/><W93/><G93/><T89/><D67/><U108/><E108/><V38/><F38/><W80/><G122/><T6/><D56/><U52/><E52/><V77/><F77/><W29/><G121/><T50/><D51/><U59/><E59/><V100/><F100/><W96/><G29/><T60/><D60/><U73/><E103/><V82/><F82/><W44/><G44/><T85/><D50/><U109/><E102/><V128/><AGARI ba="0,0" hai="12,15,76,81,87,128,129,130" m="43530,51242" machi="128" ten="40,8000,1" yaku="19,1,20,1,11,1,52,2" doraHai="8" who="2" fromWho="2" sc="250,-20,330,-40,250,80,170,-20" /><INIT seed="2,0,0,1,3,5" ten="230,290,330,150" oya="2" hai0="135,112,38,22,111,56,55,83,4,20,97,48,35" hai1="88,23,94,101,134,62,126,90,40,128,7,31,124" hai2="122,61,87,30,113,33,1,64,132,99,130,115,103" hai3="51,36,52,131,57,114,60,8,42,66,106,54,105"/><V109/><F122/><W43/><G131/><T19/><D112/><U80/><E128/><V76/><F130/><W96/><G114/><T25/><D35/><U108/><E108/><V77/><F132/><W89/><G36/><T59/><D38/><U98/><E134/><V16/><F109/><W6/><G54/><T125/><D135/><U79/><E40/><V32/><F1/><W82/><G106/><T129/><D111/><U127/><E62/><V44/><F44/><W73/><G105/><T46/><D4/><U81/><E7/><V15/><F113/><W118/><G118/><T24/><D129/><U100/><E23/><V72/><F72/><W65/><G65/><T117/><D117/><U12/><E12/><V68/><F32/><W93/><G82/><N who="1" m="31850" /><E31/><V120/><F87/><W49/><G49/><T28/><D125/><U116/><E116/><V27/><F120/><W37/><G37/><T71/><D71/><U85/><E79/><V26/><F26/><W110/><G73/><T95/><REACH who="0" step="1"/><D83/><AGARI ba="0,0" hai="83,85,88,90,94,98,100,101,124,126,127" m="31850" machi="83" ten="30,7700,0" yaku="18,1,34,2,54,1" doraHai="5" who="1" fromWho="0" sc="230,-77,290,77,330,0,150,0" /><INIT seed="3,0,0,5,1,47" ten="153,367,330,150" oya="3" hai0="91,68,134,72,104,26,97,87,66,13,7,3,135" hai1="121,124,6,118,48,63,52,111,92,93,9,102,71" hai2="127,125,34,8,49,83,42,94,1,76,16,78,54" hai3="67,130,100,126,0,60,70,33,84,122,61,120,15"/><W95/><G0/><T106/><D72/><U12/><E121/><V133/><F34/><W35/><G126/><N who="2" m="48137" /><F133/><N who="0" m="50698" /><D3/><U80/><E124/><V4/><F42/><W73/><G73/><T105/><D26/><U41/><E111/><V50/><F94/><W132/><G132/><T46/><D46/><U57/><E118/><V110/><F110/><W113/><G113/><T103/><D66/><U25/><E102/><V2/><F2/><W10/><G130/><T112/><D68/><U51/><E71/><V119/><F119/><W19/><G61/><T39/><D39/><U123/><E123/><V5/><F5/><W81/><G122/><T89/><D112/><U131/><E131/><V17/><F78/><W77/><REACH who="3" step="1"/><G120/><REACH who="3" ten="153,367,330,140" step="2"/><T28/><D28/><U36/><E63/><V24/><F1/><W88/><G88/><N who="0" m="33867" /><D87/><U85/><E85/><V128/><F128/><W59/><G59/><T115/><D115/><U75/><E57/><V86/><F86/><W40/><G40/><T31/><D31/><U116/><E41/><V56/><F56/><W69/><G69/><T32/><D32/><U90/><E75/><V62/><F62/><W20/><G20/><T53/><D53/><U30/><E30/><V114/><F54/><W23/><G23/><T14/><D14/><U96/><E52/><V29/><F114/><W45/><G45/><T21/><D21/><U65/><E12/><N who="2" m="5127" /><F76/><W129/><G129/><T108/><D108/><U58/><E58/><V55/><F55/><W82/><G82/><T43/><D43/><U44/><E80/><V101/><F83/><W37/><G37/><RYUUKYOKU ba="0,1" sc="153,15,367,-15,330,-15,140,15" hai0="7,13,97,103,104,105,106" hai3="10,15,19,33,35,60,67,70,77,81,84,95,100" /><INIT seed="3,1,1,5,4,91" ten="168,352,315,155" oya="3" hai0="63,38,111,50,6,27,104,41,21,99,74,120,129" hai1="118,47,119,72,98,24,17,48,44,88,25,102,43" hai2="109,18,67,86,125,116,9,79,89,92,105,93,29" hai3="11,36,65,70,75,71,16,132,95,76,23,51,68"/><W13/><G36/><T53/><D74/><U14/><E72/><V31/><F116/><N who="1" m="44585" /><E88/><N who="2" m="53271" /><F105/><W20/><G132/><T135/><D135/><U96/><E47/><V37/><F37/><W121/><G121/><T45/><D120/><U58/><E58/><V66/><F109/><W100/><G65/><N who="2" m="24585" /><F79/><W8/><G8/><T82/><D111/><U84/><E84/><N who="2" m="52391" /><F125/><W52/><G76/><T107/><D104/><N who="1" m="63559" /><E98/><V32/><F32/><W77/><G77/><T103/><D99/><U106/><E106/><V80/><F80/><W62/><G75/><T126/><D82/><U0/><E0/><V113/><F113/><W35/><G35/><T133/><D107/><U59/><E59/><V122/><F122/><W64/><G100/><T128/><D133/><U60/><E60/><V130/><F130/><W123/><G123/><T97/><D63/><U85/><E85/><V3/><F3/><W2/><G2/><T112/><D112/><U134/><E134/><V39/><F39/><W110/><G110/><T40/><D38/><U87/><E87/><V94/><F94/><W57/><REACH who="3" step="1"/><G95/><REACH who="3" ten="168,352,315,145" step="2"/><T12/><D128/><U55/><E43/><V54/><F54/><W81/><G81/><T19/><D129/><U46/><E55/><V117/><F117/><W10/><G10/><N who="0" m="4183" /><D126/><U7/><E7/><V5/><F5/><W42/><G42/><T1/><D1/><U124/><E124/><V83/><F83/><W56/><AGARI ba="1,2" hai="11,13,16,20,23,51,52,56,57,62,64,68,70,71" machi="56" ten="30,11700,0" yaku="1,1,0,1,54,2,53,0" doraHai="91" doraHaiUra="127" who="3" fromWho="3" sc="168,-40,352,-40,315,-40,145,140" /><INIT seed="3,2,0,0,1,94" ten="128,312,275,285" oya="3" hai0="58,113,75,37,101,104,15,100,78,55,49,102,22" hai1="95,91,41,124,99,103,107,67,86,65,14,64,81" hai2="125,10,72,69,122,134,30,111,112,11,38,106,93" hai3="21,24,9,79,4,85,5,133,80,82,108,27,7"/><W6/><G133/><T20/><D37/><U105/><E124/><V34/><RYUUKYOKU type="yao9" ba="2,0" sc="128,0,312,0,275,0,285,0" hai2="10,11,30,34,38,69,72,93,106,111,112,122,125,134" /><INIT seed="3,3,0,0,3,56" ten="128,312,275,285" oya="3" hai0="128,25,52,39,0,9,130,20,70,105,99,124,127" hai1="36,53,132,54,111,84,91,72,95,18,82,50,24" hai2="90,69,46,19,67,78,26,134,5,119,98,35,115" hai3="79,60,16,104,88,4,73,83,77,61,22,59,30"/><W17/><G104/><T108/><D39/><U57/><E36/><V112/><F119/><W118/><G118/><T23/><D70/><U116/><E111/><V74/><F5/><W106/><G106/><T102/><D108/><U65/><E116/><V89/><F134/><W86/><G4/><T96/><D9/><U75/><E132/><V94/><F46/><W3/><G3/><T109/><D0/><U10/><E65/><V121/><F121/><W15/><G30/><T66/><D66/><U131/><E131/><V45/><F45/><W62/><G73/><T48/><D109/><U101/><E54/><V63/><F89/><W43/><G43/><T110/><D110/><U103/><E72/><V29/><F19/><N who="3" m="7243" /><G59/><T123/><D123/><U11/><E75/><V31/><REACH who="2" step="1"/><F29/><REACH who="2" ten="128,312,265,285" step="2"/><W49/><G49/><T93/><D130/><U21/><E103/><V129/><F129/><W47/><G47/><T58/><D128/><U80/><E101/><V114/><F114/><W1/><G1/><T28/><REACH who="0" step="1"/><D23/><REACH who="0" ten="118,312,265,285" step="2"/><U97/><E11/><V41/><F41/><W92/><G22/><T133/><D133/><U51/><E10/><V40/><F40/><W100/><G15/><T38/><D38/><U68/><E21/><V14/><F14/><W125/><G125/><T37/><D37/><U135/><E135/><V33/><F33/><W87/><G79/><T42/><D42/><U32/><E32/><V12/><F12/><W34/><G34/><T76/><D76/><U71/><E24/><V81/><AGARI ba="3,2" hai="26,31,35,63,67,69,74,78,81,90,94,98,112,115" machi="81" ten="30,4000,0" yaku="1,1,0,1,52,1,53,0" doraHai="56" doraHaiUra="55" who="2" fromWho="2" sc="118,-13,312,-13,265,69,285,-23" owari="105,-39.5,299,9.9,334,43.4,262,-13.8" /></mjloggm>