<mjloggm ver="2.3"><GO type="225" lobby="0"/><UN n0="%E2%98%86%E5%B0%8F%E5%AD%A6%E7%94%B7%E7%94%9F%E2%98%86" n1="%74%75%72%74%6C%65%2E" n2="%E6%A1%9C%E8%8A%B1%E9%96%83%E3%80%85" n3="%E6%81%A5%E6%99%92%E3%81%97" dan="16,16,16,16" rate="2139.45,2091.50,2114.57,2141.30" sx="M,M,M,M"/><TAIKYOKU oya="0"/><INIT seed="0,0,0,1,4,51" ten="250,250,250,250" oya="0" hai0="132,128,9,49,14,87,70,90,10,24,45,34,121" hai1="3,115,89,117,7,108,95,130,38,76,101,91,113" hai2="13,30,122,120,25,83,74,60,114,62,102,75,52" hai3="29,135,41,56,2,85,31,69,100,98,15,61,82"/><T50/><D128/><U134/><E38/><V37/><F114/><N who="1" m="43529" /><E7/><V131/><F37/><W53/><G135/><T96/><D70/><U133/><E3/><V22/><F131/><W64/><G2/><T67/><D132/><N who="1" m="50795" /><E130/><V109/><F109/><W43/><G15/><T124/><D124/><U118/><E76/><V40/><F40/><W86/><G43/><T78/><D121/><U8/><E8/><V54/><F102/><W112/><G41/><T28/><D67/><U57/><E108/><V42/><F42/><W33/><G112/><T79/><D10/><U127/><E57/><V0/><F0/><W88/><G86/><T19/><D96/><N who="1" m="59551" /><E127/><V68/><F68/><W107/><REACH who="3" step="1"/><G33/><REACH who="3" ten="250,250,250,240" step="2"/><T105/><D34/><U26/><E26/><V71/><F25/><W119/><G119/><AGARI ba="0,1" hai="89,91,117,118,119" m="59551,50795,43529" machi="119" ten="40,8000,1" yaku="11,1,20,1,34,2" doraHai="51" who="1" fromWho="3" sc="250,0,250,90,250,0,240,-80" /><INIT seed="1,0,0,5,0,107" ten="250,340,250,160" oya="1" hai0="60,34,77,9,23,8,55,88,135,50,13,133,73" hai1="74,14,90,26,66,114,29,64,49,52,121,127,6" hai2="19,68,84,65,20,0,93,21,81,92,120,40,78" hai3="37,45,43,119,80,94,131,117,89,18,30,2,35"/><U36/><E36/><V5/><F120/><W28/><G2/><T63/><D34/><U125/><E121/><V4/><F40/><W38/><G38/><T31/><D77/><U103/><E114/><V111/><F111/><W101/><G131/><T105/><D105/><U54/><E103/><V1/><F1/><W123/><G123/><T87/><D73/><U70/><E74/><V85/><F68/><W75/><G101/><T62/><D31/><U39/><E39/><V99/><F65/><W124/><G124/><N who="1" m="47690" /><E54/><V100/><F0/><W109/><G18/><N who="0" m="10703" /><D135/><U67/><E70/><V10/><F10/><W83/><G109/><T7/><D7/><N who="2" m="2634" /><F19/><W56/><G30/><T91/><D133/><U44/><E90/><AGARI ba="0,0" hai="20,21,78,81,84,85,90,92,93,99,100" m="2634" machi="90" ten="30,1000,0" yaku="8,1" doraHai="107" who="2" fromWho="1" sc="250,0,340,-10,250,10,160,0" /><INIT seed="2,0,0,0,0,56" ten="250,330,260,160" oya="2" hai0="17,135,81,104,38,83,94,97,75,8,29,72,95" hai1="122,1,22,100,39,35,31,77,71,120,58,2,99" hai2="4,37,14,115,32,130,57,126,92,129,16,96,13" hai3="73,0,12,106,87,42,40,30,86,98,43,124,10"/><V28/><F115/><W127/><G73/><N who="0" m="28235" /><D17/><U69/><E77/><V108/><F37/><W11/><G30/><T63/><D8/><U52/><E39/><V54/><F126/><W26/><G26/><T113/><D63/><N who="1" m="36295" /><E35/><V61/><F108/><W119/><G119/><T121/><D29/><U27/><E1/><V18/><F32/><W59/><G0/><T34/><D38/><U21/><E2/><V90/><F28/><W24/><G24/><T5/><D5/><U84/><E22/><V65/><F4/><W114/><G114/><T116/><D34/><U109/><E109/><V67/><F130/><W107/><G59/><T7/><D7/><U60/><E84/><N who="3" m="32298" /><G12/><N who="2" m="4713" /><F129/><W112/><G98/><T131/><D131/><U51/><BYE who="0" /><E51/><V44/><F67/><W20/><G20/><T125/><D125/><N who="3" m="48201" /><G112/><UN n0="%E2%98%86%E5%B0%8F%E5%AD%A6%E7%94%B7%E7%94%9F%E2%98%86" /><T50/><D121/><N who="1" m="46699" /><E60/><V46/><F65/><W3/><G3/><T134/><D50/><U103/><E103/><V88/><F90/><W48/><G48/><T111/><D111/><U118/><E118/><V76/><F76/><W55/><G55/><T89/><D113/><U101/><E101/><V66/><F66/><W79/><G79/><T85/><D116/><U74/><E74/><V133/><F54/><W62/><G62/><T91/><D104/><AGARI ba="0,0" hai="21,27,31,69,71,99,100,104" m="46699,36295" machi="104" ten="30,3900,0" yaku="13,1,52,1,54,1" doraHai="56" who="1" fromWho="0" sc="250,-39,330,39,260,0,160,0" /><AGARI ba="0,0" hai="10,11,40,42,43,104,106,107" m="48201,32298" machi="104" ten="40,5200,0" yaku="28,2,18,1" doraHai="56" who="3" fromWho="0" sc="211,-52,369,0,260,0,160,52" /><INIT seed="3,0,0,0,3,55" ten="159,369,260,212" oya="3" hai0="8,51,123,128,119,89,92,23,133,109,98,54,11" hai1="21,60,120,4,76,130,57,18,72,67,102,64,39" hai2="73,85,90,83,35,10,96,91,46,117,126,19,9" hai3="122,5,108,71,93,77,22,116,125,121,7,45,78"/><W97/><G116/><T49/><D109/><U40/><E130/><V100/><F117/><W36/><G71/><T56/><D128/><U16/><E4/><V32/><F126/><W80/><G108/><T74/><D133/><U118/><E118/><V20/><F73/><W31/><G78/><T27/><D123/><U6/><E6/><V111/><F111/><W110/><G110/><T43/><D74/><U37/><E40/><V87/><F46/><W101/><G7/><T115/><D115/><U113/><E113/><V70/><F70/><W104/><G5/><T24/><D119/><U62/><E120/><V135/><F35/><W3/><G125/><T1/><D1/><U17/><E21/><V84/><F32/><W50/><G36/><T47/><REACH who="0" step="1"/><D27/><REACH who="0" ten="149,369,260,212" step="2"/><U26/><E26/><V15/><F135/><W41/><G3/><T0/><D0/><U34/><E72/><V134/><F134/><W53/><G121/><T12/><D12/><U81/><E34/><V63/><F15/><W69/><G122/><T30/><AGARI ba="0,1" hai="8,11,23,24,30,43,47,49,51,54,56,89,92,98" machi="30" ten="20,8000,1" yaku="1,1,0,1,7,1,8,1,52,1,53,0" doraHai="55" doraHaiUra="58" who="0" fromWho="0" sc="149,90,369,-20,260,-20,212,-40" owari="239,-16.1,349,44.9,240,4.0,172,-32.8" /></mjloggm>