<mjloggm ver="2.3"><GO type="225" lobby="0"/><UN n0="%E5%B6%BA%E4%B8%8A%E5%92%B2" n1="%E5%91%A8%E6%9D%B1" n2="%E3%82%8F%E3%81%8B%E3%81%B0%2A%E3%82%AC%E3%83%BC%E3%83%AB" n3="%E3%83%B4%E3%83%A0%EF%BC%99%E3%81%A6" dan="16,16,16,17" rate="2149.91,2226.04,2089.99,2148.19" sx="F,M,M,M"/><TAIKYOKU oya="0"/><INIT seed="0,0,0,5,2,39" ten="250,250,250,250" oya="0" hai0="100,118,57,13,111,125,30,87,32,79,99,4,124" hai1="132,133,108,120,83,115,47,75,56,25,113,27,37" hai2="5,28,81,16,60,88,98,55,64,123,102,89,49" hai3="41,66,126,71,11,97,129,135,53,59,101,110,107"/><T2/><D118/><U78/><E120/><V24/><F123/><W48/><G110/><T19/><D111/><U91/><E108/><V10/><F5/><W36/><G126/><T17/><D57/><U3/><E3/><V121/><F121/><W9/><G135/><N who="1" m="51786" /><E91/><V131/><F131/><W23/><G23/><N who="0" m="11695" /><D87/><U90/><E90/><V58/><F28/><W72/><G72/><T68/><D79/><U0/><E0/><V114/><F114/><N who="1" m="43529" /><E56/><V34/><F34/><W6/><G6/><T93/><D68/><U33/><E33/><V82/><F82/><W54/><G129/><T134/><D19/><U130/><E130/><V31/><F81/><W76/><G76/><T84/><D84/><U116/><E116/><V38/><F31/><W62/><REACH who="3" step="1"/><G54/><REACH who="3" ten="250,250,250,240" step="2"/><T26/><D134/><U46/><E46/><AGARI ba="0,1" hai="9,11,36,41,46,48,53,59,62,66,71,97,101,107" machi="46" ten="40,8000,1" yaku="1,1,2,1,24,2,52,1,53,0" doraHai="39" doraHaiUra="122" who="3" fromWho="1" sc="250,0,250,-80,250,0,240,90" /><INIT seed="1,0,0,2,4,107" ten="250,170,250,330" oya="1" hai0="60,113,45,39,37,125,110,0,123,43,21,57,46" hai1="12,55,120,6,116,65,44,109,103,69,122,4,132" hai2="126,84,121,88,68,24,73,105,16,75,94,119,100" hai3="128,78,80,129,85,30,58,111,74,76,70,18,118"/><U66/><E116/><V106/><F119/><W133/><G118/><T114/><D0/><U51/><E132/><V89/><F68/><W50/><G70/><T10/><D10/><U61/><E66/><V36/><F36/><W31/><G133/><T20/><D110/><U25/><E109/><V77/><F121/><W62/><G111/><T82/><D82/><U98/><E25/><V29/><F126/><W91/><G50/><T112/><D125/><U17/><E122/><V8/><F77/><N who="3" m="29803" /><G74/><T115/><N who="0" m="28672" /><DORA hai="134" /><T19/><D123/><U92/><REACH who="1" step="1"/><E120/><REACH who="1" ten="250,160,250,330" step="2"/><V5/><F24/><W59/><G128/><T135/><D135/><U101/><E101/><V95/><F100/><W86/><G129/><T41/><REACH who="0" step="1"/><D19/><REACH who="0" ten="240,160,250,330" step="2"/><U97/><E97/><V102/><F16/><W35/><G18/><T11/><D11/><AGARI ba="0,2" hai="4,6,11,12,17,44,51,55,61,65,69,92,98,103" machi="11" ten="30,5800,0" yaku="1,1,7,1,53,1" doraHai="107,134" doraHaiUra="131,99" who="1" fromWho="0" sc="240,-58,160,78,250,0,330,0" /><INIT seed="1,1,0,3,4,4" ten="182,238,250,330" oya="1" hai0="69,114,72,19,63,67,1,56,89,24,118,50,36" hai1="44,125,71,47,130,109,96,110,73,90,132,129,20" hai2="23,76,10,94,65,40,52,85,53,29,98,87,82" hai3="0,26,93,68,13,11,79,95,57,124,122,126,86"/><U22/><E71/><V83/><F40/><W64/><G122/><T105/><D72/><U117/><E117/><V15/><F65/><W75/><G68/><T49/><D1/><U46/><E73/><V128/><F128/><N who="1" m="49257" /><E132/><V84/><F23/><N who="1" m="8745" /><E125/><N who="3" m="48234" /><G26/><T9/><D105/><U115/><E115/><V100/><F29/><W51/><G0/><T135/><D36/><U17/><E17/><V58/><F58/><W55/><G75/><T107/><D107/><U111/><E96/><V45/><F45/><W3/><G64/><T91/><D114/><U21/><N who="1" m="8753" /><U116/><DORA hai="112" /><E116/><V54/><REACH who="2" step="1"/><F83/><REACH who="2" ten="182,238,240,330" step="2"/><N who="3" m="47487" /><G3/><T7/><D56/><U106/><E106/><V61/><F61/><W103/><G57/><T28/><D67/><U2/><E2/><V108/><F108/><W92/><G55/><T43/><D63/><U133/><E133/><V27/><F27/><W104/><G51/><T37/><D49/><U123/><E123/><V97/><F97/><N who="3" m="59815" /><G104/><T31/><D50/><U32/><E32/><V12/><F12/><W8/><G13/><T25/><D43/><U6/><E46/><V80/><F80/><W30/><G30/><T41/><D31/><U113/><E113/><V18/><AGARI ba="1,1" hai="10,15,18,52,53,54,76,82,84,85,87,94,98,100" machi="18" ten="30,12000,2" yaku="1,1,0,1,8,1,52,1,54,1,53,1" doraHai="4,112" doraHaiUra="42,77" who="2" fromWho="2" sc="182,-31,238,-61,240,133,330,-31" /><INIT seed="2,0,0,3,5,70" ten="151,177,373,299" oya="2" hai0="105,102,9,57,98,12,94,61,18,78,77,15,120" hai1="69,35,29,62,13,106,99,27,25,89,17,134,60" hai2="131,86,6,50,65,101,66,43,63,124,64,118,80" hai3="119,67,3,51,83,24,20,37,19,49,39,91,133"/><V4/><F118/><W84/><G119/><T2/><D120/><U41/><E134/><V90/><F131/><W72/><G3/><T31/><D2/><U10/><E41/><V22/><F124/><W5/><G5/><T116/><D116/><U16/><E69/><V87/><F101/><W117/><G117/><T92/><D105/><U107/><E107/><V45/><F63/><W82/><G133/><T126/><D126/><U46/><E46/><V44/><F22/><W95/><G67/><T34/><D34/><U121/><E121/><V85/><F85/><W96/><G72/><T58/><D31/><U0/><E0/><V73/><F73/><W112/><G82/><T11/><D92/><U104/><E106/><V125/><F125/><W55/><G112/><T38/><D38/><U135/><E135/><V21/><F21/><W28/><G28/><T81/><D81/><U7/><E27/><V8/><F8/><W76/><REACH who="3" step="1"/><G51/><REACH who="3" ten="151,177,373,289" step="2"/><T1/><D1/><U56/><E62/><V48/><REACH who="2" step="1"/><F86/><REACH who="2" ten="151,177,363,289" step="2"/><W128/><G128/><T68/><D68/><U111/><E35/><V14/><F14/><W127/><G127/><T103/><D103/><U42/><E13/><V54/><AGARI ba="0,2" hai="4,6,43,44,45,48,50,54,64,65,66,80,87,90" machi="54" ten="30,6000,0" yaku="1,1,0,1,8,1,53,0" doraHai="70" doraHaiUra="129" who="2" fromWho="2" sc="151,-20,177,-20,363,80,289,-20" /><INIT seed="2,1,0,4,5,28" ten="131,157,443,269" oya="2" hai0="17,34,93,130,8,88,112,51,108,47,98,13,2" hai1="134,117,107,3,42,76,62,77,79,91,97,111,66" hai2="95,23,64,131,41,110,127,103,73,82,9,113,48" hai3="55,45,29,68,135,96,33,133,90,86,22,69,60"/><V132/><F113/><W102/><G22/><T50/><D112/><U128/><E3/><V125/><F131/><W21/><G21/><T85/><D108/><U109/><E42/><V49/><F110/><N who="1" m="41993" /><E128/><V63/><F132/><N who="3" m="50763" /><G45/><T83/><D130/><U72/><E134/><V129/><F129/><W87/><G55/><T61/><D2/><U30/><E30/><V59/><F23/><W53/><G53/><T123/><D123/><U54/><E54/><V104/><F9/><W36/><G36/><T75/><D75/><U19/><E19/><V100/><F41/><W11/><G11/><T27/><D61/><U12/><E12/><V67/><F104/><N who="3" m="63559" /><G60/><T122/><D122/><U101/><E117/><V71/><F71/><N who="3" m="27211" /><G90/><T99/><D99/><U84/><E62/><V0/><F63/><W119/><G119/><T124/><D124/><U81/><E66/><V37/><F37/><W46/><G46/><T58/><D58/><U126/><E126/><V24/><F59/><W43/><G43/><T105/><D105/><U118/><E118/><V74/><F24/><AGARI ba="1,0" hai="24,29,33,86,87" m="27211,63559,50763" machi="24" ten="30,2000,0" yaku="20,1,52,1" doraHai="28" who="3" fromWho="2" sc="131,0,157,0,443,-23,269,23" /><INIT seed="3,0,0,0,0,108" ten="131,157,420,292" oya="3" hai0="126,47,110,48,63,51,60,88,117,104,36,111,134" hai1="15,64,97,106,31,119,123,118,11,10,23,7,2" hai2="58,84,19,128,99,26,94,127,49,13,75,68,20" hai3="69,130,65,27,14,52,50,87,91,73,125,22,18"/><W71/><G73/><T56/><D104/><U122/><E64/><V32/><F75/><W85/><G125/><T92/><D126/><U98/><E23/><V40/><F68/><W37/><G37/><T55/><D117/><N who="1" m="44555" /><E31/><V124/><F128/><W70/><G130/><T131/><D131/><U79/><E79/><V39/><F39/><W34/><G65/><T113/><D113/><U81/><E81/><V5/><F84/><W101/><G101/><T62/><D134/><U30/><E30/><V25/><F32/><W77/><G77/><T82/><D82/><U96/><E106/><V43/><F124/><W95/><G34/><T67/><D36/><U29/><E29/><V4/><F5/><AGARI ba="0,0" hai="2,5,7,10,11,15,96,97,98,122,123" m="44555" machi="5" ten="30,1000,0" yaku="12,1" doraHai="108" who="1" fromWho="2" sc="131,0,157,10,420,-10,292,0" owari="131,-36.9,167,-23.3,410,51.0,292,9.2" /></mjloggm>