<mjloggm ver="2.3"><GO type="225" lobby="0"/><UN n0="%E5%85%83%E3%82%AB%E3%83%8E%E7%B3%BB%E3%83%92%E3%83%AD%E3%82%A4%E3%83%B3" n1="%E3%83%A9%E3%82%A4%E3%83%B3%E3%81%AE%E8%99%8E" n2="%E3%83%B4%E3%83%A0%EF%BC%99%E3%81%A6" n3="%E3%81%8B%E3%82%8F%E3%81%A1%E3%82%83%E3%82%93%35%38" dan="16,16,16,16" rate="2093.37,2148.94,2174.99,2160.57" sx="M,M,M,M"/><TAIKYOKU oya="0"/><INIT seed="0,0,0,0,1,127" ten="250,250,250,250" oya="0" hai0="91,31,5,35,58,61,98,11,90,41,37,0,74" hai1="46,26,49,1,112,88,21,32,122,28,131,133,45" hai2="85,108,19,125,109,111,126,9,123,120,65,118,13" hai3="82,84,93,51,42,30,113,3,66,48,54,129,12"/><T104/><D74/><U128/><E122/><N who="2" m="46635" /><F65/><W100/><G3/><T39/><D35/><U22/><E1/><V77/><F85/><W89/><G113/><T52/><D31/><U96/><E112/><V135/><F77/><W103/><G66/><T14/><D0/><U16/><E133/><V68/><F68/><W38/><G38/><T97/><D97/><U20/><E16/><N who="2" m="8239" /><F135/><W106/><G106/><T102/><REACH who="0" step="1"/><D37/><REACH who="0" ten="240,250,250,250" step="2"/><U2/><E2/><V114/><F114/><W86/><G30/><T60/><D60/><U76/><E76/><V29/><F118/><W67/><G48/><T27/><D27/><U62/><E62/><V92/><F92/><W116/><G93/><T23/><D23/><U7/><E49/><V83/><F83/><W101/><G116/><T33/><D33/><U119/><E21/><V10/><F29/><W56/><G82/><T43/><D43/><U4/><E22/><V79/><F79/><W80/><G42/><T121/><D121/><U17/><E119/><V117/><F117/><W99/><G99/><T34/><D34/><U72/><E72/><V71/><F71/><W124/><G80/><T69/><D69/><U75/><E75/><V64/><F64/><W25/><G67/><T87/><D87/><U73/><E73/><V110/><F110/><W15/><G86/><T44/><AGARI ba="0,1" hai="5,11,14,39,41,44,52,58,61,90,91,98,102,104" machi="44" ten="30,6000,0" yaku="1,1,0,1,54,1,53,0" doraHai="127" doraHaiUra="130" who="0" fromWho="0" sc="240,70,250,-20,250,-20,250,-20" /><INIT seed="0,1,0,5,5,118" ten="310,230,230,230" oya="0" hai0="99,129,24,70,11,36,34,69,97,1,106,117,64" hai1="60,29,68,5,59,100,122,50,61,31,96,13,26" hai2="46,110,62,14,49,112,79,120,98,133,130,21,55" hai3="101,81,18,111,51,52,25,102,87,67,9,40,119"/><T123/><D117/><U44/><E68/><V16/><F112/><W115/><G115/><T92/><D92/><U56/><E122/><V88/><F110/><W89/><G119/><T10/><D36/><U94/><E5/><V45/><F130/><W127/><G111/><T6/><D129/><U71/><E13/><V109/><F109/><W7/><G127/><T75/><D75/><U37/><E71/><V2/><F2/><W103/><G67/><T30/><D97/><U3/><E3/><V104/><F120/><W113/><G113/><T108/><D108/><U114/><E37/><V47/><F133/><W124/><G124/><T20/><D20/><N who="1" m="15559" /><E31/><V78/><F62/><N who="1" m="24169" /><E114/><V132/><F132/><W42/><G7/><N who="0" m="1391" /><D64/><U4/><E4/><V76/><F104/><W82/><G82/><T77/><D11/><U128/><E128/><V27/><F14/><N who="3" m="7503" /><G25/><T38/><D6/><U107/><E107/><V23/><F23/><W125/><G125/><T8/><D8/><U116/><E116/><V57/><F98/><W73/><G73/><T33/><D38/><U134/><E134/><V32/><F32/><W93/><G93/><T90/><D34/><U105/><E105/><V95/><F95/><W86/><G86/><T66/><D106/><U74/><E74/><V53/><F53/><AGARI ba="1,0" hai="44,50,53,56,59,94,96,100" m="24169,15559" machi="53" ten="30,1000,0" yaku="8,1" doraHai="118" who="1" fromWho="2" sc="310,0,230,13,230,-13,230,0" /><INIT seed="1,0,0,5,0,18" ten="310,243,217,230" oya="1" hai0="79,40,53,36,103,104,87,92,97,105,125,7,127" hai1="32,50,30,16,15,31,67,24,109,78,25,47,128" hai2="42,0,41,100,124,66,111,121,17,60,84,116,56" hai3="83,76,26,10,57,130,62,115,52,46,107,5,74"/><U39/><E39/><V96/><F116/><W134/><G134/><T1/><D53/><U2/><E128/><V71/><F121/><W90/><G130/><T123/><D123/><U120/><E120/><V133/><F133/><W132/><G132/><T44/><D79/><U110/><E2/><V28/><F0/><W58/><G107/><T12/><D12/><U119/><E67/><V81/><F111/><N who="1" m="42505" /><E78/><V114/><F124/><N who="0" m="47690" /><D87/><U37/><E37/><V102/><F114/><W85/><G115/><T106/><D106/><U65/><E65/><V73/><F73/><W21/><G46/><T59/><D59/><U45/><E50/><V82/><F56/><W86/><G58/><T126/><D126/><U135/><E119/><V99/><F99/><W38/><G38/><T13/><D1/><U72/><E72/><V91/><F96/><W29/><REACH who="3" step="1"/><G90/><REACH who="3" ten="310,243,217,220" step="2"/><T55/><D55/><U68/><E135/><V4/><F91/><W22/><G22/><T27/><D44/><U63/><E68/><V23/><F71/><W95/><G95/><T20/><D36/><U34/><E63/><V117/><F60/><W75/><G75/><T48/><D48/><U33/><E34/><V11/><F117/><W77/><G77/><T43/><D104/><U94/><E94/><V112/><F112/><W93/><G93/><T14/><D105/><U70/><E70/><V122/><F122/><W61/><G61/><T6/><D40/><U89/><E89/><V8/><F41/><W19/><G19/><N who="0" m="12703" /><D43/><U131/><E131/><V49/><F42/><W80/><G80/><T54/><D54/><RYUUKYOKU ba="0,1" sc="310,10,243,10,217,-30,220,10" hai0="6,7,13,14,92,97,103" hai1="15,16,24,25,30,31,32,33,45,47" hai3="5,10,21,26,29,52,57,62,74,76,83,85,86" /><INIT seed="1,1,1,2,4,109" ten="320,253,187,230" oya="1" hai0="29,63,64,72,53,48,51,0,93,91,19,12,74" hai1="46,89,127,135,56,68,23,54,5,24,47,98,49" hai2="18,105,95,62,17,76,58,67,32,55,106,30,110" hai3="71,52,131,115,50,129,113,4,75,103,36,6,61"/><U3/><E68/><V130/><F110/><W99/><G36/><T121/><D0/><U111/><E111/><V42/><F130/><N who="3" m="49675" /><G75/><T79/><D29/><U2/><E127/><V120/><F120/><W20/><G20/><T81/><D72/><U66/><E135/><V38/><F76/><W102/><G61/><T15/><D121/><U40/><E66/><V43/><F43/><W82/><G82/><T90/><D90/><U80/><E5/><N who="3" m="2154" /><G71/><T96/><D53/><U88/><E46/><V69/><F30/><W44/><G102/><T97/><D97/><U7/><E7/><V13/><F32/><W125/><G125/><T31/><D31/><U83/><E2/><V57/><F57/><W126/><G126/><T34/><D34/><U11/><E11/><V78/><F78/><W85/><G85/><T26/><D26/><U14/><E3/><V124/><F124/><W123/><G123/><T104/><D15/><U16/><E14/><V119/><F13/><W8/><G8/><T133/><D133/><U92/><E89/><V116/><F38/><AGARI ba="1,1" hai="16,23,24,38,40,47,49,54,56,80,83,88,92,98" machi="38" ten="30,5800,0" yaku="7,1,54,2" doraHai="109" who="1" fromWho="2" sc="320,0,253,71,187,-61,230,0" /><INIT seed="1,2,0,4,3,100" ten="320,324,126,230" oya="1" hai0="59,21,88,104,20,52,41,131,13,115,73,50,54" hai1="6,47,3,68,108,58,66,26,38,119,126,110,43" hai2="2,64,18,31,90,106,86,46,132,129,87,124,12" hai3="117,98,70,128,113,15,111,84,5,74,114,103,99"/><U10/><E119/><V101/><F2/><W67/><G70/><T27/><D115/><N who="3" m="44041" /><G15/><T61/><D73/><U130/><E58/><V107/><F101/><W112/><G5/><T48/><D104/><U19/><E126/><V1/><F1/><W55/><G55/><T125/><D131/><U135/><E135/><V78/><F129/><W22/><G22/><T69/><D125/><U28/><E19/><V11/><F124/><W133/><G67/><T36/><D69/><U123/><E130/><V25/><F132/><W39/><G39/><T14/><D36/><U24/><E123/><V23/><F64/><W85/><G74/><T51/><D41/><U102/><E102/><V91/><F78/><W53/><G133/><T60/><D88/><U79/><E79/><V127/><F127/><W89/><G99/><T105/><D105/><U75/><E75/><V45/><F45/><W7/><G7/><T44/><D20/><U82/><E26/><V80/><REACH who="2" step="1"/><F46/><REACH who="2" ten="320,324,116,230" step="2"/><W62/><G128/><T116/><D116/><U71/><E66/><V83/><AGARI ba="2,1" hai="11,12,18,23,25,31,80,83,86,87,90,91,106,107" machi="83" ten="20,16000,3" yaku="1,1,2,1,0,1,7,1,9,1,52,2,53,1" doraHai="100" doraHaiUra="8" who="2" fromWho="2" sc="320,-42,324,-82,116,176,230,-42" /><INIT seed="2,0,0,4,3,126" ten="278,242,292,188" oya="2" hai0="8,40,125,6,37,57,39,31,53,32,29,77,88" hai1="133,19,73,38,72,91,129,47,1,118,68,56,63" hai2="135,80,75,115,78,12,76,66,97,108,122,65,5" hai3="94,96,132,119,98,9,49,50,109,7,42,123,3"/><V113/><F122/><W99/><G109/><T107/><D107/><U112/><E112/><V55/><F108/><W35/><G119/><T48/><D125/><U114/><E114/><V83/><F135/><W120/><G35/><T26/><D77/><U27/><E68/><V89/><F113/><W58/><G132/><T106/><D106/><U70/><E70/><V105/><F115/><W121/><G42/><T131/><D131/><U23/><E1/><V54/><F105/><W18/><G18/><T86/><D29/><U4/><E4/><V17/><F5/><W100/><G58/><T2/><REACH who="0" step="1"/><D40/><REACH who="0" ten="268,242,292,188" step="2"/><U82/><E129/><V21/><F76/><W13/><REACH who="3" step="1"/><G3/><REACH who="3" ten="268,242,292,178" step="2"/><T11/><D11/><U81/><E133/><V43/><F43/><W71/><G71/><T36/><D36/><U90/><E38/><V69/><F69/><W134/><G134/><T44/><D44/><U14/><E47/><V103/><F21/><W0/><G0/><T111/><D111/><U52/><E23/><V110/><F110/><W61/><G61/><T25/><D25/><U127/><E27/><V60/><F60/><W64/><G64/><T93/><AGARI ba="0,2" hai="2,6,8,26,31,32,37,39,48,53,57,86,88,93" machi="93" ten="20,5200,0" yaku="1,1,0,1,7,1,54,1,53,0" doraHai="126" doraHaiUra="62" who="0" fromWho="0" sc="268,72,242,-13,292,-26,178,-13" /><INIT seed="3,0,0,1,5,115" ten="340,229,266,165" oya="3" hai0="85,51,46,57,39,111,5,14,49,38,110,60,128" hai1="11,0,31,131,41,58,109,94,3,71,70,35,42" hai2="134,64,4,127,65,79,82,108,17,56,52,63,6" hai3="95,129,27,92,53,24,126,74,54,97,44,122,33"/><W50/><G122/><T132/><D132/><U59/><E109/><N who="0" m="41481" /><D128/><U99/><E31/><V93/><F108/><W117/><G74/><T96/><D85/><U75/><E35/><V100/><F134/><W114/><G114/><T104/><D5/><U21/><E21/><V101/><F127/><W86/><G126/><T25/><D14/><U18/><E18/><V103/><F93/><W12/><G129/><T107/><D25/><U1/><E11/><V13/><F4/><W73/><G73/><T83/><D83/><U72/><E1/><V37/><F37/><N who="0" m="13834" /><D96/><U84/><E84/><N who="2" m="48223" /><F6/><W90/><G33/><T34/><D34/><U88/><E99/><V112/><F112/><W8/><G117/><T40/><D51/><U43/><E94/><V62/><F62/><W120/><G120/><T113/><D113/><U55/><E131/><V32/><F32/><W105/><G105/><T118/><D118/><U77/><E72/><V81/><F81/><W20/><G20/><AGARI ba="0,0" hai="13,17,20,52,56,63,64,65,100,101,103" m="48223" machi="20" ten="30,2000,0" yaku="8,1,54,1" doraHai="115" who="2" fromWho="3" sc="340,0,229,0,266,20,165,-20" owari="340,44.0,229,-17.1,286,8.6,145,-35.5" /></mjloggm>