<mjloggm ver="2.3"><GO type="225" lobby="0"/><UN n0="%EF%BC%AE%EF%BC%A1%EF%BC%AF%33%33%39" n1="%E9%B7%B9%E5%80%89%E6%9D%8F%E9%88%B4" n2="%73%68%75%6D%70" n3="%E3%82%B3%E3%83%90%E3%83%AC%E3%82%A4" dan="16,16,16,16" rate="2109.33,2130.88,2097.60,2195.83" sx="M,F,M,M"/><TAIKYOKU oya="0"/><INIT seed="0,0,0,1,0,55" ten="250,250,250,250" oya="0" hai0="8,92,102,43,99,83,74,111,116,128,105,68,65" hai1="13,127,80,84,114,9,18,1,117,28,90,95,27" hai2="97,113,35,40,48,59,7,69,122,47,91,75,51" hai3="63,98,120,3,41,16,19,34,0,70,78,12,44"/><T73/><D43/><U131/><E117/><V60/><F75/><W6/><G34/><T22/><D116/><U107/><E107/><V10/><F35/><W132/><G120/><T15/><D22/><U39/><E39/><V133/><F133/><W36/><G6/><T46/><D46/><U106/><E106/><V123/><F113/><W103/><G78/><T29/><D29/><U4/><E131/><V115/><F115/><W124/><G19/><T53/><D53/><U87/><E114/><V96/><F69/><W21/><G132/><T67/><D128/><U81/><E127/><V11/><F11/><W54/><G124/><T49/><D49/><U33/><REACH who="1" step="1"/><E87/><REACH who="1" ten="250,240,250,250" step="2"/><V76/><F123/><W17/><G36/><T26/><D105/><U129/><E129/><V58/><F122/><W134/><G134/><T37/><D37/><U108/><E108/><V62/><F76/><W93/><G3/><T61/><D111/><U57/><E57/><N who="2" m="21515" /><F48/><N who="3" m="26639" /><G0/><T88/><D73/><U23/><AGARI ba="0,1" hai="1,4,9,13,18,23,27,28,33,80,81,84,90,95" machi="23" ten="20,8000,1" yaku="1,1,0,1,7,1,24,2,53,0" doraHai="55" doraHaiUra="71" who="1" fromWho="1" sc="250,-40,240,90,250,-20,250,-20" /><INIT seed="1,0,0,0,2,127" ten="210,330,230,230" oya="1" hai0="11,93,101,75,114,48,39,88,33,102,66,67,15" hai1="21,116,56,37,7,35,27,94,126,61,84,123,28" hai2="16,119,77,20,29,59,31,128,108,90,83,97,125" hai3="113,74,44,78,12,8,89,50,98,34,19,104,73"/><U58/><E116/><V120/><F125/><W49/><G34/><T14/><D39/><U4/><E126/><V63/><F108/><W96/><G113/><T25/><D75/><U69/><E123/><V95/><F128/><W47/><G74/><T26/><D33/><U72/><E72/><V80/><F119/><W55/><G78/><T46/><D114/><U41/><E69/><V91/><F120/><W121/><G73/><T62/><D25/><U82/><E94/><V118/><F77/><W13/><G104/><T106/><D26/><U36/><E35/><V133/><F133/><W109/><G109/><T68/><D66/><U105/><E105/><V92/><F83/><W57/><G57/><T23/><D23/><U130/><E56/><V6/><F80/><W52/><G121/><T112/><D106/><U134/><E134/><V17/><F6/><W135/><G135/><T110/><D110/><U115/><E115/><V99/><F17/><W103/><G103/><T1/><D1/><U64/><E37/><V86/><F86/><W45/><G45/><T9/><D14/><U76/><E130/><V79/><F79/><W117/><G117/><T107/><D107/><U71/><E71/><V122/><F122/><W2/><G2/><T18/><D11/><U85/><E85/><V53/><F118/><W65/><G65/><T54/><REACH who="0" step="1"/><D112/><REACH who="0" ten="200,330,230,230" step="2"/><U70/><E70/><V22/><F22/><W30/><G13/><AGARI ba="0,1" hai="13,16,20,29,31,53,59,63,90,91,92,95,97,99" machi="13" ten="30,7700,0" yaku="7,1,9,1,8,1,54,1" doraHai="127" who="2" fromWho="3" sc="200,0,330,0,230,87,230,-77" /><INIT seed="2,0,0,1,2,22" ten="200,330,317,153" oya="2" hai0="91,7,14,25,20,39,11,76,89,117,125,90,99" hai1="77,134,74,110,69,54,42,46,51,133,18,81,129" hai2="86,115,17,118,94,8,122,64,72,128,49,30,33" hai3="56,82,98,58,62,16,57,12,28,123,124,104,70"/><V130/><F72/><W103/><G123/><T120/><D39/><U67/><E110/><V71/><F71/><W88/><G124/><T107/><D120/><U23/><E129/><V63/><F122/><W40/><G40/><T108/><D76/><U24/><E67/><V116/><F115/><W60/><G28/><T61/><D108/><U50/><REACH who="1" step="1"/><E69/><REACH who="1" ten="200,320,317,153" step="2"/><V127/><F64/><W21/><REACH who="3" step="1"/><G70/><REACH who="3" ten="200,320,317,143" step="2"/><T27/><D125/><U78/><E78/><V32/><F127/><W6/><G6/><T131/><D131/><U15/><E15/><V68/><F68/><W135/><G135/><T43/><D14/><U2/><E2/><V19/><F130/><W119/><G119/><T73/><D7/><U44/><AGARI ba="0,2" hai="18,23,24,42,44,46,50,51,54,74,77,81,133,134" machi="44" ten="30,4000,0" yaku="1,1,0,1,52,1,53,0" doraHai="22" doraHaiUra="84" who="1" fromWho="1" sc="200,-10,320,60,317,-20,143,-10" /><INIT seed="3,0,0,4,0,111" ten="190,380,297,133" oya="3" hai0="92,69,127,18,65,15,12,91,25,67,1,2,108" hai1="132,72,75,48,34,50,88,130,11,63,21,10,135" hai2="123,134,39,22,109,126,7,17,61,70,31,90,19" hai3="85,6,87,80,35,86,32,24,53,102,41,105,55"/><W14/><G80/><T20/><D108/><U76/><E34/><V49/><F39/><W116/><G116/><T30/><D15/><U47/><E130/><V40/><F109/><W56/><G41/><T59/><D69/><U74/><E76/><V43/><F7/><W9/><G32/><T71/><D71/><U28/><E63/><V98/><F31/><W58/><G105/><T33/><D127/><U115/><E115/><V4/><F4/><W101/><G35/><T36/><D36/><U97/><E88/><V62/><F90/><W3/><G24/><T5/><D59/><U113/><E113/><V110/><F22/><W100/><REACH who="3" step="1"/><G3/><REACH who="3" ten="190,380,297,123" step="2"/><T29/><D2/><U83/><E83/><V112/><F43/><W13/><G13/><T37/><D37/><U95/><E95/><V42/><F40/><W131/><G131/><T16/><D1/><U66/><E75/><V89/><F42/><W84/><N who="3" m="21504" /><DORA hai="54" /><W68/><G68/><T120/><D33/><U57/><E74/><V99/><F70/><W121/><G121/><T124/><D120/><U104/><E72/><V118/><F118/><W125/><G125/><T23/><D124/><U77/><E104/><V44/><F126/><W82/><G82/><T52/><D25/><U106/><E106/><V122/><F123/><W27/><G27/><T79/><D12/><U128/><E128/><V45/><F122/><W81/><G81/><T114/><D92/><U73/><E73/><V64/><F110/><W96/><G96/><T26/><D26/><U103/><E97/><V129/><F99/><W133/><G133/><RYUUKYOKU ba="0,1" sc="190,-10,380,-10,297,-10,123,30" hai3="6,9,14,53,55,56,58,100,101,102" /><INIT seed="3,1,1,3,4,74" ten="180,370,287,153" oya="3" hai0="66,34,124,13,32,128,51,73,3,45,58,106,72" hai1="77,126,104,10,133,108,81,84,71,95,70,19,53" hai2="17,42,44,64,50,40,87,100,103,94,107,115,31" hai3="9,36,129,47,116,67,5,105,30,79,1,59,21"/><W28/><G116/><T16/><D3/><U37/><E104/><V7/><F115/><W14/><G105/><T93/><D106/><U120/><E37/><V99/><F7/><W98/><G129/><T41/><D128/><U55/><E120/><V132/><F132/><W127/><G127/><T39/><D124/><U112/><E126/><V48/><F31/><W131/><G131/><T80/><D72/><U121/><E121/><V12/><F64/><W110/><G98/><T113/><D113/><U109/><E112/><V38/><F38/><W118/><G118/><T2/><D2/><U89/><E133/><V76/><F103/><W60/><G110/><N who="1" m="42602" /><E10/><V62/><F62/><W75/><G14/><T15/><D15/><U92/><E19/><V101/><F101/><W82/><REACH who="3" step="1"/><G21/><REACH who="3" ten="180,370,287,143" step="2"/><T56/><D13/><U52/><E95/><V122/><F122/><W27/><G27/><T123/><D93/><U29/><E29/><V102/><F102/><W69/><G69/><T97/><D123/><U18/><E18/><V125/><F125/><W86/><G86/><AGARI ba="1,2" hai="52,53,55,70,71,77,81,84,86,89,92" m="42602" machi="86" ten="30,3900,0" yaku="14,1,52,1,54,1" doraHai="74" who="1" fromWho="3" sc="180,0,370,62,287,0,143,-42" owari="180,-22.0,432,53.2,287,8.7,101,-39.9" /></mjloggm>