<mjloggm ver="2.3"><GO type="225" lobby="0"/><UN n0="%E9%B4%A8%4E%45%47%49" n1="%E6%98%93%E5%88%A9%E8%96%A9%E4%BC%AF" n2="%E3%83%B4%E3%83%A0%EF%BC%99%E3%81%A6" n3="%72%69%6F%75%63%68%61%6E" dan="16,17,16,16" rate="2080.50,2183.17,2163.36,2189.45" sx="M,F,M,M"/><TAIKYOKU oya="0"/><INIT seed="0,0,0,1,2,41" ten="250,250,250,250" oya="0" hai0="67,65,135,93,16,133,23,63,116,11,98,114,106" hai1="132,96,25,83,119,124,32,103,120,131,52,82,117" hai2="35,20,74,99,3,61,130,46,29,27,21,115,56" hai3="37,80,94,134,87,102,57,58,4,86,112,34,126"/><T39/><D116/><U81/><E120/><V62/><F115/><W127/><G112/><T76/><D114/><U24/><E131/><V51/><F74/><W88/><G134/><N who="0" m="51211" /><D39/><U73/><E132/><V85/><F130/><W59/><G34/><T47/><D106/><U22/><E73/><V48/><F3/><W92/><G37/><T40/><D76/><U19/><E124/><N who="3" m="47658" /><G4/><T53/><D11/><U95/><E32/><V89/><F99/><N who="3" m="59751" /><G57/><N who="0" m="35247" /><D93/><U31/><E25/><V9/><F9/><W14/><G14/><N who="0" m="9623" /><D98/><U97/><E97/><V111/><F35/><W0/><G0/><T68/><D68/><U1/><E1/><V91/><F20/><W7/><G7/><T75/><D75/><U55/><REACH who="1" step="1"/><E31/><REACH who="1" ten="250,240,250,250" step="2"/><V44/><F29/><W122/><G122/><T107/><D107/><U64/><E64/><N who="0" m="24649" /><D40/><U66/><E66/><V69/><F27/><W5/><G5/><T70/><D70/><U78/><E78/><AGARI ba="0,1" hai="58,59,78,80,86,87,88,94" m="59751,47658" machi="78" ten="30,2000,0" yaku="18,1,54,1" doraHai="41" who="3" fromWho="1" sc="250,0,240,-20,250,0,250,30" /><INIT seed="1,0,0,4,5,81" ten="250,220,250,280" oya="1" hai0="32,4,122,8,50,133,11,109,73,83,72,44,91" hai1="35,39,2,56,111,54,80,69,105,78,95,134,12" hai2="34,37,79,66,65,135,40,15,22,98,121,26,61" hai3="128,118,103,59,46,60,86,23,126,124,20,3,101"/><U1/><E105/><V42/><F121/><W97/><G128/><T87/><D122/><U63/><E35/><V49/><F37/><W123/><G123/><T43/><D109/><U99/><E134/><V41/><F135/><W16/><G3/><T18/><D133/><U6/><E39/><V110/><F110/><W24/><G118/><T38/><D32/><U25/><E69/><V9/><F34/><W51/><G86/><T82/><D38/><U115/><E25/><V31/><F98/><W77/><G77/><T96/><D18/><U114/><E111/><V57/><F79/><W129/><G129/><T113/><D113/><U94/><E94/><V132/><F132/><W131/><G131/><T52/><D43/><U68/><E68/><V112/><F112/><W27/><G97/><T90/><D4/><U14/><E2/><V71/><F71/><W93/><G93/><T10/><D96/><U106/><E106/><V67/><REACH who="2" step="1"/><F49/><REACH who="2" ten="250,220,240,280" step="2"/><W58/><G126/><T47/><D47/><U88/><E115/><V7/><AGARI ba="0,1" hai="7,9,15,22,26,31,40,41,42,57,61,65,66,67" machi="7" ten="30,8000,1" yaku="1,1,2,1,0,1,8,1,53,1" doraHai="81" doraHaiUra="5" who="2" fromWho="2" sc="250,-20,220,-40,240,90,280,-20" /><INIT seed="2,0,0,3,3,51" ten="230,180,330,260" oya="2" hai0="76,50,18,113,83,16,23,30,73,110,117,64,82" hai1="27,54,97,103,42,0,135,134,132,120,45,108,15" hai2="67,91,49,123,4,66,13,46,102,40,26,59,122" hai3="133,116,119,96,1,69,56,71,112,92,63,10,89"/><V36/><F102/><W115/><G133/><T20/><D110/><U5/><E108/><V101/><F101/><W3/><G69/><T106/><D113/><N who="3" m="43593" /><G71/><T44/><D117/><N who="3" m="45129" /><G10/><T43/><D106/><U21/><E120/><V77/><F77/><W127/><G127/><T74/><D64/><AGARI ba="0,0" hai="1,3,56,63,64,89,92,96" m="45129,43593" machi="64" ten="30,1000,0" yaku="11,1" doraHai="51" who="3" fromWho="0" sc="230,-10,180,0,330,0,260,10" /><INIT seed="3,0,0,0,0,37" ten="220,180,330,270" oya="3" hai0="24,16,126,58,6,4,103,34,87,49,125,7,111" hai1="112,48,17,99,26,69,107,79,43,21,44,47,94" hai2="108,19,66,90,18,31,13,74,98,57,68,22,121" hai3="118,55,86,27,117,52,54,1,93,11,110,78,15"/><W10/><G110/><T23/><D111/><U106/><E69/><V127/><F108/><W25/><G1/><T61/><D103/><U120/><E112/><V122/><F74/><W12/><G78/><T56/><D87/><U30/><E120/><N who="2" m="46187" /><F68/><W45/><G45/><T39/><D39/><U38/><E79/><V77/><F77/><W0/><G0/><T134/><D134/><U91/><REACH who="1" step="1"/><E30/><REACH who="1" ten="220,170,330,270" step="2"/><V41/><F31/><W64/><G118/><T5/><N who="0" m="1024" /><DORA hai="62" /><T51/><D34/><U97/><E97/><V84/><F98/><W46/><G117/><T131/><D131/><U9/><E9/><V71/><F71/><W29/><G29/><T85/><D85/><U65/><E65/><V81/><F66/><W128/><G64/><N who="0" m="38951" /><D51/><U3/><E3/><V133/><F84/><W95/><G128/><T8/><D8/><U96/><E96/><V73/><F133/><W14/><G86/><T89/><D49/><U130/><E130/><V75/><F75/><W100/><G10/><T28/><D28/><U33/><E33/><V129/><F73/><W80/><G11/><T124/><D58/><U59/><E59/><V109/><F57/><W113/><G113/><T115/><D115/><U50/><E50/><V63/><F129/><W105/><G100/><T123/><D123/><U67/><E67/><V114/><F109/><W82/><G105/><T102/><D102/><U2/><E2/><V132/><F132/><W83/><G46/><T40/><D40/><AGARI ba="0,1" hai="17,21,26,38,40,43,44,47,48,91,94,99,106,107" machi="40" ten="30,7700,0" yaku="1,1,7,1,52,2,53,0" doraHai="37,62" doraHaiUra="119,53" who="1" fromWho="0" sc="220,-77,170,87,330,0,270,0" owari="143,-35.7,257,-14.3,330,43.0,270,7.0" /></mjloggm>