<mjloggm ver="2.3"><GO type="225" lobby="0"/><UN n0="%E3%80%90%E8%92%BC%E7%90%89%E3%80%91" n1="%E6%97%A5%E6%9B%9C%E6%97%A5%E3%82%88%E3%82%8A%E3%81%AE%E4%BD%BF%E8%80%85" n2="%E6%A1%9C%E8%8A%B1%E9%96%83%E3%80%85" n3="%E7%99%BD%E5%80%89%E5%AF%9B%E4%B9%8B" dan="16,17,17,16" rate="2195.11,2225.83,2235.93,2140.12" sx="F,M,M,M"/><TAIKYOKU oya="0"/><INIT seed="0,0,0,3,1,32" ten="250,250,250,250" oya="0" hai0="54,14,75,127,64,106,70,96,72,21,93,117,82" hai1="61,113,15,76,112,66,110,121,5,46,18,102,3" hai2="104,8,125,86,105,133,115,10,42,85,68,55,19" hai3="11,73,62,94,47,97,130,87,4,37,13,1,30"/><T49/><D106/><U118/><E118/><V36/><F115/><N who="1" m="44105" /><E121/><V99/><F68/><W120/><G73/><T98/><D117/><U67/><E110/><V17/><F55/><W28/><G120/><T26/><D127/><U38/><E102/><V92/><F125/><W0/><G130/><T81/><D14/><U129/><E129/><V60/><F60/><W79/><G62/><T35/><D35/><U50/><E38/><V65/><F65/><N who="1" m="24585" /><E76/><V6/><F133/><W63/><G63/><T41/><D41/><N who="1" m="24911" /><E61/><V100/><F104/><W122/><G122/><T77/><D64/><U84/><E84/><V135/><F105/><W71/><G71/><T107/><D70/><U51/><E51/><V31/><F36/><W103/><G37/><T123/><D107/><U119/><E119/><V25/><F86/><W44/><G44/><T29/><D123/><U45/><E45/><V39/><F85/><W52/><G47/><T132/><D81/><U126/><E126/><V74/><F39/><W22/><G52/><T57/><D96/><U83/><E83/><V20/><F42/><W131/><G131/><T24/><D75/><U114/><N who="1" m="44113" /><U23/><DORA hai="95" /><E5/><V2/><F74/><W69/><G69/><T124/><D124/><U89/><E89/><V111/><F111/><W40/><G40/><T116/><D116/><U9/><E9/><N who="2" m="2263" /><F135/><W90/><G79/><T56/><D132/><U34/><E34/><V43/><F43/><W27/><G30/><T109/><D77/><U58/><E58/><V33/><F33/><W16/><G28/><T91/><D29/><RYUUKYOKU ba="0,0" sc="250,-30,250,10,250,10,250,10" hai1="3,15,18,23" hai2="8,10,17,19,20,25,31,92,99,100" hai3="0,1,4,11,13,16,22,27,87,90,94,97,103" /><INIT seed="1,1,0,5,5,125" ten="220,260,260,260" oya="1" hai0="70,124,10,82,88,36,122,107,62,66,134,50,133" hai1="77,84,35,5,105,81,15,17,67,121,99,85,49" hai2="126,45,1,31,101,72,48,96,14,27,63,32,2" hai3="114,7,26,98,87,68,12,29,4,61,51,100,13"/><U91/><E121/><V6/><F72/><W22/><G114/><T78/><D107/><U58/><E35/><V94/><F126/><W120/><G120/><T59/><D36/><U109/><E109/><V75/><F75/><W53/><G68/><T64/><D122/><U74/><E5/><V135/><F135/><N who="0" m="51722" /><D124/><U3/><E3/><V33/><F33/><W9/><G61/><N who="0" m="40207" /><D10/><U115/><E115/><V19/><F63/><W116/><G87/><N who="0" m="50295" /><D50/><U119/><E119/><V97/><F6/><W80/><G80/><T38/><D38/><U8/><E105/><V118/><F118/><W103/><G116/><T23/><D23/><U52/><REACH who="1" step="1"/><E67/><REACH who="1" ten="220,250,260,260" step="2"/><V86/><F1/><W28/><G4/><T123/><D123/><U130/><E130/><V129/><F2/><W83/><G7/><T11/><D11/><U46/><E46/><V24/><F129/><W0/><G9/><T60/><D62/><U69/><E69/><V79/><F32/><W40/><G0/><T30/><D30/><U102/><E102/><V54/><F31/><W39/><G29/><T111/><D111/><U20/><E20/><V44/><F44/><W113/><G103/><T16/><D16/><U117/><E117/><V128/><F128/><W37/><G113/><T56/><D56/><U92/><AGARI ba="1,1" hai="8,15,17,49,52,58,74,77,81,84,85,91,92,99" machi="92" ten="30,11700,0" yaku="1,1,0,1,54,1,53,1" doraHai="125" doraHaiUra="73" who="1" fromWho="1" sc="220,-40,250,130,260,-40,260,-40" /><INIT seed="1,2,0,1,1,30" ten="180,380,220,220" oya="1" hai0="28,6,133,26,32,108,55,119,42,117,53,70,114" hai1="49,5,66,89,75,18,127,106,131,105,15,116,31" hai2="0,124,84,96,11,85,14,128,13,45,83,65,91" hai3="101,87,51,98,10,74,58,100,37,24,63,38,134"/><U40/><E75/><V99/><F124/><W39/><G74/><T76/><D114/><U82/><E116/><V23/><F128/><W73/><G73/><T80/><D70/><U90/><E5/><N who="2" m="3311" /><F0/><W132/><G51/><T107/><D107/><U9/><E66/><V47/><F65/><W103/><G10/><T44/><D108/><U29/><E127/><V35/><F35/><W33/><G87/><T54/><D6/><U21/><E131/><V3/><F3/><W135/><G24/><T64/><D64/><U7/><E106/><V2/><F2/><W125/><G125/><T46/><D133/><U12/><E105/><V130/><F130/><W69/><G69/><T25/><D25/><U77/><E31/><V95/><F85/><W57/><G33/><T115/><D115/><U129/><E29/><V59/><F59/><N who="3" m="22539" /><G63/><T61/><D61/><U109/><E129/><V122/><F122/><W71/><G71/><T102/><D102/><U72/><E109/><V4/><F99/><AGARI ba="2,0" hai="37,38,39,98,99,100,101,103,132,134,135" m="22539" machi="99" ten="50,8000,1" yaku="29,2,28,2,20,1" doraHai="30" who="3" fromWho="2" sc="180,0,380,0,220,-86,220,86" /><INIT seed="2,0,0,4,1,9" ten="180,380,134,306" oya="2" hai0="133,5,113,127,77,8,115,95,118,4,53,1,122" hai1="101,93,64,67,15,76,26,30,29,92,51,59,21" hai2="119,66,45,100,56,123,71,99,33,81,6,78,110" hai3="72,24,42,22,121,43,104,37,117,11,50,41,35"/><V128/><F119/><W106/><G37/><T3/><D122/><U105/><E105/><V62/><F123/><W109/><G72/><T74/><D118/><U12/><E76/><V23/><F128/><W58/><G35/><T34/><D34/><U131/><E30/><V61/><F33/><W85/><G121/><T82/><D133/><U116/><E131/><V40/><F110/><W90/><G117/><T102/><D127/><U96/><E116/><V31/><F6/><W18/><G109/><T55/><D4/><U91/><E64/><V134/><F134/><W120/><G120/><T88/><D102/><U97/><E51/><V79/><F31/><W54/><REACH who="3" step="1"/><G11/><REACH who="3" ten="180,380,134,296" step="2"/><T129/><D129/><U107/><E107/><V44/><F23/><W60/><G60/><AGARI ba="0,1" hai="12,15,21,26,29,59,60,67,91,92,93,96,97,101" machi="60" ten="40,8000,1" yaku="25,2,8,1,52,2" doraHai="9" who="1" fromWho="3" sc="180,0,380,90,134,0,296,-80" /><INIT seed="3,0,0,0,1,40" ten="180,470,134,216" oya="3" hai0="58,41,76,79,46,95,13,123,18,86,82,122,127" hai1="3,8,68,130,56,32,115,98,134,114,77,101,19" hai2="107,92,51,44,22,17,64,97,121,70,73,24,120" hai3="106,99,93,132,29,118,135,48,67,113,108,35,30"/><W63/><G113/><T72/><D127/><U112/><E68/><V124/><F73/><W111/><G48/><T37/><D58/><U109/><E32/><V31/><F107/><W1/><G1/><T71/><D71/><U128/><E109/><N who="3" m="42058" /><G118/><T133/><D133/><N who="3" m="51273" /><G106/><T59/><D59/><U87/><E56/><V83/><F83/><W102/><G35/><T5/><D5/><U90/><E134/><V34/><F124/><W49/><G49/><T81/><D95/><U125/><E125/><V75/><F75/><W12/><G12/><T23/><AGARI ba="0,0" hai="13,18,23,37,41,46,72,76,79,81,82,86,122,123" machi="23" ten="20,2700,0" yaku="0,1,7,1,52,1" doraHai="40" who="0" fromWho="0" sc="180,27,470,-7,134,-7,216,-13" owari="207,0.7,463,56.3,127,-37.3,203,-19.7" /></mjloggm>