<mjloggm ver="2.3"><GO type="225" lobby="0"/><UN n0="%30%2E%31%32%30" n1="%E3%82%B7%E3%83%A5%E3%83%9E%E3%82%A4%E3%82%B1%E3%83%AB" n2="%E3%83%A9%E3%82%A4%E3%83%B3%E3%81%AE%E8%99%8E" n3="%E6%B8%A1%E5%A4%A9%E8%97%8D" dan="16,16,16,16" rate="2124.52,2170.25,2158.44,2133.53" sx="M,M,M,M"/><TAIKYOKU oya="0"/><INIT seed="0,0,0,3,3,58" ten="250,250,250,250" oya="0" hai0="0,48,37,76,18,3,105,43,67,42,84,8,72" hai1="108,56,100,2,80,77,13,20,64,135,94,29,44" hai2="68,35,129,78,115,127,86,112,120,41,119,40,99" hai3="49,46,69,111,71,74,123,125,28,15,81,66,7"/><T5/><D105/><U9/><E108/><V82/><F35/><W70/><G111/><T25/><D37/><U31/><E135/><V116/><F68/><W39/><G39/><T87/><D0/><U32/><E32/><V103/><F40/><W134/><G134/><T121/><D121/><U22/><E2/><V126/><F41/><W113/><G113/><N who="2" m="43593" /><F120/><W54/><G125/><N who="2" m="47625" /><F129/><W16/><G123/><T60/><D43/><U95/><E44/><V118/><F118/><W63/><G28/><T62/><D67/><U97/><E95/><AGARI ba="0,0" hai="78,82,86,95,99,103,116,119" m="47625,43593" machi="95" ten="30,3900,0" yaku="18,1,34,2" doraHai="58" who="2" fromWho="1" sc="250,0,250,-39,250,39,250,0" /><INIT seed="1,0,0,2,1,125" ten="250,211,289,250" oya="1" hai0="46,70,36,72,20,100,84,89,98,107,22,123,109" hai1="9,75,57,66,51,45,94,50,85,65,61,54,114" hai2="77,86,76,69,74,103,120,23,26,130,44,73,121" hai3="67,0,108,40,68,11,39,34,37,2,91,28,62"/><U56/><E114/><V12/><F69/><W79/><G108/><T7/><D109/><U14/><E75/><V82/><F103/><W81/><G91/><T80/><D70/><U58/><E85/><V31/><F130/><W113/><G113/><T18/><D123/><U104/><E104/><V83/><F86/><W122/><G122/><T112/><D112/><U90/><E66/><V106/><F106/><W102/><G102/><T30/><D7/><U95/><E90/><V27/><F12/><W88/><G88/><T59/><D59/><U60/><E51/><V33/><REACH who="2" step="1"/><F44/><REACH who="2" ten="250,211,279,250" step="2"/><W43/><G68/><T41/><D72/><U118/><E118/><V93/><F93/><W128/><G128/><T92/><D107/><U87/><E87/><V1/><F1/><W48/><G0/><T4/><D4/><U21/><E58/><V64/><F64/><W116/><G2/><T38/><D46/><U10/><E95/><V32/><F32/><W19/><G67/><T126/><D126/><U132/><E94/><V129/><F129/><W52/><G116/><T119/><D119/><U124/><E124/><V111/><F111/><W105/><G105/><T17/><D100/><U101/><E101/><V53/><F53/><W96/><G52/><T42/><D42/><N who="1" m="24887" /><E132/><V131/><F131/><W115/><G40/><T71/><D41/><U13/><E14/><V117/><F117/><W135/><G43/><T110/><D110/><U29/><E13/><V5/><F5/><W55/><G135/><T47/><D47/><U15/><E15/><V97/><F97/><W134/><G96/><RYUUKYOKU ba="0,1" sc="250,-15,211,15,279,15,250,-15" hai1="9,10,21,29,54,56,57,60,61,65" hai2="23,26,27,31,33,73,74,76,77,82,83,120,121" /><INIT seed="1,1,1,4,1,24" ten="235,226,294,235" oya="1" hai0="49,13,61,52,47,115,112,25,101,132,35,7,116" hai1="75,84,68,99,43,57,78,11,41,10,70,16,98" hai2="64,127,30,17,33,28,21,29,122,38,85,69,44" hai3="109,121,45,2,65,89,77,54,46,114,123,22,124"/><U32/><E75/><V19/><F122/><W1/><G114/><T63/><D116/><U4/><E32/><V48/><F33/><W111/><G77/><T39/><D132/><U119/><E119/><V55/><F127/><W88/><G65/><T15/><D39/><U118/><E118/><V31/><F38/><W129/><G22/><T90/><D101/><U82/><E68/><V117/><F117/><W60/><G60/><T113/><D90/><N who="3" m="34921" /><G54/><T14/><REACH who="0" step="1"/><D7/><REACH who="0" ten="225,226,294,235" step="2"/><U130/><E130/><V51/><F51/><W56/><G129/><T62/><D62/><U26/><E4/><V53/><F53/><W23/><G124/><T9/><D9/><U42/><E10/><V27/><REACH who="2" step="1"/><F85/><REACH who="2" ten="225,226,284,235" step="2"/><W18/><G121/><T20/><D20/><U96/><E11/><V105/><F105/><W67/><G123/><T93/><D93/><U131/><E131/><V37/><F37/><W71/><G23/><T5/><D5/><U102/><E102/><V94/><F94/><W135/><G135/><T125/><D125/><U97/><E84/><V72/><F72/><W66/><G109/><T120/><D120/><U0/><E41/><V106/><F106/><W108/><G111/><T3/><D3/><U8/><E42/><V134/><F134/><W81/><G108/><T87/><D87/><U95/><E43/><V103/><F103/><W128/><G1/><T12/><N who="0" m="3072" /><DORA hai="86" /><T73/><D73/><U59/><E0/><V107/><F107/><W83/><G2/><T133/><D133/><U80/><E8/><V34/><F34/><W58/><G128/><T6/><D6/><RYUUKYOKU ba="1,3" sc="225,15,226,-15,284,15,235,-15" hai0="25,35,47,49,52,61,63,112,113,115" hai2="17,19,21,27,28,29,30,31,44,48,55,64,69" /><INIT seed="2,2,3,5,2,82" ten="240,211,299,220" oya="2" hai0="79,57,37,9,96,117,98,92,133,14,11,72,61" hai1="46,21,132,16,17,77,119,106,88,75,29,134,104" hai2="127,43,103,5,44,76,95,71,32,36,120,123,51" hai3="42,102,86,49,12,35,101,3,18,19,62,107,91"/><V0/><F32/><W47/><G35/><T90/><D37/><U84/><E119/><V89/><F103/><W4/><G107/><T85/><D117/><U41/><E77/><V52/><F76/><W25/><G3/><T8/><D133/><N who="1" m="51307" /><E29/><V65/><F127/><W23/><G62/><T40/><D14/><N who="1" m="9367" /><E17/><V128/><F128/><W124/><G4/><T105/><D105/><U112/><E75/><V125/><F125/><W69/><G69/><T115/><D115/><U13/><E13/><V111/><F111/><W122/><G122/><T24/><D24/><U99/><E99/><N who="0" m="37929" /><D72/><U131/><E131/><V126/><F126/><W118/><G118/><T130/><D130/><U26/><E26/><V63/><F5/><W10/><REACH who="3" step="1"/><G124/><REACH who="3" ten="240,211,299,210" step="2"/><T33/><D33/><U39/><E112/><V60/><F60/><W1/><G1/><T53/><D79/><U73/><E73/><V64/><F0/><W38/><G38/><T7/><D7/><U83/><AGARI ba="2,4" hai="39,41,46,83,84,88,104,106" m="9367,51307" machi="83" ten="30,7900,0" yaku="20,1,52,1,54,2" doraHai="82" who="1" fromWho="1" sc="240,-22,211,125,299,-41,210,-22" /><INIT seed="3,0,0,2,3,58" ten="218,336,258,188" oya="3" hai0="50,25,55,72,65,11,67,75,132,56,40,117,30" hai1="15,39,70,4,51,83,97,133,79,116,28,108,102" hai2="23,128,110,29,66,69,44,18,114,107,47,112,131" hai3="71,62,24,76,94,34,48,98,126,103,46,101,84"/><W22/><G34/><T43/><D132/><U6/><E39/><V99/><F29/><W0/><G0/><T17/><D117/><U13/><E70/><V78/><F78/><W124/><G101/><T89/><D75/><U92/><E133/><V122/><F110/><W134/><G134/><T53/><D72/><U45/><E108/><V121/><F66/><N who="0" m="25098" /><D89/><U129/><E28/><V33/><F69/><W54/><G71/><T5/><D5/><U80/><E129/><N who="2" m="49739" /><F33/><W27/><G76/><T93/><D93/><U95/><E95/><V32/><F32/><W52/><G84/><T49/><D30/><U100/><E100/><N who="2" m="62879" /><F44/><W3/><G3/><T8/><D8/><U10/><E116/><V7/><F47/><W88/><G103/><T21/><D11/><N who="1" m="4343" /><E79/><V135/><F7/><W36/><G36/><T68/><D68/><U86/><E86/><V113/><F135/><W35/><G35/><T37/><D37/><U111/><E111/><V31/><F31/><W120/><G120/><T19/><D19/><U109/><E109/><V61/><F122/><W81/><G81/><T119/><D119/><U14/><E14/><N who="2" m="9687" /><F121/><W82/><G82/><T64/><N who="0" m="25106" /><T41/><DORA hai="74" /><D53/><AGARI ba="0,0" hai="4,10,15,45,51,53,80,83,92,97,102" m="4343" machi="53" ten="30,1000,0" yaku="8,1" doraHai="58,74" who="1" fromWho="0" sc="218,-10,336,10,258,0,188,0" owari="208,-19.2,346,44.6,258,5.8,188,-31.2" /></mjloggm>