<mjloggm ver="2.3"><GO type="225" lobby="0"/><UN n0="%E3%81%BF%E3%81%BF%E3%81%9A" n1="%E3%81%99%E3%81%84%E3%81%BE%E3%81%9B%E3%83%BC%E3%82%93" n2="%E3%83%A9%E3%82%B9%E7%8E%87%EF%BC%93%E5%89%B2" n3="%E3%81%82%E3%81%84%E3%81%82%E3%81%8A%E3%81%84" dan="17,18,17,18" rate="2198.18,2209.07,2188.64,2185.86" sx="M,M,F,M"/><TAIKYOKU oya="0"/><INIT seed="0,0,0,4,2,55" ten="250,250,250,250" oya="0" hai0="32,124,83,70,13,56,0,43,45,87,117,54,62" hai1="8,6,88,2,91,68,11,106,69,65,17,7,133" hai2="24,105,63,82,41,12,23,128,132,131,38,30,71" hai3="76,15,134,72,59,113,120,18,118,25,127,47,96"/><T40/><D117/><U86/><E133/><V121/><F121/><W27/><G113/><T84/><D0/><U115/><E115/><V85/><F105/><W14/><G118/><T31/><D124/><U99/><E17/><V57/><F71/><W100/><G134/><T129/><D129/><N who="2" m="49738" /><F132/><W110/><G110/><T107/><D107/><U61/><E69/><V58/><F63/><W52/><G47/><T93/><D70/><U19/><E19/><N who="2" m="10727" /><F41/><W75/><G127/><T26/><D13/><U102/><REACH who="1" step="1"/><E86/><REACH who="1" ten="250,240,250,250" step="2"/><V67/><F67/><W20/><G75/><T49/><D87/><U116/><E116/><V94/><F38/><W126/><G126/><T123/><D123/><U37/><E37/><V98/><F85/><W42/><G120/><T28/><D28/><U74/><E74/><V95/><F82/><W50/><G27/><T21/><D32/><U66/><E66/><V103/><F95/><W4/><G4/><T122/><D122/><U73/><E73/><V64/><F64/><W81/><REACH who="3" step="1"/><G42/><REACH who="3" ten="250,240,250,240" step="2"/><N who="0" m="24759" /><D93/><AGARI ba="0,2" hai="14,15,18,20,25,50,52,59,72,76,81,93,96,100" machi="93" ten="30,7700,0" yaku="1,1,7,1,52,1,54,1,53,0" doraHai="55" doraHaiUra="109" who="3" fromWho="0" sc="250,-77,240,0,250,0,240,97" /><INIT seed="1,0,0,5,2,28" ten="173,240,250,337" oya="1" hai0="44,50,124,48,65,118,83,126,16,3,38,37,103" hai1="87,121,42,9,91,75,90,17,122,23,85,27,15" hai2="123,101,94,130,77,43,12,131,67,56,104,59,107" hai3="110,64,109,31,92,82,14,112,24,36,22,128,127"/><U129/><E129/><N who="2" m="49163" /><F123/><W63/><G128/><T10/><D118/><U20/><E75/><V30/><F43/><W80/><G36/><T68/><D83/><U51/><E122/><V61/><F77/><W21/><G112/><T49/><D3/><U4/><E121/><V74/><F74/><W117/><G127/><N who="0" m="48683" /><D103/><U6/><E6/><V73/><F73/><W33/><G117/><T71/><D10/><U2/><E90/><V79/><F79/><W88/><G82/><T81/><D81/><U135/><E135/><V111/><F12/><W69/><G80/><T0/><D0/><U13/><E91/><V11/><F11/><W53/><G53/><T29/><D29/><N who="1" m="17639" /><E2/><V70/><F30/><W100/><G100/><T54/><D16/><N who="1" m="10639" /><E4/><V78/><F78/><W35/><G21/><T134/><D134/><U84/><E87/><V125/><F125/><W120/><G120/><T55/><D65/><U115/><E115/><V114/><F114/><W76/><G76/><T105/><D105/><U60/><E85/><V57/><F104/><W40/><G14/><T62/><D62/><U119/><E119/><V52/><F107/><W47/><G22/><T41/><D37/><U46/><E84/><V96/><F101/><W72/><G72/><T89/><D89/><U19/><E17/><V86/><F86/><W113/><G88/><T133/><D133/><U66/><E66/><V7/><F7/><W45/><G64/><T132/><D132/><U102/><E102/><V26/><F67/><W8/><G113/><T116/><D116/><U5/><E5/><V39/><F39/><RYUUKYOKU ba="0,0" sc="173,15,240,15,250,-15,337,-15" hai0="38,41,44,48,49,50,54,55,68,71" hai1="9,15,19,42,46,51,60" /><INIT seed="1,1,0,2,1,65" ten="188,255,235,322" oya="1" hai0="7,123,108,68,106,104,79,64,130,57,19,20,60" hai1="4,31,113,11,27,126,2,8,48,115,107,42,70" hai2="92,99,67,10,119,25,116,109,40,76,49,46,102" hai3="1,66,132,54,95,17,24,55,30,45,43,124,37"/><U39/><E39/><V78/><F109/><W133/><G1/><T74/><D108/><U21/><E126/><V131/><F131/><W29/><G124/><T105/><D130/><U3/><E107/><V47/><F67/><W129/><G129/><T117/><D117/><U72/><E72/><V51/><F116/><W14/><G66/><T85/><D123/><U89/><E70/><V69/><F69/><W134/><G95/><T114/><D114/><U0/><E89/><V127/><F127/><W77/><G77/><T50/><D7/><N who="1" m="1127" /><E48/><V35/><F119/><W88/><G88/><T90/><D79/><U28/><E42/><V9/><F76/><W44/><G44/><T16/><D74/><U52/><E52/><N who="3" m="20010" /><G24/><T59/><D50/><U97/><E97/><V93/><F78/><W5/><G5/><T58/><REACH who="0" step="1"/><D20/><AGARI ba="1,0" hai="14,17,20,29,30,37,43,45,132,133,134" m="20010" machi="20" ten="30,2000,0" yaku="20,1,54,1" doraHai="65" who="3" fromWho="0" sc="188,-23,255,0,235,0,322,23" /><INIT seed="2,0,0,5,2,116" ten="165,255,235,345" oya="2" hai0="74,18,3,57,132,54,117,13,59,114,92,126,53" hai1="10,50,86,52,103,134,98,34,83,19,123,102,112" hai2="80,2,73,131,111,130,48,119,28,110,26,93,31" hai3="29,16,64,109,11,21,71,62,68,12,78,22,118"/><V7/><F119/><W96/><G118/><T89/><D117/><U124/><E112/><V6/><F93/><W60/><G109/><N who="2" m="41481" /><F48/><W101/><G78/><T91/><D114/><U35/><E134/><V106/><F106/><W20/><G29/><N who="2" m="11337" /><F26/><W65/><G11/><T44/><D132/><U133/><E133/><V61/><F61/><W55/><G55/><T120/><D126/><U85/><E124/><V43/><F43/><W25/><G25/><T30/><D30/><U129/><E129/><N who="2" m="49163" /><F2/><W1/><G1/><T94/><D3/><U5/><E50/><V4/><F80/><W113/><G113/><T105/><D105/><AGARI ba="0,0" hai="12,16,20,21,22,60,62,64,65,68,71,96,101,105" machi="105" ten="30,3900,0" yaku="7,1,9,1,54,1" doraHai="116" who="3" fromWho="0" sc="165,-39,255,0,235,0,345,39" /><INIT seed="3,0,0,4,4,8" ten="126,255,235,384" oya="3" hai0="7,64,112,44,129,106,29,121,116,109,56,2,110" hai1="45,39,125,127,72,15,81,43,86,10,53,80,74" hai2="98,71,130,133,105,1,14,128,46,108,82,76,113" hai3="68,55,20,111,120,67,61,0,126,79,119,100,102"/><W91/><G0/><T50/><D29/><U52/><E74/><V11/><F113/><W124/><G79/><T19/><D19/><U34/><E34/><V23/><F108/><W12/><G91/><T69/><D56/><U6/><E72/><V114/><F133/><W134/><G55/><N who="1" m="21066" /><E86/><V40/><F71/><W38/><G38/><T22/><D22/><U59/><E59/><V87/><F23/><W63/><G20/><T92/><D92/><U93/><E93/><V66/><F66/><W17/><G67/><T117/><D64/><U132/><E132/><V48/><F1/><W122/><G68/><T57/><D57/><U21/><E21/><V101/><REACH who="2" step="1"/><F114/><REACH who="2" ten="126,255,225,384" step="2"/><W78/><G111/><T51/><D44/><U131/><E131/><V62/><F62/><W107/><G63/><T27/><D2/><U3/><E3/><V88/><F88/><W54/><G61/><T73/><D112/><U31/><E31/><V33/><F33/><W28/><G28/><T84/><D121/><U35/><E35/><V115/><F115/><W25/><G122/><T26/><D69/><U99/><E99/><V96/><F96/><W24/><G134/><T75/><D129/><U83/><E127/><V65/><F65/><W30/><G124/><T49/><D49/><U123/><E125/><V85/><F85/><W36/><G126/><T104/><REACH who="0" step="1"/><D84/><REACH who="0" ten="116,255,225,384" step="2"/><U47/><E123/><V32/><F32/><W4/><G120/><T16/><D16/><AGARI ba="0,2" hai="11,14,16,40,46,48,76,82,87,98,101,105,128,130" machi="16" ten="40,8000,1" yaku="1,1,52,1,54,1,53,1" doraHai="8" doraHaiUra="5" who="2" fromWho="0" sc="116,-80,255,0,225,100,384,0" owari="36,-46.4,255,-14.5,325,12.5,384,48.4" /></mjloggm>