<mjloggm ver="2.3"><GO type="225" lobby="0"/><UN n0="%41%6F%54" n1="%E5%A4%8F%E9%88%B4%E9%88%B4%E5%A4%8F" n2="%E5%91%A8%E6%9D%B1" n3="%E3%82%B3%E3%83%90%E3%83%AC%E3%82%A4" dan="16,16,17,16" rate="2103.44,2111.69,2220.32,2195.70" sx="M,F,M,M"/><TAIKYOKU oya="0"/><INIT seed="0,0,0,2,4,33" ten="250,250,250,250" oya="0" hai0="77,66,78,12,98,35,26,30,11,15,34,21,91" hai1="28,125,61,54,115,127,74,40,132,130,45,112,25" hai2="121,65,57,0,56,20,85,22,109,113,89,71,101" hai3="14,106,2,97,62,41,59,92,93,111,70,52,83"/><T46/><D66/><U129/><E74/><V87/><F121/><W120/><G120/><T32/><D12/><U44/><E25/><V105/><F113/><N who="1" m="43593" /><E28/><V79/><F109/><W17/><G111/><T58/><D58/><N who="1" m="35031" /><E132/><V24/><F105/><W117/><G106/><T73/><D73/><U19/><E19/><V102/><F71/><W47/><G117/><T100/><D91/><U67/><E67/><V72/><F72/><W16/><G70/><T75/><D46/><N who="1" m="18027" /><E40/><V86/><F79/><W82/><G2/><T38/><D38/><U48/><E48/><V31/><F0/><W88/><G93/><T124/><D75/><U99/><E99/><V60/><F89/><W134/><G134/><T9/><D9/><U63/><E63/><V7/><F7/><W84/><G14/><T27/><D27/><U13/><E13/><V114/><F114/><W107/><G107/><T108/><D108/><U68/><E68/><V96/><F96/><W37/><REACH who="3" step="1"/><G82/><REACH who="3" ten="250,250,250,240" step="2"/><T64/><D15/><U49/><E49/><V103/><F56/><W119/><G119/><T118/><D118/><U69/><E69/><V5/><REACH who="2" step="1"/><F5/><REACH who="2" ten="250,250,240,240" step="2"/><W51/><G51/><T43/><D100/><AGARI ba="0,2" hai="16,17,37,41,47,52,59,62,83,84,88,92,97,100" machi="100" ten="30,8000,1" yaku="1,1,7,1,54,3,53,0" doraHai="33" doraHaiUra="18" who="3" fromWho="0" sc="250,-80,250,0,240,0,240,100" /><INIT seed="1,0,0,3,5,123" ten="170,250,240,340" oya="1" hai0="134,131,113,58,11,80,74,51,85,99,20,30,90" hai1="120,93,132,34,126,97,23,98,129,133,19,28,96" hai2="124,42,103,52,22,55,66,59,71,121,76,44,41" hai3="79,39,35,77,8,48,112,82,26,16,88,125,32"/><U72/><E120/><V116/><F121/><W7/><G39/><T87/><D113/><U128/><E72/><V33/><F33/><W114/><G125/><T64/><D131/><N who="1" m="50251" /><E126/><V73/><F124/><W38/><G38/><T127/><D127/><U12/><E28/><V101/><F116/><W27/><G35/><T1/><D134/><N who="1" m="51819" /><E34/><V102/><F71/><W83/><G32/><T62/><D74/><U9/><E9/><V78/><F73/><W65/><G65/><T54/><D1/><U4/><E4/><V95/><F95/><AGARI ba="0,0" hai="12,19,23,93,95,96,97,98" m="51819,50251" machi="95" ten="40,3900,0" yaku="19,1,20,1" doraHai="123" who="1" fromWho="2" sc="170,0,250,39,240,-39,340,0" /><INIT seed="1,1,0,1,0,4" ten="170,289,201,340" oya="1" hai0="118,25,34,29,114,50,49,77,8,127,21,44,110" hai1="5,115,76,102,122,18,37,133,6,9,7,48,108" hai2="16,113,26,82,23,85,10,27,86,39,98,54,36" hai3="89,43,95,87,80,31,11,81,19,3,88,112,63"/><U62/><E122/><V119/><F119/><W13/><G112/><T38/><D114/><U30/><E115/><V123/><F123/><W90/><G3/><T101/><D118/><U58/><E37/><V92/><F113/><W2/><G2/><T70/><D70/><U65/><E133/><V126/><F126/><W97/><G43/><T134/><D127/><U132/><E132/><V135/><F135/><W104/><G104/><T45/><D134/><U46/><E76/><V91/><F86/><W17/><G31/><T71/><D71/><U24/><E102/><V47/><F27/><W78/><G63/><T125/><D125/><U84/><E84/><V56/><F47/><W79/><REACH who="3" step="1"/><G19/><REACH who="3" ten="170,289,201,330" step="2"/><T106/><D106/><U121/><E18/><V124/><F124/><W116/><G116/><T107/><D107/><U105/><E105/><V109/><F109/><W96/><G96/><T72/><D110/><U73/><E108/><V12/><F26/><W40/><G40/><T68/><D25/><U120/><E121/><V41/><F41/><W28/><G28/><T57/><D29/><U59/><E120/><V93/><F93/><W53/><G53/><T22/><D50/><U55/><E24/><V66/><F66/><W42/><G42/><T51/><D49/><U61/><E30/><V111/><F111/><W75/><AGARI ba="1,1" hai="11,13,17,75,78,79,80,81,87,88,89,90,95,97" machi="75" ten="20,8000,1" yaku="1,1,0,1,7,1,52,1,54,1,53,0" doraHai="4" doraHaiUra="117" who="3" fromWho="3" sc="170,-21,289,-41,201,-21,330,93" /><INIT seed="2,0,0,3,2,51" ten="149,248,180,423" oya="2" hai0="45,132,69,50,105,121,20,78,91,116,119,40,39" hai1="53,131,19,114,17,27,120,8,44,15,7,79,81" hai2="36,11,80,88,117,107,90,113,104,22,61,108,63" hai3="130,125,25,135,102,133,100,52,4,13,54,31,94"/><V77/><F36/><W67/><G67/><T68/><D105/><U87/><E114/><V14/><F113/><W6/><G130/><T48/><D78/><U1/><E131/><V38/><F38/><W96/><G102/><T76/><D76/><U106/><E106/><V128/><F117/><N who="0" m="45130" /><D91/><U115/><E115/><V71/><F128/><W112/><G112/><T49/><D20/><N who="1" m="13711" /><E1/><V83/><F22/><W3/><G3/><T47/><D132/><N who="3" m="50761" /><G125/><T101/><D101/><U60/><E120/><V35/><F77/><W66/><G66/><T16/><D16/><U29/><E29/><V43/><F35/><N who="3" m="20975" /><G4/><T59/><D121/><U28/><E28/><V26/><F26/><W62/><G62/><T32/><D32/><U73/><E73/><V134/><F134/><W89/><G100/><T124/><D124/><U72/><E72/><V92/><F107/><W64/><G64/><T74/><D74/><U118/><E60/><V30/><F63/><W97/><G97/><T37/><D59/><U93/><E7/><V98/><F104/><W12/><G12/><T18/><D18/><U42/><E79/><V2/><F14/><W33/><G33/><T123/><D123/><U85/><E15/><V10/><F2/><W0/><G0/><T5/><D5/><U82/><E19/><V70/><F61/><W58/><G58/><T65/><D65/><U109/><E118/><V9/><F9/><AGARI ba="0,0" hai="6,9,13,52,54,89,94,96" m="20975,50761" machi="9" ten="30,7700,0" yaku="20,1,52,2,54,1" doraHai="51" who="3" fromWho="2" sc="149,0,248,0,180,-77,423,77" /><INIT seed="3,0,0,0,1,92" ten="149,248,103,500" oya="3" hai0="26,36,55,71,112,73,50,79,130,101,64,131,121" hai1="87,60,15,107,5,100,123,28,6,95,84,76,104" hai2="75,18,46,4,116,85,49,19,127,134,128,120,16" hai3="133,118,34,61,114,29,63,32,66,98,30,45,122"/><W81/><G122/><T124/><D121/><U110/><E123/><V59/><F75/><W7/><G118/><T108/><D36/><U58/><E28/><V43/><F120/><W78/><G7/><T68/><D108/><U48/><E107/><V33/><F33/><W54/><G114/><T21/><D112/><U1/><E1/><V22/><F116/><W67/><G133/><T113/><D113/><U99/><E104/><V93/><F134/><W86/><G32/><T96/><D79/><U47/><E76/><V17/><F128/><N who="0" m="49194" /><D64/><N who="1" m="38935" /><E5/><V83/><F127/><W129/><G34/><T14/><D14/><U125/><E110/><V9/><F93/><W31/><G129/><T72/><D72/><U82/><E82/><V8/><F59/><W51/><G66/><T97/><D73/><U62/><E62/><V12/><REACH who="2" step="1"/><F4/><REACH who="2" ten="149,248,93,500" step="2"/><W119/><G119/><T35/><D35/><U20/><E6/><V11/><F11/><W42/><G67/><T74/><D74/><U56/><E125/><V69/><F69/><W37/><REACH who="3" step="1"/><G98/><REACH who="3" ten="149,248,93,490" step="2"/><T90/><D97/><U80/><E99/><V115/><F115/><W3/><G3/><T109/><D96/><U27/><E100/><V10/><F10/><W132/><G132/><T135/><D101/><U57/><E20/><V126/><F126/><W89/><G89/><AGARI ba="0,2" hai="8,9,12,16,17,18,19,22,43,46,49,83,85,89" machi="89" ten="40,8000,1" yaku="1,1,8,1,54,1,53,1" doraHai="92" doraHaiUra="39" who="2" fromWho="3" sc="149,0,248,0,93,100,490,-80" owari="149,-35.1,248,4.8,193,-20.7,410,51.0" /></mjloggm>