<mjloggm ver="2.3"><GO type="225" lobby="0"/><UN n0="%E6%A1%9C%E8%8A%B1%E9%96%83%E3%80%85" n1="%E3%83%96%E3%83%83%E3%83%91%E3%82%AA%E3%83%96%E3%83%81%E3%82%AD%E3%83%B3" n2="%E3%83%8F%E3%83%B3%E3%83%89%E3%83%A9%E3%83%BC%E3%83%BB%E3%83%AF%E3%83%B3" n3="%E3%82%A4%E3%83%BC%E3%82%B1%E3%83%97%E3%83%A9" dan="16,16,17,17" rate="2156.31,2198.20,2248.39,2231.51" sx="M,M,M,M"/><TAIKYOKU oya="0"/><INIT seed="0,0,0,2,2,13" ten="250,250,250,250" oya="0" hai0="133,8,57,126,46,114,116,38,59,113,7,108,16" hai1="25,21,134,98,69,19,92,14,73,129,71,37,78" hai2="6,97,47,67,33,66,9,30,15,45,11,10,79" hai3="75,127,49,70,95,2,50,109,85,23,131,52,112"/><T101/><D116/><U83/><E129/><V17/><F79/><W77/><G112/><T61/><D126/><U53/><E134/><V115/><F115/><W89/><G2/><T41/><D133/><U87/><E37/><V42/><F33/><W84/><G70/><T93/><D59/><U111/><E111/><V3/><F30/><W51/><G109/><T48/><D108/><U62/><E73/><V56/><F10/><W118/><G118/><T125/><D38/><U86/><E86/><V88/><F56/><W128/><G127/><T135/><D135/><U12/><E12/><N who="2" m="7311" /><F3/><W81/><G23/><T65/><D125/><U107/><E107/><V105/><F105/><W40/><G40/><T122/><D122/><U82/><E82/><V22/><F22/><W96/><G85/><T100/><D7/><U68/><E14/><V64/><F42/><W44/><REACH who="3" step="1"/><G84/><REACH who="3" ten="250,250,250,240" step="2"/><T34/><D113/><U99/><E99/><V5/><F5/><W31/><G31/><T103/><D114/><U55/><REACH who="1" step="1"/><E62/><REACH who="1" ten="250,240,250,240" step="2"/><V4/><F4/><W94/><G94/><AGARI ba="0,2" hai="6,11,15,45,47,64,66,67,88,94,97" m="7311" machi="94" ten="30,3900,0" yaku="8,1,52,1,54,1" doraHai="13" who="2" fromWho="3" sc="250,0,240,0,250,59,240,-39" /><INIT seed="1,0,0,5,3,8" ten="250,240,309,201" oya="1" hai0="59,124,103,123,93,12,74,7,119,131,130,121,104" hai1="1,117,68,106,2,6,9,48,69,85,62,98,109" hai2="38,90,73,19,87,24,23,126,70,17,77,13,81" hai3="112,33,80,122,46,84,57,125,15,26,32,60,53"/><U39/><E117/><V4/><F126/><W76/><G122/><N who="0" m="46603" /><D119/><U78/><E39/><V89/><F38/><W18/><G112/><T113/><D113/><U45/><E1/><V44/><F70/><W100/><G125/><T135/><D124/><U91/><E62/><V86/><F4/><W107/><G26/><T127/><D127/><U110/><E78/><V63/><F63/><W101/><G46/><T82/><D104/><U65/><E98/><V47/><F73/><W75/><G75/><T92/><D59/><U88/><E91/><V36/><F36/><W34/><REACH who="3" step="1"/><G107/><REACH who="3" ten="250,240,309,191" step="2"/><T66/><D74/><U97/><E106/><V27/><F47/><W37/><G37/><T14/><D131/><U105/><E105/><V115/><F44/><W43/><G43/><T67/><D130/><U94/><E85/><V133/><F115/><W99/><G99/><T29/><D29/><U134/><E134/><V54/><F133/><W102/><G102/><T114/><D103/><U118/><E118/><V16/><F86/><W3/><G3/><T31/><D31/><U116/><E116/><V28/><F27/><W79/><G79/><T0/><D114/><U21/><E2/><V120/><F120/><W25/><G25/><T71/><D135/><U52/><E97/><V41/><F41/><W111/><G111/><T49/><D0/><N who="1" m="199" /><E110/><V95/><F77/><W61/><G61/><T20/><D14/><U83/><E109/><V55/><F13/><W22/><AGARI ba="0,1" hai="15,18,22,32,33,34,53,57,60,76,80,84,100,101" machi="22" ten="30,12000,2" yaku="1,1,0,1,52,1,53,3" doraHai="8" doraHaiUra="30" who="3" fromWho="3" sc="250,-30,240,-60,309,-30,191,130" /><INIT seed="2,0,0,1,4,56" ten="220,180,279,321" oya="2" hai0="58,94,85,114,65,134,64,54,25,19,5,96,71" hai1="26,111,74,127,66,129,46,7,53,52,30,104,29" hai2="47,110,113,76,59,84,17,67,108,0,13,131,38" hai3="90,99,81,12,8,50,15,11,22,86,27,123,122"/><V107/><F113/><W16/><G50/><T75/><D114/><U126/><E74/><V95/><F0/><W112/><G112/><T70/><D75/><U105/><E111/><N who="2" m="42539" /><F107/><N who="1" m="41033" /><E7/><V49/><F131/><W119/><G119/><T24/><D134/><U69/><E129/><V73/><F38/><W42/><G42/><T57/><D5/><U41/><E41/><V31/><F31/><N who="1" m="11785" /><E26/><V100/><F73/><W117/><G117/><T36/><D36/><U78/><E78/><V87/><F76/><W9/><REACH who="3" step="1"/><G99/><REACH who="3" ten="220,180,279,311" step="2"/><T97/><D97/><U43/><E43/><V21/><F49/><W48/><G48/><T3/><D96/><U2/><E46/><V28/><F47/><W120/><AGARI ba="0,1" hai="8,9,11,12,15,16,22,27,81,86,90,120,122,123" machi="120" ten="40,5200,0" yaku="1,1,0,1,54,1,53,0" doraHai="56" doraHaiUra="101" who="3" fromWho="3" sc="220,-13,180,-13,279,-26,311,62" /><INIT seed="3,0,0,0,2,19" ten="207,167,253,373" oya="3" hai0="107,126,78,48,44,58,13,31,125,28,84,134,50" hai1="104,23,3,108,37,36,102,114,99,105,67,53,95" hai2="81,56,117,118,52,66,97,130,10,70,9,11,135" hai3="116,26,34,25,2,6,85,55,131,80,79,120,15"/><W106/><G116/><T90/><D107/><U7/><E114/><V64/><F130/><W111/><G120/><T112/><D112/><U92/><E108/><V30/><F135/><W94/><G106/><T83/><D134/><U68/><E53/><V75/><F30/><N who="0" m="11306" /><D13/><U59/><E59/><V109/><F109/><W51/><G94/><N who="0" m="54599" /><D58/><U124/><E124/><N who="0" m="47721" /><D44/><U96/><E105/><V110/><F56/><W45/><G51/><T35/><D35/><U16/><E104/><V39/><F110/><W33/><G79/><T103/><D103/><U32/><E32/><V122/><F118/><W12/><G26/><T77/><D78/><U88/><E68/><V72/><F70/><W21/><G80/><T60/><D60/><U133/><E133/><V91/><F81/><W1/><G85/><AGARI ba="0,0" hai="48,50,77,83,85" m="47721,54599,11306" machi="85" ten="30,1000,0" yaku="18,1" doraHai="19" who="0" fromWho="3" sc="207,10,167,0,253,0,373,-10" owari="217,-18.3,167,-33.3,253,5.3,363,46.3" /></mjloggm>