<mjloggm ver="2.3"><GO type="225" lobby="0"/><UN n0="%E3%81%AD%E3%82%80%E3%81%84%40%E9%9B%80%E9%B3%B4%E4%BC%9A" n1="%E3%83%96%E3%83%83%E3%83%91%E3%82%AA%E3%83%96%E3%83%81%E3%82%AD%E3%83%B3" n2="%E5%B8%86%E7%AB%8B%E5%A4%8F%E8%A1%A3" n3="%E9%B3%B4%E8%8C%B6" dan="16,16,17,16" rate="2211.12,2119.64,2247.96,2156.87" sx="F,M,M,M"/><TAIKYOKU oya="0"/><INIT seed="0,0,0,4,1,63" ten="250,250,250,250" oya="0" hai0="73,118,108,67,72,22,44,8,53,56,70,34,77" hai1="66,24,65,104,14,87,124,86,114,97,38,103,55" hai2="41,85,69,1,33,5,36,6,78,25,117,16,102" hai3="134,39,68,79,75,15,10,45,128,127,37,130,0"/><T18/><D118/><U42/><E124/><V90/><F69/><W46/><G127/><T135/><D34/><U83/><E114/><V12/><F117/><W133/><G68/><T119/><D119/><U13/><E55/><V23/><F102/><W17/><G0/><T81/><D135/><N who="3" m="51721" /><G79/><T28/><D28/><U122/><E122/><V51/><F36/><N who="3" m="13899" /><G75/><T19/><D108/><U61/><E87/><V109/><F78/><W60/><G60/><T121/><D121/><U95/><E104/><V71/><F71/><W2/><G2/><T40/><D70/><U21/><E42/><V105/><F105/><W101/><G101/><T92/><D72/><U116/><E38/><V43/><F109/><W82/><G82/><T54/><D92/><U131/><E131/><AGARI ba="0,0" hai="10,15,17,45,46,128,130,131" m="13899,51721" machi="131" ten="40,2600,0" yaku="19,1,20,1" doraHai="63" who="3" fromWho="1" sc="250,0,250,-26,250,0,250,26" /><INIT seed="1,0,0,2,3,96" ten="250,224,250,276" oya="1" hai0="9,105,33,64,81,104,10,97,87,118,117,109,129" hai1="7,101,5,58,67,86,106,115,110,130,73,123,77" hai2="83,2,102,54,24,95,116,11,75,1,22,74,72" hai3="65,25,61,108,13,133,20,32,127,68,53,119,84"/><U60/><E115/><V98/><F116/><W92/><G119/><T88/><D33/><U16/><E123/><V50/><F83/><W57/><G108/><T70/><D109/><U31/><E110/><V122/><F122/><W82/><G133/><T89/><D129/><U28/><E73/><V30/><REACH who="2" step="1"/><F11/><REACH who="2" ten="250,224,240,276" step="2"/><W14/><G127/><T37/><D9/><U114/><E114/><V71/><F71/><W44/><G32/><T59/><D10/><U48/><E130/><V4/><F4/><W23/><G68/><T90/><D70/><U21/><E7/><V62/><F62/><W76/><G23/><T80/><D118/><U132/><E5/><V121/><F121/><W128/><G128/><T3/><D117/><U94/><E132/><V69/><F69/><W0/><G0/><T19/><D3/><U46/><E106/><V40/><F40/><W99/><G20/><T78/><D81/><U17/><E77/><V107/><F107/><W124/><G124/><T51/><D105/><U47/><E21/><V85/><F85/><W36/><G25/><T125/><D125/><U111/><E86/><V100/><F100/><N who="3" m="60519" /><G36/><T39/><D37/><U29/><E111/><V42/><F42/><W93/><G93/><T45/><D39/><U6/><E6/><V43/><F43/><W15/><G65/><T49/><D64/><U113/><E113/><V41/><F41/><W126/><G126/><T55/><D104/><U103/><E94/><V120/><F120/><W38/><G38/><T66/><D66/><U12/><E67/><V27/><F27/><W131/><G131/><RYUUKYOKU ba="0,1" sc="250,-15,224,-15,240,15,276,15" hai2="1,2,22,24,30,50,54,72,74,75,95,98,102" hai3="13,14,15,44,53,57,61,76,82,84" /><INIT seed="2,1,1,5,0,61" ten="235,209,255,291" oya="2" hai0="33,54,71,32,97,27,57,109,40,22,99,39,112" hai1="120,133,117,129,90,28,35,93,92,56,31,44,11" hai2="68,86,9,21,25,66,2,96,76,100,34,118,15" hai3="94,126,80,14,81,10,104,70,91,65,69,24,5"/><V51/><F118/><W53/><G104/><T58/><D71/><U13/><E117/><V95/><F2/><W88/><G70/><T12/><D112/><U38/><E129/><V110/><F34/><W87/><G126/><T20/><D39/><U111/><E111/><V3/><F3/><W85/><G69/><T89/><D40/><U82/><E133/><V26/><F110/><W75/><G65/><T18/><D58/><U105/><E105/><V62/><F21/><W122/><G122/><T23/><D109/><U102/><E120/><V135/><F135/><W42/><G42/><T52/><D54/><U127/><E35/><V83/><REACH who="2" step="1"/><F51/><REACH who="2" ten="235,209,245,291" step="2"/><W0/><G0/><T124/><D124/><U132/><E132/><V29/><F29/><W119/><G119/><T134/><D134/><U131/><E31/><V103/><F103/><W4/><G24/><T63/><D23/><U101/><E28/><V55/><F55/><W121/><G121/><T8/><D22/><U60/><E127/><V16/><AGARI ba="1,2" hai="9,15,16,25,26,62,66,68,76,83,86,95,96,100" machi="16" ten="20,12000,1" yaku="1,1,0,1,7,1,52,1,54,1,53,0" doraHai="61" doraHaiUra="50" who="2" fromWho="2" sc="235,-41,209,-41,245,143,291,-41" /><INIT seed="2,2,0,4,3,120" ten="194,168,388,250" oya="2" hai0="25,57,126,61,92,4,54,119,86,66,93,62,113" hai1="105,46,6,50,83,26,43,67,40,0,53,30,75" hai2="70,21,97,111,125,115,19,65,5,81,73,64,10" hai3="13,11,48,84,107,39,98,56,91,71,102,72,112"/><V23/><F115/><W8/><G71/><T95/><D113/><U88/><E105/><V49/><F125/><W106/><G39/><T96/><D126/><U116/><E116/><V44/><F70/><W20/><G112/><T100/><D119/><U33/><E67/><V87/><F73/><W104/><G72/><T52/><D4/><U16/><E75/><V34/><F97/><W110/><G20/><T22/><D86/><U78/><E78/><V38/><F38/><W28/><G28/><T36/><D36/><U55/><E55/><V118/><F34/><W51/><G11/><T82/><D82/><U133/><E133/><V123/><F23/><W128/><G128/><T69/><REACH who="0" step="1"/><D54/><REACH who="0" ten="184,168,388,250" step="2"/><U35/><E35/><V27/><F118/><W12/><G84/><T124/><D124/><U68/><E68/><V32/><F87/><W94/><G106/><T101/><D101/><U9/><E83/><V89/><F81/><W130/><G102/><T132/><D132/><U127/><E127/><V3/><F5/><W37/><G107/><T59/><D59/><U79/><E79/><V114/><F114/><W134/><G37/><T85/><D85/><U121/><E121/><V31/><F123/><W108/><G104/><T122/><D122/><U29/><E88/><V24/><F89/><W63/><G134/><T129/><D129/><U76/><E76/><V80/><F80/><W77/><G77/><T2/><D2/><U109/><E0/><V135/><F135/><W60/><G130/><T74/><D74/><U1/><E1/><V18/><F3/><W103/><G91/><RYUUKYOKU ba="2,1" sc="184,30,168,-10,388,-10,250,-10" hai0="22,25,52,57,61,62,66,69,92,93,95,96,100" /><INIT seed="3,3,1,4,5,135" ten="214,158,378,240" oya="3" hai0="129,68,111,80,33,38,69,116,126,103,35,57,63" hai1="65,101,44,8,12,17,71,118,81,128,41,51,114" hai2="19,29,2,133,134,113,13,4,60,61,124,16,43" hai3="110,106,59,119,105,24,39,31,86,67,85,76,82"/><W50/><G119/><T73/><D116/><U10/><E118/><V107/><F124/><W47/><G110/><T109/><D38/><U22/><E114/><V108/><F107/><W20/><G39/><T74/><D126/><U7/><E128/><V49/><F113/><W37/><G37/><T0/><D0/><U99/><E71/><N who="0" m="27209" /><D103/><U52/><E65/><V102/><F102/><W53/><G67/><N who="0" m="39407" /><D129/><U123/><E123/><V1/><F108/><N who="0" m="41546" /><D80/><U72/><E72/><AGARI ba="3,1" hai="33,35,72,73,74" m="41546,39407,27209" machi="72" ten="40,1300,0" yaku="14,1" doraHai="135" who="0" fromWho="1" sc="214,32,158,-22,378,0,240,0" owari="246,4.6,136,-36.4,378,47.8,240,-16.0" /></mjloggm>