<mjloggm ver="2.3"><GO type="225" lobby="0"/><UN n0="%E3%83%A9%E3%83%BC%E3%83%A1%E3%83%B3%E4%BA%94%E9%83%8E" n1="%66%67%67%68%68%64%66" n2="%E6%98%93%E5%88%A9%E8%96%A9%E4%BC%AF" n3="%E5%A4%8F%E9%88%B4%E9%88%B4%E5%A4%8F" dan="16,16,17,16" rate="2136.71,2080.27,2141.08,2104.85" sx="M,M,F,F"/><TAIKYOKU oya="0"/><INIT seed="0,0,0,5,0,34" ten="250,250,250,250" oya="0" hai0="95,90,30,8,109,63,60,102,84,32,68,92,49" hai1="45,58,33,119,80,17,94,117,114,4,79,74,89" hai2="126,41,37,43,64,52,129,130,29,15,83,85,120" hai3="11,101,40,19,100,128,78,75,12,108,59,27,39"/><T53/><D32/><U35/><E114/><V71/><F29/><W16/><G108/><T61/><D30/><U98/><E35/><V1/><F15/><N who="3" m="7295" /><G75/><T112/><D112/><U70/><E33/><V97/><F97/><W96/><G39/><T48/><D109/><U46/><E70/><V76/><F120/><W124/><G78/><T55/><D68/><U14/><E4/><V107/><F107/><W131/><G40/><T122/><D122/><U72/><E72/><V22/><F64/><W18/><G96/><N who="0" m="59655" /><D8/><U23/><REACH who="1" step="1"/><E58/><REACH who="1" ten="250,240,250,250" step="2"/><V51/><F71/><W20/><G59/><N who="0" m="33191" /><D63/><U42/><E42/><V47/><F43/><W73/><G73/><T103/><D103/><U44/><AGARI ba="0,1" hai="14,17,23,44,45,46,74,79,80,89,94,98,117,119" machi="44" ten="30,7900,0" yaku="1,1,0,1,53,2" doraHai="34" doraHaiUra="113" who="1" fromWho="1" sc="250,-39,240,89,250,-20,250,-20" /><INIT seed="1,0,0,5,0,122" ten="211,329,230,230" oya="1" hai0="1,91,74,28,126,3,39,55,99,82,80,5,102" hai1="37,4,54,63,45,70,131,61,11,111,83,29,17" hai2="94,81,44,46,128,21,73,88,49,6,115,14,112" hai3="75,20,100,66,0,9,110,103,13,117,86,113,71"/><U22/><E131/><V118/><F118/><W85/><G113/><N who="2" m="43593" /><F128/><W77/><G75/><T12/><D126/><U23/><E70/><V16/><F49/><W36/><G0/><T35/><D39/><U18/><E29/><V119/><F119/><W92/><G36/><T96/><D35/><U34/><E34/><V58/><F58/><W32/><G32/><T87/><D28/><U135/><E135/><V114/><N who="2" m="43601" /><V26/><DORA hai="64" /><F81/><W72/><G110/><T105/><D96/><U109/><E83/><V93/><F93/><W62/><G72/><T38/><D38/><U132/><E132/><V19/><F6/><W60/><G62/><N who="1" m="23562" /><E37/><V123/><F73/><W57/><G57/><T59/><D80/><U51/><E4/><V24/><F123/><W33/><G33/><T7/><D74/><U31/><E51/><V53/><F53/><W108/><G117/><T133/><D133/><U95/><E54/><V15/><F26/><W107/><G92/><T69/><D5/><U116/><E95/><V67/><F67/><W101/><G107/><T2/><D69/><U90/><E116/><V89/><F89/><W47/><G60/><T40/><D7/><U50/><E90/><V125/><F125/><W76/><G66/><T68/><D68/><U134/><E50/><V42/><F42/><W25/><G71/><T10/><D40/><U48/><E48/><V56/><F56/><W27/><G25/><T65/><D65/><U121/><E121/><V98/><F24/><W120/><G27/><T52/><D59/><U8/><E134/><V97/><F97/><RYUUKYOKU ba="0,0" sc="211,15,329,-15,230,15,230,-15" hai0="1,2,3,10,12,52,55,82,87,91,99,102,105" hai2="14,15,16,19,21,44,46,88,94,98" /><INIT seed="2,1,0,5,3,89" ten="226,314,245,215" oya="2" hai0="35,85,81,44,130,105,102,127,63,26,18,112,53" hai1="8,65,23,121,82,72,96,79,10,67,47,14,125" hai2="43,16,36,48,88,28,104,106,62,41,94,4,3" hai3="100,115,37,118,71,58,131,49,80,91,56,21,70"/><V76/><F36/><W87/><G118/><T135/><D112/><U111/><E111/><V78/><F28/><W59/><G37/><T77/><D127/><U83/><E125/><V46/><F43/><W68/><G115/><T12/><D130/><U75/><E121/><V34/><F34/><W31/><G131/><T39/><D135/><U120/><E120/><V57/><F4/><W113/><G113/><T19/><D39/><U74/><E47/><V95/><F95/><W99/><G21/><N who="0" m="13623" /><D105/><U107/><E23/><V51/><F51/><W98/><G31/><T22/><D35/><U40/><E40/><V30/><F30/><W42/><REACH who="3" step="1"/><G100/><REACH who="3" ten="226,314,245,205" step="2"/><T109/><D102/><U11/><E11/><V110/><F110/><W17/><G17/><T117/><D117/><U50/><E8/><V101/><F101/><W2/><G2/><T90/><D109/><U54/><E10/><V103/><F3/><W55/><G55/><T6/><D6/><U25/><E54/><V126/><F103/><W108/><G108/><T0/><D0/><U124/><E124/><V116/><F126/><W7/><G7/><T114/><D114/><U133/><E107/><V93/><F106/><W84/><G84/><T38/><D38/><U61/><E74/><V15/><F104/><W29/><G29/><T20/><D20/><U45/><E75/><V122/><F116/><W73/><G73/><T1/><D1/><U132/><E72/><V97/><F122/><W33/><G33/><T52/><D53/><U66/><E133/><V92/><F16/><W24/><G24/><T123/><D123/><RYUUKYOKU ba="1,1" sc="226,-10,314,-10,245,-10,205,30" hai3="42,49,56,58,59,68,70,71,80,87,91,98,99" /><INIT seed="3,2,1,5,5,59" ten="216,304,235,235" oya="3" hai0="75,120,27,76,73,35,60,82,135,112,36,57,15" hai1="101,67,109,30,125,23,42,83,106,54,123,24,45" hai2="87,129,105,61,96,99,16,7,128,68,116,25,89" hai3="11,92,127,103,131,52,3,38,78,107,85,114,40"/><W58/><G114/><T121/><D36/><U39/><E109/><V26/><F7/><W49/><G127/><T65/><D75/><U91/><E123/><V134/><F116/><W1/><G107/><T111/><D111/><U44/><E125/><V102/><F99/><W33/><G33/><T37/><D37/><U93/><E67/><N who="2" m="41071" /><F16/><W63/><G131/><N who="2" m="50249" /><F134/><W51/><G38/><T43/><D135/><U46/><E106/><V95/><AGARI ba="2,1" hai="25,26,87,89,95,96,102,105" m="50249,41071" machi="95" ten="30,2000,0" yaku="19,1,52,1" doraHai="59" who="2" fromWho="2" sc="216,-7,304,-7,235,36,235,-12" /><INIT seed="4,0,0,1,4,110" ten="209,297,271,223" oya="0" hai0="81,83,80,84,76,86,40,132,97,73,44,19,93" hai1="92,115,116,121,98,68,127,36,123,89,57,133,101" hai2="94,3,30,78,122,135,113,4,14,129,130,126,18" hai3="71,70,11,60,102,53,67,74,41,77,119,37,9"/><T47/><D132/><U20/><E68/><V42/><F122/><W23/><G119/><T100/><D19/><U112/><E36/><V87/><F42/><W85/><G71/><T27/><D27/><U63/><E116/><V55/><F30/><W0/><G74/><T43/><D47/><U99/><E20/><V82/><F126/><W15/><G102/><T45/><D45/><U66/><E127/><V88/><F55/><W131/><G131/><N who="2" m="50185" /><F113/><N who="1" m="43593" /><E133/><V6/><F3/><W34/><G0/><T134/><D134/><U109/><E109/><V65/><F65/><W61/><G53/><T12/><D12/><U7/><E7/><V24/><F24/><W38/><G15/><T111/><D111/><U58/><E58/><V22/><F135/><W79/><G67/><T21/><D21/><U33/><E33/><V1/><F1/><W124/><G23/><T106/><D44/><U39/><E39/><V35/><F35/><W10/><G34/><T46/><D46/><U54/><E66/><V13/><F13/><W103/><G124/><T50/><D50/><U48/><E48/><V31/><F31/><W114/><G41/><T75/><D40/><U25/><E25/><V96/><AGARI ba="0,0" hai="4,6,14,18,22,78,82,87,88,94,96" m="50185" machi="96" ten="30,2000,0" yaku="19,1,54,1" doraHai="110" who="2" fromWho="2" sc="209,-10,297,-5,271,20,223,-5" /><INIT seed="5,0,0,0,2,81" ten="199,292,291,218" oya="1" hai0="4,41,23,12,24,89,2,78,80,36,95,59,22" hai1="120,52,6,88,104,8,110,53,31,92,101,87,62" hai2="83,72,43,98,38,93,51,90,126,64,30,37,54" hai3="10,131,133,0,65,74,102,39,35,68,121,134,29"/><U99/><E120/><V44/><F64/><W97/><G121/><T129/><D129/><U86/><E110/><V113/><F126/><W7/><G39/><T109/><D109/><U55/><E31/><V48/><F30/><W13/><G13/><T3/><D36/><U49/><E62/><V91/><F113/><W19/><G19/><T108/><D41/><U18/><E18/><V107/><F107/><N who="3" m="63951" /><G74/><T50/><D108/><U67/><E67/><V111/><F91/><W116/><G116/><T5/><D2/><U61/><E61/><V79/><F111/><W32/><G131/><T112/><D3/><U124/><E87/><V84/><F72/><W56/><G56/><AGARI ba="0,0" hai="37,38,43,44,48,51,54,56,79,83,84,90,93,98" machi="56" ten="30,2000,0" yaku="7,1,52,1" doraHai="81" who="2" fromWho="3" sc="199,0,292,0,291,20,218,-20" owari="199,-20.1,292,9.2,311,41.1,198,-30.2" /></mjloggm>