<mjloggm ver="2.3"><GO type="225" lobby="0"/><UN n0="%E3%82%A4%E3%83%BC%E3%82%B1%E3%83%97%E3%83%A9" n1="%E5%91%A8%E6%9D%B1" n2="%E3%81%BF%E3%81%BF%E3%81%9A" n3="%E3%83%B4%E3%83%A0%EF%BC%99%E3%81%A6" dan="16,17,17,16" rate="2170.11,2135.42,2264.69,2180.79" sx="M,M,M,M"/><TAIKYOKU oya="0"/><INIT seed="0,0,0,1,0,39" ten="250,250,250,250" oya="0" hai0="52,90,121,80,29,94,31,47,59,129,61,135,15" hai1="32,21,14,103,48,105,78,72,38,125,126,119,12" hai2="28,67,19,113,1,63,7,53,26,130,3,50,132" hai3="127,34,23,107,99,24,6,118,123,11,134,0,115"/><T46/><D121/><U43/><E32/><V93/><F113/><W120/><G115/><T60/><D129/><U42/><E38/><V5/><F130/><W62/><G118/><T51/><D135/><U45/><E119/><V8/><F132/><W69/><G134/><T102/><D80/><N who="1" m="45127" /><E21/><V133/><F133/><W96/><G127/><N who="1" m="48650" /><E103/><V106/><F106/><W100/><G96/><T9/><D102/><U97/><E97/><V49/><F19/><W88/><G88/><T40/><D47/><N who="1" m="25719" /><E105/><V76/><F76/><W108/><G108/><T58/><D94/><U79/><E79/><V84/><F93/><W16/><REACH who="3" step="1"/><G34/><REACH who="3" ten="250,250,250,240" step="2"/><T104/><D90/><U66/><E66/><AGARI ba="0,1" hai="0,6,11,16,23,24,62,66,69,99,100,107,120,123" machi="66" ten="40,5200,0" yaku="1,1,2,1,54,1,53,0" doraHai="39" doraHaiUra="89" who="3" fromWho="1" sc="250,0,250,-52,250,0,240,62" /><INIT seed="1,0,0,3,0,74" ten="250,198,250,302" oya="1" hai0="26,78,83,62,68,23,38,110,59,13,44,104,40" hai1="37,14,118,19,114,132,103,29,30,16,128,49,55" hai2="46,117,102,32,108,85,130,50,28,125,56,54,120" hai3="21,77,90,0,124,24,75,121,107,123,36,11,93"/><U129/><E37/><V69/><F117/><W7/><G107/><T88/><D104/><U47/><E118/><V71/><F120/><W122/><G36/><T57/><D110/><U135/><E103/><V4/><F108/><W43/><G43/><T17/><D68/><U58/><E114/><V33/><F125/><W98/><G124/><T31/><D62/><U94/><E94/><V95/><F130/><N who="1" m="50281" /><E47/><V2/><F2/><W25/><REACH who="3" step="1"/><G21/><REACH who="3" ten="250,198,250,292" step="2"/><T105/><D105/><U9/><E19/><V116/><F116/><W89/><G89/><T8/><REACH who="0" step="1"/><D88/><REACH who="0" ten="240,198,250,292" step="2"/><U34/><E34/><V6/><F32/><W66/><G66/><T61/><D61/><U80/><E80/><AGARI ba="0,2" hai="0,7,11,24,25,75,77,80,90,93,98,121,122,123" machi="80" ten="40,2600,0" yaku="1,1,52,1,53,0" doraHai="74" doraHaiUra="112" who="3" fromWho="1" sc="240,0,198,-26,250,0,292,46" /><INIT seed="2,0,0,4,5,120" ten="240,172,250,338" oya="2" hai0="112,91,24,7,54,28,53,106,69,21,115,129,100" hai1="97,102,58,42,9,130,119,82,18,116,85,32,2" hai2="43,22,71,123,11,64,19,29,99,48,87,46,67" hai3="56,17,126,107,90,74,50,95,44,39,108,77,3"/><V47/><F123/><W25/><G107/><T113/><D69/><U4/><E130/><V83/><F71/><W122/><G122/><T45/><D129/><U52/><E32/><V41/><F29/><W124/><G3/><T16/><D7/><U59/><E58/><V109/><F109/><W88/><G39/><T34/><D91/><U105/><E42/><V75/><F11/><W26/><G56/><T133/><D133/><U101/><E101/><V93/><F75/><W51/><G108/><T15/><REACH who="0" step="1"/><D45/><REACH who="0" ten="230,172,250,338" step="2"/><U76/><REACH who="1" step="1"/><E18/><REACH who="1" ten="230,162,250,338" step="2"/><V98/><F46/><W1/><G17/><T70/><D70/><U104/><E104/><V103/><F43/><W55/><G44/><T40/><D40/><U31/><E31/><V92/><F19/><W111/><G126/><T114/><D114/><U84/><E84/><V12/><F87/><W37/><G124/><T35/><D35/><U81/><E81/><V121/><F83/><W8/><G95/><T117/><D117/><U128/><E128/><V110/><F121/><W60/><G37/><T36/><D36/><U68/><E68/><V6/><F110/><W33/><G111/><T0/><D0/><U131/><E131/><V118/><F118/><W49/><G1/><T89/><D89/><U62/><AGARI ba="0,2" hai="2,4,9,52,59,62,76,82,85,97,102,105,116,119" machi="62" ten="20,8000,1" yaku="1,1,0,1,7,1,54,1,53,1" doraHai="120" doraHaiUra="78" who="1" fromWho="1" sc="230,-20,162,100,250,-40,338,-20" /><INIT seed="3,0,0,2,2,13" ten="210,262,210,318" oya="3" hai0="75,83,6,26,126,111,60,80,39,70,53,114,63" hai1="128,106,36,77,47,113,93,71,21,14,88,35,44" hai2="72,87,90,108,33,117,101,74,84,52,135,10,67" hai3="86,92,94,19,127,130,99,41,131,27,116,34,22"/><W104/><G116/><T112/><D39/><U65/><E35/><V82/><F117/><W2/><G2/><T45/><D111/><U133/><E106/><V96/><F33/><W42/><G127/><T18/><D126/><U124/><E113/><N who="0" m="43625" /><D6/><U119/><E36/><V17/><F67/><W59/><G34/><T97/><D97/><U50/><E133/><V37/><F37/><W28/><G28/><T61/><D70/><U109/><E109/><V11/><F108/><W54/><G86/><T107/><D107/><U15/><E77/><V31/><F31/><W16/><G19/><T58/><D45/><U1/><E47/><V78/><F135/><W118/><G92/><T89/><D89/><U105/><E44/><V48/><F72/><W32/><G32/><T40/><D40/><U0/><E105/><N who="2" m="63655" /><F17/><W76/><G76/><N who="0" m="44063" /><D83/><U55/><E71/><V123/><F123/><W49/><G104/><T20/><AGARI ba="0,0" hai="18,20,26,53,58,60,61,63" m="44063,43625" machi="20" ten="30,2000,0" yaku="11,1,52,1" doraHai="13" who="0" fromWho="0" sc="210,20,262,-5,210,-5,318,-10" owari="230,-17.0,257,5.7,205,-29.5,308,40.8" /></mjloggm>