<mjloggm ver="2.3"><GO type="225" lobby="0"/><UN n0="%E3%83%8F%E3%83%B3%E3%83%89%E3%83%A9%E3%83%BC%E3%83%BB%E3%83%AF%E3%83%B3" n1="%E3%81%93%E3%81%9F%E3%82%8D%E3%81%86%E3%81%8F%E3%82%93" n2="%33%73%74%72%69%6B%65%73" n3="%E3%82%8F%E3%81%8B%E3%81%B0%2A%E3%82%AC%E3%83%BC%E3%83%AB" dan="17,16,16,16" rate="2182.28,2058.15,2151.90,2203.10" sx="M,M,M,M"/><TAIKYOKU oya="0"/><INIT seed="0,0,0,5,4,43" ten="250,250,250,250" oya="0" hai0="71,65,55,107,35,123,99,120,105,3,13,110,124" hai1="27,133,90,88,11,8,111,129,17,33,135,131,38" hai2="132,104,32,37,95,74,118,48,119,40,114,84,63" hai3="2,52,102,115,75,126,10,94,60,15,64,22,86"/><T106/><D3/><U1/><E38/><V20/><F104/><W134/><G75/><T125/><D35/><U128/><E111/><V61/><F32/><W81/><G115/><T0/><D0/><U36/><E36/><V44/><F74/><W54/><G134/><N who="1" m="51210" /><E1/><V121/><F114/><W56/><G2/><T83/><D110/><U76/><E76/><V100/><F132/><W69/><G22/><T25/><D25/><U89/><E17/><V117/><F121/><W58/><G126/><N who="0" m="48747" /><D99/><U82/><E82/><V101/><F37/><W70/><G94/><T53/><D83/><U59/><E59/><V30/><F84/><W12/><G102/><N who="2" m="39529" /><F95/><W19/><G15/><T42/><D13/><U4/><E4/><V109/><F109/><W85/><G85/><T62/><D42/><U96/><E96/><V92/><F92/><W23/><G10/><T108/><D108/><U41/><E41/><V46/><F20/><W116/><G116/><T130/><D130/><U5/><E5/><V9/><F9/><W14/><G14/><T67/><D67/><U87/><E87/><V97/><F97/><W45/><G64/><T24/><D24/><U50/><E27/><V79/><F79/><N who="3" m="46399" /><G70/><T103/><D103/><U77/><E33/><V49/><F30/><W91/><G69/><T28/><D28/><U26/><E77/><V18/><F18/><W21/><G91/><T72/><D72/><U68/><E26/><V31/><F31/><W80/><G80/><T16/><D16/><U93/><E68/><V29/><F29/><W122/><G19/><T127/><D127/><RYUUKYOKU ba="0,0" sc="250,15,250,-15,250,15,250,-15" hai0="53,55,62,65,71,105,106,107,120,123" hai2="40,44,46,48,49,61,63,117,118,119" /><INIT seed="0,1,0,0,0,100" ten="265,235,265,235" oya="0" hai0="86,115,52,94,11,40,72,35,133,128,125,110,38" hai1="51,88,81,64,25,46,127,105,7,102,9,62,22" hai2="28,129,123,61,124,19,17,55,15,29,42,14,126" hai3="99,58,56,6,2,13,90,121,4,112,135,117,69"/><T101/><D115/><U26/><E127/><N who="2" m="48683" /><F123/><W96/><G121/><T3/><D72/><U103/><E25/><V23/><F129/><W73/><G112/><T50/><D35/><U74/><E105/><V27/><F42/><W83/><G117/><T106/><D125/><U24/><E24/><V85/><F85/><W78/><G2/><T12/><D3/><U18/><E74/><V59/><F15/><W34/><G34/><T5/><D128/><U1/><E81/><V108/><F108/><W92/><G69/><T109/><D133/><U66/><E66/><V30/><F19/><W68/><G68/><T91/><D91/><U41/><BYE who="0" /><REACH who="1" step="1"/><E88/><REACH who="1" ten="265,225,265,235" step="2"/><V132/><F132/><UN n0="%E3%83%8F%E3%83%B3%E3%83%89%E3%83%A9%E3%83%BC%E3%83%BB%E3%83%AF%E3%83%B3" /><W32/><G135/><T8/><D106/><U113/><E113/><V54/><F27/><W65/><G32/><T104/><D104/><U87/><E87/><V43/><F43/><W63/><G99/><N who="0" m="59639" /><D86/><U36/><E36/><V60/><F54/><W70/><G13/><T33/><D38/><U95/><E95/><V75/><F75/><W31/><G31/><T120/><D40/><U80/><E80/><V37/><F37/><W45/><G70/><AGARI ba="1,1" hai="1,7,9,18,22,26,41,46,51,62,64,70,102,103" machi="70" ten="30,7700,0" yaku="1,1,7,1,53,2" doraHai="100" doraHaiUra="97" who="1" fromWho="3" sc="265,0,225,90,265,0,235,-80" /><INIT seed="1,0,0,4,5,84" ten="265,315,265,155" oya="1" hai0="22,12,77,67,107,79,74,21,131,55,26,89,41" hai1="85,25,23,9,104,71,110,4,11,92,135,103,40" hai2="129,49,116,6,101,5,46,75,128,87,120,14,122" hai3="121,106,58,51,113,50,105,73,34,42,90,130,66"/><U82/><E71/><V68/><F75/><W57/><G121/><N who="2" m="46697" /><F68/><W56/><G113/><T81/><D107/><U60/><E135/><V127/><F116/><W54/><G34/><T17/><D131/><N who="2" m="50250" /><F127/><W3/><G3/><T10/><D67/><U16/><E110/><V47/><F101/><W111/><G130/><T97/><D41/><U31/><E40/><N who="2" m="24775" /><F14/><W124/><G111/><T69/><D69/><U27/><E104/><V32/><F32/><W65/><G124/><T19/><D74/><U44/><E4/><V45/><F87/><W114/><G73/><T29/><D55/><U48/><E60/><V8/><F8/><W30/><G114/><T2/><D2/><U123/><E123/><V33/><F33/><W24/><G42/><T133/><D133/><U83/><E9/><V99/><F99/><W59/><G105/><T108/><D108/><U35/><E11/><V94/><F94/><W98/><G106/><T7/><D81/><U15/><E15/><V39/><F39/><W72/><G72/><T80/><D80/><U78/><E82/><V93/><F93/><N who="3" m="56631" /><G50/><T36/><D36/><U28/><E103/><V20/><F20/><N who="3" m="15623" /><G51/><T86/><D86/><U100/><E100/><V96/><F96/><W115/><G115/><T43/><D43/><N who="1" m="24607" /><E92/><V91/><F45/><W119/><G119/><T126/><D126/><U134/><E134/><V18/><F47/><W64/><N who="3" m="14336" /><DORA hai="52" /><W102/><G102/><T37/><D37/><U61/><E35/><V125/><F125/><W13/><G54/><T38/><D38/><U88/><E31/><V112/><F112/><RYUUKYOKU ba="0,0" sc="265,-10,315,-10,265,-10,155,30" hai3="13,64,65,66" /><INIT seed="2,1,0,2,5,38" ten="255,305,255,185" oya="2" hai0="45,74,1,127,23,79,13,91,134,65,40,92,35" hai1="85,75,27,83,21,17,14,37,90,116,78,99,128" hai2="54,80,120,100,86,5,53,4,2,67,77,7,126" hai3="49,62,24,3,101,97,34,16,96,88,64,123,50"/><V57/><F120/><W43/><G123/><T63/><D35/><U112/><E128/><V31/><F126/><W12/><G3/><T42/><D1/><U94/><E116/><V82/><F2/><W52/><G34/><T6/><D127/><U109/><E109/><V29/><F100/><W105/><G24/><T68/><D134/><U10/><E37/><V47/><F80/><W70/><G43/><T61/><D61/><U28/><REACH who="1" step="1"/><E112/><REACH who="1" ten="255,295,255,185" step="2"/><V115/><F115/><W56/><G49/><T119/><D119/><U93/><E93/><V48/><F67/><W71/><G97/><AGARI ba="1,1" hai="10,14,17,21,27,28,75,78,83,85,90,94,97,99" machi="97" ten="40,1300,0" yaku="1,1,53,0" doraHai="38" doraHaiUra="30" who="1" fromWho="3" sc="255,0,295,26,255,0,185,-16" /><INIT seed="3,0,0,0,0,133" ten="255,321,255,169" oya="3" hai0="11,83,89,81,10,127,61,51,104,50,23,60,115" hai1="28,27,77,19,131,76,26,31,129,118,68,74,20" hai2="108,70,99,121,112,82,44,35,105,15,128,111,97" hai3="65,33,1,80,75,47,73,71,132,57,54,24,123"/><W122/><G123/><T29/><D104/><U14/><E68/><V2/><F2/><W37/><G1/><T62/><D115/><U113/><E113/><V126/><F112/><W69/><G122/><T18/><D29/><U48/><E48/><N who="0" m="18473" /><D127/><U7/><E118/><V124/><F121/><W43/><G132/><T90/><D90/><U42/><E42/><V6/><F128/><N who="1" m="49225" /><E74/><V5/><F35/><W114/><G114/><T103/><D103/><U72/><E7/><N who="2" m="2571" /><F70/><W116/><G116/><T91/><D91/><U45/><E45/><V59/><F44/><W8/><G8/><N who="0" m="3115" /><D89/><U66/><E72/><V9/><F82/><W120/><G120/><T109/><D109/><N who="2" m="42058" /><F59/><W67/><G71/><T85/><D85/><U94/><E76/><V21/><F21/><W102/><G102/><T100/><D100/><U107/><E77/><V46/><F46/><W53/><G69/><T40/><D40/><U56/><E56/><V130/><F130/><W4/><G4/><T12/><AGARI ba="0,0" hai="12,18,23,60,61,62,81,83" m="3115,18473" machi="12" ten="30,1100,0" yaku="8,1" doraHai="133" who="0" fromWho="0" sc="255,11,321,-3,255,-3,169,-5" owari="266,6.6,318,41.8,252,-14.8,164,-33.6" /></mjloggm>