<mjloggm ver="2.3"><GO type="225" lobby="0"/><UN n0="%E6%B8%A9%E2%98%85%E6%83%85%E2%98%85%E6%8E%AA%E2%98%85%E7%BD%AE" n1="%E3%83%81%E3%83%AF%E3%83%AF%E9%9A%8A%E9%95%B7" n2="%43%68%65" n3="%E6%97%A5%E6%9B%9C%E6%97%A5%E3%82%88%E3%82%8A%E3%81%AE%E4%BD%BF%E8%80%85" dan="17,16,16,16" rate="2193.75,2097.73,2128.63,2148.37" sx="M,M,M,M"/><TAIKYOKU oya="0"/><INIT seed="0,0,0,2,0,46" ten="250,250,250,250" oya="0" hai0="82,51,134,34,9,8,70,87,40,127,18,114,107" hai1="75,57,66,39,99,0,115,54,33,106,16,128,103" hai2="28,80,21,92,119,27,53,48,121,104,109,116,7" hai3="5,60,96,65,35,6,84,23,56,132,79,113,63"/><T86/><D114/><U20/><E39/><V97/><F121/><W47/><G35/><T67/><D107/><U10/><E33/><V71/><F71/><W49/><G113/><T108/><D34/><U110/><E115/><V41/><F109/><W133/><G96/><T68/><D108/><U85/><E110/><V3/><F104/><W118/><G118/><N who="2" m="45097" /><F80/><N who="3" m="47135" /><G60/><T72/><D72/><U12/><E75/><V55/><F7/><W22/><G22/><T117/><D117/><U31/><E128/><V62/><F62/><W37/><G37/><T100/><D100/><U73/><E73/><V98/><F3/><W112/><G112/><T4/><D4/><U13/><E0/><V43/><F98/><W26/><G133/><T125/><D134/><U83/><E66/><V94/><F94/><W19/><G132/><T81/><D67/><U59/><E54/><AGARI ba="0,0" hai="5,6,19,23,26,47,49,54,56,63,65" m="47135" machi="54" ten="30,2000,0" yaku="8,1,52,1" doraHai="46" who="3" fromWho="1" sc="250,0,250,-20,250,0,250,20" /><INIT seed="1,0,0,2,3,82" ten="250,230,250,270" oya="1" hai0="8,130,19,94,97,110,87,98,1,124,4,78,18" hai1="111,116,30,133,41,50,2,132,112,15,84,11,105" hai2="89,17,71,117,100,59,63,75,16,70,65,12,44" hai3="6,108,107,67,134,96,90,121,58,62,13,47,55"/><U14/><E116/><V24/><F117/><W22/><G121/><T95/><D110/><U26/><E112/><V66/><F75/><W60/><G108/><T76/><D130/><U115/><E115/><V51/><F100/><W109/><G109/><T123/><D123/><U102/><E111/><V103/><F103/><W79/><G134/><T114/><D114/><U21/><E2/><V32/><F66/><W33/><G33/><T27/><D124/><U61/><E61/><V131/><F131/><W42/><G79/><T45/><D45/><U29/><E29/><V80/><F32/><W81/><G107/><T34/><D34/><U122/><E122/><V64/><F64/><W106/><G106/><T93/><D27/><U10/><E105/><V74/><F24/><W20/><G42/><T113/><D113/><U69/><E69/><V54/><F17/><W77/><G90/><T43/><D43/><U48/><E102/><V39/><F39/><W92/><G92/><T40/><D40/><U125/><E125/><V91/><F91/><W28/><G96/><T25/><D25/><U31/><E41/><V36/><F36/><W38/><G38/><T73/><D73/><U9/><E30/><V46/><F71/><N who="3" m="42471" /><G47/><T68/><D68/><U72/><E72/><V135/><F135/><N who="1" m="51785" /><E84/><N who="2" m="50311" /><F74/><N who="3" m="43191" /><G28/><T118/><D118/><U85/><E85/><V128/><F128/><W5/><G13/><AGARI ba="0,0" hai="9,10,11,13,14,15,21,26,31,48,50" m="51785" machi="13" ten="30,1500,0" yaku="20,1" doraHai="82" who="1" fromWho="3" sc="250,0,230,15,250,0,270,-15" /><INIT seed="1,1,0,3,3,102" ten="250,245,250,255" oya="1" hai0="105,12,42,68,110,130,103,7,76,48,113,19,79" hai1="108,24,20,91,81,33,82,73,51,126,95,50,121" hai2="8,26,34,39,15,86,54,87,99,52,32,84,18" hai3="61,71,14,90,101,120,62,109,117,134,124,88,21"/><U125/><E121/><V133/><F39/><W107/><G120/><T40/><D113/><U29/><E108/><V57/><F133/><W55/><G71/><T47/><D68/><U0/><E0/><V25/><F99/><W65/><G55/><T129/><D110/><U43/><E33/><V66/><F66/><W80/><G80/><N who="1" m="30826" /><E73/><V85/><N who="2" m="21504" /><DORA hai="123" /><V22/><F54/><W89/><G109/><T53/><D7/><U97/><E43/><N who="0" m="16425" /><D103/><U70/><E70/><V128/><F128/><N who="0" m="49258" /><D105/><U72/><E72/><V74/><F74/><W115/><G115/><T93/><D93/><U41/><E41/><V75/><F75/><W122/><G122/><T10/><AGARI ba="1,0" hai="10,12,19,47,48,53,76,79" m="49258,16425" machi="10" ten="30,1100,0" yaku="19,1" doraHai="102,123" who="0" fromWho="0" sc="250,14,245,-6,250,-4,255,-4" /><INIT seed="2,0,0,3,1,135" ten="264,239,246,251" oya="2" hai0="21,97,38,19,13,15,104,123,58,72,95,26,83" hai1="118,64,36,65,128,131,10,120,98,48,66,96,78" hai2="7,90,14,35,75,110,85,2,46,107,111,129,77" hai3="67,82,92,16,99,79,124,116,76,54,102,130,89"/><V5/><F35/><W133/><G116/><T117/><D123/><U119/><E36/><V28/><F107/><W93/><G67/><T109/><D104/><U30/><E120/><V61/><F2/><W45/><G133/><T101/><D38/><U6/><E78/><V55/><F129/><N who="1" m="49737" /><E30/><V25/><F77/><W112/><G130/><T4/><D117/><N who="1" m="44555" /><E48/><N who="2" m="29079" /><F61/><W127/><G112/><T71/><D71/><U33/><E33/><N who="2" m="20623" /><F14/><AGARI ba="0,0" hai="6,10,14,64,65,66,96,98" m="44555,49737" machi="14" ten="40,1300,0" yaku="19,1" doraHai="135" who="1" fromWho="2" sc="264,0,239,13,246,-13,251,0" /><INIT seed="3,0,0,1,2,71" ten="264,252,233,251" oya="3" hai0="0,46,63,103,19,101,125,54,75,76,130,64,100" hai1="79,66,88,117,120,35,59,69,55,124,15,13,92" hai2="4,41,108,115,129,39,70,18,65,53,25,23,73" hai3="107,60,14,44,132,121,38,58,8,78,82,43,9"/><W16/><G121/><T10/><D130/><U61/><E120/><V33/><F115/><W111/><G132/><T11/><D125/><U94/><E35/><V133/><F73/><W98/><G111/><T28/><D28/><U26/><E124/><V27/><F129/><W106/><G8/><T93/><D0/><U97/><E117/><V57/><F133/><W119/><G98/><T45/><D75/><U83/><E26/><V96/><F108/><W37/><G37/><T22/><D76/><U99/><E83/><V68/><F4/><W36/><G36/><T5/><D93/><U109/><E79/><V102/><F65/><W20/><G9/><T84/><D84/><U134/><E134/><V34/><F41/><W126/><G126/><T122/><D122/><U1/><E1/><V7/><F39/><W85/><G119/><T127/><D127/><U89/><REACH who="1" step="1"/><E109/><REACH who="1" ten="264,242,233,251" step="2"/><V49/><F7/><W116/><G116/><T135/><D135/><U3/><E3/><V42/><F42/><W12/><G14/><T21/><D5/><U6/><E6/><V87/><F34/><W47/><G47/><T128/><D45/><U104/><E104/><V81/><F27/><W86/><G86/><T118/><D118/><U2/><E2/><V24/><F24/><W74/><G74/><T105/><D105/><U30/><E30/><V77/><F33/><W72/><G72/><T80/><D128/><U110/><E110/><V51/><F51/><AGARI ba="0,1" hai="13,15,51,55,59,61,66,69,88,89,92,94,97,99" machi="51" ten="30,7700,0" yaku="1,1,7,1,9,1,54,1,53,0" doraHai="71" doraHaiUra="123" who="1" fromWho="2" sc="264,0,242,87,233,-77,251,0" owari="264,6.4,329,42.9,156,-34.4,251,-14.9" /></mjloggm>