<mjloggm ver="2.3"><GO type="225" lobby="0"/><UN n0="%45%6C%79%73%69%75%6D" n1="%E3%83%9D%E3%83%B3%E3%83%9D%E3%82%B3%E5%95%86%E4%BA%8B" n2="%68%75%69%68%75%69" n3="%73%69%67%65%6E%6F%72%69" dan="16,16,16,18" rate="2097.55,2198.92,2116.76,2236.60" sx="M,M,M,M"/><TAIKYOKU oya="0"/><INIT seed="0,0,0,3,4,80" ten="250,250,250,250" oya="0" hai0="20,33,116,95,98,133,36,69,74,104,79,120,5" hai1="56,97,89,14,0,110,76,119,109,52,16,130,27" hai2="125,127,126,26,122,30,96,38,88,53,45,8,128" hai3="40,103,66,117,9,85,106,62,68,29,102,7,50"/><T124/><RYUUKYOKU type="yao9" ba="0,0" sc="250,0,250,0,250,0,250,0" hai0="5,20,33,36,69,74,79,95,98,104,116,120,124,133" /><INIT seed="0,1,0,5,4,116" ten="250,250,250,250" oya="0" hai0="53,129,62,120,91,106,20,126,65,22,131,15,33" hai1="30,48,18,92,97,110,134,32,76,125,14,99,109" hai2="105,25,42,70,28,93,77,69,1,98,123,19,112" hai3="63,96,31,13,47,119,56,54,87,117,71,85,49"/><T45/><D33/><U41/><E125/><V59/><F112/><W68/><G119/><T0/><D0/><U4/><E4/><V124/><F105/><W44/><G117/><T127/><D106/><U64/><E134/><V57/><F1/><W37/><G31/><T108/><D108/><N who="1" m="41579" /><E64/><V27/><F42/><N who="3" m="22607" /><G96/><T107/><D107/><U35/><E76/><V61/><F77/><W88/><G85/><T84/><D15/><U34/><E30/><V128/><F128/><W73/><G73/><T7/><D7/><U79/><E79/><V95/><F28/><W90/><G87/><T122/><D53/><U12/><E99/><V11/><F19/><W103/><G103/><T51/><D45/><N who="1" m="25647" /><E14/><V21/><F98/><W80/><G13/><T29/><D51/><U102/><E34/><V52/><F124/><N who="0" m="47658" /><D29/><U16/><E18/><V81/><F61/><W60/><G60/><T43/><D43/><U40/><E40/><V78/><F78/><W135/><G135/><T100/><D100/><U83/><E83/><V133/><F81/><W114/><G80/><N who="0" m="49543" /><D129/><U86/><E86/><V104/><F104/><W36/><G114/><T82/><D131/><U55/><E55/><V89/><F52/><N who="3" m="34183" /><G36/><T6/><D6/><U46/><E46/><V130/><F130/><W132/><G132/><T111/><D111/><U17/><E17/><V39/><F133/><W58/><G47/><T38/><D38/><U75/><E75/><V115/><F39/><W2/><G2/><T113/><D113/><U66/><E66/><V67/><F115/><W118/><G118/><T72/><D82/><RYUUKYOKU ba="1,0" sc="250,-15,250,15,250,-15,250,15" hai1="12,16,32,35,92,97,102" hai3="49,54,58,68,71,88,90" /><INIT seed="1,2,0,2,1,75" ten="235,265,235,265" oya="1" hai0="103,108,57,62,45,67,130,123,101,50,49,122,132" hai1="55,61,135,48,37,90,125,21,129,116,126,69,15" hai2="12,117,104,47,65,83,113,54,89,25,66,34,120" hai3="18,110,81,73,106,63,17,43,26,85,14,86,97"/><U9/><E116/><V16/><F104/><W131/><G110/><T96/><D108/><U29/><E37/><V72/><F120/><N who="0" m="46122" /><D130/><U1/><E1/><V119/><F119/><W98/><G131/><T77/><D132/><U127/><E129/><V10/><F117/><W60/><G73/><T8/><D8/><U53/><E135/><V80/><F113/><W5/><G106/><N who="0" m="63783" /><D103/><U70/><E90/><V88/><F80/><W74/><G74/><T93/><D93/><U107/><E107/><V46/><F34/><W84/><G43/><N who="0" m="24767" /><D50/><U40/><E40/><V33/><F33/><W24/><G5/><T56/><D56/><N who="1" m="34959" /><E48/><N who="2" m="28951" /><F72/><W79/><G98/><T115/><D115/><U91/><E91/><N who="2" m="34891" /><F47/><W20/><G97/><T52/><D67/><N who="2" m="25610" /><F83/><W124/><G60/><T32/><D32/><U111/><E111/><V41/><F41/><W78/><G63/><T11/><D11/><U87/><E55/><V118/><F118/><W35/><G81/><T19/><D19/><N who="1" m="8687" /><E70/><V44/><F44/><W76/><G35/><T71/><D71/><U7/><E69/><V51/><F51/><W4/><G4/><T59/><D59/><U121/><E7/><V112/><F112/><W42/><G42/><T22/><D22/><U38/><E121/><V99/><F99/><W94/><G18/><T134/><D134/><U64/><E38/><V82/><F82/><W133/><G133/><T0/><D0/><U36/><E36/><V6/><F6/><W95/><G95/><T39/><D39/><U100/><E126/><V105/><F105/><W109/><G124/><T128/><D128/><RYUUKYOKU ba="2,0" sc="235,15,265,-15,235,15,265,-15" hai0="52,57,62,77" hai2="10,12,16,25" /><INIT seed="2,3,0,0,3,88" ten="250,250,250,250" oya="2" hai0="57,96,54,50,45,131,34,18,26,79,28,104,15" hai1="119,62,59,106,60,42,95,51,115,63,11,113,5" hai2="39,46,73,87,108,55,21,40,80,58,56,89,32" hai3="31,3,44,38,1,86,8,36,78,16,6,94,125"/><V4/><F32/><W101/><G125/><T75/><D131/><U17/><E106/><V91/><F73/><W53/><G1/><T85/><D75/><U121/><E119/><V12/><F108/><W124/><G124/><T83/><D104/><U111/><E111/><V70/><F70/><W118/><G118/><T102/><D102/><U74/><E74/><V68/><F68/><W82/><G31/><T129/><D129/><U120/><E17/><V33/><F33/><W35/><G35/><T0/><D0/><U97/><E42/><V29/><F29/><W52/><G16/><T24/><D24/><U132/><E51/><V65/><F65/><W81/><G81/><T114/><D114/><N who="1" m="43531" /><E59/><V30/><F30/><W103/><G103/><T116/><D116/><U64/><E132/><V2/><F2/><W77/><G77/><T47/><REACH who="0" step="1"/><D96/><REACH who="0" ten="240,250,250,250" step="2"/><U123/><E64/><V19/><F4/><W71/><G6/><T49/><D49/><U10/><E5/><V72/><F72/><W9/><G3/><T133/><D133/><U92/><E97/><V117/><F117/><W90/><G101/><T105/><D105/><U84/><E84/><V76/><F58/><W67/><G71/><T126/><D126/><U27/><E27/><V66/><F66/><W69/><G69/><T41/><D41/><U43/><E43/><V128/><F128/><W112/><G67/><T20/><AGARI ba="3,1" hai="15,18,20,26,28,34,45,47,50,54,57,79,83,85" machi="20" ten="20,5200,0" yaku="1,1,0,1,7,1,53,1" doraHai="88" doraHaiUra="14" who="0" fromWho="0" sc="240,71,250,-16,250,-29,250,-16" /><INIT seed="3,0,0,0,4,72" ten="311,234,221,234" oya="3" hai0="78,130,85,37,11,109,51,64,74,32,97,57,92" hai1="35,3,116,54,96,113,120,102,52,123,39,133,17" hai2="119,16,53,93,34,33,118,41,127,29,12,87,77" hai3="114,115,14,75,61,132,27,101,76,105,55,66,135"/><W131/><G14/><T122/><D37/><U0/><E113/><N who="3" m="43018" /><G27/><T134/><D32/><U38/><E35/><V4/><F34/><W98/><G55/><T26/><D74/><U67/><E67/><V10/><F127/><W45/><G45/><T128/><D26/><U71/><E71/><V83/><F33/><W82/><G131/><T43/><D11/><U62/><E116/><V22/><F29/><W15/><G15/><T65/><D122/><U112/><E112/><V18/><F18/><W50/><G50/><T125/><D125/><U44/><E17/><V59/><F41/><W23/><G23/><T36/><D36/><U13/><E13/><V121/><F121/><W91/><G91/><T9/><D9/><U25/><E25/><V89/><F53/><W81/><G81/><T1/><D1/><U47/><E62/><V110/><F59/><W20/><G20/><T6/><D6/><U46/><E46/><V79/><F110/><W111/><G111/><T58/><D109/><U86/><E86/><V69/><F69/><AGARI ba="0,0" hai="61,66,69,75,76,82,98,101,105,132,135" m="43018" machi="69" ten="30,2900,0" yaku="23,1,52,1" doraHai="72" who="3" fromWho="2" sc="311,0,234,0,221,-29,234,29" /><INIT seed="3,1,0,4,1,26" ten="311,234,192,263" oya="3" hai0="64,71,72,113,134,65,83,66,85,110,13,8,98" hai1="123,4,88,61,31,32,114,38,128,62,49,132,24" hai2="17,36,109,1,14,43,0,30,35,129,90,53,63" hai3="80,57,79,23,107,40,121,18,9,42,91,58,48"/><W2/><G121/><T106/><D72/><U25/><E114/><V119/><F119/><W39/><G107/><T6/><D113/><U92/><E38/><V127/><F43/><W118/><G118/><T34/><D34/><U130/><E123/><V73/><F36/><W126/><G126/><T52/><D110/><U108/><E108/><V105/><F73/><W10/><G39/><T76/><D134/><U20/><E49/><V33/><F105/><W89/><G2/><T111/><D111/><U46/><E46/><V112/><F109/><W131/><G131/><N who="1" m="50218" /><E4/><V120/><F129/><W103/><G103/><T84/><D84/><N who="1" m="52231" /><E132/><V47/><F120/><W3/><G3/><N who="2" m="1097" /><F112/><W51/><G18/><AGARI ba="1,0" hai="18,20,24,25,31,32,61,62" m="52231,50218" machi="18" ten="30,3900,0" yaku="19,1,52,1,54,1" doraHai="26" who="1" fromWho="3" sc="311,0,234,42,192,0,263,-42" owari="311,41.1,276,7.6,192,-30.8,221,-17.9" /></mjloggm>