<mjloggm ver="2.3"><GO type="225" lobby="0"/><UN n0="%E9%BB%99%E8%81%B4%E3%81%AE%E3%81%99%E3%82%9D%E3%82%81" n1="%E3%80%90%E3%83%88%E3%83%AA%E3%83%A5%E3%83%95%E3%80%91" n2="%E3%83%B4%E3%83%A0%EF%BC%99%E3%81%A6" n3="%E3%83%A2%E3%83%B3%E3%82%AD%E3%83%BC%E3%83%88%E3%83%AA%E3%83%83%E3%82%AF" dan="16,16,16,16" rate="2152.41,2115.59,2134.33,2174.68" sx="M,M,M,M"/><TAIKYOKU oya="0"/><INIT seed="0,0,0,3,3,128" ten="250,250,250,250" oya="0" hai0="16,105,69,38,88,90,56,126,8,31,46,4,110" hai1="79,21,64,101,70,89,84,133,103,36,92,78,104" hai2="25,60,2,48,35,112,32,119,131,9,75,91,94" hai3="77,61,12,54,96,83,124,17,52,0,134,15,1"/><T100/><D69/><U99/><E36/><V55/><F112/><W5/><G124/><T19/><D126/><U130/><E130/><V59/><F75/><W109/><G109/><T71/><D71/><U114/><E21/><V123/><F123/><W98/><G61/><T62/><D31/><U57/><E57/><V65/><F131/><W39/><G39/><T129/><D129/><U22/><E22/><V67/><F119/><W68/><G68/><T51/><D38/><U95/><E64/><V63/><F63/><W107/><G107/><T122/><D100/><N who="1" m="62495" /><E133/><V113/><F113/><W11/><G134/><T116/><D105/><U33/><E33/><V97/><F65/><W66/><G66/><N who="0" m="39239" /><D116/><U53/><E53/><V108/><F108/><W121/><G121/><T50/><D122/><U93/><E70/><V7/><F25/><W72/><G1/><T34/><D34/><U10/><E10/><V24/><F24/><W28/><G28/><T27/><D110/><U20/><E20/><V47/><AGARI ba="0,0" hai="2,7,9,32,35,47,48,55,59,60,67,91,94,97" machi="47" ten="20,1500,0" yaku="0,1,7,1" doraHai="128" who="2" fromWho="2" sc="250,-7,250,-4,250,15,250,-4" /><INIT seed="1,0,0,5,1,108" ten="243,246,265,246" oya="1" hai0="79,123,26,117,95,12,31,51,66,80,4,49,46" hai1="6,134,93,115,11,114,88,20,56,59,126,124,0" hai2="122,67,23,133,101,74,45,76,9,105,96,102,27" hai3="3,87,103,8,107,43,84,13,19,32,90,28,25"/><U44/><E44/><V75/><F122/><W89/><G107/><T65/><D117/><U47/><E47/><V83/><F133/><W129/><G103/><T40/><D95/><U113/><E20/><V5/><F101/><W86/><G129/><T21/><D51/><U22/><E22/><V85/><F67/><W60/><G43/><T62/><D62/><U37/><E37/><V118/><F118/><W110/><G110/><T71/><D71/><U128/><E128/><V100/><F100/><W125/><G125/><N who="1" m="48234" /><E134/><V48/><F23/><W39/><G39/><T2/><D2/><U82/><E82/><V92/><F105/><W63/><G3/><T35/><D123/><U109/><E109/><V69/><F27/><W15/><G15/><T131/><D131/><U70/><E70/><V33/><F69/><W34/><G34/><T77/><D77/><U120/><E120/><V52/><REACH who="2" step="1"/><F33/><REACH who="2" ten="243,246,255,246" step="2"/><W50/><G32/><T68/><D68/><U106/><E106/><V36/><F36/><W121/><G121/><T111/><D111/><U55/><E55/><V7/><F7/><W119/><G119/><T81/><D35/><U41/><E41/><V1/><AGARI ba="0,1" hai="1,5,9,45,48,52,74,75,76,83,85,92,96,102" machi="1" ten="20,8000,1" yaku="1,1,0,1,7,1,54,1,53,1" doraHai="108" doraHaiUra="94" who="2" fromWho="2" sc="243,-20,246,-40,255,90,246,-20" /><INIT seed="2,0,0,0,5,58" ten="223,206,345,226" oya="2" hai0="19,62,111,41,114,105,39,48,98,66,53,37,36" hai1="64,122,103,18,131,0,29,70,78,51,35,43,65" hai2="77,107,130,25,1,67,80,93,12,57,74,82,132" hai3="99,49,87,83,45,30,108,15,71,20,69,11,126"/><V92/><F1/><W5/><G126/><T121/><D105/><U123/><E0/><V7/><F107/><W117/><G117/><T9/><D98/><U115/><E115/><V109/><F130/><W14/><G108/><T89/><D89/><U86/><E103/><V42/><F132/><W129/><G99/><T96/><D96/><U95/><E18/><V3/><F3/><W112/><G112/><T118/><D9/><U60/><E65/><V56/><F42/><W33/><G33/><T134/><D19/><U120/><E131/><V81/><F109/><W63/><G63/><T119/><D111/><U23/><E35/><V13/><F74/><W26/><G15/><T47/><D121/><U8/><E8/><N who="2" m="4127" /><F77/><W101/><G101/><T50/><D134/><U85/><E78/><V124/><F124/><W31/><G31/><T113/><D113/><U28/><E28/><V54/><F25/><W10/><G10/><T127/><D127/><U24/><E95/><V68/><F68/><W76/><REACH who="3" step="1"/><G129/><REACH who="3" ten="223,206,345,216" step="2"/><T88/><D114/><U79/><E79/><V16/><F13/><W6/><G6/><T128/><D128/><U21/><E21/><V97/><F97/><W22/><G22/><T46/><D88/><U17/><E29/><V2/><F2/><W94/><G94/><T40/><D53/><AGARI ba="0,1" hai="5,11,14,20,26,30,45,49,53,69,71,76,83,87" machi="53" ten="30,2000,0" yaku="1,1,7,1,53,0" doraHai="58" doraHaiUra="125" who="3" fromWho="0" sc="223,-20,206,0,345,0,216,30" /><INIT seed="3,0,0,3,3,69" ten="203,206,345,246" oya="3" hai0="59,120,21,121,93,16,32,109,79,15,131,110,73" hai1="95,45,44,28,1,82,125,91,113,88,42,84,62" hai2="124,133,29,116,11,117,6,77,115,106,122,101,134" hai3="72,17,89,9,47,46,127,57,112,105,35,20,107"/><W33/><G72/><T81/><D32/><U123/><E113/><V43/><F115/><W104/><G9/><T87/><D131/><U85/><E123/><V111/><F122/><W83/><G112/><T5/><D5/><U41/><E1/><V99/><F111/><N who="0" m="42506" /><D59/><U26/><E62/><V128/><F128/><W119/><G119/><T55/><D55/><U118/><E125/><V80/><F43/><N who="1" m="16393" /><E118/><V27/><F124/><W74/><G127/><T78/><D78/><U97/><E85/><N who="2" m="48271" /><F27/><W51/><G57/><T130/><D130/><U13/><E13/><N who="2" m="5367" /><F29/><W22/><G105/><T52/><D52/><U126/><E126/><V31/><F31/><W48/><G74/><T36/><D36/><U37/><E37/><V63/><F63/><W61/><G61/><T8/><D8/><U39/><E39/><V135/><AGARI ba="0,0" hai="99,101,106,116,117,133,134,135" m="5367,48271" machi="135" ten="30,1100,0" yaku="20,1" doraHai="69" who="2" fromWho="2" sc="203,-3,206,-3,345,11,246,-5" owari="200,-30.0,203,-19.7,356,45.6,241,4.1" /></mjloggm>