<mjloggm ver="2.3"><GO type="225" lobby="0"/><UN n0="%72%65%6E%6B%75%6E" n1="%E3%83%96%E3%83%83%E3%83%91%E3%82%AA%E3%83%96%E3%83%81%E3%82%AD%E3%83%B3" n2="%65%76%69%61%6E%36%31%39" n3="%E3%81%A4%E3%81%A3%E3%81%B1%E3%82%8A%E3%83%9D%E3%83%BC%E3%83%AB" dan="17,16,16,17" rate="2206.97,2152.90,2083.77,2148.07" sx="M,M,M,M"/><TAIKYOKU oya="0"/><INIT seed="0,0,0,2,0,70" ten="250,250,250,250" oya="0" hai0="107,49,2,39,13,3,35,56,67,14,57,60,89" hai1="84,50,86,110,63,73,22,115,105,108,15,132,81" hai2="112,36,65,118,130,28,120,64,47,103,123,72,95" hai3="90,94,0,61,5,31,97,111,19,129,77,12,59"/><T26/><D107/><U92/><E105/><V41/><F72/><W42/><G111/><N who="1" m="42538" /><E50/><V121/><F28/><W62/><G129/><T69/><D69/><U96/><E63/><V78/><F78/><W98/><G31/><T85/><D39/><U55/><E55/><V109/><F109/><W76/><G5/><T58/><D35/><U99/><E15/><V68/><F95/><N who="3" m="56567" /><G0/><T122/><D26/><U79/><E22/><V29/><F103/><N who="3" m="60887" /><G42/><T52/><D58/><U134/><E115/><V93/><F93/><W4/><G4/><T33/><D33/><U51/><E51/><V125/><F29/><W44/><G44/><T40/><D40/><U106/><E106/><V74/><F74/><W75/><G75/><T91/><D122/><U126/><E126/><V82/><F125/><W10/><G62/><T48/><D48/><U124/><E99/><V16/><F112/><W1/><G1/><T25/><D25/><U21/><E21/><V38/><F121/><W8/><G10/><T116/><D2/><U37/><E37/><V114/><F114/><W102/><G102/><T71/><D3/><U88/><E124/><V34/><F34/><W66/><AGARI ba="0,0" hai="8,12,19,59,61,66,76,77" m="60887,56567" machi="66" ten="30,1100,0" yaku="8,1" doraHai="70" who="3" fromWho="3" sc="250,-5,250,-3,250,-3,250,11" /><INIT seed="1,0,0,4,2,95" ten="245,247,247,261" oya="1" hai0="71,22,60,111,120,129,125,49,89,112,133,36,100" hai1="84,65,52,97,87,123,110,40,85,74,128,20,101" hai2="26,75,93,80,43,42,78,41,64,115,118,122,16" hai3="90,70,72,132,34,5,68,35,24,61,124,48,99"/><U131/><E74/><V83/><F122/><W108/><G72/><T47/><D100/><U51/><E123/><V76/><F118/><W119/><G119/><T69/><D89/><U58/><E65/><V104/><F115/><W15/><G108/><T21/><D21/><U81/><E40/><V50/><F104/><W45/><G132/><T130/><D22/><U9/><E20/><V17/><F26/><W39/><G39/><T11/><D11/><U2/><E110/><V6/><F6/><W28/><G35/><T53/><D111/><U126/><E126/><V98/><F50/><W92/><G61/><T37/><D120/><U116/><E116/><V113/><F64/><W25/><G124/><T23/><D23/><U29/><E29/><V73/><F113/><W86/><G25/><T13/><D13/><U91/><E9/><V27/><F27/><W56/><G56/><N who="0" m="34831" /><D125/><U44/><E44/><V0/><F0/><W19/><G5/><T1/><D1/><U55/><E55/><V77/><F77/><W3/><G3/><T8/><D8/><U38/><E38/><N who="0" m="14953" /><D133/><U134/><E2/><V57/><F57/><W117/><G117/><T31/><D31/><U79/><E134/><V12/><F12/><W33/><G33/><T127/><D127/><U30/><E30/><V105/><F105/><W54/><G19/><T62/><D62/><U46/><E87/><V102/><AGARI ba="0,0" hai="16,17,41,42,43,73,75,76,78,80,83,93,98,102" machi="102" ten="30,7900,0" yaku="0,1,9,1,52,1,54,1" doraHai="95" who="2" fromWho="2" sc="245,-20,247,-39,247,79,261,-20" /><INIT seed="2,0,0,2,0,68" ten="225,208,326,241" oya="2" hai0="50,126,99,49,107,88,32,10,16,92,132,54,5" hai1="3,4,131,7,63,75,35,87,0,45,120,71,101" hai2="51,117,2,38,118,53,116,127,58,40,69,1,34" hai3="19,112,61,56,130,134,129,124,55,83,62,39,8"/><V9/><F34/><W52/><G134/><T28/><D132/><U103/><E75/><V104/><F104/><W59/><G124/><T72/><D126/><U94/><E35/><V123/><F127/><W86/><G112/><T13/><D72/><U12/><E131/><N who="3" m="50186" /><G39/><T110/><D110/><U73/><E73/><V74/><F123/><W31/><G31/><T15/><D107/><U128/><E128/><V81/><F69/><W24/><G24/><T111/><D111/><U82/><E120/><V133/><F133/><W36/><G36/><T125/><D125/><U21/><E71/><V64/><F64/><W43/><G43/><T98/><D98/><U22/><E63/><V84/><F74/><W114/><G114/><T17/><D13/><U115/><E115/><V48/><F38/><W77/><G19/><T93/><D93/><U65/><E12/><V14/><F2/><W97/><G97/><T96/><D96/><U122/><E94/><V27/><F27/><W37/><G37/><T91/><D91/><U80/><E65/><V44/><F1/><W100/><G8/><T121/><D121/><U90/><E122/><V108/><F108/><W30/><G30/><T46/><REACH who="0" step="1"/><D50/><REACH who="0" ten="215,208,326,241" step="2"/><U42/><E90/><V26/><F26/><AGARI ba="0,1" hai="5,10,15,16,17,26,28,32,46,49,54,88,92,99" machi="26" ten="40,8000,1" yaku="1,1,2,1,54,2,53,0" doraHai="68" doraHaiUra="135" who="0" fromWho="2" sc="215,90,208,0,326,-80,241,0" /><INIT seed="3,0,0,4,3,10" ten="305,208,246,241" oya="3" hai0="52,107,15,109,134,46,3,20,61,67,77,51,16" hai1="36,55,78,64,117,6,93,71,115,60,131,27,69" hai2="35,95,99,97,94,14,102,100,43,124,112,41,116" hai3="130,125,19,68,133,105,106,12,56,44,129,128,47"/><W25/><G68/><T76/><D109/><U65/><E115/><V31/><F124/><W34/><G125/><T40/><D134/><U0/><E78/><N who="0" m="30313" /><D107/><N who="3" m="40969" /><G56/><N who="0" m="37287" /><D3/><U29/><E36/><V120/><F116/><W87/><G87/><T72/><D72/><U59/><E131/><V110/><F110/><W73/><G73/><T79/><D79/><U86/><E117/><V114/><F120/><W2/><G2/><T85/><D85/><U54/><E71/><V53/><F53/><AGARI ba="0,0" hai="15,16,20,40,46,51,52,53" m="37287,30313" machi="53" ten="30,7700,0" yaku="8,1,52,1,54,2" doraHai="10" who="0" fromWho="2" sc="305,77,208,0,246,-77,241,0" owari="382,48.2,208,-19.2,169,-33.1,241,4.1" /></mjloggm>