<mjloggm ver="2.3"><GO type="225" lobby="0"/><UN n0="%6C%61%6D%62" n1="%E4%BF%BA%E3%81%A8%E5%A6%96%E5%A4%A2" n2="%E5%A4%8F%E9%88%B4%E9%88%B4%E5%A4%8F" n3="%43%68%65" dan="16,16,16,16" rate="2185.08,2229.90,2135.79,2152.47" sx="M,F,F,M"/><TAIKYOKU oya="0"/><INIT seed="0,0,0,0,5,22" ten="250,250,250,250" oya="0" hai0="71,24,74,108,39,100,45,113,16,13,130,124,49" hai1="9,115,81,105,134,63,77,21,23,60,15,133,104" hai2="94,0,29,28,90,95,64,55,17,92,101,35,72" hai3="106,86,33,82,31,119,41,43,19,99,98,68,121"/><T126/><D113/><U42/><E115/><V78/><F0/><W128/><G119/><T85/><D74/><U34/><E42/><V129/><F129/><W122/><G68/><T1/><D1/><U118/><E34/><V66/><F101/><W52/><G128/><T97/><D130/><U70/><E118/><V123/><F123/><N who="3" m="47115" /><G19/><T116/><D116/><U25/><E105/><V54/><F35/><W38/><G38/><T8/><D71/><U4/><E104/><V132/><F132/><N who="1" m="50793" /><E70/><V18/><F78/><W69/><G69/><T46/><D85/><N who="1" m="48303" /><E23/><V47/><F72/><W53/><G43/><T131/><D131/><U112/><E112/><V20/><F20/><W44/><G41/><T83/><D83/><U65/><E65/><N who="2" m="25195" /><F90/><N who="3" m="51543" /><G106/><N who="0" m="63759" /><D49/><U120/><E120/><V59/><F47/><W37/><G37/><T111/><D39/><U48/><E48/><N who="2" m="31175" /><F55/><N who="3" m="21067" /><G44/><T84/><D46/><U73/><E73/><V107/><F107/><W51/><G51/><T58/><D45/><U26/><E26/><AGARI ba="0,0" hai="26,31,33,98,99" m="21067,51543,47115" machi="26" ten="30,3900,0" yaku="13,1,52,1,54,1" doraHai="22" who="3" fromWho="1" sc="250,0,250,-39,250,0,250,39" /><INIT seed="1,0,0,5,2,69" ten="250,211,250,289" oya="1" hai0="127,11,35,128,83,118,107,105,29,100,28,99,38" hai1="77,25,44,116,58,65,41,129,27,34,121,26,13" hai2="7,33,40,71,8,59,114,90,55,21,0,16,64" hai3="85,10,106,56,88,110,102,76,4,112,37,82,80"/><U104/><E116/><V5/><F114/><W39/><G112/><T79/><D118/><U57/><E121/><V75/><F75/><W87/><G110/><T32/><D128/><U109/><E129/><V113/><F113/><W18/><G18/><T133/><D133/><U119/><E119/><V92/><F33/><W19/><G19/><T60/><D127/><U49/><E109/><V15/><F40/><W72/><G72/><T123/><D123/><U46/><E104/><V124/><F124/><W111/><G111/><T101/><D11/><U73/><E34/><V12/><F64/><W78/><G56/><T43/><D60/><U91/><E65/><V2/><F71/><W74/><G102/><T22/><D22/><U31/><E31/><V3/><F15/><W67/><G106/><T9/><D9/><U125/><E125/><V30/><F8/><W17/><G17/><T135/><D135/><U20/><E13/><V97/><REACH who="2" step="1"/><F30/><REACH who="2" ten="250,211,240,289" step="2"/><W98/><G67/><T95/><D28/><U134/><E134/><V81/><F81/><W52/><G52/><T62/><D29/><U1/><E20/><V89/><F89/><W36/><G98/><T66/><D32/><U115/><E115/><V86/><F86/><W122/><G122/><T70/><D35/><U50/><E91/><V120/><F120/><W42/><G42/><T48/><D70/><U126/><E126/><V130/><F130/><W47/><G74/><T96/><D66/><U68/><E68/><V84/><F84/><W24/><G88/><T108/><D43/><N who="1" m="24735" /><E1/><V23/><F23/><W132/><G132/><RYUUKYOKU ba="0,1" sc="250,-15,211,15,240,15,289,-15" hai1="25,26,27,41,46,50,57,58,73,77" hai2="0,2,3,5,7,12,16,21,55,59,90,92,97" /><INIT seed="1,1,1,1,1,41" ten="235,226,255,274" oya="1" hai0="113,12,72,5,135,93,14,2,129,91,27,7,95" hai1="125,96,18,17,111,61,29,4,84,90,70,74,22" hai2="133,124,85,127,78,24,134,66,87,19,94,48,54" hai3="49,63,131,112,102,34,20,97,58,118,106,33,39"/><U83/><E125/><N who="2" m="48203" /><F66/><W119/><G112/><T108/><D113/><U130/><E74/><V21/><F78/><W35/><G39/><T8/><D72/><U69/><E130/><V99/><F99/><W101/><G131/><T92/><D129/><U86/><E111/><V52/><F54/><W3/><G3/><T36/><D36/><U56/><E96/><V120/><F120/><W38/><G38/><T128/><D128/><U31/><E69/><V67/><F67/><N who="3" m="39415" /><G102/><T51/><D108/><U11/><E70/><V16/><F19/><N who="1" m="7177" /><E22/><V40/><F40/><W25/><G49/><T100/><D135/><N who="2" m="51722" /><F94/><W62/><G62/><T75/><D100/><U82/><E56/><AGARI ba="1,1" hai="16,21,24,48,52,56,85,87" m="51722,48203" machi="56" ten="30,7700,0" yaku="18,1,20,1,54,2" doraHai="41" who="2" fromWho="1" sc="235,0,226,-80,255,90,274,0" /><INIT seed="2,0,0,3,3,57" ten="235,146,345,274" oya="2" hai0="20,106,105,16,35,2,118,91,15,68,34,4,48" hai1="5,28,56,7,122,71,72,124,14,135,13,25,10" hai2="30,90,31,115,66,45,114,18,33,79,81,92,37" hai3="63,134,70,77,27,75,133,8,96,49,83,21,1"/><V80/><F66/><N who="3" m="41311" /><G96/><T78/><D68/><U58/><E71/><V88/><F18/><N who="3" m="12727" /><G49/><T104/><D78/><U50/><E122/><V100/><F100/><W53/><G53/><T60/><D118/><U125/><E72/><V52/><F52/><W42/><G42/><T32/><D60/><U46/><E135/><N who="3" m="51722" /><G8/><T40/><D40/><U102/><E102/><V107/><F107/><W43/><G43/><T128/><D48/><U97/><E97/><V67/><F67/><W127/><G127/><T12/><D91/><U22/><E125/><V85/><F37/><W19/><G19/><T23/><D128/><U9/><REACH who="1" step="1"/><E124/><REACH who="1" ten="235,136,345,274" step="2"/><V123/><F123/><W36/><G36/><T101/><D101/><U3/><E3/><AGARI ba="0,1" hai="1,3,75,77,83" m="51722,12727,41311" machi="3" ten="30,2000,0" yaku="20,1,52,1" doraHai="57" who="3" fromWho="1" sc="235,0,136,-20,345,0,274,30" /><INIT seed="3,0,0,0,5,116" ten="235,116,345,304" oya="3" hai0="66,52,30,28,5,67,55,42,1,63,126,37,62" hai1="76,105,7,75,99,34,59,130,135,54,23,11,31" hai2="80,15,113,121,13,95,84,51,101,41,114,127,48" hai3="8,88,118,2,49,79,124,90,97,4,46,82,44"/><W3/><G118/><T71/><D1/><U117/><E117/><V22/><F121/><W9/><G124/><T45/><D5/><U36/><E130/><V91/><F127/><W125/><G125/><T57/><D126/><U96/><E135/><V69/><F69/><W92/><G90/><T50/><D28/><U81/><E34/><V89/><F114/><W107/><G107/><T43/><D30/><U40/><E105/><V86/><F41/><N who="0" m="15370" /><D37/><U18/><E31/><V110/><F110/><W112/><G112/><T21/><D21/><U35/><E35/><V77/><F113/><W33/><G33/><T58/><D67/><U20/><E20/><V14/><F22/><W111/><G111/><T129/><D129/><U24/><E54/><V109/><F101/><W6/><G49/><N who="2" m="19017" /><F109/><W133/><G133/><T102/><D102/><U0/><E59/><AGARI ba="0,0" hai="45,50,52,55,57,58,59,62,63,66,71" m="15370" machi="59" ten="30,12000,2" yaku="35,5,54,1" doraHai="116" who="0" fromWho="1" sc="235,120,116,-120,345,0,304,0" owari="355,45.5,-4,-50.4,345,14.5,304,-9.6" /></mjloggm>