<mjloggm ver="2.3"><GO type="225" lobby="0"/><UN n0="%E3%83%96%E3%83%83%E3%83%91%E3%82%AA%E3%83%96%E3%83%81%E3%82%AD%E3%83%B3" n1="%E3%81%93%E3%81%8F%E3%82%89%E3%82%AB%E3%83%90%E8%94%B5" n2="%E3%81%AF%E3%82%88%E3%81%8A%E3%81%98%E3%81%95%E3%82%93" n3="%E7%99%BD%E5%92%B2%E8%8A%B1%E3%81%A1%E3%82%83%E3%82%93" dan="16,17,17,16" rate="2121.02,2182.32,2162.69,2160.79" sx="M,M,M,F"/><TAIKYOKU oya="0"/><INIT seed="0,0,0,3,0,126" ten="250,250,250,250" oya="0" hai0="22,65,75,11,6,133,59,105,27,38,97,72,108" hai1="128,122,115,14,96,44,54,52,112,86,29,123,56" hai2="134,113,31,18,39,129,50,98,30,26,46,8,10" hai3="93,67,74,24,104,80,35,34,32,77,64,120,70"/><T66/><D38/><U132/><E29/><V83/><F113/><N who="1" m="43593" /><E96/><V94/><F39/><W51/><G120/><N who="1" m="46122" /><E86/><V9/><F129/><W111/><G111/><T68/><D133/><U114/><N who="1" m="43601" /><U53/><DORA hai="60" /><E14/><V49/><F134/><W62/><G104/><T119/><D119/><U91/><E91/><V116/><F116/><W1/><G1/><T79/><D108/><U45/><E132/><V57/><F83/><W99/><G51/><N who="2" m="19465" /><F57/><W78/><G78/><T81/><D75/><U7/><E7/><V16/><F46/><N who="1" m="18025" /><E128/><V127/><F127/><W47/><G24/><T48/><D97/><U43/><E43/><V107/><F107/><W103/><G32/><T102/><D105/><U82/><E82/><V88/><F18/><W25/><G34/><T63/><D102/><U124/><E124/><V71/><F71/><W36/><G35/><T101/><D68/><U100/><E100/><V42/><F42/><W40/><G25/><T87/><D101/><U121/><N who="1" m="46130" /><U17/><DORA hai="5" /><E17/><V33/><F33/><W109/><G109/><T55/><D72/><U92/><E92/><V135/><F135/><W95/><G95/><T3/><REACH who="0" step="1"/><D48/><AGARI ba="0,0" hai="48,52,53,54,56" m="18025,46130,43601" machi="48" ten="60,8000,1" yaku="11,1,34,2,54,1" doraHai="126,60,5" who="1" fromWho="0" sc="250,-80,250,80,250,0,250,0" /><INIT seed="1,0,0,1,4,79" ten="170,330,250,250" oya="1" hai0="42,4,58,102,19,114,133,68,63,12,93,107,17" hai1="110,49,66,2,83,13,53,73,75,54,117,78,95" hai2="35,100,130,65,57,134,90,124,18,34,109,64,113" hai3="20,70,0,30,80,132,112,71,94,87,48,82,22"/><U60/><E117/><V41/><F100/><W104/><G112/><T37/><D114/><U36/><E36/><V74/><F113/><W55/><G104/><T61/><D133/><U118/><E118/><V46/><F74/><W127/><G132/><T56/><D107/><U62/><E2/><V15/><F134/><W99/><G127/><T9/><D68/><U103/><E110/><V8/><F124/><W72/><G0/><T32/><D32/><U11/><E73/><V129/><F109/><W43/><G43/><T97/><D42/><U28/><E28/><V106/><F106/><W10/><G10/><T3/><D37/><U14/><E53/><V135/><F135/><W91/><G72/><T6/><D3/><U116/><E116/><V98/><F90/><W67/><G67/><N who="2" m="25673" /><F98/><W126/><G126/><T105/><D105/><U115/><E115/><V85/><F85/><W26/><G22/><T31/><D31/><U77/><E77/><V16/><F18/><N who="0" m="6666" /><D6/><U89/><E103/><V38/><F57/><AGARI ba="0,0" hai="4,9,12,56,57,58,61,63,93,97,102" m="6666" machi="57" ten="30,1000,0" yaku="8,1" doraHai="79" who="0" fromWho="2" sc="170,10,330,0,250,-10,250,0" /><INIT seed="2,0,0,2,1,90" ten="180,330,240,250" oya="2" hai0="85,123,124,79,82,34,72,89,102,117,61,112,78" hai1="64,60,15,125,120,129,4,122,8,28,130,16,31" hai2="30,40,63,70,9,50,44,92,41,45,119,66,58" hai3="65,73,87,2,115,42,27,37,81,95,25,17,103"/><V67/><F119/><W53/><G115/><T133/><D123/><N who="1" m="47147" /><E125/><V57/><F30/><N who="1" m="11305" /><E4/><V131/><F9/><W43/><G2/><T36/><D112/><U98/><E98/><V18/><F18/><W134/><G134/><T74/><D124/><U0/><E0/><V59/><F92/><W116/><G116/><T22/><D34/><U108/><E108/><V33/><F33/><W113/><G65/><T35/><D35/><U118/><E118/><V13/><F13/><W52/><G73/><N who="0" m="28267" /><D22/><U38/><E38/><N who="2" m="21527" /><F131/><W24/><G17/><T109/><D61/><AGARI ba="0,0" hai="41,45,50,57,58,59,61,63,66,67,70" m="21527" machi="61" ten="30,12000,1" yaku="35,5" doraHai="90" who="2" fromWho="0" sc="180,-120,330,0,240,120,250,0" /><INIT seed="2,1,0,4,1,59" ten="60,330,360,250" oya="2" hai0="126,132,16,121,99,13,35,62,103,57,4,81,87" hai1="117,1,31,75,50,113,110,76,18,86,28,94,105" hai2="19,80,56,54,73,45,92,102,130,46,42,85,0" hai3="74,95,119,53,125,97,51,89,52,124,47,61,29"/><V134/><F0/><W84/><G119/><T6/><D121/><U36/><E36/><V91/><F130/><W41/><G74/><T101/><D35/><U114/><E105/><V67/><F134/><W21/><G84/><T12/><D126/><N who="3" m="48745" /><G61/><T5/><D132/><U106/><E106/><V14/><F67/><W72/><G72/><T131/><D12/><U23/><E1/><V63/><F42/><W120/><G120/><T96/><D131/><U39/><E39/><V77/><REACH who="2" step="1"/><F102/><REACH who="2" ten="60,330,350,250" step="2"/><W34/><G34/><T90/><D103/><U22/><E117/><V115/><F115/><W78/><G78/><T11/><REACH who="0" step="1"/><D101/><REACH who="0" ten="50,330,350,250" step="2"/><U17/><E113/><V116/><F116/><W9/><G41/><T122/><D122/><U25/><E114/><V27/><F27/><W109/><G109/><T83/><D83/><N who="1" m="47463" /><E110/><V127/><F127/><W112/><G112/><T65/><AGARI ba="1,2" hai="4,5,6,11,13,16,57,62,65,81,87,90,96,99" machi="65" ten="30,8000,1" yaku="1,1,0,1,8,1,52,1,54,1,53,0" doraHai="59" doraHaiUra="20" who="0" fromWho="0" sc="50,103,330,-21,350,-41,250,-21" /><INIT seed="3,0,0,1,4,50" ten="153,309,309,229" oya="3" hai0="110,112,57,86,89,115,42,95,64,44,88,43,5" hai1="28,99,62,51,60,27,63,15,61,70,74,101,111" hai2="97,76,87,121,79,53,4,84,108,123,117,41,21" hai3="26,78,91,104,14,0,20,100,132,80,116,39,33"/><W113/><G113/><N who="0" m="43595" /><D5/><U54/><E74/><V134/><F117/><W130/><G116/><T96/><D110/><U107/><E111/><V122/><F108/><W12/><G0/><T8/><D8/><U36/><E36/><V90/><F134/><W118/><G118/><T47/><D64/><N who="1" m="41223" /><E15/><V16/><F41/><N who="0" m="15370" /><D57/><N who="1" m="34999" /><E51/><V52/><F97/><W56/><G39/><T77/><D77/><N who="2" m="29770" /><F4/><W75/><G132/><T45/><D86/><N who="2" m="32810" /><F90/><N who="0" m="34922" /><D96/><U17/><E17/><V105/><F105/><W25/><G104/><T67/><D67/><U69/><E69/><V126/><F126/><W1/><G91/><T127/><D95/><U66/><E66/><V38/><F38/><W32/><G78/><T35/><D35/><AGARI ba="0,0" hai="27,28,35,62,63,99,101,107" m="34999,41223" machi="35" ten="30,2000,0" yaku="25,1,52,1" doraHai="50" who="1" fromWho="0" sc="153,-20,309,20,309,0,229,0" owari="133,-36.7,329,42.9,309,10.9,229,-17.1" /></mjloggm>