<mjloggm ver="2.3"><GO type="225" lobby="0"/><UN n0="%E4%BF%BA%E3%81%A8%E5%A6%96%E5%A4%A2" n1="%E3%83%9D%E3%83%B3%E3%83%9D%E3%82%B3%E5%95%86%E4%BA%8B" n2="%E3%81%BF%E3%81%BF%E3%81%9A" n3="%E6%9D%BE%E6%9C%AC%E5%81%A5%E7%94%B7" dan="16,16,18,16" rate="2132.65,2112.28,2221.31,2201.05" sx="F,M,M,M"/><TAIKYOKU oya="0"/><INIT seed="0,0,0,0,0,120" ten="250,250,250,250" oya="0" hai0="31,105,101,110,76,77,34,23,11,4,65,118,84" hai1="0,15,7,72,134,10,122,97,86,50,111,33,73" hai2="106,55,83,27,5,24,90,49,64,60,100,29,92" hai3="127,45,46,43,18,93,128,82,94,75,16,123,88"/><T12/><D118/><U68/><E122/><V9/><F83/><W87/><G123/><T14/><D34/><U79/><E68/><V129/><F100/><W135/><G135/><T21/><D65/><U20/><E134/><V107/><F129/><W81/><G128/><T30/><D101/><U25/><E97/><V74/><F74/><W109/><G109/><T6/><D105/><U35/><E111/><V53/><F106/><W17/><G127/><T133/><D133/><U102/><E102/><V32/><F27/><W52/><G52/><T2/><D110/><U78/><E50/><V19/><F19/><W95/><REACH who="3" step="1"/><G43/><REACH who="3" ten="250,250,250,240" step="2"/><T131/><D131/><U70/><E70/><V104/><F55/><W71/><G71/><T132/><D132/><U130/><E130/><V51/><F64/><W121/><G121/><T28/><D84/><U103/><E86/><V115/><F115/><W62/><G62/><T89/><D77/><AGARI ba="0,1" hai="16,17,18,45,46,75,77,81,82,87,88,93,94,95" machi="77" ten="40,5200,0" yaku="1,1,54,2,53,0" doraHai="120" doraHaiUra="98" who="3" fromWho="0" sc="250,-52,250,0,250,0,240,62" /><INIT seed="1,0,0,2,4,104" ten="198,250,250,302" oya="1" hai0="4,114,42,17,108,49,44,35,98,23,3,116,123" hai1="1,131,24,62,127,39,32,66,38,10,74,8,107" hai2="112,97,59,16,77,73,19,88,34,72,130,9,113" hai3="71,60,92,124,54,36,68,94,63,29,12,6,78"/><U37/><E127/><V30/><F130/><W91/><G124/><T25/><D114/><N who="2" m="44138" /><F77/><W28/><G36/><T110/><D116/><U20/><E131/><V87/><F97/><W85/><G78/><T132/><D132/><U22/><E107/><V126/><F126/><W51/><G71/><T128/><D128/><U106/><E106/><V79/><F79/><W5/><G94/><T11/><D123/><U115/><E115/><V69/><F69/><W125/><G125/><T111/><D98/><U93/><E32/><AGARI ba="0,0" hai="3,4,11,17,23,25,32,35,42,44,49,108,110,111" machi="32" ten="40,1300,0" yaku="14,1" doraHai="104" who="0" fromWho="1" sc="198,13,250,-13,250,0,302,0" /><INIT seed="2,0,0,4,5,118" ten="211,237,250,302" oya="2" hai0="53,81,112,84,10,78,56,34,24,71,17,15,73" hai1="134,63,117,68,106,107,37,103,121,46,66,18,1" hai2="58,77,45,4,3,65,122,40,36,26,130,97,38" hai3="43,39,100,99,54,60,51,32,22,123,62,91,48"/><V25/><F36/><W94/><G32/><T125/><D112/><U76/><E117/><V12/><F122/><W11/><G39/><T92/><D71/><U69/><E134/><V7/><F130/><W104/><G123/><T64/><D125/><U42/><E69/><V72/><F12/><W19/><G11/><T90/><D64/><U95/><E1/><V70/><F7/><W124/><G43/><T132/><D132/><U21/><E76/><V79/><F79/><W61/><G124/><T57/><D34/><U129/><E129/><V52/><F97/><W135/><G54/><T33/><D33/><U35/><E35/><V31/><F31/><W0/><G0/><T16/><REACH who="0" step="1"/><D53/><REACH who="0" ten="201,237,250,302" step="2"/><U8/><E121/><V93/><F65/><W74/><G135/><T13/><D13/><U82/><E68/><V101/><F70/><W108/><G108/><T109/><D109/><U14/><E66/><V75/><F3/><W27/><REACH who="3" step="1"/><G74/><REACH who="3" ten="201,237,250,292" step="2"/><T111/><D111/><U105/><E42/><V85/><F75/><W88/><G88/><T98/><D98/><AGARI ba="0,2" hai="19,22,27,48,51,60,61,62,91,94,98,99,100,104" machi="98" ten="40,1300,0" yaku="1,1,53,0" doraHai="118" doraHaiUra="119" who="3" fromWho="0" sc="201,-13,237,0,250,0,292,33" /><INIT seed="3,0,0,4,4,69" ten="188,237,250,325" oya="3" hai0="16,93,133,20,113,70,9,44,63,67,50,35,36" hai1="109,99,85,33,77,86,14,61,127,134,30,27,106" hai2="18,135,72,37,68,21,121,132,65,87,116,88,107" hai3="3,31,2,110,80,91,15,49,100,102,115,117,10"/><W60/><G115/><T89/><D35/><U124/><E109/><V84/><F116/><W125/><G117/><T42/><D113/><U52/><E134/><N who="2" m="51243" /><F72/><W94/><G110/><T79/><D133/><U131/><E131/><V43/><F107/><W62/><G2/><T129/><D129/><U123/><E123/><V39/><F43/><W34/><G3/><T74/><D9/><U92/><E106/><V57/><F68/><W54/><G80/><T38/><D79/><U122/><E14/><N who="2" m="9431" /><F121/><W47/><G125/><N who="1" m="48202" /><E77/><V40/><F40/><W41/><G31/><T12/><D74/><U5/><E5/><V26/><F26/><W119/><G34/><T128/><D128/><U71/><E122/><V59/><F84/><AGARI ba="0,0" hai="12,16,20,36,38,42,44,50,63,67,70,84,89,93" machi="84" ten="30,7700,0" yaku="7,1,52,2,54,1" doraHai="69" who="0" fromWho="2" sc="188,77,237,0,250,-77,325,0" owari="265,6.5,237,-16.3,173,-32.7,325,42.5" /></mjloggm>