<mjloggm ver="2.3"><GO type="225" lobby="0"/><UN n0="%E3%80%90%E8%92%BC%E7%90%89%E3%80%91" n1="%E5%91%A8%E6%9D%B1" n2="%E3%83%A9%E3%82%B9%E7%8E%87%EF%BC%93%E5%89%B2" n3="%E5%A4%8F%E9%88%B4%E9%88%B4%E5%A4%8F" dan="16,17,16,16" rate="2152.20,2200.41,2193.45,2113.40" sx="F,M,F,F"/><TAIKYOKU oya="0"/><INIT seed="0,0,0,3,3,68" ten="250,250,250,250" oya="0" hai0="30,29,13,82,129,50,111,78,75,103,71,6,21" hai1="61,22,118,90,27,110,28,34,121,102,4,62,79" hai2="12,133,14,1,43,115,131,72,86,92,88,93,114" hai3="41,77,113,8,120,25,48,128,33,3,56,20,109"/><T23/><D71/><U122/><E118/><V42/><F1/><W73/><G113/><T105/><D129/><U91/><E110/><V26/><F72/><W46/><G109/><T127/><D111/><U123/><E102/><V31/><F131/><W112/><G112/><T81/><D127/><U106/><E106/><V7/><F133/><W108/><G108/><T40/><D81/><U74/><E4/><V66/><F66/><W16/><G128/><T10/><D103/><U70/><E34/><V5/><F26/><W17/><G120/><T24/><D105/><U47/><E79/><V124/><F86/><W89/><G33/><T52/><D40/><U57/><E74/><V54/><F54/><W18/><G56/><T99/><D99/><U38/><E70/><V94/><F94/><W35/><G35/><T87/><D75/><U100/><E100/><V9/><F9/><W2/><G89/><T135/><D135/><U60/><REACH who="1" step="1"/><E57/><REACH who="1" ten="250,240,250,250" step="2"/><V63/><F115/><W76/><G73/><T64/><D64/><U44/><E44/><V0/><F114/><W65/><G2/><T49/><D6/><U96/><E96/><V134/><F0/><W101/><G101/><T116/><D116/><U55/><E55/><V80/><F134/><W130/><G130/><T11/><D52/><U132/><E132/><V15/><F7/><N who="3" m="1151" /><G65/><T83/><D78/><U53/><E53/><V67/><F5/><W45/><G46/><T125/><D125/><U37/><E37/><V58/><F124/><W98/><G98/><T32/><D32/><U19/><E19/><N who="3" m="7242" /><G77/><T126/><D126/><RYUUKYOKU ba="0,1" sc="250,-15,240,15,250,-15,250,15" hai1="22,27,28,38,47,60,61,62,90,91,121,122,123" hai3="18,20,25,41,45,48,76" /><INIT seed="1,1,1,0,3,108" ten="235,255,235,265" oya="1" hai0="54,61,30,36,20,103,45,47,5,38,126,83,112" hai1="93,133,119,99,114,10,33,78,116,80,50,90,14" hai2="7,0,74,98,113,48,58,117,100,111,101,49,29" hai3="8,23,124,63,107,91,40,9,120,27,11,32,13"/><U127/><E33/><V21/><F117/><W1/><G120/><T70/><D126/><U132/><E127/><V15/><F74/><W71/><G107/><T118/><D118/><N who="1" m="45099" /><E50/><V18/><F111/><W82/><G124/><T84/><D103/><U89/><E14/><V122/><F122/><W95/><G32/><T52/><D5/><U94/><E10/><V81/><F101/><W115/><G1/><T86/><D112/><U125/><E125/><V131/><F81/><W41/><G82/><T64/><D30/><U135/><E114/><V44/><F113/><W123/><G13/><T77/><D20/><U19/><E19/><V60/><F7/><W105/><G105/><T55/><REACH who="0" step="1"/><D84/><REACH who="0" ten="225,255,235,265" step="2"/><N who="1" m="52391" /><E135/><V96/><F29/><W12/><G115/><T22/><D22/><U28/><E28/><V104/><F21/><W97/><G123/><T17/><D17/><U37/><E37/><AGARI ba="1,2" hai="36,37,38,45,47,52,54,55,61,64,70,77,83,86" machi="37" ten="40,8000,1" yaku="1,1,54,1,53,2" doraHai="108" doraHaiUra="43" who="0" fromWho="1" sc="225,103,255,-83,235,0,265,0" /><INIT seed="2,0,0,3,5,61" ten="328,172,235,265" oya="2" hai0="62,13,72,99,80,30,93,119,41,53,27,66,76" hai1="123,85,8,21,134,88,12,97,55,115,68,126,65" hai2="19,118,39,9,20,46,16,95,86,14,15,131,38" hai3="73,113,64,98,51,42,127,107,135,120,128,104,4"/><V124/><F118/><W114/><G120/><T71/><D119/><U117/><E115/><V112/><F112/><N who="3" m="43115" /><G73/><T75/><D41/><U31/><E123/><V10/><F131/><W22/><G128/><T102/><D13/><U52/><E117/><V44/><F124/><W83/><G127/><T91/><D53/><U96/><E126/><V3/><F20/><W6/><G64/><T92/><D72/><U130/><E130/><V47/><F3/><W82/><G22/><T56/><D56/><U87/><E87/><V103/><F86/><W111/><G111/><T101/><D92/><N who="1" m="54287" /><E134/><V81/><F81/><N who="3" m="30731" /><G135/><T24/><D24/><N who="1" m="16783" /><E68/><V26/><F26/><W28/><G28/><T0/><D0/><U23/><E23/><AGARI ba="0,0" hai="23,27,30,62,66,71,75,76,80,91,93,99,101,102" machi="23" ten="30,2000,0" yaku="7,1,52,1" doraHai="61" who="0" fromWho="1" sc="328,20,172,-20,235,0,265,0" /><INIT seed="3,0,0,3,1,54" ten="348,152,235,265" oya="3" hai0="5,51,101,45,127,117,32,2,15,94,132,39,7" hai1="42,111,108,95,131,17,37,55,12,50,19,13,107" hai2="109,31,62,4,24,69,129,28,85,36,134,30,46" hai3="118,96,18,119,77,87,99,68,128,64,102,16,82"/><W11/><G128/><T81/><D2/><U66/><E107/><V0/><F129/><W63/><G99/><T114/><D32/><U52/><E131/><V34/><F109/><W90/><G77/><T78/><D39/><U100/><E66/><V84/><F134/><W80/><G82/><T41/><D117/><U110/><E37/><V79/><F69/><W8/><G11/><T106/><D106/><U38/><E38/><V124/><F124/><W123/><G123/><T103/><D132/><U73/><E73/><V53/><F4/><W47/><G47/><T48/><D114/><U65/><E65/><V58/><F0/><W35/><G35/><T125/><D51/><U104/><E104/><V27/><F79/><W92/><G8/><N who="0" m="4495" /><D7/><U40/><E95/><V43/><REACH who="2" step="1"/><F31/><REACH who="2" ten="348,152,225,265" step="2"/><W115/><REACH who="3" step="1"/><G115/><REACH who="3" ten="348,152,225,255" step="2"/><T116/><D78/><U59/><E111/><V97/><F97/><W135/><G135/><T21/><D127/><U83/><E110/><V89/><F89/><W126/><G126/><T9/><D125/><U74/><E108/><V76/><F76/><W6/><G6/><T122/><D122/><U93/><E100/><V33/><AGARI ba="0,2" hai="24,27,28,30,33,34,36,43,46,53,58,62,84,85" machi="33" ten="20,8000,1" yaku="1,1,0,1,7,1,9,1,52,1,53,0" doraHai="54" doraHaiUra="120" who="2" fromWho="2" sc="348,-20,152,-20,225,100,255,-40" owari="328,42.8,132,-36.8,325,12.5,215,-18.5" /></mjloggm>