<mjloggm ver="2.3"><GO type="225" lobby="0"/><UN n0="%E3%81%82%E3%82%93%E3%81%AA%E3%81%A4" n1="%E3%81%A4%E3%81%A3%E3%81%B1%E3%82%8A%E3%83%9D%E3%83%BC%E3%83%AB" n2="%E9%A6%AC%E5%BC%95%E7%81%AB%33" n3="%E3%81%99%E3%81%84%E3%81%BE%E3%81%9B%E3%83%BC%E3%82%93" dan="17,17,16,18" rate="2202.39,2148.50,2145.49,2211.79" sx="M,M,M,M"/><TAIKYOKU oya="0"/><INIT seed="0,0,0,3,4,4" ten="250,250,250,250" oya="0" hai0="117,133,121,64,3,107,95,123,18,85,30,68,55" hai1="15,84,72,128,49,124,69,108,135,111,24,99,63" hai2="9,126,56,29,44,62,105,1,131,73,74,6,125" hai3="40,98,134,65,48,7,119,120,104,27,46,54,91"/><T132/><D107/><U83/><E135/><N who="0" m="51785" /><D117/><U5/><E128/><V66/><F131/><W130/><G134/><T39/><D39/><U122/><E122/><V103/><F29/><W76/><G130/><T17/><D3/><U2/><E124/><N who="2" m="47723" /><F44/><W58/><G119/><T14/><D30/><U53/><E72/><V102/><F105/><W78/><G120/><T36/><D36/><U70/><E2/><V59/><F56/><W89/><G65/><T10/><D55/><U97/><E24/><V82/><F73/><W51/><G7/><T61/><D18/><U80/><E63/><V0/><F1/><W26/><G104/><T35/><D35/><U96/><E15/><V116/><F116/><W87/><G98/><T127/><D127/><U20/><E5/><V67/><F67/><W57/><G58/><T113/><D113/><U43/><E70/><V42/><F42/><W19/><G19/><T41/><D41/><U93/><E43/><V23/><F23/><W22/><G22/><T47/><D47/><N who="1" m="27839" /><E69/><V115/><F115/><W90/><G26/><T38/><D38/><U106/><E20/><V71/><F71/><W11/><G27/><T31/><D31/><U100/><E106/><V37/><F37/><W88/><REACH who="3" step="1"/><G11/><REACH who="3" ten="250,250,250,240" step="2"/><T129/><D129/><U28/><E28/><V101/><F9/><W86/><G86/><T33/><D33/><U50/><E84/><V32/><F32/><W109/><G109/><N who="1" m="42058" /><E97/><V79/><F6/><W75/><G75/><T34/><D34/><U25/><E96/><V60/><F0/><W13/><G13/><T45/><D45/><RYUUKYOKU ba="0,1" sc="250,10,250,-30,250,10,240,10" hai0="10,14,17,61,64,68,85,95,121,123" hai2="59,60,62,66,74,79,82,101,102,103" hai3="40,46,48,51,54,57,76,78,87,88,89,90,91" /><INIT seed="0,1,1,5,2,129" ten="260,220,260,250" oya="0" hai0="40,114,60,94,80,23,102,15,122,24,12,13,56" hai1="73,89,2,55,72,48,36,7,74,45,54,8,109" hai2="34,20,18,49,77,100,28,47,82,43,83,86,78" hai3="76,132,1,87,32,81,117,111,135,38,123,108,31"/><T69/><D114/><U71/><E109/><N who="3" m="42058" /><G117/><T93/><D122/><U0/><E71/><V42/><F100/><W30/><G123/><T16/><D69/><U52/><E36/><V112/><F112/><W66/><G1/><T3/><D3/><U64/><E64/><V90/><F42/><W41/><G66/><T131/><D131/><U85/><REACH who="1" step="1"/><E2/><REACH who="1" ten="260,210,260,250" step="2"/><V119/><F119/><W97/><G38/><T22/><D40/><U62/><E62/><V128/><F128/><W11/><G41/><T37/><D37/><U98/><E98/><V68/><F68/><W58/><G97/><T14/><D102/><U96/><E96/><V26/><F83/><AGARI ba="1,2" hai="0,7,8,45,48,52,54,55,72,73,74,83,85,89" machi="83" ten="40,2600,0" yaku="1,1,54,1,53,0" doraHai="129" doraHaiUra="39" who="1" fromWho="2" sc="260,0,210,49,260,-29,250,0" /><INIT seed="1,0,0,1,1,85" ten="260,259,231,250" oya="1" hai0="107,101,111,117,30,11,121,125,32,23,130,47,59" hai1="58,27,19,89,84,123,82,39,129,127,33,4,70" hai2="31,25,26,64,95,98,29,133,45,108,72,132,71" hai3="57,104,62,35,37,20,77,120,76,15,16,91,106"/><U87/><E123/><V65/><F72/><W119/><G120/><T124/><D117/><U18/><E70/><V113/><F108/><W6/><G37/><T126/><D121/><U54/><E39/><V43/><F113/><W81/><G35/><T92/><D111/><U128/><E127/><V44/><F71/><W13/><G119/><T9/><D130/><N who="1" m="50283" /><E4/><V74/><F74/><W34/><G34/><T78/><D32/><U42/><E42/><V17/><F17/><W49/><G49/><T1/><D1/><U51/><E87/><V8/><F43/><W22/><G106/><T66/><D107/><U63/><E63/><V0/><F0/><W97/><G104/><T60/><D78/><U52/><E54/><V12/><F95/><N who="3" m="56575" /><G81/><T67/><D125/><U116/><E116/><V105/><F105/><W69/><G69/><T83/><D83/><U48/><E48/><V24/><F65/><N who="3" m="39119" /><G22/><T73/><D73/><U55/><E55/><V61/><F64/><W46/><G46/><N who="2" m="18025" /><F61/><W38/><G38/><T103/><D67/><U80/><E80/><V134/><F98/><W115/><G115/><T14/><D124/><U93/><E82/><V88/><F88/><W53/><G53/><T109/><D109/><U122/><E122/><V28/><F134/><W56/><G56/><T110/><D110/><U50/><E50/><V102/><F102/><W68/><G68/><T40/><D103/><U114/><E114/><V21/><F21/><W86/><G86/><T100/><D100/><U135/><E135/><V96/><F96/><W3/><G3/><T90/><D126/><RYUUKYOKU ba="0,0" sc="260,-30,259,10,231,10,250,10" hai1="18,19,27,33,51,52,58,84,89,93" hai2="8,12,24,25,26,28,29,31,132,133" hai3="6,13,15,16,20,76,77" /><INIT seed="1,1,0,5,3,16" ten="230,269,241,260" oya="1" hai0="31,83,12,109,116,53,123,45,99,112,51,23,68" hai1="77,19,104,75,42,48,82,100,118,47,120,29,128" hai2="49,11,72,7,106,5,76,124,30,55,115,81,93" hai3="44,90,10,92,132,110,126,89,133,62,1,27,103"/><U74/><E118/><V18/><F106/><W15/><G110/><T50/><D116/><U20/><E120/><V38/><F38/><W98/><G126/><T17/><D112/><U6/><E128/><V0/><F124/><W61/><G1/><T79/><D109/><U35/><E6/><V70/><F70/><W37/><G27/><T71/><D123/><U97/><E35/><V60/><F60/><N who="3" m="23147" /><G44/><T43/><D99/><U80/><E29/><V88/><F115/><W41/><G41/><T131/><D31/><U117/><E117/><V33/><F5/><N who="3" m="3535" /><G37/><T78/><D131/><U46/><E46/><V65/><F65/><W28/><G28/><T52/><D43/><U54/><E42/><V91/><F18/><W66/><G66/><T9/><D9/><U113/><E113/><V3/><F3/><W58/><G58/><N who="0" m="33079" /><D68/><U59/><E59/><V73/><F73/><W114/><G114/><T14/><D71/><U63/><E63/><V85/><F30/><W40/><G40/><T36/><D36/><U86/><REACH who="1" step="1"/><E82/><REACH who="1" ten="230,259,241,260" step="2"/><V105/><F33/><W96/><G133/><T13/><D83/><U34/><E34/><V102/><F81/><W67/><G132/><T122/><D122/><U101/><E101/><V8/><F102/><N who="3" m="60679" /><G67/><T25/><AGARI ba="1,1" hai="12,13,14,17,23,25,45,51,52,78,79" m="33079" machi="25" ten="30,4000,0" yaku="8,1,52,1,54,1" doraHai="16" who="0" fromWho="0" sc="230,53,259,-21,241,-11,260,-11" /><INIT seed="2,0,0,5,2,73" ten="283,238,230,249" oya="2" hai0="54,11,127,4,69,9,122,60,42,121,37,53,88" hai1="79,99,2,98,128,7,18,19,10,45,40,5,1" hai2="26,113,58,36,46,23,95,43,107,100,118,68,55" hai3="115,78,102,12,129,15,56,111,119,24,94,123,117"/><V30/><F118/><W87/><G123/><T131/><D131/><U17/><E128/><V103/><F113/><W22/><G129/><T6/><D127/><U50/><REACH who="1" step="1"/><E79/><REACH who="1" ten="283,228,230,249" step="2"/><V93/><F68/><W76/><G119/><T14/><D69/><U39/><E39/><V92/><REACH who="2" step="1"/><F107/><REACH who="2" ten="283,228,220,249" step="2"/><W85/><G117/><T32/><D121/><U126/><E126/><V44/><F44/><W109/><G115/><T51/><D122/><U114/><E114/><V67/><F67/><W133/><G111/><T96/><D37/><U132/><E132/><V8/><F8/><AGARI ba="0,2" hai="1,2,5,7,8,10,17,18,19,40,45,50,98,99" machi="8" ten="40,2600,0" yaku="1,1,9,1,53,0" doraHai="73" doraHaiUra="49" who="1" fromWho="2" sc="283,0,228,46,220,-26,249,0" /><INIT seed="3,0,0,4,2,128" ten="283,274,194,249" oya="3" hai0="135,6,41,48,37,134,22,125,43,11,10,121,31" hai1="88,92,62,34,66,85,100,50,132,59,86,69,54" hai2="19,124,110,78,93,39,56,44,13,26,114,40,42" hai3="94,123,20,79,45,74,109,99,8,119,126,129,29"/><W16/><G119/><T113/><D121/><U101/><E132/><N who="0" m="50729" /><D125/><U61/><E34/><V12/><F114/><W127/><G123/><T53/><D37/><U35/><E35/><V84/><F124/><W60/><G129/><T63/><D63/><U97/><E86/><V51/><F110/><W108/><G99/><T27/><D113/><U105/><E101/><V7/><F7/><W131/><G60/><T38/><D38/><U28/><E28/><V64/><F64/><W68/><G29/><T47/><D11/><U98/><E98/><V122/><F122/><W83/><G8/><T9/><D9/><U14/><E14/><AGARI ba="0,0" hai="6,10,14,22,27,31,41,43,47,48,53" m="50729" machi="14" ten="30,7700,0" yaku="20,1,52,3" doraHai="128" who="0" fromWho="1" sc="283,77,274,-77,194,0,249,0" owari="360,46.0,197,-20.3,194,-30.6,249,4.9" /></mjloggm>