<mjloggm ver="2.3"><GO type="225" lobby="0"/><UN n0="%E6%9C%88%E5%B3%B6%E5%9F%BA" n1="%70%68%65%6E%6F%6D%65" n2="%E3%83%96%E3%83%83%E3%83%91%E3%82%AA%E3%83%96%E3%83%81%E3%82%AD%E3%83%B3" n3="%E3%81%8B%E3%82%8F%E3%81%A1%E3%82%83%E3%82%93%35%38" dan="18,16,16,16" rate="2232.56,2190.17,2132.53,2151.51" sx="M,M,M,M"/><TAIKYOKU oya="0"/><INIT seed="0,0,0,0,3,105" ten="250,250,250,250" oya="0" hai0="84,55,79,123,61,25,93,35,71,99,132,16,108" hai1="13,69,7,96,53,78,73,88,119,19,11,76,6" hai2="33,15,2,111,26,120,126,118,63,23,97,70,60" hai3="62,87,124,95,100,37,4,28,40,20,14,12,1"/><T8/><D123/><U17/><E119/><V34/><F120/><W46/><G124/><T125/><D125/><U57/><E69/><V82/><F126/><W94/><G1/><T80/><D132/><U9/><E17/><V98/><F2/><W44/><G62/><N who="2" m="23593" /><F34/><W90/><G4/><T10/><D108/><U112/><E112/><V116/><F70/><W113/><G113/><T24/><D35/><U5/><E11/><V114/><F114/><W130/><G130/><T42/><D42/><U49/><REACH who="1" step="1"/><E73/><REACH who="1" ten="250,240,250,250" step="2"/><V117/><F111/><W32/><G28/><T72/><D72/><U50/><E50/><V86/><F117/><W51/><G51/><T81/><D71/><U121/><E121/><V101/><F118/><W3/><G37/><T27/><D16/><U18/><E18/><V58/><F116/><W22/><G3/><T65/><D10/><U64/><E64/><V39/><F39/><W109/><G109/><T83/><D8/><U131/><E131/><V127/><F127/><W0/><G0/><T31/><D65/><U43/><E43/><V134/><F134/><W92/><G40/><T107/><D31/><U47/><E47/><V133/><F133/><W115/><G115/><T77/><D55/><U38/><E38/><V103/><F15/><W48/><G12/><T52/><D52/><U29/><E29/><V91/><F58/><W67/><G14/><T106/><D61/><U59/><E59/><V128/><F128/><W135/><G135/><T110/><D110/><U68/><E68/><V30/><F23/><W41/><G67/><T122/><D122/><RYUUKYOKU ba="0,1" sc="250,-15,240,15,250,15,250,-15" hai1="5,6,7,9,13,19,49,53,57,76,78,88,96" hai2="26,30,33,82,86,91,97,98,101,103" /><INIT seed="1,1,1,1,4,98" ten="235,255,265,235" oya="1" hai0="46,100,9,104,134,27,13,54,65,124,48,102,16" hai1="129,111,25,135,132,110,75,94,7,10,81,93,117" hai2="108,78,15,109,40,12,8,86,114,97,23,74,58" hai3="44,34,101,64,31,107,49,43,22,67,96,99,1"/><U80/><E117/><V45/><F114/><W82/><G1/><T84/><D124/><U123/><E123/><V56/><F74/><W133/><G34/><T128/><D104/><U50/><E50/><N who="2" m="26919" /><F23/><W106/><G133/><N who="1" m="51274" /><E25/><V72/><F72/><W92/><G82/><N who="1" m="31850" /><E75/><V28/><F28/><W113/><G113/><T90/><D128/><U131/><E94/><V32/><F32/><W39/><G39/><T77/><D77/><U55/><E55/><V26/><F78/><W121/><G121/><T29/><D65/><U115/><E115/><V95/><F86/><W38/><G38/><T57/><D46/><U61/><E61/><V63/><F26/><W120/><G120/><T41/><D41/><U47/><E47/><V4/><F63/><W83/><G83/><N who="0" m="49439" /><D134/><U35/><E35/><V42/><F42/><W5/><G107/><T2/><D2/><N who="1" m="375" /><E93/><V69/><F15/><W87/><G87/><T36/><D36/><U52/><E52/><V112/><F112/><W33/><G33/><T103/><D27/><U79/><E79/><V119/><F95/><W60/><G106/><T116/><D116/><U125/><E125/><V19/><F119/><W37/><G37/><T71/><D71/><U126/><E126/><V24/><F69/><N who="3" m="42119" /><G67/><T30/><AGARI ba="1,1" hai="9,13,16,29,30,48,54,57,100,102,103" m="49439" machi="30" ten="30,8000,1" yaku="8,1,52,3,54,1" doraHai="98" who="0" fromWho="0" sc="235,93,255,-41,265,-21,235,-21" /><INIT seed="2,0,0,5,1,88" ten="328,214,244,214" oya="2" hai0="63,27,56,86,82,100,33,79,84,95,120,85,101" hai1="38,6,17,112,49,90,77,128,11,35,98,83,91" hai2="135,60,104,106,111,71,80,115,3,69,39,42,75" hai3="108,22,23,28,94,102,31,93,58,61,107,125,68"/><V46/><F115/><W16/><G68/><T99/><D120/><U9/><E38/><V73/><F135/><W13/><G107/><T19/><D101/><U72/><E112/><V7/><F111/><W5/><G125/><T25/><D33/><U130/><E35/><V2/><F75/><W41/><G108/><T43/><D43/><U116/><E116/><V132/><F132/><W114/><G114/><T103/><D103/><U14/><E49/><V97/><F97/><N who="3" m="59695" /><G41/><T89/><D19/><U37/><E37/><V62/><F62/><W81/><G5/><T110/><D110/><U123/><E123/><V134/><F134/><W76/><G23/><T70/><D70/><U96/><E98/><V0/><F7/><W129/><G129/><N who="1" m="49770" /><E96/><V1/><N who="2" m="0" /><DORA hai="47" /><V109/><F109/><W4/><G4/><T57/><D86/><U8/><E6/><V45/><F45/><W30/><G94/><N who="0" m="58487" /><D57/><U74/><E74/><V36/><F36/><W124/><G124/><T121/><D121/><U133/><E133/><V52/><F71/><W66/><G81/><T32/><D32/><U122/><E122/><V78/><REACH who="2" step="1"/><F69/><REACH who="2" ten="328,214,234,214" step="2"/><W48/><G48/><T65/><AGARI ba="0,1" hai="25,27,56,63,65,79,82,84,85,89,95" m="58487" machi="65" ten="30,4000,0" yaku="8,1,52,2" doraHai="88,47" who="0" fromWho="0" sc="328,50,214,-10,234,-20,214,-10" /><INIT seed="3,0,0,5,1,79" ten="378,204,214,204" oya="3" hai0="65,96,88,46,51,89,93,59,45,15,60,18,20" hai1="72,102,48,111,121,42,55,69,35,116,133,3,61" hai2="132,80,73,47,19,71,85,31,50,92,16,53,17" hai3="87,108,123,129,54,107,97,82,77,5,6,58,7"/><W75/><G123/><T27/><D89/><U13/><E3/><V99/><F132/><W40/><G129/><T112/><D112/><U90/><E35/><V8/><F71/><W2/><G108/><T118/><D118/><U11/><E72/><V109/><F109/><W49/><G40/><N who="0" m="24999" /><D46/><N who="1" m="25687" /><E69/><V135/><F135/><W68/><G68/><T36/><D36/><U70/><E70/><V4/><F73/><W33/><G33/><T104/><D104/><U38/><E38/><V115/><F115/><W125/><G125/><T56/><D56/><N who="1" m="34975" /><E121/><V106/><F106/><W105/><G2/><T67/><D15/><U1/><E1/><V43/><F31/><W117/><G117/><T128/><D128/><U57/><E116/><V86/><F43/><W9/><G97/><T64/><AGARI ba="0,0" hai="18,20,27,59,60,64,65,67,88,93,96" m="24999" machi="64" ten="30,2000,0" yaku="8,1,54,1" doraHai="79" who="0" fromWho="0" sc="378,20,204,-5,214,-5,204,-10" owari="398,49.8,199,-20.1,209,0.9,194,-30.6" /></mjloggm>