<mjloggm ver="2.3"><GO type="225" lobby="0"/><UN n0="%E3%83%96%E3%83%83%E3%83%91%E3%82%AA%E3%83%96%E3%83%81%E3%82%AD%E3%83%B3" n1="%E9%A6%AC%E5%BC%95%E7%81%AB%33" n2="%E6%80%AA%E3%81%97%E3%81%99%E3%81%8E%E3%82%8B%E3%83%81%E3%83%BC" n3="%E3%81%95%E3%81%8D%E3%81%9F%E3%81%BE%E6%9E%97%E6%AA%8E" dan="16,16,16,16" rate="2154.75,2074.82,2070.74,2143.91" sx="M,M,M,M"/><TAIKYOKU oya="0"/><INIT seed="0,0,0,1,3,90" ten="250,250,250,250" oya="0" hai0="127,99,28,92,77,100,42,122,49,3,79,98,80" hai1="112,17,109,135,37,46,96,36,95,132,32,93,56" hai2="64,44,68,13,83,63,126,45,75,43,120,88,30" hai3="134,104,116,78,106,27,121,84,129,128,23,85,125"/><T61/><D122/><U60/><E32/><V91/><F120/><W41/><G41/><T38/><D127/><U10/><E109/><V21/><F126/><W14/><G121/><T57/><D3/><U25/><E112/><V73/><F44/><W48/><G116/><T47/><D28/><U105/><E105/><V2/><F2/><W34/><G34/><T6/><D6/><U26/><E96/><V1/><F1/><W54/><G125/><T131/><D131/><N who="3" m="50249" /><G134/><N who="1" m="51242" /><E10/><V7/><F7/><W76/><G14/><T102/><D80/><U89/><E89/><V66/><F66/><W19/><G85/><T11/><D11/><U87/><E87/><V74/><F83/><N who="3" m="47207" /><G78/><T31/><D31/><U24/><E17/><V108/><F108/><W114/><G114/><T119/><D38/><N who="1" m="14955" /><E46/><AGARI ba="0,0" hai="19,23,27,46,48,54,104,106" m="47207,50249" machi="46" ten="30,1000,0" yaku="19,1" doraHai="90" who="3" fromWho="1" sc="250,0,250,-10,250,0,250,10" /><INIT seed="1,0,0,5,1,83" ten="250,240,250,260" oya="1" hai0="6,11,86,65,99,67,129,78,39,29,110,116,46" hai1="66,130,47,8,33,9,59,51,112,90,31,23,16" hai2="2,26,15,111,81,104,132,54,20,106,44,107,22" hai3="109,133,79,134,38,87,113,27,80,75,74,45,36"/><U41/><E112/><V108/><F2/><W125/><G109/><N who="2" m="42057" /><F132/><N who="3" m="50795" /><G113/><T34/><D116/><U28/><E130/><V56/><F44/><W18/><G125/><T124/><D129/><U71/><E71/><V98/><F81/><W21/><G45/><T37/><D110/><U95/><E66/><V25/><F98/><W3/><G3/><T123/><D124/><U1/><E59/><V84/><F84/><W17/><G17/><T0/><D123/><U61/><E61/><N who="2" m="35991" /><F15/><W43/><G43/><T103/><D39/><AGARI ba="0,0" hai="18,21,27,36,38,39,74,75,79,80,87" m="50795" machi="39" ten="30,2000,0" yaku="20,1,52,1" doraHai="83" who="3" fromWho="0" sc="250,-20,240,0,250,0,260,20" /><INIT seed="2,0,0,0,4,36" ten="230,240,250,280" oya="2" hai0="123,79,97,92,1,86,63,21,28,38,81,108,118" hai1="41,112,124,19,101,102,56,132,74,89,125,50,98" hai2="78,110,95,12,58,8,115,66,24,71,91,13,128" hai3="127,17,22,135,83,70,11,129,34,131,64,23,104"/><V25/><F115/><W113/><G104/><T94/><D123/><U33/><E112/><V35/><F71/><W49/><G34/><T90/><D108/><U122/><E132/><V105/><F105/><W133/><G113/><T39/><D118/><U65/><E122/><V18/><F110/><W111/><G111/><T93/><D1/><U53/><E74/><V47/><F128/><N who="3" m="49227" /><G83/><T2/><D2/><U73/><E73/><V106/><F106/><W37/><G37/><T68/><D68/><U72/><E72/><V3/><F3/><W5/><G49/><T114/><D114/><U29/><E65/><V10/><F35/><W100/><G100/><T130/><D130/><U116/><E116/><V61/><F47/><W44/><G44/><T4/><D4/><U60/><E102/><V32/><F78/><W48/><G48/><T120/><D120/><U75/><E75/><V77/><F77/><W16/><G64/><T85/><D63/><U45/><E89/><V87/><REACH who="2" step="1"/><F32/><REACH who="2" ten="230,240,240,280" step="2"/><W62/><G70/><T20/><D79/><U0/><E0/><V7/><AGARI ba="0,1" hai="7,8,10,12,13,18,24,25,58,61,66,87,91,95" machi="7" ten="20,12000,1" yaku="1,1,2,1,0,1,7,1,8,1,53,0" doraHai="36" doraHaiUra="103" who="2" fromWho="2" sc="230,-40,240,-40,240,130,280,-40" /><INIT seed="2,1,0,3,1,13" ten="190,200,370,240" oya="2" hai0="66,133,11,102,35,65,134,1,40,53,29,37,73" hai1="58,22,7,121,33,32,72,94,12,10,61,122,43" hai2="99,129,5,88,107,83,49,47,67,50,59,125,6" hai3="103,97,14,64,131,54,28,98,126,3,104,51,74"/><V71/><F71/><W87/><G131/><T20/><D73/><U41/><E72/><V115/><F115/><W108/><G126/><T101/><D35/><N who="1" m="13387" /><E22/><V56/><F107/><W111/><G3/><T112/><D112/><U36/><E94/><N who="2" m="56775" /><F129/><W95/><G74/><T81/><D81/><U86/><E86/><V24/><F125/><W93/><G64/><N who="0" m="24683" /><D29/><U96/><E96/><V124/><F124/><W132/><G132/><N who="0" m="50795" /><D20/><U114/><E36/><V8/><F83/><W84/><G28/><T30/><D30/><U68/><E68/><V70/><F70/><W91/><G104/><T39/><D53/><N who="1" m="33999" /><E114/><V89/><F24/><W44/><G87/><T116/><D116/><U78/><E78/><V0/><F0/><W34/><G34/><T130/><D130/><U18/><E7/><V9/><F89/><W19/><REACH who="3" step="1"/><G84/><REACH who="3" ten="190,200,370,230" step="2"/><T77/><D1/><U46/><E46/><V80/><F47/><W27/><G27/><T119/><D119/><U69/><E69/><V17/><F67/><W52/><G52/><T82/><D40/><U90/><E41/><V23/><F80/><W135/><G135/><T85/><D82/><U4/><E43/><V117/><F117/><W123/><G123/><T105/><D85/><U38/><E121/><V100/><F6/><W118/><G118/><T42/><D42/><U16/><E122/><V79/><F5/><W21/><AGARI ba="1,1" hai="14,19,21,44,51,54,91,93,95,97,98,103,108,111" machi="21" ten="30,4000,0" yaku="1,1,0,1,52,1,53,0" doraHai="13" doraHaiUra="128" who="3" fromWho="3" sc="190,-11,200,-11,370,-21,230,53" /><INIT seed="3,0,0,4,1,67" ten="179,189,349,283" oya="3" hai0="53,51,10,100,131,127,111,4,78,9,50,11,6" hai1="132,134,52,128,42,118,41,133,13,95,89,98,96" hai2="27,26,80,115,7,135,49,113,38,79,19,3,5" hai3="94,64,25,33,48,84,71,110,87,75,18,16,77"/><W36/><G36/><T83/><D111/><U123/><E128/><V92/><F38/><W30/><G75/><T117/><D117/><U8/><E123/><V104/><F104/><W28/><G28/><T65/><D131/><U86/><E118/><V88/><F135/><W29/><G29/><T105/><D127/><U22/><E22/><N who="2" m="13663" /><F3/><W102/><G77/><T17/><D105/><U90/><E52/><V45/><F27/><W20/><G48/><T14/><D100/><U85/><E85/><N who="2" m="48287" /><F115/><W57/><G71/><T24/><D65/><U106/><E106/><V2/><F2/><W124/><G33/><T107/><D107/><U129/><E129/><V54/><F113/><W93/><G124/><T0/><D24/><U60/><E86/><AGARI ba="0,0" hai="5,7,45,49,54,86,88,92" m="48287,13663" machi="86" ten="30,2000,0" yaku="8,1,54,1" doraHai="67" who="2" fromWho="1" sc="179,0,189,-20,349,20,283,0" owari="179,-22.1,169,-33.1,369,46.9,283,8.3" /></mjloggm>