<mjloggm ver="2.3"><GO type="225" lobby="0"/><UN n0="%E9%A6%AC%E5%BC%95%E7%81%AB%33" n1="%E9%BB%99%E8%81%B4%E3%81%AE%E3%81%99%E3%82%9D%E3%82%81" n2="%E7%99%BD%E5%80%89%E5%AF%9B%E4%B9%8B" n3="%E5%85%88%E7%89%A9%E3%81%AF%74%72%61%73%68" dan="16,16,16,17" rate="2113.49,2046.28,2194.45,2154.91" sx="M,M,M,M"/><TAIKYOKU oya="0"/><INIT seed="0,0,0,2,4,52" ten="250,250,250,250" oya="0" hai0="111,126,124,14,36,67,114,100,78,35,28,18,56" hai1="20,22,64,85,46,50,68,53,107,93,24,16,4" hai2="73,87,47,127,75,125,5,135,8,74,110,13,38" hai3="131,94,103,106,6,115,33,95,65,96,34,116,112"/><T101/><D114/><U71/><E107/><V118/><F110/><W60/><G116/><T66/><D36/><U41/><E4/><V11/><F118/><W82/><G131/><T69/><D69/><U44/><E64/><N who="0" m="24617" /><D78/><U99/><E85/><V37/><F135/><W133/><G133/><T98/><D35/><U27/><E46/><V132/><F132/><W7/><G82/><T70/><D70/><U29/><REACH who="1" step="1"/><E53/><REACH who="1" ten="250,240,250,250" step="2"/><V88/><F47/><W130/><G6/><T109/><D98/><U57/><E57/><V54/><F54/><W58/><G7/><T104/><D56/><U31/><E31/><V90/><F87/><W81/><G115/><T122/><D28/><U43/><E43/><V91/><REACH who="2" step="1"/><F11/><REACH who="2" ten="250,240,240,250" step="2"/><W3/><G112/><T40/><D122/><U102/><AGARI ba="0,2" hai="16,20,22,24,27,29,41,44,50,68,71,93,99,102" machi="102" ten="20,5200,0" yaku="1,1,0,1,7,1,54,1,53,0" doraHai="52" doraHaiUra="62" who="1" fromWho="1" sc="250,-26,240,72,240,-13,250,-13" /><INIT seed="1,0,0,1,3,64" ten="224,312,227,237" oya="1" hai0="13,2,130,120,68,11,18,17,46,117,108,87,71" hai1="43,75,55,131,23,92,70,124,76,7,100,59,15" hai2="110,47,61,86,22,104,56,90,44,33,52,133,132" hai3="24,119,34,28,91,114,14,88,25,31,72,105,116"/><U103/><E131/><V63/><F33/><W0/><G114/><T121/><D117/><N who="3" m="45129" /><G0/><T21/><D130/><U60/><E124/><V39/><F104/><W66/><G72/><T83/><D108/><U36/><E75/><V29/><F110/><W53/><G105/><T93/><D93/><U99/><E76/><V118/><F118/><W106/><G106/><T19/><D2/><U48/><E36/><V127/><F127/><W51/><G66/><T1/><D1/><U45/><E70/><N who="0" m="26665" /><D21/><U30/><E7/><V80/><F63/><W125/><G14/><T10/><D10/><U77/><E77/><V73/><F73/><W65/><G65/><T5/><D5/><U96/><E96/><V78/><F78/><W38/><G38/><T40/><D83/><U84/><E84/><V98/><F98/><W16/><G125/><T101/><D101/><N who="1" m="60647" /><E15/><V123/><F123/><N who="0" m="47178" /><D87/><U12/><E12/><V79/><F39/><AGARI ba="0,0" hai="11,13,17,18,19,39,40,46" m="47178,26665" machi="39" ten="30,7700,0" yaku="13,1,52,3" doraHai="64" who="0" fromWho="2" sc="224,77,312,0,227,-77,237,0" /><INIT seed="2,0,0,0,0,110" ten="301,312,150,237" oya="2" hai0="32,63,25,107,88,72,99,54,95,77,91,7,3" hai1="34,28,129,81,106,30,22,65,92,118,52,26,36" hai2="85,49,27,56,133,21,13,90,97,38,87,124,46" hai3="15,69,125,86,70,78,33,128,67,19,93,47,83"/><V101/><F133/><W37/><G33/><T48/><D107/><U74/><E118/><V23/><F124/><W108/><G108/><T0/><D7/><U14/><E106/><V24/><F38/><W59/><G125/><T123/><D123/><U11/><E36/><V112/><F112/><W120/><G120/><T126/><D126/><U51/><E129/><V100/><F56/><W105/><G105/><T103/><D63/><U35/><E65/><V12/><F97/><W6/><G6/><T119/><D119/><U89/><E30/><V53/><F49/><W76/><G76/><T84/><D72/><U10/><E10/><V82/><F53/><W62/><G128/><T121/><D77/><U68/><E68/><V55/><F55/><W29/><G29/><T58/><D121/><U135/><E74/><V102/><F46/><W104/><G104/><T18/><D103/><U111/><E135/><V20/><REACH who="2" step="1"/><F87/><REACH who="2" ten="301,312,140,237" step="2"/><W80/><G47/><T134/><D134/><U42/><E111/><V71/><F71/><W132/><G37/><T115/><D115/><U79/><E42/><V4/><F4/><W17/><G132/><T109/><D109/><U98/><E51/><V113/><F113/><W43/><G70/><T66/><D66/><U114/><E52/><V31/><F31/><W2/><G67/><T130/><D130/><U96/><E96/><V16/><F16/><W40/><G17/><T60/><D48/><U116/><E114/><V9/><F9/><W41/><G69/><T50/><D50/><U127/><E127/><V57/><F57/><W75/><G59/><RYUUKYOKU ba="0,1" sc="301,-10,312,-10,140,30,237,-10" hai2="12,13,20,21,23,24,27,82,85,90,100,101,102" /><INIT seed="2,1,1,1,1,125" ten="291,302,170,227" oya="2" hai0="90,71,3,11,4,35,121,123,43,72,107,21,49" hai1="17,118,89,38,109,54,18,111,45,42,40,41,33" hai2="84,80,65,101,133,6,32,129,120,66,110,77,124" hai3="39,130,105,99,29,60,85,126,52,117,25,67,13"/><V47/><F32/><W135/><G117/><T8/><D21/><U10/><E33/><V34/><F34/><W58/><G126/><T53/><D90/><U128/><E118/><V23/><F124/><W104/><G135/><T70/><D53/><U61/><E128/><V92/><F120/><W78/><G39/><T48/><D48/><N who="1" m="28943" /><E38/><V87/><F133/><W1/><G1/><N who="0" m="15" /><D49/><U55/><E10/><V76/><F110/><N who="1" m="41993" /><E89/><V79/><F6/><W119/><G119/><T102/><D43/><U95/><E95/><V7/><F7/><W88/><G130/><T22/><D22/><U74/><E74/><V114/><F129/><W46/><G104/><T131/><D131/><U86/><E86/><N who="2" m="32811" /><F114/><W24/><G105/><T0/><D35/><U16/><E55/><V82/><F47/><W96/><G46/><T12/><D72/><U14/><E61/><V94/><F23/><W75/><G75/><T81/><D0/><U69/><E69/><N who="0" m="26121" /><D3/><U26/><E14/><V91/><F91/><W134/><G13/><T59/><D59/><U62/><E62/><V20/><F20/><AGARI ba="1,1" hai="16,17,18,20,26,40,41,42" m="41993,28943" machi="20" ten="30,2000,0" yaku="14,1,54,1" doraHai="125" who="1" fromWho="2" sc="291,0,302,33,170,-23,227,0" /><INIT seed="3,0,0,4,1,86" ten="291,335,147,227" oya="3" hai0="74,2,125,6,67,123,103,38,19,22,79,18,70" hai1="23,5,84,8,57,127,121,53,46,106,90,135,65" hai2="93,44,100,37,59,11,34,97,110,120,85,64,24" hai3="122,25,134,130,80,21,50,35,69,9,88,58,111"/><W10/><G122/><T42/><D123/><U32/><E32/><V0/><F120/><W17/><G69/><T98/><D125/><U78/><E121/><V3/><F110/><W13/><G134/><T118/><D118/><U108/><E106/><V30/><F37/><W27/><G130/><T39/><D67/><U15/><E108/><V115/><F115/><W51/><G111/><T89/><D70/><U33/><E33/><V87/><F44/><W114/><G114/><T102/><D102/><U83/><E127/><V26/><F26/><N who="3" m="9739" /><G35/><T94/><D103/><U91/><E135/><V48/><F48/><N who="3" m="18475" /><G58/><T77/><D77/><U28/><E65/><V1/><F11/><W128/><G128/><T68/><D68/><U92/><E92/><V96/><F96/><W99/><G80/><N who="0" m="45175" /><D22/><U113/><E46/><V82/><F82/><W4/><G4/><T71/><D71/><U112/><E112/><V54/><F54/><W129/><G129/><T124/><D124/><U133/><E133/><V105/><F105/><W16/><G17/><T52/><D52/><U56/><E56/><V109/><F109/><W20/><G20/><T81/><D81/><U60/><E113/><V36/><F36/><W72/><G72/><T75/><D75/><U45/><E45/><V63/><REACH who="2" step="1"/><F34/><REACH who="2" ten="291,335,137,227" step="2"/><W62/><G62/><T104/><D104/><U7/><E60/><V29/><F29/><W31/><G31/><T131/><D131/><U49/><E28/><V126/><F126/><W66/><G9/><N who="0" m="2263" /><D38/><U117/><E8/><V132/><F132/><W73/><G10/><T55/><D55/><RYUUKYOKU ba="0,1" sc="291,15,335,-15,137,15,227,-15" hai0="18,19,39,42,89,94,98" hai2="0,1,3,24,30,59,63,64,85,87,93,97,100" owari="306,10.6,330,43.0,152,-34.8,212,-18.8" /></mjloggm>