<mjloggm ver="2.3"><GO type="225" lobby="0"/><UN n0="%E5%91%A8%E6%9D%B1" n1="%E3%81%8B%E3%82%8F%E3%81%A1%E3%82%83%E3%82%93%35%38" n2="%72%69%6F%75%63%68%61%6E" n3="%E3%83%B4%E3%83%A0%EF%BC%99%E3%81%A6" dan="16,16,16,17" rate="2199.32,2194.99,2111.59,2160.17" sx="M,M,M,M"/><TAIKYOKU oya="0"/><INIT seed="0,0,0,1,0,41" ten="250,250,250,250" oya="0" hai0="130,90,21,64,57,68,132,73,55,113,109,84,97" hai1="106,39,19,4,128,56,95,3,15,6,85,96,49" hai2="92,126,27,112,135,61,62,53,125,87,45,111,10" hai3="20,76,119,117,131,78,58,122,50,7,65,93,124"/><T29/><D113/><U83/><E39/><V77/><F111/><W34/><G34/><T23/><D73/><U52/><E106/><V116/><F135/><W103/><G124/><N who="2" m="47721" /><F112/><W72/><G131/><T133/><D130/><U16/><E3/><V51/><F116/><W86/><G72/><T26/><D109/><U123/><E123/><V9/><F27/><W108/><G108/><T75/><D75/><U94/><E128/><V82/><F92/><N who="1" m="35369" /><E96/><V37/><F37/><W102/><G7/><N who="1" m="2602" /><E15/><V40/><F40/><W98/><G103/><T81/><D97/><U12/><E12/><V31/><F31/><W60/><G122/><T46/><D68/><U129/><E129/><V71/><F71/><W28/><G119/><T54/><D21/><U70/><E70/><V30/><F30/><W114/><G114/><T120/><D120/><U104/><E104/><V67/><F67/><W107/><G107/><T80/><D64/><U89/><AGARI ba="0,0" hai="16,19,49,52,56,83,85,89" m="2602,35369" machi="89" ten="30,4000,0" yaku="8,1,54,2" doraHai="41" who="1" fromWho="1" sc="250,-20,250,40,250,-10,250,-10" /><INIT seed="1,0,0,2,5,82" ten="230,290,240,240" oya="1" hai0="46,14,15,8,23,105,31,33,125,11,94,106,73" hai1="79,121,103,96,18,48,135,115,45,50,2,38,54" hai2="5,77,124,80,93,72,35,101,32,117,67,104,74" hai3="119,112,58,84,86,133,29,27,41,114,56,129,87"/><U17/><E121/><V61/><F117/><W9/><G119/><T91/><D33/><U22/><E115/><V47/><F124/><W42/><G112/><T71/><D71/><U26/><E135/><V90/><F72/><W59/><G114/><T100/><D73/><U69/><E69/><V110/><F110/><W39/><G133/><T7/><D125/><U116/><E116/><V34/><F5/><W126/><G126/><T16/><D100/><U24/><E2/><V6/><F6/><W10/><G129/><T83/><D83/><U66/><E66/><V98/><F47/><W13/><G39/><T85/><REACH who="0" step="1"/><D46/><REACH who="0" ten="220,290,240,240" step="2"/><U134/><E134/><V51/><F51/><W99/><G99/><T60/><D60/><U44/><E38/><V20/><F20/><N who="3" m="15591" /><G9/><T127/><D127/><U12/><E45/><V128/><F128/><W57/><N who="3" m="14336" /><DORA hai="62" /><W76/><G76/><T123/><D123/><U88/><E79/><V75/><F74/><W111/><G111/><T49/><D49/><U65/><E50/><V89/><F61/><W21/><G21/><T102/><D102/><U43/><E65/><V25/><F32/><W64/><G64/><T28/><D28/><U1/><E103/><N who="2" m="62583" /><F67/><W107/><G107/><T81/><D81/><U55/><E48/><V92/><F101/><W70/><G70/><T78/><D78/><U37/><E37/><V132/><F132/><W109/><G109/><T36/><D36/><U3/><E44/><V122/><F122/><W118/><G118/><T113/><D113/><U4/><E54/><V30/><F34/><W120/><G120/><RYUUKYOKU ba="0,1" sc="220,10,290,-30,240,10,240,10" hai0="7,8,11,14,15,16,23,31,85,91,94,105,106" hai2="25,30,35,75,77,80,89,90,92,93" hai3="10,13,41,42,84,86,87" /><INIT seed="2,1,1,0,2,104" ten="230,260,250,250" oya="2" hai0="78,52,38,44,132,64,77,116,108,80,15,32,30" hai1="16,59,106,128,114,93,47,19,86,20,107,36,111" hai2="11,13,127,37,105,130,53,51,67,10,131,50,45" hai3="100,126,40,27,33,123,122,48,75,42,117,81,35"/><V25/><F127/><W99/><G117/><T110/><D116/><U94/><E114/><V90/><F105/><W43/><G126/><T39/><D132/><U74/><E74/><V133/><F133/><W113/><G48/><N who="0" m="28679" /><D64/><U98/><E59/><V66/><F37/><N who="0" m="13834" /><D15/><U21/><E36/><V121/><F121/><W3/><G3/><T54/><D54/><U56/><E56/><V82/><F25/><W118/><G118/><T129/><D129/><N who="2" m="49162" /><F50/><W97/><G113/><T18/><D18/><U96/><E128/><V95/><F82/><W68/><G68/><T134/><D134/><U92/><E92/><V46/><F46/><W119/><G119/><T83/><D80/><U69/><E47/><V4/><F10/><W34/><G27/><N who="0" m="18527" /><D83/><U6/><E69/><V76/><F76/><W63/><G63/><T79/><D79/><U28/><E28/><V41/><F53/><W57/><G57/><T101/><D78/><U72/><E107/><V29/><F29/><W85/><G122/><T91/><D77/><U26/><E106/><V12/><F12/><W120/><G120/><T58/><D58/><U87/><E26/><V5/><F5/><W135/><G135/><T17/><D17/><U49/><E49/><V22/><F22/><W70/><G123/><T2/><D2/><U84/><E20/><V55/><F55/><W102/><G70/><T115/><D115/><U112/><E21/><V124/><F124/><W73/><G81/><T89/><D101/><N who="3" m="39017" /><G85/><AGARI ba="1,1" hai="4,11,13,41,45,51,66,67,85,90,95" m="49162" machi="85" ten="30,1500,0" yaku="19,1" doraHai="104" who="2" fromWho="3" sc="230,0,260,0,250,28,250,-18" /><INIT seed="2,2,0,2,5,92" ten="230,260,278,232" oya="2" hai0="41,26,112,31,86,28,135,74,84,4,76,68,14" hai1="133,35,118,20,12,111,45,83,87,128,2,79,82" hai2="90,101,122,113,71,33,132,121,69,119,50,39,10" hai3="1,115,62,24,100,18,99,109,15,70,25,3,44"/><V48/><F113/><W37/><G115/><T55/><D112/><U61/><E35/><V58/><F119/><W103/><G109/><T96/><D68/><U8/><E118/><V98/><F33/><W126/><G100/><T11/><D135/><U77/><E133/><V40/><F132/><W95/><G126/><T43/><D74/><U116/><E116/><V130/><F130/><W29/><G37/><T81/><D86/><U110/><E128/><V27/><F27/><W67/><G44/><T89/><D55/><U104/><E104/><V17/><F90/><W72/><G72/><T30/><REACH who="0" step="1"/><D26/><REACH who="0" ten="220,260,278,232" step="2"/><U6/><E87/><V134/><F71/><W125/><G25/><T36/><D36/><U120/><E111/><V75/><F69/><W57/><G70/><T63/><D63/><U129/><E61/><V102/><F75/><W105/><G125/><T21/><D21/><U80/><E110/><V54/><F39/><W93/><G93/><AGARI ba="2,1" hai="4,11,14,28,30,31,41,43,76,81,84,89,93,96" machi="93" ten="40,5200,0" yaku="1,1,8,1,52,1,53,0" doraHai="92" doraHaiUra="60" who="0" fromWho="3" sc="220,68,260,0,278,0,232,-58" /><INIT seed="3,0,0,5,5,94" ten="288,260,278,174" oya="3" hai0="11,35,106,58,57,80,9,46,38,72,75,73,128" hai1="43,122,24,59,71,39,81,0,15,121,83,108,84" hai2="101,4,125,51,21,37,82,41,53,90,130,29,64" hai3="111,89,61,40,127,10,98,48,6,97,129,116,85"/><W52/><G116/><T56/><D35/><U95/><E71/><V88/><F125/><W31/><G127/><T93/><D106/><U99/><E0/><V76/><F130/><W23/><G129/><T115/><D128/><U118/><E39/><V62/><F101/><W54/><G111/><T60/><D60/><U135/><E43/><V47/><F4/><W5/><G40/><T3/><D3/><U91/><E108/><V113/><F113/><W26/><G61/><T22/><D115/><U86/><E135/><V18/><F29/><W100/><G100/><T44/><D38/><U49/><E24/><V69/><F18/><W119/><G119/><T20/><D93/><U114/><E114/><V50/><F21/><N who="0" m="8298" /><D80/><U87/><E118/><V33/><F33/><W105/><G105/><T79/><D79/><U67/><E15/><V27/><F27/><W132/><G132/><T123/><D123/><U65/><E122/><V70/><F70/><W112/><G112/><T96/><D96/><N who="3" m="36969" /><G10/><AGARI ba="0,0" hai="9,10,11,44,46,56,57,58,72,73,75" m="8298" machi="10" ten="40,2600,0" yaku="28,2" doraHai="94" who="0" fromWho="3" sc="288,26,260,0,278,0,174,-26" owari="314,41.4,260,-14.0,278,7.8,148,-35.2" /></mjloggm>