<mjloggm ver="2.3"><GO type="225" lobby="0"/><UN n0="%E3%83%96%E3%83%83%E3%83%91%E3%82%AA%E3%83%96%E3%83%81%E3%82%AD%E3%83%B3" n1="%E9%A6%AC%E5%BC%95%E7%81%AB%33" n2="%E3%81%95%E3%81%8D%E3%81%9F%E3%81%BE%E6%9E%97%E6%AA%8E" n3="%E3%81%BF%E3%81%BF%E3%81%9A" dan="16,16,16,17" rate="2130.32,2118.91,2123.29,2276.74" sx="M,M,M,M"/><TAIKYOKU oya="0"/><INIT seed="0,0,0,2,2,26" ten="250,250,250,250" oya="0" hai0="55,113,118,60,34,105,8,48,28,50,110,53,43" hai1="107,23,127,103,70,10,66,89,37,78,115,109,42" hai2="18,88,52,97,135,75,13,29,1,62,131,122,112" hai3="2,44,19,61,31,54,98,82,111,117,12,86,5"/><T47/><D113/><U68/><E115/><V123/><F1/><W16/><G117/><T104/><D118/><U27/><E109/><V91/><F75/><W3/><G111/><T4/><D110/><U25/><E127/><V38/><F38/><W41/><G98/><T108/><D108/><U33/><E78/><V36/><F36/><W101/><G101/><T130/><D130/><U0/><E89/><V40/><F40/><W76/><G31/><T94/><D60/><U32/><E10/><V14/><F112/><W133/><G133/><T69/><D69/><U121/><E23/><V116/><F29/><W79/><G79/><T30/><D43/><U57/><E42/><V119/><F18/><W49/><G2/><T46/><D34/><U11/><E11/><V21/><F21/><W56/><G3/><T59/><D59/><U129/><E37/><V39/><F39/><W102/><G102/><T35/><D35/><U73/><E0/><V93/><F62/><W6/><REACH who="3" step="1"/><G19/><REACH who="3" ten="250,250,250,240" step="2"/><T126/><D126/><U71/><E103/><V81/><F97/><W120/><G120/><T90/><D105/><U134/><E107/><V74/><F135/><W9/><AGARI ba="0,1" hai="5,6,9,12,16,41,44,49,54,56,61,76,82,86" machi="9" ten="20,8000,1" yaku="1,1,0,1,7,1,8,1,54,1,53,0" doraHai="26" doraHaiUra="96" who="3" fromWho="3" sc="250,-40,250,-20,250,-20,240,90" /><INIT seed="1,0,0,4,2,23" ten="210,230,230,330" oya="1" hai0="17,18,12,91,58,19,54,13,99,47,64,89,104" hai1="116,52,77,50,103,113,93,2,63,67,26,100,33" hai2="11,85,80,134,42,5,32,62,105,128,126,55,46" hai3="76,40,24,111,57,115,49,81,34,51,112,135,72"/><U107/><E113/><V39/><F126/><W102/><G111/><T20/><D104/><U130/><E116/><V22/><F134/><W122/><G122/><T1/><D1/><U21/><E2/><V7/><F128/><W70/><G70/><T108/><D108/><U119/><E119/><V110/><F110/><W60/><G102/><T36/><D99/><U53/><E33/><V92/><F105/><W106/><G106/><T31/><D36/><U27/><E107/><V66/><F32/><W88/><G135/><T73/><D73/><U121/><E121/><V78/><F55/><W29/><G88/><N who="0" m="33867" /><D47/><N who="1" m="27743" /><E130/><V131/><F131/><W101/><G101/><N who="1" m="38986" /><E67/><V69/><F92/><W9/><G49/><N who="0" m="31055" /><D64/><U65/><E65/><V38/><F38/><W48/><G51/><T16/><D31/><U132/><E132/><V118/><F118/><W71/><G71/><T84/><D84/><U97/><E77/><V95/><F95/><W4/><G60/><T129/><D129/><U25/><E63/><V90/><F78/><W43/><G57/><T30/><D30/><N who="1" m="17711" /><E53/><V10/><F62/><W8/><G112/><T86/><D86/><U124/><E124/><V45/><F66/><W74/><G115/><T59/><D59/><U94/><E94/><V79/><F79/><W37/><G74/><T127/><D127/><U96/><E96/><V83/><F69/><W0/><G37/><T120/><D120/><U28/><E28/><V82/><F39/><W6/><G48/><T61/><D61/><U117/><E117/><V75/><F75/><W109/><G109/><T15/><AGARI ba="0,0" hai="12,13,15,16,17,18,19,20" m="31055,33867" machi="15" ten="30,7900,0" yaku="5,1,8,1,54,2" doraHai="23" who="0" fromWho="0" sc="210,79,230,-39,230,-20,330,-20" /><INIT seed="2,0,0,1,0,109" ten="289,191,210,310" oya="2" hai0="104,102,37,32,64,57,66,58,43,25,84,124,118" hai1="85,82,15,127,79,39,80,123,75,74,35,16,117" hai2="11,40,1,53,24,61,89,96,100,120,8,107,77" hai3="42,88,116,4,91,20,13,31,3,114,110,10,113"/><V73/><F120/><W133/><G116/><T99/><D118/><U135/><E117/><V119/><F119/><W68/><G110/><T60/><D124/><U22/><E127/><V129/><F129/><W108/><G108/><T97/><D37/><U30/><E123/><V34/><F40/><W46/><G68/><T48/><D84/><U122/><E122/><V106/><F106/><W28/><G133/><T12/><D12/><U26/><E135/><V55/><F89/><N who="3" m="34379" /><G20/><T115/><D43/><U6/><E80/><V103/><F103/><W98/><G98/><T14/><D14/><U19/><E39/><V51/><F61/><W50/><G3/><T132/><D48/><U70/><E70/><V5/><F8/><W18/><G4/><T90/><D32/><U36/><E36/><V94/><F107/><W54/><G42/><T76/><D90/><U56/><E19/><V65/><F65/><W67/><G67/><T44/><D66/><U9/><REACH who="1" step="1"/><E56/><REACH who="1" ten="289,181,210,310" step="2"/><V111/><F111/><W2/><G2/><AGARI ba="0,1" hai="2,6,9,15,16,22,26,30,35,74,75,79,82,85" machi="2" ten="30,12000,2" yaku="1,1,2,1,7,1,24,2,54,1,53,1" doraHai="109" doraHaiUra="7" who="1" fromWho="3" sc="289,0,181,130,210,0,310,-120" /><INIT seed="3,0,0,3,0,18" ten="289,311,210,190" oya="3" hai0="113,123,51,65,108,116,112,36,135,31,97,33,121" hai1="25,102,24,88,127,4,131,103,0,23,109,28,64" hai2="53,29,11,2,41,49,77,12,42,96,129,26,125" hai3="16,70,75,133,87,47,85,20,114,7,100,91,94"/><W83/><G114/><N who="0" m="44139" /><D36/><U9/><E109/><V78/><F2/><W115/><G115/><T14/><D135/><U52/><E131/><V105/><F125/><W68/><G133/><T104/><D65/><U79/><E127/><V34/><F129/><W40/><G7/><T54/><D14/><U57/><E79/><V38/><F38/><W56/><G75/><T89/><D116/><U8/><E64/><V84/><F105/><W6/><G6/><T21/><D33/><U92/><E25/><V71/><F71/><W106/><G106/><T73/><D73/><U86/><E9/><V5/><F96/><W46/><G56/><N who="0" m="32863" /><D108/><U95/><E95/><V76/><F84/><W111/><G111/><T67/><D67/><U32/><E32/><V132/><F132/><W82/><G46/><T134/><D134/><U130/><E130/><V30/><F30/><W126/><G126/><T50/><D50/><AGARI ba="0,0" hai="0,4,8,23,24,28,50,52,57,86,88,92,102,103" machi="50" ten="30,7700,0" yaku="7,1,52,1,54,2" doraHai="18" who="1" fromWho="0" sc="289,-77,311,77,210,0,190,0" owari="212,1.2,388,48.8,210,-19.0,190,-31.0" /></mjloggm>