<mjloggm ver="2.3"><GO type="225" lobby="0"/><UN n0="%E3%81%A4%E3%81%A3%E3%81%B1%E3%82%8A%E3%83%9D%E3%83%BC%E3%83%AB" n1="%4C%4F%4C%49%54%41" n2="%E6%81%A5%E6%99%92%E3%81%97" n3="%E3%83%AC%E3%82%A4%E3%83%88%E3%83%B3%E5%87%86%E6%95%99%E6%8E%88" dan="17,16,17,18" rate="2136.29,2119.31,2156.20,2222.46" sx="M,F,M,M"/><TAIKYOKU oya="0"/><INIT seed="0,0,0,5,2,11" ten="250,250,250,250" oya="0" hai0="62,82,10,35,19,118,127,17,105,16,50,81,3" hai1="121,21,55,101,98,84,51,22,73,46,65,129,66" hai2="63,29,13,25,18,38,113,71,59,30,68,106,87" hai3="72,32,33,24,6,93,74,115,133,15,107,40,53"/><T126/><D118/><U130/><E73/><V120/><F113/><W86/><G115/><T94/><D105/><U99/><E84/><V43/><F120/><W7/><G107/><T56/><D35/><U79/><E79/><V36/><F106/><W132/><G40/><T103/><D50/><U28/><E121/><V114/><F114/><W37/><G37/><T54/><D103/><U20/><E28/><V128/><F128/><N who="1" m="49257" /><E98/><V14/><F87/><W92/><G53/><T34/><D94/><AGARI ba="0,0" hai="20,21,22,46,51,55,65,66,94,99,101" m="49257" machi="94" ten="30,1000,0" yaku="19,1" doraHai="11" who="1" fromWho="0" sc="250,-10,250,10,250,0,250,0" /><INIT seed="1,0,0,1,5,55" ten="240,260,250,250" oya="1" hai0="118,47,17,131,83,51,15,132,90,72,22,9,122" hai1="80,23,63,92,59,82,43,46,12,5,34,61,69" hai2="94,98,81,64,78,66,16,70,26,114,84,60,117" hai3="86,67,123,37,124,24,25,110,85,4,130,14,54"/><U42/><E34/><V2/><F117/><W134/><G123/><T1/><D118/><U49/><E42/><V76/><F2/><W57/><G110/><T10/><D122/><U105/><E105/><V129/><F129/><W29/><G130/><T20/><D131/><U65/><E92/><V112/><F66/><W39/><G134/><T32/><D32/><U97/><E97/><V53/><F76/><W50/><G124/><T18/><D132/><U107/><E107/><V30/><F53/><W28/><G67/><T121/><D121/><U133/><E133/><V8/><F30/><N who="3" m="11883" /><G39/><T135/><D135/><U127/><E127/><V19/><F8/><N who="3" m="4359" /><G37/><T74/><D74/><U68/><E68/><V79/><F79/><W104/><G104/><T115/><D115/><N who="2" m="44074" /><F26/><AGARI ba="0,0" hai="24,25,26,50,54,57,85,86" m="4359,11883" machi="26" ten="30,2000,0" yaku="8,1,52,1" doraHai="55" who="3" fromWho="2" sc="240,0,260,0,250,-20,250,20" /><INIT seed="2,0,0,1,2,100" ten="240,260,230,270" oya="2" hai0="65,22,79,107,119,122,98,26,72,126,0,134,3" hai1="104,64,88,118,42,68,75,61,110,20,83,13,81" hai2="74,117,25,29,18,12,125,82,113,106,76,39,70" hai3="38,5,34,97,7,48,23,111,127,31,71,94,36"/><V85/><F117/><W63/><G111/><T6/><D122/><U54/><E118/><V50/><F113/><W105/><G127/><T114/><D114/><U16/><E110/><V49/><F125/><W130/><G48/><T14/><D119/><U96/><E42/><V89/><F39/><W87/><G23/><T45/><D126/><U52/><E83/><V66/><F106/><W59/><G130/><T4/><D65/><U32/><E32/><V92/><F66/><N who="3" m="41439" /><G94/><T86/><D72/><U135/><E135/><V9/><REACH who="2" step="1"/><F70/><REACH who="2" ten="240,260,220,270" step="2"/><W67/><G38/><T37/><D107/><U133/><E104/><V124/><F124/><W116/><G36/><T69/><D69/><U56/><E68/><V62/><F62/><W95/><G67/><T1/><D37/><U44/><E133/><V91/><F91/><N who="3" m="53759" /><G116/><T101/><D134/><U11/><E64/><V115/><F115/><W8/><G105/><T121/><D121/><U55/><E61/><V47/><F47/><W28/><G59/><T60/><D45/><U51/><E56/><V131/><F131/><W109/><G109/><T15/><D60/><U99/><E44/><V33/><AGARI ba="0,1" hai="9,12,18,25,29,33,49,50,74,76,82,85,89,92" machi="33" ten="20,3900,0" yaku="1,1,0,1,7,1,53,0" doraHai="100" doraHaiUra="128" who="2" fromWho="2" sc="240,-13,260,-13,220,49,270,-13" /><INIT seed="2,1,0,5,1,76" ten="227,247,269,257" oya="2" hai0="122,13,19,55,56,90,58,84,131,59,24,52,130" hai1="36,8,39,75,99,17,66,111,93,11,54,77,106" hai2="53,26,119,116,21,61,85,98,118,33,83,3,74" hai3="68,1,101,126,34,9,121,16,124,10,72,45,57"/><V113/><F113/><W114/><G68/><T87/><D122/><U69/><E106/><V117/><F3/><W27/><G121/><T80/><D24/><U108/><E54/><V82/><F119/><W0/><G72/><T44/><D87/><U133/><E133/><V78/><F33/><W97/><G57/><T127/><D127/><N who="3" m="48681" /><G45/><T51/><REACH who="0" step="1"/><D55/><REACH who="0" ten="217,247,269,257" step="2"/><U135/><E135/><V64/><F53/><W71/><G114/><T125/><D125/><U40/><E75/><V65/><F98/><W86/><G97/><T92/><D92/><U14/><E93/><V107/><F107/><W31/><G86/><T73/><D73/><U95/><E95/><V102/><F116/><W2/><G27/><T20/><AGARI ba="1,1" hai="13,19,20,44,51,52,56,58,59,80,84,90,130,131" machi="20" ten="30,7900,0" yaku="1,1,0,1,52,1,54,1,53,0" doraHai="76" doraHaiUra="22" who="0" fromWho="0" sc="217,92,247,-21,269,-40,257,-21" /><INIT seed="3,0,0,0,0,56" ten="309,226,229,236" oya="3" hai0="134,79,65,104,15,38,125,20,103,126,7,86,82" hai1="16,108,23,89,75,59,69,122,102,29,114,99,1" hai2="27,60,37,135,8,123,73,93,13,36,6,91,132" hai3="14,124,61,117,44,66,96,131,88,21,39,25,31"/><W70/><G117/><T116/><D116/><U127/><E122/><V50/><F73/><W18/><G124/><N who="0" m="47723" /><D134/><N who="2" m="51242" /><F123/><W53/><G131/><T34/><D34/><U12/><E69/><V4/><F4/><W58/><G39/><T76/><D38/><U120/><E127/><V3/><F3/><W30/><G44/><T133/><D65/><U26/><E120/><V5/><F5/><W55/><G31/><T9/><D20/><U115/><E75/><V68/><F50/><W95/><REACH who="3" step="1"/><G70/><REACH who="3" ten="309,226,229,226" step="2"/><T129/><D129/><U78/><E108/><V110/><F110/><W97/><G97/><N who="0" m="61551" /><D133/><U54/><E114/><V100/><F36/><W112/><G112/><T101/><D101/><U111/><E111/><V106/><F37/><W45/><G45/><T74/><D74/><U87/><E115/><V35/><F100/><W67/><G67/><T11/><D11/><AGARI ba="0,1" hai="11,14,18,21,25,30,53,55,58,61,66,88,95,96" machi="11" ten="30,18000,2" yaku="1,1,7,1,8,1,52,1,54,1,53,1" doraHai="56" doraHaiUra="52" who="3" fromWho="0" sc="309,-180,226,0,229,0,226,190" owari="129,-37.1,226,-17.4,229,2.9,416,51.6" /></mjloggm>