<mjloggm ver="2.3"><GO type="225" lobby="0"/><UN n0="%E3%83%A9%E3%82%B9%E7%8E%87%EF%BC%93%E5%89%B2" n1="%E6%B2%B3%E7%AB%A5%E3%81%AE%E3%83%AF%E3%82%AB%E3%83%9E%E3%83%84" n2="%E3%81%8B%E3%82%8F%E3%81%A1%E3%82%83%E3%82%93%35%38" n3="%E3%81%90%E3%81%A1%E3%82%84%E3%81%BE" dan="16,18,16,16" rate="2178.95,2233.01,2179.93,2139.83" sx="F,M,M,M"/><TAIKYOKU oya="0"/><INIT seed="0,0,0,4,0,82" ten="250,250,250,250" oya="0" hai0="63,18,102,27,56,111,11,19,95,64,122,48,35" hai1="98,123,83,71,76,118,30,15,114,2,41,112,113" hai2="78,36,51,33,70,72,24,93,17,54,117,10,68" hai3="59,121,115,99,7,128,134,96,40,69,26,84,16"/><T119/><D119/><U62/><E118/><V100/><F117/><W34/><G115/><T67/><D122/><U22/><E123/><V39/><F33/><W49/><G69/><T61/><D111/><U37/><E2/><V120/><F93/><W89/><G121/><T46/><D11/><U80/><E80/><V75/><F100/><W107/><G107/><T90/><D102/><U87/><E98/><N who="3" m="37418" /><G34/><T42/><D35/><U3/><E3/><V130/><F130/><W58/><G128/><T79/><D79/><U92/><E92/><V53/><F10/><W101/><G7/><T81/><D81/><U21/><E15/><V132/><F24/><W103/><G134/><T116/><D116/><U97/><E97/><V60/><F78/><W23/><G58/><N who="0" m="36919" /><D27/><U9/><E9/><V25/><F25/><W44/><G59/><T50/><D50/><U109/><E109/><V125/><F51/><W108/><G108/><T85/><AGARI ba="0,0" hai="18,19,42,46,48,56,63,67,85,90,95" m="36919" machi="85" ten="30,3000,0" yaku="8,1,52,1" doraHai="82" who="0" fromWho="0" sc="250,30,250,-10,250,-10,250,-10" /><INIT seed="0,1,0,0,0,39" ten="280,240,240,240" oya="0" hai0="135,134,65,44,46,87,41,62,1,38,128,123,116" hai1="72,24,76,85,18,109,31,108,49,112,63,0,40" hai2="33,97,35,14,57,129,70,81,95,68,74,82,19" hai3="4,2,52,66,11,30,84,91,13,20,28,93,64"/><T43/><D1/><U121/><E121/><V5/><F129/><W37/><G37/><N who="0" m="21551" /><D87/><U75/><E112/><V71/><F5/><W69/><G69/><N who="0" m="42167" /><D123/><U107/><E107/><V42/><F57/><W105/><G105/><T119/><D128/><U86/><E0/><V90/><F42/><W104/><G104/><T9/><D9/><U122/><E122/><V83/><REACH who="2" step="1"/><F74/><REACH who="2" ten="280,240,230,240" step="2"/><W26/><G2/><T133/><AGARI ba="1,1" hai="38,43,46,116,119,133,134,135" m="42167,21551" machi="133" ten="30,18000,2" yaku="20,1,23,1,34,2,52,2" doraHai="39" who="0" fromWho="0" sc="280,193,240,-61,230,-61,240,-61" /><INIT seed="0,2,0,5,3,57" ten="473,179,169,179" oya="0" hai0="24,36,114,1,31,8,28,113,135,126,66,13,90" hai1="105,54,41,65,60,129,59,48,101,74,73,12,42" hai2="9,92,64,102,3,131,49,44,68,33,80,63,19" hai3="39,0,7,32,97,14,51,81,100,4,62,119,124"/><T88/><D36/><U22/><E129/><V123/><F123/><W34/><G39/><T117/><D117/><U35/><E35/><V112/><F112/><W47/><G119/><T61/><D1/><U17/><E105/><V133/><F33/><W85/><G0/><T15/><D135/><U45/><REACH who="1" step="1"/><E101/><REACH who="1" ten="473,169,169,179" step="2"/><V99/><F131/><W95/><G34/><T93/><D114/><U87/><E87/><V111/><F133/><W10/><G32/><T5/><D113/><U103/><E103/><V18/><F111/><W134/><G134/><T6/><D126/><U75/><AGARI ba="2,1" hai="12,17,22,41,42,45,48,54,59,60,65,73,74,75" machi="75" ten="30,7900,0" yaku="1,1,0,1,52,1,53,1" doraHai="57" doraHaiUra="53" who="1" fromWho="1" sc="473,-41,169,95,169,-22,179,-22" /><INIT seed="1,0,0,2,2,120" ten="432,264,147,157" oya="1" hai0="5,91,124,97,22,36,18,57,23,61,115,135,90" hai1="107,93,109,130,131,15,33,60,86,104,73,0,112" hai2="17,70,101,50,40,49,116,111,132,8,38,110,39" hai3="82,65,77,20,125,134,95,26,11,64,129,128,54"/><U46/><E0/><V59/><F116/><W31/><G125/><T99/><D115/><U83/><E33/><V69/><F101/><W9/><G95/><T53/><D36/><N who="2" m="13866" /><F8/><N who="3" m="3147" /><G54/><T108/><D135/><U85/><E15/><V12/><F12/><W48/><G48/><N who="2" m="18537" /><F17/><W72/><G134/><T126/><D5/><U88/><E60/><V113/><F132/><W84/><G72/><T55/><D61/><U42/><E46/><V47/><F113/><W2/><G2/><T16/><D57/><U118/><E42/><V100/><F100/><W7/><G7/><T96/><D99/><U123/><E112/><V106/><F106/><N who="1" m="40489" /><E118/><V34/><F34/><W4/><G4/><T89/><D91/><N who="1" m="53487" /><E123/><V14/><F14/><W74/><G31/><T35/><D35/><U98/><E98/><V94/><F59/><W21/><G26/><T56/><D56/><U27/><E27/><V3/><F3/><W114/><G114/><T81/><D124/><U66/><E73/><V45/><F45/><W58/><G74/><T80/><D126/><U37/><E37/><N who="2" m="21903" /><F94/><W119/><G119/><T79/><D18/><U122/><E122/><V127/><F127/><W68/><G21/><T10/><D10/><U6/><E6/><V117/><F117/><W1/><G20/><T44/><D16/><U133/><E133/><V41/><F41/><W52/><G1/><T102/><D44/><U71/><E88/><V92/><F92/><W78/><G78/><T43/><D79/><U87/><E87/><V25/><F25/><W75/><G75/><T67/><D43/><U103/><E86/><RYUUKYOKU ba="0,0" sc="432,-10,264,-10,147,30,157,-10" hai2="69,70,110,111" /><INIT seed="2,1,0,2,5,62" ten="422,254,177,147" oya="2" hai0="48,70,28,72,13,64,55,18,40,27,20,114,75" hai1="92,59,58,127,78,88,101,56,74,104,108,6,83" hai2="65,45,37,11,73,117,49,91,118,2,17,46,25" hai3="134,9,5,87,123,10,63,15,60,61,79,50,26"/><V53/><F73/><W97/><G134/><T131/><D114/><U23/><E108/><V100/><F100/><W81/><G123/><T21/><D131/><U122/><E122/><V12/><F2/><W112/><G112/><T94/><D40/><U80/><E80/><V106/><F106/><W47/><G26/><T42/><D42/><U102/><E127/><V4/><F65/><W113/><G113/><T135/><D135/><U39/><E39/><V68/><F68/><W51/><G47/><T7/><D7/><U85/><E6/><V35/><F45/><W66/><G66/><T32/><D32/><U54/><E23/><V128/><F37/><W57/><G57/><T109/><D109/><U19/><E19/><V0/><F91/><W3/><REACH who="3" step="1"/><G97/><REACH who="3" ten="422,254,177,137" step="2"/><T111/><D111/><U44/><E44/><V34/><F128/><W14/><G14/><T84/><D64/><U133/><E133/><V82/><F34/><W130/><G130/><T116/><D70/><U89/><E58/><V115/><F115/><W30/><G30/><T107/><D13/><U24/><E59/><V31/><REACH who="2" step="1"/><F82/><REACH who="2" ten="422,254,167,137" step="2"/><W126/><G126/><T119/><D75/><U96/><E74/><V77/><F77/><W95/><G95/><T36/><D72/><U93/><E93/><V41/><F41/><W43/><G43/><T99/><D107/><U120/><E104/><V8/><AGARI ba="1,2" hai="0,4,8,11,12,17,25,31,35,46,49,53,117,118" machi="8" ten="20,7800,0" yaku="1,1,0,1,7,1,53,1" doraHai="62" doraHaiUra="33" who="2" fromWho="2" sc="422,-27,254,-27,167,101,137,-27" /><INIT seed="2,2,0,4,1,107" ten="395,227,268,110" oya="2" hai0="90,12,1,31,33,79,22,46,7,42,94,14,83" hai1="30,39,77,38,88,57,50,116,44,113,99,109,100" hai2="126,72,61,0,4,120,18,92,36,5,103,58,10" hai3="119,32,55,106,132,51,87,115,21,20,85,43,118"/><V76/><F120/><W48/><G32/><T121/><D121/><U45/><E113/><V95/><F126/><W68/><G106/><T35/><D22/><U96/><E116/><V11/><F36/><W123/><G123/><T28/><D28/><U17/><E109/><V59/><F18/><W74/><G68/><T8/><D31/><U124/><E124/><V23/><F23/><W73/><G115/><T16/><D16/><U102/><E17/><V37/><F37/><W66/><G55/><T65/><D65/><U40/><E30/><V62/><F103/><W60/><G60/><T13/><D90/><U64/><E77/><V127/><F127/><W130/><G66/><T86/><REACH who="0" step="1"/><D94/><REACH who="0" ten="385,227,268,110" step="2"/><U112/><E88/><V78/><F92/><W24/><G24/><T9/><D9/><U75/><E64/><V49/><F95/><W67/><G67/><T19/><D19/><U25/><E112/><V53/><F10/><W71/><G71/><T129/><D129/><U52/><E25/><V26/><F26/><W108/><G108/><T110/><D110/><U41/><REACH who="1" step="1"/><E75/><REACH who="1" ten="385,217,268,110" step="2"/><V27/><F72/><W80/><G74/><T70/><D70/><U34/><E34/><V84/><F27/><W69/><G73/><T54/><D54/><U6/><E6/><V125/><F5/><W93/><G69/><T104/><D104/><U91/><E91/><V98/><F125/><W101/><G119/><T3/><D3/><U82/><E82/><N who="2" m="47175" /><F78/><W89/><G118/><T29/><D29/><U2/><E2/><V117/><F117/><W15/><G89/><T63/><D63/><RYUUKYOKU ba="2,2" sc="385,15,217,15,268,-15,110,-15" hai0="1,7,8,12,13,14,33,35,42,46,79,83,86" hai1="38,39,40,41,44,45,50,52,57,96,99,100,102" /><INIT seed="3,3,2,4,0,31" ten="400,232,253,95" oya="3" hai0="71,28,99,103,105,119,102,91,70,27,18,104,76" hai1="80,43,5,44,82,58,96,85,49,48,45,40,53" hai2="92,13,15,77,60,100,37,54,52,90,75,94,11" hai3="25,6,32,101,107,29,68,3,89,116,0,24,51"/><W114/><G114/><T23/><D119/><U117/><E117/><V111/><F37/><W16/><G116/><T8/><D76/><U130/><E130/><V66/><F75/><W2/><G68/><T41/><D91/><U132/><E132/><V88/><F77/><W125/><G125/><T115/><D41/><U131/><E131/><V108/><F100/><W127/><G127/><T56/><D56/><U47/><E5/><V20/><F20/><W122/><G122/><T73/><D73/><U7/><E7/><V26/><F26/><W12/><G89/><T59/><D59/><U19/><E96/><V81/><F81/><W72/><G72/><T62/><D62/><U57/><E19/><V133/><F133/><W1/><G51/><T4/><D115/><U35/><E35/><V46/><F46/><W112/><G112/><T30/><D71/><U9/><E9/><V36/><F36/><W22/><G101/><T134/><D70/><U98/><E98/><V79/><F79/><W87/><G87/><T95/><D134/><U106/><E106/><V126/><F126/><W124/><G107/><T128/><D128/><U109/><E109/><N who="2" m="42059" /><F90/><W93/><G93/><N who="2" m="35945" /><F88/><W61/><G61/><T38/><D38/><U14/><E85/><V17/><F15/><W63/><G63/><T21/><D102/><U110/><E14/><V83/><F83/><N who="1" m="31785" /><E110/><V42/><F42/><W121/><G121/><T55/><D104/><U34/><E34/><V123/><F123/><W84/><G84/><T69/><D105/><U64/><E40/><V78/><F78/><W50/><G124/><RYUUKYOKU ba="3,2" sc="400,-15,232,15,253,15,95,-15" hai1="43,44,45,47,48,49,53,57,58,64" hai2="11,13,17,52,54,60,66" owari="405,50.5,247,-15.3,268,6.8,80,-42.0" /></mjloggm>