<mjloggm ver="2.3"><GO type="225" lobby="0"/><UN n0="%E6%9D%B1%E9%A2%A8%E3%81%AE%E3%81%8D%E3%82%83%E3%81%B7%E3%81%95%E3%82%93" n1="%E4%BF%BA%E3%81%A8%E5%A6%96%E5%A4%A2" n2="%E3%83%96%E3%83%83%E3%83%91%E3%82%AA%E3%83%96%E3%83%81%E3%82%AD%E3%83%B3" n3="%E3%81%95%E3%81%8D%E3%81%9F%E3%81%BE%E6%9E%97%E6%AA%8E" dan="16,16,16,16" rate="2190.69,2266.08,2170.09,2127.72" sx="M,F,M,M"/><TAIKYOKU oya="0"/><INIT seed="0,0,0,4,2,38" ten="250,250,250,250" oya="0" hai0="36,25,118,2,42,105,74,56,10,13,26,96,104" hai1="58,7,70,115,119,57,67,101,21,106,60,44,48" hai2="33,122,72,59,28,91,53,117,34,1,30,52,75" hai3="134,4,133,90,98,110,77,80,46,49,45,24,35"/><T65/><D74/><N who="2" m="28202" /><F91/><W88/><G110/><T120/><D118/><U95/><E119/><V130/><F59/><W73/><G4/><T0/><D120/><U112/><E106/><V129/><F117/><W132/><G46/><T113/><D113/><N who="1" m="43595" /><E7/><V93/><F93/><W114/><G114/><T107/><D96/><N who="1" m="59551" /><E21/><V22/><F22/><W85/><G98/><T121/><D121/><U86/><E86/><V54/><F1/><W47/><G47/><T99/><D99/><U68/><E68/><V37/><F37/><W71/><G71/><T15/><D56/><U19/><E19/><V103/><F103/><W18/><G73/><T3/><D65/><U41/><AGARI ba="0,0" hai="41,44,48,57,58,60,67,70" m="59551,43595" machi="41" ten="30,2000,0" yaku="11,1,52,1" doraHai="38" who="1" fromWho="1" sc="250,-10,250,20,250,-5,250,-5" /><INIT seed="1,0,0,0,5,126" ten="240,270,245,245" oya="1" hai0="125,29,114,112,30,32,49,115,8,22,76,80,15" hai1="25,105,66,28,83,21,131,122,50,35,7,31,90" hai2="44,130,37,87,18,73,81,113,19,55,69,67,116" hai3="89,17,39,40,118,42,96,60,106,133,4,52,0"/><U70/><E122/><V33/><F116/><W6/><G133/><T34/><D49/><U123/><E123/><V16/><F33/><N who="0" m="12906" /><D80/><U85/><E105/><V88/><F113/><W41/><G39/><T9/><D76/><U103/><E103/><V108/><F108/><W121/><G121/><T134/><D125/><U59/><E7/><V99/><F73/><W86/><G118/><T71/><D71/><U53/><E35/><V65/><F69/><W102/><G0/><T98/><D98/><U91/><E31/><N who="0" m="11785" /><D134/><U68/><E66/><N who="2" m="25099" /><F37/><W92/><REACH who="3" step="1"/><G17/><AGARI ba="0,0" hai="8,9,15,17,22,112,114,115" m="11785,12906" machi="17" ten="40,2600,0" yaku="34,2" doraHai="126" who="0" fromWho="3" sc="240,26,270,0,245,0,245,-26" /><INIT seed="2,0,0,0,2,77" ten="266,270,245,219" oya="2" hai0="100,45,22,131,118,34,99,75,87,35,14,11,6" hai1="19,60,37,28,15,30,52,113,122,135,3,53,31" hai2="134,128,39,32,57,23,65,58,43,105,38,78,62" hai3="47,40,56,50,20,42,80,108,76,133,46,90,84"/><V114/><F32/><W109/><G133/><T111/><D75/><U64/><E113/><V66/><F105/><W104/><G104/><T110/><D131/><U82/><E3/><V61/><F114/><W91/><G56/><T119/><D45/><U17/><E135/><V124/><F134/><W10/><G10/><T49/><D49/><U70/><E37/><V27/><F128/><W101/><G101/><T29/><D87/><U88/><E122/><V1/><F124/><W8/><G8/><T2/><D99/><U13/><E13/><V83/><F43/><W12/><G12/><T121/><D100/><U16/><REACH who="1" step="1"/><E15/><REACH who="1" ten="266,260,245,219" step="2"/><V132/><F1/><W21/><G109/><N who="0" m="41483" /><D121/><U0/><E0/><V115/><F115/><W68/><G108/><T18/><D34/><U107/><E107/><V36/><F132/><W74/><G74/><T126/><D126/><U79/><E79/><V44/><F44/><W123/><G123/><T102/><D102/><U71/><E71/><V25/><REACH who="2" step="1"/><F23/><REACH who="2" ten="266,260,235,219" step="2"/><N who="3" m="8779" /><G68/><T117/><D117/><U24/><E24/><AGARI ba="0,2" hai="2,6,11,14,18,22,24,29,35,118,119" m="41483" machi="24" ten="30,7700,0" yaku="24,1,14,1,34,2" doraHai="77" who="0" fromWho="1" sc="266,97,260,-77,235,0,219,0" /><INIT seed="3,0,0,1,0,23" ten="363,183,235,219" oya="3" hai0="113,78,51,49,60,128,71,52,116,70,124,25,105" hai1="98,135,21,104,87,112,22,55,99,115,132,9,16" hai2="59,2,68,118,129,33,56,50,75,20,5,81,106" hai3="102,53,101,26,8,36,48,133,91,121,66,6,90"/><W0/><G121/><T103/><D78/><U86/><E9/><V11/><F118/><W4/><G36/><T15/><D15/><U96/><E55/><V110/><F68/><W67/><G133/><N who="1" m="51274" /><E104/><V97/><F33/><W45/><G0/><T107/><D25/><N who="1" m="14503" /><E22/><V123/><F123/><W29/><G101/><T126/><D103/><U24/><E24/><V38/><F38/><W7/><G102/><T41/><D41/><U39/><E39/><V54/><F20/><N who="3" m="15559" /><G8/><T64/><D71/><U84/><AGARI ba="0,0" hai="84,86,87,96,98,99,112,115" m="14503,51274" machi="84" ten="40,5200,0" yaku="20,1,52,1,54,1" doraHai="23" who="1" fromWho="1" sc="363,-13,183,52,235,-13,219,-26" owari="350,45.0,235,3.5,222,-17.8,193,-30.7" /></mjloggm>