<mjloggm ver="2.3"><GO type="225" lobby="0"/><UN n0="%E6%9C%88%E5%A4%9C%E3%81%AB%E9%A2%A8" n1="%E7%B4%94%E6%BD%94%E3%83%94%E3%83%A9%E3%83%8B%E3%82%A2" n2="%E3%81%BF%E3%81%BF%E3%81%9A" n3="%E3%81%A4%E3%81%A3%E3%81%B1%E3%82%8A%E3%83%9D%E3%83%BC%E3%83%AB" dan="16,17,17,17" rate="2092.92,2227.00,2195.66,2158.93" sx="M,M,M,M"/><TAIKYOKU oya="0"/><INIT seed="0,0,0,4,3,76" ten="250,250,250,250" oya="0" hai0="72,55,104,65,97,12,33,45,0,115,48,108,20" hai1="31,98,34,38,2,128,4,57,27,133,29,70,1" hai2="35,103,105,69,123,109,42,124,40,68,130,84,95" hai3="122,73,82,79,121,32,9,39,127,119,6,81,37"/><T120/><D115/><U85/><E70/><V21/><F123/><N who="3" m="47115" /><G119/><T18/><D120/><U14/><E38/><N who="3" m="14346" /><G32/><T24/><D0/><U102/><E128/><V16/><F35/><W131/><G131/><T19/><D108/><U110/><E29/><V135/><F130/><W46/><G46/><T63/><D72/><U125/><E125/><V44/><F105/><W126/><G82/><T100/><D33/><U88/><E57/><V3/><F3/><AGARI ba="0,0" hai="3,6,9,73,79,81,126,127" m="14346,47115" machi="3" ten="30,3900,0" yaku="13,1,23,1,52,1" doraHai="76" who="3" fromWho="2" sc="250,0,250,0,250,-39,250,39" /><INIT seed="1,0,0,4,2,28" ten="250,250,211,289" oya="1" hai0="103,127,99,73,69,75,15,76,86,8,7,31,30" hai1="106,58,85,0,20,32,9,72,6,88,63,10,55" hai2="22,118,39,117,92,19,59,14,4,23,78,133,91" hai3="17,124,62,47,126,52,45,113,121,89,135,129,81"/><U70/><E72/><V53/><F39/><W110/><G113/><T130/><D130/><U83/><E106/><V34/><F133/><W107/><G107/><T64/><D127/><N who="3" m="48681" /><G121/><T71/><D86/><U108/><E108/><V96/><F78/><W26/><G129/><T68/><D64/><U43/><E10/><V119/><F4/><W2/><G2/><T66/><D66/><U38/><E70/><V82/><F82/><W16/><G135/><T27/><D76/><U100/><E100/><V77/><F77/><W65/><G110/><T56/><D56/><U97/><E97/><V61/><REACH who="2" step="1"/><F23/><REACH who="2" ten="250,250,201,289" step="2"/><N who="3" m="13671" /><G81/><T134/><D134/><U1/><E20/><V120/><F120/><W122/><G122/><T18/><D7/><U79/><E79/><V94/><F94/><W114/><G114/><T98/><D73/><U93/><E83/><V54/><F54/><W87/><G52/><T51/><D75/><U104/><E104/><V21/><F21/><W95/><G17/><T67/><D18/><U112/><E112/><V90/><F90/><W57/><AGARI ba="0,1" hai="45,47,57,62,65,87,89,95" m="13671,48681" machi="57" ten="30,2000,0" yaku="18,1,54,1" doraHai="28" who="3" fromWho="3" sc="250,-5,250,-10,201,-5,289,30" /><INIT seed="2,0,0,4,5,47" ten="245,240,196,319" oya="2" hai0="106,123,102,39,28,70,111,45,36,67,98,26,49" hai1="122,118,129,13,3,1,31,88,87,48,14,90,78" hai2="133,119,61,82,5,54,76,62,12,99,17,110,75" hai3="74,66,8,33,103,24,116,37,77,11,56,6,89"/><V72/><F119/><W135/><G116/><T23/><D111/><U115/><E118/><V73/><F110/><W95/><G37/><T53/><REACH who="0" step="1"/><D123/><REACH who="0" ten="235,240,196,319" step="2"/><U42/><E122/><V134/><F5/><W112/><G6/><T30/><D30/><U69/><E31/><V96/><F73/><W120/><G74/><T117/><D117/><U124/><E115/><V84/><F75/><W80/><G112/><T16/><D16/><U92/><E124/><V79/><F72/><W97/><G120/><T7/><D7/><U100/><E129/><V125/><F125/><W38/><G135/><N who="2" m="51721" /><F76/><W113/><G113/><T10/><D10/><U18/><E18/><V34/><F34/><W132/><G8/><T50/><D50/><U130/><E130/><V64/><F54/><W91/><G77/><T32/><D32/><U0/><E78/><V35/><F35/><W114/><G33/><T43/><D43/><U86/><E42/><V46/><F46/><W83/><G114/><T101/><D101/><U71/><E0/><V65/><F64/><W94/><G66/><T93/><D93/><U121/><E92/><N who="3" m="35370" /><G132/><T58/><D58/><U2/><E2/><V59/><F62/><AGARI ba="0,1" hai="23,26,28,36,39,45,49,53,62,67,70,98,102,106" machi="62" ten="40,5200,0" yaku="1,1,52,1,53,1" doraHai="47" doraHaiUra="27" who="0" fromWho="2" sc="235,62,240,0,196,-52,319,0" /><INIT seed="3,0,0,1,1,38" ten="297,240,144,319" oya="3" hai0="8,95,96,25,46,45,87,17,112,89,7,113,62" hai1="23,119,99,127,47,19,37,67,65,101,115,44,90" hai2="85,131,68,51,91,121,111,61,105,135,2,76,21" hai3="73,110,13,126,72,100,133,43,98,104,33,79,71"/><W16/><G71/><T106/><D62/><U120/><E115/><N who="0" m="44105" /><D17/><U130/><E120/><V134/><F2/><W34/><G133/><T59/><D59/><U48/><E127/><V0/><F105/><W60/><G126/><T18/><D18/><U97/><E130/><V129/><F0/><W128/><G128/><N who="2" m="49225" /><F21/><W81/><G72/><T64/><D64/><U57/><E119/><V22/><F22/><W52/><G110/><T94/><D25/><U24/><E90/><V15/><F15/><W54/><G43/><T4/><D106/><U124/><E124/><V66/><F76/><W27/><G60/><T36/><D36/><U103/><E97/><V125/><F125/><W83/><G83/><T9/><D9/><U78/><E101/><V123/><F111/><W63/><G63/><T74/><D74/><U32/><E78/><V84/><F84/><W58/><G58/><T12/><D4/><U3/><E3/><V26/><F26/><W39/><G39/><T28/><D28/><U70/><E32/><V109/><F109/><W40/><G34/><T11/><D8/><U80/><E80/><V88/><F91/><W42/><G27/><T35/><D35/><U118/><E24/><V50/><F51/><W108/><G33/><T122/><D122/><N who="2" m="46602" /><F50/><W132/><G108/><T77/><D77/><U56/><E48/><V92/><AGARI ba="0,0" hai="61,66,68,85,88,92,134,135" m="46602,49225" machi="92" ten="40,5200,0" yaku="19,1,13,1,54,1" doraHai="38" who="2" fromWho="2" sc="297,-13,240,-13,144,52,319,-26" /><INIT seed="4,0,0,2,2,99" ten="284,227,196,293" oya="0" hai0="14,130,131,133,123,21,110,18,60,59,124,45,24" hai1="121,55,87,28,90,91,6,79,22,127,33,13,80" hai2="25,135,4,16,89,97,31,75,19,118,109,36,132" hai3="53,57,70,115,23,111,82,64,93,56,119,42,0"/><T125/><D123/><U77/><E121/><V84/><F109/><W96/><G119/><T108/><D133/><N who="2" m="51274" /><F36/><W46/><G0/><T117/><D45/><U43/><E127/><N who="0" m="48713" /><D117/><U94/><E43/><V106/><F118/><W86/><G111/><N who="0" m="42539" /><D24/><U40/><E40/><V122/><F75/><W107/><G46/><T52/><AGARI ba="0,0" hai="14,18,21,52,59,60,130,131" m="42539,48713" machi="52" ten="40,7800,0" yaku="18,1,10,1,54,1" doraHai="99" who="0" fromWho="0" sc="284,78,227,-26,196,-26,293,-26" owari="362,46.2,201,-19.9,170,-33.0,267,6.7" /></mjloggm>