<mjloggm ver="2.3"><GO type="225" lobby="0"/><UN n0="%E3%81%A4%E3%81%A3%E3%81%B1%E3%82%8A%E3%83%9D%E3%83%BC%E3%83%AB" n1="%E7%9A%AE%E3%80%85" n2="%E6%B4%BE%E9%81%A3%E3%81%AE%E3%82%B8%E3%83%A3%E3%83%83%E3%82%AF" n3="%E3%81%BF%E3%81%BF%E3%81%9A" dan="17,16,17,17" rate="2147.44,2126.21,2193.94,2182.09" sx="M,F,M,M"/><TAIKYOKU oya="0"/><INIT seed="0,0,0,3,5,62" ten="250,250,250,250" oya="0" hai0="96,52,85,50,49,69,101,89,121,63,16,68,87" hai1="90,21,111,127,39,1,124,58,132,86,100,48,51" hai2="113,42,2,79,53,72,88,54,118,43,104,45,67" hai3="19,64,15,0,30,80,129,82,71,98,73,103,115"/><T38/><D121/><U94/><E39/><V91/><F104/><W108/><G115/><T27/><D38/><U56/><E1/><V31/><F2/><W131/><G0/><T8/><D69/><U119/><E119/><V123/><F123/><W34/><G108/><T84/><D89/><U117/><E117/><V76/><F118/><W23/><G34/><T61/><D50/><N who="1" m="18987" /><E111/><V110/><F110/><W128/><G30/><T93/><D68/><U6/><E6/><V130/><F130/><W81/><G73/><T7/><D7/><U102/><E21/><V28/><F72/><W135/><G135/><T66/><D66/><U125/><E132/><V25/><F25/><W41/><G41/><T74/><D74/><U32/><E32/><V57/><F57/><AGARI ba="0,0" hai="56,57,58,86,90,94,100,102,124,125,127" m="18987" machi="57" ten="40,1300,0" yaku="18,1" doraHai="62" who="1" fromWho="2" sc="250,0,250,13,250,-13,250,0" /><INIT seed="1,0,0,1,4,88" ten="250,263,237,250" oya="1" hai0="100,128,83,68,39,42,65,78,134,53,80,1,87" hai1="129,108,61,132,28,66,104,91,20,79,44,85,8" hai2="105,58,95,51,110,36,97,56,31,115,40,70,81" hai3="69,32,13,0,35,7,113,77,37,49,47,33,15"/><U5/><E104/><V102/><F70/><W17/><G113/><T90/><D134/><U89/><E132/><V41/><F110/><W127/><G69/><T99/><D128/><U52/><E129/><V26/><F115/><W67/><G67/><T71/><D1/><U96/><E108/><V122/><F122/><W11/><G37/><T50/><D65/><U55/><E96/><V72/><F36/><W57/><G57/><T38/><D42/><U92/><E79/><V62/><F105/><W2/><G77/><T30/><D30/><U117/><E117/><V84/><F72/><W12/><G127/><T76/><D90/><U121/><E91/><N who="2" m="51599" /><F51/><W24/><G49/><T64/><D64/><U107/><E107/><V45/><F45/><W119/><G47/><T54/><D54/><U23/><E121/><V111/><F111/><W43/><G43/><N who="2" m="16457" /><F62/><W10/><G119/><T126/><D126/><U9/><E44/><V14/><F14/><N who="3" m="5739" /><G0/><T131/><D131/><U86/><E86/><V135/><F135/><W48/><G48/><T106/><D39/><U101/><E101/><V34/><F34/><W59/><G59/><N who="2" m="22569" /><F31/><AGARI ba="0,0" hai="2,7,10,11,15,17,24,31,32,33,35" m="5739" machi="31" ten="30,8000,1" yaku="35,5" doraHai="88" who="3" fromWho="2" sc="250,0,263,0,237,-80,250,80" /><INIT seed="2,0,0,2,5,39" ten="250,263,157,330" oya="2" hai0="127,119,65,120,85,7,32,24,40,61,59,104,129" hai1="49,51,111,30,118,50,45,88,21,112,97,66,4" hai2="18,60,8,56,14,77,36,116,124,122,3,103,23" hai3="57,22,13,34,92,93,130,81,123,46,78,5,94"/><V53/><F122/><W29/><G123/><T74/><D120/><U102/><E118/><V101/><F116/><W87/><G130/><T70/><D74/><U64/><E112/><V12/><F124/><W0/><G0/><T2/><D119/><U15/><E111/><V96/><F3/><W114/><G114/><T99/><D127/><U17/><E30/><V125/><F125/><W110/><G110/><T82/><D129/><U107/><E4/><V58/><F36/><W72/><G34/><T20/><D32/><U25/><E25/><V71/><F71/><W76/><G57/><T26/><D7/><U6/><E6/><V19/><F77/><W91/><G72/><T131/><D2/><U89/><REACH who="1" step="1"/><E45/><REACH who="1" ten="250,253,157,330" step="2"/><V135/><F135/><W16/><G5/><T115/><D26/><U69/><E69/><V9/><F23/><N who="3" m="11663" /><G46/><T109/><D70/><U47/><E47/><V80/><F80/><W55/><G29/><T105/><D82/><U133/><E133/><V90/><REACH who="2" step="1"/><F58/><REACH who="2" ten="250,253,147,330" step="2"/><W132/><G132/><T95/><D20/><U62/><E62/><V67/><F67/><AGARI ba="0,2" hai="15,17,21,49,50,51,64,66,67,88,89,97,102,107" machi="67" ten="40,2600,0" yaku="1,1,54,1,53,0" doraHai="39" doraHaiUra="41" who="1" fromWho="2" sc="250,0,253,46,147,-26,330,0" /><INIT seed="3,0,0,0,0,29" ten="250,299,121,330" oya="3" hai0="53,89,12,75,101,7,61,73,71,91,134,41,77" hai1="22,23,99,85,11,80,70,113,93,6,109,97,82" hai2="24,20,116,118,122,88,56,14,78,51,34,64,27" hai3="102,124,96,37,106,44,1,32,26,21,133,28,115"/><W104/><G115/><T35/><D41/><U9/><E113/><V54/><F78/><W123/><G123/><T86/><D101/><U18/><E70/><V130/><F64/><W46/><G1/><T58/><D134/><U76/><E109/><V43/><F43/><W128/><G133/><T112/><D112/><U79/><E6/><V125/><F125/><W25/><G124/><T50/><D77/><U83/><E83/><V13/><F122/><W119/><G119/><T98/><D98/><U105/><E105/><V131/><F116/><W135/><G106/><T111/><D111/><U57/><E57/><V114/><F114/><W68/><G128/><T55/><D89/><U74/><E97/><V81/><F118/><W84/><G37/><T2/><D2/><U66/><E66/><V62/><F62/><W36/><G36/><T47/><D71/><U63/><E63/><V90/><F81/><W40/><G40/><T107/><D107/><U30/><E30/><V95/><F90/><W92/><G68/><T42/><D42/><U3/><E3/><V0/><F0/><W60/><G60/><T108/><D108/><U59/><E59/><V17/><F27/><W16/><G135/><T110/><D110/><U4/><E4/><V31/><REACH who="2" step="1"/><F14/><REACH who="2" ten="250,299,111,330" step="2"/><W67/><G67/><T8/><D61/><U120/><E120/><V117/><F117/><W33/><G26/><T127/><D12/><U49/><E49/><V10/><F10/><W129/><G25/><T45/><D50/><U87/><E74/><V103/><F103/><W94/><G102/><T39/><D73/><RYUUKYOKU ba="0,1" sc="250,-10,299,-10,111,30,330,-10" hai2="13,17,20,24,31,34,51,54,56,88,95,130,131" owari="240,-16.0,289,8.9,141,-35.9,330,43.0" /></mjloggm>