<mjloggm ver="2.3"><GO type="225" lobby="0"/><UN n0="%4B%2E%32%2E%4B%2E" n1="%E5%8D%A0%E3%81%84%E5%B8%AB%E8%A3%8F%E3%81%AA%E3%81%84%E3%81%97" n2="%E6%98%93%E5%88%A9%E8%96%A9%E4%BC%AF" n3="%E7%BD%AA%E5%88%91%E6%B3%95%E5%AE%9A%E4%B8%BB%E7%BE%A9" dan="17,17,17,16" rate="2167.96,2171.52,2165.94,2192.69" sx="M,M,F,M"/><TAIKYOKU oya="0"/><INIT seed="0,0,0,0,4,29" ten="250,250,250,250" oya="0" hai0="127,75,36,130,123,79,14,55,132,66,44,108,49" hai1="32,129,56,106,112,135,46,68,93,124,111,9,100" hai2="131,20,85,6,107,35,90,51,74,38,104,48,58" hai3="37,13,4,64,82,15,102,41,8,72,88,80,122"/><T34/><D123/><U128/><E111/><V33/><F74/><W98/><G122/><T134/><D127/><U86/><E68/><V21/><F38/><W76/><G64/><T40/><D130/><U0/><E124/><V42/><F6/><W119/><G119/><T95/><D108/><U10/><E135/><N who="0" m="51753" /><D66/><U101/><E112/><V26/><F131/><W92/><G82/><N who="0" m="45439" /><D14/><U7/><E0/><V116/><F116/><W67/><G67/><T11/><D11/><U77/><E9/><V70/><F70/><W27/><G27/><T50/><D95/><U71/><E93/><V113/><F113/><W3/><REACH who="3" step="1"/><G102/><REACH who="3" ten="250,250,250,240" step="2"/><T2/><D2/><U115/><E101/><V69/><F69/><W84/><G84/><T78/><D78/><U52/><E86/><V97/><F26/><W22/><G22/><T61/><D34/><U57/><E32/><V39/><F85/><W47/><AGARI ba="0,1" hai="3,4,8,13,15,37,41,47,72,76,80,88,92,98" machi="47" ten="30,12000,2" yaku="1,1,0,1,25,2,54,1,53,1" doraHai="29" doraHaiUra="1" who="3" fromWho="3" sc="250,-60,250,-30,250,-30,240,130" /><INIT seed="1,0,0,3,0,88" ten="190,220,220,370" oya="1" hai0="108,2,65,52,56,79,74,55,42,39,75,135,89" hai1="118,48,19,41,127,83,40,102,69,110,80,36,26" hai2="32,101,38,0,23,126,90,113,120,122,51,84,78" hai3="128,96,134,95,99,85,81,105,29,46,33,25,47"/><U28/><E118/><V59/><F32/><W30/><G128/><T71/><D2/><U58/><E69/><V133/><F38/><W112/><G112/><T54/><D108/><U6/><E110/><V124/><F0/><W68/><G68/><T64/><D135/><U13/><E36/><V21/><F133/><W22/><G134/><T109/><D109/><U100/><E127/><N who="2" m="48683" /><F101/><N who="1" m="39017" /><E6/><V14/><F78/><N who="3" m="46263" /><G33/><T121/><D121/><N who="2" m="46698" /><F14/><W131/><G131/><T53/><D71/><U45/><E40/><V123/><F113/><W57/><G105/><T106/><D106/><U73/><E73/><V115/><F115/><W34/><G34/><T4/><D4/><U103/><N who="1" m="39025" /><U12/><DORA hai="98" /><E58/><V50/><F59/><W117/><G117/><T1/><D1/><U7/><E7/><V8/><F8/><W66/><G30/><T82/><D75/><U9/><E12/><V77/><F123/><W116/><G116/><T20/><D74/><U119/><E119/><V104/><F104/><W16/><G46/><T18/><D39/><U63/><E63/><V37/><F37/><W87/><G47/><T93/><D42/><U5/><E28/><V31/><F31/><W91/><G29/><T94/><D65/><U76/><E76/><V70/><F70/><W49/><G66/><T10/><D64/><U43/><E43/><V107/><F107/><W3/><G3/><T27/><D79/><U62/><E62/><V44/><F77/><W60/><G60/><T129/><D56/><U86/><E86/><V92/><F44/><W11/><G57/><T125/><D125/><RYUUKYOKU ba="0,0" sc="190,-15,220,15,220,15,370,-15" hai1="5,9,13,19,26,41,45,48,80,83" hai2="21,23,50,51,84,90,92" /><INIT seed="1,1,0,0,5,22" ten="175,235,235,355" oya="1" hai0="98,63,127,40,84,121,35,13,74,12,101,116,75" hai1="1,51,72,23,37,115,120,3,31,111,34,92,100" hai2="60,97,131,21,29,80,64,24,8,27,43,44,124" hai3="39,129,96,83,112,54,7,81,71,28,70,42,95"/><U118/><E115/><V99/><F131/><W114/><G129/><T57/><D116/><U11/><E37/><V66/><F124/><W53/><G7/><T19/><D127/><U113/><E113/><V77/><F8/><W17/><G28/><T20/><D35/><U46/><E118/><V88/><F27/><W65/><G17/><T78/><D121/><U128/><E72/><V47/><F47/><W109/><G95/><T10/><D40/><U102/><E120/><V30/><F30/><W123/><G96/><T14/><D84/><U56/><E128/><V106/><F106/><W79/><G42/><T18/><D78/><U119/><E119/><V45/><F45/><W87/><G87/><T61/><D61/><U73/><E73/><V103/><F103/><W105/><G105/><T130/><D14/><U16/><E111/><V5/><F5/><W85/><G109/><T58/><D58/><U62/><E1/><V117/><F117/><W55/><G123/><T82/><D82/><U134/><E134/><V125/><F66/><W38/><G65/><T107/><REACH who="0" step="1"/><D130/><REACH who="0" ten="165,235,235,355" step="2"/><U9/><E34/><V104/><F77/><N who="3" m="46255" /><G114/><T89/><D89/><U93/><E62/><V4/><F60/><W59/><G112/><T0/><D0/><U25/><E56/><V32/><F32/><W135/><G59/><T90/><D90/><U76/><E76/><V68/><F88/><W69/><G135/><T110/><D110/><U49/><E3/><V41/><F41/><W15/><G15/><T67/><AGARI ba="1,1" hai="10,12,13,18,19,20,57,63,67,74,75,98,101,107" machi="67" ten="20,2700,0" yaku="1,1,0,1,7,1,53,0" doraHai="22" doraHaiUra="86" who="0" fromWho="0" sc="165,40,235,-14,235,-8,355,-8" /><INIT seed="2,0,0,5,4,133" ten="205,221,227,347" oya="2" hai0="76,90,49,80,116,67,5,24,131,38,3,22,87" hai1="117,23,118,104,102,89,60,64,108,100,97,78,42" hai2="8,57,112,26,61,0,70,6,63,16,91,36,9" hai3="96,17,79,53,126,62,109,2,93,71,95,98,103"/><V35/><F112/><W135/><G109/><T65/><D38/><U19/><E108/><V34/><F36/><W14/><G2/><T12/><D3/><U110/><E110/><V114/><F114/><W130/><G135/><T32/><D131/><U39/><E78/><V82/><F70/><W28/><G28/><T105/><D105/><U1/><E1/><V41/><F41/><W125/><G79/><T84/><D116/><U21/><E100/><V50/><F50/><W55/><G71/><T10/><D49/><U66/><E66/><V20/><F9/><W92/><G130/><T27/><D27/><U88/><E118/><V37/><F37/><W115/><G115/><T52/><D52/><N who="3" m="20041" /><G62/><T58/><D58/><U124/><E117/><V31/><F57/><W47/><G47/><T106/><D106/><U54/><E54/><V43/><F43/><W121/><G103/><T15/><D15/><U48/><E39/><V123/><F123/><W94/><G94/><T129/><D32/><U132/><E132/><V29/><F29/><W111/><G111/><T40/><D40/><U99/><E42/><V120/><F120/><W107/><G107/><T25/><D129/><U56/><E48/><V59/><F59/><W119/><G119/><T113/><D113/><U11/><E102/><V128/><F128/><W73/><G73/><T122/><D122/><U81/><E104/><V68/><F68/><W69/><G69/><T74/><D74/><U45/><E45/><V127/><F35/><W72/><G72/><T44/><D44/><U30/><E56/><V83/><F0/><RYUUKYOKU ba="0,0" sc="205,0,221,0,227,0,347,0" /><INIT seed="3,1,0,3,5,6" ten="205,221,227,347" oya="3" hai0="124,126,59,81,85,76,127,87,60,92,113,31,14" hai1="79,62,35,2,102,135,3,116,67,74,110,112,118" hai2="98,75,131,40,5,44,99,16,7,54,21,130,88" hai3="128,72,43,132,50,94,123,53,42,104,37,32,10"/><W129/><G94/><T49/><D113/><U45/><E112/><V13/><F75/><W121/><G32/><T15/><D31/><U114/><E114/><V105/><F54/><W86/><G43/><T125/><N who="0" m="31744" /><DORA hai="25" /><T36/><D36/><U89/><E110/><V11/><F105/><W27/><G53/><N who="0" m="32175" /><D60/><U70/><E135/><V83/><F7/><W46/><G132/><T17/><D17/><U58/><E102/><V20/><F20/><W106/><G106/><T80/><D92/><U73/><E35/><V101/><F44/><W56/><G46/><T122/><D122/><U8/><E45/><V107/><F40/><W65/><G42/><T93/><D93/><U52/><E89/><AGARI ba="1,0" hai="14,15,76,80,81,85,87,89" m="32175,31744" machi="89" ten="60,2000,0" yaku="18,1" doraHai="6,25" who="0" fromWho="1" sc="205,23,221,-23,227,0,347,0" owari="228,2.8,198,-30.2,227,-17.3,347,44.7" /></mjloggm>