<mjloggm ver="2.3"><GO type="225" lobby="0"/><UN n0="%E5%A4%8F%E9%88%B4%E9%88%B4%E5%A4%8F" n1="%E3%81%BD%E3%81%A1%E3%81%9F%E3%81%93%E3%82%84" n2="%4B%2E%32%2E%4B%2E" n3="%E7%99%BD%E5%80%89%E5%AF%9B%E4%B9%8B" dan="16,17,17,16" rate="2118.81,2151.32,2188.47,2122.49" sx="F,M,M,M"/><TAIKYOKU oya="0"/><INIT seed="0,0,0,0,1,100" ten="250,250,250,250" oya="0" hai0="103,14,95,15,124,77,128,37,24,20,70,5,4" hai1="39,2,44,28,88,3,25,133,108,65,83,41,75" hai2="66,126,91,76,55,73,110,19,52,119,107,38,125" hai3="123,82,23,63,54,135,49,16,1,117,104,120,79"/><T89/><D70/><U31/><E108/><V101/><F110/><W45/><G1/><T59/><D37/><U30/><E133/><V87/><F38/><W27/><G135/><T18/><D128/><U67/><E25/><V51/><F66/><W33/><G117/><T131/><D131/><U50/><E39/><V132/><F132/><W78/><G33/><T21/><D77/><U72/><E72/><V6/><F6/><N who="0" m="2666" /><D103/><U96/><E75/><V81/><F119/><W13/><G104/><T86/><D124/><N who="2" m="47722" /><F19/><W22/><G63/><T0/><D0/><U36/><E2/><V112/><F51/><W134/><G134/><T105/><D105/><U122/><E122/><N who="3" m="46634" /><G82/><T12/><D59/><U62/><E3/><V69/><F69/><W35/><G35/><T85/><D85/><N who="1" m="50239" /><E36/><V113/><F73/><W93/><G93/><T129/><D129/><U10/><E10/><V99/><F76/><W34/><G34/><T84/><D84/><U64/><E96/><V29/><F29/><AGARI ba="0,0" hai="13,16,22,23,27,29,45,49,54,78,79" m="46634" machi="29" ten="30,2000,0" yaku="13,1,54,1" doraHai="100" who="3" fromWho="2" sc="250,0,250,0,250,-20,250,20" /><AGARI ba="0,0" hai="12,14,15,18,20,21,24,29,86,89,95" m="2666" machi="29" ten="30,1500,0" yaku="8,1" doraHai="100" who="0" fromWho="2" sc="250,15,250,0,230,-15,270,0" /><INIT seed="0,1,0,4,2,54" ten="265,250,215,270" oya="0" hai0="116,87,56,77,123,119,69,38,32,6,23,83,98" hai1="71,27,73,53,24,20,120,130,106,100,51,33,101" hai2="107,28,99,12,108,22,17,13,11,75,36,122,110" hai3="86,74,113,78,91,104,94,114,79,9,68,21,48"/><T105/><D123/><U10/><E120/><V59/><F122/><W14/><G68/><T55/><D69/><U84/><E73/><V92/><F107/><W7/><G104/><T15/><D32/><U70/><E130/><V121/><F121/><W89/><G74/><T18/><D38/><U103/><E106/><V124/><F36/><W5/><G5/><T133/><D133/><U93/><E10/><V8/><F75/><W44/><G113/><T60/><REACH who="0" step="1"/><D6/><REACH who="0" ten="255,250,215,270" step="2"/><U97/><E33/><V72/><F110/><W31/><G114/><T85/><D85/><U135/><E135/><V76/><F108/><W30/><G91/><T43/><D43/><U57/><E84/><V129/><F72/><W42/><REACH who="3" step="1"/><G21/><REACH who="3" ten="255,250,215,260" step="2"/><T65/><D65/><U45/><E71/><V26/><F22/><W52/><G52/><T19/><D19/><U64/><E70/><V132/><F17/><W109/><G109/><T40/><D40/><N who="1" m="24999" /><E64/><V80/><F132/><W4/><G4/><T126/><D126/><U1/><E20/><V66/><F124/><W63/><G63/><T131/><D131/><U62/><E1/><V50/><F129/><W29/><AGARI ba="1,2" hai="7,9,14,29,30,31,42,44,48,78,79,86,89,94" machi="29" ten="30,7900,0" yaku="1,1,0,1,8,1,53,1" doraHai="54" doraHaiUra="3" who="3" fromWho="3" sc="255,-40,250,-21,215,-21,260,102" /><INIT seed="1,0,0,3,4,42" ten="215,229,194,362" oya="1" hai0="20,35,47,100,118,24,14,54,38,41,32,11,58" hai1="13,77,22,116,31,61,81,79,1,49,120,56,89" hai2="135,87,40,36,45,26,94,114,25,99,52,83,33" hai3="91,71,103,133,17,131,127,3,75,48,12,107,62"/><U125/><E1/><V68/><F68/><W51/><G3/><T43/><D118/><U64/><E120/><V126/><F33/><W110/><G75/><T23/><D100/><U98/><E125/><V84/><F126/><W27/><G127/><T4/><D43/><U69/><E116/><V86/><F135/><W134/><G27/><T104/><D104/><U132/><E132/><V5/><F114/><W112/><G112/><T88/><D88/><U85/><E98/><V95/><F83/><W129/><G103/><T76/><D76/><U101/><E101/><V59/><F5/><W34/><G107/><T21/><REACH who="0" step="1"/><D24/><REACH who="0" ten="205,229,194,362" step="2"/><U37/><E79/><V2/><F94/><W9/><G91/><T67/><D67/><U74/><E77/><V109/><F26/><W96/><G134/><T8/><D8/><U57/><E64/><V15/><F25/><W119/><G133/><T117/><D117/><U82/><E89/><V123/><F95/><W122/><G119/><T30/><D30/><U66/><E31/><V90/><F90/><W92/><G92/><T93/><D93/><U72/><E82/><V6/><F99/><W111/><G96/><T50/><AGARI ba="0,1" hai="4,11,14,20,21,23,32,35,38,41,47,50,54,58" machi="50" ten="30,4000,0" yaku="1,1,0,1,52,1,53,0" doraHai="42" doraHaiUra="130" who="0" fromWho="0" sc="205,50,229,-20,194,-10,362,-10" /><INIT seed="2,0,0,4,5,80" ten="255,209,184,352" oya="2" hai0="103,46,75,29,25,120,67,73,88,14,110,41,45" hai1="5,86,130,2,85,44,42,27,95,129,57,131,76" hai2="101,43,47,15,3,118,134,22,40,12,96,105,7" hai3="59,74,38,81,112,77,50,87,79,72,53,64,54"/><V66/><F118/><W111/><G38/><T97/><D120/><U100/><E76/><V84/><F134/><W61/><G112/><T89/><D67/><U32/><E57/><V124/><F124/><W106/><G106/><T122/><D122/><U62/><E62/><V9/><F66/><W17/><G111/><T19/><D75/><U28/><E5/><V127/><F127/><W91/><G74/><T108/><D73/><U6/><E6/><V63/><F63/><W114/><G114/><T52/><D52/><N who="3" m="20073" /><G72/><T117/><D117/><U102/><E2/><V70/><F70/><W26/><G50/><N who="0" m="26927" /><D46/><U55/><E55/><V36/><F43/><W18/><G18/><T34/><D19/><U125/><E125/><V60/><F60/><W133/><G133/><T4/><D14/><U115/><E115/><V109/><F109/><N who="0" m="42090" /><D4/><U113/><E113/><V104/><F104/><AGARI ba="0,0" hai="25,29,34,88,89,97,103,104" m="42090,26927" machi="104" ten="30,2000,0" yaku="14,1,54,1" doraHai="80" who="0" fromWho="2" sc="255,20,209,0,184,-20,352,0" /><INIT seed="3,0,0,1,0,115" ten="275,209,164,352" oya="3" hai0="123,101,29,14,13,19,94,23,2,63,58,132,24" hai1="80,56,59,120,133,129,55,27,54,1,26,51,48" hai2="33,31,28,81,96,121,73,42,131,52,37,116,7" hai3="15,44,82,3,12,45,67,34,95,109,119,39,8"/><W130/><G34/><T83/><D123/><U114/><E120/><V124/><F121/><W97/><G67/><T78/><D2/><U17/><E114/><V61/><F33/><W20/><G3/><T11/><D13/><U98/><E1/><V125/><F7/><W85/><G39/><T66/><D132/><U93/><E129/><V40/><F131/><W108/><G20/><T47/><D47/><N who="3" m="17993" /><G119/><T86/><D94/><U122/><E133/><V41/><F37/><W60/><G60/><T127/><D127/><N who="2" m="48714" /><F96/><W62/><G62/><T105/><D105/><U36/><E36/><V6/><F6/><W126/><G8/><T25/><D25/><U87/><E17/><V38/><F38/><W88/><G130/><T135/><D135/><U35/><E35/><V111/><F111/><N who="3" m="42571" /><G126/><T0/><D0/><U16/><E122/><V106/><F106/><W43/><G43/><N who="2" m="16457" /><F28/><W4/><G4/><T103/><AGARI ba="0,0" hai="11,14,19,23,24,29,58,63,66,78,83,86,101,103" machi="103" ten="30,2000,0" yaku="0,1,8,1" doraHai="115" who="0" fromWho="0" sc="275,20,209,-5,164,-5,352,-10" owari="295,9.5,204,-19.6,159,-34.1,342,44.2" /></mjloggm>