<mjloggm ver="2.3"><GO type="225" lobby="0"/><UN n0="%72%61%6B%33" n1="%E5%A4%A9%E7%A9%BA%73%61%79%61" n2="%E6%A1%9C%E8%8A%B1%E9%96%83%E3%80%85" n3="%E7%99%BD%E5%80%89%E5%AF%9B%E4%B9%8B" dan="16,17,17,16" rate="2138.85,2140.71,2187.87,2122.09" sx="M,M,M,M"/><TAIKYOKU oya="0"/><INIT seed="0,0,0,3,1,99" ten="250,250,250,250" oya="0" hai0="124,70,69,65,129,74,3,89,83,112,18,79,38" hai1="20,91,25,80,0,21,85,53,96,13,23,130,116" hai2="67,82,64,58,114,123,42,34,35,94,122,7,30" hai3="104,77,48,100,132,128,134,92,24,31,33,118,51"/><T52/><D112/><U37/><E130/><V81/><F114/><W110/><G128/><T120/><D120/><U47/><E116/><V75/><F7/><W16/><G118/><T95/><D129/><U36/><E0/><V103/><F42/><W43/><G110/><T97/><D124/><U133/><E133/><N who="3" m="51306" /><G104/><T14/><D3/><U26/><E37/><V61/><F30/><W55/><G77/><T2/><D2/><U17/><E96/><V72/><F58/><W125/><G125/><T54/><D38/><U86/><E86/><V84/><F84/><W63/><G43/><T56/><D65/><U57/><E36/><V105/><F94/><W71/><G71/><T22/><REACH who="0" step="1"/><D54/><REACH who="0" ten="240,250,250,250" step="2"/><U11/><REACH who="1" step="1"/><E47/><REACH who="1" ten="240,240,250,250" step="2"/><V19/><F122/><W108/><G108/><T76/><D76/><U9/><E9/><V15/><F123/><W117/><G117/><T109/><D109/><U101/><E101/><V50/><F103/><W102/><G100/><T90/><D90/><U8/><E8/><V44/><F44/><W46/><G46/><T27/><D27/><U29/><E29/><V93/><F15/><W111/><G111/><T10/><D10/><U1/><E1/><V32/><F75/><W5/><G31/><T107/><D107/><U6/><E6/><V98/><F72/><W62/><G5/><T87/><D87/><U49/><AGARI ba="0,2" hai="11,13,17,20,21,23,25,26,49,53,57,80,85,91" machi="49" ten="30,4000,0" yaku="1,1,0,1,8,1,53,0" doraHai="99" doraHaiUra="59" who="1" fromWho="1" sc="240,-20,240,60,250,-10,250,-10" /><INIT seed="1,0,0,0,2,4" ten="220,300,240,240" oya="1" hai0="42,133,11,28,29,80,130,123,132,70,86,124,62" hai1="105,93,88,82,131,27,87,43,55,32,114,18,79" hai2="95,58,85,41,84,91,50,126,36,39,7,67,37" hai3="59,68,125,9,56,89,92,69,60,112,45,75,17"/><U99/><E114/><V16/><F126/><W71/><G75/><T40/><D124/><U78/><E131/><V49/><F7/><W122/><G125/><T103/><D130/><U10/><E105/><V20/><F85/><W34/><G34/><T54/><D103/><U15/><E43/><V128/><F128/><W51/><G112/><T2/><D123/><U12/><E55/><V83/><F83/><W63/><G122/><T77/><D29/><U33/><E27/><V90/><F90/><W47/><G60/><T52/><D28/><U117/><E117/><V25/><REACH who="2" step="1"/><F41/><REACH who="2" ten="220,300,230,240" step="2"/><W97/><G89/><T53/><D42/><U111/><E111/><V30/><F30/><W14/><G97/><T3/><D40/><U104/><E79/><V109/><F109/><W94/><G17/><T135/><REACH who="0" step="1"/><D11/><REACH who="0" ten="210,300,230,240" step="2"/><U108/><E108/><V81/><F81/><W35/><G9/><T38/><D38/><U8/><E104/><V24/><F24/><W118/><G118/><T66/><AGARI ba="0,2" hai="2,3,52,53,54,62,66,70,77,80,86,132,133,135" machi="66" ten="40,8000,1" yaku="1,1,0,1,20,1,54,1,53,0" doraHai="4" doraHaiUra="21" who="0" fromWho="0" sc="210,100,300,-40,230,-20,240,-20" /><INIT seed="2,0,0,1,5,67" ten="310,260,210,220" oya="2" hai0="86,102,26,48,132,37,40,43,61,124,93,97,38" hai1="125,72,5,94,22,2,32,100,123,122,134,1,78" hai2="73,89,120,7,128,27,18,74,70,85,14,68,42" hai3="3,10,95,39,60,98,15,115,133,75,56,112,90"/><V83/><F120/><N who="1" m="46121" /><E32/><V87/><F128/><W23/><G133/><T16/><D124/><U44/><E134/><V24/><F42/><W57/><G39/><T31/><D132/><U114/><E114/><N who="3" m="43562" /><G75/><T111/><D111/><U135/><E135/><V108/><F7/><N who="3" m="1407" /><G60/><T106/><D61/><U96/><E125/><V20/><F108/><W116/><G116/><T118/><D118/><U64/><E5/><V9/><F87/><W76/><G76/><T99/><D86/><U130/><E130/><V4/><REACH who="2" step="1"/><F27/><REACH who="2" ten="310,260,200,220" step="2"/><W33/><G33/><T17/><D40/><U92/><E72/><AGARI ba="0,1" hai="4,9,14,18,20,24,68,70,72,73,74,83,85,89" machi="72" ten="40,12000,1" yaku="1,1,2,1,52,2,53,0" doraHai="67" doraHaiUra="88" who="2" fromWho="1" sc="310,0,260,-120,200,130,220,0" /><INIT seed="2,1,0,4,0,121" ten="310,140,330,220" oya="2" hai0="104,124,54,75,62,66,93,130,43,48,126,33,94" hai1="77,58,92,50,83,91,22,110,3,111,76,44,1" hai2="84,116,101,78,96,99,119,5,118,115,13,18,108" hai3="95,49,32,12,25,88,57,27,65,9,8,70,46"/><V128/><F115/><W113/><G70/><T39/><D104/><U11/><E58/><V114/><F114/><W112/><G112/><T37/><D75/><U68/><E68/><V53/><F128/><W30/><G113/><T106/><D106/><U47/><E22/><V17/><F5/><W51/><G27/><T56/><D33/><U103/><E103/><V67/><F67/><W82/><G82/><T42/><D94/><U38/><E38/><N who="0" m="14345" /><D93/><U133/><E133/><V40/><F40/><N who="0" m="15402" /><D130/><U55/><E47/><AGARI ba="1,0" hai="47,48,54,56,62,66,124,126" m="15402,14345" machi="47" ten="30,2000,0" yaku="34,2" doraHai="121" who="0" fromWho="1" sc="310,23,140,-23,330,0,220,0" /><INIT seed="3,0,0,3,4,123" ten="333,117,330,220" oya="3" hai0="64,13,43,127,114,48,19,3,106,55,90,52,94" hai1="22,67,71,62,121,115,24,97,125,88,87,73,57" hai2="29,27,118,17,84,132,14,4,68,47,80,69,120" hai3="122,116,75,61,119,101,50,12,38,107,82,26,60"/><W76/><G38/><T59/><D106/><U112/><E125/><V124/><F118/><W65/><G122/><T16/><D3/><U6/><E73/><V10/><F120/><W113/><G113/><T117/><D117/><U1/><E121/><V58/><F124/><W51/><G61/><N who="0" m="37951" /><D114/><U54/><E97/><V108/><F108/><W5/><G51/><T102/><D102/><U95/><E6/><V45/><F132/><W89/><G50/><T49/><D127/><U104/><E104/><V33/><F58/><W77/><G77/><T98/><D43/><U21/><E1/><V92/><F92/><W44/><G44/><N who="0" m="27655" /><D13/><U86/><E86/><V83/><F83/><W39/><G5/><T74/><D74/><U78/><E21/><V100/><F100/><W37/><G26/><T72/><D72/><U23/><E22/><V105/><F105/><W41/><G89/><T0/><D0/><U56/><E78/><V99/><F99/><N who="3" m="61887" /><G12/><T130/><D130/><U11/><E11/><V32/><F4/><W96/><G96/><T42/><D42/><U25/><E25/><V31/><F47/><AGARI ba="0,0" hai="16,19,47,49,55,90,94,98" m="27655,37951" machi="47" ten="30,3900,0" yaku="8,1,54,2" doraHai="123" who="0" fromWho="2" sc="333,39,117,0,330,-39,220,0" owari="372,47.2,117,-38.3,291,9.1,220,-18.0" /></mjloggm>