<mjloggm ver="2.3"><GO type="225" lobby="0"/><UN n0="%E3%82%8F%E3%81%8B%E3%81%B0%2A%E3%82%AC%E3%83%BC%E3%83%AB" n1="%E3%81%AF%E3%82%88%E3%81%8A%E3%81%98%E3%81%95%E3%82%93" n2="%E6%80%AA%E3%81%97%E3%81%99%E3%81%8E%E3%82%8B%E3%83%81%E3%83%BC" n3="%E3%81%82%E3%81%84%E3%81%82%E3%81%8A%E3%81%84" dan="16,17,16,18" rate="2059.00,2238.12,2067.14,2179.28" sx="M,M,M,M"/><TAIKYOKU oya="0"/><INIT seed="0,0,0,2,4,34" ten="250,250,250,250" oya="0" hai0="9,118,4,117,114,70,23,129,32,110,51,17,123" hai1="120,16,97,52,2,131,61,135,38,124,43,40,62" hai2="5,13,49,42,101,39,107,109,20,98,15,79,21" hai3="111,46,102,44,3,116,50,29,72,69,87,113,57"/><T112/><D70/><U36/><E97/><V95/><F109/><W45/><G72/><T28/><D51/><U35/><E35/><V92/><F39/><W128/><G113/><N who="0" m="43627" /><D123/><U54/><E16/><N who="2" m="10255" /><F107/><W127/><G69/><T85/><D85/><U122/><E2/><V121/><F121/><N who="1" m="46697" /><E124/><V82/><F92/><W53/><G127/><T26/><D129/><U58/><E131/><V134/><F134/><W66/><G128/><T100/><D100/><U65/><E135/><V103/><F103/><W30/><G116/><T8/><D110/><U88/><E88/><N who="2" m="55655" /><F79/><W105/><G111/><T24/><D8/><U55/><E62/><V63/><F63/><W41/><G102/><T104/><D104/><U22/><E22/><V89/><F101/><W75/><G105/><T132/><D132/><U130/><E130/><V37/><F89/><W1/><G75/><T67/><D67/><U133/><E133/><V11/><F82/><W64/><G87/><T19/><D19/><U33/><E33/><V14/><F21/><W59/><G41/><AGARI ba="0,0" hai="36,38,40,41,43,52,54,55,58,61,65" m="46697" machi="41" ten="30,3900,0" yaku="34,2,54,1" doraHai="34" who="1" fromWho="3" sc="250,0,250,39,250,0,250,-39" /><INIT seed="1,0,0,1,0,126" ten="250,289,250,211" oya="1" hai0="85,29,10,81,22,21,59,127,120,124,2,16,54" hai1="37,38,14,64,63,78,96,95,18,46,45,114,99" hai2="48,41,91,106,72,13,101,0,104,122,125,42,116" hai3="47,24,102,25,132,83,121,62,65,40,57,5,43"/><U108/><E114/><V12/><F0/><W103/><G121/><T8/><D120/><U117/><E117/><V34/><F122/><W87/><G132/><T23/><D29/><U44/><E108/><V26/><F125/><N who="0" m="48202" /><D2/><U84/><E38/><V75/><F91/><W33/><G5/><T113/><D113/><U52/><E37/><V131/><F48/><W70/><G70/><T123/><D123/><U100/><E96/><V88/><F88/><N who="3" m="51327" /><G33/><T66/><D66/><U71/><E84/><V115/><F34/><W109/><G109/><T130/><D130/><U128/><E78/><V32/><F131/><W19/><G47/><T133/><D133/><U74/><E74/><V98/><F32/><W7/><G7/><T11/><D85/><U76/><E76/><V50/><F50/><W56/><G56/><T112/><D81/><U90/><E90/><V61/><F61/><W97/><G97/><T20/><D112/><U55/><REACH who="1" step="1"/><E128/><REACH who="1" ten="250,279,250,211" step="2"/><V82/><F115/><W129/><G129/><T68/><D68/><U36/><E36/><V135/><F116/><W134/><G134/><T28/><D28/><U93/><E93/><V53/><F135/><W79/><G79/><T60/><D23/><AGARI ba="0,1" hai="14,18,23,44,45,46,52,55,63,64,71,95,99,100" machi="23" ten="40,3900,0" yaku="1,1,54,1,53,0" doraHai="126" doraHaiUra="118" who="1" fromWho="0" sc="250,-39,279,49,250,0,211,0" /><INIT seed="1,1,0,0,5,46" ten="211,328,250,211" oya="1" hai0="112,36,28,67,42,84,3,126,135,0,10,33,27" hai1="14,21,5,20,72,17,107,15,66,64,61,62,35" hai2="127,108,60,121,49,70,12,83,8,38,125,52,87" hai3="44,24,123,7,22,76,91,34,132,88,2,94,65"/><U63/><E35/><V99/><F121/><W48/><G123/><T25/><D112/><U81/><E107/><V111/><F38/><W122/><G122/><T73/><D73/><U105/><E105/><V39/><F99/><W130/><G34/><T59/><D126/><N who="2" m="48138" /><F60/><W129/><G65/><T113/><D113/><U77/><E5/><N who="2" m="3087" /><F70/><W43/><G76/><T78/><D135/><U101/><E101/><V114/><F39/><W58/><G58/><T98/><D98/><U93/><E93/><V32/><F32/><W40/><G132/><T116/><D116/><U97/><E97/><V68/><F68/><W23/><G43/><T26/><D59/><U30/><E30/><V118/><F118/><W31/><G23/><T85/><D67/><U50/><E50/><V51/><F114/><W80/><G80/><T69/><D69/><U4/><E4/><V90/><F49/><W100/><G100/><T55/><D36/><U110/><E110/><V6/><F6/><W119/><G119/><T102/><D102/><U57/><E64/><V9/><F9/><N who="3" m="2295" /><G94/><T96/><D10/><U53/><E66/><V19/><F19/><AGARI ba="1,0" hai="14,15,17,19,20,21,53,57,61,62,63,72,77,81" machi="19" ten="40,2000,0" yaku="9,1" doraHai="46" who="1" fromWho="2" sc="211,0,328,23,250,-23,211,0" /><INIT seed="1,2,0,3,3,5" ten="211,351,227,211" oya="1" hai0="44,111,81,82,116,131,33,51,72,128,102,26,67" hai1="88,23,55,40,42,65,91,101,20,17,76,106,6" hai2="32,99,30,93,122,54,28,109,21,80,105,12,115" hai3="38,112,49,118,63,56,43,90,123,110,126,52,24"/><U132/><E132/><V103/><F122/><W7/><G123/><T70/><D111/><U69/><E76/><V35/><F109/><W124/><G110/><T87/><D116/><U59/><E6/><V95/><F115/><W130/><G112/><T11/><D102/><U71/><E106/><V108/><F108/><W53/><G7/><T133/><D133/><U66/><E101/><V45/><F80/><W97/><G130/><N who="0" m="49707" /><D67/><N who="1" m="25611" /><E69/><V2/><F2/><W86/><G97/><T27/><D70/><U8/><E71/><V15/><F105/><W89/><G118/><T25/><D33/><U29/><E29/><V77/><F77/><W119/><G119/><T74/><D11/><U47/><E8/><V113/><F103/><W10/><G10/><T34/><D34/><U58/><E58/><V46/><F113/><W3/><G3/><T18/><D18/><U134/><E134/><V75/><F21/><N who="1" m="8265" /><E17/><V100/><F100/><W64/><G24/><T39/><D39/><U125/><E125/><N who="3" m="48234" /><G38/><T19/><D19/><U78/><E78/><V62/><F32/><W31/><G31/><T121/><D121/><U36/><E36/><V60/><F35/><W1/><G1/><T0/><D0/><U117/><E117/><V94/><F30/><W120/><G120/><T92/><D72/><U104/><E104/><V79/><F28/><W4/><G4/><T129/><D74/><U57/><E57/><N who="2" m="34871" /><F75/><W114/><G114/><T73/><D73/><U13/><E13/><N who="2" m="5195" /><F79/><W83/><G90/><N who="1" m="34346" /><E47/><AGARI ba="2,0" hai="43,47,49,52,53,56,63,64,83,86,89" m="48234" machi="47" ten="30,2000,0" yaku="18,1,54,1" doraHai="5" who="3" fromWho="1" sc="211,0,351,-26,227,0,211,26" /><INIT seed="2,0,0,4,5,34" ten="211,325,227,237" oya="2" hai0="3,102,64,78,73,50,112,118,133,61,119,10,123" hai1="103,99,104,97,81,131,128,8,91,54,45,76,120" hai2="21,84,126,52,122,15,63,59,35,129,11,135,98" hai3="79,36,25,106,94,113,85,62,43,117,80,68,37"/><V31/><F122/><W18/><G106/><T0/><D123/><U2/><E120/><V134/><F35/><W75/><G117/><N who="0" m="44555" /><D112/><U77/><E54/><V132/><F129/><N who="1" m="49737" /><E45/><V127/><F98/><W41/><G113/><T53/><D133/><U32/><E32/><V66/><F84/><W28/><G18/><T70/><D102/><N who="1" m="62543" /><E8/><V27/><REACH who="2" step="1"/><F66/><REACH who="2" ten="211,325,217,237" step="2"/><W38/><G85/><T89/><D89/><U95/><E2/><V86/><F86/><AGARI ba="0,1" hai="76,77,81,86,91,95,99,103" m="62543,49737" machi="86" ten="30,3900,0" yaku="19,1,34,2" doraHai="34" who="1" fromWho="2" sc="211,0,325,49,217,-39,237,0" /><INIT seed="3,0,0,1,4,76" ten="211,374,178,237" oya="3" hai0="43,62,45,80,16,94,102,122,57,129,83,20,74" hai1="7,133,3,37,125,123,60,65,79,66,27,29,134" hai2="11,98,38,121,55,53,73,124,54,47,4,71,107" hai3="23,63,88,132,39,44,72,89,28,69,32,118,1"/><W112/><G1/><T48/><D122/><U100/><E37/><V116/><F121/><W93/><G72/><T135/><D135/><N who="1" m="51723" /><E123/><V81/><F124/><W0/><G0/><T49/><D74/><U50/><E125/><V30/><F116/><W51/><G39/><T17/><D49/><U105/><E79/><V113/><F113/><W128/><G32/><T109/><D109/><U64/><E50/><V24/><F71/><W127/><G112/><T18/><D20/><U46/><E46/><V90/><F107/><W15/><G118/><T56/><D129/><U34/><E100/><V14/><F38/><W101/><G44/><T68/><D68/><N who="1" m="41991" /><E105/><V86/><F73/><W5/><G101/><T84/><D57/><U13/><E3/><V82/><F98/><W119/><G69/><T106/><D106/><U8/><AGARI ba="0,0" hai="7,8,13,27,29,34,65,66" m="41991,51723" machi="8" ten="30,1100,0" yaku="20,1" doraHai="76" who="1" fromWho="1" sc="211,-3,374,11,178,-3,237,-5" owari="208,-19.2,385,48.5,175,-32.5,232,3.2" /></mjloggm>