<mjloggm ver="2.3"><GO type="225" lobby="0"/><UN n0="%E3%83%96%E3%83%83%E3%83%91%E3%82%AA%E3%83%96%E3%83%81%E3%82%AD%E3%83%B3" n1="%E3%81%8B%E3%82%8F%E3%81%A1%E3%82%83%E3%82%93%35%38" n2="%E6%9C%88%E5%B3%B6%E5%9F%BA" n3="%E3%83%A9%E3%83%BC%E3%83%A1%E3%83%B3%E4%BA%94%E9%83%8E" dan="17,16,17,16" rate="2178.22,2144.84,2190.45,2140.79" sx="M,M,M,M"/><TAIKYOKU oya="0"/><INIT seed="0,0,0,5,1,51" ten="250,250,250,250" oya="0" hai0="81,70,99,16,42,80,50,30,49,27,76,26,32" hai1="14,29,71,107,36,45,54,105,90,44,11,15,56" hai2="117,34,93,48,39,0,109,3,113,63,104,41,28" hai3="13,69,5,108,59,23,88,22,2,43,6,35,66"/><T97/><D70/><U106/><E71/><V38/><F113/><W101/><G35/><T132/><D132/><U128/><E128/><V72/><F93/><W46/><G2/><N who="2" m="553" /><F48/><N who="0" m="18538" /><D32/><U95/><E29/><V119/><F109/><W74/><G108/><T18/><D42/><U47/><E36/><N who="2" m="13867" /><F41/><W68/><G43/><T37/><D37/><U53/><E56/><V31/><F63/><W57/><G57/><T7/><D7/><U129/><E129/><V17/><F17/><N who="0" m="6762" /><D30/><N who="2" m="11306" /><F34/><W121/><G68/><T55/><D76/><U96/><REACH who="1" step="1"/><E11/><REACH who="1" ten="250,240,250,250" step="2"/><V25/><F25/><N who="0" m="9226" /><D55/><AGARI ba="0,1" hai="14,15,44,45,47,53,54,55,90,95,96,105,106,107" machi="55" ten="50,8000,1" yaku="1,1,52,3,53,0" doraHai="51" doraHaiUra="67" who="1" fromWho="0" sc="250,-80,240,90,250,0,250,0" /><INIT seed="1,0,0,2,2,98" ten="170,330,250,250" oya="1" hai0="110,69,6,70,51,97,59,49,86,26,16,10,12" hai1="115,58,61,121,112,9,79,75,48,32,43,85,20" hai2="114,126,39,87,89,131,33,45,5,52,82,122,17" hai3="78,81,91,2,15,35,103,106,117,8,67,133,18"/><U109/><E32/><V130/><F122/><W100/><G35/><T76/><D110/><U77/><E75/><V36/><F33/><W74/><G133/><T50/><D69/><U63/><E20/><V101/><F126/><W42/><G117/><T11/><D70/><U31/><E9/><V54/><F114/><W118/><G118/><T96/><D59/><U83/><E31/><V30/><F30/><W1/><G67/><T128/><D128/><N who="2" m="49194" /><F5/><W64/><G64/><T19/><D26/><U38/><E38/><N who="2" m="14379" /><F45/><W93/><G42/><T107/><D107/><U68/><E68/><V90/><BYE who="1" /><F101/><UN n1="%E3%81%8B%E3%82%8F%E3%81%A1%E3%82%83%E3%82%93%35%38" /><W80/><G80/><T92/><D19/><U25/><E83/><N who="2" m="49407" /><F17/><W123/><G123/><T125/><D125/><U7/><E25/><V23/><F23/><W53/><G103/><T99/><D76/><U60/><E85/><AGARI ba="0,0" hai="52,54,82,85,90" m="49407,14379,49194" machi="85" ten="30,2000,0" yaku="19,1,54,1" doraHai="98" who="2" fromWho="1" sc="170,0,330,-20,250,20,250,0" /><INIT seed="2,0,0,2,5,41" ten="170,310,270,250" oya="2" hai0="44,37,94,42,38,11,117,50,63,121,93,82,21" hai1="101,30,122,103,74,126,118,87,16,119,80,70,110" hai2="120,13,12,40,112,0,104,116,102,95,75,100,72" hai3="59,8,43,109,20,29,91,4,108,1,26,57,17"/><V54/><F0/><W134/><G134/><T22/><D121/><U6/><E70/><V79/><F112/><W39/><G91/><T60/><D117/><U127/><E74/><V52/><F116/><N who="1" m="44585" /><E30/><V115/><F40/><W90/><G90/><T133/><D133/><U10/><E16/><V55/><F79/><W48/><G39/><T31/><D38/><U68/><E68/><V35/><F55/><W61/><G29/><T111/><D111/><N who="3" m="42569" /><G61/><N who="0" m="23627" /><D37/><U62/><E62/><V47/><F120/><W49/><G49/><T113/><D113/><U53/><E53/><V86/><F115/><W114/><G114/><T85/><D11/><U51/><E51/><V76/><F35/><W84/><G84/><T58/><D58/><U128/><E110/><V129/><F75/><W78/><G78/><N who="0" m="46295" /><D21/><U46/><E122/><V97/><F72/><W92/><G92/><T45/><D45/><AGARI ba="0,0" hai="1,4,8,17,20,26,43,45,48,57,59" m="42569" machi="45" ten="30,2000,0" yaku="14,1,52,1" doraHai="41" who="3" fromWho="0" sc="170,-20,310,0,270,0,250,20" /><INIT seed="3,0,0,1,3,53" ten="150,310,270,270" oya="3" hai0="4,71,129,49,5,66,115,113,118,18,13,46,69" hai1="51,2,48,75,105,22,62,124,131,85,20,77,35" hai2="32,17,74,81,12,8,64,67,89,93,68,86,134" hai3="70,111,80,9,90,16,125,73,104,37,47,127,116"/><W45/><G116/><T110/><D118/><U23/><E35/><V112/><F112/><W30/><G70/><T6/><D110/><U98/><E75/><V107/><F134/><W0/><G104/><T91/><D129/><U31/><E2/><V10/><F32/><W128/><G128/><T120/><D120/><U38/><E38/><V44/><F107/><W88/><G111/><T40/><D71/><U58/><E131/><V43/><F10/><W34/><G73/><T106/><D106/><U97/><E31/><V14/><F14/><N who="3" m="7247" /><G0/><T102/><D102/><U52/><E124/><N who="3" m="47690" /><G80/><T54/><D69/><U50/><E105/><V83/><F74/><W61/><G61/><T65/><D115/><U28/><E28/><V123/><F123/><W92/><G37/><T99/><D113/><U119/><E119/><V39/><F68/><W130/><G130/><T79/><D79/><U21/><E21/><V82/><AGARI ba="0,0" hai="8,12,17,39,43,44,64,67,81,82,83,86,89,93" machi="82" ten="30,1100,0" yaku="0,1" doraHai="53" who="2" fromWho="2" sc="150,-3,310,-3,270,11,270,-5" owari="147,-35.3,307,40.7,281,8.1,265,-13.5" /></mjloggm>