<mjloggm ver="2.3"><GO type="225" lobby="0"/><UN n0="%E3%81%97%E3%82%89%E3%81%84%E3%81%97%E3%81%BE%E3%81%84" n1="%E9%A6%AC%E5%BC%95%E7%81%AB%33" n2="%E3%80%90%E8%92%BC%E7%90%89%E3%80%91" n3="%E3%82%8F%E3%81%8B%E3%81%B0%2A%E3%82%AC%E3%83%BC%E3%83%AB" dan="16,16,16,16" rate="2094.26,2125.82,2202.94,2061.77" sx="M,M,F,M"/><TAIKYOKU oya="0"/><INIT seed="0,0,0,4,5,113" ten="250,250,250,250" oya="0" hai0="68,66,16,47,119,102,49,86,32,23,131,117,20" hai1="116,107,24,125,133,58,89,61,45,69,78,36,67" hai2="59,103,63,21,14,130,15,126,43,134,91,54,35" hai3="10,97,65,99,105,88,52,77,6,129,7,31,70"/><T79/><D32/><U44/><E107/><V28/><F35/><W122/><G129/><T29/><D131/><U98/><E125/><V11/><F126/><W135/><G135/><T22/><D102/><U80/><E133/><V0/><F134/><W93/><G122/><T57/><D68/><U108/><E108/><V114/><F114/><W100/><G77/><T55/><D29/><U76/><E116/><V90/><F103/><W73/><G73/><T64/><D16/><U37/><E78/><V62/><F0/><W34/><G10/><T87/><D47/><U17/><E69/><V30/><F130/><W101/><G52/><T75/><D75/><U84/><E36/><V33/><F33/><W74/><G74/><T124/><D124/><U71/><E71/><V96/><F43/><W118/><G118/><T42/><D42/><U50/><E50/><V12/><F11/><W111/><G111/><T53/><D53/><U81/><E81/><V46/><F46/><W39/><G101/><T56/><D66/><U3/><E3/><V9/><F9/><W4/><G39/><T123/><D123/><U26/><E37/><V25/><F28/><W60/><G4/><T19/><D19/><U112/><E112/><V110/><F110/><W27/><AGARI ba="0,0" hai="6,7,27,31,34,60,65,70,88,93,97,99,100,105" machi="27" ten="30,7900,0" yaku="0,1,25,2,54,1" doraHai="113" who="3" fromWho="3" sc="250,-39,250,-20,250,-20,250,79" /><INIT seed="1,0,0,2,1,74" ten="211,230,230,329" oya="1" hai0="132,52,94,48,67,41,51,33,112,0,80,111,49" hai1="55,3,39,125,83,122,117,121,85,66,6,36,17" hai2="62,115,38,106,53,124,96,104,76,32,23,86,13" hai3="70,93,90,45,9,12,65,103,77,118,28,107,119"/><U78/><E117/><N who="3" m="44554" /><G28/><T57/><D33/><U16/><E66/><V102/><F38/><W29/><G29/><T69/><D0/><U7/><E125/><V87/><F32/><W46/><G77/><T25/><D112/><U42/><E36/><V34/><F34/><W10/><G103/><T47/><D111/><U60/><E39/><V35/><F35/><W129/><G107/><T21/><D132/><U72/><E72/><V4/><F106/><W24/><G24/><T116/><D116/><U75/><E75/><V2/><F2/><W114/><G129/><T79/><D94/><U134/><E134/><V120/><F4/><N who="1" m="1577" /><E122/><V123/><F115/><W15/><G114/><T61/><D80/><U56/><E121/><V73/><F73/><W50/><G65/><T63/><REACH who="0" step="1"/><D79/><REACH who="0" ten="201,230,230,329" step="2"/><U97/><E3/><V130/><F76/><W19/><G93/><T105/><D105/><U5/><E5/><V68/><F120/><W43/><G70/><T59/><D59/><U31/><E83/><V95/><F68/><W54/><G46/><T14/><D14/><U40/><E56/><N who="2" m="35087" /><F123/><W1/><G1/><T26/><D26/><U98/><E78/><V84/><F130/><W126/><G15/><T20/><D20/><U131/><E131/><V110/><F110/><W37/><G9/><T44/><D44/><U71/><E71/><V30/><F124/><W27/><G126/><T58/><D58/><U88/><E31/><AGARI ba="0,1" hai="21,25,31,41,47,48,49,51,52,57,61,63,67,69" machi="31" ten="30,3900,0" yaku="1,1,7,1,54,1,53,0" doraHai="74" doraHaiUra="82" who="0" fromWho="1" sc="201,49,230,-39,230,0,329,0" /><INIT seed="2,0,0,4,4,126" ten="250,191,230,329" oya="2" hai0="27,109,93,114,19,25,122,111,103,20,29,31,97" hai1="28,47,64,102,88,69,99,17,116,33,38,70,85" hai2="132,46,68,113,32,73,87,39,71,44,60,21,134" hai3="59,123,89,12,79,3,133,9,92,4,127,121,119"/><V36/><F73/><W57/><G119/><T16/><D122/><U45/><E116/><V42/><F32/><W104/><G104/><T67/><D67/><U24/><E17/><V13/><F87/><W90/><G127/><T110/><REACH who="0" step="1"/><D114/><REACH who="0" ten="240,191,230,329" step="2"/><U91/><E38/><V51/><F113/><W65/><G65/><T94/><D94/><U56/><E70/><V11/><F36/><W58/><G92/><T124/><D124/><U0/><E0/><V86/><F71/><W35/><G3/><T117/><D117/><U48/><E69/><V2/><F68/><W7/><G121/><T52/><D52/><U135/><E135/><V53/><F134/><W101/><G133/><T106/><D106/><U18/><E64/><V72/><F132/><W30/><G123/><T84/><D84/><U15/><E85/><V76/><F86/><W129/><G129/><T41/><D41/><U95/><E102/><V81/><F2/><W37/><G101/><T74/><D74/><U5/><E91/><V118/><F118/><W62/><G37/><T66/><D66/><U26/><E88/><V100/><F100/><W63/><G89/><T54/><D54/><N who="1" m="31815" /><E95/><V75/><F75/><W130/><G90/><T77/><D77/><U105/><E99/><V80/><F72/><W40/><G130/><T96/><D96/><U108/><E105/><V82/><F76/><W49/><G79/><T43/><D43/><U115/><E115/><V98/><F98/><W61/><G40/><T50/><D50/><U10/><E108/><V107/><F107/><W34/><G49/><T23/><AGARI ba="0,1" hai="16,19,20,23,25,27,29,31,93,97,103,109,110,111" machi="23" ten="40,12000,2" yaku="1,1,5,1,0,1,9,1,14,1,54,1,53,0" doraHai="126" doraHaiUra="83" who="0" fromWho="0" sc="240,130,191,-30,230,-60,329,-30" /><INIT seed="3,0,0,0,5,121" ten="370,161,170,299" oya="3" hai0="7,78,40,27,42,88,93,75,95,100,114,41,71" hai1="118,68,96,56,99,47,120,124,57,126,37,51,19" hai2="132,32,82,52,55,89,44,101,111,65,15,108,91" hai3="23,122,58,11,80,107,25,90,83,86,29,17,33"/><W2/><G122/><T123/><D71/><U28/><E120/><V79/><F32/><W110/><G107/><T84/><D123/><U103/><E68/><V133/><F65/><W94/><G58/><N who="1" m="22634" /><E37/><V61/><F101/><W105/><G105/><T97/><D114/><U81/><E118/><V76/><F15/><N who="3" m="9663" /><G110/><N who="2" m="42025" /><F61/><W69/><G69/><T38/><D7/><AGARI ba="0,0" hai="2,7,11,25,29,33,80,83,86,90,94" m="9663" machi="7" ten="30,1500,0" yaku="24,1" doraHai="121" who="3" fromWho="0" sc="370,-15,161,0,170,0,299,15" /><INIT seed="3,1,0,0,2,45" ten="355,161,170,314" oya="3" hai0="51,116,62,50,83,76,59,88,109,113,132,46,16" hai1="63,32,9,127,89,61,118,124,115,117,28,82,57" hai2="99,24,4,37,0,67,105,14,74,106,126,122,26" hai3="10,79,53,60,33,100,15,17,5,84,66,11,103"/><W41/><G33/><T78/><D116/><N who="1" m="44651" /><E115/><V52/><F0/><W114/><G114/><T72/><D59/><U96/><E9/><N who="2" m="4391" /><F37/><W64/><G41/><T30/><D83/><U123/><E123/><V70/><F74/><W48/><G79/><T129/><D46/><U90/><E96/><V6/><F6/><W93/><G84/><T29/><D78/><U112/><E112/><V81/><F81/><W95/><G60/><N who="1" m="23114" /><E57/><V49/><F70/><W128/><G128/><T75/><D30/><U8/><E8/><V31/><F67/><N who="3" m="25643" /><G10/><T21/><D21/><U12/><E12/><V125/><F122/><W91/><G5/><T134/><D29/><U85/><E89/><V20/><F24/><AGARI ba="1,0" hai="24,28,32,82,85,90,124,127" m="23114,44651" machi="24" ten="30,1000,0" yaku="12,1" doraHai="45" who="1" fromWho="2" sc="355,0,161,13,170,-13,314,0" owari="355,45.5,174,-22.6,157,-34.3,314,11.4" /></mjloggm>