<mjloggm ver="2.3"><GO type="225" lobby="0"/><UN n0="%72%69%6F%75%63%68%61%6E" n1="%E3%81%95%E3%81%8D%E3%81%9F%E3%81%BE%E6%9E%97%E6%AA%8E" n2="%E6%98%93%E5%88%A9%E8%96%A9%E4%BC%AF" n3="%E7%8D%85%E5%AD%90%E5%BA%A7%E3%81%8B%E3%81%A3%E3%81%B4%E3%83%BC" dan="16,16,17,16" rate="2079.22,2128.48,2145.37,2101.22" sx="M,M,F,M"/><TAIKYOKU oya="0"/><INIT seed="0,0,0,2,3,37" ten="250,250,250,250" oya="0" hai0="39,23,54,7,25,33,120,102,45,132,72,73,124" hai1="15,88,115,103,126,61,44,64,121,94,119,65,59" hai2="56,38,76,63,129,28,108,69,82,8,96,116,105" hai3="20,106,21,133,31,50,86,41,34,92,110,26,131"/><T75/><D120/><U60/><E119/><V122/><F122/><W22/><G106/><T3/><D124/><U113/><E121/><V19/><F116/><W81/><G133/><T52/><D132/><U118/><E118/><V55/><F108/><W47/><G110/><T16/><D102/><U80/><E126/><V30/><F129/><W67/><G67/><T87/><D33/><U14/><E80/><V32/><F69/><W123/><G123/><T4/><D87/><U101/><E44/><V95/><F105/><W6/><G131/><T58/><D3/><U66/><E66/><V83/><F38/><W104/><G104/><T107/><D107/><U42/><E42/><V117/><F32/><W13/><G92/><T85/><D85/><U78/><E78/><V40/><F40/><W79/><G34/><T27/><D27/><U0/><E0/><V97/><F97/><W100/><G100/><N who="1" m="38474" /><E61/><V24/><F83/><W89/><G89/><T1/><D1/><U5/><E65/><V43/><F43/><W111/><G111/><T62/><REACH who="0" step="1"/><D39/><REACH who="0" ten="240,250,250,250" step="2"/><U10/><E115/><V48/><F117/><W98/><G98/><T128/><D128/><U12/><E113/><V74/><F24/><W91/><G91/><T130/><D130/><U90/><E90/><N who="2" m="55415" /><F74/><W11/><AGARI ba="0,1" hai="6,11,13,20,21,22,26,31,41,47,50,79,81,86" machi="11" ten="30,8000,1" yaku="0,1,25,2,8,1,52,1" doraHai="37" who="3" fromWho="3" sc="240,-40,250,-20,250,-20,250,90" /><INIT seed="1,0,0,3,0,100" ten="200,230,230,340" oya="1" hai0="13,40,133,106,83,84,36,34,82,75,9,57,41" hai1="29,65,45,30,25,104,28,93,102,99,0,122,39" hai2="129,126,114,74,5,61,10,98,49,53,108,96,20" hai3="115,91,89,78,105,19,46,121,119,72,11,32,111"/><U131/><E122/><V23/><F74/><W35/><G46/><T116/><D133/><U87/><E131/><V66/><F108/><W77/><G11/><T54/><D116/><U94/><E0/><V88/><F129/><W81/><G19/><T2/><D34/><U101/><E65/><V37/><F37/><W68/><G68/><T33/><D33/><U24/><E39/><V79/><F79/><W128/><G128/><T113/><D113/><U17/><E45/><V103/><F126/><W62/><G62/><T12/><D106/><U44/><E44/><V130/><F114/><W109/><G119/><T107/><D107/><U86/><E104/><V42/><F42/><W124/><G105/><T52/><D2/><U59/><E59/><N who="2" m="37183" /><F103/><W132/><G124/><T95/><D75/><U112/><E112/><V123/><F98/><W50/><G115/><T4/><D13/><U15/><E102/><V69/><F69/><W90/><G121/><T3/><D3/><U48/><E48/><V1/><F123/><W71/><G71/><T85/><D36/><U47/><E47/><N who="2" m="27839" /><F130/><W110/><G50/><N who="0" m="30871" /><D54/><U14/><E14/><V27/><F27/><N who="1" m="10313" /><E94/><V51/><F51/><W8/><G132/><T97/><D82/><U120/><E120/><V73/><F73/><N who="3" m="43183" /><G8/><AGARI ba="0,0" hai="8,15,17,28,29,30,86,87,93,99,101" m="10313" machi="8" ten="30,1500,0" yaku="8,1" doraHai="100" who="1" fromWho="3" sc="200,0,230,15,230,0,340,-15" /><INIT seed="1,1,0,5,4,82" ten="200,245,230,325" oya="1" hai0="9,72,99,28,79,18,116,108,81,8,87,89,24" hai1="119,12,38,21,133,71,19,34,118,25,130,114,63" hai2="127,10,96,2,102,32,75,70,83,95,5,23,64" hai3="125,105,104,13,101,129,85,113,4,111,122,6,61"/><U65/><E114/><V35/><F127/><W120/><G61/><T39/><D108/><U80/><E133/><V121/><F121/><W30/><G30/><T110/><D110/><U57/><E130/><V93/><F23/><W84/><G13/><T58/><D116/><U56/><E38/><V31/><F95/><W115/><G101/><T3/><D39/><U42/><E42/><V17/><F17/><W76/><G76/><T67/><D3/><U50/><E119/><V126/><F126/><W47/><G47/><T128/><D128/><U107/><E107/><V124/><F124/><W0/><G125/><T1/><D1/><U33/><E118/><V54/><F54/><W134/><G0/><T66/><D99/><U20/><E71/><V98/><F98/><W45/><G45/><T11/><D18/><U91/><E56/><V16/><F16/><W100/><G100/><T92/><REACH who="0" step="1"/><D58/><REACH who="0" ten="190,245,230,325" step="2"/><U117/><E117/><V26/><F96/><W90/><G111/><T112/><D112/><U103/><E57/><V29/><F2/><W48/><G129/><T27/><D27/><U53/><E25/><V74/><F26/><W41/><G113/><T77/><D77/><U15/><E19/><V62/><F35/><AGARI ba="1,1" hai="8,9,11,24,28,35,66,67,72,79,81,87,89,92" machi="35" ten="40,8000,1" yaku="1,1,52,1,53,2" doraHai="82" doraHaiUra="60" who="0" fromWho="2" sc="190,93,245,0,230,-83,325,0" /><INIT seed="2,0,0,3,3,28" ten="283,245,147,325" oya="2" hai0="25,75,98,130,131,1,51,81,35,6,114,18,22" hai1="78,50,13,102,68,85,64,48,31,10,109,49,58" hai2="65,72,3,96,108,8,62,99,122,47,9,24,27" hai3="74,128,120,63,115,61,90,44,94,54,60,106,69"/><V105/><F122/><W57/><G106/><T125/><D114/><U0/><E68/><V129/><F129/><N who="0" m="49162" /><D125/><U80/><E109/><V40/><F108/><W132/><G74/><T87/><D75/><U124/><E124/><V83/><F27/><W123/><G94/><T42/><D98/><U118/><E118/><V89/><F24/><W43/><G90/><T4/><D1/><U33/><E0/><V26/><F26/><W100/><G100/><T29/><D42/><U95/><E31/><V104/><F9/><W73/><G73/><T117/><D51/><U103/><E33/><V20/><F20/><W76/><G76/><N who="0" m="46503" /><D117/><U119/><E119/><V30/><F30/><W59/><G128/><T36/><D36/><U133/><E133/><V66/><F99/><W121/><G115/><T46/><D46/><U88/><E78/><V12/><F3/><W86/><G86/><T41/><D41/><U45/><E45/><V97/><F97/><W2/><G2/><T127/><D127/><U92/><E103/><N who="2" m="62567" /><F105/><W34/><G34/><T21/><D18/><N who="1" m="8503" /><E102/><V53/><F40/><W70/><G132/><T82/><D82/><U110/><E110/><V134/><F134/><W71/><G54/><T17/><D17/><U16/><E16/><N who="2" m="8199" /><F72/><W112/><G112/><T101/><D101/><U38/><E38/><AGARI ba="0,0" hai="38,43,44,57,59,60,61,63,69,70,71,120,121,123" machi="38" ten="50,8000,1" yaku="29,2,34,3" doraHai="28" who="3" fromWho="1" sc="283,0,245,-80,147,0,325,80" /><INIT seed="3,0,0,4,0,18" ten="283,165,147,405" oya="3" hai0="129,115,44,70,67,75,33,60,113,43,56,12,111" hai1="69,10,104,35,22,49,73,96,53,91,81,41,58" hai2="14,99,40,94,120,26,19,102,25,90,45,46,101" hai3="108,79,127,54,8,121,37,20,57,7,134,80,34"/><W42/><G34/><T132/><D33/><U117/><E69/><V110/><F110/><W61/><G134/><T39/><D75/><U95/><E35/><V89/><F120/><W100/><G100/><T86/><D86/><U97/><E117/><V13/><F102/><W1/><G127/><T125/><D12/><U38/><E38/><V118/><F118/><W123/><G20/><T105/><D105/><U109/><E109/><V50/><F45/><N who="3" m="23759" /><G108/><T84/><D84/><N who="1" m="50575" /><E104/><V16/><F14/><W4/><G4/><T51/><D111/><U98/><E73/><AGARI ba="0,0" hai="1,7,8,54,57,61,73,79,80,121,123" m="23759" machi="73" ten="30,1500,0" yaku="25,1" doraHai="18" who="3" fromWho="1" sc="283,0,165,-15,147,0,405,15" owari="283,8.3,150,-25.0,147,-35.3,420,52.0" /></mjloggm>