<mjloggm ver="2.3"><GO type="225" lobby="0"/><UN n0="%E3%82%A4%E3%83%BC%E3%82%B1%E3%83%97%E3%83%A9" n1="%E3%83%B4%E3%83%A0%EF%BC%99%E3%81%A6" n2="%E8%81%B7%E6%A5%AD%E3%80%81%E9%A2%A8%32" n3="%4C%4F%4C%49%54%41" dan="17,16,16,16" rate="2243.65,2180.31,2167.18,2106.90" sx="M,M,M,F"/><TAIKYOKU oya="0"/><INIT seed="0,0,0,4,5,66" ten="250,250,250,250" oya="0" hai0="14,114,6,24,36,130,117,102,116,75,120,32,33" hai1="83,22,25,90,61,97,95,39,55,27,93,106,124" hai2="10,0,127,111,123,47,134,112,48,46,110,69,121" hai3="12,26,119,100,115,44,13,58,38,104,45,101,5"/><T56/><D75/><U60/><E39/><V43/><F0/><W113/><G119/><N who="0" m="45643" /><D56/><U70/><E124/><V4/><F4/><W89/><G58/><T72/><D102/><U76/><E106/><V54/><F10/><W31/><G104/><T129/><D72/><U107/><E107/><V17/><F17/><W67/><G67/><T99/><D99/><U82/><E95/><V96/><F96/><W133/><G38/><T73/><D73/><U109/><E109/><N who="2" m="41483" /><F112/><W3/><G3/><T81/><D81/><U86/><E82/><V37/><F127/><W11/><G5/><T71/><D36/><U20/><E55/><V98/><F98/><W118/><G118/><T28/><D114/><U122/><E122/><N who="2" m="46603" /><F134/><W18/><G133/><T21/><D71/><AGARI ba="0,0" hai="37,43,46,47,48,54,69,71" m="46603,41483" machi="71" ten="30,8000,1" yaku="14,1,34,2,52,2" doraHai="66" who="2" fromWho="0" sc="250,-80,250,0,250,80,250,0" /><INIT seed="1,0,0,5,5,72" ten="170,250,330,250" oya="1" hai0="132,85,98,122,51,129,103,26,95,134,9,120,80" hai1="42,121,74,113,40,55,135,116,90,94,14,127,17" hai2="73,58,7,126,49,10,93,105,5,125,67,22,82" hai3="87,131,2,30,44,3,99,45,100,114,111,52,76"/><U15/><E113/><V108/><F105/><W34/><G114/><T109/><D51/><U106/><E116/><V110/><F22/><W92/><G111/><N who="2" m="42537" /><F93/><W60/><G131/><T71/><D71/><U115/><E115/><V57/><F67/><W133/><G133/><N who="0" m="51307" /><D26/><U47/><E135/><V33/><F33/><W124/><G124/><N who="2" m="47721" /><F49/><W59/><G34/><T83/><D9/><U38/><E106/><V65/><F65/><W19/><G30/><T102/><D109/><U56/><E127/><V63/><F63/><W0/><REACH who="3" step="1"/><G19/><REACH who="3" ten="170,250,330,240" step="2"/><T69/><D129/><U75/><E17/><V31/><F31/><W89/><G89/><N who="0" m="55663" /><D69/><U28/><E28/><V8/><F57/><W61/><G61/><T23/><D23/><U35/><E56/><V107/><F58/><W27/><G27/><T24/><D24/><U6/><E35/><V50/><F8/><W91/><G91/><N who="0" m="51623" /><D83/><AGARI ba="0,1" hai="0,2,3,44,45,52,59,60,76,83,87,92,99,100" machi="83" ten="40,8000,1" yaku="1,1,52,1,54,1,53,1" doraHai="72" doraHaiUra="88" who="3" fromWho="0" sc="170,-80,250,0,330,0,240,90" /><INIT seed="2,0,0,3,1,117" ten="90,250,330,330" oya="2" hai0="116,48,77,23,51,107,6,45,27,10,87,104,84" hai1="81,110,33,16,14,61,3,57,54,38,127,66,109" hai2="115,68,91,102,58,65,99,134,73,85,30,34,49" hai3="86,12,118,97,44,4,26,72,29,108,92,83,0"/><V101/><F115/><W28/><G118/><T2/><D116/><U20/><E38/><V63/><F134/><W120/><G0/><T100/><D51/><U37/><E37/><V70/><F73/><W129/><G72/><T18/><D100/><U32/><E3/><V21/><F34/><W76/><G120/><T31/><D84/><U56/><E127/><V8/><F8/><N who="3" m="4103" /><G108/><N who="1" m="41578" /><E81/><V106/><F102/><N who="3" m="60711" /><G129/><T39/><D39/><U52/><E54/><V96/><F96/><W24/><G44/><T89/><D77/><U47/><E47/><V124/><F124/><W90/><G90/><T94/><REACH who="0" step="1"/><D31/><AGARI ba="0,0" hai="24,26,28,29,31,76,83,86" m="60711,4103" machi="31" ten="30,1000,0" yaku="8,1" doraHai="117" who="3" fromWho="0" sc="90,-10,250,0,330,0,330,10" /><INIT seed="3,0,0,0,1,113" ten="80,250,330,340" oya="3" hai0="75,67,20,89,92,96,134,0,120,64,45,130,33" hai1="71,106,98,63,81,59,44,116,7,87,104,127,124" hai2="24,80,51,29,53,10,57,40,70,62,99,17,72" hai3="112,76,6,11,84,66,86,91,55,37,79,73,34"/><W128/><G112/><T9/><D130/><U132/><E71/><V121/><F121/><W129/><G73/><T2/><D134/><U30/><E30/><V82/><F72/><W12/><G34/><T52/><D33/><U15/><E132/><V100/><F10/><W32/><G32/><T1/><D75/><U69/><E69/><V125/><F125/><W93/><G37/><T78/><D120/><U41/><E98/><V54/><F17/><W85/><G66/><T19/><D78/><N who="3" m="29737" /><G128/><T131/><D131/><U105/><E127/><V47/><F70/><W61/><G129/><T49/><D9/><U108/><E124/><V26/><F40/><W83/><G83/><N who="2" m="31785" /><F29/><W8/><G8/><T77/><D77/><U28/><E108/><V68/><F68/><W107/><G107/><T123/><D123/><U18/><E28/><V135/><F135/><W3/><G3/><T35/><D35/><U48/><E7/><V65/><F65/><W4/><G6/><T42/><D42/><U13/><E18/><V115/><F115/><W102/><G102/><T58/><D45/><U133/><E133/><V14/><F14/><W94/><G94/><AGARI ba="0,0" hai="24,26,47,51,53,54,57,62,94,99,100" m="31785" machi="94" ten="30,1000,0" yaku="8,1" doraHai="113" who="2" fromWho="3" sc="80,0,250,0,330,10,340,-10" owari="80,-42.0,250,-15.0,340,44.0,330,13.0" /></mjloggm>