<mjloggm ver="2.3"><GO type="225" lobby="0"/><UN n0="%E3%83%A9%E3%83%BC%E3%83%A1%E3%83%B3%E4%BA%94%E9%83%8E" n1="%6D%61%74%69%67%75%73%61" n2="%72%61%6B%33" n3="%72%69%6F%75%63%68%61%6E" dan="16,17,16,16" rate="2170.64,2129.52,2138.19,2129.99" sx="M,M,M,M"/><TAIKYOKU oya="0"/><INIT seed="0,0,0,1,4,7" ten="250,250,250,250" oya="0" hai0="32,35,64,73,66,16,74,47,41,112,61,75,123" hai1="6,95,122,44,77,76,90,70,115,105,13,48,82" hai2="119,109,39,86,42,37,25,78,135,129,71,2,51" hai3="40,10,65,63,132,124,15,28,96,130,100,1,34"/><T99/><D112/><U108/><E122/><V14/><F2/><W111/><G111/><T67/><D123/><U55/><E105/><V97/><F71/><W62/><G130/><T27/><D61/><U110/><E70/><V11/><F129/><W59/><G124/><T113/><D113/><U18/><E6/><V4/><F109/><N who="1" m="42089" /><E82/><V24/><F135/><W116/><G132/><T85/><D85/><N who="1" m="52687" /><E115/><V79/><F119/><W9/><G116/><T19/><D99/><U38/><E38/><V134/><F97/><W58/><G1/><T117/><D117/><U5/><E5/><V3/><F134/><W68/><G68/><T87/><D87/><U114/><E114/><V21/><F3/><W94/><G40/><T133/><D133/><U36/><E36/><V43/><F43/><W0/><G0/><T118/><D118/><U12/><E12/><V60/><F39/><W20/><G34/><T53/><D53/><U57/><E57/><V22/><F37/><W125/><G125/><T107/><D107/><U69/><E69/><V50/><F42/><W127/><G127/><T91/><D91/><U88/><E88/><V131/><F131/><W81/><G81/><T128/><D128/><U126/><E126/><V98/><F98/><W23/><G15/><T83/><D83/><U103/><E103/><V92/><F14/><W52/><G23/><AGARI ba="0,0" hai="13,18,23,44,48,55,76,77" m="52687,42089" machi="23" ten="30,1000,0" yaku="14,1" doraHai="7" who="1" fromWho="3" sc="250,0,250,10,250,0,250,-10" /><INIT seed="1,0,0,5,5,49" ten="250,260,250,240" oya="1" hai0="19,92,103,121,56,77,85,135,17,62,9,57,116" hai1="111,93,104,69,74,51,31,0,82,34,89,84,14" hai2="65,48,71,22,53,78,59,107,119,10,98,115,125" hai3="108,90,73,130,128,2,41,120,114,81,32,5,95"/><U87/><E0/><V75/><F119/><W15/><G120/><T43/><D116/><U101/><E69/><V129/><F125/><W113/><G32/><T70/><D121/><U91/><E34/><V118/><F118/><W131/><G2/><T64/><D135/><U83/><E31/><V124/><F124/><W109/><G41/><T37/><D37/><U105/><E14/><V36/><F36/><W29/><G29/><T97/><D43/><U42/><E42/><V47/><F129/><W45/><G45/><T94/><D94/><N who="1" m="54567" /><E51/><V86/><F115/><N who="3" m="44043" /><G5/><T25/><D9/><U30/><E30/><V54/><F10/><W11/><G15/><T55/><D25/><U40/><E111/><N who="3" m="42570" /><G11/><T12/><D12/><U44/><E44/><V33/><F33/><W123/><G123/><T80/><REACH who="0" step="1"/><D70/><REACH who="0" ten="240,260,250,240" step="2"/><U100/><E40/><V133/><F71/><W35/><G35/><T132/><D132/><U13/><E13/><V60/><F133/><W126/><G126/><T26/><D26/><U50/><E105/><V110/><F107/><W39/><G39/><T8/><D8/><U23/><E104/><V72/><F110/><W112/><N who="3" m="44051" /><W127/><DORA hai="7" /><G127/><T21/><D21/><U88/><E23/><V106/><F22/><W122/><G122/><T63/><AGARI ba="0,1" hai="17,19,55,56,57,62,63,64,77,80,85,92,97,103" machi="63" ten="20,12000,2" yaku="1,1,0,1,7,1,8,1,52,1,53,2" doraHai="49,7" doraHaiUra="28,52" who="0" fromWho="0" sc="240,130,260,-60,250,-30,240,-30" /><INIT seed="2,0,0,3,5,109" ten="370,200,220,210" oya="2" hai0="77,15,135,24,13,78,100,12,79,30,128,118,120" hai1="89,7,3,55,22,52,65,32,50,20,49,61,42" hai2="72,134,133,103,16,59,96,43,87,81,70,86,119" hai3="115,5,37,40,130,117,14,126,60,8,26,4,23"/><V92/><F70/><W90/><G117/><T25/><D120/><U108/><E32/><V39/><F59/><W48/><G37/><T127/><D118/><U17/><E108/><V107/><F119/><W110/><G110/><T46/><D127/><U102/><E102/><V85/><F43/><W11/><G130/><T84/><D128/><U34/><E34/><V93/><F39/><W27/><G126/><T98/><D135/><N who="2" m="51722" /><F16/><W41/><G115/><T28/><D84/><N who="2" m="32362" /><F72/><W63/><G90/><AGARI ba="0,0" hai="81,87,90,92,93,96,103,107" m="32362,51722" machi="90" ten="30,5800,0" yaku="20,1,34,2" doraHai="109" who="2" fromWho="3" sc="370,0,200,0,220,58,210,-58" /><INIT seed="2,1,0,3,0,130" ten="370,200,278,152" oya="2" hai0="102,121,60,5,91,107,61,47,27,127,15,128,115" hai1="87,63,35,108,131,48,11,58,126,92,74,78,72" hai2="62,84,24,106,51,89,44,101,39,125,26,31,30" hai3="19,85,25,75,37,134,55,52,0,119,46,105,57"/><V12/><F125/><W45/><G119/><T42/><D121/><U132/><E35/><V8/><F39/><W104/><G75/><T69/><D115/><U114/><E114/><V113/><F113/><W103/><G0/><T94/><D107/><U110/><E48/><V50/><F62/><W76/><G103/><T97/><D127/><U23/><E23/><V111/><F111/><N who="1" m="42537" /><E11/><V32/><F101/><W82/><G134/><T2/><D128/><U4/><E4/><V40/><F106/><W83/><G83/><T17/><D2/><U18/><E18/><V112/><F112/><W49/><G37/><T38/><D69/><U77/><E58/><V95/><F51/><W73/><G73/><N who="1" m="28266" /><E63/><V28/><REACH who="2" step="1"/><F32/><REACH who="2" ten="370,200,268,152" step="2"/><W64/><G64/><T3/><D102/><U116/><E126/><V22/><F22/><N who="3" m="13535" /><G105/><T56/><D61/><U36/><E36/><V20/><F20/><W66/><G104/><T90/><D60/><U14/><E131/><V88/><F88/><N who="3" m="51255" /><G66/><T21/><D91/><U13/><E116/><V70/><F70/><W98/><G76/><T79/><D79/><U43/><E77/><V129/><F129/><W68/><G68/><T67/><D38/><U59/><E78/><V135/><F135/><W9/><G9/><T124/><D124/><U10/><E132/><V100/><F100/><W93/><G55/><T33/><D33/><U109/><E109/><V34/><F34/><W133/><G133/><T71/><D71/><U99/><E10/><V65/><F65/><W16/><G52/><T29/><D67/><U120/><E120/><V118/><F118/><RYUUKYOKU ba="1,1" sc="370,-10,200,-10,268,30,152,-10" hai2="8,12,24,26,28,30,31,40,44,50,84,89,95" /><INIT seed="2,2,1,4,4,64" ten="360,190,298,142" oya="2" hai0="50,42,86,43,77,69,11,3,58,105,122,46,113" hai1="96,78,107,119,73,26,49,114,35,120,127,128,72" hai2="129,47,36,130,65,37,5,6,133,51,106,18,13" hai3="56,92,135,90,132,131,67,32,4,57,115,12,125"/><V123/><F123/><W44/><G32/><T85/><D122/><U89/><E49/><V22/><F106/><W99/><G125/><T104/><D113/><U62/><E62/><V2/><F133/><N who="3" m="51275" /><G115/><T87/><D69/><U19/><E19/><V27/><F2/><W118/><G118/><T1/><D77/><U66/><E66/><V109/><F109/><W112/><G112/><T41/><D58/><U91/><E26/><V70/><F37/><W45/><G131/><N who="2" m="50185" /><F36/><W29/><G29/><T61/><D61/><U88/><E35/><V34/><F34/><W17/><G4/><T9/><D1/><U48/><E48/><V100/><F100/><W10/><G56/><T84/><D3/><U59/><E59/><V54/><F27/><W53/><G67/><T74/><D105/><U15/><E15/><V0/><F0/><W14/><G12/><T98/><D104/><U103/><E128/><V101/><F101/><W110/><G110/><T124/><D124/><U108/><E114/><V102/><F102/><W71/><G71/><T7/><D42/><U116/><E108/><V52/><F54/><W39/><G39/><T79/><D43/><U95/><E127/><V68/><F68/><W28/><G28/><T38/><D41/><U60/><E120/><V126/><F126/><W24/><G24/><T117/><D38/><U33/><E33/><V8/><F8/><W23/><G10/><T16/><D11/><U81/><E107/><V25/><F25/><W31/><G31/><T94/><D9/><U76/><E60/><AGARI ba="2,1" hai="5,6,13,18,22,47,51,52,60,65,70" m="50185" machi="60" ten="30,5800,0" yaku="19,1,52,1,54,1" doraHai="64" who="2" fromWho="1" sc="360,0,190,-64,298,74,142,0" /><AGARI ba="2,0" hai="14,17,23,44,45,53,57,60,90,92,99" m="51275" machi="60" ten="30,1000,0" yaku="20,1" doraHai="64" who="3" fromWho="1" sc="360,0,126,-10,372,0,142,10" /><INIT seed="2,3,0,0,5,107" ten="360,116,372,152" oya="2" hai0="1,124,64,74,112,86,101,106,58,50,0,69,10" hai1="3,27,84,40,23,103,108,121,21,68,32,63,53" hai2="11,135,2,54,65,130,117,89,70,132,15,126,115" hai3="4,20,35,99,37,16,60,80,12,90,25,19,5"/><V105/><F115/><W6/><G37/><T72/><D112/><U31/><E3/><N who="0" m="1097" /><D50/><U79/><E108/><V14/><F105/><W118/><G118/><T88/><D58/><U133/><E133/><V85/><F117/><W87/><G35/><T128/><D10/><U26/><E121/><V92/><F54/><W93/><G60/><N who="0" m="40071" /><D88/><U95/><E40/><V62/><F126/><W102/><REACH who="3" step="1"/><G19/><REACH who="3" ten="360,116,372,142" step="2"/><T8/><D124/><U28/><E32/><V47/><F135/><W116/><G116/><T134/><D134/><U52/><E68/><V123/><F132/><W122/><G122/><T9/><D128/><U94/><E63/><V113/><F123/><W76/><G76/><T59/><D8/><AGARI ba="3,1" hai="4,5,6,8,12,16,20,25,80,87,90,93,99,102" machi="8" ten="40,5200,0" yaku="1,1,8,1,54,1,53,0" doraHai="107" doraHaiUra="44" who="3" fromWho="0" sc="360,-61,116,0,372,0,142,71" /><INIT seed="3,0,0,0,1,1" ten="299,116,372,213" oya="3" hai0="125,41,135,38,53,12,102,94,47,2,103,104,23" hai1="81,77,131,72,90,80,46,89,31,106,30,70,24" hai2="74,18,121,76,130,45,105,48,3,60,8,25,59" hai3="95,134,97,55,78,87,124,16,85,110,128,84,50"/><W115/><G115/><T126/><D2/><U66/><E106/><V120/><F105/><W82/><G124/><N who="0" m="47723" /><D135/><U14/><E131/><V40/><F130/><W56/><G128/><T114/><D114/><U91/><E70/><V127/><F127/><W33/><G134/><T6/><D104/><U52/><E66/><V116/><F116/><W117/><G33/><T64/><D64/><U83/><E31/><V108/><F108/><W51/><BYE who="2" /><G117/><T54/><D94/><U26/><E26/><V123/><F123/><W129/><G110/><UN n2="%72%61%6B%33" /><T20/><D6/><U44/><E44/><V5/><F76/><W96/><G129/><T119/><D119/><U19/><E19/><V73/><F18/><W132/><G132/><T62/><D12/><U61/><E14/><V21/><F120/><W98/><G50/><T113/><D113/><U0/><E0/><V100/><F121/><W13/><REACH who="3" step="1"/><G95/><REACH who="3" ten="299,116,372,203" step="2"/><T36/><D36/><U109/><E109/><V93/><F93/><W42/><G42/><T92/><D92/><U35/><REACH who="1" step="1"/><E46/><REACH who="1" ten="299,106,372,203" step="2"/><V9/><F45/><W88/><G88/><T75/><D47/><U11/><E11/><AGARI ba="0,2" hai="11,13,16,51,55,56,78,82,84,85,87,96,97,98" machi="11" ten="40,7700,0" yaku="1,1,8,1,54,1,53,0" doraHai="1" doraHaiUra="67" who="3" fromWho="1" sc="299,0,106,-77,372,0,203,97" /><INIT seed="3,1,0,2,0,80" ten="299,29,372,300" oya="3" hai0="131,97,100,45,34,55,44,40,128,130,91,76,14" hai1="43,27,124,53,12,119,94,84,71,103,32,83,22" hai2="73,10,105,101,89,31,21,117,113,30,132,35,75" hai3="20,106,42,92,3,17,129,0,93,99,9,107,57"/><W67/><G129/><T36/><D34/><U122/><E71/><V81/><F113/><W59/><G42/><T41/><D55/><U23/><E122/><V38/><F35/><W4/><G0/><T118/><D118/><U77/><E124/><V24/><F117/><W121/><G121/><T47/><D76/><U29/><E119/><V115/><F115/><W37/><G37/><T7/><D91/><U52/><E43/><V28/><F38/><W85/><G92/><N who="0" m="58407" /><D36/><U95/><E32/><V63/><F132/><W68/><G68/><T88/><D88/><U74/><E74/><V25/><F10/><AGARI ba="1,0" hai="7,10,14,40,41,44,45,47,128,130,131" m="58407" machi="10" ten="40,1300,0" yaku="19,1" doraHai="80" who="0" fromWho="2" sc="299,16,29,0,372,-16,300,0" owari="315,11.5,29,-47.1,356,45.6,300,-10.0" /></mjloggm>