<mjloggm ver="2.3"><GO type="225" lobby="0"/><UN n0="%E7%99%BD%E5%80%89%E5%AF%9B%E4%B9%8B" n1="%E3%81%BD%E3%81%A1%E3%81%9F%E3%81%93%E3%82%84" n2="%E3%81%8B%E3%82%8F%E3%81%A1%E3%82%83%E3%82%93%35%38" n3="%E5%91%A8%E6%9D%B1" dan="16,17,16,17" rate="2151.62,2154.75,2103.73,2156.64" sx="M,M,M,M"/><TAIKYOKU oya="0"/><INIT seed="0,0,0,2,0,60" ten="250,250,250,250" oya="0" hai0="84,129,75,10,113,134,101,81,67,130,125,114,20" hai1="61,9,1,50,92,71,19,77,64,55,66,40,99" hai2="123,17,23,89,115,80,82,70,118,68,74,4,2" hai3="27,78,58,119,76,135,53,133,107,73,112,52,116"/><T3/><D20/><U57/><E77/><N who="3" m="29802" /><G107/><T106/><D10/><U32/><E32/><V127/><F74/><W110/><G73/><T131/><D3/><U63/><E40/><V91/><F2/><W7/><G112/><N who="0" m="43115" /><D67/><N who="1" m="25643" /><E1/><V11/><F115/><W51/><G7/><T24/><D24/><U79/><E79/><V103/><F11/><W48/><G27/><T0/><D0/><U87/><E87/><V122/><F4/><W38/><G38/><T108/><D75/><U6/><E6/><V5/><F5/><W8/><G8/><T97/><D125/><U33/><E33/><V83/><F127/><W49/><G110/><T29/><D29/><U59/><E71/><V126/><F126/><W62/><G53/><T31/><D31/><U96/><E59/><V28/><F28/><W94/><G119/><T102/><D108/><U25/><E99/><V12/><F118/><W128/><G116/><T65/><D65/><U72/><E72/><V132/><F70/><W47/><G58/><T117/><D117/><U41/><E41/><V69/><F68/><W45/><G45/><T34/><D34/><U35/><E35/><V88/><F69/><W37/><G47/><T39/><D39/><U16/><E25/><V90/><N who="2" m="22528" /><DORA hai="86" /><V14/><F14/><W111/><G37/><T30/><D130/><U42/><E42/><V56/><F56/><N who="3" m="35079" /><G128/><T95/><D131/><U36/><E36/><V15/><F15/><W105/><G111/><T13/><D129/><U85/><E85/><V46/><F46/><W124/><G124/><T44/><D84/><U54/><E9/><RYUUKYOKU ba="0,0" sc="250,0,250,0,250,0,250,0" /><INIT seed="1,1,0,0,2,53" ten="250,250,250,250" oya="1" hai0="109,64,41,36,94,14,12,101,81,123,37,20,55" hai1="75,51,105,72,128,61,117,133,104,68,96,66,1" hai2="131,10,90,67,24,26,79,21,6,50,106,78,71" hai3="70,92,58,93,88,5,114,47,46,31,98,18,32"/><U122/><E117/><V87/><F106/><W28/><G70/><T8/><D109/><U125/><E122/><V54/><F131/><W97/><G114/><T86/><D123/><U9/><E128/><V76/><F67/><W33/><G5/><T112/><D112/><U107/><E133/><V103/><F71/><W110/><G18/><T84/><D64/><U19/><E125/><V135/><F135/><W30/><G110/><T115/><D115/><U111/><E111/><V40/><F40/><W27/><G58/><T119/><D20/><U100/><E51/><V108/><F103/><W35/><REACH who="3" step="1"/><G27/><REACH who="3" ten="250,250,250,240" step="2"/><T132/><D132/><U82/><E19/><V42/><F24/><W59/><G59/><T69/><D69/><U80/><E80/><N who="2" m="49511" /><F108/><W56/><G56/><T116/><D81/><U91/><E82/><V102/><F6/><W62/><G62/><T127/><D116/><U44/><E68/><V34/><F26/><W77/><G77/><T25/><D25/><U99/><E61/><V22/><F78/><W3/><G3/><T85/><D119/><U113/><E1/><V13/><F79/><W43/><G43/><T95/><D41/><U16/><E113/><V121/><F42/><W48/><G48/><T74/><D37/><U11/><E16/><V49/><F76/><W118/><G118/><T0/><D36/><U45/><E75/><V4/><F50/><W17/><G17/><T63/><D74/><U29/><E72/><V89/><F121/><W126/><G126/><T57/><D127/><U23/><E29/><V52/><F49/><W39/><G39/><RYUUKYOKU ba="1,1" sc="250,-10,250,-10,250,-10,240,30" hai3="28,30,31,32,33,35,46,47,88,92,93,97,98" /><INIT seed="2,2,1,5,4,68" ten="240,240,240,270" oya="2" hai0="22,127,17,20,82,59,31,118,98,117,99,9,39" hai1="42,52,85,27,104,25,122,112,18,113,126,80,43" hai2="90,24,72,30,33,103,129,107,49,7,32,11,134" hai3="40,91,16,46,100,123,58,48,45,57,121,105,97"/><V5/><F72/><W0/><G0/><T109/><D109/><U38/><E104/><V81/><F129/><W3/><G3/><T29/><D9/><U54/><E126/><V132/><F32/><W8/><G91/><T12/><D127/><U69/><E69/><V119/><F119/><N who="0" m="45578" /><D39/><U128/><E128/><V44/><F107/><W83/><G83/><T114/><D114/><U79/><E122/><V125/><F103/><W116/><G116/><T108/><D108/><U47/><E43/><V87/><F125/><W34/><G34/><T78/><D59/><U4/><E4/><V77/><F90/><W36/><G123/><T76/><D76/><U84/><E84/><V130/><F130/><W62/><G62/><T14/><D14/><U110/><E110/><V120/><F120/><W63/><G63/><T23/><D23/><U86/><E86/><V124/><F124/><W102/><G102/><T65/><D65/><U50/><E54/><V75/><F75/><W2/><G121/><T6/><D6/><U74/><E74/><V21/><F21/><W35/><G35/><T89/><D22/><U10/><E27/><V106/><F106/><W73/><G73/><N who="0" m="43343" /><D89/><U15/><REACH who="1" step="1"/><E25/><REACH who="1" ten="240,230,240,270" step="2"/><V131/><F131/><W51/><G105/><T66/><D66/><U28/><E28/><AGARI ba="2,2" hai="12,17,20,28,29,31,98,99" m="43343,45578" machi="28" ten="30,1000,0" yaku="12,1" doraHai="68" who="0" fromWho="1" sc="240,36,230,-16,240,0,270,0" /><INIT seed="3,0,0,1,0,48" ten="276,214,240,270" oya="3" hai0="44,81,99,31,131,115,9,54,69,32,78,39,14" hai1="70,36,133,59,121,1,11,28,127,43,45,26,87" hai2="37,113,34,61,72,33,103,82,114,17,23,30,20" hai3="92,122,56,13,6,5,88,66,112,117,67,29,16"/><W109/><G117/><T0/><D69/><U76/><E70/><V50/><F37/><W107/><G107/><T75/><D131/><U129/><E121/><V62/><F103/><W41/><G112/><T46/><D115/><U47/><E129/><V51/><F82/><W118/><G122/><T22/><D99/><U91/><E133/><V4/><F30/><W98/><G118/><T24/><D39/><U84/><E127/><V124/><F4/><N who="3" m="1643" /><G109/><T128/><D128/><U100/><E100/><V101/><F101/><W119/><G119/><T8/><D0/><U97/><E11/><V55/><F17/><W38/><G38/><T95/><D95/><U40/><E1/><V126/><F72/><W89/><G29/><T125/><D125/><U73/><E73/><V68/><F68/><W57/><G41/><N who="1" m="15946" /><E36/><V90/><F90/><W102/><G89/><T19/><REACH who="0" step="1"/><D46/><REACH who="0" ten="266,214,240,270" step="2"/><N who="1" m="17419" /><E59/><N who="3" m="22602" /><G102/><T10/><D10/><AGARI ba="0,1" hai="10,13,16,66,67,88,92,98" m="22602,1643" machi="10" ten="30,5800,0" yaku="8,1,54,2" doraHai="48" who="3" fromWho="0" sc="266,-58,214,0,240,0,270,68" owari="208,-29.2,214,-18.6,240,4.0,338,43.8" /></mjloggm>