<mjloggm ver="2.3"><GO type="225" lobby="0"/><UN n0="%E5%91%A8%E6%9D%B1" n1="%E6%A1%9C%E8%8A%B1%E9%96%83%E3%80%85" n2="%E6%81%A5%E6%99%92%E3%81%97" n3="%E3%83%A9%E3%82%B9%E7%8E%87%EF%BC%93%E5%89%B2" dan="17,16,16,17" rate="2162.57,2108.82,2132.01,2223.82" sx="M,M,M,F"/><TAIKYOKU oya="0"/><INIT seed="0,0,0,2,3,124" ten="250,250,250,250" oya="0" hai0="56,31,99,25,9,60,74,14,75,132,38,130,96" hai1="73,40,68,134,61,50,20,105,117,94,51,48,10" hai2="98,103,69,54,42,8,106,22,126,119,35,17,46" hai3="33,97,109,57,67,81,23,49,121,63,125,41,80"/><T19/><D38/><U21/><E105/><V102/><F126/><W3/><G33/><T16/><D132/><U89/><E117/><V43/><F35/><W110/><G3/><T76/><D130/><U91/><E134/><V37/><F119/><W6/><G6/><T70/><D70/><U39/><E73/><V108/><F69/><W131/><G125/><T72/><D19/><U71/><E10/><V114/><F114/><W77/><G121/><T65/><REACH who="0" step="1"/><D76/><REACH who="0" ten="240,250,250,250" step="2"/><U12/><E71/><V118/><F17/><W4/><G131/><T115/><D115/><U28/><E39/><V34/><F37/><W113/><G77/><T58/><D58/><U123/><E68/><V36/><F36/><W82/><G113/><T135/><D135/><U62/><E123/><V52/><F118/><W64/><G4/><T120/><D120/><U88/><E40/><V44/><F43/><W92/><G41/><T128/><D128/><U26/><E94/><V2/><F42/><W7/><G92/><T66/><D66/><U13/><E21/><AGARI ba="0,1" hai="9,14,16,21,25,31,56,60,65,72,74,75,96,99" machi="21" ten="40,7700,0" yaku="1,1,54,1,53,1" doraHai="124" doraHaiUra="15" who="0" fromWho="1" sc="240,87,250,-77,250,0,250,0" /><INIT seed="0,1,0,0,2,70" ten="327,173,250,250" oya="0" hai0="81,106,109,107,48,35,115,47,127,26,36,79,55" hai1="77,121,89,111,92,59,62,85,65,1,131,43,16" hai2="44,134,19,6,95,80,94,22,76,71,125,129,40" hai3="61,10,41,30,69,126,53,28,37,25,31,24,74"/><T82/><D115/><U132/><E121/><V123/><F123/><W63/><G126/><T108/><D127/><U57/><E111/><N who="0" m="42569" /><D36/><U9/><E131/><V124/><F129/><W135/><G135/><T56/><D56/><U49/><E132/><V102/><F71/><W58/><G74/><N who="0" m="43255" /><D82/><U17/><E77/><V68/><F68/><W72/><G72/><T105/><D26/><U33/><E59/><V120/><F134/><W32/><G10/><T97/><D35/><U114/><E33/><V84/><F120/><W119/><G119/><T13/><D13/><U103/><E114/><V99/><F124/><W112/><G112/><T128/><D128/><U29/><E9/><V3/><F125/><W8/><G8/><T20/><D20/><U133/><E133/><V73/><F22/><W0/><G32/><T66/><D66/><U50/><E57/><V75/><F3/><W23/><G0/><T27/><D27/><U38/><E65/><V93/><F80/><W67/><REACH who="3" step="1"/><G23/><REACH who="3" ten="327,173,250,240" step="2"/><T34/><D34/><U100/><E1/><V122/><F122/><W42/><G42/><T46/><D46/><AGARI ba="1,1" hai="24,25,28,30,31,37,41,46,53,58,61,63,67,69" machi="46" ten="40,2600,0" yaku="1,1,52,1,53,0" doraHai="70" doraHaiUra="101" who="3" fromWho="0" sc="327,-29,173,0,250,0,240,39" /><INIT seed="1,0,0,1,4,108" ten="298,173,250,279" oya="1" hai0="43,75,10,18,71,56,23,62,106,112,52,117,133" hai1="15,122,29,26,0,20,103,41,102,9,68,119,60" hai2="54,88,61,25,104,109,121,100,72,65,13,2,114" hai3="97,91,116,47,128,58,95,34,5,66,14,50,24"/><U42/><E119/><V69/><F121/><W12/><G128/><T53/><D117/><U16/><E122/><V105/><F2/><W120/><G120/><T27/><D133/><U77/><E77/><V130/><F109/><W80/><G5/><T89/><D112/><U63/><E0/><V4/><F130/><W59/><G116/><T93/><D106/><U83/><E83/><V3/><F3/><W32/><G80/><T111/><D111/><U84/><E84/><V31/><F72/><W67/><G24/><T78/><D71/><U99/><E102/><V7/><F114/><W92/><G50/><T35/><D43/><U70/><E70/><V6/><F100/><W94/><G94/><T17/><D35/><U82/><E82/><V101/><F101/><W21/><G21/><T55/><D78/><U76/><E76/><V110/><F110/><W127/><G47/><T8/><D75/><U87/><E87/><V45/><F13/><W135/><G97/><N who="0" m="57519" /><D8/><U57/><E68/><V124/><F104/><W40/><G91/><T51/><D51/><U38/><E38/><V107/><F124/><W30/><G127/><T123/><D123/><U86/><E86/><V96/><F107/><W81/><G81/><T134/><D134/><U11/><E11/><V129/><F105/><W1/><G1/><T46/><D46/><U131/><E131/><V90/><F129/><W64/><G135/><T39/><D39/><U22/><E9/><V36/><F96/><W79/><G95/><T19/><D10/><U85/><E85/><V74/><F36/><W37/><G37/><RYUUKYOKU ba="0,0" sc="298,30,173,-10,250,-10,279,-10" hai0="17,18,19,23,27,52,53,55,56,62" /><INIT seed="2,1,0,2,4,27" ten="328,163,240,269" oya="2" hai0="77,119,66,89,39,128,0,108,80,60,95,105,63" hai1="6,113,53,4,135,72,131,116,2,98,13,104,67" hai2="55,26,38,54,112,85,7,8,10,65,129,93,59" hai3="124,127,74,83,11,126,44,118,94,48,99,133,35"/><V37/><F112/><W107/><G107/><T28/><D39/><U15/><E113/><V21/><F129/><W40/><G118/><T23/><D0/><U75/><E116/><V121/><F121/><W45/><G133/><T122/><D105/><U22/><E131/><V32/><F32/><W12/><G35/><T36/><D36/><U47/><E67/><V84/><F65/><W70/><G70/><T69/><D108/><U73/><E135/><V1/><F10/><W3/><G3/><T79/><D119/><U30/><E2/><V101/><F55/><W31/><G31/><T25/><D122/><U102/><E15/><V57/><F85/><W20/><G20/><T115/><D115/><U91/><E91/><V49/><F59/><W5/><G45/><T81/><D63/><U17/><E53/><V71/><F71/><W109/><G109/><T46/><D46/><U24/><REACH who="1" step="1"/><E47/><REACH who="1" ten="328,153,240,269" step="2"/><V43/><F43/><W42/><G40/><T78/><D128/><U97/><E97/><V87/><F101/><W123/><G123/><T82/><D79/><U62/><E62/><V19/><F54/><W18/><G42/><T100/><D100/><U61/><E61/><V114/><F114/><W110/><G110/><T88/><D89/><U9/><AGARI ba="1,1" hai="4,6,9,13,17,22,24,30,72,73,75,98,102,104" machi="9" ten="30,4000,0" yaku="1,1,0,1,52,1,53,0" doraHai="27" doraHaiUra="34" who="1" fromWho="1" sc="328,-11,153,53,240,-21,269,-11" /><INIT seed="3,0,0,0,0,54" ten="317,206,219,258" oya="3" hai0="111,104,11,66,0,4,49,133,107,127,75,122,99" hai1="2,56,22,69,39,26,47,70,40,18,36,14,132" hai2="113,71,86,126,78,52,42,88,94,130,60,117,50" hai3="129,131,73,135,84,58,112,82,8,125,108,38,87"/><W67/><G38/><T68/><D122/><U29/><E132/><V64/><F117/><W106/><G106/><T97/><D75/><U3/><E39/><V24/><F113/><W57/><G112/><T103/><D133/><U59/><E69/><V89/><F126/><W63/><G135/><T80/><D49/><U119/><E70/><V96/><F130/><N who="3" m="49675" /><G108/><T43/><D80/><U92/><E119/><V74/><F42/><W95/><G125/><T10/><D43/><U128/><E128/><V41/><F41/><W105/><G105/><T83/><D83/><U77/><E77/><V114/><F24/><W30/><G30/><T123/><D123/><U19/><E19/><V120/><F114/><W101/><G8/><T48/><D11/><U124/><E124/><V53/><F120/><W121/><G95/><T76/><D107/><U62/><E92/><V9/><F9/><W33/><G101/><T109/><D127/><U116/><E116/><V45/><F78/><N who="3" m="44367" /><G33/><T20/><D104/><U16/><E18/><V34/><F34/><W102/><G102/><T134/><D103/><U110/><E110/><V6/><F74/><W72/><G72/><T118/><D134/><U31/><E31/><V61/><F6/><W35/><G35/><T115/><D115/><U1/><REACH who="1" step="1"/><E62/><REACH who="1" ten="317,196,219,258" step="2"/><N who="2" m="40343" /><F94/><W46/><G121/><T37/><D118/><U85/><E85/><V51/><F86/><W13/><G87/><T21/><D111/><U28/><E28/><V93/><F89/><W100/><G63/><T98/><D109/><U32/><AGARI ba="0,1" hai="1,2,3,14,16,22,26,29,32,36,40,47,56,59" machi="32" ten="30,12000,2" yaku="1,1,0,1,52,2,54,1,53,1" doraHai="54" doraHaiUra="12" who="1" fromWho="1" sc="317,-30,196,130,219,-30,258,-60" owari="287,8.7,326,42.6,189,-31.1,198,-20.2" /></mjloggm>