<mjloggm ver="2.3"><GO type="225" lobby="0"/><UN n0="%E6%97%A5%E6%9B%9C%E6%97%A5%E3%82%88%E3%82%8A%E3%81%AE%E4%BD%BF%E8%80%85" n1="%E8%A8%88%E7%AE%97%E6%A9%9F%E8%87%AA%E7%84%B6" n2="%E6%81%A5%E6%99%92%E3%81%97" n3="%43%68%65" dan="16,17,17,16" rate="2137.12,2150.04,2205.20,2187.00" sx="M,M,M,M"/><TAIKYOKU oya="0"/><INIT seed="0,0,0,5,4,49" ten="250,250,250,250" oya="0" hai0="58,4,35,127,50,25,107,86,130,122,1,117,101" hai1="93,68,75,123,47,19,125,99,91,38,8,46,92" hai2="28,42,63,39,131,134,105,40,72,15,96,12,106" hai3="65,27,56,48,17,32,34,113,80,57,61,98,103"/><T102/><D122/><U87/><E123/><V53/><F72/><W60/><G113/><T59/><D117/><U77/><E68/><V76/><F131/><W81/><G48/><T116/><D116/><U0/><E125/><V112/><F112/><W2/><G2/><T69/><D69/><U111/><E111/><V10/><F134/><W52/><G34/><T11/><D130/><U9/><E0/><V22/><F39/><W6/><G6/><T64/><D127/><U129/><E129/><V5/><F76/><W36/><G36/><T73/><D73/><U21/><E75/><V114/><F114/><W84/><G84/><T16/><D107/><U37/><E38/><V121/><F106/><W44/><G44/><N who="1" m="16938" /><E37/><V88/><F105/><W119/><G119/><T7/><D7/><U43/><E43/><V41/><F121/><W79/><G79/><T97/><D97/><U67/><E67/><V100/><F100/><W18/><G32/><T29/><D86/><U118/><E118/><V124/><F124/><W108/><G108/><T51/><D64/><U115/><E115/><V62/><F53/><W66/><G66/><T54/><D16/><N who="3" m="6249" /><G27/><T23/><D35/><U135/><E135/><V33/><F33/><W133/><G133/><T14/><D1/><U26/><E77/><V85/><F96/><W55/><G65/><T89/><D89/><AGARI ba="0,0" hai="8,9,19,21,26,87,89,91,92,93,99" m="16938" machi="89" ten="30,1000,0" yaku="8,1" doraHai="49" who="1" fromWho="0" sc="250,-10,250,10,250,0,250,0" /><INIT seed="1,0,0,0,5,10" ten="240,260,250,250" oya="1" hai0="88,75,35,130,133,7,17,68,21,77,105,94,96" hai1="38,33,87,102,50,74,90,120,20,69,100,124,122" hai2="113,40,67,27,23,61,18,86,91,14,134,108,36" hai3="37,92,30,112,26,24,109,119,83,71,48,93,11"/><U72/><E38/><V116/><F116/><W31/><G112/><T56/><D68/><U135/><E33/><V44/><F108/><W4/><G37/><T19/><D35/><U79/><E69/><V132/><F113/><W59/><G71/><T121/><D130/><U16/><E124/><V99/><F99/><W78/><G109/><T49/><D133/><U114/><E114/><V70/><REACH who="2" step="1"/><F27/><REACH who="2" ten="240,260,240,250" step="2"/><W89/><G26/><T15/><D15/><U115/><E115/><V129/><F129/><W95/><G119/><T103/><D121/><U12/><E122/><V47/><F47/><W34/><G24/><T107/><D96/><U5/><E120/><V53/><F53/><W64/><G64/><T43/><D43/><U22/><E102/><V97/><F97/><W25/><G25/><T125/><D103/><U3/><E100/><V42/><F42/><W2/><G34/><T0/><D125/><U117/><E117/><V106/><F106/><W127/><G127/><T81/><D107/><U131/><E131/><V66/><F66/><W55/><REACH who="3" step="1"/><G89/><REACH who="3" ten="240,260,240,240" step="2"/><T58/><D88/><U28/><E90/><V1/><F1/><W123/><G123/><T82/><D0/><U63/><E3/><V65/><F65/><W73/><AGARI ba="0,2" hai="2,4,11,30,31,48,55,59,73,78,83,92,93,95" machi="73" ten="30,4000,0" yaku="1,1,0,1,53,1" doraHai="10" doraHaiUra="52" who="3" fromWho="3" sc="240,-10,260,-20,240,-10,240,60" /><INIT seed="2,0,0,4,2,72" ten="230,240,230,300" oya="2" hai0="66,124,31,103,134,85,10,56,58,77,46,36,51" hai1="73,65,49,1,130,38,30,44,18,16,45,22,20" hai2="28,116,117,67,43,82,127,86,40,27,125,99,62" hai3="76,93,35,112,64,109,12,52,89,126,83,80,100"/><V128/><F99/><W11/><G35/><T114/><D114/><U123/><E1/><V102/><F102/><W21/><G112/><T97/><D36/><U15/><E73/><V122/><F122/><W59/><G109/><T57/><D124/><N who="2" m="47690" /><F128/><W121/><G121/><T29/><D134/><U60/><E123/><V113/><F113/><W108/><G108/><T74/><D74/><U107/><E107/><V32/><F43/><W101/><G21/><T47/><D66/><U88/><E38/><V39/><F40/><W131/><G64/><T133/><D10/><U55/><E130/><V14/><F14/><W33/><G33/><T84/><D133/><U78/><E30/><V94/><F94/><W71/><G71/><T8/><D8/><U81/><E65/><V50/><F50/><N who="3" m="31127" /><G131/><T19/><D97/><U41/><E41/><V69/><F39/><W3/><G3/><T92/><D103/><U6/><E45/><V25/><F27/><W54/><G126/><T98/><D46/><U70/><E70/><V24/><F24/><W90/><G101/><T105/><D105/><U96/><E60/><V75/><F75/><W17/><G100/><T87/><D51/><U111/><E111/><V106/><F106/><W120/><G120/><T118/><D47/><U4/><E96/><V79/><AGARI ba="0,0" hai="25,28,32,62,67,69,79,82,86,116,117" m="47690" machi="79" ten="30,3000,0" yaku="18,1,52,1" doraHai="72" who="2" fromWho="2" sc="230,-10,240,-10,230,30,300,-10" /><INIT seed="2,1,0,1,4,4" ten="220,230,260,290" oya="2" hai0="120,24,76,25,19,49,41,89,103,2,132,38,0" hai1="65,87,122,112,9,79,50,86,62,59,17,75,123" hai2="119,108,29,109,36,133,26,54,48,77,1,7,98" hai3="83,28,42,13,53,121,130,88,73,99,70,124,97"/><V32/><F119/><W5/><G121/><N who="1" m="46090" /><E112/><V85/><F36/><W64/><G124/><T57/><D38/><U6/><E17/><V134/><F98/><W96/><G130/><T93/><D120/><U106/><E106/><V43/><F43/><W61/><G42/><T129/><D19/><U113/><E113/><V55/><F85/><W104/><G28/><T22/><D129/><U102/><E102/><V31/><F77/><W37/><G37/><T117/><D103/><U35/><E35/><V34/><F7/><W21/><G104/><T131/><D131/><U46/><E75/><V16/><F16/><W82/><G73/><T60/><D117/><U10/><E6/><V69/><F69/><W14/><G53/><N who="2" m="19977" /><F48/><W58/><G70/><T45/><D76/><U125/><E125/><V81/><F81/><W107/><G107/><T110/><D25/><U84/><E79/><V135/><F1/><W111/><G83/><T33/><D0/><U63/><E63/><V71/><F71/><W74/><G74/><T39/><D2/><U114/><E114/><V101/><F101/><W116/><G116/><T91/><D60/><U15/><E15/><V105/><F105/><W8/><G82/><T40/><D24/><AGARI ba="1,0" hai="24,26,29,31,32,34,108,109,133,134,135" m="19977" machi="24" ten="40,2000,0" yaku="20,1" doraHai="4" who="2" fromWho="0" sc="220,-23,230,0,260,23,290,0" /><INIT seed="2,2,0,5,1,66" ten="197,230,283,290" oya="2" hai0="65,4,102,121,55,110,27,33,32,45,28,87,50" hai1="37,20,77,132,13,130,18,100,105,126,113,47,128" hai2="5,42,76,112,108,25,104,107,23,15,103,10,38" hai3="99,93,56,34,53,68,30,86,71,98,134,1,64"/><V114/><F108/><W9/><G134/><T131/><D121/><U46/><E113/><V52/><F76/><W21/><G34/><T118/><D110/><U62/><E132/><V96/><F107/><W67/><G86/><T48/><D131/><N who="1" m="50219" /><E126/><V135/><F135/><W19/><G99/><T117/><D4/><U24/><E37/><V125/><F125/><W69/><G30/><T61/><D102/><U51/><E62/><V123/><F123/><W40/><G40/><T90/><D50/><U80/><E51/><V101/><F101/><W11/><G11/><T57/><REACH who="0" step="1"/><D33/><REACH who="0" ten="187,230,283,290" step="2"/><U35/><E100/><V73/><F112/><W133/><G133/><T31/><D31/><N who="1" m="19943" /><E105/><V97/><F104/><W75/><G19/><T16/><D16/><U17/><E18/><V111/><F103/><W92/><G1/><T44/><D44/><U84/><AGARI ba="2,1" hai="13,17,20,46,47,77,80,84" m="19943,50219" machi="84" ten="30,1100,0" yaku="19,1" doraHai="66" who="1" fromWho="1" sc="187,-5,230,27,283,-7,290,-5" /><INIT seed="3,0,0,2,3,101" ten="182,257,276,285" oya="3" hai0="63,45,133,47,56,46,34,10,74,73,83,19,49" hai1="103,85,134,0,28,9,50,126,81,132,40,2,37" hai2="131,120,52,124,72,104,16,13,107,135,58,43,6" hai3="55,87,130,99,57,67,71,84,69,93,62,111,41"/><W11/><G130/><T61/><D34/><U127/><E37/><V23/><F131/><W27/><G111/><T53/><D133/><N who="1" m="51307" /><E28/><V5/><F135/><W121/><G121/><T108/><D108/><U79/><E9/><V66/><F72/><W123/><G123/><T117/><D117/><U65/><E65/><V115/><F115/><W105/><G105/><T70/><D70/><U59/><E103/><V118/><F118/><W114/><G114/><T36/><D36/><U88/><E79/><V80/><F66/><W3/><G41/><T31/><D31/><U4/><E4/><V90/><F120/><W77/><G27/><T39/><D39/><U7/><E7/><V75/><F43/><W12/><G3/><N who="1" m="1066" /><E40/><V24/><F6/><W76/><G71/><T8/><D74/><U125/><E50/><V110/><F110/><W112/><G112/><T1/><D1/><U51/><E51/><V17/><F5/><N who="3" m="3183" /><G67/><T109/><D109/><U89/><E59/><V21/><F124/><W30/><G30/><T38/><D38/><U113/><E113/><V29/><F29/><W25/><G25/><T128/><D128/><U94/><E89/><V18/><F18/><W106/><G69/><T100/><D100/><U35/><E81/><V22/><F23/><W119/><G119/><T91/><D10/><U122/><E122/><V92/><F80/><W78/><G93/><T64/><D64/><U48/><E48/><N who="2" m="30983" /><F75/><W15/><G15/><N who="0" m="7655" /><D73/><U116/><E116/><V102/><F102/><W129/><G129/><T95/><D83/><U68/><E68/><V26/><F26/><RYUUKYOKU ba="0,0" sc="182,0,257,0,276,0,285,0" hai0="45,46,47,49,53,56,61,63,91,95" hai1="35,85,88,94,125,126,127" hai2="13,16,17,21,22,24,90,92,104,107" hai3="55,57,62,76,77,78,84,87,99,106" /><INIT seed="3,1,0,5,2,93" ten="182,257,276,285" oya="3" hai0="120,76,28,79,60,33,123,65,134,80,117,114,4" hai1="112,20,121,38,12,7,59,16,50,53,97,55,103" hai2="23,54,1,63,102,26,22,107,115,0,14,67,58" hai3="128,32,110,118,46,49,130,52,126,31,74,125,129"/><W78/><G118/><T36/><D117/><U37/><E121/><V127/><F127/><N who="3" m="48651" /><G110/><T119/><D119/><U73/><E112/><V21/><F115/><W64/><G64/><T70/><D114/><U24/><E73/><V25/><F14/><W83/><G31/><T5/><D79/><U44/><E7/><V104/><F54/><W18/><G18/><T82/><D82/><U81/><E81/><V10/><F10/><W90/><G90/><T87/><D36/><U61/><REACH who="1" step="1"/><E12/><REACH who="1" ten="182,247,276,285" step="2"/><V105/><REACH who="2" step="1"/><F102/><REACH who="2" ten="182,247,266,285" step="2"/><W56/><G32/><T75/><D123/><U86/><E86/><V100/><F100/><W47/><AGARI ba="1,2" hai="46,47,49,52,56,74,78,83,128,129,130" m="48651" machi="47" ten="40,7800,0" yaku="19,1,18,1,54,1" doraHai="93" who="3" fromWho="3" sc="182,-27,247,-27,266,-27,285,101" owari="155,-34.5,220,-18.0,239,3.9,386,48.6" /></mjloggm>