<mjloggm ver="2.3"><GO type="225" lobby="0"/><UN n0="%E2%98%86%E5%B0%8F%E5%AD%A6%E7%94%B7%E7%94%9F%E2%98%86" n1="%E3%83%A9%E3%82%A4%E3%83%B3%E3%81%AE%E8%99%8E" n2="%43%68%65" n3="%E6%B8%A9%E2%98%85%E6%83%85%E2%98%85%E6%8E%AA%E2%98%85%E7%BD%AE" dan="17,16,16,17" rate="2191.27,2148.12,2196.34,2212.00" sx="M,M,M,M"/><TAIKYOKU oya="0"/><INIT seed="0,0,0,3,5,41" ten="250,250,250,250" oya="0" hai0="78,130,122,76,63,28,9,39,71,3,73,50,32" hai1="35,117,98,80,82,127,101,31,112,47,46,37,68" hai2="75,95,106,16,97,64,5,119,17,51,34,52,59" hai3="74,123,134,43,111,8,132,70,126,20,26,133,108"/><T110/><D122/><U38/><E117/><V22/><F119/><W13/><G70/><T40/><D50/><U62/><E127/><V109/><F34/><W57/><G74/><T36/><D130/><U67/><E112/><V94/><F75/><W129/><G43/><T105/><D76/><U96/><E96/><V58/><F109/><N who="3" m="42059" /><G57/><T93/><D93/><U104/><E80/><V72/><F72/><W30/><G126/><T113/><D113/><U53/><E82/><V24/><F5/><N who="3" m="3215" /><G123/><T65/><D110/><U79/><E79/><V11/><F106/><W81/><G81/><N who="0" m="45263" /><D105/><U107/><E53/><V29/><F11/><W128/><AGARI ba="0,0" hai="20,26,30,128,129,132,133,134" m="3215,42059" machi="128" ten="40,8000,1" yaku="20,1,14,1,34,2" doraHai="41" who="3" fromWho="3" sc="250,-40,250,-20,250,-20,250,80" /><INIT seed="1,0,0,2,4,32" ten="210,230,230,330" oya="1" hai0="126,70,109,11,114,67,22,47,18,118,56,4,5" hai1="64,15,123,42,16,2,89,98,105,112,45,60,59" hai2="86,130,14,63,49,8,117,12,80,111,50,23,113" hai3="41,93,76,29,127,37,133,73,125,82,131,38,61"/><U31/><E112/><V58/><F117/><W75/><G133/><T68/><D114/><U94/><E123/><V83/><F113/><W91/><G131/><T96/><D118/><U51/><E105/><V46/><F130/><W10/><G75/><T26/><D109/><U66/><E31/><V19/><F111/><W62/><G29/><T84/><D126/><N who="3" m="48137" /><G10/><T27/><D96/><U24/><E2/><V21/><F21/><W108/><G108/><T52/><D47/><U36/><E24/><V107/><F107/><W106/><G106/><T132/><D132/><U0/><E0/><V95/><F95/><W7/><G7/><T33/><D84/><U100/><E36/><N who="3" m="13930" /><G41/><T57/><D5/><U92/><E66/><N who="2" m="39287" /><F46/><W35/><G35/><T90/><D67/><U9/><REACH who="1" step="1"/><E94/><REACH who="1" ten="210,220,230,330" step="2"/><V122/><F122/><W3/><G3/><T79/><D33/><U69/><E69/><V28/><F28/><W77/><G77/><T48/><D79/><U81/><E81/><V6/><F83/><W54/><G93/><T17/><D68/><U129/><E129/><V39/><F39/><W40/><G76/><AGARI ba="0,1" hai="6,8,12,14,19,23,49,50,76,80,86" m="39287" machi="76" ten="30,1000,0" yaku="8,1" doraHai="32" who="2" fromWho="3" sc="210,0,220,0,230,20,330,-10" /><INIT seed="2,0,0,4,0,102" ten="210,220,250,320" oya="2" hai0="50,32,8,122,109,107,131,68,113,126,88,39,76" hai1="16,24,83,95,71,49,38,25,87,54,19,115,56" hai2="12,70,23,77,41,27,28,18,60,82,132,114,37" hai3="72,129,101,43,98,57,9,26,73,103,34,90,92"/><V4/><F114/><W35/><G129/><T135/><D50/><U11/><E115/><V112/><F112/><W29/><G35/><T36/><D8/><U63/><E38/><V15/><F132/><W65/><G43/><T96/><D88/><N who="1" m="51327" /><E71/><V105/><F105/><W130/><G130/><T5/><D96/><U48/><E95/><V14/><F4/><W20/><G34/><T85/><D85/><U61/><E49/><V33/><F70/><W6/><G101/><T21/><D21/><N who="1" m="13351" /><E25/><V58/><F41/><W64/><G90/><T80/><D80/><U46/><E56/><V55/><REACH who="2" step="1"/><F37/><REACH who="2" ten="210,220,240,320" step="2"/><W134/><G134/><T106/><D5/><U59/><E59/><V44/><F44/><W100/><G57/><T13/><D107/><U75/><E75/><AGARI ba="0,1" hai="12,14,15,18,23,27,28,33,55,58,60,75,77,82" machi="75" ten="30,2900,0" yaku="1,1,7,1,53,0" doraHai="102" doraHaiUra="99" who="2" fromWho="1" sc="210,0,220,-29,240,39,320,0" /><INIT seed="2,1,0,5,3,63" ten="210,191,279,320" oya="2" hai0="103,116,115,22,58,5,64,52,109,80,68,49,8" hai1="40,33,105,76,69,91,23,90,51,94,100,47,30" hai2="11,60,0,25,102,93,32,42,131,20,24,135,12" hai3="18,89,86,67,27,107,14,118,99,38,44,29,36"/><V83/><F131/><W85/><G118/><T111/><D115/><U34/><E76/><V66/><F135/><W15/><G67/><T9/><D116/><U130/><E130/><V97/><F0/><W35/><G44/><T6/><D103/><U113/><E113/><V101/><F32/><W74/><G74/><T19/><D80/><U65/><E23/><V117/><F117/><W104/><G86/><T122/><D122/><U46/><E46/><V21/><F42/><W1/><G1/><T81/><D81/><U128/><E128/><V127/><F127/><W53/><G53/><T16/><D68/><U84/><E91/><V71/><F83/><W10/><G14/><N who="0" m="7247" /><D64/><U129/><E129/><V28/><F102/><W132/><G132/><T48/><D8/><U120/><E120/><V88/><F101/><W4/><G4/><T54/><D109/><U78/><E78/><V79/><F79/><W92/><REACH who="3" step="1"/><G99/><REACH who="3" ten="210,191,279,310" step="2"/><T112/><D112/><U95/><E65/><V82/><F82/><W37/><AGARI ba="1,1" hai="10,15,18,27,29,35,36,37,38,85,89,92,104,107" machi="37" ten="30,4000,0" yaku="1,1,2,1,0,1,53,0" doraHai="63" doraHaiUra="3" who="3" fromWho="3" sc="210,-11,191,-11,279,-21,310,53" /><INIT seed="3,0,0,0,3,31" ten="199,180,258,363" oya="3" hai0="28,48,63,43,133,61,124,56,93,99,44,36,105" hai1="38,8,45,20,15,52,92,47,98,74,49,39,17" hai2="35,69,76,42,46,108,29,120,130,1,83,70,53" hai3="57,115,34,58,113,10,67,3,2,41,59,127,80"/><W110/><G41/><T82/><D105/><U25/><E74/><V72/><F108/><W89/><G10/><T32/><D133/><U114/><E114/><V131/><F53/><W30/><G67/><T37/><D124/><U129/><E129/><N who="2" m="49163" /><F1/><W87/><G127/><T54/><D82/><U11/><E11/><V126/><F120/><W95/><G110/><T7/><D7/><U81/><E81/><V102/><F102/><W123/><G123/><T90/><REACH who="0" step="1"/><D36/><REACH who="0" ten="189,180,258,363" step="2"/><U60/><E60/><V134/><F134/><W21/><G80/><T65/><D65/><U85/><E85/><V118/><F126/><W9/><G87/><T19/><D19/><N who="1" m="8679" /><E39/><N who="2" m="21855" /><F118/><W100/><G115/><T79/><D79/><U23/><E38/><V122/><F122/><W62/><G113/><T14/><D14/><U94/><E23/><V55/><F83/><W13/><G13/><T22/><D22/><U109/><E109/><V71/><F76/><W96/><G21/><T51/><D51/><N who="1" m="28783" /><E98/><V117/><F117/><W135/><G96/><T132/><D132/><U125/><E125/><V40/><F72/><W97/><G97/><T116/><D116/><U50/><E50/><V18/><F18/><W77/><G77/><T86/><D86/><U128/><E128/><V75/><F75/><W111/><G135/><T24/><AGARI ba="0,1" hai="24,28,32,37,43,44,48,54,56,61,63,90,93,99" machi="24" ten="30,7900,0" yaku="1,1,0,1,52,1,53,1" doraHai="31" doraHaiUra="26" who="0" fromWho="0" sc="189,89,180,-20,258,-20,363,-39" owari="278,7.8,160,-34.0,238,-16.2,324,42.4" /></mjloggm>