<mjloggm ver="2.3"><GO type="225" lobby="0"/><UN n0="%E3%81%8B%E3%82%8F%E3%81%A1%E3%82%83%E3%82%93%35%38" n1="%E7%99%BD%E5%80%89%E5%AF%9B%E4%B9%8B" n2="%E6%81%A5%E6%99%92%E3%81%97" n3="%EF%BC%AE%EF%BC%A1%EF%BC%AF%33%33%39" dan="16,16,16,16" rate="2148.81,2145.79,2047.47,2165.99" sx="M,M,M,M"/><TAIKYOKU oya="0"/><INIT seed="0,0,0,1,4,14" ten="250,250,250,250" oya="0" hai0="7,110,29,10,25,1,117,49,123,70,38,74,41" hai1="132,134,106,78,6,124,88,33,115,135,42,3,68" hai2="28,79,21,55,126,89,66,81,105,52,50,12,96" hai3="86,27,94,15,8,40,101,116,61,107,56,119,73"/><T11/><D117/><U121/><E121/><V77/><F126/><W131/><G73/><T99/><D123/><U98/><E124/><V36/><F36/><W93/><G40/><T19/><D70/><U122/><E122/><V23/><F105/><W0/><G0/><T67/><D67/><U85/><E68/><V118/><F118/><W44/><G44/><T9/><D74/><U59/><E33/><V63/><F23/><W57/><G57/><T76/><D76/><N who="2" m="29258" /><F50/><W30/><G107/><T2/><D49/><U127/><E42/><V39/><F39/><W83/><G131/><T71/><D71/><U64/><E78/><V32/><F32/><W129/><G129/><T16/><D99/><U95/><E127/><V60/><F28/><W92/><G116/><T20/><D110/><U109/><E109/><V91/><F81/><W65/><G119/><T80/><D80/><U113/><E98/><V53/><F66/><W46/><G83/><T104/><D104/><U4/><E106/><V31/><F31/><W35/><G46/><T87/><D87/><U51/><E3/><N who="0" m="1033" /><D38/><U13/><E13/><V34/><F34/><W18/><REACH who="3" step="1"/><G86/><REACH who="3" ten="250,250,250,240" step="2"/><T37/><D37/><U84/><E85/><V58/><F58/><W45/><G45/><T130/><D41/><U133/><E134/><V47/><F47/><W82/><G82/><T100/><D130/><U62/><REACH who="1" step="1"/><E51/><REACH who="1" ten="250,240,250,240" step="2"/><V54/><F63/><W114/><G114/><AGARI ba="0,2" hai="4,6,59,62,64,84,88,95,113,114,115,132,133,135" machi="114" ten="50,8000,1" yaku="1,1,2,1,11,1,20,1,54,1,53,0" doraHai="14" doraHaiUra="120" who="1" fromWho="3" sc="250,0,240,100,250,0,240,-80" /><INIT seed="1,0,0,0,2,66" ten="250,340,250,160" oya="1" hai0="109,106,49,69,78,76,132,47,31,100,81,92,23" hai1="120,73,84,25,37,30,119,59,80,8,101,94,125" hai2="95,134,45,36,112,12,28,110,124,91,135,27,107" hai3="115,88,62,104,24,51,42,52,64,34,83,123,48"/><U19/><E37/><V131/><F107/><W35/><G115/><T0/><D0/><U20/><E119/><V10/><F110/><W74/><G123/><T1/><D1/><U14/><E120/><V93/><F112/><W53/><G104/><T98/><D109/><U129/><E129/><V18/><F131/><W67/><G42/><T17/><D132/><N who="2" m="50730" /><F124/><W118/><G118/><T21/><D106/><U55/><E73/><V5/><F5/><W50/><G64/><T75/><D78/><U114/><E114/><V2/><F2/><W4/><G4/><T133/><D133/><U9/><E125/><V71/><F91/><W44/><G74/><T97/><D97/><U108/><E108/><V122/><F71/><W3/><G3/><T16/><D69/><U58/><E8/><V63/><F63/><W96/><G24/><T6/><D6/><U103/><E94/><V26/><F26/><W46/><G50/><T33/><D33/><U128/><E128/><V7/><F7/><W116/><G116/><T56/><D56/><U117/><E59/><V65/><F65/><W38/><G38/><T57/><D57/><U113/><E113/><V11/><F11/><W102/><G102/><T72/><D72/><U39/><E39/><V43/><F122/><W89/><G89/><T61/><D61/><N who="1" m="36063" /><E117/><V77/><F77/><AGARI ba="0,0" hai="9,14,19,20,25,30,77,80,84,101,103" m="36063" machi="77" ten="30,1500,0" yaku="8,1" doraHai="66" who="1" fromWho="2" sc="250,0,340,15,250,-15,160,0" /><INIT seed="1,1,0,5,5,37" ten="250,355,235,160" oya="1" hai0="125,9,121,110,44,10,103,101,11,38,1,127,48" hai1="118,24,78,85,86,53,105,80,28,79,40,23,72" hai2="94,49,30,58,74,29,18,31,102,73,26,17,120" hai3="64,133,117,33,59,98,126,12,55,45,62,112,20"/><U124/><E105/><V2/><F120/><W60/><G33/><T114/><D114/><U50/><E118/><V56/><F2/><W69/><G112/><T4/><D38/><U119/><E119/><V36/><F36/><W134/><G98/><T76/><D76/><U97/><E124/><N who="0" m="47689" /><D110/><U87/><E97/><N who="2" m="59703" /><F74/><W68/><G126/><T107/><D121/><U91/><E79/><V34/><F34/><W8/><G20/><T113/><D113/><U47/><REACH who="1" step="1"/><E53/><REACH who="1" ten="250,345,235,160" step="2"/><V57/><F73/><W6/><G117/><T93/><D107/><U88/><AGARI ba="1,1" hai="23,24,28,40,47,50,72,78,80,85,86,87,88,91" machi="88" ten="30,12000,1" yaku="1,1,2,1,0,1,52,1,54,1,53,0" doraHai="37" doraHaiUra="13" who="1" fromWho="1" sc="250,-41,345,133,235,-41,160,-41" /><INIT seed="1,2,0,0,3,77" ten="209,478,194,119" oya="1" hai0="95,13,69,61,46,135,124,84,38,57,24,3,30" hai1="40,76,33,102,21,106,10,35,123,52,43,47,115" hai2="25,126,66,39,82,56,132,125,14,15,32,12,127" hai3="19,94,91,105,130,81,92,74,9,71,18,113,64"/><U93/><E123/><V49/><F39/><W133/><G113/><T87/><D3/><U58/><E106/><V78/><F132/><W101/><G71/><T0/><D0/><U131/><E115/><V85/><F49/><W22/><G64/><T36/><D69/><U53/><E131/><V65/><REACH who="2" step="1"/><F56/><REACH who="2" ten="209,478,184,119" step="2"/><W27/><G133/><T83/><D57/><U28/><E58/><V51/><F51/><W117/><G130/><T26/><D38/><U5/><E43/><V44/><F44/><W75/><G117/><T55/><D46/><U86/><E47/><V103/><F103/><W90/><G101/><T7/><D36/><U79/><E40/><V80/><F80/><W8/><G105/><T45/><D83/><U121/><E102/><V1/><F1/><W129/><G129/><T100/><D45/><U68/><E68/><V73/><F73/><W72/><G81/><T70/><D70/><U134/><E134/><V88/><F88/><W108/><G108/><T97/><D135/><U109/><E109/><V104/><F104/><W120/><G120/><T37/><D37/><U54/><E121/><V59/><F59/><W116/><G116/><T2/><D2/><U99/><E54/><V6/><F6/><W41/><G41/><T20/><D55/><U114/><E53/><V11/><F11/><N who="3" m="4171" /><G91/><T42/><D42/><U112/><E52/><V34/><F34/><W96/><G92/><T62/><D100/><U119/><E114/><V128/><F128/><W50/><G50/><T48/><D48/><U89/><E112/><V67/><F67/><W63/><G63/><RYUUKYOKU ba="2,1" sc="209,-15,478,-15,184,15,119,15" hai2="12,14,15,25,32,65,66,78,82,85,125,126,127" hai3="18,19,22,27,72,74,75,90,94,96" /><INIT seed="2,3,1,0,4,58" ten="194,463,199,134" oya="2" hai0="7,85,96,60,134,72,122,57,48,102,131,91,24" hai1="81,92,36,10,88,12,27,135,42,126,110,52,69" hai2="33,67,90,13,68,28,18,121,130,51,3,32,17" hai3="40,76,83,128,78,43,66,0,50,37,74,14,1"/><V73/><F121/><W25/><G37/><T49/><D72/><U119/><E69/><V103/><F3/><W55/><G78/><T98/><D122/><U95/><E119/><V124/><F73/><W61/><G128/><T97/><D102/><U19/><E110/><V11/><F130/><W93/><G1/><T47/><D131/><U5/><E126/><V101/><F124/><W107/><G107/><T120/><D120/><U132/><E36/><V30/><F51/><W29/><G14/><T15/><D24/><U108/><E42/><V84/><F18/><W44/><G93/><N who="0" m="54511" /><D134/><U87/><E108/><V113/><F113/><W6/><G6/><T125/><D125/><U99/><E95/><V39/><F39/><W80/><G80/><T71/><D71/><U54/><E27/><V53/><F53/><W106/><G106/><T65/><D47/><U45/><E5/><V127/><F127/><W129/><G0/><T31/><D31/><N who="2" m="11818" /><F32/><W9/><G9/><AGARI ba="3,1" hai="7,9,15,48,49,57,60,65,96,97,98" m="54511" machi="9" ten="30,2000,0" yaku="8,1,52,1" doraHai="58" who="0" fromWho="3" sc="194,39,463,0,199,0,134,-29" /><INIT seed="3,0,0,1,0,131" ten="233,463,199,105" oya="3" hai0="6,15,51,20,27,109,75,48,58,50,112,102,10" hai1="59,35,37,101,90,126,25,89,56,72,66,61,119" hai2="26,47,29,42,67,79,134,125,123,105,82,23,70" hai3="54,107,118,21,127,115,87,93,122,103,106,34,129"/><W121/><G34/><T39/><D39/><U92/><E72/><V80/><F125/><W85/><G21/><T4/><D75/><U13/><E37/><V128/><F128/><W31/><G31/><T8/><D109/><U124/><E119/><V5/><F105/><N who="3" m="39947" /><G54/><T84/><D112/><U135/><E59/><V99/><F67/><W88/><G129/><T62/><D102/><U97/><E13/><V104/><F70/><W19/><G19/><N who="0" m="12703" /><D84/><N who="3" m="32329" /><G115/><T78/><D78/><U41/><E41/><V28/><F5/><N who="0" m="2154" /><D15/><U43/><E43/><V12/><F12/><W108/><G118/><T117/><D117/><U74/><E56/><V16/><F29/><W83/><G127/><T57/><D57/><U18/><E61/><V94/><F28/><W86/><G108/><T64/><AGARI ba="0,0" hai="8,10,48,50,51,58,62,64" m="2154,12703" machi="64" ten="30,1100,0" yaku="8,1" doraHai="131" who="0" fromWho="0" sc="233,11,463,-3,199,-3,105,-5" owari="244,4.4,460,56.0,196,-20.4,100,-40.0" /></mjloggm>