<mjloggm ver="2.3"><GO type="225" lobby="0"/><UN n0="%E3%80%93%E3%81%97%E3%83%BC%E3%82%89%E3%80%93" n1="%E7%B4%94%E6%BD%94%E3%83%94%E3%83%A9%E3%83%8B%E3%82%A2" n2="%E6%B8%A9%E2%98%85%E6%83%85%E2%98%85%E6%8E%AA%E2%98%85%E7%BD%AE" n3="%E3%81%99%E3%81%84%E3%81%BE%E3%81%9B%E3%83%BC%E3%82%93" dan="16,17,17,18" rate="2219.70,2175.04,2171.88,2172.09" sx="M,M,M,M"/><TAIKYOKU oya="0"/><INIT seed="0,0,0,0,0,114" ten="250,250,250,250" oya="0" hai0="38,100,129,8,14,77,96,78,105,47,130,119,126" hai1="103,128,65,44,88,6,0,110,74,55,97,62,17" hai2="99,98,118,22,122,117,13,121,81,46,57,16,92" hai3="94,106,60,32,39,25,123,83,76,135,61,132,37"/><T2/><D2/><U41/><E55/><V125/><F125/><W75/><G106/><T134/><D126/><U19/><E74/><V43/><F81/><W66/><G123/><T70/><D70/><U124/><E110/><V116/><F57/><W102/><G102/><T89/><D89/><U24/><E24/><V35/><F35/><W20/><G94/><T101/><D101/><U64/><E64/><V109/><F109/><W1/><G1/><T27/><D27/><U56/><E128/><N who="0" m="49257" /><D134/><N who="3" m="51241" /><G32/><T28/><D28/><U53/><E65/><V23/><F23/><W73/><G73/><T42/><D119/><U71/><E71/><V10/><F22/><W95/><G95/><T85/><D85/><U33/><E33/><V91/><F99/><W40/><G40/><T7/><AGARI ba="0,0" hai="7,8,14,38,42,47,77,78,96,100,105" m="49257" machi="7" ten="30,1500,0" yaku="19,1" doraHai="114" who="0" fromWho="0" sc="250,15,250,-5,250,-5,250,-5" /><INIT seed="0,1,0,5,3,89" ten="265,245,245,245" oya="0" hai0="42,116,54,81,13,51,5,122,16,38,58,60,101" hai1="94,130,63,128,97,79,37,8,114,30,72,86,12" hai2="21,27,117,132,87,50,96,55,135,76,61,69,125" hai3="73,119,46,2,11,115,4,41,99,105,127,78,40"/><T25/><D122/><U14/><E37/><V35/><F125/><W39/><G115/><T103/><D116/><U24/><E72/><V53/><F117/><W34/><G119/><T59/><D38/><U17/><E14/><V75/><F35/><W70/><G41/><T57/><D42/><U71/><E114/><V15/><F75/><W45/><G45/><N who="0" m="28015" /><D5/><U36/><E36/><V83/><F15/><W126/><G70/><T85/><D25/><U52/><E86/><V74/><F96/><W49/><G49/><T29/><D29/><U84/><E84/><V31/><F74/><W112/><G34/><T0/><D60/><U6/><E79/><V18/><F31/><W44/><G44/><T131/><D0/><U134/><E134/><N who="2" m="51243" /><F50/><W90/><G112/><T26/><D26/><U102/><E6/><V98/><F98/><W65/><G127/><T32/><D32/><U107/><E107/><V106/><F106/><W108/><G126/><T91/><D131/><U7/><E7/><V68/><F68/><W113/><G105/><T123/><D123/><U109/><E71/><V100/><F100/><W9/><G113/><T95/><D81/><U121/><E121/><V3/><F3/><W67/><G4/><T43/><D43/><U62/><E24/><V56/><F69/><W129/><G2/><T88/><D91/><U111/><E30/><V120/><F120/><W93/><G129/><N who="1" m="49770" /><E63/><V64/><AGARI ba="1,0" hai="18,21,27,53,55,56,61,64,76,83,87" m="51243" machi="64" ten="30,1100,0" yaku="20,1" doraHai="89" who="2" fromWho="2" sc="265,-6,245,-4,245,14,245,-4" /><INIT seed="1,0,0,1,4,31" ten="259,241,259,241" oya="1" hai0="67,32,109,123,37,30,40,63,26,53,17,113,25" hai1="19,21,71,42,135,98,81,86,96,114,87,39,88" hai2="79,64,128,56,85,59,93,0,89,125,5,111,70" hai3="108,11,3,126,78,99,94,103,80,122,130,112,43"/><U10/><E71/><V119/><F119/><W36/><G122/><T28/><D123/><U72/><E72/><V18/><F111/><W46/><G112/><T116/><D116/><U52/><E114/><V121/><F121/><W127/><G108/><T62/><D113/><U84/><E135/><V14/><F128/><W57/><G130/><T95/><D17/><U66/><E66/><V35/><F35/><W22/><G57/><T129/><D129/><U91/><E42/><V16/><F125/><W65/><G65/><T61/><D53/><U49/><E39/><V24/><F0/><W104/><G22/><T117/><D117/><U131/><E10/><N who="2" m="4431" /><F70/><W15/><G94/><T44/><D95/><N who="1" m="54759" /><E86/><N who="2" m="52407" /><F24/><W4/><REACH who="3" step="1"/><G15/><REACH who="3" ten="259,241,259,231" step="2"/><T90/><D109/><U118/><E131/><V97/><F64/><W100/><G100/><T33/><D90/><U92/><E92/><V106/><F106/><W27/><G27/><T69/><AGARI ba="0,1" hai="25,26,28,30,32,33,37,40,44,61,62,63,67,69" machi="69" ten="20,8000,1" yaku="0,1,7,1,9,1,52,2" doraHai="31" who="0" fromWho="0" sc="259,90,241,-40,259,-20,231,-20" /><INIT seed="2,0,0,4,1,66" ten="349,201,239,211" oya="2" hai0="60,21,30,17,20,84,129,54,63,58,46,117,103" hai1="36,71,106,43,52,131,132,109,134,55,90,4,68" hai2="104,96,7,39,100,86,50,98,19,9,1,38,57" hai3="62,37,5,72,85,3,14,112,79,10,75,56,119"/><V22/><F98/><W34/><G119/><T93/><D117/><U115/><E115/><V59/><F86/><W76/><G34/><T24/><D129/><U121/><E131/><V135/><F135/><N who="1" m="51753" /><E109/><V26/><REACH who="2" step="1"/><F50/><REACH who="2" ten="349,201,229,211" step="2"/><W89/><G112/><T15/><D84/><U133/><E133/><V88/><F88/><W120/><G89/><T113/><D113/><U2/><E90/><V101/><F101/><W8/><G85/><T74/><D103/><U49/><E106/><V41/><F41/><W107/><G107/><T108/><D108/><U92/><E92/><V110/><F110/><W12/><G75/><T25/><D74/><U116/><E116/><V122/><F122/><W91/><G72/><T6/><D93/><U69/><E121/><V16/><F16/><W29/><G120/><T124/><D17/><U67/><E67/><V118/><F118/><W111/><G111/><T127/><D127/><U128/><E128/><V65/><F65/><W94/><G94/><T23/><D124/><U95/><E95/><V44/><F44/><W47/><G91/><T87/><D46/><N who="1" m="23911" /><E49/><V51/><F51/><W78/><G79/><T81/><D87/><U64/><E64/><V42/><F42/><N who="3" m="22991" /><G78/><T73/><D73/><U126/><E126/><V0/><F0/><W40/><G76/><T28/><D81/><U102/><E102/><V27/><F27/><W70/><G40/><T18/><D6/><U77/><E77/><V13/><F13/><W130/><G130/><T48/><AGARI ba="0,1" hai="15,18,20,21,23,24,25,28,30,48,54,58,60,63" machi="48" ten="20,5200,0" yaku="0,1,7,1,9,1,8,1" doraHai="66" who="0" fromWho="0" sc="349,62,201,-13,229,-26,211,-13" /><INIT seed="3,0,0,1,4,70" ten="411,188,203,198" oya="3" hai0="24,119,15,68,89,79,56,109,82,77,94,133,47" hai1="44,85,104,25,41,60,0,126,69,26,49,11,57" hai2="127,121,101,43,122,100,42,75,5,124,92,2,14" hai3="40,125,58,74,84,108,66,87,13,18,107,86,80"/><W3/><G107/><T71/><D109/><U8/><E104/><V62/><F2/><W83/><G3/><T106/><D106/><U16/><E69/><V17/><F5/><W72/><G125/><N who="2" m="48201" /><F62/><W27/><G27/><T46/><D133/><U12/><E126/><V48/><F75/><W131/><G131/><T32/><D119/><U113/><E113/><V28/><F28/><W10/><G108/><T39/><D79/><U112/><E112/><V76/><F76/><W29/><G29/><T91/><D82/><U128/><E128/><V114/><F114/><W120/><G74/><T115/><D46/><U110/><E110/><V105/><F105/><W55/><G72/><T35/><D89/><U73/><E73/><V9/><F48/><W36/><G83/><T81/><D47/><U123/><E123/><N who="2" m="47115" /><F92/><W93/><G120/><T103/><D103/><AGARI ba="0,0" hai="9,14,17,42,43,100,101,103" m="47115,48201" machi="103" ten="30,2000,0" yaku="18,1,13,1" doraHai="70" who="2" fromWho="0" sc="411,-20,188,0,203,20,198,0" owari="391,49.1,188,-31.2,223,2.3,198,-20.2" /></mjloggm>