<mjloggm ver="2.3"><GO type="225" lobby="0"/><UN n0="%E3%83%96%E3%83%83%E3%83%91%E3%82%AA%E3%83%96%E3%83%81%E3%82%AD%E3%83%B3" n1="%E4%BB%8A%E6%97%A5%E4%B8%80" n2="%E3%83%A9%E3%83%BC%E3%83%A1%E3%83%B3%E4%BA%94%E9%83%8E" n3="%43%55%4B%45%59" dan="16,17,16,16" rate="2181.21,2217.59,2081.12,2072.58" sx="M,F,M,M"/><TAIKYOKU oya="0"/><INIT seed="0,0,0,1,1,89" ten="250,250,250,250" oya="0" hai0="14,42,9,57,135,17,95,7,68,45,109,63,112" hai1="55,52,129,105,15,39,60,97,36,127,8,82,24" hai2="32,53,59,110,96,34,87,85,84,22,91,133,111" hai3="116,115,12,48,21,65,70,18,72,31,38,102,75"/><T27/><D112/><U49/><E129/><V88/><F133/><W73/><G116/><T101/><D135/><U50/><E60/><V99/><F22/><W62/><G115/><T103/><D68/><U104/><E127/><V16/><F16/><W131/><G131/><T20/><D109/><N who="2" m="41482" /><F99/><W77/><G38/><T90/><D45/><U74/><E24/><V61/><F96/><W119/><G119/><T130/><D42/><U41/><E41/><V64/><F64/><W93/><G31/><T132/><D130/><U58/><E97/><V3/><F3/><W43/><G77/><T66/><REACH who="0" step="1"/><D132/><REACH who="0" ten="240,250,250,250" step="2"/><U28/><E39/><V83/><F83/><W19/><G43/><T30/><D30/><U114/><E36/><V107/><F107/><W76/><G70/><T79/><D79/><U71/><E71/><V67/><F91/><W80/><G76/><T86/><AGARI ba="0,1" hai="7,9,14,17,20,27,57,63,66,86,90,95,101,103" machi="86" ten="20,12000,1" yaku="1,1,0,1,7,1,8,1,52,1,53,0" doraHai="89" doraHaiUra="78" who="0" fromWho="0" sc="240,130,250,-40,250,-40,250,-40" /><INIT seed="0,1,0,3,0,96" ten="370,210,210,210" oya="0" hai0="70,16,124,53,3,13,84,42,114,93,122,99,51" hai1="25,86,68,12,105,119,19,29,85,21,2,87,38" hai2="132,71,128,43,50,118,60,40,110,76,106,79,34" hai3="97,135,129,35,22,78,109,45,47,121,63,7,49"/><T103/><D124/><U113/><E119/><V74/><F34/><W28/><G121/><T107/><D114/><U100/><E2/><V55/><F106/><W64/><G129/><T131/><D131/><U62/><E38/><V116/><F128/><W11/><G135/><T98/><D122/><U57/><E68/><V80/><F132/><W89/><G109/><T73/><D70/><U32/><E113/><V33/><F33/><W88/><G35/><T65/><D3/><U31/><E31/><V102/><F79/><W127/><G127/><T4/><D73/><U111/><E111/><V6/><F6/><W27/><G78/><T56/><D65/><U90/><E105/><V67/><F102/><W134/><G134/><T36/><D84/><U125/><E100/><V54/><F54/><W17/><G28/><T115/><D115/><U14/><E14/><V108/><F108/><W18/><G97/><T10/><D4/><U123/><E123/><V92/><F92/><W101/><G101/><T82/><D82/><U112/><E112/><V46/><REACH who="2" step="1"/><F110/><REACH who="2" ten="370,210,200,210" step="2"/><W5/><G5/><T130/><D130/><U15/><E125/><V75/><F75/><W37/><G7/><T30/><D107/><U77/><E77/><V41/><AGARI ba="1,1" hai="40,41,43,46,50,55,60,67,71,74,76,80,116,118" machi="41" ten="30,2000,0" yaku="1,1,0,1,53,0" doraHai="96" doraHaiUra="52" who="2" fromWho="2" sc="370,-11,210,-6,200,33,210,-6" /><INIT seed="1,0,0,3,4,16" ten="359,204,233,204" oya="1" hai0="31,135,93,99,84,90,19,3,24,104,132,18,68" hai1="133,48,126,75,116,50,83,86,100,105,57,72,65" hai2="82,77,43,9,64,70,58,129,17,61,127,41,130" hai3="37,118,88,87,122,11,113,85,23,120,60,33,106"/><U36/><E116/><V96/><F127/><W80/><G118/><T52/><D3/><U21/><E126/><V38/><F96/><W103/><G33/><T40/><D68/><U119/><E119/><V20/><F9/><W98/><G37/><T8/><D40/><U55/><E36/><V54/><F38/><W39/><G39/><T27/><D27/><U94/><E105/><V28/><F28/><W109/><G113/><T117/><D117/><U108/><E108/><V110/><F110/><W91/><G109/><T63/><D63/><U95/><E133/><N who="0" m="51273" /><D52/><U2/><E2/><V35/><F35/><W76/><G11/><T134/><N who="0" m="51281" /><T46/><DORA hai="124" /><D46/><U29/><E65/><V69/><F69/><W74/><G60/><T7/><D8/><U10/><E10/><V22/><F22/><W4/><G4/><T59/><D59/><U51/><E72/><N who="2" m="43303" /><F64/><W125/><G23/><N who="0" m="15775" /><D7/><U44/><E51/><V78/><F70/><W30/><G30/><T67/><D67/><U26/><E75/><V79/><F43/><W128/><G128/><N who="2" m="49257" /><F41/><W0/><G0/><T115/><D115/><U73/><E73/><V121/><F121/><W81/><G125/><T12/><D12/><AGARI ba="0,0" hai="12,17,20,54,58,61,78,79" m="49257,43303" machi="12" ten="30,8000,1" yaku="19,1,52,4" doraHai="16,124" who="2" fromWho="0" sc="359,-80,204,0,233,80,204,0" /><INIT seed="2,0,0,4,4,119" ten="279,204,313,204" oya="2" hai0="45,56,114,66,133,89,37,97,91,48,82,116,44" hai1="30,71,19,57,53,23,115,6,21,51,28,39,0" hai2="47,81,128,31,85,121,132,99,33,76,14,94,83" hai3="118,122,117,135,95,104,77,78,75,70,20,126,13"/><V54/><F128/><W131/><G20/><T92/><D116/><N who="3" m="44649" /><G13/><T110/><D114/><U68/><E115/><V84/><F132/><W8/><G8/><T101/><D133/><U24/><E39/><V25/><F14/><W64/><G64/><T4/><D110/><U73/><E73/><V22/><F33/><W87/><G70/><T109/><D109/><U50/><E28/><V105/><F54/><W42/><G42/><T102/><D4/><U88/><E50/><V127/><F47/><N who="0" m="17994" /><D37/><U103/><E103/><N who="0" m="39433" /><D82/><U108/><E108/><V120/><F105/><W79/><G104/><T60/><D48/><U11/><E88/><AGARI ba="0,0" hai="56,60,66,88,89,91,92,97" m="39433,17994" machi="88" ten="30,2000,0" yaku="8,1,54,1" doraHai="119" who="0" fromWho="1" sc="279,20,204,-20,313,0,204,0" /><INIT seed="3,0,0,0,3,91" ten="299,184,313,204" oya="3" hai0="21,1,60,77,20,38,80,0,116,94,64,75,25" hai1="36,101,113,119,24,12,52,19,123,89,39,107,66" hai2="59,110,34,82,115,6,105,88,99,8,29,129,30" hai3="35,93,17,133,121,16,18,7,95,127,70,126,43"/><W84/><G70/><T2/><D116/><U41/><E123/><V22/><F115/><W10/><G121/><T97/><D38/><U14/><E113/><V23/><F34/><W124/><G133/><T106/><D106/><U102/><E66/><V54/><F105/><W131/><G131/><T49/><D49/><U51/><E119/><V92/><F129/><W98/><G43/><T61/><D25/><U33/><E41/><V103/><F110/><W46/><G46/><T96/><D61/><U117/><E117/><V109/><F109/><W55/><G35/><T58/><REACH who="0" step="1"/><D97/><REACH who="0" ten="289,184,313,204" step="2"/><U100/><E107/><V4/><F30/><W13/><G98/><T118/><D118/><U112/><E112/><V68/><F29/><W62/><G84/><T128/><D128/><U120/><E120/><V104/><F104/><W45/><G62/><T79/><D79/><U26/><E36/><V11/><F68/><W5/><G5/><N who="2" m="2153" /><F103/><AGARI ba="0,1" hai="0,1,2,20,21,58,60,64,75,77,80,94,96,103" machi="103" ten="40,2600,0" yaku="1,1,52,1,53,0" doraHai="91" doraHaiUra="108" who="0" fromWho="2" sc="289,36,184,0,313,-26,204,0" owari="325,42.5,184,-31.6,287,8.7,204,-19.6" /></mjloggm>