<mjloggm ver="2.3"><GO type="225" lobby="0"/><UN n0="%E3%83%B4%E3%83%A0%EF%BC%99%E3%81%A6" n1="%77%72%77%72%77%72%77%72" n2="%E6%B4%BE%E9%81%A3%E3%81%AE%E3%82%B8%E3%83%A3%E3%83%83%E3%82%AF" n3="%E3%83%81%E3%83%83%E3%82%BF%E3%82%BD%E3%83%BC" dan="16,17,17,16" rate="2175.65,2177.68,2185.04,2132.14" sx="M,M,M,F"/><TAIKYOKU oya="0"/><INIT seed="0,0,0,0,4,17" ten="250,250,250,250" oya="0" hai0="92,83,128,89,116,14,104,70,105,7,6,29,82" hai1="62,90,25,127,48,55,115,65,33,94,24,107,100" hai2="97,121,108,9,79,28,26,114,36,49,40,88,96" hai3="15,135,39,117,103,111,41,87,133,20,125,72,50"/><T4/><D116/><U120/><E120/><V57/><F114/><W18/><G111/><T85/><D70/><U110/><E110/><V73/><F108/><W130/><G72/><T78/><D128/><U101/><E115/><V61/><F121/><W132/><G117/><T77/><D29/><U23/><E127/><V95/><F36/><W102/><G125/><T93/><D14/><U47/><E33/><V10/><F96/><W43/><G130/><T30/><D30/><U122/><E122/><V52/><F79/><W80/><G50/><T54/><D54/><U0/><E0/><V60/><F73/><W113/><G113/><T51/><D51/><U46/><E46/><N who="2" m="25799" /><F61/><W123/><G123/><T86/><REACH who="0" step="1"/><D92/><REACH who="0" ten="240,250,250,250" step="2"/><U81/><E107/><V19/><F28/><W53/><G53/><T42/><D42/><N who="3" m="15881" /><G39/><T16/><D16/><N who="1" m="12391" /><E25/><V71/><F71/><W1/><G1/><T13/><D13/><U131/><E131/><V126/><F126/><W44/><G44/><T75/><AGARI ba="0,1" hai="4,6,7,75,77,78,82,83,85,86,89,93,104,105" machi="75" ten="30,3000,0" yaku="1,1,0,1,53,0" doraHai="17" doraHaiUra="69" who="0" fromWho="0" sc="240,40,250,-10,250,-10,250,-10" /><INIT seed="0,1,0,4,4,98" ten="280,240,240,240" oya="0" hai0="28,30,100,5,132,133,129,59,75,52,77,50,46" hai1="118,93,55,122,20,54,13,69,33,24,90,94,43" hai2="27,12,115,107,23,11,80,19,7,56,92,113,49" hai3="4,74,61,73,3,117,15,14,102,36,95,108,67"/><T116/><D116/><U68/><E118/><V131/><F107/><W64/><G117/><T66/><D5/><U114/><E122/><V83/><F131/><W86/><G36/><T40/><D129/><U111/><E111/><V103/><F113/><W48/><G108/><T1/><D1/><U37/><E114/><V106/><F106/><W51/><G3/><T60/><D100/><U35/><E69/><V18/><F115/><W53/><G86/><T41/><D77/><U17/><E68/><V110/><F110/><W6/><G95/><T38/><D75/><U21/><E37/><V58/><F7/><W134/><G61/><T72/><D72/><U96/><E43/><V25/><F25/><W126/><G53/><T97/><D97/><N who="1" m="57527" /><E33/><V42/><F42/><W47/><G47/><T104/><D104/><U135/><E35/><V120/><F120/><W31/><G31/><N who="0" m="11819" /><D40/><U0/><E0/><V44/><F44/><W105/><G105/><T34/><D34/><U128/><E128/><V99/><F56/><W9/><G9/><T45/><D45/><U124/><E135/><V65/><F49/><W22/><G22/><T85/><D85/><U10/><E124/><V70/><F70/><W121/><G126/><T32/><D32/><U127/><E127/><V101/><F101/><W130/><G130/><T39/><D41/><U82/><E82/><V81/><F80/><W125/><G125/><T71/><D71/><U91/><E21/><V79/><F79/><W87/><G102/><T78/><D78/><U88/><E91/><V76/><F76/><W29/><G121/><RYUUKYOKU ba="1,0" sc="280,10,240,10,240,10,240,-30" hai0="38,39,46,50,52,59,60,66,132,133" hai1="10,13,17,20,24,54,55,88,94,96" hai2="11,12,18,19,23,27,58,65,81,83,92,99,103" /><INIT seed="0,2,0,5,1,32" ten="290,250,250,210" oya="0" hai0="71,89,9,125,66,56,55,75,115,104,22,82,18" hai1="81,91,14,134,39,114,92,28,105,69,77,38,57" hai2="103,65,27,25,121,112,45,131,86,29,67,61,83" hai3="60,73,128,76,88,100,4,74,127,107,62,50,63"/><T20/><D115/><U35/><E69/><V24/><F121/><W58/><G127/><T78/><D125/><U122/><E105/><V31/><F112/><W124/><G124/><T48/><D104/><U8/><E114/><V12/><F131/><W43/><G128/><T98/><D71/><U135/><E122/><V110/><F110/><W59/><G4/><T94/><D66/><U52/><E28/><V26/><F103/><W7/><G7/><T129/><D129/><U72/><E35/><V87/><N who="2" m="6144" /><DORA hai="2" /><V0/><F0/><W130/><G130/><T80/><D9/><U23/><E23/><V54/><F12/><W40/><G100/><T111/><D111/><U64/><E64/><N who="2" m="24651" /><F45/><W34/><G107/><T90/><D18/><U41/><E14/><V3/><F3/><W106/><G106/><T126/><D126/><U21/><E21/><V11/><F11/><W19/><G34/><T97/><D20/><U42/><E8/><V120/><F120/><W30/><G30/><N who="2" m="11273" /><F83/><W133/><G19/><T95/><D22/><U17/><E17/><V117/><F117/><W85/><G63/><T1/><D80/><U33/><E33/><V93/><F93/><W6/><G62/><T119/><D119/><U15/><E15/><V44/><F61/><W5/><G60/><T46/><D1/><U37/><E92/><V113/><F113/><W70/><G70/><T10/><D10/><U68/><E68/><V49/><AGARI ba="2,0" hai="44,49,54,86,87" m="11273,24651,6144" machi="49" ten="50,1600,0" yaku="8,1" doraHai="32,2" who="2" fromWho="2" sc="290,-10,250,-6,250,22,210,-6" /><INIT seed="1,0,0,0,4,63" ten="280,244,272,204" oya="1" hai0="46,89,81,5,70,96,43,50,0,117,16,113,66" hai1="123,78,79,111,100,24,101,128,32,93,83,105,67" hai2="109,42,77,121,27,92,84,3,35,31,40,88,86" hai3="127,64,4,21,25,72,102,106,57,30,115,124,1"/><U47/><E123/><V131/><F121/><W29/><G72/><T130/><D113/><U44/><E105/><V55/><F3/><W97/><G115/><T126/><D117/><U15/><E128/><V114/><F114/><W8/><REACH who="3" step="1"/><G30/><REACH who="3" ten="280,244,272,194" step="2"/><T68/><D130/><U76/><E111/><V60/><F109/><W118/><G118/><T2/><D126/><U17/><E76/><V87/><F131/><W11/><G11/><T22/><D0/><U116/><E78/><V56/><REACH who="2" step="1"/><F77/><REACH who="2" ten="280,244,262,194" step="2"/><W52/><G52/><T61/><D2/><U98/><E79/><V75/><F75/><W37/><G37/><T91/><D43/><AGARI ba="0,2" hai="27,31,35,40,42,43,55,56,60,84,86,87,88,92" machi="43" ten="40,5200,0" yaku="1,1,54,1,53,1" doraHai="63" doraHaiUra="90" who="2" fromWho="0" sc="280,-52,244,0,262,72,194,0" /><INIT seed="2,0,0,4,0,22" ten="228,244,334,194" oya="2" hai0="19,103,38,80,75,46,41,67,72,130,2,106,52" hai1="97,111,17,108,94,33,82,1,133,64,40,113,86" hai2="119,101,99,100,49,112,134,118,62,79,35,109,21" hai3="47,76,45,68,55,107,16,25,83,54,9,3,124"/><V104/><F112/><W129/><G124/><T116/><D67/><U128/><E113/><V26/><F134/><W6/><G129/><T74/><D130/><U0/><E128/><V44/><F109/><N who="1" m="42057" /><E133/><V131/><F131/><W92/><G107/><T42/><D116/><U122/><E122/><V51/><F79/><W15/><G68/><T87/><D2/><U18/><E33/><V36/><F35/><W77/><G92/><T125/><D125/><U114/><E114/><V5/><F36/><W30/><G47/><T126/><D126/><U70/><E40/><V24/><F5/><W61/><G61/><T48/><D19/><N who="1" m="7179" /><E64/><V37/><F37/><W78/><G83/><T127/><D127/><U10/><E10/><V58/><F21/><W71/><G71/><T50/><D38/><U84/><E84/><V91/><F118/><W56/><G45/><T132/><D132/><U28/><E28/><V123/><F44/><W88/><G56/><T60/><D60/><U4/><E4/><V95/><F58/><W66/><G66/><T27/><D48/><U53/><E53/><N who="3" m="19978" /><G6/><T117/><D117/><U57/><E57/><V98/><F62/><W65/><G65/><T12/><D42/><U63/><E63/><V69/><F69/><W34/><G3/><T73/><D41/><U20/><E70/><V120/><F119/><W85/><G85/><T59/><D59/><U135/><E135/><V93/><F104/><W90/><G34/><T102/><D106/><U81/><E0/><V39/><F39/><W121/><G121/><N who="2" m="46665" /><F49/><W105/><G105/><T96/><D50/><RYUUKYOKU ba="0,0" sc="228,-10,244,-10,334,-10,194,30" hai3="9,15,16,25,30,76,77,78,88,90" /><INIT seed="3,1,0,1,2,82" ten="218,234,324,224" oya="3" hai0="122,8,73,125,59,118,116,40,22,124,109,13,89" hai1="86,66,74,33,100,69,57,127,50,104,35,34,29" hai2="113,75,41,62,108,27,77,71,80,94,106,14,1" hai3="54,4,64,87,43,123,131,110,111,32,68,28,92"/><W115/><G115/><T51/><D122/><U6/><E74/><V63/><F106/><W129/><G123/><T15/><D73/><U81/><E127/><N who="0" m="48713" /><D109/><N who="3" m="41481" /><G43/><T2/><D89/><U120/><E120/><V38/><F41/><W98/><G4/><N who="0" m="1047" /><D59/><U9/><E50/><V49/><F113/><W20/><G32/><T88/><D88/><U61/><E57/><V21/><F108/><W112/><G112/><T31/><D31/><U24/><E34/><V78/><F38/><W42/><G42/><T10/><D22/><U67/><E35/><V128/><F1/><W130/><G54/><T79/><D79/><U126/><E126/><V46/><F75/><W36/><G36/><T48/><D48/><U58/><E58/><V117/><F117/><N who="0" m="45162" /><D10/><U93/><E9/><V132/><F49/><W102/><G87/><T30/><D30/><U53/><E86/><V85/><F85/><W19/><G28/><T52/><D52/><U0/><E53/><V70/><F62/><N who="3" m="39959" /><G131/><T18/><D18/><U95/><E29/><V44/><F128/><W133/><G133/><T84/><D84/><U121/><E33/><V90/><F132/><W5/><G5/><T96/><D96/><U135/><E6/><V83/><F77/><W56/><G56/><T101/><D101/><U72/><E100/><V76/><F76/><W105/><G105/><T60/><D60/><U65/><E61/><V55/><F78/><W7/><G7/><T99/><D99/><U26/><E135/><V97/><F63/><W107/><G107/><T114/><D114/><U16/><E104/><V39/><F39/><RYUUKYOKU ba="1,0" sc="218,15,234,-15,324,-15,224,15" hai0="13,15,40,51" hai3="19,20,92,98,102,129,130" /><INIT seed="3,2,0,5,5,94" ten="233,219,309,239" oya="3" hai0="67,52,4,22,82,2,49,46,44,106,133,36,12" hai1="19,79,0,85,135,11,74,99,125,76,53,72,100" hai2="89,95,31,18,78,54,124,119,29,123,116,69,129" hai3="75,102,87,13,115,32,65,56,120,81,37,105,58"/><W132/><G115/><T39/><D106/><U51/><E135/><V127/><F69/><W112/><G112/><T90/><D133/><U126/><E19/><V104/><F104/><W118/><G132/><T101/><D101/><U96/><E11/><V107/><F107/><W121/><G75/><N who="1" m="28714" /><E0/><V41/><F129/><W70/><G118/><T62/><D2/><U68/><E68/><V130/><F130/><W108/><G37/><T5/><D36/><U8/><E8/><V40/><F78/><N who="1" m="29737" /><E53/><V7/><F123/><W117/><G117/><T93/><D82/><U20/><E20/><V110/><F7/><N who="0" m="2634" /><D39/><U83/><E51/><V131/><F131/><W80/><G32/><T43/><D43/><U47/><E47/><V77/><F116/><W98/><G13/><T33/><D44/><U86/><E96/><V6/><F6/><W91/><G70/><T24/><D33/><U128/><E128/><V122/><F122/><W25/><G25/><T60/><D12/><U42/><E42/><V57/><F41/><W64/><G56/><T59/><D62/><U84/><E83/><V45/><F119/><W10/><G80/><T103/><D24/><U35/><E35/><V113/><F113/><W14/><G58/><T27/><D27/><U34/><E34/><V97/><F57/><W134/><G134/><T16/><D16/><U88/><E88/><V63/><F45/><W61/><G61/><T50/><D50/><U48/><E48/><V26/><F63/><W38/><G38/><T111/><D22/><U28/><E28/><V114/><F114/><W71/><G71/><RYUUKYOKU ba="2,0" sc="233,-10,219,30,309,-10,239,-10" hai1="84,85,86,99,100,125,126" /><INIT seed="4,3,0,5,4,134" ten="223,249,299,229" oya="0" hai0="116,87,37,19,43,85,41,47,14,71,135,113,80" hai1="52,31,68,26,120,90,22,27,118,107,66,83,59" hai2="119,127,117,36,48,15,9,104,111,122,42,76,88" hai3="110,130,75,55,35,132,70,30,126,65,34,28,25"/><T92/><D135/><U45/><E118/><V94/><F111/><W69/><G110/><T53/><D116/><N who="2" m="44618" /><F104/><W58/><G132/><T16/><D113/><U114/><E120/><V101/><F127/><W86/><G75/><T121/><D121/><U0/><E0/><V89/><F36/><W77/><G126/><T56/><D71/><U46/><E68/><V102/><F76/><W78/><G130/><T124/><D124/><U24/><E66/><V32/><F32/><W123/><G123/><T97/><D43/><U17/><E26/><V33/><F33/><W131/><G131/><T3/><D3/><U54/><E54/><V29/><F29/><W125/><G125/><T79/><D85/><N who="1" m="50495" /><E107/><V1/><F1/><W18/><G65/><T40/><D40/><U109/><E114/><V12/><F89/><W95/><G18/><T72/><D14/><N who="2" m="5162" /><F9/><W115/><G115/><T96/><D72/><U106/><E106/><V133/><F133/><W99/><G30/><T10/><D10/><U128/><E128/><V39/><F39/><W5/><G35/><T6/><D6/><U7/><E7/><V91/><F91/><N who="3" m="55807" /><G5/><T74/><D74/><U62/><E109/><V93/><F122/><W108/><G108/><T63/><D97/><U4/><E4/><V82/><F82/><N who="3" m="47439" /><G78/><T105/><D105/><U129/><E129/><V57/><F42/><W64/><G64/><T11/><REACH who="0" step="1"/><D11/><REACH who="0" ten="213,249,299,229" step="2"/><U8/><E8/><V20/><F93/><W61/><G70/><T50/><D50/><U84/><E84/><N who="2" m="52487" /><F48/><N who="3" m="31079" /><G69/><T98/><D98/><U100/><E100/><AGARI ba="3,1" hai="16,19,37,41,47,53,56,63,79,80,87,92,96,100" machi="100" ten="30,5800,0" yaku="1,1,7,1,54,1,53,0" doraHai="134" doraHaiUra="2" who="0" fromWho="1" sc="213,77,249,-67,299,0,229,0" /><INIT seed="4,4,0,2,3,101" ten="290,182,299,229" oya="0" hai0="59,3,93,91,106,103,15,58,24,80,124,30,131" hai1="14,117,51,127,116,133,2,85,105,96,86,114,107" hai2="21,79,74,36,135,90,122,100,6,125,32,78,27" hai3="12,28,34,26,35,47,68,5,0,39,132,54,57"/><T97/><D3/><U130/><E2/><V110/><F110/><W18/><G132/><T42/><D42/><U1/><E1/><V19/><F36/><W46/><G68/><T8/><D124/><U33/><E33/><V7/><F122/><W56/><G35/><T22/><D131/><U29/><E29/><V73/><F32/><W55/><G39/><T118/><D118/><N who="1" m="45675" /><E14/><V43/><F43/><W113/><G113/><T60/><D60/><U111/><E51/><V10/><F100/><W120/><G120/><T71/><D71/><U38/><E38/><V40/><F40/><W119/><G119/><T70/><D70/><U92/><E111/><V11/><F135/><W84/><G84/><N who="1" m="32362" /><E133/><V62/><F62/><W76/><G5/><N who="2" m="1545" /><F74/><W129/><G0/><T72/><D72/><U94/><E114/><V95/><F73/><W109/><G109/><T81/><D59/><U45/><E45/><V82/><F82/><W102/><G46/><T98/><D58/><U108/><E108/><V89/><F125/><W17/><G47/><T104/><D80/><U69/><E69/><V123/><F123/><W48/><G57/><T63/><D81/><U4/><E4/><V67/><F67/><W41/><G41/><T128/><D63/><U99/><E127/><V83/><F83/><W23/><G56/><T77/><D77/><N who="2" m="29194" /><F90/><W44/><G48/><T13/><D128/><U53/><E130/><V126/><F126/><W64/><G129/><T115/><D115/><U20/><E53/><V66/><F66/><W65/><G64/><T9/><D9/><U88/><E20/><RYUUKYOKU ba="4,0" sc="290,-15,182,15,299,15,229,-15" hai1="88,92,94,96,99,105,107" hai2="10,11,19,21,27,89,95" owari="275,7.5,197,-30.3,314,41.4,214,-18.6" /></mjloggm>