<mjloggm ver="2.3"><GO type="225" lobby="0"/><UN n0="%E3%83%A9%E3%83%BC%E3%83%A1%E3%83%B3%E4%BA%94%E9%83%8E" n1="%E3%81%95%E3%81%8D%E3%81%9F%E3%81%BE%E6%9E%97%E6%AA%8E" n2="%E3%81%BF%E3%81%BF%E3%81%9A" n3="%E3%81%93%E3%81%9F%E3%82%8D%E3%81%86%E3%81%8F%E3%82%93" dan="16,16,17,16" rate="2160.32,2126.16,2265.27,2063.79" sx="M,M,M,M"/><TAIKYOKU oya="0"/><INIT seed="0,0,0,3,3,8" ten="250,250,250,250" oya="0" hai0="120,110,113,79,2,123,34,102,19,57,6,53,128" hai1="124,33,122,78,112,125,101,55,107,4,48,58,95" hai2="132,56,18,60,80,1,118,109,97,74,106,111,89" hai3="25,69,47,71,81,31,10,62,104,126,134,75,37"/><T114/><D102/><U26/><E122/><V49/><F132/><W7/><G134/><T52/><D34/><U84/><E107/><V119/><F1/><W116/><G116/><N who="2" m="44585" /><F49/><W64/><G126/><T108/><D79/><U21/><E33/><V96/><F106/><W59/><G104/><T35/><D35/><U115/><E4/><V121/><F121/><N who="0" m="46666" /><D128/><U42/><E42/><V67/><F18/><W50/><G37/><T70/><D70/><U100/><E78/><N who="2" m="44119" /><F89/><W5/><G81/><T129/><D129/><U99/><E101/><V13/><F13/><W28/><G75/><T63/><D19/><N who="1" m="12607" /><E84/><V16/><F16/><W41/><G7/><T68/><D6/><U93/><E93/><V88/><F96/><W24/><G31/><T85/><D2/><U38/><E38/><V105/><F105/><W91/><G25/><T127/><D85/><U65/><E65/><V61/><F60/><W12/><REACH who="3" step="1"/><G91/><REACH who="3" ten="250,250,250,240" step="2"/><T131/><D127/><AGARI ba="0,1" hai="48,55,58,95,99,100,112,115,124,125,127" m="12607" machi="127" ten="30,1000,0" yaku="18,1" doraHai="8" who="1" fromWho="0" sc="250,-10,250,20,250,0,240,0" /><INIT seed="1,0,0,1,4,68" ten="240,270,250,240" oya="1" hai0="52,85,70,106,3,18,29,25,13,105,22,27,55" hai1="76,111,132,84,7,63,101,95,54,88,44,126,15" hai2="110,71,82,112,99,21,118,96,24,91,130,26,102" hai3="56,14,37,115,50,58,87,66,122,127,94,116,1"/><U41/><E132/><V61/><F118/><W23/><G116/><T90/><D3/><U98/><E126/><V73/><F110/><W74/><G127/><T20/><D70/><U109/><E76/><V40/><F130/><W83/><G1/><T4/><D106/><U117/><E117/><V51/><F112/><W124/><G122/><T36/><D36/><N who="1" m="21543" /><E7/><V42/><F71/><W33/><G115/><T62/><D62/><U57/><E15/><V103/><F61/><W69/><G33/><T64/><D64/><U5/><E5/><V12/><F73/><W93/><G74/><T114/><D105/><U9/><E9/><V30/><F82/><W121/><G121/><T46/><D46/><U129/><E129/><V17/><F91/><W53/><G69/><T120/><D120/><U16/><E16/><V75/><F75/><W38/><G124/><T108/><D114/><U86/><E101/><N who="2" m="38411" /><F51/><W10/><G23/><T119/><D119/><U89/><E89/><V92/><F92/><W134/><G134/><T2/><D2/><U11/><E11/><N who="2" m="6303" /><F24/><W113/><G113/><T80/><D4/><U125/><E125/><V34/><F34/><W123/><G123/><T43/><D27/><U47/><E47/><V48/><F48/><W65/><G93/><T32/><D32/><U72/><E72/><V133/><F133/><W19/><G94/><T45/><D45/><U78/><E78/><V131/><F131/><W60/><G66/><T59/><D25/><U104/><E104/><V8/><F8/><W128/><G128/><T35/><D35/><U135/><E135/><RYUUKYOKU ba="0,0" sc="240,-30,270,10,250,10,240,10" hai1="54,57,63,84,86,88,95,98,109,111" hai2="21,26,30,40,42,96,99" hai3="10,14,19,37,38,50,53,56,58,60,65,83,87" /><INIT seed="1,1,0,5,0,6" ten="210,280,260,250" oya="1" hai0="19,94,9,87,103,40,48,58,51,14,127,62,2" hai1="83,32,13,45,56,64,12,114,38,4,61,53,25" hai2="54,134,128,126,111,23,11,89,98,77,69,43,121" hai3="47,16,79,42,30,71,49,97,123,76,60,99,63"/><U125/><E114/><V120/><F69/><W34/><G123/><T55/><D127/><U22/><E125/><V90/><F126/><W118/><G118/><T122/><D122/><U78/><E32/><V1/><F77/><N who="3" m="29771" /><G71/><T112/><D112/><U74/><E4/><V104/><F43/><W21/><G30/><T10/><D40/><U7/><E7/><V124/><F124/><W20/><G20/><N who="0" m="11383" /><D2/><U73/><E73/><V8/><F1/><W113/><G34/><T85/><D103/><U39/><E39/><V27/><F104/><W101/><G101/><T46/><D51/><U132/><E132/><V129/><F134/><W133/><G133/><T95/><D95/><U108/><E108/><V75/><F75/><W37/><G37/><T57/><D57/><U24/><E24/><V117/><F117/><W41/><G41/><N who="0" m="24655" /><D94/><U131/><E131/><N who="2" m="50251" /><F111/><W17/><G113/><T80/><D80/><U107/><E107/><V66/><F66/><W33/><G33/><T130/><D130/><U106/><E106/><V59/><F121/><W36/><G36/><T115/><D115/><U102/><E102/><V110/><F110/><W0/><G0/><T116/><D116/><U96/><E38/><V91/><F120/><W26/><G17/><T86/><AGARI ba="1,0" hai="9,10,55,58,62,85,86,87" m="24655,11383" machi="86" ten="30,4000,0" yaku="8,1,52,2" doraHai="6" who="0" fromWho="0" sc="210,43,280,-21,260,-11,250,-11" /><INIT seed="2,0,0,1,4,66" ten="253,259,249,239" oya="2" hai0="132,49,80,74,73,82,33,131,110,115,7,78,105" hai1="56,45,29,117,67,50,134,71,57,4,81,55,26" hai2="98,35,62,48,75,93,89,63,97,23,129,32,99" hai3="6,16,53,112,5,114,18,43,85,25,22,10,34"/><V58/><F75/><W27/><G43/><T119/><D33/><U107/><E117/><V95/><F129/><W42/><G42/><T96/><D7/><N who="3" m="2569" /><G53/><T60/><D49/><U0/><E107/><V76/><F76/><W90/><G90/><T40/><D40/><U24/><E24/><V70/><F70/><W68/><G85/><T125/><D60/><U130/><E81/><V109/><F109/><W15/><G68/><T20/><D20/><U123/><E123/><V46/><F35/><W124/><G124/><T87/><D131/><U11/><E130/><V126/><F32/><W133/><G133/><T77/><D110/><U51/><E51/><V14/><F126/><W47/><G47/><T1/><D1/><U19/><E19/><N who="2" m="10743" /><F58/><W12/><G34/><T17/><D17/><U30/><E134/><V61/><F89/><W88/><G88/><N who="0" m="51303" /><D132/><U128/><E128/><V59/><F59/><W38/><G38/><T36/><D36/><U94/><E57/><V127/><F127/><W113/><AGARI ba="0,0" hai="10,12,15,16,18,22,25,27,112,113,114" m="2569" machi="113" ten="40,8000,1" yaku="11,1,34,2,54,1" doraHai="66" who="3" fromWho="3" sc="253,-20,259,-20,249,-40,239,80" /><INIT seed="3,0,0,3,1,53" ten="233,239,209,319" oya="3" hai0="13,38,126,57,5,123,103,68,3,11,84,27,62" hai1="20,1,32,98,112,52,133,19,104,70,25,125,18" hai2="7,14,55,127,116,59,66,109,48,110,119,96,45" hai3="9,31,93,40,29,76,39,22,121,61,10,65,58"/><W12/><G121/><T26/><D123/><U101/><E112/><V130/><F96/><W23/><G76/><T35/><D68/><U88/><E133/><V122/><F122/><W74/><G74/><T50/><D38/><U42/><E42/><V114/><F114/><W92/><G40/><T95/><D35/><U36/><E36/><V132/><F132/><W43/><G43/><T97/><D126/><U71/><E1/><V79/><F79/><W46/><G46/><T54/><D3/><U6/><E6/><V49/><F127/><W111/><G111/><N who="2" m="42505" /><F130/><W41/><G41/><T91/><REACH who="0" step="1"/><D62/><REACH who="0" ten="223,239,209,319" step="2"/><U69/><E125/><V15/><F48/><W124/><G124/><T108/><D108/><U37/><E37/><V115/><F115/><W64/><G39/><T131/><D131/><U28/><E32/><V87/><F87/><W8/><G64/><T106/><AGARI ba="0,1" hai="5,11,13,26,27,50,54,57,84,91,95,97,103,106" machi="106" ten="20,8000,1" yaku="1,1,0,1,7,1,52,1,53,1" doraHai="53" doraHaiUra="4" who="0" fromWho="0" sc="223,90,239,-20,209,-20,319,-40" owari="313,41.3,219,-18.1,189,-31.1,279,7.9" /></mjloggm>