<mjloggm ver="2.3"><GO type="225" lobby="0"/><UN n0="%EF%BC%AE%EF%BC%A1%EF%BC%AF%33%33%39" n1="%E3%83%A9%E3%82%B9%E7%8E%87%EF%BC%93%E5%89%B2" n2="%E3%83%B4%E3%83%A0%EF%BC%99%E3%81%A6" n3="%72%69%6F%75%63%68%61%6E" dan="16,17,17,16" rate="2229.23,2220.87,2144.02,2096.84" sx="M,F,M,M"/><TAIKYOKU oya="0"/><INIT seed="0,0,0,3,3,109" ten="250,250,250,250" oya="0" hai0="18,59,53,17,119,13,115,10,74,101,68,85,33" hai1="79,65,62,8,76,94,21,61,69,97,100,7,78" hai2="91,116,133,126,6,12,103,36,93,89,120,60,23" hai3="57,52,40,64,44,75,19,127,113,35,131,80,95"/><T48/><D74/><U105/><E62/><V106/><F120/><W130/><G127/><T67/><D33/><U114/><E21/><V37/><F126/><W22/><G113/><T90/><D119/><U47/><E47/><V26/><F133/><W102/><G35/><T72/><D72/><U45/><E45/><V0/><F0/><W132/><G132/><T58/><D101/><U42/><E42/><V15/><F106/><W38/><G64/><T128/><D128/><N who="3" m="49193" /><G75/><T39/><D39/><U86/><E114/><V25/><F60/><N who="3" m="35879" /><G80/><T77/><D68/><U9/><REACH who="1" step="1"/><E7/><REACH who="1" ten="250,240,250,250" step="2"/><V98/><F6/><W117/><G117/><T2/><D115/><U87/><E87/><V96/><F116/><W50/><G50/><T56/><D85/><U49/><E49/><V31/><F36/><W11/><G22/><T112/><D48/><U24/><E24/><V83/><F37/><W110/><G44/><T70/><D112/><U99/><E99/><V20/><F96/><W55/><G40/><T122/><D67/><U71/><E71/><V28/><F83/><W51/><G38/><T84/><D70/><U124/><E124/><V34/><F34/><W54/><G51/><T81/><D81/><U29/><E29/><V107/><F107/><W73/><G73/><T88/><D84/><U123/><E123/><V82/><F82/><W5/><G5/><T125/><D125/><U104/><E104/><V111/><F111/><W30/><G110/><T46/><D46/><U121/><E121/><V14/><AGARI ba="0,1" hai="12,14,15,20,23,25,26,28,31,89,91,93,98,103" machi="14" ten="30,4000,0" yaku="0,1,9,1,8,1" doraHai="109" who="2" fromWho="2" sc="250,-20,240,-10,250,50,250,-10" /><INIT seed="1,0,0,4,2,61" ten="230,230,300,240" oya="1" hai0="94,99,46,27,20,80,57,104,39,16,133,25,42" hai1="7,72,121,75,49,74,8,82,52,119,120,3,37" hai2="73,124,43,111,81,47,22,31,68,64,134,53,122" hai3="97,76,95,84,44,0,35,77,48,108,2,112,9"/><U1/><E37/><V36/><F122/><W114/><G35/><T26/><D133/><U96/><E119/><V33/><F134/><W12/><G108/><T83/><D104/><U135/><E135/><V41/><F41/><W117/><G117/><T24/><REACH who="0" step="1"/><D57/><REACH who="0" ten="220,230,300,240" step="2"/><U118/><E118/><V59/><F59/><W62/><G114/><T110/><D110/><U116/><E116/><V17/><F111/><W18/><G112/><T126/><D126/><U127/><E127/><V87/><F124/><W90/><G62/><T55/><D55/><U15/><E121/><V98/><F53/><W107/><G107/><T30/><D30/><U60/><E60/><V40/><F31/><W102/><G0/><T28/><D28/><U100/><E120/><V132/><F132/><W54/><REACH who="3" step="1"/><G2/><REACH who="3" ten="220,230,300,230" step="2"/><T131/><D131/><U56/><E1/><V130/><F130/><W123/><G123/><T92/><D92/><U58/><E3/><V66/><F68/><W23/><G23/><T71/><D71/><U86/><E58/><V129/><F22/><W21/><G21/><T103/><AGARI ba="0,2" hai="16,20,24,25,26,27,39,42,46,80,83,94,99,103" machi="103" ten="30,7900,0" yaku="1,1,0,1,54,1,53,1" doraHai="61" doraHaiUra="13" who="0" fromWho="0" sc="220,99,230,-39,300,-20,230,-20" /><INIT seed="2,0,0,2,5,111" ten="319,191,280,210" oya="2" hai0="124,12,68,71,67,56,1,31,90,112,13,84,51" hai1="109,105,35,85,58,28,34,2,22,41,82,6,80" hai2="70,91,16,49,87,74,57,19,36,131,108,52,8" hai3="97,123,94,72,46,66,102,118,76,42,78,119,77"/><V86/><F74/><W99/><G66/><T0/><D31/><U47/><E109/><V17/><F108/><W134/><G123/><T24/><D24/><U11/><E105/><V54/><F131/><W39/><G134/><T29/><D29/><U38/><E82/><N who="2" m="49623" /><F70/><W23/><G72/><T120/><D120/><U83/><E83/><V43/><F36/><W116/><G97/><T63/><D112/><U30/><E58/><N who="2" m="33103" /><F87/><W33/><REACH who="3" step="1"/><G23/><REACH who="3" ten="319,191,280,200" step="2"/><T37/><D67/><U26/><REACH who="1" step="1"/><E30/><REACH who="1" ten="319,181,280,200" step="2"/><V127/><F127/><W25/><G25/><T128/><D71/><U115/><E115/><V121/><F121/><W69/><G69/><T125/><D68/><U20/><E20/><V32/><F32/><AGARI ba="0,2" hai="32,33,39,42,46,76,77,78,94,99,102,116,118,119" machi="32" ten="50,3200,0" yaku="1,1,53,1" doraHai="111" doraHaiUra="93" who="3" fromWho="2" sc="319,0,181,0,280,-32,200,52" /><INIT seed="3,0,0,3,0,81" ten="319,181,248,252" oya="3" hai0="112,93,50,120,66,12,106,35,110,25,119,51,65" hai1="36,59,42,11,90,133,9,123,102,104,77,78,43" hai2="53,47,46,48,131,7,6,109,21,86,56,135,38" hai3="13,126,67,91,89,115,63,121,24,114,70,73,100"/><W108/><G121/><T0/><D0/><U76/><E123/><V75/><F75/><W37/><G37/><T103/><D106/><U19/><E133/><V22/><F135/><W54/><G73/><T134/><D120/><U127/><E127/><V132/><F132/><W14/><G126/><T116/><D134/><U33/><E33/><V74/><F74/><W94/><G108/><T69/><D12/><U85/><E104/><V84/><F131/><W97/><G24/><T44/><D93/><U3/><E102/><V88/><F38/><W1/><G1/><T130/><D103/><U80/><E3/><V15/><F86/><W45/><G13/><T113/><D25/><U117/><E117/><V61/><F109/><W107/><G14/><T98/><D98/><U96/><E19/><N who="2" m="10495" /><F22/><W32/><G32/><T55/><D35/><U129/><E129/><V39/><F39/><W64/><G64/><T62/><D110/><U8/><E36/><V83/><F47/><W105/><G107/><T4/><D4/><U68/><E68/><V16/><F16/><W10/><G10/><T31/><D31/><U99/><REACH who="1" step="1"/><E59/><REACH who="1" ten="319,171,248,252" step="2"/><V34/><F34/><W40/><G105/><T57/><D130/><U30/><E30/><V124/><F124/><W101/><G70/><T95/><D69/><U2/><E2/><V82/><F6/><W26/><G101/><T128/><D128/><U122/><E122/><V111/><F7/><W49/><G100/><T92/><D116/><U118/><E118/><V20/><F111/><W79/><G115/><T71/><D119/><U29/><E29/><RYUUKYOKU ba="0,1" sc="319,-10,171,30,248,-10,252,-10" hai1="8,9,11,42,43,76,77,78,80,85,90,96,99" owari="319,41.9,201,-29.9,238,-16.2,242,4.2" /></mjloggm>