<mjloggm ver="2.3"><GO type="225" lobby="0"/><UN n0="%E3%81%99%E3%81%84%E3%81%BE%E3%81%9B%E3%83%BC%E3%82%93" n1="%E6%B8%A9%E2%98%85%E6%83%85%E2%98%85%E6%8E%AA%E2%98%85%E7%BD%AE" n2="%E3%81%8B%E3%82%8F%E3%81%A1%E3%82%83%E3%82%93%35%38" n3="%E3%80%90%E3%83%88%E3%83%AA%E3%83%A5%E3%83%95%E3%80%91" dan="18,17,16,16" rate="2161.53,2217.88,2153.48,2051.23" sx="M,M,M,M"/><TAIKYOKU oya="0"/><INIT seed="0,0,0,0,1,101" ten="250,250,250,250" oya="0" hai0="52,57,74,69,21,114,81,89,110,135,70,121,86" hai1="102,35,3,65,73,129,118,125,38,68,41,124,76" hai2="44,11,43,127,78,18,56,75,46,61,67,93,40" hai3="87,109,30,71,77,133,79,9,83,128,32,72,6"/><T59/><D114/><U98/><E118/><V47/><F75/><W53/><G109/><T105/><D121/><U106/><E129/><V131/><F78/><W15/><G128/><T49/><D110/><U22/><E22/><V29/><F131/><W7/><G71/><T33/><D33/><U5/><E35/><V92/><F29/><W26/><G133/><T17/><D135/><U31/><E31/><V88/><F127/><N who="1" m="48713" /><E65/><V94/><REACH who="2" step="1"/><F88/><REACH who="2" ten="250,250,240,250" step="2"/><W48/><G72/><T27/><D74/><U104/><E76/><V115/><F115/><W91/><REACH who="3" step="1"/><G6/><REACH who="3" ten="250,250,240,240" step="2"/><T54/><REACH who="0" step="1"/><D105/><REACH who="0" ten="240,250,240,240" step="2"/><N who="1" m="63703" /><E73/><V16/><F16/><W82/><G82/><T24/><D24/><U111/><E106/><V97/><F97/><W63/><G63/><AGARI ba="0,3" hai="17,21,27,49,52,54,57,59,63,69,70,81,86,89" machi="63" ten="30,5800,0" yaku="1,1,7,1,54,1,53,0" doraHai="101" doraHaiUra="117" who="0" fromWho="3" sc="240,88,250,0,240,0,240,-58" /><INIT seed="0,1,0,3,5,25" ten="328,250,240,182" oya="0" hai0="26,124,48,95,5,119,35,133,89,108,50,125,22" hai1="67,62,0,102,29,78,44,8,37,53,21,34,81" hai2="134,80,84,87,3,110,61,6,98,54,73,30,20" hai3="12,130,100,132,13,92,112,66,68,46,9,97,115"/><T90/><D119/><U127/><E127/><N who="0" m="48713" /><D133/><U122/><E122/><V19/><F134/><W85/><G132/><T57/><D35/><U2/><E102/><V38/><F38/><W11/><G130/><T121/><D121/><U99/><E99/><V47/><F110/><W71/><G46/><T129/><D129/><U17/><E8/><V27/><F3/><W32/><G32/><T77/><D77/><U131/><E131/><V123/><F123/><W4/><G85/><N who="0" m="52655" /><D5/><U41/><E53/><V14/><F6/><W118/><G118/><T94/><D57/><U69/><E21/><V60/><F73/><W24/><G24/><T105/><D105/><U42/><E42/><V64/><F87/><W93/><G66/><T16/><D108/><U91/><E91/><N who="2" m="51591" /><F98/><AGARI ba="1,0" hai="16,22,26,48,50,90,94,98" m="52655,48713" machi="98" ten="30,2900,0" yaku="18,1,54,1" doraHai="25" who="0" fromWho="2" sc="328,32,250,0,240,-32,182,0" /><INIT seed="0,2,0,2,4,115" ten="360,250,208,182" oya="0" hai0="84,5,131,118,103,124,53,32,4,27,25,38,105" hai1="37,54,70,8,87,46,86,104,122,42,10,17,106" hai2="59,21,19,69,95,132,126,110,1,30,113,35,60" hai3="44,92,28,58,97,102,125,63,121,117,51,127,15"/><T31/><D118/><U45/><E70/><V68/><F113/><W13/><G28/><T9/><D38/><U48/><E122/><V6/><F110/><W49/><G121/><T96/><D124/><N who="3" m="47689" /><G117/><T66/><D131/><U123/><E123/><V65/><F126/><W75/><G75/><T98/><D27/><U2/><E10/><N who="2" m="2383" /><F95/><W72/><G72/><T55/><D98/><U56/><E56/><V39/><F39/><W26/><G26/><T107/><D105/><U71/><E71/><V112/><F112/><W79/><G79/><T77/><D66/><U16/><E106/><V108/><F108/><W0/><G0/><T50/><D9/><U130/><E104/><V78/><F78/><W120/><G120/><T23/><D32/><U82/><E130/><V94/><F94/><W119/><G119/><T134/><D134/><U61/><E61/><V99/><F132/><W7/><G7/><T85/><D55/><U11/><E87/><V88/><F30/><W14/><G44/><T76/><D76/><U74/><E74/><V73/><F35/><W129/><G129/><T128/><D128/><U81/><E81/><V57/><F73/><W52/><AGARI ba="2,0" hai="13,14,15,49,51,52,58,63,92,97,102" m="47689" machi="52" ten="30,2000,0" yaku="18,1,54,1" doraHai="115" who="3" fromWho="3" sc="360,-12,250,-7,208,-7,182,26" /><INIT seed="1,0,0,3,1,34" ten="348,243,201,208" oya="1" hai0="11,84,85,12,124,96,99,46,6,54,133,97,73" hai1="49,121,109,135,14,106,78,89,42,41,51,83,39" hai2="122,24,47,76,64,94,59,91,118,125,56,18,131" hai3="120,26,61,134,9,4,82,116,8,28,29,63,17"/><U40/><E121/><V20/><F118/><W5/><G120/><T50/><D73/><U110/><E39/><V93/><F122/><W66/><G82/><T21/><D133/><U74/><E135/><V37/><F37/><W128/><G134/><T71/><D71/><U22/><E106/><V43/><F76/><W35/><G128/><T88/><D124/><U32/><E32/><V15/><F131/><W126/><G126/><T127/><D127/><U81/><E89/><V103/><F125/><W87/><G87/><N who="0" m="33355" /><D21/><U7/><E83/><V19/><F103/><W107/><G107/><T67/><D67/><U104/><E104/><V2/><F2/><N who="3" m="23" /><G61/><T16/><D6/><U114/><E114/><V62/><F59/><W57/><G116/><T77/><D77/><U69/><E69/><V123/><F123/><W23/><G57/><T65/><D65/><U79/><E79/><V58/><F58/><W13/><G63/><T132/><D132/><U115/><E115/><V3/><F3/><N who="3" m="191" /><G66/><T130/><D130/><U68/><E68/><V80/><F80/><W102/><G102/><T36/><D36/><U119/><E119/><V98/><F93/><AGARI ba="0,0" hai="11,12,16,46,50,54,88,93,96,97,99" m="33355" machi="93" ten="30,3900,0" yaku="8,1,54,2" doraHai="34" who="0" fromWho="2" sc="348,39,243,0,201,-39,208,0" /><INIT seed="2,0,0,2,1,17" ten="387,243,162,208" oya="2" hai0="33,106,29,40,85,47,14,42,104,125,75,69,119" hai1="65,22,34,39,54,43,20,59,51,133,101,91,111" hai2="37,21,60,116,57,9,74,50,68,4,25,94,77" hai3="92,44,0,49,35,118,56,26,64,66,130,90,38"/><V53/><F116/><W129/><G0/><T131/><D75/><U70/><E34/><V126/><F126/><W97/><G118/><T5/><D69/><U36/><E111/><V115/><F37/><W117/><G117/><T103/><D119/><U19/><E133/><V122/><F122/><W88/><G38/><T109/><D103/><U41/><E101/><V27/><F115/><W3/><G3/><T134/><D109/><U6/><E6/><V99/><F74/><W79/><G79/><T13/><D42/><U98/><E19/><V12/><F77/><W107/><G107/><T62/><D62/><N who="1" m="40247" /><E43/><V15/><F68/><W8/><G8/><T45/><D131/><N who="3" m="50185" /><G90/><T1/><D134/><U67/><E67/><V55/><F15/><W108/><G56/><T30/><D125/><U120/><E39/><V71/><F71/><W23/><G35/><T46/><D40/><U16/><E120/><V100/><REACH who="2" step="1"/><F21/><REACH who="2" ten="387,243,152,208" step="2"/><W73/><G73/><T32/><D14/><U61/><E22/><V114/><F114/><W132/><G108/><T81/><D13/><U86/><E20/><V128/><F128/><W110/><G110/><T82/><D32/><U112/><E112/><V127/><F127/><W76/><G76/><T102/><D33/><U28/><E36/><V84/><F84/><W78/><G78/><T48/><D85/><U124/><E86/><V2/><F2/><W24/><G132/><T83/><D1/><U10/><E124/><V113/><F113/><W93/><G23/><T31/><D106/><U135/><E135/><V58/><AGARI ba="0,1" hai="4,9,12,25,27,50,53,55,57,58,60,94,99,100" machi="58" ten="20,7800,0" yaku="1,1,0,1,7,1,8,1,53,0" doraHai="17" doraHaiUra="18" who="2" fromWho="2" sc="387,-26,243,-26,152,88,208,-26" /><INIT seed="2,1,0,0,4,98" ten="361,217,240,182" oya="2" hai0="82,16,52,2,74,8,88,15,97,91,43,95,38" hai1="81,130,40,34,66,17,80,37,45,79,124,121,70" hai2="61,109,107,12,77,113,120,69,26,93,19,42,125" hai3="60,32,99,57,132,65,114,135,116,94,33,101,1"/><V89/><F113/><W68/><G116/><T119/><D119/><U112/><E112/><V58/><F120/><W25/><G114/><T14/><D2/><U28/><E121/><V72/><F107/><W54/><G1/><T105/><D105/><U134/><E134/><N who="3" m="51242" /><G25/><T47/><D52/><U87/><E130/><V126/><F69/><W110/><G110/><T4/><D74/><U67/><E124/><N who="2" m="47723" /><F109/><W84/><G84/><T31/><D31/><U53/><E70/><V9/><F42/><W22/><G22/><T92/><D82/><U106/><E106/><V76/><F26/><W44/><G44/><T115/><D115/><U21/><E80/><V104/><F72/><W63/><AGARI ba="1,0" hai="32,33,54,57,60,63,65,68,94,99,101" m="51242" machi="63" ten="30,2000,0" yaku="20,1,52,1" doraHai="98" who="3" fromWho="3" sc="361,-6,217,-6,240,-11,182,23" /><INIT seed="3,0,0,5,5,135" ten="355,211,229,205" oya="3" hai0="104,84,40,130,6,76,8,85,80,57,41,49,75" hai1="43,86,72,28,35,73,92,108,30,100,118,31,110" hai2="25,81,95,67,117,64,27,0,4,36,105,107,22" hai3="115,128,63,123,88,90,60,51,93,15,59,96,74"/><W7/><G115/><T48/><D104/><U47/><E35/><V125/><F36/><W65/><G123/><T24/><D130/><U5/><E5/><V111/><F117/><W69/><G74/><T94/><D24/><U50/><E118/><V124/><F111/><N who="1" m="42537" /><E86/><V21/><F95/><W38/><G38/><T56/><D57/><U66/><E66/><V54/><F54/><W17/><G128/><T91/><D75/><U62/><E62/><V112/><F4/><W134/><G134/><T3/><D49/><U13/><E13/><V106/><F81/><W114/><G114/><T44/><D56/><U101/><E101/><V120/><F112/><W2/><G51/><T29/><D29/><U89/><E89/><V127/><F0/><W42/><G42/><AGARI ba="0,0" hai="3,6,8,40,41,42,44,48,76,80,84,85,91,94" machi="42" ten="30,1000,0" yaku="7,1" doraHai="135" who="0" fromWho="3" sc="355,10,211,0,229,0,205,-10" owari="365,46.5,211,-18.9,229,2.9,195,-30.5" /></mjloggm>