<mjloggm ver="2.3"><GO type="225" lobby="0"/><UN n0="%72%65%6E%6B%75%6E" n1="%E3%80%93%E3%81%97%E3%83%BC%E3%82%89%E3%80%93" n2="%E5%8D%A0%E3%81%84%E5%B8%AB%E8%A3%8F%E3%81%AA%E3%81%84%E3%81%97" n3="%4C%4F%4C%49%54%41" dan="17,16,17,16" rate="2213.36,2196.44,2247.21,2123.98" sx="M,M,M,F"/><TAIKYOKU oya="0"/><INIT seed="0,0,0,5,5,121" ten="250,250,250,250" oya="0" hai0="34,70,59,38,63,22,81,120,24,3,134,48,108" hai1="33,95,82,80,111,36,51,96,67,90,30,13,79" hai2="85,10,127,128,112,8,123,65,115,26,99,64,83" hai3="100,89,61,56,105,68,6,101,43,119,11,113,25"/><T17/><D120/><U2/><E36/><V58/><F123/><W86/><G119/><T4/><D38/><U46/><E2/><V107/><F128/><W49/><G113/><T98/><D34/><U31/><E111/><V129/><F129/><W42/><G68/><T9/><D134/><U109/><E109/><V44/><F127/><W124/><G124/><T118/><D118/><U74/><E33/><V62/><F64/><W27/><G105/><T131/><D131/><U40/><E67/><V132/><F132/><W78/><G78/><T14/><D108/><U73/><E13/><V76/><F44/><W92/><G27/><T0/><D70/><U114/><E114/><V47/><F47/><W28/><G49/><T94/><D48/><U32/><E32/><V91/><F112/><W106/><G106/><T45/><D81/><U29/><REACH who="1" step="1"/><E82/><REACH who="1" ten="250,240,250,250" step="2"/><V1/><F1/><W130/><G130/><T135/><D135/><U55/><E55/><V87/><F115/><W122/><G122/><T93/><D0/><U52/><E52/><V71/><F71/><W20/><G43/><T60/><D3/><U19/><E19/><V77/><F65/><N who="3" m="39079" /><G42/><T53/><D63/><U117/><E117/><V103/><F62/><W37/><G37/><T126/><D126/><U104/><E104/><V125/><F125/><W39/><G39/><T15/><D93/><U110/><E110/><V23/><F107/><W21/><G20/><T133/><D133/><U57/><E57/><V84/><F58/><W69/><G69/><T116/><D116/><U12/><E12/><AGARI ba="0,1" hai="6,11,12,21,25,28,86,89,92,100,101" m="39079" machi="12" ten="30,1000,0" yaku="8,1" doraHai="121" who="3" fromWho="1" sc="250,0,240,-10,250,0,250,20" /><INIT seed="1,0,0,0,2,30" ten="250,230,250,270" oya="1" hai0="87,42,104,60,48,51,84,26,100,85,115,14,86" hai1="70,71,10,23,32,5,68,28,133,45,103,36,93" hai2="44,7,112,25,108,65,1,62,27,109,114,47,117" hai3="80,41,64,129,81,113,56,50,135,19,49,58,33"/><U31/><E133/><V46/><F117/><W121/><G121/><T90/><D115/><N who="2" m="44074" /><F7/><W76/><G113/><T120/><D120/><U61/><E23/><V24/><F1/><W110/><G33/><T17/><D26/><N who="1" m="18455" /><E31/><V6/><F6/><W130/><G110/><N who="2" m="42601" /><F62/><W75/><G135/><T39/><D39/><U99/><E93/><V38/><F65/><W89/><G64/><T107/><D42/><AGARI ba="0,0" hai="24,25,27,38,42,44,46,47" m="42601,44074" machi="42" ten="40,2600,0" yaku="11,1,14,1" doraHai="30" who="2" fromWho="0" sc="250,-26,230,0,250,26,270,0" /><INIT seed="2,0,0,5,1,122" ten="224,230,276,270" oya="2" hai0="107,44,72,125,63,45,99,90,51,9,115,18,110" hai1="81,88,108,52,16,85,109,4,76,11,123,82,22" hai2="38,113,80,71,48,112,58,73,39,59,26,78,101" hai3="79,53,64,93,47,41,13,50,111,23,94,62,61"/><V67/><F71/><W96/><G79/><T127/><D72/><U102/><E123/><V103/><F67/><W120/><G120/><T7/><D115/><U77/><E102/><V133/><F133/><W20/><G111/><N who="1" m="42570" /><E52/><V29/><F48/><W21/><G41/><T105/><D63/><N who="3" m="24073" /><G64/><T5/><D45/><U104/><E104/><V75/><F78/><W126/><G126/><N who="0" m="48139" /><D110/><U19/><E22/><V74/><F103/><N who="3" m="60815" /><G94/><N who="0" m="56791" /><D107/><U1/><E77/><V70/><F101/><W84/><G84/><AGARI ba="0,0" hai="1,4,11,16,19,76,81,82,84,85,88" m="42570" machi="84" ten="30,12000,2" yaku="14,1,52,3,54,2" doraHai="122" who="1" fromWho="3" sc="224,0,230,120,276,0,270,-120" /><INIT seed="3,0,0,3,5,79" ten="224,350,276,150" oya="3" hai0="75,17,120,130,43,41,46,32,42,45,31,24,88" hai1="83,70,96,108,133,121,119,93,4,40,58,66,64" hai2="12,123,44,52,38,7,92,113,65,80,74,97,131" hai3="68,78,101,49,5,48,23,27,62,111,84,124,39"/><W76/><G39/><T54/><D120/><U109/><E70/><V56/><F113/><W63/><G124/><T57/><D75/><U81/><E121/><V29/><F123/><W99/><G5/><T106/><D106/><U125/><E125/><V69/><F131/><W6/><G6/><T82/><D130/><U8/><E40/><V59/><F29/><W36/><G36/><T9/><D9/><U100/><E133/><V117/><F117/><W18/><G111/><N who="1" m="42570" /><E119/><V25/><F25/><W3/><G3/><T107/><D17/><U110/><E110/><V112/><F112/><W86/><G78/><T116/><D107/><U13/><E66/><V20/><F69/><W114/><G114/><T35/><D35/><U61/><AGARI ba="0,0" hai="4,8,13,58,61,64,81,83,93,96,100" m="42570" machi="61" ten="30,4000,0" yaku="14,1,52,2" doraHai="79" who="1" fromWho="1" sc="224,-10,350,40,276,-10,150,-20" owari="214,-18.6,390,49.0,266,6.6,130,-37.0" /></mjloggm>