<mjloggm ver="2.3"><GO type="225" lobby="0"/><UN n0="%E7%89%B9%E6%9D%B1%E3%81%AF%E4%B8%96%E7%95%8C%E3%82%92%E6%95%91%E3%81%86" n1="%E5%91%A8%E6%9D%B1" n2="%E9%A6%AC%E5%BC%95%E7%81%AB%33" n3="%E3%82%A4%E3%83%BC%E3%82%B1%E3%83%97%E3%83%A9" dan="16,17,16,16" rate="2175.88,2154.76,2133.65,2161.12" sx="M,M,M,M"/><TAIKYOKU oya="0"/><INIT seed="0,0,0,0,0,36" ten="250,250,250,250" oya="0" hai0="65,8,25,78,18,102,4,75,125,91,132,85,13" hai1="88,104,72,106,108,56,11,86,97,17,70,20,33" hai2="79,16,58,124,34,46,47,83,3,28,41,123,35" hai3="80,68,100,82,113,121,90,6,39,94,98,24,7"/><T66/><D132/><U93/><E70/><V118/><F123/><W59/><G68/><T92/><D125/><U48/><E33/><V29/><F124/><W9/><G113/><T128/><D128/><U71/><E71/><V67/><F3/><W51/><G39/><T114/><D114/><U76/><E108/><V53/><F67/><W130/><G130/><T38/><D38/><U69/><E11/><V62/><F118/><W42/><G121/><T22/><REACH who="0" step="1"/><D102/><REACH who="0" ten="240,250,250,250" step="2"/><U43/><E69/><V109/><F109/><W96/><G100/><T110/><D110/><U77/><E72/><V74/><F34/><W131/><G131/><T117/><D117/><U2/><E2/><V14/><F35/><W27/><G6/><T122/><D122/><U21/><E106/><V1/><F1/><W45/><G7/><T30/><D30/><U64/><E104/><V119/><F119/><W54/><G98/><T57/><D57/><U107/><E107/><V126/><F126/><W31/><G31/><T44/><D44/><N who="1" m="25631" /><E97/><V60/><F47/><W5/><G5/><T133/><D133/><U135/><E135/><V32/><F32/><W87/><G45/><T19/><D19/><U81/><E17/><V84/><F74/><W89/><G96/><T50/><D50/><U105/><E105/><V101/><F101/><W55/><G51/><T127/><D127/><U115/><E115/><V112/><F112/><W52/><G59/><T0/><D0/><U37/><E37/><N who="2" m="21807" /><F62/><W134/><G134/><T111/><D111/><U73/><E56/><V120/><F120/><W15/><G42/><RYUUKYOKU ba="0,1" sc="240,15,250,-15,250,15,250,-15" hai0="4,8,13,18,22,25,65,66,75,78,85,91,92" hai2="14,16,28,29,53,58,60,79,83,84" /><INIT seed="0,1,1,4,3,28" ten="255,235,265,235" oya="0" hai0="114,133,18,134,59,37,74,72,101,35,100,113,75" hai1="54,39,26,104,70,130,69,119,58,116,19,102,33" hai2="42,23,85,132,50,48,17,84,125,51,129,2,0" hai3="41,93,40,103,135,60,95,80,124,36,3,43,106"/><T94/><D37/><U14/><E39/><V44/><F125/><W90/><G36/><T46/><D46/><U127/><E127/><V77/><F129/><W82/><G124/><T47/><D47/><U123/><E123/><V97/><F132/><N who="0" m="50794" /><D35/><U68/><E130/><V27/><F97/><N who="3" m="59823" /><G3/><T126/><D126/><U9/><E102/><N who="0" m="39529" /><D59/><U110/><E104/><V8/><F0/><W63/><G106/><T71/><D71/><U24/><E110/><V15/><F2/><W121/><G121/><T128/><D128/><U117/><REACH who="1" step="1"/><E33/><REACH who="1" ten="255,225,265,235" step="2"/><V7/><F77/><W79/><G135/><T66/><D66/><U38/><E38/><V29/><F42/><W111/><G111/><T109/><D109/><U25/><E25/><V53/><F53/><W118/><G79/><T122/><D122/><U73/><E73/><V76/><F76/><W32/><G32/><T13/><D94/><U98/><E98/><V34/><F34/><W12/><G40/><T55/><D55/><U4/><E4/><V10/><F7/><W64/><G41/><T131/><D131/><U99/><E99/><V57/><F27/><W30/><G43/><T120/><D120/><U88/><E88/><V83/><F83/><N who="3" m="31787" /><G64/><T112/><D74/><U87/><E87/><V96/><F85/><W49/><G90/><T115/><N who="0" m="28672" /><DORA hai="45" /><T92/><D92/><U5/><E5/><V91/><F84/><W67/><G95/><T65/><D65/><U81/><E81/><V61/><F91/><W20/><G67/><T11/><AGARI ba="1,2" hai="11,13,18,72,75" m="28672,39529,50794" machi="11" ten="60,3000,0" yaku="20,1" doraHai="28,45" who="0" fromWho="0" sc="255,53,225,-11,265,-11,235,-11" /><INIT seed="0,2,0,0,4,38" ten="308,214,254,224" oya="0" hai0="47,124,25,112,78,30,108,122,50,37,17,103,39" hai1="89,14,72,11,119,94,35,123,109,81,115,54,106" hai2="126,66,1,71,52,105,58,128,125,19,15,6,131" hai3="79,2,53,34,0,101,116,46,74,107,60,133,84"/><T80/><D112/><U121/><E115/><V110/><F105/><W88/><G34/><T13/><D122/><U113/><E113/><V83/><F110/><W129/><G116/><T117/><D103/><U64/><E109/><V28/><F28/><W10/><G129/><N who="2" m="49737" /><F83/><N who="3" m="45559" /><G10/><T57/><D57/><U27/><E106/><V63/><F6/><W98/><G133/><T24/><D124/><N who="2" m="47722" /><F1/><W61/><G46/><T3/><D3/><N who="3" m="1065" /><G53/><T9/><D108/><U65/><E119/><V48/><F19/><W33/><G33/><T22/><D24/><U20/><E35/><V32/><F32/><W5/><G5/><T87/><REACH who="0" step="1"/><D117/><REACH who="0" ten="298,214,254,224" step="2"/><U134/><E121/><V43/><F15/><W93/><AGARI ba="2,1" hai="60,61,84,88,93,98,101,107" m="1065,45559" machi="93" ten="30,2000,0" yaku="24,1,54,1" doraHai="38" who="3" fromWho="3" sc="298,-12,214,-7,254,-7,224,36" /><INIT seed="1,0,0,5,3,28" ten="286,207,247,260" oya="1" hai0="73,54,107,41,18,97,60,130,45,66,128,27,46" hai1="125,72,75,50,23,36,86,30,129,83,121,109,14" hai2="82,115,78,134,135,80,38,68,113,51,47,122,3" hai3="31,133,11,8,103,126,74,95,40,101,63,13,39"/><U105/><E121/><V4/><F122/><W29/><G74/><T37/><D73/><U76/><E36/><V127/><F127/><W92/><G39/><T71/><D18/><U34/><E105/><V110/><F110/><W56/><G40/><N who="0" m="22671" /><D27/><U9/><E125/><V12/><F68/><W116/><G126/><T2/><D2/><U52/><E23/><V69/><F69/><W57/><G133/><N who="2" m="50697" /><F3/><W119/><G13/><T117/><D117/><U67/><E67/><V35/><F35/><W33/><REACH who="3" step="1"/><G63/><REACH who="3" ten="286,207,247,250" step="2"/><T15/><D15/><U91/><E109/><V48/><F12/><W108/><G108/><T49/><D41/><U114/><E114/><V21/><F38/><W19/><G19/><T16/><D16/><U26/><E129/><V5/><F115/><W7/><G7/><T94/><D60/><U20/><E76/><V112/><F4/><W111/><G111/><T64/><D130/><U53/><E20/><V22/><F5/><W70/><G70/><T93/><D71/><U90/><E75/><V132/><N who="2" m="50705" /><V88/><DORA hai="6" /><F78/><W10/><G10/><T131/><D128/><U120/><E72/><V1/><F1/><W58/><G58/><T96/><D131/><U85/><E120/><V84/><F113/><W65/><G65/><T87/><D64/><U61/><E61/><V32/><F112/><W44/><G44/><T24/><D66/><U89/><E53/><N who="2" m="29855" /><F51/><W43/><G43/><T55/><D55/><U42/><E42/><V62/><F62/><W81/><G81/><N who="2" m="31337" /><F32/><AGARI ba="0,1" hai="8,11,29,31,32,33,56,57,92,95,101,103,116,119" machi="32" ten="25,16000,3" yaku="1,1,22,2,52,4,53,2" doraHai="28,6" doraHaiUra="123,98" who="3" fromWho="2" sc="286,0,207,0,247,-160,250,170" /><INIT seed="2,0,0,5,4,134" ten="286,207,87,420" oya="2" hai0="20,2,73,3,121,67,93,112,6,45,70,37,49" hai1="4,126,13,10,43,124,129,59,38,0,51,91,114" hai2="58,15,21,99,33,97,48,50,82,64,17,32,31" hai3="57,18,14,71,79,98,123,120,68,62,74,35,122"/><V107/><F107/><W118/><G35/><T7/><D121/><U56/><E114/><V96/><F82/><W85/><G74/><T125/><D37/><U115/><E115/><V110/><F110/><W25/><G25/><T108/><D73/><U81/><E129/><V92/><F92/><W5/><G5/><T119/><D112/><U102/><E102/><V109/><F109/><W87/><G98/><T103/><D108/><U44/><E13/><V80/><F80/><W77/><G118/><T94/><D119/><U40/><E40/><V1/><F1/><W116/><G116/><T132/><D132/><U53/><E59/><V69/><F69/><W128/><G128/><T19/><D67/><U133/><E133/><V66/><F31/><W131/><G131/><T78/><D78/><U23/><E23/><V54/><REACH who="2" step="1"/><F50/><REACH who="2" ten="286,207,77,420" step="2"/><W16/><G71/><T9/><D70/><U26/><E81/><V84/><F84/><W42/><G68/><T135/><D135/><U83/><E83/><V130/><F130/><W75/><G75/><T60/><D94/><U61/><E51/><V76/><F76/><W104/><G79/><T101/><D93/><U41/><E0/><V106/><F106/><W127/><G77/><T105/><D105/><U86/><E86/><N who="3" m="32778" /><G104/><T39/><D2/><U111/><E111/><V90/><F90/><W22/><G120/><T34/><D3/><U28/><E28/><V88/><F88/><W55/><G122/><T89/><D89/><U24/><E91/><V29/><F29/><W65/><G123/><T27/><D49/><U11/><E38/><RYUUKYOKU ba="0,1" sc="286,-10,207,-10,77,30,420,-10" hai2="15,17,21,32,33,48,54,58,64,66,96,97,99" /><INIT seed="2,1,1,0,0,25" ten="276,197,107,410" oya="2" hai0="47,74,15,134,72,91,83,119,79,54,22,6,66" hai1="93,92,126,129,11,3,36,37,90,50,26,39,21" hai2="133,8,46,130,120,135,116,128,85,105,42,121,10" hai3="113,2,108,61,76,94,4,41,112,28,27,98,0"/><V80/><F116/><W75/><G108/><T57/><D119/><U73/><E73/><V13/><F105/><W115/><G41/><T17/><D134/><N who="2" m="51210" /><F85/><W58/><G4/><T103/><D103/><U49/><E129/><N who="2" m="49771" /><F80/><N who="3" m="45087" /><G28/><T89/><D74/><U7/><E126/><V97/><F97/><W132/><G27/><T118/><D118/><U24/><E24/><V62/><F62/><W9/><G9/><N who="2" m="3689" /><F13/><W88/><G132/><T51/><D91/><U33/><E93/><V23/><F23/><W86/><G98/><T96/><D96/><U48/><E92/><V18/><F18/><W131/><G131/><T29/><D89/><U38/><E90/><V69/><F69/><W114/><G114/><T12/><D15/><U123/><E33/><V104/><F104/><W99/><G86/><T64/><D72/><U117/><E117/><V53/><F53/><AGARI ba="1,1" hai="0,2,53,58,61,88,94,99,112,113,115" m="45087" machi="53" ten="30,2000,0" yaku="11,1,54,1" doraHai="25" who="3" fromWho="2" sc="276,0,197,0,107,-23,410,33" /><INIT seed="3,0,0,4,0,46" ten="276,197,84,443" oya="3" hai0="34,108,79,98,93,35,7,101,56,89,130,43,117" hai1="83,102,110,134,10,54,61,126,92,104,9,109,128" hai2="106,49,71,16,111,119,62,33,38,114,25,12,13" hai3="39,69,26,91,75,121,37,27,59,57,67,84,18"/><W133/><G75/><T53/><D117/><U51/><E126/><V63/><F119/><W135/><G69/><T95/><D43/><U124/><E124/><V74/><F114/><W131/><G121/><T97/><D108/><U47/><E134/><N who="3" m="51210" /><G131/><T24/><D130/><U44/><E104/><V36/><F74/><W96/><G96/><T3/><D79/><U100/><E128/><V52/><F106/><W65/><G59/><T11/><D24/><N who="3" m="9257" /><G18/><T113/><D113/><U125/><E125/><V88/><F111/><W94/><G57/><T82/><D82/><U107/><E107/><V72/><F72/><W80/><G94/><T8/><D8/><U28/><E92/><V90/><F25/><W17/><G17/><T118/><D118/><U68/><E68/><V86/><F71/><W1/><G1/><T66/><D66/><AGARI ba="0,0" hai="37,39,65,66,67,80,84,91" m="9257,51210" machi="66" ten="30,1500,0" yaku="20,1" doraHai="46" who="3" fromWho="0" sc="276,-15,197,0,84,0,443,15" owari="261,6.1,197,-20.3,84,-41.6,458,55.8" /></mjloggm>