<mjloggm ver="2.3"><GO type="225" lobby="0"/><UN n0="%E6%9D%B1%E9%A2%A8%E3%81%AE%E3%81%8D%E3%82%83%E3%81%B7%E3%81%95%E3%82%93" n1="%70%6F%69%73%6F%6E%30%32" n2="%E7%9A%AE%E3%80%85" n3="%E5%91%A8%E6%9D%B1" dan="16,16,16,16" rate="2165.77,2079.78,2157.52,2181.46" sx="M,M,F,M"/><TAIKYOKU oya="0"/><INIT seed="0,0,0,3,2,92" ten="250,250,250,250" oya="0" hai0="120,82,59,111,118,20,123,130,89,96,35,122,88" hai1="57,38,28,127,81,94,106,117,49,72,115,2,99" hai2="91,5,124,55,30,34,100,101,134,4,26,73,19" hai3="80,32,116,76,42,79,24,14,86,39,85,97,53"/><T98/><D35/><U113/><E38/><V61/><F73/><W12/><G116/><T54/><D118/><U63/><E117/><V46/><F134/><W16/><G39/><T29/><D130/><U77/><E2/><V0/><F124/><W131/><G131/><T105/><D111/><U6/><E6/><V119/><F119/><W70/><G70/><T90/><D82/><U107/><E28/><V3/><F91/><W11/><G42/><T47/><D47/><U114/><E49/><V21/><F4/><W65/><G65/><T43/><D105/><U25/><E25/><V104/><F104/><W102/><G53/><T75/><D75/><U22/><E22/><V17/><F17/><W95/><G14/><T36/><D43/><U132/><E127/><V67/><F0/><W133/><G133/><T121/><N who="0" m="30720" /><DORA hai="74" /><T125/><D36/><U68/><E68/><V48/><F5/><W1/><G1/><T27/><REACH who="0" step="1"/><D125/><REACH who="0" ten="240,250,250,250" step="2"/><U110/><E110/><V37/><F37/><W8/><G32/><T84/><D84/><U44/><E44/><V109/><F109/><W112/><G112/><T18/><D18/><U69/><E132/><V87/><F87/><W129/><G129/><T31/><D31/><U62/><E69/><V71/><F3/><W66/><G85/><T9/><D9/><U60/><REACH who="1" step="1"/><E57/><REACH who="1" ten="240,240,250,250" step="2"/><V103/><F34/><W126/><G126/><T108/><D108/><U45/><E45/><V15/><F30/><W7/><G11/><T78/><D78/><U128/><E128/><V10/><F10/><N who="3" m="6167" /><G79/><T13/><D13/><U135/><E135/><RYUUKYOKU ba="0,2" sc="240,10,240,10,250,10,250,-30" hai0="20,27,29,54,59,88,89,90,96,98" hai1="60,62,63,72,77,81,94,99,106,107,113,114,115" hai2="15,19,21,26,46,48,55,61,67,71,100,101,103" /><INIT seed="0,1,2,1,3,128" ten="250,250,260,220" oya="0" hai0="76,110,49,48,25,73,126,23,104,120,29,83,118" hai1="13,85,130,4,92,82,84,112,42,44,27,69,46" hai2="100,127,114,116,90,12,17,97,108,19,115,30,52" hai3="101,88,0,21,121,124,106,20,134,64,34,111,72"/><T123/><D118/><U63/><E130/><V91/><F116/><W40/><G121/><T68/><D68/><U37/><E112/><V113/><F108/><W45/><G34/><T28/><D104/><U57/><E69/><V9/><F127/><W107/><G124/><T74/><D126/><U15/><E4/><V103/><F30/><W10/><G111/><T60/><D110/><U95/><E27/><V54/><F17/><W36/><G64/><T56/><D29/><U102/><E46/><V94/><REACH who="2" step="1"/><F91/><REACH who="2" ten="250,250,250,220" step="2"/><W6/><G88/><T2/><D2/><U81/><E102/><AGARI ba="1,3" hai="9,12,19,52,54,90,94,97,100,102,103,113,114,115" machi="102" ten="40,5200,0" yaku="1,1,2,1,54,1,53,0" doraHai="128" doraHaiUra="62" who="2" fromWho="1" sc="250,0,250,-55,250,85,220,0" /><INIT seed="1,0,0,1,1,25" ten="250,195,335,220" oya="1" hai0="115,9,87,14,100,122,60,130,62,4,18,110,67" hai1="126,71,5,82,108,16,54,8,7,89,95,6,86" hai2="77,107,80,124,24,134,38,28,40,79,70,47,58" hai3="101,46,92,27,127,55,91,120,135,10,41,94,11"/><U72/><E71/><V99/><F70/><W12/><G127/><T68/><D115/><U111/><E126/><V129/><F124/><W119/><G135/><T75/><D75/><U132/><E132/><V31/><F134/><W22/><G120/><T125/><D122/><U17/><E54/><V63/><F79/><W32/><G119/><T29/><D125/><U121/><E121/><V76/><F76/><W56/><G32/><T34/><D130/><U106/><E106/><V117/><F117/><W64/><G64/><T78/><D110/><N who="1" m="42027" /><E72/><V109/><F109/><W26/><G26/><T30/><D100/><U33/><E33/><V90/><F24/><W3/><G3/><T98/><D34/><U48/><E48/><V39/><F39/><W57/><G94/><T83/><D98/><N who="1" m="57711" /><E8/><V118/><F129/><W74/><G11/><T97/><D97/><U36/><E36/><V45/><F118/><W112/><G55/><T44/><D62/><U35/><E35/><V114/><F114/><W19/><G74/><T116/><D116/><U105/><E105/><V0/><F107/><W15/><G101/><T37/><REACH who="0" step="1"/><D4/><REACH who="0" ten="240,195,335,220" step="2"/><U23/><E23/><V59/><F99/><W50/><G112/><T49/><D49/><U42/><E42/><AGARI ba="0,1" hai="9,14,18,29,30,37,42,44,60,67,68,78,83,87" machi="42" ten="40,5200,0" yaku="1,1,52,2,53,0" doraHai="25" doraHaiUra="1" who="0" fromWho="1" sc="240,62,195,-52,335,0,220,0" /><INIT seed="2,0,0,1,0,83" ten="302,143,335,220" oya="2" hai0="18,59,35,7,34,12,82,115,96,126,133,69,78" hai1="70,112,129,116,63,75,31,87,21,11,92,62,90" hai2="47,97,20,39,2,58,60,45,71,125,29,9,77" hai3="98,38,113,6,5,93,44,105,41,122,52,107,16"/><V56/><F71/><W37/><G122/><T99/><D69/><U80/><E112/><V86/><F39/><W72/><G113/><T14/><D115/><U30/><E116/><V42/><F2/><W109/><G109/><T74/><D133/><U81/><E129/><V27/><F9/><W57/><G72/><T40/><D126/><U50/><E70/><V43/><F125/><W66/><G66/><T88/><D7/><U101/><E11/><V19/><F97/><W13/><G38/><T102/><D40/><N who="2" m="15402" /><F29/><W26/><G26/><T118/><D118/><U10/><E10/><V67/><F58/><W117/><G117/><T134/><D59/><U73/><E50/><V32/><F32/><W127/><G127/><T17/><D134/><U89/><E101/><V103/><F103/><W135/><G135/><T121/><D121/><U128/><E21/><V3/><F3/><W1/><G1/><T0/><D0/><U8/><E8/><V132/><F132/><W53/><G5/><T100/><D74/><U110/><E92/><V76/><F76/><W111/><G6/><T108/><D78/><U104/><E128/><V51/><F51/><W61/><G107/><T4/><D4/><U48/><E48/><V124/><F124/><W46/><G105/><T22/><D100/><U54/><E104/><V85/><F77/><W131/><G131/><T33/><D102/><U64/><E64/><V95/><F95/><W130/><G93/><T25/><D34/><U114/><E114/><V49/><F49/><W23/><G130/><T120/><D33/><U15/><E110/><RYUUKYOKU ba="0,0" sc="302,-10,143,-10,335,30,220,-10" hai2="19,20,27,45,47,56,60,67,85,86" /><INIT seed="2,1,0,4,5,61" ten="292,133,365,210" oya="2" hai0="94,50,132,83,102,119,6,22,34,53,122,31,54" hai1="42,114,20,118,36,104,76,85,17,35,106,100,70" hai2="117,108,21,55,10,9,98,57,44,13,96,116,48" hai3="82,67,5,18,0,52,126,129,128,63,38,24,92"/><V73/><F73/><W33/><G38/><T115/><D34/><U3/><E114/><V135/><F135/><W1/><G126/><T64/><D122/><U131/><E118/><V30/><F108/><W87/><G92/><T120/><D120/><U51/><E3/><V81/><F117/><W46/><G5/><T39/><D39/><U62/><E35/><V69/><F69/><W15/><G24/><N who="0" m="16791" /><D132/><U25/><E36/><V99/><F116/><W16/><G33/><T95/><D115/><U8/><E131/><N who="3" m="50250" /><G18/><T41/><D6/><U56/><E8/><V86/><F57/><N who="3" m="35239" /><G67/><T109/><D64/><N who="1" m="38983" /><E70/><V12/><F30/><W79/><G46/><N who="0" m="25935" /><D119/><U124/><E124/><V49/><F10/><AGARI ba="1,0" hai="0,1,10,15,16,79,82,87" m="35239,50250" machi="10" ten="30,3900,0" yaku="19,1,54,2" doraHai="61" who="3" fromWho="2" sc="292,0,133,0,365,-42,210,42" /><INIT seed="3,0,0,5,1,80" ten="292,133,323,252" oya="3" hai0="92,4,84,64,101,116,128,16,122,72,36,90,19" hai1="134,41,98,25,9,20,50,43,15,115,133,49,99" hai2="2,74,88,6,135,31,76,32,82,105,106,126,124" hai3="29,52,5,45,68,123,113,21,27,47,3,102,48"/><W60/><G123/><T109/><D116/><U56/><E115/><V93/><F135/><W118/><G113/><T108/><D36/><U14/><E134/><V73/><F73/><W86/><G118/><T129/><D122/><U44/><E133/><V96/><F6/><W24/><G102/><T38/><D38/><U130/><E130/><N who="0" m="50281" /><D72/><U132/><E132/><V0/><F31/><W112/><G112/><T121/><D121/><U37/><E37/><V78/><F78/><W70/><G47/><T110/><D64/><U39/><E39/><V35/><F35/><W11/><G60/><T61/><D61/><U75/><E15/><V33/><F33/><W58/><G45/><T117/><D117/><U71/><E71/><V69/><F32/><W8/><G8/><T91/><D4/><U30/><E75/><V100/><F69/><W46/><G46/><T111/><D111/><U7/><REACH who="1" step="1"/><E41/><REACH who="1" ten="292,123,323,252" step="2"/><V104/><F0/><W59/><G68/><T22/><D110/><U120/><E120/><V79/><F2/><W57/><G70/><T23/><D109/><U53/><AGARI ba="0,1" hai="7,9,14,20,25,30,43,44,49,50,53,56,98,99" machi="53" ten="30,4000,0" yaku="1,1,0,1,8,1,53,0" doraHai="80" doraHaiUra="63" who="1" fromWho="1" sc="292,-10,123,50,323,-10,252,-20" owari="282,8.2,173,-32.7,313,41.3,232,-16.8" /></mjloggm>