<mjloggm ver="2.3"><GO type="225" lobby="0"/><UN n0="%E3%81%A4%E3%81%A3%E3%81%B1%E3%82%8A%E3%83%9D%E3%83%BC%E3%83%AB" n1="%E5%85%88%E7%89%A9%E3%81%AF%74%72%61%73%68" n2="%E7%99%BD%E5%80%89%E5%AF%9B%E4%B9%8B" n3="%79%75%72%69%6D%6F%67" dan="17,17,16,16" rate="2136.85,2139.13,2143.62,2175.31" sx="M,M,M,F"/><TAIKYOKU oya="0"/><INIT seed="0,0,0,0,0,111" ten="250,250,250,250" oya="0" hai0="17,26,48,82,15,28,114,102,6,9,134,100,2" hai1="11,86,21,1,19,45,7,44,121,36,130,47,98" hai2="55,75,103,0,131,129,77,91,133,119,41,53,81" hai3="65,32,88,18,109,40,90,35,58,110,22,126,135"/><T20/><D134/><U46/><E121/><V56/><F0/><W34/><G40/><T107/><D114/><U117/><E117/><V25/><F133/><W74/><G74/><T59/><D107/><U112/><E130/><V54/><F119/><W4/><G4/><T84/><D59/><U68/><E68/><V105/><F41/><W12/><G135/><T83/><D48/><U124/><E124/><V42/><F42/><W38/><G38/><T79/><REACH who="0" step="1"/><D83/><REACH who="0" ten="240,250,250,250" step="2"/><U3/><E36/><V95/><F56/><W127/><G126/><T10/><AGARI ba="0,1" hai="2,6,9,10,15,17,20,26,28,79,82,84,100,102" machi="10" ten="20,7800,0" yaku="1,1,2,1,0,1,7,1,53,0" doraHai="111" doraHaiUra="101" who="0" fromWho="0" sc="240,88,250,-26,250,-26,250,-26" /><INIT seed="0,1,0,0,2,64" ten="328,224,224,224" oya="0" hai0="14,100,130,82,101,8,49,11,31,19,118,38,69" hai1="114,62,91,54,74,22,9,21,2,53,131,87,134" hai2="29,78,12,96,133,47,57,97,90,52,79,123,89" hai3="23,111,83,110,58,104,20,115,60,18,135,120,1"/><T44/><D118/><U16/><E74/><V77/><F123/><W125/><G115/><T93/><D130/><U88/><E131/><V112/><F112/><W5/><G104/><T126/><D38/><U85/><E114/><V73/><F73/><W39/><G39/><T127/><D31/><U4/><E134/><V25/><F47/><W86/><G135/><T28/><D28/><U70/><E22/><N who="2" m="15543" /><F133/><W80/><G125/><N who="0" m="47627" /><D69/><U116/><E116/><V59/><F12/><W117/><G120/><T51/><D82/><U66/><E87/><V65/><F65/><W3/><G117/><T84/><D11/><U107/><E107/><V10/><F10/><W99/><G80/><T46/><D84/><U37/><E37/><V95/><F59/><W35/><G99/><N who="2" m="37961" /><F95/><W48/><G35/><T119/><D93/><U24/><E91/><V129/><F129/><W98/><G98/><T15/><D15/><U132/><E132/><V72/><F72/><W6/><G3/><T122/><D122/><U17/><REACH who="1" step="1"/><E17/><REACH who="1" ten="328,214,224,224" step="2"/><V121/><F121/><W109/><G18/><T7/><D19/><U45/><E45/><V63/><AGARI ba="1,1" hai="52,57,63,77,78,79,89,90" m="37961,15543" machi="63" ten="30,2000,0" yaku="8,1,54,1" doraHai="64" who="2" fromWho="2" sc="328,-11,214,-6,224,33,224,-6" /><INIT seed="1,0,0,1,1,3" ten="317,208,257,218" oya="1" hai0="22,71,87,76,95,129,122,57,119,135,80,4,19" hai1="42,78,23,66,10,34,21,104,84,131,89,30,17" hai2="50,130,36,132,64,9,59,116,11,44,69,38,82" hai3="120,39,110,55,25,61,31,56,14,118,68,114,48"/><U134/><E104/><V18/><F116/><W75/><G110/><T93/><D71/><U101/><E134/><V124/><F132/><W0/><G114/><T35/><D119/><U67/><E131/><V83/><F130/><W86/><G0/><T40/><D35/><U92/><E101/><V53/><F124/><W133/><G75/><T58/><D129/><U41/><E34/><V115/><F115/><W12/><G120/><T29/><D29/><U2/><E78/><V49/><F69/><W33/><G39/><T105/><D105/><U28/><E2/><V60/><F38/><W62/><G133/><T20/><D40/><N who="1" m="15467" /><E10/><N who="2" m="3595" /><F36/><W65/><G118/><T51/><D135/><U98/><E98/><V15/><F50/><W73/><G73/><T26/><D51/><U16/><E23/><AGARI ba="0,0" hai="15,18,23,44,49,53,59,60,64,82,83" m="3595" machi="23" ten="30,1000,0" yaku="8,1" doraHai="3" who="2" fromWho="1" sc="317,0,208,-10,257,10,218,0" /><INIT seed="2,0,0,0,0,30" ten="317,198,267,218" oya="2" hai0="132,37,61,113,33,25,96,24,89,18,58,135,98" hai1="78,14,46,36,7,117,116,71,34,115,76,93,1" hai2="54,13,91,102,67,47,121,126,99,15,32,124,49" hai3="0,105,130,42,128,10,104,38,97,118,63,6,8"/><V110/><F121/><W69/><G118/><T88/><D37/><U17/><E115/><V22/><F110/><W51/><G51/><T5/><D5/><U44/><E71/><V122/><F122/><W40/><G10/><T41/><D41/><U31/><E93/><V83/><F67/><W72/><G72/><T56/><D18/><U9/><E36/><V119/><F119/><W28/><G28/><T111/><D111/><U3/><E3/><V106/><F22/><W87/><G87/><T109/><D109/><U101/><E101/><V39/><F39/><W108/><G108/><T53/><D33/><U19/><E19/><V81/><F32/><W107/><G97/><N who="0" m="37483" /><D58/><U57/><E57/><V134/><F134/><N who="0" m="51242" /><D113/><U11/><E117/><V23/><F23/><W26/><G26/><AGARI ba="0,0" hai="24,25,26,53,56,61,88,89" m="51242,37483" machi="26" ten="30,2000,0" yaku="20,1,54,1" doraHai="30" who="0" fromWho="3" sc="317,20,198,0,267,0,218,-20" /><INIT seed="3,0,0,1,0,101" ten="337,198,267,198" oya="3" hai0="48,116,83,77,118,30,8,23,2,127,94,92,84" hai1="105,82,91,28,19,121,50,62,128,66,114,131,69" hai2="113,79,36,81,31,43,20,133,25,63,93,97,70" hai3="4,34,106,135,102,90,130,45,40,44,15,6,56"/><W9/><G130/><N who="1" m="49706" /><E121/><V88/><F133/><W126/><G135/><T76/><D76/><U112/><E105/><V57/><F113/><N who="1" m="43625" /><E28/><V115/><F115/><W27/><G126/><T51/><D51/><U22/><E50/><V74/><F70/><W78/><G78/><T122/><D83/><U29/><E29/><V110/><F110/><W58/><G45/><T123/><D84/><N who="1" m="50583" /><E22/><V96/><F36/><W55/><G27/><T26/><D8/><U52/><E52/><V107/><F43/><W42/><G34/><T75/><D48/><U24/><E24/><V16/><F31/><W14/><G90/><T132/><D2/><U41/><E41/><V61/><F57/><W47/><G55/><T39/><D39/><U18/><AGARI ba="0,0" hai="18,19,62,66,69" m="50583,43625,49706" machi="18" ten="40,1500,0" yaku="19,1" doraHai="101" who="1" fromWho="1" sc="337,-4,198,15,267,-4,198,-7" owari="333,43.3,213,-18.7,263,6.3,191,-30.9" /></mjloggm>