<mjloggm ver="2.3"><GO type="225" lobby="0"/><UN n0="%E5%8D%A0%E3%81%84%E5%B8%AB%E8%A3%8F%E3%81%AA%E3%81%84%E3%81%97" n1="%E7%99%BD%E5%80%89%E5%AF%9B%E4%B9%8B" n2="%E3%81%BF%E3%81%BF%E3%81%9A" n3="%E5%B8%86%E7%AB%8B%E5%A4%8F%E8%A1%A3" dan="17,16,17,17" rate="2253.67,2136.09,2231.37,2238.89" sx="M,M,M,M"/><TAIKYOKU oya="0"/><INIT seed="0,0,0,5,1,25" ten="250,250,250,250" oya="0" hai0="127,34,126,57,83,38,102,128,132,100,77,29,2" hai1="114,84,53,120,32,92,24,13,71,43,63,67,80" hai2="3,8,109,73,40,21,89,62,98,49,82,125,91" hai3="58,86,1,93,4,134,50,31,90,85,106,69,54"/><T41/><D2/><U16/><E120/><V9/><F109/><W45/><G134/><T110/><D110/><U105/><E105/><V65/><F125/><N who="0" m="47626" /><D132/><U131/><E131/><V44/><F3/><W23/><G69/><T37/><D128/><U130/><E130/><V94/><F21/><W47/><G106/><T75/><D57/><U36/><E92/><V76/><REACH who="2" step="1"/><F91/><REACH who="2" ten="250,250,240,250" step="2"/><N who="3" m="53487" /><G1/><T119/><D119/><U96/><E32/><V27/><F27/><N who="3" m="16895" /><G4/><T118/><D118/><U39/><E24/><V66/><F66/><W115/><G115/><T30/><D34/><U35/><E114/><V60/><F60/><W121/><G121/><T11/><D11/><U116/><E35/><V26/><F26/><W122/><G122/><T61/><D61/><U111/><E111/><V52/><F52/><W104/><G104/><T117/><D117/><U22/><E116/><V124/><F124/><W107/><G107/><T129/><D129/><U55/><E53/><V97/><F97/><W20/><G20/><T5/><D41/><U72/><E43/><V70/><AGARI ba="0,1" hai="8,9,40,44,49,62,65,70,73,76,82,89,94,98" machi="70" ten="20,5200,0" yaku="1,1,0,1,7,1,53,1" doraHai="25" doraHaiUra="56" who="2" fromWho="2" sc="250,-26,250,-13,240,62,250,-13" /><INIT seed="1,0,0,2,0,120" ten="224,237,302,237" oya="1" hai0="36,102,64,52,125,9,28,62,105,51,82,78,38" hai1="65,61,60,19,122,93,124,21,14,129,42,90,114" hai2="15,98,72,37,76,73,8,95,45,32,115,128,34" hai3="53,84,121,12,20,26,70,97,119,59,113,16,103"/><U111/><E122/><V4/><F128/><W24/><G113/><T118/><D118/><U13/><E129/><V96/><F115/><W63/><G119/><T58/><D125/><U31/><E114/><V81/><F73/><W68/><G121/><T47/><D28/><U109/><E124/><V39/><F98/><W117/><G117/><T71/><D105/><U57/><E42/><V27/><F27/><W77/><G70/><T3/><D102/><U112/><E112/><V67/><F67/><W6/><G68/><T66/><D9/><U49/><E49/><V107/><F107/><W54/><G6/><T40/><D3/><U126/><E126/><V87/><F87/><W30/><G54/><T91/><D91/><U89/><E31/><V94/><F94/><N who="3" m="58807" /><G30/><T85/><REACH who="0" step="1"/><D64/><REACH who="0" ten="214,237,302,237" step="2"/><U88/><E93/><V69/><F32/><W101/><G101/><T55/><D55/><U44/><E44/><V17/><F34/><W1/><G1/><T86/><D86/><U5/><REACH who="1" step="1"/><E61/><AGARI ba="0,1" hai="36,38,40,47,51,52,58,61,62,66,71,78,82,85" machi="61" ten="30,3900,0" yaku="1,1,7,1,54,1,53,0" doraHai="120" doraHaiUra="23" who="0" fromWho="1" sc="214,49,237,-39,302,0,237,0" /><INIT seed="2,0,0,2,0,121" ten="263,198,302,237" oya="2" hai0="39,21,49,54,86,82,107,14,110,53,20,44,131" hai1="129,46,0,40,98,109,7,24,69,120,95,32,57" hai2="133,105,103,99,78,29,112,5,19,118,30,74,106" hai3="33,94,43,122,76,59,88,114,87,92,36,55,10"/><V85/><F112/><W96/><G122/><T115/><D115/><U79/><E69/><V35/><F118/><W70/><G114/><T126/><D107/><U26/><E120/><V134/><F5/><W124/><G124/><T111/><D39/><U104/><E104/><V2/><F2/><W25/><G70/><T31/><D126/><U13/><E129/><V28/><F106/><W6/><G36/><T90/><D131/><U17/><E79/><V41/><F41/><W100/><G43/><T101/><D101/><U66/><E32/><V1/><F1/><W130/><G76/><T50/><D14/><U16/><E0/><V58/><F58/><W91/><G130/><T42/><D42/><U60/><E109/><N who="0" m="41481" /><D31/><U63/><E63/><V123/><F123/><W108/><G108/><T37/><D37/><U38/><E7/><V64/><F35/><W125/><G33/><T34/><D34/><U62/><E62/><V81/><F19/><W93/><G125/><T80/><D80/><U127/><E127/><V8/><F103/><W132/><G25/><T97/><D97/><U52/><E66/><V71/><F99/><W18/><G18/><T11/><D11/><U77/><E17/><V73/><F73/><W61/><BYE who="2" /><G10/><T128/><D128/><U102/><REACH who="1" step="1"/><E77/><REACH who="1" ten="263,188,302,237" step="2"/><V83/><F83/><W56/><G6/><T15/><D15/><U12/><E12/><V68/><F68/><W67/><G100/><UN n2="%E3%81%BF%E3%81%BF%E3%81%9A" /><T22/><D22/><AGARI ba="0,1" hai="13,16,22,24,26,38,40,46,52,57,60,95,98,102" machi="22" ten="30,7700,0" yaku="1,1,7,1,54,2,53,0" doraHai="121" doraHaiUra="113" who="1" fromWho="0" sc="263,-77,188,87,302,0,237,0" /><INIT seed="3,0,0,0,3,98" ten="186,275,302,237" oya="3" hai0="83,128,39,104,68,56,9,85,0,22,124,92,102" hai1="51,72,60,96,132,111,54,1,75,99,79,36,127" hai2="24,55,17,66,8,65,107,129,74,95,19,120,27" hai3="78,108,32,112,70,16,113,135,6,123,89,109,105"/><W71/><G123/><T10/><D68/><N who="3" m="26153" /><G32/><T40/><D124/><U114/><E36/><V35/><F107/><W84/><G135/><T133/><D104/><U20/><E1/><V23/><F74/><W86/><G6/><T31/><D133/><U26/><E114/><N who="3" m="44138" /><G105/><T25/><D128/><U125/><E132/><V63/><F129/><W43/><G43/><T131/><D131/><U37/><E75/><V115/><F115/><W33/><G33/><T29/><D29/><U121/><E121/><V57/><F120/><W42/><G42/><T28/><D28/><U45/><E127/><V44/><F44/><W50/><G50/><T38/><D0/><U15/><E72/><V64/><F35/><W4/><G4/><T81/><D81/><U13/><E51/><V7/><F95/><W58/><G58/><T77/><D56/><U41/><E41/><V76/><F76/><W80/><G16/><N who="2" m="6217" /><F23/><W48/><G48/><T122/><D122/><U101/><E79/><V82/><F82/><W18/><G18/><T126/><D126/><U73/><E20/><V11/><F7/><W100/><G78/><T21/><D21/><U3/><E45/><V94/><F94/><W14/><G14/><T2/><D2/><U97/><E3/><V87/><F87/><W119/><G86/><T134/><D134/><U5/><E73/><V117/><F117/><W47/><G119/><T118/><D118/><U52/><E5/><V53/><F53/><W103/><G47/><N who="0" m="23959" /><D39/><U91/><E37/><V69/><F69/><W34/><G34/><T88/><D102/><U49/><E125/><RYUUKYOKU ba="0,0" sc="186,10,275,-30,302,10,237,10" hai0="9,10,22,25,31,77,83,85,88,92" hai2="8,11,24,27,55,57,63,64,65,66" hai3="80,84,89,100,103,108,109" /><INIT seed="3,1,0,1,1,133" ten="196,245,312,247" oya="3" hai0="2,135,20,96,127,43,9,118,106,27,51,123,23" hai1="40,124,84,22,41,98,34,101,78,73,134,13,87" hai2="26,1,47,12,3,10,94,81,29,76,72,65,128" hai3="120,16,46,90,25,60,62,89,74,32,83,108,45"/><W30/><G120/><T132/><D118/><U125/><E34/><V102/><F128/><W39/><G108/><T104/><D123/><U119/><E119/><V42/><F65/><W66/><G62/><T92/><D2/><U79/><E134/><N who="0" m="51241" /><D9/><U15/><E73/><V115/><F115/><W80/><G74/><T107/><D43/><N who="1" m="16459" /><E22/><N who="0" m="8233" /><D51/><U67/><E67/><V117/><F117/><W64/><G39/><T53/><D53/><U33/><E33/><V130/><F130/><W54/><G66/><T69/><D27/><U36/><E36/><V105/><F105/><N who="0" m="26882" /><T37/><DORA hai="99" /><D37/><U77/><E98/><V121/><F121/><W31/><G64/><T86/><D86/><N who="1" m="32811" /><E101/><V61/><F102/><W28/><G32/><T0/><D0/><U59/><E59/><V68/><F1/><W50/><G46/><T48/><D48/><U113/><E113/><V91/><F3/><W8/><G25/><T109/><D109/><U111/><E111/><V24/><F10/><W38/><G38/><T110/><D110/><U71/><E71/><V114/><F114/><W44/><G44/><T49/><D49/><U93/><E93/><V4/><F68/><W57/><G50/><T103/><D69/><U52/><E52/><V116/><F42/><W88/><G45/><T122/><D122/><U126/><AGARI ba="1,0" hai="13,15,77,78,79,124,125,126" m="32811,16459" machi="126" ten="40,12000,2" yaku="28,2,18,1,52,3" doraHai="133,99" who="1" fromWho="1" sc="196,-31,245,123,312,-31,247,-61" owari="165,-33.5,368,46.8,281,8.1,186,-21.4" /></mjloggm>