<mjloggm ver="2.3"><GO type="225" lobby="0"/><UN n0="%E3%83%96%E3%83%83%E3%83%91%E3%82%AA%E3%83%96%E3%83%81%E3%82%AD%E3%83%B3" n1="%77%72%77%72%77%72%77%72" n2="%41%6F%54" n3="%E5%A4%8F%E9%88%B4%E9%88%B4%E5%A4%8F" dan="16,16,16,16" rate="2074.10,2135.47,2091.34,2098.34" sx="M,M,M,F"/><TAIKYOKU oya="0"/><INIT seed="0,0,0,3,4,20" ten="250,250,250,250" oya="0" hai0="31,40,28,116,93,112,98,51,11,35,80,114,63" hai1="46,34,95,62,117,50,120,99,21,79,75,110,73" hai2="2,25,37,18,69,105,49,7,102,30,85,14,106" hai3="90,36,27,13,77,61,131,128,67,19,94,88,129"/><T81/><D116/><U24/><E117/><V22/><F37/><W71/><G36/><T119/><D119/><U10/><E120/><V123/><F123/><W6/><G77/><T92/><D11/><U66/><E34/><V33/><F69/><W43/><G43/><T52/><D35/><U135/><E110/><V115/><F115/><W122/><G122/><T26/><D63/><U84/><E135/><V78/><F102/><W0/><G0/><T76/><D40/><U83/><E10/><N who="2" m="2423" /><F49/><W103/><G6/><T57/><D93/><U96/><E96/><V121/><F121/><W48/><G48/><T4/><D4/><U3/><E3/><V108/><F108/><W91/><G27/><T101/><D81/><AGARI ba="0,0" hai="14,18,22,25,30,33,78,81,85,105,106" m="2423" machi="81" ten="30,2000,0" yaku="24,1,52,1" doraHai="20" who="2" fromWho="0" sc="250,-20,250,0,250,20,250,0" /><INIT seed="1,0,0,5,3,3" ten="230,250,270,250" oya="1" hai0="17,53,57,116,70,78,19,115,82,98,55,34,30" hai1="14,76,99,21,31,37,107,39,29,131,51,125,132" hai2="134,47,108,112,102,95,81,74,2,49,129,118,105" hai3="87,120,16,7,106,103,94,93,71,113,100,28,9"/><U126/><E76/><V48/><F118/><W38/><G120/><T20/><D115/><U104/><E131/><V18/><F105/><N who="1" m="40521" /><E99/><V124/><F2/><W92/><G71/><T122/><D116/><U42/><E14/><V54/><F129/><W89/><G38/><N who="1" m="14346" /><E21/><V66/><F95/><W90/><G113/><T58/><D20/><U121/><E121/><V56/><F102/><W133/><G133/><T13/><D98/><U60/><E60/><V4/><F134/><W32/><G106/><T68/><D13/><U27/><E27/><V72/><F81/><W44/><G44/><T91/><D78/><U109/><E132/><V59/><F112/><W11/><G94/><T85/><D82/><U40/><E51/><V0/><F18/><W61/><G61/><T22/><D22/><U117/><E117/><V127/><F0/><W52/><G7/><T5/><D5/><U75/><E75/><V64/><F4/><W84/><G16/><T50/><D122/><U36/><N who="1" m="14354" /><U15/><DORA hai="24" /><E15/><V26/><F26/><W65/><G65/><T41/><D17/><U45/><E45/><V67/><F74/><W119/><G119/><T96/><D19/><U77/><E77/><V97/><F72/><W110/><G93/><N who="0" m="54511" /><D96/><U114/><E114/><V111/><F97/><W73/><G92/><T130/><D130/><U8/><E8/><V46/><F66/><W83/><G73/><T43/><D68/><U12/><E12/><V62/><F62/><W135/><G9/><T10/><D70/><U6/><E6/><V63/><F63/><W1/><G11/><RYUUKYOKU ba="0,0" sc="230,-10,250,-10,270,30,250,-10" hai2="46,47,48,49,54,56,59,64,67,108,111,124,127" /><INIT seed="2,1,0,1,2,119" ten="220,240,300,240" oya="2" hai0="65,49,11,14,84,0,36,120,73,18,104,55,97" hai1="126,91,75,8,69,110,72,63,48,89,39,30,3" hai2="25,113,44,86,99,71,64,102,80,81,40,29,118" hai3="47,41,6,10,57,101,66,17,54,111,61,19,23"/><V15/><F118/><W16/><G111/><T115/><D73/><U37/><E110/><V42/><F113/><W82/><G101/><T94/><D115/><U51/><E30/><V45/><F71/><W2/><G82/><T56/><D36/><U129/><E129/><V60/><F15/><W130/><G130/><T43/><D104/><U117/><E117/><V58/><F45/><W38/><REACH who="3" step="1"/><G66/><REACH who="3" ten="220,240,300,230" step="2"/><T132/><D132/><U131/><E131/><V109/><F81/><W67/><G67/><T135/><D135/><U116/><E116/><V35/><F109/><W96/><G96/><T100/><D65/><U52/><E75/><V77/><REACH who="2" step="1"/><F44/><REACH who="2" ten="220,240,290,230" step="2"/><W107/><G107/><AGARI ba="1,2" hai="25,29,35,40,42,58,60,64,77,80,86,99,102,107" machi="107" ten="30,11600,0" yaku="1,1,2,1,7,1,53,1" doraHai="119" doraHaiUra="93" who="2" fromWho="3" sc="220,0,240,0,290,139,230,-119" /><INIT seed="2,2,0,2,2,115" ten="220,240,429,111" oya="2" hai0="42,132,103,96,13,111,37,16,19,116,6,78,58" hai1="113,72,98,112,23,81,133,64,80,130,84,114,76" hai2="68,33,56,4,135,45,20,27,41,48,69,71,73" hai3="44,32,28,95,66,47,38,3,67,77,93,88,109"/><V106/><F73/><W46/><G109/><T126/><D111/><U24/><E130/><V75/><F75/><W12/><G3/><T35/><D35/><U31/><E133/><V57/><F106/><W99/><G77/><T25/><D132/><U123/><E123/><V127/><F135/><W110/><G110/><T59/><D78/><U30/><E64/><V15/><F127/><W8/><G38/><T129/><D129/><U85/><E98/><V40/><F33/><W119/><G119/><T120/><D120/><U17/><REACH who="1" step="1"/><E72/><REACH who="1" ten="220,230,429,111" step="2"/><V108/><F108/><W122/><G122/><T92/><D126/><U39/><E39/><V60/><F69/><W89/><G32/><T83/><D37/><U29/><E29/><V65/><F68/><W55/><G28/><T90/><D96/><U14/><E14/><V10/><F71/><W117/><G117/><T2/><D13/><U43/><E43/><V54/><F40/><W26/><G26/><T52/><D42/><U105/><E105/><V100/><F41/><W107/><G107/><T18/><D25/><U21/><E21/><V101/><F20/><W0/><G0/><T134/><D2/><U118/><E118/><V50/><F27/><W87/><REACH who="3" step="1"/><G55/><REACH who="3" ten="220,230,429,101" step="2"/><T74/><D52/><U51/><E51/><V1/><F1/><W5/><AGARI ba="2,2" hai="5,8,12,44,46,47,66,67,87,88,89,93,95,99" machi="5" ten="30,8000,1" yaku="1,1,2,1,0,1,8,1,54,1,53,0" doraHai="115" doraHaiUra="124" who="3" fromWho="3" sc="220,-22,230,-22,429,-42,101,106" /><INIT seed="3,0,0,1,0,95" ten="198,208,387,207" oya="3" hai0="82,113,72,46,42,110,8,45,61,93,22,34,69" hai1="103,55,44,115,121,66,56,126,35,111,51,79,18" hai2="125,74,73,19,94,70,30,88,132,48,32,37,47" hai3="5,102,71,68,13,104,133,90,77,89,33,96,0"/><W60/><G33/><T31/><D34/><U87/><E115/><V112/><F112/><W4/><G0/><T81/><D113/><U54/><E121/><V43/><F70/><W120/><G120/><T1/><D110/><U83/><E35/><V129/><F129/><W12/><G77/><N who="0" m="44199" /><D82/><U91/><E126/><V26/><F132/><W65/><G133/><T67/><D93/><U80/><E111/><V85/><F125/><W100/><G71/><T38/><D46/><U63/><E103/><V135/><F135/><W58/><G68/><T6/><D22/><U119/><E119/><V128/><F128/><W39/><G39/><T122/><D122/><U3/><E3/><V15/><F37/><W53/><G65/><T9/><D9/><AGARI ba="0,0" hai="9,15,19,26,30,32,43,47,48,73,74,85,88,94" machi="9" ten="30,2000,0" yaku="7,1,54,1" doraHai="95" who="2" fromWho="0" sc="198,-20,208,0,387,20,207,0" owari="178,-32.2,208,0.8,407,50.7,207,-19.3" /></mjloggm>