<mjloggm ver="2.3"><GO type="225" lobby="0"/><UN n0="%E3%81%AF%E3%82%88%E3%81%8A%E3%81%98%E3%81%95%E3%82%93" n1="%E3%81%90%E3%81%A1%E3%82%84%E3%81%BE" n2="%E3%83%96%E3%83%83%E3%83%91%E3%82%AA%E3%83%96%E3%83%81%E3%82%AD%E3%83%B3" n3="%E6%B5%81%E3%82%8C%EF%BC%9F%53%4F%41" dan="17,16,16,17" rate="2161.98,2143.15,2146.42,2222.65" sx="M,M,M,M"/><TAIKYOKU oya="0"/><INIT seed="0,0,0,1,2,22" ten="250,250,250,250" oya="0" hai0="125,81,29,64,57,65,71,17,37,31,133,68,110" hai1="13,116,61,78,34,5,132,103,49,27,26,99,127" hai2="41,112,2,14,18,15,6,11,69,48,32,113,80" hai3="90,60,120,62,134,121,58,50,3,36,7,33,44"/><T20/><D37/><U79/><E116/><V105/><F105/><W75/><G36/><T28/><D125/><U16/><E127/><V115/><F69/><W4/><G75/><T30/><N who="0" m="7168" /><DORA hai="119" /><T92/><D133/><U76/><E34/><V12/><F32/><W135/><G33/><T88/><D81/><U9/><E132/><N who="3" m="50730" /><G90/><T84/><D110/><U1/><E61/><N who="3" m="23658" /><G58/><T118/><D57/><U43/><E1/><V114/><F80/><W104/><G104/><T52/><D118/><U25/><E5/><N who="3" m="2122" /><G3/><T56/><D71/><U40/><REACH who="1" step="1"/><E49/><REACH who="1" ten="250,240,250,250" step="2"/><V91/><F48/><W96/><G96/><T124/><D124/><U38/><E38/><V85/><F114/><W8/><G8/><T59/><D68/><U74/><E74/><V111/><F11/><W107/><G107/><AGARI ba="0,1" hai="9,13,16,25,26,27,40,43,76,78,79,99,103,107" machi="107" ten="40,8000,1" yaku="1,1,52,3,54,1,53,0" doraHai="22,119" doraHaiUra="123,35" who="1" fromWho="3" sc="250,0,240,90,250,0,250,-80" /><INIT seed="1,0,0,5,3,84" ten="250,330,250,170" oya="1" hai0="112,11,74,22,128,123,118,79,45,65,42,113,39" hai1="126,50,131,58,64,99,30,83,109,16,56,26,53" hai2="67,47,29,48,86,76,35,110,121,108,94,19,93" hai3="125,101,82,15,7,37,72,21,75,4,55,111,2"/><U6/><E126/><V117/><F117/><W91/><G37/><T68/><D118/><U8/><E131/><V98/><F121/><W130/><G111/><N who="2" m="42537" /><F67/><W13/><G2/><T54/><D128/><U61/><E109/><V62/><F62/><W9/><G125/><T66/><D123/><U46/><E83/><N who="2" m="47463" /><F19/><W44/><G101/><T38/><D39/><U124/><E124/><V134/><F134/><W106/><G106/><T122/><D122/><U23/><E99/><V49/><F47/><W78/><G72/><T40/><D42/><U135/><E135/><V107/><F107/><W103/><G130/><T92/><D79/><U33/><E33/><V12/><F12/><W5/><G103/><T97/><D74/><U57/><REACH who="1" step="1"/><E30/><REACH who="1" ten="250,320,250,170" step="2"/><V90/><F94/><W127/><G127/><T114/><D92/><U119/><E119/><V43/><F43/><W34/><G34/><T85/><D40/><U100/><E100/><V31/><F31/><W52/><G82/><T59/><D113/><U88/><E88/><V102/><F102/><W104/><G104/><T73/><D112/><U20/><E20/><V17/><F17/><W28/><G4/><T96/><D22/><U0/><AGARI ba="0,1" hai="0,6,8,16,23,26,46,50,53,56,57,58,61,64" machi="0" ten="20,12000,1" yaku="1,1,0,1,7,1,54,1,53,1" doraHai="84" doraHaiUra="51" who="1" fromWho="1" sc="250,-40,320,130,250,-40,170,-40" /><INIT seed="1,1,0,2,0,68" ten="210,450,210,130" oya="1" hai0="102,104,80,129,111,74,12,96,3,81,38,110,22" hai1="33,92,65,13,0,64,90,56,5,17,20,116,24" hai2="43,122,54,39,63,117,98,99,71,7,14,18,106" hai3="27,107,69,114,95,62,53,135,8,113,45,89,35"/><U19/><E116/><V2/><F117/><W86/><G107/><T50/><D3/><U47/><E47/><V115/><F122/><W87/><G135/><T30/><D38/><U101/><E101/><V67/><F115/><W46/><G8/><T9/><D129/><U108/><E108/><N who="0" m="41513" /><D74/><U93/><E0/><V119/><F119/><W16/><G86/><T126/><D126/><U120/><E5/><V130/><F130/><W77/><G77/><T4/><D50/><U103/><E120/><V49/><F106/><W44/><G35/><T132/><D132/><U94/><E33/><V57/><F7/><W79/><G79/><T97/><D96/><U6/><E6/><V131/><F2/><W51/><G51/><T28/><D22/><U76/><E76/><V133/><F133/><W26/><G26/><T88/><D88/><U82/><E103/><V60/><F60/><W59/><REACH who="3" step="1"/><G69/><REACH who="3" ten="210,450,210,120" step="2"/><T121/><D121/><U112/><E24/><V134/><F134/><W124/><G124/><T66/><D9/><U70/><E70/><V23/><REACH who="2" step="1"/><F131/><REACH who="2" ten="210,450,200,120" step="2"/><W37/><G37/><T10/><D104/><U31/><E112/><V75/><F75/><W123/><G123/><T78/><D4/><U83/><E20/><AGARI ba="1,2" hai="16,20,27,44,45,46,53,59,62,87,89,95,113,114" machi="20" ten="40,2600,0" yaku="1,1,54,1,53,0" doraHai="68" doraHaiUra="25" who="3" fromWho="1" sc="210,0,450,-29,200,0,120,49" /><INIT seed="2,0,0,4,3,108" ten="210,421,200,169" oya="2" hai0="18,129,37,48,26,47,17,10,72,39,125,34,68" hai1="51,116,52,14,6,107,61,24,122,7,78,58,46" hai2="83,131,111,130,35,110,57,70,80,90,29,82,123" hai3="50,23,31,67,3,2,85,100,63,128,66,49,102"/><V75/><F70/><W20/><G85/><T126/><D72/><U59/><E116/><V15/><F123/><W118/><G63/><T33/><D68/><U132/><E107/><V64/><F15/><W119/><REACH who="3" step="1"/><G31/><REACH who="3" ten="210,421,200,159" step="2"/><T98/><D125/><U30/><E61/><N who="2" m="37935" /><F75/><W73/><G73/><T71/><D126/><U97/><E122/><V11/><F111/><W99/><G99/><T55/><D98/><U133/><E30/><V43/><F110/><W101/><G101/><T109/><D109/><U0/><E97/><V44/><F29/><W40/><G40/><T106/><D71/><U27/><E133/><V134/><F134/><W87/><G87/><T96/><D96/><U93/><E132/><V13/><F43/><W86/><G86/><T65/><D106/><U32/><E78/><V1/><F90/><W9/><G9/><T62/><D10/><U120/><E120/><V21/><F11/><W127/><G127/><T16/><D62/><U60/><E60/><V105/><F105/><W4/><G4/><T22/><D65/><U45/><E7/><V84/><F84/><W115/><G115/><T28/><D129/><AGARI ba="0,1" hai="2,3,20,23,49,50,66,67,100,102,118,119,128,129" machi="129" ten="25,8000,1" yaku="1,1,22,2,53,2" doraHai="108" doraHaiUra="19" who="3" fromWho="0" sc="210,-80,421,0,200,0,159,90" /><INIT seed="3,0,0,1,1,99" ten="130,421,200,249" oya="3" hai0="98,25,106,103,71,69,112,124,40,10,104,100,80" hai1="26,90,121,3,116,85,28,38,15,129,33,114,105" hai2="79,19,87,56,36,88,5,111,39,34,72,50,75" hai3="61,81,20,51,35,102,131,93,110,123,17,46,22"/><W32/><G123/><T48/><D124/><U92/><E121/><V77/><F34/><W6/><G131/><T21/><D112/><U4/><E114/><V57/><F111/><W119/><G119/><T31/><D80/><U12/><E38/><V130/><F130/><W37/><G37/><T27/><D10/><U101/><E129/><V132/><F132/><W14/><G6/><T24/><D71/><U68/><E68/><V94/><F5/><W47/><G32/><T120/><D69/><U109/><E109/><V134/><F134/><W8/><G35/><T126/><D126/><U2/><E116/><V62/><F72/><W52/><G61/><T118/><D118/><U73/><E73/><V29/><F29/><W59/><G81/><T11/><D120/><U23/><E15/><V9/><F75/><W41/><G110/><T107/><D11/><U128/><E128/><V65/><F39/><W67/><G67/><T44/><D98/><U76/><E76/><V53/><F36/><W64/><G64/><T108/><D108/><U83/><E105/><V91/><F91/><W117/><G117/><T49/><D48/><U63/><E63/><V95/><F95/><W78/><G78/><T70/><D70/><U55/><E55/><V86/><F86/><W18/><G41/><T30/><REACH who="0" step="1"/><D24/><REACH who="0" ten="120,421,200,249" step="2"/><U74/><E28/><V58/><F9/><W133/><G8/><T0/><D0/><U1/><E90/><V115/><F115/><W96/><G133/><T113/><D113/><U42/><E1/><V60/><F88/><W7/><G7/><T54/><D54/><RYUUKYOKU ba="0,1" sc="120,15,421,-15,200,-15,249,15" hai0="21,25,27,30,31,40,44,49,100,103,104,106,107" hai3="14,17,18,20,22,46,47,51,52,59,93,96,102" /><INIT seed="3,1,1,5,3,20" ten="135,406,185,264" oya="3" hai0="55,104,91,28,27,101,74,100,8,64,33,92,129" hai1="37,118,84,82,109,60,130,15,75,128,39,32,93" hai2="51,119,7,61,21,99,53,105,48,14,123,90,24" hai3="57,9,133,50,107,40,88,98,58,95,0,65,35"/><W70/><G35/><T111/><D111/><U34/><E109/><V112/><F112/><W59/><G107/><T78/><D129/><N who="1" m="49771" /><E118/><V11/><F119/><W23/><G133/><T41/><D104/><U67/><E75/><V131/><F131/><W122/><G70/><T134/><D134/><U68/><E93/><N who="2" m="56759" /><F105/><W87/><G65/><T30/><D41/><U36/><E15/><V116/><F123/><W79/><G0/><T132/><D132/><U135/><E135/><V102/><F102/><W124/><G124/><T81/><D64/><U46/><E46/><V3/><F3/><W18/><G9/><T63/><D30/><U19/><E19/><N who="2" m="12351" /><F116/><W108/><G108/><T71/><D8/><U80/><E80/><V42/><F42/><W114/><G114/><T127/><D127/><U25/><E25/><V1/><F1/><W47/><G122/><T125/><D125/><U29/><E29/><V52/><F53/><W72/><G72/><T117/><D117/><U13/><E13/><V89/><F89/><AGARI ba="1,1" hai="32,34,36,37,39,60,67,68,82,84,89" m="49771" machi="89" ten="40,1300,0" yaku="19,1" doraHai="20" who="1" fromWho="2" sc="135,0,406,26,185,-16,264,0" owari="135,-36.5,432,53.2,169,-23.1,264,6.4" /></mjloggm>