<mjloggm ver="2.3"><GO type="225" lobby="0"/><UN n0="%E5%A4%8F%E9%88%B4%E9%88%B4%E5%A4%8F" n1="%E5%91%A8%E6%9D%B1" n2="%E6%98%93%E5%88%A9%E8%96%A9%E4%BC%AF" n3="%E3%80%90%E8%92%BC%E7%90%89%E3%80%91" dan="16,17,17,16" rate="2128.83,2197.31,2103.01,2156.27" sx="F,M,F,F"/><TAIKYOKU oya="0"/><INIT seed="0,0,0,5,1,106" ten="250,250,250,250" oya="0" hai0="71,108,31,132,121,17,40,130,18,13,67,8,117" hai1="1,107,35,68,91,126,135,72,26,4,92,115,113" hai2="27,47,25,78,50,100,51,86,84,83,104,14,20" hai3="134,89,64,80,11,69,54,110,116,52,74,36,58"/><T39/><D121/><U16/><E68/><V2/><F2/><W105/><G116/><T125/><D117/><U6/><E107/><V123/><F123/><W77/><G105/><T62/><D125/><U124/><E135/><V61/><F104/><W5/><G36/><T97/><D130/><U46/><E46/><V128/><F100/><W112/><G112/><N who="1" m="43082" /><E1/><V30/><F61/><W118/><G118/><T96/><D132/><U82/><E35/><V122/><F128/><W79/><G134/><T60/><D108/><U24/><E24/><V111/><F111/><W103/><G103/><T19/><D31/><U28/><E28/><V7/><F27/><W37/><G37/><T45/><REACH who="0" step="1"/><D62/><REACH who="0" ten="240,250,250,250" step="2"/><U48/><E126/><V133/><F133/><W102/><G110/><T22/><D22/><N who="1" m="13639" /><E124/><V70/><F122/><W94/><G11/><T129/><D129/><U33/><E33/><V32/><F32/><W3/><G69/><T109/><D109/><U10/><E10/><N who="2" m="4447" /><F70/><W101/><G3/><T131/><D131/><U63/><E63/><V90/><F47/><W15/><G15/><T57/><D57/><U119/><E119/><V44/><F44/><W29/><G58/><T127/><D127/><U73/><E48/><V43/><F43/><W120/><G29/><T85/><D85/><N who="1" m="52335" /><E73/><V99/><F86/><W34/><G74/><T9/><D9/><U76/><AGARI ba="0,1" hai="4,6,72,76,82" m="52335,13639,43082" machi="76" ten="30,4000,0" yaku="11,1,52,1,54,1" doraHai="106" who="1" fromWho="1" sc="240,-20,250,50,250,-10,250,-10" /><INIT seed="1,0,0,4,5,133" ten="220,300,240,240" oya="1" hai0="3,18,95,69,7,93,111,113,75,14,76,23,40" hai1="36,97,46,87,12,109,74,92,125,103,24,17,34" hai2="49,122,84,110,51,83,101,16,99,135,0,121,88" hai3="73,81,112,104,120,47,91,4,90,5,38,118,108"/><U60/><E74/><V32/><F0/><W119/><G120/><T19/><D113/><U35/><E109/><V134/><F32/><W115/><G104/><T62/><D111/><U63/><E125/><V98/><F110/><W64/><G108/><T130/><D130/><U77/><E36/><V129/><F129/><W41/><G64/><T45/><D7/><N who="3" m="2633" /><G73/><T94/><D3/><U86/><E46/><V89/><F16/><W71/><G71/><T100/><D76/><U78/><E24/><V21/><F21/><W20/><G20/><T127/><D75/><U55/><E34/><V105/><F51/><W26/><G26/><T33/><D33/><U39/><E39/><V107/><F49/><W15/><G15/><T44/><D19/><U72/><E72/><V80/><F84/><N who="1" m="32297" /><E35/><V66/><F66/><W117/><G81/><T126/><D100/><AGARI ba="0,0" hai="80,83,88,89,98,99,100,101,105,107,121,122,134,135" machi="100" ten="25,12000,2" yaku="22,2,34,3,54,1" doraHai="133" who="2" fromWho="0" sc="220,-120,300,0,240,120,240,0" /><INIT seed="2,0,0,5,3,61" ten="100,300,360,240" oya="2" hai0="70,48,39,86,74,75,67,111,117,85,82,45,107" hai1="115,64,8,106,65,93,96,108,55,72,9,81,84" hai2="54,13,52,125,33,58,28,40,19,53,36,16,77" hai3="34,63,95,11,41,15,110,6,26,35,122,132,5"/><V127/><F77/><W100/><G122/><T113/><D111/><U2/><E115/><V12/><F58/><W112/><G110/><T123/><D113/><U66/><E2/><V20/><F28/><W3/><G112/><T126/><D123/><U131/><E108/><V59/><F33/><W102/><G41/><T80/><D126/><N who="2" m="48138" /><F40/><W89/><G132/><T68/><D39/><U43/><E131/><V29/><F36/><W105/><G105/><T37/><D107/><U50/><E43/><V73/><F73/><W94/><G63/><T134/><D37/><U91/><E72/><V17/><F59/><W103/><G26/><AGARI ba="0,0" hai="12,13,16,17,19,20,26,29,52,53,54" m="48138" machi="26" ten="40,7700,0" yaku="18,1,54,2" doraHai="61" who="2" fromWho="3" sc="100,0,300,0,360,77,240,-77" /><INIT seed="2,1,0,2,1,28" ten="100,300,437,163" oya="2" hai0="48,110,96,98,117,118,120,15,29,92,60,104,31" hai1="127,1,43,58,102,97,63,75,27,33,67,19,130" hai2="32,125,109,14,134,5,34,79,119,16,46,2,126" hai3="87,56,86,68,101,121,41,55,133,47,91,65,24"/><V40/><F119/><W89/><G121/><T73/><D120/><U26/><E1/><V38/><F134/><W72/><G72/><T22/><D110/><U84/><E75/><V82/><F109/><W108/><G108/><T8/><D73/><U76/><E127/><N who="2" m="48651" /><F5/><W128/><G128/><T10/><D104/><U115/><E130/><V13/><F2/><W42/><G101/><T7/><D118/><U62/><E115/><V11/><F14/><W64/><G68/><T4/><D117/><U85/><E43/><N who="3" m="16394" /><G47/><T0/><D0/><U9/><E76/><V116/><F116/><W90/><G24/><T52/><D60/><U93/><E63/><V77/><F77/><W18/><G18/><T71/><D22/><U100/><E100/><V59/><F59/><W53/><G133/><T50/><D71/><U129/><E129/><V69/><F69/><W45/><G45/><T111/><D111/><U88/><E102/><V57/><F57/><W54/><G56/><T37/><D15/><U20/><REACH who="1" step="1"/><E9/><REACH who="1" ten="100,290,437,163" step="2"/><V36/><F38/><W17/><G17/><T74/><D37/><U95/><E95/><V124/><F124/><W6/><G6/><T12/><D74/><AGARI ba="1,1" hai="11,13,16,32,34,36,40,46,74,79,82" m="48651" machi="74" ten="30,11600,0" yaku="18,1,52,2,54,1" doraHai="28" who="2" fromWho="0" sc="100,-119,290,0,437,129,163,0" owari="-19,-51.9,290,9.0,566,66.6,163,-23.7" /></mjloggm>