<mjloggm ver="2.3"><GO type="225" lobby="0"/><UN n0="%E3%82%8F%E3%81%8B%E3%81%B0%2A%E3%82%AC%E3%83%BC%E3%83%AB" n1="%E3%81%99%E3%81%84%E3%81%BE%E3%81%9B%E3%83%BC%E3%82%93" n2="%72%69%6F%75%63%68%61%6E" n3="%E7%B4%94%E6%BD%94%E3%83%94%E3%83%A9%E3%83%8B%E3%82%A2" dan="16,18,16,16" rate="2089.38,2201.41,2124.75,2161.14" sx="M,M,M,M"/><TAIKYOKU oya="0"/><INIT seed="0,0,0,4,3,107" ten="250,250,250,250" oya="0" hai0="97,53,6,59,56,41,65,83,86,60,62,2,23" hai1="93,64,105,45,21,34,61,91,1,84,117,48,4" hai2="90,103,25,106,38,37,39,32,19,126,16,24,88" hai3="112,127,70,0,11,95,30,67,3,115,74,129,76"/><T99/><D41/><U131/><E34/><V75/><F126/><W111/><G95/><T122/><D122/><U98/><E117/><V114/><F114/><W123/><G30/><T116/><D116/><U120/><E120/><V49/><F75/><W66/><G11/><T20/><D6/><U96/><E131/><V124/><F124/><W29/><G29/><T109/><D2/><U36/><E36/><V63/><F63/><W101/><G101/><T55/><D65/><U104/><E104/><V22/><F49/><W10/><G10/><T73/><D109/><U31/><E105/><V81/><F81/><W54/><G76/><T9/><D9/><U135/><E135/><V68/><F68/><W121/><G54/><T85/><D83/><U28/><E4/><V12/><F32/><W92/><G92/><T71/><D71/><U27/><E28/><V58/><F58/><W52/><G52/><T33/><D33/><U89/><E89/><V130/><F130/><W14/><G70/><T125/><D125/><U51/><E1/><V119/><F119/><W132/><G127/><T44/><D44/><U50/><REACH who="1" step="1"/><E45/><REACH who="1" ten="250,240,250,250" step="2"/><V94/><F106/><W18/><G129/><T7/><D7/><U17/><E17/><V43/><F19/><W128/><G128/><T87/><D87/><U134/><E134/><V78/><F90/><W5/><G132/><T102/><D102/><U110/><E110/><V113/><F103/><W82/><G111/><T57/><D57/><AGARI ba="0,1" hai="21,27,31,48,50,51,57,61,64,84,91,93,96,98" machi="57" ten="40,2600,0" yaku="1,1,8,1,53,0" doraHai="107" doraHaiUra="42" who="1" fromWho="0" sc="250,-26,240,36,250,0,250,0" /><INIT seed="1,0,0,1,4,10" ten="224,276,250,250" oya="1" hai0="6,0,19,58,49,13,44,5,4,110,71,98,118" hai1="128,41,1,46,8,29,66,95,106,100,70,75,34" hai2="108,123,135,56,79,62,40,91,32,124,88,65,21" hai3="42,131,72,84,9,59,81,132,114,120,39,68,18"/><U53/><E128/><V89/><F108/><W87/><G68/><T127/><D71/><U30/><E75/><V96/><F124/><W7/><G114/><T24/><D118/><U31/><E106/><V130/><F135/><W33/><G33/><T86/><D110/><U101/><E34/><V102/><F32/><W73/><G120/><T28/><D0/><U134/><E134/><V48/><F130/><W67/><G18/><T97/><D127/><U85/><E53/><V77/><F123/><W105/><G105/><T3/><D58/><U76/><E66/><V27/><F48/><W104/><G104/><T109/><D3/><U47/><E70/><V60/><F40/><W17/><G17/><T16/><D86/><U15/><E1/><V94/><REACH who="2" step="1"/><F62/><REACH who="2" ten="224,276,240,250" step="2"/><W133/><G42/><N who="0" m="24727" /><D109/><U64/><E41/><V111/><F111/><W50/><G50/><T2/><D2/><U121/><E121/><V74/><F74/><W119/><G72/><T113/><D113/><U83/><E47/><V45/><F45/><W129/><G73/><T93/><D93/><U11/><E95/><V61/><F61/><W69/><G129/><T103/><D103/><U26/><E101/><V22/><F22/><W38/><G131/><T115/><D115/><U116/><E100/><V125/><F125/><W107/><G107/><T92/><D92/><U51/><E46/><V80/><F80/><W52/><G132/><T37/><D37/><N who="3" m="13833" /><G133/><T14/><D98/><U126/><E126/><V122/><F122/><W90/><G81/><T12/><D97/><U57/><E83/><V117/><F117/><RYUUKYOKU ba="0,1" sc="224,15,276,-15,240,15,250,-15" hai0="4,5,6,12,13,14,16,19,24,28" hai2="21,27,56,60,65,77,79,88,89,91,94,96,102" /><INIT seed="2,1,1,4,5,89" ten="239,261,255,235" oya="2" hai0="105,33,6,134,12,77,103,104,5,38,131,54,86" hai1="2,49,68,76,64,80,72,112,114,99,55,129,90" hai2="87,97,34,126,125,117,58,118,121,47,78,69,17" hai3="85,92,113,53,19,42,26,36,50,4,66,119,11"/><V122/><F69/><W100/><G119/><N who="2" m="45577" /><F34/><W110/><G110/><T23/><D33/><U65/><E2/><V98/><F47/><W41/><G36/><T3/><D3/><U116/><E116/><V123/><F17/><W9/><G66/><T102/><D38/><U27/><E129/><V14/><F58/><W18/><G113/><T60/><D131/><U45/><E27/><V124/><F14/><N who="3" m="5415" /><G18/><N who="0" m="10695" /><D104/><U135/><E65/><V106/><F106/><W82/><G11/><T79/><D105/><U13/><E13/><V130/><F130/><W59/><G19/><T83/><D134/><U48/><E135/><V101/><F101/><N who="0" m="38410" /><D77/><U24/><E114/><V20/><F20/><W63/><G26/><T96/><D96/><U21/><E112/><V95/><F78/><N who="3" m="46295" /><G50/><T115/><D115/><U128/><E49/><V22/><F22/><W15/><G15/><T51/><D60/><U16/><E128/><V37/><F37/><W127/><G127/><T1/><D1/><U10/><E10/><V56/><F56/><AGARI ba="1,1" hai="5,6,51,54,56,79,83,86" m="38410,10695" machi="56" ten="30,1000,0" yaku="8,1" doraHai="89" who="0" fromWho="2" sc="239,23,261,0,255,-13,235,0" /><INIT seed="3,0,0,3,1,100" ten="262,261,242,235" oya="3" hai0="20,55,94,80,62,85,87,14,119,46,66,25,45" hai1="88,110,124,93,37,42,90,132,96,117,89,77,41" hai2="111,74,64,18,134,29,23,54,107,33,56,122,121" hai3="6,118,76,130,95,75,19,26,114,43,27,70,47"/><W73/><G114/><T86/><D119/><U123/><E123/><N who="2" m="47115" /><F74/><W1/><G118/><T5/><D80/><U79/><E117/><V133/><F111/><W71/><G95/><T101/><D5/><U0/><E0/><V69/><F29/><W82/><G73/><T97/><D14/><U24/><E110/><V39/><F39/><N who="3" m="22015" /><G130/><T21/><D55/><U84/><E132/><N who="2" m="50795" /><F33/><W49/><G49/><T15/><D15/><U8/><E37/><V125/><F125/><W126/><G126/><T65/><D21/><U10/><E124/><V60/><F107/><W102/><G102/><T4/><D4/><U83/><E24/><N who="3" m="9258" /><G19/><T72/><D72/><U128/><E128/><V135/><N who="2" m="50803" /><V36/><DORA hai="113" /><F36/><W108/><G108/><T22/><D22/><U7/><E7/><V59/><F54/><W109/><G109/><T12/><D12/><AGARI ba="0,0" hai="12,18,23,56,59,60,64,69" m="50803,47115" machi="12" ten="40,2600,0" yaku="13,1,20,1" doraHai="100,113" who="2" fromWho="0" sc="262,-26,261,0,242,26,235,0" /><INIT seed="4,0,0,1,5,122" ten="236,261,268,235" oya="0" hai0="100,60,76,92,104,84,16,131,58,19,14,115,2" hai1="91,30,125,33,90,130,4,44,102,134,34,80,89" hai2="0,36,72,70,50,28,96,78,1,37,75,6,53" hai3="106,86,113,88,109,47,40,22,107,101,71,123,129"/><T55/><D115/><U74/><E130/><V99/><F70/><W69/><G113/><T29/><D131/><U13/><E134/><V77/><F28/><W105/><G101/><T116/><D116/><U98/><E125/><V127/><F6/><W108/><G129/><T117/><D117/><U42/><E30/><V81/><F127/><W45/><G123/><T23/><D2/><N who="2" m="1130" /><F50/><W57/><G57/><T24/><D104/><U118/><E118/><V120/><F53/><W82/><G22/><T12/><D76/><N who="2" m="29290" /><F81/><W8/><G8/><T18/><REACH who="0" step="1"/><D84/><REACH who="0" ten="226,261,268,235" step="2"/><U20/><E74/><N who="2" m="28203" /><F120/><W133/><G133/><T63/><D63/><U121/><E121/><V95/><F95/><W3/><G3/><T132/><D132/><U25/><E80/><V38/><AGARI ba="0,1" hai="36,37,38,96,99" m="28203,29290,1130" machi="38" ten="40,8000,1" yaku="28,2,26,2" doraHai="122" who="2" fromWho="2" sc="226,-40,261,-20,268,90,235,-20" owari="186,-31.4,241,4.1,358,45.8,215,-18.5" /></mjloggm>