<mjloggm ver="2.3"><GO type="225" lobby="0"/><UN n0="%E5%8D%A0%E3%81%84%E5%B8%AB%E8%A3%8F%E3%81%AA%E3%81%84%E3%81%97" n1="%E6%98%93%E5%88%A9%E8%96%A9%E4%BC%AF" n2="%77%72%77%72%77%72%77%72" n3="%E3%82%BC%E3%83%AB%E3%83%80%E3%81%AE%E4%BC%9D%E8%AA%AC" dan="17,17,16,17" rate="2273.10,2154.03,2099.24,2130.38" sx="M,F,M,M"/><TAIKYOKU oya="0"/><INIT seed="0,0,0,3,2,121" ten="250,250,250,250" oya="0" hai0="124,18,53,135,86,57,55,118,92,127,103,23,15" hai1="13,66,69,84,0,64,40,60,70,6,120,110,80" hai2="3,10,65,122,28,105,108,90,4,26,67,12,73" hai3="102,51,104,89,47,76,134,48,59,37,31,85,16"/><T95/><D118/><U100/><E120/><V114/><F122/><W56/><G134/><T83/><D135/><U116/><E116/><V126/><F114/><W72/><G31/><T99/><D95/><U9/><E100/><V75/><F105/><W71/><G71/><T82/><D83/><U87/><E40/><V123/><F123/><W97/><G37/><T49/><REACH who="0" step="1"/><D53/><REACH who="0" ten="240,250,250,250" step="2"/><U58/><E80/><V46/><F126/><W107/><G107/><T45/><D45/><U27/><E66/><V94/><F46/><W50/><G47/><T132/><D132/><U14/><E64/><V112/><F65/><W77/><G72/><T79/><AGARI ba="0,1" hai="15,18,23,49,55,57,79,82,86,92,99,103,124,127" machi="79" ten="30,6000,0" yaku="1,1,0,1,53,1" doraHai="121" doraHaiUra="88" who="0" fromWho="0" sc="240,70,250,-20,250,-20,250,-20" /><INIT seed="0,1,0,4,4,107" ten="310,230,230,230" oya="0" hai0="31,41,0,5,91,17,112,27,23,57,10,54,104" hai1="132,66,99,50,64,19,129,134,15,32,51,95,53" hai2="120,105,98,78,58,46,39,103,83,74,13,24,47" hai3="114,16,86,109,62,40,101,36,11,70,68,22,34"/><T133/><D112/><U76/><E32/><V49/><F120/><W37/><G34/><T35/><D133/><N who="1" m="51307" /><E76/><V61/><F39/><W92/><G114/><T110/><D110/><U44/><E51/><V21/><F13/><W69/><G109/><T55/><D104/><U72/><E72/><V118/><F118/><W42/><G11/><T28/><D28/><U12/><E12/><V89/><F49/><W38/><G62/><T77/><D41/><U125/><E125/><V56/><F89/><W75/><G75/><T106/><D106/><U81/><E81/><V25/><F56/><W73/><G73/><T97/><D77/><U63/><E63/><V85/><F85/><W94/><G86/><T45/><D45/><U3/><E3/><V131/><F131/><W102/><G22/><T1/><D57/><U71/><E71/><V90/><F90/><W124/><G16/><T100/><D0/><U108/><E108/><V84/><F84/><W26/><G26/><T123/><D123/><U29/><E29/><V43/><F43/><N who="3" m="16427" /><G124/><T14/><D100/><AGARI ba="1,0" hai="36,37,38,68,69,70,92,94,100,101,102" m="16427" machi="100" ten="40,2600,0" yaku="28,2" doraHai="107" who="3" fromWho="0" sc="310,-29,230,0,230,0,230,29" /><INIT seed="1,0,0,2,3,21" ten="281,230,230,259" oya="1" hai0="82,108,52,8,66,11,69,105,24,86,46,102,63" hai1="17,107,131,118,134,9,76,64,31,60,1,109,133" hai2="85,99,25,74,93,59,100,120,28,2,124,115,16" hai3="126,61,19,38,35,88,51,68,53,29,121,23,111"/><U67/><E118/><V117/><F120/><W10/><G121/><T71/><D108/><U58/><E107/><V0/><F117/><W135/><G38/><T94/><D71/><U92/><E131/><V49/><F74/><W132/><G111/><T5/><D105/><U27/><E76/><V4/><F124/><W125/><G10/><T22/><D94/><U95/><E67/><V14/><F115/><W40/><G29/><T20/><D22/><U45/><E45/><V106/><F4/><W37/><G35/><T73/><D102/><U7/><E17/><V130/><F130/><W112/><G112/><T89/><D73/><U116/><E116/><V3/><F49/><W47/><G88/><T129/><D129/><U65/><E65/><V101/><F59/><N who="3" m="33215" /><G23/><T91/><D91/><U122/><E122/><V113/><F113/><W36/><G19/><T41/><D52/><U78/><E78/><V43/><F43/><W48/><G48/><T42/><D8/><U79/><E79/><V12/><F16/><W50/><G50/><T110/><D110/><U70/><E70/><V18/><F18/><W123/><G37/><T104/><D104/><U39/><E39/><V103/><F85/><W55/><G123/><T98/><D98/><U114/><E114/><V127/><F127/><N who="3" m="48651" /><G55/><T83/><D83/><U32/><REACH who="1" step="1"/><E109/><REACH who="1" ten="281,220,230,259" step="2"/><V75/><F106/><W15/><G15/><N who="2" m="5673" /><F75/><W128/><G128/><T34/><D46/><U77/><E77/><V96/><F0/><W80/><G80/><T56/><D82/><U6/><E6/><V54/><F2/><W44/><G44/><RYUUKYOKU ba="0,1" sc="281,-15,220,15,230,-15,259,15" hai1="1,7,9,27,31,32,58,60,64,92,95,133,134" hai3="36,40,47,61,68,132,135" /><INIT seed="1,1,1,4,4,99" ten="266,235,215,274" oya="1" hai0="64,17,39,95,97,16,111,96,89,102,132,78,6" hai1="63,1,73,130,52,98,8,58,45,34,94,106,81" hai2="101,36,44,121,38,56,10,13,76,68,55,120,25" hai3="12,118,80,67,47,29,69,71,125,117,28,79,75"/><U40/><E130/><V91/><F76/><W37/><G125/><T112/><D112/><U18/><E34/><V109/><F68/><N who="3" m="26187" /><G67/><T43/><D111/><U48/><E106/><V27/><F109/><W4/><G4/><T134/><D64/><U105/><E105/><V110/><F110/><W20/><G12/><T62/><D62/><U88/><E18/><V46/><F121/><W3/><G20/><T70/><D70/><U74/><REACH who="1" step="1"/><E81/><REACH who="1" ten="266,225,215,274" step="2"/><V31/><F120/><W92/><G80/><T127/><D17/><U53/><E53/><V60/><F55/><W103/><G28/><T41/><D16/><U90/><E90/><V15/><F91/><W123/><G29/><T135/><D127/><U9/><E9/><V77/><F10/><W104/><G104/><N who="0" m="63559" /><D6/><AGARI ba="1,2" hai="1,6,8,40,45,48,52,58,63,73,74,88,94,98" machi="6" ten="40,7700,0" yaku="1,1,54,2,53,0" doraHai="99" doraHaiUra="21" who="1" fromWho="0" sc="266,-80,225,100,215,0,274,0" /><INIT seed="1,2,0,3,4,40" ten="186,325,215,274" oya="1" hai0="98,103,91,56,38,41,45,27,64,58,39,25,34" hai1="1,73,62,54,110,135,121,67,72,126,115,96,59" hai2="79,32,109,5,114,80,51,15,122,24,28,13,97" hai3="131,49,117,23,47,2,134,125,78,93,130,128,95"/><U124/><E1/><V33/><F122/><W11/><G125/><N who="1" m="48234" /><E115/><V21/><F114/><W16/><G134/><T108/><D108/><U71/><E121/><V22/><F109/><W68/><G68/><T30/><D38/><U129/><E110/><V17/><F97/><W100/><G117/><T132/><D132/><U89/><E129/><V127/><F127/><W19/><G78/><T9/><D9/><U85/><E96/><V53/><F13/><N who="3" m="7231" /><G100/><T60/><D25/><U75/><E135/><V107/><F5/><W31/><G31/><T84/><D84/><U55/><E71/><V52/><F53/><N who="3" m="29887" /><G2/><T43/><D43/><U63/><E63/><V133/><F107/><W105/><G105/><N who="0" m="63735" /><D91/><U7/><E7/><V86/><REACH who="2" step="1"/><F133/><REACH who="2" ten="186,325,205,274" step="2"/><W57/><G57/><AGARI ba="2,1" hai="15,17,21,22,24,28,32,33,51,52,57,79,80,86" machi="57" ten="30,8000,1" yaku="1,1,2,1,7,1,54,1,53,1" doraHai="40" doraHaiUra="48" who="2" fromWho="3" sc="186,0,325,0,205,96,274,-86" /><INIT seed="2,0,0,4,4,40" ten="186,325,301,188" oya="2" hai0="99,59,54,2,64,60,69,13,70,108,32,83,73" hai1="17,123,133,102,23,1,111,91,24,49,6,47,85" hai2="86,3,36,38,39,65,114,119,100,57,79,109,52" hai3="68,53,11,55,10,45,92,30,88,35,89,51,93"/><V120/><F114/><W112/><G68/><T98/><D108/><U134/><E111/><V90/><F109/><W28/><G112/><T75/><D2/><U71/><E71/><V31/><F119/><W27/><G30/><T77/><D70/><U129/><E129/><V72/><F120/><W107/><G107/><T50/><D32/><U135/><E102/><V125/><F125/><W16/><G55/><T14/><D75/><U8/><E123/><V25/><F3/><W132/><G132/><T46/><D13/><U121/><E121/><V63/><F100/><W78/><G78/><T48/><REACH who="0" step="1"/><D14/><REACH who="0" ten="176,325,301,188" step="2"/><U15/><E1/><V116/><F72/><W113/><G113/><T94/><D94/><N who="3" m="36457" /><G35/><T12/><D12/><U33/><E33/><V37/><F116/><W5/><G28/><T127/><D127/><U126/><E126/><V130/><F31/><W96/><G96/><T122/><D122/><U103/><E134/><V26/><F130/><W106/><G106/><T104/><D104/><U84/><E133/><V95/><F95/><W58/><G58/><T81/><D81/><U20/><E135/><V9/><F57/><W101/><G101/><T124/><D124/><U0/><E103/><V61/><F9/><N who="3" m="3083" /><G5/><T67/><D67/><U110/><E6/><V76/><F65/><W42/><G53/><AGARI ba="0,1" hai="46,48,50,53,54,59,60,64,69,73,77,83,98,99" machi="53" ten="30,3900,0" yaku="1,1,7,1,52,1,53,0" doraHai="40" doraHaiUra="87" who="0" fromWho="3" sc="176,49,325,0,301,0,188,-39" /><INIT seed="3,0,0,4,2,93" ten="225,325,301,149" oya="3" hai0="120,82,20,75,30,22,55,56,9,27,83,126,59" hai1="8,99,130,87,84,129,117,19,95,106,67,39,123" hai2="43,116,132,111,0,40,131,103,10,33,94,1,25" hai3="64,81,57,76,73,17,50,105,47,90,60,48,89"/><W5/><G105/><T62/><D120/><U112/><E112/><V61/><F116/><W114/><G114/><T74/><D126/><U66/><E39/><V44/><F111/><W119/><G119/><T122/><D122/><U92/><E106/><V96/><F131/><N who="1" m="50185" /><E92/><V14/><F132/><W125/><G125/><T86/><D9/><U127/><E127/><V6/><F61/><W109/><G109/><T133/><D133/><U107/><E107/><V7/><F7/><W15/><G5/><T110/><D110/><U97/><E97/><V52/><F52/><W29/><G29/><T58/><D75/><U104/><E104/><V13/><F13/><W78/><G78/><T32/><D74/><U46/><E46/><V128/><F128/><W101/><G101/><T3/><D3/><U31/><E31/><V85/><F85/><N who="1" m="32841" /><E123/><V54/><F54/><W63/><G63/><T79/><D83/><U26/><E26/><V2/><F44/><W12/><G12/><T88/><D79/><U68/><E68/><V100/><F100/><W102/><G102/><T113/><D113/><U71/><E71/><V77/><F77/><W4/><G4/><T121/><D121/><U80/><E80/><V18/><F33/><W49/><REACH who="3" step="1"/><G47/><REACH who="3" ten="225,325,301,139" step="2"/><T108/><D108/><U98/><E117/><V124/><F124/><W28/><G28/><N who="0" m="17511" /><D32/><U118/><E118/><V91/><F103/><W135/><G135/><T11/><D30/><U115/><E115/><V16/><F25/><W23/><AGARI ba="0,1" hai="15,17,23,48,49,50,57,60,64,73,76,81,89,90" machi="23" ten="30,3000,0" yaku="1,1,0,1,53,0" doraHai="93" doraHaiUra="70" who="3" fromWho="3" sc="225,-10,325,-10,301,-10,139,40" /><INIT seed="3,1,0,2,0,123" ten="215,315,291,179" oya="3" hai0="101,24,110,88,94,96,56,5,20,10,63,100,126" hai1="133,118,42,45,102,106,122,104,52,19,11,58,135" hai2="83,127,32,128,17,68,14,86,71,44,61,87,80" hai3="75,54,12,48,130,125,8,107,131,7,49,112,108"/><W70/><G112/><T40/><D110/><U69/><E69/><V116/><F116/><W79/><G125/><T4/><D40/><U73/><E73/><V47/><F32/><W74/><G70/><T2/><D4/><U91/><E91/><V9/><F128/><N who="3" m="49195" /><G107/><T55/><REACH who="0" step="1"/><D126/><REACH who="0" ten="205,315,291,179" step="2"/><U34/><E42/><V6/><F127/><W18/><G108/><T3/><D3/><U1/><E1/><V59/><F6/><W38/><G38/><T66/><D66/><U64/><E64/><N who="2" m="38975" /><F68/><W31/><G31/><AGARI ba="1,1" hai="2,5,10,20,24,31,55,56,63,88,94,96,100,101" machi="31" ten="30,3900,0" yaku="1,1,7,1,54,1,53,0" doraHai="123" doraHaiUra="121" who="0" fromWho="3" sc="205,52,315,0,291,0,179,-42" owari="257,-14.3,315,41.5,291,9.1,137,-36.3" /></mjloggm>