<mjloggm ver="2.3"><GO type="225" lobby="0"/><UN n0="%E3%83%A9%E3%82%A4%E3%83%B3%E3%81%AE%E8%99%8E" n1="%E7%87%90%2E%2E" n2="%E5%8D%A0%E3%81%84%E5%B8%AB%E8%A3%8F%E3%81%AA%E3%81%84%E3%81%97" n3="%4B%2E%32%2E%4B%2E" dan="16,16,17,17" rate="2132.85,2140.55,2161.76,2168.57" sx="M,M,M,M"/><TAIKYOKU oya="0"/><INIT seed="0,0,0,5,1,24" ten="250,250,250,250" oya="0" hai0="58,74,131,94,15,6,121,96,46,22,50,16,97" hai1="62,87,40,42,85,73,37,67,112,32,41,98,93" hai2="101,132,117,124,79,61,59,127,118,53,123,10,4" hai3="28,81,9,51,63,115,89,113,5,100,26,84,14"/><T129/><D121/><U71/><E73/><V38/><F123/><W111/><G111/><T19/><D74/><U103/><E112/><V91/><F38/><W122/><G122/><T72/><D72/><U114/><E114/><V39/><F39/><W105/><G51/><T119/><D119/><N who="2" m="45578" /><F79/><W45/><G45/><T69/><D69/><U33/><E37/><V77/><F77/><W133/><G133/><T70/><D70/><U23/><E23/><V8/><F101/><W102/><G63/><T78/><D78/><U104/><REACH who="1" step="1"/><E93/><REACH who="1" ten="250,240,250,250" step="2"/><V7/><F132/><W48/><G113/><T17/><D22/><U135/><E135/><V34/><F34/><AGARI ba="0,1" hai="32,33,34,40,41,42,62,67,71,85,87,98,103,104" machi="34" ten="40,1300,0" yaku="1,1,53,0" doraHai="24" doraHaiUra="54" who="1" fromWho="2" sc="250,0,240,23,250,-13,250,0" /><INIT seed="1,0,0,5,5,99" ten="250,263,237,250" oya="1" hai0="106,24,78,1,15,69,64,21,9,11,82,40,50" hai1="83,7,22,126,23,56,29,45,3,100,110,93,6" hai2="98,12,67,58,85,131,43,39,133,46,8,32,42" hai3="63,13,89,54,60,132,128,20,129,77,80,74,123"/><U86/><E126/><V97/><F32/><W44/><G123/><T135/><D135/><U27/><E110/><V41/><F133/><W68/><G132/><T48/><D106/><U14/><E3/><V107/><F131/><N who="3" m="50251" /><G68/><T38/><D64/><U108/><E108/><V88/><F39/><W33/><G33/><T49/><D69/><U70/><E70/><V35/><F35/><W71/><G71/><T72/><D1/><U2/><E2/><V95/><F46/><W76/><G89/><T87/><D72/><U109/><E109/><V124/><F124/><W66/><G66/><T121/><D121/><U53/><E45/><V122/><F107/><W18/><G77/><T61/><D61/><U31/><E14/><V73/><F73/><W26/><G26/><T81/><D81/><U112/><E112/><V0/><F0/><W120/><G120/><T62/><D62/><U47/><E47/><V96/><F122/><W111/><G111/><T119/><D119/><U118/><E118/><V92/><F58/><W5/><G5/><T10/><D38/><U94/><E7/><N who="2" m="3103" /><F67/><W102/><G102/><AGARI ba="0,0" hai="41,42,43,85,88,92,95,96,97,98,102" m="3103" machi="102" ten="30,3900,0" yaku="8,1,52,1,54,1" doraHai="99" who="2" fromWho="3" sc="250,0,263,0,237,39,250,-39" /><INIT seed="2,0,0,0,4,85" ten="250,263,276,211" oya="2" hai0="100,80,61,12,22,15,91,50,77,24,52,72,94" hai1="84,44,134,135,7,132,82,102,26,130,33,41,114" hai2="67,36,57,123,11,60,78,27,109,30,73,0,126" hai3="75,112,31,13,21,115,70,56,88,128,99,68,127"/><V83/><F123/><W35/><G75/><T108/><D108/><U97/><E114/><N who="3" m="43562" /><G35/><T42/><D42/><U59/><E7/><V96/><F109/><W62/><G128/><T16/><D100/><U38/><E130/><V19/><F126/><W79/><G79/><T29/><D29/><U47/><E47/><V9/><F36/><W98/><G98/><N who="0" m="57695" /><D50/><U14/><E14/><V107/><F19/><N who="3" m="10479" /><G31/><T74/><D74/><U48/><E26/><V54/><F0/><W45/><G45/><T122/><D122/><U34/><E59/><AGARI ba="0,0" hai="12,15,16,22,24,52,59,61,72,77,80" m="57695" machi="59" ten="30,7700,0" yaku="25,1,52,1,54,2" doraHai="85" who="0" fromWho="1" sc="250,77,263,-77,276,0,211,0" /><INIT seed="3,0,0,5,1,86" ten="327,186,276,211" oya="3" hai0="126,17,50,134,23,13,92,135,89,84,44,7,62" hai1="101,36,98,88,28,94,102,54,11,43,10,69,70" hai2="132,37,72,33,55,35,71,83,130,107,90,80,95" hai3="111,21,117,106,31,6,20,66,29,26,76,18,103"/><W42/><G117/><T67/><D7/><U4/><E69/><V59/><F71/><W53/><G111/><T97/><D126/><U14/><E70/><V122/><F107/><W74/><G66/><T19/><D19/><U34/><E34/><V45/><F132/><N who="0" m="50730" /><D62/><U131/><E28/><V119/><F130/><W113/><G42/><N who="0" m="24855" /><D67/><U60/><E131/><V65/><F72/><W68/><G68/><T3/><D84/><U75/><E75/><V85/><F65/><W79/><G113/><T99/><D99/><U123/><E123/><V63/><F119/><W0/><G103/><N who="1" m="39434" /><E36/><V87/><F122/><W16/><G106/><T48/><D48/><U12/><E43/><V109/><F95/><W30/><G74/><T114/><D114/><U78/><E78/><V104/><F104/><W1/><G53/><T61/><D61/><U124/><E124/><V32/><F109/><W118/><G118/><T91/><D3/><U46/><E60/><V133/><F133/><W41/><G41/><T93/><D93/><U81/><E81/><V121/><F121/><W108/><G108/><T27/><D27/><U116/><E116/><V22/><F37/><W57/><G57/><T15/><D15/><N who="1" m="5675" /><E4/><V58/><F63/><W120/><G120/><T100/><AGARI ba="0,0" hai="13,17,23,89,91,92,97,100" m="24855,50730" machi="100" ten="30,4000,0" yaku="20,1,52,2" doraHai="86" who="0" fromWho="0" sc="327,40,186,-10,276,-10,211,-20" owari="367,46.7,176,-32.4,266,6.6,191,-20.9" /></mjloggm>