<mjloggm ver="2.3"><GO type="225" lobby="0"/><UN n0="%77%72%77%72%77%72%77%72" n1="%E7%9A%AE%E3%80%85" n2="%E6%A1%9C%E6%B2%A2%E5%A2%A8" n3="%6B%75%72%69%73%75" dan="17,16,17,16" rate="2192.76,2165.02,2136.77,2039.10" sx="M,M,F,F"/><TAIKYOKU oya="0"/><INIT seed="0,0,0,4,2,54" ten="250,250,250,250" oya="0" hai0="123,33,74,111,128,108,19,72,109,99,88,44,25" hai1="22,130,49,5,2,81,36,37,131,55,26,8,11" hai2="52,31,58,32,66,110,132,94,70,53,27,47,101" hai3="126,35,103,118,10,14,17,9,119,102,30,121,98"/><T40/><D123/><U120/><E120/><V56/><F110/><W24/><G121/><T4/><D128/><N who="1" m="49195" /><E81/><V29/><F132/><W77/><G77/><T13/><D4/><U124/><E11/><V60/><F31/><W129/><G103/><T127/><D127/><U48/><E48/><V64/><F47/><W59/><G126/><T96/><D25/><U85/><E85/><V0/><F0/><W107/><G129/><T125/><D33/><U93/><E93/><V51/><REACH who="2" step="1"/><F70/><REACH who="2" ten="250,250,240,250" step="2"/><W43/><G43/><T100/><D125/><U6/><E124/><V12/><F12/><W3/><G3/><T135/><D135/><U67/><E2/><V82/><F82/><W79/><G79/><T83/><D44/><U80/><E80/><V28/><F28/><W92/><G24/><T122/><D122/><U73/><E26/><V50/><F50/><W45/><G45/><T38/><D38/><U41/><E49/><V16/><F16/><W104/><G30/><T69/><D69/><U46/><E46/><V65/><F65/><W78/><G78/><T1/><D1/><U133/><E67/><V57/><F57/><W105/><G59/><T34/><D40/><U117/><E41/><V68/><F68/><W61/><G35/><T7/><D34/><U115/><E37/><V86/><F86/><W21/><G61/><T84/><D7/><U71/><E5/><V90/><F90/><W63/><G63/><T75/><D100/><U134/><E6/><V95/><F95/><W97/><G98/><AGARI ba="0,1" hai="27,29,32,51,52,53,56,58,60,64,66,94,98,101" machi="98" ten="40,8000,1" yaku="1,1,52,2,54,1,53,0" doraHai="54" doraHaiUra="114" who="2" fromWho="3" sc="250,0,250,0,240,90,250,-80" /><INIT seed="1,0,0,2,3,132" ten="250,250,330,170" oya="1" hai0="97,103,23,51,70,107,9,134,5,32,85,42,87" hai1="29,55,102,45,130,10,111,73,27,31,127,4,89" hai2="78,99,128,39,96,66,117,113,17,83,43,1,123" hai3="59,44,60,25,49,135,46,133,114,100,30,77,15"/><U71/><E71/><V8/><F117/><W41/><G114/><T64/><D32/><U110/><E73/><N who="2" m="43471" /><F123/><W61/><G77/><T80/><D134/><U105/><E130/><V104/><F104/><W0/><G0/><T34/><D34/><U94/><E102/><V3/><F3/><W125/><G100/><T14/><D23/><U54/><E105/><V76/><F76/><W119/><G15/><T93/><D107/><U79/><E79/><V52/><F66/><W101/><G101/><T12/><D12/><N who="1" m="5191" /><E127/><V112/><F128/><W116/><G25/><T20/><D20/><N who="1" m="15591" /><E31/><V62/><F17/><W90/><G90/><T19/><D5/><U24/><E45/><N who="2" m="23807" /><F113/><W53/><G30/><T33/><D64/><U28/><E24/><V121/><F121/><W48/><G61/><T84/><D70/><U122/><E28/><V72/><F72/><W88/><G88/><N who="0" m="51207" /><D33/><U47/><E122/><V13/><F13/><W21/><G21/><T37/><D37/><U2/><E2/><V16/><F16/><W118/><REACH who="3" step="1"/><G125/><REACH who="3" ten="250,250,330,160" step="2"/><T109/><D14/><U106/><E106/><V65/><F112/><W56/><G56/><T6/><D9/><U50/><E89/><V98/><F1/><W67/><AGARI ba="0,1" hai="41,44,46,48,49,53,59,60,67,116,118,119,133,135" machi="67" ten="40,12000,2" yaku="1,1,0,1,12,1,34,3,53,0" doraHai="132" doraHaiUra="82" who="3" fromWho="3" sc="250,-30,250,-60,330,-30,160,130" /><INIT seed="2,0,0,0,3,59" ten="220,190,300,290" oya="2" hai0="31,83,89,20,127,5,53,86,67,40,60,135,118" hai1="94,65,116,43,64,80,10,87,73,17,132,101,48" hai2="25,95,98,70,133,46,108,7,19,63,82,1,47" hai3="68,15,27,21,33,41,44,14,129,92,38,23,8"/><V88/><F133/><W0/><G68/><T54/><D135/><U74/><E132/><V105/><F105/><W84/><G129/><T96/><D127/><U9/><E116/><V11/><F108/><W106/><G106/><T13/><D118/><U4/><E17/><V79/><F19/><W128/><G128/><T112/><D112/><U100/><E74/><V122/><F25/><W32/><G0/><T104/><D40/><U125/><E73/><V120/><F47/><W42/><G42/><T111/><D111/><U3/><E125/><V39/><F46/><W22/><G27/><T126/><D126/><U123/><E123/><V28/><F28/><W124/><G15/><T37/><D37/><U121/><E121/><V45/><F45/><W71/><G71/><T49/><D5/><U109/><E109/><V75/><REACH who="2" step="1"/><F39/><REACH who="2" ten="220,190,290,290" step="2"/><W76/><G124/><T99/><D104/><U72/><E4/><V115/><F115/><W134/><G134/><T131/><D131/><U50/><E43/><V55/><F55/><W85/><G44/><N who="0" m="27815" /><D54/><U77/><E64/><AGARI ba="0,1" hai="1,7,11,63,64,70,75,79,82,88,95,98,120,122" machi="64" ten="40,7700,0" yaku="1,1,52,1,54,1,53,0" doraHai="59" doraHaiUra="81" who="2" fromWho="1" sc="220,0,190,-77,290,87,290,0" /><INIT seed="2,1,0,3,1,64" ten="220,113,377,290" oya="2" hai0="69,83,40,87,104,36,114,54,42,65,93,11,8" hai1="61,82,110,35,9,98,107,62,28,33,132,126,2" hai2="66,5,102,63,123,43,92,113,81,45,130,39,47" hai3="90,89,37,127,58,51,118,52,133,13,96,20,108"/><V7/><F113/><W0/><G0/><T117/><D104/><U38/><E38/><V10/><F123/><W49/><G37/><T3/><D114/><U129/><E110/><V91/><F130/><W128/><G118/><T109/><D109/><U106/><E129/><V24/><F47/><W57/><G108/><T88/><D117/><U121/><E121/><V94/><F24/><W6/><G133/><T78/><D3/><U16/><E132/><V19/><F19/><N who="3" m="10351" /><G127/><T73/><D54/><U55/><E126/><V27/><F27/><W56/><G6/><T75/><D75/><U59/><E62/><V80/><F102/><W99/><G49/><T31/><D31/><U85/><E2/><V26/><F26/><W79/><G79/><T97/><D73/><U41/><E41/><V74/><F5/><W30/><G30/><T122/><D122/><U1/><E1/><V14/><F74/><W105/><G105/><T68/><D40/><U18/><E28/><V135/><F135/><W72/><G72/><T29/><D29/><U76/><E18/><V17/><F17/><W4/><G4/><T34/><D34/><U48/><E48/><V86/><REACH who="2" step="1"/><F81/><REACH who="2" ten="220,113,367,290" step="2"/><W23/><G128/><T100/><D100/><U112/><E112/><V103/><F103/><W67/><G23/><T95/><D83/><U120/><E120/><V25/><F25/><W101/><G101/><T15/><D8/><U111/><E111/><V46/><F46/><N who="3" m="27767" /><G67/><T77/><D11/><U124/><E124/><V70/><AGARI ba="1,1" hai="7,10,14,39,43,45,63,66,70,80,86,91,92,94" machi="70" ten="20,7800,0" yaku="1,1,0,1,7,1,52,1,53,0" doraHai="64" doraHaiUra="119" who="2" fromWho="2" sc="220,-27,113,-27,367,91,290,-27" /><INIT seed="2,2,0,2,3,10" ten="193,86,458,263" oya="2" hai0="11,28,129,64,92,109,7,0,71,123,87,101,63" hai1="44,96,4,70,90,15,73,115,110,60,42,74,81" hai2="94,80,77,128,17,78,100,117,82,66,104,112,27" hai3="134,55,107,58,84,54,97,127,38,79,2,69,67"/><V33/><F112/><W61/><G2/><T29/><D123/><U75/><E115/><V85/><F117/><W21/><G38/><T45/><D109/><U125/><E110/><V119/><F119/><W111/><G111/><T41/><D129/><U18/><E125/><V12/><F128/><W25/><G127/><T3/><D3/><U65/><E4/><V49/><F104/><W14/><G134/><T32/><D32/><U121/><E121/><V105/><F105/><W36/><G36/><T26/><D26/><U23/><E96/><V53/><F66/><W86/><G79/><T30/><D101/><U24/><E90/><V20/><F33/><W99/><G69/><T133/><D133/><U47/><E47/><V83/><F27/><W103/><G25/><T19/><D19/><U76/><REACH who="1" step="1"/><E24/><REACH who="1" ten="193,76,458,263" step="2"/><V34/><F100/><W113/><G113/><T106/><D7/><U102/><E102/><V98/><F98/><N who="3" m="37387" /><G107/><T89/><D106/><U6/><E6/><V37/><F37/><AGARI ba="2,1" hai="15,18,23,37,42,44,60,65,70,73,74,75,76,81" machi="37" ten="30,3900,0" yaku="1,1,7,1,52,1,53,0" doraHai="10" doraHaiUra="118" who="1" fromWho="2" sc="193,0,76,55,458,-45,263,0" /><INIT seed="3,0,0,0,2,85" ten="193,131,413,263" oya="3" hai0="25,42,54,15,68,89,81,38,129,100,40,126,22" hai1="74,52,18,94,70,32,77,13,8,80,45,34,78" hai2="117,3,58,103,51,4,12,108,57,123,90,109,116" hai3="106,73,39,21,131,102,56,111,104,135,5,132,29"/><W41/><G73/><T28/><D68/><U46/><E70/><V19/><F123/><W55/><G5/><T107/><D129/><U20/><E78/><V121/><F121/><W101/><G131/><T79/><D126/><U124/><E124/><V31/><F31/><W115/><G115/><T110/><D110/><N who="2" m="42602" /><F103/><W17/><G29/><T7/><D38/><U27/><E46/><V122/><F122/><W30/><G30/><T133/><D133/><N who="3" m="51273" /><G41/><T37/><D37/><U23/><E23/><V112/><F112/><W2/><G2/><T62/><D100/><U84/><E45/><V120/><F120/><W125/><G39/><T64/><D107/><N who="3" m="41001" /><G111/><T66/><D79/><U11/><E11/><N who="2" m="2463" /><F51/><N who="3" m="30847" /><G125/><T0/><D0/><U118/><E118/><N who="2" m="45675" /><F90/><W87/><G87/><N who="0" m="50415" /><D40/><U36/><E36/><V60/><F60/><W35/><G35/><T24/><D42/><U1/><E1/><V96/><F96/><W128/><G128/><T98/><D62/><U16/><REACH who="1" step="1"/><E52/><REACH who="1" ten="193,121,413,263" step="2"/><V127/><F127/><W9/><G9/><AGARI ba="0,1" hai="9,12,19,57,58" m="45675,2463,42602" machi="9" ten="30,1000,0" yaku="14,1" doraHai="85" who="2" fromWho="3" sc="193,0,121,0,413,20,263,-10" owari="193,-20.7,121,-37.9,433,53.3,253,5.3" /></mjloggm>