<mjloggm ver="2.3"><GO type="225" lobby="0"/><UN n0="%E5%91%A8%E6%9D%B1" n1="%70%68%65%6E%6F%6D%65" n2="%E5%A4%8F%E9%88%B4%E9%88%B4%E5%A4%8F" n3="%E6%A1%9C%E8%8A%B1%E9%96%83%E3%80%85" dan="17,16,16,16" rate="2251.87,2146.43,2051.30,2150.23" sx="M,M,F,M"/><TAIKYOKU oya="0"/><INIT seed="0,0,0,3,0,41" ten="250,250,250,250" oya="0" hai0="38,73,33,76,133,32,122,18,17,31,29,26,21" hai1="123,0,127,124,99,19,27,82,65,134,94,129,44" hai2="57,24,13,83,105,75,7,111,15,63,78,4,107" hai3="86,126,69,45,5,80,56,109,66,117,93,112,61"/><T36/><D122/><U22/><E123/><V92/><F111/><W58/><G112/><T59/><D133/><U49/><E134/><V87/><F24/><W28/><G117/><T30/><D73/><U10/><E129/><V121/><F121/><W135/><G135/><T62/><D76/><U130/><E130/><V11/><F4/><W37/><G109/><T104/><D104/><U125/><E65/><V34/><F34/><W70/><G28/><T8/><D36/><U25/><E82/><V106/><F92/><W39/><G5/><T67/><REACH who="0" step="1"/><D38/><REACH who="0" ten="240,250,250,250" step="2"/><U110/><E110/><V1/><REACH who="2" step="1"/><F75/><REACH who="2" ten="240,250,240,250" step="2"/><W84/><G126/><T14/><AGARI ba="0,2" hai="8,14,17,18,21,26,29,30,31,32,33,59,62,67" machi="14" ten="30,6000,0" yaku="1,1,2,1,0,1,53,0" doraHai="41" doraHaiUra="74" who="0" fromWho="0" sc="240,80,250,-20,240,-20,250,-20" /><INIT seed="0,1,0,1,1,98" ten="320,230,220,230" oya="0" hai0="93,24,84,77,132,13,30,69,67,102,71,120,108" hai1="107,80,131,73,2,58,96,105,1,129,78,115,117" hai2="20,123,118,50,45,90,127,19,133,110,124,25,29" hai3="114,104,23,10,56,52,95,36,81,119,9,103,59"/><T111/><D120/><U66/><E117/><V6/><F123/><W40/><G119/><T43/><D43/><U35/><E35/><V44/><F118/><W135/><G114/><T130/><D130/><N who="1" m="49675" /><E115/><V88/><F110/><N who="0" m="42026" /><D67/><U76/><E78/><V91/><F133/><W11/><G104/><N who="1" m="40010" /><E96/><V28/><F6/><W134/><G81/><N who="0" m="47151" /><D13/><U42/><E42/><V72/><F72/><W21/><G40/><T47/><D47/><N who="2" m="17994" /><F50/><N who="3" m="30743" /><G36/><T113/><D132/><N who="3" m="50729" /><G59/><T63/><D63/><AGARI ba="1,0" hai="1,2,58,63,66,73,76,80" m="40010,49675" machi="63" ten="30,1000,0" yaku="19,1" doraHai="98" who="1" fromWho="0" sc="320,-13,230,13,220,0,230,0" /><INIT seed="1,0,0,4,3,18" ten="307,243,220,230" oya="1" hai0="75,122,47,101,52,64,20,24,14,19,32,99,114" hai1="63,134,130,84,111,115,15,76,129,93,68,69,104" hai2="91,1,27,86,6,25,22,125,36,98,82,62,108" hai3="43,80,88,58,126,105,77,113,3,7,116,5,96"/><U73/><E115/><V79/><F108/><W106/><G113/><T26/><D114/><U109/><E104/><V70/><F125/><W11/><G126/><T72/><D64/><N who="1" m="40991" /><E69/><V121/><F121/><W16/><G116/><T67/><D67/><U8/><E73/><V117/><F117/><W30/><G30/><T45/><D122/><U128/><E134/><V53/><F36/><W35/><G35/><T21/><D32/><U124/><E124/><V4/><F27/><W59/><G43/><T71/><D14/><U2/><E2/><V49/><F1/><W118/><G7/><T107/><D71/><U55/><E55/><V85/><F62/><W92/><G118/><T102/><D102/><U42/><E42/><V34/><F70/><W103/><G16/><T123/><D123/><U46/><E46/><V9/><F9/><W133/><G133/><T74/><REACH who="0" step="1"/><D52/><REACH who="0" ten="297,243,220,230" step="2"/><U39/><E109/><V89/><F34/><W37/><G103/><T57/><D57/><U135/><E111/><V83/><F53/><W29/><G59/><T95/><D95/><U13/><E135/><V112/><F112/><W33/><G58/><T12/><D12/><U41/><E93/><N who="2" m="56623" /><F49/><W120/><G120/><T10/><D10/><U51/><E51/><V23/><F25/><N who="3" m="18607" /><G37/><T31/><AGARI ba="0,1" hai="19,20,21,24,26,31,45,47,72,74,75,99,101,107" machi="31" ten="30,7900,0" yaku="1,1,0,1,52,2,53,0" doraHai="18" doraHaiUra="61" who="0" fromWho="0" sc="297,89,243,-39,220,-20,230,-20" /><INIT seed="2,0,0,5,1,111" ten="386,204,200,210" oya="2" hai0="29,69,74,31,101,1,27,16,46,56,133,11,6" hai1="45,71,52,124,115,64,22,49,67,82,84,96,7" hai2="55,61,110,28,26,128,17,130,129,86,47,36,54" hai3="10,18,23,44,97,3,83,106,60,39,68,91,87"/><V113/><F110/><W19/><G68/><T9/><D69/><U80/><E124/><V42/><F17/><W24/><G60/><T20/><D74/><U12/><E115/><V103/><F103/><W58/><G58/><T121/><D121/><U25/><E71/><V92/><F61/><W2/><G106/><T8/><D101/><U53/><E96/><V93/><F113/><W107/><G107/><T0/><D56/><U21/><E53/><V118/><F118/><W35/><G35/><T108/><D46/><U132/><E132/><V70/><F70/><W76/><G19/><T5/><D108/><U41/><E41/><V32/><F93/><W14/><G97/><T73/><D73/><U116/><E116/><V88/><AGARI ba="0,0" hai="26,28,32,36,42,47,54,55,86,88,92,128,129,130" machi="88" ten="40,7800,0" yaku="0,1,19,1,54,1" doraHai="111" who="2" fromWho="2" sc="386,-26,204,-26,200,78,210,-26" /><INIT seed="2,1,0,0,5,51" ten="360,178,278,184" oya="2" hai0="43,48,124,127,13,8,72,58,107,42,32,54,106" hai1="36,73,90,112,121,3,56,61,115,128,123,74,16" hai2="89,52,12,22,29,95,79,63,81,10,28,44,6" hai3="27,102,38,71,111,33,47,35,67,83,64,39,130"/><V46/><F81/><W11/><G111/><T1/><D32/><U41/><E3/><V110/><F79/><W21/><G130/><T18/><D1/><U98/><E41/><N who="0" m="15369" /><D72/><N who="1" m="27755" /><E36/><V77/><F77/><W132/><G132/><T49/><D48/><U131/><E16/><N who="2" m="8215" /><F110/><W97/><G83/><T99/><D99/><U82/><E56/><N who="2" m="35207" /><F6/><W17/><G38/><T20/><D8/><U113/><E61/><V7/><F7/><W103/><G11/><T92/><D107/><U4/><E4/><V66/><F66/><W109/><G109/><T68/><D106/><U101/><E82/><V24/><F29/><W118/><G67/><T119/><D68/><U50/><E50/><V80/><F80/><W75/><G75/><T62/><D49/><U59/><E59/><V40/><F40/><W55/><G39/><T37/><D58/><U25/><E131/><V129/><F129/><W94/><G71/><T117/><D37/><U86/><E128/><V84/><AGARI ba="1,0" hai="22,24,28,44,46,84,89,95" m="35207,8215" machi="84" ten="30,11700,0" yaku="8,1,52,1,54,2" doraHai="51" who="2" fromWho="2" sc="360,-40,178,-40,278,120,184,-40" /><INIT seed="2,2,0,5,1,61" ten="320,138,398,144" oya="2" hai0="49,99,12,127,78,8,26,131,121,22,53,5,104" hai1="77,117,91,48,62,114,124,83,86,89,126,66,72" hai2="19,52,97,10,58,69,30,20,129,120,122,118,132" hai3="82,65,133,44,23,31,56,74,34,14,81,112,102"/><V50/><F118/><W11/><G34/><T35/><D35/><U38/><E38/><V64/><F129/><W60/><G133/><T106/><D121/><U128/><E117/><V25/><F132/><W63/><G112/><T21/><D131/><U27/><E128/><V76/><F76/><W109/><G109/><T39/><D39/><U55/><E114/><V93/><F64/><W134/><G134/><T110/><D110/><U54/><E27/><V79/><F79/><W105/><G74/><T101/><D127/><N who="1" m="48683" /><E48/><V90/><F69/><W107/><G44/><T1/><D78/><U18/><E18/><V95/><F10/><W36/><G36/><T94/><D1/><U37/><E37/><V46/><F30/><W80/><G102/><T130/><D22/><U84/><E84/><V33/><F33/><W24/><REACH who="3" step="1"/><G63/><REACH who="3" ten="320,138,398,134" step="2"/><T98/><D130/><U40/><E40/><V88/><F46/><W59/><G59/><T29/><D101/><U70/><E91/><V9/><REACH who="2" step="1"/><F9/><REACH who="2" ten="320,138,388,134" step="2"/><W108/><G108/><T51/><D8/><U32/><E32/><V73/><F73/><W57/><G57/><T125/><D125/><U43/><E43/><V15/><F15/><W28/><G28/><T85/><D12/><U135/><E135/><V87/><AGARI ba="2,2" hai="19,20,25,50,52,58,87,88,90,93,95,97,120,122" machi="87" ten="20,18000,2" yaku="1,1,0,1,7,1,54,2,53,2" doraHai="61" doraHaiUra="116" who="2" fromWho="2" sc="320,-62,138,-62,388,206,134,-62" /><INIT seed="2,3,0,5,1,24" ten="258,76,594,72" oya="2" hai0="70,120,25,41,110,78,34,105,86,18,9,117,16" hai1="30,37,65,39,45,62,80,56,57,20,95,108,50" hai2="88,96,38,133,36,109,46,90,60,33,55,47,107" hai3="35,76,112,129,87,85,69,3,132,113,101,49,42"/><V19/><F133/><W13/><G3/><T119/><D105/><U12/><E108/><V11/><F33/><W81/><G132/><T127/><D70/><U15/><E80/><V44/><F109/><W67/><G35/><T0/><D41/><U77/><E77/><V61/><F107/><W51/><G129/><T123/><D86/><U40/><E95/><V111/><F111/><W32/><G32/><T100/><D100/><U104/><E104/><V79/><F79/><W48/><G101/><T23/><D78/><U31/><E39/><V4/><F19/><W7/><G87/><T124/><D34/><U92/><E92/><V126/><F126/><N who="0" m="48170" /><D110/><U73/><E73/><V43/><F43/><W74/><G74/><T125/><D125/><U83/><E83/><V6/><F96/><W68/><G42/><T21/><D9/><U28/><REACH who="1" step="1"/><E20/><REACH who="1" ten="258,66,594,72" step="2"/><V97/><F97/><W27/><G76/><T64/><D23/><U84/><E84/><V52/><F11/><N who="3" m="4351" /><G85/><T93/><D93/><U130/><E130/><V121/><REACH who="2" step="1"/><F44/><REACH who="2" ten="258,66,584,72" step="2"/><W29/><G81/><T89/><D119/><U118/><E118/><V128/><F128/><W91/><G113/><T82/><D117/><U116/><E116/><V135/><F135/><W106/><G112/><T26/><D120/><AGARI ba="3,2" hai="4,6,36,38,46,47,52,55,60,61,88,90,120,121" machi="120" ten="25,12000,1" yaku="1,1,22,2,54,2,53,0" doraHai="24" doraHaiUra="53" who="2" fromWho="0" sc="258,-129,66,0,584,149,72,0" /><INIT seed="2,4,0,1,1,17" ten="129,66,733,72" oya="2" hai0="38,109,47,79,129,108,128,78,115,112,64,10,68" hai1="101,121,13,60,98,36,6,127,70,85,58,81,49" hai2="102,95,31,91,48,134,21,67,87,130,86,82,103" hai3="119,107,111,133,120,44,124,131,35,69,77,55,61"/><V37/><F37/><W89/><RYUUKYOKU type="yao9" ba="4,0" sc="129,0,66,0,733,0,72,0" hai3="35,44,55,61,69,77,89,107,111,119,120,124,131,133" /><INIT seed="2,5,0,4,0,120" ten="129,66,733,72" oya="2" hai0="30,59,123,47,126,82,58,20,113,87,60,88,69" hai1="43,89,49,72,24,94,135,106,41,50,40,9,117" hai2="37,76,70,34,80,55,125,107,35,22,86,19,108" hai3="8,65,128,53,66,46,71,54,62,104,132,4,61"/><V110/><F70/><W31/><G104/><T18/><D123/><U73/><E117/><V33/><F37/><W36/><G31/><T121/><D121/><U79/><E106/><V7/><F107/><W75/><G75/><T74/><D113/><U16/><E135/><V124/><F55/><W96/><G96/><T93/><D126/><N who="2" m="48746" /><F7/><W100/><G100/><T0/><D0/><U48/><E79/><V78/><F76/><W68/><G132/><T44/><D30/><U32/><E32/><N who="2" m="8195" /><V10/><DORA hai="109" /><F10/><W131/><G8/><T92/><D69/><U102/><E102/><V63/><F63/><W23/><G4/><T45/><D74/><U6/><E6/><V57/><F57/><N who="0" m="21514" /><D60/><U1/><E1/><V25/><AGARI ba="5,0" hai="19,22,25,78,80,86,108,110" m="8195,48746" machi="25" ten="50,9600,0" yaku="18,1,52,2" doraHai="120,109" who="2" fromWho="2" sc="129,-37,66,-37,733,111,72,-37" /><INIT seed="2,6,0,2,2,92" ten="92,29,844,35" oya="2" hai0="68,37,22,118,3,101,122,48,39,46,129,116,28" hai1="1,86,125,26,51,2,98,4,9,93,90,100,27" hai2="88,89,124,12,77,17,61,73,84,55,0,53,115" hai3="49,45,24,56,32,85,120,54,104,97,114,34,43"/><V119/><F115/><W47/><G120/><T121/><D3/><U33/><E125/><V123/><F119/><N who="0" m="45610" /><D101/><U134/><E134/><V58/><F123/><N who="0" m="47114" /><D68/><U71/><E71/><V75/><F0/><W111/><G114/><T7/><D7/><U78/><E2/><V10/><F124/><W30/><G111/><T67/><D67/><U103/><E78/><V60/><F77/><W99/><G34/><T133/><D133/><U19/><E33/><V50/><F61/><W25/><G25/><N who="0" m="16439" /><D129/><U69/><E69/><V131/><F131/><W6/><G6/><T57/><D57/><U102/><E19/><V109/><F109/><W13/><G13/><T112/><D112/><U95/><REACH who="1" step="1"/><E51/><REACH who="1" ten="92,19,844,35" step="2"/><V36/><F36/><W80/><G104/><T16/><D16/><U38/><E38/><V65/><F55/><AGARI ba="6,1" hai="37,39,46,48,55" m="16439,47114,45610" machi="55" ten="30,1000,0" yaku="12,1" doraHai="92" who="0" fromWho="2" sc="92,38,19,0,844,-28,35,0" /><INIT seed="3,0,0,5,2,103" ten="130,19,816,35" oya="3" hai0="134,133,4,35,118,116,61,24,107,8,38,87,46" hai1="114,58,85,3,13,52,57,16,123,56,14,73,18" hai2="47,23,17,97,6,78,5,82,59,27,81,43,128" hai3="68,95,88,54,66,28,20,26,41,67,89,74,80"/><W129/><G129/><T100/><D87/><U22/><E123/><V29/><F128/><W69/><G41/><N who="0" m="22839" /><D61/><N who="1" m="35975" /><E114/><V86/><F59/><W79/><G54/><T121/><D121/><U64/><E3/><V48/><F97/><W75/><G75/><T32/><D24/><U60/><E73/><V1/><F1/><W115/><G115/><T72/><D72/><U109/><E109/><V25/><REACH who="2" step="1"/><F82/><REACH who="2" ten="130,19,806,35" step="2"/><W50/><G69/><T93/><D118/><U31/><E58/><V102/><F102/><W84/><G68/><T55/><D100/><U113/><E113/><V106/><F106/><W33/><G67/><T36/><D107/><U70/><E70/><V10/><F10/><W42/><G66/><T105/><D105/><U15/><E85/><V126/><F126/><W40/><G89/><T83/><D116/><U130/><E130/><V45/><F45/><W104/><G104/><T125/><D125/><U122/><E122/><V132/><F132/><W119/><G119/><T108/><D134/><U96/><E96/><V21/><AGARI ba="0,1" hai="5,6,17,21,23,25,27,29,43,47,48,78,81,86" machi="21" ten="20,5200,0" yaku="1,1,0,1,7,1,8,1,53,0" doraHai="103" doraHaiUra="65" who="2" fromWho="2" sc="130,-13,19,-13,806,62,35,-26" owari="117,-8.3,6,-49.4,868,96.8,9,-39.1" /></mjloggm>