<mjloggm ver="2.3"><GO type="225" lobby="0"/><UN n0="%E3%81%8B%E3%82%8F%E3%81%A1%E3%82%83%E3%82%93%35%38" n1="%E3%83%96%E3%83%83%E3%83%91%E3%82%AA%E3%83%96%E3%83%81%E3%82%AD%E3%83%B3" n2="%E3%81%90%E3%81%A1%E3%82%84%E3%81%BE" n3="%E3%83%A9%E3%82%B9%E7%8E%87%EF%BC%93%E5%89%B2" dan="16,16,16,16" rate="2181.95,2057.15,2134.05,2184.97" sx="M,M,M,F"/><TAIKYOKU oya="0"/><INIT seed="0,0,0,2,4,65" ten="250,250,250,250" oya="0" hai0="75,85,130,29,107,47,16,43,97,52,129,117,6" hai1="111,115,121,134,116,26,24,71,28,74,123,95,67" hai2="96,59,53,82,11,40,93,38,109,124,88,83,51" hai3="18,37,15,45,132,5,113,76,66,13,105,80,92"/><T7/><D75/><U99/><E74/><V98/><F109/><W48/><G105/><T54/><D29/><U77/><E77/><V68/><F68/><W126/><G37/><T114/><D114/><U106/><E116/><V101/><F124/><W58/><G132/><T79/><D117/><U69/><E106/><V44/><REACH who="2" step="1"/><F11/><REACH who="2" ten="250,250,240,250" step="2"/><N who="3" m="4335" /><G126/><T102/><D6/><U119/><E119/><V30/><F30/><W122/><G113/><T61/><D7/><U104/><E115/><V91/><F91/><W70/><G70/><T1/><D1/><U127/><E71/><V86/><F86/><W21/><G122/><T27/><D16/><U2/><E69/><V94/><AGARI ba="0,1" hai="38,40,44,51,53,59,82,83,88,93,94,96,98,101" machi="94" ten="20,8000,1" yaku="1,1,0,1,7,1,54,1,53,1" doraHai="65" doraHaiUra="46" who="2" fromWho="2" sc="250,-40,250,-20,240,90,250,-20" /><INIT seed="1,0,0,2,1,50" ten="210,230,330,230" oya="1" hai0="104,93,22,116,84,105,13,125,124,61,29,111,94" hai1="89,35,78,42,106,75,56,91,108,11,122,79,118" hai2="40,132,131,64,81,77,69,68,72,67,26,73,71" hai3="6,103,44,85,2,14,21,86,28,95,7,62,9"/><U54/><E118/><V87/><F131/><W33/><G7/><T0/><D0/><U32/><E122/><V74/><F132/><W18/><G44/><T59/><D116/><U15/><E106/><N who="0" m="41065" /><D84/><U16/><E42/><V43/><REACH who="2" step="1"/><F26/><REACH who="2" ten="210,230,320,230" step="2"/><N who="3" m="18583" /><G62/><T123/><D123/><U110/><E35/><V19/><F19/><W38/><G38/><T4/><D111/><N who="1" m="42539" /><E32/><V49/><F49/><W30/><G30/><T48/><D48/><N who="1" m="30791" /><E75/><V63/><F63/><W23/><G23/><T65/><D29/><U39/><E39/><V51/><F51/><W24/><G24/><T102/><D22/><U17/><E17/><V10/><F10/><W55/><G21/><T46/><D4/><U66/><E66/><AGARI ba="0,1" hai="40,43,64,66,67,68,69,71,72,73,74,77,81,87" machi="66" ten="50,1600,0" yaku="1,1,53,0" doraHai="50" doraHaiUra="119" who="2" fromWho="1" sc="210,0,230,-16,320,26,230,0" /><INIT seed="2,0,0,5,4,5" ten="210,214,346,230" oya="2" hai0="110,76,130,31,58,73,42,79,41,121,64,6,4" hai1="13,10,88,20,15,50,104,106,28,43,127,113,108" hai2="48,57,129,49,103,56,116,107,71,16,133,12,78" hai3="19,123,45,7,132,72,52,24,135,40,66,30,70"/><V105/><F116/><W9/><G72/><T62/><D121/><U63/><E113/><V29/><F71/><W92/><G123/><T26/><D110/><U44/><E108/><V93/><F129/><W112/><G112/><T85/><D73/><U60/><E127/><V125/><F125/><W124/><G124/><T99/><D130/><U22/><E106/><V83/><F133/><N who="3" m="51275" /><G19/><T84/><D99/><U25/><E104/><V75/><F29/><W102/><G66/><T94/><D4/><N who="1" m="3271" /><E88/><V34/><F34/><W114/><G70/><T55/><D6/><U46/><E46/><V53/><F93/><W101/><G92/><T82/><D64/><U23/><E23/><V81/><F81/><W74/><G74/><T100/><D79/><U118/><E118/><V126/><F126/><W69/><G69/><T39/><D39/><U87/><E87/><V120/><F120/><W61/><G40/><T27/><D27/><N who="1" m="16487" /><E15/><V8/><F103/><W96/><G96/><N who="0" m="59415" /><D85/><U115/><E115/><V122/><F122/><W33/><G114/><T1/><D1/><U97/><E97/><V3/><F3/><N who="3" m="255" /><G45/><T98/><D98/><U80/><E80/><V54/><AGARI ba="0,0" hai="8,12,16,48,49,53,54,56,57,75,78,83,105,107" machi="54" ten="30,11700,0" yaku="0,1,9,1,52,1,54,1" doraHai="5" who="2" fromWho="2" sc="210,-39,214,-39,346,117,230,-39" /><INIT seed="2,1,0,5,0,113" ten="171,175,463,191" oya="2" hai0="97,57,72,91,125,107,36,121,124,48,56,100,45" hai1="22,80,115,29,83,51,75,82,59,76,12,90,104" hai2="66,47,7,37,81,106,50,11,27,95,9,126,39" hai3="128,43,93,111,134,10,96,69,116,40,3,60,65"/><V5/><F106/><W53/><G111/><T1/><D121/><U14/><E115/><V89/><F81/><N who="1" m="31337" /><E104/><V77/><F77/><W133/><G128/><T34/><D72/><U132/><E75/><V73/><F27/><W98/><G53/><N who="0" m="29839" /><D36/><U105/><E105/><V16/><F66/><W114/><G116/><T117/><D34/><U127/><E132/><N who="3" m="50794" /><G114/><T84/><D1/><U109/><E127/><N who="0" m="48713" /><D117/><U13/><E109/><V70/><F11/><W41/><G93/><AGARI ba="1,0" hai="56,57,84,91,93,97,100,107" m="48713,29839" machi="93" ten="30,1000,0" yaku="18,1" doraHai="113" who="0" fromWho="3" sc="171,13,175,0,463,0,191,-13" /><INIT seed="3,0,0,0,5,23" ten="184,175,463,178" oya="3" hai0="18,108,79,132,34,24,22,55,77,81,12,105,85" hai1="50,72,11,83,131,35,76,123,95,102,66,13,117" hai2="119,57,128,68,56,111,133,91,129,58,96,39,62" hai3="38,69,4,135,0,124,113,87,109,63,7,25,71"/><W118/><G113/><T53/><D105/><U80/><E123/><V122/><F119/><W15/><G118/><T44/><D108/><U31/><E117/><V120/><F39/><W43/><G0/><T125/><D125/><U26/><E131/><N who="2" m="50251" /><F133/><W61/><G135/><T112/><D132/><U100/><E66/><N who="2" m="41047" /><F111/><W5/><G109/><T8/><D34/><U52/><E95/><AGARI ba="0,0" hai="56,57,58,91,95,96,120,122" m="41047,50251" machi="95" ten="40,1300,0" yaku="19,1" doraHai="23" who="2" fromWho="1" sc="184,0,175,-13,463,13,178,0" owari="184,-1.6,162,-33.8,476,57.6,178,-22.2" /></mjloggm>