<mjloggm ver="2.3"><GO type="225" lobby="0"/><UN n0="%E6%98%93%E5%88%A9%E8%96%A9%E4%BC%AF" n1="%74%61%6B%65%2D%79%6F%75" n2="%E5%A4%8F%E9%88%B4%E9%88%B4%E5%A4%8F" n3="%43%68%65" dan="17,16,16,16" rate="2192.73,2088.90,2134.31,2201.79" sx="F,M,F,M"/><TAIKYOKU oya="0"/><INIT seed="0,0,0,4,0,68" ten="250,250,250,250" oya="0" hai0="8,107,26,40,89,94,1,31,67,112,38,132,77" hai1="53,123,74,69,28,58,37,41,12,27,36,73,95" hai2="71,47,120,119,19,49,131,83,105,54,13,82,48" hai3="64,110,122,102,70,99,17,62,16,15,20,3,81"/><T129/><D112/><U0/><E123/><V63/><F119/><W43/><G122/><T33/><D107/><U93/><E0/><V79/><F120/><W91/><G110/><T101/><D101/><U42/><E69/><V2/><F2/><W30/><G3/><T59/><D129/><U135/><E135/><V44/><F105/><W133/><G133/><T98/><D77/><U87/><E12/><V10/><F131/><W115/><G115/><T21/><D132/><U50/><E42/><V125/><F125/><W66/><G66/><T72/><D72/><U84/><E74/><V113/><F113/><W117/><G117/><T5/><D33/><U106/><E73/><V57/><F79/><W118/><G118/><T14/><D1/><U18/><E106/><V134/><F71/><W100/><G30/><T104/><D104/><U90/><E41/><N who="2" m="24591" /><F134/><W96/><G43/><AGARI ba="0,0" hai="10,13,19,43,47,49,54,57,63,82,83" m="24591" machi="43" ten="30,1000,0" yaku="8,1" doraHai="68" who="2" fromWho="3" sc="250,0,250,0,250,10,250,-10" /><INIT seed="1,0,0,4,5,70" ten="250,250,260,240" oya="1" hai0="132,23,25,12,4,124,68,7,52,82,33,16,6" hai1="45,134,29,101,71,28,20,39,56,83,34,42,38" hai2="21,58,110,27,102,80,92,115,22,1,55,97,69" hai3="118,13,19,10,26,120,47,17,66,46,2,57,105"/><U32/><E71/><V24/><F110/><W79/><G120/><T54/><D68/><U104/><E134/><V125/><F69/><W114/><G114/><T18/><D132/><U95/><E104/><V90/><F1/><W48/><G2/><T126/><D33/><U109/><E109/><V76/><F125/><N who="0" m="48234" /><D82/><U50/><E83/><V85/><F115/><W78/><G105/><T11/><AGARI ba="0,0" hai="4,6,7,11,12,16,18,23,25,52,54" m="48234" machi="11" ten="30,4000,0" yaku="18,1,54,2" doraHai="70" who="0" fromWho="0" sc="250,40,250,-20,260,-10,240,-10" /><INIT seed="2,0,0,0,0,22" ten="290,230,250,230" oya="2" hai0="34,100,60,58,84,130,115,12,112,92,89,83,40" hai1="29,104,71,30,31,75,133,59,77,96,79,122,108" hai2="88,101,53,25,45,81,26,129,123,74,51,90,13" hai3="120,28,6,121,49,41,32,68,111,36,5,8,50"/><V80/><F123/><W125/><G68/><T113/><D130/><U87/><E71/><V105/><F129/><W117/><G36/><T85/><D34/><U19/><E122/><N who="3" m="47210" /><G41/><T43/><D12/><U38/><E108/><V86/><F74/><W1/><G50/><T61/><D100/><U42/><E133/><V103/><F13/><N who="3" m="5263" /><G49/><T131/><D131/><U55/><E42/><V11/><F11/><N who="3" m="2511" /><G111/><T73/><D61/><U56/><E38/><V7/><F7/><W47/><G47/><T65/><D73/><U10/><E75/><V39/><F39/><W66/><G66/><T134/><D134/><U109/><E109/><V14/><F14/><W82/><G82/><T118/><D83/><U99/><E59/><V44/><F105/><W52/><G52/><T91/><D65/><U17/><E104/><V18/><F18/><N who="1" m="6665" /><E10/><V16/><F16/><W124/><G117/><T106/><D118/><U126/><E87/><N who="2" m="50279" /><F44/><W48/><G48/><T21/><D106/><U15/><E56/><V110/><F110/><W3/><G3/><T37/><D58/><U67/><E67/><V0/><F0/><W20/><G32/><T132/><D37/><U78/><E55/><V27/><AGARI ba="0,0" hai="25,26,27,45,51,53,81,86,90,101,103" m="50279" machi="27" ten="30,12000,1" yaku="8,1,52,3,54,1" doraHai="22" who="2" fromWho="2" sc="290,-40,230,-40,250,120,230,-40" /><INIT seed="2,1,0,5,2,42" ten="250,190,370,190" oya="2" hai0="114,58,73,35,107,120,50,17,121,104,103,85,119" hai1="61,25,84,98,110,55,88,109,23,24,45,93,36" hai2="95,29,39,63,99,90,15,97,128,117,78,87,81" hai3="83,66,72,40,34,44,7,10,54,46,49,57,32"/><V62/><F39/><W86/><G72/><T101/><D35/><U3/><E3/><V77/><F117/><W68/><G68/><T130/><D73/><U41/><E84/><N who="2" m="48175" /><F29/><W108/><G108/><N who="1" m="41578" /><E23/><V64/><F64/><W21/><G21/><T96/><D114/><U134/><E134/><V115/><F128/><W43/><G66/><T31/><D119/><U127/><E127/><V48/><F15/><W92/><G92/><T116/><D31/><U94/><E94/><V67/><F67/><W135/><G135/><T70/><D116/><U47/><E61/><N who="2" m="23051" /><F78/><W59/><G34/><T132/><D132/><U133/><E133/><V126/><F126/><W125/><G32/><T69/><D130/><U111/><E111/><V14/><F115/><W26/><G26/><T38/><D70/><U65/><E65/><V12/><F14/><N who="3" m="5471" /><G125/><T76/><D69/><U20/><E20/><V113/><F113/><W89/><G54/><T0/><D0/><U112/><E112/><V27/><F27/><W60/><G60/><T11/><D107/><U129/><E129/><V82/><F95/><W102/><G102/><T123/><D103/><U105/><E105/><V52/><F12/><W75/><G75/><T4/><D104/><U6/><E6/><V28/><F28/><W53/><G53/><T71/><D4/><U51/><AGARI ba="1,0" hai="24,25,36,41,45,47,51,55,88,93,98" m="41578" machi="51" ten="30,7900,0" yaku="14,1,52,2,54,1" doraHai="42" who="1" fromWho="1" sc="250,-21,190,82,370,-40,190,-21" /><INIT seed="3,0,0,1,4,103" ten="229,272,330,169" oya="3" hai0="92,116,1,113,62,106,59,133,123,49,110,54,134" hai1="0,121,55,53,41,23,8,15,69,100,108,78,7" hai2="45,30,6,29,50,135,32,105,13,89,109,38,122" hai3="77,27,28,10,19,51,126,119,93,25,61,84,95"/><W57/><G119/><T11/><D116/><U85/><E121/><V99/><F38/><W120/><G120/><T72/><D106/><U14/><E108/><V81/><F122/><W33/><G126/><T130/><D72/><U97/><E69/><V4/><F32/><W39/><G39/><T87/><D123/><U91/><E78/><V71/><F71/><W128/><G128/><T56/><D110/><U43/><E0/><V67/><F67/><W12/><G51/><T52/><D113/><U86/><E23/><V117/><F117/><W73/><G27/><T26/><D26/><U104/><E15/><V68/><F68/><W9/><G9/><T20/><D20/><U21/><E21/><V37/><F37/><W88/><G77/><T66/><D66/><U58/><E85/><V76/><F135/><N who="0" m="51722" /><D130/><U79/><E79/><V44/><F13/><W98/><G73/><T2/><D11/><U75/><E75/><V40/><F44/><W18/><G18/><T65/><D54/><U16/><E7/><V83/><F4/><W114/><G114/><T17/><D17/><U115/><E53/><V31/><F6/><W24/><G28/><T129/><D129/><U118/><E118/><V111/><F76/><W124/><G33/><T107/><D107/><U132/><E115/><V46/><F45/><W22/><G22/><T127/><D127/><U80/><E132/><V42/><F40/><W48/><G124/><T5/><D5/><U34/><E34/><V70/><F70/><W3/><G3/><T96/><D87/><U63/><AGARI ba="0,0" hai="8,14,16,41,43,55,58,63,80,86,91,97,100,104" machi="63" ten="20,5200,0" yaku="0,1,7,1,52,1,54,1" doraHai="103" who="1" fromWho="1" sc="229,-13,272,52,330,-13,169,-26" owari="216,-18.4,324,42.4,317,11.7,143,-35.7" /></mjloggm>