<mjloggm ver="2.3"><GO type="225" lobby="0"/><UN n0="%E3%81%BE%E3%81%A8%E3%81%9F" n1="%E5%91%A8%E6%9D%B1" n2="%E3%83%96%E3%83%83%E3%83%91%E3%82%AA%E3%83%96%E3%83%81%E3%82%AD%E3%83%B3" n3="%E9%A6%AC%E5%BC%95%E7%81%AB%33" dan="16,17,16,16" rate="2079.43,2190.71,2193.44,2145.44" sx="M,M,M,M"/><TAIKYOKU oya="0"/><INIT seed="0,0,0,1,0,99" ten="250,250,250,250" oya="0" hai0="38,111,19,40,44,115,37,67,73,64,106,7,123" hai1="104,107,131,134,114,74,18,58,62,91,108,54,53" hai2="42,78,109,83,3,61,125,120,32,118,47,2,76" hai3="133,49,130,103,43,34,35,119,85,124,102,129,55"/><T45/><D123/><U101/><E74/><V33/><F120/><W81/><G119/><T79/><D106/><U135/><E108/><V96/><F109/><W93/><G124/><T8/><D19/><U29/><E29/><V0/><F125/><W75/><G133/><N who="1" m="50698" /><E114/><V12/><F118/><W5/><G75/><T4/><D111/><U46/><E131/><N who="3" m="50186" /><G43/><N who="0" m="22639" /><D4/><U17/><E91/><V112/><F112/><W36/><G36/><T22/><D22/><U52/><E107/><V69/><F12/><W122/><G5/><T68/><D68/><U21/><E46/><V59/><F69/><W56/><G122/><T25/><D25/><N who="1" m="14511" /><E18/><V88/><F47/><W6/><G6/><T105/><D105/><U116/><E116/><V65/><F42/><W132/><G132/><T95/><D115/><U10/><E10/><V100/><F83/><W31/><G93/><T72/><D95/><U98/><AGARI ba="0,0" hai="52,53,54,58,62,98,101,104" m="14511,50698" machi="98" ten="30,4000,0" yaku="20,1,52,1,54,1" doraHai="99" who="1" fromWho="1" sc="250,-20,250,40,250,-10,250,-10" /><INIT seed="1,0,0,4,0,1" ten="230,290,240,240" oya="1" hai0="25,76,37,58,17,55,38,67,118,20,7,69,98" hai1="104,85,117,134,2,27,36,109,106,43,78,77,56" hai2="115,133,32,131,21,123,47,6,9,57,40,89,86" hai3="49,75,95,88,39,0,122,82,130,12,66,68,83"/><U93/><E117/><V62/><F123/><W102/><G122/><T3/><D118/><U114/><E114/><V65/><F115/><W87/><G0/><T116/><D116/><U72/><E56/><V26/><F131/><W126/><G39/><T112/><D112/><U105/><E27/><V46/><F133/><W61/><G130/><T132/><D132/><U11/><E134/><V79/><F32/><W107/><G126/><T121/><D121/><U91/><E72/><V124/><F79/><W108/><G108/><T24/><D76/><U8/><E109/><V10/><F124/><W113/><G113/><T34/><D98/><U99/><E99/><V128/><F128/><W22/><G75/><T52/><D55/><U135/><E11/><V84/><F84/><W42/><G102/><T80/><D80/><U103/><E103/><V60/><F60/><W51/><G107/><T13/><D3/><U4/><REACH who="1" step="1"/><E135/><REACH who="1" ten="230,280,240,240" step="2"/><V120/><F120/><W19/><REACH who="3" step="1"/><G42/><REACH who="3" ten="230,280,240,230" step="2"/><T101/><D101/><U28/><E28/><V31/><F40/><W110/><G110/><T54/><D37/><U35/><E35/><V15/><REACH who="2" step="1"/><F10/><REACH who="2" ten="230,280,230,230" step="2"/><W129/><G129/><T18/><D34/><U29/><E29/><V90/><F90/><W53/><G53/><T96/><D54/><U33/><E33/><V63/><F63/><W5/><G5/><T44/><D52/><U92/><E92/><AGARI ba="0,3" hai="6,9,15,21,26,31,46,47,57,62,65,86,89,92" machi="92" ten="30,7700,0" yaku="1,1,7,1,8,1,52,1,53,0" doraHai="1" doraHaiUra="14" who="2" fromWho="1" sc="230,0,280,-77,230,107,230,0" /><INIT seed="2,0,0,2,2,3" ten="230,203,337,230" oya="2" hai0="118,98,49,105,16,93,35,81,103,116,39,121,76" hai1="7,68,80,104,34,95,134,87,11,44,128,46,106" hai2="113,63,50,27,124,130,33,129,1,37,62,109,60" hai3="85,72,22,107,32,36,120,112,5,26,65,91,115"/><V75/><F113/><N who="3" m="43595" /><G120/><T123/><D39/><U30/><E68/><V86/><F37/><W51/><G36/><T12/><D35/><U45/><E128/><N who="2" m="49259" /><F75/><W19/><G72/><N who="0" m="43143" /><D49/><U59/><E134/><V127/><F1/><W135/><G135/><T133/><D133/><U20/><E34/><V132/><F86/><W23/><G107/><T101/><D101/><U9/><E95/><V38/><F38/><W13/><G65/><T6/><D6/><U96/><E96/><V8/><F132/><W99/><G99/><T126/><D126/><N who="2" m="48170" /><F8/><N who="3" m="4239" /><G32/><T55/><D105/><U74/><E11/><V47/><F33/><W21/><G51/><T89/><D123/><U84/><E74/><V10/><F10/><W97/><G97/><T53/><D121/><U40/><E87/><V2/><F2/><W43/><G43/><T88/><D98/><U83/><E40/><N who="2" m="24935" /><F27/><W94/><AGARI ba="0,0" hai="19,21,22,23,26,85,91,94" m="4239,43595" machi="94" ten="30,2000,0" yaku="11,1,52,1" doraHai="3" who="3" fromWho="3" sc="230,-5,203,-5,337,-10,230,20" /><INIT seed="3,0,0,2,5,75" ten="225,198,327,250" oya="3" hai0="22,63,77,56,117,5,92,43,46,54,102,23,96" hai1="55,4,1,133,74,129,24,97,67,2,70,100,40" hai2="62,58,120,65,88,113,79,106,0,29,125,98,6" hai3="57,107,127,124,82,50,68,101,134,85,84,38,3"/><W18/><G68/><T130/><D117/><U114/><E114/><V80/><F113/><W99/><G38/><T27/><D130/><U87/><E74/><V76/><F125/><N who="3" m="48203" /><G3/><T48/><D5/><U78/><E129/><V123/><F29/><W90/><G134/><T109/><D109/><U66/><E133/><V128/><F128/><W31/><G31/><T37/><D77/><U17/><E40/><V35/><F35/><W45/><G57/><T115/><D115/><U61/><E67/><V39/><F39/><W36/><G36/><T104/><D104/><U111/><E111/><V119/><F119/><W9/><G84/><T28/><REACH who="0" step="1"/><D37/><REACH who="0" ten="215,198,327,250" step="2"/><U44/><E4/><V26/><F6/><W33/><G107/><T64/><D64/><U59/><E1/><V21/><F106/><W19/><G33/><AGARI ba="0,1" hai="22,23,27,28,33,43,46,48,54,56,63,92,96,102" machi="33" ten="30,2000,0" yaku="1,1,7,1,53,0" doraHai="75" doraHaiUra="83" who="0" fromWho="3" sc="215,30,198,0,327,0,250,-20" owari="245,4.5,198,-30.2,327,42.7,230,-17.0" /></mjloggm>