<mjloggm ver="2.3"><GO type="225" lobby="0"/><UN n0="%E3%83%96%E3%83%83%E3%83%91%E3%82%AA%E3%83%96%E3%83%81%E3%82%AD%E3%83%B3" n1="%E4%BF%BA%E3%81%A8%E5%A6%96%E5%A4%A2" n2="%E6%9D%B1%E9%A2%A8%E3%81%AE%E3%81%8D%E3%82%83%E3%81%B7%E3%81%95%E3%82%93" n3="%E3%83%A9%E3%82%B9%E7%8E%87%EF%BC%93%E5%89%B2" dan="16,16,16,17" rate="2189.54,2255.04,2157.90,2223.79" sx="M,F,M,F"/><TAIKYOKU oya="0"/><INIT seed="0,0,0,3,1,36" ten="250,250,250,250" oya="0" hai0="40,128,57,44,134,66,73,78,50,83,20,133,86" hai1="42,62,107,10,92,67,115,29,32,89,5,11,1" hai2="3,37,104,59,88,117,85,61,70,17,111,110,58" hai3="126,12,55,14,108,113,95,109,21,80,25,125,79"/><T54/><D128/><U121/><E121/><V112/><F104/><W63/><G95/><T130/><D130/><U119/><E119/><V127/><F3/><W91/><G91/><T52/><D73/><U26/><E107/><V84/><F112/><W103/><G103/><T8/><D20/><U56/><E115/><V123/><F123/><W34/><G113/><T100/><D100/><U23/><E10/><V31/><F127/><N who="3" m="48651" /><G34/><T18/><D66/><U27/><E27/><V53/><F31/><N who="3" m="17839" /><G55/><T16/><D54/><U98/><REACH who="1" step="1"/><E32/><REACH who="1" ten="250,240,250,250" step="2"/><V120/><F117/><W68/><G12/><T60/><REACH who="0" step="1"/><D8/><REACH who="0" ten="240,240,250,250" step="2"/><U76/><E76/><V0/><F120/><W135/><G79/><T75/><D75/><U9/><E9/><V47/><F0/><W6/><G109/><T72/><D72/><U101/><E101/><V82/><F111/><W124/><G108/><T93/><D93/><U129/><E129/><V45/><F110/><W38/><G124/><T22/><D22/><U131/><E131/><V71/><F71/><W132/><G68/><T41/><D41/><AGARI ba="0,2" hai="1,5,11,23,26,29,41,42,56,62,67,89,92,98" machi="41" ten="40,8000,1" yaku="1,1,52,2,53,1" doraHai="36" doraHaiUra="2" who="1" fromWho="0" sc="240,-80,240,100,250,0,250,0" /><INIT seed="1,0,0,0,2,58" ten="160,340,250,250" oya="1" hai0="35,39,89,11,20,33,57,112,119,0,41,27,32" hai1="50,66,51,40,12,86,4,72,56,70,78,43,55" hai2="54,118,31,108,65,109,105,17,106,130,81,59,21" hai3="117,135,61,111,3,126,62,91,100,122,113,133,47"/><U114/><E72/><V82/><F118/><W46/><G3/><T52/><D112/><U42/><E114/><V83/><F65/><W87/><G113/><T102/><D119/><U104/><E104/><V131/><F31/><W124/><G117/><T37/><D102/><U107/><E107/><N who="2" m="40971" /><F21/><W79/><G111/><N who="2" m="42569" /><F17/><W30/><G122/><T8/><D89/><U23/><E66/><V60/><AGARI ba="0,0" hai="54,59,60,81,82,83,130,131" m="42569,40971" machi="60" ten="40,2700,0" yaku="14,1,52,1" doraHai="58" who="2" fromWho="2" sc="160,-7,340,-13,250,27,250,-7" /><INIT seed="2,0,0,1,3,90" ten="153,327,277,243" oya="2" hai0="82,70,49,74,51,11,84,75,17,54,71,16,53" hai1="126,35,8,109,118,86,36,6,48,0,108,115,63" hai2="4,101,80,66,1,68,33,9,56,69,3,27,102" hai3="10,83,125,110,44,130,59,72,87,14,133,46,120"/><V93/><F1/><W18/><G120/><T32/><D32/><U99/><E115/><V129/><F80/><W85/><G110/><T121/><D121/><U58/><E118/><V116/><F116/><W37/><G130/><T103/><D103/><U50/><E36/><V97/><F102/><W112/><G112/><T60/><D60/><U61/><E35/><V128/><F56/><W67/><G133/><T15/><D17/><U47/><E126/><V30/><REACH who="2" step="1"/><F66/><REACH who="2" ten="153,327,267,243" step="2"/><W45/><G59/><T7/><D71/><AGARI ba="0,1" hai="3,4,9,27,30,33,68,69,71,93,97,101,128,129" machi="71" ten="40,7700,0" yaku="1,1,2,1,52,1,53,0" doraHai="90" doraHaiUra="43" who="2" fromWho="0" sc="153,-77,327,0,267,87,243,0" /><INIT seed="2,1,0,4,3,48" ten="76,327,354,243" oya="2" hai0="65,31,127,119,134,62,37,83,124,92,95,98,112" hai1="116,121,61,110,103,27,8,52,107,63,50,28,74" hai2="126,100,87,64,1,99,71,76,34,78,120,105,91" hai3="49,129,56,80,60,26,89,108,73,35,128,115,44"/><V133/><F120/><W40/><G108/><T77/><D112/><U45/><E116/><V19/><F34/><W68/><G115/><T117/><D37/><U111/><E121/><V5/><F19/><W79/><G89/><N who="0" m="55567" /><D31/><U93/><E107/><V59/><F71/><W4/><G68/><T21/><D21/><U94/><E74/><V14/><F126/><N who="0" m="48170" /><D62/><U70/><E8/><V82/><F133/><W58/><G4/><T118/><D65/><U130/><E130/><N who="3" m="50282" /><G60/><N who="1" m="23114" /><E103/><V135/><F135/><W86/><G73/><N who="0" m="43439" /><D95/><U25/><E25/><V23/><F64/><W114/><G114/><T42/><D42/><U101/><E70/><V81/><F59/><W13/><G13/><T20/><D20/><N who="1" m="15463" /><E101/><V22/><F1/><W66/><G66/><T30/><D30/><AGARI ba="1,0" hai="26,30,35,40,44,49,56,58,79,80,86" m="50282" machi="30" ten="30,1000,0" yaku="19,1" doraHai="48" who="3" fromWho="0" sc="76,-13,327,0,354,0,243,13" /><INIT seed="3,0,0,0,3,84" ten="63,327,354,256" oya="3" hai0="35,55,48,60,21,101,38,100,23,56,15,132,20" hai1="125,10,18,26,79,75,28,0,68,61,120,64,58" hai2="9,80,73,13,43,128,25,29,4,63,105,93,81" hai3="90,85,6,104,134,24,71,110,1,27,19,91,131"/><W112/><G112/><T77/><D132/><U121/><E125/><V108/><F105/><W45/><G104/><T129/><D38/><U133/><E133/><V2/><F128/><W124/><G134/><T14/><D35/><N who="1" m="20887" /><E58/><V97/><F108/><W22/><G110/><T107/><D129/><U123/><E18/><V16/><F43/><W83/><G131/><T70/><D107/><U62/><E62/><V135/><F63/><W116/><G116/><T34/><D34/><U7/><E79/><V72/><F135/><W82/><G71/><T49/><D77/><U53/><E53/><V39/><F39/><W122/><G122/><T8/><D70/><U37/><E37/><V99/><F72/><AGARI ba="0,0" hai="0,7,10,61,64,68,72,75,120,121,123" m="20887" machi="72" ten="30,1000,0" yaku="23,1" doraHai="84" who="1" fromWho="2" sc="63,0,327,10,354,-10,256,0" owari="63,-43.7,337,13.7,344,44.4,256,-14.4" /></mjloggm>