<mjloggm ver="2.3"><GO type="225" lobby="0"/><UN n0="%E3%83%B4%E3%83%A0%EF%BC%99%E3%81%A6" n1="%E3%83%B4%E3%82%A3%E3%83%AF%E3%82%B3%E3%82%B0%E3%83%8B" n2="%E3%83%96%E3%83%83%E3%83%91%E3%82%AA%E3%83%96%E3%83%81%E3%82%AD%E3%83%B3" n3="%E5%A4%8F%E9%88%B4%E9%88%B4%E5%A4%8F" dan="16,17,16,16" rate="2167.06,2202.35,2094.72,2102.34" sx="M,M,M,F"/><TAIKYOKU oya="0"/><INIT seed="0,0,0,2,2,94" ten="250,250,250,250" oya="0" hai0="12,128,72,55,63,124,0,67,51,131,42,28,112" hai1="99,116,92,132,83,41,126,46,2,113,45,25,130" hai2="35,40,91,6,49,54,10,81,1,3,78,52,31" hai3="30,38,120,62,17,60,50,21,135,121,114,125,69"/><T103/><D103/><BYE who="0" /><U100/><E116/><V43/><F3/><W93/><G114/><T111/><D111/><U71/><E2/><V59/><F91/><UN n0="%E3%83%B4%E3%83%A0%EF%BC%99%E3%81%A6" /><W75/><G75/><T89/><D112/><U56/><E113/><V102/><F102/><W123/><G38/><T37/><D0/><U129/><E71/><V53/><F35/><W104/><G125/><T13/><D124/><U68/><E68/><V108/><F31/><W18/><G104/><T134/><D134/><U66/><E126/><V85/><REACH who="2" step="1"/><F108/><REACH who="2" ten="250,250,240,250" step="2"/><W48/><G135/><T110/><D110/><U23/><E132/><V61/><F61/><W64/><G60/><T8/><D28/><U119/><E119/><V14/><F14/><N who="3" m="9399" /><G30/><T22/><D89/><U27/><E100/><V7/><F7/><W33/><G33/><T77/><D63/><U127/><E127/><V84/><F84/><W97/><G18/><T32/><D32/><U98/><E130/><V16/><F16/><W58/><G69/><T105/><D13/><U107/><E129/><V70/><F70/><W122/><G123/><T34/><D128/><U15/><E25/><V73/><F73/><W80/><G80/><T39/><D72/><U65/><E15/><V106/><F106/><W36/><G122/><T57/><D34/><U82/><E107/><V20/><F20/><W4/><G121/><T117/><D105/><U26/><E23/><V96/><F96/><W115/><G4/><T74/><D74/><U5/><E5/><V24/><F24/><W9/><G120/><T79/><D22/><U88/><E26/><V19/><F19/><RYUUKYOKU ba="0,1" sc="250,-10,250,-10,240,30,250,-10" hai2="1,6,10,40,43,49,52,53,54,59,78,81,85" /><INIT seed="1,1,1,2,1,89" ten="240,240,270,240" oya="1" hai0="2,134,8,84,95,88,63,120,92,72,128,123,11" hai1="96,77,69,130,93,65,76,22,90,52,26,50,15" hai2="124,16,82,20,40,68,85,60,115,57,64,47,32" hai3="67,73,126,43,45,18,112,107,106,25,105,100,78"/><U51/><E130/><V21/><F124/><W103/><G112/><T97/><D128/><U44/><E69/><V66/><F115/><W101/><G67/><T129/><D129/><U12/><E65/><V114/><F114/><W119/><G126/><T58/><D72/><U39/><E39/><V109/><F109/><W19/><G119/><T79/><D134/><U0/><E0/><V54/><F32/><W81/><REACH who="3" step="1"/><G25/><REACH who="3" ten="240,240,270,230" step="2"/><T94/><D123/><U48/><E12/><V49/><F68/><W17/><G17/><T9/><D120/><U34/><E15/><V24/><REACH who="2" step="1"/><F21/><REACH who="2" ten="240,240,260,230" step="2"/><W86/><G86/><T10/><D2/><U131/><E34/><V75/><F75/><W113/><G113/><T117/><D117/><U35/><E35/><V36/><F36/><AGARI ba="1,3" hai="18,19,36,43,45,73,78,81,100,101,103,105,106,107" machi="36" ten="50,1600,0" yaku="1,1,53,0" doraHai="89" doraHaiUra="111" who="3" fromWho="2" sc="240,0,240,0,260,-19,230,49" /><INIT seed="2,0,0,2,4,63" ten="240,240,241,279" oya="2" hai0="6,49,15,61,106,91,111,134,45,72,70,26,7" hai1="43,30,129,57,24,101,50,31,12,16,87,80,28" hai2="34,118,39,10,18,13,32,41,68,1,67,115,114" hai3="89,81,36,60,64,35,9,103,107,62,130,86,128"/><V22/><F118/><W47/><G35/><T113/><D113/><U90/><E129/><N who="3" m="49770" /><G9/><T77/><D106/><U5/><E101/><V132/><F132/><W73/><G73/><T125/><D134/><U44/><E57/><V98/><F98/><N who="3" m="61943" /><G64/><T102/><D102/><U52/><E5/><V27/><F34/><W46/><G46/><T51/><D45/><U74/><E74/><V124/><F124/><W37/><G47/><T88/><D6/><U112/><E112/><V133/><F133/><W54/><G54/><T21/><D72/><U33/><REACH who="1" step="1"/><E43/><REACH who="1" ten="240,230,241,279" step="2"/><V95/><F41/><W110/><G110/><T131/><D111/><U56/><E56/><V135/><F115/><W84/><G60/><T121/><D61/><U99/><E99/><V59/><F114/><W119/><G62/><T109/><D7/><U23/><AGARI ba="0,1" hai="12,16,23,24,28,30,31,33,44,50,52,80,87,90" machi="23" ten="20,8000,1" yaku="1,1,0,1,7,1,54,2,53,0" doraHai="63" doraHaiUra="66" who="1" fromWho="1" sc="240,-20,230,90,241,-40,279,-20" /><INIT seed="3,0,0,3,3,37" ten="220,320,201,259" oya="3" hai0="20,121,126,117,109,30,132,101,83,81,116,38,120" hai1="8,57,24,90,6,40,52,65,15,34,103,10,130" hai2="7,49,108,76,135,39,71,122,80,70,63,22,0" hai3="59,35,95,4,68,84,50,79,107,77,56,89,51"/><W105/><G35/><T26/><D38/><U104/><E65/><V1/><F39/><W110/><G68/><T58/><D101/><U125/><E40/><V31/><F108/><W46/><G4/><T82/><D58/><N who="3" m="22057" /><G107/><T96/><D96/><U23/><E34/><V97/><F97/><W55/><G105/><T13/><D109/><U32/><E125/><V124/><F49/><N who="3" m="29111" /><G110/><T33/><D126/><U2/><E130/><V17/><F124/><W94/><G94/><T85/><D85/><U28/><E90/><V11/><F0/><W12/><G12/><T91/><D91/><U118/><E118/><V62/><F135/><W75/><G75/><T100/><D132/><U134/><E134/><V88/><F122/><W86/><G86/><T61/><D100/><U5/><E32/><V25/><F88/><W16/><G16/><N who="0" m="10255" /><D121/><U92/><E104/><V106/><F106/><W73/><G73/><T119/><D120/><U41/><E92/><V115/><F115/><W53/><G53/><T36/><D36/><U78/><E103/><V74/><REACH who="2" step="1"/><F17/><REACH who="2" ten="220,320,191,259" step="2"/><W114/><G114/><T113/><D113/><U43/><E2/><V3/><F3/><W29/><G50/><T60/><D116/><U131/><E5/><V102/><F102/><W128/><G51/><T48/><D48/><U21/><E6/><V72/><F72/><W66/><G77/><T112/><D112/><U27/><E52/><V133/><F133/><W69/><G79/><T47/><D47/><U123/><E78/><V19/><F19/><W45/><G89/><T111/><D111/><U42/><E123/><RYUUKYOKU ba="0,1" sc="220,15,320,-15,191,15,259,-15" hai0="26,30,33,60,61,81,82,83,117,119" hai2="1,7,11,22,25,31,62,63,70,71,74,76,80" owari="235,-16.5,315,41.5,206,-29.4,244,4.4" /></mjloggm>