<mjloggm ver="2.3"><GO type="225" lobby="0"/><UN n0="%E7%9A%AE%E3%80%85" n1="%E7%87%90%2E%2E" n2="%E9%BB%99%E8%81%B4%E3%81%AE%E3%81%99%E3%82%9D%E3%82%81" n3="%E5%8F%AF%E5%85%90%E9%82%A3%E7%94%B1%E5%A4%9A" dan="16,16,16,16" rate="2081.21,2130.45,2154.59,2131.82" sx="F,M,M,F"/><TAIKYOKU oya="0"/><INIT seed="0,0,0,3,3,71" ten="250,250,250,250" oya="0" hai0="36,68,90,132,19,6,18,45,5,9,39,99,33" hai1="65,115,32,0,93,17,22,57,52,130,50,49,72" hai2="83,134,91,110,98,16,30,3,111,60,46,106,122" hai3="94,26,14,66,108,114,63,109,121,7,20,12,100"/><T120/><D120/><U69/><E32/><V88/><F3/><W101/><G114/><T28/><D68/><U61/><E130/><V117/><F134/><W118/><G118/><T129/><D129/><U21/><E115/><V31/><F122/><W34/><G34/><T126/><D45/><U87/><E72/><V82/><F60/><W92/><G121/><T58/><D58/><U38/><E0/><V64/><F64/><W54/><G54/><T62/><D62/><U95/><E38/><V48/><F16/><W41/><G41/><T13/><D132/><U47/><E87/><V27/><F106/><W113/><G113/><T128/><D128/><U78/><E78/><V51/><F98/><W89/><G63/><T70/><D70/><U67/><E67/><V4/><F46/><W56/><G56/><T102/><D90/><U35/><E35/><V97/><F97/><W53/><G66/><T135/><D135/><U105/><E105/><V10/><F10/><W107/><G107/><T44/><D44/><U123/><E123/><V84/><F84/><W23/><G89/><T77/><D77/><U81/><E81/><V133/><F133/><W25/><G53/><T24/><D126/><U125/><E125/><V37/><F117/><W80/><G80/><T103/><D103/><U74/><E74/><V2/><F2/><W124/><G124/><T42/><D42/><N who="1" m="24823" /><E17/><N who="0" m="6153" /><D5/><AGARI ba="0,0" hai="5,7,12,14,20,23,25,26,92,94,100,101,108,109" machi="5" ten="25,1600,0" yaku="22,2" doraHai="71" who="3" fromWho="0" sc="250,-16,250,0,250,0,250,16" /><INIT seed="1,0,0,3,0,36" ten="234,250,250,266" oya="1" hai0="42,32,48,11,46,45,126,118,8,109,62,111,76" hai1="135,131,1,93,3,72,55,86,69,125,80,70,40" hai2="67,63,128,39,5,52,106,60,78,18,24,83,88" hai3="28,65,113,47,122,110,90,108,58,127,97,100,77"/><U14/><E125/><V59/><F106/><W15/><G122/><T119/><D32/><U94/><E135/><V81/><F128/><W16/><G113/><T124/><D76/><U38/><E131/><V103/><F103/><W116/><G127/><N who="0" m="48683" /><D62/><U132/><E132/><V102/><F102/><W6/><G116/><N who="0" m="44587" /><D46/><U22/><E72/><V104/><F104/><W35/><G77/><T95/><D95/><U91/><E93/><V79/><F39/><W98/><G47/><T50/><D50/><U117/><E117/><V120/><F120/><W75/><G35/><T82/><D82/><U99/><E55/><V87/><F5/><W133/><G6/><T53/><D53/><U121/><E121/><V84/><F18/><W49/><G16/><T12/><D12/><U4/><E4/><V66/><F24/><W7/><G15/><T71/><D71/><U25/><E14/><V115/><F115/><W23/><G7/><T31/><D31/><U0/><E25/><V51/><F79/><W44/><G44/><T29/><D29/><U92/><E22/><V112/><F112/><W89/><G49/><T33/><D33/><U17/><E17/><V68/><F68/><W56/><G23/><T105/><D105/><U85/><E94/><V74/><F74/><W73/><G28/><T129/><D129/><U64/><E99/><V96/><F96/><W41/><G133/><T57/><D57/><U134/><E134/><V101/><F101/><W61/><G100/><T19/><D19/><U107/><E107/><V43/><F63/><W54/><G61/><T13/><D13/><RYUUKYOKU ba="0,0" sc="234,15,250,-15,250,15,266,-15" hai0="8,11,42,45,48,109,111" hai2="43,51,52,59,60,66,67,78,81,83,84,87,88" /><INIT seed="2,1,0,0,3,114" ten="249,235,265,251" oya="2" hai0="102,71,76,100,91,7,116,22,2,125,17,45,105" hai1="48,4,67,56,130,117,98,43,41,107,69,86,16" hai2="121,9,5,53,40,15,63,89,20,126,118,103,28" hai3="115,51,120,11,135,87,79,68,59,13,93,50,55"/><V31/><F121/><W108/><G120/><T127/><D71/><U88/><E4/><V54/><F126/><N who="0" m="48138" /><D76/><U119/><E69/><V113/><F113/><W131/><G68/><T14/><D45/><U81/><E130/><V12/><F118/><W133/><G115/><T72/><D72/><U46/><E43/><V104/><F40/><W90/><G131/><T124/><N who="0" m="48146" /><T6/><DORA hai="95" /><D116/><U42/><E42/><V36/><F36/><W18/><G108/><T38/><D38/><U82/><E82/><V3/><F3/><W32/><G32/><T65/><D65/><U110/><E110/><V74/><F74/><W96/><G79/><T132/><D132/><N who="3" m="50761" /><G51/><T0/><D91/><U123/><E123/><V106/><F106/><W84/><AGARI ba="1,0" hai="11,13,18,50,55,59,84,87,90,93,96" m="50761" machi="84" ten="30,2000,0" yaku="20,1,52,1" doraHai="114,95" who="3" fromWho="3" sc="249,-6,235,-6,265,-11,251,23" /><INIT seed="3,0,0,0,1,62" ten="243,229,254,274" oya="3" hai0="49,14,70,5,98,9,61,38,50,119,131,126,45" hai1="121,82,96,88,64,122,73,112,23,89,34,36,47" hai2="26,114,79,41,56,118,78,8,43,107,60,75,83" hai3="0,132,74,86,72,1,84,115,27,68,87,16,116"/><W77/><G116/><T106/><D119/><U125/><E112/><V99/><F114/><W53/><G115/><T32/><D32/><U2/><E34/><V129/><F129/><W25/><G68/><T39/><D131/><U40/><E2/><V4/><F79/><W21/><G132/><T28/><D28/><U109/><E109/><V35/><F118/><W46/><G27/><T81/><D81/><U110/><E110/><V42/><F26/><W80/><REACH who="3" step="1"/><G74/><REACH who="3" ten="243,229,254,264" step="2"/><T93/><D126/><U20/><E125/><V123/><F123/><W65/><G65/><T12/><D70/><U18/><E64/><V92/><F35/><W57/><G57/><T111/><D111/><U55/><E55/><V101/><F107/><W105/><G105/><T124/><D106/><U22/><E18/><V113/><F113/><W120/><G120/><T91/><D124/><U76/><REACH who="1" step="1"/><E89/><REACH who="1" ten="243,219,254,264" step="2"/><V128/><F128/><W108/><G108/><T104/><D91/><U19/><E19/><V97/><F42/><W94/><G94/><AGARI ba="0,2" hai="20,22,23,36,40,47,73,76,82,88,94,96,121,122" machi="94" ten="40,2600,0" yaku="1,1,54,1,53,0" doraHai="62" doraHaiUra="130" who="1" fromWho="3" sc="243,0,219,46,254,0,264,-26" /><INIT seed="4,0,0,1,0,91" ten="243,265,254,238" oya="0" hai0="73,47,119,87,0,82,34,101,53,99,85,23,107" hai1="51,112,131,8,88,46,25,95,96,50,12,103,79" hai2="69,18,109,27,3,105,121,14,120,9,66,57,55" hai3="41,130,7,61,1,6,33,92,115,44,65,5,48"/><T40/><D34/><U113/><E131/><V128/><F109/><W116/><G116/><T43/><D0/><U45/><E79/><V98/><F128/><W10/><G33/><T80/><D119/><U117/><E117/><V26/><F69/><W36/><G130/><T81/><D73/><U30/><E50/><V32/><F66/><W59/><G115/><N who="1" m="44106" /><E103/><V56/><F56/><W54/><REACH who="3" step="1"/><G92/><REACH who="3" ten="243,265,254,228" step="2"/><N who="0" m="58599" /><D23/><N who="1" m="15679" /><E51/><V15/><F32/><W93/><G93/><T20/><D20/><U125/><E125/><V64/><F105/><W86/><G86/><N who="0" m="32779" /><D107/><U72/><E72/><V28/><F121/><W70/><AGARI ba="0,1" hai="1,5,6,7,10,36,41,44,48,54,59,61,65,70" machi="70" ten="20,8000,1" yaku="1,1,0,1,7,1,24,2,53,0" doraHai="91" doraHaiUra="74" who="3" fromWho="3" sc="243,-40,265,-20,254,-20,228,90" owari="203,-29.7,245,4.5,234,-16.6,318,41.8" /></mjloggm>