<mjloggm ver="2.3"><GO type="225" lobby="0"/><UN n0="%E3%83%9D%E3%83%B3%E3%83%9D%E3%82%B3%E5%95%86%E4%BA%8B" n1="%E6%98%BC%E4%B8%8B%E3%81%8C%E3%82%8A%E3%81%AE%E5%9B%A3%E5%9C%B0%E5%A6%BB" n2="%E3%83%96%E3%83%83%E3%83%91%E3%82%AA%E3%83%96%E3%83%81%E3%82%AD%E3%83%B3" n3="%E6%A1%9C%E8%8A%B1%E9%96%83%E3%80%85" dan="16,16,16,17" rate="2178.86,2148.61,2208.19,2254.85" sx="M,F,M,M"/><TAIKYOKU oya="0"/><INIT seed="0,0,0,0,5,52" ten="250,250,250,250" oya="0" hai0="122,43,81,107,135,15,53,95,125,121,48,94,106" hai1="54,27,105,62,118,4,13,21,112,14,49,113,20" hai2="34,2,89,66,82,86,119,69,23,132,45,102,35" hai3="87,72,12,80,70,59,61,130,100,111,129,68,96"/><T44/><D125/><U42/><E118/><V93/><F132/><W124/><G72/><T32/><D135/><U97/><E42/><V36/><F119/><W92/><G111/><T37/><D32/><U73/><E73/><V16/><F2/><W38/><G38/><T78/><D15/><U133/><E133/><V47/><F69/><W123/><G12/><T126/><D126/><U33/><E62/><V120/><F120/><W108/><G108/><T110/><D110/><U29/><E33/><V128/><F128/><N who="3" m="49259" /><G123/><T109/><D109/><U26/><E105/><V10/><F10/><W22/><G22/><T30/><D30/><U117/><E117/><V85/><F66/><N who="3" m="39231" /><G124/><T3/><D3/><U57/><E97/><V84/><F102/><W114/><G114/><N who="1" m="44138" /><E4/><V90/><F85/><W76/><AGARI ba="0,0" hai="68,70,76,80,87,92,96,100" m="39231,49259" machi="76" ten="30,2000,0" yaku="19,1,52,1" doraHai="52" who="3" fromWho="3" sc="250,-10,250,-5,250,-5,250,20" /><INIT seed="1,0,0,3,4,7" ten="240,245,245,270" oya="1" hai0="36,108,72,42,41,52,37,75,31,26,13,16,110" hai1="74,117,129,58,12,15,53,83,105,134,32,97,11" hai2="82,69,57,48,94,0,62,21,35,114,135,60,96" hai3="34,54,3,73,40,38,88,63,118,24,122,49,103"/><U93/><E117/><V76/><F35/><W43/><G122/><T44/><D42/><U5/><E32/><V98/><F0/><W95/><G118/><T17/><D37/><U45/><E134/><V86/><F135/><W127/><G73/><T111/><D52/><U85/><E105/><V67/><F114/><W89/><G3/><T125/><D125/><U106/><E106/><V81/><F48/><W47/><G63/><T25/><D17/><U132/><E74/><V33/><F33/><W8/><G127/><T51/><D36/><U124/><E124/><V128/><F128/><W61/><G61/><T104/><D104/><U78/><E45/><V115/><F115/><W56/><G43/><T20/><REACH who="0" step="1"/><D26/><REACH who="0" ten="230,245,245,270" step="2"/><U113/><E132/><V29/><F62/><W102/><G24/><T22/><AGARI ba="0,1" hai="13,16,20,22,25,31,41,44,51,72,75,108,110,111" machi="22" ten="30,8000,1" yaku="1,1,2,1,0,1,14,1,54,1,53,0" doraHai="7" doraHaiUra="4" who="0" fromWho="0" sc="230,90,245,-40,245,-20,270,-20" /><INIT seed="2,0,0,5,5,35" ten="320,205,225,250" oya="2" hai0="61,6,23,110,77,25,103,119,34,101,70,97,82" hai1="129,85,112,41,19,50,99,71,40,16,117,91,9" hai2="88,132,20,66,95,59,126,5,10,130,57,42,98" hai3="86,46,36,123,120,100,78,84,38,4,115,49,0"/><V64/><F126/><W14/><G100/><T27/><D110/><U53/><E112/><V133/><F130/><W121/><G115/><T109/><D109/><U135/><E117/><V60/><F42/><N who="3" m="24791" /><G84/><T47/><D119/><U94/><E71/><V58/><F20/><W131/><G0/><T69/><D6/><U15/><E135/><V11/><F11/><N who="3" m="4455" /><G131/><T107/><D103/><U26/><E129/><V30/><F30/><W8/><G8/><T96/><D96/><U31/><E19/><V108/><F108/><W81/><AGARI ba="0,0" hai="36,38,78,81,86,120,121,123" m="4455,24791" machi="81" ten="40,1500,0" yaku="25,1" doraHai="35" who="3" fromWho="3" sc="320,-4,205,-4,225,-7,250,15" /><INIT seed="3,0,0,5,0,27" ten="316,201,218,265" oya="3" hai0="14,120,0,114,57,60,55,128,127,50,65,84,124" hai1="81,109,99,49,44,79,30,88,102,121,42,80,86" hai2="1,125,11,29,6,47,20,111,107,96,52,94,3" hai3="91,115,12,130,82,8,117,132,33,129,77,76,105"/><W72/><G115/><T41/><D0/><U112/><E109/><V61/><F107/><W78/><G33/><T74/><D74/><U16/><E112/><V39/><F111/><W51/><G117/><T24/><D114/><U122/><E30/><V93/><F125/><N who="0" m="48202" /><D120/><U67/><E67/><V66/><F3/><W34/><G34/><T4/><D128/><N who="3" m="49257" /><G105/><T71/><D24/><U32/><E32/><V69/><F94/><W103/><G103/><T126/><D126/><U7/><E7/><V116/><F116/><W110/><G51/><T19/><D84/><U119/><E119/><V45/><F39/><W28/><G91/><T87/><D87/><U133/><E133/><V108/><F108/><W70/><G70/><T85/><D85/><U46/><E46/><V9/><F47/><W64/><G64/><T2/><D41/><U37/><E37/><V62/><F45/><W90/><G8/><N who="0" m="6599" /><D4/><U56/><E56/><N who="2" m="34951" /><F6/><W106/><G106/><T53/><D2/><U100/><E121/><V5/><F1/><W10/><G72/><T59/><D55/><U135/><E135/><V22/><F5/><W54/><G54/><T97/><D97/><U118/><E118/><V63/><F69/><AGARI ba="0,0" hai="50,53,57,59,60,65,69,71" m="6599,48202" machi="69" ten="30,1000,0" yaku="18,1" doraHai="27" who="0" fromWho="2" sc="316,10,201,0,218,-10,265,0" owari="326,42.6,201,-29.9,208,-19.2,265,6.5" /></mjloggm>