<mjloggm ver="2.3"><GO type="225" lobby="0"/><UN n0="%E6%A1%9C%E8%8A%B1%E9%96%83%E3%80%85" n1="%E3%81%B8%E3%82%80%E3%81%B8%E3%82%80%EF%BC%92%E5%8F%B7" n2="%E3%81%95%E3%81%8D%E3%81%9F%E3%81%BE%E6%9E%97%E6%AA%8E" n3="%E3%83%94%E3%83%B3%E3%82%B5%E3%83%AD%E5%BA%97%E5%93%A1" dan="17,16,16,16" rate="2144.71,2117.69,2100.84,2169.87" sx="M,M,M,M"/><TAIKYOKU oya="0"/><INIT seed="0,0,0,3,4,7" ten="250,250,250,250" oya="0" hai0="39,60,49,70,17,53,104,110,118,22,31,115,52" hai1="26,117,75,63,121,83,45,37,43,135,103,9,84" hai2="58,91,36,13,97,18,81,61,46,42,32,76,86" hai3="3,113,21,133,41,123,122,4,77,38,89,5,11"/><T14/><D115/><U87/><E117/><V106/><F32/><W109/><G113/><T134/><D118/><U119/><E121/><N who="3" m="46090" /><G109/><T62/><D39/><U129/><E135/><V64/><F106/><W71/><G71/><T0/><D134/><U28/><E129/><V65/><F65/><W105/><G105/><T12/><D0/><U24/><E103/><V66/><F66/><W57/><G133/><T107/><D110/><U130/><E130/><V54/><F64/><W120/><G120/><T68/><D31/><U51/><E119/><V126/><F126/><W10/><G77/><T90/><D90/><U99/><E99/><V47/><F47/><N who="3" m="23991" /><G57/><T50/><D22/><U125/><E125/><V16/><REACH who="2" step="1"/><F13/><REACH who="2" ten="250,250,240,250" step="2"/><N who="3" m="5319" /><G21/><T48/><D48/><U111/><E51/><V92/><AGARI ba="0,1" hai="16,18,36,42,46,54,58,61,76,81,86,91,92,97" machi="92" ten="30,7900,0" yaku="1,1,0,1,54,1,53,1" doraHai="7" doraHaiUra="73" who="2" fromWho="2" sc="250,-39,250,-20,240,89,250,-20" /><INIT seed="1,0,0,0,5,107" ten="211,230,329,230" oya="1" hai0="77,9,42,24,68,84,47,26,30,82,56,57,117" hai1="123,131,108,19,16,18,13,51,66,58,67,64,105" hai2="7,54,53,115,74,59,72,5,122,79,33,70,17" hai3="61,50,92,35,41,109,119,76,97,111,126,46,113"/><U124/><E123/><V135/><F122/><W45/><G113/><T96/><D117/><U49/><E124/><V130/><F70/><W14/><G35/><T89/><D68/><U27/><E131/><V73/><F33/><W40/><G126/><T25/><D30/><U71/><E71/><V1/><F79/><W37/><G119/><T86/><D96/><U2/><E2/><V31/><F31/><W62/><G14/><T12/><D86/><U75/><E105/><V93/><F1/><W81/><G111/><T134/><D89/><U110/><E75/><V80/><F80/><W69/><G69/><T4/><REACH who="0" step="1"/><D134/><REACH who="0" ten="201,230,329,230" step="2"/><U106/><E106/><V10/><F135/><W125/><G125/><T78/><D78/><U121/><E121/><V120/><F120/><W102/><REACH who="3" step="1"/><G109/><REACH who="3" ten="201,230,329,220" step="2"/><T90/><D90/><U8/><E108/><V116/><F116/><W21/><G21/><T129/><D129/><U44/><E110/><V39/><F130/><W36/><G36/><AGARI ba="0,2" hai="4,9,12,24,25,26,36,42,47,56,57,77,82,84" machi="36" ten="40,1300,0" yaku="1,1,53,0" doraHai="107" doraHaiUra="88" who="0" fromWho="3" sc="201,33,230,0,329,0,220,-13" /><INIT seed="2,0,0,1,2,62" ten="234,230,329,207" oya="2" hai0="86,95,11,123,119,19,64,100,7,84,55,101,135" hai1="3,103,23,57,44,9,72,21,111,51,85,131,30" hai2="65,104,10,78,18,77,49,8,50,36,110,29,106" hai3="102,98,71,13,68,112,16,24,15,117,54,22,115"/><V45/><F36/><W105/><G117/><T33/><D123/><U89/><E72/><V14/><F29/><W125/><G125/><T31/><D119/><U5/><E131/><V1/><F1/><W70/><REACH who="3" step="1"/><G54/><REACH who="3" ten="234,230,329,197" step="2"/><T94/><D55/><U39/><E111/><V40/><F110/><W56/><G56/><T61/><D135/><U127/><E57/><V2/><F45/><W59/><G59/><T34/><D34/><U69/><E127/><V109/><F109/><W118/><G118/><T48/><D33/><U42/><E69/><V75/><F106/><W28/><G28/><T97/><D31/><U79/><E30/><V99/><F104/><W63/><G63/><T83/><D61/><U27/><E44/><V76/><F76/><W47/><G47/><T43/><D43/><U17/><E79/><V93/><F78/><W37/><G37/><T92/><D48/><U38/><E51/><V6/><F77/><W133/><G133/><T46/><D46/><U116/><E42/><V4/><F40/><W124/><G124/><T52/><D52/><U25/><E116/><V80/><F50/><W20/><G20/><T53/><D53/><U82/><E103/><V41/><F41/><W96/><G96/><T126/><D100/><U32/><E32/><V107/><F49/><W121/><G121/><T114/><D126/><U87/><E87/><V122/><F107/><W113/><AGARI ba="0,1" hai="13,15,16,22,24,68,70,71,98,102,105,112,113,115" machi="113" ten="40,8000,1" yaku="1,1,0,1,11,1,54,1,53,0" doraHai="62" doraHaiUra="0" who="3" fromWho="3" sc="234,-20,230,-20,329,-40,197,90" /><INIT seed="3,0,0,0,2,73" ten="214,210,289,287" oya="3" hai0="74,42,130,46,48,134,129,15,12,90,88,121,39" hai1="31,120,114,60,27,44,79,119,124,57,59,83,81" hai2="94,68,92,33,103,6,127,132,69,72,109,125,93" hai3="123,111,112,4,37,66,14,7,35,113,105,98,13"/><W41/><G123/><T22/><D121/><U100/><E120/><V11/><F109/><W38/><G35/><T36/><D134/><U95/><E114/><V78/><F132/><W87/><G66/><T29/><D74/><U5/><E124/><N who="2" m="47691" /><F33/><W96/><G87/><T45/><D29/><U91/><E119/><V1/><F103/><W52/><G52/><N who="0" m="29711" /><D39/><U18/><E100/><V117/><F117/><W53/><G53/><T9/><D22/><N who="1" m="15863" /><E5/><V128/><F128/><N who="0" m="49258" /><D15/><U77/><E18/><AGARI ba="0,0" hai="9,12,18,36,42,46,88,90" m="49258,29711" machi="18" ten="30,3900,0" yaku="19,1,54,2" doraHai="73" who="0" fromWho="1" sc="214,39,210,-39,289,0,287,0" /><INIT seed="4,0,0,3,2,35" ten="253,171,289,287" oya="0" hai0="6,0,43,87,58,66,32,126,91,29,21,110,44" hai1="36,107,131,130,53,121,4,80,20,54,71,122,11" hai2="116,69,112,49,38,47,85,128,134,77,42,123,78" hai3="28,117,96,18,106,115,31,39,108,125,82,83,30"/><T5/><D32/><U63/><E107/><V79/><F123/><N who="1" m="47113" /><E20/><V84/><F112/><W57/><G108/><T26/><D126/><U97/><E97/><V16/><F69/><W23/><G117/><T75/><D75/><U9/><E80/><V15/><F116/><W111/><G39/><T114/><D114/><U7/><E36/><V86/><F128/><N who="1" m="49193" /><E71/><V52/><F134/><W45/><G111/><T73/><D73/><U41/><E41/><V132/><F132/><W62/><G115/><T103/><D103/><U104/><E104/><V81/><F38/><W92/><G106/><T14/><D110/><U24/><E24/><V88/><F42/><W72/><G72/><T68/><D68/><U12/><E63/><V64/><F64/><N who="3" m="38991" /><G125/><T61/><D14/><AGARI ba="0,0" hai="4,7,9,11,12,14,53,54" m="49193,47113" machi="14" ten="30,1000,0" yaku="19,1" doraHai="35" who="1" fromWho="0" sc="253,-10,171,10,289,0,287,0" /><INIT seed="5,0,0,4,5,95" ten="243,181,289,287" oya="1" hai0="10,35,32,90,41,23,19,94,74,82,40,63,104" hai1="14,121,84,85,37,29,68,34,6,51,130,33,75" hai2="12,30,9,53,133,5,108,20,43,92,116,131,115" hai3="106,16,3,58,54,97,72,134,65,114,31,42,62"/><U101/><E121/><V105/><F108/><W125/><G72/><T28/><D104/><U107/><E130/><V69/><F116/><W109/><G109/><T2/><D63/><U52/><E37/><V124/><F105/><W123/><G123/><T71/><D71/><U48/><E68/><V76/><F69/><W57/><G3/><T55/><D55/><U91/><E75/><V80/><F43/><W26/><G114/><T50/><D28/><U73/><E73/><V110/><F110/><W128/><G128/><T132/><D132/><U17/><E6/><V98/><F131/><W126/><G42/><T8/><D41/><U81/><E85/><N who="2" m="48263" /><F133/><W118/><G16/><T7/><D8/><U0/><E0/><V56/><F115/><W60/><G118/><T99/><D82/><U89/><E89/><N who="2" m="55567" /><F124/><N who="3" m="47723" /><G134/><T27/><REACH who="0" step="1"/><D74/><REACH who="0" ten="233,181,289,287" step="2"/><U112/><E112/><V49/><F30/><W64/><G64/><T22/><D22/><AGARI ba="0,1" hai="5,9,12,20,22,49,53,56" m="55567,48263" machi="22" ten="30,2000,0" yaku="8,1,52,1" doraHai="95" who="2" fromWho="0" sc="233,-20,181,0,289,30,287,0" owari="213,-18.7,181,-31.9,319,41.9,287,8.7" /></mjloggm>