<mjloggm ver="2.3"><GO type="225" lobby="0"/><UN n0="%E5%8D%A0%E3%81%84%E5%B8%AB%E8%A3%8F%E3%81%AA%E3%81%84%E3%81%97" n1="%E3%83%94%E3%83%B3%E3%82%B5%E3%83%AD%E5%BA%97%E5%93%A1" n2="%77%72%77%72%77%72%77%72" n3="%E7%89%B9%E6%9D%B1%E3%81%AF%E4%B8%96%E7%95%8C%E3%82%92%E6%95%91%E3%81%86" dan="17,17,17,16" rate="2177.71,2197.45,2194.91,2215.81" sx="M,M,M,M"/><TAIKYOKU oya="0"/><INIT seed="0,0,0,3,4,34" ten="250,250,250,250" oya="0" hai0="58,68,20,69,121,123,124,72,10,85,45,17,15" hai1="81,73,14,71,110,119,23,106,7,66,97,44,134" hai2="98,59,53,67,32,46,49,24,3,76,89,54,102" hai3="36,64,90,87,93,22,128,42,84,35,27,30,16"/><T56/><D72/><U95/><E119/><V57/><F3/><W112/><G112/><T113/><D113/><U19/><E106/><V116/><F116/><W80/><G128/><T52/><D124/><U13/><E110/><V9/><F9/><W75/><G64/><T107/><D107/><U129/><E129/><V38/><F76/><W99/><G42/><T70/><D85/><U65/><E134/><V48/><F89/><W18/><G36/><T109/><D109/><U63/><E65/><V118/><F118/><W12/><REACH who="3" step="1"/><G18/><REACH who="3" ten="250,250,250,240" step="2"/><T11/><D123/><U127/><E19/><V2/><F67/><W96/><G96/><T39/><D121/><U25/><E97/><V133/><F133/><W33/><G33/><T62/><REACH who="0" step="1"/><D58/><REACH who="0" ten="240,250,250,240" step="2"/><U79/><E127/><V130/><F59/><W82/><G82/><T94/><D94/><U51/><E95/><V111/><F57/><W101/><G101/><T83/><D83/><U61/><E81/><V126/><F102/><W108/><G108/><T115/><D115/><U91/><E66/><V8/><F111/><W135/><G135/><T77/><D77/><AGARI ba="0,2" hai="12,16,22,27,30,35,75,77,80,84,87,90,93,99" machi="77" ten="40,5200,0" yaku="1,1,54,1,53,1" doraHai="34" doraHaiUra="29" who="3" fromWho="0" sc="240,-52,250,0,250,0,240,72" /><INIT seed="1,0,0,4,0,60" ten="188,250,250,312" oya="1" hai0="47,89,23,128,118,78,29,132,6,57,94,76,91" hai1="5,70,126,79,31,111,98,52,46,42,73,7,26" hai2="99,15,96,35,53,34,56,1,49,3,110,36,93" hai3="43,120,74,75,84,10,117,77,129,51,85,19,69"/><U116/><E116/><V48/><F36/><W88/><G120/><T130/><D118/><U119/><E119/><V109/><F15/><W115/><G117/><T123/><D123/><U103/><E70/><V45/><F45/><W62/><G115/><T67/><D6/><U90/><E126/><V4/><F4/><W25/><G129/><N who="0" m="49771" /><D47/><U18/><E18/><V80/><F80/><W113/><G77/><N who="0" m="29803" /><D132/><U102/><E111/><N who="2" m="42507" /><F48/><W92/><G51/><T65/><D57/><U33/><E7/><V28/><F99/><W21/><G43/><T71/><D71/><U50/><E5/><V39/><F39/><W125/><G69/><T24/><D89/><U44/><E90/><V61/><F49/><W131/><G131/><T134/><D134/><U135/><E135/><V97/><F97/><AGARI ba="0,0" hai="23,24,29,65,67,91,94,97" m="29803,49771" machi="97" ten="30,3900,0" yaku="19,1,52,2" doraHai="60" who="0" fromWho="2" sc="188,39,250,0,250,-39,312,0" /><INIT seed="2,0,0,4,1,6" ten="227,250,211,312" oya="2" hai0="134,101,53,27,43,31,67,61,21,2,32,114,42" hai1="122,119,35,51,132,133,63,9,15,57,76,33,92" hai2="26,115,17,54,69,125,36,48,75,97,70,41,45" hai3="71,98,18,81,65,91,62,84,50,4,88,44,59"/><V90/><F115/><W118/><G118/><T0/><D114/><U28/><E119/><V77/><F125/><W107/><G4/><T55/><D134/><N who="1" m="51819" /><E122/><V11/><F75/><W66/><G66/><T120/><D120/><U109/><E109/><V14/><F77/><W131/><G131/><T5/><D32/><U58/><E76/><V127/><F127/><W130/><G130/><T89/><D0/><U68/><E92/><V104/><F26/><W123/><G123/><T105/><D89/><U102/><E102/><V108/><F108/><W25/><G71/><T121/><D121/><U128/><E128/><V103/><REACH who="2" step="1"/><F90/><REACH who="2" ten="227,250,201,312" step="2"/><W72/><G72/><T46/><D27/><U7/><E35/><V3/><F3/><W22/><G84/><T87/><D87/><U85/><E85/><V13/><F13/><W99/><G91/><T94/><D2/><U111/><E111/><V113/><F113/><W19/><G88/><T34/><D34/><U23/><E33/><V112/><F112/><W93/><G25/><T38/><D31/><U30/><E30/><V1/><F1/><W86/><G86/><T73/><D73/><U135/><E135/><V8/><F8/><W96/><G81/><T10/><D10/><U74/><E74/><V110/><F110/><W116/><G116/><T39/><D94/><U60/><E28/><V95/><F95/><W24/><G93/><T106/><D106/><U83/><E83/><V82/><F82/><W80/><G107/><T64/><D105/><U56/><E15/><V12/><F12/><W40/><G80/><T78/><D78/><RYUUKYOKU ba="0,1" sc="227,-15,250,-15,201,15,312,15" hai2="11,14,17,36,41,45,48,54,69,70,97,103,104" hai3="18,19,22,24,40,44,50,59,62,65,96,98,99" /><INIT seed="2,1,1,4,3,39" ten="212,235,216,327" oya="2" hai0="123,117,75,35,63,80,46,49,132,9,26,99,86" hai1="58,121,54,73,129,120,67,57,106,78,112,109,91" hai2="65,122,116,47,6,36,21,71,51,115,94,11,74" hai3="10,101,25,34,84,81,68,100,24,5,69,133,118"/><V135/><F115/><W31/><G118/><T45/><D123/><N who="1" m="47179" /><E112/><V22/><F122/><W32/><G133/><T44/><D132/><U104/><E109/><V8/><F116/><W114/><G114/><T83/><D117/><U50/><E129/><V38/><F135/><W14/><G101/><T43/><D75/><U17/><E91/><V61/><F74/><W89/><G100/><T59/><D99/><U76/><E17/><V124/><F124/><W110/><G110/><T111/><D111/><U126/><E126/><V0/><F8/><W97/><G97/><T52/><D83/><N who="1" m="45455" /><E78/><V105/><F105/><N who="1" m="40553" /><E67/><V56/><F94/><W96/><G96/><T23/><D9/><U12/><E12/><V79/><F79/><W88/><G89/><N who="0" m="51399" /><D35/><U72/><E72/><V131/><F131/><W85/><G85/><T19/><AGARI ba="1,1" hai="19,23,26,43,44,45,46,49,52,59,63" m="51399" machi="19" ten="30,4000,0" yaku="8,1,52,1,54,1" doraHai="39" who="0" fromWho="0" sc="212,53,235,-11,216,-21,327,-11" /><INIT seed="3,0,0,5,5,67" ten="265,224,195,316" oya="3" hai0="72,17,66,8,37,80,55,111,107,97,91,108,71" hai1="69,14,101,28,128,121,4,18,102,32,61,62,40" hai2="60,100,23,73,6,89,130,125,122,123,83,12,27" hai3="85,109,15,39,46,96,50,82,3,118,135,93,57"/><W124/><G3/><T114/><D37/><U68/><E121/><V43/><F130/><W119/><G39/><T5/><D17/><U42/><E128/><V53/><F125/><W132/><G57/><T0/><D55/><U44/><E4/><V120/><F100/><N who="1" m="38505" /><E32/><V21/><F43/><N who="1" m="16425" /><E69/><V126/><F126/><W36/><G36/><T74/><D114/><U110/><E68/><V25/><F6/><W41/><G124/><T26/><D26/><U81/><E110/><V104/><F104/><W87/><G109/><N who="0" m="42059" /><D91/><U22/><E44/><V105/><F105/><W9/><G118/><T103/><D80/><U51/><E51/><V99/><F73/><W19/><G119/><T117/><D117/><U95/><E81/><V38/><F38/><W35/><G82/><T127/><D127/><U63/><E95/><V70/><F53/><W31/><G50/><T52/><D52/><U65/><E65/><N who="2" m="41255" /><F12/><W56/><G56/><T29/><D29/><AGARI ba="0,0" hai="14,18,22,28,29,61,62,63" m="16425,38505" machi="29" ten="30,1000,0" yaku="8,1" doraHai="67" who="1" fromWho="0" sc="265,-10,224,10,195,0,316,0" owari="255,5.5,234,-16.6,195,-30.5,316,41.6" /></mjloggm>