<mjloggm ver="2.3"><GO type="225" lobby="0"/><UN n0="%E3%81%8B%E3%82%8F%E3%81%A1%E3%82%83%E3%82%93%35%38" n1="%E3%83%A9%E3%82%A4%E3%83%B3%E3%81%AE%E8%99%8E" n2="%E4%BF%BA%E3%81%A8%E5%A6%96%E5%A4%A2" n3="%E3%81%BF%E3%81%BF%E3%81%9A" dan="16,16,16,18" rate="2132.28,2141.88,2249.46,2178.41" sx="M,M,F,M"/><TAIKYOKU oya="0"/><INIT seed="0,0,0,1,4,14" ten="250,250,250,250" oya="0" hai0="127,8,7,12,27,126,125,121,20,106,105,130,48" hai1="92,70,52,118,64,31,57,58,35,102,116,23,84" hai2="5,28,42,37,34,108,32,83,1,0,77,100,13" hai3="97,89,45,99,109,19,2,124,134,133,49,73,104"/><T22/><D130/><U46/><E35/><V87/><F108/><W79/><G109/><T47/><D121/><U113/><E113/><V123/><F123/><W98/><G2/><T85/><D85/><U11/><E70/><V65/><F65/><W103/><G124/><T33/><D33/><U94/><E11/><V119/><F100/><W129/><G129/><T4/><D4/><U40/><E58/><V132/><F132/><N who="3" m="50795" /><G89/><T110/><D110/><U6/><E6/><V107/><F107/><W76/><G19/><T96/><D96/><N who="3" m="36969" /><G73/><T10/><D10/><U86/><E102/><V16/><F119/><W17/><G17/><N who="0" m="12687" /><D22/><U29/><E23/><V59/><F5/><W55/><AGARI ba="0,0" hai="45,49,55,76,79,99,103,104" m="36969,50795" machi="55" ten="30,1100,0" yaku="20,1" doraHai="14" who="3" fromWho="3" sc="250,-5,250,-3,250,-3,250,11" /><INIT seed="1,0,0,2,2,126" ten="245,247,247,261" oya="1" hai0="51,17,75,7,57,8,22,105,46,118,115,21,53" hai1="50,0,13,23,33,78,124,70,92,18,120,121,99" hai2="44,59,66,24,48,77,125,60,11,43,98,117,10" hai3="135,114,110,28,29,15,64,104,16,5,111,19,76"/><U119/><E119/><V62/><F125/><W67/><G114/><T134/><D118/><U86/><E124/><V73/><F117/><W3/><G104/><T82/><D115/><U100/><E70/><V122/><F122/><W127/><G127/><T106/><D134/><U42/><E33/><V45/><F73/><W83/><G135/><T79/><D57/><U71/><E71/><V38/><F77/><W65/><G5/><T32/><D32/><U25/><E0/><V31/><F62/><W56/><G3/><T20/><REACH who="0" step="1"/><D17/><REACH who="0" ten="235,247,247,261" step="2"/><U113/><E113/><V94/><F44/><W84/><G56/><T108/><D108/><N who="3" m="41513" /><G19/><T1/><AGARI ba="0,1" hai="1,7,8,20,21,22,46,51,53,75,79,82,105,106" machi="1" ten="30,2000,0" yaku="1,1,0,1,53,0" doraHai="126" doraHaiUra="55" who="0" fromWho="0" sc="235,30,247,-10,247,-5,261,-5" /><INIT seed="2,0,0,1,0,72" ten="265,237,242,256" oya="2" hai0="132,80,76,95,15,41,65,113,98,55,54,109,53" hai1="11,28,100,58,67,130,17,19,36,46,78,73,48" hai2="123,9,60,50,81,96,121,128,12,97,117,6,71" hai3="119,7,110,105,127,114,107,64,34,135,77,69,86"/><V111/><F117/><W108/><G119/><T40/><D113/><U38/><E130/><V2/><F128/><W94/><G114/><T88/><D109/><N who="3" m="42089" /><G34/><T82/><D132/><U101/><E28/><V29/><F111/><W18/><G7/><T37/><D37/><U134/><E134/><V90/><F29/><W112/><G112/><T51/><D65/><U24/><E24/><V47/><F2/><W126/><G135/><T62/><D62/><U91/><E91/><V20/><F20/><W0/><G0/><T68/><D68/><U93/><E58/><V74/><F60/><N who="3" m="40071" /><G18/><T39/><D39/><U5/><E67/><V85/><F71/><W21/><G21/><T116/><D116/><U99/><E19/><V87/><F74/><W122/><G122/><T31/><D31/><U25/><E17/><V16/><F6/><W120/><G120/><T63/><D63/><U59/><E5/><V83/><F123/><W42/><G42/><T14/><D51/><U4/><E48/><V102/><F102/><W26/><G26/><T52/><N who="0" m="13312" /><DORA hai="49" /><T8/><D14/><U1/><E25/><V3/><F3/><W32/><G32/><T92/><D92/><U79/><E101/><V56/><F56/><W27/><G27/><T45/><D45/><U22/><E59/><V43/><REACH who="2" step="1"/><F121/><REACH who="2" ten="265,237,232,256" step="2"/><W23/><G23/><T10/><D10/><U30/><E22/><V70/><F70/><W129/><G129/><T124/><D8/><U13/><E11/><V57/><F57/><W133/><G133/><T106/><D15/><U115/><E13/><V44/><F44/><RYUUKYOKU ba="0,1" sc="265,-10,237,-10,232,30,256,-10" hai2="9,12,16,43,47,50,81,83,85,87,90,96,97" /><INIT seed="2,1,1,5,3,121" ten="255,227,262,246" oya="2" hai0="76,101,115,86,44,123,97,38,58,114,78,87,77" hai1="94,126,40,32,56,109,29,49,128,72,47,22,95" hai2="6,116,129,43,4,104,71,73,68,132,37,108,23" hai3="27,85,131,42,11,93,2,79,70,60,92,21,10"/><V65/><F116/><W84/><G70/><T59/><D123/><U122/><E122/><V1/><F23/><W135/><G135/><T127/><D44/><U66/><E72/><V9/><F4/><W111/><G131/><T134/><D38/><U30/><E128/><V105/><F129/><W19/><G111/><T36/><D36/><U83/><E32/><V82/><F132/><W125/><G125/><T102/><D134/><U5/><E126/><V15/><F15/><W46/><G60/><T89/><D127/><U7/><E83/><V55/><F55/><W120/><G120/><T16/><D16/><U90/><E109/><V24/><F24/><W39/><G2/><T20/><D20/><U117/><E95/><V41/><F41/><W98/><G92/><N who="0" m="56463" /><D58/><U75/><E75/><V35/><F108/><W8/><REACH who="3" step="1"/><G79/><REACH who="3" ten="255,227,262,236" step="2"/><T110/><D110/><U103/><E117/><V13/><F1/><W100/><AGARI ba="1,2" hai="8,10,11,19,21,27,39,42,46,84,85,93,98,100" machi="100" ten="30,4000,0" yaku="1,1,2,1,0,1,53,0" doraHai="121" doraHaiUra="0" who="3" fromWho="3" sc="255,-11,227,-11,262,-21,236,63" /><INIT seed="3,0,0,5,1,68" ten="244,216,241,299" oya="3" hai0="88,106,110,43,6,51,3,98,17,113,122,16,20" hai1="67,131,53,46,73,8,61,65,63,109,64,77,66" hai2="112,117,22,121,78,111,82,130,49,52,80,32,27" hai3="60,101,28,24,5,38,70,107,18,41,94,104,85"/><W99/><G5/><T37/><D122/><U102/><E102/><V133/><F112/><W14/><G38/><T45/><D113/><U2/><E109/><V116/><F111/><W95/><G41/><T135/><D110/><U30/><E131/><V12/><F130/><W120/><G120/><T92/><D135/><U42/><N who="1" m="16384" /><DORA hai="56" /><U114/><E30/><V50/><F121/><W93/><G60/><T15/><D106/><U86/><E114/><V128/><F128/><W76/><G107/><T9/><REACH who="0" step="1"/><D17/><REACH who="0" ten="234,216,241,299" step="2"/><U75/><E75/><V25/><F133/><W81/><G70/><T134/><D134/><U127/><E127/><V74/><F74/><W1/><G1/><T29/><D29/><U89/><E73/><V126/><F126/><W10/><G104/><T69/><D69/><U125/><E125/><V7/><F117/><W31/><G31/><T47/><D47/><U119/><E119/><V35/><F116/><W58/><G58/><T44/><D44/><U132/><E132/><V123/><F123/><W13/><G13/><T36/><AGARI ba="0,1" hai="3,6,9,15,16,20,36,37,43,45,51,88,92,98" machi="36" ten="30,12000,2" yaku="1,1,0,1,52,2,54,2,53,1" doraHai="68,56" doraHaiUra="0,124" who="0" fromWho="0" sc="234,130,216,-30,241,-30,299,-60" owari="364,46.4,186,-31.4,211,-18.9,239,3.9" /></mjloggm>