<mjloggm ver="2.3"><GO type="225" lobby="0"/><UN n0="%E7%B4%94%E6%BD%94%E3%83%94%E3%83%A9%E3%83%8B%E3%82%A2" n1="%E3%83%96%E3%83%83%E3%83%91%E3%82%AA%E3%83%96%E3%83%81%E3%82%AD%E3%83%B3" n2="%E9%A6%AC%E5%BC%95%E7%81%AB%33" n3="%E3%83%A9%E3%83%BC%E3%83%A1%E3%83%B3%E4%BA%94%E9%83%8E" dan="17,16,16,16" rate="2213.95,2235.44,2138.49,2098.30" sx="M,M,M,M"/><TAIKYOKU oya="0"/><INIT seed="0,0,0,5,1,97" ten="250,250,250,250" oya="0" hai0="106,100,19,71,64,93,105,122,17,16,54,6,72" hai1="41,133,34,3,103,85,81,96,128,66,47,5,76" hai2="79,90,114,0,73,91,84,124,7,88,44,46,42" hai3="8,126,20,33,9,83,92,80,55,119,98,108,125"/><T65/><D72/><U117/><E117/><V13/><F114/><W104/><G33/><T118/><D118/><U40/><E133/><V74/><F0/><W107/><G119/><T4/><D122/><U21/><E128/><V129/><F129/><W22/><G55/><T134/><D134/><U24/><E34/><V130/><F130/><W82/><G108/><T38/><D38/><U56/><E3/><V52/><F124/><N who="3" m="47723" /><G92/><T35/><D35/><U115/><E115/><V15/><F7/><N who="0" m="2602" /><D71/><U102/><E5/><V39/><F74/><W11/><G98/><N who="0" m="59471" /><D106/><AGARI ba="0,0" hai="8,9,11,20,22,80,82,83,104,106,107" m="47723" machi="106" ten="40,5200,0" yaku="28,2,18,1" doraHai="97" who="3" fromWho="0" sc="250,-52,250,0,250,0,250,52" /><INIT seed="1,0,0,2,3,1" ten="198,250,250,302" oya="1" hai0="97,86,23,83,2,18,11,20,57,71,121,78,49" hai1="64,120,72,48,85,4,77,43,87,123,45,40,128" hai2="17,55,58,104,90,33,26,110,10,67,8,114,68" hai3="102,112,134,80,92,46,63,62,47,79,25,22,6"/><U27/><E128/><V59/><F110/><W124/><G112/><T56/><D71/><U28/><E64/><V16/><F68/><W125/><G134/><T7/><D121/><U19/><E72/><V119/><F119/><W101/><G6/><T115/><D115/><U74/><E74/><V113/><F104/><W15/><G15/><T126/><D126/><N who="3" m="48745" /><G47/><T84/><D23/><N who="1" m="15487" /><E123/><V31/><F113/><W99/><G46/><T66/><D66/><U95/><E120/><V91/><F114/><W5/><G5/><T132/><D132/><U61/><E61/><V54/><F67/><W42/><G42/><N who="1" m="15914" /><E4/><V32/><F26/><W34/><G102/><T52/><D97/><U106/><E106/><V36/><F31/><N who="3" m="17847" /><G34/><T94/><D56/><U105/><E105/><V96/><F96/><W51/><G51/><T3/><D3/><U13/><E45/><V116/><F116/><W82/><G82/><T14/><D94/><U38/><E48/><V69/><F69/><W118/><G118/><T0/><D2/><U100/><E38/><AGARI ba="0,0" hai="8,10,16,17,32,33,36,38,54,55,58,59,90,91" machi="38" ten="25,3200,0" yaku="22,2,54,1" doraHai="1" who="2" fromWho="1" sc="198,0,250,-32,250,32,302,0" /><INIT seed="2,0,0,0,4,68" ten="198,218,282,302" oya="2" hai0="101,100,94,92,62,123,0,80,126,29,31,83,77" hai1="70,106,81,7,52,131,6,93,129,33,61,85,19" hai2="35,73,127,134,15,55,86,133,17,135,69,112,108" hai3="13,14,46,64,53,90,119,32,42,40,98,116,74"/><V71/><F112/><W72/><G32/><T104/><D0/><U102/><E33/><V109/><F73/><W95/><G64/><T96/><D123/><U36/><E106/><V20/><F127/><W111/><G111/><N who="2" m="42569" /><F35/><W97/><G53/><T38/><D62/><U114/><E114/><V110/><N who="2" m="42577" /><V63/><DORA hai="121" /><F86/><W3/><G72/><T67/><D67/><U22/><E70/><V30/><F30/><W25/><G74/><T24/><D96/><N who="1" m="59663" /><E36/><V10/><F20/><W91/><G116/><T34/><D34/><U66/><E66/><V124/><F124/><W45/><G119/><T43/><D38/><U1/><E1/><V78/><F78/><W79/><G3/><T65/><D77/><N who="1" m="46255" /><E131/><V9/><F9/><W84/><G79/><T5/><D65/><U113/><E129/><V37/><F37/><W117/><G117/><T89/><D126/><U16/><E113/><V115/><F115/><W120/><G120/><T132/><D31/><U2/><E2/><V26/><F26/><W118/><G118/><T57/><D24/><U76/><E76/><V99/><F99/><W107/><G25/><T51/><D29/><U125/><E125/><V128/><F128/><W48/><G98/><T56/><D104/><U50/><E22/><V75/><F75/><W12/><G107/><T49/><D94/><U41/><E6/><V105/><F105/><W8/><G8/><T88/><D92/><U21/><E7/><V58/><AGARI ba="0,0" hai="10,15,17,55,58,63,69,71,133,134,135" m="42577" machi="58" ten="50,18000,2" yaku="20,1,14,1,10,1,52,4" doraHai="68,121" who="2" fromWho="2" sc="198,-60,218,-60,282,180,302,-60" /><INIT seed="2,1,0,0,3,87" ten="138,158,462,242" oya="2" hai0="37,12,70,101,73,81,25,41,24,131,107,54,97" hai1="118,1,77,78,122,49,90,68,26,17,93,63,115" hai2="113,105,108,58,2,23,38,80,128,45,50,14,29" hai3="40,39,62,94,36,51,55,76,33,100,28,35,61"/><V110/><F113/><W95/><G28/><T132/><D131/><U111/><E115/><V16/><F2/><W135/><G135/><T127/><D132/><U22/><E118/><V56/><F38/><W7/><G76/><N who="1" m="29290" /><E1/><V48/><F105/><W83/><G83/><T9/><D70/><U27/><E68/><V0/><F0/><W11/><G33/><T121/><D121/><U8/><E111/><N who="2" m="42539" /><F128/><W75/><G75/><T52/><D127/><U133/><E133/><V71/><F71/><W3/><G35/><T126/><D126/><U19/><E122/><V60/><F80/><W102/><G36/><T123/><D81/><U134/><E134/><V72/><F72/><W96/><G39/><T91/><D73/><U66/><E49/><N who="2" m="19051" /><F45/><W67/><G94/><T53/><D123/><U119/><E119/><V82/><F82/><W47/><G95/><T18/><REACH who="0" step="1"/><D91/><REACH who="0" ten="128,158,462,242" step="2"/><U4/><E90/><V98/><F98/><W114/><G47/><AGARI ba="1,1" hai="9,12,18,24,25,37,41,47,52,53,54,97,101,107" machi="47" ten="40,8000,1" yaku="1,1,2,1,54,1,53,1" doraHai="87" doraHaiUra="42" who="0" fromWho="3" sc="128,93,158,0,462,0,242,-83" /><INIT seed="3,0,0,3,4,0" ten="221,158,462,159" oya="3" hai0="83,111,109,43,123,68,67,80,78,25,120,34,76" hai1="106,49,41,90,62,118,26,101,17,103,131,94,54" hai2="23,124,119,97,4,75,102,87,5,128,10,72,105" hai3="8,100,47,35,15,46,99,13,108,116,39,84,92"/><W134/><G116/><T63/><D43/><U89/><E131/><V70/><F119/><W32/><G134/><T56/><D56/><N who="1" m="35095" /><E106/><V65/><F124/><W6/><G108/><N who="0" m="41547" /><D25/><U48/><E118/><V14/><F5/><W86/><G39/><T3/><D3/><U22/><E90/><V37/><F128/><W110/><G110/><T44/><D44/><N who="3" m="16937" /><G32/><T114/><D34/><U95/><E95/><V66/><F37/><W127/><G35/><T61/><D61/><U73/><E73/><V36/><F36/><W107/><G107/><T122/><D114/><U7/><E7/><V52/><F70/><W38/><G38/><T16/><D16/><U64/><E64/><V71/><F71/><W12/><G127/><T104/><D104/><U96/><E41/><V51/><F75/><W126/><G126/><T117/><D117/><U135/><E135/><V132/><F72/><W129/><G129/><T55/><D55/><U24/><E24/><V9/><F132/><W82/><G86/><T29/><D29/><U57/><E57/><V113/><F87/><W21/><G21/><T31/><D31/><U18/><E18/><V121/><F113/><W27/><G27/><T1/><D1/><U53/><E53/><V45/><F121/><W130/><G130/><T88/><D76/><AGARI ba="0,0" hai="6,8,12,13,15,76,82,84,92,99,100" m="16937" machi="76" ten="30,2900,0" yaku="8,1,52,1" doraHai="0" who="3" fromWho="0" sc="221,-29,158,0,462,0,159,29" /><INIT seed="3,1,0,2,5,88" ten="192,158,462,188" oya="3" hai0="119,5,15,35,43,13,23,21,89,7,0,31,102" hai1="33,39,3,103,107,95,67,84,113,40,37,129,8" hai2="58,11,106,127,75,86,124,117,38,134,72,122,19" hai3="93,48,2,17,85,56,131,46,14,71,54,94,126"/><W90/><G2/><T128/><D119/><U24/><E113/><V61/><F38/><W45/><G126/><N who="2" m="48169" /><F106/><W18/><G71/><T27/><D43/><U51/><E129/><V121/><F134/><W133/><G133/><T81/><D102/><U6/><E107/><V50/><F117/><W109/><G131/><T59/><D59/><U22/><E33/><V44/><F86/><N who="3" m="52439" /><G109/><T57/><D57/><U29/><E67/><N who="2" m="39351" /><F11/><N who="3" m="6367" /><G18/><T25/><D128/><U41/><E41/><N who="2" m="24847" /><F19/><W30/><G30/><T118/><D118/><U62/><E62/><V116/><F116/><W20/><G20/><T101/><D35/><U42/><E42/><V79/><F79/><W49/><G49/><T82/><D31/><U74/><E40/><V4/><F4/><W108/><G108/><T132/><D132/><U76/><E51/><V135/><F135/><W130/><G130/><T70/><D5/><U83/><REACH who="1" step="1"/><E84/><REACH who="1" ten="192,148,462,188" step="2"/><V36/><F36/><W78/><G78/><T91/><D7/><U125/><E125/><V99/><F99/><AGARI ba="1,1" hai="3,6,8,22,24,29,37,39,74,76,83,95,99,103" machi="99" ten="40,2600,0" yaku="1,1,52,1,53,0" doraHai="88" doraHaiUra="63" who="1" fromWho="2" sc="192,0,148,39,462,-29,188,0" owari="192,-0.8,187,-31.3,433,53.3,188,-21.2" /></mjloggm>