<mjloggm ver="2.3"><GO type="225" lobby="0"/><UN n0="%2D%E8%B1%8A%E5%8F%A3%E3%82%81%E3%81%90%E3%81%BF%2D" n1="%E5%B0%8F%E9%B3%A5%E9%81%8A%E7%B7%B4%E7%84%A1%32%31%E6%AD%B3" n2="%E3%83%A9%E3%83%BC%E3%83%A1%E3%83%B3%E4%BA%94%E9%83%8E" n3="%E4%BB%8A%E6%97%A5%E4%B8%80" dan="17,16,16,17" rate="2209.15,2194.45,2072.94,2192.61" sx="F,F,M,F"/><TAIKYOKU oya="0"/><INIT seed="0,0,0,0,0,103" ten="250,250,250,250" oya="0" hai0="12,132,9,28,76,108,1,73,32,21,52,110,90" hai1="22,31,50,27,107,105,101,100,81,118,43,38,33" hai2="61,129,89,133,134,53,17,72,111,127,115,97,4" hai3="39,47,18,60,44,34,77,109,121,59,112,85,16"/><T65/><D65/><U79/><E118/><V92/><F115/><W36/><G112/><T102/><D90/><U71/><E71/><V120/><F120/><W86/><G34/><T37/><D37/><U10/><E10/><V42/><F72/><W63/><G77/><T62/><D32/><U40/><E50/><V64/><F111/><N who="0" m="42538" /><D132/><N who="2" m="50794" /><F127/><W2/><G109/><T88/><D102/><U19/><E101/><V13/><F129/><W130/><G59/><N who="0" m="35175" /><D1/><U57/><E100/><V56/><F64/><W93/><G2/><T7/><D88/><U116/><E57/><V68/><F68/><W0/><G0/><T6/><D6/><U11/><E38/><V75/><F4/><W95/><G130/><T30/><D21/><U98/><E98/><V49/><F97/><W96/><G96/><T91/><D91/><U3/><E116/><V124/><F89/><W83/><G83/><AGARI ba="0,0" hai="7,9,12,28,30,73,76,83" m="35175,42538" machi="83" ten="30,5800,0" yaku="14,1,10,1,54,1" doraHai="103" who="0" fromWho="3" sc="250,58,250,0,250,0,250,-58" /><INIT seed="0,1,0,5,4,133" ten="308,250,250,192" oya="0" hai0="42,129,86,71,37,31,8,112,85,28,125,130,55" hai1="83,52,89,46,82,61,45,40,32,33,14,128,35" hai2="68,24,0,134,92,44,77,27,123,91,105,95,3" hai3="70,59,80,53,18,4,57,132,64,73,118,49,119"/><T60/><D112/><U67/><E128/><V54/><F123/><W6/><G73/><T93/><D8/><U109/><E109/><V38/><F105/><W47/><G80/><T101/><D42/><U19/><E89/><V20/><F68/><W21/><G4/><T7/><D37/><U121/><E121/><V69/><F69/><W108/><G6/><T110/><D7/><U104/><E104/><V78/><F134/><W84/><G108/><T12/><D12/><U11/><E46/><V5/><F38/><W103/><G84/><T13/><D13/><U115/><E115/><V124/><F5/><W15/><G132/><T41/><D41/><U127/><E127/><V107/><F107/><W10/><G10/><T114/><D114/><U111/><E111/><V81/><F54/><W117/><G103/><T131/><D110/><U16/><E19/><V116/><F116/><W22/><G22/><T58/><D71/><U43/><E43/><V122/><F122/><W99/><G99/><N who="0" m="59631" /><D125/><U66/><E66/><V88/><F20/><W76/><G76/><T106/><D106/><U9/><E9/><V36/><F36/><W50/><G50/><T1/><D1/><U65/><E65/><V100/><F100/><W26/><G15/><T51/><D51/><U23/><E11/><V34/><F34/><W75/><G75/><T113/><D113/><U25/><E14/><V120/><F120/><W72/><G72/><T48/><D48/><N who="1" m="28687" /><E40/><V79/><F124/><W97/><REACH who="3" step="1"/><G97/><REACH who="3" ten="308,250,250,182" step="2"/><T126/><D126/><U96/><E96/><V29/><F0/><W63/><AGARI ba="1,1" hai="18,21,26,47,49,53,57,59,63,64,70,117,118,119" machi="63" ten="40,8000,1" yaku="1,1,2,1,5,1,0,1,53,0" doraHai="133" doraHaiUra="39" who="3" fromWho="3" sc="308,-41,250,-21,250,-21,182,93" /><INIT seed="1,0,0,4,0,81" ten="267,229,229,275" oya="1" hai0="55,131,84,108,23,90,106,13,4,0,120,124,85" hai1="43,67,1,99,94,82,63,79,34,18,76,71,8" hai2="114,92,123,93,100,48,31,118,127,50,64,89,52" hai3="117,101,53,28,25,21,105,42,128,11,91,27,98"/><U57/><E34/><V30/><F118/><W10/><G117/><T134/><D106/><U116/><E116/><V112/><F123/><W46/><G128/><T80/><D131/><U74/><E76/><V44/><F127/><W36/><G53/><T77/><D124/><U110/><E110/><V3/><F3/><W12/><G12/><T133/><D108/><U45/><E18/><V103/><F64/><W129/><G129/><T5/><D120/><U32/><E32/><V40/><F100/><W38/><G38/><T78/><D78/><U126/><E126/><V29/><F103/><W83/><G27/><T60/><D0/><U130/><E130/><V87/><REACH who="2" step="1"/><F93/><REACH who="2" ten="267,229,219,275" step="2"/><W33/><G101/><T119/><D119/><U125/><E125/><V59/><AGARI ba="0,1" hai="29,30,31,40,44,48,50,52,59,87,89,92,112,114" machi="59" ten="30,8000,1" yaku="1,1,2,1,0,1,52,1,54,1,53,0" doraHai="81" doraHaiUra="104" who="2" fromWho="2" sc="267,-20,229,-40,219,90,275,-20" /><INIT seed="2,0,0,3,0,32" ten="247,189,309,255" oya="2" hai0="54,60,111,91,20,127,48,7,59,135,5,39,52" hai1="116,74,79,92,12,0,40,128,107,130,97,77,81" hai2="50,100,108,125,113,14,132,117,41,9,131,51,99" hai3="84,21,29,28,123,82,76,71,114,53,73,105,47"/><V129/><F113/><W96/><G123/><T101/><D39/><U1/><E40/><V38/><F117/><W36/><G71/><T31/><D111/><U42/><E116/><V102/><F108/><W67/><G67/><T103/><D127/><U75/><E42/><V94/><F125/><W22/><G73/><T11/><D135/><U10/><E107/><V55/><F132/><W124/><G124/><T16/><D31/><U112/><E112/><V93/><F38/><W2/><G2/><T110/><D91/><U104/><E104/><V115/><F41/><W106/><G36/><T72/><D72/><U56/><E56/><V121/><F121/><W26/><G96/><T88/><D88/><N who="1" m="55431" /><E77/><V70/><F70/><W37/><G114/><T44/><D110/><U19/><E74/><V119/><F119/><W3/><G3/><T13/><D7/><U69/><E69/><V68/><F68/><W80/><G80/><T95/><D95/><U85/><E75/><V17/><F115/><W24/><G37/><T43/><D43/><U27/><E27/><AGARI ba="0,0" hai="5,11,13,16,20,27,44,48,52,54,59,60,101,103" machi="27" ten="30,7700,0" yaku="7,1,8,1,54,2" doraHai="32" who="0" fromWho="1" sc="247,77,189,-77,309,0,255,0" /><INIT seed="3,0,0,2,1,39" ten="324,112,309,255" oya="3" hai0="121,22,29,114,81,77,66,85,91,15,36,61,49" hai1="116,122,120,71,111,87,105,124,5,90,86,31,57" hai2="21,78,6,132,99,60,68,129,20,117,94,119,44" hai3="64,98,103,65,63,34,96,17,30,74,45,135,59"/><W51/><G135/><T11/><D36/><U56/><E71/><V106/><F106/><W123/><G123/><T80/><D121/><U76/><E111/><V43/><F132/><W58/><G74/><T133/><D133/><U125/><E5/><V12/><F78/><W13/><G30/><T42/><D114/><U24/><E24/><V110/><F110/><W92/><G34/><T27/><D42/><U82/><E31/><V112/><F112/><W1/><G1/><T128/><D49/><U79/><E105/><V127/><F68/><W93/><G59/><N who="0" m="37183" /><D128/><U38/><E38/><V9/><F129/><W18/><G13/><T55/><D55/><U8/><E8/><V26/><F127/><W72/><G65/><T67/><D67/><U28/><E28/><V4/><F4/><W109/><G72/><T2/><D2/><U118/><E57/><V41/><F60/><W7/><G7/><N who="0" m="3583" /><D77/><U0/><E56/><V100/><F20/><W25/><G25/><T104/><D104/><U32/><E0/><V47/><F119/><W14/><G14/><T108/><D108/><U131/><E32/><V23/><F23/><W53/><G109/><T102/><D102/><AGARI ba="0,0" hai="17,18,45,51,53,58,63,64,92,93,96,98,102,103" machi="102" ten="30,5800,0" yaku="7,1,9,1,8,1" doraHai="39" who="3" fromWho="0" sc="324,-58,112,0,309,0,255,58" owari="266,-13.4,112,-38.8,309,10.9,313,41.3" /></mjloggm>