<mjloggm ver="2.3"><GO type="225" lobby="0"/><UN n0="%E5%8F%AF%E5%85%90%E9%82%A3%E7%94%B1%E5%A4%9A" n1="%72%65%6E%6B%75%6E" n2="%E6%97%A5%E6%9B%9C%E6%97%A5%E3%82%88%E3%82%8A%E3%81%AE%E4%BD%BF%E8%80%85" n3="%E3%83%96%E3%83%83%E3%83%91%E3%82%AA%E3%83%96%E3%83%81%E3%82%AD%E3%83%B3" dan="16,17,17,16" rate="2104.27,2209.66,2166.39,2178.44" sx="F,M,M,M"/><TAIKYOKU oya="0"/><INIT seed="0,0,0,1,3,25" ten="250,250,250,250" oya="0" hai0="42,116,111,84,110,54,128,127,33,91,53,30,133" hai1="5,78,68,4,122,93,81,41,37,120,27,73,86" hai2="62,44,70,24,22,9,34,1,28,23,130,85,57" hai3="72,88,80,134,45,107,26,51,101,129,64,36,50"/><T99/><D116/><U0/><E68/><V55/><F130/><W59/><G129/><T109/><D128/><U52/><E27/><V77/><F70/><W117/><G117/><T79/><D133/><U114/><E114/><V21/><F44/><W16/><G134/><T49/><D127/><U125/><E125/><V43/><F43/><W19/><G36/><T92/><D42/><U112/><E112/><V17/><F77/><W29/><G107/><T60/><D60/><U39/><E39/><V104/><F104/><W118/><G101/><T14/><D14/><U121/><E0/><V124/><F124/><W132/><G118/><T97/><D79/><U38/><E38/><V18/><REACH who="2" step="1"/><F85/><REACH who="2" ten="250,250,240,250" step="2"/><N who="3" m="50215" /><G132/><T76/><D76/><U123/><E123/><V90/><F90/><W35/><G72/><T31/><D33/><U95/><E41/><V3/><F3/><W20/><G35/><T100/><D99/><U106/><E37/><V6/><AGARI ba="0,1" hai="1,6,9,17,18,21,22,23,24,28,34,55,57,62" machi="6" ten="30,4000,0" yaku="1,1,0,1,52,1,53,0" doraHai="25" doraHaiUra="10" who="2" fromWho="2" sc="250,-20,250,-10,240,50,250,-10" /><INIT seed="1,0,0,4,0,15" ten="230,240,290,240" oya="1" hai0="126,93,17,70,106,125,57,105,5,129,74,9,45" hai1="69,99,21,81,120,25,26,117,49,60,110,37,131" hai2="0,35,72,104,66,102,58,48,20,134,32,85,127" hai3="76,78,108,53,33,80,95,44,19,7,118,87,84"/><U14/><E37/><V109/><F72/><W63/><G33/><T55/><D70/><U3/><E3/><V2/><F109/><W34/><G34/><T71/><D71/><U122/><E117/><V124/><F134/><W54/><G108/><T65/><D74/><U88/><E110/><V94/><F104/><W101/><G118/><T39/><D65/><U92/><E131/><V23/><F102/><W31/><G31/><T77/><D77/><U11/><E49/><V114/><F114/><W36/><G7/><T59/><D129/><U133/><E81/><V38/><F38/><W121/><G121/><T98/><D39/><U52/><E133/><V47/><F85/><W6/><G6/><T12/><D45/><U13/><E69/><V10/><F94/><W135/><G135/><T27/><D59/><N who="1" m="34919" /><E122/><V41/><F35/><W113/><G113/><T100/><D106/><U40/><E40/><V1/><F32/><W67/><G36/><T111/><D105/><U68/><E68/><V73/><F73/><W115/><G44/><T8/><D111/><U50/><E50/><V61/><REACH who="2" step="1"/><F10/><REACH who="2" ten="230,240,280,240" step="2"/><W116/><G115/><T89/><D100/><U112/><E112/><V82/><F82/><N who="3" m="47175" /><G116/><T107/><D107/><U30/><E120/><V75/><F75/><W24/><G101/><T90/><D9/><U123/><E123/><V91/><F91/><W119/><G119/><T18/><D90/><U130/><E130/><V62/><F62/><W83/><G83/><T79/><D79/><U132/><E132/><V51/><F51/><W22/><G95/><T86/><D93/><RYUUKYOKU ba="0,1" sc="230,-15,240,-15,280,15,240,15" hai2="0,1,2,20,23,41,47,48,58,61,66,124,127" hai3="19,22,24,53,54,63,67,78,80,87" /><INIT seed="2,1,1,2,3,15" ten="215,225,295,255" oya="2" hai0="99,104,53,93,96,44,63,116,71,27,67,50,120" hai1="72,95,133,12,61,76,3,46,101,32,26,28,42" hai2="122,78,94,48,102,115,123,87,4,103,56,17,33" hai3="118,91,125,16,66,23,8,135,38,21,90,13,126"/><V109/><F33/><W6/><G118/><T39/><D120/><U127/><E3/><V111/><F4/><W9/><G38/><T128/><D128/><U18/><E133/><V47/><F56/><W107/><G107/><T11/><D116/><U2/><E2/><V98/><F103/><W49/><G66/><T58/><D104/><U85/><E127/><N who="3" m="48650" /><G49/><T119/><D119/><U74/><E61/><V59/><F59/><W88/><G135/><T80/><D80/><U0/><E0/><AGARI ba="1,1" hai="0,6,8,9,13,16,21,23,88,90,91" m="48650" machi="0" ten="30,7700,0" yaku="18,1,52,1,54,2" doraHai="15" who="3" fromWho="1" sc="215,0,225,-80,295,0,255,90" /><INIT seed="3,0,0,2,3,50" ten="215,145,295,345" oya="3" hai0="1,5,106,76,101,41,112,58,0,22,40,67,84" hai1="56,27,36,3,85,14,91,94,92,23,82,54,66" hai2="120,70,122,31,99,44,64,125,69,128,86,80,13" hai3="26,47,73,93,117,4,81,29,16,95,123,32,43"/><W77/><G117/><T98/><D112/><U49/><E3/><V48/><F31/><W107/><G123/><N who="2" m="47145" /><F99/><W38/><G107/><T10/><D0/><U39/><E66/><V59/><F13/><W127/><G127/><T121/><D121/><U131/><E131/><V96/><F96/><W110/><G110/><T118/><D118/><U108/><E108/><V109/><F86/><W130/><G130/><T102/><D102/><U78/><E94/><V33/><F80/><W100/><G100/><T63/><D22/><U75/><REACH who="1" step="1"/><E27/><REACH who="1" ten="215,135,295,345" step="2"/><V34/><F109/><W132/><G95/><T24/><REACH who="0" step="1"/><D24/><REACH who="0" ten="205,135,295,345" step="2"/><U87/><E87/><V65/><F128/><W37/><G26/><T25/><D25/><U68/><E68/><V18/><F70/><W133/><G29/><T90/><D90/><U103/><E103/><V12/><F69/><W60/><G132/><T42/><D42/><U6/><E6/><V21/><F125/><W46/><G43/><T129/><D129/><U20/><E20/><V61/><F65/><W134/><G4/><T104/><D104/><U113/><E113/><V124/><F124/><W55/><G134/><T116/><D116/><U51/><E51/><V45/><F48/><W74/><G133/><T114/><D114/><U35/><E35/><AGARI ba="0,2" hai="12,18,21,33,34,35,44,45,59,61,64" m="47145" machi="35" ten="30,1000,0" yaku="13,1" doraHai="50" who="2" fromWho="1" sc="205,0,135,-10,295,30,345,0" owari="205,-19.5,125,-37.5,325,12.5,345,44.5" /></mjloggm>