<mjloggm ver="2.3"><GO type="225" lobby="0"/><UN n0="%E3%81%8B%E3%82%8F%E3%81%A1%E3%82%83%E3%82%93%35%38" n1="%E5%91%89%E5%AF%8C%E6%98%A5" n2="%E8%B5%A4%E3%81%84%E8%9B%99%31%31" n3="%33%74%72%65%65" dan="16,16,16,17" rate="2128.81,2090.16,2090.36,2220.85" sx="M,M,M,F"/><TAIKYOKU oya="0"/><INIT seed="0,0,0,2,1,11" ten="250,250,250,250" oya="0" hai0="50,115,101,96,4,79,98,1,124,116,122,0,58" hai1="9,65,69,80,34,39,45,102,100,91,35,5,73" hai2="33,107,6,131,59,55,97,57,31,70,110,126,90" hai3="61,13,114,93,49,125,21,29,94,133,127,77,30"/><T106/><D116/><U60/><E100/><V23/><F70/><W24/><G114/><T18/><D115/><U121/><E102/><V83/><F33/><W108/><G77/><T82/><D122/><U32/><E121/><V47/><F107/><W56/><G108/><T119/><D119/><U10/><E91/><V105/><F105/><W20/><G49/><T113/><D98/><U25/><E25/><V53/><F6/><W14/><G133/><T27/><D4/><U26/><E26/><V81/><F110/><W118/><G118/><T71/><D71/><U51/><E9/><V37/><F37/><W8/><G8/><T103/><D103/><U3/><E51/><V64/><F64/><W68/><G68/><T134/><D124/><N who="3" m="47689" /><G30/><T99/><D99/><U52/><E52/><N who="2" m="20043" /><F47/><W78/><G78/><T63/><D50/><U92/><E92/><N who="3" m="35434" /><G21/><N who="0" m="13751" /><D134/><U16/><E16/><V88/><F126/><W66/><AGARI ba="0,0" hai="13,14,20,24,29,56,61,66" m="35434,47689" machi="66" ten="30,4000,0" yaku="18,1,52,2" doraHai="11" who="3" fromWho="3" sc="250,-20,250,-10,250,-10,250,40" /><INIT seed="1,0,0,3,3,116" ten="230,240,240,290" oya="1" hai0="21,71,130,27,104,45,108,77,26,2,99,131,111" hai1="50,18,6,31,67,69,103,107,55,92,15,60,93" hai2="98,57,17,12,28,124,8,29,56,63,90,121,123" hai3="122,127,120,20,114,38,39,85,74,33,37,40,119"/><U80/><E31/><V113/><F124/><W11/><G114/><T84/><D71/><U30/><E30/><V101/><F113/><W9/><G33/><T49/><D2/><U61/><E6/><V79/><F79/><W115/><G115/><T117/><D117/><U24/><E24/><N who="0" m="9257" /><D21/><U135/><E135/><V118/><F118/><W128/><G74/><T19/><D19/><U54/><E80/><V16/><F90/><W62/><G119/><T23/><D23/><U42/><E42/><V133/><F133/><W97/><G40/><N who="0" m="24743" /><D84/><U7/><E7/><V46/><F46/><W110/><G85/><T81/><D81/><U132/><E132/><V100/><F98/><W87/><G97/><T14/><D14/><U83/><E83/><V86/><F86/><W134/><G87/><T70/><D70/><U53/><E61/><V41/><F63/><W66/><G134/><T88/><D77/><U47/><E107/><V95/><F41/><W36/><G36/><T10/><D10/><U106/><E106/><V76/><F76/><W44/><G20/><T102/><D88/><U51/><E103/><V4/><F4/><W5/><G5/><T129/><AGARI ba="0,0" hai="99,102,104,108,111,129,130,131" m="24743,9257" machi="129" ten="40,1500,0" yaku="19,1" doraHai="116" who="0" fromWho="0" sc="230,15,240,-7,240,-4,290,-4" /><INIT seed="2,0,0,2,5,71" ten="245,233,236,286" oya="2" hai0="34,70,126,130,102,67,29,68,100,122,35,69,134" hai1="75,119,65,15,63,111,20,95,129,112,77,53,83" hai2="25,38,18,86,10,99,59,56,120,101,90,61,54" hai3="22,11,103,14,39,46,31,97,57,55,60,41,13"/><V117/><F117/><W26/><REACH who="3" step="1"/><G11/><REACH who="3" ten="245,233,236,276" step="2"/><T58/><D122/><U7/><E119/><V93/><F120/><W89/><G89/><T81/><D102/><U12/><E111/><V72/><F72/><W115/><G115/><T114/><D100/><U105/><E112/><V1/><F38/><W131/><G131/><T87/><D130/><U98/><E75/><V21/><F1/><W17/><G17/><T45/><D114/><U82/><E129/><V24/><F10/><W19/><G19/><T127/><D127/><U2/><E77/><V76/><F76/><W110/><G110/><T49/><D126/><U128/><E2/><V0/><F0/><W44/><G44/><T51/><D45/><U28/><E128/><V27/><REACH who="2" step="1"/><F56/><REACH who="2" ten="245,233,226,276" step="2"/><W64/><G64/><T43/><D58/><U3/><E65/><V16/><F16/><W5/><G5/><T78/><D67/><U84/><E3/><V132/><F132/><W47/><G47/><T113/><D134/><U124/><E124/><V88/><F88/><W37/><G37/><T8/><D8/><U107/><E7/><V42/><F42/><W109/><G109/><T116/><D116/><U36/><E36/><V96/><F96/><W23/><G23/><T118/><D118/><U50/><E98/><V121/><F121/><W123/><G123/><T133/><D133/><U104/><E20/><V79/><F79/><W30/><G30/><T80/><D113/><U92/><E28/><V73/><F73/><W32/><G32/><N who="0" m="12331" /><D29/><U9/><E9/><V48/><F48/><N who="0" m="18506" /><D43/><U135/><E135/><V6/><F6/><RYUUKYOKU ba="0,2" sc="245,10,233,-30,226,10,276,10" hai0="68,69,70,78,80,81,87" hai2="18,21,24,25,27,54,59,61,86,90,93,99,101" hai3="13,14,22,26,31,39,41,46,55,57,60,97,103" /><INIT seed="2,1,2,2,1,124" ten="255,203,236,286" oya="2" hai0="55,46,116,3,41,13,19,29,101,40,14,110,57" hai1="60,118,125,47,123,65,76,79,114,132,81,100,80" hai2="104,94,91,129,133,33,95,11,7,74,67,28,37" hai3="35,92,45,108,135,26,48,117,96,128,121,97,17"/><V131/><F37/><W39/><G117/><T27/><D3/><U72/><E118/><V36/><F36/><W122/><G108/><T24/><D116/><U43/><E114/><V56/><F104/><W63/><G135/><T99/><D110/><U62/><E125/><V42/><F42/><W8/><G39/><T93/><D13/><U4/><E132/><V126/><F74/><W25/><G35/><T49/><D29/><U61/><E123/><V120/><F120/><W6/><G63/><N who="0" m="36287" /><D41/><U34/><E34/><V64/><F133/><W10/><G25/><T21/><AGARI ba="1,2" hai="14,19,21,24,27,40,46,49,93,99,101" m="36287" machi="21" ten="30,1100,0" yaku="8,1" doraHai="124" who="0" fromWho="0" sc="255,34,203,-4,236,-6,286,-4" /><INIT seed="3,0,0,5,5,114" ten="289,199,230,282" oya="3" hai0="21,13,99,79,51,89,82,3,15,116,130,87,18" hai1="105,85,125,11,10,90,40,9,50,93,112,104,16" hai2="98,113,43,41,135,76,60,29,132,120,58,134,133" hai3="23,111,131,94,5,17,74,124,110,49,88,127,27"/><W64/><G131/><T34/><D116/><U117/><E112/><V83/><F113/><W106/><G106/><T62/><D34/><U44/><E125/><N who="3" m="48202" /><G74/><T22/><D3/><U69/><E69/><V67/><F120/><W6/><G64/><T59/><D130/><U72/><E72/><V122/><F122/><W4/><G49/><T95/><D51/><U32/><E32/><V33/><N who="2" m="33792" /><DORA hai="0" /><V91/><F29/><W54/><G54/><T25/><D21/><U12/><REACH who="1" step="1"/><E117/><REACH who="1" ten="289,189,230,282" step="2"/><V37/><F33/><W86/><AGARI ba="0,1" hai="4,5,6,17,23,27,86,88,94,110,111" m="48202" machi="86" ten="40,12000,1" yaku="18,1,52,3,54,1" doraHai="114,0" who="3" fromWho="3" sc="289,-40,189,-40,230,-40,282,130" owari="249,4.9,149,-35.1,190,-21.0,412,51.2" /></mjloggm>