<mjloggm ver="2.3"><GO type="225" lobby="0"/><UN n0="%E7%B4%94%E6%BD%94%E3%83%94%E3%83%A9%E3%83%8B%E3%82%A2" n1="%E3%81%AF%E3%82%88%E3%81%8A%E3%81%98%E3%81%95%E3%82%93" n2="%E3%83%96%E3%83%83%E3%83%91%E3%82%AA%E3%83%96%E3%83%81%E3%82%AD%E3%83%B3" n3="%70%6F%69%73%6F%6E%30%32" dan="17,16,16,16" rate="2221.95,2213.24,2195.30,2108.96" sx="M,M,M,M"/><TAIKYOKU oya="0"/><INIT seed="0,0,0,0,2,19" ten="250,250,250,250" oya="0" hai0="70,38,23,83,97,26,86,3,82,80,131,7,76" hai1="92,13,4,75,36,16,25,109,78,68,60,5,124" hai2="106,37,101,103,47,127,9,91,33,81,132,57,17" hai3="94,44,0,115,10,108,62,73,28,64,79,49,118"/><T135/><D38/><U51/><E36/><V15/><F33/><W31/><G108/><T24/><D70/><U41/><E109/><V32/><F32/><W20/><G118/><T95/><D131/><U89/><E124/><V100/><F127/><W85/><G115/><T48/><D135/><U110/><E110/><V96/><F132/><W34/><G34/><T54/><D7/><U116/><E116/><V58/><F106/><W84/><G73/><T93/><D26/><U2/><E2/><V30/><F30/><W66/><G10/><T125/><D95/><U8/><E75/><V12/><F37/><W87/><G0/><T99/><D99/><U55/><E78/><V46/><F15/><W130/><G130/><T42/><D42/><U11/><E11/><V77/><F77/><W6/><G6/><T134/><D3/><U112/><E112/><V104/><F104/><W133/><G133/><T129/><D129/><U35/><E41/><V71/><F71/><W98/><G31/><N who="0" m="17823" /><D125/><U40/><E40/><V88/><F96/><W63/><G79/><T1/><D1/><U61/><E68/><V117/><F117/><W45/><G66/><T69/><D69/><U27/><E27/><V102/><N who="2" m="25600" /><DORA hai="22" /><V56/><REACH who="2" step="1"/><F81/><REACH who="2" ten="250,250,240,250" step="2"/><W43/><G98/><T114/><D134/><U53/><E35/><V113/><F113/><W59/><G94/><T90/><D114/><U126/><E126/><V111/><F111/><W123/><G28/><T122/><D122/><U21/><E92/><V107/><F107/><W67/><G123/><T14/><D14/><U74/><E13/><RYUUKYOKU ba="0,1" sc="250,15,250,-15,240,15,250,-15" hai0="48,54,76,80,82,83,86,90,93,97" hai2="9,12,17,46,47,56,57,58,88,91" /><INIT seed="0,1,1,2,1,4" ten="265,235,255,235" oya="0" hai0="90,79,107,114,56,125,12,89,99,118,78,15,46" hai1="77,80,57,6,1,120,76,0,101,21,60,2,66" hai2="97,75,28,112,123,14,126,59,11,45,129,51,94" hai3="85,96,42,52,84,37,106,58,41,100,62,105,43"/><T109/><D118/><U55/><E120/><V63/><F123/><W102/><REACH who="3" step="1"/><G37/><REACH who="3" ten="265,235,255,225" step="2"/><T132/><D114/><U61/><E0/><V49/><F112/><W121/><G121/><T124/><D132/><U93/><E1/><V103/><F129/><W83/><G83/><T7/><D109/><U72/><E2/><V29/><F126/><W16/><G16/><T10/><D125/><U92/><E80/><V128/><F128/><W82/><G82/><T111/><D124/><U32/><E6/><N who="2" m="3447" /><F75/><W35/><G35/><T44/><D111/><U68/><E32/><V30/><F45/><W95/><G95/><T113/><D113/><U23/><E93/><V88/><F103/><W134/><G134/><T65/><D7/><U40/><E72/><V91/><F91/><W47/><G47/><T86/><D44/><U87/><E101/><V48/><F29/><W3/><G3/><T54/><D46/><U53/><E92/><V119/><F119/><W22/><G22/><T8/><D107/><U34/><E34/><V50/><N who="2" m="12288" /><DORA hai="20" /><V98/><F98/><AGARI ba="1,2" hai="41,42,43,52,58,62,84,85,96,98,100,102,105,106" machi="98" ten="40,12000,2" yaku="21,2,9,1,54,1,53,3" doraHai="4,20" doraHaiUra="73,36" who="3" fromWho="2" sc="265,0,235,0,255,-123,225,143" /><INIT seed="1,0,0,1,1,28" ten="265,235,132,368" oya="1" hai0="50,49,51,10,15,77,69,13,121,14,29,134,118" hai1="64,111,9,40,23,112,30,4,31,45,44,71,82" hai2="126,93,99,20,5,32,43,100,113,114,133,58,131" hai3="104,67,116,86,18,74,38,57,56,102,46,11,79"/><U8/><E112/><N who="2" m="43115" /><F126/><W89/><G116/><T107/><D118/><U124/><E124/><V87/><F131/><W103/><G74/><T84/><D69/><U125/><E125/><V106/><F133/><W54/><G79/><T81/><D134/><U62/><E111/><V97/><F20/><W63/><G104/><T2/><D107/><U127/><E127/><V24/><F5/><W35/><G35/><T88/><D121/><U52/><E82/><V19/><F19/><W80/><G46/><T132/><D132/><U53/><E9/><V95/><F43/><W68/><G38/><T119/><D119/><U129/><E129/><V122/><F122/><W27/><G68/><T115/><D115/><U117/><E117/><V26/><F87/><W6/><G6/><T21/><D2/><U70/><E71/><V22/><F22/><N who="3" m="13783" /><G11/><T123/><D123/><U91/><E91/><N who="2" m="55487" /><F58/><W73/><G73/><T109/><D109/><U48/><E23/><V101/><F106/><W110/><G110/><T85/><D21/><U83/><E83/><V108/><F108/><W66/><G66/><T90/><D29/><U65/><E64/><V17/><F17/><W0/><G0/><T1/><D1/><U3/><REACH who="1" step="1"/><E53/><REACH who="1" ten="265,225,132,368" step="2"/><V60/><F101/><W92/><G80/><N who="0" m="47119" /><D90/><U96/><E96/><V12/><F99/><W135/><G135/><T16/><AGARI ba="0,1" hai="10,13,14,15,16,49,50,51,81,85,88" m="47119" machi="16" ten="30,4000,0" yaku="8,1,54,2" doraHai="28" who="0" fromWho="0" sc="265,50,225,-20,132,-10,368,-10" /><INIT seed="2,0,0,3,3,135" ten="315,205,122,358" oya="2" hai0="47,80,55,21,79,57,18,132,77,85,23,5,89" hai1="49,59,12,78,32,103,73,87,119,20,1,58,90" hai2="44,60,111,30,10,100,66,67,94,14,26,38,28" hai3="71,50,123,75,72,70,95,65,33,41,27,108,54"/><V122/><F122/><W83/><G108/><T102/><D132/><U113/><E1/><V7/><F111/><W91/><G123/><T114/><D114/><U22/><E32/><V112/><F112/><W84/><G41/><T0/><D0/><U35/><E35/><V116/><F116/><W97/><G65/><T93/><D5/><U34/><E34/><V92/><F38/><W42/><G42/><T115/><D47/><U63/><E113/><V129/><F129/><W16/><G71/><T6/><D6/><U127/><E103/><V125/><F125/><W8/><G70/><T120/><D21/><U9/><E73/><V109/><F109/><W17/><G17/><T128/><D128/><U13/><E78/><V11/><F26/><W99/><G99/><N who="0" m="59759" /><D120/><U105/><E105/><V31/><F100/><W62/><G62/><N who="0" m="36159" /><D115/><U19/><E127/><V3/><F44/><N who="3" m="27975" /><G33/><T118/><D118/><U40/><E119/><V98/><F98/><W130/><G130/><T107/><D107/><U134/><E134/><V126/><F126/><W25/><G75/><T86/><D85/><U2/><E2/><V82/><F82/><W4/><G72/><T61/><D61/><U96/><E96/><V74/><F74/><W51/><G4/><T101/><D101/><U121/><E121/><V76/><F76/><N who="3" m="46183" /><G51/><T43/><D43/><U45/><E63/><V104/><F104/><W69/><G69/><T52/><D52/><U106/><E106/><V68/><REACH who="2" step="1"/><F67/><REACH who="2" ten="315,205,112,358" step="2"/><W36/><G36/><T124/><D124/><U37/><E37/><V15/><F15/><AGARI ba="0,1" hai="8,15,16,25,27,91,95,97" m="46183,27975" machi="15" ten="30,2000,0" yaku="8,1,54,1" doraHai="135" who="3" fromWho="2" sc="315,0,205,0,112,-20,358,30" /><AGARI ba="0,0" hai="15,18,23,77,79,80,86,89" m="36159,59759" machi="15" ten="30,1000,0" yaku="8,1" doraHai="135" who="0" fromWho="2" sc="315,10,205,0,92,-10,388,0" /><INIT seed="3,0,0,0,5,81" ten="325,205,82,388" oya="3" hai0="53,72,35,44,37,15,124,89,101,6,123,51,85" hai1="77,42,121,59,65,76,118,69,130,115,23,39,25" hai2="99,40,43,82,125,86,48,19,117,105,95,102,60" hai3="129,133,108,47,71,103,63,106,3,83,114,111,74"/><W119/><RYUUKYOKU type="yao9" ba="0,0" sc="325,0,205,0,82,0,388,0" hai3="3,47,63,71,74,83,103,106,108,111,114,119,129,133" /><INIT seed="3,1,0,1,1,133" ten="325,205,82,388" oya="3" hai0="17,69,79,11,92,129,41,10,106,125,47,12,45" hai1="19,78,113,118,57,105,50,52,62,90,0,3,74" hai2="98,110,32,132,131,23,20,91,73,37,100,104,61" hai3="7,117,58,94,9,82,121,27,65,134,80,87,99"/><W29/><G121/><T22/><D106/><U34/><E113/><V89/><F61/><W66/><G117/><T53/><D69/><U97/><E118/><V115/><F20/><N who="3" m="15591" /><G134/><T31/><D129/><U93/><E34/><V135/><F23/><W30/><G30/><T39/><D79/><U51/><E51/><V15/><F15/><N who="3" m="5567" /><G58/><T13/><D31/><U49/><E49/><V63/><F63/><W103/><G82/><T101/><D47/><U6/><E6/><V119/><F89/><AGARI ba="1,0" hai="65,66,80,87,89,94,99,103" m="5567,15591" machi="89" ten="30,1500,0" yaku="8,1" doraHai="133" who="3" fromWho="2" sc="325,0,205,0,82,-18,388,18" owari="325,12.5,205,-19.5,64,-43.6,406,50.6" /></mjloggm>