<mjloggm ver="2.3"><GO type="225" lobby="0"/><UN n0="%E6%98%BC%E4%B8%8B%E3%81%8C%E3%82%8A%E3%81%AE%E5%9B%A3%E5%9C%B0%E5%A6%BB" n1="%E8%BE%9B%E5%8F%A3%E3%82%AB%E3%83%AC%E3%83%BC%E3%83%A9%E3%82%A4%E3%82%B9" n2="%E3%83%96%E3%83%83%E3%83%91%E3%82%AA%E3%83%96%E3%83%81%E3%82%AD%E3%83%B3" n3="%E3%81%95%E3%81%8D%E3%81%9F%E3%81%BE%E6%9E%97%E6%AA%8E" dan="16,16,16,16" rate="2156.62,2161.31,2186.67,2143.13" sx="F,M,M,M"/><TAIKYOKU oya="0"/><INIT seed="0,0,0,4,1,109" ten="250,250,250,250" oya="0" hai0="118,68,39,0,116,102,81,57,127,14,91,29,37" hai1="69,93,22,83,43,125,58,41,75,101,12,126,17" hai2="121,64,27,6,112,38,82,15,99,89,131,92,63" hai3="88,66,85,51,52,110,2,31,28,98,120,117,23"/><T32/><D0/><U133/><E69/><V108/><F121/><W80/><G117/><T84/><D68/><U33/><E33/><V42/><F108/><W9/><G110/><T67/><D127/><N who="1" m="48651" /><E133/><V96/><F131/><W72/><G72/><T16/><D102/><U111/><E111/><V44/><F82/><W74/><G120/><T10/><D32/><U122/><E122/><V36/><F27/><W87/><G74/><T90/><D29/><U25/><E58/><V100/><F38/><W21/><G66/><T8/><D8/><N who="1" m="6279" /><E93/><V55/><F55/><W24/><G2/><T132/><D132/><U35/><E101/><V59/><F15/><W114/><G9/><T77/><D118/><U105/><E105/><V48/><F36/><W71/><G71/><T129/><D116/><U103/><E103/><V94/><REACH who="2" step="1"/><F6/><REACH who="2" ten="250,250,240,250" step="2"/><W46/><G24/><T49/><D129/><U54/><E54/><V47/><F47/><W79/><G46/><T134/><D134/><U30/><E35/><V3/><F3/><W130/><G52/><T56/><D39/><U5/><E5/><V78/><F78/><AGARI ba="0,1" hai="22,25,30,41,43,75,78,83" m="6279,48651" machi="78" ten="30,1000,0" yaku="18,1" doraHai="109" who="1" fromWho="2" sc="250,0,250,20,240,-10,250,0" /><INIT seed="1,0,0,1,0,14" ten="250,270,230,250" oya="1" hai0="96,131,65,134,130,99,120,7,4,90,110,72,115" hai1="106,25,127,103,121,74,105,24,68,71,113,124,128" hai2="53,32,76,97,18,28,62,108,104,81,12,47,3" hai3="107,109,73,77,2,31,89,61,87,86,78,95,117"/><U17/><E113/><V22/><F108/><W56/><G2/><T44/><D115/><U10/><E121/><V29/><F3/><W37/><G37/><T9/><D110/><U63/><E74/><V66/><F32/><W49/><G109/><T82/><D120/><U123/><E123/><V23/><F104/><W43/><G107/><T118/><D118/><U35/><E128/><N who="0" m="49193" /><D134/><U34/><E10/><V122/><F122/><W79/><G73/><T30/><D30/><U13/><E13/><V51/><F97/><N who="0" m="37450" /><D65/><U55/><E63/><V88/><F23/><W92/><G31/><T40/><D9/><U52/><REACH who="1" step="1"/><E103/><REACH who="1" ten="250,260,230,250" step="2"/><V42/><F42/><W98/><G43/><T15/><D15/><U100/><E100/><V75/><REACH who="2" step="1"/><F88/><REACH who="2" ten="250,260,220,250" step="2"/><N who="3" m="53271" /><G117/><T114/><D114/><U70/><E70/><AGARI ba="0,2" hai="12,18,22,28,29,47,51,53,62,66,70,75,76,81" machi="70" ten="30,3900,0" yaku="1,1,7,1,52,1,53,0" doraHai="14" doraHaiUra="125" who="2" fromWho="1" sc="250,0,260,-39,220,59,250,0" /><INIT seed="2,0,0,0,0,29" ten="250,221,279,250" oya="2" hai0="135,113,41,80,23,55,66,51,123,45,108,74,72" hai1="84,54,133,87,50,39,57,110,75,26,35,79,103" hai2="2,16,30,89,86,32,77,17,18,47,19,109,112" hai3="63,59,93,11,48,27,38,129,120,104,12,6,60"/><V130/><F112/><W0/><G104/><T99/><D113/><U3/><E3/><V96/><F2/><W81/><G38/><T73/><D123/><U7/><E39/><V4/><F4/><W10/><G120/><T68/><D108/><U22/><E110/><V101/><F109/><W76/><G129/><T56/><D135/><U102/><E133/><V44/><F130/><W114/><G114/><T124/><D124/><U100/><E7/><V115/><F115/><W94/><G27/><T134/><D134/><U49/><E35/><V20/><F77/><W92/><G48/><T116/><D116/><U67/><E67/><V5/><F5/><W24/><G24/><T82/><D23/><U33/><E33/><V40/><F30/><W58/><G0/><T121/><D121/><U21/><E21/><V78/><F78/><W64/><G11/><T117/><D117/><U111/><E111/><V127/><F40/><W128/><G128/><T42/><D99/><U97/><E97/><V91/><F32/><W88/><G76/><T25/><D25/><U37/><E37/><V13/><F127/><W90/><REACH who="3" step="1"/><G81/><REACH who="3" ten="250,221,279,240" step="2"/><T14/><D14/><U71/><E79/><V95/><REACH who="2" step="1"/><F91/><REACH who="2" ten="250,221,269,240" step="2"/><W28/><G28/><T105/><D42/><U125/><E125/><V132/><F132/><W69/><G69/><T52/><D68/><U118/><E71/><V106/><AGARI ba="0,2" hai="13,16,17,18,19,20,44,47,86,89,95,96,101,106" machi="106" ten="30,6000,0" yaku="1,1,0,1,54,1,53,0" doraHai="29" doraHaiUra="53" who="2" fromWho="2" sc="250,-20,221,-20,269,80,240,-20" /><INIT seed="2,1,0,1,3,84" ten="230,201,349,220" oya="2" hai0="67,81,96,130,23,63,114,15,85,106,129,111,49" hai1="108,118,27,4,87,105,60,26,13,66,61,82,65" hai2="68,40,100,71,54,53,11,88,0,24,16,9,56" hai3="69,95,1,32,20,99,121,102,36,70,123,131,42"/><V57/><F100/><W28/><G1/><T117/><D114/><U127/><E118/><V18/><F40/><W8/><G32/><T21/><D117/><U35/><E105/><V135/><F135/><W62/><G8/><T46/><D111/><U97/><E108/><V31/><F0/><W120/><G131/><N who="0" m="50187" /><D15/><U134/><E134/><V12/><F31/><W115/><G115/><T45/><D96/><U86/><E127/><V3/><F3/><W51/><G36/><T19/><D106/><U17/><E4/><V125/><F125/><W6/><G6/><T101/><D101/><U119/><E119/><V10/><F10/><W2/><G2/><T38/><D38/><U109/><E109/><V14/><REACH who="2" step="1"/><F24/><REACH who="2" ten="230,201,339,220" step="2"/><W25/><G28/><T52/><D19/><U72/><E27/><V107/><F107/><W50/><G42/><T128/><D128/><U103/><E26/><V76/><F76/><W48/><G25/><T91/><D45/><U7/><E17/><V116/><F116/><W94/><G102/><T89/><D23/><U93/><E35/><V39/><F39/><W126/><G20/><T90/><D21/><U79/><E7/><V37/><F37/><W133/><G133/><T44/><D44/><U112/><E112/><V104/><F104/><W64/><G126/><T75/><D75/><U30/><E30/><V74/><F74/><W34/><G34/><T59/><AGARI ba="1,1" hai="46,49,52,59,63,67,81,85,89,90,91" m="50187" machi="59" ten="30,8000,1" yaku="19,1,52,3,54,1" doraHai="84" who="0" fromWho="0" sc="230,93,201,-21,339,-41,220,-21" /><INIT seed="3,0,0,3,1,20" ten="323,180,298,199" oya="3" hai0="101,94,131,17,76,52,59,62,80,12,64,16,84" hai1="110,50,37,98,38,41,39,83,96,29,106,66,61" hai2="103,57,128,107,60,55,53,87,6,1,97,104,5" hai3="124,69,72,120,58,108,31,129,92,40,46,27,114"/><W121/><G114/><T67/><D131/><U134/><E110/><V45/><F128/><W113/><G129/><T88/><D101/><U23/><E134/><V85/><F107/><W122/><G113/><T74/><D17/><U125/><E125/><V49/><F1/><W86/><G69/><T21/><AGARI ba="0,0" hai="12,16,21,52,59,62,64,67,74,76,80,84,88,94" machi="21" ten="20,8000,1" yaku="0,1,7,1,54,3" doraHai="20" who="0" fromWho="0" sc="323,80,180,-20,298,-20,199,-40" owari="403,50.3,160,-24.0,278,7.8,159,-34.1" /></mjloggm>