<mjloggm ver="2.3"><GO type="225" lobby="0"/><UN n0="%E4%BF%BA%E3%81%A8%E5%A6%96%E5%A4%A2" n1="%E3%83%B4%E3%83%A0%EF%BC%99%E3%81%A6" n2="%E3%81%BD%E3%81%A1%E3%81%9F%E3%81%93%E3%82%84" n3="%E3%83%A9%E3%82%B9%E7%8E%87%EF%BC%93%E5%89%B2" dan="16,16,17,16" rate="2141.51,2178.81,2219.59,2214.23" sx="F,M,M,F"/><TAIKYOKU oya="0"/><INIT seed="0,0,0,0,4,106" ten="250,250,250,250" oya="0" hai0="1,28,118,50,12,86,84,114,65,49,127,57,67" hai1="41,89,14,96,60,40,19,131,68,5,77,79,92" hai2="29,66,133,123,22,4,10,32,87,43,48,80,78" hai3="8,102,94,124,99,91,121,37,75,36,23,112,128"/><T109/><D114/><U81/><E131/><V64/><F32/><W0/><G112/><T26/><D118/><U30/><E5/><V120/><F133/><W126/><G128/><T54/><D1/><U51/><E30/><V71/><F71/><W38/><G121/><T88/><D127/><N who="3" m="48681" /><G23/><N who="0" m="15455" /><D109/><U53/><E77/><V62/><F62/><W104/><G8/><T42/><D12/><U100/><E100/><V105/><F105/><W59/><G0/><T70/><D70/><U16/><E60/><V122/><F22/><W33/><G33/><T39/><D39/><U31/><E31/><V130/><F29/><W27/><G27/><T103/><D103/><U134/><E68/><V107/><F107/><W76/><G59/><T11/><D84/><N who="1" m="48191" /><E134/><V129/><F129/><W15/><G15/><T72/><D11/><N who="1" m="6239" /><E19/><V132/><F132/><W119/><G119/><T63/><D72/><U47/><AGARI ba="0,0" hai="40,41,47,51,53,89,92,96" m="6239,48191" machi="47" ten="30,2000,0" yaku="8,1,54,1" doraHai="106" who="1" fromWho="1" sc="250,-10,250,20,250,-5,250,-5" /><INIT seed="1,0,0,1,4,96" ten="240,270,245,245" oya="1" hai0="71,129,104,64,78,79,48,63,21,62,53,8,93" hai1="106,2,75,10,114,74,66,51,134,81,14,27,76" hai2="107,84,9,33,122,101,97,43,32,102,36,39,90" hai3="31,38,125,4,120,132,34,46,133,77,83,29,119"/><U1/><E114/><V100/><F122/><W6/><G120/><T16/><D104/><U68/><E134/><N who="3" m="51818" /><G125/><T67/><D129/><U127/><E127/><V111/><F111/><W12/><G119/><T30/><D8/><U130/><E130/><V58/><F97/><W7/><G12/><T17/><D30/><N who="3" m="11273" /><G46/><T20/><D93/><U105/><E27/><V56/><F107/><W61/><G61/><T94/><D94/><U52/><E74/><V37/><F43/><W86/><G38/><T85/><D85/><U95/><E95/><V109/><F109/><W40/><G40/><T3/><D3/><U115/><E115/><V24/><F24/><W25/><G25/><T118/><D118/><U88/><E1/><V112/><F112/><W41/><G41/><T131/><D131/><U19/><E2/><V47/><F47/><W80/><G80/><T123/><D123/><U92/><E66/><V65/><F9/><W70/><G70/><T91/><D48/><U99/><E68/><V116/><F116/><W126/><G126/><T59/><D53/><U72/><E72/><V15/><F15/><W110/><G34/><T18/><REACH who="0" step="1"/><D91/><REACH who="0" ten="230,270,245,245" step="2"/><U128/><E128/><V57/><F65/><W11/><G11/><T0/><D0/><U82/><E81/><AGARI ba="0,1" hai="32,33,36,37,39,56,57,58,81,84,90,100,101,102" machi="81" ten="50,8000,1" yaku="29,2,52,3" doraHai="96" who="2" fromWho="1" sc="230,0,270,-80,245,90,245,0" /><INIT seed="2,0,0,2,3,30" ten="230,190,335,245" oya="2" hai0="112,55,125,88,63,23,69,96,92,6,127,54,70" hai1="41,35,46,58,4,113,19,78,65,8,84,97,20" hai2="122,36,105,109,44,129,133,24,9,102,50,73,0" hai3="66,48,72,130,126,11,89,110,79,83,62,3,45"/><V75/><F50/><W118/><G118/><T117/><D112/><U61/><E113/><V119/><F44/><W1/><G130/><T28/><D117/><U132/><E132/><V71/><F24/><W57/><G110/><T121/><D121/><U47/><E97/><V51/><F51/><W29/><G126/><N who="0" m="48139" /><D6/><U52/><E35/><V32/><F9/><W67/><G67/><N who="0" m="41215" /><D70/><U16/><E65/><V81/><F81/><W27/><G11/><T18/><D28/><U37/><E46/><V2/><F102/><W12/><G12/><AGARI ba="0,0" hai="12,18,23,54,55,88,92,96" m="41215,48139" machi="12" ten="30,2000,0" yaku="18,1,54,1" doraHai="30" who="0" fromWho="3" sc="230,20,190,0,335,0,245,-20" /><INIT seed="3,0,0,1,3,72" ten="250,190,335,225" oya="3" hai0="74,93,31,114,42,44,125,109,123,55,78,120,107" hai1="15,67,2,0,103,112,61,37,32,5,96,54,113" hai2="59,77,20,12,40,102,127,73,90,94,28,1,11" hai3="22,57,82,6,91,87,23,129,21,130,85,100,110"/><W108/><G100/><T84/><D107/><U35/><E37/><V101/><F1/><W56/><G6/><T14/><D55/><U69/><E54/><V118/><F118/><W51/><G51/><T134/><D109/><N who="3" m="42089" /><G87/><T135/><D74/><U45/><E45/><V43/><F101/><W64/><G64/><T26/><D44/><U68/><E15/><V33/><F102/><W111/><N who="3" m="42097" /><W16/><DORA hai="119" /><G16/><T13/><D42/><U75/><E75/><V98/><F43/><W41/><G41/><T34/><D13/><U8/><E0/><V19/><F40/><W128/><AGARI ba="0,0" hai="21,22,23,56,57,82,85,91,128,129,130" m="42097" machi="128" ten="50,9600,0" yaku="19,1,14,1,10,1" doraHai="72,119" who="3" fromWho="3" sc="250,-32,190,-32,335,-32,225,96" owari="218,-18.2,158,-34.2,303,10.3,321,42.1" /></mjloggm>