<mjloggm ver="2.3"><GO type="225" lobby="0"/><UN n0="%70%68%65%6E%6F%6D%65" n1="%E6%98%93%E5%88%A9%E8%96%A9%E4%BC%AF" n2="%E7%89%B9%E6%9D%B1%E3%81%AF%E4%B8%96%E7%95%8C%E3%82%92%E6%95%91%E3%81%86" n3="%E3%81%BF%E3%81%BF%E3%81%9A" dan="16,17,16,17" rate="2101.09,2211.54,2157.72,2167.72" sx="M,F,M,M"/><TAIKYOKU oya="0"/><INIT seed="0,0,0,3,4,101" ten="250,250,250,250" oya="0" hai0="85,67,10,78,0,49,80,113,122,34,72,68,14" hai1="66,116,30,11,60,94,48,77,18,47,44,84,135" hai2="25,108,19,38,16,83,121,109,89,41,119,64,102" hai3="55,132,74,98,24,100,3,131,31,75,110,53,87"/><T12/><D113/><U125/><E116/><V37/><F121/><W40/><G3/><T92/><D122/><U91/><E135/><V22/><F119/><W115/><G115/><T76/><D34/><U26/><E125/><V105/><F64/><W54/><G132/><T6/><D68/><U43/><E77/><V73/><F19/><W33/><G110/><N who="2" m="42601" /><F41/><W57/><G131/><T130/><D130/><U134/><E134/><V46/><F46/><W17/><G40/><T90/><D67/><U50/><E11/><V1/><F1/><W32/><G32/><T65/><D65/><U95/><E18/><V23/><F23/><W106/><G57/><T51/><REACH who="0" step="1"/><D78/><REACH who="0" ten="240,250,250,250" step="2"/><U2/><E66/><V79/><F89/><W107/><G107/><T15/><AGARI ba="0,1" hai="0,6,10,12,14,15,49,51,72,76,80,85,90,92" machi="15" ten="30,6000,0" yaku="1,1,2,1,0,1,53,0" doraHai="101" doraHaiUra="27" who="0" fromWho="0" sc="240,70,250,-20,250,-20,250,-20" /><INIT seed="0,1,0,3,4,118" ten="310,230,230,230" oya="0" hai0="92,33,114,91,122,66,75,9,88,116,34,109,110" hai1="83,79,27,104,131,95,87,111,50,20,38,124,45" hai2="99,17,123,29,47,42,107,108,56,8,18,53,64" hai3="84,77,119,135,26,13,105,3,25,68,132,101,73"/><T58/><D116/><U12/><E111/><N who="0" m="42505" /><D114/><U100/><E131/><V76/><F108/><W57/><G3/><T19/><D75/><U54/><E124/><V94/><F107/><W43/><G68/><T106/><D106/><U134/><E134/><V61/><F29/><W24/><G73/><T85/><D122/><U2/><E2/><V113/><F113/><W28/><G43/><T48/><D91/><U67/><E38/><V98/><F76/><W130/><G119/><T78/><D78/><U44/><E67/><V23/><F123/><W21/><G130/><T96/><D96/><U89/><E12/><V97/><F8/><W14/><G105/><T55/><D66/><U117/><E117/><V46/><F64/><W70/><G101/><T86/><D86/><U22/><E45/><N who="2" m="16907" /><F42/><W36/><G77/><T31/><D31/><U0/><E0/><V121/><F121/><W35/><G135/><T127/><D127/><U52/><E54/><V16/><F94/><W32/><G132/><T62/><D62/><U4/><E104/><V69/><F69/><W72/><G70/><T60/><D60/><U80/><E79/><V65/><F65/><W1/><G72/><T49/><D48/><U6/><E100/><V115/><F115/><W5/><G36/><T10/><D10/><U39/><E39/><V103/><F103/><W125/><G125/><T15/><AGARI ba="1,0" hai="9,15,19,33,34,49,55,58,85,88,92" m="42505" machi="15" ten="30,6000,0" yaku="14,1,10,1,54,1" doraHai="118" who="0" fromWho="0" sc="310,63,230,-21,230,-21,230,-21" /><INIT seed="0,2,0,4,4,15" ten="373,209,209,209" oya="0" hai0="70,61,3,69,104,78,4,21,41,37,12,109,89" hai1="107,105,0,63,30,52,91,82,23,58,123,35,84" hai2="11,45,59,8,31,68,115,106,125,119,33,134,127" hai3="112,73,27,92,132,88,20,64,97,48,6,7,75"/><T80/><D104/><U74/><E0/><V42/><F68/><W46/><G112/><T95/><D109/><U67/><E35/><V2/><F106/><W32/><G32/><T34/><D34/><U10/><E74/><V100/><F100/><W50/><G132/><T25/><D12/><U53/><E10/><V17/><F115/><W85/><G75/><N who="0" m="43103" /><D61/><U98/><E123/><V128/><F134/><W18/><G73/><T103/><D103/><U133/><E133/><V38/><F2/><W19/><G64/><T131/><D95/><U9/><E9/><V111/><F11/><W28/><G50/><T113/><D89/><U118/><E118/><V22/><F119/><W86/><G86/><T51/><D51/><U47/><E47/><V135/><F45/><W66/><G66/><T87/><D87/><U96/><E107/><V72/><F72/><W5/><G85/><T120/><D113/><U62/><E105/><V56/><F111/><W126/><G126/><T24/><D24/><N who="1" m="16671" /><E67/><V101/><F135/><W129/><G129/><T49/><D37/><U39/><E39/><V83/><F38/><W1/><G1/><T16/><D120/><U117/><E117/><V43/><F128/><W44/><G44/><N who="0" m="25743" /><D131/><U114/><E114/><V77/><F127/><W54/><AGARI ba="2,0" hai="5,6,7,18,19,20,27,28,46,48,54,88,92,97" machi="54" ten="30,8000,1" yaku="0,1,8,1,52,2,54,1" doraHai="15" who="3" fromWho="3" sc="373,-42,209,-22,209,-22,209,86" /><INIT seed="1,0,0,0,5,51" ten="331,187,187,295" oya="1" hai0="102,64,125,108,74,44,90,34,18,127,36,86,110" hai1="135,53,25,70,128,47,67,15,32,22,109,58,40" hai2="129,31,113,21,54,35,84,59,20,12,114,13,91" hai3="49,57,19,89,134,99,2,7,106,104,87,72,23"/><U8/><E32/><V76/><F76/><W38/><G38/><T33/><D74/><U65/><E135/><V117/><F35/><N who="0" m="13322" /><D102/><U77/><E128/><V27/><F129/><W5/><G72/><T119/><D64/><U80/><E70/><V105/><F105/><W78/><G78/><T122/><D119/><U81/><E109/><N who="0" m="42089" /><D18/><U120/><E120/><V82/><F117/><W93/><G134/><T88/><D122/><U56/><E56/><V39/><F39/><W11/><G7/><T29/><D29/><U85/><E80/><V69/><F69/><W16/><G19/><T45/><D90/><U50/><E22/><V71/><F71/><W10/><G10/><T126/><D36/><U9/><E25/><V103/><F103/><W1/><G1/><T95/><AGARI ba="0,0" hai="44,45,86,88,95,125,126,127" m="42089,13322" machi="95" ten="40,5200,0" yaku="18,1,14,1,54,1" doraHai="51" who="0" fromWho="0" sc="331,52,187,-26,187,-13,295,-13" /><INIT seed="2,0,0,0,0,126" ten="383,161,174,282" oya="2" hai0="86,32,68,44,103,71,45,57,33,27,72,117,135" hai1="11,74,130,89,63,60,84,106,88,99,123,20,30" hai2="100,127,76,105,61,120,118,31,98,64,6,75,73" hai3="124,95,48,17,9,65,0,116,58,87,29,112,94"/><V22/><F120/><W39/><G39/><T15/><D72/><U13/><E74/><V62/><F118/><W55/><G116/><T113/><D113/><U90/><E123/><V122/><F122/><W1/><G112/><T51/><D103/><U12/><E130/><V4/><F127/><W25/><G124/><T59/><D15/><U52/><E106/><V108/><F108/><W16/><G65/><T46/><D135/><U18/><E99/><V8/><F61/><W85/><G1/><T5/><D5/><U23/><E23/><V47/><F47/><W37/><G37/><T96/><D96/><U54/><E84/><N who="3" m="32330" /><G0/><T43/><D43/><U7/><E30/><V97/><F97/><W67/><G67/><T24/><D86/><U115/><E115/><V53/><F53/><AGARI ba="0,0" hai="7,11,12,13,18,20,52,53,54,60,63,88,89,90" machi="53" ten="40,5200,0" yaku="8,1,54,2" doraHai="126" who="1" fromWho="2" sc="383,0,161,52,174,-52,282,0" /><INIT seed="3,0,0,4,3,55" ten="383,213,122,282" oya="3" hai0="56,75,40,58,13,84,49,99,79,38,60,65,74" hai1="81,70,93,67,33,32,31,85,47,114,123,35,30" hai2="9,12,54,11,34,28,50,39,72,98,0,69,44" hai3="95,105,120,10,131,4,104,73,107,22,124,110,42"/><W125/><G120/><T88/><D38/><U83/><E114/><V127/><F127/><W61/><G73/><T108/><D108/><U6/><E123/><V14/><F72/><W17/><G42/><T119/><D119/><U90/><E6/><V41/><F69/><W5/><G131/><T24/><D24/><U8/><E8/><V52/><F0/><W86/><G61/><T100/><D79/><U121/><E47/><V64/><F64/><W129/><G129/><T46/><D13/><U21/><E21/><V63/><F98/><W130/><G130/><T102/><D58/><U7/><E7/><V76/><F76/><W89/><G110/><T59/><D59/><U133/><E133/><V116/><F116/><W53/><G53/><T29/><D29/><U25/><E31/><V3/><F3/><W97/><G10/><T23/><D23/><U78/><E83/><V122/><F122/><W68/><G68/><T115/><D102/><U118/><E118/><V66/><F11/><W101/><G4/><T15/><D15/><N who="2" m="5674" /><F39/><W91/><G5/><T62/><D62/><U2/><E2/><V48/><F48/><W20/><G20/><T134/><D115/><U36/><E36/><V43/><F43/><W80/><G22/><T94/><D134/><U71/><E121/><V103/><F103/><W117/><G117/><T18/><D18/><U1/><E1/><V19/><F9/><W51/><G51/><T57/><D57/><U132/><E132/><V135/><F135/><W82/><G17/><T37/><D37/><U92/><E71/><N who="2" m="42463" /><F19/><W96/><G124/><RYUUKYOKU ba="0,0" sc="383,15,213,-15,122,15,282,-15" hai0="40,46,49,56,60,65,74,75,84,88,94,99,100" hai2="28,34,41,44,50,52,54" owari="398,49.8,198,-20.2,137,-36.3,267,6.7" /></mjloggm>