<mjloggm ver="2.3"><GO type="225" lobby="0"/><UN n0="%E6%9C%88%E5%B3%B6%E5%9F%BA" n1="%E4%B8%AD%E5%B9%B4%E3%81%AE%E5%8D%B1%E6%A9%9F" n2="%E3%81%8B%E3%82%8F%E3%81%A1%E3%82%83%E3%82%93%35%38" n3="%E3%83%A9%E3%83%BC%E3%83%A1%E3%83%B3%E4%BA%94%E9%83%8E" dan="16,16,16,16" rate="2063.03,2111.50,2162.15,2111.96" sx="M,M,M,M"/><TAIKYOKU oya="0"/><INIT seed="0,0,0,3,3,58" ten="250,250,250,250" oya="0" hai0="134,91,0,132,21,81,121,35,37,125,70,94,30" hai1="23,82,38,56,95,69,45,109,22,20,87,97,77" hai2="135,107,15,104,28,110,106,12,33,131,98,29,72" hai3="99,10,49,92,74,118,53,78,46,129,105,42,108"/><T17/><D121/><U71/><E109/><V61/><F98/><W103/><G129/><T59/><D70/><U116/><E116/><V55/><F55/><W1/><G108/><T14/><D37/><U80/><E80/><V54/><F110/><W65/><G118/><T66/><D125/><U26/><E26/><V88/><F72/><W100/><G65/><T112/><D112/><U43/><REACH who="1" step="1"/><E56/><REACH who="1" ten="250,240,250,250" step="2"/><V52/><F131/><W86/><G105/><T40/><D81/><U2/><E2/><V85/><F107/><W114/><G1/><T67/><D0/><U18/><E18/><V119/><F119/><W68/><G68/><T93/><D59/><U126/><E126/><V3/><F3/><W127/><G127/><T34/><D93/><U11/><E11/><V16/><F16/><W96/><G10/><T62/><D94/><U64/><E64/><V47/><F33/><W89/><G92/><T73/><D66/><U24/><E24/><V51/><F106/><W75/><G114/><T124/><D35/><U13/><E13/><N who="2" m="5195" /><F104/><W50/><G103/><AGARI ba="0,1" hai="20,22,23,38,43,45,69,71,77,82,87,95,97,103" machi="103" ten="40,1300,0" yaku="1,1,53,0" doraHai="58" doraHaiUra="101" who="1" fromWho="3" sc="250,0,240,23,250,0,250,-13" /><INIT seed="1,0,0,5,2,32" ten="250,263,250,237" oya="1" hai0="101,58,19,83,70,14,106,130,27,44,17,82,36" hai1="66,8,67,43,39,61,120,50,126,51,125,90,0" hai2="80,46,97,31,105,74,102,68,10,124,123,9,11" hai3="84,12,89,4,18,13,5,100,113,45,3,77,129"/><U111/><E90/><V107/><F123/><W81/><G113/><T57/><D70/><U48/><E8/><V29/><F68/><W24/><G129/><T7/><D130/><U127/><E120/><V109/><F109/><W35/><G100/><T98/><D27/><U1/><E111/><V16/><F107/><W55/><G35/><T116/><D116/><U42/><E39/><V115/><F115/><W2/><G24/><T41/><D7/><U132/><E132/><V22/><F124/><W88/><G77/><T75/><D19/><U95/><E95/><V92/><F105/><W21/><G89/><T62/><D75/><U73/><E73/><V49/><F80/><W6/><REACH who="3" step="1"/><G12/><REACH who="3" ten="250,263,250,227" step="2"/><T87/><D14/><U79/><E79/><V37/><F74/><W20/><G20/><T94/><D101/><U69/><REACH who="1" step="1"/><E67/><REACH who="1" ten="250,253,250,227" step="2"/><V30/><F37/><W47/><G47/><T54/><D44/><U114/><E114/><V15/><F9/><W119/><G119/><T23/><D106/><U64/><E64/><V71/><REACH who="2" step="1"/><F71/><REACH who="2" ten="250,253,240,227" step="2"/><W99/><G99/><T52/><D98/><U108/><E108/><V28/><N who="2" m="7168" /><DORA hai="128" /><V76/><F76/><W65/><G65/><T38/><D94/><U134/><E134/><V56/><F56/><W85/><G85/><T60/><D87/><U72/><E72/><V63/><F63/><W91/><G91/><T96/><D96/><U103/><E103/><V112/><F112/><W40/><G40/><AGARI ba="0,3" hai="0,1,40,42,43,48,50,51,61,66,69,125,126,127" machi="40" ten="50,12000,1" yaku="1,1,18,1,52,2,53,0" doraHai="32,128" doraHaiUra="53,86" who="1" fromWho="3" sc="250,0,253,150,240,0,227,-120" /><AGARI ba="0,0" hai="10,11,15,16,22,40,46,49,92,97,102" m="7168" machi="40" ten="50,6400,0" yaku="1,1,8,1,54,1,53,0" doraHai="32,128" doraHaiUra="53,86" who="2" fromWho="3" sc="250,0,403,0,240,64,107,-64" /><INIT seed="1,1,0,2,1,61" ten="250,403,304,43" oya="1" hai0="26,127,80,46,50,59,89,20,64,100,92,39,91" hai1="88,60,24,128,107,125,118,30,99,94,54,102,23" hai2="133,86,79,52,18,96,123,8,58,36,77,22,119" hai3="73,25,1,28,69,31,114,122,44,116,66,132,34"/><U109/><E118/><V95/><F123/><W84/><G122/><T32/><D127/><U112/><E125/><V111/><F119/><W124/><G124/><T42/><D32/><U17/><E112/><V9/><F36/><W82/><G116/><T101/><D80/><U87/><E128/><V15/><F111/><W110/><G114/><T12/><D12/><U27/><E109/><V115/><F133/><W11/><G110/><T0/><D0/><U121/><E121/><V108/><F108/><W21/><G132/><T38/><D38/><U10/><E10/><V43/><F43/><W65/><G73/><T56/><D91/><U63/><E54/><V53/><F53/><W67/><G69/><T37/><D37/><U76/><E76/><N who="2" m="29259" /><F86/><W106/><G106/><T7/><D7/><U74/><E74/><V4/><F4/><W78/><G44/><T14/><D39/><U29/><E17/><V40/><F40/><W41/><G41/><T90/><D46/><U103/><E103/><N who="2" m="60831" /><F115/><W5/><REACH who="3" step="1"/><G34/><AGARI ba="1,0" hai="23,24,27,29,30,34,60,63,87,88,94,99,102,107" machi="34" ten="30,2900,0" yaku="7,1,54,1" doraHai="61" who="1" fromWho="3" sc="250,0,403,32,304,0,43,-32" /><INIT seed="1,2,0,4,3,44" ten="250,435,304,11" oya="1" hai0="14,50,83,64,9,46,43,135,71,53,93,75,123" hai1="17,113,25,94,112,95,19,8,62,115,81,33,18" hai2="37,27,72,68,124,21,76,42,98,0,26,78,63" hai3="89,79,49,11,106,24,102,69,45,67,86,56,58"/><U15/><E81/><V28/><F0/><W125/><G125/><T5/><D135/><U29/><REACH who="1" step="1"/><E62/><REACH who="1" ten="250,425,304,11" step="2"/><V101/><F72/><W111/><G111/><T88/><D83/><U90/><E90/><V80/><F80/><W131/><G79/><T39/><D75/><U118/><E118/><V10/><F63/><W73/><G73/><T6/><D123/><U91/><E91/><V114/><F78/><W110/><G110/><T51/><D71/><U1/><E1/><V34/><F68/><W105/><G69/><T77/><D77/><U92/><AGARI ba="2,1" hai="8,15,17,18,19,25,29,33,92,94,95,112,113,115" machi="92" ten="40,3900,0" yaku="1,1,0,1,53,0" doraHai="44" doraHaiUra="119" who="1" fromWho="1" sc="250,-15,425,55,304,-15,11,-15" owari="235,-16.5,480,58.0,289,8.9,-4,-50.4" /></mjloggm>