<mjloggm ver="2.3"><GO type="225" lobby="0"/><UN n0="%E6%98%BC%E4%B8%8B%E3%81%8C%E3%82%8A%E3%81%AE%E5%9B%A3%E5%9C%B0%E5%A6%BB" n1="%E5%8D%A0%E3%81%84%E5%B8%AB%E8%A3%8F%E3%81%AA%E3%81%84%E3%81%97" n2="%43%68%65" n3="%E3%83%94%E3%83%B3%E3%82%B5%E3%83%AD%E5%BA%97%E5%93%A1" dan="16,17,16,16" rate="2148.50,2155.02,2133.37,2149.34" sx="F,M,M,M"/><TAIKYOKU oya="0"/><INIT seed="0,0,0,1,3,80" ten="250,250,250,250" oya="0" hai0="17,4,132,5,75,94,44,28,97,88,21,115,15" hai1="48,121,43,7,29,96,128,18,86,122,62,53,119" hai2="64,57,106,131,45,49,35,112,61,66,0,47,55" hai3="126,105,76,70,59,89,83,33,79,72,114,117,19"/><T135/><D115/><U46/><E119/><V20/><F35/><W71/><G117/><T127/><D75/><U68/><E128/><V103/><F0/><W27/><G114/><T134/><D127/><U125/><E125/><V99/><F112/><W50/><G126/><T67/><D67/><U108/><E108/><V36/><F131/><W130/><G130/><T37/><D28/><U82/><E7/><V85/><F36/><W69/><G105/><T73/><D73/><U41/><E29/><V101/><F101/><W100/><G100/><T104/><D104/><U98/><E121/><V26/><F85/><W95/><G79/><T113/><D113/><U84/><E122/><V107/><F107/><W30/><G19/><T8/><D8/><U11/><E68/><V91/><F91/><W111/><G111/><T60/><D60/><U90/><E84/><V133/><F133/><W9/><G9/><T102/><D102/><U74/><E74/><V87/><F87/><W123/><G123/><T14/><D14/><N who="1" m="7519" /><E62/><V10/><F10/><W1/><G1/><T81/><D81/><U116/><E116/><V16/><REACH who="2" step="1"/><F66/><REACH who="2" ten="250,250,240,250" step="2"/><W124/><G124/><T31/><D31/><U24/><E24/><V129/><F129/><W78/><G78/><T32/><D32/><U42/><AGARI ba="0,1" hai="41,42,43,46,48,53,82,86,90,96,98" m="7519" machi="42" ten="30,4000,0" yaku="25,1,8,1,52,1" doraHai="80" who="1" fromWho="1" sc="250,-20,250,50,240,-10,250,-10" /><INIT seed="1,0,0,0,0,97" ten="230,300,230,240" oya="1" hai0="4,132,96,91,121,58,110,70,67,69,73,28,53" hai1="129,105,51,56,52,61,82,0,34,12,46,29,15" hai2="99,41,19,68,10,35,127,57,83,102,5,86,22" hai3="39,92,81,49,72,84,123,1,20,100,79,98,60"/><U3/><E129/><V45/><F127/><W32/><G123/><T87/><D73/><U38/><E38/><V59/><F68/><W119/><G32/><T27/><D121/><U124/><E124/><V85/><F35/><W117/><G39/><T128/><D128/><U65/><E105/><V89/><F86/><W78/><G1/><T122/><D122/><U120/><E120/><V106/><F22/><W94/><G49/><T11/><D67/><U63/><E15/><V30/><F19/><W6/><G6/><T108/><D96/><U76/><E12/><V24/><F24/><W55/><G20/><T116/><D116/><N who="3" m="44617" /><G55/><T2/><D132/><U43/><E29/><V135/><F30/><W8/><G60/><T93/><D110/><U36/><E61/><V77/><F135/><W125/><G8/><T88/><D91/><U134/><E34/><V101/><F89/><N who="3" m="53287" /><G79/><T64/><D64/><U54/><E54/><V37/><REACH who="2" step="1"/><F101/><REACH who="2" ten="230,300,220,240" step="2"/><W17/><G17/><T111/><D111/><U66/><E134/><V75/><F75/><W26/><G26/><T113/><D108/><U14/><E65/><V21/><F21/><W115/><G115/><T103/><D103/><U114/><E114/><V112/><F112/><W18/><G18/><T109/><D109/><U33/><E33/><V31/><F31/><W133/><G133/><T90/><D113/><U48/><E66/><V23/><F23/><W104/><G125/><T62/><D90/><U74/><E74/><V118/><F118/><W44/><G104/><T126/><D126/><U130/><E130/><V25/><F25/><RYUUKYOKU ba="0,1" sc="230,10,300,-30,220,10,240,10" hai0="2,4,11,27,28,53,58,62,69,70,87,88,93" hai2="5,10,37,41,45,57,59,77,83,85,99,102,106" hai3="44,72,78,81,94,98,100" /><INIT seed="2,1,1,0,3,86" ten="240,270,230,250" oya="2" hai0="6,90,114,10,115,13,76,120,111,62,32,89,78" hai1="54,105,97,2,77,15,83,30,29,84,102,46,80" hai2="48,50,16,87,60,56,25,113,70,31,66,71,57" hai3="123,65,8,67,94,37,130,51,100,49,34,109,95"/><V126/><F113/><W1/><G37/><T55/><D120/><U96/><E2/><V118/><F118/><W53/><G34/><T134/><D32/><U103/><E15/><V43/><F126/><W129/><G123/><T14/><D111/><U99/><E99/><V7/><F7/><N who="3" m="1135" /><G51/><T19/><D134/><U81/><E54/><V79/><F71/><W135/><G109/><T33/><D33/><U61/><E61/><V98/><F98/><N who="3" m="59479" /><G95/><T42/><D42/><U35/><E46/><V121/><F121/><W131/><G135/><T75/><D115/><U72/><E35/><V23/><F31/><W47/><AGARI ba="1,1" hai="47,49,53,65,67,129,130,131" m="59479,1135" machi="47" ten="30,1100,0" yaku="19,1" doraHai="86" who="3" fromWho="3" sc="240,-4,270,-4,230,-6,250,24" /><INIT seed="3,0,0,5,1,3" ten="236,266,224,274" oya="3" hai0="82,70,119,36,133,93,28,111,19,108,53,63,112" hai1="132,86,131,74,75,102,9,56,25,96,27,8,125" hai2="4,83,126,50,116,73,80,30,120,97,101,64,92" hai3="88,22,109,69,35,39,1,65,10,71,47,13,59"/><W33/><G1/><T32/><D119/><U44/><E131/><V31/><F116/><W12/><G109/><T127/><D36/><U134/><E125/><V54/><F126/><W45/><G59/><T46/><D127/><U81/><E56/><V130/><F130/><W23/><G10/><N who="1" m="4202" /><E44/><V21/><F120/><W15/><G15/><T123/><D123/><U52/><E52/><V51/><F64/><W60/><G39/><T20/><D53/><U89/><E25/><V49/><F73/><W129/><G129/><T121/><D46/><U57/><E57/><V48/><F4/><W84/><G84/><T29/><D121/><U114/><E27/><N who="2" m="16751" /><F31/><W103/><G103/><T124/><D124/><U43/><E43/><V16/><F16/><W117/><G117/><T78/><D29/><U26/><E26/><V2/><F2/><W0/><G0/><T94/><D28/><U100/><E114/><V113/><F113/><W106/><G106/><T61/><D112/><U122/><E100/><V79/><F79/><W77/><G77/><T66/><D32/><U34/><E34/><V98/><F98/><W42/><G65/><T99/><D108/><U6/><E6/><V58/><AGARI ba="0,0" hai="48,49,50,51,54,58,80,83,92,97,101" m="16751" machi="58" ten="30,1100,0" yaku="8,1" doraHai="3" who="2" fromWho="2" sc="236,-3,266,-3,224,11,274,-5" /><INIT seed="4,0,0,2,1,3" ten="233,263,235,269" oya="0" hai0="13,119,89,86,93,75,98,63,66,34,123,35,68" hai1="77,111,0,2,24,91,65,18,69,19,22,20,73" hai2="133,118,11,53,90,64,128,125,100,101,26,8,43" hai3="72,59,55,27,99,47,113,38,78,61,110,9,104"/><T71/><D119/><U94/><E111/><V115/><F118/><W29/><G110/><T74/><D123/><U6/><E65/><V7/><F115/><W82/><G113/><T96/><D71/><U116/><E69/><V25/><F125/><W58/><G104/><T122/><D122/><U124/><E116/><V60/><F128/><W15/><G99/><T106/><D98/><U23/><E124/><V37/><F53/><W42/><G61/><T1/><D1/><U51/><E77/><V127/><F127/><W40/><G55/><T14/><D35/><U67/><E67/><V95/><F133/><W108/><G42/><T79/><D34/><U5/><E73/><V4/><F43/><W129/><G129/><T36/><D36/><U134/><E134/><V126/><F37/><W92/><G92/><T84/><D84/><N who="1" m="52583" /><E0/><V12/><F126/><W32/><REACH who="3" step="1"/><G108/><REACH who="3" ten="233,263,235,259" step="2"/><T28/><D106/><U102/><E102/><N who="2" m="39531" /><F60/><W121/><G121/><T57/><D68/><U30/><E2/><V16/><F64/><W52/><G52/><T80/><D96/><U97/><E97/><N who="2" m="57591" /><F11/><W44/><G44/><T83/><D66/><U49/><E49/><V41/><F41/><W114/><G114/><T131/><D131/><U135/><E51/><V21/><F26/><W39/><G39/><T76/><D63/><U117/><E117/><V88/><F88/><W46/><G46/><T87/><D57/><U120/><E120/><V17/><AGARI ba="0,1" hai="4,7,8,12,16,17,21,25" m="57591,39531" machi="17" ten="30,7900,0" yaku="8,1,52,2,54,1" doraHai="3" who="2" fromWho="2" sc="233,-39,263,-20,235,89,259,-20" owari="194,-30.6,243,4.3,324,42.4,239,-16.1" /></mjloggm>