<mjloggm ver="2.3"><GO type="225" lobby="0"/><UN n0="%E6%A1%9C%E8%8A%B1%E9%96%83%E3%80%85" n1="%E6%81%A5%E6%99%92%E3%81%97" n2="%77%72%77%72%77%72%77%72" n3="%E3%83%96%E3%83%83%E3%83%91%E3%82%AA%E3%83%96%E3%83%81%E3%82%AD%E3%83%B3" dan="16,16,17,16" rate="2130.35,2123.10,2194.74,2140.63" sx="M,M,M,M"/><TAIKYOKU oya="0"/><INIT seed="0,0,0,3,3,23" ten="250,250,250,250" oya="0" hai0="81,64,93,60,112,110,51,40,96,115,135,46,118" hai1="133,89,67,45,80,105,99,43,31,36,66,11,41" hai2="53,134,50,16,103,92,75,57,122,88,28,123,61" hai3="78,29,37,34,128,109,49,38,69,18,20,132,9"/><T3/><D118/><U106/><E133/><V5/><F75/><W84/><G69/><T52/><D135/><U48/><E43/><V27/><F134/><W15/><G132/><T94/><D3/><U119/><E119/><V126/><F126/><W58/><G109/><T120/><D120/><U68/><E36/><V47/><F5/><W98/><G34/><T25/><D110/><U116/><E116/><V55/><F103/><W86/><G128/><T87/><D40/><U97/><E11/><V54/><F54/><N who="3" m="32079" /><G37/><T111/><D25/><U85/><E31/><V101/><F101/><W1/><G38/><T26/><D26/><U91/><E68/><V124/><F124/><W129/><G1/><T59/><D111/><U82/><E105/><V2/><F2/><W102/><G78/><T6/><D6/><U77/><E106/><V12/><F12/><N who="3" m="9287" /><G29/><T71/><D71/><U125/><E125/><V4/><F4/><N who="3" m="3495" /><G129/><T72/><D72/><U10/><E10/><V56/><F47/><W0/><G0/><T14/><D14/><U65/><REACH who="1" step="1"/><E77/><REACH who="1" ten="250,240,250,250" step="2"/><V74/><F28/><W42/><G42/><T131/><D131/><U7/><E7/><V13/><F123/><W70/><G70/><T62/><D115/><U107/><E107/><V44/><F122/><W79/><G79/><N who="0" m="46527" /><D112/><U32/><E32/><V19/><F74/><W95/><AGARI ba="0,1" hai="84,86,95,98,102" m="3495,9287,32079" machi="95" ten="30,1100,0" yaku="8,1" doraHai="23" who="3" fromWho="3" sc="250,-5,240,-3,250,-3,250,21" /><INIT seed="1,0,0,0,2,119" ten="245,237,247,271" oya="1" hai0="99,2,57,111,126,102,64,59,27,15,86,97,84" hai1="91,8,74,50,1,120,53,106,92,129,49,22,51" hai2="6,66,73,95,12,130,125,94,10,7,117,115,68" hai3="131,56,85,38,104,76,26,18,124,14,133,103,113"/><U109/><E106/><V25/><F117/><W77/><G113/><T71/><D2/><U132/><E129/><V34/><F130/><W32/><G38/><T81/><D111/><U118/><E118/><V69/><F115/><W127/><G131/><T11/><D126/><N who="3" m="48169" /><G133/><T62/><D27/><U21/><E74/><V78/><F125/><W116/><G116/><T13/><D86/><N who="1" m="52343" /><E120/><V128/><F128/><W37/><G37/><T36/><D36/><U108/><E132/><V48/><F48/><W93/><G104/><T88/><D15/><U89/><E89/><V98/><F6/><W5/><G5/><T82/><D82/><U63/><E1/><V58/><F58/><W90/><G103/><T80/><D80/><U47/><E8/><V23/><F34/><W4/><G56/><T43/><D43/><U65/><E47/><V3/><F95/><W83/><G4/><T135/><D135/><U52/><E108/><V30/><F3/><W114/><G114/><T41/><D41/><U19/><E109/><V44/><F44/><W105/><G105/><T24/><D24/><N who="1" m="14399" /><E22/><V35/><F35/><W61/><G32/><T17/><REACH who="0" step="1"/><D99/><REACH who="0" ten="235,237,247,271" step="2"/><U121/><E121/><V72/><F72/><W16/><G26/><T134/><D134/><U70/><E53/><V67/><F73/><N who="3" m="43407" /><G14/><T55/><D55/><U112/><E52/><V29/><F29/><W31/><G77/><T28/><D28/><U40/><E112/><V110/><F78/><W122/><G31/><T101/><D101/><U33/><E33/><V75/><F75/><W39/><G39/><T123/><D123/><RYUUKYOKU ba="0,1" sc="235,15,237,15,247,-15,271,-15" hai0="11,13,17,57,59,62,64,71,81,84,88,97,102" hai1="40,49,50,51,63,65,70" /><INIT seed="1,1,1,3,2,117" ten="250,252,232,256" oya="1" hai0="25,6,27,56,32,45,12,76,42,70,91,40,89" hai1="44,15,41,46,114,29,94,132,104,112,43,8,28" hai2="11,96,69,24,2,86,35,16,30,87,92,71,37" hai3="84,81,126,65,134,50,53,116,124,128,88,102,120"/><U119/><E119/><V33/><F37/><W105/><G116/><T68/><D76/><U26/><E104/><V82/><F35/><W110/><G110/><T99/><D32/><U66/><E132/><V111/><F111/><W59/><G134/><T77/><D77/><U62/><E94/><V31/><F31/><W1/><G128/><T123/><D56/><U133/><E133/><V36/><F36/><W38/><G1/><T72/><D12/><U63/><E15/><V23/><F87/><W22/><G38/><T73/><D45/><U130/><E8/><V85/><F85/><W58/><G120/><T57/><D57/><U108/><E108/><V51/><F51/><W5/><G5/><T13/><D13/><U122/><E26/><V9/><F9/><W127/><G22/><T14/><D14/><U54/><E54/><V52/><F52/><W97/><REACH who="3" step="1"/><G59/><REACH who="3" ten="250,252,232,246" step="2"/><T101/><D6/><U100/><E130/><V47/><F2/><W98/><G98/><T20/><D99/><U39/><E39/><V49/><F11/><W93/><G93/><T34/><D34/><U17/><E122/><V79/><F92/><W80/><G80/><T21/><REACH who="0" step="1"/><D101/><REACH who="0" ten="240,252,232,246" step="2"/><U10/><E100/><V0/><F96/><W18/><G18/><T131/><D131/><U61/><E17/><V74/><F0/><W48/><G48/><T125/><D125/><U106/><E112/><V129/><F129/><W113/><G113/><T60/><D60/><U90/><E114/><V64/><F49/><W83/><G83/><T107/><D107/><U7/><E106/><V67/><F82/><RYUUKYOKU ba="1,3" sc="240,15,252,-15,232,-15,246,15" hai0="20,21,25,27,40,42,68,70,72,73,89,91,123" hai3="50,53,58,65,81,84,88,97,102,105,124,126,127" /><INIT seed="2,2,3,4,2,9" ten="255,237,217,261" oya="2" hai0="37,105,19,97,20,65,3,40,80,57,4,77,8" hai1="27,99,76,87,0,127,130,118,100,16,90,67,34" hai2="33,135,10,98,52,131,23,68,50,128,89,38,25" hai3="104,121,21,54,60,114,53,29,48,78,61,134,66"/><V117/><F38/><W92/><G121/><T102/><D65/><U132/><E118/><V106/><F117/><W126/><G104/><T46/><D57/><U83/><E0/><V26/><F68/><W17/><G126/><T58/><D58/><U71/><E127/><V101/><F135/><W49/><G134/><T51/><D51/><N who="3" m="19529" /><G114/><T43/><D43/><U64/><E132/><V86/><F10/><W75/><G75/><T59/><D59/><U15/><E130/><N who="2" m="49707" /><F33/><W6/><G6/><T72/><D19/><U1/><E1/><V107/><F107/><W85/><G29/><T122/><D20/><N who="1" m="13703" /><E34/><V31/><F23/><W103/><G66/><T56/><D56/><U82/><E71/><V12/><F12/><N who="3" m="9383" /><G103/><T39/><D39/><U24/><E24/><V63/><F63/><N who="3" m="24139" /><G78/><T28/><D28/><U41/><E76/><V62/><F62/><W124/><G124/><T123/><AGARI ba="2,3" hai="3,4,8,37,40,46,72,77,80,97,102,105,122,123" machi="123" ten="30,8000,1" yaku="0,1,25,2,23,2" doraHai="9" who="0" fromWho="0" sc="255,116,237,-22,217,-42,261,-22" /><INIT seed="3,0,0,1,1,84" ten="371,215,175,239" oya="3" hai0="81,53,56,78,41,117,131,99,76,65,24,83,135" hai1="108,46,54,9,44,85,15,11,35,109,63,20,4" hai2="114,105,43,23,134,133,77,115,80,119,38,59,19" hai3="128,64,36,50,118,70,40,45,30,33,74,10,14"/><W39/><G118/><T132/><D117/><U28/><E35/><V37/><F119/><W22/><G33/><T106/><D65/><U120/><E120/><V2/><F105/><W57/><G74/><T91/><D41/><U16/><E28/><V13/><F2/><W71/><G22/><T68/><D68/><N who="3" m="26153" /><G14/><T116/><D24/><N who="1" m="14343" /><E9/><V96/><F59/><W82/><G82/><T21/><D53/><U127/><E127/><V6/><F6/><W113/><G10/><T97/><D56/><N who="1" m="35223" /><E85/><V62/><F62/><N who="3" m="37967" /><G30/><T3/><D76/><U110/><AGARI ba="0,0" hai="4,11,15,44,46,108,109,110" m="35223,14343" machi="110" ten="30,2000,0" yaku="14,1,54,1" doraHai="84" who="1" fromWho="1" sc="371,-5,215,20,175,-5,239,-10" owari="366,46.6,235,3.5,170,-33.0,229,-17.1" /></mjloggm>