<mjloggm ver="2.3"><GO type="225" lobby="0"/><UN n0="%E9%A6%AC%E5%BC%95%E7%81%AB%33" n1="%6B%69%72%61%64%6F%6B%69" n2="%E3%81%8A%E3%81%AB%E3%82%83%E3%81%8A%E3%81%A1%E3%82%83" n3="%E4%BF%BA%E3%81%A8%E5%A6%96%E5%A4%A2" dan="16,16,16,16" rate="2070.31,2144.93,2098.33,2212.99" sx="M,M,M,F"/><TAIKYOKU oya="0"/><INIT seed="0,0,0,3,0,79" ten="250,250,250,250" oya="0" hai0="132,60,95,93,48,107,46,39,61,51,87,75,47" hai1="90,37,114,34,14,82,77,98,120,121,30,50,124" hai2="91,0,53,59,56,80,131,110,36,17,66,126,127" hai3="102,6,113,92,49,4,12,69,25,118,26,83,105"/><T15/><D75/><U24/><E37/><V42/><F0/><W16/><G118/><T130/><D39/><U41/><E124/><V22/><F110/><W97/><G113/><T3/><D3/><U1/><E1/><V29/><F29/><W32/><G69/><T33/><D107/><U73/><E114/><V78/><F91/><W81/><G105/><T116/><D33/><U18/><E41/><V84/><F131/><W134/><G49/><T8/><D116/><U86/><E98/><V9/><F9/><N who="3" m="6159" /><G32/><T45/><D130/><U101/><E101/><V99/><F99/><W62/><G62/><N who="0" m="24171" /><D132/><U88/><E50/><N who="0" m="18985" /><D87/><U85/><E73/><V57/><F66/><W64/><G64/><T5/><AGARI ba="0,0" hai="5,8,15,45,46,47,93,95" m="18985,24171" machi="5" ten="30,1500,0" yaku="8,1" doraHai="79" who="0" fromWho="0" sc="250,15,250,-5,250,-5,250,-5" /><INIT seed="0,1,0,5,5,105" ten="265,245,245,245" oya="0" hai0="29,57,52,16,120,27,89,91,61,76,123,125,129" hai1="85,121,32,35,51,28,21,2,110,30,104,26,62" hai2="50,7,69,41,99,90,116,3,95,5,108,98,71" hai3="25,65,67,58,79,96,9,66,11,22,117,36,15"/><T78/><D125/><U24/><E104/><V87/><F108/><W72/><G117/><T94/><D129/><U23/><E121/><N who="0" m="46665" /><D91/><U55/><E110/><V53/><F116/><W103/><G36/><T131/><D29/><U38/><E38/><V81/><F41/><W19/><G58/><T86/><D86/><U124/><E124/><V74/><F74/><W37/><G37/><T33/><D33/><U106/><E106/><V44/><F99/><W75/><G79/><T122/><D131/><U0/><E62/><V134/><F134/><W93/><REACH who="3" step="1"/><G9/><REACH who="3" ten="265,245,245,235" step="2"/><T101/><D122/><U20/><REACH who="1" step="1"/><E85/><REACH who="1" ten="265,235,245,235" step="2"/><V46/><F87/><W48/><G48/><T127/><D127/><U92/><E92/><V4/><F50/><W60/><G60/><T6/><D94/><U126/><E126/><V97/><F95/><W1/><G1/><T113/><D61/><U107/><E107/><V109/><F3/><W112/><G112/><T63/><D63/><U68/><E68/><V47/><F109/><W45/><G45/><AGARI ba="1,2" hai="0,2,20,21,23,24,26,28,30,32,35,45,51,55" machi="45" ten="40,2600,0" yaku="1,1,9,1,53,0" doraHai="105" doraHaiUra="64" who="1" fromWho="3" sc="265,0,235,49,245,0,235,-29" /><INIT seed="1,0,0,1,2,4" ten="265,284,245,206" oya="1" hai0="109,118,44,70,33,55,123,125,13,67,25,45,22" hai1="59,132,121,97,11,85,23,42,122,81,91,96,86" hai2="93,48,131,43,90,88,80,106,130,58,12,83,31" hai3="127,69,79,119,57,68,71,89,110,47,115,32,84"/><U107/><E42/><V64/><F106/><W103/><G115/><T15/><D118/><U112/><E112/><V30/><F12/><W113/><G113/><T73/><D73/><U99/><E23/><V21/><F64/><W37/><G32/><T10/><D33/><U14/><E132/><V128/><F90/><W56/><G119/><T129/><D109/><U7/><E107/><V102/><F102/><W40/><G110/><T20/><D125/><U82/><REACH who="1" step="1"/><E59/><REACH who="1" ten="265,274,245,206" step="2"/><V134/><F134/><W92/><G127/><T29/><D20/><U34/><E34/><V66/><F43/><W2/><G57/><T39/><D22/><U101/><E101/><V111/><F111/><W62/><G103/><T27/><D45/><U18/><E18/><V8/><F21/><W104/><G104/><T135/><D44/><U98/><N who="1" m="24576" /><DORA hai="3" /><U17/><E17/><V24/><F58/><W52/><REACH who="3" step="1"/><G2/><REACH who="3" ten="265,274,245,196" step="2"/><T77/><D135/><U51/><E51/><V36/><F48/><W94/><G94/><T6/><D25/><U16/><E16/><V65/><F93/><W120/><G120/><T0/><D27/><U114/><E114/><V38/><F131/><W26/><G26/><T46/><D0/><U50/><E50/><V74/><F130/><W53/><G53/><T60/><D55/><U1/><E1/><V108/><F128/><W117/><G117/><T49/><D129/><U87/><E87/><V41/><F108/><W61/><G61/><N who="0" m="40303" /><D49/><U116/><E116/><V63/><F36/><W95/><G95/><T5/><D60/><U72/><E72/><V100/><F38/><RYUUKYOKU ba="0,2" sc="265,-15,274,15,245,-15,196,15" hai1="7,11,14,81,82,85,86,91,121,122" hai3="37,40,47,52,56,62,68,69,71,79,84,89,92" /><INIT seed="1,1,2,3,5,60" ten="250,289,230,211" oya="1" hai0="14,124,80,103,39,49,1,62,72,70,2,68,41" hai1="74,32,111,134,75,34,104,128,118,6,115,112,86" hai2="46,51,120,81,78,100,135,26,96,53,54,13,67" hai3="11,21,84,33,8,106,20,71,63,43,85,90,9"/><U73/><E86/><V98/><F135/><W23/><G33/><N who="1" m="12906" /><E134/><V97/><F120/><W105/><G43/><T18/><D39/><U87/><E87/><N who="2" m="48567" /><F26/><W132/><G132/><T56/><D103/><U0/><E118/><V116/><F116/><W52/><G84/><T107/><D107/><U69/><E128/><V35/><F35/><W40/><G40/><T55/><D124/><U47/><E47/><V83/><F83/><W48/><G63/><T94/><D94/><U113/><E104/><V7/><F67/><W130/><G71/><T38/><D70/><U10/><E69/><V77/><F77/><W31/><G31/><T16/><D80/><U36/><E36/><V79/><F79/><W117/><G130/><T76/><D76/><U5/><E5/><V25/><F25/><W17/><G17/><T42/><D18/><U4/><E4/><V58/><F100/><W29/><G29/><T119/><D72/><U15/><E15/><V3/><F3/><W121/><G121/><T127/><D119/><U93/><E93/><V57/><F53/><W59/><REACH who="3" step="1"/><G117/><REACH who="3" ten="250,289,230,201" step="2"/><T27/><D68/><U24/><E112/><V99/><F98/><W108/><G108/><T110/><D110/><U28/><E113/><V109/><F109/><W133/><G133/><T37/><D42/><U64/><E115/><V89/><F89/><W102/><G102/><T101/><D101/><U44/><E111/><V122/><F122/><W22/><N who="3" m="5120" /><DORA hai="82" /><W126/><G126/><T129/><D127/><U61/><E28/><V30/><F30/><W123/><G123/><T19/><D41/><RYUUKYOKU ba="1,3" sc="250,-15,289,-15,230,15,201,15" hai2="7,13,46,51,54,57,58,96,97,99" hai3="8,9,11,48,52,59,85,90,105,106" /><INIT seed="2,2,3,5,0,108" ten="235,274,245,216" oya="2" hai0="18,48,124,24,27,96,21,62,22,91,105,103,43" hai1="2,94,10,14,121,60,107,31,44,15,117,9,47" hai2="77,84,89,58,72,127,106,86,71,109,3,73,66" hai3="132,81,56,80,85,92,112,64,130,98,125,30,55"/><V69/><F106/><W113/><G132/><T65/><D124/><U83/><E107/><V13/><F3/><W90/><G125/><T135/><D135/><U39/><E117/><V97/><F109/><W76/><G130/><T45/><D91/><U111/><E111/><V8/><F127/><W41/><G64/><T53/><D43/><U4/><E39/><V49/><F69/><W57/><G41/><T95/><D105/><U46/><E121/><V59/><F71/><W42/><G42/><T19/><D65/><U29/><E83/><N who="2" m="47215" /><F73/><W102/><G30/><T34/><D34/><U12/><E60/><AGARI ba="2,3" hai="18,19,21,22,24,27,45,48,53,60,62,95,96,103" machi="60" ten="40,2600,0" yaku="9,1,8,1" doraHai="108" who="0" fromWho="1" sc="235,62,274,-32,245,0,216,0" /><INIT seed="3,0,0,4,2,43" ten="297,242,245,216" oya="3" hai0="39,66,54,113,67,94,33,21,91,0,77,120,121" hai1="127,19,124,64,128,53,41,58,116,68,18,102,133" hai2="110,2,60,7,90,15,30,115,50,109,78,122,101" hai3="32,35,83,63,108,132,44,114,47,80,62,99,125"/><W95/><G114/><T89/><D33/><U42/><E102/><V70/><F115/><W126/><G32/><T135/><D0/><U46/><E18/><V28/><F2/><W59/><G35/><T9/><D39/><N who="1" m="21823" /><E19/><V86/><F122/><W65/><G132/><T56/><D9/><U100/><E100/><V93/><F101/><W23/><G108/><N who="2" m="41577" /><F78/><W27/><G63/><T29/><D77/><U123/><E123/><V69/><F50/><W105/><G105/><T112/><D135/><U129/><E133/><V61/><F61/><W87/><G125/><N who="1" m="48202" /><E116/><V130/><F130/><N who="1" m="50281" /><E42/><V117/><F117/><W71/><G126/><T74/><D74/><U72/><E72/><V79/><F79/><N who="3" m="46495" /><G83/><T119/><D119/><U76/><E76/><V6/><F15/><W51/><G71/><T48/><D121/><U106/><E106/><V85/><F70/><W5/><G5/><N who="2" m="1545" /><F86/><W103/><G51/><T40/><D120/><U57/><E53/><V98/><F85/><W22/><G22/><T31/><D40/><U25/><E25/><V52/><F52/><W131/><G131/><T134/><D134/><U14/><E14/><V111/><N who="2" m="41585" /><V73/><DORA hai="34" /><F73/><W20/><G20/><T75/><D75/><U107/><E107/><V24/><F24/><W81/><G81/><T97/><D91/><U104/><E104/><V8/><F8/><W17/><AGARI ba="0,0" hai="17,23,27,44,47,59,62,65,95,99,103" m="46495" machi="17" ten="30,6000,0" yaku="8,1,52,2" doraHai="43,34" who="3" fromWho="3" sc="297,-20,242,-20,245,-20,216,60" /><INIT seed="3,1,0,4,4,51" ten="277,222,225,276" oya="3" hai0="8,119,78,43,126,52,76,134,38,121,18,89,16" hai1="2,49,57,130,127,133,105,79,72,124,29,86,111" hai2="44,87,20,25,75,0,1,66,92,50,17,7,60" hai3="45,73,23,27,36,91,28,35,116,67,99,85,109"/><W22/><G116/><T26/><D121/><U125/><E2/><V117/><F75/><W12/><G73/><T97/><D119/><U63/><E105/><V96/><F117/><W15/><G109/><T80/><D126/><U77/><E72/><V74/><F74/><W62/><G99/><T24/><D134/><U69/><E111/><V61/><F87/><W90/><G45/><T71/><D71/><U108/><E108/><V53/><F7/><W102/><G36/><T65/><D65/><N who="1" m="41151" /><E133/><V59/><REACH who="2" step="1"/><F61/><REACH who="2" ten="277,222,215,276" step="2"/><W10/><G85/><T21/><D97/><U135/><E135/><V95/><F95/><W100/><G62/><T129/><D80/><U110/><E110/><V9/><F9/><W118/><G10/><T104/><D8/><U54/><E130/><V93/><F93/><W113/><G118/><T81/><D129/><U82/><E29/><V114/><F114/><W13/><G113/><T58/><D104/><U6/><E6/><V107/><F107/><W39/><G102/><AGARI ba="1,1" hai="0,1,17,20,25,44,50,53,59,60,66,92,96,102" machi="102" ten="30,3900,0" yaku="1,1,7,1,52,1,53,0" doraHai="51" doraHaiUra="68" who="2" fromWho="3" sc="277,0,222,0,215,52,276,-42" /><INIT seed="4,0,0,1,4,125" ten="277,222,267,234" oya="0" hai0="80,40,79,72,119,114,36,112,83,17,21,9,48" hai1="75,50,49,77,122,11,121,52,60,58,14,44,51" hai2="93,102,126,131,47,94,113,18,90,37,20,73,26" hai3="53,132,46,135,12,24,2,130,64,35,123,57,0"/><T70/><D119/><U5/><REACH who="1" step="1"/><E44/><REACH who="1" ten="277,212,267,234" step="2"/><V104/><F47/><W61/><G123/><T68/><D114/><U63/><E63/><V25/><F126/><W15/><G130/><T120/><D112/><U42/><E42/><V59/><F113/><W127/><G127/><T10/><D40/><U22/><E22/><V100/><F20/><W99/><G0/><T98/><D21/><U117/><E117/><V92/><F131/><W124/><G2/><T34/><D120/><U81/><AGARI ba="0,1" hai="5,11,14,49,50,51,52,58,60,75,77,81,121,122" machi="81" ten="30,7900,0" yaku="21,2,0,1,54,1,53,0" doraHai="125" doraHaiUra="88" who="1" fromWho="1" sc="277,-39,212,89,267,-20,234,-20" owari="238,-16.2,301,40.1,247,4.7,214,-28.6" /></mjloggm>