<mjloggm ver="2.3"><GO type="225" lobby="0"/><UN n0="%E6%A1%9C%E8%8A%B1%E9%96%83%E3%80%85" n1="%72%69%6F%75%63%68%61%6E" n2="%4B%2E%32%2E%4B%2E" n3="%E6%9D%B1%E9%A2%A8%E3%81%AE%E3%81%8D%E3%82%83%E3%81%B7%E3%81%95%E3%82%93" dan="17,16,16,16" rate="2249.71,2086.91,2164.56,2159.62" sx="M,M,M,M"/><TAIKYOKU oya="0"/><INIT seed="0,0,0,3,0,112" ten="250,250,250,250" oya="0" hai0="64,134,97,15,103,32,125,7,130,102,18,13,2" hai1="48,42,44,12,123,55,118,17,56,33,43,77,81" hai2="74,53,110,82,93,101,95,0,47,120,73,129,29" hai3="108,111,65,62,76,109,83,34,21,51,38,60,22"/><T40/><D130/><U121/><E118/><V6/><F120/><W59/><G38/><T11/><D125/><U72/><E33/><V4/><F129/><W128/><G34/><T70/><D134/><U16/><E42/><V85/><F110/><W88/><G51/><T115/><D115/><U79/><E79/><V75/><F29/><W89/><G128/><T84/><D32/><U133/><E133/><V30/><F30/><W39/><G39/><T104/><D40/><U91/><E91/><N who="3" m="34890" /><G60/><T45/><D45/><U8/><REACH who="1" step="1"/><E17/><REACH who="1" ten="250,240,250,250" step="2"/><V63/><F75/><AGARI ba="0,1" hai="21,22,59,62,65,75,76,83,108,109,111" m="34890" machi="75" ten="30,2000,0" yaku="14,1,54,1" doraHai="112" who="3" fromWho="2" sc="250,0,240,0,250,-20,250,30" /><INIT seed="1,0,0,4,3,51" ten="250,240,230,280" oya="1" hai0="30,74,60,12,4,100,82,130,84,64,102,124,78" hai1="32,8,132,91,45,36,120,59,79,68,111,87,7" hai2="101,121,113,116,71,39,69,86,105,66,110,97,85" hai3="118,77,5,17,62,22,15,112,18,41,72,24,46"/><U80/><E120/><V98/><F121/><W126/><G126/><T119/><D119/><U122/><E122/><V21/><F116/><W20/><G118/><T89/><D124/><U117/><E117/><V73/><F73/><W115/><G5/><T93/><D130/><U58/><E132/><V92/><F39/><W3/><G3/><T27/><D12/><U88/><E68/><V96/><F110/><W76/><G62/><T29/><D4/><U0/><E32/><V38/><F38/><W31/><G31/><T70/><REACH who="0" step="1"/><D30/><REACH who="0" ten="240,240,230,280" step="2"/><U67/><E111/><V56/><F113/><W2/><G2/><T135/><D135/><U37/><E37/><V42/><F105/><W25/><G15/><T44/><D44/><U34/><E36/><V75/><F101/><W10/><G115/><T103/><D103/><U83/><E45/><V134/><F134/><W99/><G46/><T109/><D109/><U48/><E7/><V128/><F128/><W50/><G112/><T114/><D114/><U90/><E0/><V28/><F28/><W81/><G24/><T47/><D47/><U43/><E43/><V9/><F42/><W55/><G41/><T33/><AGARI ba="0,1" hai="27,29,33,60,64,70,74,78,82,84,89,93,100,102" machi="33" ten="20,2700,0" yaku="1,1,0,1,7,1,53,0" doraHai="51" doraHaiUra="13" who="0" fromWho="0" sc="240,37,240,-13,230,-7,280,-7" /><INIT seed="2,0,0,1,2,7" ten="277,227,223,273" oya="2" hai0="125,20,49,66,6,91,79,41,50,2,129,21,35" hai1="132,87,36,14,93,43,28,131,12,51,118,114,75" hai2="24,27,94,101,9,99,80,112,111,116,72,32,103" hai3="19,90,105,86,120,115,34,10,58,5,127,61,69"/><V84/><F112/><W33/><G105/><T78/><D35/><U40/><E114/><V97/><F116/><W25/><G69/><T70/><D125/><U3/><E118/><V31/><F72/><W82/><G115/><T18/><D21/><U29/><E75/><V85/><F111/><W77/><G127/><T39/><D50/><U130/><E3/><V121/><F121/><W83/><G120/><T134/><D49/><U76/><E36/><V124/><F124/><W128/><G128/><N who="1" m="49194" /><E132/><V62/><F62/><W52/><G19/><T64/><D91/><N who="1" m="53503" /><E76/><V23/><F9/><W81/><G25/><T1/><D18/><U30/><E40/><V113/><F80/><W96/><G96/><T95/><D1/><U102/><E102/><V100/><F113/><W135/><G135/><T98/><D79/><U107/><E107/><V110/><F103/><W123/><G123/><T126/><D78/><U0/><E0/><V89/><F110/><W88/><G90/><T47/><D126/><U68/><E68/><V15/><F15/><W48/><G61/><T16/><D70/><U108/><E108/><V60/><F60/><W54/><G54/><T63/><D63/><U117/><E117/><V106/><REACH who="2" step="1"/><F100/><REACH who="2" ten="277,227,213,273" step="2"/><W55/><G82/><T59/><D129/><U53/><E43/><V22/><F22/><W42/><G42/><N who="0" m="23007" /><D20/><U17/><E12/><V67/><F67/><W11/><G34/><T45/><D41/><U104/><E14/><V73/><F73/><N who="3" m="43183" /><G33/><T37/><D134/><U13/><E13/><V26/><F26/><W122/><G122/><T65/><D2/><RYUUKYOKU ba="0,1" sc="277,-10,227,-10,213,30,273,-10" hai2="23,24,27,31,32,84,85,89,94,97,99,101,106" /><INIT seed="2,1,1,0,0,6" ten="267,217,243,263" oya="2" hai0="51,122,86,124,55,75,79,71,39,123,127,10,56" hai1="78,83,43,135,62,5,121,23,82,69,48,73,77" hai2="34,30,0,85,17,27,80,35,31,99,13,45,104" hai3="129,47,112,9,117,7,131,118,128,8,42,61,119"/><V92/><F104/><W84/><G112/><T97/><D75/><U133/><E121/><V16/><F0/><W19/><G7/><T60/><D39/><U115/><E115/><V11/><F45/><W72/><G72/><T21/><D21/><U50/><E5/><V120/><F120/><W101/><G101/><T15/><D97/><U68/><E23/><V132/><F132/><N who="1" m="50761" /><E62/><V95/><F99/><W107/><G107/><T130/><D130/><U37/><E37/><V74/><F74/><W57/><G19/><N who="0" m="8695" /><D71/><N who="1" m="27211" /><E43/><V12/><F34/><W40/><G84/><AGARI ba="1,1" hai="48,50,73,77,78,82,83,84" m="27211,50761" machi="84" ten="30,1000,0" yaku="20,1" doraHai="6" who="1" fromWho="3" sc="267,0,217,23,243,0,263,-13" /><INIT seed="3,0,0,5,2,88" ten="267,240,243,250" oya="3" hai0="27,78,119,91,110,96,33,113,24,37,3,53,0" hai1="69,79,9,18,51,14,64,55,56,127,89,47,112" hai2="94,107,58,92,124,77,98,54,83,118,108,103,126" hai3="17,81,60,57,70,72,90,97,31,25,134,71,125"/><W105/><G134/><T6/><D37/><U1/><E112/><V50/><F118/><W87/><G125/><N who="2" m="48233" /><F108/><W35/><G17/><T28/><D78/><U74/><E127/><V67/><F67/><W128/><G128/><T75/><D75/><AGARI ba="0,0" hai="50,54,58,75,77,83,92,94,98,103,107" m="48233" machi="75" ten="30,3900,0" yaku="18,1,52,2" doraHai="88" who="2" fromWho="0" sc="267,-39,240,0,243,39,250,0" /><INIT seed="4,0,0,1,2,133" ten="228,240,282,250" oya="0" hai0="52,91,47,102,98,128,95,54,25,92,121,61,109" hai1="17,105,107,23,90,74,115,83,60,101,9,116,119" hai2="108,71,8,22,15,114,11,100,81,0,68,28,66" hai3="33,88,72,135,40,122,110,132,29,87,12,24,34"/><T38/><D121/><U3/><E115/><V77/><F108/><W126/><G72/><T49/><D109/><U30/><E30/><V42/><F0/><W6/><G110/><T86/><D128/><U70/><E101/><V117/><F117/><W58/><G34/><T55/><D38/><U53/><E107/><V20/><F114/><W63/><G40/><T5/><D5/><U4/><E105/><V13/><F42/><W45/><G45/><T21/><REACH who="0" step="1"/><D61/><REACH who="0" ten="218,240,282,250" step="2"/><U67/><E53/><V97/><F66/><W89/><G122/><T131/><D131/><U124/><E124/><V73/><F71/><W118/><G126/><T1/><D1/><U130/><E130/><V16/><F68/><W39/><G39/><T48/><D48/><U123/><E123/><V84/><F73/><W96/><G118/><T32/><D32/><U2/><E3/><V41/><F41/><W111/><G111/><T43/><D43/><U127/><E127/><V62/><F62/><W69/><G69/><T57/><D57/><U82/><E74/><V37/><F37/><W59/><G63/><T79/><D79/><U27/><E119/><V56/><F56/><W94/><G58/><T14/><D14/><U104/><E116/><V46/><F13/><W106/><G59/><T129/><D129/><U76/><E76/><V103/><F15/><W134/><G12/><T78/><D78/><U120/><E120/><V113/><F77/><W26/><G6/><T75/><D75/><U44/><E44/><V35/><F35/><W18/><G33/><T50/><D50/><U99/><E90/><RYUUKYOKU ba="0,1" sc="218,15,240,15,282,-15,250,-15" hai0="21,25,47,49,52,54,55,86,91,92,95,98,102" hai1="2,4,9,17,23,27,60,67,70,82,83,99,104" /><INIT seed="4,1,1,3,4,76" ten="233,255,267,235" oya="0" hai0="107,117,116,31,121,56,74,79,103,6,34,114,23" hai1="104,128,5,98,7,0,64,22,99,80,96,12,58" hai2="92,61,84,126,10,129,88,75,62,59,16,15,112" hai3="2,81,125,73,26,108,118,101,94,28,57,50,89"/><T100/><D121/><U48/><E128/><V132/><F75/><W65/><G2/><T63/><D6/><U21/><E0/><V123/><F123/><W42/><G118/><T24/><D114/><U44/><E104/><V39/><F39/><W25/><G108/><T32/><D116/><U69/><E69/><V82/><F129/><W106/><G125/><T20/><D117/><U91/><E58/><V46/><F46/><N who="3" m="25943" /><G106/><T47/><D47/><U4/><E64/><V45/><F45/><W60/><G73/><T40/><D40/><N who="1" m="24583" /><E12/><V115/><F132/><W134/><G134/><T95/><D107/><U55/><E55/><V83/><F62/><W105/><G105/><T14/><D34/><U13/><E13/><V90/><F126/><W30/><G101/><T131/><D131/><U67/><E67/><N who="2" m="39359" /><F115/><W78/><G26/><T29/><D14/><U97/><N who="1" m="24576" /><DORA hai="122" /><U86/><AGARI ba="1,1" hai="4,5,7,21,22,80,86,91" m="24576,24583" machi="86" ten="50,6400,0" yaku="4,1,8,1,52,1" doraHai="76,122" who="1" fromWho="1" sc="233,-33,255,77,267,-17,235,-17" owari="200,-30.0,332,43.2,250,5.0,218,-18.2" /></mjloggm>