<mjloggm ver="2.3"><GO type="225" lobby="0"/><UN n0="%E3%82%BC%E3%83%AB%E3%83%80%E3%81%AE%E4%BC%9D%E8%AA%AC" n1="%E3%83%A9%E3%83%BC%E3%83%A1%E3%83%B3%E4%BA%94%E9%83%8E" n2="%E5%87%AA%E9%96%93%E3%82%86%E3%81%BF" n3="%E6%9C%88%E5%B3%B6%E5%9F%BA" dan="17,16,17,17" rate="2134.49,2106.39,2171.73,2207.61" sx="M,M,F,M"/><TAIKYOKU oya="0"/><INIT seed="0,0,0,3,5,42" ten="250,250,250,250" oya="0" hai0="92,21,6,114,79,9,8,60,107,95,96,15,115" hai1="57,117,82,10,30,111,122,18,70,93,58,29,106" hai2="13,80,45,5,132,4,20,66,110,32,130,74,91" hai3="38,64,75,59,11,101,69,103,48,56,37,134,88"/><T78/><D107/><U105/><E117/><V2/><F32/><W119/><G75/><T100/><D114/><U50/><E70/><V53/><F2/><W131/><G119/><T102/><D115/><U129/><E122/><V0/><F0/><W54/><G131/><T120/><D120/><U51/><E129/><V27/><F130/><W25/><G134/><T68/><D21/><U33/><E111/><V89/><F110/><W28/><G69/><T109/><D109/><U125/><E125/><V67/><F74/><W72/><G72/><T61/><D8/><U76/><E33/><V98/><F132/><W63/><G11/><T12/><D12/><N who="1" m="7447" /><E93/><N who="2" m="56623" /><F91/><W36/><REACH who="3" step="1"/><G88/><REACH who="3" ten="250,250,250,240" step="2"/><T31/><D68/><U128/><E128/><V16/><F80/><W104/><G104/><T41/><D79/><U23/><E106/><V1/><F1/><W86/><G86/><T99/><D78/><U133/><E105/><V35/><F4/><W19/><G19/><T44/><REACH who="0" step="1"/><D31/><REACH who="0" ten="240,250,250,240" step="2"/><U17/><E30/><V71/><F71/><W40/><G40/><T7/><D7/><U83/><E29/><V90/><F5/><W121/><G121/><T126/><D126/><U43/><E76/><V52/><F16/><W112/><G112/><T135/><D135/><U55/><E133/><V94/><F35/><AGARI ba="0,2" hai="25,28,35,36,37,38,48,54,56,59,63,64,101,103" machi="35" ten="40,2600,0" yaku="1,1,53,1" doraHai="42" doraHaiUra="22" who="3" fromWho="2" sc="240,0,250,0,250,-26,240,46" /><INIT seed="1,0,0,5,3,69" ten="240,250,224,286" oya="1" hai0="37,125,62,29,127,91,83,118,42,71,126,80,49" hai1="36,8,14,72,87,21,53,135,116,2,60,98,48" hai2="44,64,102,11,7,114,133,35,18,107,43,31,101" hai3="99,134,109,75,111,117,89,58,6,100,82,16,121"/><U128/><E116/><V5/><F133/><W19/><G121/><T123/><D118/><U54/><E72/><V66/><F35/><W22/><G117/><T63/><D123/><U77/><E2/><V26/><F114/><W73/><G134/><T78/><D49/><U124/><E135/><V108/><F108/><N who="3" m="41547" /><G6/><T15/><D29/><U1/><E1/><V34/><F18/><N who="3" m="6699" /><G22/><T33/><D33/><U95/><E124/><V131/><F131/><W120/><G120/><T3/><D3/><U27/><E128/><V97/><F102/><W70/><G70/><T38/><D15/><U132/><E132/><V81/><F81/><W115/><G58/><T4/><D4/><U110/><E110/><V85/><F85/><N who="3" m="50359" /><G115/><T94/><D83/><N who="1" m="47599" /><E21/><V86/><F86/><W17/><N who="3" m="6707" /><W46/><DORA hai="104" /><G46/><T9/><D9/><U88/><E8/><V20/><F20/><W39/><G39/><T106/><D71/><U93/><E36/><V79/><F5/><W113/><G113/><T10/><D10/><U122/><E122/><V12/><REACH who="2" step="1"/><F79/><REACH who="2" ten="240,250,214,286" step="2"/><W25/><G25/><T50/><D80/><U65/><E27/><V61/><F61/><N who="0" m="23050" /><D78/><U40/><E60/><V56/><F56/><W67/><G67/><T47/><D106/><AGARI ba="0,1" hai="73,75,99,100,106" m="50359,6707,41547" machi="106" ten="40,8000,1" yaku="14,1,52,2,54,1" doraHai="69,104" who="3" fromWho="0" sc="240,-80,250,0,214,0,286,90" /><INIT seed="2,0,0,1,4,126" ten="160,250,214,376" oya="2" hai0="128,59,69,43,83,125,86,2,104,45,37,100,31" hai1="118,67,108,101,122,41,49,81,42,51,9,115,10" hai2="65,127,117,84,116,23,68,132,36,12,16,131,56" hai3="1,24,71,53,33,82,62,46,95,99,5,134,119"/><V11/><F127/><W6/><G119/><T48/><D125/><U70/><E115/><V52/><F36/><W55/><G1/><T38/><D2/><U27/><E118/><V60/><F132/><W25/><G134/><T50/><D69/><U40/><E108/><V14/><F84/><W32/><G82/><T47/><D31/><U92/><E122/><V74/><F74/><W58/><G71/><T22/><D59/><U44/><E67/><V106/><F106/><W30/><G33/><T102/><D22/><U35/><E70/><V96/><F96/><W39/><G39/><T112/><D112/><U64/><E64/><V79/><F79/><W3/><G3/><T93/><D93/><U110/><E110/><V80/><F80/><W26/><G30/><T28/><D28/><U29/><E81/><V73/><F73/><W121/><G32/><T91/><D128/><U4/><E51/><V87/><F87/><W135/><G121/><T57/><D57/><U123/><E123/><V15/><F131/><W78/><G78/><T133/><D133/><U75/><E75/><V114/><F114/><W85/><G85/><T8/><D8/><N who="1" m="3179" /><E4/><V20/><F20/><W34/><G34/><T107/><D107/><U105/><E105/><V19/><F14/><W72/><G72/><T109/><D109/><U21/><E35/><V7/><F7/><W129/><G129/><T17/><D17/><U130/><E130/><V77/><F77/><W88/><G135/><T63/><D63/><AGARI ba="0,0" hai="11,12,15,16,19,23,52,56,60,63,65,68,116,117" machi="63" ten="30,5800,0" yaku="7,1,54,2" doraHai="126" who="2" fromWho="0" sc="160,-58,250,0,214,58,376,0" /><INIT seed="2,1,0,4,4,31" ten="102,250,272,376" oya="2" hai0="107,133,21,19,43,4,36,81,37,32,0,71,40" hai1="9,123,135,126,112,14,6,130,86,93,28,100,60" hai2="128,65,67,11,61,110,108,69,62,76,20,58,106" hai3="120,96,99,53,102,56,114,55,84,132,48,113,66"/><V27/><F106/><W12/><G120/><T18/><D133/><U35/><E112/><N who="3" m="43114" /><G132/><T8/><D107/><U87/><E135/><V74/><F128/><W3/><G3/><T77/><D71/><U118/><E118/><V88/><F76/><W97/><G66/><T39/><D32/><U17/><E130/><V54/><F74/><W78/><G12/><T42/><REACH who="0" step="1"/><D21/><REACH who="0" ten="92,250,272,376" step="2"/><U44/><E35/><V104/><F104/><W49/><G102/><T75/><AGARI ba="1,1" hai="0,4,8,18,19,36,37,39,40,42,43,75,77,81" machi="75" ten="40,5200,0" yaku="1,1,2,1,0,1,53,0" doraHai="31" doraHaiUra="109" who="0" fromWho="0" sc="92,65,250,-14,272,-27,376,-14" /><INIT seed="3,0,0,3,1,40" ten="157,236,245,362" oya="3" hai0="23,83,35,114,29,2,91,48,119,121,37,106,115" hai1="63,102,86,6,24,107,75,33,50,13,85,78,79" hai2="51,104,108,60,135,12,38,100,132,116,65,36,122" hai3="72,30,77,0,3,53,16,42,73,133,8,39,70"/><W55/><G70/><T20/><D119/><U88/><E75/><V130/><F116/><W25/><G133/><N who="2" m="51273" /><F108/><W10/><G10/><T1/><D37/><U103/><E33/><V4/><F130/><W59/><G55/><T56/><D106/><U31/><E107/><V15/><F122/><W19/><G42/><T95/><D83/><N who="1" m="47351" /><E79/><V93/><F104/><W43/><G43/><T110/><D121/><U96/><E24/><V87/><F51/><W76/><G76/><T98/><D35/><U80/><E31/><V118/><F118/><W134/><G77/><T81/><D81/><U68/><E68/><N who="2" m="42023" /><F4/><W52/><G30/><T123/><D123/><U61/><E50/><V69/><F69/><W128/><G25/><T11/><D110/><U90/><E90/><N who="2" m="53471" /><F100/><N who="1" m="38441" /><E96/><V41/><F41/><W46/><G128/><T105/><D105/><U66/><E66/><V47/><F47/><W27/><G46/><T45/><D56/><U124/><E124/><V117/><F117/><W99/><G59/><T94/><D94/><U62/><E62/><V111/><F111/><W129/><G129/><T89/><D89/><U131/><E131/><V126/><F126/><W32/><G32/><T109/><D109/><U67/><E67/><V5/><F5/><W44/><G39/><AGARI ba="0,0" hai="12,15,36,38,39" m="53471,42023,51273" machi="39" ten="30,1000,0" yaku="20,1" doraHai="40" who="2" fromWho="3" sc="157,0,236,0,245,10,362,-10" owari="157,-34.3,236,-16.4,255,5.5,352,45.2" /></mjloggm>