<mjloggm ver="2.3"><GO type="225" lobby="0"/><UN n0="%E6%A1%9C%E8%8A%B1%E9%96%83%E3%80%85" n1="%E6%A3%AE%E5%B1%B1%E7%94%B0%E7%9B%B4%E5%A4%AA%E6%9C%97%E4%B9%8B%E4%BB%8B" n2="%E3%83%81%E3%83%A7%E3%83%99%E3%83%83%E3%82%AF" n3="%E6%81%A5%E6%99%92%E3%81%97" dan="16,16,16,16" rate="2160.44,2165.11,2094.15,2082.76" sx="M,M,M,M"/><TAIKYOKU oya="0"/><INIT seed="0,0,0,2,4,126" ten="250,250,250,250" oya="0" hai0="81,113,74,135,73,11,67,34,89,32,35,24,114" hai1="93,75,90,91,12,10,98,40,96,128,57,4,28" hai2="47,124,86,122,72,43,29,109,42,103,99,121,66" hai3="33,127,69,9,8,38,77,130,20,48,123,45,116"/><T18/><D135/><U25/><E75/><V115/><F72/><W120/><G33/><T119/><D119/><U117/><E117/><V13/><F115/><W6/><G116/><T30/><D67/><U112/><E112/><V2/><F124/><W108/><G127/><T94/><D74/><U5/><E128/><V49/><F2/><W3/><G108/><T87/><D113/><U56/><E40/><V104/><F109/><W80/><G69/><T70/><D70/><U50/><E4/><V62/><F29/><W36/><G20/><T83/><D114/><U14/><E14/><V46/><F86/><W102/><G102/><T37/><D37/><U82/><E50/><V39/><REACH who="2" step="1"/><F13/><REACH who="2" ten="250,250,240,250" step="2"/><W22/><G3/><T84/><D73/><U85/><REACH who="1" step="1"/><E98/><REACH who="1" ten="250,240,240,250" step="2"/><V63/><F63/><W110/><G123/><T26/><D87/><U92/><E92/><V58/><AGARI ba="0,2" hai="39,42,43,46,47,49,58,62,66,99,103,104,121,122" machi="58" ten="20,5200,0" yaku="1,1,0,1,7,1,53,1" doraHai="126" doraHaiUra="53" who="2" fromWho="2" sc="250,-26,240,-13,240,72,250,-13" /><INIT seed="1,0,0,4,4,53" ten="224,227,312,237" oya="1" hai0="64,7,51,112,18,63,30,108,40,9,6,89,103" hai1="55,47,12,135,45,106,123,62,131,113,76,44,60" hai2="28,38,56,73,19,78,79,85,8,87,94,95,88" hai3="34,1,133,46,27,36,26,0,13,3,4,58,129"/><U23/><E106/><V124/><F38/><W132/><G36/><T96/><D112/><U21/><E113/><V20/><F73/><W15/><G46/><T72/><D72/><U71/><E123/><V43/><F43/><W83/><G83/><T39/><D108/><U104/><E104/><V100/><F124/><W99/><G99/><T59/><D30/><U114/><E114/><V109/><F28/><N who="3" m="19735" /><G58/><T110/><D89/><U125/><E125/><V101/><F8/><N who="3" m="4231" /><G129/><T75/><D110/><U127/><E127/><V105/><F109/><W49/><G49/><T70/><D75/><U61/><E131/><V57/><F105/><W5/><G27/><T116/><D39/><U102/><E135/><N who="3" m="51786" /><G15/><N who="0" m="7535" /><D70/><U119/><E119/><V93/><F88/><W81/><G81/><T86/><D86/><N who="2" m="32778" /><F79/><W69/><G69/><T35/><D116/><U130/><E130/><V118/><F78/><W17/><G17/><T52/><D40/><U48/><E76/><V66/><F66/><W91/><G91/><T10/><D96/><U32/><E71/><V80/><F80/><W115/><G115/><T74/><D103/><N who="2" m="39498" /><F118/><W134/><N who="3" m="51794" /><W37/><DORA hai="120" /><G37/><T11/><D74/><U54/><E102/><V29/><F19/><W77/><G77/><T41/><D41/><U117/><E117/><V107/><F107/><W90/><G90/><T82/><D82/><U22/><E12/><V42/><F42/><W84/><G84/><T31/><D6/><AGARI ba="0,0" hai="0,1,3,5,6" m="51794,4231,19735" machi="6" ten="50,6400,0" yaku="20,1,34,2" doraHai="53,120" who="3" fromWho="0" sc="224,-64,227,0,312,0,237,64" /><INIT seed="2,0,0,3,3,67" ten="160,227,312,301" oya="2" hai0="130,104,43,33,134,52,59,106,124,107,82,95,41" hai1="7,38,111,103,25,121,69,74,26,39,0,122,31" hai2="9,16,66,78,18,28,105,94,49,13,125,63,35" hai3="73,99,113,119,42,12,48,62,20,54,47,117,108"/><V71/><F105/><W120/><G120/><N who="1" m="46186" /><E103/><V76/><F125/><W40/><G73/><T70/><D124/><U132/><E74/><V53/><F35/><W3/><G3/><T56/><D33/><N who="1" m="20719" /><E26/><V21/><F28/><W34/><G34/><T126/><D126/><U100/><E100/><V5/><F94/><W109/><G99/><T135/><D95/><U51/><E51/><V127/><F127/><W37/><G113/><T123/><D123/><U85/><E85/><V91/><F91/><W98/><G98/><T64/><D82/><U24/><E24/><V27/><F5/><W58/><G20/><T68/><D130/><U17/><E17/><V23/><REACH who="2" step="1"/><F9/><REACH who="2" ten="160,227,302,301" step="2"/><W4/><G4/><T115/><D106/><U97/><E97/><V65/><F65/><W8/><G117/><T29/><D64/><U83/><E83/><V133/><F133/><W84/><G119/><T45/><D29/><U101/><E132/><V86/><F86/><W89/><G84/><T10/><D10/><N who="1" m="2407" /><E101/><V80/><F80/><W36/><G89/><T22/><D22/><U90/><E90/><V112/><F112/><W93/><G93/><T102/><D102/><U61/><E111/><V72/><F72/><W11/><G108/><T15/><D115/><U116/><E116/><V87/><F87/><W92/><G92/><T81/><D81/><U88/><E88/><V60/><F60/><W55/><G109/><T79/><D134/><U77/><E77/><V128/><F128/><W2/><G8/><T1/><D135/><U14/><E61/><V44/><AGARI ba="0,1" hai="13,16,18,21,23,27,44,49,53,63,66,71,76,78" machi="44" ten="20,12000,1" yaku="1,1,0,1,7,1,52,1,54,1,53,0" doraHai="67" doraHaiUra="118" who="2" fromWho="2" sc="160,-40,227,-40,302,130,301,-40" /><INIT seed="2,1,0,1,5,81" ten="120,187,432,261" oya="2" hai0="18,87,76,122,0,92,135,102,61,118,114,49,65" hai1="77,71,16,98,106,69,26,51,123,72,58,128,32" hai2="35,50,105,94,96,6,13,36,15,131,2,33,48" hai3="5,67,104,12,70,108,62,117,56,116,11,112,130"/><V9/><F36/><W25/><G108/><T127/><D122/><U23/><E123/><V91/><F131/><W89/><G130/><T79/><D114/><U100/><E128/><V40/><F105/><W4/><G104/><T107/><D0/><U39/><E39/><V119/><F119/><W41/><G112/><T17/><D118/><U120/><E120/><V47/><F13/><W1/><G41/><T73/><D127/><U125/><E125/><V64/><F64/><W52/><G25/><T20/><D135/><U27/><E72/><V113/><F113/><W109/><G109/><T8/><D49/><U129/><E129/><V85/><F96/><W84/><G5/><T30/><D8/><U103/><E77/><V46/><REACH who="2" step="1"/><F2/><REACH who="2" ten="120,187,422,261" step="2"/><W83/><G1/><T78/><D65/><U19/><E98/><V99/><F99/><W59/><G70/><T88/><D107/><U37/><E106/><V126/><F126/><W74/><REACH who="3" step="1"/><G74/><REACH who="3" ten="120,187,422,251" step="2"/><T22/><D73/><U134/><E71/><V44/><F44/><W57/><G57/><T86/><D102/><U63/><E58/><V28/><F28/><W66/><G66/><T68/><D30/><N who="1" m="19543" /><E103/><V115/><F115/><W10/><G10/><T3/><D3/><U24/><E100/><V132/><F132/><W31/><G31/><T133/><D133/><U29/><E134/><V54/><AGARI ba="1,2" hai="6,9,15,33,35,40,46,47,48,50,54,85,91,94" machi="54" ten="20,12000,1" yaku="1,1,0,1,7,1,52,1,53,1" doraHai="81" doraHaiUra="90" who="2" fromWho="2" sc="120,-41,187,-41,422,143,251,-41" /><INIT seed="2,2,0,3,0,113" ten="79,146,565,210" oya="2" hai0="13,41,20,102,118,109,46,24,67,101,30,58,120" hai1="81,17,112,62,104,37,107,111,125,94,95,73,90" hai2="114,97,132,72,121,82,3,31,2,16,61,22,34" hai3="8,122,48,26,28,49,56,74,9,19,123,39,79"/><V70/><F114/><W23/><G39/><T25/><D120/><U86/><E37/><V47/><F121/><W38/><G38/><T42/><D109/><U10/><E112/><V45/><F34/><W29/><G79/><T76/><D76/><U71/><E111/><V89/><F31/><W92/><G74/><T128/><D128/><U40/><E40/><V130/><F72/><W33/><G29/><T126/><D126/><U96/><E125/><V27/><F132/><W133/><G133/><T119/><D13/><U7/><E17/><V134/><F130/><W75/><G75/><T5/><D5/><U64/><E73/><V15/><F2/><W110/><G110/><T85/><D85/><U18/><E18/><V14/><F3/><W11/><G92/><T57/><D30/><U44/><E44/><V66/><F134/><W59/><G122/><T88/><D46/><U32/><E32/><V124/><F124/><W60/><G123/><T51/><D51/><U69/><E69/><V99/><F14/><W78/><G78/><T87/><D87/><U35/><E35/><V4/><F99/><W6/><G6/><T12/><D12/><U117/><E117/><V54/><F54/><N who="3" m="31815" /><G49/><T116/><D116/><U43/><E43/><V55/><F55/><N who="3" m="33919" /><G33/><T129/><D129/><U127/><E127/><V52/><F52/><W68/><G68/><T91/><D67/><U83/><E104/><V93/><REACH who="2" step="1"/><F82/><REACH who="2" ten="79,146,555,210" step="2"/><W53/><G53/><T65/><D65/><U108/><E108/><V100/><F100/><W21/><G28/><T98/><D98/><U105/><E81/><RYUUKYOKU ba="2,1" sc="79,10,146,-30,555,10,210,10" hai0="20,24,25,41,42,57,58,88,91,101,102,118,119" hai2="4,15,16,22,27,45,47,61,66,70,89,93,97" hai3="8,9,11,19,21,23,26" /><INIT seed="2,3,1,3,2,48" ten="89,116,565,220" oya="2" hai0="12,22,112,10,60,71,82,77,98,35,53,57,94" hai1="3,119,126,97,129,0,101,84,81,73,34,50,29" hai2="89,96,120,23,62,132,99,7,41,47,4,102,107" hai3="31,20,135,113,118,45,37,17,8,56,6,63,133"/><V33/><F33/><W128/><G118/><T130/><D112/><U105/><E119/><V123/><F132/><W76/><G128/><T115/><D115/><U124/><E129/><V74/><F74/><W68/><G113/><T13/><D130/><U24/><E73/><V121/><F62/><W72/><G31/><T58/><D35/><U2/><REACH who="1" step="1"/><E50/><REACH who="1" ten="89,106,565,220" step="2"/><V21/><F123/><W38/><G37/><T9/><D71/><U110/><E110/><V83/><F121/><W40/><G72/><T70/><D70/><U109/><E109/><V5/><F120/><W16/><G68/><T125/><D125/><U104/><E104/><V75/><F75/><W27/><G38/><T59/><D22/><U103/><E103/><V108/><F108/><W92/><G20/><T90/><D77/><AGARI ba="3,2" hai="0,2,3,24,29,34,77,81,84,97,101,105,124,126" machi="77" ten="40,2600,0" yaku="1,1,53,1" doraHai="48" doraHaiUra="93" who="1" fromWho="0" sc="89,-35,106,55,565,0,220,0" /><INIT seed="3,0,0,0,3,16" ten="54,161,565,220" oya="3" hai0="63,68,51,72,59,0,81,94,22,57,9,4,15" hai1="37,60,134,117,69,2,23,19,18,40,1,8,119" hai2="47,39,10,91,48,44,32,31,127,100,28,130,46" hai3="24,33,13,99,17,107,129,42,3,79,121,85,93"/><W21/><G121/><T49/><D68/><U115/><E40/><V50/><F100/><W14/><G129/><T80/><D72/><U64/><E37/><V54/><F32/><W83/><G3/><T43/><D0/><U61/><E115/><V70/><F70/><W112/><G112/><T97/><D59/><U11/><E134/><V65/><F65/><W135/><G135/><T109/><D109/><U5/><E61/><V95/><F127/><W103/><G33/><T132/><D132/><U113/><E113/><V74/><F74/><W128/><G128/><T27/><D51/><U89/><E89/><V106/><F106/><W122/><G122/><T25/><D25/><U12/><REACH who="1" step="1"/><E1/><REACH who="1" ten="54,151,565,220" step="2"/><V56/><F10/><W62/><G62/><T35/><D35/><U126/><E126/><V87/><F28/><W133/><G133/><T104/><D104/><U58/><E58/><V6/><F47/><W118/><G42/><T116/><D116/><U73/><E73/><V102/><F31/><W111/><G118/><T120/><D120/><U34/><E34/><V101/><F46/><W86/><G111/><T96/><D43/><U76/><E76/><V53/><F39/><W52/><G79/><T7/><D49/><U125/><E125/><V77/><F77/><W36/><G36/><T114/><D114/><U110/><E110/><V82/><F130/><W45/><G107/><T66/><D4/><U90/><E90/><N who="2" m="51575" /><F6/><W41/><G41/><T84/><D84/><AGARI ba="0,1" hai="44,48,50,53,54,56,84,91,95,101,102" m="51575" machi="84" ten="30,1000,0" yaku="8,1" doraHai="16" who="2" fromWho="0" sc="54,-10,151,0,565,20,220,0" owari="44,-45.6,151,-24.9,585,68.5,220,2.0" /></mjloggm>