<mjloggm ver="2.3"><GO type="225" lobby="0"/><UN n0="%4D%2E%61%72%74%65%74%61" n1="%E5%91%A8%E6%9D%B1" n2="%4C%4F%4C%49%54%41" n3="%E6%98%93%E5%88%A9%E8%96%A9%E4%BC%AF" dan="16,16,16,17" rate="2148.40,2176.50,2093.37,2166.01" sx="M,M,F,F"/><TAIKYOKU oya="0"/><INIT seed="0,0,0,5,5,95" ten="250,250,250,250" oya="0" hai0="105,102,103,33,114,5,23,79,17,27,83,126,58" hai1="65,3,13,19,100,18,45,14,92,82,67,80,48" hai2="51,62,46,135,133,47,25,85,64,123,16,91,6" hai3="57,1,59,97,9,71,76,108,35,107,37,87,44"/><T7/><D114/><U66/><E3/><V122/><F6/><W94/><G71/><T116/><D116/><U4/><E4/><V74/><F74/><W30/><G108/><T39/><D39/><U104/><E104/><V101/><F101/><W42/><G107/><T77/><D126/><U69/><E69/><V118/><F118/><W52/><G1/><T84/><D33/><U70/><E70/><N who="2" m="42263" /><F25/><W21/><G9/><T63/><D79/><U78/><E78/><V12/><F85/><W2/><G59/><T93/><D105/><U117/><E117/><V98/><F91/><W43/><G43/><T0/><D0/><U10/><E100/><V49/><F98/><W60/><G35/><T110/><D103/><U32/><E92/><V72/><F72/><W115/><G2/><T90/><D102/><U53/><REACH who="1" step="1"/><E32/><REACH who="1" ten="250,240,250,250" step="2"/><V88/><F88/><W29/><G115/><T127/><D127/><U24/><E24/><V106/><F106/><W68/><G68/><T130/><D110/><U120/><E120/><V20/><F122/><W75/><G76/><T119/><D119/><U129/><E129/><V22/><F123/><W134/><G94/><T54/><REACH who="0" step="1"/><D130/><REACH who="0" ten="240,240,250,250" step="2"/><U31/><E31/><V26/><F133/><W61/><G134/><T8/><D8/><AGARI ba="0,2" hai="8,10,13,14,18,19,45,48,53,65,66,67,80,82" machi="8" ten="40,5200,0" yaku="1,1,9,1,8,1,53,0" doraHai="95" doraHaiUra="125" who="1" fromWho="0" sc="240,-52,240,72,250,0,250,0" /><INIT seed="1,0,0,0,2,119" ten="188,312,250,250" oya="1" hai0="6,13,9,52,63,99,62,112,55,7,64,134,0" hai1="84,92,100,66,83,125,4,43,132,117,116,75,74" hai2="42,122,115,30,95,19,80,67,24,45,23,34,3" hai3="105,26,120,129,79,29,86,61,17,96,113,53,85"/><U89/><E4/><V50/><F3/><W16/><G113/><T28/><D112/><U58/><E43/><V27/><F115/><W91/><G129/><T51/><D134/><U8/><E8/><V111/><F111/><W90/><G120/><T128/><D128/><U101/><E58/><V46/><F67/><W94/><G105/><T73/><D73/><N who="1" m="27659" /><E66/><V33/><F80/><W77/><G61/><T108/><D108/><U133/><E125/><V118/><F118/><N who="1" m="45673" /><E83/><V41/><F122/><W127/><G53/><T81/><D28/><U98/><E98/><V35/><REACH who="2" step="1"/><F95/><REACH who="2" ten="188,312,240,250" step="2"/><W123/><G123/><T44/><D81/><U70/><E70/><V15/><F15/><W88/><G127/><T78/><D0/><U69/><E69/><V103/><F103/><AGARI ba="0,1" hai="84,89,92,100,101,103,132,133" m="45673,27659" machi="103" ten="40,3900,0" yaku="34,2" doraHai="119" who="1" fromWho="2" sc="188,0,312,49,240,-39,250,0" /><INIT seed="1,1,0,5,4,106" ten="188,361,201,250" oya="1" hai0="76,23,30,74,43,78,119,114,71,121,75,130,73" hai1="69,19,115,15,123,94,64,24,26,56,52,32,72" hai2="79,5,1,20,109,67,84,60,127,13,95,8,3" hai3="10,97,31,48,107,39,18,129,104,88,77,12,55"/><U54/><E123/><V102/><F109/><W11/><G39/><T9/><D114/><U40/><E72/><V2/><F127/><W131/><G31/><T92/><D119/><U124/><E115/><V21/><F102/><W66/><G66/><T126/><D71/><U47/><E69/><V37/><F37/><W25/><G25/><T133/><D43/><U38/><E124/><V90/><REACH who="2" step="1"/><F79/><REACH who="2" ten="188,361,191,250" step="2"/><W105/><G77/><T50/><D126/><U44/><E38/><V27/><F27/><W35/><G35/><T16/><D78/><U70/><E26/><V108/><F108/><W36/><G36/><T91/><D76/><U113/><E24/><V101/><F101/><W103/><G131/><T118/><D130/><U41/><E32/><V100/><F100/><W68/><G129/><T80/><D75/><U83/><E113/><V46/><F46/><W14/><G88/><T117/><D74/><U45/><E47/><V28/><F28/><W7/><REACH who="3" step="1"/><G68/><AGARI ba="1,1" hai="1,2,3,5,8,13,20,21,60,67,68,84,90,95" machi="68" ten="40,2600,0" yaku="1,1,53,1" doraHai="106" doraHaiUra="6" who="2" fromWho="3" sc="188,0,361,0,191,39,250,-29" /><INIT seed="2,0,0,5,2,37" ten="188,361,230,221" oya="2" hai0="7,6,107,59,32,56,83,88,36,15,30,0,20" hai1="71,1,62,103,58,128,75,12,63,25,92,9,78" hai2="123,126,74,81,114,73,68,82,14,38,115,57,43" hai3="18,125,104,86,127,39,124,52,97,84,85,110,87"/><V55/><F123/><W21/><G110/><T22/><D107/><U118/><E1/><V11/><F68/><W2/><G2/><T79/><D36/><U24/><E118/><V117/><F117/><W60/><N who="3" m="21504" /><DORA hai="28" /><W51/><G39/><T72/><D88/><U33/><E128/><V66/><F66/><W102/><G60/><T119/><D119/><U16/><E75/><V50/><F126/><W35/><G35/><T10/><D7/><U95/><E78/><V111/><F111/><W67/><G67/><T80/><D20/><U99/><E33/><V122/><F122/><W113/><G113/><T23/><D22/><U116/><E116/><V69/><F69/><W135/><G135/><T41/><D41/><U19/><E95/><V105/><F105/><W129/><G129/><T54/><D54/><U64/><E19/><V4/><F74/><W90/><G90/><T112/><D112/><U89/><E89/><V48/><F38/><W91/><G91/><T26/><D83/><U61/><E61/><V70/><F70/><W108/><G108/><T106/><D106/><U5/><E5/><V3/><F3/><W130/><G130/><T77/><D77/><U134/><E134/><V42/><F73/><W131/><G131/><T45/><D45/><U96/><E96/><V29/><F29/><W133/><G133/><T17/><AGARI ba="0,0" hai="0,6,10,15,17,23,26,30,32,56,59,72,79,80" machi="17" ten="30,7900,0" yaku="0,1,24,2,52,1" doraHai="37,28" who="0" fromWho="0" sc="188,79,361,-20,230,-39,221,-20" /><INIT seed="3,0,0,2,3,52" ten="267,341,191,201" oya="3" hai0="82,126,66,45,48,95,127,116,80,131,3,27,108" hai1="17,41,37,115,22,117,112,99,84,49,105,65,123" hai2="121,55,39,103,91,78,118,83,28,56,6,2,76" hai3="36,128,79,70,89,129,61,109,64,11,97,120,54"/><W33/><G120/><T30/><D116/><U25/><E123/><V1/><F121/><W92/><G33/><T85/><D3/><U124/><E37/><V106/><F39/><W69/><G36/><T119/><D119/><U9/><E65/><V7/><F118/><W15/><G79/><N who="2" m="30249" /><F106/><W50/><G109/><T13/><D108/><U57/><E49/><N who="2" m="30831" /><F1/><W110/><G110/><T134/><D13/><U18/><E17/><V31/><F103/><W4/><REACH who="3" step="1"/><G70/><REACH who="3" ten="267,341,191,191" step="2"/><T29/><D127/><U104/><E124/><V20/><F2/><W107/><G107/><T60/><D126/><U24/><E105/><V19/><F6/><W0/><G0/><T125/><D125/><U71/><E104/><V111/><F7/><W51/><G51/><T101/><D48/><U8/><E71/><V100/><F111/><W53/><G53/><T90/><D131/><U132/><E117/><V21/><F100/><W59/><AGARI ba="0,1" hai="4,11,15,50,54,59,61,64,69,89,92,97,128,129" machi="59" ten="30,6000,0" yaku="1,1,0,1,52,1,53,0" doraHai="52" doraHaiUra="43" who="3" fromWho="3" sc="267,-20,341,-20,191,-20,191,70" /><INIT seed="3,1,0,0,1,116" ten="247,321,171,261" oya="3" hai0="53,120,65,10,6,15,94,67,107,23,110,87,41" hai1="135,77,63,78,89,73,7,4,26,108,114,19,2" hai2="66,58,127,35,92,97,130,75,99,51,61,90,88" hai3="36,8,1,104,0,106,34,74,33,123,62,117,64"/><W76/><G117/><T20/><D110/><U39/><E39/><V11/><F35/><N who="3" m="13323" /><G36/><T44/><D107/><N who="3" m="41001" /><G8/><T49/><D120/><U40/><E40/><V134/><F75/><W129/><G129/><T109/><D109/><U25/><E108/><V52/><F130/><W82/><G123/><T102/><D41/><U38/><E73/><V68/><F127/><W45/><G45/><T55/><D55/><U30/><E38/><V101/><F134/><W121/><G121/><T59/><D87/><U96/><E135/><V3/><REACH who="2" step="1"/><F99/><REACH who="2" ten="247,321,161,261" step="2"/><W133/><G133/><T24/><D44/><U126/><E96/><V22/><F22/><N who="0" m="8234" /><D24/><U115/><E26/><V122/><F122/><W17/><G74/><T47/><D47/><U60/><E25/><V113/><F113/><W72/><G72/><T118/><D118/><U85/><E115/><V48/><F48/><W29/><G29/><T81/><D81/><U56/><E30/><V91/><F91/><W111/><G82/><T80/><D80/><U124/><E89/><V84/><F84/><W119/><G119/><T125/><D125/><U43/><E85/><V98/><F98/><AGARI ba="1,1" hai="6,10,15,49,53,59,65,67,94,98,102" m="8234" machi="98" ten="30,1000,0" yaku="8,1" doraHai="116" who="0" fromWho="2" sc="247,23,321,0,161,-13,261,0" owari="270,7.0,321,42.1,148,-35.2,261,-13.9" /></mjloggm>