<mjloggm ver="2.3"><GO type="225" lobby="0"/><UN n0="%E3%83%A9%E3%83%BC%E3%83%A1%E3%83%B3%E4%BA%94%E9%83%8E" n1="%E3%82%A2%E3%83%9E%E3%83%9D%EF%BD%9E%EF%BD%9E%E3%83%A9" n2="%E4%BF%BA%E3%81%A8%E5%A6%96%E5%A4%A2" n3="%E3%81%8B%E3%82%8F%E3%81%A1%E3%82%83%E3%82%93%35%38" dan="16,17,16,16" rate="2094.60,2053.70,2115.35,2108.59" sx="M,M,F,M"/><TAIKYOKU oya="0"/><INIT seed="0,0,0,1,0,84" ten="250,250,250,250" oya="0" hai0="16,53,56,41,90,126,80,14,115,57,108,58,50" hai1="8,131,73,5,69,83,85,6,92,124,76,45,106" hai2="130,10,7,21,134,101,1,110,23,28,33,133,87" hai3="9,36,0,86,103,12,81,55,61,68,111,114,22"/><T4/><D115/><U19/><E124/><V27/><F101/><W15/><G114/><T127/><D41/><U94/><E69/><V99/><F99/><W24/><G36/><T113/><D4/><U17/><E131/><V104/><F104/><W44/><G111/><T128/><D113/><U65/><E65/><V116/><F110/><W89/><G103/><T105/><D105/><U67/><E67/><V52/><F130/><W47/><G0/><T135/><D128/><U112/><E106/><V125/><F125/><N who="0" m="47626" /><D108/><U11/><E112/><V102/><F102/><W43/><G43/><T30/><D30/><U93/><E45/><N who="3" m="17482" /><G68/><T13/><D135/><N who="2" m="51722" /><F87/><W98/><G98/><T72/><D72/><U71/><E71/><V18/><F116/><W66/><G66/><T132/><D132/><U20/><E73/><V63/><F18/><N who="3" m="12375" /><G9/><N who="1" m="3658" /><E19/><V49/><F63/><W77/><G77/><T51/><D53/><U129/><E129/><V79/><F79/><W107/><G107/><T25/><D16/><U74/><E74/><V60/><F60/><W120/><G120/><T95/><D51/><U122/><E122/><V42/><F42/><W78/><G78/><T32/><D50/><U3/><E3/><V54/><F54/><W97/><G97/><N who="0" m="57591" /><D80/><U29/><E17/><V62/><F62/><W117/><G117/><T39/><D39/><U75/><E75/><V70/><F70/><W46/><G61/><T59/><N who="0" m="14336" /><DORA hai="31" /><T48/><D48/><AGARI ba="0,0" hai="12,15,46,48,55,81,86,89" m="12375,17482" machi="48" ten="30,2000,0" yaku="8,1,52,1" doraHai="84,31" who="3" fromWho="0" sc="250,-20,250,0,250,0,250,20" /><INIT seed="1,0,0,0,1,113" ten="230,250,250,270" oya="1" hai0="8,81,19,68,94,77,58,10,104,66,9,78,30" hai1="84,12,17,14,120,57,129,76,42,88,123,61,69" hai2="0,102,45,35,4,65,127,99,51,44,101,75,79" hai3="111,67,100,72,124,20,33,135,87,41,73,38,103"/><U108/><E69/><V49/><F35/><W34/><G67/><T52/><D104/><U16/><E129/><V128/><F128/><W40/><G20/><T37/><D37/><U63/><E76/><V53/><F127/><W82/><G82/><T130/><D130/><U28/><E28/><V21/><F65/><W56/><G56/><T2/><D30/><U117/><E117/><V18/><F79/><W59/><G59/><T36/><D36/><U116/><E116/><V50/><F75/><W24/><G38/><T46/><D46/><U5/><E42/><V32/><F32/><W105/><G87/><T91/><D68/><U119/><E119/><V80/><F80/><W126/><G105/><T7/><D19/><N who="1" m="7243" /><E108/><V83/><F83/><W90/><G90/><T97/><D66/><N who="1" m="39215" /><E63/><V93/><F102/><W29/><G29/><T133/><D77/><U95/><E5/><V109/><F109/><W89/><G89/><T26/><D26/><U115/><E115/><V134/><F4/><W110/><REACH who="3" step="1"/><G135/><REACH who="3" ten="230,250,250,260" step="2"/><T92/><D133/><U3/><E88/><V122/><F134/><W25/><AGARI ba="0,1" hai="24,25,33,34,40,41,72,73,100,103,110,111,124,126" machi="25" ten="25,8000,1" yaku="1,1,2,1,0,1,22,2,53,0" doraHai="113" doraHaiUra="27" who="3" fromWho="3" sc="230,-20,250,-40,250,-20,260,90" /><INIT seed="2,0,0,1,0,80" ten="210,210,230,350" oya="2" hai0="46,96,23,65,112,93,68,114,119,111,38,56,90" hai1="27,63,42,92,34,25,5,135,88,117,36,31,86" hai2="128,127,66,9,95,94,89,54,100,133,122,15,129" hai3="91,33,125,132,105,45,13,75,7,84,24,121,134"/><V14/><F122/><W83/><G125/><T43/><D111/><U28/><E117/><V17/><F127/><W124/><G124/><T47/><D119/><U104/><E135/><N who="3" m="51754" /><G121/><T109/><D109/><U61/><E104/><V41/><F133/><W103/><G75/><T97/><D47/><U55/><E5/><V53/><F41/><W16/><G7/><T69/><D69/><U39/><E42/><V102/><F66/><W71/><G71/><T67/><D68/><U10/><E10/><V106/><F106/><W74/><G45/><T50/><D97/><U87/><E87/><V64/><F64/><W115/><G115/><T78/><D78/><U40/><E40/><V130/><F14/><W77/><G103/><N who="2" m="39465" /><F95/><N who="3" m="54759" /><G105/><T126/><D126/><U1/><E1/><V79/><F79/><W108/><G108/><T0/><D0/><U70/><E70/><V19/><F19/><W2/><G2/><T30/><D114/><U18/><E18/><V101/><N who="2" m="39473" /><V51/><DORA hai="8" /><F51/><W3/><G3/><T81/><D112/><U58/><E63/><V49/><F49/><W29/><G16/><T120/><D120/><U110/><E110/><V6/><F6/><W85/><G74/><T98/><D50/><U35/><AGARI ba="0,0" hai="25,27,28,31,34,35,36,39,55,58,61,86,88,92" machi="35" ten="20,8000,1" yaku="0,1,7,1,9,1,52,1,54,1" doraHai="80,8" who="1" fromWho="1" sc="210,-20,210,80,230,-40,350,-20" /><INIT seed="3,0,0,1,4,121" ten="190,290,190,330" oya="3" hai0="83,41,44,102,71,1,58,103,98,11,0,135,35" hai1="91,28,94,22,134,62,110,97,43,127,73,86,107" hai2="12,2,16,52,112,49,46,130,81,25,19,113,106" hai3="69,75,96,13,95,85,90,100,76,6,114,108,57"/><W36/><G69/><T33/><D58/><U117/><E43/><V111/><F106/><W55/><G36/><N who="0" m="21543" /><D83/><U72/><E22/><N who="2" m="13511" /><F111/><W31/><G114/><T50/><D50/><U109/><E28/><V37/><F37/><W23/><G108/><N who="1" m="41578" /><E117/><V54/><F2/><N who="0" m="1130" /><D11/><U20/><E127/><V129/><F112/><W45/><G75/><N who="1" m="28746" /><E134/><V5/><F113/><W122/><G31/><T67/><D103/><N who="1" m="62959" /><E20/><N who="2" m="11367" /><F81/><N who="3" m="47271" /><G122/><T99/><D135/><U59/><E62/><V18/><F18/><N who="3" m="10703" /><G6/><T70/><D33/><U3/><E3/><V60/><F5/><W131/><G131/><N who="2" m="50185" /><F60/><N who="3" m="35903" /><G45/><T120/><D120/><U26/><E59/><V105/><F105/><W38/><G38/><T84/><D71/><U14/><E14/><V64/><F54/><W56/><G56/><T15/><D70/><U118/><E118/><V132/><F132/><W79/><G79/><T42/><D15/><U61/><E61/><V21/><F21/><W48/><G48/><T68/><D35/><U53/><E53/><V101/><F101/><AGARI ba="0,0" hai="90,95,96,100,101" m="35903,10703,47271" machi="101" ten="30,1500,0" yaku="8,1" doraHai="121" who="3" fromWho="2" sc="190,0,290,0,190,-15,330,15" owari="190,-21.0,290,9.0,175,-32.5,345,44.5" /></mjloggm>