<mjloggm ver="2.3"><GO type="225" lobby="0"/><UN n0="%E3%83%A9%E3%82%A4%E3%83%B3%E3%81%AE%E8%99%8E" n1="%4C%4F%4C%49%54%41" n2="%E3%83%B4%E3%82%A3%E3%83%AF%E3%82%B3%E3%82%B0%E3%83%8B" n3="%E6%81%A5%E6%99%92%E3%81%97" dan="16,16,16,16" rate="2133.65,2210.77,2214.69,2222.97" sx="M,F,M,M"/><TAIKYOKU oya="0"/><INIT seed="0,0,0,2,4,56" ten="250,250,250,250" oya="0" hai0="77,115,3,34,119,38,23,63,125,29,84,95,17" hai1="118,37,81,18,129,83,39,135,99,59,75,128,31" hai2="26,19,12,50,111,14,9,80,112,55,120,107,122" hai3="11,13,93,114,131,134,24,133,16,35,48,40,109"/><T110/><D115/><U96/><E118/><V10/><F107/><W69/><G114/><T117/><D38/><N who="1" m="14347" /><E31/><V116/><F112/><W127/><G109/><T70/><D125/><U74/><E18/><V45/><F111/><W100/><G127/><T79/><D110/><U90/><E59/><V102/><F116/><W105/><G105/><T64/><D3/><U20/><E20/><V121/><F102/><W21/><G131/><N who="1" m="50250" /><E135/><N who="3" m="51722" /><G35/><T52/><D117/><U22/><E22/><V97/><F97/><N who="1" m="37449" /><E90/><V53/><F80/><AGARI ba="0,0" hai="74,75,80,81,83" m="37449,50250,14347" machi="80" ten="40,5200,0" yaku="28,2,19,1" doraHai="56" who="1" fromWho="2" sc="250,0,250,52,250,-52,250,0" /><INIT seed="1,0,0,3,5,101" ten="250,302,198,250" oya="1" hai0="43,34,94,61,52,112,12,62,57,84,36,26,14" hai1="21,41,56,134,135,63,32,117,90,74,6,79,20" hai2="129,113,46,73,87,42,109,102,3,58,59,66,124" hai3="5,89,47,115,76,0,118,28,72,82,71,121,64"/><U24/><E117/><V16/><F73/><W11/><G115/><T33/><D112/><U37/><E6/><V114/><F3/><W60/><G118/><T133/><D133/><N who="1" m="50699" /><E90/><V38/><F109/><W103/><G121/><T54/><D36/><U88/><E32/><V93/><F129/><W35/><G89/><T1/><D1/><U95/><E41/><V65/><F124/><W99/><G47/><T27/><D43/><U111/><E37/><V9/><F87/><W77/><G77/><T81/><D94/><U48/><E48/><V116/><F116/><W4/><G4/><T97/><D97/><N who="1" m="57575" /><E24/><N who="0" m="9257" /><D33/><U69/><E69/><V44/><F114/><W83/><G28/><T127/><D34/><U120/><E111/><V10/><F113/><W51/><G51/><T85/><D127/><U105/><E105/><V108/><F108/><W130/><G83/><T50/><D61/><U23/><E120/><V98/><F44/><W119/><G35/><T30/><D30/><U68/><E68/><V8/><REACH who="2" step="1"/><F16/><REACH who="2" ten="250,302,188,250" step="2"/><W7/><G119/><T2/><D2/><U13/><E74/><V122/><F122/><W110/><G130/><T125/><D125/><U92/><E13/><N who="0" m="5225" /><D81/><U39/><E79/><V106/><F106/><N who="3" m="63871" /><G7/><T78/><D78/><U45/><E45/><AGARI ba="0,1" hai="45,50,52,54,57,62,84,85" m="5225,9257" machi="45" ten="30,2000,0" yaku="8,1,54,1" doraHai="101" who="0" fromWho="1" sc="250,30,302,-20,188,0,250,0" /><INIT seed="2,0,0,4,1,20" ten="280,282,188,250" oya="2" hai0="2,38,73,120,78,65,103,12,121,82,26,74,116" hai1="79,24,89,130,108,21,28,94,69,61,59,0,110" hai2="124,131,23,90,128,1,57,54,122,134,51,84,91" hai3="88,45,127,29,66,40,86,37,36,72,46,83,41"/><V8/><F122/><W107/><G127/><T49/><D2/><U11/><E69/><V43/><F124/><W10/><G107/><T16/><D38/><U48/><E79/><V6/><F134/><W81/><G66/><T7/><D73/><U47/><E130/><V77/><F43/><W62/><G62/><T132/><D103/><U117/><E117/><V64/><F64/><W68/><G68/><T112/><D112/><U9/><E0/><V113/><F113/><W52/><G29/><T102/><D102/><U19/><E28/><V25/><F77/><W95/><G72/><T34/><D132/><U5/><E5/><V135/><F135/><W55/><G10/><T22/><D116/><U35/><E35/><V87/><F87/><W109/><G109/><N who="1" m="42090" /><E48/><V92/><REACH who="2" step="1"/><F91/><REACH who="2" ten="280,282,178,250" step="2"/><W18/><G18/><AGARI ba="0,1" hai="1,6,8,18,23,25,51,54,57,84,90,92,128,131" machi="18" ten="40,7700,0" yaku="1,1,2,1,52,1,53,0" doraHai="20" doraHaiUra="129" who="2" fromWho="3" sc="280,0,282,0,178,87,250,-77" /><INIT seed="2,1,0,3,0,69" ten="280,282,265,173" oya="2" hai0="52,133,117,76,104,83,89,34,109,4,20,31,77" hai1="131,67,54,43,125,73,75,57,100,66,81,30,128" hai2="96,85,53,33,87,127,1,51,101,59,132,63,79" hai3="107,86,98,70,21,18,26,2,36,8,114,47,124"/><V27/><F1/><W35/><G124/><T65/><D104/><U88/><E125/><V82/><F127/><W90/><G70/><T14/><D65/><N who="1" m="24587" /><E100/><V6/><F132/><W108/><G108/><T12/><D109/><U49/><E30/><V15/><F33/><W58/><G114/><T106/><D106/><U29/><E29/><V41/><F27/><W105/><G98/><T130/><D130/><N who="1" m="49707" /><E43/><V45/><F85/><AGARI ba="1,0" hai="49,54,57,73,75,81,85,88" m="49707,24587" machi="85" ten="30,2000,0" yaku="19,1,54,1" doraHai="69" who="1" fromWho="2" sc="280,0,282,23,265,-23,173,0" /><INIT seed="3,0,0,5,1,94" ten="280,305,242,173" oya="3" hai0="32,102,95,98,99,37,93,45,74,129,114,84,58" hai1="5,8,2,59,122,31,52,88,19,23,107,0,92" hai2="87,112,3,50,33,77,40,49,44,25,38,115,105" hai3="66,78,47,61,57,51,42,118,15,125,22,7,133"/><W13/><G118/><T55/><D74/><U43/><E107/><V128/><F105/><W60/><G125/><T26/><D129/><U1/><E31/><V135/><F3/><W80/><G133/><T131/><D131/><U126/><E43/><V111/><F128/><W11/><G22/><T91/><D114/><U18/><E122/><V104/><F104/><W106/><G106/><T75/><D75/><U121/><E19/><V21/><F33/><W120/><G120/><T48/><D84/><U76/><E76/><V123/><F123/><W46/><G46/><T132/><D132/><U10/><E10/><V86/><F135/><W130/><G130/><T108/><D108/><U24/><E126/><V83/><F111/><W14/><REACH who="3" step="1"/><G61/><REACH who="3" ten="280,305,242,163" step="2"/><T73/><D32/><U85/><E121/><V9/><F9/><W36/><G36/><T117/><D117/><U116/><E116/><V69/><F112/><W17/><G17/><T64/><D37/><U89/><E8/><V103/><F115/><W70/><G70/><T29/><D45/><U16/><E18/><V96/><F69/><W35/><G35/><T90/><D29/><U71/><E71/><V97/><F38/><W12/><G12/><T56/><D26/><U82/><E5/><V127/><F127/><W68/><G68/><T110/><D110/><U109/><E109/><V30/><F50/><W79/><G79/><T28/><D28/><U65/><E0/><V72/><REACH who="2" step="1"/><F103/><REACH who="2" ten="280,305,232,163" step="2"/><W113/><G113/><T53/><D102/><U39/><E39/><V63/><F63/><W124/><G124/><T100/><D100/><RYUUKYOKU ba="0,2" sc="280,-15,305,-15,232,15,163,15" hai2="21,25,30,40,44,49,72,77,83,86,87,96,97" hai3="7,11,13,14,15,42,47,51,57,60,66,78,80" /><INIT seed="3,1,2,1,3,2" ten="265,290,247,178" oya="3" hai0="42,120,65,48,31,106,111,89,95,75,22,62,6" hai1="81,57,40,16,11,58,27,122,21,119,43,99,80" hai2="33,100,55,104,54,92,68,29,76,28,47,0,88" hai3="114,94,39,60,12,108,98,128,121,10,73,82,129"/><W17/><G114/><T72/><D106/><U109/><E122/><V97/><F0/><W78/><G121/><T44/><D120/><U18/><E109/><V13/><F68/><W90/><G39/><T14/><D111/><U53/><E119/><V87/><F33/><W51/><G108/><T86/><D31/><U25/><E99/><V30/><F76/><W74/><G60/><T84/><D84/><U134/><E134/><V103/><F103/><W59/><REACH who="3" step="1"/><G74/><REACH who="3" ten="265,290,247,168" step="2"/><T41/><D72/><U52/><E11/><V107/><F107/><W71/><G71/><T133/><D75/><U102/><E21/><V113/><F113/><W131/><G131/><T66/><D22/><U96/><E96/><V8/><REACH who="2" step="1"/><F47/><REACH who="2" ten="265,290,237,168" step="2"/><W101/><G101/><AGARI ba="1,4" hai="16,18,25,27,40,43,52,53,57,58,80,81,101,102" machi="101" ten="25,8000,1" yaku="22,2,8,1,54,2" doraHai="2" who="1" fromWho="3" sc="265,0,290,123,237,0,168,-83" owari="265,6.5,413,51.3,237,-16.3,85,-41.5" /></mjloggm>