<mjloggm ver="2.3"><GO type="225" lobby="0"/><UN n0="%4D%50%43%32%38%30%30" n1="%E3%81%95%E3%81%8D%E3%81%9F%E3%81%BE%E6%9E%97%E6%AA%8E" n2="%E3%82%8F%E3%81%8B%E3%81%B0%2A%E3%82%AC%E3%83%BC%E3%83%AB" n3="%E3%81%93%E3%81%9F%E3%82%8D%E3%81%86%E3%81%8F%E3%82%93" dan="16,16,16,16" rate="2145.32,2092.46,2156.89,2074.41" sx="M,M,M,M"/><TAIKYOKU oya="0"/><INIT seed="0,0,0,1,5,116" ten="250,250,250,250" oya="0" hai0="23,39,49,85,61,0,124,123,7,81,2,28,30" hai1="125,31,96,104,127,29,87,132,93,135,16,53,15" hai2="60,101,100,32,19,73,77,50,79,26,45,64,44" hai3="62,51,86,112,97,43,66,25,83,80,55,65,4"/><T72/><D39/><U48/><E104/><V122/><F122/><W106/><G112/><T68/><D124/><N who="1" m="47691" /><E87/><V128/><F128/><W115/><G115/><T103/><D103/><N who="1" m="60815" /><E48/><V130/><F130/><W94/><G106/><T58/><D72/><U42/><E53/><V90/><F90/><W117/><G117/><T13/><D123/><U107/><E42/><V52/><F44/><W6/><G43/><T95/><D95/><U34/><E107/><V46/><F45/><W99/><G83/><T67/><D81/><U113/><E113/><V108/><F108/><W33/><G97/><T76/><D85/><U134/><E34/><V126/><F126/><W9/><G86/><T41/><D41/><U75/><E75/><V38/><F38/><W82/><G55/><T5/><D49/><U17/><E17/><V57/><F73/><W131/><G51/><T119/><D119/><U54/><E54/><V37/><F37/><W121/><G121/><T11/><D76/><N who="2" m="29258" /><F32/><W91/><G33/><T70/><D30/><U47/><E47/><V110/><F110/><W102/><G131/><T59/><D28/><U92/><E92/><V63/><F63/><W98/><G62/><T133/><D61/><U71/><E71/><V111/><F111/><W74/><G74/><T129/><D70/><U120/><E120/><V14/><F26/><W27/><G94/><T118/><D129/><U21/><AGARI ba="0,0" hai="15,16,21,29,31,132,134,135" m="60815,47691" machi="21" ten="40,5200,0" yaku="20,1,18,1,54,1" doraHai="116" who="1" fromWho="1" sc="250,-26,250,52,250,-13,250,-13" /><INIT seed="1,0,0,4,0,12" ten="224,302,237,237" oya="1" hai0="3,60,106,35,13,40,81,134,50,34,128,92,55" hai1="98,67,64,103,36,16,69,105,19,29,45,57,82" hai2="117,88,4,113,73,1,63,37,30,104,10,15,68" hai3="2,59,78,119,80,18,32,43,62,61,74,25,51"/><U71/><E29/><V11/><F117/><W20/><G119/><T44/><D3/><U131/><E131/><V101/><F73/><W114/><G114/><T31/><D106/><U102/><E36/><V22/><F37/><W110/><G110/><T7/><D128/><U109/><E109/><V33/><F113/><W77/><G77/><T41/><D134/><U130/><E130/><V46/><F46/><W38/><G2/><T127/><D127/><U126/><E126/><V47/><F47/><W65/><G32/><T21/><D35/><U52/><E69/><V56/><F68/><W121/><G121/><T28/><D34/><U133/><E71/><V93/><F33/><W118/><G118/><T94/><D81/><U14/><E45/><V112/><F112/><W96/><G38/><T23/><D31/><U90/><E133/><V86/><F101/><N who="1" m="38409" /><E14/><V83/><F104/><W72/><G43/><T99/><D41/><U107/><E107/><V54/><F93/><W87/><G51/><T108/><D94/><N who="1" m="56663" /><E82/><V49/><F30/><W115/><G115/><T129/><D129/><U76/><E76/><V91/><F91/><W70/><REACH who="3" step="1"/><G96/><REACH who="3" ten="224,302,237,227" step="2"/><T75/><D108/><U111/><E111/><V17/><REACH who="2" step="1"/><F49/><REACH who="2" ten="224,302,227,227" step="2"/><W84/><G84/><T8/><D75/><U100/><E105/><V0/><F0/><W9/><G9/><AGARI ba="0,2" hai="1,4,9,10,11,15,17,22,54,56,63,83,86,88" machi="9" ten="40,5200,0" yaku="1,1,52,1,54,1,53,0" doraHai="12" doraHaiUra="135" who="2" fromWho="3" sc="224,0,302,0,227,72,227,-52" /><INIT seed="2,0,0,5,0,82" ten="224,302,299,175" oya="2" hai0="122,135,87,10,68,129,119,79,131,45,29,128,47" hai1="133,86,40,33,101,72,93,5,15,14,58,112,44" hai2="32,28,134,19,121,26,66,109,116,38,3,99,31" hai3="49,71,125,4,23,64,75,117,77,106,76,100,27"/><V102/><F116/><W110/><G117/><T51/><D119/><U12/><E72/><V39/><F121/><W127/><G4/><T92/><D122/><U20/><E112/><V80/><F3/><W63/><G110/><T52/><D135/><U11/><E33/><V104/><F134/><W103/><G49/><T34/><D68/><U91/><E133/><V118/><F118/><W61/><G61/><T70/><D70/><U126/><E126/><V54/><F31/><W6/><G6/><T57/><D10/><U7/><E101/><V88/><F66/><W124/><G75/><T13/><D13/><N who="1" m="5227" /><E58/><V35/><F35/><W81/><G81/><N who="0" m="47551" /><D92/><U16/><E11/><V59/><F19/><N who="3" m="12799" /><G106/><T83/><D83/><U17/><E17/><V37/><F109/><W1/><G1/><T65/><D65/><U130/><E130/><V18/><F18/><W98/><G98/><T41/><D41/><U114/><E114/><V113/><F113/><W111/><G111/><T46/><D34/><U132/><E132/><V73/><F73/><W42/><G42/><T96/><D96/><U55/><E40/><V53/><REACH who="2" step="1"/><F59/><REACH who="2" ten="224,302,289,175" step="2"/><W105/><G105/><T0/><D0/><U85/><E7/><V84/><AGARI ba="0,1" hai="26,28,32,37,38,39,53,54,80,84,88,99,102,104" machi="84" ten="40,18000,2" yaku="1,1,2,1,0,1,52,1,54,1,53,2" doraHai="82" doraHaiUra="50" who="2" fromWho="2" sc="224,-60,302,-60,289,190,175,-60" /><INIT seed="2,1,0,3,1,45" ten="164,242,479,115" oya="2" hai0="47,36,70,0,65,132,19,57,13,12,69,112,6" hai1="33,102,99,53,125,14,32,113,130,63,114,118,92" hai2="104,44,106,4,85,21,88,40,38,94,133,89,3" hai3="24,111,129,58,124,109,72,46,110,115,78,64,79"/><V97/><F133/><W105/><G105/><T83/><D132/><U87/><E118/><V134/><F134/><W39/><G115/><T117/><D112/><U7/><E130/><V20/><F4/><W116/><G116/><T29/><D117/><U93/><E125/><V100/><F3/><W135/><G135/><T90/><D29/><U77/><E32/><V10/><F10/><W96/><G129/><T120/><D120/><U51/><E33/><V37/><F37/><W67/><G124/><T75/><D13/><U27/><E27/><V48/><F106/><W108/><G72/><T1/><D1/><U54/><E113/><V80/><F38/><W74/><G74/><T68/><D57/><U76/><E114/><V55/><F40/><W31/><G96/><AGARI ba="1,0" hai="20,21,44,48,55,80,85,88,89,94,96,97,100,104" machi="96" ten="30,5800,0" yaku="7,1,52,1,54,1" doraHai="45" who="2" fromWho="3" sc="164,0,242,0,479,61,115,-61" /><INIT seed="2,2,0,5,0,112" ten="164,242,540,54" oya="2" hai0="124,25,2,46,104,54,85,93,123,113,63,133,128" hai1="57,87,21,64,69,84,15,73,24,91,22,67,119" hai2="43,80,83,110,13,27,62,17,125,42,26,132,81" hai3="71,5,11,52,66,114,98,65,118,49,99,34,89"/><V70/><F125/><W28/><G114/><T31/><D113/><U77/><E119/><V20/><F110/><W126/><G126/><T1/><D123/><U135/><E73/><V36/><F132/><W103/><G89/><T97/><D124/><U33/><E69/><V12/><F36/><W0/><G118/><T55/><D133/><U14/><E33/><V53/><F70/><W94/><G34/><T100/><D128/><U3/><E3/><V50/><F62/><W86/><G28/><T95/><D104/><U102/><E102/><V74/><F74/><W122/><G86/><T18/><D18/><U127/><E135/><V115/><F115/><W58/><G122/><T6/><D6/><U38/><E38/><V117/><F117/><W134/><G134/><T8/><D8/><U101/><E101/><V111/><F111/><W45/><G98/><T75/><D75/><U61/><E64/><V7/><F12/><W120/><G120/><T72/><D72/><U37/><E37/><V129/><F129/><W92/><G92/><T76/><D95/><N who="1" m="54759" /><E22/><V41/><REACH who="2" step="1"/><F7/><REACH who="2" ten="164,242,530,54" step="2"/><W88/><G71/><T60/><D60/><U82/><E127/><V10/><F10/><W90/><G66/><T107/><D63/><U47/><E15/><V51/><F51/><W44/><G65/><T19/><D2/><U131/><E14/><V78/><F78/><W96/><G0/><T32/><D1/><U116/><E131/><V30/><F30/><W108/><G5/><T105/><D76/><U35/><E77/><V23/><F23/><W4/><G108/><T121/><D31/><RYUUKYOKU ba="2,1" sc="164,-10,242,-10,530,30,54,-10" hai2="13,17,20,26,27,41,42,43,50,53,80,81,83" /><INIT seed="2,3,1,2,0,130" ten="154,232,560,44" oya="2" hai0="70,124,93,36,98,45,12,87,108,31,0,107,83" hai1="58,15,97,69,89,62,56,23,88,74,9,34,123" hai2="7,122,80,27,66,105,2,20,68,133,21,85,14" hai3="81,61,71,59,1,114,119,19,46,126,113,53,17"/><V48/><F122/><W72/><G119/><T43/><D0/><U26/><E74/><V16/><F133/><W104/><G104/><T28/><D70/><U79/><E34/><V129/><F105/><W44/><G1/><T91/><D108/><U39/><E123/><V60/><F129/><W65/><G126/><T5/><D124/><U50/><E39/><V96/><F96/><W22/><G72/><T106/><D106/><U33/><E33/><V95/><F95/><W135/><G81/><T51/><D36/><U54/><E69/><V128/><F128/><W35/><G35/><T10/><REACH who="0" step="1"/><D107/><REACH who="0" ten="144,232,560,44" step="2"/><U127/><E127/><V92/><F2/><W57/><G19/><T134/><D134/><U84/><E79/><AGARI ba="3,2" hai="5,10,12,28,31,43,45,51,79,83,87,91,93,98" machi="79" ten="30,12000,2" yaku="1,1,7,1,25,2,8,1,53,1" doraHai="130" doraHaiUra="73" who="0" fromWho="1" sc="144,149,232,-129,560,0,44,0" /><INIT seed="3,0,0,3,0,78" ten="293,103,560,44" oya="3" hai0="68,132,57,4,9,22,56,15,21,90,101,120,99" hai1="14,82,135,115,1,131,118,119,65,67,81,107,102" hai2="50,36,6,20,133,30,134,17,54,11,66,74,116" hai3="98,52,26,41,23,79,130,13,103,127,64,53,10"/><W18/><G127/><T123/><D68/><U47/><E115/><V108/><F108/><W71/><G130/><T48/><D132/><N who="2" m="50794" /><F74/><W44/><G79/><T55/><D22/><U5/><E1/><N who="2" m="463" /><F36/><W42/><G42/><T45/><D57/><U111/><E111/><V29/><F66/><N who="1" m="25097" /><E131/><V91/><F91/><W25/><G25/><T96/><D56/><U128/><E135/><V38/><F38/><W117/><G117/><N who="1" m="44554" /><E47/><N who="2" m="27999" /><F116/><W114/><G114/><T43/><D43/><U39/><E39/><V122/><F122/><W19/><G41/><T112/><D112/><U8/><E128/><V109/><F109/><W105/><REACH who="3" step="1"/><G44/><REACH who="3" ten="293,103,560,34" step="2"/><T2/><D45/><U46/><E46/><V70/><F70/><W37/><G37/><T51/><D120/><U62/><E62/><AGARI ba="0,1" hai="10,13,18,19,23,26,52,53,62,64,71,98,103,105" machi="62" ten="40,7700,0" yaku="1,1,54,1,53,1" doraHai="78" doraHaiUra="7" who="3" fromWho="1" sc="293,0,103,-77,560,0,34,87" /><INIT seed="3,1,0,2,4,58" ten="293,26,560,121" oya="3" hai0="55,85,59,122,109,102,5,113,89,70,116,101,73" hai1="69,75,123,127,88,1,128,29,49,114,36,83,9" hai2="95,84,120,132,22,40,33,24,26,119,93,77,126" hai3="60,51,14,99,54,39,78,91,56,18,130,66,131"/><W111/><G39/><T110/><D116/><U13/><E114/><V72/><F119/><W0/><G0/><T44/><D113/><U32/><E123/><V8/><F120/><W11/><G111/><N who="0" m="42507" /><D73/><U82/><E36/><V81/><F126/><W63/><G78/><T57/><D70/><U79/><E69/><V23/><F132/><W98/><G91/><T94/><D5/><U20/><E127/><V17/><F40/><W41/><G41/><T7/><D7/><U64/><E128/><N who="3" m="49194" /><G51/><N who="0" m="29159" /><D122/><U118/><E118/><V134/><F134/><W112/><G112/><T52/><D59/><AGARI ba="1,0" hai="11,14,18,54,56,59,60,63,66,98,99" m="49194" machi="59" ten="30,5800,0" yaku="19,1,52,2" doraHai="58" who="3" fromWho="0" sc="293,-61,26,0,560,0,121,61" /><INIT seed="3,2,0,1,4,33" ten="232,26,560,182" oya="3" hai0="94,61,107,23,105,100,130,32,89,93,101,131,83" hai1="111,50,92,113,47,48,78,15,66,121,27,26,60" hai2="40,52,126,119,16,104,58,37,14,51,97,112,82" hai3="59,4,63,36,1,34,71,54,11,79,135,43,81"/><W19/><G135/><T127/><D32/><U91/><E111/><V67/><F119/><W6/><G34/><T106/><D127/><U133/><E133/><V73/><F112/><W0/><G71/><T98/><D61/><U80/><E113/><V124/><F67/><W118/><G118/><T102/><D23/><U134/><E134/><V88/><F40/><W114/><G114/><T10/><D10/><U86/><E121/><V69/><F37/><W28/><G28/><T75/><D93/><U9/><E60/><V38/><F38/><W122/><G122/><T108/><D108/><U72/><E50/><V64/><F64/><W21/><G6/><T129/><D75/><U87/><E72/><V99/><F69/><W117/><G117/><T109/><D109/><U44/><E44/><V115/><F115/><W5/><G5/><T18/><D18/><U90/><E66/><V76/><F104/><W116/><G116/><T22/><D22/><U103/><E103/><V120/><F120/><W53/><G53/><T77/><D77/><U7/><REACH who="1" step="1"/><E91/><REACH who="1" ten="232,16,560,182" step="2"/><V25/><F25/><W42/><G36/><T65/><D65/><U123/><E123/><V85/><F124/><W20/><G42/><AGARI ba="2,1" hai="7,9,15,26,27,42,47,48,78,80,86,87,90,92" machi="42" ten="30,8000,1" yaku="1,1,7,1,25,2,8,1,53,0" doraHai="33" doraHaiUra="13" who="1" fromWho="3" sc="232,0,16,96,560,0,182,-86" owari="232,3.2,112,-28.8,560,66.0,96,-40.4" /></mjloggm>