<mjloggm ver="2.3"><GO type="225" lobby="0"/><UN n0="%E3%83%87%E3%83%A9%E3%82%B3%E3%83%83%E3%82%B3" n1="%E3%81%8B%E3%82%8F%E3%81%A1%E3%82%83%E3%82%93%35%38" n2="%E7%99%BD%E5%80%89%E5%AF%9B%E4%B9%8B" n3="%E3%83%A9%E3%83%86%E3%82%A3%E3%82%A2%E3%82%B9" dan="18,16,16,16" rate="2307.73,2154.00,2099.80,2082.69" sx="M,M,M,F"/><TAIKYOKU oya="0"/><INIT seed="0,0,0,1,3,30" ten="250,250,250,250" oya="0" hai0="33,29,31,94,76,90,47,60,35,84,70,39,116" hai1="71,82,92,24,62,121,28,67,97,104,27,114,128" hai2="79,61,80,106,21,36,48,91,86,95,17,111,18" hai3="129,12,122,63,108,72,124,78,25,87,23,96,105"/><T53/><D116/><U127/><E121/><V100/><F36/><W49/><G108/><T134/><D134/><U120/><E120/><V59/><F111/><W1/><G1/><T13/><D76/><U26/><E127/><V56/><F106/><W126/><G122/><T41/><D13/><U9/><E128/><V19/><F100/><W113/><G113/><T50/><D29/><U102/><E114/><V45/><F21/><W66/><G129/><T117/><D31/><U42/><E42/><V54/><REACH who="2" step="1"/><F61/><REACH who="2" ten="250,250,240,250" step="2"/><W123/><G123/><T7/><D117/><U115/><E115/><V52/><F52/><W112/><G112/><T130/><D130/><U55/><E55/><V68/><F68/><W3/><G105/><T34/><D7/><U99/><E9/><V5/><F5/><W57/><G126/><T73/><D73/><AGARI ba="0,1" hai="17,18,19,45,48,54,56,59,73,79,80,86,91,95" machi="73" ten="40,1300,0" yaku="1,1,53,0" doraHai="30" doraHaiUra="64" who="2" fromWho="0" sc="250,-13,250,0,240,23,250,0" /><INIT seed="1,0,0,1,2,109" ten="237,250,263,250" oya="1" hai0="69,132,21,6,1,9,36,25,100,103,128,133,43" hai1="48,127,41,39,32,116,74,129,26,46,17,135,88" hai2="33,58,65,45,16,14,44,81,113,82,55,7,47" hai3="107,40,91,61,87,102,51,126,68,77,104,10,75"/><U71/><E74/><V0/><F33/><W53/><G126/><T20/><D128/><U124/><E116/><V117/><F117/><W106/><G40/><T23/><D69/><U122/><E122/><V97/><F113/><W29/><G29/><T62/><D62/><U115/><E71/><V134/><F134/><N who="0" m="51818" /><D25/><U34/><E135/><V92/><F65/><N who="3" m="41007" /><G10/><T114/><D114/><U4/><E115/><V27/><F7/><W94/><G53/><T112/><D112/><U79/><E79/><V49/><F27/><W42/><G51/><T120/><D120/><U54/><E129/><V101/><REACH who="2" step="1"/><F0/><REACH who="2" ten="237,250,253,250" step="2"/><W63/><G63/><T111/><D111/><U3/><E4/><V110/><F110/><W78/><G42/><T59/><D59/><N who="1" m="33223" /><E3/><V76/><F76/><W67/><G67/><T80/><D80/><U118/><E118/><V84/><F84/><W56/><G78/><T119/><D119/><U73/><E73/><V123/><F123/><W60/><G60/><T93/><D93/><U24/><E24/><V18/><F18/><W8/><G56/><T121/><D121/><U19/><E19/><V15/><F15/><W52/><G52/><T66/><D66/><U99/><E17/><V12/><F12/><W22/><G75/><T83/><D83/><U95/><E26/><V85/><F85/><W11/><G77/><T90/><D43/><U50/><E50/><V125/><F125/><AGARI ba="0,1" hai="32,34,39,41,46,88,95,99,124,125,127" m="33223" machi="125" ten="30,2900,0" yaku="18,1,54,1" doraHai="109" who="1" fromWho="2" sc="237,0,250,39,253,-29,250,0" /><INIT seed="1,1,0,3,1,110" ten="237,289,224,250" oya="1" hai0="108,78,127,54,72,47,97,94,29,107,37,109,46" hai1="83,11,119,101,98,131,88,35,115,90,32,125,60" hai2="38,26,63,75,6,114,3,45,33,113,126,133,67" hai3="18,82,30,81,15,16,25,39,70,0,91,64,103"/><U42/><E119/><V13/><F75/><W50/><G0/><T62/><D127/><U79/><E115/><N who="2" m="44043" /><F126/><W52/><G39/><T124/><D124/><U76/><E125/><V117/><F117/><W17/><G103/><T43/><D107/><U106/><E131/><V51/><F38/><W5/><G70/><T102/><D29/><U22/><E35/><V7/><F3/><W24/><G64/><T128/><D128/><U105/><E32/><V111/><F111/><W10/><G30/><T21/><D21/><U57/><E105/><V36/><F36/><W20/><G91/><T122/><D122/><U65/><E76/><V1/><F1/><W34/><G34/><T89/><D89/><U77/><E77/><V95/><F133/><W73/><G73/><T19/><D78/><U85/><E42/><N who="2" m="25015" /><F13/><W14/><G14/><T84/><D72/><U8/><E79/><V92/><F26/><N who="3" m="10347" /><G20/><T132/><D132/><U53/><E22/><V9/><F33/><W80/><G80/><T58/><D109/><U74/><E74/><V123/><F123/><W120/><G120/><T86/><D108/><U118/><E118/><V48/><F48/><W104/><G104/><T129/><D129/><U87/><E8/><V55/><F55/><W134/><G134/><T130/><D130/><U99/><E11/><V28/><F28/><W135/><G135/><T44/><D19/><U121/><E121/><V100/><F100/><W116/><G116/><T4/><D4/><N who="2" m="1578" /><F9/><W56/><AGARI ba="1,0" hai="5,10,15,16,17,18,50,52,56,81,82" m="10347" machi="56" ten="30,4000,0" yaku="8,1,54,2" doraHai="110" who="3" fromWho="3" sc="237,-11,289,-21,224,-11,250,43" /><INIT seed="2,0,0,5,4,121" ten="226,268,213,293" oya="2" hai0="72,125,53,63,40,49,21,51,119,116,92,93,101" hai1="31,23,0,22,52,60,111,28,66,99,95,42,128" hai2="55,89,64,9,1,113,135,91,129,130,79,14,39" hai3="83,97,87,76,71,38,86,108,24,62,13,10,85"/><V12/><F39/><W27/><G38/><T132/><D72/><U47/><E0/><V122/><F122/><W34/><G97/><T73/><D73/><U57/><E128/><N who="2" m="49259" /><F113/><W58/><G71/><T5/><D132/><U61/><E111/><V56/><F135/><W118/><G118/><N who="0" m="45099" /><D125/><U109/><E109/><V11/><F64/><N who="3" m="38999" /><G34/><T131/><D131/><U80/><E80/><V2/><F79/><W19/><G108/><T69/><D5/><U114/><E114/><V8/><F1/><W88/><G86/><T20/><D40/><U15/><E28/><V32/><F32/><W46/><G46/><N who="0" m="27831" /><D51/><N who="1" m="27127" /><E31/><V120/><F2/><W78/><G78/><T45/><D45/><U68/><E68/><V96/><F120/><W124/><G124/><T77/><D77/><U65/><E61/><N who="2" m="35999" /><F96/><W74/><G74/><T98/><D92/><AGARI ba="0,0" hai="10,13,19,24,27,76,83,85,87,88,92" m="38999" machi="92" ten="30,2000,0" yaku="8,1,54,1" doraHai="121" who="3" fromWho="0" sc="226,-20,268,0,213,0,293,20" /><INIT seed="3,0,0,4,5,25" ten="206,268,213,313" oya="3" hai0="110,87,8,50,27,20,59,45,106,11,130,58,42" hai1="39,75,56,133,95,118,67,9,49,41,64,43,96" hai2="48,123,5,10,131,99,17,109,86,126,35,66,34" hai3="105,94,46,3,40,82,23,19,68,108,4,51,84"/><W1/><G105/><T100/><D110/><U76/><E75/><V13/><F109/><W88/><G108/><T21/><D130/><U70/><E76/><V104/><F131/><W97/><G68/><T124/><D124/><U90/><E39/><V14/><F126/><W128/><G4/><T115/><D115/><U73/><E73/><V52/><F123/><W107/><G107/><T24/><D106/><U15/><E70/><V98/><F66/><W125/><G128/><T129/><D100/><U44/><E133/><V119/><F119/><W80/><G125/><T57/><D87/><U89/><E118/><V60/><F60/><W61/><G61/><T69/><D69/><U120/><E120/><V37/><F37/><W22/><G80/><T38/><D38/><U7/><E43/><V116/><F116/><W63/><G63/><T18/><D129/><U111/><E111/><V79/><F104/><W85/><G85/><T102/><D102/><U113/><E113/><V47/><F35/><W31/><G31/><AGARI ba="0,0" hai="8,11,18,20,21,24,27,31,42,45,50,57,58,59" machi="31" ten="40,2600,0" yaku="8,1,52,1" doraHai="25" who="0" fromWho="3" sc="206,26,268,0,213,0,313,-26" /><INIT seed="4,0,0,1,1,92" ten="232,268,213,287" oya="0" hai0="125,48,40,47,78,55,42,102,34,111,32,9,99" hai1="71,67,3,29,101,15,116,14,81,119,51,88,61" hai2="126,87,73,76,98,19,52,11,130,96,5,91,8" hai3="17,79,37,124,13,113,132,36,107,120,22,1,77"/><T64/><D125/><U57/><E3/><V135/><F126/><W49/><G113/><T28/><D111/><U7/><E29/><V131/><F135/><W53/><G124/><T56/><D78/><U106/><E71/><V89/><F73/><W21/><G1/><T10/><D34/><U33/><E33/><V18/><F76/><W108/><G108/><T85/><D85/><U105/><E51/><V41/><F41/><N who="0" m="15978" /><D28/><U44/><E44/><V104/><F104/><W110/><G110/><T74/><D74/><U69/><E69/><V23/><F52/><W60/><G107/><T59/><D32/><U114/><E106/><V68/><F68/><W134/><G120/><T95/><D56/><U24/><E114/><V72/><F72/><W83/><G79/><T65/><D65/><U43/><E43/><V6/><F87/><W2/><G77/><T39/><D39/><U127/><E127/><V128/><F128/><W66/><G37/><T122/><D122/><U94/><E119/><V86/><F86/><W4/><G36/><T129/><D129/><U62/><E116/><V109/><F109/><W80/><G132/><T25/><D25/><U90/><E105/><V75/><F75/><W45/><G134/><T38/><D38/><U121/><E121/><V103/><F23/><W31/><G22/><T12/><D12/><N who="1" m="4651" /><E24/><V97/><F97/><W112/><G31/><T93/><D93/><U63/><E94/><V70/><F70/><N who="3" m="42311" /><G112/><T20/><D20/><U16/><E67/><V35/><F35/><W58/><G58/><T117/><D117/><U118/><E118/><RYUUKYOKU ba="0,0" sc="232,10,268,-30,213,10,287,10" hai0="9,10,47,48,55,59,64,95,99,102" hai2="5,6,8,11,18,19,89,91,96,98,103,130,131" hai3="2,4,13,17,21,45,49,53,80,83" /><INIT seed="4,1,0,0,4,111" ten="242,238,223,297" oya="0" hai0="93,58,73,113,84,3,18,97,124,71,87,104,75" hai1="61,16,65,12,2,109,64,55,42,91,86,131,89" hai2="35,43,125,8,14,63,133,121,107,122,103,13,77" hai3="31,96,128,53,4,82,17,92,1,40,60,15,57"/><T29/><D71/><U22/><E109/><V19/><F35/><W112/><G128/><T88/><D3/><U130/><E2/><V134/><F77/><W95/><G1/><T117/><D117/><U46/><E55/><V45/><F125/><W24/><G40/><T33/><D124/><U118/><E118/><V54/><F103/><W6/><G112/><T20/><D113/><U119/><E119/><V47/><F107/><W90/><G82/><T110/><D110/><U120/><E120/><V126/><F126/><W132/><G132/><N who="2" m="50793" /><F14/><W102/><G31/><T7/><D7/><U11/><E11/><V85/><F85/><N who="3" m="52303" /><G24/><T51/><D29/><U49/><E64/><V36/><F63/><W127/><G127/><T62/><D51/><AGARI ba="1,0" hai="8,13,19,36,43,45,47,51,54,121,122" m="50793" machi="51" ten="30,1000,0" yaku="20,1" doraHai="111" who="2" fromWho="0" sc="242,-13,238,0,223,13,297,0" /><INIT seed="5,0,0,1,1,100" ten="229,238,236,297" oya="1" hai0="101,43,127,81,31,60,80,35,62,70,128,47,48" hai1="50,135,32,133,67,96,54,17,123,72,5,126,134" hai2="16,121,9,122,114,36,130,86,19,7,73,117,125" hai3="58,93,59,74,132,94,1,84,64,103,92,20,95"/><U39/><E123/><N who="2" m="47115" /><F73/><W120/><G120/><T41/><D35/><U112/><E39/><V131/><F36/><W124/><G124/><T18/><D31/><U45/><E72/><V102/><F102/><W88/><G74/><T55/><D127/><U40/><E126/><V97/><F97/><N who="3" m="59839" /><G1/><T69/><D101/><U71/><E32/><V109/><F125/><W105/><G105/><T129/><D18/><N who="2" m="6698" /><F86/><W46/><G132/><T110/><D110/><U75/><E75/><V11/><F109/><W85/><G46/><T28/><D28/><U44/><E44/><V106/><F106/><W108/><G108/><T49/><D47/><U115/><E40/><V63/><F63/><N who="3" m="38007" /><G20/><T8/><D55/><U87/><E54/><V116/><F114/><W4/><G4/><T38/><D38/><U77/><E5/><V53/><F53/><W25/><G25/><T33/><D33/><U98/><E115/><V79/><F79/><W37/><G37/><T29/><D29/><U26/><E112/><V82/><F82/><N who="3" m="49175" /><G59/><T23/><D23/><N who="1" m="13679" /><E77/><V30/><F30/><W61/><G61/><T111/><D111/><U42/><E87/><AGARI ba="0,0" hai="85,87,92,93,94" m="49175,38007,59839" machi="87" ten="30,2000,0" yaku="8,1,54,1" doraHai="100" who="3" fromWho="1" sc="229,0,238,-20,236,0,297,20" owari="229,-17.1,218,-28.2,236,3.6,317,41.7" /></mjloggm>