<mjloggm ver="2.3"><GO type="225" lobby="0"/><UN n0="%E3%83%A9%E3%82%A4%E3%83%B3%E3%81%AE%E8%99%8E" n1="%E3%83%94%E3%83%B3%E3%82%B5%E3%83%AD%E5%BA%97%E5%93%A1" n2="%E5%8D%A0%E3%81%84%E5%B8%AB%E8%A3%8F%E3%81%AA%E3%81%84%E3%81%97" n3="%E3%81%99%E3%81%84%E3%81%BE%E3%81%9B%E3%83%BC%E3%82%93" dan="16,16,17,18" rate="2103.22,2206.81,2160.96,2175.56" sx="M,M,M,M"/><TAIKYOKU oya="0"/><INIT seed="0,0,0,5,3,47" ten="250,250,250,250" oya="0" hai0="83,130,40,55,41,80,32,1,53,44,84,67,78" hai1="31,111,97,105,119,82,25,91,58,87,34,102,88" hai2="5,116,45,16,15,56,37,42,95,38,14,125,98" hai3="48,6,128,99,30,126,35,135,75,11,109,90,81"/><T103/><D32/><U79/><E119/><V22/><F116/><W61/><G109/><T122/><D122/><U86/><E111/><V76/><F125/><W94/><G126/><T57/><D1/><U69/><E69/><V27/><F76/><W12/><G135/><T60/><D130/><U73/><E87/><V93/><F93/><W10/><G128/><T33/><D33/><U129/><E129/><V29/><F5/><W117/><G117/><T108/><D108/><U28/><E28/><V124/><F124/><W118/><G118/><T89/><D103/><U70/><E70/><V96/><F14/><W85/><G75/><T23/><D23/><U133/><E133/><V92/><F56/><W2/><G61/><T4/><D4/><U101/><E101/><V52/><F37/><W71/><G71/><T43/><REACH who="0" step="1"/><D44/><REACH who="0" ten="240,250,250,250" step="2"/><U64/><REACH who="1" step="1"/><E73/><AGARI ba="0,1" hai="40,41,43,53,55,57,60,67,73,78,80,83,84,89" machi="73" ten="40,3900,0" yaku="1,1,2,1,53,0" doraHai="47" doraHaiUra="17" who="0" fromWho="1" sc="240,49,250,-39,250,0,250,0" /><INIT seed="0,1,0,3,2,10" ten="289,211,250,250" oya="0" hai0="84,52,23,50,100,73,7,108,112,110,131,115,88" hai1="74,57,59,104,68,66,129,122,99,47,118,41,40" hai2="4,32,20,75,56,60,111,22,126,80,18,119,28" hai3="124,5,70,17,72,53,6,49,0,77,125,94,89"/><T93/><D73/><U3/><E74/><V35/><F111/><N who="0" m="42538" /><D131/><U65/><E3/><V67/><F126/><N who="3" m="48747" /><G70/><T96/><D23/><U132/><E99/><V87/><F75/><W134/><G134/><T69/><D7/><U2/><E104/><V103/><F119/><W63/><G63/><T12/><D12/><U21/><E21/><V39/><F39/><W45/><G0/><T11/><D11/><U128/><E2/><V113/><F113/><W123/><G123/><T116/><D69/><U106/><E106/><V76/><F4/><W38/><G38/><T109/><D116/><U102/><E102/><V135/><F135/><W79/><G17/><T86/><N who="0" m="42546" /><T30/><DORA hai="64" /><D30/><U92/><E118/><V127/><F103/><W24/><G24/><T78/><D78/><N who="3" m="29705" /><G72/><T34/><D34/><U43/><E132/><V25/><REACH who="2" step="1"/><F127/><REACH who="2" ten="289,211,240,250" step="2"/><W90/><G90/><T29/><D100/><U46/><E122/><V83/><F83/><W54/><G5/><T48/><D112/><U117/><E117/><V101/><F101/><W61/><G6/><T26/><D115/><U85/><E129/><V16/><F16/><W105/><G105/><T121/><D121/><U55/><E128/><V51/><F51/><W42/><G61/><T133/><D48/><U15/><E92/><V14/><AGARI ba="1,1" hai="14,18,20,22,25,28,32,35,56,60,67,76,80,87" machi="14" ten="20,12000,2" yaku="1,1,0,1,7,1,52,1,53,2" doraHai="10,64" doraHaiUra="62,82" who="2" fromWho="2" sc="289,-61,211,-31,240,133,250,-31" /><INIT seed="1,0,0,3,4,25" ten="228,180,373,219" oya="1" hai0="37,86,94,1,29,51,80,126,73,81,110,121,17" hai1="85,33,134,40,131,72,82,130,55,114,14,43,32" hai2="78,5,103,112,71,11,67,65,88,7,50,46,13" hai3="23,102,42,62,127,87,26,60,116,3,108,49,96"/><U84/><E114/><V75/><F112/><W76/><G108/><T54/><D37/><U66/><E66/><V56/><F71/><W89/><G3/><T21/><D1/><U27/><E134/><V120/><F120/><W41/><G76/><T36/><D36/><U2/><E2/><V133/><F133/><W122/><G127/><T12/><D110/><U47/><E72/><V106/><F5/><W115/><G122/><T57/><D126/><U52/><E14/><V61/><F65/><W9/><G9/><T129/><D73/><U101/><E101/><V16/><F106/><W93/><G116/><T119/><D129/><U91/><E27/><V111/><F103/><W10/><G10/><T4/><D4/><U109/><E109/><V39/><F39/><W59/><G49/><T18/><D119/><U48/><E85/><V63/><F63/><N who="3" m="24107" /><G59/><T69/><D69/><U58/><E33/><V104/><F104/><W34/><G34/><T74/><D74/><U132/><E32/><V117/><F117/><W30/><G115/><T31/><D18/><U44/><E132/><V6/><F111/><W15/><G15/><T45/><D45/><N who="1" m="17483" /><E55/><N who="2" m="30167" /><F75/><W0/><G0/><T70/><D70/><U77/><E77/><V113/><F78/><W79/><G79/><T97/><D121/><U64/><E64/><V35/><F35/><W8/><G8/><T118/><D118/><U98/><E43/><V99/><F113/><W128/><G128/><N who="1" m="49194" /><E40/><V28/><F6/><W95/><AGARI ba="0,0" hai="23,26,30,41,42,87,89,93,95,96,102" m="24107" machi="95" ten="30,2000,0" yaku="8,1,52,1" doraHai="25" who="3" fromWho="3" sc="228,-5,180,-10,373,-5,219,20" /><INIT seed="2,0,0,4,1,82" ten="223,170,368,239" oya="2" hai0="85,77,127,124,89,26,30,66,131,96,117,10,45" hai1="91,19,72,92,47,11,48,71,123,33,67,64,5" hai2="2,37,6,52,83,98,99,76,3,0,40,62,121" hai3="86,20,55,105,79,128,106,115,70,25,68,81,57"/><V109/><F121/><W7/><G128/><T36/><D131/><U22/><E33/><V54/><F6/><W42/><G115/><T14/><D66/><U4/><E72/><V78/><F109/><W38/><G7/><T17/><D117/><U107/><E107/><V46/><F78/><W58/><G58/><T111/><D96/><U94/><E123/><V129/><F129/><W102/><G42/><T80/><D111/><U50/><E71/><V112/><F112/><W43/><G43/><T9/><D9/><U126/><E126/><N who="0" m="48169" /><D45/><U84/><E94/><V95/><F62/><W101/><G38/><T133/><D133/><U49/><E47/><V75/><REACH who="2" step="1"/><F99/><REACH who="2" ten="223,170,358,239" step="2"/><W125/><G125/><T12/><D77/><U23/><E4/><V90/><AGARI ba="0,1" hai="0,2,3,37,40,46,52,54,75,76,83,90,95,98" machi="90" ten="30,12000,1" yaku="1,1,2,1,0,1,54,1,53,1" doraHai="82" doraHaiUra="104" who="2" fromWho="2" sc="223,-40,170,-40,358,130,239,-40" /><INIT seed="2,1,0,1,0,4" ten="183,130,488,199" oya="2" hai0="66,91,55,39,94,27,52,135,97,57,127,53,120" hai1="47,130,19,26,102,69,56,89,65,112,76,44,106" hai2="30,101,2,1,22,131,6,90,38,20,92,81,95" hai3="83,121,3,82,115,23,15,68,108,119,12,9,34"/><V67/><F38/><W125/><G119/><T31/><D120/><U73/><E112/><V87/><F131/><W93/><G34/><T123/><D123/><U107/><E130/><V48/><F67/><W46/><G68/><T132/><D39/><U133/><E133/><N who="0" m="51273" /><D127/><U45/><E56/><V129/><F129/><W71/><G71/><T50/><D66/><U116/><E116/><V85/><F101/><W18/><G121/><T33/><AGARI ba="1,0" hai="27,31,33,50,52,53,55,57,91,94,97" m="51273" machi="33" ten="30,2000,0" yaku="20,1,54,1" doraHai="4" who="0" fromWho="0" sc="183,23,130,-6,488,-11,199,-6" /><INIT seed="3,0,0,5,3,70" ten="206,124,477,193" oya="3" hai0="97,105,8,114,49,44,12,20,91,117,36,125,96" hai1="9,131,104,11,85,87,26,54,7,89,67,30,19" hai2="106,22,18,16,55,48,61,63,50,133,58,119,74" hai3="3,73,64,98,124,86,69,57,111,37,62,2,4"/><W34/><G73/><T101/><D36/><U32/><E131/><V65/><F74/><W24/><G37/><T123/><D117/><U116/><E116/><V93/><F106/><W128/><G124/><T120/><D125/><U27/><E104/><V71/><F119/><W39/><G39/><T31/><D114/><U118/><E118/><V113/><F113/><W76/><G4/><T103/><D91/><U1/><E67/><V45/><F133/><W59/><G98/><T21/><D21/><N who="1" m="13631" /><E54/><V90/><F22/><W5/><G5/><T43/><D20/><U78/><E87/><V122/><F122/><W33/><G86/><T79/><D79/><U0/><E89/><V132/><F132/><W127/><G76/><T115/><D31/><U112/><E85/><N who="2" m="52431" /><F71/><W82/><G69/><T25/><D25/><U95/><E95/><V47/><F63/><W51/><G62/><T53/><D115/><U94/><E94/><V6/><F6/><W75/><G75/><T42/><D120/><U121/><E78/><V38/><F38/><W28/><G127/><T23/><D23/><U135/><E112/><V40/><AGARI ba="0,0" hai="16,18,40,45,47,48,50,55,58,61,65" m="52431" machi="40" ten="30,2000,0" yaku="8,1,54,1" doraHai="70" who="2" fromWho="2" sc="206,-5,124,-5,477,20,193,-10" owari="201,0.1,119,-38.1,497,59.7,183,-21.7" /></mjloggm>