<mjloggm ver="2.3"><GO type="225" lobby="0"/><UN n0="%E3%81%8B%E3%82%8F%E3%81%A1%E3%82%83%E3%82%93%35%38" n1="%E3%82%BC%E3%83%AB%E3%83%80%E3%81%AE%E4%BC%9D%E8%AA%AC" n2="%72%69%6F%75%63%68%61%6E" n3="%E9%97%98%E5%B0%86%E3%81%A0%E3%82%93%E3%81%A7%E3%81%83" dan="16,17,16,16" rate="2157.56,2130.72,2085.98,2089.77" sx="M,M,M,M"/><TAIKYOKU oya="0"/><INIT seed="0,0,0,3,3,100" ten="250,250,250,250" oya="0" hai0="95,34,17,51,6,74,93,99,109,94,46,133,2" hai1="31,50,101,41,68,125,4,79,62,19,15,26,44" hai2="97,1,127,12,23,42,105,25,116,61,82,47,135" hai3="87,5,27,65,43,121,66,75,45,107,54,124,81"/><T120/><D120/><U24/><E125/><V114/><F114/><W69/><G75/><T40/><D34/><U83/><E101/><V60/><F1/><W92/><G107/><T8/><D133/><U38/><E38/><V90/><F127/><W9/><G124/><T84/><D74/><U52/><E31/><V21/><F135/><W35/><G121/><T28/><D28/><U104/><E104/><V11/><F116/><W134/><G134/><T106/><D109/><U113/><E113/><V18/><F105/><W53/><G92/><T80/><D106/><U63/><E4/><V96/><F21/><W126/><G27/><N who="1" m="10282" /><E41/><V88/><F97/><W20/><G20/><T110/><D17/><U56/><E56/><V77/><F96/><W22/><G22/><T70/><D70/><U59/><E59/><V129/><F129/><W14/><G35/><T123/><D123/><U33/><E68/><V30/><F60/><N who="1" m="23081" /><E33/><V115/><F61/><W3/><G3/><T29/><D29/><U10/><E83/><V57/><F57/><W13/><G13/><T112/><D112/><U78/><AGARI ba="0,0" hai="10,15,19,44,50,52,78,79" m="23081,10282" machi="78" ten="30,2000,0" yaku="8,1,54,1" doraHai="100" who="1" fromWho="1" sc="250,-10,250,20,250,-5,250,-5" /><INIT seed="1,0,0,5,1,82" ten="240,270,245,245" oya="1" hai0="47,28,99,75,104,5,59,60,89,85,18,34,96" hai1="67,108,7,115,90,110,44,41,122,118,32,20,0" hai2="53,71,121,100,1,133,4,106,74,125,130,92,69" hai3="76,9,65,102,124,13,3,116,132,129,39,68,111"/><U21/><E115/><V98/><F121/><W12/><G39/><T38/><D75/><U91/><E118/><V25/><F74/><W135/><G116/><T46/><D5/><U73/><E32/><V63/><F130/><W79/><G129/><T72/><D72/><U95/><E73/><V36/><F36/><W61/><G111/><N who="1" m="42538" /><E122/><V11/><F125/><W27/><G124/><T50/><D38/><N who="1" m="21559" /><E67/><V33/><F133/><N who="3" m="51275" /><G102/><T43/><D47/><U93/><E7/><V62/><F106/><W88/><G27/><T94/><D104/><U86/><E0/><V45/><F25/><W112/><G3/><T103/><D103/><U17/><E17/><V24/><F24/><W55/><G55/><N who="0" m="33919" /><D34/><U80/><E80/><V48/><F33/><W29/><G29/><T37/><D37/><U123/><E123/><V70/><AGARI ba="0,0" hai="1,4,11,45,48,53,62,63,69,70,71,92,98,100" machi="70" ten="30,1100,0" yaku="0,1" doraHai="82" who="2" fromWho="2" sc="240,-3,270,-5,245,11,245,-3" /><INIT seed="2,0,0,5,0,52" ten="237,265,256,242" oya="2" hai0="26,123,22,43,70,12,44,100,3,106,40,84,29" hai1="67,46,117,134,27,39,20,105,85,69,90,124,32" hai2="28,23,7,91,95,77,129,127,80,83,135,72,122" hai3="57,25,109,56,71,89,102,116,64,110,81,54,14"/><V55/><F122/><W96/><G116/><T82/><D3/><U62/><E117/><V51/><F129/><W34/><G14/><T113/><D113/><U97/><E124/><V21/><F135/><W35/><G89/><T94/><D123/><U132/><E32/><V38/><F38/><W131/><G81/><T13/><D70/><U98/><E39/><V18/><F127/><W130/><G71/><T115/><D106/><U47/><E47/><V58/><F7/><W121/><G121/><T48/><D43/><U108/><E46/><V92/><F28/><N who="3" m="19727" /><G64/><T87/><D115/><U59/><E108/><N who="3" m="41578" /><G35/><T11/><D11/><U50/><E69/><V41/><F41/><W16/><G16/><T88/><REACH who="0" step="1"/><D100/><REACH who="0" ten="227,265,256,242" step="2"/><U8/><E8/><V133/><F133/><W128/><G54/><T118/><D118/><U19/><E132/><V93/><REACH who="2" step="1"/><F18/><REACH who="2" ten="227,265,246,242" step="2"/><W114/><G114/><T61/><D61/><U10/><E62/><V68/><F68/><W36/><G36/><T33/><D33/><U104/><E19/><V5/><F5/><W78/><G78/><AGARI ba="0,2" hai="12,13,22,26,29,40,44,48,78,82,84,87,88,94" machi="78" ten="30,7700,0" yaku="1,1,7,1,8,1,54,1,53,0" doraHai="52" doraHaiUra="111" who="0" fromWho="3" sc="227,97,265,0,246,0,242,-77" /><INIT seed="3,0,0,5,4,61" ten="324,265,246,165" oya="3" hai0="108,51,114,20,65,32,83,16,18,62,31,88,52" hai1="63,1,25,111,13,87,120,90,4,37,60,122,11" hai2="110,129,29,33,107,84,77,47,57,121,3,27,112" hai3="78,36,44,116,67,38,21,8,69,19,70,94,15"/><W30/><G116/><T130/><D32/><U9/><E37/><V135/><F110/><W125/><G125/><T98/><D108/><U118/><E111/><V39/><F112/><W26/><G78/><T132/><D132/><U7/><E118/><V34/><F107/><W101/><G67/><T79/><D130/><U123/><REACH who="1" step="1"/><E25/><REACH who="1" ten="324,255,246,165" step="2"/><V49/><F129/><W40/><REACH who="3" step="1"/><G38/><REACH who="3" ten="324,255,246,155" step="2"/><T43/><D114/><U35/><E35/><N who="2" m="20927" /><F77/><W76/><G76/><T85/><D79/><U17/><E17/><V81/><F39/><W80/><G80/><AGARI ba="0,2" hai="1,4,7,9,11,13,60,63,80,87,90,120,122,123" machi="80" ten="40,1300,0" yaku="1,1,53,0" doraHai="61" doraHaiUra="12" who="1" fromWho="3" sc="324,0,255,33,246,0,155,-13" owari="324,42.4,288,8.8,246,-15.4,142,-35.8" /></mjloggm>