<mjloggm ver="2.3"><GO type="225" lobby="0"/><UN n0="%E3%81%AA%E3%81%A1%30%39%32%37" n1="%E3%81%AF%E3%82%88%E3%81%8A%E3%81%98%E3%81%95%E3%82%93" n2="%72%69%6F%75%63%68%61%6E" n3="%E3%81%A4%E3%81%A3%E3%81%B1%E3%82%8A%E3%83%9D%E3%83%BC%E3%83%AB" dan="16,16,16,17" rate="2084.20,2208.83,2098.26,2151.38" sx="M,M,M,M"/><TAIKYOKU oya="0"/><INIT seed="0,0,0,2,3,74" ten="250,250,250,250" oya="0" hai0="101,107,72,68,86,82,69,118,99,79,88,83,18" hai1="36,39,123,43,87,24,134,90,91,93,84,92,63" hai2="6,56,131,21,133,60,119,77,11,96,113,71,97" hai3="31,5,40,78,73,98,61,125,117,26,53,111,59"/><T35/><D35/><U29/><E123/><V12/><F113/><W112/><G112/><T105/><D118/><U65/><E134/><V50/><F131/><W128/><G117/><T1/><D1/><U45/><E39/><V75/><F133/><W10/><G128/><T8/><REACH who="0" step="1"/><D105/><REACH who="0" ten="240,250,250,250" step="2"/><U89/><E92/><V32/><F32/><W14/><G125/><T81/><D81/><U48/><E93/><V116/><F119/><W41/><G111/><T37/><D37/><U30/><E36/><V28/><F116/><W106/><G106/><T34/><D34/><U104/><E104/><V114/><F114/><W64/><G98/><T55/><D55/><U108/><E108/><V9/><F97/><W19/><G53/><T46/><D46/><U38/><E38/><V95/><F95/><W100/><G41/><T120/><D120/><U76/><E45/><V20/><F96/><W54/><G40/><T102/><D102/><U23/><E43/><V16/><F28/><W4/><G54/><T109/><D109/><U110/><E30/><V103/><F103/><W3/><G3/><T13/><AGARI ba="0,1" hai="8,13,18,68,69,72,79,82,83,86,88,99,101,107" machi="13" ten="30,11700,0" yaku="1,1,0,1,52,1,54,1,53,0" doraHai="74" doraHaiUra="121" who="0" fromWho="0" sc="240,127,250,-39,250,-39,250,-39" /><INIT seed="0,1,0,4,3,15" ten="367,211,211,211" oya="0" hai0="24,124,50,71,60,42,66,22,74,46,1,130,91" hai1="51,129,100,26,114,98,20,122,104,48,6,107,78" hai2="112,79,10,44,116,92,52,53,45,115,133,72,131" hai3="4,69,84,41,57,117,36,39,113,103,56,86,82"/><T76/><D124/><U33/><E122/><V14/><F131/><W65/><G117/><T11/><D130/><U18/><E129/><V93/><F116/><W47/><G113/><T5/><D91/><U12/><E114/><V85/><F133/><W31/><G39/><T0/><D76/><U127/><E127/><V61/><F72/><W87/><G4/><T121/><D74/><U64/><E104/><V111/><F111/><W106/><G31/><T23/><D121/><U89/><E78/><V126/><F126/><W99/><REACH who="3" step="1"/><G82/><REACH who="3" ten="367,211,211,201" step="2"/><T43/><D5/><U108/><E108/><V35/><F115/><W135/><G135/><T62/><D0/><U38/><E38/><V81/><F112/><W134/><G134/><T90/><D1/><U59/><E6/><N who="2" m="3415" /><F35/><W28/><G28/><T25/><D43/><U2/><E2/><V32/><F32/><W58/><G58/><T49/><D42/><U68/><E68/><V55/><F61/><AGARI ba="1,1" hai="36,41,47,56,57,61,65,69,84,86,87,99,103,106" machi="61" ten="40,1300,0" yaku="1,1,53,0" doraHai="15" doraHaiUra="125" who="3" fromWho="2" sc="367,0,211,0,211,-16,201,26" /><INIT seed="1,0,0,1,4,12" ten="367,211,195,227" oya="1" hai0="40,50,77,71,85,8,2,25,134,11,89,107,113" hai1="58,61,22,114,9,78,119,3,108,132,125,92,16" hai2="44,93,18,74,88,109,131,35,54,48,33,41,43" hai3="123,124,38,111,126,103,65,49,128,117,84,112,98"/><U47/><E114/><V53/><F74/><W90/><G38/><T59/><D71/><U60/><E119/><V100/><F109/><W70/><G112/><T83/><D107/><U118/><E118/><V36/><F131/><W37/><G37/><T39/><D39/><U73/><E108/><V1/><F1/><W63/><G117/><T10/><D113/><U115/><E115/><V23/><F100/><W135/><G111/><T105/><D105/><U64/><E125/><N who="3" m="48234" /><G128/><T95/><D134/><U24/><E132/><V79/><F79/><W68/><G135/><T122/><D122/><U46/><E73/><V96/><F54/><W67/><G49/><T97/><D2/><U4/><E78/><V120/><F120/><W99/><G123/><T7/><D7/><U121/><E121/><V57/><REACH who="2" step="1"/><F41/><REACH who="2" ten="367,211,185,227" step="2"/><W21/><G103/><T62/><D40/><U27/><E92/><V116/><F116/><W14/><G67/><T66/><D95/><U29/><REACH who="1" step="1"/><E61/><REACH who="1" ten="367,201,185,227" step="2"/><V110/><F110/><W76/><G63/><T104/><D62/><U75/><E75/><V5/><F5/><W55/><G76/><T51/><D77/><U13/><E13/><AGARI ba="0,2" hai="13,18,23,33,35,36,43,44,48,53,57,88,93,96" machi="13" ten="30,8000,1" yaku="1,1,7,1,52,1,54,1,53,1" doraHai="12" doraHaiUra="19" who="2" fromWho="1" sc="367,0,201,-80,185,100,227,0" /><INIT seed="2,0,0,5,4,112" ten="367,121,285,227" oya="2" hai0="4,41,42,99,133,116,5,3,104,45,44,119,78" hai1="72,132,83,31,97,126,47,75,17,87,57,93,122" hai2="15,48,39,80,94,107,46,124,64,22,96,18,14" hai3="76,70,21,27,60,29,125,37,109,100,103,86,25"/><V105/><F124/><W65/><G125/><T0/><D78/><U26/><E126/><V10/><F39/><W134/><G109/><T101/><D133/><U30/><E132/><V117/><F117/><N who="0" m="45130" /><D5/><U91/><E122/><V58/><F80/><W11/><G37/><N who="0" m="21551" /><D4/><U62/><E47/><V128/><F128/><W106/><G76/><T43/><D42/><U79/><E75/><V81/><F81/><W54/><G134/><T33/><D33/><U120/><E120/><V8/><F22/><W98/><G21/><T113/><D113/><U95/><E72/><V49/><F64/><W12/><G65/><T102/><D101/><U77/><E77/><V114/><F114/><W40/><G103/><T73/><D73/><U13/><E95/><V53/><F46/><W7/><G100/><T90/><D90/><U23/><REACH who="1" step="1"/><E13/><REACH who="1" ten="367,111,285,227" step="2"/><V129/><F129/><W118/><G12/><T115/><D115/><U69/><E69/><V24/><F14/><W130/><G70/><T121/><D121/><U110/><E110/><V74/><F15/><W2/><G118/><T88/><D45/><U59/><E59/><V38/><F58/><W1/><G130/><T108/><D108/><U36/><E36/><V61/><F38/><W135/><G135/><T66/><D43/><U131/><E131/><V16/><F74/><W55/><G40/><T56/><D56/><U67/><AGARI ba="0,1" hai="17,23,26,30,31,57,62,67,79,83,87,91,93,97" machi="67" ten="20,5200,0" yaku="1,1,0,1,7,1,8,1,53,0" doraHai="112" doraHaiUra="6" who="1" fromWho="1" sc="367,-13,111,62,285,-26,227,-13" /><INIT seed="3,0,0,3,3,99" ten="354,173,259,214" oya="3" hai0="24,71,57,17,131,105,11,109,113,85,77,97,106" hai1="63,80,107,0,40,130,52,82,78,41,38,79,58" hai2="134,34,3,83,94,127,7,65,102,126,5,110,28" hai3="87,69,135,59,55,112,89,93,31,39,74,20,25"/><W26/><G135/><T73/><D71/><U37/><E130/><V9/><F110/><W88/><G112/><T35/><D109/><U18/><E107/><V62/><F134/><W121/><G121/><T10/><D131/><U70/><E0/><V8/><F83/><W4/><G69/><T132/><D73/><U116/><E116/><V43/><F43/><W115/><G115/><T42/><D42/><U114/><E114/><V50/><F50/><W119/><G39/><T120/><D57/><U47/><E70/><N who="2" m="42295" /><F94/><W64/><G74/><T12/><D11/><U45/><E18/><V123/><F102/><W125/><G125/><N who="2" m="47625" /><F123/><W54/><G4/><N who="2" m="1609" /><F3/><W16/><G89/><T117/><D35/><U76/><AGARI ba="0,0" hai="37,38,40,41,45,47,52,58,63,76,78,79,80,82" machi="76" ten="30,4000,0" yaku="0,1,9,1,54,1" doraHai="99" who="1" fromWho="1" sc="354,-10,173,40,259,-10,214,-20" owari="344,44.4,213,-18.7,249,4.9,194,-30.6" /></mjloggm>