<mjloggm ver="2.3"><GO type="225" lobby="0"/><UN n0="%66%67%67%68%68%64%66" n1="%E6%A1%9C%E8%8A%B1%E9%96%83%E3%80%85" n2="%E6%A5%93%E4%BB%8B" n3="%E9%A6%AC%E5%BC%95%E7%81%AB%33" dan="16,16,16,16" rate="2096.22,2132.19,2093.60,2125.03" sx="M,M,M,M"/><TAIKYOKU oya="0"/><INIT seed="0,0,0,1,0,112" ten="250,250,250,250" oya="0" hai0="14,65,88,33,68,39,86,134,105,117,20,38,10" hai1="93,98,9,87,18,30,53,32,55,22,45,111,133" hai2="3,128,126,61,63,37,40,41,79,135,127,121,101" hai3="76,49,57,96,73,107,34,51,89,108,113,82,132"/><T31/><D105/><U71/><E71/><V47/><F79/><W84/><G113/><T50/><D33/><U99/><E111/><V21/><F3/><W7/><G108/><T131/><D131/><U44/><E133/><V90/><F21/><W26/><G132/><T95/><D134/><U100/><E32/><V16/><F135/><W1/><G57/><T80/><D117/><U42/><E30/><V83/><F101/><N who="3" m="62887" /><G7/><T81/><D65/><U120/><E120/><V15/><F121/><W94/><G1/><T48/><D68/><U8/><E87/><V124/><F41/><W54/><G54/><N who="1" m="20490" /><E98/><V91/><F128/><W24/><G24/><N who="0" m="16775" /><D39/><U97/><E97/><V19/><F15/><W114/><G114/><T46/><D38/><U13/><E42/><V58/><F58/><W110/><G110/><T12/><D12/><N who="1" m="9543" /><E9/><V69/><F69/><W77/><G77/><T122/><D122/><U0/><E0/><V60/><F83/><N who="0" m="31818" /><D46/><U5/><AGARI ba="0,0" hai="5,8,13,44,45,93,99,100" m="9543,20490" machi="5" ten="30,1100,0" yaku="8,1" doraHai="112" who="1" fromWho="1" sc="250,-5,250,11,250,-3,250,-3" /><INIT seed="1,0,0,0,3,135" ten="245,261,247,247" oya="1" hai0="85,71,80,2,67,66,60,4,82,130,131,12,94" hai1="49,11,104,58,0,124,116,98,79,52,101,39,100" hai2="78,37,126,44,77,51,64,99,45,72,132,91,115" hai3="87,75,93,17,133,95,10,128,32,57,103,19,129"/><U23/><E116/><V119/><F132/><W42/><G133/><T29/><D2/><U109/><E109/><V134/><F134/><W40/><G75/><T107/><D107/><U122/><E122/><V43/><F119/><W31/><G57/><T86/><D29/><U68/><E68/><V48/><F115/><W24/><G87/><T41/><D41/><N who="3" m="15977" /><G10/><N who="0" m="4167" /><D67/><U117/><E39/><V18/><F64/><W1/><G1/><T65/><D65/><U114/><E114/><V92/><F72/><W102/><G95/><T69/><D69/><U83/><E101/><N who="3" m="38410" /><G93/><T25/><D94/><U112/><E112/><V120/><F92/><W55/><G55/><T105/><D105/><U108/><E117/><V81/><F43/><W33/><G33/><T20/><D86/><U30/><E0/><V5/><F37/><W16/><G32/><T46/><D85/><U7/><E11/><V50/><F50/><W34/><G34/><T110/><D110/><U14/><E108/><V53/><F53/><W123/><G123/><T62/><D62/><U6/><E6/><V21/><F5/><W3/><G3/><T76/><D60/><U22/><E7/><V111/><F111/><W89/><G89/><T90/><D90/><U38/><E38/><V118/><F118/><W47/><G47/><T61/><D46/><U59/><E100/><V74/><F91/><W96/><G96/><T125/><D71/><U26/><E98/><V84/><F84/><W56/><G56/><T63/><D66/><U73/><E104/><V28/><F99/><W8/><G8/><T36/><D36/><RYUUKYOKU ba="0,0" sc="245,-10,261,-10,247,-10,247,30" hai3="16,17,19,24,31,128,129" /><INIT seed="2,1,0,3,3,5" ten="235,251,237,277" oya="2" hai0="68,109,59,80,86,116,44,10,104,89,88,25,73" hai1="63,132,71,33,42,112,52,26,131,3,79,49,134" hai2="82,81,46,94,32,107,105,29,127,13,129,55,110" hai3="34,19,7,72,48,90,30,135,92,75,70,122,58"/><V35/><F94/><W119/><G70/><T21/><D68/><U76/><E112/><V125/><F13/><W111/><G119/><T14/><D104/><U51/><E3/><V37/><F37/><W0/><G122/><T67/><D109/><U20/><E33/><V100/><F46/><W91/><G111/><T1/><D1/><U102/><E102/><V11/><F29/><W85/><G135/><T97/><D73/><U126/><E126/><V128/><F100/><W98/><G19/><N who="0" m="12479" /><D44/><N who="1" m="25751" /><E63/><V36/><F55/><W84/><G98/><T123/><D123/><U9/><E71/><V39/><REACH who="2" step="1"/><F110/><REACH who="2" ten="235,251,227,277" step="2"/><W114/><G30/><T117/><D117/><U64/><E134/><V118/><F118/><W41/><G92/><N who="0" m="56463" /><D116/><U43/><E132/><V45/><F45/><W4/><G0/><T8/><D14/><U38/><E38/><V16/><F16/><W83/><G41/><T56/><D67/><U65/><E43/><V103/><F103/><W93/><G93/><T74/><D74/><U115/><E65/><V113/><F113/><W120/><G114/><T60/><D60/><U24/><E64/><V2/><F2/><W99/><G75/><T78/><D78/><U53/><E79/><V23/><F23/><W40/><G72/><T47/><D47/><U61/><E76/><V54/><F54/><W69/><G4/><T50/><D50/><U101/><E53/><V77/><F77/><W66/><G7/><T31/><D31/><N who="1" m="17799" /><E52/><V27/><F27/><W130/><G48/><T108/><D108/><U96/><E51/><V6/><F6/><W57/><G66/><RYUUKYOKU ba="1,1" sc="235,15,251,-15,227,15,277,-15" hai0="8,10,56,59,80,86,88" hai2="11,32,35,36,39,81,82,105,107,125,127,128,129" /><INIT seed="2,2,1,0,2,66" ten="250,236,242,262" oya="2" hai0="6,113,128,101,63,125,43,70,42,28,61,91,4" hai1="12,117,36,124,134,0,130,121,29,2,55,52,3" hai2="8,23,99,38,50,72,106,33,90,73,133,94,105" hai3="13,79,14,46,75,1,17,110,15,19,82,85,120"/><V71/><F33/><W131/><G120/><T112/><D101/><U45/><E117/><V109/><F38/><W57/><G1/><T49/><D28/><U25/><E121/><V54/><F133/><W39/><G110/><T114/><D91/><U35/><E134/><V10/><F109/><W18/><G131/><T64/><D4/><U129/><E124/><V11/><F71/><W60/><G39/><T116/><D6/><U80/><E12/><V89/><F23/><W108/><G108/><T20/><D20/><U34/><E34/><V74/><REACH who="2" step="1"/><F90/><REACH who="2" ten="250,236,232,262" step="2"/><W111/><G111/><T119/><D70/><U27/><E129/><V65/><F65/><W24/><G18/><T96/><D64/><U115/><E130/><V16/><F16/><W47/><G17/><T26/><D128/><U135/><E135/><V22/><F22/><W88/><G19/><T123/><D123/><U132/><E132/><V107/><F107/><W84/><G24/><T127/><D114/><U44/><E115/><V68/><F68/><W83/><G75/><T53/><D113/><U31/><E36/><V102/><F102/><W5/><G5/><T122/><D112/><U9/><E35/><V69/><F69/><W92/><G92/><T32/><D32/><U30/><E27/><V67/><F67/><AGARI ba="2,2" hai="13,14,15,46,47,57,60,67,79,82,83,84,85,88" machi="67" ten="40,2600,0" yaku="8,1,54,1" doraHai="66" who="3" fromWho="2" sc="250,0,236,0,232,-32,262,52" /><INIT seed="3,0,0,0,2,2" ten="250,236,200,314" oya="3" hai0="9,98,1,7,63,132,52,109,11,43,51,26,72" hai1="87,93,124,71,23,105,42,45,4,57,70,76,127" hai2="65,120,119,48,113,116,35,103,24,84,5,39,129" hai3="36,55,32,88,19,17,108,60,34,47,53,97,83"/><W117/><G117/><T62/><D72/><U0/><E105/><V49/><F113/><W131/><G131/><T130/><D109/><U126/><E57/><V14/><F39/><W18/><G60/><T15/><D132/><U94/><E23/><V66/><F103/><W30/><G30/><T37/><D130/><U13/><E0/><V128/><F84/><W100/><G83/><T69/><D69/><N who="1" m="26123" /><E76/><V31/><F120/><W135/><G88/><T79/><D79/><U61/><E61/><V104/><F104/><W96/><G18/><T121/><D121/><U77/><E77/><V90/><F90/><W3/><G3/><T114/><D114/><U38/><E87/><V134/><F134/><W80/><G135/><T91/><D91/><U86/><E86/><V74/><F74/><W58/><G58/><T67/><D63/><U54/><E54/><V59/><F129/><W95/><G95/><T122/><D52/><U92/><E13/><V99/><F99/><W28/><G28/><T6/><D122/><U118/><E4/><V68/><F128/><W123/><G123/><T46/><D62/><U41/><E42/><V33/><F68/><W112/><G112/><T133/><D43/><U81/><E118/><N who="2" m="45099" /><F35/><W56/><G56/><T111/><D133/><U110/><E81/><V85/><F85/><W64/><G80/><T22/><D111/><AGARI ba="0,0" hai="38,41,45,92,93,94,110,111,124,126,127" m="26123" machi="111" ten="40,1300,0" yaku="18,1" doraHai="2" who="1" fromWho="0" sc="250,-13,236,13,200,0,314,0" owari="237,-16.3,249,4.9,200,-30.0,314,41.4" /></mjloggm>