<mjloggm ver="2.3"><GO type="225" lobby="0"/><UN n0="%E6%B8%A9%E2%98%85%E6%83%85%E2%98%85%E6%8E%AA%E2%98%85%E7%BD%AE" n1="%E5%91%A8%E6%9D%B1" n2="%E5%B8%86%E7%AB%8B%E5%A4%8F%E8%A1%A3" n3="%E5%8D%A0%E3%81%84%E5%B8%AB%E8%A3%8F%E3%81%AA%E3%81%84%E3%81%97" dan="17,17,17,17" rate="2182.22,2246.53,2177.39,2171.80" sx="M,M,M,M"/><TAIKYOKU oya="0"/><INIT seed="0,0,0,0,2,0" ten="250,250,250,250" oya="0" hai0="40,123,22,97,93,51,46,42,82,105,128,117,45" hai1="73,111,131,50,16,30,33,91,112,29,96,61,36" hai2="130,55,68,71,23,66,114,63,104,31,115,48,113" hai3="35,41,64,116,103,126,79,52,120,20,83,18,69"/><T54/><D117/><U98/><E36/><V49/><F104/><W19/><G116/><T58/><D123/><U124/><E73/><V34/><F34/><W5/><G35/><T133/><D105/><U86/><E111/><V13/><F31/><N who="1" m="11785" /><E33/><V1/><F1/><W21/><G120/><T88/><D133/><U57/><E112/><V38/><F23/><W89/><G126/><T67/><D128/><U132/><E131/><V47/><F13/><W24/><G103/><T9/><D9/><U102/><E102/><V27/><F27/><W7/><G41/><N who="0" m="15979" /><D67/><N who="1" m="39343" /><E50/><N who="2" m="29151" /><F130/><W121/><G121/><T108/><D108/><U85/><E85/><V135/><F135/><W81/><G69/><N who="2" m="26697" /><F38/><W62/><G64/><T110/><D110/><U127/><E132/><V60/><F60/><W65/><G65/><T39/><D39/><U15/><E127/><V4/><F4/><N who="3" m="1611" /><G79/><T87/><D22/><N who="1" m="11551" /><E124/><V75/><F75/><W84/><G83/><AGARI ba="0,0" hai="83,86,91,96,98" m="11551,39343,11785" machi="83" ten="30,2000,0" yaku="8,1,54,1" doraHai="0" who="1" fromWho="3" sc="250,0,250,20,250,0,250,-20" /><INIT seed="1,0,0,5,1,116" ten="250,270,250,230" oya="1" hai0="50,25,131,55,6,127,124,1,5,13,27,76,62" hai1="59,95,57,9,68,82,123,114,47,105,52,8,75" hai2="83,64,63,7,58,39,85,81,42,106,130,61,51" hai3="101,21,112,113,41,98,26,29,115,17,66,49,3"/><U133/><E68/><V32/><F106/><W48/><G3/><T104/><D104/><U16/><E105/><V134/><F134/><W89/><G66/><T67/><D131/><U53/><E114/><V109/><F32/><W93/><G41/><T30/><D76/><U90/><E123/><V44/><F130/><W14/><REACH who="3" step="1"/><G101/><REACH who="3" ten="250,270,250,220" step="2"/><T103/><D103/><U12/><E133/><V37/><F64/><W99/><G99/><T77/><D1/><U0/><E0/><V43/><F42/><W79/><G79/><T78/><D78/><U80/><E75/><V128/><F43/><W126/><G126/><T73/><D77/><U120/><E120/><V45/><F128/><W102/><G102/><T23/><D73/><U10/><E47/><V69/><F45/><W20/><AGARI ba="0,1" hai="14,17,20,21,26,29,48,49,89,93,98,112,113,115" machi="20" ten="30,2000,0" yaku="1,1,0,1,53,0" doraHai="116" doraHaiUra="28" who="3" fromWho="3" sc="250,-5,270,-10,250,-5,220,30" /><INIT seed="2,0,0,0,2,105" ten="245,260,245,250" oya="2" hai0="98,38,86,3,92,132,26,22,6,71,90,35,85" hai1="100,119,134,7,40,50,19,52,13,61,96,27,65" hai2="82,79,1,101,76,131,54,44,104,21,125,28,33" hai3="63,89,30,24,45,128,42,116,122,129,25,41,49"/><V106/><F33/><W80/><G116/><T62/><D38/><U18/><E119/><V37/><F131/><N who="3" m="50251" /><G122/><T46/><D35/><U83/><E40/><V99/><F125/><W117/><G117/><T43/><D132/><U109/><E134/><V8/><F106/><W75/><G63/><T70/><D6/><U69/><E109/><V103/><F103/><W112/><G112/><T32/><D3/><U130/><E130/><V34/><F21/><N who="3" m="15631" /><G25/><T5/><D32/><U73/><E27/><V133/><F133/><W12/><G12/><T60/><D5/><U84/><E73/><V2/><F28/><W110/><G110/><T59/><D62/><U10/><E7/><V67/><F34/><W15/><G15/><T14/><D14/><U39/><E39/><V127/><F37/><W102/><G102/><T88/><D71/><U11/><E11/><V56/><F8/><W36/><G89/><T29/><D70/><U20/><E10/><V53/><F2/><W78/><G36/><T51/><D90/><U58/><E20/><V23/><F23/><W126/><G126/><T66/><AGARI ba="0,0" hai="22,26,29,43,46,51,59,60,66,85,86,88,92,98" machi="66" ten="20,5200,0" yaku="0,1,7,1,8,1,54,1" doraHai="105" who="0" fromWho="0" sc="245,52,260,-13,245,-26,250,-13" /><INIT seed="3,0,0,3,4,60" ten="297,247,219,237" oya="3" hai0="78,115,26,127,130,64,99,45,98,65,15,14,22" hai1="13,75,67,82,34,29,2,119,112,92,57,38,37" hai2="73,89,36,76,33,84,118,4,120,116,58,110,87" hai3="28,43,8,100,42,18,96,7,47,79,133,102,85"/><W106/><G133/><T17/><D130/><U111/><E2/><V61/><F36/><W51/><G28/><T59/><D127/><U11/><E112/><V114/><F33/><W105/><G18/><T107/><D107/><U70/><E70/><V32/><F32/><W126/><G126/><T77/><D45/><U83/><E111/><V90/><F4/><W80/><G42/><T19/><D115/><U46/><E46/><V113/><F110/><W97/><G7/><T95/><D59/><U52/><E67/><N who="0" m="25673" /><D99/><U39/><E75/><V40/><F40/><W72/><REACH who="3" step="1"/><G8/><REACH who="3" ten="297,247,219,227" step="2"/><N who="0" m="6375" /><D26/><U88/><E119/><V103/><F114/><W68/><G68/><T25/><D25/><U5/><E29/><V132/><F113/><W135/><G135/><T129/><D129/><U3/><E34/><V53/><F132/><W134/><G134/><T48/><D48/><U62/><REACH who="1" step="1"/><E3/><REACH who="1" ten="297,237,219,227" step="2"/><V66/><F118/><W49/><G49/><T0/><D0/><U121/><E121/><V21/><F120/><W50/><G50/><T24/><D24/><U12/><E12/><V69/><F116/><W54/><G54/><T101/><AGARI ba="0,2" hai="14,19,22,77,78,95,98,101" m="6375,25673" machi="101" ten="30,7900,0" yaku="8,1,52,3" doraHai="60" who="0" fromWho="0" sc="297,99,237,-20,219,-20,227,-39" owari="396,49.6,217,1.7,199,-20.1,188,-31.2" /></mjloggm>