<mjloggm ver="2.3"><GO type="225" lobby="0"/><UN n0="%73%73%6B%5F%66%72%65%65" n1="%E5%A4%8F%E9%88%B4%E9%88%B4%E5%A4%8F" n2="%E9%80%86%E9%80%A3%E5%B8%AF%E3%81%AE%E9%AC%BC" n3="%E8%90%BD%E6%97%A5" dan="16,16,17,16" rate="2139.49,2075.74,2092.86,2196.23" sx="M,F,M,F"/><TAIKYOKU oya="0"/><INIT seed="0,0,0,1,1,68" ten="250,250,250,250" oya="0" hai0="98,79,23,28,0,8,55,133,25,34,15,124,74" hai1="102,40,123,111,134,49,14,45,122,118,104,108,52" hai2="107,16,67,37,97,17,130,117,38,51,91,92,106" hai3="62,101,22,80,27,46,95,32,128,109,112,73,121"/><T7/><D133/><U50/><E102/><V90/><F130/><W116/><G32/><T75/><D124/><U77/><E104/><V78/><F117/><W20/><G116/><T88/><D79/><U100/><E77/><V69/><F78/><W86/><G73/><T129/><D129/><U18/><E100/><V47/><F90/><W48/><G128/><T65/><D65/><U59/><E118/><V9/><F107/><W5/><G112/><T132/><D132/><U127/><E134/><V99/><F106/><W135/><G109/><N who="1" m="42058" /><E127/><V56/><F69/><W114/><G5/><T71/><D71/><U105/><E105/><V44/><F99/><W58/><G114/><T42/><D42/><U29/><E29/><V53/><F47/><W3/><G3/><T126/><D126/><U70/><E70/><V83/><F83/><W87/><G121/><N who="1" m="46090" /><E18/><V21/><F9/><W4/><G4/><T57/><D88/><U19/><E19/><V39/><REACH who="2" step="1"/><F21/><REACH who="2" ten="250,250,240,250" step="2"/><W125/><G22/><T64/><D23/><U26/><E26/><V11/><F11/><W72/><G135/><T35/><D35/><U13/><AGARI ba="0,1" hai="13,14,40,45,49,50,52,59" m="46090,42058" machi="13" ten="40,2700,0" yaku="14,1,54,1" doraHai="68" who="1" fromWho="1" sc="250,-13,250,37,240,-7,250,-7" /><INIT seed="1,0,0,2,4,97" ten="237,287,233,243" oya="1" hai0="105,8,33,43,72,14,121,27,60,12,62,95,133" hai1="132,114,20,0,59,42,47,99,89,4,13,58,118" hai2="2,49,106,124,1,88,10,32,71,9,55,5,22" hai3="56,107,65,67,116,102,119,77,112,23,51,135,129"/><U16/><E114/><V6/><F71/><W127/><G112/><T76/><D133/><U126/><E132/><V29/><F124/><W7/><G135/><T82/><D105/><U63/><E126/><V61/><F106/><W100/><G127/><T98/><D121/><U93/><E118/><N who="3" m="45098" /><G107/><T81/><D81/><U86/><E0/><V117/><F117/><W34/><G34/><T78/><D78/><U17/><E4/><V92/><F32/><W108/><G108/><T109/><D43/><U70/><E70/><V79/><F79/><W21/><G77/><T26/><D109/><U115/><E115/><V120/><F120/><W66/><G7/><T46/><D46/><U3/><E3/><V11/><F61/><W54/><G129/><T69/><D69/><U41/><E47/><V128/><F128/><W40/><G40/><T73/><D73/><U80/><E17/><V30/><F10/><W28/><G28/><T50/><D50/><U131/><E131/><V85/><REACH who="2" step="1"/><F22/><AGARI ba="0,0" hai="21,22,23,51,54,56,65,66,67,100,102" m="45098" machi="22" ten="30,3900,0" yaku="12,1,52,2" doraHai="97" who="3" fromWho="2" sc="237,0,287,0,233,-39,243,39" /><INIT seed="2,0,0,4,2,107" ten="237,287,194,282" oya="2" hai0="117,25,80,31,16,75,92,18,96,111,19,119,120" hai1="125,52,49,69,0,93,62,60,10,123,94,8,64" hai2="47,12,57,5,72,73,53,86,54,41,129,40,63" hai3="101,67,84,109,66,68,126,13,102,20,106,116,104"/><V56/><F129/><W59/><G116/><N who="0" m="44619" /><D120/><U85/><E123/><V74/><F86/><W77/><G68/><T29/><D111/><U110/><E110/><V55/><F41/><W23/><G109/><T44/><D44/><U50/><E125/><V3/><F3/><W112/><G112/><T127/><D127/><U90/><E49/><V98/><F98/><W24/><G126/><T39/><D39/><U38/><E0/><V14/><F5/><W99/><G13/><T81/><D75/><U6/><E6/><V83/><F83/><N who="0" m="31818" /><D25/><U114/><E38/><V26/><F26/><W35/><G24/><T27/><D27/><U48/><E48/><V58/><F63/><W7/><G84/><T128/><D128/><U113/><E60/><V131/><F131/><W65/><G77/><T87/><D87/><U122/><E122/><V43/><F43/><W17/><G99/><T37/><D37/><AGARI ba="0,0" hai="12,14,37,40,47,53,54,55,56,57,58,72,73,74" machi="37" ten="50,12000,1" yaku="29,2,52,3" doraHai="107" who="2" fromWho="0" sc="237,-120,287,0,194,120,282,0" /><INIT seed="2,1,0,0,1,8" ten="117,287,314,282" oya="2" hai0="46,124,78,0,45,62,53,6,70,65,130,39,123" hai1="104,105,80,28,91,77,96,49,119,5,93,14,20" hai2="41,79,29,27,18,63,87,54,117,122,66,22,112" hai3="43,2,13,134,92,11,32,115,35,59,4,30,67"/><V58/><F117/><W44/><G134/><T64/><D78/><U19/><E119/><V55/><F122/><W110/><G110/><T3/><D6/><U133/><E133/><V51/><F112/><W7/><G115/><T106/><D106/><U25/><E5/><V113/><F113/><W114/><G114/><T26/><D26/><U68/><E49/><V81/><F41/><W82/><G7/><T38/><D123/><U116/><E68/><V89/><F79/><W52/><G67/><T23/><D23/><U135/><E135/><V75/><F75/><W125/><G125/><T61/><D53/><U84/><REACH who="1" step="1"/><E116/><REACH who="1" ten="117,277,314,282" step="2"/><V17/><REACH who="2" step="1"/><F55/><REACH who="2" ten="117,277,304,282" step="2"/><W9/><G52/><T24/><D70/><AGARI ba="1,2" hai="17,18,22,27,29,51,54,58,63,66,70,81,87,89" machi="70" ten="30,5800,0" yaku="1,1,2,1,7,1,53,0" doraHai="8" doraHaiUra="95" who="2" fromWho="0" sc="117,-61,277,0,304,81,282,0" /><INIT seed="2,2,0,2,5,12" ten="56,277,385,282" oya="2" hai0="102,69,103,76,10,85,30,39,97,28,100,24,112" hai1="21,113,98,82,66,71,126,57,2,5,16,92,1" hai2="6,0,33,104,31,114,133,54,35,83,60,129,13" hai3="77,119,116,56,135,45,11,47,120,94,109,59,70"/><V7/><F114/><W89/><G120/><T50/><D112/><U118/><E113/><V37/><F104/><W52/><G70/><T123/><D123/><U87/><E118/><V121/><F37/><W73/><G109/><T117/><D117/><U9/><E126/><V130/><F0/><W62/><G135/><T51/><D39/><U128/><E71/><V91/><F133/><W63/><G119/><T27/><D69/><U58/><E66/><V81/><F121/><W17/><G116/><T105/><D105/><U95/><E1/><V108/><F108/><W115/><G115/><T79/><D10/><U44/><E44/><V43/><F43/><W34/><G34/><T101/><D97/><U88/><E95/><V19/><F31/><W93/><G77/><T78/><N who="0" m="25600" /><DORA hai="55" /><T65/><D65/><U22/><E22/><V131/><F35/><W110/><G73/><T32/><REACH who="0" step="1"/><D85/><REACH who="0" ten="46,277,385,282" step="2"/><U29/><E128/><V15/><F130/><W124/><G110/><T122/><D122/><U23/><E29/><V18/><F131/><W3/><G124/><T67/><D67/><U80/><E23/><AGARI ba="2,1" hai="23,24,27,28,30,32,50,51,76,78,79" m="25600" machi="23" ten="50,12000,2" yaku="1,1,53,6" doraHai="12,55" doraHaiUra="25,99" who="0" fromWho="1" sc="46,136,277,-126,385,0,282,0" /><INIT seed="3,0,0,2,1,47" ten="182,151,385,282" oya="3" hai0="18,111,122,114,110,116,57,42,85,96,49,0,131" hai1="41,84,100,63,89,112,117,1,40,91,125,28,75" hai2="2,36,101,31,37,88,44,67,20,56,52,105,25" hai3="66,46,115,71,16,130,121,99,51,113,11,12,59"/><W109/><G121/><T119/><D114/><U55/><E112/><V35/><F2/><W93/><G130/><T45/><D122/><U81/><E117/><N who="0" m="45129" /><D0/><U53/><E125/><V60/><F35/><W3/><G71/><T77/><D96/><U80/><E1/><V6/><F6/><W33/><G33/><T129/><D18/><U26/><E100/><V22/><F22/><W43/><G3/><T14/><D14/><U70/><E70/><V65/><F88/><W24/><G24/><T54/><D85/><U64/><E64/><V38/><F44/><W32/><G32/><T126/><D77/><U48/><E63/><V73/><F73/><W102/><REACH who="3" step="1"/><G109/><REACH who="3" ten="182,151,385,272" step="2"/><N who="0" m="41483" /><D126/><U19/><E26/><V97/><AGARI ba="0,1" hai="20,25,31,36,37,38,52,56,60,65,67,97,101,105" machi="97" ten="40,2700,0" yaku="0,1,54,1" doraHai="47" who="2" fromWho="2" sc="182,-7,151,-7,385,37,272,-13" owari="175,-22.5,144,-35.6,422,52.2,259,5.9" /></mjloggm>