<mjloggm ver="2.3"><GO type="225" lobby="0"/><UN n0="%E3%81%AF%E3%82%88%E3%81%8A%E3%81%98%E3%81%95%E3%82%93" n1="%E3%83%A9%E3%82%B9%E7%8E%87%EF%BC%93%E5%89%B2" n2="%E7%89%B9%E6%9D%B1%E3%81%AF%E4%B8%96%E7%95%8C%E3%82%92%E6%95%91%E3%81%86" n3="%41%6F%54" dan="17,16,16,16" rate="2156.25,2170.91,2192.55,2088.29" sx="M,F,M,M"/><TAIKYOKU oya="0"/><INIT seed="0,0,0,0,5,22" ten="250,250,250,250" oya="0" hai0="55,79,98,102,40,2,69,3,85,19,109,106,64" hai1="111,29,89,5,6,74,50,58,66,129,73,90,9" hai2="80,25,93,84,127,14,37,97,132,39,15,134,77" hai3="116,95,46,65,8,120,47,61,121,12,114,107,24"/><T105/><D109/><U128/><E29/><V17/><F127/><W44/><G107/><T41/><D105/><U67/><E50/><V92/><F93/><W23/><G114/><T34/><D34/><U82/><E58/><V119/><F119/><W76/><G76/><T75/><D75/><U70/><E9/><V135/><F25/><W42/><G116/><T43/><D55/><U32/><E32/><V13/><REACH who="2" step="1"/><F17/><REACH who="2" ten="250,250,240,250" step="2"/><W21/><G95/><T125/><D125/><U115/><E115/><V38/><F38/><W51/><G120/><T104/><D106/><U100/><E111/><V27/><F27/><W123/><G123/><T130/><D19/><U7/><E128/><V122/><F122/><W124/><G124/><T91/><D130/><U36/><E129/><V56/><F56/><N who="3" m="37031" /><G121/><T1/><D69/><U4/><E36/><V52/><F52/><N who="3" m="29799" /><G24/><T81/><REACH who="0" step="1"/><D64/><REACH who="0" ten="240,250,240,250" step="2"/><U110/><E70/><V28/><F28/><W63/><G42/><T11/><D11/><U60/><E110/><V99/><F99/><W68/><G68/><T113/><D113/><U101/><E66/><V103/><AGARI ba="0,2" hai="13,14,15,37,39,77,80,84,92,97,103,132,134,135" machi="103" ten="40,5200,0" yaku="1,1,0,1,20,1,53,0" doraHai="22" doraHaiUra="0" who="2" fromWho="2" sc="240,-26,250,-13,240,72,250,-13" /><INIT seed="1,0,0,1,1,87" ten="214,237,312,237" oya="1" hai0="4,132,24,57,90,91,23,103,97,63,61,119,113" hai1="116,37,94,29,77,95,135,52,121,10,33,32,108" hai2="120,112,19,110,106,107,30,45,88,79,18,28,80" hai3="78,64,99,49,51,47,56,62,9,124,114,133,60"/><U34/><E116/><V125/><F120/><W92/><G114/><T111/><D119/><U14/><E121/><V17/><F112/><W123/><G123/><T126/><D113/><U128/><E37/><V127/><F110/><W74/><G124/><N who="2" m="47689" /><F45/><W105/><G105/><N who="2" m="39945" /><F88/><N who="0" m="33834" /><D126/><U21/><E128/><V109/><F109/><W25/><G133/><T73/><D73/><AGARI ba="0,0" hai="17,18,19,28,30,73,79,80" m="39945,47689" machi="73" ten="40,1300,0" yaku="18,1" doraHai="87" who="2" fromWho="0" sc="214,-13,237,0,312,13,237,0" /><INIT seed="2,0,0,4,4,118" ten="201,237,325,237" oya="2" hai0="55,58,50,15,98,100,54,36,132,92,23,48,111" hai1="63,84,6,99,45,19,4,25,43,16,94,78,122" hai2="125,62,130,97,21,124,32,68,51,107,70,116,73" hai3="134,76,39,121,135,82,117,2,90,28,85,26,120"/><V59/><F116/><W106/><G39/><T93/><D111/><U75/><E75/><V109/><F32/><W33/><G117/><T40/><D132/><N who="3" m="50729" /><G2/><T119/><D119/><U83/><E63/><V128/><F73/><N who="3" m="43279" /><G106/><T87/><D36/><U38/><E122/><V52/><F109/><W108/><G108/><T95/><D40/><U30/><E4/><V22/><F107/><W46/><G46/><T20/><D87/><U110/><E6/><V42/><F97/><W17/><G17/><T60/><D60/><U47/><E47/><N who="2" m="26103" /><F22/><W29/><G29/><T103/><D103/><U69/><E69/><N who="2" m="26731" /><F21/><W126/><G126/><AGARI ba="0,0" hai="52,59,62,124,125,126,128,130" m="26731,26103" machi="126" ten="30,11600,0" yaku="18,1,34,2,54,1" doraHai="118" who="2" fromWho="3" sc="201,0,237,0,325,116,237,-116" /><INIT seed="2,1,0,1,3,87" ten="201,237,441,121" oya="2" hai0="25,4,135,33,42,59,51,58,8,101,20,36,62" hai1="50,118,91,115,27,41,29,52,98,97,130,100,93" hai2="13,126,102,70,34,114,2,66,67,22,44,121,7" hai3="120,18,43,129,37,86,40,45,94,14,46,55,72"/><V81/><F34/><W1/><G120/><T35/><D36/><U119/><E115/><V80/><F2/><W109/><G109/><T19/><D135/><U53/><E130/><V88/><F70/><W107/><G107/><T106/><D101/><U103/><E41/><V0/><F0/><W110/><G110/><T32/><D106/><U74/><E74/><V38/><F126/><W16/><G129/><T65/><D42/><U134/><E134/><V82/><F22/><W123/><G123/><T131/><D131/><U48/><E27/><V111/><F44/><W10/><G72/><T54/><REACH who="0" step="1"/><D35/><REACH who="0" ten="191,237,441,121" step="2"/><U49/><E103/><V127/><F102/><W68/><G68/><T113/><D113/><U17/><E119/><V79/><F38/><W89/><G1/><AGARI ba="1,1" hai="1,4,8,19,20,25,32,33,51,54,58,59,62,65" machi="1" ten="30,2000,0" yaku="1,1,7,1,53,0" doraHai="87" doraHaiUra="83" who="0" fromWho="3" sc="191,33,237,0,441,0,121,-23" /><INIT seed="3,0,0,4,3,45" ten="224,237,441,98" oya="3" hai0="47,50,0,123,92,108,90,16,55,64,57,72,4" hai1="36,24,25,17,107,106,7,5,65,93,40,105,66" hai2="96,35,74,54,91,46,2,56,99,97,29,19,52" hai3="115,51,131,21,69,33,132,39,13,121,75,81,94"/><W34/><G115/><T80/><D108/><U31/><E40/><V44/><F74/><W118/><G118/><T67/><D123/><U79/><E36/><V95/><F2/><W83/><G39/><T87/><D0/><U28/><E93/><V38/><F35/><N who="3" m="13323" /><G121/><T18/><D4/><N who="1" m="1611" /><E17/><N who="0" m="6761" /><D72/><U11/><E11/><V133/><F38/><W119/><G119/><T111/><D111/><U120/><E79/><V113/><F113/><W63/><G75/><T134/><D134/><U26/><E120/><V103/><F133/><W14/><G132/><T41/><D92/><U82/><E82/><N who="3" m="31242" /><G94/><T53/><D41/><U42/><E42/><V48/><F95/><W68/><G63/><AGARI ba="0,0" hai="47,50,53,55,57,63,64,67,80,87,90" m="6761" machi="63" ten="30,3900,0" yaku="8,1,52,1,54,1" doraHai="45" who="0" fromWho="3" sc="224,39,237,0,441,0,98,-39" owari="263,6.3,237,-16.3,441,54.1,59,-44.1" /></mjloggm>