<mjloggm ver="2.3"><GO type="225" lobby="0"/><UN n0="%E3%81%A1%E3%82%83%E3%81%93%E3%81%93" n1="%E3%81%82%E3%81%84%E3%81%82%E3%81%8A%E3%81%84" n2="%E5%91%A8%E6%9D%B1" n3="%E3%81%AF%E3%82%88%E3%81%8A%E3%81%98%E3%81%95%E3%82%93" dan="16,18,16,17" rate="2158.84,2176.14,2164.26,2161.61" sx="F,M,M,M"/><TAIKYOKU oya="0"/><INIT seed="0,0,0,1,1,120" ten="250,250,250,250" oya="0" hai0="65,80,57,78,28,103,40,9,81,16,90,47,24" hai1="55,3,45,11,75,122,51,89,54,88,68,52,129" hai2="79,77,25,93,132,6,83,17,19,115,84,37,33" hai3="113,49,86,39,21,48,41,128,119,106,60,96,22"/><T116/><D116/><U76/><E122/><V105/><F105/><W32/><G32/><T108/><D108/><U4/><E68/><V15/><F37/><W92/><G119/><T50/><D103/><U62/><E129/><V59/><F115/><W27/><G113/><T134/><D134/><U109/><E109/><V36/><F36/><W72/><G72/><T23/><D90/><U34/><E34/><V20/><F132/><W61/><G39/><T117/><D117/><U121/><E121/><V2/><F2/><W97/><G128/><T63/><D78/><U126/><E126/><V12/><F79/><W107/><G27/><T100/><D100/><U44/><E62/><V110/><F110/><W69/><G86/><T124/><D124/><U111/><E111/><V38/><F38/><W104/><G41/><T118/><D118/><U64/><E64/><V91/><F6/><W125/><G92/><T1/><D1/><U66/><E66/><V13/><F59/><W26/><G26/><T70/><D70/><U114/><E114/><V87/><REACH who="2" step="1"/><F33/><REACH who="2" ten="250,250,240,250" step="2"/><W85/><G106/><T31/><D31/><AGARI ba="0,1" hai="12,13,15,17,19,20,25,31,77,83,84,87,91,93" machi="31" ten="40,8000,1" yaku="1,1,2,1,8,1,53,2" doraHai="120" doraHaiUra="14" who="2" fromWho="0" sc="250,-80,250,0,240,90,250,0" /><INIT seed="1,0,0,5,1,92" ten="170,250,330,250" oya="1" hai0="104,27,122,1,45,83,77,132,89,80,63,54,116" hai1="49,111,73,29,100,101,127,19,82,53,38,64,85" hai2="95,59,112,34,131,60,67,97,55,75,117,43,37" hai3="12,121,4,48,69,21,87,114,90,124,134,50,78"/><U88/><E127/><V70/><F117/><W130/><G121/><T93/><D1/><U23/><E38/><V98/><F34/><W86/><G124/><T119/><D104/><U103/><E111/><V105/><F75/><W42/><G69/><T102/><D122/><U15/><E73/><V30/><F30/><W6/><G114/><T96/><D132/><U32/><E64/><V5/><F5/><W31/><G130/><T94/><D80/><U36/><E36/><V109/><F109/><W108/><G134/><T16/><D45/><U61/><E61/><V84/><F131/><W20/><G108/><T44/><D44/><U72/><E72/><V2/><F2/><W120/><G120/><T8/><D93/><U129/><E129/><V66/><F112/><W14/><G90/><T47/><D102/><U68/><E68/><V62/><F67/><W58/><G58/><N who="0" m="35287" /><D47/><U110/><E110/><V74/><F74/><W35/><G35/><T99/><D8/><U135/><E135/><V56/><F70/><W76/><REACH who="3" step="1"/><G31/><REACH who="3" ten="170,250,330,240" step="2"/><T9/><D119/><U11/><E32/><V71/><F71/><W33/><G33/><T39/><D116/><U123/><E123/><V79/><F59/><W26/><G26/><T81/><D77/><U46/><E29/><V133/><F79/><W3/><G3/><T28/><D28/><U106/><REACH who="1" step="1"/><E23/><REACH who="1" ten="170,240,330,240" step="2"/><V115/><F133/><W91/><G91/><T25/><D89/><U7/><E7/><V126/><F126/><W41/><AGARI ba="0,2" hai="4,6,12,14,20,21,41,42,48,50,76,78,86,87" machi="41" ten="25,12000,2" yaku="1,1,0,1,22,2,8,1,53,2" doraHai="92" doraHaiUra="18" who="3" fromWho="3" sc="170,-30,240,-60,330,-30,240,140" /><INIT seed="2,0,0,0,1,50" ten="140,180,300,380" oya="2" hai0="5,85,42,37,73,35,81,6,63,76,106,67,77" hai1="124,72,93,114,33,107,102,45,103,75,105,7,84" hai2="65,31,56,92,66,70,54,16,132,119,89,108,23" hai3="40,55,127,48,8,39,109,134,96,135,38,58,88"/><V80/><F119/><W44/><G109/><T123/><D106/><N who="1" m="40459" /><E45/><V64/><F108/><W22/><G127/><T61/><D35/><U46/><E46/><V133/><F70/><W36/><G8/><T120/><D85/><U4/><E33/><V86/><F31/><W9/><G9/><T15/><D15/><U115/><E124/><V2/><F2/><W71/><G71/><T129/><D81/><U1/><E1/><V25/><REACH who="2" step="1"/><F80/><REACH who="2" ten="140,180,290,380" step="2"/><W18/><G134/><T78/><D120/><U111/><E111/><V30/><F30/><W17/><G135/><T53/><D123/><U14/><E115/><V26/><F26/><W94/><G17/><T113/><D5/><U125/><E114/><V101/><F101/><W74/><G74/><T83/><D6/><U112/><E103/><V57/><F57/><W29/><G29/><T52/><D113/><U82/><E102/><V12/><F12/><AGARI ba="0,1" hai="12,18,22,36,38,39,40,44,48,55,58,88,94,96" machi="12" ten="30,3900,0" yaku="7,1,52,1,54,1" doraHai="50" who="3" fromWho="2" sc="140,0,180,0,290,-39,380,49" /><INIT seed="3,0,0,2,3,76" ten="140,180,251,429" oya="3" hai0="104,57,6,67,93,64,36,86,16,56,54,98,111" hai1="101,68,118,22,46,42,39,58,83,10,23,127,30" hai2="108,48,41,99,20,87,28,85,115,113,19,34,73" hai3="24,38,95,120,17,69,96,92,103,134,106,78,15"/><W75/><G38/><T107/><D36/><U112/><E68/><V14/><F73/><W89/><G69/><T80/><D111/><U53/><E112/><V119/><F108/><W13/><G120/><T66/><D6/><U11/><E127/><V44/><F119/><W26/><G92/><T125/><D125/><U109/><E109/><V116/><F116/><W62/><G62/><T1/><D1/><U32/><E101/><V33/><F33/><W90/><G90/><N who="0" m="55607" /><D107/><U9/><E118/><V81/><F34/><W21/><G134/><T100/><D104/><U129/><E129/><V52/><F41/><W40/><G40/><T5/><D5/><U18/><E18/><V43/><F28/><W35/><G24/><T124/><D100/><U131/><E131/><V79/><F43/><W65/><G65/><N who="0" m="16643" /><T0/><DORA hai="84" /><D0/><U51/><REACH who="1" step="1"/><E83/><REACH who="1" ten="140,170,251,429" step="2"/><V37/><F81/><N who="3" m="45279" /><G35/><T91/><D124/><U88/><E88/><V60/><F115/><W45/><G45/><T49/><D16/><U77/><E77/><V55/><F79/><W114/><G114/><T121/><D121/><U71/><E71/><V110/><F113/><W31/><G17/><T25/><D25/><AGARI ba="0,1" hai="9,10,11,22,23,25,30,32,39,42,46,51,53,58" machi="25" ten="40,2600,0" yaku="1,1,53,1" doraHai="76,84" doraHaiUra="70,3" who="1" fromWho="0" sc="140,-26,170,36,251,0,429,0" owari="114,-38.6,206,-19.4,251,5.1,429,52.9" /></mjloggm>