<mjloggm ver="2.3"><GO type="225" lobby="0"/><UN n0="%E3%81%8B%E3%82%8F%E3%81%A1%E3%82%83%E3%82%93%35%38" n1="%70%68%65%6E%6F%6D%65" n2="%E3%81%A4%E3%81%A3%E3%81%B1%E3%82%8A%E3%83%9D%E3%83%BC%E3%83%AB" n3="%E3%82%BC%E3%83%AB%E3%83%80%E3%81%AE%E4%BC%9D%E8%AA%AC" dan="16,16,17,17" rate="2154.80,2153.57,2143.55,2150.86" sx="M,M,M,M"/><TAIKYOKU oya="0"/><INIT seed="0,0,0,1,1,3" ten="250,250,250,250" oya="0" hai0="20,119,15,70,100,103,33,135,72,76,102,104,5" hai1="126,94,131,88,14,121,90,133,40,61,127,53,81" hai2="78,21,13,48,49,11,97,62,112,79,47,1,129" hai3="10,73,57,22,32,101,54,110,35,50,95,64,41"/><T113/><D33/><U105/><E105/><V109/><F112/><W107/><G73/><T87/><D70/><U130/><E121/><V38/><F1/><W6/><G107/><T12/><D113/><U0/><E0/><V96/><F38/><W116/><G116/><T122/><D122/><U85/><E40/><V115/><F115/><W75/><G75/><T7/><D119/><U108/><E108/><V8/><F109/><W26/><G110/><T4/><D72/><U58/><E14/><N who="0" m="5161" /><D104/><U51/><E61/><V124/><F13/><N who="3" m="5335" /><G35/><T74/><D74/><U27/><E27/><V52/><F62/><W69/><G32/><T23/><D135/><U31/><E31/><V19/><F21/><N who="0" m="8266" /><D87/><N who="1" m="50287" /><E133/><V28/><F28/><N who="3" m="17495" /><G69/><T66/><D76/><N who="2" m="29226" /><F8/><W34/><G34/><T117/><D117/><U82/><E82/><V18/><F11/><W134/><G134/><T2/><D2/><U132/><E132/><V80/><F80/><W125/><G125/><AGARI ba="0,0" hai="51,53,58,85,90,94,125,126,127,130,131" m="50287" machi="125" ten="30,2000,0" yaku="18,1,54,1" doraHai="3" who="1" fromWho="3" sc="250,0,250,20,250,0,250,-20" /><INIT seed="1,0,0,5,0,52" ten="250,270,250,230" oya="1" hai0="109,131,51,91,47,59,129,116,106,32,34,100,2" hai1="48,123,86,7,21,126,88,67,124,98,36,113,70" hai2="119,118,53,105,99,112,58,41,102,74,89,44,20" hai3="15,90,33,68,0,97,19,95,108,104,42,72,85"/><U111/><E113/><V80/><F112/><W4/><G68/><T122/><D116/><U77/><E36/><V8/><F20/><W61/><G33/><T65/><D2/><U130/><E123/><V22/><F22/><W9/><G108/><T132/><D109/><U69/><E111/><V40/><F8/><W10/><G72/><T30/><D30/><U27/><E130/><N who="0" m="49673" /><D132/><U31/><E7/><V63/><F89/><W28/><G28/><T26/><D26/><U62/><E69/><V94/><F105/><W121/><G121/><T114/><D114/><U110/><E110/><V78/><REACH who="2" step="1"/><F40/><REACH who="2" ten="250,270,240,230" step="2"/><W16/><G42/><N who="0" m="25079" /><D91/><U103/><E77/><V38/><AGARI ba="0,1" hai="38,41,44,53,58,63,74,78,80,94,99,102,118,119" machi="38" ten="20,5200,0" yaku="1,1,0,1,7,1,52,1,53,0" doraHai="52" doraHaiUra="14" who="2" fromWho="2" sc="250,-13,270,-26,240,62,230,-13" /><INIT seed="2,0,0,1,3,113" ten="237,244,302,217" oya="2" hai0="21,15,70,95,123,68,50,32,93,4,45,5,22" hai1="83,101,88,20,78,40,105,51,84,117,54,87,74" hai2="77,39,79,97,33,118,55,124,92,7,12,103,86" hai3="134,44,30,115,121,59,99,110,62,42,116,56,76"/><V8/><F124/><W6/><G121/><T35/><D50/><U100/><E40/><V64/><F118/><W98/><G115/><T107/><D15/><U57/><E117/><V126/><F126/><W119/><G110/><T11/><D11/><U2/><E2/><V133/><F133/><W3/><G134/><T43/><D43/><U128/><E128/><V81/><F33/><W120/><G120/><T60/><D123/><U71/><E71/><V41/><F64/><W10/><G30/><T24/><D24/><U67/><E67/><V75/><F75/><W14/><G56/><T66/><D66/><U72/><E105/><V0/><F0/><W17/><G76/><T108/><D107/><U26/><E74/><V37/><F41/><W47/><G99/><T90/><D90/><U96/><E96/><V53/><REACH who="2" step="1"/><F79/><REACH who="2" ten="237,244,292,217" step="2"/><W80/><G116/><T89/><D32/><U48/><E72/><V106/><F106/><W36/><G119/><T52/><D35/><U28/><REACH who="1" step="1"/><E51/><REACH who="1" ten="237,234,292,217" step="2"/><V1/><F1/><W23/><G42/><T102/><D68/><U19/><E19/><V46/><F46/><W29/><G47/><T13/><D70/><U104/><E104/><V9/><F9/><W38/><G44/><T111/><D45/><U25/><E25/><V114/><F114/><W65/><G3/><T61/><D111/><U34/><E34/><V63/><F63/><W85/><G17/><T94/><D108/><U131/><E131/><V112/><F112/><W125/><G125/><T109/><D109/><U27/><E27/><V127/><F127/><W91/><G98/><RYUUKYOKU ba="0,2" sc="237,-30,234,10,292,10,217,10" hai1="20,26,28,48,54,57,78,83,84,87,88,100,101" hai2="7,8,12,37,39,53,55,77,81,86,92,97,103" hai3="6,10,14,23,29,36,38,59,62,65,80,85,91" /><INIT seed="2,1,2,5,3,87" ten="207,244,302,227" oya="2" hai0="133,47,72,93,56,131,7,74,88,104,77,12,43" hai1="111,95,125,73,103,9,61,28,57,3,109,117,30" hai2="55,114,37,121,18,38,120,110,1,98,11,69,64" hai3="8,124,70,96,91,36,2,26,97,90,119,84,134"/><V78/><F78/><W123/><G119/><T13/><D104/><U33/><E73/><V135/><F98/><W106/><G70/><T132/><D56/><U79/><E79/><V52/><F18/><W113/><G36/><N who="2" m="13929" /><F11/><W129/><G123/><N who="2" m="47177" /><F1/><W85/><G26/><T19/><D131/><U40/><E40/><V71/><F114/><W5/><G129/><T58/><D58/><U76/><E76/><V67/><F135/><N who="0" m="51786" /><D7/><U6/><E33/><V116/><F116/><W102/><G134/><T92/><D92/><U22/><E117/><V50/><F110/><W126/><G113/><T94/><D94/><U112/><E112/><V82/><F82/><W15/><G2/><T16/><D77/><U83/><E83/><V99/><F99/><W21/><G97/><N who="0" m="57511" /><D12/><U20/><E103/><V44/><F55/><W65/><G96/><T127/><D127/><N who="3" m="48681" /><G102/><T0/><D0/><U86/><E125/><V68/><AGARI ba="1,2" hai="44,50,52,64,67,68,69,71" m="47177,13929" machi="68" ten="40,7800,0" yaku="34,2,54,1" doraHai="87" who="2" fromWho="2" sc="207,-27,244,-27,302,101,227,-27" /><INIT seed="2,2,0,1,2,44" ten="180,217,403,200" oya="2" hai0="49,82,72,113,108,103,109,84,83,9,73,27,46" hai1="8,51,37,57,47,28,120,18,74,22,77,36,99" hai2="135,107,69,12,33,26,56,97,17,131,53,88,118" hai3="106,122,96,76,129,126,20,124,43,132,10,130,30"/><V39/><F39/><W11/><G76/><N who="0" m="46151" /><D113/><U66/><E120/><V13/><F69/><W6/><G106/><T128/><D128/><N who="3" m="49257" /><G96/><T90/><D103/><U86/><E74/><V75/><F97/><W71/><G71/><T127/><D127/><N who="3" m="48681" /><G43/><N who="0" m="24799" /><D27/><U32/><E99/><V60/><F107/><W23/><G122/><T35/><D35/><U68/><E68/><V54/><F75/><W80/><G80/><T116/><D116/><U91/><E32/><V34/><F131/><W125/><N who="3" m="48689" /><W50/><DORA hai="105" /><G50/><T61/><D61/><N who="1" m="38191" /><E37/><V25/><F60/><W117/><G117/><T98/><D9/><N who="3" m="3081" /><G6/><T52/><D83/><U24/><E36/><V2/><F118/><W42/><G42/><T119/><D119/><U41/><E77/><V1/><F88/><W16/><G132/><T111/><D90/><U70/><E70/><V55/><F135/><W78/><G78/><T5/><D98/><U87/><E91/><V21/><F56/><W79/><G79/><T15/><D5/><U65/><E65/><V29/><F55/><W59/><G59/><T14/><D52/><U31/><E87/><V7/><F54/><W0/><G0/><N who="2" m="105" /><F53/><W123/><G123/><T40/><D40/><U63/><E63/><V48/><F7/><W64/><G64/><T67/><D67/><U100/><E100/><V104/><F48/><W101/><G101/><T19/><D19/><N who="1" m="12383" /><E86/><V95/><F104/><W102/><G102/><T62/><D62/><U89/><E89/><V133/><F133/><W114/><G114/><T4/><D4/><U134/><E134/><V85/><F85/><RYUUKYOKU ba="2,0" sc="180,15,217,15,403,-15,200,-15" hai0="14,15,72,73,108,109,111" hai1="8,18,28,31,41,47,51" /><INIT seed="3,3,0,1,1,124" ten="195,232,388,185" oya="3" hai0="92,77,29,58,107,120,45,33,129,4,57,85,56" hai1="27,125,53,81,40,108,31,86,104,71,43,60,84" hai2="135,90,101,51,9,5,109,102,97,37,128,130,21" hai3="65,3,50,122,116,87,59,67,26,112,133,38,64"/><W82/><G112/><T14/><D107/><U32/><E104/><V24/><F37/><W62/><G116/><T98/><D120/><U2/><E2/><N who="2" m="183" /><F109/><W13/><G122/><T28/><D33/><U126/><E108/><V41/><F135/><W80/><G3/><T1/><D1/><U131/><E86/><V11/><F11/><W114/><G38/><T88/><D129/><N who="2" m="49770" /><F90/><W15/><G114/><T7/><D7/><U39/><E39/><V74/><F74/><W106/><G106/><T76/><D4/><U44/><E131/><V100/><F51/><W99/><G133/><T46/><D88/><U91/><E125/><V119/><F41/><W118/><G118/><T0/><D0/><U8/><E8/><V30/><F119/><W54/><G99/><AGARI ba="3,0" hai="21,24,30,97,99,100,101,102" m="49770,183" machi="99" ten="30,7700,0" yaku="19,1,52,3" doraHai="124" who="2" fromWho="3" sc="195,0,232,0,388,86,185,-86" owari="195,-20.5,232,3.2,474,57.4,99,-40.1" /></mjloggm>