<mjloggm ver="2.3"><GO type="225" lobby="0"/><UN n0="%E3%81%BF%E3%81%BF%E3%81%9A" n1="%E7%99%BD%E5%80%89%E5%AF%9B%E4%B9%8B" n2="%E3%81%BD%E3%81%A1%E3%81%9F%E3%81%93%E3%82%84" n3="%E6%B4%BE%E9%81%A3%E3%81%AE%E3%82%B8%E3%83%A3%E3%83%83%E3%82%AF" dan="18,16,17,17" rate="2254.49,2090.96,2133.99,2176.97" sx="M,M,M,M"/><TAIKYOKU oya="0"/><INIT seed="0,0,0,3,3,88" ten="250,250,250,250" oya="0" hai0="91,46,49,1,81,105,65,96,2,125,11,112,0" hai1="76,22,52,111,73,95,124,113,97,99,6,123,101" hai2="50,120,27,54,19,108,114,134,104,14,28,132,43" hai3="62,48,83,66,92,84,57,72,70,8,3,7,21"/><T17/><D112/><U98/><E113/><V42/><F114/><W60/><G21/><T47/><D65/><U44/><E123/><V82/><F104/><W115/><G115/><T32/><D32/><U41/><E124/><V75/><F120/><W121/><G121/><T33/><D33/><U26/><E111/><V63/><F63/><W61/><G48/><T15/><D125/><U20/><E6/><V56/><F108/><W59/><G70/><T29/><D29/><U71/><E71/><V131/><F131/><W80/><G72/><T40/><D105/><U93/><E73/><V39/><F75/><W13/><G3/><T106/><D106/><U127/><E76/><V135/><F82/><N who="3" m="31275" /><G59/><T34/><D34/><U118/><E127/><V9/><REACH who="2" step="1"/><F39/><REACH who="2" ten="250,250,240,250" step="2"/><W5/><G5/><T55/><D0/><U126/><E126/><V31/><F31/><W24/><G24/><T68/><D68/><U64/><E118/><V79/><F79/><W94/><G94/><N who="1" m="35850" /><E101/><V85/><F85/><W36/><G36/><N who="0" m="21767" /><D96/><U35/><E35/><AGARI ba="0,1" hai="9,14,19,27,28,35,42,43,50,54,56,132,134,135" machi="35" ten="40,2600,0" yaku="1,1,20,1,53,0" doraHai="88" doraHaiUra="119" who="2" fromWho="1" sc="250,0,250,-26,240,36,250,0" /><INIT seed="1,0,0,0,1,17" ten="250,224,276,250" oya="1" hai0="14,87,55,58,51,12,92,45,44,26,108,133,46" hai1="72,104,73,7,112,42,130,115,91,97,50,105,124" hai2="40,85,38,122,59,82,78,21,34,109,37,74,62" hai3="76,106,113,66,5,79,0,39,103,29,4,19,24"/><U6/><E42/><V98/><F34/><W132/><G39/><T110/><D133/><U20/><E50/><V118/><F118/><W100/><G113/><T43/><D43/><U53/><E53/><V28/><F122/><W125/><G132/><T134/><D134/><U127/><E97/><V27/><F109/><N who="0" m="42090" /><D26/><U30/><E30/><V88/><F98/><W126/><G19/><T25/><D25/><U33/><E91/><AGARI ba="0,0" hai="12,14,44,45,46,51,55,58,87,91,92" m="42090" machi="91" ten="30,1000,0" yaku="14,1" doraHai="17" who="0" fromWho="1" sc="250,10,224,-10,276,0,250,0" /><INIT seed="2,0,0,0,4,103" ten="260,214,276,250" oya="2" hai0="66,13,134,70,85,86,20,68,49,48,80,89,44" hai1="15,4,100,8,60,0,94,77,126,3,135,84,11" hai2="14,110,87,117,2,118,57,16,43,29,47,35,111" hai3="95,78,130,45,7,27,108,9,23,6,24,122,120"/><V69/><F69/><W21/><G108/><N who="2" m="41513" /><F2/><W56/><G78/><T71/><D134/><U64/><E135/><V31/><F57/><W82/><G82/><T121/><D121/><U22/><E126/><V96/><F87/><W34/><G45/><T30/><D66/><U1/><E22/><N who="2" m="11543" /><F96/><W101/><G130/><T12/><D86/><U112/><E112/><V46/><F46/><W123/><G56/><T61/><D61/><U74/><E74/><V114/><F114/><W98/><G34/><T106/><D44/><U17/><E100/><V36/><F35/><W10/><G122/><T125/><D70/><U37/><E37/><V51/><F36/><W115/><G115/><T97/><D68/><U75/><E75/><V67/><F67/><W18/><G120/><T127/><D71/><U107/><E107/><V55/><F43/><W38/><G38/><T26/><D106/><U28/><E28/><AGARI ba="0,0" hai="28,29,31,47,51,55,117,118" m="11543,41513" machi="28" ten="30,5800,0" yaku="14,1,10,1,54,1" doraHai="103" who="2" fromWho="1" sc="260,0,214,-58,276,58,250,0" /><INIT seed="2,1,0,0,3,18" ten="260,156,334,250" oya="2" hai0="32,4,97,75,73,54,19,135,131,103,65,84,72" hai1="123,44,64,25,117,98,61,42,0,57,108,104,56" hai2="94,43,77,7,116,40,89,129,93,8,67,132,118" hai3="17,51,122,127,102,110,111,53,10,30,119,60,34"/><V80/><F67/><W58/><G122/><T35/><D54/><U50/><E0/><V39/><F129/><W26/><G119/><T14/><D4/><U128/><E117/><V52/><F132/><W86/><G102/><T47/><D135/><U45/><E123/><V71/><F71/><W2/><G127/><T38/><D65/><U20/><E128/><V21/><F94/><W48/><G86/><T41/><D84/><U11/><E108/><N who="3" m="41514" /><G17/><T46/><D46/><U106/><E11/><V133/><F133/><W70/><G70/><T76/><D76/><U63/><E45/><V28/><F77/><W120/><G120/><T112/><D112/><U31/><REACH who="1" step="1"/><E98/><REACH who="1" ten="260,146,334,250" step="2"/><V12/><F116/><W22/><G10/><T3/><D3/><U37/><E37/><V134/><F39/><W23/><G2/><T88/><D131/><U99/><E99/><V82/><F8/><W100/><G100/><T125/><D103/><U69/><E69/><V55/><F118/><W83/><G83/><T90/><D97/><U24/><E24/><V105/><F82/><W6/><G6/><T27/><D27/><U66/><AGARI ba="1,1" hai="20,25,31,42,44,50,56,57,61,63,64,66,104,106" machi="66" ten="20,8000,1" yaku="1,1,0,1,7,1,9,1,52,1,53,0" doraHai="18" doraHaiUra="95" who="1" fromWho="1" sc="260,-21,146,93,334,-41,250,-21" /><INIT seed="3,0,0,2,4,32" ten="239,239,293,229" oya="3" hai0="70,84,113,112,48,62,7,129,96,41,36,52,82" hai1="5,83,119,85,102,66,0,25,118,134,14,103,76" hai2="75,55,30,21,18,1,35,77,2,78,16,12,29" hai3="98,43,126,131,50,9,108,121,79,44,17,89,40"/><W120/><G126/><T13/><D129/><U15/><E134/><V19/><F75/><W45/><G131/><T71/><D96/><U6/><E66/><V86/><F1/><W125/><G125/><T104/><D104/><U81/><E25/><N who="2" m="14503" /><F2/><W53/><G108/><T124/><D41/><N who="3" m="15945" /><G120/><T67/><D36/><U97/><E83/><N who="2" m="47471" /><F35/><W28/><G121/><T88/><D124/><U73/><E73/><V110/><F78/><W31/><G44/><T94/><D71/><U99/><E99/><V20/><F110/><W61/><G61/><T11/><REACH who="0" step="1"/><D82/><REACH who="0" ten="229,239,293,229" step="2"/><U95/><E103/><V68/><F68/><W22/><G79/><T74/><D74/><U91/><E102/><V109/><F109/><W39/><G39/><T64/><D64/><U122/><E122/><V90/><F55/><W123/><G123/><T4/><D4/><U57/><E6/><V116/><F116/><W132/><G132/><T47/><AGARI ba="0,1" hai="7,11,13,47,48,52,62,67,70,84,88,94,112,113" machi="47" ten="30,8000,1" yaku="1,1,0,1,54,2,53,1" doraHai="32" doraHaiUra="87" who="0" fromWho="0" sc="229,90,239,-20,293,-20,229,-40" owari="319,41.9,219,-18.1,273,7.3,189,-31.1" /></mjloggm>