<mjloggm ver="2.3"><GO type="225" lobby="0"/><UN n0="%E3%83%96%E3%83%83%E3%83%91%E3%82%AA%E3%83%96%E3%83%81%E3%82%AD%E3%83%B3" n1="%E6%B4%BE%E9%81%A3%E3%81%AE%E3%82%B8%E3%83%A3%E3%83%83%E3%82%AF" n2="%E3%81%94%E3%81%BE%E6%B2%B9%E9%A3%B2%E3%81%BF%E5%A4%AA%E9%83%8E" n3="%E7%9A%AE%E3%80%85" dan="16,17,16,16" rate="2115.20,2194.89,2068.61,2126.56" sx="M,M,M,F"/><TAIKYOKU oya="0"/><INIT seed="0,0,0,1,1,135" ten="250,250,250,250" oya="0" hai0="88,5,41,60,102,78,57,2,64,34,44,27,65" hai1="32,122,0,83,101,16,116,49,1,48,106,114,59" hai2="90,61,87,134,104,121,129,117,13,42,108,23,120" hai3="103,109,39,67,76,80,73,81,56,28,133,124,20"/><T79/><D102/><U3/><E122/><V35/><F35/><W123/><G133/><T53/><D2/><U118/><E32/><V74/><F74/><W38/><G123/><T92/><D5/><U14/><E114/><V47/><F134/><W21/><G109/><T86/><D34/><U54/><E83/><V24/><F104/><W52/><G103/><T37/><REACH who="0" step="1"/><D27/><REACH who="0" ten="240,250,250,250" step="2"/><U51/><E101/><V75/><F24/><W31/><G124/><T85/><D85/><U113/><E113/><V12/><F87/><W11/><G73/><T30/><D30/><U58/><E106/><V17/><F75/><W77/><G31/><T98/><D98/><U66/><E118/><V126/><F117/><W9/><G28/><T10/><D10/><U94/><E116/><V43/><F126/><W50/><G11/><T111/><D111/><U132/><E132/><V105/><F108/><W72/><G9/><T95/><D95/><U107/><E107/><V55/><F105/><W112/><G112/><T131/><D131/><U96/><E94/><V40/><F129/><W91/><G72/><T19/><D19/><U100/><E96/><V70/><F17/><W33/><G33/><T119/><D119/><U130/><E100/><V93/><F93/><W127/><G127/><T25/><D25/><U110/><E130/><V22/><F121/><W115/><G115/><T97/><D97/><U71/><E110/><V46/><F120/><W29/><G29/><T4/><D4/><U84/><E84/><V69/><F22/><W68/><G21/><T15/><D15/><U8/><E71/><RYUUKYOKU ba="0,1" sc="240,15,250,15,250,-15,250,-15" hai0="37,41,44,53,57,60,64,65,78,79,86,88,92" hai1="0,1,3,8,14,16,48,49,51,54,58,59,66" /><INIT seed="0,1,1,1,2,76" ten="255,265,235,235" oya="0" hai0="38,134,90,112,18,81,59,24,23,104,20,135,28" hai1="132,102,22,93,115,21,6,125,75,26,1,72,82" hai2="13,124,27,0,67,39,66,5,111,45,79,77,58" hai3="113,85,41,19,47,17,4,95,89,61,57,84,103"/><T129/><D112/><U91/><E115/><V35/><F0/><W53/><G113/><T107/><D38/><U49/><E125/><V10/><F124/><W94/><G103/><T14/><D129/><U88/><E132/><N who="0" m="50729" /><D59/><U48/><E102/><V133/><F133/><W130/><G130/><T31/><D31/><U37/><E37/><V29/><F111/><W105/><G105/><N who="0" m="40523" /><D90/><U98/><E6/><V60/><REACH who="2" step="1"/><F67/><REACH who="2" ten="255,265,225,235" step="2"/><W33/><G33/><T78/><D78/><U42/><E1/><V34/><F34/><W62/><G62/><T64/><D64/><U3/><E3/><V127/><F127/><W131/><G131/><T55/><D55/><U121/><E121/><V7/><F7/><W80/><G4/><T117/><D117/><U83/><E42/><AGARI ba="1,2" hai="5,10,13,27,29,35,39,42,45,58,60,66,77,79" machi="42" ten="40,1300,0" yaku="1,1,53,0" doraHai="76" doraHaiUra="16" who="2" fromWho="1" sc="255,0,265,-16,225,36,235,0" /><INIT seed="1,0,0,2,1,58" ten="255,249,261,235" oya="1" hai0="106,57,109,38,1,61,90,80,19,34,85,31,81" hai1="76,59,132,115,102,74,111,97,23,88,24,105,5" hai2="135,18,84,134,50,95,128,3,100,11,133,7,75" hai3="55,60,14,30,124,86,83,51,69,72,73,48,29"/><U21/><E115/><V114/><F75/><W93/><G124/><T4/><D109/><U127/><E111/><V120/><F120/><W118/><G118/><T64/><D106/><U110/><E110/><V0/><F0/><W66/><G93/><T129/><D129/><U42/><E42/><V79/><F128/><W119/><G119/><T45/><D19/><U78/><E127/><V96/><F114/><W70/><G70/><T53/><D34/><U121/><E121/><V98/><F98/><W46/><G14/><T107/><D31/><U35/><E5/><V25/><F50/><W91/><REACH who="3" step="1"/><G51/><REACH who="3" ten="255,249,261,225" step="2"/><T15/><D15/><U43/><E105/><V92/><F95/><W71/><G71/><T10/><D107/><U104/><E104/><V33/><F92/><W82/><G82/><T49/><REACH who="0" step="1"/><D81/><REACH who="0" ten="245,249,261,225" step="2"/><U20/><E24/><V41/><F25/><W63/><G63/><T87/><D87/><U27/><E27/><V6/><F84/><W108/><G108/><T39/><AGARI ba="0,2" hai="1,4,10,38,39,45,49,53,57,61,64,80,85,90" machi="39" ten="30,4000,0" yaku="1,1,0,1,52,1,53,0" doraHai="58" doraHaiUra="26" who="0" fromWho="0" sc="245,60,249,-20,261,-10,225,-10" /><INIT seed="2,0,0,4,4,73" ten="305,229,251,215" oya="2" hai0="118,97,119,132,89,13,83,31,64,6,12,14,133" hai1="113,27,33,135,125,106,20,7,77,115,105,41,44" hai2="19,85,71,130,25,54,134,75,70,79,59,11,108" hai3="87,114,84,116,93,103,104,46,72,45,24,35,40"/><V92/><F130/><W95/><G116/><N who="0" m="44587" /><D64/><U112/><E125/><V30/><F75/><W22/><G35/><T82/><D31/><U2/><E135/><N who="0" m="51785" /><D6/><U88/><E33/><V8/><F134/><W61/><G114/><T120/><D120/><U122/><E122/><V99/><F70/><W23/><G72/><T36/><D36/><U65/><E65/><V29/><F71/><W96/><G61/><T32/><D32/><U39/><E7/><V42/><F42/><W110/><G110/><T67/><D67/><U81/><E2/><V17/><F17/><W16/><G23/><T78/><D78/><U80/><E77/><V126/><F126/><W52/><G104/><T15/><D15/><U28/><E105/><V128/><F128/><W37/><REACH who="3" step="1"/><G95/><AGARI ba="0,0" hai="12,13,14,82,83,89,95,97" m="51785,44587" machi="95" ten="40,2600,0" yaku="12,1,20,1" doraHai="73" who="0" fromWho="3" sc="305,26,229,0,251,0,215,-26" /><INIT seed="3,0,0,0,1,119" ten="331,229,251,189" oya="3" hai0="71,124,47,19,43,20,29,5,99,56,121,87,95" hai1="77,38,133,7,75,2,12,134,27,64,122,76,13" hai2="65,120,135,108,14,125,57,92,100,52,89,45,39" hai3="97,10,70,44,85,37,18,51,48,58,116,46,31"/><W28/><G116/><T131/><D121/><U91/><E38/><V94/><F108/><W115/><G115/><T40/><D131/><U23/><E64/><V98/><F125/><W72/><G72/><T82/><D124/><U0/><E91/><V109/><F109/><W67/><G37/><T9/><D71/><U66/><E66/><V74/><F74/><W130/><G130/><T32/><D32/><U84/><E84/><V3/><F3/><N who="1" m="1065" /><E75/><V69/><F135/><N who="1" m="51721" /><E122/><V16/><F120/><W105/><G70/><T114/><D29/><N who="3" m="11337" /><G105/><T127/><D19/><N who="1" m="12799" /><E7/><V54/><F69/><W104/><G104/><T50/><D5/><U132/><N who="1" m="51729" /><U11/><DORA hai="111" /><E11/><N who="2" m="6239" /><F39/><W53/><G97/><T80/><D99/><U24/><E24/><V112/><F112/><W22/><G85/><T123/><D114/><U117/><E117/><V21/><F45/><N who="3" m="17515" /><G67/><T78/><D123/><U30/><E30/><V106/><F106/><W25/><G10/><T128/><D9/><U73/><E73/><V55/><F21/><W81/><G81/><T110/><D20/><U41/><E41/><V90/><F65/><W6/><G6/><T83/><D43/><U36/><E36/><V101/><F57/><W1/><G1/><T34/><D56/><U35/><E35/><V129/><F129/><W107/><G107/><T88/><D128/><U93/><E93/><V8/><F8/><W33/><G33/><T49/><D34/><U113/><E113/><V60/><F60/><AGARI ba="0,0" hai="18,22,25,48,51,53,58,60" m="17515,11337" machi="60" ten="30,1500,0" yaku="8,1" doraHai="119,111" who="3" fromWho="2" sc="331,0,229,0,251,-15,189,15" /><INIT seed="3,1,0,0,4,2" ten="331,229,236,204" oya="3" hai0="89,105,127,88,111,125,126,61,96,116,70,72,84" hai1="1,38,64,8,114,80,55,74,14,15,20,92,132" hai2="134,69,95,52,16,3,124,110,47,73,29,66,19" hai3="0,30,67,71,49,94,9,53,118,123,11,81,33"/><W86/><G118/><T91/><D111/><U97/><E114/><V60/><F110/><W34/><G123/><T27/><D116/><U37/><E1/><V23/><F3/><W120/><G120/><T13/><D72/><U10/><E64/><V99/><F73/><W100/><G71/><T45/><D13/><U82/><E20/><V108/><F108/><W12/><G0/><T104/><D27/><U112/><E112/><V121/><F124/><W78/><G67/><N who="0" m="41327" /><D45/><U48/><E132/><V90/><F134/><W65/><G65/><T93/><D84/><U7/><E74/><V85/><F121/><W133/><G133/><T18/><D18/><N who="1" m="8519" /><E37/><V42/><F42/><W59/><G30/><T43/><D43/><U87/><E87/><V128/><F128/><W57/><G57/><T130/><D130/><U103/><E38/><V54/><F85/><W50/><G50/><T58/><D58/><AGARI ba="1,0" hai="7,10,15,48,55,58,80,82,92,97,103" m="8519" machi="58" ten="30,2000,0" yaku="8,1,52,1" doraHai="2" who="1" fromWho="0" sc="331,-23,229,23,236,0,204,0" owari="308,40.8,252,5.2,236,-16.4,204,-29.6" /></mjloggm>