<mjloggm ver="2.3"><GO type="225" lobby="0"/><UN n0="%E6%9C%88%E5%B3%B6%E5%9F%BA" n1="%77%72%77%72%77%72%77%72" n2="%E6%9D%B1%E9%A2%A8%E3%81%AE%E3%81%8D%E3%82%83%E3%81%B7%E3%81%95%E3%82%93" n3="%E4%BB%8A%E6%97%A5%E4%B8%80" dan="17,16,16,17" rate="2200.59,2114.63,2166.69,2192.20" sx="M,M,M,F"/><TAIKYOKU oya="0"/><INIT seed="0,0,0,0,4,52" ten="250,250,250,250" oya="0" hai0="4,113,132,80,74,9,18,72,67,118,135,123,57" hai1="89,13,130,75,15,56,69,35,78,22,36,40,12" hai2="107,10,104,6,20,59,66,7,39,51,92,3,119" hai3="38,32,84,83,129,108,14,71,26,34,126,85,128"/><T81/><D113/><U19/><E69/><V94/><F39/><W102/><G71/><T27/><D118/><U2/><E130/><N who="3" m="50282" /><G38/><T44/><D123/><U29/><E2/><V41/><F119/><W91/><G108/><T106/><D106/><U134/><E134/><N who="0" m="51241" /><D44/><U90/><E35/><V55/><F7/><W82/><G126/><T96/><D96/><U109/><E29/><V97/><F41/><W133/><G133/><T45/><D45/><U50/><E36/><V61/><F20/><W88/><G26/><T54/><D67/><U58/><E109/><V120/><F120/><W117/><G117/><T112/><D18/><U115/><E115/><V47/><REACH who="2" step="1"/><F94/><REACH who="2" ten="250,250,240,250" step="2"/><W131/><G131/><T68/><D112/><U60/><E40/><V46/><F46/><W116/><G116/><T31/><D4/><U62/><E22/><V103/><AGARI ba="0,1" hai="3,6,10,47,51,55,59,61,66,92,97,103,104,107" machi="103" ten="20,8000,1" yaku="1,1,0,1,7,1,52,1,53,1" doraHai="52" doraHaiUra="42" who="2" fromWho="2" sc="250,-40,250,-20,240,90,250,-20" /><INIT seed="1,0,0,5,0,37" ten="210,230,330,230" oya="1" hai0="59,118,110,2,97,127,72,93,36,25,52,87,5" hai1="100,68,130,134,47,21,38,14,58,64,42,1,104" hai2="122,44,20,125,83,48,65,98,9,54,129,70,123" hai3="35,108,22,4,45,46,24,32,29,39,106,10,30"/><U131/><E1/><V12/><F129/><N who="1" m="49161" /><E134/><V86/><F125/><W112/><G112/><T19/><D118/><U81/><E68/><V117/><F117/><W74/><G108/><T18/><D72/><U26/><E14/><V6/><F98/><W62/><G106/><T95/><D36/><U0/><E0/><V113/><F113/><W82/><G62/><N who="0" m="36199" /><D2/><U73/><E104/><V27/><F65/><W84/><G74/><T121/><D110/><U76/><E100/><V92/><F92/><W91/><G45/><T77/><D5/><U90/><E90/><V56/><F70/><W57/><G57/><T103/><D121/><U71/><E71/><V135/><F56/><W63/><G63/><T3/><D3/><U124/><E124/><V55/><F135/><W111/><G111/><T85/><D127/><U99/><E99/><V51/><F123/><W33/><G46/><T15/><D77/><U105/><E105/><V7/><F122/><W109/><G109/><T61/><D61/><U119/><E119/><V43/><F51/><W28/><REACH who="3" step="1"/><G39/><REACH who="3" ten="210,230,330,220" step="2"/><T8/><D95/><U120/><E120/><V89/><REACH who="2" step="1"/><F6/><REACH who="2" ten="210,230,320,220" step="2"/><W67/><G67/><T133/><D133/><U114/><E114/><V34/><F34/><W102/><G102/><T96/><D96/><U41/><E58/><V101/><F101/><W80/><G80/><T132/><D132/><U31/><E64/><V78/><F78/><W69/><G69/><T11/><D103/><U128/><E128/><V53/><F53/><W66/><G66/><T75/><D97/><U79/><E79/><V23/><F23/><RYUUKYOKU ba="0,2" sc="210,-30,230,10,320,10,220,10" hai1="21,26,31,38,41,42,47,73,76,81" hai2="7,9,12,20,27,43,44,48,54,55,83,86,89" hai3="4,10,22,24,28,29,30,32,33,35,82,84,91" /><INIT seed="1,1,2,2,0,124" ten="180,240,330,230" oya="1" hai0="47,64,97,120,88,13,110,106,68,7,134,67,41" hai1="4,66,77,8,109,132,52,35,16,24,96,103,65" hai2="69,133,80,49,28,10,78,127,17,36,75,6,81" hai3="113,48,18,89,117,107,111,58,25,114,92,22,121"/><U125/><E125/><V60/><F17/><W56/><G121/><T23/><D120/><U42/><E132/><V76/><F127/><W40/><G111/><T11/><D110/><U27/><E109/><V83/><F133/><W39/><G117/><T26/><D134/><U105/><E42/><V3/><F49/><W70/><G70/><T122/><D122/><U90/><E77/><V21/><F21/><W59/><G107/><T61/><D67/><U128/><E128/><V95/><F95/><W31/><G39/><T32/><D32/><U62/><E90/><V14/><F28/><W15/><G40/><T82/><D106/><U72/><E72/><V102/><F102/><W57/><N who="3" m="14336" /><DORA hai="79" /><W63/><G48/><T71/><D71/><U30/><E52/><V2/><F36/><W37/><G37/><T104/><D104/><U44/><E44/><V98/><F98/><W91/><G63/><T5/><D5/><U135/><E135/><V46/><F46/><W108/><G108/><T116/><D116/><U94/><E105/><V73/><REACH who="2" step="1"/><F83/><REACH who="2" ten="180,240,320,230" step="2"/><W100/><G100/><T43/><D47/><U45/><E45/><V12/><F12/><W112/><REACH who="3" step="1"/><G92/><REACH who="3" ten="180,240,320,220" step="2"/><T33/><D43/><U87/><E94/><V38/><F38/><W0/><G0/><T19/><D41/><U1/><E103/><V34/><F34/><AGARI ba="1,4" hai="15,18,22,25,31,34,89,91,112,113,114" m="14336" machi="34" ten="60,12000,2" yaku="1,1,53,5" doraHai="124,79" doraHaiUra="20,53" who="3" fromWho="2" sc="180,0,240,0,320,-123,220,163" /><INIT seed="2,0,0,0,1,11" ten="180,240,197,383" oya="2" hai0="48,90,79,119,83,134,107,3,21,32,94,108,57" hai1="112,6,67,44,35,45,20,51,118,41,13,106,123" hai2="115,121,93,64,122,113,9,22,99,89,40,43,60" hai3="71,130,54,73,97,105,116,120,81,63,10,68,36"/><V24/><F9/><W29/><G120/><T16/><D107/><U88/><E123/><V33/><F33/><W100/><G116/><T52/><D3/><U129/><E118/><V127/><F127/><W38/><G130/><T65/><D119/><U8/><E35/><V92/><F122/><W111/><G111/><T34/><D108/><U7/><E112/><V72/><F72/><W84/><G73/><T101/><D134/><U85/><E106/><V117/><F121/><W103/><G103/><T5/><D5/><N who="1" m="3215" /><E129/><V124/><F124/><W104/><G104/><T74/><D65/><U91/><E67/><V15/><F117/><W19/><G29/><T30/><D30/><U14/><E44/><V126/><F126/><W26/><G68/><T109/><D101/><U42/><E42/><V66/><F24/><W4/><G19/><T59/><D59/><U17/><E91/><N who="2" m="55711" /><F115/><W49/><G26/><T80/><D80/><AGARI ba="0,0" hai="6,7,14,17,20,41,45,51,80,85,88" m="3215" machi="80" ten="30,7700,0" yaku="8,1,52,2,54,1" doraHai="11" who="1" fromWho="0" sc="180,-77,240,77,197,0,383,0" /><INIT seed="3,0,0,1,4,8" ten="103,317,197,383" oya="3" hai0="86,43,2,4,17,122,0,31,69,124,103,42,131" hai1="33,97,81,70,73,121,84,68,19,67,61,129,95" hai2="110,62,52,66,27,102,99,10,125,13,94,104,41" hai3="90,93,32,65,116,134,9,123,35,53,5,100,72"/><W130/><G123/><T107/><D69/><U59/><E121/><V128/><F110/><W3/><G116/><T63/><D122/><U91/><E129/><V98/><F128/><W36/><G72/><T28/><D131/><U58/><E33/><V78/><F125/><W109/><G130/><T11/><D124/><U108/><E108/><V101/><F78/><W96/><G65/><T29/><D63/><U133/><E133/><V87/><F87/><W71/><G71/><T92/><D107/><U56/><E73/><V12/><F41/><W106/><G134/><T26/><D2/><U83/><E68/><V39/><F39/><W16/><G109/><T1/><D1/><U18/><E83/><V34/><F52/><W46/><G16/><T127/><D127/><U114/><E114/><V74/><F74/><W117/><G117/><T49/><D49/><U118/><E118/><V126/><F10/><W15/><G3/><T111/><D111/><U77/><E70/><N who="2" m="42327" /><F126/><W135/><G135/><T85/><D85/><U23/><REACH who="1" step="1"/><E18/><REACH who="1" ten="103,307,197,383" step="2"/><V25/><F25/><AGARI ba="0,1" hai="19,23,25,56,58,59,61,67,77,81,84,91,95,97" machi="25" ten="30,7700,0" yaku="1,1,2,1,7,1,8,1,53,0" doraHai="8" doraHaiUra="48" who="1" fromWho="2" sc="103,0,307,87,197,-77,383,0" owari="103,-39.7,394,49.4,120,-28.0,383,18.3" /></mjloggm>