<mjloggm ver="2.3"><GO type="225" lobby="0"/><UN n0="%E6%98%93%E5%88%A9%E8%96%A9%E4%BC%AF" n1="%E4%BF%BA%E3%81%A8%E5%A6%96%E5%A4%A2" n2="%E5%A4%8F%E9%88%B4%E9%88%B4%E5%A4%8F" n3="%E3%81%BF%E3%81%BF%E3%81%9A" dan="17,16,16,17" rate="2114.51,2099.16,2138.63,2169.01" sx="F,F,F,M"/><TAIKYOKU oya="0"/><INIT seed="0,0,0,2,3,40" ten="250,250,250,250" oya="0" hai0="117,108,24,42,104,23,84,70,48,113,51,126,129" hai1="21,99,60,9,46,25,64,47,38,65,49,85,54" hai2="131,107,41,119,97,79,125,89,100,114,17,43,109" hai3="132,29,122,124,71,102,123,121,111,37,88,105,116"/><T8/><D113/><U55/><E99/><V133/><F114/><W91/><G37/><T101/><D117/><U69/><E65/><V45/><F119/><W31/><G71/><T26/><D70/><U72/><E72/><V7/><F109/><W52/><G116/><T76/><D129/><U32/><E32/><V35/><F35/><W110/><G124/><T67/><D126/><U83/><E9/><V92/><F125/><W82/><G132/><T39/><D67/><U50/><E38/><V28/><F133/><W36/><G36/><T33/><D108/><N who="3" m="41513" /><G102/><T12/><D33/><U103/><E103/><V63/><F28/><N who="3" m="10827" /><G105/><T18/><D101/><U61/><E61/><V19/><F7/><W62/><G82/><T15/><D104/><U75/><E75/><V134/><F134/><W34/><G34/><T22/><D15/><U27/><REACH who="1" step="1"/><E21/><REACH who="1" ten="250,240,250,250" step="2"/><V56/><F107/><W58/><AGARI ba="0,1" hai="52,58,62,88,91,121,122,123" m="10827,41513" machi="58" ten="40,8000,1" yaku="13,1,14,1,54,2" doraHai="40" who="3" fromWho="3" sc="250,-40,240,-20,250,-20,250,90" /><INIT seed="1,0,0,0,5,110" ten="210,220,230,340" oya="1" hai0="135,23,46,69,49,97,30,56,116,88,0,118,125" hai1="8,90,71,100,24,54,129,101,52,50,25,51,12" hai2="35,128,34,134,106,115,75,21,130,42,108,68,102" hai3="120,9,133,64,65,111,70,89,81,80,78,85,43"/><U59/><E71/><V47/><F108/><W27/><G111/><T82/><D69/><U124/><E124/><V96/><F134/><W19/><G120/><T113/><D0/><U31/><E129/><N who="2" m="49771" /><F75/><W53/><G133/><T92/><D135/><U93/><E101/><V66/><F21/><W55/><G43/><T7/><D7/><U126/><E100/><V104/><F104/><W6/><G19/><T87/><D113/><U122/><E126/><V58/><F58/><W98/><G27/><T41/><D56/><N who="1" m="32791" /><E31/><V44/><F44/><W16/><G16/><T103/><REACH who="0" step="1"/><D125/><REACH who="0" ten="200,220,230,340" step="2"/><U119/><E122/><V73/><F115/><W37/><G70/><T105/><D105/><U20/><E119/><V61/><F73/><W15/><G37/><AGARI ba="0,1" hai="34,35,37,42,47,61,66,68,96,102,106" m="49771" machi="37" ten="30,2000,0" yaku="19,1,23,1" doraHai="110" who="2" fromWho="3" sc="200,0,220,0,230,30,340,-20" /><INIT seed="2,0,0,0,0,117" ten="200,220,260,320" oya="2" hai0="130,99,119,8,92,64,129,133,87,79,122,15,70" hai1="102,58,25,0,110,30,86,132,105,114,96,74,127" hai2="23,124,6,28,135,14,37,4,125,36,81,107,108" hai3="103,53,71,120,83,67,51,121,56,126,29,63,78"/><V17/><F107/><W91/><G126/><N who="2" m="48745" /><F135/><W10/><G103/><T7/><D119/><U3/><E114/><V54/><F108/><W80/><G29/><T43/><D133/><U94/><E132/><V72/><F54/><W60/><G10/><T22/><D43/><U47/><E127/><V26/><F81/><W98/><G63/><T106/><D106/><U45/><E74/><V39/><F72/><W52/><G53/><T49/><D49/><U118/><E58/><V21/><AGARI ba="0,0" hai="4,6,14,17,21,23,26,28,36,37,39" m="48745" machi="21" ten="40,2100,0" yaku="18,1" doraHai="117" who="2" fromWho="2" sc="200,-7,220,-7,260,21,320,-7" /><INIT seed="2,1,0,3,1,53" ten="193,213,281,313" oya="2" hai0="10,88,32,54,70,127,15,58,19,67,96,61,41" hai1="30,124,130,56,111,74,86,18,107,45,69,60,131" hai2="50,73,134,26,112,24,75,51,99,97,8,98,82" hai3="72,114,78,0,80,57,5,89,93,55,91,29,77"/><V38/><F38/><W1/><G29/><T36/><D127/><U76/><E74/><V83/><F112/><W117/><G117/><T14/><D32/><U109/><E107/><V27/><F8/><W52/><G114/><T28/><D28/><U116/><E116/><V44/><F134/><W108/><G108/><N who="1" m="41546" /><E30/><V11/><F11/><W17/><G5/><T104/><D104/><U2/><E2/><V71/><F71/><W40/><G40/><T39/><D15/><U132/><E132/><V133/><F133/><W25/><G78/><T33/><D33/><U42/><E18/><V22/><F22/><N who="3" m="13519" /><G55/><T59/><D41/><U9/><E9/><V120/><F44/><W110/><G91/><T66/><D70/><U94/><E124/><V20/><F20/><W118/><G118/><T100/><D100/><U115/><E115/><V65/><F65/><W37/><G37/><T81/><D67/><N who="1" m="39303" /><E69/><V16/><F16/><W135/><G135/><T123/><D123/><U68/><E68/><V101/><F120/><W62/><G110/><T35/><D35/><U23/><E23/><V63/><F101/><W31/><G31/><T3/><D3/><U47/><E47/><V12/><F75/><W122/><G122/><T102/><D102/><U106/><E106/><V34/><F73/><W95/><G95/><T79/><D79/><U126/><E126/><V105/><F105/><W43/><G43/><T128/><D128/><U6/><E6/><V21/><F34/><W13/><G13/><T125/><D125/><U129/><E129/><V46/><F12/><W92/><G92/><RYUUKYOKU ba="1,0" sc="193,-10,213,-10,281,-10,313,30" hai3="0,1,52,57,62,72,77,80,89,93" /><INIT seed="3,2,0,3,5,91" ten="183,203,271,343" oya="3" hai0="78,25,134,65,41,1,18,126,50,127,34,130,19" hai1="88,39,135,12,72,40,3,121,8,62,4,10,114" hai2="55,15,16,129,83,84,68,87,9,103,92,14,59" hai3="89,64,48,108,27,110,131,44,90,21,102,53,94"/><W6/><G131/><T17/><D130/><U32/><E121/><V29/><F68/><W128/><G128/><T2/><D65/><U85/><E114/><V82/><F129/><W0/><G64/><T111/><D78/><U76/><E32/><V70/><F70/><W61/><G61/><T95/><D111/><N who="3" m="42537" /><G6/><T66/><D66/><U20/><E20/><V125/><F29/><N who="3" m="17647" /><G0/><N who="0" m="107" /><D50/><U106/><E62/><V79/><F125/><N who="0" m="47626" /><D41/><U38/><E40/><V43/><F43/><W104/><G104/><T101/><D134/><U132/><E106/><V100/><F15/><W113/><G113/><T33/><D25/><U81/><E39/><V45/><F45/><W99/><AGARI ba="2,0" hai="44,48,53,89,90,94,99,102" m="17647,42537" machi="99" ten="30,6000,0" yaku="14,1,10,1,52,1" doraHai="91" who="3" fromWho="3" sc="183,-22,203,-22,271,-22,343,66" owari="161,-33.9,181,-21.9,249,4.9,409,50.9" /></mjloggm>