<mjloggm ver="2.3"><GO type="225" lobby="0"/><UN n0="%E3%82%A4%E3%82%AD%E3%83%AA" n1="%72%61%6B%33" n2="%E3%81%95%E3%81%8D%E3%81%9F%E3%81%BE%E6%9E%97%E6%AA%8E" n3="%E9%B3%B4%E8%8C%B6" dan="16,16,16,16" rate="2042.72,2155.85,2093.79,2103.47" sx="M,M,M,M"/><TAIKYOKU oya="0"/><INIT seed="0,0,0,2,0,76" ten="250,250,250,250" oya="0" hai0="83,75,121,64,126,39,111,78,115,91,134,84,0" hai1="104,49,22,114,107,62,34,18,99,133,103,32,11" hai2="57,96,65,16,9,12,10,37,3,128,105,63,52" hai3="82,46,102,55,87,60,15,47,2,17,120,13,23"/><T86/><D115/><U38/><E38/><V31/><F128/><W53/><G2/><T85/><D0/><U48/><E114/><V93/><F105/><W113/><G113/><T88/><D39/><U129/><E129/><V51/><F37/><W28/><G120/><T61/><D121/><U125/><E107/><V90/><F31/><W95/><G28/><T92/><D126/><U72/><E72/><V131/><F131/><W100/><G60/><T54/><D134/><U33/><E133/><V35/><F35/><W26/><G95/><T7/><D7/><U14/><E125/><V66/><F3/><W79/><G15/><T19/><D111/><U24/><REACH who="1" step="1"/><E62/><REACH who="1" ten="250,240,250,250" step="2"/><V5/><F63/><W44/><REACH who="3" step="1"/><G26/><REACH who="3" ten="250,240,250,240" step="2"/><T77/><D64/><U69/><E69/><V108/><F108/><W119/><G119/><T73/><D73/><U56/><E56/><V81/><F66/><W29/><G29/><AGARI ba="0,2" hai="11,14,18,22,24,29,32,33,34,48,49,99,103,104" machi="29" ten="40,1300,0" yaku="1,1,53,0" doraHai="76" doraHaiUra="110" who="1" fromWho="3" sc="250,0,240,33,250,0,240,-13" /><INIT seed="1,0,0,5,3,39" ten="250,273,250,227" oya="1" hai0="131,67,54,16,124,8,115,59,120,116,83,38,88" hai1="57,112,42,46,4,91,2,110,21,104,1,51,45" hai2="102,125,81,84,25,122,80,9,129,79,85,32,55" hai3="98,62,95,6,121,70,78,40,49,20,90,105,3"/><U52/><E112/><V128/><F122/><W0/><G121/><T103/><D120/><U13/><E104/><V132/><F132/><W24/><G105/><T33/><D115/><U108/><E91/><V22/><F125/><W107/><G107/><T99/><D33/><U18/><E46/><V60/><F102/><W11/><G78/><T74/><D116/><U101/><E101/><V7/><F32/><W19/><G3/><T87/><D38/><U65/><E65/><V64/><F55/><W61/><REACH who="3" step="1"/><G70/><REACH who="3" ten="250,273,250,217" step="2"/><T75/><D124/><U31/><E31/><V82/><F79/><W47/><AGARI ba="0,1" hai="0,6,11,19,20,24,40,47,49,61,62,90,95,98" machi="47" ten="30,7900,0" yaku="1,1,2,1,0,1,52,1,53,0" doraHai="39" doraHaiUra="30" who="3" fromWho="3" sc="250,-20,273,-39,250,-20,217,89" /><INIT seed="2,0,0,3,3,107" ten="230,234,230,306" oya="2" hai0="48,91,89,4,74,85,120,0,1,127,52,15,70" hai1="37,114,90,92,112,96,88,10,29,94,49,133,39" hai2="75,2,31,84,102,18,121,59,68,25,87,115,101" hai3="132,50,5,38,77,47,78,28,56,131,16,61,109"/><V113/><F121/><W41/><G109/><T110/><D120/><U122/><E122/><V44/><F68/><W42/><G132/><T116/><D70/><U60/><E133/><V124/><F2/><W22/><G28/><T35/><D35/><U58/><E49/><V71/><F71/><W36/><G5/><T57/><D110/><U106/><E106/><V7/><F7/><W93/><G131/><T97/><D74/><U45/><E29/><V6/><F6/><W128/><G128/><T134/><D134/><U23/><E23/><V86/><F75/><W11/><G11/><T104/><D127/><U20/><E20/><V30/><F124/><W9/><G9/><T123/><D123/><U8/><E45/><V51/><F59/><W105/><G105/><T81/><D116/><U33/><E58/><V108/><F108/><W72/><G93/><N who="0" m="56495" /><D104/><U100/><E60/><V27/><F18/><W129/><G72/><T125/><D125/><U119/><E96/><V54/><F115/><W126/><G38/><T21/><D4/><U34/><REACH who="1" step="1"/><E100/><REACH who="1" ten="230,224,230,306" step="2"/><N who="2" m="38507" /><F113/><W64/><G126/><T13/><D21/><U55/><E55/><V63/><F63/><W66/><G129/><T99/><D99/><U19/><E19/><V83/><F31/><W3/><G64/><T40/><D1/><U43/><E43/><N who="3" m="16394" /><G3/><T46/><D0/><U14/><E14/><V98/><F98/><W103/><G36/><T80/><D15/><U135/><E135/><V79/><F30/><W95/><G16/><T24/><D13/><U73/><E73/><N who="2" m="43503" /><F54/><N who="3" m="30047" /><G22/><T32/><D32/><U17/><E17/><RYUUKYOKU ba="0,1" sc="230,-30,224,10,230,10,306,10" hai1="8,10,33,34,37,39,88,90,92,94,112,114,119" hai2="25,27,44,51,84,86,87" hai3="56,61,66,77,78,95,103" /><INIT seed="2,1,1,0,3,64" ten="200,234,240,316" oya="2" hai0="107,48,99,72,120,73,106,46,122,125,129,47,22" hai1="119,24,87,102,31,109,74,52,9,2,75,65,114" hai2="96,19,130,1,77,28,68,63,104,7,62,61,37" hai3="58,76,32,43,93,108,128,91,88,112,90,79,133"/><V10/><F37/><W97/><G32/><T50/><D22/><U89/><E114/><V6/><F77/><N who="3" m="29771" /><G58/><T23/><D23/><U55/><E119/><V92/><F104/><W110/><G43/><T40/><D99/><U20/><E109/><N who="3" m="42090" /><G112/><T59/><D59/><U17/><E102/><V5/><F1/><W0/><G0/><T124/><REACH who="0" step="1"/><D40/><REACH who="0" ten="190,234,240,316" step="2"/><U12/><E20/><V101/><F130/><AGARI ba="1,2" hai="46,47,48,50,72,73,106,107,120,122,124,125,129,130" machi="130" ten="25,6400,0" yaku="1,1,2,1,22,2,53,0" doraHai="64" doraHaiUra="66" who="0" fromWho="2" sc="190,87,234,0,240,-67,316,0" /><INIT seed="3,0,0,0,2,98" ten="277,234,173,316" oya="3" hai0="11,57,109,45,83,95,51,61,70,4,74,71,16" hai1="59,128,101,18,1,67,56,66,104,115,127,6,53" hai2="68,99,103,35,132,24,73,116,110,76,126,97,111" hai3="94,17,118,90,78,5,135,93,28,55,133,92,96"/><W102/><G118/><T122/><D122/><U62/><E115/><V88/><F68/><W129/><G78/><T123/><D123/><U33/><E33/><V29/><F116/><W69/><G69/><T91/><D109/><N who="2" m="41482" /><F24/><W39/><G39/><T36/><D36/><U32/><E32/><V134/><F35/><W27/><G5/><T15/><D4/><U108/><E108/><V120/><F120/><W21/><G129/><T19/><D19/><U3/><E128/><V49/><F49/><W47/><G28/><T48/><D74/><U30/><E30/><V0/><F0/><W81/><G55/><T14/><D14/><U87/><E67/><V89/><F29/><W119/><G47/><T20/><D83/><U107/><E18/><V41/><F41/><W44/><G44/><T75/><D75/><U84/><E6/><V85/><F126/><W9/><G9/><T131/><D131/><U2/><E127/><V77/><F73/><W7/><G7/><T34/><D34/><U43/><E43/><V64/><F64/><W25/><G25/><T106/><D11/><U117/><E117/><V10/><F10/><W79/><G119/><T86/><D51/><U113/><E3/><V22/><F22/><W112/><G112/><T125/><D125/><U38/><E113/><V65/><F65/><W12/><G27/><T114/><D114/><U8/><E8/><V121/><F121/><W23/><G21/><T52/><D70/><U26/><E26/><V80/><F77/><W50/><G50/><T42/><D71/><U13/><E1/><V31/><F31/><RYUUKYOKU ba="0,0" sc="277,30,234,-10,173,-10,316,-10" hai0="15,16,20,42,45,48,52,57,61,86,91,95,106" owari="307,40.7,224,-17.6,163,-33.7,306,10.6" /></mjloggm>