<mjloggm ver="2.3"><GO type="225" lobby="0"/><UN n0="%40%77%61%6B%61" n1="%E5%85%88%E7%89%A9%E3%81%AF%74%72%61%73%68" n2="%E7%99%BD%E5%80%89%E5%AF%9B%E4%B9%8B" n3="%E6%A1%9C%E8%8A%B1%E9%96%83%E3%80%85" dan="16,17,16,16" rate="2102.32,2165.71,2181.87,2133.65" sx="M,M,M,M"/><TAIKYOKU oya="0"/><INIT seed="0,0,0,3,5,131" ten="250,250,250,250" oya="0" hai0="72,12,133,18,8,106,116,132,35,30,92,61,29" hai1="102,94,63,135,117,71,62,51,115,28,112,13,65" hai2="108,11,98,32,81,33,75,86,31,70,0,69,3" hai3="87,49,127,123,95,100,5,120,57,27,130,111,97"/><T93/><D106/><U82/><E117/><V128/><F128/><W101/><G130/><T105/><D105/><U48/><E28/><N who="0" m="10857" /><D35/><N who="2" m="13386" /><F31/><W99/><G27/><T73/><D61/><U134/><E82/><V19/><F19/><W68/><G68/><N who="2" m="26217" /><F86/><W66/><G5/><T50/><D50/><N who="1" m="18987" /><E13/><V76/><F11/><W52/><G111/><T126/><D116/><U47/><E63/><V23/><F23/><W42/><G127/><T43/><D43/><U107/><E107/><V56/><F56/><W60/><G87/><T110/><D126/><U7/><E7/><V2/><F98/><W122/><G66/><T20/><D110/><AGARI ba="0,0" hai="0,2,3,75,76,81,108,110" m="26217,13386" machi="110" ten="40,1300,0" yaku="23,1" doraHai="131" who="2" fromWho="0" sc="250,-13,250,0,250,13,250,0" /><INIT seed="1,0,0,1,2,73" ten="237,250,263,250" oya="1" hai0="122,118,108,96,40,65,127,102,43,133,129,8,66" hai1="86,21,17,55,1,39,119,58,79,115,44,135,91" hai2="62,63,75,59,27,22,32,14,5,6,19,9,54" hai3="84,70,49,41,35,26,128,120,89,30,3,57,53"/><U68/><E119/><V82/><F32/><W106/><G120/><T48/><D118/><U101/><E115/><V7/><REACH who="2" step="1"/><F63/><REACH who="2" ten="237,250,253,250" step="2"/><W28/><G35/><T134/><D122/><U97/><E135/><V100/><F100/><W11/><G30/><T105/><D133/><U113/><E113/><V15/><F15/><W31/><G28/><T12/><D134/><U16/><E1/><V110/><F110/><W104/><G31/><T25/><D108/><U125/><E101/><V0/><F0/><W37/><G3/><T90/><D127/><U36/><E125/><V99/><F99/><W130/><G130/><T78/><D102/><U126/><E126/><V111/><F111/><W123/><G128/><T47/><D96/><U87/><E97/><V51/><F51/><W38/><G38/><T45/><D12/><U103/><E103/><V114/><F114/><W20/><G123/><T71/><D48/><U117/><E36/><V124/><F124/><W74/><G37/><T85/><D129/><U77/><E39/><V50/><F50/><W2/><G2/><T24/><D24/><U131/><E131/><V107/><F107/><W52/><G104/><T13/><D25/><U18/><E117/><V81/><F81/><W10/><G106/><T42/><D13/><U64/><E21/><V88/><F88/><W29/><G20/><T23/><D23/><U121/><E91/><V72/><F72/><W83/><G74/><T92/><D105/><U132/><E121/><V94/><F94/><N who="3" m="54567" /><G49/><T56/><D42/><U76/><E132/><V46/><F46/><W60/><G41/><RYUUKYOKU ba="0,1" sc="237,-10,250,-10,253,30,250,-10" hai2="5,6,7,9,14,19,22,27,54,59,62,75,82" /><INIT seed="2,1,1,4,4,3" ten="227,240,283,240" oya="2" hai0="4,64,131,85,6,111,36,45,114,14,127,93,78" hai1="98,46,94,1,7,55,51,67,108,60,19,99,35" hai2="68,120,8,28,75,118,44,49,71,76,48,23,129" hai3="84,121,100,61,119,0,117,130,25,92,122,80,69"/><V9/><F120/><W15/><G0/><T32/><D114/><U59/><E35/><V77/><F118/><N who="3" m="45067" /><G15/><T16/><D32/><U29/><E108/><V89/><F129/><W22/><G22/><T91/><D111/><U62/><E29/><V132/><F132/><W26/><G61/><T65/><D131/><U72/><E72/><V107/><F107/><W97/><G25/><T17/><D127/><U41/><E19/><N who="0" m="7241" /><D36/><U10/><REACH who="1" step="1"/><E94/><REACH who="1" ten="227,230,283,240" step="2"/><V13/><F75/><W57/><G130/><T82/><D14/><U110/><E110/><V88/><F28/><W43/><G26/><T134/><D134/><U24/><E24/><V47/><F13/><W126/><G126/><T112/><D112/><U39/><E39/><V81/><F23/><W86/><G121/><T105/><D105/><U113/><E113/><V54/><F81/><W128/><G80/><T83/><D82/><U30/><E30/><V2/><F2/><W123/><G128/><T106/><D106/><U40/><E40/><V58/><F9/><W79/><G43/><T96/><D45/><U56/><AGARI ba="1,2" hai="1,7,10,41,46,51,55,56,59,60,62,67,98,99" machi="56" ten="20,5200,0" yaku="1,1,0,1,7,1,52,1,53,0" doraHai="3" doraHaiUra="90" who="1" fromWho="1" sc="227,-14,230,75,283,-27,240,-14" /><INIT seed="3,0,0,5,3,87" ten="213,305,256,226" oya="3" hai0="135,80,22,125,55,25,18,98,17,34,38,123,58" hai1="82,0,37,31,79,85,15,3,115,29,112,88,83" hai2="92,128,57,13,32,52,86,24,7,120,77,8,130" hai3="103,20,95,51,5,46,30,40,66,101,54,63,90"/><W70/><G5/><T35/><D123/><U134/><E37/><V127/><F120/><W91/><G30/><T23/><D38/><U27/><E134/><V118/><F118/><W131/><G131/><T75/><D135/><U119/><E119/><V64/><F64/><W122/><G122/><T21/><D125/><U39/><E39/><V116/><F116/><W72/><G72/><T62/><D22/><U14/><E31/><V12/><F127/><W69/><G69/><T109/><D109/><U9/><E15/><N who="2" m="5535" /><F32/><W96/><G20/><T129/><D129/><N who="2" m="49770" /><F24/><W48/><REACH who="3" step="1"/><G103/><REACH who="3" ten="213,305,256,216" step="2"/><T117/><D117/><U49/><E29/><V97/><F77/><W76/><G76/><T65/><D75/><U73/><E79/><V93/><F86/><W47/><AGARI ba="0,1" hai="40,46,47,48,51,54,63,66,70,90,91,95,96,101" machi="47" ten="20,12000,1" yaku="1,1,0,1,7,1,52,2,53,0" doraHai="87" doraHaiUra="81" who="3" fromWho="3" sc="213,-40,305,-40,256,-40,216,130" owari="173,-32.7,265,6.5,216,-18.4,346,44.6" /></mjloggm>