<mjloggm ver="2.3"><GO type="225" lobby="0"/><UN n0="%E3%81%BF%E3%81%BF%E3%81%9A" n1="%E5%A4%8F%E9%88%B4%E9%88%B4%E5%A4%8F" n2="%79%75%72%69%6D%6F%67" n3="%77%72%77%72%77%72%77%72" dan="17,16,16,16" rate="2164.14,2110.58,2139.79,2182.33" sx="M,F,F,M"/><TAIKYOKU oya="0"/><INIT seed="0,0,0,0,1,3" ten="250,250,250,250" oya="0" hai0="46,83,130,26,87,55,76,22,31,47,50,32,52" hai1="101,122,15,111,75,9,74,128,77,41,90,92,62" hai2="94,29,115,8,124,121,33,30,57,103,53,118,72" hai3="1,100,135,13,123,71,89,58,105,43,133,84,85"/><T67/><D130/><U21/><E122/><V106/><F72/><W44/><G1/><T79/><D67/><U126/><E128/><V34/><F121/><W98/><G123/><T16/><D79/><U6/><E126/><V66/><F34/><W19/><G71/><T11/><D11/><U119/><E119/><V86/><F106/><W68/><G68/><T88/><D76/><U120/><E120/><V0/><F33/><W110/><G110/><T129/><D129/><U132/><E132/><N who="3" m="50762" /><G58/><T112/><D112/><U45/><E101/><V10/><F115/><W27/><G27/><T73/><D73/><U127/><E127/><V107/><F107/><W134/><N who="3" m="50770" /><W131/><DORA hai="91" /><G89/><T80/><D80/><U104/><E104/><V37/><F37/><N who="3" m="21615" /><G131/><T35/><D31/><U102/><E102/><V99/><F118/><W42/><G42/><T117/><D117/><U2/><E77/><V70/><F70/><W61/><G61/><T113/><D113/><U38/><E62/><V97/><F0/><W4/><G4/><T65/><D65/><U96/><REACH who="1" step="1"/><E111/><REACH who="1" ten="250,240,250,250" step="2"/><V64/><F103/><W20/><AGARI ba="0,1" hai="13,19,20,84,85,98,100,105" m="21615,50770" machi="20" ten="40,1500,0" yaku="20,1" doraHai="3,91" who="3" fromWho="3" sc="250,-7,240,-4,250,-4,250,25" /><BYE who="0" /><INIT seed="1,0,0,4,0,82" ten="243,236,246,275" oya="1" hai0="81,36,14,3,71,107,119,22,110,116,30,2,46" hai1="117,6,15,27,20,34,132,95,1,129,18,38,114" hai2="61,105,0,126,42,133,84,13,19,88,127,78,68" hai3="21,79,58,67,29,16,25,43,76,51,80,75,37"/><U12/><E117/><V128/><F0/><UN n0="%E3%81%BF%E3%81%BF%E3%81%9A" /><W35/><G79/><T59/><D107/><U98/><E114/><V44/><F105/><W89/><G37/><T118/><D71/><U39/><E129/><V72/><F78/><W90/><G43/><T94/><D110/><U65/><E132/><V96/><F96/><W54/><REACH who="3" step="1"/><G67/><REACH who="3" ten="243,236,246,265" step="2"/><T63/><D118/><U109/><E109/><V49/><F72/><W56/><G56/><T97/><D116/><U33/><E65/><V77/><F77/><W131/><G131/><T134/><D119/><U53/><E39/><V122/><F128/><W41/><G41/><T93/><D134/><U4/><E38/><V125/><F133/><W73/><G73/><T17/><D36/><U124/><E124/><V112/><F112/><W57/><G57/><T115/><D115/><U23/><E53/><V101/><F122/><W9/><G9/><T99/><D46/><U8/><E95/><V106/><F68/><W26/><AGARI ba="0,1" hai="16,21,25,26,29,35,51,54,58,75,76,80,89,90" machi="26" ten="20,12000,2" yaku="1,1,0,1,7,1,54,1,53,2" doraHai="82" doraHaiUra="86" who="3" fromWho="3" sc="243,-30,236,-60,246,-30,265,130" /><BYE who="0" /><UN n0="%E3%81%BF%E3%81%BF%E3%81%9A" /><INIT seed="2,0,0,0,1,73" ten="213,176,216,395" oya="2" hai0="18,10,61,103,89,11,30,90,95,22,58,44,98" hai1="99,113,97,46,59,121,49,74,63,110,76,72,118" hai2="92,12,4,131,0,27,35,62,26,128,112,39,42" hai3="83,81,84,87,135,33,119,104,106,94,7,56,71"/><V69/><F112/><W15/><G71/><T115/><D44/><U41/><E118/><V86/><F42/><W126/><G33/><T8/><D115/><U23/><E113/><V65/><F39/><W122/><G119/><T124/><D124/><U109/><E121/><V36/><F36/><W132/><G122/><T80/><D30/><U79/><E74/><V77/><F0/><W1/><G1/><T105/><D105/><U125/><E125/><V68/><F68/><W19/><G7/><T32/><D32/><U48/><E48/><V2/><F2/><W93/><G56/><T14/><REACH who="0" step="1"/><D80/><REACH who="0" ten="203,176,216,395" step="2"/><U52/><E23/><V31/><F31/><W123/><G123/><T102/><D102/><U28/><E28/><V108/><F35/><W96/><G106/><T64/><AGARI ba="0,1" hai="8,10,11,14,18,22,58,61,64,89,90,95,98,103" machi="64" ten="30,4000,0" yaku="1,1,0,1,8,1,53,0" doraHai="73" doraHaiUra="130" who="0" fromWho="0" sc="203,50,176,-10,216,-20,395,-10" /><INIT seed="3,0,0,3,2,12" ten="253,166,196,385" oya="3" hai0="41,28,18,122,79,105,85,66,82,5,92,0,10" hai1="129,7,47,13,70,63,8,108,102,125,114,88,53" hai2="6,42,34,71,45,116,134,124,9,36,37,119,130" hai3="44,57,32,132,135,80,27,98,99,68,94,26,64"/><W65/><G68/><T128/><D105/><U73/><E114/><V109/><F34/><W104/><G80/><T72/><D122/><U62/><E108/><V52/><F9/><W111/><G111/><T23/><D128/><U100/><E129/><V3/><F6/><W83/><G83/><T4/><D66/><U39/><E125/><V46/><F3/><W96/><G104/><T81/><D5/><U61/><E73/><V90/><F90/><W1/><G1/><T97/><D28/><U86/><E70/><V103/><F103/><W77/><G77/><T60/><D60/><U40/><REACH who="1" step="1"/><E53/><REACH who="1" ten="253,156,196,385" step="2"/><V75/><F130/><W33/><G135/><T89/><D72/><U95/><AGARI ba="0,1" hai="7,8,13,39,40,47,61,62,63,86,88,95,100,102" machi="95" ten="30,12000,2" yaku="1,1,2,1,0,1,54,1,53,3" doraHai="12" doraHaiUra="56" who="1" fromWho="1" sc="253,-30,156,130,196,-30,385,-60" owari="223,-17.7,286,8.6,166,-33.4,325,42.5" /></mjloggm>