<mjloggm ver="2.3"><GO type="225" lobby="0"/><UN n0="%E2%98%86%E5%B0%8F%E5%AD%A6%E7%94%B7%E7%94%9F%E2%98%86" n1="%E5%91%A8%E6%9D%B1" n2="%E3%83%AC%E3%82%A4%E3%83%88%E3%83%B3%E5%87%86%E6%95%99%E6%8E%88" n3="%E3%81%8B%E3%82%8F%E3%81%A1%E3%82%83%E3%82%93%35%38" dan="16,17,18,16" rate="2095.58,2153.39,2219.95,2155.15" sx="M,M,M,M"/><TAIKYOKU oya="0"/><INIT seed="0,0,0,2,3,18" ten="250,250,250,250" oya="0" hai0="27,123,113,56,100,29,93,62,51,83,105,8,61" hai1="60,46,22,40,6,86,14,66,37,41,10,90,24" hai2="28,116,26,96,2,91,135,70,78,106,75,9,134" hai3="55,49,114,50,3,58,128,20,13,131,1,82,132"/><T80/><D113/><U5/><E5/><V98/><F70/><W110/><G114/><T63/><D105/><U71/><E37/><V88/><F116/><W99/><G110/><T111/><D111/><U125/><E46/><V87/><F2/><W133/><G99/><N who="0" m="59503" /><D8/><U47/><E47/><V108/><F108/><W102/><G102/><T68/><D68/><U89/><E125/><V25/><F9/><W33/><G82/><N who="0" m="31275" /><D123/><U45/><E86/><V0/><F0/><N who="3" m="75" /><G33/><T84/><D84/><U77/><E77/><V112/><F112/><W31/><G50/><T19/><D29/><U34/><E34/><V67/><F28/><W17/><G31/><T54/><D19/><U59/><E71/><V39/><F87/><W4/><G4/><T65/><D27/><U48/><REACH who="1" step="1"/><E41/><REACH who="1" ten="250,240,250,250" step="2"/><V57/><F78/><W124/><G124/><T115/><D115/><U35/><E35/><V11/><F75/><W117/><G117/><T30/><D30/><AGARI ba="0,1" hai="6,10,14,22,24,30,40,45,48,59,60,66,89,90" machi="30" ten="30,7700,0" yaku="1,1,7,1,8,1,52,1,53,0" doraHai="18" doraHaiUra="101" who="1" fromWho="0" sc="250,-77,240,87,250,0,250,0" /><INIT seed="1,0,0,1,4,83" ten="173,327,250,250" oya="1" hai0="40,63,82,41,87,62,72,113,45,31,93,42,11" hai1="32,29,91,54,125,80,109,9,43,2,25,75,107" hai2="51,24,110,100,6,86,131,33,53,104,20,116,135" hai3="130,74,114,134,115,102,47,0,5,81,17,34,28"/><U37/><E54/><V66/><F116/><W23/><G102/><T78/><D113/><U59/><E59/><V103/><F110/><W111/><G47/><T96/><D72/><U76/><E91/><V3/><F131/><W10/><G81/><T19/><D31/><U50/><E50/><V99/><F33/><W52/><G52/><T18/><D45/><N who="1" m="23791" /><E125/><V106/><F66/><W27/><G74/><T133/><D133/><U57/><E57/><V30/><F135/><W97/><G134/><T119/><D119/><U65/><E65/><V85/><F3/><W12/><G111/><T49/><D49/><U68/><E109/><V15/><F104/><W4/><G130/><T61/><REACH who="0" step="1"/><D11/><REACH who="0" ten="163,327,250,250" step="2"/><U58/><E9/><N who="2" m="4535" /><F106/><W79/><G79/><T127/><D127/><U124/><E107/><V132/><F132/><W123/><G123/><T21/><D21/><U7/><E124/><V117/><F117/><W126/><G126/><T44/><D44/><U112/><E76/><V73/><F73/><W26/><G114/><T8/><D8/><U22/><E112/><V98/><F103/><AGARI ba="0,1" hai="18,19,40,41,42,61,62,63,78,82,87,93,96,103" machi="103" ten="40,8000,1" yaku="1,1,8,1,52,1,53,2" doraHai="83" doraHaiUra="13" who="0" fromWho="2" sc="163,90,327,0,250,-80,250,0" /><INIT seed="2,0,0,5,4,37" ten="253,327,170,250" oya="2" hai0="29,128,113,133,54,17,28,123,112,13,81,62,90" hai1="101,117,104,105,15,125,82,98,71,43,8,59,4" hai2="76,83,65,74,30,20,127,122,135,85,34,107,114" hai3="120,47,7,70,45,75,40,108,99,23,68,39,92"/><V50/><F114/><W72/><G120/><T46/><D123/><U58/><E117/><V60/><F122/><W18/><G108/><T44/><D128/><U115/><E115/><V14/><F135/><W118/><G7/><T131/><D131/><U51/><E71/><V129/><F129/><W41/><G118/><T121/><D133/><U64/><E64/><V0/><F0/><W53/><G53/><T111/><D111/><U55/><E125/><V89/><F107/><W49/><G70/><T102/><D102/><U134/><E134/><V56/><F34/><W33/><G68/><T57/><D121/><U11/><E104/><V86/><F127/><W126/><G33/><T116/><D116/><U84/><E11/><V5/><F50/><W132/><G132/><T32/><D32/><U3/><E3/><V24/><F74/><W94/><G126/><T31/><D113/><U80/><E80/><N who="2" m="47239" /><F14/><W26/><REACH who="3" step="1"/><G92/><REACH who="3" ten="253,327,170,240" step="2"/><T66/><D112/><U79/><E55/><N who="2" m="33823" /><F5/><W130/><G130/><T69/><D69/><U88/><E4/><V96/><F65/><W109/><G109/><T27/><D66/><U124/><E124/><V1/><F1/><W21/><G21/><T73/><D54/><U48/><E105/><V100/><F100/><AGARI ba="0,1" hai="18,23,26,39,40,41,45,47,49,72,75,94,99,100" machi="100" ten="30,12000,2" yaku="1,1,7,1,52,2,53,2" doraHai="37" doraHaiUra="36" who="3" fromWho="2" sc="253,0,327,0,170,-120,240,130" /><INIT seed="3,0,0,3,3,60" ten="253,327,50,370" oya="3" hai0="128,10,77,125,115,123,25,66,102,32,43,45,76" hai1="7,15,104,9,55,6,107,48,28,75,36,109,94" hai2="13,95,127,5,26,47,24,113,70,90,54,118,23" hai3="86,71,134,133,39,57,37,17,117,135,58,87,2"/><W3/><G71/><T121/><D128/><U29/><E36/><N who="3" m="13898" /><G117/><T74/><D125/><U11/><E75/><V51/><F118/><W40/><G40/><T106/><D115/><U129/><E129/><V81/><F113/><W78/><G17/><T8/><D8/><U16/><E109/><V103/><F70/><W35/><G35/><T20/><D32/><U126/><E126/><V52/><F127/><W27/><G27/><T12/><D102/><U101/><E104/><V122/><F122/><W61/><G58/><T79/><D106/><U38/><E38/><V85/><F54/><N who="3" m="33975" /><G78/><T131/><D74/><U120/><E107/><V0/><F0/><AGARI ba="0,0" hai="0,2,3,86,87,133,134,135" m="33975,13898" machi="0" ten="40,2000,0" yaku="20,1" doraHai="60" who="3" fromWho="2" sc="253,0,327,0,50,-20,370,20" owari="253,-14.7,327,12.7,30,-47.0,390,49.0" /></mjloggm>