<mjloggm ver="2.3"><GO type="225" lobby="0"/><UN n0="%E6%A0%B9%E5%85%83%E3%81%8B%E3%82%89%E5%90%B9%E3%81%A3%E9%A3%9B%E3%81%B6" n1="%E3%81%BE%E3%81%A8%E3%81%9F" n2="%E7%AC%B9%E9%A4%85" n3="%E3%81%B2%E3%81%AA%E3%81%AE%E3%82%8A%E3%81%8F" dan="17,16,18,16" rate="2112.80,2122.97,2237.70,2103.04" sx="F,M,M,M"/><TAIKYOKU oya="0"/><INIT seed="0,0,0,4,1,19" ten="250,250,250,250" oya="0" hai0="95,47,83,133,4,102,11,135,22,101,39,104,114" hai1="105,10,23,90,107,119,98,126,13,43,25,1,111" hai2="49,78,54,30,100,3,14,106,110,44,57,51,108" hai3="65,42,125,92,34,86,2,93,81,103,38,117,21"/><T121/><D114/><U96/><E119/><V124/><F3/><W63/><G34/><T60/><D121/><U20/><E1/><V113/><F113/><W9/><G117/><T85/><D104/><U84/><E111/><N who="2" m="42539" /><F124/><W0/><G125/><T79/><D60/><U122/><E122/><V87/><F30/><W45/><G2/><N who="0" m="407" /><D95/><U56/><E43/><N who="2" m="24735" /><F14/><W64/><G64/><T69/><D69/><U88/><E107/><V134/><F134/><N who="0" m="51210" /><D39/><U8/><E105/><V12/><F12/><W26/><G103/><N who="0" m="39435" /><D47/><U40/><E126/><V50/><F50/><W7/><G63/><T61/><D61/><U76/><E56/><V68/><F68/><W73/><G73/><T53/><D53/><U58/><E40/><V109/><F109/><W15/><G0/><T94/><D94/><U62/><E58/><V70/><F70/><W55/><G55/><T118/><D118/><U129/><E62/><V74/><F74/><W127/><G127/><T82/><D82/><U24/><E129/><V72/><F72/><W99/><G65/><T80/><D80/><U41/><E41/><V116/><F116/><W37/><G37/><T75/><D75/><U27/><E84/><V31/><F100/><W59/><G59/><T32/><D32/><U6/><E96/><V35/><F106/><W120/><G99/><T131/><D131/><U91/><E98/><V66/><F66/><W36/><G36/><T112/><D112/><U71/><E71/><V28/><F35/><W16/><REACH who="3" step="1"/><G120/><REACH who="3" ten="250,250,250,240" step="2"/><T33/><D33/><U89/><N who="1" m="22528" /><DORA hai="67" /><U52/><E52/><V123/><F123/><RYUUKYOKU ba="0,1" sc="250,10,250,-30,250,10,240,10" hai0="22,79,83,85" hai2="28,31,51,54,57,78,87" hai3="7,9,15,16,21,26,38,42,45,81,86,92,93" /><INIT seed="0,1,1,1,4,116" ten="260,220,260,250" oya="0" hai0="8,48,18,75,89,47,61,13,58,131,52,101,55" hai1="72,126,100,96,78,21,26,97,67,134,57,98,74" hai2="63,62,41,86,24,17,130,56,60,15,102,4,6" hai3="32,121,91,119,45,11,113,112,71,59,19,20,105"/><T5/><D131/><U70/><E70/><V122/><F130/><W43/><G71/><T16/><D75/><U65/><E134/><V107/><F122/><W22/><G119/><T125/><D125/><U87/><E74/><V68/><F68/><W51/><G32/><T33/><D33/><U50/><E72/><V12/><F41/><W94/><G105/><T27/><D101/><U132/><E100/><V115/><F115/><W28/><G121/><T36/><D36/><U29/><E126/><V73/><F73/><W35/><G35/><T37/><D37/><U99/><N who="1" m="24576" /><DORA hai="9" /><U23/><E132/><V128/><F107/><W92/><G11/><T133/><D133/><U129/><E129/><V31/><F128/><W38/><G38/><T42/><D89/><U108/><E108/><V93/><F102/><W135/><G135/><T34/><REACH who="0" step="1"/><D42/><REACH who="0" ten="250,220,260,250" step="2"/><U90/><E78/><V104/><F104/><W10/><G91/><T25/><D25/><U76/><E76/><V69/><F24/><W103/><G113/><T7/><D7/><U95/><REACH who="1" step="1"/><E23/><REACH who="1" ten="250,210,260,250" step="2"/><V39/><F86/><W64/><G103/><T83/><D83/><U40/><E40/><V111/><F111/><W114/><G114/><T123/><D123/><U118/><E118/><V14/><F93/><N who="3" m="35947" /><G112/><T106/><D106/><U0/><E0/><V44/><F39/><W110/><G110/><T66/><D66/><U127/><E127/><V85/><F85/><W54/><G64/><T46/><D46/><U81/><E81/><V53/><F44/><W2/><G45/><T117/><D117/><U84/><E84/><RYUUKYOKU ba="1,3" sc="250,15,210,15,260,-15,250,-15" hai0="5,8,13,16,18,27,34,47,48,52,55,58,61" hai1="21,26,29,50,57,65,67,87,90,95" /><INIT seed="0,2,3,2,3,133" ten="265,225,245,235" oya="0" hai0="74,28,20,124,58,100,134,81,78,35,131,19,43" hai1="117,120,88,49,57,84,106,91,45,112,104,80,83" hai2="64,129,54,51,109,27,122,34,37,16,47,87,29" hai3="17,63,82,18,38,108,5,13,99,121,89,21,61"/><T92/><D134/><U15/><E117/><V4/><F122/><W60/><G38/><T30/><D131/><U33/><E33/><V50/><F129/><W128/><G128/><T42/><D124/><U12/><E120/><V36/><F109/><W40/><G108/><T44/><D58/><U96/><E112/><V62/><F4/><W107/><G5/><T2/><D2/><U23/><E106/><V98/><F51/><W71/><G40/><T126/><D126/><U68/><E68/><V0/><F0/><W53/><G121/><T125/><D125/><U105/><E105/><V11/><F98/><W31/><G31/><T132/><D132/><U90/><E104/><V52/><F54/><W41/><G41/><T39/><D35/><U65/><E96/><V8/><F87/><N who="3" m="50423" /><G99/><T113/><D43/><N who="1" m="24767" /><E83/><V94/><F94/><W97/><G97/><T135/><D113/><U101/><E101/><V116/><F116/><W110/><G110/><T24/><D100/><U73/><E73/><V48/><F48/><W115/><G115/><T127/><D127/><U3/><E3/><V66/><F66/><W95/><G95/><T130/><D130/><U111/><E111/><V72/><F72/><W7/><G107/><T69/><D92/><U119/><E119/><V14/><F8/><N who="3" m="4255" /><G71/><AGARI ba="2,3" hai="11,14,16,27,29,34,36,37,47,50,52,62,64,71" machi="71" ten="30,3900,0" yaku="7,1,54,2" doraHai="133" who="2" fromWho="3" sc="265,0,225,0,245,75,235,-45" /><INIT seed="1,0,0,4,1,30" ten="265,225,320,190" oya="1" hai0="58,121,48,108,19,135,123,102,20,0,11,92,12" hai1="114,53,22,94,113,106,89,125,127,80,37,65,28" hai2="15,45,54,73,117,68,99,8,57,55,38,70,49" hai3="109,26,63,134,14,21,81,82,77,95,6,25,18"/><U86/><E37/><V52/><F117/><W62/><G109/><T43/><D108/><U51/><E65/><V13/><F73/><W91/><G134/><T120/><D135/><U67/><E67/><V124/><F124/><N who="1" m="47689" /><E22/><V105/><F38/><W60/><G6/><N who="0" m="1479" /><D58/><U72/><E28/><V131/><F131/><W90/><G81/><T59/><D59/><N who="1" m="33215" /><E106/><V100/><F15/><W61/><N who="3" m="15360" /><DORA hai="88" /><W93/><G91/><T56/><D56/><U66/><E66/><V50/><F54/><W115/><G115/><N who="1" m="44042" /><E72/><V5/><AGARI ba="0,0" hai="5,8,13,45,49,50,52,55,57,68,70,99,100,105" machi="5" ten="20,2700,0" yaku="0,1,7,1,54,1" doraHai="30,88" who="2" fromWho="2" sc="265,-7,225,-13,320,27,190,-7" /><INIT seed="2,0,0,3,4,55" ten="258,212,347,183" oya="2" hai0="130,34,7,115,22,88,109,54,86,93,128,79,5" hai1="8,105,120,68,129,96,40,76,74,82,94,0,31" hai2="116,112,9,124,21,49,78,133,19,42,17,61,80" hai3="56,75,125,25,27,33,48,107,14,131,57,100,135"/><V95/><F95/><W63/><G75/><T6/><D34/><U41/><E129/><N who="0" m="49769" /><D109/><U32/><E68/><V4/><F19/><W85/><G131/><T132/><D132/><U113/><E113/><V123/><F17/><W84/><G135/><T119/><D119/><U26/><E120/><V70/><F4/><W15/><G125/><T2/><D115/><U106/><E8/><V28/><F9/><W90/><G107/><T114/><D114/><U52/><E0/><V39/><F21/><W126/><G126/><T72/><D54/><U62/><E106/><V36/><F28/><W16/><G100/><T29/><D79/><U81/><E81/><V92/><F80/><W20/><G48/><T12/><D12/><U18/><E18/><V134/><F49/><W83/><G85/><T110/><D110/><U53/><E53/><V23/><F112/><W99/><G99/><T66/><D66/><U102/><REACH who="1" step="1"/><E105/><REACH who="1" ten="258,202,347,183" step="2"/><V98/><F134/><W121/><G121/><T69/><D69/><U117/><E117/><V11/><F133/><W35/><G35/><T87/><D6/><U108/><E108/><V91/><F116/><W1/><G1/><T24/><D7/><U38/><E38/><V50/><F39/><W103/><G33/><T67/><D5/><U127/><E127/><V46/><F36/><W111/><G111/><T30/><D2/><U64/><E64/><V73/><F124/><W101/><G16/><T97/><D67/><U47/><E47/><V37/><F46/><W10/><G83/><T60/><D30/><U45/><E45/><V3/><F3/><RYUUKYOKU ba="0,1" sc="258,-10,202,30,347,-10,183,-10" hai1="26,31,32,40,41,52,62,74,76,82,94,96,102" /><INIT seed="3,1,1,0,0,3" ten="248,232,337,173" oya="3" hai0="119,30,75,85,21,54,38,125,26,135,88,49,40" hai1="113,76,34,82,128,57,100,133,29,114,73,53,11" hai2="19,42,9,104,98,93,1,74,91,10,8,67,90" hai3="107,106,12,89,97,14,44,72,47,83,99,25,127"/><W131/><G131/><T2/><D119/><U16/><E128/><V13/><F74/><W92/><G127/><T71/><D71/><U79/><E79/><V18/><F104/><W111/><G111/><T108/><D108/><U24/><E100/><V121/><F121/><W112/><G112/><T4/><D135/><U105/><E105/><V102/><F1/><W7/><G25/><T28/><D75/><U31/><E31/><V23/><F67/><W61/><G61/><T124/><D30/><U35/><E35/><V59/><F42/><W118/><G118/><T84/><D40/><U51/><REACH who="1" step="1"/><E133/><REACH who="1" ten="248,222,337,173" step="2"/><V109/><F109/><W116/><G116/><T96/><D28/><U101/><E101/><V5/><F102/><W6/><G72/><T123/><D125/><U64/><E64/><V46/><F91/><W17/><G89/><T56/><D124/><U63/><E63/><V58/><F90/><W45/><G45/><T39/><D88/><U52/><E52/><V43/><F46/><W33/><G33/><T66/><D66/><U78/><E78/><V32/><F32/><W55/><G55/><T68/><D96/><U126/><E126/><V36/><F98/><W22/><G22/><T20/><D21/><U103/><E103/><V62/><F23/><W129/><G129/><T80/><D20/><U86/><E86/><V60/><F60/><W37/><G92/><T77/><D54/><U115/><E115/><V94/><F62/><W70/><G70/><T130/><D68/><U122/><E122/><V48/><F93/><W132/><G132/><T41/><D130/><RYUUKYOKU ba="1,2" sc="248,-10,222,30,337,-10,173,-10" hai1="11,16,24,29,34,51,53,57,73,76,82,113,114" owari="238,-16.2,252,5.2,347,44.7,163,-33.7" /></mjloggm>