<mjloggm ver="2.3"><GO type="225" lobby="0"/><UN n0="%E5%A4%A7%E5%A4%A7%E5%B2%A1%E5%B1%B1%EF%BC%A0%E6%A8%AA%E6%B5%9C" n1="%E5%8C%97%E6%AC%A7%E3%81%AE%E3%82%82%E3%81%93%E3%81%86" n2="%E5%8D%A0%E3%81%84%E5%B8%AB%E8%A3%8F%E3%81%AA%E3%81%84%E3%81%97" n3="%E5%A4%8F%E9%88%B4%E9%88%B4%E5%A4%8F" dan="16,16,17,16" rate="2163.35,2095.29,2208.18,2101.22" sx="M,M,M,F"/><TAIKYOKU oya="0"/><INIT seed="0,0,0,4,4,103" ten="250,250,250,250" oya="0" hai0="101,22,2,127,35,29,43,107,47,40,74,28,121" hai1="15,24,64,89,70,106,7,76,79,32,105,14,60" hai2="11,46,110,3,118,19,134,37,57,80,116,13,131" hai3="23,36,21,75,54,49,122,132,59,34,98,109,102"/><T93/><D22/><U42/><E42/><N who="2" m="22863" /><F110/><W44/><G109/><T9/><D93/><U39/><E39/><V30/><F30/><W8/><G75/><T65/><D29/><U72/><E32/><V111/><F111/><W128/><G34/><T52/><D65/><U86/><E24/><V112/><F112/><W108/><G108/><T63/><D121/><U120/><E120/><V18/><F134/><W114/><G114/><T66/><D74/><U117/><E117/><N who="2" m="45163" /><F3/><W61/><G132/><T135/><D135/><U115/><E115/><V130/><F57/><W53/><G128/><N who="2" m="49193" /><F80/><W1/><G122/><T31/><D28/><U100/><E72/><V88/><F88/><W16/><G36/><T90/><D90/><U6/><E79/><V69/><F69/><W87/><G87/><T104/><D31/><U94/><E76/><V4/><AGARI ba="0,0" hai="4,11,13,18,19" m="49193,45163,22863" machi="4" ten="30,2000,0" yaku="12,1,19,1" doraHai="103" who="2" fromWho="2" sc="250,-10,250,-5,250,20,250,-5" /><INIT seed="1,0,0,5,3,77" ten="240,245,270,245" oya="1" hai0="35,12,117,24,111,81,88,75,98,48,66,126,27" hai1="21,130,86,13,52,53,39,65,127,44,29,54,87" hai2="121,7,14,57,109,58,118,114,63,74,102,46,4" hai3="32,85,3,22,38,128,76,120,26,64,84,43,124"/><U103/><E130/><V80/><F118/><W19/><G120/><T0/><D117/><U89/><E127/><V106/><F121/><W131/><G124/><T59/><D0/><U40/><E103/><V55/><F109/><W45/><G3/><T132/><D126/><U62/><E87/><V8/><F114/><W31/><G64/><T112/><D112/><U96/><E96/><V122/><F106/><W134/><G134/><T36/><D36/><U41/><E41/><V10/><F102/><W20/><G32/><T61/><D35/><U56/><E29/><V78/><F122/><W99/><G99/><T104/><D111/><U72/><E72/><V101/><F101/><W1/><G1/><T82/><D75/><U115/><E115/><V107/><F107/><W95/><G95/><N who="0" m="56679" /><D104/><U97/><E97/><V94/><F94/><W105/><G105/><T129/><D132/><U92/><E21/><V2/><F58/><W18/><G31/><T51/><D12/><U28/><E28/><V100/><F100/><W16/><G19/><T30/><D129/><N who="3" m="49737" /><G76/><T70/><D70/><U73/><E73/><V119/><F119/><W90/><G90/><T15/><D15/><AGARI ba="0,0" hai="15,16,18,20,22,26,38,43,45,84,85" m="49737" machi="15" ten="30,2000,0" yaku="19,1,54,1" doraHai="77" who="3" fromWho="0" sc="240,-20,245,0,270,0,245,20" /><INIT seed="2,0,0,0,2,85" ten="220,245,270,265" oya="2" hai0="23,29,3,37,14,33,127,68,6,106,82,96,107" hai1="24,26,110,35,2,13,94,66,31,74,122,112,77" hai2="16,52,38,73,130,30,48,46,10,12,0,134,104" hai3="61,45,79,93,97,108,109,129,5,8,64,1,98"/><V132/><F104/><W43/><G129/><T87/><D37/><U95/><E2/><V80/><F130/><W27/><G79/><T70/><D3/><U56/><E112/><V115/><F115/><W83/><G83/><T131/><D131/><U71/><E71/><V60/><F38/><N who="3" m="21751" /><G27/><T84/><D127/><U125/><E125/><V62/><F0/><W20/><G20/><T120/><D120/><U133/><E122/><V41/><F30/><W118/><G93/><T101/><D106/><U40/><E40/><V124/><F124/><W32/><G118/><T90/><D33/><U126/><E77/><N who="2" m="44079" /><F41/><W128/><G32/><T102/><D102/><U86/><E74/><V92/><F92/><W19/><G19/><T72/><D72/><U105/><E95/><V99/><F99/><W42/><G42/><T100/><D100/><U67/><E126/><V69/><F69/><N who="3" m="42127" /><G128/><T65/><D87/><U59/><E86/><V49/><F49/><W50/><G50/><T54/><D29/><U88/><E94/><V113/><F113/><W111/><AGARI ba="0,0" hai="1,5,8,97,98,108,109,111" m="42127,21751" machi="111" ten="30,1100,0" yaku="14,1" doraHai="85" who="3" fromWho="3" sc="220,-3,245,-3,270,-5,265,11" /><INIT seed="3,0,0,2,0,82" ten="217,242,265,276" oya="3" hai0="86,101,107,25,95,92,77,108,36,128,109,44,2" hai1="27,129,99,24,49,79,10,41,4,91,38,50,12" hai2="23,11,84,61,130,126,106,40,96,3,20,28,119" hai3="15,127,78,29,9,1,19,125,71,65,111,116,13"/><W45/><G116/><T17/><D2/><U26/><E129/><V63/><F119/><W83/><G111/><N who="0" m="42571" /><D128/><U115/><E115/><V114/><F114/><W6/><G29/><T120/><D120/><U133/><E133/><V70/><F130/><W66/><G45/><T16/><D107/><U75/><E75/><V53/><F40/><W123/><G1/><T85/><D77/><U93/><E79/><V105/><F70/><W43/><G43/><N who="0" m="22631" /><D25/><U87/><E38/><V58/><F3/><W98/><G98/><N who="0" m="59591" /><D95/><N who="1" m="54783" /><E41/><V34/><F96/><W100/><G100/><AGARI ba="0,0" hai="4,10,12,24,26,27,49,50,93,99,100" m="54783" machi="100" ten="30,2000,0" yaku="8,1,52,1" doraHai="82" who="1" fromWho="3" sc="217,0,242,20,265,0,276,-20" /><INIT seed="4,0,0,3,0,0" ten="217,262,265,256" oya="0" hai0="39,62,8,33,73,17,85,134,87,103,88,27,132" hai1="6,121,91,90,21,46,114,93,83,125,56,76,135" hai2="95,40,34,37,32,14,126,111,77,109,11,55,50" hai3="122,25,71,117,131,116,66,13,44,7,130,100,75"/><T57/><D73/><U38/><E121/><V69/><F69/><W108/><G75/><T31/><D39/><U59/><E135/><N who="0" m="51753" /><D103/><U4/><E125/><V58/><F126/><W20/><G108/><T65/><D17/><U26/><E38/><V96/><F77/><W79/><G122/><T123/><D123/><U41/><E114/><V51/><F37/><W30/><G100/><T112/><D112/><U3/><E3/><V118/><F118/><W115/><G115/><T22/><D8/><U78/><E46/><N who="2" m="25927" /><F32/><W67/><G44/><T127/><D127/><U48/><E41/><V2/><F34/><W23/><G79/><N who="1" m="30250" /><E83/><V5/><F111/><W92/><G92/><N who="0" m="54287" /><D87/><N who="1" m="52447" /><E91/><V105/><F109/><W60/><G117/><T106/><D106/><U119/><E119/><V53/><F105/><W49/><G116/><T86/><D86/><U61/><E48/><V129/><F51/><W80/><G80/><T133/><N who="0" m="51761" /><T107/><DORA hai="84" /><D107/><U72/><E72/><V12/><F96/><W47/><G131/><T43/><D43/><U128/><E128/><V110/><F129/><W1/><G130/><T97/><D97/><U9/><E9/><V124/><F124/><W18/><G49/><T64/><D33/><U101/><E101/><V81/><F110/><W45/><REACH who="3" step="1"/><G66/><AGARI ba="0,0" hai="22,27,31,57,62,64,65,66" m="54287,51761" machi="66" ten="40,7700,0" yaku="20,1,52,1,54,1" doraHai="0,84" who="0" fromWho="3" sc="217,77,262,0,265,0,256,-77" /><INIT seed="4,1,0,5,1,92" ten="294,262,265,179" oya="0" hai0="17,85,27,83,74,120,41,119,105,123,44,121,76" hai1="61,1,91,107,90,21,112,135,49,78,99,47,14" hai2="43,32,93,116,82,9,0,84,50,2,13,109,40" hai3="6,36,28,42,134,132,111,114,64,115,110,79,72"/><T113/><D119/><U101/><E1/><V117/><F109/><N who="3" m="41483" /><G6/><T12/><D105/><U30/><E135/><N who="3" m="51754" /><G28/><T65/><D65/><U10/><E112/><N who="3" m="43050" /><G72/><T106/><D113/><U80/><E61/><V97/><F0/><W62/><G79/><T118/><D118/><U86/><E21/><V5/><F2/><W33/><G33/><T104/><D27/><U87/><E30/><V56/><F32/><W48/><G48/><T94/><D74/><U126/><E126/><V8/><F117/><W31/><G31/><T71/><D71/><U69/><E69/><V25/><F50/><W68/><G42/><T15/><D94/><N who="1" m="58615" /><E87/><V20/><F84/><W58/><G36/><T66/><D85/><U124/><E124/><V53/><F116/><W67/><G68/><T127/><D76/><U122/><E122/><V18/><F43/><W75/><G75/><T77/><D127/><U16/><E107/><V133/><F40/><AGARI ba="1,0" hai="10,14,16,40,47,49,78,80,86,90,91" m="58615" machi="40" ten="30,3900,0" yaku="8,1,52,1,54,1" doraHai="92" who="1" fromWho="2" sc="294,0,262,42,265,-42,179,0" owari="294,9.4,304,40.4,223,-17.7,179,-32.1" /></mjloggm>