<mjloggm ver="2.3"><GO type="225" lobby="0"/><UN n0="%E3%81%90%E3%81%A1%E3%82%84%E3%81%BE" n1="%E3%81%99%E3%81%84%E3%81%BE%E3%81%9B%E3%83%BC%E3%82%93" n2="%E3%81%BF%E3%81%BF%E3%81%9A" n3="%E3%83%A9%E3%83%BC%E3%83%A1%E3%83%B3%E4%BA%94%E9%83%8E" dan="16,18,17,16" rate="2111.03,2218.05,2178.10,2123.54" sx="M,M,M,M"/><TAIKYOKU oya="0"/><INIT seed="0,0,0,2,3,52" ten="250,250,250,250" oya="0" hai0="17,97,96,76,41,30,61,51,11,53,116,20,133" hai1="106,45,42,124,103,4,70,69,81,10,67,48,90" hai2="77,13,119,92,130,60,115,15,105,56,123,127,12" hai3="65,88,55,74,26,27,80,87,49,75,129,94,111"/><T71/><D116/><U104/><E124/><V78/><F105/><W118/><G111/><T32/><D133/><U113/><E113/><V1/><F1/><W95/><G129/><T5/><D41/><U79/><E90/><V135/><F123/><W85/><G118/><T3/><D76/><U73/><E67/><V0/><F0/><W110/><G65/><T120/><D120/><U36/><E48/><V125/><F119/><W8/><G110/><T64/><D30/><U93/><E93/><V68/><F68/><W2/><G74/><T25/><REACH who="0" step="1"/><D32/><REACH who="0" ten="240,250,250,250" step="2"/><U101/><E79/><V66/><F135/><W63/><G75/><T86/><D86/><U7/><E42/><V117/><F115/><W131/><G85/><T21/><D21/><U35/><E35/><V59/><F117/><W29/><G29/><T89/><D89/><U50/><E73/><V100/><F130/><W134/><G131/><T109/><D109/><U23/><E23/><V43/><F43/><W132/><G132/><T46/><AGARI ba="0,1" hai="3,5,11,17,20,25,46,51,53,61,64,71,96,97" machi="46" ten="20,7800,0" yaku="1,1,0,1,7,1,53,1" doraHai="52" doraHaiUra="19" who="0" fromWho="0" sc="240,88,250,-26,250,-26,250,-26" /><INIT seed="0,1,0,1,3,15" ten="328,224,224,224" oya="0" hai0="3,22,7,102,25,59,31,77,108,53,120,68,17" hai1="112,19,110,62,113,61,90,100,118,67,133,101,71" hai2="37,36,130,34,123,74,65,80,117,84,116,109,54" hai3="58,48,121,95,97,45,42,127,46,70,2,64,32"/><T9/><D120/><U13/><E118/><N who="2" m="45675" /><F123/><W124/><G2/><T10/><D68/><U105/><E110/><V26/><F109/><W27/><G121/><T87/><D108/><U132/><E62/><V94/><F130/><W8/><G8/><T44/><D44/><U60/><E60/><V83/><F65/><W29/><G70/><T135/><D135/><N who="1" m="51787" /><E90/><N who="2" m="53575" /><F54/><N who="3" m="32071" /><G64/><T106/><D53/><U119/><E119/><V66/><F66/><W23/><G42/><T96/><D59/><U69/><E69/><V131/><F131/><W6/><G32/><T43/><D43/><U93/><E93/><V41/><F41/><W12/><G124/><T63/><D63/><U103/><E105/><V73/><F83/><W56/><G127/><T24/><D106/><U14/><E14/><V20/><F34/><W79/><G56/><T78/><D3/><U51/><E51/><V39/><F80/><W28/><G12/><T50/><D50/><U111/><E111/><V49/><F49/><W88/><G45/><T40/><D40/><U72/><E72/><V5/><F5/><W107/><G6/><T91/><D7/><U21/><AGARI ba="1,0" hai="13,19,21,61,67,71,100,101,103,112,113" m="51787" machi="21" ten="40,2700,0" yaku="20,1,52,1" doraHai="15" who="1" fromWho="1" sc="328,-14,224,30,224,-8,224,-8" /><INIT seed="1,0,0,0,1,89" ten="314,254,216,216" oya="1" hai0="132,21,50,106,45,94,73,2,108,40,121,76,109" hai1="58,61,80,123,62,70,47,11,68,56,87,54,13" hai2="93,75,29,7,124,49,9,14,53,101,39,17,18" hai3="103,98,104,77,19,30,120,48,71,33,59,122,95"/><U111/><E123/><V52/><F39/><W102/><G71/><T88/><D106/><U131/><E131/><V31/><F75/><W35/><G77/><T65/><D121/><U0/><E0/><V86/><F124/><W12/><G104/><T78/><D132/><U28/><E28/><N who="2" m="10827" /><F53/><W92/><G120/><T82/><D2/><U129/><E129/><V64/><F64/><W15/><G122/><T127/><D127/><U25/><E25/><V57/><F86/><W37/><G37/><T116/><D116/><U51/><E111/><V42/><F42/><W67/><G12/><T72/><D65/><U133/><E133/><V99/><AGARI ba="0,0" hai="7,9,14,17,18,49,52,57,93,99,101" m="10827" machi="99" ten="30,4000,0" yaku="8,1,52,1,54,1" doraHai="89" who="2" fromWho="2" sc="314,-10,254,-20,216,40,216,-10" /><INIT seed="2,0,0,4,2,42" ten="304,234,256,206" oya="2" hai0="10,107,90,43,59,113,75,83,103,114,128,0,1" hai1="89,65,123,28,21,49,45,76,77,23,119,133,34" hai2="40,41,62,60,102,37,105,129,26,88,86,20,7" hai3="61,31,92,126,56,68,11,5,70,9,120,54,104"/><V132/><F7/><W64/><G126/><T124/><D59/><U84/><E119/><V118/><F118/><W63/><G120/><T121/><D121/><U115/><E115/><V4/><F4/><W55/><G104/><T2/><D124/><U71/><E123/><V3/><F3/><W25/><G70/><T19/><D128/><U12/><E133/><V100/><F132/><W24/><G54/><T116/><D116/><U130/><E130/><V98/><F129/><W99/><G5/><T36/><D103/><N who="2" m="39466" /><F98/><W29/><G24/><T39/><D107/><U16/><E34/><V66/><F37/><W109/><G109/><T101/><D101/><U78/><E65/><V18/><F105/><W110/><G110/><T46/><D39/><U125/><E71/><V47/><F66/><W122/><G122/><T27/><D27/><N who="1" m="16495" /><E125/><V15/><F26/><W91/><REACH who="3" step="1"/><G31/><REACH who="3" ten="304,234,256,196" step="2"/><T97/><D114/><U38/><E38/><V111/><F111/><W51/><G51/><T50/><D113/><U94/><E78/><V72/><F40/><AGARI ba="0,1" hai="12,16,23,40,45,49,76,77,84,89,94" m="16495" machi="40" ten="30,3900,0" yaku="8,1,52,1,54,1" doraHai="42" who="1" fromWho="2" sc="304,0,234,49,256,-39,196,0" /><INIT seed="3,0,0,4,5,0" ten="304,283,217,196" oya="3" hai0="55,4,18,56,100,127,115,99,133,32,68,53,130" hai1="94,8,62,73,124,52,31,21,44,88,45,22,10" hai2="93,30,2,50,76,65,121,113,29,112,117,108,111" hai3="16,114,13,61,101,63,58,7,66,60,72,131,97"/><W15/><G114/><N who="2" m="44137" /><F65/><W9/><G131/><T35/><D127/><U84/><E73/><V125/><F76/><W132/><G132/><T59/><D133/><U122/><E122/><V77/><F77/><W75/><G75/><T11/><D68/><U42/><E124/><V38/><F38/><W43/><G43/><T27/><D130/><U118/><E118/><V46/><F125/><W79/><G79/><T91/><D91/><U74/><E74/><V25/><F2/><W116/><G116/><T135/><D135/><U104/><E104/><V39/><F39/><W134/><G72/><T67/><D67/><U107/><E107/><V64/><F64/><W23/><G134/><T26/><D18/><U36/><E45/><V83/><F83/><W128/><G128/><T33/><D56/><U109/><E109/><N who="2" m="42059" /><F117/><W14/><G14/><T126/><D126/><U19/><E36/><V1/><F1/><W78/><G78/><T80/><D80/><U47/><E47/><V48/><F121/><W102/><G102/><T54/><D59/><U87/><E88/><V90/><F46/><W49/><G49/><N who="2" m="19049" /><F25/><W85/><G85/><AGARI ba="0,0" hai="29,30,85,90,93" m="19049,42059,44137" machi="85" ten="30,1000,0" yaku="14,1" doraHai="0" who="2" fromWho="3" sc="304,0,283,0,217,10,196,-10" owari="304,40.4,283,8.3,227,-17.3,186,-31.4" /></mjloggm>