<mjloggm ver="2.3"><GO type="225" lobby="0"/><UN n0="%33%74%72%65%65" n1="%E8%81%B7%E6%A5%AD%E3%80%81%E9%A2%A8%32" n2="%E3%81%A4%E3%81%A3%E3%81%B1%E3%82%8A%E3%83%9D%E3%83%BC%E3%83%AB" n3="%72%69%6F%75%63%68%61%6E" dan="17,16,17,16" rate="2128.87,2183.96,2163.24,2093.51" sx="M,M,M,M"/><TAIKYOKU oya="0"/><INIT seed="0,0,0,0,1,47" ten="250,250,250,250" oya="0" hai0="135,95,130,111,23,8,119,99,34,69,112,58,75" hai1="64,12,103,134,120,107,122,91,11,10,38,36,37" hai2="14,124,55,125,117,74,92,132,35,72,57,98,59" hai3="45,52,40,81,88,108,121,20,70,77,90,82,46"/><T102/><D112/><U87/><E134/><V24/><F132/><W27/><G70/><T6/><D69/><U66/><E103/><V114/><F114/><W13/><G108/><T2/><D135/><U1/><E1/><V43/><F43/><W4/><G121/><T100/><D34/><U9/><E12/><V60/><F117/><W5/><G45/><T84/><D111/><U93/><REACH who="1" step="1"/><E107/><REACH who="1" ten="250,240,250,250" step="2"/><V97/><F14/><W31/><G13/><T96/><D119/><U25/><E25/><V127/><F24/><W83/><G77/><T3/><D3/><U19/><E19/><V101/><F35/><W76/><G76/><T33/><D33/><U106/><E106/><N who="2" m="63791" /><F59/><W118/><G118/><T79/><D58/><U126/><E126/><V86/><F86/><W131/><G4/><T71/><D84/><U115/><E115/><V50/><F60/><W65/><G5/><T22/><D71/><U85/><E85/><V41/><F41/><W32/><G32/><T17/><D17/><U29/><E29/><V44/><F57/><W42/><G40/><T105/><REACH who="0" step="1"/><D130/><REACH who="0" ten="240,240,250,250" step="2"/><U49/><E49/><V129/><F129/><W133/><G131/><T26/><D26/><U30/><E30/><V63/><F63/><W109/><G133/><T73/><D73/><U48/><E48/><V16/><F16/><W15/><G27/><T110/><D110/><U61/><E61/><V21/><F74/><W104/><G109/><T80/><AGARI ba="0,2" hai="2,6,8,22,23,75,79,80,95,96,99,100,102,105" machi="80" ten="30,6000,0" yaku="1,1,0,1,53,1" doraHai="47" doraHaiUra="78" who="0" fromWho="0" sc="240,80,240,-20,250,-20,250,-20" /><INIT seed="0,1,0,4,0,51" ten="320,220,230,230" oya="0" hai0="110,118,63,95,19,93,83,111,49,80,26,45,67" hai1="97,114,99,133,2,122,81,36,12,11,35,34,29" hai2="7,3,65,4,17,61,119,117,113,15,21,24,72" hai3="90,73,132,46,125,101,116,60,130,129,31,43,62"/><T74/><D118/><N who="2" m="45066" /><F72/><W25/><G125/><T39/><D39/><U135/><E122/><V120/><F120/><W14/><G132/><N who="1" m="50762" /><E36/><V134/><F134/><W30/><G73/><T22/><D95/><U91/><E2/><V69/><F113/><W124/><G124/><T1/><D1/><U109/><E109/><N who="0" m="41481" /><D93/><N who="1" m="56511" /><E114/><V37/><F37/><W40/><G116/><T78/><D78/><U16/><E29/><N who="2" m="17551" /><F3/><W59/><G30/><T0/><D0/><U96/><E81/><V105/><F105/><W27/><G31/><T127/><D127/><U131/><E131/><V121/><F121/><W64/><G130/><T71/><D74/><U20/><E20/><AGARI ba="1,0" hai="4,7,15,17,20,61,65,69" m="17551,45066" machi="20" ten="30,1000,0" yaku="12,1" doraHai="51" who="2" fromWho="1" sc="320,0,220,-13,230,13,230,0" /><INIT seed="1,0,0,2,3,4" ten="320,207,243,230" oya="1" hai0="52,111,79,121,110,61,129,30,51,69,74,7,133" hai1="112,120,44,102,70,6,85,108,114,46,10,29,41" hai2="103,15,82,98,127,131,125,62,104,58,8,43,50" hai3="5,67,89,95,107,11,42,76,126,113,20,24,101"/><U92/><E120/><V60/><F131/><W94/><G126/><N who="2" m="48137" /><F82/><W35/><G35/><T84/><D121/><U96/><E70/><V135/><F135/><W38/><G113/><T25/><D133/><U81/><E108/><N who="0" m="41513" /><D74/><U71/><E71/><V53/><F43/><W64/><G76/><T68/><D61/><U63/><E63/><V87/><F87/><W115/><G115/><T47/><D129/><U86/><E86/><V36/><F36/><W49/><G38/><T117/><D117/><U48/><E46/><V134/><F134/><W27/><G27/><T0/><D84/><U118/><E29/><V73/><F73/><W23/><G42/><T119/><D79/><U39/><E39/><V77/><F77/><W132/><G132/><T75/><D75/><U14/><REACH who="1" step="1"/><E118/><REACH who="1" ten="320,197,243,230" step="2"/><V78/><F78/><AGARI ba="0,1" hai="6,10,14,41,44,48,78,81,85,92,96,102,112,114" machi="78" ten="30,18000,2" yaku="1,1,2,1,7,1,25,2,52,1,53,1" doraHai="4" doraHaiUra="40" who="1" fromWho="2" sc="320,0,197,190,243,-180,230,0" /><INIT seed="1,1,0,2,0,93" ten="320,387,63,230" oya="1" hai0="110,60,62,53,65,129,96,42,73,52,7,71,15" hai1="100,117,41,39,20,48,81,67,126,31,8,92,114" hai2="105,88,22,87,118,131,3,54,18,43,49,40,116" hai3="130,127,133,106,82,61,86,36,38,34,132,135,124"/><U108/><E117/><V6/><F105/><W76/><G34/><T17/><D110/><U66/><E114/><V80/><F131/><W2/><G2/><T30/><D129/><U4/><E39/><N who="3" m="14890" /><G106/><T57/><D73/><U14/><E108/><V35/><F35/><W125/><G61/><T115/><D115/><U50/><E126/><V69/><F69/><W77/><G77/><T123/><D123/><U98/><E81/><V45/><F3/><W33/><G33/><T56/><D42/><U78/><E78/><V109/><F109/><W0/><G0/><T91/><D30/><U59/><E67/><V25/><REACH who="2" step="1"/><F6/><REACH who="2" ten="320,387,53,230" step="2"/><W23/><G23/><T79/><D7/><U70/><E70/><V37/><F37/><W112/><G112/><T9/><D71/><U64/><E20/><V44/><F44/><W119/><G119/><AGARI ba="1,1" hai="18,22,25,40,43,45,49,54,80,87,88,116,118,119" machi="119" ten="40,2600,0" yaku="1,1,54,1,53,0" doraHai="93" doraHaiUra="97" who="2" fromWho="3" sc="320,0,387,0,53,39,230,-29" /><INIT seed="2,0,0,4,1,36" ten="320,387,92,201" oya="2" hai0="70,113,4,81,103,101,99,123,76,42,127,58,7" hai1="53,18,115,108,6,87,90,126,64,120,117,54,3" hai2="83,112,10,56,19,118,60,79,51,102,72,135,82" hai3="105,114,45,86,129,67,28,94,34,1,66,107,110"/><V85/><F112/><W15/><G1/><T52/><D70/><U0/><E108/><V124/><F118/><W46/><G110/><T100/><D113/><U75/><E117/><V38/><F38/><W73/><G73/><T43/><D123/><U109/><E109/><V65/><F135/><W5/><G114/><T74/><D127/><U25/><E126/><V93/><F124/><W133/><G133/><T47/><D99/><U31/><E75/><V49/><F93/><W122/><G122/><T97/><D97/><U89/><E89/><V98/><F19/><W14/><G129/><T33/><D33/><U16/><E16/><V20/><F20/><W128/><G128/><T39/><REACH who="0" step="1"/><D43/><REACH who="0" ten="310,387,92,201" step="2"/><U50/><E120/><V30/><F30/><W104/><G34/><T134/><D134/><U44/><E31/><V24/><F24/><W12/><G28/><T22/><D22/><U91/><E25/><V106/><REACH who="2" step="1"/><F10/><REACH who="2" ten="310,387,82,201" step="2"/><W111/><G111/><T116/><D116/><U55/><E115/><V32/><F32/><W21/><G21/><T63/><AGARI ba="0,2" hai="4,7,39,42,47,52,58,63,74,76,81,100,101,103" machi="63" ten="30,8000,1" yaku="1,1,0,1,52,1,54,1,53,1" doraHai="36" doraHaiUra="41" who="0" fromWho="0" sc="310,100,387,-20,82,-40,201,-20" /><INIT seed="3,0,0,1,3,56" ten="410,367,42,181" oya="3" hai0="95,54,12,63,105,124,86,27,113,43,132,78,110" hai1="8,64,44,84,22,45,25,31,39,47,93,58,65" hai2="10,116,134,97,30,34,50,87,98,122,17,62,109" hai3="114,36,133,102,15,7,11,92,18,111,82,14,28"/><W89/><G114/><T115/><D110/><U38/><E38/><V125/><F87/><W32/><G36/><T60/><D132/><U4/><E39/><V37/><F17/><W91/><G133/><T69/><D105/><U101/><E65/><V53/><F10/><W96/><G111/><T103/><D124/><U24/><E24/><V19/><F19/><W59/><G82/><N who="0" m="47447" /><D69/><U80/><E101/><V29/><F50/><W85/><G85/><T51/><D43/><U130/><E93/><V61/><F109/><W107/><G107/><T41/><D41/><U104/><E104/><V119/><F37/><W118/><G118/><T2/><D2/><U129/><E8/><V9/><F9/><N who="3" m="4415" /><G32/><T90/><D103/><U66/><E4/><V49/><F49/><W121/><G28/><T70/><D70/><U5/><E5/><V20/><F134/><W117/><G121/><T128/><D128/><U0/><E0/><V120/><F53/><W35/><G35/><T23/><D12/><U99/><E99/><V88/><F34/><W112/><G112/><N who="0" m="43083" /><D23/><U131/><REACH who="1" step="1"/><E58/><REACH who="1" ten="410,357,42,181" step="2"/><V76/><F20/><W75/><G11/><T52/><D27/><U108/><E108/><V67/><F67/><W40/><G18/><T71/><D71/><U3/><E3/><V72/><F72/><W21/><G75/><T126/><D126/><U57/><E57/><V26/><F26/><W13/><G59/><N who="0" m="33183" /><D54/><U94/><E94/><V106/><F106/><W77/><G21/><T79/><D95/><U48/><E48/><V46/><F125/><W55/><G92/><T123/><D60/><RYUUKYOKU ba="0,1" sc="410,-10,357,30,42,-10,181,-10" hai1="22,25,31,44,45,47,64,66,80,84,129,130,131" owari="410,51.0,387,18.7,32,-46.8,171,-22.9" /></mjloggm>