<mjloggm ver="2.3"><GO type="225" lobby="0"/><UN n0="%E7%99%BD%E6%98%BC%E9%87%8C%E7%9A%84%E5%A4%9C" n1="%E6%A1%9C%E8%8A%B1%E9%96%83%E3%80%85" n2="%E5%91%89%E5%AF%8C%E6%98%A5" n3="%E7%99%BD%E5%80%89%E5%AF%9B%E4%B9%8B" dan="16,16,16,16" rate="2079.10,2134.05,2115.05,2170.72" sx="M,M,M,M"/><TAIKYOKU oya="0"/><INIT seed="0,0,0,5,2,112" ten="250,250,250,250" oya="0" hai0="37,84,9,104,108,126,0,44,16,67,82,76,120" hai1="1,131,66,55,19,64,106,25,97,100,40,70,13" hai2="102,95,34,123,17,26,59,50,110,87,117,72,119" hai3="62,10,77,7,54,125,71,132,21,20,33,124,96"/><T39/><D120/><U57/><E1/><V58/><F123/><W27/><G132/><T42/><D104/><U98/><E131/><V23/><F72/><W134/><G134/><T135/><D135/><U122/><E122/><V130/><F130/><W89/><G77/><T111/><D126/><U8/><E70/><V4/><F110/><N who="0" m="42026" /><D67/><U73/><E73/><V52/><F4/><W94/><G33/><T24/><D0/><U93/><E40/><V129/><F129/><W101/><G101/><T41/><D41/><U80/><E80/><V2/><F2/><W36/><G36/><N who="0" m="21575" /><D24/><U81/><E81/><V69/><F69/><W49/><G27/><T38/><D38/><U86/><E25/><V99/><F34/><W22/><G71/><T113/><D113/><U35/><E35/><V114/><F114/><W14/><REACH who="3" step="1"/><G62/><REACH who="3" ten="250,250,250,240" step="2"/><T128/><D128/><U85/><E100/><V6/><F6/><W75/><G75/><T29/><D29/><U91/><E106/><V15/><F26/><W83/><G83/><T121/><D121/><U51/><E86/><V79/><F87/><W92/><G92/><T103/><D103/><U11/><E85/><V74/><F74/><W3/><G3/><T28/><D28/><U116/><E97/><V118/><REACH who="2" step="1"/><F79/><REACH who="2" ten="250,250,240,240" step="2"/><W61/><G61/><T115/><D115/><U133/><E133/><V107/><F107/><W90/><G90/><T32/><D32/><U12/><E91/><V43/><F43/><W48/><G48/><T45/><D45/><AGARI ba="0,2" hai="15,17,23,45,50,52,58,59,95,99,102,117,118,119" machi="45" ten="40,12000,2" yaku="1,1,12,1,52,3,54,1,53,0" doraHai="112" doraHaiUra="127" who="2" fromWho="0" sc="250,-120,250,0,240,140,240,0" /><AGARI ba="0,0" hai="7,10,14,20,21,22,45,49,54,89,94,96,124,125" machi="45" ten="40,1300,0" yaku="1,1,53,0" doraHai="112" doraHaiUra="127" who="3" fromWho="0" sc="130,-13,250,0,380,0,240,13" /><INIT seed="1,0,0,0,0,66" ten="117,250,380,253" oya="1" hai0="62,123,18,25,8,53,60,84,127,34,101,56,120" hai1="131,67,50,91,52,73,42,116,1,30,132,81,76" hai2="124,12,64,119,129,61,6,128,105,40,45,32,65" hai3="111,71,68,33,38,54,135,97,23,39,113,108,92"/><U69/><E116/><V58/><F119/><W83/><G33/><T82/><D101/><U13/><E1/><V11/><F32/><W19/><G113/><T37/><D37/><N who="3" m="13833" /><G83/><T55/><D127/><U100/><E132/><V48/><F105/><W87/><G87/><T112/><D112/><U29/><E131/><N who="2" m="50251" /><F124/><W22/><G54/><AGARI ba="0,0" hai="6,11,12,40,45,48,54,58,61,64,65" m="50251" machi="54" ten="30,1000,0" yaku="19,1" doraHai="66" who="2" fromWho="3" sc="117,0,250,0,380,10,253,-10" /><INIT seed="2,0,0,4,3,92" ten="117,250,390,243" oya="2" hai0="130,91,9,39,18,101,36,73,64,6,58,106,60" hai1="43,84,108,77,110,107,127,41,66,44,76,93,129" hai2="51,102,16,37,5,67,35,82,125,33,94,11,112" hai3="131,62,15,0,68,63,75,57,50,10,45,86,126"/><V97/><F112/><W2/><G75/><T79/><D91/><N who="1" m="53479" /><E129/><V70/><F37/><W89/><G68/><T22/><D18/><U69/><E107/><V120/><F120/><W118/><G126/><T21/><D22/><U47/><E127/><V81/><F125/><W113/><G131/><T53/><D21/><U55/><E69/><V83/><F51/><W85/><G85/><T8/><D130/><U29/><E66/><V114/><F114/><W99/><G99/><T3/><D9/><U13/><E29/><V121/><F121/><W87/><G87/><T111/><D111/><N who="1" m="42539" /><E55/><V59/><F70/><W105/><G118/><T117/><D117/><U71/><E13/><V133/><F133/><W20/><G20/><T12/><D12/><U104/><E104/><V48/><F35/><W52/><G105/><T134/><D134/><U40/><E71/><V17/><F33/><W19/><G113/><T61/><D64/><U38/><E41/><V26/><F26/><W28/><G28/><T1/><D1/><U65/><E65/><V32/><F32/><W7/><G7/><T95/><D95/><U88/><E88/><V128/><F128/><W78/><G78/><T90/><D90/><U124/><E124/><V119/><F119/><W42/><REACH who="3" step="1"/><G63/><REACH who="3" ten="117,250,390,233" step="2"/><T14/><D61/><U100/><E100/><V49/><F102/><W80/><AGARI ba="0,1" hai="0,2,10,15,19,42,45,50,52,57,62,80,86,89" machi="80" ten="20,12000,2" yaku="1,1,2,1,0,1,7,1,54,1,53,2" doraHai="92" doraHaiUra="34" who="3" fromWho="3" sc="117,-30,250,-30,390,-60,233,130" /><INIT seed="3,0,0,1,3,4" ten="87,220,330,363" oya="3" hai0="87,72,133,118,79,47,28,24,129,89,98,121,122" hai1="14,132,116,29,70,128,73,78,40,102,36,27,68" hai2="99,52,37,16,9,30,96,84,76,123,124,104,42" hai3="81,39,51,13,125,108,82,19,43,5,22,12,91"/><W117/><G39/><T86/><D47/><N who="1" m="23943" /><E14/><N who="2" m="7247" /><F104/><W20/><G108/><T80/><D24/><U15/><E15/><V18/><F124/><W65/><G125/><T112/><D28/><U57/><E57/><V130/><F130/><W85/><G117/><T60/><D60/><U50/><E50/><V35/><F37/><W55/><G65/><T6/><D6/><U31/><E31/><V115/><F115/><W2/><G2/><T131/><D118/><U25/><E25/><V0/><F0/><W63/><G63/><T93/><D112/><U3/><E102/><V69/><F69/><W67/><G67/><T48/><D48/><U64/><E64/><V94/><F123/><W38/><G38/><T7/><D7/><U23/><E23/><V135/><F135/><W90/><G43/><T44/><D44/><U33/><E116/><V105/><F105/><W11/><G22/><T119/><D119/><U127/><E127/><V111/><F35/><W103/><G103/><T113/><D113/><U53/><E53/><V17/><F111/><W58/><G82/><T8/><D8/><U74/><E3/><V75/><F42/><W56/><G56/><T49/><D49/><U134/><E27/><V54/><F30/><W62/><G51/><T106/><D133/><U88/><E134/><V32/><F32/><W114/><G114/><T59/><D59/><U21/><E33/><V109/><F109/><W126/><G126/><T110/><D110/><U71/><E71/><V66/><F66/><W100/><G100/><T61/><D61/><U77/><E132/><V101/><F101/><RYUUKYOKU ba="0,0" sc="87,-10,220,-10,330,-10,363,30" hai3="5,11,12,13,19,20,55,58,62,81,85,90,91" owari="77,-42.3,210,-19.0,320,12.0,393,49.3" /></mjloggm>