<mjloggm ver="2.3"><GO type="225" lobby="0"/><UN n0="%72%65%6E%6B%75%6E" n1="%E3%83%A9%E3%82%B9%E7%8E%87%EF%BC%93%E5%89%B2" n2="%E3%81%94%E3%83%BC%E3%81%A9%E3%82%93" n3="%72%61%6B%33" dan="17,17,16,16" rate="2200.85,2182.12,2098.41,2168.10" sx="M,F,M,M"/><TAIKYOKU oya="0"/><INIT seed="0,0,0,5,1,70" ten="250,250,250,250" oya="0" hai0="4,10,45,2,76,90,79,104,22,34,77,91,33" hai1="19,66,68,1,40,69,14,39,87,64,61,74,37" hai2="93,84,116,73,132,21,42,20,56,123,75,122,65" hai3="102,127,101,32,5,15,35,3,94,24,105,46,6"/><T131/><D131/><U129/><E74/><V0/><F42/><W112/><G105/><T67/><D104/><U95/><E1/><V83/><F93/><W134/><G3/><T55/><D67/><U92/><E129/><V52/><F0/><W107/><G107/><T54/><D22/><U110/><E110/><V97/><F65/><W26/><G94/><T96/><D96/><U130/><E130/><V100/><F116/><W121/><G15/><T111/><D111/><U58/><E40/><V48/><F132/><W108/><G46/><T80/><D45/><U89/><E92/><V71/><F71/><W59/><G59/><T115/><D115/><U98/><E58/><V17/><F97/><W57/><G57/><T117/><D117/><U62/><REACH who="1" step="1"/><E87/><REACH who="1" ten="250,240,250,250" step="2"/><V133/><F56/><W25/><G108/><T51/><D80/><U38/><E38/><V82/><F83/><W81/><G81/><T99/><D99/><U13/><E13/><V78/><F82/><W8/><G112/><T72/><D72/><U18/><E18/><V27/><F75/><W31/><G5/><T85/><D85/><U7/><E7/><V120/><F73/><W9/><G6/><T23/><D51/><U114/><E114/><V118/><F84/><W106/><G106/><T36/><D36/><U103/><E103/><V126/><F100/><W119/><G102/><T43/><D43/><U63/><E63/><V53/><F120/><W47/><G101/><T49/><D49/><U30/><E30/><V113/><F48/><W11/><G31/><T135/><D2/><U60/><E60/><RYUUKYOKU ba="0,1" sc="250,-10,240,30,250,-10,250,-10" hai1="14,19,37,39,61,62,64,66,68,69,89,95,98" /><INIT seed="1,1,1,4,4,120" ten="240,270,240,240" oya="1" hai0="37,54,39,108,122,97,59,114,98,4,106,125,71" hai1="94,17,43,65,19,75,24,20,133,41,44,113,0" hai2="70,117,42,69,51,61,116,104,64,73,109,96,48" hai3="26,11,6,52,89,115,86,46,30,129,40,49,25"/><U91/><E113/><V62/><F73/><W31/><G129/><T118/><D4/><U112/><E112/><V134/><F96/><W77/><G77/><T128/><D97/><U9/><E133/><V23/><F23/><W135/><G135/><T38/><D98/><U3/><E75/><V130/><F104/><W7/><G115/><T21/><D21/><U132/><E65/><N who="2" m="41135" /><F134/><W78/><G78/><T35/><D59/><U58/><E58/><V103/><F103/><W110/><G110/><T60/><D60/><U105/><E105/><V127/><F130/><W119/><G119/><N who="2" m="45641" /><F127/><W57/><G26/><T123/><D54/><U18/><E132/><V95/><F95/><W68/><G68/><T87/><D87/><U90/><E90/><V10/><F10/><W27/><G27/><T16/><D106/><U53/><E3/><V93/><F93/><W101/><G101/><T124/><D71/><U33/><E33/><V45/><F48/><W80/><G25/><T66/><D35/><U32/><E32/><V28/><F28/><W29/><REACH who="3" step="1"/><G11/><REACH who="3" ten="240,270,240,230" step="2"/><T15/><D114/><U55/><E9/><V85/><F85/><W34/><G34/><T47/><D118/><U81/><E24/><V5/><F5/><W100/><G100/><T126/><D128/><U84/><E20/><V63/><F63/><AGARI ba="1,2" hai="6,7,29,30,31,40,46,49,52,57,63,80,86,89" machi="63" ten="40,5200,0" yaku="1,1,8,1,54,1,53,0" doraHai="120" doraHaiUra="8" who="3" fromWho="2" sc="240,0,270,0,240,-55,230,75" /><INIT seed="2,0,0,2,0,31" ten="240,270,185,305" oya="2" hai0="38,107,1,134,90,120,43,106,67,132,126,133,23" hai1="80,77,79,6,7,28,123,89,100,27,56,130,19" hai2="34,57,127,124,118,70,18,84,88,103,46,62,39" hai3="117,14,30,78,32,66,97,60,110,93,98,116,81"/><V8/><F118/><W5/><G110/><T21/><D120/><U85/><E130/><V55/><F103/><W112/><G112/><T10/><D126/><N who="2" m="48170" /><F70/><W104/><G14/><T114/><D114/><U48/><E123/><V35/><F18/><W74/><G5/><N who="0" m="1327" /><D67/><U108/><E108/><V122/><F122/><W44/><G44/><N who="0" m="23671" /><D90/><U71/><E71/><V86/><F8/><W2/><G2/><T20/><AGARI ba="0,0" hai="20,21,23,106,107,132,133,134" m="23671,1327" machi="20" ten="40,1500,0" yaku="20,1" doraHai="31" who="0" fromWho="0" sc="240,15,270,-4,185,-7,305,-4" /><INIT seed="3,0,0,3,0,134" ten="255,266,178,301" oya="3" hai0="86,71,101,74,107,129,48,5,62,79,87,31,32" hai1="68,128,4,21,108,57,67,81,8,111,110,25,12" hai2="133,89,56,49,93,53,126,30,130,42,3,7,45" hai3="40,47,92,114,80,120,132,13,72,33,115,122,123"/><W58/><G33/><T37/><D37/><U44/><E68/><V9/><F133/><W23/><G132/><T52/><D129/><U28/><E128/><V34/><F34/><W135/><G135/><T50/><D5/><U27/><E44/><V26/><F130/><W1/><G1/><T10/><D10/><U69/><E69/><V105/><F105/><W121/><G121/><T6/><D6/><U19/><E81/><V17/><F17/><W102/><G58/><N who="0" m="33047" /><D48/><U77/><E77/><V125/><F26/><W91/><G102/><T43/><D43/><U78/><E78/><V14/><F30/><W76/><G13/><T35/><D79/><U61/><REACH who="1" step="1"/><E28/><REACH who="1" ten="255,256,178,301" step="2"/><V106/><F106/><W88/><G47/><T90/><D74/><U39/><E39/><V66/><F66/><W118/><G123/><T16/><D31/><U83/><E83/><V65/><F65/><W41/><G122/><T84/><D32/><U94/><E94/><V70/><F70/><W55/><G120/><T85/><D35/><U24/><AGARI ba="0,1" hai="4,8,12,19,21,24,25,27,57,61,67,108,110,111" machi="24" ten="40,8000,1" yaku="1,1,0,1,14,1,53,1" doraHai="134" doraHaiUra="2" who="1" fromWho="1" sc="255,-20,256,90,178,-20,301,-40" owari="235,-16.5,346,44.6,158,-34.2,261,6.1" /></mjloggm>