<mjloggm ver="2.3"><GO type="225" lobby="0"/><UN n0="%E7%99%BD%E5%80%89%E5%AF%9B%E4%B9%8B" n1="%E3%83%96%E3%83%83%E3%83%91%E3%82%AA%E3%83%96%E3%83%81%E3%82%AD%E3%83%B3" n2="%E5%91%A8%E6%9D%B1" n3="%E3%81%95%E3%81%8D%E3%81%9F%E3%81%BE%E6%9E%97%E6%AA%8E" dan="16,17,16,16" rate="2148.19,2191.19,2229.62,2080.19" sx="M,M,M,M"/><TAIKYOKU oya="0"/><INIT seed="0,0,0,5,2,6" ten="250,250,250,250" oya="0" hai0="46,33,85,62,24,111,15,92,65,106,123,12,9" hai1="113,68,27,11,51,1,114,32,70,122,36,53,16" hai2="109,14,121,104,47,63,120,37,10,94,99,125,0" hai3="129,97,107,29,135,79,117,23,7,39,34,127,93"/><T59/><D106/><U3/><E122/><V112/><F112/><N who="1" m="43113" /><E36/><V38/><F0/><N who="1" m="73" /><E32/><V131/><F131/><W84/><G39/><T66/><D123/><U2/><E27/><V130/><F104/><W28/><G117/><T41/><D111/><U95/><E95/><V60/><F109/><W134/><G129/><T56/><D33/><U71/><N who="1" m="81" /><U31/><DORA hai="108" /><E31/><V89/><F130/><W54/><G127/><T75/><D24/><U18/><E11/><V86/><F125/><W110/><G110/><T17/><D15/><U49/><E53/><V102/><F37/><W61/><G54/><T74/><D92/><U100/><E100/><V20/><F121/><W101/><G29/><T98/><D98/><U116/><E116/><V69/><F99/><W43/><G101/><T22/><D22/><U96/><E96/><V35/><F20/><W55/><G93/><T19/><D19/><AGARI ba="0,0" hai="16,18,19,49,51,68,70,71" m="81,43113" machi="19" ten="50,12000,2" yaku="28,2,11,1,52,3,54,1" doraHai="6,108" who="1" fromWho="0" sc="250,-120,250,120,250,0,250,0" /><INIT seed="1,0,0,1,3,42" ten="130,370,250,250" oya="1" hai0="23,117,50,63,93,79,52,108,47,34,100,102,65" hai1="121,120,64,107,36,115,49,96,55,104,1,8,135" hai2="58,27,43,125,15,77,105,131,60,99,109,74,9" hai3="76,20,17,7,14,87,118,57,91,38,80,119,6"/><U83/><E115/><V68/><F68/><W2/><G38/><T59/><D34/><U98/><E36/><V21/><F109/><W35/><G35/><T44/><D108/><U90/><E64/><V123/><F123/><W92/><G57/><N who="0" m="37103" /><D117/><N who="3" m="44553" /><G2/><T33/><D33/><U97/><E135/><V54/><F131/><W84/><AGARI ba="0,0" hai="6,7,14,17,20,76,80,84,87,91,92" m="44553" machi="84" ten="30,1100,0" yaku="12,1" doraHai="42" who="3" fromWho="3" sc="130,-3,370,-5,250,-3,250,11" /><INIT seed="2,0,0,2,1,64" ten="127,365,247,261" oya="2" hai0="69,62,121,53,10,25,124,98,28,108,116,72,127" hai1="104,75,20,65,36,58,97,130,39,92,103,37,80" hai2="70,24,122,56,88,52,135,102,12,57,51,126,63" hai3="49,83,66,87,101,32,125,100,34,133,44,68,43"/><V82/><F126/><N who="0" m="48170" /><D72/><U107/><E130/><V6/><F135/><W132/><G125/><T22/><D121/><U67/><E75/><V46/><F122/><W48/><G48/><T131/><D131/><U0/><E0/><V117/><F117/><W91/><G101/><T112/><D116/><U26/><E80/><V74/><F102/><W9/><G100/><T35/><D112/><U73/><E73/><V94/><F24/><W79/><G79/><T60/><D108/><U61/><REACH who="1" step="1"/><E67/><REACH who="1" ten="127,355,247,261" step="2"/><V90/><F74/><W3/><G66/><N who="0" m="41159" /><D98/><U99/><E99/><V95/><F82/><W17/><G83/><T84/><D84/><U120/><E120/><V134/><F134/><W47/><G87/><T31/><D10/><U78/><E78/><V4/><F90/><W111/><G91/><T109/><D109/><U89/><E89/><V21/><F88/><W59/><G9/><T45/><D45/><U85/><E85/><V5/><F46/><W19/><G47/><T42/><D42/><U1/><E1/><V2/><F2/><W40/><G3/><T38/><D38/><U27/><E27/><V16/><F70/><W71/><G68/><T41/><D41/><U33/><E33/><V50/><F57/><W123/><G34/><T93/><D93/><AGARI ba="0,1" hai="4,5,6,12,16,21,50,51,52,56,63,93,94,95" machi="93" ten="40,7700,0" yaku="8,1,54,2" doraHai="64" who="2" fromWho="0" sc="127,-77,355,0,247,87,261,0" /><INIT seed="2,1,0,5,3,3" ten="50,355,334,261" oya="2" hai0="120,46,1,63,73,13,56,87,29,21,123,33,49" hai1="57,27,106,40,127,9,114,124,16,35,53,34,100" hai2="31,50,109,44,10,30,130,25,17,77,14,11,22" hai3="125,92,48,19,80,69,37,61,5,115,97,134,76"/><V108/><F130/><W6/><G37/><T59/><D73/><U84/><E114/><V72/><F72/><W117/><G117/><T112/><D1/><U65/><E40/><V133/><F77/><W54/><G115/><T28/><D112/><U93/><E65/><V104/><F104/><W88/><G134/><T67/><D33/><U135/><E106/><V43/><F133/><W38/><G38/><T75/><D75/><U85/><E135/><V7/><REACH who="2" step="1"/><F10/><REACH who="2" ten="50,355,324,261" step="2"/><W103/><G125/><T107/><D123/><U99/><E127/><V68/><F68/><W20/><G76/><T131/><D120/><U36/><E124/><V105/><F105/><W45/><G69/><T79/><D131/><U94/><E9/><V129/><F129/><W118/><G118/><T42/><D107/><U90/><E36/><V89/><F89/><W12/><G61/><T0/><D0/><U18/><E85/><AGARI ba="1,1" hai="5,6,12,19,20,45,48,54,80,85,88,92,97,103" machi="85" ten="40,8000,1" yaku="8,1,52,2,54,1" doraHai="3" who="3" fromWho="1" sc="50,0,355,-83,324,0,261,93" /><INIT seed="3,0,0,3,2,122" ten="50,272,324,354" oya="3" hai0="116,99,64,105,135,121,67,48,130,24,78,85,17" hai1="95,109,118,131,110,26,45,19,77,54,70,128,134" hai2="27,49,60,14,101,53,75,33,34,21,29,87,51" hai3="38,57,80,52,8,9,125,127,71,0,76,32,2"/><W106/><G32/><T66/><D17/><U132/><E70/><V39/><F75/><W59/><G71/><T89/><D24/><U84/><E118/><V83/><F39/><W42/><G106/><T129/><D121/><U22/><E45/><V97/><F14/><W91/><G91/><T104/><D89/><N who="1" m="53671" /><E54/><V13/><F13/><W119/><G119/><T58/><D116/><U3/><E77/><V65/><F34/><W81/><G42/><T92/><D78/><U30/><E30/><V123/><F123/><W25/><G25/><T108/><D85/><U86/><E86/><V46/><F51/><N who="3" m="30879" /><G59/><T74/><D58/><U117/><E3/><N who="3" m="1066" /><G38/><T73/><D48/><U82/><E82/><N who="3" m="31850" /><G76/><T23/><D92/><U124/><E117/><V43/><F43/><W50/><G50/><T98/><D23/><U120/><E120/><V5/><F33/><W112/><G112/><T62/><D62/><U35/><E35/><V31/><F31/><W93/><G93/><T16/><D16/><U11/><E11/><V6/><F65/><W4/><G4/><T37/><D37/><U115/><E115/><V63/><F5/><W100/><G100/><T103/><D103/><U94/><E94/><N who="2" m="58551" /><F6/><W126/><AGARI ba="0,0" hai="8,9,125,126,127" m="31850,1066,30879" machi="126" ten="40,3900,0" yaku="18,1,54,1" doraHai="122" who="3" fromWho="3" sc="50,-13,272,-13,324,-13,354,39" owari="37,-46.3,259,-14.1,311,11.1,393,49.3" /></mjloggm>