<mjloggm ver="2.3"><GO type="225" lobby="0"/><UN n0="%E3%81%AF%E3%82%88%E3%81%8A%E3%81%98%E3%81%95%E3%82%93" n1="%33%74%72%65%65" n2="%E7%89%B9%E6%9D%B1%E3%81%AF%E4%B8%96%E7%95%8C%E3%82%92%E6%95%91%E3%81%86" n3="%47%48%4F%53%54" dan="17,17,16,18" rate="2150.71,2222.26,2177.55,2207.56" sx="M,F,M,M"/><TAIKYOKU oya="0"/><INIT seed="0,0,0,0,5,32" ten="250,250,250,250" oya="0" hai0="117,26,7,107,39,21,76,12,24,9,105,17,75" hai1="10,128,1,47,31,93,40,18,122,109,53,19,38" hai2="106,37,65,67,80,125,4,112,51,13,100,87,126" hai3="23,11,74,44,69,124,91,95,60,73,28,108,5"/><T71/><D117/><U114/><E122/><V54/><F37/><W130/><G124/><N who="2" m="47721" /><F112/><W110/><G130/><T118/><D118/><U83/><E128/><V96/><F4/><W98/><G44/><T135/><D135/><U14/><E114/><V33/><F13/><W72/><G23/><T97/><D71/><U66/><E109/><N who="3" m="42090" /><G28/><T30/><D39/><U3/><E31/><V115/><F115/><W132/><G132/><T35/><D97/><U121/><E121/><V58/><F33/><W92/><G92/><T0/><D26/><U123/><E123/><V134/><F134/><W131/><G131/><T55/><D55/><U99/><E83/><AGARI ba="0,0" hai="0,7,9,12,17,21,24,30,35,75,76,83,105,107" machi="83" ten="40,7700,0" yaku="24,2,52,1" doraHai="32" who="0" fromWho="1" sc="250,77,250,-77,250,0,250,0" /><INIT seed="0,1,0,5,5,6" ten="327,173,250,250" oya="0" hai0="0,23,98,90,93,115,72,119,31,65,32,128,107" hai1="50,29,26,117,49,34,52,89,1,44,8,27,75" hai2="13,130,15,77,127,91,24,132,82,104,114,109,30" hai3="73,33,62,64,67,96,85,22,36,56,121,84,124"/><T3/><D115/><U9/><E117/><V16/><F114/><W55/><G33/><T80/><D119/><U120/><E120/><V88/><F104/><W45/><G73/><T122/><D122/><U28/><E75/><V103/><F103/><W113/><G121/><T100/><D32/><U4/><E89/><V68/><F68/><W129/><G113/><T111/><D65/><U63/><E63/><V25/><F109/><W5/><G124/><T58/><D58/><U51/><REACH who="1" step="1"/><E9/><REACH who="1" ten="327,163,250,250" step="2"/><V61/><F61/><W53/><G62/><T66/><D72/><U81/><E81/><V102/><F91/><W95/><G67/><T101/><D80/><U43/><E43/><V21/><F88/><W99/><G64/><T92/><D66/><U47/><E47/><V86/><F82/><W39/><G45/><T59/><D90/><U97/><E97/><V17/><F77/><W37/><G96/><T70/><D98/><U105/><E105/><V69/><F86/><W94/><G99/><T60/><D60/><U87/><E87/><V110/><F110/><W42/><G85/><T112/><D111/><U106/><E106/><V54/><F69/><W19/><G84/><T2/><D107/><U46/><E46/><V134/><F127/><W20/><G42/><T123/><D70/><U108/><E108/><V131/><F102/><W35/><G95/><N who="0" m="36427" /><D123/><U135/><E135/><V10/><F134/><W74/><G94/><T12/><D112/><U79/><E79/><V133/><F133/><W18/><G74/><T118/><D101/><U11/><E11/><V71/><F132/><RYUUKYOKU ba="1,1" sc="327,-10,163,30,250,-10,250,-10" hai1="1,4,8,26,27,28,29,34,44,49,50,51,52" /><INIT seed="1,2,1,0,1,83" ten="317,193,240,240" oya="1" hai0="73,94,0,2,103,111,106,40,85,101,115,61,72" hai1="125,41,60,55,64,98,132,121,70,51,133,118,30" hai2="4,15,86,116,79,114,127,27,99,124,14,35,12" hai3="112,44,17,36,58,74,89,69,75,134,25,53,96"/><U66/><E30/><N who="2" m="19935" /><F116/><W65/><G112/><T131/><D61/><N who="1" m="40207" /><E98/><V97/><F4/><W81/><G134/><N who="1" m="51818" /><E118/><V6/><F6/><W57/><G69/><T21/><D106/><U10/><E10/><V31/><F31/><W100/><G65/><T47/><D115/><U7/><E7/><V92/><F114/><W16/><G36/><T113/><D113/><U46/><E121/><V11/><F11/><W8/><G8/><T29/><D29/><U9/><E9/><V63/><F63/><W23/><G75/><T77/><D73/><U135/><N who="1" m="51826" /><U34/><DORA hai="110" /><E34/><V82/><F92/><W107/><G74/><T38/><D72/><U109/><E109/><V24/><F24/><W80/><G17/><T39/><D111/><U78/><E78/><V123/><F123/><W18/><G18/><T62/><D77/><U45/><E125/><AGARI ba="2,1" hai="12,14,15,79,82,86,97,99,124,125,127" m="19935" machi="125" ten="30,2000,0" yaku="18,1,52,1" doraHai="83,110" who="2" fromWho="1" sc="317,0,193,-26,240,36,240,0" /><INIT seed="2,0,0,5,0,71" ten="317,167,276,240" oya="2" hai0="7,62,31,29,35,92,1,108,57,48,129,90,17" hai1="101,68,59,76,5,113,18,134,23,91,19,118,89" hai2="44,125,81,63,80,61,25,64,78,126,110,132,114" hai3="27,45,58,106,20,135,60,112,10,75,74,133,79"/><V32/><F114/><W98/><G112/><T67/><D35/><U128/><E68/><V26/><F132/><N who="3" m="50763" /><G79/><T36/><D36/><U39/><E113/><V14/><F110/><W84/><G84/><T116/><D108/><U70/><E70/><V38/><F14/><W104/><G45/><T115/><D115/><U12/><E118/><V22/><F32/><W130/><G10/><T24/><D1/><U41/><E134/><V100/><F100/><N who="3" m="62487" /><G106/><T13/><D129/><U11/><E128/><V43/><F80/><W16/><G130/><T111/><D116/><U103/><E76/><V40/><F40/><W95/><G95/><T87/><D111/><U2/><E59/><V33/><F33/><W127/><G127/><N who="2" m="48649" /><F64/><AGARI ba="0,0" hai="16,20,27,58,60,64,74,75" m="62487,50763" machi="64" ten="30,2000,0" yaku="20,1,54,1" doraHai="71" who="3" fromWho="2" sc="317,0,167,0,276,-20,240,20" /><INIT seed="3,0,0,2,5,114" ten="317,167,256,260" oya="3" hai0="111,76,40,135,86,112,108,91,122,70,42,47,120" hai1="50,19,92,22,121,118,21,72,5,17,55,67,78" hai2="27,117,0,71,133,83,65,128,29,68,90,10,88" hai3="6,81,132,20,109,106,80,43,63,52,30,100,28"/><W1/><G132/><T89/><D70/><U104/><E121/><N who="0" m="46697" /><D135/><U2/><E104/><V79/><F133/><W46/><G109/><N who="0" m="42059" /><D112/><U103/><E67/><V39/><F39/><W126/><G20/><T57/><D57/><U18/><E72/><V119/><F128/><W95/><G81/><N who="0" m="47399" /><D40/><U99/><E78/><V45/><F45/><W75/><G46/><T35/><D35/><U102/><E102/><V131/><F131/><W23/><G100/><T110/><D110/><U107/><E107/><V59/><F59/><W130/><G43/><T97/><D97/><U73/><E73/><V116/><F71/><W115/><G75/><T44/><D44/><U62/><E62/><V54/><F54/><W26/><G52/><T8/><D8/><U98/><E98/><V12/><F65/><W94/><G63/><T37/><AGARI ba="0,0" hai="37,42,47,89,91" m="47399,42059,46697" machi="37" ten="30,1100,0" yaku="14,1" doraHai="114" who="0" fromWho="0" sc="317,11,167,-3,256,-3,260,-5" owari="328,42.8,164,-33.6,253,-14.7,255,5.5" /></mjloggm>