<mjloggm ver="2.3"><GO type="225" lobby="0"/><UN n0="%E5%B8%86%E7%AB%8B%E5%A4%8F%E8%A1%A3" n1="%E4%BF%BA%E3%81%A8%E5%A6%96%E5%A4%A2" n2="%E6%9D%B1%E9%A2%A8%E3%81%AE%E3%81%8D%E3%82%83%E3%81%B7%E3%81%95%E3%82%93" n3="%E6%9C%88%E5%B3%B6%E5%9F%BA" dan="17,16,16,17" rate="2152.46,2249.25,2193.30,2213.67" sx="M,F,M,M"/><TAIKYOKU oya="0"/><INIT seed="0,0,0,5,3,73" ten="250,250,250,250" oya="0" hai0="67,44,30,81,108,40,32,121,105,93,91,43,9" hai1="37,100,45,33,124,87,58,3,71,95,13,103,10" hai2="119,18,63,22,96,23,89,1,2,131,133,107,31" hai3="53,34,41,59,110,38,8,70,57,134,94,130,20"/><T60/><D121/><U127/><E71/><V48/><F133/><W28/><G34/><T116/><D116/><U49/><E33/><V135/><F131/><W129/><G70/><T90/><D105/><U97/><E3/><V76/><F119/><W77/><G110/><T25/><D9/><U99/><E58/><V0/><F135/><W117/><G117/><T12/><D12/><U27/><E27/><V35/><F63/><W15/><G94/><T66/><D108/><U21/><E21/><V11/><F48/><W4/><G134/><T120/><D120/><U55/><E87/><V14/><F76/><W115/><G77/><T112/><D112/><U61/><E61/><V126/><F126/><W106/><G106/><T80/><D91/><U111/><E37/><V52/><F52/><W54/><G115/><T104/><D104/><U64/><E64/><V122/><F122/><W72/><G72/><T85/><D43/><U86/><E86/><V78/><F78/><W113/><G41/><T128/><D128/><N who="3" m="49257" /><G38/><T114/><D114/><U84/><E84/><V6/><F89/><W29/><G113/><T62/><D62/><U65/><E65/><V125/><F125/><N who="1" m="48201" /><E111/><V75/><F75/><W39/><G39/><N who="0" m="21535" /><D67/><U42/><E42/><V98/><F107/><W51/><G20/><N who="2" m="7721" /><F98/><N who="1" m="37385" /><E95/><V7/><F96/><W132/><G132/><T82/><D66/><U47/><E47/><V16/><F6/><AGARI ba="0,0" hai="6,10,13,45,49,55,100,103" m="37385,48201" machi="6" ten="30,1000,0" yaku="18,1" doraHai="73" who="1" fromWho="2" sc="250,0,250,10,250,-10,250,0" /><INIT seed="1,0,0,3,2,93" ten="250,260,240,250" oya="1" hai0="31,51,37,9,71,99,68,66,114,124,48,29,60" hai1="101,88,131,109,104,102,77,38,70,32,5,86,27" hai2="59,50,40,110,117,129,89,92,10,96,44,108,34" hai3="16,17,0,64,103,111,94,53,133,58,95,135,132"/><U74/><E38/><V112/><F117/><W41/><G0/><T128/><D114/><U65/><E5/><V61/><F112/><W6/><G111/><N who="2" m="42537" /><F34/><W72/><G72/><T121/><D37/><U49/><E109/><V18/><F129/><W82/><G6/><T28/><D128/><U116/><E131/><V113/><F113/><W23/><G64/><T22/><D124/><U14/><E116/><V107/><F107/><W84/><G41/><T127/><D127/><U76/><E74/><V115/><F115/><W43/><G43/><T106/><D71/><U125/><E101/><V69/><F69/><W97/><G95/><T119/><D9/><U63/><E14/><N who="2" m="7511" /><F59/><W62/><G23/><T21/><D119/><U78/><E49/><V79/><F61/><W57/><G57/><T26/><D121/><U35/><E125/><V4/><F4/><W7/><G7/><T73/><D73/><U75/><E75/><V30/><F30/><W2/><G2/><T42/><D42/><U24/><E24/><V12/><F12/><W126/><G126/><T83/><D28/><U8/><E8/><V13/><F13/><W81/><G81/><T91/><D31/><U36/><E36/><V67/><F67/><W33/><G33/><T45/><D22/><U100/><E104/><V122/><F122/><W3/><G3/><T80/><D106/><U11/><E11/><V98/><F79/><AGARI ba="0,0" hai="16,17,53,58,62,79,82,84,94,97,103,132,133,135" machi="79" ten="40,5200,0" yaku="20,1,52,1,54,1" doraHai="93" who="3" fromWho="2" sc="250,0,260,0,240,-52,250,52" /><INIT seed="2,0,0,2,2,52" ten="250,260,188,302" oya="2" hai0="110,16,65,33,108,132,22,10,41,100,74,85,59" hai1="105,70,133,81,11,32,80,58,109,113,98,68,36" hai2="87,129,124,17,55,90,38,19,35,29,79,12,130" hai3="34,67,7,39,20,128,134,73,51,111,3,14,18"/><V26/><F38/><W62/><G39/><T42/><D74/><U94/><E113/><V2/><F79/><W89/><G73/><T13/><D33/><U115/><E115/><V127/><F55/><W116/><G116/><T60/><D132/><U97/><E32/><V50/><F50/><W88/><G111/><N who="0" m="42539" /><D100/><U45/><E109/><V102/><F102/><W71/><G128/><N who="2" m="49257" /><F2/><W6/><G3/><T72/><D72/><U121/><E133/><V76/><F76/><W48/><G48/><T120/><D120/><U47/><E36/><V103/><F103/><W122/><G51/><T25/><D85/><U135/><E135/><V78/><F78/><W46/><G122/><T28/><AGARI ba="0,0" hai="10,13,16,22,25,28,41,42,59,60,65" m="42539" machi="28" ten="30,4000,0" yaku="14,1,52,1,54,1" doraHai="52" who="0" fromWho="0" sc="250,40,260,-10,188,-20,302,-10" /><INIT seed="3,0,0,2,4,70" ten="290,250,168,292" oya="3" hai0="93,83,68,19,9,120,127,113,8,119,89,69,38" hai1="65,96,30,4,81,36,56,66,130,91,47,114,78" hai2="94,134,33,92,23,58,129,102,135,75,74,117,31" hai3="123,126,53,32,118,7,88,71,67,115,13,87,108"/><W55/><G115/><T106/><D106/><U128/><E114/><V100/><F33/><W3/><G118/><T111/><D113/><U29/><E4/><V42/><F23/><W61/><G123/><T37/><D120/><U121/><E121/><V16/><F58/><N who="3" m="37303" /><G3/><T107/><D107/><U97/><E91/><V48/><F31/><N who="1" m="11785" /><E56/><V39/><F48/><W60/><G71/><T59/><D119/><U90/><E90/><V2/><F2/><W6/><G108/><T132/><D111/><U85/><E66/><V0/><F0/><W125/><G32/><T52/><D69/><U27/><E27/><V133/><F16/><W112/><G112/><T28/><D68/><U82/><E82/><V22/><F22/><W110/><G110/><T62/><D28/><U18/><E18/><V49/><F49/><W63/><G63/><T80/><D19/><U103/><E103/><N who="2" m="39467" /><F117/><W50/><G60/><T43/><D80/><U105/><E105/><V1/><F1/><W72/><G72/><N who="2" m="27689" /><F129/><N who="1" m="49769" /><E65/><V20/><F20/><W109/><G109/><T124/><D62/><U46/><E46/><AGARI ba="0,0" hai="39,42,46,92,94,133,134,135" m="27689,39467" machi="46" ten="40,2600,0" yaku="20,1,52,1" doraHai="70" who="2" fromWho="1" sc="290,0,250,-26,168,26,292,0" /><INIT seed="4,0,0,0,3,111" ten="290,224,194,292" oya="0" hai0="75,34,11,135,83,2,126,130,67,36,23,69,91" hai1="6,41,45,105,15,18,92,26,76,7,62,118,98" hai2="97,52,125,33,70,43,100,66,104,12,89,46,86" hai3="61,3,127,132,73,16,72,64,28,102,117,55,78"/><T101/><D23/><U17/><E118/><V99/><F125/><W79/><G3/><T56/><D56/><U106/><E76/><V131/><F131/><W94/><G28/><T57/><D57/><U82/><E62/><V124/><F124/><W116/><G55/><T4/><D91/><U74/><E26/><V0/><F33/><W9/><G127/><T95/><D95/><U109/><E109/><V120/><F120/><W122/><G94/><T113/><D113/><U114/><E82/><V8/><F0/><W38/><G38/><T27/><D126/><U85/><E85/><V65/><F97/><W47/><G47/><T22/><D22/><U49/><E74/><V48/><F43/><W37/><G37/><T96/><D135/><U107/><E114/><V21/><F21/><W103/><G61/><N who="0" m="40175" /><D36/><U24/><E24/><V10/><F70/><W123/><G64/><T108/><D108/><U13/><E92/><V32/><F32/><W40/><G40/><T19/><D19/><U88/><E88/><V20/><F20/><W25/><G25/><T54/><D54/><U81/><E81/><N who="2" m="49359" /><F8/><W71/><G71/><T110/><D110/><U53/><E98/><V121/><F121/><W44/><G9/><T51/><D51/><U133/><E133/><V31/><F31/><W35/><G35/><T80/><D75/><U115/><E115/><V59/><F59/><W134/><G16/><AGARI ba="0,0" hai="10,12,16,46,48,52,65,66,99,100,104" m="49359" machi="16" ten="30,3900,0" yaku="25,1,54,2" doraHai="111" who="2" fromWho="3" sc="290,0,224,0,194,39,292,-39" /><INIT seed="5,0,0,4,3,121" ten="290,224,233,253" oya="1" hai0="74,97,32,64,37,19,85,29,21,76,78,118,57" hai1="110,83,77,25,26,108,93,6,126,134,40,102,95" hai2="81,109,62,67,125,122,69,132,47,12,65,107,18" hai3="66,84,128,63,3,117,22,106,91,124,75,61,5"/><U82/><E40/><V15/><F107/><W58/><G75/><T33/><D37/><U42/><E42/><V98/><F122/><W88/><G106/><T10/><D74/><U51/><E51/><V112/><F109/><N who="1" m="42089" /><E134/><V17/><F47/><W90/><G63/><T116/><D33/><U8/><E126/><V92/><F132/><W115/><G61/><T43/><D32/><U87/><E82/><V123/><F125/><W135/><G124/><T114/><D43/><U133/><E133/><V70/><F81/><W1/><G135/><T89/><D118/><U11/><E11/><V16/><F123/><W7/><G117/><T34/><D34/><U38/><E38/><V52/><F112/><W86/><G115/><T72/><D114/><U0/><E95/><V96/><F70/><W127/><G127/><T9/><D9/><U54/><E54/><V60/><F69/><W31/><G128/><T120/><D10/><U68/><E68/><V27/><F52/><W94/><G94/><T130/><D130/><U104/><E104/><V46/><F92/><W49/><G49/><T2/><D116/><U24/><E24/><V30/><F27/><N who="3" m="16887" /><G58/><T71/><D71/><U131/><E131/><V119/><F119/><W39/><G39/><T4/><D57/><U56/><E56/><V48/><F48/><W28/><G66/><N who="2" m="25097" /><F46/><W55/><G55/><T20/><D64/><U14/><E0/><V99/><F30/><W36/><G28/><T59/><D2/><N who="3" m="521" /><G36/><T44/><D59/><U23/><E23/><N who="0" m="8777" /><D44/><U41/><E41/><V113/><F113/><W103/><G7/><RYUUKYOKU ba="0,0" sc="290,-15,224,15,233,15,253,-15" hai1="6,8,14,25,26,77,83,87,93,102" hai2="12,15,16,17,18,60,62,96,98,99" /><INIT seed="5,1,0,1,3,75" ten="275,239,248,238" oya="1" hai0="80,19,131,128,93,58,60,132,88,59,95,106,71" hai1="6,89,133,33,23,130,67,69,111,94,40,57,24" hai2="48,38,1,118,99,49,127,63,126,72,12,104,68" hai3="42,14,37,47,16,74,7,61,134,15,123,43,82"/><U46/><E69/><V76/><F12/><W4/><G123/><T28/><D106/><U78/><E33/><V129/><F38/><W18/><G134/><T50/><D132/><U39/><E133/><V30/><F30/><W125/><G125/><N who="2" m="47625" /><F1/><W5/><G37/><T87/><D28/><U26/><E130/><N who="0" m="49705" /><D19/><N who="3" m="7209" /><G74/><T97/><D50/><U8/><E23/><V13/><F13/><N who="3" m="4619" /><G82/><T109/><D95/><U135/><E135/><V79/><F72/><W17/><N who="3" m="7217" /><W117/><DORA hai="56" /><G117/><T53/><D109/><U114/><E111/><V45/><F118/><W96/><G47/><T107/><D107/><U52/><E67/><N who="2" m="41087" /><F129/><W86/><G61/><T41/><D41/><N who="3" m="15369" /><G96/><T92/><D53/><U20/><E40/><N who="2" m="24615" /><F49/><W108/><G108/><T44/><D44/><U9/><E39/><V77/><F99/><W25/><G25/><T102/><D93/><U124/><E124/><V91/><F104/><W113/><G86/><T120/><D120/><U81/><E46/><V66/><F66/><AGARI ba="1,0" hai="58,59,60,66,71,80,87,88,92,97,102" m="49705" machi="66" ten="30,3900,0" yaku="19,1,52,1,54,1" doraHai="75,56" who="0" fromWho="2" sc="275,42,239,0,248,-42,238,0" owari="317,41.7,239,3.9,206,-29.4,238,-16.2" /></mjloggm>