<mjloggm ver="2.3"><GO type="225" lobby="0"/><UN n0="%E3%81%BF%E3%81%BF%E3%81%9A" n1="%E3%83%96%E3%83%83%E3%83%91%E3%82%AA%E3%83%96%E3%83%81%E3%82%AD%E3%83%B3" n2="%77%72%77%72%77%72%77%72" n3="%EF%BC%AE%EF%BC%A1%EF%BC%AF%33%33%39" dan="17,16,17,16" rate="2172.11,2123.30,2198.70,2120.60" sx="M,M,M,M"/><TAIKYOKU oya="0"/><INIT seed="0,0,0,4,5,4" ten="250,250,250,250" oya="0" hai0="70,83,58,3,14,40,49,86,130,125,60,106,25" hai1="73,10,67,121,78,19,17,61,95,74,80,77,32" hai2="96,100,129,88,85,57,69,126,65,79,71,115,45" hai3="99,52,116,84,37,102,23,38,124,20,27,5,28"/><T21/><D3/><U122/><E32/><V123/><F115/><W36/><G116/><T128/><D106/><U8/><E95/><V109/><F123/><W68/><G68/><T135/><D135/><U66/><REACH who="1" step="1"/><E61/><REACH who="1" ten="250,240,250,250" step="2"/><V33/><F33/><W0/><G124/><T26/><D125/><U94/><E94/><V51/><F126/><W1/><G102/><T133/><D60/><U93/><E93/><V30/><F129/><W54/><G99/><T110/><D130/><U47/><E47/><V46/><F46/><W132/><G132/><T59/><D128/><U31/><E31/><V87/><F30/><W6/><G84/><T15/><D133/><U98/><E98/><V63/><F85/><W72/><G72/><T89/><D86/><U18/><E18/><V91/><F96/><W34/><G34/><T62/><D62/><U134/><E134/><V107/><F100/><W12/><G28/><T81/><D110/><U104/><E104/><V75/><F107/><W119/><G119/><T41/><D49/><U76/><E76/><V16/><F16/><W112/><G37/><T50/><D50/><U118/><E118/><V2/><F109/><W90/><G38/><T11/><D89/><U22/><E22/><V117/><F117/><W131/><G90/><N who="2" m="34345" /><F75/><W113/><G36/><T105/><D105/><U43/><E43/><N who="2" m="25023" /><F87/><W55/><G131/><T39/><D39/><U101/><E101/><V114/><F79/><W42/><G42/><T82/><D21/><U48/><E48/><V44/><F44/><W7/><G23/><T64/><D40/><U127/><E127/><RYUUKYOKU ba="0,1" sc="250,-10,240,30,250,-10,250,-10" hai1="8,10,17,19,66,67,73,74,77,78,80,121,122" /><INIT seed="1,1,1,1,1,124" ten="240,270,240,240" oya="1" hai0="114,37,30,14,106,55,61,111,12,48,97,79,29" hai1="96,90,127,31,5,53,113,49,128,45,58,71,42" hai2="26,6,39,32,19,0,25,105,63,60,73,112,116" hai3="43,70,119,4,59,17,109,121,107,102,74,56,16"/><U2/><E127/><V88/><F116/><W115/><G70/><T23/><D37/><U13/><E113/><V94/><F112/><W15/><G74/><T108/><D114/><U11/><E71/><V123/><F123/><W104/><G115/><T3/><D3/><U46/><E128/><V76/><F105/><W131/><G43/><T120/><D79/><U100/><E31/><V44/><F32/><W103/><G4/><T72/><D61/><U129/><E129/><V40/><F73/><W83/><G83/><T64/><D64/><U135/><E135/><V9/><F76/><W27/><G15/><T67/><D67/><U57/><E90/><V51/><F39/><W80/><G80/><T126/><D72/><U54/><E2/><V33/><F33/><W84/><G84/><T68/><D120/><U125/><E125/><V110/><F110/><N who="0" m="42026" /><D68/><U28/><E28/><N who="0" m="10857" /><D23/><U117/><E117/><V50/><F50/><W38/><G38/><T87/><D87/><U34/><E34/><V78/><F78/><W65/><G65/><T122/><D122/><U77/><E77/><V21/><REACH who="2" step="1"/><F25/><REACH who="2" ten="240,270,230,240" step="2"/><W69/><G27/><T8/><D126/><U36/><REACH who="1" step="1"/><E53/><REACH who="1" ten="240,260,230,240" step="2"/><V82/><F82/><W41/><G109/><T35/><D35/><U24/><E24/><V1/><F1/><W118/><G121/><T18/><D14/><U47/><E47/><V133/><F133/><W91/><G118/><T7/><D55/><U66/><E66/><V130/><F130/><W52/><G131/><T62/><D12/><U20/><E20/><V85/><AGARI ba="1,3" hai="0,6,9,19,21,26,40,44,51,60,63,85,88,94" machi="85" ten="20,5200,0" yaku="1,1,0,1,7,1,54,1,53,0" doraHai="124" doraHaiUra="99" who="2" fromWho="2" sc="240,-14,260,-27,230,85,240,-14" /><INIT seed="2,0,0,0,4,113" ten="226,233,315,226" oya="2" hai0="135,43,21,128,33,104,122,105,32,16,63,132,11" hai1="90,57,133,52,48,103,119,118,58,22,41,77,65" hai2="108,98,0,64,12,87,40,54,36,7,62,42,79" hai3="18,126,88,93,66,49,28,3,97,91,127,69,101"/><V70/><F0/><W10/><G28/><T84/><D122/><U67/><E77/><V102/><F108/><W23/><G49/><T95/><D11/><U26/><E103/><V89/><F79/><W80/><G66/><N who="1" m="25098" /><E90/><V44/><F42/><W117/><G69/><T134/><D63/><N who="1" m="36263" /><E22/><V55/><F12/><W1/><G117/><N who="1" m="44554" /><E26/><V81/><F7/><W75/><G75/><T51/><D128/><U47/><E58/><V107/><AGARI ba="0,0" hai="36,40,44,54,55,62,64,70,81,87,89,98,102,107" machi="107" ten="20,2100,0" yaku="0,1,7,1" doraHai="113" who="2" fromWho="2" sc="226,-7,233,-7,315,21,226,-7" /><INIT seed="2,1,0,1,3,107" ten="219,226,336,219" oya="2" hai0="69,64,52,48,97,40,83,24,123,96,65,99,127" hai1="39,134,73,104,95,32,42,126,70,84,33,125,111" hai2="28,120,92,53,43,89,135,78,14,86,20,3,91" hai3="110,117,18,9,26,119,0,133,44,93,66,77,88"/><V37/><F120/><W131/><G66/><T87/><D123/><U76/><E111/><V12/><F3/><W35/><G77/><T98/><D127/><N who="1" m="48651" /><E104/><V109/><F109/><W11/><G110/><T79/><D69/><U2/><E2/><V31/><F135/><W130/><G44/><T49/><N who="0" m="24576" /><DORA hai="57" /><T105/><D105/><U106/><E106/><V22/><F43/><W128/><G133/><T82/><D24/><U102/><E102/><V55/><F37/><W103/><G103/><T100/><D100/><U63/><E84/><V59/><F78/><W51/><G51/><T5/><D5/><U114/><E95/><V54/><F89/><W122/><G122/><T72/><D48/><U4/><E4/><V132/><F132/><W10/><G0/><T124/><D40/><U68/><E114/><V25/><F59/><W7/><G7/><T101/><D124/><U17/><E17/><V94/><F94/><W13/><G88/><T45/><REACH who="0" step="1"/><D101/><REACH who="0" ten="209,226,336,219" step="2"/><U108/><E134/><V115/><F115/><W50/><G50/><T46/><D46/><N who="1" m="23903" /><E108/><V1/><F1/><W113/><G113/><T19/><D19/><U34/><E63/><V61/><F61/><W90/><G26/><AGARI ba="1,1" hai="12,14,20,22,25,26,28,31,53,54,55,86,91,92" machi="26" ten="40,3900,0" yaku="9,1,8,1" doraHai="107,57" who="2" fromWho="3" sc="209,0,226,0,336,52,219,-42" /><INIT seed="2,2,0,3,2,35" ten="209,226,388,177" oya="2" hai0="63,77,33,47,88,110,44,14,59,131,21,123,121" hai1="68,13,111,100,12,66,132,65,101,27,98,11,102" hai2="4,115,135,118,120,83,130,81,22,116,31,127,74" hai3="57,56,128,87,39,72,9,50,122,79,107,99,10"/><V24/><F74/><W38/><G122/><T55/><D33/><U17/><E111/><V48/><F120/><W1/><G72/><T85/><D110/><U32/><E132/><V26/><F130/><W75/><G75/><T43/><D131/><U92/><E68/><V73/><F73/><W49/><G128/><T113/><D113/><U78/><E78/><V119/><F135/><W61/><G99/><T58/><D77/><U2/><E2/><V93/><F115/><W28/><G28/><T106/><D106/><U8/><E27/><V34/><F127/><W16/><G107/><T114/><D114/><U117/><E32/><V40/><F4/><W105/><G105/><T67/><D43/><U20/><E20/><V94/><F48/><W82/><G50/><N who="0" m="31095" /><D123/><U54/><E54/><V46/><F46/><W41/><G57/><T112/><D112/><U89/><REACH who="1" step="1"/><E117/><REACH who="1" ten="209,216,388,177" step="2"/><V109/><F109/><W15/><G1/><T70/><D70/><U91/><E91/><V64/><F34/><W125/><G125/><T45/><D121/><U6/><AGARI ba="2,1" hai="6,8,11,12,13,17,65,66,89,92,98,100,101,102" machi="6" ten="30,4000,0" yaku="1,1,0,1,8,1,53,0" doraHai="35" doraHaiUra="80" who="1" fromWho="1" sc="209,-12,216,56,388,-22,177,-12" /><INIT seed="3,0,0,0,1,101" ten="197,272,366,165" oya="3" hai0="22,33,134,46,95,56,70,99,14,106,124,65,51" hai1="72,44,15,105,79,135,25,1,38,40,117,126,113" hai2="5,3,52,110,18,88,115,73,29,100,125,4,91" hai3="62,7,75,71,19,102,32,128,87,20,39,68,41"/><W8/><G75/><T76/><D33/><U37/><E113/><V120/><F115/><W133/><G32/><T109/><D109/><U104/><E15/><V53/><F73/><W63/><G102/><T111/><D111/><U123/><E123/><V0/><F110/><W13/><G128/><T107/><D76/><U16/><E16/><V82/><F100/><W59/><G133/><T86/><D86/><U55/><E55/><V130/><F29/><W122/><G122/><T36/><D134/><U114/><E25/><V78/><F120/><W127/><G127/><T28/><D70/><U66/><E114/><V93/><F93/><W24/><G87/><T96/><D36/><N who="1" m="21511" /><E135/><V119/><F18/><W27/><G27/><T69/><D69/><U49/><E49/><V97/><F0/><W108/><G108/><T45/><D124/><U48/><E48/><V58/><F3/><W11/><G63/><N who="0" m="38119" /><D51/><U12/><E12/><V80/><F4/><W74/><G74/><T43/><D43/><U103/><E117/><V92/><F119/><W131/><G131/><T21/><D14/><U57/><E57/><V61/><F130/><W10/><G10/><T118/><D118/><U42/><E126/><V30/><F5/><W121/><G121/><T112/><D112/><U9/><E66/><N who="2" m="39223" /><F125/><W60/><G60/><T77/><D77/><U90/><E90/><V23/><F91/><W26/><G26/><N who="0" m="16463" /><D22/><U94/><E72/><N who="2" m="43079" /><F82/><W98/><G11/><T34/><D34/><U31/><E9/><V54/><F23/><W35/><G35/><T83/><D83/><U67/><E103/><RYUUKYOKU ba="0,0" sc="197,-10,272,-10,366,30,165,-10" hai2="30,52,53,54,88,92,97" owari="187,-21.3,262,6.2,396,49.6,155,-34.5" /></mjloggm>