<mjloggm ver="2.3"><GO type="225" lobby="0"/><UN n0="%E3%81%A4%E3%81%A3%E3%81%B1%E3%82%8A%E3%83%9D%E3%83%BC%E3%83%AB" n1="%E3%82%B3%E3%83%90%E3%83%AC%E3%82%A4" n2="%E6%9C%88%E5%A4%9C%E3%81%AB%E9%A2%A8" n3="%E5%91%A8%E6%9D%B1" dan="17,16,16,16" rate="2159.99,2155.84,2112.21,2178.12" sx="M,M,M,M"/><TAIKYOKU oya="0"/><INIT seed="0,0,0,3,2,105" ten="250,250,250,250" oya="0" hai0="120,84,5,62,124,72,56,24,7,8,2,64,83" hai1="88,71,53,86,119,135,58,103,11,104,21,23,107" hai2="26,41,81,46,42,60,134,63,18,96,94,114,132" hai3="90,44,28,89,93,10,54,29,111,73,74,102,130"/><T17/><D120/><U40/><E71/><V92/><F114/><W57/><G102/><T117/><D117/><U61/><E119/><V55/><F81/><W66/><G66/><T38/><D124/><U50/><E135/><N who="2" m="51755" /><F55/><W20/><G130/><T79/><D38/><U51/><E107/><V35/><F42/><W78/><G111/><T0/><D7/><U106/><E104/><V25/><F94/><W33/><G33/><T108/><D108/><U97/><E11/><V128/><F128/><W85/><G78/><T98/><D98/><U65/><E40/><V9/><F9/><W122/><G122/><T112/><D112/><U115/><E51/><N who="2" m="27087" /><F18/><W87/><G44/><T49/><D49/><U6/><E6/><V14/><F14/><W100/><G100/><T125/><D125/><U109/><E109/><V22/><F22/><W131/><G10/><T19/><D2/><U34/><E34/><V67/><F35/><W95/><G131/><T47/><D47/><U1/><E1/><V13/><F13/><W48/><G20/><T91/><REACH who="0" step="1"/><D24/><REACH who="0" ten="240,250,250,250" step="2"/><U129/><E115/><V32/><F26/><W15/><G15/><T36/><D36/><U116/><E116/><V16/><F25/><W82/><G82/><AGARI ba="0,1" hai="0,5,8,17,19,56,62,64,72,79,82,83,84,91" machi="82" ten="30,5800,0" yaku="1,1,7,1,52,1,53,0" doraHai="105" doraHaiUra="27" who="0" fromWho="3" sc="240,68,250,0,250,0,250,-58" /><INIT seed="0,1,0,2,5,10" ten="308,250,250,192" oya="0" hai0="104,31,7,133,68,44,51,131,43,80,53,95,129" hai1="40,128,9,127,132,33,18,42,59,11,126,5,122" hai2="87,14,52,56,0,47,99,111,89,35,119,85,77" hai3="66,91,100,17,15,62,45,13,118,75,22,113,29"/><T86/><D104/><U36/><E36/><V57/><F0/><W72/><G113/><T12/><D133/><U32/><E59/><V117/><F35/><W96/><G118/><N who="2" m="45065" /><F111/><W79/><G79/><T38/><D68/><U110/><E132/><V78/><F99/><W30/><G91/><T1/><D1/><U63/><E63/><N who="2" m="36231" /><F47/><W67/><G45/><T123/><D31/><U116/><E110/><V103/><F103/><W115/><G115/><T3/><D3/><U124/><E116/><V64/><F87/><W81/><G81/><T70/><D70/><U69/><E69/><V82/><F14/><W83/><G83/><T114/><D114/><U121/><E128/><V134/><F134/><W24/><G75/><T94/><D123/><N who="1" m="47115" /><E42/><V84/><F84/><W58/><G72/><T23/><D43/><U25/><E40/><V2/><F2/><W73/><G73/><T20/><D38/><U102/><E102/><V41/><F41/><W21/><G67/><T93/><D131/><U49/><E49/><V54/><F64/><W39/><G39/><T16/><D129/><U26/><E33/><V50/><AGARI ba="1,0" hai="50,54,57,77,78,82,85,89" m="36231,45065" machi="50" ten="30,2000,0" yaku="12,1,54,1" doraHai="10" who="2" fromWho="2" sc="308,-11,250,-6,250,23,192,-6" /><INIT seed="1,0,0,2,4,52" ten="297,244,273,186" oya="1" hai0="119,49,135,78,1,116,92,13,100,98,21,133,23" hai1="106,39,45,8,55,118,79,51,7,104,60,128,12" hai2="58,96,33,53,123,101,109,44,108,86,127,82,0" hai3="17,19,70,10,77,124,57,67,69,132,93,3,76"/><U134/><E118/><N who="0" m="45097" /><D1/><U15/><E39/><V54/><F123/><W121/><G121/><T68/><D68/><U112/><E112/><V117/><F0/><W91/><G132/><N who="0" m="50763" /><D78/><U122/><E122/><V29/><F127/><W85/><G124/><T75/><D75/><U31/><E134/><V38/><F117/><W125/><G125/><T113/><D113/><U9/><E79/><V90/><F33/><W48/><G76/><T25/><D13/><U56/><E31/><V18/><F29/><W46/><G77/><T40/><D25/><U81/><E81/><V24/><F38/><W99/><G70/><T115/><D115/><U111/><E111/><V126/><F126/><W66/><G69/><T28/><D28/><U71/><E71/><V102/><F44/><AGARI ba="0,0" hai="21,23,40,44,49,92,98,100" m="50763,45097" machi="44" ten="30,1000,0" yaku="20,1" doraHai="52" who="0" fromWho="2" sc="297,10,244,0,273,-10,186,0" /><INIT seed="2,0,0,1,2,18" ten="307,244,263,186" oya="2" hai0="126,68,83,55,124,11,134,60,117,87,89,65,49" hai1="32,127,62,26,116,53,97,74,21,5,64,16,54" hai2="1,115,78,93,98,123,19,101,25,7,94,107,4" hai3="23,27,121,15,75,82,92,37,29,44,56,35,38"/><V130/><F115/><W84/><G121/><T128/><D128/><U114/><E114/><V104/><F123/><W36/><G75/><T77/><D134/><U3/><E74/><V58/><F130/><W105/><G105/><T102/><D102/><U100/><E116/><V24/><F78/><W48/><G56/><T111/><D117/><U39/><E39/><V43/><F43/><W14/><G92/><T30/><D30/><U59/><E32/><V103/><F19/><W79/><REACH who="3" step="1"/><G35/><REACH who="3" ten="307,244,263,176" step="2"/><T70/><D70/><U57/><E127/><V9/><F58/><W80/><G80/><T131/><D83/><U73/><E73/><V132/><F94/><W91/><G91/><T13/><D89/><U17/><E59/><V22/><F93/><W6/><G6/><T122/><D68/><U42/><E5/><V50/><F7/><W51/><G51/><T72/><D49/><U118/><E118/><V125/><F50/><W106/><G106/><T61/><D72/><U71/><E71/><V41/><F4/><W33/><G33/><T8/><D124/><U129/><E129/><V76/><F125/><W46/><G46/><T28/><D126/><U120/><E120/><V66/><F107/><W31/><G31/><T110/><D28/><U135/><E135/><V45/><F132/><W108/><G108/><T109/><D122/><U2/><E17/><N who="2" m="12367" /><F104/><W10/><G10/><T88/><D131/><U81/><E81/><V20/><F9/><W119/><G119/><T12/><D8/><U0/><E42/><AGARI ba="0,1" hai="14,15,23,27,29,36,37,38,42,44,48,79,82,84" machi="42" ten="40,2600,0" yaku="1,1,52,1,53,0" doraHai="18" doraHaiUra="34" who="3" fromWho="1" sc="307,0,244,-26,263,0,176,36" /><INIT seed="3,0,0,5,4,44" ten="307,218,263,212" oya="3" hai0="9,24,50,36,80,13,74,124,34,102,116,48,65" hai1="117,43,57,112,94,8,58,40,101,1,14,127,135" hai2="38,88,35,77,133,42,19,92,0,71,18,85,45" hai3="41,76,25,23,93,107,31,109,132,96,106,111,130"/><W66/><G130/><T123/><D36/><U72/><E112/><V68/><F133/><W6/><G132/><T120/><D116/><U78/><E135/><V121/><F121/><W47/><G76/><T79/><D65/><U7/><E117/><V10/><F35/><W104/><G6/><T59/><D102/><U125/><E1/><V87/><F71/><W46/><G66/><T62/><D124/><N who="1" m="47691" /><E78/><V56/><F68/><W5/><G5/><T119/><D24/><U63/><E72/><V53/><F0/><W73/><G73/><T83/><D83/><U55/><E58/><V69/><F10/><W89/><REACH who="3" step="1"/><G47/><REACH who="3" ten="307,218,263,202" step="2"/><T51/><D119/><U114/><E114/><V131/><F131/><W49/><AGARI ba="0,1" hai="23,25,31,41,46,49,89,93,96,104,106,107,109,111" machi="49" ten="40,12000,1" yaku="1,1,2,1,0,1,52,1,53,0" doraHai="44" doraHaiUra="126" who="3" fromWho="3" sc="307,-40,218,-40,263,-40,202,130" owari="267,6.7,178,-32.2,223,-17.7,332,43.2" /></mjloggm>