<mjloggm ver="2.3"><GO type="225" lobby="0"/><UN n0="%E4%BF%BA%E3%81%A8%E5%A6%96%E5%A4%A2" n1="%72%69%6F%75%63%68%61%6E" n2="%E3%80%90%E3%83%88%E3%83%AA%E3%83%A5%E3%83%95%E3%80%91" n3="%E3%81%BE%E3%81%A8%E3%81%9F" dan="16,16,16,16" rate="2195.81,2132.24,2085.13,2088.97" sx="F,M,M,M"/><TAIKYOKU oya="0"/><INIT seed="0,0,0,4,0,5" ten="250,250,250,250" oya="0" hai0="133,25,6,18,120,30,80,123,114,92,71,115,31" hai1="27,16,130,39,2,127,12,101,108,128,82,57,9" hai2="121,69,43,106,98,124,8,15,96,85,54,111,68" hai3="81,83,7,49,67,52,42,86,103,79,13,91,105"/><T122/><D71/><U17/><E108/><V40/><F111/><W116/><G116/><T87/><D92/><U58/><E39/><V63/><F121/><W135/><G135/><T22/><D87/><U113/><E127/><V129/><F124/><W62/><G105/><T117/><D80/><U51/><E2/><V20/><F106/><W1/><G1/><T14/><D117/><U28/><E113/><V23/><F63/><W59/><G42/><T10/><D133/><U89/><E101/><V132/><F132/><W76/><G103/><T33/><REACH who="0" step="1"/><D30/><REACH who="0" ten="240,250,250,250" step="2"/><U50/><E82/><V104/><F85/><W109/><G109/><T26/><AGARI ba="0,1" hai="6,10,14,18,22,25,26,31,33,114,115,120,122,123" machi="26" ten="40,18000,2" yaku="1,1,2,1,0,1,34,3,52,1,53,0" doraHai="5" doraHaiUra="75" who="0" fromWho="0" sc="240,190,250,-60,250,-60,250,-60" /><INIT seed="0,1,0,5,4,80" ten="430,190,190,190" oya="0" hai0="56,83,87,51,89,97,134,77,86,121,130,76,107" hai1="84,92,59,58,40,31,13,105,111,30,120,113,45" hai2="18,11,57,20,24,125,74,33,17,114,112,69,25" hai3="36,55,38,90,37,53,100,126,73,101,16,43,82"/><T133/><D121/><U26/><E120/><V79/><F69/><W98/><G43/><T135/><D51/><U10/><E105/><V64/><F125/><W96/><G126/><T2/><D2/><U44/><E111/><V85/><F74/><W5/><G5/><T61/><D130/><U122/><E122/><V21/><F33/><W67/><G67/><T65/><REACH who="0" step="1"/><D86/><REACH who="0" ten="420,190,190,190" step="2"/><U75/><E84/><V6/><F85/><W81/><G38/><T117/><D117/><U91/><E75/><V9/><F79/><W7/><G73/><T129/><D129/><U52/><E113/><V41/><F114/><W39/><G37/><T99/><D99/><U102/><E45/><V28/><F112/><W47/><G39/><T12/><D12/><U23/><E13/><N who="2" m="7343" /><F41/><W103/><G36/><T78/><D78/><U68/><E44/><V14/><F57/><W62/><G47/><T34/><D34/><U19/><E58/><V46/><F46/><W123/><G123/><T108/><D108/><U104/><E40/><V22/><F64/><W15/><G96/><T4/><D4/><U49/><E68/><V116/><F116/><W66/><G7/><T27/><D27/><N who="2" m="10314" /><F6/><W60/><G66/><T93/><D93/><U48/><E59/><V127/><F127/><W32/><G32/><T95/><D95/><U94/><E94/><V35/><F35/><W54/><G98/><T115/><D115/><U119/><E92/><V29/><AGARI ba="1,1" hai="11,14,18,20,21,22,28,29" m="10314,7343" machi="29" ten="30,12000,2" yaku="8,1,35,5" doraHai="80" who="2" fromWho="2" sc="420,-61,190,-31,190,133,190,-31" /><INIT seed="1,0,0,5,2,53" ten="359,159,323,159" oya="1" hai0="120,8,112,10,99,59,88,13,91,126,128,33,75" hai1="113,125,111,92,130,58,46,76,39,12,117,102,133" hai2="26,72,109,127,123,106,16,2,25,35,77,71,11" hai3="50,68,47,42,44,32,105,61,19,66,56,30,62"/><U98/><E113/><V28/><F71/><W41/><G105/><T29/><D112/><U134/><E117/><V20/><F106/><W132/><G32/><T0/><D75/><U121/><E121/><V131/><F77/><W95/><G30/><T14/><D120/><U60/><E125/><V24/><F123/><W97/><G19/><T36/><D36/><U52/><E130/><V78/><F78/><W1/><G1/><T49/><D126/><U18/><E111/><V48/><F48/><W135/><G95/><T57/><D0/><U45/><E76/><V15/><F72/><W90/><G90/><T89/><D128/><U108/><E108/><V6/><F109/><W100/><G97/><T22/><D33/><U38/><E38/><V101/><F101/><W107/><G100/><T40/><D10/><U51/><E39/><V116/><F127/><W115/><G107/><T65/><D65/><U5/><E5/><V94/><F94/><W55/><G115/><T64/><D64/><U103/><E103/><V7/><F131/><W83/><G83/><T3/><D3/><U27/><E27/><N who="2" m="18847" /><F116/><W34/><G34/><T129/><D129/><U74/><E74/><V17/><F7/><W21/><G21/><AGARI ba="0,0" hai="2,6,11,15,16,17,20,21,24,25,26" m="18847" machi="21" ten="30,12000,2" yaku="24,1,35,5,54,1" doraHai="53" who="2" fromWho="3" sc="359,0,159,0,323,120,159,-120" /><INIT seed="2,0,0,4,3,117" ten="359,159,443,39" oya="2" hai0="104,125,126,7,18,96,68,89,88,122,14,72,95" hai1="94,80,105,135,39,26,86,38,124,64,9,132,91" hai2="133,23,17,30,2,57,19,71,53,129,16,47,59" hai3="55,76,12,6,111,82,131,74,100,41,106,0,63"/><V36/><F129/><W32/><G111/><T44/><D68/><U50/><E105/><V77/><F2/><W123/><G131/><T11/><D72/><U92/><E124/><N who="0" m="47721" /><D104/><U87/><E64/><V45/><F71/><W52/><G0/><T42/><D122/><U66/><E66/><V73/><F133/><N who="1" m="51273" /><E94/><V115/><F115/><W79/><G79/><T3/><D89/><U120/><E120/><V128/><F128/><W22/><G32/><T134/><D134/><U78/><E9/><V84/><F73/><W90/><G41/><T103/><D103/><U101/><E101/><V130/><F36/><W54/><G123/><T20/><D42/><U127/><E127/><V61/><F59/><W5/><G63/><T28/><D28/><U110/><E110/><V10/><F10/><W40/><G40/><T56/><D56/><U58/><E26/><N who="2" m="16735" /><F130/><W34/><G34/><T113/><D44/><U75/><E75/><V51/><F61/><W99/><REACH who="3" step="1"/><G90/><REACH who="3" ten="359,159,443,29" step="2"/><T118/><D118/><U67/><E91/><V37/><F37/><W85/><G85/><T1/><D3/><U109/><E86/><V102/><F102/><W97/><G97/><N who="0" m="57575" /><D113/><U29/><E38/><V35/><F35/><W62/><G62/><T81/><D81/><AGARI ba="0,1" hai="16,17,19,45,47,51,53,57,77,81,84" m="16735" machi="81" ten="30,2900,0" yaku="8,1,54,1" doraHai="117" who="2" fromWho="0" sc="359,-29,159,0,443,39,29,0" /><INIT seed="2,1,0,2,5,74" ten="330,159,482,29" oya="2" hai0="123,65,36,64,120,90,122,107,126,68,116,85,134" hai1="6,132,44,101,21,103,58,39,35,42,96,31,128" hai2="127,48,20,28,34,106,105,71,0,29,62,82,91" hai3="3,66,75,115,88,69,95,14,93,70,13,114,56"/><V81/><F0/><W99/><G3/><T67/><D107/><U25/><E128/><V46/><F34/><W112/><G75/><T86/><D68/><U27/><E132/><V30/><F127/><W10/><G13/><T124/><D134/><U94/><E6/><V87/><F81/><W118/><G118/><T41/><D116/><U61/><E27/><V1/><F1/><W22/><G22/><T38/><D41/><U79/><E79/><V9/><F9/><W49/><G93/><T8/><D8/><U11/><E11/><V26/><F105/><W55/><REACH who="3" step="1"/><G66/><REACH who="3" ten="330,159,482,19" step="2"/><T33/><D33/><U4/><E35/><V40/><F106/><W72/><G72/><T121/><D121/><U100/><E4/><AGARI ba="1,1" hai="4,10,14,49,55,56,69,70,88,95,99,112,114,115" machi="4" ten="40,5200,0" yaku="1,1,11,1,54,1,53,0" doraHai="74" doraHaiUra="37" who="3" fromWho="1" sc="330,0,159,-55,482,0,19,65" /><INIT seed="3,0,0,5,4,96" ten="330,104,482,84" oya="3" hai0="130,32,58,44,60,64,97,8,42,4,39,63,108" hai1="36,79,73,81,47,91,110,53,62,43,20,67,46" hai2="66,23,68,7,119,126,51,102,80,131,76,120,105" hai3="103,87,16,128,6,133,83,111,25,30,11,95,55"/><W3/><G133/><T74/><D32/><U117/><E110/><V99/><F119/><W69/><G111/><T129/><D74/><U125/><E125/><V75/><F23/><W98/><G128/><N who="0" m="49259" /><D108/><U5/><E117/><V40/><F7/><W92/><G69/><T135/><D135/><U106/><E106/><V77/><F51/><W78/><G55/><T113/><D113/><U90/><E5/><V10/><F10/><W114/><G114/><T71/><D97/><U134/><E134/><V86/><F40/><W13/><G92/><T48/><D8/><U2/><E2/><V107/><F126/><W49/><G49/><T93/><D93/><U59/><E47/><V101/><F120/><W82/><G82/><T24/><D24/><U109/><E109/><V37/><F37/><W104/><G104/><T124/><D4/><U50/><E20/><V35/><F76/><W19/><G3/><T88/><D88/><U54/><E54/><V33/><F86/><W9/><G9/><T132/><D132/><U12/><E12/><V14/><F14/><W89/><G78/><T31/><D31/><U112/><E112/><V26/><F131/><W121/><G121/><T34/><D34/><AGARI ba="0,0" hai="6,11,13,16,19,25,30,34,83,87,89,95,98,103" machi="34" ten="30,5800,0" yaku="7,1,52,1,54,1" doraHai="96" who="3" fromWho="0" sc="330,-58,104,0,482,0,84,58" /><INIT seed="3,1,0,0,4,35" ten="272,104,482,142" oya="3" hai0="0,69,46,112,81,105,62,111,51,71,17,133,125" hai1="34,134,12,107,80,40,123,88,64,56,113,73,129" hai2="82,33,37,30,119,8,21,42,55,132,45,126,59" hai3="110,72,39,7,102,32,99,118,38,31,57,90,92"/><W36/><G118/><T109/><D105/><U27/><E123/><V83/><F119/><W22/><G72/><T127/><D17/><U54/><E113/><V97/><F132/><W130/><G32/><T66/><D81/><U121/><E121/><V49/><F126/><N who="0" m="48138" /><D0/><U6/><E134/><V74/><F33/><W24/><G130/><T3/><D3/><U48/><E129/><V25/><F74/><W85/><G110/><N who="0" m="41995" /><D133/><U87/><E107/><V122/><F122/><W94/><G7/><T43/><D112/><U67/><E73/><V65/><F8/><W96/><G85/><T68/><AGARI ba="1,0" hai="43,46,51,62,66,68,69,71" m="41995,48138" machi="68" ten="40,8000,1" yaku="18,1,14,1,34,2" doraHai="35" who="0" fromWho="0" sc="272,83,104,-21,482,-21,142,-41" owari="355,15.5,83,-41.7,461,56.1,101,-29.9" /></mjloggm>