<mjloggm ver="2.3"><GO type="225" lobby="0"/><UN n0="%E8%A8%88%E7%AE%97%E6%A9%9F%E8%87%AA%E7%84%B6" n1="%E3%82%8F%E3%81%8B%E3%81%B0%2A%E3%82%AC%E3%83%BC%E3%83%AB" n2="%E3%83%A4%E3%83%89%E3%83%B3%E4%B8%B8" n3="%E3%81%BF%E3%81%BF%E3%81%9A" dan="17,16,16,17" rate="2201.29,2192.44,2033.16,2258.70" sx="M,M,M,M"/><TAIKYOKU oya="0"/><INIT seed="0,0,0,2,5,112" ten="250,250,250,250" oya="0" hai0="91,102,67,55,24,35,114,66,95,74,10,75,82" hai1="130,26,59,60,98,12,120,87,36,96,123,32,63" hai2="22,124,111,21,69,20,103,61,116,23,25,105,88" hai3="93,97,18,99,9,49,16,40,90,1,53,86,56"/><T33/><D114/><U121/><E130/><V51/><F111/><W127/><G127/><T29/><D33/><U117/><E36/><V76/><F124/><W72/><G72/><T19/><D102/><U85/><E12/><V52/><F76/><W46/><G1/><T43/><D43/><U2/><E2/><V133/><F133/><W104/><G9/><T132/><D132/><U41/><E41/><V115/><F115/><W109/><G109/><T0/><D55/><U47/><E47/><V65/><F116/><W11/><G104/><T100/><D100/><U62/><E59/><V77/><F77/><W4/><G4/><T6/><D82/><U108/><E108/><V122/><F122/><W54/><G54/><T125/><D125/><U5/><E5/><V3/><F3/><W39/><REACH who="3" step="1"/><G11/><REACH who="3" ten="250,250,250,240" step="2"/><T42/><D42/><U30/><REACH who="1" step="1"/><E117/><REACH who="1" ten="250,240,250,240" step="2"/><V27/><F27/><W17/><AGARI ba="0,2" hai="16,17,18,39,40,46,49,53,56,86,90,93,97,99" machi="17" ten="30,12000,2" yaku="1,1,2,1,0,1,54,1,53,2" doraHai="112" doraHaiUra="92" who="3" fromWho="3" sc="250,-60,240,-30,250,-30,240,140" /><INIT seed="1,0,0,1,4,105" ten="190,210,220,380" oya="1" hai0="101,99,128,22,119,81,76,36,83,69,20,47,126" hai1="8,88,67,77,55,123,25,114,75,14,9,37,30" hai2="102,91,43,106,97,85,120,53,13,6,10,7,66" hai3="124,15,16,95,125,5,132,112,78,86,59,100,12"/><U90/><E123/><V64/><F120/><W40/><G112/><T74/><D119/><U32/><E114/><V45/><F53/><W34/><G34/><T87/><D69/><U116/><E116/><V63/><F6/><W11/><G132/><T58/><D128/><U68/><E37/><V79/><F63/><W65/><G40/><T118/><D118/><U52/><E68/><V60/><F60/><N who="3" m="38047" /><G78/><T51/><D126/><N who="3" m="48745" /><G86/><T127/><D58/><U31/><E67/><V33/><F33/><W39/><G39/><T111/><D36/><U54/><E31/><V115/><F115/><W27/><G27/><T49/><D127/><U56/><E56/><V71/><F71/><W121/><G121/><T93/><D111/><U80/><REACH who="1" step="1"/><E8/><REACH who="1" ten="190,200,220,380" step="2"/><V29/><F29/><W21/><G100/><T117/><D117/><U4/><AGARI ba="0,1" hai="4,9,14,25,30,32,52,54,55,75,77,80,88,90" machi="4" ten="30,18000,2" yaku="1,1,2,1,0,1,52,1,54,2,53,0" doraHai="105" doraHaiUra="61" who="1" fromWho="1" sc="190,-60,200,190,220,-60,380,-60" /><INIT seed="1,1,0,2,3,25" ten="130,390,160,320" oya="1" hai0="33,107,63,71,99,0,17,45,129,117,131,35,118" hai1="104,18,8,90,44,15,95,85,28,125,4,24,100" hai2="79,92,74,135,70,130,82,42,86,14,98,119,12" hai3="19,41,57,67,51,39,10,111,61,30,58,29,132"/><U26/><E125/><V21/><F119/><N who="0" m="45578" /><D45/><U122/><E122/><V93/><F130/><N who="0" m="49674" /><D17/><U72/><E72/><V50/><F135/><W94/><G111/><T134/><D0/><U54/><E104/><V49/><F70/><W11/><G132/><T84/><D84/><U69/><E69/><V23/><F74/><W112/><G112/><T108/><D134/><U6/><E100/><V7/><F93/><W120/><G120/><T53/><D53/><U115/><E115/><V110/><F110/><W43/><G39/><T68/><D108/><U124/><E124/><V1/><F1/><W59/><G94/><T9/><D9/><N who="3" m="3081" /><G19/><T127/><D127/><U48/><REACH who="1" step="1"/><E26/><REACH who="1" ten="130,380,160,320" step="2"/><V109/><F109/><W55/><G58/><T133/><D133/><U37/><E37/><V66/><F7/><W113/><G113/><T96/><D68/><U89/><E89/><V2/><F2/><W62/><G51/><T16/><D107/><U52/><E52/><V81/><F50/><W76/><G76/><T38/><D38/><U123/><E123/><V126/><F49/><W40/><AGARI ba="1,1" hai="29,30,40,41,43,55,57,59,61,62,67" m="3081" machi="40" ten="30,4000,0" yaku="8,1,52,2" doraHai="25" who="3" fromWho="3" sc="130,-11,380,-21,160,-11,320,53" /><INIT seed="2,0,0,3,2,22" ten="119,359,149,373" oya="2" hai0="37,49,121,122,88,78,124,106,131,23,14,91,35" hai1="19,103,6,101,81,21,109,11,69,105,94,26,93" hai2="126,50,44,51,58,9,12,76,40,59,119,74,114" hai3="75,130,77,4,41,31,123,90,115,5,125,63,134"/><V82/><F114/><W52/><G123/><T95/><D37/><U108/><E105/><V65/><F126/><W104/><G104/><T67/><D106/><U84/><E69/><V34/><F119/><W55/><G115/><T1/><D1/><U56/><E56/><V43/><F34/><W129/><G125/><T0/><D0/><N who="1" m="455" /><E93/><V116/><F116/><W62/><G134/><T10/><D35/><U32/><E32/><V33/><F33/><W28/><G90/><T83/><D131/><N who="3" m="50185" /><G41/><T133/><D124/><U20/><E94/><V48/><F65/><W99/><G99/><T117/><D117/><U98/><E98/><V102/><F102/><W132/><G132/><T60/><D133/><U89/><E21/><V66/><F66/><W64/><G77/><T57/><D23/><U128/><E128/><V68/><F68/><W70/><G75/><T61/><D61/><U16/><E19/><V29/><F29/><N who="3" m="11339" /><G62/><T112/><D112/><U135/><E135/><V97/><F97/><W120/><G120/><T113/><D113/><U73/><E73/><V8/><F43/><W17/><G17/><N who="0" m="8407" /><D49/><U85/><E85/><V42/><F48/><W45/><G55/><T111/><D91/><U7/><E7/><N who="3" m="2634" /><G52/><T46/><D46/><AGARI ba="0,0" hai="45,46,63,64,70" m="2634,11339,50185" machi="46" ten="30,1000,0" yaku="19,1" doraHai="22" who="3" fromWho="0" sc="119,-10,359,0,149,0,373,10" /><INIT seed="3,0,0,5,0,111" ten="109,359,149,383" oya="3" hai0="82,24,0,95,61,106,72,85,28,116,132,127,64" hai1="104,70,121,47,99,96,92,78,58,29,83,45,108" hai2="75,87,39,11,125,105,22,40,41,50,60,135,37" hai3="63,56,23,17,133,32,44,46,113,67,38,122,30"/><W43/><G113/><T103/><D116/><U119/><E121/><V69/><F75/><W49/><G122/><T115/><D127/><U16/><E108/><V55/><F105/><W68/><G133/><T118/><D118/><U130/><E119/><V94/><F22/><W36/><G32/><N who="0" m="20487" /><D95/><U20/><E70/><V42/><F11/><W76/><G30/><T117/><D117/><U26/><E130/><V8/><F8/><W128/><G128/><T25/><D25/><U7/><E104/><V18/><F18/><W112/><G112/><T109/><D109/><U10/><E58/><V90/><F135/><W15/><G76/><N who="0" m="44295" /><D85/><N who="1" m="48375" /><E7/><V33/><F33/><W110/><G110/><T54/><D54/><U93/><E10/><V107/><F125/><W2/><G2/><T65/><D65/><U114/><E114/><V12/><F107/><W129/><G129/><T53/><D115/><U6/><E6/><V66/><F12/><W31/><G31/><T35/><D35/><U131/><E131/><V73/><F73/><W21/><G21/><T14/><D14/><U102/><E29/><V123/><F123/><W71/><G36/><T134/><D0/><U79/><E79/><V89/><F90/><W97/><G97/><N who="0" m="61807" /><D53/><AGARI ba="0,0" hai="15,17,23,38,43,44,46,49,53,56,63,67,68,71" machi="53" ten="30,1500,0" yaku="7,1" doraHai="111" who="3" fromWho="0" sc="109,-15,359,0,149,0,383,15" owari="94,-40.6,359,15.9,149,-25.1,398,49.8" /></mjloggm>