<mjloggm ver="2.3"><GO type="225" lobby="0"/><UN n0="%E9%A6%AC%E5%BC%95%E7%81%AB%33" n1="%40%77%61%6B%61" n2="%E6%A1%9C%E8%8A%B1%E9%96%83%E3%80%85" n3="%E3%81%95%E3%81%8D%E3%81%9F%E3%81%BE%E6%9E%97%E6%AA%8E" dan="16,16,17,16" rate="2110.21,2081.66,2272.59,2102.82" sx="M,M,M,M"/><TAIKYOKU oya="0"/><INIT seed="0,0,0,0,2,116" ten="250,250,250,250" oya="0" hai0="96,92,100,11,134,50,99,7,80,47,27,109,133" hai1="9,37,123,6,111,85,53,97,26,94,121,8,107" hai2="76,106,74,39,104,103,120,114,84,77,55,12,113" hai3="35,131,101,22,129,46,124,45,57,70,2,23,60"/><T33/><D109/><U61/><E37/><V4/><F39/><W119/><G35/><T24/><D80/><U79/><E111/><V108/><F108/><W112/><G119/><T44/><D99/><U87/><E107/><N who="2" m="41003" /><F55/><W19/><G112/><T115/><D115/><U82/><E26/><V132/><F12/><W59/><G2/><T31/><D24/><U10/><E87/><V49/><F49/><W58/><G101/><T90/><D100/><U128/><E128/><N who="3" m="49226" /><G124/><T89/><D89/><U75/><E75/><V40/><F40/><W21/><G19/><T122/><D122/><U64/><E53/><V5/><F103/><W0/><G0/><T30/><D30/><U110/><E6/><N who="2" m="2667" /><F84/><W16/><G16/><T105/><D105/><U38/><E38/><V29/><F29/><W130/><N who="3" m="49234" /><W32/><DORA hai="51" /><G32/><T135/><REACH who="0" step="1"/><D50/><REACH who="0" ten="240,250,250,250" step="2"/><U41/><E110/><V67/><F120/><W93/><G93/><T102/><D102/><U14/><E121/><V56/><F114/><W98/><G98/><T1/><AGARI ba="0,1" hai="1,7,11,27,31,33,44,47,90,92,96,133,134,135" machi="1" ten="30,12000,1" yaku="1,1,0,1,20,1,53,2" doraHai="116,51" doraHaiUra="43,126" who="0" fromWho="0" sc="240,130,250,-40,250,-40,250,-40" /><INIT seed="0,1,0,3,0,68" ten="370,210,210,210" oya="0" hai0="45,28,9,47,8,60,27,18,82,96,16,56,93" hai1="124,85,37,112,76,100,72,5,53,125,75,71,30" hai2="41,79,86,26,121,92,62,59,40,120,1,4,94" hai3="99,66,128,3,49,70,77,11,89,114,109,2,118"/><T52/><D82/><N who="1" m="47303" /><E112/><V87/><F1/><W65/><G118/><T97/><D97/><U55/><E71/><V80/><F4/><W12/><G114/><T103/><D8/><U15/><E30/><V44/><F26/><W116/><G116/><T13/><REACH who="0" step="1"/><D18/><REACH who="0" ten="360,210,210,210" step="2"/><U32/><E124/><V21/><F80/><W50/><G11/><T110/><D110/><U107/><E125/><V133/><F94/><W88/><G99/><T54/><D54/><U17/><E55/><V24/><F92/><W95/><G95/><T117/><D117/><U135/><E53/><V123/><F123/><W0/><G109/><T63/><D63/><U91/><E107/><V42/><F121/><W81/><G81/><T10/><D10/><U51/><E135/><V122/><F133/><W39/><G3/><T115/><D115/><U33/><E17/><V34/><F122/><W14/><G0/><T73/><D73/><U36/><E72/><V84/><F120/><W19/><G19/><T90/><D90/><U101/><E91/><V134/><F134/><W78/><G88/><T104/><D104/><U111/><E75/><V58/><F62/><W35/><G89/><T130/><D130/><U132/><E111/><V61/><F61/><W129/><G128/><T29/><D29/><U113/><E132/><V46/><F79/><W74/><G129/><T22/><AGARI ba="1,1" hai="9,13,16,22,27,28,45,47,52,56,60,93,96,103" machi="22" ten="20,18000,2" yaku="1,1,0,1,7,1,8,1,54,2,53,0" doraHai="68" doraHaiUra="105" who="0" fromWho="0" sc="360,193,210,-61,210,-61,210,-61" /><INIT seed="0,2,0,3,2,67" ten="553,149,149,149" oya="0" hai0="126,128,14,28,7,58,6,108,27,60,54,70,47" hai1="72,30,124,16,104,29,35,61,96,38,111,125,101" hai2="18,17,43,2,39,0,69,130,52,98,105,31,115" hai3="75,12,15,117,86,93,123,113,36,84,41,77,1"/><T99/><D126/><N who="1" m="48747" /><E38/><V5/><F18/><W46/><G113/><T91/><D128/><U95/><E72/><V110/><F17/><W116/><G123/><T97/><D108/><U122/><E111/><V64/><F110/><W79/><G1/><T23/><D70/><U106/><E122/><V50/><F115/><W120/><G120/><T65/><D91/><U73/><E73/><V80/><F80/><W118/><G75/><T53/><D14/><U25/><E30/><V89/><F31/><W81/><REACH who="3" step="1"/><G93/><REACH who="3" ten="553,149,149,139" step="2"/><T107/><D107/><N who="1" m="41003" /><E61/><N who="2" m="40079" /><F105/><W78/><G78/><T66/><D60/><U48/><E48/><V94/><F130/><W74/><G74/><T90/><D90/><U49/><E49/><V129/><F129/><W44/><G44/><T20/><D47/><U59/><E59/><N who="2" m="33175" /><F5/><W109/><G109/><T21/><D6/><U85/><E16/><V40/><F40/><W112/><G112/><T135/><D7/><U11/><E95/><V100/><F100/><W76/><G76/><T88/><D88/><U8/><E101/><V19/><F19/><W68/><G68/><T42/><D42/><U3/><E3/><V127/><F127/><W57/><G57/><T32/><D58/><U56/><E56/><V33/><F33/><W133/><G133/><T45/><D135/><U83/><E35/><V92/><F92/><W22/><G22/><T114/><D32/><U134/><E134/><V132/><F132/><W9/><G9/><T119/><D114/><U82/><E8/><V63/><F63/><W121/><G121/><T62/><D20/><N who="1" m="15527" /><E11/><V24/><F24/><RYUUKYOKU ba="2,1" sc="553,-15,149,-15,149,15,139,15" hai2="0,2,39,43,89,94,98" hai3="12,15,36,41,46,77,79,81,84,86,116,117,118" /><INIT seed="1,3,1,4,1,130" ten="538,134,164,154" oya="1" hai0="67,61,10,24,107,91,11,36,28,101,80,63,125" hai1="40,127,77,70,103,83,35,23,50,112,2,114,7" hai2="110,33,43,122,27,30,57,71,20,42,38,111,102" hai3="132,44,64,13,45,3,54,98,59,72,37,123,22"/><U41/><E70/><V12/><F122/><W95/><G123/><T124/><D36/><U84/><E35/><V85/><F71/><W115/><G115/><T32/><D101/><U52/><E127/><N who="0" m="48713" /><D107/><U108/><E103/><V92/><F57/><W88/><G3/><T79/><D91/><U121/><E121/><V89/><F102/><W90/><G72/><N who="0" m="43111" /><D63/><U113/><E108/><N who="2" m="41515" /><F38/><W134/><G37/><T46/><D46/><U62/><E62/><V87/><F87/><W29/><G90/><T26/><D26/><U39/><E39/><V18/><AGARI ba="3,1" hai="12,18,20,27,30,33,42,43,85,89,92" m="41515" machi="18" ten="30,1100,0" yaku="14,1" doraHai="130" who="2" fromWho="2" sc="538,-6,134,-8,164,30,154,-6" /><INIT seed="2,0,0,1,4,99" ten="532,126,194,148" oya="2" hai0="113,91,104,25,38,133,43,125,52,103,46,95,5" hai1="68,16,32,44,13,24,28,128,73,124,93,18,75" hai2="41,90,132,27,85,126,61,78,21,22,120,116,97" hai3="121,112,51,35,0,86,84,42,69,123,131,33,79"/><V1/><F120/><W3/><G69/><T34/><D113/><U67/><E124/><V64/><F116/><W87/><G79/><T74/><D74/><U118/><E128/><V94/><F126/><W7/><G131/><T19/><D125/><U134/><E134/><V49/><F1/><W4/><G42/><T12/><D5/><N who="3" m="2121" /><G51/><T111/><D111/><U106/><E106/><V109/><F132/><W54/><G54/><T88/><D133/><U56/><E68/><V81/><F109/><W29/><G29/><T60/><D104/><U72/><E118/><V50/><F41/><W2/><G112/><T55/><D103/><U65/><E44/><V15/><F15/><W10/><G10/><T36/><D36/><U45/><E45/><V76/><F76/><W107/><G107/><T101/><D101/><U98/><E56/><N who="2" m="36903" /><F21/><W77/><G77/><T100/><D100/><U26/><E26/><V63/><F63/><W119/><G119/><T102/><D102/><U110/><E110/><V30/><AGARI ba="0,0" hai="22,27,30,49,50,78,81,85,90,94,97" m="36903" machi="30" ten="30,1500,0" yaku="8,1" doraHai="99" who="2" fromWho="2" sc="532,-5,126,-5,194,15,148,-5" /><INIT seed="2,1,0,1,2,39" ten="527,121,209,143" oya="2" hai0="63,5,26,10,19,86,115,114,42,95,24,107,92" hai1="87,133,110,80,69,34,70,45,53,32,64,15,17" hai2="36,57,77,38,109,1,91,106,113,100,61,126,62" hai3="27,134,123,90,118,96,97,84,130,55,14,79,28"/><V78/><F1/><W111/><G118/><T30/><D107/><U117/><E117/><V108/><F113/><W76/><G123/><T16/><D42/><U31/><E133/><V99/><F126/><W104/><G134/><T135/><D135/><U13/><E110/><N who="2" m="42603" /><F91/><W44/><G111/><T60/><D30/><U74/><E74/><V124/><F124/><W47/><G104/><T128/><D128/><U37/><E31/><V8/><F8/><W9/><G130/><T120/><D10/><U121/><E121/><V59/><F36/><W67/><G67/><T94/><D94/><U2/><E2/><V119/><F38/><W51/><G47/><T93/><D93/><U101/><E101/><V71/><F71/><W7/><G79/><N who="2" m="30217" /><F119/><W129/><G76/><T35/><D120/><U49/><E37/><V89/><F89/><W131/><G129/><T29/><D86/><U102/><E102/><V65/><F65/><W116/><G116/><T33/><D29/><U22/><E69/><V20/><F20/><N who="3" m="15463" /><G131/><T75/><D75/><U4/><E64/><V11/><F11/><W122/><G122/><T103/><D103/><U43/><E70/><V23/><F23/><W41/><G55/><T127/><D127/><U46/><E87/><V40/><F40/><W105/><G105/><T112/><D112/><U66/><E66/><V58/><AGARI ba="1,0" hai="57,58,59,61,62,99,100,106" m="30217,42603" machi="58" ten="40,3900,0" yaku="14,1,10,1" doraHai="39" who="2" fromWho="2" sc="527,-14,121,-14,209,42,143,-14" /><INIT seed="2,2,0,2,5,132" ten="513,107,251,129" oya="2" hai0="38,134,65,44,73,9,30,76,124,58,77,95,67" hai1="87,47,54,97,114,49,105,93,22,130,53,90,86" hai2="78,126,36,101,1,42,135,45,24,6,120,12,68" hai3="33,52,79,5,88,11,31,8,13,106,117,72,75"/><V61/><F120/><W25/><G117/><T37/><D30/><U109/><E109/><V81/><F135/><W28/><G106/><T10/><D134/><U125/><E130/><V107/><F12/><W104/><G104/><T115/><D95/><U80/><E114/><V133/><F24/><W112/><G112/><T2/><D2/><U34/><E34/><V17/><F17/><W16/><G31/><T113/><D58/><U116/><E116/><V94/><F94/><W46/><G79/><T59/><D59/><U41/><E125/><V121/><F126/><W96/><G96/><T4/><D124/><U35/><E35/><V131/><F131/><W100/><G100/><T14/><D14/><U39/><E39/><V118/><F121/><W50/><REACH who="3" step="1"/><G88/><REACH who="3" ten="513,107,251,119" step="2"/><T91/><D91/><U57/><E105/><V128/><F128/><W129/><G129/><T63/><D73/><U108/><E108/><V123/><F118/><W71/><G71/><T83/><D83/><U99/><E99/><V98/><F123/><W89/><G89/><T110/><D77/><U55/><E86/><V69/><F133/><W0/><AGARI ba="2,1" hai="0,5,8,11,13,16,25,28,33,46,50,52,72,75" machi="0" ten="20,8000,1" yaku="1,1,0,1,7,1,54,2,53,0" doraHai="132" doraHaiUra="70" who="3" fromWho="3" sc="513,-22,107,-22,251,-42,119,96" /><INIT seed="3,0,0,4,5,69" ten="491,85,209,215" oya="3" hai0="85,49,9,36,54,119,16,8,62,47,13,118,72" hai1="111,34,4,50,90,89,29,105,12,130,56,57,126" hai2="26,24,96,80,103,116,98,68,55,92,42,70,82" hai3="48,106,86,97,15,79,22,7,71,6,78,20,122"/><W129/><G122/><T88/><D72/><U63/><E105/><V121/><F116/><W52/><G71/><T108/><D108/><U39/><E111/><V66/><F121/><W43/><G43/><T127/><D127/><U23/><E126/><V11/><F42/><W35/><G35/><T132/><D132/><U84/><E34/><V101/><F55/><W125/><G125/><T100/><D100/><U110/><E110/><V59/><F11/><W64/><G64/><T0/><D62/><U30/><E130/><V65/><F92/><W61/><G61/><T123/><D36/><U94/><E4/><V114/><F59/><W102/><G129/><T32/><D32/><U27/><E39/><V113/><AGARI ba="0,0" hai="24,26,65,66,68,70,80,82,96,98,101,103,113,114" machi="113" ten="25,3200,0" yaku="0,1,22,2" doraHai="69" who="2" fromWho="2" sc="491,-8,85,-8,209,32,215,-16" owari="483,58.3,77,-42.3,241,4.1,199,-20.1" /></mjloggm>