<mjloggm ver="2.3"><GO type="225" lobby="0"/><UN n0="%E5%91%A8%E6%9D%B1" n1="%E5%A4%96%E5%B7%9D%E7%AB%9C%E6%88%90" n2="%4C%4F%4C%49%54%41" n3="%E3%83%96%E3%83%83%E3%83%91%E3%82%AA%E3%83%96%E3%83%81%E3%82%AD%E3%83%B3" dan="17,16,16,16" rate="2162.83,2068.74,2085.74,2139.03" sx="M,M,F,M"/><TAIKYOKU oya="0"/><INIT seed="0,0,0,4,4,34" ten="250,250,250,250" oya="0" hai0="4,131,76,55,9,97,124,99,96,135,68,108,37" hai1="67,16,78,98,87,25,14,102,44,8,45,128,86" hai2="38,27,121,129,57,81,84,117,30,0,126,89,75" hai3="88,116,15,22,33,18,5,1,127,42,23,90,72"/><T112/><D112/><U105/><E128/><V118/><F121/><W53/><G116/><N who="2" m="44649" /><F38/><W2/><G33/><T35/><D35/><U49/><E67/><V17/><F126/><W61/><G72/><T26/><D37/><U91/><E25/><V120/><F120/><W56/><G127/><T50/><D68/><U110/><E110/><V11/><F129/><W40/><G23/><T133/><D124/><U7/><E7/><N who="2" m="1511" /><F75/><W28/><G28/><T130/><D76/><U13/><E13/><V114/><F57/><W100/><G100/><T19/><D108/><U123/><E123/><V125/><F125/><W65/><G5/><T132/><D19/><U101/><E101/><V83/><F114/><W51/><G40/><T36/><D36/><U70/><E70/><V20/><F17/><W62/><G42/><T74/><D26/><U41/><E45/><V109/><F109/><W6/><G6/><T21/><D21/><U94/><REACH who="1" step="1"/><E78/><REACH who="1" ten="250,240,250,250" step="2"/><V31/><F30/><W85/><G65/><T12/><REACH who="0" step="1"/><D74/><REACH who="0" ten="240,240,250,250" step="2"/><U29/><E29/><V60/><F31/><W134/><G22/><T73/><D73/><U95/><E95/><V63/><F83/><W111/><G111/><T119/><D119/><U122/><E122/><V46/><F20/><W71/><G71/><T64/><D64/><U115/><E115/><V93/><F27/><W103/><G18/><T77/><D77/><U58/><E58/><AGARI ba="0,2" hai="4,9,12,50,55,58,96,97,99,130,131,132,133,135" machi="58" ten="50,9600,0" yaku="1,1,20,1,53,1" doraHai="34" doraHaiUra="48" who="0" fromWho="1" sc="240,116,240,-96,250,0,250,0" /><INIT seed="0,1,0,1,5,74" ten="356,144,250,250" oya="0" hai0="40,36,53,25,71,104,67,56,60,41,90,70,131" hai1="33,121,23,101,20,113,81,68,65,44,115,69,15" hai2="129,98,85,111,45,89,106,10,135,59,102,103,78" hai3="52,6,37,31,22,30,117,55,96,97,88,114,4"/><T130/><D104/><U87/><E33/><V128/><F45/><W21/><G37/><T75/><D75/><U132/><E101/><V5/><F111/><W34/><G34/><T43/><D90/><U84/><E121/><V39/><F39/><W91/><REACH who="3" step="1"/><G114/><REACH who="3" ten="356,144,250,240" step="2"/><T122/><D122/><U93/><E115/><V12/><F129/><W1/><G1/><T9/><D36/><U92/><E113/><V61/><F128/><W17/><G17/><T94/><D131/><U14/><E132/><V13/><F135/><W47/><G47/><T110/><D130/><U50/><E44/><V134/><F134/><W77/><G77/><T51/><D110/><U82/><REACH who="1" step="1"/><E50/><REACH who="1" ten="356,134,250,240" step="2"/><V133/><F133/><W11/><G11/><T42/><D9/><U49/><E49/><V72/><F10/><W35/><G35/><T63/><D51/><U99/><E99/><V27/><F98/><W19/><G19/><T29/><D29/><U105/><E105/><V83/><F106/><W116/><AGARI ba="1,2" hai="4,6,21,22,30,31,52,55,88,91,96,97,116,117" machi="116" ten="25,16000,3" yaku="1,1,0,1,22,2,54,2,53,2" doraHai="74" doraHaiUra="26" who="3" fromWho="3" sc="356,-81,134,-41,250,-41,240,183" /><INIT seed="1,0,0,3,0,120" ten="275,93,209,423" oya="1" hai0="18,128,82,81,102,28,78,85,99,70,26,52,44" hai1="32,60,17,129,27,10,79,20,135,91,54,56,118" hai2="84,33,110,65,104,0,35,62,3,22,71,134,30" hai3="41,38,106,87,42,15,123,19,11,111,9,21,131"/><U126/><E118/><V8/><F104/><W125/><G123/><T14/><D128/><U101/><E129/><V24/><F134/><W98/><G131/><T29/><D70/><U90/><E135/><V89/><F110/><W124/><G111/><T53/><D82/><U115/><E115/><V5/><REACH who="2" step="1"/><F3/><REACH who="2" ten="275,93,199,423" step="2"/><W116/><G106/><T7/><D7/><U4/><E126/><V2/><F2/><W121/><G124/><T50/><D26/><U100/><E32/><V43/><F43/><W16/><G42/><T92/><REACH who="0" step="1"/><D53/><REACH who="0" ten="265,93,199,423" step="2"/><U109/><E109/><V107/><F107/><W132/><G125/><T95/><D95/><AGARI ba="0,2" hai="0,5,8,22,24,30,33,35,62,65,71,84,89,95" machi="95" ten="30,2000,0" yaku="1,1,7,1,53,0" doraHai="120" doraHaiUra="130" who="2" fromWho="0" sc="265,-20,93,0,199,40,423,0" /><INIT seed="2,0,0,4,0,114" ten="245,93,239,423" oya="2" hai0="123,128,101,11,85,119,41,58,56,8,30,14,74" hai1="2,60,42,3,64,65,135,86,9,134,61,38,47" hai2="75,26,96,45,17,106,12,57,84,66,115,7,100" hai3="126,83,133,31,10,103,33,118,78,63,50,36,131"/><V15/><F115/><W113/><G113/><T13/><D74/><U0/><E9/><V105/><F75/><W117/><G36/><T107/><D123/><U54/><E86/><V51/><F84/><W97/><G131/><T35/><D41/><U72/><E72/><V39/><F39/><W99/><G133/><T73/><D73/><U124/><E54/><V121/><F121/><W80/><G126/><T129/><D85/><U48/><E48/><V23/><F105/><W102/><G50/><T95/><D95/><U122/><E122/><V6/><F57/><W25/><G10/><T70/><D70/><U92/><E92/><V27/><F66/><W49/><G49/><T120/><D101/><U132/><REACH who="1" step="1"/><E124/><REACH who="1" ten="245,83,239,423" step="2"/><V130/><F51/><W20/><G83/><T116/><D120/><U89/><E89/><V71/><F106/><W87/><G80/><T77/><D107/><U104/><E104/><V110/><F100/><W32/><G87/><T5/><D8/><U34/><E34/><V68/><F96/><W79/><G33/><T109/><D11/><U76/><E76/><V62/><F130/><W18/><G79/><T21/><D77/><U55/><E55/><V81/><F81/><W37/><G78/><T59/><D35/><U112/><E112/><V4/><F23/><W22/><G22/><T111/><D21/><U1/><N who="1" m="0" /><DORA hai="40" /><U16/><E16/><V46/><F17/><W125/><G18/><T108/><D128/><U43/><E43/><V53/><F53/><W127/><G20/><T98/><D129/><U94/><E94/><V29/><F4/><RYUUKYOKU ba="0,1" sc="245,-10,83,30,239,-10,423,-10" hai1="38,42,47,60,61,64,65,132,134,135" /><INIT seed="3,1,1,1,4,123" ten="235,113,229,413" oya="3" hai0="60,94,86,21,124,107,29,59,63,26,24,129,72" hai1="41,17,114,55,121,40,119,8,90,36,112,37,88" hai2="133,120,91,54,115,11,109,33,66,48,53,39,104" hai3="30,122,97,52,106,126,44,46,103,67,77,42,80"/><W95/><G126/><T45/><D107/><U25/><E121/><V96/><F120/><W128/><G122/><T0/><D72/><U132/><E25/><V1/><F115/><W110/><G110/><T131/><D0/><U85/><E85/><V7/><F39/><W135/><G135/><T71/><D124/><U69/><E69/><V9/><F33/><W64/><G128/><T65/><D45/><U113/><E132/><V34/><F34/><W92/><G30/><T117/><D117/><U10/><E17/><V32/><F32/><W116/><G116/><T57/><D26/><U82/><E119/><V76/><F133/><W84/><BYE who="2" /><G52/><T118/><D118/><U125/><E125/><V27/><F27/><W35/><G46/><T6/><D6/><U58/><E55/><V19/><F19/><W18/><G18/><UN n2="%4C%4F%4C%49%54%41" /><T98/><D86/><U75/><E58/><V50/><F76/><W23/><G23/><T100/><D71/><U127/><E127/><V101/><F109/><W15/><G15/><T102/><D102/><U111/><E114/><V74/><F74/><W62/><G35/><T13/><D13/><U31/><E75/><V79/><F9/><W22/><G22/><T49/><D49/><N who="2" m="19050" /><F79/><W89/><G77/><T78/><D78/><U68/><E68/><V87/><F66/><AGARI ba="1,1" hai="21,24,29,57,59,60,63,65,66,94,98,100,129,131" machi="66" ten="40,5200,0" yaku="9,1,25,2" doraHai="123" who="0" fromWho="2" sc="235,65,113,0,229,-55,413,0" owari="300,10.0,113,-38.7,174,-22.6,413,51.3" /></mjloggm>