<mjloggm ver="2.3"><GO type="225" lobby="0"/><UN n0="%E6%9D%B1%E9%A2%A8%E3%81%AE%E3%81%8D%E3%82%83%E3%81%B7%E3%81%95%E3%82%93" n1="%E3%81%AF%E3%82%88%E3%81%8A%E3%81%98%E3%81%95%E3%82%93" n2="%73%73%6B%5F%66%72%65%65" n3="%E3%81%95%E3%81%8D%E3%81%9F%E3%81%BE%E6%9E%97%E6%AA%8E" dan="16,17,16,16" rate="2191.38,2227.27,2068.87,2106.77" sx="M,M,M,M"/><TAIKYOKU oya="0"/><INIT seed="0,0,0,1,3,3" ten="250,250,250,250" oya="0" hai0="125,65,101,8,56,73,133,13,81,47,62,105,67" hai1="52,84,16,28,22,48,89,120,63,117,124,42,132" hai2="122,134,10,70,123,44,91,45,9,0,39,43,58" hai3="111,60,1,46,19,92,30,53,109,6,68,33,37"/><T97/><BYE who="3" /><D133/><U66/><E117/><V100/><F134/><W94/><G94/><T49/><D125/><U99/><E132/><UN n3="%E3%81%95%E3%81%8D%E3%81%9F%E3%81%BE%E6%9E%97%E6%AA%8E" /><V129/><F129/><W115/><G115/><T131/><D131/><U87/><E120/><V78/><F78/><W29/><G68/><T18/><D67/><U21/><E124/><V90/><F100/><W80/><G80/><T118/><D118/><U103/><E42/><V83/><F70/><W27/><G30/><T127/><D127/><U23/><E28/><V116/><F116/><W135/><G135/><T93/><D105/><U98/><E103/><V113/><F113/><W50/><G19/><T14/><D14/><U64/><E87/><V104/><F104/><W11/><G92/><T4/><D73/><U121/><E121/><V110/><F0/><W36/><REACH who="3" step="1"/><G60/><REACH who="3" ten="250,250,250,240" step="2"/><T130/><D130/><U95/><E63/><V38/><F83/><W51/><G51/><T79/><D81/><U128/><E128/><V31/><F31/><W59/><G59/><T26/><D79/><U15/><E98/><V57/><REACH who="2" step="1"/><F43/><REACH who="2" ten="250,250,240,240" step="2"/><W17/><G17/><T7/><D26/><U75/><E99/><V107/><F107/><W35/><G35/><T32/><D32/><U5/><E16/><V72/><F72/><W61/><G61/><T88/><D101/><U76/><E75/><V69/><F69/><W96/><G96/><T112/><D112/><U12/><E76/><V2/><F2/><W25/><G25/><T20/><D20/><U41/><E41/><AGARI ba="0,2" hai="4,7,8,13,18,41,47,49,56,62,65,88,93,97" machi="41" ten="30,12000,1" yaku="7,1,8,1,52,2,54,1" doraHai="3" who="0" fromWho="1" sc="250,140,250,-120,240,0,240,0" /><INIT seed="0,1,0,5,5,69" ten="390,130,240,240" oya="0" hai0="53,68,115,62,64,18,17,120,108,91,22,2,4" hai1="41,66,130,44,79,37,47,81,127,67,26,63,15" hai2="84,122,90,3,125,30,76,103,113,58,86,27,100" hai3="56,74,116,29,16,12,7,39,132,83,98,87,133"/><T60/><D120/><U93/><E127/><V38/><F113/><W126/><G116/><T23/><D115/><U36/><E130/><V50/><F122/><W82/><G126/><T25/><D108/><U43/><E63/><V92/><F3/><W114/><G114/><T119/><D119/><U9/><E93/><V96/><F38/><W13/><G29/><T121/><D121/><U109/><E26/><V10/><F10/><W45/><G56/><T19/><D2/><U32/><E32/><V6/><F6/><W97/><G74/><T80/><D4/><U77/><E109/><V129/><F129/><W20/><G12/><T88/><D80/><U42/><E42/><V110/><F110/><W118/><G7/><T71/><D18/><U24/><E24/><V95/><F125/><W31/><G31/><T11/><D11/><U8/><E81/><N who="2" m="47143" /><F27/><W46/><G46/><T111/><D111/><U21/><E15/><V48/><F30/><W89/><G83/><T34/><D34/><U94/><E94/><N who="2" m="58391" /><F58/><W124/><G124/><T99/><D25/><U117/><REACH who="1" step="1"/><E21/><REACH who="1" ten="390,120,240,240" step="2"/><V59/><F95/><W112/><G112/><T28/><D28/><U75/><E75/><V1/><F1/><W102/><G118/><AGARI ba="1,1" hai="8,9,36,37,41,43,44,47,66,67,77,79,117,118" machi="118" ten="25,8000,1" yaku="1,1,22,2,52,2,53,0" doraHai="69" doraHaiUra="134" who="1" fromWho="3" sc="390,0,120,93,240,0,240,-83" /><INIT seed="1,0,0,1,5,62" ten="390,213,240,157" oya="1" hai0="56,48,44,59,87,91,71,117,2,115,103,13,95" hai1="120,124,104,125,47,123,129,114,135,133,57,132,80" hai2="39,11,127,14,50,69,105,23,73,10,113,97,85" hai3="19,122,4,130,35,66,134,74,17,89,93,45,46"/><U99/><E57/><V92/><F127/><N who="1" m="48713" /><E47/><V112/><F39/><W88/><G122/><N who="1" m="46634" /><E114/><N who="2" m="44139" /><F69/><W25/><G74/><T68/><D2/><U109/><E109/><V78/><F73/><W81/><G134/><T100/><D117/><U75/><E129/><V42/><F105/><W8/><G130/><T27/><D115/><U101/><E80/><N who="2" m="47255" /><F50/><W32/><G81/><T7/><D68/><U107/><E75/><V33/><F33/><W38/><G38/><T28/><D71/><U54/><E54/><V108/><F42/><W55/><G55/><T40/><D59/><U90/><E90/><N who="2" m="55447" /><F108/><W15/><G35/><T84/><D56/><U76/><E76/><V119/><F119/><W63/><G32/><T110/><D110/><U43/><E43/><V94/><F94/><AGARI ba="0,0" hai="94,99,101,104,107,132,133,135" m="46634,48713" machi="94" ten="40,12000,1" yaku="20,1,18,1,34,2" doraHai="62" who="1" fromWho="2" sc="390,0,213,120,240,-120,157,0" /><INIT seed="1,1,0,0,0,102" ten="390,333,120,157" oya="1" hai0="46,92,113,16,48,77,44,63,8,41,23,134,80" hai1="42,12,31,95,51,62,7,122,126,112,127,55,86" hai2="69,130,74,76,97,47,133,4,99,34,82,135,132" hai3="84,37,101,128,32,9,70,13,43,11,121,18,75"/><U87/><E122/><V26/><F130/><W65/><G121/><T35/><D35/><U118/><E112/><V100/><F69/><W21/><G75/><T107/><D107/><U5/><E118/><V123/><F123/><W22/><G32/><T36/><D92/><U119/><E119/><V10/><F47/><W68/><G128/><T66/><D8/><U53/><E31/><N who="2" m="19831" /><F100/><W110/><G110/><T124/><D124/><N who="1" m="47659" /><E62/><V50/><F50/><W85/><G101/><T1/><D1/><AGARI ba="1,0" hai="1,4,10,74,76,82,97,99,132,133,135" m="19831" machi="1" ten="30,1000,0" yaku="20,1" doraHai="102" who="2" fromWho="0" sc="390,-13,333,0,120,13,157,0" /><INIT seed="2,0,0,3,3,82" ten="377,333,133,157" oya="2" hai0="33,26,5,54,96,8,98,115,116,108,83,27,132" hai1="16,128,12,11,127,48,56,24,117,77,35,130,67" hai2="34,52,71,1,4,32,90,40,133,112,17,57,85" hai3="30,94,19,49,18,70,89,122,95,44,87,37,51"/><V42/><F112/><W62/><G122/><T66/><D108/><U36/><E36/><V99/><F133/><W9/><G37/><T65/><D116/><U81/><E117/><V59/><F71/><W45/><G30/><T88/><D132/><U38/><E38/><V114/><F114/><W25/><G70/><T118/><D54/><U10/><E127/><V14/><F99/><W43/><G62/><T69/><D69/><U126/><E126/><V123/><F123/><W72/><G72/><T129/><D129/><N who="1" m="49771" /><E24/><V22/><F57/><W101/><G25/><T31/><D27/><U75/><E35/><V61/><F34/><W104/><G104/><T13/><D118/><U113/><E113/><V74/><F74/><W80/><G101/><T53/><D53/><N who="1" m="31783" /><E67/><V103/><F103/><W78/><G9/><AGARI ba="0,0" hai="9,10,11,12,16,75,77,81" m="31783,49771" machi="9" ten="30,2000,0" yaku="19,1,54,1" doraHai="82" who="1" fromWho="3" sc="377,0,333,20,133,0,157,-20" /><INIT seed="3,0,0,2,3,132" ten="377,353,133,137" oya="3" hai0="70,127,0,108,121,39,81,105,19,31,46,123,67" hai1="79,106,16,84,10,14,107,6,55,23,89,66,2" hai2="51,119,78,48,7,88,134,111,124,96,91,53,75" hai3="57,83,92,8,4,99,47,68,24,60,62,94,98"/><W49/><G68/><T65/><D19/><U101/><E79/><V104/><F119/><W44/><G24/><T33/><D81/><U109/><E109/><V116/><F116/><W102/><G83/><T12/><D12/><U122/><E122/><V40/><F111/><W110/><G110/><T73/><D46/><U69/><E101/><V118/><F118/><W120/><G120/><T86/><D86/><U131/><E131/><V59/><F134/><W61/><G57/><T117/><D31/><U130/><E130/><V52/><F124/><W3/><REACH who="3" step="1"/><G49/><REACH who="3" ten="377,353,133,127" step="2"/><T125/><D108/><U17/><E69/><V41/><F75/><W29/><G29/><T21/><D70/><U34/><E34/><V35/><F35/><W50/><G50/><T87/><D121/><U56/><E66/><V58/><F78/><W126/><G126/><T27/><D65/><U9/><E56/><V64/><F64/><W1/><G1/><T30/><D67/><U82/><E55/><V115/><F115/><W38/><G38/><T93/><D0/><U36/><E36/><V37/><F37/><W42/><G42/><T76/><D39/><U15/><AGARI ba="0,1" hai="2,6,9,10,14,15,16,17,23,82,84,89,106,107" machi="15" ten="20,2700,0" yaku="0,1,7,1,54,1" doraHai="132" who="1" fromWho="1" sc="377,-7,353,37,133,-7,127,-13" owari="370,17.0,390,49.0,126,-27.4,114,-38.6" /></mjloggm>