<mjloggm ver="2.3"><GO type="225" lobby="0"/><UN n0="%E7%99%BD%E5%80%89%E5%AF%9B%E4%B9%8B" n1="%E9%A6%AC%E5%BC%95%E7%81%AB%33" n2="%E3%81%BE%E3%81%A8%E3%81%9F" n3="%E3%83%B4%E3%83%A0%EF%BC%99%E3%81%A6" dan="16,16,16,17" rate="2176.21,2115.88,2085.14,2138.06" sx="M,M,M,M"/><TAIKYOKU oya="0"/><INIT seed="0,0,0,4,4,98" ten="250,250,250,250" oya="0" hai0="2,65,90,76,129,127,42,70,62,58,105,115,33" hai1="130,112,73,19,120,54,66,52,63,111,77,45,46" hai2="40,75,79,117,122,80,86,47,110,106,10,35,81" hai3="64,67,71,91,36,93,83,132,104,102,53,0,14"/><T60/><D2/><U113/><E19/><V16/><F35/><W22/><G0/><T23/><D33/><U11/><E11/><V30/><F30/><W5/><G36/><T99/><D115/><N who="1" m="44107" /><E77/><V123/><F110/><W3/><G3/><T43/><D127/><U101/><E101/><V87/><F106/><W6/><G71/><T48/><D129/><U134/><E73/><V88/><F117/><W44/><G104/><T20/><D76/><U125/><E111/><V4/><F4/><W72/><G83/><T95/><D105/><U78/><E78/><V114/><F114/><W51/><G72/><T121/><D121/><U107/><E107/><V34/><F34/><W108/><G108/><T126/><D126/><U118/><E125/><V8/><F75/><W15/><G15/><T9/><D9/><U69/><E118/><V12/><REACH who="2" step="1"/><F10/><REACH who="2" ten="250,250,240,250" step="2"/><W17/><G5/><T133/><D133/><U109/><E109/><V55/><F55/><N who="1" m="21033" /><E134/><V97/><F97/><N who="3" m="59695" /><G132/><T61/><D43/><U13/><E13/><V89/><F89/><W39/><G6/><T7/><D7/><U100/><E100/><V28/><F28/><W31/><G91/><T119/><D119/><U131/><E120/><V74/><F74/><W68/><G31/><T82/><D90/><U96/><E96/><V92/><F92/><W24/><G14/><T29/><D95/><U27/><E27/><V32/><F32/><W38/><G24/><N who="0" m="16519" /><D99/><U103/><E103/><V26/><F26/><W1/><G1/><T37/><D42/><U94/><E94/><V135/><F135/><W116/><G116/><RYUUKYOKU ba="0,1" sc="250,-15,250,15,240,15,250,-15" hai1="45,46,63,66,69,130,131" hai2="8,12,16,40,47,79,80,81,86,87,88,122,123" /><INIT seed="1,1,1,3,3,7" ten="235,265,255,235" oya="1" hai0="135,112,59,89,48,133,12,55,64,0,100,5,84" hai1="74,104,28,41,94,82,88,69,8,63,22,42,19" hai2="131,93,118,121,57,122,38,46,101,32,81,99,77" hai3="21,68,33,130,120,2,115,109,35,43,62,83,26"/><U128/><E104/><V126/><F118/><W65/><G120/><T72/><D72/><U37/><E128/><V14/><F32/><W18/><G115/><T92/><D112/><U113/><E113/><V102/><F131/><W31/><G130/><T125/><D125/><U13/><E37/><V107/><F126/><W9/><G109/><T108/><D108/><U87/><E69/><V24/><F57/><W45/><G83/><T61/><D0/><U75/><E75/><V110/><F110/><W52/><G52/><T96/><D5/><U124/><E124/><V58/><F24/><W50/><REACH who="3" step="1"/><G2/><REACH who="3" ten="235,265,255,225" step="2"/><T40/><D40/><U23/><E63/><V17/><F81/><W86/><G86/><T20/><D61/><U103/><E41/><V106/><F121/><W76/><G76/><T47/><D64/><U71/><E42/><V95/><F77/><W119/><G119/><T79/><D79/><U60/><E74/><V36/><F122/><W123/><G123/><T134/><D47/><U111/><E111/><V44/><F46/><W56/><G56/><T6/><D135/><U70/><E70/><V73/><F58/><W30/><G30/><T11/><REACH who="0" step="1"/><D20/><REACH who="0" ten="225,265,255,225" step="2"/><U49/><E23/><N who="2" m="11703" /><F73/><W66/><G66/><T1/><D1/><U34/><E22/><V67/><F67/><W98/><G98/><T4/><D4/><U27/><E71/><V54/><F44/><W39/><G39/><T29/><D29/><U117/><E117/><V51/><F36/><W91/><G91/><T25/><D25/><U85/><E28/><V3/><F38/><W16/><G16/><RYUUKYOKU ba="1,3" sc="225,15,265,-15,255,-15,225,15" hai0="6,11,12,48,55,59,84,89,92,96,100,133,134" hai3="9,18,21,26,31,33,35,43,45,50,62,65,68" /><INIT seed="2,2,3,0,0,81" ten="240,250,240,240" oya="2" hai0="84,19,69,23,37,61,89,124,1,21,88,9,63" hai1="58,130,83,111,5,43,114,8,11,82,85,18,2" hai2="59,70,91,32,128,94,113,86,0,96,131,55,30" hai3="24,134,48,76,50,101,100,27,3,47,108,122,16"/><V15/><F0/><W117/><G117/><T4/><D37/><U62/><E114/><V123/><F70/><W129/><G122/><T20/><D124/><U13/><E111/><V31/><F113/><W107/><G3/><T133/><D133/><U56/><E130/><N who="2" m="49707" /><F123/><W80/><G129/><T42/><D42/><U10/><E43/><V103/><F15/><W77/><G108/><T118/><D118/><U106/><E106/><N who="2" m="63847" /><F32/><W132/><G80/><T110/><D110/><U121/><E121/><V74/><F74/><W125/><G47/><T39/><D39/><U67/><E83/><V44/><F44/><W49/><G49/><AGARI ba="2,3" hai="30,31,49,55,59,86,91,94" m="63847,49707" machi="49" ten="30,2900,0" yaku="19,1,52,1" doraHai="81" who="2" fromWho="3" sc="240,0,250,0,240,65,240,-35" /><INIT seed="2,3,0,0,2,128" ten="240,250,305,205" oya="2" hai0="79,122,7,98,23,39,22,115,109,9,16,31,135" hai1="86,78,49,104,56,94,51,2,132,26,8,107,17" hai2="71,55,112,123,125,44,60,83,103,58,70,85,36" hai3="62,41,118,124,90,4,40,14,64,25,91,33,48"/><V87/><F112/><W35/><G124/><T12/><D39/><U130/><E130/><V11/><F123/><W108/><G108/><T18/><D115/><U106/><E56/><V42/><F125/><W43/><G118/><T13/><D122/><U1/><E78/><V117/><F117/><W50/><G4/><T97/><D109/><U80/><E94/><V0/><F103/><W59/><G14/><T119/><D119/><U52/><E52/><V120/><F87/><W28/><REACH who="3" step="1"/><G33/><REACH who="3" ten="240,250,305,195" step="2"/><T99/><D31/><U30/><E30/><V5/><F120/><W105/><G105/><T29/><D29/><U81/><E107/><V45/><F45/><W89/><AGARI ba="3,1" hai="25,28,35,40,41,43,48,50,59,62,64,89,90,91" machi="89" ten="30,2000,0" yaku="1,1,0,1,53,0" doraHai="128" doraHaiUra="10" who="3" fromWho="3" sc="240,-8,250,-8,305,-13,195,39" /><INIT seed="3,0,0,1,0,127" ten="232,242,292,234" oya="3" hai0="81,112,113,133,130,122,71,103,49,26,7,107,0" hai1="100,21,20,115,75,11,79,28,118,54,6,60,59" hai2="2,119,131,99,48,124,132,76,85,41,10,98,43" hai3="68,55,13,22,80,87,110,33,109,106,46,30,27"/><W135/><G106/><T45/><D71/><U12/><E115/><N who="0" m="44105" /><D122/><U69/><E118/><V101/><F131/><W14/><G68/><T18/><D133/><U24/><E69/><V77/><F99/><W96/><G96/><N who="0" m="61927" /><D81/><U34/><E75/><V53/><F119/><W104/><G104/><T66/><D66/><U1/><E79/><V78/><F85/><W58/><G46/><T83/><D83/><U17/><REACH who="1" step="1"/><E100/><REACH who="1" ten="232,232,292,234" step="2"/><V15/><F78/><N who="3" m="46487" /><G135/><T38/><D130/><U84/><E84/><V82/><F77/><W86/><G86/><T42/><D38/><U47/><E47/><V114/><F132/><W64/><G64/><T73/><D73/><U93/><E93/><V16/><F114/><W3/><G3/><T65/><D65/><U51/><E51/><V4/><F101/><W8/><G33/><AGARI ba="0,1" hai="1,6,11,12,17,20,21,24,28,33,34,54,59,60" machi="33" ten="40,1300,0" yaku="1,1,53,0" doraHai="127" doraHaiUra="67" who="1" fromWho="3" sc="232,0,232,23,292,0,234,-13" /><INIT seed="4,0,0,2,1,123" ten="232,255,292,221" oya="0" hai0="128,43,85,34,112,107,102,111,127,19,41,7,53" hai1="29,91,15,4,22,6,11,67,40,88,12,9,37" hai2="105,122,25,96,68,74,125,97,129,100,121,104,103" hai3="24,84,36,5,10,89,61,86,94,81,72,135,23"/><T38/><D34/><U90/><E67/><V42/><F68/><W2/><G135/><T0/><D112/><U63/><E63/><V98/><F98/><W87/><G36/><T62/><D127/><U16/><E29/><V47/><F74/><W83/><G61/><T58/><D128/><U109/><E109/><V55/><F125/><W28/><REACH who="3" step="1"/><G72/><REACH who="3" ten="232,255,292,211" step="2"/><T120/><D38/><U32/><E32/><V77/><F122/><W64/><G64/><T92/><D120/><U132/><E132/><V60/><F121/><W27/><G27/><T119/><D62/><U30/><E30/><V8/><F25/><W17/><G17/><T126/><D19/><U56/><E56/><V52/><F60/><W116/><G116/><T110/><D119/><U3/><E37/><V51/><F129/><W66/><G66/><T75/><D75/><U131/><E131/><V106/><F106/><W79/><G79/><T93/><D107/><U26/><E40/><V1/><F77/><W18/><G18/><T99/><D126/><U115/><E115/><V76/><F76/><W95/><G95/><T35/><D35/><U78/><E78/><V113/><F113/><W69/><G69/><T13/><D43/><U14/><AGARI ba="0,1" hai="3,4,6,9,11,12,14,15,16,22,26,88,90,91" machi="14" ten="30,4000,0" yaku="0,1,54,2" doraHai="123" who="1" fromWho="1" sc="232,-20,255,50,292,-10,211,-10" owari="212,-18.8,305,40.5,282,8.2,201,-29.9" /></mjloggm>