<mjloggm ver="2.3"><GO type="225" lobby="0"/><UN n0="%E3%81%BF%E3%81%BF%E3%81%9A" n1="%E5%B8%86%E7%AB%8B%E5%A4%8F%E8%A1%A3" n2="%E3%83%B4%E3%83%A0%EF%BC%99%E3%81%A6" n3="%E3%83%81%E3%83%83%E3%82%BF%E3%82%BD%E3%83%BC" dan="18,17,16,16" rate="2228.34,2170.79,2160.66,2112.75" sx="M,M,M,F"/><TAIKYOKU oya="0"/><INIT seed="0,0,0,5,2,112" ten="250,250,250,250" oya="0" hai0="129,118,109,13,62,69,130,28,34,124,65,17,9" hai1="73,37,70,14,83,79,135,131,104,78,77,44,107" hai2="10,1,102,3,49,64,5,98,33,25,58,45,22" hai3="57,86,127,7,84,133,95,85,20,39,105,35,56"/><T8/><D124/><U122/><E70/><V132/><F132/><W55/><G35/><T74/><D74/><U72/><E122/><V82/><F82/><W125/><G105/><N who="1" m="40522" /><E44/><V91/><F33/><W16/><G133/><T113/><D113/><U59/><E59/><V21/><F1/><W6/><G39/><T40/><D40/><U96/><E14/><V111/><F91/><W41/><G95/><T60/><D109/><U47/><E47/><V92/><F111/><W27/><G41/><T126/><D126/><N who="3" m="48137" /><G57/><T99/><D99/><U38/><E38/><V134/><F134/><W4/><G4/><T76/><D76/><N who="1" m="29291" /><E37/><V50/><F58/><W53/><G53/><T0/><D62/><AGARI ba="0,0" hai="6,7,16,20,27,55,56,62,84,85,86" m="48137" machi="62" ten="30,2000,0" yaku="18,1,54,1" doraHai="112" who="3" fromWho="0" sc="250,-20,250,0,250,0,250,20" /><INIT seed="1,0,0,1,2,119" ten="230,250,250,270" oya="1" hai0="44,109,122,54,103,13,107,49,50,125,55,36,133" hai1="60,87,59,21,15,4,32,131,84,24,78,11,48" hai2="43,88,71,126,134,121,101,111,5,2,52,98,26" hai3="42,85,38,100,91,10,70,86,127,47,72,22,79"/><U76/><E131/><V57/><F71/><W0/><G70/><T95/><D107/><U62/><E32/><V83/><F43/><W116/><G127/><T19/><D125/><U96/><E48/><V20/><F126/><W64/><G64/><T77/><D36/><U17/><E96/><V16/><F121/><W34/><G34/><T41/><D109/><U67/><REACH who="1" step="1"/><E62/><REACH who="1" ten="230,240,250,270" step="2"/><N who="2" m="36135" /><F111/><W8/><G116/><T29/><D50/><U39/><E39/><V106/><F106/><W35/><G38/><T69/><D49/><U102/><E102/><V73/><F101/><W93/><G35/><T80/><D103/><U129/><E129/><V128/><F128/><W14/><G100/><T104/><D41/><U28/><E28/><V105/><F105/><W124/><G124/><T120/><D29/><U82/><E82/><V9/><F83/><W12/><G42/><T30/><D104/><U74/><E74/><V94/><F73/><W75/><G72/><N who="0" m="43047" /><D30/><U90/><E90/><V66/><F66/><W40/><G75/><T63/><D95/><U6/><E6/><V46/><F46/><W51/><G79/><AGARI ba="0,1" hai="4,11,15,17,21,24,59,60,67,76,78,79,84,87" machi="79" ten="40,7700,0" yaku="1,1,8,1,53,1" doraHai="119" doraHaiUra="56" who="1" fromWho="3" sc="230,0,240,87,250,0,270,-77" /><INIT seed="1,1,0,3,3,106" ten="230,327,250,193" oya="1" hai0="52,68,35,128,94,80,105,0,133,42,20,72,36" hai1="130,48,92,82,56,118,65,134,27,71,50,85,23" hai2="51,67,31,73,103,64,121,111,96,25,57,49,30" hai3="110,79,98,108,11,76,40,60,69,84,119,127,4"/><U39/><E118/><V37/><F121/><W75/><G119/><T104/><D20/><U88/><E130/><V125/><F37/><W16/><G127/><T90/><D52/><U124/><E124/><V86/><F125/><W107/><G40/><T3/><D94/><U100/><E134/><V112/><F112/><W61/><G84/><T63/><D90/><U62/><E39/><V91/><F111/><N who="3" m="42539" /><G69/><T87/><D87/><U10/><E10/><V123/><F31/><W70/><G70/><T14/><D14/><U21/><E71/><V101/><F101/><N who="3" m="62903" /><G79/><N who="0" m="44135" /><D128/><U2/><E2/><N who="0" m="553" /><D35/><U29/><E23/><V43/><F86/><W131/><G131/><T109/><D133/><U115/><E115/><V13/><F43/><W53/><G53/><T12/><D12/><U114/><E114/><V22/><F13/><N who="3" m="7231" /><G4/><T6/><D6/><U126/><E126/><V116/><F116/><W58/><G58/><T33/><D109/><U113/><E113/><V78/><F57/><W59/><G59/><T132/><D132/><U5/><E5/><V34/><F78/><W45/><G45/><N who="0" m="23751" /><D33/><U9/><E9/><V93/><F34/><W1/><G1/><T66/><AGARI ba="1,0" hai="63,66,68,104,105" m="23751,553,44135" machi="66" ten="30,4000,0" yaku="33,2,52,1" doraHai="106" who="0" fromWho="0" sc="230,43,327,-21,250,-11,193,-11" /><INIT seed="2,0,0,4,1,69" ten="273,306,239,182" oya="2" hai0="125,22,102,82,92,76,105,134,17,75,6,34,31" hai1="119,67,116,7,93,108,15,14,20,53,65,89,86" hai2="107,123,80,101,58,83,129,36,112,131,33,3,39" hai3="109,38,127,42,88,66,19,100,106,12,135,94,91"/><V4/><F112/><W50/><G109/><T110/><D110/><U48/><E108/><V1/><F123/><W74/><G127/><T63/><D125/><U40/><E40/><V0/><F4/><W26/><G135/><T73/><D134/><U103/><E119/><V59/><F33/><W130/><G130/><N who="2" m="49673" /><F101/><W29/><G74/><T55/><D6/><U81/><E116/><V11/><F11/><W97/><G66/><N who="1" m="25098" /><E7/><V5/><F5/><W2/><G2/><T126/><D126/><U28/><E28/><V57/><F107/><W8/><G50/><T104/><D75/><U64/><N who="1" m="25106" /><U118/><DORA hai="46" /><E118/><V72/><F72/><W21/><REACH who="3" step="1"/><G106/><REACH who="3" ten="273,306,239,172" step="2"/><T62/><D104/><U124/><E124/><V16/><F16/><W78/><G78/><T52/><D17/><U45/><E20/><V121/><F121/><W10/><G10/><T84/><D22/><U18/><E18/><V9/><F9/><W44/><AGARI ba="0,1" hai="8,12,19,21,26,29,38,42,44,88,91,94,97,100" machi="44" ten="30,8000,1" yaku="1,1,0,1,52,1,54,1,53,1" doraHai="69,46" doraHaiUra="13,117" who="3" fromWho="3" sc="273,-20,306,-20,239,-40,172,90" /><INIT seed="3,0,0,5,1,93" ten="253,286,199,262" oya="3" hai0="15,16,122,34,19,49,4,50,95,48,103,13,128" hai1="11,39,110,67,114,21,38,88,92,75,66,124,64" hai2="32,101,3,82,131,129,115,72,112,29,98,127,33" hai3="9,61,43,132,81,10,25,37,23,59,106,121,134"/><W51/><G121/><T2/><D122/><U96/><E114/><N who="2" m="43563" /><F29/><W125/><G106/><T53/><D128/><N who="2" m="49226" /><F3/><W24/><G125/><T28/><D2/><U130/><E75/><V79/><F32/><W84/><G37/><T69/><D69/><U70/><E130/><V42/><F42/><W62/><G51/><N who="0" m="19531" /><D34/><U97/><E70/><V76/><F33/><W52/><G43/><T89/><D103/><U26/><E110/><V58/><F58/><W5/><G62/><T14/><D28/><N who="1" m="17487" /><E124/><V65/><F65/><W100/><G100/><T0/><D4/><U17/><E39/><V41/><F41/><W107/><G107/><T135/><D135/><N who="3" m="51753" /><G5/><T63/><D0/><U20/><E38/><V71/><F71/><W7/><G7/><T104/><D104/><U120/><E120/><V27/><F27/><N who="3" m="10315" /><G23/><T60/><D60/><U102/><E20/><V99/><F127/><W85/><G85/><N who="0" m="52655" /><D63/><U94/><E67/><V86/><F101/><W133/><N who="3" m="51761" /><W80/><DORA hai="6" /><G80/><AGARI ba="0,0" hai="72,76,79,80,82,86,98,99" m="49226,43563" machi="80" ten="30,8000,1" yaku="19,1,34,2,52,2" doraHai="93,6" who="2" fromWho="3" sc="253,0,286,0,199,80,262,-80" /><INIT seed="4,0,0,4,5,24" ten="253,286,279,182" oya="0" hai0="22,47,26,65,91,81,60,36,51,129,119,31,5" hai1="46,15,130,3,126,106,25,50,11,122,74,30,97" hai2="44,133,89,34,87,120,8,102,19,135,57,79,118" hai3="117,72,73,53,13,21,92,84,112,29,105,64,23"/><T10/><D119/><U63/><E122/><V59/><F120/><W1/><G1/><T96/><D129/><U80/><E130/><V20/><F34/><W75/><G117/><T54/><D36/><U0/><E126/><V56/><F118/><W125/><G112/><T38/><D38/><U35/><E63/><V70/><F70/><W62/><G105/><T111/><D111/><U55/><E74/><V83/><F102/><W86/><G125/><T95/><D81/><U9/><E80/><V88/><F8/><W42/><G42/><T17/><D5/><U18/><E11/><V100/><F44/><W32/><G53/><T134/><D134/><N who="2" m="51210" /><F100/><W69/><G13/><AGARI ba="0,0" hai="13,19,20,56,57,59,79,83,87,88,89" m="51210" machi="13" ten="30,2000,0" yaku="20,1,54,1" doraHai="24" who="2" fromWho="3" sc="253,0,286,0,279,20,182,-20" /><INIT seed="5,0,0,5,1,42" ten="253,286,299,162" oya="1" hai0="43,57,96,74,107,59,44,70,52,63,118,95,35" hai1="114,94,86,126,130,98,4,25,60,83,78,119,72" hai2="0,125,111,113,84,116,28,109,21,132,69,82,61" hai3="50,67,127,24,33,79,121,13,103,55,92,46,71"/><U10/><E114/><V58/><F116/><W49/><G127/><T129/><D118/><U23/><E119/><V22/><F69/><W39/><G121/><T89/><D129/><U120/><E126/><V80/><F125/><W27/><G39/><T26/><D74/><U17/><E130/><V124/><F124/><W6/><G79/><T9/><D107/><U110/><E110/><V117/><F117/><W20/><G33/><T54/><D70/><U40/><E120/><V88/><F0/><W135/><G135/><T34/><D9/><U62/><E40/><V77/><F113/><W102/><G67/><T65/><D26/><U41/><E41/><V105/><F105/><W115/><G71/><T7/><D7/><U31/><E31/><V101/><F101/><N who="3" m="38411" /><G115/><T48/><REACH who="0" step="1"/><D65/><REACH who="0" ten="243,286,299,162" step="2"/><U11/><E11/><V93/><F132/><W68/><G68/><T131/><D131/><U45/><E72/><V53/><F109/><W112/><G112/><T85/><D85/><U15/><E45/><V66/><F111/><W128/><G128/><T12/><D12/><N who="1" m="5191" /><E25/><N who="3" m="9802" /><G20/><N who="2" m="7785" /><F28/><W73/><G73/><T104/><D104/><U19/><E19/><V108/><F108/><W97/><G46/><T76/><D76/><U16/><E17/><V123/><F123/><W91/><G55/><T30/><D30/><U5/><E5/><V47/><F77/><W90/><G91/><AGARI ba="0,1" hai="15,16,23,60,62,78,83,86,91,94,98" m="5191" machi="91" ten="30,2900,0" yaku="8,1,54,1" doraHai="42" who="1" fromWho="3" sc="243,0,286,39,299,0,162,-29" owari="243,-15.7,325,42.5,299,9.9,133,-36.7" /></mjloggm>