<mjloggm ver="2.3"><GO type="225" lobby="0"/><UN n0="%E3%81%99%E3%81%84%E3%81%BE%E3%81%9B%E3%83%BC%E3%82%93" n1="%E3%81%B2%E3%81%AA%E3%81%AE%E3%82%8A%E3%81%8F" n2="%E6%A1%9C%E8%8A%B1%E9%96%83%E3%80%85" n3="%E5%8D%A0%E3%81%84%E5%B8%AB%E8%A3%8F%E3%81%AA%E3%81%84%E3%81%97" dan="18,16,16,17" rate="2169.74,2084.69,2116.96,2162.89" sx="M,M,M,M"/><TAIKYOKU oya="0"/><INIT seed="0,0,0,2,2,126" ten="250,250,250,250" oya="0" hai0="76,25,108,70,0,102,7,3,134,122,132,87,90" hai1="117,83,112,10,114,46,38,100,81,80,115,4,42" hai2="43,35,77,84,55,129,52,130,116,75,111,32,73" hai3="60,29,6,21,20,88,99,54,47,39,78,26,15"/><T85/><D122/><U22/><E117/><V61/><F43/><W110/><G110/><T12/><D70/><U49/><E100/><V69/><F111/><W86/><G39/><T37/><D37/><U135/><E135/><N who="0" m="51753" /><D108/><U118/><E118/><V133/><F116/><W65/><G78/><T104/><D25/><U63/><E63/><V27/><F133/><W96/><G54/><N who="2" m="20521" /><F84/><N who="0" m="32330" /><D90/><U40/><E22/><V67/><F27/><W31/><G47/><T16/><D76/><U91/><E42/><V18/><F18/><W41/><G41/><T123/><D7/><U50/><REACH who="1" step="1"/><E91/><REACH who="1" ten="250,240,250,250" step="2"/><V113/><F32/><W13/><G29/><T124/><D123/><U62/><E62/><V64/><F35/><W57/><G20/><N who="0" m="11271" /><D124/><U34/><E34/><V23/><F77/><W68/><G68/><T72/><D72/><U19/><E19/><V74/><F74/><W127/><G127/><T53/><D53/><U45/><E45/><V97/><F75/><W101/><G6/><T103/><D103/><U5/><E5/><V58/><F73/><W1/><G101/><T106/><D102/><U95/><E95/><V89/><F89/><W2/><G88/><T92/><D92/><U51/><E51/><V131/><F64/><W9/><G86/><T125/><D125/><U94/><E94/><V120/><F120/><W33/><G33/><T66/><D66/><U56/><E56/><V82/><F58/><W119/><G119/><T98/><D98/><N who="3" m="37417" /><G9/><T36/><D36/><U8/><E8/><V71/><F97/><W48/><G48/><T44/><D44/><U105/><E105/><AGARI ba="0,1" hai="0,3,104,105,106" m="11271,32330,51753" machi="105" ten="30,5800,0" yaku="6,1,20,1,54,1" doraHai="126" who="0" fromWho="1" sc="250,68,240,-58,250,0,250,0" /><INIT seed="0,1,0,2,2,17" ten="318,182,250,250" oya="0" hai0="110,127,8,106,19,24,80,116,109,123,54,105,55" hai1="132,87,94,92,51,90,15,99,36,7,41,103,64" hai2="84,114,97,21,60,82,42,38,30,112,28,0,72" hai3="52,2,78,119,120,46,47,135,26,67,70,22,95"/><T128/><D116/><U31/><E132/><V43/><F72/><W76/><G119/><T1/><D123/><U68/><E36/><V56/><F0/><W126/><G2/><T14/><D127/><U48/><E31/><V66/><F112/><W9/><G126/><T130/><D1/><U58/><E68/><V115/><F115/><W25/><G135/><T91/><D24/><U124/><E124/><V100/><F114/><W93/><G9/><T6/><D6/><U12/><E41/><V20/><F30/><W27/><G120/><T50/><D91/><U86/><E86/><V35/><F35/><W83/><G67/><T11/><D80/><U101/><E101/><V65/><F65/><W44/><G70/><T71/><D71/><U98/><E87/><V53/><F53/><N who="0" m="19978" /><D50/><N who="1" m="18987" /><E7/><V40/><F38/><W125/><G125/><T117/><D117/><U57/><E57/><V88/><REACH who="2" step="1"/><F28/><REACH who="2" ten="318,182,240,250" step="2"/><W73/><G52/><T61/><D61/><AGARI ba="1,1" hai="12,15,58,61,64,90,92,94,98,99,103" m="18987" machi="61" ten="30,1000,0" yaku="8,1" doraHai="17" who="1" fromWho="0" sc="318,-13,182,23,240,0,250,0" /><INIT seed="1,0,0,3,4,14" ten="305,205,240,250" oya="1" hai0="59,103,3,85,74,84,133,126,94,112,75,8,78" hai1="31,22,62,127,122,4,118,55,105,45,24,128,81" hai2="76,30,124,69,61,96,130,72,13,97,65,87,90" hai3="6,36,7,71,27,79,53,86,11,50,12,107,106"/><U0/><E118/><V10/><F124/><W99/><G36/><T23/><D112/><U91/><E122/><V15/><F130/><W34/><G71/><T70/><D70/><U102/><E127/><V131/><F131/><W56/><G6/><T2/><D94/><U33/><E33/><V132/><F132/><W63/><G99/><T113/><D8/><U121/><E121/><V17/><F30/><W67/><G79/><T134/><D23/><U43/><E0/><V98/><F72/><W39/><G39/><T108/><D78/><U42/><E4/><V92/><F76/><W104/><G86/><T93/><D93/><U38/><E43/><V125/><F125/><W60/><REACH who="3" step="1"/><G67/><REACH who="3" ten="305,205,240,240" step="2"/><T129/><D126/><U114/><E128/><V29/><F97/><W9/><G9/><T21/><D129/><U115/><E114/><V83/><F96/><W37/><G37/><T135/><D113/><U51/><E115/><V28/><F98/><W111/><G111/><T110/><D110/><U26/><E105/><V52/><F65/><W25/><G25/><T46/><D108/><U49/><E26/><V35/><F69/><W117/><G117/><T18/><D135/><U95/><E102/><V119/><F119/><W80/><G80/><T20/><D103/><U120/><E120/><V58/><F83/><W1/><G1/><T89/><D134/><U68/><E81/><V19/><F35/><W116/><G116/><T44/><D133/><U41/><E68/><V109/><F109/><W5/><G5/><T66/><D2/><U48/><E38/><V16/><F10/><RYUUKYOKU ba="0,1" sc="305,-15,205,-15,240,15,240,15" hai2="13,15,16,17,19,28,29,52,58,61,87,90,92" hai3="7,11,12,27,34,50,53,56,60,63,104,106,107" /><INIT seed="2,1,1,3,4,27" ten="290,190,255,255" oya="2" hai0="127,52,133,73,17,47,46,111,25,76,18,54,123" hai1="23,22,57,85,6,12,43,20,86,64,3,1,36" hai2="118,106,134,2,79,128,129,132,130,65,68,119,55" hai3="84,114,103,116,93,42,41,51,16,70,75,72,4"/><V5/><F106/><W91/><G116/><N who="2" m="44585" /><F79/><W10/><G70/><T0/><D123/><U124/><E124/><V107/><F107/><W99/><G114/><T78/><D0/><U102/><E102/><V7/><F55/><W40/><G51/><T24/><D111/><U15/><E36/><V82/><F82/><W126/><G126/><T14/><D127/><U48/><E43/><V117/><N who="2" m="44593" /><V26/><DORA hai="38" /><F2/><W125/><G16/><N who="0" m="6251" /><D14/><U105/><E105/><V87/><F87/><W90/><G125/><T108/><D108/><U66/><E3/><V56/><F56/><W19/><G19/><T135/><D73/><U100/><E100/><V95/><F95/><W98/><G98/><T53/><D78/><U61/><E48/><V122/><F122/><W77/><G77/><T49/><D76/><U80/><E66/><V97/><F97/><W29/><G91/><T113/><D113/><U83/><E83/><V11/><F26/><N who="0" m="10346" /><D49/><U104/><E104/><V121/><F121/><W92/><REACH who="3" step="1"/><G29/><REACH who="3" ten="290,190,255,245" step="2"/><T67/><D67/><U8/><REACH who="1" step="1"/><E85/><REACH who="1" ten="290,180,255,245" step="2"/><V50/><F50/><W101/><G101/><T94/><D94/><U62/><E62/><N who="2" m="39991" /><F11/><W74/><G74/><T28/><D28/><U88/><AGARI ba="1,3" hai="1,6,8,12,15,20,22,23,57,61,64,80,86,88" machi="88" ten="30,7900,0" yaku="1,1,0,1,54,1,53,1" doraHai="27,38" doraHaiUra="13,63" who="1" fromWho="1" sc="290,-21,180,112,255,-40,245,-21" /><INIT seed="3,0,0,4,2,128" ten="269,292,215,224" oya="3" hai0="71,25,132,47,96,20,79,135,106,87,69,107,93" hai1="42,39,70,97,0,48,134,78,24,33,112,35,115" hai2="81,3,73,44,120,66,16,46,5,22,85,84,72" hai3="32,43,117,67,108,80,99,51,119,15,103,54,92"/><W82/><G32/><T118/><D118/><U74/><E48/><V129/><F129/><W29/><G117/><T122/><D122/><U121/><E121/><V94/><F120/><W56/><G119/><T6/><D6/><U27/><E134/><N who="0" m="51241" /><D47/><U50/><E50/><V57/><F72/><W110/><G43/><T130/><D130/><U75/><E97/><V55/><F66/><W63/><G29/><N who="0" m="17575" /><D87/><U12/><E0/><V17/><F73/><W68/><REACH who="3" step="1"/><G15/><REACH who="3" ten="269,292,215,214" step="2"/><T91/><D79/><U37/><E12/><V133/><F133/><W104/><G104/><AGARI ba="0,1" hai="69,71,91,93,96,104,106,107" m="17575,51241" machi="104" ten="30,7700,0" yaku="20,1,52,3" doraHai="128" who="0" fromWho="3" sc="269,87,292,0,215,0,214,-77" owari="356,45.6,292,9.2,215,-18.5,137,-36.3" /></mjloggm>