<mjloggm ver="2.3"><GO type="225" lobby="0"/><UN n0="%E5%91%A8%E6%9D%B1" n1="%E9%A6%AC%E5%BC%95%E7%81%AB%33" n2="%E6%A1%9C%E8%8A%B1%E9%96%83%E3%80%85" n3="%E6%97%A5%E6%9B%9C%E6%97%A5%E3%82%88%E3%82%8A%E3%81%AE%E4%BD%BF%E8%80%85" dan="16,16,17,17" rate="2190.15,2123.80,2262.38,2285.39" sx="M,M,M,M"/><TAIKYOKU oya="0"/><INIT seed="0,0,0,5,0,129" ten="250,250,250,250" oya="0" hai0="87,68,54,44,25,108,79,17,49,57,128,69,33" hai1="125,66,59,37,84,104,5,92,52,105,26,32,106" hai2="111,40,13,122,65,95,75,107,71,67,51,4,119" hai3="61,80,53,97,121,118,133,48,115,89,15,41,132"/><T117/><D117/><U120/><E120/><V34/><F107/><W12/><G118/><T7/><D128/><U74/><E74/><V20/><F119/><W102/><G41/><T22/><D108/><U100/><E37/><V36/><F36/><W86/><G61/><T83/><D7/><U55/><E125/><V112/><F34/><W45/><G115/><T21/><D33/><U31/><E5/><V16/><F112/><W10/><G121/><T28/><REACH who="0" step="1"/><D44/><REACH who="0" ten="240,250,250,250" step="2"/><U0/><E0/><V58/><F4/><W6/><REACH who="3" step="1"/><G15/><AGARI ba="0,1" hai="15,17,21,22,25,28,49,54,57,68,69,79,83,87" machi="15" ten="30,5800,0" yaku="1,1,2,1,7,1,53,0" doraHai="129" doraHaiUra="29" who="0" fromWho="3" sc="240,68,250,0,250,0,250,-58" /><INIT seed="0,1,0,4,2,10" ten="308,250,250,192" oya="0" hai0="9,12,102,39,79,126,16,105,44,67,101,84,65" hai1="94,130,50,54,111,45,62,4,31,103,26,57,73" hai2="43,92,83,129,29,109,24,38,64,22,48,77,127" hai3="8,3,99,46,119,66,68,33,28,61,108,116,51"/><T117/><D117/><U18/><E111/><V95/><F38/><W11/><G108/><T21/><D126/><U123/><E123/><V88/><F109/><W104/><G116/><T56/><D105/><U128/><E73/><V0/><F0/><W20/><G20/><T27/><D39/><U107/><E107/><V60/><F129/><W121/><G119/><T112/><D112/><U113/><E4/><V132/><F132/><W98/><G98/><T110/><D110/><U122/><E18/><V37/><F37/><W82/><G82/><N who="0" m="47199" /><D44/><U135/><E122/><V124/><F43/><W53/><G3/><T23/><D23/><N who="1" m="15839" /><E135/><V114/><F48/><W5/><G5/><N who="0" m="3119" /><D56/><U6/><E6/><V25/><F114/><W35/><G35/><T49/><D49/><U75/><E75/><V96/><F25/><N who="3" m="18575" /><G121/><T34/><D34/><U120/><E120/><V32/><F32/><W115/><G115/><T133/><D133/><U30/><E113/><V80/><F95/><W36/><G36/><T87/><D87/><U125/><E125/><N who="2" m="48203" /><F77/><W15/><G104/><T78/><D78/><U85/><E30/><V40/><F83/><W72/><G72/><T91/><D91/><N who="1" m="53615" /><E103/><AGARI ba="1,0" hai="16,21,27,65,67,101,102,103" m="3119,47199" machi="103" ten="30,5800,0" yaku="8,1,52,1,54,1" doraHai="10" who="0" fromWho="1" sc="308,61,250,-61,250,0,192,0" /><INIT seed="0,2,0,0,3,19" ten="369,189,250,192" oya="0" hai0="7,5,99,20,59,81,68,122,123,36,31,33,87" hai1="119,115,96,132,71,34,44,45,95,6,60,11,88" hai2="61,111,134,29,103,85,133,79,43,83,114,117,84" hai3="135,47,105,35,104,130,109,102,128,66,108,129,16"/><T38/><D68/><U126/><E119/><V92/><F43/><W116/><G35/><T78/><D33/><U121/><E121/><V77/><F29/><W4/><G4/><T40/><D40/><U131/><E132/><N who="2" m="50795" /><F61/><W72/><G72/><T101/><D38/><U86/><E131/><V110/><F114/><W25/><G135/><T48/><D36/><U55/><E126/><V50/><F50/><W76/><G76/><N who="2" m="29257" /><F117/><W58/><G116/><T57/><D123/><U27/><E115/><V67/><F67/><W8/><G47/><T23/><D31/><U54/><E86/><N who="2" m="33387" /><F83/><W26/><G66/><T10/><D122/><U65/><E44/><V46/><F46/><W106/><G58/><T107/><D7/><U93/><E45/><V89/><F103/><W69/><G69/><T51/><D51/><U118/><E118/><V14/><F14/><N who="3" m="7239" /><G102/><T94/><D59/><U41/><E41/><V112/><F112/><W90/><G90/><T13/><D57/><U82/><E82/><V15/><F15/><W63/><G63/><T1/><D1/><U2/><E95/><V30/><F92/><W91/><G91/><T24/><D94/><U120/><E120/><V52/><F89/><W17/><G17/><T53/><D5/><U9/><E9/><V21/><F30/><W74/><G74/><T37/><D37/><U124/><E124/><V75/><F75/><W22/><G22/><T80/><D20/><U56/><E71/><V73/><F73/><W18/><G18/><T32/><D32/><U42/><E42/><V100/><F21/><W28/><G28/><AGARI ba="2,0" hai="2,6,11,27,28,34,54,55,56,60,65,88,93,96" machi="28" ten="40,2600,0" yaku="6,1,54,1" doraHai="19" who="1" fromWho="3" sc="369,0,189,32,250,0,192,-32" /><INIT seed="1,0,0,0,5,24" ten="369,221,250,160" oya="1" hai0="1,46,28,132,0,108,129,85,49,8,96,60,75" hai1="4,38,133,123,37,93,31,100,90,118,40,43,74" hai2="39,105,128,67,18,42,114,110,79,82,121,97,48" hai3="101,76,63,72,9,119,58,36,51,6,99,78,22"/><U125/><E118/><V56/><F121/><W23/><G36/><T34/><D75/><U50/><E123/><V117/><F117/><W89/><G119/><T5/><D108/><U25/><E74/><V35/><F110/><W65/><G89/><T53/><D129/><U87/><E125/><V41/><F128/><W113/><G113/><T16/><D132/><U94/><E133/><V77/><F39/><W88/><G72/><T14/><D96/><U27/><E4/><V59/><F35/><W45/><G78/><T83/><D60/><U17/><E17/><V130/><F59/><W98/><G76/><T64/><D64/><U30/><E50/><V116/><F18/><W52/><G88/><N who="0" m="51263" /><D5/><U68/><E90/><V95/><F67/><W26/><G101/><T62/><D62/><U120/><E120/><V127/><F105/><W111/><G111/><T66/><D66/><U92/><E92/><V12/><F95/><W135/><G135/><T55/><D55/><U104/><E100/><V91/><F130/><W21/><REACH who="3" step="1"/><G26/><AGARI ba="0,0" hai="0,1,8,14,16,26,28,34,46,49,53" m="51263" machi="26" ten="30,7700,0" yaku="25,1,52,1,54,2" doraHai="24" who="0" fromWho="3" sc="369,77,221,0,250,0,160,-77" /><INIT seed="2,0,0,2,0,106" ten="446,221,250,83" oya="2" hai0="63,100,60,112,49,59,26,20,42,57,70,37,109" hai1="84,129,128,86,110,82,36,44,87,9,23,79,126" hai2="76,52,85,38,77,121,105,40,67,115,29,103,53" hai3="111,24,10,30,118,51,65,4,117,134,19,113,6"/><V131/><F121/><W2/><G51/><T89/><D112/><U93/><E110/><V55/><F115/><W94/><G94/><T33/><D33/><U15/><E126/><V72/><F131/><N who="1" m="50249" /><E23/><V12/><F67/><W17/><G65/><T58/><D89/><U8/><E93/><V5/><F29/><W71/><G71/><T69/><D100/><U90/><E90/><V104/><F85/><N who="1" m="32873" /><E15/><V13/><F77/><W101/><G101/><T34/><D34/><U62/><E62/><V35/><F35/><W14/><G113/><T41/><D109/><U81/><E81/><V91/><F91/><W98/><G98/><T92/><D92/><U46/><E46/><V22/><F103/><W48/><G111/><T3/><D20/><U130/><N who="1" m="50257" /><U102/><DORA hai="61" /><E102/><V114/><F114/><W119/><G48/><T123/><D49/><U66/><E66/><V107/><F22/><W97/><G97/><T96/><D96/><U125/><E125/><V50/><F50/><W122/><G122/><T120/><D123/><U27/><E27/><V99/><F99/><W108/><G108/><T95/><D26/><U21/><E21/><V75/><F105/><W116/><N who="3" m="29696" /><DORA hai="135" /><W54/><G134/><T0/><D120/><U56/><E56/><V127/><F107/><W16/><G54/><T47/><D63/><U45/><E45/><V7/><F55/><W73/><G24/><T68/><D60/><U124/><E124/><V1/><F127/><W31/><REACH who="3" step="1"/><G73/><REACH who="3" ten="446,221,250,73" step="2"/><T88/><D95/><U74/><E87/><V80/><F53/><W132/><G132/><RYUUKYOKU ba="0,1" sc="446,-15,221,15,250,-15,73,15" hai1="8,9,36,44,74,79,82" hai3="2,4,6,10,14,16,17,19,30,31" /><INIT seed="3,1,1,5,2,133" ten="431,236,235,88" oya="3" hai0="48,79,7,99,81,8,131,20,62,90,21,36,50" hai1="121,120,115,109,53,126,14,30,3,98,55,28,45" hai2="5,70,118,12,59,64,18,60,91,10,11,24,67" hai3="110,101,85,40,80,44,111,4,106,124,74,112,15"/><W135/><G74/><T104/><D36/><U89/><E3/><V127/><F127/><W82/><G112/><T49/><D131/><U37/><E115/><V125/><F125/><W58/><G58/><T129/><D129/><U17/><E126/><V103/><F118/><W61/><G61/><T95/><D104/><U87/><E109/><N who="3" m="41482" /><G124/><T75/><REACH who="0" step="1"/><D62/><REACH who="0" ten="421,236,235,88" step="2"/><U102/><E37/><V22/><F103/><W9/><G135/><T32/><D32/><U122/><E120/><V114/><F114/><W63/><G63/><T54/><D54/><U68/><E53/><N who="2" m="33903" /><F70/><W46/><G85/><T107/><D107/><U105/><E105/><V27/><F11/><W34/><G34/><T23/><D23/><U113/><E68/><V78/><F78/><W93/><G106/><T0/><AGARI ba="1,2" hai="0,7,8,20,21,48,49,50,75,79,81,90,95,99" machi="0" ten="30,2000,0" yaku="1,1,0,1,53,0" doraHai="133" doraHaiUra="51" who="0" fromWho="0" sc="421,43,236,-6,235,-6,88,-11" owari="464,56.4,230,3.0,229,-17.1,77,-42.3" /></mjloggm>