<mjloggm ver="2.3"><GO type="225" lobby="0"/><UN n0="%E9%BB%99%E8%81%B4%E3%81%AE%E3%81%99%E3%82%9D%E3%82%81" n1="%E4%BF%BA%E3%81%A8%E5%A6%96%E5%A4%A2" n2="%E3%83%A9%E3%83%BC%E3%83%A1%E3%83%B3%E4%BA%94%E9%83%8E" n3="%E3%81%BF%E3%81%BF%E3%81%9A" dan="16,16,16,17" rate="2146.45,2206.10,2096.62,2186.66" sx="M,F,M,M"/><TAIKYOKU oya="0"/><INIT seed="0,0,0,0,2,33" ten="250,250,250,250" oya="0" hai0="40,9,72,101,120,15,11,97,36,86,63,66,76" hai1="121,21,94,80,117,95,12,62,126,35,75,132,77" hai2="57,88,98,118,96,5,56,37,20,125,84,25,105" hai3="14,27,91,115,64,41,45,53,19,107,102,61,90"/><T43/><D72/><U13/><E117/><V23/><F118/><W67/><G115/><T3/><D120/><U108/><E121/><V50/><F37/><W71/><G27/><T6/><D86/><U130/><E35/><V82/><F125/><W70/><G53/><T18/><D76/><U28/><E126/><V4/><F105/><W0/><G0/><T87/><D87/><U134/><E108/><V32/><F32/><W59/><G102/><T81/><D81/><U58/><E130/><V51/><F20/><W135/><G107/><T74/><D74/><U44/><E44/><V60/><F50/><W31/><G31/><T116/><D36/><U49/><E49/><V54/><F4/><W131/><G131/><T30/><D30/><U133/><E28/><N who="2" m="17471" /><F5/><W129/><G135/><T10/><D10/><U104/><E104/><V123/><F123/><W55/><G129/><T111/><D111/><U17/><REACH who="1" step="1"/><E13/><REACH who="1" ten="250,240,250,250" step="2"/><V38/><F38/><W69/><G45/><T110/><D110/><U1/><E1/><V42/><F42/><W89/><REACH who="3" step="1"/><G41/><REACH who="3" ten="250,240,250,240" step="2"/><T122/><D122/><U8/><E8/><AGARI ba="0,2" hai="8,14,19,55,59,61,64,67,69,70,71,89,90,91" machi="8" ten="50,3200,0" yaku="1,1,2,1,53,0" doraHai="33" doraHaiUra="124" who="3" fromWho="1" sc="250,0,240,-32,250,0,240,52" /><INIT seed="1,0,0,5,2,115" ten="250,208,250,292" oya="1" hai0="19,44,14,83,21,48,131,17,69,98,114,42,135" hai1="99,112,26,5,118,73,47,62,8,11,38,82,35" hai2="79,15,80,81,50,31,20,103,72,95,77,76,101" hai3="63,126,34,113,37,120,68,59,110,78,41,27,116"/><U24/><E112/><V71/><F71/><W117/><G120/><T89/><D131/><U0/><E35/><V85/><F72/><W32/><G113/><T25/><D135/><U58/><E99/><N who="2" m="59647" /><F103/><W87/><G68/><T104/><D69/><U6/><E118/><N who="3" m="45674" /><G110/><T123/><D114/><U7/><E7/><V43/><F80/><N who="3" m="47511" /><G126/><T100/><D123/><U40/><E82/><V4/><F4/><W60/><G27/><T51/><D89/><U33/><E33/><N who="3" m="12906" /><G59/><T108/><D108/><U29/><E29/><V128/><F31/><W124/><G124/><T125/><D83/><U61/><E73/><V70/><F70/><W96/><G96/><T1/><D125/><U106/><E26/><V133/><F81/><W36/><G41/><T9/><REACH who="0" step="1"/><D1/><REACH who="0" ten="240,208,250,292" step="2"/><U16/><E0/><V52/><F77/><W91/><G91/><T122/><D122/><U3/><E3/><V54/><F76/><W22/><G22/><T66/><D66/><U92/><E11/><V23/><F79/><W93/><G93/><T102/><D102/><U45/><E92/><V132/><F132/><W74/><G74/><T134/><D134/><U94/><E94/><V12/><F133/><W53/><G53/><T86/><D86/><U97/><E8/><V129/><F85/><W13/><G13/><N who="2" m="5193" /><F54/><W127/><G127/><T49/><AGARI ba="0,1" hai="9,14,17,19,21,25,42,44,48,49,51,98,100,104" machi="49" ten="20,2700,0" yaku="1,1,0,1,7,1,53,0" doraHai="115" doraHaiUra="105" who="0" fromWho="0" sc="240,37,208,-13,250,-7,292,-7" /><INIT seed="2,0,0,2,2,69" ten="277,195,243,285" oya="2" hai0="123,18,76,39,59,60,40,130,56,65,61,116,99" hai1="124,8,85,48,131,21,58,27,93,2,66,37,73" hai2="98,33,9,43,50,54,94,79,72,117,6,97,45" hai3="26,80,3,127,126,113,92,129,95,17,86,88,103"/><V29/><F117/><W134/><G3/><T42/><D123/><U47/><E131/><V4/><F33/><W75/><G129/><T11/><D130/><U63/><E124/><N who="3" m="47658" /><G134/><T38/><D116/><U51/><E73/><V14/><F29/><W74/><G113/><T121/><D121/><U118/><E118/><V24/><F24/><W78/><G26/><T34/><D34/><U104/><E104/><V35/><F35/><W22/><G22/><T25/><D76/><U20/><E37/><V135/><F135/><W106/><G17/><T64/><D99/><U41/><E51/><V109/><F109/><W1/><G1/><T15/><D25/><U44/><E44/><V102/><F98/><N who="3" m="61815" /><G92/><T128/><D128/><U77/><E27/><V112/><F112/><W23/><G23/><T122/><D122/><U5/><REACH who="1" step="1"/><E93/><REACH who="1" ten="277,185,243,285" step="2"/><V83/><REACH who="2" step="1"/><F43/><AGARI ba="0,1" hai="11,15,18,38,39,40,42,43,56,59,60,61,64,65" machi="43" ten="40,5200,0" yaku="9,1,52,2" doraHai="69" who="0" fromWho="2" sc="277,62,185,0,243,-52,285,0" /><INIT seed="3,0,0,4,0,14" ten="339,185,191,285" oya="3" hai0="2,54,39,85,91,38,40,66,134,46,15,49,57" hai1="18,126,50,120,108,7,110,100,106,25,123,78,45" hai2="87,11,64,33,28,89,19,4,94,70,103,10,43" hai3="99,74,32,30,83,58,79,93,104,90,118,80,13"/><W48/><G118/><T97/><D2/><U125/><E78/><V5/><F33/><W127/><G127/><N who="1" m="48650" /><E7/><N who="2" m="2635" /><F70/><W9/><G83/><T117/><D117/><U121/><E100/><V52/><F64/><W23/><G32/><T88/><D134/><U3/><E106/><V135/><F135/><W20/><G30/><T96/><D39/><U1/><E1/><V51/><F28/><W61/><G48/><T111/><D111/><N who="1" m="42539" /><E3/><V22/><F43/><W26/><G26/><T98/><D66/><U109/><N who="1" m="42547" /><U130/><DORA hai="68" /><E130/><V124/><F103/><W41/><G41/><T119/><D119/><U17/><E25/><N who="2" m="14559" /><F124/><W31/><G31/><T29/><D29/><U82/><E82/><V84/><F84/><W67/><G104/><T34/><D34/><U16/><E123/><V36/><F36/><W27/><G27/><T37/><D37/><U132/><E132/><V65/><F65/><W53/><G67/><T95/><REACH who="0" step="1"/><D15/><REACH who="0" ten="329,185,191,285" step="2"/><U128/><E128/><V105/><F105/><W42/><REACH who="3" step="1"/><G42/><AGARI ba="0,1" hai="16,17,18,42,45,50,120,121" m="42547,48650" machi="42" ten="50,12000,2" yaku="18,1,14,1,52,3,54,1" doraHai="14,68" who="1" fromWho="3" sc="329,0,185,130,191,0,285,-120" owari="329,42.9,315,11.5,191,-20.9,165,-33.5" /></mjloggm>