<mjloggm ver="2.3"><GO type="225" lobby="0"/><UN n0="%E3%81%A4%E3%81%A3%E3%81%B1%E3%82%8A%E3%83%9D%E3%83%BC%E3%83%AB" n1="%E6%A1%9C%E6%B2%A2%E5%A2%A8" n2="%E6%81%A5%E6%99%92%E3%81%97" n3="%E9%B7%B9%E5%80%89%E6%9D%8F%E9%88%B4" dan="17,17,17,16" rate="2180.30,2183.01,2117.71,2076.73" sx="M,F,M,F"/><TAIKYOKU oya="0"/><INIT seed="0,0,0,3,4,112" ten="250,250,250,250" oya="0" hai0="51,84,113,28,1,62,105,117,72,87,59,23,80" hai1="71,75,2,32,102,10,110,89,128,58,68,129,79" hai2="108,127,97,126,67,98,125,49,56,3,92,16,41" hai3="96,66,91,34,73,74,47,130,64,63,116,101,19"/><T22/><D113/><U8/><E32/><V5/><F108/><W118/><G34/><T29/><D105/><U103/><E110/><V131/><F131/><N who="1" m="50249" /><E89/><V11/><F67/><W9/><G130/><T93/><D1/><U17/><E58/><V120/><F120/><W57/><G47/><T81/><D72/><U52/><E52/><N who="2" m="31759" /><F41/><W114/><G114/><T60/><D93/><U135/><E135/><V26/><F92/><W14/><G66/><T21/><D51/><U78/><E75/><V76/><F76/><N who="1" m="29225" /><E17/><V44/><F44/><W53/><G91/><N who="0" m="51591" /><D117/><U124/><E124/><N who="2" m="31747" /><V36/><DORA hai="100" /><F36/><W38/><G38/><T25/><D29/><U86/><E86/><V35/><F35/><W122/><G122/><T121/><D121/><U90/><E90/><V104/><F104/><W18/><G74/><T54/><D62/><U119/><E119/><V83/><F83/><W85/><G73/><T30/><D30/><U77/><N who="1" m="29233" /><AGARI ba="0,0" hai="21,22,23,25,28,54,59,60,77,81,87" m="51591" machi="77" ten="30,2900,0" yaku="3,1,8,1" doraHai="112,100" who="0" fromWho="1" sc="250,29,250,-29,250,0,250,0" /><INIT seed="0,1,0,2,0,114" ten="279,221,250,250" oya="0" hai0="105,47,84,15,23,32,61,0,82,22,33,94,119" hai1="93,17,110,101,3,16,7,51,21,73,39,18,134" hai2="111,67,128,115,100,42,81,28,133,40,91,130,87" hai3="38,79,132,45,98,12,9,124,135,50,55,85,70"/><T131/><D105/><U5/><E39/><V78/><F115/><W86/><G70/><T97/><D0/><U89/><E73/><V54/><F67/><W37/><G98/><T1/><D1/><U121/><E121/><V58/><F111/><W66/><G66/><T11/><D131/><U64/><E110/><V75/><F133/><N who="3" m="51275" /><G124/><T112/><D112/><U14/><E134/><V116/><F28/><W8/><G8/><T41/><D119/><U72/><E72/><V96/><F116/><W31/><G31/><T120/><D61/><U74/><E74/><V109/><F109/><W13/><G13/><T118/><D118/><U68/><E101/><V43/><F96/><W34/><G34/><T60/><D60/><U48/><E68/><V117/><F100/><W99/><G99/><T92/><D33/><U2/><E64/><V95/><REACH who="2" step="1"/><F117/><REACH who="2" ten="279,221,240,250" step="2"/><W44/><G38/><T76/><D97/><N who="1" m="57519" /><E2/><V49/><AGARI ba="1,1" hai="40,42,43,49,54,58,75,78,81,87,91,95,128,130" machi="49" ten="30,2000,0" yaku="1,1,0,1,53,0" doraHai="114" doraHaiUra="35" who="2" fromWho="2" sc="279,-11,221,-6,240,33,250,-6" /><INIT seed="1,0,0,0,4,130" ten="268,215,273,244" oya="1" hai0="110,56,90,70,89,63,50,77,119,61,10,45,128" hai1="64,99,52,115,43,33,41,73,14,123,25,59,97" hai2="82,4,124,29,65,13,17,31,28,67,93,42,27" hai3="113,83,22,101,112,46,40,5,88,105,100,54,24"/><U120/><E115/><V84/><F124/><W114/><G5/><T60/><D119/><U34/><E73/><V20/><F42/><W131/><G131/><T98/><D70/><U55/><E14/><V69/><F69/><W30/><G54/><T15/><D128/><U37/><E59/><V76/><F4/><W72/><G105/><T91/><D110/><U104/><E104/><V75/><F75/><W26/><G26/><T68/><D77/><U0/><E25/><V117/><F117/><W32/><G32/><T134/><D134/><U78/><E78/><V49/><F49/><W96/><G72/><T12/><D68/><U95/><E95/><V111/><F111/><W62/><G62/><N who="0" m="24171" /><D98/><U118/><E118/><V8/><REACH who="2" step="1"/><F93/><REACH who="2" ten="268,215,263,244" step="2"/><W86/><REACH who="3" step="1"/><G96/><REACH who="3" ten="268,215,263,234" step="2"/><T47/><D63/><U18/><E64/><V11/><F11/><W108/><G108/><T53/><D10/><U19/><REACH who="1" step="1"/><E37/><AGARI ba="0,2" hai="22,24,30,37,40,46,83,86,88,100,101,112,113,114" machi="37" ten="40,8000,1" yaku="1,1,54,1,53,3" doraHai="130" doraHaiUra="109" who="3" fromWho="1" sc="268,0,215,-80,263,0,234,100" /><INIT seed="2,0,0,2,3,57" ten="268,135,263,334" oya="2" hai0="129,23,31,102,125,19,0,104,101,17,2,5,85" hai1="48,37,95,110,77,61,72,63,56,118,28,34,81" hai2="86,64,70,113,73,80,26,50,112,107,44,11,55" hai3="54,116,43,30,45,117,68,65,18,94,108,103,134"/><V42/><F73/><W133/><G108/><T38/><D38/><U32/><E118/><V122/><F122/><W87/><G30/><T6/><D104/><U75/><E37/><V29/><F107/><W96/><G54/><T79/><D129/><U40/><E110/><V62/><F11/><W14/><G87/><T135/><D135/><N who="3" m="51721" /><G65/><T27/><D125/><U9/><E75/><V128/><F128/><W97/><G68/><T25/><D2/><U131/><E131/><V36/><F26/><W123/><G97/><T33/><D0/><U119/><E119/><V67/><F67/><W10/><G123/><T121/><D121/><U84/><E9/><V66/><F66/><W35/><G35/><T92/><D92/><U114/><E114/><V4/><F4/><N who="0" m="1642" /><D33/><U3/><E3/><V74/><F29/><W98/><G98/><T22/><D31/><U59/><E32/><V115/><F74/><W130/><G130/><T53/><D53/><U91/><E28/><V111/><F111/><W13/><G14/><T83/><AGARI ba="0,0" hai="17,19,22,23,25,27,79,83,85,101,102" m="1642" machi="83" ten="30,1100,0" yaku="8,1" doraHai="57" who="0" fromWho="0" sc="268,11,135,-3,263,-5,334,-3" /><INIT seed="3,0,0,4,4,0" ten="279,132,258,331" oya="3" hai0="48,95,125,84,113,62,49,89,134,69,31,24,54" hai1="123,12,105,50,129,38,130,72,51,92,46,42,93" hai2="71,98,34,52,114,101,83,20,111,115,119,118,7" hai3="53,135,22,87,77,112,27,10,2,86,59,124,82"/><W40/><G112/><N who="2" m="43049" /><F34/><W16/><G124/><T68/><D113/><U26/><E105/><V17/><F71/><W96/><G135/><T88/><D134/><U131/><E72/><V19/><F83/><W45/><G96/><T70/><D125/><U43/><E123/><V103/><F98/><W5/><G87/><T9/><D9/><U90/><E26/><V67/><F67/><W76/><G59/><T94/><D62/><U132/><E132/><V122/><F52/><W99/><G99/><T35/><REACH who="0" step="1"/><D54/><REACH who="0" ten="269,132,258,331" step="2"/><U23/><E90/><V91/><F91/><W25/><G53/><T80/><D80/><U102/><E102/><V11/><F101/><W44/><G77/><T121/><D121/><U21/><E38/><V79/><F79/><W117/><G117/><N who="2" m="44553" /><F103/><W41/><REACH who="3" step="1"/><G25/><REACH who="3" ten="269,132,258,321" step="2"/><T104/><D104/><U37/><E37/><V109/><F122/><W58/><G58/><T14/><D14/><U57/><E57/><V66/><F66/><W133/><G133/><T33/><D33/><U15/><REACH who="1" step="1"/><E131/><REACH who="1" ten="269,122,258,321" step="2"/><V85/><F111/><W78/><G78/><T4/><D4/><U6/><E6/><V100/><F109/><W47/><AGARI ba="0,3" hai="2,5,10,16,22,27,40,41,44,45,47,76,82,86" machi="47" ten="30,11700,0" yaku="1,1,0,1,52,1,54,1,53,0" doraHai="0" doraHaiUra="29" who="3" fromWho="3" sc="269,-39,122,-39,258,-39,321,147" owari="230,3.0,83,-41.7,219,-18.1,468,56.8" /></mjloggm>