<mjloggm ver="2.3"><GO type="225" lobby="0"/><UN n0="%E3%83%B4%E3%82%A3%E3%83%AF%E3%82%B3%E3%82%B0%E3%83%8B" n1="%E3%82%AF%E3%82%A3%E3%82%A6" n2="%E7%9A%AE%E3%80%85" n3="%E4%BF%BA%E3%81%A8%E5%A6%96%E5%A4%A2" dan="17,16,16,16" rate="2237.95,2063.20,2135.38,2129.82" sx="M,M,F,F"/><TAIKYOKU oya="0"/><INIT seed="0,0,0,2,2,34" ten="250,250,250,250" oya="0" hai0="53,109,44,98,30,20,8,120,67,68,92,115,82" hai1="23,10,52,88,33,99,83,117,55,105,78,131,46" hai2="107,72,50,22,40,39,18,124,70,87,101,130,7" hai3="49,36,75,65,93,28,114,19,85,24,4,134,86"/><T90/><D115/><U38/><E33/><V118/><F72/><W12/><G114/><T74/><D120/><U9/><E117/><V35/><F35/><W1/><G75/><T116/><D116/><U69/><E69/><V27/><F118/><W129/><G36/><T110/><D8/><U89/><E131/><V121/><F121/><W37/><G37/><T95/><D68/><U73/><E23/><V41/><F70/><W58/><G129/><T6/><D67/><U3/><E105/><V61/><F130/><W5/><G134/><T26/><D6/><N who="1" m="1247" /><E10/><V64/><F39/><W29/><G65/><T71/><D71/><U80/><E80/><V79/><F64/><W32/><G29/><T15/><D15/><U126/><E126/><V112/><F61/><W66/><G1/><T76/><REACH who="0" step="1"/><D92/><REACH who="0" ten="240,250,250,250" step="2"/><N who="1" m="56711" /><E89/><V84/><F124/><W81/><G93/><T132/><D132/><U100/><E100/><V128/><F101/><W63/><G4/><T60/><D60/><U103/><E103/><V11/><F7/><W42/><G5/><T108/><D108/><U59/><E59/><V102/><F112/><W135/><G135/><T94/><D94/><U123/><E123/><V54/><F102/><W96/><G58/><T122/><D122/><U106/><E106/><V43/><F107/><W45/><G63/><T0/><D0/><U57/><E57/><N who="2" m="32983" /><F128/><W17/><G66/><T104/><D104/><U2/><E2/><V91/><F11/><W125/><G125/><T97/><D97/><U47/><E47/><V127/><F127/><W13/><G45/><T48/><AGARI ba="0,1" hai="20,26,30,44,48,53,74,76,82,90,95,98,109,110" machi="48" ten="30,6000,0" yaku="1,1,5,1,0,1,53,0" doraHai="34" doraHaiUra="111" who="0" fromWho="0" sc="240,70,250,-20,250,-20,250,-20" /><INIT seed="0,1,0,2,4,131" ten="310,230,230,230" oya="0" hai0="51,42,96,82,7,79,29,128,95,32,77,91,76" hai1="74,28,126,40,30,65,124,108,10,50,134,69,46" hai2="90,114,16,64,115,33,58,4,20,105,0,36,88" hai3="57,106,102,56,23,68,125,34,12,21,37,122,135"/><T18/><D128/><U120/><E120/><V83/><F33/><W109/><G12/><T97/><D32/><U19/><E108/><V70/><F36/><W80/><G80/><T119/><D119/><U86/><E74/><V53/><F105/><W71/><G34/><T94/><D29/><U6/><E134/><V61/><F4/><W127/><G37/><T14/><D7/><U49/><E19/><V85/><F90/><W92/><G92/><T98/><D82/><U133/><E133/><V8/><F8/><W11/><G11/><T129/><D129/><U2/><E86/><V113/><F0/><W1/><G1/><T118/><D118/><U112/><E112/><V31/><F31/><N who="1" m="11817" /><E65/><V59/><REACH who="2" step="1"/><F53/><REACH who="2" ten="310,230,220,230" step="2"/><W121/><G106/><T110/><D110/><U45/><E2/><V93/><F93/><W60/><G109/><T99/><D94/><U26/><E6/><V84/><F84/><W103/><G135/><T48/><REACH who="0" step="1"/><D42/><REACH who="0" ten="300,230,220,230" step="2"/><U100/><E40/><V35/><F35/><W73/><G73/><T22/><AGARI ba="1,2" hai="14,18,22,48,51,76,77,79,91,95,96,97,98,99" machi="22" ten="30,11700,0" yaku="1,1,2,1,0,1,8,1,53,0" doraHai="131" doraHaiUra="39" who="0" fromWho="0" sc="300,140,230,-40,220,-40,230,-40" /><INIT seed="0,2,0,2,4,131" ten="440,190,180,190" oya="0" hai0="56,7,13,108,54,58,3,101,78,85,4,88,98" hai1="64,118,51,87,73,32,95,123,69,103,110,133,84" hai2="49,116,20,129,70,114,10,53,39,82,96,63,29" hai3="18,97,61,65,47,99,106,75,46,102,83,112,125"/><T28/><D3/><U90/><E118/><V111/><F114/><W35/><G112/><T2/><D2/><U62/><E123/><V15/><F116/><W132/><G35/><T68/><D68/><U59/><E110/><V120/><F120/><W22/><G125/><T37/><D37/><U26/><E73/><V36/><F111/><W30/><G30/><T27/><D78/><U52/><E103/><V25/><F129/><W127/><G127/><T17/><D56/><U119/><E119/><V19/><F82/><W9/><G9/><T100/><D100/><U50/><E133/><V23/><F96/><W80/><G97/><T94/><D27/><U0/><E0/><V1/><F63/><W67/><G132/><T34/><D28/><U124/><E124/><V16/><F70/><W41/><G75/><T24/><D24/><U11/><E11/><V44/><REACH who="2" step="1"/><F1/><REACH who="2" ten="440,190,170,190" step="2"/><W91/><G61/><N who="0" m="36055" /><D108/><U117/><E117/><V86/><F86/><W105/><G99/><T89/><D34/><U8/><E84/><V60/><F60/><W31/><G80/><N who="0" m="49319" /><D101/><U57/><E69/><V134/><F134/><W126/><G83/><T33/><D33/><U104/><E32/><V81/><F81/><W21/><G102/><T40/><D40/><U122/><E122/><V71/><F71/><W6/><G41/><T45/><D98/><U107/><E107/><V38/><F38/><W14/><G106/><T42/><D42/><U55/><E104/><V74/><F74/><W79/><G105/><T66/><D94/><U113/><E113/><V76/><F76/><W43/><G126/><RYUUKYOKU ba="2,1" sc="440,-10,190,-10,170,30,190,-10" hai2="10,15,16,19,20,23,25,29,36,39,44,49,53" /><INIT seed="1,3,1,2,4,103" ten="430,180,200,180" oya="1" hai0="70,124,68,8,72,43,125,129,36,84,82,109,65" hai1="52,10,110,107,78,102,56,130,117,3,54,25,6" hai2="48,121,100,39,59,9,44,53,37,135,97,120,131" hai3="23,94,14,46,42,91,47,76,92,62,1,49,12"/><U75/><E117/><V127/><F127/><W86/><G1/><T32/><D72/><U0/><E130/><V18/><F131/><W126/><G126/><T55/><D32/><U27/><E0/><V66/><F135/><W33/><G33/><T30/><D30/><U45/><E110/><V108/><F108/><W106/><G106/><T4/><D129/><U71/><E71/><V77/><F77/><W28/><G76/><T96/><D96/><U115/><E115/><V15/><F39/><W21/><G94/><T58/><D109/><U93/><E93/><V67/><F67/><W22/><G28/><T118/><D118/><U111/><E111/><V85/><F85/><W74/><G74/><T80/><D70/><U132/><E132/><V116/><F116/><W64/><REACH who="3" step="1"/><G46/><REACH who="3" ten="430,180,200,170" step="2"/><T35/><D35/><U34/><E78/><V99/><F44/><W73/><G73/><T29/><D29/><U19/><E75/><V63/><F121/><W26/><G26/><T87/><D125/><U38/><E34/><V122/><F122/><W119/><G119/><T89/><D124/><U69/><E27/><V104/><F120/><W2/><G2/><T79/><D79/><U41/><E107/><V16/><F104/><W17/><G17/><T133/><D133/><U81/><E19/><V128/><F18/><W113/><G113/><T134/><D134/><U123/><E25/><V61/><F128/><W98/><G98/><T11/><D84/><U83/><E123/><V95/><F99/><W51/><G51/><T101/><D87/><U90/><E38/><V13/><F37/><RYUUKYOKU ba="3,2" sc="430,-10,180,-10,200,-10,170,30" hai3="12,14,21,22,23,42,47,49,62,64,86,91,92" /><INIT seed="2,4,2,2,0,71" ten="420,170,190,200" oya="2" hai0="17,95,7,22,11,85,123,108,0,29,47,96,12" hai1="107,16,19,88,48,9,120,73,21,4,92,93,56" hai2="68,34,50,49,38,100,33,15,43,72,28,67,79" hai3="112,80,40,133,53,2,91,63,75,78,114,70,86"/><V69/><F100/><W52/><G2/><T90/><D108/><U58/><E107/><V130/><F130/><W1/><G1/><T104/><D123/><U110/><E73/><V106/><F106/><W30/><G133/><T37/><D37/><U59/><E110/><V25/><F33/><W51/><G30/><T84/><D104/><U41/><E120/><V55/><F15/><W119/><G119/><T134/><D134/><U131/><E131/><V77/><F72/><W20/><G20/><T124/><D124/><U36/><E36/><V113/><F50/><W27/><G27/><T32/><D47/><N who="1" m="25711" /><E93/><V26/><F26/><AGARI ba="4,2" hai="0,7,11,12,17,22,26,29,32,84,85,90,95,96" machi="26" ten="40,2600,0" yaku="24,2" doraHai="71" who="0" fromWho="2" sc="420,58,170,0,190,-38,200,0" /><INIT seed="3,0,0,3,5,29" ten="478,170,152,200" oya="3" hai0="32,116,20,58,118,15,10,34,122,28,98,13,2" hai1="96,84,82,121,47,36,30,67,64,127,111,25,89" hai2="68,99,125,4,128,90,43,135,3,85,51,23,112" hai3="107,24,117,87,104,93,41,78,120,33,54,60,38"/><W113/><G113/><T100/><D122/><U124/><E121/><V18/><F112/><W73/><G120/><T115/><D115/><U133/><E111/><V83/><F68/><W35/><G117/><T5/><D58/><U6/><E6/><V22/><F135/><W46/><G24/><N who="0" m="18439" /><D13/><U59/><E133/><V131/><F125/><N who="1" m="48201" /><E96/><V80/><F80/><W77/><G77/><T40/><D34/><N who="1" m="20815" /><E59/><V66/><F66/><W70/><G54/><T61/><D61/><U123/><E123/><V74/><F74/><W88/><G104/><N who="0" m="63511" /><D40/><AGARI ba="0,0" hai="36,40,47,64,67,82,84,89" m="20815,48201" machi="40" ten="30,2000,0" yaku="18,1,52,1" doraHai="29" who="1" fromWho="0" sc="478,-20,170,20,152,0,200,0" owari="458,55.8,190,-21.0,152,-34.8,200,0.0" /></mjloggm>