<mjloggm ver="2.3"><GO type="225" lobby="0"/><UN n0="%73%74%61%72%E6%98%9F%E8%BE%B0" n1="%E3%81%BF%E3%81%BF%E3%81%9A" n2="%E3%83%B4%E3%83%A0%EF%BC%99%E3%81%A6" n3="%E7%99%BD%E5%80%89%E5%AF%9B%E4%B9%8B" dan="16,18,16,16" rate="2115.65,2246.42,2186.40,2117.80" sx="M,M,M,M"/><TAIKYOKU oya="0"/><INIT seed="0,0,0,2,3,115" ten="250,250,250,250" oya="0" hai0="20,58,6,16,38,7,120,118,8,14,91,62,77" hai1="132,121,21,102,43,36,108,51,9,57,30,32,74" hai2="128,106,85,90,113,117,33,76,100,78,95,114,70" hai3="2,82,72,31,44,107,50,96,131,49,79,103,109"/><T99/><D120/><U3/><E121/><V93/><F70/><W81/><G109/><T46/><D118/><U84/><E108/><V135/><F33/><W25/><G131/><T42/><D77/><N who="2" m="29802" /><F128/><W29/><G2/><T80/><D8/><U73/><E84/><V105/><F135/><W17/><G81/><T69/><D69/><U52/><E102/><V48/><F48/><W124/><G124/><T97/><D97/><U98/><E98/><N who="2" m="59471" /><F117/><W94/><G50/><T41/><D41/><U129/><E32/><V39/><F39/><W1/><G1/><T119/><D119/><U15/><E129/><V126/><F126/><W35/><G31/><T130/><D130/><U26/><E3/><V86/><F85/><W125/><G125/><T19/><D19/><U59/><E132/><V45/><F45/><W83/><G83/><T112/><D112/><AGARI ba="0,0" hai="86,90,95,105,106,112,113,114" m="59471,29802" machi="112" ten="30,2000,0" yaku="34,2" doraHai="115" who="2" fromWho="0" sc="250,-20,250,0,250,20,250,0" /><INIT seed="1,0,0,1,0,36" ten="230,250,270,250" oya="1" hai0="115,76,99,58,123,30,46,121,4,38,113,68,32" hai1="100,82,61,8,2,63,94,9,39,56,12,14,19" hai2="67,85,23,27,117,21,128,130,109,17,114,119,102" hai3="124,11,110,64,42,70,107,89,59,6,10,132,13"/><U53/><E39/><V18/><F102/><W116/><G107/><T48/><D76/><U5/><E82/><V0/><F85/><W26/><G110/><T1/><D99/><U95/><E100/><V98/><F98/><W134/><G124/><T73/><D73/><U126/><E126/><V78/><F67/><W49/><G116/><N who="2" m="44617" /><F78/><W75/><G75/><T79/><D79/><U3/><E3/><V69/><F69/><W31/><G89/><T45/><D68/><U125/><E125/><V81/><F81/><W131/><G131/><N who="2" m="50217" /><F0/><W15/><G70/><T43/><D58/><U80/><E80/><V74/><F74/><W93/><G93/><T96/><D96/><U55/><E2/><V91/><F91/><W41/><G64/><T90/><D90/><U122/><E122/><N who="0" m="46601" /><D1/><U40/><E40/><V108/><F114/><N who="0" m="43530" /><D4/><U92/><REACH who="1" step="1"/><E55/><REACH who="1" ten="230,240,270,250" step="2"/><V66/><F66/><W20/><G132/><T129/><D129/><U44/><E44/><V34/><F108/><W88/><G134/><T86/><D46/><U25/><E25/><N who="2" m="14511" /><F109/><W97/><G97/><T7/><D86/><U60/><AGARI ba="0,1" hai="5,8,9,12,14,19,53,56,60,61,63,92,94,95" machi="60" ten="30,6000,0" yaku="1,1,0,1,8,1,53,0" doraHai="36" doraHaiUra="35" who="1" fromWho="1" sc="230,-20,240,70,270,-20,250,-20" /><INIT seed="1,1,0,0,0,65" ten="210,310,250,230" oya="1" hai0="95,120,61,97,117,89,3,128,38,131,116,101,13" hai1="67,113,99,36,64,33,55,41,51,47,29,91,48" hai2="5,18,56,73,58,23,49,24,102,70,127,133,37" hai3="17,35,34,118,72,59,52,103,134,79,69,10,110"/><U86/><E113/><V81/><F37/><W122/><G122/><T98/><D3/><U14/><E36/><V46/><F127/><W68/><G103/><T74/><D38/><U57/><E99/><V40/><F133/><W44/><G44/><T25/><D13/><U60/><E33/><V7/><F102/><W6/><G17/><T94/><D25/><U28/><E14/><V19/><F70/><N who="3" m="27243" /><G79/><T88/><D61/><U42/><E42/><V126/><F126/><W93/><G93/><N who="0" m="56495" /><D74/><U78/><E78/><V90/><F73/><W105/><G105/><T43/><D43/><U129/><E129/><N who="0" m="49737" /><D120/><U85/><E85/><AGARI ba="1,0" hai="85,88,94,95,98,101,116,117" m="49737,56495" machi="85" ten="30,7700,0" yaku="19,1,34,2,54,1" doraHai="65" who="0" fromWho="1" sc="210,80,310,-80,250,0,230,0" /><INIT seed="2,0,0,2,3,51" ten="290,230,250,230" oya="2" hai0="55,43,76,62,133,70,67,134,61,32,128,87,5" hai1="27,15,123,122,38,49,95,92,81,17,132,45,83" hai2="68,37,35,124,23,117,108,120,60,59,66,4,82" hai3="6,72,14,10,111,25,114,131,85,106,80,103,73"/><V98/><F35/><W97/><G111/><T22/><D32/><U100/><E38/><V11/><F117/><W107/><G131/><T69/><D128/><U86/><E27/><V29/><F120/><N who="1" m="46121" /><E132/><N who="0" m="50793" /><D5/><U44/><E100/><V113/><F113/><W79/><G114/><T88/><D76/><N who="1" m="46375" /><E83/><V20/><F37/><W78/><G78/><T105/><D105/><U31/><E31/><V63/><F108/><W77/><G77/><T58/><D43/><N who="1" m="24735" /><E45/><V65/><F82/><W89/><G107/><T109/><D109/><U116/><E116/><V1/><F29/><W19/><G79/><T28/><D28/><U121/><N who="1" m="46129" /><U104/><DORA hai="16" /><E104/><V18/><F124/><W57/><REACH who="3" step="1"/><G57/><REACH who="3" ten="290,230,250,220" step="2"/><N who="0" m="35007" /><D22/><AGARI ba="0,1" hai="15,17,22,92,95" m="24735,46375,46129" machi="22" ten="40,2600,0" yaku="13,1,52,1" doraHai="51,16" who="1" fromWho="0" sc="290,-26,230,36,250,0,220,0" /><AGARI ba="0,0" hai="6,10,14,19,22,25,72,73,80,85,89,97,103,106" machi="22" ten="40,5200,0" yaku="1,1,52,1,53,1" doraHai="51,16" doraHaiUra="99,53" who="3" fromWho="0" sc="264,-52,266,0,250,0,220,52" /><INIT seed="3,0,0,3,3,106" ten="212,266,250,272" oya="3" hai0="39,86,116,52,22,117,43,51,79,121,54,4,42" hai1="29,0,44,74,108,46,100,32,67,97,123,87,113" hai2="75,91,7,26,102,48,61,59,127,76,65,110,119" hai3="85,35,96,95,78,129,73,118,3,71,16,9,99"/><W23/><G71/><T50/><D121/><U30/><E123/><V37/><F37/><W21/><G35/><T5/><D22/><U134/><E0/><V80/><F119/><W15/><G118/><T6/><D39/><U34/><E113/><V107/><F110/><W27/><G129/><T58/><D116/><U11/><E11/><V14/><F127/><W94/><G3/><T109/><D117/><U112/><E87/><V111/><F111/><W98/><G73/><T40/><D109/><U131/><E108/><V92/><F26/><W68/><G68/><T19/><D19/><U128/><E67/><V28/><F28/><N who="1" m="10857" /><E112/><V126/><F126/><W10/><G23/><T114/><D114/><U135/><E74/><V56/><F107/><W24/><G24/><T125/><D125/><U132/><E97/><V115/><F102/><W55/><G55/><T38/><D38/><U47/><E100/><V133/><F133/><W12/><G9/><T36/><D36/><U82/><E82/><V88/><F115/><W104/><G104/><T20/><D20/><U1/><E1/><V33/><F33/><AGARI ba="0,0" hai="32,33,34,44,46,47,128,131,132,134,135" m="10857" machi="33" ten="40,5200,0" yaku="28,2,20,1" doraHai="106" who="1" fromWho="2" sc="212,0,266,52,250,-52,272,0" owari="212,-18.8,318,41.8,198,-30.2,272,7.2" /></mjloggm>