<mjloggm ver="2.3"><GO type="225" lobby="0"/><UN n0="%E5%B8%86%E7%AB%8B%E5%A4%8F%E8%A1%A3" n1="%73%73%6B%5F%66%72%65%65" n2="%E3%83%96%E3%83%83%E3%83%91%E3%82%AA%E3%83%96%E3%83%81%E3%82%AD%E3%83%B3" n3="%72%65%6E%6B%75%6E" dan="17,16,16,17" rate="2202.20,2108.84,2149.27,2220.57" sx="M,M,M,M"/><TAIKYOKU oya="0"/><INIT seed="0,0,0,1,4,6" ten="250,250,250,250" oya="0" hai0="122,81,73,105,66,37,27,95,55,62,68,88,94" hai1="98,126,52,3,114,50,26,124,33,108,112,47,67" hai2="46,28,119,76,15,79,4,48,61,110,116,60,11" hai3="58,134,135,84,54,56,86,75,90,129,30,10,87"/><T96/><D122/><U0/><E108/><V2/><F110/><W64/><G75/><T69/><D37/><U14/><E67/><V44/><F28/><W131/><G30/><T53/><D69/><U74/><E74/><V71/><F2/><N who="1" m="553" /><E14/><V100/><F100/><W12/><G90/><T40/><D40/><U132/><E98/><V89/><F89/><W21/><G21/><T93/><D27/><U104/><E104/><V63/><F71/><W31/><G31/><T65/><D65/><U8/><E8/><V59/><F59/><N who="3" m="22571" /><G54/><T101/><REACH who="0" step="1"/><D73/><REACH who="0" ten="240,250,250,250" step="2"/><U1/><E132/><N who="3" m="50730" /><G64/><T115/><D115/><N who="1" m="44075" /><E1/><V103/><F103/><W9/><G12/><T82/><D82/><U16/><E33/><V43/><REACH who="2" step="1"/><F46/><REACH who="2" ten="240,250,240,250" step="2"/><W77/><G77/><AGARI ba="0,2" hai="4,11,15,43,44,48,60,61,63,76,77,79,116,119" machi="77" ten="40,5200,0" yaku="1,1,2,1,52,1,53,0" doraHai="6" doraHaiUra="121" who="2" fromWho="3" sc="240,0,250,0,240,72,250,-52" /><INIT seed="1,0,0,4,2,108" ten="240,250,312,198" oya="1" hai0="104,14,19,63,80,57,31,71,124,13,17,123,66" hai1="61,22,24,49,115,100,96,69,16,85,23,92,87" hai2="34,101,122,105,94,70,109,9,93,46,28,121,89" hai3="29,116,26,0,130,53,27,20,106,12,32,134,8"/><U3/><E3/><V33/><F109/><W50/><G106/><T65/><D124/><U103/><E115/><V135/><F70/><W41/><G41/><T77/><D123/><U40/><E103/><V4/><F135/><W39/><G39/><T76/><D104/><U64/><E40/><V91/><F105/><W102/><G102/><T43/><D31/><U60/><E49/><V55/><F101/><W107/><G107/><T67/><D71/><U52/><REACH who="1" step="1"/><E23/><REACH who="1" ten="240,240,312,198" step="2"/><V21/><F21/><W113/><G134/><T133/><D43/><U129/><E129/><V54/><F121/><W97/><G130/><T118/><D118/><U88/><E88/><V132/><F91/><W98/><G0/><T84/><D133/><U47/><E47/><V114/><F89/><W74/><G116/><T73/><D77/><U82/><E82/><V15/><F46/><W86/><G113/><T75/><D75/><U36/><E36/><V25/><F114/><W58/><G74/><T62/><D73/><U2/><E2/><V1/><F132/><W68/><G68/><T44/><D44/><U131/><E131/><V51/><F1/><W90/><G90/><T79/><D79/><U30/><E30/><V99/><F28/><W125/><G125/><T35/><D35/><U56/><AGARI ba="0,1" hai="16,22,24,52,56,60,61,64,69,85,87,92,96,100" machi="56" ten="30,11700,0" yaku="1,1,0,1,54,2,53,0" doraHai="108" doraHaiUra="119" who="1" fromWho="1" sc="240,-39,240,127,312,-39,198,-39" /><INIT seed="1,1,0,4,4,45" ten="201,367,273,159" oya="1" hai0="40,61,104,52,91,7,114,111,128,56,24,83,17" hai1="60,110,78,75,80,69,135,46,124,77,68,76,4" hai2="47,97,35,74,50,88,39,85,113,34,33,96,72" hai3="131,28,27,107,54,103,86,14,53,55,99,102,26"/><U92/><E135/><V58/><F113/><W43/><G131/><T48/><D114/><U65/><E124/><V62/><F39/><W118/><G118/><T130/><D104/><U95/><E110/><V41/><F72/><W73/><G73/><T2/><D111/><U93/><E69/><V8/><F8/><W67/><G67/><T108/><D7/><U29/><E29/><V133/><F74/><W109/><G109/><T44/><D2/><U23/><E23/><V115/><F133/><W123/><G123/><T106/><D106/><U117/><E117/><V116/><F116/><W94/><G43/><T19/><D108/><U63/><E63/><V18/><F18/><W31/><G14/><T10/><D10/><U127/><E127/><V1/><F1/><W9/><G9/><T132/><D132/><U42/><REACH who="1" step="1"/><E4/><REACH who="1" ten="201,357,273,159" step="2"/><V90/><F115/><W30/><G107/><T32/><D130/><U59/><E59/><V5/><F5/><W134/><G134/><T126/><D128/><U101/><E101/><V87/><F58/><W89/><REACH who="3" step="1"/><G102/><REACH who="3" ten="201,357,273,149" step="2"/><T49/><D126/><U119/><E119/><V51/><F62/><W15/><G15/><T57/><D24/><U81/><E81/><V64/><F64/><W16/><G16/><T79/><D17/><U82/><E82/><V36/><F35/><W98/><G98/><T11/><D32/><U13/><E13/><V125/><F125/><W105/><AGARI ba="1,2" hai="26,27,28,30,31,53,54,55,86,89,94,99,103,105" machi="105" ten="30,2000,0" yaku="1,1,0,1,53,0" doraHai="45" doraHaiUra="120" who="3" fromWho="3" sc="201,-6,357,-11,273,-6,149,43" /><INIT seed="2,0,0,1,4,75" ten="195,346,267,192" oya="2" hai0="9,10,43,58,31,48,57,83,50,94,88,15,128" hai1="106,118,13,36,124,64,28,126,111,3,16,8,113" hai2="121,42,108,45,107,55,33,127,30,135,86,105,82" hai3="41,104,125,97,38,20,101,67,134,123,46,2,90"/><V29/><F121/><W34/><G20/><T4/><D128/><U133/><E113/><V11/><F127/><N who="1" m="48681" /><E118/><V117/><F117/><W7/><G123/><T6/><D31/><U26/><E111/><V96/><F135/><W49/><G125/><T23/><D83/><U132/><E106/><V51/><F108/><W87/><G134/><T102/><D102/><U84/><E36/><V98/><F105/><W18/><G67/><T14/><D23/><N who="1" m="15455" /><E64/><V89/><F107/><W81/><G34/><T53/><D43/><U62/><E62/><V44/><F11/><W70/><G70/><T79/><D79/><U103/><E103/><V112/><F112/><W21/><G7/><T77/><D77/><U1/><E84/><V91/><F33/><W24/><REACH who="3" step="1"/><G2/><AGARI ba="0,0" hai="1,2,3,8,13,16,132,133" m="15455,48681" machi="2" ten="30,7700,0" yaku="18,1,34,2,54,1" doraHai="75" who="1" fromWho="3" sc="195,0,346,77,267,0,192,-77" /><INIT seed="3,0,0,1,0,131" ten="195,423,267,115" oya="3" hai0="1,14,22,79,59,62,101,96,69,76,10,108,74" hai1="127,115,4,120,37,56,28,95,52,84,98,33,123" hai2="42,26,61,71,110,134,94,64,124,135,36,45,128" hai3="90,102,111,130,40,70,49,63,105,80,87,92,13"/><W133/><G130/><T57/><D108/><U60/><E115/><V117/><F128/><W44/><G111/><T17/><D69/><U116/><E127/><V5/><F110/><W81/><G105/><T103/><D74/><U65/><E37/><V46/><F124/><W35/><G35/><T125/><D125/><U11/><E116/><V89/><F117/><W24/><G24/><T2/><D2/><U54/><E84/><V93/><F5/><W23/><G70/><T78/><D1/><U32/><E32/><V104/><F104/><W29/><G63/><T21/><D59/><U58/><E33/><V47/><F26/><N who="3" m="16607" /><G102/><N who="0" m="38923" /><D96/><U68/><E28/><V85/><REACH who="2" step="1"/><F93/><REACH who="2" ten="195,423,257,115" step="2"/><W132/><G13/><T51/><D51/><U121/><E121/><V39/><F39/><W75/><G75/><T88/><D88/><U7/><E123/><V112/><F112/><W30/><G30/><T86/><D86/><U67/><E120/><V16/><F16/><W73/><G73/><T0/><D0/><U107/><E4/><V83/><F83/><W8/><G8/><T109/><D109/><U43/><E11/><V99/><F99/><W25/><G25/><T27/><D27/><U97/><E7/><V9/><F9/><W114/><G114/><T129/><D129/><U34/><E98/><V118/><F118/><W106/><G106/><T66/><AGARI ba="0,1" hai="10,14,17,21,22,57,62,66,76,78,79" m="38923" machi="66" ten="30,1100,0" yaku="8,1" doraHai="131" who="0" fromWho="0" sc="195,21,423,-3,257,-3,115,-5" owari="216,-18.4,420,52.0,254,5.4,110,-39.0" /></mjloggm>