<mjloggm ver="2.3"><GO type="225" lobby="0"/><UN n0="%63%68%78%62%64" n1="%E9%BB%99%E8%81%B4%E3%81%AE%E3%81%99%E3%82%9D%E3%82%81" n2="%70%6F%69%73%75%2D" n3="%E6%81%A5%E6%99%92%E3%81%97" dan="16,16,16,17" rate="2102.84,2146.44,2049.86,2184.11" sx="M,M,M,M"/><TAIKYOKU oya="0"/><INIT seed="0,0,0,5,5,44" ten="250,250,250,250" oya="0" hai0="21,123,39,122,127,43,115,27,24,40,53,62,113" hai1="103,7,121,0,38,129,19,96,111,84,55,92,130" hai2="67,85,76,108,32,83,91,124,90,78,95,120,100" hai3="107,101,132,69,42,118,49,4,59,98,54,45,48"/><T74/><D74/><U10/><E121/><V117/><F32/><W47/><G118/><T34/><D34/><U81/><E38/><V126/><F67/><W46/><G132/><T2/><D2/><U3/><E111/><V56/><F56/><W112/><G112/><T41/><D39/><U70/><E70/><V119/><F120/><N who="0" m="46122" /><D21/><U105/><E0/><V12/><F12/><W63/><REACH who="3" step="1"/><G4/><REACH who="3" ten="250,250,250,240" step="2"/><T15/><D115/><U87/><E130/><V9/><F108/><W22/><G22/><T99/><D113/><U16/><E129/><V134/><F134/><W86/><G86/><T26/><D99/><U35/><E35/><V20/><F20/><W125/><G125/><N who="2" m="48233" /><F9/><W23/><G23/><T13/><D127/><U75/><E87/><N who="2" m="52703" /><F100/><W11/><G11/><T28/><D28/><U57/><E75/><V106/><F106/><W135/><G135/><T80/><D27/><U104/><E105/><V1/><F1/><W102/><G102/><T17/><D26/><U5/><E5/><V71/><F71/><W30/><G30/><T72/><D24/><U79/><REACH who="1" step="1"/><E104/><REACH who="1" ten="250,240,250,240" step="2"/><V133/><F133/><W31/><G31/><T110/><D72/><U128/><E128/><V33/><F33/><W36/><G36/><T116/><D110/><U73/><E73/><V50/><F119/><W131/><G131/><T6/><D116/><U109/><E109/><V14/><F117/><W60/><G60/><AGARI ba="0,2" hai="3,7,10,16,19,55,57,60,79,81,84,92,96,103" machi="60" ten="30,3900,0" yaku="1,1,7,1,54,1,53,0" doraHai="44" doraHaiUra="8" who="1" fromWho="3" sc="250,0,240,59,250,0,240,-39" /><INIT seed="1,0,0,0,3,29" ten="250,299,250,201" oya="1" hai0="25,24,128,10,75,125,121,74,58,9,94,20,98" hai1="34,104,27,38,95,33,85,134,135,36,47,43,103" hai2="131,32,80,55,4,61,60,7,51,99,26,17,13" hai3="107,0,48,66,19,70,1,114,2,71,68,87,116"/><U83/><E104/><V105/><F131/><W62/><G114/><T23/><D128/><U54/><E38/><V110/><F110/><W22/><G107/><T78/><D125/><U111/><E111/><V112/><F112/><W81/><G48/><T91/><D121/><U108/><E108/><V40/><F40/><W100/><G100/><T82/><D75/><U86/><E54/><V126/><F126/><W130/><G116/><T77/><D77/><U122/><E122/><V45/><F99/><W37/><G37/><T52/><D23/><U93/><E27/><V63/><F105/><W69/><G130/><T46/><D46/><U6/><E6/><V56/><F56/><W118/><G118/><T50/><REACH who="0" step="1"/><D24/><REACH who="0" ten="240,299,250,201" step="2"/><U16/><E47/><V88/><F26/><W96/><G96/><T28/><AGARI ba="0,1" hai="9,10,20,25,28,50,52,58,74,78,82,91,94,98" machi="28" ten="20,8000,1" yaku="1,1,2,1,0,1,7,1,54,1,53,0" doraHai="29" doraHaiUra="64" who="0" fromWho="0" sc="240,90,299,-40,250,-20,201,-20" /><INIT seed="2,0,0,3,1,66" ten="330,259,230,181" oya="2" hai0="80,74,125,81,48,77,115,52,76,7,109,20,35" hai1="86,56,132,113,17,38,0,84,36,19,27,18,55" hai2="85,116,11,99,105,64,30,46,65,93,79,96,71" hai3="117,39,111,112,102,50,29,59,134,14,98,44,2"/><V91/><F116/><W135/><G117/><T126/><D35/><U87/><E113/><V131/><F131/><W62/><G2/><T78/><D115/><U67/><E0/><V119/><F99/><W95/><G112/><T130/><D109/><U118/><E118/><V75/><F30/><W129/><G111/><T83/><D130/><U120/><E132/><V128/><F128/><W45/><G129/><T88/><D7/><U103/><E120/><V90/><F119/><W101/><G39/><T53/><D74/><U41/><E67/><V6/><F71/><W8/><G102/><T57/><D20/><U47/><E103/><V33/><F33/><W107/><G107/><T37/><D37/><U5/><E5/><V73/><F73/><W42/><G45/><T70/><D70/><U9/><E38/><V60/><F60/><W4/><REACH who="3" step="1"/><G29/><REACH who="3" ten="330,259,230,171" step="2"/><T15/><D126/><U3/><E3/><V26/><F46/><W100/><G100/><T54/><D125/><U127/><E127/><V16/><F105/><W43/><G43/><T97/><D15/><U69/><E36/><V31/><F31/><W104/><G104/><T110/><D110/><U106/><E106/><V22/><F75/><W63/><G63/><T114/><D114/><U32/><E41/><V121/><F121/><W123/><G123/><T72/><D72/><U58/><E47/><V28/><F28/><W13/><G13/><T89/><D97/><U68/><E32/><V23/><F96/><W1/><G1/><T51/><D57/><U24/><E58/><V82/><F26/><W122/><G122/><RYUUKYOKU ba="0,1" sc="330,15,259,-15,230,-15,171,15" hai0="48,51,52,53,54,76,77,78,80,81,83,88,89" hai3="4,8,14,42,44,50,59,62,95,98,101,134,135" /><INIT seed="3,1,1,3,1,128" ten="345,244,215,186" oya="3" hai0="93,107,14,103,37,42,117,15,63,40,77,46,121" hai1="25,56,78,49,97,31,4,1,132,74,16,59,91" hai2="133,8,80,53,109,39,3,112,54,58,101,2,30" hai3="11,134,41,86,71,32,118,83,129,127,98,87,19"/><W123/><G118/><T64/><D121/><U120/><E120/><V72/><F112/><W85/><G123/><T115/><D115/><U70/><E70/><V50/><F39/><W89/><G129/><T10/><D117/><U12/><E74/><V130/><F101/><W57/><G71/><T65/><D107/><U29/><E78/><V38/><F38/><W0/><G32/><T122/><D122/><U99/><E1/><V95/><F30/><W102/><G127/><T21/><D42/><U7/><E132/><V81/><F130/><W52/><G41/><T92/><D77/><U68/><E68/><V26/><F26/><W48/><G134/><T34/><D34/><U47/><E7/><V51/><F133/><W110/><G110/><T45/><D45/><U116/><E4/><V24/><F24/><W82/><G82/><T13/><D10/><N who="1" m="6167" /><E116/><V100/><F8/><W28/><G28/><N who="1" m="10826" /><E25/><V33/><F33/><W79/><G79/><T111/><D111/><U104/><E104/><V67/><F72/><W18/><G0/><T44/><D44/><U131/><E131/><V55/><F109/><W9/><G9/><T5/><D5/><U108/><E108/><V17/><F17/><N who="3" m="6155" /><G11/><T60/><D21/><U23/><E23/><V6/><F6/><W88/><G102/><T126/><D126/><U73/><E73/><V43/><F3/><W35/><G35/><T106/><D106/><U69/><E69/><V96/><F2/><W84/><G98/><N who="1" m="37386" /><E91/><N who="3" m="34890" /><G83/><N who="2" m="31817" /><F43/><AGARI ba="1,1" hai="43,47,49,56,59" m="37386,10826,6167" machi="43" ten="30,2000,0" yaku="8,1,54,1" doraHai="128" who="1" fromWho="2" sc="345,0,244,33,215,-23,186,0" owari="345,44.5,277,7.7,192,-20.8,186,-31.4" /></mjloggm>