<mjloggm ver="2.3"><GO type="225" lobby="0"/><UN n0="%4B%2E%32%2E%4B%2E" n1="%4E%55%44%41" n2="%E6%97%A5%E6%9B%9C%E6%97%A5%E3%82%88%E3%82%8A%E3%81%AE%E4%BD%BF%E8%80%85" n3="%E7%9A%AE%E3%80%85" dan="17,17,17,16" rate="2182.01,2165.75,2192.21,2163.62" sx="M,M,M,F"/><TAIKYOKU oya="0"/><INIT seed="0,0,0,5,1,92" ten="250,250,250,250" oya="0" hai0="132,110,20,95,17,11,125,77,86,106,37,42,114" hai1="16,2,109,101,127,120,9,35,72,67,23,34,107" hai2="10,39,0,84,68,98,90,65,96,112,45,55,59" hai3="87,105,5,12,24,22,46,128,78,32,62,14,18"/><T135/><D114/><U66/><E72/><V85/><F112/><W38/><G105/><T89/><D125/><U97/><E120/><V31/><F31/><W1/><G128/><T27/><D106/><U104/><E127/><V129/><F129/><W102/><G102/><T75/><D110/><U103/><E109/><V73/><F73/><W121/><G121/><T52/><D37/><U30/><E30/><V99/><F68/><W54/><G32/><T48/><D42/><U88/><E88/><V13/><F0/><W69/><G1/><T47/><REACH who="0" step="1"/><D11/><REACH who="0" ten="240,250,250,250" step="2"/><U81/><E9/><V113/><F113/><W29/><G38/><T94/><D94/><U111/><E111/><V21/><F39/><W126/><G126/><T70/><D70/><U44/><E104/><V91/><F10/><W76/><G69/><T57/><D57/><U36/><E107/><V7/><F59/><W123/><G123/><T79/><D79/><U33/><E36/><V15/><F90/><W133/><G78/><T41/><D41/><U56/><E56/><V74/><F91/><W117/><G76/><T93/><D93/><U19/><E101/><V60/><F74/><W130/><G130/><T49/><D49/><U83/><E103/><V61/><F61/><W53/><G62/><T8/><D8/><U26/><E2/><V115/><F115/><W64/><G46/><T122/><D122/><U131/><E44/><V58/><F45/><W63/><G63/><T4/><D4/><U80/><E131/><V51/><F51/><W6/><G5/><T50/><D50/><U116/><E80/><AGARI ba="0,1" hai="17,20,27,47,48,52,75,77,80,86,89,95,132,135" machi="80" ten="40,7700,0" yaku="1,1,6,1,54,1,53,0" doraHai="92" doraHaiUra="119" who="0" fromWho="1" sc="240,87,250,-77,250,0,250,0" /><INIT seed="0,1,0,0,5,108" ten="327,173,250,250" oya="0" hai0="55,129,52,63,91,58,33,61,90,29,135,126,115" hai1="106,62,130,48,109,93,87,27,18,79,6,14,44" hai2="20,28,5,81,107,51,40,9,53,23,49,89,86" hai3="0,118,76,3,24,110,56,85,30,25,37,132,54"/><T102/><D126/><U12/><E106/><V127/><F107/><W42/><G118/><T67/><D129/><U98/><E130/><V71/><F71/><W124/><G124/><T99/><D135/><U7/><E109/><V101/><F101/><W41/><G110/><T10/><D115/><U103/><E27/><V125/><F125/><W88/><G25/><N who="0" m="18607" /><D10/><U35/><E35/><V64/><F64/><W21/><G76/><T65/><D91/><U11/><E62/><V92/><F127/><W19/><G30/><T123/><D90/><U15/><E6/><V111/><F111/><W105/><G105/><N who="0" m="63711" /><D123/><U43/><REACH who="1" step="1"/><E18/><REACH who="1" ten="327,163,250,250" step="2"/><V100/><F5/><W13/><G24/><T134/><D134/><U121/><E121/><V95/><F28/><W120/><G120/><T1/><D1/><U32/><E32/><V38/><F38/><W97/><G132/><T57/><D63/><U80/><AGARI ba="1,1" hai="7,11,12,14,15,43,44,48,79,80,87,93,98,103" machi="80" ten="30,12000,2" yaku="1,1,0,1,25,2,8,1,53,1" doraHai="108" doraHaiUra="78" who="1" fromWho="1" sc="327,-61,163,133,250,-31,250,-31" /><INIT seed="1,0,0,3,5,111" ten="266,296,219,219" oya="1" hai0="44,19,54,100,129,83,121,51,40,42,36,132,71" hai1="86,107,126,101,15,5,120,69,82,97,122,70,38" hai2="98,104,87,18,43,32,63,45,78,94,73,20,8" hai3="41,72,6,76,92,50,57,124,110,74,28,4,123"/><U35/><E38/><V79/><F32/><W109/><G123/><T114/><D121/><U125/><E35/><V26/><F73/><W85/><G124/><N who="1" m="47722" /><E5/><V59/><F104/><W22/><G6/><T65/><D129/><U11/><E120/><V77/><F8/><W2/><G2/><T14/><D132/><U34/><E34/><V106/><F106/><W88/><G4/><T90/><D114/><U24/><E24/><V105/><F105/><W25/><G76/><T118/><D100/><U10/><E122/><V66/><F87/><W102/><G102/><T12/><D118/><U53/><E53/><V37/><REACH who="2" step="1"/><F78/><REACH who="2" ten="266,296,209,219" step="2"/><W117/><G117/><T127/><D127/><U48/><E11/><V112/><F112/><W130/><G130/><T3/><D3/><U7/><E48/><V89/><AGARI ba="0,1" hai="18,20,26,37,43,45,59,63,66,77,79,89,94,98" machi="89" ten="20,2700,0" yaku="1,1,0,1,7,1,53,0" doraHai="111" doraHaiUra="131" who="2" fromWho="2" sc="266,-7,296,-13,209,37,219,-7" /><INIT seed="2,0,0,3,4,49" ten="259,283,246,212" oya="2" hai0="99,73,21,101,96,124,85,61,7,39,59,108,92" hai1="100,81,57,8,77,79,119,67,128,34,65,5,110" hai2="111,88,58,47,24,13,50,87,41,38,22,12,6" hai3="2,33,35,91,86,104,25,118,98,75,120,76,11"/><V102/><F102/><W17/><G120/><T14/><D73/><U54/><E119/><V55/><F6/><W60/><G118/><T106/><D39/><U89/><E34/><V32/><F32/><W48/><G60/><T68/><D108/><U117/><E117/><V43/><F43/><W42/><G75/><T133/><D68/><U4/><E110/><V126/><F126/><W130/><G130/><T135/><D124/><U121/><E121/><V9/><F9/><W105/><G76/><T40/><D85/><N who="1" m="50351" /><E100/><V123/><F123/><W56/><G42/><T29/><D40/><U52/><E54/><V114/><F114/><W64/><G64/><N who="1" m="24650" /><E128/><V63/><F38/><W46/><G46/><T93/><D106/><U116/><E116/><V80/><F111/><W127/><G127/><T95/><D101/><U0/><E0/><V26/><F26/><W62/><G62/><T45/><D99/><U18/><E18/><AGARI ba="0,0" hai="12,13,18,22,24,41,47,50,55,58,63,80,87,88" machi="18" ten="30,11600,0" yaku="7,1,8,1,52,1,54,1" doraHai="49" who="2" fromWho="1" sc="259,0,283,-116,246,116,212,0" /><INIT seed="2,1,0,3,3,28" ten="259,167,362,212" oya="2" hai0="84,18,110,40,62,78,87,96,4,108,132,29,117" hai1="123,30,45,116,82,51,89,111,131,52,20,73,2" hai2="67,91,68,80,1,97,112,41,101,134,106,83,100" hai3="69,72,64,65,92,43,54,15,8,93,76,34,50"/><V124/><F1/><W25/><G43/><T38/><D132/><U79/><E116/><V48/><F68/><W125/><G125/><T81/><D117/><U122/><E2/><V24/><F67/><W75/><G76/><T129/><D129/><U19/><E131/><V12/><F12/><W16/><G69/><T103/><D4/><U23/><E111/><N who="0" m="42537" /><D29/><U133/><E133/><V102/><F24/><W27/><G34/><T55/><D18/><U60/><E30/><V22/><F22/><W104/><G104/><N who="0" m="63591" /><D40/><U32/><E32/><V13/><F41/><W46/><G72/><N who="0" m="43207" /><D38/><U118/><E118/><V128/><F128/><W9/><G75/><T86/><D55/><U3/><E3/><V39/><F39/><W66/><G8/><T74/><D62/><U98/><E60/><V105/><F13/><W49/><G49/><T113/><D74/><U126/><E126/><V120/><F48/><W53/><G53/><T14/><D14/><U21/><REACH who="1" step="1"/><E19/><REACH who="1" ten="259,157,362,212" step="2"/><V17/><F17/><W90/><REACH who="3" step="1"/><G93/><AGARI ba="1,1" hai="20,21,23,45,51,52,73,79,82,89,93,98,122,123" machi="93" ten="40,5200,0" yaku="1,1,2,1,54,1,53,0" doraHai="28" doraHaiUra="6" who="1" fromWho="3" sc="259,0,157,65,362,0,212,-55" /><INIT seed="3,0,0,2,3,19" ten="259,222,362,157" oya="3" hai0="114,93,123,55,100,2,91,14,130,9,25,49,73" hai1="95,103,62,89,20,56,96,5,113,115,86,120,48" hai2="17,133,79,36,52,131,102,67,37,39,38,65,29" hai3="125,77,23,92,7,43,105,41,111,0,74,53,72"/><W18/><G105/><T122/><D73/><U132/><E120/><V61/><F37/><W12/><G125/><T3/><D100/><U90/><E132/><V54/><F29/><W126/><G126/><T118/><D118/><U71/><E71/><V51/><F79/><W16/><G111/><T47/><D130/><U129/><E129/><V24/><F102/><W1/><G92/><T57/><D114/><U33/><E33/><V69/><F24/><W101/><G101/><T46/><D3/><U21/><E48/><V78/><F78/><W128/><G128/><T124/><D2/><U22/><E5/><V121/><F17/><W40/><G53/><T81/><D81/><U84/><E84/><V106/><F106/><W6/><G77/><T31/><D124/><U42/><E42/><V13/><F54/><W28/><G28/><T11/><D122/><U70/><E70/><V107/><F107/><W60/><G60/><T45/><D14/><U64/><REACH who="1" step="1"/><E89/><REACH who="1" ten="259,212,362,157" step="2"/><V116/><F131/><W99/><G99/><N who="0" m="57791" /><D123/><U112/><E112/><V8/><F121/><W68/><G68/><T110/><D110/><U10/><E10/><V117/><F69/><W15/><G41/><T59/><D57/><U135/><E135/><V76/><F133/><W109/><G109/><T30/><D30/><U127/><E127/><V83/><F117/><W134/><G134/><T108/><D108/><U58/><E58/><V98/><F116/><W27/><G27/><T50/><D50/><U119/><E119/><V75/><F61/><W35/><G35/><N who="0" m="20975" /><D59/><U34/><E34/><V26/><F38/><RYUUKYOKU ba="0,1" sc="259,10,212,10,362,-30,157,10" hai0="9,11,45,46,47,49,55" hai1="20,21,22,56,62,64,86,90,95,96,103,113,115" hai3="0,1,6,7,12,15,16,18,23,40,43,72,74" /><INIT seed="3,1,1,4,2,44" ten="269,222,332,167" oya="3" hai0="83,100,61,109,90,93,4,104,75,6,22,88,101" hai1="124,3,106,17,97,31,126,58,122,118,24,62,120" hai2="79,96,15,64,20,119,129,10,98,59,9,105,74" hai3="95,51,13,123,27,53,111,32,69,125,14,63,121"/><W47/><G125/><N who="1" m="48234" /><E3/><V45/><F79/><W36/><G111/><T42/><D104/><U34/><E118/><V73/><F105/><W132/><G132/><T50/><D109/><U54/><E17/><V72/><F45/><W91/><G121/><T110/><D110/><U68/><E68/><V38/><F38/><W131/><G131/><T94/><D75/><U1/><E1/><V7/><F119/><W5/><G123/><T81/><D61/><U134/><E134/><V26/><F10/><W55/><G36/><T29/><D42/><U86/><E86/><V19/><F129/><W82/><G82/><T71/><D71/><U108/><E108/><V40/><F40/><W112/><G112/><T18/><D29/><U85/><E85/><V35/><F35/><W16/><G5/><T8/><D50/><U84/><E84/><V46/><F46/><W67/><G55/><T49/><D49/><U77/><E77/><V0/><F0/><W128/><G128/><T130/><D130/><U39/><E39/><V65/><F65/><W114/><G114/><T37/><D37/><U56/><E56/><V12/><F26/><W89/><G89/><N who="0" m="34411" /><D83/><U127/><E127/><V117/><F117/><W52/><G53/><T30/><D81/><U99/><E106/><V43/><F43/><W116/><G116/><T78/><D78/><U80/><E80/><V33/><F33/><W11/><G14/><N who="0" m="7495" /><D6/><U25/><E25/><V57/><F64/><W21/><G32/><T66/><D4/><U23/><E34/><V28/><F28/><N who="3" m="17519" /><G91/><T133/><D133/><U115/><E115/><RYUUKYOKU ba="1,1" sc="269,-30,222,10,332,10,167,10" hai1="23,24,31,54,58,62,97,99,120,122" hai2="7,9,12,15,19,20,57,59,72,73,74,96,98" hai3="11,13,16,47,51,52,63,67,69,95" /><INIT seed="3,2,1,1,0,41" ten="239,232,342,177" oya="3" hai0="30,105,13,46,120,126,134,96,56,49,109,17,50" hai1="25,78,10,90,92,123,125,122,100,44,73,68,14" hai2="53,113,28,117,47,95,62,108,16,99,5,102,61" hai3="36,83,86,60,20,21,43,42,91,89,23,33,35"/><W112/><G112/><T107/><D120/><U114/><E68/><V88/><F113/><W133/><G133/><T18/><D134/><U74/><E114/><V66/><F117/><W64/><G89/><T8/><D109/><U94/><E25/><V81/><F108/><W116/><G116/><T79/><D126/><U0/><E0/><V103/><F5/><W104/><G104/><T2/><D2/><U115/><E115/><V59/><F28/><W22/><N who="3" m="5120" /><DORA hai="6" /><W130/><G130/><T38/><D30/><U26/><E26/><V32/><F32/><W72/><G72/><T132/><D132/><U4/><E125/><V70/><F16/><N who="0" m="6250" /><D79/><U48/><E100/><V121/><F121/><W76/><G76/><T57/><D105/><U39/><E39/><V128/><F128/><W127/><G127/><T51/><D96/><U37/><E37/><V3/><F3/><W82/><G82/><T54/><D38/><U80/><E74/><V1/><F1/><W40/><REACH who="3" step="1"/><G36/><REACH who="3" ten="239,232,342,167" step="2"/><T24/><D107/><U69/><E92/><V34/><F81/><W77/><G77/><T118/><D118/><U87/><E69/><AGARI ba="2,2" hai="33,35,40,42,43,60,64,69,83,86,91" m="5120" machi="69" ten="50,4800,0" yaku="1,1,53,1" doraHai="41,6" doraHaiUra="84,55" who="3" fromWho="1" sc="239,0,232,-54,342,0,167,74" /><INIT seed="3,3,0,5,5,13" ten="239,178,342,241" oya="3" hai0="52,49,28,125,40,46,25,21,17,92,35,83,133" hai1="77,53,109,118,11,134,69,85,0,122,93,86,14" hai2="4,33,105,16,56,63,101,117,121,81,5,50,84" hai3="42,78,115,104,80,107,61,72,38,2,126,8,91"/><W32/><G115/><T103/><D125/><U44/><E122/><V98/><F33/><W55/><G126/><T26/><D133/><U94/><E0/><V66/><F117/><W120/><G120/><T37/><D83/><U90/><E69/><V129/><F121/><W34/><G91/><T9/><D9/><U106/><E106/><N who="3" m="40490" /><G55/><T36/><REACH who="0" step="1"/><D40/><REACH who="0" ten="229,178,342,241" step="2"/><U73/><E134/><V71/><F81/><W123/><G123/><T59/><D59/><U79/><E118/><V54/><F56/><W128/><G128/><T39/><D39/><U41/><E109/><V10/><F10/><W100/><G100/><T62/><D62/><U76/><E73/><V15/><F63/><W30/><G61/><T6/><D6/><N who="1" m="3447" /><E53/><V24/><F54/><W20/><G20/><T51/><D51/><N who="1" m="27023" /><E94/><V135/><F135/><W19/><G38/><T27/><D27/><U43/><E43/><V65/><F50/><W131/><G42/><T113/><D113/><U89/><E89/><V31/><F105/><W1/><G131/><T57/><D57/><U60/><E60/><V130/><F129/><W22/><G34/><T108/><D108/><U12/><E12/><V48/><F130/><W99/><G32/><T3/><D3/><U114/><E114/><V74/><F48/><W102/><G1/><T58/><D58/><U132/><E132/><V7/><F74/><W67/><G2/><T64/><D64/><U111/><E111/><V87/><F66/><W127/><G67/><T75/><D75/><U97/><E90/><V23/><F65/><W112/><G72/><T68/><D68/><RYUUKYOKU ba="3,1" sc="229,15,178,15,342,-15,241,-15" hai0="17,21,25,26,28,35,36,37,46,49,52,92,103" hai1="76,77,79,85,86,93,97" owari="244,4.4,193,-30.7,337,43.7,226,-17.4" /></mjloggm>