<mjloggm ver="2.3"><GO type="225" lobby="0"/><UN n0="%E3%81%99%E3%81%84%E3%81%BE%E3%81%9B%E3%83%BC%E3%82%93" n1="%E7%99%BD%E5%80%89%E5%AF%9B%E4%B9%8B" n2="%77%72%77%72%77%72%77%72" n3="%E3%83%94%E3%83%B3%E3%82%B5%E3%83%AD%E5%BA%97%E5%93%A1" dan="18,16,16,17" rate="2223.10,2138.00,2191.33,2176.58" sx="M,M,M,M"/><TAIKYOKU oya="0"/><INIT seed="0,0,0,2,1,49" ten="250,250,250,250" oya="0" hai0="112,77,118,80,44,90,38,129,88,124,135,85,5" hai1="106,89,116,121,55,17,20,130,9,104,84,65,75" hai2="134,131,71,113,111,95,60,14,8,34,64,101,31" hai3="46,6,103,37,79,102,15,30,25,108,36,53,26"/><T72/><D112/><U97/><E75/><V70/><F113/><W99/><G108/><T105/><D118/><U47/><E116/><V126/><F111/><W120/><G120/><T122/><D122/><U1/><E121/><V73/><F73/><W22/><G79/><T12/><D105/><U83/><E65/><V7/><F131/><W78/><G78/><T2/><D129/><U132/><E132/><V51/><F134/><W59/><G26/><T21/><D135/><U107/><E130/><V48/><F126/><W32/><G46/><T67/><D67/><U91/><E1/><V109/><F71/><W54/><G103/><T115/><D124/><U76/><E9/><V29/><F109/><W82/><G82/><T114/><D90/><U23/><E23/><V66/><F66/><W96/><G96/><T35/><D35/><U68/><E68/><V10/><F34/><W123/><G123/><T98/><D98/><U100/><E91/><V0/><F95/><W16/><G6/><T74/><D74/><U93/><E76/><V81/><F81/><W128/><G128/><T43/><D12/><U3/><E3/><V125/><F101/><W61/><REACH who="3" step="1"/><G54/><REACH who="3" ten="250,250,250,240" step="2"/><T50/><D115/><U69/><E83/><V110/><F110/><W42/><G42/><T24/><D114/><U19/><E100/><V11/><F125/><W63/><G63/><T133/><D133/><U119/><E97/><V52/><F0/><W4/><G4/><T18/><D2/><U57/><E119/><V41/><F41/><W33/><G33/><T58/><D72/><U27/><E27/><RYUUKYOKU ba="0,1" sc="250,-10,250,-10,250,-10,240,30" hai3="15,16,22,25,30,32,36,37,53,59,61,99,102" /><INIT seed="1,1,1,3,2,53" ten="240,240,240,270" oya="1" hai0="14,16,23,57,21,47,131,38,107,83,45,130,17" hai1="95,112,93,26,6,51,118,111,106,120,34,3,76" hai2="117,122,134,42,33,1,12,123,97,67,135,109,104" hai3="31,39,94,41,133,2,86,100,20,103,85,71,4"/><U56/><E106/><V84/><F1/><W13/><G71/><T82/><D107/><U32/><E112/><V128/><F33/><W37/><G133/><N who="2" m="50697" /><F117/><W119/><G119/><T81/><D57/><U48/><E120/><V7/><F109/><W77/><G2/><T89/><D89/><U44/><E111/><V116/><F116/><W9/><G39/><T27/><REACH who="0" step="1"/><D38/><REACH who="0" ten="230,240,240,270" step="2"/><U66/><E56/><V65/><F122/><W58/><G58/><T69/><D69/><U96/><E118/><V88/><F123/><W60/><G37/><T102/><D102/><U129/><E66/><V87/><F65/><W114/><G103/><T36/><D36/><U91/><E91/><V35/><F67/><W11/><G100/><T68/><D68/><U75/><E44/><AGARI ba="1,2" hai="14,16,17,21,23,27,44,45,47,81,82,83,130,131" machi="44" ten="40,2600,0" yaku="1,1,54,1,53,0" doraHai="53" doraHaiUra="30" who="0" fromWho="1" sc="230,49,240,-29,240,0,270,0" /><INIT seed="2,0,0,5,2,106" ten="279,211,240,270" oya="2" hai0="119,99,116,90,38,112,16,22,10,96,113,97,71" hai1="115,89,131,50,122,121,9,63,26,120,48,7,101" hai2="80,36,87,13,1,62,88,68,21,77,31,114,55" hai3="47,8,123,126,117,103,17,2,35,124,37,110,43"/><V84/><F114/><W73/><G117/><N who="0" m="45131" /><D71/><U135/><E115/><N who="0" m="44105" /><D38/><U85/><E131/><V12/><F1/><W4/><G123/><T57/><D10/><U46/><E135/><V130/><F36/><W14/><G110/><T30/><D30/><U133/><E133/><V75/><F130/><W83/><G103/><T129/><D57/><U29/><E101/><V92/><F75/><W66/><G66/><T18/><D129/><U40/><E63/><V105/><F105/><W125/><G35/><T78/><D78/><U98/><E98/><N who="0" m="37993" /><D22/><U94/><E50/><V127/><F127/><W102/><G102/><T20/><D20/><U6/><REACH who="1" step="1"/><E9/><REACH who="1" ten="279,201,240,270" step="2"/><V134/><F134/><W0/><G4/><T69/><D69/><U128/><E128/><V19/><F68/><W33/><G125/><T24/><D24/><U72/><E72/><V44/><F62/><W5/><G5/><T27/><D27/><U81/><E81/><V53/><F44/><W3/><G126/><T41/><D41/><U52/><E52/><N who="2" m="20043" /><F31/><W74/><G124/><T58/><D58/><U132/><E132/><V54/><F54/><W111/><G83/><T118/><D118/><U15/><E15/><AGARI ba="0,1" hai="12,13,15,19,21,77,80,84,87,88,92" m="20043" machi="15" ten="30,5800,0" yaku="8,1,54,2" doraHai="106" who="2" fromWho="1" sc="279,0,201,-58,240,68,270,0" /><INIT seed="2,1,0,2,2,50" ten="279,143,308,270" oya="2" hai0="30,60,4,11,0,28,65,104,37,76,94,129,6" hai1="29,111,32,88,92,115,62,133,105,34,25,121,67" hai2="89,16,126,9,56,106,59,118,69,135,78,101,23" hai3="42,20,84,86,5,132,97,119,27,31,57,90,66"/><V49/><F118/><W48/><G119/><T2/><D104/><U68/><E111/><V35/><F35/><W41/><G132/><T8/><D37/><U109/><E109/><V61/><F135/><W38/><G38/><T134/><D129/><U52/><E133/><V40/><F126/><W10/><G97/><T124/><D124/><U47/><E105/><V7/><F78/><W44/><G42/><T85/><D134/><U122/><E115/><V15/><F101/><W100/><G100/><T46/><D46/><U79/><E79/><V102/><F102/><W120/><G120/><T108/><D108/><U63/><E34/><V74/><F74/><W116/><G116/><T64/><D64/><U53/><E47/><N who="2" m="25831" /><F69/><W24/><G24/><T3/><D3/><U93/><E93/><V14/><F106/><W45/><G45/><T125/><D125/><U87/><REACH who="1" step="1"/><E63/><REACH who="1" ten="279,133,308,270" step="2"/><V18/><F61/><N who="3" m="38191" /><G90/><T13/><D76/><U39/><E39/><V80/><F7/><W117/><G117/><T128/><D6/><U19/><E19/><V114/><F114/><W95/><G95/><T54/><D94/><U96/><E96/><V130/><F130/><W83/><G83/><T77/><D4/><U123/><AGARI ba="1,1" hai="25,29,32,52,53,62,67,68,87,88,92,121,122,123" machi="123" ten="30,16000,3" yaku="1,1,0,1,13,1,52,2,54,2,53,1" doraHai="50" doraHaiUra="26" who="1" fromWho="1" sc="279,-41,133,173,308,-81,270,-41" /><INIT seed="3,0,0,4,4,19" ten="238,306,227,229" oya="3" hai0="10,102,64,103,5,65,123,91,46,77,57,122,67" hai1="83,95,109,112,55,128,92,61,96,131,127,47,111" hai2="113,39,79,53,126,0,74,105,129,40,63,121,120" hai3="30,8,49,12,70,27,16,78,68,106,7,135,90"/><W59/><G106/><T86/><D77/><U4/><E112/><V11/><F113/><W20/><G135/><T89/><D46/><U50/><E127/><V133/><F126/><W87/><G78/><T41/><D41/><U98/><E4/><N who="2" m="1415" /><F133/><W99/><G99/><N who="1" m="37930" /><E83/><N who="2" m="45559" /><F105/><W117/><G117/><T108/><D108/><N who="1" m="41547" /><E61/><V51/><F63/><W22/><G59/><T101/><D57/><U100/><E100/><V94/><F94/><AGARI ba="0,0" hai="47,50,55,92,94,95,128,131" m="41547,37930" machi="94" ten="30,1000,0" yaku="14,1" doraHai="19" who="1" fromWho="2" sc="238,0,306,10,227,-10,229,0" owari="238,3.8,316,41.6,217,-28.3,229,-17.1" /></mjloggm>