<mjloggm ver="2.3"><GO type="225" lobby="0"/><UN n0="%E5%91%A8%E6%9D%B1" n1="%E3%82%B3%E3%83%90%E3%83%AC%E3%82%A4" n2="%E5%8D%A0%E3%81%84%E5%B8%AB%E8%A3%8F%E3%81%AA%E3%81%84%E3%81%97" n3="%E3%81%99%E3%81%84%E3%81%BE%E3%81%9B%E3%83%BC%E3%82%93" dan="17,16,17,18" rate="2139.09,2208.67,2193.21,2217.23" sx="M,M,M,M"/><TAIKYOKU oya="0"/><INIT seed="0,0,0,0,2,68" ten="250,250,250,250" oya="0" hai0="45,72,75,122,124,53,90,60,86,11,23,55,48" hai1="34,28,47,108,10,12,109,81,18,52,31,58,64" hai2="113,16,17,125,78,82,56,9,111,104,129,121,27" hai3="4,7,61,51,91,29,112,69,0,41,49,105,35"/><T33/><D33/><U14/><E81/><V96/><F121/><W38/><G112/><T87/><D122/><U19/><E64/><V126/><F113/><W59/><G105/><T76/><D124/><N who="2" m="47722" /><F111/><N who="1" m="42569" /><E47/><V127/><N who="2" m="47730" /><V74/><DORA hai="22" /><F129/><W77/><G77/><T42/><D75/><U43/><E43/><V24/><F56/><W120/><G59/><N who="0" m="34927" /><D72/><U46/><E46/><V44/><F44/><W63/><G69/><T6/><D76/><U71/><E71/><V2/><F17/><W128/><G128/><T118/><D118/><U88/><E34/><V36/><F36/><W85/><G38/><T110/><D110/><U54/><E54/><V99/><F2/><W119/><G0/><T98/><D55/><U94/><E19/><V39/><F39/><W50/><G119/><T8/><D98/><N who="2" m="37418" /><F104/><W25/><G120/><T67/><D67/><U117/><E117/><V5/><F5/><W37/><G37/><T65/><D6/><U79/><E14/><AGARI ba="0,0" hai="9,14,16,24,27,74,78,82" m="37418,47730" machi="14" ten="40,8000,1" yaku="18,1,52,2,54,1" doraHai="68,22" who="2" fromWho="1" sc="250,0,250,-80,250,80,250,0" /><INIT seed="1,0,0,1,3,108" ten="250,170,330,250" oya="1" hai0="84,129,54,62,51,0,12,86,104,41,118,29,56" hai1="39,126,46,117,128,133,119,2,28,99,93,123,23" hai2="61,59,9,90,14,77,58,130,24,16,88,91,32" hai3="89,70,101,21,17,116,53,127,125,5,25,113,81"/><U122/><E2/><V18/><F130/><W78/><G116/><N who="1" m="44618" /><E28/><V82/><F61/><W26/><G70/><T55/><D129/><U100/><E23/><N who="2" m="13415" /><F32/><W71/><G71/><T110/><D104/><U48/><E39/><V83/><F77/><W60/><G101/><T63/><D110/><U47/><E48/><V27/><F27/><W94/><G5/><T112/><D118/><U68/><E68/><V76/><F76/><W33/><G26/><T96/><D0/><U103/><E47/><V106/><F106/><W3/><G3/><T132/><D29/><U45/><E46/><V52/><F52/><W97/><G33/><T114/><D41/><U57/><E45/><V65/><F65/><W92/><G92/><T79/><D12/><U13/><E13/><V36/><F36/><W7/><G7/><T95/><D63/><U37/><E57/><AGARI ba="0,0" hai="9,14,18,57,58,59,82,83,88,90,91" m="13415" machi="57" ten="30,3900,0" yaku="8,1,54,2" doraHai="108" who="2" fromWho="1" sc="250,0,170,-39,330,39,250,0" /><INIT seed="2,0,0,3,1,100" ten="250,131,369,250" oya="2" hai0="74,23,133,71,20,33,54,101,15,31,102,8,64" hai1="78,106,50,56,13,30,66,1,110,29,14,41,82" hai2="46,98,40,5,83,67,97,45,111,62,16,122,77" hai3="119,3,132,39,84,26,11,22,85,81,129,37,25"/><V135/><F122/><W19/><G119/><T118/><D118/><U94/><E1/><V48/><F135/><W2/><G132/><T34/><D74/><U96/><E110/><V90/><F111/><W57/><G129/><T88/><D133/><U60/><E106/><V73/><F5/><W42/><G85/><T124/><D124/><U117/><E117/><V43/><F90/><W76/><G42/><T131/><D64/><U115/><E115/><V91/><F91/><W89/><G89/><T114/><D71/><U47/><E30/><V27/><F27/><W113/><G113/><T61/><D114/><U58/><E56/><V44/><F16/><W24/><G57/><N who="0" m="34999" /><D34/><U72/><REACH who="1" step="1"/><E29/><REACH who="1" ten="250,121,369,250" step="2"/><V35/><F45/><W7/><G3/><T107/><D107/><U9/><E9/><V128/><F128/><W70/><G70/><T69/><D31/><U108/><E108/><V93/><F44/><W6/><G6/><T49/><D69/><U21/><E21/><V59/><F46/><W38/><AGARI ba="0,1" hai="2,7,11,19,22,24,25,26,37,38,39,76,81,84" machi="38" ten="30,1100,0" yaku="0,1" doraHai="100" who="3" fromWho="3" sc="250,-3,121,-3,369,-5,250,21" /><INIT seed="3,0,0,0,0,76" ten="247,118,364,271" oya="3" hai0="86,113,1,101,128,107,2,50,18,48,14,54,79" hai1="12,125,75,62,41,47,93,68,73,110,105,22,116" hai2="131,53,133,7,29,109,17,31,10,84,27,64,119" hai3="36,44,114,108,55,87,118,24,82,65,43,57,123"/><W61/><G114/><T40/><D113/><U6/><E116/><V89/><F119/><W38/><G118/><T39/><D39/><U96/><E105/><V69/><F109/><W25/><G123/><T3/><D128/><U95/><E110/><V135/><F131/><W80/><G38/><T124/><D124/><U103/><E125/><V35/><F29/><W81/><G108/><T117/><D117/><U94/><E73/><V46/><F17/><W129/><G129/><T74/><D74/><U72/><E72/><V127/><F127/><W70/><REACH who="3" step="1"/><G87/><REACH who="3" ten="247,118,364,261" step="2"/><T30/><D86/><U9/><E75/><V23/><F84/><W15/><G15/><T130/><D14/><U56/><E68/><V120/><F69/><W98/><G98/><T49/><D3/><U102/><E102/><V78/><F120/><W59/><G59/><T111/><D2/><U63/><E63/><AGARI ba="0,1" hai="24,25,36,43,44,55,57,61,63,65,70,80,81,82" machi="63" ten="40,12000,1" yaku="1,1,52,3,53,0" doraHai="76" doraHaiUra="121" who="3" fromWho="1" sc="247,0,118,-120,364,0,261,130" owari="247,-15.3,-2,-50.2,364,16.4,391,49.1" /></mjloggm>