<mjloggm ver="2.3"><GO type="225" lobby="0"/><UN n0="%E3%82%A4%E3%83%BC%E3%82%B1%E3%83%97%E3%83%A9" n1="%E3%81%BF%E3%81%BF%E3%81%9A" n2="%E3%81%8B%E3%82%8F%E3%81%A1%E3%82%83%E3%82%93%35%38" n3="%E6%98%93%E5%88%A9%E8%96%A9%E4%BC%AF" dan="17,18,16,17" rate="2216.09,2207.28,2096.89,2201.56" sx="M,M,M,F"/><TAIKYOKU oya="0"/><INIT seed="0,0,0,2,2,25" ten="250,250,250,250" oya="0" hai0="4,45,76,102,132,41,110,128,112,51,12,80,69" hai1="52,96,36,60,23,28,122,21,86,111,108,15,135" hai2="35,24,70,93,46,77,9,18,83,101,127,54,30" hai3="10,26,63,37,62,17,71,115,7,47,124,59,117"/><T100/><D112/><U98/><E122/><V49/><F70/><W33/><G115/><T89/><D69/><U43/><E135/><V120/><F120/><W130/><G130/><T29/><D128/><U126/><E126/><V64/><F64/><W74/><G74/><T125/><D125/><U58/><E86/><V40/><F127/><W44/><G117/><T133/><D110/><N who="1" m="42027" /><E43/><V57/><F101/><W19/><G71/><T68/><D68/><U14/><E36/><V32/><F93/><W79/><G79/><T94/><D29/><U97/><E21/><V113/><F113/><W123/><G123/><T129/><D129/><U99/><N who="1" m="24576" /><DORA hai="67" /><U134/><E134/><N who="0" m="51817" /><D89/><U56/><E58/><V92/><F92/><W0/><G59/><T78/><D94/><U87/><E87/><V66/><F66/><W22/><G37/><T8/><D78/><U6/><E6/><V61/><F18/><W105/><G19/><T104/><D104/><U11/><E11/><V72/><REACH who="2" step="1"/><F9/><REACH who="2" ten="250,250,240,250" step="2"/><W53/><G10/><T13/><D13/><U103/><E103/><V5/><F5/><W73/><G7/><T1/><D12/><U50/><E60/><V38/><F38/><W91/><G63/><T114/><D114/><U85/><E85/><AGARI ba="0,1" hai="1,4,8,41,45,51,76,80,85,100,102" m="51817" machi="85" ten="30,1500,0" yaku="20,1" doraHai="25,67" who="0" fromWho="1" sc="250,25,250,-15,240,0,250,0" /><INIT seed="0,1,0,4,4,27" ten="275,235,240,250" oya="0" hai0="86,11,2,21,43,57,98,66,42,118,58,115,55" hai1="61,31,18,75,49,76,82,54,91,5,78,29,87" hai2="101,99,72,4,47,35,128,10,33,80,68,13,23" hai3="106,95,111,96,67,25,34,74,85,40,83,135,15"/><T114/><D118/><U14/><E5/><V113/><F113/><W126/><G111/><T8/><D2/><U48/><E61/><V131/><F68/><W71/><G126/><T51/><D115/><U19/><E19/><V39/><F23/><W52/><G40/><T127/><D127/><U30/><E75/><V63/><F63/><W90/><G15/><T28/><D114/><U9/><E48/><V24/><F24/><W7/><G7/><T92/><D86/><U38/><E38/><V123/><F123/><W100/><G135/><T79/><D79/><U22/><E22/><V0/><F13/><W89/><G67/><T17/><D28/><U110/><E110/><V59/><F59/><AGARI ba="1,0" hai="9,14,18,29,30,31,49,54,59,76,78,82,87,91" machi="59" ten="40,8000,1" yaku="8,1,52,3" doraHai="27" who="1" fromWho="2" sc="275,0,235,83,240,-83,250,0" /><INIT seed="1,0,0,1,1,23" ten="275,318,157,250" oya="1" hai0="50,5,118,14,51,0,12,81,1,127,115,114,96" hai1="45,60,22,104,52,101,19,94,28,69,125,97,34" hai2="53,111,120,36,90,83,33,117,15,55,43,133,110" hai3="13,92,29,65,20,121,132,6,72,95,102,75,135"/><U8/><E125/><V61/><F33/><W56/><G121/><T109/><D96/><U70/><E8/><V39/><F15/><W48/><G6/><T62/><D62/><U57/><E104/><V123/><F83/><W41/><G41/><T16/><D81/><U131/><E131/><V10/><F90/><W103/><G13/><T44/><D44/><U99/><E99/><V116/><F10/><W38/><G38/><N who="2" m="14377" /><F43/><W91/><G91/><T112/><D118/><N who="2" m="45674" /><F133/><W67/><G20/><T46/><D115/><U106/><E106/><V47/><F47/><W84/><G84/><T58/><D46/><U71/><E45/><V3/><F3/><W2/><G2/><T66/><D5/><U26/><E70/><V108/><F61/><W73/><G73/><T76/><D76/><U9/><E9/><V128/><F128/><W18/><G18/><T32/><D16/><U80/><E80/><V21/><F21/><W86/><G86/><T124/><D32/><U122/><E122/><AGARI ba="0,0" hai="53,55,108,110,111,120,122,123" m="45674,14377" machi="122" ten="40,8000,1" yaku="28,2,14,1,34,2" doraHai="23" who="2" fromWho="1" sc="275,0,318,-80,157,80,250,0" /><INIT seed="2,0,0,0,0,69" ten="275,238,237,250" oya="2" hai0="48,31,4,38,24,112,84,135,33,59,89,114,72" hai1="61,19,52,53,56,58,37,133,77,134,122,118,88" hai2="98,105,82,99,23,49,46,29,67,8,83,131,86" hai3="97,128,65,75,126,103,41,116,16,1,119,111,6"/><V12/><F131/><W132/><G75/><T127/><D72/><U57/><E118/><V26/><F67/><W108/><G65/><T44/><D135/><N who="1" m="51723" /><E77/><N who="2" m="46415" /><F83/><W35/><G132/><T96/><D127/><U3/><E122/><V34/><F34/><W121/><G121/><T107/><D4/><U113/><E113/><V85/><F85/><W36/><G35/><T129/><D129/><U106/><E106/><V14/><F105/><W81/><G81/><T76/><D76/><U90/><E3/><V87/><F87/><W32/><G32/><T10/><D96/><N who="2" m="36906" /><F8/><N who="3" m="2127" /><G97/><T101/><D101/><U115/><E115/><V95/><F95/><W5/><G103/><T91/><D107/><U22/><E37/><V20/><F20/><W94/><G94/><T64/><D91/><N who="1" m="34859" /><E61/><V17/><F29/><W68/><G36/><T54/><D38/><U18/><E18/><V104/><F104/><W50/><G16/><T45/><D10/><U40/><E40/><AGARI ba="0,0" hai="12,14,17,23,26,40,46,49" m="36906,46415" machi="40" ten="30,1500,0" yaku="8,1" doraHai="69" who="2" fromWho="1" sc="275,0,238,-15,237,15,250,0" /><INIT seed="2,1,0,5,2,53" ten="275,223,252,250" oya="2" hai0="117,112,78,57,70,100,98,21,4,48,85,16,3" hai1="113,10,24,135,52,23,92,108,47,106,115,82,68" hai2="61,46,14,34,131,27,127,107,26,41,32,20,124" hai3="55,130,39,62,76,104,64,105,60,96,86,2,128"/><V110/><F107/><W44/><G2/><T7/><D112/><U9/><E106/><V37/><F131/><N who="3" m="50219" /><G96/><T8/><D70/><U101/><E68/><V71/><F14/><W133/><G133/><T17/><D7/><U77/><E135/><V45/><F110/><W58/><G76/><T126/><D126/><N who="2" m="48170" /><F45/><W25/><G86/><T91/><D78/><U33/><E33/><N who="2" m="12907" /><F20/><W74/><G25/><T6/><D6/><U28/><E108/><V80/><F80/><W36/><G105/><T114/><D114/><U19/><E115/><V97/><F97/><W84/><G104/><T0/><D0/><U132/><E132/><V1/><F1/><W18/><G18/><T118/><D98/><N who="1" m="59591" /><E113/><V69/><F69/><N who="3" m="42119" /><G84/><T11/><D11/><U22/><E82/><V120/><F120/><W43/><G74/><T123/><D123/><U40/><E40/><V72/><F72/><W121/><G121/><T29/><D100/><U73/><E73/><V75/><F75/><W5/><G5/><T15/><D85/><U94/><E94/><V87/><F87/><W81/><G81/><T125/><D125/><U50/><E77/><V13/><F13/><AGARI ba="1,0" hai="9,10,13,19,22,23,24,28,47,50,52" m="59591" machi="13" ten="30,2000,0" yaku="8,1,54,1" doraHai="53" who="1" fromWho="2" sc="275,0,223,23,252,-23,250,0" /><INIT seed="3,0,0,1,2,118" ten="275,246,229,250" oya="3" hai0="67,88,10,12,72,47,127,135,109,51,23,68,93" hai1="35,114,20,90,130,79,56,48,96,59,0,58,16" hai2="60,123,13,91,5,132,19,106,87,31,15,122,78" hai3="131,84,41,26,125,45,22,69,34,17,115,46,85"/><W61/><G115/><T108/><D72/><U63/><E35/><V11/><F106/><W62/><G131/><T29/><D135/><U6/><E114/><V129/><F132/><W36/><G125/><T99/><D127/><U74/><E130/><V70/><F129/><W8/><G34/><T18/><D67/><U42/><E0/><V103/><F103/><W77/><G45/><T133/><D68/><U4/><E79/><V126/><F126/><W43/><G43/><T110/><D133/><U52/><E74/><V66/><F31/><W97/><G97/><T44/><D51/><U81/><E42/><V113/><F78/><W112/><G112/><T92/><D92/><N who="1" m="56343" /><E81/><V98/><F98/><W3/><G69/><T121/><D121/><N who="2" m="46090" /><F113/><W119/><G119/><T83/><D83/><U53/><E59/><V94/><F19/><W33/><G33/><T124/><D124/><U128/><E128/><V30/><F30/><W71/><G71/><T27/><AGARI ba="0,0" hai="10,12,18,23,27,29,44,47,88,93,99,108,109,110" machi="27" ten="40,5200,0" yaku="0,1,14,1,54,1" doraHai="118" who="0" fromWho="0" sc="275,52,246,-13,229,-13,250,-26" owari="327,42.7,233,3.3,216,-28.4,224,-17.6" /></mjloggm>