<mjloggm ver="2.3"><GO type="225" lobby="0"/><UN n0="%E6%81%A5%E6%99%92%E3%81%97" n1="%E6%B7%91%E5%A5%B3%E3%81%AE%E5%97%9C%E3%81%BF" n2="%E3%81%90%E3%81%A1%E3%82%84%E3%81%BE" n3="%E7%9A%AE%E3%80%85" dan="16,16,16,16" rate="2155.17,2090.15,2128.20,2065.11" sx="M,M,M,M"/><TAIKYOKU oya="0"/><INIT seed="0,0,0,0,1,4" ten="250,250,250,250" oya="0" hai0="70,58,69,127,37,39,105,8,2,79,131,78,45" hai1="48,128,46,47,134,90,64,91,130,53,72,41,135" hai2="57,50,15,126,14,73,133,19,6,7,92,110,121" hai3="117,55,98,86,60,106,51,95,102,118,12,5,120"/><T83/><D105/><U129/><E72/><V81/><F121/><W16/><G120/><T71/><D127/><U66/><E91/><V77/><F110/><W85/><G5/><N who="0" m="1079" /><D79/><U109/><E90/><V11/><F126/><W65/><G117/><T43/><D131/><U0/><E0/><V36/><F36/><W132/><G132/><N who="1" m="50730" /><E109/><V61/><F133/><W114/><G114/><T68/><D37/><AGARI ba="0,0" hai="37,41,46,47,48,53,64,66,128,129,130" m="50730" machi="37" ten="40,8000,1" yaku="19,1,20,1,34,2" doraHai="4" who="1" fromWho="0" sc="250,-80,250,80,250,0,250,0" /><INIT seed="1,0,0,1,3,131" ten="170,330,250,250" oya="1" hai0="85,70,3,30,114,96,61,25,24,45,112,97,135" hai1="75,43,65,109,91,132,80,44,120,50,134,123,113" hai2="79,20,4,1,122,105,37,8,84,51,57,90,48" hai3="103,31,73,49,93,21,69,81,53,107,101,15,127"/><U29/><E113/><V12/><F122/><W126/><G69/><T89/><D3/><U128/><E128/><V117/><F117/><W115/><G115/><T41/><D24/><U40/><E29/><V130/><F130/><W106/><G81/><T63/><D112/><U100/><E100/><N who="3" m="38474" /><G93/><T67/><D114/><U5/><E5/><V42/><F105/><W14/><G73/><T34/><D63/><U111/><E65/><V72/><F57/><W23/><G31/><T125/><D125/><N who="3" m="47625" /><G53/><T6/><D6/><U26/><E43/><V118/><F118/><W2/><G49/><T88/><D135/><N who="1" m="51755" /><E26/><V47/><F12/><N who="3" m="4651" /><G2/><T56/><D70/><U129/><E129/><V119/><F20/><AGARI ba="0,0" hai="20,21,23,106,107" m="4651,47625,38474" machi="20" ten="30,3900,0" yaku="28,2,18,1" doraHai="131" who="3" fromWho="2" sc="170,0,330,0,250,-39,250,39" /><INIT seed="2,0,0,5,1,14" ten="170,330,211,289" oya="2" hai0="123,120,6,72,67,134,99,112,18,43,117,106,80" hai1="129,10,34,135,126,94,55,8,73,51,47,70,76" hai2="56,60,39,31,22,95,124,25,109,92,89,63,132" hai3="54,52,104,128,90,75,29,105,127,110,53,79,81"/><V30/><F39/><W65/><G110/><T36/><D112/><U19/><E70/><V98/><F109/><W103/><G128/><T116/><D6/><U17/><E129/><V121/><F121/><W119/><G119/><N who="0" m="45643" /><D67/><U50/><E34/><V86/><F132/><W74/><G65/><T87/><D43/><U38/><E38/><V28/><F124/><W71/><G71/><T68/><D36/><U130/><E130/><V3/><F3/><W2/><G2/><T46/><D46/><U82/><E135/><V33/><F33/><W85/><G29/><T0/><D0/><U40/><E94/><V102/><REACH who="2" step="1"/><F63/><REACH who="2" ten="170,330,201,289" step="2"/><W7/><G127/><T62/><D134/><U91/><E126/><V12/><F12/><W45/><G45/><T16/><D72/><U64/><E73/><V111/><F111/><W66/><G75/><T96/><D120/><U84/><E64/><AGARI ba="0,1" hai="22,25,28,30,31,56,60,64,86,89,92,95,98,102" machi="64" ten="30,12000,1" yaku="1,1,7,1,25,2,8,1,53,0" doraHai="14" doraHaiUra="118" who="2" fromWho="1" sc="170,0,330,-120,201,130,289,0" /><INIT seed="2,1,0,1,0,74" ten="170,210,331,289" oya="2" hai0="20,129,27,134,36,15,115,114,5,67,57,79,42" hai1="41,128,68,110,66,93,118,78,122,3,16,98,4" hai2="90,51,19,94,117,39,24,131,10,132,44,108,135" hai3="63,65,14,116,12,1,56,113,119,112,96,123,43"/><V76/><F117/><N who="3" m="45131" /><G1/><T87/><D129/><U47/><E118/><V99/><F39/><W13/><G43/><T35/><D134/><N who="2" m="51242" /><F131/><W111/><G96/><T54/><D67/><U37/><E122/><V9/><F108/><W121/><G65/><T59/><D36/><U120/><E120/><N who="3" m="46154" /><G56/><T46/><D35/><U109/><E128/><V83/><F19/><W127/><G63/><T125/><D125/><U133/><E133/><V17/><F24/><W22/><G127/><T40/><D114/><N who="3" m="44137" /><G22/><T80/><D115/><U86/><E66/><V100/><F17/><W6/><G6/><T2/><D2/><U8/><E68/><V32/><F100/><W107/><G107/><T106/><D106/><U88/><REACH who="1" step="1"/><E16/><REACH who="1" ten="170,200,331,289" step="2"/><V92/><F9/><W34/><G34/><T31/><D42/><U48/><E48/><V38/><F51/><W55/><G55/><T45/><D40/><U7/><E7/><V97/><F10/><W91/><G91/><T85/><D54/><U72/><E72/><V84/><F90/><W29/><G29/><T124/><D124/><U73/><E73/><V104/><F32/><W61/><G61/><T18/><D5/><U30/><E30/><V11/><F11/><W64/><G64/><T81/><D46/><U105/><E105/><V21/><F104/><W69/><G69/><T33/><REACH who="0" step="1"/><D45/><REACH who="0" ten="160,200,331,289" step="2"/><U58/><E58/><V62/><F44/><W23/><G23/><T70/><D70/><U53/><E53/><V77/><F21/><W60/><G60/><T89/><AGARI ba="1,2" hai="15,18,20,27,31,33,57,59,79,80,81,85,87,89" machi="89" ten="20,12000,2" yaku="1,1,0,1,7,1,52,1,53,2" doraHai="74" doraHaiUra="52" who="0" fromWho="0" sc="160,143,200,-31,331,-61,289,-31" /><INIT seed="3,0,0,0,5,111" ten="303,169,270,258" oya="3" hai0="38,80,89,41,105,75,108,62,122,50,35,33,22" hai1="132,114,5,25,15,131,91,44,74,98,17,48,2" hai2="95,19,126,6,72,113,97,7,125,46,56,14,84" hai3="118,96,99,11,61,37,109,36,101,43,64,52,81"/><W92/><G118/><T128/><D122/><U135/><E74/><V59/><F72/><W133/><G133/><T110/><D38/><U4/><E131/><V70/><F70/><W119/><G119/><T67/><D105/><U102/><E91/><V18/><F84/><W71/><G43/><T65/><D128/><U13/><E25/><V32/><F46/><W30/><G30/><T9/><D22/><U121/><E15/><V8/><F32/><W120/><G120/><T66/><D62/><U107/><E121/><V83/><F83/><W60/><G109/><N who="0" m="42091" /><D9/><U54/><E114/><V3/><F113/><W12/><G81/><T28/><D28/><U21/><REACH who="1" step="1"/><E2/><REACH who="1" ten="303,159,270,258" step="2"/><V103/><F3/><W53/><G99/><T100/><D89/><U73/><E73/><V0/><F0/><W124/><G124/><T104/><D75/><U55/><E55/><V45/><F126/><W85/><G85/><T88/><D88/><U123/><E123/><V79/><F125/><W63/><G53/><T94/><D100/><U78/><E78/><V127/><F79/><W112/><G112/><T40/><D67/><U26/><E26/><V10/><F127/><W77/><G77/><T31/><D66/><U23/><E23/><V106/><F97/><W57/><REACH who="3" step="1"/><G63/><REACH who="3" ten="303,159,270,248" step="2"/><T129/><D129/><U115/><E115/><V86/><F86/><W90/><G90/><T1/><D65/><U134/><AGARI ba="0,2" hai="4,5,13,17,21,44,48,54,98,102,107,132,134,135" machi="134" ten="30,4000,0" yaku="1,1,0,1,20,1,53,0" doraHai="111" doraHaiUra="34" who="1" fromWho="1" sc="303,-10,159,60,270,-10,248,-20" /><INIT seed="4,0,0,5,5,52" ten="293,219,260,228" oya="0" hai0="73,112,106,46,78,128,68,41,1,27,61,76,17" hai1="113,85,22,134,125,94,34,32,90,114,79,117,101" hai2="48,56,6,33,44,21,97,102,59,11,132,16,89" hai3="103,84,133,45,0,127,58,88,25,99,15,26,72"/><T64/><D106/><U83/><E117/><V118/><F33/><W20/><G72/><T135/><D1/><U39/><E39/><V60/><F132/><W131/><G0/><T24/><D135/><U108/><E134/><V121/><F121/><W4/><G133/><T19/><D112/><N who="1" m="43115" /><E108/><V98/><F60/><W71/><G71/><T42/><D128/><U62/><E125/><V129/><F129/><W36/><G127/><T14/><D19/><U87/><E101/><V123/><F123/><W126/><G126/><T110/><D42/><U67/><E22/><V29/><F29/><W30/><G131/><T86/><D86/><U116/><E116/><V69/><F69/><AGARI ba="0,0" hai="32,34,62,67,69,79,83,85,87,90,94" m="43115" machi="69" ten="30,2000,0" yaku="15,1,11,1" doraHai="52" who="1" fromWho="2" sc="293,0,219,20,260,-20,228,0" /><INIT seed="5,0,0,1,4,73" ten="293,239,240,228" oya="1" hai0="0,27,131,89,45,91,56,114,59,113,110,121,48" hai1="69,19,92,60,35,95,51,53,67,24,40,50,93" hai2="102,43,46,20,119,82,132,117,5,16,33,118,57" hai3="30,83,100,36,42,23,26,28,8,17,29,13,135"/><U38/><E38/><V94/><F33/><W124/><G124/><T61/><D110/><U12/><E40/><V39/><F132/><W55/><G135/><T85/><D131/><U86/><E50/><V78/><F5/><W1/><G100/><T80/><D0/><U84/><E24/><V79/><F57/><W9/><G83/><T88/><D121/><U22/><REACH who="1" step="1"/><E35/><REACH who="1" ten="293,229,240,228" step="2"/><V133/><F133/><W65/><G42/><T106/><D27/><U99/><E99/><V31/><F119/><W134/><G36/><T130/><D48/><U125/><E125/><V14/><F118/><W7/><G134/><T98/><D98/><U77/><E77/><V122/><F117/><W105/><G65/><T120/><D120/><U10/><E10/><V128/><F122/><W52/><REACH who="3" step="1"/><G105/><REACH who="3" ten="293,229,240,218" step="2"/><T25/><D106/><U87/><E87/><V41/><F41/><W104/><G104/><T37/><D85/><U74/><E74/><V115/><F43/><W76/><G76/><T64/><D37/><U75/><E75/><V97/><F39/><W44/><G44/><AGARI ba="0,2" hai="12,19,22,44,51,53,60,67,69,84,86,92,93,95" machi="44" ten="40,2000,0" yaku="1,1,53,0" doraHai="73" doraHaiUra="103" who="1" fromWho="3" sc="293,0,229,40,240,0,218,-20" /><INIT seed="5,1,0,4,3,93" ten="293,269,240,198" oya="1" hai0="131,49,5,9,24,133,119,40,76,108,135,27,63" hai1="124,53,60,69,41,50,115,117,94,91,84,44,71" hai2="1,120,109,70,78,46,13,114,112,7,110,77,129" hai3="14,51,30,54,8,92,57,32,107,98,10,12,79"/><U52/><E117/><V102/><F1/><W66/><G107/><T127/><D108/><N who="2" m="41578" /><F70/><W105/><G105/><T39/><D39/><U48/><E115/><N who="2" m="44075" /><F46/><W62/><G79/><N who="2" m="30217" /><F13/><N who="3" m="5227" /><G30/><T29/><D29/><U33/><E124/><V36/><F7/><W99/><G32/><T59/><D127/><U103/><E33/><V86/><F36/><W123/><G123/><T118/><D5/><U20/><E20/><V81/><F120/><W89/><G98/><T3/><D3/><U101/><E71/><V64/><F64/><W38/><G38/><T43/><D119/><U45/><E69/><V111/><N who="2" m="41586" /><V26/><DORA hai="104" /><F26/><W68/><G68/><T37/><D118/><U31/><E31/><V90/><F102/><W80/><G80/><T73/><D27/><U96/><E101/><V47/><F47/><W23/><G23/><T2/><D24/><U4/><E4/><V19/><F19/><W106/><G106/><T56/><D37/><U65/><E65/><V11/><F11/><N who="3" m="4139" /><G66/><T18/><D9/><U22/><E22/><V134/><F134/><W82/><G82/><N who="0" m="45327" /><D2/><U16/><E103/><V125/><F125/><W122/><G122/><T74/><D18/><U83/><E83/><V6/><F6/><W17/><G17/><T130/><D133/><U35/><E16/><V116/><F116/><W75/><G75/><T67/><D74/><U113/><E35/><V55/><F55/><W126/><G126/><T21/><D135/><U28/><E28/><V15/><F15/><W88/><G62/><T87/><D63/><U58/><E113/><V42/><F42/><RYUUKYOKU ba="1,0" sc="293,-30,269,10,240,10,198,10" hai1="41,44,45,48,50,52,53,58,60,84,91,94,96" hai2="81,86,90,129" hai3="51,54,57,88,89,92,99" /><INIT seed="5,2,0,1,2,53" ten="263,279,250,208" oya="1" hai0="8,110,84,37,105,7,126,99,44,27,39,17,18" hai1="26,123,40,30,41,114,29,25,19,12,82,47,67" hai2="90,121,66,45,49,127,63,77,69,132,103,131,14" hai3="60,6,134,119,83,79,118,112,107,33,106,78,46"/><U101/><E123/><V130/><F121/><W10/><G33/><T1/><D110/><U104/><E114/><V42/><F103/><W50/><G112/><T11/><D126/><U135/><E135/><V9/><F132/><W128/><G134/><T62/><D11/><U125/><E125/><V48/><F127/><W58/><G128/><N who="2" m="49193" /><F77/><W97/><G97/><T20/><D18/><U93/><E104/><V2/><F2/><N who="3" m="343" /><G50/><T32/><D84/><U92/><E82/><V113/><F90/><W36/><G46/><T23/><D44/><U95/><E67/><V71/><F113/><W120/><G36/><T4/><D4/><U13/><E13/><V59/><F48/><W115/><G115/><T74/><D74/><U116/><E116/><N who="3" m="44586" /><G120/><T35/><D62/><U94/><E47/><V100/><F100/><W89/><G89/><T54/><D37/><U52/><E41/><V108/><F108/><W102/><G102/><N who="0" m="62687" /><D39/><U124/><E40/><V15/><F15/><W80/><G80/><T87/><D35/><U111/><E111/><V5/><AGARI ba="2,0" hai="5,9,14,42,45,49,59,63,66,69,71" m="49193" machi="5" ten="30,2000,0" yaku="19,1,52,1" doraHai="53" who="2" fromWho="2" sc="263,-7,279,-12,250,26,208,-7" /><INIT seed="6,0,0,3,2,100" ten="256,267,276,201" oya="2" hai0="94,41,132,75,95,55,119,15,38,91,96,28,59" hai1="57,103,8,35,34,99,78,26,67,31,42,84,27" hai2="58,32,69,129,44,131,43,65,19,109,53,22,120" hai3="123,107,23,50,82,5,106,18,71,0,9,86,21"/><V88/><F120/><W92/><G123/><T10/><D75/><U7/><E42/><V66/><F32/><W113/><G71/><T54/><D132/><U125/><E125/><V61/><F109/><W72/><G113/><T112/><D112/><U98/><E78/><V63/><F88/><W70/><G70/><T17/><D119/><U4/><E84/><V79/><F79/><W73/><G23/><T76/><D76/><U110/><E110/><V134/><F134/><W30/><G30/><T46/><D28/><U12/><E4/><V90/><F90/><W24/><G92/><T89/><REACH who="0" step="1"/><D59/><REACH who="0" ten="246,267,276,201" step="2"/><U11/><E31/><V80/><F69/><W14/><G50/><T111/><D111/><U124/><E57/><V87/><F58/><W108/><G108/><T60/><D60/><U2/><E124/><V74/><F63/><W13/><G72/><T6/><D6/><U97/><E7/><V121/><F74/><W16/><G73/><T45/><D45/><U36/><E35/><V114/><F114/><W39/><G39/><T51/><D51/><U52/><E34/><V62/><F121/><W3/><G3/><T101/><D101/><U117/><E2/><V29/><F29/><W77/><G0/><T33/><D33/><U25/><E36/><N who="2" m="21607" /><F62/><W68/><G68/><T83/><D83/><U105/><E103/><V37/><F37/><W104/><REACH who="3" step="1"/><G24/><REACH who="3" ten="246,267,276,191" step="2"/><T118/><D118/><U135/><E27/><V81/><F61/><W85/><G85/><AGARI ba="0,2" hai="10,15,17,38,41,46,54,55,85,89,91,94,95,96" machi="85" ten="30,2000,0" yaku="1,1,7,1,53,0" doraHai="100" doraHaiUra="116" who="0" fromWho="3" sc="246,40,267,0,276,0,191,-20" /><INIT seed="7,0,0,5,4,39" ten="286,267,276,171" oya="3" hai0="115,64,25,12,67,95,42,87,29,57,51,7,56" hai1="97,109,90,43,5,11,17,126,134,103,32,135,1" hai2="61,13,91,31,104,82,74,26,53,69,132,58,75" hai3="84,6,76,45,49,131,107,128,78,23,77,28,16"/><W21/><G107/><T79/><D115/><U96/><E109/><V40/><F104/><W22/><G6/><T38/><D38/><U81/><E32/><V14/><F69/><W105/><G105/><T35/><D57/><U0/><E126/><V116/><F116/><W55/><G28/><T94/><D56/><U106/><E1/><V119/><F119/><W19/><REACH who="3" step="1"/><G84/><REACH who="3" ten="286,267,276,161" step="2"/><T102/><D7/><U111/><E111/><V121/><F31/><W62/><G62/><T89/><D29/><U59/><E17/><AGARI ba="0,1" hai="16,17,19,21,22,23,45,49,55,76,77,78,128,131" machi="17" ten="50,4800,0" yaku="1,1,54,1,53,0" doraHai="39" doraHaiUra="100" who="3" fromWho="1" sc="286,0,267,-48,276,0,161,58" /><INIT seed="7,1,0,2,4,108" ten="286,219,276,219" oya="3" hai0="124,48,60,19,39,70,82,111,75,8,24,42,64" hai1="28,38,54,76,4,31,69,121,3,132,16,96,117" hai2="112,21,44,22,77,110,97,86,92,68,103,14,71" hai3="25,119,58,52,94,49,65,35,20,46,12,34,2"/><W36/><G119/><T73/><D111/><U126/><E121/><V0/><F110/><W127/><G2/><T118/><D118/><U74/><E69/><V100/><F0/><W95/><G127/><T45/><D124/><U88/><E126/><V129/><F71/><W114/><G114/><T57/><D82/><U81/><E132/><V105/><F68/><W61/><G12/><N who="0" m="7559" /><D24/><U55/><E38/><V27/><F105/><W120/><G120/><T6/><D6/><U51/><E55/><AGARI ba="1,0" hai="39,42,45,48,55,57,60,64,70,73,75" m="7559" machi="55" ten="30,1000,0" yaku="24,1" doraHai="108" who="0" fromWho="1" sc="286,13,219,-13,276,0,219,0" owari="299,39.9,206,-29.4,276,7.6,219,-18.1" /></mjloggm>