<mjloggm ver="2.3"><GO type="225" lobby="0"/><UN n0="%E6%B4%BE%E9%81%A3%E3%81%AE%E3%82%B8%E3%83%A3%E3%83%83%E3%82%AF" n1="%E3%81%AF%E3%81%BE%E3%81%A1%E3%83%AA%E3%83%BC%E3%82%B0" n2="%E7%9A%AE%E3%80%85" n3="%E3%83%A9%E3%82%A4%E3%83%B3%E3%81%AE%E8%99%8E" dan="17,16,16,16" rate="2189.44,2110.88,2169.66,2163.67" sx="M,M,M,M"/><TAIKYOKU oya="0"/><INIT seed="0,0,0,5,3,2" ten="250,250,250,250" oya="0" hai0="101,41,54,42,40,105,87,82,3,125,57,9,107" hai1="47,6,86,79,113,121,22,70,19,118,134,1,93" hai2="8,35,126,112,16,71,50,81,60,63,96,88,83" hai3="74,77,10,32,99,100,84,90,114,72,59,49,76"/><T7/><D125/><U110/><E118/><V95/><F112/><W104/><G32/><T109/><D109/><U58/><E121/><V29/><F126/><W127/><G127/><T73/><D73/><N who="3" m="28265" /><G59/><T27/><D27/><U130/><E70/><V133/><F133/><W67/><G49/><T108/><D108/><U128/><E134/><V89/><F35/><W119/><G10/><T43/><N who="0" m="10240" /><DORA hai="11" /><T38/><D38/><U85/><E47/><V64/><F29/><W75/><G67/><T115/><D101/><U103/><E58/><V33/><F33/><W36/><G36/><T34/><D34/><U51/><E51/><V44/><F63/><W14/><G14/><T68/><D115/><U61/><E61/><V117/><F117/><W132/><G114/><T116/><D68/><U97/><E79/><N who="3" m="30282" /><G75/><T46/><D46/><U12/><E110/><V23/><F8/><W48/><G48/><T55/><D116/><U135/><E135/><V80/><F50/><W106/><G119/><T56/><D57/><U21/><E113/><V62/><F44/><W123/><G132/><T28/><D28/><U65/><E1/><V92/><F60/><W24/><G24/><T131/><D56/><U78/><E6/><V25/><F81/><N who="3" m="49423" /><G123/><T66/><D66/><U31/><E31/><V53/><F53/><W37/><G37/><T122/><D122/><U26/><E65/><V39/><F39/><W13/><G13/><T120/><D120/><U52/><E12/><V4/><F4/><W0/><G0/><T5/><D3/><U15/><E15/><V102/><F92/><AGARI ba="0,0" hai="92,99,100,104,106" m="49423,30282,28265" machi="92" ten="30,12000,2" yaku="6,1,35,5" doraHai="2,11" who="3" fromWho="2" sc="250,0,250,0,250,-120,250,120" /><INIT seed="1,0,0,3,2,108" ten="250,250,130,370" oya="1" hai0="62,90,22,13,55,41,36,9,130,40,1,11,132" hai1="81,131,21,17,126,46,2,123,39,119,19,78,101" hai2="125,109,33,82,133,116,74,0,83,127,24,28,87" hai3="113,97,54,106,117,105,43,23,110,112,73,37,35"/><U27/><E119/><V65/><F116/><W70/><G117/><T5/><D130/><U135/><E123/><V71/><F109/><W99/><G35/><T88/><D132/><U10/><E131/><V6/><F133/><W92/><G73/><T32/><D32/><U121/><E121/><V3/><F87/><W80/><G80/><T114/><D114/><U102/><E135/><V66/><F66/><W61/><G23/><T124/><D124/><U68/><E126/><N who="2" m="48139" /><F83/><W15/><G15/><T56/><D36/><U47/><E68/><V60/><F6/><W77/><G77/><AGARI ba="0,0" hai="0,3,24,28,33,60,65,71,74,77,82" m="48139" machi="77" ten="30,2000,0" yaku="18,1,23,1" doraHai="108" who="2" fromWho="3" sc="250,0,250,0,130,20,370,-20" /><INIT seed="2,0,0,4,3,87" ten="250,250,150,350" oya="2" hai0="119,110,16,8,12,103,70,104,54,43,29,39,68" hai1="99,59,66,64,51,111,14,71,4,58,100,32,81" hai2="114,55,23,105,73,28,93,60,20,95,84,26,101" hai3="92,132,94,44,135,109,34,128,27,127,42,49,102"/><V35/><F114/><W129/><G109/><T133/><D110/><U41/><E32/><V130/><F73/><W63/><G63/><T85/><D29/><U2/><E2/><V113/><F113/><W15/><G15/><T11/><D133/><N who="3" m="51273" /><G102/><T57/><D119/><U89/><E71/><V22/><F130/><N who="3" m="50283" /><G127/><T24/><D24/><U69/><E69/><V40/><F40/><W36/><G36/><T79/><D8/><N who="1" m="4359" /><E111/><V33/><F33/><W9/><G9/><T108/><D108/><U72/><E66/><V19/><F19/><W83/><G83/><T117/><D117/><U50/><E64/><V134/><F134/><W77/><G77/><T5/><D5/><U56/><E72/><V120/><F120/><W61/><G61/><T118/><D118/><U37/><E37/><V53/><F60/><W21/><G34/><T31/><D39/><U13/><E13/><V74/><F74/><W25/><G25/><T10/><D10/><U80/><E80/><V78/><F105/><W75/><G75/><T82/><D43/><U90/><E81/><N who="2" m="47159" /><F101/><W47/><G47/><T91/><D103/><U116/><E116/><V131/><F131/><W6/><G6/><T38/><D104/><U1/><E1/><V122/><F122/><W126/><G126/><T124/><D124/><U123/><E41/><V30/><F30/><AGARI ba="0,0" hai="21,27,30,42,44,49,92,94" m="50283,51273" machi="30" ten="30,2000,0" yaku="20,1,19,1" doraHai="87" who="3" fromWho="2" sc="250,0,250,0,150,-20,350,20" /><INIT seed="3,0,0,1,0,77" ten="250,250,130,370" oya="3" hai0="123,82,135,29,49,52,33,73,34,92,85,60,40" hai1="104,89,32,53,59,71,84,79,8,129,51,15,105" hai2="76,47,17,90,133,114,38,80,124,44,134,101,24" hai3="58,78,22,5,48,28,16,3,112,93,18,19,67"/><W103/><G112/><T127/><D123/><U120/><E120/><V10/><F114/><W125/><G78/><T87/><D127/><U95/><E32/><V81/><F124/><W0/><G5/><T74/><D40/><U56/><E71/><V57/><F101/><W7/><G7/><T98/><D60/><U96/><E129/><V128/><F128/><W107/><G107/><T26/><D34/><U111/><E111/><V94/><F57/><W126/><G48/><T1/><D87/><U46/><E105/><V68/><F68/><W20/><G20/><T72/><D1/><U66/><E66/><V6/><F76/><W91/><G103/><T39/><D39/><U41/><E53/><V42/><F47/><W35/><G35/><T43/><D43/><U13/><E104/><V118/><F118/><W100/><G100/><T86/><D72/><U37/><E37/><V23/><F134/><W12/><G0/><T55/><D74/><U70/><E70/><V65/><F65/><W45/><G3/><T131/><D135/><U108/><E108/><V132/><F132/><W110/><G67/><T113/><D113/><U2/><E2/><V106/><F106/><W4/><G110/><T97/><D73/><U21/><E21/><V75/><F75/><W88/><G22/><T36/><D33/><U109/><E109/><V122/><F122/><W99/><G126/><T83/><D36/><U102/><E79/><V50/><F133/><W27/><G125/><T117/><D131/><U54/><E41/><V115/><F115/><W119/><G119/><T121/><D117/><RYUUKYOKU ba="0,0" sc="250,0,250,0,130,0,370,0" owari="250,5.0,250,-15.0,130,-37.0,370,47.0" /></mjloggm>