<mjloggm ver="2.3"><GO type="225" lobby="0"/><UN n0="%E6%A1%9C%E8%8A%B1%E9%96%83%E3%80%85" n1="%E3%83%96%E3%83%83%E3%83%91%E3%82%AA%E3%83%96%E3%83%81%E3%82%AD%E3%83%B3" n2="%E3%81%AF%E3%82%88%E3%81%8A%E3%81%98%E3%81%95%E3%82%93" n3="%E6%97%A5%E6%9B%9C%E6%97%A5%E3%82%88%E3%82%8A%E3%81%AE%E4%BD%BF%E8%80%85" dan="16,16,16,17" rate="2196.36,2198.90,2186.66,2182.56" sx="M,M,M,M"/><TAIKYOKU oya="0"/><INIT seed="0,0,0,2,4,41" ten="250,250,250,250" oya="0" hai0="102,32,56,126,5,26,45,133,121,104,120,80,92" hai1="15,90,117,60,3,57,109,0,68,9,82,2,85" hai2="65,101,107,62,111,25,84,114,18,131,19,50,127" hai3="42,35,122,115,78,20,13,94,58,76,14,67,123"/><T112/><D112/><U48/><E117/><V38/><F38/><W99/><G35/><T130/><D104/><U46/><E109/><V30/><F114/><W113/><G42/><T39/><D5/><U27/><E68/><V96/><F111/><W91/><G67/><T63/><D126/><U28/><E60/><V70/><F131/><W34/><G34/><T128/><D80/><U17/><E57/><V72/><F72/><W119/><G58/><T125/><D125/><U73/><E73/><V108/><F127/><W53/><G53/><N who="0" m="34191" /><D133/><U43/><REACH who="1" step="1"/><E0/><REACH who="1" ten="250,240,250,250" step="2"/><V16/><F108/><W7/><G119/><T75/><D75/><U95/><E95/><V105/><F107/><W93/><G93/><T71/><D71/><U8/><E8/><V116/><F116/><W87/><G115/><T22/><D128/><U129/><E129/><V97/><F62/><W124/><G113/><T89/><D130/><U79/><E79/><V49/><F70/><W54/><G78/><T118/><D118/><U81/><E81/><V64/><F105/><W6/><G124/><T4/><D92/><U98/><E98/><V103/><F96/><W55/><G99/><T44/><D121/><N who="3" m="46089" /><G76/><T40/><D120/><U33/><AGARI ba="0,1" hai="2,3,9,15,17,27,28,33,43,46,48,82,85,90" machi="33" ten="20,8000,1" yaku="1,1,0,1,7,1,52,1,53,1" doraHai="41" doraHaiUra="10" who="1" fromWho="1" sc="250,-40,240,90,250,-20,250,-20" /><INIT seed="1,0,0,1,5,102" ten="210,330,230,230" oya="1" hai0="38,117,114,41,96,10,60,42,37,116,88,29,25" hai1="129,77,67,127,58,4,79,52,39,130,53,106,120" hai2="112,43,104,93,135,48,14,24,30,68,131,34,7" hai3="57,54,123,61,125,97,21,47,56,73,85,28,124"/><U118/><E118/><V126/><F68/><W59/><G73/><T110/><D114/><U3/><E120/><V51/><F112/><W44/><G85/><T11/><D110/><U32/><E32/><V70/><F70/><W62/><G97/><T6/><D60/><N who="3" m="23145" /><G28/><T12/><D11/><N who="1" m="2463" /><E67/><V66/><F66/><W87/><G87/><T128/><D128/><N who="1" m="49259" /><E127/><N who="3" m="48714" /><G21/><T63/><D63/><N who="1" m="36295" /><E39/><V69/><F69/><W82/><G123/><T121/><D121/><U13/><E53/><V35/><F126/><W111/><G111/><T1/><D117/><U119/><E119/><V107/><F34/><W109/><G109/><T134/><D116/><U0/><E0/><V72/><F131/><W64/><G64/><T55/><D1/><U99/><E13/><V98/><F14/><W36/><G36/><T15/><D15/><U81/><E81/><V46/><F35/><W100/><G82/><T9/><D38/><U49/><E49/><V91/><F51/><N who="3" m="29031" /><G47/><T2/><D37/><U74/><E74/><V40/><F72/><W101/><AGARI ba="0,0" hai="56,57,59,100,101" m="29031,48714,23145" machi="101" ten="40,1500,0" yaku="18,1" doraHai="102" who="3" fromWho="3" sc="210,-4,330,-7,230,-4,230,15" /><INIT seed="2,0,0,3,3,52" ten="206,323,226,245" oya="2" hai0="72,17,98,29,44,56,71,109,51,85,126,26,127" hai1="34,13,114,129,134,135,113,76,46,86,67,122,69" hai2="18,53,61,5,0,3,105,117,120,19,99,40,78" hai3="11,132,33,97,124,43,96,79,118,87,50,64,121"/><V28/><F117/><W89/><G33/><T83/><D71/><U38/><E34/><V10/><F120/><W73/><G121/><T30/><D72/><U54/><E122/><V7/><F28/><W37/><G37/><T110/><D98/><U24/><E24/><V58/><F40/><W21/><G118/><T42/><D17/><U133/><E129/><V39/><F39/><W66/><G73/><T4/><D4/><U107/><E107/><V102/><F78/><W36/><G36/><T95/><D95/><U48/><E38/><V100/><F102/><W93/><G124/><N who="0" m="47659" /><D26/><U91/><E76/><V60/><F61/><W27/><G11/><AGARI ba="0,0" hai="0,3,5,7,10,11,18,19,53,58,60,99,100,105" machi="11" ten="40,3900,0" yaku="9,1,52,1" doraHai="52" who="2" fromWho="3" sc="206,0,323,0,226,39,245,-39" /><INIT seed="2,1,0,0,1,81" ten="206,323,265,206" oya="2" hai0="40,116,110,12,124,94,105,31,62,33,128,50,69" hai1="6,101,27,44,0,134,78,131,21,22,19,113,133" hai2="4,103,91,45,5,34,98,2,83,117,36,67,30" hai3="89,118,75,35,49,130,115,100,99,61,41,3,48"/><V28/><F117/><W97/><G3/><T85/><D105/><U53/><E113/><V16/><F67/><W73/><G35/><T92/><D116/><U38/><E101/><V55/><F2/><W9/><G118/><T88/><D110/><U70/><E70/><V63/><F34/><W72/><G115/><T102/><D128/><U42/><E131/><V52/><F36/><W1/><G130/><T120/><D120/><U51/><E78/><V15/><F103/><W37/><G37/><T32/><D124/><U132/><E22/><V119/><F119/><W64/><G89/><T68/><D12/><U24/><E24/><V135/><F135/><W129/><G129/><T82/><D94/><U122/><E122/><V20/><F55/><W54/><G41/><T96/><D31/><N who="2" m="11818" /><F98/><W112/><G112/><T25/><D25/><U60/><E0/><V13/><F15/><W80/><G99/><T127/><D127/><U87/><E38/><V17/><F17/><W57/><G64/><T76/><D102/><U39/><E39/><V29/><N who="2" m="11826" /><V107/><DORA hai="86" /><F107/><W77/><G1/><T26/><D26/><U46/><E19/><V125/><F125/><W56/><G9/><T121/><D121/><U109/><E133/><V71/><F71/><W106/><REACH who="3" step="1"/><G57/><REACH who="3" ten="206,323,265,196" step="2"/><T90/><D69/><U93/><E134/><V18/><F91/><W43/><G43/><T7/><D90/><U59/><E42/><V95/><F20/><W108/><G108/><T10/><D68/><U47/><E21/><V123/><F123/><W58/><G58/><T65/><D88/><RYUUKYOKU ba="1,1" sc="206,-10,323,-10,265,-10,196,30" hai3="48,49,54,56,61,72,73,75,77,80,97,100,106" /><INIT seed="3,2,1,2,1,10" ten="196,313,255,226" oya="3" hai0="19,64,37,91,85,113,132,89,93,22,61,44,102" hai1="43,78,52,53,51,127,88,38,92,63,110,33,119" hai2="11,72,60,134,82,96,0,2,109,117,103,18,128" hai3="97,131,73,75,26,71,76,62,35,86,20,25,57"/><W15/><G71/><T16/><D132/><U69/><E33/><V65/><F117/><W4/><G35/><T77/><D113/><U6/><E119/><V23/><F134/><W108/><G75/><T47/><D77/><U67/><E110/><V48/><F109/><W118/><G73/><T114/><D114/><U54/><E127/><V101/><F101/><W116/><G108/><T31/><D102/><U34/><E34/><V36/><F36/><W59/><G118/><T49/><D37/><U29/><E29/><V123/><F11/><N who="3" m="4583" /><G116/><T129/><D129/><U41/><E78/><V90/><F123/><W8/><G131/><T24/><D91/><U122/><E122/><V27/><F128/><W106/><G106/><T1/><D1/><U81/><E81/><V58/><F48/><W14/><G97/><T3/><D3/><U21/><E21/><V30/><F30/><N who="3" m="17703" /><G26/><T13/><D49/><U133/><E6/><V45/><F72/><W124/><G62/><T115/><D115/><U70/><E133/><V100/><F0/><W40/><G40/><N who="1" m="15434" /><E70/><V46/><F2/><W5/><G124/><T39/><D39/><U94/><E38/><V7/><F7/><W12/><G12/><T107/><D107/><U55/><E51/><V68/><F68/><W126/><G126/><T74/><D74/><U98/><N who="1" m="13312" /><DORA hai="28" /><U79/><E79/><V84/><F100/><W130/><G130/><T83/><D83/><AGARI ba="2,1" hai="5,8,14,57,59,76,83,86" m="17703,4583" machi="83" ten="30,5800,0" yaku="8,1,52,2" doraHai="10,28" who="3" fromWho="0" sc="196,-64,313,0,255,0,226,74" /><INIT seed="3,3,0,0,5,42" ten="132,313,255,300" oya="3" hai0="69,49,93,109,135,96,18,126,115,128,106,90,46" hai1="83,114,130,20,74,73,21,59,35,81,8,22,7" hai2="119,30,111,10,62,86,129,12,65,53,76,57,110" hai3="113,88,0,63,51,95,82,58,89,72,102,28,31"/><W25/><G0/><T118/><D118/><U120/><E120/><V43/><F119/><W132/><G113/><T50/><D115/><U107/><E114/><V52/><F129/><W91/><G132/><T36/><D135/><U121/><E121/><V9/><F30/><W40/><G72/><T97/><D128/><U54/><E35/><V98/><F9/><W131/><G131/><T38/><D109/><N who="2" m="41482" /><F98/><N who="3" m="59743" /><G82/><N who="1" m="31242" /><E107/><V60/><F86/><W85/><G85/><T124/><D69/><U116/><E74/><V78/><F43/><W123/><G123/><T6/><D6/><U103/><E73/><V16/><F53/><N who="3" m="34255" /><G25/><T133/><D133/><U44/><E116/><V27/><F27/><W55/><G40/><T4/><D4/><U56/><E130/><V34/><F34/><W23/><G23/><T1/><D1/><U19/><E7/><V41/><F41/><W92/><G92/><T108/><D108/><U47/><E103/><V66/><F66/><W5/><G5/><T67/><D67/><U68/><E68/><AGARI ba="3,0" hai="10,12,16,52,57,60,62,65,68,76,78" m="41482" machi="68" ten="30,3900,0" yaku="14,1,54,2" doraHai="42" who="2" fromWho="1" sc="132,0,313,-48,255,48,300,0" owari="132,-36.8,265,-13.5,303,40.3,300,10.0" /></mjloggm>