<mjloggm ver="2.3"><GO type="225" lobby="0"/><UN n0="%E3%83%9D%E3%83%B3%E3%83%9D%E3%82%B3%E5%95%86%E4%BA%8B" n1="%E4%BF%BA%E3%81%A8%E5%A6%96%E5%A4%A2" n2="%E6%9C%88%E5%B3%B6%E5%9F%BA" n3="%E7%99%BD%E5%80%89%E5%AF%9B%E4%B9%8B" dan="16,16,16,16" rate="2204.36,2115.20,2099.97,2128.30" sx="M,F,M,M"/><TAIKYOKU oya="0"/><INIT seed="0,0,0,3,0,132" ten="250,250,250,250" oya="0" hai0="94,18,59,84,115,35,10,72,9,0,27,96,76" hai1="66,6,116,135,57,110,70,97,62,19,125,121,1" hai2="17,65,48,31,102,25,45,85,3,36,23,4,98" hai3="81,55,130,123,41,68,93,20,60,69,124,107,112"/><T38/><D115/><U133/><E116/><V83/><F36/><W78/><G107/><T108/><D72/><U33/><E121/><V44/><F65/><W126/><G112/><T92/><D38/><U30/><E110/><V5/><F31/><W95/><G123/><T71/><D71/><N who="3" m="27209" /><G41/><T106/><D106/><U56/><E19/><V7/><F3/><W74/><G130/><T77/><D108/><U8/><E97/><V134/><F134/><N who="1" m="51209" /><E125/><N who="3" m="48234" /><G20/><T79/><D35/><U63/><E63/><V58/><F58/><AGARI ba="0,0" hai="55,58,60,74,78,81,93,95" m="48234,27209" machi="58" ten="30,7700,0" yaku="18,1,52,3" doraHai="132" who="3" fromWho="2" sc="250,0,250,0,250,-77,250,77" /><INIT seed="1,0,0,4,3,31" ten="250,250,173,327" oya="1" hai0="70,11,6,109,41,35,66,73,77,83,95,12,24" hai1="47,75,64,16,94,126,116,123,110,52,56,132,86" hai2="23,127,49,18,128,40,58,117,7,89,34,96,112" hai3="61,111,0,46,78,1,104,36,44,107,87,43,17"/><U90/><E123/><V25/><F117/><W51/><G111/><T67/><D109/><U65/><E110/><V60/><F128/><W120/><G120/><T91/><D70/><U115/><E116/><V59/><F127/><W62/><G17/><T50/><D24/><U133/><E115/><V28/><F112/><W13/><G13/><T88/><D91/><U19/><E75/><V42/><F7/><W79/><G87/><T125/><D35/><U2/><E2/><V20/><F34/><W4/><G51/><T39/><D125/><U131/><E126/><V48/><F48/><W15/><G15/><T63/><D50/><N who="1" m="28767" /><E131/><V21/><F21/><W100/><G100/><T22/><D22/><U33/><E33/><V26/><F49/><W27/><G27/><T135/><D63/><N who="1" m="37991" /><E65/><V92/><REACH who="2" step="1"/><F59/><REACH who="2" ten="250,250,163,327" step="2"/><W97/><G4/><T93/><D6/><U3/><E3/><V129/><F129/><W102/><G0/><T9/><D39/><U57/><E57/><V81/><F81/><W134/><G1/><T69/><D83/><U55/><E55/><AGARI ba="0,1" hai="18,20,23,25,26,28,40,42,55,58,60,89,92,96" machi="55" ten="30,12000,2" yaku="1,1,7,1,25,2,8,1,53,1" doraHai="31" doraHaiUra="54" who="2" fromWho="1" sc="250,0,250,-120,163,130,327,0" /><INIT seed="2,0,0,0,1,12" ten="250,130,293,327" oya="2" hai0="39,99,43,63,45,75,125,31,103,89,34,46,111" hai1="71,123,1,35,36,66,109,33,32,76,17,112,23" hai2="52,122,91,40,19,42,69,124,15,74,86,68,133" hai3="22,117,11,8,58,95,21,44,85,13,77,108,126"/><V113/><F113/><W0/><G117/><T18/><D111/><U60/><E112/><V80/><F122/><W48/><G108/><T115/><D115/><U114/><E109/><V10/><F124/><W101/><G126/><T84/><D75/><U30/><E114/><V73/><F133/><W55/><G0/><T72/><D72/><U121/><E1/><V49/><F74/><W104/><G104/><T38/><D63/><U106/><E106/><V98/><F73/><W56/><G11/><T78/><D78/><U62/><E76/><V50/><F98/><N who="3" m="59615" /><G85/><T64/><D64/><U37/><E30/><V16/><F19/><N who="3" m="8615" /><G77/><T105/><D34/><U25/><REACH who="1" step="1"/><E60/><REACH who="1" ten="250,120,293,327" step="2"/><V134/><F134/><W4/><G4/><T65/><D31/><U118/><E118/><V130/><F130/><W131/><G131/><T97/><D125/><U129/><E129/><V41/><REACH who="2" step="1"/><F50/><REACH who="2" ten="250,120,283,327" step="2"/><N who="3" m="30839" /><G58/><AGARI ba="0,2" hai="10,15,16,40,41,42,49,52,58,68,69,80,86,91" machi="58" ten="40,12000,1" yaku="1,1,52,1,54,2,53,1" doraHai="12" doraHaiUra="14" who="2" fromWho="3" sc="250,0,120,0,283,140,327,-120" /><INIT seed="2,1,0,5,1,71" ten="250,120,423,207" oya="2" hai0="12,130,75,13,11,81,64,63,6,96,23,102,5" hai1="135,74,27,87,65,35,17,51,9,111,1,92,85" hai2="119,120,109,103,73,31,68,134,34,69,25,29,16" hai3="83,30,112,84,118,2,121,114,55,40,3,15,99"/><V127/><F73/><W98/><G121/><T79/><D130/><U86/><E74/><V132/><F120/><W54/><G118/><T131/><D131/><U21/><E111/><V93/><F119/><W56/><G40/><T67/><D23/><U126/><E126/><V48/><F127/><W37/><G30/><T70/><D67/><U20/><E135/><N who="2" m="51755" /><F109/><W76/><G37/><T59/><D70/><U108/><E108/><V91/><F103/><W14/><G14/><T113/><D113/><N who="3" m="43625" /><G15/><T129/><D129/><U80/><E65/><V104/><F104/><W66/><G66/><T22/><D22/><U42/><E35/><V36/><F36/><W28/><G28/><T89/><D89/><U124/><E92/><V32/><F48/><N who="3" m="30791" /><G55/><T38/><D38/><U47/><E21/><N who="2" m="13479" /><F31/><W53/><G53/><T41/><D41/><U50/><E50/><V125/><F125/><W101/><G99/><T18/><D13/><U90/><REACH who="1" step="1"/><E124/><REACH who="1" ten="250,110,423,207" step="2"/><V33/><F29/><W72/><G72/><T116/><D116/><U61/><E61/><V62/><F62/><W133/><G133/><T107/><AGARI ba="1,1" hai="5,6,11,12,18,59,63,64,75,79,81,96,102,107" machi="107" ten="20,1500,0" yaku="0,1,7,1" doraHai="71" who="0" fromWho="0" sc="250,28,110,-5,423,-8,207,-5" /><INIT seed="3,0,0,2,5,61" ten="278,105,415,202" oya="3" hai0="87,105,97,3,123,92,63,60,115,34,7,5,8" hai1="126,30,129,37,39,127,104,49,69,43,112,62,50" hai2="42,133,68,94,124,98,55,24,107,75,36,26,118" hai3="84,4,99,131,134,93,67,40,0,81,125,27,132"/><W120/><G120/><T54/><D123/><U35/><E35/><V128/><F118/><W80/><G40/><T117/><D117/><U45/><E30/><V17/><F68/><W6/><G27/><T82/><D105/><U89/><E104/><V70/><F70/><W100/><G125/><N who="1" m="47626" /><E89/><V106/><F75/><W28/><G28/><T53/><D7/><N who="3" m="2601" /><G0/><T25/><D115/><U108/><E112/><V77/><F107/><W14/><G14/><T9/><D9/><U59/><E69/><V79/><F106/><W23/><G23/><T96/><D25/><U111/><E129/><V65/><F128/><W46/><G131/><T48/><D34/><U110/><E37/><V21/><F36/><W76/><G81/><T101/><D97/><U116/><E116/><V15/><F26/><W31/><G31/><T12/><D3/><U56/><E56/><V38/><F15/><W91/><G91/><T103/><D103/><U130/><E130/><V88/><F38/><W73/><G80/><T52/><D48/><U135/><E135/><V119/><F133/><W66/><G134/><T44/><D44/><U95/><E95/><V16/><F24/><W51/><G93/><T58/><D58/><U72/><E72/><V20/><F94/><W64/><G73/><T22/><D22/><U47/><E45/><V13/><F21/><W85/><G46/><T57/><D57/><U32/><E32/><V109/><F20/><W10/><G132/><T11/><D11/><U19/><E19/><V71/><F124/><W113/><G113/><T90/><AGARI ba="0,0" hai="5,8,12,52,53,54,60,63,82,87,90,92,96,101" machi="90" ten="30,4000,0" yaku="0,1,8,1,54,1" doraHai="61" who="0" fromWho="0" sc="278,40,105,-10,415,-10,202,-20" owari="318,11.8,95,-40.5,405,50.5,182,-21.8" /></mjloggm>