<mjloggm ver="2.3"><GO type="225" lobby="0"/><UN n0="%E5%91%A8%E6%9D%B1" n1="%E6%B8%A9%E2%98%85%E6%83%85%E2%98%85%E6%8E%AA%E2%98%85%E7%BD%AE" n2="%E6%A1%9C%E8%8A%B1%E9%96%83%E3%80%85" n3="%E5%A4%8F%E9%88%B4%E9%88%B4%E5%A4%8F" dan="17,17,16,16" rate="2217.30,2229.84,2101.15,2136.84" sx="M,M,M,F"/><TAIKYOKU oya="0"/><INIT seed="0,0,0,0,0,85" ten="250,250,250,250" oya="0" hai0="6,3,57,95,28,55,73,20,82,56,109,74,124" hai1="70,68,128,43,99,5,51,14,127,39,115,125,4" hai2="65,30,40,54,84,22,9,79,29,126,89,7,77" hai3="16,72,78,38,129,60,83,2,52,98,34,50,66"/><T69/><D69/><N who="1" m="26731" /><E99/><V80/><F126/><N who="1" m="48137" /><E14/><N who="2" m="5439" /><F65/><W96/><G129/><T18/><D124/><U97/><E128/><V111/><F111/><W36/><G34/><T75/><D109/><U105/><E39/><V35/><F35/><W132/><G132/><T101/><D28/><N who="2" m="10858" /><F40/><W21/><G2/><T11/><D82/><U27/><E27/><V47/><F22/><W63/><G38/><T0/><D0/><U10/><E10/><V44/><F54/><W112/><G36/><T116/><D116/><U59/><E115/><V64/><F64/><W93/><G66/><T134/><D134/><U23/><E23/><V102/><F102/><W131/><G98/><T133/><D133/><U58/><E43/><V87/><F79/><W24/><G131/><T8/><D8/><U130/><E130/><V19/><F19/><W76/><G76/><T62/><D101/><N who="1" m="62639" /><E51/><V107/><F107/><W1/><G112/><T123/><D123/><U53/><E53/><V135/><F135/><W13/><G1/><T86/><D55/><U67/><E67/><V92/><AGARI ba="0,0" hai="44,47,77,80,84,87,89,92" m="10858,5439" machi="92" ten="30,2000,0" yaku="8,1,52,1" doraHai="85" who="2" fromWho="2" sc="250,-10,250,-5,250,20,250,-5" /><INIT seed="1,0,0,4,3,17" ten="240,245,270,245" oya="1" hai0="52,78,64,123,5,80,56,13,42,114,112,85,12" hai1="72,131,103,68,47,16,76,117,83,111,110,9,134" hai2="51,120,18,107,8,36,104,37,53,127,30,65,44" hai3="82,4,96,54,61,90,86,0,122,128,67,77,63"/><U1/><E117/><V106/><F120/><W118/><G122/><T3/><D123/><U29/><E68/><V133/><F133/><W38/><G118/><T124/><D124/><U35/><E134/><V89/><F127/><W2/><G128/><T94/><D42/><U23/><E131/><V22/><F65/><W132/><G132/><T116/><D116/><U20/><E103/><V88/><F8/><W101/><G38/><T31/><D3/><U33/><E47/><V28/><F37/><W108/><G108/><N who="1" m="41514" /><E29/><V121/><F36/><W25/><G54/><T46/><D5/><N who="1" m="1199" /><E23/><V92/><F121/><W55/><G2/><T73/><D31/><U135/><E135/><V79/><F79/><W27/><G0/><T93/><D112/><U57/><E57/><V95/><F89/><W45/><G77/><T10/><D114/><U126/><E126/><V99/><REACH who="2" step="1"/><F95/><REACH who="2" ten="240,245,260,245" step="2"/><N who="3" m="58527" /><G90/><T7/><D94/><U66/><E66/><V34/><F34/><W75/><G67/><T98/><D64/><U69/><E69/><V43/><F43/><W130/><G130/><T74/><D93/><U50/><E50/><V48/><F48/><N who="3" m="29071" /><G4/><T40/><D7/><U102/><E102/><V6/><F6/><W109/><G109/><T14/><D10/><U97/><E97/><V125/><F125/><W129/><G129/><T24/><D98/><U115/><E115/><V59/><F59/><W49/><G49/><N who="0" m="30735" /><D40/><U11/><E11/><V91/><F91/><N who="3" m="51671" /><G63/><T21/><D46/><U84/><E72/><V19/><F19/><W26/><G61/><T105/><D105/><U119/><E119/><RYUUKYOKU ba="0,1" sc="240,0,245,0,260,0,245,0" hai0="12,13,14,21,24,73,74,78,80,85" hai1="16,20,33,35,76,83,84" hai2="18,22,28,30,44,51,53,88,92,99,104,106,107" hai3="25,26,27,75" /><INIT seed="1,1,1,5,4,25" ten="240,245,260,245" oya="1" hai0="28,112,105,101,62,114,46,124,48,125,29,32,71" hai1="2,75,54,58,59,43,110,10,88,102,0,37,80" hai2="42,84,72,74,118,117,78,98,40,100,21,113,15" hai3="7,85,119,77,123,120,27,36,30,108,65,128,14"/><U135/><E135/><V109/><F109/><W9/><G108/><T127/><D105/><U55/><E102/><V4/><F84/><W39/><G128/><T76/><D101/><U104/><E104/><V17/><F113/><N who="0" m="43626" /><D32/><U130/><E110/><V93/><F4/><W44/><G119/><T126/><N who="0" m="31744" /><DORA hai="35" /><T63/><D76/><U134/><E130/><V91/><F100/><W83/><G65/><N who="0" m="41399" /><D63/><U81/><E75/><V66/><F66/><W68/><G68/><T34/><D34/><U115/><E88/><V51/><F74/><W116/><G116/><T107/><D107/><U53/><E115/><V106/><F106/><W67/><G67/><T3/><D3/><U1/><E134/><V97/><F72/><W132/><G132/><T99/><D99/><U19/><E81/><V64/><F78/><W49/><G123/><T60/><D60/><U52/><E80/><V38/><F64/><W121/><G120/><T70/><D70/><U5/><E2/><V23/><F98/><W73/><G73/><T89/><D89/><U90/><E90/><V12/><F117/><W122/><G121/><T95/><D95/><U45/><E1/><V41/><F118/><W24/><G122/><T11/><D11/><U82/><E82/><V133/><F133/><W69/><G69/><T18/><D18/><U79/><E79/><V6/><F21/><W129/><G129/><T86/><D86/><U8/><N who="1" m="13312" /><DORA hai="50" /><U57/><E10/><V111/><F111/><W20/><G24/><T131/><D131/><U16/><AGARI ba="1,1" hai="0,5,8,16,19,37,43,45,57,58,59" m="13312" machi="16" ten="50,24000,3" yaku="0,1,52,5,54,2" doraHai="25,35,50" who="1" fromWho="1" sc="240,-81,245,253,260,-81,245,-81" /><INIT seed="1,2,0,1,5,33" ten="159,498,179,164" oya="1" hai0="63,70,92,100,51,106,10,42,118,77,129,91,85" hai1="121,19,124,67,62,14,101,75,41,57,135,24,113" hai2="84,44,22,36,74,132,64,59,54,28,90,46,55" hai3="50,32,65,66,9,7,72,68,2,128,73,89,109"/><U18/><E113/><V16/><F74/><W126/><G109/><T114/><D114/><U130/><E121/><V112/><F112/><W134/><G126/><T96/><D118/><U38/><E75/><V69/><F132/><W13/><G134/><T61/><D129/><U82/><E135/><V127/><F69/><W79/><G128/><T8/><D77/><U80/><E124/><V111/><F28/><W47/><G32/><T122/><D122/><U53/><E101/><V43/><F111/><W117/><G117/><T5/><D70/><U15/><E41/><V110/><F110/><W34/><G34/><T116/><D116/><U37/><E37/><V83/><F46/><W58/><G58/><T49/><D10/><N who="1" m="6519" /><E38/><V94/><F127/><W39/><G68/><T12/><REACH who="0" step="1"/><D51/><REACH who="0" ten="149,498,179,164" step="2"/><U98/><E130/><V4/><F4/><N who="3" m="3239" /><G79/><T0/><D0/><U20/><E82/><V3/><F3/><W52/><G73/><T81/><D81/><U131/><E80/><V6/><F6/><W21/><G72/><T30/><D30/><U99/><E131/><V76/><F83/><W48/><G7/><T125/><D125/><U105/><E105/><V86/><F76/><W23/><G2/><T120/><D120/><U107/><E107/><V27/><REACH who="2" step="1"/><F86/><REACH who="2" ten="149,498,169,164" step="2"/><W103/><G39/><T97/><D97/><U17/><E99/><V87/><F87/><W95/><G50/><T123/><D123/><U45/><E98/><V26/><F26/><W93/><G48/><T88/><D88/><U108/><E24/><V115/><F115/><W40/><G89/><T119/><D119/><RYUUKYOKU ba="2,2" sc="149,15,498,-15,169,15,164,-15" hai0="5,8,12,42,49,61,63,85,91,92,96,100,106" hai2="16,22,27,36,43,44,54,55,59,64,84,90,94" /><INIT seed="2,3,2,4,5,82" ten="164,483,184,149" oya="2" hai0="71,124,127,103,125,52,129,55,90,27,81,12,16" hai1="112,110,39,11,4,10,106,33,5,133,63,19,120" hai2="1,18,87,7,53,69,44,9,20,64,65,60,38" hai3="6,97,118,46,95,35,54,36,109,51,88,14,98"/><V29/><F29/><W99/><G109/><T59/><D71/><U91/><E112/><V119/><F119/><W100/><G118/><T8/><D129/><U34/><E106/><V24/><F65/><W68/><G35/><T86/><D103/><U13/><E39/><V23/><F23/><W94/><G68/><T80/><D27/><U78/><E78/><V26/><F26/><W85/><G36/><T15/><D81/><U21/><E110/><V66/><F66/><W101/><G101/><T108/><D108/><U104/><E104/><V114/><F114/><W79/><G79/><T3/><D3/><U41/><E41/><V126/><F126/><W115/><G115/><T43/><D43/><U0/><E91/><V107/><F107/><W48/><G48/><T102/><D102/><U67/><E120/><V75/><F75/><W92/><G100/><T37/><D37/><U117/><E117/><V135/><F135/><W62/><G62/><T77/><D77/><U57/><E133/><V58/><F87/><W96/><N who="3" m="24576" /><DORA hai="134" /><W128/><G128/><T61/><D15/><AGARI ba="3,2" hai="0,4,5,10,11,13,15,19,21,33,34,57,63,67" machi="15" ten="30,1000,0" yaku="7,1" doraHai="82,134" who="1" fromWho="0" sc="164,-19,483,39,184,0,149,0" /><INIT seed="3,0,0,4,2,50" ten="145,522,184,149" oya="3" hai0="60,127,95,83,80,88,72,62,64,70,54,89,49" hai1="130,120,3,102,57,94,18,128,1,33,59,73,61" hai2="31,58,69,29,92,26,8,24,5,113,133,74,23" hai3="100,14,76,131,79,13,111,124,35,104,28,97,15"/><W12/><G124/><T134/><D127/><U110/><E120/><V10/><F69/><W9/><G131/><N who="1" m="50218" /><E73/><V46/><F113/><W38/><G38/><T91/><D134/><U121/><E110/><V129/><F129/><W65/><G111/><T53/><D72/><U40/><E33/><V114/><F114/><W67/><G28/><T63/><D95/><U86/><E40/><V87/><F74/><W75/><G35/><T37/><D37/><U2/><E121/><V99/><F46/><W44/><G44/><T19/><D19/><U36/><E36/><V115/><F87/><W51/><G51/><T22/><D22/><U21/><E61/><V82/><F82/><N who="0" m="31274" /><D70/><U77/><E77/><V66/><F5/><W34/><G34/><T0/><D0/><U81/><E94/><V43/><F43/><W122/><G122/><T106/><D106/><U47/><E102/><N who="2" m="60775" /><F133/><W16/><REACH who="3" step="1"/><G75/><REACH who="3" ten="145,522,184,139" step="2"/><T32/><D32/><U109/><E47/><V119/><F115/><W132/><G132/><T68/><D68/><U45/><E45/><V90/><F31/><W103/><G103/><T52/><D64/><AGARI ba="0,1" hai="9,12,13,14,15,16,64,65,67,76,79,97,100,104" machi="64" ten="40,3900,0" yaku="1,1,54,1,53,0" doraHai="50" doraHaiUra="20" who="3" fromWho="0" sc="145,-39,522,0,184,0,139,49" /><INIT seed="3,1,0,2,4,4" ten="106,522,184,188" oya="3" hai0="2,100,95,113,56,69,64,58,9,44,79,50,86" hai1="115,0,135,47,112,33,37,123,109,60,32,3,29" hai2="70,91,34,82,66,5,93,48,31,131,27,25,30" hai3="61,21,8,1,62,108,11,94,39,110,73,28,118"/><W43/><G118/><T121/><D121/><U101/><E101/><V133/><F133/><W96/><G73/><T78/><D113/><U75/><E60/><N who="3" m="23146" /><G43/><T111/><D111/><N who="3" m="42537" /><G39/><T18/><D69/><U51/><E37/><V104/><F104/><W85/><G1/><T87/><D64/><U74/><E74/><V7/><F131/><W99/><G85/><T128/><D128/><U20/><E109/><V124/><F124/><W102/><G99/><N who="0" m="59519" /><D2/><U68/><E75/><V129/><F129/><W92/><G92/><T88/><D87/><U72/><E72/><V120/><F120/><W49/><G49/><T16/><D79/><U26/><E123/><V42/><F70/><W36/><G36/><T103/><D78/><U132/><E68/><V23/><F66/><W52/><G52/><N who="0" m="29767" /><D103/><U126/><E3/><V54/><F42/><W97/><G97/><T46/><D46/><U106/><E0/><V84/><F93/><W19/><G28/><T40/><D40/><N who="1" m="25063" /><E106/><V15/><F54/><W122/><G122/><T117/><D117/><U53/><E53/><V24/><F48/><W59/><G59/><N who="0" m="22571" /><D9/><U13/><E29/><V127/><F31/><W105/><G105/><T107/><D107/><U98/><E98/><V57/><F57/><W116/><G116/><T130/><D130/><U22/><E115/><V83/><F30/><W81/><G81/><AGARI ba="1,0" hai="16,18,81,86,88" m="22571,29767,59519" machi="81" ten="30,7700,0" yaku="8,1,54,3" doraHai="4" who="0" fromWho="3" sc="106,80,522,0,184,0,188,-80" owari="186,-1.4,522,62.2,184,-21.6,108,-39.2" /></mjloggm>