<mjloggm ver="2.3"><GO type="225" lobby="0"/><UN n0="%E6%81%A5%E6%99%92%E3%81%97" n1="%E5%91%A8%E6%9D%B1" n2="%E4%B8%89%E5%88%86%E5%B0%8F%E5%83%A7" n3="%41%6F%54" dan="17,17,16,16" rate="2184.04,2240.49,2096.39,2089.60" sx="M,M,M,M"/><TAIKYOKU oya="0"/><INIT seed="0,0,0,4,4,123" ten="250,250,250,250" oya="0" hai0="52,58,17,131,46,88,114,5,90,78,96,29,75" hai1="83,23,107,87,106,112,41,132,109,18,103,43,71" hai2="117,85,37,27,128,3,32,82,4,11,101,0,122" hai3="22,92,9,67,42,63,98,40,129,91,100,14,119"/><T54/><D114/><U121/><E121/><V21/><F122/><W118/><G129/><T49/><D131/><U81/><E71/><V56/><F37/><W60/><G118/><T135/><D135/><U74/><E132/><V77/><F32/><W84/><G119/><T6/><D29/><U76/><E112/><V13/><F128/><W110/><G22/><T8/><D75/><U116/><E116/><V50/><F101/><W31/><G31/><T25/><D78/><U30/><E30/><V130/><F130/><W99/><G99/><T33/><D33/><U26/><E109/><V115/><F115/><W70/><G63/><N who="0" m="36311" /><D90/><U53/><E53/><N who="2" m="31799" /><F0/><W24/><G24/><T111/><D111/><U34/><E34/><V93/><F3/><W64/><G64/><T2/><D2/><U44/><E103/><V120/><F120/><W55/><G55/><T12/><D25/><U69/><E69/><V89/><F117/><W133/><G110/><T28/><D28/><U61/><E61/><V16/><F77/><W45/><G45/><T39/><D39/><U86/><E74/><V20/><F20/><W59/><G70/><T36/><D36/><N who="1" m="21543" /><E43/><V19/><F82/><W126/><G133/><T108/><D108/><U134/><E134/><V95/><F95/><AGARI ba="0,0" hai="5,6,8,12,17,46,49,52,88,95,96" m="36311" machi="95" ten="30,5800,0" yaku="8,1,54,2" doraHai="123" who="0" fromWho="2" sc="250,58,250,0,250,-58,250,0" /><INIT seed="0,1,0,5,3,48" ten="308,250,192,250" oya="0" hai0="33,29,39,131,74,49,42,80,16,73,52,50,28" hai1="18,63,112,82,56,24,122,57,96,44,76,98,23" hai2="119,61,129,13,54,75,9,130,59,109,71,106,41" hai3="5,58,133,120,102,45,126,89,87,38,7,31,92"/><T111/><D39/><U43/><E122/><V32/><F32/><W116/><G116/><T2/><D2/><U110/><E110/><V113/><F113/><W81/><G120/><T37/><D37/><U125/><E125/><V51/><F75/><W77/><G126/><T114/><D114/><U30/><E112/><V60/><F106/><W104/><G133/><T4/><D4/><U0/><E0/><V118/><F13/><W47/><G31/><N who="0" m="11851" /><D33/><U107/><E107/><V91/><F91/><W132/><G132/><T94/><D74/><U95/><E30/><V135/><F9/><W85/><G104/><T117/><D73/><U34/><E34/><V66/><F135/><W65/><G102/><T22/><D117/><N who="2" m="44554" /><F109/><W100/><G100/><T103/><D131/><N who="2" m="50186" /><F41/><W21/><G21/><T46/><D111/><U99/><E43/><V70/><F60/><N who="3" m="38039" /><G38/><T26/><D80/><U79/><E82/><V25/><F25/><W124/><G124/><T128/><D128/><U101/><E24/><V83/><F83/><W12/><G5/><T69/><D69/><AGARI ba="1,0" hai="51,54,59,61,66,69,70,71" m="50186,44554" machi="69" ten="30,8000,1" yaku="12,1,19,1,34,2,52,1" doraHai="48" who="2" fromWho="0" sc="308,-83,250,0,192,83,250,0" /><INIT seed="1,0,0,3,4,9" ten="225,250,275,250" oya="1" hai0="80,109,17,42,90,99,67,114,36,117,124,73,58" hai1="87,24,22,0,121,96,118,18,60,74,115,5,131" hai2="134,119,43,34,93,52,89,1,122,53,29,48,69" hai3="70,57,23,49,81,133,10,35,46,19,103,6,85"/><U72/><E121/><V135/><F1/><W76/><G133/><N who="2" m="50697" /><F69/><W45/><G70/><T33/><D114/><U27/><E115/><V77/><F77/><W59/><G35/><T111/><D117/><U88/><E118/><V98/><F122/><W71/><G71/><T12/><D33/><U86/><E131/><V50/><F119/><W40/><G103/><T56/><D124/><U15/><E0/><V108/><F108/><N who="0" m="41546" /><D73/><U21/><E60/><V82/><F82/><W62/><G62/><T75/><D67/><U95/><E74/><V104/><F104/><W100/><G100/><T130/><D130/><U8/><E72/><V106/><F106/><W13/><REACH who="3" step="1"/><G45/><REACH who="3" ten="225,250,275,240" step="2"/><N who="0" m="23751" /><D75/><U127/><REACH who="1" step="1"/><E127/><REACH who="1" ten="225,240,275,240" step="2"/><V113/><F113/><W116/><G116/><T79/><D79/><U65/><E65/><V7/><F34/><W4/><G4/><T14/><D17/><AGARI ba="0,2" hai="5,8,15,17,18,21,22,24,27,86,87,88,95,96" machi="17" ten="30,18000,2" yaku="1,1,7,1,9,1,8,1,52,1,54,1,53,1" doraHai="9" doraHaiUra="84" who="1" fromWho="0" sc="225,-180,240,200,275,0,240,0" /><INIT seed="1,1,0,3,5,89" ten="45,440,275,240" oya="1" hai0="14,58,85,128,64,98,90,112,134,66,3,63,1" hai1="79,27,91,20,50,116,28,11,36,13,7,42,41" hai2="101,46,33,75,77,111,120,31,107,15,96,9,87" hai3="47,103,62,81,102,125,109,60,95,126,86,10,16"/><U49/><E116/><V18/><F120/><W44/><G109/><T12/><D112/><U21/><E79/><V113/><F111/><W110/><G110/><T6/><D128/><U115/><E115/><V84/><F113/><W2/><G2/><T48/><D134/><U35/><E35/><V78/><F33/><W124/><G62/><T92/><D3/><U129/><E129/><V97/><F31/><W45/><G60/><T76/><D1/><U83/><E21/><V100/><F46/><W133/><G133/><T29/><D29/><U39/><E39/><V123/><F123/><W5/><G5/><T72/><D66/><U114/><E36/><V0/><F0/><W82/><G82/><T88/><D6/><U37/><E37/><V24/><F24/><W130/><G130/><T51/><D76/><U108/><E114/><V32/><F32/><W61/><G61/><T105/><D72/><U19/><E28/><V22/><F78/><W40/><G40/><T132/><D132/><U127/><E127/><V34/><F34/><W73/><G73/><T52/><D105/><U38/><E38/><V17/><F75/><W4/><G4/><T25/><D25/><U106/><E106/><V43/><F43/><N who="1" m="16393" /><E108/><V65/><F65/><W104/><G104/><T119/><D119/><U131/><E131/><V23/><F23/><W8/><G125/><T117/><D117/><U93/><E83/><V99/><F77/><W55/><G124/><T54/><D64/><U56/><E56/><V71/><F71/><W53/><G126/><T69/><D69/><U121/><E121/><RYUUKYOKU ba="1,0" sc="45,-10,440,30,275,-10,240,-10" hai1="7,11,13,19,20,27,49,50,91,93" /><INIT seed="1,2,0,4,4,118" ten="35,470,265,230" oya="1" hai0="20,88,5,70,2,73,78,39,109,130,30,131,16" hai1="86,72,93,10,12,101,29,45,104,22,52,128,58" hai2="31,120,76,116,59,122,11,63,67,125,133,126,32" hai3="23,107,41,54,55,97,42,38,117,13,4,102,28"/><U105/><E72/><V95/><F116/><W37/><G117/><T99/><D70/><U108/><E128/><N who="0" m="49193" /><D39/><U85/><E108/><V82/><F95/><W112/><G112/><T96/><D73/><U61/><E45/><V81/><F133/><W129/><G129/><T91/><D78/><U7/><E105/><V132/><F132/><W68/><G68/><T57/><D30/><U60/><E104/><V103/><F103/><W123/><G28/><T119/><D119/><U69/><E69/><V79/><F11/><W75/><G75/><T43/><D43/><U84/><E101/><V134/><F134/><W25/><G102/><T48/><D5/><U51/><E93/><V115/><F115/><W44/><G107/><T6/><D6/><U100/><E100/><V27/><F79/><W50/><G4/><T53/><D2/><U94/><E94/><V8/><F8/><W35/><G41/><T98/><D109/><U114/><E114/><V80/><F76/><W33/><G42/><T36/><D36/><U77/><E77/><V0/><F0/><W1/><G1/><T9/><D9/><U64/><E64/><V89/><F89/><W40/><G40/><T62/><D48/><U46/><E58/><V17/><F17/><W113/><G50/><T15/><AGARI ba="2,0" hai="15,16,20,53,57,62,88,91,96,98,99" m="49193" machi="15" ten="30,4000,0" yaku="19,1,54,2" doraHai="118" who="0" fromWho="0" sc="35,46,470,-22,265,-12,230,-12" /><INIT seed="2,0,0,4,2,85" ten="81,448,253,218" oya="2" hai0="126,51,40,121,19,56,115,13,9,60,66,93,118" hai1="2,44,116,59,87,53,127,133,79,65,20,134,74" hai2="110,42,58,92,75,36,21,95,106,119,63,48,47" hai3="135,86,26,7,27,120,57,24,28,114,102,15,23"/><V4/><F106/><W8/><G120/><T32/><D115/><U45/><E2/><V22/><F75/><W82/><G114/><T107/><D121/><U49/><E116/><V25/><F119/><W78/><G135/><N who="1" m="51722" /><E127/><V80/><F110/><W91/><G102/><T98/><D126/><U131/><E131/><V35/><F4/><W89/><G57/><T55/><D118/><U12/><E65/><V111/><F111/><W117/><G117/><T132/><D132/><U50/><E50/><V129/><F129/><W108/><G108/><T41/><D107/><U67/><E67/><V71/><F71/><W3/><G3/><T76/><D76/><U43/><E43/><V62/><F36/><W46/><G46/><T112/><D32/><U103/><E103/><V16/><F63/><W10/><G10/><T69/><D112/><U124/><E124/><V73/><F22/><W0/><G0/><T61/><D61/><U39/><E74/><V5/><F5/><W84/><G78/><T33/><D33/><U90/><E79/><V6/><F6/><W125/><G125/><T104/><D104/><U18/><E39/><V37/><F37/><W52/><G52/><T88/><REACH who="0" step="1"/><D69/><REACH who="0" ten="71,448,253,218" step="2"/><U30/><E30/><V11/><F35/><W70/><G70/><T100/><D100/><U130/><E130/><V83/><F62/><W105/><G105/><T97/><D97/><U128/><E128/><V72/><F72/><W96/><G96/><T17/><D17/><U1/><E1/><V81/><F73/><W122/><G122/><T109/><D109/><U34/><E34/><RYUUKYOKU ba="0,1" sc="71,10,448,10,253,-30,218,10" hai0="9,13,19,40,41,51,55,56,60,66,88,93,98" hai1="12,18,20,44,45,49,53,59,87,90" hai3="7,8,15,23,24,26,27,28,82,84,86,89,91" /><INIT seed="3,1,1,1,2,90" ten="81,458,223,228" oya="3" hai0="112,36,10,100,35,0,32,77,25,72,75,14,120" hai1="86,11,109,40,78,115,94,19,96,69,134,85,34" hai2="31,21,110,95,2,13,88,50,125,33,91,43,63" hai3="103,30,126,130,44,49,116,97,41,81,51,22,16"/><W56/><G116/><T83/><D14/><N who="1" m="7647" /><E69/><V29/><F2/><W27/><G130/><T60/><D120/><U107/><E107/><V53/><F110/><W111/><G126/><T61/><D112/><U76/><E34/><V48/><F33/><W54/><G111/><T108/><D108/><U8/><E40/><V58/><F125/><W89/><G81/><T121/><D121/><U18/><E134/><V82/><F82/><W70/><G70/><T12/><D12/><N who="1" m="7431" /><E115/><V106/><F106/><W7/><G7/><T4/><D75/><U119/><E119/><V135/><F135/><W62/><G89/><N who="2" m="34377" /><F95/><N who="3" m="58815" /><G62/><T59/><D61/><U38/><E38/><V128/><F128/><W98/><G98/><T71/><D59/><U67/><E109/><V28/><F43/><W57/><G57/><T17/><D17/><AGARI ba="1,1" hai="13,17,21,28,29,31,48,50,53,58,63" m="34377" machi="17" ten="30,2000,0" yaku="8,1,54,1" doraHai="90" who="2" fromWho="0" sc="81,-23,458,0,223,33,228,0" /><AGARI ba="1,0" hai="16,17,22,27,30,41,44,49,51,54,56" m="58815" machi="17" ten="30,5800,0" yaku="8,1,52,1,54,1" doraHai="90" who="3" fromWho="0" sc="58,-58,458,0,256,0,228,58" /><INIT seed="3,2,0,2,2,68" ten="0,458,256,286" oya="3" hai0="34,95,66,99,30,104,49,123,13,56,24,45,14" hai1="44,100,108,57,71,5,118,130,91,116,114,3,121" hai2="4,42,131,55,41,10,26,90,81,120,115,54,113" hai3="63,65,39,78,125,135,59,129,43,7,58,107,32"/><W37/><G32/><T47/><D95/><U110/><E71/><V11/><F131/><W84/><G107/><T0/><D49/><U15/><E3/><V28/><F120/><W96/><G7/><T27/><D56/><U17/><E5/><V134/><F134/><W89/><G129/><T112/><D123/><U127/><E100/><V6/><F26/><W29/><G29/><T48/><D48/><U106/><E106/><V124/><F28/><W25/><G25/><T67/><D30/><U122/><E57/><V74/><F81/><W40/><G135/><T35/><D104/><U50/><E91/><V79/><F90/><W109/><G78/><T83/><D83/><U94/><E94/><V85/><F85/><W87/><G109/><N who="1" m="42090" /><E127/><V52/><F55/><W60/><G89/><T77/><D99/><U16/><E114/><V88/><F88/><W12/><G12/><T8/><D112/><U132/><E132/><V117/><F117/><N who="1" m="45161" /><E130/><V9/><F9/><W105/><G105/><T126/><D126/><U2/><E2/><V76/><F124/><W75/><G125/><T119/><D0/><U102/><E102/><V64/><F64/><W97/><REACH who="3" step="1"/><G65/><REACH who="3" ten="0,458,256,276" step="2"/><T101/><D119/><U18/><E15/><V51/><F51/><W19/><G19/><T53/><D101/><U86/><E122/><V128/><F128/><W20/><G20/><T103/><D103/><U82/><E121/><V1/><F1/><W33/><G33/><T92/><D77/><N who="1" m="46415" /><E18/><V98/><F98/><W133/><G133/><T70/><D8/><U21/><E21/><V69/><F115/><RYUUKYOKU ba="2,1" sc="0,-15,458,15,256,-15,276,15" hai1="16,17,44,50" hai3="37,39,40,43,58,59,60,63,75,84,87,96,97" owari="-15,-51.5,483,58.3,241,-15.9,291,9.1" /></mjloggm>