<mjloggm ver="2.3"><GO type="225" lobby="0"/><UN n0="%E4%BF%BA%E3%81%A8%E5%A6%96%E5%A4%A2" n1="%75%72%6A%61%63%6B" n2="%E6%A5%93%E4%BB%8B" n3="%72%69%6F%75%63%68%61%6E" dan="16,17,16,16" rate="2122.13,2103.98,2062.87,2186.59" sx="F,M,M,M"/><TAIKYOKU oya="0"/><INIT seed="0,0,0,5,0,31" ten="250,250,250,250" oya="0" hai0="7,27,0,109,62,46,71,68,6,43,129,93,113" hai1="39,67,118,80,28,58,131,86,29,126,127,1,3" hai2="4,123,34,97,124,90,52,33,98,108,25,72,73" hai3="51,22,15,116,20,45,56,85,99,11,89,115,117"/><T66/><D113/><U95/><E39/><V64/><F123/><W61/><G115/><T94/><D129/><U42/><E42/><V100/><F4/><W32/><G99/><T37/><D71/><U122/><E122/><V125/><F64/><W75/><G32/><T96/><D109/><U48/><E118/><V78/><F108/><W134/><G134/><T55/><D0/><N who="1" m="75" /><E95/><N who="2" m="56567" /><F25/><W9/><G9/><T5/><D27/><U12/><E12/><V76/><F52/><N who="3" m="33927" /><G75/><T30/><D30/><U69/><E69/><V38/><F38/><W2/><G2/><T88/><D93/><U121/><E131/><V36/><F36/><W119/><G117/><T128/><D128/><U14/><E14/><V130/><F130/><W91/><G116/><T81/><D81/><U10/><E10/><V8/><F8/><W53/><G119/><T44/><D44/><U135/><E121/><V63/><F63/><W21/><G85/><T70/><REACH who="0" step="1"/><D66/><REACH who="0" ten="240,250,250,250" step="2"/><U104/><E135/><V47/><F47/><W74/><G74/><T83/><D83/><U107/><E67/><V41/><F73/><W13/><G13/><T79/><D79/><N who="2" m="30250" /><F72/><W103/><G103/><T87/><D87/><U19/><E28/><V132/><F132/><W18/><AGARI ba="0,1" hai="11,15,18,20,21,22,45,51,53,89,91" m="33927" machi="18" ten="30,2000,0" yaku="8,1,54,1" doraHai="31" who="3" fromWho="3" sc="240,-10,250,-5,250,-5,250,30" /><INIT seed="1,0,0,3,2,113" ten="230,245,245,280" oya="1" hai0="70,111,24,69,112,81,134,93,16,52,45,6,50" hai1="109,127,84,78,73,85,58,76,51,124,79,22,117" hai2="35,106,53,91,116,1,130,31,59,126,29,63,75" hai3="74,66,92,115,83,71,80,30,25,94,40,62,54"/><U0/><E0/><V129/><F126/><N who="1" m="48169" /><E22/><V67/><F1/><W19/><G115/><T28/><D112/><U5/><E5/><V21/><F75/><W119/><G119/><T36/><D111/><U11/><E11/><V102/><F91/><W43/><G19/><T3/><D36/><U95/><E73/><V123/><F123/><W18/><G18/><T97/><D134/><U131/><E58/><V17/><F116/><W14/><G14/><T133/><D133/><U15/><E51/><V9/><F9/><W87/><G74/><T88/><D6/><U4/><E15/><V2/><F2/><W23/><G83/><T107/><D3/><U55/><E55/><V103/><F53/><W114/><G114/><T42/><D42/><U26/><E26/><N who="2" m="18871" /><F31/><W56/><G40/><T61/><D61/><U10/><E10/><V20/><F21/><W89/><REACH who="3" step="1"/><G43/><REACH who="3" ten="230,245,245,270" step="2"/><T105/><D16/><U125/><E125/><V48/><F17/><W120/><G120/><T34/><REACH who="0" step="1"/><D81/><REACH who="0" ten="220,245,245,270" step="2"/><N who="1" m="47143" /><E4/><V90/><F63/><AGARI ba="0,2" hai="23,25,30,54,56,62,63,66,71,80,87,89,92,94" machi="63" ten="30,2000,0" yaku="1,1,7,1,53,0" doraHai="113" doraHaiUra="38" who="3" fromWho="2" sc="220,0,245,0,245,-20,270,40" /><INIT seed="2,0,0,0,2,89" ten="220,245,225,310" oya="2" hai0="6,104,121,54,81,17,30,98,92,7,50,79,15" hai1="119,100,105,41,47,69,25,16,20,39,90,84,108" hai2="76,29,19,126,122,36,49,120,8,59,62,73,111" hai3="82,133,85,4,72,26,58,60,101,99,102,22,55"/><V110/><F36/><W86/><G133/><T95/><D104/><U0/><E119/><V117/><F73/><W12/><G72/><T67/><D67/><U96/><E108/><N who="2" m="41515" /><F76/><W134/><G134/><T5/><D30/><U87/><E0/><V61/><F29/><W27/><G86/><N who="0" m="48447" /><D98/><U80/><E69/><V28/><F28/><N who="3" m="17495" /><G27/><T68/><D68/><U77/><REACH who="1" step="1"/><E90/><REACH who="1" ten="220,235,225,310" step="2"/><V65/><F117/><W91/><G99/><T34/><D121/><U45/><E45/><V124/><F122/><W9/><AGARI ba="0,1" hai="4,9,12,55,58,60,82,85,91,101,102" m="17495" machi="9" ten="30,1100,0" yaku="8,1" doraHai="89" who="3" fromWho="3" sc="220,-3,235,-3,225,-5,310,21" /><INIT seed="3,0,0,1,0,23" ten="217,232,220,331" oya="3" hai0="4,42,127,20,68,36,26,90,44,101,93,126,102" hai1="87,109,86,45,104,82,73,41,114,125,24,48,33" hai2="98,119,85,97,83,61,88,47,108,2,79,91,22" hai3="92,84,12,27,63,118,7,62,55,135,71,89,78"/><W60/><G118/><T113/><D68/><U16/><E114/><V35/><F35/><W81/><G135/><T31/><D4/><U72/><E104/><V80/><F2/><W51/><G27/><T58/><D58/><U129/><E87/><N who="2" m="50279" /><F119/><W76/><G71/><T15/><D15/><U130/><E125/><N who="0" m="47625" /><D113/><U116/><E109/><V67/><F108/><W43/><G43/><T94/><D93/><U132/><E132/><V49/><F79/><N who="3" m="46143" /><G12/><T9/><D9/><U123/><E123/><V99/><F22/><W14/><G14/><T121/><D121/><U100/><E116/><V70/><F70/><W106/><G106/><T39/><D39/><U38/><E38/><V96/><F96/><AGARI ba="0,0" hai="20,26,31,36,42,44,90,94,96,101,102" m="47625" machi="96" ten="30,2000,0" yaku="18,1,52,1" doraHai="23" who="0" fromWho="2" sc="217,20,232,0,220,-20,331,0" owari="237,3.7,232,-16.8,200,-30.0,331,43.1" /></mjloggm>