<mjloggm ver="2.3"><GO type="225" lobby="0"/><UN n0="%E4%BC%8A%E7%B9%94%E3%82%82%E3%81%88" n1="%E4%BF%BA%E3%81%A8%E5%A6%96%E5%A4%A2" n2="%E5%8C%97%E6%AC%A7%E3%81%AE%E3%82%82%E3%81%93%E3%81%86" n3="%E5%91%A8%E6%9D%B1" dan="16,16,16,16" rate="2114.16,2158.20,2134.34,2168.46" sx="M,F,M,M"/><TAIKYOKU oya="0"/><INIT seed="0,0,0,0,5,80" ten="250,250,250,250" oya="0" hai0="75,101,111,82,67,73,36,132,20,61,17,41,85" hai1="51,99,112,52,44,60,69,24,63,8,9,6,120" hai2="34,79,37,123,115,70,90,71,68,92,58,108,12" hai3="83,39,121,114,14,62,76,23,124,106,40,78,126"/><T107/><D132/><U29/><E120/><V122/><F115/><W129/><G106/><T16/><D101/><U100/><E112/><V64/><F37/><W81/><G39/><T105/><D17/><U97/><E69/><V113/><F34/><W130/><G40/><T4/><D4/><U95/><E99/><V128/><F113/><W50/><G50/><T19/><D19/><U87/><E87/><N who="2" m="52319" /><F108/><W135/><G62/><T28/><D28/><U2/><REACH who="1" step="1"/><E9/><REACH who="1" ten="250,240,250,250" step="2"/><V84/><F70/><W10/><G114/><T96/><D111/><U25/><E25/><V1/><F68/><W54/><G121/><T15/><D96/><U93/><E93/><V116/><F71/><W131/><G135/><T5/><D107/><U91/><E91/><V55/><F84/><W21/><G78/><T31/><D105/><U33/><AGARI ba="0,1" hai="2,6,8,24,29,33,44,51,52,60,63,95,97,100" machi="33" ten="20,5200,0" yaku="1,1,0,1,7,1,54,1,53,0" doraHai="80" doraHaiUra="74" who="1" fromWho="1" sc="250,-26,240,62,250,-13,250,-13" /><INIT seed="1,0,0,1,0,25" ten="224,302,237,237" oya="1" hai0="0,115,68,125,131,12,112,117,103,94,7,43,76" hai1="27,3,132,122,72,52,71,1,110,53,30,38,65" hai2="123,8,109,127,83,66,55,31,10,62,13,48,21" hai3="22,124,120,47,73,19,42,114,40,60,105,77,69"/><U11/><E122/><V35/><F109/><W34/><G120/><T134/><D117/><U107/><E72/><V97/><F127/><W118/><G124/><T33/><D68/><U45/><E107/><V61/><F35/><W59/><G118/><T46/><D125/><U37/><E110/><V98/><F8/><W106/><G69/><T113/><D131/><U93/><E132/><V80/><F66/><W63/><G34/><T108/><D134/><U121/><E1/><V74/><F74/><W41/><G47/><T89/><D108/><U24/><E24/><N who="2" m="16783" /><F83/><W28/><G114/><T100/><D0/><U126/><E93/><V5/><F80/><W78/><G73/><T111/><D76/><N who="3" m="29289" /><G106/><T2/><D2/><U58/><E71/><V23/><F23/><W15/><G105/><T87/><D33/><U39/><E45/><N who="2" m="28047" /><F123/><W18/><G18/><T51/><D111/><U95/><E95/><V4/><F4/><W6/><G6/><T99/><D7/><U32/><E121/><V67/><F67/><W85/><G85/><T81/><REACH who="0" step="1"/><D12/><REACH who="0" ten="214,302,237,237" step="2"/><U104/><E126/><V135/><F135/><W129/><G129/><T92/><D92/><U82/><E104/><V56/><F56/><W50/><G59/><T9/><D9/><U90/><E11/><V88/><F98/><W84/><G15/><T26/><D26/><U130/><E3/><V16/><F5/><W17/><G22/><T14/><D14/><U54/><E130/><V75/><F75/><W116/><G116/><T86/><D86/><N who="1" m="50519" /><E58/><V29/><F29/><W49/><G28/><T128/><D128/><RYUUKYOKU ba="0,1" sc="214,10,302,10,237,10,237,-30" hai0="43,46,51,81,87,89,94,99,100,103,112,113,115" hai1="27,30,32,37,38,39,52,53,54,65" hai2="10,13,16,61,62,88,97" /><INIT seed="1,1,1,3,5,91" ten="224,312,247,207" oya="1" hai0="74,37,9,99,62,131,12,27,31,14,93,5,64" hai1="79,28,11,6,7,18,110,102,65,70,77,116,66" hai2="61,54,15,34,130,112,75,17,101,109,58,67,20" hai3="96,46,47,104,2,16,48,135,29,134,49,106,88"/><U56/><E116/><V25/><F109/><W39/><G2/><T23/><D74/><U72/><E70/><V80/><F130/><W42/><G29/><T111/><D37/><U13/><E110/><V26/><F112/><W76/><G76/><N who="1" m="29258" /><E72/><V53/><F101/><W107/><G16/><T84/><D111/><U95/><E28/><V35/><F75/><W19/><G19/><T118/><D131/><U40/><E40/><V4/><F80/><W44/><G44/><T132/><D132/><N who="3" m="50729" /><G47/><T71/><D84/><U97/><E56/><V22/><F4/><AGARI ba="1,1" hai="4,6,7,11,13,18,65,66,95,97,102" m="29258" machi="4" ten="30,2900,0" yaku="8,1,52,1" doraHai="91" who="1" fromWho="2" sc="224,0,312,42,247,-32,207,0" /><INIT seed="1,2,0,1,3,120" ten="224,354,215,207" oya="1" hai0="38,86,135,34,82,50,119,25,64,92,29,105,87" hai1="4,0,59,81,107,101,12,84,113,11,112,71,52" hai2="109,28,2,63,13,66,78,100,88,8,125,124,117" hai3="18,21,58,127,123,94,98,39,37,74,80,102,43"/><U33/><E71/><V24/><F117/><W89/><G123/><T23/><D119/><U75/><E33/><V79/><F100/><W108/><G127/><N who="2" m="48713" /><F2/><W115/><G115/><T77/><D105/><U128/><E75/><V65/><F109/><W6/><G108/><T16/><D38/><U96/><E128/><V36/><F36/><W95/><G43/><T132/><D64/><N who="2" m="24682" /><F63/><W60/><G6/><T10/><D10/><U42/><E42/><V131/><F88/><W99/><G80/><T129/><D129/><U70/><E70/><V72/><F72/><W53/><REACH who="3" step="1"/><G74/><REACH who="3" ten="224,354,215,197" step="2"/><T14/><D135/><U20/><E112/><V133/><F133/><W3/><G3/><T76/><D132/><U130/><E113/><V62/><F131/><W9/><G9/><T47/><D92/><U46/><E130/><V106/><F106/><W56/><G56/><T17/><D17/><U134/><E134/><V68/><F68/><W27/><AGARI ba="2,1" hai="18,21,27,37,39,53,58,60,89,94,95,98,99,102" machi="27" ten="20,12000,2" yaku="1,1,0,1,7,1,25,2,53,1" doraHai="120" doraHaiUra="49" who="3" fromWho="3" sc="224,-32,354,-62,215,-32,197,136" /><INIT seed="2,0,0,3,3,61" ten="192,292,183,333" oya="2" hai0="91,63,65,115,128,126,10,90,134,51,52,14,57" hai1="123,19,129,40,105,121,0,108,86,7,117,2,80" hai2="73,130,113,17,118,13,47,22,112,69,50,68,81" hai3="87,36,27,37,88,75,64,110,54,8,94,78,124"/><V42/><F130/><W18/><G110/><T16/><D115/><U28/><E117/><V31/><F118/><W103/><G124/><T72/><D126/><U58/><E108/><V104/><F104/><W84/><G75/><T97/><D128/><U70/><E70/><V131/><F131/><W101/><G37/><T24/><D72/><U100/><E28/><V15/><F69/><W29/><G36/><T45/><D134/><U120/><E129/><V43/><F68/><W5/><G64/><T23/><D97/><N who="1" m="61583" /><E7/><AGARI ba="0,0" hai="7,10,14,16,23,24,45,51,52,57,63,65,90,91" machi="7" ten="30,8000,1" yaku="7,1,8,1,52,1,54,2" doraHai="61" who="0" fromWho="1" sc="192,80,292,-80,183,0,333,0" /><INIT seed="3,0,0,5,4,110" ten="272,212,183,333" oya="3" hai0="71,91,9,112,31,21,14,86,19,95,57,10,134" hai1="78,60,115,72,65,17,26,124,100,28,85,106,66" hai2="70,48,117,109,81,7,114,55,89,123,33,51,49" hai3="102,68,46,22,82,104,132,18,30,20,96,62,119"/><W74/><G119/><T129/><D71/><U118/><E72/><V1/><F33/><W8/><G132/><T120/><D134/><U41/><E41/><V4/><F117/><W93/><G46/><T125/><D120/><U90/><E78/><V67/><F109/><W69/><G8/><T121/><D121/><U11/><E118/><V50/><F123/><W77/><G62/><T35/><D129/><U15/><E124/><V52/><F1/><W111/><G111/><T36/><D125/><U122/><E122/><V47/><F114/><W45/><G45/><T25/><D36/><U12/><E12/><V103/><F103/><W80/><G80/><T64/><D112/><U29/><E115/><V37/><F81/><W54/><G54/><N who="2" m="20521" /><F89/><W23/><G104/><T2/><D2/><U13/><E13/><V127/><F127/><W32/><G32/><T88/><D57/><U87/><E87/><V59/><F4/><W53/><G82/><T126/><D64/><N who="1" m="24683" /><E60/><N who="2" m="40295" /><F7/><W43/><G77/><T76/><D76/><U128/><E128/><V6/><F6/><W92/><G74/><T38/><D38/><U42/><E26/><V58/><N who="2" m="12288" /><DORA hai="135" /><V27/><F27/><W79/><G79/><T0/><D126/><U16/><E17/><V131/><F131/><W130/><G130/><T133/><D133/><U63/><E63/><V94/><F94/><W97/><G93/><T61/><D61/><U44/><E100/><V99/><F99/><W75/><G102/><T108/><D108/><U40/><E106/><V24/><F24/><W84/><G75/><T98/><D98/><RYUUKYOKU ba="0,0" sc="272,-10,212,-10,183,30,333,-10" hai2="37,47,58,59" owari="262,6.2,202,-29.8,213,-18.7,323,42.3" /></mjloggm>