<mjloggm ver="2.3"><GO type="225" lobby="0"/><UN n0="%E3%81%A8%E3%82%89%E3%81%84%E3%81%A1" n1="%70%68%65%6E%6F%6D%65" n2="%E3%83%81%E3%83%83%E3%82%BF%E3%82%BD%E3%83%BC" n3="%E8%A8%88%E7%AE%97%E6%A9%9F%E8%87%AA%E7%84%B6" dan="16,16,17,17" rate="2141.02,2177.74,2220.24,2162.17" sx="M,M,F,M"/><TAIKYOKU oya="0"/><INIT seed="0,0,0,2,0,7" ten="250,250,250,250" oya="0" hai0="2,3,110,31,51,34,42,105,111,56,6,18,78" hai1="12,118,20,22,126,122,115,113,120,107,83,77,100" hai2="17,101,134,14,36,30,129,102,108,33,88,127,84" hai3="45,99,24,66,21,11,59,114,95,29,93,131,4"/><T82/><D105/><U69/><E69/><V85/><F36/><W81/><G114/><N who="1" m="43530" /><E107/><V121/><F121/><N who="1" m="46697" /><E100/><V71/><F71/><W125/><G131/><T49/><D18/><U53/><E118/><V87/><F129/><W40/><G125/><T46/><D56/><U116/><E116/><V48/><F127/><W103/><G81/><T39/><D31/><U8/><E53/><V96/><F134/><W124/><G124/><T55/><D34/><U106/><E106/><V130/><F130/><W128/><G128/><T112/><D112/><U104/><E104/><V1/><F1/><W79/><G79/><T72/><D2/><U43/><E43/><V47/><F108/><N who="0" m="41514" /><D55/><U60/><E60/><V76/><F76/><W94/><G59/><T135/><D135/><U5/><E126/><V68/><F68/><W80/><G66/><T13/><D13/><U38/><E38/><V97/><F101/><W65/><G65/><T54/><D54/><U64/><E64/><V91/><F102/><W58/><G58/><T73/><D73/><AGARI ba="0,0" hai="5,8,12,20,22,73,77,83" m="46697,43530" machi="73" ten="30,2000,0" yaku="11,1,52,1" doraHai="7" who="1" fromWho="0" sc="250,-20,250,20,250,0,250,0" /><INIT seed="1,0,0,1,4,135" ten="230,270,250,250" oya="1" hai0="123,132,128,6,124,102,16,64,19,127,36,62,72" hai1="110,100,29,52,92,27,67,21,82,28,90,43,10" hai2="86,0,13,106,95,30,131,119,87,33,5,66,129" hai3="7,78,89,60,39,4,32,91,134,99,15,120,1"/><U35/><E43/><V53/><F106/><W25/><G120/><T8/><D132/><U26/><E110/><V103/><F0/><W63/><G1/><T80/><D36/><U121/><E121/><V40/><F119/><W37/><G134/><T94/><D123/><U18/><E67/><V126/><F126/><N who="0" m="48170" /><D128/><N who="2" m="49226" /><F66/><W118/><G78/><N who="0" m="44103" /><D94/><U61/><E82/><V88/><F40/><W112/><G118/><T109/><D102/><U23/><E100/><V130/><F103/><W20/><G37/><T65/><D65/><U55/><E61/><V96/><N who="2" m="49234" /><V70/><DORA hai="31" /><F70/><W51/><G60/><T2/><D109/><U47/><E47/><V101/><F101/><W58/><G63/><T50/><D50/><U93/><E10/><N who="2" m="4303" /><F53/><W125/><G125/><T83/><D83/><U59/><E59/><AGARI ba="0,0" hai="2,6,8,16,19,59,62,64" m="44103,48170" machi="59" ten="30,8000,1" yaku="18,1,52,3,54,1" doraHai="135,31" who="0" fromWho="1" sc="230,80,270,-80,250,0,250,0" /><INIT seed="2,0,0,4,2,14" ten="310,190,250,250" oya="2" hai0="52,103,62,82,32,107,121,134,55,118,79,58,10" hai1="76,94,26,41,44,61,17,85,135,35,105,48,97" hai2="59,7,128,20,127,6,70,19,125,57,18,95,63" hai3="56,71,38,12,109,124,72,68,132,77,11,53,69"/><V0/><F128/><W65/><G38/><T43/><D121/><U93/><E135/><V98/><F70/><W119/><G119/><T113/><D113/><U73/><E73/><V42/><F42/><W33/><G33/><T67/><D32/><U54/><E35/><V120/><F120/><W101/><G101/><T1/><D134/><U9/><E105/><V16/><F20/><W108/><G132/><T31/><D31/><U64/><E41/><V88/><F57/><W40/><G40/><T21/><D43/><U47/><E44/><V106/><F106/><W112/><G77/><T29/><D118/><U50/><E50/><V131/><F131/><W24/><G72/><T123/><D123/><U129/><E129/><V96/><F96/><W117/><G24/><T3/><D107/><U22/><E9/><V4/><REACH who="2" step="1"/><F0/><REACH who="2" ten="310,190,240,250" step="2"/><W84/><G69/><T15/><D1/><U25/><E97/><V23/><F23/><W49/><G68/><T114/><D3/><U74/><E26/><V83/><F83/><W5/><G71/><T99/><D99/><U36/><E36/><V60/><F60/><W46/><G56/><T81/><D58/><N who="1" m="36919" /><E74/><V100/><F100/><W27/><G27/><T37/><D103/><U104/><E104/><V91/><F91/><W45/><G45/><T30/><D37/><U78/><E94/><V51/><F51/><W89/><G49/><T75/><D75/><U13/><E25/><V28/><F28/><W133/><G46/><T122/><D29/><U111/><E111/><V102/><F102/><W92/><G133/><T130/><D122/><RYUUKYOKU ba="0,1" sc="310,-15,190,15,240,15,250,-15" hai1="13,17,22,47,48,54,76,78,85,93" hai2="4,6,7,16,18,19,59,63,88,95,98,125,127" /><INIT seed="2,1,1,5,2,55" ten="295,205,255,235" oya="2" hai0="128,101,17,8,108,1,7,126,3,64,34,20,131" hai1="37,79,56,114,118,41,22,45,69,102,23,93,70" hai2="113,43,88,54,63,11,100,103,68,74,84,27,58" hai3="12,61,124,59,110,121,81,52,82,28,40,26,9"/><V13/><F113/><W122/><G110/><T75/><D108/><U47/><E114/><V24/><F74/><W46/><G124/><T39/><D75/><U129/><E118/><V53/><F43/><W72/><G72/><T134/><D126/><U62/><E79/><V112/><F68/><W130/><G130/><N who="0" m="49707" /><D39/><U77/><E77/><V48/><F112/><W4/><G122/><T66/><D1/><U67/><E129/><V86/><F100/><W85/><G121/><T57/><D34/><U2/><E2/><V15/><F103/><W78/><G82/><T25/><D134/><U132/><E47/><N who="2" m="27807" /><F84/><W33/><REACH who="3" step="1"/><G46/><REACH who="3" ten="295,205,255,225" step="2"/><T49/><D101/><U42/><E132/><V123/><F123/><W65/><G65/><T83/><D83/><U107/><E93/><N who="2" m="54423" /><F15/><W44/><G44/><T89/><D89/><U119/><E119/><V96/><F96/><W36/><G36/><T35/><D35/><U104/><E42/><AGARI ba="1,2" hai="4,9,12,26,28,33,40,42,52,59,61,78,81,85" machi="42" ten="40,8000,1" yaku="1,1,52,1,54,1,53,1" doraHai="55" doraHaiUra="10" who="3" fromWho="1" sc="295,0,205,-83,255,0,225,103" /><INIT seed="3,0,0,3,0,97" ten="295,122,255,328" oya="3" hai0="3,123,133,134,71,128,108,54,89,8,45,120,14" hai1="80,102,0,12,39,16,46,47,115,57,61,88,29" hai2="95,1,70,58,22,33,51,83,124,78,55,113,77" hai3="72,96,59,131,43,21,67,126,63,25,74,79,125"/><W65/><G131/><T38/><D3/><U86/><E115/><V99/><F33/><W6/><G6/><T122/><D89/><U62/><E0/><V81/><F124/><N who="3" m="47723" /><G43/><N who="0" m="22775" /><D14/><U111/><E111/><V105/><F105/><W52/><G96/><T53/><D8/><N who="1" m="6151" /><E39/><V44/><F70/><W15/><G15/><T73/><D73/><N who="3" m="28265" /><G79/><N who="2" m="30217" /><F1/><W112/><G112/><T5/><D5/><U69/><E69/><V42/><F113/><W19/><AGARI ba="0,0" hai="19,21,25,52,59,63,65,67" m="28265,47723" machi="19" ten="30,3000,0" yaku="18,1,54,1" doraHai="97" who="3" fromWho="3" sc="295,-10,122,-10,255,-10,328,30" owari="285,8.5,112,-38.8,245,-15.5,358,45.8" /></mjloggm>