<mjloggm ver="2.3"><GO type="225" lobby="0"/><UN n0="%E3%83%96%E3%83%83%E3%83%91%E3%82%AA%E3%83%96%E3%83%81%E3%82%AD%E3%83%B3" n1="%E9%A6%AC%E5%BC%95%E7%81%AB%33" n2="%E5%B0%8F%E9%B3%A5%E9%81%8A%E7%B7%B4%E7%84%A1%32%31%E6%AD%B3" n3="%E5%85%83%E3%82%AB%E3%83%8E%E7%B3%BB%E3%83%92%E3%83%AD%E3%82%A4%E3%83%B3" dan="16,17,16,16" rate="2208.90,2117.63,2211.40,2172.47" sx="M,M,F,M"/><TAIKYOKU oya="0"/><INIT seed="0,0,0,0,5,117" ten="250,250,250,250" oya="0" hai0="92,66,85,22,126,27,80,70,49,48,21,36,55" hai1="113,87,114,75,12,41,122,59,30,125,19,68,89" hai2="42,103,128,20,110,38,8,57,99,24,17,84,94" hai3="120,26,115,46,108,11,100,51,88,129,62,104,44"/><T63/><D126/><U29/><E75/><V47/><F110/><W123/><G115/><N who="1" m="44042" /><E68/><V102/><F128/><W18/><G108/><T61/><D36/><U6/><E125/><V91/><F57/><W119/><G119/><T37/><D37/><U28/><E41/><V133/><F133/><W90/><G129/><T83/><D63/><U112/><N who="1" m="44050" /><U82/><DORA hai="71" /><E6/><V60/><F60/><W10/><G62/><T65/><D65/><U134/><E59/><V14/><REACH who="2" step="1"/><F99/><REACH who="2" ten="250,250,240,250" step="2"/><N who="3" m="61471" /><G44/><T64/><D61/><U111/><E111/><V32/><F32/><W15/><G26/><T96/><D27/><U16/><E134/><V109/><F109/><W81/><G10/><T53/><D70/><U45/><E45/><V132/><F132/><W77/><G77/><T52/><D96/><U86/><E86/><V76/><F76/><W58/><G58/><T7/><D85/><U93/><E93/><V130/><F130/><W127/><G127/><T9/><D92/><U35/><E35/><V135/><F135/><W3/><G81/><N who="0" m="31307" /><D66/><U78/><E78/><V131/><F131/><W0/><G46/><T74/><D64/><U39/><E87/><V95/><F95/><W1/><G51/><N who="0" m="19531" /><D74/><U79/><E82/><V40/><F40/><W25/><G25/><T107/><D107/><U72/><E79/><V98/><F98/><W5/><G5/><AGARI ba="0,1" hai="5,8,14,17,20,24,38,42,47,84,91,94,102,103" machi="5" ten="30,3900,0" yaku="1,1,7,1,52,1,53,0" doraHai="117,71" doraHaiUra="54,56" who="2" fromWho="3" sc="250,0,250,0,240,49,250,-39" /><INIT seed="1,0,0,3,0,44" ten="250,250,289,211" oya="1" hai0="78,68,97,9,67,66,92,103,74,36,80,10,87" hai1="86,75,123,81,89,105,94,124,120,50,95,58,118" hai2="13,113,121,41,126,99,83,100,15,128,46,7,133" hai3="37,110,129,34,54,63,132,71,114,28,40,82,35"/><U64/><E118/><V70/><F121/><W53/><G114/><T111/><D111/><U17/><E105/><V119/><F119/><W90/><G110/><T51/><D36/><U23/><E124/><V1/><F128/><W12/><G129/><T42/><D74/><U47/><E64/><N who="0" m="24617" /><D68/><U24/><E58/><V38/><F133/><W2/><G2/><T14/><D14/><U96/><E95/><V20/><F70/><W29/><G71/><T84/><D84/><U39/><E39/><V49/><F113/><W26/><G132/><T79/><D79/><U57/><E57/><V77/><F20/><W6/><G37/><T19/><D19/><U61/><E61/><V85/><F38/><W125/><G40/><T32/><D32/><U107/><E107/><V33/><F33/><W109/><G109/><T55/><D42/><U30/><E17/><V104/><F126/><W8/><G125/><T56/><AGARI ba="0,0" hai="9,10,51,55,56,78,80,87,92,97,103" m="24617" machi="56" ten="30,2000,0" yaku="8,1,52,1" doraHai="44" who="0" fromWho="0" sc="250,20,250,-10,289,-5,211,-5" /><INIT seed="2,0,0,5,0,64" ten="270,240,284,206" oya="2" hai0="29,68,106,124,121,89,63,51,98,3,16,100,104" hai1="35,11,127,110,79,18,13,53,134,109,132,48,50" hai2="95,83,42,52,60,7,129,122,59,26,41,20,40" hai3="31,37,126,87,119,2,33,91,73,77,78,9,36"/><V125/><F122/><W101/><G119/><T118/><D121/><U86/><E35/><V111/><F111/><N who="1" m="42505" /><E127/><V92/><F129/><W108/><G108/><T85/><D3/><U88/><E79/><V113/><F113/><W10/><G126/><T5/><D124/><U24/><E24/><V38/><F38/><W80/><G101/><T49/><D118/><U23/><E23/><V105/><F105/><W97/><G97/><T133/><D133/><N who="1" m="51307" /><E53/><V135/><F125/><W115/><G115/><T54/><D54/><U1/><E1/><V93/><F135/><W0/><G91/><T116/><D89/><U61/><E61/><V4/><REACH who="2" step="1"/><F83/><AGARI ba="0,0" hai="11,13,18,48,50,83,86,88" m="51307,42505" machi="83" ten="30,3900,0" yaku="14,1,20,1,54,1" doraHai="64" who="1" fromWho="2" sc="270,0,240,39,284,-39,206,0" /><INIT seed="3,0,0,3,5,47" ten="270,279,245,206" oya="3" hai0="102,113,46,9,59,8,86,61,131,18,50,33,21" hai1="57,4,97,98,5,37,123,13,23,25,85,128,30" hai2="125,108,65,1,75,94,118,106,11,90,76,7,95" hai3="51,133,32,56,49,54,104,45,79,42,71,87,39"/><W100/><G32/><T122/><D122/><U99/><E123/><V101/><F118/><W48/><G133/><T135/><D33/><U19/><E37/><V92/><F108/><W126/><G126/><T107/><D131/><U41/><E41/><V28/><F125/><W66/><G104/><T52/><D113/><U81/><E57/><V103/><F106/><W69/><G100/><T6/><D135/><U84/><E128/><V96/><F28/><W115/><G115/><T74/><D74/><U40/><E40/><V31/><F31/><W64/><G87/><N who="1" m="33354" /><E81/><V35/><F35/><W89/><G89/><T121/><D121/><U2/><E2/><V16/><F65/><N who="3" m="25195" /><G79/><T88/><D6/><U110/><E110/><V111/><F111/><W0/><G0/><T124/><D102/><U82/><E82/><V77/><F75/><W112/><G112/><T3/><D3/><U83/><E83/><V116/><F116/><W70/><AGARI ba="0,0" hai="39,42,45,48,49,51,54,56,69,70,71" m="25195" machi="70" ten="40,24000,3" yaku="35,5,52,3" doraHai="47" who="3" fromWho="3" sc="270,-80,279,-80,245,-80,206,240" owari="190,-21.0,199,-0.1,165,-33.5,446,54.6" /></mjloggm>