<mjloggm ver="2.3"><GO type="225" lobby="0"/><UN n0="%E7%99%BD%E5%80%89%E5%AF%9B%E4%B9%8B" n1="%E3%81%BF%E3%81%BF%E3%81%9A" n2="%E5%91%A8%E6%9D%B1" n3="%E9%A6%AC%E5%BC%95%E7%81%AB%33" dan="16,17,17,16" rate="2129.32,2194.48,2142.54,2134.19" sx="M,M,M,M"/><TAIKYOKU oya="0"/><INIT seed="0,0,0,0,2,36" ten="250,250,250,250" oya="0" hai0="62,15,41,57,23,6,97,78,113,86,112,52,79" hai1="127,93,67,48,73,61,99,7,98,95,74,116,100" hai2="107,59,131,28,119,105,39,8,130,26,24,94,80" hai3="60,13,125,65,47,63,89,20,12,102,72,90,16"/><T128/><D128/><N who="2" m="49194" /><F39/><W75/><G125/><T85/><D113/><U0/><E127/><V10/><F119/><W21/><G102/><T66/><D112/><U118/><E7/><V84/><F94/><W71/><G47/><T121/><D121/><U38/><E38/><V82/><F59/><W117/><G117/><T54/><D97/><U96/><E0/><V135/><F135/><W37/><G37/><T5/><D41/><U25/><E98/><V22/><F26/><W11/><G11/><N who="2" m="4137" /><F82/><W32/><G32/><T4/><D15/><U68/><E116/><V81/><F81/><W33/><G33/><T14/><D14/><U64/><E118/><V53/><F53/><N who="0" m="20586" /><D23/><U124/><E124/><V129/><N who="2" m="49202" /><V49/><DORA hai="31" /><F49/><W83/><G83/><T103/><D103/><U35/><E67/><V27/><F27/><W126/><G126/><T115/><D115/><U1/><E48/><V77/><AGARI ba="0,0" hai="22,24,28,77,80,84,105,107" m="4137,49202" machi="77" ten="40,1500,0" yaku="19,1" doraHai="36,31" who="2" fromWho="2" sc="250,-7,250,-4,250,15,250,-4" /><INIT seed="1,0,0,5,5,62" ten="243,246,265,246" oya="1" hai0="118,60,97,110,90,36,132,51,99,24,59,91,76" hai1="32,80,83,50,113,73,85,79,14,107,129,44,20" hai2="117,34,126,114,123,21,4,7,121,77,40,30,45" hai3="68,16,56,11,66,27,25,119,131,54,89,127,10"/><U41/><E113/><V109/><F117/><W65/><G119/><T1/><D36/><U86/><E129/><V18/><F114/><W17/><G131/><T69/><D1/><U72/><E32/><V130/><F130/><W116/><G116/><T92/><D110/><U38/><E107/><V74/><F126/><W67/><G127/><T82/><D132/><U42/><E38/><V101/><F101/><W111/><G111/><T95/><D69/><U98/><E98/><V5/><F109/><W112/><G68/><T122/><D118/><U35/><E35/><V3/><F3/><W33/><G112/><T55/><D122/><U13/><E41/><V19/><F77/><W128/><G128/><T57/><D24/><N who="3" m="9289" /><G89/><T120/><D120/><U47/><E47/><V6/><F74/><W87/><G87/><T115/><D115/><U52/><E42/><V135/><F135/><W81/><G81/><T103/><D103/><U75/><REACH who="1" step="1"/><E20/><REACH who="1" ten="243,236,265,246" step="2"/><V29/><F34/><W63/><G33/><T108/><D108/><U37/><E37/><V0/><F123/><W88/><G88/><AGARI ba="0,1" hai="13,14,44,50,52,72,73,75,79,80,83,85,86,88" machi="88" ten="40,7700,0" yaku="1,1,54,2,53,0" doraHai="62" doraHaiUra="134" who="1" fromWho="3" sc="243,0,236,87,265,0,246,-77" /><INIT seed="1,1,0,0,0,128" ten="243,323,265,169" oya="1" hai0="101,29,16,37,48,97,108,73,74,67,88,130,123" hai1="84,18,47,103,53,122,112,10,102,30,7,89,8" hai2="125,59,69,134,132,24,3,12,13,82,14,11,91" hai3="28,62,31,5,45,86,113,107,133,39,20,43,129"/><U46/><E112/><V121/><F69/><W17/><G113/><T19/><D37/><U34/><E122/><V100/><F121/><W68/><G129/><T126/><D123/><U49/><E34/><V26/><F100/><N who="1" m="38441" /><E30/><V114/><F114/><W23/><G107/><T110/><D130/><U98/><E98/><V56/><F125/><W77/><G5/><T75/><D126/><U64/><E64/><V22/><F3/><W85/><G68/><T135/><D29/><U27/><E7/><V63/><F11/><W4/><G4/><T96/><D67/><U66/><E66/><V90/><F82/><W99/><G99/><N who="0" m="37963" /><D101/><U131/><E131/><V115/><F115/><W52/><G62/><T33/><D33/><U15/><E27/><N who="2" m="10283" /><F22/><W41/><G17/><N who="0" m="6731" /><D48/><U117/><E117/><V35/><F35/><W106/><G106/><T79/><D79/><U38/><E38/><V71/><F71/><W111/><G39/><T104/><D104/><U105/><E105/><V25/><F25/><W93/><G77/><T44/><D44/><N who="1" m="27815" /><E8/><V54/><F59/><W81/><G81/><AGARI ba="1,0" hai="10,15,18,46,47,81,84,89" m="27815,38441" machi="81" ten="30,2900,0" yaku="25,1,8,1" doraHai="128" who="1" fromWho="3" sc="243,0,323,32,265,0,169,-32" /><INIT seed="1,2,0,4,2,38" ten="243,355,265,137" oya="1" hai0="72,118,8,68,95,76,70,74,113,39,58,66,108" hai1="102,94,14,65,7,79,2,75,96,78,56,51,30" hai2="55,104,10,36,86,63,22,80,44,43,115,124,49" hai3="125,127,98,15,37,106,131,100,35,4,109,31,24"/><U88/><E2/><V6/><F124/><W50/><G109/><T101/><D108/><U90/><E30/><V29/><F115/><W16/><G131/><T103/><D39/><U73/><E73/><V120/><F104/><W112/><G112/><T91/><D113/><U119/><E119/><V114/><F114/><W116/><G37/><T62/><D118/><U89/><E75/><V87/><F120/><W60/><G116/><T3/><D74/><U5/><E14/><V33/><F33/><W57/><G4/><N who="1" m="1610" /><E51/><V85/><F63/><AGARI ba="2,0" hai="56,63,65,78,79,88,89,90,94,96,102" m="1610" machi="63" ten="30,2900,0" yaku="8,1,54,1" doraHai="38" who="1" fromWho="2" sc="243,0,355,35,265,-35,137,0" /><INIT seed="1,3,0,3,2,118" ten="243,390,230,137" oya="1" hai0="133,37,35,18,36,30,121,39,57,34,89,96,112" hai1="94,82,54,33,5,42,25,123,103,9,78,91,2" hai2="90,56,20,77,125,115,72,113,134,7,75,120,74" hai3="24,12,45,116,8,6,130,122,19,23,73,15,110"/><U10/><E103/><V28/><F7/><W86/><G116/><T21/><D112/><N who="2" m="43082" /><F56/><W53/><G73/><T119/><D119/><U38/><E10/><V1/><F1/><W81/><G110/><T107/><D133/><U14/><E54/><V50/><F50/><W44/><G130/><T128/><D128/><U29/><E14/><V11/><F11/><W51/><G122/><T93/><D30/><U32/><E123/><V46/><F46/><W126/><G126/><T49/><D121/><U27/><E27/><N who="2" m="16487" /><F120/><W111/><G111/><T40/><D107/><U85/><E42/><V106/><F106/><W79/><REACH who="3" step="1"/><G45/><REACH who="3" ten="243,390,230,127" step="2"/><T61/><D40/><U92/><E38/><V13/><F125/><W22/><G22/><T64/><REACH who="0" step="1"/><D49/><REACH who="0" ten="233,390,230,127" step="2"/><U95/><REACH who="1" step="1"/><E33/><REACH who="1" ten="233,380,230,127" step="2"/><V80/><F134/><W102/><G102/><T59/><D59/><U16/><E16/><V47/><F47/><W104/><G104/><T98/><D98/><AGARI ba="3,3" hai="2,5,9,25,29,32,78,82,85,91,92,94,95,98" machi="98" ten="30,2900,0" yaku="1,1,7,1,53,0" doraHai="118" doraHaiUra="101" who="1" fromWho="0" sc="233,-38,380,68,230,0,127,0" /><INIT seed="1,4,0,0,0,30" ten="195,448,230,127" oya="1" hai0="106,42,6,51,0,18,127,110,122,38,28,118,17" hai1="9,63,58,43,116,35,103,74,77,55,36,128,21" hai2="135,120,130,72,91,15,16,73,101,14,109,81,121" hai3="83,133,11,37,68,115,2,132,126,34,13,84,61"/><U64/><E116/><V87/><F135/><N who="3" m="51787" /><G115/><T46/><D106/><U5/><E128/><V49/><F130/><W95/><G37/><T82/><D118/><U99/><E21/><V129/><F129/><W85/><G2/><T31/><D122/><U100/><E35/><V112/><F112/><W7/><G126/><T111/><D127/><U54/><E100/><V29/><F109/><N who="0" m="41482" /><D82/><U98/><E99/><V94/><F29/><N who="0" m="11338" /><D38/><U93/><E43/><V1/><F1/><W104/><G104/><T65/><D65/><U79/><E36/><V105/><F105/><W33/><G95/><T125/><D125/><U113/><E113/><V80/><F120/><W78/><G85/><T92/><D92/><U60/><E74/><V25/><F121/><W76/><G76/><T3/><D3/><U108/><E108/><V86/><F73/><W48/><G48/><T119/><D119/><U69/><E55/><V66/><F66/><AGARI ba="4,0" hai="7,11,13,33,34,61,66,68,78,83,84" m="51787" machi="66" ten="30,3900,0" yaku="20,1,52,2" doraHai="30" who="3" fromWho="2" sc="195,0,448,0,230,-51,127,51" /><INIT seed="2,0,0,1,1,64" ten="195,448,179,178" oya="2" hai0="63,86,48,118,46,12,114,40,81,66,11,31,55" hai1="7,119,37,78,70,28,91,16,116,132,56,24,0" hai2="126,8,76,52,65,2,101,35,6,49,62,23,5" hai3="88,41,95,68,50,60,79,39,13,106,67,100,128"/><V87/><F126/><W121/><G121/><T38/><D114/><U69/><E16/><V75/><F35/><W123/><G123/><T107/><D107/><U99/><E56/><V117/><F117/><W103/><G39/><T109/><D109/><U82/><E91/><V98/><F6/><W20/><G128/><T110/><D110/><U18/><E18/><V104/><F23/><W57/><G79/><T96/><D96/><U105/><E37/><V97/><F97/><N who="3" m="57575" /><G68/><N who="1" m="26218" /><E132/><V113/><F113/><W125/><G125/><T51/><D31/><U34/><E82/><V33/><F33/><W115/><G106/><T42/><D118/><U14/><E14/><V135/><F135/><W72/><G72/><T43/><D38/><U77/><E78/><V53/><F75/><W29/><G115/><T22/><D22/><U15/><E77/><V54/><F76/><W92/><G92/><T10/><D86/><U134/><E15/><V89/><F49/><W102/><G13/><T124/><D81/><U129/><E134/><V21/><F21/><W25/><G50/><N who="0" m="29143" /><D124/><U61/><E61/><V17/><F17/><W80/><G80/><T3/><D3/><U71/><E71/><V30/><F30/><W58/><G58/><N who="0" m="37239" /><D11/><N who="1" m="2535" /><E129/><V59/><REACH who="2" step="1"/><F65/><REACH who="2" ten="195,448,169,178" step="2"/><W108/><G108/><T45/><D51/><U19/><E19/><AGARI ba="0,1" hai="10,12,19,40,42,43,45,48" m="37239,29143" machi="19" ten="30,1000,0" yaku="8,1" doraHai="64" who="0" fromWho="1" sc="195,20,448,-10,169,0,178,0" /><INIT seed="3,0,0,1,4,35" ten="215,438,169,178" oya="3" hai0="113,8,52,92,100,107,32,124,6,86,71,3,50" hai1="0,128,42,57,78,14,84,80,99,60,36,74,55" hai2="67,127,111,82,64,79,102,44,106,17,10,46,81" hai3="20,53,132,48,87,11,65,5,114,110,59,104,9"/><W76/><G114/><T93/><D71/><U85/><E0/><V121/><F127/><W40/><G104/><T117/><D32/><U70/><E128/><V45/><F121/><W94/><G132/><T18/><D113/><U61/><E99/><V123/><F123/><W13/><G110/><T29/><D29/><U116/><E116/><V119/><F119/><W56/><G40/><T21/><D117/><U131/><E131/><V24/><F111/><W12/><G20/><T118/><D118/><U31/><E31/><V95/><F106/><W66/><G59/><T25/><D124/><U49/><E14/><N who="2" m="7383" /><F24/><W89/><REACH who="3" step="1"/><G76/><REACH who="3" ten="215,438,169,168" step="2"/><T68/><D68/><U115/><E115/><V133/><F133/><W23/><G23/><T126/><D126/><U130/><E130/><V96/><F79/><W108/><G108/><T34/><D34/><U54/><E70/><V30/><F30/><W51/><G51/><T27/><D107/><U105/><E105/><V109/><F109/><W19/><AGARI ba="0,1" hai="5,9,11,12,13,19,48,53,56,65,66,87,89,94" machi="19" ten="20,18000,2" yaku="1,1,0,1,7,1,8,1,53,2" doraHai="35" doraHaiUra="4" who="3" fromWho="3" sc="215,-60,438,-60,169,-60,168,190" /><INIT seed="3,1,0,5,2,130" ten="155,378,109,358" oya="3" hai0="107,66,53,1,117,87,79,76,39,123,131,19,21" hai1="75,48,43,114,93,28,132,32,15,29,34,58,35" hai2="102,63,14,91,113,108,17,27,89,57,40,7,31" hai3="33,59,72,83,135,109,44,20,11,0,47,45,9"/><W111/><G135/><T88/><D39/><U60/><E114/><V99/><F108/><N who="3" m="41547" /><G33/><T52/><D1/><U105/><E105/><V126/><F126/><W30/><G0/><T50/><D107/><U69/><E75/><V62/><F113/><W98/><G59/><N who="0" m="33175" /><D123/><U61/><E132/><V81/><F7/><W23/><G98/><T77/><D117/><U67/><E15/><V122/><F122/><W84/><G72/><T121/><D121/><U103/><E48/><V36/><F36/><W125/><G125/><T86/><D131/><U82/><E82/><V129/><F129/><W128/><G128/><T6/><D66/><U16/><E16/><V118/><F118/><W71/><G71/><T51/><D88/><U41/><E28/><V95/><F40/><W119/><G119/><T92/><D92/><U4/><E29/><V55/><F63/><W5/><G30/><T2/><D2/><U12/><E61/><V74/><F74/><W85/><G85/><T94/><D94/><U54/><E69/><V42/><F42/><W106/><G106/><T24/><D6/><U97/><REACH who="1" step="1"/><E67/><REACH who="1" ten="155,368,109,358" step="2"/><V26/><F81/><W101/><G101/><T56/><AGARI ba="1,1" hai="19,21,24,51,53,56,76,77,79,86,87" m="33175" machi="56" ten="30,2000,0" yaku="8,1,54,1" doraHai="130" who="0" fromWho="0" sc="155,33,368,-6,109,-6,358,-11" owari="188,-21.2,362,46.2,103,-39.7,347,14.7" /></mjloggm>