<mjloggm ver="2.3"><GO type="225" lobby="0"/><UN n0="%E6%9D%B1%E9%A2%A8%E3%81%AE%E3%81%8D%E3%82%83%E3%81%B7%E3%81%95%E3%82%93" n1="%4B%2E%32%2E%4B%2E" n2="%E8%BE%9B%E5%8F%A3%E3%82%AB%E3%83%AC%E3%83%BC%E3%83%A9%E3%82%A4%E3%82%B9" n3="%E3%81%95%E3%81%8D%E3%81%9F%E3%81%BE%E6%9E%97%E6%AA%8E" dan="16,16,16,16" rate="2189.48,2156.71,2181.18,2099.33" sx="M,M,M,M"/><TAIKYOKU oya="0"/><INIT seed="0,0,0,2,0,30" ten="250,250,250,250" oya="0" hai0="38,127,78,64,42,27,24,128,101,96,39,65,95" hai1="125,73,1,10,21,51,26,49,22,23,76,131,6" hai2="7,83,32,91,18,45,12,2,47,79,55,107,40" hai3="90,44,105,0,89,8,100,15,43,135,46,113,36"/><T37/><D128/><U94/><E125/><V60/><F107/><W104/><G135/><T75/><D127/><U124/><E124/><V111/><F111/><W130/><G130/><T11/><D42/><U19/><E131/><V58/><F91/><W114/><G0/><T98/><D11/><U5/><E73/><V57/><F57/><W59/><G113/><T63/><D96/><U69/><E76/><V80/><F47/><W56/><G114/><T77/><D64/><U61/><E6/><V84/><F2/><W9/><G100/><T134/><D134/><U123/><E123/><V52/><F80/><W31/><G31/><T72/><D78/><U97/><E69/><V34/><F55/><W103/><G103/><T116/><D116/><U106/><E61/><V4/><F4/><W118/><G15/><T68/><REACH who="0" step="1"/><D77/><REACH who="0" ten="240,250,250,250" step="2"/><U41/><E41/><V99/><F99/><W3/><G43/><T88/><D88/><U85/><E97/><V14/><F7/><W110/><G118/><T20/><D20/><U126/><E22/><V16/><F12/><W25/><G3/><T50/><D50/><U13/><E51/><V71/><F71/><W87/><G36/><T67/><D67/><U70/><E49/><V133/><F133/><W120/><G89/><T29/><D29/><U81/><E70/><V102/><F102/><W92/><G90/><T82/><D82/><U122/><E81/><V35/><REACH who="2" step="1"/><F14/><REACH who="2" ten="240,250,240,250" step="2"/><W62/><G105/><T28/><D28/><U17/><E126/><V132/><F132/><W112/><G104/><T93/><D93/><U53/><E94/><RYUUKYOKU ba="0,2" sc="240,15,250,-15,240,15,250,-15" hai0="24,27,37,38,39,63,65,68,72,75,95,98,101" hai2="16,18,32,34,35,40,45,52,58,60,79,83,84" /><INIT seed="0,1,2,0,5,47" ten="255,235,255,235" oya="0" hai0="69,22,20,99,77,10,126,107,7,64,39,50,30" hai1="18,14,60,40,94,114,78,43,28,123,11,125,59" hai2="98,81,131,128,106,74,120,111,5,36,88,51,49" hai3="29,38,24,37,122,44,58,4,95,63,52,118,119"/><T23/><D126/><U33/><E123/><V12/><F120/><W66/><G122/><T103/><D39/><U85/><E125/><V109/><F36/><W67/><G4/><T54/><D77/><U41/><E114/><V55/><F5/><W93/><G93/><T79/><D79/><U110/><E110/><N who="2" m="41995" /><F12/><W82/><G82/><T113/><D113/><U65/><E94/><N who="2" m="56647" /><F106/><W112/><G112/><T6/><D30/><U62/><E62/><V87/><F74/><W17/><G17/><T15/><D6/><U25/><REACH who="1" step="1"/><E43/><REACH who="1" ten="255,225,255,235" step="2"/><V116/><F116/><W117/><G95/><T34/><D34/><U13/><E13/><V9/><F9/><W102/><G119/><T71/><REACH who="0" step="1"/><D64/><REACH who="0" ten="245,225,255,235" step="2"/><U130/><E130/><N who="2" m="49707" /><F55/><W42/><G52/><T70/><D70/><U129/><E129/><V45/><F45/><AGARI ba="1,4" hai="7,10,15,20,22,23,45,50,54,69,71,99,103,107" machi="45" ten="40,3900,0" yaku="1,1,52,1,53,0" doraHai="47" doraHaiUra="26" who="0" fromWho="2" sc="245,82,225,0,255,-42,235,0" /><INIT seed="0,2,0,3,3,96" ten="327,225,213,235" oya="0" hai0="13,117,119,91,69,52,116,107,59,47,74,44,8" hai1="37,93,118,128,40,102,23,21,51,71,70,131,43" hai2="54,19,129,0,1,72,79,78,80,31,35,58,76" hai3="10,15,73,133,68,120,99,121,110,85,82,46,135"/><T95/><D107/><U111/><E118/><V67/><F129/><N who="1" m="49737" /><E37/><V106/><F106/><W57/><G110/><T3/><D74/><U62/><E111/><V6/><F67/><W17/><G68/><N who="1" m="26154" /><E62/><V92/><F35/><W86/><G73/><T22/><D3/><U41/><E51/><V38/><F31/><W45/><G57/><T53/><D22/><N who="1" m="8203" /><E93/><V114/><F114/><W48/><G46/><T65/><D69/><U34/><E34/><V56/><F38/><W124/><G124/><T29/><D65/><U20/><E20/><V101/><F58/><W60/><G60/><T32/><D53/><U5/><E5/><V49/><F6/><W2/><G2/><T61/><D29/><U7/><E7/><V94/><F94/><W103/><G121/><T109/><D32/><U14/><E14/><V126/><F126/><W63/><G63/><T26/><D26/><U100/><AGARI ba="2,0" hai="40,41,43,100,102" m="8203,26154,49737" machi="100" ten="40,8000,1" yaku="28,2,19,1,52,2" doraHai="96" who="1" fromWho="1" sc="327,-42,225,86,213,-22,235,-22" /><INIT seed="1,0,0,0,4,102" ten="285,311,191,213" oya="1" hai0="92,27,120,6,93,133,3,122,45,50,73,98,96" hai1="30,12,108,84,28,104,126,9,4,36,8,2,123" hai2="82,88,59,57,132,29,25,99,121,34,67,41,10" hai3="94,87,5,71,109,106,105,52,23,0,58,15,53"/><U83/><E123/><N who="0" m="47145" /><D73/><U89/><E36/><V48/><F121/><W55/><G71/><T116/><D27/><U60/><E126/><V124/><F124/><W21/><G0/><T127/><D127/><U43/><E43/><V81/><F132/><W46/><G46/><T49/><D133/><U38/><E38/><V118/><F118/><W68/><G68/><T31/><D31/><U13/><E108/><V110/><F110/><W115/><G109/><T101/><D116/><U54/><E104/><V24/><F10/><W77/><G115/><T131/><D131/><U125/><E125/><V65/><F41/><W76/><G58/><T80/><D80/><U117/><E2/><V112/><F112/><W18/><G5/><T33/><D33/><U44/><E117/><V79/><F24/><W75/><G75/><T32/><D32/><U17/><REACH who="1" step="1"/><E60/><REACH who="1" ten="285,301,191,213" step="2"/><V129/><F129/><W40/><G40/><T42/><D3/><U37/><E37/><V113/><F113/><W135/><G135/><T72/><D42/><U91/><E91/><V107/><F88/><N who="3" m="53535" /><G106/><T39/><D39/><U56/><E56/><V64/><F59/><W130/><G105/><N who="0" m="63655" /><D45/><U63/><E63/><V134/><F134/><W26/><G130/><T100/><D49/><AGARI ba="0,1" hai="4,8,9,12,13,17,28,30,44,49,54,83,84,89" machi="49" ten="40,12000,1" yaku="1,1,25,2,8,1,53,1" doraHai="102" doraHaiUra="85" who="1" fromWho="0" sc="285,-120,301,130,191,0,213,0" /><INIT seed="1,1,0,2,3,0" ten="165,431,191,213" oya="1" hai0="116,126,55,85,98,103,92,40,88,13,53,27,22" hai1="89,10,115,99,105,128,74,72,50,18,130,61,30" hai2="135,59,66,56,124,131,5,41,11,1,97,82,29" hai3="125,43,9,58,54,67,108,117,46,129,110,96,87"/><U94/><E115/><V39/><F131/><W49/><G129/><T42/><D126/><U95/><E105/><V73/><F124/><W4/><G125/><T3/><D116/><U127/><E127/><V118/><F118/><W81/><G117/><T2/><D13/><U132/><E132/><V44/><F135/><W21/><G21/><T90/><D3/><U102/><E30/><V60/><F29/><W109/><G96/><T84/><D2/><U123/><E123/><V70/><REACH who="2" step="1"/><F97/><REACH who="2" ten="165,431,181,213" step="2"/><W36/><G67/><T134/><D134/><U31/><E31/><V68/><F68/><W37/><G87/><T106/><D84/><U20/><E128/><V80/><F80/><W6/><G81/><T113/><D113/><U7/><E130/><V121/><F121/><W35/><G35/><T64/><D64/><U133/><E133/><V122/><F122/><W63/><G9/><T33/><D33/><U78/><E10/><V38/><F38/><AGARI ba="1,1" hai="4,6,36,37,38,43,46,49,54,58,63,108,109,110" machi="38" ten="50,6400,0" yaku="14,1,52,2" doraHai="0" who="3" fromWho="2" sc="165,0,431,0,181,-67,213,77" /><INIT seed="2,0,0,3,5,67" ten="165,431,114,290" oya="2" hai0="17,6,65,47,64,132,33,120,116,8,84,76,69" hai1="71,3,7,41,119,86,91,99,45,106,100,73,16" hai2="2,124,68,74,36,49,77,122,46,37,129,133,113" hai3="13,126,31,51,27,85,96,9,97,23,19,102,35"/><V42/><RYUUKYOKU type="yao9" ba="0,0" sc="165,0,431,0,114,0,290,0" hai2="2,36,37,42,46,49,68,74,77,113,122,124,129,133" /><INIT seed="2,1,0,5,4,20" ten="165,431,114,290" oya="2" hai0="64,72,76,109,87,89,74,38,79,62,111,113,21" hai1="45,33,17,25,112,99,107,35,125,12,2,114,77" hai2="118,22,69,59,129,70,82,7,110,78,36,54,80" hai3="108,57,47,52,29,27,24,63,132,95,94,53,88"/><V85/><F118/><W134/><G108/><N who="0" m="41547" /><D38/><U130/><E2/><V0/><F110/><W15/><G29/><T23/><D113/><U61/><E77/><N who="0" m="29769" /><D23/><U96/><E125/><V42/><F129/><W19/><G95/><N who="0" m="54719" /><D21/><U10/><E35/><V50/><F82/><W9/><G134/><T119/><D119/><U106/><E33/><V39/><F22/><W30/><G30/><T49/><D49/><U127/><E12/><V6/><F0/><W101/><G132/><T84/><D84/><U68/><E68/><AGARI ba="1,0" hai="62,64,68,72,74" m="54719,29769,41547" machi="68" ten="30,1000,0" yaku="14,1" doraHai="20" who="0" fromWho="1" sc="165,13,431,-13,114,0,290,0" /><INIT seed="3,0,0,5,1,25" ten="178,418,114,290" oya="3" hai0="99,87,39,100,64,14,73,115,89,49,102,22,131" hai1="19,35,90,78,101,129,65,58,119,122,17,68,10" hai2="28,11,37,105,45,6,42,91,132,110,109,72,46" hai3="86,32,20,0,13,51,84,123,21,26,134,18,130"/><W114/><G123/><T29/><D39/><U23/><E68/><V77/><F105/><W36/><G114/><T118/><D73/><U27/><E122/><V88/><F132/><W74/><G36/><T120/><D131/><U83/><E101/><V24/><F46/><W60/><G74/><T97/><D118/><U3/><E90/><V75/><F75/><W9/><G134/><T41/><D64/><U54/><E65/><V82/><F109/><W66/><G130/><T55/><D41/><U38/><E38/><V52/><F52/><W15/><G0/><T5/><D115/><U79/><E35/><V112/><F110/><W40/><G32/><T8/><D120/><U31/><E79/><V117/><F117/><W133/><G133/><T104/><D104/><U107/><E107/><V71/><F71/><W93/><G93/><T1/><D1/><U113/><E113/><V127/><F127/><W4/><G51/><T124/><D124/><U62/><E119/><V85/><F112/><W81/><G81/><N who="0" m="49391" /><D102/><U56/><E56/><V76/><F76/><W50/><G50/><T98/><D100/><U103/><E103/><V92/><F91/><W44/><G44/><N who="0" m="28071" /><D98/><U128/><E128/><V43/><F43/><W47/><G47/><T96/><D96/><U7/><E129/><V61/><F61/><W108/><G108/><T67/><D67/><U95/><E95/><V2/><F24/><AGARI ba="0,0" hai="5,8,14,22,24,29,97,99" m="28071,49391" machi="24" ten="30,2000,0" yaku="8,1,52,1" doraHai="25" who="0" fromWho="2" sc="178,20,418,0,114,-20,290,0" owari="198,-20.2,418,51.8,94,-40.6,290,9.0" /></mjloggm>