<mjloggm ver="2.3"><GO type="225" lobby="0"/><UN n0="%E7%99%BD%E5%80%89%E5%AF%9B%E4%B9%8B" n1="%E6%B5%81%E3%82%8C%EF%BC%9F%53%4F%41" n2="%E3%83%96%E3%83%83%E3%83%91%E3%82%AA%E3%83%96%E3%83%81%E3%82%AD%E3%83%B3" n3="%E3%81%90%E3%81%A1%E3%82%84%E3%81%BE" dan="16,17,16,16" rate="2137.53,2242.55,2056.43,2128.11" sx="M,M,M,M"/><TAIKYOKU oya="0"/><INIT seed="0,0,0,5,4,62" ten="250,250,250,250" oya="0" hai0="74,94,27,131,64,67,24,48,0,12,7,93,87" hai1="98,86,44,50,8,2,135,78,132,59,31,15,107" hai2="123,56,88,42,91,133,43,112,61,19,81,108,85" hai3="53,16,75,26,100,71,49,18,126,127,10,121,90"/><T80/><D0/><U35/><E2/><V66/><F123/><W92/><G75/><T130/><D74/><U13/><E59/><V95/><F112/><W82/><G71/><T34/><D48/><U116/><E116/><V60/><F108/><W114/><G114/><T58/><D58/><U17/><E13/><V30/><F133/><N who="1" m="51273" /><E31/><V23/><F61/><W84/><G121/><T1/><D1/><U45/><E35/><V97/><REACH who="2" step="1"/><F30/><REACH who="2" ten="250,250,240,250" step="2"/><W106/><G127/><T113/><D113/><U5/><E50/><V118/><F118/><W77/><G126/><T11/><D34/><U79/><E17/><V104/><F104/><W99/><G106/><T134/><D134/><U46/><E107/><V20/><F20/><W22/><G18/><T70/><D70/><U6/><E5/><V52/><F52/><W55/><G10/><T57/><D131/><U120/><E120/><V37/><F37/><W3/><G49/><T122/><D130/><U29/><E29/><V14/><AGARI ba="0,1" hai="14,19,23,42,43,56,60,66,81,85,88,91,95,97" machi="14" ten="20,12000,2" yaku="1,1,0,1,7,1,8,1,52,1,54,1,53,0" doraHai="62" doraHaiUra="73" who="2" fromWho="2" sc="250,-60,250,-30,240,130,250,-30" /><INIT seed="1,0,0,0,4,27" ten="190,220,370,220" oya="1" hai0="108,62,100,135,127,95,87,99,129,133,34,45,30" hai1="93,70,42,82,55,123,26,85,124,56,61,79,23" hai2="36,12,134,53,115,58,14,77,122,0,106,128,7" hai3="113,111,104,120,65,98,89,51,97,50,91,29,6"/><U94/><E123/><V20/><F122/><W41/><G120/><T126/><D108/><U72/><E124/><N who="0" m="47657" /><D45/><U96/><E72/><V92/><F128/><W31/><G113/><T78/><D62/><U13/><E70/><V19/><F134/><N who="0" m="51210" /><D129/><U118/><E118/><V88/><F115/><W86/><G104/><T39/><D39/><U48/><E13/><V80/><F36/><W28/><G111/><T10/><D10/><U112/><E112/><V3/><F106/><W16/><G6/><T57/><D57/><U90/><E93/><V2/><F14/><W64/><G16/><T109/><D109/><U49/><REACH who="1" step="1"/><E42/><REACH who="1" ten="190,210,370,220" step="2"/><V52/><F3/><W74/><G74/><T54/><D54/><U105/><E105/><V11/><F0/><W131/><G131/><T83/><D34/><U15/><E15/><V75/><REACH who="2" step="1"/><F58/><REACH who="2" ten="190,210,360,220" step="2"/><W18/><G65/><T24/><D24/><U8/><E8/><V102/><F102/><W25/><G64/><T21/><D21/><U44/><E44/><V35/><F35/><W121/><G121/><T37/><D37/><U40/><E40/><V73/><F73/><W4/><G41/><T32/><D32/><U66/><E66/><V81/><F81/><W43/><G43/><T33/><D33/><U47/><E47/><V114/><F114/><W68/><G25/><T46/><D46/><U103/><E103/><V5/><F5/><W59/><G4/><T63/><D63/><U84/><E84/><AGARI ba="0,2" hai="2,7,11,12,19,20,52,53,75,77,80,84,88,92" machi="84" ten="30,7700,0" yaku="1,1,7,1,54,2,53,0" doraHai="27" doraHaiUra="110" who="2" fromWho="1" sc="190,0,210,-77,360,97,220,0" /><INIT seed="2,0,0,0,3,124" ten="190,133,457,220" oya="2" hai0="83,66,84,82,13,38,98,8,126,27,0,47,16" hai1="96,135,106,92,85,59,113,68,127,10,46,88,40" hai2="70,54,29,130,36,56,30,32,79,71,116,91,128" hai3="100,43,125,39,7,114,87,97,105,107,120,42,76"/><V58/><F116/><W22/><G120/><T110/><D126/><U73/><E68/><N who="2" m="26155" /><F36/><W117/><G125/><T94/><D110/><U15/><E127/><V19/><F79/><W25/><G117/><T75/><D75/><U121/><E113/><V74/><F74/><W4/><G107/><T132/><D132/><U108/><E73/><V61/><F32/><W81/><G114/><T95/><D66/><U53/><E108/><V41/><F91/><W52/><G39/><T86/><D0/><U24/><E135/><V90/><F90/><W6/><REACH who="3" step="1"/><G52/><REACH who="3" ten="190,133,457,210" step="2"/><T60/><D38/><U26/><E121/><V72/><F41/><W133/><G133/><T34/><D47/><U102/><E46/><V123/><F54/><W119/><G119/><T11/><D60/><U62/><REACH who="1" step="1"/><E40/><REACH who="1" ten="190,123,457,210" step="2"/><V14/><F123/><W37/><G37/><T129/><D83/><U49/><E49/><V118/><F118/><W17/><AGARI ba="0,2" hai="4,6,7,17,22,25,42,43,76,81,87,97,100,105" machi="17" ten="30,2000,0" yaku="1,1,0,1,53,0" doraHai="124" doraHaiUra="122" who="3" fromWho="3" sc="190,-5,123,-5,457,-10,210,40" /><INIT seed="3,0,0,0,5,4" ten="185,118,447,250" oya="3" hai0="84,1,62,73,70,75,102,92,129,120,37,14,99" hai1="127,130,69,89,134,12,63,82,110,7,87,6,59" hai2="57,53,55,65,93,26,24,47,108,54,8,31,23" hai3="44,107,20,18,91,71,27,100,101,132,105,58,83"/><W88/><G71/><T16/><D1/><U74/><E74/><V49/><F108/><W40/><G132/><T35/><D37/><U97/><E69/><V119/><F119/><W36/><G105/><T45/><D35/><U19/><E110/><V3/><F93/><W42/><G42/><T115/><D120/><U9/><E130/><V131/><F131/><W17/><G107/><T104/><D129/><U72/><E72/><V133/><F133/><W39/><G39/><T135/><D135/><U126/><E134/><V56/><F3/><W114/><G114/><T61/><D45/><U41/><E41/><N who="2" m="24815" /><F8/><W95/><G58/><N who="2" m="22633" /><F26/><W68/><G68/><T111/><D14/><U13/><E97/><V117/><F117/><W50/><G36/><T10/><D10/><U48/><E48/><V124/><F124/><W78/><G17/><T79/><D16/><U67/><REACH who="1" step="1"/><E13/><REACH who="1" ten="185,108,447,250" step="2"/><V64/><AGARI ba="0,1" hai="23,24,31,53,54,55,64,65" m="22633,24815" machi="64" ten="30,1100,0" yaku="8,1" doraHai="4" who="2" fromWho="2" sc="185,-3,108,-3,447,21,250,-5" owari="182,-21.8,105,-39.5,468,56.8,245,4.5" /></mjloggm>