<mjloggm ver="2.3"><GO type="225" lobby="0"/><UN n0="%70%6F%69%73%6F%6E%30%32" n1="%E3%81%BF%E3%81%BF%E3%81%9A" n2="%E3%81%AF%E3%82%88%E3%81%8A%E3%81%98%E3%81%95%E3%82%93" n3="%E6%98%93%E5%88%A9%E8%96%A9%E4%BC%AF" dan="16,17,17,17" rate="2108.08,2173.67,2151.81,2147.81" sx="M,M,M,F"/><TAIKYOKU oya="0"/><INIT seed="0,0,0,1,1,3" ten="250,250,250,250" oya="0" hai0="25,64,88,108,113,109,12,118,52,112,114,106,29" hai1="75,38,111,58,117,101,15,134,23,124,96,76,80" hai2="4,0,57,99,84,74,83,69,7,40,62,82,129" hai3="70,13,44,79,37,93,92,103,9,42,120,10,72"/><T46/><D64/><U116/><E111/><N who="0" m="42569" /><D106/><U66/><E38/><V17/><F129/><W127/><G127/><T8/><D118/><U95/><E124/><V50/><F74/><W91/><G120/><T130/><D130/><U32/><E32/><V36/><F0/><W59/><G70/><T47/><D88/><U110/><E134/><V115/><F115/><W61/><G103/><T104/><D104/><U67/><E110/><V5/><F36/><W33/><G33/><N who="0" m="20655" /><D52/><U77/><E77/><V1/><F1/><W34/><G34/><T68/><D68/><U28/><E66/><V65/><F99/><W107/><G107/><T39/><D39/><U122/><E122/><V48/><F69/><W81/><G91/><T60/><D60/><N who="1" m="38295" /><E15/><V22/><F40/><W43/><G43/><T63/><D63/><U16/><E117/><V98/><F98/><W18/><G92/><T119/><D119/><U6/><E116/><V73/><F73/><W97/><G93/><T49/><D49/><N who="2" m="19050" /><F84/><W19/><G97/><T123/><D123/><U30/><E75/><V31/><F31/><N who="1" m="11817" /><E80/><V51/><N who="2" m="19058" /><V128/><DORA hai="102" /><F128/><W131/><G131/><T21/><D21/><U11/><E76/><V135/><F135/><W133/><G133/><T54/><D54/><U87/><E87/><V55/><F55/><N who="3" m="34047" /><G13/><AGARI ba="0,0" hai="4,5,7,13,17,22,57,62,65,82,83" m="19058" machi="13" ten="40,8000,1" yaku="8,1,52,3" doraHai="3,102" who="2" fromWho="3" sc="250,0,250,0,250,80,250,-80" /><INIT seed="1,0,0,1,4,51" ten="250,250,330,170" oya="1" hai0="98,78,93,49,24,34,8,12,53,124,26,55,41" hai1="88,114,44,99,33,94,121,70,1,129,20,105,100" hai2="3,67,60,107,89,38,21,108,73,86,6,85,57" hai3="123,131,116,64,11,59,117,106,119,128,18,110,65"/><U17/><E114/><V115/><F73/><W2/><G106/><T37/><D124/><U102/><E121/><V132/><F38/><W63/><G123/><T87/><D37/><U50/><E33/><V125/><F107/><W97/><G110/><T81/><D41/><U92/><E1/><V113/><F108/><W36/><G36/><T62/><D62/><U13/><E70/><V14/><F125/><W23/><G97/><T126/><D126/><U133/><E129/><N who="3" m="49738" /><G11/><T58/><D34/><U91/><E133/><V101/><F101/><W22/><G2/><T40/><D55/><N who="1" m="30151" /><E105/><V35/><F35/><W69/><G18/><T134/><D40/><U10/><E10/><V54/><F3/><W28/><G28/><T83/><D83/><U32/><E32/><V71/><F6/><W19/><G19/><N who="0" m="8583" /><D134/><U127/><E127/><V25/><F132/><W82/><G82/><T27/><D27/><U79/><E79/><V15/><F15/><W130/><N who="3" m="49746" /><W95/><DORA hai="77" /><G95/><T90/><AGARI ba="0,0" hai="24,26,49,53,58,78,81,87,90,93,98" m="8583" machi="90" ten="30,4000,0" yaku="8,1,52,2" doraHai="51,77" who="0" fromWho="0" sc="250,40,250,-20,330,-10,170,-10" /><INIT seed="2,0,0,2,4,4" ten="290,230,320,160" oya="2" hai0="83,73,30,116,122,37,17,100,91,124,32,69,57" hai1="90,92,61,82,99,130,7,128,1,104,114,101,126" hai2="74,59,9,94,67,113,118,110,68,26,71,127,46" hai3="54,78,58,76,23,13,93,21,72,10,0,108,103"/><V38/><F118/><W51/><G108/><T14/><D69/><U48/><E114/><V85/><F113/><W27/><G0/><T3/><D37/><U79/><E126/><V121/><F121/><W47/><G72/><T22/><D122/><U97/><E61/><V28/><F74/><W39/><G39/><T44/><D3/><U132/><E48/><V56/><F127/><W43/><G103/><T12/><D44/><U86/><E7/><V55/><F110/><W112/><G112/><T50/><D100/><N who="1" m="62479" /><E1/><V62/><F9/><W88/><G43/><T40/><D116/><U107/><E132/><V125/><F125/><W70/><G70/><T41/><D32/><U42/><E42/><V53/><F38/><W34/><G58/><T15/><D30/><U123/><E123/><V63/><F46/><W33/><G33/><T105/><D105/><U89/><E89/><V18/><F18/><W115/><G34/><T24/><D91/><U6/><E6/><V133/><F133/><W87/><G115/><T64/><D124/><U131/><E79/><N who="3" m="30250" /><G27/><T109/><D109/><U19/><E19/><AGARI ba="0,0" hai="10,13,19,21,23,47,51,54,87,88,93" m="30250" machi="19" ten="30,3900,0" yaku="8,1,52,1,54,1" doraHai="4" who="3" fromWho="1" sc="290,0,230,-39,320,0,160,39" /><INIT seed="3,0,0,0,1,98" ten="290,191,320,199" oya="3" hai0="75,46,53,54,8,100,2,101,31,85,114,52,65" hai1="13,108,133,97,45,112,11,83,76,56,27,21,106" hai2="12,95,42,47,111,123,32,91,73,80,50,115,55" hai3="26,109,70,40,17,120,22,38,49,57,110,35,121"/><W29/><G70/><T118/><D75/><U19/><E112/><V122/><F115/><W5/><G38/><T7/><D118/><U74/><E108/><N who="3" m="41578" /><G5/><T102/><D114/><U77/><E133/><V125/><F111/><W41/><G57/><T128/><D128/><U84/><E45/><V43/><F32/><W30/><G30/><T18/><D31/><U24/><E106/><V96/><F125/><W15/><G49/><T90/><D65/><U28/><E97/><V107/><F107/><W16/><G17/><T103/><N who="0" m="25600" /><DORA hai="66" /><T113/><D18/><U23/><E56/><V51/><F12/><W129/><G129/><T60/><D113/><U58/><E58/><V4/><F4/><W126/><G126/><T119/><D119/><U82/><REACH who="1" step="1"/><E24/><REACH who="1" ten="290,181,320,199" step="2"/><V10/><F47/><W116/><G116/><T33/><D46/><U87/><E87/><V104/><F104/><W64/><G64/><T6/><D60/><U59/><E59/><V9/><F43/><AGARI ba="0,1" hai="15,16,22,26,29,35,40,41,43,120,121" m="41578" machi="43" ten="30,5800,0" yaku="14,1,10,1,54,1" doraHai="98,66" who="3" fromWho="2" sc="290,0,181,0,320,-58,199,68" /><INIT seed="3,1,0,0,2,38" ten="290,181,262,267" oya="3" hai0="72,49,115,134,81,50,82,51,28,83,80,67,48" hai1="64,73,70,120,85,34,4,10,128,15,98,36,59" hai2="88,31,121,69,18,102,13,40,104,68,74,39,86" hai3="62,126,63,78,65,95,94,132,129,103,77,20,123"/><W107/><G123/><T46/><D134/><U84/><E120/><V108/><F121/><W122/><G122/><T110/><D110/><U17/><E73/><V1/><F1/><W42/><G107/><T29/><D115/><U96/><E34/><V44/><F74/><W109/><G132/><T117/><D117/><U24/><E70/><V52/><F108/><W25/><G109/><T133/><D133/><U75/><E36/><V2/><F2/><W66/><G126/><T127/><D67/><U45/><E75/><V9/><F31/><W16/><G42/><T32/><D32/><U89/><E45/><V99/><F52/><W35/><G35/><T101/><D101/><U27/><E128/><V0/><F0/><W130/><G78/><T5/><D5/><U26/><E4/><V12/><F13/><W87/><G77/><T53/><REACH who="0" step="1"/><D127/><REACH who="0" ten="280,181,262,267" step="2"/><U30/><E30/><V19/><F18/><W57/><G103/><T93/><D93/><AGARI ba="1,1" hai="9,12,19,39,40,44,68,69,86,88,93,99,102,104" machi="93" ten="30,3900,0" yaku="7,1,52,1,54,1" doraHai="38" who="2" fromWho="0" sc="280,-42,181,0,262,52,267,0" owari="238,-16.2,181,-31.9,314,41.4,267,6.7" /></mjloggm>