<mjloggm ver="2.3"><GO type="225" lobby="0"/><UN n0="%E9%B3%B4%E8%8C%B6" n1="%E5%B8%86%E7%AB%8B%E5%A4%8F%E8%A1%A3" n2="%E3%81%AD%E3%82%80%E3%81%84%40%E9%9B%80%E9%B3%B4%E4%BC%9A" n3="%72%65%6E%6B%75%6E" dan="16,17,16,17" rate="2149.68,2264.26,2216.35,2188.97" sx="M,M,F,M"/><TAIKYOKU oya="0"/><INIT seed="0,0,0,3,1,120" ten="250,250,250,250" oya="0" hai0="46,87,12,32,25,75,112,44,125,113,38,7,28" hai1="17,129,48,26,18,83,89,119,21,57,55,4,103" hai2="65,76,10,115,35,94,67,41,73,14,134,135,16" hai3="68,118,107,122,123,58,53,37,49,40,77,60,72"/><T106/><D75/><U92/><E129/><V0/><F115/><W56/><G107/><T88/><D106/><U99/><E119/><V64/><F35/><W23/><G72/><T124/><D7/><U79/><E4/><V11/><F41/><W31/><G77/><T13/><D113/><U70/><E70/><V86/><F0/><W80/><G80/><T82/><D112/><U39/><E39/><V50/><F50/><W2/><G2/><T36/><D38/><U105/><E105/><V34/><F34/><W62/><G31/><T6/><D6/><U128/><E128/><V109/><F109/><W43/><G23/><T111/><D111/><U74/><REACH who="1" step="1"/><E103/><REACH who="1" ten="250,240,250,250" step="2"/><V27/><F135/><W117/><G37/><T132/><D132/><U85/><E85/><V114/><F134/><W126/><G68/><T59/><D36/><U96/><E96/><V1/><F114/><W47/><G126/><N who="0" m="48747" /><D59/><U20/><E20/><V110/><F73/><W3/><G3/><T15/><AGARI ba="0,1" hai="12,13,15,25,28,32,44,46,82,87,88" m="48747" machi="15" ten="30,3000,0" yaku="18,1,54,1" doraHai="120" who="0" fromWho="0" sc="250,40,240,-10,250,-10,250,-10" /><INIT seed="0,1,0,2,5,72" ten="290,230,240,240" oya="0" hai0="104,9,125,111,129,44,99,78,91,118,108,126,1" hai1="10,59,135,90,86,42,0,70,38,76,57,102,62" hai2="27,88,121,43,39,120,31,54,107,56,113,36,3" hai3="65,130,63,48,117,40,134,14,68,123,124,128,115"/><T12/><D118/><U96/><E135/><V29/><F113/><W66/><G14/><T98/><D1/><U109/><E109/><N who="0" m="42057" /><D129/><N who="3" m="49769" /><G115/><T89/><D44/><U26/><E70/><V133/><F107/><W50/><G117/><T7/><D78/><U100/><E38/><V5/><F133/><W49/><G134/><T67/><D67/><U87/><E42/><V106/><F43/><W71/><G123/><T15/><D15/><U80/><E59/><V25/><F56/><W105/><G105/><T13/><D13/><U21/><E10/><V2/><F106/><W34/><G34/><T11/><D11/><U95/><E87/><V132/><F132/><W94/><G94/><N who="0" m="56655" /><D91/><U53/><REACH who="1" step="1"/><E0/><REACH who="1" ten="290,220,240,240" step="2"/><V110/><F110/><W23/><G40/><T92/><D92/><U73/><E73/><V19/><F2/><W127/><G23/><T37/><D37/><U32/><E32/><V46/><F3/><W64/><G68/><T35/><D35/><U61/><E61/><V114/><F114/><W17/><G71/><T60/><D60/><U47/><E47/><V112/><F46/><W93/><G93/><T24/><D24/><U55/><E55/><V22/><F54/><W45/><G45/><T52/><D52/><U103/><E103/><AGARI ba="1,1" hai="7,9,12,99,103,104,125,126" m="56655,42057" machi="103" ten="30,2900,0" yaku="14,1,10,1" doraHai="72" who="0" fromWho="1" sc="290,42,220,-32,240,0,240,0" /><INIT seed="0,2,0,2,1,100" ten="332,188,240,240" oya="0" hai0="96,50,127,18,130,28,62,53,99,122,31,21,13" hai1="49,112,91,15,47,41,59,85,103,129,66,75,83" hai2="133,22,6,52,39,69,135,86,98,32,26,101,65" hai3="46,34,110,29,119,19,90,51,40,105,43,93,12"/><T63/><D122/><U73/><E129/><V111/><F39/><W97/><G119/><T38/><D38/><U113/><E103/><V104/><F111/><W89/><G110/><T109/><D127/><U134/><E134/><N who="2" m="51211" /><F6/><W74/><G74/><T11/><D130/><U20/><E66/><V125/><F86/><W56/><G105/><T116/><D116/><U71/><E71/><V45/><F32/><W9/><G56/><T121/><D109/><U132/><E59/><V84/><F84/><W30/><G34/><T67/><D121/><U78/><E132/><V14/><F14/><W0/><G0/><T35/><D35/><U44/><E44/><V115/><F115/><N who="1" m="44105" /><E78/><V131/><F125/><W81/><G43/><T10/><D67/><U77/><E77/><V64/><F69/><W118/><G118/><T70/><D70/><U48/><E48/><N who="2" m="28687" /><F131/><W120/><G120/><T82/><D82/><U108/><E108/><V61/><F61/><W92/><REACH who="3" step="1"/><G81/><REACH who="3" ten="332,188,240,230" step="2"/><T106/><D63/><U76/><E76/><V124/><F124/><W107/><G107/><T123/><D106/><U1/><E1/><V8/><F8/><W95/><G95/><T7/><D62/><U87/><E87/><AGARI ba="2,1" hai="9,12,19,29,30,40,46,51,87,89,90,92,93,97" machi="87" ten="30,8000,1" yaku="1,1,7,1,8,1,53,2" doraHai="100" doraHaiUra="88" who="3" fromWho="1" sc="332,0,188,-86,240,0,230,96" /><INIT seed="1,0,0,1,1,63" ten="332,102,240,326" oya="1" hai0="32,33,105,70,61,87,67,93,107,134,72,86,127" hai1="39,106,135,84,43,45,97,121,52,98,83,122,17" hai2="34,64,7,23,54,36,12,25,56,13,6,75,112" hai3="50,5,82,94,30,62,47,35,74,14,128,90,11"/><U111/><E135/><V38/><F75/><W73/><G128/><T126/><D72/><U55/><E111/><V49/><F34/><N who="0" m="13418" /><D93/><U16/><E106/><N who="0" m="40457" /><D134/><U0/><E0/><V1/><F112/><W68/><G82/><T26/><D26/><U42/><E45/><V57/><F1/><W129/><G129/><T109/><D109/><U29/><E84/><V41/><F41/><W131/><G131/><T20/><D20/><U44/><E44/><V77/><F77/><W69/><G30/><T24/><D24/><U114/><E114/><V40/><F40/><W15/><G35/><T99/><D99/><U118/><E118/><V80/><F80/><W9/><G62/><T78/><D78/><U89/><E83/><V117/><F117/><W133/><G133/><T19/><D19/><U103/><E103/><V120/><F120/><W96/><G73/><T85/><D85/><U92/><E92/><V119/><F119/><W132/><G74/><T125/><AGARI ba="0,0" hai="61,67,70,86,87,125,126,127" m="40457,13418" machi="125" ten="40,2700,0" yaku="18,1,52,1" doraHai="63" who="0" fromWho="0" sc="332,27,102,-13,240,-7,326,-7" /><INIT seed="2,0,0,1,1,13" ten="359,89,233,319" oya="2" hai0="94,102,87,5,40,123,45,71,35,81,85,19,70" hai1="113,0,132,112,4,62,39,97,98,121,108,24,34" hai2="129,1,124,32,120,78,53,106,57,49,46,95,65" hai3="135,48,88,38,14,77,122,61,111,21,66,59,114"/><V56/><F120/><W128/><G122/><T133/><D123/><U96/><E121/><RYUUKYOKU type="kaze4" ba="0,0" sc="359,0,89,0,233,0,319,0" /><INIT seed="2,1,0,2,5,87" ten="359,89,233,319" oya="2" hai0="13,110,72,46,126,92,60,109,81,20,37,73,123" hai1="129,15,44,71,24,27,95,99,6,35,32,51,62" hai2="76,17,93,70,104,31,77,84,102,108,53,0,122" hai3="79,4,41,25,64,83,40,50,61,80,26,115,89"/><V47/><F122/><W74/><G115/><T111/><D126/><U36/><E129/><V97/><F70/><W7/><G74/><T127/><D127/><U11/><E36/><V90/><F0/><W130/><G50/><T58/><D123/><U135/><E35/><V63/><F31/><W55/><G55/><T121/><D121/><U10/><E32/><V112/><F112/><W56/><G130/><T12/><D92/><U98/><E135/><V113/><F113/><W14/><G79/><N who="0" m="44263" /><D73/><U107/><E107/><V101/><F101/><W125/><G125/><T100/><D100/><U96/><E71/><V5/><F5/><N who="3" m="2123" /><G14/><T131/><D131/><U67/><E11/><V65/><F108/><W134/><G134/><T88/><D88/><U29/><E62/><V42/><F17/><W94/><G80/><T132/><D20/><U86/><E67/><V85/><F85/><N who="3" m="52527" /><G83/><T54/><D132/><U69/><E69/><V118/><F118/><W34/><G34/><T3/><D3/><U103/><E86/><V28/><F65/><W82/><G82/><T9/><D9/><U39/><E39/><V105/><F105/><W114/><G114/><T59/><D37/><U18/><E29/><V21/><F42/><AGARI ba="1,0" hai="25,26,40,41,42,56,61,64" m="52527,2123" machi="42" ten="30,2000,0" yaku="8,1,52,1" doraHai="87" who="3" fromWho="2" sc="359,0,89,0,233,-23,319,23" /><INIT seed="3,0,0,1,2,43" ten="359,89,210,342" oya="3" hai0="79,60,54,25,55,117,13,95,130,32,6,85,18" hai1="64,81,107,132,51,128,75,91,71,80,57,70,134" hai2="42,14,27,40,10,78,11,26,106,123,119,24,126" hai3="113,30,50,98,46,7,74,89,115,9,47,4,120"/><W129/><G74/><T72/><D72/><U94/><E75/><V87/><F119/><W77/><G120/><T66/><D117/><U22/><E107/><V109/><F106/><W3/><G30/><T96/><D130/><U76/><E94/><V35/><F24/><W88/><G129/><T127/><D127/><U21/><E128/><V133/><F26/><W65/><G77/><T125/><D125/><U118/><E118/><V58/><F42/><W116/><G116/><T5/><D25/><U101/><E51/><V20/><F58/><W12/><G65/><T59/><D32/><U17/><E57/><V111/><F20/><W56/><G3/><T69/><D85/><U108/><E64/><V84/><F87/><W102/><G7/><N who="0" m="2571" /><D79/><U67/><E67/><V99/><F84/><W16/><G4/><T90/><D69/><U23/><E76/><V8/><F99/><W15/><G15/><T131/><D131/><U97/><E23/><AGARI ba="0,0" hai="13,18,23,54,55,59,60,66,90,95,96" m="2571" machi="23" ten="30,1000,0" yaku="8,1" doraHai="43" who="0" fromWho="1" sc="359,10,89,-10,210,0,342,0" owari="369,46.9,79,-42.1,210,-19.0,342,14.2" /></mjloggm>