<mjloggm ver="2.3"><GO type="225" lobby="0"/><UN n0="%E3%83%A9%E3%83%BC%E3%83%A1%E3%83%B3%E4%BA%94%E9%83%8E" n1="%E3%81%BF%E3%81%BF%E3%81%9A" n2="%E3%83%96%E3%83%83%E3%83%91%E3%82%AA%E3%83%96%E3%83%81%E3%82%AD%E3%83%B3" n3="%E3%81%AF%E3%82%88%E3%81%8A%E3%81%98%E3%81%95%E3%82%93" dan="16,17,16,17" rate="2100.34,2191.36,2150.34,2157.26" sx="M,M,M,M"/><TAIKYOKU oya="0"/><INIT seed="0,0,0,1,5,64" ten="250,250,250,250" oya="0" hai0="75,10,14,5,131,61,57,47,40,28,105,92,1" hai1="22,58,74,114,121,113,81,24,107,82,9,33,89" hai2="71,2,66,83,116,77,129,106,48,90,43,18,119" hai3="109,12,101,19,118,16,59,103,134,99,69,27,30"/><T6/><D105/><U20/><E121/><V133/><F106/><W108/><G118/><N who="2" m="45097" /><F2/><W68/><G59/><T26/><D75/><U70/><E107/><V125/><F133/><W102/><G99/><T32/><D131/><U86/><E58/><V37/><F125/><W117/><G117/><T41/><D92/><U128/><E128/><V132/><F132/><W8/><G19/><T126/><D126/><U44/><E44/><V97/><F129/><W36/><G36/><T123/><D123/><U135/><E135/><V115/><F115/><N who="1" m="44041" /><E9/><V23/><F37/><W120/><G120/><T4/><D1/><U112/><N who="1" m="44049" /><U63/><DORA hai="73" /><E33/><V127/><F127/><W11/><G8/><T45/><D45/><U62/><E70/><V31/><F31/><W35/><REACH who="3" step="1"/><G134/><REACH who="3" ten="250,250,250,240" step="2"/><T51/><REACH who="0" step="1"/><D40/><REACH who="0" ten="240,250,250,240" step="2"/><U67/><E74/><V96/><F43/><W55/><G55/><AGARI ba="0,2" hai="4,5,6,10,14,26,28,32,41,47,51,55,57,61" machi="55" ten="30,5800,0" yaku="1,1,2,1,7,1,53,0" doraHai="64,73" doraHaiUra="78,88" who="0" fromWho="3" sc="240,78,250,0,250,0,240,-58" /><INIT seed="0,1,0,1,4,114" ten="318,250,250,182" oya="0" hai0="64,25,108,27,113,130,89,81,22,84,46,74,62" hai1="55,29,69,39,97,73,78,53,52,121,16,6,77" hai2="106,118,33,87,98,14,125,21,132,95,5,9,32" hai3="13,124,99,59,127,57,83,47,7,43,10,102,71"/><T42/><D113/><U75/><E121/><V56/><F125/><W65/><G71/><T61/><D130/><U93/><E69/><V128/><F128/><W96/><G96/><T105/><D105/><U126/><E39/><V37/><F37/><W91/><G65/><T107/><D107/><U72/><E126/><N who="3" m="48170" /><G91/><T122/><D122/><U82/><E29/><V111/><F111/><W104/><G83/><T110/><D74/><U28/><E28/><V120/><F132/><W45/><G45/><T70/><D62/><U4/><E16/><V115/><F87/><W17/><G17/><T112/><D112/><U15/><E15/><V94/><F98/><W92/><G104/><T8/><D27/><U3/><E3/><V60/><F106/><W18/><G18/><T30/><REACH who="0" step="1"/><D8/><REACH who="0" ten="308,250,250,182" step="2"/><U0/><E73/><V44/><F9/><W80/><G80/><T103/><D103/><U123/><E123/><V38/><F120/><W116/><G116/><T48/><AGARI ba="1,1" hai="22,25,30,42,46,48,61,64,70,81,84,89,108,110" machi="48" ten="30,6000,0" yaku="1,1,0,1,53,1" doraHai="114" doraHaiUra="23" who="0" fromWho="0" sc="308,73,250,-21,250,-21,182,-21" /><INIT seed="0,2,0,5,0,109" ten="381,229,229,161" oya="0" hai0="68,14,119,85,46,42,76,55,134,56,50,44,110" hai1="92,99,16,111,81,77,97,106,96,101,5,121,38" hai2="73,58,125,135,12,114,94,84,52,71,64,15,0" hai3="79,13,132,116,51,75,124,60,10,9,1,31,115"/><T91/><D119/><U48/><E38/><V39/><F0/><W23/><G116/><T24/><D110/><U57/><E111/><V86/><F73/><W93/><G124/><T3/><D3/><U127/><E121/><V100/><F114/><W65/><G132/><T98/><D68/><U27/><E127/><V102/><F125/><W130/><G130/><T131/><D131/><U45/><E5/><V29/><F39/><W63/><G115/><T49/><D134/><U82/><E57/><V133/><F71/><W120/><G120/><T26/><D76/><U59/><E59/><V123/><F123/><W40/><G1/><T28/><D98/><N who="1" m="37995" /><E106/><V34/><F34/><W41/><G93/><T30/><D14/><N who="2" m="5162" /><F135/><W104/><G104/><T74/><D74/><U25/><E77/><V88/><F133/><W117/><G117/><T47/><D30/><U18/><E27/><N who="0" m="10281" /><D28/><U37/><E37/><V53/><F29/><W67/><G79/><T95/><AGARI ba="2,0" hai="42,44,46,47,49,50,55,56,85,91,95" m="10281" machi="95" ten="30,1500,0" yaku="8,1" doraHai="109" who="0" fromWho="0" sc="381,21,229,-7,229,-7,161,-7" /><INIT seed="0,3,0,5,4,131" ten="402,222,222,154" oya="0" hai0="24,25,103,106,22,37,34,66,95,85,133,87,107" hai1="5,6,71,1,13,3,117,26,70,39,124,84,61" hai2="122,8,94,23,65,111,115,113,88,29,96,17,90" hai3="57,11,116,86,4,40,2,97,49,32,109,63,20"/><T102/><D37/><U129/><E39/><V119/><F122/><W55/><G109/><T100/><D34/><U99/><E117/><V120/><F120/><W46/><G116/><T75/><D75/><U74/><E74/><V68/><F119/><W38/><G32/><T42/><D42/><U54/><E84/><V33/><F111/><W123/><G123/><T126/><D126/><U67/><E26/><V105/><F8/><W112/><G112/><T110/><D110/><U28/><E28/><V82/><F105/><W114/><G114/><T45/><D45/><U9/><E129/><V21/><F21/><W80/><G97/><T19/><D66/><U77/><E77/><V31/><F33/><W104/><G104/><T73/><D73/><U72/><E72/><V64/><F113/><W134/><G20/><T0/><D0/><U16/><E124/><V10/><F10/><W53/><G134/><T35/><D133/><U91/><E71/><V128/><F128/><W127/><G127/><T30/><D85/><U59/><E1/><V58/><F68/><W18/><G18/><T48/><D48/><U132/><E3/><V81/><F115/><W43/><REACH who="3" step="1"/><G38/><REACH who="3" ten="402,222,222,144" step="2"/><T83/><D107/><U56/><E132/><V76/><F31/><W7/><G7/><T69/><D106/><U98/><E98/><V79/><F29/><W89/><AGARI ba="3,1" hai="2,4,11,40,43,46,49,53,55,57,63,80,86,89" machi="89" ten="20,2700,0" yaku="1,1,0,1,7,1,53,0" doraHai="131" doraHaiUra="15" who="3" fromWho="3" sc="402,-16,222,-10,222,-10,144,46" /><INIT seed="1,0,0,3,0,63" ten="386,212,212,190" oya="1" hai0="84,114,26,86,17,1,106,31,68,79,96,132,100" hai1="83,16,2,19,69,67,92,64,65,76,28,123,125" hai2="108,89,98,10,51,110,87,61,4,8,112,21,44" hai3="111,39,14,119,53,77,116,0,93,59,37,11,58"/><U27/><E123/><V33/><F33/><W85/><G111/><T56/><D114/><U129/><E69/><V57/><F112/><W118/><G0/><T88/><D1/><U24/><E2/><V18/><F98/><W54/><G77/><T127/><D79/><U134/><E125/><V42/><F110/><W6/><G85/><T135/><D127/><U81/><E134/><N who="0" m="51241" /><D17/><N who="1" m="6731" /><E129/><V15/><F4/><W103/><G93/><N who="0" m="54407" /><D68/><U12/><E76/><V62/><F62/><N who="3" m="36175" /><G103/><T35/><D86/><U113/><E113/><V130/><F130/><W41/><G41/><T97/><D97/><U126/><E126/><V128/><F128/><W22/><G22/><T20/><D56/><U95/><E12/><V52/><REACH who="2" step="1"/><F108/><REACH who="2" ten="386,212,202,190" step="2"/><W23/><G23/><AGARI ba="0,1" hai="20,23,26,31,35,96,100,106" m="54407,51241" machi="23" ten="30,2000,0" yaku="20,1,54,1" doraHai="63" who="0" fromWho="3" sc="386,30,212,0,202,0,190,-20" /><INIT seed="2,0,0,2,3,69" ten="416,212,202,170" oya="2" hai0="59,121,119,110,36,117,104,47,108,109,100,54,120" hai1="34,102,2,35,132,81,15,106,114,22,111,8,73" hai2="123,87,48,38,51,13,103,118,20,61,19,7,89" hai3="96,30,55,72,21,113,93,86,76,107,46,31,9"/><V28/><F118/><N who="0" m="45066" /><D100/><U70/><E70/><V27/><F123/><W133/><G133/><T56/><D104/><U79/><E114/><V135/><F135/><W74/><G113/><T37/><D59/><U112/><E112/><V52/><F7/><W125/><G125/><T95/><D95/><U90/><E132/><V97/><F38/><N who="0" m="14954" /><D47/><U39/><E39/><V65/><F97/><W6/><G107/><T32/><D32/><U14/><E34/><V25/><F103/><W131/><G46/><T18/><D18/><U115/><E35/><V122/><F122/><W71/><G71/><T78/><D78/><U29/><E79/><V5/><F5/><W45/><G45/><T16/><D16/><U33/><E33/><V26/><F28/><W44/><G31/><T75/><D75/><U130/><E73/><V17/><F17/><W10/><G74/><T63/><AGARI ba="0,0" hai="54,56,63,108,109,110,120,121" m="14954,45066" machi="63" ten="40,12000,2" yaku="14,1,12,1,34,2,52,3" doraHai="69" who="0" fromWho="0" sc="416,120,212,-30,202,-60,170,-30" /><INIT seed="3,0,0,0,2,55" ten="536,182,142,140" oya="3" hai0="46,133,107,38,124,29,89,75,79,31,25,21,72" hai1="122,104,82,42,52,15,84,60,65,33,30,129,77" hai2="73,12,99,27,100,45,50,91,63,20,116,56,74" hai3="134,39,71,86,120,108,23,128,111,10,54,66,114"/><W36/><G120/><T67/><D21/><U132/><E122/><V130/><F116/><W105/><G114/><T87/><D89/><U101/><E129/><V69/><F91/><W11/><G128/><T62/><D87/><U61/><E132/><V35/><F12/><W115/><G115/><T70/><D25/><U41/><E15/><V64/><F69/><W9/><G134/><T83/><D62/><U43/><E52/><V102/><F35/><W97/><G86/><T37/><D83/><U4/><E4/><V126/><F126/><W24/><G54/><T13/><D13/><U80/><E80/><V7/><F7/><W49/><G49/><T6/><D46/><U76/><E76/><V121/><F121/><W85/><G85/><T32/><D29/><U94/><E94/><N who="2" m="58487" /><F102/><N who="3" m="62671" /><G66/><T34/><D67/><U44/><E44/><V112/><F112/><W92/><G92/><T2/><D133/><U95/><E95/><V106/><F106/><W93/><G71/><T57/><D107/><U117/><E117/><V135/><F135/><W5/><G5/><T113/><D70/><U47/><E47/><V109/><F130/><W58/><G58/><T59/><D6/><U98/><REACH who="1" step="1"/><E65/><REACH who="1" ten="536,172,142,140" step="2"/><V19/><F64/><W125/><G93/><T127/><D59/><U28/><E28/><V110/><F56/><W81/><G81/><T119/><D72/><N who="2" m="27754" /><F63/><W88/><G125/><T0/><D37/><N who="3" m="14409" /><G88/><T51/><D51/><U48/><E48/><V16/><F19/><W53/><G53/><T96/><D113/><U78/><E78/><V103/><F103/><W131/><G131/><RYUUKYOKU ba="0,1" sc="536,-30,172,10,142,10,140,10" hai1="30,33,41,42,43,60,61,77,82,84,98,101,104" hai2="16,20,27,45,50,109,110" hai3="9,10,11,23,24,108,111" /><INIT seed="3,1,1,2,2,116" ten="506,182,152,150" oya="3" hai0="60,72,64,77,124,66,54,57,37,38,2,1,117" hai1="48,89,81,25,110,35,17,76,132,12,95,86,97" hai2="30,7,99,28,20,46,123,126,75,62,55,44,105" hai3="100,23,74,11,115,108,128,56,112,29,101,27,47"/><W31/><G74/><T80/><D117/><U43/><E110/><V130/><F75/><W24/><G108/><T125/><D54/><U71/><E71/><V122/><F130/><W96/><G128/><T61/><D1/><U85/><E132/><V3/><F126/><N who="0" m="48746" /><D2/><U33/><E25/><N who="2" m="16423" /><F30/><W102/><G96/><T58/><AGARI ba="1,1" hai="37,38,57,58,60,61,64,66,72,77,80" m="48746" machi="58" ten="30,1100,0" yaku="18,1" doraHai="116" who="0" fromWho="0" sc="506,24,182,-4,152,-4,150,-6" owari="530,63.0,178,-2.2,148,-25.2,144,-35.6" /></mjloggm>