<mjloggm ver="2.3"><GO type="225" lobby="0"/><UN n0="%E6%98%93%E5%88%A9%E8%96%A9%E4%BC%AF" n1="%E9%A6%AC%E5%BC%95%E7%81%AB%33" n2="%E3%81%AF%E3%82%88%E3%81%8A%E3%81%98%E3%81%95%E3%82%93" n3="%E3%81%BF%E3%81%BF%E3%81%9A" dan="17,16,17,17" rate="2160.23,2142.15,2144.25,2185.27" sx="F,M,M,M"/><TAIKYOKU oya="0"/><INIT seed="0,0,0,3,0,22" ten="250,250,250,250" oya="0" hai0="52,6,29,120,35,79,53,32,109,110,104,49,130" hai1="1,125,51,86,82,132,118,129,13,71,84,106,105" hai2="39,45,41,128,15,31,124,11,42,103,55,25,90" hai3="76,30,64,68,54,97,122,96,60,47,46,75,5"/><T0/><D120/><U72/><E1/><V116/><F124/><W34/><G122/><T65/><D104/><N who="1" m="40043" /><E13/><V2/><F128/><W91/><G5/><T114/><D114/><U112/><E51/><V123/><F123/><W99/><G91/><T37/><D37/><U93/><E71/><V9/><F116/><W113/><G113/><T121/><D121/><U40/><E40/><V81/><F103/><W20/><G34/><T50/><D79/><N who="1" m="44391" /><E112/><V3/><F42/><W69/><G69/><T80/><D80/><U83/><E118/><V18/><F55/><W70/><G70/><T111/><D130/><U135/><E125/><V88/><F81/><W95/><G76/><T108/><N who="0" m="27648" /><DORA hai="131" /><T133/><D133/><N who="1" m="51275" /><E129/><V17/><F2/><W78/><G54/><N who="0" m="21099" /><D65/><U77/><E93/><V26/><F17/><W33/><G95/><T102/><D29/><U94/><E94/><V16/><F18/><W14/><G30/><T59/><D50/><U48/><E48/><V100/><F31/><W134/><G64/><T127/><D127/><U98/><E98/><V89/><REACH who="2" step="1"/><F100/><REACH who="2" ten="250,250,240,250" step="2"/><W38/><G134/><T12/><D102/><U21/><E21/><V126/><F126/><W24/><G20/><T4/><D0/><U92/><E92/><V115/><F115/><W61/><G33/><T10/><D35/><U74/><AGARI ba="0,1" hai="74,77,83,84,86" m="51275,44391,40043" machi="74" ten="30,12000,2" yaku="20,1,34,2,52,3" doraHai="22,131" who="1" fromWho="1" sc="250,-60,250,130,240,-30,250,-30" /><INIT seed="1,0,0,2,4,112" ten="190,380,210,220" oya="1" hai0="124,74,2,119,56,9,15,116,99,48,68,62,12" hai1="122,66,64,52,36,86,89,130,123,17,71,135,3" hai2="37,43,46,132,11,29,108,60,91,58,97,78,24" hai3="16,47,82,106,59,81,63,20,128,105,25,35,87"/><U28/><E36/><V80/><F108/><W98/><G128/><T44/><D74/><U76/><E3/><V51/><F132/><W42/><G35/><T113/><D113/><U26/><E130/><V8/><F37/><W67/><G98/><T70/><D124/><U92/><E135/><V4/><F4/><W10/><G10/><T115/><D115/><U13/><E76/><V30/><F30/><W93/><G93/><T131/><D2/><U53/><E66/><V57/><F57/><W49/><REACH who="3" step="1"/><G81/><REACH who="3" ten="190,380,210,210" step="2"/><T120/><D131/><U77/><E92/><V109/><F97/><W117/><G117/><T118/><D120/><U111/><E123/><V18/><F109/><W104/><G104/><T69/><D99/><U103/><E111/><V96/><F96/><W84/><G84/><T14/><D9/><U94/><E86/><V22/><F8/><W90/><AGARI ba="0,1" hai="16,20,25,42,47,49,59,63,67,82,87,90,105,106" machi="90" ten="20,5200,0" yaku="1,1,0,1,7,1,54,1,53,0" doraHai="112" doraHaiUra="125" who="3" fromWho="3" sc="190,-13,380,-26,210,-13,210,62" /><INIT seed="2,0,0,5,1,101" ten="177,354,197,272" oya="2" hai0="30,82,112,47,48,67,133,110,84,10,117,23,107" hai1="50,73,116,76,56,18,43,3,68,74,7,4,118" hai2="111,97,6,46,22,35,63,37,32,105,69,134,62" hai3="13,93,123,29,40,86,5,106,115,9,83,19,100"/><V125/><F125/><W58/><G123/><T36/><D112/><U61/><E68/><V77/><F134/><W49/><G115/><T94/><D107/><U80/><E74/><V2/><F111/><W91/><G29/><T41/><D110/><U53/><E18/><V121/><F121/><W55/><G106/><T78/><D117/><U99/><E99/><V21/><F77/><W124/><G124/><T92/><D133/><U103/><E103/><N who="2" m="62703" /><F62/><W71/><G71/><T38/><D67/><U119/><E3/><V102/><F22/><W54/><G40/><T17/><D38/><U113/><E113/><V114/><F21/><W1/><G100/><T11/><D30/><U0/><E0/><V89/><F89/><W120/><G120/><T87/><D36/><U104/><E104/><V27/><F27/><W51/><G1/><T90/><REACH who="0" step="1"/><D92/><REACH who="0" ten="167,354,197,272" step="2"/><U95/><E95/><V39/><F39/><W65/><G65/><T128/><D128/><U44/><AGARI ba="0,1" hai="4,7,43,44,50,53,56,61,73,76,80,116,118,119" machi="44" ten="40,1500,0" yaku="0,1" doraHai="101" who="1" fromWho="1" sc="167,-4,354,25,197,-7,272,-4" /><INIT seed="3,0,0,1,4,63" ten="163,379,190,268" oya="3" hai0="64,119,91,46,47,45,33,124,82,116,71,88,104" hai1="133,61,9,86,59,14,30,38,97,107,32,22,66" hai2="128,43,108,103,42,123,90,27,127,135,24,120,2" hai3="110,102,23,106,87,44,98,62,7,54,35,125,18"/><W74/><G35/><T130/><D104/><U21/><E38/><V8/><F108/><W26/><G74/><T132/><D132/><U99/><E133/><V20/><F135/><W105/><G125/><T17/><D124/><U77/><E32/><V67/><F127/><W52/><G110/><T19/><D33/><U89/><E77/><V129/><F103/><W37/><G7/><T85/><D130/><N who="2" m="50282" /><F67/><W10/><G10/><T53/><D53/><U72/><E21/><V55/><F90/><W28/><G106/><T60/><REACH who="0" step="1"/><D91/><REACH who="0" ten="153,379,190,268" step="2"/><U111/><E89/><V48/><F42/><W81/><G54/><T93/><D93/><U11/><E107/><V94/><F43/><W70/><G52/><T57/><D57/><U114/><E59/><N who="2" m="33255" /><F94/><W69/><G69/><T6/><D6/><U49/><E111/><V25/><F20/><W112/><G70/><T1/><D1/><U83/><E22/><V39/><F39/><W78/><G37/><T31/><D31/><U68/><E30/><V36/><F36/><W109/><G28/><T96/><D96/><U80/><E99/><V13/><F2/><W84/><G109/><T121/><D121/><U115/><E97/><V51/><F51/><W117/><G98/><T40/><D40/><U101/><E49/><V134/><F134/><W56/><G105/><T92/><D92/><U3/><E3/><V34/><F34/><W41/><G56/><T122/><D122/><U73/><E68/><V95/><F95/><W15/><G41/><T113/><D113/><U76/><E115/><V131/><F131/><W50/><G112/><RYUUKYOKU ba="0,1" sc="153,15,379,-15,190,15,268,-15" hai0="17,19,45,46,47,60,64,71,82,85,88,116,119" hai2="8,13,24,25,27,120,123" owari="168,-33.2,374,47.4,205,-19.5,253,5.3" /></mjloggm>