<mjloggm ver="2.3"><GO type="225" lobby="0"/><UN n0="%E3%83%96%E3%83%83%E3%83%91%E3%82%AA%E3%83%96%E3%83%81%E3%82%AD%E3%83%B3" n1="%33%74%72%65%65" n2="%E5%91%A8%E6%9D%B1" n3="%45%6C%79%73%69%75%6D" dan="16,17,17,16" rate="2209.14,2225.99,2186.14,2129.50" sx="M,F,M,M"/><TAIKYOKU oya="0"/><INIT seed="0,0,0,2,2,109" ten="250,250,250,250" oya="0" hai0="52,59,60,7,66,135,91,19,46,118,123,4,89" hai1="96,11,133,111,126,86,83,0,41,23,77,98,71" hai2="15,67,85,42,53,108,29,25,1,48,107,79,36" hai3="58,44,18,13,3,134,75,10,62,119,90,124,61"/><T93/><D135/><U127/><E111/><V99/><F1/><W72/><G119/><T32/><D118/><U70/><E133/><V128/><F108/><W122/><G134/><T57/><D123/><U35/><E35/><V12/><F128/><W9/><G122/><T100/><D32/><U50/><E23/><V8/><F36/><W74/><G124/><N who="1" m="47658" /><E0/><V68/><F42/><W103/><G103/><T28/><D28/><U65/><E11/><V33/><F8/><W56/><G44/><T55/><D100/><U94/><E65/><V114/><F67/><W21/><G90/><T106/><D106/><U115/><E115/><V51/><F114/><W121/><G121/><T87/><D19/><U82/><E82/><N who="2" m="47327" /><F68/><N who="1" m="26153" /><E94/><V17/><F17/><W31/><G31/><T78/><D78/><U30/><E30/><V129/><F129/><W34/><G34/><T132/><D132/><U47/><AGARI ba="0,0" hai="41,47,50,77,83,86,96,98" m="26153,47658" machi="47" ten="40,1500,0" yaku="18,1" doraHai="109" who="1" fromWho="1" sc="250,-7,250,15,250,-4,250,-4" /><INIT seed="1,0,0,0,4,60" ten="243,265,246,246" oya="1" hai0="21,52,95,26,32,4,96,36,103,40,105,75,114" hai1="90,74,3,131,98,117,58,9,14,125,2,53,48" hai2="97,134,133,104,130,6,89,15,1,62,70,67,38" hai3="112,87,135,100,82,44,111,108,122,113,107,72,83"/><U120/><E117/><V11/><F38/><W84/><G44/><T27/><D114/><N who="3" m="44137" /><G122/><T116/><D116/><U101/><E120/><V69/><F69/><W94/><G135/><N who="2" m="51721" /><F130/><W102/><G107/><T88/><D75/><U106/><E131/><V127/><F127/><W65/><G65/><T0/><D36/><U123/><E123/><V29/><F29/><W124/><G72/><T66/><D40/><U76/><E125/><V39/><F39/><W51/><G51/><T79/><D79/><U77/><E77/><V71/><F71/><W81/><G124/><T59/><D32/><U13/><E76/><V129/><F129/><W54/><G54/><T19/><D66/><U41/><E74/><V80/><F80/><W7/><G7/><T24/><D4/><U18/><E41/><V56/><F70/><W10/><G10/><T35/><D0/><U5/><E90/><V128/><F128/><W45/><G45/><T34/><D34/><U33/><E33/><V68/><F68/><W115/><G115/><T20/><D35/><U42/><E42/><V61/><F61/><W126/><G126/><T119/><D119/><U49/><E49/><V8/><F104/><W31/><G31/><T91/><D105/><U92/><E106/><V55/><F55/><W121/><G121/><T46/><D46/><U63/><E63/><V99/><F89/><N who="0" m="34378" /><D21/><AGARI ba="0,0" hai="2,3,5,9,13,14,18,21,48,53,58,92,98,101" machi="21" ten="30,1500,0" yaku="7,1" doraHai="60" who="1" fromWho="0" sc="243,-15,265,15,246,0,246,0" /><INIT seed="1,1,0,0,1,5" ten="228,280,246,246" oya="1" hai0="114,105,107,97,28,65,130,6,38,127,8,87,120" hai1="7,93,132,71,102,37,64,10,77,44,110,81,106" hai2="51,124,78,2,12,0,94,119,92,72,109,95,57" hai3="11,70,129,101,67,75,113,31,61,18,100,9,47"/><U89/><E132/><V133/><F119/><W3/><G113/><T14/><D114/><U73/><E110/><V54/><F109/><W30/><G75/><T88/><D127/><U46/><E37/><V85/><F124/><W59/><G129/><T33/><D130/><U128/><E128/><V25/><F133/><W41/><G3/><T131/><D131/><U69/><E69/><V121/><F72/><W39/><G70/><T27/><D120/><U91/><E91/><V55/><F121/><W74/><G74/><T117/><D117/><U76/><E76/><V134/><F25/><W23/><G31/><T66/><D38/><U68/><E68/><V21/><F55/><W17/><G30/><T82/><REACH who="0" step="1"/><D97/><REACH who="0" ten="218,280,246,246" step="2"/><U50/><E71/><V20/><F134/><W135/><G135/><T80/><D80/><U84/><E81/><N who="2" m="47287" /><F0/><W49/><G39/><T83/><D83/><U123/><E123/><V52/><F2/><W62/><G62/><T58/><D58/><U116/><E116/><V13/><F54/><W48/><G48/><T99/><D99/><U63/><E63/><V15/><AGARI ba="1,1" hai="12,13,15,20,21,51,52,57,92,94,95" m="47287" machi="15" ten="30,2000,0" yaku="8,1,54,1" doraHai="5" who="2" fromWho="2" sc="218,-6,280,-11,246,33,246,-6" /><INIT seed="2,0,0,4,1,9" ten="212,269,279,240" oya="2" hai0="104,86,98,84,53,132,109,51,83,40,77,22,44" hai1="89,134,52,14,92,91,94,110,43,56,90,102,20" hai2="45,111,33,55,25,42,63,11,38,12,107,87,18" hai3="4,88,34,64,48,101,5,17,31,125,41,128,95"/><V85/><F107/><W59/><G128/><T7/><D109/><U32/><E32/><V10/><F111/><W13/><G101/><T126/><D132/><U131/><E110/><V1/><F63/><N who="3" m="38015" /><G125/><T61/><D126/><U118/><E118/><V75/><F75/><W100/><G100/><T122/><D122/><U19/><E134/><V67/><F67/><W135/><G135/><T16/><D7/><U65/><E131/><V68/><F68/><W124/><G124/><T121/><D121/><U15/><E65/><V127/><F55/><W62/><G62/><T112/><D112/><U73/><E73/><V3/><F127/><W30/><G34/><T78/><D104/><U21/><E43/><V47/><F47/><N who="3" m="25711" /><G30/><T99/><D61/><N who="1" m="35975" /><E102/><V74/><F74/><W96/><G31/><T6/><D40/><U72/><E72/><V130/><F130/><W29/><G29/><T46/><D46/><U39/><E39/><V36/><F36/><W105/><G105/><T35/><D35/><U93/><E21/><AGARI ba="0,0" hai="4,5,13,17,21,88,95,96" m="25711,38015" machi="21" ten="30,3900,0" yaku="8,1,52,1,54,1" doraHai="9" who="3" fromWho="1" sc="212,0,269,-39,279,0,240,39" /><INIT seed="3,0,0,1,4,127" ten="212,230,279,279" oya="3" hai0="121,111,90,70,118,39,102,115,83,68,103,33,134" hai1="22,87,128,125,21,52,55,89,104,0,98,50,24" hai2="16,93,119,10,59,42,75,95,12,124,49,38,4" hai3="66,20,96,62,106,56,107,61,53,51,5,48,123"/><W46/><G123/><T64/><D121/><U7/><E125/><V23/><F124/><W109/><G109/><T86/><D118/><U57/><E128/><V76/><F119/><W99/><G106/><T114/><D39/><U19/><E0/><V117/><F117/><W37/><G37/><T131/><D33/><U15/><E55/><V11/><F11/><W91/><G107/><T14/><D111/><U58/><E104/><V65/><F38/><W44/><G5/><T130/><D134/><U108/><E108/><V6/><F6/><W72/><G72/><T101/><D14/><U132/><E132/><V29/><F29/><W112/><G112/><N who="0" m="43051" /><D64/><U80/><E98/><V3/><F65/><W73/><G73/><T47/><D47/><N who="1" m="27743" /><E7/><V105/><F105/><W84/><G20/><T100/><N who="0" m="25600" /><DORA hai="129" /><T133/><D133/><U34/><E34/><V79/><F59/><W40/><REACH who="3" step="1"/><G62/><REACH who="3" ten="212,230,279,269" step="2"/><T25/><D25/><U92/><E22/><V110/><F110/><W82/><AGARI ba="0,1" hai="40,44,46,48,51,53,56,61,66,82,84,91,96,99" machi="82" ten="20,18000,2" yaku="1,1,2,1,0,1,7,1,8,1,53,2" doraHai="127,129" doraHaiUra="60,85" who="3" fromWho="3" sc="212,-60,230,-60,279,-60,269,190" owari="152,-34.8,170,-23.0,219,1.9,459,55.9" /></mjloggm>