<mjloggm ver="2.3"><GO type="225" lobby="0"/><UN n0="%E3%82%BC%E3%83%AB%E3%83%80%E3%81%AE%E4%BC%9D%E8%AA%AC" n1="%E3%81%95%E3%81%8D%E3%81%9F%E3%81%BE%E6%9E%97%E6%AA%8E" n2="%E6%9C%88%E5%B3%B6%E5%9F%BA" n3="%E3%81%99%E3%81%84%E3%81%BE%E3%81%9B%E3%83%BC%E3%82%93" dan="17,16,17,18" rate="2131.57,2140.48,2229.51,2234.28" sx="M,M,M,M"/><TAIKYOKU oya="0"/><INIT seed="0,0,0,2,5,23" ten="250,250,250,250" oya="0" hai0="36,93,3,26,61,19,32,55,104,16,135,103,11" hai1="24,105,45,110,4,83,87,78,75,25,132,117,66" hai2="12,10,8,107,7,68,86,74,5,95,46,13,128" hai3="43,76,39,82,30,97,17,69,62,124,48,113,44"/><T56/><D36/><U112/><E117/><V80/><F107/><W42/><G42/><T41/><BYE who="3" /><D104/><U35/><E105/><V114/><F114/><W72/><G72/><T67/><D135/><U71/><E35/><V1/><F128/><W126/><G126/><T73/><D73/><UN n3="%E3%81%99%E3%81%84%E3%81%BE%E3%81%9B%E3%83%BC%E3%82%93" /><U92/><E132/><V77/><F68/><W31/><G124/><T109/><D41/><U89/><E110/><V108/><F108/><W60/><G39/><T70/><D109/><U106/><E112/><V52/><F1/><W57/><G69/><T63/><D3/><U133/><E133/><V47/><F74/><W123/><G123/><T9/><D9/><U121/><E121/><V53/><F95/><W119/><G119/><T131/><D131/><U33/><E33/><V64/><F64/><W84/><G62/><T122/><D11/><U14/><E45/><AGARI ba="0,0" hai="5,7,8,10,12,13,45,46,47,52,53,77,80,86" machi="45" ten="40,5200,0" yaku="9,1,8,1,54,1" doraHai="23" who="2" fromWho="1" sc="250,0,250,-52,250,52,250,0" /><INIT seed="1,0,0,5,5,97" ten="250,198,302,250" oya="1" hai0="105,29,8,121,132,134,81,24,64,26,61,85,20" hai1="114,83,27,13,65,5,62,75,129,16,15,111,72" hai2="21,66,124,28,107,40,57,90,25,30,91,123,38" hai3="39,131,9,102,113,70,96,11,78,120,55,44,18"/><U33/><E114/><V43/><F123/><W1/><G120/><T99/><D121/><U23/><E129/><V4/><F107/><W56/><G113/><T73/><D73/><U86/><E111/><V84/><F124/><W53/><G70/><T7/><D26/><U3/><E3/><V98/><F38/><W54/><G131/><T59/><D105/><U67/><E67/><V125/><F4/><W52/><G78/><T118/><D99/><U42/><E42/><V41/><F125/><W77/><G77/><T128/><D118/><U104/><E104/><V110/><F110/><W63/><G1/><T126/><D126/><U112/><E112/><V51/><F98/><W92/><REACH who="3" step="1"/><G18/><REACH who="3" ten="250,198,302,240" step="2"/><T88/><REACH who="0" step="1"/><D128/><REACH who="0" ten="240,198,302,240" step="2"/><U119/><E119/><V103/><F30/><W2/><G2/><AGARI ba="0,2" hai="2,7,8,20,24,29,59,61,64,81,85,88,132,134" machi="2" ten="40,5200,0" yaku="1,1,2,1,54,1,53,0" doraHai="97" doraHaiUra="117" who="0" fromWho="3" sc="240,72,198,0,302,0,240,-52" /><INIT seed="2,0,0,3,4,46" ten="312,198,302,188" oya="2" hai0="42,125,34,98,108,63,134,118,114,96,36,123,132" hai1="116,133,107,0,78,129,88,20,14,80,72,91,24" hai2="81,43,60,6,97,124,54,85,127,102,109,16,90" hai3="44,26,40,39,75,103,70,53,86,66,3,110,49"/><V18/><F43/><W77/><G3/><T111/><D34/><U7/><E116/><V89/><F6/><W87/><G110/><N who="0" m="42027" /><D114/><U83/><E107/><N who="2" m="63951" /><F109/><W1/><G1/><T119/><D125/><N who="2" m="48202" /><F90/><W135/><G135/><N who="0" m="51755" /><D123/><U59/><E0/><V29/><F29/><W15/><G103/><T25/><D25/><U58/><E129/><V112/><F112/><W65/><G26/><T105/><D63/><U22/><E133/><V104/><F104/><W2/><G2/><T52/><D105/><U50/><E91/><V8/><F8/><W71/><G15/><T17/><D17/><U79/><E88/><V31/><F31/><W23/><G23/><T82/><D82/><U68/><E83/><V10/><F10/><W106/><G106/><T45/><D98/><U113/><E80/><V117/><F117/><N who="0" m="44554" /><D96/><U61/><E7/><V55/><F60/><N who="3" m="40231" /><G77/><T28/><D28/><U92/><E79/><V131/><F131/><W74/><G87/><T115/><D115/><U62/><E78/><V122/><F122/><W73/><G86/><T95/><D95/><U21/><E92/><V69/><F69/><W130/><G130/><T99/><D99/><U84/><E68/><V5/><F5/><W37/><G75/><T100/><D100/><U128/><E72/><V101/><F101/><W121/><G121/><T67/><D67/><N who="1" m="39351" /><E128/><V19/><AGARI ba="0,0" hai="16,18,19,54,55,81,85,89" m="48202,63951" machi="19" ten="30,3000,0" yaku="18,1,54,1" doraHai="46" who="2" fromWho="2" sc="312,-10,198,-10,302,30,188,-10" /><INIT seed="2,1,0,3,4,55" ten="302,188,332,178" oya="2" hai0="35,123,75,8,92,96,122,27,80,79,45,0,87" hai1="90,72,130,6,7,117,102,78,34,18,105,120,76" hai2="74,83,135,65,118,81,25,58,73,53,60,50,42" hai3="127,68,113,11,16,132,28,15,85,54,99,100,13"/><V88/><F118/><W12/><G132/><T128/><D128/><U93/><E117/><V64/><F135/><W33/><G127/><T20/><D35/><U5/><E120/><V23/><F74/><W119/><G119/><T56/><D75/><U77/><E34/><V82/><F73/><W109/><G109/><T63/><D45/><U62/><E130/><V17/><F42/><W95/><G113/><T3/><D8/><U115/><E115/><V121/><F121/><W43/><G68/><T38/><D38/><U129/><E129/><V48/><F48/><W4/><G43/><T31/><D123/><U32/><E32/><V14/><F60/><W84/><G28/><T103/><REACH who="0" step="1"/><D122/><REACH who="0" ten="292,188,332,178" step="2"/><U2/><E72/><V98/><F25/><W36/><G33/><T49/><D49/><U131/><E131/><V97/><F97/><W26/><G36/><T67/><AGARI ba="1,1" hai="0,3,20,27,31,56,63,67,79,80,87,92,96,103" machi="67" ten="20,12000,2" yaku="1,1,0,1,7,1,25,2,52,1,53,0" doraHai="55" doraHaiUra="114" who="0" fromWho="0" sc="292,133,188,-31,332,-61,178,-31" /><INIT seed="3,0,0,0,4,25" ten="425,157,271,147" oya="3" hai0="29,104,20,76,15,57,101,109,26,50,112,16,74" hai1="90,31,83,80,37,48,92,2,38,82,24,63,72" hai2="5,21,129,41,32,116,114,9,87,68,126,42,65" hai3="60,81,89,39,132,11,103,46,27,22,52,99,73"/><W4/><G132/><T3/><D3/><U111/><E111/><V69/><F32/><W78/><G89/><T51/><D109/><U43/><E2/><V33/><F33/><W91/><G91/><T106/><D112/><U115/><E115/><V84/><F116/><W45/><G39/><T34/><D101/><U56/><E72/><V113/><F126/><W71/><G71/><T97/><D97/><U49/><E38/><V95/><F129/><W122/><G122/><T130/><D130/><U28/><E37/><V12/><F65/><W64/><G64/><T59/><D76/><U110/><E110/><V128/><F128/><W79/><G78/><T44/><D74/><U1/><E1/><V23/><F5/><W6/><G60/><T121/><D121/><U40/><E24/><V55/><F68/><W131/><G131/><T93/><D93/><U107/><E107/><V7/><F7/><W17/><G52/><T120/><D120/><U10/><E10/><V94/><F55/><W133/><G133/><T70/><D70/><U100/><E100/><V88/><F88/><W108/><G108/><T62/><D50/><N who="1" m="19563" /><E43/><V96/><F69/><W102/><G102/><T123/><D59/><U119/><E40/><V47/><F42/><W61/><G61/><T18/><D123/><U19/><E119/><V13/><F41/><W98/><G98/><T14/><D51/><U66/><E19/><V85/><F96/><AGARI ba="0,0" hai="28,31,56,63,66,80,82,83,90,92,96" m="19563" machi="96" ten="30,3900,0" yaku="8,1,52,2" doraHai="25" who="1" fromWho="2" sc="425,0,157,39,271,-39,147,0" owari="425,52.5,196,-20.4,232,3.2,147,-35.3" /></mjloggm>