<mjloggm ver="2.3"><GO type="225" lobby="0"/><UN n0="%E5%A4%96%E5%B7%9D%E7%AB%9C%E6%88%90" n1="%E8%81%B7%E6%A5%AD%E3%80%81%E9%A2%A8%32" n2="%E3%83%A9%E3%82%A4%E3%83%B3%E3%81%AE%E8%99%8E" n3="%E6%A1%9C%E8%8A%B1%E9%96%83%E3%80%85" dan="16,16,16,16" rate="2062.97,2146.46,2155.14,2085.91" sx="M,M,M,M"/><TAIKYOKU oya="0"/><INIT seed="0,0,0,2,2,55" ten="250,250,250,250" oya="0" hai0="19,113,98,72,6,20,12,127,48,29,68,73,81" hai1="18,2,58,65,112,79,61,24,116,117,15,0,133" hai2="110,104,75,62,52,49,129,31,28,108,9,47,97" hai3="42,33,106,13,11,135,5,40,114,76,17,134,92"/><T56/><D113/><U1/><E112/><V119/><F75/><W124/><G114/><T43/><D68/><U27/><E133/><N who="3" m="50698" /><G106/><T126/><D6/><U21/><REACH who="1" step="1"/><E79/><REACH who="1" ten="250,240,250,250" step="2"/><V118/><F118/><AGARI ba="0,1" hai="0,1,2,15,18,21,24,27,58,61,65,116,117,118" machi="118" ten="50,6400,0" yaku="1,1,2,1,52,1,53,0" doraHai="55" doraHaiUra="78" who="1" fromWho="2" sc="250,0,240,74,250,-64,250,0" /><INIT seed="1,0,0,4,3,130" ten="250,314,186,250" oya="1" hai0="30,31,69,51,24,71,110,37,59,132,113,23,135" hai1="118,12,89,36,55,20,86,84,74,121,32,35,76" hai2="72,115,99,9,102,18,47,65,64,61,1,94,60" hai3="120,53,43,8,106,101,98,63,13,103,126,81,119"/><U7/><E121/><V56/><F115/><W87/><G120/><T38/><D113/><U73/><E118/><V48/><F72/><W128/><G128/><T127/><D110/><U16/><E36/><N who="0" m="13929" /><D127/><U45/><E7/><V28/><F1/><W33/><G126/><T67/><D51/><U57/><E45/><V34/><F34/><N who="1" m="12841" /><E84/><V79/><F79/><W96/><G33/><T104/><D104/><U50/><E76/><V39/><F39/><W80/><G43/><T92/><D92/><AGARI ba="0,0" hai="12,16,20,50,55,57,73,74,86,89,92" m="12841" machi="92" ten="30,2900,0" yaku="25,1,54,1" doraHai="130" who="1" fromWho="0" sc="250,-29,314,29,186,0,250,0" /><INIT seed="1,1,0,3,1,31" ten="221,343,186,250" oya="1" hai0="124,93,67,114,91,89,84,39,34,62,12,38,72" hai1="79,63,106,125,135,65,9,134,13,80,92,74,122" hai2="87,28,115,25,60,33,3,85,130,8,121,32,1" hai3="0,4,53,23,75,46,105,104,100,66,52,133,41"/><U5/><E122/><V76/><F121/><W20/><G66/><T51/><D114/><U2/><E106/><V120/><F120/><W86/><G75/><T82/><D124/><U117/><E125/><V77/><F115/><W83/><G133/><N who="1" m="50698" /><E117/><V103/><F103/><W90/><G0/><T99/><D72/><U129/><E92/><V78/><F130/><W47/><G4/><T112/><D112/><U64/><E129/><V108/><F108/><W58/><G53/><T10/><D51/><U102/><E102/><V18/><F60/><W61/><G47/><T26/><D26/><U37/><E37/><V24/><F18/><W81/><G81/><T7/><REACH who="0" step="1"/><D34/><REACH who="0" ten="211,343,186,250" step="2"/><U94/><E63/><V110/><F110/><W71/><G105/><T109/><D109/><U96/><E74/><V54/><F32/><W6/><G104/><T43/><D43/><U97/><E2/><V16/><F25/><W19/><G41/><T50/><D50/><U56/><E13/><V48/><F1/><W111/><G111/><T73/><D73/><U126/><E126/><V95/><F3/><W35/><G35/><T123/><D123/><U29/><E29/><V128/><F128/><W36/><G61/><T27/><D27/><U107/><E64/><V132/><F132/><W101/><G36/><T42/><D42/><U40/><E40/><V131/><F131/><W49/><G49/><T44/><D44/><U116/><E65/><V45/><REACH who="2" step="1"/><F95/><REACH who="2" ten="211,343,176,250" step="2"/><W119/><G119/><T70/><AGARI ba="1,2" hai="7,10,12,38,39,62,67,70,82,84,89,91,93,99" machi="70" ten="20,2700,0" yaku="1,1,0,1,7,1,53,0" doraHai="31" doraHaiUra="15" who="0" fromWho="0" sc="211,50,343,-14,176,-8,250,-8" /><INIT seed="2,0,0,2,2,86" ten="261,329,168,242" oya="2" hai0="89,98,134,129,63,30,5,101,54,34,77,102,106" hai1="41,97,107,94,92,32,28,21,125,13,17,104,82" hai2="46,109,44,123,31,113,10,99,132,57,29,81,117" hai3="15,4,53,65,2,39,59,23,66,127,16,96,90"/><V64/><F113/><W43/><G127/><T79/><D102/><U135/><E125/><V67/><F117/><W55/><G39/><T103/><D103/><U70/><E135/><V93/><F123/><W51/><G43/><T112/><D112/><U80/><E41/><V27/><F132/><W85/><G96/><T110/><D134/><U7/><E70/><V47/><F109/><W45/><G4/><T42/><D129/><U100/><E107/><V69/><F69/><W133/><G2/><T88/><D5/><U75/><E7/><V105/><F105/><W0/><G0/><T115/><D115/><U33/><E28/><V48/><F10/><W52/><G133/><T120/><D120/><U73/><E82/><V24/><F81/><N who="3" m="49455" /><G55/><T71/><D42/><U14/><E75/><V9/><F9/><W8/><G8/><T83/><D54/><U38/><E38/><V11/><F11/><W12/><G15/><T37/><D37/><U50/><E14/><V74/><F74/><W124/><G124/><T116/><D116/><U128/><E32/><V118/><F118/><W6/><G6/><T35/><D35/><U19/><E13/><V36/><F36/><W131/><G131/><T26/><D110/><U119/><E33/><V130/><F130/><W84/><G84/><N who="0" m="48239" /><D79/><N who="1" m="44143" /><E119/><V40/><F40/><W72/><G72/><T3/><D3/><U60/><E104/><V114/><F114/><W56/><G45/><T58/><D58/><U68/><E68/><V61/><F47/><W76/><G76/><T78/><D78/><U87/><E128/><V91/><F46/><RYUUKYOKU ba="0,0" sc="261,15,329,-15,168,-15,242,15" hai0="26,30,34,63,71,88,89,98,101,106" hai3="12,16,23,51,52,53,56,59,65,66" /><INIT seed="3,1,0,5,5,101" ten="276,314,153,257" oya="3" hai0="109,113,77,37,107,46,116,82,99,66,117,89,1" hai1="39,98,44,30,95,91,10,92,90,119,64,0,111" hai2="128,2,88,84,73,6,19,23,42,57,132,32,22" hai3="59,56,75,47,16,122,15,51,129,78,104,45,53"/><W70/><G122/><T36/><D66/><U127/><E111/><V130/><F132/><W54/><G70/><T4/><D109/><U96/><E127/><V50/><F32/><W102/><G129/><T69/><D69/><U134/><E134/><V58/><F73/><W68/><G68/><T76/><D76/><U97/><E97/><V71/><F71/><W121/><G121/><T38/><D46/><U35/><E64/><V106/><F2/><W25/><G25/><T28/><D28/><U31/><E35/><V72/><F72/><W100/><G78/><T14/><D14/><U11/><E119/><V24/><F6/><W48/><G75/><N who="0" m="43327" /><D89/><U103/><E103/><N who="3" m="39466" /><G104/><T43/><D43/><U120/><E120/><V133/><F133/><W67/><G67/><T61/><D61/><U87/><E0/><V118/><F118/><N who="0" m="45674" /><D113/><U9/><E87/><V93/><F106/><W94/><G94/><T7/><D7/><U124/><E124/><V18/><F128/><W5/><G5/><T110/><D110/><U20/><E39/><V60/><F130/><W29/><G29/><T34/><D34/><U33/><E33/><V108/><F108/><W21/><AGARI ba="1,0" hai="15,16,21,45,47,48,51,53,54,56,59" m="39466" machi="21" ten="30,3000,0" yaku="8,1,54,1" doraHai="101" who="3" fromWho="3" sc="276,-11,314,-11,153,-11,257,33" /><INIT seed="3,2,0,0,1,5" ten="265,303,142,290" oya="3" hai0="91,30,120,61,86,26,123,71,98,76,124,13,106" hai1="103,50,117,109,12,115,116,32,27,108,130,21,97" hai2="46,40,118,39,20,16,44,17,104,88,25,113,34" hai3="66,127,94,95,56,64,105,93,7,81,74,33,77"/><W131/><G33/><T125/><D61/><U23/><E115/><V110/><F110/><N who="1" m="42601" /><E130/><V24/><F118/><N who="1" m="45673" /><E50/><V52/><F104/><W83/><G105/><T54/><D54/><U19/><E32/><V45/><F113/><W18/><G7/><T8/><D71/><U78/><E78/><V102/><F102/><W41/><G127/><N who="0" m="48715" /><D76/><U36/><E36/><V114/><F114/><W65/><G41/><T63/><D63/><U48/><E48/><V14/><F52/><W60/><G131/><T112/><D112/><U31/><E97/><V57/><F57/><W51/><G51/><T58/><D58/><U42/><E103/><V89/><F44/><W85/><G74/><T92/><D98/><U119/><E119/><V3/><F3/><W70/><G70/><T67/><D67/><U135/><E135/><V79/><F79/><W96/><G96/><T15/><D106/><U22/><E22/><V49/><F45/><W82/><G65/><T69/><D69/><U62/><E62/><V101/><F101/><W128/><G128/><T38/><D38/><U111/><E111/><V6/><F6/><W0/><G66/><T29/><D8/><U121/><E121/><N who="0" m="46665" /><D30/><U132/><E132/><V11/><REACH who="2" step="1"/><F39/><REACH who="2" ten="265,303,132,290" step="2"/><W133/><G56/><T55/><D55/><U53/><E53/><V4/><F4/><W90/><G133/><T28/><D91/><U59/><E59/><V122/><F122/><W87/><G77/><T37/><D37/><U126/><E126/><V73/><F73/><W68/><G90/><N who="0" m="53335" /><D29/><AGARI ba="2,1" hai="11,14,16,17,20,24,25,29,34,40,46,49,88,89" machi="29" ten="40,8000,1" yaku="1,1,52,1,54,2,53,1" doraHai="5" doraHaiUra="10" who="2" fromWho="0" sc="265,-86,303,0,132,96,290,0" owari="179,-32.1,303,40.3,228,-17.2,290,9.0" /></mjloggm>