<mjloggm ver="2.3"><GO type="225" lobby="0"/><UN n0="%E3%81%BF%E3%81%BF%E3%81%9A" n1="%E5%A4%8F%E9%88%B4%E9%88%B4%E5%A4%8F" n2="%74%61%6B%65%2D%79%6F%75" n3="%E6%A1%9C%E8%8A%B1%E9%96%83%E3%80%85" dan="17,16,16,16" rate="2162.02,2104.80,2098.81,2141.67" sx="M,F,M,M"/><TAIKYOKU oya="0"/><INIT seed="0,0,0,5,1,77" ten="250,250,250,250" oya="0" hai0="57,49,95,124,73,20,98,42,132,71,117,128,135" hai1="14,58,5,33,48,6,64,7,0,22,28,106,23" hai2="17,110,133,40,81,83,12,8,103,72,11,100,32" hai3="96,16,47,113,84,35,41,75,126,69,80,76,52"/><T27/><D117/><U92/><E106/><V50/><F32/><W21/><G113/><T127/><D71/><U18/><E92/><V91/><F72/><W120/><G35/><T13/><D73/><U68/><E68/><V134/><F110/><W34/><G34/><T105/><D105/><U109/><E109/><V53/><F40/><W87/><G126/><N who="0" m="48171" /><D13/><U3/><E48/><V51/><F91/><W104/><G69/><T121/><D121/><U44/><E44/><V82/><F11/><W65/><G65/><T19/><D57/><U9/><E58/><N who="2" m="33079" /><F51/><W31/><G120/><T46/><D128/><U24/><E64/><V86/><F86/><W61/><G61/><T108/><D108/><U43/><E43/><V131/><F131/><W56/><G56/><T99/><D99/><U74/><E74/><V107/><F107/><W93/><G52/><T102/><AGARI ba="0,0" hai="19,20,27,42,46,49,95,98,102,132,135" m="48171" machi="102" ten="30,1500,0" yaku="18,1" doraHai="77" who="0" fromWho="0" sc="250,15,250,-5,250,-5,250,-5" /><INIT seed="0,1,0,0,5,131" ten="265,245,245,245" oya="0" hai0="26,41,119,89,64,31,47,63,87,75,40,122,84" hai1="28,108,123,13,128,134,102,114,19,121,15,36,126" hai2="54,48,22,68,104,118,43,83,16,5,91,93,70" hai3="14,77,117,95,42,1,113,61,88,67,82,30,37"/><T29/><D119/><U71/><E71/><V18/><F104/><W107/><G113/><T45/><D75/><U124/><E36/><V80/><F43/><W56/><G1/><T6/><D122/><U21/><E102/><V65/><F5/><W12/><G107/><T49/><D6/><U127/><E108/><V129/><F18/><W34/><G117/><T74/><D74/><U86/><E86/><V105/><F105/><W130/><G130/><T133/><D133/><U96/><E96/><V44/><F129/><W60/><G60/><T97/><D97/><U33/><E128/><V23/><F23/><W94/><G94/><T51/><D26/><N who="1" m="18583" /><E114/><V76/><F118/><W112/><G30/><T24/><D24/><N who="1" m="14399" /><E134/><V32/><F70/><W59/><G59/><T132/><D132/><U90/><E90/><V125/><F68/><W25/><G42/><T55/><D55/><U57/><E57/><V7/><F65/><W73/><G37/><T78/><D63/><U52/><E52/><V58/><F58/><W0/><G112/><T72/><D72/><U85/><E85/><V4/><F76/><W111/><G111/><T135/><D135/><U98/><E98/><V2/><F54/><W92/><G56/><T20/><D64/><U62/><E62/><V120/><F48/><W69/><G61/><T81/><D20/><U116/><E116/><V27/><F22/><W110/><G67/><T103/><D103/><U46/><E46/><V8/><F44/><W109/><G109/><T17/><D17/><U39/><E39/><V38/><F16/><W66/><G110/><RYUUKYOKU ba="1,0" sc="265,15,245,15,245,-15,245,-15" hai0="29,31,40,41,45,47,49,51,78,81,84,87,89" hai1="13,15,121,123,124,126,127" /><INIT seed="0,2,0,0,5,104" ten="280,260,230,230" oya="0" hai0="10,19,58,123,40,133,128,52,81,51,37,6,132" hai1="131,1,33,77,43,82,5,64,8,49,95,28,47" hai2="71,22,134,108,25,66,20,102,126,14,130,61,62" hai3="29,107,92,124,115,119,41,116,63,99,125,21,24"/><T109/><D123/><U34/><E131/><V112/><F102/><W7/><G107/><T2/><D128/><U50/><E28/><V0/><F0/><W80/><G115/><T94/><D94/><U85/><E64/><V111/><F130/><W13/><G41/><T27/><D109/><N who="2" m="42058" /><F134/><N who="0" m="51818" /><D81/><U75/><E50/><V89/><F126/><N who="3" m="48747" /><G63/><T54/><D54/><U16/><E95/><V45/><F112/><W120/><G120/><T17/><D27/><U69/><E69/><V84/><F45/><AGARI ba="2,0" hai="2,6,10,17,19,37,40,45,51,52,58" m="51818" machi="45" ten="30,2900,0" yaku="20,1,54,1" doraHai="104" who="0" fromWho="2" sc="280,35,260,0,230,-35,230,0" /><INIT seed="0,3,0,5,5,23" ten="315,260,195,230" oya="0" hai0="96,110,134,81,122,59,89,2,130,87,109,40,26" hai1="88,55,113,116,83,126,124,84,16,53,103,108,48" hai2="33,69,62,28,66,22,114,94,100,64,13,99,38" hai3="5,128,8,36,106,120,11,67,107,127,29,14,1"/><T98/><D122/><U43/><E116/><V74/><F38/><W9/><G36/><T56/><D2/><U6/><E108/><N who="0" m="41577" /><D134/><U32/><E113/><V21/><F74/><W51/><G120/><T101/><D130/><U27/><E6/><V54/><F66/><W78/><G78/><T86/><D40/><U131/><E131/><V118/><F114/><W35/><G67/><T42/><D42/><U58/><E103/><V49/><F13/><W45/><G11/><T115/><D115/><U60/><E43/><V24/><REACH who="2" step="1"/><F118/><REACH who="2" ten="315,260,185,230" step="2"/><W30/><G14/><T71/><D71/><U61/><E61/><V46/><AGARI ba="3,1" hai="21,22,24,28,33,46,49,54,62,64,69,94,99,100" machi="46" ten="20,8000,1" yaku="1,1,2,1,0,1,7,1,52,1,53,0" doraHai="23" doraHaiUra="77" who="2" fromWho="2" sc="315,-43,260,-23,185,99,230,-23" /><INIT seed="1,0,0,4,2,96" ten="272,237,284,207" oya="1" hai0="21,59,86,66,100,117,129,115,43,121,53,135,118" hai1="79,82,113,81,131,13,2,50,125,39,17,107,58" hai2="73,91,128,93,52,67,77,26,27,103,95,19,38" hai3="34,47,87,94,56,98,18,124,114,69,14,76,108"/><U20/><E113/><V63/><F38/><W33/><G114/><T133/><D115/><U92/><E131/><V101/><F73/><W130/><G69/><T37/><D129/><U64/><E125/><V42/><F77/><W51/><G130/><T105/><D66/><U132/><E132/><N who="0" m="50761" /><D121/><U122/><E122/><V54/><F42/><W116/><G124/><T57/><D86/><U12/><E107/><V75/><F75/><W24/><G108/><T61/><D21/><U10/><E39/><V55/><F95/><W1/><G1/><T15/><D15/><U65/><E2/><V119/><F119/><W102/><G24/><N who="2" m="9257" /><F19/><W72/><G72/><T8/><D8/><U7/><E92/><V11/><F11/><W45/><G116/><T30/><D30/><U78/><E78/><V120/><F120/><W62/><G34/><T16/><D16/><U6/><E6/><V46/><F46/><W127/><G45/><N who="0" m="23791" /><D57/><U70/><E70/><V25/><F25/><W3/><G33/><T84/><D84/><N who="1" m="48191" /><E82/><V134/><F134/><W0/><G127/><T22/><D22/><U5/><E5/><V88/><F128/><W106/><G76/><T89/><D89/><N who="2" m="34378" /><F93/><W4/><G4/><T48/><D118/><U29/><E29/><V104/><F104/><W74/><G74/><T80/><D80/><U111/><E111/><V35/><F35/><W109/><G109/><T123/><D123/><U110/><E110/><V36/><F36/><W68/><G106/><T126/><D126/><U90/><E90/><V99/><F99/><W23/><G98/><N who="0" m="61591" /><D117/><U112/><E112/><RYUUKYOKU ba="0,0" sc="272,10,237,10,284,10,207,-30" hai0="48,53,59,61" hai1="7,10,12,13,17,20,50,58,64,65" hai2="52,54,55,63,67,101,103" /><INIT seed="1,1,0,3,4,45" ten="282,247,294,177" oya="1" hai0="125,0,15,65,77,30,28,46,79,4,133,29,8" hai1="5,98,48,105,34,73,56,39,108,53,86,27,102" hai2="51,10,50,16,9,19,81,20,33,119,78,67,32" hai3="6,14,36,21,70,55,107,63,114,111,31,12,131"/><U62/><E73/><V75/><F67/><W128/><G107/><T44/><D125/><U117/><E117/><V118/><F20/><W83/><G114/><T85/><D133/><U129/><E129/><V109/><F81/><W68/><G83/><T59/><D0/><U84/><E39/><V101/><F101/><W121/><G6/><T100/><D100/><U113/><E113/><V18/><F78/><N who="0" m="29706" /><D85/><U1/><E108/><V123/><F75/><W124/><G31/><T97/><D97/><U103/><E103/><V64/><F64/><W89/><G89/><T24/><D24/><U22/><E34/><N who="2" m="13419" /><F123/><W76/><G121/><T60/><AGARI ba="1,0" hai="4,8,15,28,29,30,44,46,59,60,65" m="29706" machi="60" ten="30,1100,0" yaku="8,1" doraHai="45" who="0" fromWho="0" sc="282,14,247,-6,294,-4,177,-4" /><INIT seed="2,0,0,1,5,113" ten="296,241,290,173" oya="2" hai0="100,134,74,43,47,36,102,92,135,5,1,2,132" hai1="37,67,91,13,51,75,53,28,18,127,107,58,78" hai2="3,38,21,106,4,129,20,62,88,60,105,82,117" hai3="11,39,8,133,26,9,35,76,84,77,6,15,115"/><V95/><F38/><W124/><G39/><T33/><D33/><U14/><E127/><V25/><F82/><W29/><G115/><T109/><D109/><U111/><E111/><V24/><F4/><W85/><G124/><T86/><D74/><U125/><E125/><V101/><F3/><N who="0" m="1034" /><D5/><U46/><E107/><V119/><F95/><W34/><G133/><T110/><D110/><U72/><E28/><V64/><F88/><AGARI ba="0,0" hai="36,43,47,86,88,92,100,102,132,134,135" m="1034" machi="88" ten="40,2600,0" yaku="20,1,54,1" doraHai="113" who="0" fromWho="2" sc="296,26,241,0,290,-26,173,0" /><INIT seed="3,0,0,0,2,36" ten="322,241,264,173" oya="3" hai0="114,87,12,119,127,2,66,57,30,14,89,32,71" hai1="65,92,115,128,39,49,52,20,75,42,34,35,62" hai2="73,78,44,5,21,101,121,50,93,38,105,80,16" hai3="4,63,132,122,85,97,15,106,59,27,111,91,47"/><W104/><G122/><T58/><D2/><U94/><E115/><V109/><F105/><W120/><G120/><T61/><D119/><U26/><E75/><V86/><F38/><W131/><G131/><T118/><D118/><U99/><E128/><V1/><F109/><W51/><G132/><T95/><D114/><U33/><E94/><V113/><F113/><W81/><G111/><T28/><D127/><U10/><E10/><V98/><F121/><W124/><G124/><T22/><D32/><U54/><E39/><V40/><F1/><W82/><G27/><N who="0" m="16503" /><D71/><U103/><E42/><V88/><F5/><W17/><G4/><T96/><D30/><U102/><E102/><V46/><F46/><W3/><G97/><T68/><D68/><U37/><E49/><V0/><F0/><W70/><G70/><T134/><D134/><U74/><E74/><V6/><F6/><W11/><G3/><T90/><D57/><N who="1" m="37071" /><E37/><V76/><F73/><W77/><G81/><AGARI ba="0,0" hai="12,14,58,61,66,81,87,89,90,95,96" m="16503" machi="81" ten="30,1000,0" yaku="8,1" doraHai="36" who="0" fromWho="3" sc="322,10,241,0,264,0,173,-10" owari="332,43.2,241,-15.9,264,6.4,163,-33.7" /></mjloggm>