<mjloggm ver="2.3"><GO type="225" lobby="0"/><UN n0="%E8%A8%88%E7%AE%97%E6%A9%9F%E8%87%AA%E7%84%B6" n1="%E6%A1%9C%E8%8A%B1%E9%96%83%E3%80%85" n2="%E3%81%AF%E3%82%88%E3%81%8A%E3%81%98%E3%81%95%E3%82%93" n3="%E3%81%95%E3%81%8F%E3%82%88%E3%81%93%E3%81%A1%E3%82%83%E3%82%93" dan="17,17,17,16" rate="2170.45,2172.87,2128.07,2131.31" sx="M,M,M,F"/><TAIKYOKU oya="0"/><INIT seed="0,0,0,0,1,27" ten="250,250,250,250" oya="0" hai0="82,15,71,39,29,70,42,115,21,88,59,87,60" hai1="65,22,19,20,14,106,32,16,97,135,123,36,107" hai2="90,125,129,108,26,134,84,68,116,33,47,7,118" hai3="96,30,50,114,46,98,122,5,17,4,128,51,86"/><T66/><D115/><U41/><E123/><V117/><F68/><W53/><G114/><T77/><D39/><U89/><E32/><V63/><F63/><W23/><G122/><T62/><D42/><U105/><E135/><V3/><F47/><W95/><G128/><T75/><D60/><U110/><E110/><V24/><F108/><W119/><G119/><T52/><D66/><U124/><E124/><V0/><F125/><W67/><G67/><T69/><D15/><U2/><E2/><V54/><F54/><W64/><G64/><T131/><D131/><U34/><E34/><V76/><F129/><W12/><G30/><T13/><D13/><U85/><E65/><V11/><F76/><W8/><G51/><T55/><D55/><U31/><E31/><N who="2" m="19687" /><F26/><N who="3" m="14703" /><G4/><T10/><D10/><U56/><E56/><V109/><F109/><W130/><G130/><T100/><D100/><U121/><E121/><V58/><F58/><W83/><G95/><T74/><REACH who="0" step="1"/><D77/><AGARI ba="0,0" hai="5,8,12,46,50,53,77,83,86,96,98" m="14703" machi="77" ten="30,1000,0" yaku="8,1" doraHai="27" who="3" fromWho="0" sc="250,-10,250,0,250,0,250,10" /><INIT seed="1,0,0,0,1,55" ten="240,250,250,260" oya="1" hai0="67,9,70,22,108,49,69,122,42,51,93,38,107" hai1="78,50,10,135,104,4,112,77,120,64,131,83,81" hai2="8,29,12,133,31,2,63,16,72,66,89,52,57" hai3="126,86,19,82,36,128,7,132,85,34,106,101,65"/><U46/><E112/><V62/><F133/><W84/><G36/><T71/><D107/><U61/><E120/><V54/><F72/><W90/><G34/><T53/><D22/><U43/><E104/><V102/><F102/><W88/><G132/><T75/><D75/><U20/><E131/><V115/><F115/><W118/><G118/><T48/><D93/><U116/><E135/><V124/><F124/><W28/><G28/><N who="2" m="10825" /><F2/><W114/><G114/><T32/><D9/><U11/><E20/><V59/><F89/><W56/><G7/><T95/><D95/><U40/><E40/><V99/><F99/><W35/><G35/><T47/><D32/><U73/><E116/><V60/><F66/><W30/><G30/><T74/><D74/><U37/><E37/><V27/><F27/><W94/><G128/><T23/><D23/><U17/><E17/><V33/><F33/><W98/><G126/><T109/><D122/><U127/><E127/><V41/><F41/><W58/><G65/><T1/><D1/><U125/><E125/><V44/><F44/><W119/><G119/><T97/><D97/><U123/><E123/><V111/><F111/><N who="0" m="42570" /><D67/><U117/><E117/><V105/><F105/><W18/><REACH who="3" step="1"/><G85/><REACH who="3" ten="240,250,250,250" step="2"/><T45/><AGARI ba="0,1" hai="38,42,45,47,48,49,51,53,69,70,71" m="42570" machi="45" ten="40,5200,0" yaku="14,1,34,2" doraHai="55" who="0" fromWho="0" sc="240,62,250,-26,250,-13,250,-13" /><INIT seed="2,0,0,5,4,127" ten="302,224,237,237" oya="2" hai0="22,43,75,83,9,69,116,2,54,50,52,78,124" hai1="123,111,34,94,90,8,1,56,99,38,73,133,70" hai2="132,28,48,26,119,106,58,86,47,135,102,51,60" hai3="55,126,74,33,117,5,18,61,103,37,67,121,30"/><V122/><F122/><W125/><G74/><T72/><D69/><U82/><E70/><V16/><F119/><W105/><G117/><T112/><D116/><U15/><E123/><V62/><F86/><W25/><G121/><T115/><D124/><N who="3" m="47721" /><G37/><T81/><D22/><U57/><E1/><V107/><F102/><W71/><G5/><T130/><D43/><U109/><E34/><V32/><F51/><W10/><G55/><T131/><D9/><U45/><E133/><N who="2" m="51275" /><F16/><W89/><G89/><T110/><D2/><U129/><E73/><V42/><F62/><W46/><G46/><T66/><D50/><U29/><E45/><V7/><F7/><W68/><G68/><T40/><D40/><U39/><E39/><V113/><F113/><W97/><G18/><T134/><D134/><U64/><E38/><V35/><F35/><W6/><G10/><T120/><D120/><U11/><E11/><V12/><F12/><W19/><G19/><T17/><D17/><U108/><E57/><V101/><F101/><W20/><G6/><T13/><D13/><U79/><E15/><V4/><F4/><W80/><G20/><T91/><D91/><U84/><E8/><V0/><F0/><W44/><G44/><T41/><D41/><U63/><E29/><V27/><F27/><W49/><G49/><T24/><D72/><U100/><E90/><V87/><F87/><W92/><G80/><T76/><D75/><U88/><E100/><V95/><F95/><AGARI ba="0,0" hai="25,30,33,61,67,71,92,95,97,103,105" m="47721" machi="95" ten="30,2000,0" yaku="25,1,18,1" doraHai="127" who="3" fromWho="2" sc="302,0,224,0,237,-20,237,20" /><INIT seed="3,0,0,0,5,58" ten="302,224,217,257" oya="3" hai0="105,101,124,93,0,53,20,54,130,32,60,19,26" hai1="22,66,123,44,92,111,67,33,27,76,9,61,49" hai2="65,30,127,99,6,98,56,41,52,87,63,132,42" hai3="57,91,131,40,96,28,75,46,69,11,102,50,23"/><W18/><G69/><T86/><D105/><U7/><E123/><V97/><F127/><W121/><G121/><T24/><D0/><U62/><E33/><V4/><F132/><W128/><G75/><T34/><D34/><U35/><E35/><V85/><F30/><W117/><G117/><T73/><D73/><U55/><E111/><V29/><F29/><W95/><G28/><T38/><D38/><U12/><E76/><V14/><F65/><N who="1" m="24585" /><E92/><V68/><F68/><W17/><G11/><T45/><D20/><U31/><AGARI ba="0,0" hai="7,9,12,22,27,31,44,49,55,61,62" m="24585" machi="31" ten="30,4000,0" yaku="8,1,52,2" doraHai="58" who="1" fromWho="1" sc="302,-10,224,40,217,-10,257,-20" /><INIT seed="4,0,0,1,5,118" ten="292,264,207,237" oya="0" hai0="56,109,93,124,71,108,86,94,45,120,88,85,66" hai1="79,42,99,75,107,29,37,113,50,52,105,39,7" hai2="17,14,100,119,111,114,96,134,32,0,55,129,117" hai3="26,12,97,68,4,3,72,62,19,73,121,116,6"/><T74/><D120/><U91/><E29/><V126/><F111/><N who="0" m="42570" /><D74/><U31/><E31/><V36/><F0/><W18/><G116/><N who="2" m="44617" /><F36/><W5/><G3/><T89/><D124/><U43/><E7/><V13/><F32/><W46/><G26/><T95/><D71/><U106/><E113/><V28/><F28/><W25/><G25/><T61/><D45/><U112/><E112/><V101/><F114/><W104/><G46/><T132/><D132/><U20/><E20/><N who="2" m="11311" /><F134/><W44/><G44/><T27/><D27/><U110/><E110/><V87/><F126/><W80/><G18/><T84/><AGARI ba="0,0" hai="56,61,66,84,85,86,88,89,93,94,95" m="42570" machi="84" ten="40,3900,0" yaku="10,1,54,1" doraHai="118" who="0" fromWho="0" sc="292,39,264,-13,207,-13,237,-13" owari="331,43.1,251,5.1,194,-30.6,224,-17.6" /></mjloggm>