<mjloggm ver="2.3"><GO type="225" lobby="0"/><UN n0="%E3%83%96%E3%83%83%E3%83%91%E3%82%AA%E3%83%96%E3%83%81%E3%82%AD%E3%83%B3" n1="%E7%99%BD%E5%80%89%E5%AF%9B%E4%B9%8B" n2="%E5%91%A8%E6%9D%B1" n3="%E3%81%A0%E3%81%8A" dan="16,16,17,17" rate="2188.67,2163.96,2168.92,2078.09" sx="M,M,M,M"/><TAIKYOKU oya="0"/><INIT seed="0,0,0,0,0,121" ten="250,250,250,250" oya="0" hai0="111,105,61,7,38,127,41,28,40,88,62,129,71" hai1="70,123,6,0,94,34,33,77,24,21,103,96,130" hai2="13,55,45,85,17,42,25,1,86,120,122,64,80" hai3="12,89,73,52,27,98,22,43,100,72,97,74,133"/><T93/><D105/><U63/><E123/><V116/><F1/><W20/><G133/><T87/><D129/><U51/><E130/><V23/><F116/><W5/><G43/><T32/><D127/><U84/><E6/><V108/><F108/><W112/><G112/><T132/><D132/><U67/><E0/><V11/><F86/><W75/><G75/><T81/><D7/><U78/><E51/><V128/><F64/><W31/><G89/><T14/><D14/><U2/><E2/><V126/><F126/><W110/><G110/><T57/><D111/><U69/><E69/><V56/><F128/><W99/><G52/><N who="0" m="33959" /><D32/><U37/><E37/><V115/><F115/><W101/><REACH who="3" step="1"/><G22/><REACH who="3" ten="250,250,250,240" step="2"/><T113/><D88/><U46/><E46/><V76/><F45/><W118/><G118/><T135/><D41/><U30/><E34/><V18/><REACH who="2" step="1"/><F42/><REACH who="2" ten="250,250,240,240" step="2"/><W36/><G36/><T58/><D40/><U9/><E84/><V79/><F79/><W60/><G60/><AGARI ba="0,2" hai="11,13,17,18,23,25,55,56,60,76,80,85,120,122" machi="60" ten="30,2000,0" yaku="1,1,7,1,53,0" doraHai="121" doraHaiUra="26" who="2" fromWho="3" sc="250,0,250,0,240,40,240,-20" /><INIT seed="1,0,0,2,4,45" ten="250,250,280,220" oya="1" hai0="117,21,100,10,38,51,69,11,133,56,25,59,64" hai1="66,126,13,37,34,12,124,103,116,55,98,50,29" hai2="115,9,111,18,43,52,23,33,88,0,95,39,80" hai3="48,74,127,76,118,4,31,78,84,68,107,85,17"/><U63/><E37/><V49/><F33/><W1/><G68/><T104/><D117/><U131/><E116/><V114/><F111/><W123/><G123/><T54/><D38/><U35/><E131/><V15/><F80/><W89/><G118/><T81/><D133/><U40/><E40/><V83/><F83/><W44/><G107/><T36/><D36/><U30/><E35/><V7/><F43/><W67/><G67/><T41/><D69/><N who="1" m="42207" /><E12/><V65/><F65/><W112/><G74/><T128/><D41/><U5/><E13/><V99/><REACH who="2" step="1"/><F39/><REACH who="2" ten="250,250,270,220" step="2"/><W61/><G112/><T42/><D42/><U120/><E34/><V71/><F71/><W62/><G76/><T3/><D64/><U70/><E70/><V106/><F106/><W92/><G78/><T90/><D104/><N who="1" m="63607" /><E120/><V87/><F87/><W26/><G85/><T79/><D79/><U130/><E130/><V8/><F8/><W46/><G84/><T77/><D11/><U135/><E135/><V101/><F101/><W22/><G92/><T91/><D10/><U60/><E5/><V24/><F24/><W57/><G26/><T27/><D25/><U132/><E132/><V75/><F75/><W2/><G4/><T32/><D27/><U94/><E94/><V129/><F129/><W125/><G22/><T110/><D21/><U97/><E97/><V134/><F134/><W82/><G82/><T109/><D128/><U121/><E121/><V119/><F119/><W16/><G125/><N who="1" m="48234" /><E60/><V113/><F113/><W6/><G127/><T58/><D32/><U53/><E53/><V86/><F86/><RYUUKYOKU ba="0,1" sc="250,-15,250,15,270,15,220,-15" hai1="29,30,50,55" hai2="0,7,9,15,18,23,49,52,88,95,99,114,115" /><INIT seed="1,1,1,3,1,31" ten="235,265,285,205" oya="1" hai0="13,129,101,70,28,116,106,135,48,16,89,133,126" hai1="131,65,45,79,107,21,117,30,128,62,6,25,130" hai2="58,118,35,3,57,0,74,4,113,132,121,17,81" hai3="125,18,102,119,103,2,8,134,46,86,93,60,59"/><U11/><E107/><V9/><F118/><W76/><G119/><T1/><D116/><U51/><E79/><V52/><F121/><W7/><G125/><T104/><D1/><U5/><E117/><V27/><F132/><N who="0" m="50762" /><D126/><U77/><E77/><V85/><F113/><W38/><G134/><T26/><D129/><U73/><E73/><V92/><F74/><W54/><G18/><T47/><D70/><U53/><REACH who="1" step="1"/><E11/><REACH who="1" ten="235,255,285,205" step="2"/><V71/><F9/><W91/><REACH who="3" step="1"/><G76/><REACH who="3" ten="235,255,285,195" step="2"/><T120/><D120/><U123/><E123/><V49/><F17/><W15/><G15/><T95/><D16/><U97/><E97/><V61/><F0/><W124/><G124/><T78/><D13/><U111/><E111/><V64/><F3/><W43/><AGARI ba="1,3" hai="2,7,8,38,43,46,54,59,60,86,91,93,102,103" machi="43" ten="30,4000,0" yaku="1,1,0,1,53,1" doraHai="31" doraHaiUra="69" who="3" fromWho="3" sc="235,-11,255,-21,285,-11,195,73" /><INIT seed="2,0,0,0,0,39" ten="224,234,274,268" oya="2" hai0="12,6,81,68,73,50,71,37,42,115,48,61,77" hai1="79,63,135,92,19,72,98,38,52,40,53,23,5" hai2="56,126,0,15,46,34,130,123,97,121,16,65,51" hai3="27,124,49,93,28,107,86,9,32,66,55,85,3"/><V75/><F0/><W29/><G107/><T24/><D115/><U101/><E135/><V47/><F75/><W21/><G124/><T128/><D128/><U45/><E5/><V113/><F113/><W80/><G66/><T131/><D131/><U108/><E108/><V33/><F130/><W70/><G70/><T110/><D110/><U8/><E8/><V59/><F97/><W116/><G116/><T11/><D24/><U64/><E79/><V127/><F65/><W82/><G93/><T95/><D61/><U83/><E83/><V4/><F4/><W129/><G9/><T69/><REACH who="0" step="1"/><D95/><REACH who="0" ten="214,234,274,268" step="2"/><U112/><E112/><V41/><F126/><W14/><G129/><T44/><AGARI ba="0,1" hai="6,11,12,37,42,44,48,50,68,69,71,73,77,81" machi="44" ten="40,8000,1" yaku="1,1,2,1,0,1,52,1,53,0" doraHai="39" doraHaiUra="114" who="0" fromWho="0" sc="214,90,234,-20,274,-40,268,-20" /><INIT seed="3,0,0,3,1,77" ten="304,214,234,248" oya="3" hai0="63,32,69,102,61,79,49,0,128,65,16,1,122" hai1="101,115,71,68,2,48,38,8,108,92,6,74,46" hai2="94,28,12,56,95,80,111,57,118,39,13,15,134" hai3="127,7,97,123,91,75,37,67,59,40,24,20,5"/><W121/><G75/><T34/><D122/><U23/><E115/><V131/><F118/><W50/><G127/><T70/><D128/><U83/><E108/><V35/><F111/><W82/><G37/><T133/><D49/><U112/><E112/><V110/><F39/><W19/><G121/><T130/><D130/><U17/><E101/><V124/><F110/><W10/><G123/><T93/><D133/><U43/><E92/><N who="2" m="35371" /><F131/><W60/><G97/><T4/><D16/><U81/><E48/><V58/><F35/><W47/><REACH who="3" step="1"/><G10/><REACH who="3" ten="304,214,234,238" step="2"/><T126/><D126/><U104/><E104/><V117/><F124/><W129/><G129/><T31/><D102/><U125/><E125/><V84/><F117/><W54/><G54/><T100/><D100/><U114/><E114/><V3/><F134/><W109/><G109/><T14/><D65/><U87/><E74/><V86/><F86/><AGARI ba="0,1" hai="5,7,19,20,24,40,47,50,59,60,67,82,86,91" machi="86" ten="40,7700,0" yaku="1,1,8,1,52,1,53,0" doraHai="77" doraHaiUra="99" who="3" fromWho="2" sc="304,0,214,0,234,-77,238,87" owari="304,10.4,214,-18.6,157,-34.3,325,42.5" /></mjloggm>