<mjloggm ver="2.3"><GO type="225" lobby="0"/><UN n0="%E6%98%93%E5%88%A9%E8%96%A9%E4%BC%AF" n1="%E5%85%83%E3%82%AB%E3%83%8E%E7%B3%BB%E3%83%92%E3%83%AD%E3%82%A4%E3%83%B3" n2="%70%68%65%6E%6F%6D%65" n3="%E3%81%BF%E3%81%BF%E3%81%9A" dan="17,16,16,18" rate="2175.75,2201.89,2169.05,2209.05" sx="F,M,M,M"/><TAIKYOKU oya="0"/><INIT seed="0,0,0,5,0,65" ten="250,250,250,250" oya="0" hai0="119,74,5,120,34,19,130,93,64,1,99,60,80" hai1="40,126,20,18,72,55,63,29,134,115,61,116,101" hai2="87,17,35,86,36,25,11,70,26,28,107,96,94" hai3="45,76,112,22,54,90,13,14,84,128,16,7,125"/><T15/><D119/><U3/><E116/><V88/><F36/><W91/><G125/><T102/><D120/><U38/><E126/><V103/><F70/><W92/><G112/><T105/><D34/><U12/><E115/><V124/><F124/><W83/><G128/><T27/><D1/><U135/><E72/><V106/><F87/><W2/><G2/><T6/><D27/><U31/><E3/><V49/><F49/><N who="3" m="28975" /><G92/><T108/><D108/><U0/><E0/><V46/><F46/><W23/><G23/><T67/><D67/><U37/><E101/><V77/><F77/><W43/><G43/><T114/><D130/><U104/><E104/><V68/><F68/><W121/><G121/><T30/><D30/><N who="1" m="11275" /><E55/><V113/><F113/><W71/><G71/><T41/><D41/><U24/><E24/><V100/><F25/><W52/><G52/><T97/><D114/><U59/><E59/><V111/><F111/><W58/><G58/><T4/><D105/><U98/><E98/><V53/><F53/><W39/><G39/><N who="1" m="14858" /><E40/><V8/><REACH who="2" step="1"/><F17/><REACH who="2" ten="250,250,240,250" step="2"/><W44/><G44/><T127/><D127/><U33/><E33/><V131/><F131/><W82/><G82/><T133/><D19/><U85/><E85/><V51/><F51/><W9/><AGARI ba="0,1" hai="7,9,13,14,16,22,76,83,84,90,91" m="28975" machi="9" ten="30,2000,0" yaku="8,1,54,1" doraHai="65" who="3" fromWho="3" sc="250,-10,250,-5,240,-5,250,30" /><INIT seed="1,0,0,5,5,40" ten="240,245,235,280" oya="1" hai0="50,85,99,98,116,62,37,80,56,55,97,15,83" hai1="74,126,87,129,78,1,26,88,106,52,66,60,123" hai2="5,125,91,29,122,0,111,10,130,30,25,134,44" hai3="73,51,79,9,16,96,135,103,34,109,54,14,81"/><U94/><E123/><V8/><F122/><W77/><G109/><T65/><D116/><U13/><E1/><V69/><F69/><W70/><G135/><T68/><D37/><U6/><E106/><V95/><F111/><W121/><G121/><T2/><D2/><U112/><E112/><V72/><F134/><W124/><G124/><T22/><D83/><U114/><E114/><V57/><F125/><W89/><G70/><T11/><D22/><U19/><E126/><V20/><F72/><W17/><G34/><T92/><D92/><U93/><E74/><V32/><F130/><W42/><G42/><T108/><D108/><U110/><E78/><V133/><F133/><W49/><G49/><T18/><REACH who="0" step="1"/><D99/><REACH who="0" ten="230,245,235,280" step="2"/><U39/><E39/><V59/><F10/><W115/><G115/><T104/><D104/><U118/><E118/><V86/><F30/><W61/><G73/><T102/><D102/><U35/><E110/><V31/><F29/><W64/><G103/><T120/><D120/><U84/><E35/><V128/><F128/><W4/><G81/><T100/><D100/><U41/><E129/><V28/><F31/><W132/><G132/><T12/><D12/><U21/><E94/><V75/><F75/><W38/><G38/><T7/><D7/><U67/><E6/><V58/><F32/><W43/><G4/><T131/><D131/><U24/><E84/><V46/><AGARI ba="0,1" hai="0,5,8,20,25,28,44,46,57,58,59,86,91,95" machi="46" ten="30,4000,0" yaku="0,1,52,2" doraHai="40" who="2" fromWho="2" sc="230,-10,245,-20,235,50,280,-10" /><INIT seed="2,0,0,5,1,48" ten="220,225,285,270" oya="2" hai0="31,55,93,129,120,134,37,8,28,127,22,60,132" hai1="53,116,15,50,19,17,100,54,119,128,122,4,62" hai2="98,64,124,85,7,96,47,42,52,32,125,11,39" hai3="115,86,72,30,83,71,130,81,79,6,126,73,87"/><V112/><F112/><W70/><G115/><T67/><D37/><U110/><E110/><V1/><F32/><W114/><G114/><T16/><D120/><U107/><E122/><V78/><F64/><W89/><G126/><N who="2" m="48745" /><F78/><W25/><G130/><T23/><D127/><U75/><E75/><V103/><F85/><W76/><G6/><T63/><D129/><U56/><E128/><V26/><F26/><W14/><G14/><N who="0" m="7239" /><D93/><U123/><E123/><V82/><F82/><W135/><G135/><N who="0" m="51755" /><D63/><U21/><E4/><V106/><F98/><W0/><G0/><T41/><D41/><U46/><REACH who="1" step="1"/><E19/><REACH who="1" ten="220,215,285,270" step="2"/><V59/><F1/><W68/><G73/><T88/><D31/><U10/><E10/><V57/><F11/><W49/><G72/><T113/><D28/><U69/><E69/><V97/><F7/><W101/><G70/><T99/><D113/><U13/><E13/><V102/><F106/><W121/><G68/><T109/><D109/><U111/><E111/><V65/><F103/><W36/><G71/><T35/><D35/><U84/><E84/><V77/><F102/><W108/><G101/><T66/><D23/><U91/><E91/><V3/><F3/><W117/><G108/><T9/><D22/><U131/><E131/><V33/><F33/><N who="3" m="20687" /><G121/><T20/><D20/><U38/><E38/><V80/><F77/><N who="3" m="46383" /><G36/><T5/><D5/><U104/><E104/><V92/><F39/><W94/><G79/><T58/><D9/><U105/><E105/><V51/><F97/><AGARI ba="0,1" hai="15,17,21,46,50,53,54,56,62,97,100,107,116,119" machi="97" ten="40,8000,1" yaku="1,1,52,2,53,1" doraHai="48" doraHaiUra="95" who="1" fromWho="2" sc="220,0,215,90,285,-80,270,0" /><INIT seed="3,0,0,2,4,77" ten="220,305,205,270" oya="3" hai0="100,10,1,106,126,84,42,131,71,6,78,11,45" hai1="29,97,30,85,26,16,27,57,50,40,96,108,80" hai2="93,4,118,38,129,59,82,127,73,132,119,34,18" hai3="55,124,54,72,39,51,63,23,122,89,109,66,123"/><W62/><G72/><T87/><D71/><U113/><E113/><V75/><F38/><W83/><G39/><T12/><D131/><U49/><E108/><V58/><F34/><W125/><G23/><T99/><D126/><N who="3" m="48745" /><G109/><T130/><D130/><U9/><E57/><V32/><F127/><W91/><G91/><T112/><D112/><U101/><E9/><V102/><F32/><W88/><G62/><T68/><D78/><N who="1" m="46231" /><E16/><V47/><F129/><W61/><G63/><T111/><D111/><U13/><E13/><V134/><F4/><W14/><G14/><T56/><D68/><U36/><E36/><V114/><F114/><W74/><G55/><T110/><D110/><U98/><E101/><V67/><F18/><W70/><G123/><T121/><D121/><U65/><E65/><V92/><F67/><W41/><G41/><T107/><D11/><U76/><E76/><N who="2" m="44303" /><F75/><W2/><G122/><T133/><D12/><U33/><E33/><V116/><F102/><W17/><G2/><T79/><D1/><U52/><E40/><V128/><F128/><W46/><G17/><T8/><D42/><U44/><E49/><V94/><F47/><W120/><G120/><T135/><D45/><U20/><E20/><V7/><F7/><W64/><G66/><T115/><D6/><U104/><E104/><V21/><F21/><W103/><G103/><T53/><D100/><U25/><AGARI ba="0,0" hai="25,26,27,29,30,44,50,52,96,97,98" m="46231" machi="25" ten="30,4000,0" yaku="8,1,52,1,54,1" doraHai="77" who="1" fromWho="1" sc="220,-10,305,40,205,-10,270,-20" owari="210,-19.0,345,44.5,195,-30.5,250,5.0" /></mjloggm>