<mjloggm ver="2.3"><GO type="225" lobby="0"/><UN n0="%E9%A6%AC%E5%BC%95%E7%81%AB%33" n1="%E6%A0%B9%E5%85%83%E3%81%8B%E3%82%89%E5%90%B9%E3%81%A3%E9%A3%9B%E3%81%B6" n2="%E5%91%A8%E6%9D%B1" n3="%E3%83%A9%E3%82%B9%E7%8E%87%EF%BC%93%E5%89%B2" dan="16,16,17,17" rate="2124.13,2161.03,2157.80,2220.83" sx="M,F,M,F"/><TAIKYOKU oya="0"/><INIT seed="0,0,0,2,3,103" ten="250,250,250,250" oya="0" hai0="40,41,9,20,114,65,61,34,123,51,53,91,12" hai1="24,0,6,79,11,129,102,70,50,132,90,32,81" hai2="122,76,97,8,7,75,42,106,73,127,45,52,108" hai3="58,25,101,125,134,131,37,96,112,55,119,113,80"/><T4/><D114/><U111/><E111/><V121/><F108/><W63/><G119/><T124/><D123/><U87/><E129/><V56/><F127/><W94/><G131/><T95/><D124/><U89/><E132/><V36/><F75/><W78/><G125/><T5/><D34/><U120/><E120/><V19/><F19/><W31/><G37/><T47/><D4/><U118/><E118/><V38/><F38/><W100/><G100/><T10/><D20/><U85/><E70/><V62/><F97/><W72/><REACH who="3" step="1"/><G134/><REACH who="3" ten="250,250,250,240" step="2"/><T23/><D9/><U67/><E102/><V133/><F133/><W28/><G28/><T86/><REACH who="0" step="1"/><D23/><AGARI ba="0,1" hai="23,25,31,55,58,63,72,78,80,94,96,101,112,113" machi="23" ten="30,2000,0" yaku="1,1,7,1,53,0" doraHai="103" doraHaiUra="115" who="3" fromWho="0" sc="250,-20,250,0,250,0,240,30" /><INIT seed="1,0,0,1,5,12" ten="230,250,250,270" oya="1" hai0="7,48,129,52,50,32,55,64,51,53,79,49,56" hai1="88,84,131,82,58,30,73,122,34,60,59,121,95" hai2="20,39,113,2,61,109,124,65,0,31,19,86,71" hai3="72,132,37,76,70,43,45,103,134,135,41,118,119"/><U16/><E34/><V57/><F109/><W36/><G103/><T123/><D32/><U26/><E30/><V75/><F75/><W63/><G76/><T125/><D129/><U14/><E26/><V94/><F39/><W28/><G28/><T108/><D108/><U133/><E131/><V81/><F124/><W10/><G10/><T23/><D125/><U25/><E25/><V111/><F111/><W104/><G104/><T89/><D123/><U11/><E133/><V97/><F71/><W68/><G72/><T112/><D112/><U80/><E59/><V4/><F4/><W127/><G127/><T98/><D79/><U74/><E74/><V99/><F113/><W126/><G126/><T18/><D64/><U8/><E8/><V92/><F31/><W107/><G107/><T114/><D7/><U105/><E105/><V17/><F20/><W101/><G101/><T85/><D98/><N who="2" m="37386" /><F0/><W22/><G22/><T6/><D6/><U5/><E5/><V78/><F2/><W29/><G29/><T83/><D114/><U116/><E116/><N who="3" m="44586" /><G63/><T66/><D66/><U44/><E73/><V87/><F87/><W42/><G45/><T9/><D9/><U35/><E44/><V106/><F106/><W27/><G27/><AGARI ba="0,0" hai="18,23,27,48,49,50,51,52,53,55,56,83,85,89" machi="27" ten="40,5200,0" yaku="8,1,52,1,54,1" doraHai="12" who="0" fromWho="3" sc="230,52,250,0,250,0,270,-52" /><INIT seed="2,0,0,4,3,58" ten="282,250,250,218" oya="2" hai0="13,104,19,48,62,24,87,32,9,60,71,4,47" hai1="124,65,37,31,12,97,14,69,118,42,40,28,29" hai2="25,30,20,49,82,133,130,70,27,105,83,61,53" hai3="17,68,46,91,131,38,64,90,74,59,10,93,121"/><V41/><F105/><W52/><G121/><T92/><D104/><U77/><E118/><V80/><F130/><W2/><G131/><T128/><D128/><U79/><E124/><V8/><F133/><W122/><G74/><T78/><D71/><U120/><E120/><V22/><F8/><W51/><G122/><T99/><D32/><U106/><E37/><V56/><F70/><W126/><G126/><T57/><D57/><U23/><E106/><V18/><REACH who="2" step="1"/><F41/><REACH who="2" ten="282,250,240,218" step="2"/><N who="3" m="22839" /><G93/><T125/><D125/><U34/><E40/><V117/><F117/><W98/><G98/><T132/><D132/><U94/><E42/><V114/><F114/><W55/><G55/><T100/><D92/><U73/><E69/><V21/><F21/><W63/><G17/><T115/><D99/><U88/><E97/><V54/><F54/><W85/><G85/><T95/><D95/><U127/><E94/><V43/><F43/><W76/><G76/><T123/><D19/><U113/><E77/><V102/><F102/><W6/><AGARI ba="0,1" hai="2,6,10,51,52,59,63,64,68,90,91" m="22839" machi="6" ten="30,4000,0" yaku="24,1,52,1,54,1" doraHai="58" who="3" fromWho="3" sc="282,-10,250,-10,240,-20,218,50" /><INIT seed="3,0,0,3,1,62" ten="272,240,220,268" oya="3" hai0="24,104,70,103,132,120,75,82,20,61,97,7,3" hai1="59,89,101,13,39,74,65,102,42,36,50,30,78" hai2="23,123,21,28,66,49,129,100,80,83,27,111,6" hai3="116,106,115,131,14,11,71,88,48,107,47,15,17"/><W31/><G115/><T85/><D120/><U90/><E74/><V133/><F123/><W121/><G121/><T52/><D75/><U16/><E78/><V37/><F37/><W29/><G116/><T113/><D113/><U55/><E30/><V64/><F129/><W84/><G71/><T127/><D132/><U56/><E39/><V57/><F133/><W5/><G131/><T134/><D134/><U95/><E90/><V119/><F119/><W93/><G107/><T4/><D127/><U128/><E42/><V108/><F6/><W2/><G106/><T126/><D126/><U94/><E94/><V45/><F23/><W135/><G135/><T124/><D3/><U46/><E36/><V51/><F100/><W69/><G69/><T96/><D97/><U72/><E46/><V53/><F83/><W114/><G2/><T87/><D87/><N who="1" m="52671" /><E72/><V79/><F80/><W43/><G114/><T125/><D125/><U67/><E128/><V81/><F81/><W73/><G73/><T110/><D124/><U40/><E40/><N who="2" m="24743" /><F79/><W10/><AGARI ba="0,0" hai="5,10,11,14,15,17,29,31,43,47,48,84,88,93" machi="10" ten="20,7800,0" yaku="0,1,7,1,8,1,54,1" doraHai="62" who="3" fromWho="3" sc="272,-26,240,-26,220,-26,268,78" owari="246,4.6,214,-18.6,194,-30.6,346,44.6" /></mjloggm>