<mjloggm ver="2.3"><GO type="225" lobby="0"/><UN n0="%E3%82%8A%E3%81%93%E3%82%8A%E3%82%93%E3%81%94" n1="%E6%98%93%E5%88%A9%E8%96%A9%E4%BC%AF" n2="%E5%8D%A0%E3%81%84%E5%B8%AB%E8%A3%8F%E3%81%AA%E3%81%84%E3%81%97" n3="%43%68%65" dan="17,17,17,16" rate="2229.90,2187.00,2171.02,2097.70" sx="M,F,M,M"/><TAIKYOKU oya="0"/><INIT seed="0,0,0,4,3,22" ten="250,250,250,250" oya="0" hai0="9,82,134,125,126,93,64,67,80,24,28,81,122" hai1="25,35,100,23,36,5,97,110,78,68,47,52,56" hai2="117,16,40,15,1,114,75,45,50,86,74,73,32" hai3="112,76,128,33,131,65,104,55,0,59,34,79,53"/><T113/><D113/><U62/><E110/><V106/><F114/><W30/><G104/><T20/><D122/><U41/><E5/><V2/><F106/><W85/><G112/><T123/><D123/><U120/><E78/><V83/><F117/><W27/><G0/><T94/><D134/><U10/><E10/><V61/><F32/><W84/><G65/><T13/><D125/><U108/><E108/><V14/><F14/><W102/><G102/><T133/><D133/><U77/><E77/><V95/><F95/><N who="0" m="36362" /><D126/><U49/><E35/><V105/><F61/><W42/><G42/><T6/><AGARI ba="0,0" hai="6,9,13,20,24,28,64,67,80,81,82" m="36362" machi="6" ten="30,3000,0" yaku="8,1,52,1" doraHai="22" who="0" fromWho="0" sc="250,30,250,-10,250,-10,250,-10" /><INIT seed="0,1,0,3,5,98" ten="280,240,240,240" oya="0" hai0="82,9,0,20,61,112,31,76,24,62,115,65,105" hai1="55,79,17,106,37,114,48,130,60,25,26,67,126" hai2="33,69,119,59,81,19,54,92,53,117,58,6,96" hai3="102,125,2,107,129,44,128,100,127,118,4,68,132"/><T29/><D105/><U108/><E108/><V8/><F69/><W51/><G118/><N who="2" m="45065" /><F33/><W28/><G68/><T87/><D31/><U73/><E37/><V88/><F19/><W131/><G28/><T116/><D116/><U64/><E130/><V21/><F21/><W110/><G110/><T30/><D30/><U120/><E120/><V121/><F121/><W71/><G71/><T35/><D62/><U22/><E126/><N who="3" m="48138" /><G107/><T15/><D0/><U93/><E106/><V1/><F81/><W50/><G132/><T91/><D76/><U123/><E114/><V89/><F89/><W99/><G99/><T104/><D35/><U39/><E25/><V32/><F32/><W109/><G109/><T27/><D27/><U14/><E26/><V5/><F5/><W57/><G57/><AGARI ba="1,0" hai="1,6,8,53,54,57,58,59,88,92,96" m="45065" machi="57" ten="30,2000,0" yaku="12,1,54,1" doraHai="98" who="2" fromWho="3" sc="280,0,240,0,240,23,240,-23" /><INIT seed="1,0,0,4,3,37" ten="280,240,263,217" oya="1" hai0="96,65,120,114,84,121,118,39,11,6,62,132,57" hai1="61,43,79,77,69,103,22,1,26,87,29,107,71" hai2="105,99,63,130,135,20,128,34,38,58,54,108,110" hai3="42,75,44,83,68,109,78,31,59,81,119,91,117"/><U97/><E1/><V41/><F41/><W112/><BYE who="2" /><G112/><UN n2="%E5%8D%A0%E3%81%84%E5%B8%AB%E8%A3%8F%E3%81%AA%E3%81%84%E3%81%97" /><T16/><D114/><U98/><E98/><V133/><F34/><W24/><G68/><T49/><D118/><N who="3" m="45065" /><G109/><N who="2" m="42089" /><F20/><N who="3" m="15751" /><G59/><T111/><D111/><U19/><E71/><V76/><F76/><W25/><G25/><T101/><D39/><U88/><E43/><V40/><F99/><W10/><G10/><T47/><D84/><U72/><E72/><V28/><F28/><W90/><G83/><T64/><D64/><U0/><E0/><V95/><F95/><W3/><G3/><T86/><D86/><U93/><REACH who="1" step="1"/><E29/><REACH who="1" ten="280,230,263,217" step="2"/><V56/><F105/><W48/><AGARI ba="0,1" hai="42,44,48,75,78,81,90,91" m="15751,45065" machi="48" ten="30,2000,0" yaku="12,1,52,1" doraHai="37" who="3" fromWho="3" sc="280,-5,230,-10,263,-5,217,30" /><INIT seed="2,0,0,0,4,119" ten="275,220,258,247" oya="2" hai0="34,89,27,121,92,54,91,41,22,53,15,47,97" hai1="107,26,79,130,77,0,93,55,76,74,85,23,65" hai2="5,2,126,75,105,63,118,82,8,59,10,69,71" hai3="36,95,99,58,21,1,111,31,33,106,30,114,12"/><V18/><F118/><W124/><G1/><T120/><D34/><U101/><E0/><V28/><F105/><W94/><G36/><T87/><D15/><U100/><E74/><V72/><F126/><W17/><G106/><T133/><D133/><U46/><E65/><V38/><F38/><W48/><G124/><T25/><D54/><U113/><E113/><V122/><F122/><W9/><G33/><T43/><D53/><U135/><E130/><V123/><F28/><W103/><G111/><T90/><D41/><U29/><E107/><V7/><F18/><W98/><G114/><T50/><D25/><U128/><E128/><V62/><F59/><W49/><G58/><T52/><D43/><U57/><E46/><V116/><F116/><W51/><REACH who="3" step="1"/><G9/><REACH who="3" ten="275,220,258,237" step="2"/><T14/><D121/><U96/><E135/><V3/><F123/><W81/><G81/><AGARI ba="0,1" hai="2,3,5,7,8,10,62,63,69,71,72,75,81,82" machi="81" ten="25,2400,0" yaku="22,2" doraHai="119" who="2" fromWho="3" sc="275,0,220,0,258,34,237,-24" /><INIT seed="2,1,0,5,4,115" ten="275,220,292,213" oya="2" hai0="101,127,133,19,87,37,121,74,20,135,61,53,122" hai1="55,44,65,73,118,0,52,75,56,97,90,116,25" hai2="22,47,119,33,39,81,70,45,10,66,34,1,80" hai3="23,15,72,31,8,113,7,4,82,107,109,26,21"/><V83/><F22/><N who="3" m="8203" /><G107/><T58/><D74/><U17/><E0/><V91/><F91/><W85/><G72/><T76/><D37/><U30/><E17/><V43/><F119/><W106/><G106/><T63/><D127/><U92/><E75/><V128/><F128/><W98/><G98/><T117/><D101/><U64/><E73/><V67/><F45/><W69/><G69/><T103/><D103/><U57/><E44/><V12/><F1/><W49/><G49/><T114/><D114/><U108/><E108/><V132/><F132/><N who="0" m="50762" /><D63/><U42/><E42/><V28/><F70/><W60/><G60/><T120/><D117/><U27/><E65/><V77/><F77/><W79/><G113/><T14/><D87/><U62/><E27/><V99/><F99/><W112/><G109/><T89/><D89/><U84/><E84/><V111/><F111/><W125/><G125/><T13/><D76/><U51/><E64/><V68/><F68/><W124/><G124/><T93/><D93/><U126/><E126/><V3/><F67/><W104/><G104/><T18/><D122/><U11/><E11/><AGARI ba="1,0" hai="11,13,14,18,19,20,53,58,61,120,121" m="50762" machi="11" ten="30,1000,0" yaku="20,1" doraHai="115" who="0" fromWho="1" sc="275,13,220,-13,292,0,213,0" /><INIT seed="3,0,0,5,3,92" ten="288,207,292,213" oya="3" hai0="111,123,60,97,96,56,42,55,107,132,63,89,110" hai1="118,31,26,3,44,46,121,12,113,124,101,34,67" hai2="74,102,22,0,59,48,117,11,43,94,2,19,40" hai3="95,10,114,21,131,4,38,9,130,84,37,125,76"/><W27/><G114/><T86/><D123/><U51/><E113/><V5/><F74/><W49/><G125/><T82/><D132/><U103/><E121/><V18/><F0/><W35/><G35/><T99/><D107/><U15/><E3/><V115/><F117/><W108/><G49/><N who="0" m="30831" /><D42/><U72/><E72/><V90/><F102/><N who="1" m="38921" /><E34/><V122/><F122/><W66/><G66/><T16/><D16/><U126/><E67/><V1/><F1/><W87/><G108/><AGARI ba="0,0" hai="60,63,82,86,89,96,97,99,108,110,111" m="30831" machi="108" ten="30,7700,0" yaku="14,1,52,3" doraHai="92" who="0" fromWho="3" sc="288,77,207,0,292,0,213,-77" owari="365,46.5,207,-19.3,292,9.2,136,-36.4" /></mjloggm>