<mjloggm ver="2.3"><GO type="225" lobby="0"/><UN n0="%E3%82%8F%E3%81%8B%E3%81%B0%2A%E3%82%AC%E3%83%BC%E3%83%AB" n1="%E3%81%95%E3%81%8D%E3%81%9F%E3%81%BE%E6%9E%97%E6%AA%8E" n2="%E9%80%86%E9%80%A3%E5%B8%AF%E3%81%AE%E9%AC%BC" n3="%E3%83%A9%E3%83%BC%E3%83%A1%E3%83%B3%E4%BA%94%E9%83%8E" dan="16,16,16,16" rate="2164.77,2074.42,2055.70,2178.00" sx="M,M,M,M"/><TAIKYOKU oya="0"/><INIT seed="0,0,0,0,3,122" ten="250,250,250,250" oya="0" hai0="77,29,12,84,80,119,61,82,72,91,30,92,126" hai1="16,13,63,38,129,73,110,15,25,14,93,10,57" hai2="115,131,60,79,32,125,99,120,49,71,27,104,18" hai3="56,111,96,89,31,134,20,33,9,112,62,135,5"/><T97/><D119/><U19/><E38/><V42/><F120/><W76/><G112/><T69/><D126/><U78/><E129/><V24/><F125/><W132/><G33/><T107/><D12/><U106/><E106/><V54/><F131/><W81/><G96/><T95/><D95/><U7/><E73/><V74/><F115/><W118/><G89/><T88/><REACH who="0" step="1"/><D107/><REACH who="0" ten="240,250,250,250" step="2"/><U117/><E117/><V53/><F104/><W23/><G118/><T130/><D130/><U17/><E93/><V59/><F27/><W45/><G134/><T3/><D3/><U85/><E25/><V51/><F24/><W26/><G135/><T103/><D103/><U70/><E15/><V55/><F32/><W36/><G132/><T8/><D8/><U44/><E14/><V128/><F128/><W87/><G26/><T114/><D114/><U123/><E13/><V48/><F18/><W39/><G9/><T11/><D11/><U2/><E16/><V0/><F0/><W4/><G4/><T21/><D21/><U58/><E17/><V22/><F22/><W83/><G5/><T101/><D101/><U67/><E19/><V64/><F99/><W86/><G20/><T127/><D127/><U65/><E10/><V105/><F105/><W90/><G23/><T68/><D68/><U113/><E7/><V28/><F28/><W102/><G31/><T108/><D108/><U124/><E110/><V66/><F71/><W50/><G111/><T109/><D109/><U133/><E70/><V46/><F59/><W40/><G102/><T100/><D100/><U116/><E133/><RYUUKYOKU ba="0,1" sc="240,15,250,-15,250,-15,250,15" hai0="29,30,61,69,72,77,80,82,84,88,91,92,97" hai3="36,39,40,45,50,56,62,76,81,83,86,87,90" /><INIT seed="0,1,1,3,0,116" ten="255,235,235,265" oya="0" hai0="62,56,98,123,7,2,65,84,134,48,124,39,79" hai1="8,100,87,49,68,24,22,45,133,12,50,83,61" hai2="14,18,23,53,13,16,17,0,47,104,25,112,120" hai3="125,113,93,122,71,90,130,55,91,96,4,109,80"/><T117/><D117/><U54/><E133/><V21/><F104/><W110/><G71/><T131/><D123/><U74/><E74/><V103/><F112/><W59/><G113/><T10/><D131/><U6/><E100/><V15/><F103/><W128/><G4/><T1/><D39/><U85/><E68/><V37/><F120/><W28/><G28/><T69/><D134/><U40/><E61/><V92/><F0/><W64/><G64/><T88/><D124/><U106/><E106/><V66/><F66/><W63/><G125/><T86/><D1/><U111/><E111/><N who="3" m="42506" /><G122/><T73/><D73/><U82/><E82/><V46/><F37/><W105/><G105/><T78/><D98/><U5/><E5/><V67/><F67/><W51/><G63/><T20/><D84/><AGARI ba="1,1" hai="51,55,59,80,84,90,91,93,96,128,130" m="42506" machi="84" ten="30,1000,0" yaku="14,1" doraHai="116" who="3" fromWho="0" sc="255,-13,235,0,235,0,265,23" /><INIT seed="1,0,0,2,2,52" ten="242,235,235,288" oya="1" hai0="45,86,1,124,65,116,14,96,107,55,62,125,46" hai1="56,27,35,24,77,99,91,15,40,29,19,60,104" hai2="32,0,133,58,30,82,23,90,106,54,53,7,74" hai3="117,118,39,11,130,57,93,126,70,110,123,9,21"/><U64/><E77/><V114/><F106/><W98/><G123/><T71/><D1/><U122/><E122/><V51/><F133/><W28/><G70/><T41/><D116/><N who="3" m="44649" /><G39/><T20/><D86/><U12/><E40/><V6/><F114/><W100/><G110/><T2/><D2/><U34/><E91/><V5/><F32/><W37/><G37/><T68/><D68/><U132/><E132/><V79/><F90/><W84/><G126/><N who="0" m="48747" /><D55/><U22/><REACH who="1" step="1"/><E35/><REACH who="1" ten="242,225,235,288" step="2"/><V95/><F0/><W112/><G112/><T94/><D41/><U78/><E78/><V36/><F79/><W44/><G130/><T105/><D45/><U97/><E97/><V87/><F74/><W16/><G44/><T111/><D46/><U89/><E89/><V81/><F87/><W49/><G84/><T33/><D33/><U80/><E80/><V121/><F121/><W43/><G43/><T66/><D111/><U120/><E120/><V25/><F82/><W83/><G83/><T13/><D107/><U47/><E47/><V42/><F81/><W18/><G98/><T31/><D105/><U131/><E131/><V102/><F36/><W50/><G93/><T108/><D108/><U63/><E63/><V67/><F42/><W73/><G73/><T109/><D109/><U10/><E10/><V69/><F95/><W48/><G9/><T115/><D115/><U101/><AGARI ba="0,1" hai="12,15,19,22,24,27,29,34,56,60,64,99,101,104" machi="101" ten="30,11700,0" yaku="1,1,0,1,52,1,53,1" doraHai="52" doraHaiUra="92" who="1" fromWho="1" sc="242,-39,225,127,235,-39,288,-39" /><INIT seed="1,1,0,1,3,104" ten="203,352,196,249" oya="1" hai0="26,111,94,112,88,55,56,128,44,107,87,79,86" hai1="91,84,41,98,59,81,116,124,19,43,77,54,32" hai2="10,115,38,80,50,22,14,34,105,110,16,13,101" hai3="76,129,103,122,92,45,113,29,85,126,0,36,17"/><U30/><E116/><V40/><F115/><W33/><G122/><T132/><D112/><U73/><E124/><V3/><F110/><W135/><G113/><T102/><D111/><U106/><E32/><V97/><F34/><W60/><G126/><T83/><D128/><U4/><E30/><V114/><F114/><W11/><G129/><T62/><D132/><U133/><E4/><V63/><F3/><W117/><G117/><T8/><D26/><U21/><E133/><V58/><F38/><W127/><G127/><T37/><D8/><U6/><E6/><V130/><F130/><W82/><G0/><T109/><D109/><U75/><E98/><V71/><F71/><W61/><G135/><T49/><D37/><U125/><E106/><V23/><F80/><W131/><G131/><T48/><D107/><U12/><E125/><V108/><F108/><W18/><G29/><T99/><REACH who="0" step="1"/><D44/><REACH who="0" ten="193,352,196,249" step="2"/><U70/><E70/><V51/><F40/><W20/><G45/><T65/><D65/><U134/><E134/><V100/><F100/><W64/><G36/><T57/><D57/><U27/><E27/><V53/><REACH who="2" step="1"/><F23/><REACH who="2" ten="193,352,186,249" step="2"/><W2/><G20/><T69/><D69/><U28/><E43/><V52/><F52/><W24/><G33/><T68/><D68/><U35/><E41/><V93/><F93/><W123/><G92/><T118/><D118/><U47/><E54/><V39/><F39/><W78/><G103/><T121/><D121/><U31/><E35/><V74/><F74/><W72/><G72/><N who="1" m="27722" /><E21/><V120/><F120/><W96/><G123/><T90/><D90/><RYUUKYOKU ba="1,2" sc="193,15,352,-15,186,15,249,-15" hai0="48,49,55,56,62,79,83,86,87,88,94,99,102" hai2="10,13,14,16,22,50,51,53,58,63,97,101,105" /><INIT seed="2,2,2,2,5,1" ten="208,337,201,234" oya="2" hai0="27,101,13,115,39,48,99,38,24,21,129,5,51" hai1="31,113,122,98,7,14,85,117,128,94,75,55,95" hai2="68,73,100,89,8,19,16,2,41,86,11,47,104" hai3="40,130,0,87,71,65,132,15,110,96,53,56,62"/><V63/><F73/><W109/><G0/><T44/><D115/><U46/><E117/><V6/><F104/><W123/><G123/><T90/><D129/><U57/><E113/><V37/><F100/><W112/><G112/><T127/><D127/><U60/><E75/><V102/><F102/><W33/><G130/><T32/><D32/><U28/><E128/><V116/><F116/><W23/><G33/><T4/><D38/><U26/><E122/><V120/><F120/><W17/><G132/><T84/><D39/><U126/><E126/><V59/><F11/><W34/><G34/><T25/><D13/><U114/><E114/><V91/><F68/><W134/><G134/><T9/><D9/><N who="1" m="4415" /><E85/><V10/><F10/><W12/><G87/><T119/><D21/><N who="1" m="15439" /><E31/><V66/><REACH who="2" step="1"/><F91/><REACH who="2" ten="208,337,191,234" step="2"/><W74/><G74/><T108/><D119/><U79/><E79/><V49/><F49/><N who="0" m="19018" /><D108/><U70/><E70/><V105/><F105/><W30/><G110/><T135/><D135/><U77/><E77/><V20/><F20/><W125/><G109/><T97/><D44/><U61/><E46/><V78/><F78/><W82/><G71/><T18/><D101/><N who="1" m="60631" /><E61/><V81/><AGARI ba="2,3" hai="2,6,8,16,19,37,41,47,59,63,66,81,86,89" machi="81" ten="20,18000,2" yaku="1,1,0,1,7,1,52,1,54,1,53,1" doraHai="1" doraHaiUra="43" who="2" fromWho="2" sc="208,-62,337,-62,191,216,234,-62" /><INIT seed="2,3,0,2,1,86" ten="146,275,407,172" oya="2" hai0="48,62,75,15,44,106,120,60,121,73,43,21,57" hai1="71,46,2,113,25,27,114,97,79,96,129,108,133" hai2="31,10,67,55,93,77,34,38,80,12,14,4,102" hai3="22,82,101,88,128,33,99,59,56,35,105,90,87"/><V115/><F38/><W23/><G128/><T6/><D106/><U84/><E108/><V127/><F127/><W16/><G22/><T47/><D62/><U20/><E129/><V118/><F118/><W30/><G30/><T91/><D73/><U3/><E46/><V64/><F115/><W98/><G98/><T135/><D75/><U32/><E84/><V24/><F55/><W124/><G124/><T100/><D100/><U85/><E85/><V104/><F104/><W89/><G35/><T41/><D135/><U54/><E54/><V123/><F123/><W51/><G33/><T45/><D45/><U53/><E53/><V109/><F109/><W52/><REACH who="3" step="1"/><G59/><REACH who="3" ten="146,275,407,162" step="2"/><T81/><D121/><U66/><E20/><N who="2" m="15751" /><F102/><W68/><G68/><T0/><D120/><U26/><E32/><V111/><F34/><W78/><G78/><T5/><D21/><U69/><E79/><V94/><F111/><W9/><G9/><T28/><D28/><U83/><E71/><V132/><F77/><W122/><G122/><T112/><D112/><U63/><E69/><V95/><F10/><W1/><G1/><T17/><D0/><U7/><E96/><V117/><F132/><W131/><G131/><T11/><D57/><U130/><E97/><V126/><F126/><W8/><G8/><T134/><D134/><U119/><E130/><V40/><F117/><W29/><G29/><T92/><D11/><U36/><E133/><V65/><F4/><W125/><G125/><T72/><D5/><U50/><E7/><V76/><F76/><W58/><G58/><T70/><D6/><RYUUKYOKU ba="3,1" sc="146,-10,275,-10,407,-10,162,30" hai3="16,23,51,52,56,82,87,88,89,90,99,101,105" /><INIT seed="3,4,1,4,4,69" ten="136,265,397,192" oya="3" hai0="94,78,70,9,134,8,98,97,106,62,103,111,121" hai1="30,100,81,118,6,131,82,90,77,49,29,83,4" hai2="24,74,2,18,16,48,86,58,33,47,113,71,105" hai3="37,68,92,65,11,120,20,99,40,126,80,117,27"/><W85/><G117/><T84/><D121/><U88/><E131/><V66/><F105/><W42/><G120/><T14/><D111/><U67/><E118/><V104/><F74/><W115/><G115/><T123/><D123/><U43/><E77/><V54/><F2/><W122/><G122/><T56/><D134/><U32/><E32/><V89/><F113/><W101/><G126/><T46/><D70/><U59/><E100/><V0/><F104/><W44/><G42/><T7/><D8/><U130/><E130/><V35/><F0/><W64/><G11/><T91/><D46/><N who="1" m="25823" /><E59/><V1/><F1/><W61/><G61/><T31/><D31/><N who="1" m="11787" /><E67/><V63/><F71/><W22/><G68/><T10/><D10/><U102/><E102/><V26/><F35/><W135/><G135/><T129/><D129/><U96/><E96/><V55/><F66/><W15/><G15/><T57/><REACH who="0" step="1"/><D62/><REACH who="0" ten="126,265,397,192" step="2"/><U116/><E116/><V112/><F112/><W133/><G133/><T38/><D38/><U110/><E110/><V28/><F28/><W50/><G37/><T107/><D107/><U60/><E60/><V45/><F63/><W12/><G65/><T17/><D17/><U41/><E6/><V23/><F33/><W114/><G64/><T13/><D13/><U36/><E36/><V79/><F47/><W76/><G44/><T52/><D52/><U95/><E4/><V21/><F54/><W53/><G53/><T108/><D108/><U73/><E41/><V87/><F45/><W109/><G40/><T127/><D127/><U39/><E39/><V93/><F55/><RYUUKYOKU ba="4,2" sc="126,30,265,-10,397,-10,192,-10" hai0="7,9,14,56,57,78,84,91,94,97,98,103,106" owari="156,-34.4,255,5.5,407,50.7,182,-21.8" /></mjloggm>