<mjloggm ver="2.3"><GO type="225" lobby="0"/><UN n0="%E7%89%B9%E6%9D%B1%E3%81%AF%E4%B8%96%E7%95%8C%E3%82%92%E6%95%91%E3%81%86" n1="%33%74%72%65%65" n2="%E3%83%96%E3%83%83%E3%83%91%E3%82%AA%E3%83%96%E3%83%81%E3%82%AD%E3%83%B3" n3="%E3%81%BF%E3%81%BF%E3%81%9A" dan="16,17,16,17" rate="2171.44,2230.71,2148.37,2217.19" sx="M,F,M,M"/><TAIKYOKU oya="0"/><INIT seed="0,0,0,1,5,125" ten="250,250,250,250" oya="0" hai0="102,72,109,54,33,121,111,41,10,63,47,36,120" hai1="8,73,128,77,15,130,87,124,34,117,55,90,11" hai2="5,86,51,1,81,105,46,74,132,65,28,112,2" hai3="7,100,57,95,32,84,13,67,106,19,76,75,17"/><T131/><D72/><U38/><E117/><V39/><F112/><W126/><G32/><T48/><D33/><U129/><E124/><V79/><F132/><W92/><G126/><T123/><D102/><U61/><E34/><V64/><F105/><W97/><G67/><T9/><D63/><U18/><E38/><V114/><F114/><W101/><G57/><T45/><REACH who="0" step="1"/><D131/><REACH who="0" ten="240,250,250,250" step="2"/><U96/><E73/><V78/><F74/><W25/><G75/><T103/><D103/><U27/><E61/><V83/><F1/><W20/><G106/><T24/><D24/><U127/><E27/><V68/><F2/><W58/><G101/><T26/><D26/><U85/><E127/><V35/><F35/><W119/><G119/><T80/><D80/><N who="1" m="47247" /><E96/><V69/><F83/><N who="3" m="47207" /><G95/><T89/><D89/><U82/><E55/><V133/><F81/><W122/><G122/><T3/><D3/><U98/><E98/><V108/><F79/><W94/><G94/><T37/><D37/><U66/><E66/><V29/><F39/><W0/><G0/><T88/><D88/><U53/><E53/><V50/><F65/><W43/><G92/><T42/><D42/><U60/><E60/><V91/><F64/><W118/><G43/><T71/><D71/><U107/><E107/><V116/><F68/><W70/><G118/><T115/><D115/><U104/><E104/><V23/><F69/><W59/><G70/><T30/><D30/><U44/><E44/><V134/><F46/><W14/><G97/><T12/><D12/><U62/><E62/><V6/><F116/><W56/><G100/><RYUUKYOKU ba="0,1" sc="240,15,250,15,250,-15,250,-15" hai0="9,10,36,41,45,47,48,54,109,111,120,121,123" hai1="8,11,15,18,82,87,90,128,129,130" /><INIT seed="0,1,1,3,3,1" ten="255,265,235,235" oya="0" hai0="42,133,102,73,122,6,18,72,104,9,48,67,56" hai1="14,11,106,92,83,45,130,99,3,119,127,101,77" hai2="70,22,2,5,60,37,88,24,86,50,93,124,54" hai3="123,97,64,21,69,40,51,108,113,34,33,8,4"/><T0/><D122/><U89/><E119/><V65/><F124/><W116/><G113/><T15/><D133/><U96/><E127/><V129/><F129/><W74/><G116/><T111/><D111/><U120/><E120/><V76/><F37/><W135/><G123/><T114/><D114/><U115/><E115/><V41/><F41/><W82/><G135/><T107/><D67/><U43/><E130/><V75/><F75/><W29/><G108/><T13/><D0/><U26/><E26/><V132/><F132/><W23/><G97/><T25/><D25/><U80/><E3/><V79/><F2/><W71/><G40/><T52/><D42/><U7/><REACH who="1" step="1"/><E77/><REACH who="1" ten="255,255,235,235" step="2"/><V63/><F63/><W109/><G109/><T27/><D27/><U59/><E59/><V100/><F100/><W38/><G71/><T112/><D112/><U128/><E128/><V78/><F78/><W44/><G69/><T31/><D102/><U85/><E85/><V20/><F79/><W49/><G34/><T118/><D118/><U66/><E66/><V87/><F76/><W105/><G64/><T98/><D73/><U30/><E30/><V55/><F87/><W131/><G33/><T10/><D31/><U117/><E117/><V12/><F24/><W95/><G29/><T91/><D72/><U58/><E58/><V39/><F86/><W28/><G131/><T126/><REACH who="0" step="1"/><D126/><REACH who="0" ten="245,255,235,235" step="2"/><U125/><E125/><V134/><F65/><W16/><G28/><T90/><D90/><U32/><E32/><V17/><F88/><W81/><G74/><T121/><D121/><U94/><E94/><AGARI ba="1,3" hai="6,9,10,13,15,18,48,52,56,91,94,98,104,107" machi="94" ten="40,12000,1" yaku="1,1,6,1,52,1,54,1,53,1" doraHai="1" doraHaiUra="47" who="0" fromWho="1" sc="245,153,255,-123,235,0,235,0" /><INIT seed="0,2,0,4,5,103" ten="398,132,235,235" oya="0" hai0="112,104,30,67,7,37,32,33,94,42,4,43,45" hai1="105,86,22,77,2,111,14,122,90,132,68,129,65" hai2="134,27,24,113,78,80,6,51,21,106,75,109,15" hai3="87,57,88,19,93,135,44,102,12,84,50,13,46"/><T123/><D112/><U56/><E122/><V25/><F113/><W100/><G135/><T91/><D123/><U39/><E132/><V130/><F134/><W99/><G12/><T69/><D43/><U11/><E111/><V95/><F109/><W18/><G18/><T76/><D76/><U62/><E129/><V115/><F130/><W26/><G26/><T35/><D30/><U74/><E39/><V48/><F115/><W9/><G57/><T16/><D104/><U34/><E34/><V29/><F106/><W3/><G44/><T81/><D81/><U121/><E121/><V73/><F73/><W49/><G49/><T131/><D131/><U71/><E105/><V108/><F108/><W127/><G127/><T70/><D67/><U47/><E77/><V133/><F133/><W96/><G3/><T101/><D101/><N who="3" m="39017" /><G99/><T124/><D124/><U79/><E47/><V5/><F51/><W58/><G58/><T97/><D16/><U72/><E22/><N who="2" m="15607" /><F48/><W83/><G83/><T41/><D41/><AGARI ba="2,0" hai="9,13,19,41,46,50,84,87,88,93,96" m="39017" machi="41" ten="30,2000,0" yaku="8,1,54,1" doraHai="103" who="3" fromWho="0" sc="398,-26,132,0,235,0,235,26" /><INIT seed="1,0,0,1,4,12" ten="372,132,235,261" oya="1" hai0="13,129,42,121,29,87,132,98,124,81,52,77,33" hai1="35,119,64,85,73,0,96,115,53,109,63,122,14" hai2="27,95,7,31,86,17,134,34,5,113,135,60,88" hai3="79,57,59,78,131,66,71,84,62,16,69,6,50"/><U93/><E115/><V26/><F113/><W127/><G6/><T40/><D129/><U107/><E119/><V70/><F70/><W41/><G131/><T37/><D37/><U24/><E122/><V2/><F60/><W128/><G128/><T39/><D39/><U20/><E0/><V110/><F110/><W130/><G130/><T104/><D132/><N who="2" m="50730" /><F2/><W123/><G123/><T74/><D74/><U32/><E109/><V49/><F49/><W126/><G41/><T99/><D98/><U43/><E43/><V106/><F106/><W58/><G71/><T117/><D99/><U8/><E53/><V56/><F56/><W47/><G84/><T91/><D52/><U125/><E125/><N who="3" m="47626" /><G47/><T89/><D87/><U21/><E85/><V46/><F46/><W108/><G50/><T94/><D124/><U15/><E73/><V22/><AGARI ba="0,0" hai="5,7,17,22,26,27,31,34,86,88,95" m="50730" machi="22" ten="30,4000,0" yaku="20,1,52,1,54,1" doraHai="12" who="2" fromWho="2" sc="372,-10,132,-20,235,40,261,-10" /><INIT seed="2,0,0,2,2,20" ten="362,112,275,251" oya="2" hai0="8,30,101,102,105,6,78,32,48,3,74,70,46" hai1="115,133,49,33,110,67,99,132,96,45,29,58,90" hai2="83,10,134,119,103,24,25,41,104,73,47,100,68" hai3="75,76,126,13,89,61,9,50,79,53,1,36,86"/><V111/><F119/><W125/><G36/><T118/><D70/><U56/><E115/><V88/><F134/><W23/><G61/><T2/><D2/><U121/><E110/><V34/><F34/><W129/><G1/><T55/><D105/><U94/><E121/><V22/><F68/><W87/><G129/><T37/><D118/><U82/><E99/><V65/><F65/><W135/><G75/><T38/><D30/><U107/><E107/><V114/><F114/><W123/><G123/><T11/><D11/><U43/><E82/><V44/><F111/><W0/><G0/><T64/><D64/><U128/><E128/><V112/><F112/><W77/><G23/><T106/><D32/><U7/><E7/><V12/><F104/><W17/><G135/><T39/><D106/><U109/><E109/><V84/><F73/><W5/><G5/><T122/><D122/><U131/><E131/><V108/><F108/><W72/><G72/><T97/><D97/><U16/><E56/><V57/><F57/><W21/><G9/><T80/><AGARI ba="0,0" hai="3,6,8,37,38,39,46,48,55,74,78,80,101,102" machi="80" ten="40,1500,0" yaku="0,1" doraHai="20" who="0" fromWho="0" sc="362,15,112,-4,275,-7,251,-4" /><INIT seed="3,0,0,3,4,89" ten="377,108,268,247" oya="3" hai0="81,49,22,83,50,132,88,133,36,124,117,56,53" hai1="126,73,66,92,31,94,111,52,65,2,34,47,109" hai2="99,33,41,80,9,21,76,58,59,131,123,29,19" hai3="35,32,25,68,16,102,7,84,108,11,104,86,23"/><W24/><G68/><T85/><D36/><U6/><E73/><V114/><F114/><W125/><G125/><T93/><D117/><U110/><E126/><V112/><F112/><W12/><G108/><T30/><D124/><U118/><E118/><V79/><F131/><W119/><G119/><T54/><D30/><U120/><E120/><V67/><F33/><W39/><G39/><T100/><D22/><U38/><E2/><V106/><F106/><W1/><G24/><T113/><D113/><U130/><E130/><V13/><F123/><W61/><G61/><T78/><D100/><U74/><E74/><V55/><F41/><W87/><REACH who="3" step="1"/><G1/><REACH who="3" ten="377,108,268,237" step="2"/><T51/><D81/><U44/><E6/><V69/><F80/><W48/><G48/><T122/><D122/><U3/><E3/><V128/><F69/><W135/><G135/><N who="0" m="51787" /><D56/><U28/><E38/><V75/><F59/><W62/><G62/><T18/><D18/><U116/><E116/><V20/><F58/><W42/><G42/><T121/><D121/><U46/><E52/><V5/><F19/><W101/><G101/><T37/><D37/><U96/><E96/><AGARI ba="0,1" hai="7,11,12,16,23,25,32,35,84,86,87,96,102,104" machi="96" ten="40,7700,0" yaku="1,1,54,1,53,1" doraHai="89" doraHaiUra="15" who="3" fromWho="1" sc="377,0,108,-77,268,0,237,87" /><AGARI ba="0,0" hai="49,50,51,53,54,78,83,85,88,93,96" m="51787" machi="96" ten="30,3900,0" yaku="20,1,52,1,54,1" doraHai="89" who="0" fromWho="1" sc="377,39,31,-39,268,0,324,0" owari="416,51.6,-8,-50.8,268,-13.2,324,12.4" /></mjloggm>