<mjloggm ver="2.3"><GO type="225" lobby="0"/><UN n0="%E5%91%A8%E6%9D%B1" n1="%E4%BC%8A%E7%B9%94%E3%82%82%E3%81%88" n2="%E3%81%82%E3%81%84%E3%81%82%E3%81%8A%E3%81%84" n3="%E8%81%B7%E6%A5%AD%E3%80%81%E9%A2%A8%32" dan="16,16,18,16" rate="2187.75,2110.28,2195.14,2156.14" sx="M,M,M,M"/><TAIKYOKU oya="0"/><INIT seed="0,0,0,5,2,14" ten="250,250,250,250" oya="0" hai0="4,72,5,39,40,98,3,93,118,67,73,76,81" hai1="91,49,108,71,63,28,54,59,68,21,2,36,134" hai2="111,82,119,53,132,106,85,95,29,97,120,50,131" hai3="89,61,22,43,104,96,100,121,51,70,62,23,99"/><T122/><D122/><U34/><E34/><V128/><F120/><W107/><G121/><T84/><D118/><U55/><E2/><V79/><F29/><W20/><G70/><T135/><D135/><U7/><E7/><V27/><F27/><W88/><G43/><T78/><D67/><U10/><E10/><V35/><F35/><W105/><G51/><T69/><D69/><U124/><E108/><V47/><F132/><W86/><G100/><T126/><D126/><U16/><E124/><V117/><F106/><W0/><G0/><T19/><D3/><U6/><E134/><V46/><F46/><W102/><G102/><T1/><D1/><U66/><E6/><V133/><F111/><W64/><G86/><T125/><D125/><U24/><E36/><V77/><F77/><W114/><G114/><T113/><D113/><U26/><E91/><N who="3" m="34890" /><G64/><T17/><D76/><U38/><E38/><V60/><F60/><AGARI ba="0,0" hai="20,22,23,60,61,62,96,99,104,105,107" m="34890" machi="60" ten="40,5200,0" yaku="28,2,54,1" doraHai="14" who="3" fromWho="2" sc="250,0,250,0,250,-52,250,52" /><INIT seed="1,0,0,1,1,16" ten="250,250,198,302" oya="1" hai0="51,64,24,69,46,89,23,111,95,21,112,86,114" hai1="74,123,84,68,71,94,32,124,106,117,122,37,55" hai2="133,119,59,93,72,25,1,87,27,49,58,8,5" hai3="63,40,38,126,134,115,113,41,12,125,107,132,96"/><U56/><E106/><V62/><F119/><W102/><G12/><T50/><D111/><U70/><E74/><V0/><F0/><W78/><G63/><T120/><D120/><U44/><E117/><V105/><F105/><W17/><G17/><T42/><D51/><U131/><E32/><V39/><F39/><W76/><G41/><T33/><D33/><U18/><E124/><N who="3" m="47722" /><G40/><T29/><REACH who="0" step="1"/><D21/><REACH who="0" ten="240,250,198,302" step="2"/><U99/><E131/><V11/><F49/><W130/><G38/><T61/><AGARI ba="0,1" hai="23,24,29,42,46,50,61,64,69,86,89,95,112,114" machi="61" ten="30,7900,0" yaku="1,1,2,1,0,1,52,1,53,0" doraHai="16" doraHaiUra="98" who="0" fromWho="0" sc="240,89,250,-39,198,-20,302,-20" /><INIT seed="2,0,0,3,4,19" ten="329,211,178,282" oya="2" hai0="52,68,107,129,132,128,120,98,87,32,106,88,89" hai1="121,29,122,94,51,25,60,110,4,57,7,116,66" hai2="37,62,80,124,126,41,86,17,11,75,35,58,50" hai3="44,8,133,31,74,79,46,26,20,101,82,96,83"/><V23/><F35/><W71/><G71/><T42/><D120/><U27/><E110/><V131/><F75/><W63/><G133/><T0/><D32/><U59/><E116/><V76/><F37/><W113/><G113/><T135/><D0/><U30/><E121/><V1/><F131/><N who="0" m="50250" /><D68/><U18/><E122/><V115/><F115/><W77/><G8/><T81/><D42/><U85/><E18/><V103/><F103/><W38/><G38/><T91/><D52/><N who="1" m="31903" /><E27/><V92/><F92/><W114/><G114/><T93/><D91/><N who="1" m="53615" /><E25/><V69/><F69/><W134/><G63/><T12/><D12/><U45/><E45/><V97/><F97/><W72/><REACH who="3" step="1"/><G134/><AGARI ba="0,0" hai="81,87,88,89,93,98,106,107,132,134,135" m="50250" machi="134" ten="30,8000,1" yaku="20,1,19,1,34,2,54,1" doraHai="19" who="0" fromWho="3" sc="329,80,211,0,178,0,282,-80" /><INIT seed="3,0,0,3,3,42" ten="409,211,178,202" oya="3" hai0="13,109,26,1,70,7,121,94,98,46,29,72,59" hai1="43,116,39,5,63,82,9,58,115,15,53,71,17" hai2="16,78,86,34,76,27,110,61,52,91,117,41,119" hai3="48,102,55,28,18,85,132,125,68,95,6,107,133"/><W81/><G125/><T100/><D109/><U0/><E115/><V24/><F110/><W87/><G68/><T30/><D72/><U90/><E116/><V14/><F117/><W60/><G60/><T25/><D1/><U99/><E71/><V88/><F119/><W96/><G28/><T57/><D121/><U50/><E39/><V120/><F120/><W80/><G6/><T12/><D70/><U118/><E118/><V74/><F74/><W66/><G66/><T134/><D134/><N who="3" m="51817" /><G18/><T35/><D7/><U92/><E82/><N who="3" m="31850" /><G107/><T126/><D126/><U93/><E93/><N who="2" m="54423" /><F91/><W67/><G67/><T38/><D30/><U56/><E43/><V36/><F41/><W11/><G11/><T8/><D8/><U129/><E129/><V89/><F89/><W65/><G65/><T3/><D29/><U101/><E90/><V114/><F36/><W4/><G4/><T97/><D38/><U54/><E0/><V49/><F61/><W79/><G79/><N who="2" m="30249" /><F34/><W122/><G122/><T108/><D35/><U128/><E128/><V51/><F114/><W113/><G113/><T124/><D108/><U69/><E69/><V23/><F51/><W62/><G62/><T111/><D124/><U77/><E77/><V33/><F33/><W19/><G19/><AGARI ba="0,0" hai="5,9,15,17,19,50,53,54,56,58,63,92,99,101" machi="19" ten="40,1300,0" yaku="8,1" doraHai="42" who="1" fromWho="3" sc="409,0,211,13,178,0,202,-13" owari="409,50.9,224,2.4,178,-32.2,189,-21.1" /></mjloggm>