<mjloggm ver="2.3"><GO type="225" lobby="0"/><UN n0="%E3%82%8C%E3%81%99%E3%81%93" n1="%E3%82%89%E3%81%84%E3%81%B5%E3%81%8C%E3%83%BC%E3%81%A9%E3%81%99%E3%81%8D" n2="%E3%82%BC%E3%83%AB%E3%83%80%E3%81%AE%E4%BC%9D%E8%AA%AC" n3="%EF%BC%AE%EF%BC%A1%EF%BC%AF%33%33%39" dan="17,16,17,16" rate="2152.18,2071.56,2135.84,2172.88" sx="F,M,M,M"/><TAIKYOKU oya="0"/><INIT seed="0,0,0,5,0,92" ten="250,250,250,250" oya="0" hai0="102,21,8,75,67,50,114,131,86,125,89,132,87" hai1="0,19,68,119,58,23,34,105,56,77,65,120,2" hai2="96,54,7,101,41,31,107,44,25,52,133,6,93" hai3="109,62,90,71,20,72,60,108,98,104,16,115,5"/><T83/><D114/><U13/><E120/><V88/><F133/><W37/><G37/><T22/><D132/><U49/><E119/><V55/><F107/><W61/><G72/><T47/><D131/><U17/><E34/><V48/><REACH who="2" step="1"/><F101/><REACH who="2" ten="250,250,240,250" step="2"/><W1/><G104/><T122/><D122/><U24/><E105/><V63/><F63/><W124/><G115/><T127/><D102/><U51/><E0/><V70/><F70/><W3/><G71/><T53/><D127/><U78/><E2/><V33/><AGARI ba="0,1" hai="6,7,25,31,33,41,44,48,52,54,55,88,93,96" machi="33" ten="30,8000,1" yaku="1,1,0,1,52,1,54,2,53,0" doraHai="92" doraHaiUra="32" who="2" fromWho="2" sc="250,-40,250,-20,240,90,250,-20" /><INIT seed="1,0,0,5,2,33" ten="210,230,330,230" oya="1" hai0="11,70,28,119,97,130,69,63,98,66,92,76,51" hai1="9,128,107,84,57,6,71,67,4,75,120,36,55" hai2="30,0,86,133,48,22,45,114,7,2,96,72,42" hai3="111,108,53,77,32,121,109,88,60,58,27,3,8"/><U81/><E120/><V31/><F72/><W134/><G121/><T80/><D119/><U10/><E36/><V125/><F7/><N who="1" m="2601" /><E75/><V113/><F125/><W17/><G77/><T34/><D130/><U21/><E71/><V38/><F133/><W112/><G112/><N who="2" m="43113" /><F86/><W83/><G134/><T90/><D11/><N who="1" m="4107" /><E107/><V39/><F96/><W101/><G101/><T46/><D70/><U19/><E67/><V23/><F23/><W94/><G83/><T24/><D80/><U102/><E102/><V1/><F22/><W126/><G126/><T43/><REACH who="0" step="1"/><D76/><REACH who="0" ten="200,230,330,230" step="2"/><U41/><E128/><V52/><F38/><W47/><G109/><T131/><D131/><U12/><E81/><V37/><F39/><W68/><G68/><T135/><D135/><U74/><E74/><V65/><F65/><W122/><G111/><T116/><D116/><U15/><E84/><AGARI ba="0,1" hai="24,28,34,43,46,51,63,66,69,84,90,92,97,98" machi="84" ten="30,2000,0" yaku="1,1,7,1,53,0" doraHai="33" doraHaiUra="127" who="0" fromWho="1" sc="200,30,230,-20,330,0,230,0" /><INIT seed="2,0,0,2,5,102" ten="230,210,330,230" oya="2" hai0="76,110,73,23,20,87,88,29,13,93,57,75,131" hai1="40,60,79,19,94,109,125,10,62,97,50,53,91" hai2="104,47,30,45,43,83,41,71,74,63,59,37,119" hai3="106,51,34,111,58,48,25,98,18,26,99,92,114"/><V115/><F30/><W77/><G77/><T134/><D110/><U24/><E109/><V86/><F119/><W122/><G111/><T9/><D131/><U120/><E125/><V85/><F115/><W113/><G58/><T54/><D134/><U95/><E120/><V64/><F104/><W5/><G5/><T36/><D36/><U61/><E79/><V81/><F74/><W100/><G122/><T67/><D67/><U42/><E94/><V56/><F86/><W33/><G18/><T70/><D70/><U11/><E11/><V14/><F14/><W31/><G26/><T4/><D29/><U128/><E128/><V132/><F132/><W35/><G51/><T72/><REACH who="0" step="1"/><D76/><REACH who="0" ten="220,210,330,230" step="2"/><U123/><E123/><V116/><F116/><W1/><G114/><T103/><D103/><U16/><E24/><V107/><F64/><W44/><G113/><T96/><D96/><U2/><E2/><V133/><F71/><W127/><G1/><T108/><D108/><U46/><E10/><V27/><F27/><W32/><G127/><T49/><AGARI ba="0,1" hai="4,9,13,20,23,49,54,57,72,73,75,87,88,93" machi="49" ten="30,4000,0" yaku="1,1,0,1,54,1,53,0" doraHai="102" doraHaiUra="38" who="0" fromWho="0" sc="220,50,210,-10,330,-20,230,-10" /><INIT seed="3,0,0,3,1,35" ten="270,200,310,220" oya="3" hai0="81,27,53,83,113,56,8,94,44,50,72,12,112" hai1="96,16,57,31,119,51,10,30,42,104,82,17,39" hai2="28,40,105,62,85,134,6,26,102,66,115,107,100" hai3="121,29,13,7,43,1,22,2,4,19,52,48,106"/><W103/><G43/><T9/><D27/><U79/><E39/><V49/><F115/><N who="0" m="44106" /><D72/><U76/><E119/><V55/><F6/><W5/><G121/><T84/><D9/><U87/><E79/><V64/><F40/><W125/><G125/><T129/><D129/><U37/><E37/><V18/><F18/><N who="1" m="7273" /><E104/><V90/><F134/><W73/><G73/><T110/><D110/><U93/><E10/><V67/><F62/><W116/><G116/><T130/><D130/><U3/><E3/><V101/><F49/><W24/><G103/><T25/><D25/><U0/><E0/><V111/><F111/><W41/><G41/><N who="0" m="24847" /><D12/><U74/><E74/><V38/><F55/><W70/><G70/><T120/><D8/><U108/><E108/><V34/><REACH who="2" step="1"/><F38/><REACH who="2" ten="270,200,300,220" step="2"/><W80/><G106/><T20/><D120/><U77/><E77/><V58/><F58/><W71/><G71/><T33/><D56/><U123/><E123/><V45/><F45/><W126/><G126/><T11/><D53/><N who="1" m="31935" /><E42/><V36/><F36/><W68/><G68/><T47/><D47/><U135/><E135/><V92/><AGARI ba="0,1" hai="26,28,34,64,66,67,85,90,92,100,101,102,105,107" machi="92" ten="30,4000,0" yaku="1,1,0,1,53,1" doraHai="35" doraHaiUra="91" who="2" fromWho="2" sc="270,-10,200,-10,300,50,220,-20" owari="260,6.0,190,-31.0,350,45.0,200,-20.0" /></mjloggm>