<mjloggm ver="2.3"><GO type="225" lobby="0"/><UN n0="%E5%91%A8%E6%9D%B1" n1="%E9%97%98%E5%B0%86%E3%81%A0%E3%82%93%E3%81%A7%E3%81%83" n2="%E3%81%BE%E3%81%A8%E3%81%9F" n3="%E3%81%A4%E3%81%A3%E3%81%B1%E3%82%8A%E3%83%9D%E3%83%BC%E3%83%AB" dan="17,16,16,17" rate="2140.04,2083.18,2095.10,2141.30" sx="M,M,M,M"/><TAIKYOKU oya="0"/><INIT seed="0,0,0,0,1,23" ten="250,250,250,250" oya="0" hai0="64,18,16,36,29,97,133,129,100,80,51,55,116" hai1="6,61,96,77,78,72,82,81,79,120,41,135,5" hai2="101,25,115,65,21,86,2,92,128,12,8,119,24" hai3="4,40,73,95,38,110,37,91,52,109,112,22,3"/><T42/><D116/><U88/><E120/><V11/><F115/><W113/><G73/><T35/><D133/><U39/><E135/><V67/><F128/><W33/><G33/><T94/><D129/><U114/><E114/><V127/><F127/><W46/><G38/><T57/><D64/><N who="2" m="24650" /><F2/><W13/><G3/><T32/><D80/><U71/><E71/><V28/><F119/><W20/><G112/><T26/><REACH who="0" step="1"/><D35/><REACH who="0" ten="240,250,250,250" step="2"/><U48/><E81/><V0/><F0/><W89/><G113/><T50/><D50/><U106/><E48/><V99/><F86/><W31/><G37/><T60/><D60/><U134/><E61/><V70/><F70/><W102/><G110/><T45/><AGARI ba="0,1" hai="16,18,26,29,32,36,42,45,51,55,57,94,97,100" machi="45" ten="30,11700,0" yaku="1,1,0,1,52,1,54,1,53,0" doraHai="23" doraHaiUra="34" who="0" fromWho="0" sc="240,127,250,-39,250,-39,250,-39" /><INIT seed="0,1,0,0,1,40" ten="367,211,211,211" oya="0" hai0="125,57,39,98,122,90,15,66,37,79,81,127,97" hai1="88,116,130,129,115,117,112,20,86,128,131,85,135" hai2="34,77,27,109,5,21,133,123,30,105,13,118,95" hai3="107,106,48,65,51,67,54,120,1,91,92,134,113"/><T111/><D122/><U42/><N who="1" m="32768" /><DORA hai="63" /><U80/><E135/><V44/><F105/><W53/><G1/><T121/><D121/><U32/><E32/><V24/><F123/><W87/><G120/><T50/><D15/><U29/><E42/><V60/><F109/><W46/><G113/><N who="1" m="43594" /><E86/><V47/><F133/><W58/><REACH who="3" step="1"/><G134/><REACH who="3" ten="367,211,211,201" step="2"/><T93/><D111/><U7/><E7/><V11/><F118/><W71/><G71/><T0/><D0/><U96/><E96/><V52/><F5/><W102/><G102/><T101/><D101/><U75/><E75/><V82/><F34/><W14/><G14/><T8/><D98/><U110/><E110/><V19/><F13/><W4/><G4/><T59/><D97/><U41/><E41/><V73/><F73/><W94/><G94/><T104/><D93/><U23/><E20/><V9/><F95/><W89/><G89/><T100/><D90/><U33/><E23/><N who="2" m="13439" /><F9/><W78/><G78/><T108/><D79/><U76/><E76/><V45/><F11/><W43/><G43/><T31/><D8/><U61/><E117/><V99/><F99/><W74/><G74/><T68/><D108/><U64/><E116/><V2/><F2/><W126/><G126/><T35/><D127/><U18/><E33/><V124/><F124/><W28/><G28/><T6/><D31/><U72/><E29/><V84/><F77/><W55/><G55/><T22/><D35/><U26/><E72/><V17/><F30/><W56/><G56/><T36/><D6/><U70/><E18/><V25/><F17/><W132/><G132/><RYUUKYOKU ba="1,1" sc="367,-15,211,15,211,-15,201,15" hai1="26,61,64,70,80,85,88" hai3="46,48,51,53,54,58,65,67,87,91,92,106,107" /><INIT seed="1,2,1,2,5,72" ten="352,226,196,216" oya="1" hai0="36,59,122,15,57,123,99,126,130,60,71,5,69" hai1="3,64,89,56,121,49,21,128,94,112,105,134,6" hai2="86,74,30,97,70,110,73,34,8,108,80,10,92" hai3="4,102,104,125,93,95,35,22,87,47,28,40,117"/><U101/><E112/><V119/><F70/><W16/><G125/><T61/><D36/><U33/><E33/><V29/><F73/><W44/><G117/><T116/><D116/><U13/><E121/><N who="0" m="46089" /><D126/><U24/><E3/><V129/><F74/><W63/><G35/><T100/><D130/><U39/><E39/><V113/><F113/><W75/><G75/><T67/><D15/><U27/><E105/><V118/><F129/><W26/><G4/><T65/><D5/><U14/><E101/><N who="2" m="60583" /><F119/><W83/><G104/><AGARI ba="2,1" hai="57,59,60,61,65,67,69,71,99,100,104" m="46089" machi="104" ten="30,1000,0" yaku="13,1" doraHai="72" who="0" fromWho="3" sc="352,26,226,0,196,0,216,-16" /><INIT seed="2,0,0,3,4,76" ten="378,226,196,200" oya="2" hai0="114,45,85,72,112,4,79,5,6,101,22,103,49" hai1="10,89,135,40,44,7,31,47,96,41,129,115,11" hai2="67,87,36,91,33,88,9,0,59,53,123,84,21" hai3="80,104,95,82,107,90,118,60,124,106,48,46,56"/><V62/><F33/><W94/><G118/><T16/><D72/><U133/><E115/><V19/><F36/><W2/><G2/><T109/><D109/><U1/><E129/><V81/><F123/><W100/><G100/><T38/><D38/><U13/><E31/><V69/><F0/><W125/><G56/><T34/><D34/><U127/><E127/><N who="3" m="48714" /><G60/><T134/><D134/><N who="1" m="51211" /><E96/><V75/><F9/><W111/><G111/><T26/><D114/><U8/><E89/><V50/><F75/><W66/><G66/><T121/><D121/><U97/><E97/><V17/><F21/><W128/><G128/><T64/><D64/><U110/><E110/><V93/><AGARI ba="0,0" hai="17,19,50,53,59,62,67,69,81,84,87,88,91,93" machi="93" ten="20,7800,0" yaku="0,1,7,1,52,1,54,1" doraHai="76" who="2" fromWho="2" sc="378,-26,226,-26,196,78,200,-26" /><INIT seed="2,1,0,5,5,47" ten="352,200,274,174" oya="2" hai0="6,92,88,131,68,31,63,130,33,121,87,54,103" hai1="30,101,76,125,128,13,113,112,81,20,19,97,70" hai2="85,118,109,53,15,80,133,72,73,89,2,78,105" hai3="114,10,90,106,17,24,5,23,42,110,126,28,100"/><V4/><F2/><W86/><G110/><T57/><D121/><U27/><E128/><N who="0" m="49193" /><D6/><U82/><E125/><V50/><F118/><W8/><G126/><T135/><D135/><U41/><E70/><V127/><F127/><W62/><G114/><T14/><D14/><U71/><E71/><V29/><F105/><W117/><G117/><T66/><D103/><U124/><E124/><V119/><F119/><W0/><G42/><T120/><D120/><U61/><E61/><V49/><F29/><W60/><G100/><T91/><D91/><U37/><E37/><V3/><F3/><W104/><G104/><T1/><D1/><U52/><E41/><V34/><F34/><W79/><G79/><T96/><D31/><U16/><E52/><V12/><F109/><W129/><G106/><T36/><D36/><U38/><E19/><V25/><F133/><W46/><G46/><T115/><D33/><U55/><E55/><V44/><F73/><W11/><G129/><T83/><D115/><U48/><E38/><V84/><F72/><W99/><G99/><T67/><D68/><U75/><E82/><N who="2" m="47191" /><F4/><W98/><G98/><T108/><D108/><U134/><E134/><V22/><F25/><W45/><G45/><T26/><D26/><U94/><REACH who="1" step="1"/><E48/><REACH who="1" ten="352,190,274,174" step="2"/><N who="2" m="28807" /><F22/><AGARI ba="1,1" hai="13,16,20,22,27,30,75,76,81,94,97,101,112,113" machi="22" ten="30,3900,0" yaku="1,1,7,1,54,1,53,0" doraHai="47" doraHaiUra="69" who="1" fromWho="2" sc="352,0,190,52,274,-42,174,0" /><INIT seed="3,0,0,2,0,80" ten="352,242,232,174" oya="3" hai0="11,20,38,122,0,81,9,72,55,124,4,130,68" hai1="105,49,129,48,100,90,103,96,61,62,116,125,117" hai2="134,73,12,51,65,85,135,101,74,99,14,7,54" hai3="32,126,94,13,120,88,132,57,118,36,30,34,26"/><W50/><G118/><N who="1" m="45674" /><E129/><V28/><F65/><W24/><G120/><T78/><D122/><U59/><E125/><V17/><F28/><W71/><G36/><T58/><D130/><U75/><E75/><N who="2" m="28683" /><F7/><W123/><G71/><T108/><D108/><U42/><E103/><V2/><F2/><W46/><G123/><T83/><D68/><U128/><E128/><V95/><F17/><W76/><G76/><T102/><D102/><U70/><E90/><N who="2" m="53711" /><F54/><W31/><G132/><N who="2" m="50729" /><F51/><W60/><G126/><T66/><D124/><U109/><E109/><V39/><F39/><W29/><G13/><T133/><D55/><N who="1" m="34047" /><E42/><V21/><F21/><W127/><G127/><T89/><D20/><U43/><E43/><V67/><F67/><AGARI ba="0,0" hai="48,49,62,67,70,96,100,105" m="34047,45674" machi="67" ten="30,1000,0" yaku="12,1" doraHai="80" who="1" fromWho="2" sc="352,0,242,10,232,-10,174,0" owari="352,45.2,252,5.2,222,-17.8,174,-32.6" /></mjloggm>