<mjloggm ver="2.3"><GO type="225" lobby="0"/><UN n0="%33%74%72%65%65" n1="%E4%BF%BA%E3%81%A8%E5%A6%96%E5%A4%A2" n2="%E9%A6%AC%E5%BC%95%E7%81%AB%33" n3="%E7%99%BD%E6%98%BC%E9%87%8C%E7%9A%84%E5%A4%9C" dan="17,16,17,16" rate="2205.28,2100.89,2172.32,2087.69" sx="F,F,M,M"/><TAIKYOKU oya="0"/><INIT seed="0,0,0,2,0,133" ten="250,250,250,250" oya="0" hai0="99,53,78,89,23,130,22,12,90,48,87,37,17" hai1="95,29,2,129,4,64,93,75,56,85,127,51,70" hai2="88,116,112,126,119,91,60,134,74,14,33,15,18" hai3="118,68,62,40,76,100,122,109,31,19,8,61,0"/><T125/><D37/><U45/><E75/><V35/><F112/><W52/><G118/><N who="2" m="45097" /><F134/><W50/><G122/><T54/><D130/><U27/><E129/><V26/><F74/><W92/><G109/><T104/><D125/><U113/><E70/><V81/><F126/><W73/><G31/><T124/><D124/><U5/><E127/><V49/><F60/><N who="3" m="23147" /><G68/><T44/><D104/><U84/><E56/><V10/><F15/><N who="3" m="7655" /><G0/><T7/><D7/><U24/><E64/><V9/><F9/><W32/><G32/><N who="2" m="12361" /><F81/><W39/><G39/><T80/><D53/><U77/><E2/><V106/><F106/><W72/><G73/><T66/><D66/><U16/><E29/><V83/><F83/><W128/><G72/><T101/><D101/><U115/><E77/><V131/><F131/><W63/><G128/><T38/><D38/><U46/><REACH who="1" step="1"/><E51/><REACH who="1" ten="250,240,250,250" step="2"/><V47/><F26/><W25/><G25/><T111/><D78/><U11/><E11/><V59/><F59/><N who="3" m="35303" /><G76/><T96/><D111/><U98/><E98/><V3/><F3/><W121/><G121/><T42/><D99/><U107/><E107/><V79/><F79/><W6/><G50/><T114/><D96/><U102/><E102/><V69/><F69/><W94/><G100/><T103/><D103/><U82/><E82/><V97/><F97/><W123/><G123/><T43/><D80/><U57/><E57/><V20/><F10/><W28/><G28/><T86/><D48/><U55/><E55/><AGARI ba="0,1" hai="14,18,20,47,49,55,88,91" m="12361,45097" machi="55" ten="30,2000,0" yaku="12,1,54,1" doraHai="133" who="2" fromWho="1" sc="250,0,240,-20,250,30,250,0" /><INIT seed="1,0,0,1,3,26" ten="250,220,280,250" oya="1" hai0="116,42,22,5,112,131,123,97,37,86,54,99,133" hai1="118,47,89,111,18,1,7,115,39,69,2,40,113" hai2="62,128,45,67,84,49,127,103,25,4,16,96,119" hai3="63,68,132,55,27,72,14,15,120,30,23,66,46"/><U92/><E118/><V121/><F121/><W130/><G72/><T31/><D112/><U82/><E69/><V122/><F122/><W81/><G120/><T77/><D123/><U94/><E111/><V19/><F119/><W48/><G130/><T61/><D116/><U71/><E71/><V59/><F128/><W13/><REACH who="3" step="1"/><G81/><REACH who="3" ten="250,220,280,240" step="2"/><T35/><D131/><U8/><E115/><V11/><F127/><W21/><G21/><T57/><D22/><U10/><E113/><V83/><F83/><W20/><G20/><T51/><D35/><U106/><E106/><V78/><F78/><W74/><G74/><T90/><D77/><U41/><E82/><V101/><F84/><W56/><G56/><T9/><D57/><U117/><E117/><V95/><F103/><W100/><G100/><T108/><D86/><U44/><E89/><V105/><F105/><W87/><G87/><T34/><D90/><U32/><E32/><V107/><F107/><W75/><G75/><T125/><D34/><U50/><REACH who="1" step="1"/><E18/><REACH who="1" ten="250,210,280,240" step="2"/><V102/><F102/><W124/><G124/><T17/><D125/><U88/><E88/><V80/><F80/><W126/><G126/><T38/><D17/><U3/><E3/><V73/><F73/><W104/><G104/><T52/><D108/><U65/><E65/><V110/><F110/><W28/><G28/><T79/><D31/><U109/><E109/><V36/><F19/><W33/><G33/><T58/><D79/><U129/><E129/><V70/><F16/><W0/><G0/><T6/><D6/><AGARI ba="0,2" hai="1,2,6,7,8,10,39,40,41,44,47,50,92,94" machi="6" ten="40,3900,0" yaku="1,1,9,1,53,0" doraHai="26" doraHaiUra="64" who="1" fromWho="0" sc="250,-39,210,59,280,0,240,0" /><INIT seed="1,1,0,4,1,51" ten="211,269,280,240" oya="1" hai0="104,7,48,130,105,2,114,98,23,93,71,44,52" hai1="77,115,3,49,118,119,99,97,135,112,76,127,108" hai2="58,125,81,46,96,66,113,62,129,53,103,116,30" hai3="100,39,57,63,74,21,22,55,14,43,15,122,1"/><U40/><E3/><V124/><F116/><N who="1" m="44585" /><E40/><V72/><F129/><W107/><G1/><T83/><D114/><N who="1" m="43563" /><E49/><N who="2" m="28855" /><F113/><W5/><G74/><T59/><D130/><U8/><E8/><V89/><F30/><W38/><G122/><T88/><D71/><U120/><E120/><V133/><F133/><W126/><G126/><N who="2" m="48745" /><F72/><W16/><G107/><T111/><D111/><U13/><E13/><V0/><F0/><W29/><G39/><T6/><D2/><U73/><E73/><V94/><F81/><W54/><G38/><T101/><D105/><U35/><E35/><V60/><F60/><W75/><G43/><N who="0" m="24607" /><D104/><U19/><E19/><V41/><F41/><W32/><G32/><T92/><D23/><U79/><E127/><V27/><F27/><N who="3" m="16631" /><G75/><T28/><D28/><U36/><E36/><V42/><F42/><W102/><G5/><T68/><D68/><U50/><E50/><V106/><F106/><W47/><G15/><T134/><D134/><U61/><E61/><V91/><AGARI ba="1,0" hai="58,62,66,89,91,94,96,103" m="48745,28855" machi="91" ten="30,2000,0" yaku="18,1,52,1" doraHai="51" who="2" fromWho="2" sc="211,-6,269,-11,280,23,240,-6" /><INIT seed="2,0,0,5,2,82" ten="205,258,303,234" oya="2" hai0="66,102,51,98,91,4,97,73,78,45,118,134,32" hai1="113,19,37,111,55,75,53,80,54,90,41,88,17" hai2="132,1,87,129,67,128,39,34,13,71,125,16,49" hai3="20,42,76,120,104,106,22,127,7,8,14,5,26"/><V29/><F1/><W6/><G120/><T61/><D32/><U99/><E113/><V35/><F39/><W15/><G42/><T65/><D134/><U69/><E69/><V74/><F74/><W12/><G76/><T131/><D131/><U108/><E37/><V57/><F132/><W50/><G50/><T59/><D118/><U121/><E41/><V21/><F125/><W33/><G127/><T63/><D4/><N who="3" m="1641" /><G104/><T100/><D73/><U122/><E75/><V9/><F71/><W116/><G106/><T56/><D78/><U124/><E124/><V62/><F49/><W58/><G58/><T105/><D91/><N who="1" m="34859" /><E80/><V36/><F36/><W109/><G109/><N who="1" m="42058" /><E99/><N who="0" m="37897" /><D105/><U123/><AGARI ba="0,0" hai="17,19,53,54,55,121,122,123" m="42058,34859" machi="123" ten="40,8000,1" yaku="28,2,13,1,14,1,54,1" doraHai="82" who="1" fromWho="1" sc="205,-20,258,80,303,-40,234,-20" /><INIT seed="3,0,0,1,0,94" ten="185,338,263,214" oya="3" hai0="83,31,14,84,135,134,85,47,115,75,52,48,40" hai1="124,117,28,69,44,63,56,3,64,1,92,106,91" hai2="2,102,45,119,82,76,62,7,60,55,116,67,127" hai3="126,88,38,15,25,29,123,86,58,53,71,81,114"/><W30/><G123/><T51/><D31/><U105/><E28/><V4/><F102/><W74/><G114/><T54/><D115/><U22/><E22/><V111/><F111/><W33/><G71/><T43/><D75/><U35/><E35/><V59/><F127/><W110/><G126/><T46/><D14/><U26/><E26/><V87/><F45/><W103/><G110/><T104/><D83/><U100/><E124/><V23/><F4/><W118/><G38/><T39/><D104/><U20/><E20/><V5/><F5/><W19/><G30/><T65/><D65/><U90/><E90/><V57/><F7/><W108/><G103/><T16/><D39/><U49/><E56/><V96/><F2/><W11/><G108/><T132/><D16/><U99/><E106/><V95/><F23/><W120/><G120/><T24/><D24/><U109/><E117/><V68/><F68/><W61/><G74/><T42/><AGARI ba="0,0" hai="40,42,43,46,47,48,51,52,54,84,85,132,134,135" machi="42" ten="40,8000,1" yaku="0,1,9,1,20,1,54,1" doraHai="94" who="0" fromWho="0" sc="185,80,338,-20,263,-20,214,-40" owari="265,6.5,318,41.8,243,-15.7,174,-32.6" /></mjloggm>