<mjloggm ver="2.3"><GO type="225" lobby="0"/><UN n0="%E5%8D%A0%E3%81%84%E5%B8%AB%E8%A3%8F%E3%81%AA%E3%81%84%E3%81%97" n1="%E7%89%B9%E6%9D%B1%E5%96%B0%E8%B5%A4%E9%80%9F" n2="%E6%98%93%E5%88%A9%E8%96%A9%E4%BC%AF" n3="%E6%98%BC%E4%B8%8B%E3%81%8C%E3%82%8A%E3%81%AE%E5%9B%A3%E5%9C%B0%E5%A6%BB" dan="17,16,17,16" rate="2201.16,2040.32,2124.06,2139.94" sx="M,M,F,F"/><TAIKYOKU oya="0"/><INIT seed="0,0,0,2,0,72" ten="250,250,250,250" oya="0" hai0="33,94,107,116,59,8,83,54,22,10,122,132,46" hai1="133,32,67,30,128,131,71,74,104,42,80,44,118" hai2="127,0,27,124,106,68,96,29,39,112,6,9,26" hai3="117,43,28,19,45,82,5,20,134,47,48,126,50"/><T31/><D116/><U130/><E118/><V120/><F120/><W65/><G117/><T1/><D107/><U98/><E133/><V18/><F112/><W78/><G134/><T123/><D33/><U36/><E67/><V55/><F39/><W105/><G105/><T110/><D132/><U103/><E71/><V108/><F108/><W49/><G5/><T61/><D110/><U129/><N who="1" m="32768" /><DORA hai="11" /><U12/><E12/><V88/><F68/><W99/><G126/><T114/><D114/><U119/><E119/><V87/><F55/><W115/><G115/><T102/><D8/><U70/><E70/><V73/><F73/><W23/><G99/><T3/><D46/><U51/><E30/><V97/><F18/><W37/><G65/><T101/><D83/><U40/><E32/><V60/><F60/><W81/><G45/><T63/><D63/><U91/><E91/><V52/><F52/><W35/><G35/><T57/><D57/><U76/><REACH who="1" step="1"/><E40/><REACH who="1" ten="250,240,250,250" step="2"/><V125/><F29/><W77/><G28/><T89/><D1/><U38/><AGARI ba="0,1" hai="36,38,42,44,51,74,76,80,98,103,104" m="32768" machi="38" ten="60,12000,2" yaku="1,1,2,1,0,1,19,1,52,1,53,1" doraHai="72,11" doraHaiUra="14,100" who="1" fromWho="1" sc="250,-60,240,130,250,-30,250,-30" /><INIT seed="1,0,0,5,5,6" ten="190,370,220,220" oya="1" hai0="66,77,72,29,46,36,13,11,105,94,115,120,18" hai1="81,91,129,35,54,42,34,64,9,8,124,116,119" hai2="79,38,103,1,121,100,58,125,47,40,68,114,110" hai3="69,65,74,71,63,26,19,127,7,44,62,53,2"/><U95/><E42/><V49/><F121/><W61/><G74/><T16/><D105/><U93/><E64/><V118/><F118/><W132/><G127/><T55/><D115/><U17/><E124/><V84/><F125/><W76/><G76/><T10/><D120/><U3/><E3/><V107/><F1/><W109/><G109/><T39/><D29/><U113/><E81/><V52/><F114/><W0/><G132/><T111/><D111/><U41/><E41/><V101/><F110/><W4/><G44/><T82/><D66/><U130/><E113/><V98/><REACH who="2" step="1"/><F68/><REACH who="2" ten="190,370,210,220" step="2"/><W106/><G2/><T99/><D46/><U108/><E108/><V88/><F88/><W97/><G0/><T22/><D55/><U85/><E54/><V92/><F92/><W104/><G104/><T87/><D72/><U25/><E93/><V135/><F135/><W123/><G123/><T128/><D128/><N who="1" m="49259" /><E119/><V51/><F51/><W131/><G131/><T117/><D117/><U30/><E116/><V45/><F45/><W89/><G106/><T24/><REACH who="0" step="1"/><D10/><REACH who="0" ten="180,370,210,220" step="2"/><U31/><E8/><V27/><F27/><W43/><G43/><T59/><D59/><U67/><E9/><V57/><F57/><W32/><G71/><T14/><D14/><U133/><E25/><V15/><F15/><W122/><G122/><T112/><D112/><U23/><E133/><V50/><F50/><W102/><G69/><T80/><D80/><AGARI ba="0,2" hai="38,40,47,49,52,58,79,80,84,98,100,101,103,107" machi="80" ten="40,8000,1" yaku="1,1,54,1,53,3" doraHai="6" doraHaiUra="96" who="2" fromWho="0" sc="180,-80,370,0,210,100,220,0" /><INIT seed="2,0,0,5,0,26" ten="100,370,310,220" oya="2" hai0="73,90,43,77,11,14,58,93,16,22,5,85,66" hai1="88,135,104,96,98,29,65,105,70,4,81,0,134" hai2="103,101,99,32,100,17,28,47,83,113,110,79,106" hai3="74,125,3,31,76,80,19,108,87,9,120,30,94"/><V34/><F113/><W37/><G120/><T119/><D119/><U49/><E29/><V51/><F110/><W97/><G108/><T116/><D116/><U45/><E65/><V40/><F17/><W6/><G37/><T129/><D129/><U42/><E70/><V132/><F132/><N who="1" m="50729" /><E81/><V38/><F38/><W46/><G46/><T75/><D43/><U59/><E59/><V1/><F1/><W131/><G131/><T128/><D128/><U2/><E88/><V25/><REACH who="2" step="1"/><F34/><REACH who="2" ten="100,370,300,220" step="2"/><W53/><G19/><T71/><D71/><U61/><E4/><V122/><F122/><W44/><G6/><T123/><D123/><U114/><E114/><V89/><F89/><W48/><G3/><T127/><D127/><U72/><E0/><V8/><F8/><W126/><G9/><T124/><D124/><U13/><E2/><V82/><F82/><W133/><G133/><T102/><D77/><U57/><E72/><AGARI ba="0,1" hai="25,28,32,40,47,51,72,79,83,99,100,101,103,106" machi="72" ten="30,5800,0" yaku="1,1,7,1,52,1,53,0" doraHai="26" doraHaiUra="111" who="2" fromWho="1" sc="100,0,370,-58,300,68,220,0" /><INIT seed="2,1,0,3,0,36" ten="100,312,368,220" oya="2" hai0="61,28,34,33,129,30,76,111,55,23,29,121,40" hai1="53,18,21,77,108,71,73,113,31,84,132,100,88" hai2="112,43,38,126,114,115,70,27,105,35,48,118,120" hai3="124,46,117,123,58,80,59,14,130,74,68,82,50"/><V91/><F118/><W5/><G117/><T72/><D121/><U85/><E113/><V11/><F120/><W92/><G123/><T103/><D111/><U87/><E71/><V69/><F105/><W37/><G68/><T125/><D125/><U42/><E73/><V26/><F126/><W110/><G124/><T4/><D129/><U97/><E108/><V107/><F107/><W122/><G122/><T44/><D4/><U95/><E31/><V51/><F11/><W19/><G5/><T78/><D103/><U39/><E77/><V13/><F13/><W64/><G37/><T102/><D102/><U65/><E65/><V127/><F127/><W10/><G130/><T6/><D6/><U99/><E53/><V3/><F3/><W94/><G110/><T47/><D23/><U89/><E132/><V32/><F38/><W98/><G94/><T75/><D55/><U22/><E18/><V2/><F2/><W52/><G74/><N who="0" m="28203" /><D61/><U104/><REACH who="1" step="1"/><E89/><REACH who="1" ten="100,302,368,220" step="2"/><V16/><F91/><N who="3" m="55583" /><G64/><T15/><D15/><U128/><E128/><V86/><F112/><W67/><G67/><T17/><D17/><U62/><E62/><V133/><F16/><W8/><G8/><T83/><D83/><AGARI ba="1,1" hai="10,14,19,46,50,52,58,59,80,82,83" m="55583" machi="83" ten="30,2000,0" yaku="8,1,54,1" doraHai="36" who="3" fromWho="0" sc="100,-23,302,0,368,0,220,33" /><INIT seed="3,0,0,5,0,103" ten="77,302,368,253" oya="3" hai0="104,41,60,45,30,90,75,117,58,57,95,29,4" hai1="77,106,24,107,68,80,115,121,42,17,7,64,0" hai2="35,3,38,102,33,69,23,122,26,44,81,108,66" hai3="114,36,97,71,34,47,101,6,92,87,70,48,74"/><W12/><G114/><T49/><D117/><U128/><E17/><V22/><F3/><W82/><G36/><T120/><D75/><N who="1" m="43071" /><E121/><V1/><F1/><W20/><G34/><T56/><D120/><U32/><E42/><V16/><F122/><W15/><G74/><T54/><D4/><U118/><E115/><V63/><F108/><W65/><G65/><T46/><D104/><N who="1" m="39979" /><E128/><V126/><F102/><W83/><G15/><T53/><D45/><U61/><E118/><V134/><F134/><W132/><G82/><T59/><D59/><U9/><E24/><V84/><F126/><W39/><G39/><T51/><D57/><U14/><E14/><V89/><REACH who="2" step="1"/><F23/><REACH who="2" ten="77,302,358,253" step="2"/><W98/><G98/><T116/><REACH who="0" step="1"/><D116/><REACH who="0" ten="67,302,358,253" step="2"/><U13/><E13/><V5/><F5/><W135/><G135/><T131/><D131/><U78/><E78/><V130/><F130/><W105/><G105/><T2/><D2/><U52/><E52/><V88/><F88/><W86/><G132/><T129/><D129/><U123/><E123/><V91/><F91/><W133/><G133/><T37/><D37/><U55/><E55/><V8/><F8/><W76/><G47/><T31/><D31/><U25/><E25/><V73/><F73/><W18/><G6/><T50/><D50/><U93/><E93/><V110/><F110/><W10/><G48/><T111/><D111/><U94/><E94/><V124/><F124/><W67/><G92/><T100/><D100/><U40/><E40/><AGARI ba="0,2" hai="16,22,26,33,35,38,40,44,63,66,69,81,84,89" machi="40" ten="40,8000,1" yaku="1,1,54,1,53,2" doraHai="103" doraHaiUra="28" who="2" fromWho="1" sc="67,0,302,-80,358,100,253,0" owari="67,-43.3,222,-17.8,458,55.8,253,5.3" /></mjloggm>