<mjloggm ver="2.3"><GO type="225" lobby="0"/><UN n0="%E3%83%A9%E3%82%A4%E3%83%B3%E3%81%AE%E8%99%8E" n1="%E6%B7%91%E5%A5%B3%E3%81%AE%E5%97%9C%E3%81%BF" n2="%E5%8D%A0%E3%81%84%E5%B8%AB%E8%A3%8F%E3%81%AA%E3%81%84%E3%81%97" n3="%E7%87%90%2E%2E" dan="16,16,17,16" rate="2156.36,2096.68,2179.44,2130.98" sx="M,M,M,F"/><TAIKYOKU oya="0"/><INIT seed="0,0,0,1,2,98" ten="250,250,250,250" oya="0" hai0="44,48,2,68,64,72,122,111,89,1,55,39,128" hai1="107,67,127,115,42,102,105,118,24,52,92,21,124" hai2="121,116,30,3,28,26,45,131,96,12,40,101,58" hai3="75,108,73,90,106,33,133,4,88,94,126,109,123"/><T78/><D122/><U15/><E118/><V35/><F3/><W56/><G123/><T80/><D128/><U104/><E115/><V86/><F121/><W47/><G106/><T63/><D111/><N who="3" m="42569" /><G126/><N who="1" m="48170" /><E67/><V79/><F131/><W8/><G133/><T117/><D117/><U93/><E42/><V57/><F116/><W82/><G33/><T99/><D89/><N who="3" m="34409" /><G94/><N who="1" m="36458" /><E15/><V13/><F13/><N who="3" m="5255" /><G82/><T97/><REACH who="0" step="1"/><D39/><REACH who="0" ten="240,250,250,250" step="2"/><U16/><E52/><V87/><F79/><W25/><G47/><T69/><D69/><U114/><E114/><V61/><F45/><W6/><G56/><T29/><D29/><U10/><E10/><V119/><F28/><W113/><G113/><T46/><D46/><U27/><E27/><V85/><F119/><W32/><G25/><T135/><D135/><U5/><E5/><V54/><F57/><W112/><G6/><T38/><D38/><U74/><E74/><V14/><REACH who="2" step="1"/><F40/><REACH who="2" ten="240,250,240,250" step="2"/><W91/><G112/><T66/><D66/><U100/><AGARI ba="0,2" hai="16,21,24,100,102,104,105,107" m="36458,48170" machi="100" ten="40,8000,1" yaku="18,1,52,2,54,1" doraHai="98" who="1" fromWho="1" sc="240,-40,250,100,240,-20,250,-20" /><INIT seed="1,0,0,0,0,101" ten="200,350,220,230" oya="1" hai0="73,108,20,33,11,129,50,6,134,13,84,54,113" hai1="99,115,66,1,38,5,87,68,125,104,43,121,79" hai2="42,74,116,3,19,17,94,76,8,9,93,34,25" hai3="71,123,78,45,30,7,0,98,49,92,32,60,51"/><U75/><E115/><V124/><F116/><W135/><G123/><T132/><D73/><U31/><E121/><V97/><F124/><W85/><G135/><T89/><D33/><U23/><E87/><V96/><F3/><W114/><G114/><T36/><D113/><U14/><E14/><V46/><F34/><W48/><G32/><T131/><D36/><U41/><E23/><V127/><F74/><W21/><G0/><T61/><D61/><N who="1" m="40015" /><E41/><V35/><F35/><W28/><G7/><T102/><D20/><U106/><E31/><V91/><F127/><W55/><G30/><T130/><D102/><U117/><E99/><V110/><F76/><W83/><G28/><T86/><D108/><U22/><E22/><V105/><F110/><W80/><G21/><T81/><REACH who="0" step="1"/><D86/><REACH who="0" ten="190,350,220,230" step="2"/><U37/><E117/><V57/><F8/><W118/><G118/><T122/><D122/><U44/><E38/><V70/><F9/><W111/><G111/><T128/><N who="0" m="32768" /><DORA hai="40" /><T18/><D18/><U62/><E62/><V4/><F17/><W126/><G126/><T29/><D29/><U58/><E125/><V15/><F19/><W64/><G80/><T82/><D82/><U39/><E37/><V12/><F25/><W10/><G10/><T133/><D133/><U95/><E39/><V77/><F4/><W59/><G71/><T119/><D119/><U53/><E5/><V52/><F70/><W90/><AGARI ba="0,1" hai="45,48,49,51,55,59,60,64,78,83,85,90,92,98" machi="90" ten="20,5200,0" yaku="0,1,7,1,8,1,52,1" doraHai="101,40" who="3" fromWho="3" sc="190,-13,350,-26,220,-13,230,62" /><INIT seed="2,0,0,4,3,83" ten="177,324,207,292" oya="2" hai0="113,52,55,17,82,93,90,38,41,39,75,92,74" hai1="72,15,108,91,76,61,71,13,54,103,126,110,128" hai2="133,14,3,78,109,7,98,45,96,31,27,100,125" hai3="53,50,18,122,65,2,5,81,43,46,35,23,132"/><V47/><F3/><W104/><G122/><T12/><D113/><U106/><E126/><V34/><F125/><W36/><G132/><T37/><D41/><U30/><E128/><V99/><F133/><W130/><G104/><T112/><D112/><U107/><E30/><V1/><F1/><W84/><G130/><T120/><D120/><U115/><E115/><V8/><F109/><N who="1" m="42089" /><E91/><V44/><REACH who="2" step="1"/><F78/><REACH who="2" ten="177,324,197,292" step="2"/><W118/><G2/><T77/><D75/><U101/><E76/><V60/><F60/><W85/><G118/><T70/><D70/><U119/><E72/><V135/><F135/><W48/><G35/><T0/><D0/><U80/><E61/><V67/><F67/><W114/><G65/><T58/><D58/><U21/><E71/><V25/><F25/><W68/><G68/><T28/><D28/><U73/><E73/><V29/><F29/><W111/><G114/><T88/><D92/><AGARI ba="0,1" hai="7,8,14,27,31,34,44,45,47,92,96,98,99,100" machi="92" ten="40,2000,0" yaku="1,1,53,0" doraHai="83" doraHaiUra="16" who="2" fromWho="0" sc="177,-20,324,0,197,30,292,0" /><INIT seed="2,1,0,3,1,90" ten="157,324,227,292" oya="2" hai0="32,61,45,28,64,92,123,130,25,98,51,107,29" hai1="34,53,100,31,113,108,8,131,39,19,96,41,82" hai2="40,87,27,135,13,78,50,36,76,10,134,23,83" hai3="4,118,42,67,43,101,70,65,69,37,95,62,86"/><V79/><F36/><W18/><G118/><T59/><D123/><U6/><E113/><V47/><F135/><W48/><G4/><T81/><D130/><U126/><E131/><V44/><F44/><W1/><G1/><T72/><D107/><U97/><E108/><V66/><F66/><W56/><G18/><T12/><D29/><U112/><E112/><V7/><F134/><W58/><G101/><T127/><D127/><U75/><E126/><V30/><AGARI ba="1,0" hai="7,10,13,23,27,30,40,47,50,76,78,79,83,87" machi="30" ten="20,12000,1" yaku="0,1,7,1,25,2,8,1" doraHai="90" who="2" fromWho="2" sc="157,-41,324,-41,227,123,292,-41" /><INIT seed="2,2,0,3,5,133" ten="116,283,350,251" oya="2" hai0="49,24,89,4,104,102,115,93,88,27,127,43,7" hai1="67,92,100,34,123,134,8,55,16,31,66,14,122" hai2="76,39,18,22,135,40,10,29,110,53,58,52,97" hai3="106,124,12,112,78,114,95,98,96,120,35,71,32"/><V132/><F39/><W87/><G120/><N who="1" m="46122" /><E134/><N who="2" m="51243" /><F40/><W111/><G71/><T21/><D115/><N who="3" m="44073" /><G111/><T126/><D27/><N who="1" m="18815" /><E55/><V85/><F110/><W5/><G106/><T82/><D82/><U26/><E26/><N who="2" m="16599" /><F97/><AGARI ba="2,0" hai="8,14,16,66,67,92,97,100" m="18815,46122" machi="97" ten="30,2000,0" yaku="13,1,54,1" doraHai="133" who="1" fromWho="2" sc="116,0,283,26,350,-26,251,0" /><INIT seed="3,0,0,4,5,130" ten="116,309,324,251" oya="3" hai0="91,33,11,131,124,19,59,82,80,22,108,79,63" hai1="66,34,28,98,73,88,65,83,12,9,37,105,25" hai2="102,61,120,100,89,96,51,46,29,92,44,132,70" hai3="81,13,87,42,4,41,45,85,68,49,26,27,101"/><W134/><G68/><T18/><D108/><U62/><E37/><V95/><F132/><W71/><G71/><T78/><D33/><U40/><E40/><V111/><F111/><W67/><G67/><T114/><D124/><U118/><E118/><V84/><F120/><W106/><G134/><T57/><D131/><U23/><E34/><V35/><F35/><W31/><G42/><T8/><D114/><U36/><E36/><V94/><F29/><W117/><G117/><T76/><D22/><U133/><E133/><V60/><F70/><W14/><G85/><T75/><D75/><U10/><E10/><V112/><F112/><W135/><G135/><T72/><D72/><U123/><E123/><V90/><F44/><W21/><G4/><T55/><D76/><U127/><E127/><V115/><F115/><W0/><G0/><T69/><D69/><U52/><E105/><V107/><F107/><W116/><G116/><T113/><D113/><U110/><E110/><V38/><F38/><W32/><G101/><N who="2" m="39017" /><F94/><W48/><G48/><T119/><D119/><U50/><E62/><V5/><F5/><W16/><REACH who="3" step="1"/><G106/><REACH who="3" ten="116,309,324,241" step="2"/><T54/><REACH who="0" step="1"/><D63/><REACH who="0" ten="106,309,324,241" step="2"/><U129/><E129/><V103/><F60/><W126/><G126/><T122/><D122/><U17/><E73/><V2/><F61/><W24/><G24/><T93/><D93/><N who="1" m="56615" /><E83/><V125/><F125/><W56/><G56/><AGARI ba="0,2" hai="9,12,17,23,25,28,50,52,56,65,66" m="56615" machi="56" ten="30,3900,0" yaku="8,1,54,2" doraHai="130" who="1" fromWho="3" sc="106,0,309,59,324,0,241,-39" owari="106,-39.4,368,46.8,324,12.4,202,-19.8" /></mjloggm>