<mjloggm ver="2.3"><GO type="225" lobby="0"/><UN n0="%E6%B8%A9%E2%98%85%E6%83%85%E2%98%85%E6%8E%AA%E2%98%85%E7%BD%AE" n1="%70%68%65%6E%6F%6D%65" n2="%28%EF%BF%A3%E2%96%BD%EF%BF%A3%29%CE%B4%E2%8C%92%E3%83%BB" n3="%43%68%65" dan="17,16,17,16" rate="2206.94,2101.19,2292.84,2192.40" sx="M,M,M,M"/><TAIKYOKU oya="0"/><INIT seed="0,0,0,3,5,118" ten="250,250,250,250" oya="0" hai0="49,86,85,109,117,58,37,111,125,34,23,95,47" hai1="21,13,122,89,35,133,115,72,27,54,82,124,9" hai2="78,108,30,80,51,106,105,60,88,134,104,121,12" hai3="99,8,6,61,38,36,2,62,91,52,11,97,68"/><T102/><D117/><U41/><E124/><V94/><F108/><N who="0" m="41546" /><D34/><U42/><E133/><V17/><F30/><W119/><G119/><T22/><D125/><U10/><E122/><V24/><F24/><W48/><G11/><T127/><D37/><U116/><E116/><V75/><F134/><W76/><G76/><T110/><D58/><U83/><E35/><V25/><F25/><W56/><G62/><T46/><D127/><U101/><E101/><V131/><F60/><W126/><G126/><T66/><D66/><U103/><E103/><V28/><F28/><W77/><G77/><T90/><N who="0" m="41554" /><T1/><DORA hai="84" /><D1/><U65/><E65/><V39/><F39/><W33/><G33/><T70/><D70/><U18/><E10/><V3/><F3/><W31/><G31/><T64/><D64/><U5/><E115/><V0/><F0/><W16/><G68/><T71/><D71/><U129/><E129/><V113/><F131/><W57/><G38/><T87/><D102/><U59/><E72/><V45/><F113/><W73/><G73/><T19/><D47/><U100/><E100/><V132/><F132/><W29/><G36/><T123/><D123/><U114/><E114/><V92/><F121/><W15/><G29/><T43/><D23/><U44/><E44/><V26/><F45/><N who="3" m="27663" /><G61/><T20/><D22/><U63/><REACH who="1" step="1"/><E89/><REACH who="1" ten="250,240,250,250" step="2"/><V67/><F88/><W50/><G91/><T135/><D135/><U53/><E53/><V98/><F67/><W81/><G2/><T7/><D7/><U107/><E107/><V96/><F106/><W32/><G6/><RYUUKYOKU ba="0,1" sc="250,15,240,15,250,-15,250,-15" hai0="19,20,43,46,49,85,86,87,90,95" hai1="5,9,13,18,21,27,41,42,54,59,63,82,83" /><INIT seed="0,1,1,5,1,18" ten="265,255,235,235" oya="0" hai0="123,128,73,50,121,69,55,84,21,126,10,102,88" hai1="70,3,113,37,74,15,5,8,81,38,29,87,101" hai2="19,105,43,129,68,131,40,12,51,61,120,77,34" hai3="41,114,115,117,119,132,49,66,35,24,64,45,110"/><T11/><D69/><U6/><E113/><N who="3" m="43018" /><G24/><T98/><D73/><U20/><E70/><V80/><F105/><W106/><G35/><T135/><D135/><U72/><E101/><V85/><F34/><W60/><G106/><T23/><D128/><N who="2" m="49226" /><F120/><W86/><G86/><T44/><D126/><U59/><E59/><V82/><F51/><W99/><G99/><T95/><D123/><U130/><E130/><V46/><F46/><W71/><G132/><T78/><D78/><U127/><E127/><V67/><F82/><W65/><G110/><T47/><D47/><U83/><E81/><V133/><F133/><W62/><G71/><T56/><D44/><U76/><E72/><V100/><F100/><W52/><G41/><T9/><REACH who="0" step="1"/><D121/><REACH who="0" ten="255,255,235,235" step="2"/><U22/><E74/><V25/><F68/><W92/><G92/><AGARI ba="1,2" hai="9,10,11,21,23,50,55,56,84,88,92,95,98,102" machi="92" ten="40,18000,2" yaku="1,1,2,1,8,1,52,2,54,1,53,0" doraHai="18" doraHaiUra="75" who="0" fromWho="3" sc="255,203,255,0,235,0,235,-183" /><INIT seed="0,2,0,2,3,71" ten="458,255,235,52" oya="0" hai0="87,45,73,124,8,66,82,0,130,81,75,27,33" hai1="12,80,93,21,109,91,5,56,117,51,131,3,4" hai2="128,90,11,59,25,83,15,46,65,44,18,106,98" hai3="13,36,48,89,101,72,107,123,28,108,67,121,102"/><T60/><D130/><U55/><E117/><V26/><F128/><W19/><G72/><T116/><D116/><U23/><E131/><V69/><F69/><W32/><G67/><T22/><D124/><U88/><E109/><V95/><F106/><W118/><G118/><T52/><D33/><U42/><E3/><V85/><F65/><W68/><G68/><T62/><D0/><U38/><E80/><V40/><F59/><W105/><G108/><T77/><D8/><U74/><E74/><V120/><F120/><N who="3" m="46155" /><G89/><T122/><D122/><U94/><E42/><V34/><F34/><W132/><G48/><T78/><D87/><N who="1" m="52383" /><E38/><V41/><F41/><W20/><G132/><T110/><D110/><U50/><E50/><N who="2" m="26887" /><F46/><W47/><G107/><T37/><D66/><U99/><E12/><V30/><F30/><W49/><G105/><T104/><D104/><U16/><E21/><V103/><AGARI ba="2,0" hai="11,15,18,25,26,83,85,90,95,98,103" m="26887" machi="103" ten="30,1100,0" yaku="8,1" doraHai="71" who="2" fromWho="2" sc="458,-7,255,-5,235,17,52,-5" /><INIT seed="1,0,0,1,1,113" ten="451,250,252,47" oya="1" hai0="84,130,35,2,73,102,75,55,4,66,106,116,64" hai1="13,48,16,59,89,15,12,134,49,114,57,65,112" hai2="126,129,53,19,131,99,122,43,87,9,79,120,69" hai3="96,18,103,108,45,135,37,22,133,82,86,3,104"/><U63/><E134/><N who="3" m="51210" /><G3/><T25/><D116/><U17/><E89/><V39/><F69/><W93/><G108/><T14/><D55/><U105/><E105/><V31/><F126/><W50/><G37/><T61/><D14/><U20/><E57/><V46/><F31/><W91/><G104/><T100/><D66/><U60/><E63/><V33/><F33/><W0/><G0/><T123/><D84/><U92/><E92/><V28/><F28/><W24/><G50/><T34/><D102/><U8/><REACH who="1" step="1"/><E13/><REACH who="1" ten="451,240,252,47" step="2"/><N who="2" m="7599" /><F46/><AGARI ba="0,1" hai="18,22,24,45,46,82,86,91,93,96,103" m="51210" machi="46" ten="30,1000,0" yaku="20,1" doraHai="113" who="3" fromWho="2" sc="451,0,240,0,252,-10,47,20" /><INIT seed="2,0,0,2,4,24" ten="451,240,242,67" oya="2" hai0="46,44,27,33,123,52,36,45,92,103,22,11,0" hai1="81,19,51,78,56,4,12,7,71,127,75,57,1" hai2="126,111,31,38,87,40,50,72,39,66,2,88,73" hai3="25,117,34,13,35,77,28,69,68,47,112,82,5"/><V124/><F2/><W85/><G117/><T115/><D123/><U120/><E120/><V119/><F119/><W9/><G112/><T114/><D33/><U108/><E71/><V106/><F106/><W105/><G105/><T109/><D36/><N who="2" m="13866" /><F66/><W104/><G104/><T93/><D103/><U80/><E108/><V23/><F40/><W118/><G118/><T132/><D109/><U30/><E127/><N who="2" m="48683" /><F50/><W61/><G61/><T125/><D0/><U102/><E1/><V84/><F84/><W17/><G35/><T99/><D125/><U10/><E51/><V59/><F59/><W67/><G67/><T128/><D45/><U98/><E57/><V62/><F62/><W3/><REACH who="3" step="1"/><G47/><REACH who="3" ten="451,240,242,57" step="2"/><T122/><D46/><U49/><E56/><V97/><F111/><W42/><G42/><T48/><D44/><U16/><E49/><V58/><F58/><W90/><G90/><T96/><D48/><U95/><E102/><V100/><F100/><W41/><G41/><T131/><D115/><U64/><E64/><V43/><F43/><W89/><G89/><T116/><D114/><U101/><E101/><V121/><F121/><W37/><G37/><T32/><D122/><U15/><E78/><V135/><F88/><W60/><G60/><T91/><D116/><U14/><E95/><V21/><F135/><W65/><G65/><T79/><D132/><U110/><E110/><V74/><F97/><W18/><G18/><T29/><D96/><U86/><E98/><V70/><F70/><W26/><G26/><T94/><D99/><U76/><E76/><V130/><F130/><RYUUKYOKU ba="0,1" sc="451,-10,240,-10,242,-10,57,30" hai3="3,5,9,13,17,25,28,34,68,69,77,82,85" /><INIT seed="3,1,1,2,1,87" ten="441,230,232,87" oya="3" hai0="54,72,53,98,47,26,35,21,38,81,74,133,132" hai1="125,9,79,60,8,37,71,44,52,36,108,19,51" hai2="67,13,76,83,27,12,32,40,42,73,20,14,97" hai3="11,103,106,58,18,120,5,118,75,85,128,43,46"/><W102/><G118/><T1/><D1/><U99/><E108/><V86/><F32/><W29/><G120/><T48/><D35/><U39/><E125/><V92/><F67/><W41/><G75/><T22/><D38/><U6/><E79/><V124/><F73/><W119/><G119/><T127/><D127/><U45/><E44/><V10/><F10/><W122/><G122/><T135/><D81/><U50/><E51/><V63/><F63/><W104/><G128/><T4/><D4/><U33/><E33/><V56/><F56/><W34/><G18/><N who="0" m="12599" /><D98/><U55/><E99/><V69/><F69/><W100/><G58/><N who="0" m="33063" /><D22/><U17/><E9/><V0/><F0/><W129/><G129/><T82/><D82/><U88/><E88/><N who="2" m="55431" /><F124/><W24/><G85/><T126/><D126/><U94/><E94/><V109/><F109/><W3/><REACH who="3" step="1"/><G43/><REACH who="3" ten="441,230,232,77" step="2"/><T77/><D74/><U91/><E71/><V110/><F110/><W68/><G68/><T70/><D70/><U123/><E123/><V7/><F7/><W113/><G113/><T89/><D72/><U31/><E19/><AGARI ba="1,2" hai="12,13,14,19,20,27,40,42,76,83,86" m="55431" machi="19" ten="30,3900,0" yaku="8,1,52,1,54,1" doraHai="87" who="2" fromWho="1" sc="441,0,230,-42,232,62,77,0" owari="441,54.1,188,-21.2,294,9.4,77,-42.3" /></mjloggm>