<mjloggm ver="2.3"><GO type="225" lobby="0"/><UN n0="%E3%81%AF%E3%82%88%E3%81%8A%E3%81%98%E3%81%95%E3%82%93" n1="%40%77%61%6B%61" n2="%E3%80%90%E8%92%BC%E7%90%89%E3%80%91" n3="%E5%A4%8F%E9%88%B4%E9%88%B4%E5%A4%8F" dan="17,16,16,16" rate="2133.37,2101.22,2173.52,2114.10" sx="M,M,F,F"/><TAIKYOKU oya="0"/><INIT seed="0,0,0,0,4,86" ten="250,250,250,250" oya="0" hai0="18,47,53,75,84,3,122,37,50,57,60,71,0" hai1="130,62,72,27,135,66,29,24,69,10,67,68,79" hai2="19,59,97,20,102,133,98,30,78,54,90,28,76" hai3="95,134,42,73,125,7,45,55,114,12,82,121,99"/><T64/><D75/><U70/><E135/><V93/><F133/><W21/><G114/><T124/><D122/><U46/><E130/><V106/><F76/><W74/><G134/><T6/><D124/><U108/><E108/><V87/><F78/><W113/><G113/><T115/><D115/><U104/><E104/><V14/><REACH who="2" step="1"/><F97/><REACH who="2" ten="250,250,240,250" step="2"/><W33/><G121/><T44/><D84/><U22/><E79/><V127/><F127/><W39/><G125/><T4/><D0/><U92/><E72/><V25/><F25/><W40/><G74/><T91/><D3/><U58/><E24/><V100/><F100/><W81/><G73/><T35/><D35/><U110/><E110/><V2/><F2/><W51/><G33/><T43/><D91/><U88/><E10/><V36/><F36/><W131/><G39/><T123/><D123/><U119/><E119/><V94/><F94/><W41/><G131/><T96/><D96/><U107/><E107/><V111/><F111/><W85/><G85/><T89/><D89/><U48/><E67/><V17/><F17/><N who="3" m="10407" /><G7/><T116/><D116/><U120/><E120/><V63/><AGARI ba="0,1" hai="14,19,20,28,30,54,59,63,87,90,93,98,102,106" machi="63" ten="20,8000,1" yaku="1,1,0,1,7,1,52,1,53,1" doraHai="86" doraHaiUra="15" who="2" fromWho="2" sc="250,-40,250,-20,240,90,250,-20" /><INIT seed="1,0,0,4,0,122" ten="210,230,330,230" oya="1" hai0="123,20,2,129,17,8,23,106,134,90,100,21,116" hai1="79,110,118,87,63,56,89,127,67,3,94,96,15" hai2="105,24,115,95,48,66,97,25,40,51,29,119,5" hai3="37,125,57,65,45,64,27,59,52,117,135,82,72"/><U39/><E118/><V130/><F119/><W50/><G125/><T54/><D116/><U18/><E3/><V36/><F105/><W124/><G124/><T114/><D114/><U6/><E39/><V133/><F115/><W12/><G135/><T80/><D134/><U121/><E121/><V16/><F133/><W34/><G117/><T60/><D123/><U111/><E127/><V9/><F130/><W120/><G120/><T71/><D129/><U46/><E46/><V98/><F66/><W19/><G34/><T11/><D2/><U128/><E128/><V68/><F68/><W131/><G131/><T85/><D17/><U47/><E47/><V92/><F36/><W31/><G72/><T42/><D42/><U1/><E1/><V77/><F77/><W33/><G82/><T43/><D43/><U109/><E6/><V70/><F70/><W132/><G132/><T81/><D80/><U76/><E96/><N who="2" m="36971" /><F5/><W75/><G75/><T91/><D106/><U83/><E83/><V14/><F29/><W61/><G37/><T88/><D100/><U107/><E107/><V84/><F92/><W55/><REACH who="3" step="1"/><G45/><REACH who="3" ten="210,230,330,220" step="2"/><T78/><D71/><U41/><REACH who="1" step="1"/><E41/><REACH who="1" ten="210,220,330,220" step="2"/><V102/><F40/><W62/><G62/><T38/><D38/><U4/><E4/><V101/><F48/><W30/><G30/><T58/><AGARI ba="0,2" hai="8,11,20,21,23,54,58,60,78,81,85,88,90,91" machi="58" ten="40,5200,0" yaku="0,1,8,1,54,1" doraHai="122" who="0" fromWho="0" sc="210,72,220,-26,330,-13,220,-13" /><INIT seed="2,0,0,4,3,121" ten="282,194,317,207" oya="2" hai0="35,72,124,111,65,95,45,96,16,67,37,47,77" hai1="71,97,74,104,101,42,117,79,10,58,39,17,28" hai2="86,23,3,105,55,82,9,118,24,90,18,2,38" hai3="70,12,80,15,29,32,62,48,85,78,54,98,126"/><V88/><F38/><W68/><G126/><T5/><D35/><U7/><E71/><V53/><F105/><W93/><G29/><T26/><D5/><U59/><E117/><V41/><F41/><W22/><G32/><T30/><D124/><U6/><E28/><V115/><F115/><W125/><G125/><T46/><D37/><U92/><E104/><V132/><F118/><W112/><G112/><T61/><D111/><U114/><E114/><V120/><F120/><W49/><G49/><T11/><D72/><U34/><E34/><V133/><F90/><W84/><G84/><T106/><D106/><U87/><E74/><V69/><F69/><W108/><G108/><T63/><D77/><U116/><E116/><V13/><F2/><W56/><G22/><N who="0" m="13639" /><D11/><U123/><E123/><V127/><F3/><W33/><G33/><T109/><D30/><U119/><E119/><V129/><F129/><W1/><G1/><T25/><D25/><U81/><E42/><V113/><F113/><W57/><G70/><T8/><D8/><U21/><E39/><V135/><F127/><W66/><REACH who="3" step="1"/><G68/><REACH who="3" ten="282,194,317,197" step="2"/><T83/><D109/><U94/><E10/><V76/><F76/><W52/><G52/><T64/><D83/><U100/><E7/><AGARI ba="0,1" hai="7,9,13,18,23,24,53,55,82,86,88,132,133,135" machi="7" ten="40,3900,0" yaku="20,1,54,1" doraHai="121" who="2" fromWho="1" sc="282,0,194,-39,317,49,197,0" /><INIT seed="2,1,0,0,4,118" ten="282,155,366,197" oya="2" hai0="87,65,18,69,10,14,74,67,30,54,56,77,0" hai1="114,33,92,131,39,55,78,105,63,44,68,37,11" hai2="103,8,35,122,72,15,60,84,104,23,29,22,45" hai3="24,79,85,130,21,123,66,95,26,9,7,102,124"/><V73/><F35/><W101/><G130/><T82/><D69/><U58/><E105/><V75/><F29/><W80/><G124/><T129/><D129/><U86/><E33/><V25/><F25/><W109/><G109/><T96/><D0/><U5/><E131/><V127/><F122/><W43/><G123/><T48/><D30/><U88/><E114/><V1/><F1/><W120/><G120/><T108/><D108/><U6/><E6/><V133/><F133/><W53/><G66/><T4/><D4/><U90/><E78/><V32/><F32/><W17/><G43/><T83/><D96/><U135/><E135/><V115/><F115/><W70/><G70/><T34/><D34/><U106/><E106/><V117/><F117/><W61/><G26/><T98/><D98/><U132/><E68/><V51/><F60/><W36/><G95/><T52/><REACH who="0" step="1"/><D54/><REACH who="0" ten="272,155,366,197" step="2"/><U38/><E132/><V93/><F127/><W121/><G121/><T49/><D49/><U57/><E90/><AGARI ba="1,1" hai="10,14,18,48,52,56,65,67,74,77,82,83,87,90" machi="90" ten="30,7700,0" yaku="1,1,7,1,54,1,53,1" doraHai="118" doraHaiUra="107" who="0" fromWho="1" sc="272,90,155,-80,366,0,197,0" /><INIT seed="3,0,0,1,1,68" ten="362,75,366,197" oya="3" hai0="126,74,63,114,89,70,59,78,134,128,85,129,15" hai1="7,60,98,135,40,46,132,18,54,118,116,130,115" hai2="9,71,88,117,61,39,16,76,45,119,6,30,58" hai3="69,0,2,73,21,20,125,34,100,8,93,95,108"/><W5/><G69/><T50/><D126/><U37/><E7/><V127/><F71/><W111/><G73/><T14/><D134/><N who="1" m="51243" /><E18/><V91/><F30/><W113/><G34/><T67/><D114/><U53/><E98/><V120/><F127/><W101/><G125/><T107/><D107/><U41/><E115/><V47/><F120/><W44/><G44/><N who="2" m="16969" /><F39/><W83/><G83/><N who="0" m="45527" /><D50/><U56/><E130/><N who="0" m="50281" /><D70/><U94/><E94/><AGARI ba="0,0" hai="14,15,59,63,67,85,89,94" m="50281,45527" machi="94" ten="30,1000,0" yaku="19,1" doraHai="68" who="0" fromWho="1" sc="362,10,75,-10,366,0,197,0" owari="372,47.2,65,-43.5,366,16.6,197,-20.3" /></mjloggm>