<mjloggm ver="2.3"><GO type="225" lobby="0"/><UN n0="%E3%81%A0%E3%81%8A" n1="%E3%83%A4%E3%83%89%E3%83%B3%E4%B8%B8" n2="%E6%A1%9C%E8%8A%B1%E9%96%83%E3%80%85" n3="%E3%83%96%E3%83%83%E3%83%91%E3%82%AA%E3%83%96%E3%83%81%E3%82%AD%E3%83%B3" dan="17,16,16,16" rate="2040.47,2036.32,2130.50,2162.06" sx="M,M,M,M"/><TAIKYOKU oya="0"/><INIT seed="0,0,0,1,5,27" ten="250,250,250,250" oya="0" hai0="118,121,78,104,18,100,74,46,81,69,117,33,5" hai1="115,135,24,42,134,130,49,92,44,36,80,47,21" hai2="106,114,116,62,34,93,17,26,19,84,63,123,3" hai3="125,20,38,73,126,23,98,64,13,39,122,41,103"/><T43/><D121/><U6/><E130/><V45/><F123/><W109/><G122/><T83/><D69/><U16/><E115/><V37/><F106/><W112/><G112/><T66/><D66/><U72/><E6/><V97/><F3/><W29/><G73/><T25/><D5/><U119/><E119/><V120/><F120/><W87/><G109/><T107/><D83/><U90/><E80/><V68/><F84/><W65/><G87/><T75/><D74/><U48/><E72/><V105/><F116/><W32/><G32/><T96/><D104/><U2/><E2/><V79/><F79/><W113/><G113/><T95/><D95/><U102/><E102/><N who="2" m="62671" /><F63/><W8/><G65/><T94/><D94/><U133/><REACH who="1" step="1"/><E47/><REACH who="1" ten="250,240,250,250" step="2"/><V53/><F45/><W85/><G103/><T4/><D4/><U76/><E76/><V70/><F114/><W131/><G131/><T15/><D46/><U128/><E128/><V124/><F93/><W71/><G125/><T58/><D117/><U132/><N who="1" m="33792" /><DORA hai="111" /><U28/><E28/><V89/><F124/><W22/><G29/><T101/><D118/><U31/><E31/><V91/><F91/><W67/><G126/><T99/><D101/><U61/><E61/><V77/><F89/><W12/><G39/><T50/><D100/><U82/><E82/><V11/><F77/><W1/><G38/><T9/><D78/><U108/><E108/><V56/><F37/><W88/><G1/><T35/><D81/><U129/><E129/><V40/><F62/><W60/><G60/><T110/><D110/><U55/><E55/><RYUUKYOKU ba="0,1" sc="250,-10,240,30,250,-10,250,-10" hai1="16,21,24,36,42,44,48,49,90,92" /><INIT seed="1,1,1,2,3,40" ten="240,270,240,240" oya="1" hai0="14,53,43,67,24,8,110,108,93,65,99,55,47" hai1="45,107,70,38,56,9,86,97,101,20,75,103,125" hai2="17,23,61,114,84,29,44,109,130,131,0,112,78" hai3="33,82,26,57,68,2,63,85,59,129,122,116,6"/><U133/><E75/><V76/><F109/><N who="0" m="42090" /><D24/><U81/><E70/><V127/><F127/><W27/><G122/><T92/><D55/><U66/><E125/><V105/><F105/><W71/><G129/><N who="2" m="49161" /><F0/><W72/><G72/><T49/><D53/><U28/><E103/><V60/><F29/><W126/><G126/><T58/><D58/><U34/><E133/><V39/><F39/><W31/><G116/><T124/><D124/><U64/><E34/><V121/><F121/><W80/><G27/><T16/><D93/><U135/><E135/><V22/><F44/><W10/><G80/><T123/><D123/><U87/><E81/><N who="2" m="47143" /><F78/><W102/><G102/><AGARI ba="1,1" hai="8,14,16,43,47,49,65,67,92,99,102" m="42090" machi="102" ten="30,3900,0" yaku="14,1,52,1,54,1" doraHai="40" who="0" fromWho="3" sc="240,52,270,0,240,0,240,-42" /><INIT seed="2,0,0,5,2,95" ten="292,270,240,198" oya="2" hai0="46,50,3,112,130,62,42,131,93,13,24,78,91" hai1="51,110,132,135,17,117,4,92,63,31,2,60,124" hai2="29,86,1,65,113,22,57,26,56,67,98,99,75" hai3="7,77,33,28,85,71,111,108,129,44,34,27,97"/><V70/><F113/><W73/><G129/><N who="0" m="49163" /><D3/><U36/><E36/><V40/><F75/><W39/><G71/><T9/><D112/><U6/><E117/><V20/><F1/><W19/><G7/><N who="1" m="2602" /><E2/><V89/><F40/><N who="3" m="22559" /><G85/><N who="0" m="52463" /><D78/><U18/><E110/><N who="3" m="42026" /><G19/><N who="1" m="7178" /><E31/><V114/><F20/><W133/><G133/><N who="1" m="51274" /><E124/><V35/><F114/><W134/><G134/><T119/><D24/><U115/><E115/><V96/><F35/><N who="3" m="20895" /><G97/><T58/><D119/><U5/><N who="1" m="2610" /><U72/><DORA hai="14" /><E72/><V15/><F15/><W59/><G34/><T10/><D13/><U116/><E116/><V64/><F70/><W47/><G33/><T120/><D120/><U53/><E92/><AGARI ba="0,0" hai="22,26,29,56,57,64,65,67,86,89,92,96,98,99" machi="92" ten="40,12000,1" yaku="8,1,52,3" doraHai="95,14" who="2" fromWho="1" sc="292,0,270,-120,240,120,198,0" /><INIT seed="2,1,0,2,1,17" ten="292,150,360,198" oya="2" hai0="78,104,20,13,0,56,119,116,71,107,1,84,132" hai1="95,37,102,45,72,113,24,29,134,89,98,79,39" hai2="31,69,123,43,5,91,129,105,33,68,106,32,27" hai3="64,36,75,47,8,96,62,124,57,109,92,121,128"/><V4/><F123/><W82/><G121/><T55/><D71/><N who="2" m="27210" /><F91/><W118/><G118/><N who="0" m="45099" /><D132/><U94/><E113/><V59/><F59/><W30/><G109/><T67/><D67/><U125/><E125/><V51/><F51/><W52/><G124/><T103/><D13/><U117/><E117/><V87/><F87/><W133/><G133/><T58/><D20/><U88/><E134/><V108/><F43/><W21/><G128/><T93/><D93/><U111/><E111/><V114/><F108/><W2/><G2/><N who="0" m="1131" /><D103/><U11/><E11/><V97/><F97/><W3/><G3/><T135/><D135/><U9/><E9/><V46/><F114/><W25/><G8/><T122/><D122/><U15/><E15/><V60/><F129/><W14/><G14/><T40/><D40/><U70/><E70/><V38/><F4/><W6/><G6/><T130/><D58/><U66/><E66/><V76/><F105/><W85/><G75/><T80/><D130/><U101/><E101/><V99/><F106/><W7/><G7/><T112/><D112/><U77/><E102/><V126/><F126/><W115/><G115/><T120/><D120/><U23/><E45/><V49/><F46/><W35/><G35/><T54/><D56/><U48/><E72/><V73/><F33/><W22/><G22/><T16/><D16/><U65/><E65/><V83/><F32/><W10/><G10/><T19/><D19/><U61/><E61/><V127/><F127/><W34/><G34/><T42/><D42/><U74/><E74/><V41/><F73/><W100/><G62/><RYUUKYOKU ba="1,0" sc="292,30,150,-10,360,-10,198,-10" hai0="54,55,78,80,84,104,107" /><INIT seed="3,2,0,1,3,53" ten="322,140,350,188" oya="3" hai0="16,135,32,26,87,27,52,114,8,106,4,100,129" hai1="80,74,116,31,19,3,30,111,29,131,125,39,12" hai2="49,81,127,97,50,104,133,33,67,37,94,1,120" hai3="86,9,48,20,69,107,47,130,24,85,103,11,105"/><W66/><G130/><T122/><D122/><U10/><E39/><V82/><F37/><W121/><G121/><T23/><D129/><U38/><E38/><V7/><F104/><W59/><G69/><T89/><D135/><U21/><E131/><V75/><F120/><W58/><G103/><T15/><D114/><U6/><E74/><V90/><F33/><W124/><G124/><T117/><D117/><U112/><E80/><V41/><F133/><W14/><G105/><T101/><D32/><U65/><E112/><V110/><F110/><W128/><G107/><T42/><D42/><U96/><E111/><V34/><F34/><W51/><G128/><T99/><D101/><U71/><E96/><V28/><F28/><N who="3" m="17415" /><G66/><T78/><D78/><U13/><E125/><V76/><F127/><W46/><G86/><T83/><REACH who="0" step="1"/><D52/><REACH who="0" ten="312,140,350,188" step="2"/><U55/><E55/><V92/><F41/><N who="3" m="24655" /><G85/><T36/><D36/><U25/><E116/><V63/><F67/><W35/><G35/><T40/><D40/><U62/><REACH who="1" step="1"/><E13/><AGARI ba="2,1" hai="4,8,13,15,16,23,26,27,83,87,89,99,100,106" machi="13" ten="30,3900,0" yaku="1,1,7,1,54,1,53,0" doraHai="53" doraHaiUra="61" who="0" fromWho="1" sc="312,55,140,-45,350,0,188,0" owari="367,46.7,95,-40.5,350,15.0,188,-21.2" /></mjloggm>