<mjloggm ver="2.3"><GO type="225" lobby="0"/><UN n0="%E3%81%95%E3%81%8D%E3%81%9F%E3%81%BE%E6%9E%97%E6%AA%8E" n1="%E4%BC%8A%E7%B9%94%E3%82%82%E3%81%88" n2="%E3%81%AF%E3%82%88%E3%81%8A%E3%81%98%E3%81%95%E3%82%93" n3="%E3%83%96%E3%83%83%E3%83%91%E3%82%AA%E3%83%96%E3%83%81%E3%82%AD%E3%83%B3" dan="16,16,17,16" rate="2071.00,2143.33,2144.06,2131.58" sx="M,M,M,M"/><TAIKYOKU oya="0"/><INIT seed="0,0,0,4,0,109" ten="250,250,250,250" oya="0" hai0="68,64,62,95,85,8,31,131,41,126,47,130,90" hai1="15,14,115,60,124,86,37,9,125,78,103,20,111" hai2="123,116,108,65,110,33,87,128,54,59,6,77,74" hai3="73,29,0,118,66,2,55,52,40,44,105,1,11"/><T49/><D126/><N who="1" m="48747" /><E37/><V50/><F33/><W46/><G118/><T99/><D31/><U36/><E36/><V53/><F74/><W71/><G73/><T81/><REACH who="0" step="1"/><D8/><REACH who="0" ten="240,250,250,250" step="2"/><U30/><E9/><V121/><F110/><W119/><G29/><T79/><AGARI ba="0,1" hai="41,47,49,62,64,68,79,81,85,90,95,99,130,131" machi="79" ten="30,6000,0" yaku="1,1,2,1,0,1,53,0" doraHai="109" doraHaiUra="35" who="0" fromWho="0" sc="240,70,250,-20,250,-20,250,-20" /><INIT seed="0,1,0,4,4,79" ten="310,230,230,230" oya="0" hai0="71,82,65,39,47,38,41,59,107,120,123,46,53" hai1="40,99,93,1,66,11,19,32,117,75,56,63,6" hai2="134,25,81,73,128,96,27,68,13,22,12,76,118" hai3="64,113,67,9,24,58,98,78,10,88,85,121,48"/><T57/><D107/><U17/><E117/><V4/><F68/><W20/><G113/><T80/><D123/><U30/><E75/><V100/><F118/><W28/><G121/><T91/><D120/><U119/><E119/><V101/><F128/><W127/><G127/><T15/><D91/><U21/><E32/><V86/><F134/><W92/><G67/><T34/><D34/><U129/><E129/><V125/><F125/><W3/><G3/><T114/><D114/><U124/><E124/><V126/><F126/><W55/><REACH who="3" step="1"/><G64/><REACH who="3" ten="310,230,230,220" step="2"/><T89/><D65/><U72/><E72/><V90/><F73/><W94/><G94/><T61/><D71/><U16/><E40/><V105/><F105/><W18/><G18/><T112/><D41/><U135/><E135/><V26/><F4/><W29/><G29/><T69/><D69/><U42/><E42/><V62/><F62/><W36/><G36/><T54/><D39/><U2/><E2/><V51/><F51/><W111/><G111/><T133/><D38/><U132/><E132/><V43/><F43/><W77/><G77/><T37/><D37/><U31/><REACH who="1" step="1"/><E21/><REACH who="1" ten="310,220,230,220" step="2"/><V102/><F22/><W109/><G109/><T115/><D133/><U44/><E44/><V50/><F50/><W116/><G116/><T95/><D47/><U97/><E97/><V130/><F130/><W87/><G87/><T60/><D46/><U35/><E35/><V33/><F33/><W7/><G7/><T52/><D115/><U122/><E122/><V131/><F131/><W8/><G8/><T84/><D112/><U23/><E23/><RYUUKYOKU ba="1,2" sc="310,-30,220,10,230,10,220,10" hai1="1,6,11,16,17,19,30,31,56,63,66,93,99" hai2="12,13,25,26,27,76,81,86,90,96,100,101,102" hai3="9,10,20,24,28,48,55,58,78,85,88,92,98" /><INIT seed="1,2,2,3,4,101" ten="280,230,240,230" oya="1" hai0="38,129,100,113,54,7,36,120,123,130,103,118,20" hai1="41,122,127,87,70,85,97,10,126,9,11,22,35" hai2="63,91,107,83,111,77,29,132,40,89,1,45,71" hai3="28,8,46,95,102,125,104,2,64,50,48,76,12"/><U0/><E122/><N who="0" m="46633" /><D7/><U96/><E35/><V30/><F1/><W58/><G125/><N who="1" m="47626" /><E70/><V6/><F6/><W93/><G2/><T67/><D113/><U51/><E0/><V49/><F107/><W80/><G28/><T110/><D110/><U84/><E22/><V18/><F111/><W133/><G133/><T42/><D118/><U81/><E81/><V128/><F132/><W32/><G32/><T74/><D74/><U121/><E121/><V92/><F128/><N who="0" m="49258" /><D54/><U34/><E34/><V116/><F116/><W56/><G104/><T60/><D20/><U109/><E109/><V27/><F29/><W112/><G112/><T86/><D86/><U106/><E106/><V88/><F92/><N who="3" m="35403" /><G102/><N who="0" m="38955" /><D42/><U57/><E41/><V23/><F30/><W21/><G21/><T44/><D44/><U98/><E51/><N who="3" m="19498" /><G46/><T90/><D90/><U72/><E72/><V134/><F134/><W15/><G64/><T117/><D117/><U5/><E5/><V55/><F40/><W65/><G65/><T79/><D79/><U135/><E135/><V108/><F108/><W62/><G62/><T115/><D115/><U47/><E47/><V114/><F114/><W24/><G8/><T31/><D31/><U75/><E75/><V33/><F33/><W16/><G76/><T99/><D99/><U25/><E25/><V4/><F4/><W52/><G80/><T14/><D14/><N who="3" m="5161" /><G52/><T69/><AGARI ba="2,2" hai="36,38,60,67,69" m="38955,49258,46633" machi="69" ten="40,2700,0" yaku="13,1,19,1" doraHai="101" who="0" fromWho="0" sc="280,53,230,-15,240,-9,230,-9" /><INIT seed="2,0,0,4,5,4" ten="333,215,231,221" oya="2" hai0="11,130,87,66,134,101,114,46,50,21,79,60,24" hai1="36,17,30,76,64,85,103,84,94,99,22,5,43" hai2="81,15,80,52,9,16,97,34,12,68,54,90,32" hai3="59,74,128,42,61,100,73,7,37,77,129,55,109"/><V117/><F117/><W65/><G109/><T49/><D134/><U83/><E64/><V82/><F68/><N who="3" m="42031" /><G100/><T131/><D114/><U67/><E67/><V71/><F71/><W125/><G125/><T127/><D127/><U26/><E5/><N who="2" m="3119" /><F32/><W33/><G33/><T88/><D101/><U58/><E58/><V25/><F25/><W27/><G27/><T106/><D106/><U19/><E43/><V40/><F34/><W78/><G7/><T98/><D79/><N who="3" m="30217" /><G42/><T14/><D98/><U13/><E36/><V112/><F112/><W89/><G89/><T116/><D116/><U132/><E132/><V69/><F69/><W48/><G37/><T57/><D21/><U63/><E63/><V92/><F40/><W96/><G96/><T8/><D24/><U47/><E47/><V124/><F124/><W70/><G70/><T113/><D113/><U91/><REACH who="1" step="1"/><E13/><REACH who="1" ten="333,205,231,221" step="2"/><V38/><F38/><W51/><G51/><T120/><D14/><U118/><E118/><V135/><F135/><W2/><G2/><T31/><D50/><U121/><E121/><V3/><F3/><W133/><G133/><T45/><D49/><U23/><E23/><AGARI ba="0,1" hai="15,16,23,52,54,80,81,82,90,92,97" m="3119" machi="23" ten="30,11600,0" yaku="8,1,52,1,54,2" doraHai="4" who="2" fromWho="1" sc="333,0,205,-116,231,126,221,0" /><INIT seed="2,1,0,3,1,26" ten="333,89,357,221" oya="2" hai0="58,24,117,127,78,103,121,47,23,42,59,52,11" hai1="86,16,118,82,90,85,62,91,25,106,96,92,17" hai2="54,29,8,131,13,99,124,31,7,101,18,20,2" hai3="5,1,61,74,40,100,63,50,55,105,3,109,128"/><V76/><F124/><W107/><G74/><T56/><D127/><U57/><E118/><V73/><F131/><W67/><G40/><T114/><D114/><U65/><E106/><V9/><F76/><W10/><G128/><T97/><D121/><U45/><E45/><V14/><F54/><W116/><G116/><T51/><D117/><U71/><E71/><V81/><F81/><W69/><G109/><T21/><D78/><U94/><E82/><V64/><F64/><W75/><G75/><T111/><D111/><U113/><E113/><V80/><F80/><W93/><G63/><T79/><D11/><U38/><E38/><V27/><F73/><W19/><G3/><T112/><D79/><U68/><E68/><V87/><F87/><W132/><G132/><T70/><D70/><U49/><E49/><V77/><F77/><W44/><REACH who="3" step="1"/><G19/><REACH who="3" ten="333,89,357,211" step="2"/><T89/><D42/><U41/><E41/><V83/><F2/><W84/><G84/><T60/><D60/><U98/><REACH who="1" step="1"/><E25/><REACH who="1" ten="333,79,357,211" step="2"/><V135/><F135/><W4/><G4/><T30/><D24/><U48/><E48/><V53/><F7/><W32/><G32/><T72/><D51/><U34/><E34/><V129/><F27/><W35/><G35/><T95/><D112/><U115/><E115/><V22/><F129/><W66/><G66/><T126/><D126/><U120/><E120/><V108/><F108/><W88/><G88/><T12/><D89/><U15/><E15/><V43/><F13/><W104/><G104/><T28/><D12/><U123/><E123/><V37/><F14/><W6/><G6/><RYUUKYOKU ba="1,2" sc="333,-15,79,15,357,-15,211,15" hai1="16,17,57,62,65,85,86,90,91,92,94,96,98" hai3="1,5,10,44,50,55,61,67,69,93,100,105,107" /><INIT seed="3,2,2,2,2,11" ten="318,94,342,226" oya="3" hai0="14,12,62,115,135,107,114,111,13,16,35,6,117" hai1="73,79,103,36,118,23,105,60,26,5,17,87,22" hai2="120,93,45,81,123,108,116,61,44,85,56,130,106" hai3="66,65,18,28,49,80,53,15,95,46,34,72,24"/><W37/><G37/><T55/><D111/><U124/><E118/><V41/><F106/><W7/><G7/><T92/><D135/><U58/><E124/><V54/><F116/><W43/><G43/><T122/><D122/><N who="2" m="46634" /><F108/><W63/><G95/><T89/><D107/><U2/><E73/><V48/><F130/><W104/><G104/><T88/><D117/><U110/><E110/><V133/><F133/><W112/><G112/><N who="0" m="43051" /><D35/><U94/><E105/><V98/><F48/><W75/><G80/><T132/><D132/><U40/><E40/><V10/><F10/><W127/><G127/><T76/><D76/><U134/><E36/><V99/><F41/><W38/><G38/><T70/><D6/><U3/><E134/><V121/><F121/><W52/><G53/><T113/><D113/><U67/><E2/><V19/><F19/><W119/><G66/><N who="0" m="41303" /><D55/><U128/><E128/><V32/><F32/><W126/><G119/><T90/><D92/><U97/><E3/><V4/><F4/><W39/><G39/><T102/><D102/><U78/><E5/><V74/><F74/><W51/><G51/><T1/><D1/><U9/><E9/><AGARI ba="2,2" hai="9,12,13,14,16,88,89,90" m="41303,43051" machi="9" ten="30,12000,2" yaku="11,1,52,3,54,2" doraHai="11" who="0" fromWho="1" sc="318,146,94,-126,342,0,226,0" owari="464,56.4,-32,-53.2,342,14.2,226,-17.4" /></mjloggm>