<mjloggm ver="2.3"><GO type="225" lobby="0"/><UN n0="%72%61%6B%33" n1="%4C%4F%4C%49%54%41" n2="%E4%BB%8A%E6%97%A5%E4%B8%80" n3="%E5%B0%8F%E9%B3%A5%E9%81%8A%E7%B7%B4%E7%84%A1%32%31%E6%AD%B3" dan="16,16,17,16" rate="2090.30,2083.04,2205.80,2195.59" sx="M,F,M,F"/><TAIKYOKU oya="0"/><INIT seed="0,0,0,5,3,117" ten="250,250,250,250" oya="0" hai0="13,27,76,107,55,111,63,68,53,10,103,61,9" hai1="45,47,26,98,104,48,83,23,29,89,105,49,115" hai2="80,91,133,93,12,118,96,69,57,56,86,62,100" hai3="102,16,18,90,54,35,8,24,37,0,106,120,58"/><T21/><D111/><U113/><E104/><V109/><F118/><W124/><G37/><T17/><D76/><U6/><E6/><V66/><F109/><W88/><G124/><T2/><D2/><U38/><E38/><V14/><F133/><W82/><G82/><T97/><D10/><U4/><E4/><V129/><F129/><W44/><G44/><N who="1" m="16970" /><E83/><V34/><F34/><W25/><G8/><T128/><D128/><U46/><N who="1" m="16978" /><U59/><DORA hai="43" /><E59/><V74/><F74/><W123/><G0/><T11/><D11/><U119/><E119/><V31/><F31/><W32/><G102/><T116/><D116/><U114/><E105/><V110/><F110/><W87/><G106/><T121/><D121/><N who="3" m="46665" /><G25/><T84/><D68/><U28/><E29/><V99/><F99/><W125/><G125/><T60/><REACH who="0" step="1"/><D84/><REACH who="0" ten="240,250,250,250" step="2"/><U77/><E77/><V64/><F69/><W1/><G1/><T78/><D78/><U5/><E5/><AGARI ba="0,1" hai="5,9,13,17,21,27,53,55,60,61,63,97,103,107" machi="5" ten="40,7700,0" yaku="1,1,53,2" doraHai="117,43" doraHaiUra="33,50" who="0" fromWho="1" sc="240,87,250,-77,250,0,250,0" /><INIT seed="0,1,0,1,1,16" ten="327,173,250,250" oya="0" hai0="52,82,89,22,48,123,66,43,108,21,64,56,99" hai1="2,133,25,107,6,132,17,93,125,111,109,1,71" hai2="112,15,62,118,26,135,23,45,32,34,68,35,116" hai3="114,75,130,106,4,88,38,72,134,20,78,49,97"/><T28/><D123/><U121/><E107/><V47/><F68/><W3/><G38/><T51/><D108/><N who="1" m="41547" /><E71/><V37/><F62/><W87/><G114/><T5/><D5/><U96/><E121/><V60/><F60/><W128/><G134/><N who="1" m="51818" /><E6/><V94/><F135/><W19/><G49/><T81/><D28/><U30/><E125/><V110/><F110/><W36/><G78/><T69/><D69/><U91/><E17/><V92/><F15/><W98/><G36/><T12/><D12/><U84/><E84/><V85/><F112/><W77/><G4/><T44/><D99/><N who="3" m="37897" /><G3/><T14/><D14/><U7/><E7/><V120/><F120/><W33/><G106/><T90/><D82/><U8/><E8/><V65/><F65/><N who="0" m="25194" /><D89/><U131/><E131/><N who="3" m="50218" /><G77/><T40/><D40/><U13/><E13/><V117/><F37/><W101/><G33/><AGARI ba="1,0" hai="1,2,25,30,33,91,93,96" m="51818,41547" machi="33" ten="30,2000,0" yaku="14,1,20,1" doraHai="16" who="1" fromWho="3" sc="327,0,173,23,250,0,250,-23" /><INIT seed="1,0,0,2,1,58" ten="327,196,250,227" oya="1" hai0="75,126,84,73,96,12,49,15,68,105,61,23,42" hai1="37,76,10,66,28,59,86,114,7,8,6,33,74" hai2="13,46,41,18,48,118,110,20,100,1,120,36,70" hai3="38,47,79,99,29,123,9,124,80,135,69,77,127"/><U55/><E114/><V116/><F120/><W98/><G29/><T91/><D126/><N who="3" m="48169" /><G9/><T88/><D42/><U108/><E37/><V24/><F110/><W50/><G38/><T54/><D73/><U82/><E108/><V104/><F1/><W67/><G123/><T51/><D75/><U89/><E66/><V31/><F36/><W90/><G135/><T5/><D5/><U25/><E6/><V4/><F4/><W128/><G128/><T56/><D68/><U2/><E8/><V27/><F27/><W92/><G99/><T53/><D23/><U93/><E59/><V3/><F3/><W44/><G50/><T101/><D91/><U83/><REACH who="1" step="1"/><E55/><REACH who="1" ten="327,186,250,227" step="2"/><V65/><F65/><W71/><G67/><T102/><D53/><U134/><E134/><V43/><F70/><W16/><G71/><T112/><D112/><U109/><E109/><V115/><F115/><W122/><G69/><T40/><D40/><U87/><E87/><V130/><F43/><W32/><G122/><T111/><D111/><U107/><E107/><V52/><F41/><W39/><G39/><T94/><D105/><U81/><AGARI ba="0,1" hai="2,7,10,25,28,33,74,76,81,82,83,86,89,93" machi="81" ten="30,6000,0" yaku="1,1,0,1,53,1" doraHai="58" doraHaiUra="34" who="1" fromWho="1" sc="327,-20,186,70,250,-20,227,-20" /><INIT seed="1,1,0,5,1,48" ten="307,256,230,207" oya="1" hai0="51,24,44,0,15,67,89,13,14,133,84,1,54" hai1="95,31,23,120,19,90,104,123,2,81,5,126,56" hai2="125,20,111,101,106,112,37,46,92,100,7,34,65" hai3="42,3,66,85,39,29,47,16,75,124,6,69,53"/><U134/><E104/><V105/><F34/><W62/><G124/><T114/><D114/><U68/><E68/><V45/><F7/><W71/><G71/><T9/><D133/><U18/><E126/><V128/><F125/><W108/><G108/><T50/><D67/><U113/><E113/><V35/><F35/><W17/><G29/><T83/><D9/><U102/><E134/><V73/><F112/><W33/><G33/><T98/><D98/><U38/><E38/><V43/><F73/><W58/><G85/><T99/><D99/><N who="1" m="59775" /><E2/><V122/><F65/><W12/><G75/><T116/><D116/><U25/><E5/><V4/><F4/><W11/><REACH who="3" step="1"/><G3/><REACH who="3" ten="307,256,230,197" step="2"/><T21/><REACH who="0" step="1"/><D51/><AGARI ba="1,1" hai="6,11,12,16,17,39,42,47,51,53,58,62,66,69" machi="51" ten="30,16000,3" yaku="1,1,2,1,7,1,24,2,52,1,54,1,53,1" doraHai="48" doraHaiUra="64" who="3" fromWho="0" sc="307,-163,256,0,230,0,197,173" /><INIT seed="2,0,0,3,2,53" ten="144,256,230,370" oya="2" hai0="134,62,17,38,70,100,116,79,119,65,88,58,81" hai1="69,103,39,135,126,42,54,121,132,13,93,6,31" hai2="66,55,56,0,131,32,105,85,98,95,118,45,89" hai3="59,96,40,101,52,21,75,37,67,20,102,25,72"/><V22/><F118/><N who="0" m="45098" /><D38/><U77/><E69/><V46/><F32/><W64/><G40/><T57/><D134/><N who="1" m="51243" /><E126/><V35/><F35/><W78/><G37/><T14/><D100/><U86/><E121/><V44/><F131/><W107/><G102/><T5/><D5/><U106/><E31/><V63/><F0/><W123/><G20/><N who="0" m="11319" /><D79/><U10/><E106/><V47/><F105/><W33/><G33/><T124/><D124/><U133/><E133/><V48/><F22/><W129/><G129/><T30/><D30/><U71/><E77/><V76/><F76/><W23/><G23/><T19/><D19/><U108/><E39/><V49/><F49/><W104/><G104/><T80/><D80/><U18/><E18/><V36/><F36/><W15/><G123/><T128/><D128/><U50/><E50/><V87/><AGARI ba="0,0" hai="44,45,46,47,48,55,56,63,66,85,87,89,95,98" machi="87" ten="30,6000,0" yaku="0,1,8,1,52,1" doraHai="53" who="2" fromWho="2" sc="144,-20,256,-20,230,60,370,-20" /><INIT seed="2,1,0,0,3,121" ten="124,236,290,350" oya="2" hai0="38,41,69,29,34,90,22,65,9,79,104,32,132" hai1="91,26,77,80,124,45,122,93,68,102,99,15,106" hai2="1,133,6,131,85,74,130,109,72,33,105,52,71" hai3="97,120,100,108,50,55,47,95,112,110,56,117,12"/><V44/><F71/><W61/><G120/><T4/><D132/><U92/><E68/><V84/><F133/><W57/><G117/><T37/><D90/><U81/><E122/><V62/><F33/><W103/><G112/><T87/><D87/><N who="2" m="33354" /><F105/><W83/><G83/><T123/><D123/><U111/><E111/><N who="3" m="42538" /><G12/><T119/><D119/><U10/><E124/><V3/><F109/><W51/><G51/><T17/><D79/><U78/><E26/><V19/><F19/><W114/><G114/><T125/><D125/><U25/><E25/><V16/><F16/><W42/><G57/><T0/><D104/><U31/><E31/><V7/><F1/><W20/><G20/><T66/><D69/><U23/><E23/><V128/><F3/><W43/><G103/><T46/><D38/><U14/><E106/><V101/><F101/><W113/><G113/><T40/><D32/><U129/><E102/><V36/><F36/><W11/><G11/><T73/><D73/><N who="2" m="28266" /><F44/><W18/><G18/><T48/><D37/><U59/><E45/><V88/><F88/><W118/><G118/><T24/><REACH who="0" step="1"/><D40/><AGARI ba="1,0" hai="40,42,43,47,50,55,56,61,95,97,100" m="42538" machi="40" ten="30,7700,0" yaku="14,1,52,3" doraHai="121" who="3" fromWho="0" sc="124,-80,236,0,290,0,350,80" /><INIT seed="3,0,0,1,5,18" ten="44,236,290,430" oya="3" hai0="59,133,0,16,92,90,43,77,64,39,96,105,113" hai1="72,57,45,102,104,53,63,126,11,4,33,21,73" hai2="65,130,125,24,108,19,35,110,61,131,66,76,112" hai3="67,134,7,51,87,80,128,30,135,123,88,2,89"/><W127/><G89/><T84/><D133/><U52/><E33/><V100/><F76/><W1/><G67/><N who="2" m="25609" /><F61/><W40/><G30/><T124/><D124/><U3/><E126/><V97/><F125/><W49/><G128/><N who="2" m="49193" /><F112/><W38/><G123/><T91/><D113/><U41/><E53/><V9/><F35/><W26/><G26/><T107/><D0/><U93/><E93/><N who="2" m="58415" /><F24/><W117/><G127/><T13/><D77/><U6/><E6/><V5/><F19/><W69/><G7/><T81/><D64/><U111/><E111/><V8/><F8/><W121/><G121/><T101/><D101/><U56/><E56/><V114/><F114/><W74/><G69/><T119/><D119/><U23/><E73/><V31/><F31/><W122/><G1/><AGARI ba="0,0" hai="1,5,9,108,110" m="58415,49193,25609" machi="1" ten="30,1000,0" yaku="19,1" doraHai="18" who="2" fromWho="3" sc="44,0,236,0,290,10,430,-10" owari="44,-45.6,236,-16.4,300,10.0,420,52.0" /></mjloggm>