<mjloggm ver="2.3"><GO type="225" lobby="0"/><UN n0="%E3%81%8B%E3%82%8F%E3%81%A1%E3%82%83%E3%82%93%35%38" n1="%33%74%72%65%65" n2="%E8%81%B7%E6%A5%AD%E3%80%81%E9%A2%A8%32" n3="%E6%B5%81%E3%82%8C%EF%BC%9F%53%4F%41" dan="16,17,16,17" rate="2123.87,2215.33,2163.10,2237.59" sx="M,F,M,M"/><TAIKYOKU oya="0"/><INIT seed="0,0,0,5,2,128" ten="250,250,250,250" oya="0" hai0="114,42,68,87,61,119,123,64,104,124,74,32,77" hai1="81,44,13,112,66,21,19,101,116,49,75,69,109" hai2="111,57,59,99,47,5,80,65,79,27,88,72,41" hai3="103,3,7,54,34,38,115,113,71,17,105,46,100"/><T62/><D87/><U16/><E116/><V9/><F111/><W52/><G71/><N who="0" m="42383" /><D77/><U121/><E109/><V15/><F65/><W1/><G46/><T83/><D83/><U39/><E121/><V43/><F27/><W76/><G17/><T50/><D104/><U33/><E33/><V120/><F41/><W24/><G24/><T11/><D11/><U133/><E39/><V31/><F31/><W10/><G10/><T26/><D26/><U8/><E101/><V84/><F120/><W86/><G86/><T55/><D74/><U107/><E107/><V48/><F72/><W95/><G95/><AGARI ba="0,0" hai="5,9,15,43,47,48,57,59,79,80,84,88,95,99" machi="95" ten="40,8000,1" yaku="25,2,8,1,54,1" doraHai="128" who="2" fromWho="3" sc="250,0,250,0,250,80,250,-80" /><INIT seed="1,0,0,0,2,132" ten="250,250,330,170" oya="1" hai0="26,60,15,85,62,20,111,0,36,27,41,87,103" hai1="70,108,66,91,25,43,29,126,64,50,69,125,7" hai2="18,49,109,67,44,133,73,46,105,102,24,72,48" hai3="31,76,128,77,115,84,107,130,89,34,100,58,124"/><U110/><E7/><V61/><F109/><N who="1" m="42089" /><E91/><V30/><F133/><W88/><G34/><T96/><D0/><U80/><E80/><V37/><F18/><W131/><G115/><T51/><D36/><U82/><E82/><V79/><F49/><W99/><G31/><T135/><D135/><U121/><E121/><V40/><F79/><N who="3" m="30283" /><G58/><T127/><D111/><U38/><E38/><V39/><F105/><W71/><G71/><N who="1" m="27146" /><E43/><V95/><F102/><W112/><G112/><T123/><D123/><U55/><E64/><V32/><F95/><N who="3" m="54663" /><G89/><T9/><D103/><U1/><E1/><V14/><F39/><W57/><G57/><T134/><D96/><U63/><E66/><V68/><REACH who="2" step="1"/><F14/><REACH who="2" ten="250,250,320,170" step="2"/><W56/><G56/><T5/><D15/><U92/><E63/><V23/><F23/><W94/><G124/><T122/><D127/><U54/><E92/><AGARI ba="0,1" hai="92,94,99,100,107,128,130,131" m="54663,30283" machi="92" ten="40,8000,1" yaku="19,1,34,2,54,1" doraHai="132" who="3" fromWho="1" sc="250,0,250,-80,320,0,170,90" /><INIT seed="2,0,0,1,4,91" ten="250,170,320,260" oya="2" hai0="115,122,135,31,113,124,114,59,131,46,51,76,61" hai1="52,116,57,28,95,73,49,36,112,110,98,108,32" hai2="54,130,60,35,9,83,99,69,16,33,29,93,107" hai3="132,81,111,77,34,0,92,4,127,109,101,23,80"/><V38/><F130/><W86/><G34/><T105/><D105/><U123/><E112/><V17/><F38/><W13/><G0/><T133/><D76/><U64/><E116/><V102/><F83/><N who="3" m="47471" /><G4/><T53/><D31/><U75/><E36/><V134/><F134/><N who="0" m="51210" /><D122/><U71/><E123/><V1/><F1/><W10/><G23/><T58/><D131/><U70/><E28/><V43/><F43/><W15/><G132/><T12/><D12/><N who="3" m="4681" /><G10/><T18/><D18/><U55/><E32/><V3/><F35/><W90/><G101/><T125/><D59/><U5/><E5/><V47/><F107/><W126/><G81/><T118/><D118/><U129/><E129/><V30/><F33/><W65/><G65/><AGARI ba="0,0" hai="46,51,53,58,61,65,113,114,115,124,125" m="51210" machi="65" ten="40,5200,0" yaku="20,1,34,2" doraHai="91" who="0" fromWho="3" sc="250,52,170,0,320,0,260,-52" /><INIT seed="3,0,0,3,5,41" ten="302,170,320,208" oya="3" hai0="94,28,57,72,53,110,27,83,122,6,133,106,88" hai1="69,39,100,58,12,1,128,80,127,34,51,82,124" hai2="49,52,98,71,99,15,132,75,130,85,11,105,62" hai3="116,40,79,74,90,115,118,61,91,93,38,21,60"/><W114/><G40/><T2/><D122/><U55/><E1/><V123/><F75/><W63/><G38/><T129/><D106/><U8/><E34/><V87/><F130/><W54/><G54/><T29/><D2/><U64/><E100/><V111/><F111/><W102/><G102/><T35/><D6/><U78/><E128/><V113/><F113/><W120/><G120/><T22/><D129/><U17/><E39/><V3/><F3/><W104/><G104/><T9/><D9/><U81/><E69/><V86/><F132/><W103/><G103/><T97/><D133/><U23/><E78/><V76/><F76/><W25/><G114/><T65/><D110/><U121/><E121/><V31/><F31/><N who="0" m="11850" /><D72/><U10/><REACH who="1" step="1"/><E64/><REACH who="1" ten="302,160,320,208" step="2"/><V48/><F71/><W131/><G131/><T117/><D117/><U84/><E84/><V33/><F87/><W16/><G115/><T19/><D35/><U66/><E66/><V45/><F86/><W14/><G90/><T30/><D65/><U26/><E26/><V70/><F85/><W56/><G25/><T112/><D112/><U92/><E92/><V37/><F105/><W119/><G91/><T68/><D68/><U42/><E42/><V95/><F70/><W89/><G89/><T13/><D83/><U47/><E47/><V108/><F45/><W18/><G93/><T32/><D53/><U36/><E36/><V125/><F52/><N who="3" m="33799" /><G79/><T24/><D24/><U135/><E135/><V67/><F33/><W4/><G74/><T109/><D109/><U77/><E77/><V20/><F108/><W59/><G118/><RYUUKYOKU ba="0,1" sc="302,15,160,15,320,-15,208,-15" hai0="13,19,22,27,30,32,57,88,94,97" hai1="8,10,12,17,23,51,55,58,80,81,82,124,127" owari="327,42.7,175,-32.5,305,10.5,193,-20.7" /></mjloggm>