<mjloggm ver="2.3"><GO type="225" lobby="0"/><UN n0="%70%68%65%6E%6F%6D%65" n1="%E3%81%99%E3%83%BC%5F%E9%88%B4%E6%9C%A8%E6%B5%A9%E5%B9%B3" n2="%E3%81%BF%E3%81%BF%E3%81%9A" n3="%E5%91%A8%E6%9D%B1" dan="16,16,17,16" rate="2182.79,2101.02,2232.94,2137.37" sx="M,M,M,M"/><TAIKYOKU oya="0"/><INIT seed="0,0,0,1,4,33" ten="250,250,250,250" oya="0" hai0="8,20,128,28,9,49,69,63,16,41,45,27,5" hai1="75,117,134,119,32,109,1,122,66,6,14,19,100" hai2="93,40,21,120,22,67,83,76,12,131,126,108,57" hai3="30,97,91,116,59,104,38,92,70,25,47,46,101"/><T79/><D128/><U31/><E122/><V29/><F120/><W50/><G116/><T71/><D79/><U89/><E75/><V132/><F131/><W68/><G59/><T90/><D90/><U55/><E66/><V10/><F108/><W65/><G38/><T42/><D42/><U129/><E129/><V107/><F107/><W88/><G91/><T98/><D98/><U123/><E123/><V43/><F93/><W103/><G103/><T0/><REACH who="0" step="1"/><D63/><REACH who="0" ten="240,250,250,250" step="2"/><U73/><E89/><V3/><F40/><W72/><G88/><T124/><D124/><U95/><E117/><V102/><F43/><W17/><G97/><T51/><D51/><U35/><E119/><V39/><F126/><W114/><G50/><T80/><D80/><U96/><E96/><V115/><F83/><W24/><G101/><T56/><D56/><U113/><E100/><V62/><F76/><W11/><G114/><T7/><D7/><U78/><E113/><V125/><F102/><W53/><G70/><T85/><D85/><U4/><E6/><N who="2" m="1375" /><F115/><W105/><G68/><T121/><D121/><U82/><E4/><V106/><F125/><W86/><G86/><T48/><D48/><U58/><E78/><V64/><F57/><W54/><G72/><T94/><D94/><U36/><E95/><V84/><F62/><W81/><G92/><T52/><D52/><U44/><E55/><V110/><F84/><W127/><G54/><T135/><D135/><U112/><E58/><V61/><F61/><W13/><G53/><T118/><D118/><U26/><E134/><V77/><F77/><RYUUKYOKU ba="0,1" sc="240,30,250,-10,250,-10,250,-10" hai0="0,5,8,9,16,20,27,28,41,45,49,69,71" /><INIT seed="0,1,1,5,2,4" ten="270,240,240,240" oya="0" hai0="41,39,35,79,64,24,6,3,133,33,134,12,19" hai1="95,16,49,73,50,30,27,82,56,132,48,109,68" hai2="122,117,114,18,21,2,25,43,103,86,14,87,118" hai3="123,72,34,107,13,66,74,104,9,78,63,76,61"/><T57/><D79/><U70/><E132/><N who="0" m="50793" /><D41/><U129/><E129/><V84/><F122/><W112/><G112/><T91/><D39/><U102/><E109/><V135/><F2/><W113/><G113/><T111/><D111/><U89/><E56/><V77/><F135/><W108/><G108/><T32/><D91/><U7/><E7/><V131/><F114/><W54/><G123/><T98/><D98/><U105/><E105/><V37/><F131/><W67/><G34/><T1/><D64/><U97/><E16/><N who="2" m="12455" /><F103/><W106/><G54/><T36/><D36/><U125/><E125/><V60/><F60/><W44/><G44/><T23/><D57/><U53/><E53/><V94/><F37/><W124/><G124/><T71/><D71/><U120/><E120/><V100/><F43/><W110/><G110/><T83/><D83/><U128/><E128/><V119/><F100/><W15/><REACH who="3" step="1"/><G107/><REACH who="3" ten="270,240,240,230" step="2"/><T51/><D51/><U130/><E130/><V116/><F119/><W127/><G127/><T38/><D38/><U93/><E48/><V5/><F118/><W69/><G69/><T101/><D101/><U65/><E49/><V126/><F117/><W40/><G40/><T47/><D47/><U92/><E50/><V80/><F116/><W121/><G121/><T75/><D75/><U62/><E68/><V26/><F126/><W42/><G42/><T28/><D1/><U52/><E52/><V115/><F115/><W8/><AGARI ba="1,2" hai="8,9,13,15,61,63,66,67,72,74,76,78,104,106" machi="8" ten="25,12000,2" yaku="1,1,0,1,22,2,52,2,53,0" doraHai="4" doraHaiUra="17" who="3" fromWho="3" sc="270,-61,240,-31,240,-31,230,143" /><INIT seed="1,0,0,5,0,109" ten="209,209,209,373" oya="1" hai0="50,49,4,52,112,98,132,43,30,127,91,1,60" hai1="65,8,81,117,82,67,84,83,18,44,74,115,118" hai2="2,77,17,25,39,55,37,40,85,95,5,36,0" hai3="46,29,57,106,131,92,99,123,9,51,76,38,64"/><U79/><E115/><V23/><F40/><W24/><G123/><T6/><D127/><U56/><E44/><V32/><F5/><W27/><G106/><T75/><D75/><U87/><E74/><V78/><F32/><W113/><G76/><T97/><D112/><U126/><E126/><V34/><F34/><W3/><G113/><T133/><D30/><U72/><E72/><V48/><F78/><W110/><G131/><T58/><D1/><U70/><E70/><V19/><F17/><W62/><G38/><T16/><D43/><U10/><E83/><V54/><F54/><W22/><G27/><T90/><D60/><U35/><E35/><V68/><F68/><W93/><G110/><T21/><D50/><U88/><E117/><V121/><F121/><W104/><G104/><T114/><D114/><U47/><E118/><V128/><F128/><W107/><G107/><T20/><D20/><U41/><E56/><V119/><F119/><W28/><G28/><T11/><D91/><U129/><E129/><V71/><F71/><W61/><G61/><T80/><D80/><U111/><E111/><V15/><F25/><W101/><G3/><N who="0" m="415" /><D6/><U122/><E122/><V120/><F120/><W100/><G9/><N who="1" m="3690" /><E18/><V69/><F69/><W105/><G101/><T116/><D116/><U26/><E26/><V86/><F86/><W31/><G31/><T59/><D58/><U103/><E103/><V89/><REACH who="2" step="1"/><F77/><REACH who="2" ten="209,209,199,373" step="2"/><W124/><G124/><T33/><D33/><U13/><E13/><V14/><F14/><W42/><AGARI ba="0,1" hai="22,24,29,42,46,51,57,62,64,92,93,99,100,105" machi="42" ten="20,1500,0" yaku="0,1,7,1" doraHai="109" who="3" fromWho="3" sc="209,-4,209,-7,199,-4,373,25" /><INIT seed="2,0,0,3,1,88" ten="205,202,195,398" oya="2" hai0="10,51,91,62,77,121,58,98,47,16,123,6,132" hai1="92,43,83,56,89,133,113,19,53,36,129,20,108" hai2="85,80,50,67,52,8,35,127,114,5,70,45,117" hai3="99,3,101,73,32,4,111,82,112,49,1,100,71"/><V23/><F114/><W46/><G32/><T102/><D132/><U28/><E113/><V22/><F117/><W69/><G112/><T64/><D77/><U72/><E133/><V14/><F35/><W60/><G101/><T61/><D91/><U63/><E28/><V26/><F127/><W27/><G27/><T96/><D16/><U120/><E120/><V103/><F103/><W33/><G4/><T57/><D98/><N who="1" m="57615" /><E129/><V90/><REACH who="2" step="1"/><F26/><REACH who="2" ten="205,202,185,398" step="2"/><W94/><G33/><T86/><D121/><U30/><E108/><V126/><F126/><W34/><G34/><T106/><D123/><U55/><E30/><V118/><F118/><W65/><G111/><T42/><D86/><U66/><E72/><V87/><F87/><W134/><G73/><T84/><D84/><U11/><E11/><V76/><F76/><W124/><G124/><T29/><D29/><U25/><E25/><V125/><F125/><W93/><G100/><T75/><D75/><U109/><E109/><V39/><F39/><W40/><G134/><T122/><D122/><U15/><E36/><V131/><F131/><W38/><G38/><T79/><D79/><U68/><E20/><V48/><F48/><W59/><G49/><T9/><REACH who="0" step="1"/><D6/><REACH who="0" ten="195,202,185,398" step="2"/><U115/><E115/><V2/><F2/><W54/><G3/><T74/><D74/><U37/><E19/><V78/><F78/><W12/><G1/><T81/><D81/><U17/><E83/><V95/><F95/><W128/><G93/><T13/><D13/><U24/><E15/><V107/><F107/><W135/><G12/><T97/><D97/><RYUUKYOKU ba="0,2" sc="195,15,202,-15,185,15,398,-15" hai0="9,10,42,47,51,57,58,61,62,64,96,102,106" hai2="5,8,14,22,23,45,50,52,67,70,80,85,90" /><INIT seed="2,1,2,4,1,44" ten="210,187,200,383" oya="2" hai0="47,106,59,86,110,126,73,29,46,11,23,6,38" hai1="58,2,10,129,93,127,114,35,82,75,57,80,123" hai2="14,130,101,21,25,15,84,77,95,37,3,13,31" hai3="79,134,90,91,60,74,18,28,53,107,112,105,63"/><V8/><F37/><W121/><G121/><T97/><D73/><U113/><E35/><V89/><F130/><W24/><G134/><T76/><D110/><U45/><E129/><V70/><F70/><W62/><G18/><T50/><D126/><U9/><E127/><V61/><F61/><W78/><G53/><N who="0" m="32183" /><D106/><U109/><E109/><V43/><F43/><W27/><G74/><T33/><D33/><U71/><E71/><V103/><F3/><W68/><G68/><T132/><D38/><U116/><E123/><V1/><F1/><W17/><G17/><T54/><D97/><U87/><E116/><V131/><F131/><W100/><G100/><N who="2" m="38473" /><F77/><W30/><G63/><T118/><D54/><U55/><E55/><V88/><F89/><W83/><G83/><N who="0" m="47463" /><D132/><U52/><E52/><V32/><F32/><W34/><G34/><T66/><D66/><U48/><E2/><V20/><F20/><W81/><G81/><T67/><D67/><U40/><E75/><V96/><F96/><W4/><G112/><T85/><D85/><U49/><E87/><V128/><F128/><W26/><G105/><T36/><D36/><U102/><E114/><V108/><F108/><W12/><G107/><T0/><D118/><U16/><E113/><V117/><F117/><W115/><G115/><T56/><D56/><U64/><E58/><V72/><F72/><W122/><G122/><T42/><D42/><U39/><E39/><V92/><F92/><W5/><G79/><T124/><D124/><U99/><E64/><V135/><F135/><W111/><G78/><T51/><D51/><RYUUKYOKU ba="1,2" sc="210,15,187,-15,200,15,383,-15" hai0="0,6,11,23,29,46,47" hai2="8,13,14,15,21,25,31,84,88,95" /><INIT seed="2,2,2,0,2,70" ten="225,172,215,368" oya="2" hai0="74,88,106,69,21,13,43,50,53,54,46,55,17" hai1="66,29,104,4,134,19,11,83,93,78,115,72,64" hai2="49,10,40,107,61,62,63,28,100,2,128,45,36" hai3="12,85,113,22,131,118,58,57,95,120,47,97,23"/><V34/><F128/><W98/><G120/><T41/><D69/><U117/><E117/><V65/><F107/><W111/><G118/><T92/><D74/><U126/><E115/><V87/><F100/><W119/><G119/><T15/><D106/><U71/><E104/><V37/><F65/><W101/><G131/><T32/><D32/><U60/><E134/><V114/><F114/><W38/><G111/><T94/><D43/><U79/><E79/><V51/><F87/><W27/><G85/><N who="0" m="52239" /><D94/><U89/><E126/><V35/><F51/><W96/><G38/><T76/><D76/><U122/><E64/><V77/><F77/><W56/><G47/><T116/><D116/><U0/><E19/><V30/><F34/><W6/><G113/><T102/><D102/><U73/><E29/><V99/><F99/><W121/><G121/><T9/><D15/><U52/><E122/><V132/><F132/><W90/><G101/><T125/><D125/><U133/><E133/><V109/><F109/><W105/><G105/><T7/><D7/><U24/><E24/><V44/><F35/><W108/><G108/><T67/><D67/><U130/><E130/><V86/><F86/><N who="3" m="52695" /><G27/><T8/><AGARI ba="2,2" hai="8,9,13,17,21,41,46,50,53,54,55" m="52239" machi="8" ten="30,2000,0" yaku="8,1,54,1" doraHai="70" who="0" fromWho="0" sc="225,46,172,-7,215,-12,368,-7" /><INIT seed="3,0,0,1,5,12" ten="271,165,203,361" oya="3" hai0="63,115,118,103,1,33,130,77,57,41,71,30,48" hai1="58,74,27,105,31,93,113,66,36,110,7,54,107" hai2="78,46,34,73,2,114,40,5,122,104,61,47,45" hai3="8,117,101,10,86,134,80,18,83,94,100,56,109"/><W87/><G117/><T60/><D118/><U82/><E113/><V9/><F114/><W121/><G121/><T128/><D1/><U97/><E36/><N who="2" m="21639" /><F104/><W35/><G134/><T75/><D103/><U22/><E110/><V43/><F122/><W50/><G35/><T99/><D99/><U95/><E7/><V25/><F61/><W19/><G109/><T96/><D96/><U88/><E66/><V21/><F34/><W44/><G56/><T124/><D77/><U116/><E116/><V125/><F43/><W90/><G94/><T119/><D75/><U29/><E29/><N who="2" m="17583" /><F125/><W39/><G39/><T11/><D30/><U81/><E95/><V91/><F91/><N who="3" m="51655" /><G101/><T53/><D33/><U65/><E65/><V32/><F32/><W108/><G100/><T26/><D63/><U67/><E67/><V64/><F64/><W20/><G108/><T51/><D60/><U112/><E112/><V106/><F106/><W102/><G102/><T89/><D89/><U15/><E15/><V59/><F59/><W62/><G62/><T49/><D57/><U84/><E74/><V70/><F70/><W16/><G20/><T28/><D71/><U3/><E3/><V98/><F98/><W24/><G24/><T13/><D26/><U92/><E105/><V37/><F37/><W135/><G135/><T123/><D123/><U133/><E133/><V132/><F132/><W4/><G4/><T120/><D119/><U79/><E107/><V127/><F73/><W38/><G38/><T52/><D115/><U131/><E131/><V85/><F2/><W69/><G69/><RYUUKYOKU ba="0,0" sc="271,-10,165,-10,203,-10,361,30" hai3="8,10,16,18,19,44,50,83,87,90" owari="261,6.1,155,-34.5,193,-20.7,391,49.1" /></mjloggm>