<mjloggm ver="2.3"><GO type="225" lobby="0"/><UN n0="%E3%81%8F%E3%82%8A%E3%83%94%E3%83%BC" n1="%E4%B8%8B%E6%AE%B5%E3%83%81%E3%82%A7%E3%83%AA%E3%83%BC" n2="%E3%81%AF%E3%82%88%E3%81%8A%E3%81%98%E3%81%95%E3%82%93" n3="%E3%81%95%E3%81%8D%E3%81%9F%E3%81%BE%E6%9E%97%E6%AA%8E" dan="16,16,17,16" rate="2107.39,2158.27,2144.52,2110.55" sx="M,M,M,M"/><TAIKYOKU oya="0"/><INIT seed="0,0,0,5,5,103" ten="250,250,250,250" oya="0" hai0="127,62,87,50,69,99,4,124,83,66,113,68,91" hai1="39,14,130,85,120,40,38,104,115,111,53,30,24" hai2="122,80,64,6,94,123,100,33,118,56,82,106,86" hai3="133,67,129,96,25,23,92,105,37,46,132,47,36"/><T125/><D113/><U109/><E120/><N who="2" m="46123" /><F56/><W19/><G67/><T75/><D4/><U79/><E115/><V128/><F64/><W71/><G71/><T32/><D32/><U131/><E53/><V126/><F6/><W76/><G76/><T65/><D75/><U134/><E134/><N who="3" m="51818" /><G129/><N who="1" m="49162" /><E14/><V16/><F16/><N who="3" m="12519" /><G105/><T93/><D50/><U97/><E40/><V81/><F33/><W61/><G61/><T63/><REACH who="0" step="1"/><D125/><REACH who="0" ten="240,250,250,250" step="2"/><U22/><E39/><N who="3" m="14922" /><G19/><T21/><D21/><U3/><E38/><V89/><F128/><W13/><G13/><T110/><D110/><U74/><E3/><V135/><F135/><W57/><G57/><T102/><AGARI ba="0,1" hai="62,63,65,66,68,69,83,87,91,93,99,102,124,127" machi="102" ten="30,6000,0" yaku="1,1,0,1,9,1,53,0" doraHai="103" doraHaiUra="112" who="0" fromWho="0" sc="240,70,250,-20,250,-20,250,-20" /><INIT seed="0,1,0,1,3,84" ten="310,230,230,230" oya="0" hai0="123,63,18,49,26,95,8,126,90,109,3,53,131" hai1="72,17,65,130,9,42,83,104,105,116,45,94,34" hai2="112,93,74,69,1,19,48,77,88,59,108,115,54" hai3="41,119,122,132,101,82,31,68,6,55,25,67,100"/><T12/><D12/><BYE who="0" /><UN n0="%E3%81%8F%E3%82%8A%E3%83%94%E3%83%BC" /><U79/><E116/><V91/><F69/><W87/><G119/><T81/><D123/><U7/><E34/><V15/><F1/><W4/><G132/><T52/><D126/><U128/><E65/><V120/><F120/><W58/><G122/><T135/><D135/><U10/><E17/><V70/><F70/><W37/><G68/><T56/><D131/><N who="1" m="50219" /><E94/><V78/><F108/><W44/><G67/><T20/><D109/><U113/><E113/><V5/><F5/><W64/><G64/><T124/><D124/><U80/><E80/><V14/><F14/><W102/><G55/><T66/><D3/><N who="1" m="255" /><E10/><V24/><F24/><W51/><G37/><AGARI ba="1,0" hai="37,42,45,72,79,83,104,105" m="255,50219" machi="37" ten="30,3900,0" yaku="25,1,19,1,23,1" doraHai="84" who="1" fromWho="3" sc="310,0,230,42,230,0,230,-42" /><INIT seed="1,0,0,5,2,123" ten="310,272,230,188" oya="1" hai0="120,7,49,67,45,95,43,24,51,74,38,72,76" hai1="17,47,9,92,31,63,53,128,34,88,4,26,127" hai2="100,29,12,40,105,116,107,109,87,59,21,101,68" hai3="1,104,91,90,20,23,58,114,3,42,117,65,93"/><U97/><E127/><V89/><F68/><W84/><G114/><T132/><D120/><U125/><E125/><V70/><F70/><W22/><G104/><T80/><D132/><U54/><E128/><V37/><F116/><W119/><G42/><T122/><D122/><U57/><E17/><V64/><F109/><W111/><G58/><T108/><D108/><U75/><E75/><V35/><F35/><W46/><G46/><T11/><D74/><U27/><E27/><V94/><F37/><W60/><G60/><T48/><D67/><U96/><E47/><V113/><F40/><W69/><G69/><T73/><D73/><U66/><REACH who="1" step="1"/><E97/><REACH who="1" ten="310,262,230,188" step="2"/><V85/><F113/><W121/><G121/><T71/><D24/><U41/><E41/><V44/><F44/><W19/><G19/><T10/><D43/><U5/><E5/><V134/><F134/><W130/><G130/><T81/><D7/><U16/><E16/><V39/><F29/><W118/><G111/><T14/><D72/><U106/><E106/><V82/><F105/><W103/><G65/><T131/><D45/><U86/><E86/><V28/><F107/><W13/><G84/><T8/><D131/><U115/><E115/><V61/><F39/><W55/><G119/><T102/><D38/><U52/><E52/><V50/><F28/><W129/><G55/><T2/><D11/><U126/><E126/><V33/><F64/><W56/><G129/><T6/><D10/><U133/><E133/><V62/><F87/><W112/><G112/><T0/><D6/><U32/><E32/><V124/><F33/><RYUUKYOKU ba="0,1" sc="310,-10,262,30,230,-10,188,-10" hai1="4,9,26,31,34,53,54,57,63,66,88,92,96" /><INIT seed="1,1,1,1,2,58" ten="300,292,220,178" oya="1" hai0="123,48,42,129,119,109,37,134,135,56,23,0,17" hai1="34,11,101,21,130,43,16,85,65,131,122,30,6" hai2="114,76,108,116,133,111,110,124,47,99,78,105,95" hai3="3,1,80,44,70,2,61,55,83,90,79,53,67"/><U92/><E43/><V28/><F28/><W77/><G90/><T125/><D119/><U4/><E122/><V31/><F31/><W22/><G22/><T118/><D118/><U14/><E65/><V13/><F116/><W93/><G93/><T15/><D0/><N who="1" m="391" /><E6/><V9/><F105/><W81/><REACH who="3" step="1"/><G44/><REACH who="3" ten="300,292,220,168" step="2"/><T74/><D23/><U71/><E101/><V8/><F47/><W120/><G120/><T98/><D123/><U62/><E92/><V32/><F95/><W127/><G127/><T33/><D125/><U38/><E34/><V86/><F32/><W113/><G113/><T115/><D115/><U40/><E21/><V72/><F124/><W89/><G89/><T49/><D33/><U132/><E85/><V112/><F86/><W73/><G73/><T64/><D74/><U26/><E30/><V66/><F72/><W121/><G121/><T46/><D46/><U68/><E26/><V103/><F112/><W104/><G104/><T18/><D135/><U50/><E132/><V100/><F133/><W91/><G91/><T126/><D134/><U75/><E75/><V82/><F114/><W59/><G59/><T87/><D56/><U60/><E71/><V88/><F103/><W27/><G27/><T63/><D87/><U102/><E68/><V128/><F100/><W97/><G97/><T25/><D98/><U24/><E24/><V35/><F35/><W107/><G107/><T10/><D25/><U5/><E102/><V7/><F99/><W12/><G12/><T41/><D126/><U84/><E84/><N who="2" m="48199" /><F88/><W54/><AGARI ba="1,2" hai="1,2,3,53,54,55,61,67,70,77,79,80,81,83" machi="54" ten="40,8000,1" yaku="1,1,0,1,29,2,52,1,53,0" doraHai="58" doraHaiUra="117" who="3" fromWho="3" sc="300,-21,292,-41,220,-21,168,103" /><INIT seed="2,0,0,0,4,112" ten="279,251,199,271" oya="2" hai0="75,20,116,66,46,53,73,102,45,94,23,49,107" hai1="128,93,16,123,89,48,65,120,42,7,3,69,40" hai2="132,5,43,29,39,67,58,0,90,129,64,113,99" hai3="111,70,110,97,34,19,119,63,28,92,24,32,83"/><V35/><F113/><W47/><G34/><T12/><D107/><U115/><E115/><V96/><F129/><W85/><G19/><N who="0" m="10343" /><D75/><U98/><E128/><V72/><F72/><W126/><G126/><T36/><D73/><U91/><E91/><V31/><F132/><W55/><G70/><T13/><D36/><U11/><E48/><V133/><F133/><W71/><G71/><T21/><D66/><N who="2" m="25130" /><F0/><W33/><G119/><T101/><D116/><U105/><E105/><V59/><F35/><W78/><G32/><T9/><D45/><U77/><E77/><V38/><F5/><W114/><G114/><T125/><D125/><U57/><E69/><V37/><F90/><W41/><G63/><T52/><D53/><U82/><E82/><V95/><F95/><W80/><G55/><T117/><D117/><U30/><E30/><N who="2" m="11275" /><F43/><W26/><G83/><T17/><D94/><U27/><E65/><V81/><F81/><W103/><REACH who="3" step="1"/><G26/><REACH who="3" ten="279,251,199,261" step="2"/><N who="0" m="14639" /><D23/><N who="1" m="13799" /><E57/><AGARI ba="0,1" hai="37,38,39,57,58,59,96,99" m="11275,25130" machi="57" ten="40,3900,0" yaku="28,2" doraHai="112" who="2" fromWho="1" sc="279,0,251,-39,199,49,261,0" /><INIT seed="2,1,0,5,5,69" ten="279,212,248,261" oya="2" hai0="43,118,112,56,27,116,124,74,123,45,61,83,22" hai1="91,39,88,37,132,59,65,54,55,95,90,60,13" hai2="120,31,82,111,78,108,77,103,6,2,19,121,106" hai3="80,52,38,104,30,46,5,97,122,63,3,48,84"/><V0/><F19/><W51/><G122/><T11/><D123/><N who="2" m="47178" /><F77/><W79/><G30/><T105/><D112/><U28/><E132/><V18/><F18/><W113/><G113/><T107/><D124/><U75/><E75/><N who="2" m="43359" /><F31/><W128/><G128/><T96/><D11/><U42/><E42/><V125/><F125/><W76/><G76/><N who="0" m="44439" /><D96/><U131/><E131/><V87/><F87/><W25/><G25/><T62/><D22/><U109/><E109/><N who="2" m="42059" /><F6/><W49/><G84/><T34/><D27/><U133/><E133/><V71/><F71/><W68/><G68/><T53/><D34/><U14/><E95/><V4/><F4/><W66/><G5/><T47/><D107/><U129/><E28/><V41/><F41/><W57/><G104/><T130/><D105/><U85/><E85/><V101/><F101/><W9/><G79/><T72/><D72/><U102/><E102/><V35/><F35/><W10/><G97/><AGARI ba="1,0" hai="0,2,97,103,106" m="42059,43359,47178" machi="97" ten="30,5800,0" yaku="14,1,10,1,23,1" doraHai="69" who="2" fromWho="3" sc="279,0,212,0,248,61,261,-61" /><INIT seed="2,2,0,0,3,28" ten="279,212,309,200" oya="2" hai0="25,12,4,124,109,105,84,113,130,55,85,33,56" hai1="120,118,112,16,128,60,35,37,46,31,134,123,29" hai2="96,114,106,81,10,69,64,102,82,63,93,54,0" hai3="57,70,73,42,40,17,127,65,27,108,100,14,9"/><V41/><F114/><W1/><G73/><T87/><D113/><U129/><E112/><V21/><F41/><W71/><G127/><T115/><D115/><U132/><E60/><V88/><F54/><W38/><G1/><T91/><D105/><U59/><E59/><V97/><REACH who="2" step="1"/><F21/><REACH who="2" ten="279,212,299,200" step="2"/><W45/><G42/><T98/><D55/><U11/><E46/><V3/><F3/><W20/><G40/><T39/><D124/><U110/><E37/><V23/><F23/><W15/><G20/><T6/><D39/><U89/><E118/><V107/><F107/><W117/><G45/><T61/><D6/><AGARI ba="2,1" hai="0,6,10,63,64,69,81,82,88,93,96,97,102,106" machi="6" ten="40,7700,0" yaku="1,1,54,1,53,1" doraHai="28" doraHaiUra="7" who="2" fromWho="0" sc="279,-83,212,0,299,93,200,0" /><INIT seed="2,3,0,4,5,23" ten="196,212,392,200" oya="2" hai0="88,79,28,100,122,36,112,83,102,105,6,132,87" hai1="12,75,57,20,120,54,56,16,32,85,53,95,92" hai2="2,96,21,4,17,91,39,8,34,22,76,89,52" hai3="131,37,103,72,134,129,9,101,82,124,29,46,66"/><V0/><F39/><W64/><G124/><T47/><D122/><U3/><E75/><V51/><F34/><W61/><G134/><T130/><D112/><U97/><E3/><V25/><F0/><W35/><G9/><T62/><D132/><U70/><E70/><V126/><F126/><W121/><G121/><T26/><D105/><U15/><E32/><V18/><F76/><W50/><G37/><T115/><D115/><U125/><E120/><V80/><F80/><W44/><G44/><T116/><D130/><N who="3" m="49673" /><G72/><T128/><D128/><U71/><E71/><V67/><F67/><N who="3" m="25643" /><G61/><T31/><D62/><U48/><E125/><V40/><F96/><W38/><G38/><T24/><D6/><U43/><E43/><V49/><F49/><W118/><G82/><T10/><D10/><U81/><E12/><N who="2" m="5127" /><F40/><N who="3" m="24903" /><G118/><T7/><D7/><U104/><E104/><V98/><F98/><W114/><G114/><T93/><D47/><U106/><E106/><V117/><F117/><W58/><G58/><T77/><D36/><U99/><E99/><V5/><F5/><W109/><G109/><T78/><D83/><U63/><REACH who="1" step="1"/><E97/><REACH who="1" ten="196,202,392,200" step="2"/><V33/><F33/><W60/><G60/><T84/><D116/><U41/><E41/><V107/><BYE who="1" /><F107/><UN n1="%E4%B8%8B%E6%AE%B5%E3%83%81%E3%82%A7%E3%83%AA%E3%83%BC" /><W42/><G42/><T59/><D87/><U13/><E13/><N who="2" m="9391" /><F2/><W108/><G108/><T94/><D84/><U1/><E1/><V111/><F111/><W113/><G113/><T27/><D79/><AGARI ba="3,1" hai="15,16,20,48,53,54,56,57,63,79,81,85,92,95" machi="79" ten="30,8000,1" yaku="1,1,7,1,8,1,54,1,53,1" doraHai="23" doraHaiUra="74" who="1" fromWho="0" sc="196,-89,202,99,392,0,200,0" /><INIT seed="3,0,0,3,1,68" ten="107,301,392,200" oya="3" hai0="98,97,26,34,80,27,2,4,35,60,39,122,3" hai1="78,23,101,11,40,111,18,87,47,83,99,82,93" hai2="51,115,10,89,103,20,94,71,25,90,44,130,110" hai3="22,63,102,132,73,125,16,64,7,0,81,88,129"/><W75/><G102/><T9/><D122/><U13/><E111/><V50/><F115/><W135/><G0/><T41/><D60/><U53/><E83/><V38/><F38/><W1/><G1/><T21/><D80/><U96/><E96/><N who="2" m="59799" /><F71/><W123/><G123/><T42/><D21/><U91/><E53/><N who="2" m="29895" /><F110/><W14/><G7/><T70/><D70/><U8/><REACH who="1" step="1"/><E101/><REACH who="1" ten="107,291,392,200" step="2"/><V133/><F130/><W127/><G129/><T118/><D118/><U28/><E28/><N who="2" m="17447" /><F133/><N who="3" m="51275" /><G81/><T29/><D29/><U46/><E46/><V121/><F121/><W117/><G117/><T100/><D100/><U57/><E57/><V131/><F131/><W6/><G6/><T134/><D134/><U49/><AGARI ba="0,1" hai="8,11,13,18,23,40,47,49,78,82,87,91,93,99" machi="49" ten="20,5200,0" yaku="1,1,0,1,7,1,8,1,53,0" doraHai="68" doraHaiUra="107" who="1" fromWho="1" sc="107,-13,291,62,392,-13,200,-26" owari="94,-40.6,353,15.3,379,47.9,174,-22.6" /></mjloggm>