<mjloggm ver="2.3"><GO type="225" lobby="0"/><UN n0="%E6%A1%9C%E8%8A%B1%E9%96%83%E3%80%85" n1="%43%68%65" n2="%47%65%6E" n3="%E3%83%A9%E3%82%A4%E3%83%B3%E3%81%AE%E8%99%8E" dan="16,16,16,16" rate="2103.94,2222.59,2116.50,2135.10" sx="M,M,M,M"/><TAIKYOKU oya="0"/><INIT seed="0,0,0,4,4,27" ten="250,250,250,250" oya="0" hai0="36,113,1,3,35,23,28,97,122,91,109,2,112" hai1="108,126,26,90,119,135,44,74,127,76,57,100,58" hai2="9,133,38,128,51,101,65,56,116,134,49,42,94" hai3="111,124,129,131,24,105,31,22,104,99,40,17,89"/><T41/><D91/><U72/><E119/><V67/><F116/><W64/><G111/><T53/><D53/><U29/><E108/><V120/><F120/><W68/><G40/><T130/><D109/><U117/><E117/><V106/><F106/><W107/><G124/><N who="1" m="47658" /><E135/><N who="2" m="51723" /><F9/><W19/><G64/><N who="2" m="24649" /><F101/><W63/><G63/><T48/><D48/><N who="2" m="18506" /><F94/><N who="3" m="56783" /><G68/><T78/><D122/><U88/><E44/><N who="2" m="23639" /><F128/><AGARI ba="0,0" hai="17,19,22,24,31,104,105,107,128,129,131" m="56783" machi="128" ten="40,2600,0" yaku="19,1,52,1" doraHai="27" who="3" fromWho="2" sc="250,0,250,0,250,-26,250,26" /><INIT seed="1,0,0,0,4,26" ten="250,250,224,276" oya="1" hai0="59,23,98,7,20,78,90,108,81,68,5,109,44" hai1="97,85,34,134,116,71,8,91,11,122,88,118,135" hai2="61,19,102,28,51,56,21,17,127,58,35,18,84" hai3="47,106,105,128,63,67,40,125,89,29,74,83,55"/><U41/><E71/><V66/><F127/><W115/><G115/><T95/><D68/><U45/><E34/><V62/><F102/><W117/><G125/><T1/><D44/><U99/><E45/><V80/><F51/><W131/><G55/><T60/><D1/><U103/><E103/><V49/><F49/><W52/><G117/><T13/><D7/><U120/><REACH who="1" step="1"/><E85/><REACH who="1" ten="250,240,224,276" step="2"/><V129/><F35/><W123/><G47/><T107/><D109/><U54/><E54/><V121/><F121/><W69/><G52/><T2/><D108/><U79/><E79/><V130/><F129/><W113/><G123/><T16/><D78/><U126/><E126/><V133/><F130/><W22/><G128/><T86/><D86/><U132/><E132/><V100/><F133/><W104/><G131/><T76/><D76/><U39/><E39/><V110/><F100/><W6/><G69/><T70/><D70/><U32/><E32/><V31/><F110/><W87/><G87/><T25/><D90/><U48/><E48/><V15/><F62/><W96/><G63/><T36/><D36/><U38/><E38/><V93/><F58/><W12/><G89/><T65/><D59/><U112/><E112/><V92/><F84/><W94/><G113/><T27/><D60/><U30/><E30/><N who="2" m="11307" /><F80/><W72/><G83/><T73/><D81/><U10/><E10/><V75/><F75/><W57/><G74/><T101/><D73/><U77/><E77/><V114/><F114/><W82/><G82/><T124/><D124/><U33/><E33/><V9/><F21/><W43/><G72/><RYUUKYOKU ba="0,1" sc="250,-15,240,15,224,15,276,-15" hai1="8,11,41,88,91,97,99,116,118,120,122,134,135" hai2="9,15,17,18,19,56,61,66,92,93" /><INIT seed="1,1,1,4,0,50" ten="235,255,239,261" oya="1" hai0="77,26,134,13,57,56,65,66,55,114,79,7,104" hai1="91,35,8,40,87,48,111,122,70,19,119,124,30" hai2="120,100,10,135,110,4,28,96,22,107,89,59,12" hai3="44,27,61,116,106,102,84,25,6,108,128,113,88"/><U53/><E119/><V105/><F120/><W93/><G113/><T95/><D114/><U125/><E122/><V98/><F135/><W101/><G116/><T9/><D104/><U132/><E70/><V126/><F126/><N who="1" m="48745" /><E132/><V97/><F110/><W90/><G108/><T71/><D134/><U3/><E111/><V36/><F36/><W41/><G128/><T11/><D71/><U14/><E3/><V24/><F105/><W86/><G6/><T51/><D26/><N who="1" m="18903" /><E40/><V74/><F74/><W81/><G61/><N who="0" m="38063" /><D66/><U58/><E87/><V60/><REACH who="2" step="1"/><F89/><AGARI ba="1,1" hai="8,14,19,48,53,58,89,91" m="18903,48745" machi="89" ten="30,2900,0" yaku="18,1,52,1" doraHai="50" who="1" fromWho="2" sc="235,0,255,42,239,-32,261,0" /><INIT seed="1,2,0,4,4,133" ten="235,297,207,261" oya="1" hai0="18,9,134,65,79,2,49,122,56,17,80,52,55" hai1="4,33,82,71,22,87,135,112,64,58,10,60,43" hai2="127,1,99,25,90,69,36,92,59,35,88,131,130" hai3="86,0,119,89,120,107,51,27,28,68,16,6,61"/><U11/><E33/><V44/><F69/><W14/><G120/><T15/><D134/><U91/><E135/><V113/><F1/><W77/><G107/><T126/><D122/><U32/><E32/><V96/><F113/><W94/><G119/><T23/><D126/><U81/><E112/><V104/><F59/><W42/><G77/><T93/><D2/><U30/><E43/><V73/><F73/><W12/><G0/><T45/><D65/><U54/><E82/><V29/><F44/><N who="3" m="26007" /><G68/><T31/><D31/><U110/><E110/><V95/><F36/><W20/><G6/><T3/><D93/><U111/><E111/><V114/><F114/><W48/><G61/><T53/><D56/><U118/><E118/><V83/><F83/><W102/><G102/><T38/><D38/><U19/><E4/><V39/><F39/><W47/><G28/><T101/><D101/><U72/><E72/><V66/><F66/><W103/><G103/><T117/><D117/><U121/><E30/><V21/><F104/><W124/><G124/><T78/><D3/><U74/><E74/><V62/><F62/><W37/><G37/><T132/><D132/><U8/><E121/><V46/><F46/><W100/><G100/><T106/><D106/><U7/><E7/><V97/><F97/><W109/><G109/><T50/><D50/><U40/><E40/><AGARI ba="2,0" hai="12,14,16,20,27,40,47,48,86,89,94" m="26007" machi="40" ten="30,2000,0" yaku="8,1,54,1" doraHai="133" who="3" fromWho="1" sc="235,0,297,-26,207,0,261,26" /><INIT seed="2,0,0,1,3,71" ten="235,271,207,287" oya="2" hai0="45,134,67,87,89,32,122,96,11,62,9,42,55" hai1="101,93,88,26,66,38,123,104,98,52,43,79,82" hai2="133,117,121,56,29,21,33,120,54,94,91,125,65" hai3="75,68,72,113,73,110,100,25,24,30,58,130,15"/><V40/><F117/><W10/><G68/><T102/><D32/><U84/><E123/><V46/><F33/><W57/><G110/><T105/><D122/><U4/><E66/><V50/><F65/><W19/><G130/><T59/><D134/><U8/><E26/><V18/><F133/><W115/><G100/><T7/><D67/><U99/><E52/><V108/><F108/><W124/><G124/><T111/><D111/><U106/><E106/><V48/><F125/><W80/><G80/><T41/><D7/><U20/><E20/><V5/><F5/><W1/><G1/><T83/><REACH who="0" step="1"/><D42/><REACH who="0" ten="225,271,207,287" step="2"/><U97/><E43/><V90/><F29/><W64/><G64/><T13/><D13/><U128/><E128/><V92/><F120/><W47/><G25/><T85/><D85/><U119/><E119/><V17/><F121/><W78/><G24/><T0/><D0/><U126/><E126/><V35/><F35/><W132/><G30/><T36/><AGARI ba="0,1" hai="9,11,36,41,45,55,59,62,83,87,89,96,102,105" machi="36" ten="20,5200,0" yaku="1,1,0,1,7,1,52,1,53,0" doraHai="71" doraHaiUra="3" who="0" fromWho="0" sc="225,62,271,-13,207,-26,287,-13" /><INIT seed="3,0,0,1,0,44" ten="287,258,181,274" oya="3" hai0="2,83,99,127,59,116,115,36,106,117,110,67,134" hai1="15,11,35,9,78,1,82,103,75,66,131,76,96" hai2="14,60,72,68,43,28,128,0,132,114,97,57,45" hai3="33,54,6,42,125,126,37,87,8,95,30,19,94"/><W93/><G19/><T20/><D20/><U89/><E35/><V80/><F114/><W49/><G42/><T46/><D83/><U34/><E34/><V124/><F68/><W71/><G37/><T39/><D2/><U69/><E131/><V47/><F28/><W98/><G71/><T27/><D27/><U74/><E1/><V41/><F128/><W85/><G98/><T129/><D110/><U105/><E89/><V130/><F130/><W61/><G61/><N who="0" m="38335" /><D129/><U64/><E69/><V13/><F0/><N who="3" m="71" /><G30/><T81/><D36/><U84/><E11/><V100/><F124/><N who="3" m="47723" /><G33/><T123/><D39/><U120/><E120/><V40/><F132/><W91/><G87/><T119/><D123/><U12/><E84/><V52/><F72/><W63/><G63/><T122/><D122/><U101/><E101/><V7/><F7/><W90/><G90/><T4/><D4/><U70/><E70/><V50/><F80/><W62/><G62/><T32/><D32/><U102/><E82/><V24/><F24/><W23/><G23/><T10/><D127/><U17/><E12/><N who="2" m="4715" /><F60/><W118/><G118/><T135/><D81/><U25/><E25/><V38/><F38/><W48/><G48/><T121/><D121/><U77/><REACH who="1" step="1"/><E103/><REACH who="1" ten="287,248,181,274" step="2"/><V53/><F100/><W113/><G113/><T92/><D115/><U22/><E22/><V86/><F86/><W31/><G31/><T29/><D29/><U88/><E88/><V21/><F21/><W56/><AGARI ba="0,1" hai="49,54,56,85,91,93,94,95" m="47723,71" machi="56" ten="30,3000,0" yaku="18,1,52,1" doraHai="44" who="3" fromWho="3" sc="287,-10,248,-10,181,-10,274,40" owari="277,7.7,238,-16.2,171,-32.9,314,41.4" /></mjloggm>