<mjloggm ver="2.3"><GO type="225" lobby="0"/><UN n0="%E6%9D%B1%E9%A2%A8%E3%81%AE%E3%81%8D%E3%82%83%E3%81%B7%E3%81%95%E3%82%93" n1="%70%68%65%6E%6F%6D%65" n2="%E3%81%95%E3%81%8D%E3%81%9F%E3%81%BE%E6%9E%97%E6%AA%8E" n3="%72%61%6B%33" dan="16,16,16,16" rate="2135.19,2164.74,2116.32,2136.12" sx="M,M,M,M"/><TAIKYOKU oya="0"/><INIT seed="0,0,0,3,4,60" ten="250,250,250,250" oya="0" hai0="109,76,53,130,42,103,82,73,8,94,111,69,134" hai1="99,75,33,30,27,131,132,4,107,102,48,101,54" hai2="62,43,58,52,47,55,2,9,104,7,10,105,95" hai3="17,6,31,5,79,128,91,26,97,12,14,78,29"/><T116/><D116/><U72/><E131/><V87/><F55/><W61/><G128/><T38/><D69/><U123/><E123/><V41/><F41/><W39/><G39/><T96/><D130/><U21/><E132/><V34/><F34/><W23/><G61/><T119/><D119/><U19/><E101/><V125/><F125/><W57/><G97/><T124/><D124/><U44/><REACH who="1" step="1"/><E4/><REACH who="1" ten="250,240,250,250" step="2"/><V67/><F105/><W81/><G5/><T35/><D134/><U121/><E121/><V25/><F104/><W88/><G6/><T15/><D35/><U18/><E18/><V28/><F7/><W49/><G17/><T126/><D126/><U20/><E20/><N who="2" m="15399" /><F2/><W59/><G23/><T86/><D8/><U40/><E40/><V112/><F43/><W16/><G16/><T84/><D15/><AGARI ba="0,1" hai="15,19,21,27,30,33,44,48,54,72,75,99,102,107" machi="15" ten="30,2000,0" yaku="1,1,7,1,53,0" doraHai="60" doraHaiUra="32" who="1" fromWho="0" sc="250,-20,240,30,250,0,250,0" /><INIT seed="1,0,0,3,1,119" ten="230,270,250,250" oya="1" hai0="114,107,133,27,130,116,113,70,121,14,13,15,110" hai1="128,35,99,115,135,0,71,132,19,124,12,68,85" hai2="9,90,134,129,55,111,131,1,47,40,92,78,6" hai3="81,38,95,91,59,5,52,44,53,104,48,118,65"/><U51/><E0/><V127/><F111/><W23/><G104/><T100/><D116/><U103/><E115/><V4/><F127/><W62/><G118/><T17/><D70/><U10/><E128/><V87/><F134/><N who="1" m="51241" /><E124/><V102/><F6/><W43/><G5/><T28/><D100/><U76/><E35/><V66/><F66/><W30/><G81/><T75/><D75/><U18/><E51/><V36/><F55/><W106/><G106/><T109/><D107/><N who="1" m="63999" /><E19/><V42/><F42/><W112/><G112/><N who="0" m="43115" /><D133/><U86/><E76/><V120/><F120/><W39/><G39/><T82/><D82/><U74/><E74/><V58/><F58/><W83/><G83/><T29/><D130/><N who="2" m="49674" /><F102/><W94/><G94/><T22/><D121/><U97/><E97/><V88/><F90/><W7/><G7/><T77/><D77/><AGARI ba="0,0" hai="1,4,9,36,40,47,77,78,87,88,92" m="49674" machi="77" ten="30,2000,0" yaku="19,1,54,1" doraHai="119" who="2" fromWho="0" sc="230,-20,270,0,250,20,250,0" /><INIT seed="2,0,0,1,4,121" ten="210,270,270,250" oya="2" hai0="38,53,135,61,103,7,65,35,112,134,111,41,64" hai1="39,93,34,122,71,47,1,42,123,75,100,11,19" hai2="109,87,36,114,51,54,50,0,99,40,84,104,26" hai3="89,12,110,102,130,2,55,28,13,126,101,45,56"/><V46/><F114/><W66/><G2/><T49/><D103/><U76/><E71/><V132/><F132/><N who="0" m="50730" /><D7/><N who="1" m="1519" /><E19/><V97/><F0/><W15/><G126/><T94/><D94/><U59/><E59/><V88/><F36/><W58/><G130/><T68/><D35/><U31/><E93/><V131/><F131/><W91/><G28/><T70/><D112/><U117/><E100/><V85/><F104/><W4/><G4/><T98/><D98/><N who="2" m="37386" /><F109/><W83/><G110/><T108/><D65/><U82/><E117/><V127/><F26/><AGARI ba="0,0" hai="26,31,34,39,42,47,75,76,82,122,123" m="1519" machi="26" ten="30,2000,0" yaku="25,1,23,1" doraHai="121" who="1" fromWho="2" sc="210,0,270,20,270,-20,250,0" /><INIT seed="3,0,0,4,5,133" ten="210,290,250,250" oya="3" hai0="128,110,114,61,50,77,117,95,57,79,20,67,69" hai1="65,74,64,68,3,42,89,18,17,44,24,48,120" hai2="59,81,52,127,30,109,31,101,46,116,49,54,34" hai3="36,7,45,85,15,75,94,125,26,9,41,102,43"/><W104/><G125/><T5/><D117/><U115/><E120/><V39/><F116/><W122/><G122/><T13/><D114/><U123/><E123/><V6/><F101/><W134/><G134/><T51/><D128/><U83/><E115/><V126/><F109/><W16/><G75/><T106/><D106/><U86/><E3/><V60/><F34/><W66/><G41/><T100/><D110/><U112/><E112/><V55/><F39/><W82/><G66/><N who="1" m="25706" /><E74/><V21/><F6/><W0/><G104/><T113/><D113/><U111/><E68/><V19/><F55/><W62/><G62/><T93/><D69/><U56/><E111/><V33/><F81/><W11/><G26/><T118/><D118/><U4/><E4/><V1/><F1/><W10/><G10/><N who="0" m="4303" /><D20/><N who="1" m="13327" /><E18/><V28/><REACH who="2" step="1"/><F33/><REACH who="2" ten="210,290,240,250" step="2"/><W2/><G2/><T47/><D100/><U53/><E42/><V84/><F84/><W32/><G32/><T35/><D35/><U38/><E38/><V76/><F76/><N who="0" m="29258" /><D50/><U119/><E119/><V131/><F131/><W8/><G0/><T58/><D58/><AGARI ba="0,1" hai="44,48,53,56,58,83,86,89" m="13327,25706" machi="58" ten="30,1000,0" yaku="8,1" doraHai="133" who="1" fromWho="0" sc="210,-10,290,20,240,0,250,0" owari="200,-30.0,310,41.0,240,-16.0,250,5.0" /></mjloggm>