<mjloggm ver="2.3"><GO type="225" lobby="0"/><UN n0="%E3%83%96%E3%83%83%E3%83%91%E3%82%AA%E3%83%96%E3%83%81%E3%82%AD%E3%83%B3" n1="%E8%81%B7%E6%A5%AD%E3%80%81%E9%A2%A8%32" n2="%E3%82%BC%E3%83%AB%E3%83%80%E3%81%AE%E4%BC%9D%E8%AA%AC" n3="%E6%B4%BE%E9%81%A3%E3%81%AE%E3%82%B8%E3%83%A3%E3%83%83%E3%82%AF" dan="16,16,17,17" rate="2197.04,2158.12,2151.74,2161.38" sx="M,M,M,M"/><TAIKYOKU oya="0"/><INIT seed="0,0,0,4,0,48" ten="250,250,250,250" oya="0" hai0="44,10,100,63,40,58,12,109,84,112,34,107,69" hai1="116,53,87,33,49,50,70,15,22,20,114,74,59" hai2="93,17,31,108,66,90,94,68,105,96,77,122,119" hai3="129,121,45,39,79,130,57,80,117,124,41,75,128"/><T26/><D112/><U28/><E70/><V25/><F122/><W51/><G117/><T131/><D131/><U43/><E74/><V18/><F119/><W81/><G124/><T62/><D69/><U111/><E111/><V60/><F108/><W6/><G6/><T8/><D109/><U88/><E116/><V125/><F125/><W32/><G32/><T126/><D126/><U0/><E0/><V115/><F115/><W91/><G121/><T101/><D107/><U76/><E76/><V11/><F105/><W2/><G2/><T30/><D84/><U21/><E114/><V120/><F120/><W86/><REACH who="3" step="1"/><G57/><REACH who="3" ten="250,250,250,240" step="2"/><T16/><D10/><U7/><E33/><V46/><F11/><W103/><G103/><T78/><D78/><U19/><E7/><V98/><F77/><W133/><G133/><T102/><REACH who="0" step="1"/><D58/><REACH who="0" ten="240,250,250,240" step="2"/><U67/><E59/><V135/><F135/><W56/><G56/><T27/><D27/><U29/><E87/><V5/><F25/><W42/><G42/><T55/><D55/><U89/><E53/><V37/><F68/><W110/><G110/><T3/><D3/><U4/><E43/><V71/><F71/><W95/><G95/><T85/><D85/><U64/><E64/><V132/><F66/><W118/><G118/><T83/><D83/><U54/><E54/><V14/><F132/><W127/><G127/><T92/><D92/><U134/><E67/><V72/><F93/><W52/><G52/><T23/><D23/><U61/><E134/><V24/><F24/><W123/><G123/><T36/><AGARI ba="0,2" hai="8,12,16,26,30,34,36,40,44,62,63,100,101,102" machi="36" ten="30,11700,0" yaku="1,1,0,1,54,1,53,1" doraHai="48" doraHaiUra="13" who="0" fromWho="0" sc="240,137,250,-39,250,-39,240,-39" /><INIT seed="0,1,0,2,1,33" ten="377,211,211,201" oya="0" hai0="17,130,129,52,96,103,109,23,112,61,53,115,113" hai1="16,102,55,90,7,93,104,87,84,41,68,133,110" hai2="45,9,131,35,3,108,79,82,92,8,62,5,76" hai3="47,111,105,72,32,86,74,15,12,49,58,60,39"/><T67/><D109/><U69/><E110/><V44/><F108/><W124/><G111/><RYUUKYOKU type="kaze4" ba="1,0" sc="377,0,211,0,211,0,201,0" /><INIT seed="0,2,0,0,1,98" ten="377,211,211,201" oya="0" hai0="72,115,58,85,28,106,126,125,129,90,78,87,50" hai1="56,54,67,132,51,33,95,0,26,32,122,112,6" hai2="1,57,130,68,88,5,16,44,124,14,53,69,121" hai3="74,20,13,110,52,41,114,21,31,104,60,27,101"/><T39/><D39/><U99/><E122/><V34/><F121/><W105/><G74/><T134/><D28/><U7/><E132/><V84/><F34/><W123/><G114/><T61/><D115/><U82/><E112/><V96/><F124/><N who="0" m="47722" /><D134/><U62/><E82/><V24/><F130/><W45/><G123/><T81/><D129/><U2/><E33/><V10/><F24/><W86/><G110/><T42/><D106/><U80/><E80/><V29/><F29/><W131/><G86/><T11/><D11/><U47/><E26/><V133/><F96/><W116/><G116/><T22/><D22/><U107/><E107/><V46/><F68/><W59/><G131/><T119/><D119/><U109/><E109/><V40/><F69/><W111/><G111/><T64/><D90/><U118/><E32/><V102/><F40/><W49/><REACH who="3" step="1"/><G101/><REACH who="3" ten="377,211,211,191" step="2"/><T73/><D73/><U108/><E108/><V83/><F102/><W89/><G89/><T71/><D71/><U91/><REACH who="1" step="1"/><E118/><REACH who="1" ten="377,201,211,191" step="2"/><V66/><F133/><W135/><G135/><T4/><D72/><U38/><E38/><V55/><F83/><W3/><G3/><AGARI ba="2,2" hai="0,2,3,6,7,47,51,54,56,62,67,91,95,99" machi="3" ten="40,1300,0" yaku="1,1,53,0" doraHai="98" doraHaiUra="18" who="1" fromWho="3" sc="377,0,201,39,211,0,191,-19" /><INIT seed="1,0,0,5,2,78" ten="377,240,211,172" oya="1" hai0="75,37,118,45,62,116,12,42,47,14,44,48,110" hai1="9,117,113,34,52,91,38,22,111,94,28,8,61" hai2="60,92,65,121,77,135,26,21,125,24,11,10,129" hai3="66,123,23,76,131,69,20,105,33,46,82,35,100"/><U55/><E113/><V130/><F121/><W103/><G123/><T95/><D75/><U27/><E117/><V54/><F125/><W49/><G131/><N who="2" m="50185" /><F135/><W50/><G69/><T32/><D32/><U81/><E38/><V124/><F124/><W41/><G66/><T109/><D95/><U68/><E111/><N who="0" m="42505" /><D62/><U67/><E34/><V98/><F54/><W2/><G2/><T39/><D47/><U59/><E55/><V132/><F77/><W71/><G71/><T126/><D126/><U74/><E74/><V64/><F132/><W84/><G35/><T134/><D134/><U97/><REACH who="1" step="1"/><E81/><REACH who="1" ten="377,230,211,172" step="2"/><V0/><F64/><W112/><G112/><T101/><D39/><U133/><E133/><V90/><F0/><W127/><G127/><T51/><D37/><U19/><E19/><N who="2" m="12351" /><F26/><W96/><G33/><T57/><D118/><U83/><E83/><V17/><F17/><W1/><G1/><T36/><D116/><U43/><E43/><V88/><F90/><W58/><G100/><T107/><D36/><U40/><E40/><V89/><F89/><W7/><G7/><T102/><D42/><U5/><E5/><V87/><F98/><W128/><G128/><T99/><D99/><U122/><E122/><V18/><F18/><W15/><G15/><T79/><D14/><U16/><E16/><V31/><F31/><W13/><G13/><T63/><D12/><U85/><E85/><V80/><F80/><W120/><G120/><T114/><D114/><U106/><E106/><V30/><F30/><W29/><G29/><T104/><D104/><U70/><E70/><AGARI ba="0,1" hai="10,11,60,65,70,87,88,92" m="12351,50185" machi="70" ten="30,3900,0" yaku="6,1,19,1,54,1" doraHai="78" who="2" fromWho="1" sc="377,0,230,-39,211,49,172,0" /><INIT seed="2,0,0,5,3,91" ten="377,191,260,172" oya="2" hai0="102,116,6,79,2,18,86,87,76,33,13,110,75" hai1="93,69,90,11,73,19,23,44,126,25,118,100,43" hai2="131,50,127,35,63,30,71,32,99,57,46,101,122" hai3="0,1,7,92,98,64,59,112,114,125,22,41,128"/><V83/><F122/><W123/><G123/><T45/><D33/><U88/><E118/><V52/><F127/><W40/><G125/><T3/><D116/><U95/><E126/><V68/><F131/><W77/><G77/><T103/><D110/><U82/><E69/><V21/><F71/><W49/><G128/><T108/><D108/><U119/><E119/><V51/><F68/><W89/><G22/><T8/><D45/><U5/><E100/><N who="0" m="38441" /><D3/><N who="3" m="1097" /><G7/><T78/><D2/><N who="1" m="439" /><E88/><V72/><F72/><W27/><G27/><T47/><D75/><U58/><E58/><V106/><F83/><W121/><G121/><T29/><D29/><U70/><E90/><V104/><F104/><W94/><G64/><T105/><D105/><U10/><E10/><V31/><F51/><W16/><G16/><T84/><D47/><U61/><E61/><V15/><F31/><W111/><G111/><T14/><D14/><U120/><E70/><V66/><REACH who="2" step="1"/><F15/><REACH who="2" ten="377,191,250,172" step="2"/><W129/><G129/><T62/><D62/><U107/><E107/><V20/><F20/><W97/><G49/><T28/><D28/><U124/><E124/><V132/><F132/><W53/><G112/><T37/><D37/><N who="1" m="21615" /><E120/><V109/><F109/><W96/><G114/><T17/><AGARI ba="0,1" hai="6,8,13,17,18,76,78,79,84,86,87" m="38441" machi="17" ten="40,1500,0" yaku="8,1" doraHai="91" who="0" fromWho="0" sc="377,25,191,-4,250,-7,172,-4" /><INIT seed="3,0,0,3,2,0" ten="402,187,243,168" oya="3" hai0="128,109,97,20,122,105,73,5,18,50,23,8,63" hai1="53,127,21,108,74,106,130,22,56,44,42,25,65" hai2="118,52,125,58,38,111,80,37,96,117,134,110,59" hai3="68,86,14,72,104,116,98,54,27,6,120,133,124"/><W55/><G120/><T83/><D122/><U101/><E108/><N who="2" m="41515" /><F125/><W81/><G116/><N who="2" m="44649" /><F134/><W71/><G72/><T26/><D128/><U93/><E74/><V112/><F112/><W123/><G123/><T48/><D109/><U113/><E130/><V114/><F114/><W102/><G124/><T100/><D63/><N who="1" m="38119" /><E106/><V30/><F30/><W49/><G133/><T41/><D41/><U77/><E113/><V32/><F32/><W129/><G129/><T60/><D60/><U67/><E127/><V3/><F3/><W135/><G135/><T47/><D23/><U57/><E77/><V17/><F17/><W12/><G27/><T13/><D47/><U10/><E10/><V64/><F64/><W51/><G51/><T11/><D11/><U39/><E25/><V88/><F59/><W1/><G1/><T85/><D73/><U107/><E67/><V46/><F46/><W29/><G29/><T24/><D24/><U69/><E69/><V45/><F45/><W94/><G104/><T95/><D105/><U92/><E107/><V115/><F115/><W31/><G31/><T4/><D4/><U16/><E16/><V84/><F96/><W7/><G68/><T132/><D132/><U15/><E57/><V78/><F78/><AGARI ba="0,0" hai="5,8,13,18,20,26,48,50,78,83,85,95,97,100" machi="78" ten="30,3900,0" yaku="7,1,8,1,52,1" doraHai="0" who="0" fromWho="2" sc="402,39,187,0,243,-39,168,0" owari="441,54.1,187,-21.3,204,0.4,168,-33.2" /></mjloggm>