<mjloggm ver="2.3"><GO type="225" lobby="0"/><UN n0="%72%65%6E%6B%75%6E" n1="%E3%83%96%E3%83%83%E3%83%91%E3%82%AA%E3%83%96%E3%83%81%E3%82%AD%E3%83%B3" n2="%E3%81%8B%E3%82%8F%E3%81%A1%E3%82%83%E3%82%93%35%38" n3="%E3%81%95%E3%81%8D%E3%81%9F%E3%81%BE%E6%9E%97%E6%AA%8E" dan="17,17,16,16" rate="2194.02,2193.91,2140.84,2106.22" sx="M,M,M,M"/><TAIKYOKU oya="0"/><INIT seed="0,0,0,1,2,92" ten="250,250,250,250" oya="0" hai0="93,64,94,44,111,113,25,134,51,23,81,48,10" hai1="133,76,104,115,130,15,100,55,69,73,106,38,26" hai2="75,89,17,37,90,14,70,62,22,16,109,8,65" hai3="86,102,80,50,126,95,129,19,121,91,128,120,122"/><T41/><D113/><U82/><E38/><V7/><F109/><W60/><G60/><T72/><D111/><U99/><E115/><V4/><F37/><W27/><G27/><T131/><D131/><N who="3" m="50249" /><G50/><T71/><D134/><U79/><E130/><V40/><F75/><W59/><G59/><T101/><D71/><U5/><E133/><V88/><REACH who="2" step="1"/><F40/><REACH who="2" ten="250,250,240,250" step="2"/><W3/><G126/><T74/><D74/><U67/><E73/><V9/><F9/><W116/><G116/><T125/><D10/><U68/><E68/><V24/><AGARI ba="0,1" hai="4,7,8,14,16,17,22,24,62,65,70,88,89,90" machi="24" ten="30,7900,0" yaku="1,1,0,1,54,2,53,0" doraHai="92" doraHaiUra="28" who="2" fromWho="2" sc="250,-39,250,-20,240,89,250,-20" /><INIT seed="1,0,0,1,2,66" ten="211,230,329,230" oya="1" hai0="100,70,131,50,40,119,14,57,77,39,61,110,23" hai1="107,111,58,84,117,114,109,19,54,123,37,96,28" hai2="27,32,15,34,121,26,24,8,59,7,112,20,43" hai3="56,5,104,49,30,90,115,89,98,2,106,48,130"/><U17/><E114/><V53/><F121/><W86/><G115/><T25/><D119/><U63/><E123/><V71/><F112/><W134/><G30/><T18/><D110/><N who="1" m="41995" /><E117/><V42/><F71/><W68/><G68/><T75/><D131/><U45/><E28/><V126/><F126/><W0/><G130/><T129/><D129/><U46/><E84/><V16/><F34/><W6/><G134/><T118/><D118/><U116/><E116/><V11/><F11/><W65/><G86/><T35/><D100/><N who="1" m="62855" /><E37/><V95/><F95/><W85/><G85/><T9/><D35/><U52/><E54/><V41/><REACH who="2" step="1"/><F32/><REACH who="2" ten="211,230,319,230" step="2"/><W78/><G106/><T36/><D70/><U99/><E99/><V108/><F108/><W128/><G104/><T12/><D9/><U135/><E135/><V69/><F69/><W81/><G128/><T80/><D39/><U94/><E94/><V72/><F72/><W13/><G81/><T124/><D36/><U76/><E76/><V29/><F29/><W87/><G78/><T93/><D93/><U62/><E62/><AGARI ba="0,1" hai="7,8,15,16,20,24,26,27,41,42,43,53,59,62" machi="62" ten="40,5200,0" yaku="1,1,8,1,54,1,53,0" doraHai="66" doraHaiUra="64" who="2" fromWho="1" sc="211,0,230,-52,319,62,230,0" /><INIT seed="2,0,0,2,3,115" ten="211,178,381,230" oya="2" hai0="2,38,9,86,53,111,40,82,110,34,10,77,129" hai1="28,67,92,84,81,12,60,101,88,116,96,120,6" hai2="135,1,41,97,26,112,108,124,123,58,130,8,47" hai3="65,127,33,57,109,80,78,19,24,85,132,118,114"/><V13/><F112/><W134/><G118/><T94/><D34/><U20/><E120/><V15/><F97/><W52/><G114/><T102/><D129/><U72/><E72/><V104/><F58/><W37/><G109/><N who="0" m="41483" /><D2/><U49/><E116/><V55/><F55/><W17/><G127/><T45/><D53/><U75/><E75/><V107/><F47/><W36/><G65/><T83/><D83/><U63/><E67/><V79/><F41/><W64/><G64/><T71/><D71/><U59/><E49/><V95/><F95/><W76/><G76/><T126/><D126/><U23/><E28/><V14/><F79/><W56/><G56/><T44/><D45/><U93/><E81/><V35/><F124/><W106/><G106/><T7/><D7/><U133/><E133/><N who="3" m="51306" /><G33/><T91/><D102/><U50/><E50/><V119/><F35/><W25/><G25/><T22/><D22/><N who="1" m="8235" /><E59/><V29/><F108/><W69/><G69/><T117/><D117/><U105/><E105/><V62/><F135/><W43/><G24/><T11/><D11/><AGARI ba="0,0" hai="6,11,12,60,63,84,88,92,93,96,101" m="8235" machi="11" ten="30,2000,0" yaku="8,1,54,1" doraHai="115" who="1" fromWho="0" sc="211,-20,178,20,381,0,230,0" /><INIT seed="3,0,0,3,3,44" ten="191,198,381,230" oya="3" hai0="45,105,78,8,111,73,27,42,40,1,68,43,16" hai1="99,96,19,55,69,46,60,114,117,53,92,58,132" hai2="10,95,64,47,4,21,26,49,84,104,93,131,24" hai3="119,87,50,56,129,18,31,90,61,125,113,134,5"/><W133/><G113/><T86/><D105/><U101/><E114/><V59/><F104/><W51/><G119/><T130/><D68/><U70/><E117/><V57/><F131/><W33/><G129/><T22/><D130/><U29/><E132/><N who="3" m="50794" /><G125/><T76/><D111/><U6/><E6/><V74/><F74/><W127/><G127/><T121/><D121/><U89/><E29/><V107/><F107/><W72/><G72/><T126/><D126/><U32/><E32/><V25/><F21/><W52/><G18/><T14/><D1/><U118/><E118/><V98/><F84/><W77/><G77/><N who="0" m="29803" /><D86/><N who="1" m="52279" /><E70/><V54/><F64/><W63/><G63/><T67/><D73/><U80/><E69/><V35/><F35/><W48/><G5/><N who="0" m="3343" /><D67/><N who="1" m="39319" /><E80/><V103/><REACH who="2" step="1"/><F95/><REACH who="2" ten="191,198,371,230" step="2"/><N who="3" m="54751" /><G33/><T37/><D37/><U94/><E99/><V11/><F11/><W115/><G115/><T135/><D135/><U85/><E85/><V108/><F108/><W65/><G31/><T39/><D39/><U0/><E94/><V83/><F83/><W79/><G79/><T7/><D7/><U13/><E96/><V15/><AGARI ba="0,1" hai="4,10,15,24,25,26,47,49,54,57,59,93,98,103" machi="15" ten="30,12000,2" yaku="1,1,0,1,8,1,52,1,53,3" doraHai="44" doraHaiUra="20" who="2" fromWho="2" sc="191,-30,198,-30,371,130,230,-60" owari="161,-33.9,168,-23.2,501,60.1,170,-3.0" /></mjloggm>