<mjloggm ver="2.3"><GO type="225" lobby="0"/><UN n0="%E3%83%B4%E3%83%A0%EF%BC%99%E3%81%A6" n1="%79%75%72%69%6D%6F%67" n2="%E3%83%A9%E3%82%A4%E3%83%B3%E3%81%AE%E8%99%8E" n3="%E5%B0%8F%E9%B3%A5%E9%81%8A%E7%B7%B4%E7%84%A1%32%31%E6%AD%B3" dan="16,16,16,16" rate="2174.53,2139.45,2120.70,2197.56" sx="M,F,M,F"/><TAIKYOKU oya="0"/><INIT seed="0,0,0,2,3,83" ten="250,250,250,250" oya="0" hai0="41,91,13,30,98,19,29,132,55,7,25,93,10" hai1="56,16,100,85,75,27,125,118,73,23,50,42,12" hai2="120,22,108,104,82,6,76,32,110,34,39,115,74" hai3="87,4,8,133,45,68,17,46,36,97,86,44,107"/><T31/><D132/><U65/><E118/><V95/><F104/><W66/><G36/><T94/><D41/><U96/><E125/><V5/><F120/><W106/><G17/><T69/><D69/><U18/><E65/><V81/><F39/><W128/><G133/><T80/><D80/><U112/><E112/><V102/><F115/><W131/><G66/><T60/><D93/><U1/><E1/><V20/><F95/><W134/><G68/><T109/><D109/><U38/><E38/><V61/><F61/><W63/><G63/><T37/><D37/><U15/><E15/><V121/><F102/><W35/><G35/><T57/><REACH who="0" step="1"/><D7/><REACH who="0" ten="240,250,250,250" step="2"/><U89/><E42/><V72/><F121/><W135/><G135/><T24/><AGARI ba="0,1" hai="10,13,19,24,25,29,30,31,55,57,60,91,94,98" machi="24" ten="30,12000,1" yaku="1,1,2,1,0,1,8,1,53,1" doraHai="83" doraHaiUra="49" who="0" fromWho="0" sc="240,130,250,-40,250,-40,250,-40" /><INIT seed="0,1,0,5,2,16" ten="370,210,210,210" oya="0" hai0="17,110,23,54,13,53,105,101,126,47,111,43,104" hai1="11,89,119,134,1,6,125,103,130,32,79,122,77" hai2="46,69,132,39,75,96,19,2,106,109,124,25,84" hai3="4,8,3,40,102,74,44,33,22,66,18,94,86"/><T60/><D126/><U81/><E119/><V14/><F75/><W97/><G66/><T12/><D12/><U98/><E125/><V27/><F124/><W88/><G74/><T10/><D10/><U21/><E32/><V29/><F2/><W50/><G33/><T52/><D60/><U100/><E130/><V129/><F129/><W121/><G121/><T61/><D61/><U57/><E134/><V123/><F69/><W107/><G18/><T90/><D90/><U115/><E115/><V48/><F39/><W55/><REACH who="3" step="1"/><G40/><REACH who="3" ten="370,210,210,200" step="2"/><T83/><D83/><U135/><E122/><V30/><F19/><W68/><G68/><T117/><D117/><U80/><E135/><V36/><F132/><W131/><G131/><T58/><D58/><U120/><E57/><V63/><F123/><W41/><G41/><T91/><D43/><U118/><E120/><V59/><F59/><W72/><G72/><T92/><D17/><U15/><E118/><V108/><F30/><W112/><G112/><T114/><D114/><U65/><E65/><V73/><F73/><W7/><G7/><T24/><D24/><U78/><E1/><V37/><F25/><W113/><G113/><T62/><D110/><U38/><E21/><AGARI ba="1,1" hai="3,4,8,21,22,44,50,55,86,88,94,97,102,107" machi="21" ten="40,8000,1" yaku="1,1,52,2,54,1,53,1" doraHai="16" doraHaiUra="51" who="3" fromWho="1" sc="370,0,210,-83,210,0,200,93" /><INIT seed="1,0,0,1,2,86" ten="370,127,210,293" oya="1" hai0="12,126,128,51,80,65,108,81,10,118,101,33,6" hai1="46,88,114,30,15,83,111,92,27,98,123,50,60" hai2="94,122,17,72,115,132,3,131,75,95,62,120,117" hai3="96,52,37,5,48,36,16,56,64,8,90,1,21"/><U74/><E114/><V109/><F3/><W23/><G64/><T102/><D118/><U4/><E123/><V121/><F117/><W116/><G21/><T103/><D33/><U20/><E60/><V133/><F62/><W26/><G116/><T73/><D108/><U124/><E111/><V32/><F32/><W89/><REACH who="3" step="1"/><G96/><REACH who="3" ten="370,127,210,283" step="2"/><T57/><D65/><U93/><E124/><V85/><F109/><W53/><G53/><T47/><D126/><U129/><E129/><V29/><F131/><W28/><G28/><T22/><D128/><U76/><E93/><V67/><F67/><W13/><G13/><T9/><D22/><U63/><E63/><V7/><F29/><W113/><G113/><T82/><D12/><U11/><E50/><V110/><F110/><W61/><G61/><T68/><D51/><U34/><REACH who="1" step="1"/><E46/><REACH who="1" ten="370,117,210,283" step="2"/><V31/><F120/><W79/><G79/><T14/><D47/><U87/><E87/><V134/><F85/><W35/><G35/><AGARI ba="0,2" hai="4,11,15,20,27,30,34,35,74,76,83,88,92,98" machi="35" ten="40,7700,0" yaku="1,1,52,1,54,1,53,0" doraHai="86" doraHaiUra="41" who="1" fromWho="3" sc="370,0,117,97,210,0,283,-77" /><INIT seed="1,1,0,1,3,93" ten="370,214,210,206" oya="1" hai0="32,68,0,130,83,75,46,73,126,66,91,92,134" hai1="61,49,112,108,72,105,42,113,17,53,33,27,64" hai2="95,120,3,13,99,1,31,118,62,82,50,122,51" hai3="58,37,117,4,102,47,107,52,86,65,57,74,85"/><U45/><E72/><V54/><F118/><W28/><G117/><T121/><D32/><U19/><E105/><V22/><F82/><W96/><G74/><T7/><D83/><U103/><E103/><V100/><F62/><W104/><G104/><T23/><D46/><U78/><E78/><V77/><F77/><W2/><G65/><T39/><D39/><U63/><E19/><V18/><F31/><W26/><G58/><T41/><D23/><U9/><E108/><V71/><F71/><W76/><G76/><T5/><D121/><U90/><E33/><V132/><F132/><W29/><G29/><T11/><D134/><U25/><E25/><V35/><F35/><W128/><G128/><T87/><D130/><U60/><E64/><V127/><F127/><W98/><G4/><T30/><D126/><U56/><E113/><V34/><F34/><W36/><G2/><T116/><D116/><U119/><E112/><V21/><F21/><W81/><G36/><T8/><D73/><U14/><E119/><V129/><F51/><W40/><G81/><T135/><D135/><U24/><REACH who="1" step="1"/><E90/><REACH who="1" ten="370,204,210,206" step="2"/><V44/><REACH who="2" step="1"/><F129/><REACH who="2" ten="370,204,200,206" step="2"/><W10/><G28/><T133/><D30/><U123/><E123/><AGARI ba="1,2" hai="1,3,13,18,22,44,50,54,95,99,100,120,122,123" machi="123" ten="40,5200,0" yaku="1,1,2,1,52,1,53,0" doraHai="93" doraHaiUra="115" who="2" fromWho="1" sc="370,0,204,-55,200,75,206,0" /><INIT seed="2,0,0,1,1,3" ten="370,149,275,206" oya="2" hai0="84,77,128,63,129,111,21,118,124,113,80,112,91" hai1="131,57,117,125,46,132,26,54,90,37,120,34,0" hai2="28,94,42,10,102,20,5,32,100,105,55,97,119" hai3="23,114,135,36,126,31,15,40,107,108,81,103,22"/><V115/><F115/><W109/><G114/><T121/><D121/><U45/><E117/><V79/><F119/><W27/><G135/><T98/><D118/><U87/><E120/><V95/><F32/><W41/><G126/><T52/><D124/><U83/><E132/><V69/><F69/><W17/><G36/><T133/><D133/><U58/><E131/><N who="0" m="50249" /><D111/><N who="3" m="42569" /><G81/><T123/><D123/><U71/><E71/><V51/><F42/><N who="3" m="16491" /><G103/><T19/><D98/><U104/><E0/><V73/><F100/><W75/><G75/><T96/><D96/><U47/><E104/><AGARI ba="0,0" hai="15,17,22,23,27,31,104,107" m="16491,42569" machi="104" ten="30,1000,0" yaku="14,1" doraHai="3" who="3" fromWho="1" sc="370,0,149,-10,275,0,206,10" /><INIT seed="3,0,0,1,1,79" ten="370,139,275,216" oya="3" hai0="85,121,25,131,36,109,120,76,125,73,11,2,91" hai1="40,81,75,52,34,13,47,61,71,107,26,72,21" hai2="53,77,105,70,22,119,134,111,56,19,43,129,110" hai3="6,130,97,28,54,30,135,15,115,7,1,27,23"/><W18/><G115/><T74/><D36/><U90/><E107/><V108/><F119/><W20/><G97/><T38/><D38/><U32/><E72/><V127/><F105/><W65/><G65/><T78/><D74/><U94/><E13/><V24/><F70/><W106/><G54/><T14/><D2/><U123/><E123/><V58/><F127/><W51/><G51/><T133/><D73/><U12/><E12/><V89/><F77/><W99/><G135/><T92/><D125/><U118/><E118/><V98/><F134/><W49/><G49/><T5/><D133/><U102/><E102/><V57/><F43/><W35/><G99/><T69/><D69/><U17/><E81/><V3/><F3/><W96/><G96/><T50/><D131/><U33/><E75/><V128/><F53/><W55/><G55/><T80/><D50/><U31/><E71/><V86/><REACH who="2" step="1"/><F98/><REACH who="2" ten="370,139,265,216" step="2"/><W122/><G106/><T9/><D76/><U63/><E40/><V16/><F16/><N who="3" m="12679" /><G130/><T83/><D78/><U82/><E82/><AGARI ba="0,1" hai="19,22,24,56,57,58,82,86,89,108,110,111,128,129" machi="82" ten="50,6400,0" yaku="1,1,14,1,52,1,53,0" doraHai="79" doraHaiUra="48" who="2" fromWho="1" sc="370,0,139,-64,265,74,216,0" owari="370,47.0,75,-42.5,339,13.9,216,-18.4" /></mjloggm>