<mjloggm ver="2.3"><GO type="225" lobby="0"/><UN n0="%E3%81%A4%E3%81%A3%E3%81%B1%E3%82%8A%E3%83%9D%E3%83%BC%E3%83%AB" n1="%E9%A6%AC%E5%BC%95%E7%81%AB%33" n2="%33%74%72%65%65" n3="%E3%83%96%E3%83%83%E3%83%91%E3%82%AA%E3%83%96%E3%83%81%E3%82%AD%E3%83%B3" dan="17,16,17,16" rate="2110.86,2148.43,2223.39,2136.48" sx="M,M,F,M"/><TAIKYOKU oya="0"/><INIT seed="0,0,0,5,2,94" ten="250,250,250,250" oya="0" hai0="19,87,29,71,130,73,10,116,0,66,12,102,42" hai1="34,6,61,78,52,77,101,90,21,58,113,99,98" hai2="76,112,8,31,54,119,14,57,48,59,115,56,27" hai3="106,67,38,20,107,92,108,4,41,93,64,123,97"/><T3/><D116/><U55/><E34/><V128/><F119/><W35/><G108/><T124/><D73/><U83/><E113/><V129/><F76/><N who="1" m="29289" /><E101/><V85/><F85/><W121/><G35/><T133/><D130/><N who="2" m="50282" /><F115/><W79/><G4/><T60/><D133/><U23/><E6/><N who="2" m="3351" /><F112/><W75/><G20/><AGARI ba="0,0" hai="20,27,31,48,54,56,57,59" m="3351,50282" machi="20" ten="30,1000,0" yaku="19,1" doraHai="94" who="2" fromWho="3" sc="250,0,250,0,250,10,250,-10" /><INIT seed="1,0,0,3,3,80" ten="250,250,260,240" oya="1" hai0="48,37,82,11,83,115,95,21,40,67,85,112,130" hai1="78,50,34,109,12,60,54,43,57,131,7,98,74" hai2="99,117,77,90,5,41,19,124,39,66,45,126,36" hai3="132,65,49,118,56,29,31,44,4,51,16,30,15"/><U72/><E34/><V22/><F117/><W81/><G132/><T28/><D37/><U125/><E131/><V58/><F36/><W101/><G118/><T25/><D130/><U27/><E27/><V114/><F5/><W46/><G101/><T76/><D67/><U33/><E33/><V106/><F77/><W135/><G135/><T93/><D112/><U61/><E125/><V70/><F70/><W55/><G4/><T69/><D69/><U6/><E6/><V32/><F32/><W89/><G65/><T47/><D115/><U63/><E43/><V3/><F3/><W68/><G68/><T119/><D119/><U75/><E98/><V23/><F114/><W128/><G128/><T108/><D108/><U103/><E103/><N who="2" m="62847" /><F19/><W134/><G134/><T71/><D71/><U86/><E109/><V2/><F2/><W26/><G26/><T104/><D104/><U0/><E0/><V100/><F100/><W1/><G1/><T97/><D97/><U111/><E111/><V122/><F122/><W8/><REACH who="3" step="1"/><G51/><REACH who="3" ten="250,250,260,230" step="2"/><T14/><D83/><U105/><E105/><V88/><F66/><W121/><G121/><T94/><D94/><U110/><E110/><V9/><F39/><W84/><AGARI ba="0,1" hai="8,15,16,29,30,31,44,46,49,55,56,81,84,89" machi="84" ten="30,8000,1" yaku="1,1,0,1,8,1,52,1,54,1,53,0" doraHai="80" doraHaiUra="64" who="3" fromWho="3" sc="250,-20,250,-40,260,-20,230,90" /><INIT seed="2,0,0,5,4,1" ten="230,210,240,320" oya="2" hai0="77,111,25,3,35,135,37,81,114,106,75,22,38" hai1="65,92,13,29,48,125,56,102,74,109,121,124,57" hai2="40,41,16,87,30,4,98,42,28,94,95,73,5" hai3="86,55,112,89,70,66,131,67,17,44,103,101,31"/><V76/><F73/><W105/><G131/><T9/><D114/><U34/><E74/><V78/><F16/><W69/><G112/><T53/><D111/><U33/><E109/><V129/><F129/><W63/><G31/><N who="2" m="11817" /><F87/><W0/><G0/><T58/><D135/><U96/><E121/><V46/><F46/><W14/><G105/><T10/><D35/><U117/><E117/><V6/><F95/><N who="3" m="54711" /><G69/><T51/><D106/><U97/><E97/><V107/><F107/><W118/><G70/><T64/><D64/><N who="3" m="24617" /><G118/><T32/><D32/><U7/><E33/><V108/><F108/><W26/><G26/><T20/><D3/><U19/><E19/><V72/><F72/><W84/><G84/><T123/><D123/><U85/><E85/><V62/><F62/><W120/><G120/><T132/><D132/><U100/><E65/><V71/><F71/><W115/><G115/><T99/><D99/><U110/><E110/><V43/><N who="2" m="10240" /><DORA hai="130" /><V83/><F83/><W15/><G44/><T54/><D25/><N who="1" m="18735" /><E56/><V2/><F2/><W49/><G63/><N who="0" m="36303" /><D38/><U133/><E133/><V128/><F128/><W79/><G17/><T122/><D37/><U93/><E57/><V91/><AGARI ba="0,0" hai="4,5,6,76,78,91,94,98" m="10240,11817" machi="91" ten="50,12000,1" yaku="8,1,52,3" doraHai="1,130" who="2" fromWho="2" sc="230,-40,210,-40,240,120,320,-40" /><INIT seed="2,1,0,2,4,134" ten="190,170,360,280" oya="2" hai0="131,93,101,126,49,67,68,29,69,105,85,119,107" hai1="16,96,11,10,109,26,0,3,4,37,25,98,121" hai2="70,82,122,99,71,94,58,129,63,36,47,72,90" hai3="17,61,86,57,75,46,108,65,1,133,62,50,124"/><V88/><F122/><W5/><G75/><T66/><D131/><U41/><E121/><V38/><F129/><W7/><G133/><T103/><D29/><U104/><E109/><V116/><F116/><W35/><G108/><T51/><D85/><U74/><E74/><V19/><F38/><W39/><G35/><T111/><D93/><U53/><E53/><V130/><F130/><W110/><G110/><T89/><D111/><U18/><E37/><V125/><F125/><W84/><G39/><T44/><D89/><U32/><E4/><N who="3" m="1610" /><G1/><T127/><D44/><U52/><E52/><N who="2" m="34247" /><F71/><W20/><G62/><T95/><REACH who="0" step="1"/><D95/><REACH who="0" ten="180,170,360,280" step="2"/><U8/><E8/><V79/><F47/><W132/><G132/><T128/><D128/><U115/><E115/><V6/><F90/><W113/><G113/><T97/><D97/><U73/><E73/><V120/><F88/><W15/><G124/><T24/><D24/><U118/><E118/><AGARI ba="1,1" hai="49,51,66,67,68,69,101,103,105,107,118,119,126,127" machi="118" ten="25,8000,1" yaku="1,1,22,2,52,2,53,0" doraHai="134" doraHaiUra="22" who="0" fromWho="1" sc="180,93,170,-83,360,0,280,0" /><INIT seed="3,0,0,2,1,36" ten="273,87,360,280" oya="3" hai0="59,30,23,109,39,88,16,72,8,2,54,56,80" hai1="114,28,96,34,79,25,47,27,57,5,12,133,63" hai2="43,71,11,53,132,81,91,90,17,105,122,93,129" hai3="48,58,75,134,126,104,113,6,83,130,62,35,87"/><W19/><G113/><T38/><D109/><U115/><E133/><V31/><F105/><W60/><G104/><T128/><D128/><U127/><E79/><V1/><F132/><W42/><G35/><T52/><D30/><U9/><E47/><V69/><F31/><W117/><G134/><T41/><D2/><U64/><E127/><V61/><F129/><W112/><G112/><T74/><D8/><U21/><E27/><V50/><F122/><W73/><G117/><T15/><D59/><U100/><E34/><V3/><F71/><W97/><G130/><T120/><D120/><U67/><E67/><V70/><F70/><W82/><G126/><T103/><D103/><U40/><E114/><V20/><F11/><W101/><G6/><T102/><D102/><U33/><E33/><V85/><F61/><W7/><G7/><T99/><D54/><U44/><E44/><V0/><F69/><W10/><G19/><T135/><D135/><U123/><E123/><V118/><F118/><W124/><G10/><T94/><D41/><U95/><REACH who="1" step="1"/><E115/><REACH who="1" ten="273,77,360,280" step="2"/><V51/><F53/><N who="3" m="32039" /><G124/><T65/><D65/><U22/><E22/><V68/><F20/><W24/><G24/><T111/><D111/><U66/><E66/><V46/><F46/><W108/><G108/><T84/><D74/><U45/><E45/><V110/><F110/><W37/><G75/><T125/><D72/><U4/><E4/><V89/><F1/><W107/><G73/><T32/><D32/><U76/><E76/><V119/><F0/><W77/><G83/><T98/><D125/><U106/><E106/><RYUUKYOKU ba="0,1" sc="273,-15,77,15,360,-15,280,15" hai1="5,9,12,21,25,28,40,57,63,64,95,96,100" hai3="37,42,60,62,77,82,87,97,101,107" /><INIT seed="3,1,1,4,2,18" ten="258,92,345,295" oya="3" hai0="72,105,8,135,93,63,96,124,2,35,25,30,84" hai1="26,12,23,75,70,43,31,64,122,99,29,16,101" hai2="126,127,67,74,117,80,19,28,100,88,121,21,95" hai3="118,47,71,87,98,102,125,46,110,6,134,0,27"/><W50/><G118/><T49/><D72/><U55/><E122/><V94/><F117/><W115/><G115/><T133/><D124/><N who="2" m="47658" /><F121/><W36/><G125/><T17/><D84/><U13/><E75/><V104/><F28/><W10/><G71/><T116/><D116/><U33/><E43/><V106/><F67/><W86/><G110/><T128/><D128/><U82/><E82/><V129/><F129/><W120/><G120/><T38/><D38/><U66/><E31/><V62/><F62/><W85/><G134/><T1/><D49/><U34/><E34/><V45/><F45/><W97/><G36/><T37/><D37/><U40/><E40/><V41/><F41/><W22/><G50/><T109/><D105/><N who="2" m="40554" /><F100/><W108/><G108/><T113/><D63/><U24/><E55/><V7/><F7/><W123/><G123/><T83/><D83/><U92/><E66/><V15/><F88/><W107/><REACH who="3" step="1"/><G98/><REACH who="3" ten="258,92,345,285" step="2"/><T68/><D68/><U52/><E70/><V73/><F73/><W57/><G57/><T112/><D109/><U44/><REACH who="1" step="1"/><E64/><REACH who="1" ten="258,82,345,285" step="2"/><V5/><F74/><W54/><G54/><T14/><D113/><U11/><E11/><N who="2" m="4591" /><F80/><W60/><G60/><T78/><D30/><AGARI ba="1,3" hai="0,6,10,22,27,30,46,47,85,86,87,97,102,107" machi="30" ten="40,3900,0" yaku="1,1,52,1,53,0" doraHai="18" doraHaiUra="65" who="3" fromWho="0" sc="258,-42,82,0,345,0,285,72" owari="216,-18.4,82,-41.8,345,14.5,357,45.7" /></mjloggm>