<mjloggm ver="2.3"><GO type="225" lobby="0"/><UN n0="%E3%83%B4%E3%82%A3%E3%83%AF%E3%82%B3%E3%82%B0%E3%83%8B" n1="%EF%BC%AE%EF%BC%A1%EF%BC%AF%33%33%39" n2="%70%6F%69%73%6F%6E%30%32" n3="%E6%A1%9C%E8%8A%B1%E9%96%83%E3%80%85" dan="17,16,16,17" rate="2200.17,2144.72,2053.52,2208.70" sx="M,M,M,M"/><TAIKYOKU oya="0"/><INIT seed="0,0,0,1,5,73" ten="250,250,250,250" oya="0" hai0="109,36,125,10,127,5,25,87,7,27,135,103,41" hai1="0,104,72,3,92,114,78,106,65,18,113,37,4" hai2="84,55,75,121,130,61,57,50,77,14,99,33,85" hai3="83,116,131,58,49,128,19,81,39,126,89,74,40"/><T6/><D36/><U21/><E37/><V47/><F121/><W48/><G116/><T88/><D41/><U13/><E65/><V32/><F130/><W64/><G19/><T2/><D135/><U108/><E92/><V56/><F56/><W43/><G89/><T132/><D132/><U120/><E120/><V118/><F118/><W97/><G97/><T76/><D103/><U26/><E26/><N who="0" m="9737" /><D76/><U12/><E12/><V31/><F99/><W42/><G39/><T98/><D98/><U1/><E4/><V9/><F31/><W71/><G71/><T80/><D109/><U51/><E51/><N who="3" m="19530" /><G74/><T101/><D101/><U24/><E24/><V29/><F29/><W60/><G126/><AGARI ba="0,0" hai="2,5,6,7,10,80,87,88,125,126,127" m="9737" machi="126" ten="30,2900,0" yaku="18,1,54,1" doraHai="73" who="0" fromWho="3" sc="250,29,250,0,250,0,250,-29" /><INIT seed="0,1,0,5,0,23" ten="279,250,250,221" oya="0" hai0="12,20,51,31,84,97,10,45,87,17,82,44,132" hai1="128,104,129,101,100,90,2,5,26,36,73,126,50" hai2="65,74,106,103,25,131,122,70,85,76,0,105,30" hai3="42,60,123,67,4,95,119,33,98,49,107,62,112"/><T93/><D132/><U124/><E36/><V14/><F122/><W24/><G112/><T6/><D31/><U77/><E5/><V11/><F0/><W89/><G119/><T38/><D38/><U32/><E2/><V3/><F3/><W69/><G123/><T110/><D110/><U7/><E7/><V120/><F74/><W78/><G4/><T99/><D44/><U68/><E68/><V15/><F131/><N who="1" m="50249" /><E50/><V55/><F120/><W19/><G78/><T134/><D134/><U66/><E66/><V135/><F135/><W79/><G79/><T41/><D93/><U57/><E57/><V118/><F65/><W80/><G62/><T1/><D84/><U9/><E9/><V16/><F70/><W27/><G80/><T59/><D59/><U96/><E101/><V37/><F15/><W54/><G42/><T88/><AGARI ba="1,0" hai="1,6,10,12,17,20,41,45,51,82,87,88,97,99" machi="88" ten="20,3900,0" yaku="0,1,7,1,54,1" doraHai="23" who="0" fromWho="0" sc="279,42,250,-14,250,-14,221,-14" /><INIT seed="0,2,0,1,4,37" ten="321,236,236,207" oya="0" hai0="6,110,104,26,64,3,17,86,113,128,45,41,35" hai1="42,19,93,80,101,67,7,92,59,73,98,111,122" hai2="77,29,117,58,123,107,63,20,10,31,0,89,62" hai3="83,60,48,87,9,43,119,23,49,18,12,99,108"/><T61/><D128/><U39/><E122/><V82/><F123/><W90/><G119/><T34/><D113/><U97/><E7/><V100/><F117/><W69/><G108/><T124/><D104/><U103/><E111/><V126/><F126/><W131/><G131/><T57/><D110/><U132/><E132/><V118/><F100/><W75/><G75/><T15/><D124/><U129/><E129/><V8/><F107/><W95/><G69/><T114/><D114/><U72/><E80/><V84/><F63/><W24/><G60/><T46/><D86/><U135/><E135/><V78/><F0/><W71/><G71/><T44/><D26/><U16/><E59/><V30/><F20/><W5/><REACH who="3" step="1"/><G43/><REACH who="3" ten="321,236,236,197" step="2"/><T65/><D41/><U56/><E73/><V14/><F118/><W66/><G66/><T50/><D65/><U115/><E72/><V125/><F125/><W1/><G1/><T28/><D3/><U109/><E109/><V36/><F36/><W112/><G112/><T11/><D64/><U96/><E115/><V2/><F2/><W120/><G120/><T105/><D61/><U88/><E67/><N who="2" m="39383" /><F14/><W52/><G52/><T32/><D15/><U55/><E42/><V38/><F38/><W130/><G130/><T4/><D50/><N who="1" m="30839" /><E39/><V81/><F78/><AGARI ba="2,1" hai="5,9,12,18,23,24,48,49,78,83,87,90,95,99" machi="78" ten="30,3900,0" yaku="1,1,7,1,8,1,53,0" doraHai="37" doraHaiUra="116" who="3" fromWho="2" sc="321,0,236,0,236,-45,197,55" /><INIT seed="1,0,0,4,4,32" ten="321,236,191,252" oya="1" hai0="109,118,101,120,17,113,96,134,14,27,0,95,64" hai1="124,56,123,115,57,110,36,73,94,68,89,131,45" hai2="55,60,62,88,119,100,20,112,108,18,106,49,116" hai3="22,127,117,67,99,83,128,24,75,81,28,103,130"/><U2/><RYUUKYOKU type="yao9" ba="0,0" sc="321,0,236,0,191,0,252,0" hai1="2,36,45,56,57,68,73,89,94,110,115,123,124,131" /><INIT seed="1,1,0,1,1,64" ten="321,236,191,252" oya="1" hai0="13,114,89,122,95,18,34,66,133,63,7,20,47" hai1="51,107,70,126,96,49,121,62,111,120,110,0,112" hai2="5,28,102,72,59,94,41,76,116,127,131,26,36" hai3="108,67,22,40,29,11,103,84,3,23,65,25,19"/><U119/><E0/><V10/><F116/><W128/><G108/><N who="1" m="41514" /><E107/><V98/><F131/><W61/><G128/><T88/><D114/><U82/><E96/><V101/><F127/><W57/><G40/><T109/><D109/><U56/><E82/><V68/><F68/><W130/><G130/><T83/><D34/><U21/><E21/><V74/><F76/><W4/><G103/><T35/><D35/><U14/><E14/><V12/><F102/><W75/><G75/><T8/><D133/><U78/><E78/><V93/><F93/><W32/><G84/><T90/><D122/><N who="1" m="47211" /><E126/><V104/><F104/><W125/><G125/><T15/><D83/><U91/><E91/><V123/><F123/><W81/><G81/><T85/><REACH who="0" step="1"/><D47/><REACH who="0" ten="311,236,191,252" step="2"/><U30/><E112/><V105/><F74/><W37/><G37/><T71/><AGARI ba="1,1" hai="7,8,13,15,18,20,63,66,71,85,88,89,90,95" machi="71" ten="20,12000,2" yaku="1,1,2,1,0,1,7,1,52,1,54,1,53,0" doraHai="64" doraHaiUra="48" who="0" fromWho="0" sc="311,133,236,-61,191,-31,252,-31" /><INIT seed="2,0,0,2,1,9" ten="444,175,160,221" oya="2" hai0="133,46,112,52,88,21,104,65,8,63,69,91,5" hai1="82,53,102,86,25,49,125,23,44,50,68,26,3" hai2="117,55,10,17,126,11,62,27,72,109,74,92,90" hai3="122,35,130,105,6,48,16,36,127,129,118,34,15"/><V95/><F117/><W108/><G36/><T38/><D112/><U45/><E3/><V18/><F126/><W20/><G105/><T54/><D104/><U33/><E68/><V2/><F109/><W70/><G70/><T39/><D133/><U103/><E33/><V128/><F128/><N who="3" m="49259" /><G118/><T58/><D21/><U42/><E125/><V56/><F95/><W87/><G127/><T80/><D54/><U7/><E7/><V123/><F123/><W119/><G119/><T79/><D38/><U107/><E107/><V120/><F120/><W76/><G122/><T89/><D39/><U71/><E71/><V4/><F18/><W132/><G132/><T110/><D46/><U78/><REACH who="1" step="1"/><E26/><REACH who="1" ten="444,165,160,221" step="2"/><V73/><F27/><W94/><G6/><T75/><D69/><U77/><E77/><V14/><REACH who="2" step="1"/><F73/><REACH who="2" ten="444,165,150,221" step="2"/><W116/><G116/><T37/><D110/><U28/><AGARI ba="0,2" hai="23,25,28,42,44,45,49,50,53,78,82,86,102,103" machi="28" ten="20,5200,0" yaku="1,1,0,1,7,1,8,1,53,0" doraHai="9" doraHaiUra="131" who="1" fromWho="1" sc="444,-13,165,72,150,-26,221,-13" /><INIT seed="3,0,0,5,2,26" ten="431,237,124,208" oya="3" hai0="49,108,37,51,25,68,118,135,123,95,36,16,66" hai1="3,115,6,100,86,124,97,130,31,71,8,28,7" hai2="11,89,77,110,24,80,41,69,67,45,38,91,50" hai3="102,78,74,84,83,53,39,42,75,90,48,116,107"/><W131/><G116/><T114/><D108/><U129/><E71/><V101/><F110/><W125/><G39/><T64/><D68/><U105/><E115/><V55/><F101/><W122/><G122/><T128/><D123/><U121/><E121/><V46/><F11/><W76/><G42/><T106/><D106/><U57/><E7/><V132/><F132/><W10/><G10/><T104/><D104/><U18/><E18/><V62/><F24/><W60/><G60/><T17/><D128/><N who="1" m="49259" /><E124/><V12/><F12/><W56/><G131/><T119/><D95/><U4/><E4/><V34/><F34/><W92/><G125/><T23/><D23/><U19/><E19/><V27/><F27/><W44/><G44/><T20/><D51/><U59/><E86/><V5/><F5/><W112/><G112/><T111/><D66/><U2/><E2/><V13/><F13/><W109/><G109/><T127/><D127/><U1/><E1/><V61/><F61/><W93/><G93/><T87/><D111/><U58/><AGARI ba="0,0" hai="3,6,8,28,31,57,58,59,97,100,105" m="49259" machi="58" ten="30,4000,0" yaku="19,1,52,2" doraHai="26" who="1" fromWho="1" sc="431,-10,237,40,124,-10,208,-20" owari="421,52.1,277,7.7,114,-38.6,188,-21.2" /></mjloggm>