<mjloggm ver="2.3"><GO type="225" lobby="0"/><UN n0="%E3%81%BF%E3%81%BF%E3%81%9A" n1="%E5%B8%86%E7%AB%8B%E5%A4%8F%E8%A1%A3" n2="%E3%83%81%E3%83%83%E3%82%BF%E3%82%BD%E3%83%BC" n3="%E3%83%B4%E3%83%A0%EF%BC%99%E3%81%A6" dan="18,17,16,16" rate="2230.65,2164.77,2118.50,2158.61" sx="M,M,F,M"/><TAIKYOKU oya="0"/><INIT seed="0,0,0,3,3,114" ten="250,250,250,250" oya="0" hai0="88,52,79,120,116,113,50,13,122,14,129,93,104" hai1="28,87,63,59,82,77,108,47,69,115,43,27,106" hai2="124,112,85,37,68,53,86,0,75,62,4,11,51" hai3="41,45,98,48,44,97,132,101,83,128,5,66,123"/><T2/><D113/><U6/><E108/><V81/><F112/><W121/><G128/><T3/><D104/><U29/><E115/><V111/><F111/><W61/><G132/><T54/><D79/><U34/><E29/><V78/><F124/><W65/><G5/><T119/><D129/><U21/><E106/><V20/><F37/><W73/><G45/><T99/><D50/><U38/><E6/><V90/><F20/><W135/><G135/><T74/><D99/><U130/><E130/><V100/><F100/><W89/><G101/><T30/><D30/><U105/><E105/><V56/><F90/><W40/><G40/><T1/><D88/><U16/><E69/><V103/><F103/><W8/><G8/><T39/><D2/><U35/><REACH who="1" step="1"/><E28/><REACH who="1" ten="250,240,250,250" step="2"/><V126/><F126/><W58/><G121/><T23/><D120/><U67/><AGARI ba="0,1" hai="16,21,27,34,35,38,43,47,59,63,67,77,82,87" machi="67" ten="20,12000,2" yaku="1,1,2,1,0,1,7,1,54,1,53,1" doraHai="114" doraHaiUra="76" who="1" fromWho="1" sc="250,-60,240,130,250,-30,250,-30" /><INIT seed="1,0,0,1,2,7" ten="190,370,220,220" oya="1" hai0="28,135,87,38,113,75,66,44,67,70,97,99,18" hai1="110,84,59,105,43,111,51,14,120,124,103,55,42" hai2="122,73,34,5,100,130,132,79,129,65,109,15,91" hai3="80,68,60,58,39,53,64,63,48,16,86,26,77"/><U116/><E120/><V131/><F109/><N who="1" m="41481" /><E116/><V85/><F122/><W114/><G114/><T37/><D75/><U6/><E124/><V30/><F132/><W102/><G39/><T98/><D113/><U40/><E84/><V61/><F100/><W35/><G102/><T0/><D0/><U121/><E121/><V88/><F73/><W32/><G26/><T89/><D28/><U36/><E103/><V50/><F50/><W46/><REACH who="3" step="1"/><G16/><REACH who="3" ten="190,370,220,210" step="2"/><T134/><D18/><U94/><E105/><V96/><F30/><W92/><G92/><T126/><D126/><U52/><E94/><V54/><F129/><W71/><G71/><T33/><D70/><U119/><E119/><V3/><F130/><W101/><G101/><T93/><D33/><U45/><E6/><V22/><F5/><W69/><G69/><T21/><D21/><U49/><E14/><V82/><F34/><W115/><G115/><T95/><D95/><U74/><E74/><V47/><F131/><W118/><G118/><T24/><D24/><U106/><E106/><V10/><F22/><W104/><G104/><T83/><D93/><U13/><E13/><V4/><F10/><W23/><G23/><T128/><D128/><U78/><E36/><V27/><F27/><W9/><G9/><T133/><REACH who="0" step="1"/><D37/><REACH who="0" ten="180,370,220,210" step="2"/><U56/><E56/><V62/><F4/><W123/><G123/><T81/><D81/><U29/><E29/><V11/><F82/><W31/><G31/><T90/><D90/><U17/><E17/><V1/><F91/><W2/><G2/><T117/><D117/><U20/><E20/><RYUUKYOKU ba="0,2" sc="180,10,370,10,220,-30,210,10" hai0="38,44,66,67,83,87,89,97,98,99,133,134,135" hai1="40,42,43,45,49,51,52,55,59,78" hai3="32,35,46,48,53,58,60,63,64,68,77,80,86" /><INIT seed="1,1,2,3,2,9" ten="190,380,190,220" oya="1" hai0="110,98,88,95,39,34,66,83,61,103,47,58,123" hai1="44,60,46,94,117,48,69,19,64,104,25,128,38" hai2="24,99,134,133,108,116,92,22,127,11,56,12,55" hai3="73,20,43,57,68,33,15,112,100,78,87,114,67"/><U74/><E104/><V26/><F108/><W40/><G73/><T31/><D110/><U81/><E117/><V59/><F127/><W28/><G68/><T32/><D123/><U93/><E128/><V101/><F116/><W71/><G71/><T3/><D3/><U135/><E135/><N who="2" m="51723" /><F22/><W107/><G33/><T122/><D122/><U0/><E0/><V18/><F59/><W129/><G129/><T105/><D31/><U17/><E38/><V76/><F76/><W49/><G112/><T97/><REACH who="0" step="1"/><D83/><REACH who="0" ten="180,380,190,220" step="2"/><U10/><E81/><V115/><F115/><W80/><G28/><T30/><D30/><U77/><E69/><V96/><F96/><W29/><G80/><T70/><D70/><U13/><E77/><V8/><F8/><W2/><G78/><T131/><D131/><U63/><E10/><V90/><F101/><W27/><G100/><T72/><D72/><U126/><E74/><V118/><F118/><W54/><G29/><T109/><D109/><U53/><E126/><V84/><F99/><W119/><G119/><T52/><D52/><U21/><E53/><V65/><F65/><W113/><G67/><T89/><D89/><U85/><E64/><V102/><F102/><W121/><G121/><T125/><D125/><U14/><E85/><V23/><F11/><W35/><G87/><T91/><D91/><U62/><E21/><V42/><F42/><AGARI ba="1,3" hai="32,34,39,42,47,58,61,66,88,95,97,98,103,105" machi="42" ten="40,2600,0" yaku="1,1,54,1,53,0" doraHai="9" doraHaiUra="106" who="0" fromWho="2" sc="180,59,380,0,190,-29,220,0" /><INIT seed="2,0,0,0,4,70" ten="239,380,161,220" oya="2" hai0="79,124,73,127,67,111,110,12,128,13,98,60,24" hai1="58,7,25,88,26,39,114,116,121,34,50,57,83" hai2="38,6,33,51,45,46,93,72,55,52,112,59,32" hai3="49,27,8,89,71,21,80,54,117,100,125,19,62"/><V118/><F118/><W28/><G117/><T64/><D128/><U91/><E39/><V4/><F112/><W17/><G125/><N who="0" m="48203" /><D24/><U44/><E114/><V104/><F104/><W77/><G100/><T3/><D3/><U135/><E121/><V103/><F72/><W40/><G89/><T1/><D1/><U15/><E135/><V65/><F65/><N who="0" m="25162" /><D60/><U96/><E116/><V78/><F78/><W56/><G71/><T108/><D98/><U9/><E34/><V123/><F123/><W102/><G102/><T31/><D31/><U76/><E26/><V82/><F82/><AGARI ba="0,0" hai="12,13,73,79,82,108,110,111" m="25162,48203" machi="82" ten="40,2600,0" yaku="14,1,18,1" doraHai="70" who="0" fromWho="2" sc="239,26,380,0,161,-26,220,0" /><INIT seed="3,0,0,1,4,64" ten="265,380,135,220" oya="3" hai0="115,16,52,23,84,101,117,127,5,83,32,31,33" hai1="41,43,92,27,25,87,1,39,2,100,6,40,94" hai2="130,59,29,104,12,10,7,37,67,107,22,3,30" hai3="57,91,56,105,38,55,17,97,13,125,110,26,11"/><W89/><G38/><T8/><D117/><U131/><E39/><V103/><F130/><W111/><G125/><T129/><D127/><U14/><E131/><V128/><F128/><W42/><G42/><T126/><D126/><U114/><E114/><V72/><F72/><W28/><G105/><T34/><D101/><U106/><E106/><V81/><F37/><W80/><G80/><T53/><D31/><U113/><E113/><V70/><F59/><W79/><G79/><T54/><D115/><U95/><E100/><V116/><F116/><W123/><G123/><T46/><D129/><U77/><E2/><V73/><F81/><W98/><G56/><T0/><D46/><U51/><E1/><V102/><F73/><W35/><G97/><T134/><D134/><U76/><E51/><V108/><F108/><N who="3" m="41515" /><G98/><T85/><REACH who="0" step="1"/><D83/><REACH who="0" ten="255,380,135,220" step="2"/><N who="1" m="47591" /><E77/><V71/><F67/><W61/><AGARI ba="0,1" hai="11,13,17,26,28,35,55,57,61,89,91" m="41515" machi="61" ten="30,3000,0" yaku="14,1,10,1" doraHai="64" who="3" fromWho="3" sc="255,-10,380,-10,135,-10,220,40" /><INIT seed="3,1,0,0,3,35" ten="245,370,125,260" oya="3" hai0="45,62,66,46,70,123,126,132,39,109,13,15,112" hai1="97,107,96,129,106,32,93,94,60,20,82,17,55" hai2="49,52,75,16,133,51,90,91,27,95,47,33,78" hai3="38,21,36,0,135,1,128,9,101,44,103,61,19"/><W79/><G79/><T114/><D123/><U5/><E129/><V98/><F133/><W122/><G122/><T67/><D132/><U56/><E32/><V89/><F33/><W116/><G135/><T76/><D109/><U80/><E5/><V7/><F7/><W125/><G116/><T105/><D105/><U43/><E43/><V72/><F72/><W6/><G0/><T86/><D126/><U50/><E50/><V69/><F69/><W134/><G134/><T100/><D100/><N who="1" m="60431" /><E107/><V29/><F29/><W84/><G125/><T26/><D26/><N who="1" m="14607" /><E106/><V14/><F27/><W115/><G115/><N who="0" m="44075" /><D67/><U92/><E92/><V68/><F68/><W8/><G128/><T48/><D39/><U127/><E127/><V37/><F37/><W119/><G119/><T53/><D45/><U34/><E34/><V71/><F71/><W124/><G124/><T85/><D85/><U88/><AGARI ba="1,0" hai="55,56,60,80,82,88,94,97" m="14607,60431" machi="88" ten="30,4000,0" yaku="25,1,8,1,54,1" doraHai="35" who="1" fromWho="1" sc="245,-11,370,43,125,-11,260,-21" owari="234,-16.6,413,51.3,114,-38.6,239,3.9" /></mjloggm>