<mjloggm ver="2.3"><GO type="225" lobby="0"/><UN n0="%E3%81%BF%E3%81%BF%E3%81%9A" n1="%E3%83%A9%E3%82%B9%E7%8E%87%EF%BC%93%E5%89%B2" n2="%E3%83%96%E3%83%83%E3%83%91%E3%82%AA%E3%83%96%E3%83%81%E3%82%AD%E3%83%B3" n3="%E7%99%BD%E5%80%89%E5%AF%9B%E4%B9%8B" dan="18,17,16,16" rate="2210.06,2221.67,2201.03,2109.22" sx="M,F,M,M"/><TAIKYOKU oya="0"/><INIT seed="0,0,0,1,4,8" ten="250,250,250,250" oya="0" hai0="34,48,47,49,135,66,2,16,32,20,69,24,107" hai1="87,39,112,12,1,58,71,42,88,122,92,57,9" hai2="103,104,64,86,106,126,7,0,44,41,75,124,14" hai3="118,74,102,60,52,121,85,97,91,117,25,98,109"/><T55/><D107/><U51/><E122/><V77/><F86/><W54/><G121/><T68/><D135/><U10/><E112/><V99/><F64/><W28/><G74/><T93/><D2/><U50/><E71/><V11/><F106/><W131/><G131/><T19/><D93/><U115/><E115/><V26/><F26/><W129/><G129/><T45/><D66/><U56/><E1/><V72/><F14/><W22/><G109/><T61/><D61/><U100/><E10/><V113/><F113/><W37/><G37/><T123/><D123/><U110/><E100/><V101/><F101/><W114/><G114/><T67/><D67/><U134/><E134/><V30/><F30/><W62/><G118/><T59/><D59/><U46/><REACH who="1" step="1"/><E110/><REACH who="1" ten="250,240,250,250" step="2"/><V90/><F90/><W79/><G102/><T116/><D116/><U89/><E89/><V119/><F119/><W23/><G91/><T5/><D5/><AGARI ba="0,1" hai="5,9,12,39,42,46,50,51,56,57,58,87,88,92" machi="5" ten="40,5200,0" yaku="1,1,52,1,54,1,53,0" doraHai="8" doraHaiUra="15" who="1" fromWho="0" sc="250,-52,240,62,250,0,250,0" /><INIT seed="1,0,0,2,1,106" ten="198,302,250,250" oya="1" hai0="105,123,5,64,80,119,87,32,0,72,65,28,66" hai1="96,103,86,121,74,69,29,59,124,50,11,94,56" hai2="16,128,126,85,108,120,26,22,133,118,88,81,129" hai3="35,135,99,20,27,111,54,117,114,43,47,44,101"/><U9/><E121/><V2/><F118/><W122/><G117/><T83/><D119/><U62/><E124/><V58/><F120/><W14/><G122/><T45/><D123/><U53/><E69/><V82/><F126/><W67/><G114/><T125/><D125/><U110/><E110/><V51/><F2/><W33/><G135/><T10/><D105/><U107/><E74/><V116/><F116/><W52/><G67/><T57/><D57/><U41/><E29/><V73/><F108/><W18/><G111/><T61/><D61/><U34/><E34/><V100/><F100/><W75/><G75/><T19/><D19/><U131/><E131/><N who="2" m="50251" /><F133/><W132/><G132/><T46/><D83/><U23/><E23/><V113/><F113/><W71/><G71/><T97/><D97/><U127/><E127/><V30/><F30/><W55/><G27/><T134/><D134/><U40/><E86/><V39/><F39/><W48/><REACH who="3" step="1"/><G47/><REACH who="3" ten="198,302,250,240" step="2"/><T21/><D72/><U89/><E107/><AGARI ba="0,1" hai="14,18,20,33,35,43,44,48,52,54,55,99,101,107" machi="107" ten="40,5200,0" yaku="1,1,2,1,54,1,53,0" doraHai="106" doraHaiUra="84" who="3" fromWho="1" sc="198,0,302,-52,250,0,240,62" /><INIT seed="2,0,0,5,2,63" ten="198,250,250,302" oya="2" hai0="43,90,57,47,68,54,53,79,15,100,116,126,125" hai1="128,101,25,120,99,48,121,105,62,98,119,59,31" hai2="132,70,72,22,117,111,109,44,7,81,38,65,124" hai3="28,36,73,114,9,35,133,85,96,18,115,17,60"/><V91/><F117/><W46/><G73/><T55/><D100/><U10/><E119/><V58/><F70/><W106/><G133/><T82/><D90/><U39/><E39/><V112/><F112/><N who="3" m="43051" /><G9/><T87/><D116/><U5/><E128/><V19/><F7/><W76/><G60/><T123/><D68/><U34/><E48/><V29/><F132/><W88/><G76/><T127/><D123/><U84/><E84/><N who="2" m="50575" /><F72/><W74/><G74/><T134/><D134/><U110/><E110/><N who="2" m="41995" /><F124/><W104/><G96/><T78/><D15/><U92/><E99/><V103/><F29/><W102/><G102/><T27/><D27/><U107/><E120/><V129/><F129/><W37/><G37/><T45/><D79/><U24/><E24/><N who="2" m="14431" /><F103/><W8/><G28/><T2/><D2/><U11/><E121/><V64/><F58/><W42/><G35/><T94/><D94/><U30/><E30/><V97/><F97/><W26/><G26/><T33/><D33/><U56/><E59/><V21/><F21/><W93/><G8/><T41/><REACH who="0" step="1"/><D57/><REACH who="0" ten="188,250,250,302" step="2"/><U75/><E56/><V118/><F118/><W80/><G93/><T83/><D83/><U131/><E92/><V67/><F67/><W61/><G61/><T1/><D1/><U4/><E62/><V12/><F12/><W89/><G89/><T32/><D32/><U69/><E34/><V3/><F3/><W13/><G13/><T71/><D71/><U130/><E69/><V77/><F77/><W113/><N who="3" m="43059" /><W0/><DORA hai="16" /><G0/><T95/><D95/><U6/><E101/><V20/><F20/><RYUUKYOKU ba="0,1" sc="188,10,250,-30,250,10,302,10" hai0="41,43,45,47,53,54,55,78,82,87,125,126,127" hai2="38,44,64,65" hai3="17,18,36,42,46,80,85,88,104,106" /><INIT seed="2,1,1,3,5,129" ten="198,220,260,312" oya="2" hai0="82,103,29,125,77,128,55,76,67,40,104,62,49" hai1="73,108,65,52,9,54,38,25,87,27,53,69,19" hai2="61,86,127,63,3,119,71,16,39,31,34,133,102" hai3="120,130,64,83,57,7,35,112,106,22,45,32,10"/><V17/><F119/><W99/><G130/><T59/><D128/><U134/><E73/><V123/><F123/><W30/><G120/><T42/><D125/><U48/><E38/><V72/><F72/><W24/><G112/><T26/><D104/><U2/><E108/><V89/><F39/><W111/><G111/><T20/><D103/><U90/><E48/><V47/><F3/><W131/><G131/><T121/><D121/><U93/><E134/><V11/><F127/><W114/><G114/><T78/><REACH who="0" step="1"/><D82/><REACH who="0" ten="188,220,260,312" step="2"/><U50/><E50/><V80/><F102/><W56/><G83/><T97/><D97/><U21/><E27/><V113/><F80/><W96/><G99/><T122/><D122/><U88/><E93/><V6/><F113/><W100/><G96/><T70/><AGARI ba="1,2" hai="20,26,29,40,42,49,55,59,62,67,70,76,77,78" machi="70" ten="30,2000,0" yaku="1,1,0,1,53,0" doraHai="129" doraHaiUra="85" who="0" fromWho="0" sc="188,43,220,-6,260,-11,312,-6" /><INIT seed="3,0,0,5,1,10" ten="231,214,249,306" oya="3" hai0="45,7,128,109,55,84,60,99,34,91,117,76,2" hai1="79,59,124,110,3,90,8,38,106,49,64,18,30" hai2="14,68,36,67,116,102,71,92,126,78,35,26,83" hai3="61,50,41,21,74,32,62,107,48,46,42,23,24"/><W6/><G107/><T82/><D117/><U114/><E114/><V39/><F116/><W123/><G74/><T96/><D34/><U95/><E38/><V115/><F115/><W86/><G123/><T1/><D109/><U58/><E106/><V100/><F14/><W111/><G111/><T101/><D128/><U87/><E110/><V93/><F35/><W33/><G6/><T22/><D7/><U16/><E124/><V51/><F51/><W0/><G0/><T4/><D4/><U97/><E3/><V94/><F26/><W132/><G132/><T27/><D1/><U11/><E30/><V134/><F126/><W43/><G86/><N who="0" m="48455" /><D101/><U56/><E49/><V12/><F134/><W19/><G33/><T113/><D113/><U37/><E64/><V70/><F12/><N who="3" m="9447" /><G32/><T69/><D69/><U131/><E37/><N who="2" m="14411" /><F67/><W44/><G42/><T13/><D2/><U89/><E131/><V120/><F120/><W129/><G129/><T5/><D5/><U135/><E79/><V127/><F127/><W17/><AGARI ba="0,0" hai="17,23,24,41,43,44,46,48,50,61,62" m="9447" machi="17" ten="30,3000,0" yaku="8,1,52,1" doraHai="10" who="3" fromWho="3" sc="231,-10,214,-10,249,-10,306,30" owari="221,-17.9,204,-29.6,239,3.9,336,43.6" /></mjloggm>