<mjloggm ver="2.3"><GO type="225" lobby="0"/><UN n0="%E5%B8%86%E7%AB%8B%E5%A4%8F%E8%A1%A3" n1="%E3%81%8B%E3%82%8F%E3%81%A1%E3%82%83%E3%82%93%35%38" n2="%E3%81%B7%E3%82%8B%E3%81%B7%E3%82%8B%E3%81%A0%E3%81%9E" n3="%E3%81%AF%E3%82%88%E3%81%8A%E3%81%98%E3%81%95%E3%82%93" dan="17,16,16,17" rate="2222.85,2169.49,2106.53,2134.06" sx="M,M,M,M"/><TAIKYOKU oya="0"/><INIT seed="0,0,0,0,1,87" ten="250,250,250,250" oya="0" hai0="117,133,38,129,130,2,54,102,121,74,56,0,45" hai1="27,8,34,82,75,14,52,17,119,96,4,81,69" hai2="71,90,21,59,100,107,70,93,41,9,72,6,10" hai3="20,32,104,61,92,89,7,28,44,97,115,16,88"/><T125/><D74/><U53/><E69/><V83/><F41/><W101/><G115/><T12/><D117/><U85/><E119/><V65/><F9/><W131/><G131/><N who="0" m="50187" /><D121/><U103/><E75/><V15/><F21/><W128/><G128/><T57/><D102/><U86/><E86/><V99/><F65/><W80/><G7/><T63/><D125/><U91/><E82/><V114/><F114/><W49/><G104/><T48/><D12/><U11/><E34/><V22/><F22/><W5/><G5/><T113/><D113/><U132/><E132/><V134/><F134/><W31/><G61/><N who="0" m="35991" /><D2/><U79/><E79/><N who="2" m="44519" /><F59/><W26/><G80/><T123/><D0/><U62/><E62/><V58/><F58/><W76/><G76/><T77/><D77/><U13/><REACH who="1" step="1"/><E27/><REACH who="1" ten="250,240,250,250" step="2"/><V50/><F71/><W18/><G32/><T55/><D133/><U105/><AGARI ba="0,1" hai="4,8,11,13,14,17,52,53,81,85,91,96,103,105" machi="105" ten="20,12000,2" yaku="1,1,2,1,0,1,7,1,52,1,54,1,53,0" doraHai="87" doraHaiUra="120" who="1" fromWho="1" sc="250,-60,240,130,250,-30,250,-30" /><INIT seed="1,0,0,0,0,33" ten="190,370,220,220" oya="1" hai0="130,115,91,87,64,94,107,93,134,113,132,73,12" hai1="88,28,101,97,35,61,47,39,98,30,2,16,67" hai2="76,123,18,52,135,26,59,118,17,43,126,92,129" hai3="7,25,27,19,112,80,131,109,11,55,81,54,120"/><U21/><E2/><V6/><F123/><W89/><G120/><T108/><D64/><U42/><E35/><V51/><F118/><W0/><G112/><N who="0" m="43083" /><D12/><U121/><E121/><V72/><F135/><N who="0" m="51754" /><D108/><U8/><E8/><V96/><F129/><W114/><G114/><T71/><D71/><U44/><E44/><V119/><F126/><W4/><G131/><T84/><D130/><U31/><E88/><V125/><F119/><W104/><G104/><T36/><D36/><U34/><E34/><V85/><F72/><W116/><G116/><T29/><D29/><U83/><E83/><N who="2" m="47335" /><F125/><W24/><G109/><T68/><D68/><U46/><E46/><N who="2" m="26079" /><F26/><W117/><G117/><T122/><D122/><U23/><E23/><V100/><F6/><W22/><G7/><T38/><D38/><U56/><REACH who="1" step="1"/><E101/><REACH who="1" ten="190,360,220,220" step="2"/><V40/><F40/><W75/><G0/><T103/><D73/><U5/><E5/><V53/><F100/><W133/><G133/><T50/><D50/><U95/><E95/><N who="0" m="36361" /><D91/><U58/><E58/><V32/><F59/><W14/><G89/><T63/><D63/><U1/><E1/><V105/><F32/><W82/><G75/><T60/><D60/><U10/><E10/><V124/><F124/><W57/><G57/><T110/><D110/><U77/><E77/><V127/><F127/><W13/><AGARI ba="0,1" hai="4,11,13,14,19,22,24,25,27,54,55,80,81,82" machi="13" ten="30,2000,0" yaku="0,1,8,1" doraHai="33" who="3" fromWho="3" sc="190,-5,360,-10,220,-5,220,30" /><INIT seed="2,0,0,2,2,72" ten="185,350,215,250" oya="2" hai0="13,12,42,18,4,40,74,45,133,104,111,89,97" hai1="28,71,126,92,22,125,79,102,78,66,122,75,123" hai2="132,135,112,48,115,119,16,121,53,21,30,15,58" hai3="37,77,14,64,110,27,34,84,11,7,2,54,19"/><V105/><F105/><W52/><G37/><T50/><D111/><U60/><E75/><V24/><F121/><N who="1" m="46089" /><E28/><V68/><F119/><W46/><G110/><T20/><D133/><N who="2" m="51274" /><F68/><W3/><G64/><T23/><D74/><U101/><E22/><AGARI ba="0,0" hai="15,16,21,22,24,30,48,53,58,112,115" m="51274" machi="22" ten="30,2900,0" yaku="20,1,54,1" doraHai="72" who="2" fromWho="1" sc="185,0,350,-29,215,29,250,0" /><INIT seed="2,1,0,2,1,31" ten="185,321,244,250" oya="2" hai0="66,16,82,4,73,53,84,50,101,44,55,56,42" hai1="49,81,20,33,39,58,11,22,52,7,3,37,61" hai2="107,118,41,43,17,75,62,115,87,5,34,35,71" hai3="45,102,28,94,90,30,60,106,88,57,135,15,14"/><V86/><F115/><W134/><G106/><T123/><D73/><U9/><E33/><V113/><F107/><W48/><G102/><T108/><D108/><U124/><E124/><V36/><F113/><W92/><G30/><T125/><D123/><U129/><E129/><V121/><F75/><W2/><G2/><T18/><D125/><U47/><E20/><V72/><F72/><W59/><G28/><T128/><D128/><U1/><E81/><V26/><F5/><W83/><G83/><T64/><D101/><U74/><E74/><V76/><F76/><W130/><G130/><T97/><D97/><U93/><E93/><V46/><F118/><W112/><G112/><T98/><D98/><U104/><E22/><V24/><F17/><W29/><G29/><T10/><D55/><U38/><E104/><V126/><F126/><W111/><G111/><T0/><D66/><U132/><E132/><N who="3" m="50730" /><G94/><T120/><D64/><U40/><E38/><V105/><F105/><W85/><G90/><T77/><REACH who="0" step="1"/><D120/><REACH who="0" ten="175,321,244,250" step="2"/><U110/><E110/><V95/><F121/><W21/><G60/><AGARI ba="1,1" hai="0,4,10,16,18,42,44,50,53,56,60,77,82,84" machi="60" ten="30,7700,0" yaku="1,1,2,1,7,1,54,1,53,0" doraHai="31" doraHaiUra="114" who="0" fromWho="3" sc="175,90,321,0,244,0,250,-80" /><INIT seed="3,0,0,2,4,120" ten="265,321,244,170" oya="3" hai0="99,53,50,101,49,54,130,34,125,119,78,47,31" hai1="62,58,92,86,61,28,38,5,4,106,21,112,67" hai2="75,32,71,26,15,6,126,2,68,94,105,81,60" hai3="30,42,22,46,44,64,66,25,65,124,17,89,56"/><W111/><G124/><T3/><D125/><U91/><E112/><V131/><F126/><W98/><G111/><T134/><D3/><U123/><E106/><V12/><F94/><W93/><G42/><T7/><D7/><U41/><E123/><V35/><F12/><W11/><G11/><T63/><D130/><U109/><E109/><V122/><F15/><W107/><G107/><T87/><D134/><U45/><E28/><V84/><F122/><W79/><G79/><T97/><D119/><U20/><E20/><V51/><F51/><W100/><G100/><T118/><D31/><U48/><E21/><V108/><F131/><W18/><REACH who="3" step="1"/><G56/><REACH who="3" ten="265,321,244,160" step="2"/><T10/><D10/><U43/><E43/><V52/><F108/><W37/><G37/><T77/><D101/><U128/><E128/><V104/><F105/><W116/><G116/><T57/><D57/><N who="1" m="37295" /><E38/><V8/><F104/><W23/><G23/><T39/><D78/><U113/><E113/><V13/><F8/><W121/><G121/><T132/><D77/><U27/><E27/><V133/><F26/><W69/><G69/><T55/><D39/><U33/><E33/><V16/><F71/><W14/><G14/><T73/><D118/><U102/><E102/><V29/><F68/><W114/><G114/><T103/><D34/><U72/><E72/><V82/><F13/><W40/><G40/><T19/><D73/><U85/><E4/><V36/><F35/><W74/><G74/><T9/><D9/><U115/><E115/><V129/><F32/><W70/><G70/><T1/><D103/><U135/><E5/><RYUUKYOKU ba="0,1" sc="265,-10,321,-10,244,-10,160,30" hai3="17,18,22,25,30,44,46,64,65,66,89,93,98" /><INIT seed="3,1,1,5,2,50" ten="255,311,234,190" oya="3" hai0="126,114,27,79,52,98,46,30,67,74,20,129,90" hai1="123,101,2,25,5,1,118,57,36,66,122,127,71" hai2="75,119,45,7,14,125,0,132,135,62,26,35,58" hai3="131,38,77,111,34,21,29,69,115,107,94,10,110"/><W61/><G115/><T28/><D74/><U44/><E101/><V72/><F119/><W55/><G107/><T120/><D120/><U96/><E96/><V13/><F125/><W95/><G131/><T134/><D134/><N who="2" m="51242" /><F45/><W54/><G34/><T93/><D129/><U113/><E25/><V88/><F88/><W51/><G38/><T112/><D67/><U83/><E5/><V12/><F7/><W9/><G77/><T59/><D79/><U6/><E1/><V56/><F0/><W15/><G69/><T92/><D46/><U73/><E71/><V128/><F128/><W3/><G61/><N who="0" m="36071" /><D126/><U108/><E127/><V99/><F99/><W124/><G124/><T60/><D60/><N who="1" m="38159" /><E113/><N who="0" m="43625" /><D93/><N who="3" m="35337" /><G3/><T43/><D43/><N who="1" m="22631" /><E118/><V91/><F62/><W4/><G9/><T68/><D68/><U49/><E49/><V78/><F78/><W19/><G51/><T133/><D133/><U104/><E104/><V40/><F40/><W18/><G111/><T16/><AGARI ba="1,1" hai="16,20,27,28,30,90,92,98" m="43625,36071" machi="16" ten="30,8000,1" yaku="25,1,11,1,52,1,54,2" doraHai="50" who="0" fromWho="0" sc="255,93,311,-21,234,-21,190,-41" owari="348,44.8,290,9.0,213,-18.7,149,-35.1" /></mjloggm>