<mjloggm ver="2.3"><GO type="225" lobby="0"/><UN n0="%E3%81%AF%E3%82%88%E3%81%8A%E3%81%98%E3%81%95%E3%82%93" n1="%E3%81%BD%E3%81%A1%E3%81%9F%E3%81%93%E3%82%84" n2="%E6%97%A5%E6%9B%9C%E6%97%A5%E3%82%88%E3%82%8A%E3%81%AE%E4%BD%BF%E8%80%85" n3="%E3%81%94%E3%81%BE%E6%B2%B9%E9%A3%B2%E3%81%BF%E5%A4%AA%E9%83%8E" dan="17,17,16,16" rate="2142.04,2161.92,2131.58,2079.87" sx="M,M,M,M"/><TAIKYOKU oya="0"/><INIT seed="0,0,0,3,5,30" ten="250,250,250,250" oya="0" hai0="109,66,92,41,5,32,52,64,84,42,76,90,85" hai1="112,110,31,33,123,118,87,14,72,7,126,62,130" hai2="51,71,93,29,77,133,2,21,113,122,102,104,1" hai3="39,74,80,48,114,81,10,57,91,135,100,18,19"/><T27/><D109/><U0/><RYUUKYOKU type="yao9" ba="0,0" sc="250,0,250,0,250,0,250,0" hai1="0,7,14,31,33,62,72,87,110,112,118,123,126,130" /><INIT seed="0,1,0,2,1,133" ten="250,250,250,250" oya="0" hai0="70,13,53,48,86,34,131,35,20,30,116,96,119" hai1="4,21,32,55,18,24,78,40,130,95,107,75,108" hai2="5,127,126,134,43,122,63,99,125,104,74,120,23" hai3="49,97,25,31,36,41,51,73,82,113,92,33,37"/><T79/><D70/><U27/><E107/><V26/><F134/><W64/><G113/><T114/><D114/><U16/><E108/><V93/><F74/><W22/><G51/><T103/><D131/><U65/><E130/><V28/><F104/><W0/><G0/><T111/><D111/><U15/><E65/><V12/><F43/><W52/><G64/><T68/><D68/><U117/><E117/><V11/><F63/><W19/><G41/><T105/><D116/><U72/><E40/><V115/><F115/><W88/><G82/><T124/><D124/><U8/><E78/><V6/><F6/><W67/><G67/><T44/><D119/><U38/><E38/><V123/><F123/><W112/><G73/><T58/><D44/><U91/><E55/><V46/><F46/><W102/><G102/><AGARI ba="1,0" hai="5,11,12,23,26,28,93,99,102,120,122,125,126,127" machi="102" ten="40,8000,1" yaku="18,1,52,3" doraHai="133" who="2" fromWho="3" sc="250,0,250,0,250,83,250,-83" /><INIT seed="1,0,0,4,0,29" ten="250,250,333,167" oya="1" hai0="30,22,113,81,71,101,77,72,66,83,24,123,115" hai1="95,11,91,16,65,12,44,49,100,109,93,128,50" hai2="54,69,4,130,73,5,47,0,70,75,106,94,124" hai3="60,99,133,17,114,58,2,31,59,55,43,121,41"/><U125/><E128/><V119/><F106/><W48/><G121/><T122/><D101/><U27/><E125/><V126/><F94/><W134/><G2/><T97/><D97/><N who="1" m="59439" /><E109/><V105/><F105/><W25/><G17/><T120/><REACH who="0" step="1"/><D83/><REACH who="0" ten="240,250,333,167" step="2"/><U78/><E65/><V32/><F126/><W92/><G114/><T89/><D89/><U129/><E129/><V38/><F124/><W6/><G133/><T7/><D7/><N who="1" m="3199" /><E78/><V33/><F5/><W108/><G6/><T9/><D9/><U57/><E44/><V51/><F130/><W64/><G134/><T79/><D79/><U42/><E42/><V19/><F4/><W104/><G108/><T88/><D88/><U35/><E91/><V62/><F47/><W63/><G104/><T13/><D13/><U20/><E95/><V21/><F0/><W68/><G92/><T76/><D76/><U102/><E102/><V131/><F131/><W67/><REACH who="3" step="1"/><G99/><REACH who="3" ten="240,250,333,157" step="2"/><T110/><D110/><U53/><E35/><AGARI ba="0,2" hai="25,31,35,41,43,48,55,58,59,60,63,64,67,68" machi="35" ten="30,7700,0" yaku="1,1,2,1,7,1,52,1,53,0" doraHai="29" doraHaiUra="107" who="3" fromWho="1" sc="240,0,250,-77,333,0,157,97" /><INIT seed="2,0,0,1,0,122" ten="240,173,333,254" oya="2" hai0="82,26,70,98,0,108,27,83,96,33,68,106,38" hai1="9,125,121,22,57,114,11,67,81,34,103,79,127" hai2="29,36,63,104,17,77,133,49,93,134,53,35,37" hai3="21,32,28,73,42,135,5,15,72,30,112,128,45"/><V100/><F104/><W48/><G128/><T92/><D38/><U110/><E34/><V4/><F4/><W86/><G135/><N who="2" m="51721" /><F77/><W47/><G32/><T71/><D0/><U116/><E121/><V78/><F78/><W39/><G28/><T60/><D60/><N who="1" m="38287" /><E116/><V25/><F63/><W14/><G14/><T97/><D106/><U44/><E114/><V105/><F105/><W59/><G112/><T132/><D132/><U19/><E103/><V8/><F100/><W88/><G59/><T102/><D102/><U10/><E44/><N who="2" m="27815" /><F93/><W109/><G5/><T3/><D92/><U118/><E118/><V126/><F126/><N who="1" m="48137" /><E79/><V124/><F124/><W56/><G72/><T24/><D3/><U75/><E75/><V117/><F117/><W64/><G73/><T12/><D33/><U129/><E81/><N who="0" m="30729" /><D12/><AGARI ba="0,0" hai="8,12,17,25,29,35,36,37" m="27815,51721" machi="12" ten="30,1500,0" yaku="20,1" doraHai="122" who="2" fromWho="0" sc="240,-15,173,0,333,15,254,0" /><INIT seed="2,1,0,2,4,83" ten="225,173,348,254" oya="2" hai0="101,68,72,77,104,55,116,85,110,8,80,38,13" hai1="93,76,60,98,79,78,31,122,5,132,82,121,34" hai2="75,64,3,17,7,21,109,19,73,35,118,130,50" hai3="45,84,71,129,48,11,134,120,131,86,41,89,20"/><V30/><F64/><W128/><G120/><N who="1" m="46186" /><E5/><V126/><F50/><W62/><G134/><T47/><D110/><U42/><E42/><V16/><F75/><W23/><G11/><T92/><D116/><U97/><E31/><V113/><F73/><W117/><G117/><T61/><D104/><U10/><E10/><N who="2" m="2431" /><F118/><W67/><G89/><T69/><D38/><U27/><E27/><N who="2" m="18911" /><F109/><W18/><REACH who="3" step="1"/><G20/><REACH who="3" ten="225,173,348,244" step="2"/><T96/><D8/><U14/><E34/><V103/><F103/><W53/><G53/><T91/><D101/><N who="1" m="60591" /><E132/><V22/><F113/><W119/><G119/><T57/><D55/><U135/><E135/><V115/><F115/><W39/><G39/><T111/><D111/><U29/><E29/><V94/><F126/><W125/><G125/><T112/><D112/><U37/><E37/><V105/><F22/><W33/><G33/><T44/><D77/><U99/><E14/><AGARI ba="1,1" hai="14,18,23,41,45,48,62,67,71,84,86,128,129,131" machi="14" ten="40,8000,1" yaku="1,1,19,1,52,2,53,1" doraHai="83" doraHaiUra="63" who="3" fromWho="1" sc="225,0,173,-83,348,0,244,93" /><INIT seed="3,0,0,1,0,10" ten="225,90,348,337" oya="3" hai0="59,83,29,64,135,107,121,5,12,16,110,0,122" hai1="114,2,21,113,63,95,32,123,40,58,53,14,118" hai2="25,24,60,85,79,47,80,109,74,129,3,18,15" hai3="17,120,57,50,92,96,8,31,52,26,97,102,126"/><W19/><G120/><T13/><D107/><U11/><E123/><V89/><F3/><W38/><G38/><T7/><D0/><U65/><E118/><V93/><F109/><W131/><G131/><T128/><D110/><U51/><E32/><V46/><F129/><W70/><G70/><T117/><D117/><U35/><E35/><V76/><F76/><W73/><G73/><T112/><D128/><U27/><E2/><V132/><F132/><W84/><G126/><T20/><D135/><U28/><E113/><V43/><F60/><W36/><G36/><T111/><D111/><U56/><E114/><V66/><F66/><W48/><G48/><T104/><D104/><U62/><E40/><V94/><F94/><N who="3" m="58647" /><G84/><T61/><D112/><U23/><E23/><V101/><F101/><N who="3" m="60583" /><G8/><T68/><D68/><U100/><E63/><V1/><F1/><W49/><G49/><T99/><D99/><U55/><E55/><V133/><F133/><W42/><G42/><T69/><D69/><U82/><E82/><V108/><F108/><W90/><G90/><T125/><D125/><U98/><E11/><V105/><F105/><W75/><G75/><T71/><D71/><U130/><E130/><V67/><F67/><W9/><G9/><T106/><D29/><U45/><E56/><V88/><F89/><W103/><G103/><T78/><D106/><U115/><E115/><V134/><F134/><W34/><G34/><T91/><D91/><U87/><E87/><V54/><F54/><W6/><G6/><N who="0" m="2059" /><D12/><AGARI ba="0,0" hai="12,14,21,27,28,45,51,53,58,62,65,95,98,100" machi="12" ten="40,8000,1" yaku="25,2,8,1,52,2" doraHai="10" who="1" fromWho="0" sc="225,-80,90,80,348,0,337,0" owari="145,-35.5,170,-23.0,348,44.8,337,13.7" /></mjloggm>