<mjloggm ver="2.3"><GO type="225" lobby="0"/><UN n0="%E7%9A%AE%E3%80%85" n1="%E9%A6%AC%E5%BC%95%E7%81%AB%33" n2="%E3%81%94%E3%81%BE%E6%B2%B9%E9%A3%B2%E3%81%BF%E5%A4%AA%E9%83%8E" n3="%E7%99%BD%E5%80%89%E5%AF%9B%E4%B9%8B" dan="16,16,16,16" rate="2153.81,2129.60,2086.64,2126.35" sx="M,M,M,M"/><TAIKYOKU oya="0"/><INIT seed="0,0,0,3,5,15" ten="250,250,250,250" oya="0" hai0="71,76,77,67,51,74,97,92,25,59,80,106,29" hai1="4,2,127,19,5,24,57,9,113,107,47,129,75" hai2="114,87,56,130,42,22,104,0,66,27,20,128,3" hai3="7,93,85,6,121,123,133,23,79,52,83,32,81"/><T101/><D77/><U8/><E107/><V94/><F104/><W1/><G32/><T70/><D92/><U120/><E120/><N who="3" m="46154" /><G1/><T86/><D86/><U28/><E75/><V88/><F42/><W11/><G11/><T112/><D112/><U31/><E47/><V43/><F43/><W72/><G93/><T96/><D96/><U100/><E100/><V78/><F78/><N who="3" m="44231" /><G133/><T102/><D102/><U124/><E57/><V109/><F109/><W46/><G23/><T111/><D111/><U17/><E113/><V98/><F114/><W110/><G110/><T115/><D115/><U21/><E129/><N who="2" m="49771" /><F98/><W16/><G16/><N who="1" m="6218" /><E31/><N who="2" m="17895" /><F22/><W60/><G60/><AGARI ba="0,0" hai="0,3,56,60,66,87,88,94" m="17895,49771" machi="60" ten="30,2000,0" yaku="19,1,54,1" doraHai="15" who="2" fromWho="3" sc="250,0,250,0,250,20,250,-20" /><INIT seed="1,0,0,4,1,74" ten="250,250,270,230" oya="1" hai0="33,7,119,54,38,62,26,42,39,36,111,41,34" hai1="45,67,114,10,15,121,97,92,40,77,60,46,122" hai2="47,66,107,23,20,72,51,1,109,64,4,8,102" hai3="99,93,101,126,128,3,125,100,61,89,52,63,22"/><U53/><E114/><V35/><F35/><W98/><G3/><T12/><D119/><U71/><E53/><V113/><F109/><W75/><G75/><T131/><D111/><U59/><E71/><V29/><F72/><W134/><G134/><T76/><D131/><U81/><E45/><V116/><F116/><W103/><G128/><T104/><D104/><U70/><E70/><V49/><F49/><W94/><G22/><T25/><D76/><U55/><E67/><V124/><F124/><W83/><G83/><T16/><D7/><U57/><E57/><V27/><F23/><W133/><G133/><T50/><D62/><U9/><E9/><V78/><F78/><W115/><G115/><T58/><D33/><U120/><E81/><V112/><F112/><W17/><G17/><T117/><D117/><U108/><E108/><V14/><F1/><W129/><G129/><T110/><D110/><U105/><E105/><V123/><F123/><W5/><G5/><T65/><D65/><U87/><E87/><V127/><F127/><N who="3" m="48651" /><G63/><T24/><REACH who="0" step="1"/><D34/><REACH who="0" ten="240,250,270,230" step="2"/><U56/><E77/><V82/><F107/><W95/><G99/><T13/><D13/><U86/><E97/><V91/><F113/><W135/><G135/><T31/><D31/><U130/><E130/><V85/><F64/><W6/><G6/><T28/><D28/><U79/><E122/><V84/><F66/><W88/><G98/><T19/><D19/><U90/><E121/><V106/><F106/><W37/><G61/><T73/><D73/><U44/><E120/><V96/><F96/><W132/><G132/><RYUUKYOKU ba="0,1" sc="240,30,250,-10,270,-10,230,-10" hai0="12,16,24,25,26,36,38,39,41,42,50,54,58" /><INIT seed="2,1,1,3,5,17" ten="270,240,260,220" oya="2" hai0="126,32,78,26,90,60,12,104,96,76,53,80,25" hai1="3,101,43,123,75,92,51,71,115,89,66,103,100" hai2="62,77,15,113,79,36,122,61,125,70,131,81,124" hai3="24,49,106,108,5,1,87,35,72,14,18,8,107"/><V47/><F113/><W4/><G72/><T64/><D126/><N who="2" m="48746" /><F122/><W38/><G38/><T37/><D37/><U85/><E115/><V34/><F34/><W98/><G108/><T22/><D53/><U29/><E75/><N who="2" m="43199" /><F70/><W31/><G5/><T117/><D117/><U7/><E29/><V58/><F79/><W95/><G87/><T121/><D121/><U33/><E33/><V16/><F131/><W73/><G49/><T11/><D32/><U46/><E71/><V9/><F58/><W133/><G73/><T83/><D26/><U102/><N who="1" m="25600" /><DORA hai="128" /><U120/><REACH who="1" step="1"/><E66/><REACH who="1" ten="270,230,260,220" step="2"/><V55/><F55/><W132/><G95/><T50/><D64/><U116/><E116/><V57/><F57/><W56/><G56/><T65/><D65/><U44/><E44/><V68/><F68/><W39/><G39/><T127/><D127/><U88/><E88/><V40/><AGARI ba="1,2" hai="9,15,16,36,40,47,61,62" m="43199,48746" machi="40" ten="30,3000,0" yaku="18,1,54,1" doraHai="17,128" who="2" fromWho="2" sc="270,-11,230,-11,260,53,220,-11" /><INIT seed="2,2,0,0,2,61" ten="259,219,313,209" oya="2" hai0="43,115,57,101,75,123,21,105,54,73,102,19,77" hai1="89,34,18,45,109,41,15,60,129,42,103,4,47" hai2="98,55,125,93,84,69,117,49,65,133,11,135,37" hai3="126,130,127,90,51,87,118,91,64,23,81,112,72"/><V14/><F117/><W22/><G118/><T9/><D123/><U6/><E109/><V67/><F37/><W17/><G130/><T128/><D115/><U33/><E129/><V96/><F84/><W8/><G112/><T121/><D121/><U58/><E103/><N who="2" m="60815" /><F69/><W56/><G72/><T97/><D43/><N who="1" m="16395" /><E33/><V66/><F98/><W39/><G39/><T5/><D128/><U132/><E34/><V86/><F86/><W10/><G51/><T124/><D124/><N who="3" m="47657" /><G91/><T44/><D44/><N who="1" m="16971" /><E89/><V26/><F49/><W12/><G23/><T104/><D101/><U31/><E31/><V131/><F55/><W116/><G116/><T13/><D77/><U40/><E132/><N who="2" m="50763" /><F125/><W76/><G90/><T108/><D105/><U99/><E99/><V74/><F74/><W24/><G24/><T68/><D68/><U134/><E134/><V78/><F26/><W36/><G36/><T88/><D88/><U114/><E114/><V106/><F131/><W53/><G53/><T113/><D113/><U110/><E110/><V32/><F32/><W79/><G79/><T20/><D108/><U80/><E80/><V35/><F35/><W50/><G50/><T119/><D119/><U122/><E122/><V83/><F78/><W46/><G46/><T94/><D104/><U59/><E40/><V30/><F106/><W28/><G28/><T48/><D20/><N who="1" m="11359" /><E58/><V52/><F30/><W2/><G2/><AGARI ba="2,0" hai="2,5,9,13,19,21,48,54,57,73,75,94,97,102" machi="2" ten="30,1000,0" yaku="7,1" doraHai="61" who="0" fromWho="3" sc="259,16,219,0,313,0,209,-16" /><INIT seed="3,0,0,3,0,115" ten="275,219,313,193" oya="3" hai0="68,128,92,80,5,38,112,84,94,15,16,12,82" hai1="23,62,99,47,77,118,10,97,126,17,49,87,4" hai2="42,127,91,85,73,56,111,123,63,18,70,102,21" hai3="55,54,1,51,39,59,88,37,131,27,26,32,121"/><W19/><G121/><T50/><D38/><U110/><E110/><V64/><F73/><W35/><G1/><T24/><D68/><U69/><E126/><V125/><F111/><W120/><G120/><T81/><D112/><U53/><E69/><V66/><F42/><W95/><G131/><T119/><D119/><U104/><E104/><V65/><F102/><W78/><G78/><T130/><D50/><U122/><E62/><V25/><F70/><W14/><G39/><T33/><D5/><U48/><E122/><V116/><F116/><W114/><G37/><T72/><D72/><U133/><E133/><V22/><F22/><N who="3" m="11639" /><G35/><T132/><D132/><U2/><E118/><V71/><F71/><W93/><G32/><T75/><D75/><U52/><E87/><V86/><F86/><N who="3" m="52375" /><G114/><T109/><D109/><U57/><E77/><V34/><F34/><W3/><G3/><T29/><D12/><AGARI ba="0,0" hai="2,4,10,12,17,23,47,48,49,52,53,57,97,99" machi="12" ten="30,2000,0" yaku="7,1,54,1" doraHai="115" who="1" fromWho="0" sc="275,-20,219,20,313,0,193,0" owari="255,5.5,239,-16.1,313,41.3,193,-30.7" /></mjloggm>