<mjloggm ver="2.3"><GO type="225" lobby="0"/><UN n0="%E9%B7%B9%E5%80%89%E6%9D%8F%E9%88%B4" n1="%4C%C3%97%57%C3%97%4C" n2="%E6%B8%85%E9%A2%A8%E5%8C%97" n3="%E3%83%96%E3%83%83%E3%83%91%E3%82%AA%E3%83%96%E3%83%81%E3%82%AD%E3%83%B3" dan="16,17,16,16" rate="2122.69,2169.96,2116.94,2123.31" sx="F,M,F,M"/><TAIKYOKU oya="0"/><INIT seed="0,0,0,0,5,76" ten="250,250,250,250" oya="0" hai0="10,58,104,12,127,110,73,129,17,54,59,39,14" hai1="26,102,85,106,60,123,83,77,74,126,46,86,89" hai2="42,98,124,3,62,15,35,121,107,45,99,112,80" hai3="32,87,25,6,130,134,20,100,49,44,114,128,13"/><T22/><D104/><U50/><E123/><V19/><F112/><W27/><G114/><T0/><D39/><U16/><E126/><V88/><F121/><W109/><G109/><T48/><D127/><U40/><E60/><V103/><F35/><W66/><G134/><T37/><D37/><U68/><E68/><V79/><F3/><W9/><G66/><T117/><D117/><U24/><E86/><N who="2" m="48415" /><F124/><W96/><G32/><T65/><D129/><N who="3" m="49769" /><G87/><T41/><D110/><U92/><REACH who="1" step="1"/><E16/><REACH who="1" ten="250,240,250,250" step="2"/><V75/><F75/><W55/><G20/><T125/><D125/><U51/><E51/><N who="2" m="27063" /><F62/><W113/><G113/><T120/><D120/><U94/><E94/><AGARI ba="0,1" hai="6,9,13,25,27,44,49,55,94,96,100" m="49769" machi="94" ten="30,1000,0" yaku="19,1" doraHai="76" who="3" fromWho="1" sc="250,0,240,-10,250,0,250,20" /><INIT seed="1,0,0,0,5,44" ten="250,230,250,270" oya="1" hai0="33,127,56,66,129,61,53,2,17,83,1,125,119" hai1="36,99,118,12,107,90,135,35,68,92,7,49,79" hai2="77,109,123,65,91,32,20,28,60,114,11,86,42" hai3="105,78,89,115,51,27,84,82,10,34,126,58,37"/><U133/><E36/><V25/><F123/><W117/><G115/><T122/><D119/><U15/><E118/><V130/><F109/><W106/><G117/><T45/><D33/><U59/><E68/><V48/><F114/><W75/><G37/><T134/><D83/><U96/><E35/><V4/><F130/><W132/><G132/><N who="1" m="50762" /><E79/><V110/><F110/><W8/><G126/><N who="0" m="48139" /><D134/><U14/><E7/><V97/><F32/><W76/><G34/><T13/><D129/><U71/><E71/><V55/><F42/><W108/><G108/><T87/><D87/><N who="1" m="52319" /><E107/><V18/><F77/><W85/><G105/><T104/><D104/><U50/><E59/><N who="2" m="37023" /><F97/><AGARI ba="0,0" hai="12,14,15,49,50,96,97,99" m="52319,50762" machi="97" ten="30,5800,0" yaku="20,1,52,2" doraHai="44" who="1" fromWho="2" sc="250,0,230,58,250,-58,270,0" /><INIT seed="1,1,0,4,4,31" ten="250,288,192,270" oya="1" hai0="78,15,30,114,17,87,43,62,109,104,11,117,127" hai1="29,83,3,57,91,98,50,108,0,73,53,58,22" hai2="40,61,18,64,48,80,107,131,10,81,55,90,39" hai3="130,122,6,116,69,100,119,70,7,46,84,66,77"/><U95/><E108/><V111/><F107/><W56/><G122/><T75/><D114/><U2/><E29/><V28/><F111/><W44/><G100/><T128/><D109/><U124/><E124/><V42/><F131/><W86/><G56/><T33/><D117/><U16/><E73/><V134/><F134/><W102/><G102/><T51/><D104/><U103/><E58/><N who="2" m="36919" /><F39/><W12/><G66/><T68/><D75/><U88/><REACH who="1" step="1"/><E83/><REACH who="1" ten="250,278,192,270" step="2"/><V27/><F28/><W67/><G119/><T97/><D30/><U36/><E36/><V110/><F81/><W63/><G116/><T120/><D127/><U25/><AGARI ba="1,1" hai="0,2,3,16,22,25,50,53,57,88,91,95,98,103" machi="25" ten="30,11700,0" yaku="1,1,0,1,54,2,53,0" doraHai="31" doraHaiUra="113" who="1" fromWho="1" sc="250,-40,278,130,192,-40,270,-40" /><INIT seed="1,2,0,3,0,44" ten="210,408,152,230" oya="1" hai0="23,38,132,64,96,19,66,56,32,121,9,51,22" hai1="16,41,78,106,123,37,27,101,61,126,62,94,128" hai2="21,29,69,122,0,24,116,114,117,55,84,20,59" hai3="18,81,120,95,43,63,46,34,103,72,31,104,118"/><U17/><E106/><V125/><F69/><W57/><G120/><T4/><D32/><U12/><E123/><V6/><F122/><W80/><G118/><N who="2" m="45673" /><F84/><W71/><G71/><T11/><D38/><U90/><E101/><V50/><F59/><W97/><G72/><T82/><D121/><U98/><E78/><V111/><F55/><W73/><G73/><T108/><D108/><U76/><E76/><V53/><F53/><W112/><G112/><T33/><D33/><U28/><E128/><V86/><F50/><W7/><G7/><T92/><D82/><U105/><E105/><V60/><F86/><W130/><G130/><T87/><D87/><U129/><E129/><V131/><F60/><W83/><G104/><T48/><D132/><U2/><E2/><V102/><F131/><W127/><G127/><T119/><D23/><U107/><E126/><V70/><F102/><W39/><G18/><T65/><D4/><U88/><E90/><V89/><F89/><W67/><G81/><T99/><D119/><U68/><E68/><V35/><F70/><W134/><G134/><T79/><D79/><U1/><E1/><V36/><F36/><W49/><G39/><T100/><D99/><U26/><E107/><V45/><F45/><W109/><G109/><T5/><D56/><U75/><E75/><V8/><F111/><W47/><G47/><T74/><D74/><U93/><E37/><V110/><F110/><W52/><REACH who="3" step="1"/><G43/><REACH who="3" ten="210,408,152,220" step="2"/><T25/><D5/><U40/><E41/><V85/><F125/><W77/><G77/><T124/><D124/><U133/><E40/><RYUUKYOKU ba="2,1" sc="210,15,408,-15,152,-15,220,15" hai0="9,11,19,22,25,48,51,64,65,66,92,96,100" hai3="31,34,46,49,52,57,63,67,80,83,95,97,103" /><INIT seed="2,3,1,2,4,21" ten="225,393,137,235" oya="2" hai0="109,133,33,81,42,126,84,40,68,69,71,7,77" hai1="51,87,12,58,122,61,120,108,28,134,83,50,44" hai2="17,74,64,102,1,14,49,67,118,60,123,56,72" hai3="117,37,6,79,96,112,119,131,106,34,10,0,45"/><V30/><F123/><N who="1" m="47145" /><E108/><V107/><F118/><W65/><G131/><T43/><D109/><U22/><E134/><V105/><F1/><W99/><G112/><T114/><D114/><U75/><E75/><V15/><F49/><W25/><G99/><T4/><D33/><U103/><E103/><V127/><F127/><W35/><G65/><T24/><D133/><U111/><E111/><V20/><F67/><W116/><G79/><T91/><D126/><U41/><E12/><V98/><F107/><W31/><G35/><T55/><D55/><N who="1" m="34015" /><E28/><V101/><F101/><N who="3" m="62759" /><G119/><T88/><REACH who="0" step="1"/><D24/><REACH who="0" ten="215,393,137,235" step="2"/><U115/><E115/><V78/><F30/><W125/><G125/><T124/><D124/><U23/><E51/><V129/><F129/><W59/><G117/><T38/><D38/><U39/><E39/><V48/><F48/><W11/><G37/><T132/><D132/><U130/><E130/><V135/><F135/><W8/><G116/><T90/><AGARI ba="3,2" hai="4,7,40,42,43,68,69,71,77,81,84,88,90,91" machi="90" ten="40,8000,1" yaku="1,1,0,1,29,2,54,1,53,0" doraHai="21" doraHaiUra="47" who="0" fromWho="0" sc="215,109,393,-23,137,-43,235,-23" /><INIT seed="3,0,0,0,1,99" ten="324,370,94,212" oya="3" hai0="110,117,1,14,130,115,93,39,82,31,64,18,104" hai1="54,7,61,15,45,122,67,46,66,118,78,17,36" hai2="27,52,56,72,11,109,62,44,98,101,123,63,77" hai3="69,12,25,22,43,57,13,129,135,73,90,106,71"/><W20/><G73/><T102/><D1/><U108/><E122/><V83/><F123/><W10/><G106/><T95/><D117/><U21/><E118/><V87/><F109/><W94/><G43/><T26/><D39/><U19/><E7/><V68/><F44/><N who="1" m="17001" /><E36/><V91/><F11/><W75/><G75/><T89/><D130/><U97/><E78/><V76/><F27/><W53/><G135/><T119/><D82/><U40/><E40/><V86/><F72/><W33/><G33/><T127/><D127/><U120/><E120/><V131/><F131/><W133/><G133/><T2/><D18/><N who="1" m="10463" /><E97/><V3/><F3/><W49/><G129/><T42/><D26/><U121/><E108/><V112/><F112/><W60/><G49/><T35/><D95/><U59/><E121/><V58/><F68/><W41/><G41/><T81/><D64/><AGARI ba="0,0" hai="17,19,54,59,61,64,66,67" m="10463,17001" machi="64" ten="30,1000,0" yaku="8,1" doraHai="99" who="1" fromWho="0" sc="324,-10,370,10,94,0,212,0" owari="314,11.4,380,48.0,94,-40.6,212,-18.8" /></mjloggm>