<mjloggm ver="2.3"><GO type="225" lobby="0"/><UN n0="%E6%81%A5%E6%99%92%E3%81%97" n1="%E7%99%BD%E6%98%BC%E9%87%8C%E7%9A%84%E5%A4%9C" n2="%E7%99%BD%E5%80%89%E5%AF%9B%E4%B9%8B" n3="%E5%91%A8%E6%9D%B1" dan="16,16,16,16" rate="2090.83,2078.55,2138.11,2164.87" sx="M,M,M,M"/><TAIKYOKU oya="0"/><INIT seed="0,0,0,1,3,18" ten="250,250,250,250" oya="0" hai0="98,95,97,128,5,22,1,86,60,68,39,116,99" hai1="31,7,126,13,70,106,51,72,121,6,8,80,132" hai2="133,78,10,105,34,88,127,79,67,16,82,112,32" hai3="46,2,63,77,61,131,118,110,124,15,65,57,47"/><T111/><D116/><U25/><E70/><V117/><F105/><W108/><G2/><T114/><D114/><U54/><E106/><V113/><F117/><W24/><G118/><T66/><D39/><U93/><E121/><V76/><F127/><W120/><G77/><T101/><D128/><U17/><E126/><V130/><F130/><W55/><G124/><T107/><D111/><N who="3" m="42537" /><G131/><T135/><D135/><U134/><E93/><V53/><F133/><N who="1" m="51305" /><E80/><V104/><F104/><W48/><G120/><T64/><D64/><U102/><E102/><V81/><F67/><N who="3" m="39343" /><G15/><T11/><D107/><U33/><E72/><V56/><F112/><W74/><G24/><T59/><D68/><U129/><E129/><V103/><F103/><W75/><G47/><AGARI ba="0,0" hai="6,7,8,13,17,25,31,33,47,51,54" m="51305" machi="47" ten="30,1000,0" yaku="20,1" doraHai="18" who="1" fromWho="3" sc="250,0,250,10,250,0,250,-10" /><INIT seed="1,0,0,2,5,38" ten="250,260,250,240" oya="1" hai0="115,21,102,24,60,37,128,87,68,17,122,94,49" hai1="4,25,13,111,41,113,53,101,58,0,52,14,45" hai2="18,132,97,28,99,23,120,40,95,124,89,30,33" hai3="110,108,46,67,80,133,82,48,64,34,92,119,32"/><U31/><E113/><V47/><F120/><W22/><G133/><T2/><D115/><U26/><E111/><N who="3" m="42538" /><G119/><T96/><D128/><U43/><E101/><V117/><F117/><W85/><G92/><T73/><D73/><U91/><E0/><V71/><F71/><W55/><G22/><T84/><D37/><U130/><E130/><V11/><F132/><W44/><G44/><T5/><D122/><U69/><E69/><V118/><F124/><W50/><G50/><T76/><D76/><U100/><E100/><V81/><F33/><N who="3" m="12907" /><G82/><T54/><D49/><N who="1" m="28719" /><E91/><AGARI ba="0,0" hai="46,48,55,64,67,80,85,91" m="12907,42538" machi="91" ten="30,1000,0" yaku="14,1" doraHai="38" who="3" fromWho="1" sc="250,0,260,-10,250,0,240,10" /><INIT seed="2,0,0,1,0,66" ten="250,250,250,250" oya="2" hai0="82,116,87,56,57,124,125,32,40,98,39,43,110" hai1="90,117,1,70,45,86,6,100,123,13,5,133,122" hai2="108,92,31,135,12,11,58,26,101,44,16,41,96" hai3="104,34,128,67,65,49,54,81,53,30,134,84,23"/><V9/><F135/><W33/><G134/><T50/><D32/><U78/><E133/><V28/><F108/><W94/><G104/><T35/><D35/><U4/><E117/><V102/><F102/><W69/><G128/><T62/><D110/><U17/><E1/><V7/><F58/><W91/><G34/><T64/><D98/><U97/><E78/><V42/><F42/><N who="0" m="15914" /><D39/><U60/><E45/><V61/><F61/><W22/><G33/><T121/><D121/><N who="1" m="46091" /><E60/><V14/><REACH who="2" step="1"/><F26/><REACH who="2" ten="250,250,240,250" step="2"/><W46/><G46/><T74/><D62/><U93/><E70/><V95/><F95/><W113/><G69/><T36/><D57/><U52/><E52/><V111/><F111/><W71/><G71/><T21/><D56/><U55/><E55/><V68/><F68/><W2/><G54/><T25/><D64/><U129/><E129/><V107/><F107/><W19/><G67/><T24/><D116/><U48/><E48/><AGARI ba="0,1" hai="7,9,11,12,14,16,28,31,41,44,48,92,96,101" machi="48" ten="30,11600,0" yaku="1,1,7,1,8,1,54,1,53,0" doraHai="66" doraHaiUra="85" who="2" fromWho="1" sc="250,0,250,-116,240,126,250,0" /><INIT seed="2,1,0,2,5,81" ten="250,134,366,250" oya="2" hai0="56,60,121,52,3,98,31,69,65,106,18,42,35" hai1="12,115,78,130,111,94,63,100,55,135,117,51,92" hai2="71,48,89,40,19,61,84,49,123,85,14,25,109" hai3="66,82,10,73,132,120,105,95,103,34,88,46,13"/><V29/><F123/><W30/><G132/><T50/><D121/><U57/><E135/><V59/><F71/><W21/><G120/><T22/><D3/><U125/><E115/><V91/><F109/><W104/><G66/><T83/><D83/><U112/><E111/><V134/><F134/><W27/><G34/><T129/><D129/><U1/><E112/><V107/><F107/><W17/><G103/><T122/><D122/><U8/><E1/><V124/><F124/><W68/><G68/><T39/><D35/><U97/><E130/><V128/><F128/><W131/><G131/><T24/><D18/><U113/><E113/><V37/><F37/><W74/><G46/><N who="0" m="23903" /><D98/><U87/><E125/><V9/><F40/><W96/><G74/><T101/><D101/><U6/><E117/><V133/><F133/><W79/><AGARI ba="1,0" hai="10,13,17,21,27,30,73,79,82,88,95,96,104,105" machi="79" ten="30,2000,0" yaku="0,1,54,1" doraHai="81" who="3" fromWho="3" sc="250,-6,134,-6,366,-11,250,23" /><INIT seed="3,0,0,1,0,7" ten="244,128,355,273" oya="3" hai0="85,19,48,109,70,110,13,59,122,47,103,24,25" hai1="114,84,78,61,102,121,96,4,71,6,116,115,55" hai2="23,12,27,57,86,66,75,45,14,74,79,83,17" hai3="129,11,62,3,42,5,90,101,100,32,112,41,49"/><W82/><G112/><T67/><D122/><U72/><E84/><V30/><F14/><W43/><G32/><T65/><D70/><U68/><E55/><V33/><F66/><N who="0" m="25098" /><D103/><U26/><E26/><V127/><F127/><W94/><G129/><T123/><D123/><U89/><E121/><V106/><F106/><W77/><G62/><T56/><D85/><U88/><E61/><V0/><F57/><N who="0" m="22090" /><D109/><U111/><E102/><V97/><F97/><W113/><G113/><T1/><D1/><U38/><E96/><V108/><F108/><W130/><G130/><T134/><D134/><U128/><E111/><V120/><F120/><W60/><G60/><T36/><D36/><U104/><E128/><V81/><F81/><W131/><G131/><T10/><D110/><U50/><E104/><V21/><F0/><W63/><G63/><T53/><AGARI ba="0,0" hai="10,13,19,24,25,47,48,53" m="22090,25098" machi="53" ten="30,2000,0" yaku="8,1,52,1" doraHai="7" who="0" fromWho="0" sc="244,20,128,-5,355,-5,273,-10" owari="264,6.4,123,-37.7,350,45.0,263,-13.7" /></mjloggm>