<mjloggm ver="2.3"><GO type="225" lobby="0"/><UN n0="%E3%81%BF%E3%81%BF%E3%81%9A" n1="%E3%81%BD%E3%81%A1%E3%81%9F%E3%81%93%E3%82%84" n2="%43%55%4B%45%59" n3="%E3%83%96%E3%83%83%E3%83%91%E3%82%AA%E3%83%96%E3%83%81%E3%82%AD%E3%83%B3" dan="17,16,16,16" rate="2199.33,2128.84,2126.56,2206.48" sx="M,M,M,M"/><TAIKYOKU oya="0"/><INIT seed="0,0,0,5,5,124" ten="250,250,250,250" oya="0" hai0="116,76,55,57,132,74,61,16,122,123,117,22,78" hai1="110,51,92,53,45,28,83,14,100,115,1,44,10" hai2="49,39,23,15,108,73,98,121,65,80,82,43,107" hai3="120,87,5,8,11,111,134,70,84,2,109,48,40"/><T89/><D132/><U128/><E1/><V32/><F32/><W30/><G70/><T36/><D36/><U13/><E110/><N who="3" m="41994" /><G134/><T105/><D105/><U56/><E115/><V31/><F39/><W42/><G120/><T102/><D102/><U7/><E128/><V47/><F108/><W119/><G119/><T127/><D127/><U94/><E28/><V18/><F121/><W24/><G8/><T88/><D122/><U0/><E0/><V135/><F135/><W59/><G59/><T79/><D74/><U62/><E83/><V6/><F31/><W68/><G68/><T96/><D123/><U95/><E44/><V63/><F73/><W85/><G48/><T129/><D129/><U69/><E69/><V90/><F6/><W71/><G71/><T106/><D106/><U34/><E34/><AGARI ba="0,0" hai="2,5,11,24,30,34,40,42,84,85,87" m="41994" machi="34" ten="30,1000,0" yaku="14,1" doraHai="124" who="3" fromWho="1" sc="250,0,250,-10,250,0,250,10" /><INIT seed="1,0,0,4,4,75" ten="250,240,250,260" oya="1" hai0="28,74,130,96,29,7,3,112,22,127,131,17,15" hai1="46,113,97,25,118,9,79,0,6,53,35,24,39" hai2="98,69,43,61,111,81,73,19,82,84,119,68,10" hai3="121,124,59,135,93,36,91,40,56,42,55,126,83"/><U87/><E113/><V38/><F111/><W107/><G121/><T115/><D74/><U27/><E118/><V65/><F119/><W110/><G107/><T122/><D96/><U21/><E35/><V33/><F33/><W64/><G110/><T14/><D122/><U70/><E70/><V85/><F73/><W128/><G36/><T1/><D127/><N who="3" m="48681" /><G83/><T49/><D49/><U114/><E114/><N who="0" m="43561" /><D14/><U47/><E97/><V78/><F98/><N who="3" m="57663" /><G135/><T117/><D117/><U106/><E106/><V58/><F43/><N who="3" m="16427" /><G128/><N who="0" m="49195" /><D7/><U41/><E47/><V57/><F38/><W72/><G72/><T54/><D54/><U67/><E53/><V120/><F69/><W8/><G64/><T123/><D123/><U88/><E67/><V108/><F120/><W86/><G86/><T133/><D133/><U116/><E116/><V44/><F108/><W80/><G55/><T31/><AGARI ba="0,0" hai="1,3,15,17,22,28,29,31" m="49195,43561" machi="31" ten="40,5200,0" yaku="19,1,34,2" doraHai="75" who="0" fromWho="0" sc="250,52,240,-26,250,-13,260,-13" /><INIT seed="2,0,0,0,0,92" ten="302,214,237,247" oya="2" hai0="13,43,107,26,123,130,36,124,60,15,49,76,86" hai1="133,6,95,16,51,101,81,67,12,85,135,72,44" hai2="7,56,108,58,11,112,23,125,90,27,104,50,22" hai3="0,109,10,84,42,55,3,93,48,4,131,18,100"/><V24/><F104/><W69/><G109/><T19/><D123/><U31/><E31/><V88/><F112/><W35/><G131/><T98/><D36/><U40/><E6/><V121/><F108/><W106/><G35/><T120/><D120/><U79/><E67/><V111/><F111/><W65/><G42/><T91/><D130/><U39/><E39/><V134/><F125/><W117/><G117/><T14/><D124/><U96/><REACH who="1" step="1"/><E72/><REACH who="1" ten="302,204,237,247" step="2"/><V132/><F121/><W64/><G64/><T83/><D19/><U21/><AGARI ba="0,1" hai="12,16,21,40,44,51,79,81,85,95,96,101,133,135" machi="21" ten="30,8000,1" yaku="1,1,2,1,0,1,52,1,54,1,53,0" doraHai="92" doraHaiUra="115" who="1" fromWho="1" sc="302,-20,204,90,237,-40,247,-20" /><INIT seed="3,0,0,5,3,125" ten="282,294,197,227" oya="3" hai0="38,122,33,130,78,17,37,85,49,76,115,108,80" hai1="62,77,59,29,74,68,14,94,25,72,60,58,66" hai2="117,134,16,50,53,64,109,79,47,114,97,133,93" hai3="135,55,92,111,23,26,113,12,54,105,39,4,81"/><W41/><G113/><T56/><D122/><U103/><E14/><V107/><F114/><W110/><G105/><T84/><D115/><U63/><E68/><V43/><F117/><W46/><G135/><N who="2" m="51721" /><F109/><N who="3" m="41483" /><G92/><T51/><D108/><U42/><E42/><V100/><F79/><W83/><G12/><T116/><D33/><U71/><E63/><V128/><F128/><W2/><G4/><T132/><D130/><U57/><E62/><V48/><F64/><W35/><G35/><T95/><D116/><U6/><E6/><V45/><F107/><W99/><G99/><T21/><D132/><U18/><E18/><AGARI ba="0,0" hai="16,18,43,45,47,48,50,53,93,97,100" m="51721" machi="18" ten="30,2000,0" yaku="20,1,54,1" doraHai="125" who="2" fromWho="1" sc="282,0,294,-20,197,20,227,0" /><INIT seed="4,0,0,4,0,129" ten="282,274,217,227" oya="0" hai0="44,120,94,59,14,38,46,4,86,77,11,108,29" hai1="135,125,82,35,49,34,95,90,60,115,20,126,114" hai2="103,56,36,62,51,102,19,61,27,26,131,55,130" hai3="37,50,128,5,83,12,105,0,24,87,58,45,119"/><T16/><D120/><U99/><E135/><V30/><F36/><W52/><G119/><T91/><D108/><U65/><E49/><V121/><F121/><W70/><G128/><N who="2" m="49193" /><F19/><W100/><G70/><T33/><D38/><U89/><E20/><N who="2" m="15687" /><F27/><W81/><G0/><T96/><D33/><N who="1" m="12299" /><E82/><N who="3" m="31242" /><G105/><T117/><D117/><U8/><E8/><V53/><F62/><N who="3" m="36167" /><G37/><T80/><D29/><U25/><E25/><V7/><F7/><W1/><G1/><T13/><D59/><AGARI ba="0,0" hai="51,53,55,56,59,61,102,103" m="15687,49193" machi="59" ten="30,1000,0" yaku="19,1" doraHai="129" who="2" fromWho="0" sc="282,-10,274,0,217,10,227,0" /><INIT seed="5,0,0,3,4,129" ten="272,274,227,227" oya="1" hai0="22,94,4,33,92,109,115,38,101,55,67,5,28" hai1="25,82,122,17,134,37,11,21,98,43,44,62,63" hai2="19,127,47,20,76,30,69,117,1,34,15,114,42" hai3="135,27,131,23,50,87,118,78,3,126,91,75,73"/><U121/><E134/><V79/><F117/><W31/><G118/><T51/><D109/><U36/><E36/><V120/><F120/><W49/><G131/><T71/><D33/><U8/><E98/><V128/><F127/><W59/><G126/><T24/><D38/><U72/><E121/><V97/><F69/><W10/><G78/><T80/><D115/><U57/><E122/><V103/><F114/><W123/><G123/><T85/><D67/><U113/><E113/><V93/><F1/><W70/><G70/><T40/><D40/><U35/><E35/><V81/><F128/><W32/><G32/><T90/><D71/><U66/><REACH who="1" step="1"/><E63/><REACH who="1" ten="272,264,227,227" step="2"/><V116/><F34/><W110/><G110/><T60/><D60/><U100/><E100/><V45/><F116/><W132/><G75/><T86/><D101/><U99/><E99/><V130/><F130/><W61/><G73/><T29/><D86/><U41/><E41/><V52/><F42/><W68/><G68/><T0/><D85/><U65/><E65/><V84/><F103/><W6/><G135/><T108/><D108/><U53/><E53/><V96/><F52/><N who="3" m="34023" /><G132/><T105/><D55/><U39/><E39/><V16/><F97/><W7/><G7/><T77/><D4/><U26/><E26/><N who="2" m="14599" /><F96/><W111/><G111/><T2/><D5/><U88/><E88/><N who="2" m="53383" /><F76/><AGARI ba="0,1" hai="8,11,17,21,25,37,43,44,57,62,66,72,76,82" machi="76" ten="40,3900,0" yaku="1,1,53,1" doraHai="129" doraHaiUra="18" who="1" fromWho="2" sc="272,0,264,49,227,-39,227,0" owari="272,7.2,313,41.3,188,-31.2,227,-17.3" /></mjloggm>