<mjloggm ver="2.3"><GO type="225" lobby="0"/><UN n0="%E8%B5%A4%E3%81%84%E8%9B%99%31%31" n1="%E5%A4%A7%E5%A4%A7%E5%B2%A1%E5%B1%B1%EF%BC%A0%E6%A8%AA%E6%B5%9C" n2="%E3%83%96%E3%83%83%E3%83%91%E3%82%AA%E3%83%96%E3%83%81%E3%82%AD%E3%83%B3" n3="%E3%81%8B%E3%82%8F%E3%81%A1%E3%82%83%E3%82%93%35%38" dan="16,16,16,16" rate="2096.38,2097.78,2183.15,2120.44" sx="M,M,M,M"/><TAIKYOKU oya="0"/><INIT seed="0,0,0,0,1,73" ten="250,250,250,250" oya="0" hai0="1,109,93,115,112,23,84,52,53,7,86,72,97" hai1="98,127,81,8,22,116,99,25,119,30,121,26,125" hai2="113,114,37,12,96,21,70,122,5,58,66,36,124" hai3="76,94,9,29,133,19,11,129,32,63,75,55,41"/><T104/><D72/><U16/><E121/><V54/><F122/><W83/><G133/><T107/><D109/><U35/><E81/><V2/><F124/><N who="1" m="47689" /><E99/><V135/><F135/><W45/><G129/><T69/><D69/><U64/><E98/><V80/><F2/><W111/><G111/><T34/><D34/><U89/><E89/><V110/><F110/><W47/><G94/><T67/><D67/><U42/><E42/><V48/><F96/><W95/><G95/><T79/><D23/><N who="1" m="13543" /><E64/><V103/><F80/><W132/><G132/><T31/><D93/><U87/><E87/><V59/><F66/><W17/><G17/><T60/><D97/><U92/><E92/><V118/><F103/><W105/><G19/><T91/><D91/><U74/><E74/><V102/><F102/><W10/><G105/><T120/><D120/><U33/><E8/><V40/><F40/><W62/><G55/><T49/><D107/><U78/><E78/><V65/><F54/><W24/><REACH who="3" step="1"/><G47/><REACH who="3" ten="250,250,250,240" step="2"/><N who="0" m="27711" /><D104/><U50/><E50/><AGARI ba="0,1" hai="9,10,11,24,29,32,41,45,50,62,63,75,76,83" machi="50" ten="40,2600,0" yaku="1,1,52,1,53,0" doraHai="73" doraHaiUra="88" who="3" fromWho="1" sc="250,0,250,-26,250,0,240,36" /><INIT seed="1,0,0,0,5,52" ten="250,224,250,276" oya="1" hai0="17,127,61,16,98,20,97,104,74,3,91,40,13" hai1="58,26,115,70,78,22,31,72,120,56,38,103,0" hai2="101,29,65,5,90,34,119,135,43,89,8,96,82" hai3="41,107,88,59,19,71,9,2,48,105,18,39,57"/><U66/><E115/><V46/><F119/><W111/><G71/><T30/><D127/><U49/><E120/><V12/><F135/><W108/><G39/><T45/><D74/><U83/><E38/><V131/><F131/><W14/><G2/><T93/><D3/><U129/><E0/><V62/><F82/><W73/><G73/><T10/><D30/><U124/><E124/><V64/><F34/><W32/><G32/><T126/><D61/><U21/><E129/><V118/><F29/><W87/><G19/><T112/><D112/><U7/><E7/><V81/><F118/><W125/><G125/><T63/><D63/><U77/><E77/><V60/><F81/><N who="3" m="49263" /><G41/><T130/><D130/><U50/><E103/><V132/><F132/><W53/><G57/><N who="1" m="22122" /><E70/><V121/><F121/><W42/><G42/><T67/><D67/><U116/><E66/><V54/><F65/><W33/><G33/><T94/><D104/><U28/><E116/><V24/><F64/><W86/><G86/><T6/><D126/><U84/><E72/><V75/><F75/><W95/><G95/><T15/><D6/><U1/><E1/><V92/><F5/><W80/><G80/><T76/><D76/><U27/><AGARI ba="0,0" hai="21,22,26,27,28,31,49,50,78,83,84" m="22122" machi="27" ten="30,11700,0" yaku="8,1,52,3" doraHai="52" who="1" fromWho="1" sc="250,-39,224,117,250,-39,276,-39" /><INIT seed="1,1,0,4,0,11" ten="211,341,211,237" oya="1" hai0="130,32,7,52,112,54,74,22,53,69,62,98,106" hai1="5,97,8,2,89,113,77,39,29,128,110,40,27" hai2="20,50,70,43,127,10,71,88,117,105,36,46,64" hai3="102,6,38,35,25,103,4,44,90,115,85,51,84"/><U134/><E113/><V14/><F117/><W107/><G38/><T33/><D74/><U23/><E77/><V100/><F127/><W126/><G115/><T49/><D112/><U16/><E134/><V31/><F105/><W94/><G126/><T42/><D7/><U26/><E128/><V65/><F100/><N who="3" m="38443" /><G35/><T37/><D106/><U101/><E89/><V24/><F36/><W79/><G107/><T92/><D130/><U114/><E114/><V109/><F109/><W95/><G25/><T63/><D22/><U15/><E110/><V18/><REACH who="2" step="1"/><F88/><REACH who="2" ten="211,341,201,237" step="2"/><N who="3" m="53511" /><G79/><T1/><D33/><N who="1" m="20663" /><E39/><V122/><F122/><W78/><G78/><T119/><D32/><U131/><E131/><V60/><F60/><W13/><G13/><T19/><D119/><U66/><E101/><V28/><F28/><W59/><G59/><T58/><D37/><U9/><E97/><V116/><F116/><W108/><G108/><T123/><D123/><U75/><E75/><V57/><F57/><W93/><G93/><T135/><D92/><U96/><E96/><V21/><F21/><W30/><G30/><T48/><D98/><U104/><E104/><V55/><F55/><AGARI ba="1,1" hai="4,6,44,51,55,85,90,95" m="53511,38443" machi="55" ten="30,2000,0" yaku="8,1,54,1" doraHai="11" who="3" fromWho="2" sc="211,0,341,0,201,-23,237,33" /><INIT seed="2,0,0,4,4,27" ten="211,341,178,270" oya="2" hai0="45,11,95,64,87,3,63,26,61,135,46,20,109" hai1="116,126,123,54,130,36,115,96,88,73,77,108,55" hai2="110,128,23,118,21,84,51,134,10,117,127,18,75" hai3="122,19,79,35,133,39,112,119,8,121,99,49,38"/><V60/><F75/><W14/><G79/><T80/><D109/><U47/><E115/><V32/><F32/><W9/><G99/><T7/><D95/><N who="1" m="56423" /><E116/><V90/><F110/><W44/><G119/><T31/><D135/><U107/><E107/><V111/><F111/><W28/><G133/><T89/><REACH who="0" step="1"/><D63/><REACH who="0" ten="201,341,178,270" step="2"/><U6/><E108/><V0/><F134/><W129/><G112/><T124/><D124/><U101/><E126/><V71/><F127/><W52/><G122/><T41/><D41/><U83/><E123/><V70/><F118/><W48/><G121/><T91/><D91/><U65/><E101/><V13/><F117/><W4/><G129/><T58/><AGARI ba="0,1" hai="3,7,11,20,26,31,45,46,58,61,64,80,87,89" machi="58" ten="20,5200,0" yaku="1,1,0,1,7,1,52,1,53,0" doraHai="27" doraHaiUra="93" who="0" fromWho="0" sc="201,62,341,-13,178,-26,270,-13" /><INIT seed="3,0,0,2,1,9" ten="263,328,152,257" oya="3" hai0="57,5,12,109,134,72,10,8,49,132,121,28,48" hai1="77,87,69,65,11,27,40,114,0,39,105,108,54" hai2="18,6,107,16,13,118,104,113,126,80,84,58,24" hai3="128,120,71,26,55,73,92,99,110,85,127,133,112"/><W21/><G112/><T47/><D121/><U76/><E105/><V45/><F113/><W67/><G73/><T111/><D72/><U14/><E0/><V123/><F118/><W2/><G2/><T93/><D93/><U97/><E97/><V23/><F123/><W42/><G120/><T115/><D57/><U64/><E39/><V131/><F126/><W7/><G7/><T117/><D115/><U33/><E40/><V88/><F131/><W100/><G42/><T91/><D91/><U53/><E27/><V98/><F6/><W122/><G122/><T129/><D129/><U96/><E33/><V101/><F58/><W1/><G1/><N who="0" m="47" /><D28/><U56/><E96/><V20/><F45/><W60/><G128/><T43/><D48/><N who="1" m="30759" /><E69/><V90/><F104/><W74/><G74/><T68/><D68/><U79/><E54/><V81/><F80/><W44/><G127/><T94/><D94/><U103/><E103/><V52/><F52/><W102/><G102/><T125/><D125/><U15/><E114/><V78/><AGARI ba="0,0" hai="13,16,18,20,23,24,78,81,84,88,90,98,101,107" machi="78" ten="20,8000,1" yaku="0,1,7,1,52,1,54,2" doraHai="9" who="2" fromWho="2" sc="263,-20,328,-20,152,80,257,-40" owari="243,4.3,308,40.8,232,-16.8,217,-28.3" /></mjloggm>