<mjloggm ver="2.3"><GO type="225" lobby="0"/><UN n0="%E6%B7%91%E5%A5%B3%E3%81%AE%E5%97%9C%E3%81%BF" n1="%E3%81%B2%E3%81%AA%E3%81%AE%E3%82%8A%E3%81%8F" n2="%E3%83%B4%E3%83%A0%EF%BC%99%E3%81%A6" n3="%E5%91%A8%E6%9D%B1" dan="16,16,16,17" rate="2102.91,2060.58,2160.76,2209.53" sx="M,M,M,M"/><TAIKYOKU oya="0"/><INIT seed="0,0,0,5,5,80" ten="250,250,250,250" oya="0" hai0="116,84,69,123,53,81,14,42,100,32,51,59,10" hai1="109,97,27,76,119,15,98,68,113,28,85,58,121" hai2="78,101,19,45,102,105,47,62,94,67,117,86,126" hai3="60,92,75,40,25,24,122,108,38,12,71,96,111"/><T132/><D116/><U22/><E119/><V130/><F117/><W29/><G75/><T93/><D123/><U129/><E68/><V16/><F105/><W30/><G122/><T54/><D32/><U64/><E121/><V46/><F126/><W1/><G1/><T48/><D69/><U89/><E109/><N who="3" m="42058" /><G12/><T128/><D128/><U43/><E129/><V41/><F41/><W20/><G40/><T9/><D132/><U99/><E76/><V57/><F130/><W70/><G60/><T17/><D42/><U23/><E43/><V66/><F66/><W114/><G114/><T72/><D72/><U118/><E118/><V95/><F95/><W34/><G38/><T39/><D39/><U107/><E107/><V82/><F94/><W112/><G112/><T134/><D134/><U18/><E113/><V35/><F35/><W4/><G4/><T6/><D93/><N who="1" m="54447" /><E58/><V26/><F26/><W74/><G74/><T7/><D100/><AGARI ba="0,0" hai="16,19,45,46,47,57,62,67,78,82,86,100,101,102" machi="100" ten="40,5200,0" yaku="8,1,52,1,54,1" doraHai="80" who="2" fromWho="0" sc="250,-52,250,0,250,52,250,0" /><AGARI ba="0,0" hai="20,24,25,29,30,34,70,71,92,96,100" m="42058" machi="100" ten="30,1000,0" yaku="14,1" doraHai="80" who="3" fromWho="0" sc="198,-10,250,0,302,0,250,10" /><INIT seed="1,0,0,4,2,9" ten="188,250,302,260" oya="1" hai0="66,77,123,1,26,10,94,22,14,29,86,64,129" hai1="61,127,39,7,47,24,73,0,109,65,13,36,12" hai2="104,91,62,99,84,16,101,20,111,11,2,82,30" hai3="132,44,37,124,50,119,89,97,130,25,3,88,43"/><U128/><E127/><V46/><F111/><W54/><G3/><T42/><D129/><U57/><E128/><V59/><F30/><W114/><G130/><T21/><D123/><U75/><E109/><V125/><F125/><W95/><G124/><T121/><D121/><U58/><E24/><V49/><F2/><W100/><G114/><T134/><D134/><U126/><E126/><V72/><F72/><W115/><G115/><T118/><D118/><U103/><E103/><V53/><F11/><W71/><G132/><T78/><D1/><U45/><E0/><V40/><F20/><W41/><G119/><T74/><D42/><U117/><E61/><V69/><F69/><W55/><G71/><T17/><D74/><U27/><E27/><V34/><F34/><W4/><G4/><T67/><REACH who="0" step="1"/><D10/><REACH who="0" ten="178,250,302,260" step="2"/><U15/><E117/><V76/><F40/><W120/><G120/><T68/><D68/><U31/><E39/><V96/><F104/><W81/><G41/><T110/><D110/><U85/><E36/><V112/><F112/><W122/><G122/><T56/><D56/><U70/><E70/><V18/><F59/><W5/><G37/><T102/><D102/><U106/><E73/><V93/><F101/><W135/><G135/><T35/><D35/><U60/><E75/><V80/><F46/><W79/><G43/><T51/><D51/><U8/><E58/><V48/><F48/><W98/><G50/><T33/><D33/><U63/><E57/><V38/><F49/><W52/><G44/><T28/><D28/><U32/><E31/><V105/><F38/><RYUUKYOKU ba="0,1" sc="178,30,250,-10,302,-10,260,-10" hai0="14,17,21,22,26,29,64,66,67,77,78,86,94" /><INIT seed="2,1,1,4,4,59" ten="208,240,292,250" oya="2" hai0="75,29,97,17,58,3,39,119,79,11,86,129,6" hai1="13,4,102,110,26,109,34,134,47,53,46,94,22" hai2="112,64,7,121,67,114,99,120,51,88,48,43,61" hai3="100,14,31,117,126,44,89,105,54,20,8,63,1"/><V65/><F7/><W62/><G117/><T71/><D119/><U76/><E76/><V98/><F88/><W81/><G126/><T49/><D129/><U32/><E134/><V41/><F98/><W122/><G122/><N who="2" m="47209" /><F99/><W30/><G1/><T57/><D71/><U19/><E102/><V21/><F21/><W42/><G105/><T70/><D70/><U90/><E4/><V74/><F74/><W132/><G100/><T106/><D39/><U115/><E115/><N who="2" m="44075" /><F61/><N who="3" m="23051" /><G20/><T52/><D75/><U78/><E34/><V96/><F96/><W69/><G132/><T95/><D106/><U60/><E22/><V45/><F45/><W80/><G69/><T68/><D68/><U131/><E46/><V101/><F101/><W10/><G10/><T116/><D11/><U124/><E47/><V25/><F25/><W56/><G89/><T37/><D3/><U93/><E26/><V127/><F127/><W84/><G84/><T135/><D86/><U83/><E90/><V107/><F107/><W72/><G72/><T123/><D123/><U128/><E124/><V91/><F91/><W50/><G81/><T9/><D9/><U111/><E83/><V103/><F103/><W0/><G80/><T40/><D97/><U24/><E24/><V130/><F130/><N who="1" m="49705" /><E32/><V2/><F2/><W104/><G0/><T118/><D118/><U5/><E5/><V15/><F15/><W133/><G104/><T73/><D116/><U23/><E78/><V108/><F108/><W16/><G133/><T87/><D135/><U18/><E18/><V82/><F82/><W66/><G66/><RYUUKYOKU ba="1,1" sc="208,-30,240,10,292,10,250,10" hai1="13,19,23,53,60,93,94,109,110,111" hai2="41,43,48,51,64,65,67" hai3="8,14,16,30,31,42,44,50,54,56" /><INIT seed="2,2,1,3,5,71" ten="178,250,302,260" oya="2" hai0="66,34,31,22,52,126,98,16,61,107,43,51,69" hai1="3,55,91,62,11,110,122,118,95,75,14,86,5" hai2="121,92,13,133,1,108,49,78,10,25,101,28,40" hai3="88,6,94,50,115,32,102,80,56,37,27,72,70"/><V57/><F121/><W77/><G70/><T84/><D126/><U68/><E118/><V123/><F123/><W30/><G115/><T58/><D34/><U29/><E122/><V53/><F133/><W60/><G6/><T17/><D43/><U24/><E75/><V93/><F1/><W90/><G50/><T116/><D116/><U79/><E79/><V124/><F124/><W41/><G102/><T83/><D31/><U132/><E110/><V48/><F108/><W44/><REACH who="3" step="1"/><G94/><REACH who="3" ten="178,250,302,250" step="2"/><T2/><D2/><U134/><E3/><V82/><F101/><W46/><G46/><T130/><D130/><U7/><E5/><V131/><F131/><W100/><G100/><T85/><D107/><U113/><E113/><V15/><F49/><W125/><G125/><T64/><D69/><U67/><E132/><V81/><F93/><W114/><G114/><T111/><D51/><U54/><E134/><V59/><F92/><W19/><G19/><T38/><D17/><U20/><AGARI ba="2,2" hai="7,11,14,20,24,29,54,55,62,67,68,86,91,95" machi="20" ten="20,1500,0" yaku="0,1,7,1" doraHai="71" who="1" fromWho="1" sc="178,-6,250,41,302,-9,250,-6" /><INIT seed="3,0,0,4,0,79" ten="172,291,293,244" oya="3" hai0="14,108,121,45,95,111,71,53,36,35,24,49,129" hai1="84,86,93,119,47,114,78,73,63,98,97,8,92" hai2="70,50,34,52,131,18,65,125,88,68,20,133,44" hai3="102,64,28,75,74,69,85,51,112,33,122,127,59"/><W120/><G112/><T13/><D121/><U89/><E114/><V29/><F34/><W104/><G51/><T42/><D95/><U37/><E119/><V96/><F29/><W105/><G59/><N who="0" m="33199" /><D14/><U55/><E37/><V117/><F117/><W58/><G104/><T32/><D13/><U130/><E130/><V66/><F131/><W126/><G33/><T10/><D10/><U15/><E47/><V4/><F4/><W123/><G28/><T132/><D24/><U124/><E124/><N who="3" m="47658" /><G69/><T41/><D32/><U82/><E55/><V62/><F125/><W113/><G113/><T77/><D77/><U72/><E63/><V12/><F133/><W106/><G105/><T128/><D35/><U118/><E118/><V17/><F68/><W0/><G0/><T43/><D71/><U101/><E73/><V60/><F70/><W22/><G22/><T76/><D76/><U6/><AGARI ba="0,0" hai="6,8,15,72,78,82,84,86,89,92,93,97,98,101" machi="6" ten="20,2700,0" yaku="0,1,7,1,52,1" doraHai="79" who="1" fromWho="1" sc="172,-7,291,27,293,-7,244,-13" owari="165,-33.5,318,41.8,286,8.6,231,-16.9" /></mjloggm>