<mjloggm ver="2.3"><GO type="225" lobby="0"/><UN n0="%E3%81%8A%E3%81%AB%E3%82%83%E3%81%8A%E3%81%A1%E3%82%83" n1="%E4%B8%89%E9%80%A3%E7%99%BA" n2="%4B%2E%32%2E%4B%2E" n3="%E9%A6%AC%E5%BC%95%E7%81%AB%33" dan="16,16,16,16" rate="2078.03,2161.03,2182.21,2099.09" sx="M,M,M,M"/><TAIKYOKU oya="0"/><INIT seed="0,0,0,4,0,130" ten="250,250,250,250" oya="0" hai0="25,51,43,125,66,70,48,3,81,39,98,94,17" hai1="2,54,60,96,105,8,20,21,90,11,114,29,15" hai2="109,42,44,135,6,89,65,119,50,63,80,34,124" hai3="82,27,99,84,101,52,26,93,87,7,133,107,22"/><T111/><D3/><U108/><E108/><V23/><F34/><W40/><G133/><T12/><D111/><U0/><E105/><V132/><F109/><W33/><G40/><T78/><D125/><U123/><E96/><V61/><F124/><W103/><G7/><T121/><D121/><U112/><E90/><V36/><F119/><W91/><G33/><T57/><D25/><N who="1" m="16551" /><E54/><V38/><F6/><W76/><G103/><T134/><D134/><N who="2" m="51242" /><F23/><W75/><G22/><T106/><D106/><U1/><E60/><N who="2" m="23115" /><F65/><W74/><G74/><T55/><D70/><U67/><E67/><V129/><F129/><W127/><G127/><T122/><D66/><U62/><E62/><V58/><F58/><W28/><G28/><T110/><D122/><U14/><E21/><V97/><F97/><W71/><G71/><T45/><D110/><U68/><E123/><V13/><F13/><N who="1" m="4617" /><E68/><V30/><F30/><W53/><G27/><T10/><D57/><U86/><E86/><AGARI ba="0,0" hai="36,38,42,44,50,80,86,89" m="23115,51242" machi="86" ten="30,7700,0" yaku="20,1,52,3" doraHai="130" who="2" fromWho="1" sc="250,0,250,-77,250,77,250,0" /><INIT seed="1,0,0,0,0,128" ten="250,173,327,250" oya="1" hai0="101,66,20,1,32,41,112,119,27,84,59,134,64" hai1="94,93,37,30,54,77,69,5,90,18,9,121,16" hai2="125,21,33,55,85,105,17,3,104,102,28,116,23" hai3="78,127,34,113,131,117,98,43,129,88,46,65,99"/><U36/><E121/><V122/><F116/><W86/><G113/><T58/><D112/><U35/><E69/><V7/><F122/><W89/><G34/><T79/><D119/><U120/><E120/><V19/><F125/><W61/><G117/><T2/><D32/><U71/><E71/><V70/><F70/><N who="3" m="42287" /><G127/><T92/><D41/><U124/><E77/><V25/><F85/><W81/><G89/><T49/><D1/><U100/><E124/><V135/><F55/><W62/><G62/><T0/><D2/><U133/><E100/><V109/><F109/><W91/><G91/><T29/><D0/><U26/><E94/><V6/><F102/><W106/><G106/><T47/><D134/><U24/><E133/><V74/><F135/><W130/><G78/><T110/><D110/><U15/><E54/><V51/><F51/><AGARI ba="0,0" hai="43,46,51,81,86,88,98,99,129,130,131" m="42287" machi="51" ten="30,2000,0" yaku="19,1,54,1" doraHai="128" who="3" fromWho="2" sc="250,0,173,0,327,-20,250,20" /><INIT seed="2,0,0,2,0,3" ten="250,173,307,270" oya="2" hai0="73,117,9,60,91,16,11,41,128,17,30,131,83" hai1="71,97,59,6,95,80,87,113,66,32,10,44,28" hai2="90,124,61,54,57,53,109,76,56,25,122,102,125" hai3="38,135,67,49,127,110,82,94,116,112,15,1,114"/><V121/><F76/><W103/><G1/><T22/><D41/><U0/><E113/><N who="3" m="43626" /><G38/><T46/><D46/><U7/><E71/><V126/><F102/><W119/><G110/><T52/><D117/><U84/><E32/><V34/><F90/><W35/><G127/><T26/><D73/><U69/><E69/><V78/><F78/><W39/><G39/><T104/><D104/><U42/><E28/><N who="2" m="19727" /><F109/><W5/><G35/><T120/><D120/><U8/><E66/><V50/><AGARI ba="0,0" hai="50,53,54,56,57,61,121,122,124,125,126" m="19727" machi="50" ten="30,1500,0" yaku="18,1" doraHai="3" who="2" fromWho="2" sc="250,-5,173,-5,307,15,270,-5" /><INIT seed="2,1,0,0,2,133" ten="245,168,322,265" oya="2" hai0="102,96,122,40,56,38,34,6,57,73,90,22,14" hai1="134,7,92,44,28,106,20,29,54,23,72,78,48" hai2="17,43,19,135,0,51,55,3,87,64,24,114,91" hai3="81,47,4,33,67,79,132,97,61,88,104,127,118"/><V25/><F114/><W9/><G118/><T8/><D122/><U107/><E134/><V26/><F135/><W129/><G132/><T111/><D34/><U101/><E72/><V31/><F43/><W119/><G119/><T52/><D111/><U21/><E78/><V131/><F131/><W50/><G129/><T18/><D73/><U99/><REACH who="1" step="1"/><E7/><REACH who="1" ten="245,158,322,265" step="2"/><V126/><F31/><AGARI ba="1,1" hai="20,21,23,28,29,31,44,48,54,92,99,101,106,107" machi="31" ten="40,2600,0" yaku="1,1,2,1,53,0" doraHai="133" doraHaiUra="59" who="1" fromWho="2" sc="245,0,158,39,322,-29,265,0" /><INIT seed="3,0,0,1,0,97" ten="245,197,293,265" oya="3" hai0="64,87,117,41,18,27,63,76,86,99,104,1,74" hai1="39,49,72,7,14,52,68,46,111,66,121,50,40" hai2="55,22,106,78,53,43,9,60,2,58,31,81,70" hai3="102,73,116,71,6,131,84,135,94,44,118,122,19"/><W37/><G122/><T16/><D117/><U110/><E72/><V127/><F70/><W103/><G73/><T38/><D1/><U129/><E7/><V109/><F106/><W59/><G71/><T42/><D74/><U10/><E14/><V95/><F109/><N who="1" m="41481" /><E10/><V33/><F33/><W133/><G131/><T79/><D38/><U83/><E83/><V77/><F127/><W29/><G29/><T88/><D104/><U80/><E80/><V128/><F128/><W108/><G108/><T90/><D99/><U93/><E93/><V56/><F43/><N who="3" m="22639" /><G6/><T61/><D64/><U75/><E75/><V5/><F81/><W62/><G19/><T119/><D119/><N who="3" m="45609" /><G94/><T98/><D98/><U8/><E8/><V67/><F67/><N who="3" m="39391" /><G84/><T85/><D87/><U54/><E121/><V113/><F95/><W21/><G21/><T89/><D90/><U15/><E15/><V11/><F11/><W34/><G34/><T112/><D112/><U100/><E129/><V114/><F114/><W4/><G4/><T69/><D69/><U12/><E12/><N who="2" m="5167" /><F113/><W23/><G23/><T28/><D28/><U26/><E26/><AGARI ba="0,0" hai="16,18,26,27,41,42,61,63,76,79,85,86,88,89" machi="26" ten="25,8000,1" yaku="22,2,8,1,54,2" doraHai="97" who="0" fromWho="1" sc="245,80,197,-80,293,0,265,0" owari="325,42.5,117,-38.3,293,9.3,265,-13.5" /></mjloggm>