<mjloggm ver="2.3"><GO type="225" lobby="0"/><UN n0="%79%75%72%69%6D%6F%67" n1="%E9%A6%AC%E5%BC%95%E7%81%AB%33" n2="%E3%82%B3%E3%83%90%E3%83%AC%E3%82%A4" n3="%E3%81%99%E3%81%84%E3%81%BE%E3%81%9B%E3%83%BC%E3%82%93" dan="16,16,16,18" rate="2175.93,2165.21,2152.71,2282.30" sx="F,M,M,M"/><TAIKYOKU oya="0"/><INIT seed="0,0,0,5,2,26" ten="250,250,250,250" oya="0" hai0="18,48,25,33,106,129,6,62,126,55,5,7,88" hai1="91,41,68,75,98,1,44,20,84,13,95,76,122" hai2="100,60,54,123,125,52,89,11,108,117,85,4,133" hai3="118,56,103,51,93,12,114,24,14,34,38,80,124"/><T46/><D106/><U50/><E122/><V45/><F123/><W42/><G114/><T47/><D126/><U2/><E68/><V37/><F125/><W105/><G118/><T61/><D129/><U120/><E120/><V132/><F117/><W57/><G105/><T82/><D47/><U90/><E75/><V135/><F100/><W81/><G38/><T65/><D65/><U21/><E76/><V116/><F116/><W102/><G124/><T73/><D73/><U130/><E130/><V10/><F10/><W63/><G34/><T127/><D127/><U16/><REACH who="1" step="1"/><E21/><REACH who="1" ten="250,240,250,250" step="2"/><V110/><F108/><W70/><G70/><T8/><D33/><U113/><E113/><V35/><F35/><W66/><G57/><T59/><D59/><U92/><AGARI ba="0,1" hai="1,2,13,16,20,41,44,50,84,90,91,92,95,98" machi="92" ten="20,5200,0" yaku="1,1,0,1,7,1,54,1,53,0" doraHai="26" doraHaiUra="119" who="1" fromWho="1" sc="250,-26,240,62,250,-13,250,-13" /><INIT seed="1,0,0,2,2,70" ten="224,302,237,237" oya="1" hai0="108,30,133,72,132,28,58,54,41,68,33,42,56" hai1="38,117,23,67,88,78,122,20,40,1,50,90,116" hai2="109,106,17,21,66,112,43,104,37,19,24,26,92" hai3="10,76,61,2,101,35,32,96,4,63,126,46,128"/><U84/><E122/><V94/><F112/><W64/><G126/><T114/><D68/><U119/><E1/><V125/><F66/><W107/><G128/><T86/><D72/><U118/><E118/><V100/><F125/><W111/><G111/><T81/><D108/><U98/><E50/><V22/><F109/><W80/><G46/><T89/><D56/><U51/><E51/><V110/><F110/><W77/><G77/><T121/><D114/><U120/><E120/><V123/><F123/><W87/><REACH who="3" step="1"/><G63/><REACH who="3" ten="224,302,237,227" step="2"/><N who="0" m="36311" /><D121/><U5/><E78/><V7/><F43/><W25/><G25/><T31/><D33/><U131/><E40/><N who="0" m="15465" /><D133/><U102/><E131/><V69/><F26/><W127/><G127/><T62/><D132/><U79/><E79/><V74/><F24/><W97/><G97/><T3/><D3/><U16/><E98/><V130/><F130/><W39/><G39/><T95/><D62/><U73/><E38/><V103/><F37/><W85/><G85/><T27/><D27/><U12/><E84/><V29/><F74/><W44/><G44/><T135/><D135/><U13/><E73/><V60/><F60/><W15/><G15/><T59/><D59/><AGARI ba="0,1" hai="2,4,10,32,35,59,61,64,76,80,87,96,101,107" machi="59" ten="30,2000,0" yaku="1,1,7,1,53,0" doraHai="70" doraHaiUra="48" who="3" fromWho="0" sc="224,-20,302,0,237,0,227,30" /><INIT seed="2,0,0,5,5,31" ten="204,302,237,257" oya="2" hai0="7,19,63,4,39,110,126,79,10,121,47,62,68" hai1="99,28,34,74,8,77,3,96,26,118,82,135,33" hai2="21,105,17,120,23,131,107,35,53,45,75,116,60" hai3="46,43,5,115,37,73,86,109,88,122,69,38,108"/><V84/><F75/><W20/><G122/><T95/><D110/><N who="3" m="42601" /><G69/><T42/><D126/><U114/><E114/><V129/><F120/><W40/><G73/><T36/><D121/><U133/><E118/><V29/><F116/><W13/><G115/><T80/><D39/><N who="3" m="14857" /><G46/><T18/><D7/><N who="1" m="1151" /><E33/><V49/><F60/><N who="0" m="23082" /><D95/><U91/><E91/><V30/><F107/><W65/><G65/><T1/><D68/><U6/><E6/><V123/><F105/><W2/><G2/><T89/><D89/><U132/><AGARI ba="0,0" hai="26,28,34,74,77,82,96,99,132,133,135" m="1151" machi="132" ten="30,2000,0" yaku="20,1,52,1" doraHai="31" who="1" fromWho="1" sc="204,-5,302,20,237,-10,257,-5" /><INIT seed="3,0,0,0,0,25" ten="199,322,227,252" oya="3" hai0="36,37,126,87,29,111,127,2,35,65,108,64,8" hai1="84,89,74,124,18,15,59,104,33,82,44,67,123" hai2="122,6,92,57,60,77,39,76,131,78,113,31,130" hai3="40,9,12,68,101,109,96,7,128,32,38,105,102"/><W51/><G102/><T19/><D87/><U47/><E33/><V94/><F39/><N who="0" m="14922" /><D19/><U55/><E123/><V63/><F122/><W121/><G38/><T71/><D8/><U81/><E124/><N who="0" m="47657" /><D2/><U45/><E67/><V116/><F116/><W62/><G12/><T91/><D91/><U54/><E74/><V34/><F6/><W50/><G9/><T27/><D71/><U75/><E75/><V46/><F46/><W61/><G68/><T99/><D99/><U125/><E45/><V112/><F34/><W0/><G32/><T97/><D97/><U119/><E47/><V5/><F5/><W135/><G96/><T49/><D49/><U93/><E44/><V30/><F78/><W117/><G51/><T103/><D103/><U42/><E104/><V21/><F21/><W23/><G50/><T100/><D100/><U110/><E18/><V85/><F85/><W52/><G23/><T13/><D13/><U41/><E15/><V58/><AGARI ba="0,0" hai="30,31,57,58,60,63,76,77,92,94,112,113,130,131" machi="58" ten="25,8000,1" yaku="0,1,22,2,52,2" doraHai="25" who="2" fromWho="2" sc="199,-20,322,-20,227,80,252,-40" owari="179,-32.1,302,10.2,307,40.7,212,-18.8" /></mjloggm>