<mjloggm ver="2.3"><GO type="225" lobby="0"/><UN n0="%43%68%65" n1="%E4%BF%BA%E3%81%A8%E5%A6%96%E5%A4%A2" n2="%E2%98%86%E5%B0%8F%E5%AD%A6%E7%94%B7%E7%94%9F%E2%98%86" n3="%E6%A3%AE%E5%B1%B1%E7%94%B0%E7%9B%B4%E5%A4%AA%E6%9C%97%E4%B9%8B%E4%BB%8B" dan="16,16,17,16" rate="2094.50,2162.70,2201.72,2134.17" sx="M,F,M,M"/><TAIKYOKU oya="0"/><INIT seed="0,0,0,2,3,116" ten="250,250,250,250" oya="0" hai0="2,5,12,119,121,78,96,107,25,65,111,15,18" hai1="114,6,28,0,115,57,36,95,34,26,128,17,49" hai2="50,108,1,68,135,37,48,89,129,21,104,46,82" hai3="103,19,110,123,120,45,131,134,32,52,42,100,127"/><T11/><D119/><U81/><E36/><V38/><F1/><W29/><G134/><T30/><D78/><U124/><E124/><V117/><F104/><W109/><G127/><T58/><D111/><N who="3" m="42505" /><G131/><T132/><D132/><U99/><E128/><V126/><F108/><W43/><G19/><T80/><D80/><U94/><E81/><V64/><F129/><W71/><G71/><T66/><D121/><N who="3" m="46665" /><G52/><T60/><D66/><U101/><E17/><V40/><F64/><W88/><G88/><T24/><D24/><U102/><E26/><V47/><F68/><W98/><G45/><T54/><D65/><U87/><E57/><V86/><F117/><W39/><G39/><T70/><D70/><U75/><E115/><V79/><F126/><W67/><G67/><T22/><D18/><U16/><E16/><V41/><F135/><W69/><G69/><T133/><D133/><U105/><E114/><V23/><F89/><W83/><G83/><T51/><D60/><U73/><E49/><AGARI ba="0,0" hai="21,23,37,38,40,41,46,47,48,49,50,79,82,86" machi="49" ten="40,1300,0" yaku="9,1" doraHai="116" who="2" fromWho="1" sc="250,0,250,-13,250,13,250,0" /><INIT seed="1,0,0,4,5,45" ten="250,237,263,250" oya="1" hai0="41,62,91,54,115,66,131,101,30,118,102,34,132" hai1="116,57,25,110,81,112,2,12,113,21,75,38,10" hai2="47,83,80,96,17,129,100,59,84,65,24,92,39" hai3="111,126,120,69,106,29,105,76,77,70,60,89,95"/><U31/><E116/><V114/><F129/><W11/><G11/><T79/><D118/><U15/><E38/><V108/><F108/><W93/><G29/><T134/><D115/><U63/><E110/><V4/><F114/><W35/><G89/><T103/><D131/><U88/><E2/><V64/><F4/><W18/><G60/><T130/><D130/><U27/><E27/><V82/><F39/><W67/><G18/><T13/><D79/><U122/><E15/><V119/><F119/><W94/><G67/><N who="2" m="25673" /><F59/><W5/><G5/><T135/><D41/><U97/><E122/><V127/><F47/><W50/><G35/><T55/><D34/><U28/><E28/><V36/><F127/><W6/><G6/><T56/><D30/><U58/><E58/><V61/><F61/><W87/><G87/><T1/><D1/><U51/><E63/><V128/><F36/><W23/><G23/><T52/><D91/><U20/><E20/><N who="2" m="13327" /><F128/><W104/><G126/><T48/><REACH who="0" step="1"/><D13/><REACH who="0" ten="240,237,263,250" step="2"/><U7/><E113/><V121/><F121/><W71/><G120/><T85/><D85/><AGARI ba="0,1" hai="80,82,83,84,85,92,96,100" m="13327,25673" machi="85" ten="30,1000,0" yaku="8,1" doraHai="45" who="2" fromWho="0" sc="240,-10,237,0,263,20,250,0" /><INIT seed="2,0,0,2,4,121" ten="230,237,283,250" oya="2" hai0="61,21,62,101,107,94,122,2,49,74,55,118,100" hai1="98,110,1,120,115,112,29,109,48,35,119,65,57" hai2="88,30,11,131,6,33,34,45,81,12,105,87,104" hai3="90,23,28,17,72,126,129,19,80,108,79,66,40"/><V27/><F131/><W52/><G40/><T71/><D122/><U77/><E120/><V130/><F130/><W97/><G129/><T53/><D74/><U96/><E1/><V125/><F125/><W54/><G126/><T4/><D107/><U89/><E119/><V13/><F34/><W42/><G42/><T84/><D118/><U63/><E77/><V102/><F102/><W76/><G66/><T14/><D2/><U93/><E98/><V135/><F135/><W116/><G79/><T75/><D75/><U82/><E82/><V31/><F31/><W22/><G116/><T32/><D32/><U78/><E78/><V24/><F24/><W99/><G28/><T113/><D113/><U106/><E106/><V134/><F134/><W123/><G123/><T64/><D62/><U86/><E96/><V70/><F70/><W91/><G76/><T67/><D67/><U58/><E29/><V132/><F132/><W43/><G43/><T51/><D84/><U7/><E7/><V37/><F37/><W69/><G72/><T73/><D73/><U92/><E92/><V60/><F45/><W68/><REACH who="3" step="1"/><G80/><REACH who="3" ten="230,237,283,240" step="2"/><T41/><D41/><U18/><E112/><V20/><F30/><W117/><G117/><T56/><D64/><U15/><E115/><V59/><F81/><W10/><G10/><N who="0" m="4423" /><D55/><N who="1" m="31975" /><E35/><V127/><F33/><W46/><G46/><T47/><D47/><U50/><E50/><N who="0" m="18953" /><D71/><U9/><E9/><V83/><F11/><W114/><G114/><T26/><D94/><U44/><E44/><V124/><F124/><W39/><G39/><T16/><AGARI ba="0,1" hai="16,21,26,53,56,61,100,101" m="18953,4423" machi="16" ten="30,4000,0" yaku="5,1,8,1,54,1" doraHai="121" who="0" fromWho="0" sc="230,50,237,-10,283,-20,240,-10" /><INIT seed="3,0,0,2,0,10" ten="280,227,263,230" oya="3" hai0="31,37,77,125,43,3,113,1,48,20,21,76,68" hai1="95,66,22,132,30,59,17,87,71,83,24,38,99" hai2="121,36,46,90,116,100,35,98,96,49,33,25,54" hai3="67,7,86,29,82,32,45,53,74,81,12,50,72"/><W80/><G32/><T119/><D119/><U120/><E120/><V27/><F116/><W44/><G72/><T84/><D37/><U118/><E118/><V19/><F36/><W64/><G74/><T42/><D68/><U61/><E38/><V93/><F121/><W65/><G29/><T108/><D84/><U2/><E2/><V135/><F135/><W131/><G131/><T103/><D48/><U18/><E71/><V106/><F27/><W123/><G123/><T127/><D103/><N who="1" m="60927" /><E132/><V110/><F110/><W15/><G7/><T6/><D6/><U14/><E14/><N who="3" m="5162" /><G44/><T47/><D47/><U94/><E94/><V51/><F33/><W107/><G107/><T85/><D31/><U79/><AGARI ba="0,0" hai="17,18,22,24,30,59,61,66,79,83,87" m="60927" machi="79" ten="30,2000,0" yaku="25,1,8,1" doraHai="10" who="1" fromWho="1" sc="280,-5,227,20,263,-5,230,-10" /><INIT seed="4,0,0,5,0,111" ten="275,247,258,220" oya="0" hai0="15,25,4,42,29,100,79,128,53,26,119,123,46" hai1="75,5,101,81,96,0,27,91,63,55,38,95,108" hai2="117,43,69,113,58,72,12,116,102,61,132,13,21" hai3="16,32,104,20,105,31,126,9,115,17,106,130,34"/><T134/><D119/><U28/><E108/><V109/><F109/><W57/><G130/><T129/><D123/><U44/><E0/><V41/><F69/><W107/><N who="3" m="26624" /><DORA hai="87" /><W67/><G126/><T45/><D134/><U23/><E5/><V98/><F72/><W124/><G124/><T39/><D100/><U59/><E75/><V18/><F132/><W52/><G67/><T78/><D53/><U131/><E131/><N who="0" m="50249" /><D46/><U11/><E11/><V50/><F113/><W47/><G47/><T60/><D60/><U86/><REACH who="1" step="1"/><E44/><REACH who="1" ten="275,237,258,220" step="2"/><V68/><F117/><W54/><G115/><T135/><D135/><U64/><E64/><V33/><F116/><W71/><G71/><T125/><D125/><U66/><E66/><V88/><F68/><W85/><G9/><N who="0" m="4519" /><D26/><U3/><E3/><V121/><F121/><W6/><G6/><T133/><D133/><U76/><E76/><V127/><F127/><W110/><G110/><T83/><D83/><U80/><E80/><V40/><F12/><W84/><G57/><T49/><D39/><AGARI ba="0,1" hai="23,27,28,38,39,55,59,63,81,86,91,95,96,101" machi="39" ten="40,8000,1" yaku="1,1,52,1,53,2" doraHai="111,87" doraHaiUra="99,82" who="1" fromWho="0" sc="275,-80,237,90,258,0,220,0" owari="195,-30.5,327,42.7,258,5.8,220,-18.0" /></mjloggm>