<mjloggm ver="2.3"><GO type="225" lobby="0"/><UN n0="%72%65%6E%6B%75%6E" n1="%E3%83%A9%E3%82%B9%E7%8E%87%EF%BC%93%E5%89%B2" n2="%E5%8D%A0%E3%81%84%E5%B8%AB%E8%A3%8F%E3%81%AA%E3%81%84%E3%81%97" n3="%E6%A1%9C%E6%B2%A2%E5%A2%A8" dan="17,16,17,17" rate="2220.70,2205.41,2244.69,2182.72" sx="M,F,M,F"/><TAIKYOKU oya="0"/><INIT seed="0,0,0,1,2,64" ten="250,250,250,250" oya="0" hai0="96,133,74,24,111,105,108,100,102,47,83,48,112" hai1="40,41,93,67,122,23,86,38,114,127,71,84,123" hai2="79,18,75,124,69,46,53,45,51,11,54,59,52" hai3="4,58,104,50,7,21,8,70,1,90,117,88,126"/><T91/><D112/><U43/><E38/><V80/><F124/><W25/><G104/><T66/><D133/><U42/><E127/><V113/><F113/><W77/><G126/><T26/><D102/><U115/><E43/><V61/><F69/><W109/><G117/><T125/><D66/><U121/><E23/><V60/><F53/><W9/><G109/><N who="0" m="42059" /><D125/><U2/><E2/><V82/><F82/><W10/><G77/><N who="0" m="44471" /><D91/><N who="3" m="34857" /><G70/><T76/><D76/><U31/><E31/><V85/><F75/><W3/><G3/><T118/><D118/><U94/><E67/><V39/><F39/><W0/><G0/><T97/><D97/><U14/><E71/><V128/><F128/><W68/><G68/><T103/><D103/><U34/><E34/><V5/><F18/><N who="3" m="12471" /><G1/><T120/><D120/><U57/><E57/><V98/><F98/><W62/><G50/><T78/><D78/><U130/><E130/><V22/><F22/><W73/><G73/><T119/><D119/><U35/><E35/><V129/><F129/><W15/><G4/><T99/><D99/><U49/><E49/><V37/><F37/><W106/><G106/><T89/><D89/><U17/><E115/><V107/><F107/><W135/><G135/><T116/><D116/><U87/><E114/><V95/><F95/><N who="1" m="36361" /><E17/><V72/><F72/><W13/><G7/><T81/><D81/><U19/><E19/><V44/><REACH who="2" step="1"/><F61/><REACH who="2" ten="250,250,240,250" step="2"/><W30/><G30/><T134/><D134/><U36/><E36/><V29/><F29/><W27/><G27/><T131/><D131/><U65/><E65/><AGARI ba="0,1" hai="8,9,10,13,15,58,62,65" m="12471,34857" machi="65" ten="30,2000,0" yaku="8,1,54,1" doraHai="64" who="3" fromWho="1" sc="250,0,250,-20,240,0,250,30" /><INIT seed="1,0,0,4,5,101" ten="250,230,240,280" oya="1" hai0="88,91,10,16,22,114,99,94,119,4,70,105,45" hai1="41,11,115,124,85,84,13,27,125,1,14,8,108" hai2="97,37,56,118,12,57,30,39,32,15,50,86,20" hai3="63,17,3,93,106,104,19,7,110,113,23,59,6"/><U66/><E115/><V131/><F118/><W107/><G113/><T112/><D119/><U65/><E27/><V40/><F131/><W132/><G110/><T75/><D75/><U69/><E41/><V127/><F32/><W120/><G120/><T0/><D70/><U48/><E48/><V68/><F68/><W82/><G132/><T96/><D45/><U134/><E69/><V35/><F35/><W77/><G93/><T33/><D33/><U46/><E46/><V21/><F86/><W81/><G81/><T61/><D61/><U98/><E98/><V92/><F92/><W64/><G3/><T26/><REACH who="0" step="1"/><D91/><REACH who="0" ten="240,230,240,280" step="2"/><U117/><E117/><V54/><F56/><W58/><G58/><T130/><D130/><U128/><E128/><V74/><F57/><W95/><G59/><T2/><D2/><U18/><E1/><V62/><F74/><W60/><G60/><T78/><D78/><U123/><E134/><V135/><F62/><W34/><G34/><T72/><D72/><U5/><E123/><V55/><F135/><W24/><G63/><T129/><D129/><U133/><E133/><V111/><F37/><W103/><G64/><N who="1" m="24682" /><E108/><V42/><F39/><W25/><G77/><T36/><D36/><U89/><E89/><V76/><F76/><W73/><G73/><T38/><D38/><U102/><E102/><AGARI ba="0,1" hai="0,4,10,16,22,26,88,94,96,99,102,105,112,114" machi="102" ten="40,8000,1" yaku="1,1,52,1,54,2,53,1" doraHai="101" doraHaiUra="87" who="0" fromWho="1" sc="240,90,230,-80,240,0,280,0" /><INIT seed="2,0,0,2,1,47" ten="330,150,240,280" oya="2" hai0="57,74,9,48,119,33,1,99,43,21,114,17,37" hai1="127,55,7,129,126,106,110,91,128,118,4,103,49" hai2="54,51,113,134,94,56,108,62,2,40,88,45,112" hai3="32,19,46,30,29,77,135,60,14,25,123,102,8"/><V131/><F131/><N who="1" m="50249" /><E103/><V122/><F122/><W31/><G123/><T26/><D74/><U16/><E106/><V35/><F35/><W86/><G135/><T84/><D114/><U85/><E118/><V38/><F134/><W39/><G102/><T105/><D33/><U6/><E110/><V27/><F108/><W66/><G39/><T13/><D84/><U44/><E85/><V120/><F120/><W67/><G46/><T64/><D37/><U107/><E91/><V73/><F73/><W104/><G104/><T63/><D1/><U125/><E107/><V53/><F2/><W79/><G67/><T132/><D119/><U121/><E121/><V83/><F83/><W76/><REACH who="3" step="1"/><G86/><REACH who="3" ten="330,150,240,270" step="2"/><T100/><D132/><U89/><E89/><V24/><F113/><W61/><G61/><T124/><D100/><U34/><E34/><V58/><F112/><W130/><G130/><T50/><D63/><U117/><E117/><V11/><F11/><W22/><G22/><T12/><D9/><U42/><E42/><V68/><F68/><AGARI ba="0,1" hai="8,14,19,25,29,30,31,32,60,66,68,76,77,79" machi="68" ten="40,1300,0" yaku="1,1,53,0" doraHai="47" doraHaiUra="90" who="3" fromWho="2" sc="330,0,150,0,240,-13,270,23" /><INIT seed="3,0,0,4,1,116" ten="330,150,227,293" oya="3" hai0="121,24,4,93,88,2,104,31,22,111,82,72,84" hai1="75,123,51,86,16,105,133,57,124,38,27,122,109" hai2="53,101,81,56,90,62,117,61,43,59,60,40,10" hai3="103,0,1,65,100,80,120,14,48,68,113,42,106"/><W30/><G113/><T71/><D121/><U128/><E75/><V23/><F117/><W85/><G120/><N who="1" m="46122" /><E38/><V130/><F130/><W70/><G30/><T87/><D111/><U7/><E105/><V49/><F101/><W135/><G14/><T77/><D71/><U125/><E7/><V91/><F10/><W33/><G33/><T95/><D104/><U83/><E109/><V17/><F56/><W97/><G103/><T12/><D2/><U6/><E6/><V41/><F81/><W94/><G106/><T45/><D45/><U55/><E128/><V129/><F129/><W134/><G0/><T118/><D118/><U35/><E16/><V92/><F92/><W89/><G1/><T107/><D107/><U126/><E133/><N who="3" m="50698" /><G65/><T46/><D46/><AGARI ba="0,0" hai="42,46,48,68,70,80,85,89,94,97,100" m="50698" machi="46" ten="30,1500,0" yaku="20,1" doraHai="116" who="3" fromWho="0" sc="330,-15,150,0,227,0,293,15" /><INIT seed="3,1,0,1,2,81" ten="315,150,227,308" oya="3" hai0="116,47,37,8,130,128,46,119,5,6,40,59,53" hai1="25,97,83,92,68,124,108,30,135,71,117,36,62" hai2="61,77,15,74,127,99,93,49,16,12,72,20,95" hai3="55,121,0,14,9,13,91,2,4,129,65,75,107"/><W115/><G75/><T132/><D46/><U101/><E108/><V51/><F127/><W98/><G115/><T89/><D89/><U109/><E109/><V64/><F74/><W123/><G65/><T73/><D73/><U118/><E135/><V60/><F72/><W76/><G76/><T45/><D45/><U39/><E124/><V69/><F77/><W113/><G113/><T87/><D87/><U86/><E39/><V21/><F61/><W43/><G43/><T112/><D112/><U84/><E36/><V3/><F3/><N who="3" m="1067" /><G55/><T131/><D132/><U106/><E92/><V26/><F93/><W85/><G85/><N who="1" m="32874" /><E83/><V70/><F70/><W88/><G88/><T7/><D8/><U94/><E94/><V57/><F69/><W126/><G91/><T103/><D103/><U120/><E120/><N who="3" m="46154" /><G98/><T28/><D28/><U11/><E11/><V133/><F133/><W58/><G107/><T33/><D33/><N who="1" m="20687" /><E68/><V24/><F12/><N who="3" m="5159" /><G58/><T104/><D104/><U110/><E110/><V44/><F15/><N who="3" m="5643" /><G126/><T18/><D18/><U22/><E22/><V82/><F82/><W1/><G1/><T35/><D35/><U42/><E42/><V122/><F24/><W100/><G100/><T102/><D102/><U34/><E34/><V105/><F122/><W27/><G27/><T111/><D111/><U48/><E48/><AGARI ba="1,0" hai="5,6,7,37,40,47,48,53,59,116,119,128,130,131" machi="48" ten="50,1600,0" yaku="19,1" doraHai="81" who="0" fromWho="1" sc="315,19,150,-19,227,0,308,0" owari="334,43.4,131,-36.9,227,-17.3,308,10.8" /></mjloggm>