<mjloggm ver="2.3"><GO type="225" lobby="0"/><UN n0="%E3%83%81%E3%83%83%E3%82%BF%E3%82%BD%E3%83%BC" n1="%E3%81%95%E3%81%8D%E3%81%9F%E3%81%BE%E6%9E%97%E6%AA%8E" n2="%E3%83%96%E3%83%83%E3%83%91%E3%82%AA%E3%83%96%E3%83%81%E3%82%AD%E3%83%B3" n3="%E7%99%BD%E5%80%89%E5%AF%9B%E4%B9%8B" dan="16,16,17,16" rate="2214.50,2102.87,2190.54,2177.07" sx="F,M,M,M"/><TAIKYOKU oya="0"/><INIT seed="0,0,0,4,5,96" ten="250,250,250,250" oya="0" hai0="22,36,67,25,41,64,60,38,83,18,73,110,129" hai1="23,2,7,16,10,59,131,95,76,93,33,14,50" hai2="126,111,124,53,17,84,121,4,61,90,49,106,134" hai3="32,48,77,24,39,11,6,101,35,125,58,19,26"/><T78/><D129/><U81/><E131/><V21/><F121/><W66/><G39/><T28/><D110/><U9/><E33/><V62/><F111/><W5/><G77/><T120/><D120/><U46/><E59/><V88/><F134/><W55/><G125/><N who="2" m="48233" /><F106/><W12/><G35/><T63/><D41/><U86/><REACH who="1" step="1"/><E10/><REACH who="1" ten="250,240,250,250" step="2"/><V42/><F4/><W100/><G32/><T94/><D28/><U34/><E34/><V69/><F69/><W135/><G135/><T103/><D22/><U13/><E13/><N who="2" m="9391" /><F42/><AGARI ba="0,1" hai="2,7,9,14,16,23,42,46,50,76,81,86,93,95" machi="42" ten="30,3900,0" yaku="1,1,7,1,54,1,53,0" doraHai="96" doraHaiUra="108" who="1" fromWho="2" sc="250,0,240,49,250,-39,250,0" /><INIT seed="1,0,0,4,3,79" ten="250,289,211,250" oya="1" hai0="18,51,72,129,116,23,4,26,21,69,118,1,55" hai1="11,20,128,27,40,119,78,63,56,82,35,30,65" hai2="80,96,126,71,91,50,84,28,37,16,13,32,7" hai3="104,68,60,29,109,0,57,45,2,58,74,93,46"/><U64/><E119/><V106/><F126/><W3/><G104/><T97/><D72/><U53/><E128/><V131/><F131/><W31/><G74/><T12/><D69/><U123/><E123/><V62/><F37/><W111/><G93/><T98/><D129/><U22/><E40/><V25/><F7/><W117/><G68/><T52/><D1/><U130/><E130/><V43/><F43/><W100/><G100/><T42/><D42/><U94/><E94/><V6/><F6/><W127/><G127/><T102/><D4/><U105/><E105/><V108/><F108/><N who="3" m="41547" /><G117/><T103/><D12/><U113/><E113/><V19/><F50/><W38/><G38/><T77/><D77/><U135/><E135/><V101/><REACH who="2" step="1"/><F13/><REACH who="2" ten="250,289,201,250" step="2"/><W99/><G60/><T59/><D116/><U24/><E63/><V44/><F44/><N who="3" m="17003" /><G99/><T36/><D118/><U76/><E27/><V14/><F14/><W87/><G0/><T83/><D36/><U107/><E24/><V48/><F48/><W88/><G2/><T95/><D26/><U49/><E49/><V33/><F33/><W67/><G3/><T112/><D51/><U54/><E35/><V125/><F125/><W124/><G124/><T39/><D39/><U89/><E22/><V115/><F115/><W66/><G66/><AGARI ba="0,1" hai="16,19,25,28,32,62,66,71,80,84,91,96,101,106" machi="66" ten="40,8000,1" yaku="1,1,25,2,52,1,54,1,53,0" doraHai="79" doraHaiUra="133" who="2" fromWho="3" sc="250,0,289,0,201,90,250,-80" /><INIT seed="2,0,0,2,3,43" ten="250,289,291,170" oya="2" hai0="102,70,78,46,101,17,80,113,123,12,23,34,73" hai1="55,116,91,36,103,28,128,71,62,83,47,133,112" hai2="124,105,106,121,87,24,8,25,51,132,35,67,45" hai3="119,118,115,130,38,15,44,117,72,53,69,21,27"/><V16/><F121/><W64/><G72/><T85/><D113/><U40/><E112/><V9/><F124/><W134/><G115/><T66/><D123/><U22/><E116/><V39/><F39/><W57/><G15/><T131/><D131/><U0/><E0/><V4/><F132/><W13/><G13/><T77/><D34/><U50/><E128/><V37/><F37/><W29/><G130/><T65/><D65/><U41/><E133/><V6/><F67/><W99/><G99/><T18/><D77/><U56/><E103/><V95/><F35/><W74/><G74/><T42/><D73/><U68/><E41/><V126/><F126/><W96/><G96/><T109/><D109/><U86/><E36/><V61/><F61/><W127/><G127/><T58/><D70/><U97/><E97/><V52/><F106/><W1/><G1/><T75/><D75/><U129/><E129/><V92/><F105/><W7/><G7/><N who="2" m="2601" /><F95/><W108/><G108/><T32/><D18/><U90/><E90/><N who="2" m="53343" /><F25/><W26/><G26/><T107/><D32/><U54/><E71/><V31/><F31/><W114/><G134/><T110/><D107/><U10/><E68/><V94/><F94/><W19/><G114/><T82/><D110/><U120/><E120/><V135/><F135/><W125/><G125/><T84/><D80/><U79/><E28/><V59/><F59/><W49/><G29/><T81/><D82/><U111/><E111/><V3/><F3/><W5/><G5/><T98/><D98/><U30/><E30/><V122/><F122/><W14/><G117/><RYUUKYOKU ba="0,0" sc="250,-10,289,-10,291,30,170,-10" hai2="8,9,16,24,45,51,52" /><INIT seed="2,1,0,2,3,129" ten="240,279,321,160" oya="2" hai0="21,95,11,49,55,15,30,36,111,42,75,70,47" hai1="39,81,33,98,29,6,97,91,71,19,61,41,120" hai2="74,56,37,35,9,132,101,31,104,65,27,116,99" hai3="128,127,46,62,58,117,10,113,25,123,87,92,122"/><V119/><F37/><W110/><G128/><T106/><D111/><U133/><E6/><V51/><F74/><W84/><G110/><T26/><D106/><U48/><E39/><V60/><F132/><W130/><G130/><T43/><D75/><U63/><E71/><V7/><REACH who="2" step="1"/><F51/><REACH who="2" ten="240,279,311,160" step="2"/><W126/><G122/><T57/><D36/><U105/><E133/><V8/><F8/><W102/><G123/><T67/><D70/><U45/><E48/><V114/><F114/><W32/><G113/><T18/><D95/><U86/><E120/><V0/><AGARI ba="1,1" hai="0,7,9,27,31,35,56,60,65,99,101,104,116,119" machi="0" ten="20,3900,0" yaku="1,1,0,1,7,1,53,0" doraHai="129" doraHaiUra="82" who="2" fromWho="2" sc="240,-14,279,-14,311,52,160,-14" /><INIT seed="2,2,0,4,3,133" ten="226,265,363,146" oya="2" hai0="9,108,128,66,67,24,106,118,135,87,14,110,84" hai1="58,112,80,69,54,90,17,43,6,99,40,11,115" hai2="59,23,48,5,130,119,8,15,98,101,76,31,132" hai3="25,78,105,114,20,70,103,28,92,77,61,53,79"/><V81/><F119/><W19/><G114/><T52/><D135/><U64/><E115/><V129/><F132/><W21/><G105/><T111/><D128/><U125/><E125/><V117/><F117/><W41/><G41/><T121/><D121/><U39/><E39/><V126/><F31/><W88/><G103/><T97/><D118/><U4/><E112/><V56/><F23/><W22/><G70/><T123/><D123/><U127/><E127/><V34/><F34/><W85/><REACH who="3" step="1"/><G28/><REACH who="3" ten="226,265,363,136" step="2"/><T95/><D106/><U124/><E69/><V1/><F101/><W91/><G91/><T42/><D42/><U63/><E90/><V62/><F130/><W7/><G7/><T45/><D108/><U96/><E4/><V13/><F5/><W33/><G33/><T102/><D110/><U71/><E6/><V113/><F129/><W16/><G16/><T68/><D68/><U82/><E17/><V100/><F100/><W83/><G83/><T57/><D111/><U3/><E82/><V50/><F81/><W36/><G36/><T134/><D134/><U72/><E80/><V73/><F113/><W60/><G60/><T75/><D102/><U51/><E63/><V74/><F62/><W29/><G29/><T12/><D75/><U55/><E72/><V120/><F74/><W93/><G93/><T104/><D95/><U65/><E71/><V2/><F73/><W122/><G122/><T0/><D104/><U89/><E43/><V32/><F32/><W131/><G131/><T46/><D0/><N who="2" m="106" /><F120/><W44/><G44/><T49/><D45/><N who="1" m="28015" /><E40/><V47/><F47/><RYUUKYOKU ba="2,1" sc="226,-10,265,-10,363,-10,136,30" hai3="19,20,21,22,25,53,61,77,78,79,85,88,92" /><INIT seed="3,3,1,5,2,60" ten="216,255,353,166" oya="3" hai0="87,5,58,78,57,106,52,95,23,7,105,132,99" hai1="130,131,126,31,94,0,11,6,27,127,72,109,73" hai2="49,113,65,28,37,114,63,15,39,36,107,76,30" hai3="116,4,91,84,61,8,68,55,118,34,9,24,59"/><W35/><G68/><T17/><D132/><U33/><E94/><V122/><F107/><W77/><G77/><T117/><D117/><U96/><E96/><V53/><F76/><W26/><G9/><T25/><D105/><U124/><REACH who="1" step="1"/><E109/><REACH who="1" ten="216,245,353,166" step="2"/><V32/><F114/><W14/><G118/><T29/><D106/><U51/><E51/><V123/><F49/><W40/><G116/><T38/><D38/><U125/><N who="1" m="31744" /><DORA hai="85" /><U70/><E70/><V111/><F37/><W101/><G101/><T56/><D99/><U48/><E48/><V90/><F39/><W129/><G129/><AGARI ba="3,2" hai="0,6,11,27,31,33,72,73,129,130,131" m="31744" machi="129" ten="70,12000,2" yaku="1,1,19,1,18,1,23,2,53,1" doraHai="60,85" doraHaiUra="92,2" who="1" fromWho="3" sc="216,0,245,149,353,0,166,-129" owari="216,-18.4,394,49.4,353,15.3,37,-46.3" /></mjloggm>