<mjloggm ver="2.3"><GO type="225" lobby="0"/><UN n0="%E7%B4%94%E6%BD%94%E3%83%94%E3%83%A9%E3%83%8B%E3%82%A2" n1="%E3%81%82%E3%81%84%E3%81%82%E3%81%8A%E3%81%84" n2="%E3%83%A9%E3%82%B9%E7%8E%87%EF%BC%93%E5%89%B2" n3="%E3%81%AF%E3%82%88%E3%81%8A%E3%81%98%E3%81%95%E3%82%93" dan="17,18,17,16" rate="2233.99,2191.91,2190.68,2200.85" sx="M,M,F,M"/><TAIKYOKU oya="0"/><INIT seed="0,0,0,5,1,23" ten="250,250,250,250" oya="0" hai0="31,119,15,103,64,58,99,73,127,29,65,104,113" hai1="109,37,53,77,1,89,33,25,102,4,93,39,111" hai2="16,112,54,86,72,46,45,132,133,80,18,91,129" hai3="2,76,44,59,131,120,115,81,7,98,100,56,130"/><T122/><D113/><U43/><E102/><V110/><F112/><W35/><G115/><T83/><D119/><U52/><E77/><V85/><F110/><N who="1" m="41993" /><E4/><V117/><F117/><W124/><G35/><T71/><D122/><U63/><E1/><V97/><F129/><N who="3" m="49163" /><G120/><T19/><D71/><U13/><E13/><V75/><F97/><W24/><G24/><T68/><D68/><U3/><E3/><V66/><F66/><W17/><G17/><N who="2" m="6761" /><F54/><N who="1" m="21097" /><E63/><V20/><F20/><W55/><G124/><T22/><D127/><U121/><E121/><V5/><F5/><W14/><G2/><T50/><D65/><U27/><E33/><V40/><F40/><W116/><G116/><T114/><D64/><U0/><E0/><V69/><F69/><W74/><G14/><T94/><D114/><U126/><E126/><V48/><F86/><W70/><G7/><T12/><D12/><U90/><E90/><V28/><F28/><W41/><G55/><T125/><D125/><U118/><E118/><V38/><F75/><W9/><G9/><T101/><D29/><U8/><E8/><V26/><F72/><W62/><G62/><T105/><D31/><U34/><E34/><V95/><F91/><W67/><G67/><T128/><D128/><U108/><E108/><V51/><F85/><W134/><G70/><T87/><D73/><U106/><E106/><V30/><F30/><W79/><G76/><N who="0" m="46567" /><D101/><U49/><E39/><V57/><F38/><N who="3" m="21559" /><G134/><T6/><D6/><U32/><E32/><V84/><F133/><W78/><G79/><T123/><D123/><U47/><E37/><RYUUKYOKU ba="0,0" sc="250,10,250,10,250,-30,250,10" hai0="15,19,22,50,58,94,99,103,104,105" hai1="25,27,43,47,49,89,93" hai3="56,59,74,78,81,98,100" /><INIT seed="0,1,0,5,4,64" ten="260,260,220,260" oya="0" hai0="69,27,34,46,114,83,117,52,67,33,63,125,48" hai1="25,132,35,113,126,20,75,102,98,57,11,109,5" hai2="74,78,135,45,71,58,95,41,124,84,55,134,56" hai3="51,127,129,100,6,66,103,122,60,119,112,42,49"/><T123/><D114/><U99/><E75/><V65/><F74/><W54/><G112/><T22/><D117/><U31/><E113/><V104/><F104/><W38/><G119/><T9/><D123/><U108/><E126/><V77/><F124/><W39/><G127/><T111/><D125/><U16/><E57/><V76/><F58/><W72/><G72/><T40/><D83/><U50/><E50/><V128/><F128/><W59/><G6/><T32/><D9/><U61/><E61/><N who="2" m="40367" /><F95/><W53/><G103/><T107/><D107/><U97/><E102/><V15/><F15/><W79/><G79/><T23/><D111/><U92/><E92/><V0/><F84/><W85/><G85/><T87/><D87/><U29/><E132/><N who="2" m="50731" /><F0/><W14/><G14/><T43/><REACH who="0" step="1"/><D23/><REACH who="0" ten="250,260,220,260" step="2"/><U88/><E35/><V121/><F121/><W3/><G122/><T70/><D70/><U115/><E115/><V86/><F86/><W24/><G129/><T96/><D96/><U17/><E108/><V82/><F82/><W90/><G3/><T101/><D101/><U68/><E109/><V105/><F105/><W81/><G100/><T110/><D110/><U18/><E68/><V1/><F1/><W120/><G81/><T106/><D106/><U89/><REACH who="1" step="1"/><E31/><AGARI ba="1,1" hai="22,27,31,32,33,34,40,43,46,48,52,63,67,69" machi="31" ten="40,12000,1" yaku="1,1,52,1,54,1,53,2" doraHai="64" doraHaiUra="36" who="0" fromWho="1" sc="250,133,260,-123,220,0,260,0" /><INIT seed="0,2,0,3,4,54" ten="383,137,220,260" oya="0" hai0="29,68,24,4,88,44,128,9,82,113,23,20,76" hai1="71,70,46,26,48,106,60,104,110,103,16,132,5" hai2="116,39,85,86,101,77,55,87,51,66,83,99,97" hai3="19,38,124,78,93,130,17,8,32,73,47,112,126"/><T111/><D113/><U7/><E110/><V100/><F116/><W90/><G112/><T67/><D128/><U114/><E114/><V96/><F39/><W89/><G32/><T35/><D111/><U129/><E129/><V41/><F41/><W37/><G130/><T52/><D67/><U6/><E132/><V118/><F66/><W14/><G19/><T10/><D68/><U109/><E109/><V15/><F15/><W80/><G90/><T3/><D9/><U135/><E135/><V25/><F25/><W36/><REACH who="3" step="1"/><G47/><REACH who="3" ten="383,137,220,250" step="2"/><T119/><D88/><U58/><E16/><V12/><F118/><W33/><G33/><T105/><D119/><U49/><E26/><V53/><F101/><W121/><G121/><T43/><D35/><U94/><E103/><V74/><F100/><W123/><G123/><T133/><D133/><U72/><E46/><V27/><F27/><W1/><G1/><T61/><D24/><U34/><E34/><V107/><F12/><W11/><G11/><T65/><D29/><U21/><E5/><V63/><F77/><W125/><G125/><T62/><D20/><U69/><E6/><V22/><F22/><W127/><G127/><T98/><D23/><U57/><E7/><V120/><F120/><W108/><G108/><T79/><D10/><U117/><E21/><V115/><F115/><W91/><G91/><T122/><D4/><U0/><E117/><V64/><F97/><AGARI ba="2,1" hai="8,14,17,36,37,38,73,78,80,89,93,97,124,126" machi="97" ten="40,2600,0" yaku="1,1,53,1" doraHai="54" doraHaiUra="84" who="3" fromWho="2" sc="383,0,137,0,220,-32,250,42" /><INIT seed="1,0,0,3,0,42" ten="383,137,188,292" oya="1" hai0="132,95,112,128,81,115,102,94,26,125,92,16,11" hai1="126,47,116,38,73,33,88,8,111,127,90,31,66" hai2="130,10,120,49,50,79,109,53,134,15,54,89,117" hai3="56,69,7,114,2,65,87,107,77,44,121,129,119"/><U84/><E73/><V14/><F117/><W28/><G107/><T85/><D102/><U108/><E116/><V24/><F120/><W71/><G121/><T113/><D125/><N who="1" m="47627" /><E66/><V58/><F109/><N who="1" m="42057" /><E8/><V1/><F130/><W86/><G65/><T68/><D128/><U12/><E12/><V18/><F134/><W30/><G129/><T45/><D132/><U37/><E47/><V46/><F79/><W98/><G77/><T105/><D45/><U83/><E90/><V131/><F131/><W93/><G44/><T63/><D11/><U3/><E3/><V64/><F64/><W43/><G2/><T20/><D68/><U36/><E31/><V6/><REACH who="2" step="1"/><F89/><REACH who="2" ten="383,137,178,292" step="2"/><W78/><G119/><T5/><D112/><U41/><E41/><V35/><F35/><AGARI ba="0,1" hai="33,35,36,37,38,83,84,88" m="42057,47627" machi="35" ten="40,12000,1" yaku="18,1,14,1,10,1,54,1" doraHai="42" who="1" fromWho="2" sc="383,0,137,130,178,-120,292,0" /><INIT seed="1,1,0,5,0,57" ten="383,267,58,292" oya="1" hai0="134,79,27,132,127,2,14,95,16,101,125,5,124" hai1="88,60,55,115,22,118,56,13,80,97,110,105,113" hai2="4,108,52,0,53,89,49,25,54,32,111,84,70" hai3="109,72,73,114,104,121,29,28,35,6,102,24,112"/><U9/><E118/><V87/><F70/><W23/><G121/><T85/><D27/><U3/><E110/><V63/><F4/><W26/><G109/><N who="2" m="42057" /><F0/><W135/><G135/><N who="0" m="51755" /><D2/><U69/><E69/><V43/><F43/><W75/><REACH who="3" step="1"/><G6/><REACH who="3" ten="383,267,58,282" step="2"/><T98/><D5/><U74/><E113/><V67/><F49/><W86/><G86/><N who="2" m="32809" /><F89/><W93/><G93/><T99/><D99/><AGARI ba="1,1" hai="23,24,26,28,29,35,72,73,75,99,102,104,112,114" machi="99" ten="40,5200,0" yaku="1,1,53,2" doraHai="57" doraHaiUra="21" who="3" fromWho="0" sc="383,-55,267,0,58,0,282,65" /><INIT seed="2,0,0,3,4,86" ten="328,267,58,347" oya="2" hai0="131,61,1,28,30,75,90,16,27,73,106,14,43" hai1="78,66,126,12,0,71,116,18,114,50,111,80,104" hai2="119,91,6,134,87,62,95,93,124,40,97,77,39" hai3="56,100,33,42,99,110,79,98,45,84,29,64,121"/><V122/><F119/><W2/><G2/><T13/><D106/><U125/><E114/><V53/><F122/><W4/><G4/><T3/><D43/><U112/><E112/><V108/><F134/><W117/><G117/><T105/><D105/><U47/><E0/><V101/><F124/><W123/><G110/><T60/><D27/><U107/><E116/><V22/><F108/><W7/><G7/><T24/><D24/><U74/><E111/><V94/><F6/><W31/><G99/><T49/><D49/><U52/><E125/><V88/><F39/><W113/><G113/><T9/><D9/><U57/><E71/><V135/><F135/><W118/><G118/><T25/><D25/><U67/><E126/><V41/><F22/><W83/><G56/><T51/><D51/><U37/><E67/><V11/><F77/><W115/><G64/><T92/><D92/><U23/><E66/><V128/><F11/><W8/><G8/><T102/><D102/><U63/><E37/><V96/><F128/><W69/><G69/><T32/><D32/><U76/><E78/><V15/><F15/><W70/><G70/><T82/><D131/><U68/><E68/><V38/><F38/><N who="3" m="21719" /><G115/><T26/><D26/><U20/><E20/><V36/><F36/><W89/><G33/><T46/><D46/><U129/><E129/><V65/><F65/><W21/><G21/><T10/><D10/><U120/><E120/><N who="3" m="46154" /><G79/><T17/><D82/><U58/><E58/><AGARI ba="0,0" hai="40,41,53,58,62,87,88,91,93,94,95,96,97,101" machi="58" ten="40,12000,1" yaku="8,1,52,2,54,1" doraHai="86" who="2" fromWho="1" sc="328,0,267,-120,58,120,347,0" /><INIT seed="2,1,0,5,4,61" ten="328,147,178,347" oya="2" hai0="115,121,14,57,81,135,65,77,35,91,117,2,72" hai1="3,98,66,17,45,75,118,28,0,84,87,83,58" hai2="18,128,111,47,99,116,132,119,103,131,40,71,130" hai3="93,44,22,110,90,36,94,1,127,123,107,31,42"/><V26/><F132/><W109/><G123/><T70/><D115/><U69/><E118/><N who="2" m="45099" /><F18/><W9/><G107/><T59/><D117/><U32/><E75/><V64/><F26/><W82/><G127/><T49/><D2/><U27/><E69/><V6/><F6/><W60/><G60/><T113/><D113/><U21/><E98/><V134/><F134/><W4/><G82/><T100/><D100/><U126/><E126/><V114/><F114/><W67/><G67/><T33/><D121/><U88/><E45/><V85/><F85/><W62/><G62/><T92/><D65/><U120/><E120/><V8/><F8/><W97/><G94/><T46/><D70/><U25/><E66/><V89/><F89/><W124/><G124/><T38/><D38/><U23/><E58/><V78/><F78/><W13/><G31/><T129/><D57/><U122/><E122/><V106/><F111/><N who="3" m="42507" /><G22/><T63/><D63/><U80/><REACH who="1" step="1"/><E32/><REACH who="1" ten="328,137,178,347" step="2"/><V12/><F71/><W15/><AGARI ba="1,1" hai="1,4,9,13,15,36,42,44,90,93,97" m="42507" machi="15" ten="30,1100,0" yaku="14,1" doraHai="61" who="3" fromWho="3" sc="328,-4,137,-4,178,-6,347,24" /><INIT seed="3,0,0,2,1,4" ten="324,133,172,371" oya="3" hai0="78,112,23,13,28,87,5,39,69,120,7,80,111" hai1="121,91,84,82,108,106,89,46,130,66,107,124,117" hai2="50,36,79,41,75,15,62,12,56,109,55,135,114" hai3="128,119,92,45,133,47,115,113,40,131,26,22,95"/><W63/><G119/><T25/><D120/><U31/><E121/><V19/><F114/><W61/><G133/><T8/><D112/><U105/><E66/><V24/><F135/><W38/><G47/><T77/><D39/><U97/><E31/><V16/><F109/><W43/><G43/><T60/><D111/><U81/><E46/><N who="2" m="25935" /><F75/><W20/><G20/><T33/><D7/><U83/><E108/><V34/><F79/><W64/><G113/><T103/><D103/><N who="1" m="62703" /><E124/><V129/><F36/><W11/><G11/><T58/><D69/><U67/><E67/><V100/><F100/><W102/><G115/><T49/><D77/><N who="1" m="46127" /><E130/><N who="3" m="49706" /><G102/><T116/><D116/><U42/><E42/><V2/><F129/><W110/><G110/><T127/><D127/><U134/><E134/><V96/><F2/><W74/><G74/><T30/><D33/><U72/><E117/><V71/><F34/><W29/><G63/><T86/><D49/><U14/><E14/><V18/><F24/><W51/><G38/><T132/><D132/><U98/><E98/><V0/><F0/><W9/><G9/><T94/><D86/><N who="1" m="50391" /><E91/><V65/><F96/><W126/><G126/><T21/><D21/><U122/><E122/><V76/><F15/><W17/><G29/><T10/><D28/><U54/><E54/><V32/><F12/><W118/><G118/><T1/><D8/><U70/><E70/><AGARI ba="0,0" hai="17,22,26,40,45,51,61,64,70,92,95" m="49706" machi="70" ten="30,1500,0" yaku="19,1" doraHai="4" who="3" fromWho="1" sc="324,0,133,-15,172,0,371,15" owari="324,12.4,118,-38.2,172,-22.8,386,48.6" /></mjloggm>