<mjloggm ver="2.3"><GO type="225" lobby="0"/><UN n0="%E6%A1%9C%E8%8A%B1%E9%96%83%E3%80%85" n1="%E6%81%A5%E6%99%92%E3%81%97" n2="%E8%B5%A4%E3%81%84%E8%9B%99%31%31" n3="%E3%83%81%E3%83%83%E3%82%BF%E3%82%BD%E3%83%BC" dan="16,16,16,16" rate="2147.56,2137.55,2110.25,2125.12" sx="M,M,M,F"/><TAIKYOKU oya="0"/><INIT seed="0,0,0,4,0,28" ten="250,250,250,250" oya="0" hai0="93,92,32,132,9,103,70,88,65,76,14,80,13" hai1="106,11,64,119,17,59,67,86,38,83,99,128,96" hai2="112,94,52,22,18,62,25,24,10,118,20,19,69" hai3="40,68,33,123,127,134,50,117,53,114,48,23,4"/><T37/><D37/><U122/><E119/><V2/><F112/><W46/><G4/><T102/><D132/><U116/><E116/><V36/><F118/><W104/><G23/><T126/><D126/><U84/><E122/><V31/><F36/><W105/><G53/><T6/><D32/><U1/><E38/><V113/><F113/><W133/><G46/><T43/><D43/><U75/><E128/><V71/><F94/><W47/><G47/><T121/><D121/><U77/><E99/><V125/><F125/><W16/><G40/><T0/><D93/><U79/><E1/><V56/><REACH who="2" step="1"/><F31/><REACH who="2" ten="250,250,240,250" step="2"/><W60/><G117/><T44/><D103/><U135/><E106/><V130/><F130/><W35/><G105/><T58/><D102/><U5/><E135/><V45/><F45/><W124/><G104/><T27/><D44/><U3/><E75/><V81/><F81/><W78/><G114/><T26/><D80/><U51/><E83/><V66/><F66/><W21/><G123/><T54/><D65/><U98/><E67/><V34/><F34/><W55/><G35/><T95/><D95/><U12/><E64/><V41/><F41/><W7/><G33/><T101/><D101/><U131/><E131/><V107/><F107/><W15/><G124/><T97/><D70/><U49/><E79/><V82/><F82/><W73/><G127/><T109/><D76/><U87/><E77/><V91/><F91/><W115/><G78/><T61/><REACH who="0" step="1"/><D109/><REACH who="0" ten="240,250,240,250" step="2"/><U74/><E74/><V57/><F57/><N who="3" m="34879" /><G134/><T89/><D89/><U8/><E59/><V85/><F85/><RYUUKYOKU ba="0,2" sc="240,10,250,10,240,10,250,-30" hai0="0,6,9,13,14,26,27,54,58,61,88,92,97" hai1="3,5,8,11,12,17,49,51,84,86,87,96,98" hai2="2,10,18,19,20,22,24,25,52,56,62,69,71" /><INIT seed="0,1,2,3,0,31" ten="250,260,250,220" oya="0" hai0="107,111,86,77,84,114,132,110,58,128,48,21,70" hai1="72,22,95,47,23,96,91,39,66,27,89,65,78" hai2="68,14,115,104,9,49,73,38,53,121,2,8,0" hai3="29,25,74,57,35,124,50,36,116,118,37,26,105"/><T108/><D114/><U87/><E72/><V1/><F115/><W40/><G74/><T134/><D70/><U16/><E78/><V103/><F121/><W81/><G105/><T33/><D128/><U125/><E125/><V71/><F73/><W131/><G124/><T19/><D107/><U123/><E123/><V101/><F38/><W64/><G131/><T133/><D33/><U59/><E59/><V122/><F122/><W102/><G102/><T55/><D77/><U93/><REACH who="1" step="1"/><E23/><REACH who="1" ten="250,250,250,220" step="2"/><V99/><F9/><W126/><G126/><T76/><D76/><U41/><AGARI ba="1,3" hai="16,22,27,39,41,47,65,66,87,89,91,93,95,96" machi="41" ten="30,12000,2" yaku="1,1,2,1,0,1,54,1,53,2" doraHai="31" doraHaiUra="63" who="1" fromWho="1" sc="250,-61,250,153,250,-31,220,-31" /><INIT seed="1,0,0,0,3,125" ten="189,403,219,189" oya="1" hai0="46,75,129,57,123,110,113,2,135,45,12,119,52" hai1="43,40,124,5,7,36,28,18,37,94,50,90,83" hai2="56,109,4,121,105,120,31,111,53,26,15,103,8" hai3="102,58,9,104,82,23,84,1,25,93,115,13,65"/><U78/><E124/><V47/><F47/><W134/><G115/><T16/><D113/><U19/><E28/><V72/><F72/><W41/><G134/><T63/><D119/><U21/><E50/><V101/><F120/><W74/><G1/><T80/><D135/><U55/><E55/><V61/><F121/><W71/><G71/><T73/><D2/><U11/><E94/><V97/><REACH who="2" step="1"/><F103/><REACH who="2" ten="189,403,209,189" step="2"/><W79/><G74/><T108/><D123/><U86/><E37/><V66/><F66/><W39/><G39/><T44/><D129/><U0/><E36/><V87/><F87/><W70/><G41/><T38/><D38/><U62/><E43/><V106/><F106/><W32/><G104/><T14/><D75/><U10/><E40/><V88/><F88/><W98/><G65/><T130/><D130/><U48/><E90/><V64/><F64/><W27/><G70/><T112/><D112/><U85/><E86/><V67/><F67/><W132/><G132/><T69/><D69/><U81/><E85/><V22/><AGARI ba="0,1" hai="4,8,15,22,26,31,53,56,61,97,101,105,109,111" machi="22" ten="30,4000,0" yaku="1,1,0,1,53,1" doraHai="125" doraHaiUra="54" who="2" fromWho="2" sc="189,-10,403,-20,209,50,189,-10" /><INIT seed="2,0,0,4,3,110" ten="179,383,259,179" oya="2" hai0="47,23,48,17,103,102,83,27,2,46,92,89,105" hai1="96,73,5,99,61,95,29,75,86,24,11,31,125" hai2="79,77,133,97,74,10,109,98,78,63,54,115,13" hai3="101,32,82,26,45,91,49,84,34,129,28,121,111"/><V33/><F33/><W38/><G111/><T12/><D2/><U127/><E86/><V1/><F109/><W70/><G129/><T51/><D83/><U37/><E61/><V106/><F74/><W35/><G121/><T108/><D105/><U72/><E37/><V64/><F1/><W68/><G38/><T14/><D108/><U8/><E95/><V120/><F120/><W116/><G116/><T42/><D102/><U131/><E131/><V124/><F124/><N who="1" m="47689" /><E31/><V19/><F106/><W126/><G126/><T36/><D103/><U134/><E134/><V39/><F39/><W114/><G114/><T107/><D107/><U50/><E50/><V71/><F115/><W104/><G68/><T57/><D57/><U135/><E135/><V67/><F133/><W58/><G58/><T122/><D122/><U65/><E65/><V25/><F67/><W119/><G70/><T80/><D80/><U40/><E40/><V130/><F130/><W90/><G91/><T60/><D60/><U52/><E52/><V76/><N who="2" m="19456" /><DORA hai="117" /><V30/><REACH who="2" step="1"/><F54/><REACH who="2" ten="179,383,249,179" step="2"/><W4/><G119/><T53/><REACH who="0" step="1"/><D36/><REACH who="0" ten="169,383,249,179" step="2"/><U62/><E75/><V41/><F41/><W113/><G113/><T6/><D6/><U7/><E73/><V21/><AGARI ba="0,2" hai="10,13,19,21,25,30,63,64,71,97,98" m="19456" machi="21" ten="40,3900,0" yaku="1,1,0,1,53,0" doraHai="110,117" doraHaiUra="85,43" who="2" fromWho="2" sc="169,-13,383,-13,249,59,179,-13" /><INIT seed="2,1,0,2,0,126" ten="156,370,308,166" oya="2" hai0="45,18,4,82,21,111,88,123,17,78,6,92,68" hai1="80,48,3,24,109,110,65,83,70,40,113,59,22" hai2="102,97,135,7,10,30,36,50,121,5,124,25,104" hai3="134,77,8,49,0,54,128,93,75,51,90,117,19"/><V122/><F36/><W114/><G117/><T85/><D123/><U96/><E3/><V55/><F124/><W35/><G35/><T72/><D111/><N who="1" m="42507" /><E113/><V29/><F135/><W130/><G134/><T89/><D68/><U99/><E70/><V52/><F55/><W34/><G34/><T62/><D62/><N who="1" m="38111" /><E48/><V41/><F41/><W39/><G39/><T44/><D18/><N who="1" m="12375" /><E40/><V76/><F76/><W119/><G119/><T27/><D45/><U133/><E133/><V91/><F91/><W28/><G114/><T108/><D108/><U94/><E99/><V66/><F66/><W26/><G0/><T58/><D58/><U106/><E106/><V73/><F73/><W100/><G100/><AGARI ba="1,0" hai="80,83,94,96,100" m="12375,38111,42507" machi="100" ten="30,1000,0" yaku="14,1" doraHai="126" who="1" fromWho="3" sc="156,0,370,13,308,0,166,-13" /><INIT seed="3,0,0,5,4,62" ten="156,383,308,153" oya="3" hai0="54,47,121,48,67,89,29,65,14,132,84,46,87" hai1="83,82,91,128,35,52,86,43,95,114,124,90,75" hai2="37,57,56,18,0,100,123,5,79,119,122,23,7" hai3="127,101,88,107,53,9,99,20,118,28,21,93,61"/><W58/><G127/><T30/><D121/><U19/><E35/><V69/><F119/><W15/><G118/><T41/><D132/><U130/><E124/><V38/><F69/><W11/><G28/><N who="0" m="10859" /><D14/><U60/><E43/><V109/><F100/><W71/><G71/><T24/><D24/><U51/><E114/><V64/><F79/><W36/><G36/><T76/><D76/><U59/><E75/><V27/><F109/><W45/><G45/><T73/><D73/><U13/><E91/><V12/><F0/><W63/><G63/><T4/><D4/><U26/><E26/><V129/><F129/><N who="1" m="49769" /><E60/><V39/><F27/><W81/><G9/><AGARI ba="0,0" hai="9,13,19,51,52,59,82,83,86,90,95" m="49769" machi="9" ten="30,2000,0" yaku="19,1,54,1" doraHai="62" who="1" fromWho="3" sc="156,0,383,20,308,0,153,-20" owari="156,-24.4,403,50.3,308,10.8,133,-36.7" /></mjloggm>