<mjloggm ver="2.3"><GO type="225" lobby="0"/><UN n0="%E3%81%BF%E3%81%BF%E3%81%9A" n1="%E9%A6%AC%E5%BC%95%E7%81%AB%33" n2="%E6%98%93%E5%88%A9%E8%96%A9%E4%BC%AF" n3="%E3%81%AF%E3%82%88%E3%81%8A%E3%81%98%E3%81%95%E3%82%93" dan="17,16,17,17" rate="2193.00,2142.28,2152.24,2144.40" sx="M,M,F,M"/><TAIKYOKU oya="0"/><INIT seed="0,0,0,5,1,62" ten="250,250,250,250" oya="0" hai0="118,22,112,105,73,108,77,23,106,83,16,93,51" hai1="102,20,85,56,90,39,129,59,8,9,91,115,50" hai2="13,6,71,110,103,80,37,70,44,4,48,55,43" hai3="120,72,5,107,47,27,64,0,74,57,30,78,24"/><T116/><D112/><U7/><E39/><V18/><F110/><W19/><G107/><T33/><D33/><U121/><E121/><V31/><F31/><W54/><G120/><T104/><D108/><U99/><E115/><V63/><F103/><W3/><G19/><T86/><D23/><U123/><E123/><V128/><F80/><W119/><G119/><T98/><D51/><U29/><E129/><V131/><F4/><W84/><G84/><T46/><D46/><U81/><E91/><V10/><F6/><W26/><G30/><T67/><D67/><U53/><E59/><N who="2" m="33255" /><F71/><W76/><G47/><T61/><D61/><U65/><E65/><AGARI ba="0,0" hai="10,13,18,37,43,44,63,65,70,128,131" m="33255" machi="65" ten="30,2000,0" yaku="24,1,52,1" doraHai="62" who="2" fromWho="1" sc="250,0,250,-20,250,20,250,0" /><INIT seed="1,0,0,3,1,31" ten="250,230,270,250" oya="1" hai0="88,50,34,3,76,57,96,13,37,40,84,27,59" hai1="91,130,126,80,131,7,70,68,25,85,58,18,49" hai2="30,101,12,0,64,8,24,90,102,106,133,112,116" hai3="22,5,103,38,45,77,4,89,108,44,47,2,125"/><U36/><E36/><V56/><F116/><W86/><G38/><T14/><D3/><U104/><E104/><V1/><F133/><W73/><G2/><T61/><D37/><U42/><E7/><V54/><F64/><W17/><G108/><T63/><D34/><U128/><E126/><V120/><F120/><W93/><G125/><T114/><D27/><U62/><E18/><V28/><F28/><W115/><G115/><T81/><D114/><U6/><E25/><V118/><F118/><W39/><G39/><T100/><D76/><U60/><E6/><V105/><F106/><W98/><G73/><T48/><D13/><U121/><E121/><V26/><F26/><N who="3" m="14671" /><G77/><T82/><D82/><AGARI ba="0,0" hai="4,5,44,45,47,82,86,89,93,98,103" m="14671" machi="82" ten="30,1000,0" yaku="8,1" doraHai="31" who="3" fromWho="0" sc="250,-10,230,0,270,0,250,10" /><INIT seed="2,0,0,1,3,40" ten="240,230,270,260" oya="2" hai0="56,107,76,6,34,124,36,93,126,135,33,89,96" hai1="74,106,87,11,57,62,44,31,88,0,103,23,100" hai2="39,110,3,75,15,85,121,86,4,82,28,1,117" hai3="122,60,118,78,114,109,130,125,54,127,37,25,19"/><V81/><F117/><W67/><G118/><T22/><D135/><U18/><E74/><V21/><F75/><W113/><G122/><T17/><D36/><U47/><E0/><V61/><F39/><W99/><G37/><T30/><D6/><U91/><E11/><V95/><F95/><W43/><G43/><T26/><D76/><U42/><E31/><V123/><F61/><W73/><G109/><T80/><D80/><N who="1" m="49255" /><E106/><V29/><F15/><W83/><G54/><T53/><D107/><U45/><E91/><V8/><F21/><N who="3" m="13503" /><G99/><T41/><D41/><U79/><E79/><V134/><F8/><W120/><G130/><T9/><D9/><U59/><E42/><V58/><F4/><W72/><G120/><T7/><D7/><U97/><E97/><V108/><REACH who="2" step="1"/><F58/><REACH who="2" ten="240,230,260,260" step="2"/><N who="1" m="22025" /><E62/><V101/><F101/><W92/><G92/><T71/><D71/><U133/><E133/><AGARI ba="0,1" hai="1,3,28,29,81,82,85,86,108,110,121,123,133,134" machi="133" ten="25,4800,0" yaku="1,1,22,2,53,0" doraHai="40" doraHaiUra="16" who="2" fromWho="1" sc="240,0,230,-48,260,58,260,0" /><INIT seed="2,1,0,1,2,42" ten="240,182,318,260" oya="2" hai0="35,128,94,32,127,34,126,76,49,61,88,130,79" hai1="44,19,81,108,50,82,4,37,14,48,90,119,55" hai2="89,11,12,87,121,68,105,54,77,58,36,71,85" hai3="112,23,7,100,103,40,95,63,107,99,129,75,56"/><V96/><F36/><W3/><G75/><T67/><D49/><U17/><E108/><V116/><F116/><W117/><G117/><T101/><D101/><U9/><E119/><V5/><F77/><W122/><G122/><T109/><D109/><U43/><E37/><V27/><F87/><W24/><G129/><N who="0" m="49771" /><D79/><U133/><E133/><V41/><F41/><W73/><G73/><T65/><D76/><U16/><REACH who="1" step="1"/><E90/><REACH who="1" ten="240,172,318,260" step="2"/><V97/><F89/><W59/><G112/><T84/><D67/><U28/><E28/><V31/><F31/><W47/><G107/><T60/><D60/><U125/><E125/><V15/><F105/><W10/><G63/><T120/><D120/><U22/><E22/><V30/><F30/><W6/><G23/><T78/><D78/><U74/><E74/><V102/><F121/><W98/><G100/><T106/><D106/><U26/><E26/><V45/><F27/><W114/><G24/><T62/><D62/><U83/><E83/><V110/><F102/><W113/><G113/><T131/><N who="0" m="49779" /><T72/><DORA hai="66" /><D72/><U86/><E86/><V118/><F85/><W124/><G124/><T51/><D51/><U2/><E2/><V1/><F1/><N who="3" m="335" /><G114/><T0/><D0/><U18/><N who="1" m="4096" /><DORA hai="13" /><U80/><E80/><V52/><F118/><W132/><G3/><T57/><AGARI ba="1,1" hai="32,34,35,57,61,65,84,88,94,126,127" m="49779" machi="57" ten="50,3200,0" yaku="19,1,54,1" doraHai="42,66,13" who="0" fromWho="0" sc="240,45,172,-9,318,-17,260,-9" /><INIT seed="3,0,0,4,1,82" ten="285,163,301,251" oya="3" hai0="23,19,21,125,94,18,27,88,29,92,39,41,8" hai1="84,99,109,124,63,98,46,117,103,9,22,118,35" hai2="68,5,105,122,37,129,44,58,55,10,121,102,97" hai3="69,106,64,79,77,61,53,62,127,16,128,20,110"/><W123/><G123/><N who="2" m="47113" /><F68/><W132/><G106/><T26/><D125/><U100/><E124/><V49/><F129/><W135/><G127/><T104/><D104/><U51/><E35/><V113/><F113/><W6/><G128/><T116/><D116/><N who="1" m="44651" /><E109/><V126/><F126/><W56/><G6/><T60/><D60/><U107/><E63/><V111/><F111/><W2/><G2/><T120/><D120/><U73/><E73/><V80/><F80/><W114/><G114/><T48/><D39/><U24/><E9/><V57/><F37/><W112/><G112/><T13/><D94/><U108/><E108/><V115/><F115/><W1/><G1/><AGARI ba="0,0" hai="1,5,10,44,49,55,57,58,97,102,105" m="47113" machi="1" ten="30,1000,0" yaku="13,1" doraHai="82" who="2" fromWho="3" sc="285,0,163,0,301,10,251,-10" owari="285,8.5,163,-33.7,311,41.1,241,-15.9" /></mjloggm>