<mjloggm ver="2.3"><GO type="225" lobby="0"/><UN n0="%E6%9C%88%E5%B3%B6%E5%9F%BA" n1="%E4%BF%BA%E3%81%A8%E5%A6%96%E5%A4%A2" n2="%E6%81%A5%E6%99%92%E3%81%97" n3="%E3%83%B4%E3%83%A0%EF%BC%99%E3%81%A6" dan="16,16,17,16" rate="2060.27,2213.63,2191.79,2152.54" sx="M,F,M,M"/><TAIKYOKU oya="0"/><INIT seed="0,0,0,0,4,100" ten="250,250,250,250" oya="0" hai0="84,104,22,32,46,116,45,0,47,50,87,112,21" hai1="5,1,28,39,73,95,106,79,134,109,54,88,93" hai2="77,49,135,17,58,76,64,12,69,91,124,35,66" hai3="19,60,70,105,115,81,108,14,78,107,48,101,127"/><T40/><D112/><U43/><E109/><V13/><F35/><W55/><G115/><T18/><D32/><U41/><E134/><V59/><F124/><W102/><G108/><T42/><D116/><U31/><E54/><V9/><F135/><W63/><G127/><T117/><D117/><U96/><E95/><V130/><F130/><W97/><G101/><T20/><D0/><U92/><E92/><V33/><F33/><W65/><G63/><T80/><D104/><U89/><E89/><V125/><F125/><W82/><G105/><T113/><D113/><U90/><E90/><V36/><F91/><W11/><REACH who="3" step="1"/><G78/><REACH who="3" ten="250,250,250,240" step="2"/><T53/><D42/><U16/><E41/><V126/><F126/><W27/><G27/><T110/><D110/><U10/><E106/><V23/><F76/><W75/><G75/><T86/><D40/><U128/><E128/><V6/><F77/><W99/><G99/><T15/><REACH who="0" step="1"/><D80/><REACH who="0" ten="240,250,250,240" step="2"/><U103/><E43/><V62/><F36/><W3/><G3/><T72/><D72/><U25/><E73/><V83/><F83/><W121/><G121/><T129/><D129/><U29/><E1/><V114/><F114/><W61/><G61/><T8/><AGARI ba="0,2" hai="8,15,18,20,21,22,45,46,47,50,53,84,86,87" machi="8" ten="30,6000,0" yaku="1,1,0,1,8,1,53,0" doraHai="100" doraHaiUra="24" who="0" fromWho="0" sc="240,80,250,-20,250,-20,240,-20" /><INIT seed="0,1,0,4,2,46" ten="320,230,230,220" oya="0" hai0="55,92,41,57,83,98,64,39,7,79,135,29,102" hai1="6,99,30,71,49,59,60,28,95,52,109,127,16" hai2="112,40,131,5,34,106,56,73,2,19,74,130,35" hai3="12,84,132,20,113,101,27,105,13,47,38,32,87"/><T63/><D135/><U128/><E109/><V125/><F112/><W11/><G113/><T44/><D7/><U24/><E128/><N who="2" m="49195" /><F106/><W90/><G32/><N who="2" m="12329" /><F125/><W123/><G132/><T62/><D29/><U119/><E119/><V45/><F56/><W58/><G123/><T53/><REACH who="0" step="1"/><D63/><REACH who="0" ten="310,230,230,220" step="2"/><U54/><E6/><V100/><F19/><W133/><G133/><T36/><D36/><U85/><E127/><V31/><F31/><W78/><G38/><T50/><D50/><U77/><E30/><V9/><F100/><W75/><G101/><T48/><D48/><AGARI ba="1,1" hai="2,5,9,40,45,48,73,74" m="12329,49195" machi="48" ten="30,2000,0" yaku="19,1,52,1" doraHai="46" who="2" fromWho="0" sc="310,-23,230,0,230,33,220,0" /><INIT seed="1,0,0,2,3,30" ten="287,230,263,220" oya="1" hai0="0,129,5,134,35,69,96,92,102,50,66,90,99" hai1="41,109,130,34,47,79,48,29,108,49,27,62,80" hai2="22,103,135,114,73,11,51,74,70,91,14,65,98" hai3="81,112,36,121,40,55,64,116,46,59,118,63,75"/><U67/><E130/><V122/><F122/><W54/><G75/><T82/><D129/><U107/><E107/><V9/><F135/><W95/><G81/><T61/><D134/><U88/><E48/><V72/><F114/><W17/><G95/><T77/><D35/><U119/><E119/><N who="3" m="45610" /><G17/><T1/><D50/><U132/><E132/><V124/><F124/><W76/><G76/><T93/><REACH who="0" step="1"/><D5/><REACH who="0" ten="277,230,263,220" step="2"/><U125/><E125/><V106/><F51/><W113/><G121/><T13/><D13/><U110/><E49/><V117/><F117/><W38/><G38/><T56/><D56/><N who="1" m="37319" /><E47/><V20/><F14/><W60/><G60/><T19/><D19/><U100/><E41/><V105/><F70/><W89/><G112/><T97/><D97/><U104/><E104/><V33/><F106/><W2/><G113/><T120/><D120/><U44/><E44/><V115/><F115/><W94/><G2/><T57/><D57/><U4/><E4/><V10/><F33/><W15/><G15/><T18/><D18/><U24/><E24/><V78/><F105/><W25/><G25/><T128/><D128/><U83/><E79/><V123/><F78/><W21/><G21/><T53/><D53/><U68/><E68/><V126/><F20/><W101/><G54/><T32/><D32/><U7/><E7/><V8/><F22/><W111/><G55/><T12/><D12/><U86/><E34/><V16/><F126/><W131/><G131/><T71/><D71/><U37/><E37/><V3/><F123/><W84/><G111/><N who="1" m="42570" /><E27/><V58/><N who="2" m="2048" /><DORA hai="26" /><V31/><F3/><RYUUKYOKU ba="0,1" sc="277,15,230,-15,263,-15,220,15" hai0="0,1,61,66,69,77,82,90,92,93,96,99,102" hai3="36,40,46,59,63,64,84,89,94,101" /><INIT seed="2,1,1,2,2,94" ten="292,215,248,235" oya="2" hai0="28,75,105,21,45,61,56,50,38,34,119,60,96" hai1="98,3,125,113,83,85,64,37,118,129,0,51,124" hai2="12,127,121,102,87,26,76,62,82,42,27,41,19" hai3="79,126,107,91,1,2,57,23,40,90,117,36,13"/><V65/><F121/><W106/><G117/><T80/><D119/><U101/><E118/><V5/><F127/><N who="1" m="48713" /><E113/><V131/><F131/><W111/><G126/><T63/><D34/><U93/><E37/><V47/><F5/><W77/><G111/><T32/><D32/><U100/><E129/><V103/><F42/><W11/><G23/><T39/><D56/><U112/><E112/><V135/><F135/><W128/><G128/><T97/><D105/><U59/><E101/><V25/><F41/><W18/><G57/><T70/><D70/><U44/><E59/><N who="2" m="37087" /><F47/><W78/><G107/><T35/><D35/><U6/><E64/><V15/><F15/><W48/><G106/><T31/><D39/><U122/><E6/><V54/><F54/><W24/><G36/><T115/><D38/><U8/><E8/><AGARI ba="1,1" hai="8,12,19,25,26,27,76,82,87,102,103" m="37087" machi="8" ten="30,1500,0" yaku="8,1" doraHai="94" who="2" fromWho="1" sc="292,0,215,-18,248,28,235,0" /><INIT seed="2,2,0,4,1,16" ten="292,197,276,235" oya="2" hai0="55,57,9,77,59,105,82,120,36,20,18,41,11" hai1="108,63,90,45,86,126,95,19,72,7,130,119,43" hai2="33,1,112,6,125,91,8,81,117,109,132,110,28" hai3="30,2,101,75,134,121,12,44,107,106,127,99,66"/><V74/><F112/><W76/><G2/><T70/><D70/><U60/><E119/><V29/><F117/><W71/><G121/><T64/><D120/><U68/><E72/><V96/><F125/><W83/><G127/><T94/><D105/><U104/><E104/><V37/><F132/><W32/><G134/><T102/><D36/><U114/><E126/><V52/><F37/><W58/><G106/><T133/><D41/><U15/><E114/><V21/><F96/><W4/><G58/><T22/><D64/><U13/><E108/><N who="2" m="41579" /><F33/><W61/><G12/><N who="0" m="7439" /><D11/><N who="1" m="4351" /><E68/><V48/><F21/><N who="0" m="8298" /><D55/><U79/><E43/><V49/><F49/><W26/><G4/><T87/><D133/><U34/><E34/><V46/><F74/><W5/><G5/><T14/><D14/><U84/><E15/><V89/><F81/><W67/><G66/><T50/><D50/><U118/><E118/><V39/><F39/><W24/><G24/><T116/><D116/><U10/><E10/><V124/><F124/><W88/><G83/><T80/><D80/><N who="1" m="47135" /><E19/><V0/><F1/><W42/><G75/><T111/><D111/><U65/><E65/><V115/><F115/><W98/><G107/><T100/><D94/><U123/><E123/><V78/><F78/><W131/><G76/><T27/><D27/><U62/><E95/><V97/><F97/><W17/><G98/><T92/><D92/><N who="1" m="54359" /><E45/><V135/><F135/><W56/><G44/><T129/><D77/><U3/><E3/><V73/><F73/><W35/><G35/><T23/><D82/><U38/><E38/><V85/><F91/><RYUUKYOKU ba="2,0" sc="292,-15,197,15,276,15,235,-15" hai1="60,62,63,130" hai2="0,6,8,28,29,46,48,52,85,89" /><INIT seed="2,3,0,1,1,36" ten="277,212,291,220" oya="2" hai0="93,133,37,82,71,67,89,14,8,9,32,38,98" hai1="125,19,81,110,75,60,97,123,28,109,66,115,6" hai2="0,91,12,100,27,124,57,18,108,126,122,2,76" hai3="46,1,41,87,53,74,102,11,17,31,84,70,130"/><V40/><F122/><W63/><G74/><T105/><D32/><U64/><E115/><V95/><F100/><W134/><G31/><T10/><D105/><U61/><E123/><V117/><F117/><W42/><G102/><T103/><D133/><U34/><E6/><V44/><F76/><W120/><G120/><T128/><D128/><U65/><E125/><N who="2" m="48235" /><F27/><W78/><G130/><T69/><D14/><U112/><E112/><V79/><F57/><N who="3" m="35247" /><G70/><T59/><D71/><U52/><E97/><N who="2" m="57599" /><F79/><W47/><G78/><T119/><D69/><U25/><E75/><V43/><F108/><N who="1" m="41577" /><E81/><V80/><F80/><W21/><G134/><T90/><D119/><U94/><E94/><V4/><F4/><W132/><G132/><T121/><D121/><U96/><E96/><V48/><F43/><W129/><G129/><T54/><D82/><U23/><E52/><V45/><F45/><W68/><G46/><T104/><D54/><U33/><E34/><V73/><F73/><W114/><G47/><T131/><D131/><U99/><E99/><V29/><F29/><W113/><G113/><T22/><D104/><U15/><AGARI ba="3,0" hai="15,19,23,25,28,33,60,61,64,65,66" m="41577" machi="15" ten="30,1100,0" yaku="14,1" doraHai="36" who="1" fromWho="1" sc="277,-6,212,20,291,-8,220,-6" /><INIT seed="3,0,0,0,5,64" ten="271,232,283,214" oya="3" hai0="73,97,26,20,74,130,10,2,36,118,24,98,134" hai1="104,18,128,72,61,55,19,7,30,22,109,6,117" hai2="135,52,12,75,86,39,84,40,87,44,89,46,101" hai3="49,76,77,94,14,103,0,67,91,66,114,129,107"/><W121/><G114/><T85/><D118/><U99/><E72/><V110/><F75/><W28/><G121/><T132/><D36/><U108/><E117/><V57/><F110/><N who="1" m="42601" /><E128/><V42/><F135/><W122/><G122/><T62/><D130/><U120/><E120/><V16/><F101/><W133/><G0/><T3/><D20/><U80/><E80/><V96/><F96/><W33/><G129/><T81/><D62/><U48/><E61/><N who="2" m="36007" /><F39/><W116/><G116/><T95/><D81/><U63/><E63/><V119/><F119/><W92/><G133/><T60/><D60/><U43/><E43/><N who="2" m="16427" /><F89/><W59/><G49/><T56/><D85/><U34/><E99/><V93/><F93/><W29/><G107/><T71/><D95/><N who="3" m="36393" /><G91/><T5/><D74/><U79/><E34/><V115/><F115/><W1/><G33/><T9/><D73/><U21/><E104/><V25/><F25/><W17/><G1/><T70/><D56/><U23/><E79/><N who="3" m="30282" /><G59/><T35/><D35/><U82/><E82/><V51/><F51/><W8/><G103/><T53/><D53/><U27/><E27/><V65/><F65/><AGARI ba="0,0" hai="8,14,17,28,29,65,66,67" m="30282,36393" machi="65" ten="30,1500,0" yaku="8,1" doraHai="64" who="3" fromWho="2" sc="271,0,232,0,283,-15,214,15" /><INIT seed="3,1,0,3,0,33" ten="271,232,268,229" oya="3" hai0="74,111,31,52,135,134,66,20,49,62,51,43,3" hai1="26,64,129,76,121,95,123,28,87,6,40,67,54" hai2="34,0,8,133,25,4,126,84,94,109,37,42,85" hai3="1,77,127,97,132,65,16,55,119,41,131,116,86"/><W50/><G41/><T117/><D74/><U79/><E129/><V44/><F109/><W58/><G131/><T107/><D107/><U35/><E40/><V115/><F115/><W125/><G132/><N who="0" m="50731" /><D111/><U48/><E6/><V72/><F133/><W108/><G108/><T89/><D117/><U21/><E35/><V59/><F94/><W120/><G120/><T15/><D89/><N who="1" m="53695" /><E123/><V24/><F126/><N who="3" m="48139" /><G97/><T36/><D3/><U46/><E121/><V11/><F59/><W60/><G1/><T102/><D102/><U110/><E110/><V78/><F11/><W30/><G30/><T23/><D31/><U12/><E12/><V114/><F114/><W90/><G77/><AGARI ba="1,0" hai="21,26,28,46,48,54,64,67,76,77,79" m="53695" machi="77" ten="30,1000,0" yaku="8,1" doraHai="33" who="1" fromWho="3" sc="271,0,232,13,268,0,229,-13" /><INIT seed="4,0,0,2,4,40" ten="271,245,268,216" oya="0" hai0="102,115,64,41,130,36,62,48,29,45,79,107,5" hai1="114,9,66,100,75,119,34,111,116,105,112,73,54" hai2="83,129,123,93,31,38,70,78,135,127,50,49,4" hai3="27,120,88,22,69,0,80,125,16,109,57,28,65"/><T74/><D115/><N who="1" m="44075" /><E34/><V21/><F123/><W20/><G109/><T118/><D118/><N who="1" m="45099" /><E66/><V106/><F106/><W68/><G0/><T25/><D130/><U128/><E111/><V33/><F93/><W81/><G120/><T117/><D5/><U86/><E128/><V92/><F92/><W61/><G125/><T37/><D117/><U7/><E54/><V82/><F129/><W122/><G122/><T67/><D67/><U56/><E56/><V126/><F70/><W96/><G68/><N who="0" m="42007" /><D79/><U35/><E35/><V55/><F78/><W76/><G69/><T11/><D11/><U60/><E60/><V108/><F33/><W104/><G76/><T101/><D74/><U44/><E44/><V90/><F108/><W124/><G124/><T77/><D77/><U131/><E131/><V98/><F126/><W8/><G8/><T13/><D45/><U71/><E71/><V47/><F127/><W84/><G81/><T85/><D41/><U39/><E39/><V134/><F38/><W43/><G43/><T18/><D37/><U94/><E9/><V63/><F63/><W30/><REACH who="3" step="1"/><G20/><REACH who="3" ten="271,245,268,206" step="2"/><T51/><D36/><U97/><E7/><V1/><F4/><W14/><G14/><T53/><D13/><U32/><E32/><V59/><F1/><W133/><G133/><T2/><D2/><U110/><E110/><V58/><F134/><W3/><G3/><T95/><D25/><U89/><AGARI ba="0,1" hai="73,75,86,89,94,97,100,105" m="45099,44075" machi="89" ten="40,8000,1" yaku="15,1,11,1,34,2" doraHai="40" who="1" fromWho="1" sc="271,-40,245,90,268,-20,206,-20" owari="231,-16.9,335,43.5,248,4.8,186,-31.4" /></mjloggm>