<mjloggm ver="2.3"><GO type="225" lobby="0"/><UN n0="%E3%83%81%E3%83%83%E3%82%BF%E3%82%BD%E3%83%BC" n1="%E3%81%B2%E3%81%AA%E3%81%AE%E3%82%8A%E3%81%8F" n2="%E3%80%93%E3%81%97%E3%83%BC%E3%82%89%E3%80%93" n3="%E6%98%93%E5%88%A9%E8%96%A9%E4%BC%AF" dan="16,16,16,16" rate="2111.97,2067.56,2160.79,2140.29" sx="F,M,M,F"/><TAIKYOKU oya="0"/><INIT seed="0,0,0,5,2,21" ten="250,250,250,250" oya="0" hai0="91,13,121,40,58,135,25,20,68,56,73,117,134" hai1="46,7,106,113,42,125,49,4,111,118,89,59,123" hai2="81,99,19,65,127,119,10,24,74,47,38,77,48" hai3="39,23,110,43,103,75,98,28,128,115,87,64,31"/><T63/><D117/><U102/><E118/><V51/><F127/><W35/><G75/><T133/><D121/><U27/><E123/><V66/><F38/><W104/><G115/><T14/><D73/><U76/><E125/><V109/><F119/><W130/><G110/><T88/><D40/><U112/><E111/><V93/><F109/><W9/><G35/><T52/><D56/><U95/><E76/><V2/><F51/><W70/><G9/><T126/><D68/><U33/><E102/><V29/><F2/><W3/><G3/><T55/><D55/><U78/><E78/><V129/><F129/><N who="3" m="49771" /><G87/><T22/><D126/><U120/><E106/><V11/><F19/><W92/><G92/><T105/><D105/><U16/><E59/><V101/><F10/><W17/><G43/><T124/><D124/><U69/><E69/><V94/><F94/><W122/><G39/><T97/><D20/><N who="1" m="13703" /><E33/><V131/><F11/><W72/><G72/><T114/><D114/><N who="1" m="44139" /><E120/><V32/><REACH who="2" step="1"/><F131/><REACH who="2" ten="250,250,240,250" step="2"/><W67/><G122/><T71/><D71/><U84/><AGARI ba="0,1" hai="4,7,42,46,49,84,89,95" m="44139,13703" machi="84" ten="30,4000,0" yaku="11,1,52,1,54,1" doraHai="21" who="1" fromWho="1" sc="250,-20,250,50,240,-10,250,-10" /><INIT seed="1,0,0,1,3,114" ten="230,300,230,240" oya="1" hai0="54,36,129,26,70,12,101,17,132,57,45,11,51" hai1="89,43,13,86,40,19,6,35,59,46,107,81,120" hai2="67,111,112,128,66,116,74,18,119,63,37,58,29" hai3="10,61,72,82,48,8,84,76,94,92,9,47,28"/><U21/><E120/><V2/><F2/><W93/><G28/><T75/><D129/><U65/><E107/><V42/><F74/><W126/><G126/><T87/><D132/><U52/><E35/><V121/><F29/><W80/><G61/><T110/><D110/><U122/><E122/><V22/><F121/><W3/><G82/><T23/><D75/><U7/><E65/><V127/><F111/><W16/><G3/><T34/><D34/><U130/><E130/><V99/><F128/><W83/><G83/><T25/><D70/><U50/><REACH who="1" step="1"/><E43/><REACH who="1" ten="230,290,230,240" step="2"/><V60/><F112/><W131/><G131/><T4/><D54/><U117/><E117/><V115/><F115/><W64/><G64/><T95/><D36/><AGARI ba="0,1" hai="6,7,13,19,21,36,40,46,50,52,59,81,86,89" machi="36" ten="30,5800,0" yaku="1,1,7,1,54,1,53,0" doraHai="114" doraHaiUra="104" who="1" fromWho="0" sc="230,-58,290,68,230,0,240,0" /><INIT seed="1,1,0,2,4,64" ten="172,358,230,240" oya="1" hai0="65,61,38,96,119,8,125,1,21,112,16,107,14" hai1="37,120,90,48,85,7,113,97,129,130,26,78,93" hai2="102,86,0,77,2,84,19,12,87,49,126,42,50" hai3="79,15,71,57,109,46,11,39,4,36,56,63,52"/><U89/><E37/><V45/><F126/><W115/><G109/><T73/><D125/><U25/><E113/><V131/><F131/><N who="1" m="50185" /><E78/><V104/><F77/><W62/><G115/><T105/><D112/><U123/><E7/><V40/><F102/><W103/><G71/><T72/><D119/><U10/><E10/><V133/><F104/><W118/><G118/><T43/><D43/><U82/><E48/><V29/><F29/><W98/><G46/><T127/><D38/><U134/><E134/><V44/><REACH who="2" step="1"/><F133/><REACH who="2" ten="172,358,220,240" step="2"/><W91/><G79/><T53/><D127/><U122/><AGARI ba="1,1" hai="25,26,82,85,89,90,93,97,120,122,123" m="50185" machi="122" ten="40,2100,0" yaku="19,1" doraHai="64" who="1" fromWho="1" sc="172,-8,358,34,220,-8,240,-8" /><INIT seed="1,2,0,4,5,123" ten="164,392,212,232" oya="1" hai0="104,11,95,19,119,115,54,92,23,68,89,97,124" hai1="99,73,81,27,17,48,101,5,134,38,0,44,90" hai2="118,112,15,45,130,39,77,106,94,84,30,105,110" hai3="62,71,20,6,96,109,93,28,86,72,98,65,58"/><U66/><E66/><V63/><F118/><W60/><G72/><T56/><D68/><U55/><E38/><V32/><F130/><W85/><G6/><T40/><D124/><U53/><E0/><V42/><F112/><W67/><G96/><T13/><D115/><U33/><E5/><V128/><F128/><W3/><G3/><T117/><D104/><U25/><E33/><V34/><F63/><W70/><G109/><T49/><D40/><U122/><E122/><V131/><F131/><W50/><G50/><T35/><D35/><U121/><E134/><V7/><F34/><W107/><G107/><T78/><D78/><U59/><E17/><V100/><F110/><W111/><G111/><T22/><D22/><U31/><E31/><V82/><F100/><W21/><G71/><T79/><D79/><U74/><E74/><V29/><F94/><W2/><G2/><T120/><D120/><U133/><E133/><V41/><F41/><W129/><G129/><T24/><REACH who="0" step="1"/><D95/><REACH who="0" ten="154,392,212,232" step="2"/><U132/><E132/><V103/><F106/><W80/><G21/><T14/><D14/><U83/><E121/><V4/><F32/><W75/><G75/><T69/><D69/><U113/><E73/><V87/><F15/><W127/><G127/><T18/><AGARI ba="2,1" hai="11,13,18,19,23,24,49,54,56,89,92,97,117,119" machi="18" ten="20,5200,0" yaku="1,1,0,1,7,1,53,1" doraHai="123" doraHaiUra="91" who="0" fromWho="0" sc="154,68,392,-28,212,-15,232,-15" /><INIT seed="2,0,0,0,4,114" ten="222,364,197,217" oya="2" hai0="78,22,38,33,93,57,69,0,130,34,58,81,28" hai1="53,120,125,21,30,27,101,77,61,54,84,9,106" hai2="128,105,20,88,32,90,80,92,60,97,19,42,79" hai3="48,51,25,124,18,41,74,29,47,55,5,117,24"/><V7/><F32/><W109/><G74/><T65/><D38/><U127/><E106/><V14/><F128/><W108/><G124/><T16/><D130/><U63/><E101/><V8/><F105/><W64/><G64/><T35/><D0/><U44/><E120/><V95/><F42/><W118/><G5/><T12/><D28/><U2/><E2/><V91/><F60/><W98/><G98/><T129/><D129/><U73/><E9/><V37/><F37/><W40/><G18/><T99/><D65/><U111/><E73/><V75/><REACH who="2" step="1"/><F95/><REACH who="2" ten="222,364,187,217" step="2"/><W89/><G41/><T85/><REACH who="0" step="1"/><D69/><REACH who="0" ten="212,364,187,217" step="2"/><U66/><E125/><V11/><F11/><W52/><G40/><T59/><D59/><U96/><E127/><V119/><F119/><W10/><G117/><T121/><D121/><U50/><E66/><V107/><F107/><W46/><G118/><T4/><D4/><U26/><E63/><V56/><F56/><W6/><G6/><T70/><D70/><U112/><E61/><V31/><F31/><W104/><G104/><T116/><D116/><U115/><E30/><V110/><F110/><W135/><G29/><T13/><D13/><AGARI ba="0,2" hai="7,8,13,14,19,20,75,79,80,88,90,91,92,97" machi="13" ten="30,5800,0" yaku="1,1,7,1,54,1,53,0" doraHai="114" doraHaiUra="71" who="2" fromWho="0" sc="212,-58,364,0,187,78,217,0" /><INIT seed="2,1,0,5,0,7" ten="154,364,265,217" oya="2" hai0="86,24,41,120,113,74,58,122,107,90,52,129,51" hai1="61,87,50,30,60,35,68,83,19,72,121,62,9" hai2="85,80,92,10,49,17,95,106,104,1,126,110,114" hai3="56,42,26,47,57,67,34,76,48,59,2,99,89"/><V38/><F38/><W0/><G67/><T21/><D113/><U4/><E72/><V20/><F114/><W28/><G76/><T39/><D129/><U117/><E117/><V44/><F126/><W13/><G89/><T36/><D74/><U125/><E125/><V118/><F118/><W103/><REACH who="3" step="1"/><G13/><REACH who="3" ten="154,364,265,207" step="2"/><T82/><D107/><AGARI ba="1,1" hai="0,2,26,28,34,42,47,48,56,57,59,99,103,107" machi="107" ten="40,2600,0" yaku="1,1,2,1,53,0" doraHai="7" doraHaiUra="12" who="3" fromWho="0" sc="154,-29,364,0,265,0,207,39" /><INIT seed="3,0,0,5,5,50" ten="125,364,265,246" oya="3" hai0="9,85,17,75,105,8,93,60,87,66,48,42,22" hai1="122,20,74,92,77,78,27,131,126,11,129,28,5" hai2="108,72,114,113,58,111,86,133,84,0,19,57,112" hai3="51,98,14,35,76,135,6,102,99,34,18,62,38"/><W25/><G38/><T81/><D105/><U71/><E71/><V56/><F72/><W132/><G76/><T125/><D125/><U10/><E122/><V127/><F127/><W63/><G6/><T134/><D134/><N who="3" m="51241" /><G98/><T116/><D116/><U1/><E126/><V46/><F133/><W94/><G25/><T31/><D75/><U61/><E74/><V79/><F79/><W44/><G35/><T109/><D109/><N who="2" m="42058" /><F0/><W54/><G34/><T119/><D119/><U69/><E92/><V33/><F33/><W110/><G110/><T96/><D31/><U73/><E11/><AGARI ba="0,0" hai="11,14,18,44,51,54,62,63,94,99,102" m="51241" machi="11" ten="30,2900,0" yaku="20,1,52,1" doraHai="50" who="3" fromWho="1" sc="125,0,364,-29,265,0,246,29" /><INIT seed="3,1,0,1,2,117" ten="125,335,265,275" oya="3" hai0="48,131,26,37,75,80,4,100,62,67,47,113,105" hai1="5,25,28,46,19,115,121,11,20,97,92,73,2" hai2="71,63,81,99,54,85,103,114,13,61,29,9,133" hai3="45,59,53,49,58,123,32,108,24,40,134,118,111"/><W7/><G118/><T110/><D110/><N who="3" m="42025" /><G134/><T8/><D131/><U36/><E121/><V51/><F114/><W84/><G7/><T64/><D113/><U78/><E115/><V55/><F29/><N who="3" m="19495" /><G123/><T69/><D64/><U34/><E78/><V125/><F133/><W12/><G12/><T31/><D48/><U95/><E73/><V65/><F125/><W94/><G53/><T89/><D89/><AGARI ba="1,0" hai="40,45,49,58,59,84,89,94" m="19495,42025" machi="89" ten="30,2900,0" yaku="14,1,10,1" doraHai="117" who="3" fromWho="0" sc="125,-32,335,0,265,0,275,32" /><INIT seed="3,2,0,2,1,62" ten="93,335,265,307" oya="3" hai0="129,71,77,101,108,17,125,69,127,124,105,68,3" hai1="102,134,98,66,126,100,59,73,37,94,116,91,28" hai2="32,51,2,19,81,84,92,49,26,63,54,106,103" hai3="1,42,93,30,113,18,48,6,72,64,15,25,23"/><W0/><G72/><T65/><D17/><U133/><E73/><V22/><F2/><W58/><G113/><T27/><D27/><U36/><E126/><V9/><F106/><W118/><G118/><T131/><D3/><U128/><E128/><V123/><F32/><W107/><G107/><T97/><D108/><U122/><E122/><V46/><F123/><W47/><G6/><T111/><D111/><U120/><E120/><V31/><F63/><N who="3" m="38007" /><G1/><T57/><D57/><U80/><E28/><V29/><F9/><N who="3" m="6511" /><G0/><T96/><D77/><U110/><E110/><V78/><F51/><W33/><G33/><T75/><D75/><U56/><E116/><V130/><F130/><W119/><G119/><T76/><D76/><U55/><E59/><V34/><F34/><W52/><G93/><T132/><D96/><AGARI ba="2,0" hai="19,22,26,29,31,46,49,54,78,81,84,92,96,103" machi="96" ten="40,1300,0" yaku="8,1" doraHai="62" who="2" fromWho="0" sc="93,-19,335,0,265,19,307,0" owari="74,-42.6,335,43.5,284,-11.6,307,10.7" /></mjloggm>