<mjloggm ver="2.3"><GO type="225" lobby="0"/><UN n0="%E6%81%A5%E6%99%92%E3%81%97" n1="%E6%A1%9C%E8%8A%B1%E9%96%83%E3%80%85" n2="%E3%81%90%E3%81%A1%E3%82%84%E3%81%BE" n3="%4C%4F%4C%49%54%41" dan="16,16,16,16" rate="2126.14,2115.07,2127.73,2102.08" sx="M,M,M,F"/><TAIKYOKU oya="0"/><INIT seed="0,0,0,5,0,109" ten="250,250,250,250" oya="0" hai0="18,99,27,82,5,81,118,15,128,122,107,90,120" hai1="14,58,49,70,20,10,56,4,16,29,113,31,104" hai2="102,103,66,23,80,125,89,24,62,9,67,44,69" hai3="97,30,40,2,13,42,12,53,92,134,127,52,3"/><T129/><D5/><U123/><E123/><N who="0" m="47145" /><D27/><U84/><E70/><V126/><F66/><W130/><G130/><N who="0" m="50283" /><D118/><U86/><E104/><V131/><F131/><W95/><G30/><N who="1" m="11274" /><E113/><V35/><F35/><W39/><G97/><T54/><D54/><N who="1" m="31823" /><E58/><V41/><F69/><W132/><REACH who="3" step="1"/><G39/><REACH who="3" ten="250,250,250,240" step="2"/><T74/><D74/><U75/><E75/><V124/><F124/><AGARI ba="0,1" hai="2,3,12,13,40,42,52,53,92,95,124,127,132,134" machi="124" ten="25,8000,1" yaku="1,1,2,1,22,2,54,1,53,0" doraHai="109" doraHaiUra="6" who="3" fromWho="2" sc="250,0,250,0,250,-80,240,90" /><INIT seed="1,0,0,1,3,60" ten="250,250,170,330" oya="1" hai0="85,20,10,3,95,11,110,78,1,21,4,81,77" hai1="40,133,104,48,54,31,17,56,135,70,49,128,2" hai2="27,7,89,107,73,69,44,64,67,51,36,37,120" hai3="126,6,53,24,62,23,68,43,30,99,86,47,15"/><U74/><E74/><V122/><F107/><W25/><G126/><T103/><D110/><U108/><E104/><V109/><F73/><W98/><G86/><T118/><D118/><U87/><E2/><V130/><F7/><W123/><G123/><T46/><D46/><N who="1" m="25671" /><E31/><V71/><F89/><W131/><G131/><T5/><REACH who="0" step="1"/><D77/><REACH who="0" ten="240,250,170,330" step="2"/><U117/><E117/><V106/><F109/><W8/><G47/><T96/><AGARI ba="0,1" hai="1,3,4,5,10,11,20,21,78,81,85,95,96,103" machi="96" ten="30,7900,0" yaku="1,1,2,1,0,1,9,1,53,0" doraHai="60" doraHaiUra="61" who="0" fromWho="0" sc="240,89,250,-39,170,-20,330,-20" /><INIT seed="2,0,0,1,0,37" ten="329,211,150,310" oya="2" hai0="6,91,31,2,129,58,115,50,33,87,73,21,106" hai1="92,7,67,101,47,29,42,113,97,66,70,49,102" hai2="13,78,111,76,8,1,28,77,72,45,104,32,59" hai3="64,123,61,34,132,48,131,82,122,65,75,60,121"/><V107/><F72/><W124/><G34/><T94/><D115/><U19/><E113/><V62/><F1/><W105/><G105/><T103/><D129/><U9/><E29/><V95/><F111/><W26/><G131/><T40/><D33/><U135/><E135/><V24/><F95/><W79/><G132/><T98/><D73/><U96/><E19/><V4/><REACH who="2" step="1"/><F45/><REACH who="2" ten="329,211,140,310" step="2"/><W114/><G75/><T68/><D2/><U53/><E70/><V119/><F119/><W120/><G120/><T84/><D68/><U127/><E127/><V118/><F118/><W51/><G124/><T15/><D94/><N who="1" m="58519" /><E42/><V52/><AGARI ba="0,1" hai="4,8,13,24,28,32,52,59,62,76,77,78,104,107" machi="52" ten="30,6000,0" yaku="1,1,0,1,54,1,53,0" doraHai="37" doraHaiUra="81" who="2" fromWho="2" sc="329,-20,211,-20,140,70,310,-20" /><INIT seed="2,1,0,2,5,67" ten="309,191,210,290" oya="2" hai0="47,115,100,29,92,128,25,51,31,40,103,123,104" hai1="62,46,95,39,96,106,99,116,130,8,80,52,79" hai2="2,118,64,22,74,16,42,94,59,36,68,75,81" hai3="110,37,63,12,101,14,66,125,93,18,33,28,27"/><V65/><F118/><W76/><G37/><T88/><D115/><U5/><E116/><V113/><F113/><W84/><G110/><T120/><D128/><U3/><E130/><V89/><F2/><W48/><G125/><T0/><D0/><U78/><E106/><V1/><F1/><W58/><G12/><T34/><D31/><U11/><E11/><V105/><F105/><W54/><G76/><T10/><D104/><U107/><E107/><V87/><F68/><W135/><G135/><T98/><REACH who="0" step="1"/><D10/><REACH who="0" ten="299,191,210,290" step="2"/><U41/><E78/><V90/><F42/><W6/><G28/><T35/><D35/><U60/><E96/><V72/><F36/><W4/><G33/><T45/><D45/><U70/><E70/><V38/><F38/><W131/><G131/><T15/><D15/><U24/><E24/><V26/><REACH who="2" step="1"/><F59/><REACH who="2" ten="299,191,200,290" step="2"/><W71/><G58/><T126/><D126/><U97/><E39/><V30/><F30/><W91/><G71/><T102/><AGARI ba="1,2" hai="25,29,34,40,47,51,88,92,98,100,102,103,120,123" machi="102" ten="30,7900,0" yaku="1,1,0,1,54,1,53,1" doraHai="67" doraHaiUra="20" who="0" fromWho="0" sc="299,102,191,-21,200,-40,290,-21" /><INIT seed="3,0,0,3,5,106" ten="401,170,160,269" oya="3" hai0="5,76,30,126,23,18,74,122,112,24,36,13,48" hai1="61,4,81,34,120,84,58,15,79,88,107,54,50" hai2="38,118,60,92,86,82,90,105,73,32,95,62,80" hai3="115,25,121,128,133,63,99,11,20,131,103,89,43"/><W0/><G115/><T31/><D122/><U10/><E120/><V7/><F38/><W1/><G121/><T14/><D36/><U29/><E107/><V78/><F118/><W130/><G133/><T91/><D112/><U51/><E34/><V46/><F105/><N who="3" m="63743" /><G43/><T134/><D134/><U108/><E108/><V116/><F116/><W47/><G47/><T104/><D104/><U17/><E29/><V65/><F32/><W55/><G11/><T94/><D76/><U123/><E123/><V2/><F46/><W53/><G89/><T56/><D14/><U35/><E35/><V37/><F37/><W16/><G63/><T109/><D56/><U87/><REACH who="1" step="1"/><E4/><REACH who="1" ten="401,160,160,269" step="2"/><V33/><F33/><W124/><G124/><T125/><D126/><U127/><E127/><V22/><F22/><W100/><G20/><T119/><D91/><U111/><E111/><V19/><F19/><W77/><G16/><T117/><D48/><U75/><E75/><V8/><REACH who="2" step="1"/><F62/><REACH who="2" ten="401,160,150,269" step="2"/><W69/><G130/><T57/><D125/><U67/><E67/><V110/><F110/><W21/><G21/><T28/><D109/><U70/><E70/><AGARI ba="0,2" hai="2,7,8,60,65,70,73,78,80,82,86,90,92,95" machi="70" ten="30,3900,0" yaku="1,1,7,1,52,1,53,0" doraHai="106" doraHaiUra="42" who="2" fromWho="1" sc="401,0,160,-39,150,59,269,0" owari="401,50.1,121,-37.9,209,-19.1,269,6.9" /></mjloggm>