<mjloggm ver="2.3"><GO type="225" lobby="0"/><UN n0="%E3%81%A9%E3%82%93%E3%82%88%E3%81%8F%4D%6B%2E%32" n1="%E6%9C%88%E5%B3%B6%E5%9F%BA" n2="%E3%83%96%E3%83%83%E3%83%91%E3%82%AA%E3%83%96%E3%83%81%E3%82%AD%E3%83%B3" n3="%E3%83%81%E3%83%A7%E3%83%99%E3%83%83%E3%82%AF" dan="16,18,16,16" rate="2141.44,2223.34,2113.09,2127.70" sx="M,M,M,M"/><TAIKYOKU oya="0"/><INIT seed="0,0,0,1,5,116" ten="250,250,250,250" oya="0" hai0="132,49,104,101,12,80,6,73,26,102,93,9,72" hai1="45,68,51,59,131,103,130,79,48,82,129,96,61" hai2="122,30,105,85,97,115,133,33,114,95,77,112,135" hai3="90,34,58,1,44,13,75,118,32,109,91,99,56"/><T52/><D132/><N who="2" m="50762" /><F30/><W31/><G1/><T43/><D43/><U74/><E68/><V23/><F23/><W27/><G75/><T2/><D104/><U0/><E0/><V35/><F105/><W65/><G109/><T71/><D71/><U5/><E5/><V8/><F8/><W126/><G126/><T78/><D73/><U28/><E28/><V46/><F46/><W64/><G99/><T117/><D117/><U110/><E110/><V42/><F42/><W24/><G31/><T127/><D127/><U67/><REACH who="1" step="1"/><E45/><REACH who="1" ten="250,240,250,250" step="2"/><V94/><F122/><W86/><G44/><T106/><D2/><U50/><E50/><V4/><F4/><W22/><G118/><T76/><D49/><U29/><E29/><V18/><F18/><W84/><G22/><T125/><D125/><U15/><E15/><AGARI ba="0,1" hai="13,15,24,27,32,34,56,58,64,65,84,86,90,91" machi="15" ten="25,1600,0" yaku="22,2" doraHai="116" who="3" fromWho="1" sc="250,0,240,-16,250,0,250,26" /><INIT seed="1,0,0,5,0,113" ten="250,224,250,276" oya="1" hai0="115,116,122,108,19,107,32,114,34,117,5,48,16" hai1="97,70,11,29,52,95,64,81,69,110,105,101,135" hai2="54,39,128,40,74,131,85,9,41,56,96,67,66" hai3="23,31,18,118,68,27,127,92,73,132,46,47,129"/><U24/><E135/><V14/><F74/><W100/><G73/><T104/><D48/><U8/><E110/><V55/><F85/><W78/><G78/><T119/><D5/><U80/><E105/><N who="0" m="40521" /><D108/><U53/><E69/><V98/><F39/><W72/><G72/><T28/><D28/><U25/><E70/><V84/><F84/><W120/><G68/><T94/><D94/><U126/><E64/><V133/><F133/><W90/><G120/><T71/><D71/><U12/><E126/><V38/><F38/><W37/><G127/><T1/><D1/><U10/><E12/><V35/><F35/><N who="0" m="13354" /><D122/><U51/><E53/><V103/><F14/><W62/><G37/><T13/><D13/><U77/><E77/><V112/><F112/><AGARI ba="0,0" hai="16,19,112,114,115,116,117,119" m="13354,40521" machi="112" ten="40,12000,2" yaku="28,2,52,3,54,1" doraHai="113" who="0" fromWho="2" sc="250,120,224,0,250,-120,276,0" /><INIT seed="2,0,0,2,1,120" ten="370,224,130,276" oya="2" hai0="129,58,4,9,8,0,91,79,74,48,82,76,116" hai1="85,98,67,124,114,39,40,106,118,125,93,90,81" hai2="66,5,115,20,28,37,52,113,53,1,21,3,10" hai3="62,44,89,30,102,107,2,27,92,105,60,69,38"/><V17/><F37/><W75/><G2/><N who="2" m="521" /><F66/><W130/><G130/><T14/><D129/><U11/><E67/><V84/><F84/><W65/><G75/><T46/><D116/><U80/><E40/><V135/><F28/><W99/><G60/><T47/><D58/><U33/><E39/><V25/><F25/><W97/><G38/><T45/><D91/><U23/><E118/><V16/><F10/><W54/><G54/><N who="2" m="21097" /><F5/><W36/><G36/><T55/><D79/><U123/><E11/><V26/><F26/><W88/><G44/><T133/><D133/><U6/><E6/><AGARI ba="0,0" hai="0,4,6,8,9,14,45,46,47,48,55,74,76,82" machi="6" ten="30,1000,0" yaku="7,1" doraHai="120" who="0" fromWho="1" sc="370,10,224,-10,130,0,276,0" /><INIT seed="3,0,0,4,0,56" ten="380,214,130,276" oya="3" hai0="27,61,88,43,23,3,96,64,69,0,24,89,15" hai1="118,98,74,103,70,62,128,59,95,41,71,36,107" hai2="10,40,116,123,76,54,100,114,112,35,58,49,42" hai3="14,85,126,9,101,108,91,102,1,30,121,75,18"/><W117/><G117/><T83/><D43/><U115/><E115/><V17/><F116/><W19/><G75/><T5/><D27/><U78/><E118/><V94/><F35/><W44/><G121/><T87/><D15/><U86/><E128/><V50/><F123/><W60/><G126/><T84/><D5/><U135/><E135/><V53/><F76/><W131/><G131/><T130/><D96/><U73/><E41/><V11/><F94/><W82/><G1/><T80/><D130/><U26/><E36/><V8/><F100/><W33/><G30/><AGARI ba="0,0" hai="0,3,23,24,30,61,64,69,80,83,84,87,88,89" machi="30" ten="30,7700,0" yaku="7,1,9,1,52,1,54,1" doraHai="56" who="0" fromWho="3" sc="380,77,214,0,130,0,276,-77" owari="457,55.7,214,1.4,130,-37.0,199,-20.1" /></mjloggm>