<mjloggm ver="2.3"><GO type="225" lobby="0"/><UN n0="%E3%81%AD%E3%82%80%E3%81%84%40%E9%9B%80%E9%B3%B4%E4%BC%9A" n1="%6D%61%74%69%67%75%73%61" n2="%E9%A6%AC%E5%BC%95%E7%81%AB%33" n3="%E6%97%A5%E6%9B%9C%E6%97%A5%E3%82%88%E3%82%8A%E3%81%AE%E4%BD%BF%E8%80%85" dan="16,17,16,17" rate="2186.19,2123.91,2082.99,2226.13" sx="F,M,M,M"/><TAIKYOKU oya="0"/><INIT seed="0,0,0,1,3,89" ten="250,250,250,250" oya="0" hai0="78,45,114,25,70,90,17,37,131,97,79,57,66" hai1="46,9,39,26,87,61,31,77,83,125,117,36,1" hai2="13,127,129,93,110,98,30,69,91,29,40,35,8" hai3="15,105,72,53,38,33,7,68,10,59,11,124,4"/><T18/><D114/><U14/><E117/><V128/><F110/><W108/><G68/><T0/><D70/><U132/><E1/><V3/><F127/><W81/><G105/><T24/><D0/><U135/><E125/><V51/><F3/><W102/><G38/><T23/><D131/><N who="2" m="50250" /><F35/><W49/><G33/><T48/><D37/><U76/><E76/><V28/><F69/><W62/><G124/><T104/><D104/><U85/><E85/><V32/><F32/><W133/><G108/><T21/><D57/><U58/><E26/><V74/><F74/><W60/><G102/><T99/><D66/><U100/><E100/><V94/><F51/><W95/><G133/><N who="1" m="51274" /><E46/><V41/><F94/><W75/><G75/><T130/><D130/><U5/><E31/><N who="2" m="7939" /><V113/><DORA hai="12" /><F113/><W19/><G95/><N who="0" m="56567" /><D99/><U22/><E36/><V55/><F55/><AGARI ba="0,0" hai="17,18,21,23,24,25,45,48,55,78,79" m="56567" machi="55" ten="30,11600,0" yaku="8,1,52,3" doraHai="89,12" who="0" fromWho="2" sc="250,116,250,0,250,-116,250,0" /><INIT seed="0,1,0,5,5,88" ten="366,250,134,250" oya="0" hai0="35,52,121,75,80,92,114,31,23,94,65,24,112" hai1="50,62,58,77,42,11,71,86,2,73,111,10,44" hai2="55,125,97,39,13,135,40,128,56,107,36,60,100" hai3="30,133,61,15,85,83,69,43,81,66,17,110,87"/><T20/><D121/><U99/><E73/><V45/><F125/><W33/><G110/><T25/><D65/><U4/><E111/><V109/><F109/><W79/><G133/><T38/><D38/><U18/><E71/><V98/><F135/><W54/><G43/><T59/><D35/><U106/><E77/><V0/><F128/><W118/><G118/><T126/><D126/><U104/><E86/><V134/><F134/><W3/><G3/><T91/><D75/><U78/><E78/><V116/><F116/><W96/><G96/><T1/><D1/><U63/><E63/><V117/><F117/><W26/><G54/><T115/><D80/><U14/><REACH who="1" step="1"/><E99/><REACH who="1" ten="366,240,134,250" step="2"/><V9/><F98/><W8/><G83/><T93/><D91/><U74/><E74/><AGARI ba="1,1" hai="8,15,17,26,30,33,61,66,69,74,79,81,85,87" machi="74" ten="30,1000,0" yaku="7,1" doraHai="88" who="3" fromWho="1" sc="366,0,240,-13,134,0,250,23" /><INIT seed="1,0,0,2,2,60" ten="366,227,134,273" oya="1" hai0="104,66,74,94,12,120,102,93,50,68,11,123,133" hai1="40,121,33,55,54,6,128,118,119,45,39,26,29" hai2="32,82,14,86,77,83,88,115,117,44,19,23,7" hai3="108,67,132,24,15,124,21,53,91,103,61,13,8"/><U43/><E121/><N who="0" m="46665" /><D74/><U96/><E128/><V113/><F117/><W129/><G129/><T126/><D126/><U76/><E40/><V64/><F32/><W47/><G124/><T73/><D73/><U69/><E69/><V127/><F127/><W100/><G91/><T106/><D50/><U79/><E6/><V4/><F44/><W22/><G108/><T90/><D102/><U34/><E96/><V30/><F30/><W85/><G85/><N who="0" m="52431" /><D94/><U10/><E33/><V65/><F4/><W109/><G109/><T52/><D52/><U80/><E76/><V28/><F28/><W125/><G53/><T87/><D87/><U105/><E55/><V3/><F7/><W114/><G47/><T59/><D59/><U95/><E95/><V42/><F42/><W31/><G31/><T89/><D89/><U112/><E54/><V99/><F3/><W20/><G103/><T92/><D92/><U58/><E58/><V35/><F35/><W131/><G100/><T16/><D133/><U116/><E105/><V70/><F99/><W84/><G132/><T122/><N who="0" m="46673" /><T38/><DORA hai="51" /><D38/><U36/><E36/><V78/><F70/><W134/><G134/><T72/><D72/><U25/><E119/><V46/><F46/><W17/><G125/><T18/><D18/><U107/><E45/><V135/><F135/><W48/><G17/><T5/><D5/><U111/><E118/><V27/><F27/><W98/><G24/><T37/><D37/><U57/><E25/><V63/><F63/><AGARI ba="0,0" hai="11,12,16,63,66,68,104,106" m="52431,46673" machi="63" ten="40,5200,0" yaku="13,1,52,1,54,1" doraHai="60,51" who="0" fromWho="2" sc="366,52,227,0,134,-52,273,0" /><INIT seed="2,0,0,1,5,59" ten="418,227,82,273" oya="2" hai0="68,40,11,13,112,21,133,7,25,83,67,98,126" hai1="81,104,61,50,36,27,5,32,117,9,69,53,86" hai2="77,15,4,132,18,20,63,125,75,72,115,113,119" hai3="52,101,90,118,0,49,91,79,94,26,128,76,47"/><V64/><F119/><W124/><G118/><T3/><D112/><U88/><E36/><V116/><F116/><W33/><G0/><T107/><D126/><U8/><E117/><V95/><F125/><W34/><G124/><T109/><D109/><U100/><E104/><V51/><F132/><W102/><G128/><T41/><D83/><U60/><E100/><V73/><F77/><W89/><G34/><T129/><D129/><U10/><E69/><V35/><F35/><W66/><G66/><T38/><D3/><U29/><REACH who="1" step="1"/><E5/><REACH who="1" ten="418,217,82,273" step="2"/><V114/><F4/><W92/><G102/><T56/><D68/><U14/><E14/><V31/><F95/><W45/><G101/><T6/><D6/><U65/><E65/><V57/><REACH who="2" step="1"/><F51/><REACH who="2" ten="418,217,72,273" step="2"/><W71/><G94/><T120/><D7/><U24/><E24/><V46/><F46/><AGARI ba="0,2" hai="8,9,10,27,29,32,46,50,53,60,61,81,86,88" machi="46" ten="40,8000,1" yaku="1,1,52,2,54,1,53,0" doraHai="59" doraHaiUra="108" who="1" fromWho="2" sc="418,0,217,100,72,-80,273,0" owari="418,51.8,317,11.7,-8,-50.8,273,-12.7" /></mjloggm>