<mjloggm ver="2.3"><GO type="225" lobby="0"/><UN n0="%E5%91%A8%E6%9D%B1" n1="%E6%81%A5%E6%99%92%E3%81%97" n2="%E2%98%86%E5%B0%8F%E5%AD%A6%E7%94%B7%E7%94%9F%E2%98%86" n3="%E3%83%96%E3%83%83%E3%83%91%E3%82%AA%E3%83%96%E3%83%81%E3%82%AD%E3%83%B3" dan="17,16,16,16" rate="2181.74,2145.24,2137.73,2149.09" sx="M,M,M,M"/><TAIKYOKU oya="0"/><INIT seed="0,0,0,2,3,110" ten="250,250,250,250" oya="0" hai0="62,87,18,116,107,129,68,109,133,10,113,102,75" hai1="121,2,47,20,100,83,0,5,80,101,54,132,1" hai2="58,71,135,66,106,73,119,26,90,49,56,60,14" hai3="122,77,24,44,99,37,84,19,115,131,134,7,22"/><T34/><RYUUKYOKU type="yao9" ba="0,0" sc="250,0,250,0,250,0,250,0" hai0="10,18,34,62,68,75,87,102,107,109,113,116,129,133" /><INIT seed="0,1,0,0,2,1" ten="250,250,250,250" oya="0" hai0="58,34,16,112,64,105,50,56,24,62,32,53,67" hai1="13,84,79,49,4,114,109,3,88,37,126,117,0" hai2="11,35,113,85,61,75,81,8,20,119,135,5,123" hai3="127,111,99,120,21,23,121,134,48,101,51,82,107"/><T7/><D105/><U38/><E117/><V110/><F35/><W128/><G111/><T46/><D112/><U86/><E109/><V63/><F113/><W122/><G127/><T131/><D131/><U80/><E126/><V42/><F123/><W73/><G128/><T116/><D116/><U108/><E108/><V94/><F119/><W14/><G134/><T115/><D115/><U95/><E114/><V55/><F110/><W41/><G41/><T47/><D7/><U31/><E31/><V36/><F135/><W93/><G107/><T83/><D83/><U78/><E78/><V43/><F75/><W65/><G65/><T6/><D6/><U54/><E0/><V106/><F94/><W59/><G14/><T104/><D104/><U30/><E30/><V28/><F36/><W76/><REACH who="3" step="1"/><G48/><REACH who="3" ten="250,250,250,240" step="2"/><T102/><D67/><U71/><E3/><V92/><F106/><W39/><G39/><T66/><D64/><U77/><E37/><V26/><F63/><W70/><G70/><T57/><D66/><U19/><E38/><V129/><F129/><W40/><G40/><T74/><D62/><U130/><E71/><V72/><F55/><AGARI ba="1,1" hai="21,23,51,55,59,73,76,82,93,99,101,120,121,122" machi="55" ten="40,2600,0" yaku="1,1,13,1,53,0" doraHai="1" doraHaiUra="132" who="3" fromWho="2" sc="250,0,250,0,250,-29,240,39" /><INIT seed="1,0,0,2,5,99" ten="250,250,221,279" oya="1" hai0="76,44,96,41,125,124,69,19,47,67,90,84,88" hai1="115,71,31,131,5,24,68,87,30,73,111,110,116" hai2="33,94,17,83,2,26,38,4,100,50,23,134,112" hai3="127,61,46,21,13,102,89,12,92,11,54,79,101"/><U75/><E115/><V35/><F38/><W123/><G123/><T135/><D135/><U36/><E116/><V56/><F134/><W45/><G127/><N who="0" m="48715" /><D19/><U98/><E31/><V20/><F112/><W34/><G34/><T66/><D69/><N who="1" m="26699" /><E87/><V104/><F104/><W74/><G74/><N who="1" m="28170" /><E5/><V6/><F33/><W62/><G79/><T130/><D130/><U7/><E131/><V40/><F2/><W80/><G80/><N who="0" m="47111" /><D47/><N who="3" m="17929" /><G21/><T32/><D32/><N who="1" m="20551" /><E36/><V48/><F35/><W59/><G61/><T128/><D128/><U63/><E63/><V8/><F83/><W49/><G62/><T106/><D67/><U52/><E7/><V122/><F122/><W108/><G13/><T114/><D66/><U51/><E51/><V53/><F8/><W22/><G22/><T113/><D114/><U60/><E60/><V133/><F50/><W70/><G70/><T93/><D113/><U25/><E25/><V81/><F81/><W103/><G12/><T95/><D44/><U10/><E10/><V18/><F40/><W37/><G11/><T129/><D41/><U82/><E82/><V120/><F120/><W121/><G37/><T14/><D14/><U58/><E98/><N who="2" m="59479" /><F133/><W42/><G42/><T118/><D129/><U55/><E58/><V97/><F97/><N who="3" m="57487" /><G121/><T85/><D118/><U105/><E105/><AGARI ba="0,0" hai="85,88,90,93,95,96,105,106" m="47111,48715" machi="105" ten="30,7700,0" yaku="18,1,34,2,54,1" doraHai="99" who="0" fromWho="1" sc="250,77,250,-77,221,0,279,0" /><INIT seed="2,0,0,5,1,68" ten="327,173,221,279" oya="2" hai0="88,0,116,90,109,35,96,74,78,40,29,39,133" hai1="17,9,59,32,123,45,61,67,16,105,85,93,63" hai2="126,120,37,54,71,7,95,125,34,26,134,5,84" hai3="69,66,64,42,38,48,111,52,92,86,58,11,55"/><V50/><F120/><W15/><G111/><T19/><D109/><U44/><E105/><V22/><F71/><W103/><G69/><T104/><D19/><U97/><E32/><V80/><F34/><W25/><G25/><T110/><D0/><U6/><E123/><V41/><F134/><W28/><G28/><T43/><D43/><U81/><E63/><V24/><F95/><W21/><G21/><T108/><D133/><U113/><E113/><V47/><F26/><W72/><G72/><T76/><D74/><U106/><E106/><V94/><F94/><W1/><G1/><T46/><D116/><U75/><E75/><V129/><F129/><W18/><G55/><T77/><D108/><U57/><E57/><V51/><F37/><W8/><G8/><T117/><D117/><U4/><E85/><V27/><F126/><W23/><G11/><T2/><D2/><U60/><E81/><V31/><F27/><W115/><G115/><T65/><D110/><U49/><E61/><V119/><F125/><W14/><G14/><T82/><D29/><U99/><E99/><V70/><F70/><W83/><G83/><T36/><D82/><U33/><E33/><V56/><REACH who="2" step="1"/><F119/><REACH who="2" ten="327,173,211,279" step="2"/><W89/><REACH who="3" step="1"/><G103/><REACH who="3" ten="327,173,211,269" step="2"/><T114/><D35/><U13/><E4/><V130/><F130/><W132/><G132/><T100/><D114/><U121/><E121/><V98/><F98/><W87/><G87/><T30/><D96/><U91/><E6/><V62/><F62/><W118/><G118/><T122/><D100/><U3/><E3/><V53/><F53/><W10/><G10/><RYUUKYOKU ba="0,2" sc="327,-15,173,-15,211,15,269,15" hai2="5,7,22,24,31,41,47,50,51,54,56,80,84" hai3="15,18,23,38,42,48,52,58,64,66,86,89,92" /><INIT seed="2,1,2,4,1,126" ten="312,158,226,284" oya="2" hai0="104,31,89,75,1,124,19,18,95,120,4,23,67" hai1="44,123,99,60,73,79,88,78,106,84,17,6,51" hai2="54,94,116,133,36,119,128,97,33,115,63,11,135" hai3="68,22,56,42,55,64,86,71,62,117,131,26,48"/><V46/><F115/><W114/><G114/><T121/><D104/><U34/><E34/><V69/><F33/><W49/><G117/><T39/><D75/><U25/><E123/><V30/><F30/><W66/><G86/><T70/><D39/><U100/><E6/><V38/><F11/><W82/><G82/><T90/><D31/><U77/><E60/><V98/><F98/><W10/><G131/><T107/><D107/><U37/><E37/><V74/><F74/><W16/><G10/><T21/><D4/><U72/><E17/><V110/><F110/><W112/><G112/><T80/><D1/><U96/><E96/><V53/><F128/><W81/><G81/><T122/><D124/><U130/><E25/><V65/><F94/><W92/><G92/><T61/><D95/><U20/><E20/><V52/><F97/><W102/><G102/><T43/><D80/><U28/><E28/><V35/><F35/><W2/><G2/><T9/><D9/><U40/><REACH who="1" step="1"/><E130/><REACH who="1" ten="312,148,226,284" step="2"/><V76/><F36/><W87/><G22/><T134/><D23/><U7/><E7/><V101/><F116/><W109/><G26/><T125/><D21/><U13/><E13/><V59/><F119/><W91/><G62/><T85/><D61/><U132/><E132/><V3/><F133/><W27/><G27/><T47/><D134/><U105/><E105/><V93/><F135/><W50/><G16/><T24/><D19/><U108/><E108/><V41/><F38/><W103/><G109/><T57/><D18/><U118/><E118/><V83/><F63/><W58/><G66/><RYUUKYOKU ba="1,3" sc="312,-10,148,30,226,-10,284,-10" hai1="40,44,51,72,73,77,78,79,84,88,99,100,106" /><INIT seed="3,2,3,0,4,29" ten="302,178,216,274" oya="3" hai0="64,125,130,85,9,106,83,135,121,98,15,66,39" hai1="54,90,75,5,93,60,0,79,91,4,37,50,7" hai2="105,107,108,114,58,10,80,104,13,26,86,47,57" hai3="49,21,84,134,70,42,28,117,55,22,115,113,111"/><W27/><G117/><T68/><D121/><U6/><E37/><V132/><F114/><W71/><G134/><T19/><D39/><U95/><E60/><V33/><F132/><W73/><G73/><T133/><D130/><U127/><E127/><V87/><F108/><W65/><G42/><T72/><D72/><U45/><E79/><V11/><F47/><W51/><G111/><T16/><D125/><U31/><E75/><V131/><F131/><W14/><G51/><T77/><D19/><U12/><E31/><V61/><F86/><W100/><G100/><T76/><D76/><U119/><E119/><V38/><F38/><W48/><G48/><T35/><D35/><U63/><E63/><V8/><F13/><W88/><G21/><T30/><D30/><U102/><E0/><V78/><F33/><W43/><G14/><T53/><D68/><U97/><E95/><V81/><F26/><W96/><G96/><T24/><D98/><U23/><E23/><V36/><F36/><W32/><G22/><N who="0" m="13383" /><D106/><U17/><E17/><V103/><F81/><N who="3" m="49167" /><G115/><T41/><D135/><U69/><E69/><V123/><F123/><W118/><G118/><T20/><D41/><U94/><E93/><V92/><F61/><N who="3" m="40239" /><G71/><T44/><D20/><U89/><E4/><V126/><F126/><W82/><G113/><T101/><D101/><U112/><E112/><V52/><F103/><W2/><G2/><T1/><D1/><U124/><E124/><V59/><REACH who="2" step="1"/><F92/><REACH who="2" ten="302,178,206,274" step="2"/><W109/><G109/><T67/><D133/><U122/><E122/><V129/><F129/><W74/><G74/><RYUUKYOKU ba="2,4" sc="302,-15,178,15,206,15,274,-15" hai1="5,6,7,12,45,50,54,89,90,91,94,97,102" hai2="8,10,11,52,57,58,59,78,80,87,104,105,107" /><INIT seed="4,3,4,4,5,34" ten="287,193,221,259" oya="0" hai0="6,49,35,115,40,97,122,113,99,84,33,124,45" hai1="8,60,51,15,77,5,128,47,20,103,14,114,48" hai2="43,64,23,85,126,1,71,39,82,87,75,29,25" hai3="2,100,70,131,53,57,18,123,36,116,118,107,69"/><T125/><D6/><U95/><E128/><V78/><F126/><N who="0" m="48746" /><D84/><U7/><E114/><N who="0" m="43529" /><D122/><U110/><E110/><V120/><F120/><W0/><G53/><T76/><D76/><U50/><E77/><V133/><F133/><W68/><G57/><T130/><D130/><U16/><E60/><V72/><F72/><W74/><G107/><T46/><D45/><U90/><E103/><V9/><F64/><W12/><G74/><T102/><D99/><N who="1" m="57847" /><E5/><N who="2" m="1199" /><F71/><W134/><G70/><T59/><D59/><U19/><E7/><V17/><F17/><W21/><G18/><T132/><D132/><U44/><AGARI ba="3,4" hai="8,14,15,16,19,20,44,47,48,50,51" m="57847" machi="44" ten="30,2000,0" yaku="8,1,54,1" doraHai="34" who="1" fromWho="1" sc="287,-13,193,69,221,-8,259,-8" /><INIT seed="5,0,0,4,3,93" ten="274,262,213,251" oya="1" hai0="128,41,28,21,98,30,121,46,58,17,81,107,6" hai1="9,113,97,118,119,111,63,104,40,26,135,39,14" hai2="60,12,7,77,94,120,3,116,22,89,134,127,79" hai3="122,130,108,67,124,66,18,110,55,37,133,102,36"/><U84/><E113/><V35/><F120/><W86/><G122/><T43/><D121/><U11/><E11/><V8/><F116/><W5/><G5/><T78/><D128/><U42/><E135/><V27/><F127/><W83/><G102/><T62/><D6/><U44/><E42/><V88/><F134/><W100/><G100/><T19/><D107/><U106/><E111/><N who="3" m="42538" /><G18/><T71/><D71/><U56/><E84/><V49/><F60/><W72/><G83/><T109/><D109/><U20/><E106/><V95/><F49/><W32/><G86/><N who="0" m="48439" /><D98/><U126/><E126/><V15/><F15/><W50/><G32/><T52/><D19/><U85/><E85/><N who="2" m="52527" /><F3/><W68/><G72/><T92/><D92/><U47/><E104/><V132/><F132/><W115/><G133/><T101/><D101/><U0/><E0/><V75/><F35/><W123/><G123/><T38/><D38/><N who="3" m="14953" /><G124/><T23/><D23/><U1/><E1/><V48/><F48/><W105/><G105/><T129/><D129/><U61/><E119/><V80/><F80/><W74/><G74/><T131/><D131/><U10/><E20/><V114/><F114/><W4/><G130/><T69/><D21/><U16/><E118/><V125/><F75/><W112/><G68/><T45/><D69/><U99/><E14/><V24/><F125/><W117/><G117/><T82/><D82/><U65/><E9/><V54/><F54/><W25/><G115/><T87/><D52/><U34/><E10/><V51/><F51/><W2/><G112/><T29/><D62/><U33/><E34/><RYUUKYOKU ba="0,0" sc="274,0,262,0,213,0,251,0" /><INIT seed="6,1,0,2,0,46" ten="274,262,213,251" oya="2" hai0="35,64,128,131,25,5,26,108,132,56,123,36,73" hai1="21,126,96,121,109,116,118,31,6,57,130,53,114" hai2="120,104,10,23,93,43,0,82,18,85,47,86,78" hai3="40,12,75,97,14,125,101,45,88,135,71,44,9"/><V13/><F104/><W89/><G75/><T48/><D36/><U58/><E109/><V133/><F133/><W70/><G135/><T102/><D132/><U115/><E126/><V103/><F120/><W7/><G125/><T92/><D73/><U24/><E130/><N who="0" m="49705" /><D35/><U111/><E111/><V38/><F103/><W76/><G76/><T37/><D37/><U20/><E121/><V90/><REACH who="2" step="1"/><F0/><REACH who="2" ten="274,262,203,251" step="2"/><W112/><G112/><T105/><D105/><U65/><E114/><V30/><F30/><W49/><G14/><T17/><D102/><U94/><E115/><V87/><F87/><W69/><REACH who="3" step="1"/><G45/><REACH who="3" ten="274,262,203,241" step="2"/><T81/><D123/><U4/><E116/><V34/><F34/><W55/><G55/><T16/><D108/><U80/><E53/><V95/><F95/><AGARI ba="1,2" hai="7,9,12,40,44,49,69,70,71,88,89,95,97,101" machi="95" ten="40,5200,0" yaku="1,1,52,1,54,1,53,0" doraHai="46" doraHaiUra="61" who="3" fromWho="2" sc="274,0,262,0,203,-55,241,75" owari="274,7.4,262,-13.8,148,-35.2,316,41.6" /></mjloggm>