<mjloggm ver="2.3"><GO type="225" lobby="0"/><UN n0="%E3%81%90%E3%81%A1%E3%82%84%E3%81%BE" n1="%E4%BF%BA%E3%81%A8%E5%A6%96%E5%A4%A2" n2="%E8%A8%88%E7%AE%97%E6%A9%9F%E8%87%AA%E7%84%B6" n3="%E3%81%BF%E3%81%BF%E3%81%9A" dan="16,16,17,18" rate="2133.75,2208.45,2149.13,2251.73" sx="M,F,M,M"/><TAIKYOKU oya="0"/><INIT seed="0,0,0,2,1,59" ten="250,250,250,250" oya="0" hai0="103,45,135,76,42,134,127,11,75,62,80,54,68" hai1="8,66,21,44,119,46,33,2,26,9,92,69,91" hai2="7,130,104,64,32,79,132,56,94,49,115,89,77" hai3="35,98,28,65,0,82,93,121,50,39,20,88,110"/><T1/><D103/><U101/><E119/><V31/><F115/><W22/><G39/><N who="0" m="21727" /><D127/><U58/><E69/><V24/><F104/><W55/><G0/><T105/><D105/><U23/><E33/><V61/><F130/><W34/><G65/><N who="0" m="41015" /><D54/><U116/><E116/><V38/><F38/><W41/><G41/><T95/><D95/><U52/><E66/><V51/><F7/><AGARI ba="0,0" hai="1,7,11,75,76,80,134,135" m="41015,21727" machi="7" ten="30,5800,0" yaku="25,1,23,1,52,1" doraHai="59" who="0" fromWho="2" sc="250,58,250,0,250,-58,250,0" /><INIT seed="0,1,0,0,1,112" ten="308,250,192,250" oya="0" hai0="21,30,119,52,1,109,91,66,104,64,83,62,133" hai1="79,13,124,50,35,45,107,20,74,7,87,33,78" hai2="44,76,72,73,18,103,97,41,2,27,85,113,53" hai3="65,16,23,46,4,54,130,6,135,116,110,105,132"/><T93/><D104/><U95/><E74/><V68/><F113/><W96/><G110/><T51/><D1/><U36/><E36/><V29/><F2/><W101/><G65/><T56/><D119/><U117/><E107/><V126/><F126/><W84/><G130/><T89/><D133/><N who="3" m="51273" /><G84/><N who="0" m="50335" /><D109/><U129/><E129/><V63/><F18/><W38/><G116/><T92/><D91/><U59/><E124/><V125/><F125/><W58/><G46/><N who="0" m="27767" /><D66/><U19/><E117/><V69/><F85/><W5/><G38/><T0/><D0/><U114/><E114/><V55/><F73/><W8/><G58/><T43/><D43/><U111/><E59/><V94/><F72/><W28/><G54/><T42/><D42/><U128/><E111/><V10/><F53/><W102/><G101/><T77/><D77/><N who="1" m="29195" /><E35/><V86/><F55/><W22/><G28/><T80/><D80/><U123/><E33/><V15/><F76/><W12/><AGARI ba="1,0" hai="4,5,6,8,12,16,22,23,96,102,105" m="51273" machi="12" ten="40,2700,0" yaku="20,1,54,1" doraHai="112" who="3" fromWho="3" sc="308,-14,250,-8,192,-8,250,30" /><INIT seed="1,0,0,2,2,69" ten="294,242,184,280" oya="1" hai0="45,9,97,91,49,89,42,116,107,78,135,85,118" hai1="12,119,76,77,92,30,34,25,44,28,133,66,71" hai2="74,63,100,2,108,112,111,93,122,124,24,11,47" hai3="126,56,125,120,98,16,62,31,29,64,58,73,109"/><U0/><E119/><V46/><F122/><W40/><G120/><T132/><D9/><U61/><E0/><V72/><F63/><N who="3" m="37991" /><G73/><N who="2" m="28265" /><F11/><W55/><G109/><N who="2" m="42057" /><F2/><W75/><G75/><T38/><D49/><U87/><E133/><N who="0" m="51273" /><D78/><U26/><E12/><V5/><F24/><W37/><G98/><T65/><D65/><U23/><E44/><N who="2" m="16939" /><F93/><W82/><G40/><T134/><D134/><U121/><E121/><V22/><F22/><W114/><G62/><T32/><D32/><U20/><E34/><V81/><F81/><W57/><G82/><N who="0" m="49335" /><D107/><U128/><E128/><V14/><F5/><W17/><G57/><T79/><D79/><U3/><E3/><V129/><F129/><W68/><G58/><T104/><D104/><U10/><E10/><V103/><F112/><W36/><G114/><T27/><D27/><U33/><E33/><V94/><F14/><W101/><G31/><T84/><D97/><U83/><E83/><AGARI ba="0,0" hai="38,42,45,83,84,91,116,118" m="49335,51273" machi="83" ten="30,2000,0" yaku="20,1,52,1" doraHai="69" who="0" fromWho="1" sc="294,20,242,-20,184,0,280,0" /><INIT seed="2,0,0,5,4,86" ten="314,222,184,280" oya="2" hai0="15,70,11,120,17,54,23,6,119,130,94,18,35" hai1="13,123,126,116,53,38,33,67,68,107,2,93,59" hai2="47,3,127,10,62,133,73,128,48,115,42,71,96" hai3="1,45,79,89,55,124,82,21,110,100,24,37,118"/><V31/><F115/><W83/><G1/><T81/><D120/><U69/><E116/><V14/><F73/><W12/><G118/><T20/><D35/><U76/><E107/><V80/><F128/><W77/><G100/><T78/><D70/><U87/><E2/><V46/><F127/><W30/><G124/><T5/><D130/><U129/><E126/><V95/><F133/><W105/><G105/><T44/><D119/><U60/><E129/><V7/><F31/><W50/><G110/><T58/><D44/><U121/><E33/><V97/><F80/><W98/><G37/><T0/><D94/><U113/><E113/><V134/><F134/><W111/><G111/><T65/><D65/><U74/><E38/><V36/><F3/><W25/><G25/><T19/><D6/><U90/><E13/><V109/><F109/><W85/><G98/><T63/><D23/><U92/><E92/><V27/><F27/><W8/><REACH who="3" step="1"/><G83/><REACH who="3" ten="314,222,184,270" step="2"/><T28/><REACH who="0" step="1"/><D28/><REACH who="0" ten="304,222,184,270" step="2"/><U16/><E121/><V40/><REACH who="2" step="1"/><F95/><REACH who="2" ten="304,222,174,270" step="2"/><W4/><AGARI ba="0,3" hai="4,8,12,21,24,30,45,50,55,77,79,82,85,89" machi="4" ten="20,12000,2" yaku="1,1,2,1,0,1,7,1,8,1,52,1,53,1" doraHai="86" doraHaiUra="41" who="3" fromWho="3" sc="304,-30,222,-30,174,-60,270,150" /><INIT seed="3,0,0,3,4,50" ten="274,192,114,420" oya="3" hai0="52,88,23,110,37,43,87,47,94,107,21,55,113" hai1="25,17,6,36,93,75,112,31,135,2,102,40,101" hai2="8,27,19,84,124,114,33,131,54,34,72,119,95" hai3="10,123,106,91,96,111,81,74,46,78,32,121,4"/><W133/><G32/><T132/><D107/><U9/><E112/><V86/><F119/><W128/><G133/><T89/><D132/><U62/><E135/><V73/><F114/><W68/><G68/><T59/><D113/><U65/><E75/><V5/><F131/><W18/><G18/><T134/><D110/><U120/><E120/><V26/><F124/><W49/><G128/><T20/><D134/><U70/><E17/><V60/><F19/><W117/><G111/><T125/><D125/><U7/><E7/><V61/><F5/><W15/><G117/><T108/><D108/><U24/><E24/><V42/><F95/><W109/><G109/><T97/><REACH who="0" step="1"/><D59/><REACH who="0" ten="264,192,114,420" step="2"/><U28/><E70/><V85/><F85/><N who="3" m="50607" /><G106/><T130/><D130/><U115/><E115/><V67/><F42/><W14/><G74/><T57/><D57/><U48/><E36/><V66/><REACH who="2" step="1"/><F8/><REACH who="2" ten="264,192,104,420" step="2"/><W45/><G45/><T82/><AGARI ba="0,2" hai="20,21,23,37,43,47,52,55,82,87,88,89,94,97" machi="82" ten="30,12000,2" yaku="1,1,0,1,52,2,54,2,53,0" doraHai="50" doraHaiUra="29" who="0" fromWho="0" sc="264,140,192,-30,104,-30,420,-60" owari="404,50.4,162,-23.8,74,-42.6,360,16.0" /></mjloggm>