<mjloggm ver="2.3"><GO type="225" lobby="0"/><UN n0="%E3%83%96%E3%83%83%E3%83%91%E3%82%AA%E3%83%96%E3%83%81%E3%82%AD%E3%83%B3" n1="%E9%BB%99%E8%81%B4%E3%81%AE%E3%81%99%E3%82%9D%E3%82%81" n2="%E3%81%8B%E3%82%8F%E3%81%A1%E3%82%83%E3%82%93%35%38" n3="%77%72%77%72%77%72%77%72" dan="16,16,16,17" rate="2134.47,2047.33,2115.71,2188.13" sx="M,M,M,M"/><TAIKYOKU oya="0"/><INIT seed="0,0,0,4,2,132" ten="250,250,250,250" oya="0" hai0="88,78,42,43,76,130,106,84,107,98,63,123,35" hai1="127,12,134,10,67,46,87,41,15,31,33,118,93" hai2="89,60,19,77,18,90,101,6,120,115,129,80,113" hai3="102,66,122,34,110,105,112,8,85,117,83,0,45"/><T74/><D35/><U96/><E134/><V28/><F120/><W131/><G112/><T75/><D63/><U99/><E118/><V94/><F129/><W40/><G117/><T5/><D5/><U14/><E67/><V82/><F6/><W104/><G131/><T109/><D130/><U114/><E114/><V81/><F28/><W51/><G122/><T68/><D68/><U50/><E127/><V49/><F115/><W1/><G34/><T79/><D123/><U116/><E116/><V65/><F113/><W7/><G110/><T38/><D38/><U92/><E31/><V64/><F77/><N who="0" m="29802" /><D42/><U20/><E33/><V26/><F49/><W9/><G102/><T119/><D43/><U24/><E10/><V111/><F111/><W37/><G66/><N who="2" m="25705" /><F60/><W124/><G124/><T61/><D61/><U22/><E87/><V2/><F2/><W121/><G121/><T128/><D128/><U27/><E27/><V23/><F18/><W97/><G97/><AGARI ba="0,0" hai="19,23,26,80,81,82,89,90,94,97,101" m="25705" machi="97" ten="30,1000,0" yaku="8,1" doraHai="132" who="2" fromWho="3" sc="250,0,250,0,250,10,250,-10" /><INIT seed="1,0,0,5,0,125" ten="250,250,260,240" oya="1" hai0="67,113,126,38,17,86,25,16,0,26,28,61,114" hai1="11,82,18,10,103,41,128,60,97,42,23,57,7" hai2="75,84,106,55,37,130,44,33,63,21,52,92,102" hai3="56,74,54,20,96,8,5,68,35,117,32,127,119"/><U134/><E134/><V19/><F33/><W15/><G68/><T40/><D0/><U58/><E82/><V73/><F106/><W49/><G74/><T2/><D2/><U133/><E133/><V87/><F75/><W48/><G127/><T43/><D126/><U53/><E128/><V72/><F72/><W51/><G96/><T104/><D104/><U120/><E120/><V36/><F73/><W30/><G20/><T132/><D132/><U81/><E81/><V29/><F29/><W69/><G69/><T94/><D38/><U39/><E58/><N who="2" m="35271" /><F37/><W71/><G71/><T121/><D28/><U6/><E6/><V80/><F36/><W24/><REACH who="3" step="1"/><G32/><REACH who="3" ten="250,250,260,230" step="2"/><T93/><D121/><U101/><E11/><V59/><F21/><W47/><G47/><T98/><D98/><U22/><E22/><V124/><F44/><W46/><G46/><T70/><D70/><U1/><E103/><V78/><F124/><W135/><G135/><T13/><D86/><U77/><E101/><V123/><F123/><W122/><G122/><T100/><D100/><U34/><E34/><V111/><F102/><W108/><G108/><T83/><D114/><U79/><E97/><V91/><F111/><W90/><G90/><T116/><D113/><U89/><E89/><V118/><F91/><W3/><G3/><T88/><D88/><U64/><E1/><V129/><F87/><W45/><G45/><T85/><D85/><U112/><E39/><V27/><F84/><W62/><AGARI ba="0,1" hai="5,8,15,24,30,35,48,49,51,54,56,62,117,119" machi="62" ten="30,4000,0" yaku="1,1,0,1,53,1" doraHai="125" doraHaiUra="9" who="3" fromWho="3" sc="250,-10,250,-20,260,-10,230,50" /><INIT seed="2,0,0,1,5,121" ten="240,230,250,280" oya="2" hai0="46,61,107,122,29,38,24,51,4,28,80,69,99" hai1="130,67,78,7,18,81,119,126,34,117,1,88,64" hai2="6,16,108,115,62,118,104,102,100,17,89,41,114" hai3="43,134,70,85,125,12,50,132,8,20,72,75,13"/><V109/><F118/><W128/><G70/><T60/><D122/><U54/><E34/><V83/><F6/><W25/><G128/><T59/><D38/><U101/><E130/><V55/><F41/><W11/><G85/><T37/><D37/><U33/><E33/><V113/><F83/><W98/><G98/><T76/><D4/><U63/><E126/><V68/><F89/><W111/><G125/><T120/><D120/><U14/><E101/><N who="2" m="39019" /><F104/><W103/><G103/><T53/><D107/><U48/><E1/><V22/><F22/><W79/><G79/><T49/><D99/><U2/><E2/><V39/><F39/><W0/><G0/><T133/><D133/><N who="3" m="51305" /><G50/><T86/><D69/><U116/><E7/><V10/><F10/><W124/><G43/><T112/><D112/><U131/><E131/><V42/><F42/><W56/><G124/><T19/><D51/><U91/><E64/><N who="2" m="40983" /><F55/><W65/><G75/><T52/><D61/><U5/><E5/><V110/><AGARI ba="0,0" hai="16,17,108,109,110,113,114,115" m="40983,39019" machi="110" ten="40,18000,2" yaku="14,1,10,1,52,3,54,1" doraHai="121" who="2" fromWho="2" sc="240,-60,230,-60,250,180,280,-60" /><INIT seed="2,1,0,1,2,133" ten="180,170,430,220" oya="2" hai0="72,39,34,41,114,7,36,49,99,112,106,31,65" hai1="17,88,1,66,40,51,96,5,12,89,63,102,71" hai2="60,58,70,9,68,55,69,64,113,131,10,11,97" hai3="118,26,32,6,20,62,87,43,35,104,111,86,101"/><V107/><F113/><N who="0" m="43626" /><D49/><U77/><E77/><V126/><F131/><W78/><G118/><T56/><D56/><U57/><E5/><V75/><F75/><W45/><G111/><T54/><D54/><U108/><E1/><V84/><F84/><W135/><G135/><T47/><D65/><U25/><E25/><V129/><F129/><W90/><G6/><T29/><D29/><U59/><E108/><V53/><F107/><W116/><G116/><T42/><D7/><U117/><E71/><V3/><F97/><W24/><G62/><T76/><D42/><U74/><E74/><V130/><F130/><W46/><G104/><T16/><D16/><U100/><E117/><V124/><F3/><W33/><G33/><T103/><D39/><U80/><E80/><V37/><F37/><W134/><G134/><T23/><D23/><U82/><E82/><V14/><F14/><W93/><G35/><T85/><D85/><U8/><E102/><V121/><F121/><W19/><G32/><T2/><D2/><U79/><E79/><V115/><F115/><W50/><G46/><T119/><D119/><U15/><E15/><V122/><F122/><W67/><G67/><T21/><D34/><U38/><E38/><V95/><F95/><W81/><G101/><T98/><D103/><U48/><E48/><V123/><F123/><W4/><G4/><T27/><D106/><N who="1" m="63751" /><E40/><V83/><F83/><W132/><G132/><T125/><D125/><AGARI ba="1,0" hai="9,10,11,53,55,58,60,64,68,69,70,124,125,126" machi="125" ten="50,12000,1" yaku="18,1,52,3" doraHai="133" who="2" fromWho="0" sc="180,-123,170,0,430,123,220,0" /><INIT seed="2,2,0,2,3,2" ten="57,170,553,220" oya="2" hai0="128,82,98,62,122,114,39,48,67,108,129,16,53" hai1="11,133,112,41,93,71,59,63,100,49,80,121,83" hai2="117,34,7,95,134,99,50,102,0,25,66,24,15" hai3="132,17,13,10,87,68,20,73,51,91,90,35,96"/><V56/><F0/><W1/><G132/><T42/><D122/><U3/><E112/><V60/><F117/><W29/><G73/><T58/><D114/><U6/><E133/><V94/><F34/><W120/><G120/><T116/><D82/><U78/><E121/><V74/><F74/><W8/><G68/><T55/><D98/><U54/><E100/><V76/><F76/><W119/><G119/><T113/><D113/><U89/><E78/><V72/><F72/><W65/><G65/><T125/><D116/><U97/><REACH who="1" step="1"/><E41/><REACH who="1" ten="57,160,553,220" step="2"/><V70/><F134/><W43/><G91/><T47/><D108/><U45/><E45/><V4/><F102/><W110/><G90/><T109/><D109/><U9/><E9/><V5/><F70/><W44/><G110/><T106/><D106/><U52/><E52/><N who="0" m="20041" /><D16/><U27/><E27/><V115/><F25/><W57/><G17/><T81/><D81/><U126/><E126/><V46/><F24/><W30/><G30/><T33/><D33/><U14/><E14/><V135/><F135/><W123/><G13/><T131/><D125/><U127/><E127/><V130/><F115/><W28/><G29/><T36/><AGARI ba="2,1" hai="36,39,42,47,48,58,62,67,128,129,131" m="20041" machi="36" ten="40,8000,1" yaku="19,1,34,2,54,1" doraHai="2" who="0" fromWho="0" sc="57,96,160,-22,553,-42,220,-22" /><INIT seed="3,0,0,4,1,128" ten="153,138,511,198" oya="3" hai0="80,62,95,102,9,94,101,88,125,22,82,110,73" hai1="4,118,112,55,11,111,64,106,129,92,2,41,103" hai2="45,21,48,8,89,69,124,6,91,78,116,33,13" hai3="54,34,126,17,114,81,19,115,104,98,3,97,26"/><W86/><G3/><T29/><D110/><U53/><E112/><V117/><F33/><W46/><G126/><T135/><D125/><U61/><E129/><V87/><F69/><W0/><G0/><T36/><D36/><U79/><E111/><V93/><F124/><W67/><G67/><T63/><D135/><U42/><E118/><V58/><F78/><W12/><G104/><T18/><D73/><U105/><E79/><V123/><F123/><W39/><G39/><T27/><D63/><U77/><E77/><V44/><F21/><N who="3" m="13615" /><G34/><T15/><D62/><U23/><E106/><V37/><F37/><W72/><G72/><T130/><D130/><U14/><E105/><V49/><F117/><W68/><G68/><T127/><D127/><U31/><E42/><V56/><F116/><W7/><G7/><T74/><D74/><U32/><E41/><N who="2" m="24591" /><F89/><N who="3" m="51407" /><G115/><T107/><D107/><U10/><E10/><V121/><F121/><W71/><G71/><T60/><D60/><U75/><E75/><V65/><F65/><W24/><G24/><T1/><D1/><U70/><E103/><N who="0" m="39433" /><D95/><U119/><E92/><V76/><F76/><W40/><G114/><T134/><D134/><U90/><E90/><V35/><F35/><W122/><G122/><T16/><D29/><U99/><E99/><AGARI ba="0,0" hai="9,15,16,18,22,27,80,82,88,94,99" m="39433" machi="99" ten="30,3900,0" yaku="8,1,54,2" doraHai="128" who="0" fromWho="1" sc="153,39,138,-39,511,0,198,0" owari="192,-20.8,99,-40.1,511,61.1,198,-0.2" /></mjloggm>