<mjloggm ver="2.3"><GO type="225" lobby="0"/><UN n0="%E6%98%93%E5%88%A9%E8%96%A9%E4%BC%AF" n1="%E4%BF%BA%E3%81%A8%E5%A6%96%E5%A4%A2" n2="%30%2E%31%32%30" n3="%33%74%72%65%65" dan="16,16,16,16" rate="2159.99,2126.79,2121.98,2119.61" sx="F,F,M,F"/><TAIKYOKU oya="0"/><INIT seed="0,0,0,5,4,10" ten="250,250,250,250" oya="0" hai0="122,62,26,13,30,32,103,82,9,76,126,15,115" hai1="107,89,83,56,41,0,123,98,44,84,111,72,39" hai2="79,20,116,112,29,6,19,125,17,109,25,131,78" hai3="16,114,87,22,120,24,27,104,57,91,4,134,42"/><T46/><D115/><U48/><E123/><V101/><F112/><W96/><G114/><T33/><D122/><U51/><E111/><V127/><F109/><W11/><G120/><T95/><D126/><N who="2" m="48138" /><F116/><W92/><G134/><T3/><D33/><U50/><E0/><V74/><F74/><W67/><G42/><T47/><D62/><U14/><E72/><V105/><F131/><W52/><G67/><T60/><D60/><U110/><E110/><V119/><F119/><W117/><G117/><T65/><D65/><U66/><E66/><V58/><F58/><W135/><G135/><T61/><D61/><U77/><E107/><V49/><F49/><N who="3" m="30863" /><G104/><T90/><D103/><U113/><E113/><V94/><F6/><W70/><G70/><T59/><D59/><U35/><E35/><V118/><F105/><W8/><G4/><T85/><D3/><U73/><E56/><V97/><F118/><W12/><G96/><T81/><D81/><U55/><E98/><V54/><F54/><W28/><G27/><T40/><D9/><AGARI ba="0,0" hai="8,9,11,12,16,22,24,28,87,91,92" m="30863" machi="9" ten="30,7700,0" yaku="8,1,52,1,54,2" doraHai="10" who="3" fromWho="0" sc="250,-77,250,0,250,0,250,77" /><INIT seed="1,0,0,0,0,32" ten="173,250,250,327" oya="1" hai0="96,59,88,54,123,67,18,39,24,120,74,127,89" hai1="43,76,78,34,119,41,72,64,46,73,75,107,80" hai2="0,27,115,50,100,116,134,26,4,10,45,30,111" hai3="91,94,104,110,21,69,82,13,112,8,135,99,84"/><U81/><E119/><V60/><F116/><W95/><G112/><T36/><D74/><U106/><E72/><V23/><F115/><W77/><G110/><T93/><D67/><U12/><E34/><V113/><F113/><W52/><G135/><T101/><D127/><U56/><E12/><V44/><F111/><W17/><G69/><T63/><D101/><U3/><E41/><V1/><F134/><W85/><G104/><T49/><D89/><U87/><E87/><V98/><F60/><W38/><G38/><T16/><D49/><U66/><E66/><V37/><F37/><W31/><G52/><T118/><D118/><U79/><E79/><V117/><F117/><W28/><REACH who="3" step="1"/><G8/><REACH who="3" ten="173,250,250,317" step="2"/><T122/><D18/><U29/><E29/><V40/><F45/><W53/><G53/><T65/><D65/><U42/><E64/><V35/><F10/><W133/><G133/><T114/><REACH who="0" step="1"/><D114/><REACH who="0" ten="163,250,250,317" step="2"/><U126/><E126/><V15/><F40/><W5/><G5/><T51/><D51/><U92/><E46/><V105/><F50/><W68/><G68/><T14/><D14/><U2/><REACH who="1" step="1"/><E92/><REACH who="1" ten="163,240,250,317" step="2"/><V57/><F44/><W108/><G108/><T6/><D6/><U61/><E61/><V124/><F124/><W19/><G19/><T58/><D58/><AGARI ba="0,3" hai="2,3,42,43,56,58,73,75,76,78,80,81,106,107" machi="58" ten="25,12000,1" yaku="1,1,22,2,52,2,53,0" doraHai="32" doraHaiUra="83" who="1" fromWho="0" sc="163,-120,240,150,250,0,317,0" /><INIT seed="1,1,0,4,4,66" ten="43,390,250,317" oya="1" hai0="29,99,56,15,9,23,27,126,48,119,71,52,69" hai1="127,73,22,76,105,46,35,117,80,90,75,79,59" hai2="110,11,86,32,51,1,24,130,42,13,50,65,45" hai3="131,72,28,49,38,30,108,63,100,116,97,96,114"/><U120/><E35/><V93/><F130/><W129/><G114/><T53/><D126/><U123/><E117/><V102/><F110/><W95/><G38/><T54/><D119/><U62/><E105/><V68/><F1/><W78/><G116/><T92/><D53/><U135/><E127/><V12/><F51/><W4/><G108/><T10/><D54/><U103/><E103/><V21/><F32/><W104/><G49/><T5/><REACH who="0" step="1"/><D10/><REACH who="0" ten="33,390,250,317" step="2"/><U16/><E120/><V36/><F11/><W0/><G131/><T25/><D25/><U17/><E123/><V133/><F24/><W34/><G129/><T112/><D112/><U33/><E46/><V47/><F45/><W106/><G63/><T70/><D70/><U26/><E62/><V113/><F68/><W94/><G34/><T20/><D20/><U98/><E33/><V6/><F21/><W37/><G30/><T18/><D18/><U91/><E17/><V39/><F47/><W89/><G28/><T7/><D7/><U85/><E16/><V125/><F6/><W58/><G4/><T121/><D121/><U77/><E22/><V60/><F125/><W122/><G122/><T107/><D107/><U31/><E26/><V132/><F113/><W2/><G106/><T111/><D111/><U74/><E31/><V57/><F133/><W14/><G104/><T8/><D8/><U19/><E19/><V84/><F132/><W43/><G14/><T44/><D44/><U64/><E135/><V134/><F134/><W124/><G124/><T101/><AGARI ba="1,1" hai="5,9,15,23,27,29,48,52,56,69,71,92,99,101" machi="101" ten="20,12000,2" yaku="1,1,0,1,7,1,52,2,54,1,53,1" doraHai="66" doraHaiUra="3" who="0" fromWho="0" sc="33,133,390,-61,250,-31,317,-31" /><INIT seed="2,0,0,0,0,93" ten="166,329,219,286" oya="2" hai0="7,43,8,56,97,109,118,121,24,83,100,114,11" hai1="58,15,66,1,88,13,89,120,59,119,9,129,2" hai2="25,62,112,96,76,16,123,98,22,82,116,131,78" hai3="67,84,18,0,75,69,72,132,10,70,85,110,92"/><V44/><F116/><W38/><G38/><T125/><D114/><U77/><E119/><V79/><F123/><W90/><G110/><T107/><D118/><U106/><E120/><V60/><F112/><W124/><G132/><T30/><D121/><U73/><E106/><V130/><F82/><W45/><G124/><T135/><D109/><U127/><E77/><V14/><F44/><W57/><G72/><T102/><D135/><U87/><E87/><V36/><F36/><W99/><G75/><T86/><D125/><U95/><E95/><V55/><F14/><N who="3" m="7511" /><G70/><T68/><D68/><U108/><E73/><V103/><F103/><W41/><G0/><T94/><D43/><U115/><E9/><V113/><F113/><W42/><G69/><T91/><D56/><U32/><E115/><V101/><F101/><W31/><G31/><T47/><D47/><U5/><E108/><V54/><F62/><N who="3" m="38351" /><G45/><T65/><D65/><U50/><E66/><V19/><F19/><W111/><G111/><T63/><D63/><U35/><E127/><V104/><F104/><W17/><G17/><T46/><D46/><U133/><E133/><V134/><F134/><W122/><G122/><T105/><D102/><U20/><E5/><V26/><F26/><W23/><G23/><T81/><D107/><U21/><REACH who="1" step="1"/><E50/><REACH who="1" ten="166,319,219,286" step="2"/><V12/><F60/><W4/><G4/><T117/><D117/><U49/><E49/><V80/><F80/><W61/><G61/><T52/><D11/><U40/><E40/><AGARI ba="0,1" hai="40,41,42,84,85,90,92,99" m="38351,7511" machi="40" ten="30,2000,0" yaku="8,1,52,1" doraHai="93" who="3" fromWho="1" sc="166,0,319,-20,219,0,286,30" /><INIT seed="3,0,0,5,3,37" ten="166,299,219,316" oya="3" hai0="13,93,127,110,51,24,102,33,88,105,3,74,45" hai1="133,15,92,7,47,98,61,32,71,56,90,85,101" hai2="58,126,135,26,50,76,119,11,100,97,78,62,10" hai3="70,41,0,52,89,103,63,16,23,60,106,17,65"/><W4/><G41/><T57/><D3/><U112/><E32/><V99/><F126/><W123/><G123/><T31/><D127/><U91/><E112/><V87/><F135/><W134/><G134/><T20/><D110/><U129/><E133/><V35/><F119/><W22/><G106/><T130/><D74/><U83/><E71/><V36/><F36/><W120/><G120/><T131/><D57/><U27/><E129/><V69/><F69/><W81/><G103/><T118/><D118/><U109/><E109/><V64/><F99/><W9/><G63/><T96/><D13/><U44/><E27/><V18/><F35/><W116/><G116/><T107/><D33/><U122/><E122/><V115/><F115/><W28/><G28/><T25/><D25/><U19/><E7/><V84/><F84/><W104/><G104/><T111/><D111/><U29/><E29/><V30/><F30/><W72/><G52/><T6/><D6/><U49/><E49/><V2/><F2/><W14/><G89/><T40/><REACH who="0" step="1"/><D107/><REACH who="0" ten="156,299,219,316" step="2"/><U77/><E44/><V73/><F73/><W108/><G108/><T12/><D12/><U79/><E47/><V117/><F117/><W132/><G132/><T128/><D128/><U21/><E77/><V67/><F78/><N who="3" m="44231" /><G14/><T39/><D39/><U8/><E21/><V55/><F76/><W43/><G22/><T48/><D48/><U82/><E8/><V42/><F11/><W114/><G23/><T34/><D34/><U121/><E15/><V38/><F10/><W86/><G9/><T5/><D5/><U125/><E125/><RYUUKYOKU ba="0,1" sc="156,30,299,-10,219,-10,316,-10" hai0="20,24,31,40,45,51,88,93,96,102,105,130,131" owari="186,-31.4,289,8.9,209,-19.1,316,41.6" /></mjloggm>