<mjloggm ver="2.3"><GO type="225" lobby="0"/><UN n0="%E3%81%BD%E3%81%A1%E3%81%9F%E3%81%93%E3%82%84" n1="%E5%A4%8F%E9%88%B4%E9%88%B4%E5%A4%8F" n2="%E6%A1%9C%E8%8A%B1%E9%96%83%E3%80%85" n3="%E3%83%96%E3%83%83%E3%83%91%E3%82%AA%E3%83%96%E3%83%81%E3%82%AD%E3%83%B3" dan="17,16,16,16" rate="2168.41,2145.24,2131.09,2139.20" sx="M,F,M,M"/><TAIKYOKU oya="0"/><INIT seed="0,0,0,5,2,95" ten="250,250,250,250" oya="0" hai0="21,97,116,65,8,93,132,47,114,24,121,51,52" hai1="9,10,62,39,26,12,32,46,38,77,43,84,126" hai2="22,60,66,80,30,18,104,111,33,69,99,75,108" hai3="71,91,67,130,35,110,41,34,45,79,76,55,82"/><T103/><D114/><U40/><E126/><V120/><F120/><W100/><G55/><T72/><D121/><U19/><E62/><V128/><F128/><W42/><G110/><N who="2" m="42025" /><F80/><W14/><G130/><T57/><D116/><U113/><E113/><V102/><F75/><W2/><G2/><T48/><D72/><U73/><E73/><V117/><F117/><W133/><G133/><T13/><D132/><U131/><E131/><V89/><F89/><W90/><G100/><T92/><D92/><U50/><E9/><V37/><F37/><W94/><G94/><T53/><D65/><U17/><E43/><V129/><F129/><W96/><G67/><T1/><D1/><U98/><E98/><V31/><F33/><W56/><G35/><T44/><D57/><U123/><E123/><V54/><F54/><W112/><G34/><T49/><D49/><U88/><E77/><V16/><F18/><W28/><G79/><T86/><D86/><U85/><E84/><V109/><N who="2" m="42033" /><V7/><DORA hai="122" /><F7/><W36/><G76/><T5/><D21/><U74/><E74/><V135/><F135/><W101/><G36/><T15/><D15/><AGARI ba="0,0" hai="15,16,22,30,31,60,66,69,99,102,104" m="42033" machi="15" ten="40,12000,2" yaku="14,1,52,5,54,1" doraHai="95,122" who="2" fromWho="0" sc="250,-120,250,0,250,120,250,0" /><INIT seed="1,0,0,3,3,129" ten="130,250,370,250" oya="1" hai0="114,29,3,28,24,83,73,115,19,91,13,92,72" hai1="27,10,118,100,8,16,106,38,134,86,4,23,70" hai2="11,104,107,58,89,60,54,12,117,61,126,82,71" hai3="113,69,77,7,78,99,30,123,64,122,74,87,94"/><U6/><E118/><V131/><F117/><W132/><G7/><T125/><D3/><U81/><E70/><V32/><F32/><W20/><G69/><T44/><D125/><U133/><E38/><V135/><F135/><N who="1" m="51721" /><E100/><V39/><F39/><W45/><G64/><T53/><D44/><U0/><E106/><V75/><F131/><W119/><G20/><T88/><D53/><U52/><E52/><V59/><F71/><W128/><G45/><T68/><D68/><U35/><E35/><V79/><F89/><W105/><G119/><T55/><D55/><U90/><E10/><V21/><F126/><W36/><G105/><T51/><D51/><U108/><E6/><V5/><F21/><W112/><G36/><T37/><D37/><U2/><E108/><V101/><F101/><W116/><G128/><T84/><D114/><U102/><E102/><V42/><F42/><W50/><G116/><T14/><D115/><U26/><E26/><V66/><AGARI ba="0,0" hai="5,11,12,54,58,59,60,61,66,75,79,82,104,107" machi="66" ten="20,1500,0" yaku="0,1,7,1" doraHai="129" who="2" fromWho="2" sc="130,-4,250,-7,370,15,250,-4" /><INIT seed="2,0,0,1,4,135" ten="126,243,385,246" oya="2" hai0="34,3,13,129,115,132,84,45,32,116,72,87,44" hai1="71,8,131,50,41,73,33,127,46,120,40,90,124" hai2="75,86,93,97,70,21,38,103,92,59,11,68,99" hai3="19,74,112,37,113,43,80,35,118,117,20,26,105"/><V125/><F75/><W28/><G105/><T24/><D3/><U18/><E73/><V130/><F38/><W102/><G102/><T4/><D72/><U54/><E33/><V12/><F130/><W107/><G107/><T36/><D115/><N who="3" m="44105" /><G43/><T53/><D36/><U69/><E131/><V123/><F123/><W55/><G37/><T94/><D129/><U57/><E90/><V79/><F59/><W58/><G80/><T85/><D132/><U122/><E18/><V27/><F86/><W23/><G74/><T7/><D116/><N who="3" m="44649" /><G19/><T48/><D45/><U88/><E8/><V119/><F79/><W98/><G98/><T77/><D77/><U101/><E88/><V114/><F114/><W10/><G10/><T22/><D94/><U39/><E40/><V16/><F119/><W60/><AGARI ba="0,0" hai="20,23,26,28,35,55,58,60" m="44649,44105" machi="60" ten="30,1100,0" yaku="11,1" doraHai="135" who="3" fromWho="3" sc="126,-3,243,-3,385,-5,246,11" /><INIT seed="3,0,0,0,5,79" ten="123,240,380,257" oya="3" hai0="40,59,76,24,131,6,110,126,31,5,27,29,132" hai1="9,15,91,57,0,109,2,119,95,105,121,63,122" hai2="71,120,26,80,35,123,47,44,111,81,17,25,115" hai3="64,61,74,39,92,41,133,114,70,14,118,45,134"/><W52/><G74/><T75/><D40/><U58/><E105/><V38/><F115/><W12/><G114/><T100/><D100/><U34/><E34/><V129/><F71/><W90/><G118/><T83/><D110/><U106/><E106/><V93/><F111/><W3/><G3/><T37/><D37/><U48/><E119/><V4/><F4/><W103/><G103/><T97/><D131/><U89/><E109/><V1/><F1/><W104/><G104/><T20/><D132/><U36/><E36/><V32/><F38/><W49/><G134/><T68/><D68/><U117/><E117/><V13/><F93/><W124/><G124/><T65/><D97/><U102/><E102/><V135/><F17/><W127/><G127/><T10/><D126/><U8/><E48/><V116/><F13/><W72/><G72/><T51/><D10/><U82/><E15/><V18/><F18/><W11/><G11/><T54/><D65/><U30/><E95/><V112/><F116/><W55/><G55/><T66/><D66/><U96/><E96/><V128/><F112/><W78/><G78/><T46/><D46/><U84/><E30/><V86/><F86/><W107/><G107/><T22/><REACH who="0" step="1"/><D75/><REACH who="0" ten="113,240,380,257" step="2"/><U77/><E8/><V7/><F135/><W69/><G133/><T108/><D108/><U23/><E9/><V53/><F129/><W28/><G70/><T94/><D94/><U101/><E0/><V125/><F128/><W130/><G130/><T73/><AGARI ba="0,1" hai="5,6,20,22,24,27,29,31,51,54,59,73,76,83" machi="73" ten="20,12000,2" yaku="1,1,0,1,7,1,9,1,52,1,53,1" doraHai="79" doraHaiUra="50" who="0" fromWho="0" sc="113,130,240,-30,380,-30,257,-60" owari="243,4.3,210,-19.0,350,45.0,197,-30.3" /></mjloggm>