<mjloggm ver="2.3"><GO type="225" lobby="0"/><UN n0="%E5%91%A8%E6%9D%B1" n1="%4B%2E%32%2E%4B%2E" n2="%E7%9A%AE%E3%80%85" n3="%E3%83%B4%E3%83%A0%EF%BC%99%E3%81%A6" dan="16,16,16,17" rate="2168.57,2150.04,2157.66,2142.91" sx="M,M,F,M"/><TAIKYOKU oya="0"/><INIT seed="0,0,0,4,4,3" ten="250,250,250,250" oya="0" hai0="4,74,73,94,111,65,39,113,134,51,12,69,84" hai1="36,99,46,79,68,110,28,115,90,95,96,100,30" hai2="52,29,5,11,45,120,44,2,72,87,62,13,8" hai3="81,91,23,58,85,22,82,41,53,63,27,76,122"/><T59/><D113/><U47/><E68/><V135/><F72/><W35/><G122/><T56/><D39/><U24/><E115/><V1/><F120/><W105/><G105/><T112/><D112/><U9/><E110/><V75/><F75/><W57/><G41/><T48/><D111/><U34/><E79/><V129/><F129/><W25/><G35/><T15/><D69/><U49/><E36/><V33/><F135/><W40/><G40/><T38/><D38/><U16/><E30/><V0/><F87/><N who="3" m="48551" /><G57/><T19/><D134/><U61/><E61/><V43/><F43/><W121/><G121/><T119/><D119/><U10/><E47/><V106/><F106/><W109/><G109/><T31/><D31/><U128/><E16/><V18/><F29/><W125/><G125/><T64/><D19/><U71/><E71/><V98/><F98/><W89/><G91/><T60/><D60/><U126/><E128/><V127/><F33/><W97/><G97/><T6/><D84/><U88/><E90/><V123/><F123/><W70/><G70/><T54/><D94/><U78/><E78/><V14/><REACH who="2" step="1"/><F127/><REACH who="2" ten="250,250,240,250" step="2"/><W133/><G133/><T116/><D116/><U114/><E114/><V66/><F66/><W117/><G117/><T118/><D118/><U107/><E126/><V101/><F101/><W86/><G85/><T37/><D37/><U50/><E46/><V26/><F26/><AGARI ba="0,1" hai="22,23,25,26,27,53,58,63,82,86,89" m="48551" machi="26" ten="30,1000,0" yaku="8,1" doraHai="3" who="3" fromWho="2" sc="250,0,250,0,240,-10,250,20" /><INIT seed="1,0,0,0,0,53" ten="250,250,230,270" oya="1" hai0="95,2,37,46,56,8,102,99,108,20,14,25,57" hai1="129,36,97,65,72,134,133,29,42,81,23,111,85" hai2="68,9,45,128,120,112,135,39,44,40,94,32,18" hai3="104,54,76,49,93,35,109,125,90,124,87,31,105"/><U12/><E72/><V7/><F120/><W34/><G109/><T83/><D2/><U67/><E129/><V110/><F128/><W64/><G64/><T28/><D108/><U5/><E111/><V89/><F110/><W113/><G113/><T24/><D83/><U84/><E29/><V4/><F68/><W119/><G119/><T123/><D123/><U75/><E75/><V38/><F32/><N who="3" m="12331" /><G76/><T101/><D25/><U66/><E97/><V41/><F112/><W3/><G3/><T0/><D0/><U131/><E131/><V77/><F77/><W50/><G50/><T107/><D107/><U33/><E33/><V15/><REACH who="2" step="1"/><F135/><REACH who="2" ten="250,250,220,270" step="2"/><W74/><G74/><T63/><D63/><U48/><E133/><V118/><F118/><W26/><G124/><T98/><D102/><U19/><E134/><V52/><F52/><W62/><G54/><T13/><D99/><AGARI ba="0,1" hai="4,7,9,15,18,38,39,40,41,44,45,89,94,99" machi="99" ten="30,7700,0" yaku="1,1,7,1,9,1,53,1" doraHai="53" doraHaiUra="10" who="2" fromWho="0" sc="250,-77,250,0,220,87,270,0" /><INIT seed="2,0,0,2,1,6" ten="173,250,307,270" oya="2" hai0="124,1,63,120,129,87,104,4,95,57,36,40,130" hai1="64,85,33,10,25,9,70,27,38,75,23,135,24" hai2="41,118,58,26,125,121,69,42,66,2,92,19,46" hai3="109,67,73,54,45,5,68,91,82,88,28,78,7"/><V113/><F118/><W30/><G109/><T119/><D104/><U56/><E75/><V103/><F113/><W18/><G18/><T34/><D34/><U115/><E70/><V116/><F121/><W133/><G133/><T8/><D119/><U76/><E38/><V86/><F116/><W60/><G5/><T96/><D120/><U12/><E115/><V53/><F2/><W43/><G54/><T99/><D124/><U132/><E33/><V39/><F125/><W106/><G106/><T122/><D122/><U107/><E107/><V111/><F111/><W126/><G126/><T100/><D87/><U72/><E72/><V62/><F42/><W74/><G74/><T11/><D99/><U47/><E47/><V94/><F86/><W37/><REACH who="3" step="1"/><G7/><REACH who="3" ten="173,250,307,260" step="2"/><T108/><D108/><U101/><E132/><V51/><F103/><W15/><G15/><T134/><D134/><U131/><E12/><V77/><F77/><W98/><G98/><T22/><D22/><AGARI ba="0,1" hai="19,22,26,39,41,46,51,53,58,62,66,69,92,94" machi="22" ten="40,3900,0" yaku="24,2" doraHai="6" who="2" fromWho="0" sc="173,-39,250,0,307,49,260,0" /><INIT seed="2,1,0,5,4,36" ten="134,250,356,260" oya="2" hai0="83,0,86,94,110,78,31,88,132,84,48,62,126" hai1="58,104,38,130,34,77,41,75,68,73,35,56,134" hai2="26,131,116,71,10,46,23,45,55,61,52,90,43" hai3="30,117,67,65,82,9,106,105,108,24,2,85,49"/><V33/><F116/><W97/><G117/><T19/><D110/><U27/><E130/><V79/><F33/><W92/><G108/><T118/><D118/><U3/><E134/><V76/><F131/><W54/><G106/><T57/><D132/><U51/><E68/><V119/><F119/><W1/><G105/><T121/><D121/><U5/><E51/><N who="2" m="27071" /><F71/><W11/><G1/><T96/><D126/><U98/><E56/><N who="2" m="34975" /><F10/><W91/><G2/><T29/><D0/><U7/><E58/><V18/><F90/><W17/><G9/><T60/><D48/><AGARI ba="1,0" hai="18,23,26,46,48,52,76,79" m="34975,27071" machi="48" ten="30,5800,0" yaku="8,1,52,1,54,1" doraHai="36" who="2" fromWho="0" sc="134,-61,250,0,356,61,260,0" /><INIT seed="2,2,0,1,2,125" ten="73,250,417,260" oya="2" hai0="42,54,127,116,132,53,48,91,85,59,3,94,45" hai1="23,22,108,26,36,92,35,65,117,114,79,90,44" hai2="131,101,121,46,43,15,8,98,84,69,11,95,24" hai3="124,39,29,134,99,31,74,62,112,126,56,130,9"/><V81/><F69/><W16/><G74/><T66/><D3/><U41/><E114/><V32/><F121/><W100/><G39/><T76/><D127/><N who="3" m="48681" /><G134/><T5/><D132/><U1/><E117/><V70/><F70/><W104/><G112/><T40/><D116/><U135/><E135/><V34/><F24/><W50/><G50/><T83/><D66/><U120/><E1/><V88/><F8/><W109/><G109/><T28/><D5/><U52/><E108/><V64/><F64/><N who="3" m="38983" /><G130/><T72/><D28/><U4/><E4/><V12/><F12/><AGARI ba="2,0" hai="9,12,16,29,31,99,100,104" m="38983,48681" machi="12" ten="30,2000,0" yaku="18,1,54,1" doraHai="125" who="3" fromWho="2" sc="73,0,250,0,417,-26,260,26" /><INIT seed="3,0,0,3,5,131" ten="73,250,391,286" oya="3" hai0="23,132,17,116,75,129,19,28,120,9,39,10,63" hai1="74,47,117,3,4,93,101,44,22,58,35,59,71" hai2="38,15,111,61,122,49,128,62,89,26,124,27,13" hai3="65,92,112,76,134,12,72,8,5,48,46,133,55"/><W86/><G112/><T95/><D39/><U7/><E71/><V73/><F73/><W108/><G108/><T77/><D95/><U36/><E74/><V115/><F115/><W30/><G30/><T66/><D77/><U99/><E35/><V78/><F38/><W16/><G65/><T90/><D75/><U135/><E117/><V126/><F111/><W84/><G72/><T130/><D63/><N who="2" m="24074" /><F78/><W98/><G5/><T37/><D90/><U60/><E58/><V69/><F69/><W42/><G42/><T87/><D87/><U123/><E123/><V14/><F128/><W100/><REACH who="3" step="1"/><G84/><REACH who="3" ten="73,250,391,276" step="2"/><T53/><D66/><U104/><E104/><V31/><F122/><W83/><AGARI ba="0,1" hai="8,12,16,46,48,55,76,83,86,92,98,100,133,134" machi="83" ten="30,18000,2" yaku="1,1,2,1,0,1,52,2,54,1,53,0" doraHai="131" doraHaiUra="2" who="3" fromWho="3" sc="73,-60,250,-60,391,-60,276,190" owari="13,-48.7,190,-21.0,331,13.1,466,56.6" /></mjloggm>