<mjloggm ver="2.3"><GO type="225" lobby="0"/><UN n0="%E3%83%81%E3%83%83%E3%82%BF%E3%82%BD%E3%83%BC" n1="%E3%82%8A%E3%81%93%E3%82%8A%E3%82%93%E3%81%94" n2="%E3%83%81%E3%83%AF%E3%83%AF%E9%9A%8A%E9%95%B7" n3="%E3%83%B4%E3%83%A0%EF%BC%99%E3%81%A6" dan="16,17,16,16" rate="2160.65,2213.73,2098.11,2160.61" sx="F,M,M,M"/><TAIKYOKU oya="0"/><INIT seed="0,0,0,0,3,106" ten="250,250,250,250" oya="0" hai0="34,56,109,14,26,95,75,0,45,76,133,90,77" hai1="11,31,127,41,57,129,93,67,123,114,30,60,61" hai2="79,64,48,43,103,44,130,99,117,17,83,87,107" hai3="24,128,78,131,85,70,108,100,25,71,115,58,74"/><T62/><D133/><U92/><E123/><V104/><F117/><W113/><G85/><T122/><D122/><U40/><E129/><N who="3" m="49738" /><G58/><T66/><D0/><U35/><E127/><V97/><F130/><W125/><G125/><T22/><D109/><U29/><E35/><V8/><F64/><W72/><G100/><T54/><D75/><N who="3" m="28713" /><G78/><T116/><D116/><U9/><E114/><N who="3" m="43530" /><G108/><T49/><D34/><U52/><E41/><V33/><F43/><W7/><G7/><T124/><D14/><U15/><E40/><V120/><F103/><W105/><G105/><T96/><REACH who="0" step="1"/><D124/><REACH who="0" ten="240,250,250,250" step="2"/><U126/><E126/><V82/><F120/><W18/><G18/><AGARI ba="0,1" hai="18,22,26,45,49,54,56,62,66,76,77,90,95,96" machi="18" ten="30,12000,1" yaku="1,1,2,1,7,1,8,1,53,1" doraHai="106" doraHaiUra="50" who="0" fromWho="3" sc="240,130,250,0,250,0,250,-120" /><INIT seed="0,1,0,0,4,44" ten="370,250,250,130" oya="0" hai0="2,27,112,45,23,35,10,32,114,12,68,6,105" hai1="24,100,126,91,14,21,120,131,66,29,56,62,134" hai2="78,58,119,117,47,20,25,18,31,30,85,7,70" hai3="103,84,57,110,49,77,48,121,133,99,92,95,129"/><T33/><D68/><U17/><E120/><V108/><F70/><W42/><G121/><T73/><D105/><U55/><E131/><V74/><F74/><W82/><G129/><T50/><D73/><U123/><E123/><V125/><F125/><W88/><G110/><T22/><D50/><N who="3" m="19561" /><G133/><T39/><D45/><U16/><E126/><V122/><F108/><W116/><G116/><T86/><D86/><U41/><E134/><V60/><F122/><W4/><G42/><T113/><D39/><U1/><E1/><V87/><F47/><W19/><G4/><T69/><D69/><U97/><E41/><V93/><F7/><W94/><G57/><T124/><D124/><U11/><E91/><N who="2" m="53487" /><F119/><W0/><G0/><T38/><D38/><U107/><REACH who="1" step="1"/><E66/><REACH who="1" ten="370,240,250,130" step="2"/><N who="2" m="39191" /><F117/><W64/><G64/><T104/><D104/><U135/><E135/><V115/><F115/><W96/><G19/><AGARI ba="1,1" hai="11,14,16,17,19,21,24,29,55,56,62,97,100,107" machi="19" ten="30,3900,0" yaku="1,1,7,1,54,1,53,0" doraHai="44" doraHaiUra="111" who="1" fromWho="3" sc="370,0,240,52,250,0,130,-42" /><INIT seed="1,0,0,4,2,117" ten="370,292,250,88" oya="1" hai0="3,128,43,113,22,64,53,7,37,2,103,115,123" hai1="100,30,67,94,78,68,54,121,23,135,96,59,97" hai2="46,49,86,58,131,76,56,35,27,81,130,74,1" hai3="69,75,107,57,38,12,134,17,32,77,88,60,40"/><U90/><E121/><V124/><F1/><W105/><G69/><T89/><D103/><U91/><E135/><V61/><F124/><W8/><G134/><T129/><D64/><U29/><E78/><V87/><F56/><W79/><G32/><T73/><D73/><U132/><E132/><V34/><F74/><W36/><G105/><T120/><D53/><U119/><E119/><V116/><F86/><W118/><G107/><T112/><D89/><U85/><E68/><V65/><F116/><W106/><G106/><T21/><D43/><U55/><E67/><V19/><F19/><W110/><G110/><T0/><D7/><U102/><E23/><N who="0" m="8713" /><D37/><U122/><E122/><AGARI ba="0,0" hai="0,2,3,112,113,115,120,122,123,128,129" m="8713" machi="122" ten="50,16000,3" yaku="28,2,13,1,34,2,52,3" doraHai="117" who="0" fromWho="1" sc="370,160,292,-160,250,0,88,0" /><INIT seed="2,0,0,4,3,52" ten="530,132,250,88" oya="2" hai0="33,99,82,54,78,80,56,129,112,95,50,5,81" hai1="86,128,115,15,111,69,60,73,97,25,30,122,74" hai2="98,87,21,101,68,43,36,92,58,83,77,31,26" hai3="28,64,85,110,61,91,76,14,17,108,134,9,46"/><V10/><F68/><W0/><G134/><T84/><D33/><U114/><E111/><V45/><F10/><W65/><G65/><T1/><D129/><U106/><E128/><V38/><REACH who="2" step="1"/><F58/><REACH who="2" ten="530,132,240,88" step="2"/><W55/><G0/><T35/><D112/><U120/><E115/><V16/><F16/><W89/><G28/><T53/><D5/><U8/><E114/><V121/><F121/><W105/><G108/><T42/><D1/><U32/><E122/><V107/><F107/><W22/><G105/><T126/><D126/><U131/><E120/><V132/><F132/><W59/><G110/><T75/><D75/><U4/><E131/><V104/><F104/><W93/><G9/><T13/><D35/><U100/><REACH who="1" step="1"/><E86/><REACH who="1" ten="530,122,240,88" step="2"/><V34/><F34/><W124/><G124/><T119/><D84/><U19/><E19/><V2/><F2/><W70/><G85/><T102/><D119/><U40/><E40/><V41/><F41/><W3/><G17/><T12/><D42/><U57/><E57/><V109/><F109/><W48/><G59/><N who="0" m="33207" /><D78/><U29/><E29/><V66/><F66/><AGARI ba="0,2" hai="4,8,15,25,30,32,60,66,69,73,74,97,100,106" machi="66" ten="40,8000,1" yaku="1,1,25,2,53,1" doraHai="52" doraHaiUra="94" who="1" fromWho="2" sc="530,0,122,100,240,-80,88,0" /><INIT seed="3,0,0,1,4,109" ten="530,222,160,88" oya="3" hai0="31,88,76,118,12,126,128,46,8,120,22,134,106" hai1="3,57,89,112,44,37,129,82,54,104,21,114,61" hai2="70,84,24,30,113,79,40,33,71,10,14,56,93" hai3="66,77,98,38,131,122,23,68,52,111,99,97,81"/><W42/><G122/><T133/><D106/><U58/><E104/><V91/><F113/><W35/><G35/><T92/><D118/><U65/><E3/><V115/><F115/><W15/><G111/><T95/><D120/><U75/><E129/><V101/><F40/><W119/><G131/><T16/><D128/><U18/><E37/><V60/><F79/><W53/><G119/><T51/><D76/><U74/><E44/><V72/><F72/><W123/><G123/><T64/><D64/><U96/><E96/><V85/><F85/><W7/><G66/><T62/><D62/><U39/><E39/><V36/><F101/><W124/><G68/><T28/><D126/><U47/><E47/><V63/><F36/><W130/><G130/><T6/><D95/><U9/><E9/><V67/><F60/><W13/><G124/><T5/><D28/><U55/><E65/><V4/><AGARI ba="0,0" hai="4,10,14,24,30,33,56,63,67,70,71,84,91,93" machi="4" ten="20,1500,0" yaku="0,1,7,1" doraHai="109" who="2" fromWho="2" sc="530,-4,222,-4,160,15,88,-7" owari="526,62.6,218,1.8,175,-22.5,81,-41.9" /></mjloggm>