<mjloggm ver="2.3"><GO type="225" lobby="0"/><UN n0="%E5%B6%BA%E4%B8%8A%E5%92%B2" n1="%E3%82%A2%E3%83%9E%E3%83%9D%EF%BD%9E%EF%BD%9E%E3%83%A9" n2="%70%68%65%6E%6F%6D%65" n3="%E3%83%81%E3%83%A7%E3%83%99%E3%83%83%E3%82%AF" dan="16,17,16,16" rate="2131.72,2119.64,2170.80,2131.64" sx="F,M,M,M"/><TAIKYOKU oya="0"/><INIT seed="0,0,0,2,4,91" ten="250,250,250,250" oya="0" hai0="21,133,93,43,125,97,71,64,99,110,79,10,70" hai1="98,104,30,51,47,34,119,127,18,6,39,69,33" hai2="109,86,46,26,50,3,112,62,5,41,24,13,103" hai3="45,90,85,131,37,102,36,19,52,56,32,4,54"/><T77/><D133/><U15/><E119/><V129/><F112/><W116/><G32/><T128/><D128/><U38/><E69/><V20/><F129/><W135/><G116/><T121/><D121/><U80/><E6/><V53/><F109/><W124/><G131/><T42/><D125/><U111/><E111/><V17/><F103/><W94/><G124/><T63/><D110/><U28/><E104/><V132/><F132/><W107/><G107/><T87/><D71/><U130/><E98/><V40/><F3/><W92/><G36/><T7/><D97/><U57/><E34/><V89/><F5/><W29/><G37/><T105/><D21/><U67/><E39/><V49/><F62/><W16/><G4/><T25/><D25/><U35/><E35/><V120/><F120/><W55/><G29/><T74/><D74/><U118/><E38/><V95/><REACH who="2" step="1"/><F41/><REACH who="2" ten="250,250,240,250" step="2"/><W0/><G0/><T58/><D43/><U114/><E130/><V81/><F81/><N who="3" m="49455" /><G102/><N who="0" m="60783" /><D42/><N who="1" m="25079" /><E127/><V113/><F113/><W44/><G135/><T2/><D2/><U14/><E114/><V126/><F126/><W59/><G45/><AGARI ba="0,1" hai="13,17,20,24,26,40,45,46,49,50,53,86,89,95" machi="45" ten="30,8000,1" yaku="1,1,7,1,8,1,52,1,53,1" doraHai="91" doraHaiUra="82" who="2" fromWho="3" sc="250,0,250,0,240,90,250,-80" /><INIT seed="1,0,0,2,5,22" ten="250,250,330,170" oya="1" hai0="100,24,3,13,17,76,107,97,56,43,37,40,0" hai1="89,38,85,101,80,47,20,102,52,5,105,23,130" hai2="83,19,79,25,45,96,75,112,33,32,7,30,68" hai3="114,16,111,65,84,70,35,63,21,74,27,26,91"/><U132/><E132/><V81/><F68/><W54/><G74/><T51/><D37/><U88/><E130/><V95/><F112/><W61/><G114/><T9/><D76/><U42/><E5/><V116/><F116/><W118/><G118/><T12/><D12/><U87/><E105/><V73/><F7/><W50/><G111/><T62/><D24/><U8/><E8/><V125/><F125/><W98/><G35/><T110/><D110/><U115/><E115/><V134/><F19/><W131/><G131/><T135/><D135/><U69/><E69/><V1/><F1/><W31/><G98/><T29/><D29/><U82/><E20/><V120/><F120/><W108/><G108/><T44/><REACH who="0" step="1"/><D43/><REACH who="0" ten="240,250,330,170" step="2"/><U78/><E78/><V129/><F134/><W53/><G31/><T36/><D36/><U57/><REACH who="1" step="1"/><E23/><REACH who="1" ten="240,240,330,170" step="2"/><V4/><F129/><W67/><G26/><T133/><D133/><U122/><E122/><V126/><F32/><W18/><G27/><T34/><D34/><U2/><E2/><V59/><F79/><W39/><G21/><T28/><D28/><U106/><E106/><V41/><F33/><W93/><G39/><T6/><D6/><U127/><E127/><V11/><F126/><W14/><G14/><T99/><D99/><U86/><E86/><V103/><F30/><W55/><REACH who="3" step="1"/><G50/><AGARI ba="0,2" hai="38,42,47,50,52,57,80,82,85,87,88,89,101,102" machi="50" ten="30,12000,1" yaku="1,1,7,1,9,1,54,2,53,0" doraHai="22" doraHaiUra="109" who="1" fromWho="3" sc="240,0,240,140,330,0,170,-120" /><INIT seed="1,1,0,4,1,105" ten="240,380,330,50" oya="1" hai0="96,87,65,59,108,80,90,16,54,21,94,110,89" hai1="85,132,47,31,117,100,19,39,36,7,53,68,130" hai2="27,124,30,98,131,0,37,46,4,76,45,84,40" hai3="125,86,6,3,52,104,35,134,77,33,101,25,43"/><U34/><E117/><V114/><F124/><W70/><G125/><T38/><D38/><U122/><E122/><V115/><F131/><W73/><G134/><T93/><D65/><U71/><E7/><V118/><F118/><W129/><G86/><T116/><D116/><U49/><E132/><V92/><F45/><W26/><G26/><T103/><D103/><U41/><E100/><V82/><F0/><W83/><G52/><T23/><D23/><U75/><E19/><V15/><F15/><W62/><G25/><T106/><D106/><U88/><E75/><V17/><F4/><W74/><G129/><T63/><REACH who="0" step="1"/><D80/><REACH who="0" ten="230,380,330,50" step="2"/><U135/><E39/><V127/><F127/><W20/><G20/><T9/><D9/><U44/><E130/><V57/><F114/><W107/><G43/><T13/><AGARI ba="1,1" hai="13,16,21,54,59,63,87,89,90,93,94,96,108,110" machi="13" ten="30,7900,0" yaku="1,1,0,1,54,1,53,1" doraHai="105" doraHaiUra="55" who="0" fromWho="0" sc="230,92,380,-40,330,-21,50,-21" /><INIT seed="2,0,0,0,3,130" ten="322,340,309,29" oya="2" hai0="95,129,24,46,111,43,108,56,96,118,15,2,19" hai1="73,124,3,33,12,72,58,89,47,53,101,116,123" hai2="128,10,62,94,69,60,31,61,98,76,51,11,67" hai3="27,8,21,132,126,110,107,125,35,66,135,121,75"/><V40/><F128/><W85/><G75/><T127/><D2/><U87/><E116/><V20/><F76/><W7/><G107/><T74/><D129/><U91/><E3/><V52/><F40/><W48/><G85/><T106/><D74/><U17/><E33/><V131/><F131/><W25/><G48/><T59/><D106/><U88/><E124/><N who="3" m="47722" /><G66/><T78/><D78/><U99/><E47/><V81/><F81/><W4/><G121/><T122/><D122/><U109/><E109/><N who="0" m="42057" /><D127/><U39/><E39/><V119/><F119/><W71/><G71/><T23/><D24/><N who="3" m="9289" /><G35/><T29/><D29/><U5/><E123/><V117/><F117/><W65/><G65/><T55/><D118/><U34/><E34/><V45/><F69/><W84/><G84/><T100/><D55/><U22/><E87/><V86/><F86/><W63/><G63/><T134/><D134/><N who="3" m="51241" /><G110/><T41/><D41/><U50/><E73/><V0/><F67/><W68/><G68/><T80/><D80/><U38/><E72/><V13/><F94/><W57/><G57/><T120/><D120/><U54/><E54/><V36/><F36/><AGARI ba="0,0" hai="15,19,23,36,43,46,56,59,95,96,100" m="42057" machi="36" ten="30,1000,0" yaku="14,1" doraHai="130" who="0" fromWho="2" sc="322,10,340,0,309,-10,29,0" /><INIT seed="3,0,0,0,3,10" ten="332,340,299,29" oya="3" hai0="50,102,17,42,94,89,129,48,135,123,78,41,51" hai1="81,54,114,61,11,116,72,130,112,92,8,87,45" hai2="117,7,97,79,91,57,68,131,93,90,119,80,73" hai3="46,122,118,26,4,64,84,99,109,132,70,121,28"/><W27/><G118/><T14/><D123/><U39/><E116/><V6/><F68/><W35/><G26/><T1/><D1/><U98/><E130/><V127/><F127/><W120/><G132/><T5/><D129/><U69/><E72/><V83/><F131/><W38/><G84/><N who="0" m="52519" /><D135/><U49/><E39/><V24/><F117/><W128/><G128/><T40/><D102/><N who="1" m="60743" /><E69/><V60/><F119/><W12/><G109/><T47/><D78/><N who="1" m="46519" /><E114/><V82/><F73/><W15/><G4/><T100/><D100/><U44/><E112/><V30/><F90/><W106/><G46/><T115/><D115/><U29/><E29/><V13/><F13/><N who="3" m="5195" /><G38/><T67/><D67/><U86/><E86/><V16/><F79/><W19/><G19/><T58/><D5/><U22/><E45/><V74/><F74/><W18/><G18/><T31/><D31/><U55/><E22/><N who="2" m="13383" /><F30/><W53/><G53/><AGARI ba="0,0" hai="6,7,53,57,60,80,82,83,91,93,97" m="13383" machi="53" ten="30,3900,0" yaku="25,1,8,1,54,1" doraHai="10" who="2" fromWho="3" sc="332,0,340,0,299,39,29,-39" owari="332,-6.8,340,44.0,338,13.8,-10,-51.0" /></mjloggm>