<mjloggm ver="2.3"><GO type="225" lobby="0"/><UN n0="%E6%9C%88%E5%B3%B6%E5%9F%BA" n1="%E3%81%A4%E3%81%A3%E3%81%B1%E3%82%8A%E3%83%9D%E3%83%BC%E3%83%AB" n2="%E7%99%BD%E9%9B%AA%E4%B9%83%E6%84%9B" n3="%E3%81%BE%E3%81%A8%E3%81%9F" dan="16,17,16,16" rate="2099.27,2126.81,2060.59,2107.98" sx="M,M,F,M"/><TAIKYOKU oya="0"/><INIT seed="0,0,0,3,3,63" ten="250,250,250,250" oya="0" hai0="25,105,8,30,13,2,72,125,69,115,10,32,93" hai1="43,117,90,70,14,106,3,84,100,128,56,49,0" hai2="41,23,116,50,91,39,76,88,31,79,87,60,48" hai3="59,45,66,99,42,71,40,58,104,78,89,113,35"/><T96/><D115/><U47/><E117/><V126/><F116/><W77/><G35/><T52/><D69/><U103/><E70/><V131/><F131/><W121/><G71/><T18/><D125/><U95/><E128/><V73/><F126/><W1/><G1/><T16/><D72/><U33/><E33/><V108/><F108/><W119/><G119/><T46/><D105/><U12/><E0/><V74/><F60/><W101/><G113/><T94/><D2/><U7/><E3/><V135/><F135/><W37/><G40/><T21/><D93/><U86/><E106/><V17/><F31/><W51/><G59/><T44/><D44/><U28/><E28/><V62/><F62/><W132/><G66/><T133/><D133/><U15/><E7/><V55/><F39/><W75/><G75/><T82/><D82/><U34/><E34/><V57/><F91/><W36/><G36/><T29/><D32/><U118/><E118/><V134/><F134/><W80/><G121/><T129/><D10/><U61/><REACH who="1" step="1"/><E86/><REACH who="1" ten="250,240,250,250" step="2"/><V38/><F73/><W4/><G4/><T27/><D129/><U112/><E112/><V92/><F74/><W64/><G132/><T65/><D30/><U54/><AGARI ba="0,1" hai="12,14,15,43,47,49,54,56,61,84,90,95,100,103" machi="54" ten="30,8000,1" yaku="1,1,0,1,8,1,53,2" doraHai="63" doraHaiUra="98" who="1" fromWho="1" sc="250,-40,240,90,250,-20,250,-20" /><INIT seed="1,0,0,3,2,49" ten="210,330,230,230" oya="1" hai0="41,9,133,86,114,134,13,5,36,42,110,59,105" hai1="90,135,38,2,115,93,22,120,30,66,26,53,29" hai2="8,19,56,76,37,40,77,52,63,51,12,125,96" hai3="74,64,3,57,102,83,11,106,34,33,21,39,67"/><U43/><E115/><V48/><F125/><W70/><G39/><T6/><D114/><U101/><E120/><V14/><F37/><W65/><G70/><T61/><D105/><U7/><E2/><V46/><F96/><W113/><G113/><T27/><D110/><U121/><E121/><V87/><F87/><W85/><G74/><T68/><D68/><U24/><E7/><V108/><F108/><W10/><G21/><T107/><D107/><U100/><E66/><V72/><F72/><W97/><G57/><T91/><D27/><U78/><E78/><V95/><F95/><W94/><G106/><T28/><D28/><U103/><E135/><N who="0" m="51721" /><D6/><U123/><E123/><V104/><F104/><W127/><G127/><T117/><D36/><U73/><E43/><V75/><F75/><W98/><G98/><T88/><D117/><U44/><E73/><V58/><F14/><W16/><G3/><T54/><D91/><U116/><E116/><V126/><F126/><W1/><G1/><T84/><D86/><N who="1" m="52439" /><E26/><V55/><AGARI ba="0,0" hai="8,12,19,40,46,48,51,52,55,56,58,63,76,77" machi="55" ten="20,12000,2" yaku="0,1,7,1,8,1,52,2,54,1" doraHai="49" who="2" fromWho="2" sc="210,-30,330,-60,230,120,230,-30" /><INIT seed="2,0,0,2,1,36" ten="180,270,350,200" oya="2" hai0="54,127,118,42,9,104,40,31,47,86,113,117,44" hai1="33,63,14,53,49,106,128,99,100,10,57,64,91" hai2="129,105,2,68,48,81,120,133,135,73,7,75,51" hai3="28,25,132,18,27,110,124,114,116,96,60,82,102"/><V85/><F120/><W58/><G116/><N who="0" m="44651" /><D104/><U130/><E33/><V26/><F68/><W115/><G110/><T107/><D107/><U98/><E98/><V95/><F105/><N who="3" m="63687" /><G132/><T21/><D113/><N who="3" m="43017" /><G124/><T46/><D127/><U119/><E91/><V55/><F26/><N who="3" m="9739" /><G18/><T69/><D69/><U43/><E119/><V22/><F135/><W94/><G94/><T34/><D34/><U90/><E90/><V56/><F95/><W17/><G17/><T121/><D121/><U0/><E0/><V87/><F133/><W89/><G28/><T32/><D32/><U3/><E3/><V83/><F2/><W59/><G60/><T6/><D21/><U76/><E76/><V62/><F22/><W39/><G39/><T4/><D31/><U88/><E88/><V61/><F7/><N who="0" m="2602" /><D9/><U20/><E20/><V78/><F62/><W5/><G5/><T29/><D29/><U77/><E10/><V103/><F61/><W1/><G1/><T66/><D66/><U84/><E64/><V101/><F78/><W74/><G74/><T125/><D125/><U41/><E14/><V19/><F73/><W111/><G111/><T50/><D86/><AGARI ba="0,0" hai="58,59,82,86,89" m="9739,43017,63687" machi="86" ten="30,1000,0" yaku="11,1" doraHai="36" who="3" fromWho="0" sc="180,-10,270,0,350,0,200,10" /><INIT seed="3,0,0,4,0,26" ten="170,270,350,210" oya="3" hai0="88,10,9,33,31,133,76,58,125,131,83,115,41" hai1="36,6,114,15,14,123,79,50,119,27,30,118,1" hai2="69,105,55,8,23,32,34,49,39,46,78,120,111" hai3="19,101,94,109,97,96,74,84,99,129,82,24,80"/><W44/><G129/><T107/><D107/><U17/><E36/><V28/><F105/><W93/><G44/><T65/><D131/><U54/><E79/><V59/><F69/><W35/><G19/><T21/><D33/><N who="1" m="20703" /><E114/><V40/><F78/><N who="3" m="44119" /><G24/><N who="0" m="16783" /><D115/><U53/><E53/><V25/><F120/><W7/><G7/><T77/><D41/><U71/><E71/><V128/><F128/><W37/><G35/><T104/><D104/><U91/><E91/><V56/><F8/><N who="0" m="3178" /><D133/><U92/><E92/><N who="3" m="35434" /><G37/><T67/><D125/><U45/><E123/><V18/><F56/><W126/><G109/><T73/><D73/><U70/><E70/><V63/><F111/><W2/><G2/><T113/><D113/><U124/><E124/><V95/><F39/><W5/><G5/><T52/><D77/><U12/><E1/><V121/><F121/><W122/><G122/><T62/><D76/><U112/><E6/><V135/><F40/><W61/><G126/><T127/><D127/><U68/><E68/><V98/><F46/><W13/><G13/><N who="1" m="5226" /><E112/><V116/><F59/><W106/><G61/><T22/><D22/><U108/><E108/><V3/><F63/><W38/><G38/><T47/><D47/><U11/><E11/><V132/><F3/><W51/><G51/><T0/><D0/><U110/><E110/><V64/><F49/><W4/><G4/><T103/><D103/><U102/><E102/><V57/><F57/><W20/><G20/><T42/><D42/><U16/><N who="1" m="5234" /><U117/><AGARI ba="0,0" hai="16,17,45,50,54,117,118,119" m="5234,20703" machi="117" ten="40,8000,1" yaku="4,1,12,1,52,1,54,1" doraHai="26" who="1" fromWho="1" sc="170,-20,270,80,350,-20,210,-40" owari="150,-35.0,350,45.0,330,13.0,170,-23.0" /></mjloggm>