<mjloggm ver="2.3"><GO type="225" lobby="0"/><UN n0="%E3%83%A9%E3%83%BC%E3%83%A1%E3%83%B3%E4%BA%94%E9%83%8E" n1="%E6%9D%B1%E9%A2%A8%E3%81%AE%E3%81%8D%E3%82%83%E3%81%B7%E3%81%95%E3%82%93" n2="%E3%81%BF%E3%81%BF%E3%81%9A" n3="%E7%89%B9%E6%9D%B1%E3%81%AF%E4%B8%96%E7%95%8C%E3%82%92%E6%95%91%E3%81%86" dan="16,16,18,16" rate="2088.91,2127.36,2215.20,2168.12" sx="M,M,M,M"/><TAIKYOKU oya="0"/><INIT seed="0,0,0,4,1,27" ten="250,250,250,250" oya="0" hai0="68,28,64,104,15,132,0,86,10,39,125,108,134" hai1="67,130,93,95,74,122,12,103,101,61,89,34,17" hai2="47,76,131,19,21,102,100,111,59,54,58,96,75" hai3="38,51,40,65,94,110,114,57,2,82,55,60,32"/><T98/><D39/><U26/><E74/><V69/><F69/><W43/><G2/><T84/><D0/><U66/><E130/><V13/><F131/><W25/><G114/><T63/><D125/><U124/><E122/><V24/><F111/><W4/><G110/><T80/><D108/><U23/><E124/><V90/><F75/><W35/><G4/><T78/><D86/><U79/><E79/><V133/><F133/><N who="0" m="51306" /><D98/><U53/><E53/><V72/><F72/><W14/><G14/><T115/><D104/><U135/><E135/><V112/><F76/><W8/><G8/><T50/><D50/><U116/><E116/><V83/><F112/><W46/><G43/><T105/><D105/><U30/><E67/><V127/><F127/><W31/><G94/><T49/><D49/><U97/><REACH who="1" step="1"/><E93/><REACH who="1" ten="250,240,250,250" step="2"/><N who="2" m="56375" /><F83/><W81/><REACH who="3" step="1"/><G35/><REACH who="3" ten="250,240,250,240" step="2"/><T109/><D115/><U70/><AGARI ba="0,2" hai="12,17,23,26,30,34,61,66,70,89,95,97,101,103" machi="70" ten="20,8000,1" yaku="1,1,0,1,7,1,52,1,53,1" doraHai="27" doraHaiUra="29" who="1" fromWho="1" sc="250,-40,240,100,250,-20,240,-20" /><INIT seed="1,0,0,3,4,87" ten="210,340,230,220" oya="1" hai0="8,50,17,135,27,89,7,55,40,85,92,53,45" hai1="98,31,125,41,6,124,113,134,119,115,26,5,12" hai2="25,46,101,109,126,2,4,97,65,29,69,11,63" hai3="110,52,59,9,30,13,23,120,73,95,28,33,79"/><U74/><E74/><V36/><F109/><W123/><G33/><T121/><D135/><U0/><E98/><V62/><F126/><N who="1" m="48745" /><E41/><V81/><F81/><W96/><G110/><T48/><D121/><U91/><E91/><V90/><F63/><W130/><G130/><T127/><D127/><U3/><E134/><V80/><F80/><W22/><G73/><T56/><D27/><U102/><E102/><V57/><F57/><W83/><G79/><T84/><D17/><U114/><E119/><V75/><F75/><W47/><G47/><T100/><D100/><U49/><E49/><V51/><F36/><W94/><G83/><T77/><D77/><U78/><E78/><V39/><F39/><W82/><G82/><T44/><D40/><U19/><E19/><V132/><F132/><W21/><G123/><T116/><D116/><U61/><E61/><V64/><F64/><W37/><G37/><T66/><D66/><U67/><E67/><V129/><F129/><W128/><G128/><T71/><D71/><U112/><E112/><V38/><F90/><N who="3" m="55383" /><G95/><T103/><D103/><U86/><E86/><V122/><F38/><W42/><G42/><T16/><D84/><U117/><E117/><V43/><F122/><W15/><G120/><T1/><D16/><U14/><E115/><V104/><F29/><N who="3" m="11371" /><G9/><T20/><D20/><U108/><E108/><V60/><F60/><AGARI ba="0,0" hai="13,15,21,22,23,52,59,60" m="11371,55383" machi="60" ten="30,3900,0" yaku="8,1,52,1,54,1" doraHai="87" who="3" fromWho="2" sc="210,0,340,0,230,-39,220,39" /><INIT seed="2,0,0,3,5,40" ten="210,340,191,259" oya="2" hai0="29,42,118,71,86,101,93,2,116,13,18,31,109" hai1="83,39,0,121,53,26,61,25,128,4,134,46,119" hai2="64,17,19,45,72,33,6,16,103,56,8,27,127" hai3="104,106,51,81,79,112,113,14,15,59,55,58,130"/><V50/><F127/><W125/><G125/><T52/><D71/><U73/><E119/><N who="0" m="45609" /><D109/><U7/><E134/><V80/><F103/><W98/><G130/><T28/><D2/><U70/><E128/><V23/><F33/><W41/><G41/><T22/><D42/><N who="1" m="22879" /><E121/><V89/><F56/><W123/><G59/><T48/><D101/><U115/><E7/><V44/><F64/><W74/><G98/><T84/><D93/><U108/><E108/><V49/><F72/><W131/><G123/><T90/><D90/><U117/><E117/><V120/><F120/><W105/><REACH who="3" step="1"/><G131/><REACH who="3" ten="210,340,191,249" step="2"/><T102/><D102/><U38/><E38/><V126/><F126/><W114/><AGARI ba="0,1" hai="14,15,51,55,58,74,79,81,104,105,106,112,113,114" machi="114" ten="40,8000,1" yaku="1,1,2,1,0,1,11,1,53,0" doraHai="40" doraHaiUra="92" who="3" fromWho="3" sc="210,-20,340,-20,191,-40,249,90" /><INIT seed="3,0,0,5,5,89" ten="190,320,151,339" oya="3" hai0="62,4,120,77,44,50,58,10,24,71,95,75,85" hai1="130,66,126,33,82,109,101,118,112,5,48,73,121" hai2="87,16,107,93,38,135,61,116,42,1,119,78,88" hai3="8,57,53,2,104,18,83,131,68,65,40,99,72"/><W55/><G131/><T86/><D120/><U70/><RYUUKYOKU type="yao9" ba="0,0" sc="190,0,320,0,151,0,339,0" hai1="5,33,48,66,70,73,82,101,109,112,118,121,126,130" /><INIT seed="3,1,0,1,3,106" ten="190,320,151,339" oya="3" hai0="121,32,43,25,129,31,11,19,10,85,37,34,128" hai1="78,54,94,100,122,77,44,18,59,1,132,30,87" hai2="116,61,23,134,88,84,110,101,55,42,71,66,97" hai3="89,73,79,63,8,98,130,3,96,50,28,92,13"/><W109/><G3/><T16/><D121/><U104/><E1/><V4/><F110/><W124/><G109/><T49/><D37/><U75/><E104/><V70/><F134/><W41/><G130/><N who="0" m="50283" /><D34/><U12/><E75/><V103/><F116/><W64/><G124/><T67/><D67/><U81/><E30/><V127/><F127/><W47/><G28/><T26/><D85/><U40/><E132/><V56/><F4/><W72/><G98/><T125/><D125/><U39/><E122/><V123/><F123/><W0/><G79/><T111/><D111/><U95/><E100/><V60/><F71/><W117/><G0/><T131/><D131/><U20/><REACH who="1" step="1"/><E77/><REACH who="1" ten="190,310,151,339" step="2"/><V107/><F101/><W112/><G117/><T24/><D31/><U62/><AGARI ba="1,1" hai="12,18,20,39,40,44,54,59,62,78,81,87,94,95" machi="62" ten="20,5200,0" yaku="1,1,2,1,0,1,7,1,53,0" doraHai="106" doraHaiUra="135" who="1" fromWho="1" sc="190,-14,310,65,151,-14,339,-27" owari="176,-22.4,375,47.5,137,-36.3,312,11.2" /></mjloggm>