<mjloggm ver="2.3"><GO type="225" lobby="0"/><UN n0="%E3%81%A6%E3%82%93%E3%81%B1" n1="%E3%81%BF%E3%81%BF%E3%81%9A" n2="%41%6F%54" n3="%E3%83%A9%E3%82%B9%E7%8E%87%EF%BC%93%E5%89%B2" dan="16,18,16,16" rate="2044.43,2207.25,2063.84,2222.39" sx="M,M,M,F"/><TAIKYOKU oya="0"/><INIT seed="0,0,0,3,2,111" ten="250,250,250,250" oya="0" hai0="12,47,62,42,132,134,83,77,90,49,71,112,79" hai1="67,113,61,32,52,55,69,108,11,27,74,121,118" hai2="115,114,17,85,120,43,133,101,50,129,40,36,97" hai3="81,24,44,86,35,72,41,13,98,30,56,87,80"/><T31/><D112/><U37/><E118/><V135/><F120/><W15/><G72/><T104/><D104/><U128/><E121/><V110/><F110/><W66/><G98/><T5/><D31/><U14/><E74/><V76/><F129/><W9/><G56/><T99/><D71/><U64/><E37/><V6/><F36/><W102/><G102/><T103/><D62/><U28/><E108/><V73/><F73/><W106/><G66/><T3/><D3/><U8/><E128/><V57/><F6/><W10/><G106/><T126/><D126/><U94/><E67/><V54/><F17/><W95/><G95/><T70/><D70/><U45/><E113/><N who="2" m="43019" /><F85/><W46/><G41/><N who="2" m="15945" /><F76/><W0/><G0/><T127/><D90/><U119/><E119/><V105/><F105/><W26/><G30/><T20/><D127/><U18/><E45/><N who="2" m="27983" /><F97/><W109/><G109/><T93/><D79/><U131/><E131/><V29/><F29/><W48/><G48/><T125/><D125/><U23/><E94/><V65/><F101/><W123/><G123/><T59/><D59/><U107/><E107/><V122/><F122/><W130/><G130/><T22/><D22/><U33/><REACH who="1" step="1"/><E8/><REACH who="1" ten="250,240,250,250" step="2"/><V53/><F65/><W117/><G10/><N who="0" m="4175" /><D20/><U91/><E91/><V38/><F38/><W84/><G9/><T58/><D58/><U39/><E39/><V124/><F124/><W63/><G117/><T1/><D1/><U4/><E4/><V51/><AGARI ba="0,1" hai="51,53,57,133,135" m="27983,15945,43019" machi="51" ten="30,8000,1" yaku="34,2,52,3" doraHai="111" who="2" fromWho="2" sc="250,-40,240,-20,250,90,250,-20" /><INIT seed="1,0,0,5,2,49" ten="210,220,340,230" oya="1" hai0="93,60,26,105,106,59,71,79,124,28,77,130,44" hai1="4,38,5,61,88,24,36,98,132,135,89,90,0" hai2="8,30,101,39,119,9,103,115,111,25,113,12,128" hai3="53,31,82,18,68,134,6,121,43,78,37,16,19"/><U76/><E76/><V2/><F119/><W23/><G68/><T51/><D124/><U29/><E98/><V46/><F111/><W133/><G121/><T109/><D71/><U127/><E127/><V10/><F128/><W112/><G112/><N who="2" m="43081" /><F2/><W86/><G6/><N who="1" m="2666" /><E0/><V35/><F12/><W13/><G43/><AGARI ba="0,0" hai="8,9,10,25,30,35,39,43,46,101,103" m="43081" machi="43" ten="30,1000,0" yaku="11,1" doraHai="49" who="2" fromWho="3" sc="210,0,220,0,340,10,230,-10" /><INIT seed="2,0,0,5,2,125" ten="210,220,350,220" oya="2" hai0="51,21,33,121,130,99,72,9,76,60,20,122,94" hai1="71,102,63,95,123,117,24,68,118,37,52,14,126" hai2="98,62,70,30,81,97,18,89,83,67,105,44,113" hai3="48,27,54,64,4,10,50,93,133,124,92,129,40"/><V109/><F113/><W103/><G124/><T134/><D33/><U104/><E126/><V31/><F105/><W56/><G133/><T26/><D134/><U65/><E37/><V108/><F18/><W120/><G120/><T73/><D21/><U12/><E104/><V77/><F44/><W53/><G40/><T69/><D51/><U135/><E135/><V36/><F36/><W35/><G64/><T110/><D110/><N who="2" m="42602" /><F83/><W17/><G103/><T43/><D130/><U16/><E123/><V46/><F46/><W32/><G129/><T45/><D9/><U115/><E115/><V88/><F98/><W57/><G17/><T90/><D122/><U34/><E68/><V11/><F11/><W127/><G127/><T41/><D121/><U25/><E12/><V0/><F0/><W84/><G27/><T28/><D76/><U6/><E6/><V107/><F107/><W100/><G93/><T15/><D15/><U2/><E25/><V91/><F97/><W49/><G10/><T78/><D78/><U106/><E2/><V82/><F82/><W23/><G4/><T112/><D112/><U131/><E131/><V87/><AGARI ba="0,0" hai="30,31,62,67,70,77,81,87,88,89,91" m="42602" machi="87" ten="30,6000,0" yaku="14,1,10,1,54,1" doraHai="125" who="2" fromWho="2" sc="210,-20,220,-20,350,60,220,-20" /><INIT seed="2,1,0,1,2,47" ten="190,200,410,200" oya="2" hai0="2,58,35,107,10,21,74,118,87,135,5,84,36" hai1="115,16,39,31,103,124,109,64,98,78,51,6,59" hai2="55,95,50,25,90,119,3,79,80,68,9,60,23" hai3="28,125,110,81,57,54,126,113,38,82,132,13,42"/><V100/><F119/><W49/><G28/><T129/><D118/><U72/><E39/><V17/><F100/><W53/><G42/><T120/><D120/><U14/><E115/><V106/><F106/><W32/><G38/><T61/><D74/><U44/><E31/><V76/><F68/><W43/><G43/><T86/><D35/><U63/><E109/><V29/><F60/><W114/><G32/><T34/><D34/><U0/><E124/><N who="3" m="47722" /><G132/><T33/><D33/><U99/><E0/><V130/><F130/><W30/><G30/><T67/><D129/><U41/><E6/><V24/><F9/><W108/><G13/><T104/><D135/><U96/><E78/><V37/><F3/><W19/><G19/><T15/><REACH who="0" step="1"/><D36/><REACH who="0" ten="180,200,410,200" step="2"/><U40/><E72/><V18/><F37/><W131/><G131/><T69/><D69/><U71/><E71/><V7/><F79/><W56/><G82/><T105/><D105/><U89/><E103/><V70/><F76/><W62/><G81/><T27/><D27/><U117/><E117/><V73/><F80/><W12/><G12/><T101/><D101/><U94/><E41/><V48/><F70/><W91/><G91/><T102/><D102/><U52/><E40/><V75/><F90/><W83/><G83/><T11/><D11/><AGARI ba="1,1" hai="11,14,16,44,51,52,59,63,64,89,94,96,98,99" machi="11" ten="30,8000,1" yaku="7,1,8,1,52,1,54,2" doraHai="47" who="1" fromWho="0" sc="180,-83,200,93,410,0,200,0" /><INIT seed="3,0,0,5,4,119" ten="97,293,410,200" oya="3" hai0="28,13,91,54,120,30,97,95,96,76,16,85,116" hai1="11,53,75,134,37,61,88,59,71,117,99,27,68" hai2="93,7,86,63,58,52,3,103,47,33,111,9,14" hai3="8,65,43,21,57,22,1,69,66,104,94,45,49"/><W44/><G104/><T32/><D116/><U107/><E75/><V125/><F111/><W89/><G69/><T128/><D128/><U36/><E117/><V109/><F109/><W34/><G34/><T79/><D120/><U42/><E134/><V133/><F133/><W29/><G1/><T17/><D32/><U126/><E126/><V132/><F132/><W129/><G8/><T64/><D64/><U50/><E107/><V124/><F33/><W131/><G29/><T67/><D67/><U5/><E27/><V77/><F3/><W0/><G0/><T20/><D97/><U74/><E74/><V113/><F113/><W80/><G80/><T2/><D2/><U84/><E99/><V101/><F47/><W55/><G65/><T46/><D17/><U48/><E61/><V12/><F12/><W24/><G66/><T25/><D96/><U92/><E50/><V4/><F4/><W83/><G83/><T114/><D114/><U106/><E106/><V112/><F112/><W39/><G45/><T130/><D130/><N who="3" m="49673" /><G24/><T60/><D25/><U115/><E115/><V41/><F124/><W15/><G15/><T78/><REACH who="0" step="1"/><D60/><REACH who="0" ten="87,293,410,200" step="2"/><U40/><E71/><V123/><F125/><W87/><AGARI ba="0,1" hai="21,22,39,43,44,49,55,57,87,89,94" m="49673" machi="87" ten="30,1500,0" yaku="19,1" doraHai="119" who="3" fromWho="3" sc="87,-5,293,-5,410,-5,200,25" /><INIT seed="3,1,0,1,1,91" ten="82,288,405,225" oya="3" hai0="41,20,11,46,14,63,107,89,95,47,108,29,98" hai1="86,106,102,110,117,22,37,129,19,72,83,82,121" hai2="50,40,68,67,5,49,3,90,24,96,97,0,85" hai3="94,81,64,115,62,7,65,100,134,16,125,57,124"/><W73/><G115/><T27/><D108/><U52/><E121/><V55/><F67/><W61/><G134/><T105/><D105/><U113/><E113/><V77/><F77/><W60/><G7/><T56/><D107/><U69/><E37/><V70/><F24/><W103/><G73/><T120/><D41/><U92/><E69/><V76/><F76/><W93/><G81/><T132/><D132/><U38/><E38/><V111/><F111/><W1/><G1/><T71/><D71/><U114/><E114/><V26/><F26/><W23/><G62/><T112/><D112/><U33/><E33/><V78/><F78/><W59/><G23/><T88/><D89/><U18/><E117/><V15/><F15/><W21/><G21/><T6/><REACH who="0" step="1"/><D120/><REACH who="0" ten="72,288,405,225" step="2"/><U54/><E110/><V109/><F40/><W58/><G103/><T128/><D128/><U39/><E106/><V79/><F70/><W13/><G100/><T36/><D36/><U28/><E102/><V10/><F68/><W25/><G125/><T43/><D43/><U119/><E39/><V126/><F126/><W51/><G124/><T133/><D133/><U116/><E129/><V4/><F90/><W30/><G51/><T130/><D130/><U32/><E116/><V87/><F49/><W35/><G59/><T135/><D135/><U45/><E119/><V9/><F50/><W104/><G104/><T44/><D44/><U74/><E45/><V34/><F109/><W122/><G122/><T80/><D80/><N who="1" m="30763" /><E72/><V75/><F75/><W66/><G66/><AGARI ba="1,1" hai="6,11,14,20,27,29,46,47,56,63,66,88,95,98" machi="66" ten="30,8000,1" yaku="1,1,7,1,8,1,52,1,54,1,53,0" doraHai="91" doraHaiUra="118" who="0" fromWho="3" sc="72,93,288,0,405,0,225,-83" owari="165,-23.5,288,8.8,405,50.5,142,-35.8" /></mjloggm>