<mjloggm ver="2.3"><GO type="225" lobby="0"/><UN n0="%E4%BF%BA%E3%81%A8%E5%A6%96%E5%A4%A2" n1="%E3%83%A9%E3%82%B9%E7%8E%87%EF%BC%93%E5%89%B2" n2="%E3%80%90%E3%83%88%E3%83%AA%E3%83%A5%E3%83%95%E3%80%91" n3="%E3%81%8B%E3%82%8F%E3%81%A1%E3%82%83%E3%82%93%35%38" dan="16,16,16,16" rate="2200.31,2207.32,2063.41,2146.47" sx="F,F,M,M"/><TAIKYOKU oya="0"/><INIT seed="0,0,0,2,0,111" ten="250,250,250,250" oya="0" hai0="9,97,98,34,41,55,42,70,114,67,126,83,44" hai1="17,128,43,69,80,13,28,63,131,26,94,25,109" hai2="81,54,10,30,71,11,99,52,32,38,110,124,123" hai3="65,76,3,23,49,87,45,89,75,21,27,57,47"/><T73/><D34/><U24/><E43/><V95/><F110/><W120/><G3/><T82/><D126/><U5/><E109/><V100/><F71/><W2/><G2/><T101/><D73/><U59/><E69/><V58/><F123/><W118/><G118/><T104/><D97/><U132/><E5/><V90/><F38/><W107/><G107/><T102/><D102/><U22/><E80/><V84/><F124/><W125/><G125/><T134/><D55/><U68/><E68/><V4/><F54/><W108/><G108/><T86/><D134/><U16/><E94/><V112/><F112/><W85/><G75/><T56/><D56/><U61/><E61/><V40/><F40/><N who="3" m="24743" /><G47/><T29/><D29/><U78/><E78/><V31/><F32/><W88/><G76/><T37/><D41/><U117/><E117/><V39/><F39/><W72/><G72/><T92/><D9/><N who="2" m="3082" /><F4/><W8/><G8/><T115/><D104/><U103/><E132/><V12/><F12/><W127/><G127/><T18/><D82/><U116/><E116/><V14/><F14/><W35/><G35/><T79/><REACH who="0" step="1"/><D18/><REACH who="0" ten="240,250,250,250" step="2"/><N who="1" m="10575" /><E28/><V133/><F133/><W77/><G120/><T6/><D6/><U33/><E33/><V122/><F122/><W121/><G121/><T62/><AGARI ba="0,1" hai="37,42,44,62,67,70,79,83,86,92,98,101,114,115" machi="62" ten="30,12000,1" yaku="1,1,0,1,52,2,53,1" doraHai="111" doraHaiUra="60" who="0" fromWho="0" sc="240,130,250,-40,250,-40,250,-40" /><INIT seed="0,1,0,1,3,36" ten="370,210,210,210" oya="0" hai0="91,19,99,15,129,11,24,107,62,48,122,112,116" hai1="53,3,88,108,12,127,100,50,57,47,26,85,117" hai2="32,40,133,77,4,79,80,28,39,70,33,83,132" hai3="46,29,65,18,25,60,92,130,5,78,54,20,104"/><T72/><D112/><U31/><E3/><V63/><F4/><W93/><G104/><T21/><D116/><U59/><E117/><V119/><F119/><W22/><G130/><T13/><D122/><U105/><E108/><V125/><F125/><W27/><G78/><T34/><D129/><U35/><E127/><V55/><F28/><W42/><G54/><T81/><D34/><U68/><E68/><V114/><F114/><W102/><G102/><T94/><D107/><U134/><E134/><N who="2" m="51819" /><F55/><W43/><G5/><T10/><D62/><U98/><REACH who="1" step="1"/><E12/><REACH who="1" ten="370,200,210,210" step="2"/><V41/><F39/><W121/><G121/><T37/><D37/><U76/><E76/><V45/><F79/><W126/><G126/><T56/><D13/><U95/><AGARI ba="1,1" hai="26,31,35,47,50,53,57,59,85,88,95,98,100,105" machi="95" ten="20,12000,2" yaku="1,1,0,1,7,1,54,1,53,2" doraHai="36" doraHaiUra="52" who="1" fromWho="1" sc="370,-61,200,133,210,-31,210,-31" /><INIT seed="1,0,0,0,1,78" ten="309,333,179,179" oya="1" hai0="134,45,121,70,119,77,72,85,0,50,73,96,83" hai1="100,28,29,66,122,130,74,67,34,92,11,14,64" hai2="104,69,76,16,97,103,46,91,117,89,20,114,30" hai3="1,39,32,82,54,87,71,63,98,93,24,106,2"/><U111/><E122/><V40/><F117/><W9/><G39/><T52/><D119/><U94/><E34/><V81/><F69/><W112/><G112/><T51/><D0/><U125/><E74/><V21/><F30/><N who="1" m="11881" /><E130/><V113/><F21/><W12/><G106/><T56/><D70/><U49/><E125/><V43/><F43/><W124/><G32/><T22/><D121/><U47/><E111/><V4/><F4/><W19/><G24/><T55/><D134/><U102/><E49/><V95/><F46/><W99/><G99/><T62/><D22/><U8/><E47/><V61/><F61/><W5/><G124/><T118/><D118/><U35/><E35/><V25/><F40/><W31/><G31/><T65/><D96/><U44/><E44/><V107/><F107/><W127/><G127/><T126/><D126/><U10/><E14/><V36/><F36/><W23/><G1/><T27/><D27/><U132/><E132/><V18/><F18/><W6/><G6/><T60/><D60/><U120/><E120/><V13/><F13/><W79/><G71/><T123/><D123/><U3/><E3/><V57/><F57/><N who="3" m="35255" /><G98/><T116/><D116/><U53/><E53/><V108/><F108/><W15/><G2/><T42/><D55/><U101/><AGARI ba="0,0" hai="8,10,11,64,66,67,92,94,100,101,102" m="11881" machi="101" ten="40,18000,2" yaku="29,2,28,2,26,2,8,1" doraHai="78" who="1" fromWho="1" sc="309,-60,333,180,179,-60,179,-60" /><INIT seed="1,1,0,3,2,11" ten="249,513,119,119" oya="1" hai0="112,47,42,126,30,25,14,24,81,119,131,43,9" hai1="115,65,124,72,104,77,128,121,88,20,92,125,56" hai2="1,113,82,52,59,3,32,10,108,39,83,15,80" hai3="17,96,123,5,133,84,86,36,74,40,16,130,7"/><U117/><E104/><V61/><F108/><W8/><G74/><T118/><D112/><U103/><E103/><V91/><F113/><W23/><G123/><T95/><D131/><U26/><E121/><V73/><F32/><W46/><G133/><T37/><D126/><N who="1" m="48747" /><E117/><V2/><F39/><W134/><G134/><T127/><D127/><U54/><E65/><V41/><F41/><W116/><G130/><T51/><D95/><U135/><E77/><V132/><F132/><W78/><G116/><T109/><D109/><U85/><E72/><V12/><F73/><W89/><G96/><T120/><D120/><U100/><E100/><V105/><F105/><W87/><G78/><T0/><D0/><U28/><E135/><V97/><REACH who="2" step="1"/><F10/><REACH who="2" ten="249,513,109,119" step="2"/><W19/><G5/><T94/><D119/><U64/><E115/><V68/><F68/><W44/><G44/><T79/><D47/><U4/><E4/><V53/><F53/><W106/><G106/><T69/><D118/><U50/><E64/><V45/><F45/><W6/><G6/><T29/><D69/><U62/><E128/><V129/><F129/><W57/><G57/><T38/><D43/><U66/><E66/><V58/><F58/><W107/><G107/><T55/><D42/><U102/><E56/><V48/><F48/><W101/><G101/><T13/><D51/><U67/><E50/><V22/><F22/><W122/><G122/><T90/><D9/><U75/><E75/><V60/><F60/><W71/><G71/><T31/><D38/><U18/><E102/><V49/><F49/><W76/><G36/><RYUUKYOKU ba="1,1" sc="249,-10,513,-10,109,30,119,-10" hai2="1,2,3,12,15,52,59,61,80,82,83,91,97" /><INIT seed="2,2,1,4,5,4" ten="239,503,139,109" oya="2" hai0="22,44,103,34,84,89,19,62,126,115,90,42,95" hai1="11,75,63,127,83,87,92,54,25,80,49,47,65" hai2="33,119,110,124,128,133,72,85,56,52,50,76,31" hai3="26,23,130,78,66,118,27,2,79,82,111,86,122"/><V24/><F119/><W40/><G122/><T102/><D115/><U91/><E127/><V35/><F124/><W104/><G118/><T101/><D34/><U13/><E25/><N who="3" m="9226" /><G104/><T36/><D126/><U132/><E132/><V43/><F133/><W41/><G2/><T30/><D30/><U113/><E75/><V60/><F128/><W69/><G69/><T55/><D62/><U117/><E113/><V135/><F135/><W46/><G111/><T12/><D55/><U112/><E112/><V37/><F110/><W6/><G130/><T64/><D64/><U5/><E117/><V18/><F37/><W109/><G109/><T17/><D17/><U131/><E131/><V39/><F39/><W68/><G68/><AGARI ba="2,1" hai="5,11,13,47,49,54,63,65,68,80,83,87,91,92" machi="68" ten="30,2000,0" yaku="7,1,52,1" doraHai="4" who="1" fromWho="3" sc="239,0,503,36,139,0,109,-26" /><INIT seed="3,0,0,2,3,130" ten="239,539,139,83" oya="3" hai0="27,56,20,79,135,100,10,91,43,132,25,34,40" hai1="108,75,94,65,6,8,112,88,133,51,19,98,74" hai2="68,50,101,12,15,121,28,82,118,72,53,80,38" hai3="128,45,122,69,4,114,62,63,36,99,48,64,23"/><W26/><G128/><T31/><D79/><U55/><E112/><V14/><F118/><W60/><G122/><T30/><D100/><U103/><E133/><N who="0" m="51273" /><D56/><U125/><E125/><V46/><F68/><W11/><G36/><T131/><D131/><U111/><E19/><V16/><F72/><W120/><G120/><T95/><D10/><U73/><E65/><V77/><F38/><W123/><G114/><T49/><D49/><U87/><E55/><V96/><F121/><W21/><G123/><T129/><D129/><U37/><E51/><V54/><F28/><W90/><G64/><T9/><D9/><U35/><E35/><V124/><F54/><W39/><G39/><T107/><D107/><U2/><E37/><V44/><F124/><W109/><G69/><T93/><D93/><U22/><E22/><V76/><F76/><W47/><G109/><N who="1" m="42058" /><E74/><V42/><F77/><W0/><G48/><T92/><D92/><AGARI ba="0,0" hai="2,6,8,73,75,87,88,92,94,98,103" m="42058" machi="92" ten="30,2000,0" yaku="14,1,54,1" doraHai="130" who="1" fromWho="0" sc="239,-20,539,20,139,0,83,0" owari="219,1.9,559,65.9,139,-26.1,83,-41.7" /></mjloggm>