<mjloggm ver="2.3"><GO type="225" lobby="0"/><UN n0="%E3%81%BE%E3%81%A8%E3%81%9F" n1="%4B%2E%32%2E%4B%2E" n2="%E9%A6%AC%E5%BC%95%E7%81%AB%33" n3="%74%2E%6F%2E%6F%2E%73" dan="16,17,16,17" rate="2111.27,2191.23,2149.80,2147.27" sx="M,M,F,M"/><TAIKYOKU oya="0"/><INIT seed="0,0,0,0,0,52" ten="250,250,250,250" oya="0" hai0="14,24,92,48,41,65,78,57,108,88,71,36,97" hai1="81,110,113,118,33,122,9,32,70,132,120,34,7" hai2="74,47,84,93,117,58,2,56,95,124,59,61,45" hai3="94,60,25,121,39,8,51,134,89,11,125,112,77"/><T87/><D36/><U107/><E118/><V126/><F74/><W66/><G39/><T1/><D1/><U62/><E110/><V115/><F115/><W91/><G112/><T46/><D71/><U98/><E113/><V82/><F2/><W80/><G125/><N who="2" m="48233" /><F61/><W104/><G104/><T28/><D108/><U133/><E81/><V101/><F117/><W100/><G100/><T37/><D14/><U53/><E53/><V106/><F106/><W6/><G134/><N who="1" m="51818" /><E62/><V4/><F4/><W31/><G121/><N who="1" m="46698" /><E70/><V111/><F111/><W128/><G128/><T119/><D119/><U105/><E98/><N who="2" m="59599" /><F95/><W64/><G94/><T17/><D97/><U72/><E72/><V129/><F129/><W69/><G69/><T114/><D114/><U12/><AGARI ba="0,0" hai="7,9,12,32,33,34,105,107" m="46698,51818" machi="12" ten="40,1500,0" yaku="20,1" doraHai="52" who="1" fromWho="1" sc="250,-7,250,15,250,-4,250,-4" /><INIT seed="1,0,0,3,0,75" ten="243,265,246,246" oya="1" hai0="114,44,22,93,77,118,15,7,6,134,122,74,135" hai1="112,25,48,62,14,67,96,70,61,33,9,121,45" hai2="119,125,16,39,34,107,68,19,85,129,10,28,91" hai3="76,43,79,127,105,87,94,17,98,69,55,53,133"/><U47/><E112/><V24/><F119/><W50/><G69/><T84/><D114/><U56/><E121/><V109/><F109/><W71/><G71/><T131/><D118/><U5/><E48/><V29/><F125/><W73/><G73/><T72/><D131/><U106/><E62/><V111/><F111/><W95/><G105/><T97/><D122/><U51/><E51/><V20/><F129/><W116/><G116/><T82/><D7/><U81/><E81/><V54/><F107/><W1/><G1/><T99/><D99/><U123/><E56/><V26/><F39/><W115/><G115/><T110/><D110/><U103/><REACH who="1" step="1"/><E123/><REACH who="1" ten="243,255,246,246" step="2"/><V27/><F68/><W21/><G127/><T32/><D82/><U37/><E37/><V92/><F54/><W101/><G55/><T63/><D63/><U4/><E4/><V31/><REACH who="2" step="1"/><F10/><REACH who="2" ten="243,255,236,246" step="2"/><W130/><G130/><T132/><D132/><U88/><E88/><V83/><F83/><W36/><G133/><T3/><D135/><U41/><E41/><V49/><F49/><W52/><G36/><T18/><D134/><U80/><E80/><V11/><F11/><W8/><G8/><T60/><D60/><U128/><E128/><V104/><F104/><W102/><G43/><T78/><D74/><U90/><E90/><V120/><F120/><W58/><G53/><T108/><D72/><U0/><E0/><V89/><F89/><N who="3" m="53567" /><G102/><T40/><D108/><U124/><E124/><V30/><F30/><AGARI ba="0,2" hai="5,9,14,25,30,33,45,47,61,67,70,96,103,106" machi="30" ten="40,12000,1" yaku="1,1,25,2,53,2" doraHai="75" doraHaiUra="42" who="1" fromWho="2" sc="243,0,255,140,236,-120,246,0" /><INIT seed="1,1,0,3,2,110" ten="243,395,116,246" oya="1" hai0="104,130,35,69,92,33,41,72,14,6,115,126,3" hai1="94,134,132,76,93,51,40,42,117,61,71,108,84" hai2="16,2,112,22,90,39,114,7,26,78,46,55,89" hai3="82,31,15,50,57,49,70,47,60,86,0,27,127"/><U91/><E117/><V45/><F78/><W129/><G0/><T116/><RYUUKYOKU type="yao9" ba="1,0" sc="243,0,395,0,116,0,246,0" hai0="3,6,14,33,35,41,69,72,92,104,115,116,126,130" /><INIT seed="1,2,0,0,3,6" ten="243,395,116,246" oya="1" hai0="75,73,12,21,46,54,99,66,17,80,92,8,109" hai1="69,101,48,123,79,22,118,56,62,41,127,90,78" hai2="24,18,108,120,113,102,19,9,107,84,77,58,43" hai3="38,63,7,94,112,31,121,29,119,126,71,4,42"/><U2/><E2/><V129/><F120/><W85/><G38/><T103/><D109/><U104/><E123/><V51/><F108/><W40/><G71/><T114/><D114/><U130/><E118/><V39/><F113/><W53/><G121/><T105/><D66/><U98/><E130/><V0/><F129/><W135/><G112/><T95/><D105/><U115/><E115/><V26/><F39/><W87/><G135/><T10/><D75/><U1/><E1/><V23/><F107/><W34/><G34/><T106/><D73/><U128/><E128/><V93/><F0/><W132/><G132/><T76/><D106/><U68/><E127/><V27/><F77/><W30/><G126/><T13/><D95/><U32/><E32/><V91/><F102/><W117/><G63/><T111/><D111/><U20/><E90/><V74/><F74/><W5/><G53/><T14/><D80/><U124/><E69/><V60/><F51/><W83/><G94/><T36/><D76/><U28/><E28/><V116/><F43/><N who="3" m="16427" /><G83/><T67/><D67/><U96/><E68/><V50/><F50/><W49/><G49/><N who="0" m="28983" /><D36/><U122/><E122/><V37/><F37/><W82/><G82/><T89/><D103/><N who="1" m="62567" /><E48/><V15/><REACH who="2" step="1"/><F116/><AGARI ba="2,0" hai="4,5,7,29,30,31,85,87,116,117,119" m="16427" machi="116" ten="40,5200,0" yaku="28,2,12,1" doraHai="6" who="3" fromWho="2" sc="243,0,395,0,116,-58,246,58" /><INIT seed="2,0,0,0,5,50" ten="243,395,58,304" oya="2" hai0="115,122,37,51,92,2,6,84,133,26,91,12,55" hai1="89,90,110,112,73,17,72,63,20,99,54,88,101" hai2="93,66,47,79,45,83,100,109,11,65,71,61,86" hai3="78,9,24,68,108,27,124,48,31,107,96,94,3"/><V56/><F109/><W70/><G108/><T104/><D122/><U125/><E110/><V135/><F135/><W62/><G124/><T13/><D115/><U52/><E112/><V36/><F36/><W5/><G78/><T105/><D37/><U85/><E125/><V75/><F66/><W39/><G39/><T41/><D41/><U60/><E73/><V106/><F71/><W102/><G24/><T121/><D121/><U119/><E72/><V19/><F106/><W57/><G48/><T76/><D104/><U8/><E8/><V132/><F132/><W44/><G44/><T116/><D105/><U126/><E119/><V82/><F93/><W77/><G77/><T80/><D116/><U18/><E18/><V120/><F100/><W67/><REACH who="3" step="1"/><G107/><REACH who="3" ten="243,395,58,294" step="2"/><T14/><D26/><N who="1" m="14607" /><E126/><V69/><F120/><W7/><G7/><T25/><D25/><U42/><E42/><V53/><F19/><W113/><G113/><T38/><D38/><U46/><E46/><V32/><F32/><AGARI ba="0,1" hai="3,5,9,27,31,32,57,62,67,68,70,94,96,102" machi="32" ten="30,2000,0" yaku="1,1,7,1,53,0" doraHai="50" doraHaiUra="15" who="3" fromWho="2" sc="243,0,395,0,58,-20,294,30" /><INIT seed="3,0,0,4,1,79" ten="243,395,38,324" oya="3" hai0="90,68,78,82,41,5,22,128,89,110,95,91,33" hai1="19,11,118,116,42,130,27,51,57,84,12,72,107" hai2="45,114,113,125,13,63,69,10,29,127,94,20,14" hai3="26,109,126,4,105,39,111,6,65,98,123,103,21"/><W121/><G39/><T31/><D68/><U64/><E72/><V122/><F94/><W83/><G65/><T93/><D110/><N who="3" m="41993" /><G83/><T34/><D128/><U59/><E107/><V24/><F45/><W85/><G85/><T40/><D5/><N who="3" m="2153" /><G126/><N who="2" m="48137" /><F63/><W2/><G2/><T117/><D117/><N who="1" m="45163" /><E130/><V52/><F52/><W17/><AGARI ba="0,0" hai="17,21,26,98,103,105,121,123" m="2153,41993" machi="17" ten="30,3000,0" yaku="14,1,10,1" doraHai="79" who="3" fromWho="3" sc="243,-10,395,-10,38,-10,324,30" /><INIT seed="3,1,0,5,1,23" ten="233,385,28,354" oya="3" hai0="95,82,90,44,39,40,94,54,11,58,65,41,14" hai1="127,24,33,132,30,84,67,51,123,31,71,8,55" hai2="62,96,42,45,124,2,29,107,109,102,3,70,106" hai3="1,21,129,83,86,122,59,104,15,111,5,100,72"/><W125/><G122/><T75/><D75/><U66/><E123/><V114/><F109/><W110/><G129/><T93/><D39/><U133/><E127/><V7/><F124/><W117/><G117/><T52/><D65/><U108/><E108/><N who="3" m="41514" /><G125/><T85/><D44/><U53/><E30/><V43/><F43/><W64/><G1/><T19/><REACH who="0" step="1"/><D54/><REACH who="0" ten="223,385,28,354" step="2"/><U79/><E55/><V17/><F114/><W50/><G72/><T92/><N who="0" m="23552" /><DORA hai="130" /><T118/><D118/><U131/><E53/><V16/><F107/><W80/><G64/><T74/><D74/><U76/><E67/><V98/><F98/><N who="3" m="61463" /><G86/><T25/><D25/><U77/><E84/><V89/><F89/><W101/><G101/><T121/><D121/><U6/><E66/><V134/><F70/><W81/><G59/><T88/><D88/><U69/><E69/><V47/><F47/><W35/><G35/><T61/><AGARI ba="1,1" hai="11,14,19,40,41,52,58,61,82,85,90" m="23552" machi="61" ten="40,8000,1" yaku="1,1,0,1,8,1,54,1,53,0" doraHai="23,130" doraHaiUra="128,112" who="0" fromWho="0" sc="223,93,385,-21,28,-21,354,-41" owari="316,11.6,364,46.4,7,-49.3,313,-8.7" /></mjloggm>