<mjloggm ver="2.3"><GO type="225" lobby="0"/><UN n0="%E3%81%82%E3%81%84%E3%81%82%E3%81%8A%E3%81%84" n1="%E7%B4%94%E6%BD%94%E3%83%94%E3%83%A9%E3%83%8B%E3%82%A2" n2="%E4%BB%A5%E5%A5%B3%E7%A5%9E%E4%B9%8B%E5%90%8D%E8%A8%B1%E9%A1%98" n3="%E3%83%81%E3%83%83%E3%82%BF%E3%82%BD%E3%83%BC" dan="18,17,16,16" rate="2181.96,2219.90,2027.88,2131.42" sx="M,M,M,F"/><TAIKYOKU oya="0"/><INIT seed="0,0,0,5,2,5" ten="250,250,250,250" oya="0" hai0="40,77,39,106,74,79,32,36,117,18,129,114,115" hai1="6,61,16,111,112,124,24,2,83,97,52,49,25" hai2="63,54,28,30,135,108,118,104,89,46,3,34,120" hai3="99,73,96,41,47,109,31,68,11,69,57,81,98"/><T131/><D106/><U100/><E111/><V113/><F120/><W45/><G109/><T84/><D117/><U90/><E124/><V8/><F113/><N who="0" m="43018" /><D32/><U23/><E112/><V53/><F118/><W64/><G31/><T42/><D84/><U56/><E2/><V43/><F104/><W27/><G27/><T76/><D18/><U35/><E6/><V95/><F135/><W91/><G57/><T59/><D59/><U72/><E35/><V29/><F34/><W133/><G133/><T12/><D12/><U13/><E61/><V51/><F3/><W21/><G21/><T102/><D102/><U67/><E67/><V9/><F108/><W37/><G64/><T86/><D86/><N who="1" m="50527" /><E72/><V110/><F110/><W122/><G122/><T15/><D15/><U50/><E50/><V134/><F134/><W123/><G123/><T26/><D26/><U66/><E66/><V78/><F63/><W70/><G47/><T82/><D82/><U44/><E56/><V130/><F130/><N who="0" m="49674" /><D74/><U75/><E75/><V22/><F22/><W60/><G60/><T101/><D101/><U20/><E23/><V126/><F126/><W62/><G62/><T88/><D88/><U105/><E20/><V85/><F78/><W7/><G73/><T1/><D1/><U116/><E116/><V103/><F103/><W71/><N who="3" m="17408" /><DORA hai="4" /><W93/><REACH who="3" step="1"/><G81/><REACH who="3" ten="250,250,250,240" step="2"/><T0/><D0/><AGARI ba="0,1" hai="0,7,11,37,41,45,91,93,96,98,99" m="17408" machi="0" ten="70,8000,1" yaku="1,1,2,1,52,2,53,0" doraHai="5,4" doraHaiUra="58,10" who="3" fromWho="0" sc="250,-80,250,0,250,0,240,90" /><INIT seed="1,0,0,2,2,127" ten="170,250,250,330" oya="1" hai0="125,39,40,128,44,115,6,18,129,81,36,101,26" hai1="120,75,89,1,62,41,87,56,28,83,29,22,38" hai2="24,122,50,86,124,42,114,85,35,8,12,88,132" hai3="63,43,92,84,14,94,111,130,118,90,68,134,7"/><U37/><E120/><V60/><F122/><W73/><G73/><T53/><D115/><U69/><E69/><V99/><F124/><W117/><G111/><T21/><D125/><U97/><E1/><V72/><F72/><W71/><G43/><T55/><D39/><U23/><E75/><V3/><F3/><W67/><G134/><T79/><D101/><U135/><E135/><V104/><F114/><W123/><G123/><T65/><D65/><U59/><E41/><V82/><F132/><W110/><G110/><T64/><D64/><U15/><E38/><V25/><F35/><W52/><G71/><T107/><D107/><U10/><E37/><V77/><F60/><W96/><G52/><T27/><D6/><N who="1" m="3543" /><E97/><V116/><F116/><N who="3" m="44651" /><G14/><T109/><D109/><U31/><E59/><V112/><F112/><W30/><G30/><N who="1" m="7682" /><U45/><DORA hai="49" /><E45/><N who="2" m="25911" /><F99/><W0/><G7/><T47/><D27/><U93/><E93/><N who="2" m="54415" /><F104/><W121/><G0/><T5/><D5/><AGARI ba="0,0" hai="5,8,12,24,25,77,82,86" m="54415,25911" machi="5" ten="30,3900,0" yaku="25,1,8,1,54,1" doraHai="127,49" who="2" fromWho="0" sc="170,-39,250,0,250,39,330,0" /><INIT seed="2,0,0,2,2,85" ten="131,250,289,330" oya="2" hai0="78,10,111,130,0,69,100,54,2,129,6,15,53" hai1="112,7,66,125,86,43,133,104,48,24,122,76,33" hai2="99,52,87,103,98,90,134,118,51,34,29,121,84" hai3="25,82,44,26,22,27,80,49,50,65,77,97,36"/><V105/><F118/><W30/><G36/><T131/><D69/><U58/><E104/><V128/><F121/><W35/><G65/><T47/><D111/><U71/><E112/><V64/><F64/><W101/><G50/><T23/><D100/><U119/><E119/><V70/><F70/><W39/><G39/><T12/><D78/><U124/><E133/><V63/><F63/><W96/><G82/><T46/><D23/><U108/><E108/><V73/><F73/><W109/><G109/><T107/><D107/><U14/><E71/><V92/><F128/><W115/><G115/><T57/><D15/><U114/><E122/><V93/><F105/><W79/><G79/><T123/><D123/><U126/><E114/><V117/><F134/><W16/><G26/><T31/><D31/><U59/><E33/><V28/><F117/><W45/><G45/><T116/><D116/><U1/><E1/><V21/><F34/><W110/><G101/><T88/><D88/><U132/><E132/><V4/><F4/><W11/><G11/><T68/><D68/><U9/><E24/><N who="2" m="16399" /><F29/><W120/><G120/><T19/><D6/><U113/><E113/><V60/><F60/><W18/><G18/><T95/><D95/><U62/><E62/><V61/><F61/><W38/><G38/><T91/><D91/><U102/><E66/><V42/><F42/><N who="3" m="24727" /><G110/><T56/><D0/><U5/><E5/><V89/><F103/><W94/><G94/><T37/><D2/><U127/><E102/><V3/><F3/><W17/><G17/><T55/><D37/><U106/><E124/><RYUUKYOKU ba="0,0" sc="131,10,250,-30,289,10,330,10" hai0="10,12,19,46,47,53,54,55,56,57,129,130,131" hai2="51,52,84,87,89,90,92,93,98,99" hai3="16,22,25,27,30,35,77,80,96,97" /><INIT seed="2,1,0,2,3,31" ten="141,220,299,340" oya="2" hai0="88,91,21,112,33,37,104,69,58,26,74,101,62" hai1="82,125,135,121,110,54,92,17,23,87,34,84,42" hai2="85,11,43,16,102,129,114,80,83,47,19,9,131" hai3="40,122,70,94,18,27,124,5,115,123,126,98,99"/><V44/><F102/><W71/><G5/><T97/><D112/><U106/><E106/><V64/><F64/><W119/><G115/><T38/><D74/><U6/><E110/><V78/><F114/><W132/><G119/><T103/><D103/><U109/><E109/><V128/><F83/><W50/><G132/><T14/><D14/><U111/><E135/><V67/><F67/><W116/><G116/><T46/><D21/><U118/><E34/><V79/><F79/><W113/><G113/><T81/><D58/><U12/><E125/><N who="3" m="48234" /><G50/><T77/><D46/><N who="2" m="17450" /><F43/><W96/><G94/><T52/><D52/><U29/><E42/><V51/><F51/><W28/><G18/><AGARI ba="1,0" hai="9,11,16,18,19,78,80,85,128,129,131" m="17450" machi="18" ten="40,3900,0" yaku="19,1,54,1" doraHai="31" who="2" fromWho="3" sc="141,0,220,0,299,42,340,-42" /><INIT seed="2,2,0,4,2,29" ten="141,220,341,298" oya="2" hai0="1,16,61,8,89,19,118,113,49,85,64,54,24" hai1="9,60,37,35,14,10,134,65,2,45,26,21,88" hai2="133,18,78,31,128,53,36,130,115,105,34,39,27" hai3="135,72,127,93,117,46,0,13,52,43,116,122,100"/><V7/><F115/><W123/><G0/><T102/><D113/><U126/><E134/><V58/><F105/><W95/><G72/><T4/><D118/><U114/><E126/><V106/><F106/><W83/><G83/><T44/><D102/><U109/><E109/><V62/><F7/><W5/><G127/><T91/><D24/><U119/><E119/><V50/><F78/><W111/><G111/><T82/><REACH who="0" step="1"/><D89/><REACH who="0" ten="131,220,341,298" step="2"/><U17/><E114/><V11/><F133/><W112/><G135/><T101/><D101/><U79/><E79/><V132/><F132/><W107/><G112/><T75/><D75/><U70/><E88/><V40/><F130/><W28/><G116/><T51/><D51/><U33/><E37/><V6/><F128/><W92/><G117/><T76/><D76/><U15/><E2/><V87/><F50/><W48/><G100/><T59/><AGARI ba="2,1" hai="1,4,8,16,19,44,49,54,59,61,64,82,85,91" machi="59" ten="20,5200,0" yaku="1,1,0,1,7,1,54,1,53,0" doraHai="29" doraHaiUra="66" who="0" fromWho="0" sc="131,68,220,-15,341,-28,298,-15" /><INIT seed="3,0,0,0,1,127" ten="199,205,313,283" oya="3" hai0="10,1,102,14,63,104,30,33,131,116,66,53,52" hai1="101,117,78,71,26,28,72,40,80,25,74,43,93" hai2="109,135,19,41,84,57,121,115,113,89,8,55,65" hai3="62,87,31,81,75,23,27,108,36,96,7,114,88"/><W77/><G114/><T49/><D116/><U122/><E71/><V103/><F109/><W68/><G108/><T39/><D39/><U79/><E122/><V64/><F121/><W111/><G111/><T56/><D1/><U3/><E3/><V24/><F135/><W82/><G36/><T21/><D33/><U58/><E58/><V133/><F133/><W100/><G7/><T46/><D131/><U37/><E117/><V106/><F106/><W5/><G5/><N who="0" m="3407" /><D104/><U129/><E37/><V85/><F103/><W98/><REACH who="3" step="1"/><G100/><REACH who="3" ten="199,205,313,273" step="2"/><T20/><D102/><U29/><E101/><V95/><F115/><W76/><G76/><T51/><D30/><U125/><E125/><V0/><F113/><W91/><G91/><T11/><D11/><U34/><E79/><V9/><F0/><W42/><G42/><T130/><D130/><U67/><E129/><V47/><F9/><W15/><G15/><T120/><D120/><U94/><E78/><V4/><F4/><W2/><G2/><T73/><D73/><U118/><E118/><V60/><F8/><W107/><G107/><T134/><D134/><U86/><E74/><V13/><F13/><W17/><G17/><T83/><D83/><U32/><E72/><V110/><F110/><W128/><G128/><T112/><D112/><U45/><E80/><N who="2" m="49287" /><F19/><W38/><G38/><T16/><D16/><U18/><E18/><V126/><F126/><W61/><G61/><T59/><AGARI ba="0,1" hai="20,21,46,49,51,52,53,56,59,63,66" m="3407" machi="59" ten="30,2000,0" yaku="8,1,54,1" doraHai="127" who="0" fromWho="0" sc="199,30,205,-5,313,-5,273,-10" owari="229,-17.1,200,-30.0,308,40.8,263,6.3" /></mjloggm>