<mjloggm ver="2.3"><GO type="225" lobby="0"/><UN n0="%4C%4F%4C%49%54%41" n1="%E6%9C%88%E5%B3%B6%E5%9F%BA" n2="%E3%81%BE%E3%81%A8%E3%81%9F" n3="%E5%B0%8F%E9%B3%A5%E9%81%8A%E7%B7%B4%E7%84%A1%32%31%E6%AD%B3" dan="16,17,16,16" rate="2069.75,2191.17,2101.46,2203.92" sx="F,M,M,F"/><TAIKYOKU oya="0"/><INIT seed="0,0,0,3,2,122" ten="250,250,250,250" oya="0" hai0="88,81,123,93,39,10,80,128,40,102,75,37,111" hai1="44,77,35,21,74,15,46,26,1,98,113,71,24" hai2="61,133,55,58,8,63,62,91,132,104,0,126,36" hai3="64,76,118,106,33,27,51,56,87,3,131,9,4"/><T73/><D123/><U34/><E1/><V72/><F104/><W2/><G118/><T12/><D128/><U99/><E71/><V22/><F72/><W127/><G106/><T43/><D102/><U97/><E113/><V121/><F121/><W45/><G131/><T84/><D111/><U38/><E74/><V119/><F119/><W11/><G56/><T130/><D130/><U23/><E77/><V32/><F32/><W95/><G64/><T59/><D75/><U107/><E107/><V18/><F36/><W124/><G95/><T105/><D105/><U53/><E38/><V83/><F126/><W86/><G27/><T67/><D37/><U90/><E90/><V82/><F8/><W70/><G33/><T92/><D39/><U6/><E53/><V7/><F7/><W129/><G70/><T20/><D20/><N who="1" m="7755" /><E35/><V103/><F0/><W16/><G2/><T68/><D68/><U52/><E34/><V100/><F103/><W47/><G129/><T79/><D92/><U116/><E116/><V29/><F100/><W108/><G127/><T25/><D25/><N who="1" m="9835" /><E52/><V5/><F55/><W60/><G3/><T109/><D109/><U134/><E134/><V110/><F110/><W85/><G124/><T89/><D67/><U49/><E49/><V125/><F125/><W117/><G51/><T28/><D28/><U65/><E65/><V13/><F29/><W57/><G117/><T66/><D66/><U48/><E48/><V135/><F133/><W19/><G108/><T14/><D73/><U114/><E114/><V50/><F135/><W41/><G41/><RYUUKYOKU ba="0,0" sc="250,-10,250,30,250,-10,250,-10" hai1="6,15,44,46,97,98,99" /><INIT seed="1,1,0,2,2,108" ten="240,280,240,240" oya="1" hai0="22,34,114,19,103,58,11,36,56,12,86,49,106" hai1="0,79,95,72,3,87,43,57,96,83,24,5,65" hai2="134,39,68,41,116,90,73,32,77,6,31,88,35" hai3="82,10,30,76,38,115,131,1,130,61,124,60,128"/><U63/><E43/><V93/><F116/><W48/><G38/><T52/><D36/><U46/><E46/><V81/><F68/><W4/><G124/><T101/><D34/><U44/><E44/><V84/><F134/><W14/><G48/><T40/><D106/><U70/><E70/><V112/><F112/><W125/><G125/><T100/><D40/><U102/><E5/><V55/><F55/><W111/><G111/><T16/><D114/><U80/><REACH who="1" step="1"/><E24/><REACH who="1" ten="240,270,240,240" step="2"/><V47/><F6/><W135/><G135/><T123/><D123/><U64/><E64/><V122/><F122/><W98/><G131/><T29/><D58/><U89/><AGARI ba="1,1" hai="0,3,57,63,65,72,79,80,83,87,89,95,96,102" machi="89" ten="20,7800,0" yaku="1,1,0,1,7,1,53,1" doraHai="108" doraHaiUra="85" who="1" fromWho="1" sc="240,-27,270,91,240,-27,240,-27" /><INIT seed="1,2,0,0,5,50" ten="213,361,213,213" oya="1" hai0="87,104,68,1,103,53,82,16,78,45,51,40,73" hai1="10,30,32,66,106,7,64,34,27,94,74,125,116" hai2="101,109,48,37,117,0,111,59,28,92,5,86,128" hai3="107,124,100,105,41,88,76,8,71,77,134,56,58"/><U54/><E106/><V113/><F117/><W31/><G71/><T84/><D68/><U69/><E74/><V46/><F37/><W97/><G107/><T120/><D1/><U89/><E116/><V122/><F122/><W43/><G134/><T127/><D127/><U93/><E125/><V47/><F28/><W129/><G31/><T33/><D33/><U119/><E119/><V18/><F128/><W9/><G129/><T23/><D120/><U63/><E34/><V115/><F5/><W67/><G67/><T112/><D112/><N who="2" m="43082" /><F0/><W12/><G124/><T102/><D40/><U55/><E66/><V96/><F86/><W3/><G3/><T108/><D108/><N who="2" m="41546" /><F18/><W62/><G12/><T81/><D104/><U70/><E70/><V85/><F85/><W75/><G75/><T90/><REACH who="0" step="1"/><D73/><REACH who="0" ten="203,361,213,213" step="2"/><U6/><E69/><V121/><F121/><W65/><G105/><T132/><D132/><U52/><E32/><V35/><F35/><W91/><G100/><T38/><D38/><U11/><E7/><V83/><F83/><W21/><G65/><T26/><AGARI ba="2,1" hai="16,23,26,45,51,53,78,81,82,84,87,90,102,103" machi="26" ten="20,16000,3" yaku="1,1,0,1,7,1,8,1,52,1,54,1,53,2" doraHai="50" doraHaiUra="98" who="0" fromWho="0" sc="203,176,361,-82,213,-42,213,-42" /><INIT seed="2,0,0,4,5,34" ten="379,279,171,171" oya="2" hai0="110,77,47,21,32,14,98,103,27,29,15,69,126" hai1="89,84,114,124,46,58,108,86,79,67,61,95,1" hai2="20,10,75,55,51,112,12,81,18,134,48,25,115" hai3="54,82,107,36,85,97,7,128,111,130,44,80,28"/><V125/><F134/><W96/><G111/><T71/><D110/><U49/><E114/><V41/><F125/><W123/><G123/><T5/><D126/><U35/><E35/><V31/><F41/><W57/><G28/><T22/><D77/><U26/><E108/><V129/><F129/><N who="3" m="49771" /><G7/><T118/><D118/><U13/><E124/><V106/><F106/><W78/><G107/><T24/><D32/><U17/><E1/><V87/><F51/><N who="3" m="30943" /><G80/><T99/><D47/><U37/><E26/><V70/><F70/><W88/><G78/><T38/><D38/><U68/><E68/><V9/><F75/><W117/><G117/><T104/><D5/><U42/><E37/><V39/><F39/><W64/><G64/><T121/><D121/><U116/><E116/><V4/><F4/><W120/><G120/><T56/><D56/><U132/><E132/><V109/><F109/><W102/><G102/><T133/><D133/><U72/><E72/><V73/><F73/><W2/><G2/><T6/><D6/><U92/><E79/><V59/><REACH who="2" step="1"/><F9/><REACH who="2" ten="379,279,161,171" step="2"/><W23/><G23/><N who="0" m="15519" /><D71/><U105/><E105/><V74/><F74/><W66/><G36/><T33/><D69/><U83/><REACH who="1" step="1"/><E86/><REACH who="1" ten="379,269,161,171" step="2"/><V52/><F52/><W30/><G85/><T19/><D104/><U127/><E127/><V45/><F45/><W8/><G44/><T100/><D33/><U122/><E122/><V62/><F62/><W131/><G131/><T93/><D99/><U60/><E60/><V101/><F101/><W11/><G97/><T43/><D103/><U3/><E3/><V135/><F135/><RYUUKYOKU ba="0,2" sc="379,-15,269,15,161,15,171,-15" hai1="13,17,42,46,49,58,61,67,83,84,89,92,95" hai2="10,12,18,20,25,31,48,55,59,81,87,112,115" /><INIT seed="2,1,2,2,2,123" ten="364,284,176,156" oya="2" hai0="116,108,20,19,111,9,33,79,47,42,61,75,71" hai1="0,105,89,3,107,28,92,18,1,78,13,12,88" hai2="74,36,51,8,39,106,26,87,6,54,44,67,66" hai3="4,69,37,122,117,82,57,59,91,129,68,99,124"/><V103/><F74/><W93/><G122/><T81/><D33/><U95/><E28/><V31/><F39/><W102/><G117/><T80/><D116/><U127/><E78/><V104/><F36/><W49/><G37/><T40/><D81/><U77/><E77/><V55/><F104/><W112/><G129/><T85/><D75/><U29/><E29/><V119/><F103/><W94/><G4/><T83/><D83/><U73/><E73/><V135/><F106/><W48/><G82/><T134/><D134/><U56/><E56/><V34/><F87/><W46/><G124/><T86/><D86/><U11/><E127/><V35/><F35/><W76/><G76/><T60/><D9/><U24/><E24/><V98/><F98/><W131/><G131/><T27/><D42/><U133/><E133/><V7/><F119/><W113/><G46/><T21/><D20/><U50/><E50/><V72/><F72/><W53/><G102/><T128/><D128/><U130/><E130/><V101/><F101/><W126/><G126/><T22/><D22/><U38/><E38/><V43/><F6/><W121/><G121/><T45/><D45/><U17/><E3/><V120/><F135/><W96/><G91/><T41/><D41/><U32/><E11/><V64/><REACH who="2" step="1"/><F120/><REACH who="2" ten="364,284,166,156" step="2"/><W14/><G14/><AGARI ba="1,3" hai="7,8,14,26,31,34,43,44,51,54,55,64,66,67" machi="14" ten="40,3900,0" yaku="1,1,2,1,53,0" doraHai="123" doraHaiUra="70" who="2" fromWho="3" sc="364,0,284,0,166,72,156,-42" /><INIT seed="2,2,0,3,4,15" ten="364,284,238,114" oya="2" hai0="106,75,39,31,21,17,78,79,123,129,122,48,71" hai1="82,116,25,112,29,85,5,62,33,93,11,43,18" hai2="34,22,125,130,118,20,66,4,74,73,77,10,41" hai3="100,6,53,57,113,49,99,98,70,47,7,91,86"/><V51/><F118/><W92/><G70/><T83/><D39/><U13/><E116/><V76/><F34/><W35/><G35/><T2/><D71/><U96/><E112/><V12/><F66/><W8/><G113/><T59/><D2/><U114/><E114/><V26/><F130/><W14/><G99/><T24/><D106/><U55/><E43/><V44/><F125/><W110/><G110/><T36/><D36/><U102/><E62/><V111/><F111/><W94/><REACH who="3" step="1"/><G57/><REACH who="3" ten="364,284,238,104" step="2"/><T88/><D59/><U135/><E33/><V30/><F73/><W46/><G46/><T56/><D56/><U32/><E32/><V63/><F74/><W103/><G103/><T9/><D75/><U126/><E102/><V58/><F58/><W104/><G104/><T64/><D123/><U128/><E96/><V52/><F63/><W45/><G45/><T108/><D122/><U0/><E128/><V42/><F41/><W107/><G107/><T105/><D105/><U81/><E55/><V69/><F42/><W89/><G89/><T65/><D88/><U101/><E101/><V109/><F69/><W80/><G80/><T27/><D83/><U23/><E82/><V120/><F109/><W38/><G38/><T68/><D108/><U54/><E81/><V132/><F120/><W115/><G115/><T124/><D129/><U131/><E54/><V3/><F132/><W50/><G50/><T119/><D48/><U37/><E135/><V95/><F95/><W134/><G134/><T67/><D68/><U61/><E131/><V127/><F127/><W84/><G84/><RYUUKYOKU ba="2,1" sc="364,-15,284,-15,238,15,104,15" hai2="3,4,10,12,20,22,26,30,44,51,52,76,77" hai3="6,7,8,14,47,49,53,86,91,92,94,98,100" /><INIT seed="2,3,1,0,4,72" ten="349,269,253,119" oya="2" hai0="127,6,117,23,98,65,60,68,19,106,80,12,54" hai1="16,10,47,27,36,96,86,74,9,48,83,122,94" hai2="58,132,88,5,90,111,77,131,123,118,89,57,50" hai3="30,55,120,15,97,66,32,2,42,31,125,46,130"/><V85/><F118/><W95/><G120/><T0/><D117/><U21/><E74/><V87/><F123/><W61/><G2/><T34/><D127/><U81/><E36/><V38/><F38/><W51/><G130/><T28/><D54/><N who="1" m="29983" /><E122/><V45/><F131/><W107/><G125/><T40/><D40/><U7/><E7/><V93/><F132/><W29/><G107/><T102/><D80/><N who="1" m="30795" /><E86/><V128/><F111/><W33/><G15/><T126/><D126/><U43/><E43/><V25/><F85/><W100/><REACH who="3" step="1"/><G42/><REACH who="3" ten="349,269,253,109" step="2"/><T13/><D13/><U116/><E116/><V104/><F128/><W135/><G135/><T101/><D0/><U52/><E52/><V73/><F104/><W78/><G78/><T11/><D12/><U1/><E1/><V44/><F77/><W113/><G113/><T82/><D106/><U4/><E4/><V67/><F5/><W105/><G105/><T49/><D6/><U70/><E70/><AGARI ba="3,2" hai="29,30,31,32,33,46,51,55,61,66,70,95,97,100" machi="70" ten="40,1300,0" yaku="1,1,53,0" doraHai="72" doraHaiUra="8" who="3" fromWho="1" sc="349,0,269,-22,253,0,109,42" /><INIT seed="3,0,0,1,4,34" ten="349,247,253,151" oya="3" hai0="114,106,129,49,23,52,42,47,77,99,100,40,17" hai1="101,16,62,126,107,125,112,9,54,93,11,127,119" hai2="7,70,64,90,117,50,18,121,44,8,96,32,61" hai3="122,38,110,118,92,27,5,89,46,116,53,76,120"/><W33/><G76/><T2/><D2/><U87/><E112/><V24/><F117/><W4/><G38/><T39/><D114/><U35/><E119/><N who="3" m="45610" /><G53/><T72/><D129/><U63/><E35/><V75/><F75/><W113/><G46/><T98/><D98/><N who="1" m="61879" /><E16/><V3/><F121/><N who="3" m="46699" /><G113/><T20/><D20/><U78/><E54/><V10/><F10/><N who="1" m="3593" /><E93/><V88/><F96/><W104/><G104/><T109/><D39/><U128/><E128/><V82/><F82/><AGARI ba="0,0" hai="62,63,78,82,87,125,126,127" m="3593,61879" machi="82" ten="40,1300,0" yaku="18,1" doraHai="34" who="1" fromWho="2" sc="349,0,247,13,253,-13,151,0" owari="349,44.9,260,6.0,240,-16.0,151,-34.9" /></mjloggm>