<mjloggm ver="2.3"><GO type="225" lobby="0"/><UN n0="%72%69%6F%75%63%68%61%6E" n1="%33%74%72%65%65" n2="%E3%81%99%E3%81%84%E3%81%BE%E3%81%9B%E3%83%BC%E3%82%93" n3="%E3%83%A9%E3%82%B9%E7%8E%87%EF%BC%93%E5%89%B2" dan="16,17,18,17" rate="2090.27,2129.81,2206.73,2222.66" sx="M,F,M,F"/><TAIKYOKU oya="0"/><INIT seed="0,0,0,0,5,122" ten="250,250,250,250" oya="0" hai0="101,125,6,22,56,44,35,98,1,69,111,88,15" hai1="32,133,43,39,81,24,114,79,77,91,36,66,116" hai2="134,2,47,40,0,13,115,129,86,60,11,124,42" hai3="84,83,126,37,48,132,41,75,102,106,78,96,61"/><T50/><D125/><U71/><E116/><V27/><F115/><W19/><G37/><T33/><D111/><U135/><E91/><V30/><F124/><W21/><G126/><T74/><D69/><U28/><E114/><V12/><F134/><N who="1" m="51209" /><E43/><V109/><F129/><W117/><G117/><T80/><D1/><U105/><E105/><V112/><F112/><W62/><G132/><T82/><D56/><U89/><E89/><V85/><F60/><W90/><G48/><T45/><D44/><U95/><E95/><V20/><F109/><W94/><REACH who="3" step="1"/><G41/><REACH who="3" ten="250,250,250,240" step="2"/><T108/><D50/><U92/><E39/><V128/><F42/><W51/><G51/><T119/><D119/><U65/><E36/><V46/><F40/><W34/><G34/><T18/><D33/><U127/><E127/><V67/><F128/><W130/><G130/><T113/><D35/><U99/><E32/><V93/><F47/><W10/><G10/><N who="0" m="4567" /><D113/><U121/><E121/><V97/><F11/><W53/><G53/><T57/><D45/><U54/><E54/><V68/><F46/><W9/><G9/><T38/><D38/><U110/><E110/><V25/><F0/><W107/><G107/><T120/><D120/><U23/><E65/><V58/><F2/><W118/><G118/><T26/><D108/><U55/><E55/><V87/><F67/><W8/><G8/><T100/><D22/><U17/><E66/><V16/><F20/><W3/><G3/><T76/><D57/><U14/><E23/><N who="2" m="13543" /><F58/><W49/><G49/><T7/><D7/><U59/><E59/><V131/><F131/><RYUUKYOKU ba="0,1" sc="250,-10,250,-10,250,-10,240,30" hai3="19,21,61,62,75,78,83,84,90,94,96,102,106" /><INIT seed="1,1,1,4,2,29" ten="240,240,240,270" oya="1" hai0="95,22,127,129,21,57,31,7,20,1,27,122,82" hai1="117,115,80,18,114,8,9,113,16,112,67,88,79" hai2="86,32,110,2,69,85,11,96,119,65,101,121,60" hai3="132,3,84,92,13,15,87,50,56,43,130,91,97"/><U99/><E117/><V77/><F119/><W17/><G3/><T48/><D127/><U74/><N who="1" m="28672" /><DORA hai="103" /><U30/><E67/><V41/><F121/><W123/><G130/><T125/><D125/><U46/><E30/><V128/><F128/><W94/><G132/><T106/><D129/><U26/><E46/><V108/><F41/><W6/><G123/><T37/><D37/><U42/><E42/><V51/><F51/><W39/><G39/><T53/><D106/><U33/><E33/><V124/><F32/><W63/><G6/><T83/><D122/><U55/><E55/><V104/><F124/><W126/><G126/><T14/><D95/><U100/><E88/><V34/><F34/><W4/><G4/><T116/><D116/><U70/><E70/><V76/><F11/><W36/><G15/><T38/><D38/><U81/><E81/><N who="0" m="30729" /><D1/><U118/><E118/><V131/><F2/><W120/><G94/><T5/><D5/><U133/><E133/><V49/><F49/><W12/><G12/><T40/><D40/><U19/><REACH who="1" step="1"/><E26/><REACH who="1" ten="240,230,240,270" step="2"/><V25/><F25/><W28/><G28/><T44/><D44/><U93/><AGARI ba="1,2" hai="8,9,16,18,19,74,79,80,93,99,100" m="28672" machi="93" ten="60,12000,1" yaku="1,1,2,1,0,1,54,1,53,0" doraHai="29,103" doraHaiUra="102,68" who="1" fromWho="1" sc="240,-41,230,143,240,-41,270,-41" /><INIT seed="1,2,0,5,4,1" ten="199,373,199,229" oya="1" hai0="4,50,107,51,6,98,76,93,97,2,65,134,42" hai1="32,68,37,36,49,84,71,8,88,55,77,108,20" hai2="29,18,109,117,130,60,120,0,125,119,22,21,121" hai3="131,27,133,102,14,57,66,123,47,72,70,24,43"/><U48/><E32/><V86/><F60/><W62/><G123/><T110/><D110/><U115/><E115/><V26/><F86/><W58/><G131/><T90/><D134/><U75/><E108/><V31/><F109/><W80/><G133/><T39/><D65/><U111/><E111/><V74/><F74/><W63/><G102/><T85/><D2/><U56/><E48/><N who="0" m="18473" /><D107/><U127/><E127/><V73/><F73/><W17/><G70/><T15/><D39/><U23/><E37/><V82/><F82/><W78/><G47/><T46/><D15/><U30/><E36/><V11/><F130/><W105/><G105/><T122/><D122/><N who="2" m="47210" /><F125/><W81/><G81/><N who="0" m="47271" /><D42/><U9/><E75/><V118/><F22/><W99/><G99/><N who="0" m="37899" /><D46/><U124/><E124/><V94/><F94/><W67/><REACH who="3" step="1"/><G43/><REACH who="3" ten="199,373,199,219" step="2"/><T104/><D104/><U25/><E71/><V87/><F87/><AGARI ba="2,1" hai="4,6,87,90,93" m="37899,47271,18473" machi="87" ten="30,3900,0" yaku="8,1,52,2" doraHai="1" who="0" fromWho="2" sc="199,55,373,0,199,-45,219,0" /><INIT seed="2,0,0,2,2,59" ten="254,373,154,219" oya="2" hai0="113,105,88,66,84,31,9,122,18,0,78,2,34" hai1="95,8,63,68,38,21,52,96,37,50,97,13,131" hai2="48,42,16,29,23,70,10,125,128,98,36,112,83" hai3="89,73,80,100,130,120,12,41,11,1,49,71,115"/><V92/><F112/><W61/><G115/><T76/><D122/><U103/><E131/><V91/><F128/><W121/><G1/><T55/><D113/><U119/><E119/><V111/><F125/><W108/><G108/><T30/><D105/><U3/><E3/><V132/><F132/><W101/><G130/><T114/><D114/><U99/><E21/><V19/><F111/><W102/><G41/><T79/><D66/><U107/><E68/><V65/><F36/><W62/><G49/><T69/><D69/><U26/><E26/><N who="2" m="16607" /><F70/><W127/><G127/><T7/><D0/><U106/><E106/><V90/><F65/><W35/><G35/><T46/><D34/><U109/><E38/><V33/><F33/><W118/><G118/><T44/><D18/><N who="2" m="6698" /><F10/><W87/><G73/><T134/><D134/><U117/><E37/><V27/><F27/><W32/><G32/><T77/><N who="0" m="19456" /><DORA hai="67" /><T6/><D6/><U104/><E8/><V47/><F83/><W123/><REACH who="3" step="1"/><G71/><REACH who="3" ten="254,373,154,209" step="2"/><T57/><D44/><U135/><E109/><V58/><F58/><W22/><G22/><T129/><D46/><U81/><E117/><V5/><F5/><AGARI ba="0,1" hai="5,11,12,61,62,80,87,89,100,101,102,120,121,123" machi="5" ten="50,8000,1" yaku="1,1,52,2,53,1" doraHai="59,67" doraHaiUra="4,60" who="3" fromWho="2" sc="254,0,373,0,154,-80,209,90" /><INIT seed="3,0,0,0,0,3" ten="254,373,74,299" oya="3" hai0="53,32,6,80,21,114,14,44,11,46,83,90,47" hai1="56,28,78,95,93,34,132,73,135,67,118,68,40" hai2="65,10,35,75,115,50,87,107,104,25,106,121,86" hai3="79,94,27,77,116,22,101,24,41,82,133,88,31"/><W89/><G116/><T57/><D32/><U55/><E118/><V42/><F65/><W12/><G133/><N who="1" m="51274" /><E40/><V131/><F35/><W71/><G71/><T113/><D21/><U102/><E102/><V58/><F75/><W48/><G27/><T91/><D83/><N who="1" m="45519" /><E67/><V100/><F25/><W54/><G41/><T62/><REACH who="0" step="1"/><D80/><REACH who="0" ten="244,373,74,299" step="2"/><U70/><E34/><V124/><F121/><W126/><G126/><T37/><D37/><U72/><E28/><V76/><F124/><W51/><G82/><T92/><D92/><N who="1" m="35403" /><E72/><V129/><F107/><W110/><G79/><T26/><D26/><U18/><E18/><V122/><F106/><W38/><G77/><T81/><D81/><U127/><E127/><V84/><F76/><W61/><G38/><T97/><D97/><U36/><E36/><V19/><F104/><W64/><G94/><T134/><D134/><U111/><E111/><V39/><F39/><W29/><G110/><T120/><D120/><U105/><E105/><V16/><F122/><W119/><G119/><T4/><D4/><U45/><E45/><V85/><F19/><W30/><G101/><T8/><D8/><U99/><E99/><V5/><F100/><W15/><G29/><T128/><D128/><U103/><E103/><V17/><F131/><W96/><G30/><T20/><D20/><U0/><E0/><V60/><F129/><W13/><G96/><T130/><D130/><U52/><E56/><V23/><F23/><W49/><G64/><T74/><D74/><U109/><E109/><V123/><N who="2" m="21504" /><DORA hai="43" /><V1/><F123/><W98/><G98/><RYUUKYOKU ba="0,1" sc="244,10,373,10,74,-30,299,10" hai0="6,11,14,44,46,47,53,57,62,90,91,113,114" hai1="52,55,68,70" hai3="12,13,15,22,24,31,48,49,51,54,61,88,89" /><INIT seed="3,1,1,0,1,96" ten="254,383,44,309" oya="3" hai0="2,45,0,39,53,10,66,99,123,62,119,94,129" hai1="127,67,115,74,122,42,85,52,15,116,82,131,54" hai2="26,79,7,78,21,65,121,23,59,117,44,6,70" hai3="25,110,29,120,56,83,77,1,19,24,68,57,100"/><W111/><G68/><T90/><D129/><U130/><E115/><V105/><F70/><W109/><G120/><T87/><D119/><U37/><E122/><V102/><F121/><W36/><G36/><T47/><D123/><U32/><E116/><V8/><F117/><W22/><G1/><T98/><D0/><U5/><E32/><V35/><F35/><W3/><G3/><T71/><D53/><U14/><E67/><V63/><F44/><W41/><G41/><T60/><D62/><U107/><E74/><V28/><F105/><W81/><G100/><T11/><D47/><N who="1" m="24015" /><E107/><V69/><F69/><W112/><G112/><T124/><D124/><U64/><E64/><V49/><F49/><W58/><REACH who="3" step="1"/><G77/><REACH who="3" ten="254,383,44,299" step="2"/><T20/><D20/><AGARI ba="1,2" hai="19,20,22,24,25,29,56,57,58,81,83,109,110,111" machi="20" ten="50,12000,1" yaku="1,1,2,1,14,1,10,1,53,0" doraHai="96" doraHaiUra="132" who="3" fromWho="0" sc="254,-123,383,0,44,0,299,143" owari="131,-26.9,383,18.3,44,-45.6,442,54.2" /></mjloggm>