<mjloggm ver="2.3"><GO type="225" lobby="0"/><UN n0="%E3%83%96%E3%83%83%E3%83%91%E3%82%AA%E3%83%96%E3%83%81%E3%82%AD%E3%83%B3" n1="%E4%BF%BA%E3%81%A8%E5%A6%96%E5%A4%A2" n2="%E7%B4%94%E6%BD%94%E3%83%94%E3%83%A9%E3%83%8B%E3%82%A2" n3="%E3%81%BF%E3%81%BF%E3%81%9A" dan="16,16,17,17" rate="2168.33,2154.74,2245.51,2192.12" sx="M,F,M,M"/><TAIKYOKU oya="0"/><INIT seed="0,0,0,3,5,95" ten="250,250,250,250" oya="0" hai0="58,109,11,108,133,85,36,134,83,48,106,21,76" hai1="73,96,18,98,110,3,69,30,81,62,17,72,37" hai2="8,59,31,71,91,126,40,97,93,5,57,135,14" hai3="103,107,129,117,94,19,127,16,6,105,15,4,132"/><T125/><D36/><U49/><E37/><V79/><F71/><W7/><G117/><T80/><D21/><U119/><E119/><V28/><F126/><W45/><G127/><T87/><D125/><U112/><E3/><V55/><F135/><N who="0" m="51722" /><D11/><U54/><E30/><V47/><F79/><W39/><G132/><T33/><D33/><U102/><E110/><N who="0" m="42601" /><D106/><U2/><E2/><V90/><F90/><W1/><G129/><T82/><D76/><U52/><E112/><V27/><F55/><AGARI ba="0,0" hai="48,55,58,80,82,83,85,87" m="42601,51722" machi="55" ten="40,7700,0" yaku="20,1,14,1,10,1" doraHai="95" who="0" fromWho="2" sc="250,77,250,0,250,-77,250,0" /><INIT seed="0,1,0,0,4,62" ten="327,250,173,250" oya="0" hai0="77,119,42,127,108,39,113,31,58,134,126,44,80" hai1="132,74,131,4,9,117,53,73,10,37,135,32,87" hai2="36,111,107,8,20,129,101,14,90,46,38,75,61" hai3="105,88,115,93,100,67,130,29,104,76,70,63,16"/><T72/><D113/><U22/><E32/><V86/><F111/><W57/><G115/><T18/><D119/><U122/><E117/><V82/><F129/><W94/><G130/><T96/><D134/><N who="1" m="51243" /><E131/><V49/><F75/><N who="1" m="28681" /><E122/><V3/><F3/><W47/><G76/><T52/><D31/><U33/><E33/><V99/><F20/><W92/><G29/><T120/><D120/><U109/><E37/><V112/><F61/><W25/><G47/><T66/><D108/><U27/><E109/><V48/><F48/><W0/><G0/><T71/><D18/><N who="1" m="12759" /><E53/><V65/><F112/><W103/><G70/><T11/><D11/><N who="1" m="4107" /><E87/><V5/><REACH who="2" step="1"/><F65/><REACH who="2" ten="327,250,163,250" step="2"/><W79/><G105/><T95/><D66/><U118/><E118/><V98/><F98/><N who="3" m="57607" /><G104/><T23/><D23/><U7/><AGARI ba="1,1" hai="4,7" m="4107,12759,28681,51243" machi="7" ten="40,1500,0" yaku="20,1" doraHai="62" who="1" fromWho="1" sc="327,-8,250,28,163,-5,250,-5" /><INIT seed="1,0,0,5,3,98" ten="319,278,158,245" oya="1" hai0="132,118,135,61,64,97,89,81,72,39,119,41,22" hai1="46,15,111,103,57,9,113,128,32,66,67,20,107" hai2="27,68,114,21,82,134,123,14,70,104,37,91,88" hai3="87,45,115,48,4,76,63,77,85,116,55,69,3"/><U8/><E113/><V26/><F123/><W43/><G115/><T62/><D39/><U74/><E32/><V12/><F114/><W42/><G116/><N who="0" m="44587" /><D41/><N who="3" m="15369" /><G69/><T5/><D5/><U109/><E74/><V96/><F37/><W28/><G3/><T60/><D22/><U49/><E128/><V6/><F134/><N who="0" m="51242" /><D97/><N who="1" m="61935" /><E20/><V7/><F96/><W19/><G4/><T80/><D89/><U38/><E38/><V101/><F82/><N who="0" m="31850" /><D72/><U50/><E8/><V127/><F21/><W56/><G28/><T0/><D0/><U52/><E9/><V73/><F73/><W30/><G30/><T125/><D125/><U59/><E15/><V112/><F112/><W71/><G19/><T93/><D93/><U117/><E117/><V47/><F104/><W90/><G71/><AGARI ba="0,0" hai="60,61,62,64,71" m="31850,51242,44587" machi="71" ten="30,1000,0" yaku="20,1" doraHai="98" who="0" fromWho="3" sc="319,10,278,0,158,0,245,-10" /><INIT seed="2,0,0,2,1,97" ten="329,278,158,235" oya="2" hai0="87,47,58,41,34,125,57,94,37,29,17,109,132" hai1="93,63,46,18,20,99,30,71,96,111,120,91,117" hai2="101,7,2,45,24,15,59,49,14,121,62,74,122" hai3="90,13,16,0,66,52,48,128,84,114,134,42,31"/><V8/><F74/><W133/><G0/><T28/><D109/><U81/><E117/><V23/><F121/><W4/><G128/><T3/><D3/><U98/><E111/><V43/><F122/><W123/><G123/><T69/><D69/><U27/><E120/><V11/><F101/><W21/><G114/><T112/><D112/><U32/><E81/><V77/><F77/><W103/><G4/><T6/><D6/><U82/><E82/><V76/><F76/><W38/><G31/><N who="0" m="11851" /><D37/><U64/><REACH who="1" step="1"/><E46/><REACH who="1" ten="329,268,158,235" step="2"/><V12/><F11/><W108/><G108/><T118/><D47/><U83/><E83/><V35/><F35/><W53/><G134/><T85/><D34/><U5/><E5/><V105/><F105/><W54/><G133/><T10/><D132/><U126/><E126/><V110/><F110/><W22/><G38/><T100/><D125/><U25/><AGARI ba="0,1" hai="18,20,25,27,30,32,63,64,71,91,93,96,98,99" machi="25" ten="20,12000,2" yaku="1,1,0,1,7,1,53,3" doraHai="97" doraHaiUra="92" who="1" fromWho="1" sc="329,-30,268,130,158,-60,235,-30" /><INIT seed="3,0,0,3,4,30" ten="299,398,98,205" oya="3" hai0="133,101,51,74,111,90,18,116,79,113,64,130,131" hai1="9,87,26,36,37,115,20,128,52,2,59,121,77" hai2="49,82,96,132,42,19,127,72,35,122,88,46,15" hai3="100,3,54,104,108,29,80,53,75,60,67,47,38"/><W118/><G118/><T109/><D64/><U119/><E121/><V135/><F122/><W91/><G3/><T61/><D61/><U24/><E115/><V39/><F127/><W6/><G6/><T73/><D51/><U89/><E77/><V114/><F114/><W112/><G112/><T107/><D18/><U17/><E119/><V69/><F69/><W110/><G29/><T63/><D63/><U56/><E56/><V48/><F72/><N who="0" m="27754" /><D113/><U117/><E117/><V32/><F39/><W99/><G38/><T11/><D11/><U103/><E103/><V86/><F96/><W27/><G27/><T55/><D55/><U13/><E26/><V102/><F102/><W50/><G53/><T7/><D7/><U58/><E58/><V8/><F49/><W5/><G5/><T0/><D0/><U12/><E2/><V10/><F10/><W14/><G14/><T68/><D79/><U33/><E33/><V40/><F40/><W31/><G31/><T97/><D68/><U84/><E13/><V95/><F82/><W45/><G45/><T41/><D41/><U94/><E37/><V93/><F95/><W125/><G125/><T21/><D116/><U62/><E36/><V44/><F44/><W22/><G22/><T76/><D133/><U120/><E120/><V134/><AGARI ba="0,0" hai="8,15,19,32,35,42,46,48,86,88,93,132,134,135" machi="134" ten="30,8000,1" yaku="0,1,20,1,52,2,54,1" doraHai="30" who="2" fromWho="2" sc="299,-20,398,-20,98,80,205,-40" owari="279,7.9,378,47.8,178,-22.2,165,-33.5" /></mjloggm>