<mjloggm ver="2.3"><GO type="225" lobby="0"/><UN n0="%E3%81%8A%E3%81%AB%E3%82%83%E3%81%8A%E3%81%A1%E3%82%83" n1="%E3%82%8F%E3%81%8B%E3%81%B0%2A%E3%82%AC%E3%83%BC%E3%83%AB" n2="%E4%BF%BA%E3%81%A8%E5%A6%96%E5%A4%A2" n3="%E9%A6%AC%E5%BC%95%E7%81%AB%33" dan="16,16,16,16" rate="2090.41,2084.24,2214.10,2088.01" sx="M,M,F,M"/><TAIKYOKU oya="0"/><INIT seed="0,0,0,4,1,7" ten="250,250,250,250" oya="0" hai0="33,50,27,6,44,41,90,107,66,35,53,75,42" hai1="9,38,101,17,133,10,56,104,45,21,108,117,74" hai2="122,28,36,77,102,29,67,13,121,70,61,88,23" hai3="46,118,71,49,69,127,37,123,26,91,135,4,39"/><T124/><D75/><U95/><E117/><V1/><F1/><W68/><G118/><T80/><D107/><U43/><E104/><V30/><F36/><W11/><G127/><T120/><D120/><U99/><E108/><V86/><F77/><W92/><G123/><T14/><D124/><U0/><E0/><V22/><F102/><W64/><G135/><T105/><D105/><U8/><E74/><V97/><F97/><W93/><G26/><T125/><D125/><U73/><E73/><V16/><REACH who="2" step="1"/><F23/><REACH who="2" ten="250,250,240,250" step="2"/><W47/><G37/><T126/><D126/><U113/><E133/><V131/><F131/><W58/><G39/><T15/><D33/><U59/><REACH who="1" step="1"/><E113/><REACH who="1" ten="250,240,240,250" step="2"/><V111/><F111/><W40/><G91/><T55/><D90/><U85/><E85/><V112/><F112/><W89/><G89/><T48/><D35/><U72/><E72/><V60/><F60/><W100/><G100/><T103/><D103/><U18/><E18/><V20/><F20/><W25/><G4/><T32/><D6/><U83/><E83/><AGARI ba="0,2" hai="13,16,22,28,29,30,61,67,70,83,86,88,121,122" machi="83" ten="40,5200,0" yaku="1,1,54,2,53,0" doraHai="7" doraHaiUra="132" who="2" fromWho="1" sc="250,0,240,-52,240,72,250,0" /><INIT seed="1,0,0,1,3,123" ten="250,188,312,250" oya="1" hai0="2,24,119,85,103,109,13,27,86,107,4,30,122" hai1="88,54,35,99,101,62,56,95,108,48,40,17,53" hai2="121,28,92,52,19,69,16,126,116,66,65,82,34" hai3="37,117,45,20,49,11,46,31,98,60,44,74,15"/><U7/><E35/><V41/><F121/><W118/><G74/><T129/><D122/><U77/><E7/><V125/><F116/><N who="3" m="44651" /><G37/><T113/><D119/><U90/><E77/><V57/><F41/><N who="3" m="24719" /><G60/><T96/><D2/><U39/><E108/><V33/><F82/><W0/><G0/><T83/><D109/><U71/><E39/><V120/><F120/><W134/><G134/><T131/><D113/><U112/><E112/><V64/><F69/><W58/><G58/><T29/><D4/><U106/><E106/><V84/><F84/><W135/><G135/><T10/><D13/><U36/><E17/><N who="2" m="6731" /><F92/><W12/><G98/><T73/><D10/><U42/><E36/><V68/><F28/><W130/><G130/><N who="0" m="49675" /><D73/><U3/><E3/><V38/><F68/><W111/><G111/><T93/><D107/><U25/><E25/><N who="0" m="9801" /><D85/><U78/><E78/><AGARI ba="0,0" hai="29,30,78,83,86,93,96,103" m="9801,49675" machi="78" ten="30,1000,0" yaku="19,1" doraHai="123" who="0" fromWho="1" sc="250,10,188,-10,312,0,250,0" /><INIT seed="2,0,0,3,2,104" ten="260,178,312,250" oya="2" hai0="40,33,34,100,102,108,103,61,90,36,80,72,7" hai1="125,75,20,101,15,5,2,97,95,21,93,37,78" hai2="0,35,134,8,10,27,91,118,43,86,13,60,19" hai3="98,28,68,64,62,129,110,66,94,130,71,76,96"/><V32/><F118/><W51/><G110/><T17/><D108/><U44/><E125/><V106/><F106/><W65/><G76/><N who="0" m="44039" /><D17/><U67/><E67/><V56/><F43/><W84/><G28/><T85/><D61/><U83/><E93/><V18/><F134/><W26/><G26/><T109/><D109/><U45/><E15/><V16/><F27/><W135/><G135/><T50/><D50/><U115/><E115/><V55/><F0/><W30/><G30/><T133/><D85/><U6/><E6/><V119/><F119/><W92/><G51/><T41/><D90/><U81/><E81/><V114/><F114/><W70/><G84/><T25/><D25/><U47/><REACH who="1" step="1"/><E37/><REACH who="1" ten="260,168,312,250" step="2"/><V69/><F69/><W31/><G94/><T11/><D133/><U89/><E89/><V127/><F127/><W23/><G92/><T82/><D82/><U38/><E38/><V53/><F91/><W107/><G107/><T121/><D121/><U123/><E123/><V99/><F13/><W116/><G116/><T105/><D105/><U73/><E73/><V74/><F74/><W49/><G65/><T42/><D36/><U58/><E58/><V112/><F56/><W59/><G64/><T120/><D120/><U111/><E111/><V132/><F112/><W29/><G71/><T48/><D7/><U126/><E126/><V4/><F4/><W1/><G70/><T12/><D12/><U3/><E3/><V22/><F132/><W113/><G68/><T52/><D103/><U9/><AGARI ba="0,1" hai="2,5,9,20,21,44,45,47,75,78,83,95,97,101" machi="9" ten="30,7900,0" yaku="1,1,0,1,52,1,53,1" doraHai="104" doraHaiUra="77" who="1" fromWho="1" sc="260,-20,168,89,312,-39,250,-20" /><INIT seed="3,0,0,5,3,103" ten="240,257,273,230" oya="3" hai0="36,45,121,55,127,71,25,108,35,3,37,1,62" hai1="67,111,9,109,81,38,51,21,34,131,42,53,10" hai2="106,17,72,28,47,46,16,132,30,52,126,116,135" hai3="89,88,83,129,22,24,119,117,8,15,70,113,124"/><W19/><G113/><T14/><D121/><U2/><E34/><V0/><F116/><W128/><G124/><T84/><D127/><U87/><E131/><N who="3" m="50250" /><G70/><T125/><D108/><N who="1" m="41547" /><E67/><V112/><F112/><W85/><G89/><T50/><D125/><U110/><E2/><V11/><F72/><W57/><G57/><T31/><D14/><U56/><N who="1" m="41555" /><U107/><DORA hai="74" /><E107/><V100/><F106/><W39/><G39/><T41/><D36/><U94/><E94/><V65/><F100/><W5/><AGARI ba="0,0" hai="5,8,15,19,22,24,83,85,88,117,119" m="50250" machi="5" ten="30,3000,0" yaku="19,1,54,1" doraHai="103,74" who="3" fromWho="3" sc="240,-10,257,-10,273,-10,230,30" /><INIT seed="3,1,0,3,5,20" ten="230,247,263,260" oya="3" hai0="31,42,10,111,90,40,56,63,83,121,72,129,47" hai1="102,66,43,85,108,41,39,104,60,28,119,89,94" hai2="3,23,6,135,97,29,69,103,54,95,52,38,82" hai3="70,27,100,113,87,45,24,14,132,4,77,134,33"/><W12/><G113/><T131/><D121/><U124/><E108/><V99/><F38/><W50/><G70/><T1/><D111/><U0/><E0/><V5/><F69/><W96/><G33/><T7/><D31/><U109/><E109/><V34/><F34/><W62/><G62/><T73/><D40/><U37/><E124/><V75/><F3/><W105/><G87/><T80/><D80/><U88/><E119/><V58/><F135/><N who="3" m="51755" /><G77/><T51/><D90/><U48/><E28/><V101/><F54/><N who="3" m="30031" /><G12/><T76/><REACH who="0" step="1"/><D72/><REACH who="0" ten="220,247,263,260" step="2"/><U16/><E41/><V123/><F75/><W17/><G4/><T35/><D35/><U130/><E43/><V78/><F5/><W67/><G67/><AGARI ba="1,1" hai="1,7,10,42,47,51,56,63,67,73,76,83,129,131" machi="67" ten="40,1300,0" yaku="1,1,53,0" doraHai="20" doraHaiUra="26" who="0" fromWho="3" sc="220,26,247,0,263,0,260,-16" /><INIT seed="4,0,0,0,5,70" ten="246,247,263,244" oya="0" hai0="105,102,6,5,95,78,22,112,94,57,77,23,83" hai1="82,119,81,17,54,4,68,118,108,50,121,84,96" hai2="10,44,69,49,89,99,51,75,16,64,122,18,124" hai3="79,27,56,104,35,91,135,97,74,107,87,93,65"/><T19/><D105/><U133/><E108/><V126/><F122/><W43/><G135/><T59/><D102/><U53/><E68/><V46/><F75/><W42/><G107/><T86/><D112/><U25/><E121/><V52/><F64/><W134/><G134/><T130/><D130/><U76/><E133/><V66/><F66/><W131/><G131/><T127/><D127/><N who="2" m="48682" /><F69/><W132/><G132/><T7/><D78/><U80/><E4/><V106/><F10/><W61/><G27/><T114/><D114/><U128/><E128/><V2/><F2/><W33/><G33/><T39/><D39/><U58/><E96/><V15/><F15/><W85/><G85/><T26/><D22/><N who="1" m="13519" /><E119/><V37/><F37/><W24/><G24/><T63/><REACH who="0" step="1"/><D57/><REACH who="0" ten="236,247,263,244" step="2"/><N who="1" m="32951" /><E118/><V129/><F129/><W116/><G116/><T98/><D98/><U11/><E11/><V40/><F89/><W34/><G34/><T21/><D21/><U62/><AGARI ba="0,1" hai="54,58,62,76,80,81,82,84" m="32951,13519" machi="62" ten="30,1100,0" yaku="8,1" doraHai="70" who="1" fromWho="1" sc="236,-5,247,21,263,-3,244,-3" /><INIT seed="5,0,0,4,1,110" ten="231,268,260,241" oya="1" hai0="103,119,44,107,22,51,131,129,23,43,63,102,92" hai1="65,21,41,49,73,84,111,27,61,85,53,11,17" hai2="93,1,106,47,76,2,74,133,116,25,94,72,34" hai3="10,45,19,13,64,8,42,99,88,20,46,52,89"/><U5/><E73/><V123/><F106/><W6/><G64/><T128/><D119/><U105/><E105/><V108/><F116/><W7/><G42/><T48/><D107/><U55/><E41/><V57/><F57/><W130/><G130/><T115/><D115/><U3/><E111/><V113/><F108/><W120/><G120/><T121/><D121/><U40/><E40/><V70/><F70/><W95/><G89/><T134/><D134/><U35/><E35/><V58/><F58/><W97/><G97/><N who="0" m="59687" /><D103/><U59/><REACH who="1" step="1"/><E55/><REACH who="1" ten="231,258,260,241" step="2"/><V118/><F74/><W91/><G91/><T32/><D32/><U69/><AGARI ba="0,1" hai="3,5,11,17,21,27,49,53,59,61,65,69,84,85" machi="69" ten="20,7800,0" yaku="1,1,2,1,0,1,7,1,53,0" doraHai="110" doraHaiUra="122" who="1" fromWho="1" sc="231,-26,258,88,260,-26,241,-26" owari="205,-29.5,346,44.6,234,3.4,215,-18.5" /></mjloggm>