<mjloggm ver="2.3"><GO type="225" lobby="0"/><UN n0="%E3%82%8C%E3%81%99%E3%81%93" n1="%E3%81%A1%E3%82%83%E3%81%93%E3%81%93" n2="%E3%82%B3%E3%83%90%E3%83%AC%E3%82%A4" n3="%33%74%72%65%65" dan="17,16,16,17" rate="2160.76,2156.36,2140.71,2117.93" sx="F,F,M,F"/><TAIKYOKU oya="0"/><INIT seed="0,0,0,3,3,125" ten="250,250,250,250" oya="0" hai0="36,133,22,30,82,98,126,76,45,99,106,79,67" hai1="78,33,93,58,109,29,23,89,77,107,94,110,127" hai2="49,34,52,92,59,128,119,72,131,50,70,105,90" hai3="35,3,11,20,64,40,87,114,55,24,14,47,81"/><T135/><D67/><U25/><E127/><V0/><F105/><W62/><G114/><T134/><D126/><U71/><E107/><V7/><F34/><W41/><G35/><T75/><D106/><U80/><E71/><V38/><F70/><W115/><G3/><T73/><D30/><U16/><E94/><V65/><F65/><W101/><G101/><T120/><D22/><U83/><E58/><V91/><F72/><W74/><G74/><T96/><D120/><U37/><E37/><V104/><F104/><W8/><G115/><T13/><D13/><U15/><E83/><V111/><F38/><W48/><G64/><T130/><D130/><N who="2" m="49706" /><F119/><W118/><G118/><T6/><D6/><U112/><E112/><V4/><F111/><N who="1" m="42505" /><E80/><V27/><F27/><W31/><G62/><T122/><D122/><U88/><E89/><N who="2" m="33803" /><F92/><W117/><G117/><T17/><D79/><U39/><E39/><V21/><F21/><W10/><G14/><T108/><D108/><U56/><E56/><N who="2" m="32783" /><F0/><W5/><G5/><T12/><D75/><U95/><E95/><V102/><F102/><W54/><G81/><T86/><D73/><U66/><E66/><V18/><F18/><W69/><G69/><T63/><D17/><U97/><AGARI ba="0,0" hai="15,16,23,25,29,33,77,78,88,93,97" m="42505" machi="97" ten="30,4000,0" yaku="14,1,54,2" doraHai="125" who="1" fromWho="1" sc="250,-20,250,40,250,-10,250,-10" /><INIT seed="1,0,0,3,0,102" ten="230,290,240,240" oya="1" hai0="104,31,59,65,14,71,12,94,44,8,113,20,36" hai1="32,91,75,62,133,111,83,107,121,117,15,53,89" hai2="135,17,88,5,115,21,74,114,27,54,87,98,103" hai3="68,119,52,85,26,30,0,50,95,101,79,1,77"/><U120/><E32/><V29/><F74/><W57/><G68/><T84/><D113/><N who="2" m="43018" /><F135/><W92/><G119/><T99/><D71/><U48/><E117/><V47/><F5/><W25/><G0/><T96/><D36/><U112/><E112/><V63/><F29/><W122/><G1/><T73/><D73/><U45/><E133/><V80/><F47/><W16/><G122/><T4/><D44/><U76/><E111/><V46/><F46/><W34/><G101/><T42/><D42/><U38/><E38/><V23/><F23/><N who="3" m="15679" /><G85/><T69/><D69/><U51/><E121/><V49/><F49/><W125/><G34/><T78/><D104/><U86/><E48/><V130/><F130/><W127/><G127/><T105/><D105/><U41/><E107/><N who="2" m="63991" /><F63/><W6/><G6/><T126/><D126/><U58/><E120/><V100/><F100/><W64/><G125/><T19/><D31/><U43/><E75/><V97/><F97/><W116/><G116/><T66/><D59/><U35/><E35/><V11/><F11/><W129/><G129/><T13/><D13/><U67/><E15/><V9/><F9/><W128/><G128/><T132/><D132/><U124/><E124/><V7/><F7/><W3/><G3/><T55/><D99/><U24/><E24/><V93/><F80/><W109/><G109/><T108/><D108/><U110/><E110/><V37/><F37/><W61/><G50/><T28/><D28/><U90/><AGARI ba="0,0" hai="41,43,45,51,53,58,62,67,76,83,86,89,90,91" machi="90" ten="30,3000,0" yaku="0,1,8,1" doraHai="102" who="1" fromWho="1" sc="230,-10,290,30,240,-10,240,-10" /><INIT seed="1,1,0,0,3,35" ten="220,320,230,230" oya="1" hai0="54,98,107,38,91,128,42,125,68,44,113,92,86" hai1="27,100,131,75,124,79,80,66,55,43,41,78,104" hai2="56,114,8,19,25,88,49,90,28,45,76,102,77" hai3="30,119,89,20,116,130,118,39,82,127,29,123,37"/><U112/><E112/><V2/><F114/><W81/><G123/><T33/><D113/><U12/><E131/><V22/><F102/><W5/><G130/><T32/><D128/><U83/><E124/><V65/><F56/><W53/><G127/><T23/><D125/><U103/><E66/><V87/><F90/><W106/><G106/><T6/><D68/><U16/><E27/><V62/><F65/><W121/><G121/><T126/><D126/><U135/><E135/><V117/><F62/><W51/><G5/><T74/><D74/><U1/><E1/><V52/><F117/><W71/><G71/><T57/><D6/><U97/><E55/><V73/><F73/><W40/><G40/><T9/><D9/><U59/><E59/><V63/><F63/><W15/><G15/><T132/><D132/><U67/><E67/><V111/><F111/><W101/><G101/><T93/><D23/><U0/><E0/><V3/><F2/><W95/><G81/><T17/><D17/><U4/><E4/><V21/><F8/><W24/><G82/><T18/><D18/><U34/><E34/><V99/><F99/><N who="3" m="57839" /><G30/><T36/><D107/><U50/><E100/><V72/><F3/><W109/><G109/><T108/><D36/><U47/><E43/><V14/><F72/><W129/><G129/><T110/><D110/><U105/><E105/><V84/><F84/><W26/><G26/><T134/><D108/><U48/><E75/><V120/><F120/><W61/><G61/><N who="0" m="36023" /><D134/><U31/><E104/><V70/><F70/><W64/><G64/><T69/><D69/><RYUUKYOKU ba="1,0" sc="220,10,320,-30,230,10,230,10" hai0="32,33,38,42,44,86,91,92,93,98" hai2="14,19,21,22,25,28,45,49,52,76,77,87,88" hai3="20,24,29,37,39,51,53,116,118,119" /><INIT seed="2,2,0,4,2,122" ten="230,290,240,240" oya="2" hai0="39,21,77,36,63,103,74,114,108,130,28,66,120" hai1="10,128,50,0,94,64,117,76,97,16,40,45,37" hai2="65,41,124,88,24,55,56,61,110,27,70,101,30" hai3="107,9,96,92,1,132,58,32,95,33,38,42,131"/><V98/><F27/><W23/><G131/><T89/><D120/><U14/><E117/><V80/><F124/><W111/><G111/><T11/><D114/><U127/><E127/><V105/><F41/><W84/><G132/><T8/><D130/><U59/><E128/><V129/><F129/><W15/><G107/><T134/><D134/><U75/><E0/><V62/><F80/><W119/><G119/><T83/><D103/><U43/><E75/><V125/><F125/><W46/><G1/><T35/><D35/><U12/><E76/><V116/><F116/><W93/><G23/><T72/><D72/><U78/><E78/><V135/><F135/><W112/><G112/><T53/><D108/><U90/><E37/><V102/><F110/><W49/><G84/><T109/><D109/><U3/><E3/><V82/><F82/><W115/><G96/><T17/><D28/><U118/><E118/><V29/><F29/><W106/><G106/><T123/><D123/><U52/><E14/><V113/><F113/><W57/><G115/><T18/><D53/><U81/><E81/><V69/><F102/><W87/><G87/><T79/><D79/><U2/><E2/><V13/><F13/><W31/><G38/><N who="0" m="14379" /><D89/><U34/><E34/><N who="3" m="13418" /><G31/><T126/><D126/><U54/><E64/><V5/><F5/><W86/><G86/><T26/><D18/><U7/><E7/><V51/><F88/><W68/><G68/><N who="2" m="26217" /><F65/><W6/><G6/><T71/><D74/><U22/><E10/><N who="0" m="3625" /><D77/><U91/><E90/><V47/><F47/><W19/><G19/><T20/><D83/><RYUUKYOKU ba="2,0" sc="230,0,290,0,240,0,240,0" hai0="17,20,21,26,63,66,71" hai1="12,16,22,40,43,45,50,52,54,59,91,94,97" hai2="24,30,51,55,56,61,62,98,101,105" hai3="9,15,42,46,49,57,58,92,93,95" /><INIT seed="2,3,0,3,1,81" ten="230,290,240,240" oya="2" hai0="9,78,46,4,124,115,101,38,96,103,21,72,76" hai1="82,71,67,57,122,79,7,22,129,17,97,40,0" hai2="51,120,53,28,19,27,64,1,25,77,48,102,99" hai3="3,131,86,37,134,112,54,91,113,5,29,52,105"/><V133/><F1/><W92/><G131/><T59/><D115/><N who="3" m="44105" /><G134/><T69/><D69/><U88/><E122/><V32/><F133/><W13/><G105/><T87/><D124/><U89/><E129/><V63/><F120/><W114/><N who="3" m="44113" /><W123/><DORA hai="94" /><G123/><T104/><D72/><U34/><E34/><V14/><F77/><W42/><G3/><T39/><D101/><U66/><E71/><V74/><F74/><W58/><G29/><T31/><D59/><U61/><E66/><V62/><F25/><W98/><G58/><T26/><D46/><U36/><E7/><V10/><F62/><W111/><G111/><T126/><D126/><U95/><E0/><V24/><F24/><W60/><G60/><T56/><D56/><U130/><E130/><V84/><F53/><N who="3" m="20587" /><G42/><T8/><D8/><U107/><E107/><V55/><F55/><W43/><G43/><T80/><REACH who="0" step="1"/><D78/><REACH who="0" ten="220,290,240,240" step="2"/><U128/><E128/><V20/><F10/><N who="3" m="4303" /><G37/><T90/><D90/><N who="1" m="55543" /><E36/><V125/><F125/><W93/><G93/><T45/><D45/><U121/><E121/><V135/><F135/><W2/><G2/><AGARI ba="3,1" hai="2,4,9,21,26,31,38,39,76,80,87,96,103,104" machi="2" ten="30,12000,2" yaku="1,1,7,1,52,2,53,2" doraHai="81,94" doraHaiUra="100,33" who="0" fromWho="3" sc="220,139,290,0,240,0,240,-129" /><INIT seed="3,0,0,4,1,94" ten="359,290,240,111" oya="3" hai0="111,95,68,1,79,55,21,91,49,81,126,90,10" hai1="27,97,109,70,44,85,37,130,61,65,31,41,42" hai2="82,131,118,7,73,16,101,128,134,66,87,48,52" hai3="88,53,93,22,6,92,67,110,24,40,18,64,29"/><W121/><G121/><T60/><D111/><U69/><E85/><V63/><F118/><W86/><G110/><T107/><D107/><U17/><E109/><V25/><F7/><W122/><G122/><T117/><D117/><U19/><E69/><V12/><F73/><W115/><G115/><T4/><D126/><U72/><E72/><V11/><F134/><W0/><G40/><T76/><D81/><U26/><E130/><V123/><F25/><W106/><G106/><T36/><D36/><U80/><E80/><V43/><F43/><W58/><G0/><T102/><D102/><U39/><E27/><V32/><F32/><W104/><G104/><T47/><D91/><U108/><E108/><V59/><F101/><W119/><G119/><T14/><D1/><U28/><E28/><V105/><F105/><W75/><G75/><T3/><D3/><U35/><E97/><V135/><F135/><W99/><G6/><T74/><D21/><U112/><E112/><V34/><F34/><W98/><G29/><T83/><D79/><U8/><E8/><V84/><F123/><W2/><G2/><T113/><D113/><U9/><E9/><V38/><F38/><W125/><G125/><T20/><D20/><U132/><E132/><V62/><F62/><N who="3" m="36175" /><G86/><N who="0" m="52695" /><D68/><U46/><AGARI ba="0,0" hai="17,19,26,31,35,37,39,41,42,44,46,61,65,70" machi="46" ten="30,2000,0" yaku="0,1,9,1" doraHai="94" who="1" fromWho="1" sc="359,-5,290,20,240,-5,111,-10" owari="354,45.4,310,11.0,235,-16.5,101,-39.9" /></mjloggm>