<mjloggm ver="2.3"><GO type="225" lobby="0"/><UN n0="%E5%91%A8%E6%9D%B1" n1="%E3%80%90%E8%92%BC%E7%90%89%E3%80%91" n2="%E5%A4%8F%E9%88%B4%E9%88%B4%E5%A4%8F" n3="%E3%83%A9%E3%82%B9%E7%8E%87%EF%BC%93%E5%89%B2" dan="17,16,16,16" rate="2198.57,2154.14,2119.17,2187.56" sx="M,F,F,F"/><TAIKYOKU oya="0"/><INIT seed="0,0,0,0,1,6" ten="250,250,250,250" oya="0" hai0="19,26,89,60,127,64,130,34,85,1,42,116,8" hai1="109,124,65,36,15,83,59,52,69,24,87,68,135" hai2="88,84,80,54,96,134,98,97,125,61,115,23,4" hai3="17,91,12,101,40,11,2,39,95,10,72,94,28"/><T105/><D116/><U20/><E36/><V14/><F115/><W38/><G72/><T49/><D127/><U90/><E124/><V132/><F125/><W70/><G70/><T81/><D105/><U57/><E109/><V35/><F35/><W58/><G28/><T46/><D130/><U74/><E135/><N who="2" m="51755" /><F23/><W78/><G78/><T102/><D102/><U41/><E41/><V3/><F14/><N who="3" m="7383" /><G39/><T128/><D128/><U71/><E74/><V16/><F16/><N who="3" m="8223" /><G38/><T56/><D34/><U106/><E106/><V62/><F54/><W104/><G104/><T21/><D1/><U9/><E65/><V79/><F79/><W103/><G2/><T107/><D107/><U33/><E33/><V93/><F4/><W51/><G95/><T133/><D133/><U123/><E123/><V18/><F3/><W100/><G58/><T99/><D8/><U44/><E20/><V113/><F18/><W122/><G122/><T29/><D29/><U129/><E24/><V108/><F113/><W112/><G112/><T73/><D73/><U22/><E22/><V110/><F93/><W121/><G121/><T5/><D5/><U82/><E129/><V131/><F131/><W13/><G13/><T63/><D19/><N who="1" m="8687" /><E82/><V77/><F77/><W47/><G103/><T43/><D56/><U92/><E92/><V7/><F7/><W86/><AGARI ba="0,0" hai="40,47,51,86,91,94,100,101" m="8223,7383" machi="86" ten="30,7900,0" yaku="8,1,52,2,54,1" doraHai="6" who="3" fromWho="3" sc="250,-39,250,-20,250,-20,250,79" /><INIT seed="1,0,0,4,1,1" ten="211,230,230,329" oya="1" hai0="7,106,128,35,18,101,129,121,73,32,77,49,51" hai1="68,69,5,113,48,8,11,74,0,75,85,15,38" hai2="92,20,107,54,9,90,63,64,28,84,114,89,105" hai3="95,46,98,133,83,108,39,41,124,61,33,91,31"/><U42/><E113/><V76/><F114/><W12/><G108/><T127/><D127/><U4/><E38/><V135/><F135/><W123/><G133/><T110/><D110/><U17/><E85/><V10/><F76/><W109/><G124/><T14/><D121/><U37/><E37/><V6/><F54/><W62/><G123/><T40/><D101/><U88/><E88/><V134/><F90/><W52/><G31/><T112/><D106/><U43/><E17/><V13/><F10/><W96/><G33/><N who="0" m="12875" /><D40/><U97/><E97/><V65/><F65/><W103/><G109/><T36/><D36/><U16/><E16/><V94/><F94/><W130/><G83/><N who="0" m="45487" /><D7/><U59/><E59/><V56/><REACH who="2" step="1"/><F134/><REACH who="2" ten="211,230,220,329" step="2"/><W29/><G95/><T22/><D112/><U2/><E48/><V55/><F55/><W58/><G91/><T131/><AGARI ba="0,1" hai="14,18,22,49,51,128,129,131" m="45487,12875" machi="131" ten="40,1500,0" yaku="19,1" doraHai="1" who="0" fromWho="0" sc="211,25,230,-7,220,-4,329,-4" /><INIT seed="2,0,0,4,4,125" ten="236,223,216,325" oya="2" hai0="107,0,98,113,9,42,87,91,78,54,135,124,40" hai1="89,96,49,70,77,134,81,31,73,71,94,128,74" hai2="15,2,17,79,123,62,69,33,88,122,129,85,43" hai3="131,45,14,103,18,26,112,3,127,76,101,39,80"/><V86/><F2/><W97/><G127/><T126/><D113/><U105/><E73/><V56/><F33/><W130/><G3/><T19/><D135/><U132/><E31/><V24/><F129/><N who="3" m="49163" /><G112/><T111/><D111/><U27/><E27/><V106/><F106/><W12/><G26/><T58/><D78/><U47/><E105/><V16/><F69/><W48/><G39/><T11/><D0/><U13/><E128/><V20/><F43/><N who="3" m="24639" /><G18/><T118/><D19/><U44/><E13/><N who="3" m="5226" /><G97/><T35/><D98/><U115/><E115/><V52/><F79/><W10/><G10/><T110/><D11/><U22/><E22/><V117/><F117/><W114/><G114/><T8/><D9/><U53/><E134/><V29/><F86/><AGARI ba="0,0" hai="76,80,86,101,103" m="5226,24639,49163" machi="86" ten="30,7700,0" yaku="19,1,52,3" doraHai="125" who="3" fromWho="2" sc="236,0,223,0,216,-77,325,77" /><INIT seed="3,0,0,1,3,50" ten="236,223,139,402" oya="3" hai0="42,16,90,71,11,48,115,21,23,77,61,85,109" hai1="88,72,24,106,114,44,105,120,64,30,52,53,97" hai2="134,130,122,4,12,117,10,92,129,119,66,108,116" hai3="65,27,20,126,94,103,121,31,13,15,22,60,18"/><W47/><G121/><T79/><D109/><U41/><E114/><V19/><F92/><W68/><G126/><T82/><D115/><U84/><E72/><V80/><F66/><W56/><G68/><T127/><D127/><U39/><E64/><V54/><F80/><W70/><G70/><T112/><D112/><U118/><E120/><V32/><F54/><W78/><G47/><N who="0" m="25719" /><D71/><U95/><E118/><N who="2" m="30211" /><V131/><DORA hai="69" /><F122/><W67/><G78/><N who="0" m="29707" /><D61/><U124/><E124/><V59/><F59/><W99/><G67/><T135/><D135/><U3/><E3/><N who="2" m="287" /><F32/><W9/><G15/><AGARI ba="0,0" hai="11,15,16,21,23,82,85,90" m="29707,25719" machi="15" ten="30,2000,0" yaku="8,1,54,1" doraHai="50,69" who="0" fromWho="3" sc="236,20,223,0,139,0,402,-20" owari="256,5.6,223,-17.7,139,-36.1,382,48.2" /></mjloggm>