<mjloggm ver="2.3"><GO type="225" lobby="0"/><UN n0="%E3%83%96%E3%83%83%E3%83%91%E3%82%AA%E3%83%96%E3%83%81%E3%82%AD%E3%83%B3" n1="%E7%99%BD%E5%80%89%E5%AF%9B%E4%B9%8B" n2="%E9%B3%B3%E6%9D%B1%E3%81%AE%E3%81%BF%E3%81%91%E3%81%AB%E3%82%83%E3%82%93" n3="%E3%83%B4%E3%83%A0%EF%BC%99%E3%81%A6" dan="16,16,16,16" rate="2083.80,2112.37,2121.08,2164.94" sx="M,M,F,M"/><TAIKYOKU oya="0"/><INIT seed="0,0,0,0,1,95" ten="250,250,250,250" oya="0" hai0="81,34,91,65,122,27,97,21,66,118,40,98,114" hai1="39,117,52,111,50,112,75,77,0,109,51,64,128" hai2="89,42,69,46,90,99,7,120,35,19,59,102,82" hai3="130,29,9,124,131,83,60,24,121,55,58,86,106"/><T49/><D114/><U94/><E0/><V62/><F120/><W110/><G121/><T115/><D118/><U8/><E39/><V135/><F69/><W108/><G9/><T100/><D34/><U76/><E117/><V96/><F35/><N who="3" m="20903" /><G106/><T25/><D115/><U16/><E112/><V113/><F113/><W71/><G71/><T132/><D132/><U18/><E128/><N who="3" m="49194" /><G124/><T80/><D122/><U134/><E134/><V92/><F7/><W53/><G53/><T37/><D37/><U68/><E94/><N who="2" m="58647" /><F19/><N who="1" m="7209" /><E50/><N who="2" m="26967" /><F135/><W33/><G33/><T47/><D27/><U123/><E8/><V63/><F59/><W13/><G13/><T73/><D73/><U56/><E75/><V87/><AGARI ba="0,0" hai="62,63,82,87,89,90,92,99" m="26967,58647" machi="87" ten="30,4000,0" yaku="8,1,52,2" doraHai="95" who="2" fromWho="2" sc="250,-20,250,-10,250,40,250,-10" /><INIT seed="1,0,0,4,2,77" ten="230,240,290,240" oya="1" hai0="84,49,133,48,83,119,52,126,59,70,111,124,115" hai1="33,30,62,125,41,0,42,81,98,113,82,55,101" hai2="71,61,97,130,6,135,122,16,11,15,7,38,90" hai3="75,72,27,47,67,3,5,86,132,73,12,94,13"/><U131/><E0/><V25/><F122/><W68/><G132/><T114/><D119/><U58/><E113/><V18/><F38/><W65/><G3/><T46/><D70/><U120/><E120/><V121/><F121/><W60/><G65/><T103/><D103/><U26/><E125/><N who="0" m="48233" /><D111/><U85/><E131/><V117/><F117/><W39/><G5/><N who="2" m="1545" /><F71/><W10/><G10/><T107/><D107/><U96/><E96/><V24/><F61/><W44/><G27/><N who="2" m="10313" /><F130/><W105/><G105/><T87/><D133/><U102/><E102/><V31/><F135/><W89/><G39/><T95/><D95/><U19/><E19/><N who="2" m="8703" /><F31/><W22/><G68/><T20/><D20/><U40/><REACH who="1" step="1"/><E85/><REACH who="1" ten="230,230,290,240" step="2"/><V14/><F97/><W78/><G86/><T64/><D87/><U91/><E91/><V69/><F90/><W93/><G89/><N who="0" m="51359" /><D64/><U92/><AGARI ba="0,1" hai="26,30,33,40,41,42,55,58,62,81,82,92,98,101" machi="92" ten="30,12000,1" yaku="1,1,0,1,52,2,53,1" doraHai="77" doraHaiUra="56" who="1" fromWho="1" sc="230,-40,230,130,290,-40,240,-40" /><INIT seed="1,1,0,5,2,45" ten="190,360,250,200" oya="1" hai0="28,115,114,116,40,70,48,71,100,77,73,82,72" hai1="2,42,58,107,79,67,44,130,61,88,21,31,93" hai2="56,92,5,109,96,14,17,118,97,43,119,24,66" hai3="41,104,85,33,132,99,128,0,83,103,53,87,68"/><U120/><E2/><V134/><F109/><W23/><G0/><T102/><D116/><U108/><E107/><V131/><F131/><W125/><G33/><T15/><D28/><U46/><E120/><V101/><F134/><W18/><G128/><T63/><D15/><U22/><E130/><V1/><F43/><W16/><G132/><T7/><D7/><U124/><E108/><V64/><F24/><W65/><G125/><T12/><D12/><U47/><E124/><V51/><F1/><W91/><G41/><T36/><D40/><U123/><E123/><V75/><F75/><W106/><G106/><T89/><D89/><U13/><E79/><V78/><F78/><W52/><G85/><T135/><D77/><U19/><E31/><V60/><F5/><W6/><G6/><T127/><D127/><U94/><E94/><V49/><F97/><W30/><G30/><T121/><D135/><U9/><REACH who="1" step="1"/><E42/><REACH who="1" ten="190,350,250,200" step="2"/><V38/><F119/><W27/><G104/><T55/><D121/><U126/><E126/><V74/><F118/><W84/><G83/><T129/><D82/><U57/><E57/><N who="2" m="36879" /><F74/><W3/><G3/><T133/><D129/><U39/><E39/><V80/><F38/><W29/><G29/><T10/><D133/><U54/><E54/><V86/><F56/><W32/><G53/><T69/><D55/><U4/><E4/><V110/><F110/><W105/><G105/><T35/><D36/><U122/><E122/><V11/><F66/><W117/><G65/><T8/><D71/><U37/><E37/><V112/><F112/><W20/><G117/><RYUUKYOKU ba="1,1" sc="190,-15,350,15,250,15,200,-15" hai1="9,13,19,21,22,44,46,47,58,61,67,88,93" hai2="11,14,17,49,51,80,86,92,96,101" /><INIT seed="1,2,1,1,0,14" ten="175,365,265,185" oya="1" hai0="48,49,64,56,109,57,50,41,42,24,102,130,93" hai1="13,39,8,100,7,117,92,28,55,116,69,114,74" hai2="30,123,97,23,113,85,90,107,122,125,32,44,66" hai3="33,73,40,79,101,78,60,43,4,84,25,132,46"/><U19/><E74/><V62/><F32/><W16/><G73/><T63/><D109/><U38/><E69/><V133/><F44/><W135/><G4/><T45/><D130/><U112/><E55/><V47/><F47/><W65/><G101/><T94/><D24/><U87/><E100/><V5/><F5/><W134/><G33/><T76/><D76/><N who="3" m="29225" /><G84/><T99/><D41/><U37/><E28/><V86/><F86/><W31/><G31/><T105/><D57/><U70/><E70/><V126/><F97/><W103/><G103/><T3/><REACH who="0" step="1"/><D3/><REACH who="0" ten="165,365,265,185" step="2"/><U27/><E27/><V53/><F30/><W52/><G46/><T111/><D111/><U89/><REACH who="1" step="1"/><E7/><REACH who="1" ten="165,355,265,185" step="2"/><V110/><F110/><W129/><G129/><T131/><D131/><U22/><E22/><V58/><F23/><N who="3" m="13543" /><G52/><T1/><D1/><U51/><E51/><AGARI ba="2,3" hai="42,45,48,49,50,51,56,63,64,93,94,99,102,105" machi="51" ten="40,1300,0" yaku="1,1,53,0" doraHai="14" doraHaiUra="108" who="0" fromWho="1" sc="165,49,355,-19,265,0,185,0" /><INIT seed="2,0,0,0,2,118" ten="214,336,265,185" oya="2" hai0="56,120,81,86,89,61,87,121,79,21,74,10,93" hai1="49,31,42,94,104,67,25,27,35,14,76,13,115" hai2="124,134,33,95,96,122,34,64,131,129,62,15,39" hai3="75,117,0,71,16,44,73,43,18,110,107,78,130"/><V37/><F15/><W128/><G117/><T26/><D10/><U83/><E104/><V28/><F134/><W111/><G107/><T29/><REACH who="0" step="1"/><D87/><REACH who="0" ten="204,336,265,185" step="2"/><N who="1" m="48615" /><E115/><V5/><F5/><W3/><G71/><T101/><D101/><U32/><E32/><V6/><F6/><W105/><G105/><T24/><D24/><U46/><E35/><V102/><F34/><W133/><G133/><T126/><D126/><U69/><E27/><N who="2" m="18591" /><F124/><W40/><REACH who="3" step="1"/><G78/><REACH who="3" ten="204,336,265,175" step="2"/><T11/><D11/><U63/><E69/><N who="2" m="42135" /><F131/><W58/><G58/><T109/><D109/><U99/><E31/><V51/><F129/><W12/><G12/><T17/><D17/><U65/><E13/><V123/><F123/><W103/><G103/><T52/><AGARI ba="0,2" hai="21,26,29,52,56,61,74,79,81,86,89,93,120,121" machi="52" ten="20,12000,2" yaku="1,1,0,1,7,1,52,2,54,1,53,0" doraHai="118" doraHaiUra="68" who="0" fromWho="0" sc="204,140,336,-30,265,-60,175,-30" /><INIT seed="3,0,0,4,0,119" ten="344,306,205,145" oya="3" hai0="48,0,44,104,37,85,42,66,112,131,100,83,122" hai1="108,89,93,90,38,45,21,130,55,2,78,121,115" hai2="134,33,61,7,34,72,51,20,57,126,70,46,71" hai3="132,94,12,117,3,53,25,105,19,79,10,95,118"/><W50/><G105/><T35/><D122/><U87/><E2/><V69/><F20/><W113/><G113/><T11/><D35/><U26/><E115/><V128/><F7/><W92/><G132/><T27/><D112/><U109/><E130/><V16/><F16/><W84/><G3/><T103/><D131/><U41/><E78/><V13/><F13/><W28/><G79/><T29/><D104/><U127/><E127/><V1/><F72/><W75/><G75/><T54/><D66/><U116/><E116/><V106/><F1/><W5/><G5/><T60/><D60/><U77/><E77/><V40/><F106/><W32/><REACH who="3" step="1"/><G84/><REACH who="3" ten="344,306,205,135" step="2"/><T24/><D0/><U102/><E87/><V80/><F128/><W49/><G49/><T31/><D48/><U86/><E86/><V114/><F114/><W125/><G125/><T129/><D85/><U120/><E38/><V135/><F126/><W65/><G65/><T43/><D37/><U98/><E120/><V81/><F81/><W39/><G39/><T4/><D83/><U22/><E121/><V101/><F80/><W14/><G14/><T76/><D4/><U107/><E107/><V56/><F135/><W133/><G133/><T67/><D76/><U18/><E93/><V123/><F134/><W111/><G111/><T36/><D67/><U58/><E109/><V59/><F123/><W15/><G15/><T62/><D36/><U6/><E108/><V52/><F101/><W64/><G64/><T23/><D103/><U97/><E102/><V8/><F8/><W74/><G74/><T73/><D73/><RYUUKYOKU ba="0,1" sc="344,-15,306,-15,205,15,135,15" hai2="33,34,40,46,51,52,56,57,59,61,69,70,71" hai3="10,12,19,25,28,32,50,53,92,94,95,117,118" /><INIT seed="3,1,1,4,4,104" ten="329,291,220,150" oya="3" hai0="50,42,133,126,90,29,73,119,109,95,21,125,102" hai1="19,128,63,135,132,23,112,55,31,33,89,71,9" hai2="68,41,53,72,30,122,0,59,7,127,106,45,12" hai3="47,36,56,105,43,124,69,100,114,77,121,2,81"/><W115/><G121/><T113/><D119/><U32/><E89/><V66/><F106/><W87/><G124/><N who="0" m="47723" /><D109/><U38/><E38/><N who="2" m="21687" /><F12/><W57/><G69/><T64/><D133/><N who="1" m="51275" /><E55/><V85/><F85/><W101/><G2/><T97/><D113/><U82/><E82/><V80/><F30/><W79/><G79/><T20/><D64/><U88/><E88/><V8/><F127/><W48/><G36/><T61/><D61/><U131/><E63/><N who="2" m="40031" /><F59/><W123/><G123/><T22/><D90/><U35/><E71/><V11/><F11/><W17/><G17/><T10/><D10/><U58/><E58/><V28/><F28/><W60/><G57/><T93/><D93/><U94/><E94/><V14/><F14/><W65/><REACH who="3" step="1"/><G105/><REACH who="3" ten="329,291,220,140" step="2"/><T4/><D29/><U116/><E31/><V54/><F122/><W91/><G91/><T49/><D4/><U5/><E112/><AGARI ba="1,2" hai="43,47,48,56,60,65,77,81,87,100,101,112,114,115" machi="112" ten="40,2000,0" yaku="1,1,53,0" doraHai="104" doraHaiUra="107" who="3" fromWho="1" sc="329,0,291,-23,220,0,140,43" /><INIT seed="3,2,0,5,4,110" ten="329,268,220,183" oya="3" hai0="126,42,93,40,51,33,77,108,22,44,95,117,65" hai1="47,17,11,5,135,60,101,115,91,105,102,92,45" hai2="121,66,26,124,6,85,83,90,54,0,84,88,9" hai3="23,113,4,1,86,12,29,15,39,106,74,18,56"/><W81/><G106/><T10/><D33/><U132/><E17/><V118/><F118/><W2/><G74/><T68/><D108/><U112/><E60/><V41/><F124/><W35/><G39/><T125/><D117/><U79/><E47/><V94/><F121/><W82/><G82/><T103/><D77/><U128/><E45/><V119/><F119/><W24/><G56/><T62/><D42/><U53/><E53/><V64/><F41/><W98/><G98/><T114/><D114/><N who="1" m="43563" /><E105/><V122/><F122/><W28/><G113/><T31/><D10/><U127/><E79/><V27/><REACH who="2" step="1"/><F54/><REACH who="2" ten="329,268,210,183" step="2"/><W49/><G49/><T131/><D51/><U89/><E127/><V129/><F129/><W99/><G99/><T36/><D40/><U52/><E52/><V30/><F30/><W67/><G28/><T57/><D31/><U133/><E128/><V87/><F87/><W3/><G67/><AGARI ba="2,1" hai="0,6,9,26,27,64,66,67,83,84,85,88,90,94" machi="67" ten="40,2600,0" yaku="1,1,54,1,53,0" doraHai="110" doraHaiUra="55" who="2" fromWho="3" sc="329,0,268,0,210,42,183,-32" owari="329,42.9,268,6.8,252,-14.8,151,-34.9" /></mjloggm>