<mjloggm ver="2.3"><GO type="225" lobby="0"/><UN n0="%E7%99%BD%E5%80%89%E5%AF%9B%E4%B9%8B" n1="%6D%61%74%69%67%75%73%61" n2="%72%61%6B%33" n3="%E3%81%B2%E3%81%AA%E3%81%AE%E3%82%8A%E3%81%8F" dan="16,17,16,16" rate="2136.93,2134.26,2120.72,2103.33" sx="M,M,M,M"/><TAIKYOKU oya="0"/><INIT seed="0,0,0,4,3,45" ten="250,250,250,250" oya="0" hai0="102,124,77,122,5,26,96,17,56,128,108,14,117" hai1="49,81,92,70,51,47,22,132,126,19,90,6,33" hai2="97,89,91,2,80,18,36,110,103,74,7,25,57" hai3="123,95,71,12,41,48,43,28,69,107,10,63,73"/><T83/><D122/><U119/><E33/><V39/><F110/><W116/><G107/><T65/><D117/><U72/><E70/><V67/><F2/><W131/><G116/><T120/><D120/><U115/><E119/><V32/><F7/><W24/><G73/><T13/><D108/><U100/><E132/><V104/><F91/><W86/><G131/><T21/><D128/><U15/><E126/><V3/><F3/><W121/><G121/><T29/><D124/><U113/><E6/><V130/><F130/><W64/><G71/><T79/><D5/><U40/><E100/><V30/><F18/><W135/><G135/><T0/><D0/><U118/><E118/><V112/><F112/><N who="1" m="43081" /><E81/><V54/><F67/><W127/><G127/><T34/><D14/><U27/><E72/><V44/><F44/><W66/><G66/><T37/><D37/><N who="1" m="21903" /><E15/><V35/><F35/><W53/><G123/><T38/><D38/><U85/><AGARI ba="0,0" hai="19,22,27,49,51,85,90,92" m="21903,43081" machi="85" ten="30,4000,0" yaku="11,1,52,2" doraHai="45" who="1" fromWho="1" sc="250,-20,250,40,250,-10,250,-10" /><INIT seed="1,0,0,4,0,57" ten="230,290,240,240" oya="1" hai0="70,22,113,118,53,37,87,135,16,100,108,81,10" hai1="91,15,29,49,59,68,97,27,85,19,99,38,117" hai2="66,98,78,60,17,56,130,39,26,94,83,93,41" hai3="43,25,31,54,28,0,18,88,48,133,111,8,125"/><U131/><E38/><V90/><F130/><W51/><G111/><T80/><D37/><U74/><E74/><V105/><F105/><W121/><G121/><T114/><D70/><U47/><E68/><V12/><F26/><W123/><G123/><T129/><D118/><U110/><E117/><V13/><F94/><W2/><G125/><T7/><D108/><U71/><E71/><V44/><REACH who="2" step="1"/><F17/><REACH who="2" ten="230,290,230,240" step="2"/><W134/><G18/><T103/><D129/><U34/><E131/><V101/><F101/><W33/><G25/><T122/><D103/><U61/><E27/><V55/><F55/><W58/><G54/><T77/><D100/><U84/><E110/><V5/><F5/><W86/><G133/><T104/><D104/><U124/><E19/><V96/><F96/><W102/><G102/><T119/><D135/><U109/><E99/><V92/><F92/><W23/><G134/><T79/><D119/><U4/><E97/><V120/><F120/><W107/><G107/><T40/><D53/><U128/><E109/><V9/><F9/><W72/><G8/><T82/><D122/><U115/><E128/><V126/><F126/><W32/><G33/><T21/><D16/><U73/><E34/><V64/><F64/><W69/><G32/><T6/><D10/><U112/><E124/><V1/><F1/><W132/><G2/><T75/><D81/><U52/><E4/><V89/><F89/><W3/><G3/><T67/><D67/><U36/><E91/><V106/><F106/><W127/><G88/><T42/><D75/><AGARI ba="0,1" hai="12,13,39,41,44,56,60,66,75,78,83,90,93,98" machi="75" ten="30,7700,0" yaku="1,1,7,1,52,1,53,1" doraHai="57" doraHaiUra="95" who="2" fromWho="0" sc="230,-77,290,0,230,87,240,0" /><INIT seed="2,0,0,2,2,114" ten="153,290,317,240" oya="2" hai0="131,125,10,17,27,64,65,103,54,57,50,7,36" hai1="43,82,111,87,3,1,68,61,96,80,92,110,115" hai2="22,109,121,44,70,94,56,104,21,124,37,128,75" hai3="55,24,97,28,118,42,35,71,47,9,25,15,41"/><V88/><F121/><W58/><G71/><T95/><D36/><U34/><E34/><V91/><F70/><W63/><G118/><T18/><D125/><U132/><E115/><V123/><F123/><W74/><G74/><T40/><D40/><U120/><E132/><V13/><F104/><W45/><G25/><T112/><D112/><U79/><E43/><V33/><F33/><W83/><G83/><T2/><D131/><U60/><E80/><V127/><F75/><W134/><G134/><T100/><D27/><U26/><E120/><V113/><F113/><W108/><G108/><N who="1" m="41514" /><E26/><V107/><F107/><W130/><G130/><T106/><D106/><U126/><E126/><V66/><F109/><W8/><G97/><T84/><D103/><N who="1" m="60807" /><E68/><V51/><F128/><W23/><G35/><T98/><REACH who="0" step="1"/><D84/><REACH who="0" ten="143,290,317,240" step="2"/><U105/><E105/><V90/><F37/><W119/><G42/><T32/><D32/><U73/><E87/><V78/><F127/><W85/><G41/><T99/><D99/><U0/><AGARI ba="0,1" hai="0,1,3,60,61,73,79,82" m="60807,41514" machi="0" ten="40,1500,0" yaku="14,1" doraHai="114" who="1" fromWho="1" sc="143,-4,290,25,317,-7,240,-4" /><INIT seed="3,0,0,1,3,63" ten="139,315,310,236" oya="3" hai0="71,80,131,92,23,134,15,112,94,86,103,123,79" hai1="77,10,12,1,135,55,93,88,4,13,35,73,52" hai2="32,107,108,76,21,104,70,87,46,41,20,109,56" hai3="39,7,120,44,25,36,133,83,128,114,89,90,2"/><W119/><G114/><T59/><D71/><U60/><E35/><V105/><F32/><W17/><G2/><T129/><D15/><U57/><E135/><V48/><F70/><W34/><G34/><T68/><D68/><U72/><E55/><N who="2" m="31847" /><F76/><W91/><G120/><T127/><D23/><U130/><E130/><V8/><F87/><W111/><G128/><N who="0" m="49227" /><D59/><U115/><E115/><V121/><F8/><W33/><G33/><T75/><D112/><U16/><E77/><V61/><F61/><W65/><G7/><T85/><D123/><U49/><E60/><V96/><F96/><W18/><G44/><T40/><D40/><U45/><E45/><V29/><F29/><W24/><G133/><T11/><D11/><U69/><E69/><V38/><F121/><W66/><G119/><T82/><D134/><U122/><E122/><V22/><F46/><W84/><G39/><T124/><D75/><U101/><E1/><V102/><F102/><W14/><G36/><T26/><D26/><N who="3" m="10345" /><G18/><T54/><D54/><U64/><E101/><V74/><F74/><W28/><G28/><T5/><D5/><U118/><E73/><V51/><F51/><W62/><G62/><T98/><D94/><U126/><E72/><V78/><F78/><N who="3" m="46199" /><G17/><T27/><D27/><U113/><E113/><V6/><F6/><W19/><G19/><T9/><D9/><U99/><E4/><V30/><F30/><W67/><G14/><T43/><D43/><U95/><E12/><V0/><F0/><W110/><G110/><N who="2" m="42601" /><F41/><W100/><G111/><T106/><D106/><N who="2" m="27138" /><V132/><DORA hai="116" /><F132/><RYUUKYOKU ba="0,0" sc="139,10,315,-30,310,10,236,10" hai0="79,80,82,85,86,92,98,103,124,127" hai2="20,21,22,38" hai3="65,66,67,89,90,91,100" /><INIT seed="3,1,0,3,5,54" ten="149,285,320,246" oya="3" hai0="113,98,49,7,78,107,82,65,14,27,75,120,84" hai1="133,10,9,124,129,105,76,63,88,44,59,68,66" hai2="16,104,131,34,22,106,128,118,79,46,100,72,1" hai3="109,60,108,0,87,67,47,71,13,52,2,122,74"/><W15/><G122/><T57/><D120/><U25/><E105/><V41/><F34/><W125/><G74/><T20/><D113/><U86/><E76/><V99/><F118/><W123/><G123/><T12/><D75/><U116/><E129/><N who="2" m="49739" /><F1/><N who="3" m="619" /><G87/><T134/><D134/><U50/><E124/><V29/><F29/><W89/><G89/><T11/><D107/><U114/><E114/><V70/><F70/><W130/><G125/><T53/><D98/><U21/><E68/><V51/><F106/><W77/><G77/><T45/><D14/><U112/><E116/><V3/><F3/><W23/><G23/><T5/><D5/><U38/><E38/><V121/><F121/><W135/><G135/><T30/><REACH who="0" step="1"/><D65/><REACH who="0" ten="139,285,320,246" step="2"/><U91/><E112/><V102/><F99/><W85/><G130/><T26/><D26/><U36/><E133/><V96/><F96/><W42/><G15/><T37/><D37/><U127/><E36/><V32/><F104/><W28/><G13/><T94/><D94/><U31/><E127/><V19/><F72/><W39/><G67/><T61/><D61/><U97/><E97/><V48/><F102/><W132/><G60/><T55/><D55/><N who="1" m="30151" /><E86/><V81/><F100/><W62/><G132/><T6/><D6/><U24/><E24/><V33/><F51/><W56/><G85/><T4/><D4/><U80/><E80/><V64/><F64/><W95/><G95/><T8/><D8/><AGARI ba="1,1" hai="8,9,10,21,25,31,59,63,66,88,91" m="30151" machi="8" ten="30,3900,0" yaku="8,1,52,1,54,1" doraHai="54" who="1" fromWho="0" sc="139,-42,285,52,320,0,246,0" owari="97,-40.3,337,43.7,320,12.0,246,-15.4" /></mjloggm>