<mjloggm ver="2.3"><GO type="225" lobby="0"/><UN n0="%E3%83%B4%E3%83%A0%EF%BC%99%E3%81%A6" n1="%E6%A1%9C%E8%8A%B1%E9%96%83%E3%80%85" n2="%E6%97%A5%E6%9B%9C%E6%97%A5%E3%82%88%E3%82%8A%E3%81%AE%E4%BD%BF%E8%80%85" n3="%E6%98%93%E5%88%A9%E8%96%A9%E4%BC%AF" dan="16,16,16,17" rate="2172.53,2097.06,2152.71,2186.81" sx="M,M,M,F"/><TAIKYOKU oya="0"/><INIT seed="0,0,0,1,4,60" ten="250,250,250,250" oya="0" hai0="134,117,68,85,40,67,115,34,38,37,88,131,48" hai1="114,29,3,19,51,95,24,80,41,8,20,44,118" hai2="62,56,27,75,82,46,92,91,1,105,109,43,93" hai3="104,97,45,21,7,2,50,26,10,6,30,128,121"/><T35/><D115/><U16/><E118/><V98/><F1/><W94/><G128/><T57/><D117/><U31/><E114/><V65/><F109/><W25/><G121/><T32/><D131/><U4/><E95/><V108/><F108/><W74/><G74/><T99/><D134/><U64/><E64/><V28/><F105/><W11/><G104/><T102/><D68/><U86/><REACH who="1" step="1"/><E29/><REACH who="1" ten="250,240,250,250" step="2"/><V83/><F92/><W77/><G94/><T49/><D102/><U63/><E63/><V53/><F75/><W126/><G30/><T72/><D72/><U79/><AGARI ba="0,1" hai="3,4,8,16,19,20,24,31,41,44,51,79,80,86" machi="79" ten="20,8000,1" yaku="1,1,0,1,7,1,54,1,53,1" doraHai="60" doraHaiUra="22" who="1" fromWho="1" sc="250,-40,240,90,250,-20,250,-20" /><INIT seed="1,0,0,2,1,123" ten="210,330,230,230" oya="1" hai0="42,5,121,41,6,18,69,90,130,126,66,2,102" hai1="46,112,110,35,116,124,92,33,100,0,48,135,97" hai2="24,34,67,27,78,14,73,11,68,31,108,21,60" hai3="106,19,133,39,88,32,72,91,96,95,3,82,117"/><U63/><E112/><V20/><F73/><W79/><G32/><T74/><D121/><U115/><E115/><V81/><F108/><W114/><G3/><T127/><D74/><U93/><E116/><V58/><F68/><W36/><G114/><T129/><D102/><U40/><E124/><N who="0" m="47657" /><D18/><U54/><E135/><V53/><F67/><W15/><G117/><T128/><D90/><U111/><E0/><V105/><F105/><W16/><G133/><T52/><D52/><U8/><E8/><V62/><F62/><W131/><G131/><N who="0" m="33539" /><T98/><DORA hai="29" /><D98/><U50/><E63/><V4/><REACH who="2" step="1"/><F27/><REACH who="2" ten="210,330,220,230" step="2"/><W119/><G119/><T59/><D69/><U17/><E110/><V125/><F125/><W1/><G106/><T37/><D37/><U56/><E111/><V43/><F43/><N who="0" m="16394" /><D2/><U47/><E40/><V94/><F94/><W87/><G1/><T76/><D76/><U104/><E93/><V132/><F132/><W12/><G39/><T70/><D70/><U61/><E92/><V9/><F9/><W49/><G36/><T80/><D80/><U107/><E107/><V26/><F26/><W44/><G72/><T22/><D22/><U10/><E10/><V120/><F120/><W113/><G113/><T71/><D71/><U51/><E104/><V134/><F134/><W64/><G79/><T99/><D99/><U109/><E109/><V28/><F28/><W13/><G64/><T122/><D122/><U25/><E25/><V38/><F38/><W45/><G49/><T23/><D23/><U89/><E51/><V86/><AGARI ba="0,1" hai="4,11,14,20,21,24,31,34,53,58,60,78,81,86" machi="86" ten="20,8000,1" yaku="1,1,0,1,7,1,52,1,53,1" doraHai="123,29" doraHaiUra="57,118" who="2" fromWho="2" sc="210,-20,330,-40,220,90,230,-20" /><INIT seed="2,0,0,0,4,85" ten="190,290,310,210" oya="2" hai0="26,89,69,35,72,48,18,119,91,32,9,133,14" hai1="88,93,71,25,34,38,87,118,82,74,132,61,79" hai2="76,94,124,60,90,68,104,23,112,47,101,110,67" hai3="98,57,42,117,107,59,8,78,83,1,80,43,115"/><V111/><F112/><W66/><G115/><T73/><D69/><U55/><E118/><V65/><F65/><W81/><G117/><T36/><D36/><U17/><E38/><V75/><F124/><W22/><G78/><T120/><D120/><U33/><E132/><V52/><F101/><W63/><G22/><T123/><D123/><U122/><E122/><V29/><F104/><W99/><G107/><T40/><D119/><U100/><E100/><V50/><F76/><W129/><G129/><T7/><D133/><U96/><E74/><V56/><F75/><W41/><G1/><T114/><D114/><U19/><E71/><V46/><F23/><W15/><REACH who="3" step="1"/><G59/><REACH who="3" ten="190,290,310,200" step="2"/><T54/><D72/><U70/><E70/><V95/><F29/><W105/><G105/><T16/><D73/><U30/><E34/><V3/><F3/><W130/><G130/><T64/><D32/><U37/><E33/><V27/><F68/><W4/><AGARI ba="0,1" hai="4,8,15,41,42,43,57,63,66,80,81,83,98,99" machi="4" ten="30,4000,0" yaku="1,1,0,1,8,1,53,0" doraHai="85" doraHaiUra="121" who="3" fromWho="3" sc="190,-10,290,-10,310,-20,200,50" /><INIT seed="3,0,0,3,1,121" ten="180,280,290,250" oya="3" hai0="40,43,8,15,94,101,50,34,23,5,77,31,104" hai1="100,56,53,59,35,57,52,129,44,132,109,116,68" hai2="64,126,125,11,123,16,83,63,131,25,12,124,115" hai3="98,47,19,134,127,10,71,102,26,24,128,4,95"/><W58/><G71/><T48/><D104/><U73/><E109/><V28/><F131/><W74/><G74/><T90/><D101/><U46/><E73/><V110/><F110/><W112/><G112/><T108/><D34/><U81/><E129/><V97/><F115/><W114/><G114/><T133/><D133/><U85/><E132/><V39/><F123/><W33/><G128/><T22/><D77/><N who="1" m="46255" /><E35/><N who="2" m="20879" /><F39/><W61/><G33/><T96/><D108/><U60/><E68/><N who="2" m="42015" /><F97/><W76/><G76/><T106/><D106/><U88/><E100/><V55/><F55/><N who="1" m="21065" /><E116/><V3/><F83/><W2/><G47/><N who="1" m="17962" /><E88/><V6/><F3/><W32/><G127/><T27/><REACH who="0" step="1"/><D23/><REACH who="0" ten="170,280,290,250" step="2"/><U7/><E7/><AGARI ba="0,1" hai="6,7,11,12,16,124,125,126" m="42015,20879" machi="7" ten="30,2000,0" yaku="18,1,54,1" doraHai="121" who="2" fromWho="1" sc="170,0,280,-20,290,30,250,0" owari="170,-33.0,260,6.0,320,42.0,250,-15.0" /></mjloggm>