<mjloggm ver="2.3"><GO type="225" lobby="0"/><UN n0="%E3%81%95%E3%81%8D%E3%81%9F%E3%81%BE%E6%9E%97%E6%AA%8E" n1="%E3%83%96%E3%83%83%E3%83%91%E3%82%AA%E3%83%96%E3%83%81%E3%82%AD%E3%83%B3" n2="%70%6F%69%73%6F%6E%30%32" n3="%33%74%72%65%65" dan="16,17,16,16" rate="2083.25,2222.67,2069.24,2049.95" sx="M,M,M,F"/><TAIKYOKU oya="0"/><INIT seed="0,0,0,1,3,115" ten="250,250,250,250" oya="0" hai0="2,112,13,104,98,86,17,8,74,24,40,122,10" hai1="15,102,63,0,32,75,41,78,4,68,26,9,76" hai2="21,128,96,117,134,48,81,44,72,95,36,90,61" hai3="45,105,91,93,123,11,69,25,65,129,106,19,80"/><T29/><D112/><U46/><E102/><V135/><F128/><W57/><G129/><T88/><D122/><U33/><E15/><V30/><F36/><W125/><G123/><T92/><D74/><U56/><E78/><V28/><F61/><W39/><G69/><T89/><D40/><U50/><E26/><V6/><F6/><W82/><G105/><T118/><D118/><U55/><REACH who="1" step="1"/><E68/><REACH who="1" ten="250,240,250,250" step="2"/><V62/><F135/><W131/><G25/><T34/><D104/><U71/><E71/><V22/><F134/><W79/><G106/><T124/><D124/><U84/><E84/><N who="2" m="50447" /><F72/><W126/><G79/><T58/><D2/><U60/><E60/><V97/><F62/><N who="3" m="38095" /><G125/><T132/><D132/><U116/><E116/><V108/><F117/><W114/><G126/><T83/><REACH who="0" step="1"/><D58/><REACH who="0" ten="240,240,250,250" step="2"/><U14/><E14/><V3/><F3/><W133/><G133/><T5/><D5/><U67/><E67/><V53/><F30/><W42/><G114/><T103/><D103/><U47/><E47/><V1/><F28/><W12/><G131/><T111/><D111/><U16/><E16/><V7/><F108/><W20/><G45/><T100/><D100/><U70/><E70/><V94/><F7/><W99/><G19/><T66/><D66/><U35/><E35/><V107/><F1/><W52/><G12/><T130/><D130/><U110/><E110/><V101/><F107/><W127/><G127/><T73/><D73/><U121/><E121/><V18/><F18/><W59/><G59/><T109/><D109/><U51/><E51/><V37/><F37/><W77/><G39/><RYUUKYOKU ba="0,2" sc="240,10,240,10,250,10,250,-30" hai0="8,10,13,17,24,29,34,83,86,88,89,92,98" hai1="0,4,9,32,33,41,46,50,55,56,63,75,76" hai2="21,22,44,48,53,94,95,96,97,101" /><INIT seed="0,1,2,0,3,60" ten="250,250,260,220" oya="0" hai0="94,64,68,105,45,111,104,126,6,113,46,61,115" hai1="118,47,86,74,103,112,127,123,42,124,59,100,3" hai2="82,99,0,73,40,36,71,70,22,18,13,69,14" hai3="25,23,128,91,35,85,83,50,133,106,90,26,76"/><T97/><D126/><N who="1" m="48171" /><E118/><V134/><F0/><W37/><G133/><T24/><D111/><U57/><E123/><V108/><F108/><W65/><G128/><T48/><D6/><U88/><E74/><V12/><F134/><W39/><G106/><T11/><D11/><U117/><E3/><V93/><F40/><W110/><G110/><T102/><D46/><U96/><E112/><V27/><F36/><W89/><G35/><T19/><D115/><U125/><N who="1" m="48179" /><U53/><DORA hai="67" /><E117/><V16/><F82/><W41/><G26/><T15/><D24/><U114/><E53/><V132/><F73/><W7/><G7/><T34/><D34/><U5/><E5/><V79/><F79/><W98/><G98/><T58/><D113/><U77/><E77/><V131/><F131/><W121/><G121/><T84/><D84/><U30/><E30/><V54/><F54/><W32/><G32/><T87/><D87/><U9/><E9/><V129/><F129/><W80/><G80/><T49/><D49/><N who="1" m="26871" /><E114/><V29/><REACH who="2" step="1"/><F132/><REACH who="2" ten="250,250,250,220" step="2"/><W33/><G76/><T92/><D105/><N who="1" m="63623" /><E103/><AGARI ba="1,3" hai="12,13,14,16,18,22,27,29,69,70,71,93,99,103" machi="103" ten="50,8000,1" yaku="1,1,52,3,54,1,53,0" doraHai="60,67" doraHaiUra="62,63" who="2" fromWho="1" sc="250,0,250,-83,250,113,220,0" /><INIT seed="1,0,0,0,4,24" ten="250,167,363,220" oya="1" hai0="98,110,7,11,62,70,94,33,46,40,29,72,56" hai1="113,22,77,48,90,51,112,34,82,131,129,10,100" hai2="78,107,14,60,96,127,28,15,92,2,58,39,17" hai3="13,9,80,114,59,128,49,32,5,73,122,93,115"/><U8/><E34/><V19/><F2/><W30/><G122/><T57/><D72/><U116/><E116/><V134/><F39/><W101/><G128/><N who="1" m="49226" /><E100/><V53/><F134/><W91/><G101/><T44/><D110/><U23/><E90/><V119/><F107/><W74/><G74/><T104/><D104/><U84/><E22/><V126/><F119/><W121/><G121/><T20/><D33/><U61/><E23/><N who="2" m="11703" /><F28/><W135/><G135/><T0/><D29/><U118/><E118/><V81/><F81/><W45/><G59/><T79/><D20/><U75/><E75/><V67/><F67/><W83/><G73/><T43/><D79/><U12/><E61/><V133/><F78/><W130/><G130/><T117/><D62/><U6/><E8/><N who="2" m="6631" /><F133/><W124/><G80/><T86/><D117/><U102/><E102/><N who="2" m="60679" /><F127/><W54/><G83/><T66/><D0/><U95/><E95/><V99/><F126/><W35/><G35/><T68/><D94/><U120/><E120/><V42/><F99/><W105/><G105/><T55/><D98/><U69/><E69/><V41/><AGARI ba="0,0" hai="41,42,53,58,60" m="60679,6631,11703" machi="41" ten="30,1100,0" yaku="8,1" doraHai="24" who="2" fromWho="2" sc="250,-3,167,-5,363,11,220,-3" /><INIT seed="2,0,0,2,4,47" ten="247,162,374,217" oya="2" hai0="36,93,114,46,14,11,58,135,24,0,74,125,5" hai1="17,92,86,122,20,67,10,83,96,105,52,80,41" hai2="43,123,50,95,109,88,106,1,18,7,53,37,12" hai3="26,38,3,126,22,28,117,64,116,100,48,6,8"/><V87/><F123/><W99/><G38/><T78/><D114/><U102/><E122/><V69/><F69/><W31/><G126/><T19/><D125/><U115/><E115/><V130/><F106/><W103/><G28/><T4/><D135/><U66/><E41/><V72/><F72/><W32/><G64/><T76/><D93/><U35/><E35/><V81/><F130/><W119/><G99/><T84/><D84/><U73/><E105/><V62/><F62/><W23/><G23/><T15/><D0/><U71/><E71/><V112/><F112/><W65/><G65/><T98/><D98/><U40/><E73/><V30/><F30/><W39/><G39/><T94/><D94/><U89/><E40/><V33/><F43/><W120/><G120/><T118/><D118/><U16/><E80/><V91/><F33/><W42/><REACH who="3" step="1"/><G32/><REACH who="3" ten="247,162,374,207" step="2"/><T108/><D36/><U2/><E2/><V61/><F1/><W60/><G60/><T56/><D11/><U127/><E127/><V85/><F61/><W70/><G70/><T27/><D74/><U131/><E131/><V9/><F37/><W79/><G79/><T54/><D78/><U13/><REACH who="1" step="1"/><E52/><REACH who="1" ten="247,152,374,207" step="2"/><V90/><F53/><W63/><G63/><T104/><D54/><U107/><E107/><V45/><F109/><W51/><G51/><T21/><D108/><U101/><E101/><V29/><F50/><W132/><G132/><T134/><D134/><U113/><E113/><V97/><F45/><AGARI ba="0,2" hai="3,6,8,22,26,31,42,45,48,100,103,116,117,119" machi="45" ten="40,2600,0" yaku="1,1,52,1,53,0" doraHai="47" doraHaiUra="129" who="3" fromWho="2" sc="247,0,152,0,374,-26,207,46" /><INIT seed="3,0,0,1,4,27" ten="247,152,348,253" oya="3" hai0="122,39,67,84,7,126,93,52,16,32,37,53,65" hai1="26,23,5,119,48,98,38,133,88,102,69,59,120" hai2="15,64,90,18,108,104,55,82,46,94,124,113,10" hai3="79,85,21,101,89,62,80,109,77,22,41,63,130"/><W34/><G34/><T95/><D122/><U92/><E120/><V35/><F35/><W0/><G130/><T56/><D32/><U61/><E133/><V1/><F1/><W96/><G0/><T106/><D106/><U50/><E38/><V20/><F104/><W81/><G41/><T121/><D121/><U29/><E119/><V128/><F108/><W100/><G109/><T14/><D7/><U31/><E69/><V40/><F113/><W60/><G89/><N who="0" m="53415" /><D126/><U25/><E5/><V91/><F64/><W68/><G68/><T9/><D39/><U44/><E44/><V57/><F124/><W118/><G118/><T24/><D37/><U110/><E110/><V45/><F40/><W74/><REACH who="3" step="1"/><G100/><REACH who="3" ten="247,152,348,243" step="2"/><T36/><D36/><U129/><E102/><V70/><F128/><W8/><G8/><T4/><D53/><N who="1" m="34031" /><E129/><V111/><F70/><W97/><G97/><T87/><D67/><U132/><E132/><V6/><F111/><W86/><G86/><T47/><D65/><U125/><E125/><V72/><F10/><W49/><G49/><N who="1" m="19050" /><E26/><V30/><F72/><W103/><G103/><T28/><D24/><U131/><E131/><V116/><F116/><W78/><G78/><T43/><D87/><U73/><E73/><V58/><F82/><W54/><G54/><T107/><D52/><U123/><E123/><V51/><F55/><W42/><G42/><T127/><D43/><U99/><E99/><V117/><F117/><W17/><G17/><AGARI ba="0,1" hai="17,23,25,29,31,88,92,98" m="19050,34031" machi="17" ten="30,8000,1" yaku="25,1,8,1,52,2,54,1" doraHai="27" who="1" fromWho="3" sc="247,0,152,90,348,0,243,-80" owari="247,4.7,242,-15.8,348,44.8,163,-33.7" /></mjloggm>