<mjloggm ver="2.3"><GO type="225" lobby="0"/><UN n0="%4C%4F%4C%49%54%41" n1="%E5%A4%8F%E9%88%B4%E9%88%B4%E5%A4%8F" n2="%E5%91%A8%E6%9D%B1" n3="%E4%B8%AD%E5%B9%B4%E3%81%AE%E5%8D%B1%E6%A9%9F" dan="16,16,17,16" rate="2113.33,2120.99,2226.15,2107.77" sx="F,F,M,M"/><TAIKYOKU oya="0"/><INIT seed="0,0,0,0,5,85" ten="250,250,250,250" oya="0" hai0="72,48,49,122,102,73,7,130,88,109,19,40,57" hai1="67,4,128,14,94,90,64,22,61,62,54,1,78" hai2="46,31,84,39,63,44,131,123,80,103,2,55,8" hai3="120,13,10,107,9,74,32,70,99,126,104,35,91"/><T47/><D122/><U51/><E128/><V133/><F123/><W101/><G13/><T119/><D119/><U50/><E1/><V65/><F131/><W111/><G99/><T18/><D130/><U66/><E78/><V24/><F133/><W125/><G120/><T75/><D102/><U89/><E94/><V132/><F132/><W12/><G12/><T58/><D109/><U113/><E113/><V135/><F103/><W110/><G101/><T43/><D7/><U68/><E50/><V96/><F96/><W42/><G42/><T27/><D27/><U33/><E33/><N who="3" m="12874" /><G91/><N who="1" m="34826" /><E68/><V34/><F39/><W93/><G93/><T21/><D73/><U52/><E54/><V95/><F55/><W117/><G70/><T100/><D72/><U26/><E14/><V15/><F34/><W60/><G60/><N who="1" m="23146" /><E4/><V23/><F2/><W108/><G74/><T5/><D75/><U86/><E86/><V82/><F135/><W16/><G117/><T3/><D5/><U28/><E64/><V97/><F65/><W79/><G79/><T41/><D3/><U25/><E26/><V0/><F0/><W59/><G10/><T134/><D134/><U124/><E124/><N who="3" m="47722" /><G9/><T121/><D121/><U30/><E30/><V11/><F8/><W36/><G16/><T92/><D18/><U106/><E106/><N who="3" m="40490" /><G36/><T105/><D105/><U112/><E112/><V69/><F15/><W29/><G29/><T37/><D37/><U76/><E76/><V115/><F11/><W77/><G77/><T71/><D71/><U118/><E118/><V127/><F127/><W116/><G116/><RYUUKYOKU ba="0,0" sc="250,-15,250,15,250,-15,250,15" hai1="22,25,28,51,52,66,67" hai3="59,108,110,111" /><INIT seed="1,1,0,3,3,58" ten="235,265,235,265" oya="1" hai0="122,57,6,24,99,53,109,31,118,29,95,127,9" hai1="98,129,3,100,89,33,73,91,101,131,103,14,117" hai2="27,78,97,90,39,133,55,80,34,74,132,70,93" hai3="104,77,83,115,50,42,38,52,18,49,69,125,13"/><U76/><E33/><V1/><F1/><W32/><G115/><T75/><D75/><U71/><E3/><V85/><F39/><W108/><G108/><T121/><D109/><U8/><E71/><V113/><F70/><W4/><G104/><T45/><D127/><U54/><E117/><V102/><F55/><W92/><G32/><T110/><D110/><U94/><E54/><V86/><F27/><W65/><G125/><T35/><D45/><U79/><E89/><V124/><F34/><W67/><G4/><T81/><D81/><U25/><E25/><V106/><F124/><W68/><G38/><T19/><D19/><U40/><E40/><V36/><F36/><W60/><G92/><T56/><D31/><U15/><E15/><V123/><F113/><W126/><G126/><T44/><D44/><U135/><E135/><N who="2" m="51787" /><F123/><N who="0" m="47114" /><D53/><U21/><E21/><V41/><F41/><W12/><G42/><T84/><D84/><AGARI ba="1,0" hai="74,78,80,84,85,86,90,93,97,102,106" m="51787" machi="84" ten="30,7700,0" yaku="24,1,20,1,34,2" doraHai="58" who="2" fromWho="0" sc="235,-80,265,0,235,80,265,0" /><INIT seed="2,0,0,0,2,43" ten="155,265,315,265" oya="2" hai0="126,102,71,60,125,33,62,9,18,22,114,89,120" hai1="14,45,15,10,129,113,51,80,5,108,119,88,58" hai2="57,104,39,116,135,36,75,106,16,121,1,99,81" hai3="67,68,94,90,111,78,6,27,103,61,7,52,95"/><V98/><F1/><W13/><G111/><T31/><D120/><U132/><E108/><V40/><F121/><W46/><G78/><T128/><D114/><U109/><E109/><V11/><F116/><W87/><G27/><T107/><D128/><U110/><E110/><V112/><F112/><W17/><G103/><T74/><D74/><U26/><E113/><V25/><F135/><W100/><G100/><T29/><D9/><U3/><E132/><V115/><F115/><W4/><G95/><T32/><D89/><U35/><E129/><V41/><F57/><W53/><REACH who="3" step="1"/><G46/><REACH who="3" ten="155,265,315,255" step="2"/><T23/><D102/><U117/><E26/><V55/><F25/><W123/><G123/><T82/><D82/><U50/><E119/><V59/><F81/><W84/><G84/><T49/><D107/><U69/><E117/><V2/><F106/><W65/><G65/><T56/><D56/><U96/><E45/><V83/><F83/><W8/><AGARI ba="0,1" hai="4,6,7,8,13,17,52,53,61,67,68,87,90,94" machi="8" ten="30,4000,0" yaku="1,1,0,1,54,1,53,0" doraHai="43" doraHaiUra="73" who="3" fromWho="3" sc="155,-10,265,-10,315,-20,255,50" /><INIT seed="3,0,0,2,0,75" ten="145,255,295,305" oya="3" hai0="86,120,26,121,60,132,70,117,6,13,40,92,78" hai1="118,32,66,130,95,63,80,61,14,17,3,24,36" hai2="98,57,125,48,100,123,124,38,129,62,112,109,15" hai3="21,96,20,41,50,110,22,4,81,71,116,37,128"/><W69/><G116/><T73/><D117/><U46/><E130/><V12/><F38/><W107/><G37/><T29/><D132/><U85/><E3/><V113/><F129/><W76/><G128/><T84/><D73/><U105/><E105/><N who="2" m="63639" /><F48/><W31/><G4/><T8/><D40/><U34/><E118/><V43/><F43/><W28/><G110/><T49/><D49/><U2/><E46/><V122/><F109/><W91/><G71/><T89/><D60/><U119/><E36/><V56/><F12/><W39/><G69/><T131/><D70/><U1/><E1/><V82/><F82/><W27/><G39/><T35/><REACH who="0" step="1"/><D131/><REACH who="0" ten="135,255,295,305" step="2"/><U59/><E63/><V108/><F108/><W44/><G41/><T42/><D42/><U30/><E61/><V104/><F62/><W65/><G50/><T111/><D111/><U114/><E66/><V33/><F56/><W79/><G65/><T97/><D97/><U53/><E59/><V87/><F57/><W11/><G44/><T68/><D68/><U16/><E119/><V5/><F122/><W127/><G96/><T102/><D102/><U47/><E47/><V106/><F123/><W99/><G107/><T64/><D64/><U45/><E45/><V77/><F106/><W0/><G99/><T19/><D19/><U72/><E16/><V23/><F104/><W67/><G67/><T126/><D126/><U25/><E17/><V101/><F125/><W18/><G127/><T103/><D103/><U7/><E7/><V115/><F5/><N who="3" m="1447" /><G18/><T133/><D133/><U90/><E30/><N who="3" m="11306" /><G27/><T93/><D93/><RYUUKYOKU ba="0,1" sc="135,15,255,-15,295,-15,305,15" hai0="6,8,13,26,29,35,78,84,86,89,92,120,121" hai3="20,21,22,76,79,81,91" owari="150,-35.0,240,-16.0,280,8.0,330,43.0" /></mjloggm>