<mjloggm ver="2.3"><GO type="225" lobby="0"/><UN n0="%E3%81%AF%E3%82%88%E3%81%8A%E3%81%98%E3%81%95%E3%82%93" n1="%E5%B6%BA%E4%B8%8A%E5%92%B2" n2="%E7%99%BD%E5%80%89%E5%AF%9B%E4%B9%8B" n3="%E6%98%93%E5%88%A9%E8%96%A9%E4%BC%AF" dan="17,16,16,16" rate="2144.45,2169.91,2159.24,2126.06" sx="M,F,M,F"/><TAIKYOKU oya="0"/><INIT seed="0,0,0,5,5,92" ten="250,250,250,250" oya="0" hai0="117,29,44,134,62,131,18,4,58,118,130,42,85" hai1="60,113,39,5,119,49,56,14,106,99,96,108,101" hai2="12,120,97,51,125,26,59,37,127,86,116,38,77" hai3="64,21,112,54,78,114,67,128,19,111,104,70,7"/><T2/><D29/><U135/><E119/><N who="0" m="45577" /><D18/><U133/><E39/><V28/><F116/><W65/><G111/><T63/><D4/><U33/><E33/><V89/><F120/><W103/><G128/><N who="0" m="49195" /><D2/><U10/><E108/><V107/><F12/><W105/><G70/><T13/><D13/><U61/><E113/><V123/><F123/><W121/><G121/><T30/><D30/><U46/><E96/><V24/><F77/><W91/><G78/><T68/><D85/><U100/><E100/><N who="2" m="62863" /><F59/><W76/><G76/><T80/><D80/><U90/><E90/><V8/><F51/><W122/><G7/><T53/><D134/><N who="1" m="51211" /><E56/><V79/><F79/><W129/><G122/><T23/><D23/><U50/><E50/><V34/><F26/><W87/><G129/><T20/><D20/><U124/><E124/><N who="2" m="47691" /><F8/><W43/><G114/><T41/><D44/><U16/><E5/><V73/><F73/><W82/><G112/><T98/><D98/><U52/><AGARI ba="0,0" hai="10,14,16,46,49,52,60,61,99,101,106" m="51211" machi="52" ten="30,7900,0" yaku="20,1,52,1,54,2" doraHai="92" who="1" fromWho="1" sc="250,-39,250,79,250,-20,250,-20" /><INIT seed="1,0,0,2,3,36" ten="211,329,230,230" oya="1" hai0="24,70,131,64,30,41,63,50,112,130,39,123,127" hai1="121,43,9,78,68,69,65,53,115,80,83,74,91" hai2="26,25,134,103,110,118,5,21,11,60,79,116,49" hai3="42,113,129,71,48,34,52,28,40,97,102,75,105"/><U31/><E115/><V32/><F103/><W81/><G71/><T2/><D112/><U45/><E121/><V135/><F79/><W82/><G113/><T111/><D2/><U55/><E31/><N who="2" m="19567" /><F49/><W0/><G0/><T122/><D50/><U4/><E55/><V98/><F98/><W66/><G66/><T58/><D58/><U96/><E53/><V128/><F60/><W19/><G129/><N who="0" m="49163" /><D111/><U132/><E132/><N who="2" m="50731" /><F110/><W38/><G38/><T114/><D114/><U73/><E65/><V85/><F85/><W89/><G19/><T13/><D13/><U22/><E96/><V20/><F128/><W1/><G1/><T87/><D87/><U93/><E69/><V90/><F90/><W76/><G89/><T57/><D57/><U109/><E91/><V94/><F94/><W47/><REACH who="3" step="1"/><G82/><REACH who="3" ten="211,329,230,220" step="2"/><T92/><D39/><N who="1" m="21759" /><E68/><V18/><F21/><W27/><AGARI ba="0,1" hai="27,28,34,40,42,47,48,52,75,76,81,97,102,105" machi="27" ten="30,12000,2" yaku="1,1,0,1,52,2,54,1,53,1" doraHai="36" doraHaiUra="29" who="3" fromWho="3" sc="211,-30,329,-60,230,-30,220,130" /><INIT seed="2,0,0,5,0,77" ten="181,269,200,350" oya="2" hai0="19,66,57,54,72,42,135,106,132,2,70,73,18" hai1="130,110,6,120,28,35,34,12,69,87,97,32,55" hai2="104,107,75,21,40,43,38,3,91,23,114,108,126" hai3="100,99,65,36,125,119,95,49,53,56,4,124,50"/><V89/><F75/><W63/><G36/><T16/><D106/><U45/><E69/><V15/><F38/><W115/><G119/><T37/><D2/><U47/><E110/><V29/><F3/><W20/><G115/><T33/><D33/><U88/><E130/><V58/><F29/><W13/><G50/><N who="0" m="30935" /><D72/><U112/><E112/><V80/><F15/><W94/><G94/><T0/><D0/><U118/><E118/><V81/><F58/><W71/><G20/><T22/><D73/><U116/><E116/><V67/><F114/><W92/><G92/><T64/><D22/><U10/><E120/><V122/><F67/><W51/><G51/><T127/><D127/><N who="3" m="48713" /><G4/><T48/><D48/><U101/><E28/><V17/><F126/><W109/><G13/><T74/><D74/><U83/><REACH who="1" step="1"/><E55/><REACH who="1" ten="181,259,200,350" step="2"/><V24/><F108/><AGARI ba="0,1" hai="49,53,56,63,65,71,95,99,100,108,109" m="48713" machi="108" ten="30,1000,0" yaku="18,1" doraHai="77" who="3" fromWho="2" sc="181,0,259,0,200,-10,350,20" /><INIT seed="3,0,0,1,5,132" ten="181,259,190,370" oya="3" hai0="129,96,8,3,98,112,102,133,108,100,60,57,18" hai1="31,115,2,0,86,87,47,41,40,30,71,52,97" hai2="119,88,93,91,5,49,44,27,124,135,25,29,75" hai3="21,110,7,54,128,45,53,77,22,74,6,114,13"/><W122/><G114/><T123/><D123/><U1/><E71/><V34/><F75/><W9/><G128/><T104/><D129/><U17/><E115/><V94/><F135/><W101/><G101/><T103/><D133/><U24/><E97/><N who="2" m="57511" /><F119/><W15/><G110/><T11/><D112/><U4/><E4/><V118/><F118/><W72/><G45/><T70/><D70/><U69/><E69/><V38/><F38/><W81/><G74/><T42/><D108/><U10/><E10/><N who="0" m="3625" /><D3/><U39/><E17/><V130/><F130/><W36/><G36/><T92/><D104/><U33/><E40/><N who="2" m="24711" /><F124/><W80/><G80/><T126/><D126/><U68/><E68/><V12/><F34/><W28/><G28/><T131/><D131/><U63/><REACH who="1" step="1"/><E31/><REACH who="1" ten="181,249,190,370" step="2"/><V90/><F29/><W99/><G9/><T14/><D42/><U20/><E20/><V37/><F5/><W89/><G99/><T51/><D98/><U84/><E84/><V113/><F113/><W35/><G6/><T66/><D51/><U95/><E95/><V59/><F37/><W111/><G7/><T127/><D127/><U78/><E78/><V121/><F94/><W116/><G77/><T134/><D134/><U65/><E65/><V82/><F121/><W26/><G122/><T125/><D125/><U32/><E32/><V106/><F106/><W58/><G22/><AGARI ba="0,1" hai="14,18,22,57,60,66,92,96,100,102,103" m="3625" machi="22" ten="30,1000,0" yaku="8,1" doraHai="132" who="0" fromWho="3" sc="181,20,249,0,190,0,370,-10" owari="201,-19.9,249,4.9,190,-31.0,360,46.0" /></mjloggm>