<mjloggm ver="2.3"><GO type="225" lobby="0"/><UN n0="%E6%97%A5%E6%9B%9C%E6%97%A5%E3%82%88%E3%82%8A%E3%81%AE%E4%BD%BF%E8%80%85" n1="%E6%98%93%E5%88%A9%E8%96%A9%E4%BC%AF" n2="%E7%B4%94%E6%BD%94%E3%83%94%E3%83%A9%E3%83%8B%E3%82%A2" n3="%E8%81%B7%E6%A5%AD%E3%80%81%E9%A2%A8%32" dan="17,17,17,16" rate="2203.89,2211.92,2228.18,2156.43" sx="M,F,M,M"/><TAIKYOKU oya="0"/><INIT seed="0,0,0,2,5,94" ten="250,250,250,250" oya="0" hai0="106,30,25,91,88,41,65,47,67,95,102,12,89" hai1="26,104,124,35,129,15,21,33,31,64,117,90,121" hai2="48,2,40,111,5,73,23,116,87,63,103,85,96" hai3="71,97,16,14,43,55,134,9,82,58,49,24,76"/><T36/><D106/><U13/><E117/><V46/><F116/><W52/><G134/><T131/><D131/><U19/><E121/><V130/><F73/><W62/><G71/><T114/><D114/><U107/><E129/><V126/><F130/><W98/><G43/><T84/><D12/><U4/><E35/><V110/><F126/><W78/><G24/><T20/><REACH who="0" step="1"/><D84/><REACH who="0" ten="240,250,250,250" step="2"/><U112/><E112/><V135/><F85/><N who="3" m="48327" /><G78/><T75/><D75/><U37/><E107/><V51/><F87/><W105/><G105/><T86/><D86/><U93/><E104/><N who="2" m="63591" /><F135/><W122/><G122/><T115/><D115/><U132/><E132/><V8/><F63/><W28/><G28/><T0/><D0/><U74/><E31/><V56/><F23/><W6/><G6/><T1/><D1/><U3/><E4/><V72/><F72/><W101/><G101/><T60/><D60/><U128/><E3/><V70/><F70/><W44/><AGARI ba="0,1" hai="9,14,16,44,49,52,55,58,62,97,98" m="48327" machi="44" ten="30,8000,1" yaku="8,1,52,2,54,2" doraHai="94" who="3" fromWho="3" sc="240,-40,250,-20,250,-20,250,90" /><INIT seed="1,0,0,4,5,87" ten="200,230,230,340" oya="1" hai0="47,52,22,106,80,111,99,71,65,64,19,116,85" hai1="11,131,43,1,101,107,40,46,126,34,78,36,45" hai2="42,119,67,12,57,44,97,59,117,120,10,75,28" hai3="8,82,41,94,38,68,3,115,90,102,134,124,123"/><U27/><E126/><V21/><F75/><W0/><G115/><T81/><D116/><U69/><E131/><V51/><F120/><W6/><G68/><T7/><D7/><U24/><E78/><V26/><F67/><W114/><G114/><T109/><D99/><U16/><E69/><V4/><F117/><W113/><G113/><T25/><D106/><U72/><E72/><V66/><F66/><W129/><G123/><T135/><D135/><U96/><E34/><V103/><REACH who="2" step="1"/><F119/><REACH who="2" ten="200,230,220,340" step="2"/><W70/><G70/><T50/><D71/><U93/><E107/><AGARI ba="0,1" hai="4,10,12,21,26,28,42,44,51,57,59,97,103,107" machi="107" ten="30,3900,0" yaku="1,1,2,1,7,1,53,0" doraHai="87" doraHaiUra="33" who="2" fromWho="1" sc="200,0,230,-39,220,49,340,0" /><INIT seed="2,0,0,3,0,61" ten="200,191,269,340" oya="2" hai0="8,62,26,5,71,85,98,84,22,96,127,19,125" hai1="29,18,106,121,94,82,24,56,6,27,75,67,113" hai2="119,59,78,4,66,93,60,10,45,50,28,21,111" hai3="63,74,88,76,33,32,30,70,58,95,20,14,133"/><V101/><F119/><W25/><G133/><T46/><D46/><U11/><E106/><V123/><F123/><W65/><G70/><T44/><D44/><U134/><E113/><V2/><F78/><W54/><G54/><T110/><D110/><U90/><E121/><V91/><F111/><W52/><G52/><T80/><D96/><U72/><E18/><V79/><F79/><W124/><G124/><N who="0" m="47691" /><D98/><U81/><E75/><V49/><F101/><W12/><G76/><T83/><D83/><U64/><E72/><V53/><F50/><W107/><G107/><T87/><D80/><N who="1" m="30827" /><E56/><V103/><F103/><W108/><G74/><T9/><D5/><U7/><E29/><V117/><F117/><W1/><G1/><T68/><D68/><U131/><E131/><V126/><F126/><W16/><G108/><T41/><D41/><U51/><E51/><V38/><F38/><W116/><G116/><T47/><D47/><U129/><E129/><V112/><F112/><W105/><G105/><T97/><D97/><N who="1" m="57559" /><E134/><V43/><F93/><W40/><G40/><T118/><D118/><U104/><E104/><V34/><F91/><W69/><G69/><T86/><N who="0" m="21504" /><DORA hai="37" /><T17/><D19/><U31/><E7/><V114/><F114/><W36/><G36/><T100/><D100/><U128/><E128/><V132/><F132/><W115/><G115/><T13/><D26/><N who="1" m="9771" /><E31/><V55/><F28/><W102/><G102/><T92/><D92/><U0/><E0/><V3/><F2/><W120/><G30/><T73/><D73/><U39/><E39/><V122/><F3/><RYUUKYOKU ba="0,0" sc="200,15,191,15,269,-15,340,-15" hai0="8,9,13,17,22,62,71" hai1="6,11,64,67" /><INIT seed="3,1,0,2,0,121" ten="215,206,254,325" oya="3" hai0="43,10,119,113,47,110,66,79,53,96,117,104,98" hai1="82,127,4,86,114,48,3,90,116,5,99,75,0" hai2="68,101,97,65,50,35,77,93,124,13,70,23,36" hai3="46,28,25,9,109,40,16,29,107,26,1,60,8"/><W31/><G107/><T38/><D113/><U94/><E114/><V14/><F36/><W44/><G109/><T105/><D66/><U15/><E75/><V49/><F35/><W112/><G112/><T122/><D122/><U21/><E127/><V132/><F124/><W88/><G1/><T59/><D79/><U39/><E39/><V72/><F132/><W134/><G134/><T11/><D105/><U118/><E3/><V80/><F65/><W54/><G88/><T125/><D125/><U106/><E106/><V34/><F34/><W135/><G135/><T64/><D64/><U41/><E0/><V100/><F100/><W102/><G102/><T85/><D85/><U111/><E111/><V81/><F80/><W20/><G26/><T91/><D110/><U120/><E120/><V129/><F129/><W103/><G103/><T76/><D76/><U58/><E118/><V74/><F74/><W128/><G128/><T133/><D133/><U22/><E116/><V61/><F61/><W27/><G27/><T6/><D104/><U56/><E15/><V45/><F49/><N who="3" m="26759" /><G60/><N who="0" m="35951" /><D117/><U126/><E126/><V24/><F68/><W87/><G87/><T62/><D62/><U67/><E67/><V108/><F70/><W73/><G73/><T55/><D119/><U130/><E130/><V63/><F63/><W95/><G95/><N who="0" m="56447" /><D98/><U78/><E41/><N who="2" m="24879" /><F108/><W42/><G42/><T83/><D83/><U52/><E58/><V92/><F92/><W12/><G25/><T57/><D6/><AGARI ba="1,0" hai="4,5,6,21,22,48,52,56,78,82,86,90,94,99" machi="6" ten="40,2600,0" yaku="8,1,54,1" doraHai="121" who="1" fromWho="0" sc="215,-29,206,29,254,0,325,0" owari="186,-31.4,235,-16.5,254,5.4,325,42.5" /></mjloggm>