<mjloggm ver="2.3"><GO type="225" lobby="0"/><UN n0="%72%69%6F%75%63%68%61%6E" n1="%E3%83%A9%E3%82%A4%E3%83%B3%E3%81%AE%E8%99%8E" n2="%70%68%65%6E%6F%6D%65" n3="%43%68%65" dan="16,16,16,16" rate="2139.44,2128.51,2120.20,2198.03" sx="M,M,M,M"/><TAIKYOKU oya="0"/><INIT seed="0,0,0,2,3,64" ten="250,250,250,250" oya="0" hai0="130,69,39,107,41,25,49,102,43,45,47,61,80" hai1="1,111,81,105,76,121,99,26,118,20,13,54,125" hai2="27,53,51,17,50,22,46,114,34,6,86,131,60" hai3="68,59,132,92,124,16,74,48,19,79,129,73,40"/><T65/><D130/><U117/><E1/><V96/><F131/><W82/><G129/><T94/><D107/><U127/><E13/><V78/><F114/><W15/><G124/><N who="1" m="47690" /><E54/><V5/><F34/><W44/><G132/><T38/><D80/><U90/><E20/><V42/><F60/><W32/><G32/><T55/><D25/><U128/><E26/><V72/><F72/><W126/><G126/><T4/><D4/><U104/><E128/><V24/><F96/><W98/><G68/><T123/><D94/><N who="1" m="56791" /><E121/><V71/><F71/><W58/><G73/><T113/><D102/><U101/><E111/><V23/><F50/><W120/><G120/><T37/><D123/><U116/><E101/><V91/><F53/><W31/><G31/><T67/><D113/><U7/><E7/><V112/><F112/><W36/><G36/><N who="0" m="21671" /><D67/><U110/><E110/><V88/><F5/><W28/><G28/><T12/><D12/><U115/><E115/><V8/><F8/><W18/><REACH who="3" step="1"/><G15/><REACH who="3" ten="250,250,250,240" step="2"/><T135/><D135/><U89/><E89/><AGARI ba="0,1" hai="16,18,19,40,44,48,58,59,74,79,82,89,92,98" machi="89" ten="40,5200,0" yaku="1,1,2,1,54,1,53,0" doraHai="64" doraHaiUra="33" who="3" fromWho="1" sc="250,0,250,-52,250,0,240,62" /><INIT seed="1,0,0,1,5,134" ten="250,198,250,302" oya="1" hai0="9,31,110,75,44,127,36,0,135,96,119,105,77" hai1="41,103,80,26,11,109,6,69,107,128,56,2,23" hai2="28,65,132,30,13,115,40,102,57,10,94,116,19" hai3="123,101,63,32,59,130,118,66,126,76,61,45,89"/><U46/><E69/><V81/><F116/><W98/><G123/><T48/><D127/><U53/><E128/><V99/><F132/><W100/><G32/><T38/><D135/><U21/><E109/><V125/><F125/><W62/><G126/><T39/><D119/><U29/><E107/><V120/><F120/><W122/><G122/><T25/><D110/><U22/><E103/><V88/><F115/><W3/><G3/><T5/><D48/><U4/><E4/><V37/><F40/><W67/><G130/><T14/><D14/><U70/><E70/><V92/><F81/><W24/><G118/><T111/><D111/><U68/><E68/><V113/><F37/><W54/><G76/><T20/><D96/><U112/><E112/><V106/><F106/><W42/><G24/><T117/><D117/><U33/><E80/><V133/><F113/><W124/><G124/><T97/><D97/><U15/><E56/><V78/><F78/><W71/><G89/><T55/><D105/><U73/><E53/><V16/><F19/><W74/><G74/><T108/><D108/><U93/><E93/><V114/><F133/><W49/><G98/><T43/><D55/><U51/><REACH who="1" step="1"/><E73/><REACH who="1" ten="250,188,250,302" step="2"/><V17/><F114/><W131/><G131/><T84/><D84/><U129/><E129/><V121/><F121/><W72/><G72/><T91/><D91/><U86/><E86/><N who="2" m="52247" /><F17/><AGARI ba="0,1" hai="2,6,11,15,17,21,22,23,26,29,33,41,46,51" machi="17" ten="40,12000,1" yaku="1,1,24,2,53,1" doraHai="134" doraHaiUra="47" who="1" fromWho="2" sc="250,0,188,130,250,-120,302,0" /><INIT seed="1,1,0,2,0,94" ten="250,318,130,302" oya="1" hai0="47,129,84,76,29,60,88,99,123,83,121,77,1" hai1="3,31,89,125,80,118,122,28,133,72,73,93,62" hai2="41,9,46,87,79,5,26,69,14,111,17,11,56" hai3="104,135,35,108,102,48,75,63,53,4,68,113,130"/><U124/><E3/><V97/><F111/><W95/><G113/><T59/><D129/><U7/><E7/><V19/><F69/><W6/><G75/><T65/><D1/><U90/><E118/><V100/><F56/><W110/><G35/><T40/><D29/><N who="1" m="11339" /><E122/><N who="0" m="46601" /><D99/><N who="1" m="57775" /><E62/><V66/><F66/><N who="3" m="41055" /><G104/><T78/><D76/><U38/><E38/><AGARI ba="1,0" hai="38,40,47,59,60,65,77,78,83,84,88" m="46601" machi="38" ten="30,2000,0" yaku="13,1,54,1" doraHai="94" who="0" fromWho="1" sc="250,23,318,-23,130,0,302,0" /><INIT seed="2,0,0,5,4,72" ten="273,295,130,302" oya="2" hai0="48,41,32,94,3,33,38,24,124,54,43,87,74" hai1="130,91,25,119,59,112,36,58,134,40,92,23,34" hai2="26,6,96,100,49,70,13,104,39,73,117,108,81" hai3="120,68,86,80,52,45,107,78,35,19,85,116,105"/><V66/><F117/><W42/><G120/><T83/><D124/><U17/><E112/><V67/><F39/><W125/><G116/><T27/><D3/><U90/><E119/><V103/><F103/><W113/><G125/><T129/><D129/><U46/><E134/><V131/><F131/><W122/><G122/><T114/><D114/><U88/><E130/><V2/><F2/><W4/><G68/><T111/><D111/><U128/><E128/><V57/><F108/><W15/><G35/><T133/><D133/><U82/><E92/><V18/><F6/><W127/><G127/><T56/><D74/><U0/><E0/><V47/><F26/><N who="0" m="9770" /><D32/><U37/><E34/><V22/><F57/><W31/><G31/><T95/><D33/><U89/><REACH who="1" step="1"/><E37/><REACH who="1" ten="273,285,130,302" step="2"/><V44/><F70/><W135/><G135/><T11/><D38/><U61/><E61/><V77/><REACH who="2" step="1"/><F44/><REACH who="2" ten="273,285,120,302" step="2"/><W14/><G45/><T53/><D56/><U71/><E71/><V12/><F12/><W5/><G15/><T109/><D109/><U98/><E98/><V106/><F106/><W16/><G107/><T115/><D115/><U110/><E110/><V51/><F51/><W29/><G105/><T121/><D48/><U30/><E30/><V8/><F8/><W102/><G29/><T64/><D11/><U97/><E97/><V10/><F10/><W62/><G113/><T99/><D99/><U7/><E7/><V1/><F1/><W76/><G5/><T126/><D126/><U63/><E63/><V9/><F9/><W101/><G4/><T75/><D121/><U21/><E21/><RYUUKYOKU ba="0,2" sc="273,-15,285,15,120,15,302,-15" hai1="17,23,25,36,40,46,58,59,82,88,89,90,91" hai2="13,18,22,47,49,66,67,73,77,81,96,100,104" /><INIT seed="2,1,2,2,5,0" ten="258,300,135,287" oya="2" hai0="4,10,1,109,110,50,55,104,102,56,125,9,42" hai1="15,85,89,96,95,74,130,65,133,23,19,116,124" hai2="52,70,2,16,113,59,118,111,81,115,101,103,76" hai3="87,132,126,30,83,40,120,98,58,47,41,69,57"/><V49/><F118/><W44/><G120/><T3/><D125/><U67/><E116/><V134/><F134/><W14/><G69/><T82/><D82/><U54/><E74/><V119/><F119/><W64/><G126/><T122/><D122/><U94/><E124/><V36/><F111/><N who="0" m="42506" /><D42/><U51/><E130/><V71/><F36/><W73/><G73/><T117/><D117/><U86/><E133/><V13/><F2/><N who="0" m="522" /><D4/><U61/><E61/><V22/><F70/><W90/><G30/><T68/><D68/><U39/><E39/><V80/><F71/><W99/><G132/><T45/><D45/><N who="3" m="17481" /><G14/><T77/><D77/><U72/><E72/><V114/><REACH who="2" step="1"/><F80/><REACH who="2" ten="258,300,125,287" step="2"/><W37/><G37/><T93/><D104/><U26/><E95/><V129/><F129/><W28/><G83/><T5/><D5/><U7/><E7/><V79/><F79/><W60/><G41/><T46/><D56/><U35/><E94/><V105/><F105/><W63/><G40/><T6/><D6/><U21/><E67/><V33/><F33/><W29/><G58/><T17/><D17/><U84/><E65/><V20/><F20/><W92/><G64/><T11/><D93/><N who="1" m="56367" /><E35/><V107/><F107/><W53/><G92/><T62/><D46/><N who="1" m="28023" /><E23/><V78/><F78/><W100/><G57/><T48/><D55/><U34/><E34/><V112/><N who="2" m="28672" /><DORA hai="18" /><V24/><F24/><AGARI ba="1,3" hai="15,19,21,24,26,84,85,86" m="28023,56367" machi="24" ten="30,2000,0" yaku="8,1,52,1" doraHai="0,18" who="1" fromWho="2" sc="258,0,300,53,125,-23,287,0" /><INIT seed="3,0,0,5,5,48" ten="258,353,102,287" oya="3" hai0="13,74,77,58,71,122,75,130,126,94,115,103,52" hai1="28,35,36,45,78,68,41,102,29,46,104,96,84" hai2="63,87,93,53,16,38,26,21,73,125,80,85,12" hai3="23,88,6,17,112,33,51,99,54,123,18,81,20"/><W114/><G123/><T19/><D122/><U91/><E68/><V110/><F125/><W116/><G33/><T31/><D71/><U40/><E78/><V82/><F110/><W118/><G6/><T47/><D126/><U90/><E35/><V117/><F117/><W86/><G118/><T1/><D1/><U59/><E59/><V43/><F38/><W128/><G116/><T76/><D130/><U15/><E15/><V39/><F39/><W70/><G70/><T9/><D115/><U134/><E134/><V8/><F43/><W135/><G135/><T22/><D47/><U30/><REACH who="1" step="1"/><E84/><REACH who="1" ten="258,343,102,287" step="2"/><V106/><F106/><W100/><G128/><T32/><D32/><U113/><E113/><V111/><F111/><W83/><G114/><T127/><D127/><U72/><E72/><V2/><F2/><W55/><G112/><T92/><D74/><U105/><E105/><V57/><F73/><W11/><G11/><T119/><D119/><U14/><E14/><V64/><F64/><W89/><G86/><T132/><D132/><U79/><E79/><N who="0" m="30281" /><D75/><U69/><E69/><V10/><F10/><W4/><G4/><N who="0" m="3239" /><D103/><U50/><AGARI ba="0,1" hai="28,29,30,36,40,41,45,46,50,90,91,96,102,104" machi="50" ten="30,2000,0" yaku="1,1,0,1,53,0" doraHai="48" doraHaiUra="34" who="1" fromWho="1" sc="258,-5,343,30,102,-5,287,-10" owari="253,-14.7,373,47.3,97,-40.3,277,7.7" /></mjloggm>