<mjloggm ver="2.3"><GO type="225" lobby="0"/><UN n0="%E9%A6%AC%E5%BC%95%E7%81%AB%33" n1="%E6%9C%88%E5%B3%B6%E5%9F%BA" n2="%E3%83%96%E3%83%83%E3%83%91%E3%82%AA%E3%83%96%E3%83%81%E3%82%AD%E3%83%B3" n3="%E7%89%B9%E6%9D%B1%E3%81%AF%E4%B8%96%E7%95%8C%E3%82%92%E6%95%91%E3%81%86" dan="16,16,16,16" rate="2093.05,2137.06,2143.13,2205.61" sx="M,M,M,M"/><TAIKYOKU oya="0"/><INIT seed="0,0,0,0,4,111" ten="250,250,250,250" oya="0" hai0="71,130,125,115,127,100,50,86,41,37,105,0,17" hai1="104,39,97,61,70,76,1,134,96,42,56,131,36" hai2="78,117,21,60,2,126,81,46,94,65,59,47,57" hai3="40,83,48,110,27,75,120,12,26,77,106,32,8"/><T133/><D37/><U74/><E1/><V4/><F126/><N who="0" m="48138" /><D71/><U62/><E131/><V51/><F117/><W5/><G106/><T53/><D41/><U35/><E35/><V7/><F2/><W93/><G110/><T14/><D0/><U95/><E134/><V33/><F33/><W91/><G120/><T102/><D130/><U113/><E113/><V22/><F59/><W80/><G32/><T10/><D133/><U85/><E70/><V29/><F94/><W98/><G40/><T45/><D105/><U25/><E25/><N who="2" m="16559" /><F22/><W30/><G30/><T119/><D119/><U38/><E56/><V114/><F114/><W63/><G48/><T55/><D115/><U118/><E118/><V84/><F47/><W72/><REACH who="3" step="1"/><G63/><REACH who="3" ten="250,250,250,240" step="2"/><T109/><D109/><U67/><E62/><V49/><F51/><W23/><G23/><T128/><D128/><U124/><E124/><V82/><F82/><W54/><G54/><AGARI ba="0,1" hai="4,7,46,49,54,57,60,65,78,81,84" m="16559" machi="54" ten="30,1000,0" yaku="8,1" doraHai="111" who="2" fromWho="3" sc="250,0,250,0,250,20,240,-10" /><INIT seed="1,0,0,3,1,19" ten="250,250,270,230" oya="1" hai0="100,41,127,18,128,110,51,83,10,55,112,78,67" hai1="63,28,24,42,36,118,2,86,91,73,47,14,13" hai2="7,126,62,122,32,103,98,53,1,6,37,20,109" hai3="97,81,31,96,104,88,34,22,35,72,75,59,26"/><U74/><E2/><V27/><F122/><W114/><G114/><T82/><D112/><U66/><E118/><V23/><F37/><W120/><G120/><T71/><D110/><U124/><E124/><V38/><F38/><W69/><G69/><T92/><D127/><U80/><E74/><V11/><F126/><W48/><G75/><T117/><D117/><U50/><E73/><V101/><F109/><W8/><G8/><T131/><D41/><U119/><E36/><V33/><F7/><W25/><G104/><T45/><D67/><U106/><E106/><V93/><F103/><W46/><G59/><T64/><D92/><U70/><REACH who="1" step="1"/><E119/><REACH who="1" ten="250,240,270,230" step="2"/><V95/><F1/><W108/><G108/><T76/><D128/><U40/><E40/><V3/><F95/><W99/><G26/><T105/><D131/><U61/><E61/><V85/><F85/><W107/><G107/><T87/><D87/><U57/><E57/><V49/><F62/><W84/><REACH who="3" step="1"/><G72/><REACH who="3" ten="250,240,270,220" step="2"/><T129/><D105/><U89/><E89/><V12/><F27/><W9/><G9/><T4/><D10/><U113/><E113/><V15/><F3/><W90/><G90/><T30/><D129/><U29/><E29/><V44/><F11/><W43/><AGARI ba="0,2" hai="22,25,31,34,35,43,46,48,81,84,88,96,97,99" machi="43" ten="30,7900,0" yaku="1,1,0,1,52,1,54,1,53,0" doraHai="19" doraHaiUra="116" who="3" fromWho="3" sc="250,-20,240,-39,270,-20,220,99" /><INIT seed="2,0,0,4,3,65" ten="230,201,250,319" oya="2" hai0="86,85,54,60,12,134,80,10,82,127,48,36,87" hai1="128,15,20,108,45,69,1,68,39,33,126,13,76" hai2="26,27,42,34,71,7,94,41,38,91,66,78,124" hai3="123,120,131,99,102,63,29,0,11,44,32,74,67"/><V43/><F38/><W56/><G74/><T4/><D36/><U37/><E76/><V47/><F124/><W31/><G131/><T109/><D127/><U8/><E126/><V115/><F115/><W97/><G97/><T111/><D134/><U17/><E128/><V23/><F34/><W52/><G0/><T96/><D60/><U2/><E33/><V104/><F104/><W112/><G112/><T61/><D61/><U24/><E108/><N who="0" m="41545" /><D96/><U118/><E118/><V21/><F78/><W98/><G98/><T101/><D101/><U53/><E37/><V35/><F35/><W18/><G11/><T107/><D107/><U130/><E130/><V55/><F66/><W89/><G89/><T79/><D79/><U50/><E39/><V88/><F7/><W46/><G18/><T5/><D5/><U72/><E72/><V117/><F117/><W129/><G129/><T90/><D82/><U70/><REACH who="1" step="1"/><E15/><REACH who="1" ten="230,191,250,319" step="2"/><V93/><F43/><W125/><G125/><T92/><D80/><U30/><AGARI ba="0,1" hai="1,2,8,13,17,20,24,30,45,50,53,68,69,70" machi="30" ten="30,12000,2" yaku="1,1,2,1,0,1,52,3,53,0" doraHai="65" doraHaiUra="105" who="1" fromWho="1" sc="230,-30,191,130,250,-60,319,-30" /><INIT seed="3,0,0,4,0,90" ten="200,321,190,289" oya="3" hai0="49,12,0,86,29,105,92,133,128,119,112,24,6" hai1="61,10,38,9,104,127,134,30,62,42,22,108,68" hai2="60,31,79,5,56,59,39,125,15,87,19,91,69" hai3="111,82,135,83,81,55,51,35,113,3,97,126,118"/><W98/><G118/><T103/><D119/><U67/><E104/><V116/><F116/><W44/><G113/><T129/><D133/><U100/><E134/><V96/><F39/><W124/><G135/><T84/><D105/><U114/><E114/><V65/><F125/><N who="3" m="48235" /><G3/><T2/><D112/><U52/><E127/><V63/><F31/><W85/><G35/><T36/><D36/><U20/><E108/><V122/><F122/><W88/><G111/><T130/><D49/><U14/><E100/><V53/><F69/><W1/><G1/><N who="0" m="619" /><D103/><U106/><E106/><V58/><F58/><W121/><G121/><T117/><D92/><AGARI ba="0,0" hai="44,51,55,81,82,83,85,88,92,97,98" m="48235" machi="92" ten="30,5800,0" yaku="18,1,52,1,54,1" doraHai="90" who="3" fromWho="0" sc="200,-58,321,0,190,0,289,58" owari="142,-35.8,321,12.1,190,-21.0,347,44.7" /></mjloggm>