<mjloggm ver="2.3"><GO type="225" lobby="0"/><UN n0="%E6%B4%BE%E9%81%A3%E3%81%AE%E3%82%B8%E3%83%A3%E3%83%83%E3%82%AF" n1="%E3%81%BF%E3%81%BF%E3%81%9A" n2="%E3%81%90%E3%81%A1%E3%82%84%E3%81%BE" n3="%E6%98%93%E5%88%A9%E8%96%A9%E4%BC%AF" dan="17,18,16,16" rate="2192.15,2252.75,2116.80,2160.90" sx="M,M,M,F"/><TAIKYOKU oya="0"/><INIT seed="0,0,0,2,5,0" ten="250,250,250,250" oya="0" hai0="81,35,13,38,48,67,76,74,4,122,40,20,99" hai1="90,18,83,126,72,11,66,1,51,134,100,70,93" hai2="31,88,94,77,86,104,124,59,85,3,71,37,73" hai3="50,119,42,63,127,28,49,52,118,129,45,36,30"/><T75/><D122/><U16/><E126/><V69/><F37/><W34/><G34/><T128/><D35/><U96/><E134/><V23/><F104/><W68/><G127/><T8/><D128/><U27/><E51/><N who="3" m="19466" /><G30/><T107/><D67/><U47/><E47/><V5/><F124/><W54/><G28/><T125/><D125/><U39/><E39/><V133/><F73/><W135/><G135/><T41/><D38/><U43/><E43/><V95/><F133/><W25/><G25/><T130/><D130/><U113/><E113/><V112/><F112/><W19/><G19/><T10/><D20/><U97/><E27/><V29/><F59/><W7/><G7/><T62/><D62/><U111/><E111/><V114/><F114/><W105/><G105/><T6/><D48/><U65/><E70/><V60/><F23/><W12/><G12/><T109/><D109/><U101/><E18/><V14/><F3/><W24/><G24/><T56/><D56/><U53/><E53/><N who="3" m="20586" /><G129/><T132/><D74/><U106/><E1/><V44/><F31/><W15/><G15/><T120/><D132/><U79/><REACH who="1" step="1"/><E101/><REACH who="1" ten="250,240,250,250" step="2"/><V64/><F29/><W102/><G102/><N who="0" m="62943" /><D120/><U32/><E32/><V55/><F69/><W84/><G68/><T26/><D26/><U123/><E123/><V121/><F121/><W117/><G63/><T91/><D40/><U110/><E110/><V9/><F71/><W57/><G57/><T33/><D41/><U131/><E131/><V61/><F61/><W82/><G119/><T115/><D33/><U58/><E58/><N who="2" m="36887" /><F55/><W46/><G46/><RYUUKYOKU ba="0,1" sc="250,-15,240,15,250,-15,250,15" hai1="11,16,65,66,72,79,83,90,93,96,97,100,106" hai3="36,42,45,82,84,117,118" /><INIT seed="1,1,1,4,5,59" ten="235,255,235,265" oya="1" hai0="110,52,27,131,103,14,5,51,38,16,101,56,39" hai1="13,105,55,40,63,62,23,31,108,67,22,68,94" hai2="89,8,112,73,83,128,84,104,82,20,25,100,46" hai3="54,42,3,81,28,70,33,121,10,109,29,98,107"/><U125/><E105/><V120/><F120/><W37/><G109/><T69/><D110/><U58/><E108/><V36/><F128/><W118/><G118/><T122/><D69/><U76/><E125/><V53/><F112/><W48/><G29/><T75/><D75/><U60/><E40/><V91/><F8/><W129/><G48/><T106/><D131/><U80/><E94/><V50/><F36/><W1/><G54/><T18/><D122/><U30/><E62/><V6/><F6/><W134/><G121/><T90/><D38/><U17/><REACH who="1" step="1"/><E22/><REACH who="1" ten="235,245,235,265" step="2"/><V26/><F20/><W123/><G123/><T32/><D39/><U0/><E0/><V114/><F114/><W41/><G41/><T7/><D32/><U2/><E2/><V34/><F34/><W11/><G3/><T117/><D117/><U93/><E93/><V9/><F104/><W21/><G21/><N who="0" m="13735" /><D106/><U77/><E77/><V64/><F100/><N who="0" m="38474" /><D90/><U43/><E43/><V49/><F91/><W130/><G42/><T15/><D15/><U135/><E135/><V65/><F89/><W57/><G134/><T19/><D14/><U45/><E45/><V88/><F26/><N who="3" m="18583" /><G1/><T119/><D119/><U35/><E35/><V71/><F25/><W74/><G130/><T95/><D95/><U24/><E24/><V44/><F44/><W85/><G129/><T61/><D51/><U79/><E79/><N who="2" m="44399" /><F50/><W133/><G37/><T97/><D97/><U113/><E113/><V99/><F99/><W96/><G96/><T116/><D116/><U47/><E47/><V124/><F46/><W4/><G98/><RYUUKYOKU ba="1,2" sc="235,15,245,15,235,-15,265,-15" hai0="5,7,18,19,52,56,61" hai1="13,17,23,30,31,55,58,60,63,67,68,76,80" /><INIT seed="1,2,2,5,5,25" ten="250,260,220,250" oya="1" hai0="32,99,92,94,93,119,26,69,5,2,113,42,71" hai1="84,74,8,73,79,111,128,1,126,134,104,29,72" hai2="22,105,38,77,23,85,86,55,35,62,49,36,115" hai3="102,14,67,107,65,6,70,44,27,13,30,7,123"/><U97/><E126/><V75/><F35/><N who="3" m="20959" /><G67/><T21/><D119/><U78/><E29/><V58/><F105/><W31/><G44/><T37/><D32/><U18/><E1/><V116/><F116/><W129/><G31/><T80/><D113/><U106/><E8/><V3/><F3/><W43/><G43/><T52/><D80/><U40/><E40/><V12/><F115/><W59/><G59/><T66/><D99/><U118/><E18/><V15/><F75/><W87/><G87/><N who="2" m="33289" /><F38/><W45/><G45/><T48/><D66/><U88/><E118/><V50/><F36/><W16/><G14/><N who="2" m="5161" /><F77/><N who="1" m="29193" /><E134/><V130/><F130/><W108/><G129/><T68/><D37/><U53/><E53/><N who="2" m="34127" /><F50/><W46/><G123/><T120/><D120/><U91/><E128/><V96/><F96/><N who="3" m="61895" /><G46/><AGARI ba="2,2" hai="22,23,46,49,55" m="34127,5161,33289" machi="46" ten="30,1000,0" yaku="8,1" doraHai="25" who="2" fromWho="3" sc="250,0,260,0,220,36,250,-16" /><INIT seed="2,0,0,5,3,91" ten="250,260,256,234" oya="2" hai0="88,54,92,2,89,132,120,27,11,51,115,75,77" hai1="17,126,31,53,34,67,95,113,135,43,12,41,127" hai2="82,6,39,90,16,37,130,102,74,70,29,52,40" hai3="112,107,1,22,83,124,8,81,121,57,26,13,78"/><V21/><F70/><W79/><G121/><T30/><D120/><U69/><E113/><V14/><F130/><W76/><G107/><T80/><D115/><U85/><E135/><V5/><F40/><W101/><G1/><T58/><D132/><U86/><E53/><V93/><F39/><W19/><G112/><T9/><D2/><U94/><E31/><V47/><F37/><W20/><G124/><N who="1" m="47658" /><E34/><V15/><F74/><W72/><G101/><T133/><D89/><U131/><E131/><V117/><F117/><W32/><G32/><T18/><D18/><U65/><E85/><N who="2" m="50487" /><F29/><W118/><G118/><T116/><D133/><U50/><E86/><V63/><F15/><W38/><G38/><T61/><D61/><N who="1" m="40111" /><E67/><V36/><F36/><W24/><G57/><T134/><D116/><U4/><E4/><V96/><F63/><W106/><G106/><T111/><D134/><U48/><E48/><AGARI ba="0,0" hai="5,6,14,16,21,47,48,52,93,96,102" m="50487" machi="48" ten="30,11600,0" yaku="8,1,52,1,54,2" doraHai="91" who="2" fromWho="1" sc="250,0,260,-116,256,116,234,0" /><INIT seed="2,1,0,5,0,94" ten="250,144,372,234" oya="2" hai0="7,83,121,129,27,84,23,1,74,100,112,45,66" hai1="116,95,122,64,30,92,3,60,87,89,39,53,25" hai2="24,38,103,106,34,58,19,93,42,35,26,135,13" hai3="67,70,118,36,31,132,73,69,52,80,10,113,130"/><V128/><F135/><W56/><G118/><T79/><D121/><U54/><E116/><V68/><F106/><W75/><G36/><T123/><D123/><U2/><E122/><V102/><F68/><W107/><G132/><T43/><D112/><U37/><E60/><V96/><F38/><W18/><G130/><T109/><D109/><U63/><E63/><V90/><F42/><W97/><G31/><T47/><D129/><U134/><E30/><V14/><F14/><W17/><G67/><T22/><D66/><U62/><E64/><V82/><F82/><W50/><G113/><T46/><D100/><U28/><E62/><V126/><F126/><W101/><G75/><T114/><D114/><U127/><E28/><V115/><F34/><W133/><G133/><T15/><D84/><U61/><E61/><V98/><F35/><W32/><G32/><T55/><D15/><U8/><E134/><V86/><F58/><W72/><G72/><T99/><D55/><U41/><E127/><V29/><F29/><W131/><G131/><T51/><D23/><U48/><E87/><V49/><F86/><W12/><REACH who="3" step="1"/><G18/><REACH who="3" ten="250,144,372,224" step="2"/><T76/><D74/><U110/><E37/><V65/><F19/><W91/><G91/><T111/><D76/><AGARI ba="1,1" hai="10,12,17,50,52,56,69,70,73,76,80,97,101,107" machi="76" ten="40,8000,1" yaku="1,1,52,1,54,1,53,1" doraHai="94" doraHaiUra="9" who="3" fromWho="0" sc="250,-83,144,0,372,0,224,93" /><INIT seed="3,0,0,1,5,50" ten="167,144,372,317" oya="3" hai0="65,49,24,0,33,104,76,17,9,118,57,31,8" hai1="102,20,38,108,72,84,113,36,19,74,51,53,135" hai2="90,106,23,46,40,45,114,116,61,18,3,95,77" hai3="37,63,101,115,131,5,89,56,130,128,15,127,55"/><W22/><G115/><T42/><D118/><U134/><E113/><V32/><F114/><W93/><G37/><N who="1" m="14442" /><E102/><V125/><F116/><W87/><G127/><T79/><D104/><U122/><E122/><V41/><F32/><W96/><G22/><N who="0" m="15767" /><D0/><U111/><E84/><V70/><F3/><W97/><REACH who="3" step="1"/><G101/><REACH who="3" ten="167,144,372,307" step="2"/><T124/><D124/><U123/><E123/><V88/><F125/><W34/><G34/><T82/><D33/><U2/><E2/><V91/><F106/><W48/><G48/><T14/><D9/><AGARI ba="0,1" hai="5,9,15,55,56,63,87,89,93,96,97,128,130,131" machi="9" ten="40,12000,1" yaku="1,1,19,1,52,1,53,1" doraHai="50" doraHaiUra="7" who="3" fromWho="0" sc="167,-120,144,0,372,0,307,130" owari="47,-45.3,144,-25.6,372,17.2,437,53.7" /></mjloggm>