<mjloggm ver="2.3"><GO type="225" lobby="0"/><UN n0="%E3%81%99%E3%81%84%E3%81%BE%E3%81%9B%E3%83%BC%E3%82%93" n1="%E3%83%B4%E3%82%A3%E3%83%AF%E3%82%B3%E3%82%B0%E3%83%8B" n2="%E3%83%96%E3%83%83%E3%83%91%E3%82%AA%E3%83%96%E3%83%81%E3%82%AD%E3%83%B3" n3="%72%69%6F%75%63%68%61%6E" dan="18,17,16,16" rate="2209.50,2225.29,2190.78,2119.01" sx="M,M,M,M"/><TAIKYOKU oya="0"/><INIT seed="0,0,0,4,1,62" ten="250,250,250,250" oya="0" hai0="88,57,77,68,4,80,126,32,129,131,48,97,95" hai1="22,132,116,35,47,82,24,76,127,83,21,87,109" hai2="71,67,26,6,11,16,55,89,1,100,0,113,106" hai3="121,63,86,45,128,130,117,107,84,110,54,36,23"/><T31/><D32/><U91/><E116/><V75/><F113/><W56/><G110/><T103/><D68/><U7/><E109/><V72/><F0/><W64/><G117/><T40/><D31/><U112/><E132/><V43/><F43/><N who="3" m="22759" /><G107/><T122/><D122/><U18/><E127/><V74/><F55/><W20/><G121/><T101/><D126/><U125/><E125/><V8/><F89/><W5/><G5/><T44/><D4/><U25/><E112/><V134/><F134/><W27/><G20/><T17/><D57/><U49/><E35/><V105/><F100/><W81/><G81/><T120/><D17/><U123/><E123/><V12/><REACH who="2" step="1"/><F26/><REACH who="2" ten="250,250,240,250" step="2"/><W96/><G96/><T79/><D120/><U14/><E7/><V90/><F90/><W53/><G53/><T99/><D103/><U60/><E60/><AGARI ba="0,1" hai="1,6,8,11,12,16,60,67,71,72,74,75,105,106" machi="60" ten="40,5200,0" yaku="1,1,52,1,54,1,53,0" doraHai="62" doraHaiUra="70" who="2" fromWho="1" sc="250,0,250,-52,240,62,250,0" /><INIT seed="1,0,0,0,2,118" ten="250,198,302,250" oya="1" hai0="11,52,112,80,3,128,89,119,14,21,15,134,47" hai1="99,40,75,104,67,36,77,97,2,27,86,98,55" hai2="61,0,37,58,71,102,5,53,133,16,126,110,91" hai3="84,113,8,94,1,26,22,12,13,32,100,90,38"/><U120/><E2/><V60/><F110/><W4/><G113/><T130/><D112/><U76/><E75/><V20/><F37/><W135/><G135/><T30/><D119/><U93/><E104/><V111/><F111/><W19/><G38/><T66/><D66/><U116/><E116/><V31/><F133/><W115/><G115/><T117/><D117/><U73/><E73/><V35/><F126/><W17/><G32/><T49/><D134/><U54/><E67/><V74/><F74/><W82/><G100/><T44/><D44/><U95/><E120/><V45/><F102/><W18/><REACH who="3" step="1"/><G82/><REACH who="3" ten="250,198,302,240" step="2"/><T46/><D80/><N who="1" m="47367" /><E36/><V131/><F35/><W83/><G83/><T68/><D130/><U63/><E40/><V56/><F131/><W28/><AGARI ba="0,1" hai="1,4,8,12,13,17,18,19,22,26,28,84,90,94" machi="28" ten="30,2000,0" yaku="1,1,0,1,53,0" doraHai="118" doraHaiUra="125" who="3" fromWho="3" sc="250,-5,198,-10,302,-5,240,30" /><INIT seed="2,0,0,3,2,15" ten="245,188,297,270" oya="2" hai0="27,42,29,121,77,78,17,107,37,117,33,9,43" hai1="102,129,83,126,60,10,5,58,109,57,70,45,18" hai2="64,114,56,122,96,6,36,13,7,32,20,120,4" hai3="86,52,55,41,130,35,63,31,61,103,68,53,85"/><V124/><F36/><W94/><G130/><T44/><D121/><N who="2" m="46698" /><F56/><W115/><G115/><T40/><D117/><U95/><E129/><V133/><F64/><W108/><G108/><T14/><D107/><U1/><E109/><V112/><F96/><N who="3" m="59799" /><G35/><T12/><D43/><U97/><E126/><V132/><F32/><W87/><G68/><T104/><D104/><U71/><E57/><V90/><F90/><W135/><G135/><N who="2" m="51785" /><F124/><W50/><G31/><T74/><D74/><U39/><E83/><V91/><F91/><W51/><G41/><T134/><D134/><U75/><E75/><V72/><F72/><W23/><G23/><T89/><D89/><U106/><E106/><V123/><N who="2" m="46706" /><V73/><DORA hai="111" /><F73/><W28/><G28/><T92/><D92/><U65/><E39/><V100/><F100/><W84/><N who="3" m="21504" /><DORA hai="88" /><W101/><G101/><T67/><D42/><U46/><E70/><V93/><F93/><W48/><AGARI ba="0,0" hai="48,50,51,52,53,55,61,63" m="21504,59799" machi="48" ten="50,8000,1" yaku="29,2,8,1,52,1,54,1" doraHai="15,111,88" who="3" fromWho="3" sc="245,-20,188,-20,297,-40,270,80" /><INIT seed="3,0,0,1,2,55" ten="225,168,257,350" oya="3" hai0="119,111,104,15,52,106,62,49,118,98,116,81,101" hai1="95,58,11,86,59,4,42,22,103,133,124,134,19" hai2="105,75,32,6,109,88,78,130,34,51,25,85,121" hai3="7,41,93,0,5,24,113,120,37,2,96,131,92"/><W87/><G113/><T127/><D111/><U69/><E69/><V54/><F105/><W3/><G120/><T74/><D127/><U108/><E124/><V112/><F112/><W29/><G131/><T12/><D106/><U128/><E128/><V43/><F130/><W8/><G87/><T126/><D126/><U94/><E42/><V17/><F6/><W107/><G107/><T63/><D81/><U14/><E108/><V48/><F109/><W64/><G64/><T90/><D90/><U80/><E133/><V70/><F70/><W20/><G7/><T57/><D74/><U61/><E134/><V31/><F43/><W45/><G92/><T36/><D36/><U56/><E61/><V114/><F34/><W66/><G66/><T73/><D73/><U99/><E94/><V79/><F79/><W91/><AGARI ba="0,0" hai="0,2,3,5,8,20,24,29,37,41,45,91,93,96" machi="91" ten="20,2100,0" yaku="0,1,7,1" doraHai="55" who="3" fromWho="3" sc="225,-7,168,-7,257,-7,350,21" owari="218,-18.2,161,-33.9,250,5.0,371,47.1" /></mjloggm>