<mjloggm ver="2.3"><GO type="225" lobby="0"/><UN n0="%6C%65%74%69%74%62%65" n1="%E3%81%90%E3%81%A1%E3%82%84%E3%81%BE" n2="%77%72%77%72%77%72%77%72" n3="%E3%83%9D%E3%83%B3%E3%83%9D%E3%82%B3%E5%95%86%E4%BA%8B" dan="16,16,17,16" rate="2062.09,2144.67,2138.96,2114.96" sx="M,M,M,M"/><TAIKYOKU oya="0"/><INIT seed="0,0,0,5,3,44" ten="250,250,250,250" oya="0" hai0="31,63,135,74,72,66,132,19,106,48,1,112,103" hai1="98,24,53,26,39,133,123,120,20,111,9,23,43" hai2="5,16,28,8,27,129,86,57,90,108,42,68,124" hai3="79,110,59,89,34,22,70,46,60,6,104,11,95"/><T116/><D112/><U51/><E111/><V78/><F108/><W121/><G34/><T37/><D37/><U85/><E133/><N who="0" m="51273" /><D1/><U91/><E9/><V33/><F68/><W38/><G104/><T12/><D31/><U88/><E43/><V56/><F129/><W109/><G70/><N who="0" m="42335" /><D116/><U80/><E39/><V105/><F105/><W29/><G121/><T113/><D113/><U127/><E127/><V36/><F78/><W40/><G79/><T92/><D92/><N who="1" m="56583" /><E123/><V45/><F124/><W25/><G95/><T131/><D131/><U32/><E32/><V35/><F35/><W81/><G81/><T69/><D69/><U107/><E107/><V75/><F75/><W61/><G89/><T134/><N who="0" m="51281" /><T94/><DORA hai="122" /><D106/><U119/><E119/><V17/><F57/><W87/><G87/><T93/><D93/><U71/><E71/><V0/><REACH who="2" step="1"/><F56/><REACH who="2" ten="250,250,240,250" step="2"/><W125/><G125/><T130/><D130/><U55/><E120/><V84/><F84/><W47/><G47/><T58/><D58/><N who="1" m="33087" /><E55/><V15/><F15/><W49/><G61/><T10/><D72/><U97/><E97/><V115/><F115/><W101/><G60/><T100/><D74/><U4/><E4/><V41/><F41/><W114/><G114/><T117/><D117/><U3/><E3/><V126/><F126/><W67/><G110/><T21/><D12/><U73/><E73/><V102/><F102/><W2/><G101/><T96/><D100/><U18/><E26/><V65/><F65/><W128/><G67/><T14/><D103/><U118/><E118/><V64/><F64/><RYUUKYOKU ba="0,1" sc="250,-15,250,15,240,15,250,-15" hai1="18,20,23,24,80,85,91" hai2="0,5,8,16,17,27,28,33,36,42,45,86,90" /><INIT seed="1,1,1,1,5,129" ten="235,265,255,235" oya="1" hai0="113,130,117,23,135,26,30,57,131,73,12,31,45" hai1="103,105,124,46,15,68,48,59,54,92,86,88,63" hai2="22,101,14,120,42,18,5,47,114,69,121,28,122" hai3="127,6,8,0,116,36,119,61,89,125,77,3,11"/><U78/><E124/><N who="3" m="47690" /><G36/><T7/><D73/><U104/><E68/><V91/><F114/><W51/><G77/><T133/><D113/><U66/><E103/><V90/><F69/><W96/><G61/><T115/><D115/><U62/><E62/><V17/><F28/><N who="0" m="10794" /><D57/><U56/><E56/><V41/><F5/><N who="3" m="1063" /><G51/><T24/><D45/><U33/><E33/><V20/><F101/><W87/><G96/><T53/><D53/><U74/><REACH who="1" step="1"/><E15/><REACH who="1" ten="235,255,255,235" step="2"/><V107/><F107/><W32/><G32/><T9/><D117/><U60/><E60/><V100/><F100/><W52/><G52/><T27/><D23/><U75/><E75/><V72/><F72/><W43/><G43/><T19/><D7/><U25/><E25/><V35/><F35/><W55/><G55/><T1/><D1/><U21/><E21/><V50/><REACH who="2" step="1"/><F41/><REACH who="2" ten="235,255,245,235" step="2"/><W126/><G126/><T10/><D10/><U111/><E111/><V29/><F29/><W79/><G119/><T128/><AGARI ba="1,3" hai="9,12,19,24,26,27,128,130,131,133,135" m="10794" machi="128" ten="40,8000,1" yaku="19,1,34,2,52,2" doraHai="129" who="0" fromWho="0" sc="235,113,255,-41,245,-21,235,-21" /><INIT seed="2,0,0,3,1,68" ten="348,214,224,214" oya="2" hai0="15,82,131,92,74,101,105,110,22,58,18,112,119" hai1="91,35,5,100,83,28,98,43,49,126,69,26,63" hai2="19,64,10,3,59,118,45,17,81,86,4,134,31" hai3="111,42,93,85,127,37,73,9,6,77,95,25,70"/><V41/><F118/><W55/><G111/><T11/><D112/><U47/><E126/><V96/><F134/><W61/><G127/><T124/><D105/><U50/><E5/><V75/><F31/><W57/><G25/><T135/><D124/><U109/><E109/><V20/><F96/><W65/><G85/><T78/><D110/><U33/><E83/><V12/><F17/><W0/><G70/><T16/><D119/><U115/><E91/><V132/><F132/><W79/><G65/><T103/><D135/><U24/><E115/><V106/><F106/><W125/><G125/><T7/><D131/><U1/><E1/><V53/><F64/><W13/><G13/><T99/><D58/><U107/><E50/><V67/><F67/><W36/><G42/><T120/><D120/><U133/><E133/><V80/><F75/><W46/><G46/><T29/><D101/><U129/><E129/><V108/><F108/><W8/><G8/><T30/><REACH who="0" step="1"/><D18/><REACH who="0" ten="338,214,224,214" step="2"/><U48/><E69/><V102/><F102/><W34/><G57/><T122/><D122/><U72/><E100/><V21/><F19/><W121/><G121/><T32/><D32/><U44/><E35/><V2/><F59/><N who="3" m="35071" /><G34/><T114/><D114/><U51/><E107/><V97/><F45/><W116/><G116/><T128/><D128/><U60/><E47/><V113/><F113/><W54/><G54/><T90/><D90/><U117/><E117/><V130/><F53/><W52/><G52/><T87/><D87/><U84/><E84/><V40/><F86/><W66/><G73/><T123/><D123/><RYUUKYOKU ba="0,1" sc="338,30,214,-10,224,-10,214,-10" hai0="7,11,15,16,22,29,30,74,78,82,92,99,103" /><INIT seed="3,1,1,5,1,36" ten="368,204,214,204" oya="3" hai0="66,124,79,84,99,132,119,29,7,20,106,122,74" hai1="28,48,22,25,10,127,42,101,24,86,17,104,41" hai2="94,110,115,61,130,103,96,21,37,111,53,23,40" hai3="19,89,51,3,46,92,2,31,58,75,50,18,26"/><W85/><G75/><T54/><D119/><U126/><E86/><V72/><F115/><W77/><G77/><T81/><D122/><U100/><E48/><V78/><F130/><W71/><G71/><T105/><D7/><U134/><E134/><V32/><F32/><W69/><G69/><T123/><D123/><U59/><E59/><N who="2" m="35055" /><F40/><N who="1" m="15465" /><E104/><V117/><F37/><W135/><G135/><T14/><D66/><U95/><E95/><V60/><F60/><W8/><G58/><T67/><D124/><N who="1" m="47659" /><E10/><V80/><F117/><W128/><G128/><T6/><D84/><U129/><E129/><V33/><F33/><AGARI ba="1,1" hai="17,22,24,25,28,33,100,101" m="47659,15465" machi="33" ten="30,7700,0" yaku="18,1,52,3" doraHai="36" who="1" fromWho="2" sc="368,0,204,90,214,-80,204,0" owari="368,46.8,294,9.4,134,-36.6,204,-19.6" /></mjloggm>