<mjloggm ver="2.3"><GO type="225" lobby="0"/><UN n0="%E9%B3%B3%E6%9D%B1%E3%81%AE%E3%81%BF%E3%81%91%E3%81%AB%E3%82%83%E3%82%93" n1="%E7%89%B9%E6%9D%B1%E3%81%AF%E4%B8%96%E7%95%8C%E3%82%92%E6%95%91%E3%81%86" n2="%E3%81%90%E3%81%A1%E3%82%84%E3%81%BE" n3="%E3%81%BF%E3%81%BF%E3%81%9A" dan="17,16,16,18" rate="2203.30,2165.82,2127.76,2225.30" sx="F,M,M,M"/><TAIKYOKU oya="0"/><INIT seed="0,0,0,2,4,40" ten="250,250,250,250" oya="0" hai0="54,7,35,124,69,120,6,25,134,1,32,94,62" hai1="132,116,30,122,80,50,111,133,17,75,34,16,104" hai2="10,97,4,67,79,118,19,85,24,57,33,46,105" hai3="127,106,99,47,109,36,41,123,39,73,103,9,112"/><T135/><D120/><U131/><E104/><V102/><F118/><W68/><G112/><T5/><D124/><U18/><E122/><V115/><F115/><W61/><G123/><T12/><D1/><U23/><E116/><V126/><F126/><W21/><G127/><T98/><D12/><N who="1" m="9607" /><E50/><V55/><F67/><W29/><G109/><T15/><D15/><U63/><E63/><V65/><F65/><W70/><G73/><T86/><D86/><U96/><E96/><V49/><F19/><N who="1" m="7177" /><E80/><V81/><F24/><W3/><G36/><T8/><D8/><U2/><E75/><V43/><F33/><W13/><G3/><T71/><D54/><U52/><E52/><V87/><F87/><W119/><G61/><T90/><D62/><U28/><E111/><V44/><REACH who="2" step="1"/><F43/><REACH who="2" ten="250,250,240,250" step="2"/><W27/><G119/><T114/><D114/><U121/><E121/><V56/><F56/><W51/><G39/><T78/><D78/><U92/><E34/><V66/><F66/><W91/><G70/><T77/><D77/><U84/><E28/><V59/><F59/><W76/><G68/><T31/><REACH who="0" step="1"/><D35/><REACH who="0" ten="240,250,240,250" step="2"/><U117/><E117/><V14/><AGARI ba="0,2" hai="4,10,14,44,46,49,55,57,79,81,85,97,102,105" machi="14" ten="20,8000,1" yaku="1,1,0,1,7,1,52,2,53,0" doraHai="40" doraHaiUra="130" who="2" fromWho="2" sc="240,-40,250,-20,240,100,250,-20" /><INIT seed="1,0,0,5,2,21" ten="200,230,340,230" oya="1" hai0="99,9,75,30,6,91,116,120,133,111,84,29,5" hai1="59,65,37,98,55,127,89,80,16,72,39,76,81" hai2="58,52,74,23,83,117,27,78,134,90,46,79,93" hai3="56,61,20,24,106,35,28,86,41,22,104,4,107"/><U126/><E65/><V47/><F117/><W66/><G4/><T113/><D113/><U118/><E118/><V25/><F134/><W42/><G86/><T62/><D116/><U50/><E16/><N who="2" m="12519" /><F74/><W125/><G125/><N who="1" m="47626" /><E81/><V124/><F124/><W112/><G112/><T87/><D75/><U48/><E50/><N who="2" m="30999" /><F27/><W7/><G7/><T44/><D111/><U128/><E128/><V40/><F83/><W123/><G123/><T51/><D133/><U68/><E68/><V82/><F82/><W19/><REACH who="3" step="1"/><G35/><REACH who="3" ten="200,230,340,220" step="2"/><T13/><D84/><U26/><E72/><V115/><F115/><W63/><G63/><T32/><D62/><U67/><E37/><V36/><F36/><W95/><G95/><T110/><D87/><U15/><E39/><V33/><F33/><W108/><G108/><T31/><D32/><U102/><E80/><V109/><F109/><W10/><G10/><T132/><D110/><U119/><E119/><V88/><F90/><W60/><G60/><T92/><D132/><U53/><E89/><V0/><F0/><W49/><G49/><T70/><D120/><U94/><E48/><N who="2" m="26695" /><F47/><W71/><G71/><T114/><D70/><U57/><E76/><V101/><F101/><W96/><G96/><AGARI ba="0,1" hai="78,79,88,93,96" m="26695,30999,12519" machi="96" ten="30,8000,1" yaku="8,1,52,1,54,3" doraHai="21" who="2" fromWho="3" sc="200,0,230,0,340,90,220,-80" /><INIT seed="2,0,0,0,1,101" ten="200,230,430,140" oya="2" hai0="68,113,26,71,121,72,91,103,130,2,134,6,13" hai1="37,122,61,98,31,108,5,59,15,41,4,125,42" hai2="97,34,32,24,135,87,115,64,116,120,100,55,11" hai3="82,56,66,17,29,18,70,12,119,1,118,89,80"/><V132/><F116/><W7/><G70/><T92/><D113/><U60/><E108/><V81/><F115/><W9/><G17/><T69/><D121/><U133/><E122/><V50/><F64/><W83/><G89/><T20/><D2/><U67/><E133/><V104/><F11/><W74/><G74/><T77/><D134/><U105/><E125/><V0/><F0/><W85/><G85/><T73/><D130/><U51/><E37/><V95/><F95/><W10/><REACH who="3" step="1"/><G29/><REACH who="3" ten="200,230,430,130" step="2"/><T58/><D91/><U109/><E31/><V22/><F87/><W8/><G8/><T57/><D73/><U30/><E30/><V124/><F132/><W110/><G110/><T123/><D72/><U79/><E109/><V62/><F135/><W53/><G53/><T25/><D123/><U16/><E16/><V3/><F55/><W84/><G84/><T33/><D77/><U23/><E79/><V38/><F124/><W35/><G35/><T114/><D114/><U45/><E67/><V47/><F34/><W86/><G86/><T36/><D33/><U117/><E5/><V94/><F32/><W28/><G28/><T40/><D6/><U129/><E4/><V19/><F19/><W106/><G106/><T102/><D68/><U107/><E107/><V127/><F104/><W54/><G54/><T93/><D20/><U90/><E23/><V39/><F22/><W48/><G48/><T128/><D36/><U46/><E51/><V75/><F127/><W49/><G49/><T43/><D128/><U126/><E129/><V63/><F120/><W76/><G76/><RYUUKYOKU ba="0,1" sc="200,15,230,-15,430,-15,130,15" hai0="13,25,26,40,43,57,58,69,71,92,93,102,103" hai3="1,7,9,10,12,18,56,66,80,82,83,118,119" /><INIT seed="3,1,1,2,5,4" ten="215,215,415,145" oya="3" hai0="37,21,108,104,13,111,33,130,121,23,46,62,1" hai1="133,48,24,55,110,134,109,47,97,50,66,84,123" hai2="32,26,101,8,81,12,82,17,16,95,39,45,126" hai3="98,53,3,25,29,120,75,96,87,54,10,56,129"/><W118/><G118/><T59/><D121/><U83/><E123/><V36/><F32/><W7/><G120/><T34/><D1/><U44/><E66/><V2/><F2/><W77/><G75/><T20/><D104/><U6/><E6/><V64/><F64/><W122/><G129/><T105/><D105/><U0/><E97/><V43/><F101/><W124/><G124/><T100/><D100/><U28/><E0/><V79/><F95/><W38/><G38/><T102/><D102/><U88/><E50/><V69/><F69/><W41/><G41/><N who="0" m="22831" /><D13/><U89/><E89/><V42/><F8/><W91/><G122/><T107/><D107/><U78/><E44/><V99/><F45/><W112/><G112/><T135/><D130/><U30/><E78/><V106/><F26/><W49/><G54/><N who="0" m="34167" /><D135/><N who="1" m="51723" /><E30/><V11/><F12/><W9/><G77/><T85/><D85/><U15/><E15/><V114/><F99/><W22/><REACH who="3" step="1"/><G9/><REACH who="3" ten="215,215,415,135" step="2"/><T94/><D94/><AGARI ba="1,2" hai="3,7,10,22,25,29,49,53,56,87,91,94,96,98" machi="94" ten="30,12000,1" yaku="1,1,2,1,7,1,52,1,53,1" doraHai="4" doraHaiUra="90" who="3" fromWho="0" sc="215,-123,215,0,415,0,135,143" /><INIT seed="3,2,0,3,0,32" ten="92,215,415,278" oya="3" hai0="97,116,11,89,80,16,13,133,86,93,83,101,4" hai1="90,98,94,72,50,108,43,110,77,87,84,60,12" hai2="29,71,7,114,78,65,36,42,25,126,128,31,70" hai3="1,47,40,124,76,100,19,37,67,22,30,102,109"/><W104/><G124/><T117/><D133/><U27/><E60/><V127/><F114/><W111/><G30/><T53/><D117/><U99/><E12/><V48/><F36/><W15/><G67/><T92/><D116/><U52/><E43/><V45/><F128/><W134/><G134/><T63/><D63/><U17/><E27/><V6/><F78/><W85/><G104/><T34/><D34/><U3/><E3/><V24/><F24/><W26/><G26/><T129/><D129/><U41/><E41/><V0/><F31/><W39/><G39/><T38/><D38/><U130/><E17/><V56/><F56/><W73/><G73/><T55/><D4/><N who="2" m="1578" /><F0/><W64/><G1/><T121/><D121/><U58/><E72/><V35/><F65/><W105/><G64/><T2/><D2/><U66/><E66/><V91/><F91/><W18/><G18/><T5/><D5/><U88/><E77/><V119/><F119/><W61/><G61/><T120/><D120/><U9/><E9/><V106/><F106/><W75/><G75/><T123/><D123/><U96/><REACH who="1" step="1"/><E130/><REACH who="1" ten="92,205,415,278" step="2"/><V28/><F28/><W122/><G76/><T62/><REACH who="0" step="1"/><D62/><REACH who="0" ten="82,205,415,278" step="2"/><U81/><AGARI ba="2,2" hai="50,52,58,81,84,87,88,90,94,96,98,99,108,110" machi="81" ten="30,12000,2" yaku="1,1,2,1,0,1,54,2,53,1" doraHai="32" doraHaiUra="46" who="1" fromWho="1" sc="82,-32,205,146,415,-32,278,-62" owari="50,-45.0,351,15.1,383,48.3,216,-18.4" /></mjloggm>