<mjloggm ver="2.3"><GO type="225" lobby="0"/><UN n0="%E3%83%96%E3%83%83%E3%83%91%E3%82%AA%E3%83%96%E3%83%81%E3%82%AD%E3%83%B3" n1="%E6%9D%B1%E9%A2%A8%E3%81%AE%E3%81%8D%E3%82%83%E3%81%B7%E3%81%95%E3%82%93" n2="%E7%AB%8B%E8%8A%B1%E9%9F%BF" n3="%E3%83%94%E3%82%AB%E3%83%81%E3%83%A5%E3%82%A6%E3%81%8F%E3%82%93" dan="16,16,17,16" rate="2135.00,2161.31,2207.24,2087.74" sx="M,M,F,F"/><TAIKYOKU oya="0"/><INIT seed="0,0,0,0,0,34" ten="250,250,250,250" oya="0" hai0="45,33,73,39,46,71,106,103,108,28,37,111,122" hai1="97,18,86,96,9,80,2,84,64,4,98,120,13" hai2="54,94,130,7,24,30,40,8,113,93,114,75,47" hai3="6,17,59,62,118,1,44,3,22,29,15,43,104"/><T134/><D73/><U26/><E120/><V57/><F75/><W126/><G118/><T91/><D122/><U74/><E64/><V121/><F130/><W87/><G104/><T36/><D91/><U83/><E26/><V58/><F121/><W117/><G117/><T132/><D33/><U20/><REACH who="1" step="1"/><E80/><REACH who="1" ten="250,240,250,250" step="2"/><V107/><F114/><W63/><G126/><T35/><D71/><U16/><E16/><V85/><F113/><W88/><G29/><T56/><D28/><U27/><E27/><V0/><F24/><W61/><G6/><T41/><D35/><U128/><E128/><V11/><F30/><W53/><G63/><T135/><D41/><U23/><E23/><V124/><F7/><W77/><G62/><T31/><D31/><U21/><E21/><V55/><F40/><W60/><G60/><T67/><D67/><U116/><E116/><V25/><F25/><W49/><REACH who="3" step="1"/><G77/><AGARI ba="0,1" hai="2,4,9,13,18,20,74,77,83,84,86,96,97,98" machi="77" ten="40,5200,0" yaku="1,1,52,1,53,1" doraHai="34" doraHaiUra="76" who="1" fromWho="3" sc="250,0,240,62,250,0,250,-52" /><INIT seed="1,0,0,3,0,61" ten="250,302,250,198" oya="1" hai0="11,126,71,51,80,59,115,54,64,105,4,94,83" hai1="101,73,78,117,131,135,19,26,47,55,118,120,111" hai2="77,36,21,29,27,45,102,112,68,88,69,10,87" hai3="116,48,95,99,20,97,75,44,107,42,96,104,125"/><U1/><E1/><V106/><F112/><W119/><G20/><T130/><D115/><U46/><E120/><V74/><F77/><W14/><G14/><T124/><D105/><U79/><E101/><V17/><F74/><W128/><G75/><T127/><D130/><U6/><E6/><V114/><F114/><W34/><G34/><T43/><D43/><U2/><E2/><V35/><F10/><W24/><G128/><T3/><REACH who="0" step="1"/><D94/><REACH who="0" ten="240,302,250,198" step="2"/><U57/><E131/><V121/><F121/><W12/><G107/><T109/><D109/><U85/><E111/><V62/><F106/><W22/><G104/><T50/><D50/><U18/><E135/><V110/><F110/><W40/><G95/><T58/><D58/><U132/><E132/><V38/><F69/><W100/><G40/><T7/><D7/><U123/><E123/><V37/><F45/><W82/><G119/><T134/><D134/><U122/><E122/><V72/><F68/><W108/><G116/><T9/><D9/><U129/><E129/><V76/><F36/><W32/><G108/><T23/><D23/><U90/><E118/><V31/><F37/><W92/><G125/><T66/><D66/><U25/><E117/><V103/><F38/><W133/><G133/><T84/><D84/><U93/><E46/><V67/><F72/><W70/><G70/><T53/><D53/><U41/><E73/><V28/><F21/><W0/><G32/><T81/><D81/><U15/><E47/><V13/><F87/><W52/><G82/><T16/><D16/><U91/><E41/><V39/><F35/><RYUUKYOKU ba="0,1" sc="240,30,302,-10,250,-10,198,-10" hai0="3,4,11,51,54,59,64,71,80,83,124,126,127" /><INIT seed="2,1,1,0,1,102" ten="270,292,240,188" oya="2" hai0="20,8,122,31,62,28,120,21,13,10,52,119,117" hai1="68,103,41,134,104,55,42,64,99,63,125,135,87" hai2="101,45,73,19,127,92,69,56,50,53,23,11,84" hai3="126,113,18,48,94,133,61,5,1,60,81,40,75"/><V78/><F69/><W70/><G133/><N who="1" m="50698" /><E125/><V54/><F127/><W4/><G126/><T2/><D62/><U114/><E114/><V71/><F71/><W67/><G113/><T57/><D57/><U17/><E17/><V132/><F132/><W34/><G34/><T97/><D52/><U109/><E109/><V6/><F73/><W65/><G94/><T29/><D97/><U123/><E123/><N who="0" m="47145" /><D2/><U79/><E55/><V107/><F107/><W106/><G106/><T15/><D15/><U83/><AGARI ba="1,1" hai="41,42,63,64,68,79,83,87,99,103,104" m="50698" machi="83" ten="30,2000,0" yaku="20,1,52,1" doraHai="102" who="1" fromWho="1" sc="270,-6,292,33,240,-11,188,-6" /><INIT seed="3,0,0,4,2,45" ten="264,325,229,182" oya="3" hai0="133,13,112,105,88,93,117,52,63,90,34,58,32" hai1="59,122,103,98,55,128,23,40,125,107,74,26,120" hai2="22,20,119,61,11,31,101,12,123,57,19,44,10" hai3="87,15,113,131,43,71,118,97,116,4,65,124,62"/><W111/><G113/><T127/><D117/><U39/><E74/><V1/><F119/><W67/><G131/><T109/><D112/><U25/><E125/><V35/><F123/><W8/><G124/><T36/><D127/><U48/><E128/><V49/><F101/><W38/><G111/><T92/><D105/><U47/><E26/><N who="2" m="16855" /><F35/><W68/><G97/><T54/><D36/><U9/><E9/><V99/><F1/><W27/><G27/><T28/><D109/><U84/><E84/><V83/><F83/><W18/><G87/><N who="0" m="52255" /><D133/><U104/><E104/><V37/><F37/><W30/><G30/><AGARI ba="0,0" hai="23,25,30,39,40,47,48,55,59,98,103,107,120,122" machi="30" ten="30,2000,0" yaku="7,1,52,1" doraHai="45" who="1" fromWho="3" sc="264,0,325,20,229,0,182,-20" owari="264,6.4,345,44.5,229,-17.1,162,-33.8" /></mjloggm>