<mjloggm ver="2.3"><GO type="225" lobby="0"/><UN n0="%43%68%65" n1="%E6%98%93%E5%88%A9%E8%96%A9%E4%BC%AF" n2="%E3%81%BF%E3%81%BF%E3%81%9A" n3="%30%2E%31%32%30" dan="16,17,18,16" rate="2117.40,2170.85,2238.53,2116.57" sx="M,F,M,M"/><TAIKYOKU oya="0"/><INIT seed="0,0,0,3,2,85" ten="250,250,250,250" oya="0" hai0="113,28,50,56,24,2,110,51,93,35,88,22,69" hai1="26,3,1,95,124,131,104,94,92,4,68,130,20" hai2="63,80,98,49,14,59,100,21,29,25,83,81,82" hai3="34,71,12,79,23,31,86,30,0,118,48,11,53"/><T19/><D113/><U107/><E68/><V32/><F49/><W38/><G38/><T7/><D69/><U66/><E66/><V114/><F114/><W87/><G71/><T44/><D110/><U52/><E124/><V129/><F129/><N who="1" m="49161" /><E4/><V97/><N who="2" m="20480" /><DORA hai="78" /><V8/><F32/><W116/><G79/><T70/><D70/><U16/><E52/><N who="2" m="34279" /><F100/><W57/><G34/><T90/><D56/><U102/><E102/><V17/><AGARI ba="0,0" hai="8,14,17,21,25,29,97,98" m="34279,20480" machi="17" ten="40,12000,2" yaku="8,1,52,4,54,1" doraHai="85,78" who="2" fromWho="2" sc="250,-60,250,-30,250,120,250,-30" /><INIT seed="1,0,0,0,2,81" ten="190,220,370,220" oya="1" hai0="109,50,19,71,9,98,101,13,44,85,11,58,131" hai1="41,89,114,112,103,111,75,116,73,8,27,15,82" hai2="120,51,123,74,106,47,38,79,107,12,17,113,2" hai3="63,43,129,99,87,134,36,37,60,52,6,94,48"/><U86/><E116/><V126/><F2/><W22/><G129/><T130/><D71/><U124/><E124/><V28/><F38/><W62/><G134/><T20/><D109/><U5/><E111/><V69/><F69/><W49/><G6/><T65/><D131/><U97/><E41/><V57/><F28/><W45/><G22/><T46/><D130/><U121/><E121/><V23/><F126/><W84/><G37/><T40/><D46/><U135/><E135/><V70/><F70/><W110/><G110/><T53/><D65/><U122/><E27/><V26/><F57/><N who="3" m="32903" /><G36/><T104/><REACH who="0" step="1"/><D85/><REACH who="0" ten="180,220,370,220" step="2"/><U105/><REACH who="1" step="1"/><E122/><REACH who="1" ten="180,210,370,220" step="2"/><V31/><F120/><W0/><G0/><T133/><D133/><U92/><E92/><V64/><F123/><W21/><G21/><T95/><D95/><U66/><E66/><V18/><F64/><W34/><G34/><T4/><D4/><U128/><E128/><V29/><F107/><W125/><G125/><T16/><D16/><U80/><E80/><N who="2" m="45175" /><F106/><W55/><G43/><T30/><D30/><U32/><E32/><V83/><F83/><W77/><G77/><T118/><D118/><U102/><E102/><AGARI ba="0,2" hai="45,49,55,60,62,63,84,87,94,99,102" m="32903" machi="102" ten="30,7700,0" yaku="8,1,52,2,54,1" doraHai="81" who="3" fromWho="1" sc="180,0,210,-77,370,0,220,97" /><INIT seed="2,0,0,2,4,67" ten="180,133,370,317" oya="2" hai0="54,97,92,40,49,39,1,103,21,88,117,47,135" hai1="134,6,38,35,62,59,53,8,28,93,107,58,115" hai2="2,60,108,26,83,91,127,23,123,77,132,17,61" hai3="110,66,79,69,50,27,13,55,105,52,56,94,14"/><V133/><F123/><W15/><G105/><T30/><D1/><U82/><E107/><V129/><F2/><W45/><G110/><T122/><D122/><U31/><E115/><V98/><F108/><W90/><G79/><T16/><D135/><N who="2" m="51786" /><F129/><W19/><G69/><T0/><D0/><U81/><E38/><V101/><F91/><W75/><G75/><T44/><D117/><U131/><E131/><V33/><F33/><W111/><G111/><T32/><D32/><U99/><E134/><V119/><F127/><W5/><G66/><T9/><D9/><U25/><E31/><V100/><F119/><W80/><G80/><T114/><D114/><U10/><E59/><V11/><F11/><W118/><G118/><T3/><D3/><U72/><E72/><N who="2" m="43431" /><F100/><W121/><G121/><T124/><D124/><U96/><E10/><V126/><F126/><W42/><G5/><T106/><D30/><U116/><E116/><V48/><F48/><W36/><G36/><T73/><D73/><U104/><E8/><V51/><F51/><W65/><G90/><T76/><D76/><U63/><E6/><V46/><F46/><W57/><G94/><AGARI ba="0,0" hai="17,23,26,60,61,94,98,101" m="43431,51786" machi="94" ten="30,1500,0" yaku="20,1" doraHai="67" who="2" fromWho="3" sc="180,0,133,0,370,15,317,-15" /><INIT seed="2,1,0,4,3,64" ten="180,133,385,302" oya="2" hai0="31,90,102,113,134,63,43,100,135,61,121,103,60" hai1="106,110,7,2,80,132,69,122,127,93,10,47,99" hai2="19,81,51,126,48,46,76,116,105,95,129,119,97" hai3="11,28,22,26,111,9,12,133,131,59,96,114,52"/><V53/><F126/><W49/><G111/><T83/><D113/><U109/><E127/><V66/><F105/><W78/><G114/><T32/><D121/><U92/><E132/><N who="0" m="50729" /><D43/><U107/><E122/><V86/><F129/><W56/><G131/><T1/><D1/><U79/><E47/><V88/><F66/><W17/><G133/><T58/><D31/><U3/><E3/><V55/><REACH who="2" step="1"/><F19/><REACH who="2" ten="180,133,375,302" step="2"/><W77/><G9/><T33/><D58/><AGARI ba="1,1" hai="46,48,51,53,55,58,76,81,86,88,95,97,116,119" machi="58" ten="30,11600,0" yaku="1,1,2,1,7,1,54,1,53,0" doraHai="64" doraHaiUra="118" who="2" fromWho="0" sc="180,-119,133,0,375,129,302,0" /><INIT seed="2,2,0,5,2,23" ten="61,133,504,302" oya="2" hai0="64,47,70,29,53,125,80,133,106,81,4,5,48" hai1="24,13,7,54,76,8,118,63,68,57,59,94,39" hai2="105,99,2,111,79,122,74,113,123,31,49,34,20" hai3="95,11,77,97,87,51,45,38,65,66,119,16,88"/><V107/><F20/><W124/><G119/><T109/><D106/><N who="2" m="40458" /><F49/><W90/><G38/><T55/><D109/><U100/><E39/><V72/><F99/><W36/><G77/><T128/><D125/><U37/><E37/><V69/><F113/><W0/><G36/><T86/><D128/><U103/><E118/><V89/><F89/><W18/><G0/><T101/><D133/><U102/><E68/><V22/><F22/><W83/><G124/><T104/><D81/><U121/><E121/><N who="2" m="46091" /><F79/><W114/><G114/><T41/><D29/><U71/><E71/><V42/><F42/><W26/><G26/><T25/><D25/><U92/><E76/><V21/><F21/><W28/><G28/><T112/><D112/><U62/><E24/><N who="2" m="18791" /><F111/><W14/><REACH who="3" step="1"/><G18/><REACH who="3" ten="61,133,504,292" step="2"/><T44/><D4/><U35/><E35/><V116/><F116/><W3/><G3/><T46/><D5/><U40/><E40/><AGARI ba="2,1" hai="11,14,16,40,45,51,65,66,83,87,88,90,95,97" machi="40" ten="30,8000,1" yaku="1,1,7,1,8,1,54,2,53,0" doraHai="23" doraHaiUra="32" who="3" fromWho="1" sc="61,0,133,-86,504,0,292,96" /><INIT seed="3,0,0,5,1,78" ten="61,47,504,388" oya="3" hai0="39,81,65,86,35,91,74,40,21,48,72,59,12" hai1="61,36,110,45,118,2,79,38,67,0,73,26,96" hai2="10,106,94,18,34,68,92,116,50,121,93,95,29" hai3="82,111,28,128,6,19,13,124,7,132,77,123,88"/><W87/><G123/><T58/><D35/><U55/><E110/><V9/><F106/><W33/><G124/><T119/><D119/><U8/><E118/><V125/><F116/><W53/><G111/><T62/><D39/><U44/><E26/><V37/><F37/><W54/><G128/><T64/><D40/><U131/><E131/><V1/><F68/><W108/><G108/><T16/><D48/><U76/><E96/><V57/><F125/><W130/><G130/><T63/><AGARI ba="0,0" hai="12,16,21,58,59,62,63,64,65,72,74,81,86,91" machi="63" ten="30,7900,0" yaku="0,1,9,1,52,1,54,1" doraHai="78" who="0" fromWho="0" sc="61,79,47,-20,504,-20,388,-39" owari="140,-26.0,27,-47.3,484,58.4,349,14.9" /></mjloggm>