<mjloggm ver="2.3"><GO type="225" lobby="0"/><UN n0="%E3%81%BE%E3%81%A8%E3%81%9F" n1="%E6%A0%B9%E5%85%83%E3%81%8B%E3%82%89%E5%90%B9%E3%81%A3%E9%A3%9B%E3%81%B6" n2="%72%65%6E%6B%75%6E" n3="%E3%83%A9%E3%82%A4%E3%83%B3%E3%81%AE%E8%99%8E" dan="16,17,17,16" rate="2118.57,2107.40,2236.79,2146.24" sx="M,F,M,M"/><TAIKYOKU oya="0"/><INIT seed="0,0,0,1,1,110" ten="250,250,250,250" oya="0" hai0="47,63,111,68,125,9,25,131,83,120,101,60,103" hai1="4,91,16,87,129,72,31,53,14,39,28,73,8" hai2="45,20,23,2,15,105,10,75,95,18,90,38,126" hai3="80,128,26,37,135,12,46,58,22,67,122,11,5"/><T32/><D120/><U109/><E109/><V82/><F105/><W134/><G122/><T51/><D111/><U77/><E39/><V41/><F126/><W43/><G128/><T50/><D9/><U64/><E129/><V30/><F30/><W123/><G123/><T33/><D131/><U84/><E64/><V85/><REACH who="2" step="1"/><F2/><REACH who="2" ten="250,250,240,250" step="2"/><W27/><G134/><T6/><D125/><U99/><E31/><V7/><F7/><W93/><G135/><T66/><D6/><U69/><E28/><V24/><F24/><W112/><G27/><T81/><D25/><U130/><E4/><V88/><F88/><W17/><G5/><T121/><D121/><U89/><E91/><V97/><F97/><W71/><G26/><T107/><D107/><U94/><E130/><V56/><F56/><W114/><G58/><T59/><D59/><U102/><E89/><V3/><F3/><W49/><G17/><T115/><D68/><U133/><E69/><V21/><F21/><W34/><G22/><T76/><D76/><AGARI ba="0,1" hai="10,15,18,20,23,38,41,45,75,76,82,85,90,95" machi="76" ten="40,2600,0" yaku="1,1,53,1" doraHai="110" doraHaiUra="78" who="2" fromWho="0" sc="250,-26,250,0,240,36,250,0" /><INIT seed="1,0,0,3,2,116" ten="224,250,276,250" oya="1" hai0="23,54,113,29,26,17,78,85,106,63,20,1,135" hai1="122,79,71,0,101,28,60,75,32,16,22,100,102" hai2="70,13,103,4,119,111,95,56,30,126,108,89,125" hai3="117,81,104,124,5,50,76,47,35,120,64,38,98"/><U15/><E0/><V123/><F70/><W34/><G117/><T96/><D113/><U84/><E75/><V51/><F119/><W114/><G114/><T73/><D73/><U37/><E37/><V68/><F68/><W31/><G124/><N who="2" m="47721" /><F30/><W121/><G5/><T131/><D1/><U99/><E32/><V3/><F3/><W53/><G64/><T36/><D36/><U82/><E28/><V134/><F103/><W45/><G45/><T132/><D131/><U58/><E71/><V25/><F25/><W43/><G31/><T91/><D96/><U88/><E122/><V44/><F56/><W14/><G14/><T87/><D106/><U57/><E57/><V8/><F134/><W90/><G50/><T77/><D132/><U118/><E118/><V110/><F123/><N who="3" m="47179" /><G90/><T46/><D91/><U94/><E101/><V69/><F69/><W39/><G53/><AGARI ba="0,0" hai="15,16,22,53,58,60,79,82,84,88,94,99,100,102" machi="53" ten="30,11600,0" yaku="7,1,8,1,54,2" doraHai="116" who="1" fromWho="3" sc="224,0,250,116,276,0,250,-116" /><INIT seed="1,1,0,1,0,43" ten="224,366,276,134" oya="1" hai0="134,77,116,55,76,75,127,126,119,0,96,124,80" hai1="132,38,7,54,46,114,36,18,51,106,65,42,67" hai2="98,103,25,1,82,39,79,125,70,69,129,86,29" hai3="50,20,72,112,33,130,59,89,49,8,121,62,120"/><U73/><E106/><V41/><F129/><W117/><G33/><T61/><D0/><U63/><E73/><V85/><F1/><W40/><G72/><N who="0" m="43015" /><D61/><U97/><E97/><V90/><F125/><W32/><G32/><T21/><D21/><U26/><E7/><V94/><F41/><W34/><G34/><T10/><D10/><U11/><E114/><V9/><F9/><W131/><G89/><T30/><D55/><U44/><E132/><V93/><F39/><N who="1" m="14889" /><E11/><V88/><REACH who="2" step="1"/><F79/><REACH who="2" ten="224,366,266,134" step="2"/><W27/><G8/><T58/><D134/><U104/><E42/><V108/><F108/><W16/><G112/><T107/><D119/><U135/><E135/><V122/><F122/><W3/><G3/><T23/><D116/><U74/><E65/><V53/><F53/><N who="3" m="34159" /><G117/><T92/><D126/><U66/><E66/><V87/><F87/><W109/><G109/><T4/><D127/><U17/><E74/><V22/><AGARI ba="1,1" hai="22,25,29,69,70,82,85,86,88,90,93,94,98,103" machi="22" ten="20,5200,0" yaku="1,1,0,1,7,1,54,1,53,0" doraHai="43" doraHaiUra="68" who="2" fromWho="2" sc="224,-14,366,-27,266,65,134,-14" /><INIT seed="2,0,0,0,2,63" ten="210,339,331,120" oya="2" hai0="11,130,47,94,12,64,92,133,44,18,80,120,111" hai1="82,48,89,29,79,34,38,4,57,26,114,78,108" hai2="28,73,91,96,8,61,128,90,39,126,45,21,81" hai3="23,124,71,62,129,135,46,67,110,42,68,122,20"/><V72/><F126/><W55/><G122/><T13/><D120/><U105/><E114/><V17/><F128/><W101/><G129/><T33/><D130/><U59/><E38/><V74/><F28/><W131/><G131/><T95/><D111/><U43/><E105/><V32/><F32/><W10/><G110/><T115/><D133/><U77/><E108/><V15/><F81/><W50/><G135/><T54/><D33/><U56/><E4/><V125/><F125/><W53/><G124/><T19/><D115/><U134/><E134/><V6/><F96/><W60/><G101/><T14/><D80/><U123/><E123/><V40/><REACH who="2" step="1"/><F61/><REACH who="2" ten="210,339,321,120" step="2"/><W109/><G109/><T98/><D98/><U132/><E132/><V36/><F36/><W7/><G68/><T41/><D94/><U9/><E34/><V112/><F112/><W24/><G60/><T119/><D95/><U66/><E29/><V86/><F86/><W121/><G121/><T118/><D92/><U127/><E82/><V103/><F103/><W52/><REACH who="3" step="1"/><G24/><AGARI ba="0,1" hai="6,8,15,17,21,24,39,40,45,72,73,74,90,91" machi="24" ten="40,12000,1" yaku="1,1,53,3" doraHai="63" doraHaiUra="106" who="2" fromWho="3" sc="210,0,339,0,321,130,120,-120" /><INIT seed="2,1,0,2,3,113" ten="210,339,451,0" oya="2" hai0="47,57,93,72,77,61,5,15,91,62,95,87,32" hai1="127,97,16,92,104,86,109,123,133,38,56,25,100" hai2="63,119,125,28,106,53,7,21,0,34,129,81,58" hai3="120,85,54,69,11,48,115,35,26,134,67,45,3"/><V90/><F106/><W80/><G120/><T83/><D32/><U122/><E38/><V12/><F119/><W112/><G134/><T107/><D57/><U33/><E33/><V82/><F125/><W99/><G99/><T14/><D14/><U29/><E29/><V40/><F129/><W78/><G69/><T8/><D95/><U116/><E116/><V118/><F118/><W110/><G67/><T65/><D65/><U43/><E43/><V64/><F34/><W31/><G110/><T108/><D108/><U50/><E109/><V130/><F0/><W23/><G35/><T59/><D59/><U114/><E114/><N who="3" m="43562" /><G11/><T89/><D89/><N who="1" m="53303" /><E50/><V111/><F40/><W102/><G102/><T88/><D91/><U44/><E44/><V52/><F130/><W13/><G13/><T55/><D55/><N who="2" m="21066" /><F90/><W135/><G135/><T101/><REACH who="0" step="1"/><D47/><REACH who="0" ten="200,339,451,0" step="2"/><U20/><E56/><V66/><F111/><W79/><G79/><T70/><D70/><U94/><E133/><V49/><F66/><W10/><G10/><T41/><D41/><U96/><E123/><V117/><F64/><W73/><G3/><T18/><D18/><U68/><E122/><V76/><F12/><W36/><G36/><T84/><D84/><AGARI ba="1,1" hai="23,26,31,45,48,54,73,78,80,84,85" m="43562" machi="84" ten="30,1000,0" yaku="11,1" doraHai="113" who="3" fromWho="0" sc="200,-13,339,0,451,0,0,23" /><INIT seed="3,0,0,3,4,130" ten="187,339,451,23" oya="3" hai0="110,47,88,38,21,124,127,83,128,13,61,43,42" hai1="52,0,77,120,19,55,33,41,111,16,65,31,104" hai2="25,40,96,134,67,9,32,92,112,17,6,131,125" hai3="105,81,119,48,26,18,117,89,132,7,46,98,114"/><W75/><G114/><T129/><D110/><U72/><E120/><V35/><F112/><W10/><G26/><T24/><D13/><U122/><E122/><V109/><F109/><W106/><G106/><T76/><D88/><U5/><E104/><V3/><F40/><W126/><G126/><N who="0" m="48171" /><D61/><U84/><E72/><V49/><F49/><W4/><G18/><N who="1" m="6698" /><E5/><V51/><F51/><W118/><G10/><T56/><D43/><U12/><E0/><V39/><F39/><W29/><G29/><T14/><D14/><U85/><E12/><V80/><F67/><W91/><G91/><T82/><D56/><U57/><E57/><V99/><F17/><W23/><G23/><T8/><D8/><U135/><E41/><V90/><F32/><W63/><G63/><T115/><D115/><U71/><E33/><V64/><F64/><W78/><G132/><T11/><D11/><U15/><E135/><V27/><F134/><W45/><G45/><T87/><D82/><U102/><E31/><AGARI ba="0,0" hai="21,24,31,38,42,47,76,83,87,128,129" m="48171" machi="31" ten="30,1000,0" yaku="18,1" doraHai="130" who="0" fromWho="1" sc="187,10,339,-10,451,0,23,0" owari="197,-20.3,329,12.9,451,55.1,23,-47.7" /></mjloggm>