<mjloggm ver="2.3"><GO type="225" lobby="0"/><UN n0="%E3%81%BF%E3%81%BF%E3%81%9A" n1="%E6%9D%B1%E9%A2%A8%E3%81%AE%E3%81%8D%E3%82%83%E3%81%B7%E3%81%95%E3%82%93" n2="%E6%9C%88%E5%B3%B6%E5%9F%BA" n3="%E3%81%95%E3%81%8D%E3%81%9F%E3%81%BE%E6%9E%97%E6%AA%8E" dan="17,16,18,16" rate="2270.00,2151.73,2202.07,2128.45" sx="M,M,M,M"/><TAIKYOKU oya="0"/><INIT seed="0,0,0,4,4,87" ten="250,250,250,250" oya="0" hai0="88,34,92,30,33,6,61,63,76,114,43,10,46" hai1="126,68,24,84,13,56,50,51,70,9,105,78,42" hai2="85,93,26,125,80,124,32,96,94,118,1,62,16" hai3="113,65,117,67,19,111,110,64,128,66,28,107,91"/><T75/><D114/><U36/><E105/><V60/><F1/><W3/><G3/><N who="0" m="351" /><D63/><N who="2" m="24106" /><F96/><W101/><G113/><T82/><D61/><U39/><E24/><V0/><F0/><W109/><G117/><T83/><D83/><U127/><E84/><V55/><F55/><W54/><G128/><T81/><D81/><U77/><E13/><V86/><F86/><W121/><G121/><T52/><D52/><N who="1" m="31767" /><E9/><V18/><F118/><W25/><G54/><T122/><D30/><U41/><E78/><N who="2" m="46231" /><F32/><N who="3" m="20495" /><G19/><N who="2" m="7209" /><F26/><W44/><G44/><T131/><D131/><U5/><E5/><V71/><F71/><N who="1" m="27177" /><E77/><V98/><F98/><N who="3" m="61879" /><G67/><T103/><D103/><U2/><E2/><V22/><F22/><W59/><G59/><T7/><D122/><U130/><E130/><V89/><F89/><AGARI ba="0,0" hai="64,65,66,89,91,109,110,111" m="61879,20495" machi="89" ten="40,5200,0" yaku="14,1,52,2" doraHai="87" who="3" fromWho="2" sc="250,0,250,0,250,-52,250,52" /><INIT seed="1,0,0,5,1,9" ten="250,250,198,302" oya="1" hai0="55,83,80,7,39,15,33,104,40,132,36,43,1" hai1="113,96,18,58,114,112,128,86,5,68,35,57,94" hai2="14,4,109,64,0,123,25,27,60,28,121,52,106" hai3="78,90,26,69,70,77,76,13,73,133,108,61,129"/><U93/><E68/><V124/><F106/><W50/><G73/><T21/><D104/><U125/><E35/><V32/><F124/><W131/><G108/><T75/><D33/><U12/><E5/><V67/><F109/><W120/><G120/><T88/><D1/><U30/><E30/><V110/><F110/><W38/><G38/><T19/><D132/><U8/><E125/><V42/><F0/><W79/><G79/><T111/><D111/><U105/><E128/><N who="3" m="49226" /><G133/><T87/><D7/><U72/><E72/><V81/><F42/><W23/><G90/><T135/><D135/><U63/><E86/><V59/><F81/><W22/><G50/><T117/><D117/><U101/><REACH who="1" step="1"/><E58/><REACH who="1" ten="250,240,198,302" step="2"/><V37/><F121/><W62/><G70/><T91/><D75/><U41/><E41/><N who="0" m="15945" /><D36/><U54/><AGARI ba="0,1" hai="8,12,18,54,57,63,93,94,96,101,105,112,113,114" machi="54" ten="30,6000,0" yaku="1,1,0,1,52,1,53,0" doraHai="9" doraHaiUra="126" who="1" fromWho="1" sc="250,-20,240,70,198,-20,302,-20" /><INIT seed="1,1,0,3,4,99" ten="230,310,178,282" oya="1" hai0="68,103,89,0,14,7,134,31,96,65,130,58,83" hai1="113,108,124,95,74,105,24,69,45,131,101,129,11" hai2="64,73,40,100,1,86,57,22,34,55,19,54,91" hai3="109,35,111,20,4,87,52,120,61,114,53,107,76"/><U62/><E45/><V51/><F34/><W117/><G114/><T27/><D130/><N who="1" m="49675" /><E11/><V29/><F73/><W38/><G38/><T23/><D134/><U15/><E15/><V44/><F1/><W133/><G35/><T122/><D122/><U3/><E24/><V17/><F29/><W110/><G120/><T127/><D127/><U79/><E3/><V63/><F100/><W33/><G133/><T106/><D0/><U67/><E95/><V60/><F60/><W116/><G33/><T80/><D89/><U10/><E10/><V93/><REACH who="2" step="1"/><F19/><REACH who="2" ten="230,310,168,282" step="2"/><W102/><G61/><N who="0" m="39983" /><D7/><U43/><E113/><V94/><F94/><W26/><G4/><T5/><D5/><U82/><E124/><V36/><F36/><W25/><G111/><T48/><D48/><U132/><E108/><V98/><F98/><W125/><G125/><T121/><D121/><U75/><E132/><V37/><F37/><W66/><G110/><T123/><D123/><U9/><E74/><V28/><F28/><W118/><G109/><T77/><D31/><U92/><E92/><V84/><F84/><W128/><G87/><T47/><D96/><N who="1" m="61607" /><E43/><V49/><F49/><W39/><G128/><T112/><D103/><U104/><E104/><V88/><F88/><W126/><G102/><T21/><D106/><U13/><E75/><V72/><F72/><W2/><G107/><T78/><D112/><U50/><E50/><V97/><F97/><W85/><G2/><T41/><D41/><U42/><E42/><V56/><F56/><W46/><G126/><T16/><D58/><U6/><E82/><RYUUKYOKU ba="1,1" sc="230,-15,310,15,168,15,282,-15" hai1="6,9,13,62,67,69,79" hai2="17,22,40,44,51,54,55,57,63,64,86,91,93" /><INIT seed="1,2,1,2,1,28" ten="215,325,183,267" oya="1" hai0="11,127,120,48,85,113,34,80,13,81,41,0,32" hai1="59,14,21,71,10,17,128,104,72,68,91,82,31" hai2="93,52,55,95,114,89,134,79,86,23,56,110,133" hai3="65,39,9,44,16,33,42,54,67,26,19,43,35"/><U53/><E104/><V118/><F118/><W50/><G43/><T115/><D0/><U94/><E128/><V37/><F37/><W109/><G109/><T92/><D92/><U96/><E72/><V15/><F110/><W2/><G26/><T119/><D80/><U105/><E105/><V62/><F114/><W40/><G40/><T102/><D102/><U57/><E82/><V73/><F73/><W18/><G2/><T90/><D119/><U47/><E47/><V8/><F79/><W45/><REACH who="3" step="1"/><G9/><REACH who="3" ten="215,325,183,257" step="2"/><T123/><D115/><U3/><E3/><V51/><F23/><W49/><G49/><T131/><D113/><U116/><E116/><V83/><F133/><W121/><G121/><N who="0" m="46667" /><D131/><U100/><E10/><V25/><F25/><W4/><G4/><N who="0" m="3303" /><D127/><U122/><E122/><V61/><F134/><W108/><G108/><T36/><D36/><U124/><E124/><V99/><F99/><W38/><G38/><T58/><D41/><U74/><E74/><V22/><F22/><W24/><G24/><T106/><D106/><U64/><E96/><V5/><F61/><W63/><G63/><T78/><D78/><U111/><E21/><V88/><F89/><W129/><G129/><T130/><D130/><U27/><E91/><V76/><F76/><W6/><G6/><T66/><D48/><U1/><E27/><V101/><F101/><W70/><G70/><T46/><D46/><AGARI ba="2,2" hai="5,8,15,46,51,52,55,56,62,83,86,88,93,95" machi="46" ten="30,7700,0" yaku="7,1,8,1,54,2" doraHai="28" who="2" fromWho="0" sc="215,-83,325,0,183,103,257,0" /><INIT seed="2,0,0,1,2,127" ten="132,325,286,257" oya="2" hai0="114,70,25,36,43,23,87,63,130,22,129,101,95" hai1="24,115,27,51,17,4,119,53,54,40,32,118,67" hai2="123,73,35,131,11,124,34,71,66,68,44,47,12" hai3="112,50,79,10,103,3,106,100,39,56,58,82,111"/><V107/><F123/><W38/><G111/><T113/><D36/><U85/><E4/><V57/><F73/><W108/><G108/><T122/><D43/><U97/><E67/><V33/><F124/><W59/><G112/><T28/><D122/><U121/><E97/><V49/><F107/><W126/><G126/><T89/><D101/><U92/><E32/><V94/><F94/><W7/><G50/><T41/><D41/><U48/><E40/><V9/><F12/><W81/><G81/><T46/><D46/><U134/><E134/><V99/><F99/><W60/><G60/><T21/><D63/><U78/><E78/><V0/><F0/><W117/><G117/><T83/><D70/><U31/><E31/><V15/><F15/><W64/><G64/><T104/><D104/><U16/><E92/><V132/><F35/><W45/><G106/><T65/><D65/><U19/><E85/><V96/><F96/><W74/><G39/><T20/><REACH who="0" step="1"/><D95/><REACH who="0" ten="122,325,286,257" step="2"/><U29/><E121/><V102/><F102/><W90/><G90/><T88/><D88/><U42/><E42/><AGARI ba="0,1" hai="3,7,10,38,42,45,56,58,59,74,79,82,100,103" machi="42" ten="40,2600,0" yaku="25,2" doraHai="127" who="3" fromWho="1" sc="122,0,325,-26,286,0,257,36" /><INIT seed="3,0,0,1,0,65" ten="122,299,286,293" oya="3" hai0="135,22,38,25,79,130,63,75,102,32,19,72,129" hai1="103,69,121,29,15,53,81,127,3,60,118,93,27" hai2="51,36,116,13,33,2,68,67,101,59,112,0,10" hai3="111,98,120,94,58,8,30,125,124,42,37,5,107"/><W106/><G111/><T41/><D135/><U56/><E3/><V54/><F112/><W132/><G132/><T110/><D110/><U4/><E121/><V24/><F116/><W77/><G120/><T78/><D102/><U113/><E113/><V62/><F101/><W97/><G77/><N who="0" m="29195" /><D63/><U7/><E69/><V21/><F33/><W40/><G30/><N who="0" m="19535" /><D41/><N who="3" m="15977" /><G37/><T88/><D88/><U109/><E127/><N who="3" m="48714" /><G58/><T9/><D9/><U105/><E105/><N who="3" m="39946" /><G94/><T114/><D38/><U45/><E109/><V57/><F36/><W20/><G20/><T91/><D91/><U73/><E118/><V12/><F59/><W133/><G133/><T128/><D114/><U117/><E117/><V83/><F83/><W11/><G11/><T18/><D22/><N who="1" m="15607" /><E73/><AGARI ba="0,0" hai="18,19,72,73,75,128,129,130" m="19535,29195" machi="73" ten="40,1300,0" yaku="19,1" doraHai="65" who="0" fromWho="1" sc="122,13,299,-13,286,0,293,0" /><INIT seed="4,0,0,2,1,80" ten="135,286,286,293" oya="0" hai0="81,2,19,7,118,128,0,94,129,126,21,117,17" hai1="43,24,38,104,11,42,47,3,100,41,34,33,96" hai2="12,106,114,22,65,84,90,98,51,35,72,77,20" hai3="87,71,131,13,79,101,76,105,36,107,53,116,9"/><T16/><D94/><U127/><E127/><V91/><F35/><W54/><G116/><N who="0" m="44651" /><D81/><U61/><E34/><V125/><F125/><W66/><G36/><T60/><D126/><U1/><E1/><N who="0" m="617" /><D60/><U58/><E24/><V111/><F106/><W99/><G107/><T119/><N who="0" m="44659" /><T122/><DORA hai="123" /><D122/><U110/><E110/><V124/><F111/><W57/><G71/><T108/><D108/><U32/><E32/><V103/><F72/><W8/><G66/><T30/><D7/><U37/><E33/><V63/><F124/><W120/><G120/><T121/><D121/><U93/><E104/><V14/><F65/><W73/><G73/><T75/><D75/><U50/><E38/><V70/><F70/><W29/><G57/><T26/><AGARI ba="0,0" hai="16,17,19,21,26,30,128,129" m="617,44659" machi="26" ten="50,9600,0" yaku="34,2,54,1" doraHai="80,123" who="0" fromWho="0" sc="135,96,286,-32,286,-32,293,-32" /><INIT seed="4,1,0,4,5,23" ten="231,254,254,261" oya="0" hai0="29,26,130,107,71,124,19,85,35,60,88,40,45" hai1="16,22,63,0,121,28,126,87,108,18,12,57,131" hai2="132,76,74,99,123,134,41,129,80,111,4,116,119" hai3="9,100,125,31,104,133,30,106,32,14,96,122,44"/><T48/><D124/><U46/><E0/><V135/><F4/><W95/><G125/><T59/><D130/><U73/><E73/><V109/><F41/><W118/><G118/><N who="2" m="45097" /><F129/><W20/><G32/><T47/><D107/><U64/><E131/><V1/><F1/><W117/><G117/><T98/><D98/><U97/><E108/><N who="2" m="41547" /><F99/><W39/><G122/><AGARI ba="1,0" hai="74,76,80,122,123,132,134,135" m="41547,45097" machi="122" ten="40,8000,1" yaku="20,1,12,1,23,1,34,2" doraHai="23" who="2" fromWho="3" sc="231,0,254,0,254,83,261,-83" owari="231,-16.9,254,5.4,337,43.7,178,-32.2" /></mjloggm>