<mjloggm ver="2.3"><GO type="225" lobby="0"/><UN n0="%66%67%67%68%68%64%66" n1="%E4%B8%AD%E5%B9%B4%E3%81%AE%E5%8D%B1%E6%A9%9F" n2="%E6%A1%9C%E8%8A%B1%E9%96%83%E3%80%85" n3="%E9%BB%99%E8%81%B4%E3%81%AE%E3%81%99%E3%82%9D%E3%82%81" dan="16,16,16,16" rate="2072.86,2118.82,2117.26,2134.51" sx="M,M,M,M"/><TAIKYOKU oya="0"/><INIT seed="0,0,0,0,0,114" ten="250,250,250,250" oya="0" hai0="81,35,24,7,50,122,41,79,22,133,63,90,123" hai1="107,48,69,110,115,80,92,57,75,55,38,59,77" hai2="93,87,5,71,4,106,62,118,3,51,103,89,121" hai3="78,82,70,72,52,40,58,17,100,37,99,86,124"/><T53/><D133/><U33/><E107/><V18/><F121/><W8/><G70/><T39/><D35/><U108/><E69/><V23/><F3/><W54/><G124/><T130/><D130/><U74/><E115/><V31/><F31/><W91/><G37/><T29/><D63/><U113/><E113/><V119/><F51/><W36/><G36/><T67/><D67/><U83/><E38/><V60/><F106/><W56/><G40/><T128/><D128/><U20/><E33/><V125/><F103/><W111/><G111/><N who="1" m="42538" /><E92/><V95/><F95/><N who="3" m="58495" /><G72/><N who="1" m="27690" /><E77/><V120/><F120/><W134/><G134/><T11/><D90/><U45/><E20/><V112/><F125/><W26/><G91/><T43/><D39/><U9/><E9/><V47/><F112/><W27/><G8/><T2/><D123/><U94/><E94/><V117/><F47/><W34/><G34/><T101/><D122/><U129/><E129/><V49/><F49/><N who="3" m="30735" /><G17/><T105/><D105/><U85/><E85/><V16/><F18/><W68/><G68/><T132/><D132/><U98/><E98/><V88/><F89/><W102/><G102/><T126/><D101/><U12/><E83/><V131/><F131/><W65/><G65/><T28/><D126/><U104/><E80/><V1/><F71/><W97/><G97/><T109/><D81/><U73/><N who="1" m="27698" /><U64/><DORA hai="32" /><E104/><V66/><F66/><W6/><G6/><N who="2" m="2665" /><F1/><W30/><G30/><N who="0" m="17687" /><D109/><U46/><E64/><V25/><AGARI ba="0,0" hai="16,23,25,60,62,87,88,93,117,118,119" m="2665" machi="25" ten="40,12000,2" yaku="12,1,52,3,54,2" doraHai="114,32" who="2" fromWho="2" sc="250,-60,250,-30,250,120,250,-30" /><INIT seed="1,0,0,4,1,121" ten="190,220,370,220" oya="1" hai0="22,82,115,21,106,84,3,102,12,75,52,133,5" hai1="128,17,19,24,79,69,16,13,11,118,70,65,45" hai2="99,73,122,78,2,114,56,10,124,59,96,58,32" hai3="47,31,89,63,135,81,33,74,42,44,134,6,109"/><U86/><E118/><V83/><F122/><W38/><G47/><T36/><D115/><U60/><E128/><V14/><F2/><W93/><G63/><T9/><D36/><U57/><E45/><V55/><F114/><W39/><G39/><T77/><D133/><N who="3" m="50697" /><G6/><T125/><D125/><U101/><E101/><V62/><F32/><W15/><G15/><T112/><D112/><U90/><E79/><V108/><F108/><W25/><G81/><T37/><D37/><U98/><E98/><V103/><F99/><N who="3" m="57775" /><G74/><T53/><D75/><U88/><E90/><V40/><F40/><W43/><G43/><T48/><D53/><U4/><REACH who="1" step="1"/><E24/><REACH who="1" ten="190,210,370,220" step="2"/><V26/><F26/><W91/><G91/><T54/><D102/><U119/><E119/><V23/><F103/><W100/><G100/><T0/><D106/><U50/><E50/><V28/><F78/><W41/><G41/><T66/><D48/><U94/><AGARI ba="0,1" hai="4,11,13,16,17,19,57,60,65,69,70,86,88,94" machi="94" ten="30,11700,0" yaku="1,1,0,1,54,2,53,0" doraHai="121" doraHaiUra="92" who="1" fromWho="1" sc="190,-39,210,127,370,-39,220,-39" /><INIT seed="1,1,0,4,2,123" ten="151,337,331,181" oya="1" hai0="76,4,9,32,44,15,126,85,81,48,92,33,25" hai1="115,61,129,1,39,59,40,83,0,96,51,60,69" hai2="94,132,57,101,2,72,77,80,106,11,130,117,74" hai3="50,6,111,121,42,67,86,95,122,45,70,131,37"/><U79/><E115/><V133/><F57/><W21/><G6/><T89/><D126/><U56/><E39/><V82/><F117/><W65/><G21/><T98/><REACH who="0" step="1"/><D25/><REACH who="0" ten="141,337,331,181" step="2"/><U27/><E27/><V24/><F24/><W18/><G122/><T43/><AGARI ba="1,1" hai="4,9,15,32,33,43,44,48,76,81,85,89,92,98" machi="43" ten="20,12000,2" yaku="1,1,2,1,0,1,7,1,25,2,53,0" doraHai="123" doraHaiUra="107" who="0" fromWho="0" sc="141,133,337,-61,331,-31,181,-31" /><INIT seed="2,0,0,3,0,48" ten="274,276,300,150" oya="2" hai0="36,19,110,59,76,106,105,107,116,68,28,22,133" hai1="80,21,33,20,81,78,0,100,13,95,2,73,135" hai2="134,67,83,99,70,11,27,109,5,101,55,24,94" hai3="38,41,69,4,63,16,30,85,74,114,35,18,97"/><V89/><F134/><W58/><G74/><T66/><D36/><U44/><E33/><V26/><F109/><W40/><G114/><T29/><D110/><U108/><E108/><V90/><F70/><W8/><G69/><T127/><D68/><U102/><E135/><V25/><F67/><W112/><G112/><T121/><D121/><U53/><E73/><V56/><N who="2" m="6144" /><DORA hai="61" /><V45/><F45/><W49/><G38/><T86/><D127/><U52/><E44/><V47/><F47/><W79/><G30/><T9/><D9/><U60/><E60/><V115/><F83/><N who="3" m="47359" /><G97/><T71/><D71/><U7/><E78/><V14/><F115/><W54/><G35/><T119/><D133/><U6/><E13/><V10/><F10/><W122/><G122/><T34/><D34/><U23/><E23/><V62/><AGARI ba="0,0" hai="5,11,14,55,56,62,89,90,94,99,101" m="6144" machi="62" ten="40,7800,0" yaku="0,1,8,1,52,1" doraHai="48,61" who="2" fromWho="2" sc="274,-26,276,-26,300,78,150,-26" /><INIT seed="2,1,0,1,1,44" ten="248,250,378,124" oya="2" hai0="124,104,67,18,90,60,51,108,38,27,43,110,34" hai1="56,29,15,100,23,86,0,85,71,101,74,88,4" hai2="123,58,62,91,129,130,37,52,95,6,103,133,118" hai3="126,48,28,78,81,69,77,114,11,132,73,49,61"/><V70/><F118/><W57/><G69/><T99/><D124/><U30/><E74/><V42/><F123/><W119/><G119/><T5/><D38/><U109/><E71/><V93/><F133/><W105/><G105/><T115/><D115/><U25/><E0/><V111/><F6/><W12/><G132/><T47/><D5/><U125/><E125/><V10/><F10/><W24/><G78/><T120/><D120/><U14/><E109/><N who="0" m="42089" /><D18/><U7/><E56/><V45/><F111/><W75/><G75/><T41/><D41/><U98/><E98/><V89/><F103/><W92/><G92/><N who="2" m="35401" /><F70/><W131/><G131/><AGARI ba="1,0" hai="37,42,45,52,58,62,89,91,129,130,131" m="35401" machi="131" ten="30,2900,0" yaku="19,1,54,1" doraHai="44" who="2" fromWho="3" sc="248,0,250,0,378,32,124,-32" /><INIT seed="2,2,0,0,4,61" ten="248,250,410,92" oya="2" hai0="104,46,41,123,102,133,56,39,78,76,2,24,107" hai1="110,65,17,124,37,106,81,34,129,9,67,87,94" hai2="10,85,44,16,71,86,53,23,109,5,51,1,64" hai3="117,49,3,0,82,118,130,93,25,60,11,33,19"/><V69/><F109/><W120/><G120/><T84/><D123/><U99/><E106/><V113/><F113/><W77/><G130/><T68/><D68/><U101/><E37/><V128/><F128/><W31/><G0/><T105/><D2/><U15/><E34/><V114/><F114/><W32/><G32/><T40/><D133/><U58/><E129/><V20/><F20/><W38/><G38/><T27/><D102/><U90/><E110/><V6/><F6/><W75/><G49/><T97/><D97/><U127/><REACH who="1" step="1"/><E58/><REACH who="1" ten="248,240,410,92" step="2"/><V50/><F71/><W63/><G118/><T70/><D107/><U21/><E21/><V116/><F116/><W108/><G117/><T29/><D39/><U115/><E115/><V26/><F51/><W83/><G108/><T96/><D56/><U126/><AGARI ba="2,1" hai="9,15,17,65,67,81,87,90,94,99,101,124,126,127" machi="126" ten="30,12000,2" yaku="1,1,0,1,18,1,52,2,53,1" doraHai="61" doraHaiUra="14" who="1" fromWho="1" sc="248,-32,240,136,410,-62,92,-32" /><INIT seed="3,0,0,5,2,131" ten="216,376,348,60" oya="3" hai0="60,84,135,93,32,126,130,34,72,80,53,33,75" hai1="101,73,61,36,111,97,24,132,81,40,107,49,123" hai2="57,42,95,79,20,116,96,50,59,39,82,48,91" hai3="122,52,15,27,19,35,98,16,31,92,71,12,1"/><W45/><G71/><T127/><D130/><U67/><E49/><V63/><F116/><W134/><G1/><T110/><D110/><U88/><E88/><V23/><F39/><W66/><G66/><T46/><D93/><U29/><E111/><V7/><F7/><W86/><G86/><T100/><D100/><U30/><E30/><V121/><F121/><W37/><G122/><T77/><D135/><U68/><E132/><V70/><F70/><W133/><G15/><T13/><D13/><U4/><E4/><V94/><F94/><W128/><G128/><T89/><D46/><N who="1" m="23815" /><E123/><V58/><F63/><W51/><G37/><T120/><D120/><U115/><E81/><V54/><F42/><W8/><REACH who="3" step="1"/><G19/><REACH who="3" ten="216,376,348,50" step="2"/><T76/><D84/><U43/><E73/><V90/><F79/><W6/><G6/><T85/><D76/><U102/><E115/><V10/><F50/><W56/><G56/><N who="0" m="34831" /><D77/><U65/><E65/><V103/><F59/><W47/><G47/><T118/><D118/><U17/><E17/><V62/><F58/><W55/><G55/><T112/><D112/><U129/><E129/><V3/><F62/><W125/><G125/><AGARI ba="0,1" hai="32,33,34,72,75,80,85,89,125,126,127" m="34831" machi="125" ten="40,1300,0" yaku="18,1" doraHai="131" who="0" fromWho="3" sc="216,23,376,0,348,0,50,-13" owari="239,-16.1,376,47.6,348,14.8,37,-46.3" /></mjloggm>