<mjloggm ver="2.3"><GO type="225" lobby="0"/><UN n0="%E3%83%96%E3%83%83%E3%83%91%E3%82%AA%E3%83%96%E3%83%81%E3%82%AD%E3%83%B3" n1="%E6%9D%B1%E9%A2%A8%E3%81%AE%E3%81%8D%E3%82%83%E3%81%B7%E3%81%95%E3%82%93" n2="%E3%81%BF%E3%81%BF%E3%81%9A" n3="%E5%8D%A0%E3%81%84%E5%B8%AB%E8%A3%8F%E3%81%AA%E3%81%84%E3%81%97" dan="16,16,17,17" rate="2119.25,2179.66,2257.49,2255.85" sx="M,M,M,M"/><TAIKYOKU oya="0"/><INIT seed="0,0,0,1,5,42" ten="250,250,250,250" oya="0" hai0="88,17,91,115,116,61,107,0,28,126,27,83,16" hai1="110,20,50,99,53,30,105,59,96,51,123,97,101" hai2="102,40,19,24,72,2,87,57,35,10,130,52,18" hai3="55,90,106,125,8,114,29,47,44,131,93,98,86"/><T6/><D115/><U64/><E123/><V104/><F72/><W12/><G114/><T70/><D116/><U43/><E110/><V128/><F40/><W69/><G69/><T79/><D126/><U49/><E64/><V13/><F2/><W33/><G125/><T15/><D107/><U100/><E105/><V32/><F87/><W56/><G131/><N who="2" m="50217" /><F104/><W80/><G29/><T81/><D70/><U82/><E82/><N who="0" m="31241" /><D79/><U75/><E75/><V48/><F102/><N who="1" m="39529" /><E43/><V39/><F39/><W124/><G33/><N who="2" m="12873" /><F24/><AGARI ba="0,0" hai="20,24,30,49,50,51,53,59,96,97,99" m="39529" machi="24" ten="30,1000,0" yaku="8,1" doraHai="42" who="1" fromWho="2" sc="250,0,250,10,250,-10,250,0" /><INIT seed="1,0,0,3,0,47" ten="250,260,240,250" oya="1" hai0="104,39,68,59,20,83,72,18,79,120,84,46,121" hai1="29,56,67,8,105,7,6,58,31,45,42,103,86" hai2="26,129,49,99,89,11,111,2,126,119,12,93,24" hai3="106,9,124,50,91,63,33,54,131,122,25,44,53"/><U118/><E118/><V128/><F119/><W65/><G122/><N who="0" m="47211" /><D68/><U127/><E127/><V100/><F126/><W114/><G124/><T110/><D110/><U22/><E105/><V62/><F2/><W109/><G109/><T70/><D70/><U0/><E103/><V40/><F62/><W115/><G131/><N who="2" m="50249" /><F111/><W55/><G106/><T3/><D104/><U130/><E130/><V37/><F37/><W21/><G33/><T43/><D3/><U48/><E7/><N who="2" m="3199" /><F100/><W10/><G91/><T73/><D59/><U117/><E117/><V1/><F1/><W107/><G107/><T133/><D133/><U23/><E86/><V98/><F98/><W88/><G115/><T101/><D101/><U78/><E78/><V36/><F36/><W27/><G114/><T97/><D97/><U80/><E80/><V125/><F125/><W81/><G9/><T135/><D135/><U19/><E23/><V95/><F95/><W4/><G10/><T108/><D108/><U13/><REACH who="1" step="1"/><E67/><REACH who="1" ten="250,250,240,250" step="2"/><V41/><F99/><W76/><G65/><T64/><D64/><U69/><E69/><V87/><F93/><W60/><G76/><T32/><D32/><U90/><E90/><V92/><F92/><W17/><G88/><T96/><D96/><U112/><E112/><V116/><F116/><W57/><G81/><T51/><D39/><U14/><E14/><AGARI ba="0,1" hai="14,18,20,43,46,51,72,73,79,83,84" m="47211" machi="14" ten="30,2000,0" yaku="13,1,52,1" doraHai="47" who="0" fromWho="1" sc="250,30,250,-20,240,0,250,0" /><INIT seed="2,0,0,4,3,19" ten="280,230,240,250" oya="2" hai0="2,95,60,29,31,100,61,70,20,74,7,71,39" hai1="18,69,89,34,48,134,133,53,113,106,67,24,17" hai2="25,54,110,92,77,126,52,130,131,62,22,14,43" hai3="111,30,128,125,109,78,16,21,117,23,104,41,102"/><V8/><F126/><W50/><G117/><T90/><D39/><U65/><E106/><V119/><F119/><W94/><G125/><T87/><D74/><U66/><E113/><V84/><F43/><W45/><G128/><N who="2" m="49193" /><F62/><N who="0" m="24170" /><D2/><U68/><E89/><N who="2" m="53287" /><F110/><N who="3" m="41995" /><G104/><T127/><D71/><N who="1" m="27211" /><E34/><V72/><F77/><W108/><G78/><T9/><D70/><U96/><E96/><V55/><F72/><W76/><G76/><T88/><D127/><U112/><E112/><V135/><F135/><N who="1" m="51721" /><E24/><V5/><F55/><W83/><G83/><T40/><D100/><U51/><E53/><V75/><F75/><W105/><G105/><T80/><D90/><U101/><E101/><V6/><F6/><W0/><G108/><T10/><D7/><U97/><E97/><V91/><F91/><W79/><G79/><T82/><D82/><U32/><E32/><V116/><F116/><W121/><G121/><T27/><BYE who="3" /><D80/><U107/><E107/><UN n3="%E5%8D%A0%E3%81%84%E5%B8%AB%E8%A3%8F%E3%81%AA%E3%81%84%E3%81%97" /><V103/><F103/><W63/><G102/><T93/><D93/><U98/><E98/><V11/><F11/><N who="0" m="4106" /><D40/><U13/><E13/><V26/><F26/><N who="3" m="16719" /><G94/><T28/><AGARI ba="0,0" hai="20,27,28,29,31,87,88,95" m="4106,24170" machi="28" ten="30,4000,0" yaku="8,1,52,1,54,1" doraHai="19" who="0" fromWho="0" sc="280,40,230,-10,240,-20,250,-10" /><INIT seed="3,0,0,0,1,84" ten="320,220,220,240" oya="3" hai0="133,39,32,22,72,54,74,49,1,63,73,6,67" hai1="60,16,129,59,111,109,66,115,103,27,13,86,69" hai2="75,130,104,20,113,83,134,44,2,31,7,94,8" hai3="35,108,37,15,50,125,14,43,77,68,112,123,122"/><W5/><G112/><T25/><D32/><U58/><E115/><V78/><F104/><W117/><G117/><T10/><D39/><U3/><E3/><V61/><F113/><W52/><G35/><T53/><D133/><U92/><E129/><V105/><F105/><W126/><G68/><T80/><D80/><U124/><E27/><V118/><F118/><W46/><G77/><T106/><D106/><U81/><E124/><N who="3" m="47722" /><G108/><N who="1" m="41546" /><E92/><V23/><F134/><W41/><G41/><T9/><D9/><N who="1" m="6191" /><E103/><V57/><F130/><W101/><G101/><T114/><D114/><U71/><E71/><V95/><F44/><N who="3" m="27719" /><G5/><T89/><D6/><U38/><E38/><V64/><REACH who="2" step="1"/><F23/><REACH who="2" ten="320,220,210,240" step="2"/><W62/><G46/><T36/><D22/><U55/><E55/><V4/><F4/><W87/><G122/><T12/><D54/><U47/><E47/><V100/><F100/><W29/><G123/><T17/><D53/><U51/><E51/><V91/><F91/><AGARI ba="0,1" hai="58,59,60,66,69,81,86,91" m="6191,41546" machi="91" ten="30,3900,0" yaku="14,1,52,1,54,1" doraHai="84" who="1" fromWho="2" sc="320,0,220,49,210,-39,240,0" owari="320,42.0,269,6.9,171,-32.9,240,-16.0" /></mjloggm>