<mjloggm ver="2.3"><GO type="225" lobby="0"/><UN n0="%E3%80%90%E3%83%88%E3%83%AA%E3%83%A5%E3%83%95%E3%80%91" n1="%E6%B7%91%E5%A5%B3%E3%81%AE%E5%97%9C%E3%81%BF" n2="%E3%81%BE%E3%81%A8%E3%81%9F" n3="%E3%81%99%E3%81%84%E3%81%BE%E3%81%9B%E3%83%BC%E3%82%93" dan="16,16,16,18" rate="2052.02,2131.78,2084.04,2173.50" sx="M,M,M,M"/><TAIKYOKU oya="0"/><INIT seed="0,0,0,4,0,35" ten="250,250,250,250" oya="0" hai0="97,90,34,80,131,30,46,39,123,71,59,41,33" hai1="7,62,6,61,83,125,94,1,77,29,65,9,2" hai2="51,116,13,43,84,52,15,127,36,89,37,100,23" hai3="73,78,110,50,86,66,120,119,25,55,11,18,99"/><T134/><D123/><U87/><E125/><V64/><F116/><W102/><G119/><T118/><D118/><U109/><E109/><V135/><F100/><W76/><G110/><T91/><D71/><U126/><E126/><V106/><F64/><W70/><G73/><T74/><D131/><U122/><E122/><V57/><F106/><W42/><G42/><T56/><D134/><U38/><E38/><V4/><F135/><W26/><G120/><T79/><D34/><U60/><E29/><V48/><F13/><N who="3" m="7487" /><G66/><T103/><D91/><U22/><E22/><V45/><F127/><W129/><G70/><T72/><D90/><U49/><E49/><V107/><F107/><W63/><G63/><T67/><D72/><U105/><E105/><V132/><F132/><W58/><G129/><T44/><D67/><U75/><E94/><V98/><F98/><W12/><G12/><T17/><D17/><U0/><E75/><V28/><F4/><W3/><G3/><T5/><D5/><U21/><E21/><V104/><F104/><W113/><G113/><T47/><D41/><U108/><E108/><V121/><F121/><W10/><G10/><T96/><D39/><U112/><E112/><V19/><REACH who="2" step="1"/><F28/><REACH who="2" ten="250,250,240,250" step="2"/><W93/><G86/><T14/><D97/><U111/><E111/><V54/><F54/><W32/><G32/><T92/><D33/><U133/><E133/><V114/><F114/><W8/><G8/><T130/><D30/><U128/><E128/><V124/><F124/><W69/><G69/><T24/><D130/><U88/><E9/><V40/><F40/><RYUUKYOKU ba="0,1" sc="250,-15,250,-15,240,15,250,15" hai2="15,19,23,36,37,43,45,48,51,52,57,84,89" hai3="25,26,50,55,58,76,78,93,99,102" /><INIT seed="1,1,1,2,2,73" ten="235,235,255,265" oya="1" hai0="84,107,4,50,28,113,82,21,114,5,60,10,3" hai1="126,106,52,49,9,65,61,118,1,59,77,97,127" hai2="64,37,67,42,121,131,122,2,41,115,70,66,111" hai3="101,128,90,56,91,58,23,99,18,31,132,76,44"/><U96/><E118/><V81/><F2/><W6/><G132/><T20/><D107/><U14/><E1/><V34/><F34/><W0/><G128/><T43/><D5/><U120/><E120/><N who="2" m="46187" /><F81/><W103/><G31/><T12/><D60/><U119/><E119/><V8/><F8/><W102/><G6/><T95/><D95/><U54/><E77/><V123/><F123/><W62/><G0/><T86/><D86/><U124/><E54/><V125/><F111/><W25/><G76/><N who="0" m="46151" /><D3/><U26/><E26/><V11/><F11/><W129/><G129/><T69/><D69/><N who="1" m="42159" /><E106/><V36/><F125/><W47/><G58/><T72/><D72/><U17/><AGARI ba="1,1" hai="9,14,17,49,52,59,96,97,124,126,127" m="42159" machi="17" ten="30,3000,0" yaku="18,1,54,1" doraHai="73" who="1" fromWho="1" sc="235,-11,235,43,255,-11,265,-11" /><INIT seed="1,2,0,3,4,36" ten="224,278,244,254" oya="1" hai0="3,110,4,27,115,57,1,134,99,35,124,54,135" hai1="116,91,127,44,105,10,98,8,106,69,119,112,83" hai2="2,85,26,32,48,31,92,80,53,51,94,42,13" hai3="22,68,28,102,70,43,20,66,90,132,30,40,84"/><U33/><E112/><V86/><F2/><W49/><G132/><N who="0" m="50731" /><D115/><U122/><E122/><V74/><F74/><W65/><G102/><T60/><D110/><U72/><E69/><V88/><F92/><W56/><G70/><T5/><D99/><U50/><E33/><V109/><F109/><W75/><G75/><T64/><D124/><U6/><E127/><V118/><F118/><W111/><G68/><N who="0" m="41991" /><D3/><U71/><E71/><V52/><F13/><W41/><G111/><T9/><D5/><U59/><E72/><V107/><F107/><W126/><G126/><T78/><D78/><U21/><E105/><V129/><F129/><W45/><G30/><T81/><D81/><U103/><E59/><V95/><F95/><N who="3" m="54727" /><G28/><N who="0" m="19871" /><D57/><U58/><E58/><V14/><F14/><W101/><G101/><T19/><D19/><U16/><E83/><V113/><F113/><W104/><G104/><T37/><D54/><U123/><E123/><V15/><F15/><W121/><G121/><T97/><D97/><U55/><E91/><V62/><F53/><N who="3" m="29871" /><G66/><T25/><D25/><U87/><E116/><V73/><F52/><W131/><G131/><T79/><D79/><U117/><E117/><V130/><F130/><W93/><G93/><T12/><D1/><N who="1" m="79" /><E119/><V18/><F18/><W0/><G0/><T63/><D63/><AGARI ba="2,0" hai="20,22,40,41,43,56,63,65" m="29871,54727" machi="63" ten="30,7700,0" yaku="8,1,52,3" doraHai="36" who="3" fromWho="0" sc="224,-83,278,0,244,0,254,83" /><INIT seed="2,0,0,3,3,17" ten="141,278,244,337" oya="2" hai0="79,51,110,73,127,30,35,97,55,125,100,33,134" hai1="95,78,126,103,20,2,93,129,56,38,107,102,59" hai2="26,72,85,77,122,111,67,10,106,54,3,50,70" hai3="120,34,119,36,9,25,128,60,11,88,117,43,13"/><V6/><F122/><W108/><G120/><T84/><D110/><U114/><E114/><V31/><F111/><W69/><G108/><T132/><D73/><U94/><E38/><V64/><F106/><W96/><G128/><T4/><D4/><U22/><E2/><V28/><F72/><W98/><G9/><T53/><D30/><U18/><E129/><V92/><F31/><W44/><G34/><N who="0" m="12811" /><D84/><U23/><E126/><N who="0" m="48137" /><D79/><U21/><E78/><V112/><F112/><W46/><G46/><T52/><D51/><U82/><E82/><V24/><F77/><W19/><G25/><T83/><D83/><U86/><E86/><V39/><F26/><W135/><G98/><T15/><D15/><N who="1" m="9311" /><E107/><AGARI ba="0,0" hai="52,53,55,97,100,107,132,134" m="48137,12811" machi="107" ten="40,2600,0" yaku="18,1,54,1" doraHai="17" who="0" fromWho="1" sc="141,26,278,-26,244,0,337,0" /><INIT seed="3,0,0,4,5,70" ten="167,252,244,337" oya="3" hai0="41,47,134,116,39,123,129,2,35,65,114,96,99" hai1="86,53,92,75,111,8,107,4,124,126,18,49,122" hai2="64,26,36,27,22,121,51,128,69,71,88,66,76" hai3="56,102,3,30,52,19,93,25,95,28,20,9,15"/><W55/><G3/><T80/><D116/><U74/><E107/><V112/><F112/><W46/><G102/><T83/><D123/><U50/><E122/><V125/><F121/><W32/><G32/><T118/><D118/><U57/><E111/><V21/><F36/><W72/><G72/><T91/><D2/><N who="1" m="23" /><E18/><V58/><F76/><W113/><G113/><T135/><D35/><U97/><E50/><V68/><F128/><W67/><G30/><T115/><D65/><U103/><E86/><V34/><F34/><W14/><G14/><T105/><D129/><U98/><E98/><V133/><F125/><AGARI ba="0,0" hai="49,53,57,74,75,92,97,103,124,125,126" m="23" machi="125" ten="30,1000,0" yaku="18,1" doraHai="70" who="1" fromWho="2" sc="167,0,252,10,244,-10,337,0" owari="167,-33.3,262,6.2,234,-16.6,337,43.7" /></mjloggm>