<mjloggm ver="2.3"><GO type="225" lobby="0"/><UN n0="%E6%9C%88%E5%B3%B6%E5%9F%BA" n1="%E7%B4%94%E6%BD%94%E3%83%94%E3%83%A9%E3%83%8B%E3%82%A2" n2="%E3%81%95%E3%81%8D%E3%81%9F%E3%81%BE%E6%9E%97%E6%AA%8E" n3="%E3%83%96%E3%83%83%E3%83%91%E3%82%AA%E3%83%96%E3%83%81%E3%82%AD%E3%83%B3" dan="17,17,16,17" rate="2177.40,2167.31,2118.03,2176.29" sx="M,M,M,M"/><TAIKYOKU oya="0"/><INIT seed="0,0,0,4,5,126" ten="250,250,250,250" oya="0" hai0="16,118,97,43,66,52,26,92,71,95,30,62,1" hai1="18,115,89,4,63,129,34,17,116,57,87,79,44" hai2="86,123,29,47,131,134,78,108,82,109,99,5,21" hai3="135,11,113,122,64,72,55,49,50,85,102,119,124"/><T7/><D118/><U45/><E116/><V0/><F123/><W59/><G119/><T93/><D43/><U40/><E34/><V67/><F67/><W114/><G72/><T3/><D97/><U14/><E79/><V70/><F70/><W104/><G122/><T77/><D77/><U61/><E115/><V54/><F134/><W101/><G124/><T125/><D125/><U36/><E44/><V117/><F117/><W53/><G135/><T42/><D42/><U94/><E63/><V111/><F5/><W130/><G64/><T22/><D7/><U23/><E18/><V25/><F0/><W15/><G104/><T74/><D74/><U83/><E4/><V133/><F133/><W37/><G37/><T84/><D84/><U91/><E91/><V132/><F99/><W35/><G35/><T103/><D103/><U106/><E106/><V28/><F28/><W10/><G85/><T32/><REACH who="0" step="1"/><D52/><REACH who="0" ten="240,250,250,250" step="2"/><U110/><E87/><V19/><F132/><W33/><G55/><T68/><D68/><U31/><E40/><V41/><F54/><W65/><G53/><T27/><AGARI ba="0,1" hai="1,3,16,22,26,27,30,32,62,66,71,92,93,95" machi="27" ten="30,6000,0" yaku="1,1,0,1,54,1,53,0" doraHai="126" doraHaiUra="120" who="0" fromWho="0" sc="240,70,250,-20,250,-20,250,-20" /><INIT seed="0,1,0,2,2,128" ten="310,230,230,230" oya="0" hai0="9,108,21,33,2,120,61,118,91,112,71,84,96" hai1="63,1,88,81,59,72,66,31,126,6,122,100,133" hai2="113,41,30,52,60,12,106,85,28,38,77,34,102" hai3="37,53,58,83,56,135,109,82,110,0,3,16,50"/><T95/><D112/><U57/><E122/><V79/><F113/><W51/><G37/><T26/><D118/><U87/><E126/><V22/><F34/><W127/><G127/><T62/><D120/><U64/><E72/><V130/><F130/><W54/><G16/><T67/><D108/><U55/><E31/><V5/><F106/><W123/><G123/><T74/><D74/><U45/><E100/><V44/><F102/><W76/><G76/><T93/><D33/><U42/><E133/><AGARI ba="1,0" hai="0,3,50,51,53,54,56,58,82,83,109,110,133,135" machi="133" ten="25,6400,0" yaku="22,2,52,2" doraHai="128" who="3" fromWho="1" sc="310,0,230,-67,230,0,230,67" /><INIT seed="1,0,0,3,3,54" ten="310,163,230,297" oya="1" hai0="2,37,16,61,33,122,91,38,47,58,134,12,128" hai1="51,34,121,116,118,78,67,98,82,23,133,72,120" hai2="20,83,1,112,9,18,41,21,73,35,74,130,119" hai3="107,76,81,30,88,46,79,80,43,62,123,85,40"/><U39/><E39/><V93/><F93/><BYE who="2" /><W94/><G123/><N who="1" m="47178" /><E34/><V55/><F55/><W135/><G135/><T57/><D2/><UN n2="%E3%81%95%E3%81%8D%E3%81%9F%E3%81%BE%E6%9E%97%E6%AA%8E" /><U25/><E51/><V7/><F7/><W8/><BYE who="2" /><G107/><T115/><D134/><U50/><E50/><V68/><F68/><W26/><G8/><T29/><D115/><U96/><E67/><UN n2="%E3%81%95%E3%81%8D%E3%81%9F%E3%81%BE%E6%9E%97%E6%AA%8E" /><V77/><F119/><N who="1" m="45609" /><E23/><V3/><F112/><W114/><G114/><T87/><D33/><U117/><N who="1" m="45617" /><U75/><DORA hai="129" /><E25/><V110/><F41/><W90/><G62/><T36/><D128/><U104/><E133/><V14/><F130/><W44/><G26/><T86/><D29/><U42/><E42/><V92/><F21/><W24/><G24/><T32/><D32/><U111/><E111/><V49/><F110/><W113/><G113/><T60/><D122/><U89/><E89/><V5/><F49/><W27/><G27/><T69/><D47/><U15/><E15/><V10/><F14/><W99/><G30/><T126/><D91/><U19/><E19/><V100/><F18/><W17/><G17/><T63/><D69/><U0/><E0/><V65/><F20/><W103/><G40/><T102/><D12/><U31/><E31/><V105/><F1/><W84/><G46/><T109/><D109/><U45/><E45/><V13/><F3/><W101/><G101/><T11/><D16/><U125/><E125/><V53/><F100/><W64/><G64/><T106/><D126/><U48/><E104/><V66/><F105/><W97/><G97/><N who="1" m="37482" /><E48/><AGARI ba="0,0" hai="43,44,48,76,79,80,81,84,85,88,90,94,99,103" machi="48" ten="30,7700,0" yaku="7,1,9,1,8,1,54,1" doraHai="54,129" who="3" fromWho="1" sc="310,0,163,-77,230,0,297,77" /><INIT seed="2,0,0,3,4,92" ten="310,86,230,374" oya="2" hai0="124,20,78,69,6,130,45,68,52,62,70,37,76" hai1="21,128,17,125,59,5,18,61,109,117,2,108,26" hai2="123,107,15,111,53,67,57,86,72,38,85,105,35" hai3="60,81,49,120,91,88,112,7,50,115,74,83,25"/><V75/><F35/><W65/><G120/><T127/><D6/><U122/><E59/><V23/><F123/><W89/><G7/><T28/><D28/><U58/><E58/><V103/><F38/><W104/><G104/><T48/><D20/><U31/><E61/><V29/><F67/><W34/><G34/><T66/><D78/><U55/><E55/><V54/><F29/><W71/><G25/><T79/><D79/><U77/><E77/><V33/><F57/><W96/><G96/><T114/><D76/><U126/><E122/><V134/><F134/><W98/><G98/><T56/><D114/><N who="3" m="43561" /><G74/><T119/><D130/><U39/><E39/><V135/><F135/><W10/><G10/><T99/><D99/><U11/><E128/><V41/><F23/><W46/><G49/><T3/><D3/><U16/><E117/><V129/><F15/><W0/><G0/><T80/><D80/><U43/><E43/><AGARI ba="0,0" hai="43,46,50,60,65,71,81,83,88,89,91" m="43561" machi="43" ten="30,2000,0" yaku="11,1,54,1" doraHai="92" who="3" fromWho="1" sc="310,0,86,-20,230,0,374,20" /><INIT seed="3,0,0,4,4,58" ten="310,66,230,394" oya="3" hai0="114,39,79,126,21,78,105,55,68,118,104,124,57" hai1="16,129,91,115,15,28,84,99,46,89,106,60,93" hai2="67,49,40,85,131,4,101,82,111,116,88,119,120" hai3="132,73,122,56,25,92,3,81,83,87,27,35,69"/><W75/><G122/><T76/><D118/><U125/><E115/><V50/><F111/><W11/><G69/><T32/><D32/><U123/><E123/><V33/><F131/><W6/><G132/><T2/><D114/><U86/><E129/><V36/><F36/><W54/><G92/><T62/><D2/><U41/><E125/><N who="0" m="48233" /><D39/><U19/><E28/><V63/><F33/><W80/><G87/><T135/><D135/><U95/><E106/><N who="0" m="41065" /><D21/><U71/><E71/><AGARI ba="0,0" hai="55,57,62,68,71,76,78,79" m="41065,48233" machi="71" ten="40,2600,0" yaku="18,1,52,1" doraHai="58" who="0" fromWho="1" sc="310,26,66,-26,230,0,394,0" owari="336,13.6,40,-46.0,230,-17.0,394,49.4" /></mjloggm>