<mjloggm ver="2.3"><GO type="225" lobby="0"/><UN n0="%E5%A4%8F%E9%88%B4%E9%88%B4%E5%A4%8F" n1="%E7%AB%8B%E7%9B%B4%E5%A5%BD%E6%A3%92%40%E5%BF%98" n2="%4B%2E%32%2E%4B%2E" n3="%41%6F%54" dan="16,17,17,16" rate="2119.93,2148.10,2196.13,2101.07" sx="F,M,M,M"/><TAIKYOKU oya="0"/><INIT seed="0,0,0,3,3,36" ten="250,250,250,250" oya="0" hai0="73,78,99,33,93,27,102,89,62,56,109,25,88" hai1="77,94,64,105,128,40,53,135,122,118,42,52,0" hai2="76,121,129,127,50,49,133,15,90,41,113,67,37" hai3="4,132,95,7,60,84,13,23,11,115,106,123,72"/><T65/><D109/><U69/><E105/><V58/><F121/><W44/><G115/><T80/><REACH who="0" step="1"/><D25/><REACH who="0" ten="240,250,250,250" step="2"/><U66/><E122/><V74/><F113/><W63/><G123/><T12/><D12/><U117/><E0/><V2/><F2/><W9/><G13/><T1/><D1/><U26/><E26/><V16/><F15/><W104/><G104/><T119/><D119/><U21/><E118/><V6/><F127/><W17/><G106/><T130/><D130/><U111/><E128/><V75/><F129/><W5/><G5/><T51/><D51/><U34/><E111/><V116/><F6/><W24/><G24/><T29/><AGARI ba="0,1" hai="27,29,33,56,62,65,73,78,80,88,89,93,99,102" machi="29" ten="30,6000,0" yaku="1,1,0,1,54,1,53,0" doraHai="36" doraHaiUra="32" who="0" fromWho="0" sc="240,70,250,-20,250,-20,250,-20" /><INIT seed="0,1,0,0,3,79" ten="310,230,230,230" oya="0" hai0="52,36,16,134,47,58,101,50,34,38,37,35,133" hai1="25,42,83,86,11,99,46,67,104,107,8,116,89" hai2="13,29,75,45,102,61,70,124,77,24,135,23,94" hai3="22,15,3,0,68,63,88,132,12,84,21,31,106"/><T123/><D123/><U10/><E116/><V44/><F124/><W4/><G106/><T105/><D101/><U54/><E67/><V73/><F135/><N who="0" m="51722" /><D105/><U95/><E25/><V51/><F13/><W90/><G132/><T65/><D16/><U108/><E54/><V117/><F77/><W14/><G68/><T76/><D76/><U82/><E108/><V125/><F125/><W113/><G63/><AGARI ba="1,0" hai="34,35,36,37,38,47,50,52,58,63,65" m="51722" machi="63" ten="40,3900,0" yaku="20,1,54,1" doraHai="79" who="0" fromWho="3" sc="310,42,230,0,230,0,230,-42" /><INIT seed="0,2,0,2,5,15" ten="352,230,230,188" oya="0" hai0="90,62,3,9,117,20,108,11,17,50,22,111,106" hai1="88,25,114,73,64,86,125,93,48,89,18,113,94" hai2="46,122,44,23,40,24,67,54,85,96,127,65,91" hai3="34,79,33,95,134,36,109,102,63,116,77,4,133"/><T42/><D117/><U6/><E73/><V57/><F122/><W100/><G116/><T126/><D106/><U58/><E6/><V47/><F127/><W53/><G36/><T16/><D126/><U69/><E125/><V45/><F96/><W124/><G124/><T21/><D62/><N who="1" m="37975" /><E69/><V31/><N who="2" m="11264" /><DORA hai="0" /><V84/><F84/><W1/><G53/><T5/><D50/><U92/><E48/><V120/><F120/><W14/><G1/><T28/><D42/><U59/><E59/><V51/><REACH who="2" step="1"/><F40/><REACH who="2" ten="352,230,220,188" step="2"/><W7/><G109/><N who="0" m="42059" /><D90/><U2/><E89/><V61/><F61/><W35/><G63/><T32/><D11/><U103/><E88/><V78/><F78/><W81/><G79/><T82/><D82/><AGARI ba="2,1" hai="23,24,31,51,54,57,65,67,82,85,91" m="11264" machi="82" ten="50,3200,0" yaku="1,1,8,1,53,0" doraHai="15,0" doraHaiUra="66,12" who="2" fromWho="0" sc="352,-38,230,0,220,48,188,0" /><INIT seed="1,0,0,4,3,50" ten="314,230,268,188" oya="1" hai0="103,53,84,121,60,14,88,101,0,112,113,16,54" hai1="93,108,124,114,46,62,115,106,95,126,118,17,80" hai2="94,134,90,12,21,49,19,38,40,35,127,96,43" hai3="34,2,11,92,74,20,72,132,128,110,42,45,79"/><U91/><E62/><V13/><F38/><W66/><G34/><T22/><D0/><U26/><E46/><V41/><F35/><W51/><G110/><T63/><D121/><U58/><E58/><V4/><F127/><N who="1" m="48681" /><E26/><V122/><F122/><W5/><G128/><T61/><D113/><N who="1" m="43019" /><E17/><V89/><F134/><W57/><G132/><T23/><D112/><U64/><E64/><V85/><F49/><W36/><G92/><N who="1" m="35402" /><E118/><V47/><F47/><W99/><G99/><T39/><D39/><U109/><E106/><V6/><F12/><W33/><G33/><T83/><D23/><U67/><E67/><V1/><F1/><W107/><G107/><T111/><D111/><N who="1" m="42571" /><E91/><V52/><F52/><AGARI ba="0,0" hai="14,16,22,52,53,54,60,61,63,83,84,88,101,103" machi="52" ten="40,12000,2" yaku="8,1,52,3,54,3" doraHai="50" who="0" fromWho="2" sc="314,120,230,0,268,-120,188,0" /><INIT seed="2,0,0,3,5,121" ten="434,230,148,188" oya="2" hai0="54,96,132,45,38,130,90,69,42,2,103,133,122" hai1="73,128,118,104,41,37,0,99,74,50,36,87,61" hai2="39,135,89,44,85,59,82,120,52,67,10,127,31" hai3="91,22,78,12,16,7,18,46,75,117,124,15,114"/><V27/><F120/><W125/><G117/><T6/><D122/><U109/><E87/><V21/><F127/><N who="3" m="48715" /><G114/><T81/><D130/><U110/><E118/><V93/><F135/><W51/><G7/><T107/><D69/><U29/><E29/><V111/><F111/><N who="1" m="42505" /><E0/><V40/><F10/><N who="3" m="6167" /><G91/><T102/><D2/><U26/><E26/><V13/><F13/><W88/><G88/><T4/><D133/><U83/><E128/><V53/><REACH who="2" step="1"/><F82/><REACH who="2" ten="434,230,138,188" step="2"/><W17/><G15/><T58/><D81/><U23/><E83/><V55/><F55/><N who="3" m="30199" /><G22/><T24/><D132/><U68/><E23/><V123/><F123/><W71/><G71/><T49/><D54/><U1/><E1/><V119/><F119/><W5/><G5/><T33/><D4/><U113/><E113/><V70/><F70/><W86/><G75/><T14/><D6/><U126/><E126/><V43/><F43/><W115/><G115/><T63/><D42/><U84/><E74/><V101/><F101/><W131/><G131/><T20/><D103/><N who="1" m="62591" /><E73/><V79/><F79/><W106/><G78/><T80/><D20/><U35/><E68/><V62/><AGARI ba="0,1" hai="21,27,31,39,40,44,52,53,59,62,67,85,89,93" machi="62" ten="30,6000,0" yaku="1,1,0,1,54,1,53,0" doraHai="121" doraHaiUra="97" who="2" fromWho="2" sc="434,-20,230,-20,138,70,188,-20" /><INIT seed="2,1,0,0,4,134" ten="414,210,208,168" oya="2" hai0="6,30,8,32,73,5,43,38,55,53,132,40,74" hai1="80,41,131,135,17,107,88,1,48,39,66,68,118" hai2="60,58,15,124,31,65,97,59,94,72,37,34,126" hai3="82,16,78,28,112,116,79,49,133,57,54,25,111"/><V99/><F72/><W19/><G116/><T121/><D8/><U98/><E118/><V51/><F37/><W20/><G133/><T50/><D30/><U24/><E135/><V56/><F15/><W114/><G111/><T64/><D50/><U45/><E1/><V46/><F31/><W125/><G125/><N who="2" m="48233" /><F34/><W106/><G106/><T0/><D32/><U128/><E39/><V7/><F7/><W69/><G69/><T26/><D38/><U12/><E24/><V83/><F83/><W95/><G95/><T110/><D26/><U101/><E80/><V91/><F99/><W77/><REACH who="3" step="1"/><G82/><REACH who="3" ten="414,210,208,158" step="2"/><T81/><D81/><U70/><E70/><V86/><F97/><W119/><G119/><T129/><D132/><U33/><E68/><V103/><F103/><W47/><G47/><T89/><D6/><U2/><E101/><V85/><F85/><W52/><G52/><AGARI ba="1,1" hai="46,51,52,56,58,59,60,65,86,91,94" m="48233" machi="52" ten="30,12000,1" yaku="18,1,52,3,54,1" doraHai="134" who="2" fromWho="3" sc="414,0,210,0,208,133,158,-123" /><INIT seed="2,2,0,3,2,119" ten="414,210,341,35" oya="2" hai0="131,51,28,74,22,53,125,107,64,23,106,24,77" hai1="4,16,42,38,85,15,61,94,68,17,132,72,123" hai2="73,5,44,45,36,21,31,37,81,116,135,30,95" hai3="48,76,67,60,56,115,122,102,113,14,8,33,6"/><V96/><F116/><W54/><G33/><T130/><D64/><U41/><E72/><V83/><F135/><W92/><G76/><T124/><D77/><U2/><E2/><V84/><F73/><W108/><G108/><T58/><D22/><U1/><E1/><V55/><F5/><W117/><G117/><T3/><D3/><U71/><E4/><V52/><F36/><W99/><G115/><T109/><D109/><U11/><E17/><V59/><F37/><W65/><G113/><T129/><REACH who="0" step="1"/><D74/><REACH who="0" ten="404,210,341,35" step="2"/><U110/><E110/><V127/><F21/><W7/><G65/><T70/><D70/><U20/><E71/><V32/><F32/><W82/><G82/><T0/><D0/><U66/><E20/><V120/><F83/><W126/><G126/><AGARI ba="2,1" hai="23,24,28,51,53,58,106,107,124,125,126,129,130,131" machi="126" ten="50,8000,1" yaku="1,1,18,1,19,1,53,1" doraHai="119" doraHaiUra="27" who="0" fromWho="3" sc="404,96,210,0,341,0,35,-86" owari="500,60.0,210,-19.0,341,14.1,-51,-55.1" /></mjloggm>