<mjloggm ver="2.3"><GO type="225" lobby="0"/><UN n0="%72%69%6F%75%63%68%61%6E" n1="%E3%83%A9%E3%82%B9%E7%8E%87%EF%BC%93%E5%89%B2" n2="%E6%98%93%E5%88%A9%E8%96%A9%E4%BC%AF" n3="%E8%83%83%E3%81%A8%E8%85%B8" dan="16,16,17,16" rate="2126.00,2191.25,2186.48,2136.35" sx="M,F,F,M"/><TAIKYOKU oya="0"/><INIT seed="0,0,0,3,4,82" ten="250,250,250,250" oya="0" hai0="13,12,15,133,18,60,105,10,121,61,14,11,75" hai1="79,27,95,115,19,54,99,42,129,110,0,64,81" hai2="100,90,38,24,1,8,125,71,135,86,7,91,20" hai3="4,23,78,31,36,74,87,3,67,126,92,55,123"/><T89/><D133/><U109/><E0/><V68/><F38/><W113/><G36/><T44/><D121/><U45/><E64/><V94/><F135/><W93/><G55/><T108/><D75/><U80/><E129/><V102/><F125/><W118/><G23/><T124/><D124/><U104/><E104/><V34/><F34/><W132/><G31/><T28/><D105/><U76/><E54/><V77/><F77/><W72/><G4/><T16/><D108/><N who="1" m="41579" /><E19/><V43/><F43/><W73/><G3/><T49/><D28/><U119/><E27/><V32/><F32/><W50/><G50/><T58/><D89/><N who="1" m="55791" /><E119/><V52/><F52/><W127/><G67/><N who="0" m="39319" /><D61/><U84/><E45/><V37/><F37/><W97/><G132/><T88/><D88/><U117/><E42/><AGARI ba="0,0" hai="10,11,12,13,14,15,16,18,42,44,49" m="39319" machi="42" ten="30,2900,0" yaku="8,1,54,1" doraHai="82" who="0" fromWho="1" sc="250,29,250,-29,250,0,250,0" /><INIT seed="0,1,0,2,3,132" ten="279,221,250,250" oya="0" hai0="103,27,109,74,17,75,98,117,121,5,77,60,49" hai1="78,114,2,104,6,3,82,119,118,54,84,134,38" hai2="88,81,32,94,9,113,86,99,59,128,43,80,35" hai3="76,0,46,101,12,50,26,91,90,45,93,30,116"/><T120/><D117/><U123/><E123/><V34/><F113/><W83/><G0/><T31/><D109/><U37/><E104/><V56/><F128/><W100/><G116/><T106/><D5/><U24/><E134/><V66/><F43/><W62/><G12/><T69/><D17/><U1/><E6/><V28/><F28/><W122/><G62/><T33/><D49/><U105/><E105/><V92/><F9/><W110/><G110/><T16/><D16/><U135/><E135/><V85/><F66/><W14/><G14/><T64/><D77/><U97/><E97/><V44/><F44/><W129/><G45/><T87/><D87/><U15/><E15/><V19/><F19/><W22/><G129/><T107/><REACH who="0" step="1"/><D106/><REACH who="0" ten="269,221,250,250" step="2"/><U63/><E84/><V47/><F47/><W111/><G111/><T36/><D36/><U126/><E78/><V65/><F85/><N who="3" m="50495" /><G76/><T7/><D7/><U115/><E38/><V125/><F86/><N who="3" m="52471" /><G122/><AGARI ba="1,1" hai="27,31,33,60,64,69,74,75,98,103,107,120,121,122" machi="122" ten="40,12000,1" yaku="1,1,25,2,23,2,53,0" doraHai="132" doraHaiUra="68" who="0" fromWho="3" sc="269,133,221,0,250,0,250,-123" /><INIT seed="0,2,0,5,1,82" ten="402,221,250,127" oya="0" hai0="132,44,112,130,134,115,75,114,74,53,31,129,85" hai1="90,93,18,29,113,12,19,61,94,79,51,102,106" hai2="88,30,64,124,98,28,86,3,38,120,8,71,49" hai3="41,96,99,103,116,76,97,11,59,46,133,109,80"/><T65/><D31/><U54/><E113/><V83/><F120/><W60/><G116/><T7/><D7/><U81/><E29/><V40/><F38/><W34/><G34/><T43/><D65/><U63/><E106/><V91/><F124/><W118/><G11/><T101/><D53/><U123/><E123/><V2/><F30/><W26/><G26/><T39/><D101/><U37/><E37/><V73/><F28/><W105/><G118/><T89/><D74/><U36/><E36/><V20/><F20/><W117/><G117/><T67/><D67/><U4/><E94/><V21/><F21/><W33/><G33/><T87/><D75/><U95/><E95/><V135/><F135/><N who="0" m="51754" /><D89/><U22/><E102/><V0/><F73/><W119/><G133/><T110/><D110/><U127/><E19/><V9/><F64/><W62/><G109/><T47/><D44/><U66/><E66/><V108/><F71/><W125/><G119/><T126/><D126/><U42/><E4/><V48/><F108/><W16/><G125/><T52/><D52/><U111/><E42/><V58/><F40/><W27/><G41/><T107/><D107/><U17/><E17/><V78/><F98/><N who="3" m="37995" /><G46/><T50/><D39/><U24/><E111/><V10/><REACH who="2" step="1"/><F58/><REACH who="2" ten="402,221,240,127" step="2"/><W104/><G59/><T35/><D35/><U13/><E127/><V121/><F121/><W128/><G105/><T92/><D112/><U57/><E24/><V1/><N who="2" m="0" /><DORA hai="14" /><V56/><F56/><W70/><G70/><T72/><D114/><U25/><E57/><V84/><F84/><N who="3" m="48135" /><G128/><T69/><D129/><RYUUKYOKU ba="2,1" sc="402,-15,221,-15,240,15,127,15" hai2="8,9,10,48,49,78,83,86,88,91" hai3="16,27,60,62,99,103,104" /><INIT seed="1,3,1,1,1,105" ten="387,206,255,142" oya="1" hai0="128,67,25,20,30,80,31,9,55,59,68,19,129" hai1="39,42,16,96,130,34,106,15,77,135,127,23,22" hai2="89,94,85,48,33,71,40,51,38,0,91,83,5" hai3="44,11,82,21,131,117,95,13,73,111,93,132,78"/><U104/><E34/><V120/><F71/><W114/><G114/><T66/><D80/><U3/><E3/><V112/><F33/><W99/><G111/><T75/><D75/><U102/><E130/><N who="0" m="50281" /><D68/><U64/><E135/><V125/><F120/><W63/><G131/><T7/><D19/><U81/><E127/><V92/><F112/><W62/><G132/><T1/><D30/><U27/><E64/><V56/><F125/><W18/><G117/><T101/><D101/><U70/><E70/><V28/><F28/><W41/><G21/><T84/><D84/><U2/><E2/><V74/><F56/><W53/><G53/><T116/><D116/><U98/><E42/><V124/><F124/><W69/><G69/><T54/><D54/><U134/><E39/><V52/><F52/><W115/><G115/><T79/><D79/><U57/><E57/><V26/><F38/><W46/><G93/><T97/><D97/><U118/><E118/><V109/><F94/><W90/><REACH who="3" step="1"/><G46/><REACH who="3" ten="387,206,255,132" step="2"/><T47/><D47/><U4/><E134/><V43/><F92/><W123/><G123/><T35/><D35/><U6/><E106/><V50/><F109/><W58/><G58/><T122/><D122/><U49/><E98/><V36/><F26/><W14/><G14/><T29/><D31/><U61/><E27/><V107/><F107/><W88/><G88/><T32/><D32/><U45/><E23/><V72/><F91/><W87/><G87/><T60/><AGARI ba="3,2" hai="1,7,9,20,25,29,55,59,60,66,67" m="50281" machi="60" ten="30,1100,0" yaku="19,1" doraHai="105" who="0" fromWho="0" sc="387,40,206,-8,255,-6,132,-6" /><INIT seed="2,0,0,4,5,129" ten="427,198,249,126" oya="2" hai0="133,134,82,70,15,38,110,77,45,132,130,96,79" hai1="30,28,50,71,58,43,97,55,2,6,12,92,125" hai2="42,107,31,36,120,27,75,47,5,14,7,67,16" hai3="83,85,74,4,19,44,51,109,95,46,11,102,63"/><V56/><F120/><W40/><G109/><T24/><D110/><U72/><E125/><V99/><F75/><W3/><G63/><T84/><D130/><U116/><E116/><V35/><F56/><W98/><G74/><T57/><D70/><U117/><E71/><V81/><F81/><W37/><G19/><T34/><D15/><U115/><E2/><V103/><REACH who="2" step="1"/><F67/><REACH who="2" ten="427,198,239,126" step="2"/><W121/><G121/><T128/><D128/><U64/><E64/><V106/><F106/><W112/><G112/><T49/><D57/><U52/><E72/><V111/><F111/><W104/><G104/><T89/><D38/><U0/><E115/><V80/><F80/><W41/><G83/><T124/><D124/><U62/><E117/><V119/><F119/><W48/><G37/><T86/><D86/><AGARI ba="0,1" hai="3,4,11,40,41,44,46,48,51,85,86,95,98,102" machi="86" ten="40,1300,0" yaku="9,1" doraHai="129" who="3" fromWho="0" sc="427,-13,198,0,239,0,126,23" /><INIT seed="3,0,0,0,5,123" ten="414,198,239,149" oya="3" hai0="93,57,129,77,104,24,40,75,36,107,0,16,122" hai1="102,113,10,94,48,73,61,74,26,89,45,50,103" hai2="85,13,38,3,81,108,64,115,29,69,27,28,41" hai3="43,66,65,55,42,67,135,99,22,31,119,14,2"/><W117/><G2/><T130/><D122/><U21/><E113/><V23/><F108/><W68/><G99/><T12/><D0/><U71/><E74/><V20/><F3/><W80/><G80/><N who="0" m="45119" /><D24/><U121/><E73/><V114/><F38/><W84/><G84/><T52/><D93/><U1/><E71/><V7/><F41/><N who="3" m="15371" /><G14/><T132/><D132/><U126/><E126/><V49/><F85/><W47/><G22/><N who="0" m="11527" /><D40/><N who="1" m="24615" /><E61/><V19/><F81/><W82/><G82/><T90/><D90/><U106/><E106/><V95/><F95/><W118/><G31/><T133/><D36/><U15/><E50/><V6/><F28/><W53/><G68/><T72/><D72/><U60/><E1/><V62/><F7/><W63/><G135/><T8/><D8/><U46/><E121/><V51/><F6/><W30/><G30/><T37/><D37/><U58/><E10/><V134/><F134/><W120/><G120/><T97/><D97/><N who="1" m="57551" /><E15/><V110/><F69/><N who="3" m="42175" /><G47/><T92/><D92/><U5/><E46/><V116/><F29/><W56/><G55/><T125/><D133/><U35/><E35/><V131/><F19/><W83/><G83/><T91/><D91/><U109/><E5/><V4/><F13/><W11/><G11/><T111/><D125/><U76/><E76/><V127/><F23/><W112/><G112/><T96/><D96/><U78/><E78/><V79/><F20/><W59/><G59/><T100/><D100/><N who="1" m="38443" /><E21/><V9/><F27/><W86/><G86/><T34/><D34/><U128/><E26/><V33/><F115/><W124/><G124/><RYUUKYOKU ba="0,0" sc="414,-10,198,-10,239,-10,149,30" hai3="53,56,66,67,117,118,119" /><INIT seed="3,1,0,0,1,92" ten="404,188,229,179" oya="3" hai0="129,79,44,101,105,84,74,35,49,119,31,91,64" hai1="132,1,133,106,7,131,96,115,110,36,20,9,58" hai2="39,77,114,43,52,100,67,99,46,5,130,76,107" hai3="122,21,50,26,123,82,65,103,55,40,89,111,71"/><W42/><G103/><T28/><D119/><U53/><E36/><V126/><F114/><W56/><G82/><N who="0" m="45431" /><D35/><U62/><E110/><V104/><F67/><W8/><G8/><T116/><D64/><U112/><E131/><V121/><F5/><W98/><G111/><T10/><D116/><U124/><E124/><V90/><F104/><W6/><G6/><T93/><D129/><U128/><E128/><V85/><F130/><W23/><G123/><T81/><D81/><U117/><E20/><V51/><F121/><W0/><G0/><T63/><D63/><U54/><E54/><V25/><F25/><W14/><G122/><T57/><D57/><U118/><E118/><V47/><F126/><W33/><G33/><T24/><D24/><U109/><E109/><V37/><F37/><W18/><G65/><T13/><D49/><U61/><E61/><V22/><F22/><W60/><G50/><T45/><D44/><U48/><E62/><V68/><F68/><W32/><G71/><T88/><D88/><U69/><E69/><V78/><F78/><W59/><G59/><T80/><D80/><AGARI ba="1,0" hai="39,43,46,47,51,52,76,77,80,85,90,99,100,107" machi="80" ten="30,3900,0" yaku="7,1,52,1,54,1" doraHai="92" who="2" fromWho="0" sc="404,-42,188,0,229,42,179,0" owari="362,46.2,188,-21.2,271,7.1,179,-32.1" /></mjloggm>