<mjloggm ver="2.3"><GO type="225" lobby="0"/><UN n0="%E3%81%99%E3%81%84%E3%81%BE%E3%81%9B%E3%83%BC%E3%82%93" n1="%E3%81%82%E3%81%84%E3%81%82%E3%81%8A%E3%81%84" n2="%E9%A6%AC%E5%BC%95%E7%81%AB%33" n3="%E3%81%AF%E3%82%88%E3%81%8A%E3%81%98%E3%81%95%E3%82%93" dan="18,18,17,16" rate="2245.74,2215.81,2142.46,2143.43" sx="M,M,M,M"/><TAIKYOKU oya="0"/><INIT seed="0,0,0,2,2,62" ten="250,250,250,250" oya="0" hai0="119,48,90,70,110,0,83,2,66,14,34,111,9" hai1="40,114,33,31,30,93,65,46,101,116,24,39,1" hai2="78,38,19,135,63,5,74,12,21,102,131,81,89" hai3="97,49,77,50,32,28,45,98,125,17,68,69,126"/><T15/><D119/><U113/><E116/><V108/><F108/><N who="0" m="41514" /><D34/><U80/><E1/><N who="0" m="617" /><D48/><U25/><E80/><V122/><F131/><W123/><G32/><T60/><D9/><U37/><E37/><V132/><F122/><W117/><G123/><T54/><D54/><U112/><E65/><V6/><F38/><W86/><G117/><T129/><D129/><U53/><E53/><V55/><F102/><W95/><G50/><T100/><D100/><U109/><E109/><V96/><F96/><W124/><G97/><T56/><D56/><U82/><E82/><V23/><F23/><W29/><G69/><T52/><D52/><U121/><E121/><V134/><REACH who="2" step="1"/><F89/><REACH who="2" ten="250,250,240,250" step="2"/><W10/><G98/><T58/><D58/><AGARI ba="0,1" hai="5,6,12,19,21,55,58,63,74,78,81,132,134,135" machi="58" ten="40,5200,0" yaku="1,1,2,1,20,1,53,0" doraHai="62" doraHaiUra="120" who="2" fromWho="0" sc="250,-52,250,0,240,62,250,0" /><INIT seed="1,0,0,3,5,105" ten="198,250,302,250" oya="1" hai0="104,61,76,65,35,64,101,70,9,118,79,29,39" hai1="97,3,56,46,47,54,12,133,77,112,18,41,26" hai2="94,11,71,36,96,89,87,40,50,117,99,121,109" hai3="31,126,28,4,98,21,48,123,2,6,115,62,33"/><U52/><E112/><V80/><F117/><W134/><G123/><T95/><D118/><U86/><E3/><V131/><F121/><W67/><G115/><T107/><D39/><U103/><E26/><V85/><F109/><W84/><G33/><T32/><D65/><U1/><E1/><V106/><F131/><W0/><G0/><T108/><D108/><U34/><E34/><V72/><F36/><W44/><G126/><T24/><D35/><U125/><E125/><V127/><F71/><W82/><G134/><T19/><D95/><N who="1" m="58815" /><E133/><V55/><F72/><W75/><G98/><N who="0" m="61495" /><D107/><U8/><E41/><V10/><F40/><W5/><G2/><T92/><D92/><U13/><E13/><AGARI ba="0,0" hai="9,13,19,24,29,32,61,64,70,76,79" m="61495" machi="13" ten="30,1000,0" yaku="25,1" doraHai="105" who="0" fromWho="1" sc="198,10,250,-10,302,0,250,0" /><INIT seed="2,0,0,4,0,26" ten="208,240,302,250" oya="2" hai0="99,133,96,50,48,16,60,35,112,107,123,22,120" hai1="72,29,98,118,90,56,119,47,75,37,18,40,110" hai2="134,127,30,126,41,91,0,21,71,82,111,36,68" hai3="130,55,114,66,67,49,15,94,13,69,131,113,135"/><V2/><F134/><W65/><G94/><T63/><D112/><N who="3" m="43113" /><G13/><T8/><D35/><U7/><E7/><V79/><F91/><W86/><G86/><T101/><D133/><U80/><E110/><V83/><F21/><W25/><G25/><T105/><D8/><U116/><E29/><V103/><F103/><W9/><G15/><T61/><D99/><U59/><E18/><V115/><F115/><W104/><G104/><T32/><D107/><U124/><E124/><V38/><F79/><W84/><G84/><T6/><D6/><U54/><E59/><V3/><F3/><W77/><G77/><T85/><D85/><U45/><E45/><V73/><F73/><W27/><G27/><T108/><D32/><U46/><E46/><V78/><F78/><W129/><G9/><T132/><D108/><U43/><E43/><V23/><F23/><W31/><G31/><T53/><D132/><U34/><E34/><V74/><F74/><W4/><G4/><T58/><REACH who="0" step="1"/><D50/><REACH who="0" ten="198,240,302,250" step="2"/><U97/><E97/><V20/><F111/><W57/><G135/><T62/><N who="0" m="15360" /><DORA hai="1" /><T102/><D102/><U33/><E33/><V121/><F71/><AGARI ba="0,1" hai="49,55,57,65,66,67,69,71,129,130,131" m="43113" machi="71" ten="40,8000,1" yaku="19,1,11,1,34,2" doraHai="26,1" who="3" fromWho="2" sc="198,0,240,0,302,-80,250,90" /><INIT seed="3,0,0,2,5,82" ten="198,240,222,340" oya="3" hai0="101,89,122,28,102,92,83,115,41,35,73,75,10" hai1="119,107,20,104,8,56,97,106,134,34,78,33,3" hai2="117,17,125,36,132,5,29,62,98,30,23,31,94" hai3="61,111,64,38,84,124,127,27,15,133,112,116,19"/><W58/><G112/><T118/><D35/><U121/><E121/><V130/><F117/><W71/><G116/><T68/><D68/><U88/><E78/><V7/><F36/><W55/><G38/><T126/><D28/><U45/><E119/><V14/><F125/><N who="3" m="48203" /><G133/><T48/><D118/><U128/><E45/><V50/><F132/><W59/><G111/><T26/><D126/><U66/><E20/><V77/><F130/><W81/><G27/><T0/><D26/><U44/><E44/><V9/><F77/><N who="3" m="46127" /><G55/><T91/><D122/><U47/><E128/><V103/><F23/><AGARI ba="0,0" hai="15,19,23,58,59,61,64,71" m="46127,48203" machi="23" ten="30,2900,0" yaku="18,1,52,1" doraHai="82" who="3" fromWho="2" sc="198,0,240,0,222,-29,340,29" owari="198,-20.2,240,4.0,193,-30.7,369,46.9" /></mjloggm>