<mjloggm ver="2.3"><GO type="225" lobby="0"/><UN n0="%E3%81%8B%E3%82%8F%E3%81%A1%E3%82%83%E3%82%93%35%38" n1="%E3%82%B3%E3%83%90%E3%83%AC%E3%82%A4" n2="%E6%81%A5%E6%99%92%E3%81%97" n3="%E3%83%96%E3%83%83%E3%83%91%E3%82%AA%E3%83%96%E3%83%81%E3%82%AD%E3%83%B3" dan="16,16,16,16" rate="2125.93,2170.04,2119.00,2140.51" sx="M,M,M,M"/><TAIKYOKU oya="0"/><INIT seed="0,0,0,3,5,27" ten="250,250,250,250" oya="0" hai0="5,73,24,22,17,114,0,30,2,117,51,128,134" hai1="38,131,110,81,94,130,79,35,112,15,70,75,80" hai2="84,23,104,11,67,63,122,41,39,16,76,121,97" hai3="62,1,87,78,57,26,99,68,77,25,31,98,10"/><T96/><D73/><U135/><E15/><V72/><F72/><W64/><G68/><T50/><D114/><U86/><E35/><V123/><F11/><W54/><G64/><T109/><D117/><U101/><E38/><V100/><F39/><W66/><G66/><T88/><D128/><N who="1" m="49195" /><E70/><V42/><F84/><W29/><G10/><T107/><D134/><U95/><E135/><V71/><REACH who="2" step="1"/><F76/><REACH who="2" ten="250,250,240,250" step="2"/><N who="3" m="29291" /><G87/><T124/><D0/><U133/><E133/><V65/><F65/><W92/><G1/><T74/><D2/><U55/><E112/><V82/><F82/><W59/><G99/><T113/><D74/><U12/><E75/><V14/><AGARI ba="0,1" hai="14,16,23,41,42,63,67,71,97,100,104,121,122,123" machi="14" ten="30,4000,0" yaku="1,1,0,1,54,1,53,0" doraHai="27" doraHaiUra="120" who="2" fromWho="2" sc="250,-20,250,-10,240,50,250,-10" /><INIT seed="1,0,0,4,5,115" ten="230,240,290,240" oya="1" hai0="111,93,82,32,102,53,34,119,5,12,108,74,60" hai1="21,29,105,92,134,86,125,9,8,55,114,6,42" hai2="10,121,19,132,31,33,68,126,109,25,69,90,89" hai3="17,88,43,18,39,87,16,135,106,54,76,77,14"/><U52/><E105/><V83/><F121/><W67/><G106/><T99/><D119/><U48/><E114/><V78/><F109/><N who="0" m="42058" /><D5/><U36/><E36/><V96/><F126/><W124/><G124/><T84/><D74/><U26/><E125/><V61/><F132/><W23/><G135/><T63/><D12/><U95/><E134/><V73/><F96/><W79/><G67/><T22/><D22/><U85/><E42/><V70/><REACH who="2" step="1"/><F61/><REACH who="2" ten="230,240,280,240" step="2"/><N who="0" m="23626" /><D53/><U117/><E55/><V129/><F129/><W45/><REACH who="3" step="1"/><G54/><REACH who="3" ten="230,240,280,230" step="2"/><T116/><D116/><U66/><E117/><V122/><F122/><W46/><G46/><T103/><D103/><U80/><E66/><V128/><F128/><W49/><G49/><T65/><D65/><U58/><E48/><V27/><F27/><W20/><G20/><T123/><D123/><U113/><E113/><V51/><F51/><W107/><G107/><T41/><D41/><U13/><E52/><V133/><F133/><W38/><G38/><T112/><D112/><U59/><E21/><V104/><F104/><W57/><G57/><T15/><D15/><AGARI ba="0,2" hai="10,15,19,25,31,33,68,69,70,73,78,83,89,90" machi="15" ten="40,1300,0" yaku="1,1,53,0" doraHai="115" doraHaiUra="127" who="2" fromWho="0" sc="230,-13,240,0,280,33,230,0" /><INIT seed="2,0,0,4,4,104" ten="217,240,313,230" oya="2" hai0="99,126,112,46,117,90,41,67,72,69,49,85,27" hai1="55,88,9,17,57,13,98,58,23,64,29,31,95" hai2="129,0,12,86,110,78,22,127,62,113,2,32,83" hai3="123,81,119,59,35,70,96,19,56,6,103,36,20"/><V97/><F113/><W82/><G119/><T33/><D112/><U25/><E64/><V51/><F32/><W65/><G35/><T131/><D131/><U39/><E39/><V125/><F129/><W128/><G36/><T108/><D108/><U106/><E106/><V89/><F62/><N who="3" m="38111" /><G70/><T94/><D126/><U14/><E58/><V91/><F51/><W84/><G123/><T68/><D117/><U4/><E13/><V133/><F110/><W134/><G134/><T120/><D120/><U124/><E124/><V10/><F133/><W30/><G6/><T26/><D72/><U18/><E4/><V61/><F61/><AGARI ba="0,0" hai="9,14,17,18,23,25,29,31,55,57,61,88,95,98" machi="61" ten="30,8000,1" yaku="7,1,25,2,8,1,54,1" doraHai="104" who="1" fromWho="2" sc="217,0,240,80,313,-80,230,0" /><INIT seed="3,0,0,5,5,105" ten="217,320,233,230" oya="3" hai0="52,67,130,19,34,68,129,91,71,10,44,79,121" hai1="24,133,102,15,16,120,98,56,84,53,113,116,0" hai2="93,94,127,60,100,31,82,115,40,126,58,2,49" hai3="7,22,85,43,62,38,45,26,32,61,78,83,128"/><W81/><G128/><N who="0" m="49259" /><D121/><U110/><E0/><V64/><F115/><W65/><G32/><T1/><D34/><U112/><E120/><V97/><F2/><W33/><G33/><T28/><D28/><U117/><E24/><V50/><F94/><W86/><G7/><N who="0" m="1391" /><D67/><U96/><E84/><V5/><F5/><W124/><G65/><T114/><D114/><U66/><E66/><V132/><F132/><W134/><G134/><T36/><D79/><U20/><E98/><V107/><F31/><W118/><G118/><N who="1" m="45674" /><E133/><V6/><F64/><W109/><G124/><T108/><D108/><U12/><E110/><V75/><F126/><W92/><G109/><T21/><D91/><U135/><E135/><V25/><F127/><W123/><G123/><T3/><D3/><U39/><E39/><V27/><F97/><W111/><G111/><T73/><D73/><U69/><E69/><V77/><F75/><W9/><G38/><T80/><D80/><U70/><E70/><V131/><F82/><W103/><G83/><T90/><D90/><U101/><E101/><V104/><F131/><W122/><G122/><T47/><D47/><U18/><E96/><N who="2" m="59407" /><F77/><W46/><G46/><T72/><D72/><U74/><E74/><V125/><F125/><W54/><G103/><T55/><D55/><U119/><E102/><V35/><F35/><W11/><G54/><T48/><D36/><U30/><E30/><V14/><F104/><W13/><G78/><T29/><D29/><U76/><N who="1" m="45682" /><U37/><DORA hai="8" /><E76/><V23/><F107/><W51/><G81/><T4/><D4/><RYUUKYOKU ba="0,0" sc="217,30,320,-10,233,-10,230,-10" hai0="19,21,44,48,52,68,71" owari="247,4.7,310,41.0,223,-17.7,220,-28.0" /></mjloggm>