<mjloggm ver="2.3"><GO type="225" lobby="0"/><UN n0="%E3%82%8F%E3%81%8B%E3%81%B0%2A%E3%82%AC%E3%83%BC%E3%83%AB" n1="%E3%81%BF%E3%81%BF%E3%81%9A" n2="%E6%A1%9C%E8%8A%B1%E9%96%83%E3%80%85" n3="%E3%81%AF%E3%82%88%E3%81%8A%E3%81%98%E3%81%95%E3%82%93" dan="16,17,17,17" rate="2108.57,2234.66,2174.13,2158.49" sx="M,M,M,M"/><TAIKYOKU oya="0"/><INIT seed="0,0,0,5,1,16" ten="250,250,250,250" oya="0" hai0="85,10,52,118,31,49,4,93,47,79,66,8,122" hai1="60,30,130,18,5,0,2,29,61,89,90,94,132" hai2="107,134,88,95,113,42,12,69,43,44,40,119,1" hai3="62,57,7,26,64,33,121,24,23,128,38,56,34"/><T101/><D118/><U58/><E130/><V83/><F113/><W11/><G38/><T15/><D122/><U102/><E132/><V27/><F1/><W72/><G72/><T77/><D31/><U120/><E102/><V32/><F107/><W41/><G41/><T96/><D66/><U59/><E18/><V105/><F105/><W14/><G128/><T46/><D46/><U103/><E103/><V35/><F134/><W129/><G129/><T111/><D111/><U65/><E120/><V67/><F83/><W87/><G121/><T45/><D45/><U126/><E126/><V73/><F73/><W86/><G57/><T133/><D133/><U109/><E109/><V81/><F81/><W110/><G110/><T55/><D55/><U53/><E5/><V71/><F44/><W97/><G97/><T76/><D10/><U114/><E114/><V28/><F35/><W116/><G116/><T3/><D3/><U117/><E117/><V48/><F48/><W112/><G112/><T78/><N who="0" m="19456" /><DORA hai="74" /><T115/><D115/><U91/><E0/><V19/><F67/><W98/><G98/><T123/><D123/><U84/><E2/><V99/><REACH who="2" step="1"/><F119/><REACH who="2" ten="250,250,240,250" step="2"/><W75/><G75/><T6/><REACH who="0" step="1"/><D85/><REACH who="0" ten="240,250,240,250" step="2"/><U63/><E63/><V54/><F54/><W108/><G108/><T135/><D135/><U100/><E84/><V20/><AGARI ba="0,2" hai="12,19,20,27,28,32,40,42,43,69,71,88,95,99" machi="20" ten="30,7900,0" yaku="1,1,0,1,52,1,54,1,53,0" doraHai="16,74" doraHaiUra="80,125" who="2" fromWho="2" sc="240,-39,250,-20,240,99,250,-20" /><INIT seed="1,0,0,0,3,54" ten="201,230,339,230" oya="1" hai0="125,78,81,122,110,120,5,70,9,20,92,75,44" hai1="51,15,45,22,25,14,38,116,26,115,0,68,2" hai2="31,117,76,34,84,41,33,12,21,135,97,114,49" hai3="11,105,103,91,108,89,109,23,119,73,100,58,4"/><U6/><E115/><V39/><F117/><W94/><G73/><T71/><D110/><N who="3" m="42601" /><G119/><T35/><D35/><U52/><E116/><V129/><F49/><W66/><G105/><T85/><D125/><U27/><E68/><V98/><F12/><N who="3" m="5223" /><G23/><T88/><D44/><U90/><E38/><V72/><F97/><N who="3" m="59447" /><G103/><T132/><D132/><U24/><E90/><V57/><F21/><W74/><G74/><T67/><D20/><U10/><REACH who="1" step="1"/><E14/><REACH who="1" ten="201,220,339,230" step="2"/><V43/><F39/><W111/><G111/><T79/><D79/><U126/><E126/><V32/><F114/><W59/><G66/><T55/><D67/><U53/><E53/><V7/><F135/><W46/><G46/><T37/><D55/><U48/><E48/><V123/><F43/><W133/><G133/><T18/><D37/><U99/><E99/><V128/><F98/><W131/><G131/><T113/><D113/><U104/><E104/><V8/><F41/><W121/><G121/><N who="0" m="46699" /><D18/><AGARI ba="0,1" hai="0,2,6,10,15,18,22,24,25,26,27,45,51,52" machi="18" ten="40,3900,0" yaku="1,1,54,1,53,0" doraHai="54" doraHaiUra="77" who="1" fromWho="0" sc="201,-39,220,49,339,0,230,0" /><INIT seed="1,1,0,2,4,124" ten="162,269,339,230" oya="1" hai0="25,75,76,111,8,93,42,26,104,86,1,73,23" hai1="63,90,40,70,120,45,98,68,108,22,110,89,74" hai2="46,16,2,27,128,13,49,9,28,87,38,20,41" hai3="15,72,30,67,21,71,125,118,114,80,36,24,32"/><U79/><E120/><V78/><F128/><W12/><G114/><T11/><D111/><N who="1" m="42539" /><E22/><V37/><REACH who="2" step="1"/><F2/><REACH who="2" ten="162,269,329,230" step="2"/><W133/><G125/><T77/><D1/><U31/><E70/><V127/><F127/><W85/><G71/><T17/><D73/><U50/><E31/><V0/><F0/><W3/><G30/><T132/><D75/><U109/><E109/><V61/><F61/><W35/><G3/><T119/><D119/><U115/><E115/><V44/><F44/><W129/><G72/><T130/><D130/><U103/><E68/><V106/><F106/><W62/><G129/><T54/><D104/><N who="1" m="63607" /><E63/><V65/><F65/><W96/><G62/><T123/><D123/><U126/><E126/><V81/><AGARI ba="1,1" hai="9,13,16,20,27,28,37,38,41,46,49,78,81,87" machi="81" ten="30,4000,0" yaku="1,1,0,1,54,1,53,0" doraHai="124" doraHaiUra="53" who="2" fromWho="2" sc="162,-11,269,-21,329,53,230,-11" /><INIT seed="2,0,0,4,1,4" ten="151,248,382,219" oya="2" hai0="102,124,61,31,26,135,54,98,3,19,66,20,127" hai1="94,126,51,2,130,52,25,109,119,90,35,28,47" hai2="74,134,59,14,96,79,83,36,30,73,91,29,80" hai3="111,1,0,120,68,117,114,129,8,24,107,118,7"/><V128/><F36/><W108/><G107/><T122/><D135/><U101/><E119/><N who="3" m="45578" /><G68/><T18/><D122/><U112/><E112/><V86/><F128/><W97/><G97/><T110/><D110/><N who="3" m="42025" /><G129/><T60/><D3/><U53/><E109/><V23/><F134/><W95/><G95/><T76/><D76/><U89/><E2/><V77/><F59/><W55/><G55/><T105/><D54/><U9/><E126/><V5/><F96/><W64/><G64/><T45/><D45/><U133/><E133/><V50/><F50/><W10/><G24/><T16/><REACH who="0" step="1"/><D60/><REACH who="0" ten="141,248,382,219" step="2"/><U93/><E130/><V44/><F44/><W38/><G38/><T46/><D46/><U11/><E53/><V12/><F79/><W62/><G62/><T78/><D78/><U99/><E101/><V37/><F37/><W41/><G41/><T106/><D106/><U43/><E43/><V15/><F74/><W40/><G40/><T100/><D100/><U48/><E51/><V104/><F104/><W34/><G120/><T42/><D42/><U81/><E81/><V131/><F131/><W22/><G114/><T32/><D32/><U65/><E65/><V39/><F39/><W58/><G34/><T116/><D116/><U92/><E92/><V6/><F83/><W71/><G0/><T57/><AGARI ba="0,1" hai="16,18,19,20,26,31,57,61,66,98,102,105,124,127" machi="57" ten="30,4000,0" yaku="1,1,0,1,54,1,53,0" doraHai="4" doraHaiUra="67" who="0" fromWho="0" sc="141,50,248,-10,382,-20,219,-10" /><INIT seed="3,0,0,1,1,99" ten="191,238,362,209" oya="3" hai0="56,32,20,107,28,64,102,16,37,3,87,95,48" hai1="38,105,44,74,134,24,15,36,131,21,63,14,89" hai2="60,120,42,18,85,135,19,115,8,121,130,39,69" hai3="108,109,59,83,46,90,75,119,96,103,41,77,76"/><W118/><G59/><T82/><D37/><U40/><E105/><V98/><F115/><W49/><G90/><T125/><D3/><U111/><E74/><V86/><F130/><W13/><G77/><N who="0" m="46543" /><D107/><U35/><E134/><V45/><F135/><W101/><G13/><N who="0" m="9231" /><D32/><U84/><E111/><N who="3" m="42570" /><G96/><N who="0" m="59679" /><D125/><U53/><E131/><V110/><F98/><W100/><AGARI ba="0,0" hai="41,46,49,75,76,83,100,101,103,118,119" m="42570" machi="100" ten="30,12000,1" yaku="14,1,10,1,52,3" doraHai="99" who="3" fromWho="3" sc="191,-40,238,-40,362,-40,209,120" owari="151,-34.9,198,-20.2,322,12.2,329,42.9" /></mjloggm>