<mjloggm ver="2.3"><GO type="225" lobby="0"/><UN n0="%72%61%6B%33" n1="%54%4F%52" n2="%4B%2E%32%2E%4B%2E" n3="%E3%81%8B%E3%82%8F%E3%81%A1%E3%82%83%E3%82%93%35%38" dan="16,16,16,16" rate="2124.03,2165.41,2133.04,2146.80" sx="M,M,M,M"/><TAIKYOKU oya="0"/><INIT seed="0,0,0,1,0,45" ten="250,250,250,250" oya="0" hai0="124,30,88,81,92,84,77,108,111,43,0,126,15" hai1="20,55,60,56,71,117,42,61,116,6,16,47,125" hai2="87,59,19,41,95,106,75,102,37,85,18,64,17" hai3="13,35,54,66,63,50,90,29,12,49,58,57,103"/><T65/><D0/><U82/><E125/><N who="0" m="48233" /><D30/><U25/><E6/><V129/><F75/><W80/><G103/><T98/><D15/><N who="3" m="5705" /><G29/><T70/><D43/><U24/><E24/><V99/><F129/><W110/><G110/><N who="0" m="42027" /><D65/><U8/><E8/><V53/><F64/><W76/><G76/><T51/><D51/><N who="3" m="19465" /><G35/><T113/><D70/><U23/><E23/><V134/><F106/><W86/><G58/><T67/><D67/><AGARI ba="0,0" hai="54,57,63,66,67,80,86,90" m="19465,5705" machi="67" ten="30,7700,0" yaku="8,1,52,3" doraHai="45" who="3" fromWho="0" sc="250,-77,250,0,250,0,250,77" /><INIT seed="1,0,0,2,5,9" ten="173,250,250,327" oya="1" hai0="7,63,126,62,45,57,75,73,81,113,104,2,28" hai1="67,72,76,14,122,108,89,96,64,132,115,0,91" hai2="52,69,127,36,34,32,84,33,121,24,128,131,5" hai3="50,106,118,42,97,119,116,65,125,26,38,99,82"/><U111/><E115/><V93/><F121/><W1/><G1/><T21/><D113/><U41/><E122/><V109/><F69/><W77/><G125/><T20/><D104/><U114/><E114/><V59/><F36/><W3/><G3/><T134/><D126/><U23/><E0/><V90/><F127/><W18/><G38/><T29/><D45/><U94/><E132/><V58/><F109/><N who="1" m="42057" /><E41/><V19/><F5/><W51/><G65/><N who="1" m="25162" /><E76/><V85/><F85/><W17/><G42/><T95/><D2/><U35/><E35/><V103/><F59/><W16/><G26/><T48/><D57/><U40/><E40/><V102/><F128/><W66/><G66/><T78/><D78/><U88/><E72/><V83/><F131/><W15/><G15/><T135/><D73/><U92/><E96/><N who="3" m="36938" /><G106/><T10/><D135/><U55/><E55/><V54/><F54/><W13/><G13/><T46/><D134/><U79/><E79/><V43/><F43/><W44/><G44/><T112/><D46/><U39/><E39/><V101/><F34/><W130/><G130/><T27/><D112/><U87/><E87/><AGARI ba="0,0" hai="16,17,18,50,51,77,82,87,116,118,119" m="36938" machi="87" ten="40,2600,0" yaku="12,1,54,1" doraHai="9" who="3" fromWho="1" sc="173,0,250,-26,250,0,327,26" /><INIT seed="2,0,0,5,4,37" ten="173,224,250,353" oya="2" hai0="3,45,55,107,121,93,18,60,115,32,91,74,106" hai1="35,88,104,46,127,108,12,34,9,54,92,28,5" hai2="64,94,77,36,0,29,105,76,2,10,68,50,78" hai3="1,14,41,21,83,16,61,95,43,132,102,126,117"/><V112/><F105/><W110/><G117/><T118/><D115/><U15/><E104/><V120/><F120/><W87/><G1/><T44/><D121/><U26/><E108/><V39/><F112/><W135/><G110/><T71/><D74/><U53/><E127/><V90/><F29/><W111/><G111/><T122/><D122/><U85/><E35/><V40/><F64/><W24/><G126/><T113/><D32/><U58/><E46/><V130/><F68/><W51/><G51/><T97/><D3/><U57/><E57/><V67/><F67/><W17/><G61/><T133/><D118/><U11/><REACH who="1" step="1"/><E58/><REACH who="1" ten="173,214,250,353" step="2"/><V19/><F130/><W114/><G114/><T123/><D107/><U49/><E49/><V98/><F39/><W103/><G135/><T23/><D106/><U131/><E131/><V129/><F36/><W25/><G132/><T72/><D133/><U125/><E125/><V13/><F129/><W82/><G102/><T69/><D113/><U20/><E20/><V80/><F80/><W84/><G103/><T99/><D123/><U62/><E62/><V109/><F109/><W75/><G21/><T4/><D69/><U73/><E73/><V96/><F96/><W27/><G75/><T65/><D72/><U89/><E89/><V6/><F98/><W33/><G33/><T59/><D71/><U42/><E42/><N who="3" m="15882" /><G82/><T8/><D99/><U81/><E81/><V38/><F38/><W124/><G83/><T31/><D97/><U119/><E119/><V22/><F50/><W100/><G124/><T86/><D60/><U116/><E116/><RYUUKYOKU ba="0,1" sc="173,-10,214,30,250,-10,353,-10" hai1="5,9,11,12,15,26,28,34,53,54,85,88,92" /><INIT seed="3,1,1,2,0,36" ten="163,244,240,343" oya="3" hai0="119,49,115,101,107,29,135,42,79,65,14,73,46" hai1="78,31,69,122,23,108,25,110,99,105,126,40,30" hai2="50,121,52,92,82,56,4,8,27,38,93,81,21" hai3="90,133,72,77,22,103,57,123,26,96,91,48,74"/><W84/><G77/><T66/><D119/><U89/><E122/><V53/><F38/><W6/><G90/><T10/><D135/><U7/><E69/><V28/><F121/><W132/><G6/><T34/><D115/><U2/><E126/><V11/><F11/><W62/><G48/><T43/><D107/><U118/><E118/><V12/><F53/><W75/><G123/><T37/><D101/><N who="1" m="62655" /><E78/><V51/><F51/><W127/><G127/><T113/><D113/><U87/><E40/><N who="0" m="15401" /><D37/><U100/><E100/><V94/><AGARI ba="1,1" hai="4,8,12,21,27,28,50,52,56,81,82,92,93,94" machi="94" ten="30,4000,0" yaku="0,1,8,1,54,1" doraHai="36" who="2" fromWho="2" sc="163,-11,244,-11,240,53,343,-21" owari="152,-34.8,233,-16.7,293,9.3,322,42.2" /></mjloggm>