<mjloggm ver="2.3"><GO type="225" lobby="0"/><UN n0="%E3%83%96%E3%83%83%E3%83%91%E3%82%AA%E3%83%96%E3%83%81%E3%82%AD%E3%83%B3" n1="%E3%83%A9%E3%82%B9%E7%8E%87%EF%BC%93%E5%89%B2" n2="%E6%A1%9C%E8%8A%B1%E9%96%83%E3%80%85" n3="%E3%83%A9%E3%83%BC%E3%83%A1%E3%83%B3%E4%BA%94%E9%83%8E" dan="16,17,17,16" rate="2113.85,2199.79,2170.81,2167.44" sx="M,F,M,M"/><TAIKYOKU oya="0"/><INIT seed="0,0,0,1,5,106" ten="250,250,250,250" oya="0" hai0="18,73,80,4,70,116,6,37,45,16,127,130,88" hai1="89,83,90,119,95,47,26,97,121,33,105,57,71" hai2="3,34,31,48,42,125,76,28,126,75,25,59,23" hai3="19,112,100,131,5,81,87,51,36,84,50,92,104"/><T102/><D116/><U40/><E119/><V118/><F118/><W122/><G36/><T114/><D114/><U44/><E121/><V117/><F117/><W103/><G112/><T27/><D70/><U1/><E71/><V14/><F3/><W96/><G122/><T21/><D127/><N who="2" m="48650" /><F14/><W29/><G131/><T8/><D130/><U113/><E105/><V120/><F120/><W63/><G5/><T54/><D102/><U30/><E1/><V85/><F85/><W98/><G29/><T91/><D37/><U129/><E129/><V12/><F12/><W111/><G111/><T108/><D108/><U133/><E133/><V67/><F67/><W22/><G63/><T101/><D101/><U79/><E90/><N who="0" m="34345" /><D73/><U11/><E11/><V7/><F7/><N who="0" m="2602" /><D80/><U2/><E2/><V123/><F123/><W132/><G132/><T13/><D45/><U115/><E57/><V77/><F75/><W55/><G81/><T52/><AGARI ba="0,0" hai="8,13,16,18,21,27,52,54" m="2602,34345" machi="52" ten="30,11700,0" yaku="8,1,54,3" doraHai="106" who="0" fromWho="0" sc="250,117,250,-39,250,-39,250,-39" /><INIT seed="0,1,0,2,3,56" ten="367,211,211,211" oya="0" hai0="24,28,43,84,16,3,60,11,102,13,95,71,37" hai1="125,14,9,8,47,64,133,111,22,53,23,110,98" hai2="39,114,128,83,40,118,90,121,109,82,77,25,15" hai3="36,120,72,126,10,85,59,100,106,44,35,78,88"/><T51/><D37/><U135/><E64/><V122/><F114/><W57/><G35/><T116/><D116/><U127/><E98/><V117/><F15/><W97/><G126/><N who="1" m="48138" /><E53/><V70/><F70/><W104/><G104/><T54/><D3/><U20/><E47/><N who="2" m="23967" /><F109/><N who="1" m="41481" /><E14/><V74/><F118/><W73/><G36/><T75/><D43/><U33/><E33/><V34/><F34/><W4/><G44/><T29/><D71/><U115/><E115/><V130/><F117/><W7/><G120/><T49/><D49/><U32/><E32/><V31/><F122/><W48/><G48/><T0/><D51/><U91/><E91/><V123/><F90/><W124/><G124/><T112/><D54/><U21/><N who="1" m="5120" /><DORA hai="38" /><U18/><E18/><V81/><F123/><W68/><G68/><T26/><D16/><U108/><N who="1" m="41489" /><U113/><DORA hai="42" /><E113/><V41/><F121/><W12/><G78/><T99/><D13/><U46/><E46/><V1/><F41/><W96/><G88/><T86/><D99/><U19/><E19/><V17/><F17/><W69/><G97/><T132/><D112/><U67/><E67/><V89/><F89/><W87/><G69/><T65/><D65/><U94/><E94/><V52/><F52/><W27/><G96/><T76/><D95/><U119/><E119/><V134/><F77/><W50/><G59/><T63/><D76/><U93/><E93/><V55/><F55/><W92/><G57/><T62/><D62/><U61/><E61/><V2/><F2/><W79/><G92/><T45/><D63/><U30/><E30/><RYUUKYOKU ba="1,0" sc="367,-10,211,30,211,-10,211,-10" hai1="8,9,133,135" /><INIT seed="1,2,0,0,0,43" ten="357,241,201,201" oya="1" hai0="35,14,18,69,100,115,117,7,11,112,24,64,68" hai1="109,80,120,114,121,47,58,93,110,53,5,104,135" hai2="0,81,79,28,132,46,126,98,118,65,78,92,44" hai3="60,48,94,73,102,62,21,32,89,76,85,72,63"/><U75/><E104/><V66/><F118/><W29/><G32/><T27/><D117/><U113/><E5/><V125/><F0/><W8/><G102/><T41/><D41/><U67/><E93/><V38/><F28/><W25/><G76/><N who="2" m="29225" /><F81/><W2/><G2/><N who="0" m="503" /><D100/><U37/><E135/><V13/><F38/><W119/><G119/><T128/><D27/><U57/><E80/><V87/><F87/><W88/><G8/><T95/><D128/><U6/><E6/><V96/><F132/><W1/><G1/><T17/><D17/><U52/><E75/><V123/><F123/><W103/><G103/><T70/><D64/><N who="2" m="24682" /><F13/><W26/><G26/><T45/><D95/><U12/><E12/><V50/><F50/><W131/><G131/><T42/><D70/><U40/><E67/><V34/><F34/><W127/><G127/><N who="2" m="48649" /><F92/><W101/><G101/><T86/><D69/><U19/><E19/><V97/><AGARI ba="2,0" hai="44,46,96,97,98" m="48649,24682,29225" machi="97" ten="40,8000,1" yaku="28,2,18,1,52,2" doraHai="43" who="2" fromWho="2" sc="357,-22,241,-42,201,86,201,-22" /><INIT seed="2,0,0,4,1,40" ten="335,199,287,179" oya="2" hai0="71,49,31,70,18,132,120,27,82,65,43,79,134" hai1="127,9,88,62,11,10,59,44,110,103,35,21,53" hai2="67,122,77,131,37,126,42,69,66,8,129,0,90" hai3="76,16,104,99,94,75,47,80,116,1,32,107,34"/><V38/><F77/><W51/><G116/><T48/><D18/><U12/><E110/><V24/><F90/><W92/><G1/><T112/><D112/><U98/><E127/><V33/><F122/><W95/><G99/><T108/><D120/><U119/><E35/><V61/><F126/><W22/><G34/><T60/><D71/><U105/><E119/><V4/><F67/><W81/><G81/><T56/><D108/><U52/><E21/><V102/><F102/><W123/><G32/><T117/><D117/><U28/><E28/><N who="2" m="19591" /><F42/><W85/><G75/><T13/><D13/><U130/><E130/><AGARI ba="0,0" hai="0,4,8,37,38,61,66,69,129,130,131" m="19591" machi="130" ten="30,2900,0" yaku="19,1,23,1" doraHai="40" who="2" fromWho="1" sc="335,0,199,-29,287,29,179,0" /><INIT seed="2,1,0,4,3,57" ten="335,170,316,179" oya="2" hai0="48,95,10,74,88,110,119,24,39,44,12,75,56" hai1="13,100,71,66,76,8,121,111,87,1,7,25,124" hai2="80,49,59,120,55,125,50,3,33,83,22,77,11" hai3="81,0,5,130,47,72,113,107,118,61,106,127,62"/><V78/><F120/><W73/><G118/><T19/><D119/><U122/><E100/><V60/><F33/><W99/><G0/><T31/><D110/><U20/><E111/><V16/><F125/><W104/><G5/><T102/><D102/><U131/><E131/><V105/><F105/><W89/><G127/><T98/><D56/><U53/><E53/><V45/><F11/><W17/><G130/><T97/><D39/><U43/><E43/><V114/><F3/><W116/><G116/><T63/><D98/><U67/><E124/><V6/><F6/><W103/><G113/><T54/><REACH who="0" step="1"/><D63/><REACH who="0" ten="325,170,316,179" step="2"/><U38/><E38/><V9/><F114/><W82/><G47/><T132/><D132/><U29/><E71/><V14/><F9/><W30/><G103/><T85/><D85/><U26/><E1/><V40/><F50/><W28/><G99/><T117/><D117/><U90/><E122/><V115/><F115/><W58/><G58/><T134/><D134/><U92/><E121/><V18/><F18/><W128/><G62/><T101/><D101/><U79/><REACH who="1" step="1"/><E26/><REACH who="1" ten="325,160,316,179" step="2"/><V65/><F40/><W112/><G106/><T69/><D69/><U2/><E2/><V27/><F27/><W23/><G107/><T37/><D37/><U126/><E126/><V46/><F46/><W109/><G104/><T96/><D96/><U41/><E41/><V34/><F34/><AGARI ba="1,2" hai="10,12,19,24,31,34,44,48,54,74,75,88,95,97" machi="34" ten="30,3900,0" yaku="1,1,7,1,54,1,53,0" doraHai="57" doraHaiUra="135" who="0" fromWho="2" sc="325,62,160,0,316,-42,179,0" /><INIT seed="3,0,0,5,1,101" ten="387,160,274,179" oya="3" hai0="95,83,15,52,122,21,113,98,31,51,76,61,14" hai1="105,46,27,134,85,40,120,9,48,66,126,60,0" hai2="42,108,99,118,44,127,114,56,13,116,58,79,69" hai3="94,2,18,36,53,28,54,74,110,123,3,119,128"/><W106/><G119/><T72/><D122/><U130/><E120/><V22/><F114/><W96/><G123/><T97/><D113/><U80/><E130/><V132/><F69/><W16/><G74/><T62/><D72/><U124/><E134/><V38/><F79/><W109/><G36/><T11/><D76/><U117/><E117/><V6/><F132/><W89/><G128/><T135/><D83/><U111/><E111/><N who="3" m="42506" /><G28/><T25/><D135/><U41/><E41/><V125/><F108/><W47/><G106/><T104/><D104/><U133/><E133/><V87/><F87/><W103/><G103/><N who="0" m="60863" /><D98/><U91/><E105/><V93/><F116/><W65/><G65/><T81/><D81/><U10/><E27/><V63/><F118/><W90/><G90/><T12/><D11/><U131/><E131/><V34/><F99/><W26/><G26/><T19/><D31/><U35/><E35/><V112/><F93/><W121/><G121/><T78/><D78/><U7/><REACH who="1" step="1"/><E10/><REACH who="1" ten="387,150,274,179" step="2"/><N who="2" m="4311" /><F34/><W1/><G47/><AGARI ba="0,1" hai="12,14,15,19,21,25,47,51,52,61,62" m="60863" machi="47" ten="30,2000,0" yaku="8,1,54,1" doraHai="101" who="0" fromWho="3" sc="387,30,150,0,274,0,179,-20" owari="417,51.7,150,-35.0,274,7.4,159,-24.1" /></mjloggm>