<mjloggm ver="2.3"><GO type="225" lobby="0"/><UN n0="%E9%A6%AC%E5%BC%95%E7%81%AB%33" n1="%E3%83%96%E3%83%83%E3%83%91%E3%82%AA%E3%83%96%E3%83%81%E3%82%AD%E3%83%B3" n2="%72%61%6B%33" n3="%E3%81%A4%E3%81%A3%E3%81%B1%E3%82%8A%E3%83%9D%E3%83%BC%E3%83%AB" dan="17,16,16,17" rate="2188.35,2205.93,2100.81,2169.87" sx="M,M,M,M"/><TAIKYOKU oya="0"/><INIT seed="0,0,0,2,2,38" ten="250,250,250,250" oya="0" hai0="39,92,119,54,47,94,49,127,12,70,11,98,85" hai1="17,20,79,27,110,7,3,128,124,112,29,52,115" hai2="46,83,108,50,76,130,132,28,90,60,2,22,78" hai3="87,73,4,61,16,121,134,101,5,55,67,30,93"/><T81/><D119/><U86/><E110/><V35/><F2/><W74/><G134/><T106/><D70/><U69/><E69/><V31/><F35/><W100/><G121/><T14/><D127/><U72/><E124/><V41/><F108/><W104/><G104/><T89/><D39/><U21/><E72/><V33/><F33/><W91/><G30/><T59/><D106/><U42/><E128/><V118/><F130/><W77/><G74/><T43/><D11/><U103/><E103/><N who="3" m="39498" /><G73/><T56/><D94/><U9/><E42/><V32/><F32/><W113/><G113/><T116/><D116/><U111/><E111/><V15/><F132/><W107/><G77/><N who="2" m="29801" /><F60/><W82/><G93/><T102/><REACH who="0" step="1"/><D59/><REACH who="0" ten="240,250,250,250" step="2"/><U120/><E120/><V125/><F125/><W10/><G107/><T126/><D126/><U58/><E112/><V114/><F118/><W131/><G131/><T66/><D66/><U99/><E115/><V129/><F129/><W123/><G67/><T40/><D40/><U133/><E58/><V64/><F64/><W37/><G37/><T117/><D117/><U105/><E105/><V57/><F57/><N who="3" m="35007" /><G123/><T44/><D44/><U63/><E133/><V1/><F114/><W80/><G80/><T97/><D97/><U95/><E99/><V13/><F83/><W135/><G135/><T68/><D68/><U48/><E95/><V18/><F46/><W45/><G45/><T8/><D8/><U84/><E9/><V109/><F109/><W75/><G75/><T34/><D34/><U36/><E36/><V65/><F65/><W24/><G10/><RYUUKYOKU ba="0,1" sc="240,15,250,-15,250,-15,250,15" hai0="12,14,43,47,49,54,56,81,85,89,92,98,102" hai3="4,5,16,24,82,87,91" /><INIT seed="0,1,1,0,2,84" ten="255,235,235,265" oya="0" hai0="88,38,25,46,78,27,122,105,125,19,76,15,37" hai1="21,31,54,52,39,13,118,120,123,99,12,36,82" hai2="130,9,91,24,107,97,132,111,92,45,73,7,65" hai3="71,34,93,18,113,103,80,127,81,5,6,26,68"/><T3/><D122/><U77/><E118/><V62/><F111/><W75/><G113/><T116/><D116/><U83/><E31/><V41/><F130/><W124/><G103/><T86/><D3/><U64/><E21/><V126/><F132/><W2/><G93/><T10/><D105/><U121/><E99/><V108/><F108/><W53/><G53/><N who="1" m="20586" /><E64/><V61/><F126/><N who="3" m="48171" /><G75/><T29/><D125/><U50/><E50/><V112/><F112/><W48/><G48/><T115/><D115/><U17/><E17/><V11/><F73/><W106/><G106/><T56/><D56/><U110/><E77/><V87/><F24/><W135/><G135/><T42/><D38/><N who="1" m="14379" /><E110/><V101/><F7/><N who="3" m="2571" /><G2/><T89/><D27/><U32/><E32/><V30/><F62/><W98/><G98/><T44/><D44/><U104/><E104/><V117/><F117/><W23/><G34/><T119/><D119/><U60/><E60/><V72/><F72/><W79/><G79/><T49/><D37/><U66/><E66/><V134/><F134/><W47/><G47/><T95/><REACH who="0" step="1"/><D89/><REACH who="0" ten="245,235,235,265" step="2"/><U96/><E96/><V55/><F45/><W74/><G74/><T0/><D0/><U28/><E123/><V8/><F107/><W63/><G71/><T58/><D58/><U90/><E121/><V109/><F109/><W16/><G68/><T22/><AGARI ba="1,2" hai="10,15,19,22,25,29,42,46,49,76,78,86,88,95" machi="22" ten="20,18000,2" yaku="1,1,0,1,7,1,8,1,52,1,54,1,53,0" doraHai="84" doraHaiUra="70" who="0" fromWho="0" sc="245,203,235,-61,235,-61,265,-61" /><INIT seed="0,2,0,2,0,116" ten="448,174,174,204" oya="0" hai0="4,66,21,31,40,47,95,82,75,92,14,88,64" hai1="77,2,86,113,43,51,65,70,45,99,6,73,106" hai2="129,41,84,133,34,24,18,90,10,22,0,16,59" hai3="71,52,91,87,42,46,102,68,121,32,127,50,7"/><T120/><D120/><U125/><E125/><V112/><F112/><W123/><G127/><T11/><D95/><U105/><E113/><V56/><F129/><W17/><G32/><T5/><D5/><U74/><E86/><V119/><F119/><W80/><G7/><T117/><D117/><U122/><E122/><N who="3" m="46602" /><G102/><T33/><D33/><U55/><E99/><V85/><F133/><W49/><G17/><T124/><D124/><U63/><E55/><V35/><F35/><W26/><G26/><T19/><D31/><U3/><E3/><V131/><F131/><W135/><G135/><T29/><D29/><U118/><E118/><V69/><F34/><W100/><G100/><T93/><D93/><U62/><E62/><V83/><F0/><W72/><G72/><T13/><D82/><U36/><E51/><V114/><F18/><W25/><G25/><T12/><D12/><U53/><E53/><V39/><F24/><W107/><G107/><T38/><REACH who="0" step="1"/><D75/><REACH who="0" ten="438,174,174,204" step="2"/><N who="1" m="28683" /><E77/><V132/><F132/><W57/><AGARI ba="2,1" hai="42,46,49,50,52,57,68,71,80,87,91" m="46602" machi="57" ten="30,8000,1" yaku="13,1,52,3,54,1" doraHai="116" who="3" fromWho="3" sc="438,-42,174,-22,174,-22,204,96" /><INIT seed="1,0,0,0,3,134" ten="396,152,152,300" oya="1" hai0="32,73,127,114,40,83,50,10,77,22,27,94,19" hai1="44,57,109,28,8,132,62,76,63,101,67,84,87" hai2="108,39,18,82,31,11,119,70,53,46,54,107,97" hai3="30,112,110,60,20,121,1,34,37,89,0,111,126"/><U129/><E132/><V93/><F119/><W125/><G37/><T16/><D127/><N who="3" m="48649" /><G121/><T80/><D114/><U61/><E129/><V52/><F70/><W25/><G112/><T48/><D32/><U91/><E109/><N who="3" m="41482" /><G89/><T117/><D117/><U118/><E118/><V100/><F31/><N who="3" m="17831" /><G60/><T135/><D135/><U96/><E76/><V79/><F79/><W99/><G99/><T124/><D124/><U69/><E69/><V4/><F97/><W85/><G85/><T55/><D80/><U21/><E87/><V2/><F82/><W120/><G120/><T6/><D94/><U49/><E84/><V95/><F93/><W115/><G115/><T116/><D116/><U86/><E86/><V14/><F95/><W47/><G47/><T36/><D83/><U81/><E81/><V64/><F46/><W105/><G105/><T45/><D45/><U9/><E91/><V131/><F107/><W102/><G102/><T17/><D77/><U29/><E63/><V35/><F100/><W43/><G43/><T103/><D40/><N who="1" m="24711" /><E62/><V88/><F88/><W72/><G72/><T23/><D103/><U12/><E96/><V42/><F39/><W7/><G7/><T65/><D6/><U78/><E101/><V130/><F108/><W33/><G30/><N who="1" m="11882" /><E78/><V13/><F42/><W68/><G68/><T128/><D36/><U38/><E38/><V98/><F98/><W56/><G56/><T71/><D71/><U123/><E123/><V122/><F122/><W58/><G58/><T74/><D74/><U5/><E5/><V133/><F4/><W66/><G66/><RYUUKYOKU ba="0,0" sc="396,-15,152,15,152,-15,300,15" hai1="8,9,12,21,57,61,67" hai3="0,1,33,34" /><INIT seed="1,1,0,3,3,64" ten="381,167,137,315" oya="1" hai0="57,24,7,13,21,69,17,18,92,112,27,70,22" hai1="10,80,46,3,60,113,29,114,67,107,34,106,122" hai2="104,5,43,105,85,1,23,53,35,86,0,126,75" hai3="99,65,76,41,77,98,82,59,61,119,102,128,101"/><U42/><E122/><V97/><F35/><W125/><G128/><T111/><D112/><U48/><E114/><V37/><F75/><W33/><G125/><T38/><D38/><U54/><E113/><V66/><F23/><W72/><G119/><T120/><D111/><U28/><E80/><V62/><F53/><W49/><G33/><T118/><D118/><U93/><E93/><V87/><F126/><W135/><G135/><T63/><D120/><U14/><E3/><V130/><F130/><W96/><REACH who="3" step="1"/><G77/><REACH who="3" ten="381,167,137,305" step="2"/><T55/><D92/><U71/><E42/><V20/><F43/><W84/><G84/><T103/><D103/><U44/><E44/><AGARI ba="1,1" hai="41,44,49,59,61,65,72,76,82,96,98,99,101,102" machi="44" ten="40,1300,0" yaku="1,1,53,0" doraHai="64" doraHaiUra="89" who="3" fromWho="1" sc="381,0,167,-16,137,0,305,26" /><INIT seed="2,0,0,3,5,34" ten="381,151,137,331" oya="2" hai0="69,113,31,1,21,41,102,120,60,24,135,129,108" hai1="64,11,30,62,112,46,132,26,75,133,95,105,123" hai2="97,127,101,96,57,49,134,40,65,36,15,16,80" hai3="52,122,121,85,50,20,48,107,38,99,77,91,17"/><V83/><F127/><W14/><G38/><T104/><D113/><U29/><E112/><V81/><F134/><N who="1" m="51817" /><E105/><V42/><F36/><W63/><G63/><T45/><D21/><U9/><E123/><V124/><F124/><W61/><G61/><T119/><D45/><U27/><E75/><V13/><F13/><W93/><G50/><T37/><D60/><U47/><E95/><V130/><F130/><W78/><G78/><T89/><D1/><U126/><E126/><V118/><F118/><W23/><G23/><T125/><D41/><N who="2" m="15978" /><F101/><W54/><G54/><T6/><D89/><U58/><E46/><V110/><F110/><W28/><G28/><N who="1" m="10858" /><E47/><V70/><F70/><W25/><G25/><AGARI ba="0,0" hai="9,11,25,26,27,58,62,64" m="10858,51817" machi="25" ten="30,1000,0" yaku="20,1" doraHai="34" who="1" fromWho="3" sc="381,0,151,10,137,0,331,-10" /><INIT seed="3,0,0,4,2,118" ten="381,161,137,321" oya="3" hai0="88,46,23,106,62,135,65,107,75,110,18,81,61" hai1="25,63,53,35,12,72,126,48,21,95,109,29,45" hai2="1,125,66,111,42,64,80,77,4,99,100,108,112" hai3="134,37,82,96,41,73,59,117,55,34,51,68,3"/><W49/><G34/><T115/><D110/><U60/><E109/><V90/><F112/><W86/><G3/><T9/><D115/><U69/><E72/><V133/><F125/><W17/><G73/><T131/><D135/><U122/><E122/><V101/><F133/><W124/><G68/><T57/><D131/><U52/><E126/><V132/><F132/><W32/><G32/><T103/><D103/><U30/><E69/><V22/><F90/><W43/><G37/><T56/><D9/><U5/><E35/><V85/><F101/><W40/><G124/><T28/><D28/><U92/><E30/><V19/><F111/><W20/><G134/><T39/><D39/><U24/><E24/><V130/><F130/><W67/><G117/><T71/><D46/><U6/><E53/><V93/><F108/><W98/><G51/><T120/><D120/><U119/><E119/><V70/><F70/><W121/><G121/><T84/><D75/><U7/><E12/><V113/><F113/><W114/><G67/><T116/><D116/><U87/><E87/><V16/><F42/><W44/><G44/><T83/><D83/><U127/><E127/><V128/><F128/><W54/><G54/><T2/><D2/><U31/><E31/><V97/><F97/><W91/><REACH who="3" step="1"/><G114/><REACH who="3" ten="381,161,137,311" step="2"/><T50/><D50/><U10/><E10/><V104/><F1/><W58/><G58/><T33/><D33/><U74/><E74/><V102/><F64/><W11/><G11/><T89/><D71/><U94/><AGARI ba="0,1" hai="5,6,7,21,25,29,45,48,52,60,63,92,94,95" machi="94" ten="30,4000,0" yaku="0,1,8,1,54,1" doraHai="118" who="1" fromWho="1" sc="381,-10,161,50,137,-10,311,-20" owari="371,47.1,211,-18.9,127,-37.3,291,9.1" /></mjloggm>