<mjloggm ver="2.3"><GO type="225" lobby="0"/><UN n0="%72%61%6B%33" n1="%E5%91%A8%E6%9D%B1" n2="%E7%99%BD%E5%80%89%E5%AF%9B%E4%B9%8B" n3="%E6%A1%9C%E8%8A%B1%E9%96%83%E3%80%85" dan="16,16,16,16" rate="2096.97,2143.51,2181.06,2207.17" sx="M,M,M,M"/><TAIKYOKU oya="0"/><INIT seed="0,0,0,1,1,109" ten="250,250,250,250" oya="0" hai0="13,66,131,70,127,94,87,17,97,19,62,51,67" hai1="29,111,115,15,118,60,14,117,31,44,9,114,86" hai2="124,36,7,4,98,105,50,59,91,92,95,99,134" hai3="27,102,101,12,42,49,84,24,48,0,133,21,88"/><T90/><D127/><U39/><E111/><V129/><F36/><W52/><G0/><T81/><D131/><U45/><E60/><V113/><F105/><W126/><G126/><T18/><D67/><U20/><E86/><V116/><F124/><W43/><G133/><T128/><D128/><U6/><E39/><V11/><F129/><W64/><G12/><T22/><REACH who="0" step="1"/><D51/><REACH who="0" ten="240,250,250,250" step="2"/><U85/><E85/><V61/><F50/><W63/><G49/><T78/><AGARI ba="0,1" hai="13,17,18,19,22,62,66,70,78,81,87,90,94,97" machi="78" ten="20,7800,0" yaku="1,1,2,1,0,1,7,1,53,0" doraHai="109" doraHaiUra="106" who="0" fromWho="0" sc="240,88,250,-26,250,-26,250,-26" /><INIT seed="0,1,0,5,3,78" ten="328,224,224,224" oya="0" hai0="55,69,29,123,104,118,50,56,90,98,41,52,64" hai1="102,105,81,112,22,117,54,126,44,17,26,0,63" hai2="109,61,75,110,15,42,48,6,30,9,116,49,127" hai3="20,92,53,79,87,2,76,94,82,121,134,129,85"/><T45/><D118/><U77/><E126/><V107/><F127/><W86/><G2/><T135/><D123/><U74/><E112/><V113/><F107/><W10/><G121/><T84/><D135/><U72/><E117/><V89/><F116/><W111/><G134/><T95/><D29/><U66/><E0/><V19/><F30/><W13/><G111/><T131/><D131/><U71/><E102/><V97/><F75/><W39/><G39/><T37/><D55/><U21/><E105/><V103/><F113/><W46/><G20/><T8/><D8/><U70/><E74/><V120/><F120/><W47/><G129/><T108/><D108/><U119/><E119/><V62/><F103/><W67/><G67/><T40/><D40/><U93/><E93/><N who="3" m="35946" /><G53/><T28/><D28/><U88/><E88/><V57/><F89/><W114/><G114/><T68/><REACH who="0" step="1"/><D64/><REACH who="0" ten="318,224,224,224" step="2"/><U133/><E133/><V59/><F42/><W130/><G130/><T34/><D34/><U14/><E54/><V73/><F110/><W122/><G122/><T124/><D124/><U23/><E44/><V96/><F109/><W16/><G79/><T4/><D4/><U18/><REACH who="1" step="1"/><E22/><REACH who="1" ten="318,214,224,224" step="2"/><V11/><F11/><W31/><G46/><T38/><D38/><U35/><E35/><V43/><F9/><W33/><G47/><T128/><D128/><U27/><E27/><V100/><F43/><W1/><G1/><T99/><D99/><U32/><E32/><V60/><F97/><W83/><G76/><T65/><D65/><U3/><E3/><V51/><F96/><W132/><G132/><RYUUKYOKU ba="1,2" sc="318,10,214,10,224,-30,224,10" hai0="37,41,45,50,52,56,68,69,84,90,95,98,104" hai1="14,17,18,21,23,26,63,66,70,71,72,77,81" hai3="10,13,16,31,33,82,83,85,86,87" /><INIT seed="0,2,2,4,0,3" ten="328,224,194,234" oya="0" hai0="92,28,61,77,19,94,113,35,27,69,88,128,4" hai1="64,123,6,74,38,49,108,133,10,50,47,1,116" hai2="73,91,53,96,68,117,124,12,120,87,106,135,14" hai3="71,79,114,8,26,46,11,83,132,130,16,7,20"/><T100/><D113/><U41/><E123/><V15/><F73/><W107/><G114/><T134/><D77/><U109/><E116/><V22/><F68/><W70/><G130/><T103/><D128/><U5/><E133/><V39/><F39/><W104/><G11/><T55/><D134/><U13/><E64/><V31/><F135/><W131/><G131/><T54/><D19/><U52/><E74/><V111/><F120/><W72/><G132/><T42/><D42/><U66/><E66/><V58/><F117/><W25/><G25/><T57/><D69/><U121/><E121/><V126/><F111/><N who="1" m="42569" /><E38/><V24/><F106/><W2/><G71/><T93/><D55/><U43/><E43/><V119/><F96/><W110/><G110/><T85/><REACH who="0" step="1"/><D4/><REACH who="0" ten="318,224,194,234" step="2"/><N who="1" m="3271" /><E1/><V0/><F0/><W33/><G70/><T59/><D59/><AGARI ba="2,3" hai="5,6,41,47,49,50,52,59" m="3271,42569" machi="59" ten="30,8000,1" yaku="14,1,52,3,54,1" doraHai="3" who="1" fromWho="0" sc="318,-86,224,116,194,0,234,0" /><INIT seed="1,0,0,2,4,102" ten="232,340,194,234" oya="1" hai0="87,115,49,125,30,95,121,47,9,97,103,70,62" hai1="119,25,60,101,33,131,16,66,93,94,128,89,53" hai2="80,20,83,37,2,6,126,120,7,27,32,79,54" hai3="71,42,61,65,108,40,59,64,31,24,84,4,18"/><U74/><E74/><V21/><F120/><W100/><G108/><T105/><D115/><U124/><E119/><V35/><F37/><W92/><G4/><T88/><D121/><U13/><E124/><V19/><F126/><W17/><G65/><T72/><D125/><U39/><E39/><V91/><F2/><W134/><G71/><T14/><D30/><U0/><E0/><V1/><F1/><W90/><G134/><T132/><D132/><U29/><E53/><V22/><F35/><W26/><G100/><T109/><D109/><U57/><E101/><V28/><F19/><N who="3" m="7179" /><G31/><T55/><D72/><U130/><REACH who="1" step="1"/><E89/><REACH who="1" ten="232,330,194,234" step="2"/><V112/><F112/><W114/><G114/><T69/><REACH who="0" step="1"/><D62/><REACH who="0" ten="222,330,194,234" step="2"/><U117/><E117/><V76/><F28/><W133/><G133/><T113/><D113/><U104/><E104/><V118/><F118/><W106/><G106/><T44/><D44/><U99/><E99/><V78/><F32/><W11/><G11/><AGARI ba="0,2" hai="11,13,16,25,29,33,57,60,66,93,94,128,130,131" machi="11" ten="40,7700,0" yaku="1,1,19,1,54,1,53,0" doraHai="102" doraHaiUra="82" who="1" fromWho="3" sc="222,0,330,97,194,0,234,-77" /><INIT seed="1,1,0,3,3,37" ten="222,427,194,157" oya="1" hai0="97,117,86,80,135,78,128,100,33,4,44,32,131" hai1="15,101,70,50,27,51,73,84,134,40,107,47,106" hai2="65,3,19,105,26,123,102,77,31,75,56,58,2" hai3="109,9,34,60,21,39,133,110,90,67,104,68,6"/><U0/><E0/><V95/><F123/><W25/><G133/><T52/><D117/><U124/><E73/><V13/><F105/><W38/><G90/><T35/><D4/><U46/><E70/><V89/><F102/><W98/><G21/><T7/><D7/><U57/><E101/><V11/><F75/><W82/><G82/><T103/><D135/><U125/><E57/><V111/><F77/><W23/><G98/><T17/><D17/><U36/><E36/><V113/><F111/><N who="3" m="42507" /><G34/><T112/><D112/><U24/><E15/><V29/><F113/><W30/><G104/><T43/><D52/><U64/><E64/><V132/><F132/><W130/><G130/><N who="0" m="49707" /><D97/><U126/><E84/><V41/><F31/><W48/><G48/><AGARI ba="1,0" hai="32,33,35,43,44,48,78,80,86,100,103" m="49707" machi="48" ten="40,2600,0" yaku="19,1,52,1" doraHai="37" who="0" fromWho="3" sc="222,29,427,0,194,0,157,-29" /><INIT seed="2,0,0,2,0,6" ten="251,427,194,128" oya="2" hai0="49,54,4,32,133,20,75,76,52,99,27,127,0" hai1="78,56,25,119,111,117,3,129,48,96,29,65,69" hai2="130,21,85,60,35,94,23,98,131,77,15,113,95" hai3="10,72,105,1,17,13,122,114,47,118,66,22,30"/><V108/><F35/><W12/><G118/><T106/><D32/><U36/><E3/><V102/><F113/><W39/><G122/><T67/><D67/><U115/><E78/><V45/><F108/><W132/><G114/><T58/><D127/><U59/><E36/><V19/><F60/><W8/><G72/><T14/><D0/><U120/><E96/><V34/><F34/><W103/><G66/><T97/><D133/><U135/><E29/><V81/><F45/><W70/><G70/><T11/><D106/><U16/><E69/><V93/><REACH who="2" step="1"/><F23/><REACH who="2" ten="251,427,184,128" step="2"/><W90/><G47/><T109/><D109/><U53/><E111/><V107/><AGARI ba="0,1" hai="15,19,21,77,81,85,93,94,95,98,102,107,130,131" machi="107" ten="30,6000,0" yaku="1,1,2,1,0,1,53,0" doraHai="6" doraHaiUra="7" who="2" fromWho="2" sc="251,-20,427,-20,184,70,128,-20" /><INIT seed="2,1,0,1,2,58" ten="231,407,254,108" oya="2" hai0="60,125,9,83,68,47,76,1,28,123,85,87,19" hai1="99,132,59,80,129,86,21,92,22,131,29,14,124" hai2="69,3,105,63,122,54,39,35,30,133,103,67,100" hai3="56,2,74,6,104,43,64,24,95,117,16,77,113"/><V15/><F3/><W107/><G117/><T134/><D123/><U102/><E132/><V111/><F122/><W89/><G43/><T53/><D134/><U118/><E118/><V32/><F133/><W17/><G113/><T82/><D125/><U10/><E124/><V40/><F111/><W38/><G38/><T51/><D28/><U57/><E29/><V23/><F40/><W7/><G74/><T12/><D1/><U120/><E120/><V26/><F39/><W88/><G77/><T119/><D119/><U91/><E22/><V52/><F103/><W50/><G50/><T45/><D68/><U31/><E21/><V126/><F126/><W128/><G128/><N who="1" m="49226" /><E31/><V90/><F90/><W4/><G2/><T78/><D60/><U106/><E106/><V20/><F35/><W110/><G110/><T112/><D112/><U108/><E108/><V5/><F23/><N who="3" m="13415" /><G107/><T70/><D70/><U37/><E37/><V27/><F27/><W115/><G104/><T79/><D79/><U55/><E55/><V97/><REACH who="2" step="1"/><F20/><REACH who="2" ten="231,407,244,108" step="2"/><W33/><G33/><T109/><D109/><U96/><E96/><V36/><F36/><W121/><G121/><T127/><D127/><U98/><E98/><V34/><F34/><W135/><G135/><T94/><D94/><U44/><E99/><V61/><F61/><N who="3" m="37927" /><G115/><T75/><D75/><U8/><E91/><N who="3" m="34890" /><G95/><T62/><D62/><U66/><E92/><V25/><F25/><W84/><G84/><T101/><D87/><U116/><E86/><V72/><F72/><W71/><G71/><T46/><D85/><U81/><E116/><RYUUKYOKU ba="1,1" sc="231,-15,407,-15,244,15,108,15" hai2="5,15,26,30,32,52,54,63,67,69,97,100,105" hai3="4,6,7,17" /><INIT seed="2,2,1,4,2,5" ten="216,392,259,123" oya="2" hai0="56,60,96,41,112,122,64,35,67,115,128,99,40" hai1="97,30,29,103,119,110,25,50,26,44,66,8,90" hai2="16,24,17,58,77,32,23,113,107,21,10,61,19" hai3="55,63,13,134,76,88,33,65,117,62,85,49,38"/><V43/><F107/><W14/><G117/><T54/><D35/><U108/><E119/><V34/><F113/><N who="0" m="43594" /><D99/><U127/><E90/><V125/><F125/><W36/><G33/><T114/><D96/><U72/><E72/><V69/><F69/><W9/><G134/><T4/><D4/><U20/><E66/><N who="0" m="25129" /><D114/><U15/><E127/><V42/><F34/><W59/><G76/><T31/><D31/><U80/><E80/><V2/><F32/><W22/><G22/><N who="2" m="8201" /><F2/><W116/><G116/><T89/><D89/><U37/><E29/><V0/><F0/><W104/><G104/><T57/><D122/><U82/><E26/><V46/><F77/><W123/><G123/><T101/><D101/><U126/><E126/><V106/><F106/><W124/><G124/><T18/><D18/><N who="2" m="7274" /><F46/><W78/><G78/><T95/><D95/><U70/><E30/><V100/><F100/><W12/><G12/><T74/><D74/><U132/><E15/><N who="2" m="7671" /><F24/><W92/><G14/><T133/><D133/><U129/><E132/><V87/><F87/><W7/><REACH who="3" step="1"/><G63/><REACH who="3" ten="216,392,259,113" step="2"/><N who="0" m="36247" /><D128/><U73/><E129/><V84/><F61/><W131/><G131/><T121/><D121/><U11/><E25/><V94/><F58/><AGARI ba="2,2" hai="7,9,13,36,38,49,55,58,59,62,65,85,88,92" machi="58" ten="30,12000,2" yaku="1,1,7,1,52,1,54,1,53,2" doraHai="5" doraHaiUra="53" who="3" fromWho="2" sc="216,0,392,0,259,-126,113,146" /><INIT seed="3,0,0,2,3,80" ten="216,392,133,259" oya="3" hai0="103,84,79,113,132,58,131,106,87,112,109,123,8" hai1="13,101,64,2,125,129,34,69,90,62,88,41,72" hai2="14,118,134,116,105,94,32,55,12,11,77,57,97" hai3="43,130,76,126,93,3,51,48,127,85,30,98,35"/><W66/><G3/><T122/><D58/><U24/><E2/><V37/><F32/><W124/><G66/><T61/><D61/><U47/><E72/><V68/><F37/><W49/><G130/><T36/><D36/><U19/><E125/><V111/><F68/><W21/><G35/><T86/><D131/><U115/><E115/><N who="0" m="44105" /><D109/><U9/><E129/><V50/><F111/><W99/><G43/><T75/><D8/><U91/><E101/><V25/><F134/><W120/><G120/><N who="0" m="46123" /><D132/><U92/><E34/><V17/><F105/><W31/><G21/><T28/><D28/><N who="3" m="10793" /><G76/><T29/><D29/><U104/><E104/><V56/><F25/><W74/><G74/><T0/><D0/><U39/><REACH who="1" step="1"/><E24/><REACH who="1" ten="216,382,133,259" step="2"/><V67/><F14/><W18/><G18/><T16/><D16/><U6/><E6/><V4/><F4/><W102/><G102/><T108/><D108/><U46/><E46/><V27/><F27/><W114/><G114/><T81/><D103/><U26/><E26/><V10/><F10/><W53/><G53/><T96/><D106/><U133/><E133/><V121/><F121/><W82/><G126/><T20/><D20/><U15/><E15/><V54/><F67/><W95/><G127/><T52/><D52/><U70/><E70/><V7/><F7/><W5/><G124/><T128/><D128/><U83/><E83/><V33/><F33/><W117/><G82/><N who="0" m="45439" /><D96/><AGARI ba="0,1" hai="9,13,19,39,41,47,62,64,69,88,90,91,92,96" machi="96" ten="30,7700,0" yaku="1,1,7,1,54,1,53,1" doraHai="80" doraHaiUra="40" who="1" fromWho="0" sc="216,-77,382,87,133,0,259,0" owari="139,-26.1,469,56.9,133,-36.7,259,5.9" /></mjloggm>