<mjloggm ver="2.3"><GO type="225" lobby="0"/><UN n0="%72%65%6E%6B%75%6E" n1="%70%68%65%6E%6F%6D%65" n2="%E3%81%BF%E3%81%BF%E3%81%9A" n3="%E3%83%A9%E3%83%BC%E3%83%A1%E3%83%B3%E4%BA%94%E9%83%8E" dan="17,16,18,16" rate="2224.15,2165.14,2204.71,2086.66" sx="M,M,M,M"/><TAIKYOKU oya="0"/><INIT seed="0,0,0,3,5,109" ten="250,250,250,250" oya="0" hai0="2,132,22,135,115,38,72,10,62,52,130,105,35" hai1="131,107,53,7,47,117,26,133,56,23,124,122,65" hai2="82,60,1,57,36,48,92,69,91,88,8,96,106" hai3="44,16,89,93,98,21,12,67,102,34,80,86,64"/><T42/><D35/><U97/><E117/><V111/><F36/><W112/><G112/><T126/><D72/><U40/><E122/><V129/><F111/><W128/><G128/><T108/><D105/><U43/><E131/><V81/><F129/><W94/><G34/><T85/><D108/><U3/><E65/><V15/><F1/><W50/><REACH who="3" step="1"/><G80/><REACH who="3" ten="250,250,250,240" step="2"/><T103/><D130/><U77/><E133/><V30/><F81/><W25/><G25/><T27/><D115/><U45/><E26/><V28/><F82/><W118/><G118/><T113/><D113/><U101/><E124/><V58/><F106/><W100/><G100/><T0/><D126/><U11/><E77/><V95/><F69/><W116/><G116/><T73/><D103/><U119/><E119/><V127/><F127/><W114/><G114/><T70/><D70/><U6/><E107/><V33/><F33/><W76/><G76/><T41/><D132/><U54/><E101/><V55/><F92/><W32/><G32/><T29/><D135/><U123/><E123/><V125/><F125/><W79/><G79/><T39/><D73/><U68/><E68/><V20/><F91/><W66/><G66/><T78/><D78/><U17/><E54/><AGARI ba="0,1" hai="12,16,21,44,50,54,64,67,86,89,93,94,98,102" machi="54" ten="30,7700,0" yaku="1,1,7,1,8,1,54,1,53,0" doraHai="109" doraHaiUra="110" who="3" fromWho="1" sc="250,0,250,-77,250,0,240,87" /><INIT seed="1,0,0,5,0,46" ten="250,173,250,327" oya="1" hai0="43,55,24,95,134,82,73,34,62,45,33,114,21" hai1="9,83,72,29,20,54,50,77,38,100,130,107,70" hai2="69,61,88,93,128,28,32,59,27,0,123,31,87" hai3="47,30,5,44,105,22,127,78,133,116,39,64,104"/><U66/><E130/><V122/><F128/><W106/><G64/><T121/><D134/><U35/><E38/><V58/><F0/><W19/><G39/><T23/><D114/><U97/><E20/><V131/><F131/><W26/><G133/><T124/><D95/><U13/><E66/><V98/><F69/><W48/><G127/><T120/><D62/><U108/><E108/><V86/><F58/><W4/><G116/><T80/><D55/><U115/><E70/><V36/><F36/><W14/><G47/><T49/><D124/><U56/><E115/><V65/><REACH who="2" step="1"/><F31/><REACH who="2" ten="250,173,240,327" step="2"/><W63/><G30/><T125/><D125/><U101/><E101/><V67/><F67/><W84/><G44/><T25/><D45/><U91/><E29/><V126/><F126/><W51/><G105/><T2/><D2/><U40/><E107/><V96/><F96/><W42/><G106/><T112/><D112/><U7/><E100/><V81/><F81/><N who="3" m="47159" /><G104/><T119/><D43/><U60/><E40/><V85/><AGARI ba="0,1" hai="27,28,32,59,61,65,85,86,87,88,93,98,122,123" machi="85" ten="30,4000,0" yaku="1,1,0,1,54,1,53,0" doraHai="46" doraHaiUra="6" who="2" fromWho="2" sc="250,-10,173,-20,240,50,327,-10" /><INIT seed="2,0,0,2,3,87" ten="240,153,290,317" oya="2" hai0="12,115,57,45,35,76,59,132,37,78,73,32,105" hai1="23,101,81,52,14,99,104,70,88,21,110,75,113" hai2="122,33,96,48,103,51,117,108,90,66,16,128,84" hai3="6,26,55,0,20,10,109,126,34,29,121,114,44"/><V107/><F117/><W19/><G121/><T120/><D105/><U2/><E113/><V67/><F122/><W11/><G114/><T119/><D120/><U63/><E110/><V3/><F3/><W64/><G64/><T31/><D115/><U8/><E2/><V71/><F108/><W80/><G109/><T15/><D45/><U134/><E134/><V85/><F85/><W93/><G126/><T28/><D37/><U40/><E40/><V62/><F128/><W5/><G93/><T86/><D86/><N who="1" m="50255" /><E70/><V125/><F66/><W135/><G55/><T77/><D77/><U60/><E75/><V102/><F102/><W1/><G44/><T65/><D65/><U30/><E104/><V39/><F39/><W49/><G49/><T58/><D58/><N who="1" m="34887" /><E30/><V112/><F112/><W83/><G135/><T25/><D132/><U82/><E82/><V127/><F33/><W42/><G42/><T17/><D73/><U43/><E43/><V36/><F36/><W116/><G116/><T79/><D79/><U111/><E111/><V69/><F71/><W56/><G56/><T94/><D119/><U7/><E63/><V95/><F125/><W53/><G53/><T27/><D94/><U133/><E133/><V89/><BYE who="1" /><F127/><W22/><G22/><T68/><D68/><U9/><E9/><V97/><F16/><AGARI ba="0,0" hai="12,15,16,17,25,27,28,31,32,35,57,59,76,78" machi="16" ten="25,3200,0" yaku="22,2,54,1" doraHai="87" who="0" fromWho="2" sc="240,32,153,0,290,-32,317,0" /><INIT seed="3,0,0,5,0,114" ten="272,153,258,317" oya="3" hai0="75,91,42,122,43,119,15,121,33,17,0,107,76" hai1="34,129,101,100,117,77,52,81,118,9,102,115,2" hai2="45,57,16,70,40,66,23,78,82,127,93,54,31" hai3="120,65,133,69,135,26,51,110,55,63,85,35,80"/><W131/><G120/><T1/><D33/><U109/><E109/><V14/><F127/><W123/><G123/><T59/><D107/><U11/><E11/><V83/><F31/><N who="3" m="19959" /><G110/><T6/><D59/><U64/><E64/><V21/><F70/><W4/><G4/><UN n1="%70%68%65%6E%6F%6D%65" /><T13/><D91/><U8/><E115/><V128/><F128/><W94/><G94/><T38/><D17/><U97/><E34/><V18/><F66/><W104/><G104/><T84/><D84/><U130/><E97/><V47/><F93/><W74/><G74/><T27/><D27/><U25/><E25/><N who="2" m="14519" /><F40/><W29/><G29/><T22/><D22/><U28/><E28/><V44/><F78/><N who="3" m="46231" /><G131/><N who="1" m="50186" /><E52/><V92/><F92/><W79/><G79/><T39/><D76/><U98/><E2/><V3/><F3/><W30/><G30/><T60/><D60/><AGARI ba="0,0" hai="14,16,23,44,45,47,54,57,60,82,83" m="14519" machi="60" ten="30,2000,0" yaku="8,1,54,1" doraHai="114" who="2" fromWho="0" sc="272,-20,153,0,258,20,317,0" owari="252,-14.8,153,-34.7,278,7.8,317,41.7" /></mjloggm>