<mjloggm ver="2.3"><GO type="225" lobby="0"/><UN n0="%E6%9C%88%E5%B3%B6%E5%9F%BA" n1="%E5%8D%A0%E3%81%84%E5%B8%AB%E8%A3%8F%E3%81%AA%E3%81%84%E3%81%97" n2="%77%72%77%72%77%72%77%72" n3="%43%68%65" dan="16,17,17,16" rate="2007.91,2175.09,2154.90,2200.76" sx="M,M,M,M"/><TAIKYOKU oya="0"/><INIT seed="0,0,0,0,3,69" ten="250,250,250,250" oya="0" hai0="7,121,74,100,63,104,94,46,68,44,23,124,17" hai1="112,35,67,72,111,89,2,92,49,64,32,105,65" hai2="51,82,97,125,36,43,77,22,106,56,62,75,130" hai3="126,71,102,39,15,4,27,5,8,59,122,95,87"/><T38/><D121/><U76/><E105/><V131/><F125/><W12/><G71/><T114/><D114/><U29/><E112/><V9/><F22/><W128/><G126/><T53/><D124/><U90/><E111/><V93/><F106/><W109/><G109/><T21/><D104/><U10/><E72/><V108/><F108/><W47/><G122/><T26/><D74/><U3/><E76/><V45/><F9/><W73/><G73/><T37/><D7/><U33/><E29/><V0/><F0/><W61/><G128/><T134/><D134/><U41/><E10/><V83/><F83/><W25/><G12/><T81/><D81/><U127/><E127/><V132/><F132/><W78/><G5/><T129/><D129/><U115/><E115/><V116/><F116/><W52/><G78/><T57/><D68/><U96/><E41/><V6/><F6/><W20/><G20/><T99/><REACH who="0" step="1"/><D23/><REACH who="0" ten="240,250,250,250" step="2"/><U101/><REACH who="1" step="1"/><E49/><REACH who="1" ten="240,240,250,250" step="2"/><V88/><REACH who="2" step="1"/><F51/><REACH who="2" ten="240,240,240,250" step="2"/><W85/><G4/><T28/><D28/><U42/><E42/><V70/><F70/><W11/><G8/><T84/><D84/><U40/><E40/><V118/><F118/><W120/><G85/><T110/><D110/><U1/><AGARI ba="0,3" hai="1,2,3,32,33,35,64,65,67,89,90,92,96,101" machi="1" ten="50,8000,1" yaku="1,1,0,1,29,2,53,0" doraHai="69" doraHaiUra="24" who="1" fromWho="1" sc="240,-40,240,110,240,-20,250,-20" /><INIT seed="1,0,0,4,1,7" ten="200,350,220,230" oya="1" hai0="132,45,49,59,50,120,16,25,119,24,26,106,38" hai1="52,35,68,73,58,47,105,104,66,37,116,22,71" hai2="110,40,55,34,67,69,112,77,133,83,31,63,84" hai3="98,82,126,17,3,131,57,14,107,85,13,102,42"/><U108/><E35/><V4/><F110/><W6/><G126/><T121/><D119/><U30/><E116/><V117/><F117/><W76/><G131/><T43/><D106/><U54/><E73/><V9/><F133/><W122/><G122/><N who="0" m="47211" /><D132/><U103/><E108/><V51/><F112/><W48/><G3/><T61/><D49/><U111/><E111/><V88/><F40/><W28/><G28/><T74/><D74/><U23/><E30/><V124/><F124/><W86/><G6/><T33/><D38/><U53/><E58/><V18/><F18/><W19/><G86/><T93/><D93/><U39/><E53/><V62/><F62/><W60/><G48/><T125/><D33/><U1/><E1/><V101/><F101/><W134/><G42/><T32/><D32/><U29/><E29/><V130/><F130/><W12/><REACH who="3" step="1"/><G134/><REACH who="3" ten="200,350,220,220" step="2"/><T27/><D125/><U64/><E47/><V94/><F31/><W91/><G91/><T128/><D128/><U46/><E46/><V20/><F34/><W78/><G78/><T11/><N who="0" m="6144" /><DORA hai="44" /><T109/><D109/><U2/><E2/><V80/><F77/><W90/><G90/><T129/><D129/><U21/><E21/><V70/><BYE who="1" /><F20/><UN n1="%E5%8D%A0%E3%81%84%E5%B8%AB%E8%A3%8F%E3%81%AA%E3%81%84%E3%81%97" /><W127/><G127/><T95/><D50/><U92/><E103/><V100/><F100/><W0/><G0/><T113/><D45/><U79/><E79/><V10/><F4/><W96/><G96/><T99/><D43/><U97/><E97/><V89/><F51/><W81/><G81/><T87/><D99/><U135/><E135/><V5/><F83/><RYUUKYOKU ba="0,1" sc="200,-15,350,15,220,-15,220,15" hai1="22,23,37,39,52,54,64,66,68,71,92,104,105" hai3="12,13,14,17,19,57,60,76,82,85,98,102,107" /><INIT seed="1,1,1,5,2,110" ten="185,365,205,235" oya="1" hai0="28,129,83,68,126,46,63,122,121,49,132,58,133" hai1="42,128,44,105,102,80,88,107,43,82,66,92,32" hai2="21,81,131,113,76,120,11,56,0,125,37,27,16" hai3="40,87,99,109,79,62,53,104,111,2,97,74,117"/><U47/><E32/><V93/><F120/><N who="0" m="46186" /><D28/><U64/><E92/><V30/><F131/><W86/><G2/><T60/><D83/><U94/><E94/><V73/><F125/><W38/><G117/><T115/><D129/><U77/><E128/><V45/><F56/><N who="3" m="35087" /><G74/><T135/><D126/><U9/><E9/><V1/><F93/><W67/><G67/><N who="0" m="41063" /><D115/><U108/><E108/><N who="3" m="41546" /><G79/><T95/><D95/><U84/><E102/><V18/><F113/><W4/><G4/><T39/><D39/><U106/><E77/><V130/><F130/><W55/><G55/><N who="0" m="30135" /><D135/><U3/><E3/><V118/><F118/><W71/><G71/><T65/><AGARI ba="1,1" hai="58,63,65,132,133" m="30135,41063,46186" machi="65" ten="30,4000,0" yaku="13,1,34,2" doraHai="110" who="0" fromWho="0" sc="185,53,365,-21,205,-11,235,-11" /><INIT seed="2,0,0,5,4,18" ten="238,344,194,224" oya="2" hai0="39,41,135,100,118,90,4,49,52,75,96,99,57" hai1="50,23,125,124,60,55,76,85,53,121,88,65,35" hai2="62,19,109,1,28,81,112,102,47,7,40,80,104" hai3="127,78,82,44,87,66,9,107,115,0,93,58,24"/><V20/><F112/><W128/><G107/><T111/><D75/><U103/><E35/><V32/><F109/><W79/><G115/><T91/><D111/><U43/><E121/><V16/><F104/><W117/><G117/><T11/><D118/><U31/><E76/><V116/><F116/><W105/><G105/><T33/><D33/><U89/><E103/><V14/><F102/><W113/><G113/><T34/><D34/><U131/><E43/><V92/><F92/><W120/><G120/><T56/><D135/><U83/><E131/><V51/><F62/><W21/><G128/><T67/><D39/><U26/><E89/><N who="0" m="33801" /><D41/><U27/><E27/><N who="2" m="18463" /><F19/><W73/><G127/><N who="1" m="48714" /><E50/><V123/><F123/><W114/><G114/><T42/><D42/><U13/><E13/><V94/><F94/><W126/><G126/><T101/><D101/><U45/><E45/><V95/><F95/><W68/><G44/><T10/><D100/><U86/><E86/><V15/><F15/><W84/><G73/><T70/><D96/><U59/><AGARI ba="0,0" hai="23,26,31,53,55,59,60,65,83,85,88" m="48714" machi="59" ten="30,4000,0" yaku="18,1,52,1,54,1" doraHai="18" who="1" fromWho="1" sc="238,-10,344,40,194,-20,224,-10" /><INIT seed="3,0,0,5,2,38" ten="228,384,174,214" oya="3" hai0="74,17,95,89,68,3,56,106,36,122,31,18,92" hai1="1,100,87,59,65,72,101,81,130,34,108,104,121" hai2="21,79,12,77,98,60,116,134,103,129,75,50,22" hai3="127,93,80,107,51,69,9,30,128,135,83,123,54"/><W27/><G107/><T111/><D106/><U61/><E1/><V45/><F116/><W63/><G123/><T28/><D68/><U110/><E121/><V11/><F129/><W73/><G128/><T112/><D74/><U105/><E130/><V25/><F134/><W15/><G135/><T120/><D3/><U7/><E7/><V0/><F0/><W90/><G127/><T41/><D111/><N who="1" m="42539" /><E72/><V85/><F75/><W26/><G63/><T109/><D56/><U88/><E34/><V124/><F124/><W102/><G102/><AGARI ba="0,0" hai="59,61,65,81,87,88,100,101,102,104,105" m="42539" machi="102" ten="30,2000,0" yaku="14,1,54,1" doraHai="38" who="1" fromWho="3" sc="228,0,384,20,174,0,214,-20" owari="228,2.8,404,50.4,174,-32.6,194,-20.6" /></mjloggm>