<mjloggm ver="2.3"><GO type="225" lobby="0"/><UN n0="%72%61%6B%33" n1="%E5%8C%97%E6%AC%A7%E3%81%AE%E3%82%82%E3%81%93%E3%81%86" n2="%E3%81%B2%E3%81%AA%E3%81%AE%E3%82%8A%E3%81%8F" n3="%E3%83%81%E3%83%83%E3%82%BF%E3%82%BD%E3%83%BC" dan="16,16,16,16" rate="2147.01,2141.36,2115.79,2194.96" sx="M,M,M,F"/><TAIKYOKU oya="0"/><INIT seed="0,0,0,5,3,28" ten="250,250,250,250" oya="0" hai0="82,77,120,47,87,3,54,78,96,112,85,23,117" hai1="65,34,131,113,105,5,91,111,84,80,94,45,119" hai2="40,101,74,126,21,71,33,110,46,11,62,12,7" hai3="14,18,67,123,89,121,64,70,55,118,25,104,16"/><T98/><D112/><U26/><E119/><V61/><F110/><W52/><G118/><T108/><D117/><U19/><E111/><V81/><F126/><W8/><G104/><T49/><D108/><U66/><E105/><V127/><F127/><W42/><G42/><T69/><D120/><N who="3" m="46153" /><G89/><T95/><D3/><U128/><E5/><V83/><F101/><W2/><G2/><T97/><D69/><U50/><E113/><V17/><F33/><W103/><G103/><T27/><D78/><U37/><E37/><V56/><F71/><W1/><G1/><T13/><D13/><U102/><E102/><V124/><F74/><W106/><G106/><T75/><REACH who="0" step="1"/><D95/><REACH who="0" ten="240,250,250,250" step="2"/><U130/><E94/><V107/><F124/><W24/><G70/><T36/><D36/><U100/><E130/><V109/><F109/><W32/><G25/><T57/><D57/><U48/><E131/><V59/><F59/><W44/><G44/><T30/><AGARI ba="0,1" hai="23,27,30,47,49,54,75,77,82,85,87,96,97,98" machi="30" ten="30,6000,0" yaku="1,1,0,1,53,1" doraHai="28" doraHaiUra="51" who="0" fromWho="0" sc="240,70,250,-20,250,-20,250,-20" /><INIT seed="0,1,0,5,5,13" ten="310,230,230,230" oya="0" hai0="4,50,96,100,70,21,99,49,77,47,26,115,45" hai1="95,54,10,88,14,17,117,37,56,130,52,39,71" hai2="120,113,114,82,48,75,0,107,79,133,58,104,106" hai3="87,55,46,86,43,110,72,23,20,92,89,62,98"/><T73/><D115/><U111/><E117/><V67/><F120/><W61/><G110/><T65/><D70/><U51/><E111/><V7/><F133/><W83/><G72/><T64/><D4/><U135/><E135/><V1/><F1/><W102/><G87/><T74/><D77/><U108/><E108/><V59/><F7/><W91/><G102/><T3/><D3/><U15/><E71/><V2/><F2/><W129/><G129/><T81/><D81/><U84/><E130/><V128/><F128/><W11/><G11/><T32/><D32/><U103/><E103/><V97/><F0/><W123/><G123/><T25/><D100/><U5/><E54/><V53/><REACH who="2" step="1"/><F97/><REACH who="2" ten="310,230,220,230" step="2"/><W68/><G68/><T66/><D99/><U125/><REACH who="1" step="1"/><E125/><REACH who="1" ten="310,220,220,230" step="2"/><V42/><F42/><W60/><REACH who="3" step="1"/><G55/><REACH who="3" ten="310,220,220,220" step="2"/><T69/><D66/><U6/><E6/><V109/><F109/><W36/><AGARI ba="1,3" hai="20,23,36,43,46,60,61,62,83,86,89,91,92,98" machi="36" ten="30,4000,0" yaku="1,1,2,1,0,1,53,0" doraHai="13" doraHaiUra="119" who="3" fromWho="3" sc="310,-21,220,-11,220,-11,220,73" /><INIT seed="1,0,0,1,5,111" ten="289,209,209,293" oya="1" hai0="9,47,98,80,105,84,1,93,133,51,106,128,19" hai1="48,17,29,104,56,22,87,69,26,37,94,36,41" hai2="89,115,125,130,67,96,70,58,6,116,53,18,11" hai3="76,60,20,107,99,31,14,78,74,62,39,124,2"/><U86/><E104/><V57/><F116/><W65/><G2/><T101/><D128/><U103/><E69/><V52/><F130/><W21/><G124/><T0/><D133/><U30/><E36/><V90/><F70/><W10/><G39/><T112/><D112/><U8/><E37/><V44/><F125/><W79/><G74/><T64/><D64/><U7/><E103/><V50/><F67/><W113/><G113/><T32/><D32/><U100/><E100/><V95/><F18/><W122/><G122/><T33/><D33/><U75/><E75/><V54/><F115/><W97/><G107/><T5/><D19/><U71/><E71/><V121/><F121/><W129/><G129/><T132/><D0/><U27/><E94/><V66/><F66/><W123/><G123/><T127/><D132/><U61/><E61/><N who="3" m="23658" /><G65/><T135/><D135/><U126/><E126/><V43/><REACH who="2" step="1"/><F89/><REACH who="2" ten="289,209,199,293" step="2"/><W59/><G31/><T109/><D127/><U117/><E117/><V42/><F42/><W35/><G35/><T24/><D109/><U49/><E41/><V40/><F40/><W81/><G76/><T68/><D68/><U23/><E17/><V12/><AGARI ba="0,1" hai="6,11,12,43,44,50,52,53,54,57,58,90,95,96" machi="12" ten="30,8000,1" yaku="1,1,0,1,8,1,54,1,53,1" doraHai="111" doraHaiUra="3" who="2" fromWho="2" sc="289,-20,209,-40,199,90,293,-20" /><INIT seed="2,0,0,1,2,74" ten="269,169,289,273" oya="2" hai0="12,17,54,66,131,4,40,97,57,29,113,104,22" hai1="7,59,129,105,72,48,10,49,44,24,89,118,128" hai2="123,1,41,43,124,91,100,25,56,16,126,88,27" hai3="82,122,21,93,114,30,119,109,23,71,31,53,55"/><V70/><F70/><W0/><G0/><T115/><D131/><U125/><E118/><V106/><F1/><W45/><G71/><T101/><D66/><U107/><E72/><V64/><F123/><W69/><G69/><T6/><D40/><N who="2" m="15434" /><F106/><W81/><G93/><T80/><D29/><U92/><E125/><N who="2" m="48235" /><F100/><W33/><G33/><T84/><D115/><U133/><E133/><V63/><F27/><W110/><G45/><T60/><REACH who="0" step="1"/><D113/><REACH who="0" ten="259,169,289,273" step="2"/><U28/><E129/><V58/><F58/><W18/><G114/><T62/><D62/><U9/><E128/><V52/><F64/><W77/><G119/><T68/><D68/><U135/><E59/><V90/><F90/><AGARI ba="0,1" hai="4,6,12,17,22,54,57,60,80,84,90,97,101,104" machi="90" ten="30,2000,0" yaku="1,1,7,1,53,0" doraHai="74" doraHaiUra="42" who="0" fromWho="2" sc="259,30,169,0,289,-20,273,0" /><INIT seed="3,0,0,5,1,131" ten="289,169,269,273" oya="3" hai0="2,112,55,68,91,80,78,118,12,42,120,98,0" hai1="57,38,128,29,85,87,59,8,129,25,101,54,95" hai2="11,81,105,82,56,32,135,17,102,103,20,61,72" hai3="83,115,23,88,58,50,65,76,22,110,69,96,109"/><W116/><G116/><T43/><D118/><U53/><E38/><V27/><F32/><W63/><G115/><T3/><D120/><U71/><E71/><V117/><F117/><W84/><G50/><T66/><D112/><U44/><E44/><V77/><F105/><W121/><G121/><T108/><D108/><N who="3" m="41577" /><G69/><T19/><D55/><U67/><E67/><V26/><F135/><W24/><G24/><T62/><D91/><U70/><E70/><V122/><F122/><W51/><G51/><T1/><D98/><N who="1" m="59615" /><E8/><V92/><F92/><AGARI ba="0,0" hai="22,23,58,63,65,76,83,84,88,92,96" m="41577" machi="92" ten="30,5800,0" yaku="14,1,10,1,54,1" doraHai="131" who="3" fromWho="2" sc="289,0,169,0,269,-58,273,58" owari="289,8.9,169,-33.1,211,-18.9,331,43.1" /></mjloggm>