<mjloggm ver="2.3"><GO type="225" lobby="0"/><UN n0="%E6%98%BC%E4%B8%8B%E3%81%8C%E3%82%8A%E3%81%AE%E5%9B%A3%E5%9C%B0%E5%A6%BB" n1="%E3%82%8F%E3%81%8B%E3%81%B0%2A%E3%82%AC%E3%83%BC%E3%83%AB" n2="%E3%81%AF%E3%82%88%E3%81%8A%E3%81%98%E3%81%95%E3%82%93" n3="%E3%83%A9%E3%82%B9%E7%8E%87%EF%BC%93%E5%89%B2" dan="16,16,17,17" rate="2136.56,2074.47,2216.81,2230.80" sx="F,M,M,F"/><TAIKYOKU oya="0"/><INIT seed="0,0,0,1,2,20" ten="250,250,250,250" oya="0" hai0="78,37,96,102,83,98,70,95,30,105,75,5,126" hai1="112,82,56,81,59,122,73,93,14,45,12,39,16" hai2="120,7,92,13,91,40,61,42,110,113,123,38,94" hai3="114,29,127,2,10,101,97,11,43,129,88,131,41"/><T79/><D126/><U84/><E122/><V25/><F113/><W3/><G114/><T72/><D70/><U9/><E112/><V115/><F115/><W17/><G127/><T111/><D37/><U103/><E73/><V99/><F110/><W135/><G135/><T64/><D64/><U77/><E82/><V69/><F69/><W1/><G29/><T28/><D5/><U76/><E76/><V36/><F61/><W51/><G17/><T132/><D132/><U22/><E45/><V107/><F7/><W119/><G119/><T58/><D111/><U121/><E39/><V133/><F13/><W0/><G88/><T6/><D6/><N who="1" m="3127" /><E121/><V62/><F133/><W68/><G68/><T125/><D125/><U87/><E87/><V24/><F62/><W4/><G11/><T65/><D75/><U31/><E31/><V35/><F35/><W134/><G134/><T18/><D79/><U48/><E48/><V15/><F15/><W54/><G43/><T23/><D30/><U33/><E33/><V66/><F99/><AGARI ba="0,0" hai="14,16,22,56,59,77,81,84,93,99,103" m="3127" machi="99" ten="30,2000,0" yaku="8,1,54,1" doraHai="20" who="1" fromWho="2" sc="250,0,250,20,250,-20,250,0" /><INIT seed="1,0,0,4,0,15" ten="250,270,230,250" oya="1" hai0="110,11,122,58,77,10,133,79,101,31,63,46,80" hai1="41,96,0,29,65,21,27,28,127,76,126,32,4" hai2="131,115,48,82,114,37,108,57,60,84,111,105,90" hai3="30,100,97,92,34,62,3,36,64,86,1,14,9"/><U89/><E76/><V134/><F37/><W45/><G36/><T81/><D110/><N who="2" m="42026" /><F105/><W22/><G34/><T68/><D68/><U61/><E41/><V87/><F48/><W42/><G86/><T88/><D101/><U125/><E0/><V95/><F57/><W98/><G98/><T56/><D31/><U94/><E4/><V40/><F40/><W121/><G121/><T44/><D122/><U129/><E129/><V6/><F60/><W116/><G116/><T2/><D2/><U78/><E78/><N who="2" m="46167" /><F6/><W72/><G72/><T128/><D63/><U38/><E38/><V113/><F134/><W50/><G22/><T120/><D120/><U75/><E75/><V17/><F17/><W51/><G51/><T107/><D107/><U8/><E8/><V18/><F18/><W53/><G30/><T66/><D66/><U106/><E106/><V102/><F102/><W67/><G42/><T91/><REACH who="0" step="1"/><D133/><REACH who="0" ten="240,270,230,250" step="2"/><U71/><E29/><V20/><F20/><AGARI ba="0,1" hai="20,21,27,28,32,61,65,71,89,94,96,125,126,127" machi="20" ten="40,2000,0" yaku="18,1" doraHai="15" who="1" fromWho="2" sc="240,0,270,30,230,-20,250,0" /><INIT seed="1,1,0,4,3,40" ten="240,300,210,250" oya="1" hai0="128,96,118,88,74,105,122,35,129,103,66,31,89" hai1="10,54,104,59,108,36,33,44,106,19,85,42,115" hai2="41,93,111,64,2,79,120,78,34,117,51,87,69" hai3="86,133,6,81,107,130,70,131,16,82,63,101,124"/><U123/><E115/><V99/><F120/><W132/><G6/><T22/><D118/><U11/><E123/><V38/><F117/><W114/><G114/><T1/><D122/><U73/><E73/><V24/><F38/><W72/><G70/><T80/><D1/><U97/><E33/><V67/><F2/><W60/><G60/><T17/><D66/><U65/><E65/><V8/><F111/><W77/><G63/><T68/><D68/><U83/><E108/><V29/><F8/><W98/><G16/><T20/><D35/><U56/><E56/><V135/><F135/><N who="3" m="51787" /><G124/><T28/><D22/><U14/><E97/><V27/><F24/><W39/><G39/><T43/><D43/><U7/><E7/><V46/><F67/><W126/><G126/><T112/><D112/><U71/><E10/><V18/><F18/><W12/><G12/><T48/><D48/><U53/><E71/><V45/><F64/><W30/><G30/><T92/><D28/><U37/><E37/><V75/><F69/><W50/><G50/><T9/><D31/><U91/><E54/><V49/><F75/><W13/><G13/><T134/><D9/><U23/><E11/><V62/><F62/><AGARI ba="1,0" hai="14,19,23,36,42,44,53,59,62,83,85,91,104,106" machi="62" ten="30,2900,0" yaku="7,1,52,1" doraHai="40" who="1" fromWho="2" sc="240,0,300,32,210,-32,250,0" /><INIT seed="1,2,0,0,5,98" ten="240,332,178,250" oya="1" hai0="125,49,128,101,96,25,115,103,114,29,105,62,54" hai1="126,119,32,17,6,16,123,23,87,69,117,12,19" hai2="131,130,28,31,107,4,68,135,77,15,30,111,71" hai3="106,64,9,53,81,24,74,124,67,26,60,100,45"/><U56/><E69/><V63/><F107/><W3/><G124/><T34/><D125/><U88/><E126/><V72/><F111/><W132/><G132/><T22/><D128/><N who="2" m="49194" /><F135/><W2/><G74/><T1/><D1/><U102/><E32/><V113/><F113/><W59/><G3/><T11/><D62/><U44/><E123/><V112/><F112/><W78/><G2/><T61/><D61/><U95/><E44/><V50/><F50/><W36/><G9/><T40/><D40/><U57/><E102/><V97/><F97/><W75/><G100/><T93/><D11/><N who="1" m="4215" /><E119/><V20/><F63/><W76/><G76/><T134/><D134/><U99/><E117/><V86/><F72/><W92/><G92/><T116/><D116/><U120/><E120/><V129/><N who="2" m="49202" /><V83/><DORA hai="14" /><F4/><W42/><REACH who="3" step="1"/><G106/><REACH who="3" ten="240,332,178,240" step="2"/><T85/><D103/><N who="1" m="60927" /><E23/><V43/><F43/><W82/><G82/><AGARI ba="2,1" hai="16,17,19,56,57,82,87,88" m="60927,4215" machi="82" ten="30,18000,2" yaku="8,1,52,4,54,2" doraHai="98,14" who="1" fromWho="3" sc="240,0,332,196,178,0,240,-186" /><INIT seed="1,3,0,1,2,71" ten="240,528,178,54" oya="1" hai0="35,130,93,117,3,19,31,39,87,120,46,107,38" hai1="86,81,12,54,4,11,131,91,66,26,63,43,45" hai2="94,68,56,114,82,23,85,5,34,133,112,100,92" hai3="6,59,74,18,79,76,102,98,108,30,116,105,52"/><U29/><E131/><V99/><F68/><W115/><G115/><N who="2" m="44073" /><F34/><W129/><G129/><T70/><D107/><U25/><E54/><V67/><F5/><W110/><G6/><T55/><D70/><U53/><E53/><V2/><F2/><W127/><G127/><T72/><D72/><U10/><E10/><V121/><F121/><W80/><G79/><T101/><D130/><U15/><E15/><V33/><F33/><W77/><G77/><T51/><D117/><U20/><E25/><V128/><F128/><W132/><G132/><T28/><D3/><U111/><E111/><V109/><F109/><W7/><G7/><T60/><D120/><U104/><E104/><N who="2" m="63519" /><F23/><W36/><G116/><T90/><D101/><U13/><E13/><V83/><F83/><W124/><G124/><T16/><D35/><U17/><E4/><V61/><F133/><W125/><G125/><T64/><D31/><U14/><E14/><V40/><F40/><W106/><G30/><T21/><D28/><U32/><E32/><V84/><F84/><W24/><G106/><T75/><D75/><U48/><E66/><V78/><AGARI ba="3,0" hai="56,61,67,78,82,85,92,94" m="63519,44073" machi="78" ten="30,1100,0" yaku="11,1" doraHai="71" who="2" fromWho="2" sc="240,-6,528,-8,178,20,54,-6" /><INIT seed="2,0,0,4,5,51" ten="234,520,198,48" oya="2" hai0="127,86,39,27,83,53,107,16,2,55,108,135,100" hai1="26,18,106,37,102,57,120,111,128,123,7,9,66" hai2="101,76,71,25,15,124,61,131,129,75,67,95,116" hai3="63,58,77,29,40,41,42,65,89,74,110,54,109"/><V97/><F116/><W48/><G29/><T11/><D39/><U90/><E111/><N who="3" m="42506" /><G77/><T130/><D108/><U21/><E128/><N who="2" m="49227" /><F124/><W12/><G12/><T34/><D130/><U68/><E37/><V85/><F75/><W47/><G89/><T104/><D127/><U59/><E106/><V52/><F25/><W20/><G20/><T49/><D135/><U0/><E102/><V5/><F5/><W80/><G80/><T81/><D81/><U126/><E126/><V113/><F113/><W10/><G10/><T119/><D119/><U82/><E82/><N who="2" m="47303" /><F15/><W117/><G74/><T132/><D132/><U99/><E68/><V79/><F79/><W73/><G73/><T92/><D92/><N who="1" m="56727" /><E66/><V84/><F84/><W70/><G117/><T122/><D122/><AGARI ba="0,0" hai="0,7,9,18,21,26,57,59,120,122,123" m="56727" machi="122" ten="30,1000,0" yaku="13,1" doraHai="51" who="1" fromWho="0" sc="234,-10,520,10,198,0,48,0" /><INIT seed="3,0,0,5,0,42" ten="224,530,198,48" oya="3" hai0="39,4,7,78,132,9,5,59,75,31,40,63,52" hai1="65,71,95,20,37,114,38,96,112,102,48,124,125" hai2="122,128,129,26,61,99,118,110,109,43,36,64,54" hai3="91,130,60,66,53,98,84,29,12,28,0,119,83"/><W3/><G119/><T92/><D132/><U14/><E48/><V22/><F118/><W47/><G130/><N who="2" m="50281" /><F122/><W23/><G3/><N who="0" m="159" /><D92/><U94/><E95/><V89/><F54/><W62/><G0/><T100/><D31/><U105/><E105/><V116/><F116/><W50/><G98/><T2/><D100/><U80/><E14/><V76/><F76/><W79/><G79/><T77/><D77/><U120/><E20/><V123/><F123/><W17/><REACH who="3" step="1"/><G62/><REACH who="3" ten="224,530,198,38" step="2"/><T1/><D2/><U13/><E120/><V33/><F99/><W41/><G41/><T55/><D1/><U19/><E96/><V90/><F89/><W104/><G104/><T46/><D55/><U57/><E102/><V8/><F90/><W113/><G113/><T88/><D88/><U115/><E114/><V117/><F43/><W86/><G86/><T97/><D97/><U108/><E112/><V131/><F117/><W27/><G27/><T32/><D78/><U24/><E115/><V106/><F106/><W81/><G81/><T25/><D75/><U134/><E24/><V82/><F82/><W74/><G74/><T34/><D25/><U30/><E80/><V70/><F131/><W69/><AGARI ba="0,1" hai="12,17,23,28,29,47,50,53,60,66,69,83,84,91" machi="69" ten="20,7800,0" yaku="1,1,0,1,7,1,52,1,53,0" doraHai="42" doraHaiUra="93" who="3" fromWho="3" sc="224,-26,530,-26,198,-26,38,88" /><INIT seed="3,1,0,4,5,16" ten="198,504,172,126" oya="3" hai0="73,100,43,129,82,41,115,13,6,126,95,86,77" hai1="23,36,2,42,5,69,26,62,17,97,38,24,0" hai2="61,92,55,105,8,74,112,117,79,128,1,52,71" hai3="44,88,108,58,68,78,54,40,109,32,119,96,113"/><W29/><G113/><T4/><D115/><U31/><E97/><V70/><F112/><W110/><G119/><T133/><D126/><U53/><E42/><N who="0" m="15881" /><D73/><U123/><E123/><V39/><F105/><W60/><G78/><T83/><D133/><U57/><E69/><V84/><F39/><W12/><G68/><T125/><D125/><U91/><E91/><V27/><F117/><W121/><G121/><T63/><D129/><U85/><E85/><V34/><F74/><W94/><G12/><T67/><D82/><U64/><E64/><V25/><F128/><W103/><G29/><T107/><D107/><U11/><E0/><V72/><F72/><W51/><REACH who="3" step="1"/><G32/><AGARI ba="1,0" hai="2,5,11,17,23,24,26,31,32,36,38,53,57,62" machi="32" ten="30,2000,0" yaku="7,1,52,1" doraHai="16" who="1" fromWho="3" sc="198,0,504,23,172,0,126,-23" owari="198,-0.2,527,62.7,172,-22.8,103,-39.7" /></mjloggm>