<mjloggm ver="2.3"><GO type="225" lobby="0"/><UN n0="%E8%9B%87%E3%81%AE%E8%A1%80" n1="%E5%B0%8F%E5%AE%AE%E3%81%9F%E3%81%9A%E3%81%8D" n2="%E3%81%BF%E3%81%BF%E3%81%9A" n3="%E6%97%A5%E6%9B%9C%E6%97%A5%E3%82%88%E3%82%8A%E3%81%AE%E4%BD%BF%E8%80%85" dan="16,16,18,16" rate="2114.62,2151.17,2225.32,2154.25" sx="M,F,M,M"/><TAIKYOKU oya="0"/><INIT seed="0,0,0,3,0,120" ten="250,250,250,250" oya="0" hai0="121,34,37,101,12,131,50,4,100,117,128,35,32" hai1="70,19,88,41,104,16,105,62,97,106,26,9,122" hai2="91,21,111,6,38,3,86,95,53,51,126,119,115" hai3="63,48,110,55,108,46,82,28,30,36,130,60,80"/><T87/><D37/><U33/><E122/><V11/><F115/><W81/><G36/><T42/><D121/><U56/><E70/><V107/><F38/><W124/><G124/><T17/><D4/><U22/><E33/><V27/><F126/><W39/><G39/><T61/><D117/><U133/><E133/><V47/><F119/><W14/><G14/><T102/><D61/><N who="3" m="23625" /><G130/><N who="0" m="49707" /><D87/><U76/><E76/><V74/><F107/><W118/><G118/><T94/><D42/><U69/><E69/><V40/><F74/><W59/><G46/><T123/><D50/><U49/><E49/><V65/><F65/><W127/><G127/><T52/><D52/><N who="1" m="34055" /><E41/><V75/><F75/><W15/><G15/><T13/><D123/><U90/><E90/><V78/><F78/><W125/><G125/><T5/><D5/><U132/><E132/><V64/><F64/><W114/><G114/><T31/><D31/><U89/><E89/><V92/><F40/><W77/><G77/><T96/><D12/><N who="1" m="7183" /><E106/><V112/><F112/><W83/><N who="3" m="20480" /><DORA hai="98" /><W93/><G93/><AGARI ba="0,0" hai="19,22,26,88,93,97,104,105" m="7183,34055" machi="93" ten="30,7700,0" yaku="25,1,54,3" doraHai="120,98" who="1" fromWho="3" sc="250,0,250,77,250,0,250,-77" /><INIT seed="1,0,0,2,5,101" ten="250,327,250,173" oya="1" hai0="62,94,117,3,108,118,128,52,21,132,87,34,28" hai1="7,23,66,115,106,24,98,114,65,81,13,116,103" hai2="123,20,112,80,86,38,44,104,64,11,96,90,67" hai3="95,124,133,25,37,56,8,48,54,75,109,119,9"/><U89/><E116/><V43/><F123/><W72/><G37/><T19/><D3/><U78/><E89/><V121/><F121/><W49/><G119/><T26/><D108/><U61/><E13/><V97/><F112/><W68/><G68/><T12/><D128/><U36/><E7/><V50/><F38/><W57/><G109/><T71/><D132/><U99/><E99/><N who="2" m="37963" /><F104/><W10/><G133/><T29/><D29/><U74/><E36/><V58/><F11/><W91/><G25/><T85/><D71/><U135/><E135/><V18/><F58/><W102/><G102/><T126/><D126/><U110/><E110/><V47/><F47/><W14/><G124/><T55/><D85/><U82/><E82/><V35/><F35/><W40/><G14/><AGARI ba="0,0" hai="14,18,20,43,44,50,64,67,80,86,90" m="37963" machi="14" ten="30,1000,0" yaku="8,1" doraHai="101" who="2" fromWho="3" sc="250,0,327,0,250,10,173,-10" /><INIT seed="2,0,0,2,5,122" ten="250,327,260,163" oya="2" hai0="24,121,83,5,73,102,133,53,134,17,44,125,29" hai1="71,69,115,74,20,55,129,127,75,28,107,87,9" hai2="18,1,32,114,76,95,106,119,63,62,131,68,105" hai3="58,79,13,57,42,16,65,0,88,35,39,22,113"/><V84/><F114/><W59/><G113/><T101/><D121/><U64/><E107/><V81/><F119/><W2/><G35/><T130/><D130/><U27/><E115/><V36/><F36/><W132/><G132/><N who="0" m="50795" /><D5/><U37/><E37/><V34/><F1/><W124/><G124/><T67/><D67/><U80/><E127/><V94/><F131/><W77/><G65/><T116/><D17/><U111/><E55/><V31/><F68/><W86/><G39/><T52/><D125/><U6/><E75/><V117/><F117/><W19/><G42/><T11/><D11/><U110/><E74/><V100/><F18/><W41/><G41/><T46/><D116/><U4/><E4/><V118/><F118/><W70/><G70/><T40/><D83/><U15/><E129/><V8/><F8/><W90/><G0/><T123/><D73/><U48/><E48/><V47/><F47/><N who="0" m="17962" /><D40/><U61/><REACH who="1" step="1"/><E71/><REACH who="1" ten="250,317,260,163" step="2"/><V50/><F50/><W66/><G2/><T49/><D123/><U7/><E7/><V85/><F106/><W108/><G66/><T12/><D53/><U38/><E38/><V109/><F105/><W104/><G104/><T92/><D52/><U89/><AGARI ba="0,1" hai="6,9,15,20,27,28,61,64,69,80,87,89,110,111" machi="89" ten="30,8000,1" yaku="1,1,0,1,52,2,53,1" doraHai="122" doraHaiUra="3" who="1" fromWho="1" sc="250,-20,317,90,260,-40,163,-20" /><INIT seed="3,0,0,3,5,90" ten="230,407,220,143" oya="3" hai0="79,77,22,112,126,119,132,8,133,94,48,60,88" hai1="66,56,129,74,86,72,24,57,45,52,81,69,10" hai2="71,41,54,0,27,111,7,44,103,59,65,121,98" hai3="23,31,11,50,83,100,127,37,51,73,67,2,12"/><W63/><G37/><T123/><D119/><U30/><E129/><V105/><F111/><W84/><G73/><T85/><D123/><U34/><E69/><V109/><F109/><W4/><G127/><T33/><D33/><U76/><E45/><V93/><F121/><W32/><G32/><T61/><D126/><U38/><E38/><N who="2" m="21559" /><F27/><N who="3" m="16895" /><G2/><T115/><D22/><U117/><E117/><V20/><F20/><W64/><G100/><T9/><D48/><N who="3" m="18473" /><G63/><N who="0" m="24139" /><D77/><AGARI ba="0,0" hai="4,11,12,64,67,77,83,84" m="18473,16895" machi="77" ten="30,1500,0" yaku="8,1" doraHai="90" who="3" fromWho="0" sc="230,-15,407,0,220,0,143,15" /><INIT seed="3,1,0,2,0,78" ten="215,407,220,158" oya="3" hai0="90,25,103,48,41,69,29,63,19,88,21,61,132" hai1="2,47,91,135,40,42,49,10,96,34,65,55,26" hai2="127,28,51,129,106,100,74,20,46,56,57,7,84" hai3="124,4,44,104,1,23,98,110,36,134,85,117,119"/><W72/><G72/><T53/><D132/><U82/><E135/><V54/><F74/><W128/><G134/><T79/><D69/><U27/><E65/><V125/><F129/><W11/><G128/><T81/><D41/><U17/><E2/><V62/><F7/><W93/><G104/><T105/><D29/><U13/><E34/><V45/><F106/><W75/><G75/><T59/><D103/><U14/><E96/><V8/><F100/><W50/><G36/><T0/><D0/><U120/><E120/><V31/><F8/><W92/><G124/><N who="2" m="47689" /><F84/><W94/><G98/><T131/><D105/><U118/><E118/><V86/><F86/><W33/><G33/><T101/><D101/><U67/><E67/><N who="2" m="39367" /><F20/><W12/><G85/><N who="0" m="48319" /><D131/><U5/><E40/><N who="2" m="24999" /><F46/><W126/><G126/><T107/><D107/><U73/><E42/><V114/><F114/><W9/><G23/><T123/><D123/><U3/><E3/><V16/><F16/><W95/><N who="3" m="23552" /><DORA hai="18" /><W115/><G115/><T32/><D32/><U30/><E30/><V60/><AGARI ba="1,0" hai="28,31,54,57,60" m="24999,39367,47689" machi="60" ten="30,1100,0" yaku="18,1" doraHai="78,18" who="2" fromWho="2" sc="215,-4,407,-4,220,14,158,-6" owari="211,-18.9,403,50.3,234,3.4,152,-34.8" /></mjloggm>