<mjloggm ver="2.3"><GO type="225" lobby="0"/><UN n0="%E6%B4%BE%E9%81%A3%E3%81%AE%E3%82%B8%E3%83%A3%E3%83%83%E3%82%AF" n1="%E3%83%94%E3%83%B3%E3%82%B5%E3%83%AD%E5%BA%97%E5%93%A1" n2="%E9%A2%A8%E7%B8%AB" n3="%E3%82%BC%E3%83%AB%E3%83%80%E3%81%AE%E4%BC%9D%E8%AA%AC" dan="17,17,16,17" rate="2151.75,2208.55,2137.16,2149.39" sx="M,M,M,M"/><TAIKYOKU oya="0"/><INIT seed="0,0,0,5,1,85" ten="250,250,250,250" oya="0" hai0="104,100,12,37,70,79,87,130,103,129,8,75,81" hai1="83,96,132,125,54,101,34,16,5,24,21,73,77" hai2="80,67,111,10,58,93,20,105,131,46,59,31,3" hai3="28,36,90,57,123,14,56,118,106,4,30,112,89"/><T55/><D70/><U114/><E132/><V117/><F117/><W71/><G112/><T94/><D37/><U18/><E114/><V49/><F105/><W120/><G118/><T17/><D55/><U11/><E125/><V102/><F111/><W2/><G2/><T45/><D45/><U26/><E54/><V15/><F131/><N who="0" m="50186" /><D104/><U25/><E18/><V99/><F80/><W52/><G106/><T116/><D116/><U23/><E23/><V107/><F107/><W35/><G71/><T40/><D40/><U7/><E34/><V48/><F3/><W82/><G36/><T124/><D124/><U84/><E73/><V98/><F98/><W50/><G57/><T44/><D44/><U42/><E42/><V64/><F59/><W47/><G47/><T69/><D69/><U1/><REACH who="1" step="1"/><E7/><REACH who="1" ten="250,240,250,250" step="2"/><N who="2" m="3551" /><F20/><W74/><G74/><T126/><D126/><U78/><E78/><V38/><F31/><N who="3" m="11819" /><G35/><T66/><D66/><U0/><E0/><V62/><F64/><W121/><G82/><T68/><D75/><U110/><E110/><V29/><F29/><W97/><G97/><T135/><D135/><U27/><E27/><V33/><F33/><W53/><G53/><T127/><D127/><U61/><E61/><V119/><F119/><W32/><G32/><T109/><D109/><U41/><E41/><N who="2" m="24655" /><F38/><W6/><G6/><T63/><D63/><U13/><E13/><V9/><F9/><AGARI ba="0,1" hai="4,9,14,50,52,56,89,90,120,121,123" m="11819" machi="9" ten="40,8000,1" yaku="13,1,52,2,54,1" doraHai="85" who="3" fromWho="2" sc="250,0,240,0,250,-80,250,90" /><INIT seed="1,0,0,2,2,85" ten="250,240,170,340" oya="1" hai0="83,22,26,78,59,4,54,38,110,106,23,123,134" hai1="65,37,30,71,114,14,128,135,113,2,102,116,94" hai2="47,73,81,97,55,15,58,39,93,21,104,72,34" hai3="130,112,86,89,16,27,19,107,91,43,108,68,56"/><U18/><E116/><V98/><F34/><W42/><G112/><T44/><D106/><U24/><E2/><V53/><F104/><W90/><G68/><T69/><D69/><U64/><E37/><V80/><F73/><W125/><G107/><T50/><D110/><U62/><E64/><V70/><F70/><W0/><G0/><T132/><D4/><U32/><E128/><V124/><F124/><W75/><G75/><T48/><D38/><U25/><E25/><V103/><F72/><W105/><G105/><T82/><D123/><U8/><REACH who="1" step="1"/><E135/><REACH who="1" ten="250,230,170,340" step="2"/><V88/><F39/><W45/><G130/><T129/><D129/><U127/><E127/><V57/><F97/><AGARI ba="0,1" hai="8,14,18,24,30,32,62,65,71,94,97,102,113,114" machi="97" ten="40,2000,0" yaku="1,1,53,0" doraHai="85" doraHaiUra="1" who="1" fromWho="2" sc="250,0,230,30,170,-20,340,0" /><INIT seed="1,1,0,4,3,38" ten="250,260,150,340" oya="1" hai0="25,126,83,41,61,45,3,7,6,135,90,101,56" hai1="63,74,0,39,24,113,4,88,16,81,60,80,40" hai2="30,96,32,59,73,17,70,21,87,57,118,54,1" hai3="13,71,78,42,36,124,12,26,35,104,109,5,76"/><U120/><E113/><V64/><F118/><W119/><G71/><T77/><D126/><U43/><E120/><V97/><F73/><W82/><G104/><T49/><D135/><U51/><E39/><V55/><F1/><W18/><G124/><T14/><D101/><U105/><E105/><V91/><F70/><W53/><G53/><T9/><D25/><U111/><E111/><V72/><F72/><W134/><G78/><T48/><D90/><U33/><E0/><V133/><F133/><W10/><G134/><T131/><D131/><U116/><E4/><V132/><F132/><W19/><G109/><T69/><D69/><U34/><E116/><V102/><F32/><W94/><G94/><T75/><D48/><U37/><E37/><V129/><F129/><W27/><G35/><T46/><D46/><U31/><E34/><V66/><F30/><W98/><G98/><N who="2" m="37993" /><F102/><W11/><G5/><T110/><D110/><U2/><E2/><V123/><F123/><W62/><G62/><T108/><D108/><U68/><E63/><N who="2" m="36279" /><F55/><W65/><G65/><N who="0" m="39079" /><D3/><U47/><E74/><V103/><F103/><W8/><G119/><T44/><D6/><U121/><E121/><V52/><F17/><W95/><G19/><T107/><D107/><U28/><E28/><V128/><F21/><W125/><G18/><T92/><D45/><N who="1" m="26023" /><E16/><V99/><N who="2" m="38001" /><V100/><DORA hai="20" /><F100/><W85/><G125/><T93/><D75/><U58/><E68/><V122/><F122/><W50/><G36/><T117/><D117/><U86/><E47/><V79/><F128/><W112/><G112/><RYUUKYOKU ba="1,0" sc="250,30,260,-10,150,-10,340,-10" hai0="7,9,14,41,44,49,77,83,92,93" /><INIT seed="2,2,0,4,0,105" ten="280,250,140,330" oya="2" hai0="45,85,13,99,96,11,103,33,17,15,111,36,8" hai1="86,47,102,59,116,104,53,62,18,26,34,90,35" hai2="115,117,124,4,130,88,64,22,28,19,122,32,10" hai3="107,67,54,55,121,80,31,97,25,118,69,94,57"/><V12/><F122/><W71/><G118/><T126/><D111/><U81/><E116/><V135/><F117/><W74/><G121/><T40/><D33/><U77/><E104/><V20/><F115/><W27/><G27/><T129/><D126/><U83/><E102/><V1/><F124/><W89/><G67/><T113/><D113/><U63/><E47/><V6/><F130/><W7/><G7/><T110/><D110/><U114/><E114/><V127/><F127/><W98/><G107/><T108/><D108/><U73/><REACH who="1" step="1"/><E63/><REACH who="1" ten="280,240,140,330" step="2"/><V92/><F135/><W21/><G98/><T0/><D103/><U72/><E72/><V87/><F64/><W29/><G74/><T82/><D129/><U2/><E2/><V120/><F120/><W109/><G97/><T79/><D0/><U41/><E41/><V106/><F106/><W30/><G109/><T61/><D61/><U84/><E84/><V125/><F125/><W14/><G71/><T68/><D68/><U16/><E16/><AGARI ba="2,1" hai="8,11,13,15,16,17,36,40,45,79,82,85,96,99" machi="16" ten="30,3900,0" yaku="7,1,9,1,54,1" doraHai="105" who="0" fromWho="1" sc="280,55,240,-45,140,0,330,0" /><INIT seed="3,0,0,0,4,35" ten="335,195,140,330" oya="3" hai0="63,40,104,117,23,38,128,24,33,80,48,110,93" hai1="11,75,56,19,73,55,6,112,115,121,81,57,125" hai2="85,82,20,18,65,102,76,71,34,53,113,77,69" hai3="120,123,39,28,60,9,3,68,124,32,72,10,132"/><W14/><G14/><T12/><D104/><U15/><E121/><V30/><F113/><W91/><G91/><T96/><D117/><U50/><E125/><V58/><F71/><W133/><G124/><T0/><D38/><U52/><E19/><V62/><F102/><W46/><G72/><T92/><D0/><U59/><E59/><V41/><F41/><N who="3" m="22847" /><G28/><T119/><D119/><U67/><E67/><V94/><F34/><W2/><G32/><T135/><D135/><N who="3" m="51785" /><G10/><T105/><D128/><U8/><E8/><V101/><F69/><W103/><G103/><T86/><D110/><U122/><E122/><N who="3" m="46634" /><G9/><T97/><D33/><U1/><E15/><V114/><F114/><W26/><G26/><T79/><D105/><U134/><E75/><V45/><F30/><W126/><G126/><T22/><D12/><U70/><E70/><V13/><F101/><W36/><G36/><T61/><D24/><U89/><E134/><V44/><F94/><N who="0" m="36458" /><D22/><U99/><E99/><N who="0" m="37961" /><D23/><U43/><E89/><V116/><F116/><W98/><G98/><T107/><D107/><U129/><E115/><V27/><F76/><W88/><G88/><T127/><D127/><U95/><E95/><V111/><F111/><W49/><G49/><T47/><AGARI ba="0,0" hai="40,47,48,61,63,79,80,86" m="37961,36458" machi="47" ten="30,1100,0" yaku="8,1" doraHai="35" who="0" fromWho="0" sc="335,11,195,-3,140,-3,330,-5" owari="346,44.6,192,-20.8,137,-36.3,325,12.5" /></mjloggm>