<mjloggm ver="2.3"><GO type="225" lobby="0"/><UN n0="%E6%97%A5%E6%9B%9C%E6%97%A5%E3%82%88%E3%82%8A%E3%81%AE%E4%BD%BF%E8%80%85" n1="%E5%91%A8%E6%9D%B1" n2="%E3%81%A4%E3%81%A3%E3%81%B1%E3%82%8A%E3%83%9D%E3%83%BC%E3%83%AB" n3="%E3%82%8F%E3%81%8B%E3%81%B0%2A%E3%82%AC%E3%83%BC%E3%83%AB" dan="17,16,17,16" rate="2190.57,2164.31,2259.25,2190.56" sx="M,M,M,M"/><TAIKYOKU oya="0"/><INIT seed="0,0,0,0,3,79" ten="250,250,250,250" oya="0" hai0="84,73,66,125,117,47,61,127,12,129,14,39,94" hai1="58,53,42,75,8,114,23,52,41,97,20,16,71" hai2="37,1,95,128,80,83,43,13,93,65,112,108,17" hai3="6,92,121,124,5,59,48,90,34,10,30,131,0"/><T85/><D73/><U110/><E71/><V89/><F1/><W96/><G124/><N who="0" m="47691" /><D117/><U67/><E75/><V106/><F106/><W60/><G131/><T3/><D3/><U113/><E110/><V21/><F112/><N who="1" m="43113" /><E67/><V40/><F108/><W29/><G121/><T74/><D74/><U57/><E97/><N who="2" m="57519" /><F37/><W122/><G122/><T81/><D94/><U118/><E118/><V38/><F38/><W105/><G105/><T15/><D129/><U104/><E104/><V88/><F65/><W32/><G48/><T116/><D116/><U123/><E8/><V68/><F68/><W62/><G6/><T132/><D132/><U26/><E23/><V2/><F2/><W22/><G22/><T120/><D120/><U55/><E123/><V24/><F24/><W25/><G59/><AGARI ba="0,0" hai="16,20,26,41,42,52,53,55,57,58,59" m="43113" machi="59" ten="30,3900,0" yaku="11,1,54,2" doraHai="79" who="1" fromWho="3" sc="250,0,250,39,250,0,250,-39" /><INIT seed="1,0,0,5,5,23" ten="250,289,250,211" oya="1" hai0="10,51,113,35,71,114,82,84,0,42,98,97,55" hai1="67,46,89,13,81,88,125,21,134,77,14,117,25" hai2="72,120,8,59,56,44,94,92,45,70,1,130,41" hai3="32,133,124,62,26,116,78,107,57,47,12,5,38"/><U43/><E117/><V4/><F70/><W122/><G122/><T11/><D35/><U102/><E125/><V20/><F120/><W66/><G124/><T105/><D71/><U30/><E134/><V103/><F130/><W104/><G133/><T52/><D105/><U127/><E127/><V39/><F72/><W9/><G116/><T73/><D73/><U112/><E112/><V15/><F45/><W68/><G68/><T128/><D128/><U91/><E102/><V50/><F39/><W69/><G78/><T3/><D42/><U34/><E67/><V95/><F103/><W54/><G47/><T75/><D75/><U121/><E34/><V106/><F106/><W74/><G74/><T83/><D84/><N who="1" m="48175" /><E121/><V27/><REACH who="2" step="1"/><F1/><REACH who="2" ten="250,289,240,211" step="2"/><W93/><G38/><T86/><D0/><U85/><E85/><V132/><F132/><W90/><G69/><T76/><D3/><U6/><E6/><V129/><F129/><W96/><REACH who="3" step="1"/><G66/><REACH who="3" ten="250,289,240,201" step="2"/><T63/><D114/><U36/><E36/><V101/><F101/><W53/><G53/><T2/><D113/><U64/><E64/><V40/><F40/><W131/><G131/><T7/><D55/><U118/><E118/><V58/><F58/><W100/><G100/><T31/><D52/><U61/><E43/><V29/><AGARI ba="0,2" hai="4,8,15,20,27,29,41,44,50,56,59,92,94,95" machi="29" ten="30,7900,0" yaku="1,1,0,1,8,1,52,1,53,0" doraHai="23" doraHaiUra="119" who="2" fromWho="2" sc="250,-20,289,-39,240,99,201,-20" /><INIT seed="2,0,0,3,3,125" ten="230,250,339,181" oya="2" hai0="130,52,71,20,126,32,23,25,131,61,4,26,55" hai1="60,110,57,41,70,103,106,39,95,100,50,14,129" hai2="85,16,116,67,17,117,75,37,49,53,119,7,22" hai3="28,15,9,91,121,98,133,48,27,58,18,68,73"/><V114/><F114/><W128/><G121/><T83/><D32/><U34/><E106/><V89/><F75/><W6/><G73/><T40/><D40/><U127/><E34/><V80/><F37/><W132/><G68/><T42/><D42/><U62/><E127/><V135/><F135/><N who="3" m="51787" /><G98/><T97/><D4/><U96/><E110/><V108/><F108/><W43/><G91/><T69/><D126/><U33/><E33/><V56/><F7/><W104/><G104/><T115/><D83/><U29/><E29/><V65/><REACH who="2" step="1"/><F17/><REACH who="2" ten="230,250,329,181" step="2"/><W51/><G6/><T88/><D115/><U111/><E39/><V21/><F21/><N who="3" m="15471" /><G43/><T123/><D123/><U79/><E41/><V5/><F5/><W92/><G92/><N who="0" m="56455" /><D23/><U8/><E95/><V44/><F44/><W101/><G101/><T0/><D0/><U118/><E103/><V30/><F30/><W63/><G128/><N who="0" m="49195" /><D26/><AGARI ba="0,1" hai="16,22,26,49,53,56,65,67,80,85,89,116,117,119" machi="26" ten="40,3900,0" yaku="1,1,54,1,53,0" doraHai="125" doraHaiUra="38" who="2" fromWho="0" sc="230,-39,250,0,329,49,181,0" /><INIT seed="2,1,0,0,1,32" ten="191,250,378,181" oya="2" hai0="0,52,104,53,98,15,74,132,99,87,20,67,73" hai1="82,120,21,31,14,18,49,72,130,124,50,11,34" hai2="19,17,68,8,83,106,91,135,60,39,89,80,86" hai3="78,41,79,126,28,3,29,43,96,54,16,77,40"/><V22/><F106/><W102/><G126/><T57/><D0/><U37/><E37/><V59/><F39/><W69/><G69/><T70/><D70/><U26/><E124/><V109/><F68/><W134/><G134/><T90/><D104/><U116/><E116/><V121/><F121/><W95/><G3/><T51/><D74/><U129/><E120/><V103/><F103/><W113/><G113/><T112/><D73/><U93/><E93/><V42/><F42/><W61/><G61/><N who="0" m="38319" /><D132/><U47/><E34/><V13/><F109/><W38/><G38/><T84/><D112/><U88/><E72/><V30/><F30/><W107/><G107/><T101/><D101/><U85/><REACH who="1" step="1"/><E50/><REACH who="1" ten="191,240,378,181" step="2"/><V2/><F135/><W111/><G111/><T55/><D51/><U115/><E115/><V36/><F36/><W75/><G75/><T1/><D1/><U81/><E81/><V25/><F2/><W97/><G97/><N who="0" m="36875" /><D90/><U5/><E5/><V122/><F122/><W131/><G131/><T119/><D119/><U64/><E64/><N who="2" m="38943" /><F91/><W4/><G4/><T110/><D110/><U46/><E46/><V48/><F48/><W105/><G105/><T108/><D108/><U35/><E35/><V10/><F83/><W76/><N who="3" m="19456" /><DORA hai="6" /><W128/><G128/><T125/><D125/><U24/><E24/><V9/><AGARI ba="1,1" hai="8,9,10,13,17,19,22,25,80,86,89" m="38943" machi="9" ten="30,11700,0" yaku="8,1,52,3" doraHai="32,6" who="2" fromWho="2" sc="191,-40,240,-40,378,130,181,-40" /><INIT seed="2,2,0,4,2,82" ten="151,200,508,141" oya="2" hai0="78,29,56,51,111,125,36,80,75,46,20,47,94" hai1="23,84,123,39,92,67,17,129,59,3,90,93,32" hai2="76,113,100,66,73,71,131,115,102,49,95,37,132" hai3="81,70,5,22,44,31,105,110,57,26,107,128,21"/><V43/><F37/><W122/><G122/><T9/><D111/><U89/><E123/><V114/><F73/><W34/><G110/><T130/><D125/><U121/><E121/><V30/><F76/><W50/><G70/><T126/><D126/><U42/><E32/><V28/><F66/><W41/><G5/><T88/><D130/><U15/><E3/><V19/><F71/><W16/><G128/><T4/><D36/><U134/><E134/><V91/><F131/><W40/><G34/><T1/><D56/><U135/><E135/><V108/><F19/><W83/><G57/><T72/><D72/><U109/><E109/><V99/><F108/><W54/><G105/><T11/><D11/><U104/><E104/><V77/><F77/><W27/><G107/><T33/><D33/><U38/><E42/><AGARI ba="2,0" hai="16,21,22,26,27,31,40,41,42,44,50,54,81,83" machi="42" ten="40,2600,0" yaku="8,1,54,1" doraHai="82" who="3" fromWho="1" sc="151,0,200,-32,508,0,141,32" /><INIT seed="3,0,0,3,0,122" ten="151,168,508,173" oya="3" hai0="116,38,71,124,5,107,32,61,41,22,45,130,100" hai1="79,131,7,94,43,58,93,106,47,134,85,2,113" hai2="19,18,54,73,40,21,50,121,33,81,59,133,83" hai3="34,66,88,20,128,97,15,39,117,91,60,68,89"/><W114/><G114/><T42/><D116/><U74/><E106/><V4/><F33/><W10/><G117/><T55/><D32/><U119/><E113/><V14/><F73/><W112/><G112/><T135/><D5/><U105/><E105/><V132/><F4/><W69/><G39/><T127/><D107/><U27/><E119/><V26/><F40/><W28/><G34/><T13/><D100/><U0/><E134/><N who="2" m="51819" /><F121/><W80/><G128/><T8/><D135/><U25/><E74/><V6/><F6/><W120/><G120/><T109/><D130/><U36/><E131/><V9/><AGARI ba="0,0" hai="9,14,18,19,21,26,50,54,59,81,83" m="51819" machi="9" ten="30,1100,0" yaku="20,1" doraHai="122" who="2" fromWho="2" sc="151,-3,168,-3,508,11,173,-5" owari="148,-35.2,165,-23.5,519,61.9,168,-3.2" /></mjloggm>