<mjloggm ver="2.3"><GO type="225" lobby="0"/><UN n0="%E3%83%A9%E3%82%A4%E3%83%B3%E3%81%AE%E8%99%8E" n1="%E3%81%AF%E3%82%88%E3%81%8A%E3%81%98%E3%81%95%E3%82%93" n2="%4C%4F%4C%49%54%41" n3="%E6%A1%9C%E8%8A%B1%E9%96%83%E3%80%85" dan="16,17,16,16" rate="2093.35,2143.77,2202.70,2098.33" sx="M,M,F,M"/><TAIKYOKU oya="0"/><INIT seed="0,0,0,2,1,72" ten="250,250,250,250" oya="0" hai0="135,69,40,13,88,11,42,127,60,76,84,100,97" hai1="128,134,113,26,7,110,123,78,35,75,112,79,63" hai2="98,44,130,10,115,2,80,74,16,21,37,51,53" hai3="101,1,102,58,45,99,48,119,20,111,129,105,133"/><T18/><D127/><U107/><E123/><V118/><F115/><N who="1" m="44105" /><E75/><V62/><F130/><W124/><G119/><T114/><D114/><U49/><E107/><V89/><F118/><W103/><G129/><T92/><D135/><U96/><E128/><V24/><F37/><W46/><G124/><T47/><D76/><N who="1" m="29227" /><E134/><V55/><F74/><W121/><G111/><T109/><D109/><U57/><E110/><V91/><F80/><W3/><G20/><T30/><D30/><N who="1" m="19927" /><E7/><V66/><F66/><W19/><G105/><T34/><D34/><U61/><E96/><V25/><F98/><W54/><G99/><T131/><D131/><U15/><E15/><V73/><F73/><W31/><G121/><T120/><D120/><U41/><E41/><V132/><F132/><W17/><G133/><T82/><REACH who="0" step="1"/><D47/><REACH who="0" ten="240,250,250,250" step="2"/><U6/><E6/><V67/><F44/><W14/><G46/><T77/><D77/><U39/><E39/><V87/><F2/><W59/><G45/><T64/><AGARI ba="0,1" hai="11,13,18,40,42,60,64,69,82,84,88,92,97,100" machi="64" ten="30,12000,1" yaku="1,1,0,1,54,1,53,2" doraHai="72" doraHaiUra="36" who="0" fromWho="0" sc="240,130,250,-40,250,-40,250,-40" /><INIT seed="0,1,0,5,5,76" ten="370,210,210,210" oya="0" hai0="43,32,40,57,123,49,80,23,17,67,87,62,126" hai1="63,52,93,65,22,110,131,5,122,86,72,69,18" hai2="48,64,99,105,112,25,58,2,54,127,55,115,38" hai3="27,73,0,31,109,129,51,71,14,118,13,20,114"/><T107/><D32/><U125/><E122/><V92/><F105/><W41/><G114/><T8/><D107/><U106/><E72/><V108/><F38/><W35/><G118/><T42/><D126/><U26/><E106/><V121/><F121/><W89/><G109/><T1/><D123/><U119/><E119/><V3/><F108/><W46/><G129/><T77/><D1/><U50/><E110/><V21/><F127/><W12/><G71/><T59/><D8/><U44/><E125/><V104/><F104/><W133/><G133/><T83/><D83/><U70/><E131/><V68/><F2/><W37/><G73/><T60/><D49/><U132/><E132/><V82/><F3/><W88/><G0/><T100/><D100/><U116/><E116/><V111/><F111/><W75/><G75/><T91/><D77/><U96/><E86/><V6/><F6/><W19/><REACH who="3" step="1"/><G37/><REACH who="3" ten="370,210,210,200" step="2"/><T53/><D42/><U103/><E5/><V81/><F112/><W79/><G79/><T101/><D101/><U29/><REACH who="1" step="1"/><E70/><REACH who="1" ten="370,200,210,200" step="2"/><V24/><F115/><W33/><G33/><T61/><D43/><U120/><E120/><V98/><F68/><W30/><G30/><AGARI ba="1,2" hai="18,22,26,29,30,44,50,52,63,65,69,93,96,103" machi="30" ten="40,5200,0" yaku="1,1,54,1,53,1" doraHai="76" doraHaiUra="56" who="1" fromWho="3" sc="370,0,200,75,210,0,200,-55" /><INIT seed="1,0,0,0,1,78" ten="370,275,210,145" oya="1" hai0="57,7,115,4,122,131,27,104,93,21,42,61,31" hai1="123,23,40,114,124,79,71,16,34,75,76,58,117" hai2="77,63,74,116,20,26,43,18,38,3,30,99,90" hai3="111,49,52,67,80,60,0,112,83,121,134,54,81"/><U109/><E117/><V5/><F116/><W97/><G121/><T98/><D115/><U135/><E114/><V33/><F63/><W2/><G112/><T70/><D70/><U69/><E123/><V47/><F90/><W6/><G111/><T130/><D42/><U133/><E34/><V128/><F99/><W8/><G134/><N who="1" m="51210" /><E124/><V35/><F128/><N who="0" m="49194" /><D104/><U1/><E1/><V110/><F110/><W113/><G113/><T12/><D12/><N who="1" m="9607" /><E109/><V68/><F68/><N who="1" m="26185" /><E75/><V11/><REACH who="2" step="1"/><F30/><REACH who="2" ten="370,275,200,145" step="2"/><W29/><G29/><T89/><D122/><U105/><E105/><V39/><F39/><W19/><G60/><T13/><D13/><U14/><E14/><V28/><F28/><W125/><G0/><T65/><AGARI ba="0,1" hai="4,7,21,27,31,57,61,65,89,93,98" m="49194" machi="65" ten="30,1100,0" yaku="19,1" doraHai="78" who="0" fromWho="0" sc="370,21,275,-5,200,-3,145,-3" /><INIT seed="2,0,0,1,5,4" ten="391,270,197,142" oya="2" hai0="30,47,78,82,63,24,16,17,11,26,5,73,37" hai1="46,76,1,102,44,67,123,93,13,125,81,126,106" hai2="86,74,68,91,134,8,41,38,96,107,88,90,39" hai3="92,12,23,104,62,114,98,69,50,97,9,27,0"/><V100/><F68/><W84/><G0/><N who="0" m="423" /><D63/><U135/><E106/><V33/><F33/><W55/><G114/><T35/><D26/><U70/><E1/><V111/><F74/><W115/><G115/><T58/><D58/><U3/><E3/><V128/><F128/><W56/><G104/><T64/><D64/><U61/><E135/><V95/><F134/><W52/><G69/><T132/><D132/><U120/><E13/><V36/><F111/><W83/><G92/><T118/><D118/><U31/><E31/><V79/><F79/><N who="3" m="46207" /><G23/><T122/><D122/><N who="1" m="46635" /><E102/><V89/><REACH who="2" step="1"/><F8/><REACH who="2" ten="391,270,187,142" step="2"/><W116/><G116/><T21/><D35/><U66/><E70/><V54/><F54/><W121/><G121/><T87/><D87/><U72/><E66/><V101/><F101/><W109/><G109/><T112/><D112/><U40/><E67/><V80/><F80/><W71/><G71/><T2/><D2/><U18/><E81/><V113/><F113/><W20/><G55/><T34/><D34/><U49/><E72/><V129/><F129/><W51/><G20/><T42/><AGARI ba="0,1" hai="16,17,21,24,30,37,42,47,73,78,82" m="423" machi="42" ten="30,4000,0" yaku="25,1,52,1,54,1" doraHai="4" who="0" fromWho="0" sc="391,50,270,-10,187,-20,142,-10" /><INIT seed="3,0,0,0,2,73" ten="441,260,167,132" oya="3" hai0="87,94,11,28,105,71,81,3,1,2,51,56,107" hai1="49,32,127,103,124,7,67,86,46,17,23,58,55" hai2="69,57,41,85,15,52,95,118,72,92,100,39,96" hai3="35,120,135,34,30,93,102,117,54,83,37,128,75"/><W132/><G117/><T64/><D71/><U47/><E32/><N who="3" m="12330" /><G30/><T60/><D28/><U99/><E7/><V121/><F118/><W131/><G37/><T134/><D94/><N who="1" m="58871" /><E67/><V68/><F72/><W110/><G120/><T5/><D51/><U122/><E122/><V65/><F121/><W130/><G54/><T50/><D50/><U33/><E33/><V133/><F133/><N who="3" m="51275" /><G110/><T88/><REACH who="0" step="1"/><D134/><REACH who="0" ten="431,260,167,132" step="2"/><U126/><E86/><V80/><F68/><W112/><G112/><T90/><D90/><U119/><E119/><V14/><F69/><W79/><G93/><T61/><D61/><U123/><E123/><V9/><F92/><W74/><G102/><T6/><D6/><U129/><E129/><N who="3" m="33026" /><W76/><DORA hai="36" /><G83/><T22/><D22/><U70/><E70/><V24/><F80/><W108/><G108/><T31/><D31/><U106/><E106/><AGARI ba="0,1" hai="1,2,3,5,11,56,60,64,81,87,88,105,106,107" machi="106" ten="40,2600,0" yaku="1,1,54,1,53,0" doraHai="73,36" doraHaiUra="109,38" who="0" fromWho="1" sc="431,36,260,-26,167,0,132,0" owari="467,56.7,234,3.4,167,-23.3,132,-36.8" /></mjloggm>