<mjloggm ver="2.3"><GO type="225" lobby="0"/><UN n0="%E3%81%99%E3%81%84%E3%81%BE%E3%81%9B%E3%83%BC%E3%82%93" n1="%E3%81%94%E3%83%BC%E3%81%A9%E3%82%93" n2="%E3%81%AF%E3%82%88%E3%81%8A%E3%81%98%E3%81%95%E3%82%93" n3="%E3%81%95%E3%81%8D%E3%81%9F%E3%81%BE%E6%9E%97%E6%AA%8E" dan="18,16,17,16" rate="2226.07,2067.32,2160.94,2139.89" sx="M,M,M,M"/><TAIKYOKU oya="0"/><BYE who="2" /><INIT seed="0,0,0,1,3,50" ten="250,250,250,250" oya="0" hai0="78,71,22,39,66,86,19,37,17,82,109,131,103" hai1="107,124,133,117,0,27,72,43,9,5,48,52,25" hai2="14,28,98,79,123,60,21,12,4,70,62,132,63" hai3="115,32,116,64,69,97,75,16,74,83,59,91,49"/><T46/><D131/><U35/><E117/><UN n2="%E3%81%AF%E3%82%88%E3%81%8A%E3%81%98%E3%81%95%E3%82%93" /><V31/><F123/><W45/><G115/><T89/><D109/><U114/><E114/><V104/><F70/><W47/><G116/><T110/><D110/><U26/><E133/><V23/><F132/><W10/><G69/><T134/><D134/><U100/><E72/><V54/><F79/><W81/><G32/><T80/><D103/><U111/><E111/><V36/><F36/><W34/><G34/><T112/><D112/><U125/><E43/><V68/><F68/><W61/><G75/><T76/><D46/><U99/><REACH who="1" step="1"/><E35/><REACH who="1" ten="250,240,250,250" step="2"/><V73/><F73/><W135/><G74/><T55/><D39/><U102/><E102/><V42/><F42/><W57/><G135/><T87/><D37/><U129/><E129/><V38/><F38/><W77/><G77/><T90/><D78/><U94/><E94/><V65/><F104/><W67/><G81/><T53/><D76/><U1/><E1/><V108/><F108/><W44/><G83/><T106/><D106/><U33/><E33/><V40/><F40/><W30/><G91/><T56/><D71/><U85/><E85/><V96/><F96/><W18/><G97/><T11/><D87/><U105/><E105/><V126/><F98/><W127/><G127/><T92/><D86/><U58/><AGARI ba="0,1" hai="0,5,9,25,26,27,48,52,58,99,100,107,124,125" machi="58" ten="30,7900,0" yaku="1,1,0,1,52,1,54,1,53,0" doraHai="50" doraHaiUra="8" who="1" fromWho="1" sc="250,-39,240,89,250,-20,250,-20" /><INIT seed="1,0,0,2,3,57" ten="211,329,230,230" oya="1" hai0="132,18,40,119,123,104,15,52,24,25,19,4,86" hai1="96,125,31,50,42,74,130,28,113,126,107,59,88" hai2="60,33,5,84,131,0,127,114,53,134,117,6,81" hai3="110,29,36,87,62,133,12,44,55,101,115,23,75"/><U16/><E113/><V32/><F117/><W22/><G115/><T73/><D73/><U1/><E1/><V90/><F114/><W118/><G75/><T129/><D119/><U105/><E74/><V13/><F0/><W98/><G118/><T69/><D104/><U17/><E130/><V63/><F131/><W72/><G72/><T106/><D106/><U39/><E39/><V66/><F127/><N who="1" m="48649" /><E107/><V46/><F134/><W43/><G133/><T47/><D132/><U70/><E70/><V79/><F33/><W102/><G102/><T21/><D69/><U122/><E122/><V49/><F32/><W45/><G45/><T54/><D123/><U124/><N who="1" m="48657" /><U7/><DORA hai="121" /><E7/><N who="2" m="2571" /><F66/><W37/><G37/><T34/><D4/><U20/><E105/><V38/><F38/><W26/><G87/><T120/><D120/><U9/><E9/><V56/><F79/><W27/><G12/><T3/><D3/><U116/><E116/><V82/><F82/><W48/><G36/><T71/><D71/><U95/><E17/><V100/><F100/><W89/><G101/><T78/><D129/><U83/><E83/><V51/><F81/><W58/><G98/><T97/><D97/><U92/><E92/><N who="2" m="54343" /><F13/><W109/><REACH who="3" step="1"/><G89/><REACH who="3" ten="211,329,230,220" step="2"/><T2/><D2/><U67/><E96/><V30/><F30/><AGARI ba="0,1" hai="22,23,26,27,29,30,43,44,48,55,58,62,109,110" machi="30" ten="40,12000,2" yaku="1,1,2,1,9,1,52,3,53,0" doraHai="57,121" doraHaiUra="108,8" who="3" fromWho="2" sc="211,0,329,0,230,-120,220,130" /><INIT seed="2,0,0,4,2,40" ten="211,329,110,350" oya="2" hai0="106,105,53,39,108,72,21,81,86,67,11,80,83" hai1="118,69,19,9,101,133,36,77,24,25,57,98,121" hai2="44,124,122,71,49,0,6,114,68,15,47,64,27" hai3="2,62,112,8,48,23,59,100,90,10,42,51,32"/><V89/><F114/><W99/><G32/><T31/><D108/><U60/><E118/><V61/><F122/><W87/><G112/><T52/><D72/><U45/><E133/><V3/><F124/><W73/><G73/><T16/><D39/><U33/><E69/><V7/><F68/><W20/><G2/><T30/><D67/><U115/><E121/><V28/><F89/><W103/><G99/><T113/><D113/><U26/><E77/><V38/><F38/><W96/><G96/><T94/><D11/><U18/><E33/><V63/><F61/><W110/><G110/><T129/><D129/><U79/><E79/><V111/><F111/><W54/><G10/><T128/><D128/><U46/><E36/><V82/><F82/><N who="0" m="31850" /><D106/><U13/><E19/><V35/><F15/><W55/><G42/><T75/><D105/><U70/><E70/><V117/><F117/><W76/><G76/><N who="0" m="46439" /><D94/><N who="1" m="58583" /><E115/><V104/><F104/><W97/><G97/><T135/><D135/><U91/><E91/><V95/><F95/><W56/><G8/><T116/><D116/><U50/><E50/><V34/><F34/><W102/><G51/><T126/><D126/><U130/><E130/><V120/><F120/><W17/><G17/><T58/><D75/><U93/><E93/><AGARI ba="0,0" hai="20,23,48,54,55,56,59,62,87,90,93,100,102,103" machi="93" ten="40,1300,0" yaku="8,1" doraHai="40" who="3" fromWho="1" sc="211,0,329,-13,110,0,350,13" /><INIT seed="3,0,0,5,4,92" ten="211,316,110,363" oya="3" hai0="86,5,116,46,4,78,95,9,21,85,54,6,23" hai1="13,37,84,70,20,118,42,68,126,83,117,89,25" hai2="135,134,59,52,127,112,65,69,50,33,10,32,40" hai3="24,129,105,99,100,35,44,115,60,11,79,133,62"/><W17/><G115/><T63/><D116/><N who="1" m="44651" /><E126/><V8/><F112/><W38/><G79/><T22/><D9/><U45/><E13/><V131/><F127/><W49/><G38/><T122/><D122/><U14/><E14/><V19/><F131/><W130/><G133/><T58/><D78/><U88/><E89/><V124/><F124/><W90/><G90/><T3/><D3/><U56/><E56/><V123/><F123/><W110/><G11/><T82/><D82/><U2/><E2/><V29/><F40/><W102/><G102/><T36/><D95/><U97/><E97/><V113/><F113/><W114/><G114/><T94/><D94/><U107/><E107/><V132/><F19/><AGARI ba="0,0" hai="19,20,25,37,42,45,68,70,83,84,88" m="44651" machi="19" ten="30,2000,0" yaku="12,1,54,1" doraHai="92" who="1" fromWho="2" sc="211,0,316,20,110,-20,363,0" owari="211,-18.9,336,13.6,90,-41.0,363,46.3" /></mjloggm>