<mjloggm ver="2.3"><GO type="225" lobby="0"/><UN n0="%4B%2E%32%2E%4B%2E" n1="%E3%81%AF%E3%82%88%E3%81%8A%E3%81%98%E3%81%95%E3%82%93" n2="%E5%91%A8%E6%9D%B1" n3="%E3%81%82%E3%81%84%E3%81%82%E3%81%8A%E3%81%84" dan="17,16,16,18" rate="2196.44,2200.05,2170.83,2192.28" sx="M,M,M,M"/><TAIKYOKU oya="0"/><INIT seed="0,0,0,0,5,41" ten="250,250,250,250" oya="0" hai0="122,80,65,56,35,82,132,4,77,112,110,48,99" hai1="127,55,106,98,100,37,19,89,32,69,76,90,101" hai2="121,25,20,17,79,97,54,115,105,102,117,93,128" hai3="16,113,34,123,26,7,8,78,6,114,57,9,30"/><T33/><D112/><U15/><E32/><V61/><F128/><W107/><G107/><T68/><D122/><U92/><E69/><V42/><F117/><W50/><G78/><T88/><D132/><U126/><E37/><V91/><F121/><W81/><G81/><T72/><D68/><U85/><E55/><V111/><F111/><W13/><G123/><T1/><D110/><U116/><E116/><V53/><F115/><N who="3" m="44043" /><G57/><T129/><D129/><U46/><E46/><V60/><F79/><W58/><G50/><T95/><D82/><N who="1" m="47303" /><E19/><V63/><REACH who="2" step="1"/><F42/><REACH who="2" ten="250,250,240,250" step="2"/><W38/><G38/><T51/><D35/><U131/><E131/><V103/><F103/><W67/><G67/><T134/><D33/><U119/><E119/><V2/><F2/><N who="3" m="87" /><G58/><T109/><D109/><U71/><E71/><V133/><F133/><W130/><G130/><T23/><D134/><U28/><E101/><V27/><F27/><W73/><G73/><T104/><D56/><U0/><E100/><V94/><F94/><W31/><G31/><T45/><D65/><U87/><E28/><V59/><F59/><W22/><G34/><T118/><D104/><U83/><E0/><V14/><F14/><W3/><G30/><T39/><D118/><U84/><E15/><AGARI ba="0,1" hai="3,7,9,13,15,16,22,26" m="87,44043" machi="15" ten="30,3900,0" yaku="34,2,54,1" doraHai="41" who="3" fromWho="1" sc="250,0,250,-39,240,0,250,49" /><INIT seed="1,0,0,2,5,78" ten="250,211,240,299" oya="1" hai0="42,2,61,62,7,66,40,47,102,112,6,60,52" hai1="84,55,85,72,16,46,17,30,70,130,28,35,14" hai2="50,81,48,107,132,4,109,90,89,108,95,9,19" hai3="64,0,36,8,33,115,123,93,5,106,21,105,34"/><U37/><E72/><V58/><F107/><W53/><G123/><T63/><D112/><U110/><E70/><V45/><F132/><W44/><G115/><T75/><D75/><U71/><E71/><V111/><F19/><W82/><G64/><T99/><D2/><U131/><E110/><V96/><F58/><W118/><G93/><N who="0" m="58735" /><D66/><U26/><E30/><V11/><F50/><W87/><G21/><T73/><D73/><U116/><E116/><V74/><F4/><N who="0" m="1578" /><D47/><U31/><E28/><V41/><REACH who="2" step="1"/><F90/><REACH who="2" ten="250,211,230,299" step="2"/><N who="3" m="51575" /><G106/><T79/><D79/><AGARI ba="0,1" hai="9,11,41,45,48,74,79,81,89,95,96,108,109,111" machi="79" ten="40,5200,0" yaku="1,1,14,1,52,1,53,0" doraHai="78" doraHaiUra="56" who="2" fromWho="0" sc="250,-52,211,0,230,62,299,0" /><INIT seed="2,0,0,1,0,6" ten="198,211,292,299" oya="2" hai0="101,94,42,65,135,85,61,129,7,13,44,127,45" hai1="96,25,128,103,64,112,91,95,0,79,58,52,70" hai2="3,36,71,88,22,87,15,60,4,89,83,21,51" hai3="120,43,24,50,10,74,82,35,97,73,49,66,131"/><V86/><F36/><W53/><G120/><T105/><D105/><U56/><E112/><V11/><F3/><W37/><G37/><T16/><D129/><U115/><E0/><V19/><F4/><W107/><G66/><T18/><D135/><U12/><E115/><V23/><F71/><W108/><G82/><T5/><D127/><U62/><E128/><V76/><F60/><W27/><G53/><T99/><D18/><U114/><E114/><V102/><F102/><W93/><G93/><T77/><D7/><U2/><E2/><V28/><F28/><W121/><G97/><T130/><D5/><U81/><E25/><V57/><F87/><W106/><G121/><T110/><D110/><U29/><E29/><V78/><F78/><W33/><G43/><T133/><D133/><U80/><E70/><V132/><F132/><W90/><G90/><T55/><D55/><AGARI ba="0,0" hai="11,15,19,21,22,23,51,55,57,76,83,86,88,89" machi="55" ten="40,7700,0" yaku="8,1,52,1,54,1" doraHai="6" who="2" fromWho="0" sc="198,-77,211,0,292,77,299,0" /><INIT seed="2,1,0,5,1,91" ten="121,211,369,299" oya="2" hai0="67,123,0,17,15,119,40,70,21,20,102,94,56" hai1="52,64,126,90,45,46,51,100,47,38,132,133,54" hai2="29,26,135,41,97,76,60,120,14,92,18,66,99" hai3="25,23,124,7,112,118,5,11,81,69,105,8,78"/><V2/><F120/><W22/><G69/><T115/><D115/><U24/><E100/><V127/><F127/><W74/><G105/><T77/><D70/><U108/><E24/><V87/><F2/><W83/><G118/><T131/><D131/><U61/><E90/><V85/><F135/><N who="1" m="51785" /><E126/><V121/><F41/><W6/><G124/><T71/><D0/><U134/><N who="1" m="51793" /><U3/><DORA hai="103" /><E3/><V44/><F99/><W32/><G112/><T55/><D123/><U59/><E108/><V86/><F44/><N who="1" m="17001" /><E38/><V27/><F29/><W117/><G117/><T19/><D119/><U89/><E89/><V58/><F76/><W73/><G32/><T101/><D77/><U12/><E12/><V37/><F37/><W36/><G36/><T65/><D102/><U84/><E84/><V109/><F109/><W125/><G125/><T98/><D71/><U31/><E31/><V122/><F121/><W35/><G35/><T72/><D40/><AGARI ba="1,0" hai="40,47,51,52,54,59,61,64" m="17001,51793" machi="40" ten="40,8000,1" yaku="20,1,34,2,54,1" doraHai="91,103" who="1" fromWho="0" sc="121,-83,211,83,369,0,299,0" /><INIT seed="3,0,0,5,5,59" ten="38,294,369,299" oya="3" hai0="107,6,2,27,67,1,104,91,88,19,20,8,51" hai1="101,105,117,52,15,134,46,121,82,94,99,111,77" hai2="83,92,31,48,80,37,21,102,75,63,116,85,50" hai3="87,29,86,35,109,70,4,72,81,44,74,114,129"/><W32/><G114/><T34/><D34/><U42/><E121/><V55/><F37/><W84/><G70/><T5/><D51/><U12/><E111/><V10/><F10/><W33/><G129/><T124/><D67/><U7/><E134/><V122/><F116/><W57/><G29/><T40/><D40/><U100/><E117/><V68/><F75/><W61/><G109/><T0/><D8/><U69/><E69/><V135/><F135/><W127/><G127/><T93/><D93/><U132/><E132/><V131/><F68/><W24/><G4/><T118/><D118/><U128/><E128/><V54/><F83/><W26/><G44/><T89/><D27/><U25/><E25/><V90/><F55/><W53/><REACH who="3" step="1"/><G74/><REACH who="3" ten="38,294,369,289" step="2"/><T125/><D19/><U22/><E7/><V64/><F31/><W123/><G123/><T38/><D38/><U49/><E42/><V28/><F28/><W73/><G73/><T96/><D20/><U120/><E120/><V43/><F21/><W112/><G112/><T130/><D130/><U17/><E22/><V16/><F43/><W62/><G62/><T78/><D78/><AGARI ba="0,1" hai="24,26,32,33,35,53,57,61,72,78,81,84,86,87" machi="78" ten="50,4800,0" yaku="1,1,52,1,53,0" doraHai="59" doraHaiUra="126" who="3" fromWho="0" sc="38,-48,294,0,369,0,289,58" owari="-10,-51.0,294,-10.6,369,46.9,347,14.7" /></mjloggm>