<mjloggm ver="2.3"><GO type="225" lobby="0"/><UN n0="%E3%83%96%E3%83%83%E3%83%91%E3%82%AA%E3%83%96%E3%83%81%E3%82%AD%E3%83%B3" n1="%E3%81%8B%E3%82%8F%E3%81%A1%E3%82%83%E3%82%93%35%38" n2="%E9%A6%AC%E5%BC%95%E7%81%AB%33" n3="%72%65%6E%6B%75%6E" dan="16,16,16,17" rate="2140.72,2120.53,2133.23,2215.49" sx="M,M,M,M"/><TAIKYOKU oya="0"/><INIT seed="0,0,0,5,4,26" ten="250,250,250,250" oya="0" hai0="83,118,51,31,27,74,6,55,117,60,18,33,58" hai1="47,99,43,98,130,132,122,14,88,78,119,70,67" hai2="101,131,116,68,97,29,41,19,126,20,123,10,94" hai3="5,2,107,80,62,75,90,135,45,120,125,16,57"/><T69/><D6/><U36/><E119/><V37/><F123/><W106/><G120/><T17/><D17/><U112/><E122/><V105/><F68/><W71/><G71/><T25/><D18/><U76/><E130/><V87/><F131/><W48/><G135/><T34/><D74/><U82/><E132/><V103/><F116/><W127/><G5/><T79/><D69/><U28/><E112/><V96/><F126/><N who="3" m="48139" /><G2/><T23/><D60/><U128/><E128/><V95/><F37/><W89/><G75/><T35/><REACH who="0" step="1"/><D27/><REACH who="0" ten="240,250,250,250" step="2"/><U81/><E70/><V73/><F73/><W63/><G16/><T22/><D22/><U30/><E14/><V39/><F10/><W102/><G62/><T7/><D7/><U3/><E3/><V110/><F19/><W54/><G102/><T64/><D64/><U46/><E67/><V32/><F103/><W77/><G107/><T40/><D40/><U53/><E43/><V66/><F41/><N who="3" m="24623" /><G106/><T84/><AGARI ba="0,1" hai="23,25,31,33,34,35,51,55,58,79,83,84,117,118" machi="84" ten="30,6000,0" yaku="1,1,0,1,52,1,53,0" doraHai="26" doraHaiUra="91" who="0" fromWho="0" sc="240,70,250,-20,250,-20,250,-20" /><INIT seed="0,1,0,3,3,101" ten="310,230,230,230" oya="0" hai0="126,21,43,3,11,38,122,92,12,98,22,58,102" hai1="117,20,121,115,40,94,76,67,8,81,42,89,80" hai2="83,108,107,113,119,86,134,65,9,53,100,110,33" hai3="91,68,104,4,77,109,97,78,72,105,7,52,93"/><T18/><D122/><U31/><E121/><V10/><F113/><W16/><G68/><T60/><D126/><U25/><E117/><V114/><F114/><W59/><G109/><N who="2" m="42089" /><F33/><W69/><G69/><T123/><D123/><U5/><E115/><V34/><F34/><W55/><G72/><T49/><D38/><U2/><E67/><V70/><F134/><W37/><G37/><T111/><D111/><U112/><E112/><V125/><F125/><W85/><G78/><T17/><D3/><U26/><E26/><V135/><F135/><W99/><G99/><T79/><D79/><U87/><REACH who="1" step="1"/><E81/><REACH who="1" ten="310,220,230,230" step="2"/><V127/><F127/><W30/><G30/><T116/><D116/><U71/><E71/><V44/><F119/><W56/><G77/><T66/><REACH who="0" step="1"/><D18/><REACH who="0" ten="300,220,230,230" step="2"/><U132/><E132/><V95/><F70/><W27/><G16/><T61/><D61/><U48/><E48/><V75/><F75/><AGARI ba="1,2" hai="2,5,8,20,25,31,40,42,75,76,80,87,89,94" machi="75" ten="30,3900,0" yaku="1,1,7,1,53,1" doraHai="101" doraHaiUra="23" who="1" fromWho="2" sc="300,0,220,62,230,-42,230,0" /><INIT seed="1,0,0,5,0,15" ten="300,282,188,230" oya="1" hai0="81,130,125,6,43,91,90,123,54,96,5,55,82" hai1="135,34,64,70,29,83,124,26,105,93,128,4,66" hai2="32,23,89,77,56,65,36,101,92,0,115,7,37" hai3="44,30,104,27,87,71,19,11,58,80,68,2,72"/><U95/><E105/><V75/><F32/><W57/><G104/><T76/><D125/><U113/><E113/><V41/><F101/><W73/><G44/><T118/><D118/><U48/><E124/><V40/><F115/><W79/><G71/><T116/><D116/><U25/><E135/><V88/><F0/><W121/><G68/><T126/><D126/><U17/><E128/><V107/><F107/><W119/><G121/><T108/><D108/><U3/><E83/><V129/><F129/><W35/><G119/><T53/><D130/><U131/><E131/><V99/><F7/><N who="0" m="2570" /><D76/><U106/><E48/><V50/><F77/><W61/><G58/><T47/><D123/><U102/><E95/><V63/><F75/><W9/><G2/><T33/><D33/><U45/><E93/><V8/><F8/><W13/><REACH who="3" step="1"/><G9/><REACH who="3" ten="300,282,188,220" step="2"/><T109/><D47/><U24/><E45/><V120/><F120/><W133/><G133/><T62/><D109/><U18/><E70/><V52/><F89/><W69/><G69/><T98/><D91/><U42/><E106/><V134/><F134/><W74/><G74/><T114/><D90/><U39/><E102/><V59/><REACH who="2" step="1"/><F23/><REACH who="2" ten="300,282,178,220" step="2"/><W14/><G14/><T85/><D114/><U97/><E3/><V12/><F12/><W103/><G103/><T132/><D132/><U21/><E21/><V28/><F28/><W49/><G49/><T122/><D122/><U51/><E51/><V38/><AGARI ba="0,2" hai="36,37,38,40,41,50,52,56,59,63,65,88,92,99" machi="38" ten="30,8000,1" yaku="1,1,0,1,54,2,53,1" doraHai="15" doraHaiUra="86" who="2" fromWho="2" sc="300,-20,282,-40,178,100,220,-20" /><INIT seed="2,0,0,4,5,14" ten="280,242,278,200" oya="2" hai0="35,44,38,37,91,67,75,128,52,3,93,94,110" hai1="121,23,54,133,58,131,104,8,47,11,7,87,16" hai2="95,12,77,99,50,86,10,73,123,125,22,100,15" hai3="72,36,82,13,42,63,124,71,56,9,106,119,116"/><V62/><F123/><W88/><G106/><T98/><D3/><U49/><E104/><V26/><F125/><W27/><G124/><T127/><D127/><U2/><E131/><V76/><F73/><W89/><G71/><T29/><D75/><U78/><E133/><V103/><F103/><W53/><G27/><T55/><D67/><U113/><E113/><V114/><F114/><W129/><G129/><T6/><D6/><U40/><E121/><V126/><F126/><W1/><G1/><T28/><D128/><U92/><E8/><V69/><F12/><W66/><G116/><T24/><D110/><U30/><E30/><V130/><F130/><W59/><G119/><T84/><D29/><U70/><E70/><V79/><F50/><W45/><G82/><T118/><D118/><U0/><E0/><V43/><F43/><W81/><G81/><T25/><D25/><U46/><E40/><V34/><F62/><W135/><G72/><T83/><D94/><U109/><E109/><V134/><F34/><W41/><G41/><T48/><REACH who="0" step="1"/><D55/><REACH who="0" ten="270,242,278,200" step="2"/><U97/><E87/><V122/><F86/><W85/><G85/><T96/><D96/><U101/><REACH who="1" step="1"/><E78/><AGARI ba="0,1" hai="24,28,35,37,38,44,48,52,78,83,84,91,93,98" machi="78" ten="30,7700,0" yaku="1,1,7,1,54,1,53,1" doraHai="14" doraHaiUra="90" who="0" fromWho="1" sc="270,87,242,-77,278,0,200,0" /><INIT seed="3,0,0,4,1,24" ten="357,165,278,200" oya="3" hai0="38,56,19,109,27,1,9,60,116,0,77,51,105" hai1="46,10,69,128,118,39,89,52,55,107,20,37,76" hai2="42,108,30,72,44,92,119,7,75,99,135,41,133" hai3="93,121,104,90,80,17,23,71,63,130,26,64,58"/><W74/><G130/><T32/><D105/><U115/><E115/><V96/><F108/><W123/><G104/><T57/><D38/><U61/><E107/><V33/><F119/><W47/><G47/><T70/><D51/><N who="1" m="28791" /><E89/><V78/><F7/><W68/><G74/><N who="2" m="28201" /><F78/><W103/><G80/><T5/><D57/><N who="1" m="35007" /><E20/><V50/><F42/><W2/><G103/><T132/><D56/><U83/><E10/><V67/><F67/><W87/><REACH who="3" step="1"/><G2/><REACH who="3" ten="357,165,278,190" step="2"/><T13/><D0/><U43/><E83/><V97/><F44/><W22/><G22/><T18/><D1/><U36/><E76/><V54/><F135/><W98/><G98/><T114/><D77/><U131/><E118/><V31/><F133/><W86/><G86/><T62/><D132/><U81/><E81/><V122/><F99/><W66/><G66/><T127/><D116/><U124/><E124/><V125/><F125/><W28/><G28/><T25/><D127/><U45/><E69/><AGARI ba="0,1" hai="17,23,26,58,63,64,68,69,71,87,90,93,121,123" machi="69" ten="40,2000,0" yaku="1,1,53,0" doraHai="24" doraHaiUra="34" who="3" fromWho="1" sc="357,0,165,-20,278,0,190,30" /><INIT seed="3,1,0,2,3,28" ten="357,145,278,220" oya="3" hai0="99,86,46,79,69,68,114,10,22,76,16,84,35" hai1="135,8,78,107,72,48,121,27,59,1,42,61,97" hai2="0,75,122,25,47,95,98,24,133,134,102,83,50" hai3="104,45,58,112,23,41,125,66,57,73,12,26,110"/><W123/><G104/><T117/><D35/><U88/><E121/><V51/><F0/><W31/><G73/><T124/><D117/><U116/><E116/><V39/><F39/><W29/><G123/><T64/><D124/><U38/><E135/><N who="2" m="51723" /><F122/><W18/><G112/><T128/><D114/><U89/><E48/><N who="2" m="18475" /><F47/><W70/><G125/><T109/><D109/><U74/><E74/><V44/><F44/><W113/><G31/><T13/><D128/><U103/><E27/><V65/><F65/><W40/><G110/><T67/><D69/><U119/><E119/><V111/><F111/><W55/><G113/><T17/><D68/><U92/><E42/><V132/><F132/><W33/><G55/><T11/><D46/><U94/><E38/><V120/><F120/><W9/><G9/><T91/><D11/><U80/><E8/><V63/><F63/><W37/><REACH who="3" step="1"/><G41/><REACH who="3" ten="357,145,278,210" step="2"/><T105/><D10/><U77/><E1/><V32/><F32/><W20/><G20/><T30/><D22/><U131/><E131/><V3/><F3/><W62/><AGARI ba="1,1" hai="12,18,23,26,29,33,37,40,45,57,58,62,66,70" machi="62" ten="30,6000,0" yaku="1,1,0,1,52,1,53,0" doraHai="28" doraHaiUra="127" who="3" fromWho="3" sc="357,-21,145,-21,278,-21,210,73" /><INIT seed="3,2,0,2,0,53" ten="336,124,257,283" oya="3" hai0="0,43,31,2,114,108,80,38,67,6,120,37,87" hai1="55,14,68,28,90,40,52,70,104,77,112,124,66" hai2="1,71,62,46,135,96,44,20,19,17,99,32,7" hai3="110,65,88,56,35,61,39,30,121,33,51,132,101"/><W16/><G39/><T133/><D120/><U25/><E124/><V13/><F135/><W109/><G121/><T93/><D133/><U129/><E129/><V82/><F32/><W116/><G116/><T105/><D105/><U41/><E104/><V79/><F1/><W103/><G132/><T102/><D108/><N who="3" m="41577" /><G51/><T107/><D107/><U5/><E77/><V84/><F7/><W63/><G88/><T81/><D114/><U15/><E5/><V18/><F71/><N who="3" m="42415" /><G16/><N who="2" m="6249" /><F62/><W111/><N who="3" m="41585" /><W113/><DORA hai="3" /><G113/><T59/><D37/><U91/><E66/><V64/><F64/><N who="3" m="39015" /><G30/><T24/><D38/><U4/><E28/><V21/><F21/><W134/><G134/><T86/><D31/><U54/><E54/><V117/><F117/><W10/><G10/><T94/><D6/><U72/><E4/><V58/><F58/><W49/><G49/><T130/><D59/><U11/><E11/><V47/><AGARI ba="2,0" hai="13,19,20,44,46,47,79,82,84,96,99" m="6249" machi="47" ten="30,2000,0" yaku="8,1,54,1" doraHai="53,3" who="2" fromWho="2" sc="336,-7,124,-7,257,26,283,-12" owari="329,42.9,117,-38.3,283,8.3,271,-12.9" /></mjloggm>