<mjloggm ver="2.3"><GO type="225" lobby="0"/><UN n0="%E7%9A%AE%E3%80%85" n1="%E3%82%8F%E3%81%8B%E3%81%B0%2A%E3%82%AC%E3%83%BC%E3%83%AB" n2="%E5%B8%86%E7%AB%8B%E5%A4%8F%E8%A1%A3" n3="%E6%A1%9C%E8%8A%B1%E9%96%83%E3%80%85" dan="16,16,17,17" rate="2152.73,2182.11,2262.58,2189.59" sx="F,M,M,M"/><TAIKYOKU oya="0"/><INIT seed="0,0,0,0,0,8" ten="250,250,250,250" oya="0" hai0="40,41,63,72,97,67,99,27,120,35,82,88,108" hai1="70,111,86,25,114,90,69,23,109,119,0,124,106" hai2="92,87,11,46,131,20,5,118,105,75,2,33,127" hai3="93,50,91,24,80,30,78,96,79,58,122,36,126"/><T95/><D120/><U37/><E119/><V77/><F105/><W12/><G36/><T101/><D108/><N who="1" m="41547" /><E124/><V15/><F33/><W74/><G126/><T62/><D62/><U43/><E106/><V4/><F127/><W48/><G122/><T51/><D51/><U100/><E100/><V94/><F118/><W9/><G79/><T14/><D72/><U134/><E0/><V18/><F131/><W42/><G58/><T26/><D14/><U34/><E34/><V68/><F68/><W121/><G42/><T1/><D1/><U64/><E64/><V49/><F5/><W112/><G112/><T115/><D115/><U98/><E98/><V53/><F75/><W56/><G56/><N who="0" m="37351" /><D35/><U13/><E134/><V135/><F135/><W47/><G47/><T110/><D110/><U107/><E107/><V57/><REACH who="2" step="1"/><F46/><REACH who="2" ten="250,250,240,250" step="2"/><W128/><G128/><T7/><D7/><U39/><E114/><V132/><F132/><W71/><G71/><T17/><D17/><N who="1" m="10671" /><E70/><V28/><F28/><W123/><G123/><T22/><D27/><U83/><E69/><V19/><F19/><W102/><G121/><T125/><D125/><U45/><E25/><V113/><F113/><W129/><G129/><T66/><D26/><U16/><E16/><V10/><F10/><W76/><G24/><T73/><D22/><U59/><E59/><V117/><F117/><W32/><G30/><T81/><D73/><U61/><E61/><V85/><F85/><N who="3" m="50599" /><G32/><T133/><D133/><U116/><E116/><V38/><F38/><AGARI ba="0,1" hai="37,38,39,43,45,83,86,90" m="10671,41547" machi="38" ten="30,2000,0" yaku="14,1,52,1" doraHai="8" who="1" fromWho="2" sc="250,0,250,30,240,-20,250,0" /><INIT seed="1,0,0,0,5,64" ten="250,280,220,250" oya="1" hai0="69,93,97,7,91,111,92,70,78,30,36,6,71" hai1="11,89,113,84,112,116,42,53,110,125,98,24,114" hai2="85,51,31,80,61,12,35,54,66,55,127,58,106" hai3="77,95,56,134,17,21,74,128,100,5,75,109,39"/><U81/><E116/><V9/><F127/><W87/><G39/><T41/><D78/><U37/><E125/><V108/><F108/><W29/><G109/><T130/><D111/><U117/><E117/><V19/><F106/><W13/><G128/><T76/><D76/><U102/><E110/><V28/><F35/><W83/><G134/><T129/><D30/><U122/><E122/><V73/><F73/><W107/><G107/><T26/><D26/><U0/><E53/><V40/><F55/><W104/><G104/><T57/><D57/><U20/><E42/><V118/><F40/><W124/><G124/><T121/><D121/><U126/><E37/><V135/><F135/><W123/><G123/><T14/><D14/><U103/><E126/><V16/><F19/><W101/><G5/><T46/><REACH who="0" step="1"/><D93/><REACH who="0" ten="240,280,220,250" step="2"/><U60/><E112/><V10/><F118/><W25/><G95/><T88/><D88/><N who="1" m="51215" /><E114/><V90/><F10/><W115/><G115/><T63/><D63/><U43/><E60/><V120/><F120/><W49/><G74/><T132/><D132/><U32/><E113/><V68/><AGARI ba="0,1" hai="9,12,16,28,31,51,54,58,61,66,68,80,85,90" machi="68" ten="20,5200,0" yaku="0,1,7,1,52,1,54,1" doraHai="64" who="2" fromWho="2" sc="240,-13,280,-26,220,62,250,-13" /><INIT seed="2,0,0,4,1,93" ten="227,254,282,237" oya="2" hai0="61,2,135,8,21,131,74,123,124,45,25,13,95" hai1="60,78,116,126,120,87,85,23,67,65,92,15,34" hai2="11,96,28,114,90,59,99,27,33,43,32,22,94" hai3="113,20,122,70,66,19,1,68,108,46,12,35,115"/><V53/><F114/><N who="3" m="43531" /><G122/><T14/><D123/><U125/><E120/><V36/><F36/><W39/><G108/><T132/><D74/><U37/><E37/><V75/><F75/><W133/><G133/><N who="0" m="51275" /><D131/><U0/><E0/><V121/><F121/><W107/><G35/><T71/><D124/><N who="1" m="47723" /><E116/><V109/><F109/><W86/><G1/><T62/><D45/><U130/><E34/><V30/><F43/><N who="3" m="22911" /><G107/><T81/><D81/><N who="1" m="47287" /><E130/><V80/><F80/><W101/><G101/><T54/><D2/><U64/><E87/><V3/><F33/><W51/><G66/><N who="0" m="41423" /><D8/><U48/><E92/><N who="2" m="56343" /><F32/><W76/><G51/><T73/><D73/><U5/><E48/><N who="2" m="31143" /><F11/><W52/><G52/><T102/><D95/><U4/><E60/><V10/><F10/><W91/><G76/><T47/><D102/><U9/><E23/><V69/><F3/><W38/><G38/><T6/><D6/><AGARI ba="0,0" hai="4,5,6,9,15,64,65,67" m="47287,47723" machi="6" ten="30,1000,0" yaku="18,1" doraHai="93" who="1" fromWho="0" sc="227,-10,254,10,282,0,237,0" /><INIT seed="3,0,0,3,4,114" ten="217,264,282,237" oya="3" hai0="51,94,115,5,4,30,69,104,37,23,49,19,27" hai1="96,18,88,70,33,116,22,40,26,124,13,34,123" hai2="118,35,2,38,100,92,109,43,14,85,9,122,89" hai3="74,42,57,131,125,130,80,112,25,29,93,86,127"/><W8/><G112/><T102/><D115/><U55/><E123/><V21/><F118/><W46/><G74/><T99/><D37/><U105/><E70/><V111/><F35/><N who="3" m="20911" /><G93/><T3/><D69/><U72/><E72/><V56/><F122/><W97/><G97/><T71/><D71/><U128/><E128/><N who="3" m="49194" /><G57/><T121/><D121/><U11/><E124/><V95/><F43/><W16/><G8/><T1/><D104/><U81/><E40/><V63/><F38/><N who="3" m="21847" /><G16/><T0/><REACH who="0" step="1"/><D19/><REACH who="0" ten="207,264,282,237" step="2"/><U20/><E105/><V17/><F17/><W65/><G65/><T54/><D54/><U48/><E55/><V117/><F117/><W52/><G52/><T31/><D31/><U44/><E116/><V24/><F63/><W45/><G45/><T12/><D12/><U103/><E44/><V79/><F14/><W87/><G87/><T39/><D39/><U73/><E13/><V64/><F85/><W134/><G134/><T110/><D110/><U90/><E18/><V32/><F111/><W78/><AGARI ba="0,1" hai="78,80,86,125,127" m="21847,49194,20911" machi="78" ten="30,1500,0" yaku="19,1" doraHai="114" who="3" fromWho="3" sc="207,-5,264,-5,282,-5,237,25" /><INIT seed="3,1,0,3,4,82" ten="202,259,277,262" oya="3" hai0="77,31,122,120,25,43,135,106,116,4,2,49,127" hai1="34,123,48,99,10,72,58,55,56,74,53,39,42" hai2="114,90,60,119,66,88,121,32,29,5,87,71,68" hai3="98,37,67,84,103,125,15,59,11,96,3,95,24"/><W93/><G3/><T79/><D116/><U132/><E123/><V1/><F119/><W19/><G125/><T14/><D106/><U128/><E34/><V6/><F114/><W83/><G37/><T89/><D127/><U118/><E118/><V107/><F121/><W101/><G24/><T104/><D104/><U130/><E132/><V26/><F71/><W110/><G110/><T75/><D135/><U0/><E99/><V102/><F1/><W100/><G100/><T108/><D108/><U61/><E39/><V64/><F64/><W129/><G129/><N who="1" m="49770" /><E42/><V57/><F57/><W22/><G22/><T70/><D70/><U36/><E36/><V16/><F16/><W51/><G51/><T47/><D2/><U65/><E65/><V73/><F90/><W9/><G9/><T44/><D44/><U109/><E109/><V115/><F73/><W21/><G11/><T97/><D75/><U28/><E28/><V69/><F69/><W62/><G84/><T134/><D134/><U124/><E124/><V45/><F45/><W117/><G117/><T91/><D122/><U81/><E81/><AGARI ba="1,0" hai="15,19,21,59,62,67,81,83,93,95,96,98,101,103" machi="81" ten="40,3900,0" yaku="9,1,8,1" doraHai="82" who="3" fromWho="1" sc="202,0,259,-42,277,0,262,42" owari="202,-29.8,217,-18.3,277,7.7,304,40.4" /></mjloggm>