<mjloggm ver="2.3"><GO type="225" lobby="0"/><UN n0="%E9%B3%B3%E6%9D%B1%E3%81%AE%E3%81%BF%E3%81%91%E3%81%AB%E3%82%83%E3%82%93" n1="%E9%A6%AC%E5%BC%95%E7%81%AB%33" n2="%E3%81%BF%E3%81%BF%E3%81%9A" n3="%E7%89%B9%E6%9D%B1%E3%81%AF%E4%B8%96%E7%95%8C%E3%82%92%E6%95%91%E3%81%86" dan="16,16,17,16" rate="2168.54,2135.44,2261.25,2173.81" sx="F,M,M,M"/><TAIKYOKU oya="0"/><INIT seed="0,0,0,3,2,111" ten="250,250,250,250" oya="0" hai0="31,6,93,5,40,54,77,59,101,103,105,82,109" hai1="130,11,104,46,90,133,83,81,120,69,48,118,25" hai2="70,17,28,15,8,51,99,7,29,124,14,9,108" hai3="89,2,100,62,106,117,132,88,78,34,91,75,122"/><T64/><D105/><U80/><E120/><V50/><F70/><W49/><G2/><T131/><D131/><U42/><E118/><V12/><F108/><W44/><G117/><T41/><D64/><U135/><E130/><V27/><F124/><W92/><G34/><T45/><D31/><N who="2" m="11850" /><F99/><W86/><G122/><T71/><D71/><U53/><E104/><V47/><F51/><W97/><G62/><T121/><D121/><U32/><E69/><V85/><F85/><W22/><G22/><T67/><D67/><U95/><E32/><V38/><F38/><W4/><G4/><N who="0" m="1643" /><D45/><U61/><E25/><V35/><F35/><W0/><G0/><T39/><D39/><U123/><E11/><N who="2" m="4223" /><F50/><W18/><G18/><T125/><D125/><U87/><REACH who="1" step="1"/><E123/><REACH who="1" ten="250,240,250,250" step="2"/><V72/><F72/><W134/><G75/><T115/><D109/><U36/><E36/><V96/><F27/><W119/><G119/><T26/><D26/><U129/><E129/><V94/><F14/><W37/><G37/><T43/><D43/><U55/><E55/><V98/><F8/><W58/><G106/><T112/><D41/><U107/><E107/><V76/><F9/><W126/><G126/><T128/><D40/><U68/><E68/><V66/><F15/><W63/><G132/><T79/><D128/><U16/><E16/><V10/><F66/><N who="3" m="39287" /><G134/><T57/><D54/><U84/><E84/><V114/><F17/><W24/><G24/><T116/><D116/><U73/><E73/><V30/><F10/><W113/><G86/><T74/><D74/><U13/><E13/><V102/><F30/><RYUUKYOKU ba="0,1" sc="250,-10,240,30,250,-10,250,-10" hai1="42,46,48,53,61,80,81,83,87,90,95,133,135" /><INIT seed="1,1,1,1,3,130" ten="240,270,240,240" oya="1" hai0="57,12,23,11,28,24,43,83,34,62,45,33,68" hai1="135,13,78,106,10,79,88,114,18,66,50,64,59" hai2="26,111,117,92,107,96,44,63,3,1,90,74,5" hai3="94,82,54,73,77,0,41,120,36,134,35,76,84"/><U58/><E114/><V95/><F117/><W7/><G120/><T15/><D68/><U72/><E106/><V39/><F74/><W27/><G54/><T31/><D83/><U81/><E79/><V105/><F111/><W32/><G77/><T71/><D71/><U113/><E113/><V38/><F63/><W101/><G27/><T22/><D33/><U124/><E124/><V109/><F109/><W60/><G60/><T4/><D15/><U8/><E8/><V65/><F65/><W123/><G123/><T119/><D31/><U132/><E88/><V85/><F26/><W55/><G55/><T121/><D119/><U100/><E100/><V129/><F129/><W128/><G128/><T108/><D108/><U40/><E40/><V75/><F75/><W131/><G131/><T53/><REACH who="0" step="1"/><D121/><REACH who="0" ten="230,270,240,240" step="2"/><U14/><E13/><V103/><F1/><W42/><G32/><T122/><D122/><U46/><E14/><V52/><F3/><W115/><G35/><T104/><D104/><U127/><E81/><V110/><F110/><W102/><G115/><T49/><AGARI ba="1,2" hai="4,11,12,22,23,24,28,34,43,45,49,53,57,62" machi="49" ten="20,5200,0" yaku="1,1,0,1,7,1,53,1" doraHai="130" doraHaiUra="48" who="0" fromWho="0" sc="230,75,270,-27,240,-14,240,-14" /><INIT seed="2,0,0,5,0,129" ten="305,243,226,226" oya="2" hai0="72,94,114,24,35,49,82,80,34,115,3,45,85" hai1="127,64,41,61,105,126,113,134,116,102,47,91,58" hai2="33,125,21,2,93,111,10,54,59,118,32,67,73" hai3="17,92,20,132,75,130,123,107,28,53,50,56,22"/><V88/><F118/><W100/><G123/><T29/><D3/><U6/><E113/><V39/><F73/><W77/><G107/><T36/><D36/><U101/><E116/><V103/><F39/><W63/><G130/><T40/><D35/><U1/><E91/><V120/><F120/><W108/><G108/><T109/><D109/><U66/><E66/><V19/><F67/><W97/><G75/><T55/><D72/><U16/><E6/><V11/><F103/><W74/><G74/><T83/><D40/><U30/><E30/><V122/><F122/><W117/><G117/><T37/><D37/><U98/><E1/><V12/><F111/><W43/><G77/><T84/><D94/><U71/><E102/><V119/><F125/><N who="1" m="47625" /><E71/><V128/><F128/><W124/><G124/><T95/><D95/><U57/><E57/><V78/><F78/><W31/><G132/><T104/><D104/><U99/><E99/><V8/><F2/><W112/><G112/><T15/><D15/><U135/><E16/><V46/><F119/><W60/><G22/><T76/><D82/><U42/><E42/><V52/><F46/><W4/><G4/><T18/><D18/><U81/><E81/><V25/><F54/><W13/><REACH who="3" step="1"/><G43/><REACH who="3" ten="305,243,226,216" step="2"/><T110/><D110/><U86/><E86/><N who="2" m="52375" /><F25/><W106/><G106/><T44/><D114/><U51/><AGARI ba="0,1" hai="41,47,51,58,61,64,98,101,105,134,135" m="47625" machi="51" ten="30,4000,0" yaku="18,1,52,2" doraHai="129" who="1" fromWho="1" sc="305,-10,243,50,226,-20,216,-10" /><INIT seed="3,0,0,0,5,128" ten="295,293,206,206" oya="3" hai0="59,122,7,101,66,23,39,47,36,24,71,78,48" hai1="114,53,111,124,129,107,62,127,100,61,93,102,115" hai2="94,121,92,72,54,46,43,82,51,38,106,33,9" hai3="52,81,17,135,80,34,98,40,32,41,70,1,113"/><W88/><G113/><T112/><D122/><U85/><E111/><V131/><F106/><W58/><G70/><T77/><D112/><U89/><E129/><V130/><F33/><W96/><G1/><T57/><D101/><N who="1" m="39019" /><E107/><V105/><F105/><W28/><G28/><T56/><D7/><U14/><E62/><V26/><F26/><W35/><G17/><T18/><D39/><U27/><E14/><V2/><F121/><W19/><G19/><T110/><D36/><U10/><E10/><V123/><F123/><W55/><G135/><T50/><D110/><U4/><E4/><N who="2" m="1175" /><F131/><W134/><G134/><T109/><D109/><U42/><E42/><N who="3" m="16490" /><G58/><N who="0" m="22635" /><D71/><U91/><E61/><V67/><F130/><W126/><G126/><N who="1" m="48170" /><E53/><N who="3" m="20554" /><G88/><T118/><D118/><U22/><E91/><V86/><F43/><W117/><G117/><T60/><D47/><U95/><E95/><V84/><F38/><W45/><G45/><T13/><D13/><U25/><E25/><V5/><F5/><W65/><G65/><T74/><D74/><U69/><E69/><V63/><F94/><W44/><G44/><T133/><D133/><U103/><E103/><V12/><F92/><W90/><G90/><T16/><D18/><AGARI ba="0,0" hai="18,22,27,85,89,93,114,115" m="48170,39019" machi="18" ten="30,1000,0" yaku="18,1" doraHai="128" who="1" fromWho="0" sc="295,-10,293,10,206,0,206,0" owari="285,8.5,303,40.3,206,-19.4,206,-29.4" /></mjloggm>