<mjloggm ver="2.3"><GO type="225" lobby="0"/><UN n0="%E3%80%90%E3%83%88%E3%83%AA%E3%83%A5%E3%83%95%E3%80%91" n1="%E7%89%B9%E6%9D%B1%E3%81%AF%E4%B8%96%E7%95%8C%E3%82%92%E6%95%91%E3%81%86" n2="%E6%B4%BE%E9%81%A3%E3%81%AE%E3%82%B8%E3%83%A3%E3%83%83%E3%82%AF" n3="%E3%83%A9%E3%82%A4%E3%83%B3%E3%81%AE%E8%99%8E" dan="16,16,17,16" rate="2117.79,2157.98,2195.46,2141.76" sx="M,M,M,M"/><TAIKYOKU oya="0"/><INIT seed="0,0,0,1,0,26" ten="250,250,250,250" oya="0" hai0="106,24,102,39,129,48,132,100,71,47,74,53,46" hai1="69,122,21,6,63,14,91,73,95,65,80,92,38" hai2="62,109,0,1,103,36,37,27,124,82,121,88,44" hai3="10,85,93,54,120,13,111,134,75,126,105,19,28"/><T128/><D74/><U90/><E122/><V32/><F121/><W123/><G75/><T64/><D106/><U20/><E38/><V31/><F103/><W16/><G105/><T76/><D76/><U94/><E6/><V22/><F109/><W42/><G111/><T70/><D24/><U9/><E20/><V114/><F114/><W50/><G126/><T98/><D98/><U7/><REACH who="1" step="1"/><E21/><REACH who="1" ten="250,240,250,250" step="2"/><V127/><F36/><W78/><G120/><T40/><D100/><U60/><E60/><V2/><F62/><W108/><G123/><T130/><D102/><U17/><E17/><V110/><F110/><W77/><G108/><T35/><D35/><U61/><E61/><V125/><F32/><W104/><G19/><T87/><D64/><U12/><E12/><V67/><F67/><W15/><G16/><T119/><D119/><U3/><E3/><V79/><F37/><W86/><G13/><T43/><D132/><U57/><E57/><V113/><F113/><W101/><G15/><T66/><D66/><U83/><E83/><V131/><F131/><W8/><G101/><T72/><D72/><U112/><E112/><V116/><F116/><W30/><G104/><T52/><REACH who="0" step="1"/><D87/><REACH who="0" ten="240,240,250,250" step="2"/><U5/><E5/><V135/><F135/><W49/><G86/><T25/><D25/><U41/><E41/><V59/><F27/><W107/><G107/><T89/><D89/><U11/><E11/><V56/><F88/><N who="3" m="53391" /><G134/><T23/><D23/><U81/><E81/><V29/><F22/><W84/><G84/><T45/><D45/><U51/><E51/><V55/><F44/><RYUUKYOKU ba="0,2" sc="240,15,240,15,250,-15,250,-15" hai0="39,40,43,46,47,48,52,53,70,71,128,129,130" hai1="7,9,14,63,65,69,73,80,90,91,92,94,95" /><INIT seed="0,1,2,3,4,86" ten="255,255,235,235" oya="0" hai0="123,98,21,62,79,73,96,46,33,57,103,59,28" hai1="114,25,132,70,44,131,29,58,61,55,3,115,26" hai2="42,49,83,106,64,72,92,24,68,80,67,126,22" hai3="127,35,36,102,110,130,30,60,34,101,113,48,38"/><T76/><D123/><U85/><E3/><V27/><F106/><W32/><G113/><N who="1" m="43018" /><E131/><V41/><F126/><W97/><G127/><T90/><D33/><U1/><E1/><V51/><F68/><W16/><G130/><T66/><D46/><U40/><E132/><V63/><F72/><W128/><G128/><T81/><D76/><U7/><E7/><V74/><F74/><W23/><G110/><T17/><D28/><U47/><E70/><V133/><F133/><W109/><G109/><T120/><D120/><U20/><E40/><V94/><REACH who="2" step="1"/><F22/><REACH who="2" ten="255,255,225,235" step="2"/><W50/><G23/><T105/><D59/><U84/><E25/><V121/><F121/><W10/><G34/><T45/><D45/><AGARI ba="1,3" hai="20,26,29,44,45,47,55,58,61,84,85" m="43018" machi="45" ten="30,1000,0" yaku="11,1" doraHai="86" who="1" fromWho="0" sc="255,-13,255,43,225,0,235,0" /><INIT seed="1,0,0,0,2,55" ten="242,298,225,235" oya="1" hai0="133,13,121,1,23,94,42,118,128,114,24,43,41" hai1="10,4,111,62,37,2,22,108,64,125,74,131,34" hai2="33,75,85,87,70,26,92,28,78,98,19,38,124" hai3="21,79,109,134,80,71,36,113,35,81,93,52,7"/><U68/><E34/><V90/><F38/><W47/><G35/><T60/><D118/><U67/><E131/><V50/><F124/><W30/><G113/><T132/><D1/><U49/><E37/><V119/><F119/><W72/><G109/><N who="1" m="42058" /><E125/><V11/><F70/><W102/><G134/><N who="0" m="51819" /><D114/><U127/><E127/><V83/><REACH who="2" step="1"/><F50/><REACH who="2" ten="242,298,215,235" step="2"/><W100/><G71/><T61/><D128/><U56/><E49/><V51/><F51/><W107/><G36/><T25/><D121/><U112/><E112/><V66/><F66/><W0/><G47/><T91/><D60/><U20/><E74/><V48/><F48/><W97/><G72/><T32/><D61/><AGARI ba="0,1" hai="2,4,10,20,22,56,61,62,64,67,68" m="42058" machi="61" ten="30,5800,0" yaku="14,1,10,1,52,1" doraHai="55" who="1" fromWho="0" sc="242,-58,298,68,215,0,235,0" /><INIT seed="1,1,0,4,0,104" ten="184,366,215,235" oya="1" hai0="9,72,112,0,134,93,122,96,49,48,56,101,44" hai1="132,98,123,135,28,78,111,102,95,43,71,8,106" hai2="45,39,40,116,2,12,24,54,80,129,41,66,20" hai3="27,103,26,13,50,7,46,31,94,85,51,89,119"/><U68/><E123/><V67/><F116/><W62/><G119/><T75/><D112/><U6/><E28/><V110/><F2/><W131/><G131/><T52/><D134/><N who="1" m="51243" /><E43/><V125/><F110/><W15/><G7/><T11/><D122/><U91/><E78/><V59/><F125/><W84/><G103/><T5/><D11/><U33/><E33/><V97/><F129/><W17/><G51/><T128/><D128/><U29/><E29/><V38/><F97/><W109/><G109/><T4/><D4/><U87/><E111/><V53/><F12/><AGARI ba="1,0" hai="6,8,12,68,71,87,91,95,98,102,106" m="51243" machi="12" ten="30,1500,0" yaku="20,1" doraHai="104" who="1" fromWho="2" sc="184,0,366,18,215,-18,235,0" /><INIT seed="1,2,0,2,3,3" ten="184,384,197,235" oya="1" hai0="5,24,52,75,29,51,47,70,6,45,121,134,110" hai1="66,19,85,38,112,122,43,105,11,15,125,80,78" hai2="56,44,98,118,65,55,14,86,116,68,9,39,133" hai3="32,99,33,120,93,115,34,87,104,30,129,62,71"/><U84/><E112/><V48/><F133/><W20/><G120/><T7/><D75/><U60/><E122/><V96/><F86/><W16/><G115/><T91/><D70/><U27/><E105/><V54/><F54/><W28/><G87/><T37/><D121/><U135/><E135/><V49/><F49/><W102/><G129/><T81/><D110/><U67/><E125/><V21/><F21/><W18/><G104/><T79/><D134/><U100/><E100/><V53/><F53/><W57/><G71/><T130/><D130/><U101/><E101/><V41/><F96/><W13/><REACH who="3" step="1"/><G18/><REACH who="3" ten="184,384,197,225" step="2"/><T73/><D91/><U111/><E85/><V126/><F126/><W59/><G59/><T69/><D69/><U113/><E19/><V4/><F98/><W46/><G46/><T23/><D37/><U35/><E84/><V1/><F1/><W117/><G117/><T50/><REACH who="0" step="1"/><D5/><REACH who="0" ten="174,384,197,225" step="2"/><U64/><E38/><V36/><F36/><W40/><G40/><AGARI ba="2,2" hai="6,7,23,24,29,40,45,47,50,51,52,73,79,81" machi="40" ten="30,12000,2" yaku="1,1,2,1,7,1,52,2,54,1,53,0" doraHai="3" doraHaiUra="82" who="0" fromWho="3" sc="174,146,384,0,197,0,225,-126" /><INIT seed="2,0,0,0,2,63" ten="320,384,197,99" oya="2" hai0="10,58,57,23,84,120,15,37,73,132,69,75,62" hai1="27,32,128,106,9,87,21,46,5,100,6,97,70" hai2="40,79,99,65,124,2,95,88,80,76,4,50,112" hai3="35,78,45,131,11,8,41,77,19,39,93,1,3"/><V49/><F112/><W28/><G131/><T43/><D120/><U60/><E128/><V102/><F124/><W36/><G93/><T81/><D132/><U111/><E111/><V0/><F0/><W133/><G133/><T123/><D123/><U104/><E104/><V119/><F119/><W7/><G36/><T89/><D69/><U55/><E87/><V20/><F2/><W25/><REACH who="3" step="1"/><G19/><REACH who="3" ten="320,384,197,89" step="2"/><T67/><D37/><U127/><E106/><V118/><F118/><W68/><G68/><T126/><D126/><U53/><E70/><V24/><F4/><AGARI ba="0,1" hai="1,3,4,7,8,11,25,28,35,39,41,45,77,78" machi="4" ten="40,2600,0" yaku="1,1,9,1,53,0" doraHai="63" doraHaiUra="101" who="3" fromWho="2" sc="320,0,384,0,197,-26,89,36" /><INIT seed="3,0,0,5,3,51" ten="320,384,171,125" oya="3" hai0="31,61,7,47,27,79,66,8,3,112,23,110,43" hai1="36,34,94,58,62,127,88,109,126,50,97,26,63" hai2="52,83,114,106,55,11,108,20,123,134,19,21,130" hai3="120,131,73,122,4,30,60,77,2,40,124,87,0"/><W37/><G124/><N who="1" m="47658" /><E36/><V103/><F114/><W67/><G87/><T48/><D110/><U68/><E109/><V70/><F108/><W132/><G132/><T84/><D112/><U91/><E68/><V28/><F70/><N who="3" m="42343" /><G131/><T22/><D84/><U78/><E78/><V128/><F134/><W104/><G30/><T10/><D10/><U71/><E71/><V100/><F83/><N who="3" m="45487" /><G104/><T17/><D79/><U54/><E91/><V39/><F39/><W14/><G14/><T85/><D85/><U18/><E18/><V38/><F38/><W89/><G89/><T16/><REACH who="0" step="1"/><D23/><REACH who="0" ten="310,384,171,125" step="2"/><U113/><E113/><V1/><F21/><W101/><G101/><T74/><D74/><U9/><E9/><V25/><F100/><W56/><G56/><AGARI ba="0,1" hai="3,7,8,16,17,22,27,31,43,47,48,56,61,66" machi="56" ten="30,3900,0" yaku="1,1,7,1,54,1,53,0" doraHai="51" doraHaiUra="118" who="0" fromWho="3" sc="310,49,384,0,171,0,125,-39" owari="359,15.9,384,48.4,171,-22.9,86,-41.4" /></mjloggm>