<mjloggm ver="2.3"><GO type="225" lobby="0"/><UN n0="%E3%81%AF%E3%82%88%E3%81%8A%E3%81%98%E3%81%95%E3%82%93" n1="%4C%4F%4C%49%54%41" n2="%E3%81%90%E3%81%A1%E3%82%84%E3%81%BE" n3="%6E%69%63%6F%6E%74%6F" dan="17,16,16,16" rate="2149.64,2102.59,2157.93,2148.31" sx="M,F,M,M"/><TAIKYOKU oya="0"/><INIT seed="0,0,0,4,0,90" ten="250,250,250,250" oya="0" hai0="78,17,77,30,133,73,15,111,94,125,12,109,3" hai1="34,134,60,29,118,5,26,21,55,61,92,56,103" hai2="80,91,107,96,38,115,8,102,72,105,74,84,20" hai3="49,86,50,47,113,75,64,76,99,87,68,83,1"/><T124/><D3/><U36/><E118/><V93/><F38/><W33/><G113/><T10/><D133/><U95/><E36/><V132/><F20/><W66/><G33/><T54/><D30/><U121/><E121/><V89/><F8/><W85/><G1/><T127/><D54/><U104/><E134/><V27/><F27/><W117/><G117/><T69/><D69/><U25/><E5/><V37/><F37/><W116/><G116/><T24/><D24/><U57/><E103/><N who="2" m="62695" /><F132/><W41/><G68/><T98/><D15/><U71/><E104/><V52/><F52/><W44/><REACH who="3" step="1"/><G99/><REACH who="3" ten="250,250,250,240" step="2"/><T131/><D131/><U13/><E71/><V6/><F115/><W97/><G97/><T2/><D2/><U53/><E13/><V23/><F6/><W0/><G0/><T19/><D17/><AGARI ba="0,1" hai="17,21,25,26,29,34,53,55,56,57,60,61,92,95" machi="17" ten="30,7700,0" yaku="7,1,9,1,52,2" doraHai="90" who="1" fromWho="0" sc="250,-77,250,87,250,0,240,0" /><INIT seed="1,0,0,2,1,102" ten="173,337,250,240" oya="1" hai0="30,109,52,10,105,68,115,18,42,56,129,4,107" hai1="75,124,86,44,32,112,25,36,108,130,98,61,53" hai2="54,123,43,60,14,20,79,19,24,55,11,97,72" hai3="85,13,0,40,26,122,128,134,116,83,99,50,17"/><U106/><E75/><V104/><F123/><W28/><G122/><T95/><D115/><U3/><E112/><V94/><F43/><W34/><G128/><T7/><D68/><U38/><E3/><V91/><F72/><W5/><G134/><T131/><D42/><U84/><E124/><V132/><F79/><W73/><G73/><T118/><D118/><U90/><E130/><N who="0" m="49673" /><D109/><U8/><E8/><V2/><F2/><W121/><G121/><T57/><D57/><U89/><E32/><V120/><F132/><W45/><G116/><T62/><D30/><U69/><E25/><V114/><F114/><W103/><G0/><T66/><D66/><U39/><E69/><V96/><F120/><W127/><G127/><T101/><D18/><U88/><E108/><V67/><F97/><W78/><G5/><N who="0" m="2123" /><D10/><U135/><E135/><V100/><F67/><W92/><G17/><T125/><D125/><U87/><E61/><V49/><F60/><W47/><G47/><T80/><D80/><U48/><REACH who="1" step="1"/><E36/><REACH who="1" ten="173,327,250,240" step="2"/><V110/><F110/><W117/><G117/><T133/><D133/><U51/><E51/><V70/><F70/><W46/><G13/><T76/><D76/><U41/><E41/><V15/><F49/><W1/><G1/><T33/><D33/><U74/><E74/><V37/><F37/><W23/><G34/><T63/><D62/><U27/><E27/><V82/><F15/><W58/><G40/><T93/><D101/><AGARI ba="0,1" hai="38,39,44,48,53,84,86,87,88,89,90,98,101,106" machi="101" ten="40,7700,0" yaku="1,1,52,1,54,1,53,0" doraHai="102" doraHaiUra="126" who="1" fromWho="0" sc="173,-77,327,87,250,0,240,0" /><INIT seed="1,1,0,3,2,100" ten="96,414,250,240" oya="1" hai0="34,14,80,12,4,49,117,123,98,113,71,35,88" hai1="74,42,16,60,91,93,58,132,73,99,118,44,30" hai2="134,78,19,111,20,28,79,41,43,15,130,101,65" hai3="18,76,109,125,107,3,33,108,72,37,96,89,61"/><U27/><E118/><V32/><F111/><N who="3" m="42571" /><G37/><T29/><D117/><U5/><E5/><V97/><F130/><W126/><G3/><T120/><D113/><U36/><E132/><V8/><F134/><W51/><G33/><T85/><D71/><U77/><E77/><V131/><F131/><W56/><G51/><T13/><D4/><U47/><E47/><V52/><F65/><W54/><G18/><T55/><D98/><U115/><E115/><V69/><F69/><W86/><G76/><T122/><REACH who="0" step="1"/><D29/><REACH who="0" ten="86,414,250,240" step="2"/><U7/><E7/><V59/><F97/><W17/><G96/><T64/><D64/><U63/><E30/><V87/><F28/><W39/><G126/><T31/><D31/><U90/><E99/><V67/><F67/><W103/><G125/><T92/><D92/><U83/><E93/><V75/><F101/><W38/><G103/><T114/><D114/><U81/><E83/><V95/><F95/><W128/><G128/><T124/><D124/><U84/><E81/><V2/><F87/><W40/><G86/><T112/><D112/><U119/><E84/><V46/><F75/><W22/><G72/><T53/><D53/><U57/><E119/><V129/><F52/><W116/><G54/><T25/><D25/><U1/><E74/><V105/><F129/><W48/><G116/><T106/><D106/><U127/><E127/><V66/><F105/><W70/><G107/><T9/><D9/><U21/><E73/><V11/><F11/><W6/><G6/><T135/><D135/><U94/><E94/><V24/><F8/><W102/><G102/><RYUUKYOKU ba="1,1" sc="86,30,414,-10,250,-10,240,-10" hai0="12,13,14,34,35,49,55,80,85,88,120,122,123" /><INIT seed="2,2,1,4,2,95" ten="116,404,240,230" oya="2" hai0="132,34,135,101,119,85,10,90,79,123,129,63,125" hai1="69,32,97,38,59,35,42,130,28,5,87,47,83" hai2="81,72,41,21,126,45,31,58,98,14,93,55,122" hai3="82,39,23,118,80,51,36,49,70,1,53,105,120"/><V29/><F126/><W7/><G118/><T133/><D34/><U16/><E69/><V24/><F122/><W12/><G120/><T43/><D43/><U65/><E130/><V75/><F31/><W17/><G70/><T88/><D10/><U4/><E16/><V26/><F26/><W96/><G51/><T103/><D63/><U9/><E97/><V62/><F81/><W27/><G1/><T57/><D57/><U110/><E110/><V30/><F30/><W92/><G105/><T48/><D48/><U61/><E28/><V8/><F45/><W50/><G50/><T99/><D123/><U20/><E20/><V114/><F41/><W78/><G39/><T71/><D71/><U44/><E47/><V76/><F76/><W111/><G36/><T116/><D125/><U0/><E4/><V46/><F46/><N who="3" m="27831" /><G111/><T127/><D129/><U109/><E109/><V64/><F55/><W54/><G54/><T91/><D127/><U89/><AGARI ba="2,1" hai="0,5,9,32,35,38,42,44,59,61,65,83,87,89" machi="89" ten="20,1500,0" yaku="0,1,7,1" doraHai="95" who="1" fromWho="1" sc="116,-6,404,31,240,-9,230,-6" /><INIT seed="3,0,0,3,1,124" ten="110,435,231,224" oya="3" hai0="65,117,6,116,2,83,51,114,22,50,20,103,12" hai1="66,40,97,81,82,130,3,37,87,42,63,27,121" hai2="75,74,44,122,14,70,47,39,135,77,21,26,99" hai3="118,55,41,73,57,4,109,64,129,17,11,0,7"/><W98/><G118/><T25/><D65/><U106/><E121/><V59/><F70/><W8/><G73/><T62/><D62/><U85/><E3/><V61/><F135/><W115/><G115/><T10/><D103/><U60/><E130/><V67/><F122/><W49/><G129/><T110/><D83/><U86/><E37/><V134/><F134/><W111/><G98/><T18/><D51/><U112/><E112/><V131/><F131/><W53/><G17/><T56/><D50/><U132/><E132/><V128/><F128/><W35/><G35/><T1/><D56/><N who="1" m="37127" /><E106/><V91/><F14/><W54/><G64/><T38/><D38/><U68/><E68/><V133/><F133/><W88/><G88/><T19/><D114/><U72/><E72/><V90/><F75/><W79/><G79/><T126/><D126/><U29/><E63/><V107/><F39/><W23/><G23/><T43/><D43/><N who="1" m="16427" /><E97/><V101/><F74/><W94/><G94/><T104/><D104/><U24/><E29/><V119/><F119/><W5/><G41/><T84/><D84/><N who="1" m="32363" /><E81/><V125/><F125/><W58/><G49/><T16/><D110/><N who="3" m="41993" /><G0/><T48/><D48/><U33/><E33/><V28/><F77/><AGARI ba="0,0" hai="24,27,77,82,87" m="32363,16427,37127" machi="77" ten="30,1000,0" yaku="8,1" doraHai="124" who="1" fromWho="2" sc="110,0,435,10,231,-10,224,0" owari="110,-39.0,445,54.5,221,-17.9,224,2.4" /></mjloggm>