<mjloggm ver="2.3"><GO type="225" lobby="0"/><UN n0="%E3%83%96%E3%83%83%E3%83%91%E3%82%AA%E3%83%96%E3%83%81%E3%82%AD%E3%83%B3" n1="%E3%83%A9%E3%82%A4%E3%83%B3%E3%81%AE%E8%99%8E" n2="%E3%81%86%E3%82%8D%E3%81%9F%E3%82%93%E3%81%91%E3%81%8A%E3%82%89%E3%81%B2" n3="%E7%99%BD%E6%97%A5%E9%9B%AA%E8%8F%9C" dan="16,16,16,17" rate="2122.80,2150.82,2120.79,2162.05" sx="M,M,M,M"/><TAIKYOKU oya="0"/><INIT seed="0,0,0,0,5,4" ten="250,250,250,250" oya="0" hai0="71,108,16,115,92,50,77,38,116,80,29,100,131" hai1="28,12,63,99,43,35,72,3,51,105,103,56,91" hai2="70,54,78,113,109,68,81,98,128,2,53,62,21" hai3="120,74,24,94,11,129,55,47,33,133,19,15,132"/><T88/><D115/><U26/><E3/><V114/><F109/><W104/><G104/><T107/><D116/><U8/><E72/><V111/><F111/><W126/><G74/><T127/><D108/><U13/><E13/><V27/><F128/><W75/><G75/><T123/><D123/><U97/><E97/><V49/><F2/><W20/><G129/><T130/><D38/><U112/><E112/><V119/><F119/><W69/><G69/><T96/><D71/><U64/><E91/><V89/><F70/><W6/><G120/><T52/><D127/><U45/><REACH who="1" step="1"/><E12/><REACH who="1" ten="250,240,250,250" step="2"/><V101/><F89/><W59/><G126/><T83/><D131/><U37/><E37/><V95/><F113/><W67/><G132/><T124/><D130/><U22/><E22/><V61/><F114/><W86/><G133/><T93/><D124/><U39/><E39/><V66/><F21/><W73/><G73/><T25/><D88/><U18/><E18/><V135/><F98/><W76/><G33/><T9/><D16/><U7/><E7/><V42/><F135/><W85/><G6/><T90/><D90/><U36/><E36/><V57/><F101/><W30/><G19/><T84/><D83/><U23/><E23/><V82/><F81/><W1/><G20/><T5/><D5/><U41/><E41/><V118/><F42/><W110/><G1/><T134/><D134/><U121/><E121/><V40/><F40/><W14/><G110/><T46/><REACH who="0" step="1"/><D9/><AGARI ba="0,1" hai="8,9,26,28,35,43,45,51,56,63,64,99,103,105" machi="9" ten="40,8000,1" yaku="1,1,52,2,53,1" doraHai="4" doraHaiUra="31" who="1" fromWho="0" sc="250,-80,240,90,250,0,250,0" /><INIT seed="1,0,0,2,1,54" ten="170,330,250,250" oya="1" hai0="19,109,108,40,114,87,6,22,90,129,119,126,57" hai1="127,15,102,91,92,61,18,68,71,72,130,75,78" hai2="0,47,77,70,24,125,26,122,131,2,42,74,66" hai3="31,116,118,86,38,53,120,103,36,49,73,30,39"/><U35/><E35/><V84/><F122/><W105/><G73/><T28/><D114/><U115/><E115/><V17/><F125/><W123/><G86/><T67/><D119/><N who="3" m="45609" /><G103/><T95/><D126/><U63/><E130/><V113/><F131/><W59/><G105/><T1/><D129/><U55/><E102/><V99/><F113/><W98/><G98/><T51/><D28/><AGARI ba="0,0" hai="28,30,31,36,38,39,49,53,59,120,123" m="45609" machi="28" ten="40,2600,0" yaku="12,1,52,1" doraHai="54" who="3" fromWho="0" sc="170,-26,330,0,250,0,250,26" /><INIT seed="2,0,0,1,0,79" ten="144,330,250,276" oya="2" hai0="27,66,71,113,7,105,114,14,109,127,42,117,125" hai1="95,121,108,83,82,123,65,46,11,104,15,116,28" hai2="0,102,53,8,103,61,6,19,20,93,99,58,115" hai3="60,10,75,47,118,86,70,69,13,124,122,29,50"/><V98/><F115/><N who="0" m="44042" /><D105/><U35/><E104/><V100/><REACH who="2" step="1"/><F99/><REACH who="2" ten="144,330,240,276" step="2"/><W88/><G118/><T57/><D117/><U25/><E116/><V134/><F134/><W64/><G122/><T107/><D127/><U77/><E121/><V38/><F38/><W63/><G124/><T74/><D125/><U48/><E123/><V16/><F16/><W129/><G129/><T26/><D107/><U43/><E108/><V22/><F22/><W21/><G21/><T76/><D109/><U101/><E65/><V87/><F87/><W34/><G75/><T112/><D66/><U3/><E35/><V131/><F131/><W5/><G34/><T119/><D74/><U44/><E28/><V81/><F81/><W130/><G29/><T23/><D112/><U72/><E82/><V92/><F92/><W2/><G130/><T128/><D23/><U94/><E83/><V67/><F67/><W120/><G120/><T9/><D128/><U30/><E94/><V106/><F106/><W133/><G133/><T110/><D119/><U55/><E95/><V126/><F126/><W45/><G64/><T49/><D110/><U56/><E72/><V91/><F91/><W68/><G88/><T40/><D71/><U80/><E80/><V17/><F17/><W90/><G70/><T97/><D97/><U24/><E77/><V36/><F36/><W51/><G69/><T78/><D76/><U52/><E30/><V31/><F31/><W1/><G68/><T73/><D78/><U135/><E135/><V84/><F84/><W132/><G86/><T12/><D73/><U62/><E101/><RYUUKYOKU ba="0,1" sc="144,-10,330,-10,240,30,276,-10" hai2="0,6,8,19,20,53,58,61,93,98,100,102,103" /><INIT seed="2,1,1,2,2,24" ten="134,320,270,266" oya="2" hai0="27,54,36,29,134,20,71,28,93,116,117,8,57" hai1="109,128,35,1,70,129,59,44,11,39,98,124,88" hai2="74,84,53,37,118,30,80,33,81,31,115,102,86" hai3="65,7,6,92,2,130,75,79,95,123,121,46,63"/><V61/><F115/><W68/><G130/><N who="1" m="50282" /><E70/><V52/><F118/><N who="0" m="45674" /><D36/><U73/><E109/><V133/><F37/><W108/><G108/><T12/><D134/><U94/><E124/><V66/><F74/><W16/><G46/><T5/><D71/><U21/><E35/><V127/><F102/><W83/><G6/><T113/><D93/><U87/><E73/><V119/><F133/><W26/><G7/><T69/><D69/><U34/><E34/><V56/><F127/><W106/><G106/><T126/><D126/><U120/><E120/><V122/><F122/><W99/><G2/><T110/><D110/><U114/><E59/><V135/><F33/><W90/><REACH who="3" step="1"/><G95/><REACH who="3" ten="134,320,270,256" step="2"/><T51/><D113/><U77/><E114/><V101/><F119/><W67/><G67/><T82/><D82/><U49/><E94/><V97/><F135/><W55/><G55/><N who="2" m="21065" /><F101/><W23/><AGARI ba="1,2" hai="16,23,26,63,65,68,75,79,83,90,92,99,121,123" machi="23" ten="30,7900,0" yaku="1,1,0,1,54,1,53,1" doraHai="24" doraHaiUra="62" who="3" fromWho="3" sc="134,-21,320,-21,270,-40,256,102" /><INIT seed="3,0,0,4,0,115" ten="113,299,230,358" oya="3" hai0="124,56,66,50,40,19,90,61,52,110,12,117,108" hai1="51,24,34,83,37,68,38,45,85,64,36,13,20" hai2="47,111,105,14,119,35,99,2,78,86,27,76,73" hai3="59,102,39,70,31,57,17,98,118,48,69,127,88"/><W1/><G118/><T23/><D124/><U79/><E34/><V123/><F2/><W63/><G39/><T92/><D110/><U100/><E100/><V10/><F111/><W121/><G121/><T25/><D108/><U131/><E131/><V133/><F133/><W46/><G1/><T26/><D40/><U30/><E64/><V0/><F73/><W101/><G127/><T96/><REACH who="0" step="1"/><D117/><REACH who="0" ten="103,299,230,358" step="2"/><U62/><E37/><V65/><F119/><W129/><G129/><T81/><D81/><U33/><E83/><V60/><F123/><W22/><G70/><T32/><D32/><U3/><E33/><V28/><F0/><W109/><G69/><T41/><D41/><U71/><E3/><V89/><F35/><W55/><G109/><T49/><D49/><U132/><E51/><V8/><F60/><W106/><G48/><T120/><D120/><U134/><E62/><V104/><F47/><W75/><G46/><T7/><D7/><U93/><E45/><V113/><F113/><W116/><G63/><T128/><D128/><U18/><E36/><V112/><F112/><W42/><G116/><T29/><D29/><U9/><E38/><V4/><F28/><W80/><G31/><T21/><D21/><U6/><E30/><V125/><F125/><W122/><G22/><T77/><D77/><U126/><E126/><V87/><F4/><W114/><G122/><T135/><D135/><N who="1" m="51755" /><E79/><V15/><F78/><W82/><G114/><T91/><D91/><AGARI ba="0,1" hai="6,9,13,18,20,24,68,71,85,91,93" m="51755" machi="91" ten="30,1000,0" yaku="20,1" doraHai="115" who="1" fromWho="0" sc="103,-10,299,20,230,0,358,0" owari="93,-40.7,319,11.9,230,-17.0,358,45.8" /></mjloggm>