<mjloggm ver="2.3"><GO type="225" lobby="0"/><UN n0="%E3%83%B4%E3%83%A0%EF%BC%99%E3%81%A6" n1="%E3%81%BD%E3%81%A1%E3%81%9F%E3%81%93%E3%82%84" n2="%E6%9C%88%E5%B3%B6%E5%9F%BA" n3="%E9%B3%B4%E8%8C%B6" dan="17,17,17,16" rate="2139.91,2181.62,2215.59,2084.01" sx="M,M,M,M"/><TAIKYOKU oya="0"/><INIT seed="0,0,0,0,4,104" ten="250,250,250,250" oya="0" hai0="118,21,97,31,98,39,96,124,102,29,114,81,0" hai1="88,12,135,134,5,20,33,69,77,105,25,59,51" hai2="28,123,48,78,54,17,121,22,57,40,46,106,133" hai3="2,23,56,75,127,128,3,13,76,24,111,37,115"/><T79/><D114/><U83/><E69/><V4/><F106/><W122/><G115/><T45/><D118/><U84/><E105/><V53/><F133/><N who="1" m="50697" /><E33/><V109/><F109/><W36/><G111/><T130/><D130/><U99/><E5/><V52/><F28/><W112/><G112/><T55/><D124/><U129/><E12/><V86/><F4/><W73/><G127/><T103/><D0/><U87/><E99/><V70/><F70/><W43/><G13/><T38/><D55/><N who="1" m="32255" /><E129/><V113/><F113/><W32/><G76/><T61/><D61/><U66/><E66/><V90/><F78/><W91/><G56/><T116/><D116/><U1/><E1/><N who="3" m="10" /><G91/><T92/><D92/><U7/><E7/><V93/><REACH who="2" step="1"/><F57/><REACH who="2" ten="250,250,240,250" step="2"/><W71/><G71/><T107/><D107/><U110/><E110/><V64/><F64/><W15/><G128/><T44/><D103/><U85/><E77/><V119/><F119/><W26/><G122/><T35/><D102/><U80/><E88/><V10/><F10/><W6/><G6/><T132/><D132/><U14/><E20/><V60/><F60/><W125/><G32/><T117/><D35/><U8/><E8/><V49/><F49/><W11/><G23/><T62/><D62/><U16/><E16/><V34/><F34/><W89/><G125/><T67/><D117/><U68/><E68/><V74/><F74/><N who="3" m="28171" /><G89/><T108/><D108/><U72/><E72/><V47/><F47/><N who="0" m="17994" /><D67/><U101/><E101/><V82/><F82/><W94/><G11/><T19/><D21/><U63/><E80/><V42/><F42/><RYUUKYOKU ba="0,1" sc="250,-10,250,-10,240,30,250,-10" hai2="17,22,40,46,48,52,53,54,86,90,93,121,123" /><INIT seed="1,1,1,5,1,120" ten="240,240,270,240" oya="1" hai0="65,26,132,21,60,73,37,93,90,102,4,38,1" hai1="11,13,50,53,74,80,23,16,61,68,71,89,84" hai2="125,25,100,55,48,5,69,40,83,39,119,46,32" hai3="6,104,54,135,51,129,111,63,116,17,18,67,114"/><U58/><E74/><V42/><F119/><W127/><G114/><T9/><D73/><U112/><E112/><V22/><F125/><W44/><G127/><T98/><D132/><U70/><REACH who="1" step="1"/><E11/><REACH who="1" ten="240,230,270,240" step="2"/><V97/><F69/><W86/><G116/><T105/><D105/><U31/><E31/><V126/><F126/><W34/><G135/><T123/><D123/><U99/><E99/><V88/><F97/><W96/><G96/><T49/><D102/><U77/><E77/><V36/><F100/><W109/><G104/><T124/><D124/><U64/><AGARI ba="1,2" hai="13,16,23,50,53,58,61,64,68,70,71,80,84,89" machi="64" ten="30,6000,0" yaku="1,1,0,1,54,1,53,0" doraHai="120" doraHaiUra="108" who="1" fromWho="1" sc="240,-21,230,83,270,-21,240,-21" /><INIT seed="1,2,0,5,1,133" ten="219,313,249,219" oya="1" hai0="27,105,129,42,108,43,0,65,60,26,13,4,57" hai1="64,7,132,111,120,102,125,5,110,17,121,58,54" hai2="99,86,48,63,30,134,92,122,59,116,67,118,2" hai3="117,8,119,69,40,128,100,49,21,52,104,127,66"/><U37/><E132/><V135/><F122/><N who="1" m="47209" /><E102/><V29/><F2/><W109/><G40/><N who="0" m="15403" /><D0/><U124/><E64/><V94/><F134/><W95/><G104/><T131/><D105/><U41/><E17/><V123/><F123/><W62/><G109/><N who="1" m="41482" /><E41/><V10/><F135/><W51/><G128/><N who="0" m="49227" /><D108/><U34/><E34/><V24/><F116/><N who="3" m="44619" /><G8/><AGARI ba="2,0" hai="4,8,13,26,27,57,60,65" m="49227,15403" machi="8" ten="30,1000,0" yaku="19,1" doraHai="133" who="0" fromWho="3" sc="219,16,313,0,249,0,219,-16" /><INIT seed="2,0,0,5,2,74" ten="235,313,249,203" oya="2" hai0="42,89,113,15,24,107,95,100,72,131,23,10,63" hai1="102,41,91,30,76,133,105,67,48,49,19,108,87" hai2="106,39,13,66,111,110,80,32,7,120,132,46,115" hai3="88,94,44,27,31,22,99,43,82,4,38,14,121"/><V8/><F115/><W61/><G121/><T2/><D113/><U122/><E108/><N who="2" m="41515" /><F120/><W73/><G61/><T25/><D131/><U86/><E133/><V92/><F106/><W93/><G93/><T36/><D2/><U118/><E30/><V130/><F32/><W98/><G4/><T18/><D72/><U47/><E118/><V54/><F132/><W21/><G14/><T119/><D119/><U0/><E0/><V40/><F130/><W35/><REACH who="3" step="1"/><G99/><REACH who="3" ten="235,313,249,193" step="2"/><T51/><D63/><U37/><E122/><V83/><F92/><W75/><G75/><T109/><D109/><U62/><E62/><V84/><F66/><W3/><G3/><T128/><D95/><U129/><E67/><V55/><F83/><W34/><G34/><T58/><D15/><U112/><E129/><V52/><F55/><W26/><G26/><T6/><D24/><U29/><E112/><V90/><AGARI ba="0,1" hai="7,8,13,39,40,46,52,54,80,84,90" m="41515" machi="90" ten="30,6000,0" yaku="14,1,10,1,54,1" doraHai="74" who="2" fromWho="2" sc="235,-20,313,-20,249,70,193,-20" /><INIT seed="2,1,0,4,4,99" ten="215,293,319,173" oya="2" hai0="58,63,54,81,116,41,13,77,15,101,96,72,93" hai1="12,74,75,98,21,7,129,125,86,55,1,71,2" hai2="120,113,35,20,111,94,106,67,79,46,130,68,0" hai3="123,92,69,5,62,56,25,134,34,51,37,42,43"/><V85/><F106/><W100/><G123/><T97/><D116/><U122/><E71/><V6/><F35/><W30/><G134/><T27/><D41/><U14/><E122/><V16/><F120/><W126/><G126/><T26/><D26/><U36/><E36/><V44/><F113/><W124/><G124/><T57/><D27/><U87/><E98/><V119/><F119/><W17/><G69/><T64/><REACH who="0" step="1"/><D96/><REACH who="0" ten="205,293,319,173" step="2"/><U90/><E125/><V33/><F130/><W110/><G42/><T53/><D53/><U65/><E55/><V49/><F111/><W135/><G110/><T76/><D76/><U47/><E129/><V61/><F79/><W31/><G43/><T8/><D8/><U10/><E10/><V18/><F67/><W131/><G25/><T38/><D38/><U24/><E24/><V22/><F22/><W80/><G37/><T50/><AGARI ba="1,1" hai="13,15,50,54,57,58,63,64,72,77,81,93,97,101" machi="50" ten="20,12000,2" yaku="1,1,0,1,7,1,52,1,53,2" doraHai="99" doraHaiUra="9" who="0" fromWho="0" sc="205,133,293,-31,319,-61,173,-31" /><INIT seed="3,0,0,1,1,12" ten="338,262,258,142" oya="3" hai0="7,110,105,129,107,1,16,95,108,20,28,77,79" hai1="64,31,106,42,54,121,36,80,50,60,51,19,62" hai2="119,113,44,39,0,8,87,66,63,9,112,33,41" hai3="127,68,59,114,45,86,78,47,48,135,88,89,21"/><W3/><G114/><T46/><D28/><U101/><E31/><V117/><F33/><W27/><G68/><T98/><D129/><U32/><E32/><V122/><F87/><W40/><G3/><T133/><D133/><U49/><E106/><N who="0" m="40457" /><D46/><N who="1" m="23879" /><E19/><V104/><F9/><W71/><G135/><T4/><D1/><U124/><E80/><V61/><F104/><W132/><G132/><T24/><D77/><U72/><E101/><V109/><F109/><N who="0" m="42090" /><D79/><U10/><E72/><V26/><F26/><W103/><G71/><T6/><D4/><U92/><E121/><V116/><F122/><W76/><G127/><T11/><D11/><U91/><E10/><V73/><F73/><W34/><G34/><T75/><D75/><U14/><E124/><V125/><F63/><W131/><G131/><T82/><D82/><U55/><E14/><V18/><F125/><W2/><G2/><T130/><D130/><U67/><E92/><V81/><F81/><N who="3" m="47399" /><G103/><AGARI ba="0,0" hai="6,7,16,20,24,95,98,103" m="42090,40457" machi="103" ten="30,3900,0" yaku="14,1,52,1,54,1" doraHai="12" who="0" fromWho="3" sc="338,39,262,0,258,0,142,-39" owari="377,47.7,262,6.2,258,-14.2,103,-39.7" /></mjloggm>