<mjloggm ver="2.3"><GO type="225" lobby="0"/><UN n0="%E3%83%8F%E3%83%B3%E3%83%89%E3%83%A9%E3%83%BC%E3%83%BB%E3%83%AF%E3%83%B3" n1="%E5%B8%86%E7%AB%8B%E5%A4%8F%E8%A1%A3" n2="%E6%80%AA%E3%81%97%E3%81%99%E3%81%8E%E3%82%8B%E3%83%81%E3%83%BC" n3="%53%61%63%68%69%30%34" dan="17,17,16,16" rate="2193.87,2243.37,2107.96,2079.03" sx="M,M,M,M"/><TAIKYOKU oya="0"/><INIT seed="0,0,0,0,4,20" ten="250,250,250,250" oya="0" hai0="56,80,34,28,10,110,76,18,14,88,7,32,111" hai1="91,113,123,33,131,8,59,117,0,12,36,124,86" hai2="58,85,83,82,96,62,75,126,42,48,116,87,51" hai3="2,112,64,41,61,21,50,78,5,27,23,121,105"/><T53/><BYE who="1" /><D7/><UN n1="%E5%B8%86%E7%AB%8B%E5%A4%8F%E8%A1%A3" /><U70/><RYUUKYOKU type="yao9" ba="0,0" sc="250,0,250,0,250,0,250,0" hai1="0,8,12,33,36,59,70,86,91,113,117,123,124,131" /><INIT seed="0,1,0,4,4,21" ten="250,250,250,250" oya="0" hai0="52,114,105,5,130,73,85,23,84,80,92,77,74" hai1="89,44,35,120,131,17,97,119,66,132,76,14,78" hai2="116,83,40,29,88,96,133,125,128,43,12,60,129" hai3="38,24,59,70,123,15,42,49,134,57,69,117,56"/><T121/><D114/><U51/><E119/><V100/><F116/><W41/><G117/><T102/><D5/><U45/><E120/><V47/><F125/><W106/><G106/><T39/><D39/><U9/><E131/><N who="2" m="50251" /><F133/><W103/><G103/><T36/><D36/><U64/><E132/><V135/><F29/><W50/><G15/><T110/><D130/><U13/><E35/><V75/><F60/><W104/><G104/><T19/><D121/><U72/><E14/><V79/><F88/><W71/><G134/><T4/><D4/><U98/><E45/><V113/><F113/><W108/><G123/><T22/><D110/><U82/><E76/><V6/><F47/><N who="3" m="23991" /><G24/><T54/><D105/><U0/><E0/><V28/><F28/><W58/><G108/><T95/><D102/><U111/><E111/><V115/><F115/><W107/><G107/><T86/><D74/><U63/><E89/><V16/><F6/><W33/><G33/><T101/><D73/><U46/><E46/><V31/><F31/><W18/><G18/><T65/><D101/><U118/><E118/><V122/><F122/><W48/><G42/><N who="2" m="15913" /><F135/><W10/><G10/><T124/><D19/><U20/><E9/><N who="2" m="6159" /><F100/><W90/><G90/><T99/><D77/><U34/><E34/><V62/><F62/><W8/><G8/><T91/><D91/><U112/><E112/><V7/><F7/><W37/><G37/><T94/><D22/><U87/><E72/><V61/><F61/><W32/><G32/><T68/><D23/><U26/><E13/><V127/><F96/><N who="1" m="36969" /><E63/><V2/><F2/><RYUUKYOKU ba="1,0" sc="250,-30,250,10,250,10,250,10" hai1="17,20,26,44,51,64,66,78,82,87" hai2="75,79,83,127" hai3="48,49,50,56,57,58,59,69,70,71" /><INIT seed="1,2,0,3,5,5" ten="220,260,260,260" oya="1" hai0="85,105,62,118,17,73,76,70,67,83,40,104,55" hai1="46,61,21,69,18,24,49,91,106,64,77,16,60" hai2="0,6,57,3,26,50,112,4,37,15,20,13,127" hai3="79,58,52,29,93,132,34,89,109,19,134,10,28"/><U135/><E135/><N who="3" m="51754" /><G109/><T108/><D118/><U43/><E106/><V12/><F37/><W128/><G128/><T102/><D108/><U94/><E77/><V130/><F50/><N who="3" m="30999" /><G79/><T7/><D40/><U9/><E64/><V35/><F57/><W114/><G114/><T23/><D102/><U88/><E69/><V123/><F130/><W133/><N who="3" m="51762" /><W27/><DORA hai="81" /><G34/><T72/><D55/><U38/><E38/><V96/><F112/><W98/><G27/><T92/><D7/><N who="2" m="2602" /><F96/><W44/><G44/><T117/><D117/><U51/><E51/><V25/><F127/><W125/><G125/><T80/><D92/><U82/><E82/><V36/><F36/><W95/><G93/><T71/><D71/><U115/><E115/><V101/><F123/><W124/><G124/><T113/><D113/><U53/><E43/><V68/><F68/><W116/><G116/><T103/><D80/><U14/><E91/><V45/><F45/><W107/><G107/><T39/><D39/><U86/><AGARI ba="2,0" hai="9,14,16,18,21,24,46,49,53,60,61,86,88,94" machi="86" ten="20,18000,2" yaku="0,1,7,1,8,1,52,2,54,2" doraHai="5,81" who="1" fromWho="1" sc="220,-62,260,186,260,-62,260,-62" /><INIT seed="1,3,0,5,3,131" ten="158,446,198,198" oya="1" hai0="5,14,45,40,9,98,8,99,95,119,83,28,29" hai1="124,38,70,134,78,4,1,97,101,63,106,113,135" hai2="71,35,77,130,48,30,92,22,118,105,110,126,108" hai3="81,15,59,46,42,93,96,41,10,127,68,16,61"/><U120/><E113/><V111/><F118/><W55/><G127/><T84/><D119/><U25/><E124/><V86/><F126/><W47/><G68/><T50/><D9/><N who="1" m="2191" /><E120/><V3/><F130/><W82/><G46/><T133/><D133/><N who="1" m="50699" /><E78/><V52/><F77/><W64/><G64/><T80/><D80/><U33/><E38/><V32/><F105/><W85/><G85/><T91/><REACH who="0" step="1"/><D99/><REACH who="0" ten="148,446,198,198" step="2"/><U58/><E70/><V26/><F71/><W49/><REACH who="3" step="1"/><G42/><REACH who="3" ten="148,446,198,188" step="2"/><T53/><D53/><U129/><E129/><V89/><F52/><W94/><G94/><T100/><AGARI ba="3,2" hai="5,8,14,28,29,40,45,50,83,84,91,95,98,100" machi="100" ten="20,12000,2" yaku="1,1,0,1,7,1,8,1,53,2" doraHai="131" doraHaiUra="24" who="0" fromWho="0" sc="148,149,446,-63,198,-33,188,-33" /><INIT seed="2,0,0,1,3,90" ten="297,383,165,155" oya="2" hai0="104,108,1,57,84,116,17,46,68,73,119,97,93" hai1="135,4,27,18,99,54,89,112,14,44,40,76,88" hai2="95,109,72,30,81,50,113,77,83,34,122,66,0" hai3="28,103,38,35,61,20,3,67,6,11,48,92,85"/><V58/><F122/><W94/><G38/><T123/><D68/><U133/><E112/><V86/><F113/><W100/><G35/><T59/><D73/><U9/><E54/><V132/><F0/><W53/><G28/><T117/><D123/><U52/><E52/><V55/><F132/><N who="1" m="50761" /><E99/><V107/><F109/><W69/><G20/><T12/><D1/><N who="1" m="143" /><E76/><V23/><F107/><W79/><G79/><T16/><D108/><U114/><E27/><V111/><F111/><W15/><G3/><T78/><D46/><U126/><E126/><V2/><F2/><W60/><G60/><T36/><D36/><N who="1" m="21511" /><E114/><V13/><F77/><W128/><G128/><T91/><D17/><U110/><E110/><V39/><F72/><W130/><G85/><T121/><D121/><U125/><E125/><V63/><F39/><W96/><G130/><T74/><D74/><U102/><E102/><V124/><F124/><W64/><G64/><T80/><D104/><U19/><E19/><N who="2" m="10735" /><F34/><W120/><G120/><T75/><D75/><U65/><E65/><V26/><F26/><W82/><G103/><T33/><D33/><U10/><AGARI ba="0,0" hai="10,14,18,88,89" m="21511,143,50761" machi="10" ten="30,2000,0" yaku="20,1,54,1" doraHai="90" who="1" fromWho="1" sc="297,-5,383,20,165,-10,155,-5" /><INIT seed="3,0,0,2,0,26" ten="292,403,155,150" oya="3" hai0="98,13,9,84,8,104,74,107,51,105,124,129,24" hai1="131,97,60,34,88,14,16,22,28,123,134,15,52" hai2="41,2,117,68,95,122,106,71,119,10,111,118,4" hai3="43,6,76,20,64,27,23,126,5,113,103,50,53"/><W19/><G126/><T72/><D124/><U30/><E123/><V94/><F122/><W44/><G113/><T32/><D129/><U89/><E134/><V100/><F111/><W7/><G103/><T56/><D98/><U112/><E112/><V46/><F95/><W45/><G64/><T1/><D84/><U110/><E110/><V91/><F91/><N who="1" m="34889" /><E34/><V133/><F133/><W102/><G102/><T75/><D1/><U48/><E131/><V93/><F94/><W63/><G76/><T77/><D77/><U38/><E38/><N who="2" m="21815" /><F93/><W96/><G96/><AGARI ba="0,0" hai="2,4,10,68,71,96,100,106,117,118,119" m="21815" machi="96" ten="30,1000,0" yaku="23,1" doraHai="26" who="2" fromWho="3" sc="292,0,403,0,155,10,150,-10" owari="292,9.2,403,50.3,165,-23.5,140,-36.0" /></mjloggm>