<mjloggm ver="2.3"><GO type="225" lobby="0"/><UN n0="%E3%80%93%E3%81%97%E3%83%BC%E3%82%89%E3%80%93" n1="%E5%A4%8F%E9%88%B4%E9%88%B4%E5%A4%8F" n2="%E3%83%94%E3%83%B3%E3%82%B5%E3%83%AD%E5%BA%97%E5%93%A1" n3="%77%72%77%72%77%72%77%72" dan="16,16,17,17" rate="2237.03,2165.05,2254.32,2128.80" sx="M,F,M,M"/><TAIKYOKU oya="0"/><INIT seed="0,0,0,0,1,121" ten="250,250,250,250" oya="0" hai0="54,114,104,16,128,124,25,36,1,79,89,14,105" hai1="47,94,119,65,19,63,60,84,130,8,57,27,58" hai2="72,33,102,81,5,106,40,117,122,56,53,42,50" hai3="115,99,109,11,51,18,31,85,0,45,126,135,83"/><T133/><D1/><U66/><E66/><V90/><F122/><W22/><G115/><T12/><D36/><U55/><E130/><V93/><F33/><W103/><G135/><T107/><D114/><U118/><E47/><V44/><F117/><W38/><G38/><T32/><D128/><U96/><E84/><N who="2" m="52423" /><F5/><W7/><G126/><T134/><D79/><U111/><E111/><V2/><F56/><W70/><G70/><T15/><D124/><U77/><E77/><N who="2" m="44199" /><F2/><W110/><G31/><N who="0" m="19567" /><D89/><U17/><E17/><V127/><F127/><W97/><G103/><T82/><D82/><U74/><E74/><V23/><F23/><W24/><G99/><AGARI ba="0,0" hai="40,42,44,50,53,99,102,106" m="44199,52423" machi="99" ten="30,1000,0" yaku="24,1" doraHai="121" who="2" fromWho="3" sc="250,0,250,0,250,10,250,-10" /><INIT seed="1,0,0,4,0,5" ten="250,250,260,240" oya="1" hai0="62,105,76,11,35,61,114,38,33,122,67,77,98" hai1="13,9,79,102,132,94,52,70,81,124,10,2,46" hai2="55,41,121,110,56,23,40,12,64,127,133,8,51" hai3="118,65,85,73,87,21,4,18,96,66,36,16,130"/><U135/><E70/><V113/><F121/><W47/><G73/><T91/><D38/><U49/><E124/><V88/><F127/><W53/><G130/><T19/><D122/><U116/><E116/><V126/><F126/><W112/><G112/><T54/><D114/><U84/><E2/><V0/><F113/><W86/><G118/><T39/><D39/><U22/><E22/><V30/><F110/><W117/><G117/><T120/><D120/><U31/><E31/><V26/><F0/><W75/><G75/><T74/><D54/><U43/><E43/><V115/><F133/><N who="1" m="51273" /><E13/><V6/><F115/><W44/><G4/><T32/><D74/><U71/><E71/><V83/><F64/><N who="3" m="24683" /><G36/><T93/><D105/><U63/><E63/><V60/><F60/><W58/><G96/><AGARI ba="0,0" hai="9,10,46,49,52,79,81,84,94,96,102" m="51273" machi="96" ten="30,11600,0" yaku="20,1,52,2,54,1" doraHai="5" who="1" fromWho="3" sc="250,0,250,116,260,0,240,-116" /><INIT seed="1,1,0,0,2,134" ten="250,366,260,124" oya="1" hai0="120,40,110,93,115,1,130,74,60,9,108,135,55" hai1="125,24,16,111,36,86,41,103,6,94,32,26,52" hai2="77,49,5,121,127,129,106,123,90,39,101,119,12" hai3="0,124,107,22,99,58,117,51,88,64,2,43,11"/><U54/><E6/><V69/><F39/><W133/><G133/><T95/><D74/><U37/><E26/><V21/><F119/><W47/><G117/><T118/><D135/><U104/><E104/><V97/><F69/><W17/><G11/><T84/><D118/><U19/><E19/><V126/><F77/><W91/><G107/><T46/><D115/><U14/><E125/><N who="2" m="47627" /><F129/><W53/><G64/><T28/><D130/><U15/><E37/><V33/><F33/><W76/><G76/><T122/><D122/><N who="2" m="46602" /><F49/><W70/><G70/><T85/><D120/><U66/><E36/><V87/><F21/><W7/><G7/><T63/><D110/><U42/><E32/><V65/><F65/><W30/><G30/><T4/><D28/><U80/><E66/><V10/><F87/><W45/><G124/><T57/><D108/><U78/><E86/><V109/><F90/><W100/><G100/><T62/><D84/><U102/><E78/><V73/><F109/><W68/><G68/><T31/><D85/><U128/><E111/><V48/><F48/><W132/><G132/><T29/><D63/><U38/><E38/><V72/><AGARI ba="1,0" hai="5,10,12,72,73,97,101,106" m="46602,47627" machi="72" ten="40,8000,1" yaku="18,1,52,3" doraHai="134" who="2" fromWho="2" sc="250,-21,366,-41,260,83,124,-21" /><INIT seed="2,0,0,1,3,72" ten="229,325,343,103" oya="2" hai0="104,103,54,86,110,131,62,113,10,36,94,133,17" hai1="49,123,40,77,135,31,59,6,99,47,63,53,88" hai2="101,46,97,61,41,92,32,87,130,117,51,73,2" hai3="129,12,30,52,34,100,5,69,84,1,66,118,3"/><V124/><F117/><W42/><G118/><T48/><D36/><U50/><E135/><V102/><F73/><W74/><G74/><T44/><D133/><U37/><E123/><V121/><F121/><W7/><G129/><T91/><D131/><U11/><E31/><V128/><F2/><W134/><G134/><T22/><D113/><U19/><E19/><V122/><F122/><W13/><G42/><T79/><D110/><U23/><E23/><V85/><F32/><W60/><G100/><T132/><D132/><U98/><E77/><V15/><F124/><W57/><G1/><T75/><D10/><U111/><E111/><V82/><F102/><W27/><G84/><T105/><D103/><U4/><E4/><V115/><F115/><W45/><G45/><T8/><D8/><U80/><E99/><V43/><F43/><W64/><G64/><T107/><D62/><U68/><E68/><V9/><F61/><W65/><G65/><T26/><D75/><U106/><E106/><V109/><F87/><W24/><G24/><T112/><D112/><U35/><E35/><V21/><F21/><W125/><G125/><T29/><REACH who="0" step="1"/><D79/><REACH who="0" ten="219,325,343,103" step="2"/><U127/><E127/><V95/><F109/><W25/><G3/><T16/><AGARI ba="0,1" hai="16,17,22,26,29,44,48,54,86,91,94,104,105,107" machi="16" ten="40,12000,2" yaku="1,1,2,1,0,1,54,1,53,2" doraHai="72" doraHaiUra="14" who="0" fromWho="0" sc="219,130,325,-30,343,-60,103,-30" /><INIT seed="3,0,0,4,5,20" ten="349,295,283,73" oya="3" hai0="107,68,118,27,131,48,64,46,72,66,115,30,93" hai1="26,70,8,79,96,37,0,42,104,83,71,102,6" hai2="52,105,123,84,28,116,58,56,22,13,9,35,45" hai3="125,88,23,127,75,16,36,2,89,87,4,63,60"/><W34/><G34/><T135/><D107/><U67/><E67/><V121/><F116/><W51/><G36/><T134/><D72/><N who="1" m="43495" /><E26/><N who="2" m="16471" /><F105/><W53/><G75/><T14/><D118/><U39/><E39/><V85/><F35/><W44/><G2/><T57/><D68/><U94/><E94/><V11/><F11/><W25/><G4/><T21/><D115/><U59/><E59/><N who="2" m="22571" /><F123/><W62/><REACH who="3" step="1"/><G87/><REACH who="3" ten="349,295,283,63" step="2"/><T73/><D73/><U29/><E29/><V122/><F122/><W19/><G19/><T33/><D33/><U24/><E24/><V106/><F121/><W43/><G43/><T41/><D27/><U98/><E98/><V18/><F106/><W49/><G49/><AGARI ba="0,1" hai="9,13,18,45,49,52,84,85" m="22571,16471" machi="49" ten="30,3900,0" yaku="8,1,52,1,54,1" doraHai="20" who="2" fromWho="3" sc="349,0,295,0,283,49,63,-39" owari="349,44.9,295,-10.5,332,13.2,24,-47.6" /></mjloggm>