<mjloggm ver="2.3"><GO type="225" lobby="0"/><UN n0="%E3%81%AF%E3%82%88%E3%81%8A%E3%81%98%E3%81%95%E3%82%93" n1="%E7%B4%94%E6%BD%94%E3%83%94%E3%83%A9%E3%83%8B%E3%82%A2" n2="%E3%81%82%E3%81%84%E3%81%82%E3%81%8A%E3%81%84" n3="%E9%81%8A%E8%B5%B0" dan="16,17,18,16" rate="2176.68,2216.65,2176.78,2115.24" sx="M,M,M,F"/><TAIKYOKU oya="0"/><INIT seed="0,0,0,1,3,69" ten="250,250,250,250" oya="0" hai0="130,75,19,66,123,112,26,110,128,10,27,36,125" hai1="55,104,7,116,84,95,85,32,23,127,13,113,61" hai2="72,46,118,91,86,100,94,14,52,0,119,77,22" hai3="45,51,133,54,120,117,15,111,114,73,48,65,106"/><T33/><D75/><U63/><E32/><V92/><F0/><W16/><G117/><N who="2" m="44553" /><F72/><W21/><G114/><T20/><D66/><U34/><E34/><V64/><F77/><W102/><G111/><T35/><D36/><U121/><E104/><V131/><F64/><W40/><G73/><T60/><D60/><U8/><E127/><V1/><F1/><W71/><G133/><T24/><D112/><U31/><E121/><V12/><F22/><W81/><G120/><T135/><D123/><U101/><E113/><V38/><F131/><N who="0" m="50218" /><D125/><U122/><E63/><V42/><F52/><W3/><G3/><T53/><D53/><U39/><E39/><V41/><F41/><W93/><G106/><T37/><D37/><U99/><E122/><V9/><F9/><W134/><G134/><T62/><D62/><U90/><E101/><V57/><F57/><W50/><G65/><T2/><D135/><U11/><E11/><V43/><F43/><W17/><G71/><T109/><D33/><U126/><E126/><V68/><F68/><W97/><G54/><T4/><D35/><U44/><E116/><V30/><F30/><W82/><REACH who="3" step="1"/><G17/><REACH who="3" ten="250,250,250,240" step="2"/><T74/><D74/><U83/><E61/><V58/><F58/><W29/><G29/><T6/><D6/><U108/><E31/><V59/><F59/><W107/><G107/><T124/><D124/><U67/><E67/><V28/><F28/><W80/><AGARI ba="0,1" hai="15,16,21,40,45,48,50,51,80,81,82,93,97,102" machi="80" ten="30,7900,0" yaku="1,1,0,1,8,1,54,1,53,0" doraHai="69" doraHaiUra="49" who="3" fromWho="3" sc="250,-39,250,-20,250,-20,240,89" /><INIT seed="1,0,0,4,2,78" ten="211,230,230,329" oya="1" hai0="106,37,56,12,33,99,118,42,131,65,8,119,105" hai1="46,16,98,88,32,74,39,135,47,60,43,7,0" hai2="69,10,125,21,34,66,61,84,86,50,9,89,130" hai3="124,75,108,67,117,6,18,57,2,82,100,44,26"/><U52/><E74/><V113/><F34/><W1/><G108/><T40/><D33/><U112/><E112/><V133/><F113/><W45/><G100/><T110/><D110/><U5/><E32/><V134/><F125/><W83/><G75/><T64/><D131/><U25/><E135/><N who="2" m="51723" /><F130/><W104/><G104/><T94/><D105/><U38/><E0/><V92/><F21/><W22/><G124/><T132/><D106/><U35/><E35/><V95/><F50/><W76/><G117/><T101/><D132/><U114/><E114/><V20/><F20/><W27/><G76/><T51/><D118/><U29/><E29/><V49/><F49/><W129/><G129/><T3/><D3/><U79/><E79/><V17/><F17/><W4/><G22/><T121/><D121/><U23/><E39/><V81/><F95/><W53/><G18/><T15/><D119/><U85/><E98/><V91/><AGARI ba="0,0" hai="9,10,61,66,69,81,84,86,89,91,92" m="51723" machi="91" ten="30,2000,0" yaku="20,1,52,1" doraHai="78" who="2" fromWho="2" sc="211,-5,230,-10,230,20,329,-5" /><INIT seed="2,0,0,4,2,117" ten="206,220,250,324" oya="2" hai0="44,3,133,25,101,70,129,104,49,97,115,62,73" hai1="88,63,19,4,80,120,107,69,67,122,33,6,93" hai2="78,135,108,20,75,112,79,83,48,40,26,114,60" hai3="90,125,14,102,47,121,51,8,35,7,99,41,109"/><V42/><F135/><W56/><G109/><T18/><D115/><U96/><E107/><V45/><F108/><W37/><G125/><T13/><D3/><U39/><E39/><V95/><F79/><W132/><G132/><T21/><D133/><U86/><E33/><V9/><F42/><W72/><G35/><T106/><D129/><U50/><E19/><V15/><F95/><W32/><G32/><T55/><D73/><U52/><E4/><V30/><REACH who="2" step="1"/><F60/><REACH who="2" ten="206,220,240,324" step="2"/><W98/><G41/><T84/><D104/><U54/><E6/><AGARI ba="0,1" hai="6,9,15,20,26,30,40,45,48,75,78,83,112,114" machi="6" ten="30,5800,0" yaku="1,1,2,1,7,1,53,0" doraHai="117" doraHaiUra="68" who="2" fromWho="1" sc="206,0,220,-58,240,68,324,0" /><INIT seed="2,1,0,0,1,43" ten="206,162,308,324" oya="2" hai0="132,103,52,6,14,121,16,31,68,45,114,60,90" hai1="25,46,42,26,15,79,27,119,112,122,94,41,100" hai2="88,2,70,97,20,76,117,55,40,28,104,98,110" hai3="123,129,127,80,120,107,37,116,69,29,49,23,0"/><V84/><F117/><W82/><G37/><T135/><D121/><U81/><E122/><V85/><F2/><W115/><G69/><T108/><D114/><U13/><E112/><V53/><F70/><W95/><G107/><T7/><D108/><U96/><E119/><V35/><F35/><W22/><G0/><T54/><D31/><U133/><E133/><N who="0" m="51273" /><D103/><U48/><REACH who="1" step="1"/><E41/><REACH who="1" ten="206,152,308,324" step="2"/><V106/><F40/><W74/><G116/><T118/><D118/><U8/><E8/><V67/><F110/><W34/><G115/><T89/><D6/><U51/><E51/><V38/><F38/><W73/><G123/><T56/><D7/><U19/><E19/><V5/><F5/><W61/><G120/><T77/><D68/><U4/><E4/><V113/><F113/><W126/><G49/><N who="0" m="28975" /><D77/><U21/><E21/><AGARI ba="1,1" hai="14,16,21,52,56,60,89,90" m="28975,51273" machi="21" ten="30,7700,0" yaku="20,1,52,1,54,2" doraHai="43" who="0" fromWho="1" sc="206,90,152,-80,308,0,324,0" /><INIT seed="3,0,0,4,4,42" ten="296,72,308,324" oya="3" hai0="57,0,113,70,130,116,59,100,44,39,24,112,110" hai1="66,13,86,87,14,91,96,81,21,46,124,101,106" hai2="12,47,94,109,132,62,11,82,25,27,38,26,76" hai3="126,118,37,127,115,134,74,22,84,55,2,133,61"/><W35/><G35/><T64/><D116/><U73/><E124/><N who="3" m="47658" /><G118/><T111/><D0/><U104/><E104/><V72/><F109/><N who="0" m="41482" /><D130/><U119/><E119/><V120/><F132/><W122/><G122/><T20/><D100/><U43/><E73/><V103/><F120/><W32/><G32/><T8/><D8/><U34/><E34/><V28/><F62/><W83/><G74/><T105/><D105/><U80/><E21/><V102/><F28/><W79/><G115/><N who="0" m="44107" /><D70/><U58/><E58/><N who="0" m="22025" /><D64/><U98/><E98/><V68/><F68/><W45/><G2/><T77/><D77/><U135/><E135/><N who="3" m="51722" /><G22/><T69/><D69/><U60/><E60/><V97/><F103/><W121/><G121/><T5/><D5/><U17/><E17/><V108/><F108/><W9/><G9/><T71/><D71/><U54/><E54/><V114/><F114/><W52/><G61/><T63/><D63/><U65/><E66/><V90/><F102/><W92/><G92/><T117/><D117/><U50/><REACH who="1" step="1"/><E65/><REACH who="1" ten="296,62,308,324" step="2"/><V1/><F97/><W95/><G95/><T131/><D20/><U128/><E128/><V6/><F94/><W31/><G31/><T129/><D24/><U78/><AGARI ba="0,1" hai="13,14,43,46,50,78,80,81,86,87,91,96,101,106" machi="78" ten="20,5200,0" yaku="1,1,0,1,7,1,52,1,53,0" doraHai="42" doraHaiUra="67" who="1" fromWho="1" sc="296,-13,62,62,308,-13,324,-26" /><INIT seed="4,0,0,3,5,128" ten="283,124,295,298" oya="0" hai0="46,121,48,33,89,2,65,58,120,27,9,90,106" hai1="118,85,6,134,31,97,132,115,44,77,19,42,8" hai2="21,11,55,28,117,22,125,59,35,92,34,37,112" hai3="78,38,91,76,17,104,69,133,47,29,0,101,73"/><T98/><D120/><U54/><E118/><V119/><F37/><W56/><G69/><T4/><D121/><U70/><E70/><V53/><F112/><W88/><G0/><T87/><D106/><U5/><E115/><V16/><F125/><W114/><G114/><T60/><D98/><U26/><E54/><N who="2" m="20491" /><F59/><W20/><G133/><N who="1" m="51306" /><E97/><V30/><F92/><W95/><G104/><T123/><D123/><U129/><E129/><V107/><F11/><W62/><G29/><N who="2" m="11369" /><F107/><W13/><G73/><T93/><D33/><N who="2" m="12298" /><F16/><W3/><G3/><T135/><D135/><U72/><E72/><V74/><F74/><W105/><G105/><T84/><D27/><U66/><E66/><V52/><F52/><N who="3" m="34055" /><G38/><T61/><D60/><U108/><E108/><V10/><F10/><W40/><G101/><T96/><D90/><N who="3" m="34345" /><G95/><T64/><D65/><U83/><E19/><V102/><F102/><W130/><G130/><T86/><D96/><U131/><E8/><V25/><F25/><W79/><G40/><AGARI ba="0,0" hai="2,4,9,40,46,48,58,61,64,84,86,87,89,93" machi="40" ten="30,1500,0" yaku="7,1" doraHai="128" who="0" fromWho="3" sc="283,15,124,0,295,0,298,-15" /><INIT seed="4,1,0,3,1,107" ten="298,124,295,283" oya="0" hai0="59,122,79,26,37,31,15,68,116,87,47,99,9" hai1="123,108,124,132,74,89,117,120,36,113,64,8,85" hai2="48,118,18,1,10,58,16,4,43,90,51,61,57" hai3="131,126,6,102,97,45,121,42,73,0,54,94,109"/><T17/><D122/><U75/><E36/><V33/><F33/><W103/><G109/><T20/><D116/><U96/><E64/><V55/><F118/><W35/><G35/><T53/><D68/><U60/><E60/><V111/><F111/><W76/><G121/><N who="1" m="46666" /><E8/><V52/><REACH who="2" step="1"/><F90/><REACH who="2" ten="298,124,285,283" step="2"/><N who="3" m="55511" /><G131/><T129/><D129/><U69/><E69/><V91/><F91/><W66/><G126/><T72/><D37/><U56/><E56/><V128/><F128/><W106/><G106/><T65/><D47/><AGARI ba="1,1" hai="1,4,10,16,18,43,47,48,51,52,55,57,58,61" machi="47" ten="40,8000,1" yaku="1,1,54,2,53,1" doraHai="107" doraHaiUra="38" who="2" fromWho="0" sc="298,-83,124,0,285,93,283,0" owari="215,-18.5,124,-37.6,378,47.8,283,8.3" /></mjloggm>