<mjloggm ver="2.3"><GO type="225" lobby="0"/><UN n0="%E3%81%99%E3%81%84%E3%81%BE%E3%81%9B%E3%83%BC%E3%82%93" n1="%E6%A1%9C%E8%8A%B1%E9%96%83%E3%80%85" n2="%E3%83%96%E3%83%83%E3%83%91%E3%82%AA%E3%83%96%E3%83%81%E3%82%AD%E3%83%B3" n3="%E5%A4%8F%E9%88%B4%E9%88%B4%E5%A4%8F" dan="18,16,16,16" rate="2198.87,2115.42,2141.43,2106.02" sx="M,M,M,F"/><TAIKYOKU oya="0"/><INIT seed="0,0,0,2,1,104" ten="250,250,250,250" oya="0" hai0="85,0,82,121,23,133,98,116,70,57,33,12,96" hai1="99,131,56,129,61,24,126,13,42,18,97,86,29" hai2="109,55,112,106,103,30,5,58,77,81,124,135,92" hai3="19,27,95,36,105,71,17,73,87,125,69,7,80"/><T78/><D116/><U94/><E42/><V46/><F112/><W2/><G105/><T117/><D117/><U1/><E1/><V120/><F120/><W49/><G36/><T43/><D70/><U115/><E115/><V110/><F106/><W9/><G125/><T60/><D33/><U22/><E126/><V45/><F124/><W67/><G73/><T65/><D0/><U52/><E86/><N who="2" m="48431" /><F5/><W88/><G49/><T4/><D133/><U37/><E37/><V31/><F92/><W100/><G27/><T123/><D43/><U50/><E50/><N who="2" m="31095" /><F103/><W38/><G38/><T75/><D85/><U11/><REACH who="1" step="1"/><E99/><REACH who="1" ten="250,240,250,250" step="2"/><V64/><F135/><W127/><G127/><T63/><D123/><U89/><AGARI ba="0,1" hai="11,13,18,22,24,29,52,56,61,89,94,97,129,131" machi="89" ten="30,7900,0" yaku="1,1,2,1,0,1,54,1,53,0" doraHai="104" doraHaiUra="28" who="1" fromWho="1" sc="250,-39,240,89,250,-20,250,-20" /><INIT seed="1,0,0,0,1,88" ten="211,329,230,230" oya="1" hai0="60,129,39,77,37,124,33,103,41,66,21,94,119" hai1="26,114,110,120,126,36,82,53,70,55,8,16,63" hai2="133,121,99,61,92,128,67,97,15,52,23,104,100" hai3="86,45,57,118,22,27,93,79,115,71,34,5,7"/><U123/><E114/><V1/><F128/><W35/><G115/><T135/><D33/><U68/><E36/><V64/><F133/><W6/><G71/><T3/><D3/><U109/><E82/><V54/><F121/><N who="1" m="46665" /><E26/><V25/><F15/><W96/><G118/><T44/><D119/><U111/><E126/><V51/><F1/><W134/><G134/><T50/><D135/><U127/><E127/><V42/><F42/><W4/><N who="3" m="1024" /><DORA hai="132" /><W91/><G45/><T14/><D124/><U106/><E106/><V74/><F74/><W108/><G108/><T72/><D129/><U10/><E10/><V78/><F78/><W30/><REACH who="3" step="1"/><G57/><REACH who="3" ten="211,329,230,220" step="2"/><T89/><D44/><U31/><E70/><V105/><F105/><W46/><G46/><T19/><D39/><U80/><E68/><V116/><F116/><W29/><G29/><T56/><D37/><U90/><E31/><V12/><F104/><W95/><G95/><T32/><D94/><U81/><E110/><V131/><F131/><W48/><G48/><T24/><D50/><U112/><E112/><V75/><F51/><W28/><G28/><N who="0" m="19463" /><D41/><U11/><E111/><V102/><F92/><W98/><G98/><T47/><D47/><U85/><E109/><V20/><F61/><W38/><G38/><T9/><D60/><U69/><E63/><V87/><F97/><W58/><G58/><T13/><D56/><U62/><E62/><V113/><F99/><W59/><G59/><T17/><D66/><U101/><E69/><V122/><F64/><W117/><G117/><T40/><D40/><U73/><E55/><RYUUKYOKU ba="0,1" sc="211,-10,329,-10,230,-10,220,30" hai3="22,27,30,34,35,79,86,91,93,96" /><INIT seed="2,1,1,4,2,16" ten="201,319,220,250" oya="2" hai0="87,43,26,126,51,31,81,65,36,37,57,71,47" hai1="85,10,90,50,52,23,101,115,91,98,83,60,134" hai2="27,122,67,112,128,14,17,96,74,120,129,48,99" hai3="80,132,69,130,92,123,3,5,124,41,28,89,104"/><V45/><F74/><W82/><G104/><T95/><D126/><U38/><E115/><V22/><F67/><W64/><G123/><N who="2" m="47145" /><F112/><W61/><G41/><T105/><D105/><U78/><E38/><V56/><F56/><W32/><G124/><T70/><D95/><N who="1" m="58591" /><E134/><V29/><F48/><W6/><G132/><T107/><D107/><U44/><E10/><N who="2" m="6359" /><F45/><W111/><G82/><T21/><D37/><U42/><E23/><N who="2" m="15615" /><F99/><W110/><G64/><T103/><D103/><U72/><E72/><V13/><F96/><W102/><G80/><T75/><D75/><U59/><AGARI ba="1,1" hai="42,44,50,52,59,60,78,83,85,90,91" m="58591" machi="59" ten="30,2000,0" yaku="8,1,54,1" doraHai="16" who="1" fromWho="1" sc="201,-6,319,33,220,-11,250,-6" /><INIT seed="3,0,0,1,0,130" ten="195,352,209,244" oya="3" hai0="54,49,134,34,107,76,114,41,106,102,91,100,80" hai1="89,108,15,28,86,7,12,135,60,17,0,53,128" hai2="77,73,81,65,42,127,125,48,39,1,62,94,117" hai3="40,30,96,24,59,25,71,3,83,79,78,13,4"/><W72/><G79/><T20/><D34/><U2/><E135/><V88/><F117/><W35/><G71/><T133/><D114/><U132/><E132/><N who="0" m="50793" /><D41/><U87/><E28/><V75/><F1/><W70/><G70/><T37/><D37/><U85/><E108/><V46/><F75/><W95/><G40/><T93/><D20/><U44/><E89/><V113/><F39/><W105/><G35/><T50/><D80/><U92/><E85/><V99/><REACH who="2" step="1"/><F113/><REACH who="2" ten="195,352,199,244" step="2"/><W84/><G72/><T111/><D111/><U110/><E110/><V10/><F10/><W9/><G9/><T51/><D76/><U29/><E0/><V55/><F55/><W23/><G3/><T126/><D54/><U19/><E53/><V33/><F33/><W98/><G78/><T61/><D126/><U57/><E2/><V47/><F47/><W121/><G121/><T27/><D61/><U116/><E60/><V32/><F32/><W124/><G124/><T122/><D122/><U129/><E129/><V56/><AGARI ba="0,1" hai="42,46,48,56,62,65,73,77,81,88,94,99,125,127" machi="56" ten="30,4000,0" yaku="1,1,0,1,54,1,53,0" doraHai="130" doraHaiUra="118" who="2" fromWho="2" sc="195,-10,352,-10,199,50,244,-20" owari="185,-31.5,342,44.2,249,4.9,224,-17.6" /></mjloggm>