<mjloggm ver="2.3"><GO type="225" lobby="0"/><UN n0="%E6%9C%88%E5%A4%9C%E3%81%AB%E9%A2%A8" n1="%E3%82%BC%E3%83%AB%E3%83%80%E3%81%AE%E4%BC%9D%E8%AA%AC" n2="%E3%83%96%E3%83%83%E3%83%91%E3%82%AA%E3%83%96%E3%83%81%E3%82%AD%E3%83%B3" n3="%E3%81%BF%E3%81%BF%E3%81%9A" dan="16,17,16,17" rate="2082.87,2146.06,2210.16,2199.05" sx="M,M,M,M"/><TAIKYOKU oya="0"/><INIT seed="0,0,0,3,2,51" ten="250,250,250,250" oya="0" hai0="21,135,126,2,53,77,5,95,38,42,58,130,52" hai1="6,41,96,16,75,34,83,3,111,80,17,133,101" hai2="32,116,47,54,67,62,14,44,88,91,122,103,26" hai3="86,22,56,119,85,90,94,60,112,59,104,74,30"/><T0/><D126/><U57/><E34/><V113/><F122/><W8/><G112/><T31/><D130/><U79/><E111/><V15/><F113/><W20/><G119/><T121/><D121/><U28/><E133/><V89/><F116/><W97/><G74/><T93/><D135/><U1/><E28/><V70/><F103/><W9/><G56/><T81/><D31/><U98/><E83/><V69/><F69/><W7/><G104/><T63/><D21/><N who="3" m="8297" /><G30/><T76/><D76/><U12/><E6/><V99/><F32/><W48/><G48/><T109/><D109/><U114/><E114/><V92/><F26/><W84/><G7/><T68/><D68/><U117/><E117/><V43/><F70/><W49/><G49/><T107/><D107/><U131/><E41/><V72/><F72/><W71/><G71/><T29/><D29/><U123/><E131/><V61/><F43/><W134/><G134/><T35/><D35/><U128/><E128/><V10/><F67/><AGARI ba="0,0" hai="8,9,59,60,67,84,85,86,90,94,97" m="8297" machi="67" ten="30,1000,0" yaku="8,1" doraHai="51" who="3" fromWho="2" sc="250,0,250,0,250,-10,250,10" /><INIT seed="1,0,0,1,2,126" ten="250,250,240,260" oya="1" hai0="96,2,7,132,116,62,20,60,72,29,50,79,46" hai1="121,34,76,114,90,122,3,112,86,52,74,97,129" hai2="30,41,36,108,124,22,78,55,113,61,56,6,134" hai3="32,37,100,12,125,59,89,53,133,77,35,95,85"/><U102/><E3/><V107/><F124/><W63/><G125/><T83/><D116/><U14/><E34/><V33/><F108/><W58/><G133/><T104/><D132/><U5/><E5/><V80/><F134/><W88/><G37/><T92/><D104/><N who="1" m="63567" /><E52/><V10/><F107/><W99/><G77/><T57/><D2/><U1/><E14/><V18/><F113/><N who="1" m="43625" /><E1/><V82/><F33/><W48/><G89/><T16/><D7/><U66/><E66/><V84/><F30/><W103/><G103/><T15/><D29/><U24/><E24/><V45/><F6/><W67/><REACH who="3" step="1"/><G12/><REACH who="3" ten="250,250,240,250" step="2"/><T21/><D15/><U17/><E129/><V109/><F109/><W26/><G26/><T123/><D79/><U71/><E71/><V75/><F10/><W8/><G8/><T117/><D117/><U39/><E39/><V49/><F36/><W87/><G87/><T70/><D72/><U43/><E76/><V110/><F110/><W0/><G0/><T81/><D70/><U111/><E74/><V11/><F11/><W118/><G118/><T23/><D123/><U42/><E111/><V115/><F115/><W73/><G73/><T135/><D135/><U93/><E121/><V19/><F75/><W13/><G13/><T9/><D9/><U91/><E122/><V27/><F82/><AGARI ba="0,1" hai="32,35,48,53,58,59,63,67,82,85,88,95,99,100" machi="82" ten="30,7700,0" yaku="1,1,7,1,54,1,53,1" doraHai="126" doraHaiUra="44" who="3" fromWho="2" sc="250,0,250,0,240,-77,250,87" /><INIT seed="2,0,0,3,1,9" ten="250,250,163,337" oya="2" hai0="21,60,41,77,82,76,20,78,84,8,134,62,71" hai1="90,107,11,116,95,48,15,79,30,51,55,43,13" hai2="59,68,35,64,135,130,125,42,126,87,3,96,110" hai3="72,67,123,129,1,131,81,32,120,5,133,105,99"/><V94/><F3/><W52/><G67/><T28/><D134/><U75/><E107/><V63/><F35/><W49/><G32/><T25/><D41/><U119/><E75/><V92/><F135/><W61/><G61/><N who="0" m="23659" /><D71/><U93/><E79/><N who="0" m="30281" /><D20/><U114/><E114/><V117/><F117/><W89/><G72/><T23/><D21/><U46/><E30/><V39/><F130/><N who="3" m="49675" /><G133/><T10/><AGARI ba="0,0" hai="8,10,23,25,28,78,82,84" m="30281,23659" machi="10" ten="30,1100,0" yaku="8,1" doraHai="9" who="0" fromWho="0" sc="250,11,250,-3,163,-5,337,-3" /><INIT seed="3,0,0,2,3,47" ten="261,247,158,334" oya="3" hai0="1,46,131,134,79,23,100,115,20,53,114,50,67" hai1="76,4,84,27,94,68,75,15,69,101,32,71,64" hai2="63,127,86,19,96,74,28,30,130,21,118,55,120" hai3="24,82,87,132,78,135,52,3,22,14,80,65,124"/><W125/><G3/><T16/><D131/><U62/><E4/><V61/><F74/><W6/><G65/><T25/><D1/><U95/><E15/><V128/><F118/><W0/><G0/><T49/><D134/><N who="3" m="51241" /><G52/><T92/><D79/><U12/><E12/><V7/><F127/><W103/><G103/><T60/><D23/><U83/><E75/><V93/><F7/><W99/><G99/><T88/><D100/><U29/><REACH who="1" step="1"/><E101/><REACH who="1" ten="261,237,158,334" step="2"/><V97/><F120/><W44/><G14/><T41/><D115/><U109/><E109/><V39/><F39/><W98/><G6/><T73/><D73/><U112/><E112/><V35/><F130/><W119/><G119/><T11/><D11/><U133/><E133/><V26/><F128/><W13/><G13/><T8/><D8/><U40/><E40/><V111/><F111/><W42/><G42/><T2/><D2/><U110/><E110/><V104/><F104/><W9/><G9/><T58/><D114/><U54/><E54/><V37/><F37/><W90/><G125/><T91/><D92/><AGARI ba="0,1" hai="27,29,32,62,64,68,69,71,76,83,84,92,94,95" machi="92" ten="40,1300,0" yaku="1,1,53,0" doraHai="47" doraHaiUra="45" who="1" fromWho="0" sc="261,-13,237,23,158,0,334,0" owari="248,-15.2,260,6.0,158,-34.2,334,43.4" /></mjloggm>