<mjloggm ver="2.3"><GO type="225" lobby="0"/><UN n0="%E3%82%BC%E3%83%AB%E3%83%80%E3%81%AE%E4%BC%9D%E8%AA%AC" n1="%E7%99%BD%E5%80%89%E5%AF%9B%E4%B9%8B" n2="%E3%83%96%E3%83%83%E3%83%91%E3%82%AA%E3%83%96%E3%83%81%E3%82%AD%E3%83%B3" n3="%E5%91%A8%E6%9D%B1" dan="17,16,17,16" rate="2130.90,2133.71,2186.06,2205.52" sx="M,M,M,M"/><TAIKYOKU oya="0"/><INIT seed="0,0,0,1,1,32" ten="250,250,250,250" oya="0" hai0="41,94,75,134,39,10,73,50,90,106,117,91,111" hai1="101,29,127,87,34,108,13,65,133,27,24,16,123" hai2="119,77,52,89,59,0,107,8,42,53,110,118,113" hai3="132,131,1,114,18,135,6,40,43,104,96,4,33"/><T72/><D39/><U30/><E108/><V88/><F113/><W20/><G114/><T120/><D117/><N who="2" m="44554" /><F110/><W44/><G33/><T61/><D120/><U57/><E123/><V128/><F128/><W76/><G76/><T62/><D106/><U22/><E127/><V64/><F107/><W79/><G79/><T125/><D111/><U56/><E133/><N who="3" m="51274" /><G43/><T51/><D134/><U9/><E65/><V102/><F102/><N who="3" m="62535" /><G1/><T49/><D41/><U11/><E101/><V84/><F42/><W23/><G23/><T81/><D125/><U69/><E69/><V55/><F77/><W86/><G86/><T70/><D70/><U21/><E87/><V126/><F126/><W28/><G28/><T78/><D10/><N who="1" m="3595" /><E57/><V35/><F35/><W37/><G131/><T12/><D12/><AGARI ba="0,0" hai="4,6,12,18,20,37,40,44" m="62535,51274" machi="12" ten="30,1000,0" yaku="20,1" doraHai="32" who="3" fromWho="0" sc="250,-10,250,0,250,0,250,10" /><INIT seed="1,0,0,2,4,77" ten="240,250,250,260" oya="1" hai0="62,44,88,61,22,135,14,126,12,90,33,30,57" hai1="67,124,15,131,21,122,76,54,7,104,5,64,80" hai2="42,16,50,97,114,17,26,10,47,132,48,63,2" hai3="102,39,3,123,55,36,110,31,41,109,87,82,40"/><U53/><E104/><V100/><F132/><W118/><G123/><T68/><D135/><U94/><E122/><V111/><F111/><N who="3" m="42507" /><G3/><T105/><D105/><U65/><E124/><V134/><F134/><W19/><G102/><T73/><D73/><U51/><E131/><V69/><F114/><W49/><G31/><T98/><D126/><U85/><E94/><V24/><F50/><W116/><G19/><T92/><D33/><U38/><E38/><N who="3" m="14378" /><G87/><T46/><D68/><U96/><E96/><V120/><F120/><W129/><G82/><T4/><D90/><U121/><E121/><V79/><F69/><W0/><G0/><T83/><D62/><U18/><REACH who="1" step="1"/><E54/><REACH who="1" ten="240,240,250,260" step="2"/><V28/><F97/><W23/><G129/><T35/><D92/><U108/><E108/><V127/><F127/><W78/><G118/><T25/><D98/><U52/><E52/><V86/><F100/><W91/><G55/><T103/><D103/><U95/><E95/><V84/><F42/><W56/><G41/><T29/><D35/><U37/><E37/><V59/><F2/><W75/><G40/><T125/><D125/><U58/><AGARI ba="0,1" hai="5,7,15,18,21,51,53,58,64,65,67,76,80,85" machi="58" ten="30,11700,0" yaku="1,1,0,1,8,1,52,1,53,0" doraHai="77" doraHaiUra="27" who="1" fromWho="1" sc="240,-39,240,127,250,-39,260,-39" /><INIT seed="1,1,0,4,2,10" ten="201,367,211,221" oya="1" hai0="27,111,91,5,81,78,15,32,58,3,116,129,107" hai1="131,79,61,64,28,22,60,108,18,70,127,56,86" hai2="26,44,82,97,54,43,8,11,50,38,74,120,87" hai3="33,119,130,62,98,102,83,109,37,9,96,88,29"/><U121/><E121/><V100/><F120/><W14/><G37/><T71/><D71/><U132/><E127/><V39/><F74/><W47/><G109/><T126/><D116/><U6/><E108/><V67/><F26/><W36/><G119/><T110/><D107/><U76/><E132/><V55/><F67/><W66/><G130/><T31/><D129/><U40/><E28/><V134/><F134/><W93/><G29/><T90/><D126/><U57/><E131/><V106/><F39/><W7/><G33/><T46/><D58/><U117/><E117/><V128/><F128/><W13/><G83/><T41/><D90/><U73/><E73/><V122/><F122/><W49/><G36/><N who="0" m="21799" /><D91/><U94/><E40/><V53/><REACH who="2" step="1"/><F38/><REACH who="2" ten="201,367,201,221" step="2"/><W113/><G113/><T24/><D27/><N who="1" m="14807" /><E64/><V12/><F12/><W20/><G14/><T95/><D15/><U112/><E70/><V4/><F4/><W25/><G25/><T118/><D118/><U19/><E6/><V103/><F103/><W115/><G115/><T123/><D123/><U72/><E72/><V48/><F48/><W89/><G20/><T51/><D51/><U63/><E63/><V2/><F2/><W135/><G135/><T16/><D110/><U68/><E61/><V30/><F30/><W35/><G35/><T34/><D111/><U59/><E60/><V1/><F1/><W99/><G99/><T65/><D34/><U92/><E68/><V105/><F105/><W125/><G98/><T75/><D16/><U69/><E19/><V133/><F133/><W17/><G17/><T84/><D32/><RYUUKYOKU ba="1,1" sc="201,-10,367,-10,201,30,221,-10" hai2="8,11,43,44,50,53,54,55,82,87,97,100,106" /><INIT seed="2,2,1,0,5,59" ten="191,357,231,211" oya="2" hai0="69,101,19,37,56,70,5,125,51,127,39,75,71" hai1="116,48,133,26,106,3,120,40,72,97,81,62,21" hai2="82,85,0,20,14,129,31,128,67,104,1,135,33" hai3="109,35,76,94,25,79,16,29,2,36,28,41,119"/><V27/><F104/><W78/><G119/><T44/><D75/><U17/><E3/><N who="2" m="1099" /><F67/><W83/><G2/><T132/><D5/><U131/><E116/><V114/><F114/><W66/><G109/><T100/><D19/><U108/><E108/><V87/><F82/><W123/><G123/><T32/><D32/><U107/><E120/><V50/><F50/><W8/><G29/><T86/><D86/><U60/><E131/><N who="2" m="50251" /><F135/><W11/><G83/><T113/><D113/><U124/><E133/><V115/><F115/><W96/><G66/><T49/><D132/><U80/><E124/><N who="0" m="47689" /><D56/><U91/><E107/><V9/><F33/><W47/><REACH who="3" step="1"/><G16/><AGARI ba="2,1" hai="9,14,16,20,27,31,85,87" m="50251,1099" machi="16" ten="30,2900,0" yaku="19,1,54,1" doraHai="59" who="2" fromWho="3" sc="191,0,357,0,231,45,211,-35" /><INIT seed="2,3,0,1,1,16" ten="191,357,276,176" oya="2" hai0="56,94,47,78,59,84,113,37,76,127,107,24,26" hai1="65,96,120,45,35,119,23,13,41,64,114,10,19" hai2="109,126,29,125,89,80,1,68,52,93,14,44,34" hai3="17,117,67,12,86,30,131,6,123,85,40,66,92"/><V103/><F1/><W97/><G123/><T74/><D113/><U69/><E35/><V108/><F68/><W42/><G117/><T22/><D107/><U60/><E119/><V73/><F14/><W72/><G72/><T58/><D127/><N who="2" m="48650" /><F103/><W70/><G30/><T20/><D37/><U31/><E114/><V105/><F105/><W51/><G6/><T36/><D36/><U121/><E65/><N who="3" m="24586" /><G131/><T100/><D47/><U104/><E104/><V111/><F34/><W18/><G18/><N who="0" m="12311" /><D74/><U53/><E96/><V135/><F135/><W130/><G130/><T8/><D8/><U122/><E53/><V83/><F29/><W39/><G39/><T21/><D26/><N who="1" m="16863" /><E45/><V101/><F101/><N who="3" m="60583" /><G70/><T54/><D54/><U38/><E38/><V15/><F73/><W57/><G42/><AGARI ba="3,0" hai="10,13,19,41,42,60,64,69,120,121,122" m="16863" machi="42" ten="30,2000,0" yaku="13,1,52,1" doraHai="16" who="1" fromWho="3" sc="191,0,357,29,276,0,176,-29" /><INIT seed="3,0,0,1,3,135" ten="191,386,276,147" oya="3" hai0="56,18,74,30,14,6,24,69,71,41,99,57,64" hai1="54,51,120,17,110,128,125,129,61,102,122,108,113" hai2="12,21,43,112,76,29,22,25,87,47,70,130,93" hai3="81,40,90,60,77,2,80,94,91,38,100,95,66"/><W116/><G116/><T119/><D74/><U83/><E125/><V82/><F112/><W1/><G100/><T88/><D119/><U84/><E102/><V107/><F130/><N who="1" m="50281" /><E61/><V10/><F107/><W39/><G40/><T133/><D56/><N who="1" m="32863" /><E17/><V67/><F70/><W33/><G60/><T126/><D14/><U31/><E31/><V117/><F117/><W15/><G15/><T85/><D85/><U4/><E4/><N who="2" m="3143" /><F93/><W36/><G33/><T37/><D88/><N who="1" m="51231" /><E113/><V132/><F132/><W49/><G49/><T58/><D58/><U55/><E55/><V123/><F123/><AGARI ba="0,0" hai="108,110,120,122,123" m="51231,32863,50281" machi="123" ten="30,2000,0" yaku="19,1,54,1" doraHai="135" who="1" fromWho="2" sc="191,0,386,20,276,-20,147,0" owari="191,-20.9,406,50.6,256,5.6,147,-35.3" /></mjloggm>