<mjloggm ver="2.3"><GO type="225" lobby="0"/><UN n0="%73%68%75%6D%70" n1="%E7%9A%AE%E3%80%85" n2="%66%67%67%68%68%64%66" n3="%E9%A6%AC%E5%BC%95%E7%81%AB%33" dan="16,16,16,16" rate="2097.41,2126.80,2099.78,2092.11" sx="M,M,M,M"/><TAIKYOKU oya="0"/><INIT seed="0,0,0,4,1,96" ten="250,250,250,250" oya="0" hai0="108,59,70,127,77,50,82,129,38,45,2,135,44" hai1="87,103,6,94,134,86,117,23,92,125,72,66,9" hai2="124,37,57,22,123,132,120,19,52,1,76,83,71" hai3="128,15,115,63,119,56,4,41,102,3,40,97,61"/><T85/><D2/><U121/><E117/><V53/><F71/><W42/><G119/><T90/><D70/><U39/><E39/><V12/><F37/><W68/><G115/><T10/><D127/><U104/><E121/><V55/><F124/><W91/><G3/><T109/><D129/><U27/><E125/><V84/><F132/><W28/><G128/><T26/><D26/><U36/><E36/><V112/><F112/><W133/><G133/><T21/><D21/><U79/><E134/><V122/><REACH who="2" step="1"/><F1/><REACH who="2" ten="250,250,240,250" step="2"/><W80/><G68/><T118/><D135/><U16/><E72/><V34/><F34/><W24/><G4/><T69/><D69/><U7/><E66/><V47/><F47/><W131/><G131/><T93/><D118/><U73/><E73/><V20/><F20/><W30/><G56/><AGARI ba="0,1" hai="12,19,22,52,53,55,56,57,76,83,84,120,122,123" machi="56" ten="50,3200,0" yaku="1,1,54,1,53,0" doraHai="96" doraHaiUra="110" who="2" fromWho="3" sc="250,0,250,0,240,42,250,-32" /><INIT seed="1,0,0,4,5,121" ten="250,250,282,218" oya="1" hai0="113,120,98,12,18,110,135,124,80,28,23,55,112" hai1="85,108,56,75,52,31,130,44,83,74,77,95,102" hai2="5,106,94,47,13,41,101,96,50,100,119,65,51" hai3="46,27,72,103,79,133,104,22,118,125,82,43,33"/><U97/><E130/><V42/><F119/><W61/><G125/><T35/><D124/><U131/><E131/><V93/><F65/><W45/><G133/><T3/><D98/><U123/><E123/><V32/><F32/><W2/><G118/><T90/><D120/><U134/><E134/><V84/><F106/><W69/><G2/><T117/><D135/><U37/><E31/><V19/><F5/><W8/><G8/><T54/><D54/><U76/><E76/><V21/><F101/><W114/><G114/><T0/><D55/><U92/><E92/><V7/><F7/><W126/><G43/><N who="2" m="16393" /><F47/><W122/><G126/><T14/><D90/><AGARI ba="0,0" hai="13,19,21,50,51,84,90,93,94,96,100" m="16393" machi="90" ten="30,1000,0" yaku="8,1" doraHai="121" who="2" fromWho="0" sc="250,-10,250,0,282,10,218,0" /><INIT seed="2,0,0,5,1,4" ten="240,250,292,218" oya="2" hai0="33,15,115,50,85,128,66,73,132,27,1,8,12" hai1="60,17,90,22,134,10,11,3,69,114,78,70,86" hai2="32,101,83,72,52,28,133,97,135,92,56,65,103" hai3="127,113,84,117,71,94,47,40,20,129,9,75,36"/><V110/><F65/><W43/><G117/><T2/><D73/><U93/><E114/><V29/><F103/><W81/><G71/><T108/><D115/><U7/><E134/><N who="2" m="51211" /><F32/><W122/><G122/><T39/><D39/><U44/><E78/><N who="2" m="44487" /><F110/><W67/><G113/><T120/><D66/><U5/><E44/><V68/><F68/><W51/><G67/><T25/><D33/><U88/><E60/><AGARI ba="0,0" hai="28,29,52,56,60,92,97,101" m="44487,51211" machi="60" ten="30,2900,0" yaku="20,1,54,1" doraHai="4" who="2" fromWho="1" sc="240,0,250,-29,292,29,218,0" /><INIT seed="2,1,0,1,4,127" ten="240,221,321,218" oya="2" hai0="92,20,125,37,35,123,6,78,81,66,14,124,117" hai1="91,69,68,134,55,109,82,2,130,97,21,62,52" hai2="5,22,126,85,101,108,8,102,28,13,38,24,1" hai3="12,110,112,23,74,44,51,87,29,27,72,56,113"/><V42/><F126/><N who="0" m="48746" /><D35/><U132/><E2/><V94/><F108/><W65/><G110/><T119/><D37/><U0/><E0/><V84/><F84/><W54/><G12/><T48/><D66/><U58/><E109/><V105/><F105/><W93/><G65/><T4/><D48/><U19/><E130/><V40/><F1/><W133/><G133/><N who="1" m="51306" /><E55/><V31/><F31/><W32/><G44/><T46/><D46/><U103/><E82/><V30/><F30/><W88/><REACH who="3" step="1"/><G32/><REACH who="3" ten="240,221,321,208" step="2"/><T15/><D15/><N who="1" m="9471" /><E91/><V60/><F13/><W71/><G71/><T47/><D47/><U100/><E100/><V86/><F102/><W63/><G63/><T61/><D61/><U41/><E41/><V99/><F60/><W16/><G16/><N who="0" m="10263" /><D123/><U98/><E98/><V33/><F33/><W104/><G104/><AGARI ba="1,1" hai="52,58,62,68,69,97,103,104" m="9471,51306" machi="104" ten="30,2000,0" yaku="20,1,54,1" doraHai="127" who="1" fromWho="3" sc="240,0,221,33,321,0,208,-23" /><INIT seed="3,0,0,1,2,134" ten="240,254,321,185" oya="3" hai0="36,80,37,88,46,99,52,50,17,104,68,78,108" hai1="63,121,48,24,54,56,21,1,107,114,39,43,25" hai2="5,122,23,18,97,38,106,130,101,61,47,16,26" hai3="72,60,28,65,82,29,73,118,128,66,92,109,3"/><W59/><G118/><T41/><D108/><U55/><E114/><V35/><F130/><W110/><G3/><T131/><D131/><U58/><E121/><V15/><F122/><W93/><G128/><T20/><D68/><U90/><E1/><V102/><F102/><W67/><G59/><T11/><D11/><U116/><E107/><V98/><F98/><W4/><G60/><T129/><D129/><U19/><E116/><V71/><F5/><W123/><G123/><T13/><D41/><U117/><E117/><V75/><F75/><N who="3" m="28747" /><G82/><T120/><D120/><U10/><E10/><V95/><F106/><W14/><G14/><T79/><D36/><U0/><E0/><V100/><F35/><W22/><G22/><T126/><D37/><U112/><E112/><V12/><F18/><W119/><G4/><T51/><D51/><U83/><E39/><V76/><F76/><W32/><G32/><T133/><D133/><U125/><E43/><V45/><F38/><W89/><G89/><T30/><D30/><N who="3" m="11881" /><G119/><T42/><D104/><U33/><E33/><V111/><F61/><W135/><G135/><T77/><D80/><U70/><E70/><V9/><F71/><W27/><G27/><T64/><D64/><N who="3" m="16385" /><W132/><DORA hai="40" /><G132/><T127/><D42/><U85/><REACH who="1" step="1"/><E25/><REACH who="1" ten="240,244,321,185" step="2"/><V57/><F26/><W96/><G96/><T6/><REACH who="0" step="1"/><D6/><REACH who="0" ten="230,244,321,185" step="2"/><U115/><E115/><V86/><F97/><W44/><G44/><T113/><D113/><U105/><E105/><V34/><F47/><W81/><G81/><T31/><D31/><U124/><AGARI ba="0,2" hai="19,21,24,48,54,55,56,58,63,83,85,90,124,125" machi="124" ten="30,7900,0" yaku="1,1,0,1,52,2,53,0" doraHai="134,40" doraHaiUra="69,2" who="1" fromWho="1" sc="230,-20,244,99,321,-20,185,-39" owari="210,-19.0,343,44.3,301,10.1,146,-35.4" /></mjloggm>