<mjloggm ver="2.3"><GO type="225" lobby="0"/><UN n0="%E5%91%A8%E6%9D%B1" n1="%E9%A6%AC%E5%BC%95%E7%81%AB%33" n2="%E5%B0%8F%E9%B3%A5%E9%81%8A%E7%B7%B4%E7%84%A1%32%31%E6%AD%B3" n3="%E6%A1%9C%E8%8A%B1%E9%96%83%E3%80%85" dan="16,16,17,17" rate="2201.20,2080.48,2156.17,2241.02" sx="M,M,F,M"/><TAIKYOKU oya="0"/><INIT seed="0,0,0,2,5,21" ten="250,250,250,250" oya="0" hai0="74,17,3,108,113,62,8,28,69,80,73,40,45" hai1="65,0,117,75,86,131,107,103,87,77,100,89,111" hai2="99,14,71,52,120,128,50,47,43,46,51,84,104" hai3="70,115,90,122,112,129,55,93,114,20,125,66,54"/><T94/><D113/><U98/><E117/><V29/><F120/><W78/><G122/><T81/><D28/><U13/><E0/><V126/><F128/><W9/><G129/><T110/><D94/><N who="1" m="54583" /><E13/><V34/><F126/><W101/><G125/><T61/><D3/><U127/><E65/><V118/><F118/><W2/><G78/><T37/><D69/><U19/><E19/><V48/><F71/><W10/><G101/><N who="1" m="38986" /><E131/><V135/><F14/><W49/><G20/><T56/><D8/><U106/><E127/><V68/><F68/><W105/><G105/><N who="1" m="39946" /><E111/><N who="0" m="42537" /><D17/><U31/><E31/><V59/><F29/><W39/><G10/><T33/><D33/><U58/><E58/><V24/><F34/><W130/><G130/><T38/><D38/><U7/><E7/><V57/><F59/><W63/><G39/><T15/><D15/><U119/><E119/><V16/><F57/><W92/><G2/><T124/><D124/><U26/><E26/><V109/><F24/><W85/><G9/><T30/><D30/><U44/><E44/><V22/><F46/><W83/><G114/><T82/><D61/><U133/><E133/><V72/><F135/><W116/><G116/><T134/><D134/><U88/><E98/><V95/><F99/><W64/><G115/><T25/><D25/><U53/><E53/><AGARI ba="0,0" hai="37,40,45,53,56,62,73,74,80,81,82" m="42537" machi="53" ten="30,2900,0" yaku="14,1,10,1" doraHai="21" who="0" fromWho="1" sc="250,29,250,-29,250,0,250,0" /><INIT seed="0,1,0,3,0,103" ten="279,221,250,250" oya="0" hai0="5,44,59,74,89,133,130,55,37,69,22,84,98" hai1="30,94,81,41,4,135,70,128,31,36,46,20,75" hai2="57,71,65,106,116,54,7,16,18,118,105,79,3" hai3="28,64,83,48,110,91,85,51,33,29,125,122,115"/><T87/><D74/><U96/><E70/><V107/><F79/><W12/><G115/><T0/><D69/><U32/><E128/><V77/><F65/><W13/><G110/><T72/><D72/><U86/><E135/><V119/><F77/><W25/><G125/><T134/><D130/><U42/><E32/><V67/><F67/><W27/><G64/><T17/><D5/><U123/><E123/><V126/><F126/><W73/><G73/><T40/><D0/><U56/><E75/><V43/><F43/><W108/><G108/><T121/><D98/><U26/><E42/><V38/><F38/><W97/><G97/><T109/><D121/><U113/><E113/><V117/><F71/><W92/><G83/><T82/><D87/><U24/><E4/><V99/><F99/><W90/><G122/><T21/><D109/><U80/><E56/><V23/><F23/><W19/><G91/><T2/><D2/><U104/><E86/><V52/><N who="2" m="29696" /><DORA hai="62" /><V124/><F124/><W50/><REACH who="3" step="1"/><G19/><REACH who="3" ten="279,221,250,240" step="2"/><N who="2" m="7209" /><F57/><W49/><N who="3" m="12288" /><DORA hai="131" /><W129/><G129/><T93/><D82/><U111/><E111/><V101/><F101/><W14/><G14/><T78/><D78/><U60/><E81/><V35/><F35/><AGARI ba="1,1" hai="12,13,25,27,28,29,33,35,85,90,92" m="12288" machi="35" ten="50,3200,0" yaku="1,1,9,1,53,0" doraHai="103,62,131" doraHaiUra="34,76,61" who="3" fromWho="2" sc="279,0,221,0,250,-35,240,45" /><INIT seed="1,0,0,0,1,29" ten="279,221,215,285" oya="1" hai0="90,2,74,31,89,50,35,61,24,65,16,121,93" hai1="103,124,109,113,116,75,59,104,114,33,53,18,97" hai2="85,101,11,43,23,32,37,48,84,73,58,72,81" hai3="21,30,0,12,87,56,5,123,1,77,118,125,49"/><U92/><E116/><V129/><F37/><W105/><G123/><T63/><D121/><U112/><E75/><V22/><F101/><W133/><G105/><T108/><D108/><U80/><E80/><V70/><F70/><W91/><G77/><T9/><D74/><U100/><E124/><V86/><F129/><W3/><G133/><T47/><D89/><U134/><E134/><V54/><F43/><W52/><G118/><T95/><D93/><U46/><E46/><V25/><F11/><W130/><G130/><T51/><D51/><U98/><E18/><V79/><REACH who="2" step="1"/><F72/><REACH who="2" ten="279,221,205,285" step="2"/><W94/><G125/><T26/><D9/><U76/><E109/><V99/><F99/><W7/><G30/><AGARI ba="0,1" hai="22,23,25,30,32,48,54,58,73,79,81,84,85,86" machi="30" ten="40,5200,0" yaku="1,1,52,1,53,1" doraHai="29" doraHaiUra="106" who="2" fromWho="3" sc="279,0,221,0,205,62,285,-52" /><INIT seed="2,0,0,5,1,39" ten="279,221,267,233" oya="2" hai0="83,10,55,43,6,17,81,98,91,96,52,23,44" hai1="1,131,33,66,51,29,90,14,63,76,108,54,34" hai2="72,126,106,8,38,85,132,130,47,69,120,133,86" hai3="36,112,110,100,2,18,128,105,21,134,87,61,26"/><V97/><F120/><W82/><G110/><T37/><D96/><U24/><E108/><V84/><F69/><W53/><G134/><N who="2" m="51817" /><F130/><W122/><G122/><T73/><D98/><U4/><E131/><V30/><F30/><W41/><G2/><T56/><D91/><U123/><E123/><V80/><F8/><W107/><G128/><T67/><D67/><U71/><E76/><N who="2" m="44039" /><F47/><W88/><G112/><T89/><D89/><U124/><E124/><V64/><F64/><W75/><G75/><T28/><D28/><U115/><E115/><V25/><F25/><W104/><G100/><T65/><D65/><U121/><E1/><V58/><F58/><W16/><G18/><T78/><D81/><U94/><E121/><V103/><F38/><W59/><G36/><T31/><D56/><U46/><E14/><V109/><F109/><W0/><G0/><N who="0" m="327" /><D31/><U12/><E12/><AGARI ba="0,0" hai="12,17,23,37,43,44,52,55,73,78,83" m="327" machi="12" ten="30,3900,0" yaku="25,1,52,1,54,1" doraHai="39" who="0" fromWho="1" sc="279,39,221,-39,267,0,233,0" /><INIT seed="3,0,0,2,0,128" ten="318,182,267,233" oya="3" hai0="49,53,14,112,81,33,23,43,135,2,62,102,90" hai1="57,29,117,85,78,132,86,20,84,51,3,101,56" hai2="116,83,25,45,38,11,36,32,103,52,39,104,114" hai3="105,24,19,79,113,13,48,77,130,8,92,98,127"/><W69/><G113/><T76/><D112/><U133/><E117/><V34/><F116/><W44/><G105/><T75/><D33/><U89/><E3/><V1/><F83/><W87/><G130/><T121/><D2/><U111/><E111/><V129/><F129/><W94/><G69/><T0/><D0/><U17/><E101/><V63/><F25/><W73/><G73/><T54/><D102/><U118/><E118/><V71/><F114/><W82/><G127/><T21/><D43/><U31/><E89/><V12/><F1/><W30/><G79/><T6/><D90/><U70/><E70/><V108/><F108/><W72/><G72/><T107/><D107/><U58/><E51/><V115/><F115/><W119/><G98/><T59/><D121/><U134/><E78/><V60/><F60/><W74/><G74/><T26/><D26/><AGARI ba="0,0" hai="17,20,26,29,31,56,57,58,84,85,86,132,133,134" machi="26" ten="50,12000,2" yaku="29,2,20,1,52,3" doraHai="128" who="1" fromWho="0" sc="318,-120,182,120,267,0,233,0" owari="198,-30.2,302,40.2,267,6.7,233,-16.7" /></mjloggm>