<mjloggm ver="2.3"><GO type="225" lobby="0"/><UN n0="%E7%89%B9%E6%9D%B1%E5%96%B0%E8%B5%A4%E9%80%9F" n1="%E5%B8%86%E7%AB%8B%E5%A4%8F%E8%A1%A3" n2="%E3%81%B2%E3%81%AA%E3%81%AE%E3%82%8A%E3%81%8F" n3="%E7%9A%AE%E3%80%85" dan="16,17,16,16" rate="2022.85,2171.21,2076.09,2069.65" sx="M,M,M,M"/><TAIKYOKU oya="0"/><INIT seed="0,0,0,3,5,22" ten="250,250,250,250" oya="0" hai0="66,32,2,67,25,96,29,44,9,125,95,18,93" hai1="64,23,58,119,79,103,122,113,62,8,7,3,49" hai2="78,28,57,75,116,17,127,81,85,80,132,16,71" hai3="33,118,87,88,35,89,24,108,52,94,90,61,15"/><T39/><D125/><U38/><E119/><V72/><F127/><W106/><G118/><T6/><D93/><U135/><E122/><V130/><F71/><W84/><G106/><T30/><D29/><U10/><E113/><V37/><F116/><W114/><G114/><T34/><D34/><U13/><E135/><V134/><F37/><W111/><G15/><T50/><D39/><U102/><E38/><V4/><F130/><W46/><G35/><T14/><D50/><U131/><E131/><V83/><F4/><W41/><G41/><T26/><D44/><U60/><E79/><V112/><F112/><W40/><G40/><T100/><REACH who="0" step="1"/><D25/><REACH who="0" ten="240,250,250,250" step="2"/><U129/><E49/><V99/><F28/><N who="3" m="19591" /><G46/><T82/><D82/><U91/><E129/><V73/><F83/><W5/><G94/><T98/><D98/><U110/><E103/><V54/><F99/><W77/><G77/><T123/><D123/><U109/><E102/><V0/><F81/><W65/><G90/><T126/><D126/><U117/><E91/><V47/><F47/><W21/><G88/><T55/><D55/><U115/><E117/><V27/><F27/><W121/><G89/><T92/><D92/><U43/><E115/><V42/><F42/><W11/><G121/><T36/><D36/><U101/><E43/><V133/><REACH who="2" step="1"/><F0/><REACH who="2" ten="240,250,240,250" step="2"/><W120/><G120/><T48/><D48/><AGARI ba="0,2" hai="16,17,48,54,57,72,73,75,78,80,85,132,133,134" machi="48" ten="50,8000,1" yaku="1,1,2,1,20,1,54,1,53,0" doraHai="22" doraHaiUra="68" who="2" fromWho="0" sc="240,-80,250,0,240,100,250,0" /><INIT seed="1,0,0,5,2,100" ten="160,250,340,250" oya="1" hai0="35,103,40,61,3,75,123,72,129,114,50,107,41" hai1="110,23,117,63,82,49,8,24,55,59,131,54,57" hai2="121,48,44,69,118,66,133,115,29,104,37,109,62" hai3="116,43,70,67,30,12,19,97,134,39,130,33,127"/><U58/><E117/><V2/><RYUUKYOKU type="yao9" ba="0,0" sc="160,0,250,0,340,0,250,0" hai2="2,29,37,44,48,62,66,69,104,109,115,118,121,133" /><INIT seed="1,1,0,5,5,63" ten="160,250,340,250" oya="1" hai0="65,54,121,18,120,115,128,29,40,97,87,114,23" hai1="79,118,56,2,62,19,9,36,64,0,6,105,14" hai2="78,11,33,96,42,101,92,16,69,84,126,12,86" hai3="73,119,80,102,116,72,99,39,47,7,17,57,49"/><U1/><E118/><N who="3" m="45098" /><G7/><T135/><D40/><U8/><E36/><V27/><F126/><W32/><G32/><T106/><D29/><U66/><E105/><V52/><F42/><N who="3" m="23007" /><G17/><T34/><D87/><U61/><REACH who="1" step="1"/><E79/><REACH who="1" ten="160,240,340,250" step="2"/><V131/><F78/><W100/><G73/><T134/><D128/><U132/><E132/><N who="0" m="50729" /><D34/><U98/><E98/><V41/><F33/><W109/><G99/><T58/><D114/><U81/><E81/><V38/><F96/><W107/><G107/><T91/><D115/><U44/><E44/><V51/><F38/><W50/><G80/><T82/><D106/><U10/><E10/><V67/><F11/><W46/><G72/><T4/><D97/><U90/><E90/><V59/><F131/><W48/><G46/><T76/><D91/><U124/><E124/><V89/><F89/><W30/><G109/><T85/><D76/><U28/><E28/><V55/><F101/><N who="3" m="39019" /><G30/><T25/><D82/><U117/><E117/><V53/><F92/><W123/><G123/><N who="0" m="47179" /><D85/><U104/><E104/><V43/><F86/><W45/><G45/><T20/><D20/><U129/><E129/><V127/><F84/><W74/><G74/><T60/><D4/><U70/><AGARI ba="1,1" hai="0,1,2,6,8,9,14,19,56,61,62,64,66,70" machi="70" ten="20,12000,1" yaku="1,1,0,1,7,1,52,2,53,0" doraHai="63" doraHaiUra="31" who="1" fromWho="1" sc="160,-41,240,133,340,-41,250,-41" /><INIT seed="1,2,0,0,0,39" ten="119,373,299,209" oya="1" hai0="116,101,63,97,12,2,13,41,85,121,91,5,27" hai1="117,58,107,33,134,90,28,81,31,32,43,55,79" hai2="71,108,111,131,126,22,80,54,86,25,99,115,57" hai3="106,6,56,74,20,42,44,94,60,16,113,104,105"/><U128/><E117/><V69/><F126/><W46/><G74/><T118/><D121/><U125/><E107/><V50/><F99/><W14/><G113/><T52/><D2/><U73/><E125/><V133/><F133/><W98/><G6/><T112/><D112/><U103/><E103/><V89/><F131/><W4/><G4/><T48/><D27/><U95/><E134/><V30/><REACH who="2" step="1"/><F115/><REACH who="2" ten="119,373,289,209" step="2"/><W38/><G46/><N who="0" m="25679" /><D118/><U123/><E128/><V34/><F34/><W102/><REACH who="3" step="1"/><G105/><REACH who="3" ten="119,373,289,199" step="2"/><T3/><D116/><U36/><E123/><V26/><F26/><W119/><G119/><T62/><D3/><U45/><E33/><V96/><F96/><W76/><G76/><T127/><D127/><U15/><E32/><V18/><F18/><W78/><G78/><T7/><D5/><U53/><E15/><V66/><F66/><AGARI ba="2,2" hai="14,16,20,38,42,44,56,60,66,94,98,102,104,106" machi="66" ten="30,7700,0" yaku="1,1,7,1,52,1,54,1,53,0" doraHai="39" doraHaiUra="83" who="3" fromWho="2" sc="119,0,373,0,289,-83,199,103" /><INIT seed="2,0,0,2,1,79" ten="119,373,206,302" oya="2" hai0="120,95,82,122,16,11,111,64,68,130,118,117,45" hai1="24,5,49,94,108,131,56,132,19,100,92,4,113" hai2="21,103,8,66,69,50,80,61,32,93,73,48,58" hai3="67,128,42,31,65,12,87,23,71,10,63,134,51"/><V133/><F32/><W123/><G123/><N who="0" m="47147" /><D95/><U116/><E108/><V37/><F37/><W110/><G110/><T44/><D111/><U6/><E131/><V43/><F133/><W33/><G33/><T115/><D115/><U27/><E116/><N who="0" m="44649" /><D130/><U40/><E113/><V83/><F73/><W30/><G128/><T55/><D64/><U98/><E132/><V3/><F69/><W88/><G134/><T107/><D68/><U34/><E34/><V62/><F62/><W70/><G23/><T1/><D107/><U119/><E119/><V47/><F50/><W54/><G42/><T25/><D55/><N who="1" m="31855" /><E40/><V18/><F8/><W38/><G38/><T13/><D1/><U39/><E39/><V22/><F3/><W109/><G109/><T105/><D105/><U52/><E52/><V9/><F9/><W2/><G2/><T57/><D57/><U59/><E59/><V124/><F22/><W14/><G67/><T76/><D25/><U20/><E94/><V26/><F124/><W53/><G71/><T102/><D102/><U35/><E35/><V97/><AGARI ba="0,0" hai="18,21,26,43,47,48,58,61,66,80,83,93,97,103" machi="97" ten="30,11700,0" yaku="0,1,8,1,52,2" doraHai="79" who="2" fromWho="2" sc="119,-39,373,-39,206,117,302,-39" /><INIT seed="2,1,0,2,5,108" ten="80,334,323,263" oya="2" hai0="10,25,49,39,27,13,47,72,16,40,88,129,109" hai1="84,100,19,133,94,32,43,18,63,85,65,132,0" hai2="30,52,23,31,104,96,111,71,53,33,86,79,80" hai3="34,74,112,1,118,105,35,93,114,97,78,113,92"/><V107/><F71/><W3/><G118/><T22/><D109/><U134/><E0/><N who="3" m="74" /><G105/><T91/><D129/><U102/><E32/><N who="3" m="12330" /><G97/><T9/><D72/><U46/><E94/><N who="3" m="36458" /><G78/><T59/><D9/><U44/><E44/><V38/><F111/><W42/><G42/><T55/><REACH who="0" step="1"/><D25/><REACH who="0" ten="70,334,323,263" step="2"/><U12/><E133/><V51/><F33/><W48/><G48/><T106/><D106/><U41/><E134/><V75/><F51/><W62/><G62/><T110/><D110/><U95/><E132/><V121/><F107/><W82/><G82/><T120/><D120/><U28/><E63/><V89/><F104/><W73/><AGARI ba="1,1" hai="73,74,112,113,114" m="36458,12330,74" machi="73" ten="50,12000,2" yaku="28,2,11,1,52,3" doraHai="108" who="3" fromWho="3" sc="70,-31,334,-31,323,-61,263,133" /><INIT seed="3,0,0,3,2,94" ten="39,303,262,396" oya="3" hai0="79,5,26,85,45,121,87,132,63,62,58,111,67" hai1="77,53,17,64,24,128,57,135,11,95,2,90,131" hai2="81,21,60,86,49,1,103,97,129,123,108,104,68" hai3="42,36,69,73,7,134,28,13,88,91,125,30,119"/><W18/><G119/><T59/><D121/><U20/><E135/><V33/><F1/><W76/><G69/><T47/><D111/><U113/><E64/><V112/><F112/><W124/><G7/><T130/><D5/><U109/><E2/><V116/><F116/><W50/><G36/><T25/><D130/><U43/><E109/><V80/><F129/><W10/><G134/><T107/><D107/><U120/><E120/><V54/><F108/><W55/><G42/><T122/><D132/><U84/><E113/><V40/><F40/><W16/><G76/><T82/><D122/><U0/><E43/><V110/><F110/><W106/><G73/><T31/><D85/><U72/><E11/><V4/><F4/><W118/><G106/><T74/><D25/><U71/><E71/><V126/><F126/><N who="3" m="48747" /><G18/><T23/><D74/><U14/><E24/><V35/><F21/><W15/><G13/><T117/><D117/><U61/><E0/><V6/><F6/><W48/><G48/><T9/><D9/><U133/><E133/><V32/><F123/><W65/><G65/><T101/><D101/><U98/><E72/><V102/><F102/><W38/><G38/><T34/><D34/><U127/><E127/><V8/><F8/><W96/><G118/><T3/><D3/><U114/><E114/><V89/><F80/><W46/><G91/><T56/><D56/><U52/><REACH who="1" step="1"/><E53/><REACH who="1" ten="39,293,262,396" step="2"/><V83/><F68/><W100/><G55/><T78/><REACH who="0" step="1"/><D78/><REACH who="0" ten="29,293,262,396" step="2"/><U66/><E66/><AGARI ba="0,2" hai="23,26,31,45,47,58,59,62,63,66,67,79,82,87" machi="66" ten="30,8000,1" yaku="1,1,2,1,7,1,9,1,8,1,53,0" doraHai="94" doraHaiUra="92" who="0" fromWho="1" sc="29,100,293,-80,262,0,396,0" owari="129,-37.1,213,-18.7,262,6.2,396,49.6" /></mjloggm>