<mjloggm ver="2.3"><GO type="225" lobby="0"/><UN n0="%E7%89%B9%E6%9D%B1%E3%81%AF%E4%B8%96%E7%95%8C%E3%82%92%E6%95%91%E3%81%86" n1="%E9%B3%B3%E6%9D%B1%E3%81%AE%E3%81%BF%E3%81%91%E3%81%AB%E3%82%83%E3%82%93" n2="%E3%81%90%E3%81%A1%E3%82%84%E3%81%BE" n3="%E3%81%BF%E3%81%BF%E3%81%9A" dan="16,17,16,18" rate="2167.90,2197.19,2134.03,2223.08" sx="M,F,M,M"/><TAIKYOKU oya="0"/><INIT seed="0,0,0,5,0,25" ten="250,250,250,250" oya="0" hai0="64,54,75,133,91,7,69,21,26,125,74,61,36" hai1="101,88,34,86,103,87,15,24,43,123,84,73,17" hai2="79,90,51,53,33,8,41,40,63,129,35,108,127" hai3="2,112,122,92,107,124,113,131,111,19,96,28,0"/><T83/><D36/><U30/><E123/><V47/><F108/><W80/><G122/><T37/><D37/><U50/><E73/><V20/><F127/><W95/><G111/><T121/><D121/><U4/><E4/><V12/><F129/><W5/><G124/><T76/><D125/><U67/><E67/><V110/><F110/><W52/><G107/><T118/><D118/><U115/><E115/><V85/><F79/><W66/><G131/><T72/><D133/><U46/><E103/><V62/><F20/><W117/><G117/><T106/><D106/><U78/><E101/><V70/><F70/><W39/><G66/><T109/><D109/><U128/><E78/><V18/><F35/><W119/><G39/><T104/><D104/><U97/><E97/><V10/><F33/><W65/><G65/><T82/><D7/><U89/><REACH who="1" step="1"/><E128/><REACH who="1" ten="250,240,250,250" step="2"/><V48/><F8/><AGARI ba="0,1" hai="8,15,17,24,30,34,43,46,50,84,86,87,88,89" machi="8" ten="40,8000,1" yaku="1,1,2,1,52,1,54,1,53,1" doraHai="25" doraHaiUra="38" who="1" fromWho="2" sc="250,0,240,90,250,-80,250,0" /><INIT seed="1,0,0,5,4,11" ten="250,330,170,250" oya="1" hai0="33,18,84,45,126,28,103,82,37,44,31,97,104" hai1="108,71,24,59,38,86,76,128,119,89,29,26,81" hai2="48,93,30,34,79,62,66,8,4,23,99,47,63" hai3="56,130,32,112,125,111,67,52,78,95,54,105,14"/><U70/><E119/><V118/><F118/><W69/><G112/><T88/><D126/><U1/><E1/><V65/><F34/><W12/><G105/><T92/><D33/><U120/><E120/><V0/><F79/><W131/><G32/><T19/><D37/><U113/><E113/><V90/><F63/><N who="3" m="40191" /><G125/><T132/><D132/><U2/><E2/><V124/><F124/><W117/><G117/><T129/><D129/><N who="3" m="49161" /><G111/><T61/><D61/><U110/><E38/><V134/><F134/><W122/><G122/><T83/><D82/><U121/><E121/><V15/><F62/><N who="3" m="36103" /><G78/><T55/><D104/><U7/><E76/><V115/><F115/><W102/><G54/><T135/><D135/><U96/><E110/><V41/><REACH who="2" step="1"/><F0/><REACH who="2" ten="250,330,160,250" step="2"/><W114/><G114/><T6/><D6/><U21/><E128/><V10/><F10/><W5/><G5/><T17/><REACH who="0" step="1"/><D55/><REACH who="0" ten="240,330,160,250" step="2"/><U60/><E108/><V39/><F39/><W13/><G95/><T53/><D53/><U72/><E7/><V20/><F20/><W43/><G43/><T35/><D35/><U127/><E21/><V87/><F87/><W58/><G58/><T36/><D36/><U77/><E86/><V98/><F98/><W107/><G12/><T133/><D133/><U123/><E96/><AGARI ba="0,2" hai="13,14,96,102,107" m="36103,49161,40191" machi="96" ten="30,7700,0" yaku="19,1,52,2,54,1" doraHai="11" who="3" fromWho="1" sc="240,0,330,-77,160,0,250,97" /><INIT seed="2,0,0,0,1,88" ten="240,253,160,347" oya="2" hai0="65,18,17,89,103,71,99,14,127,22,72,52,111" hai1="122,85,31,75,42,123,120,47,62,129,32,39,118" hai2="6,45,38,19,126,9,132,80,1,25,134,33,46" hai3="95,124,100,82,101,29,13,58,96,3,24,61,7"/><V2/><F38/><W49/><G124/><T69/><D72/><U98/><E118/><V110/><F80/><W74/><G3/><T16/><D127/><U102/><E85/><V135/><F126/><W66/><G100/><T116/><D116/><U93/><E75/><V55/><F1/><W86/><G74/><T28/><D111/><U77/><E77/><V115/><F115/><W104/><G104/><T108/><D108/><U10/><E62/><V94/><F110/><W51/><G13/><T30/><D89/><U113/><E10/><V90/><F55/><W133/><G7/><T15/><D52/><U5/><E5/><V43/><F43/><W36/><G36/><T35/><D18/><U81/><E81/><V78/><F78/><W59/><G59/><T112/><D112/><U57/><E57/><V83/><F83/><W121/><G133/><T21/><D35/><U67/><E67/><V48/><F48/><W109/><G121/><T128/><D128/><U125/><E125/><V79/><F79/><N who="3" m="46431" /><G109/><T53/><D53/><U50/><E113/><V87/><REACH who="2" step="1"/><F33/><REACH who="2" ten="240,253,150,347" step="2"/><W76/><G76/><T8/><D65/><U26/><E129/><V20/><AGARI ba="0,1" hai="2,6,9,19,20,25,45,46,87,90,94,132,134,135" machi="20" ten="40,12000,1" yaku="1,1,2,1,0,1,20,1,52,1,53,0" doraHai="88" doraHaiUra="105" who="2" fromWho="2" sc="240,-40,253,-40,150,130,347,-40" /><INIT seed="2,1,0,1,5,79" ten="200,213,280,307" oya="2" hai0="4,118,81,95,84,123,60,112,130,17,105,90,93" hai1="11,27,50,26,55,78,0,7,82,104,133,40,43" hai2="24,70,35,58,120,109,102,62,30,65,8,86,124" hai3="126,53,91,28,69,135,100,44,29,61,74,83,122"/><V63/><F120/><W21/><G122/><T80/><D123/><U76/><E104/><V119/><F119/><W101/><G126/><T59/><D112/><U98/><E98/><V13/><F124/><W45/><G135/><T128/><D105/><U31/><E78/><V42/><F109/><W116/><G116/><T39/><D118/><U32/><E27/><V87/><F42/><W57/><G69/><T37/><D4/><U66/><E66/><V41/><F41/><W52/><G74/><T3/><D3/><U121/><E121/><V34/><F102/><N who="3" m="39531" /><G53/><N who="0" m="33903" /><D17/><U97/><E97/><V77/><F35/><W16/><G83/><N who="0" m="31819" /><D95/><U111/><E133/><V38/><F77/><W1/><G91/><T64/><D64/><U115/><E115/><V12/><F65/><W10/><G10/><T49/><D49/><U92/><E92/><V107/><F8/><W36/><G1/><T108/><D108/><U75/><REACH who="1" step="1"/><E111/><REACH who="1" ten="200,203,280,307" step="2"/><V46/><F107/><W68/><G68/><T73/><D73/><U20/><E20/><V88/><F70/><W5/><G21/><T56/><D56/><AGARI ba="1,1" hai="0,7,11,26,31,32,40,43,50,55,56,75,76,82" machi="56" ten="30,3900,0" yaku="1,1,7,1,52,1,53,0" doraHai="79" doraHaiUra="114" who="1" fromWho="0" sc="200,-42,203,52,280,0,307,0" /><INIT seed="3,0,0,1,5,68" ten="158,255,280,307" oya="3" hai0="2,54,55,96,130,76,64,51,0,29,127,118,85" hai1="1,121,122,95,41,67,43,42,129,33,82,123,125" hai2="73,72,52,65,27,113,83,106,104,71,99,35,112" hai3="91,14,66,98,90,60,126,57,19,78,63,84,47"/><W133/><G133/><T36/><D36/><U34/><E1/><V50/><F65/><W102/><G126/><T7/><D118/><U77/><E67/><V135/><F71/><W103/><G60/><T100/><D127/><U134/><E125/><V56/><F135/><W24/><G24/><T8/><D130/><U13/><E134/><V131/><F131/><W23/><G47/><T5/><D64/><U93/><E13/><V109/><F109/><W119/><G119/><T114/><D29/><U22/><E22/><V115/><F99/><W39/><G39/><T37/><D37/><U101/><E129/><V10/><F10/><W12/><G12/><T16/><D114/><U17/><E17/><V48/><F48/><W58/><G58/><T11/><D16/><U6/><E6/><V120/><F120/><W132/><G132/><T79/><D85/><U28/><E28/><V40/><F40/><W86/><G78/><T20/><D20/><U105/><E105/><V116/><F116/><W26/><G26/><T94/><REACH who="0" step="1"/><D55/><REACH who="0" ten="148,255,280,307" step="2"/><U61/><E123/><V62/><F112/><W46/><G86/><T32/><D32/><U107/><E33/><V9/><F115/><W44/><G84/><T88/><D88/><N who="3" m="33833" /><G98/><T18/><D18/><U75/><E34/><V89/><F35/><W124/><G124/><T110/><D110/><U70/><E122/><V117/><F117/><W38/><G38/><T3/><D3/><U108/><E121/><V87/><F113/><W111/><G111/><T25/><D25/><U21/><E108/><V92/><F27/><W80/><G80/><RYUUKYOKU ba="0,1" sc="148,15,255,-15,280,-15,307,15" hai0="0,2,5,7,8,11,51,54,76,79,94,96,100" hai3="14,19,23,44,46,57,63,66,102,103" owari="163,-33.7,240,-16.0,265,6.5,332,43.2" /></mjloggm>