<mjloggm ver="2.3"><GO type="225" lobby="0"/><UN n0="%72%65%6E%6B%75%6E" n1="%E3%83%81%E3%83%A7%E3%83%99%E3%83%83%E3%82%AF" n2="%70%6F%69%73%6F%6E%30%32" n3="%E7%AC%B9%E9%A4%85" dan="17,16,16,18" rate="2239.29,2116.83,2108.04,2213.72" sx="M,M,M,M"/><TAIKYOKU oya="0"/><INIT seed="0,0,0,0,0,32" ten="250,250,250,250" oya="0" hai0="116,50,37,62,33,42,68,13,46,29,18,31,66" hai1="98,96,48,8,3,24,114,119,27,77,35,69,89" hai2="19,86,63,115,85,12,126,87,10,88,102,79,80" hai3="117,73,0,64,76,78,4,74,47,23,108,129,65"/><T122/><D116/><U112/><E69/><V51/><F115/><N who="1" m="44073" /><E77/><V90/><F126/><W123/><G117/><T34/><D122/><U14/><E119/><V134/><F102/><W91/><G123/><T92/><D34/><U121/><E121/><V5/><F134/><W41/><G108/><T97/><D33/><U81/><E3/><V25/><F63/><W57/><G129/><T52/><D97/><N who="1" m="37483" /><E35/><V26/><F51/><W110/><G110/><T105/><D105/><U67/><E67/><V17/><F26/><W38/><G91/><T130/><D92/><U39/><E39/><V109/><F109/><W132/><G132/><T111/><D130/><U101/><E101/><V45/><F45/><W124/><G124/><T43/><D111/><U99/><E48/><V70/><F70/><W106/><G106/><T1/><D1/><U11/><E11/><V94/><REACH who="2" step="1"/><F25/><REACH who="2" ten="250,250,240,250" step="2"/><W54/><G38/><T127/><D127/><U9/><E27/><V21/><F21/><W120/><G23/><N who="0" m="11727" /><D42/><U59/><E24/><V100/><F100/><W22/><G41/><T125/><D125/><U55/><E59/><AGARI ba="0,1" hai="29,31,37,43,46,50,52,59,62,66,68" m="11727" machi="59" ten="30,2900,0" yaku="24,1,54,1" doraHai="32" who="0" fromWho="1" sc="250,39,250,-29,240,0,250,0" /><INIT seed="0,1,0,1,1,128" ten="289,221,240,250" oya="0" hai0="118,26,23,61,69,59,74,0,86,40,64,17,82" hai1="135,111,3,103,97,72,116,57,107,126,94,15,49" hai2="133,78,2,70,56,123,80,21,51,28,96,101,32" hai3="4,62,91,87,113,122,58,108,9,55,22,11,29"/><T114/><D114/><U131/><E116/><V18/><F123/><W25/><G113/><T63/><D118/><U38/><E38/><V8/><F70/><W102/><G122/><T134/><D134/><U132/><E3/><V125/><F133/><N who="1" m="51273" /><E72/><V1/><F125/><W7/><G102/><T19/><D74/><U10/><E111/><V31/><F32/><W46/><G108/><T98/><D0/><U73/><E73/><V42/><F8/><N who="3" m="3147" /><G46/><T75/><D75/><U60/><E49/><V41/><F41/><W20/><G20/><T127/><D40/><U13/><E131/><V30/><F80/><AGARI ba="1,0" hai="4,7,22,25,29,55,58,62,80,87,91" m="3147" machi="80" ten="30,1000,0" yaku="8,1" doraHai="128" who="3" fromWho="2" sc="289,0,221,0,240,-13,250,13" /><INIT seed="1,0,0,2,5,99" ten="289,221,227,263" oya="1" hai0="2,132,66,7,129,20,5,69,50,71,10,53,55" hai1="43,56,8,112,115,64,126,88,36,97,25,65,84" hai2="102,82,103,14,39,21,42,16,127,110,31,89,29" hai3="133,107,61,37,117,40,44,45,104,41,131,121,54"/><U17/><E126/><V52/><F110/><W58/><G121/><T123/><D123/><U124/><E124/><V130/><F127/><W22/><G131/><T70/><D129/><U81/><E36/><V46/><F130/><W116/><G22/><T109/><D109/><U100/><E43/><V62/><F31/><W120/><G120/><T128/><D128/><U27/><E115/><V13/><F29/><W87/><G87/><T91/><D132/><U30/><E112/><V101/><F14/><W9/><G9/><T77/><D77/><U135/><E135/><V113/><F113/><W105/><REACH who="3" step="1"/><G133/><REACH who="3" ten="289,221,227,253" step="2"/><T72/><D20/><N who="1" m="15655" /><E56/><V4/><F4/><W34/><G34/><T38/><D10/><U18/><E18/><V134/><F134/><W122/><G122/><T125/><D69/><U24/><E24/><V119/><F119/><W108/><G108/><T19/><D70/><U11/><E11/><V63/><REACH who="2" step="1"/><F52/><REACH who="2" ten="289,221,217,253" step="2"/><W28/><G28/><T106/><D125/><U35/><E35/><V68/><F68/><W57/><G57/><T32/><D71/><U0/><E27/><V15/><F15/><W23/><G23/><T73/><D32/><U94/><E0/><V93/><F93/><W114/><G114/><T111/><D2/><U12/><AGARI ba="0,2" hai="8,12,17,64,65,81,84,88,94,97,100" m="15655" machi="12" ten="30,6000,0" yaku="8,1,52,1,54,1" doraHai="99" who="1" fromWho="1" sc="289,-20,221,80,217,-20,253,-20" /><INIT seed="1,1,0,5,4,83" ten="269,301,197,233" oya="1" hai0="10,75,23,127,120,82,29,111,78,91,66,80,135" hai1="89,56,6,9,79,107,30,35,59,8,119,27,46" hai2="15,112,1,72,33,41,88,117,102,69,123,131,114" hai3="18,47,7,125,14,67,74,81,25,28,113,118,20"/><U13/><E107/><V12/><F1/><W3/><G113/><N who="2" m="43625" /><F72/><W93/><G125/><T48/><D127/><U60/><E79/><V17/><F123/><W105/><G105/><T86/><D120/><U58/><E58/><V94/><BYE who="1" /><F117/><W0/><G118/><T101/><D111/><UN n1="%E3%83%81%E3%83%A7%E3%83%99%E3%83%83%E3%82%AF" /><U129/><E119/><V39/><F33/><W61/><G93/><T95/><D135/><U44/><E59/><V64/><F102/><W100/><G100/><T108/><D108/><U126/><E129/><V24/><F41/><W90/><G47/><T96/><D66/><U121/><E126/><V84/><F39/><W104/><G104/><T34/><D34/><U22/><E35/><V31/><F131/><W19/><G19/><T85/><D48/><U134/><E134/><V77/><F77/><W73/><G73/><T36/><D10/><U16/><E89/><V51/><F51/><W26/><G74/><T55/><D55/><U43/><E43/><V54/><F54/><W32/><G67/><T42/><D75/><U53/><REACH who="1" step="1"/><E121/><REACH who="1" ten="269,291,197,233" step="2"/><V2/><F31/><W40/><G28/><T92/><D42/><U109/><E109/><V52/><F52/><W87/><G40/><T62/><D62/><U103/><E103/><V37/><F37/><W11/><G61/><T99/><D36/><U65/><E65/><V5/><F64/><W45/><G45/><T128/><D128/><U115/><E115/><V63/><F63/><W49/><G49/><T97/><D101/><U70/><E70/><V21/><F69/><W38/><G38/><T68/><D68/><U124/><E124/><RYUUKYOKU ba="1,1" sc="269,0,291,0,197,0,233,0" hai0="23,29,78,80,82,85,86,91,92,95,96,97,99" hai1="6,8,9,13,16,22,27,30,44,46,53,56,60" hai2="2,5,12,15,17,21,24,84,88,94" hai3="0,3,7,11,14,18,20,25,26,32,81,87,90" /><INIT seed="1,2,1,3,2,100" ten="269,291,197,233" oya="1" hai0="41,11,28,32,115,0,120,20,78,40,76,33,62" hai1="52,130,8,24,124,72,113,7,73,103,70,15,37" hai2="119,134,107,75,105,17,26,46,66,88,96,25,90" hai3="97,3,133,101,82,111,121,93,69,117,45,38,131"/><U109/><E113/><V108/><F119/><W9/><G82/><T126/><D115/><U95/><E37/><V42/><F75/><W102/><G102/><T106/><D62/><U2/><E70/><V58/><F108/><W6/><G69/><T98/><D20/><U22/><E109/><V27/><F134/><W21/><G111/><T60/><D60/><U57/><E130/><V59/><F17/><W36/><G131/><T84/><D84/><U91/><E103/><V81/><F66/><W110/><G110/><T48/><D48/><U87/><E2/><V13/><F13/><W125/><G133/><T118/><D98/><U135/><E124/><V30/><F30/><W49/><G125/><T74/><D11/><U34/><E34/><V56/><F96/><W128/><G128/><T53/><D53/><U55/><E55/><V104/><F81/><W50/><G117/><T35/><D28/><U86/><E86/><V51/><AGARI ba="2,1" hai="25,26,27,42,46,51,56,58,59,88,90,104,105,107" machi="51" ten="40,12000,2" yaku="0,1,29,2,52,3,54,1" doraHai="100" who="2" fromWho="2" sc="269,-32,291,-62,197,136,233,-32" /><INIT seed="2,0,0,4,4,29" ten="237,229,333,201" oya="2" hai0="110,118,108,99,37,81,133,65,109,114,98,119,124" hai1="36,91,45,93,9,58,115,72,88,63,52,34,47" hai2="100,94,78,28,12,64,15,70,25,135,43,112,51" hai3="62,122,49,106,102,53,131,24,21,76,0,87,31"/><V113/><F78/><W41/><G122/><T125/><D37/><U128/><E72/><V27/><F135/><W4/><G131/><T75/><D65/><U5/><E115/><V39/><F39/><W77/><G106/><T105/><D133/><U95/><E34/><V69/><F27/><W50/><G102/><N who="0" m="62679" /><D114/><U18/><E36/><V80/><F80/><W132/><G132/><T101/><D81/><U40/><E40/><V35/><F70/><W1/><G1/><T56/><D56/><U85/><E128/><V89/><F100/><W84/><G0/><T3/><D3/><U22/><E9/><V20/><F20/><W83/><G4/><T123/><D75/><U48/><E5/><V111/><F113/><W42/><G62/><T107/><D123/><U126/><E126/><AGARI ba="0,0" hai="99,101,107,108,109,110,118,119,124,125,126" m="62679" machi="126" ten="40,8000,1" yaku="14,1,18,1,23,1,34,2" doraHai="29" who="0" fromWho="1" sc="237,80,229,-80,333,0,201,0" /><INIT seed="3,0,0,3,1,89" ten="317,149,333,201" oya="3" hai0="100,60,118,111,97,70,20,7,8,113,71,40,11" hai1="38,73,102,131,84,59,117,47,0,69,58,105,42" hai2="130,19,27,67,64,44,10,122,16,54,18,49,135" hai3="99,93,12,115,31,80,36,63,56,48,22,91,23"/><W106/><G36/><T112/><D118/><U14/><E14/><N who="2" m="7255" /><F135/><W55/><G106/><T68/><D111/><U26/><E117/><V87/><F130/><W5/><G115/><N who="0" m="44107" /><D40/><U34/><E84/><V9/><F122/><W4/><G80/><T29/><D60/><U127/><E58/><V129/><F129/><W92/><G31/><T109/><D109/><U132/><E59/><V96/><F96/><W101/><G63/><T81/><D81/><U24/><E24/><V116/><F116/><W32/><G32/><T51/><D51/><U134/><E131/><V98/><F98/><W25/><G25/><N who="0" m="16551" /><D7/><N who="3" m="2633" /><G12/><T76/><D76/><U86/><E86/><AGARI ba="0,0" hai="22,23,48,55,56,86,91,92,93,99,101" m="2633" machi="86" ten="30,5800,0" yaku="8,1,52,2" doraHai="89" who="3" fromWho="1" sc="317,0,149,-58,333,0,201,58" /><INIT seed="3,1,0,4,2,11" ten="317,91,333,259" oya="3" hai0="72,110,83,1,131,52,47,76,79,54,88,112,78" hai1="105,104,35,62,60,135,66,75,103,114,41,132,32" hai2="128,51,61,26,5,107,16,43,94,24,85,73,38" hai3="15,122,14,109,126,59,48,123,53,17,100,87,28"/><W0/><G0/><T127/><D1/><U95/><E95/><V29/><F73/><W65/><G123/><T98/><D72/><U81/><E75/><V34/><F107/><W39/><G39/><T9/><D110/><U101/><E66/><V23/><F38/><W63/><G122/><T80/><D131/><U7/><E114/><V117/><F128/><W121/><G121/><T10/><D112/><U116/><E116/><V129/><F117/><W89/><G126/><T46/><D127/><U70/><E70/><V69/><F5/><W90/><G109/><T74/><D74/><U130/><E130/><V40/><F129/><W84/><G28/><T125/><D125/><U22/><E22/><V96/><F85/><W77/><G100/><T8/><D98/><U49/><E49/><V33/><F51/><W19/><G77/><T111/><D111/><U13/><E41/><V20/><F34/><W3/><G3/><T58/><D54/><U93/><E93/><V115/><F33/><W99/><G99/><T45/><D88/><N who="3" m="33897" /><G19/><T56/><D52/><U97/><E97/><V36/><F36/><W120/><G120/><T118/><D118/><U68/><E68/><V30/><F30/><W31/><G31/><T12/><D12/><N who="3" m="4649" /><G17/><T91/><D91/><U67/><E13/><V55/><F115/><W133/><G133/><T44/><N who="0" m="11264" /><DORA hai="27" /><T4/><D4/><U64/><REACH who="1" step="1"/><E7/><REACH who="1" ten="317,81,333,259" step="2"/><V106/><F69/><N who="3" m="42175" /><G87/><T6/><D6/><U42/><E42/><V57/><F106/><W108/><G108/><T18/><D18/><U92/><E92/><V2/><F2/><RYUUKYOKU ba="1,1" sc="317,0,81,0,333,0,259,0" hai0="8,9,10,56,58,76,78,79,80,83" hai1="32,35,60,62,64,67,81,101,103,104,105,132,135" hai2="16,20,23,24,26,29,40,43,55,57,61,94,96" hai3="48,53,59,84" /><INIT seed="3,2,1,0,0,106" ten="317,81,333,259" oya="3" hai0="44,126,36,121,133,93,56,30,87,118,57,21,131" hai1="5,15,70,39,94,72,68,69,85,49,127,112,73" hai2="34,86,95,134,110,18,116,66,8,84,113,48,11" hai3="78,17,79,13,40,54,62,81,71,101,3,129,58"/><W51/><G3/><T47/><D121/><U19/><E39/><V61/><F110/><W4/><G129/><T91/><D118/><U27/><E112/><V132/><F116/><W23/><G101/><T64/><D131/><U135/><E135/><N who="2" m="51755" /><F113/><W52/><G4/><T29/><D133/><U43/><E127/><V28/><F48/><W115/><G115/><T31/><D126/><U45/><E27/><N who="2" m="18719" /><F95/><W105/><G105/><T76/><D36/><U9/><E94/><V2/><F18/><W103/><G103/><T102/><D102/><U128/><E128/><V123/><F123/><W82/><G40/><T104/><D104/><U32/><E32/><V1/><F11/><W22/><G71/><T97/><D21/><U99/><E99/><V7/><F2/><W100/><G100/><T120/><D120/><U114/><E114/><V111/><F111/><W59/><G23/><T24/><D24/><U14/><REACH who="1" step="1"/><E85/><REACH who="1" ten="317,71,333,259" step="2"/><V55/><F55/><W33/><G33/><T98/><D98/><U108/><E108/><V65/><F65/><W117/><G117/><T16/><D64/><U80/><E80/><AGARI ba="2,2" hai="13,17,22,51,52,54,58,59,62,78,79,80,81,82" machi="80" ten="40,3900,0" yaku="8,1,54,1" doraHai="106" who="3" fromWho="1" sc="317,0,71,-45,333,0,259,65" /><INIT seed="3,3,0,1,5,21" ten="317,26,333,324" oya="3" hai0="47,25,17,65,30,130,82,132,26,16,4,113,52" hai1="54,102,85,84,12,22,69,120,46,14,2,49,40" hai2="60,98,0,127,96,78,91,44,23,32,15,75,83" hai3="59,53,77,95,8,58,128,103,72,51,9,79,50"/><W88/><G103/><T105/><D105/><U11/><E69/><V122/><F32/><W76/><G72/><T43/><D132/><U129/><E2/><V131/><F0/><W61/><G128/><T57/><D130/><U71/><E71/><V62/><F131/><W70/><G70/><T68/><D113/><U99/><E120/><V93/><F127/><W41/><G41/><T110/><D110/><U123/><E123/><V119/><F119/><W45/><G59/><T66/><D4/><U104/><E129/><V117/><F117/><W87/><G50/><N who="0" m="27007" /><D82/><U97/><E97/><V121/><F98/><W73/><G73/><T48/><D68/><U20/><E14/><V5/><F62/><W67/><AGARI ba="3,0" hai="8,9,45,51,53,58,61,67,76,77,79,87,88,95" machi="67" ten="30,6000,0" yaku="0,1,8,1,54,1" doraHai="21" who="3" fromWho="3" sc="317,-23,26,-23,333,-23,324,69" owari="294,-10.6,3,-49.7,310,11.0,393,49.3" /></mjloggm>