<mjloggm ver="2.3"><GO type="225" lobby="0"/><UN n0="%70%6F%69%73%6F%6E%30%32" n1="%E3%81%AD%E3%82%80%E3%81%84%40%E9%9B%80%E9%B3%B4%E4%BC%9A" n2="%E3%81%95%E3%81%8D%E3%81%9F%E3%81%BE%E6%9E%97%E6%AA%8E" n3="%72%69%6F%75%63%68%61%6E" dan="16,16,16,16" rate="2055.63,2184.88,2122.20,2140.55" sx="M,F,M,M"/><TAIKYOKU oya="0"/><INIT seed="0,0,0,2,5,132" ten="250,250,250,250" oya="0" hai0="104,65,82,119,130,97,114,56,8,15,118,69,18" hai1="26,38,11,99,122,31,16,33,92,7,51,109,110" hai2="96,35,36,90,115,60,124,93,123,83,47,40,113" hai3="102,58,84,70,78,42,95,98,45,43,34,19,108"/><T125/><D114/><U59/><E38/><V10/><F123/><W101/><G70/><T129/><D69/><U73/><E73/><V75/><F75/><W135/><G108/><N who="1" m="41578" /><E122/><V9/><F35/><W37/><G135/><T57/><D82/><U3/><E59/><V17/><F60/><W27/><G42/><T28/><D28/><U32/><E51/><V5/><F17/><W72/><G72/><T76/><D76/><U134/><E134/><V24/><F24/><W91/><G58/><N who="0" m="22635" /><D65/><U48/><E48/><V20/><F20/><W4/><G4/><T64/><D64/><U107/><E107/><V71/><F10/><W53/><G53/><T30/><D30/><U2/><E33/><V39/><F39/><W66/><G66/><T116/><D97/><U120/><E120/><V41/><F41/><W117/><G117/><T86/><D86/><U128/><E128/><N who="0" m="49257" /><D104/><U88/><E16/><V103/><F71/><W74/><G74/><T55/><D55/><U12/><AGARI ba="0,0" hai="2,3,7,11,12,26,31,32,88,92,99" m="41578" machi="12" ten="30,2000,0" yaku="14,1,54,1" doraHai="132" who="1" fromWho="1" sc="250,-10,250,20,250,-5,250,-5" /><INIT seed="1,0,0,3,5,9" ten="240,270,245,245" oya="1" hai0="33,56,87,127,81,96,97,125,46,129,76,73,95" hai1="82,15,118,85,122,32,26,72,0,58,53,130,1" hai2="27,113,75,71,39,68,10,114,14,119,17,49,91" hai3="12,11,133,64,52,104,16,135,78,74,112,70,65"/><U128/><E118/><V37/><F75/><W8/><G112/><N who="2" m="43113" /><F119/><W20/><G104/><T132/><D33/><U90/><E122/><V34/><F91/><W42/><G42/><T98/><D46/><U117/><E117/><V109/><F109/><W126/><G126/><N who="0" m="48139" /><D56/><U88/><E72/><V55/><F34/><W43/><G43/><T38/><D38/><N who="2" m="14346" /><F27/><W2/><G2/><T86/><D132/><N who="3" m="50761" /><G52/><T31/><D31/><U22/><E90/><V30/><F30/><W5/><G70/><T115/><D115/><U121/><E121/><V28/><F28/><W21/><G8/><T108/><D108/><U47/><E32/><V69/><F69/><W13/><G21/><T50/><D50/><U62/><E26/><V84/><F84/><N who="0" m="32298" /><D129/><N who="1" m="49771" /><E47/><AGARI ba="0,0" hai="10,14,17,47,49,55,68,71" m="14346,43113" machi="47" ten="30,2000,0" yaku="11,1,52,1" doraHai="9" who="2" fromWho="1" sc="240,0,270,-20,245,20,245,0" /><INIT seed="2,0,0,5,4,64" ten="240,250,265,245" oya="2" hai0="12,79,75,19,74,20,34,98,42,49,135,52,45" hai1="9,35,39,27,46,25,84,131,26,54,22,119,89" hai2="17,11,59,8,40,1,132,123,106,110,65,13,72" hai3="60,125,91,41,107,78,80,97,58,94,23,53,69"/><V56/><F123/><W33/><G33/><T70/><D34/><U120/><E119/><V100/><F72/><W71/><G125/><T121/><D121/><U66/><E35/><V62/><F40/><W3/><G3/><T50/><D135/><U95/><E120/><V104/><F132/><W92/><G107/><T99/><D70/><U112/><E112/><V126/><F126/><W63/><G41/><T87/><D87/><U2/><E131/><V102/><F110/><W128/><G128/><T116/><D116/><U67/><E39/><V118/><F118/><W77/><G77/><T73/><REACH who="0" step="1"/><D79/><REACH who="0" ten="230,250,265,245" step="2"/><U83/><E84/><V127/><F127/><W76/><G78/><T86/><D86/><U55/><E66/><V90/><F65/><W129/><G129/><T31/><D31/><U10/><E67/><V16/><F1/><W36/><G36/><T108/><D108/><U88/><E2/><V85/><F85/><W5/><G76/><T103/><D103/><U134/><E134/><V0/><F0/><W82/><G69/><T130/><D130/><U114/><E114/><V24/><F102/><W21/><G71/><T43/><D43/><U47/><E55/><V101/><F100/><W113/><G113/><T4/><D4/><U37/><E54/><V93/><F101/><N who="3" m="60583" /><G5/><T61/><D61/><U115/><E37/><V14/><F62/><W109/><G63/><T133/><D133/><U15/><E115/><V32/><F106/><W29/><G109/><T117/><D117/><U68/><E68/><V122/><F104/><W7/><G7/><T124/><D124/><RYUUKYOKU ba="0,1" sc="230,30,250,-10,265,-10,245,-10" hai0="12,19,20,42,45,49,50,52,73,74,75,98,99" /><INIT seed="3,1,1,3,5,50" ten="260,240,255,235" oya="3" hai0="104,4,0,94,95,90,8,91,130,7,112,92,60" hai1="30,65,129,21,39,48,11,121,118,45,66,10,35" hai2="111,59,117,107,85,103,26,53,131,27,12,115,72" hai3="80,24,29,2,32,54,88,133,49,52,61,102,100"/><W79/><G2/><T28/><D104/><U82/><E121/><V101/><F115/><W89/><G133/><T76/><D130/><U43/><E35/><V87/><F117/><W135/><G135/><T19/><D112/><U122/><E122/><V44/><F72/><W84/><G61/><T40/><D76/><U47/><E129/><V127/><F131/><W71/><G71/><T37/><D7/><U83/><E118/><V18/><F107/><W96/><G52/><T64/><D28/><U120/><E120/><V116/><F44/><N who="1" m="16969" /><E48/><N who="2" m="31143" /><F111/><W98/><G98/><T58/><D37/><U132/><E43/><V23/><F127/><W63/><G63/><T124/><D40/><U105/><E39/><V56/><F56/><W16/><G16/><T123/><D123/><U74/><E74/><V57/><F57/><W93/><G102/><N who="2" m="38921" /><F116/><W106/><REACH who="3" step="1"/><G106/><REACH who="3" ten="260,240,255,225" step="2"/><T33/><D19/><U62/><E105/><V14/><F14/><W97/><G97/><T114/><D114/><U36/><E132/><V5/><F5/><W55/><G55/><T119/><D119/><U128/><E128/><V41/><F41/><W51/><G51/><T70/><D70/><N who="1" m="42295" /><E36/><V1/><F1/><W34/><G34/><T9/><D33/><U3/><E66/><V67/><F67/><W42/><G42/><T75/><D9/><N who="1" m="3083" /><E3/><V126/><F126/><W68/><G68/><T77/><D124/><U6/><E6/><V99/><F99/><W81/><G81/><N who="1" m="30730" /><E30/><V31/><F31/><W69/><G69/><T17/><D17/><U20/><AGARI ba="1,2" hai="20,21" m="30730,3083,42295,16969" machi="20" ten="30,2000,0" yaku="26,2" doraHai="50" who="1" fromWho="1" sc="260,-6,240,43,255,-6,225,-11" /><INIT seed="4,0,0,2,4,61" ten="254,283,249,214" oya="0" hai0="31,55,75,94,9,129,123,0,56,19,110,36,51" hai1="73,127,48,54,8,69,14,101,71,32,16,26,38" hai2="29,135,82,76,49,39,10,109,5,27,17,130,42" hai3="121,124,104,90,83,78,2,118,106,88,100,37,96"/><T63/><D123/><U126/><E38/><V74/><F109/><W132/><G2/><T108/><D36/><U134/><E73/><V60/><F49/><W44/><G118/><T6/><D75/><U64/><E134/><V3/><F17/><W85/><G121/><T93/><D129/><U80/><E101/><V113/><F135/><W95/><G132/><T84/><D31/><N who="1" m="19575" /><E64/><V128/><F60/><W46/><G124/><N who="1" m="47658" /><E80/><V21/><REACH who="2" step="1"/><F113/><REACH who="2" ten="254,283,239,214" step="2"/><W120/><G120/><T43/><D19/><U103/><E103/><V68/><F68/><W30/><G30/><T125/><D125/><U105/><E105/><N who="3" m="40554" /><G37/><T40/><D110/><U53/><E53/><V50/><F50/><W34/><G44/><AGARI ba="0,1" hai="8,14,16,44,48,54,69,71" m="47658,19575" machi="44" ten="30,2000,0" yaku="18,1,54,1" doraHai="61" who="1" fromWho="3" sc="254,0,283,30,239,0,214,-20" /><AGARI ba="0,0" hai="3,5,10,21,27,29,39,42,44,74,76,82,128,130" machi="44" ten="40,5200,0" yaku="1,1,25,2,53,0" doraHai="61" doraHaiUra="81" who="2" fromWho="3" sc="254,0,313,0,239,52,194,-52" owari="254,-14.6,313,41.3,291,9.1,142,-35.8" /></mjloggm>