<mjloggm ver="2.3"><GO type="225" lobby="0"/><UN n0="%E3%81%A4%E3%81%A3%E3%81%B1%E3%82%8A%E3%83%9D%E3%83%BC%E3%83%AB" n1="%E8%B7%AF%E9%9C%B8" n2="%E3%81%BD%E3%81%A1%E3%81%9F%E3%81%93%E3%82%84" n3="%E6%A1%9C%E8%8A%B1%E9%96%83%E3%80%85" dan="17,17,16,17" rate="2154.11,2119.66,2175.58,2244.80" sx="M,M,M,M"/><TAIKYOKU oya="0"/><INIT seed="0,0,0,4,1,74" ten="250,250,250,250" oya="0" hai0="14,125,51,92,126,52,54,96,112,81,91,98,104" hai1="60,119,39,122,90,42,115,44,135,30,62,59,106" hai2="120,131,78,88,121,50,19,64,83,79,35,134,110" hai3="86,11,1,101,37,82,17,100,75,103,118,25,80"/><T84/><D112/><U46/><E119/><V108/><F35/><W0/><G118/><T8/><D104/><U107/><E115/><V55/><F64/><W27/><G37/><T97/><D92/><U56/><E122/><V7/><F7/><W38/><G38/><T13/><D54/><U47/><E135/><V6/><F134/><W53/><G53/><T26/><D26/><U99/><E30/><V20/><F6/><W10/><G75/><T114/><D114/><U128/><E128/><V68/><F68/><W41/><G41/><T45/><REACH who="0" step="1"/><D13/><REACH who="0" ten="240,250,250,250" step="2"/><U71/><E106/><V130/><F121/><W48/><G27/><T63/><D63/><U29/><E62/><V16/><F120/><W85/><G25/><T33/><D33/><U65/><E107/><V23/><F55/><W18/><G101/><T72/><D72/><U76/><E60/><V61/><F61/><W24/><G24/><T109/><D109/><U36/><E29/><V28/><F28/><W123/><G123/><T89/><D89/><U57/><E90/><V133/><F88/><W87/><G87/><T132/><D132/><U58/><E42/><V66/><F133/><W12/><G12/><T4/><AGARI ba="0,1" hai="4,8,14,45,51,52,81,84,91,96,97,98,125,126" machi="4" ten="30,6000,0" yaku="1,1,0,1,54,1,53,0" doraHai="74" doraHaiUra="67" who="0" fromWho="0" sc="240,70,250,-20,250,-20,250,-20" /><INIT seed="0,1,0,5,5,118" ten="310,230,230,230" oya="0" hai0="105,38,102,19,90,2,80,59,84,112,54,4,87" hai1="128,134,131,74,0,20,121,100,46,65,17,133,129" hai2="98,1,97,117,83,75,28,41,40,91,81,39,122" hai3="109,22,49,44,66,73,106,42,27,110,11,107,15"/><T124/><D112/><U7/><E74/><V61/><F1/><W99/><G66/><T94/><D124/><U127/><E65/><V29/><F75/><W51/><G51/><T32/><D32/><U50/><E100/><V93/><F117/><W10/><G73/><T89/><D38/><U12/><E127/><V33/><F33/><W115/><G115/><T13/><D2/><U95/><E95/><N who="2" m="56575" /><F122/><W55/><G42/><N who="2" m="16489" /><F61/><W132/><G132/><N who="1" m="50794" /><E7/><V56/><F56/><W30/><G10/><T126/><D4/><U71/><E71/><V60/><F60/><W31/><G31/><N who="2" m="11849" /><F39/><W104/><REACH who="3" step="1"/><G99/><REACH who="3" ten="310,230,230,220" step="2"/><N who="0" m="59767" /><D126/><U113/><E113/><V25/><F25/><W24/><G24/><T37/><D37/><U14/><E0/><V62/><F62/><W63/><G63/><T111/><D84/><U52/><E121/><V53/><F53/><W6/><AGARI ba="1,1" hai="6,11,15,22,27,30,44,49,55,104,106,107,109,110" machi="6" ten="40,2700,0" yaku="1,1,0,1,53,0" doraHai="118" doraHaiUra="69" who="3" fromWho="3" sc="310,-14,230,-8,230,-8,220,40" /><INIT seed="1,0,0,1,4,127" ten="296,222,222,260" oya="1" hai0="84,7,22,95,26,34,99,77,49,134,28,15,102" hai1="110,80,27,86,56,25,124,100,40,90,2,12,17" hai2="5,61,81,113,89,54,114,33,74,94,47,85,46" hai3="104,23,125,50,24,14,58,63,135,118,97,70,67"/><U88/><E2/><V19/><F33/><W62/><G125/><T75/><D134/><U59/><E124/><V43/><F5/><W32/><G135/><T128/><D75/><U76/><E110/><V18/><F74/><W83/><G118/><T106/><D34/><U6/><E40/><V60/><F81/><W93/><G104/><T107/><D128/><U98/><E6/><V112/><F47/><W103/><G32/><T92/><D49/><U65/><E90/><V96/><F85/><W66/><G14/><T53/><D53/><U45/><E45/><V20/><F54/><W57/><G70/><T30/><D30/><U21/><E76/><V87/><F87/><W3/><G3/><T44/><D44/><U117/><E117/><V35/><F35/><W38/><G50/><T108/><D108/><U71/><E71/><V0/><F0/><W120/><G120/><T129/><D129/><U122/><E122/><V116/><F116/><W119/><G83/><N who="0" m="47215" /><D107/><U10/><E65/><V9/><F9/><W42/><G42/><T37/><D37/><U111/><E111/><V13/><REACH who="2" step="1"/><F18/><REACH who="2" ten="296,222,212,260" step="2"/><W109/><G119/><T91/><D7/><U48/><E10/><V132/><F132/><W41/><G109/><T133/><D133/><U69/><E17/><V126/><F126/><W31/><G41/><T4/><D4/><U123/><E80/><V79/><F79/><W1/><G1/><T52/><D52/><U130/><E130/><V55/><F55/><W121/><G121/><T51/><D22/><U64/><E21/><V29/><F29/><W8/><G8/><RYUUKYOKU ba="0,1" sc="296,-15,222,-15,212,15,260,15" hai2="13,19,20,43,46,60,61,89,94,96,112,113,114" hai3="23,24,31,38,57,58,62,63,66,67,93,97,103" /><INIT seed="2,1,1,0,4,118" ten="281,207,227,275" oya="2" hai0="63,30,76,37,84,95,1,2,19,107,70,20,21" hai1="4,125,91,53,29,121,109,22,11,39,80,47,18" hai2="9,133,94,131,93,25,55,26,3,86,49,89,73" hai3="122,64,15,106,130,34,108,7,69,65,0,97,17"/><V101/><F73/><W46/><G108/><T50/><D37/><U75/><E109/><V27/><F131/><W113/><G130/><T82/><D107/><U99/><E125/><V114/><F114/><W41/><G34/><T104/><D104/><U12/><E29/><V43/><F133/><W85/><G85/><T129/><D129/><U57/><E121/><V48/><F43/><W8/><G113/><T32/><D32/><U98/><E39/><V132/><F132/><W42/><G42/><T74/><D50/><U87/><E75/><V83/><F101/><W36/><G69/><T28/><D28/><U40/><E47/><V103/><F103/><W128/><G122/><T112/><D112/><U127/><E127/><V88/><F48/><W23/><G128/><T72/><D72/><U78/><E78/><V5/><REACH who="2" step="1"/><F89/><REACH who="2" ten="281,207,217,275" step="2"/><W33/><G41/><T31/><D74/><U102/><E40/><V105/><F105/><W126/><G36/><T100/><D100/><U116/><E102/><V16/><F16/><W61/><G17/><T14/><D19/><U38/><E38/><V62/><F62/><W59/><G61/><T134/><D63/><N who="1" m="36271" /><E116/><V6/><F6/><W110/><G7/><T124/><D134/><U117/><E117/><V68/><F68/><W45/><G106/><T54/><D70/><U111/><E111/><V60/><F60/><N who="3" m="37919" /><G110/><T67/><D124/><U79/><E91/><V44/><AGARI ba="1,2" hai="3,5,9,25,26,27,44,49,55,83,86,88,93,94" machi="44" ten="30,6000,0" yaku="1,1,0,1,54,1,53,0" doraHai="118" doraHaiUra="24" who="2" fromWho="2" sc="281,-21,207,-21,217,83,275,-21" /><INIT seed="2,2,0,5,4,57" ten="260,186,300,254" oya="2" hai0="127,108,79,4,126,102,46,89,71,112,85,14,81" hai1="100,39,20,33,87,125,117,41,2,70,77,131,122" hai2="106,93,107,6,66,124,116,95,109,75,105,128,123" hai3="8,63,60,28,73,76,98,59,13,104,32,40,18"/><V55/><F116/><W43/><G73/><T50/><D71/><U91/><E117/><V9/><F123/><W38/><G76/><T80/><D112/><U17/><E33/><V90/><F75/><W119/><G119/><T35/><D35/><U86/><E122/><V53/><F128/><W3/><G3/><T58/><D102/><U72/><E70/><V135/><F66/><W27/><G38/><T56/><D108/><U31/><E131/><V16/><F109/><W120/><G120/><T62/><D14/><U10/><E125/><N who="0" m="47625" /><D4/><U78/><E100/><V21/><F124/><W64/><G104/><T23/><D23/><U48/><E39/><V103/><F103/><W115/><G98/><T52/><D62/><U45/><E72/><AGARI ba="2,0" hai="46,50,52,56,58,72,79,80,81,85,89" m="47625" machi="72" ten="30,2000,0" yaku="18,1,54,1" doraHai="57" who="0" fromWho="1" sc="260,26,186,-26,300,0,254,0" /><INIT seed="3,0,0,0,5,26" ten="286,160,300,254" oya="3" hai0="87,104,40,92,68,22,60,66,70,63,124,14,52" hai1="6,69,21,89,86,9,114,1,74,10,109,67,107" hai2="126,15,61,53,31,77,56,81,38,125,36,108,131" hai3="19,83,76,123,62,80,18,30,91,35,95,32,34"/><W27/><G123/><T97/><D124/><N who="2" m="47722" /><F108/><W113/><G113/><T82/><D104/><U45/><E114/><V37/><F131/><W79/><G62/><T73/><D73/><U120/><E120/><V117/><F117/><W49/><G49/><T41/><D22/><U99/><E109/><V88/><F31/><W54/><G54/><T100/><D14/><U13/><E74/><N who="2" m="43191" /><F88/><W43/><G43/><T103/><D103/><U134/><E134/><V71/><F15/><W46/><G46/><T96/><D96/><U128/><E128/><V47/><F71/><W72/><G83/><T24/><D24/><U101/><E45/><AGARI ba="0,0" hai="36,37,38,45,47,53,56,61" m="43191,47722" machi="45" ten="40,1300,0" yaku="18,1" doraHai="26" who="2" fromWho="1" sc="286,0,160,-13,300,13,254,0" owari="286,8.6,147,-35.3,313,41.3,254,-14.6" /></mjloggm>