<mjloggm ver="2.3"><GO type="225" lobby="0"/><UN n0="%E3%81%AF%E3%82%88%E3%81%8A%E3%81%98%E3%81%95%E3%82%93" n1="%5C%28%E2%89%A7%E2%96%BD%E2%89%A6%29%2F" n2="%E7%99%BD%E9%9B%AA%E4%B9%83%E6%84%9B" n3="%4C%4F%4C%49%54%41" dan="17,16,16,16" rate="2150.67,2061.19,2047.71,2112.30" sx="M,M,F,F"/><TAIKYOKU oya="0"/><INIT seed="0,0,0,3,1,75" ten="250,250,250,250" oya="0" hai0="85,106,101,129,63,104,118,114,27,18,0,135,54" hai1="83,51,1,79,67,59,35,126,116,102,29,26,105" hai2="87,90,4,60,64,31,62,28,127,5,48,92,121" hai3="3,97,44,21,25,68,61,16,13,70,49,40,2"/><T124/><D85/><U57/><E116/><V94/><F121/><W37/><G37/><T96/><D18/><U132/><E132/><V125/><F48/><W55/><G97/><T109/><D54/><U32/><E126/><V128/><F87/><W30/><G68/><T88/><D27/><U78/><E1/><V86/><F86/><W111/><G111/><T80/><D63/><U12/><E105/><V89/><REACH who="2" step="1"/><F128/><REACH who="2" ten="250,250,240,250" step="2"/><W38/><G49/><T20/><D129/><U99/><E51/><V39/><F39/><W91/><G91/><T58/><D88/><U66/><E102/><V72/><F72/><W119/><G119/><T98/><D101/><U93/><E99/><V84/><F84/><W122/><G122/><T81/><D118/><U8/><E66/><AGARI ba="0,1" hai="4,5,28,31,60,62,64,66,89,90,92,94,125,127" machi="66" ten="25,3200,0" yaku="1,1,22,2,53,0" doraHai="75" doraHaiUra="117" who="2" fromWho="1" sc="250,0,250,-32,240,42,250,0" /><INIT seed="1,0,0,3,3,71" ten="250,218,282,250" oya="1" hai0="135,28,53,91,92,40,128,33,34,107,104,64,10" hai1="5,55,88,11,93,126,48,22,109,89,127,57,66" hai2="120,82,67,24,39,130,106,44,101,46,31,121,132" hai3="27,94,61,1,122,50,97,45,108,83,41,125,13"/><U15/><E109/><V98/><F130/><W43/><G1/><T37/><D128/><U23/><E66/><V110/><F110/><W19/><G108/><T123/><D135/><U118/><E118/><V80/><F132/><W76/><G125/><N who="1" m="47626" /><E89/><V112/><F112/><W103/><G122/><T102/><D123/><U134/><E134/><V51/><F67/><W114/><G61/><T117/><D117/><U95/><E93/><V62/><F62/><W70/><G27/><T84/><D64/><U74/><E74/><V32/><F80/><W131/><G131/><T129/><D129/><U54/><E54/><V20/><F82/><W68/><G43/><T25/><D33/><U47/><E47/><V65/><F65/><W124/><G114/><T59/><D102/><U35/><E35/><V2/><F2/><W3/><G3/><T100/><D100/><U79/><E79/><V8/><F8/><W14/><G124/><T60/><REACH who="0" step="1"/><D10/><REACH who="0" ten="240,218,282,250" step="2"/><U73/><E73/><V116/><F116/><W18/><G70/><T9/><D9/><U17/><E5/><V113/><F32/><W86/><G68/><T42/><D42/><U21/><E11/><V12/><F113/><W90/><G103/><T26/><D26/><U38/><E38/><V63/><F39/><W85/><G41/><T58/><D58/><U16/><E17/><V7/><F121/><W105/><G18/><T111/><D111/><U56/><E56/><V52/><F120/><W30/><G19/><T115/><D115/><U4/><E4/><V49/><F7/><W72/><G72/><T96/><D96/><AGARI ba="0,1" hai="15,16,21,22,23,48,55,57,88,95,96" m="47626" machi="96" ten="30,11600,0" yaku="6,1,18,1,54,2" doraHai="71" who="1" fromWho="0" sc="240,-116,218,126,282,0,250,0" /><INIT seed="1,1,0,1,3,53" ten="124,344,282,250" oya="1" hai0="80,96,4,10,127,17,28,121,73,124,107,101,38" hai1="60,68,77,63,18,22,1,84,42,106,78,7,105" hai2="50,128,9,100,45,44,130,134,120,32,69,34,65" hai3="87,133,40,6,92,115,19,57,46,94,126,47,25"/><U64/><E42/><V119/><F119/><W93/><G115/><T104/><D38/><U81/><E77/><V29/><F120/><W16/><G133/><T74/><D17/><N who="3" m="6729" /><G126/><N who="0" m="48171" /><D28/><U52/><E7/><V30/><F100/><W123/><G123/><T116/><D121/><U99/><E99/><V23/><F9/><W135/><G135/><T102/><D10/><U2/><E105/><N who="0" m="40521" /><D4/><U66/><E106/><V111/><F134/><W56/><G6/><T97/><D80/><U83/><E81/><V24/><F23/><W39/><G39/><T33/><D33/><U13/><REACH who="1" step="1"/><E52/><REACH who="1" ten="124,334,282,250" step="2"/><V31/><F34/><W72/><G40/><T91/><D116/><U110/><E110/><V37/><F111/><W71/><G93/><T76/><D76/><U43/><BYE who="0" /><E43/><V132/><F32/><W95/><G94/><T117/><D117/><U88/><E88/><V113/><F132/><W114/><G95/><T90/><D90/><U109/><E109/><V122/><F122/><W62/><G92/><T3/><D3/><U85/><E85/><V55/><F113/><W108/><G87/><T61/><D61/><U14/><E14/><V11/><F24/><W51/><G25/><T12/><D12/><U89/><E89/><V48/><F11/><W98/><G114/><T20/><D20/><U75/><E75/><V41/><F55/><W8/><G8/><T26/><D26/><U54/><E54/><V49/><F29/><W118/><G108/><T131/><D131/><U82/><E82/><V35/><F130/><W112/><G118/><T36/><D36/><U27/><E27/><RYUUKYOKU ba="1,1" sc="124,-10,334,30,282,-10,250,-10" hai1="1,2,13,18,22,60,63,64,66,68,78,83,84" /><INIT seed="1,2,1,4,3,65" ten="114,364,272,240" oya="1" hai0="131,19,76,89,93,11,47,49,6,50,77,72,101" hai1="105,27,5,64,14,114,71,86,132,75,18,52,74" hai2="94,118,57,126,63,34,61,20,80,51,96,124,26" hai3="24,36,102,40,78,82,45,110,73,60,135,29,111"/><U127/><E105/><V22/><F118/><W62/><G135/><T106/><D106/><U3/><E114/><V43/><F34/><W103/><G62/><T122/><D122/><U32/><E132/><UN n0="%E3%81%AF%E3%82%88%E3%81%8A%E3%81%98%E3%81%95%E3%82%93" /><V98/><F80/><W53/><G53/><T1/><D131/><U130/><E130/><V0/><F0/><W81/><G82/><T2/><D2/><U112/><E112/><V91/><F96/><W30/><G30/><T12/><D101/><U67/><E67/><V21/><F26/><W104/><G60/><T55/><D50/><U79/><E86/><V48/><F63/><W83/><G83/><T42/><D72/><U109/><E75/><V68/><F68/><W116/><G116/><T84/><REACH who="0" step="1"/><D55/><REACH who="0" ten="104,364,272,240" step="2"/><U85/><E52/><N who="2" m="33959" /><F43/><W13/><G103/><T134/><D134/><U39/><E3/><V123/><F123/><W70/><G102/><T117/><D117/><U15/><E74/><V87/><F51/><W25/><G104/><T37/><D37/><U17/><E39/><V100/><F48/><W121/><G121/><T8/><AGARI ba="2,2" hai="1,6,8,11,12,19,42,47,49,76,77,84,89,93" machi="8" ten="20,2700,0" yaku="1,1,0,1,7,1,53,0" doraHai="65" doraHaiUra="119" who="0" fromWho="0" sc="104,53,364,-15,272,-9,240,-9" /><INIT seed="2,0,0,5,1,120" ten="157,349,263,231" oya="2" hai0="58,134,70,0,61,59,22,113,12,24,69,95,23" hai1="110,125,86,109,32,112,103,27,105,21,81,71,115" hai2="124,62,45,121,13,65,73,126,129,8,92,11,37" hai3="26,50,108,40,34,9,53,39,101,31,96,47,122"/><V106/><F106/><W52/><G122/><T131/><D113/><U46/><E32/><V35/><F121/><W117/><G117/><T57/><D0/><U78/><E71/><V29/><F73/><W15/><G108/><N who="1" m="41578" /><E125/><V133/><F133/><W36/><G36/><T43/><D43/><U68/><E68/><V132/><F92/><W48/><G50/><T127/><D127/><U56/><E56/><V42/><F129/><W10/><G10/><T94/><D131/><U76/><E76/><V80/><F11/><W75/><G39/><T85/><D134/><U123/><E123/><V111/><F132/><W67/><G67/><T51/><D69/><U116/><E46/><V17/><F111/><W90/><G90/><T33/><D70/><U20/><E116/><V28/><F35/><W83/><G83/><T91/><D33/><U77/><E78/><V100/><F45/><W6/><G75/><T72/><D72/><U64/><E64/><V55/><F65/><W7/><G6/><T107/><D107/><AGARI ba="0,0" hai="7,9,15,26,31,34,40,47,48,52,53,96,101,107" machi="107" ten="30,2000,0" yaku="7,1,54,1" doraHai="120" who="3" fromWho="0" sc="157,-20,349,0,263,0,231,20" /><INIT seed="3,0,0,4,4,4" ten="137,349,263,251" oya="3" hai0="92,13,24,120,87,19,76,103,34,126,55,39,45" hai1="111,41,69,9,118,93,22,86,31,84,65,79,5" hai2="108,95,81,119,28,7,64,134,130,66,30,52,6" hai3="8,29,115,104,135,50,75,129,128,117,59,49,44"/><W38/><G115/><T107/><D120/><U125/><E69/><V18/><F119/><W109/><G75/><T62/><D126/><U61/><E125/><V17/><F108/><W46/><G104/><T106/><D34/><U63/><E41/><V100/><F81/><W127/><G117/><T26/><D106/><U1/><E111/><V58/><F130/><W74/><G74/><T91/><D39/><U116/><E63/><V32/><F32/><W102/><G135/><T124/><D124/><U70/><E84/><V20/><F95/><W133/><G38/><T53/><D107/><U42/><E42/><V88/><F100/><W78/><G133/><T89/><D103/><U73/><E73/><V21/><F58/><W94/><G109/><T71/><D71/><U33/><E33/><V43/><F43/><N who="3" m="24735" /><G29/><T85/><D76/><U72/><E72/><V16/><F18/><W105/><G105/><T113/><D113/><U132/><E132/><V14/><F14/><W47/><G78/><T121/><D121/><U131/><E79/><V80/><F80/><W10/><G59/><T83/><D55/><U54/><E54/><V97/><F52/><N who="3" m="29783" /><G47/><T40/><D40/><U90/><E131/><N who="3" m="50250" /><G127/><T25/><D62/><U35/><E35/><V15/><F134/><W0/><G0/><T12/><D53/><U56/><E56/><V96/><F16/><W68/><G68/><T122/><D122/><U48/><E48/><V99/><F17/><W67/><G67/><T101/><D45/><U114/><E114/><V57/><F64/><W37/><G37/><T98/><D19/><RYUUKYOKU ba="0,0" sc="137,10,349,10,263,-30,251,10" hai0="12,13,24,25,26,83,85,87,89,91,92,98,101" hai1="1,5,9,22,31,61,65,70,86,90,93,116,118" hai3="8,10,94,102" /><INIT seed="3,1,0,5,5,97" ten="147,359,233,261" oya="3" hai0="50,117,33,126,128,89,77,83,32,39,13,42,96" hai1="9,129,119,90,56,37,120,132,111,28,23,134,78" hai2="47,7,71,68,100,103,130,6,123,18,118,10,99" hai3="64,16,105,1,116,34,69,43,25,125,127,26,122"/><W92/><G105/><T46/><D117/><U36/><E56/><V102/><F118/><W95/><G116/><T109/><D109/><U29/><E78/><V85/><F68/><W57/><G69/><T66/><D126/><U12/><E119/><V51/><F71/><W131/><G1/><T72/><D128/><U107/><E107/><V53/><F130/><W44/><G122/><T124/><D124/><N who="3" m="47689" /><G34/><T76/><D66/><U62/><E120/><V24/><F123/><W17/><G26/><T112/><D112/><U63/><E111/><V20/><F99/><W30/><G30/><T41/><D77/><U40/><E28/><V21/><F10/><W121/><G121/><T70/><D70/><U11/><E29/><N who="2" m="17543" /><F85/><W65/><G65/><T52/><D42/><U84/><E40/><V15/><AGARI ba="1,0" hai="6,7,15,18,21,47,51,53,100,102,103" m="17543" machi="15" ten="30,7900,0" yaku="8,1,52,3" doraHai="97" who="2" fromWho="2" sc="147,-21,359,-21,233,82,261,-40" owari="126,-37.4,338,43.8,315,11.5,221,-17.9" /></mjloggm>