<mjloggm ver="2.3"><GO type="225" lobby="0"/><UN n0="%E5%91%A8%E6%9D%B1" n1="%E6%A1%9C%E8%8A%B1%E9%96%83%E3%80%85" n2="%70%6F%69%73%75%2D" n3="%E5%B8%86%E7%AB%8B%E5%A4%8F%E8%A1%A3" dan="17,16,16,17" rate="2229.65,2137.63,2085.80,2163.25" sx="M,M,M,M"/><TAIKYOKU oya="0"/><INIT seed="0,0,0,0,3,46" ten="250,250,250,250" oya="0" hai0="91,86,110,67,28,78,84,33,59,82,45,10,88" hai1="134,76,13,20,64,49,113,85,93,58,95,123,42" hai2="126,103,38,101,133,9,115,107,32,120,122,31,4" hai3="3,97,24,109,135,94,65,108,71,12,16,27,81"/><T68/><D68/><U26/><E123/><V90/><F90/><W0/><G135/><T130/><D130/><U131/><E131/><V57/><F57/><W53/><G81/><T89/><D110/><N who="3" m="42601" /><G65/><T48/><D33/><U66/><E134/><V23/><F103/><W44/><G71/><T98/><D28/><U19/><E113/><V18/><F101/><N who="3" m="60599" /><G27/><T62/><D10/><U22/><E76/><V11/><F38/><W50/><G24/><T15/><D15/><U25/><E13/><N who="2" m="9679" /><F107/><W118/><G118/><T39/><D39/><U92/><E85/><V2/><F115/><W132/><G132/><T75/><REACH who="0" step="1"/><D98/><REACH who="0" ten="240,250,250,250" step="2"/><U80/><E25/><N who="2" m="18543" /><F133/><W14/><G14/><T60/><D60/><U41/><E22/><AGARI ba="0,1" hai="0,3,12,16,22,44,50,53" m="60599,42601" machi="22" ten="30,3900,0" yaku="14,1,52,1,54,1" doraHai="46" who="3" fromWho="1" sc="240,0,250,-39,250,0,250,49" /><INIT seed="1,0,0,4,2,115" ten="240,211,250,299" oya="1" hai0="35,95,10,19,118,45,42,57,4,86,94,61,16" hai1="77,65,102,98,60,99,56,1,85,20,114,0,6" hai2="134,103,128,67,80,108,97,81,30,83,133,23,25" hai3="76,106,13,82,105,119,33,8,111,41,75,132,3"/><U101/><E114/><V58/><F108/><W36/><G111/><T5/><D35/><U43/><E43/><V44/><F44/><N who="3" m="23591" /><G132/><T109/><D109/><U113/><E113/><V2/><F2/><W93/><G13/><T91/><D118/><U47/><E47/><V29/><F29/><W130/><G130/><T107/><D107/><N who="3" m="40969" /><G93/><T104/><D104/><U120/><E120/><V66/><F128/><W89/><G89/><T11/><D95/><U26/><E6/><V92/><REACH who="2" step="1"/><F67/><REACH who="2" ten="240,211,240,299" step="2"/><W88/><G33/><T125/><D125/><U59/><E0/><V84/><F84/><W48/><G3/><T69/><D69/><U72/><E1/><V71/><F71/><W79/><G75/><T34/><D34/><U63/><E72/><V73/><F73/><W70/><G70/><T87/><D87/><U116/><E116/><V38/><F38/><W74/><G119/><T110/><D110/><U121/><E121/><V122/><F122/><W52/><G74/><T49/><D86/><U28/><E85/><V129/><F129/><W64/><G64/><T62/><D45/><U40/><E77/><V124/><F124/><W27/><G79/><T9/><D57/><U117/><E117/><V15/><F15/><W17/><G76/><T39/><D39/><U14/><E14/><V90/><F90/><W37/><G37/><T131/><D91/><U50/><E101/><V21/><F21/><N who="3" m="13743" /><G88/><T18/><D131/><U126/><E102/><V24/><F24/><W127/><G127/><T112/><D112/><U68/><E126/><V54/><F54/><W55/><G55/><RYUUKYOKU ba="0,1" sc="240,-10,211,-10,240,30,299,-10" hai2="23,25,30,58,66,80,81,83,92,97,103,133,134" /><INIT seed="2,1,1,4,4,5" ten="230,201,270,289" oya="2" hai0="91,25,44,52,64,74,77,97,94,40,39,7,88" hai1="65,79,119,21,80,87,1,0,127,41,31,111,109" hai2="54,124,114,85,108,51,15,93,59,76,89,73,84" hai3="120,67,66,113,53,103,42,69,13,30,49,19,9"/><V24/><F114/><W78/><G120/><T70/><D25/><N who="1" m="16815" /><E119/><V81/><F124/><W34/><G113/><T11/><D70/><U135/><E127/><V58/><F108/><N who="1" m="41545" /><E135/><V68/><F68/><W131/><G131/><T62/><D64/><U130/><E130/><V16/><F24/><W125/><G125/><T100/><D62/><U75/><E65/><V35/><F35/><W2/><G69/><T105/><D105/><U28/><E28/><V96/><REACH who="2" step="1"/><F59/><REACH who="2" ten="230,201,260,289" step="2"/><W37/><G34/><T129/><D129/><U86/><E41/><V104/><F104/><W71/><G71/><T126/><D126/><U48/><E48/><V99/><F99/><W128/><G42/><T8/><D97/><U72/><E87/><V12/><F12/><W98/><G128/><T117/><D40/><U6/><E6/><V4/><F4/><W22/><G49/><T17/><D7/><U101/><E101/><V29/><F29/><W10/><G30/><T63/><D100/><U45/><E45/><V118/><F118/><W115/><G103/><T20/><D44/><U33/><E33/><V90/><F90/><W82/><G115/><T95/><D91/><U36/><E36/><V18/><F18/><W83/><G37/><T38/><D39/><U134/><E134/><V50/><F50/><W92/><G19/><T116/><D38/><U26/><E26/><V110/><F110/><W32/><G32/><T23/><D116/><U60/><E60/><V132/><F132/><W106/><G98/><T123/><D117/><U102/><E102/><V3/><F3/><AGARI ba="1,2" hai="0,1,3,72,75,79,80,86" m="41545,16815" machi="3" ten="30,1000,0" yaku="14,1" doraHai="5" who="1" fromWho="2" sc="230,0,201,33,260,-13,289,0" /><INIT seed="3,0,0,3,5,132" ten="230,234,247,289" oya="3" hai0="101,45,127,83,52,16,51,131,118,6,126,89,85" hai1="2,61,120,81,54,68,95,30,79,112,1,56,92" hai2="77,65,47,7,25,3,5,70,108,129,111,42,12" hai3="128,100,73,0,32,13,40,29,98,46,23,133,17"/><W114/><G114/><T84/><D118/><U4/><E112/><V19/><F77/><W93/><G133/><T117/><D117/><U41/><E120/><V91/><F70/><W135/><G135/><T67/><D131/><U74/><E30/><V94/><F65/><W28/><G128/><T64/><D101/><U53/><E68/><V82/><F25/><W37/><G32/><T27/><D6/><U50/><E41/><V104/><F82/><W99/><G73/><T119/><D85/><U59/><REACH who="1" step="1"/><E4/><REACH who="1" ten="230,224,247,289" step="2"/><V86/><F129/><W11/><G29/><T103/><D119/><U38/><E38/><V62/><F7/><W87/><G28/><T66/><REACH who="0" step="1"/><D103/><REACH who="0" ten="220,224,247,289" step="2"/><U48/><E48/><V134/><F5/><W106/><G100/><T26/><D26/><U57/><E57/><V34/><F134/><W31/><G37/><T58/><D58/><U96/><E96/><V22/><F3/><AGARI ba="0,2" hai="1,2,3,50,53,54,56,59,61,74,79,81,92,95" machi="3" ten="40,1300,0" yaku="1,1,53,0" doraHai="132" doraHaiUra="116" who="1" fromWho="2" sc="220,0,224,33,247,-13,289,0" /><INIT seed="4,0,0,3,5,73" ten="220,257,234,289" oya="0" hai0="84,77,22,87,50,74,75,126,111,135,57,12,76" hai1="128,13,117,51,72,61,108,99,15,120,110,17,59" hai2="98,114,8,2,4,29,56,89,109,88,47,79,49" hai3="19,129,65,106,33,9,104,97,66,85,39,132,115"/><T24/><D111/><U102/><E117/><V113/><F109/><W14/><G33/><T80/><D135/><U86/><E120/><V103/><F29/><W5/><G39/><T41/><D126/><U60/><E72/><V42/><F56/><W63/><G132/><T78/><D12/><U112/><E128/><V62/><F62/><W37/><G37/><T27/><D75/><U38/><E38/><V20/><F20/><W125/><G129/><T122/><D74/><U3/><E3/><V123/><F79/><N who="0" m="30282" /><D122/><U16/><E112/><N who="2" m="43115" /><F123/><W26/><G115/><T100/><D100/><U40/><E61/><V90/><F90/><W96/><G125/><T32/><D32/><U44/><E108/><V58/><F58/><W25/><G106/><AGARI ba="0,0" hai="2,4,8,42,47,49,88,89,98,103,106" m="43115" machi="106" ten="30,2000,0" yaku="15,1,54,1" doraHai="73" who="2" fromWho="3" sc="220,0,257,0,234,20,289,-20" /><INIT seed="5,0,0,2,2,134" ten="220,257,254,269" oya="1" hai0="101,22,14,37,94,15,29,124,100,13,56,88,130" hai1="68,66,128,123,11,93,89,6,78,65,23,18,21" hai2="111,16,131,30,132,74,95,114,38,33,105,32,64" hai3="58,70,39,86,41,17,127,31,51,20,77,99,125"/><U118/><E123/><V107/><F95/><W117/><G70/><T54/><D37/><U72/><E118/><V81/><F16/><W129/><G129/><T90/><D130/><U115/><E128/><V53/><F53/><N who="3" m="32063" /><G31/><T42/><D42/><U44/><E115/><V112/><F64/><W26/><G99/><T104/><D104/><N who="2" m="40010" /><F131/><W49/><G39/><T126/><D22/><U19/><E44/><V82/><F111/><W108/><G108/><T87/><D29/><U52/><E68/><V34/><F30/><W79/><G86/><T91/><D87/><N who="1" m="52415" /><E78/><N who="3" m="29706" /><G117/><T122/><D122/><U57/><E72/><V4/><F38/><W43/><G49/><T119/><D119/><U92/><E92/><V25/><F74/><W10/><G10/><T27/><D27/><N who="1" m="14775" /><E6/><V120/><F25/><W80/><G80/><N who="2" m="30825" /><F120/><W106/><G106/><T45/><D45/><U85/><E11/><V133/><F4/><W75/><G75/><T8/><D8/><U12/><E85/><V121/><F121/><W9/><G9/><T24/><D24/><U98/><E98/><V28/><F28/><W103/><G103/><N who="0" m="39499" /><D94/><U2/><E19/><V71/><F71/><W76/><G76/><T113/><D113/><AGARI ba="0,0" hai="32,33,34,112,113,114,132,133" m="30825,40010" machi="113" ten="40,8000,1" yaku="28,2,15,1,11,1" doraHai="134" who="2" fromWho="0" sc="220,-80,257,0,254,80,269,0" owari="140,-36.0,257,-14.3,334,43.4,269,6.9" /></mjloggm>