<mjloggm ver="2.3"><GO type="225" lobby="0"/><UN n0="%33%74%72%65%65" n1="%E9%80%86%E9%80%A3%E5%B8%AF%E3%81%AE%E9%AC%BC" n2="%E3%81%BF%E3%81%BF%E3%81%9A" n3="%E3%81%8B%E3%82%8F%E3%81%A1%E3%82%83%E3%82%93%35%38" dan="16,16,17,16" rate="2088.19,2060.08,2200.86,2151.03" sx="F,M,M,M"/><TAIKYOKU oya="0"/><INIT seed="0,0,0,1,1,45" ten="250,250,250,250" oya="0" hai0="107,44,99,97,3,122,77,32,125,133,79,25,89" hai1="9,64,84,36,46,103,130,101,68,80,54,60,109" hai2="82,121,50,63,17,10,35,53,13,58,105,66,135" hai3="93,67,114,18,12,85,134,15,112,104,108,16,116"/><T19/><D122/><U72/><E109/><V127/><F121/><W71/><G104/><T5/><D125/><U48/><E130/><V102/><F127/><W24/><G71/><T90/><D133/><U115/><E115/><N who="3" m="44074" /><G85/><T49/><D3/><U26/><E72/><V33/><F135/><W27/><G93/><N who="0" m="56495" /><D32/><U129/><E129/><V92/><F105/><W37/><G67/><T98/><D5/><U83/><E36/><V29/><F82/><W88/><G88/><T8/><D107/><U56/><E26/><N who="3" m="9770" /><G37/><T1/><D1/><U57/><E9/><V118/><F118/><W7/><G134/><T126/><D126/><U55/><E83/><V41/><F29/><W14/><G116/><T6/><D6/><U86/><E84/><V4/><F41/><W31/><G31/><T106/><D106/><U11/><E11/><V47/><REACH who="2" step="1"/><F4/><REACH who="2" ten="250,250,240,250" step="2"/><W0/><G108/><T34/><D34/><U128/><E128/><V73/><F73/><W95/><G95/><N who="0" m="56695" /><D99/><AGARI ba="0,1" hai="10,13,17,33,35,47,50,53,58,63,66,92,99,102" machi="99" ten="40,5200,0" yaku="1,1,52,1,53,1" doraHai="45" doraHaiUra="43" who="2" fromWho="0" sc="250,-52,250,0,240,62,250,0" /><INIT seed="1,0,0,5,2,62" ten="198,250,302,250" oya="1" hai0="125,0,133,25,130,113,28,134,116,50,66,6,22" hai1="63,15,98,124,39,84,5,129,34,70,121,74,17" hai2="114,122,21,16,41,80,2,58,110,8,45,31,119" hai3="72,131,95,10,67,3,101,7,47,104,35,117,107"/><U115/><E121/><V60/><F119/><W75/><G35/><T93/><D116/><U29/><E74/><V78/><F122/><W90/><G131/><T36/><D36/><U108/><E115/><V97/><F114/><W103/><G117/><T32/><D113/><U13/><E39/><V1/><F110/><W49/><G75/><T27/><D130/><U19/><E129/><V105/><F31/><W24/><G72/><T127/><D50/><U42/><E124/><N who="0" m="47689" /><D93/><U40/><E5/><V53/><F97/><W77/><G77/><T96/><D96/><U38/><E108/><V64/><F8/><W46/><G46/><T23/><D66/><U54/><E38/><V59/><F105/><W106/><G24/><T112/><D112/><U26/><E98/><V135/><F135/><N who="0" m="51722" /><D27/><U4/><E70/><V44/><F44/><W102/><G67/><T48/><D48/><U99/><E99/><V57/><F45/><W55/><G95/><T123/><D123/><U68/><E68/><V109/><F41/><W92/><G92/><T20/><D6/><U14/><E4/><V76/><F109/><W88/><AGARI ba="0,0" hai="3,7,10,47,49,55,88,90,101,102,103,104,106,107" machi="88" ten="40,2700,0" yaku="0,1,54,1" doraHai="62" who="3" fromWho="3" sc="198,-7,250,-13,302,-7,250,27" /><INIT seed="2,0,0,1,3,32" ten="191,237,295,277" oya="2" hai0="54,92,121,90,41,13,36,20,73,70,81,50,115" hai1="35,67,65,39,10,71,38,19,129,117,5,63,60" hai2="111,105,44,109,74,47,102,91,87,122,77,126,95" hai3="31,6,14,37,88,26,51,101,89,46,18,58,94"/><V116/><F122/><W15/><G37/><T96/><D121/><U62/><E117/><V93/><F116/><W127/><G127/><T0/><D115/><U130/><E35/><V25/><F25/><W119/><G119/><T108/><D108/><N who="2" m="41546" /><F126/><W12/><G6/><T68/><D41/><U45/><E19/><V106/><F44/><W118/><G118/><T107/><D36/><U114/><E114/><V28/><F28/><W30/><G58/><T69/><D107/><N who="2" m="40970" /><F47/><W48/><G48/><T112/><D112/><U17/><E17/><V56/><F56/><W80/><G18/><T52/><D50/><U49/><E39/><V97/><F77/><W57/><G57/><T75/><D68/><U8/><E38/><V40/><F40/><W103/><G26/><T61/><D70/><U76/><E76/><V85/><F85/><N who="3" m="50215" /><G30/><T83/><D69/><U135/><E71/><V98/><F87/><N who="3" m="52543" /><G31/><T7/><D61/><U131/><E49/><V53/><F53/><AGARI ba="0,0" hai="12,14,15,46,51,53,101,103" m="52543,50215" machi="53" ten="30,2000,0" yaku="8,1,54,1" doraHai="32" who="3" fromWho="2" sc="191,0,237,0,295,-20,277,20" /><INIT seed="3,0,0,5,1,18" ten="191,237,275,297" oya="3" hai0="125,113,86,63,128,41,56,110,35,52,79,33,67" hai1="59,12,118,1,17,121,133,76,100,109,38,15,40" hai2="28,78,31,129,32,77,122,107,47,27,42,62,74" hai3="55,102,44,3,80,112,30,61,101,91,22,114,16"/><W64/><G3/><T43/><D110/><U126/><E121/><V130/><F107/><W115/><G30/><T48/><D128/><N who="2" m="49258" /><F122/><W97/><G44/><T58/><D125/><U39/><E133/><V51/><F74/><W70/><G55/><T94/><D113/><U105/><E1/><V14/><F31/><W4/><G4/><T90/><REACH who="0" step="1"/><D79/><REACH who="0" ten="181,237,275,297" step="2"/><U92/><E76/><V75/><F75/><W87/><REACH who="3" step="1"/><G97/><REACH who="3" ten="181,237,275,287" step="2"/><T53/><D53/><U108/><E108/><V116/><F116/><W21/><G21/><T134/><D134/><U104/><E109/><V65/><F14/><AGARI ba="0,2" hai="14,16,22,61,64,70,80,87,91,101,102,112,114,115" machi="14" ten="40,12000,1" yaku="1,1,52,1,54,1,53,1" doraHai="18" doraHaiUra="10" who="3" fromWho="2" sc="181,0,237,0,275,-120,287,140" owari="181,-21.9,237,3.7,155,-34.5,427,52.7" /></mjloggm>