<mjloggm ver="2.3"><GO type="225" lobby="0"/><UN n0="%70%68%65%6E%6F%6D%65" n1="%E9%A6%AC%E5%BC%95%E7%81%AB%33" n2="%E6%9D%B1%E9%A2%A8%E3%81%AE%E3%81%8D%E3%82%83%E3%81%B7%E3%81%95%E3%82%93" n3="%E6%B4%BE%E9%81%A3%E3%81%AE%E3%82%B8%E3%83%A3%E3%83%83%E3%82%AF" dan="16,16,16,17" rate="2179.45,2138.52,2182.13,2180.22" sx="M,M,M,M"/><TAIKYOKU oya="0"/><INIT seed="0,0,0,5,5,121" ten="250,250,250,250" oya="0" hai0="41,127,131,3,27,44,8,56,86,85,4,97,33" hai1="60,46,29,125,10,113,61,23,77,0,57,135,62" hai2="93,107,58,110,106,89,5,45,35,99,84,111,51" hai3="83,100,65,19,98,80,13,14,82,66,12,104,43"/><T76/><D127/><U105/><E125/><V87/><F35/><W15/><REACH who="3" step="1"/><G43/><REACH who="3" ten="250,250,250,240" step="2"/><T72/><D131/><U133/><E133/><V30/><F30/><W92/><G92/><T101/><D72/><U129/><E135/><V7/><F58/><W122/><G122/><T96/><D56/><U40/><E40/><N who="2" m="24999" /><F107/><W109/><G109/><N who="2" m="41481" /><F106/><W31/><G31/><T50/><D41/><U90/><E29/><V103/><F103/><W22/><AGARI ba="0,1" hai="12,13,14,15,19,22,65,66,80,82,83,98,100,104" machi="22" ten="30,4000,0" yaku="21,2,0,1,53,0" doraHai="121" doraHaiUra="53" who="3" fromWho="3" sc="250,-20,250,-10,250,-10,240,50" /><INIT seed="1,0,0,2,2,110" ten="230,240,240,290" oya="1" hai0="135,72,18,22,43,106,4,6,45,59,55,121,1" hai1="120,86,0,130,79,107,73,25,65,82,94,38,90" hai2="87,46,103,119,105,8,132,39,104,92,34,35,11" hai3="66,133,102,128,100,13,62,76,30,3,17,134,23"/><U83/><E120/><V84/><F119/><W80/><G3/><T129/><D106/><U64/><E130/><V88/><F132/><N who="3" m="50795" /><G30/><T109/><D135/><U75/><E107/><V56/><F105/><W85/><G128/><T19/><D129/><U99/><E38/><V116/><F116/><W98/><G98/><T41/><D109/><U126/><E126/><V67/><F104/><W114/><G114/><T71/><D71/><AGARI ba="0,0" hai="13,17,23,62,66,71,76,80,85,100,102" m="50795" machi="71" ten="30,1000,0" yaku="20,1" doraHai="110" who="3" fromWho="0" sc="230,-10,240,0,240,0,290,10" /><INIT seed="2,0,0,2,5,101" ten="220,240,240,300" oya="2" hai0="48,22,86,55,13,122,27,52,127,50,38,69,73" hai1="70,91,90,57,87,51,131,26,135,121,63,92,5" hai2="45,56,134,129,74,97,88,31,35,111,124,113,115" hai3="40,60,99,29,42,15,11,49,12,72,76,2,28"/><V83/><F56/><W126/><G2/><T62/><D122/><U8/><E121/><V114/><F45/><W64/><G126/><T119/><D73/><U103/><E131/><V110/><F31/><W46/><G42/><T20/><D38/><U71/><E135/><V133/><F35/><W14/><G11/><T25/><D119/><U32/><E103/><V67/><F67/><W95/><G76/><T1/><D1/><U44/><E91/><V21/><F21/><W75/><G75/><T33/><D127/><U96/><E87/><N who="2" m="50303" /><F124/><W104/><G104/><T77/><D33/><U37/><E26/><N who="0" m="9737" /><D69/><U112/><E112/><V0/><F0/><W78/><G78/><T108/><D108/><N who="2" m="41514" /><F74/><W58/><G72/><T82/><D62/><U106/><E32/><V79/><F79/><W7/><G7/><T30/><D30/><U10/><E37/><V123/><F123/><W130/><G130/><T89/><D77/><U53/><E71/><V54/><F129/><W84/><G84/><T109/><D109/><U117/><E70/><V23/><F97/><W17/><G17/><N who="0" m="10287" /><D22/><U120/><E120/><V85/><F23/><W34/><G34/><T41/><D41/><U47/><E10/><V43/><F43/><W39/><G39/><T36/><D36/><U94/><E8/><V107/><F107/><W98/><G98/><T6/><D6/><U81/><E106/><V105/><F105/><W18/><G18/><T66/><D66/><U116/><E5/><V125/><F125/><W65/><G64/><T19/><D19/><U61/><E117/><V102/><F113/><RYUUKYOKU ba="0,0" sc="220,15,240,-15,240,-15,300,15" hai0="48,50,52,55,82,86,89" hai3="12,14,15,28,29,40,46,49,58,60,65,95,99" /><INIT seed="3,1,0,2,3,2" ten="235,225,225,315" oya="3" hai0="100,78,48,26,103,22,60,79,123,39,31,70,38" hai1="64,125,114,105,3,124,49,17,13,33,117,53,1" hai2="54,5,96,111,6,34,115,18,14,10,45,0,40" hai3="128,129,107,19,52,20,110,75,8,134,74,76,57"/><W36/><G107/><T46/><D123/><U131/><E114/><V44/><F115/><W68/><G68/><T122/><D122/><U77/><E131/><V132/><F34/><W29/><G36/><T12/><D39/><U106/><E117/><V102/><F132/><W24/><G134/><T130/><D38/><U50/><E33/><V81/><F111/><W84/><G84/><T4/><D130/><N who="3" m="50281" /><G76/><T72/><D72/><U119/><E77/><V92/><F81/><W9/><G110/><T55/><D78/><U101/><E106/><V120/><F120/><W88/><G88/><T93/><D79/><U63/><E101/><V23/><F40/><W21/><G9/><N who="0" m="4135" /><D70/><U27/><E105/><V62/><REACH who="2" step="1"/><F6/><REACH who="2" ten="235,225,215,315" step="2"/><W121/><G121/><T47/><D93/><U113/><E113/><V126/><F126/><W16/><G74/><T65/><D103/><U28/><E119/><V56/><AGARI ba="1,1" hai="0,5,10,14,18,23,44,45,54,56,62,92,96,102" machi="56" ten="30,4000,0" yaku="1,1,0,1,52,1,53,0" doraHai="2" doraHaiUra="85" who="2" fromWho="2" sc="235,-11,225,-11,215,53,315,-21" /><INIT seed="4,0,0,1,1,62" ten="224,214,268,294" oya="0" hai0="43,35,67,60,41,50,26,99,84,110,91,74,102" hai1="68,17,95,6,32,106,126,112,11,132,87,65,34" hai2="27,64,129,81,22,125,14,29,89,104,118,5,109" hai3="72,37,47,94,48,12,36,45,100,103,15,119,105"/><T58/><D74/><U83/><E106/><V51/><F104/><W78/><G105/><T82/><D110/><U114/><E132/><V10/><F109/><W122/><G119/><T25/><D35/><U124/><E95/><V49/><F118/><W115/><G115/><N who="1" m="44074" /><E17/><V131/><F125/><N who="1" m="48233" /><E65/><V107/><F107/><W79/><G94/><N who="0" m="58743" /><D43/><U90/><E68/><V116/><F116/><W97/><G97/><T33/><D33/><U111/><E111/><V52/><F64/><W57/><G72/><T85/><D84/><U59/><E59/><V2/><F2/><AGARI ba="0,0" hai="2,6,11,32,34,83,87,90" m="48233,44074" machi="2" ten="30,3900,0" yaku="15,1,11,1,18,1" doraHai="62" who="1" fromWho="2" sc="224,0,214,39,268,-39,294,0" /><INIT seed="5,0,0,3,0,99" ten="224,253,229,294" oya="1" hai0="30,91,9,72,79,62,43,3,117,13,107,44,67" hai1="93,51,68,57,114,4,135,118,42,98,5,88,104" hai2="22,130,7,86,80,108,122,38,125,54,15,109,8" hai3="10,52,58,20,121,0,131,33,37,119,18,48,70"/><U134/><E114/><V41/><F122/><W77/><G121/><T73/><D117/><U94/><E118/><V59/><F130/><W34/><G70/><T115/><D115/><U120/><E120/><V112/><F112/><W23/><G37/><T127/><D107/><U32/><E68/><V24/><F125/><W14/><G119/><T87/><D3/><U17/><E32/><V50/><F38/><W29/><G77/><T6/><D30/><U132/><E104/><V103/><F41/><W83/><G83/><T78/><D127/><U19/><E94/><V101/><F109/><W49/><G131/><T116/><D116/><U35/><E35/><V110/><F110/><W81/><G81/><T90/><D73/><U82/><E82/><V85/><F108/><W45/><G23/><T12/><D12/><U27/><E57/><V133/><F133/><W2/><G2/><T84/><D72/><U71/><E71/><V28/><F86/><N who="0" m="32810" /><D79/><AGARI ba="0,0" hai="7,8,15,22,24,28,50,54,59,79,80,85,101,103" machi="79" ten="30,7700,0" yaku="7,1,8,1,52,2" doraHai="99" who="2" fromWho="0" sc="224,-77,253,0,229,77,294,0" owari="147,-35.3,253,-14.7,306,40.6,294,9.4" /></mjloggm>