<mjloggm ver="2.3"><GO type="225" lobby="0"/><UN n0="%E3%82%BC%E3%83%AB%E3%83%80%E3%81%AE%E4%BC%9D%E8%AA%AC" n1="%70%68%65%6E%6F%6D%65" n2="%E6%9C%88%E5%B3%B6%E5%9F%BA" n3="%E3%83%81%E3%83%83%E3%82%BF%E3%82%BD%E3%83%BC" dan="17,16,17,16" rate="2124.55,2155.56,2193.48,2162.12" sx="M,M,M,F"/><TAIKYOKU oya="0"/><INIT seed="0,0,0,4,3,53" ten="250,250,250,250" oya="0" hai0="98,1,87,82,124,122,132,93,48,32,16,134,113" hai1="90,103,57,115,46,125,110,26,105,64,81,73,21" hai2="68,27,59,120,35,5,63,67,2,79,40,76,106" hai3="65,3,130,61,72,94,39,97,0,84,89,62,96"/><T30/><D113/><U85/><E115/><V126/><F120/><W47/><G130/><T71/><D122/><U58/><E110/><V14/><F126/><W15/><G72/><T37/><D37/><U78/><E125/><V80/><F2/><W49/><G39/><T45/><D124/><U77/><E64/><V88/><F106/><W128/><G128/><T116/><D71/><U60/><E60/><V25/><F40/><W86/><G3/><T129/><D1/><U108/><E46/><V121/><F121/><W118/><G0/><T52/><D116/><U55/><E55/><V7/><F68/><W102/><G15/><T11/><D129/><U109/><E78/><N who="2" m="29739" /><F35/><W24/><G24/><N who="2" m="9289" /><F14/><W38/><G38/><T127/><D127/><U111/><E103/><V56/><F56/><N who="1" m="21609" /><E105/><V100/><F100/><W75/><G75/><T33/><D33/><U95/><E26/><V112/><F112/><W18/><G118/><T54/><D32/><U135/><E135/><V42/><F42/><W74/><G74/><T117/><D117/><U13/><E13/><V6/><F6/><W107/><G107/><T51/><D134/><U123/><E123/><V50/><F50/><W34/><G102/><T17/><D132/><U29/><E21/><V83/><F88/><N who="3" m="53511" /><G34/><T12/><D51/><U31/><AGARI ba="0,0" hai="29,31,73,77,81,85,90,95,108,109,111" m="21609" machi="31" ten="40,8000,1" yaku="14,1,52,3" doraHai="53" who="1" fromWho="1" sc="250,-40,250,80,250,-20,250,-20" /><INIT seed="1,0,0,1,4,127" ten="210,330,230,230" oya="1" hai0="87,5,55,67,22,17,19,126,57,40,66,102,112" hai1="13,35,107,11,7,49,119,86,135,43,118,50,26" hai2="90,71,83,16,59,123,54,78,23,125,47,88,99" hai3="111,9,63,75,132,79,97,98,62,117,1,18,70"/><U6/><E107/><V53/><F123/><W122/><G122/><T56/><D112/><U68/><E68/><V25/><F71/><W92/><G111/><T120/><D120/><U109/><E109/><V104/><F125/><W46/><G132/><T76/><D126/><U94/><E135/><V42/><F104/><W37/><G117/><T74/><D74/><U115/><E115/><V2/><F2/><W24/><G24/><T108/><D108/><U131/><E131/><V103/><F103/><W106/><G106/><T14/><D5/><U33/><E43/><V36/><F99/><W128/><G128/><T29/><D29/><U48/><E7/><V58/><F58/><W30/><G30/><T95/><D40/><U82/><E94/><V73/><REACH who="2" step="1"/><F54/><REACH who="2" ten="210,330,220,230" step="2"/><W0/><G1/><T72/><D57/><U27/><E118/><V12/><F12/><W64/><G0/><T38/><D102/><U130/><E119/><V69/><F69/><W3/><G98/><T134/><D134/><U81/><E130/><V45/><F45/><W84/><G70/><T129/><D129/><U20/><E13/><V52/><F52/><W100/><G3/><T116/><D116/><U31/><E27/><V28/><F28/><W113/><G113/><T8/><D55/><U110/><E110/><V51/><AGARI ba="0,1" hai="16,23,25,36,42,47,51,53,59,73,78,83,88,90" machi="51" ten="20,8000,1" yaku="1,1,0,1,7,1,54,2,53,0" doraHai="127" doraHaiUra="80" who="2" fromWho="2" sc="210,-20,330,-40,220,90,230,-20" /><INIT seed="2,0,0,4,3,13" ten="190,290,310,210" oya="2" hai0="55,68,128,63,77,58,123,64,49,14,99,121,37" hai1="83,122,19,17,93,72,7,6,132,27,86,84,116" hai2="3,22,94,69,73,18,24,1,109,115,67,92,12" hai3="8,95,88,41,60,74,112,75,44,11,65,111,35"/><V113/><F73/><W56/><G111/><T119/><D77/><N who="1" m="46191" /><E72/><V36/><F36/><W61/><G74/><T89/><D128/><U101/><E116/><V97/><F109/><W104/><G75/><T82/><D119/><U102/><E132/><V100/><F69/><W45/><G104/><T78/><D78/><U107/><E107/><V38/><F38/><W80/><G80/><T50/><D37/><U39/><E39/><V28/><F67/><W130/><G35/><T124/><D124/><U134/><E134/><V120/><F120/><W117/><G130/><T16/><D49/><U79/><E27/><V40/><F40/><W105/><G105/><T70/><D70/><U135/><E122/><V15/><F15/><W43/><G112/><T51/><D51/><U131/><E131/><V103/><F3/><W5/><G60/><T29/><D29/><U32/><E32/><V20/><F1/><W42/><G117/><T133/><D133/><U59/><E59/><V125/><F125/><W85/><REACH who="3" step="1"/><G11/><REACH who="3" ten="190,290,310,200" step="2"/><T25/><D82/><N who="1" m="47455" /><E93/><V129/><F129/><W106/><G106/><T46/><D68/><U23/><E135/><V118/><F118/><W127/><G127/><T30/><D121/><U108/><E108/><V21/><F113/><W0/><AGARI ba="0,1" hai="0,5,8,41,42,43,44,45,56,61,65,85,88,95" machi="0" ten="30,7900,0" yaku="1,1,0,1,54,1,53,1" doraHai="13" doraHaiUra="4" who="3" fromWho="3" sc="190,-20,290,-20,310,-39,200,89" /><INIT seed="3,0,0,1,3,8" ten="170,270,271,289" oya="3" hai0="73,132,26,62,91,51,70,66,78,39,61,25,72" hai1="105,63,126,3,30,55,104,107,36,113,50,80,34" hai2="64,10,79,12,0,42,94,68,112,102,97,81,99" hai3="1,17,33,53,127,74,49,56,77,120,69,82,129"/><W24/><G120/><T115/><D39/><U57/><E113/><V40/><F112/><W9/><G127/><T114/><D132/><U123/><E123/><V98/><F0/><W43/><G129/><T130/><D51/><U23/><E36/><V108/><F108/><W47/><G69/><T11/><D11/><U85/><E3/><V96/><F64/><W111/><G111/><T28/><D130/><U41/><E34/><V31/><F31/><W14/><G1/><T135/><D135/><U20/><E126/><V71/><F71/><W116/><G116/><T87/><D61/><U45/><REACH who="1" step="1"/><E30/><REACH who="1" ten="170,260,271,289" step="2"/><V44/><F68/><W21/><G33/><T101/><D115/><U46/><E46/><V124/><F124/><W27/><G9/><T16/><D114/><U118/><E118/><V117/><F44/><W2/><G2/><T32/><D78/><AGARI ba="0,1" hai="20,23,41,45,50,55,57,63,78,80,85,104,105,107" machi="78" ten="40,1300,0" yaku="1,1,53,0" doraHai="8" doraHaiUra="86" who="1" fromWho="0" sc="170,-13,260,23,271,0,289,0" /><INIT seed="4,0,0,3,2,126" ten="157,283,271,289" oya="0" hai0="51,49,7,13,20,91,47,122,34,105,124,79,2" hai1="99,62,96,33,11,92,95,58,114,14,3,43,104" hai2="69,121,103,42,82,70,71,107,27,18,134,80,106" hai3="56,127,21,38,66,36,28,6,67,87,4,22,73"/><T39/><D122/><U117/><E117/><V108/><F121/><W45/><G73/><T19/><D124/><U40/><E3/><V118/><F108/><W32/><G32/><T46/><D105/><U12/><E33/><V125/><F125/><W48/><G127/><T112/><D112/><U101/><E104/><V85/><F118/><W102/><G102/><T111/><D111/><U83/><E83/><V90/><F134/><W84/><G56/><T113/><D113/><U64/><E14/><V76/><F42/><W61/><G61/><T89/><D39/><U110/><E114/><V29/><F18/><W97/><G97/><T0/><D79/><U94/><E94/><V129/><F103/><W130/><G48/><T59/><D59/><U50/><E50/><N who="0" m="18953" /><D34/><U44/><E44/><N who="0" m="16937" /><D0/><U41/><E110/><V75/><F107/><W88/><G45/><T65/><D65/><U55/><E64/><V16/><F106/><W133/><G133/><T35/><D35/><U60/><E60/><V5/><F71/><W100/><G67/><T23/><D23/><U52/><E55/><V10/><F70/><W63/><G66/><T57/><D57/><U93/><E101/><V86/><F69/><W131/><G36/><T81/><D81/><U119/><E119/><V68/><F68/><W1/><G38/><T74/><D74/><U15/><E15/><N who="2" m="7287" /><F75/><W116/><G116/><T135/><D135/><U31/><E31/><V26/><F29/><W72/><G72/><T128/><D128/><U53/><E53/><V123/><F129/><W77/><G131/><T54/><D54/><RYUUKYOKU ba="0,0" sc="157,15,283,15,271,-15,289,-15" hai0="2,7,13,19,20,89,91" hai1="11,12,40,41,43,52,58,62,92,93,95,96,99" /><INIT seed="4,1,0,1,3,64" ten="172,298,256,274" oya="0" hai0="62,122,17,97,6,29,98,108,104,8,125,113,55" hai1="60,56,22,45,118,72,102,91,110,105,12,50,119" hai2="95,71,32,74,123,26,129,133,87,135,81,99,15" hai3="82,127,41,88,59,24,35,107,16,100,66,13,69"/><T9/><D113/><U46/><E110/><V76/><F123/><W83/><G127/><T114/><D114/><U79/><E72/><V128/><F15/><W77/><G69/><T65/><D122/><U58/><E79/><V80/><F26/><W31/><G41/><T38/><D38/><U5/><E105/><V124/><F32/><W132/><G132/><N who="2" m="50761" /><F71/><W73/><G100/><T25/><D125/><U121/><E102/><N who="2" m="60799" /><F124/><W61/><G107/><T115/><D115/><U112/><E121/><V18/><F18/><W75/><G75/><T54/><D108/><U68/><E68/><V36/><F36/><W30/><G30/><T3/><D17/><U21/><E12/><V120/><F120/><W85/><G13/><T43/><D43/><U27/><E27/><V34/><F34/><W4/><REACH who="3" step="1"/><G16/><REACH who="3" ten="172,298,256,264" step="2"/><T49/><D9/><U47/><E112/><V94/><F94/><W106/><G106/><T33/><D104/><U84/><E119/><V53/><F53/><W57/><G57/><T52/><REACH who="0" step="1"/><D49/><REACH who="0" ten="162,298,256,264" step="2"/><U111/><E111/><V78/><AGARI ba="1,2" hai="74,76,78,80,81,87,128,129" m="60799,50761" machi="78" ten="30,4000,0" yaku="20,1,34,2" doraHai="64" who="2" fromWho="2" sc="162,-21,298,-11,256,63,264,-11" owari="141,-35.9,287,8.7,319,41.9,253,-14.7" /></mjloggm>