<mjloggm ver="2.3"><GO type="225" lobby="0"/><UN n0="%E3%83%A9%E3%82%A4%E3%83%B3%E3%81%AE%E8%99%8E" n1="%E5%B0%8F%E5%AE%AE%E3%81%9F%E3%81%9A%E3%81%8D" n2="%E3%80%93%E3%81%97%E3%83%BC%E3%82%89%E3%80%93" n3="%E3%81%BE%E3%81%8B%E3%81%B7%E3%82%93" dan="16,16,17,16" rate="2130.38,2129.40,2150.48,2077.53" sx="M,F,M,M"/><TAIKYOKU oya="0"/><INIT seed="0,0,0,5,0,60" ten="250,250,250,250" oya="0" hai0="102,64,84,86,31,109,94,66,105,15,104,18,10" hai1="101,96,103,28,65,125,106,115,55,70,50,7,124" hai2="93,79,97,69,99,46,117,120,82,33,29,77,19" hai3="123,34,126,13,127,47,133,116,11,112,23,53,9"/><T40/><D40/><U74/><E74/><V100/><F120/><W32/><G47/><T90/><D109/><U87/><E115/><V75/><F117/><W49/><G112/><T45/><D45/><U111/><E111/><V132/><F132/><W121/><G116/><T41/><D41/><U59/><E7/><V1/><F1/><W110/><G110/><T27/><D86/><U0/><E0/><V43/><F69/><W57/><G133/><T92/><D92/><U122/><E122/><N who="3" m="46602" /><G23/><T135/><D135/><U22/><E101/><V38/><F79/><W52/><G53/><T88/><D90/><U67/><E70/><V72/><F33/><N who="3" m="12907" /><G9/><T20/><REACH who="0" step="1"/><D102/><REACH who="0" ten="240,250,250,250" step="2"/><U35/><E87/><V54/><F75/><W131/><G131/><T85/><D85/><U2/><E103/><V107/><F43/><W30/><G30/><T44/><D44/><U16/><E28/><V130/><F29/><W42/><G42/><T17/><D17/><AGARI ba="0,1" hai="11,13,17,49,52,57,126,127" m="12907,46602" machi="17" ten="30,2000,0" yaku="13,1,54,1" doraHai="60" who="3" fromWho="0" sc="240,-20,250,0,250,0,250,30" /><INIT seed="1,0,0,3,1,67" ten="220,250,250,280" oya="1" hai0="77,56,134,110,116,132,84,5,54,112,81,102,71" hai1="21,70,45,11,1,75,47,76,37,30,98,29,100" hai2="120,72,133,123,57,10,62,118,126,25,55,24,43" hai3="27,97,99,44,111,101,107,58,131,32,113,66,53"/><U2/><E70/><V130/><F72/><W18/><G113/><T8/><D112/><U28/><E21/><V3/><F118/><W121/><G121/><T108/><D102/><U65/><E65/><V114/><F114/><W122/><G122/><T52/><D116/><U87/><E75/><V20/><F25/><W16/><G111/><N who="0" m="42539" /><D71/><U59/><E59/><V89/><F126/><W104/><G131/><T49/><D54/><U63/><E63/><V82/><F130/><W15/><G44/><T85/><D84/><U40/><E45/><V117/><F133/><W90/><G66/><T48/><D49/><U6/><E87/><V41/><F117/><W31/><G15/><AGARI ba="0,0" hai="5,8,15,48,52,56,77,81,85,132,134" m="42539" machi="15" ten="30,2000,0" yaku="14,1,54,1" doraHai="67" who="0" fromWho="3" sc="220,20,250,0,250,0,280,-20" /><INIT seed="2,0,0,5,2,27" ten="240,250,250,260" oya="2" hai0="63,54,108,124,132,41,114,0,18,107,70,10,57" hai1="36,46,116,26,7,20,12,98,111,92,67,78,128" hai2="74,134,28,106,14,35,117,91,47,93,3,73,17" hai3="51,113,42,75,130,86,9,52,88,84,49,2,135"/><V64/><F3/><W72/><G113/><T21/><D114/><U11/><E111/><V59/><F106/><W79/><G135/><T44/><D108/><U23/><E128/><V71/><F71/><W43/><G130/><T99/><D132/><U33/><E116/><V62/><F134/><W37/><G37/><T121/><D124/><U13/><E67/><V69/><F117/><W118/><G118/><T83/><D121/><U65/><E65/><V50/><F69/><W56/><G2/><T105/><D70/><U127/><E127/><V95/><F95/><W85/><G9/><T68/><D68/><U76/><E33/><V112/><F112/><W131/><G131/><T6/><D99/><U102/><E36/><V30/><F35/><W38/><G38/><T24/><REACH who="0" step="1"/><D83/><REACH who="0" ten="230,250,250,260" step="2"/><U25/><E46/><V133/><F133/><W97/><G97/><T19/><D19/><N who="1" m="12447" /><E13/><V34/><F74/><W16/><G75/><T5/><D5/><U77/><E77/><V45/><F73/><W15/><G72/><T119/><D119/><U1/><E1/><V122/><F122/><W101/><G79/><T82/><D82/><U115/><E115/><V40/><F34/><W8/><G101/><T94/><D94/><U22/><E22/><N who="2" m="11575" /><F47/><N who="3" m="25847" /><G43/><T58/><D58/><U90/><E102/><V123/><F123/><W109/><G109/><T120/><D120/><U87/><E98/><AGARI ba="0,1" hai="28,30,40,45,50,59,62,64,91,93,98" m="11575" machi="98" ten="30,5800,0" yaku="8,1,52,2" doraHai="27" who="2" fromWho="1" sc="230,0,250,-58,250,68,260,0" /><INIT seed="2,1,0,1,5,97" ten="230,192,318,260" oya="2" hai0="13,80,45,81,117,57,8,77,23,85,133,15,93" hai1="70,79,78,9,20,1,115,75,92,112,43,101,126" hai2="2,122,56,90,128,74,21,100,25,31,28,0,16" hai3="123,39,116,83,5,82,63,135,87,18,53,111,66"/><V89/><F74/><W99/><G116/><T6/><D133/><U34/><E34/><V11/><F122/><W124/><G123/><T129/><D129/><U113/><E70/><V51/><F128/><W96/><G39/><T106/><D106/><U72/><E43/><V130/><F130/><W36/><G36/><T54/><D117/><U44/><E44/><V103/><F0/><W26/><G135/><T131/><D131/><U105/><E20/><V27/><F2/><W125/><G111/><T38/><D38/><U52/><E52/><N who="2" m="31775" /><F25/><W121/><G121/><T35/><D35/><U7/><E105/><V29/><F11/><W14/><G5/><T62/><D45/><U86/><E126/><N who="3" m="48746" /><G26/><T132/><D132/><U95/><E75/><V19/><F19/><W60/><G53/><T64/><D54/><U109/><E109/><V40/><F40/><W50/><G50/><T41/><D41/><U3/><E3/><V91/><AGARI ba="1,0" hai="16,21,27,28,29,31,89,90,91,100,103" m="31775" machi="91" ten="30,12000,1" yaku="8,1,52,2,54,2" doraHai="97" who="2" fromWho="2" sc="230,-41,192,-41,318,123,260,-41" /><INIT seed="2,2,0,5,1,13" ten="189,151,441,219" oya="2" hai0="118,29,86,124,17,103,94,110,95,126,65,22,108" hai1="96,27,104,41,44,68,4,77,130,98,15,23,101" hai2="123,30,43,83,48,127,66,38,32,81,21,12,105" hai3="125,46,7,52,63,37,74,111,62,6,73,24,135"/><V54/><F105/><W55/><G135/><T70/><D29/><U1/><E130/><V61/><F123/><W18/><G125/><N who="0" m="48235" /><D118/><U39/><E68/><V114/><F32/><W25/><G111/><N who="0" m="42539" /><D103/><U106/><E1/><V88/><F114/><W51/><G37/><T9/><D9/><U128/><E128/><V34/><F34/><W19/><G51/><T60/><D86/><U45/><E77/><V79/><F43/><W133/><G133/><T47/><D47/><AGARI ba="2,0" hai="6,7,18,19,24,25,46,47,52,55,62,63,73,74" machi="47" ten="25,8000,1" yaku="22,2,52,2,54,1" doraHai="13" who="3" fromWho="0" sc="189,-86,151,0,441,0,219,86" /><INIT seed="3,0,0,5,0,131" ten="103,151,441,305" oya="3" hai0="134,56,47,132,67,7,1,101,57,78,74,15,114" hai1="72,62,128,41,36,4,49,64,117,94,129,80,71" hai2="92,84,90,115,38,34,93,116,82,107,59,91,30" hai3="103,100,76,51,35,61,104,123,110,28,63,32,21"/><W58/><G123/><T17/><D101/><U24/><E36/><V53/><F38/><W135/><G110/><T109/><D109/><U48/><E117/><V130/><F107/><W19/><G135/><N who="0" m="51755" /><D114/><U55/><E4/><V9/><F115/><W106/><G76/><T70/><D47/><N who="1" m="25711" /><E94/><V37/><F37/><W77/><G77/><T5/><D70/><U81/><E72/><V50/><F130/><N who="1" m="50281" /><E24/><V86/><F116/><W22/><G51/><T26/><D26/><U52/><E52/><V121/><F34/><W126/><G126/><T31/><D31/><U95/><E95/><N who="2" m="54727" /><F30/><W125/><G125/><T25/><D25/><U18/><E18/><V43/><F121/><W66/><G28/><T98/><D98/><U11/><E11/><V120/><F120/><W83/><G83/><N who="0" m="45527" /><D1/><U73/><E73/><V124/><F124/><W105/><G63/><N who="0" m="38375" /><D57/><AGARI ba="0,0" hai="49,55,57,62,64,71,80,81" m="50281,25711" machi="57" ten="30,1000,0" yaku="19,1" doraHai="131" who="1" fromWho="0" sc="103,-10,151,10,441,0,305,0" owari="93,-40.7,161,-23.9,441,54.1,305,10.5" /></mjloggm>