<mjloggm ver="2.3"><GO type="225" lobby="0"/><UN n0="%E3%82%8F%E3%81%8B%E3%81%B0%2A%E3%82%AC%E3%83%BC%E3%83%AB" n1="%E4%BF%BA%E3%81%A8%E5%A6%96%E5%A4%A2" n2="%E3%81%BD%E3%81%A1%E3%81%9F%E3%81%93%E3%82%84" n3="%73%75%7A%75%6D%65%33" dan="16,16,17,17" rate="2084.92,2222.58,2187.70,2186.08" sx="M,F,M,M"/><TAIKYOKU oya="0"/><INIT seed="0,0,0,3,3,13" ten="250,250,250,250" oya="0" hai0="80,90,98,35,11,32,33,95,45,103,57,73,47" hai1="91,89,53,20,113,50,132,88,43,7,115,59,5" hai2="117,8,107,111,41,52,18,29,48,118,49,106,0" hai3="123,58,15,46,70,40,67,63,28,100,30,74,77"/><T129/><D129/><U61/><E132/><V64/><F111/><W66/><G123/><T51/><D11/><U94/><E94/><V128/><F128/><W25/><G100/><T126/><D126/><U54/><E43/><V22/><F64/><W42/><G42/><T130/><D130/><U10/><E20/><V6/><F29/><W84/><G74/><T2/><D2/><U56/><REACH who="1" step="1"/><E10/><REACH who="1" ten="250,240,250,250" step="2"/><V34/><F41/><W122/><G40/><T62/><D103/><U97/><E97/><V71/><F34/><W4/><G122/><T36/><D36/><U79/><E79/><V114/><F22/><W55/><G77/><T65/><D73/><U17/><E17/><V37/><F18/><W83/><G4/><AGARI ba="0,1" hai="4,5,7,50,53,54,56,59,61,88,89,91,113,115" machi="4" ten="40,2600,0" yaku="1,1,54,1,53,0" doraHai="13" doraHaiUra="135" who="1" fromWho="3" sc="250,0,240,36,250,0,250,-26" /><INIT seed="1,0,0,3,3,4" ten="250,276,250,224" oya="1" hai0="37,102,124,29,63,64,98,69,82,44,30,68,79" hai1="74,70,76,48,80,19,6,2,33,75,15,23,77" hai2="92,127,5,57,99,31,53,49,133,126,132,54,96" hai3="123,26,20,52,83,118,24,134,104,0,119,66,129"/><U60/><E48/><N who="2" m="30887" /><F31/><W67/><G123/><T27/><D124/><N who="2" m="47658" /><F5/><W105/><G0/><T95/><D69/><U9/><E33/><V8/><F8/><W130/><G83/><T87/><D37/><U18/><E18/><V120/><F120/><W22/><REACH who="3" step="1"/><G52/><REACH who="3" ten="250,276,250,214" step="2"/><T50/><D27/><U107/><E80/><V71/><F71/><W109/><G109/><T108/><D108/><U131/><E131/><V135/><F92/><W11/><G11/><T13/><D13/><U112/><E107/><V114/><F114/><W111/><G111/><T28/><D29/><U46/><E112/><V93/><F93/><W59/><G59/><AGARI ba="0,1" hai="49,54,59,96,99,132,133,135" m="47658,30887" machi="59" ten="40,2600,0" yaku="20,1,18,1" doraHai="4" who="2" fromWho="3" sc="250,0,276,0,250,36,214,-26" /><INIT seed="2,0,0,3,1,45" ten="250,276,286,188" oya="2" hai0="38,130,43,81,84,36,126,101,87,113,8,14,79" hai1="65,23,20,135,22,114,48,12,122,110,104,60,33" hai2="61,2,72,80,70,105,67,30,118,55,95,49,3" hai3="116,99,40,117,6,91,62,1,96,93,16,52,24"/><V44/><F105/><W66/><G40/><T131/><D113/><U83/><E114/><V112/><F112/><W47/><G96/><T46/><D126/><U19/><E33/><V78/><F118/><W31/><G1/><T27/><D101/><U7/><E104/><V59/><F30/><W103/><G6/><T69/><D69/><U94/><E110/><V0/><REACH who="2" step="1"/><F95/><REACH who="2" ten="250,276,276,188" step="2"/><W26/><G117/><T128/><D36/><U68/><E94/><V4/><F4/><W119/><G119/><T13/><D27/><U125/><E125/><V98/><F98/><W129/><G116/><T82/><REACH who="0" step="1"/><D8/><REACH who="0" ten="240,276,276,188" step="2"/><U21/><E122/><V64/><F64/><W92/><G26/><T109/><D109/><U32/><E65/><V132/><F132/><W39/><G66/><T77/><AGARI ba="0,2" hai="13,14,38,43,46,77,79,81,82,84,87,128,130,131" machi="77" ten="30,12000,2" yaku="1,1,0,1,9,1,19,1,53,2" doraHai="45" doraHaiUra="74" who="0" fromWho="0" sc="240,140,276,-30,276,-60,188,-30" /><INIT seed="3,0,0,5,2,29" ten="380,246,216,158" oya="3" hai0="33,123,48,65,67,14,11,119,95,98,77,112,82" hai1="93,37,83,130,1,45,40,28,108,90,4,87,26" hai2="47,126,107,113,118,52,114,81,34,103,72,121,35" hai3="85,61,23,110,96,84,38,50,66,135,9,69,30"/><W60/><G38/><T21/><D119/><U3/><E108/><V132/><F118/><W63/><G135/><T127/><D33/><N who="2" m="12298" /><F52/><W49/><G110/><T24/><D123/><U109/><E109/><V97/><F132/><W117/><G117/><T106/><D106/><U42/><E42/><V76/><F121/><W56/><G9/><T101/><D127/><U15/><E4/><V12/><F12/><W73/><G73/><T22/><D48/><N who="3" m="18537" /><G69/><T94/><D94/><U105/><E105/><V122/><F122/><W59/><G96/><T104/><D104/><U70/><E70/><V80/><F80/><W13/><G13/><T2/><D2/><U43/><E43/><V17/><F17/><W99/><G99/><T41/><D41/><U25/><E15/><V75/><F47/><W102/><G102/><T91/><D112/><N who="2" m="43114" /><F72/><W133/><G133/><T64/><D101/><U36/><E45/><V74/><F74/><W78/><G78/><T92/><D24/><U131/><E40/><V44/><F44/><W79/><G79/><T39/><D39/><N who="1" m="14923" /><E26/><V32/><N who="2" m="12306" /><V31/><DORA hai="57" /><F31/><W16/><G30/><T5/><D95/><U100/><E28/><V0/><F126/><W124/><G124/><T8/><D8/><U115/><E115/><V18/><F18/><W20/><G20/><T116/><D116/><U86/><E25/><V7/><F7/><W6/><G6/><T134/><D134/><U55/><E55/><V51/><F51/><W62/><G56/><T129/><D77/><N who="1" m="46447" /><E100/><V89/><F89/><W120/><G120/><T111/><D91/><RYUUKYOKU ba="0,0" sc="380,-30,246,10,216,10,158,10" hai1="1,3,87,90,93,130,131" hai2="0,75,76,81,97,103,107" hai3="16,23,59,60,61,62,63,66,84,85" /><INIT seed="3,1,0,1,5,53" ten="350,256,226,168" oya="3" hai0="59,62,48,56,3,65,81,100,79,76,109,29,129" hai1="120,78,88,73,32,9,118,99,69,10,28,74,113" hai2="49,82,1,57,5,119,35,43,18,52,34,106,117" hai3="95,121,116,0,27,135,108,124,24,80,21,16,91"/><W92/><G0/><T14/><D3/><U54/><E120/><V111/><F111/><W66/><G121/><T97/><D109/><U15/><E113/><V51/><F106/><W126/><G108/><T94/><D129/><U98/><E69/><V26/><F82/><W131/><G116/><T64/><D29/><U128/><E28/><V70/><F70/><W45/><G131/><T37/><D37/><U42/><E32/><V2/><F35/><W101/><G135/><T47/><D14/><U105/><E42/><V19/><F34/><W134/><G134/><T127/><D127/><N who="3" m="48681" /><G66/><N who="0" m="25707" /><D62/><U90/><E128/><V11/><F1/><W107/><G45/><T133/><D133/><U104/><E54/><V102/><F102/><W68/><G68/><T20/><D20/><U84/><E15/><V25/><F25/><W125/><N who="3" m="48689" /><W93/><DORA hai="22" /><G27/><T13/><D13/><U4/><E4/><V67/><F67/><W23/><G23/><T58/><D81/><U96/><E10/><V132/><F132/><W115/><G115/><T38/><D38/><U8/><E8/><V6/><F6/><W83/><G91/><N who="1" m="34858" /><E9/><V86/><F26/><W30/><G30/><T130/><D130/><U87/><E118/><V71/><F71/><W60/><G60/><T44/><D44/><U63/><E63/><V85/><F117/><W122/><G122/><T46/><D46/><U33/><E33/><V110/><F110/><W75/><G75/><N who="1" m="28682" /><E78/><V112/><F119/><W17/><G17/><N who="2" m="6153" /><F112/><W50/><G50/><N who="2" m="18953" /><F43/><AGARI ba="1,0" hai="43,47,48,56,58,59,76,79,94,97,100" m="25707" machi="43" ten="30,7700,0" yaku="8,1,52,3" doraHai="53,22" who="0" fromWho="2" sc="350,80,256,0,226,-80,168,0" owari="430,53.0,256,5.6,146,-35.4,168,-23.2" /></mjloggm>