<mjloggm ver="2.3"><GO type="225" lobby="0"/><UN n0="%72%69%6F%75%63%68%61%6E" n1="%E3%81%BF%E3%81%BF%E3%81%9A" n2="%33%74%72%65%65" n3="%E3%83%96%E3%83%83%E3%83%91%E3%82%AA%E3%83%96%E3%83%81%E3%82%AD%E3%83%B3" dan="16,17,16,16" rate="2097.82,2212.14,2107.95,2181.04" sx="M,M,F,M"/><TAIKYOKU oya="0"/><INIT seed="0,0,0,4,2,88" ten="250,250,250,250" oya="0" hai0="36,125,65,71,5,132,121,123,81,96,42,44,117" hai1="41,54,62,47,112,105,90,21,97,19,77,43,99" hai2="3,104,37,9,7,98,13,92,74,82,67,18,66" hai3="58,76,52,31,109,48,87,116,49,130,39,46,56"/><T14/><D117/><U120/><E120/><V73/><F104/><W122/><G116/><T69/><D125/><U134/><E77/><V108/><F108/><W12/><G109/><T20/><D132/><U25/><E134/><V83/><F37/><W10/><G122/><T6/><D81/><U107/><E112/><V64/><F74/><W133/><G133/><T22/><D71/><U101/><E47/><V50/><F50/><W57/><G130/><T78/><D78/><U79/><E79/><V129/><F129/><W35/><G39/><T0/><D0/><U124/><E124/><V128/><F73/><W32/><G31/><T115/><D115/><U40/><E90/><V131/><F131/><W111/><G111/><T127/><D127/><U93/><REACH who="1" step="1"/><E99/><REACH who="1" ten="250,240,250,250" step="2"/><V11/><REACH who="2" step="1"/><F128/><REACH who="2" ten="250,240,240,250" step="2"/><W126/><G126/><T15/><D123/><U63/><E63/><V26/><F26/><W113/><G113/><T114/><D121/><U38/><E38/><V103/><AGARI ba="0,2" hai="3,7,9,11,13,18,64,66,67,82,83,92,98,103" machi="103" ten="30,8000,1" yaku="1,1,0,1,52,1,53,2" doraHai="88" doraHaiUra="4" who="2" fromWho="2" sc="250,-40,240,-20,240,100,250,-20" /><INIT seed="1,0,0,1,1,47" ten="210,220,340,230" oya="1" hai0="24,56,22,33,28,41,43,85,9,68,126,26,102" hai1="21,1,19,0,79,45,135,72,6,13,127,31,32" hai2="129,44,51,114,63,124,91,53,81,92,17,39,18" hai3="128,123,55,54,10,96,83,64,59,95,104,11,37"/><U58/><E72/><V115/><F129/><W30/><G123/><T25/><D126/><U87/><E127/><V35/><F124/><W5/><G37/><T74/><D74/><U90/><E79/><V131/><F131/><W65/><G128/><T27/><D68/><U36/><E135/><V130/><F130/><W12/><G104/><T40/><D102/><U2/><E58/><V134/><F134/><W109/><G109/><T84/><D33/><U120/><E120/><V49/><F39/><W57/><G30/><T23/><D9/><N who="1" m="2247" /><E45/><N who="2" m="27823" /><F81/><W73/><G73/><T82/><D56/><U122/><E36/><V78/><F63/><N who="3" m="36287" /><G11/><T116/><D116/><U107/><E107/><V121/><F78/><W76/><G83/><T66/><D66/><U113/><E122/><V133/><F35/><W48/><G76/><T42/><N who="0" m="10240" /><DORA hai="117" /><T99/><D99/><U105/><E113/><V62/><F133/><W77/><G77/><T98/><D98/><U110/><E105/><V29/><F121/><W70/><G70/><T15/><REACH who="0" step="1"/><D82/><REACH who="0" ten="200,220,340,230" step="2"/><N who="1" m="49527" /><E110/><V80/><F115/><W52/><G54/><T132/><D132/><U88/><E88/><AGARI ba="0,1" hai="5,10,12,48,52,59,64,65,88,95,96" m="36287" machi="88" ten="30,7700,0" yaku="8,1,52,1,54,2" doraHai="47,117" who="3" fromWho="1" sc="200,0,220,-77,340,0,230,87" /><INIT seed="2,0,0,0,4,95" ten="200,143,340,317" oya="2" hai0="19,81,111,115,3,127,119,38,2,117,76,129,102" hai1="112,4,23,13,134,57,16,125,71,77,25,30,97" hai2="114,44,66,89,90,130,82,101,107,37,91,65,68" hai3="29,40,22,53,47,85,54,106,45,6,48,41,49"/><V94/><F114/><W12/><G106/><T118/><D115/><U96/><E71/><V108/><F130/><W122/><G122/><T52/><D38/><U80/><E112/><V126/><F126/><W34/><G34/><T92/><D127/><U11/><E125/><V104/><F108/><W39/><G39/><T87/><D129/><U79/><E134/><V33/><F33/><W123/><G123/><T9/><D111/><U10/><E57/><V75/><F68/><W28/><G85/><T24/><D52/><N who="3" m="20073" /><G6/><T21/><REACH who="0" step="1"/><D9/><REACH who="0" ten="190,143,340,317" step="2"/><U109/><E109/><V17/><F37/><W1/><G1/><T42/><D42/><U132/><E132/><V64/><F44/><W32/><G32/><T31/><D31/><U74/><E79/><V36/><F36/><W35/><G35/><T8/><D8/><U20/><REACH who="1" step="1"/><E11/><REACH who="1" ten="190,133,340,317" step="2"/><V105/><F66/><W103/><G47/><T18/><D18/><U50/><E50/><V61/><F17/><W62/><G48/><T63/><D63/><U15/><AGARI ba="0,2" hai="4,10,13,15,16,20,23,25,30,74,77,80,96,97" machi="15" ten="20,12000,2" yaku="1,1,0,1,7,1,52,2,54,1,53,0" doraHai="95" doraHaiUra="58" who="1" fromWho="1" sc="190,-30,133,140,340,-60,317,-30" /><INIT seed="3,0,0,0,3,113" ten="160,273,280,287" oya="3" hai0="9,26,0,72,51,16,121,38,114,42,29,96,64" hai1="74,59,41,54,116,44,91,21,133,100,33,122,112" hai2="67,37,120,35,102,31,90,95,50,47,25,57,46" hai3="107,134,109,17,62,81,119,108,6,98,69,8,22"/><W97/><G134/><T71/><D121/><U132/><E122/><V36/><F120/><W87/><G119/><T130/><D114/><U3/><E112/><V115/><F102/><W127/><G127/><T28/><D130/><U63/><E33/><V11/><F115/><W118/><G118/><T126/><D126/><U92/><E3/><V49/><F11/><W70/><G17/><T14/><D38/><U110/><E74/><V131/><F131/><W15/><G22/><T45/><D72/><U20/><E100/><V32/><F32/><W124/><G124/><T111/><D111/><N who="3" m="42569" /><G107/><T94/><D0/><U93/><E110/><V105/><F105/><W10/><G10/><T125/><D125/><U18/><E116/><V68/><F68/><N who="3" m="26219" /><G62/><T24/><D64/><U5/><E5/><V61/><F50/><W85/><G85/><T103/><REACH who="0" step="1"/><D71/><REACH who="0" ten="150,273,280,287" step="2"/><U101/><E132/><V66/><F66/><W106/><G106/><T89/><D89/><AGARI ba="0,1" hai="6,8,15,81,87,89,97,98" m="26219,42569" machi="89" ten="30,2900,0" yaku="14,1,10,1" doraHai="113" who="3" fromWho="0" sc="150,-29,273,0,280,0,287,39" owari="121,-37.9,273,-12.7,280,8.0,326,42.6" /></mjloggm>