<mjloggm ver="2.3"><GO type="225" lobby="0"/><UN n0="%E6%98%93%E5%88%A9%E8%96%A9%E4%BC%AF" n1="%E7%99%BD%E5%80%89%E5%AF%9B%E4%B9%8B" n2="%77%72%77%72%77%72%77%72" n3="%E4%BF%BA%E3%81%A8%E5%A6%96%E5%A4%A2" dan="17,16,16,16" rate="2105.61,2118.41,2167.32,2107.14" sx="F,M,M,F"/><TAIKYOKU oya="0"/><INIT seed="0,0,0,0,2,127" ten="250,250,250,250" oya="0" hai0="87,34,82,107,131,44,20,68,70,113,12,1,35" hai1="6,52,111,63,134,32,105,85,42,122,7,95,125" hai2="110,9,19,64,48,90,4,86,120,102,8,106,81" hai3="56,38,60,69,124,78,71,24,115,53,13,59,96"/><T109/><D113/><U41/><E105/><V75/><F120/><W128/><G115/><T43/><D1/><U94/><E32/><V112/><F112/><W31/><G124/><T133/><D107/><U126/><E122/><V25/><F110/><W37/><G78/><T89/><D133/><U22/><E111/><V57/><F75/><W119/><G119/><T15/><D109/><U21/><E63/><V2/><F106/><W93/><G13/><T114/><D15/><U97/><E85/><V117/><F117/><W16/><G59/><T46/><D46/><U132/><REACH who="1" step="1"/><E52/><REACH who="1" ten="250,240,250,250" step="2"/><V0/><F64/><W17/><G53/><T61/><D114/><U49/><E49/><V116/><F48/><W11/><G60/><T67/><D35/><U79/><E79/><V40/><F86/><W28/><G38/><T23/><D34/><U26/><E26/><V72/><F25/><W123/><G37/><T108/><D108/><U36/><E36/><V129/><F116/><W103/><G24/><T30/><D61/><U121/><E121/><V74/><F72/><W130/><G123/><T5/><D87/><U99/><AGARI ba="0,1" hai="6,7,21,22,41,42,94,95,97,99,125,126,132,134" machi="99" ten="25,12000,2" yaku="1,1,0,1,22,2,53,2" doraHai="127" doraHaiUra="39" who="1" fromWho="1" sc="250,-60,240,130,250,-30,250,-30" /><INIT seed="1,0,0,0,0,74" ten="190,370,220,220" oya="1" hai0="126,2,103,118,38,44,67,80,92,96,86,42,79" hai1="135,120,93,99,83,123,88,6,30,45,27,31,25" hai2="68,128,34,4,28,125,24,111,47,55,121,11,117" hai3="91,26,17,94,1,75,43,122,116,64,12,13,114"/><U112/><E112/><V53/><F117/><W32/><G122/><T134/><D118/><U58/><E135/><V101/><F121/><W15/><G114/><T40/><D134/><U108/><E108/><V10/><F111/><W21/><G1/><T62/><D42/><U20/><E6/><V110/><F110/><W69/><G116/><T133/><D133/><U14/><E14/><V127/><F68/><W100/><G100/><T113/><D113/><U3/><E3/><V85/><F128/><W23/><G32/><T89/><D2/><U81/><E123/><V115/><F115/><W90/><G43/><T48/><D126/><N who="2" m="48138" /><F101/><W105/><G105/><T82/><D38/><U104/><E104/><V41/><F85/><W102/><G75/><T52/><D40/><U97/><E45/><V72/><F72/><W5/><G5/><T87/><D62/><U39/><E39/><N who="2" m="21951" /><F11/><W37/><G37/><T60/><D60/><U132/><E132/><V98/><F98/><N who="3" m="59735" /><G69/><T61/><D61/><U84/><E58/><V76/><F76/><W66/><G23/><T8/><D8/><U7/><E7/><V29/><F28/><W9/><G9/><T124/><D124/><U33/><REACH who="1" step="1"/><E120/><REACH who="1" ten="190,360,220,220" step="2"/><V107/><F107/><W71/><G71/><T70/><D70/><U109/><E109/><V57/><F57/><W73/><G73/><T59/><D59/><U131/><E131/><V49/><F49/><W65/><AGARI ba="0,1" hai="12,13,15,17,21,26,64,65,66,90,91" m="59735" machi="65" ten="30,1100,0" yaku="8,1" doraHai="74" who="3" fromWho="3" sc="190,-3,360,-5,220,-3,220,21" /><INIT seed="2,0,0,0,1,34" ten="187,355,217,241" oya="2" hai0="130,81,23,87,74,25,127,62,103,36,114,90,39" hai1="104,19,42,79,111,9,10,66,46,117,95,51,2" hai2="24,84,89,110,107,55,43,67,68,73,26,1,57" hai3="80,98,14,63,64,61,48,102,28,100,133,5,8"/><V45/><F1/><W33/><G133/><T101/><D114/><U112/><E104/><V69/><F107/><W77/><G33/><T7/><D130/><U131/><E112/><V3/><F3/><W76/><G28/><T40/><D127/><U44/><E117/><V116/><F73/><W115/><G115/><T38/><D40/><U75/><E131/><V91/><F116/><W118/><G118/><T4/><D74/><U15/><E66/><V41/><F110/><W27/><G27/><N who="2" m="10281" /><F69/><W85/><G76/><T56/><D103/><U124/><E111/><V0/><F0/><W54/><G64/><T20/><D101/><N who="3" m="39017" /><G98/><T53/><REACH who="0" step="1"/><D23/><REACH who="0" ten="177,355,217,241" step="2"/><N who="1" m="11775" /><E75/><V30/><F41/><W12/><G12/><T37/><N who="0" m="9216" /><DORA hai="93" /><T108/><D108/><U129/><E2/><V17/><F43/><W105/><G105/><T120/><D120/><U59/><E129/><V134/><F134/><W83/><G83/><T13/><D13/><U70/><E124/><V122/><F122/><W94/><G94/><T78/><D78/><U135/><E95/><V52/><F89/><W106/><G106/><T92/><D92/><U58/><E79/><V71/><F91/><W123/><G123/><T21/><D21/><U109/><E109/><V50/><F68/><W113/><G113/><T119/><D119/><U60/><E70/><V121/><F71/><W82/><G82/><T11/><D11/><U97/><E10/><V49/><F121/><W6/><G6/><T96/><D96/><U125/><E97/><V35/><F35/><W32/><G32/><T16/><AGARI ba="0,1" hai="4,7,16,20,25,53,56,62,81,87,90" m="9216" machi="16" ten="60,8000,1" yaku="1,1,0,1,54,1,53,1" doraHai="34,93" doraHaiUra="99,86" who="0" fromWho="0" sc="177,90,355,-20,217,-40,241,-20" /><INIT seed="3,0,0,3,3,128" ten="267,335,177,221" oya="3" hai0="45,31,64,110,49,135,100,47,77,29,1,4,32" hai1="62,55,2,73,125,57,99,119,11,104,34,127,84" hai2="133,59,5,130,76,131,111,26,7,132,9,52,105" hai3="90,0,126,42,36,74,65,51,72,25,39,69,112"/><W16/><G112/><T83/><D135/><N who="2" m="51786" /><F111/><W91/><G0/><T56/><D100/><U86/><E73/><V93/><F105/><W116/><G116/><T48/><D32/><U43/><E34/><V98/><F76/><W44/><G74/><T122/><D4/><N who="2" m="1610" /><F9/><W92/><G72/><T28/><D1/><U75/><E11/><V81/><F81/><W37/><G126/><T33/><D33/><U94/><E2/><V54/><F26/><W134/><G134/><T67/><D83/><U50/><E75/><V46/><F46/><W17/><G25/><T78/><D47/><N who="1" m="25983" /><E104/><V113/><F113/><W53/><G42/><T121/><D45/><U18/><E119/><V19/><F19/><W27/><G27/><T85/><D78/><U66/><E18/><V40/><F40/><W30/><G30/><T41/><D31/><U89/><E127/><V13/><F13/><W109/><G109/><T108/><D41/><U22/><E125/><V101/><F52/><W79/><G79/><T3/><D77/><U12/><E55/><V6/><N who="2" m="1618" /><V21/><DORA hai="38" /><F21/><W124/><G124/><T97/><D3/><U129/><E12/><V60/><AGARI ba="0,0" hai="54,59,60,93,98,101,130,131" m="1618,51786" machi="60" ten="40,8000,1" yaku="20,1,52,3" doraHai="128,38" who="2" fromWho="2" sc="267,-20,335,-20,177,80,221,-40" owari="247,-15.3,315,41.5,257,5.7,181,-31.9" /></mjloggm>