<mjloggm ver="2.3"><GO type="225" lobby="0"/><UN n0="%E9%B7%B9%E5%80%89%E6%9D%8F%E9%88%B4" n1="%E9%A6%AC%E5%BC%95%E7%81%AB%33" n2="%E5%A4%8F%E9%88%B4%E9%88%B4%E5%A4%8F" n3="%6C%61%6D%62" dan="16,16,16,16" rate="2142.97,2127.02,2101.40,2234.98" sx="F,M,F,M"/><TAIKYOKU oya="0"/><INIT seed="0,0,0,4,2,133" ten="250,250,250,250" oya="0" hai0="74,35,13,118,9,33,104,78,122,40,123,101,42" hai1="55,7,16,106,54,83,32,29,126,69,113,127,5" hai2="120,98,17,11,60,125,18,22,70,75,52,44,131" hai3="20,21,28,107,3,34,134,24,79,96,89,41,67"/><T19/><D118/><U0/><E106/><V23/><F23/><W90/><G134/><T1/><D1/><U81/><E69/><V15/><F120/><W80/><G3/><T124/><D124/><N who="1" m="47659" /><E113/><V46/><F125/><W100/><G41/><T48/><D101/><U132/><E132/><V36/><F131/><W91/><REACH who="3" step="1"/><G67/><REACH who="3" ten="250,250,250,240" step="2"/><T14/><D42/><U59/><E55/><V109/><F109/><W63/><G63/><T117/><D40/><U6/><E0/><V103/><F75/><AGARI ba="0,1" hai="20,21,24,28,34,75,79,80,89,90,91,96,100,107" machi="75" ten="40,1300,0" yaku="1,1,53,0" doraHai="133" doraHaiUra="12" who="3" fromWho="2" sc="250,0,250,0,250,-13,240,23" /><INIT seed="1,0,0,1,5,104" ten="250,250,237,263" oya="1" hai0="2,11,105,134,10,16,7,49,103,131,19,79,133" hai1="42,68,50,56,52,9,112,129,101,123,13,81,63" hai2="32,27,12,120,25,40,135,55,36,80,29,88,5" hai3="82,107,72,39,118,54,95,93,132,51,24,14,92"/><U41/><E112/><V113/><F120/><W115/><G115/><T130/><D79/><U109/><E123/><V66/><F113/><W124/><G107/><T15/><D49/><U83/><E129/><N who="0" m="49161" /><D103/><U48/><E109/><V108/><F108/><W18/><G132/><N who="0" m="50795" /><D105/><U102/><E102/><V64/><F135/><W114/><G39/><T87/><D87/><U43/><E101/><V61/><F25/><W8/><G118/><T106/><D106/><U126/><E126/><V45/><F12/><W59/><G124/><T77/><D77/><U28/><E28/><V127/><F5/><AGARI ba="0,0" hai="2,5,7,10,11,15,16,19" m="50795,49161" machi="5" ten="30,8000,1" yaku="19,1,20,1,34,2,54,1" doraHai="104" who="0" fromWho="2" sc="250,80,250,0,237,-80,263,0" /><INIT seed="2,0,0,5,4,20" ten="330,250,157,263" oya="2" hai0="33,71,67,112,77,113,117,50,97,88,24,92,21" hai1="40,101,73,25,37,105,41,32,74,60,55,51,76" hai2="0,8,72,119,15,13,3,103,6,110,94,135,62" hai3="36,102,19,17,14,91,82,100,54,12,132,29,121"/><V83/><F119/><W93/><G121/><T87/><D33/><U89/><E89/><V75/><F135/><W126/><G36/><T22/><D117/><U131/><E131/><V57/><F110/><W111/><G126/><T124/><D124/><U56/><E37/><V90/><F103/><W65/><G65/><T42/><D71/><U84/><E84/><V128/><F128/><W64/><G64/><T106/><D67/><U81/><E74/><V68/><F68/><W43/><G43/><T28/><D106/><U108/><E108/><V85/><F0/><W27/><G132/><T116/><D116/><U26/><E32/><V125/><F125/><W4/><G82/><T86/><D77/><U34/><E34/><V79/><REACH who="2" step="1"/><F75/><REACH who="2" ten="330,250,147,263" step="2"/><W99/><G102/><T130/><D130/><U38/><E38/><V95/><F95/><W9/><G100/><T96/><D113/><U104/><E104/><V16/><F16/><W63/><G111/><T133/><D133/><U1/><E1/><V122/><F122/><W129/><G129/><T35/><D112/><U2/><E2/><V127/><F127/><W78/><G19/><T49/><D92/><U107/><E107/><V30/><F30/><W44/><G17/><T31/><D28/><U10/><E101/><V5/><F5/><W66/><G4/><T53/><D31/><U61/><E105/><V46/><F46/><W47/><G47/><T45/><D45/><U80/><E73/><V120/><F120/><W134/><G44/><T23/><D42/><U118/><E40/><V48/><F48/><W39/><G134/><RYUUKYOKU ba="0,1" sc="330,-10,250,-10,147,30,263,-10" hai2="3,6,8,13,15,57,62,72,79,83,85,90,94" /><INIT seed="2,1,1,0,2,102" ten="320,240,177,253" oya="2" hai0="118,60,108,119,25,68,132,80,99,46,58,8,40" hai1="61,97,32,34,128,51,4,70,63,76,131,89,101" hai2="135,57,54,124,87,120,7,3,53,44,105,24,23" hai3="122,45,15,14,26,83,31,11,86,18,17,42,85"/><V13/><F120/><W73/><G122/><T21/><D68/><U110/><E110/><V116/><F116/><N who="0" m="44586" /><D108/><U20/><E76/><V50/><F135/><W77/><G26/><T41/><D132/><U98/><E4/><V91/><F124/><W37/><REACH who="3" step="1"/><G31/><REACH who="3" ten="320,240,177,243" step="2"/><T94/><D25/><U93/><E131/><V130/><F130/><W75/><G75/><T35/><D35/><U107/><E32/><V72/><F72/><W134/><G134/><T100/><D21/><AGARI ba="1,2" hai="11,14,15,17,18,21,37,42,45,73,77,83,85,86" machi="21" ten="30,7700,0" yaku="1,1,7,1,53,2" doraHai="102" doraHaiUra="9" who="3" fromWho="0" sc="320,-80,240,0,177,0,243,100" /><INIT seed="3,0,0,1,0,131" ten="240,240,177,343" oya="3" hai0="92,109,53,11,66,0,34,6,22,76,130,77,114" hai1="95,42,96,1,40,51,134,118,59,113,15,94,91" hai2="98,14,47,86,100,50,13,106,80,35,133,2,115" hai3="61,44,7,31,68,120,25,60,5,119,71,117,54"/><W41/><G120/><T46/><D34/><U93/><E134/><V104/><F115/><W132/><G132/><T103/><D114/><U84/><E1/><V101/><F2/><W129/><G25/><T64/><D66/><U99/><E113/><V97/><F35/><W28/><G44/><T124/><D64/><U49/><E15/><V73/><F73/><W20/><G54/><T67/><D109/><U85/><E118/><V89/><REACH who="2" step="1"/><F133/><REACH who="2" ten="240,240,167,343" step="2"/><W43/><G129/><T29/><D0/><U78/><E85/><V121/><F121/><W65/><G119/><T33/><D130/><U69/><E84/><V27/><F27/><W19/><G117/><T38/><D33/><U105/><E99/><V39/><F39/><W108/><G108/><T26/><D38/><U30/><E96/><V111/><F111/><W36/><G36/><T90/><D26/><U16/><E30/><V116/><F116/><W9/><G28/><T32/><D29/><U56/><E105/><V122/><F122/><W74/><G31/><T23/><D32/><U8/><E69/><V48/><F48/><W128/><G74/><T127/><D127/><U52/><E51/><V125/><F125/><W135/><G135/><T123/><D124/><U110/><E110/><V57/><F57/><W81/><G128/><T87/><D123/><U12/><E56/><V4/><F4/><W83/><G68/><T88/><D6/><U63/><E49/><V18/><F18/><W21/><G71/><T37/><D37/><U70/><E70/><V10/><F10/><W107/><G9/><T82/><D11/><RYUUKYOKU ba="0,1" sc="240,-10,240,-10,167,30,343,-10" hai2="13,14,47,50,80,86,89,97,98,100,101,104,106" owari="230,3.0,230,-17.0,197,-30.3,343,44.3" /></mjloggm>