<mjloggm ver="2.3"><GO type="225" lobby="0"/><UN n0="%E3%81%8B%E3%82%8F%E3%81%A1%E3%82%83%E3%82%93%35%38" n1="%72%69%6F%75%63%68%61%6E" n2="%43%68%65" n3="%E3%81%BF%E3%81%BF%E3%81%9A" dan="16,16,16,18" rate="2132.61,2167.22,2094.51,2243.04" sx="M,M,M,M"/><TAIKYOKU oya="0"/><INIT seed="0,0,0,1,5,37" ten="250,250,250,250" oya="0" hai0="27,126,110,72,44,43,26,30,32,135,87,122,76" hai1="54,28,68,91,127,92,86,22,55,24,64,65,40" hai2="106,116,15,14,0,33,51,36,123,109,94,12,79" hai3="8,57,130,78,115,82,63,100,34,95,61,25,7"/><T46/><D122/><U58/><E127/><V120/><F106/><W17/><G115/><T132/><D72/><U128/><E128/><V102/><F36/><W111/><G130/><T98/><D126/><U62/><E65/><V35/><F0/><W93/><G111/><T13/><D110/><U107/><E107/><V9/><F109/><W77/><G34/><T29/><D98/><U3/><E3/><V53/><F79/><W90/><G100/><T47/><D13/><U39/><REACH who="1" step="1"/><E58/><REACH who="1" ten="250,240,250,250" step="2"/><V59/><F123/><W66/><G57/><T52/><D52/><U31/><E31/><V118/><F120/><W104/><G66/><T80/><REACH who="0" step="1"/><D43/><REACH who="0" ten="240,240,250,250" step="2"/><U50/><E50/><V103/><F9/><W18/><G8/><T97/><D97/><U56/><E56/><V2/><F2/><W74/><G63/><T125/><D125/><U49/><E49/><V101/><F51/><W41/><G61/><T131/><D131/><U70/><E70/><V114/><F53/><W134/><G41/><T21/><AGARI ba="0,2" hai="21,26,27,29,30,32,44,46,47,76,80,87,132,135" machi="21" ten="30,3000,0" yaku="1,1,0,1,53,0" doraHai="37" doraHaiUra="89" who="0" fromWho="0" sc="240,50,240,-10,250,-10,250,-10" /><INIT seed="0,1,0,3,4,29" ten="290,230,240,240" oya="0" hai0="5,23,50,102,54,117,49,19,8,56,78,129,58" hai1="17,44,36,68,21,67,13,61,127,24,25,51,40" hai2="74,89,107,118,76,135,94,121,52,128,125,32,96" hai3="31,2,10,14,15,62,92,112,75,72,109,20,34"/><T81/><D117/><U53/><REACH who="1" step="1"/><E127/><REACH who="1" ten="290,220,240,240" step="2"/><V111/><RYUUKYOKU type="yao9" ba="1,1" sc="290,0,220,0,240,0,240,0" hai2="32,52,74,76,89,94,96,107,111,118,121,125,128,135" /><INIT seed="0,2,1,3,3,89" ten="290,220,240,240" oya="0" hai0="10,7,62,33,65,73,91,59,6,90,11,8,111" hai1="100,133,81,131,3,24,67,48,118,128,50,15,44" hai2="83,42,39,51,87,127,104,54,63,58,26,71,135" hai3="125,122,60,64,113,30,109,70,12,95,16,52,1"/><T45/><D33/><U0/><E118/><V23/><F104/><W31/><G113/><T22/><D73/><U18/><E133/><V21/><F135/><W116/><G1/><T35/><D35/><U82/><E67/><V107/><F107/><W74/><G74/><T108/><D45/><U29/><E100/><V34/><F127/><W14/><G116/><T75/><D75/><U25/><E15/><V105/><F105/><W69/><G69/><T97/><D22/><U57/><E57/><V38/><F34/><W132/><G125/><T66/><D66/><U134/><E134/><V101/><F101/><W47/><G132/><T77/><D77/><U5/><E18/><V84/><F84/><W129/><G12/><T123/><D123/><U19/><E19/><V114/><F114/><W20/><G122/><T41/><D41/><U124/><E124/><V55/><F42/><W56/><G109/><N who="0" m="42059" /><D97/><U117/><E117/><V28/><F23/><W110/><G110/><T32/><D32/><U130/><E29/><V13/><F13/><W2/><G2/><N who="1" m="554" /><E5/><AGARI ba="2,1" hai="5,6,7,8,10,11,59,62,65,90,91" m="42059" machi="5" ten="30,2900,0" yaku="14,1,10,1" doraHai="89" who="0" fromWho="1" sc="290,45,220,-35,240,0,240,0" /><INIT seed="0,3,0,2,5,75" ten="335,185,240,240" oya="0" hai0="105,36,90,100,27,33,25,50,106,4,31,65,85" hai1="53,133,131,12,49,118,57,132,70,104,102,91,111" hai2="14,66,60,30,46,3,34,81,1,125,116,74,95" hai3="56,63,15,35,127,128,40,126,134,43,37,99,123"/><T82/><D36/><U51/><E118/><V121/><F121/><W32/><G123/><T52/><D4/><U2/><E2/><V71/><F116/><W119/><G119/><T109/><D65/><U73/><E111/><V16/><F125/><N who="3" m="47627" /><G128/><T42/><D42/><N who="3" m="15913" /><G37/><T122/><D122/><U5/><E131/><V61/><F46/><W120/><G120/><T80/><D109/><U79/><E70/><V108/><F108/><W18/><G99/><T29/><D82/><N who="1" m="45423" /><E91/><V88/><F61/><W113/><G134/><N who="1" m="51818" /><E49/><V89/><F89/><W45/><G45/><T101/><D101/><U93/><E104/><V7/><F7/><W114/><G113/><T94/><D100/><U77/><E77/><V92/><F92/><W72/><G72/><T83/><D106/><U11/><E102/><V129/><F129/><W103/><G114/><T96/><D105/><U124/><E124/><V20/><F81/><W107/><G107/><T64/><D96/><U86/><E86/><V21/><F74/><W47/><G47/><T38/><D38/><U98/><E98/><V9/><F3/><W55/><G103/><T19/><D83/><U28/><E28/><V13/><F1/><W62/><G62/><T76/><D31/><U68/><E68/><V48/><F48/><W26/><G26/><T10/><D29/><U0/><E0/><V23/><F30/><W22/><AGARI ba="3,0" hai="15,18,22,32,35,55,56,63" m="15913,47627" machi="22" ten="30,1100,0" yaku="18,1" doraHai="75" who="3" fromWho="3" sc="335,-8,185,-6,240,-6,240,20" /><INIT seed="1,0,0,0,2,12" ten="327,179,234,260" oya="1" hai0="121,67,23,108,83,132,112,9,48,122,16,60,56" hai1="2,43,50,20,33,4,93,14,46,77,101,38,62" hai2="127,102,17,111,52,28,42,123,94,135,6,29,15" hai3="82,84,87,131,54,134,26,96,35,27,109,86,10"/><U7/><E33/><V41/><F123/><N who="0" m="47114" /><D112/><U55/><E2/><V130/><F111/><W44/><G109/><T79/><D108/><U21/><E77/><V49/><F130/><W89/><G131/><T97/><D132/><U76/><E76/><V64/><F127/><W125/><G125/><T85/><D97/><N who="1" m="59567" /><E38/><V88/><F102/><W74/><G134/><T110/><D110/><U69/><E69/><V0/><F6/><N who="1" m="2089" /><E14/><V133/><F0/><W113/><G74/><T107/><D107/><U78/><E78/><V30/><F64/><W118/><G113/><T128/><D128/><U126/><E126/><V61/><F61/><W73/><G73/><T91/><D79/><U98/><E98/><N who="2" m="57671" /><F135/><W13/><G96/><T99/><D99/><U105/><E105/><V104/><F104/><W106/><G118/><T117/><D117/><U124/><E124/><V59/><F133/><W95/><G106/><T129/><D129/><U75/><E75/><V115/><F115/><W120/><G120/><T57/><D9/><AGARI ba="0,0" hai="9,15,17,28,29,30,41,42,49,52,59" m="57671" machi="9" ten="30,7700,0" yaku="8,1,52,1,54,2" doraHai="12" who="2" fromWho="0" sc="327,-77,179,0,234,77,260,0" /><INIT seed="2,0,0,1,5,130" ten="250,179,311,260" oya="2" hai0="10,8,81,45,91,113,5,18,34,58,50,46,98" hai1="12,68,26,114,125,15,59,112,92,84,53,22,103" hai2="126,23,134,95,4,109,3,39,105,108,118,54,73" hai3="89,88,36,2,47,49,115,70,72,64,90,61,120"/><V77/><F105/><W78/><G120/><T82/><D34/><U80/><E125/><V123/><F123/><W27/><G2/><T117/><D113/><U135/><E68/><V99/><F118/><W7/><G7/><T55/><D117/><U37/><E37/><V67/><F126/><W83/><G115/><T101/><D18/><U1/><E1/><V100/><F39/><W13/><G13/><T111/><D111/><N who="2" m="42570" /><F67/><W74/><G27/><T132/><D132/><U30/><E114/><V110/><F110/><W127/><G127/><T131/><D131/><U121/><E112/><V14/><F54/><W25/><G25/><T76/><D91/><U11/><E121/><V65/><F65/><W102/><G102/><T96/><D82/><U106/><E135/><V66/><F66/><W75/><REACH who="3" step="1"/><G36/><REACH who="3" ten="250,179,311,250" step="2"/><T122/><D122/><U69/><E15/><V119/><F3/><W28/><G28/><T48/><D101/><U42/><E103/><V21/><F119/><W60/><G60/><T43/><D46/><U52/><E106/><V85/><F4/><W93/><G93/><T40/><D40/><AGARI ba="0,1" hai="40,47,49,61,64,70,72,74,75,78,83,88,89,90" machi="40" ten="40,2600,0" yaku="1,1,54,1,53,0" doraHai="130" doraHaiUra="128" who="3" fromWho="0" sc="250,-26,179,0,311,0,250,36" /><INIT seed="3,0,0,1,0,129" ten="224,179,311,286" oya="3" hai0="74,88,69,118,115,53,68,107,135,66,90,61,12" hai1="105,43,94,67,13,92,30,6,16,51,32,4,126" hai2="100,131,128,96,86,54,124,24,55,19,112,46,106" hai3="25,20,49,34,27,77,23,60,0,130,3,38,108"/><W79/><G38/><T89/><D118/><U18/><E105/><V48/><F112/><W78/><G34/><T93/><D107/><U58/><E126/><V52/><F124/><W117/><G117/><T10/><D115/><U65/><E30/><V33/><F86/><W98/><G60/><T109/><D109/><U1/><E32/><V116/><F116/><W31/><G130/><N who="2" m="49705" /><F19/><W127/><G127/><T17/><D74/><U125/><E125/><V120/><F120/><W56/><G98/><T133/><D68/><U41/><E1/><V63/><F63/><W71/><G71/><T70/><D70/><U2/><E2/><V99/><F99/><W104/><G104/><T101/><D101/><U26/><E26/><V110/><F110/><W22/><G22/><T11/><D93/><U122/><E122/><V72/><F72/><W119/><G119/><T14/><REACH who="0" step="1"/><D53/><REACH who="0" ten="214,179,311,286" step="2"/><U44/><E58/><V132/><F55/><N who="3" m="31855" /><G108/><T15/><D15/><U85/><E85/><V36/><F54/><W111/><G111/><T123/><D123/><U121/><E121/><V114/><F114/><W87/><G3/><T103/><D103/><U9/><E41/><V5/><F106/><W95/><G0/><T62/><D62/><U84/><E94/><V80/><F100/><W102/><G102/><T134/><D134/><U64/><REACH who="1" step="1"/><E4/><AGARI ba="0,1" hai="4,10,11,12,14,17,61,66,69,88,89,90,133,135" machi="4" ten="40,8000,1" yaku="1,1,52,2,54,1,53,0" doraHai="129" doraHaiUra="91" who="0" fromWho="1" sc="214,90,179,-80,311,0,286,0" owari="304,10.4,99,-40.1,311,41.1,286,-11.4" /></mjloggm>