<mjloggm ver="2.3"><GO type="225" lobby="0"/><UN n0="%E5%B6%BA%E4%B8%8A%E5%92%B2" n1="%E3%83%96%E3%83%83%E3%83%91%E3%82%AA%E3%83%96%E3%83%81%E3%82%AD%E3%83%B3" n2="%4B%2E%32%2E%4B%2E" n3="%72%69%6F%75%63%68%61%6E" dan="16,17,16,16" rate="2136.69,2169.52,2175.49,2142.72" sx="F,M,M,M"/><TAIKYOKU oya="0"/><INIT seed="0,0,0,4,3,95" ten="250,250,250,250" oya="0" hai0="89,14,36,71,0,92,26,40,106,44,127,135,57" hai1="123,51,100,125,59,15,12,87,113,9,78,38,58" hai2="54,121,80,23,65,67,82,43,112,55,56,68,96" hai3="45,41,27,49,25,13,35,90,115,126,110,97,33"/><T3/><D71/><U64/><E38/><V134/><F112/><W63/><G110/><T19/><D106/><U114/><E123/><V6/><F121/><W8/><G126/><T116/><D116/><U84/><E125/><V101/><F134/><W1/><G115/><N who="1" m="44042" /><E100/><V79/><F43/><W81/><G1/><T128/><D135/><U74/><E74/><V10/><F68/><W47/><G63/><T117/><D117/><U108/><E108/><V37/><F37/><W42/><G33/><T132/><D132/><U133/><E133/><V75/><F23/><W129/><G129/><T118/><D118/><U94/><E78/><V104/><F82/><W105/><G35/><T7/><D128/><U61/><E94/><V29/><F29/><W32/><G32/><T102/><D127/><U99/><E99/><V103/><F103/><W130/><G130/><T31/><D102/><U119/><E119/><V66/><REACH who="2" step="1"/><F56/><REACH who="2" ten="250,250,240,250" step="2"/><W76/><G81/><T70/><D70/><U85/><E51/><V4/><F4/><N who="3" m="3207" /><G42/><T53/><D7/><U77/><E59/><V83/><F83/><W93/><G76/><T62/><D31/><U30/><E77/><V17/><F17/><W50/><G105/><T98/><REACH who="0" step="1"/><D26/><REACH who="0" ten="240,250,240,250" step="2"/><U131/><E131/><V28/><F28/><W109/><G109/><T88/><D88/><U22/><E30/><V107/><F107/><W60/><G25/><T16/><D16/><U69/><E69/><V20/><F20/><AGARI ba="0,2" hai="0,3,14,19,20,36,40,44,53,57,62,89,92,98" machi="20" ten="30,5800,0" yaku="1,1,7,1,52,1,53,0" doraHai="95" doraHaiUra="2" who="0" fromWho="2" sc="240,78,250,0,240,-58,250,0" /><INIT seed="0,1,0,1,3,95" ten="318,250,182,250" oya="0" hai0="92,17,106,75,85,32,127,96,27,80,59,90,128" hai1="47,105,117,133,124,72,130,46,100,76,22,10,109" hai2="40,3,41,77,68,56,93,11,99,33,108,35,52" hai3="24,20,50,0,2,121,118,86,91,8,119,31,1"/><T49/><D128/><U30/><E117/><V107/><F108/><W79/><G121/><T42/><D127/><U28/><E130/><V97/><F68/><W4/><G79/><N who="0" m="44159" /><D32/><U36/><E124/><V67/><F77/><W70/><G70/><T129/><D129/><U116/><E116/><V71/><F67/><W61/><G61/><T110/><D110/><U39/><E109/><V102/><F71/><W120/><G120/><T34/><D34/><U45/><E133/><V115/><F115/><W44/><G119/><T94/><D27/><U73/><E10/><V55/><F35/><W48/><G118/><T29/><D29/><U63/><E63/><V65/><F33/><W111/><G111/><T43/><D17/><U9/><E9/><V19/><F65/><W113/><G113/><T82/><D59/><U81/><E72/><V14/><F3/><W54/><REACH who="3" step="1"/><G48/><REACH who="3" ten="318,250,182,240" step="2"/><T126/><D49/><U83/><E76/><V57/><F57/><W51/><G51/><T89/><D126/><U37/><E73/><V21/><F56/><W13/><G13/><T53/><D53/><U101/><E37/><V74/><F55/><W16/><G16/><T84/><D82/><AGARI ba="1,1" hai="0,1,2,4,8,20,24,31,44,50,54,82,86,91" machi="82" ten="30,2000,0" yaku="1,1,7,1,53,0" doraHai="95" doraHaiUra="66" who="3" fromWho="0" sc="318,-23,250,0,182,0,240,33" /><INIT seed="1,0,0,2,2,95" ten="295,250,182,273" oya="1" hai0="109,126,94,128,59,52,1,93,120,97,36,66,131" hai1="10,88,0,57,75,25,103,9,113,123,27,135,98" hai2="104,13,20,77,21,35,45,71,92,32,105,62,28" hai3="90,2,64,122,132,53,18,58,6,49,85,3,86"/><U15/><E113/><V8/><F77/><W26/><G132/><T14/><D1/><U33/><E123/><V116/><F116/><W4/><G122/><T89/><D120/><U48/><E75/><V60/><F45/><W19/><G64/><T69/><D36/><U106/><E135/><V46/><F46/><W30/><G2/><T70/><D109/><U129/><E129/><N who="0" m="49737" /><D126/><U83/><E33/><V24/><F92/><W125/><G125/><T44/><D14/><U102/><E0/><V111/><F111/><W91/><G86/><N who="0" m="52407" /><D44/><U133/><E133/><V29/><F71/><W84/><G84/><T80/><D80/><U63/><E48/><V31/><F13/><W99/><G91/><N who="0" m="55519" /><D66/><N who="1" m="39279" /><E106/><V96/><F8/><N who="1" m="3177" /><E15/><V127/><F127/><W54/><G3/><T134/><D134/><U121/><E121/><V41/><F41/><W118/><G118/><T43/><D43/><U87/><E98/><V108/><F108/><W79/><G99/><T37/><D37/><U82/><E83/><V51/><F51/><AGARI ba="0,0" hai="51,52,59,69,70" m="55519,52407,49737" machi="51" ten="30,3900,0" yaku="19,1,52,1,54,1" doraHai="95" who="0" fromWho="2" sc="295,39,250,0,182,-39,273,0" /><INIT seed="2,0,0,4,3,113" ten="334,250,143,273" oya="2" hai0="79,103,87,43,40,37,108,28,96,130,132,0,33" hai1="73,42,75,71,61,99,121,83,48,18,63,53,123" hai2="128,23,117,24,93,56,112,110,116,3,77,6,62" hai3="89,4,26,49,76,100,31,90,12,35,47,34,14"/><V92/><F112/><W91/><G35/><T11/><D108/><U125/><E83/><V84/><F110/><W88/><G76/><T44/><D130/><U85/><E85/><V68/><F68/><W38/><G38/><T59/><D132/><U15/><E99/><V124/><F124/><W60/><G100/><T10/><D43/><U80/><E42/><V30/><F128/><W122/><G122/><N who="1" m="46602" /><E125/><V41/><F41/><W126/><G126/><T58/><D0/><U16/><E18/><V81/><F6/><W67/><G4/><T50/><D28/><U39/><E39/><V70/><F3/><W127/><G127/><T17/><D33/><U120/><N who="1" m="46610" /><U29/><DORA hai="5" /><E29/><V32/><F70/><W115/><G115/><T13/><D37/><U8/><E71/><V2/><F2/><W55/><N who="3" m="22528" /><DORA hai="78" /><W21/><REACH who="3" step="1"/><G34/><REACH who="3" ten="334,250,143,263" step="2"/><T114/><D114/><U118/><E80/><V74/><F32/><W57/><AGARI ba="0,1" hai="12,14,21,26,31,47,49,55,57,60,67" m="22528" machi="57" ten="40,12000,2" yaku="1,1,2,1,0,1,8,1,54,1,53,1" doraHai="113,5,78" doraHaiUra="72,54,82" who="3" fromWho="3" sc="334,-30,250,-30,143,-60,263,130" /><INIT seed="3,0,0,3,4,3" ten="304,220,83,393" oya="3" hai0="78,54,90,2,69,57,42,40,110,109,37,102,132" hai1="108,117,120,125,4,12,86,15,9,50,104,22,16" hai2="20,66,10,116,88,96,85,74,43,93,127,33,72" hai3="77,105,71,58,82,8,97,0,34,63,53,32,11"/><W61/><G0/><T87/><D132/><U83/><E120/><V131/><F131/><W119/><G119/><T94/><D69/><U5/><E108/><V92/><F127/><W89/><G32/><T101/><D78/><U56/><E125/><V13/><F33/><W100/><G34/><T23/><D2/><U49/><E117/><V29/><F116/><W107/><G105/><T67/><D67/><U126/><E104/><V95/><F43/><W41/><G41/><T24/><D42/><U26/><E126/><V81/><F66/><W103/><G100/><T35/><D35/><U6/><E56/><V44/><F44/><W18/><G89/><T98/><D40/><U91/><REACH who="1" step="1"/><E15/><REACH who="1" ten="304,210,83,393" step="2"/><V51/><F51/><AGARI ba="0,1" hai="4,5,6,9,12,16,22,26,49,50,51,83,86,91" machi="51" ten="40,12000,2" yaku="1,1,2,1,8,1,52,3,54,1,53,0" doraHai="3" doraHaiUra="115" who="1" fromWho="2" sc="304,0,210,130,83,-120,393,0" owari="304,-9.6,340,14.0,-37,-53.7,393,49.3" /></mjloggm>