<mjloggm ver="2.3"><GO type="225" lobby="0"/><UN n0="%E9%A6%AC%E5%BC%95%E7%81%AB%33" n1="%E4%BB%8A%E6%97%A5%E4%B8%80" n2="%E4%BF%BA%E3%81%A8%E5%A6%96%E5%A4%A2" n3="%E6%97%A5%E6%9B%9C%E6%97%A5%E3%82%88%E3%82%8A%E3%81%AE%E4%BD%BF%E8%80%85" dan="17,17,16,17" rate="2194.04,2208.19,2109.71,2206.14" sx="M,F,F,M"/><TAIKYOKU oya="0"/><INIT seed="0,0,0,2,3,34" ten="250,250,250,250" oya="0" hai0="44,62,92,73,61,25,53,108,72,10,114,116,35" hai1="101,29,28,41,50,5,82,93,83,0,39,71,97" hai2="109,104,48,18,9,128,103,81,132,14,110,46,121" hai3="21,131,16,102,32,84,65,69,79,112,4,119,33"/><T11/><D114/><U95/><E71/><V63/><F121/><W75/><G75/><T66/><D116/><U47/><E39/><V26/><F132/><W126/><G112/><T134/><D134/><U135/><E135/><V113/><F113/><W3/><G102/><T111/><D92/><U78/><E95/><V15/><F128/><W23/><G84/><T96/><D96/><U100/><E100/><V123/><F123/><W77/><G65/><T80/><D44/><U38/><E50/><V60/><F103/><W51/><G51/><T19/><D53/><U37/><E37/><V6/><F104/><W43/><G43/><T130/><D130/><U67/><E67/><V22/><F81/><W124/><G69/><T117/><D117/><U57/><E57/><V133/><F26/><N who="3" m="14631" /><G119/><T68/><D61/><U7/><E7/><V105/><F105/><W1/><G131/><T20/><D35/><N who="3" m="13385" /><G4/><T115/><D115/><U31/><E78/><N who="3" m="29706" /><G23/><T2/><D80/><U87/><E87/><V127/><F133/><W24/><G24/><T120/><D120/><U129/><E129/><V94/><F94/><W99/><G99/><T85/><D85/><U8/><AGARI ba="0,0" hai="0,5,8,28,29,31,38,41,47,82,83,93,97,101" machi="8" ten="30,2000,0" yaku="0,1,52,1" doraHai="34" who="1" fromWho="1" sc="250,-10,250,20,250,-5,250,-5" /><INIT seed="1,0,0,5,2,110" ten="240,270,245,245" oya="1" hai0="97,133,1,125,96,120,46,8,6,48,85,39,60" hai1="94,107,100,130,45,74,70,82,55,108,44,7,42" hai2="115,3,38,61,124,22,67,129,31,88,69,2,0" hai3="5,134,99,79,51,71,26,52,104,72,41,24,122"/><U121/><E121/><V89/><F129/><W78/><G122/><T40/><D120/><U37/><E130/><V33/><F33/><W93/><G71/><T59/><D125/><U80/><E70/><V29/><F124/><W32/><G104/><T19/><D133/><U23/><E107/><V30/><F38/><W77/><G72/><T57/><D39/><U53/><E7/><V73/><F73/><W127/><G127/><T123/><D123/><U131/><E131/><V15/><REACH who="2" step="1"/><F115/><REACH who="2" ten="240,270,235,245" step="2"/><W68/><G32/><T11/><D85/><U109/><E74/><V50/><F50/><W117/><G134/><T132/><D132/><U87/><E37/><V14/><F14/><W25/><G117/><T20/><D48/><U27/><E109/><V54/><F54/><W49/><G49/><T62/><D40/><U103/><E108/><V43/><F43/><W95/><G41/><T101/><D1/><U47/><E42/><V114/><F114/><W83/><G51/><T105/><D46/><U18/><E55/><V90/><F90/><W4/><G52/><T56/><D101/><N who="1" m="38987" /><E53/><V13/><F13/><W112/><G112/><T102/><D102/><U113/><E113/><V128/><F128/><W65/><G65/><T135/><D135/><U66/><E66/><V35/><F35/><W98/><G68/><T64/><D64/><U76/><E76/><V16/><AGARI ba="0,1" hai="0,2,3,15,16,22,29,30,31,61,67,69,88,89" machi="16" ten="40,8000,1" yaku="1,1,0,1,54,2,53,0" doraHai="110" doraHaiUra="91" who="2" fromWho="2" sc="240,-20,270,-40,235,90,245,-20" /><INIT seed="2,0,0,1,4,18" ten="220,230,325,225" oya="2" hai0="54,76,84,129,132,75,34,11,62,38,111,6,114" hai1="133,82,103,28,56,31,95,23,125,26,50,116,63" hai2="61,127,94,30,121,33,58,19,13,21,108,99,10" hai3="113,126,37,32,29,120,117,93,102,15,46,131,27"/><V64/><F121/><W51/><G120/><T74/><D114/><U2/><E116/><V96/><F127/><W110/><G117/><T59/><D34/><U42/><E125/><V123/><F123/><W0/><G0/><T73/><D38/><U5/><E133/><V86/><F108/><W35/><G126/><T97/><D132/><U72/><E31/><V87/><F33/><W71/><G71/><T3/><D111/><U25/><E25/><N who="2" m="16687" /><F99/><W78/><G37/><T12/><D129/><U92/><E2/><V89/><AGARI ba="0,0" hai="10,13,19,58,61,64,86,87,89,94,96" m="16687" machi="89" ten="30,3000,0" yaku="8,1,52,1" doraHai="18" who="2" fromWho="2" sc="220,-10,230,-10,325,30,225,-10" /><INIT seed="2,1,0,3,4,15" ten="210,220,355,215" oya="2" hai0="77,14,90,1,50,91,13,44,79,73,47,9,61" hai1="3,16,55,35,36,71,87,124,51,53,63,45,120" hai2="33,37,27,135,12,86,119,97,22,96,66,104,17" hai3="20,24,41,131,134,85,62,5,110,59,106,115,74"/><V7/><F119/><W123/><G74/><T101/><D1/><U121/><E3/><V113/><F113/><W76/><G106/><T116/><D116/><U78/><E35/><V60/><F37/><W117/><G117/><T128/><D128/><U89/><E78/><N who="0" m="29705" /><D73/><U133/><E133/><V64/><F135/><W58/><G123/><N who="1" m="47178" /><E124/><V19/><F33/><W92/><G134/><T2/><D2/><U88/><E36/><V6/><F86/><W75/><G75/><T42/><D101/><U111/><E111/><V84/><F84/><W83/><G110/><T39/><D39/><U34/><E34/><V8/><F66/><W70/><G70/><T68/><D68/><U107/><E107/><V57/><F104/><W30/><G131/><T67/><D44/><U93/><E89/><N who="0" m="33801" /><D9/><U65/><E55/><V0/><REACH who="2" step="1"/><F6/><REACH who="2" ten="210,220,345,215" step="2"/><W21/><G5/><T114/><D114/><U82/><E93/><V23/><AGARI ba="1,1" hai="0,7,8,12,17,19,22,23,27,57,60,64,96,97" machi="23" ten="20,18000,2" yaku="1,1,2,1,0,1,7,1,52,2,53,0" doraHai="15" doraHaiUra="102" who="2" fromWho="2" sc="210,-61,220,-61,345,193,215,-61" /><INIT seed="2,2,0,0,4,44" ten="149,159,538,154" oya="2" hai0="105,42,25,76,117,66,71,118,83,51,35,73,84" hai1="131,69,32,4,128,50,20,124,74,17,133,67,88" hai2="37,27,86,64,8,107,54,61,126,113,57,96,29" hai3="80,72,6,103,1,5,21,77,82,122,12,62,90"/><V46/><F113/><W58/><G122/><T10/><D105/><U78/><E32/><V16/><F126/><W95/><G1/><T102/><D102/><U115/><E115/><V52/><F107/><W134/><G103/><T11/><D73/><U130/><E67/><V87/><F96/><W49/><G82/><T13/><D66/><U79/><E69/><V55/><F46/><W22/><G134/><T59/><D71/><U94/><E133/><V104/><F37/><W28/><G28/><N who="0" m="19855" /><D13/><N who="1" m="9263" /><E74/><V81/><F104/><W91/><G91/><T111/><D111/><U47/><E4/><V19/><F8/><W41/><G41/><T68/><D68/><U112/><E124/><V39/><F39/><W63/><G63/><T123/><D123/><U92/><E112/><V2/><F2/><W53/><G62/><T106/><D106/><U101/><E101/><V56/><F56/><W127/><G127/><T14/><D14/><U85/><E92/><V129/><F129/><W30/><G30/><T89/><D89/><U125/><E125/><V93/><F93/><W99/><REACH who="3" step="1"/><G5/><REACH who="3" ten="149,159,538,144" step="2"/><T109/><D109/><U98/><E98/><V31/><F29/><W7/><G7/><T119/><D42/><AGARI ba="2,1" hai="42,47,50,78,79,85,88,94,128,130,131" m="9263" machi="42" ten="30,3900,0" yaku="19,1,52,1,54,1" doraHai="44" who="1" fromWho="0" sc="149,-45,159,55,538,0,144,0" /><INIT seed="3,0,0,2,0,43" ten="104,214,538,144" oya="3" hai0="128,45,91,41,77,3,124,100,2,106,103,87,38" hai1="32,129,16,37,66,61,40,88,34,79,47,108,109" hai2="1,11,76,110,55,23,39,27,10,56,17,5,113" hai3="63,33,21,51,7,9,67,86,84,62,49,101,69"/><W115/><G33/><T30/><D124/><U28/><E129/><V105/><F113/><W74/><G74/><T18/><D128/><U99/><E79/><V132/><F105/><W19/><G115/><T90/><D30/><U0/><E0/><V4/><F39/><W120/><G101/><T75/><D91/><U133/><E133/><V68/><F68/><W81/><G63/><T123/><D123/><U107/><E16/><V60/><F132/><W29/><G29/><T8/><D18/><U122/><E122/><V36/><F36/><W64/><G64/><T26/><D26/><U57/><E28/><V112/><F110/><N who="1" m="42601" /><E88/><V125/><F125/><W73/><G73/><T111/><D111/><U116/><E116/><V6/><F112/><W14/><G120/><T20/><D20/><U15/><E15/><V89/><F76/><W31/><G31/><T53/><D8/><U95/><E95/><V25/><F25/><W78/><REACH who="3" step="1"/><G86/><REACH who="3" ten="104,214,538,134" step="2"/><T70/><D103/><AGARI ba="0,1" hai="32,34,37,40,47,57,61,66,99,103,107" m="42601" machi="103" ten="30,2000,0" yaku="14,1,52,1" doraHai="43" who="1" fromWho="0" sc="104,-20,214,30,538,0,134,0" owari="84,-41.6,244,4.4,538,63.8,134,-26.6" /></mjloggm>