<mjloggm ver="2.3"><GO type="225" lobby="0"/><UN n0="%4B%2E%32%2E%4B%2E" n1="%E3%82%8F%E3%81%8B%E3%81%B0%2A%E3%82%AC%E3%83%BC%E3%83%AB" n2="%E3%81%8A%E3%81%AB%E3%82%83%E3%81%8A%E3%81%A1%E3%82%83" n3="%E9%A6%AC%E5%BC%95%E7%81%AB%33" dan="16,16,16,16" rate="2183.95,2076.01,2084.30,2097.25" sx="M,M,M,M"/><TAIKYOKU oya="0"/><INIT seed="0,0,0,3,1,126" ten="250,250,250,250" oya="0" hai0="102,49,13,60,46,53,79,135,17,4,8,119,66" hai1="84,99,3,1,24,41,89,117,105,9,32,29,93" hai2="72,23,100,134,67,116,18,83,64,94,39,129,6" hai3="22,131,50,27,95,68,103,43,70,82,77,98,44"/><T26/><D119/><U96/><E117/><V73/><F39/><W127/><G131/><T122/><D122/><U5/><E105/><V54/><F116/><W115/><G127/><T88/><D135/><U52/><E41/><V51/><F134/><W114/><G114/><T61/><D102/><U38/><E38/><V107/><F107/><W19/><REACH who="3" step="1"/><G115/><REACH who="3" ten="250,250,250,240" step="2"/><T42/><D79/><U25/><E1/><V36/><F129/><W81/><G81/><T97/><D66/><U56/><REACH who="1" step="1"/><E24/><REACH who="1" ten="250,240,250,240" step="2"/><N who="2" m="14455" /><F64/><W111/><G111/><T69/><D42/><U0/><E0/><V132/><F67/><W128/><G128/><T65/><D65/><U71/><E71/><V15/><F54/><W21/><G21/><N who="0" m="13615" /><D69/><U28/><E28/><V76/><F132/><W16/><G16/><T101/><D101/><U31/><E31/><V86/><F100/><W108/><G108/><T7/><D4/><U20/><E20/><V104/><F6/><W112/><G112/><T33/><D33/><U37/><E37/><V58/><F36/><W55/><G55/><T10/><D8/><U48/><AGARI ba="0,2" hai="3,5,9,25,29,32,48,52,56,84,89,93,96,99" machi="48" ten="20,5200,0" yaku="1,1,0,1,7,1,54,1,53,0" doraHai="126" doraHaiUra="106" who="1" fromWho="1" sc="250,-26,240,72,250,-13,240,-13" /><INIT seed="1,0,0,2,3,51" ten="224,312,237,227" oya="1" hai0="102,125,95,22,115,74,85,55,42,52,129,97,3" hai1="20,57,75,133,45,120,32,134,16,7,81,5,60" hai2="47,135,19,103,124,73,23,56,77,31,62,4,105" hai3="98,119,88,76,68,27,104,9,66,130,12,106,37"/><U0/><E120/><V99/><F135/><N who="1" m="51721" /><E32/><V29/><F124/><W50/><G37/><T84/><D74/><U79/><E0/><V86/><F4/><W94/><G130/><T87/><D115/><U33/><E45/><V63/><F73/><W83/><G119/><T64/><D3/><U71/><E71/><V89/><F77/><W111/><G111/><T39/><D125/><U44/><E44/><V114/><F47/><W121/><G121/><T112/><D112/><U1/><E33/><V80/><F63/><W107/><G50/><T61/><D129/><U96/><E96/><V46/><F46/><W24/><G66/><T110/><D110/><U90/><E90/><V15/><REACH who="2" step="1"/><F114/><REACH who="2" ten="224,312,227,227" step="2"/><W82/><G68/><T40/><D39/><U58/><E1/><V21/><F21/><W109/><G109/><T108/><D108/><U10/><E10/><V128/><F128/><W13/><G9/><T30/><D42/><U100/><E57/><V34/><F34/><W53/><G76/><T49/><D40/><U132/><E132/><V8/><F8/><W43/><G43/><T93/><D49/><U41/><E41/><V35/><F35/><W118/><G118/><T14/><D61/><U123/><E123/><V122/><F122/><W36/><G36/><T48/><D48/><U127/><E127/><V72/><F72/><W6/><G6/><T116/><D116/><U117/><E117/><V69/><F69/><W59/><G59/><T17/><D22/><U91/><E58/><V126/><F126/><W2/><G2/><T78/><D78/><U26/><E79/><RYUUKYOKU ba="0,1" sc="224,-10,312,-10,227,30,227,-10" hai2="15,19,23,29,31,56,62,80,86,89,99,103,105" /><INIT seed="2,1,1,0,4,72" ten="214,302,257,217" oya="2" hai0="127,60,122,101,28,107,88,67,44,39,38,112,109" hai1="7,40,5,12,47,121,96,59,19,25,113,36,35" hai2="62,100,9,46,81,85,132,41,106,70,119,55,50" hai3="71,131,123,43,56,11,64,133,49,114,2,15,116"/><V63/><F119/><W8/><G123/><T29/><D112/><U18/><E113/><V13/><F132/><W6/><G116/><T93/><D122/><U31/><E121/><V120/><F120/><W98/><G114/><T95/><D109/><U80/><E19/><V110/><F110/><W78/><G133/><T54/><D127/><U10/><E96/><V14/><F14/><W91/><G131/><T124/><D124/><U61/><REACH who="1" step="1"/><E80/><REACH who="1" ten="214,292,257,217" step="2"/><V92/><F106/><W75/><G98/><T48/><D29/><U23/><E23/><V129/><F129/><W77/><G6/><T87/><D28/><U0/><E0/><V45/><F70/><W58/><G2/><T52/><D107/><U27/><E27/><V32/><F32/><W94/><G71/><T97/><D54/><AGARI ba="1,2" hai="5,7,10,12,18,25,31,35,36,40,47,54,59,61" machi="54" ten="30,3900,0" yaku="1,1,7,1,53,1" doraHai="72" doraHaiUra="4" who="1" fromWho="0" sc="214,-42,292,62,257,0,217,0" /><INIT seed="3,0,0,3,0,108" ten="172,354,257,217" oya="3" hai0="115,19,76,121,25,47,96,125,3,29,65,59,18" hai1="88,11,123,30,62,15,81,37,12,41,64,66,112" hai2="124,60,94,107,100,126,105,86,131,31,77,95,58" hai3="114,63,27,28,26,52,72,89,43,67,1,33,113"/><W127/><G72/><T21/><D121/><U16/><E112/><V93/><F31/><W68/><G1/><T110/><D110/><U20/><E123/><V84/><F58/><W24/><G43/><T38/><D125/><N who="2" m="48234" /><F60/><W9/><G127/><T91/><D3/><U111/><E111/><V106/><F131/><W75/><G75/><T128/><D128/><U83/><E41/><V22/><F22/><W13/><G89/><T36/><D76/><U45/><E37/><V99/><F77/><W50/><G27/><T57/><D38/><U103/><E45/><V4/><F4/><W7/><G26/><T90/><D47/><AGARI ba="0,0" hai="7,9,13,24,28,33,47,50,52,63,67,68,113,114" machi="47" ten="30,11600,0" yaku="7,1,52,2,54,1" doraHai="108" who="3" fromWho="0" sc="172,-116,354,0,257,0,217,116" /><INIT seed="3,1,0,5,1,130" ten="56,354,257,333" oya="3" hai0="63,127,96,42,4,21,37,51,1,62,12,126,108" hai1="5,64,89,115,7,35,121,48,75,44,15,106,59" hai2="24,46,2,114,95,9,72,65,45,112,131,80,133" hai3="29,70,54,120,132,8,125,77,52,85,11,41,27"/><W97/><G120/><T53/><D21/><U0/><E121/><V34/><F131/><W81/><G70/><T58/><D12/><U82/><E115/><V47/><F65/><W76/><G125/><T30/><D30/><U66/><E106/><V69/><F69/><W40/><G132/><T6/><D96/><U57/><E35/><V124/><F124/><W68/><G68/><T99/><D99/><U74/><E0/><V113/><F95/><W28/><G97/><T128/><D1/><U107/><E107/><V117/><F2/><W93/><G93/><T17/><D17/><U73/><E66/><V3/><F3/><W16/><G16/><T49/><D6/><U61/><E57/><V104/><F104/><W100/><G81/><T19/><D4/><U86/><REACH who="1" step="1"/><E15/><REACH who="1" ten="56,344,257,333" step="2"/><V10/><F34/><W39/><G39/><T105/><D105/><U23/><E23/><V78/><F117/><W84/><G27/><T32/><D128/><U118/><E118/><V92/><F92/><W123/><G123/><T90/><D37/><U79/><E79/><V103/><F24/><W60/><G60/><T102/><D63/><U25/><E25/><V55/><F55/><AGARI ba="1,1" hai="5,7,44,48,55,59,61,64,73,74,75,82,86,89" machi="55" ten="40,1300,0" yaku="1,1,53,0" doraHai="130" doraHaiUra="129" who="1" fromWho="2" sc="56,0,344,26,257,-16,333,0" owari="56,-44.4,370,47.0,241,-15.9,333,13.3" /></mjloggm>