<mjloggm ver="2.3"><GO type="225" lobby="0"/><UN n0="%E4%B8%89%E9%80%A3%E7%99%BA" n1="%33%74%72%65%65" n2="%E3%83%96%E3%83%83%E3%83%91%E3%82%AA%E3%83%96%E3%83%81%E3%82%AD%E3%83%B3" n3="%E5%91%A8%E6%9D%B1" dan="16,16,16,16" rate="2175.25,2099.83,2164.05,2185.53" sx="M,F,M,M"/><TAIKYOKU oya="0"/><INIT seed="0,0,0,3,5,97" ten="250,250,250,250" oya="0" hai0="23,121,116,135,76,75,131,94,8,40,77,98,51" hai1="119,102,2,64,129,114,61,117,7,96,79,28,109" hai2="50,73,0,92,82,24,29,84,59,68,112,18,118" hai3="93,9,31,95,99,25,74,56,66,69,21,130,133"/><T42/><D116/><U63/><E109/><V123/><F112/><W26/><G130/><T113/><D113/><U48/><E114/><V72/><F123/><W16/><G133/><T39/><D121/><U20/><E129/><V27/><F68/><W90/><G74/><T53/><D39/><U91/><E79/><N who="0" m="30281" /><D75/><U57/><E91/><V106/><F106/><W6/><G69/><T124/><D124/><U126/><E126/><V34/><F0/><W10/><G6/><T60/><D8/><U49/><E63/><V35/><F118/><W3/><G3/><T107/><D107/><U67/><E67/><V134/><F92/><W83/><G83/><T47/><D135/><U36/><E36/><V37/><F37/><W127/><G127/><T22/><D131/><U70/><E7/><V38/><F38/><W108/><G108/><T103/><D60/><U12/><E2/><V52/><F134/><W15/><G26/><T4/><D4/><U85/><E117/><V45/><F45/><W115/><G115/><T11/><D11/><U86/><E119/><V46/><F46/><W13/><G10/><T125/><D125/><U104/><E48/><V58/><F58/><W65/><G13/><T71/><D71/><U111/><E111/><V41/><F41/><AGARI ba="0,0" hai="22,23,40,41,42,47,51,53,94,98,103" m="30281" machi="41" ten="30,2900,0" yaku="8,1,52,1" doraHai="97" who="0" fromWho="2" sc="250,29,250,0,250,-29,250,0" /><INIT seed="0,1,0,1,3,41" ten="279,250,221,250" oya="0" hai0="87,110,101,76,112,68,46,84,45,67,117,104,131" hai1="70,109,20,56,121,75,135,99,51,120,114,39,16" hai2="32,11,37,1,90,83,38,14,115,113,40,62,6" hai3="5,130,4,43,53,119,72,2,28,97,57,60,29"/><T22/><D112/><U92/><E109/><V48/><F32/><W93/><G119/><T61/><D117/><U13/><E114/><V44/><F115/><W15/><G72/><T95/><D131/><U128/><E128/><V124/><F113/><W73/><G73/><T89/><D110/><U21/><E135/><V30/><F124/><W79/><G2/><T116/><D116/><U64/><E75/><V26/><F1/><W31/><G79/><T80/><REACH who="0" step="1"/><D22/><REACH who="0" ten="269,250,221,250" step="2"/><U123/><E21/><V71/><F71/><W108/><G108/><T17/><D17/><U111/><E111/><V47/><F62/><W55/><G130/><T59/><D59/><U74/><E70/><V9/><F9/><W98/><G60/><T86/><D86/><U85/><E85/><V54/><F38/><W12/><G57/><T81/><D81/><U52/><E74/><V58/><F58/><W102/><G31/><T91/><D91/><U106/><E39/><V125/><F125/><W133/><G29/><T107/><D107/><U24/><E106/><V132/><F132/><W0/><G133/><T27/><D27/><U127/><E127/><V82/><REACH who="2" step="1"/><F90/><REACH who="2" ten="269,250,211,250" step="2"/><W23/><G23/><T129/><D129/><U36/><E36/><V3/><F3/><W50/><G0/><T34/><D34/><U65/><REACH who="1" step="1"/><E24/><REACH who="1" ten="269,240,211,250" step="2"/><V122/><F122/><W66/><G28/><T96/><AGARI ba="1,3" hai="45,46,61,67,68,76,80,84,87,89,95,96,101,104" machi="96" ten="30,18000,2" yaku="1,1,0,1,52,2,53,2" doraHai="41" doraHaiUra="42" who="0" fromWho="0" sc="269,213,240,-61,211,-61,250,-61" /><INIT seed="0,2,0,3,2,134" ten="482,179,150,189" oya="0" hai0="75,18,91,105,16,108,133,73,84,88,124,67,60" hai1="90,37,98,46,52,21,45,112,55,35,113,25,53" hai2="12,39,125,95,19,41,107,14,89,109,94,80,85" hai3="40,66,132,83,93,121,38,57,42,23,82,4,50"/><T111/><D105/><U130/><E35/><V0/><F0/><W128/><G38/><T117/><D124/><U78/><E78/><V87/><F109/><N who="0" m="42058" /><D117/><U126/><E126/><V61/><F125/><W20/><G132/><T65/><D133/><U99/><E130/><V11/><F107/><W2/><G128/><T97/><D97/><N who="1" m="36875" /><E90/><N who="0" m="34345" /><D84/><U116/><E37/><V131/><F131/><W114/><G114/><N who="1" m="44138" /><E116/><V122/><F122/><W44/><G121/><T3/><D3/><U64/><E64/><N who="0" m="24649" /><D60/><U129/><E129/><V135/><F135/><W49/><G2/><T119/><D119/><U10/><E10/><V26/><F61/><W100/><G66/><T27/><D27/><U13/><E13/><V51/><F26/><W17/><G93/><T48/><D48/><U33/><E33/><V72/><F39/><W58/><G50/><T69/><D69/><U34/><E34/><V54/><F95/><W103/><G49/><T43/><D43/><U62/><E62/><V92/><F41/><W70/><G70/><T6/><D6/><U86/><E86/><V7/><F87/><W30/><G4/><T104/><D104/><U59/><E59/><N who="2" m="33247" /><F94/><W101/><G42/><T28/><D28/><AGARI ba="2,0" hai="21,25,28,45,46,52,53,55" m="44138,36875" machi="28" ten="30,2000,0" yaku="11,1,54,1" doraHai="134" who="1" fromWho="0" sc="482,-26,179,26,150,0,189,0" /><INIT seed="1,0,0,0,0,19" ten="456,205,150,189" oya="1" hai0="102,58,32,103,33,115,60,69,41,68,12,51,6" hai1="63,22,27,42,118,122,2,20,48,67,55,61,16" hai2="71,54,76,91,96,18,3,97,112,101,125,66,37" hai3="78,31,23,134,46,4,127,93,94,24,131,0,84"/><U104/><E118/><V105/><F3/><W38/><G134/><T35/><D115/><U62/><E122/><V1/><F1/><W52/><G131/><T90/><D41/><U30/><E2/><V92/><F112/><W116/><G127/><T57/><D51/><U50/><E104/><V7/><F125/><W79/><G116/><T26/><D26/><N who="1" m="16711" /><E42/><V108/><F7/><W75/><G75/><T56/><D60/><N who="1" m="23147" /><E67/><V53/><F108/><W109/><G109/><T15/><D90/><U64/><E64/><V85/><F37/><W126/><G38/><T128/><D6/><U28/><E28/><V70/><F66/><W29/><G29/><T120/><D128/><U40/><E40/><V110/><F110/><W119/><G119/><T117/><D117/><U100/><E100/><N who="0" m="38441" /><D120/><U98/><E98/><V72/><F97/><W74/><G74/><T10/><D10/><U14/><E27/><V114/><F114/><W11/><G126/><T5/><D5/><U13/><E13/><AGARI ba="0,0" hai="12,13,15,32,33,35,56,57,58,68,69" m="38441" machi="13" ten="40,2600,0" yaku="28,2" doraHai="19" who="0" fromWho="1" sc="456,26,205,-26,150,0,189,0" /><INIT seed="2,0,0,4,5,99" ten="482,179,150,189" oya="2" hai0="68,67,132,87,42,89,97,29,73,47,2,15,4" hai1="126,58,1,95,22,30,19,91,69,71,7,123,129" hai2="107,125,110,60,121,134,79,119,104,59,61,39,64" hai3="62,92,80,52,77,133,32,14,51,31,20,113,81"/><V11/><F119/><W75/><G133/><T0/><D73/><U116/><E116/><V78/><F121/><W84/><G113/><T85/><D29/><U98/><E123/><V124/><F39/><W50/><G32/><T21/><D87/><U12/><E129/><V118/><F118/><W9/><G92/><T109/><D109/><U44/><E126/><N who="2" m="48747" /><F134/><W120/><G120/><T56/><D68/><U117/><E117/><V33/><F33/><W48/><G62/><T108/><D108/><U35/><E58/><N who="2" m="36887" /><F110/><W8/><G8/><T41/><D0/><U82/><E44/><V127/><N who="2" m="48755" /><V63/><DORA hai="83" /><F63/><W94/><G94/><T57/><D2/><U26/><E82/><V46/><F46/><W5/><G31/><T128/><D57/><U65/><E65/><N who="2" m="39103" /><F11/><AGARI ba="0,0" hai="1,7,11,12,19,22,26,30,35,69,71,91,95,98" machi="11" ten="40,2600,0" yaku="24,2" doraHai="99,83" who="1" fromWho="2" sc="482,0,179,26,150,-26,189,0" /><INIT seed="3,0,0,2,0,91" ten="482,205,124,189" oya="3" hai0="0,7,135,5,45,53,118,126,8,50,85,12,123" hai1="84,101,23,28,76,68,116,57,67,69,44,60,114" hai2="98,112,113,70,78,37,11,115,20,86,29,64,94" hai3="110,6,24,125,108,103,36,1,48,82,95,10,16"/><W33/><G36/><T47/><D118/><U120/><E120/><V35/><F37/><W79/><G125/><T2/><D123/><U46/><E114/><V25/><F35/><W61/><G61/><T51/><D135/><U90/><E116/><V87/><F78/><W38/><G38/><T31/><D31/><U32/><E32/><V27/><F27/><W30/><G48/><T93/><D7/><U105/><E105/><V4/><F64/><W21/><G103/><T17/><D5/><U130/><E101/><V63/><F63/><W13/><REACH who="3" step="1"/><G95/><REACH who="3" ten="482,205,124,179" step="2"/><T92/><D126/><U55/><E60/><V107/><F70/><W111/><G111/><T81/><D93/><U127/><E68/><V39/><F39/><W9/><G9/><T89/><D92/><U131/><E69/><V119/><F107/><W59/><G59/><T88/><D89/><U72/><E90/><V49/><F49/><W42/><G42/><AGARI ba="0,1" hai="0,2,8,12,17,42,45,47,50,51,53,81,85,88" machi="42" ten="30,7700,0" yaku="7,1,25,2,54,1" doraHai="91" who="0" fromWho="3" sc="482,87,205,0,124,0,179,-77" owari="569,66.9,205,0.5,124,-27.6,102,-39.8" /></mjloggm>