<mjloggm ver="2.3"><GO type="225" lobby="0"/><UN n0="%E3%81%A4%E3%81%A3%E3%81%B1%E3%82%8A%E3%83%9D%E3%83%BC%E3%83%AB" n1="%E6%A1%9C%E8%8A%B1%E9%96%83%E3%80%85" n2="%E6%97%A5%E6%9B%9C%E6%97%A5%E3%82%88%E3%82%8A%E3%81%AE%E4%BD%BF%E8%80%85" n3="%4D%2E%61%72%74%65%74%61" dan="17,17,17,16" rate="2145.31,2251.35,2229.76,2144.72" sx="M,M,M,M"/><TAIKYOKU oya="0"/><INIT seed="0,0,0,3,0,127" ten="250,250,250,250" oya="0" hai0="63,41,39,98,118,77,5,74,128,12,59,6,28" hai1="85,53,46,99,11,1,75,33,50,114,79,121,56" hai2="9,54,65,52,34,84,16,97,100,94,35,104,30" hai3="51,82,103,0,88,31,21,14,106,90,107,58,83"/><T116/><D28/><U25/><E121/><V57/><F65/><W4/><G0/><T20/><D74/><U36/><E114/><V112/><F112/><W89/><G4/><T119/><D77/><U40/><E85/><V126/><F126/><W32/><G32/><T93/><D128/><U64/><E99/><V42/><F42/><W8/><G103/><T101/><D41/><U47/><E25/><V68/><F68/><W62/><G51/><T48/><D48/><U72/><E33/><V115/><F115/><W26/><G106/><T95/><D39/><U71/><E47/><V86/><F54/><W45/><G107/><T7/><D93/><U102/><E102/><V92/><F104/><W80/><G45/><T55/><REACH who="0" step="1"/><D20/><REACH who="0" ten="240,250,250,250" step="2"/><U91/><E79/><V87/><F92/><W13/><REACH who="3" step="1"/><G8/><AGARI ba="0,1" hai="5,6,7,8,12,55,59,63,95,98,101,116,118,119" machi="8" ten="40,3900,0" yaku="1,1,2,1,53,0" doraHai="127" doraHaiUra="37" who="0" fromWho="3" sc="240,49,250,0,250,0,250,-39" /><INIT seed="0,1,0,2,1,64" ten="289,250,250,211" oya="0" hai0="130,121,33,69,60,32,3,132,4,48,19,75,99" hai1="43,67,58,96,2,115,17,10,59,38,68,46,9" hai2="114,15,102,82,120,71,122,89,62,20,128,44,105" hai3="81,84,41,34,24,104,117,133,28,124,103,31,106"/><T47/><D121/><U53/><E115/><V127/><F114/><W26/><G117/><T0/><D75/><U74/><E74/><V80/><F102/><W119/><G119/><T22/><D130/><U95/><E2/><V72/><F105/><W39/><G133/><T113/><D113/><U76/><E76/><V12/><F44/><W1/><G1/><T110/><D132/><U42/><E42/><V56/><F56/><W18/><G124/><T83/><D83/><U5/><E17/><V11/><F20/><W13/><G103/><T118/><D118/><U6/><E10/><V36/><F36/><W90/><G41/><T79/><D79/><U55/><E55/><V27/><F11/><W112/><G39/><T86/><D86/><U129/><E129/><V49/><F72/><W65/><G65/><T37/><D37/><U100/><E9/><V23/><F23/><W87/><G112/><T25/><D99/><U29/><E29/><V101/><F127/><W131/><G131/><T8/><D0/><U21/><E21/><V97/><F97/><W134/><G134/><T98/><D98/><U45/><E45/><V91/><F128/><W93/><G13/><T94/><D94/><U63/><REACH who="1" step="1"/><E59/><REACH who="1" ten="289,240,250,211" step="2"/><V7/><F122/><W88/><REACH who="3" step="1"/><G18/><REACH who="3" ten="289,240,250,201" step="2"/><T108/><D19/><U14/><E14/><V35/><F12/><W126/><G126/><T107/><D3/><U54/><E54/><V50/><F15/><W123/><G123/><T135/><D135/><U111/><E111/><V116/><F120/><W51/><G51/><AGARI ba="1,2" hai="5,6,38,43,46,51,53,58,63,67,68,95,96,100" machi="51" ten="30,12000,2" yaku="1,1,7,1,24,2,52,1,53,1" doraHai="64" doraHaiUra="66" who="1" fromWho="3" sc="289,0,240,143,250,0,201,-123" /><INIT seed="1,0,0,4,5,72" ten="289,383,250,78" oya="1" hai0="15,5,61,12,115,119,36,69,38,30,51,1,134" hai1="122,73,49,92,120,94,126,53,37,87,45,34,127" hai2="108,80,8,35,83,109,113,48,84,63,47,27,107" hai3="96,26,10,57,91,117,89,103,68,129,11,67,23"/><U43/><E73/><V81/><F107/><W6/><G129/><T78/><D115/><U79/><E34/><V124/><F113/><W19/><G68/><T22/><D119/><U56/><E94/><V95/><F63/><W32/><G117/><T9/><D134/><U131/><E131/><V135/><F8/><W0/><G10/><T40/><D51/><U85/><E85/><V13/><F13/><W75/><G75/><T125/><D125/><N who="1" m="47627" /><E92/><V116/><F135/><W106/><G67/><T20/><D30/><U17/><E17/><V77/><F95/><W41/><G41/><T25/><D25/><U33/><E33/><V70/><F70/><W100/><G57/><T121/><D121/><N who="1" m="46699" /><E87/><V16/><F116/><W114/><G114/><T104/><D104/><U62/><E79/><V101/><F101/><W59/><G59/><T86/><D78/><U65/><E65/><V4/><F4/><W50/><G103/><T58/><D86/><U128/><E128/><V29/><F124/><W31/><REACH who="3" step="1"/><G50/><AGARI ba="0,0" hai="37,43,45,49,50,53,56,62" m="46699,47627" machi="50" ten="30,5800,0" yaku="18,1,34,2" doraHai="72" who="1" fromWho="3" sc="289,0,383,58,250,0,78,-58" /><INIT seed="1,1,0,5,1,26" ten="289,441,250,20" oya="1" hai0="79,97,33,105,57,89,20,39,135,103,78,40,16" hai1="134,131,126,84,75,59,101,96,123,56,80,100,50" hai2="51,124,36,119,72,13,64,87,35,66,17,44,42" hai3="121,45,10,107,65,122,58,34,11,88,22,63,4"/><U38/><E123/><V6/><F72/><W108/><G34/><T41/><D33/><U60/><E38/><V73/><F73/><W95/><G108/><T86/><D135/><U74/><E134/><V54/><F119/><W104/><G11/><T5/><D5/><U120/><E120/><V7/><F35/><W94/><G94/><T1/><D1/><U130/><E50/><V129/><F124/><W31/><G45/><T98/><D98/><U25/><E25/><V109/><F129/><N who="1" m="49161" /><E56/><V49/><F36/><W52/><G65/><N who="2" m="25193" /><F87/><W77/><G77/><T116/><D116/><U37/><E37/><V8/><F109/><W29/><G121/><T112/><D57/><AGARI ba="1,0" hai="6,7,8,13,17,42,44,49,51,54,57" m="25193" machi="57" ten="30,1000,0" yaku="8,1" doraHai="26" who="2" fromWho="0" sc="289,-13,441,0,250,13,20,0" /><INIT seed="2,0,0,1,2,102" ten="276,441,263,20" oya="2" hai0="110,68,55,115,126,54,122,82,91,64,131,61,100" hai1="51,120,70,96,117,104,29,31,79,74,4,45,124" hai2="66,42,44,10,69,116,93,41,130,19,95,18,35" hai3="63,60,121,14,85,112,132,86,62,125,133,105,50"/><V98/><F35/><W23/><G121/><T89/><D115/><U75/><E70/><V118/><F130/><W15/><G125/><T6/><D122/><U108/><E117/><V17/><F10/><W67/><G67/><T101/><D126/><U49/><E49/><V53/><F69/><W92/><G112/><T73/><D6/><U88/><E4/><V47/><F66/><W129/><G129/><T39/><D39/><U38/><E38/><V109/><F53/><W57/><G105/><T78/><D131/><U84/><E79/><V114/><F114/><W24/><G50/><T12/><D12/><N who="3" m="4649" /><G57/><T34/><D34/><U16/><E29/><V128/><F128/><W21/><G92/><T5/><D5/><U80/><E31/><V90/><F109/><W76/><G76/><T59/><D110/><U123/><E108/><V28/><F28/><W2/><G24/><T13/><D13/><U72/><E124/><V127/><F127/><W94/><G94/><T46/><D46/><U134/><E45/><V77/><F77/><W20/><G2/><T83/><D55/><U52/><E52/><V36/><REACH who="2" step="1"/><F95/><REACH who="2" ten="276,441,253,20" step="2"/><W37/><G37/><AGARI ba="0,1" hai="17,18,19,36,37,41,42,44,47,90,93,98,116,118" machi="37" ten="40,7700,0" yaku="1,1,2,1,9,1,53,0" doraHai="102" doraHaiUra="1" who="2" fromWho="3" sc="276,0,441,0,253,87,20,-77" owari="276,-12.4,441,54.1,340,14.0,-57,-55.7" /></mjloggm>