<mjloggm ver="2.3"><GO type="225" lobby="0"/><UN n0="%E3%83%96%E3%83%83%E3%83%91%E3%82%AA%E3%83%96%E3%83%81%E3%82%AD%E3%83%B3" n1="%E3%82%8F%E3%81%8B%E3%81%B0%2A%E3%82%AC%E3%83%BC%E3%83%AB" n2="%E3%81%95%E3%81%8D%E3%81%9F%E3%81%BE%E6%9E%97%E6%AA%8E" n3="%E3%82%A4%E3%83%BC%E3%82%B1%E3%83%97%E3%83%A9" dan="17,16,16,16" rate="2161.42,2052.51,2109.86,2100.69" sx="M,M,M,M"/><TAIKYOKU oya="0"/><INIT seed="0,0,0,5,5,40" ten="250,250,250,250" oya="0" hai0="123,43,7,84,39,25,15,111,12,76,31,113,105" hai1="135,37,70,118,115,8,19,101,26,38,92,98,11" hai2="73,0,63,3,59,119,18,129,45,80,30,16,79" hai3="117,83,93,109,52,10,29,128,6,107,54,82,100"/><T90/><D113/><U57/><E118/><V23/><F129/><W9/><G117/><T58/><D123/><U35/><E70/><V120/><F120/><W21/><G107/><T20/><D105/><U28/><E135/><V125/><F125/><W127/><G109/><T66/><D111/><U51/><E115/><V134/><F134/><W48/><G128/><T56/><D7/><U110/><E110/><V32/><F32/><W130/><G127/><T44/><D76/><U13/><E57/><V33/><F33/><W61/><G130/><T112/><D112/><U104/><E104/><V64/><F119/><W34/><G34/><T24/><D24/><U122/><E122/><V91/><F91/><W47/><G29/><T89/><D89/><U65/><E65/><V1/><REACH who="2" step="1"/><F45/><REACH who="2" ten="250,250,240,250" step="2"/><W36/><G47/><T87/><D87/><U41/><E37/><V95/><F95/><W14/><G93/><T106/><D106/><U124/><E38/><V71/><F71/><W62/><G36/><T88/><D90/><U17/><E124/><V94/><F94/><W108/><G108/><T69/><D69/><U121/><E121/><V126/><F126/><W53/><G100/><T22/><D58/><U102/><E101/><V78/><F78/><W5/><G83/><T75/><D56/><U131/><E131/><V67/><F67/><W86/><G82/><N who="0" m="49175" /><D66/><U55/><E102/><V103/><F103/><W49/><G86/><T96/><D96/><U77/><E98/><V99/><F99/><W132/><G132/><T133/><D133/><U81/><E35/><V97/><F97/><RYUUKYOKU ba="0,1" sc="250,-10,250,-10,240,30,250,-10" hai2="0,1,3,16,18,23,30,59,63,64,73,79,80" /><INIT seed="1,1,1,5,1,7" ten="240,240,270,240" oya="1" hai0="26,86,106,55,6,15,5,96,47,70,32,39,13" hai1="134,35,73,10,81,33,65,8,115,111,133,60,66" hai2="75,102,79,64,37,42,110,72,119,25,107,116,125" hai3="132,40,92,46,100,71,83,1,76,56,28,123,101"/><U114/><E111/><V50/><F50/><W24/><G71/><T120/><D120/><U97/><E97/><N who="2" m="61903" /><F110/><W52/><G1/><T128/><D70/><U21/><E21/><V22/><F22/><W103/><G132/><N who="1" m="50794" /><E73/><V90/><F90/><W91/><G123/><T74/><D74/><U108/><E108/><V121/><F121/><W113/><G113/><N who="1" m="43018" /><E81/><N who="2" m="45287" /><F125/><W80/><G80/><T11/><D128/><U118/><E118/><V104/><F64/><N who="1" m="24681" /><E60/><V16/><F104/><W2/><G83/><T45/><D106/><U122/><E122/><V129/><F129/><W3/><G76/><T95/><D96/><U12/><E12/><V17/><F75/><W23/><G2/><T59/><D15/><U131/><E131/><V109/><F109/><W43/><G3/><T67/><D13/><U49/><E49/><V124/><F124/><W68/><G68/><T61/><D86/><U85/><E85/><V31/><F119/><W127/><G127/><T82/><D82/><U58/><E58/><V53/><F116/><W88/><G91/><T89/><D59/><U20/><E20/><V112/><F112/><W94/><G94/><T84/><D89/><U18/><E18/><V0/><F17/><W130/><G130/><T41/><D84/><U63/><E63/><V98/><F16/><W19/><G19/><T69/><D61/><U54/><E54/><V105/><F0/><W93/><G93/><T48/><D55/><U99/><E99/><V117/><F53/><W126/><G126/><T38/><D48/><U77/><E77/><V27/><F117/><W57/><G52/><RYUUKYOKU ba="1,1" sc="240,-10,240,30,270,-10,240,-10" hai1="8,10,33,35" /><INIT seed="1,2,1,5,2,35" ten="230,270,260,230" oya="1" hai0="20,4,86,104,64,51,3,50,88,97,18,129,61" hai1="92,91,41,108,10,53,111,31,21,42,28,100,102" hai2="109,119,46,123,11,135,105,43,125,16,95,75,40" hai3="115,68,29,26,5,94,52,85,6,56,25,107,2"/><U47/><E53/><V66/><F119/><W45/><G115/><T103/><D129/><U127/><E127/><V87/><F123/><W30/><G107/><T60/><D60/><U114/><E114/><V54/><F105/><W27/><G68/><T79/><D79/><U133/><E133/><V13/><F75/><W131/><G45/><T130/><D130/><U99/><E10/><V12/><F135/><W76/><G131/><T67/><D4/><N who="3" m="1641" /><G2/><T93/><D3/><U83/><E83/><V65/><F125/><W44/><G44/><T33/><D33/><U19/><E102/><V14/><F109/><N who="1" m="42057" /><E100/><V0/><F0/><W101/><G76/><T106/><D106/><U132/><E132/><V32/><F32/><W8/><G8/><T37/><D37/><N who="1" m="21935" /><E42/><N who="2" m="15915" /><F54/><W48/><G101/><T90/><D90/><AGARI ba="2,1" hai="25,26,27,29,30,48,52,56,85,90,94" m="1641" machi="90" ten="30,2000,0" yaku="8,1,54,1" doraHai="35" who="3" fromWho="0" sc="230,-26,270,0,260,0,230,36" /><INIT seed="2,0,0,4,0,30" ten="204,270,260,266" oya="2" hai0="27,25,91,82,65,15,21,17,10,13,98,127,50" hai1="35,89,60,104,108,135,48,26,31,114,131,11,42" hai2="69,9,125,123,52,113,14,67,83,39,96,109,1" hai3="105,62,38,68,88,53,24,0,77,95,40,59,37"/><V63/><F113/><W101/><G0/><T116/><D127/><U18/><E114/><V126/><F123/><W44/><G77/><T12/><D116/><U106/><E108/><V61/><F1/><W112/><G112/><T49/><D65/><U57/><E131/><V110/><F39/><W22/><G68/><T76/><D27/><U55/><E135/><V97/><F83/><W122/><G122/><T71/><D71/><U51/><E89/><V79/><F79/><W74/><G74/><T34/><D34/><U16/><E11/><V103/><F14/><W73/><G73/><T3/><D3/><U45/><REACH who="1" step="1"/><E60/><REACH who="1" ten="204,260,260,266" step="2"/><V134/><F9/><W80/><G62/><T87/><REACH who="0" step="1"/><D10/><REACH who="0" ten="194,260,260,266" step="2"/><U102/><E102/><V23/><F103/><W100/><G101/><T56/><D56/><U121/><E121/><V129/><F126/><W84/><G59/><T47/><D47/><U6/><E6/><V4/><F4/><W86/><G44/><T120/><D120/><U117/><E117/><V5/><F5/><W92/><G100/><T90/><D90/><U33/><E33/><V119/><F125/><W29/><G88/><T32/><D32/><U2/><E2/><V128/><F119/><W70/><G105/><AGARI ba="0,2" hai="16,18,26,31,35,42,45,48,51,55,57,104,105,106" machi="105" ten="40,5200,0" yaku="1,1,52,1,54,1,53,0" doraHai="30" doraHaiUra="124" who="1" fromWho="3" sc="194,0,260,72,260,0,266,-52" /><INIT seed="3,0,0,2,1,23" ten="194,332,260,214" oya="3" hai0="41,125,107,25,114,86,128,89,120,84,116,33,15" hai1="4,44,92,76,111,134,39,80,20,48,6,88,3" hai2="135,127,9,95,71,100,26,78,105,13,131,64,57" hai3="24,121,73,67,96,22,50,29,7,53,43,99,130"/><W52/><G121/><T126/><D116/><U133/><E111/><V32/><F95/><W27/><G73/><T59/><D120/><U45/><E39/><V93/><F93/><W117/><G117/><T62/><D107/><U35/><E35/><V61/><F57/><W97/><G130/><T17/><D128/><U110/><E110/><V38/><F131/><W28/><G7/><N who="1" m="2602" /><E20/><V129/><F129/><W40/><G67/><N who="0" m="39391" /><D41/><N who="3" m="15945" /><G50/><T31/><D89/><U19/><E19/><N who="2" m="8623" /><F135/><N who="1" m="51721" /><E48/><V47/><F127/><N who="0" m="48650" /><D114/><U34/><E34/><V65/><F65/><W68/><G68/><T113/><D113/><U66/><E66/><V58/><F71/><W106/><G106/><T60/><D60/><U91/><E3/><V90/><F38/><W115/><G115/><T81/><D81/><U55/><E55/><N who="3" m="21066" /><G22/><AGARI ba="0,0" hai="15,17,22,25,31,33,84,86" m="48650,39391" machi="22" ten="30,2000,0" yaku="18,1,52,1" doraHai="23" who="0" fromWho="3" sc="194,20,332,0,260,0,214,-20" owari="214,-18.6,332,43.2,260,6.0,194,-30.6" /></mjloggm>