<mjloggm ver="2.3"><GO type="225" lobby="0"/><UN n0="%E9%BB%99%E8%81%B4%E3%81%AE%E3%81%99%E3%82%9D%E3%82%81" n1="%E6%81%A5%E6%99%92%E3%81%97" n2="%E5%91%A8%E6%9D%B1" n3="%70%68%65%6E%6F%6D%65" dan="16,17,17,16" rate="2138.73,2209.40,2204.89,2134.28" sx="M,M,M,M"/><TAIKYOKU oya="0"/><INIT seed="0,0,0,1,3,105" ten="250,250,250,250" oya="0" hai0="39,13,53,90,46,134,28,9,81,61,108,110,16" hai1="40,106,14,103,26,115,96,112,68,31,21,94,82" hai2="72,33,122,99,51,120,17,12,119,117,19,7,18" hai3="23,45,63,93,54,22,25,78,124,56,30,135,132"/><T73/><D134/><N who="3" m="51241" /><G124/><T57/><D28/><U118/><E118/><N who="2" m="45067" /><F99/><W43/><G78/><N who="0" m="44239" /><D90/><U4/><E68/><V130/><F51/><N who="3" m="27071" /><G93/><T64/><D46/><U91/><E40/><V8/><F72/><W100/><G100/><T88/><D88/><U52/><E82/><V86/><F86/><W11/><G11/><T102/><D102/><U65/><E65/><V76/><F76/><W126/><G126/><T15/><D15/><U59/><E14/><N who="2" m="5407" /><F130/><W6/><G6/><T62/><D39/><U5/><E112/><V85/><F85/><W42/><G42/><T50/><D64/><U34/><E34/><AGARI ba="0,0" hai="22,23,25,30,34,54,56,63" m="27071,51241" machi="34" ten="30,1000,0" yaku="20,1" doraHai="105" who="3" fromWho="1" sc="250,0,250,-10,250,0,250,10" /><INIT seed="1,0,0,3,1,100" ten="250,240,250,260" oya="1" hai0="37,20,99,113,56,122,95,73,7,38,47,5,14" hai1="93,96,71,76,70,81,125,10,102,24,101,12,69" hai2="86,60,9,66,74,115,75,29,51,104,39,89,68" hai3="1,58,80,4,135,30,84,52,53,126,78,92,40"/><U97/><E125/><V25/><F39/><W103/><G126/><T90/><D113/><U57/><E57/><V45/><F115/><W87/><G135/><T107/><D122/><U129/><E129/><V43/><F9/><W79/><G40/><T32/><D32/><U21/><E12/><V49/><F49/><W128/><G128/><T65/><D73/><U22/><E10/><V127/><F127/><W28/><G1/><T134/><D134/><U63/><E63/><V27/><F104/><W33/><G4/><T119/><D119/><U116/><E24/><V2/><F25/><W110/><G110/><T41/><D38/><U64/><E64/><V112/><F2/><W111/><G111/><T132/><D132/><U133/><E116/><V98/><F98/><N who="3" m="59847" /><G33/><T131/><D131/><U13/><E13/><V85/><F85/><N who="3" m="32843" /><G53/><T50/><D107/><U17/><E17/><V121/><F121/><W61/><G80/><T124/><D124/><U55/><E55/><V31/><F112/><W26/><G26/><T118/><D118/><U35/><E35/><V34/><REACH who="2" step="1"/><F31/><AGARI ba="0,0" hai="28,30,31,52,58,61,78,79" m="32843,59847" machi="31" ten="30,2000,0" yaku="8,1,54,1" doraHai="100" who="3" fromWho="2" sc="250,0,240,0,250,-20,260,20" /><INIT seed="2,0,0,2,1,50" ten="250,240,230,280" oya="2" hai0="131,113,19,99,82,9,36,133,108,28,91,84,13" hai1="60,79,69,55,52,132,101,48,124,35,127,11,102" hai2="4,83,0,86,43,123,2,42,6,40,71,44,23" hai3="70,130,96,5,105,115,128,16,66,120,95,111,74"/><V14/><F71/><W67/><G120/><T45/><D108/><U25/><E79/><V90/><F123/><W121/><G121/><T7/><D131/><U22/><E132/><V119/><F119/><W97/><G111/><T39/><D133/><U112/><E112/><V32/><F32/><W63/><G74/><T54/><D113/><U68/><E11/><V15/><F2/><W31/><G5/><N who="2" m="2153" /><F0/><W88/><G115/><T18/><D28/><U27/><E35/><V85/><F44/><W109/><G109/><T61/><D99/><U37/><E48/><V46/><F46/><W59/><G31/><T118/><D118/><U98/><E98/><V122/><F122/><W114/><G114/><T34/><D34/><U56/><E37/><V135/><F135/><W29/><G29/><T17/><REACH who="0" step="1"/><D45/><REACH who="0" ten="240,240,230,280" step="2"/><U58/><E22/><V33/><F33/><W126/><G128/><T81/><D81/><U92/><E92/><N who="2" m="54351" /><F23/><W72/><G130/><T12/><D12/><U106/><E106/><V116/><F116/><W75/><G105/><T73/><D73/><U24/><E27/><V49/><F49/><W134/><G134/><T78/><D78/><AGARI ba="0,1" hai="14,15,40,42,43,78,83,86" m="54351,2153" machi="78" ten="30,1500,0" yaku="8,1" doraHai="50" who="2" fromWho="0" sc="240,-15,240,0,230,25,280,0" /><INIT seed="2,1,0,5,5,70" ten="225,240,255,280" oya="2" hai0="61,87,77,121,78,90,2,49,104,52,115,117,18" hai1="9,40,4,44,86,123,56,94,131,125,23,60,30" hai2="28,14,47,124,8,72,134,101,38,81,102,57,6" hai3="21,80,41,31,106,67,129,133,48,74,116,5,82"/><V128/><F134/><W33/><G116/><T55/><D115/><U51/><E125/><V58/><F124/><W92/><G106/><T3/><D104/><U95/><E131/><V16/><F128/><W113/><G33/><T15/><D121/><U17/><E30/><V53/><F28/><W73/><G113/><T13/><D117/><U122/><E86/><V10/><F72/><W83/><G133/><T96/><D96/><U91/><E91/><V119/><F81/><W110/><G110/><T25/><D2/><U63/><E9/><V12/><F119/><W36/><G5/><T85/><D3/><U37/><E4/><V126/><F126/><W99/><G67/><T35/><D35/><U24/><E51/><V50/><F38/><W98/><G48/><T75/><D75/><U20/><E20/><V22/><F22/><W127/><G99/><T84/><D90/><U71/><E71/><V59/><AGARI ba="1,0" hai="6,8,10,12,14,16,47,50,53,57,58,59,101,102" machi="59" ten="30,6000,0" yaku="0,1,8,1,54,1" doraHai="70" who="2" fromWho="2" sc="225,-21,240,-21,255,63,280,-21" /><INIT seed="2,2,0,1,4,28" ten="204,219,318,259" oya="2" hai0="73,108,64,77,8,101,83,110,3,113,100,75,80" hai1="18,76,118,93,102,41,19,10,23,16,39,56,36" hai2="88,12,6,2,69,54,107,116,30,4,17,26,123" hai3="46,55,115,32,124,128,86,35,66,79,135,5,132"/><V61/><F107/><W114/><G66/><T59/><D3/><U82/><E118/><V89/><F116/><W94/><G5/><T85/><D8/><U24/><E56/><V99/><F123/><W58/><G46/><T34/><D59/><U65/><E65/><V7/><F2/><W67/><G67/><T14/><D14/><U134/><E134/><N who="3" m="51242" /><G128/><T37/><D37/><U125/><E39/><V11/><F99/><W68/><G68/><T27/><D27/><U72/><E125/><V1/><F1/><W20/><G20/><T117/><D64/><U9/><E41/><V129/><F129/><W119/><G119/><T57/><D57/><U21/><E36/><V81/><F69/><W45/><G45/><T131/><D117/><U133/><E133/><V43/><F43/><W84/><G124/><T47/><D47/><U48/><E48/><V104/><F104/><W98/><G86/><T95/><D34/><N who="3" m="12841" /><G84/><T0/><D0/><U78/><E78/><V106/><F6/><W70/><G79/><N who="0" m="44159" /><D131/><U120/><E120/><V50/><F7/><W13/><G13/><T87/><D113/><N who="3" m="43017" /><G70/><T103/><D85/><U51/><E51/><V22/><F50/><N who="3" m="31095" /><G98/><N who="0" m="59487" /><D87/><U53/><E53/><V112/><F54/><W62/><G94/><T92/><D92/><U105/><E105/><V90/><F106/><W29/><G29/><T52/><D52/><U74/><E72/><V71/><F112/><W33/><N who="3" m="12849" /><W44/><DORA hai="97" /><G44/><T40/><D40/><U38/><E24/><V96/><F26/><W109/><G62/><T111/><AGARI ba="2,0" hai="73,77,83,101,103,108,110,111" m="59487,44159" machi="111" ten="30,12000,2" yaku="14,1,34,2,52,3" doraHai="28,97" who="0" fromWho="0" sc="204,126,219,-32,318,-62,259,-32" /><INIT seed="3,0,0,4,4,109" ten="330,187,256,227" oya="3" hai0="1,120,9,93,50,46,39,2,34,105,3,87,104" hai1="42,56,124,41,80,116,58,110,55,129,96,25,95" hai2="123,97,83,128,74,18,99,35,0,48,78,125,23" hai3="98,5,19,115,103,20,75,106,84,88,54,71,85"/><W12/><G75/><T132/><D39/><U72/><E25/><V60/><F0/><W30/><G71/><T113/><D34/><U36/><E72/><V51/><F35/><W16/><G115/><T133/><D120/><U43/><E80/><V118/><F123/><W111/><G111/><T47/><D113/><U67/><E110/><V90/><F118/><W37/><G37/><T38/><D9/><U49/><E116/><V59/><F125/><W119/><G119/><T31/><D31/><U32/><E32/><V94/><F99/><W135/><G135/><N who="0" m="51787" /><D38/><U81/><E81/><V24/><REACH who="2" step="1"/><F128/><REACH who="2" ten="330,187,246,227" step="2"/><W130/><G130/><T100/><D2/><U121/><E129/><V15/><F15/><W33/><G33/><T62/><D1/><U17/><E121/><V134/><F134/><W22/><G106/><T92/><D3/><U57/><E124/><V14/><F14/><N who="3" m="9239" /><G5/><T45/><D105/><U52/><E36/><V21/><F21/><W69/><G12/><T77/><D104/><U107/><E107/><V26/><F26/><W64/><G98/><T108/><D108/><U131/><E131/><V8/><F8/><W65/><G22/><T86/><D86/><U112/><E112/><V4/><F4/><W102/><G84/><T76/><D87/><U44/><E17/><V73/><F73/><W29/><G19/><T63/><D77/><U7/><E7/><V28/><F28/><W89/><G29/><T13/><D76/><U6/><E6/><V127/><F127/><W91/><G30/><T68/><D13/><U10/><E10/><V126/><F126/><RYUUKYOKU ba="0,1" sc="330,-10,187,-10,246,30,227,-10" hai2="18,23,24,48,51,59,60,74,78,83,90,94,97" owari="330,43.0,177,-32.3,276,7.6,217,-18.3" /></mjloggm>