<mjloggm ver="2.3"><GO type="225" lobby="0"/><UN n0="%E5%85%83%E3%82%AB%E3%83%8E%E7%B3%BB%E3%83%92%E3%83%AD%E3%82%A4%E3%83%B3" n1="%79%75%72%69%6D%6F%67" n2="%E3%83%B4%E3%83%A0%EF%BC%99%E3%81%A6" n3="%E3%83%96%E3%83%83%E3%83%91%E3%82%AA%E3%83%96%E3%83%81%E3%82%AD%E3%83%B3" dan="16,16,16,16" rate="2099.63,2174.56,2176.84,2156.47" sx="M,F,M,M"/><TAIKYOKU oya="0"/><INIT seed="0,0,0,4,2,94" ten="250,250,250,250" oya="0" hai0="111,73,93,132,83,88,24,22,7,119,100,21,122" hai1="31,77,125,90,81,120,46,3,127,25,96,63,64" hai2="117,65,135,4,6,16,38,75,50,131,32,15,105" hai3="61,124,114,116,41,40,47,35,58,74,99,89,104"/><T133/><D119/><U126/><E3/><V115/><F115/><W1/><G116/><T86/><D122/><U62/><E46/><V0/><F38/><W80/><G114/><T14/><D111/><U8/><E8/><V45/><F32/><W13/><G1/><T56/><D56/><U39/><E39/><V130/><F75/><W70/><G124/><T20/><D24/><U23/><E120/><V33/><F117/><W37/><G35/><T118/><D118/><U12/><E12/><V112/><F112/><W113/><G113/><T108/><D108/><U92/><REACH who="1" step="1"/><E64/><REACH who="1" ten="250,240,250,250" step="2"/><V102/><F0/><W69/><G41/><T59/><D14/><U57/><E57/><V121/><F65/><W84/><G13/><T28/><D59/><U107/><E107/><V30/><F121/><W29/><G74/><AGARI ba="0,1" hai="23,25,31,62,63,74,77,81,90,92,96,125,126,127" machi="74" ten="40,5200,0" yaku="1,1,18,1,52,1,53,0" doraHai="94" doraHaiUra="49" who="1" fromWho="3" sc="250,0,240,62,250,0,250,-52" /><INIT seed="1,0,0,1,4,133" ten="250,302,250,198" oya="1" hai0="16,6,59,96,31,60,88,48,117,130,11,116,75" hai1="110,111,104,34,66,131,102,129,92,89,45,37,127" hai2="51,62,25,54,53,105,68,74,126,52,73,9,69" hai3="125,108,1,121,94,46,23,26,124,109,100,85,38"/><U123/><E127/><N who="3" m="48714" /><G121/><T91/><D75/><U47/><E34/><V35/><F126/><W97/><G1/><T103/><D31/><U65/><E102/><V80/><F105/><W134/><G134/><T78/><D78/><U17/><E17/><V32/><F51/><W19/><G85/><T64/><D16/><U12/><E12/><V67/><F68/><W112/><G112/><T14/><D130/><N who="1" m="49675" /><E104/><V77/><F73/><W8/><G8/><T107/><REACH who="0" step="1"/><D48/><REACH who="0" ten="240,302,250,198" step="2"/><U132/><E123/><V10/><REACH who="2" step="1"/><F32/><REACH who="2" ten="240,302,240,198" step="2"/><W82/><G82/><T119/><AGARI ba="0,2" hai="6,11,14,59,60,64,88,91,96,103,107,116,117,119" machi="119" ten="30,7900,0" yaku="1,1,2,1,0,1,54,1,53,0" doraHai="133" doraHaiUra="20" who="0" fromWho="0" sc="240,99,302,-39,240,-20,198,-20" /><INIT seed="2,0,0,3,3,25" ten="339,263,220,178" oya="2" hai0="62,57,91,30,110,43,73,108,34,68,21,88,121" hai1="124,135,36,58,52,3,48,59,104,51,93,99,133" hai2="39,42,111,112,66,119,20,131,96,84,116,26,24" hai3="38,120,2,40,127,17,134,105,106,23,76,0,63"/><V98/><F112/><W37/><G120/><T50/><D121/><U103/><E3/><V90/><F131/><W1/><G127/><T11/><D34/><U32/><E32/><V18/><F66/><W118/><G118/><T71/><D73/><U95/><E36/><V54/><F111/><N who="0" m="42538" /><D11/><U14/><E14/><V19/><F39/><W29/><G134/><N who="1" m="51210" /><E124/><V123/><F123/><W45/><G38/><T44/><D21/><U33/><E33/><V75/><F75/><W10/><G76/><T85/><D30/><U83/><E83/><V129/><F129/><W115/><G115/><T101/><D101/><U49/><E59/><V114/><F114/><W102/><G102/><T16/><D16/><U100/><E100/><V12/><F42/><W6/><G63/><AGARI ba="0,0" hai="48,49,51,52,58,63,93,95,99,103,104" m="51210" machi="63" ten="30,2000,0" yaku="20,1,54,1" doraHai="25" who="1" fromWho="3" sc="339,0,263,20,220,0,178,-20" /><INIT seed="3,0,0,3,0,10" ten="339,283,220,158" oya="3" hai0="25,29,132,135,114,20,99,59,64,112,104,72,69" hai1="121,93,129,109,97,124,17,38,61,31,7,9,116" hai2="126,75,28,115,8,36,107,105,73,102,81,125,117" hai3="22,24,71,16,87,60,43,120,123,34,6,32,42"/><W128/><G128/><T0/><D0/><U119/><E121/><V82/><F36/><W113/><G113/><N who="0" m="43627" /><D72/><N who="2" m="27722" /><F115/><W85/><G6/><T48/><D69/><U70/><E38/><V78/><F28/><W133/><G133/><T74/><D74/><U100/><E129/><V103/><F8/><W2/><G2/><T39/><D39/><U76/><E76/><V12/><F12/><W46/><G123/><T77/><D77/><U127/><E31/><V49/><F49/><W51/><G120/><T67/><D104/><N who="2" m="40010" /><F117/><N who="1" m="45129" /><E17/><V45/><F45/><W19/><G43/><T37/><D99/><U110/><E61/><V27/><F27/><W33/><REACH who="3" step="1"/><G19/><REACH who="3" ten="339,283,220,148" step="2"/><T96/><D132/><U23/><E7/><V111/><F111/><W108/><G108/><T18/><D135/><U122/><E109/><V94/><F78/><W52/><G52/><T130/><D130/><U4/><E122/><V68/><F68/><W62/><G62/><T66/><D18/><U53/><E70/><V83/><F94/><W131/><G131/><T15/><D37/><U21/><E53/><V44/><F44/><W90/><G90/><T40/><D40/><U47/><E47/><V57/><F57/><W14/><G14/><T26/><D15/><N who="1" m="5543" /><E110/><V134/><F134/><W63/><G63/><T86/><D59/><U88/><E100/><AGARI ba="0,1" hai="81,82,83,100,102,103,125,126" m="40010,27722" machi="100" ten="40,8000,1" yaku="28,2,34,2" doraHai="10" who="2" fromWho="1" sc="339,0,283,-80,220,90,148,0" owari="339,43.9,203,-19.7,310,11.0,148,-35.2" /></mjloggm>