<mjloggm ver="2.3"><GO type="225" lobby="0"/><UN n0="%E6%A1%9C%E8%8A%B1%E9%96%83%E3%80%85" n1="%74%2E%6F%2E%6F%2E%73" n2="%E9%A6%AC%E5%BC%95%E7%81%AB%33" n3="%E3%81%AD%E3%82%80%E3%81%84%40%E9%9B%80%E9%B3%B4%E4%BC%9A" dan="17,17,16,16" rate="2166.53,2141.25,2075.62,2173.43" sx="M,M,M,F"/><TAIKYOKU oya="0"/><INIT seed="0,0,0,4,5,39" ten="250,250,250,250" oya="0" hai0="37,73,105,4,42,96,68,94,111,40,19,58,112" hai1="54,16,101,97,65,124,31,34,79,110,100,1,62" hai2="10,27,53,23,128,26,74,123,90,116,77,43,114" hai3="17,82,59,106,89,93,121,50,122,46,132,71,56"/><T119/><D112/><U88/><E110/><V78/><F123/><N who="3" m="47115" /><G106/><T25/><D119/><U11/><E124/><V20/><F114/><W115/><G115/><T32/><D68/><U52/><E34/><V69/><F69/><W64/><G82/><T72/><D105/><U66/><E1/><V12/><F116/><W9/><G132/><T35/><D4/><U102/><E31/><V107/><F107/><W113/><G113/><T47/><D111/><U117/><E79/><V127/><F127/><W2/><G64/><N who="1" m="24682" /><E117/><V51/><F128/><W104/><G104/><T60/><D42/><U98/><E62/><V103/><F103/><W48/><G48/><T41/><D41/><U57/><E57/><V0/><F0/><W24/><G2/><T63/><D35/><U135/><E135/><V30/><F90/><W81/><G81/><T13/><D32/><U6/><E6/><N who="2" m="3159" /><F74/><W29/><G71/><T134/><D134/><U55/><E88/><V131/><F131/><W91/><G89/><N who="0" m="55375" /><D13/><AGARI ba="0,0" hai="11,13,16,52,54,55,97,98,100,101,102" m="24682" machi="13" ten="40,5200,0" yaku="8,1,54,2" doraHai="39" who="1" fromWho="0" sc="250,-52,250,52,250,0,250,0" /><INIT seed="1,0,0,3,2,134" ten="198,302,250,250" oya="1" hai0="74,10,23,79,53,36,95,7,28,89,45,104,98" hai1="46,94,64,24,69,71,65,5,19,32,111,51,60" hai2="33,34,85,121,110,42,6,59,77,123,130,22,58" hai3="128,30,84,15,66,122,93,112,102,124,63,133,119"/><U50/><E5/><V78/><F6/><W55/><G112/><T101/><D28/><U48/><E94/><V31/><F31/><W129/><G122/><T62/><D23/><U43/><E19/><V109/><F42/><W57/><G133/><T26/><D26/><U97/><E97/><V12/><F130/><N who="3" m="50283" /><G119/><T105/><D62/><N who="1" m="40087" /><E24/><V68/><F68/><W108/><G108/><T82/><D89/><U103/><E103/><V61/><F61/><W38/><G38/><T76/><D76/><U21/><E21/><V20/><REACH who="2" step="1"/><F85/><REACH who="2" ten="198,302,240,250" step="2"/><W125/><G30/><T120/><D120/><U131/><E131/><V44/><F44/><W92/><G66/><T3/><REACH who="0" step="1"/><D53/><REACH who="0" ten="188,302,240,250" step="2"/><U96/><E32/><V14/><AGARI ba="0,2" hai="12,14,20,22,33,34,58,59,77,78,109,110,121,123" machi="14" ten="25,6400,0" yaku="1,1,0,1,22,2,53,0" doraHai="134" doraHaiUra="88" who="2" fromWho="2" sc="188,-16,302,-32,240,84,250,-16" /><INIT seed="2,0,0,2,1,27" ten="172,270,324,234" oya="2" hai0="101,131,12,4,83,120,95,105,13,73,47,42,53" hai1="59,18,94,88,116,71,119,121,96,6,123,118,110" hai2="128,126,135,1,36,0,10,58,60,90,114,84,32" hai3="29,16,68,112,93,17,22,61,98,9,79,15,127"/><V56/><F114/><W117/><G117/><T113/><D113/><U28/><E71/><V104/><F36/><W132/><G112/><T81/><D120/><N who="1" m="46155" /><E110/><V55/><F32/><W64/><G132/><T23/><D105/><U7/><E18/><V89/><F104/><W38/><G127/><T30/><D131/><U100/><E59/><V72/><F72/><W25/><G79/><T51/><D73/><U14/><E14/><V2/><F135/><W108/><G38/><T37/><D37/><U49/><E49/><V34/><F34/><W74/><G74/><T52/><D13/><U43/><E43/><V107/><F107/><W48/><G48/><T62/><D4/><N who="1" m="1579" /><E28/><V46/><F46/><W44/><G44/><T75/><D75/><U8/><E8/><V77/><F128/><W20/><G108/><T50/><D62/><U125/><E125/><V122/><F126/><W41/><G41/><T124/><D124/><U40/><E40/><V80/><F122/><W134/><G134/><T129/><D129/><U76/><E76/><V39/><F39/><W85/><G85/><T65/><D65/><U5/><N who="1" m="1587" /><U109/><DORA hai="57" /><E109/><V45/><F45/><W21/><REACH who="3" step="1"/><G17/><REACH who="3" ten="172,270,324,224" step="2"/><N who="0" m="10663" /><D51/><U111/><E111/><V78/><F78/><W91/><AGARI ba="0,1" hai="9,15,16,20,21,22,25,29,61,64,68,91,93,98" machi="91" ten="20,12000,2" yaku="1,1,0,1,7,1,52,2,54,1,53,1" doraHai="27,57" doraHaiUra="66,3" who="3" fromWho="3" sc="172,-30,270,-30,324,-60,224,130" /><INIT seed="3,0,0,0,3,104" ten="142,240,264,354" oya="3" hai0="20,30,74,129,24,95,14,92,7,28,54,106,112" hai1="90,85,118,0,16,107,35,87,18,134,22,81,8" hai2="38,44,13,120,110,71,25,135,91,56,57,82,23" hai3="113,41,15,131,79,17,42,32,40,105,50,11,9"/><W123/><G123/><T128/><D106/><U43/><E35/><V126/><F71/><W49/><G105/><T83/><D112/><U37/><E134/><V66/><F135/><W130/><G32/><T80/><D54/><U115/><E107/><V88/><F110/><W96/><G96/><T108/><D108/><U111/><E111/><V59/><F120/><W73/><G113/><T67/><D67/><U132/><E115/><V65/><F126/><W94/><G94/><T133/><D133/><U5/><E132/><V89/><F38/><W86/><G86/><T12/><D20/><U2/><E118/><V114/><F114/><W55/><G9/><T19/><D19/><U69/><E69/><V10/><F44/><W77/><G50/><T75/><REACH who="0" step="1"/><D24/><REACH who="0" ten="132,240,264,354" step="2"/><U36/><E22/><V27/><F27/><W127/><G17/><T119/><D119/><U68/><E18/><V61/><F66/><W47/><G55/><T21/><D21/><U117/><E117/><V29/><F65/><W99/><G127/><T39/><D39/><U93/><E16/><N who="2" m="8247" /><F61/><W53/><G53/><T4/><AGARI ba="0,1" hai="4,7,12,14,28,30,74,75,80,83,92,95,128,129" machi="4" ten="25,12000,2" yaku="1,1,0,1,22,2,52,2,53,0" doraHai="104" doraHaiUra="6" who="0" fromWho="0" sc="132,130,240,-30,264,-30,354,-60" /><INIT seed="4,0,0,4,0,81" ten="262,210,234,294" oya="0" hai0="41,11,106,22,72,13,107,54,6,84,92,3,9" hai1="10,46,133,85,18,78,64,63,130,71,109,33,24" hai2="32,29,7,15,53,93,5,100,83,51,91,48,80" hai3="79,62,40,102,114,113,76,120,115,75,135,103,57"/><T19/><D72/><U49/><E109/><V28/><F100/><N who="3" m="38443" /><G135/><T67/><D67/><U77/><E133/><V117/><F117/><W122/><G40/><T43/><D54/><U26/><E130/><V17/><F83/><N who="3" m="45471" /><G79/><T110/><D110/><U14/><E85/><N who="2" m="52463" /><F80/><W69/><G69/><T44/><D11/><U60/><E60/><V87/><F87/><W16/><G16/><T56/><D56/><U131/><E131/><V128/><F32/><W66/><AGARI ba="0,0" hai="57,62,66,113,114,115,120,122" m="45471,38443" machi="66" ten="40,1500,0" yaku="15,1" doraHai="81" who="3" fromWho="3" sc="262,-7,210,-4,234,-4,294,15" owari="255,5.5,206,-29.4,230,-17.0,309,40.9" /></mjloggm>