<mjloggm ver="2.3"><GO type="225" lobby="0"/><UN n0="%E6%A1%9C%E8%8A%B1%E9%96%83%E3%80%85" n1="%E6%98%93%E5%88%A9%E8%96%A9%E4%BC%AF" n2="%E4%BF%BA%E3%81%A8%E5%A6%96%E5%A4%A2" n3="%E7%99%BD%E5%80%89%E5%AF%9B%E4%B9%8B" dan="17,17,16,16" rate="2241.17,2159.85,2237.59,2141.46" sx="M,F,F,M"/><TAIKYOKU oya="0"/><INIT seed="0,0,0,4,5,17" ten="250,250,250,250" oya="0" hai0="126,64,112,19,31,133,16,116,53,0,28,34,91" hai1="98,61,21,6,115,57,27,86,60,131,49,26,88" hai2="39,87,79,48,50,113,44,71,12,45,77,120,105" hai3="10,59,129,52,96,25,62,47,58,1,95,70,22"/><T114/><D64/><U106/><E131/><V14/><F120/><W132/><G129/><T63/><D91/><U118/><E118/><V9/><F105/><W90/><G132/><T100/><D100/><U74/><E74/><V89/><F71/><W111/><G111/><T36/><D36/><U29/><E115/><N who="0" m="44073" /><D53/><U40/><E6/><V54/><F39/><W18/><G70/><T7/><D63/><U76/><E76/><V80/><F113/><W56/><G47/><T92/><D92/><U135/><E135/><V124/><F124/><W109/><G109/><T83/><D83/><U23/><E98/><V65/><F65/><W24/><G24/><N who="0" m="18695" /><D133/><U15/><E15/><V119/><F14/><N who="3" m="7511" /><G1/><T85/><D85/><U93/><E106/><V99/><F99/><W32/><G32/><T43/><D43/><U51/><E40/><V8/><F8/><W73/><G73/><T134/><D134/><U122/><E122/><V2/><F2/><W20/><G20/><T42/><D42/><U11/><E11/><V104/><F119/><W103/><G103/><T130/><D116/><U97/><E86/><V127/><F127/><W55/><G55/><T75/><D75/><U67/><E60/><V84/><F84/><W4/><G4/><T128/><D126/><U123/><E123/><V41/><F104/><W121/><G121/><T78/><D78/><U125/><E125/><V81/><F81/><W33/><G33/><T38/><D38/><U5/><E5/><AGARI ba="0,0" hai="5,9,12,41,44,45,48,50,54,77,79,80,87,89" machi="5" ten="30,2000,0" yaku="7,1,8,1" doraHai="17" who="2" fromWho="1" sc="250,0,250,-20,250,20,250,0" /><INIT seed="1,0,0,5,2,132" ten="250,230,270,250" oya="1" hai0="78,103,77,67,38,18,52,105,69,85,47,119,58" hai1="28,122,96,118,74,4,62,66,92,87,102,43,104" hai2="7,25,106,83,60,117,39,49,61,107,26,90,94" hai3="12,2,55,19,11,21,24,34,124,115,27,0,63"/><U75/><E118/><V88/><F39/><W110/><G55/><T59/><D119/><U98/><E122/><V93/><F117/><W95/><G63/><N who="0" m="40191" /><D59/><U101/><E4/><V131/><F131/><W89/><G95/><T84/><D18/><U51/><E28/><V81/><F49/><W22/><G89/><T41/><D103/><U8/><E8/><V42/><F42/><W72/><G72/><T10/><D105/><U57/><REACH who="1" step="1"/><E87/><REACH who="1" ten="250,220,270,250" step="2"/><N who="0" m="33353" /><D10/><U36/><E36/><V20/><F20/><W134/><G11/><T40/><D40/><U5/><E5/><AGARI ba="0,1" hai="5,7,25,26,60,61,81,83,88,90,93,94,106,107" machi="5" ten="25,3200,0" yaku="22,2,54,1" doraHai="132" who="2" fromWho="1" sc="250,0,220,-32,270,42,250,0" /><INIT seed="2,0,0,1,2,50" ten="250,188,312,250" oya="2" hai0="90,121,83,64,78,92,1,18,56,131,40,115,87" hai1="52,34,66,71,119,45,5,98,48,69,74,79,73" hai2="89,94,65,46,105,26,95,103,96,101,132,57,126" hai3="27,133,120,62,37,124,111,41,91,130,97,75,39"/><V25/><F132/><W102/><G75/><T12/><D121/><U14/><E119/><V28/><F126/><W33/><G120/><T55/><D115/><U2/><E2/><V77/><F77/><W10/><G124/><T15/><D131/><U127/><E127/><V49/><F105/><W61/><G130/><T31/><D1/><U53/><E34/><V110/><F110/><W107/><G111/><T114/><D114/><U6/><E74/><V104/><F104/><W44/><G133/><T80/><D40/><U72/><E72/><V122/><F122/><W20/><G33/><T3/><D3/><U17/><E98/><V68/><F68/><W88/><G39/><T51/><D31/><U59/><E79/><V35/><F25/><W118/><G10/><T116/><D116/><U108/><E73/><V60/><REACH who="2" step="1"/><F94/><REACH who="2" ten="250,188,302,250" step="2"/><W76/><G76/><T7/><D78/><U134/><E108/><V93/><F93/><W0/><G118/><T16/><D92/><U29/><E134/><V112/><F112/><W23/><G0/><T123/><D83/><U82/><E82/><V47/><F47/><W11/><G44/><N who="0" m="28135" /><D123/><U100/><E71/><V109/><F109/><W106/><G27/><T13/><D7/><N who="1" m="2571" /><E69/><V19/><F19/><W85/><G107/><T4/><D4/><U30/><E100/><V67/><F67/><W129/><G106/><T63/><AGARI ba="0,1" hai="12,13,15,16,18,56,63,64,80,87,90" m="28135" machi="63" ten="30,4000,0" yaku="8,1,52,1,54,1" doraHai="50" who="0" fromWho="0" sc="250,50,188,-10,302,-20,250,-10" /><INIT seed="3,0,0,3,4,39" ten="300,178,282,240" oya="3" hai0="125,114,37,82,12,112,19,81,83,90,4,109,50" hai1="135,34,71,99,13,15,93,27,62,10,49,48,106" hai2="69,103,118,44,75,52,80,41,16,84,72,79,40" hai3="70,38,6,73,100,111,117,59,123,119,26,57,28"/><W31/><G73/><T42/><D37/><U45/><E135/><V64/><F118/><W102/><G38/><T60/><D109/><U47/><E106/><V85/><F103/><W92/><G70/><T53/><D125/><U7/><E15/><V77/><F69/><W5/><G92/><T14/><D42/><U25/><E71/><V32/><F32/><W108/><REACH who="3" step="1"/><G26/><REACH who="3" ten="300,178,282,230" step="2"/><T51/><D82/><U56/><E34/><V8/><F75/><W61/><G61/><T122/><D60/><U35/><E35/><V96/><F72/><W54/><G54/><T68/><D81/><U101/><E48/><N who="2" m="28679" /><F64/><W134/><G134/><T76/><D51/><U116/><E116/><V91/><F77/><W124/><G124/><T30/><D76/><U1/><E1/><V104/><F104/><W120/><AGARI ba="0,1" hai="5,6,28,31,57,59,100,102,108,111,117,119,120,123" machi="120" ten="25,18000,2" yaku="1,1,0,1,22,2,53,2" doraHai="39" doraHaiUra="2" who="3" fromWho="3" sc="300,-60,178,-60,282,-60,230,190" owari="240,4.0,118,-38.2,222,-17.8,420,52.0" /></mjloggm>