<mjloggm ver="2.3"><GO type="225" lobby="0"/><UN n0="%E3%81%BF%E3%81%BF%E3%81%9A" n1="%E3%81%95%E3%81%8D%E3%81%9F%E3%81%BE%E6%9E%97%E6%AA%8E" n2="%E8%81%B7%E6%A5%AD%E3%80%81%E9%A2%A8%32" n3="%E6%80%AA%E3%81%97%E3%81%99%E3%81%8E%E3%82%8B%E3%83%81%E3%83%BC" dan="17,16,16,16" rate="2250.18,2127.87,2160.55,2106.87" sx="M,M,M,M"/><TAIKYOKU oya="0"/><INIT seed="0,0,0,2,4,19" ten="250,250,250,250" oya="0" hai0="104,71,29,97,32,130,95,83,115,55,127,26,44" hai1="121,92,98,132,9,85,64,111,39,94,0,50,133" hai2="46,54,79,87,101,110,1,88,57,7,129,134,22" hai3="66,113,59,3,67,119,11,10,86,16,14,20,30"/><T96/><D115/><U13/><E39/><V23/><F110/><W27/><G113/><T45/><D130/><U102/><E121/><V33/><F33/><W125/><G119/><T6/><D127/><U37/><E37/><V58/><F129/><W18/><G125/><T75/><D6/><U36/><E36/><V72/><F134/><W77/><G3/><T126/><D126/><U76/><E111/><V38/><F101/><W17/><G59/><T31/><D71/><U61/><E0/><V124/><F124/><W43/><G43/><T118/><D118/><U62/><E50/><V60/><F72/><W24/><G24/><T107/><D31/><U106/><E62/><N who="2" m="36151" /><F38/><W41/><G41/><T99/><D95/><U25/><E106/><V68/><F68/><W93/><G77/><T123/><D123/><U2/><E2/><V53/><F1/><W21/><G21/><N who="2" m="7689" /><F7/><N who="3" m="3423" /><G11/><T114/><D114/><U91/><E9/><V105/><F105/><W15/><G15/><T128/><D128/><U52/><E13/><V84/><F46/><W82/><G30/><T122/><D122/><U117/><E117/><V100/><F100/><W80/><G27/><T51/><D45/><U34/><E25/><V108/><F108/><W5/><G5/><T12/><D12/><U49/><E102/><V65/><F65/><N who="3" m="24587" /><G20/><T70/><D70/><U120/><E64/><V63/><F79/><W74/><G74/><T112/><D112/><U131/><E133/><V90/><F60/><W78/><G78/><N who="0" m="44511" /><D107/><U28/><E132/><V89/><AGARI ba="0,0" hai="53,58,63,84,87,88,89,90" m="7689,36151" machi="89" ten="30,8000,1" yaku="8,1,52,3,54,1" doraHai="19" who="2" fromWho="2" sc="250,-40,250,-20,250,80,250,-20" /><INIT seed="1,0,0,4,2,65" ten="210,230,330,230" oya="1" hai0="98,81,114,66,32,96,122,103,99,50,76,87,132" hai1="5,116,42,105,120,41,38,43,95,130,39,107,48" hai2="102,121,26,8,125,78,17,117,83,12,126,35,106" hai3="70,79,112,46,6,86,33,40,85,134,4,91,7"/><U135/><E116/><V77/><F121/><W54/><G112/><T49/><D32/><U31/><E120/><V24/><F117/><W45/><G33/><T64/><D122/><U75/><E75/><V80/><F102/><W21/><G70/><T25/><D114/><U89/><E31/><V63/><F106/><W113/><G113/><T52/><D132/><U94/><E5/><V74/><F63/><W124/><G124/><N who="2" m="47721" /><F35/><W115/><G134/><T123/><D123/><U129/><E135/><V36/><F36/><N who="1" m="13865" /><E48/><V131/><F131/><N who="1" m="50185" /><E89/><V88/><F88/><W110/><G115/><T62/><D103/><U61/><E61/><V90/><F90/><W30/><G91/><T13/><D25/><U69/><E69/><V59/><F59/><W29/><G46/><T22/><D62/><U34/><E34/><V68/><F68/><W11/><G45/><N who="0" m="27695" /><D50/><U118/><E118/><V133/><F133/><W51/><G51/><T16/><AGARI ba="0,0" hai="13,16,22,64,66,76,81,87,96,98,99" m="27695" machi="16" ten="30,4000,0" yaku="8,1,54,2" doraHai="65" who="0" fromWho="0" sc="210,40,230,-20,330,-10,230,-10" /><INIT seed="2,0,0,1,4,31" ten="250,210,320,220" oya="2" hai0="60,22,36,39,37,79,119,41,74,98,120,88,70" hai1="94,116,100,123,102,101,38,0,96,18,93,111,54" hai2="105,53,62,125,40,10,2,67,134,124,131,45,130" hai3="127,59,109,132,27,8,85,33,13,35,57,103,126"/><V32/><F105/><W75/><G75/><T25/><D120/><U55/><E116/><V6/><F32/><N who="3" m="12363" /><G27/><T97/><D119/><U5/><E123/><V76/><F76/><W99/><G85/><T47/><D79/><U92/><E38/><N who="2" m="21655" /><F53/><N who="1" m="19977" /><E0/><V68/><F134/><W50/><G50/><T65/><D74/><U86/><E5/><V121/><F121/><W133/><G109/><T122/><D122/><U135/><E135/><N who="3" m="51786" /><G127/><AGARI ba="0,0" hai="2,6,10,62,67,68,124,125,127,130,131" m="21655" machi="127" ten="30,2900,0" yaku="18,1,23,1" doraHai="31" who="2" fromWho="3" sc="250,0,210,0,320,29,220,-29" /><INIT seed="2,1,0,0,4,73" ten="250,210,349,191" oya="2" hai0="55,104,52,117,116,61,54,102,25,21,125,98,20" hai1="95,135,6,91,85,93,111,77,88,130,67,127,115" hai2="82,30,99,38,13,65,89,96,64,94,129,63,27" hai3="56,90,51,87,59,76,83,41,66,120,121,35,68"/><V1/><F1/><W132/><G132/><T126/><D61/><U36/><E36/><V81/><F38/><W39/><G35/><T15/><D15/><U103/><E67/><V16/><F129/><W122/><G39/><T5/><D5/><U108/><E6/><V97/><F27/><W84/><G68/><T34/><D34/><U114/><E135/><V0/><F0/><W8/><G8/><T43/><D43/><U113/><E130/><V74/><F30/><W49/><G66/><N who="2" m="25705" /><F74/><W48/><REACH who="3" step="1"/><G41/><REACH who="3" ten="250,210,349,181" step="2"/><T42/><D42/><U62/><E127/><N who="0" m="48649" /><D21/><U109/><E62/><V86/><F63/><W110/><G110/><T112/><D112/><U128/><E128/><V40/><F40/><W29/><G29/><AGARI ba="1,1" hai="20,25,29,52,54,55,98,102,104,116,117" m="48649" machi="29" ten="30,2000,0" yaku="18,1,54,1" doraHai="73" who="0" fromWho="3" sc="250,33,210,0,349,0,181,-23" /><INIT seed="3,0,0,1,2,105" ten="283,210,349,158" oya="3" hai0="102,44,124,106,86,36,110,63,118,109,34,130,94" hai1="95,12,5,79,91,61,38,60,74,47,77,122,72" hai2="59,17,37,134,101,88,125,98,56,66,73,131,31" hai3="121,93,123,9,82,117,22,49,108,14,115,90,87"/><W41/><G117/><T129/><D118/><U4/><E47/><V7/><F37/><W39/><G115/><T112/><D34/><U83/><E38/><V107/><F31/><W92/><G108/><N who="0" m="41579" /><D63/><U76/><E122/><V8/><F17/><N who="3" m="8399" /><G39/><T51/><D36/><U120/><E120/><V104/><F104/><W57/><G121/><T67/><D67/><U81/><E79/><V10/><F107/><W2/><G123/><T29/><D29/><U55/><E12/><V116/><F116/><W16/><G2/><T126/><D51/><U48/><E48/><V27/><F66/><W78/><G78/><T84/><D44/><U100/><E100/><V20/><F101/><W114/><G114/><T21/><D21/><U42/><E42/><V11/><F7/><W97/><G97/><N who="0" m="61775" /><D112/><U119/><E119/><V30/><F27/><N who="3" m="14791" /><G41/><T70/><D70/><U135/><E55/><AGARI ba="0,0" hai="49,55,57,82,87,90,92,93" m="14791,8399" machi="55" ten="30,2900,0" yaku="8,1,54,1" doraHai="105" who="3" fromWho="1" sc="283,0,210,-29,349,0,158,29" /><INIT seed="3,1,0,5,3,20" ten="283,181,349,187" oya="3" hai0="121,112,25,65,56,40,62,122,10,27,33,127,74" hai1="78,81,132,53,75,70,69,64,91,80,49,41,59" hai2="124,43,92,87,88,55,11,19,66,24,119,95,29" hai3="71,0,57,126,100,32,105,38,44,79,16,106,22"/><W85/><G126/><T2/><D74/><U7/><E7/><V90/><F119/><W113/><G113/><T68/><D127/><U17/><E132/><V60/><F124/><W58/><G71/><T83/><D112/><U102/><E102/><V133/><F133/><W35/><G0/><T99/><D40/><U37/><E17/><V103/><F103/><W97/><G105/><T61/><D83/><U94/><E81/><V108/><F108/><W42/><G85/><T54/><D99/><U134/><E134/><V89/><F89/><W117/><G79/><T36/><D36/><U45/><E64/><V52/><F43/><W31/><G117/><T39/><D39/><U21/><E21/><N who="2" m="15503" /><F60/><W3/><G3/><T13/><D2/><U123/><E123/><V129/><F66/><W30/><G32/><T28/><REACH who="0" step="1"/><D27/><REACH who="0" ten="273,181,349,187" step="2"/><U104/><E104/><V82/><F82/><W46/><G42/><T110/><D110/><U18/><E18/><AGARI ba="1,1" hai="10,13,18,25,28,33,54,56,61,62,65,68,121,122" machi="18" ten="30,7700,0" yaku="1,1,7,1,52,1,53,1" doraHai="20" doraHaiUra="63" who="0" fromWho="1" sc="273,90,181,-80,349,0,187,0" owari="363,46.3,101,-39.9,349,14.9,187,-21.3" /></mjloggm>