<mjloggm ver="2.3"><GO type="225" lobby="0"/><UN n0="%E9%B4%A8%4E%45%47%49" n1="%E3%81%BF%E3%81%BF%E3%81%9A" n2="%72%69%6F%75%63%68%61%6E" n3="%E6%98%BC%E4%B8%8B%E3%81%8C%E3%82%8A%E3%81%AE%E5%9B%A3%E5%9C%B0%E5%A6%BB" dan="16,18,16,16" rate="2085.54,2232.83,2181.02,2148.65" sx="M,M,M,F"/><TAIKYOKU oya="0"/><INIT seed="0,0,0,4,1,121" ten="250,250,250,250" oya="0" hai0="76,97,67,19,90,31,123,126,115,131,25,16,14" hai1="8,128,119,107,43,45,98,80,93,99,42,30,70" hai2="35,102,40,18,68,127,104,17,108,135,51,54,117" hai3="52,65,6,64,77,13,73,23,28,94,91,57,116"/><T92/><D123/><U58/><E119/><V27/><F117/><W114/><G116/><T86/><D115/><U61/><E128/><V21/><F108/><W46/><G114/><T111/><D131/><U22/><E70/><V66/><F127/><W59/><G73/><T29/><D126/><U56/><E107/><V120/><F135/><W32/><G77/><T133/><D133/><U60/><E80/><V12/><F120/><W0/><G0/><T5/><D67/><N who="3" m="25673" /><G32/><T15/><D111/><U63/><E8/><V20/><F35/><W84/><G6/><T113/><D113/><U72/><E72/><V82/><F40/><N who="1" m="15401" /><E45/><V78/><F104/><W100/><G100/><N who="0" m="60455" /><D76/><U109/><E109/><V37/><F102/><W39/><G39/><T4/><D4/><U112/><E112/><V24/><F37/><W101/><G101/><T49/><D5/><U118/><E118/><V79/><F82/><W125/><G125/><T134/><D134/><U87/><E87/><V41/><F41/><W36/><G36/><T38/><D38/><U69/><E69/><V124/><F124/><W96/><G84/><T106/><D106/><U33/><E33/><V34/><F68/><W110/><G110/><T53/><D86/><U1/><E1/><V7/><F66/><W85/><G85/><T130/><D130/><U47/><E47/><N who="2" m="28031" /><F34/><W11/><G11/><AGARI ba="0,0" hai="7,11,12,17,18,20,21,24,27,78,79" m="28031" machi="11" ten="30,1000,0" yaku="8,1" doraHai="121" who="2" fromWho="3" sc="250,0,250,0,250,10,250,-10" /><INIT seed="1,0,0,4,3,58" ten="250,250,260,240" oya="1" hai0="132,135,11,26,45,116,60,19,40,21,7,27,85" hai1="105,44,50,32,28,46,103,118,95,17,129,15,102" hai2="72,83,33,10,41,63,70,39,62,74,90,48,23" hai3="43,37,4,54,34,117,131,66,130,9,47,25,86"/><U0/><E118/><V22/><F33/><W65/><G117/><T38/><D116/><U30/><E0/><V64/><F39/><W57/><G86/><T77/><D27/><U87/><E129/><N who="3" m="49162" /><G25/><T106/><D106/><U71/><E71/><V53/><F10/><W35/><G35/><T76/><D60/><N who="2" m="23082" /><F70/><W89/><G89/><T88/><D132/><U29/><E32/><V78/><F72/><W82/><G82/><T108/><D135/><U127/><E127/><V93/><F74/><W100/><G100/><T6/><D108/><U101/><E105/><V133/><F133/><W69/><G69/><T68/><D68/><U134/><E134/><V59/><F64/><W113/><G113/><T42/><D38/><U121/><E121/><V126/><F126/><W5/><G34/><T56/><D11/><N who="1" m="6399" /><E50/><N who="2" m="31159" /><F83/><W99/><G5/><N who="0" m="1547" /><D56/><U2/><E2/><V120/><F120/><W97/><G65/><T36/><D36/><U104/><E104/><V75/><F75/><W81/><G66/><T13/><D45/><U114/><E114/><V124/><F124/><W109/><G109/><T98/><D40/><U110/><E110/><V51/><F78/><W123/><G123/><T52/><D42/><U92/><E46/><N who="2" m="25679" /><F51/><N who="3" m="30943" /><G81/><N who="0" m="47271" /><D77/><U128/><E128/><V119/><F119/><W1/><AGARI ba="0,0" hai="1,4,9,37,43,47,97,99" m="30943,49162" machi="1" ten="30,1100,0" yaku="19,1" doraHai="58" who="3" fromWho="3" sc="250,-3,250,-5,260,-3,240,11" /><INIT seed="2,0,0,5,2,13" ten="247,245,257,251" oya="2" hai0="27,87,86,48,60,39,25,43,124,15,95,73,0" hai1="79,33,40,89,70,78,52,23,93,37,66,126,35" hai2="14,7,82,56,68,94,31,80,10,61,41,17,92" hai3="116,4,9,127,132,104,112,58,19,90,55,121,111"/><V128/><F128/><W11/><G116/><T96/><D39/><U38/><E126/><V133/><F133/><W21/><G121/><T1/><D73/><U28/><E70/><V113/><F113/><W100/><G132/><T88/><D124/><U36/><E66/><V135/><F135/><W3/><G127/><T6/><D1/><U2/><E2/><V8/><F68/><W64/><G9/><N who="0" m="4535" /><D0/><U110/><E40/><V91/><F31/><W69/><G112/><T59/><D48/><U42/><E42/><V53/><F41/><W101/><G104/><T71/><D71/><U131/><E110/><V81/><REACH who="2" step="1"/><F91/><REACH who="2" ten="247,245,247,251" step="2"/><W32/><G90/><N who="0" m="55415" /><D43/><U134/><E131/><V114/><F114/><W34/><G69/><T67/><D87/><N who="1" m="52415" /><E134/><V16/><F16/><W65/><G19/><T75/><D75/><U120/><E38/><V115/><F115/><W125/><G125/><T84/><D84/><U57/><E37/><V102/><F102/><W105/><G101/><T20/><D88/><U74/><E36/><V12/><AGARI ba="0,1" hai="7,8,10,12,14,17,53,56,61,80,81,82,92,94" machi="12" ten="30,11700,0" yaku="1,1,0,1,8,1,52,1,53,0" doraHai="13" doraHaiUra="103" who="2" fromWho="2" sc="247,-39,245,-39,247,127,251,-39" /><INIT seed="2,1,0,5,5,18" ten="208,206,374,212" oya="2" hai0="123,67,12,37,134,11,34,71,65,14,128,35,48" hai1="82,93,87,120,73,21,97,75,108,101,50,121,9" hai2="129,126,33,49,29,15,133,6,107,122,90,110,0" hai3="76,20,36,68,5,59,84,58,130,41,43,109,26"/><V1/><F122/><N who="1" m="47209" /><E108/><V80/><F107/><W79/><G68/><T89/><D37/><U47/><E9/><V40/><F110/><W85/><G109/><T111/><D111/><U102/><E21/><V7/><F129/><W46/><G130/><T72/><D128/><U98/><E50/><V114/><F114/><W31/><G41/><T124/><D48/><U103/><E47/><V60/><F126/><W28/><G5/><T51/><D124/><U53/><E53/><V127/><F133/><W96/><G96/><N who="1" m="36970" /><E93/><V81/><F127/><W61/><G31/><T118/><D51/><U112/><E112/><V91/><F49/><W105/><G105/><T88/><D123/><U52/><E52/><V104/><F104/><W94/><G94/><T63/><D11/><U99/><N who="1" m="36978" /><U131/><DORA hai="70" /><E131/><V2/><F60/><W10/><G10/><T100/><D63/><U83/><E83/><V23/><F81/><W106/><G106/><T42/><D71/><U39/><E39/><V64/><F80/><W125/><G125/><T3/><D42/><U16/><E16/><V13/><F40/><W74/><G59/><T54/><D54/><U113/><E113/><V57/><F0/><W56/><G56/><T78/><D3/><U38/><E38/><V55/><F1/><W95/><G95/><T135/><D35/><U45/><E45/><V69/><F2/><W19/><G19/><T17/><D34/><U86/><E82/><V4/><F33/><W25/><G61/><T66/><D17/><U119/><E119/><V44/><F4/><W62/><G62/><RYUUKYOKU ba="1,0" sc="208,-10,206,30,374,-10,212,-10" hai1="73,75,86,87,101,102,103" /><INIT seed="3,2,0,4,5,114" ten="198,236,364,202" oya="3" hai0="40,106,38,10,56,99,79,1,132,6,0,4,48" hai1="44,82,61,39,22,130,122,89,69,7,51,128,24" hai2="85,41,90,113,33,94,2,108,78,31,119,117,87" hai3="63,47,112,93,84,123,11,109,62,54,103,32,65"/><W13/><G112/><T133/><D79/><U21/><E122/><V15/><F2/><W97/><G123/><T131/><D131/><N who="1" m="50219" /><E7/><V83/><F113/><W29/><G109/><T58/><D106/><U12/><E39/><V70/><F108/><W120/><G120/><T53/><D99/><U36/><E36/><V101/><F70/><W46/><G32/><T20/><D20/><U71/><E12/><V3/><F3/><W118/><G29/><T35/><D35/><U81/><E22/><V34/><F41/><W45/><G118/><T77/><D77/><U64/><E89/><V124/><F124/><W86/><G54/><T135/><D38/><U19/><E71/><V68/><F68/><W23/><G23/><T110/><D110/><U127/><E127/><V92/><F33/><W26/><G26/><T96/><D40/><AGARI ba="2,0" hai="19,21,24,40,44,51,61,64,69,81,82" m="50219" machi="40" ten="30,1000,0" yaku="19,1" doraHai="114" who="1" fromWho="0" sc="198,-16,236,16,364,0,202,0" owari="182,-31.8,252,5.2,364,46.4,202,-19.8" /></mjloggm>