<mjloggm ver="2.3"><GO type="225" lobby="0"/><UN n0="%E3%81%82%E3%81%84%E3%81%82%E3%81%8A%E3%81%84" n1="%E6%A1%9C%E8%8A%B1%E9%96%83%E3%80%85" n2="%E7%99%BD%E5%80%89%E5%AF%9B%E4%B9%8B" n3="%E3%80%90%E8%92%BC%E7%90%89%E3%80%91" dan="18,17,16,16" rate="2188.67,2227.56,2140.68,2203.11" sx="M,M,M,F"/><TAIKYOKU oya="0"/><INIT seed="0,0,0,0,3,74" ten="250,250,250,250" oya="0" hai0="124,100,90,73,117,98,103,45,114,94,63,23,30" hai1="133,85,44,57,129,88,122,78,101,102,15,51,31" hai2="134,1,75,40,22,29,66,68,9,5,48,131,37" hai3="111,3,82,25,17,49,120,46,118,55,38,20,91"/><T127/><D114/><U16/><E122/><V112/><F112/><W97/><G118/><T13/><D117/><U81/><E133/><V76/><F134/><W119/><G119/><T108/><D73/><U110/><E110/><V71/><F131/><W33/><G3/><T121/><D121/><U0/><E0/><V115/><F115/><W27/><G111/><T109/><D45/><U35/><E129/><V59/><F29/><W54/><G38/><T24/><D63/><U32/><E57/><V4/><F22/><W56/><G120/><T70/><D70/><U34/><E31/><V11/><F48/><W107/><G33/><T72/><D72/><U7/><E7/><V128/><F59/><W2/><G2/><T21/><D109/><U64/><E78/><V58/><F58/><W36/><G107/><T126/><REACH who="0" step="1"/><D108/><REACH who="0" ten="240,250,250,250" step="2"/><U65/><E65/><V60/><F128/><W18/><G46/><T89/><D89/><U67/><E67/><V105/><F68/><W79/><G54/><T132/><D132/><U8/><E64/><V95/><F66/><W14/><G55/><AGARI ba="0,1" hai="8,15,16,32,34,35,44,51,55,81,85,88,101,102" machi="55" ten="40,8000,1" yaku="25,2,54,2" doraHai="74" who="1" fromWho="3" sc="240,0,250,90,250,0,250,-80" /><INIT seed="1,0,0,2,5,28" ten="240,340,250,170" oya="1" hai0="4,8,91,40,84,11,30,42,81,56,72,12,31" hai1="35,60,110,130,135,25,0,26,44,133,128,54,9" hai2="92,100,64,109,50,107,86,134,96,5,45,123,36" hai3="41,39,113,37,93,82,24,68,13,70,49,87,112"/><U88/><E110/><V58/><F123/><W90/><G24/><N who="1" m="9322" /><E35/><V106/><F109/><W98/><G37/><T78/><D56/><N who="1" m="34839" /><E44/><V3/><F134/><N who="1" m="51209" /><E88/><V105/><F36/><W115/><G39/><T17/><D31/><U57/><E57/><V75/><F75/><W29/><G29/><T21/><D30/><U38/><E38/><V120/><F120/><W124/><G68/><T62/><D62/><U79/><E79/><V108/><F108/><W15/><G70/><T10/><REACH who="0" step="1"/><D4/><AGARI ba="0,0" hai="0,4,9,128,130" m="51209,34839,9322" machi="4" ten="30,1500,0" yaku="20,1" doraHai="28" who="1" fromWho="0" sc="240,-15,340,15,250,0,170,0" /><INIT seed="1,1,0,1,2,14" ten="225,355,250,170" oya="1" hai0="42,43,65,88,103,131,53,130,122,40,48,45,99" hai1="63,105,58,116,85,21,86,41,59,78,114,101,64" hai2="73,77,44,87,123,95,80,0,51,119,110,28,135" hai3="56,7,22,91,89,96,20,67,47,74,109,2,27"/><U79/><E114/><V46/><F0/><W90/><G74/><T120/><D65/><U111/><E116/><V93/><F119/><W5/><G109/><T100/><D88/><N who="3" m="33897" /><G2/><T9/><D9/><U98/><E111/><V82/><F110/><W31/><G47/><T1/><D1/><U61/><E41/><V4/><F123/><N who="0" m="47146" /><D99/><U132/><E132/><V113/><F4/><W76/><G76/><T3/><D3/><U97/><E21/><V92/><F113/><W57/><G20/><T118/><D118/><U106/><REACH who="1" step="1"/><E64/><REACH who="1" ten="225,345,250,170" step="2"/><V102/><F135/><W11/><G67/><T24/><D24/><U36/><E36/><V19/><F102/><AGARI ba="1,1" hai="40,42,43,45,48,53,100,102,103,130,131" m="47146" machi="102" ten="40,1300,0" yaku="13,1" doraHai="14" who="0" fromWho="2" sc="225,26,345,0,250,-16,170,0" /><AGARI ba="1,0" hai="58,59,61,63,78,79,85,86,97,98,101,102,105,106" machi="102" ten="25,4800,0" yaku="1,1,22,2,53,0" doraHai="14" doraHaiUra="12" who="1" fromWho="2" sc="251,0,345,48,234,-48,170,0" /><INIT seed="1,2,0,2,5,119" ten="251,393,186,170" oya="1" hai0="124,80,52,72,74,42,112,2,38,73,16,77,113" hai1="86,67,39,116,8,60,111,62,81,127,12,90,125" hai2="7,109,48,57,99,56,3,130,43,0,17,15,108" hai3="105,44,30,106,94,133,78,28,45,31,33,123,129"/><U9/><E116/><V79/><F130/><W34/><G94/><T89/><D2/><U104/><E39/><V92/><F79/><W121/><G78/><T93/><D124/><N who="1" m="47691" /><E111/><N who="2" m="42571" /><F7/><W35/><G133/><T46/><D74/><U55/><E104/><N who="3" m="40042" /><G129/><T95/><D73/><U53/><E62/><V101/><F43/><W47/><AGARI ba="2,0" hai="28,30,31,33,34,35,44,45,47,121,123" m="40042" machi="47" ten="50,12000,2" yaku="29,2,28,2,52,2" doraHai="119" who="3" fromWho="3" sc="251,-32,393,-62,186,-32,170,126" /><INIT seed="2,0,0,2,2,12" ten="219,331,154,296" oya="2" hai0="65,2,16,56,44,111,130,76,127,27,63,90,93" hai1="1,21,8,117,9,113,97,51,83,19,134,24,69" hai2="91,72,80,4,116,128,34,47,22,43,108,13,67" hai3="5,124,42,20,70,123,85,81,3,118,109,64,11"/><V17/><F34/><W132/><G118/><T112/><D112/><U36/><E113/><V92/><F116/><W119/><G123/><T125/><D2/><U31/><E117/><V40/><F128/><W10/><G119/><T126/><D130/><U50/><E36/><V60/><F108/><W62/><G109/><T18/><D111/><U61/><E134/><V115/><F115/><W78/><G124/><T105/><D105/><U89/><E1/><V57/><F4/><W7/><G42/><T87/><D76/><U110/><E69/><V32/><F32/><W28/><G132/><T73/><D73/><U15/><E61/><V120/><F120/><W35/><G35/><T52/><D27/><U102/><E8/><V0/><F0/><W66/><G66/><T98/><D98/><U95/><E110/><V71/><F71/><W88/><G28/><T68/><D44/><U107/><E83/><V79/><REACH who="2" step="1"/><F47/><REACH who="2" ten="219,331,144,296" step="2"/><W100/><G5/><T6/><REACH who="0" step="1"/><D6/><REACH who="0" ten="209,331,144,296" step="2"/><U53/><E53/><V133/><F133/><W86/><G7/><T25/><D25/><U74/><E74/><V33/><F33/><W48/><G3/><T135/><D135/><U84/><AGARI ba="0,2" hai="9,15,19,21,24,31,50,51,84,89,95,97,102,107" machi="84" ten="20,2700,0" yaku="0,1,7,1,52,1" doraHai="12" who="1" fromWho="1" sc="209,-7,331,47,144,-13,296,-7" /><INIT seed="3,0,0,0,4,77" ten="202,378,131,289" oya="3" hai0="66,0,131,110,33,10,48,95,2,1,22,65,13" hai1="4,58,80,69,112,97,62,120,71,96,14,49,52" hai2="40,114,113,135,43,118,134,29,126,34,86,84,61" hai3="23,6,117,92,75,67,101,90,12,104,124,39,99"/><W129/><G117/><T45/><D33/><U19/><E112/><V102/><F29/><W93/><G39/><T57/><D110/><U122/><E4/><V9/><F34/><W68/><G67/><T63/><D131/><U16/><E80/><V25/><F25/><W60/><G60/><T83/><D66/><U82/><E82/><V70/><F61/><W105/><G68/><T41/><D95/><U109/><E109/><V100/><F70/><W42/><G42/><T111/><D111/><U32/><E32/><V7/><F7/><W74/><G6/><T17/><REACH who="0" step="1"/><D83/><REACH who="0" ten="192,378,131,289" step="2"/><U18/><E71/><V98/><F118/><W116/><G116/><T51/><D51/><U73/><E69/><V36/><F36/><W127/><G129/><T26/><D26/><U56/><E49/><V55/><F126/><W8/><G93/><T119/><D119/><U11/><E62/><V94/><F94/><W35/><G35/><T47/><D47/><U38/><E38/><V76/><F76/><W24/><G24/><T87/><D87/><U88/><E97/><V31/><F31/><W28/><G28/><T133/><D133/><U30/><E96/><V108/><F108/><W54/><G99/><T132/><D132/><U81/><E81/><V107/><F98/><W15/><G124/><T46/><D46/><U128/><E30/><V106/><REACH who="2" step="1"/><F55/><REACH who="2" ten="192,378,121,289" step="2"/><W20/><G54/><T21/><AGARI ba="0,2" hai="0,1,2,10,13,17,21,22,41,45,48,57,63,65" machi="21" ten="40,5200,0" yaku="1,1,0,1,53,1" doraHai="77" doraHaiUra="44" who="0" fromWho="0" sc="192,72,378,-13,121,-13,289,-26" owari="264,6.4,365,46.5,108,-39.2,263,-13.7" /></mjloggm>