<mjloggm ver="2.3"><GO type="225" lobby="0"/><UN n0="%E9%80%86%E9%80%A3%E5%B8%AF%E3%81%AE%E9%AC%BC" n1="%E5%B8%86%E7%AB%8B%E5%A4%8F%E8%A1%A3" n2="%E6%B5%81%E3%82%8C%EF%BC%9F%53%4F%41" n3="%E3%83%A9%E3%82%A4%E3%83%B3%E3%81%AE%E8%99%8E" dan="17,17,17,16" rate="2139.29,2166.79,2247.73,2141.14" sx="M,M,M,M"/><TAIKYOKU oya="0"/><INIT seed="0,0,0,1,0,104" ten="250,250,250,250" oya="0" hai0="54,133,131,27,130,9,108,102,11,47,48,121,35" hai1="59,50,56,84,126,96,64,61,19,114,125,4,106" hai2="71,98,70,67,68,10,80,42,1,123,7,116,105" hai3="101,12,33,95,74,86,49,78,3,66,36,117,129"/><T87/><D121/><U90/><E114/><V73/><F123/><W45/><G3/><T79/><D133/><U18/><E4/><V0/><F116/><W111/><G117/><T52/><D108/><U109/><E109/><V2/><F42/><W24/><G129/><N who="0" m="49163" /><D102/><U6/><E6/><V37/><F37/><W41/><G111/><T112/><D112/><U44/><E59/><V93/><F67/><W29/><G66/><T28/><D54/><U100/><E125/><V82/><F82/><AGARI ba="0,0" hai="9,11,27,28,35,47,48,52,79,82,87" m="49163" machi="82" ten="30,2900,0" yaku="19,1,54,1" doraHai="104" who="0" fromWho="2" sc="250,29,250,0,250,-29,250,0" /><INIT seed="0,1,0,1,4,1" ten="279,250,221,250" oya="0" hai0="10,124,108,85,118,97,84,81,127,4,63,16,64" hai1="87,34,135,91,42,69,14,110,68,133,122,11,0" hai2="67,113,116,79,37,111,80,75,126,39,95,94,53" hai3="103,78,76,48,134,70,5,52,57,88,117,98,6"/><T56/><D118/><U36/><E34/><V13/><F113/><W9/><G117/><T60/><D108/><U32/><E32/><V31/><F116/><W51/><G70/><T19/><D97/><U82/><E122/><V12/><F31/><W21/><G134/><N who="1" m="51210" /><E110/><V65/><F111/><W3/><G5/><T23/><D63/><U131/><E0/><V24/><F24/><W101/><G21/><T54/><D64/><U115/><E115/><V7/><F53/><W77/><REACH who="3" step="1"/><G51/><REACH who="3" ten="279,250,221,240" step="2"/><T120/><D120/><U38/><E131/><V2/><F7/><W46/><G46/><T29/><D127/><U35/><E35/><V15/><F37/><N who="1" m="14441" /><E42/><V8/><F39/><W17/><G17/><AGARI ba="1,1" hai="11,14,17,68,69,82,87,91" m="14441,51210" machi="17" ten="30,1000,0" yaku="20,1" doraHai="1" who="1" fromWho="3" sc="279,0,250,23,221,0,240,-13" /><INIT seed="1,0,0,3,3,76" ten="279,273,221,227" oya="1" hai0="75,24,87,38,74,55,81,46,4,102,15,19,103" hai1="98,65,70,134,6,26,21,5,109,57,86,104,56" hai2="0,25,50,105,120,32,97,119,43,96,64,20,106" hai3="85,45,28,133,51,37,3,61,135,130,12,17,18"/><U11/><E134/><N who="3" m="51210" /><G130/><T67/><D67/><U93/><E109/><V42/><F119/><W58/><G3/><T16/><D24/><U77/><E104/><V62/><F32/><W78/><G37/><T113/><D113/><U124/><E70/><V41/><F0/><W29/><G18/><T7/><D38/><U8/><E124/><V101/><F50/><W117/><G117/><T1/><D1/><U34/><E34/><V115/><F120/><W39/><G39/><T132/><D132/><U13/><E86/><V88/><F88/><W54/><G78/><T49/><D75/><U84/><E84/><V122/><F122/><W23/><G85/><T107/><D19/><U99/><E77/><V126/><F126/><W111/><G111/><T121/><D74/><U112/><E112/><V100/><F115/><W90/><G90/><N who="0" m="51567" /><D107/><U68/><E68/><V31/><REACH who="2" step="1"/><F41/><AGARI ba="0,0" hai="12,17,23,28,29,41,45,51,54,58,61" m="51210" machi="41" ten="30,1000,0" yaku="20,1" doraHai="76" who="3" fromWho="2" sc="279,0,273,0,221,-10,227,10" /><INIT seed="2,0,0,3,3,91" ten="279,273,211,237" oya="2" hai0="131,109,26,50,76,114,39,6,45,32,25,13,75" hai1="59,95,74,47,60,51,113,88,135,107,117,53,82" hai2="12,119,118,96,94,46,63,67,3,126,64,5,85" hai3="19,31,89,71,78,65,40,79,124,62,69,16,7"/><V87/><F3/><W42/><G124/><T36/><D114/><U11/><E113/><V70/><F126/><W130/><G130/><T49/><D131/><U77/><E117/><V48/><F118/><W110/><G110/><T58/><D109/><U38/><E135/><V9/><F119/><W23/><G69/><T104/><D104/><U115/><E107/><V98/><F98/><W134/><G134/><T18/><D6/><U15/><E115/><V132/><F64/><W22/><G7/><T24/><D32/><U122/><E38/><V100/><REACH who="2" step="1"/><F132/><REACH who="2" ten="279,273,201,237" step="2"/><W116/><G116/><T34/><D34/><U86/><E122/><V56/><F56/><W125/><G65/><T4/><D58/><U101/><E101/><V73/><F73/><W127/><G127/><T102/><D75/><U28/><E28/><V129/><F129/><W72/><G72/><T2/><D102/><U80/><E74/><V97/><F97/><W103/><G103/><T33/><D2/><U14/><E14/><V27/><F27/><W30/><G125/><T54/><D13/><U57/><E57/><V68/><F68/><W35/><G71/><T83/><D25/><U8/><E15/><V61/><F61/><W1/><G62/><T93/><D26/><U66/><E77/><V20/><F20/><W111/><G111/><T123/><D76/><U133/><E133/><V128/><F128/><W108/><G108/><T55/><D24/><U92/><E11/><V120/><F120/><W52/><G1/><T90/><D123/><U121/><E8/><V106/><F106/><W43/><G35/><RYUUKYOKU ba="0,1" sc="279,-10,273,-10,201,30,237,-10" hai2="5,9,12,46,48,63,67,70,85,87,94,96,100" /><INIT seed="2,1,1,4,5,49" ten="269,263,231,227" oya="2" hai0="130,57,59,47,127,43,33,9,41,35,5,16,48" hai1="60,113,103,108,119,69,73,67,106,123,85,120,107" hai2="22,12,51,77,45,61,11,112,56,92,50,25,74" hai3="104,79,58,131,83,128,72,8,116,38,71,98,102"/><V132/><F112/><W81/><G71/><T1/><D130/><N who="3" m="49705" /><G38/><T68/><D127/><U96/><E113/><V76/><F74/><N who="3" m="43255" /><G8/><T21/><D68/><U0/><E108/><V126/><F126/><W90/><G58/><T44/><D59/><U19/><E119/><V75/><F75/><W66/><G66/><T133/><D57/><U118/><E118/><V20/><F132/><W27/><G27/><T7/><D7/><U87/><E73/><V91/><F25/><W23/><G23/><N who="2" m="8745" /><F11/><W40/><G40/><T18/><D133/><U62/><E0/><V129/><F12/><W2/><G2/><T117/><D117/><U70/><E19/><V88/><F129/><W111/><G116/><T13/><REACH who="0" step="1"/><D18/><REACH who="0" ten="259,263,231,227" step="2"/><U78/><E67/><N who="2" m="39335" /><F50/><AGARI ba="1,2" hai="1,5,9,13,16,21,33,35,41,43,44,47,48,50" machi="50" ten="30,7700,0" yaku="1,1,7,1,9,1,54,1,53,0" doraHai="49" doraHaiUra="134" who="0" fromWho="2" sc="259,100,263,0,231,-80,227,0" /><INIT seed="3,0,0,5,0,96" ten="359,263,151,227" oya="3" hai0="15,58,50,95,9,101,32,103,17,122,123,8,135" hai1="81,54,57,78,53,0,34,26,91,24,102,25,109" hai2="71,27,133,67,86,61,100,93,82,118,51,64,7" hai3="48,29,16,134,14,4,37,80,92,41,129,31,3"/><W5/><G37/><T63/><D32/><U22/><E109/><V88/><F118/><W44/><G129/><T69/><D135/><U45/><E0/><V55/><F133/><W19/><G134/><T1/><D69/><U77/><E34/><V33/><F7/><N who="3" m="2635" /><G3/><T11/><D50/><U76/><E22/><V117/><F117/><W130/><G130/><T106/><D106/><U70/><E70/><V13/><F13/><W99/><G80/><T114/><D114/><U23/><E23/><V87/><F64/><W98/><G98/><T126/><D126/><U60/><E45/><V84/><F27/><W12/><G12/><T49/><D1/><U112/><E112/><V68/><F33/><W46/><G46/><T6/><D6/><U128/><E128/><V97/><REACH who="2" step="1"/><F68/><REACH who="2" ten="359,263,141,227" step="2"/><W59/><G14/><T116/><D15/><U104/><E26/><V113/><F113/><W108/><G108/><T121/><D116/><U2/><E25/><V52/><F52/><W132/><G132/><T56/><D8/><U73/><E24/><V85/><F85/><W62/><G29/><T20/><D9/><U110/><E110/><V21/><F21/><W35/><G31/><T115/><D11/><U125/><E2/><V72/><F72/><W38/><G35/><T18/><D115/><U124/><E54/><V74/><F74/><W66/><G19/><T79/><D17/><U90/><E125/><V36/><F36/><W47/><G16/><T94/><D18/><U107/><E124/><V39/><F39/><W10/><G38/><T83/><D20/><U28/><E73/><RYUUKYOKU ba="0,1" sc="359,-10,263,-10,141,30,227,-10" hai2="51,55,61,67,71,82,84,86,87,88,93,97,100" owari="359,45.9,253,5.3,171,-32.9,217,-18.3" /></mjloggm>