<mjloggm ver="2.3"><GO type="225" lobby="0"/><UN n0="%E6%A1%9C%E6%B2%A2%E5%A2%A8" n1="%77%72%77%72%77%72%77%72" n2="%E3%83%B4%E3%82%A3%E3%83%AF%E3%82%B3%E3%82%B0%E3%83%8B" n3="%E3%83%8F%E3%83%B3%E3%83%89%E3%83%A9%E3%83%BC%E3%83%BB%E3%83%AF%E3%83%B3" dan="17,17,17,17" rate="2141.01,2180.13,2213.75,2239.05" sx="F,M,M,M"/><TAIKYOKU oya="0"/><INIT seed="0,0,0,0,0,48" ten="250,250,250,250" oya="0" hai0="52,77,36,3,84,5,72,120,49,45,66,90,4" hai1="131,82,111,46,110,117,75,1,73,33,10,23,39" hai2="85,50,47,21,78,20,129,11,6,9,98,80,43" hai3="59,67,65,87,63,0,79,16,101,128,19,92,27"/><T68/><D120/><U56/><E117/><V7/><F129/><W93/><G0/><T126/><D126/><U22/><E33/><V35/><F35/><W17/><G128/><T122/><D122/><U55/><E131/><V104/><F104/><W106/><G106/><T30/><D30/><U54/><E1/><V41/><F41/><W113/><G113/><T58/><D3/><U107/><E107/><V44/><F47/><W74/><G74/><T94/><D72/><U109/><E10/><N who="2" m="3595" /><F98/><W76/><G27/><T34/><D34/><U26/><E82/><V61/><F61/><W97/><G67/><T42/><D77/><U119/><E119/><V8/><N who="2" m="3603" /><V51/><DORA hai="112" /><F51/><W134/><G134/><T37/><D37/><U124/><E124/><V57/><F57/><W69/><G69/><T62/><AGARI ba="0,0" hai="4,5,36,42,45,49,52,58,62,66,68,84,90,94" machi="62" ten="30,12000,1" yaku="0,1,24,2,52,1,54,1" doraHai="48,112" who="0" fromWho="0" sc="250,120,250,-40,250,-40,250,-40" /><INIT seed="0,1,0,5,2,48" ten="370,210,210,210" oya="0" hai0="115,78,120,97,41,125,36,98,75,129,7,100,64" hai1="135,113,15,63,10,5,65,69,119,80,77,131,82" hai2="101,114,14,105,8,1,117,51,19,37,49,27,99" hai3="20,73,86,107,102,30,59,126,21,50,108,6,62"/><T68/><D115/><U3/><E119/><V25/><F114/><W74/><G108/><T76/><D120/><U43/><E113/><V89/><F37/><W103/><G126/><T55/><D125/><U110/><E110/><V31/><F117/><W44/><G6/><T70/><D129/><U32/><E131/><V84/><F1/><W93/><G74/><T121/><D121/><U132/><E32/><V42/><F42/><W0/><G73/><T23/><D7/><U26/><E26/><V34/><REACH who="2" step="1"/><F27/><REACH who="2" ten="370,210,200,210" step="2"/><W72/><G0/><T122/><D41/><U35/><E43/><V47/><F47/><W118/><G118/><T13/><D36/><U17/><E35/><V67/><F67/><W130/><G44/><T116/><D64/><U88/><E3/><V38/><F38/><W96/><G130/><T9/><D116/><U56/><E135/><V85/><F85/><W11/><G72/><T22/><D75/><U57/><E132/><V52/><F52/><W71/><G86/><T18/><D55/><U45/><E45/><V54/><F54/><W58/><G96/><T87/><D97/><U81/><E77/><V124/><F124/><W4/><G50/><T66/><D66/><U123/><E123/><V90/><F90/><W40/><G40/><T60/><D122/><U104/><E88/><V91/><F91/><W134/><G134/><T53/><D78/><U24/><E104/><V83/><AGARI ba="1,1" hai="8,14,19,25,31,34,49,51,83,84,89,99,101,105" machi="83" ten="20,2700,0" yaku="1,1,0,1,7,1,53,0" doraHai="48" doraHaiUra="39" who="2" fromWho="2" sc="370,-14,210,-8,200,40,210,-8" /><INIT seed="1,0,0,2,5,47" ten="356,202,240,202" oya="1" hai0="51,110,22,127,120,118,33,30,68,26,92,87,66" hai1="4,130,15,125,70,111,27,24,85,99,34,132,96" hai2="94,98,14,46,113,86,72,23,21,6,31,65,126" hai3="122,80,106,128,58,49,63,95,131,29,134,88,79"/><U8/><E70/><V48/><F126/><W129/><G122/><T7/><D118/><U16/><E125/><V13/><F72/><W19/><G106/><T37/><D37/><U18/><E130/><V39/><F113/><W91/><G134/><T20/><D127/><U43/><E132/><V9/><F39/><W97/><G29/><T105/><D105/><U83/><E111/><V123/><F123/><W59/><G19/><N who="1" m="7210" /><E34/><V38/><F38/><W50/><G91/><T84/><D7/><U109/><E109/><V41/><F13/><W76/><G76/><T40/><D110/><U90/><E43/><V3/><F3/><W103/><G103/><T114/><D114/><U53/><E53/><V82/><F31/><W78/><G78/><T133/><D133/><U17/><N who="1" m="7218" /><U60/><DORA hai="52" /><E60/><V62/><F86/><N who="3" m="48415" /><G59/><T25/><D120/><U102/><E102/><V73/><F82/><W2/><G2/><T32/><D68/><U61/><E61/><V75/><F75/><W67/><AGARI ba="0,0" hai="49,50,58,63,67,88,95,97,128,129,131" m="48415" machi="67" ten="30,8000,1" yaku="19,1,52,3,54,1" doraHai="47,52" who="3" fromWho="3" sc="356,-20,202,-40,240,-20,202,80" /><INIT seed="2,0,0,0,5,35" ten="336,162,220,282" oya="2" hai0="100,71,90,5,86,46,15,82,123,33,11,131,126" hai1="32,78,95,114,75,59,28,102,68,51,74,135,98" hai2="111,18,103,120,65,54,97,44,25,128,29,12,49" hai3="55,23,45,13,85,43,42,113,83,107,38,69,108"/><V117/><F120/><W52/><G107/><T48/><D123/><U127/><E114/><V129/><F117/><W116/><G116/><T73/><D126/><U63/><E135/><V22/><F65/><W58/><G69/><T21/><D131/><U2/><E127/><V101/><F111/><W130/><G108/><T94/><D33/><U67/><E78/><V1/><F1/><W72/><G72/><T53/><D71/><U39/><E39/><V104/><REACH who="2" step="1"/><F103/><REACH who="2" ten="336,162,210,282" step="2"/><W20/><G113/><T41/><D100/><U99/><E2/><V66/><F66/><W17/><G130/><T118/><D118/><U50/><E68/><V93/><F93/><W6/><G38/><T34/><D34/><AGARI ba="0,1" hai="12,18,22,25,29,34,44,49,54,97,101,104,128,129" machi="34" ten="40,2000,0" yaku="1,1,53,0" doraHai="35" doraHaiUra="91" who="2" fromWho="0" sc="336,-20,162,0,210,30,282,0" /><INIT seed="2,1,0,2,3,68" ten="316,162,240,282" oya="2" hai0="22,134,6,53,103,106,75,58,19,56,100,77,114" hai1="70,83,112,79,41,47,29,125,80,87,40,14,82" hai2="66,96,27,65,60,121,99,72,31,76,11,119,42" hai3="133,28,95,9,74,4,124,46,67,90,45,39,111"/><V81/><F121/><W2/><G74/><T126/><D114/><U21/><E112/><V97/><F119/><W7/><G111/><T12/><D134/><U54/><E125/><V35/><F42/><W122/><G122/><T130/><D126/><U23/><E70/><V86/><F11/><W38/><G124/><T135/><D135/><U51/><E29/><V43/><F43/><W120/><G120/><T91/><D130/><U20/><E14/><V37/><F37/><W84/><G133/><T104/><D75/><U1/><E1/><V69/><REACH who="2" step="1"/><F65/><REACH who="2" ten="316,162,230,282" step="2"/><W115/><G67/><T63/><D6/><U49/><REACH who="1" step="1"/><E41/><REACH who="1" ten="316,152,230,282" step="2"/><V13/><F13/><W102/><G115/><T10/><D12/><U98/><E98/><V17/><F17/><W88/><G2/><T34/><D19/><U128/><E128/><V61/><F61/><W8/><G4/><T92/><D63/><U0/><E0/><V71/><F71/><W109/><G7/><T110/><D110/><U93/><E93/><V101/><F101/><W50/><G109/><T132/><D103/><U85/><E85/><AGARI ba="1,2" hai="27,31,35,60,66,69,72,76,81,85,86,96,97,99" machi="85" ten="40,2000,0" yaku="1,1,53,0" doraHai="68" doraHaiUra="55" who="2" fromWho="1" sc="316,0,152,-23,230,43,282,0" /><INIT seed="2,2,0,1,4,33" ten="316,129,273,282" oya="2" hai0="103,35,96,39,99,5,21,29,10,31,34,81,57" hai1="95,84,130,104,61,85,125,7,62,68,72,120,78" hai2="101,77,47,74,28,88,76,60,110,107,122,67,37" hai3="26,46,106,108,91,54,20,135,27,19,116,105,109"/><V75/><F122/><W43/><G116/><T73/><D39/><U30/><E7/><V132/><F132/><W65/><G135/><T92/><D21/><U51/><E30/><V69/><F110/><N who="3" m="42603" /><G65/><T87/><D73/><U114/><E51/><V119/><F119/><W45/><G91/><T56/><D96/><U25/><E25/><N who="3" m="9226" /><G54/><T42/><D42/><U111/><E111/><V100/><F28/><N who="0" m="10826" /><D35/><U4/><E4/><V24/><F24/><N who="3" m="14367" /><G46/><T82/><D34/><U70/><E120/><V8/><F107/><W133/><G133/><T11/><D82/><U89/><E89/><V117/><F117/><W113/><G113/><T86/><D86/><U59/><E114/><V129/><F47/><W0/><G0/><T14/><D87/><U112/><E112/><V97/><F37/><AGARI ba="2,0" hai="37,43,45,105,106" m="14367,9226,42603" machi="37" ten="30,1000,0" yaku="14,1" doraHai="33" who="3" fromWho="2" sc="316,0,129,0,273,-16,282,16" /><INIT seed="3,0,0,0,2,76" ten="316,129,257,298" oya="3" hai0="119,10,109,90,103,33,39,116,135,14,111,80,1" hai1="114,26,95,16,66,106,97,67,71,5,35,74,55" hai2="87,105,86,52,88,17,4,40,30,43,134,32,3" hai3="79,131,53,31,125,6,0,75,34,41,20,127,9"/><W69/><G69/><T7/><D33/><U8/><E114/><V84/><F105/><W13/><G41/><N who="2" m="15945" /><F32/><W130/><G34/><T115/><D39/><U110/><E110/><N who="0" m="41993" /><D115/><U12/><E106/><V21/><F3/><W18/><G31/><T54/><D135/><U73/><E71/><V102/><F30/><W68/><G68/><T23/><D103/><U112/><E112/><V37/><F37/><W91/><G91/><T60/><D80/><U61/><E35/><V65/><F4/><W56/><G79/><T107/><D90/><U59/><E74/><V108/><F108/><W15/><G75/><T93/><D93/><U64/><E73/><V100/><F65/><W98/><G98/><T36/><D107/><U99/><REACH who="1" step="1"/><E95/><REACH who="1" ten="316,119,257,298" step="2"/><N who="2" m="54663" /><F134/><W19/><G131/><T22/><D116/><U42/><E42/><V117/><F117/><W48/><REACH who="3" step="1"/><G130/><REACH who="3" ten="316,119,257,288" step="2"/><T92/><D119/><U28/><E28/><V82/><F102/><W47/><G47/><T94/><D36/><U57/><E57/><V51/><F100/><W45/><G45/><T89/><D94/><U44/><E44/><N who="2" m="27751" /><F82/><W29/><G29/><T63/><D92/><U128/><E128/><V24/><AGARI ba="0,2" hai="17,21,24,86,87" m="27751,54663,15945" machi="24" ten="30,4000,0" yaku="8,1,54,2" doraHai="76" who="2" fromWho="2" sc="316,-10,119,-10,257,60,288,-20" owari="306,10.6,109,-39.1,317,41.7,268,-13.2" /></mjloggm>