<mjloggm ver="2.3"><GO type="225" lobby="0"/><UN n0="%E5%91%A8%E6%9D%B1" n1="%E3%83%96%E3%83%83%E3%83%91%E3%82%AA%E3%83%96%E3%83%81%E3%82%AD%E3%83%B3" n2="%E3%83%B4%E3%83%A0%EF%BC%99%E3%81%A6" n3="%E7%89%B9%E6%9D%B1%E5%96%B0%E8%B5%A4%E9%80%9F" dan="17,16,16,16" rate="2155.20,2147.17,2133.83,2036.35" sx="M,M,M,M"/><TAIKYOKU oya="0"/><INIT seed="0,0,0,4,1,47" ten="250,250,250,250" oya="0" hai0="123,8,85,125,24,101,54,31,80,68,132,9,98" hai1="91,30,113,126,88,62,102,100,83,128,86,18,33" hai2="6,21,103,107,50,79,96,104,42,84,119,78,89" hai3="87,14,25,27,3,10,12,116,51,52,82,75,55"/><T22/><D125/><U77/><E126/><V16/><F119/><W44/><G116/><T106/><D132/><U53/><E128/><V95/><F6/><W73/><G3/><T57/><D68/><U81/><E113/><V59/><F104/><W1/><G1/><T105/><D106/><U34/><E34/><V130/><F130/><W0/><G0/><T11/><D123/><U36/><E36/><V26/><REACH who="2" step="1"/><F42/><REACH who="2" ten="250,250,240,250" step="2"/><W29/><G73/><T76/><REACH who="0" step="1"/><D11/><REACH who="0" ten="240,250,240,250" step="2"/><U110/><E110/><V69/><F69/><W108/><G10/><T118/><D118/><U74/><E102/><V99/><F99/><W4/><G108/><T109/><D109/><U58/><E100/><V129/><F129/><W117/><G117/><T90/><D90/><U37/><E91/><V15/><F15/><W35/><G12/><T49/><AGARI ba="0,2" hai="8,9,22,24,31,49,54,57,76,80,85,98,101,105" machi="49" ten="20,12000,1" yaku="1,1,0,1,7,1,52,1,53,1" doraHai="47" doraHaiUra="48" who="0" fromWho="0" sc="240,140,250,-40,240,-40,250,-40" /><INIT seed="0,1,0,5,5,76" ten="380,210,200,210" oya="0" hai0="57,114,122,101,83,3,36,81,98,82,12,59,42" hai1="105,5,87,58,71,116,67,53,113,34,41,86,40" hai2="104,97,70,29,15,103,27,19,77,22,64,45,30" hai3="35,134,120,63,52,54,72,62,133,132,94,24,60"/><T109/><D3/><U37/><E116/><V69/><F64/><W89/><G72/><T115/><D122/><U91/><E34/><V65/><F65/><W117/><G117/><T127/><D127/><U79/><E105/><V17/><F77/><W1/><G1/><T46/><D109/><U49/><E113/><V78/><F78/><W32/><G120/><T93/><REACH who="0" step="1"/><D12/><REACH who="0" ten="370,210,200,210" step="2"/><U11/><E37/><V88/><F69/><W47/><G24/><T13/><D13/><U118/><E71/><V23/><F70/><W14/><G14/><T128/><D128/><U50/><E118/><V7/><F7/><W124/><G124/><T0/><D0/><U38/><E5/><V80/><REACH who="2" step="1"/><F45/><REACH who="2" ten="370,210,190,210" step="2"/><W107/><G47/><T16/><D16/><U56/><E67/><V26/><F26/><W100/><G133/><T135/><D135/><U125/><E125/><V74/><F74/><W90/><G134/><T20/><D20/><U51/><E11/><V99/><F99/><W129/><G132/><T2/><D2/><U8/><E8/><V85/><AGARI ba="1,2" hai="15,17,19,22,23,27,29,30,80,85,88,97,103,104" machi="85" ten="30,7900,0" yaku="1,1,0,1,52,1,54,1,53,0" doraHai="76" doraHaiUra="121" who="2" fromWho="2" sc="370,-40,210,-21,190,102,210,-21" /><INIT seed="1,0,0,5,5,38" ten="330,189,292,189" oya="1" hai0="32,31,109,129,61,107,102,23,101,24,88,119,120" hai1="89,46,40,75,58,103,15,85,127,117,118,37,5" hai2="10,122,47,71,41,90,42,81,20,7,1,69,65" hai3="99,135,110,74,95,116,34,16,52,132,44,13,28"/><U66/><E75/><V128/><F122/><W121/><G74/><T131/><D119/><U80/><E127/><V105/><F105/><W115/><G115/><T17/><D120/><U56/><E103/><V72/><F128/><N who="0" m="49226" /><D107/><U22/><E58/><V0/><F0/><W77/><G77/><T43/><D109/><U53/><E66/><V36/><F65/><W6/><G6/><T39/><D61/><U59/><E59/><V4/><F4/><W3/><G3/><T125/><D125/><U94/><E80/><V60/><F60/><W83/><G83/><T33/><D33/><U123/><E123/><V48/><F90/><W57/><G110/><T55/><D55/><U134/><E134/><N who="3" m="51242" /><G57/><T126/><D126/><U50/><REACH who="1" step="1"/><E5/><REACH who="1" ten="330,179,292,189" step="2"/><V100/><F100/><W29/><G121/><T27/><D102/><U64/><E64/><V130/><F130/><W76/><G116/><T35/><D101/><U112/><E112/><V12/><F81/><W26/><G76/><T98/><D88/><U82/><E82/><V63/><F72/><W86/><G95/><T97/><D35/><U104/><E104/><V93/><F93/><W30/><G99/><T14/><D97/><U67/><E67/><V78/><F78/><W124/><G124/><T96/><D98/><U19/><AGARI ba="0,1" hai="15,19,22,37,40,46,50,53,56,85,89,94,117,118" machi="19" ten="30,12000,1" yaku="1,1,0,1,25,2,52,1,53,0" doraHai="38" doraHaiUra="108" who="1" fromWho="1" sc="330,-40,179,130,292,-40,189,-40" /><INIT seed="1,1,0,3,4,42" ten="290,309,252,149" oya="1" hai0="135,130,57,20,8,70,101,64,48,86,44,50,77" hai1="41,81,62,73,26,91,2,80,6,58,51,39,71" hai2="87,124,99,94,3,118,55,46,126,17,97,111,22" hai3="60,129,47,14,16,28,88,49,19,104,52,121,128"/><U122/><E122/><V103/><F118/><W119/><G121/><T134/><D130/><N who="3" m="50281" /><G104/><T9/><D101/><U120/><E120/><V67/><F3/><W35/><G119/><T105/><D70/><U65/><E73/><V112/><F67/><W43/><G35/><T84/><D105/><U96/><E26/><V15/><F111/><W127/><G28/><T45/><D20/><U29/><E29/><V56/><F112/><W61/><G127/><N who="2" m="48681" /><F46/><N who="0" m="18026" /><D77/><U10/><E39/><V123/><F123/><W83/><G43/><T132/><D64/><U69/><E69/><V82/><F103/><W72/><G72/><T110/><D110/><U0/><E0/><V18/><F18/><N who="3" m="6699" /><G14/><T37/><D37/><U74/><E74/><V31/><F31/><W85/><AGARI ba="1,0" hai="47,49,52,60,61,83,85,88" m="6699,50281" machi="85" ten="30,8000,1" yaku="19,1,52,1,54,3" doraHai="42" who="3" fromWho="3" sc="290,-21,309,-41,252,-21,149,83" /><INIT seed="2,0,0,0,3,68" ten="269,268,231,232" oya="2" hai0="10,2,46,110,7,117,35,18,66,135,21,5,76" hai1="123,89,105,64,51,95,15,31,127,81,24,107,37" hai2="44,45,34,27,59,80,115,85,120,3,9,16,72" hai3="130,48,53,106,97,134,73,101,103,92,116,56,113"/><V26/><F115/><W74/><G116/><T43/><D110/><U20/><E37/><V0/><F72/><W129/><G113/><T42/><D117/><U63/><E127/><V57/><F120/><W78/><G134/><T12/><D135/><U93/><E123/><V126/><F126/><W58/><G78/><T67/><D35/><U28/><E28/><V94/><F94/><W61/><G92/><T6/><D43/><U77/><E95/><V47/><F0/><W99/><G99/><T33/><D33/><U132/><E51/><V87/><F3/><W49/><G48/><T23/><D76/><U124/><E15/><N who="2" m="7279" /><F34/><W11/><G11/><T133/><D133/><U82/><E124/><V17/><F85/><W109/><G103/><T131/><D131/><N who="3" m="50185" /><G109/><T29/><D2/><U30/><E132/><V86/><F86/><W112/><G112/><T71/><D71/><U114/><E114/><V122/><F122/><W100/><G100/><T102/><D102/><U83/><E107/><V121/><F121/><W90/><G90/><T98/><D98/><N who="1" m="57647" /><E105/><V54/><F17/><W84/><G84/><T41/><D41/><U36/><E77/><N who="2" m="46479" /><F54/><AGARI ba="0,0" hai="49,53,54,56,58,61,73,74,97,101,106" m="50185" machi="54" ten="30,1000,0" yaku="19,1" doraHai="68" who="3" fromWho="2" sc="269,0,268,0,231,-10,232,10" /><INIT seed="3,0,0,1,4,32" ten="269,268,221,242" oya="3" hai0="13,109,50,16,33,4,100,84,110,70,73,118,3" hai1="121,128,108,82,92,57,27,95,44,80,111,134,2" hai2="71,24,41,56,15,0,91,30,83,6,115,127,69" hai3="75,19,37,66,133,119,39,65,122,61,47,78,74"/><W7/><G122/><T11/><D73/><U43/><E121/><V28/><F115/><W51/><G19/><T5/><D118/><U45/><E128/><V58/><F15/><W88/><G119/><T9/><D70/><U104/><E104/><V46/><F127/><W124/><G124/><T20/><D33/><U132/><E57/><V98/><F69/><W55/><G78/><T123/><D123/><U60/><E60/><V48/><F71/><W52/><G7/><T72/><D72/><U116/><E116/><V53/><F24/><W130/><G130/><T25/><D100/><U79/><E79/><V102/><F91/><W93/><G74/><T107/><D107/><U36/><E27/><V89/><F89/><W1/><G1/><T10/><D10/><U42/><E36/><V21/><F83/><W49/><G75/><T29/><D84/><U97/><E97/><V99/><F21/><W120/><G133/><T67/><D67/><N who="3" m="25609" /><G37/><T131/><D131/><U112/><REACH who="1" step="1"/><E2/><REACH who="1" ten="269,258,221,242" step="2"/><V76/><F76/><W12/><G39/><T17/><D50/><U106/><E106/><N who="2" m="63831" /><F99/><N who="3" m="57767" /><G61/><T125/><D125/><U38/><E38/><N who="2" m="21815" /><F56/><N who="3" m="32783" /><G120/><T68/><D68/><U62/><E62/><V54/><F54/><W86/><G12/><T34/><D34/><U135/><E135/><V77/><F77/><W59/><G59/><T94/><D94/><U105/><E105/><V26/><F26/><W114/><G114/><AGARI ba="0,1" hai="42,43,44,45,80,82,92,95,108,111,112,114,132,134" machi="114" ten="25,3200,0" yaku="1,1,22,2,53,0" doraHai="32" doraHaiUra="18" who="1" fromWho="3" sc="269,0,258,42,221,0,242,-32" owari="269,6.9,300,40.0,221,-17.9,210,-29.0" /></mjloggm>