<mjloggm ver="2.3"><GO type="225" lobby="0"/><UN n0="%E7%B4%94%E6%BD%94%E3%83%94%E3%83%A9%E3%83%8B%E3%82%A2" n1="%72%65%6E%6B%75%6E" n2="%33%74%72%65%65" n3="%E3%82%BC%E3%83%AB%E3%83%80%E3%81%AE%E4%BC%9D%E8%AA%AC" dan="17,17,16,17" rate="2190.37,2168.55,2069.00,2102.33" sx="M,M,F,M"/><TAIKYOKU oya="0"/><INIT seed="0,0,0,2,3,117" ten="250,250,250,250" oya="0" hai0="12,118,33,110,126,26,29,104,38,50,82,31,101" hai1="57,67,92,14,46,77,55,107,87,70,25,133,6" hai2="129,69,93,8,119,128,11,20,49,65,10,135,125" hai3="116,86,68,90,15,56,120,5,40,19,132,35,30"/><T112/><D118/><U113/><E107/><V64/><F119/><W134/><G116/><T48/><D112/><U124/><E113/><V45/><F135/><N who="3" m="51755" /><G68/><T60/><D38/><U16/><E133/><V54/><F125/><W18/><G40/><T109/><D126/><U100/><E70/><V79/><F79/><W127/><G127/><T27/><D12/><U63/><E124/><V88/><F20/><W123/><G5/><T71/><D82/><N who="1" m="47567" /><E25/><V76/><F76/><W61/><G30/><T39/><D39/><U24/><E24/><V85/><REACH who="2" step="1"/><F69/><REACH who="2" ten="250,250,240,250" step="2"/><W97/><G35/><N who="0" m="20919" /><D71/><U21/><E6/><V34/><F34/><W73/><G73/><T58/><D101/><U91/><E100/><V37/><F37/><W106/><G19/><T74/><D74/><U32/><E32/><V72/><F72/><W94/><G106/><T9/><D104/><U22/><E22/><V2/><F2/><W108/><G108/><N who="0" m="41579" /><D9/><U105/><E105/><V122/><F122/><W121/><G121/><T115/><D115/><U17/><E17/><V7/><F7/><W75/><G75/><T84/><D84/><N who="1" m="52327" /><E21/><V41/><F41/><W78/><G86/><T1/><D1/><U51/><E16/><V102/><F102/><W0/><G0/><T111/><D111/><U89/><E14/><V81/><F81/><W13/><G13/><T99/><D99/><U36/><E36/><V42/><F42/><W130/><G123/><T96/><D96/><U23/><E23/><V66/><AGARI ba="0,1" hai="8,10,11,45,49,54,64,65,66,85,88,93,128,129" machi="66" ten="40,5200,0" yaku="1,1,0,1,54,1,53,0" doraHai="117" doraHaiUra="59" who="2" fromWho="2" sc="250,-26,250,-13,240,62,250,-13" /><INIT seed="1,0,0,2,1,20" ten="224,237,302,237" oya="1" hai0="49,82,97,28,45,51,109,61,32,135,65,23,36" hai1="84,52,129,79,46,67,112,110,18,50,87,40,5" hai2="92,130,64,3,91,98,100,89,27,133,10,120,101" hai3="90,11,35,105,71,62,6,43,13,103,108,116,115"/><U96/><E112/><V85/><F120/><W54/><G115/><T104/><D109/><U37/><E129/><V74/><F130/><W1/><G108/><T9/><D135/><U42/><E110/><V127/><F133/><W121/><G121/><T63/><D32/><U55/><E5/><V83/><F127/><W29/><G116/><T22/><D36/><U122/><E122/><V114/><F114/><W99/><G90/><T66/><D82/><U38/><E96/><V93/><F64/><N who="3" m="41367" /><G54/><T128/><D9/><U53/><E79/><V78/><F3/><W17/><G43/><N who="1" m="16426" /><E18/><V0/><F0/><W12/><G17/><T72/><D97/><U41/><E87/><V39/><F39/><N who="1" m="14857" /><E84/><V131/><F131/><W75/><G75/><T60/><D72/><U15/><E15/><V56/><F10/><W48/><G48/><T88/><D88/><U81/><E81/><V125/><F125/><W76/><G76/><T80/><D80/><U16/><E16/><V59/><F89/><W95/><G95/><T25/><D128/><U68/><E67/><V69/><F100/><W26/><AGARI ba="0,0" hai="1,6,11,12,13,26,29,35,99,103,105" m="41367" machi="26" ten="30,2000,0" yaku="25,1,52,1" doraHai="20" who="3" fromWho="3" sc="224,-5,237,-10,302,-5,237,20" /><INIT seed="2,0,0,2,3,128" ten="219,227,297,257" oya="2" hai0="112,44,75,71,134,90,12,67,38,15,21,46,40" hai1="6,89,29,122,118,129,117,4,45,64,13,123,47" hai2="20,41,69,16,42,99,34,58,127,102,56,55,113" hai3="33,111,120,88,86,78,126,0,91,72,52,131,49"/><V54/><F113/><W104/><G120/><N who="1" m="46122" /><E129/><V7/><F34/><W130/><G33/><T28/><D112/><U18/><E64/><V93/><F69/><W61/><G0/><T87/><D75/><U97/><E29/><V82/><F7/><N who="1" m="2601" /><E89/><V76/><F127/><W108/><G61/><T103/><D103/><U32/><E32/><V121/><F121/><W73/><G126/><T10/><D10/><N who="1" m="6455" /><E97/><V17/><F76/><W63/><G91/><T22/><D67/><U1/><E1/><V39/><F82/><W79/><G130/><T115/><D115/><U105/><E105/><V35/><F35/><W119/><G104/><T19/><D71/><U2/><E2/><V53/><F17/><W101/><G101/><T27/><D15/><U11/><E11/><V51/><F39/><W116/><G116/><AGARI ba="0,0" hai="45,47,116,117,118" m="6455,2601,46122" machi="116" ten="30,1000,0" yaku="13,1" doraHai="128" who="1" fromWho="3" sc="219,0,227,10,297,0,257,-10" /><INIT seed="3,0,0,2,2,123" ten="219,237,297,247" oya="3" hai0="49,109,104,77,48,135,64,7,54,35,72,108,43" hai1="130,62,69,45,2,16,81,52,101,27,116,73,133" hai2="65,21,76,20,114,41,14,36,110,57,74,61,34" hai3="107,106,40,33,90,24,127,93,70,111,15,98,3"/><W97/><G3/><T50/><D135/><U115/><E2/><V91/><F114/><W78/><G70/><T100/><D35/><U5/><E115/><V129/><F34/><W105/><G40/><T26/><D64/><U132/><E5/><V55/><F110/><N who="0" m="42602" /><D26/><U63/><E101/><V80/><F129/><W71/><G111/><T102/><D43/><U117/><E130/><V39/><F41/><W4/><G71/><T1/><D104/><U47/><E81/><V51/><F91/><W22/><G127/><T82/><D54/><U124/><E73/><V68/><F14/><W12/><G33/><T89/><D89/><U85/><E85/><V17/><F39/><W30/><G4/><T53/><D53/><U119/><E124/><V66/><F36/><W126/><G126/><T86/><D72/><U11/><E69/><V120/><F66/><W88/><G78/><T99/><D99/><U128/><E128/><V121/><F121/><W83/><G83/><T58/><D58/><N who="1" m="35143" /><E63/><V23/><F120/><W37/><G37/><T13/><D1/><U29/><E29/><V92/><F92/><AGARI ba="0,0" hai="12,15,22,24,30,88,90,92,93,97,98,105,106,107" machi="92" ten="40,3900,0" yaku="9,1,54,1" doraHai="123" who="3" fromWho="2" sc="219,0,237,0,297,-39,247,39" /><INIT seed="3,1,0,0,5,9" ten="219,237,258,286" oya="3" hai0="106,20,61,51,80,114,8,67,133,124,122,14,69" hai1="62,46,34,125,99,44,29,105,130,37,23,56,11" hai2="91,103,50,79,10,117,21,58,33,59,88,82,65" hai3="127,7,5,55,78,81,111,118,84,54,39,77,97"/><W57/><G118/><T42/><D122/><U95/><E125/><V74/><F117/><W90/><G39/><T4/><D124/><U30/><E130/><V100/><F33/><W6/><G127/><T72/><D106/><U101/><E34/><V86/><F74/><W131/><G131/><T94/><D114/><U49/><E37/><V17/><F10/><W2/><G2/><T96/><D133/><U0/><E105/><V116/><F116/><W121/><G121/><T35/><D35/><U60/><E60/><N who="2" m="38039" /><F59/><W85/><G111/><T43/><D51/><U45/><E49/><V93/><F50/><N who="3" m="30935" /><G55/><T109/><D109/><U19/><E11/><V128/><F128/><W36/><G36/><T38/><D38/><U119/><E0/><V26/><F79/><N who="3" m="46143" /><G97/><AGARI ba="1,0" hai="17,21,26,82,86,88,91,93,97,100,103" m="38039" machi="97" ten="30,2000,0" yaku="8,1,54,1" doraHai="9" who="2" fromWho="3" sc="219,0,237,0,258,23,286,-23" /><INIT seed="4,0,0,5,3,106" ten="219,237,281,263" oya="0" hai0="86,68,116,129,93,28,50,108,126,87,67,41,55" hai1="43,66,103,98,122,81,16,85,10,3,128,21,112" hai2="110,100,47,117,40,77,130,59,124,58,127,49,71" hai3="123,72,15,70,78,125,99,46,107,33,90,56,25"/><T120/><D116/><U92/><E122/><V12/><F117/><W96/><G56/><N who="2" m="21545" /><F77/><W84/><G70/><T37/><D120/><U64/><E128/><V23/><F100/><W83/><G123/><T34/><D129/><U60/><E43/><V97/><F97/><W53/><G125/><N who="2" m="48201" /><F130/><W6/><G53/><T24/><D126/><U115/><E10/><V9/><F71/><W0/><G0/><T118/><D118/><U18/><E3/><V29/><F110/><W45/><G15/><T20/><D108/><U73/><E73/><V94/><F94/><N who="3" m="54599" /><G6/><T63/><D93/><U101/><E101/><V95/><F95/><W11/><G96/><T42/><D42/><U88/><E18/><V8/><F12/><W39/><G11/><T105/><D105/><U76/><E76/><V32/><F32/><W38/><G25/><AGARI ba="0,0" hai="8,9,23,25,29,40,47,49" m="48201,21545" machi="25" ten="30,1000,0" yaku="18,1" doraHai="106" who="2" fromWho="3" sc="219,0,237,0,281,10,263,-10" /><INIT seed="5,0,0,0,4,102" ten="219,237,291,253" oya="1" hai0="34,65,58,35,104,28,78,48,113,105,12,20,17" hai1="27,26,43,47,5,83,39,3,22,111,61,89,127" hai2="25,87,88,30,95,42,99,112,130,84,91,68,100" hai3="53,6,13,38,45,107,37,66,129,18,52,97,93"/><U85/><E127/><V69/><F130/><W10/><G129/><T51/><D113/><U4/><E111/><V8/><F112/><W133/><G133/><T70/><D78/><U0/><E27/><V80/><F8/><W21/><G66/><T74/><D74/><U116/><E116/><V15/><F15/><W60/><G107/><T54/><D51/><U19/><REACH who="1" step="1"/><E61/><REACH who="1" ten="219,227,291,253" step="2"/><V103/><F25/><W49/><G60/><T79/><D28/><U125/><E125/><V32/><F30/><W131/><G131/><T132/><D132/><U46/><E46/><V122/><F122/><W86/><G86/><T101/><D79/><U50/><E50/><V16/><F84/><W76/><G76/><T29/><D29/><U124/><E124/><V23/><F87/><W57/><G45/><T134/><D134/><U118/><E118/><V75/><F75/><W98/><G38/><T33/><REACH who="0" step="1"/><D101/><REACH who="0" ten="209,227,291,253" step="2"/><U135/><E135/><V14/><F100/><W81/><G37/><T123/><D123/><U67/><E67/><V7/><F103/><W96/><G49/><T108/><D108/><U63/><E63/><AGARI ba="0,2" hai="12,17,20,33,34,35,48,54,58,63,65,70,104,105" machi="63" ten="40,8000,1" yaku="1,1,52,2,53,1" doraHai="102" doraHaiUra="56" who="0" fromWho="1" sc="209,100,227,-80,291,0,253,0" owari="309,40.9,147,-35.3,291,9.1,253,-14.7" /></mjloggm>