<mjloggm ver="2.3"><GO type="225" lobby="0"/><UN n0="%72%69%6F%75%63%68%61%6E" n1="%E6%81%AC%E6%B7%A1%E5%AF%82%E5%AF%9E" n2="%E3%81%BD%E3%81%A1%E3%81%9F%E3%81%93%E3%82%84" n3="%6B%75%72%69%73%75" dan="16,16,17,16" rate="2128.86,2123.44,2192.09,2169.99" sx="M,F,M,M"/><TAIKYOKU oya="0"/><INIT seed="0,0,0,0,4,18" ten="250,250,250,250" oya="0" hai0="2,47,43,40,67,51,23,1,12,42,35,98,8" hai1="11,19,3,107,75,122,118,45,29,32,89,21,83" hai2="5,72,78,100,105,44,109,113,79,120,17,14,48" hai3="4,24,16,46,64,99,117,93,116,28,81,30,65"/><T134/><D134/><U38/><E107/><V10/><F120/><W114/><G114/><T77/><D35/><U91/><E118/><V68/><F113/><W70/><G116/><T128/><D128/><U123/><E91/><V104/><F68/><W6/><G117/><T85/><D67/><N who="3" m="25673" /><G81/><N who="0" m="47279" /><D98/><U102/><E89/><V96/><F109/><W90/><G46/><T27/><D1/><U57/><E57/><V131/><F131/><W88/><G90/><T66/><D2/><U62/><E62/><V135/><F135/><W106/><G106/><T55/><D66/><U127/><E102/><V63/><F63/><W25/><G70/><T41/><D55/><U119/><E119/><V112/><F112/><W126/><G126/><T130/><D130/><U74/><E127/><V86/><F72/><W54/><G54/><T56/><D56/><U97/><E75/><V82/><F79/><W61/><G61/><T76/><D76/><U73/><E73/><V36/><F36/><W101/><G101/><T59/><D59/><U22/><E38/><V133/><F133/><W132/><G132/><T129/><D129/><U115/><E74/><V80/><F80/><W94/><G94/><T15/><D8/><U110/><E83/><V125/><F125/><W124/><G124/><T49/><D51/><U50/><E115/><V87/><F87/><W111/><G111/><T71/><D71/><U33/><E110/><V13/><F104/><W39/><G39/><T103/><D103/><U9/><E123/><V52/><F5/><N who="3" m="2155" /><G25/><T53/><N who="0" m="10240" /><DORA hai="58" /><T7/><D7/><N who="1" m="1279" /><E122/><V95/><F105/><RYUUKYOKU ba="0,0" sc="250,10,250,-30,250,10,250,10" hai0="12,15,23,27,47,49,53" hai2="10,13,14,17,44,48,52,78,82,86,95,96,100" hai3="16,24,28,30,88,93,99" /><INIT seed="0,1,0,1,3,132" ten="260,220,260,260" oya="0" hai0="133,75,34,52,20,0,4,73,13,63,86,55,96" hai1="107,68,104,81,119,71,117,126,19,14,18,74,15" hai2="50,27,44,8,31,30,54,67,124,90,93,78,62" hai3="24,60,56,61,91,80,12,125,77,17,25,28,108"/><T47/><D133/><U66/><E74/><V23/><F124/><W2/><G2/><T26/><D96/><U102/><E66/><V111/><F111/><W114/><G114/><T21/><D0/><U36/><E81/><V53/><F78/><W134/><G108/><T72/><D86/><U95/><E36/><V6/><F54/><W103/><G134/><T5/><D34/><U76/><E95/><V118/><F118/><W112/><G112/><T16/><D55/><U39/><E39/><V7/><F30/><W38/><G38/><T129/><D129/><U94/><E94/><V82/><F82/><W37/><G37/><T49/><REACH who="0" step="1"/><D63/><REACH who="0" ten="250,220,260,260" step="2"/><U40/><E119/><V135/><F135/><W120/><G61/><T128/><D128/><U46/><E117/><V10/><F6/><W57/><G60/><T11/><D11/><U22/><E76/><V48/><F7/><W122/><G77/><T64/><D64/><U116/><E116/><V58/><REACH who="2" step="1"/><F50/><REACH who="2" ten="250,220,250,260" step="2"/><W115/><G115/><T101/><D101/><U3/><E102/><V9/><F9/><W99/><G103/><T1/><D1/><U42/><E3/><V127/><F127/><W92/><G125/><T84/><D84/><AGARI ba="1,2" hai="8,10,23,27,31,44,48,53,58,62,67,84,90,93" machi="84" ten="30,3900,0" yaku="1,1,7,1,8,1,53,0" doraHai="132" doraHaiUra="131" who="2" fromWho="0" sc="250,-42,220,0,250,62,260,0" /><INIT seed="1,0,0,3,3,16" ten="208,220,312,260" oya="1" hai0="105,74,14,123,13,90,135,64,103,62,113,102,23" hai1="39,83,46,35,121,20,60,82,65,133,91,129,94" hai2="85,70,132,7,84,73,26,45,28,134,43,128,114" hai3="120,9,12,55,89,99,101,117,115,67,37,100,96"/><U97/><E35/><V58/><F70/><W68/><G115/><T131/><D113/><U17/><E121/><V104/><F73/><W53/><G120/><T124/><D123/><U130/><E133/><N who="2" m="51307" /><F128/><N who="1" m="49257" /><E46/><V18/><F104/><W81/><G37/><T87/><D131/><U86/><E39/><N who="2" m="21759" /><F7/><W27/><G117/><T6/><D124/><U93/><E93/><V36/><F36/><W48/><G27/><T0/><D74/><U108/><E108/><V33/><F114/><W69/><G67/><T106/><D135/><U119/><E119/><V31/><F31/><W110/><G110/><T19/><D106/><U52/><E97/><V72/><F72/><W1/><G1/><T57/><D0/><U15/><E52/><V127/><F127/><W109/><G109/><T116/><D105/><U95/><E94/><V2/><F2/><W25/><G55/><T50/><D116/><U11/><E11/><V21/><F58/><AGARI ba="0,0" hai="15,17,20,58,60,65,82,83,86,91,95" m="49257" machi="58" ten="30,2900,0" yaku="19,1,52,1" doraHai="16" who="1" fromWho="2" sc="208,0,220,29,312,-29,260,0" /><INIT seed="1,1,0,0,0,39" ten="208,249,283,260" oya="1" hai0="17,108,31,45,99,10,78,121,4,94,79,30,68" hai1="95,5,15,103,36,62,125,91,57,106,46,38,34" hai2="71,120,58,13,101,32,83,134,126,23,118,73,77" hai3="124,97,33,27,48,20,122,40,113,7,6,70,84"/><U65/><E34/><V92/><F71/><W43/><G113/><T35/><D108/><U42/><E106/><V82/><F32/><W37/><G122/><T3/><D121/><U131/><E103/><V85/><F120/><W110/><G33/><T128/><D128/><U61/><E131/><V93/><F118/><W130/><G70/><T19/><D68/><U29/><E29/><V18/><F134/><W44/><G130/><T41/><D17/><U105/><E105/><V98/><F126/><W123/><G123/><T135/><D19/><U129/><E125/><V81/><F73/><W11/><G124/><T63/><D63/><U12/><E38/><V50/><F93/><W100/><G110/><T87/><D135/><U89/><E129/><V49/><F49/><W9/><G84/><T16/><D16/><U66/><E5/><N who="3" m="1546" /><G37/><T86/><D86/><U88/><REACH who="1" step="1"/><E95/><REACH who="1" ten="208,239,283,260" step="2"/><V115/><F115/><W8/><G100/><N who="0" m="60535" /><D35/><U112/><E112/><V107/><F107/><W133/><G133/><T55/><D30/><U80/><E80/><V69/><F83/><W132/><G132/><T56/><D31/><U22/><E22/><V117/><F82/><W104/><G104/><T114/><D114/><U0/><E0/><V1/><F1/><W59/><G20/><T14/><D3/><U24/><E24/><V52/><F117/><W102/><G27/><T54/><D4/><U2/><E2/><V127/><F127/><W67/><G102/><T75/><D10/><U26/><E26/><V21/><F23/><W76/><G8/><T64/><D14/><U119/><E119/><RYUUKYOKU ba="1,1" sc="208,-15,239,15,283,15,260,-15" hai1="12,15,36,42,46,57,61,62,65,66,88,89,91" hai2="13,18,21,50,52,58,69,77,81,85,92,98,101" /><INIT seed="1,2,1,0,1,50" ten="193,254,298,245" oya="1" hai0="54,52,78,35,10,9,12,23,38,18,26,125,41" hai1="44,53,4,84,32,85,77,120,91,21,99,86,7" hai2="131,115,105,102,100,116,56,27,81,130,6,62,128" hai3="112,92,49,68,74,83,11,61,108,33,28,5,75"/><U40/><E32/><V51/><F116/><W89/><G112/><T24/><D125/><U70/><E70/><V30/><F115/><W90/><G108/><T42/><D78/><U73/><E120/><V64/><F105/><W22/><G33/><T55/><D38/><U121/><E121/><V107/><F107/><W60/><G68/><T126/><D126/><U134/><E73/><V129/><F129/><W2/><G89/><T127/><D127/><U0/><E0/><V96/><F96/><W3/><G3/><T118/><D118/><U93/><E77/><V113/><F113/><W25/><G49/><T71/><D71/><U20/><E40/><N who="0" m="15465" /><D35/><U79/><E79/><V29/><F81/><W45/><G45/><T114/><D114/><U109/><E134/><V58/><F6/><N who="1" m="2089" /><E109/><V135/><F135/><W47/><G47/><T17/><D24/><U98/><E98/><V111/><F111/><W66/><G83/><T57/><D9/><U34/><E34/><N who="2" m="20799" /><F30/><W13/><G2/><T87/><D87/><U1/><E1/><V110/><F110/><W103/><G75/><T37/><D37/><U101/><E101/><V65/><F65/><W80/><G66/><T133/><D133/><U39/><E39/><V43/><F43/><W15/><G15/><T88/><D88/><U119/><E119/><V122/><F122/><W8/><G8/><T16/><D17/><U132/><E132/><V19/><F19/><W63/><G74/><T117/><D117/><U106/><E106/><V97/><F97/><N who="3" m="59815" /><G90/><T72/><D72/><U104/><E104/><V69/><F69/><RYUUKYOKU ba="2,1" sc="193,0,254,0,298,0,245,0" hai0="10,12,16,18,23,26,52,54,55,57" hai1="20,21,44,53,84,85,86,91,93,99" hai2="51,56,58,62,64,100,102,128,130,131" hai3="5,11,13,22,25,28,60,61,63,80" /><INIT seed="1,3,1,3,1,41" ten="193,254,298,245" oya="1" hai0="47,3,31,97,115,81,111,14,77,7,65,121,37" hai1="42,54,59,55,94,22,114,79,90,108,125,69,129" hai2="109,40,33,67,30,86,58,88,104,105,0,106,18" hai3="117,128,110,8,2,92,74,39,135,46,4,62,84"/><U130/><E69/><V28/><F109/><W25/><G110/><T132/><D111/><U102/><E108/><V78/><F0/><W45/><G74/><T127/><D115/><U80/><E114/><V20/><F78/><W27/><G39/><T87/><D127/><U118/><E102/><V123/><F33/><W112/><G112/><T5/><D132/><U120/><E118/><V119/><F123/><W76/><G135/><T1/><D121/><U60/><E120/><V21/><F21/><W100/><G128/><N who="1" m="49258" /><E42/><V12/><F40/><W64/><G117/><T43/><D65/><N who="1" m="39071" /><E22/><V34/><F34/><W134/><G134/><T15/><D97/><N who="1" m="57559" /><E125/><V95/><F119/><W10/><G10/><T57/><D57/><U122/><E122/><V133/><F133/><W9/><G9/><T24/><D5/><U44/><E44/><N who="3" m="17002" /><G2/><T36/><D37/><U73/><AGARI ba="3,1" hai="54,55,73,79,80" m="57559,39071,49258" machi="73" ten="30,1500,0" yaku="19,1" doraHai="41" who="1" fromWho="1" sc="193,-8,254,34,298,-8,245,-8" /><INIT seed="1,4,0,0,4,73" ten="185,288,290,237" oya="1" hai0="25,115,72,116,98,16,96,133,4,91,66,37,22" hai1="111,110,44,132,130,48,49,7,24,119,50,43,99" hai2="77,19,39,8,75,15,104,62,101,97,59,131,102" hai3="2,94,51,108,64,6,34,127,10,42,29,18,13"/><U23/><E119/><V40/><F131/><W123/><G123/><T71/><D133/><U38/><E130/><V86/><F75/><W26/><G108/><N who="1" m="41514" /><E132/><V28/><F102/><W60/><G127/><T122/><D115/><U45/><E7/><V100/><F101/><W134/><G134/><T46/><D116/><U21/><E99/><V61/><F28/><W103/><G103/><T32/><D122/><U118/><E118/><V5/><F39/><W58/><G94/><T1/><D32/><U113/><E21/><V105/><F40/><W47/><REACH who="3" step="1"/><G18/><REACH who="3" ten="185,288,290,227" step="2"/><T135/><D16/><N who="1" m="12391" /><E113/><V14/><F105/><W12/><AGARI ba="4,1" hai="2,6,10,12,13,26,29,34,42,47,51,58,60,64" machi="12" ten="30,4000,0" yaku="1,1,0,1,53,1" doraHai="73" doraHaiUra="20" who="3" fromWho="3" sc="185,-14,288,-24,290,-14,227,62" /><INIT seed="2,0,0,3,3,71" ten="171,264,276,289" oya="2" hai0="83,31,85,27,63,64,10,2,17,1,20,92,117" hai1="84,75,8,86,21,93,94,38,58,15,49,65,103" hai2="115,68,101,42,70,30,123,55,47,97,32,111,59" hai3="95,0,34,62,3,135,109,132,127,107,28,78,100"/><V108/><F30/><W69/><G95/><T114/><D114/><U41/><E38/><N who="2" m="21975" /><F32/><W124/><G78/><T12/><D117/><U116/><E75/><V121/><F97/><N who="3" m="61839" /><G109/><N who="2" m="42057" /><F101/><W23/><G23/><T57/><REACH who="0" step="1"/><D92/><REACH who="0" ten="161,264,276,289" step="2"/><U126/><E116/><V104/><F115/><W73/><G135/><T19/><D19/><U88/><E103/><V13/><F104/><W52/><G132/><T129/><D129/><U53/><E94/><V14/><F70/><W112/><G112/><T6/><D6/><U96/><E93/><V36/><F68/><W26/><G69/><T122/><D122/><N who="2" m="46602" /><F36/><W48/><G28/><T130/><D130/><U98/><E98/><V54/><F54/><W80/><G52/><T44/><D44/><U120/><E120/><V106/><F106/><W67/><G3/><T4/><D4/><U56/><E96/><V33/><F33/><W74/><G0/><T77/><AGARI ba="0,1" hai="1,2,10,12,17,20,27,31,57,63,64,77,83,85" machi="77" ten="20,2700,0" yaku="1,1,0,1,7,1,53,0" doraHai="71" doraHaiUra="118" who="0" fromWho="0" sc="161,37,264,-7,276,-13,289,-7" /><INIT seed="3,0,0,3,1,66" ten="198,257,263,282" oya="3" hai0="75,87,86,77,105,5,37,10,41,121,126,3,15" hai1="35,74,72,52,58,34,43,1,114,112,8,39,107" hai2="20,129,29,115,65,104,60,53,47,44,82,91,25" hai3="133,103,109,73,106,11,123,6,18,132,26,14,89"/><W119/><G119/><T59/><D126/><U85/><E107/><V13/><F115/><W46/><G123/><T127/><D127/><U23/><E23/><V110/><F110/><W4/><G73/><N who="1" m="28266" /><E85/><V134/><F104/><W99/><G109/><T9/><D121/><U97/><E97/><V40/><F129/><W19/><G46/><N who="0" m="23855" /><D105/><U63/><E58/><N who="2" m="37015" /><F40/><W102/><G102/><T108/><D108/><U81/><E81/><V70/><F70/><W135/><G89/><T124/><D124/><U57/><E57/><V21/><F53/><W51/><G51/><T84/><D59/><U130/><E52/><V55/><F55/><W98/><G98/><T48/><D48/><U28/><E63/><V88/><F134/><W125/><G125/><T31/><D31/><U92/><E28/><V118/><F118/><W27/><G18/><N who="0" m="8559" /><D84/><U16/><E16/><N who="2" m="10255" /><F91/><W30/><G27/><T64/><D64/><U122/><E122/><V71/><F71/><W61/><G61/><T49/><D49/><U96/><E39/><V111/><F111/><W45/><G45/><T68/><D68/><U69/><E69/><V113/><F113/><W50/><G50/><T67/><D67/><U78/><E43/><V0/><F0/><W101/><G101/><T90/><D90/><N who="1" m="55319" /><E112/><V100/><F100/><W95/><G106/><T120/><D120/><U7/><E114/><V80/><F80/><AGARI ba="0,0" hai="3,5,10,75,77,80,86,87" m="8559,23855" machi="80" ten="30,1000,0" yaku="25,1" doraHai="66" who="0" fromWho="2" sc="198,10,257,0,263,-10,282,0" /><INIT seed="4,0,0,3,1,73" ten="208,257,253,282" oya="0" hai0="61,106,33,24,76,49,8,2,101,84,85,42,60" hai1="32,52,125,116,121,90,46,9,37,97,107,88,98" hai2="115,5,6,47,19,87,59,40,112,99,83,79,39" hai3="80,3,78,113,77,68,114,50,100,0,130,123,54"/><T10/><D106/><U53/><E32/><V22/><F99/><N who="1" m="37897" /><E107/><V111/><F111/><W48/><G68/><T129/><D129/><U131/><E37/><V17/><F17/><W26/><G130/><T27/><D101/><U132/><E116/><V75/><F75/><W15/><G123/><T7/><D33/><U94/><E121/><V31/><F31/><W81/><G100/><T28/><D8/><U35/><E35/><V127/><F127/><W13/><G54/><N who="1" m="21098" /><E132/><V96/><F59/><W41/><G41/><T93/><D93/><U20/><E125/><V51/><F39/><W74/><G74/><T12/><D2/><U86/><E46/><V18/><F96/><W133/><G26/><N who="0" m="9771" /><D28/><U62/><E131/><V64/><F64/><W134/><AGARI ba="0,0" hai="0,3,13,15,48,50,77,78,80,81,113,114,133,134" machi="134" ten="25,8000,1" yaku="0,1,22,2,52,2" doraHai="73" who="3" fromWho="3" sc="208,-40,257,-20,253,-20,282,80" owari="168,-33.2,237,3.7,233,-16.7,362,46.2" /></mjloggm>