<mjloggm ver="2.3"><GO type="225" lobby="0"/><UN n0="%E3%82%8F%E3%81%8B%E3%81%B0%2A%E3%82%AC%E3%83%BC%E3%83%AB" n1="%E6%97%A5%E6%9B%9C%E6%97%A5%E3%82%88%E3%82%8A%E3%81%AE%E4%BD%BF%E8%80%85" n2="%72%69%6F%75%63%68%61%6E" n3="%E3%81%8B%E3%82%8F%E3%81%A1%E3%82%83%E3%82%93%35%38" dan="16,17,16,16" rate="2071.00,2263.61,2131.51,2147.10" sx="M,M,M,M"/><TAIKYOKU oya="0"/><INIT seed="0,0,0,4,3,0" ten="250,250,250,250" oya="0" hai0="118,78,66,35,56,73,123,97,82,30,18,92,127" hai1="109,68,44,37,2,112,13,75,131,62,5,59,60" hai2="15,21,110,105,50,27,91,98,84,64,26,19,8" hai3="111,46,10,74,102,17,87,36,14,39,61,22,33"/><T12/><D118/><U48/><E75/><V134/><F110/><W133/><G74/><T42/><D123/><U96/><E2/><V88/><F134/><W71/><G33/><T76/><D76/><U6/><E109/><V120/><F120/><W79/><G111/><T20/><D127/><U40/><E131/><V89/><F64/><W41/><G102/><T29/><D42/><U72/><E72/><V122/><F122/><W115/><G115/><T4/><D35/><U117/><E117/><V34/><F34/><W94/><G133/><T101/><D66/><U124/><E124/><V103/><F50/><W99/><G61/><T28/><REACH who="0" step="1"/><D56/><REACH who="0" ten="240,250,250,250" step="2"/><U130/><E59/><V114/><F114/><W43/><G43/><T16/><D16/><U95/><E112/><V108/><F108/><W25/><G71/><T69/><D69/><U121/><E68/><V52/><F52/><W51/><G79/><T85/><D85/><U7/><E121/><V132/><F132/><W93/><G87/><T54/><D54/><U9/><E130/><V116/><F116/><W65/><G65/><T53/><D53/><U67/><E67/><V80/><REACH who="2" step="1"/><F27/><REACH who="2" ten="240,250,240,250" step="2"/><W129/><G129/><T70/><D70/><U1/><E37/><V83/><F83/><W77/><G39/><T90/><D90/><N who="1" m="55415" /><E1/><V128/><F128/><W81/><G36/><T86/><D86/><U31/><E31/><AGARI ba="0,2" hai="8,15,19,21,26,31,80,84,88,89,91,98,103,105" machi="31" ten="30,7700,0" yaku="1,1,7,1,54,1,53,1" doraHai="0" doraHaiUra="100" who="2" fromWho="1" sc="240,0,250,-77,240,97,250,0" /><INIT seed="1,0,0,5,0,130" ten="240,173,337,250" oya="1" hai0="1,58,123,132,48,70,115,35,56,28,57,76,94" hai1="89,12,0,120,22,55,97,129,125,121,99,122,36" hai2="112,47,73,74,75,64,135,116,77,50,29,124,95" hai3="84,11,131,38,27,134,8,110,41,25,46,133,127"/><U90/><E0/><V14/><F135/><N who="3" m="51723" /><G131/><T4/><D115/><U68/><E129/><V23/><F77/><W82/><G110/><T32/><D70/><U45/><E68/><V5/><F64/><W17/><G127/><T52/><D132/><U102/><E125/><V69/><F95/><W107/><G107/><T67/><D76/><U114/><E114/><V39/><F23/><N who="3" m="13551" /><G27/><T65/><D123/><U93/><E99/><V24/><F24/><W43/><G43/><T16/><D28/><U106/><E106/><V119/><F29/><W105/><G105/><T40/><D40/><U109/><E109/><V61/><F112/><W53/><G53/><T92/><D32/><U104/><E104/><V21/><F119/><W91/><AGARI ba="0,0" hai="8,11,38,41,46,82,84,91" m="13551,51723" machi="91" ten="30,7900,0" yaku="20,1,52,3" doraHai="130" who="3" fromWho="3" sc="240,-20,173,-39,337,-20,250,79" /><INIT seed="2,0,0,5,5,115" ten="220,134,317,329" oya="2" hai0="11,30,79,45,53,68,111,94,25,13,9,124,59" hai1="37,118,117,24,34,97,43,105,92,66,3,48,28" hai2="51,127,82,23,6,125,76,15,16,52,31,56,10" hai3="86,39,103,29,60,128,88,55,109,100,90,57,133"/><V99/><F31/><W20/><G39/><T32/><D111/><U116/><E3/><V21/><F99/><W130/><G109/><T19/><D68/><U65/><E37/><V54/><F54/><W38/><G38/><T122/><D122/><U73/><E73/><V14/><REACH who="2" step="1"/><F21/><REACH who="2" ten="220,134,307,329" step="2"/><W26/><G133/><T18/><D53/><U8/><E105/><V81/><F81/><N who="3" m="49231" /><G90/><T91/><D91/><U64/><E8/><V61/><F61/><W121/><G121/><T41/><D30/><U50/><REACH who="1" step="1"/><E43/><REACH who="1" ten="220,124,307,329" step="2"/><V114/><F114/><W108/><G108/><T0/><D41/><U71/><E71/><V5/><F5/><W129/><AGARI ba="0,2" hai="20,26,29,55,57,60,100,103,128,129,130" m="49231" machi="129" ten="30,2000,0" yaku="19,1,54,1" doraHai="115" who="3" fromWho="3" sc="220,-5,124,-5,307,-10,329,40" /><INIT seed="3,0,0,5,3,1" ten="215,119,297,369" oya="3" hai0="85,132,79,53,100,37,88,123,111,50,117,84,40" hai1="96,131,135,61,52,18,59,31,72,29,0,101,42" hai2="11,63,83,73,115,68,48,14,19,60,98,2,76" hai3="80,65,25,99,120,44,128,51,28,8,108,97,133"/><W3/><G65/><T32/><D117/><U27/><E72/><V10/><F115/><W90/><G120/><T94/><D123/><U58/><E131/><V116/><F116/><W70/><G70/><T9/><D32/><U119/><E135/><V46/><F68/><W30/><G30/><T78/><D132/><U26/><E119/><V110/><F110/><W105/><G105/><T57/><D111/><U22/><E0/><V35/><F35/><W17/><G108/><T38/><D100/><U121/><E121/><V75/><F75/><W47/><G47/><T56/><D56/><U24/><E42/><V130/><F130/><W93/><G80/><T77/><D40/><U118/><E118/><V109/><F109/><W95/><G133/><T134/><D134/><U33/><E33/><V89/><F98/><W15/><G3/><T54/><D54/><U7/><E7/><V12/><F2/><W87/><G128/><T45/><D9/><U23/><E58/><V6/><REACH who="2" step="1"/><F89/><REACH who="2" ten="215,119,287,369" step="2"/><W34/><G97/><T74/><D74/><U13/><REACH who="1" step="1"/><E31/><REACH who="1" ten="215,109,287,369" step="2"/><V55/><AGARI ba="0,2" hai="6,10,11,12,14,19,46,48,55,60,63,73,76,83" machi="55" ten="20,8000,1" yaku="1,1,2,1,0,1,7,1,52,1,53,0" doraHai="1" doraHaiUra="16" who="2" fromWho="2" sc="215,-20,109,-20,287,100,369,-40" owari="195,-20.5,89,-41.1,387,48.7,329,12.9" /></mjloggm>