<mjloggm ver="2.3"><GO type="225" lobby="0"/><UN n0="%28%EF%BF%A3%E2%96%BD%EF%BF%A3%29%CE%B4%E2%8C%92%E3%83%BB" n1="%43%68%65" n2="%E3%81%A6%E3%82%93%E3%81%B1" n3="%E4%BF%BA%E3%81%A8%E5%A6%96%E5%A4%A2" dan="17,16,16,16" rate="2292.25,2178.11,2041.12,2215.94" sx="M,M,M,F"/><TAIKYOKU oya="0"/><INIT seed="0,0,0,1,2,69" ten="250,250,250,250" oya="0" hai0="47,122,15,82,77,54,56,58,38,115,52,35,111" hai1="19,40,123,105,89,127,88,5,8,2,49,14,3" hai2="133,34,10,39,84,107,13,81,18,101,83,65,132" hai3="61,78,113,29,104,27,95,124,126,63,43,120,42"/><T20/><D35/><U135/><E123/><V17/><F34/><W75/><G113/><T98/><D122/><U85/><E105/><V0/><F0/><W86/><G104/><T92/><D115/><U55/><E127/><N who="3" m="48682" /><G75/><T64/><D111/><U36/><E135/><N who="2" m="51787" /><F81/><N who="3" m="47415" /><G120/><T110/><D110/><U62/><E62/><N who="3" m="23562" /><G95/><T96/><D64/><U90/><E85/><V112/><F112/><W108/><G108/><T7/><D92/><U117/><E117/><V21/><F65/><W71/><G71/><T134/><D134/><U80/><E80/><V131/><F131/><W99/><G99/><T97/><D82/><U30/><E30/><V32/><F101/><W94/><G94/><T33/><D77/><U121/><E121/><V76/><F107/><W119/><G119/><T66/><D66/><U26/><E26/><N who="2" m="14647" /><F32/><AGARI ba="0,0" hai="27,29,32,42,43" m="23562,47415,48682" machi="32" ten="30,1000,0" yaku="18,1" doraHai="69" who="3" fromWho="2" sc="250,0,250,0,250,-10,250,10" /><INIT seed="1,0,0,1,5,56" ten="250,250,240,260" oya="1" hai0="118,41,90,75,98,104,100,67,5,64,28,66,25" hai1="71,103,21,59,55,43,68,87,78,116,40,62,15" hai2="38,47,94,113,65,58,108,88,63,125,19,109,73" hai3="24,57,4,111,29,20,131,34,10,115,50,37,49"/><U26/><E116/><V60/><F113/><W126/><G115/><T134/><D75/><U61/><E103/><V89/><F73/><W7/><G37/><T84/><D118/><U99/><E99/><N who="2" m="57799" /><F125/><W72/><G72/><T16/><D134/><U93/><E15/><V48/><F38/><W85/><G126/><T13/><D41/><N who="1" m="15947" /><E71/><V0/><F0/><W70/><G70/><T123/><D5/><U81/><E68/><V14/><F89/><W30/><G131/><T83/><D123/><U22/><E93/><V17/><F19/><W1/><G4/><T128/><D128/><U33/><E33/><V106/><F106/><W32/><G85/><T95/><D104/><U122/><E122/><V127/><F127/><W77/><G77/><T124/><D124/><U117/><E117/><V2/><F2/><W11/><G34/><T54/><D54/><U119/><E119/><V69/><F69/><W52/><G32/><T35/><REACH who="0" step="1"/><D67/><REACH who="0" ten="240,250,240,260" step="2"/><U76/><E76/><V53/><F65/><W46/><G52/><T133/><D133/><U6/><E6/><V107/><F107/><W27/><G7/><T74/><D74/><U132/><E132/><V110/><F47/><W39/><G46/><T102/><D102/><U8/><E55/><V79/><F79/><W130/><G130/><T44/><D44/><U51/><E78/><V97/><F97/><W129/><G129/><T105/><D105/><U3/><E87/><V120/><F120/><W18/><G1/><T42/><D42/><U112/><E3/><V36/><F36/><W114/><G39/><T135/><D135/><RYUUKYOKU ba="0,1" sc="240,15,250,-15,240,15,260,-15" hai0="13,16,25,28,35,64,66,83,84,90,95,98,100" hai2="14,17,48,53,58,60,63,108,109,110" /><INIT seed="2,1,1,4,2,124" ten="255,235,255,245" oya="2" hai0="90,62,39,61,30,100,65,123,98,44,36,1,69" hai1="111,129,23,21,134,67,11,2,71,127,89,26,10" hai2="94,105,82,128,34,5,24,55,66,47,46,108,52" hai3="17,22,84,77,102,25,57,125,9,7,79,68,87"/><V80/><F105/><W45/><G68/><T41/><D1/><U110/><E127/><V31/><F108/><N who="1" m="41513" /><E67/><V93/><F128/><W104/><G125/><T85/><D123/><U33/><E71/><V119/><F119/><W53/><G102/><T60/><D39/><U132/><E89/><V29/><F66/><W15/><G45/><N who="2" m="16905" /><F34/><W115/><G104/><T99/><D30/><N who="2" m="11274" /><F24/><W40/><G40/><T86/><D86/><N who="3" m="32809" /><G115/><T117/><D117/><U106/><E106/><V83/><F5/><W3/><G3/><T20/><D99/><U42/><E42/><V114/><F114/><W37/><G37/><T56/><D69/><U13/><E33/><V32/><F32/><W81/><G81/><N who="2" m="20737" /><V130/><DORA hai="64" /><F130/><W38/><G38/><T107/><D65/><U103/><E129/><V12/><F12/><W19/><G7/><T78/><D107/><U8/><E2/><V76/><F76/><W135/><G135/><N who="1" m="51754" /><E103/><V28/><N who="2" m="11282" /><V97/><DORA hai="0" /><F97/><W51/><AGARI ba="1,1" hai="9,15,17,19,22,25,51,53,57,77,79" m="32809" machi="51" ten="30,1100,0" yaku="8,1" doraHai="124,64,0" who="3" fromWho="3" sc="255,-4,235,-4,255,-6,245,24" /><INIT seed="3,0,0,3,5,48" ten="251,231,249,269" oya="3" hai0="6,79,10,124,26,109,112,2,105,33,70,40,41" hai1="114,104,20,38,99,50,7,59,130,0,8,37,121" hai2="85,83,17,39,75,77,11,76,43,22,133,97,101" hai3="29,93,82,61,87,47,94,54,123,89,12,62,92"/><W21/><G123/><T129/><D109/><U46/><E121/><V118/><F118/><W115/><G115/><T86/><D112/><U128/><E114/><V14/><F133/><W84/><G84/><T132/><D132/><U107/><E20/><V102/><F39/><N who="1" m="14857" /><E59/><V56/><F43/><W60/><G47/><T72/><D70/><U96/><E107/><V67/><F75/><W120/><G120/><T66/><D105/><U111/><E104/><V122/><F122/><W64/><G64/><T106/><D66/><U42/><E111/><V135/><F135/><W117/><G117/><T18/><D106/><U73/><E73/><V25/><F77/><W16/><G29/><T52/><D72/><U57/><E57/><AGARI ba="0,0" hai="12,16,21,54,57,60,61,62,82,87,89,92,93,94" machi="57" ten="40,7700,0" yaku="8,1,52,1,54,1" doraHai="48" who="3" fromWho="1" sc="251,0,231,-77,249,0,269,77" owari="251,5.1,154,-34.6,249,-15.1,346,44.6" /></mjloggm>