<mjloggm ver="2.3"><GO type="225" lobby="0"/><UN n0="%E4%B8%89%E5%88%86%E5%B0%8F%E5%83%A7" n1="%72%65%6E%6B%75%6E" n2="%E5%8D%A0%E3%81%84%E5%B8%AB%E8%A3%8F%E3%81%AA%E3%81%84%E3%81%97" n3="%E7%99%BD%E5%80%89%E5%AF%9B%E4%B9%8B" dan="16,17,17,16" rate="2074.08,2218.01,2235.04,2124.81" sx="M,M,M,M"/><TAIKYOKU oya="0"/><INIT seed="0,0,0,3,1,75" ten="250,250,250,250" oya="0" hai0="64,18,11,69,115,116,127,89,48,34,25,30,17" hai1="36,91,132,32,33,83,50,78,15,79,123,114,124" hai2="60,109,77,74,80,14,57,84,21,126,41,93,26" hai3="72,125,5,4,134,27,31,70,35,113,129,9,2"/><T51/><D115/><U10/><E36/><V131/><F109/><W0/><G70/><T71/><D116/><U22/><E123/><V120/><F131/><W122/><G72/><T23/><D127/><U40/><E124/><V66/><F126/><W82/><G82/><T88/><D11/><U1/><E1/><N who="3" m="618" /><G125/><T68/><D64/><U99/><E114/><V130/><F130/><W6/><G129/><T43/><D17/><U29/><E132/><V24/><F120/><W135/><G122/><T63/><D63/><U16/><E33/><V67/><F67/><W7/><G113/><T110/><D110/><U56/><E32/><V102/><F41/><W65/><G65/><T73/><D73/><U97/><E56/><V95/><F74/><W49/><G49/><T58/><D51/><U62/><E62/><V106/><F106/><W37/><G37/><T117/><D117/><U81/><E81/><V13/><F24/><W92/><G92/><N who="2" m="35401" /><F102/><W103/><G103/><T8/><D8/><U20/><E91/><V90/><F90/><W12/><AGARI ba="0,0" hai="4,5,6,7,9,12,27,31,35,134,135" m="618" machi="12" ten="40,2700,0" yaku="34,2" doraHai="75" who="3" fromWho="3" sc="250,-13,250,-7,250,-7,250,27" /><INIT seed="1,0,0,3,2,101" ten="237,243,243,277" oya="1" hai0="112,67,83,12,102,10,33,94,123,26,38,80,87" hai1="23,135,48,77,127,61,43,132,4,130,111,25,14" hai2="28,42,124,68,11,121,1,47,93,52,97,51,100" hai3="115,88,27,125,36,114,104,64,58,20,134,122,55"/><U13/><E77/><V44/><F121/><W82/><G36/><T22/><D33/><U107/><E107/><V131/><F131/><W9/><G122/><T7/><D38/><U45/><E130/><V6/><F68/><W110/><G64/><T126/><D112/><U128/><E128/><V75/><F124/><W30/><G104/><T32/><D126/><U129/><E129/><V0/><F28/><W54/><G54/><T5/><D32/><U99/><E99/><V29/><F29/><W34/><G125/><T86/><D123/><U119/><E119/><V74/><REACH who="2" step="1"/><F0/><REACH who="2" ten="237,243,233,277" step="2"/><W63/><G30/><T103/><D67/><U59/><E127/><V92/><F92/><W35/><G114/><T89/><D94/><U81/><E81/><V24/><F24/><W96/><G82/><T109/><D109/><U118/><E118/><V79/><F79/><W15/><G110/><T56/><D83/><U73/><E111/><V120/><F120/><W65/><G115/><T116/><D80/><U69/><E69/><V90/><F90/><W49/><G27/><T85/><D116/><U53/><E73/><V31/><F31/><W60/><G35/><T108/><D89/><U16/><REACH who="1" step="1"/><E4/><REACH who="1" ten="237,233,233,277" step="2"/><V106/><F106/><W78/><G34/><T70/><D5/><U95/><E95/><V71/><F71/><W41/><G78/><T76/><D70/><U3/><E3/><V39/><AGARI ba="0,2" hai="1,6,11,39,42,44,47,51,52,74,75,93,97,100" machi="39" ten="20,12000,2" yaku="1,1,0,1,7,1,54,1,53,2" doraHai="101" doraHaiUra="105" who="2" fromWho="2" sc="237,-30,233,-60,233,140,277,-30" /><INIT seed="2,0,0,1,2,22" ten="207,173,373,247" oya="2" hai0="77,16,117,6,93,106,67,12,86,107,94,0,65" hai1="46,2,66,81,19,63,53,17,73,41,49,54,26" hai2="34,64,30,20,4,28,122,91,72,89,15,113,83" hai3="103,112,25,48,102,56,27,114,127,42,21,32,97"/><V38/><F113/><N who="3" m="43627" /><G127/><T57/><D117/><U134/><E134/><V3/><F122/><W100/><G32/><T68/><D68/><U39/><E2/><V55/><F38/><W52/><G42/><T7/><D0/><U101/><E101/><N who="3" m="39018" /><G21/><T84/><D57/><U87/><E73/><V96/><F72/><W31/><G31/><T119/><D77/><U11/><E11/><V126/><F3/><W98/><G98/><T74/><D74/><U90/><E26/><V36/><F96/><W115/><N who="3" m="43635" /><W18/><DORA hai="109" /><G18/><T121/><D119/><U62/><E62/><V108/><F20/><W129/><G129/><T95/><D121/><U70/><REACH who="1" step="1"/><E54/><REACH who="1" ten="207,163,373,247" step="2"/><V47/><F55/><W105/><AGARI ba="0,1" hai="25,27,48,52,56,97,103,105" m="39018,43635" machi="105" ten="40,16000,3" yaku="11,1,52,6,54,1" doraHai="22,109" who="3" fromWho="3" sc="207,-40,163,-40,373,-80,247,170" /><INIT seed="3,0,0,2,0,3" ten="167,123,293,417" oya="3" hai0="86,15,11,34,17,116,45,134,48,54,110,127,128" hai1="61,36,91,135,97,75,38,89,51,106,30,60,100" hai2="126,8,42,90,74,59,96,88,64,104,18,5,111" hai3="102,115,118,12,27,57,29,69,82,71,26,6,122"/><W52/><G102/><T70/><D116/><U105/><E30/><V99/><F74/><W112/><G82/><T1/><D70/><U23/><E75/><V53/><F111/><W39/><G39/><T119/><D119/><U93/><E135/><V9/><F126/><W66/><G27/><T28/><D110/><U44/><E23/><V22/><F42/><W47/><G47/><T46/><D127/><U40/><E51/><V85/><F64/><W95/><G95/><T4/><D128/><U35/><E35/><V129/><F129/><W133/><G133/><T131/><D131/><U63/><REACH who="1" step="1"/><E38/><REACH who="1" ten="167,113,293,417" step="2"/><V92/><F104/><AGARI ba="0,1" hai="36,40,44,60,61,63,89,91,93,97,100,104,105,106" machi="104" ten="40,2600,0" yaku="1,1,2,1,53,0" doraHai="3" doraHaiUra="109" who="1" fromWho="2" sc="167,0,113,36,293,-26,417,0" owari="167,-23.3,149,-35.1,267,6.7,417,51.7" /></mjloggm>