<mjloggm ver="2.3"><GO type="225" lobby="0"/><UN n0="%E3%80%90%E3%83%88%E3%83%AA%E3%83%A5%E3%83%95%E3%80%91" n1="%E7%87%90%2E%2E" n2="%E3%82%B3%E3%83%90%E3%83%AC%E3%82%A4" n3="%E5%B8%86%E7%AB%8B%E5%A4%8F%E8%A1%A3" dan="16,16,16,17" rate="2121.15,2109.71,2165.27,2158.25" sx="M,M,M,M"/><TAIKYOKU oya="0"/><INIT seed="0,0,0,1,2,106" ten="250,250,250,250" oya="0" hai0="11,10,133,37,113,78,35,57,131,130,40,108,17" hai1="74,64,26,18,127,2,56,0,77,96,92,93,49" hai2="12,70,38,79,125,110,109,121,72,58,61,46,124" hai3="42,122,19,1,24,36,14,29,67,98,69,62,71"/><T13/><D57/><U32/><E127/><N who="2" m="48715" /><F12/><W5/><G122/><T90/><D90/><U60/><E92/><V6/><F6/><W28/><G36/><T54/><D54/><U82/><E49/><V52/><F121/><W16/><G42/><T104/><D104/><U15/><E26/><V7/><F7/><W117/><G117/><T111/><D78/><U115/><E32/><V33/><F33/><W83/><G69/><T51/><D37/><U81/><E81/><N who="2" m="45287" /><F70/><W68/><G68/><T128/><D35/><U85/><E85/><V63/><F63/><W95/><G83/><T3/><D51/><U44/><E44/><V97/><F97/><W20/><G1/><T80/><D40/><AGARI ba="0,0" hai="38,40,46,52,58,61,109,110" m="45287,48715" machi="40" ten="30,3900,0" yaku="18,1,52,1,54,1" doraHai="106" who="2" fromWho="0" sc="250,-39,250,0,250,39,250,0" /><INIT seed="1,0,0,2,4,77" ten="211,250,289,250" oya="1" hai0="32,130,120,68,132,97,67,52,119,12,114,100,54" hai1="93,116,106,39,122,3,50,84,2,70,88,31,131" hai2="14,37,72,59,56,6,13,18,112,43,4,118,81" hai3="30,135,1,90,87,134,96,66,29,78,104,15,76"/><U22/><E122/><V53/><F118/><W107/><G1/><T128/><D119/><U51/><E116/><V42/><F59/><W61/><G15/><T109/><D114/><U33/><E39/><V92/><F37/><W74/><G30/><T91/><D32/><U82/><E33/><V99/><F72/><W85/><G29/><T8/><D109/><U49/><E106/><N who="3" m="40490" /><G61/><N who="0" m="40047" /><D100/><U108/><E108/><V80/><F14/><W55/><G55/><T75/><D75/><U98/><E131/><N who="0" m="50217" /><D132/><N who="3" m="50729" /><G66/><T101/><D101/><U62/><E62/><V133/><F133/><W45/><G45/><T57/><D120/><U23/><E70/><V124/><F112/><W40/><G40/><N who="2" m="15401" /><F6/><W34/><G34/><T105/><D57/><U10/><E31/><V41/><F41/><W35/><G35/><T20/><D20/><U27/><E27/><V127/><F4/><W64/><G64/><T69/><D69/><U94/><E3/><V117/><F117/><W113/><G113/><T46/><D46/><U5/><E94/><V71/><F71/><W11/><G11/><T95/><D105/><U110/><REACH who="1" step="1"/><E110/><REACH who="1" ten="211,240,289,250" step="2"/><V19/><F13/><W16/><G74/><T129/><D129/><U36/><E36/><V83/><F124/><W60/><G60/><T17/><AGARI ba="0,1" hai="8,12,17,52,54,91,95,97" m="50217,40047" machi="17" ten="30,2000,0" yaku="19,1,54,1" doraHai="77" who="0" fromWho="0" sc="211,30,240,-10,289,-5,250,-5" /><INIT seed="2,0,0,1,0,53" ten="241,230,284,245" oya="2" hai0="125,64,35,70,37,10,133,103,28,96,122,48,130" hai1="1,19,93,33,39,72,49,116,14,9,12,76,63" hai2="97,124,114,75,105,46,90,58,78,43,30,42,85" hai3="112,22,65,132,123,32,84,87,100,107,16,95,77"/><V40/><F114/><W45/><G123/><T92/><D122/><U57/><E39/><V41/><F124/><W51/><G32/><T104/><D37/><U27/><E116/><V54/><F30/><W91/><G132/><T119/><D133/><U18/><E1/><V15/><F75/><W74/><G112/><T36/><D36/><U113/><E113/><V118/><F118/><W110/><G110/><T68/><D130/><U34/><E49/><V94/><F15/><W81/><G65/><T56/><D10/><U5/><E93/><V20/><F20/><W4/><G4/><T21/><D125/><U8/><E5/><V83/><F105/><W108/><G108/><T134/><D134/><U55/><REACH who="1" step="1"/><E27/><REACH who="1" ten="241,220,284,245" step="2"/><V109/><F109/><W50/><G45/><T98/><D119/><U7/><E7/><V88/><F46/><W127/><G127/><T23/><D48/><U31/><E31/><V117/><F117/><W62/><G51/><T106/><D106/><U17/><E17/><V86/><F41/><W79/><G50/><T121/><D121/><U115/><E115/><V67/><F42/><W2/><G2/><T3/><D3/><U126/><E126/><V25/><F25/><W101/><G107/><T60/><D104/><U111/><E111/><V24/><F24/><N who="3" m="14407" /><G62/><T120/><D120/><U29/><E29/><V13/><F40/><W11/><G11/><T82/><D28/><U99/><E99/><V44/><F43/><W129/><G129/><T26/><D26/><U128/><E128/><V47/><F44/><W66/><G95/><T38/><D92/><RYUUKYOKU ba="0,1" sc="241,-10,220,30,284,-10,245,-10" hai1="8,9,12,14,18,19,33,34,55,57,63,72,76" /><INIT seed="3,1,1,0,5,24" ten="231,250,274,235" oya="3" hai0="123,50,7,54,69,121,46,82,76,67,33,128,58" hai1="52,89,86,92,25,57,40,6,98,8,32,61,119" hai2="48,106,5,13,101,135,116,99,108,97,15,34,111" hai3="26,114,134,41,93,68,94,126,9,29,71,37,23"/><W109/><G114/><T112/><D112/><U66/><E119/><V117/><F34/><W75/><G75/><T118/><D118/><U78/><E40/><V21/><F135/><W49/><G37/><T56/><D33/><U129/><E129/><V36/><F36/><W45/><G134/><T20/><D128/><U28/><E78/><V4/><F48/><W100/><G126/><T63/><D7/><U11/><E6/><V74/><F74/><W84/><G109/><T16/><D58/><U1/><E1/><V43/><F43/><W64/><G64/><T70/><D70/><U27/><E27/><V31/><F21/><W30/><G9/><T14/><REACH who="0" step="1"/><D69/><REACH who="0" ten="221,250,274,235" step="2"/><U12/><E66/><V131/><F131/><W17/><G71/><T125/><D125/><U77/><E32/><V3/><F3/><W72/><G68/><T38/><D38/><U90/><E57/><V122/><F117/><W115/><G115/><T18/><D18/><U120/><E120/><V104/><F116/><W132/><G132/><T85/><AGARI ba="1,2" hai="14,16,20,46,50,54,56,63,67,76,82,85,121,123" machi="85" ten="20,5200,0" yaku="1,1,0,1,7,1,54,1,53,0" doraHai="24" doraHaiUra="133" who="0" fromWho="0" sc="221,75,250,-14,274,-14,235,-27" /><INIT seed="4,0,0,5,0,22" ten="296,236,260,208" oya="0" hai0="83,102,46,122,72,82,117,87,56,92,124,31,30" hai1="64,135,16,86,67,132,6,61,7,126,41,44,99" hai2="114,18,60,134,115,20,116,52,69,131,123,40,62" hai3="51,107,54,112,80,90,47,109,71,57,59,120,106"/><T26/><D117/><U37/><E126/><V77/><F116/><W111/><G90/><T34/><D122/><U23/><E67/><V93/><F123/><W19/><G80/><T39/><D72/><U119/><E119/><V36/><F77/><W95/><G95/><T49/><D39/><U4/><E86/><V73/><F73/><W24/><G120/><T8/><D8/><U9/><E99/><V55/><F40/><W113/><G71/><T45/><D31/><U66/><E9/><V14/><F36/><W5/><G5/><T76/><D83/><U17/><E66/><V128/><F93/><W121/><G121/><T101/><D101/><U104/><E104/><N who="3" m="39978" /><G59/><T27/><D124/><U38/><E38/><V25/><F69/><W96/><G57/><T58/><D45/><U11/><E11/><V48/><F14/><W84/><G96/><N who="0" m="59655" /><D30/><U0/><E0/><V100/><F100/><W70/><G84/><T75/><D75/><U89/><E89/><V10/><F10/><W88/><G88/><T33/><D33/><U125/><E125/><V35/><F35/><W81/><G81/><T42/><D34/><U127/><E127/><V130/><F55/><W50/><G70/><T108/><D108/><N who="3" m="41545" /><G51/><T68/><D68/><U85/><E85/><V79/><F79/><W78/><G78/><T63/><D58/><N who="1" m="36919" /><E23/><V12/><F12/><W32/><G32/><T43/><D43/><U98/><E98/><V94/><F94/><W103/><G103/><T13/><D13/><U21/><E21/><V105/><F20/><W74/><G74/><T53/><AGARI ba="0,0" hai="26,27,42,46,49,53,56,63,76,82,87" m="59655" machi="53" ten="30,11700,0" yaku="5,1,8,1,52,2" doraHai="22" who="0" fromWho="0" sc="296,117,236,-39,260,-39,208,-39" owari="413,51.3,197,-20.3,221,2.1,169,-33.1" /></mjloggm>