<mjloggm ver="2.3"><GO type="225" lobby="0"/><UN n0="%E9%A6%AC%E5%BC%95%E7%81%AB%33" n1="%E5%A4%8F%E9%88%B4%E9%88%B4%E5%A4%8F" n2="%E3%80%90%E8%92%BC%E7%90%89%E3%80%91" n3="%E7%99%BD%E5%80%89%E5%AF%9B%E4%B9%8B" dan="16,16,16,16" rate="2104.97,2097.70,2187.78,2175.30" sx="M,F,F,M"/><TAIKYOKU oya="0"/><INIT seed="0,0,0,1,0,59" ten="250,250,250,250" oya="0" hai0="112,42,115,66,48,64,134,129,12,86,40,76,95" hai1="54,68,100,130,45,55,35,123,104,57,83,81,121" hai2="111,28,70,87,89,103,94,117,23,56,31,124,114" hai3="92,14,3,33,73,27,80,25,4,101,125,5,77"/><T20/><D129/><U61/><E35/><V43/><F70/><W44/><G125/><T37/><D37/><U109/><E109/><V84/><F114/><W17/><G3/><T106/><D106/><U34/><E34/><V21/><F111/><W72/><G72/><T107/><D107/><U15/><E130/><V116/><F124/><W102/><G44/><T62/><D134/><U128/><E128/><V39/><F103/><W93/><G102/><T75/><D75/><U2/><E2/><V120/><F120/><W38/><G38/><T53/><D112/><U46/><E68/><V41/><F39/><W118/><G118/><T49/><D115/><U22/><E100/><V119/><F56/><W63/><G63/><T7/><D7/><U16/><E104/><V88/><F117/><W9/><G33/><T65/><D62/><N who="1" m="36151" /><E123/><V11/><F11/><W69/><G69/><T24/><D12/><U79/><E121/><V135/><REACH who="2" step="1"/><F94/><REACH who="2" ten="250,250,240,250" step="2"/><W0/><G93/><T90/><D76/><U126/><E126/><V30/><F30/><W51/><G92/><T133/><D133/><AGARI ba="0,1" hai="21,23,28,31,41,43,84,87,88,89,116,119,133,135" machi="133" ten="25,6400,0" yaku="1,1,22,2,54,1,53,0" doraHai="59" doraHaiUra="8" who="2" fromWho="0" sc="250,-64,250,0,240,74,250,0" /><INIT seed="1,0,0,2,5,19" ten="186,250,314,250" oya="1" hai0="106,51,101,84,134,121,64,40,9,81,25,129,16" hai1="43,20,86,98,7,132,90,41,31,83,109,78,39" hai2="97,53,102,48,82,74,80,70,89,94,105,42,130" hai3="58,73,103,66,12,34,135,92,117,115,131,69,62"/><U2/><E132/><V11/><F70/><W76/><G34/><T30/><D134/><U104/><E109/><V61/><F130/><W88/><G135/><T122/><D129/><U14/><E39/><V118/><F118/><W15/><G131/><T63/><D106/><U110/><E110/><V95/><F42/><W24/><G117/><T10/><D101/><U87/><E2/><V17/><F61/><W44/><G115/><T46/><D30/><U38/><E38/><V26/><F74/><W60/><G103/><T21/><D121/><U32/><E32/><V49/><F49/><W47/><G24/><T111/><D111/><U52/><E98/><N who="2" m="57679" /><F105/><W108/><G108/><T65/><D122/><U127/><E127/><V27/><F11/><W120/><G120/><T22/><D22/><U100/><E100/><V56/><F17/><W125/><G125/><T99/><D99/><U5/><E104/><V77/><F77/><W1/><G1/><T107/><D65/><U79/><E78/><V114/><F114/><W8/><G76/><N who="0" m="46119" /><D107/><U71/><E71/><V67/><F67/><W35/><G73/><T68/><D68/><U59/><E5/><V4/><F4/><W36/><G35/><T33/><D33/><U13/><E7/><V29/><F29/><W50/><G36/><T57/><AGARI ba="0,0" hai="9,10,16,21,25,40,46,51,57,63,64" m="46119" machi="57" ten="30,4000,0" yaku="8,1,52,1,54,1" doraHai="19" who="0" fromWho="0" sc="186,40,250,-20,314,-10,250,-10" /><INIT seed="2,0,0,0,1,100" ten="226,230,304,240" oya="2" hai0="101,45,90,23,20,2,72,21,67,104,62,69,26" hai1="24,12,50,105,110,128,14,5,89,97,102,13,37" hai2="85,125,19,8,81,39,75,111,4,40,41,112,53" hai3="49,73,126,107,25,108,123,33,36,80,43,120,86"/><V1/><F112/><W48/><G107/><T44/><D2/><U57/><E110/><V18/><F125/><W64/><G73/><T38/><D72/><U76/><E128/><V56/><F111/><W135/><G108/><T88/><D26/><U84/><E37/><V54/><F75/><W106/><G106/><T15/><D15/><U51/><E76/><V42/><F39/><W47/><G126/><T6/><D6/><U78/><E78/><V31/><F31/><W109/><G109/><T3/><D3/><U115/><E115/><V83/><F83/><W35/><G135/><T11/><D11/><U133/><E133/><V94/><F94/><W0/><G0/><T127/><D127/><U95/><E5/><V29/><F29/><W63/><G123/><T130/><D130/><U87/><E87/><V28/><F28/><W22/><G120/><T98/><REACH who="0" step="1"/><D38/><REACH who="0" ten="216,230,304,240" step="2"/><U16/><REACH who="1" step="1"/><E57/><REACH who="1" ten="216,220,304,240" step="2"/><V71/><F56/><N who="3" m="36967" /><G36/><T58/><D58/><U131/><E131/><V103/><F4/><W7/><G7/><T118/><D118/><U93/><E93/><V59/><F59/><W65/><G65/><T10/><D10/><U60/><E60/><V79/><F8/><W122/><G122/><T27/><D27/><U66/><E66/><V55/><F1/><W113/><G113/><T9/><D9/><U117/><E117/><V132/><F132/><W121/><G121/><T92/><D92/><U17/><E17/><V61/><F18/><N who="3" m="12503" /><G49/><T34/><D34/><U116/><E116/><V99/><F19/><W129/><G129/><T52/><D52/><U91/><E91/><AGARI ba="0,2" hai="33,35,43,47,48,80,86,91" m="12503,36967" machi="91" ten="30,1000,0" yaku="6,1" doraHai="100" who="3" fromWho="1" sc="216,0,220,-10,304,0,240,30" /><AGARI ba="0,0" hai="20,21,23,44,45,62,67,69,88,90,91,98,101,104" machi="91" ten="40,8000,1" yaku="1,1,6,1,52,1,54,1,53,0" doraHai="100" doraHaiUra="30" who="0" fromWho="1" sc="216,80,210,-80,304,0,270,0" /><INIT seed="3,0,0,3,4,33" ten="296,130,304,270" oya="3" hai0="60,84,47,52,130,6,11,83,8,71,100,5,69" hai1="87,89,59,25,3,61,70,119,58,22,39,13,81" hai2="43,57,36,99,19,82,131,120,24,20,7,74,115" hai3="9,53,45,21,26,128,121,97,118,2,94,114,42"/><W17/><G114/><T55/><D100/><U73/><E119/><V32/><F115/><W80/><G118/><T90/><D130/><U101/><E39/><V51/><F131/><W107/><G107/><T122/><D122/><U27/><E70/><V123/><F32/><W0/><G128/><T125/><D125/><U111/><E111/><V86/><F74/><W44/><G121/><N who="2" m="46665" /><F99/><W35/><G35/><T18/><D18/><U104/><E3/><V64/><F7/><N who="0" m="2570" /><D71/><U106/><E73/><V98/><F98/><W50/><G80/><T127/><D127/><U72/><E72/><V23/><F23/><W65/><G65/><T63/><D69/><U76/><E76/><N who="2" m="46407" /><F64/><W68/><G9/><N who="0" m="3659" /><D47/><U108/><E108/><V77/><F77/><W49/><REACH who="3" step="1"/><G68/><REACH who="3" ten="296,130,304,260" step="2"/><T41/><D41/><U16/><E59/><V34/><F34/><W110/><G110/><T103/><D103/><AGARI ba="0,1" hai="0,2,17,21,26,42,44,45,49,50,53,94,97,103" machi="103" ten="30,11600,0" yaku="1,1,7,1,52,2,53,0" doraHai="33" doraHaiUra="105" who="3" fromWho="0" sc="296,-116,130,0,304,0,260,126" owari="180,-22.0,130,-37.0,304,10.4,386,48.6" /></mjloggm>