<mjloggm ver="2.3"><GO type="225" lobby="0"/><UN n0="%79%75%72%69%6D%6F%67" n1="%E7%99%BD%E9%9B%AA%E4%B9%83%E6%84%9B" n2="%E7%99%BD%E5%80%89%E5%AF%9B%E4%B9%8B" n3="%E3%82%A4%E3%83%BC%E3%82%B1%E3%83%97%E3%83%A9" dan="16,16,16,16" rate="2188.29,2035.55,2141.89,2206.93" sx="F,F,M,M"/><TAIKYOKU oya="0"/><INIT seed="0,0,0,4,4,119" ten="250,250,250,250" oya="0" hai0="122,66,134,103,77,127,89,48,115,68,57,114,19" hai1="10,126,40,105,7,112,26,107,83,85,113,80,20" hai2="109,4,58,111,90,71,135,124,67,110,116,73,44" hai3="106,61,15,84,52,121,132,64,101,14,79,102,35"/><T65/><D77/><U82/><E40/><V6/><F116/><W95/><G35/><T17/><D103/><U8/><E85/><V22/><F73/><W130/><G106/><N who="1" m="40458" /><E7/><V87/><F71/><W16/><G130/><T91/><D68/><U69/><E69/><V55/><F124/><W70/><G132/><T47/><D57/><U54/><E54/><V92/><F135/><W36/><G36/><T13/><D134/><U3/><E3/><V56/><F22/><W46/><G14/><T99/><D127/><U74/><E74/><V98/><F44/><W18/><G18/><T31/><D13/><U59/><E59/><N who="2" m="22571" /><F55/><W123/><G79/><T23/><D99/><U94/><E94/><N who="2" m="54623" /><F67/><W108/><G95/><T32/><D23/><U100/><E100/><AGARI ba="0,0" hai="4,6,92,98,100,109,110,111" m="54623,22571" machi="100" ten="30,1000,0" yaku="14,1" doraHai="119" who="2" fromWho="1" sc="250,0,250,-10,250,10,250,0" /><INIT seed="1,0,0,5,5,64" ten="250,240,260,250" oya="1" hai0="49,32,42,55,17,101,78,131,50,118,23,24,5" hai1="98,40,15,30,47,63,128,41,88,77,65,135,67" hai2="48,38,92,125,108,18,31,10,60,73,44,112,97" hai3="59,120,84,90,72,6,86,75,100,93,82,14,21"/><U113/><E113/><V3/><F73/><W8/><G120/><T0/><D131/><U107/><E128/><V20/><F112/><W1/><G1/><T99/><D118/><U133/><E77/><V119/><F119/><W124/><G124/><T117/><D32/><U25/><E15/><V89/><F125/><W11/><G11/><T102/><D117/><U95/><E107/><V46/><F108/><W54/><G21/><T130/><D130/><U109/><E109/><V39/><F46/><W91/><REACH who="3" step="1"/><G100/><REACH who="3" ten="250,240,260,240" step="2"/><T123/><D0/><U61/><E133/><V126/><F126/><W16/><G16/><T53/><D5/><U121/><E135/><V51/><F3/><W127/><G127/><T66/><D123/><U134/><E134/><V13/><F10/><W69/><G69/><T106/><D102/><U4/><E121/><V110/><F110/><W33/><G33/><T74/><D101/><U22/><E4/><V57/><F31/><W94/><G94/><T79/><D23/><U9/><E9/><V36/><REACH who="2" step="1"/><F44/><REACH who="2" ten="250,240,250,240" step="2"/><W28/><G28/><T34/><D34/><U7/><E47/><V122/><F122/><W83/><G83/><T129/><D129/><U26/><E26/><V58/><F58/><W104/><G104/><T115/><D106/><U103/><E25/><V43/><F43/><W12/><G12/><T27/><D42/><U85/><E41/><V56/><F56/><W35/><G35/><T45/><D24/><N who="1" m="16663" /><E40/><V111/><F111/><W81/><G81/><T96/><D27/><U105/><E7/><V62/><F62/><AGARI ba="0,2" hai="6,8,14,54,59,62,72,75,82,84,86,90,91,93" machi="62" ten="30,7700,0" yaku="1,1,7,1,53,2" doraHai="64" doraHaiUra="80" who="3" fromWho="2" sc="250,0,240,0,250,-77,240,97" /><INIT seed="2,0,0,1,0,16" ten="250,240,173,337" oya="2" hai0="72,135,82,106,100,47,90,59,5,109,114,25,60" hai1="17,55,119,37,111,91,38,74,126,53,110,71,88" hai2="98,105,92,102,15,57,68,27,8,28,56,9,52" hai3="123,10,115,48,117,86,39,63,69,87,42,77,76"/><V31/><F68/><W120/><G117/><T78/><D109/><N who="1" m="41483" /><E119/><V96/><F57/><W58/><G115/><T23/><D135/><U83/><E71/><V101/><F15/><W67/><G10/><T43/><D114/><U33/><E33/><V11/><REACH who="2" step="1"/><F27/><REACH who="2" ten="250,240,163,337" step="2"/><W62/><G69/><T54/><D5/><U36/><E126/><V34/><F34/><W129/><G58/><T21/><D25/><U73/><E17/><V24/><F24/><W3/><G3/><T131/><D131/><U121/><E121/><V45/><F45/><W133/><G129/><T94/><D106/><U29/><E29/><V118/><F118/><W12/><G12/><T46/><D46/><U134/><E134/><V1/><F1/><W61/><G133/><T30/><D30/><U130/><E130/><V79/><F79/><W103/><G77/><T70/><D70/><U2/><E2/><V18/><F18/><W104/><G76/><T44/><D44/><U116/><E116/><V125/><F125/><W6/><G104/><T95/><D47/><U50/><E73/><V35/><F35/><W26/><G26/><T65/><D43/><U81/><E74/><V66/><F66/><W20/><G42/><T97/><REACH who="0" step="1"/><D65/><REACH who="0" ten="240,240,163,337" step="2"/><U113/><E113/><V19/><F19/><W89/><G67/><T41/><D41/><U4/><E4/><V99/><F99/><AGARI ba="0,2" hai="21,23,54,59,60,72,78,82,90,94,95,97,99,100" machi="99" ten="30,7700,0" yaku="1,1,7,1,52,2,53,0" doraHai="16" doraHaiUra="127" who="0" fromWho="2" sc="240,97,240,0,163,-77,337,0" /><INIT seed="3,0,0,2,0,127" ten="337,240,86,337" oya="3" hai0="4,74,87,33,116,117,56,42,96,67,107,58,65" hai1="84,105,97,126,11,57,34,47,91,26,14,110,54" hai2="23,59,12,77,101,44,19,22,10,32,68,125,94" hai3="51,61,111,129,98,31,25,6,7,39,86,49,82"/><W62/><G39/><T102/><D33/><U70/><E70/><V112/><F68/><W89/><G129/><T92/><D74/><U72/><E72/><V75/><F75/><W104/><G111/><T85/><D116/><U29/><E110/><V133/><F77/><W80/><G80/><T1/><D1/><U90/><E126/><V37/><F37/><W50/><G104/><T106/><D106/><U118/><E118/><V81/><F81/><W131/><G131/><T93/><D107/><U76/><E47/><V46/><F125/><W119/><G119/><T78/><D42/><U13/><E13/><V124/><F124/><W64/><G98/><N who="0" m="59719" /><D4/><N who="3" m="1577" /><G64/><N who="0" m="24651" /><D117/><U0/><E0/><V52/><F32/><W24/><G31/><T63/><D78/><U73/><E73/><V16/><F112/><W130/><G130/><T9/><D9/><U48/><E84/><N who="0" m="32329" /><D63/><AGARI ba="0,0" hai="24,25,49,50,51,61,62,63,82,86,89" m="1577" machi="63" ten="30,1500,0" yaku="8,1" doraHai="127" who="3" fromWho="0" sc="337,-15,240,0,86,0,337,15" owari="322,12.2,240,-16.0,86,-41.4,352,45.2" /></mjloggm>