<mjloggm ver="2.3"><GO type="225" lobby="0"/><UN n0="%E7%AB%8B%E7%9B%B4%E5%A5%BD%E6%A3%92%40%E5%BF%98" n1="%E6%A1%9C%E8%8A%B1%E9%96%83%E3%80%85" n2="%E5%91%A8%E6%9D%B1" n3="%E4%BF%BA%E3%81%A8%E5%A6%96%E5%A4%A2" dan="17,16,17,16" rate="2156.64,2122.20,2173.07,2094.17" sx="M,M,M,F"/><TAIKYOKU oya="0"/><INIT seed="0,0,0,5,5,32" ten="250,250,250,250" oya="0" hai0="80,48,77,75,112,8,124,3,116,7,126,101,66" hai1="115,93,36,125,33,13,16,135,130,120,103,47,12" hai2="57,46,17,96,69,18,72,85,89,100,28,4,43" hai3="53,99,71,55,10,58,92,25,107,11,127,60,97"/><T40/><D112/><U62/><E120/><V117/><F72/><W30/><G127/><T35/><D116/><U52/><E115/><V114/><F69/><W38/><G38/><T82/><D35/><U65/><E125/><N who="0" m="48233" /><D101/><U79/><E130/><V95/><F114/><W19/><G71/><T44/><D80/><U108/><E108/><V76/><F117/><W102/><G53/><T21/><D21/><U29/><E79/><V90/><F76/><W134/><G134/><T74/><D66/><U133/><E29/><V73/><F28/><W111/><G111/><T5/><D5/><U128/><E33/><V70/><F70/><W2/><G2/><N who="0" m="119" /><D75/><U113/><E113/><V91/><F73/><W41/><G41/><T50/><D50/><N who="1" m="28767" /><E36/><V63/><F4/><W9/><G30/><T94/><D94/><U61/><E16/><V39/><REACH who="2" step="1"/><F85/><REACH who="2" ten="250,250,240,250" step="2"/><W56/><G19/><T23/><D23/><U37/><E135/><V1/><F1/><AGARI ba="0,1" hai="1,3,40,44,48,74,77,82" m="119,48233" machi="1" ten="30,11600,0" yaku="18,1,52,3" doraHai="32" who="0" fromWho="2" sc="250,126,250,0,240,-116,250,0" /><INIT seed="0,1,0,0,3,62" ten="376,250,124,250" oya="0" hai0="39,5,131,35,134,127,122,63,111,4,31,15,100" hai1="54,93,64,12,69,22,58,50,80,41,109,133,114" hai2="113,14,36,102,23,32,24,51,17,6,67,77,76" hai3="61,91,130,83,90,126,99,94,110,57,21,125,132"/><T101/><D122/><U70/><E109/><V53/><F36/><W46/><G110/><T75/><D75/><U128/><E128/><V120/><F120/><W7/><G130/><T43/><D131/><U45/><E80/><V104/><F113/><W44/><G132/><T85/><D111/><U29/><E114/><V108/><F108/><W92/><G83/><T52/><D127/><N who="3" m="48649" /><G21/><T27/><D134/><U95/><E133/><V116/><F116/><W38/><G7/><T30/><D30/><U87/><E70/><V66/><F104/><W48/><G48/><T18/><D85/><U9/><E87/><V59/><F102/><W2/><G2/><T98/><D101/><U16/><E69/><V56/><F56/><W96/><G38/><T33/><D33/><U112/><E112/><V47/><F59/><W0/><G0/><T26/><D26/><N who="1" m="16599" /><E41/><V42/><F42/><W28/><G28/><T88/><D43/><U121/><E121/><V115/><F115/><W106/><G106/><T84/><D39/><U37/><E37/><V20/><F32/><W60/><G60/><AGARI ba="1,0" hai="9,12,16,45,50,54,58,60,64,93,95" m="16599" machi="60" ten="30,3900,0" yaku="8,1,52,1,54,1" doraHai="62" who="1" fromWho="3" sc="376,0,250,42,124,0,250,-42" /><INIT seed="1,0,0,5,1,24" ten="376,292,124,208" oya="1" hai0="95,53,87,67,134,4,71,64,121,131,76,86,31" hai1="21,5,65,82,128,9,72,133,126,26,103,44,42" hai2="7,118,13,85,62,48,56,122,119,58,30,41,12" hai3="89,29,75,68,18,17,20,19,3,124,60,27,111"/><U51/><E126/><V93/><F122/><W74/><G124/><T115/><D71/><U34/><E128/><V100/><F119/><W91/><G3/><T135/><D121/><U116/><E116/><V83/><F118/><W2/><G2/><T54/><D115/><U127/><E127/><V28/><F100/><W97/><G111/><T117/><D117/><U57/><E34/><V79/><F93/><W109/><G109/><T52/><D131/><U15/><E133/><N who="0" m="50697" /><D4/><U96/><E72/><V63/><F48/><W108/><G108/><T73/><D73/><U50/><E82/><V45/><F45/><W84/><G97/><T90/><D31/><N who="2" m="11818" /><F41/><W101/><G101/><T40/><D40/><U81/><E81/><AGARI ba="0,0" hai="52,53,54,64,67,76,81,86,87,90,95" m="50697" machi="81" ten="30,2000,0" yaku="20,1,54,1" doraHai="24" who="0" fromWho="1" sc="376,20,292,-20,124,0,208,0" /><INIT seed="2,0,0,5,0,31" ten="396,272,124,208" oya="2" hai0="92,122,7,1,62,91,17,32,100,104,61,115,101" hai1="107,126,96,0,2,26,89,99,56,103,48,106,40" hai2="9,34,37,23,21,130,129,90,73,30,74,50,80" hai3="65,112,11,116,105,131,66,121,76,98,54,113,84"/><V95/><F37/><W82/><G121/><T127/><D115/><N who="3" m="44105" /><G116/><T60/><D32/><U49/><E126/><V27/><F9/><W135/><G135/><T51/><D104/><U102/><E89/><V109/><F109/><W75/><G131/><N who="2" m="50185" /><F50/><W128/><G128/><T117/><D1/><U19/><E56/><V59/><F59/><W6/><G54/><T14/><D7/><U15/><E26/><N who="2" m="18775" /><F80/><N who="3" m="45087" /><G98/><N who="0" m="57631" /><D122/><U18/><E15/><V125/><F125/><W85/><G105/><T108/><D117/><U33/><E33/><V79/><F79/><N who="3" m="46175" /><G85/><T36/><D36/><U133/><E133/><V134/><F134/><W20/><G20/><N who="2" m="7753" /><F27/><W45/><G45/><T118/><D108/><U46/><E46/><V58/><F58/><W39/><G39/><T111/><D111/><U67/><E40/><V70/><F70/><W63/><G63/><T72/><D127/><U8/><E8/><V25/><F25/><W43/><G43/><T81/><D51/><U77/><E77/><V5/><F5/><W120/><G120/><T110/><D110/><U4/><E4/><V22/><N who="2" m="7761" /><V71/><DORA hai="41" /><F71/><W28/><G28/><T38/><D38/><U52/><E67/><V29/><F29/><W86/><G86/><AGARI ba="0,0" hai="73,74,86,90,95" m="7761,18775,50185" machi="86" ten="40,3900,0" yaku="19,1,52,1" doraHai="31,41" who="2" fromWho="3" sc="396,0,272,0,124,39,208,-39" /><INIT seed="2,1,0,4,1,31" ten="396,272,163,169" oya="2" hai0="133,58,10,6,94,92,27,29,87,3,24,66,77" hai1="108,112,75,23,16,135,41,38,105,126,14,118,7" hai2="73,107,90,13,9,67,115,51,101,98,85,89,68" hai3="72,36,17,76,12,97,40,113,96,121,4,123,82"/><V93/><F115/><W5/><G113/><T20/><D133/><U100/><E112/><V25/><F73/><W125/><G125/><T33/><D77/><U124/><E135/><V0/><F0/><W79/><G79/><T43/><D43/><U120/><E118/><V21/><F90/><W61/><G61/><T122/><D87/><U119/><E119/><V26/><F51/><W64/><G64/><T1/><D1/><U111/><E75/><V18/><REACH who="2" step="1"/><F9/><REACH who="2" ten="396,272,153,169" step="2"/><W102/><G121/><T60/><D122/><U44/><E120/><V15/><F15/><W110/><G123/><T47/><D47/><U69/><E124/><V59/><F59/><W53/><G110/><T129/><D129/><U39/><E126/><V127/><F127/><W130/><G130/><T114/><D114/><U62/><E108/><V88/><F88/><W19/><G12/><T55/><D3/><U128/><E111/><V65/><F65/><W46/><G72/><T131/><D131/><U81/><E128/><V95/><F95/><W37/><G37/><T84/><D66/><N who="1" m="41175" /><E39/><V56/><F56/><W54/><G36/><T28/><D92/><U106/><E81/><V104/><F104/><W103/><G82/><T74/><D74/><U71/><E71/><V34/><F34/><W63/><G76/><T30/><D94/><U32/><E32/><V42/><F42/><W11/><G40/><T8/><D8/><N who="1" m="4383" /><E100/><V57/><F57/><W99/><G11/><T86/><D10/><U83/><E83/><V52/><F52/><W48/><G102/><T132/><D33/><U134/><E134/><RYUUKYOKU ba="1,1" sc="396,-15,272,15,153,15,169,-15" hai1="16,23,38,41,44,105,106" hai2="13,18,21,25,26,67,68,85,89,93,98,101,107" /><INIT seed="2,2,1,2,5,18" ten="381,287,168,154" oya="2" hai0="35,87,5,127,94,13,131,56,106,8,116,15,59" hai1="47,79,29,71,133,25,76,69,57,108,52,88,84" hai2="11,49,81,30,98,28,62,0,99,16,114,100,53" hai3="73,6,103,124,26,17,48,34,112,118,70,9,91"/><V23/><F114/><W97/><G73/><T38/><D35/><U45/><E108/><V58/><F81/><W31/><G118/><T33/><D33/><U83/><E133/><V135/><F135/><W110/><G110/><T130/><D106/><U44/><E71/><V119/><F119/><W134/><G134/><T64/><D38/><U7/><E7/><V101/><F11/><W63/><G112/><T82/><D116/><U80/><E69/><V121/><F0/><W128/><G91/><T117/><D117/><U2/><E2/><V55/><F121/><W24/><G128/><N who="0" m="49195" /><D127/><U61/><REACH who="1" step="1"/><E83/><REACH who="1" ten="381,277,168,154" step="2"/><V68/><F68/><W89/><G124/><T3/><D82/><U107/><E107/><V36/><F36/><W21/><G70/><T102/><D3/><U111/><E111/><V123/><F123/><W75/><G75/><T96/><D5/><U109/><E109/><V43/><F99/><W104/><G48/><T4/><D87/><U50/><E50/><V92/><F101/><W46/><G89/><T86/><D86/><U129/><E129/><V41/><F41/><W126/><G126/><T66/><D96/><U74/><E74/><V78/><F43/><W42/><G42/><T90/><D102/><U113/><E113/><V27/><REACH who="2" step="1"/><F78/><REACH who="2" ten="381,277,158,154" step="2"/><W132/><G132/><T77/><D77/><U60/><E60/><V93/><F93/><W105/><G104/><T39/><D39/><U65/><E65/><N who="0" m="25193" /><D94/><U1/><E1/><V32/><F32/><AGARI ba="2,3" hai="25,29,32,44,45,47,52,57,61,76,79,80,84,88" machi="32" ten="40,8000,1" yaku="1,1,54,2,53,1" doraHai="18" doraHaiUra="20" who="1" fromWho="2" sc="381,0,277,116,158,-86,154,0" /><INIT seed="3,0,0,4,5,132" ten="381,393,72,154" oya="3" hai0="39,89,74,108,62,88,18,55,97,35,40,12,106" hai1="10,130,96,123,44,98,75,51,128,87,131,64,110" hai2="37,127,99,57,65,93,90,104,135,92,70,15,19" hai3="63,72,46,85,4,33,42,79,125,121,100,25,68"/><W122/><G72/><T1/><D1/><U78/><E110/><V38/><F104/><W41/><G41/><T86/><D74/><U133/><E133/><V81/><F135/><W34/><G4/><T101/><D35/><U28/><E123/><V32/><F32/><W36/><G34/><T115/><D108/><U118/><E118/><V102/><F70/><W43/><G43/><T17/><D115/><U52/><E75/><V76/><F65/><W94/><G79/><T112/><D112/><U66/><E28/><V14/><F57/><W134/><G134/><T48/><D62/><U114/><E114/><V11/><F15/><W22/><G33/><T58/><D40/><U69/><E10/><V54/><F54/><W7/><G7/><T47/><D39/><U31/><E31/><V5/><F5/><W91/><G100/><T26/><D26/><U111/><E111/><V16/><F19/><W120/><G68/><T105/><D105/><U56/><E69/><V23/><F11/><W84/><G63/><T24/><D24/><U20/><E20/><V53/><F53/><W2/><G2/><T60/><D12/><U109/><E109/><V82/><F127/><W116/><G116/><T80/><D89/><U83/><E64/><V30/><F30/><W67/><G67/><T61/><D61/><AGARI ba="0,0" hai="44,51,52,56,61,66,78,83,87,96,98,128,130,131" machi="61" ten="40,2600,0" yaku="19,1,54,1" doraHai="132" who="1" fromWho="0" sc="381,-26,393,26,72,0,154,0" owari="355,15.5,419,51.9,72,-42.8,154,-24.6" /></mjloggm>