<mjloggm ver="2.3"><GO type="225" lobby="0"/><UN n0="%E3%81%B2%E3%81%AA%E3%81%AE%E3%82%8A%E3%81%8F" n1="%4B%2E%32%2E%4B%2E" n2="%E3%83%94%E3%83%B3%E3%82%B5%E3%83%AD%E5%BA%97%E5%93%A1" n3="%E3%81%99%E3%81%84%E3%81%BE%E3%81%9B%E3%83%BC%E3%82%93" dan="16,17,16,18" rate="2082.28,2166.09,2112.79,2193.06" sx="M,M,M,M"/><TAIKYOKU oya="0"/><INIT seed="0,0,0,2,2,60" ten="250,250,250,250" oya="0" hai0="51,67,87,109,81,1,100,127,59,3,21,44,124" hai1="49,39,28,102,45,14,121,133,53,112,132,4,35" hai2="16,18,27,0,63,128,38,64,26,103,115,86,48" hai3="73,69,78,93,82,129,122,66,54,7,130,57,108"/><T101/><D21/><U116/><E121/><V131/><F38/><W94/><G122/><T120/><D120/><U10/><E116/><V92/><F0/><W83/><G108/><T88/><D109/><U8/><E112/><V77/><F115/><W113/><G113/><T25/><D25/><N who="2" m="9226" /><F48/><N who="3" m="30919" /><G7/><T55/><D3/><U43/><E28/><V9/><F9/><W76/><G69/><T68/><D68/><U29/><E29/><V135/><F135/><N who="1" m="51785" /><E102/><V134/><F134/><W110/><G66/><T41/><D1/><N who="1" m="15" /><E35/><V85/><F103/><W119/><G119/><T111/><D111/><U50/><E53/><V126/><F126/><N who="0" m="48170" /><D67/><U75/><E75/><V5/><F5/><AGARI ba="0,0" hai="5,10,14,39,43,45,49,50" m="15,51785" machi="5" ten="30,1000,0" yaku="20,1" doraHai="60" who="1" fromWho="2" sc="250,0,250,10,250,-10,250,0" /><INIT seed="1,0,0,4,0,75" ten="250,260,240,250" oya="1" hai0="55,16,51,49,32,86,35,22,13,105,117,40,98" hai1="126,6,110,65,34,80,69,41,64,109,46,50,4" hai2="83,87,74,81,113,120,14,127,129,12,93,111,76" hai3="9,18,30,97,27,63,43,125,68,20,11,28,124"/><U101/><E34/><V96/><F120/><W24/><G43/><T122/><D117/><U100/><E126/><N who="3" m="48746" /><G97/><T57/><D122/><U115/><E115/><V77/><F127/><W26/><G63/><T104/><D86/><U44/><E80/><V107/><F113/><W88/><G88/><T21/><D21/><U38/><E69/><V131/><F107/><W15/><G68/><T17/><D17/><U8/><E65/><V61/><F61/><W7/><G9/><T116/><D116/><U37/><E64/><V5/><F111/><N who="1" m="42505" /><E8/><V84/><F74/><W33/><G30/><T99/><D99/><U89/><E89/><N who="2" m="55343" /><F5/><N who="1" m="2153" /><E37/><V82/><F82/><W123/><G123/><T94/><D35/><U135/><E135/><V130/><AGARI ba="0,0" hai="12,14,76,77,81,83,84,87,129,130,131" m="55343" machi="130" ten="30,4000,0" yaku="19,1,52,2" doraHai="75" who="2" fromWho="2" sc="250,-10,260,-20,240,40,250,-10" /><INIT seed="2,0,0,2,1,74" ten="240,240,280,240" oya="2" hai0="97,105,71,123,91,126,54,35,103,130,31,99,20" hai1="19,0,47,77,115,109,8,96,21,30,51,133,1" hai2="12,67,84,4,38,6,72,73,63,87,100,114,5" hai3="132,42,117,9,129,40,28,98,134,122,62,110,55"/><V24/><F114/><W76/><G117/><T45/><D123/><U34/><E115/><V94/><F38/><W111/><G122/><T66/><D126/><U22/><E109/><N who="3" m="41482" /><G28/><T70/><D130/><U27/><E133/><N who="3" m="51306" /><G129/><T17/><D35/><U108/><E108/><V48/><F12/><W124/><G124/><T11/><D31/><U3/><E96/><V26/><F73/><W81/><G98/><T121/><D121/><U85/><E8/><V82/><F72/><N who="3" m="43143" /><G9/><T101/><D11/><U43/><E34/><V75/><F75/><W61/><G55/><T131/><D131/><U93/><E22/><V53/><F53/><W79/><G79/><T92/><D103/><U89/><E77/><V128/><F100/><W86/><G86/><T135/><D135/><U16/><AGARI ba="0,0" hai="0,1,3,16,19,21,27,30,43,47,51,85,89,93" machi="16" ten="40,2700,0" yaku="0,1,54,1" doraHai="74" who="1" fromWho="1" sc="240,-7,240,27,280,-13,240,-7" /><INIT seed="3,0,0,3,5,81" ten="233,267,267,233" oya="3" hai0="90,133,78,0,13,25,65,80,9,52,87,108,26" hai1="61,63,43,31,27,93,59,23,11,112,103,49,17" hai2="128,114,68,10,64,29,131,124,51,40,94,123,60" hai3="84,77,14,45,54,113,125,47,57,97,85,74,98"/><W119/><G113/><T79/><D108/><U19/><E112/><V62/><F114/><W1/><G119/><T102/><D0/><U32/><E11/><V6/><F124/><W129/><G1/><T91/><D133/><U130/><E130/><N who="2" m="49707" /><F123/><W86/><G129/><T116/><D116/><U3/><E3/><N who="2" m="351" /><F29/><W22/><G125/><T75/><D102/><U122/><E122/><V135/><F135/><W41/><G77/><N who="0" m="29195" /><D75/><U28/><E28/><V16/><F62/><N who="3" m="36151" /><G74/><T92/><D65/><U101/><E63/><V4/><F4/><W105/><G105/><T5/><D52/><N who="1" m="34023" /><E32/><V134/><F134/><W115/><G115/><T88/><D91/><U104/><E104/><V118/><F118/><W20/><G41/><T100/><D100/><N who="1" m="38475" /><E93/><V18/><F94/><W12/><G98/><AGARI ba="0,0" hai="5,9,13,25,26,80,87,88,90,92,98" m="29195" machi="98" ten="30,3900,0" yaku="8,1,52,1,54,1" doraHai="81" who="0" fromWho="3" sc="233,39,267,0,267,0,233,-39" /><INIT seed="4,0,0,4,3,61" ten="272,267,267,194" oya="0" hai0="89,22,115,29,33,130,105,100,76,57,11,128,75" hai1="0,92,15,94,101,110,69,90,62,56,72,134,68" hai2="84,112,95,64,78,113,2,122,126,88,9,109,98" hai3="97,12,18,82,21,6,23,8,5,119,135,32,24"/><T39/><D39/><U63/><E0/><V93/><F122/><W85/><G119/><T27/><D115/><N who="2" m="44106" /><F109/><W91/><G135/><T87/><D33/><U41/><E110/><V58/><F126/><W129/><G129/><N who="0" m="49771" /><D11/><U108/><E108/><V20/><F20/><W71/><G71/><T7/><D7/><N who="3" m="2569" /><G32/><T81/><D57/><U4/><E72/><V74/><F9/><W47/><G47/><T102/><D105/><U43/><E134/><V44/><F2/><W118/><G118/><T46/><D46/><U53/><E4/><V106/><F44/><W99/><G23/><T10/><D10/><U38/><E15/><V60/><F106/><W52/><G52/><T77/><D77/><U131/><E131/><V51/><F51/><W66/><G66/><T83/><AGARI ba="0,0" hai="22,27,29,75,76,81,83,87,89,100,102" m="49771" machi="83" ten="30,1500,0" yaku="19,1" doraHai="61" who="0" fromWho="0" sc="272,15,267,-5,267,-5,194,-5" /><INIT seed="4,1,0,3,4,60" ten="287,262,262,189" oya="0" hai0="106,122,70,7,90,72,99,57,77,69,71,23,88" hai1="96,97,19,59,29,105,134,36,120,131,104,102,26" hai2="11,62,98,81,84,115,17,15,39,133,35,14,129" hai3="41,20,92,33,18,87,10,100,0,67,2,135,93"/><T3/><D122/><U28/><E120/><V79/><F115/><W55/><G33/><T110/><D110/><U38/><E131/><V128/><F39/><W53/><G135/><T83/><D57/><U117/><E117/><V119/><F35/><W108/><G108/><T103/><REACH who="0" step="1"/><D23/><REACH who="0" ten="277,262,262,189" step="2"/><U6/><E59/><V125/><F133/><W111/><G111/><T73/><D73/><U30/><E134/><V65/><F119/><W64/><G41/><T101/><D101/><U95/><E102/><V25/><F129/><W22/><G100/><T109/><D109/><U130/><E130/><V132/><F128/><W54/><G10/><AGARI ba="1,1" hai="3,7,10,69,70,71,72,77,83,88,90,99,103,106" machi="10" ten="40,3900,0" yaku="1,1,54,1,53,0" doraHai="60" doraHaiUra="21" who="0" fromWho="3" sc="277,52,262,0,262,0,189,-42" owari="329,42.9,262,6.2,262,-13.8,147,-35.3" /></mjloggm>