<mjloggm ver="2.3"><GO type="225" lobby="0"/><UN n0="%E6%A1%9C%E8%8A%B1%E9%96%83%E3%80%85" n1="%E6%97%A5%E6%9B%9C%E6%97%A5%E3%82%88%E3%82%8A%E3%81%AE%E4%BD%BF%E8%80%85" n2="%33%74%72%65%65" n3="%E5%B0%8F%E9%B3%A5%E9%81%8A%E7%B7%B4%E7%84%A1%32%31%E6%AD%B3" dan="16,17,17,17" rate="2226.14,2212.03,2134.99,2194.25" sx="M,M,M,F"/><TAIKYOKU oya="0"/><INIT seed="0,0,0,1,5,59" ten="250,250,250,250" oya="0" hai0="105,52,15,97,4,45,91,81,74,44,49,93,128" hai1="39,135,40,7,8,64,110,96,21,0,113,69,35" hai2="14,71,123,16,37,95,5,3,109,29,116,112,63" hai3="92,24,56,22,25,88,103,26,129,6,124,65,90"/><T66/><D128/><U111/><E135/><V114/><F123/><W50/><G6/><T36/><D105/><U18/><E35/><V27/><F109/><N who="1" m="41481" /><E96/><V104/><F104/><W89/><G129/><T79/><D66/><U32/><E32/><N who="2" m="20543" /><F37/><W2/><G2/><T58/><REACH who="0" step="1"/><D36/><REACH who="0" ten="240,250,250,250" step="2"/><U31/><E39/><V133/><F133/><W84/><G124/><T67/><D67/><U108/><E64/><N who="2" m="41375" /><F116/><W60/><G50/><T125/><D125/><U130/><E108/><V102/><F102/><W9/><G103/><T53/><D53/><U82/><E130/><V118/><F118/><W41/><G41/><T46/><D46/><U28/><E40/><V57/><F57/><W100/><G100/><T54/><D54/><U33/><E69/><V99/><F114/><W120/><G120/><T98/><D98/><U61/><E113/><V51/><F112/><W20/><G9/><AGARI ba="0,1" hai="4,9,15,44,45,49,52,58,74,79,81,91,93,97" machi="9" ten="40,7700,0" yaku="1,1,54,1,53,1" doraHai="59" doraHaiUra="1" who="0" fromWho="3" sc="240,87,250,0,250,0,250,-77" /><INIT seed="0,1,0,3,4,20" ten="327,250,250,173" oya="0" hai0="89,127,95,117,73,90,34,11,7,125,68,47,4" hai1="62,75,59,133,81,53,135,56,74,118,106,21,121" hai2="37,102,54,30,60,46,12,78,25,9,126,107,39" hai3="130,49,101,24,119,29,66,115,33,17,58,18,43"/><T110/><D117/><U15/><E118/><V48/><F126/><N who="0" m="48138" /><D68/><U98/><E121/><V10/><F78/><W40/><G119/><T14/><D73/><U57/><E98/><V23/><F9/><W19/><G115/><T97/><D110/><U128/><E106/><V55/><F102/><W111/><G111/><T72/><D72/><U70/><E128/><V1/><F1/><W124/><G130/><T51/><D34/><U38/><E38/><V69/><F107/><W2/><G2/><T129/><D129/><U45/><E70/><V65/><REACH who="2" step="1"/><F55/><REACH who="2" ten="327,250,240,173" step="2"/><W67/><G124/><T131/><D131/><U3/><E3/><V52/><F52/><W6/><G101/><N who="0" m="60607" /><D4/><AGARI ba="1,1" hai="4,10,12,23,25,30,37,39,46,48,54,60,65,69" machi="4" ten="30,3900,0" yaku="1,1,7,1,52,1,53,0" doraHai="20" doraHaiUra="83" who="2" fromWho="0" sc="327,-42,250,0,240,52,173,0" /><INIT seed="1,0,0,4,1,102" ten="285,250,292,173" oya="1" hai0="85,44,131,114,68,42,40,26,7,82,1,17,127" hai1="95,116,27,37,111,24,29,104,52,84,110,47,25" hai2="63,53,89,8,16,58,10,36,86,69,22,118,113" hai3="98,97,45,0,112,105,101,130,134,33,117,14,28"/><U51/><E104/><V83/><F118/><W70/><G112/><T71/><D114/><U115/><E115/><V12/><F113/><W92/><G130/><T2/><D42/><U43/><E116/><V125/><F125/><W6/><G134/><T119/><D119/><U80/><E95/><V46/><F69/><W93/><G70/><T20/><D127/><U23/><E37/><V54/><F36/><W56/><G0/><T9/><D1/><U109/><E43/><V11/><F22/><W120/><G120/><T13/><D2/><U61/><E61/><V77/><F77/><AGARI ba="0,0" hai="23,24,25,27,29,47,51,52,77,80,84,109,110,111" machi="77" ten="40,7700,0" yaku="14,1,10,1,54,1" doraHai="102" who="1" fromWho="2" sc="285,0,250,77,292,-77,173,0" /><INIT seed="1,1,0,4,0,84" ten="285,327,215,173" oya="1" hai0="89,77,1,80,126,17,19,45,96,82,127,8,108" hai1="7,10,11,132,6,35,101,59,124,79,38,16,98" hai2="13,105,51,115,129,64,86,109,48,74,70,39,81" hai3="88,4,60,67,131,57,28,78,85,75,36,111,47"/><U43/><E35/><V107/><F39/><W97/><G111/><T0/><D108/><U5/><E79/><V69/><F109/><W83/><G131/><T12/><D45/><U32/><E32/><V65/><F74/><W53/><G28/><T110/><D110/><U66/><E38/><V119/><F119/><W135/><G135/><T118/><D118/><U117/><E43/><V33/><F33/><W130/><G130/><T112/><D112/><U116/><E116/><V55/><F129/><W73/><G4/><T123/><D123/><U128/><E117/><V76/><F115/><W125/><G125/><N who="0" m="47627" /><D19/><U54/><E124/><V91/><F48/><W113/><G113/><T49/><D49/><U100/><E128/><V92/><F13/><W3/><G3/><N who="0" m="1099" /><D77/><U87/><E5/><V68/><F107/><W114/><G114/><T15/><D12/><U121/><E16/><V25/><F105/><W14/><G14/><T31/><D31/><U134/><E121/><V27/><F27/><W62/><G36/><T58/><D58/><U63/><E7/><V102/><F25/><W104/><G47/><T56/><D56/><N who="1" m="37223" /><E6/><V40/><F40/><W99/><G78/><T72/><D72/><U44/><E44/><V90/><F76/><W9/><G9/><T37/><D37/><U23/><E10/><V95/><F51/><W71/><REACH who="3" step="1"/><G104/><REACH who="3" ten="285,327,215,163" step="2"/><T42/><D8/><U22/><E11/><V18/><F18/><W61/><G61/><T29/><D29/><U103/><E134/><V21/><F21/><N who="1" m="7689" /><E132/><V133/><F133/><W93/><G93/><N who="0" m="56367" /><D42/><U24/><E24/><RYUUKYOKU ba="1,1" sc="285,15,327,-15,215,-15,163,15" hai0="15,17,80,82" hai3="53,57,60,62,67,71,73,75,83,85,88,97,99" /><INIT seed="2,2,1,3,0,55" ten="300,312,200,178" oya="2" hai0="57,73,85,56,64,124,79,4,42,106,116,37,131" hai1="133,103,95,46,105,61,65,97,27,21,76,13,114" hai2="36,39,15,44,18,43,69,0,66,77,120,3,48" hai3="113,91,107,72,93,104,123,6,128,22,17,75,102"/><V25/><F120/><W115/><G6/><T29/><D73/><N who="3" m="28233" /><G123/><T135/><D106/><N who="3" m="40489" /><G17/><T54/><D131/><U59/><E114/><N who="3" m="43530" /><G22/><T19/><D19/><U110/><E110/><V86/><F25/><W99/><G128/><T31/><D4/><U87/><E133/><V68/><F3/><W30/><G30/><T50/><D135/><U71/><E13/><V109/><F0/><W8/><G8/><T12/><D12/><U130/><E130/><V112/><F112/><W118/><G118/><T24/><D24/><U11/><E11/><V58/><F109/><W129/><G129/><T134/><D116/><U51/><E21/><V47/><F66/><W98/><G98/><T117/><D117/><U100/><E27/><V32/><F32/><W23/><G23/><T40/><D134/><U94/><E97/><V126/><F126/><W28/><G28/><T121/><D124/><U81/><E71/><V82/><F58/><W49/><G49/><T127/><D127/><U2/><E2/><V60/><F60/><W111/><G111/><T7/><D7/><U62/><E62/><V108/><F108/><W70/><G70/><T67/><D121/><U33/><E33/><V53/><REACH who="2" step="1"/><F39/><REACH who="2" ten="300,312,190,178" step="2"/><W89/><AGARI ba="2,2" hai="89,91,93,99,102" m="43530,40489,28233" machi="89" ten="40,5200,0" yaku="11,1,34,2" doraHai="55" who="3" fromWho="3" sc="300,-15,312,-15,190,-28,178,78" /><INIT seed="3,0,0,3,5,29" ten="285,297,162,256" oya="3" hai0="21,105,50,40,88,115,68,92,109,31,55,111,100" hai1="86,45,79,60,35,104,120,126,7,30,47,127,112" hai2="18,131,13,43,33,57,41,16,130,123,8,9,80" hai3="59,28,70,17,26,121,48,118,135,129,117,32,119"/><W82/><G121/><T19/><D68/><U14/><E104/><V110/><F123/><W89/><G70/><T125/><D31/><U69/><E120/><V116/><F116/><W85/><G135/><T20/><D125/><N who="1" m="47627" /><E112/><V81/><F57/><W73/><G129/><T74/><D74/><U93/><E35/><V3/><F13/><W36/><G36/><T22/><D40/><U91/><E30/><V108/><REACH who="2" step="1"/><F33/><REACH who="2" ten="285,297,152,256" step="2"/><W107/><G118/><T66/><D115/><U87/><E69/><V49/><F49/><W23/><G119/><T34/><D34/><U53/><E60/><V84/><F84/><W72/><G117/><T113/><D113/><U61/><E14/><V78/><F78/><W2/><G2/><AGARI ba="0,1" hai="2,3,8,9,16,18,41,43,80,81,108,110,130,131" machi="2" ten="25,6400,0" yaku="1,1,22,2,54,1,53,0" doraHai="29" doraHaiUra="56" who="2" fromWho="3" sc="285,0,297,0,152,74,256,-64" /><INIT seed="4,0,0,2,5,113" ten="285,297,226,192" oya="0" hai0="64,31,46,65,95,82,0,105,98,130,60,26,85" hai1="66,93,32,126,120,37,23,35,8,78,116,9,43" hai2="4,55,101,125,86,61,99,24,30,114,59,1,16" hai3="102,83,103,121,21,112,128,7,54,44,51,80,18"/><T36/><D0/><U104/><E116/><V29/><F114/><W12/><G112/><T25/><D105/><U45/><E104/><V109/><F109/><W49/><G128/><T58/><D130/><U47/><E120/><V52/><F125/><W115/><G115/><T88/><D36/><U79/><E37/><V41/><F41/><W89/><G121/><T87/><D46/><U135/><E66/><N who="0" m="25705" /><D31/><U33/><E43/><V40/><F40/><N who="3" m="24711" /><G7/><T3/><D3/><U69/><E69/><V75/><F75/><W76/><G76/><N who="0" m="46279" /><D87/><U19/><E35/><V90/><F4/><W111/><G111/><T92/><D92/><U81/><E93/><N who="2" m="58607" /><F1/><W110/><G110/><T15/><D15/><U70/><E70/><V10/><F55/><AGARI ba="0,0" hai="25,26,55,58,60,88,95,98" m="46279,25705" machi="55" ten="30,2900,0" yaku="8,1,54,1" doraHai="113" who="0" fromWho="2" sc="285,29,297,0,226,-29,192,0" owari="314,41.4,297,9.7,197,-20.3,192,-30.8" /></mjloggm>