<mjloggm ver="2.3"><GO type="225" lobby="0"/><UN n0="%E5%91%A8%E6%9D%B1" n1="%E3%81%A4%E3%81%A3%E3%81%B1%E3%82%8A%E3%83%9D%E3%83%BC%E3%83%AB" n2="%E3%83%96%E3%83%83%E3%83%91%E3%82%AA%E3%83%96%E3%83%81%E3%82%AD%E3%83%B3" n3="%E3%81%8A%E3%81%AB%E3%82%83%E3%81%8A%E3%81%A1%E3%82%83" dan="16,17,17,16" rate="2230.06,2222.19,2196.66,2095.19" sx="M,M,M,M"/><TAIKYOKU oya="0"/><INIT seed="0,0,0,2,3,35" ten="250,250,250,250" oya="0" hai0="32,4,72,86,36,73,23,53,49,38,2,135,69" hai1="46,122,90,42,12,79,94,107,5,52,132,114,127" hai2="87,59,17,34,84,29,119,58,75,83,133,117,66" hai3="129,80,30,64,116,22,101,37,65,26,19,97,10"/><T45/><D32/><U110/><E122/><V31/><F133/><W54/><G116/><N who="2" m="44617" /><F17/><W78/><G37/><T33/><D33/><U68/><E68/><V134/><F134/><W115/><G115/><T131/><D135/><U123/><E107/><V108/><F108/><W120/><G120/><T28/><D69/><U128/><E123/><V16/><F34/><W89/><G129/><T109/><D109/><U126/><E132/><V20/><F75/><W96/><G89/><T14/><D131/><U61/><E79/><N who="2" m="46207" /><F87/><W118/><G118/><T27/><D73/><U85/><E110/><V18/><F18/><W99/><G101/><T130/><D72/><U98/><E128/><V104/><F104/><W74/><G54/><T50/><D130/><U1/><E85/><V88/><F88/><W47/><G47/><T77/><D14/><U51/><E114/><V105/><F105/><W91/><G91/><T24/><D24/><U124/><E61/><N who="2" m="38199" /><F59/><W93/><G93/><T8/><REACH who="0" step="1"/><D50/><REACH who="0" ten="240,250,250,250" step="2"/><U6/><E124/><V92/><F92/><W56/><G26/><AGARI ba="0,1" hai="16,20,26,29,31" m="38199,46207,44617" machi="26" ten="30,2000,0" yaku="12,1,54,1" doraHai="35" who="2" fromWho="3" sc="240,0,250,0,250,30,250,-20" /><INIT seed="1,0,0,2,3,32" ten="240,250,280,230" oya="1" hai0="25,41,37,68,61,13,66,40,52,18,67,86,121" hai1="92,119,26,56,12,29,43,23,130,70,30,114,62" hai2="109,71,117,28,127,98,20,105,65,58,84,19,57" hai3="17,101,88,31,0,123,7,69,14,5,99,22,77"/><U36/><E119/><V76/><F117/><W126/><G123/><T8/><D121/><U63/><E114/><V16/><F109/><W94/><G69/><T6/><D67/><U75/><E130/><V91/><F71/><W11/><G126/><T110/><D110/><U132/><E132/><V2/><F127/><W72/><G7/><T38/><D38/><U74/><E30/><V48/><F2/><W10/><G31/><T60/><D37/><U82/><E82/><N who="2" m="47175" /><F105/><W47/><G47/><T87/><D86/><U131/><E131/><V134/><F134/><W124/><G124/><T83/><D25/><U112/><E112/><V34/><F34/><W27/><G77/><T89/><REACH who="0" step="1"/><D6/><REACH who="0" ten="230,250,280,230" step="2"/><U33/><E36/><V81/><F65/><W46/><G72/><T39/><D39/><U111/><E74/><V108/><F108/><W85/><G46/><T113/><D113/><U128/><E75/><V35/><F19/><W96/><G96/><T97/><D97/><U129/><E111/><V44/><F16/><W80/><REACH who="3" step="1"/><G10/><REACH who="3" ten="230,250,280,220" step="2"/><T125/><D125/><U100/><E128/><V79/><F98/><W73/><G73/><T118/><D118/><U103/><E129/><V64/><F44/><W3/><AGARI ba="0,2" hai="0,3,5,11,14,17,22,27,80,85,88,94,99,101" machi="3" ten="30,8000,1" yaku="1,1,0,1,52,2,54,1,53,0" doraHai="32" doraHaiUra="51" who="3" fromWho="3" sc="230,-20,250,-40,280,-20,220,100" /><INIT seed="2,0,0,3,3,134" ten="210,210,260,320" oya="2" hai0="70,52,45,103,49,132,122,29,4,15,65,32,127" hai1="128,25,1,54,20,38,13,124,5,107,96,50,92" hai2="64,86,57,83,19,98,90,121,110,68,94,74,123" hai3="77,63,6,61,10,113,43,118,58,131,34,36,51"/><V53/><F68/><W117/><G34/><T78/><D132/><U87/><E38/><V55/><F110/><W62/><G77/><T105/><D122/><U12/><E107/><V95/><F74/><W89/><G131/><T14/><D78/><U126/><E128/><V17/><F121/><W75/><G75/><T108/><D4/><U93/><E1/><V101/><F123/><W125/><G113/><T85/><D85/><U80/><E5/><V66/><F55/><W47/><G89/><T39/><D39/><U42/><E42/><V46/><F46/><N who="3" m="23911" /><G10/><T99/><D108/><U71/><E71/><V112/><F112/><W27/><G27/><N who="0" m="18495" /><D127/><N who="1" m="48683" /><E12/><V37/><F37/><W44/><G6/><T21/><D21/><U67/><E67/><N who="2" m="25643" /><F83/><W41/><G125/><T16/><D16/><N who="1" m="12423" /><E13/><V104/><F104/><W22/><G44/><T40/><D40/><U97/><E93/><V88/><F101/><W7/><G22/><T91/><D91/><N who="1" m="51687" /><E92/><V82/><F95/><W31/><G31/><T48/><D48/><AGARI ba="0,0" hai="17,19,48,53,57,82,86,88,90,94,98" m="25643" machi="48" ten="30,2900,0" yaku="8,1,54,1" doraHai="134" who="2" fromWho="0" sc="210,-29,210,0,260,29,320,0" /><INIT seed="2,1,0,0,4,59" ten="181,210,289,320" oya="2" hai0="89,42,127,37,55,129,10,70,116,126,98,26,60" hai1="8,19,48,113,33,46,81,35,134,68,128,25,132" hai2="74,14,105,93,36,51,39,22,112,5,24,104,58" hai3="67,66,115,15,73,31,135,7,0,101,41,122,119"/><V77/><F112/><W79/><G115/><T107/><D116/><U86/><E68/><V106/><F74/><W38/><G119/><T47/><D129/><U121/><E113/><V50/><F77/><W40/><G122/><T78/><D78/><N who="1" m="46391" /><E128/><V9/><F93/><W61/><G0/><T124/><D10/><U123/><E8/><V52/><REACH who="2" step="1"/><F51/><REACH who="2" ten="181,210,279,320" step="2"/><W95/><G95/><N who="0" m="56687" /><D107/><U80/><E80/><V120/><F120/><N who="1" m="46153" /><E134/><V87/><F87/><W6/><G79/><T109/><D109/><U16/><E132/><V92/><F92/><W131/><G73/><T75/><D75/><U91/><E91/><V56/><F56/><W108/><G101/><T118/><D118/><U62/><E62/><V12/><F12/><W30/><G15/><T99/><D99/><U57/><E57/><V64/><F64/><W45/><G61/><T69/><D60/><U23/><E19/><AGARI ba="1,1" hai="5,9,14,19,22,24,36,39,50,52,58,104,105,106" machi="19" ten="40,3900,0" yaku="1,1,54,1,53,0" doraHai="59" doraHaiUra="133" who="2" fromWho="1" sc="181,0,210,-42,279,52,320,0" /><INIT seed="2,2,0,3,1,66" ten="181,168,331,320" oya="2" hai0="96,17,15,123,24,99,72,68,47,87,122,82,0" hai1="57,67,34,63,116,32,107,81,70,33,45,55,135" hai2="5,52,74,108,89,79,73,3,7,104,4,132,46" hai3="61,105,85,23,28,50,60,40,11,86,83,134,112"/><V20/><F104/><W93/><G105/><T130/><D0/><U10/><E116/><V91/><F3/><W76/><G112/><T109/><D72/><U121/><E107/><V125/><F125/><W64/><G134/><T114/><D114/><U48/><E135/><V54/><F132/><W30/><G11/><T39/><D68/><U119/><E119/><V49/><F108/><W115/><G115/><T117/><D117/><U12/><E121/><V78/><F74/><W62/><G64/><T51/><D39/><U27/><E81/><V13/><F73/><W129/><G129/><T58/><D130/><U97/><E97/><V18/><REACH who="2" step="1"/><F54/><REACH who="2" ten="181,168,321,320" step="2"/><W2/><G2/><T80/><D109/><U95/><E95/><V77/><AGARI ba="2,1" hai="4,5,7,13,18,20,46,49,52,77,78,79,89,91" machi="77" ten="30,12000,1" yaku="1,1,2,1,0,1,8,1,54,1,53,0" doraHai="66" doraHaiUra="118" who="2" fromWho="2" sc="181,-42,168,-42,321,136,320,-42" /><INIT seed="2,3,0,0,2,74" ten="139,126,457,278" oya="2" hai0="49,30,108,20,63,44,78,11,127,134,40,47,109" hai1="96,38,8,50,112,17,25,7,122,37,18,64,128" hai2="99,54,98,88,61,31,1,70,124,4,52,41,92" hai3="91,45,83,87,90,66,56,53,12,131,94,72,51"/><V29/><F124/><W133/><G131/><T82/><D127/><U5/><E112/><V35/><F41/><W76/><G133/><T55/><D134/><U34/><E128/><V59/><F70/><W75/><G91/><T100/><D100/><U2/><E122/><V3/><F35/><W33/><G33/><T89/><D89/><U21/><E64/><V0/><F4/><W120/><G120/><T116/><D116/><U93/><E7/><V28/><REACH who="2" step="1"/><F54/><REACH who="2" ten="139,126,447,278" step="2"/><W32/><G32/><T80/><D40/><U115/><E34/><V113/><F113/><W125/><G125/><T60/><D55/><U9/><E115/><V10/><F10/><W65/><G65/><T101/><D11/><U118/><E118/><V68/><F68/><W102/><G66/><T121/><D121/><U111/><E111/><V84/><AGARI ba="3,1" hai="0,1,3,28,29,31,52,59,61,84,88,92,98,99" machi="84" ten="40,12000,1" yaku="1,1,0,1,54,2,53,0" doraHai="74" doraHaiUra="106" who="2" fromWho="2" sc="139,-43,126,-43,447,139,278,-43" /><INIT seed="2,4,0,5,2,45" ten="96,83,586,235" oya="2" hai0="107,106,116,3,123,68,24,122,14,62,69,114,101" hai1="99,131,8,133,54,17,128,93,57,89,124,6,27" hai2="71,33,22,72,64,75,42,61,74,130,56,0,85" hai3="82,95,11,34,115,87,25,132,48,40,49,60,10"/><V13/><F33/><W31/><G132/><T70/><D3/><U26/><E133/><V38/><F130/><N who="1" m="49705" /><E124/><V134/><F134/><W79/><G115/><T92/><D114/><U77/><E77/><V81/><F0/><W32/><G60/><T76/><D76/><U100/><E17/><V21/><F13/><W129/><G129/><T102/><D116/><U135/><E135/><V35/><F35/><W58/><G34/><T86/><D24/><U39/><E39/><V2/><F2/><W73/><G73/><T103/><D14/><N who="1" m="5399" /><E100/><V41/><F71/><W110/><G110/><T121/><D62/><AGARI ba="4,0" hai="26,27,54,57,62,89,93,99" m="5399,49705" machi="62" ten="30,1000,0" yaku="19,1" doraHai="45" who="1" fromWho="0" sc="96,-22,83,22,586,0,235,0" /><INIT seed="3,0,0,4,3,65" ten="74,105,586,235" oya="3" hai0="19,51,14,80,131,96,121,69,1,41,49,67,86" hai1="56,13,5,104,99,55,85,8,20,92,54,35,74" hai2="119,77,6,102,125,103,89,127,36,30,82,15,106" hai3="120,32,18,31,62,114,83,97,10,100,88,63,68"/><W71/><G114/><T44/><D131/><U105/><E35/><V26/><F119/><W12/><G120/><T9/><D121/><U94/><E74/><V110/><F110/><W7/><G63/><T73/><D73/><U122/><E122/><V117/><F36/><W37/><G37/><T21/><D1/><U34/><E34/><V27/><F89/><W132/><G132/><T128/><D128/><U38/><E38/><V4/><F117/><W50/><G62/><T52/><D96/><U25/><E105/><V133/><F133/><W91/><G50/><T108/><D108/><U118/><E104/><V11/><F6/><W124/><G124/><N who="2" m="47689" /><F106/><W135/><G135/><T79/><D67/><U17/><E118/><V107/><F107/><W2/><G100/><N who="2" m="38441" /><F30/><W42/><G42/><T33/><D33/><U93/><E99/><V123/><F123/><W53/><G53/><N who="1" m="19978" /><E56/><V48/><F48/><W46/><G46/><T126/><D126/><U60/><E60/><V43/><F43/><W87/><G97/><T59/><REACH who="0" step="1"/><D69/><REACH who="0" ten="64,105,586,235" step="2"/><U134/><E134/><V101/><F101/><W57/><G57/><T130/><D130/><U40/><E40/><V29/><F29/><W61/><G61/><T115/><D115/><U3/><E3/><V47/><F47/><W28/><G91/><AGARI ba="0,1" hai="5,8,13,17,20,25,85,91,92,93,94" m="19978" machi="91" ten="30,1000,0" yaku="8,1" doraHai="65" who="1" fromWho="3" sc="64,0,105,20,586,0,235,-10" owari="64,-43.6,125,-27.5,586,68.6,225,2.5" /></mjloggm>