<mjloggm ver="2.3"><GO type="225" lobby="0"/><UN n0="%E6%B5%81%E3%82%8C%EF%BC%9F%53%4F%41" n1="%E3%82%A2%E3%83%9E%E3%83%9D%EF%BD%9E%EF%BD%9E%E3%83%A9" n2="%E3%81%BF%E3%81%BF%E3%81%9A" n3="%72%61%6B%33" dan="17,17,18,16" rate="2255.10,2059.95,2262.84,2084.18" sx="M,M,M,M"/><TAIKYOKU oya="0"/><INIT seed="0,0,0,3,0,51" ten="250,250,250,250" oya="0" hai0="27,130,23,24,105,2,34,127,1,67,21,117,30" hai1="16,97,25,133,19,44,57,74,28,63,128,113,4" hai2="7,91,120,87,95,15,98,3,100,112,75,62,116" hai3="110,70,9,121,59,10,0,13,8,88,94,52,37"/><T71/><D117/><U106/><E128/><V53/><F120/><W122/><G70/><T58/><D71/><U32/><E133/><V56/><F112/><W20/><G37/><T45/><D105/><U68/><E74/><V109/><F109/><W39/><G39/><T135/><D130/><U108/><E108/><V6/><F75/><W114/><G110/><T12/><D45/><U49/><E4/><V101/><F3/><N who="0" m="1034" /><D58/><U104/><E104/><V61/><F116/><W11/><G0/><T40/><D40/><U29/><E29/><V50/><F100/><W77/><G77/><T47/><D47/><U36/><E36/><V103/><F101/><W41/><G41/><T18/><D67/><N who="1" m="41087" /><E57/><V86/><F86/><W92/><G114/><T14/><D127/><U42/><E113/><V66/><F15/><N who="0" m="5674" /><D135/><U81/><E81/><V134/><F134/><W131/><G131/><T43/><D43/><U124/><E124/><V72/><F72/><W26/><G94/><T17/><D17/><U126/><E126/><V73/><F73/><W129/><G129/><T119/><D119/><U54/><E42/><V111/><F111/><W83/><G83/><T90/><D90/><U115/><E115/><V78/><F78/><W38/><G38/><T55/><D55/><U102/><AGARI ba="0,0" hai="16,19,25,28,32,44,49,54,97,102,106" m="41087" machi="102" ten="30,4000,0" yaku="25,1,52,1,54,1" doraHai="51" who="1" fromWho="1" sc="250,-20,250,40,250,-10,250,-10" /><INIT seed="1,0,0,3,1,3" ten="230,290,240,240" oya="1" hai0="111,9,25,13,118,98,73,0,81,42,58,102,21" hai1="47,33,114,131,99,35,1,52,5,78,49,85,94" hai2="76,20,72,30,79,26,121,122,74,71,34,100,120" hai3="2,54,8,117,116,107,109,11,10,38,64,63,126"/><U22/><E114/><V62/><F100/><W90/><G107/><T27/><D118/><U59/><E131/><V95/><F95/><W123/><G123/><T132/><D111/><U124/><E124/><V88/><F88/><W66/><G38/><T87/><D73/><U133/><E133/><V80/><F20/><W60/><G54/><T36/><D0/><U19/><E47/><V44/><F44/><W37/><G37/><T69/><D69/><U108/><E108/><V129/><F129/><W106/><G106/><T82/><D42/><U43/><E43/><V103/><F103/><W77/><G109/><T28/><D36/><U17/><E17/><V96/><F96/><W32/><G32/><T101/><D81/><U31/><E31/><V105/><F105/><W127/><G2/><T65/><D25/><U83/><E1/><V104/><F104/><W14/><G90/><N who="0" m="51575" /><D98/><U55/><E55/><V57/><F76/><W7/><G77/><T41/><D41/><U56/><E35/><V134/><F134/><W93/><G93/><T84/><D84/><U18/><E33/><V89/><F89/><W16/><G66/><T113/><D132/><U6/><E59/><V86/><REACH who="2" step="1"/><F71/><REACH who="2" ten="230,290,230,240" step="2"/><W125/><G127/><T115/><D113/><U112/><E112/><V92/><F92/><W39/><G126/><T48/><D115/><U128/><E128/><V29/><F29/><W50/><G125/><T110/><D110/><U97/><E97/><V61/><F61/><W24/><G63/><N who="0" m="38135" /><D48/><U130/><E130/><V23/><F23/><W91/><G50/><T135/><D135/><RYUUKYOKU ba="0,1" sc="230,15,290,-15,230,15,240,-15" hai0="9,13,21,27,28,101,102" hai2="26,30,34,57,62,72,74,79,80,86,120,121,122" /><INIT seed="2,1,1,0,1,7" ten="245,275,245,225" oya="2" hai0="86,16,77,14,43,68,131,103,54,30,17,6,81" hai1="29,23,63,73,112,123,37,87,10,56,76,93,15" hai2="91,85,47,60,49,79,72,109,24,121,125,18,113" hai3="122,78,36,50,95,42,20,107,71,34,105,67,74"/><V82/><F113/><W126/><G122/><T100/><D68/><U80/><E37/><V41/><F121/><W61/><G126/><T99/><D30/><U101/><E112/><V4/><F125/><W117/><G117/><T32/><D32/><U88/><E123/><V11/><F109/><W111/><G111/><T26/><D26/><U110/><E101/><V62/><F18/><N who="0" m="7274" /><D43/><U114/><E110/><V0/><REACH who="2" step="1"/><F24/><REACH who="2" ten="245,275,235,225" step="2"/><W39/><G107/><T127/><D127/><U12/><E114/><V104/><F104/><W1/><G105/><T97/><D131/><U119/><E119/><V134/><F134/><W106/><G106/><T27/><D27/><N who="1" m="16639" /><E10/><V96/><F96/><N who="0" m="36938" /><D54/><U75/><E75/><V59/><F59/><W57/><G57/><T28/><D28/><U133/><E133/><V129/><F129/><W58/><G58/><T124/><D124/><U55/><E73/><V38/><F38/><W120/><G36/><T44/><D44/><U89/><E55/><V128/><F128/><W64/><G39/><T46/><D46/><U5/><E56/><V132/><F132/><W52/><G52/><T2/><D2/><U48/><E48/><V35/><F35/><W90/><G34/><T116/><D116/><U51/><E51/><V53/><F53/><W118/><G50/><T84/><D84/><U25/><E87/><V45/><F45/><W92/><G74/><T8/><AGARI ba="1,2" hai="6,8,14,77,81,86,100,103" m="36938,7274" machi="8" ten="30,4000,0" yaku="8,1,52,1,54,1" doraHai="7" who="0" fromWho="0" sc="245,63,275,-11,235,-21,225,-11" /><INIT seed="3,0,0,0,5,51" ten="308,264,214,214" oya="3" hai0="119,88,2,106,93,85,62,65,77,87,92,101,126" hai1="1,134,36,123,46,89,11,84,86,32,57,110,66" hai2="80,45,94,124,107,27,13,111,114,53,0,26,129" hai3="128,20,33,6,115,67,116,15,132,59,17,54,56"/><W16/><G115/><T79/><D2/><U100/><E123/><V69/><F107/><W23/><G116/><T82/><D119/><U71/><E32/><V118/><F0/><W122/><G122/><T37/><D37/><U28/><E28/><V55/><F69/><W105/><G33/><T112/><D112/><U49/><E100/><V58/><F114/><W78/><G105/><T75/><D126/><U103/><E103/><V104/><F104/><W81/><G128/><T44/><D44/><U108/><E71/><V52/><F118/><W61/><G132/><T47/><D47/><U70/><E70/><V90/><F129/><W83/><G6/><T5/><D5/><N who="1" m="1455" /><E89/><V91/><F111/><N who="1" m="42537" /><E36/><V31/><F124/><W24/><G78/><N who="0" m="44383" /><D85/><U25/><E25/><N who="2" m="9227" /><F31/><W18/><G18/><T41/><D93/><U121/><E134/><V102/><F45/><W117/><G117/><T9/><D9/><U73/><E73/><V131/><F131/><W48/><AGARI ba="0,0" hai="15,16,17,20,23,24,48,54,56,59,61,67,81,83" machi="48" ten="20,12000,1" yaku="0,1,7,1,8,1,52,1,54,1" doraHai="51" who="3" fromWho="3" sc="308,-40,264,-40,214,-40,214,120" owari="268,6.8,224,-17.6,174,-32.6,334,43.4" /></mjloggm>