<mjloggm ver="2.3"><GO type="225" lobby="0"/><UN n0="%E5%91%A8%E6%9D%B1" n1="%E6%A1%9C%E8%8A%B1%E9%96%83%E3%80%85" n2="%E3%81%8B%E3%82%8F%E3%81%A1%E3%82%83%E3%82%93%35%38" n3="%E3%83%96%E3%83%83%E3%83%91%E3%82%AA%E3%83%96%E3%83%81%E3%82%AD%E3%83%B3" dan="16,17,16,17" rate="2196.19,2162.46,2192.31,2187.24" sx="M,M,M,M"/><TAIKYOKU oya="0"/><INIT seed="0,0,0,0,3,131" ten="250,250,250,250" oya="0" hai0="9,111,68,18,65,67,49,70,52,115,79,10,134" hai1="83,118,64,4,62,60,88,32,36,76,59,34,11" hai2="103,54,102,7,28,2,57,120,0,40,29,92,133" hai3="69,5,61,13,47,41,73,90,48,85,43,81,128"/><T50/><D115/><U93/><E118/><V26/><F120/><W16/><G128/><T14/><D79/><U82/><E36/><V101/><F40/><W74/><G5/><T126/><D126/><U96/><E62/><V135/><F92/><W95/><G43/><T110/><D14/><U25/><E25/><V132/><F7/><W55/><G95/><T1/><D18/><U121/><E121/><V125/><F125/><W99/><G99/><T75/><D75/><U66/><E66/><V33/><REACH who="2" step="1"/><F29/><REACH who="2" ten="250,250,240,250" step="2"/><W8/><REACH who="3" step="1"/><G41/><REACH who="3" ten="250,250,240,240" step="2"/><T112/><D112/><U30/><E4/><V15/><F15/><W113/><G113/><T91/><D1/><U12/><E93/><V124/><F124/><W63/><G63/><AGARI ba="0,2" hai="0,2,26,28,33,54,57,63,101,102,103,132,133,135" machi="63" ten="50,8000,1" yaku="1,1,20,1,52,3,53,0" doraHai="131" doraHaiUra="100" who="2" fromWho="3" sc="250,0,250,0,240,100,240,-80" /><INIT seed="1,0,0,3,1,75" ten="250,250,340,160" oya="1" hai0="92,43,46,89,99,7,112,20,55,127,98,22,125" hai1="82,38,135,128,57,115,56,34,62,132,11,94,41" hai2="30,103,69,119,66,50,68,111,72,86,33,134,48" hai3="63,121,73,58,8,131,110,13,9,126,2,31,118"/><U104/><E104/><V76/><F72/><W90/><G121/><T124/><D112/><U21/><E34/><V39/><F39/><W100/><G110/><T87/><D7/><U59/><E115/><V81/><F103/><W117/><G73/><T16/><D55/><U44/><E11/><V83/><F30/><W18/><G100/><T133/><D22/><U106/><E106/><V77/><F33/><W26/><G90/><T49/><REACH who="0" step="1"/><D133/><REACH who="0" ten="240,250,340,160" step="2"/><N who="1" m="51275" /><E21/><V88/><F134/><W10/><G2/><T6/><D6/><U47/><E128/><V67/><F111/><W116/><G131/><T40/><D40/><N who="1" m="22551" /><E82/><V53/><F53/><W96/><G8/><T64/><D64/><N who="1" m="38983" /><E94/><V97/><F81/><W35/><G9/><T130/><D130/><U28/><E28/><V60/><F83/><W32/><G32/><T23/><D23/><U29/><E29/><V15/><F67/><W129/><G129/><T74/><D74/><U122/><E122/><V79/><F66/><W93/><G118/><T51/><D51/><AGARI ba="0,1" hai="41,47,51,57,59" m="38983,22551,51275" machi="51" ten="30,5800,0" yaku="20,1,34,2" doraHai="75" who="1" fromWho="0" sc="240,-58,250,68,340,0,160,0" /><INIT seed="1,1,0,0,5,135" ten="182,318,340,160" oya="1" hai0="108,109,9,68,77,34,86,55,11,32,130,24,16" hai1="46,53,71,19,73,43,113,66,116,100,97,15,65" hai2="57,88,125,38,51,18,115,58,75,59,40,112,3" hai3="92,54,127,49,7,28,103,0,10,4,131,84,1"/><U25/><E113/><N who="2" m="43595" /><F75/><W78/><G131/><T26/><D68/><U41/><E116/><V67/><F3/><W72/><G28/><T33/><D55/><U48/><E73/><V60/><F125/><W63/><G63/><T74/><D74/><U69/><E25/><N who="0" m="9833" /><D86/><U50/><E71/><N who="2" m="42471" /><F18/><W106/><G72/><T105/><D77/><U87/><E87/><V91/><F38/><W13/><G78/><T27/><D105/><U93/><E69/><V2/><F2/><W96/><G7/><T80/><D80/><U14/><E14/><V35/><F35/><W120/><G120/><T12/><N who="0" m="9841" /><T90/><DORA hai="102" /><D90/><N who="2" m="34346" /><F40/><N who="1" m="15433" /><E50/><AGARI ba="1,0" hai="50,51,57,58,59" m="34346,42471,43595" machi="50" ten="40,2600,0" yaku="11,1,54,1" doraHai="135,102" who="2" fromWho="1" sc="182,0,318,-29,340,29,160,0" /><INIT seed="2,0,0,4,1,25" ten="182,289,369,160" oya="2" hai0="105,97,32,24,19,56,113,91,55,74,88,107,90" hai1="80,37,86,78,108,17,49,57,60,129,116,66,94" hai2="126,47,39,92,85,21,59,111,34,71,30,73,58" hai3="118,0,41,14,22,112,38,18,109,64,87,8,79"/><V4/><F71/><W51/><G118/><T52/><D74/><U89/><E108/><V45/><F34/><W93/><G109/><T26/><D113/><U130/><E37/><V121/><F73/><W125/><G125/><T120/><D120/><U72/><E116/><V3/><F3/><W35/><G35/><T114/><D114/><U124/><E124/><V15/><F39/><W40/><G112/><T99/><D19/><U10/><E49/><V20/><F92/><W135/><G135/><T77/><D77/><U13/><AGARI ba="0,0" hai="10,13,17,57,60,66,72,78,80,86,89,94,129,130" machi="13" ten="30,1100,0" yaku="0,1" doraHai="25" who="1" fromWho="1" sc="182,-3,289,11,369,-5,160,-3" /><INIT seed="3,0,0,5,1,101" ten="179,300,364,157" oya="3" hai0="72,23,122,16,42,66,32,46,41,115,64,48,1" hai1="58,125,93,22,10,11,105,13,98,77,87,111,63" hai2="3,127,124,128,70,27,117,4,85,38,120,29,86" hai3="61,21,62,17,99,7,65,34,84,107,51,106,47"/><W95/><G34/><T129/><D122/><U68/><E68/><V97/><F38/><W53/><G7/><T12/><D72/><U26/><E111/><V131/><F70/><W25/><G84/><T90/><D1/><U92/><E125/><V112/><F112/><W74/><G74/><T78/><D32/><U50/><E50/><V76/><F117/><W88/><REACH who="3" step="1"/><G62/><REACH who="3" ten="179,300,364,147" step="2"/><T43/><D115/><U103/><E87/><V116/><F86/><W75/><G75/><T33/><D33/><U82/><E77/><V69/><F85/><W31/><G31/><T94/><D78/><U54/><E82/><V28/><F76/><W20/><G20/><T30/><D30/><U14/><E10/><V45/><F29/><W19/><G19/><T79/><D79/><U114/><E114/><V89/><F4/><W37/><G37/><T118/><D118/><U80/><E80/><V57/><F116/><W5/><G5/><T56/><D129/><U134/><E11/><V121/><F131/><W91/><G91/><T123/><D123/><U24/><E22/><V109/><F128/><W0/><G0/><T119/><D119/><U39/><E39/><V73/><F121/><W135/><G135/><T100/><D90/><U40/><E134/><V6/><F120/><W44/><G44/><T81/><D81/><U102/><E63/><V8/><F45/><W55/><G55/><N who="0" m="31847" /><D46/><U35/><E54/><V15/><F73/><W132/><G132/><T59/><D59/><AGARI ba="0,1" hai="17,21,25,47,51,53,59,61,65,88,95,99,106,107" machi="59" ten="30,12000,1" yaku="1,1,7,1,52,2,54,1,53,0" doraHai="101" doraHaiUra="133" who="3" fromWho="0" sc="179,-120,300,0,364,0,147,130" /><INIT seed="3,1,0,4,1,48" ten="59,300,364,277" oya="3" hai0="73,50,119,128,70,75,96,39,55,67,72,49,105" hai1="3,133,41,84,71,25,102,79,91,58,65,122,113" hai2="66,1,29,46,106,83,76,93,23,99,28,134,114" hai3="108,62,118,115,126,51,101,127,135,87,59,86,31"/><W98/><G115/><T24/><D39/><U132/><E113/><V37/><F114/><W19/><G31/><T54/><D119/><U109/><E122/><V94/><F1/><W35/><G35/><T14/><D128/><U124/><E109/><V85/><F106/><W43/><G118/><T89/><D24/><U18/><E124/><N who="3" m="47658" /><G108/><T95/><D105/><U117/><E117/><V60/><F29/><W20/><G135/><N who="1" m="51786" /><E3/><V36/><F28/><W6/><G6/><T45/><D14/><U97/><E71/><V22/><F134/><W68/><G68/><T78/><D70/><U80/><E41/><V88/><F22/><W27/><G51/><T0/><D0/><U121/><E121/><V100/><F23/><W30/><G43/><T2/><D2/><U32/><E18/><V107/><F46/><W103/><G19/><T44/><REACH who="0" step="1"/><D67/><REACH who="0" ten="49,300,364,277" step="2"/><U4/><E25/><V92/><F36/><W10/><G10/><T125/><D125/><U82/><E32/><V52/><F37/><W21/><G21/><T77/><AGARI ba="1,1" hai="44,45,49,50,54,55,72,73,75,77,78,89,95,96" machi="77" ten="40,8000,1" yaku="1,1,0,1,9,1,52,2,53,0" doraHai="48" doraHaiUra="130" who="0" fromWho="0" sc="49,93,300,-21,364,-21,277,-41" owari="142,-35.8,279,7.9,343,44.3,236,-16.4" /></mjloggm>