<mjloggm ver="2.3"><GO type="225" lobby="0"/><UN n0="%E6%98%93%E5%88%A9%E8%96%A9%E4%BC%AF" n1="%E3%83%A9%E3%82%A4%E3%83%B3%E3%81%AE%E8%99%8E" n2="%E5%91%A8%E6%9D%B1" n3="%E2%98%86%E5%B0%8F%E5%AD%A6%E7%94%B7%E7%94%9F%E2%98%86" dan="17,16,17,17" rate="2199.86,2105.78,2248.20,2170.25" sx="F,M,M,M"/><TAIKYOKU oya="0"/><INIT seed="0,0,0,3,1,85" ten="250,250,250,250" oya="0" hai0="29,117,80,113,48,1,90,23,76,45,38,46,91" hai1="104,63,13,115,78,109,74,112,21,32,127,55,132" hai2="68,14,64,7,12,61,73,82,6,121,96,52,86" hai3="16,56,110,27,42,106,65,35,37,95,72,97,19"/><T28/><D113/><N who="1" m="43595" /><E32/><V128/><F121/><W51/><G72/><T58/><D117/><U22/><E109/><V89/><F128/><W62/><G106/><T43/><D1/><U79/><E127/><V103/><F73/><W50/><G37/><T36/><D58/><N who="1" m="35295" /><E132/><V34/><F34/><W5/><G5/><T125/><D125/><U70/><E104/><V83/><F83/><W94/><G110/><T41/><D48/><U133/><E133/><V30/><F30/><W134/><G134/><T26/><D29/><U102/><E102/><V44/><F7/><W87/><G35/><T107/><D107/><U60/><E74/><AGARI ba="0,0" hai="23,26,28,36,38,41,43,45,46,74,76,80,90,91" machi="74" ten="30,11600,0" yaku="7,1,9,1,52,2" doraHai="85" who="0" fromWho="1" sc="250,116,250,-116,250,0,250,0" /><INIT seed="0,1,0,0,1,5" ten="366,134,250,250" oya="0" hai0="26,97,83,43,116,14,69,135,133,50,37,101,95" hai1="104,34,12,99,108,91,59,123,7,98,75,17,67" hai2="39,128,30,42,8,121,41,0,65,24,76,38,58" hai3="51,22,64,35,54,23,45,114,62,130,132,70,119"/><T81/><D116/><U44/><E123/><V2/><F76/><W9/><G119/><T16/><D37/><U21/><E108/><V15/><F121/><W6/><G114/><T57/><D69/><U122/><E34/><V111/><F111/><W60/><G130/><T85/><D26/><U31/><E31/><V36/><F128/><W3/><G35/><T71/><D71/><U127/><E127/><V47/><F65/><W68/><G132/><N who="0" m="50763" /><D85/><U106/><E75/><V63/><F58/><W66/><AGARI ba="1,0" hai="3,6,9,22,23,45,51,54,60,62,64,66,68,70" machi="66" ten="30,4000,0" yaku="0,1,9,1,52,1" doraHai="5" who="3" fromWho="3" sc="366,-21,134,-11,250,-11,250,43" /><INIT seed="1,0,0,1,0,74" ten="345,123,239,293" oya="1" hai0="8,70,12,0,14,33,121,2,65,56,50,117,11" hai1="85,39,3,16,37,114,123,129,97,79,112,106,128" hai2="89,69,91,131,38,111,132,104,49,59,19,55,110" hai3="73,15,24,27,40,113,78,80,107,100,86,118,45"/><U82/><E3/><N who="0" m="1065" /><D50/><U52/><E123/><V120/><F120/><W93/><G113/><N who="1" m="43626" /><E16/><V47/><F104/><W67/><G118/><T9/><D56/><U42/><E42/><N who="2" m="22999" /><F19/><W130/><G67/><T116/><D65/><U68/><E68/><V31/><F31/><W7/><G130/><N who="1" m="50282" /><E52/><V30/><F30/><W77/><G107/><T44/><D70/><U62/><E62/><V95/><F131/><W60/><G60/><T88/><D44/><U57/><E57/><V71/><F91/><W6/><G73/><T26/><D88/><U99/><E106/><V109/><F132/><W102/><G45/><T51/><D51/><U61/><E61/><V48/><F49/><W101/><G40/><T103/><D121/><U122/><E122/><V25/><F25/><W66/><G27/><T115/><D115/><U83/><E83/><V13/><F13/><W4/><G24/><T21/><D14/><U41/><E41/><V134/><F134/><W32/><G66/><T10/><D12/><U81/><E81/><V72/><F71/><W105/><G105/><T75/><D26/><U20/><E20/><V96/><F69/><W23/><G32/><T5/><D21/><U108/><E108/><V98/><F111/><W46/><G46/><T1/><D33/><U126/><E126/><V124/><F124/><W87/><G23/><T63/><D63/><U22/><E22/><V84/><F110/><W119/><G15/><T127/><D127/><U35/><E35/><V29/><F109/><W92/><G6/><T76/><D5/><U135/><E135/><V125/><F125/><RYUUKYOKU ba="0,0" sc="345,-10,123,30,239,-10,293,-10" hai1="37,39,79,82,85,97,99" /><INIT seed="1,1,0,1,2,64" ten="335,153,229,283" oya="1" hai0="116,68,39,40,0,27,99,82,42,55,36,25,22" hai1="110,112,129,88,24,47,48,29,78,69,109,84,75" hai2="53,32,97,79,67,126,119,60,114,101,120,34,95" hai3="70,98,59,15,1,124,80,128,54,71,135,117,132"/><U56/><E112/><V72/><F119/><W65/><G1/><T86/><D0/><U62/><E129/><V43/><F120/><W10/><G128/><T104/><D68/><U31/><E75/><V41/><F114/><W58/><G117/><T118/><D27/><U6/><E78/><V7/><F126/><W17/><G124/><T45/><D55/><N who="1" m="30111" /><E6/><V121/><F121/><W49/><G80/><T23/><D23/><U107/><E107/><V74/><F53/><W18/><G98/><T111/><D111/><N who="1" m="42507" /><E24/><V11/><F79/><W105/><G105/><T13/><D13/><U106/><E106/><V44/><F72/><W87/><G87/><T113/><D113/><U30/><E69/><V37/><F74/><W2/><G2/><T38/><D116/><U5/><E5/><V115/><F43/><W134/><G18/><T108/><D118/><U66/><E31/><V94/><F115/><W3/><G3/><T46/><D108/><U131/><E131/><V122/><F122/><W9/><G9/><T73/><D73/><U33/><E33/><V90/><F11/><W103/><G103/><T19/><D104/><U26/><E26/><V4/><F7/><W123/><G123/><T102/><D102/><U127/><E127/><V35/><F4/><W16/><G17/><T52/><D25/><U93/><AGARI ba="1,0" hai="29,30,56,62,66,84,88,93" m="42507,30111" machi="93" ten="30,6000,0" yaku="14,1,10,1,54,1" doraHai="64" who="1" fromWho="1" sc="335,-21,153,63,229,-21,283,-21" /><INIT seed="1,2,0,0,5,112" ten="314,216,208,262" oya="1" hai0="98,38,84,2,78,30,110,20,46,8,14,39,19" hai1="74,131,117,55,58,29,128,120,85,104,40,75,64" hai2="33,101,10,25,89,113,16,6,57,105,132,99,4" hai3="102,36,108,42,61,15,23,79,116,96,47,28,121"/><U119/><E120/><V44/><F113/><W18/><G121/><T62/><D110/><U125/><E104/><V92/><F132/><W93/><G108/><T13/><D2/><U83/><E64/><V76/><F76/><W106/><G79/><T37/><D98/><U3/><E3/><V107/><F107/><W126/><G126/><T100/><D100/><U59/><E40/><V97/><F44/><W66/><G28/><T134/><D134/><U22/><E125/><V80/><F80/><W87/><G87/><T7/><D62/><N who="1" m="36191" /><E59/><V45/><F45/><W60/><G116/><N who="1" m="44618" /><E22/><V43/><F43/><W90/><G66/><T34/><D46/><U21/><E21/><V27/><F57/><W71/><G71/><T73/><D39/><U52/><E52/><V72/><F72/><W111/><G111/><T35/><D73/><U130/><E29/><V70/><F70/><W51/><G36/><T17/><D30/><U31/><E31/><V56/><F33/><W114/><G114/><T135/><D35/><U109/><E109/><V88/><F56/><W65/><G65/><T95/><D34/><U32/><E32/><V122/><F122/><W103/><G106/><T115/><D115/><U124/><E124/><V91/><F6/><W11/><G23/><T53/><D53/><U67/><E67/><V5/><F5/><W77/><G77/><AGARI ba="2,0" hai="74,75,77,83,85,128,130,131" m="44618,36191" machi="77" ten="40,12000,1" yaku="19,1,52,3" doraHai="112" who="1" fromWho="3" sc="314,0,216,126,208,0,262,-126" /><INIT seed="1,3,0,1,0,134" ten="314,342,208,136" oya="1" hai0="79,101,135,20,126,71,5,15,47,27,31,46,41" hai1="57,102,66,50,83,78,1,106,7,53,80,97,35" hai2="114,65,11,10,61,124,92,22,133,33,26,93,113" hai3="125,56,32,30,4,18,9,0,48,75,74,36,34"/><U3/><E35/><V94/><F33/><W117/><G36/><T16/><D71/><U68/><E83/><V28/><F133/><W17/><G117/><T49/><D126/><U122/><E122/><V58/><REACH who="2" step="1"/><F124/><REACH who="2" ten="314,342,198,136" step="2"/><W52/><G125/><T96/><D135/><U38/><E38/><V62/><F62/><W81/><G34/><T69/><D69/><U118/><E118/><V99/><F99/><W82/><G32/><T95/><D79/><U131/><E131/><V39/><F39/><W44/><G30/><T91/><D47/><U19/><E97/><V84/><F84/><W25/><G75/><T59/><D59/><U29/><E29/><V108/><F108/><W63/><G74/><T105/><D105/><U112/><E57/><V103/><F103/><W86/><G25/><T98/><D98/><U43/><E102/><V128/><F128/><W21/><G21/><T116/><D116/><U115/><E106/><V130/><F130/><W13/><G0/><T23/><D101/><U54/><E3/><V85/><F85/><W107/><G107/><T129/><D129/><U72/><E68/><V88/><F88/><N who="3" m="51279" /><G82/><T2/><D2/><U87/><E80/><V14/><F14/><W89/><G89/><T90/><D90/><U111/><E1/><V100/><F100/><W73/><G73/><T55/><D96/><U8/><E72/><V40/><F40/><AGARI ba="3,1" hai="4,9,13,17,18,40,44,48,52,56,63" m="51279" machi="40" ten="30,3900,0" yaku="8,1,54,2" doraHai="134" who="3" fromWho="2" sc="314,0,342,0,198,-48,136,58" /><INIT seed="2,0,0,1,4,25" ten="314,342,150,194" oya="2" hai0="82,98,74,49,32,46,63,70,84,26,92,29,110" hai1="107,5,133,67,85,79,73,100,21,12,15,2,127" hai2="104,111,83,45,54,87,72,96,8,3,42,53,114" hai3="57,33,23,59,20,18,94,123,62,93,88,37,24"/><V97/><F114/><W109/><G123/><T102/><D110/><U132/><E73/><V117/><F117/><W44/><G109/><T16/><D74/><U9/><E67/><V30/><F111/><W126/><G33/><T115/><D115/><U28/><E127/><V120/><F120/><W103/><G126/><T90/><D70/><U106/><E79/><V66/><F66/><W124/><G124/><T41/><D63/><U55/><E85/><V22/><F72/><W121/><G121/><T4/><D4/><U51/><E28/><V48/><F3/><W6/><G6/><T81/><REACH who="0" step="1"/><D16/><REACH who="0" ten="304,342,150,194" step="2"/><N who="1" m="10399" /><E2/><V43/><F8/><W113/><G113/><T35/><D35/><U69/><E69/><V89/><F43/><W112/><G112/><T80/><AGARI ba="0,1" hai="26,29,32,41,46,49,80,81,82,84,90,92,98,102" machi="80" ten="20,5200,0" yaku="1,1,0,1,7,1,52,1,53,0" doraHai="25" doraHaiUra="128" who="0" fromWho="0" sc="304,62,342,-13,150,-26,194,-13" /><INIT seed="3,0,0,4,2,65" ten="366,329,124,181" oya="3" hai0="75,130,126,68,120,63,114,133,51,89,59,3,44" hai1="95,21,88,60,39,83,42,97,0,4,103,43,24" hai2="111,77,18,31,72,30,131,135,7,58,16,15,14" hai3="82,116,17,33,76,66,1,129,110,70,113,27,32"/><W10/><G116/><T117/><RYUUKYOKU type="yao9" ba="0,0" sc="366,0,329,0,124,0,181,0" hai0="3,44,51,59,63,68,75,89,114,117,120,126,130,133" /><INIT seed="3,1,0,2,2,129" ten="366,329,124,181" oya="3" hai0="109,48,53,2,135,55,52,124,24,1,105,126,46" hai1="54,37,23,33,14,113,30,81,67,121,128,65,76" hai2="20,18,80,92,61,107,100,133,5,119,21,120,58" hai3="9,115,122,49,111,123,106,102,98,32,71,57,95"/><W11/><G115/><T62/><D105/><U47/><E121/><V40/><F119/><W93/><G71/><T82/><D135/><U131/><E33/><V132/><F120/><W51/><G32/><T118/><D118/><U6/><E113/><V7/><F40/><W88/><G111/><T87/><D24/><N who="1" m="16671" /><E6/><V89/><F80/><W42/><G106/><T41/><D62/><U108/><E108/><V101/><F107/><W26/><G26/><T104/><D104/><U25/><E14/><V127/><F127/><N who="0" m="48682" /><D109/><U103/><E103/><N who="2" m="39499" /><F7/><W94/><G94/><T17/><D17/><U77/><E25/><V99/><F5/><W27/><G27/><T96/><D96/><U34/><E34/><V84/><F84/><W13/><G122/><T73/><D73/><U12/><E12/><V63/><F63/><W134/><G13/><T130/><D130/><N who="1" m="49707" /><E77/><AGARI ba="1,0" hai="1,2,41,46,48,52,53,55,77,82,87" m="48682" machi="77" ten="30,2000,0" yaku="18,1,54,1" doraHai="129" who="0" fromWho="1" sc="366,23,329,-23,124,0,181,0" owari="389,48.9,306,10.6,124,-37.6,181,-21.9" /></mjloggm>