<mjloggm ver="2.3"><GO type="225" lobby="0"/><UN n0="%E4%BF%BA%E3%81%A8%E5%A6%96%E5%A4%A2" n1="%E5%8D%A0%E3%81%84%E5%B8%AB%E8%A3%8F%E3%81%AA%E3%81%84%E3%81%97" n2="%E5%91%A8%E6%9D%B1" n3="%E6%A1%9C%E8%8A%B1%E9%96%83%E3%80%85" dan="16,17,17,16" rate="2096.50,2227.21,2122.40,2132.56" sx="F,M,M,M"/><TAIKYOKU oya="0"/><INIT seed="0,0,0,3,1,46" ten="250,250,250,250" oya="0" hai0="116,25,37,9,8,79,88,96,44,86,34,94,82" hai1="108,92,15,98,91,122,18,27,113,102,115,51,35" hai2="61,106,13,55,5,127,76,123,83,41,54,78,77" hai3="134,67,119,31,45,56,0,59,107,130,100,126,66"/><T117/><D34/><U132/><E122/><V74/><F123/><W64/><G0/><T120/><D120/><U101/><E108/><V60/><F106/><W4/><G4/><T62/><D25/><U12/><E132/><V124/><F41/><W17/><G31/><T118/><REACH who="0" step="1"/><D62/><REACH who="0" ten="240,250,250,250" step="2"/><U69/><E35/><V38/><F61/><W90/><G134/><T65/><D65/><U10/><E27/><V109/><F60/><W89/><G67/><T97/><D97/><U26/><E26/><V114/><F109/><W133/><G66/><T103/><D103/><U30/><E101/><V16/><F114/><W71/><G64/><T70/><D70/><U68/><E102/><V99/><F99/><W80/><G71/><T19/><D19/><N who="1" m="8599" /><E30/><V32/><F32/><W105/><G100/><T110/><D110/><U21/><E68/><V49/><F5/><W128/><G17/><T93/><D93/><U75/><E69/><V36/><F127/><W20/><G126/><T40/><AGARI ba="0,1" hai="8,9,37,40,44,79,82,86,88,94,96,116,117,118" machi="40" ten="40,12000,1" yaku="1,1,0,1,54,1,53,1" doraHai="46" doraHaiUra="84" who="0" fromWho="0" sc="240,130,250,-40,250,-40,250,-40" /><INIT seed="0,1,0,2,4,64" ten="370,210,210,210" oya="0" hai0="18,47,83,103,0,114,107,32,81,106,6,61,102" hai1="91,54,104,130,76,13,36,15,119,95,100,55,134" hai2="49,135,7,122,23,35,113,1,39,42,29,45,116" hai3="8,125,68,128,3,69,26,124,19,93,109,92,52"/><T80/><D114/><U105/><E119/><V115/><F122/><W59/><G109/><T89/><D32/><U46/><E76/><V77/><F116/><W123/><G123/><T108/><D108/><U118/><E118/><V99/><F135/><W12/><G128/><T63/><D47/><U110/><E110/><V9/><F99/><W43/><G3/><T60/><D18/><U4/><E134/><V11/><F11/><W94/><G26/><T133/><D133/><U5/><E36/><V90/><F90/><W37/><G43/><T38/><D89/><U16/><E130/><V51/><F23/><W84/><G84/><T117/><D117/><U82/><E13/><V66/><F66/><W72/><G72/><T70/><D38/><U62/><E54/><V98/><F98/><W74/><G74/><T30/><D30/><U22/><E82/><V65/><F65/><W75/><G75/><T21/><D21/><U27/><E100/><V132/><F77/><W78/><G37/><T129/><D70/><U53/><E53/><V79/><F79/><W56/><G56/><T131/><D131/><U58/><E46/><N who="2" m="25815" /><F132/><W87/><G87/><T57/><D57/><U25/><E105/><N who="0" m="39945" /><D129/><U121/><E104/><V33/><F39/><W67/><G67/><T97/><D97/><N who="1" m="57599" /><E121/><V10/><F10/><W48/><REACH who="3" step="1"/><G78/><REACH who="3" ten="370,210,210,200" step="2"/><T34/><D0/><U96/><E96/><V41/><F35/><W101/><G101/><N who="0" m="38411" /><D34/><U86/><E86/><V85/><F85/><W73/><G73/><T14/><D81/><U44/><E44/><V31/><F33/><W120/><G120/><RYUUKYOKU ba="1,1" sc="370,0,210,0,210,0,200,0" hai0="6,14,60,61,63,80,83" hai1="4,5,15,16,22,25,27,55,58,62" hai2="1,7,9,29,31,41,45,51,113,115" hai3="8,12,19,48,52,59,68,69,92,93,94,124,125" /><INIT seed="0,2,1,3,4,4" ten="370,210,210,200" oya="0" hai0="8,98,71,99,42,119,57,129,90,66,34,41,100" hai1="126,91,3,44,89,84,36,75,97,13,18,15,106" hai2="53,58,78,79,1,0,123,61,133,47,103,60,22" hai3="102,73,80,128,111,87,25,7,130,105,95,9,14"/><T74/><D119/><U72/><E3/><V67/><F123/><W114/><G114/><T113/><D113/><U31/><E126/><V108/><F108/><W27/><G105/><T131/><D71/><U20/><E31/><V117/><F117/><W112/><G112/><T63/><D74/><U82/><E13/><V12/><F133/><W37/><G37/><T38/><D34/><U19/><E19/><N who="2" m="10599" /><F0/><W127/><G111/><T92/><D8/><U59/><E59/><N who="2" m="34927" /><F1/><W48/><G127/><T50/><D38/><U69/><E69/><V109/><F109/><W35/><G73/><T24/><D24/><U21/><E21/><V76/><F103/><W55/><G35/><T62/><D62/><U51/><E36/><V115/><F115/><W107/><G107/><T93/><REACH who="0" step="1"/><D50/><REACH who="0" ten="360,210,210,200" step="2"/><U132/><E132/><V33/><F33/><W135/><G135/><T86/><D86/><U120/><E120/><V124/><F124/><W56/><G128/><AGARI ba="2,2" hai="41,42,57,63,66,90,92,93,98,99,100,128,129,131" machi="128" ten="40,3900,0" yaku="1,1,19,1,53,0" doraHai="4" doraHaiUra="11" who="0" fromWho="3" sc="360,65,210,0,210,0,200,-45" /><INIT seed="0,3,0,1,5,63" ten="425,210,210,155" oya="0" hai0="90,44,102,91,94,97,112,65,59,75,129,99,116" hai1="66,123,42,24,22,79,82,81,93,36,113,126,8" hai2="62,26,11,32,6,4,53,2,52,72,61,13,0" hai3="14,114,55,130,7,58,122,115,48,5,96,46,15"/><T49/><D112/><U33/><E113/><V47/><F72/><W88/><G130/><T40/><D116/><U131/><E123/><V107/><F107/><W1/><G1/><T34/><D34/><U18/><E131/><V60/><F47/><W134/><G122/><T109/><D129/><U54/><E33/><V28/><REACH who="2" step="1"/><F13/><REACH who="2" ten="425,210,200,155" step="2"/><W105/><G105/><T117/><D117/><U71/><E126/><V108/><F108/><W92/><G115/><T73/><D109/><U87/><E36/><V83/><F83/><W30/><G114/><T3/><D3/><U9/><E82/><V21/><F21/><W101/><G15/><T133/><D75/><U41/><E93/><V132/><F132/><W128/><G134/><T85/><D73/><U57/><E8/><AGARI ba="3,1" hai="0,2,4,6,8,11,26,28,32,52,53,60,61,62" machi="8" ten="40,5200,0" yaku="1,1,9,1,54,1,53,0" doraHai="63" doraHaiUra="86" who="2" fromWho="1" sc="425,0,210,-61,200,71,155,0" /><INIT seed="1,0,0,1,0,93" ten="425,149,271,155" oya="1" hai0="38,72,121,19,49,53,91,89,83,87,118,113,54" hai1="92,73,133,122,52,129,97,107,9,105,24,68,135" hai2="7,125,65,20,81,109,23,35,120,76,22,77,33" hai3="85,100,40,57,112,104,30,116,12,21,61,117,98"/><U132/><E122/><V18/><F120/><W29/><G112/><T124/><D121/><U119/><E119/><N who="3" m="45642" /><G40/><T63/><D113/><U130/><E68/><V128/><F125/><W8/><G85/><T42/><D118/><U79/><E9/><V80/><F128/><N who="1" m="49257" /><E24/><V43/><F43/><W50/><G50/><T69/><D124/><U41/><E41/><V99/><F109/><W103/><G103/><T86/><D72/><U59/><E79/><N who="2" m="30283" /><F65/><N who="3" m="39087" /><G21/><N who="2" m="8297" /><F7/><AGARI ba="0,0" hai="7,8,12,29,30,98,100,104" m="39087,45642" machi="7" ten="30,2000,0" yaku="12,1,52,1" doraHai="93" who="3" fromWho="2" sc="425,0,149,0,271,-20,155,20" /><INIT seed="2,0,0,2,1,32" ten="425,149,251,175" oya="2" hai0="116,18,34,9,83,1,121,125,25,13,103,61,42" hai1="111,107,44,73,63,62,96,59,88,97,66,123,79" hai2="50,81,10,24,102,70,28,46,57,113,33,95,47" hai3="110,78,39,77,40,101,119,54,134,93,100,120,87"/><V6/><F70/><W52/><G119/><T64/><D121/><U29/><E111/><V48/><F113/><W90/><G120/><T60/><D116/><U21/><E123/><V124/><F124/><W7/><G110/><T3/><D125/><U89/><E73/><V19/><F19/><W8/><G134/><T72/><D42/><U41/><E79/><N who="3" m="30218" /><G39/><T69/><D103/><N who="3" m="39497" /><G40/><T127/><D127/><U49/><E107/><V2/><F81/><W51/><G51/><T23/><D83/><U67/><E29/><V55/><REACH who="2" step="1"/><F50/><REACH who="2" ten="425,149,241,175" step="2"/><W86/><G86/><T117/><D72/><U74/><E74/><V0/><F0/><W30/><G30/><T38/><D117/><U85/><E21/><V71/><F71/><W15/><AGARI ba="0,1" hai="7,8,15,52,54,87,90,93" m="39497,30218" machi="15" ten="30,2000,0" yaku="8,1,54,1" doraHai="32" who="3" fromWho="3" sc="425,-5,149,-5,241,-10,175,30" /><INIT seed="3,0,0,2,0,132" ten="420,144,231,205" oya="3" hai0="85,40,77,7,108,126,84,124,50,18,135,9,5" hai1="1,111,73,75,6,125,102,105,82,72,42,71,104" hai2="110,46,67,55,45,49,76,80,53,114,4,20,115" hai3="127,21,57,133,54,28,68,109,47,63,95,121,90"/><W38/><G121/><T32/><D135/><U13/><E13/><V119/><F119/><W33/><G133/><T41/><D32/><U62/><E42/><V94/><F4/><W107/><G107/><N who="1" m="41034" /><E102/><V24/><F94/><W17/><G33/><T64/><D64/><N who="1" m="41367" /><E82/><V43/><F67/><W35/><G35/><T97/><D108/><U123/><E123/><V89/><F110/><W92/><G28/><T58/><D97/><U39/><E111/><V98/><F98/><N who="3" m="57623" /><G95/><T83/><D85/><U37/><E6/><V87/><F89/><W122/><G68/><T99/><D99/><U65/><E65/><V10/><F10/><W56/><G56/><T129/><D129/><U27/><E27/><V8/><F8/><W100/><G100/><T44/><D40/><U22/><E22/><V34/><F34/><W60/><G60/><T120/><D124/><U23/><E23/><V79/><F79/><W51/><G109/><T11/><D126/><U113/><E113/><V131/><F131/><W36/><G122/><T93/><D120/><U12/><E12/><V74/><F115/><W0/><G21/><T81/><D93/><U118/><E118/><V88/><F114/><W78/><G63/><T30/><D58/><U96/><E96/><V61/><F61/><W69/><G57/><T59/><D59/><U52/><E52/><V16/><F55/><W128/><G54/><T48/><D5/><U29/><E29/><V25/><F53/><W26/><G26/><T106/><D7/><U91/><E91/><V134/><F25/><W86/><G86/><T116/><D84/><RYUUKYOKU ba="0,0" sc="420,0,144,0,231,0,205,0" owari="420,52.0,144,-35.6,231,3.1,205,-19.5" /></mjloggm>