<mjloggm ver="2.3"><GO type="225" lobby="0"/><UN n0="%E5%8F%AF%E5%85%90%E9%82%A3%E7%94%B1%E5%A4%9A" n1="%72%69%6F%75%63%68%61%6E" n2="%E3%81%BF%E3%81%BF%E3%81%9A" n3="%E6%98%93%E5%88%A9%E8%96%A9%E4%BC%AF" dan="16,16,18,16" rate="2119.58,2191.56,2255.03,2148.48" sx="F,M,M,F"/><TAIKYOKU oya="0"/><INIT seed="0,0,0,1,0,3" ten="250,250,250,250" oya="0" hai0="57,61,18,13,49,111,55,85,70,40,5,135,21" hai1="73,26,94,102,69,4,80,81,89,10,48,87,125" hai2="15,19,11,129,84,83,107,46,91,121,106,7,115" hai3="105,93,31,103,99,67,23,28,128,77,108,14,110"/><T66/><D135/><U96/><E125/><V53/><F121/><W43/><G128/><T58/><D111/><N who="3" m="42537" /><G43/><T117/><D117/><U9/><E69/><V39/><F115/><W134/><G134/><T124/><D124/><U98/><E10/><V60/><F129/><W109/><G109/><T62/><D85/><U65/><E65/><V45/><F45/><W22/><G77/><T27/><D40/><U50/><E26/><V112/><F112/><W38/><G38/><T24/><REACH who="0" step="1"/><D5/><REACH who="0" ten="240,250,250,250" step="2"/><U34/><E73/><V30/><F7/><W76/><G76/><T51/><D51/><U2/><E80/><V88/><F39/><W119/><G119/><T47/><D47/><U131/><E131/><V25/><F60/><W44/><G44/><T8/><D8/><U72/><E72/><V64/><F84/><W54/><G54/><AGARI ba="0,1" hai="13,18,21,24,27,49,54,55,57,58,61,62,66,70" machi="54" ten="30,2900,0" yaku="1,1,7,1,53,0" doraHai="3" doraHaiUra="113" who="0" fromWho="3" sc="240,39,250,0,250,0,250,-29" /><INIT seed="0,1,0,3,2,3" ten="279,250,250,221" oya="0" hai0="124,102,27,74,54,65,94,106,10,95,128,111,80" hai1="109,84,134,101,98,34,71,130,56,24,50,123,23" hai2="97,117,126,35,121,105,25,63,115,91,40,52,92" hai3="99,122,20,39,78,76,45,135,0,119,12,59,66"/><T77/><D65/><U14/><E123/><V46/><F121/><W58/><G119/><T113/><D113/><U132/><E109/><V114/><F115/><W4/><G122/><T61/><D124/><U70/><E130/><V49/><F114/><W60/><G135/><N who="1" m="51754" /><E34/><V33/><F117/><W51/><G39/><T18/><D128/><U67/><E14/><V19/><F126/><W110/><G59/><T31/><D111/><U36/><E36/><V127/><F105/><W16/><G110/><T53/><D106/><U73/><E73/><V42/><F127/><W93/><G4/><T22/><D61/><N who="1" m="38311" /><E84/><V48/><F40/><W8/><G8/><T7/><D31/><N who="1" m="17823" /><E50/><V32/><F63/><W83/><G83/><T13/><REACH who="0" step="1"/><D102/><REACH who="0" ten="269,250,250,221" step="2"/><U104/><AGARI ba="1,1" hai="70,71,98,101,104" m="17823,38311,51754" machi="104" ten="30,1100,0" yaku="20,1" doraHai="3" who="1" fromWho="1" sc="269,-6,250,24,250,-4,221,-4" /><INIT seed="1,0,0,0,0,74" ten="263,274,246,217" oya="1" hai0="133,115,109,112,55,126,129,117,34,32,33,95,47" hai1="131,130,118,79,45,23,60,103,18,84,113,116,68" hai2="89,100,8,52,70,54,39,64,5,105,85,9,102" hai3="51,91,56,15,17,96,10,43,92,26,125,104,82"/><U1/><E113/><V77/><F39/><W48/><G125/><T124/><D117/><U12/><E1/><V128/><F128/><N who="1" m="49193" /><E103/><N who="2" m="39467" /><F70/><W31/><G104/><T75/><D129/><U101/><E101/><V40/><F105/><W46/><G82/><T94/><D75/><U123/><E123/><V57/><F40/><W37/><REACH who="3" step="1"/><G56/><REACH who="3" ten="263,274,246,207" step="2"/><T6/><D124/><U29/><E116/><V87/><F64/><W62/><G62/><T127/><D126/><U114/><E118/><V2/><F2/><W81/><G81/><T13/><D127/><U67/><E114/><V93/><F5/><W106/><G106/><T72/><D115/><U119/><E119/><V120/><F120/><W99/><G99/><T122/><D112/><U76/><E84/><V44/><F85/><W53/><G53/><T108/><D122/><U80/><E80/><N who="2" m="47503" /><F44/><W98/><G98/><T20/><D6/><U11/><E45/><V61/><F54/><W50/><G50/><T78/><D47/><U65/><E67/><V71/><F71/><W4/><G4/><T36/><D55/><U0/><E0/><V24/><F93/><W25/><G25/><AGARI ba="0,1" hai="11,12,18,23,25,29,60,65,68,76,79" m="49193" machi="25" ten="30,5800,0" yaku="19,1,52,2" doraHai="74" who="1" fromWho="3" sc="263,0,274,68,246,0,207,-58" /><INIT seed="1,1,0,5,4,34" ten="263,342,246,149" oya="1" hai0="88,79,5,9,80,92,36,91,105,134,43,40,50" hai1="74,3,57,0,21,47,16,55,15,123,108,13,76" hai2="19,52,39,116,129,78,35,114,37,82,125,2,56" hai3="7,22,65,32,46,10,69,97,89,96,84,51,115"/><U72/><E123/><V106/><F116/><W113/><G32/><T99/><D134/><U90/><E108/><V124/><F106/><W42/><G69/><T71/><D71/><U18/><E47/><V118/><F118/><W77/><G113/><T127/><D127/><N who="2" m="48714" /><F129/><W135/><G115/><T128/><D128/><U28/><E28/><V6/><F35/><W73/><G73/><T67/><D67/><U17/><E90/><V132/><F132/><W86/><G65/><T23/><D105/><U24/><E13/><V64/><F64/><W94/><G22/><T131/><D131/><U1/><E76/><V45/><F19/><W66/><G66/><T87/><D36/><U44/><E44/><V63/><F45/><W53/><G53/><T27/><D50/><U38/><E38/><V26/><F26/><W119/><G119/><T12/><REACH who="0" step="1"/><D79/><REACH who="0" ten="253,342,246,149" step="2"/><U48/><REACH who="1" step="1"/><E18/><AGARI ba="1,1" hai="5,9,12,18,23,27,40,43,80,87,88,91,92,99" machi="18" ten="30,12000,2" yaku="1,1,2,1,7,1,8,1,54,1,53,1" doraHai="34" doraHaiUra="93" who="0" fromWho="1" sc="253,133,342,-123,246,0,149,0" /><INIT seed="2,0,0,5,5,108" ten="386,219,246,149" oya="2" hai0="89,27,11,97,114,107,130,47,128,12,42,17,36" hai1="112,103,90,88,68,35,76,21,129,96,30,5,77" hai2="79,60,100,119,113,122,1,95,44,87,19,91,133" hai3="62,20,81,73,59,29,64,55,135,26,69,39,127"/><V63/><F122/><W52/><G135/><T78/><D114/><U123/><E112/><V22/><F113/><W6/><G127/><T45/><D78/><U31/><E123/><V84/><F1/><W110/><G110/><T18/><D45/><U34/><E129/><N who="0" m="49769" /><D27/><U80/><E68/><V48/><F119/><W105/><G39/><T40/><D40/><U94/><E5/><V9/><F133/><W13/><G105/><T66/><D66/><U131/><E131/><V51/><F9/><W57/><G69/><T120/><D120/><U92/><E103/><V70/><F100/><W126/><G126/><T85/><D97/><U67/><E67/><V93/><F70/><W7/><G13/><T109/><D107/><U38/><E38/><V86/><F79/><W56/><G73/><T111/><D18/><U118/><E118/><V15/><F48/><W101/><G101/><T3/><D3/><U53/><E53/><V116/><F116/><W99/><G99/><T41/><D41/><U14/><E14/><V4/><F4/><W54/><G64/><T102/><D102/><U43/><E43/><V104/><F104/><W28/><G28/><N who="1" m="10794" /><E76/><V16/><F19/><W24/><G24/><T46/><D46/><U0/><E0/><V121/><F121/><W72/><G72/><T132/><D132/><U71/><E71/><V58/><F58/><W61/><G81/><AGARI ba="0,0" hai="11,12,17,36,42,47,81,85,89,109,111" m="49769" machi="81" ten="30,1000,0" yaku="19,1" doraHai="108" who="0" fromWho="3" sc="386,10,219,0,246,0,149,-10" /><INIT seed="3,0,0,1,4,88" ten="396,219,246,139" oya="3" hai0="82,92,67,6,70,7,94,18,97,114,125,64,71" hai1="26,51,58,83,17,77,37,52,124,11,3,122,31" hai2="59,87,50,81,126,91,134,45,43,129,56,41,75" hai3="38,120,113,135,44,47,111,60,63,9,12,2,110"/><W72/><G113/><T86/><D125/><U98/><E122/><V23/><F126/><W15/><G120/><T61/><D114/><U5/><E124/><V73/><F129/><W4/><G72/><T109/><D109/><N who="3" m="41481" /><G135/><T14/><D67/><U102/><E37/><V1/><F134/><W69/><G69/><T13/><D70/><U107/><E17/><V34/><F34/><W35/><G35/><T89/><D94/><U115/><E115/><V103/><F1/><W76/><G76/><T55/><D55/><U16/><E16/><V85/><F73/><W48/><G38/><T131/><D13/><N who="3" m="5193" /><G47/><T68/><D68/><U118/><E118/><V27/><F75/><W10/><G10/><T104/><D131/><U90/><E90/><V24/><F59/><W0/><G0/><T8/><D104/><U74/><E26/><V49/><F24/><W99/><G99/><T25/><D25/><U108/><E108/><V53/><F85/><W32/><G32/><T84/><D84/><U36/><E36/><V33/><F33/><W132/><G132/><T21/><D8/><U128/><REACH who="1" step="1"/><E31/><REACH who="1" ten="396,209,246,139" step="2"/><N who="2" m="17919" /><F103/><AGARI ba="0,1" hai="6,7,14,18,21,61,64,71,82,86,89,92,97,103" machi="103" ten="30,2000,0" yaku="7,1,52,1" doraHai="88" who="0" fromWho="2" sc="396,30,209,0,246,-20,139,0" owari="426,52.6,209,-19.1,226,2.6,139,-36.1" /></mjloggm>