<mjloggm ver="2.3"><GO type="225" lobby="0"/><UN n0="%E6%A1%9C%E8%8A%B1%E9%96%83%E3%80%85" n1="%E5%91%A8%E6%9D%B1" n2="%E3%81%BD%E3%81%A1%E3%81%9F%E3%81%93%E3%82%84" n3="%E9%A6%AC%E5%BC%95%E7%81%AB%33" dan="16,17,17,16" rate="2131.77,2141.63,2146.12,2129.73" sx="M,M,M,M"/><TAIKYOKU oya="0"/><INIT seed="0,0,0,3,4,80" ten="250,250,250,250" oya="0" hai0="111,112,62,133,39,14,26,45,71,84,96,127,107" hai1="65,18,88,126,3,34,109,55,44,87,124,128,113" hai2="9,98,75,6,1,60,59,30,134,135,10,73,54" hai3="108,29,66,58,2,103,38,95,31,8,131,83,0"/><T17/><D112/><U86/><E3/><V70/><F70/><W116/><G116/><T57/><D127/><N who="1" m="48683" /><E34/><V52/><F30/><W67/><G38/><T50/><D133/><N who="2" m="50698" /><F98/><W106/><G106/><T77/><D71/><U85/><E113/><V114/><F114/><W5/><G0/><T92/><D39/><U105/><E105/><V101/><F101/><W53/><G108/><T11/><D107/><U28/><E109/><V104/><F104/><W15/><G131/><T118/><D118/><U12/><E28/><N who="3" m="10826" /><G83/><N who="0" m="47215" /><D26/><U68/><E128/><V129/><F129/><W7/><G7/><T69/><D69/><U41/><E68/><V51/><F10/><W99/><G2/><T119/><D119/><U79/><E65/><V78/><F78/><W56/><G56/><AGARI ba="0,0" hai="1,6,9,51,52,54,56,59,60,73,75" m="50698" machi="56" ten="30,2000,0" yaku="20,1,54,1" doraHai="80" who="2" fromWho="3" sc="250,0,250,0,250,20,250,-20" /><INIT seed="1,0,0,5,2,34" ten="250,250,270,230" oya="1" hai0="64,128,106,46,119,50,49,67,35,14,6,131,41" hai1="88,108,114,117,109,90,63,135,33,120,12,70,126" hai2="97,91,17,51,72,116,13,82,9,73,85,2,38" hai3="29,54,45,25,57,104,107,5,122,68,20,48,47"/><U79/><E120/><V4/><F38/><W84/><G122/><T23/><D35/><U16/><E117/><V96/><F116/><W75/><G75/><T80/><D119/><U132/><E33/><V103/><F51/><W115/><G115/><T89/><D106/><U123/><E123/><V112/><F112/><W98/><G68/><T101/><D101/><U44/><E114/><V71/><F71/><W15/><G84/><N who="0" m="50311" /><D50/><U11/><E79/><V43/><F43/><W111/><G111/><N who="1" m="42570" /><E126/><V22/><REACH who="2" step="1"/><F96/><REACH who="2" ten="250,250,260,230" step="2"/><W124/><G124/><T10/><D131/><U127/><E127/><V83/><F83/><W95/><G47/><T61/><D128/><U7/><E44/><V93/><AGARI ba="0,1" hai="2,4,9,13,17,22,72,73,82,85,91,93,97,103" machi="93" ten="20,5200,0" yaku="1,1,0,1,7,1,52,1,53,0" doraHai="34" doraHaiUra="40" who="2" fromWho="2" sc="250,-13,250,-26,260,62,230,-13" /><INIT seed="2,0,0,2,1,62" ten="237,224,322,217" oya="2" hai0="40,78,88,87,18,131,71,113,5,95,82,16,117" hai1="98,104,124,105,0,24,21,122,51,70,50,11,33" hai2="13,27,128,134,94,48,14,101,74,28,49,132,53" hai3="69,68,17,110,83,59,26,32,133,119,54,93,103"/><V123/><F74/><W6/><G119/><T130/><D113/><U111/><E124/><V8/><F123/><W118/><G118/><T126/><D117/><U120/><E33/><V67/><F128/><N who="0" m="49194" /><D126/><U12/><E0/><V64/><F101/><W80/><G110/><T89/><D71/><U44/><E70/><V38/><F38/><W76/><G133/><N who="2" m="51305" /><F94/><W107/><G107/><T37/><D5/><N who="1" m="3183" /><E98/><V35/><F14/><W75/><G6/><T42/><D89/><U108/><E104/><V63/><F63/><W43/><G69/><T10/><D10/><U55/><E51/><N who="2" m="19531" /><F53/><W2/><G2/><T52/><D52/><U84/><E105/><V34/><F34/><W116/><G54/><T96/><D40/><U90/><E111/><V31/><F28/><W15/><G43/><T39/><D37/><U97/><E97/><V129/><F129/><W1/><G1/><T114/><D114/><U7/><E108/><V45/><F45/><AGARI ba="0,0" hai="16,18,39,42,45,78,82,87,88,95,96" m="49194" machi="45" ten="30,3900,0" yaku="19,1,54,2" doraHai="62" who="0" fromWho="2" sc="237,39,224,0,322,-39,217,0" /><INIT seed="3,0,0,1,5,19" ten="276,224,283,217" oya="3" hai0="76,25,24,5,55,125,134,51,31,112,39,85,106" hai1="132,56,114,58,66,10,44,98,16,81,82,20,128" hai2="63,47,35,93,11,127,2,32,135,80,79,88,28" hai3="45,122,77,68,43,116,48,9,46,27,74,30,90"/><W41/><G116/><T83/><D39/><U49/><E114/><V1/><F135/><W129/><G122/><T87/><D134/><U133/><E132/><V110/><F110/><W111/><G129/><T101/><D112/><U95/><E10/><V130/><F127/><W60/><G111/><T120/><D120/><U121/><E128/><V17/><F130/><W62/><G68/><T22/><D125/><U131/><E121/><V38/><F63/><W26/><G90/><T12/><D106/><U124/><E124/><V23/><F28/><W94/><G94/><T86/><D101/><N who="1" m="60639" /><E131/><V33/><F11/><W57/><G57/><N who="1" m="22122" /><E66/><V37/><F37/><W71/><G71/><T6/><D25/><N who="1" m="14471" /><E133/><V42/><F17/><W92/><G9/><N who="0" m="4143" /><D6/><U100/><E100/><V75/><REACH who="2" step="1"/><F23/><REACH who="2" ten="276,224,273,217" step="2"/><W50/><G30/><T72/><D72/><U15/><E15/><V123/><F123/><W21/><G21/><T78/><D78/><U14/><E14/><V52/><F52/><AGARI ba="0,1" hai="44,49,52,81,82" m="14471,22122,60639" machi="52" ten="30,7700,0" yaku="8,1,52,1,54,2" doraHai="19" who="1" fromWho="2" sc="276,0,224,87,273,-77,217,0" owari="276,7.6,311,41.1,196,-30.4,217,-18.3" /></mjloggm>