<mjloggm ver="2.3"><GO type="225" lobby="0"/><UN n0="%70%68%65%6E%6F%6D%65" n1="%E3%81%BE%E3%81%A8%E3%81%9F" n2="%72%61%6B%33" n3="%E5%B0%8F%E9%B3%A5%E9%81%8A%E7%B7%B4%E7%84%A1%32%31%E6%AD%B3" dan="16,16,16,16" rate="2165.07,2096.99,2076.11,2208.30" sx="M,M,M,F"/><TAIKYOKU oya="0"/><INIT seed="0,0,0,1,3,43" ten="250,250,250,250" oya="0" hai0="58,116,29,68,98,81,38,83,17,26,59,107,8" hai1="63,71,124,32,104,15,35,109,73,89,106,65,123" hai2="134,39,114,44,36,131,119,48,20,54,30,120,12" hai3="6,37,4,7,3,24,14,74,101,76,52,82,64"/><T126/><D68/><U13/><E123/><V47/><F120/><W70/><G101/><T50/><D38/><U72/><E109/><V40/><F114/><W45/><G14/><T0/><D116/><U1/><E13/><V67/><F119/><W62/><G24/><T96/><D126/><U22/><E22/><V79/><F131/><W66/><G66/><T129/><D129/><U28/><E15/><V111/><F111/><W49/><REACH who="3" step="1"/><G37/><REACH who="3" ten="250,250,250,240" step="2"/><T75/><D0/><AGARI ba="0,1" hai="0,3,4,6,7,45,49,52,62,64,70,74,76,82" machi="0" ten="40,8000,1" yaku="1,1,2,1,52,1,54,1,53,0" doraHai="43" doraHaiUra="27" who="3" fromWho="0" sc="250,-80,250,0,250,0,240,90" /><INIT seed="1,0,0,2,3,25" ten="170,250,250,330" oya="1" hai0="36,38,117,20,8,132,69,39,10,61,66,23,70" hai1="72,105,50,65,64,51,114,7,86,1,74,83,49" hai2="99,9,78,96,101,100,90,134,37,30,75,129,84" hai3="116,13,67,57,33,28,24,0,68,104,81,131,123"/><U91/><E105/><V21/><F37/><W115/><G123/><T54/><D117/><U22/><E114/><V80/><F129/><W31/><G115/><T56/><D132/><U103/><E103/><V76/><F134/><W98/><G0/><T124/><D124/><U46/><E46/><V93/><F9/><W53/><G13/><T77/><D77/><N who="2" m="29802" /><F21/><W87/><G131/><T118/><D118/><U106/><E106/><N who="2" m="63751" /><F30/><N who="3" m="19655" /><G116/><T44/><D44/><U32/><E32/><V3/><F3/><W43/><G43/><T95/><D95/><U109/><E109/><V127/><F127/><W133/><G133/><T122/><D122/><U14/><E1/><V4/><F4/><W119/><G119/><T15/><D10/><U125/><E125/><V110/><F110/><W135/><G135/><T107/><D107/><U12/><E7/><V112/><F112/><W26/><G26/><T11/><D8/><U5/><E12/><V41/><F41/><W94/><G53/><T82/><D82/><U34/><E34/><V52/><F52/><W71/><G81/><T111/><D111/><U102/><E5/><V35/><F35/><W27/><G27/><T85/><D85/><U88/><E14/><V2/><F2/><W16/><G68/><T17/><REACH who="0" step="1"/><D69/><REACH who="0" ten="160,250,250,330" step="2"/><U60/><E86/><V47/><F47/><W40/><G87/><T130/><D130/><U18/><E83/><V79/><F75/><W92/><G71/><T62/><AGARI ba="0,1" hai="11,15,17,20,23,36,38,39,54,56,61,62,66,70" machi="62" ten="40,5200,0" yaku="1,1,0,1,53,1" doraHai="25" doraHaiUra="6" who="0" fromWho="0" sc="160,62,250,-26,250,-13,330,-13" /><INIT seed="2,0,0,0,4,107" ten="222,224,237,317" oya="2" hai0="49,111,103,53,23,104,121,37,93,78,71,130,79" hai1="11,135,89,72,60,18,85,38,67,61,83,46,101" hai2="109,2,97,106,69,73,19,77,113,21,86,10,66" hai3="102,87,3,4,127,54,74,41,39,68,5,126,128"/><V7/><F113/><W105/><G68/><T90/><D121/><U50/><E135/><V132/><F132/><W62/><G128/><T94/><D37/><U63/><E38/><V15/><F109/><W17/><G17/><T88/><D71/><U124/><E101/><V8/><F86/><W56/><G87/><N who="0" m="52383" /><D104/><U91/><E91/><V95/><F106/><W64/><G3/><T120/><D120/><U81/><E124/><N who="3" m="47658" /><G64/><T110/><D103/><U28/><E28/><V108/><F108/><N who="0" m="41514" /><D23/><U116/><E116/><V123/><F123/><W44/><G102/><T98/><D130/><U22/><E11/><V31/><F69/><W122/><G105/><T20/><D20/><U48/><E67/><V117/><F66/><W55/><G55/><T33/><D33/><U115/><E115/><V36/><F117/><W96/><G96/><T35/><D35/><U6/><E6/><N who="3" m="2666" /><G122/><T129/><D129/><U16/><E18/><V12/><F31/><W42/><G42/><T58/><AGARI ba="0,0" hai="49,53,58,78,79,90,94,98" m="41514,52383" machi="58" ten="30,2000,0" yaku="14,1,54,1" doraHai="107" who="0" fromWho="0" sc="222,20,224,-5,237,-10,317,-5" /><INIT seed="3,0,0,0,0,112" ten="242,219,227,312" oya="3" hai0="121,22,55,16,74,32,4,19,130,57,15,39,111" hai1="21,127,122,43,40,6,61,77,24,123,84,70,41" hai2="125,100,64,71,54,120,25,117,92,99,63,134,30" hai3="18,52,42,28,56,90,14,110,133,115,62,31,47"/><W13/><G115/><T87/><D74/><U69/><E127/><V12/><F125/><W102/><G133/><T124/><D32/><U105/><E105/><V0/><F0/><W34/><G102/><T8/><D121/><U10/><E77/><V96/><F134/><W101/><G101/><T107/><D107/><U2/><E84/><V76/><F120/><W129/><G129/><T85/><D39/><U49/><E49/><V93/><F76/><W103/><G103/><T66/><D124/><U1/><E69/><V23/><F117/><W59/><G110/><T81/><D111/><U51/><E1/><V50/><F12/><W38/><G13/><N who="0" m="7207" /><D130/><U108/><E51/><V5/><F5/><W113/><G34/><T73/><D73/><U132/><E132/><V37/><F37/><W104/><G104/><T98/><D66/><U3/><E3/><V116/><F116/><W11/><G113/><T20/><D4/><U131/><E108/><V46/><F99/><W126/><G126/><T75/><D75/><U72/><E72/><V79/><F79/><W35/><G35/><T65/><D65/><N who="1" m="41263" /><E131/><V135/><F135/><W82/><G59/><T58/><D98/><U44/><E44/><V78/><F78/><W86/><AGARI ba="0,0" hai="11,14,18,28,31,38,42,47,52,56,62,82,86,90" machi="86" ten="30,3000,0" yaku="0,1,54,1" doraHai="112" who="3" fromWho="3" sc="242,-10,219,-10,227,-10,312,30" owari="232,3.2,209,-29.1,217,-18.3,342,44.2" /></mjloggm>