<mjloggm ver="2.3"><GO type="225" lobby="0"/><UN n0="%E5%91%A8%E6%9D%B1" n1="%43%55%4B%45%59" n2="%E8%81%B7%E6%A5%AD%E3%80%81%E9%A2%A8%32" n3="%E3%81%82%E3%81%84%E3%81%82%E3%81%8A%E3%81%84" dan="16,16,16,18" rate="2187.56,2122.37,2174.45,2181.75" sx="M,M,M,M"/><TAIKYOKU oya="0"/><INIT seed="0,0,0,3,4,28" ten="250,250,250,250" oya="0" hai0="61,30,99,49,109,70,124,18,46,62,8,82,63" hai1="125,68,58,1,20,93,39,89,72,45,114,55,65" hai2="54,32,12,9,128,90,67,88,56,115,41,24,103" hai3="111,4,97,52,15,119,74,16,26,40,23,134,10"/><T87/><D124/><U121/><E121/><V107/><F115/><W122/><G111/><T95/><D109/><U86/><E114/><V71/><F128/><W60/><G119/><T35/><D70/><U80/><E125/><V131/><F131/><W133/><G74/><T76/><D30/><U29/><E1/><V104/><F41/><W106/><G40/><T14/><D35/><U94/><E72/><V66/><F32/><W42/><G42/><T120/><D120/><U129/><E129/><V98/><F24/><W57/><REACH who="3" step="1"/><G122/><REACH who="3" ten="250,250,250,240" step="2"/><T135/><D135/><U38/><E38/><V50/><F107/><W34/><G34/><T91/><REACH who="0" step="1"/><D63/><REACH who="0" ten="240,250,250,240" step="2"/><N who="1" m="38135" /><E68/><V25/><F71/><W112/><G112/><T33/><D33/><U85/><E39/><V19/><REACH who="2" step="1"/><F25/><REACH who="2" ten="240,250,240,240" step="2"/><W116/><G116/><T84/><D84/><U127/><E85/><V6/><F6/><W53/><G53/><AGARI ba="0,3" hai="8,14,18,46,49,53,61,62,76,82,87,91,95,99" machi="53" ten="30,5800,0" yaku="1,1,7,1,8,1,53,0" doraHai="28" doraHaiUra="113" who="0" fromWho="3" sc="240,88,250,0,240,0,240,-58" /><INIT seed="0,1,0,4,5,93" ten="328,250,240,182" oya="0" hai0="101,132,98,33,86,43,65,28,82,84,73,41,109" hai1="72,85,20,22,40,90,79,4,78,134,29,74,108" hai2="63,64,69,32,48,18,58,49,131,1,87,5,70" hai3="92,53,120,126,13,76,9,81,107,75,67,50,62"/><T77/><D132/><U122/><E122/><V31/><F131/><W113/><G113/><T71/><D109/><U80/><E108/><V118/><F118/><W19/><G126/><T119/><D119/><U17/><E134/><V117/><F117/><W52/><G107/><T12/><D12/><U66/><E66/><V3/><F31/><W34/><G34/><T110/><D110/><U91/><E4/><V102/><F32/><W130/><G130/><T127/><D127/><U100/><E100/><V89/><F102/><W21/><G120/><T103/><D103/><U27/><E40/><V133/><F133/><W7/><G92/><T121/><D121/><U30/><E30/><V114/><F114/><W23/><G23/><T129/><D129/><U24/><REACH who="1" step="1"/><E85/><REACH who="1" ten="328,240,240,182" step="2"/><V104/><F5/><W135/><G135/><T39/><D43/><U61/><E61/><V115/><F63/><W46/><G53/><T47/><D65/><U8/><E8/><V51/><F87/><W44/><G44/><T59/><D28/><U14/><E14/><V97/><F64/><W15/><G62/><T128/><D128/><U26/><E26/><V6/><F6/><W99/><G67/><T116/><D116/><U57/><E57/><V68/><F58/><W124/><REACH who="3" step="1"/><G124/><REACH who="3" ten="328,240,240,172" step="2"/><T123/><D123/><U25/><E25/><V56/><F115/><W88/><G88/><T96/><D47/><U54/><E54/><V0/><F89/><W11/><G11/><T37/><D71/><U125/><E125/><V38/><F68/><W55/><G55/><T105/><D105/><U95/><E95/><RYUUKYOKU ba="1,2" sc="328,-15,240,15,240,-15,172,15" hai1="17,20,22,24,27,29,72,74,78,79,80,90,91" hai3="7,9,13,15,19,21,46,50,52,75,76,81,99" /><INIT seed="1,2,2,0,0,98" ten="313,255,225,187" oya="1" hai0="11,25,29,90,5,62,88,45,117,94,53,101,50" hai1="123,16,67,85,17,126,129,99,9,87,103,10,20" hai2="72,69,40,78,33,28,130,97,106,14,52,7,107" hai3="119,108,81,125,39,61,93,110,86,35,38,15,122"/><U114/><E114/><V76/><F130/><W89/><G122/><T71/><D117/><U131/><E123/><V42/><F69/><W82/><G35/><T127/><D127/><U21/><E67/><V100/><F107/><W51/><G125/><T27/><D71/><U133/><E126/><V109/><F109/><N who="3" m="42091" /><G119/><T64/><D64/><U120/><E120/><V60/><F33/><W18/><G61/><T24/><D62/><U66/><E66/><V79/><F72/><W105/><G51/><T37/><D37/><N who="3" m="13833" /><G105/><T134/><D134/><U49/><E49/><V0/><F0/><W1/><G1/><T22/><D90/><U19/><E133/><V121/><F121/><W102/><G102/><T128/><D101/><U34/><E34/><V111/><F111/><W36/><N who="3" m="13841" /><W2/><DORA hai="41" /><G2/><T70/><D70/><U56/><E131/><V112/><F112/><W57/><G57/><T104/><D104/><U44/><E56/><N who="2" m="34823" /><F106/><W26/><G26/><T73/><D128/><U48/><E129/><V63/><F63/><W135/><G135/><T8/><D25/><U23/><E9/><AGARI ba="2,2" hai="9,15,18,81,82,86,89,93" m="13841,42091" machi="9" ten="40,1300,0" yaku="14,1" doraHai="98,41" who="3" fromWho="1" sc="313,0,255,-19,225,0,187,39" /><INIT seed="2,0,0,3,5,54" ten="313,236,225,226" oya="2" hai0="128,120,89,127,27,77,40,25,95,125,82,49,58" hai1="113,131,2,63,37,114,32,85,19,107,104,29,135" hai2="123,62,88,26,30,35,110,111,20,84,132,57,60" hai3="103,72,108,33,100,121,16,52,117,50,87,59,122"/><V21/><F123/><W23/><G117/><T47/><D120/><U34/><E131/><V56/><F132/><W97/><G72/><T73/><D128/><U129/><E129/><V79/><F79/><W126/><G33/><T99/><REACH who="0" step="1"/><D58/><REACH who="0" ten="303,236,225,226" step="2"/><N who="2" m="22634" /><F62/><W134/><G134/><T12/><D12/><U4/><E63/><V8/><F60/><W124/><G108/><N who="2" m="41513" /><F8/><W96/><G122/><T13/><D13/><U17/><E135/><V48/><F48/><W22/><G121/><T7/><D7/><U105/><E4/><V14/><F14/><W118/><G118/><T9/><D9/><U65/><E113/><V64/><F64/><W31/><G50/><T46/><D46/><U15/><E65/><V78/><F78/><W69/><G69/><T66/><D66/><U93/><E114/><V98/><F98/><W67/><G97/><T55/><D55/><U81/><E15/><V102/><F102/><W44/><G52/><T3/><D3/><U109/><E2/><V116/><F116/><W71/><G96/><T70/><D70/><U90/><E109/><V115/><F115/><W38/><G71/><T41/><D41/><U11/><E11/><V133/><F133/><W76/><G100/><T5/><D5/><U112/><E112/><V42/><F42/><W24/><G103/><T106/><D106/><U1/><E1/><V75/><F75/><W6/><G67/><T51/><D51/><U61/><E61/><V39/><F39/><W119/><G38/><T83/><D83/><AGARI ba="0,1" hai="20,21,26,30,35,83,84,88" m="41513,22634" machi="83" ten="30,18000,2" yaku="14,1,10,1,52,3,54,1" doraHai="54" who="2" fromWho="0" sc="303,-180,236,0,225,190,226,0" /><INIT seed="2,1,0,4,0,21" ten="123,236,415,226" oya="2" hai0="6,92,122,18,95,73,22,90,71,130,41,49,128" hai1="12,82,32,96,31,104,26,14,23,44,69,106,116" hai2="5,43,107,65,48,35,10,3,91,72,119,134,7" hai3="54,17,1,36,131,13,81,85,93,109,120,75,0"/><V102/><F119/><W79/><G120/><T37/><D73/><U80/><E116/><V111/><F72/><W25/><G109/><T125/><D122/><U121/><E121/><V114/><F114/><W118/><G118/><T59/><D71/><U124/><E124/><V45/><F35/><W103/><G36/><T42/><D125/><U110/><E110/><V84/><F134/><W60/><G131/><T16/><D6/><U127/><E127/><V11/><F65/><W135/><G135/><T67/><D67/><U64/><E44/><V89/><F111/><W117/><G117/><T27/><D37/><U62/><E106/><V51/><F51/><W74/><G74/><T57/><D22/><U123/><E123/><V8/><F8/><W52/><G25/><T105/><D105/><U2/><E2/><V56/><F56/><W70/><G70/><T47/><D49/><U30/><E30/><V88/><F102/><W9/><G85/><T83/><D83/><N who="1" m="31787" /><E23/><V94/><REACH who="2" step="1"/><F107/><REACH who="2" ten="123,236,405,226" step="2"/><W129/><G75/><T86/><D47/><U50/><E50/><V40/><F40/><W46/><G103/><AGARI ba="1,1" hai="12,14,26,31,32,62,64,69,96,103,104" m="31787" machi="103" ten="30,2000,0" yaku="25,1,52,1" doraHai="21" who="1" fromWho="3" sc="123,0,236,33,405,0,226,-23" /><INIT seed="3,0,0,3,0,30" ten="123,269,405,203" oya="3" hai0="20,84,31,5,65,36,103,61,74,59,27,90,13" hai1="21,18,115,106,127,22,94,46,105,104,57,86,37" hai2="39,97,131,107,77,99,83,118,67,48,23,62,56" hai3="87,133,8,25,34,47,71,33,121,29,101,6,66"/><W73/><G73/><T80/><D74/><U64/><E115/><V45/><F118/><W4/><G121/><T96/><D36/><U55/><E127/><V54/><F107/><W38/><G133/><T2/><D2/><U26/><E64/><V41/><F23/><W16/><G101/><T0/><D0/><U116/><E116/><V128/><F97/><W49/><G38/><T51/><D51/><U76/><E22/><V125/><F99/><W135/><G135/><T85/><D85/><U120/><E120/><V108/><F108/><W78/><G34/><T58/><D58/><U111/><E46/><V110/><F110/><W100/><G100/><T117/><D117/><U11/><E11/><V32/><F32/><W69/><G66/><T134/><D134/><U40/><E40/><V53/><F125/><W109/><G109/><T129/><D129/><N who="2" m="49738" /><F39/><W44/><G44/><T114/><D114/><U42/><E42/><V3/><F3/><W19/><G4/><T98/><REACH who="0" step="1"/><D103/><REACH who="0" ten="113,269,405,203" step="2"/><U72/><E37/><V82/><F82/><N who="3" m="47575" /><G49/><T113/><D113/><U119/><E72/><AGARI ba="0,1" hai="41,45,48,53,54,56,62,67,72,77,83" m="49738" machi="72" ten="30,1000,0" yaku="19,1" doraHai="30" who="2" fromWho="1" sc="113,0,269,-10,405,20,203,0" owari="113,-38.7,259,5.9,425,52.5,203,-19.7" /></mjloggm>