<mjloggm ver="2.3"><GO type="225" lobby="0"/><UN n0="%E3%81%95%E3%81%8D%E3%81%9F%E3%81%BE%E6%9E%97%E6%AA%8E" n1="%E3%83%8F%E3%83%B3%E3%83%89%E3%83%A9%E3%83%BC%E3%83%BB%E3%83%AF%E3%83%B3" n2="%E3%81%A4%E3%81%AE%E3%81%A0%E2%98%86%E3%81%B2%E3%82%8D" n3="%E4%B8%8B%E6%AE%B5%E3%83%81%E3%82%A7%E3%83%AA%E3%83%BC" dan="16,17,16,16" rate="2114.65,2193.56,2172.09,2134.40" sx="M,M,M,M"/><TAIKYOKU oya="0"/><INIT seed="0,0,0,2,3,49" ten="250,250,250,250" oya="0" hai0="128,36,63,41,110,74,71,17,43,9,57,97,10" hai1="105,64,33,127,55,59,38,8,58,123,120,52,35" hai2="42,27,132,117,111,6,92,107,77,25,75,12,88" hai3="116,2,32,84,124,112,0,113,70,66,93,79,7"/><T119/><D119/><U20/><E105/><V13/><F107/><W81/><G32/><T131/><D74/><U14/><E38/><V47/><F117/><W1/><G116/><T4/><D71/><U26/><E64/><V30/><F111/><W24/><G7/><T39/><D110/><U100/><E100/><V37/><F132/><W95/><G124/><T69/><D69/><U104/><E104/><V114/><F114/><W91/><G93/><T125/><D125/><U76/><E76/><V133/><F133/><W46/><G24/><T22/><D97/><U48/><E127/><V90/><F25/><W134/><G134/><T83/><D83/><U108/><E108/><V68/><F68/><W29/><G29/><T5/><D22/><U50/><E20/><V78/><F78/><W34/><G34/><T103/><D103/><U60/><E60/><V53/><F6/><N who="0" m="2666" /><D39/><U51/><E51/><V16/><F12/><W101/><G101/><T135/><D135/><U72/><E72/><V18/><F18/><W82/><G82/><T106/><D106/><U122/><E26/><V129/><F92/><W31/><G31/><T102/><D102/><U62/><E62/><V45/><F77/><W87/><REACH who="3" step="1"/><G46/><REACH who="3" ten="250,250,250,240" step="2"/><T85/><D17/><AGARI ba="0,1" hai="8,14,17,33,35,48,50,52,55,58,59,120,122,123" machi="17" ten="40,8000,1" yaku="9,1,52,2,54,1" doraHai="49" who="1" fromWho="0" sc="250,-80,250,90,250,0,240,0" /><INIT seed="1,0,0,2,4,32" ten="170,340,250,240" oya="1" hai0="17,107,36,80,37,54,53,47,103,24,15,110,109" hai1="6,4,88,96,101,62,81,94,63,51,102,83,108" hai2="78,124,73,21,97,86,55,48,106,10,56,43,71" hai3="16,134,98,115,127,133,5,135,104,76,91,50,118"/><U20/><E108/><N who="0" m="41577" /><D24/><U67/><E51/><V0/><F71/><W61/><G115/><T19/><D80/><N who="1" m="30795" /><E20/><V38/><F73/><W34/><G34/><T8/><D103/><N who="1" m="39435" /><E67/><V25/><F106/><W74/><G118/><T26/><D107/><U31/><E31/><V28/><F97/><W18/><G104/><T131/><D131/><U30/><E30/><V13/><F86/><W39/><G39/><N who="0" m="14923" /><D47/><U122/><E122/><V68/><F38/><W117/><G117/><T46/><D46/><U132/><E132/><V29/><F29/><W64/><G76/><T112/><D112/><U87/><E96/><V59/><F25/><W69/><G74/><T75/><D75/><U44/><E44/><V65/><F28/><W58/><G5/><AGARI ba="0,0" hai="4,5,6,62,63,87,88,94" m="39435,30795" machi="5" ten="30,2900,0" yaku="8,1,54,1" doraHai="32" who="1" fromWho="3" sc="170,0,340,29,250,0,240,-29" /><INIT seed="1,1,0,1,1,108" ten="170,369,250,211" oya="1" hai0="49,123,76,94,10,131,59,74,48,89,79,80,37" hai1="40,53,91,101,114,128,23,70,50,5,124,13,18" hai2="104,27,14,20,32,30,95,21,111,9,93,38,11" hai3="65,122,107,127,57,3,97,34,119,16,82,1,87"/><U54/><E70/><V110/><F104/><W112/><G112/><T8/><D131/><U73/><E73/><V22/><F38/><W64/><G34/><T84/><D84/><U56/><E114/><V47/><F47/><W96/><G122/><T109/><D109/><N who="2" m="41482" /><F9/><W118/><G127/><T6/><D37/><U46/><E128/><V2/><F2/><N who="3" m="523" /><G57/><T29/><D29/><U115/><E115/><V52/><F52/><W42/><G42/><T92/><D123/><U15/><E124/><V83/><F83/><W4/><G4/><AGARI ba="1,0" hai="4,11,14,20,21,22,27,30,32,93,95" m="41482" machi="4" ten="30,1000,0" yaku="14,1" doraHai="108" who="2" fromWho="3" sc="170,0,369,0,250,13,211,-13" /><INIT seed="2,0,0,4,0,30" ten="170,369,263,198" oya="2" hai0="5,90,60,78,26,109,120,65,89,134,135,133,112" hai1="37,57,46,113,110,39,21,116,55,91,20,25,54" hai2="27,87,69,42,35,101,132,43,71,16,15,119,18" hai3="52,47,82,130,84,49,51,117,68,98,58,14,92"/><V24/><F87/><W4/><G117/><T74/><D112/><U56/><E113/><V108/><F15/><W72/><G72/><T29/><D120/><U75/><E116/><V33/><F119/><W66/><G130/><T96/><D5/><U50/><E75/><V64/><F64/><W99/><G68/><T48/><D48/><U13/><E110/><V38/><F101/><W17/><G4/><T128/><D128/><U105/><E105/><V32/><F38/><W131/><G131/><T100/><D109/><U80/><E13/><V106/><F106/><W1/><G1/><T62/><D62/><U9/><E9/><V12/><F12/><W61/><G51/><T63/><D63/><U86/><E20/><V36/><F36/><W121/><G92/><N who="0" m="58375" /><D78/><U7/><E7/><V22/><F108/><W6/><G6/><T88/><D74/><U31/><E46/><V11/><F11/><N who="3" m="6367" /><G121/><T102/><D102/><U95/><E95/><V97/><F97/><W81/><G81/><T79/><D79/><AGARI ba="0,0" hai="47,49,52,58,61,66,79,82,84,98,99" m="6367" machi="79" ten="30,2000,0" yaku="8,1,54,1" doraHai="30" who="3" fromWho="0" sc="170,-20,369,0,263,0,198,20" /><INIT seed="3,0,0,4,1,94" ten="150,369,263,218" oya="3" hai0="2,3,56,124,77,15,59,122,103,25,46,111,121" hai1="120,37,107,11,36,128,79,65,30,23,109,33,95" hai2="98,60,99,61,44,92,127,88,93,22,40,129,6" hai3="38,8,35,90,27,55,52,49,101,43,1,89,84"/><W118/><G118/><T104/><D77/><U45/><E95/><V69/><F69/><W102/><G38/><T119/><D119/><U108/><E23/><V63/><F129/><W68/><G68/><T41/><D15/><U97/><E65/><V114/><F114/><W130/><G130/><T13/><D13/><U100/><E120/><V71/><F127/><W4/><G43/><T112/><D112/><U131/><E11/><V113/><F113/><W10/><G10/><T28/><D124/><U31/><E79/><V133/><F133/><W16/><G89/><T134/><D134/><U123/><E123/><V48/><F22/><W17/><G55/><T74/><D74/><U42/><E37/><V73/><F73/><W126/><G126/><T75/><D75/><U39/><E39/><V24/><F24/><W70/><G70/><T50/><D111/><N who="1" m="42571" /><E31/><V21/><F21/><W18/><G27/><AGARI ba="0,0" hai="27,30,33,36,42,45,97,100,107,128,131" m="42571" machi="27" ten="30,3900,0" yaku="14,1,23,1,52,1" doraHai="94" who="1" fromWho="3" sc="150,0,369,39,263,0,218,-39" owari="150,-35.0,408,50.8,263,6.3,179,-22.1" /></mjloggm>