<mjloggm ver="2.3"><GO type="225" lobby="0"/><UN n0="%6C%61%6D%62" n1="%E6%98%93%E5%88%A9%E8%96%A9%E4%BC%AF" n2="%E3%81%99%E3%81%84%E3%81%BE%E3%81%9B%E3%83%BC%E3%82%93" n3="%E3%81%AF%E3%82%88%E3%81%8A%E3%81%98%E3%81%95%E3%82%93" dan="16,17,18,17" rate="2197.81,2160.27,2202.20,2135.50" sx="M,F,M,M"/><TAIKYOKU oya="0"/><INIT seed="0,0,0,2,4,61" ten="250,250,250,250" oya="0" hai0="69,116,31,131,34,86,43,8,27,3,67,100,49" hai1="103,1,2,60,105,76,19,42,125,36,14,41,38" hai2="78,65,40,72,134,127,129,132,21,58,32,126,74" hai3="97,25,122,7,54,101,124,109,94,83,29,30,39"/><T13/><D116/><U66/><E76/><V37/><F32/><W33/><G109/><T0/><D131/><U46/><E125/><N who="2" m="47627" /><F21/><W118/><G124/><T123/><D123/><U6/><E6/><V88/><F129/><W107/><G118/><T115/><D115/><U77/><E77/><V28/><F28/><W81/><G39/><T5/><D100/><U84/><E84/><V59/><F78/><W24/><G122/><T90/><D43/><U113/><E113/><V98/><F40/><W68/><G68/><T99/><D99/><U45/><E103/><V85/><F37/><W73/><G73/><N who="2" m="28265" /><F98/><W64/><G107/><T120/><D49/><U55/><E55/><V121/><F121/><W47/><G54/><T53/><D53/><U106/><E106/><V135/><F65/><W20/><G64/><T96/><D96/><U18/><E105/><V48/><F48/><W102/><G101/><T89/><D120/><U50/><E50/><V57/><F58/><W62/><G47/><T130/><D130/><U87/><E87/><V92/><AGARI ba="0,0" hai="57,59,85,88,92,132,134,135" m="28265,47627" machi="92" ten="40,5200,0" yaku="20,1,18,1,54,1" doraHai="61" who="2" fromWho="2" sc="250,-26,250,-13,250,52,250,-13" /><INIT seed="1,0,0,1,5,52" ten="224,237,302,237" oya="1" hai0="3,26,27,90,8,79,117,29,84,51,74,35,85" hai1="55,25,17,14,87,13,48,19,77,45,50,46,78" hai2="36,107,98,21,106,70,49,76,111,18,1,6,128" hai3="82,129,38,33,68,34,41,42,37,97,53,123,109"/><U92/><E25/><V75/><F36/><W28/><G123/><T73/><D117/><U121/><E121/><V110/><F70/><W119/><G68/><T30/><D79/><U22/><E92/><V131/><F49/><W104/><G119/><T4/><D51/><U83/><E78/><V100/><F107/><W2/><G2/><T67/><D67/><U124/><E124/><V62/><F62/><W86/><G109/><N who="2" m="41481" /><F76/><W44/><G129/><T7/><D7/><U65/><E65/><V103/><F100/><W71/><G71/><T66/><D66/><U127/><E127/><V114/><F75/><W40/><G53/><T135/><D84/><U81/><E81/><V9/><F114/><W10/><G97/><T64/><D135/><U95/><E95/><V112/><F112/><W54/><G104/><T80/><REACH who="0" step="1"/><D64/><REACH who="0" ten="214,237,302,237" step="2"/><U63/><E63/><V5/><F5/><W102/><G38/><T58/><D58/><N who="1" m="33127" /><E50/><V89/><F131/><W57/><G37/><T113/><D113/><U132/><E132/><V31/><F128/><W60/><G60/><T16/><D16/><U56/><E56/><V0/><F18/><W43/><G57/><T99/><D99/><U116/><E116/><V115/><F115/><W23/><G42/><T24/><D24/><U15/><E19/><V61/><F61/><W88/><G41/><T126/><D126/><U105/><E17/><V120/><F98/><W93/><G43/><T134/><D134/><U118/><E118/><V72/><F120/><W108/><G40/><T69/><D69/><U20/><E87/><V47/><F6/><RYUUKYOKU ba="0,1" sc="214,30,237,-10,302,-10,237,-10" hai0="3,4,8,26,27,29,30,35,73,74,80,85,90" /><INIT seed="2,1,1,5,3,103" ten="244,227,292,227" oya="2" hai0="35,115,42,83,110,19,78,129,16,99,133,105,38" hai1="127,82,33,25,43,58,54,98,9,81,31,86,27" hai2="44,28,41,118,14,119,21,11,87,0,45,64,106" hai3="2,26,50,104,67,32,49,47,37,52,94,111,30"/><V10/><F106/><W120/><G120/><T40/><D115/><U89/><E127/><V80/><F64/><W100/><G111/><T84/><D35/><U60/><E43/><V57/><F57/><W8/><G37/><T123/><D123/><U114/><E114/><V29/><F45/><W18/><G67/><T79/><D110/><U17/><E98/><V1/><F1/><W66/><G66/><T97/><D129/><U92/><E27/><V75/><F75/><W76/><G76/><T48/><D38/><U107/><E107/><V6/><F21/><W46/><G104/><T68/><D68/><U22/><REACH who="1" step="1"/><E33/><REACH who="1" ten="244,217,292,227" step="2"/><V53/><F41/><W12/><G2/><T61/><D105/><U85/><E85/><V62/><F87/><W23/><G32/><T109/><D109/><U34/><E34/><V91/><F0/><W121/><G121/><T131/><D97/><U90/><E90/><V70/><F91/><W7/><G100/><T124/><D99/><U102/><E102/><V56/><F119/><W51/><G94/><T5/><D42/><U13/><AGARI ba="1,2" hai="9,13,17,22,25,31,54,58,60,81,82,86,89,92" machi="13" ten="30,7900,0" yaku="1,1,0,1,8,1,53,1" doraHai="103" doraHaiUra="88" who="1" fromWho="1" sc="244,-21,217,102,292,-40,227,-21" /><INIT seed="3,0,0,0,0,128" ten="223,319,252,206" oya="3" hai0="115,84,7,101,74,30,85,48,103,111,98,59,28" hai1="33,31,105,25,55,129,1,117,24,58,37,12,10" hai2="91,3,104,114,17,18,107,34,51,119,90,102,93" hai3="16,52,78,112,60,71,118,23,73,127,80,46,49"/><W124/><G118/><T79/><D74/><U116/><E37/><V133/><F3/><W39/><G112/><T40/><D115/><U32/><E105/><V72/><F34/><N who="1" m="13417" /><E31/><N who="0" m="11817" /><D111/><U120/><E1/><V35/><F35/><W63/><G39/><T76/><D7/><N who="1" m="3167" /><E129/><V92/><F72/><W61/><REACH who="3" step="1"/><G71/><REACH who="3" ten="223,319,252,196" step="2"/><T94/><D103/><U9/><E117/><V132/><F102/><W81/><G81/><T14/><D14/><AGARI ba="0,1" hai="14,16,23,46,49,52,60,61,63,73,78,80,124,127" machi="14" ten="40,7700,0" yaku="1,1,54,2,53,0" doraHai="128" doraHaiUra="126" who="3" fromWho="0" sc="223,-77,319,0,252,0,196,87" /><INIT seed="3,1,0,0,3,107" ten="146,319,252,283" oya="3" hai0="4,5,25,44,124,59,113,99,41,133,101,10,71" hai1="63,93,2,83,48,105,30,39,103,46,98,34,125" hai2="7,26,53,80,84,56,65,8,51,90,14,1,76" hai3="20,32,57,43,131,111,66,64,132,108,15,61,109"/><W120/><G120/><T115/><D71/><U38/><E2/><V23/><F1/><W126/><G32/><T122/><D122/><U89/><E83/><V95/><F65/><N who="3" m="39087" /><G126/><T55/><D124/><U13/><E63/><V54/><F54/><W19/><G131/><T91/><D91/><U85/><E125/><V33/><F33/><W135/><G43/><T58/><D25/><U92/><E105/><V62/><F51/><W17/><G17/><T110/><D110/><U36/><E13/><V134/><F134/><AGARI ba="1,0" hai="15,19,20,64,66,108,109,111,132,134,135" m="39087" machi="134" ten="40,7700,0" yaku="14,1,10,1,20,1" doraHai="107" who="3" fromWho="2" sc="146,0,319,0,252,-80,283,80" owari="146,-35.4,319,11.9,172,-22.8,363,46.3" /></mjloggm>