<mjloggm ver="2.3"><GO type="225" lobby="0"/><UN n0="%E5%91%A8%E6%9D%B1" n1="%E7%99%BD%E5%80%89%E5%AF%9B%E4%B9%8B" n2="%E6%A3%AE%E5%B1%B1%E7%94%B0%E7%9B%B4%E5%A4%AA%E6%9C%97%E4%B9%8B%E4%BB%8B" n3="%E3%82%A2%E3%83%B3%E3%83%93%E3%83%90%E3%83%AC%E3%83%B3%E3%83%88" dan="17,16,16,16" rate="2149.29,2140.54,2159.26,2092.03" sx="M,M,M,F"/><TAIKYOKU oya="0"/><INIT seed="0,0,0,1,2,64" ten="250,250,250,250" oya="0" hai0="85,58,59,104,45,38,82,99,11,96,75,116,34" hai1="52,60,39,101,71,130,83,127,13,3,81,135,79" hai2="118,111,24,29,80,106,112,84,126,90,15,67,69" hai3="114,47,6,31,46,49,89,22,16,134,125,28,10"/><T32/><D75/><U74/><E3/><V26/><F112/><W2/><G114/><T87/><D11/><U66/><E39/><V41/><F106/><W122/><G125/><T36/><D104/><U95/><E127/><V0/><F0/><W94/><G134/><T115/><D115/><U53/><E135/><V33/><F126/><W44/><G49/><T30/><D45/><U129/><E83/><V92/><F111/><W102/><G102/><T4/><D82/><U21/><E101/><V14/><F118/><W121/><G31/><T25/><D30/><U18/><REACH who="1" step="1"/><E95/><REACH who="1" ten="250,240,250,250" step="2"/><V57/><F80/><W48/><G122/><T5/><REACH who="0" step="1"/><D25/><REACH who="0" ten="240,240,250,250" step="2"/><U105/><E105/><V68/><F24/><W63/><G121/><T9/><D9/><U108/><E108/><V98/><F26/><W43/><G28/><T77/><D77/><U86/><E86/><V35/><F29/><W100/><G100/><T110/><D110/><U40/><E40/><V103/><F41/><W91/><G94/><T72/><D72/><U65/><E65/><V17/><F67/><W76/><G76/><T55/><D55/><AGARI ba="0,2" hai="13,18,21,52,53,55,60,66,71,74,79,81,129,130" machi="55" ten="40,5200,0" yaku="1,1,52,1,54,1,53,0" doraHai="64" doraHaiUra="20" who="1" fromWho="0" sc="240,-52,240,72,250,0,250,0" /><INIT seed="1,0,0,3,0,100" ten="188,312,250,250" oya="1" hai0="16,122,97,114,66,14,88,43,17,95,7,116,64" hai1="118,125,135,94,86,50,49,108,93,82,38,1,0" hai2="52,4,102,117,120,101,32,6,10,71,59,83,132" hai3="110,98,99,85,3,35,2,87,78,22,13,123,39"/><U58/><E38/><V40/><F32/><W131/><G35/><T9/><D114/><U115/><E115/><V80/><F71/><W26/><G13/><T29/><D116/><U19/><E118/><V42/><F117/><W121/><G39/><T44/><D29/><U73/><E73/><V45/><F132/><W92/><G78/><T34/><D34/><U33/><E33/><V103/><F120/><W75/><G75/><T61/><D122/><U124/><E135/><V90/><F90/><W56/><G56/><T21/><D61/><U77/><E19/><V28/><F28/><W27/><G22/><T53/><D53/><N who="1" m="32047" /><E50/><N who="2" m="26919" /><F42/><W57/><G57/><T81/><D81/><N who="2" m="31306" /><F10/><W127/><G92/><N who="1" m="35434" /><E108/><V18/><F18/><W111/><REACH who="3" step="1"/><G127/><AGARI ba="0,0" hai="0,1,77,82,86,124,125,127" m="35434,32047" machi="127" ten="30,1500,0" yaku="18,1" doraHai="100" who="1" fromWho="3" sc="188,0,312,15,250,0,250,-15" /><INIT seed="1,1,0,0,2,33" ten="188,327,250,235" oya="1" hai0="85,5,63,57,134,108,128,77,42,76,130,65,34" hai1="21,126,53,116,113,39,12,30,117,26,83,35,32" hai2="1,120,118,60,54,80,13,48,79,102,0,81,99" hai3="18,58,70,90,131,36,23,96,95,109,64,121,62"/><U125/><E39/><V92/><F120/><W15/><G121/><T17/><D34/><N who="1" m="12843" /><E53/><V98/><F118/><N who="1" m="45673" /><E83/><V119/><F119/><W11/><G109/><T129/><D108/><U133/><E113/><V91/><F60/><W94/><G36/><T52/><D134/><U55/><E55/><V69/><F69/><W4/><G131/><T101/><D101/><U10/><E133/><V75/><F13/><W51/><G95/><T45/><D5/><AGARI ba="1,0" hai="5,10,12,21,26,30,125,126" m="45673,12843" machi="5" ten="30,2900,0" yaku="34,2" doraHai="33" who="1" fromWho="0" sc="188,-32,327,32,250,0,235,0" /><INIT seed="1,2,0,3,1,96" ten="156,359,250,235" oya="1" hai0="58,82,116,14,109,59,89,42,57,32,101,15,71" hai1="115,12,16,87,73,122,36,33,75,29,9,67,127" hai2="24,46,86,85,54,128,92,38,64,68,47,118,133" hai3="45,30,111,124,97,60,95,39,17,120,63,11,84"/><U66/><E36/><V26/><F118/><W83/><G30/><T48/><D71/><U113/><E122/><V56/><F133/><W88/><G120/><T123/><D32/><U0/><E127/><V74/><F74/><W61/><G124/><T5/><D116/><U55/><E75/><V50/><F128/><W35/><G35/><T52/><D123/><U23/><E73/><V19/><F47/><W49/><G39/><T100/><D42/><U7/><E55/><V37/><F37/><W18/><G11/><N who="0" m="4463" /><D109/><U112/><E87/><V90/><F85/><W132/><G111/><T114/><D114/><U134/><E134/><V6/><F6/><W53/><REACH who="3" step="1"/><G132/><REACH who="3" ten="156,359,250,225" step="2"/><T20/><D20/><U108/><E108/><V21/><F38/><W107/><G107/><T106/><D106/><U4/><E4/><V125/><F125/><W117/><G117/><T28/><D28/><U80/><E80/><V121/><F121/><W72/><G72/><T91/><D82/><U102/><E29/><V43/><F68/><W135/><G135/><T34/><D34/><U13/><E33/><V77/><F77/><AGARI ba="2,1" hai="17,18,45,49,53,60,61,63,77,83,84,88,95,97" machi="77" ten="40,5200,0" yaku="1,1,8,1,54,1,53,0" doraHai="96" doraHaiUra="130" who="3" fromWho="2" sc="156,0,359,0,250,-58,225,68" /><INIT seed="2,0,0,2,4,53" ten="156,359,192,293" oya="2" hai0="102,52,42,38,33,94,25,22,26,123,98,48,1" hai1="119,85,54,45,133,41,124,76,113,65,135,5,82" hai2="127,19,7,83,117,109,122,18,126,79,39,35,15" hai3="75,118,106,64,80,90,120,12,78,91,16,115,114"/><V92/><F39/><W0/><G0/><T69/><D1/><U128/><E113/><N who="3" m="43018" /><G118/><T17/><D69/><U131/><E119/><V68/><F68/><W2/><G2/><T93/><D123/><U88/><E5/><V121/><F117/><W44/><G106/><T74/><D74/><U87/><E65/><V125/><F109/><W101/><G101/><T100/><D38/><N who="1" m="21687" /><E54/><V31/><F92/><W51/><G64/><T66/><D42/><U60/><E60/><V29/><F83/><W97/><G97/><T111/><D66/><U104/><E104/><V73/><F79/><W28/><G28/><N who="2" m="10825" /><F35/><W96/><G96/><T50/><D111/><U11/><E11/><N who="2" m="4607" /><F73/><W95/><G95/><T86/><D33/><U43/><E43/><V34/><F34/><W61/><G120/><AGARI ba="0,0" hai="18,19,120,121,122,125,126,127" m="4607,10825" machi="120" ten="40,7700,0" yaku="18,1,34,2" doraHai="53" who="2" fromWho="3" sc="156,0,359,0,192,77,293,-77" /><INIT seed="2,1,0,0,0,103" ten="156,359,269,216" oya="2" hai0="98,54,27,34,70,124,79,63,97,117,28,53,46" hai1="126,87,111,5,82,41,119,67,72,131,42,10,118" hai2="48,69,101,129,0,78,110,122,25,17,96,31,13" hai3="12,66,64,11,65,88,1,132,80,6,7,83,91"/><V62/><F122/><W8/><REACH who="3" step="1"/><G132/><REACH who="3" ten="156,359,269,206" step="2"/><T29/><D117/><U99/><E119/><V92/><F129/><W43/><G43/><T102/><D124/><U49/><E118/><V16/><F110/><W123/><G123/><T45/><D79/><U22/><E42/><V30/><F78/><W15/><G15/><T47/><D29/><U36/><E41/><V59/><F0/><W93/><G93/><T114/><D114/><U107/><E126/><V76/><F76/><W135/><G135/><T40/><D40/><U50/><E131/><V95/><F95/><W51/><G51/><T74/><D74/><U125/><E50/><V20/><F48/><W23/><G23/><T2/><D2/><U55/><E49/><V26/><F69/><W19/><G19/><T133/><D133/><U89/><E22/><N who="2" m="13511" /><F13/><W44/><G44/><T81/><D81/><AGARI ba="1,1" hai="1,6,7,8,11,12,64,65,66,80,81,83,88,91" machi="81" ten="40,8000,1" yaku="21,2,54,1,53,1" doraHai="103" doraHaiUra="32" who="3" fromWho="0" sc="156,-83,359,0,269,0,206,93" /><INIT seed="3,0,0,5,4,102" ten="73,359,269,299" oya="3" hai0="54,115,38,101,122,32,51,113,103,48,24,49,46" hai1="16,110,60,93,53,30,41,63,83,131,12,55,132" hai2="134,89,105,130,84,15,42,23,123,91,133,116,20" hai3="107,2,73,50,80,52,100,58,36,0,112,90,128"/><W5/><G36/><T98/><D32/><U25/><E110/><V45/><F116/><W74/><G112/><T6/><D6/><U118/><E118/><V66/><F66/><W68/><G68/><T47/><D24/><U88/><E41/><V120/><F15/><W43/><G43/><T59/><D122/><N who="2" m="46634" /><F130/><W114/><G114/><T56/><D98/><N who="1" m="57639" /><E131/><V33/><F33/><W44/><G128/><T21/><D21/><N who="2" m="8266" /><F105/><W94/><G80/><T29/><D29/><U11/><E25/><V71/><F71/><W76/><G76/><T4/><D4/><U92/><E30/><V9/><F9/><W3/><G5/><T96/><D96/><U135/><E83/><V87/><F45/><W64/><G100/><T35/><D35/><U109/><E92/><V1/><F42/><W34/><G107/><T85/><D103/><U27/><E27/><V70/><F1/><W8/><G8/><T86/><D101/><U22/><E22/><V26/><F26/><W108/><G34/><T18/><D38/><U14/><E14/><V104/><F104/><W13/><G13/><T106/><D106/><U40/><E40/><V37/><F37/><W82/><G82/><T111/><D115/><U10/><E10/><V72/><F72/><W19/><G19/><T95/><D18/><U69/><E69/><V75/><F75/><N who="3" m="28683" /><G108/><T31/><D111/><U39/><E109/><V99/><F70/><W57/><G64/><T28/><D113/><U81/><E39/><V127/><F99/><N who="3" m="57815" /><G44/><T7/><D47/><U126/><E81/><N who="2" m="49295" /><F127/><W67/><G67/><T62/><D46/><RYUUKYOKU ba="0,0" sc="73,-15,359,-15,269,15,299,15" hai2="87,91,133,134" hai3="0,2,3,50,52,57,58" /><INIT seed="3,1,0,0,4,101" ten="58,344,284,314" oya="3" hai0="94,127,25,85,5,57,79,10,119,124,42,111,17" hai1="84,128,33,45,36,104,41,130,113,112,1,81,107" hai2="126,114,87,71,73,90,29,15,91,22,86,58,23" hai3="26,78,31,118,61,19,13,0,20,2,131,76,9"/><W121/><G118/><T3/><D94/><U16/><E33/><V97/><F71/><W88/><G121/><T92/><D92/><U129/><E16/><V93/><F114/><N who="1" m="44137" /><E1/><V4/><F126/><W6/><G131/><T43/><D119/><U62/><E62/><V60/><F73/><W109/><G109/><T133/><D111/><U8/><E8/><V82/><F29/><W56/><G2/><T40/><D17/><U11/><E11/><V54/><F4/><W34/><G88/><AGARI ba="1,0" hai="36,41,45,81,84,88,104,107,128,129,130" m="44137" machi="88" ten="40,8000,1" yaku="19,1,52,2,54,1" doraHai="101" who="1" fromWho="3" sc="58,0,344,83,284,0,314,-83" owari="58,-44.2,427,52.7,284,8.4,231,-16.9" /></mjloggm>