<mjloggm ver="2.3"><GO type="225" lobby="0"/><UN n0="%E3%81%BF%E3%81%BF%E3%81%9A" n1="%E6%98%93%E5%88%A9%E8%96%A9%E4%BC%AF" n2="%E3%81%8B%E3%82%8F%E3%81%A1%E3%82%83%E3%82%93%35%38" n3="%E3%81%B2%E3%81%AA%E3%81%AE%E3%82%8A%E3%81%8F" dan="18,17,16,16" rate="2226.89,2167.08,2137.22,2081.69" sx="M,F,M,M"/><TAIKYOKU oya="0"/><INIT seed="0,0,0,1,0,135" ten="250,250,250,250" oya="0" hai0="46,48,2,5,19,93,83,97,112,104,131,77,50" hai1="121,32,22,67,114,79,65,99,75,105,64,130,87" hai2="39,74,35,127,62,47,82,113,85,100,106,42,9" hai3="134,16,70,66,36,111,117,129,73,98,118,102,37"/><T84/><D112/><U51/><E121/><V15/><F113/><W124/><G134/><T28/><D131/><U54/><E32/><V120/><F120/><W72/><G129/><T40/><D28/><U14/><E75/><V115/><F115/><W126/><G111/><T17/><D104/><U53/><E130/><V107/><F35/><W59/><G59/><T23/><D2/><U33/><E33/><V0/><F0/><W1/><G1/><T123/><D123/><U71/><E71/><V4/><F74/><N who="3" m="28779" /><G16/><T12/><D50/><U109/><E109/><V80/><F100/><W11/><G11/><N who="0" m="4207" /><D23/><U132/><E51/><V56/><F82/><W68/><G66/><T26/><D26/><U30/><E132/><V13/><F13/><W58/><G58/><T18/><D18/><U86/><E30/><V57/><F57/><W103/><G70/><T10/><D10/><U91/><E67/><V43/><F43/><W45/><G68/><T34/><D34/><U90/><E65/><V122/><F122/><W116/><G45/><T119/><D119/><U61/><E64/><N who="2" m="38983" /><F106/><N who="3" m="63831" /><G103/><AGARI ba="0,0" hai="17,19,40,46,48,77,83,84,93,97,103" m="4207" machi="103" ten="30,2900,0" yaku="25,1,8,1" doraHai="135" who="0" fromWho="3" sc="250,29,250,0,250,0,250,-29" /><INIT seed="0,1,0,3,5,116" ten="279,250,250,221" oya="0" hai0="23,64,134,9,41,29,122,46,117,101,135,31,98" hai1="113,16,114,52,30,11,27,17,25,6,38,85,42" hai2="92,69,80,44,87,0,93,33,71,53,82,1,106" hai3="123,19,109,100,112,22,81,91,43,97,94,131,5"/><T62/><D117/><U121/><E42/><V126/><F87/><W76/><G112/><N who="1" m="43114" /><E38/><V40/><F44/><W96/><G109/><T48/><D9/><U110/><E85/><V102/><F40/><W99/><G131/><T61/><D122/><U83/><E83/><V57/><F57/><W63/><G43/><T7/><D7/><U8/><E110/><V79/><F102/><W10/><G63/><T50/><D50/><U77/><E77/><V125/><F33/><W84/><G123/><T15/><D15/><N who="1" m="5527" /><E121/><V39/><F106/><W4/><G100/><T107/><D62/><U88/><E88/><V36/><REACH who="2" step="1"/><F53/><REACH who="2" ten="279,250,240,221" step="2"/><W127/><G127/><T54/><D41/><U21/><E52/><V13/><F13/><N who="3" m="5327" /><G4/><T67/><D67/><U124/><E124/><V75/><F75/><W115/><G115/><T60/><D60/><U26/><E30/><V105/><F105/><W68/><G68/><T32/><D32/><U108/><E108/><V2/><F2/><W65/><G65/><T45/><D46/><U95/><E95/><V37/><F37/><W12/><AGARI ba="1,1" hai="12,19,22,76,81,84,91,94,96,97,99" m="5327" machi="12" ten="30,1100,0" yaku="8,1" doraHai="116" who="3" fromWho="3" sc="279,-6,250,-4,240,-4,221,24" /><INIT seed="1,0,0,2,1,87" ten="273,246,236,245" oya="1" hai0="125,121,9,33,20,36,14,49,47,115,123,80,85" hai1="63,65,58,101,54,86,92,45,1,82,2,114,34" hai2="22,67,84,91,23,130,110,38,57,42,72,52,134" hai3="70,71,79,131,77,90,18,61,62,64,8,27,0"/><U95/><E114/><V109/><F72/><W15/><G131/><T93/><D33/><U126/><E34/><V108/><F130/><W83/><G0/><T98/><D115/><U129/><E126/><V124/><F124/><W97/><G27/><T40/><D125/><U116/><E116/><V68/><F134/><W11/><G11/><T30/><D30/><U6/><E129/><V132/><F132/><W119/><G119/><T13/><D20/><U21/><E21/><V120/><F120/><N who="0" m="46154" /><D36/><U56/><E45/><N who="2" m="23767" /><F67/><W94/><G83/><T16/><D14/><U41/><E41/><V59/><F59/><W60/><REACH who="3" step="1"/><G64/><REACH who="3" ten="273,246,236,235" step="2"/><T104/><D104/><U46/><E2/><V55/><F68/><AGARI ba="0,1" hai="8,15,18,60,61,62,68,70,71,77,79,90,94,97" machi="68" ten="40,5200,0" yaku="1,1,2,1,52,1,53,0" doraHai="87" doraHaiUra="113" who="3" fromWho="2" sc="273,0,246,0,236,-52,235,62" /><INIT seed="2,0,0,0,2,113" ten="273,246,184,297" oya="2" hai0="116,89,47,96,45,20,72,114,81,87,76,51,104" hai1="97,99,21,75,65,40,98,60,44,53,95,110,127" hai2="37,11,58,115,61,86,54,36,129,4,8,30,16" hai3="121,38,80,27,48,63,32,56,46,125,93,133,1"/><V92/><F115/><W34/><G121/><T67/><D114/><U29/><E110/><V26/><F129/><W79/><G38/><T43/><D67/><U117/><E75/><V13/><F92/><W24/><G1/><T17/><D116/><U71/><E127/><V128/><F128/><W119/><G119/><T108/><D108/><U23/><E117/><V55/><F86/><W5/><G5/><T105/><D96/><U35/><E95/><V3/><REACH who="2" step="1"/><F54/><REACH who="2" ten="273,246,174,297" step="2"/><W70/><G93/><T126/><D126/><U103/><E53/><V82/><F82/><W39/><G80/><T135/><D135/><U2/><E103/><V88/><F88/><W50/><G133/><T124/><D124/><U107/><E98/><V102/><F102/><W14/><G125/><T85/><D85/><U112/><E99/><V111/><F111/><W52/><G52/><T66/><D89/><U6/><E97/><V120/><F120/><W83/><G83/><T134/><D87/><U10/><E112/><V74/><F74/><W122/><G122/><T0/><D134/><U91/><E91/><V18/><F18/><W7/><G79/><T73/><D73/><U57/><E107/><V90/><F90/><W62/><G7/><T42/><D105/><U22/><E6/><V123/><F123/><W130/><G130/><T59/><D104/><U25/><E2/><V33/><AGARI ba="0,1" hai="3,4,8,11,13,16,26,30,33,36,37,55,58,61" machi="33" ten="20,7800,0" yaku="1,1,0,1,7,1,54,1,53,0" doraHai="113" doraHaiUra="131" who="2" fromWho="2" sc="273,-26,246,-26,174,88,297,-26" /><INIT seed="2,1,0,2,0,43" ten="247,220,262,271" oya="2" hai0="97,75,27,63,112,102,119,42,28,104,82,50,76" hai1="111,93,101,96,135,21,51,35,65,68,10,122,105" hai2="47,13,15,130,29,81,127,19,100,39,61,1,57" hai3="133,71,80,110,3,129,45,59,79,126,25,128,2"/><V91/><F1/><W31/><G71/><T58/><D112/><U94/><E111/><V90/><F29/><W8/><G110/><T69/><D119/><U6/><E135/><V62/><F100/><W36/><G133/><T41/><D50/><U5/><E35/><V32/><F32/><N who="3" m="20591" /><G126/><T0/><D0/><N who="3" m="41" /><G59/><T54/><REACH who="0" step="1"/><D69/><REACH who="0" ten="237,220,262,271" step="2"/><U131/><E51/><V84/><F127/><W33/><G33/><AGARI ba="1,1" hai="27,28,33,41,42,54,58,63,75,76,82,97,102,104" machi="33" ten="30,3900,0" yaku="1,1,2,1,7,1,53,0" doraHai="43" doraHaiUra="67" who="0" fromWho="3" sc="237,52,220,0,262,0,271,-42" /><INIT seed="3,0,0,4,4,81" ten="289,220,262,229" oya="3" hai0="86,13,35,82,80,92,6,114,15,129,111,94,12" hai1="43,67,99,56,133,55,48,58,34,69,89,71,132" hai2="36,54,18,14,85,78,57,91,90,2,29,62,124" hai3="126,123,96,98,76,122,1,19,31,52,3,53,106"/><W135/><G135/><N who="1" m="51786" /><E34/><V87/><F2/><W9/><G126/><T75/><D35/><U73/><E73/><V118/><F118/><W26/><G76/><T22/><D75/><U32/><E32/><V33/><F36/><W7/><G19/><T40/><D82/><U74/><E74/><V72/><F72/><W100/><G96/><T66/><D111/><U70/><E43/><V46/><F124/><W68/><G68/><T38/><D38/><U83/><E99/><V128/><F128/><W77/><G77/><N who="0" m="46351" /><D129/><U0/><E0/><V50/><F78/><W61/><G3/><T25/><D40/><U102/><E102/><V4/><F4/><W65/><G65/><T108/><D108/><U42/><E42/><V5/><F5/><W11/><G11/><N who="0" m="4215" /><D66/><U116/><E116/><V107/><F107/><W47/><G61/><T20/><D20/><U17/><E17/><V84/><F29/><W24/><G53/><T117/><D114/><U134/><N who="1" m="51794" /><U49/><DORA hai="8" /><E67/><N who="2" m="39375" /><F33/><W37/><G37/><T121/><D117/><U103/><E103/><V59/><F59/><N who="1" m="22569" /><E55/><V125/><F125/><W113/><G113/><T41/><D41/><U23/><E23/><AGARI ba="0,0" hai="14,18,23,46,50,54,84,85,87,90,91" m="39375" machi="23" ten="30,8000,1" yaku="8,1,52,4" doraHai="81,8" who="2" fromWho="1" sc="289,0,220,-80,262,80,229,0" owari="289,8.9,140,-36.0,342,44.2,229,-17.1" /></mjloggm>