<mjloggm ver="2.3"><GO type="225" lobby="0"/><UN n0="%E3%83%A4%E3%83%89%E3%83%B3%E4%B8%B8" n1="%E7%89%B9%E6%9D%B1%E3%81%AF%E4%B8%96%E7%95%8C%E3%82%92%E6%95%91%E3%81%86" n2="%E9%A6%AC%E5%BC%95%E7%81%AB%33" n3="%E5%91%A8%E6%9D%B1" dan="16,16,16,17" rate="2055.55,2175.78,2122.01,2152.77" sx="M,M,M,M"/><TAIKYOKU oya="0"/><INIT seed="0,0,0,4,5,8" ten="250,250,250,250" oya="0" hai0="51,112,64,12,106,101,27,99,61,6,85,66,129" hai1="46,75,131,81,28,104,116,53,93,71,108,133,70" hai2="128,21,110,88,114,24,3,49,84,68,17,118,113" hai3="30,120,36,43,5,126,80,42,52,18,59,44,58"/><T117/><D112/><U87/><E116/><V48/><F118/><W107/><G107/><T20/><D117/><U125/><E104/><V89/><F110/><W37/><G126/><T100/><D129/><U32/><E108/><V90/><F128/><W111/><G111/><T78/><D101/><U35/><E131/><V105/><F3/><W25/><G120/><T39/><D39/><U134/><E75/><V14/><F68/><N who="1" m="26153" /><E28/><V16/><F105/><W7/><G18/><T76/><D51/><N who="2" m="19530" /><F114/><W50/><G80/><T45/><D45/><U15/><E93/><N who="2" m="54439" /><F113/><W29/><G29/><T82/><D61/><U4/><E53/><V31/><F31/><W92/><G92/><T97/><D78/><N who="1" m="46519" /><E46/><V72/><F72/><W79/><G79/><T57/><D57/><U95/><E95/><V132/><F132/><N who="1" m="50793" /><E125/><V23/><AGARI ba="0,0" hai="14,16,17,21,23,24,88,90" m="54439,19530" machi="23" ten="30,7900,0" yaku="8,1,52,1,54,2" doraHai="8" who="2" fromWho="2" sc="250,-39,250,-20,250,79,250,-20" /><INIT seed="1,0,0,5,1,97" ten="211,230,329,230" oya="1" hai0="125,92,57,55,114,100,93,21,19,64,52,10,29" hai1="84,45,14,70,6,128,108,116,73,39,34,129,56" hai2="63,40,113,60,122,11,107,61,112,37,115,17,131" hai3="96,127,0,31,69,77,91,47,98,101,90,43,22"/><U66/><E116/><V134/><F122/><W38/><G127/><T133/><D114/><U120/><E120/><V46/><F107/><W102/><G69/><T42/><D125/><U32/><E73/><V106/><F106/><W8/><G77/><T48/><D133/><U49/><E70/><V75/><F75/><W117/><G117/><T4/><D29/><U88/><E39/><V87/><F134/><W13/><G0/><T7/><D42/><U89/><E108/><V135/><F135/><W99/><G22/><T62/><D55/><U28/><E6/><V35/><F35/><W65/><G65/><T94/><D10/><U95/><E14/><N who="2" m="7391" /><F87/><W30/><G31/><T36/><D100/><U71/><E71/><V118/><F118/><W27/><G27/><T15/><REACH who="0" step="1"/><D36/><REACH who="0" ten="201,230,329,230" step="2"/><U130/><E28/><V67/><F67/><W54/><G54/><T119/><D119/><U78/><E78/><V59/><F115/><W74/><G30/><T121/><D121/><U23/><E89/><V20/><F37/><W41/><G41/><T68/><AGARI ba="0,1" hai="4,7,15,19,21,48,52,57,62,64,68,92,93,94" machi="68" ten="30,4000,0" yaku="1,1,0,1,54,1,53,0" doraHai="97" doraHaiUra="104" who="0" fromWho="0" sc="201,50,230,-20,329,-10,230,-10" /><INIT seed="2,0,0,0,2,58" ten="251,210,319,220" oya="2" hai0="110,27,25,16,115,47,103,69,77,74,100,56,83" hai1="42,71,51,134,68,19,41,66,88,123,0,109,20" hai2="111,78,130,44,52,106,5,86,17,54,21,3,91" hai3="29,70,10,2,133,94,128,132,40,98,73,49,46"/><V75/><F106/><W72/><G70/><T76/><D115/><U36/><E0/><V63/><F130/><W67/><G67/><T55/><D69/><U87/><E36/><V101/><F101/><W64/><G64/><T96/><D110/><U65/><E109/><V7/><F111/><W15/><G29/><T124/><D124/><U119/><E119/><V9/><F5/><W104/><G2/><T85/><D47/><N who="1" m="26095" /><E71/><V18/><F18/><W105/><G104/><T84/><D77/><U45/><E68/><V28/><F28/><W39/><G39/><T81/><D81/><N who="1" m="49263" /><E134/><N who="3" m="51818" /><G105/><T97/><D74/><U127/><E127/><V30/><F30/><W60/><G60/><N who="0" m="35871" /><D85/><U113/><E113/><V95/><F78/><W53/><G40/><T34/><D34/><U38/><E38/><V33/><F33/><W80/><G80/><T31/><D31/><U26/><E123/><V79/><F79/><W23/><G128/><T120/><D120/><U62/><E62/><V14/><F75/><W24/><G73/><T99/><D27/><U90/><E90/><V116/><F116/><W1/><G1/><T22/><AGARI ba="0,0" hai="16,22,25,76,83,84,96,97,99,100,103" m="35871" machi="22" ten="30,4000,0" yaku="8,1,52,1,54,1" doraHai="58" who="0" fromWho="0" sc="251,40,210,-10,319,-20,220,-10" /><INIT seed="3,0,0,2,0,24" ten="291,200,299,210" oya="3" hai0="36,38,98,95,40,58,59,118,67,17,41,125,110" hai1="42,90,66,117,126,7,105,45,31,68,86,108,10" hai2="115,122,120,75,33,92,28,25,82,133,14,77,119" hai3="111,52,30,4,46,104,26,61,20,1,80,113,71"/><W103/><G113/><T78/><D118/><U127/><E105/><V116/><F133/><W88/><G111/><T94/><D110/><U9/><E108/><V5/><F115/><W87/><G104/><T57/><D67/><U48/><E117/><V0/><F0/><W12/><G103/><T18/><D78/><U74/><E74/><V22/><F92/><N who="0" m="35370" /><D98/><U97/><E97/><V64/><F64/><W84/><G1/><T35/><D35/><U128/><E128/><V123/><F33/><W19/><G84/><T60/><D60/><N who="1" m="40007" /><E7/><V129/><F129/><W107/><G4/><T11/><D11/><AGARI ba="0,0" hai="5,11,14,22,25,28,75,77,82,116,119,120,122,123" machi="11" ten="40,2600,0" yaku="13,1,52,1" doraHai="24" who="2" fromWho="0" sc="291,-26,200,0,299,26,210,0" owari="265,6.5,200,-30.0,325,42.5,210,-19.0" /></mjloggm>