<mjloggm ver="2.3"><GO type="225" lobby="0"/><UN n0="%E9%AD%94%E7%A5%9E%E2%80%A0%E6%B8%8B%E5%B7%9D%E6%9D%B1%E5%A0%B4%E2%80%A0" n1="%E6%A5%93%E4%BB%8B" n2="%E3%81%95%E3%82%88%E3%81%AA%E3%82%89%E3%83%9A%E3%81%BA%E3%83%9A" n3="%E9%BB%99%E8%81%B4%E3%81%AE%E3%81%99%E3%82%9D%E3%82%81" dan="16,16,16,16" rate="2174.48,2100.76,2107.84,2044.31" sx="M,M,F,M"/><TAIKYOKU oya="0"/><INIT seed="0,0,0,1,0,54" ten="250,250,250,250" oya="0" hai0="40,66,104,9,112,15,41,72,48,52,22,102,90" hai1="24,36,80,82,115,42,114,57,94,105,78,60,95" hai2="126,133,20,127,63,1,68,117,17,51,45,5,0" hai3="101,128,13,134,83,16,119,122,38,110,70,131,89"/><T132/><D112/><N who="1" m="43051" /><E105/><V25/><F117/><W93/><G119/><T3/><D72/><U67/><E24/><V23/><F133/><W30/><G70/><T91/><D132/><U53/><E36/><V8/><F1/><W129/><G38/><T106/><D66/><U97/><E42/><N who="0" m="16489" /><D106/><U118/><E118/><V32/><F32/><W27/><G134/><T84/><D104/><U62/><E78/><V76/><F76/><W2/><G2/><T28/><D102/><N who="1" m="60727" /><E95/><V46/><F23/><W96/><G110/><T21/><D3/><U74/><E74/><V92/><F92/><W100/><G83/><N who="0" m="49439" /><D91/><U29/><E29/><V34/><F34/><N who="3" m="20831" /><G122/><T85/><D85/><U71/><AGARI ba="0,0" hai="53,57,60,62,67,71,80,82" m="60727,43051" machi="71" ten="30,2000,0" yaku="11,1,52,1" doraHai="54" who="1" fromWho="1" sc="250,-10,250,20,250,-5,250,-5" /><INIT seed="1,0,0,5,5,11" ten="240,270,245,245" oya="1" hai0="60,67,44,71,107,28,93,53,80,65,63,14,111" hai1="59,16,42,1,102,3,130,51,118,24,70,21,45" hai2="31,22,133,46,26,19,110,58,112,17,29,4,15" hai3="83,37,115,91,114,18,135,105,106,94,131,89,36"/><U109/><E118/><V27/><F110/><W43/><G43/><T64/><D107/><U100/><E70/><V77/><F133/><W13/><G135/><T69/><D111/><U34/><E109/><V61/><F112/><W101/><G131/><T76/><D28/><U30/><E130/><V79/><F4/><W127/><G127/><T72/><D93/><U68/><E68/><V25/><F46/><W78/><G18/><T125/><D125/><U2/><REACH who="1" step="1"/><E59/><REACH who="1" ten="240,260,245,245" step="2"/><V47/><F47/><W124/><G124/><T9/><D44/><U32/><E32/><V48/><F48/><W35/><G35/><T103/><D67/><U33/><E33/><V96/><F19/><W121/><G37/><T62/><D65/><U6/><E6/><V113/><F113/><W119/><G36/><T74/><D69/><U49/><E49/><V117/><F117/><W81/><G119/><T8/><D64/><U23/><E23/><V104/><F29/><W122/><G115/><T73/><D71/><U97/><E97/><V39/><F31/><W12/><G114/><T126/><D126/><U56/><E56/><V40/><F39/><W90/><G122/><T10/><D62/><U116/><E116/><V50/><F50/><W7/><G7/><T132/><D60/><U75/><E75/><V95/><F58/><W5/><G5/><T88/><D132/><U92/><E92/><V120/><F120/><W86/><G121/><T134/><D74/><U66/><E66/><V41/><F95/><W57/><G57/><N who="0" m="35247" /><D73/><U38/><E38/><V129/><F129/><W55/><G94/><RYUUKYOKU ba="0,1" sc="240,-10,260,30,245,-10,245,-10" hai1="1,2,3,16,21,24,30,34,42,45,51,100,102" /><INIT seed="1,1,1,2,0,14" ten="230,290,235,235" oya="1" hai0="108,39,110,1,26,44,95,8,107,86,9,112,87" hai1="2,63,71,111,0,17,69,64,115,132,125,105,129" hai2="29,62,19,96,126,23,16,37,4,77,120,133,53" hai3="25,106,72,61,81,7,98,52,50,85,20,97,76"/><U117/><RYUUKYOKU type="yao9" ba="1,1" sc="230,0,290,0,235,0,235,0" hai1="0,2,17,63,64,69,71,105,111,115,117,125,129,132" /><INIT seed="1,2,1,1,4,38" ten="230,290,235,235" oya="1" hai0="15,50,135,111,130,118,6,72,106,11,116,93,46" hai1="89,112,132,80,94,121,107,32,77,10,127,22,7" hai2="109,21,71,20,59,120,101,1,29,27,45,113,13" hai3="128,82,48,36,105,115,33,85,125,24,78,90,43"/><U98/><E112/><V42/><F113/><W2/><G115/><T47/><D106/><U4/><E121/><V131/><F109/><W35/><G2/><T76/><D111/><U88/><E32/><V75/><F75/><W81/><G36/><T31/><D130/><U64/><E132/><V134/><F71/><W68/><G68/><T34/><D135/><U117/><E117/><V123/><F134/><W124/><G105/><T63/><D46/><U39/><E64/><V84/><F131/><W9/><G9/><T95/><D63/><U8/><E127/><N who="3" m="48714" /><G24/><T26/><D72/><U12/><E39/><V49/><F1/><W126/><G128/><T102/><D76/><U129/><E107/><V96/><F59/><W67/><G67/><T65/><D65/><U5/><E89/><V60/><F60/><W16/><G16/><T74/><D74/><U91/><E91/><V70/><F70/><W97/><G126/><T83/><D102/><U86/><E129/><V100/><F84/><N who="3" m="50455" /><G97/><T79/><D116/><U108/><E108/><V51/><F51/><W23/><G23/><T87/><REACH who="0" step="1"/><D118/><REACH who="0" ten="220,290,235,235" step="2"/><U37/><E37/><V69/><F69/><W58/><G58/><T44/><D44/><AGARI ba="2,2" hai="33,35,43,44,48,78,81,85" m="50455,48714" machi="44" ten="30,2000,0" yaku="18,1,52,1" doraHai="38" who="3" fromWho="0" sc="220,-26,290,0,235,0,235,46" /><INIT seed="2,0,0,2,0,63" ten="194,290,235,281" oya="2" hai0="39,56,129,108,78,97,89,122,109,71,106,88,81" hai1="61,22,110,42,34,72,93,14,29,120,2,115,112" hai2="25,36,101,86,102,105,11,74,92,45,116,133,117" hai3="90,127,77,119,17,51,75,95,58,18,5,132,35"/><V94/><F133/><W121/><G119/><T44/><D71/><U26/><E72/><V98/><F74/><W107/><G121/><T24/><D122/><U82/><E120/><V124/><F124/><W126/><G35/><T84/><D24/><U3/><E82/><V16/><F105/><W100/><G5/><T104/><D56/><U48/><E93/><V13/><F25/><W53/><G132/><T67/><D44/><U59/><E110/><N who="0" m="42601" /><D39/><U103/><E103/><V118/><F86/><W114/><G114/><T8/><D8/><U20/><E115/><V99/><F45/><W91/><G91/><N who="0" m="34891" /><D67/><U4/><E112/><V31/><F31/><W7/><G7/><T130/><D97/><U41/><E26/><V128/><REACH who="2" step="1"/><F36/><REACH who="2" ten="194,290,225,281" step="2"/><W134/><G134/><T52/><D52/><U113/><E29/><V40/><F40/><W65/><G127/><T21/><D21/><U62/><E113/><V76/><F76/><W125/><G126/><T27/><D27/><U15/><E34/><V12/><F12/><W0/><G125/><T47/><D47/><U30/><E42/><V38/><F38/><W68/><G53/><T73/><D73/><U60/><E30/><V10/><F10/><W6/><G75/><T69/><D69/><U32/><E32/><V55/><F55/><W23/><G68/><T9/><D9/><N who="1" m="4391" /><E59/><V28/><F28/><W50/><G58/><T49/><D106/><U33/><E33/><V131/><AGARI ba="0,1" hai="11,13,16,92,94,98,99,101,102,116,117,118,128,131" machi="131" ten="40,12000,1" yaku="1,1,0,1,9,1,54,1,53,0" doraHai="63" doraHaiUra="123" who="2" fromWho="2" sc="194,-40,290,-40,225,130,281,-40" /><INIT seed="2,1,0,5,0,19" ten="154,250,355,241" oya="2" hai0="64,105,115,123,4,84,60,16,47,45,117,94,23" hai1="82,90,32,58,110,41,31,12,96,97,104,133,24" hai2="36,17,119,66,29,51,57,78,125,124,33,61,73" hai3="50,108,80,0,86,89,92,81,106,83,15,68,46"/><V14/><F36/><W100/><G0/><T118/><D105/><U75/><E110/><V102/><F119/><N who="0" m="45578" /><D4/><U37/><E133/><V126/><F102/><W27/><G68/><N who="0" m="41991" /><D115/><U56/><E41/><V5/><F5/><W65/><G65/><T22/><D123/><U131/><E131/><V62/><F62/><W18/><G108/><T44/><D94/><U72/><E37/><V112/><F112/><W8/><G106/><T101/><D84/><U77/><E75/><V91/><F91/><W79/><G27/><N who="0" m="14791" /><D101/><U43/><E43/><V129/><F129/><W69/><G69/><T120/><D120/><U38/><E38/><V30/><F33/><W48/><G100/><T67/><D67/><U10/><E97/><V40/><F78/><W132/><G132/><T103/><D103/><U135/><E135/><V87/><F87/><N who="3" m="48543" /><G50/><T76/><D76/><U71/><E104/><V21/><F73/><W49/><G49/><T99/><D99/><U1/><E71/><V98/><F98/><W127/><G127/><T134/><D134/><U130/><E130/><V122/><F122/><W3/><G3/><T7/><D7/><N who="1" m="1391" /><E96/><V20/><F40/><AGARI ba="1,0" hai="8,15,18,40,46,48,81,83,86,89,92" m="48543" machi="40" ten="30,1000,0" yaku="8,1" doraHai="19" who="3" fromWho="2" sc="154,0,250,0,355,-13,241,13" /><INIT seed="3,0,0,4,2,108" ten="154,250,342,254" oya="3" hai0="31,18,73,115,38,13,36,58,44,97,39,100,62" hai1="134,130,105,125,5,4,43,1,48,54,118,17,63" hai2="19,77,50,34,101,2,87,113,124,0,15,89,75" hai3="8,55,88,40,68,60,26,78,47,28,84,93,65"/><W127/><G127/><T128/><D128/><U76/><E105/><V57/><F113/><W27/><G8/><T29/><D73/><U70/><E1/><V74/><F124/><W30/><G55/><T82/><D82/><U98/><E130/><V16/><F34/><W11/><G11/><T22/><D44/><U104/><E76/><V35/><F35/><W133/><G133/><T59/><D31/><U96/><E134/><V51/><F101/><W41/><G78/><T94/><D29/><U46/><E118/><V21/><F19/><W32/><REACH who="3" step="1"/><G47/><REACH who="3" ten="154,250,342,244" step="2"/><T90/><D90/><U91/><E125/><V52/><F77/><W92/><G92/><T12/><D12/><U23/><E104/><V6/><F51/><W122/><G122/><T121/><D121/><U99/><E91/><V53/><F53/><W116/><G116/><T129/><D129/><U3/><E3/><N who="2" m="1067" /><F6/><W61/><G61/><T33/><D33/><AGARI ba="0,1" hai="26,27,28,30,32,33,40,41,60,65,68,84,88,93" machi="33" ten="30,12000,1" yaku="1,1,7,1,9,1,54,1,53,1" doraHai="108" doraHaiUra="66" who="3" fromWho="0" sc="154,-120,250,0,342,0,244,130" owari="34,-46.6,250,-15.0,342,14.2,374,47.4" /></mjloggm>