<mjloggm ver="2.3"><GO type="225" lobby="0"/><UN n0="%53%61%63%68%69%30%34" n1="%E3%81%A4%E3%81%A3%E3%81%B1%E3%82%8A%E3%83%9D%E3%83%BC%E3%83%AB" n2="%E3%83%96%E3%83%83%E3%83%91%E3%82%AA%E3%83%96%E3%83%81%E3%82%AD%E3%83%B3" n3="%E3%81%95%E3%81%8D%E3%81%9F%E3%81%BE%E6%9E%97%E6%AA%8E" dan="16,17,16,16" rate="2097.98,2266.49,2127.38,2080.70" sx="M,M,M,M"/><TAIKYOKU oya="0"/><INIT seed="0,0,0,0,5,45" ten="250,250,250,250" oya="0" hai0="70,101,129,46,8,124,35,127,29,73,49,100,134" hai1="93,47,0,14,82,85,60,48,51,63,80,41,112" hai2="107,99,122,22,5,33,83,42,110,120,19,116,58" hai3="89,1,27,79,126,72,65,32,2,135,128,102,59"/><T105/><D70/><U36/><E0/><V78/><F33/><W56/><G102/><N who="0" m="39531" /><D105/><U50/><E112/><V20/><F110/><W15/><G89/><T123/><D123/><U11/><E93/><V103/><F116/><W38/><G38/><T61/><D73/><U96/><E96/><V119/><F119/><W34/><G15/><T97/><D97/><U66/><E66/><V68/><F68/><W54/><G79/><T91/><D61/><U31/><E31/><V131/><F131/><W118/><G118/><T25/><D91/><U10/><E10/><V76/><F76/><W109/><G27/><T16/><D8/><U24/><E24/><V117/><F117/><W53/><G109/><T69/><D69/><U77/><REACH who="1" step="1"/><E82/><REACH who="1" ten="250,240,250,250" step="2"/><V12/><F83/><W121/><G65/><T13/><D29/><U104/><E104/><V55/><F99/><W64/><G64/><T6/><D25/><U7/><AGARI ba="0,1" hai="7,11,14,36,41,47,48,50,51,60,63,77,80,85" machi="7" ten="30,16000,3" yaku="1,1,0,1,52,3,53,3" doraHai="45" doraHaiUra="44" who="1" fromWho="1" sc="250,-80,240,170,250,-40,250,-40" /><INIT seed="1,0,0,3,5,64" ten="170,410,210,210" oya="1" hai0="29,67,129,13,65,87,135,111,1,125,61,80,50" hai1="69,60,7,34,114,56,66,14,91,94,42,22,28" hai2="36,27,123,75,96,63,4,113,31,53,106,32,72" hai3="11,133,131,102,49,47,52,44,40,134,48,97,38"/><U116/><E116/><V101/><F123/><W20/><G131/><T30/><D1/><U59/><E114/><V122/><F122/><W9/><G20/><T117/><D117/><U58/><E42/><V118/><F118/><W98/><G38/><T86/><D129/><U73/><E73/><V82/><F113/><W120/><G120/><T83/><D111/><U19/><E7/><V119/><F119/><W124/><G124/><T99/><D135/><N who="3" m="51721" /><G98/><T54/><D125/><U8/><E34/><V24/><F36/><W88/><G88/><T78/><D13/><U74/><E74/><V81/><F4/><W127/><G127/><T89/><D99/><U100/><E100/><V33/><F81/><W104/><AGARI ba="0,0" hai="9,11,40,44,47,48,49,52,97,102,104" m="51721" machi="104" ten="30,2000,0" yaku="20,1,54,1" doraHai="64" who="3" fromWho="3" sc="170,-5,410,-10,210,-5,210,20" /><INIT seed="2,0,0,1,2,3" ten="165,400,205,230" oya="2" hai0="41,112,69,82,68,43,34,49,121,105,29,61,126" hai1="94,58,110,16,120,48,72,27,64,90,17,70,86" hai2="106,54,133,31,81,122,103,75,18,117,4,50,131" hai3="102,76,37,125,78,22,23,19,26,33,98,56,83"/><V12/><F117/><W45/><G125/><T88/><D121/><U74/><E120/><V135/><F122/><W6/><G33/><T118/><D112/><U92/><E110/><V85/><F75/><W107/><G37/><T53/><D126/><U73/><E70/><V38/><F38/><W100/><G100/><T77/><D105/><U67/><E94/><V1/><F31/><W89/><G89/><T2/><D118/><U51/><E27/><V11/><F131/><W46/><G56/><T8/><D29/><U115/><E115/><V14/><F103/><W109/><G109/><T0/><D34/><U30/><E30/><V21/><F14/><W84/><G78/><T40/><D0/><U35/><E35/><V20/><F106/><W47/><G23/><T123/><D61/><U79/><E79/><V25/><F21/><W96/><G96/><T42/><N who="0" m="10240" /><DORA hai="116" /><T101/><D101/><U63/><REACH who="1" step="1"/><E67/><REACH who="1" ten="165,390,205,230" step="2"/><V65/><F25/><W91/><G76/><T129/><D123/><U24/><E24/><V132/><F65/><W15/><G26/><T52/><D77/><U9/><E9/><V66/><F66/><W99/><G99/><T127/><D127/><U93/><E93/><V95/><F95/><W111/><G111/><T124/><D124/><U71/><E71/><V113/><F113/><W57/><G98/><T104/><D104/><U114/><E114/><V128/><F81/><W32/><G32/><T55/><D129/><U7/><E7/><V39/><F128/><W59/><G6/><N who="0" m="1111" /><D49/><AGARI ba="0,1" hai="16,17,48,49,51,58,63,64,72,73,74,86,90,92" machi="49" ten="40,5200,0" yaku="1,1,54,1,53,1" doraHai="3,116" doraHaiUra="5,60" who="1" fromWho="0" sc="165,-52,390,62,205,0,230,0" /><INIT seed="3,0,0,1,1,24" ten="113,452,205,230" oya="3" hai0="4,90,37,30,127,10,77,19,27,86,130,97,95" hai1="117,41,104,73,51,14,59,45,25,40,28,133,68" hai2="103,44,29,16,102,112,8,70,131,75,96,23,92" hai3="32,124,64,54,13,128,72,114,53,89,76,123,26"/><W122/><G114/><T36/><D127/><U12/><E68/><V69/><F112/><W21/><G124/><T47/><D130/><U1/><E1/><V91/><F75/><W62/><G128/><T56/><D47/><U129/><E104/><V87/><F131/><W83/><G32/><T34/><D19/><U98/><E73/><V110/><F110/><W11/><G89/><T65/><D77/><U7/><E59/><V105/><F103/><W57/><G54/><T121/><D121/><U49/><E14/><V6/><F29/><W0/><G0/><T52/><D65/><U132/><E98/><V106/><F106/><W17/><REACH who="3" step="1"/><G53/><REACH who="3" ten="113,452,205,220" step="2"/><T108/><D108/><U60/><E129/><V113/><F113/><W126/><G126/><T22/><D34/><U125/><E125/><V115/><F115/><W84/><G84/><T109/><D109/><U134/><E134/><V79/><F79/><W55/><G55/><T85/><D86/><U50/><E133/><V46/><F46/><W15/><G15/><T118/><D85/><U66/><E132/><V5/><F44/><W135/><G135/><T61/><REACH who="0" step="1"/><D118/><REACH who="0" ten="103,452,205,220" step="2"/><U107/><E12/><AGARI ba="0,2" hai="4,10,12,22,27,30,36,37,52,56,61,90,95,97" machi="12" ten="30,8000,1" yaku="1,1,2,1,7,1,52,1,54,1,53,0" doraHai="24" doraHaiUra="120" who="0" fromWho="1" sc="103,100,452,-80,205,0,220,0" owari="203,-29.7,372,47.2,205,-19.5,220,2.0" /></mjloggm>