<mjloggm ver="2.3"><GO type="225" lobby="0"/><UN n0="%E6%97%A5%E6%9B%9C%E6%97%A5%E3%82%88%E3%82%8A%E3%81%AE%E4%BD%BF%E8%80%85" n1="%E3%83%96%E3%83%83%E3%83%91%E3%82%AA%E3%83%96%E3%83%81%E3%82%AD%E3%83%B3" n2="%E6%A1%9C%E8%8A%B1%E9%96%83%E3%80%85" n3="%E7%B4%94%E6%BD%94%E3%83%94%E3%83%A9%E3%83%8B%E3%82%A2" dan="17,16,16,17" rate="2223.74,2232.95,2235.15,2215.98" sx="M,M,M,M"/><TAIKYOKU oya="0"/><INIT seed="0,0,0,5,3,134" ten="250,250,250,250" oya="0" hai0="96,120,102,122,45,54,40,71,90,14,124,104,64" hai1="95,46,99,86,111,12,128,31,6,24,82,125,8" hai2="56,68,98,30,115,27,87,92,23,79,60,66,9" hai3="17,33,65,28,38,25,43,61,42,108,11,15,81"/><T5/><D124/><U20/><E111/><V48/><F115/><W62/><G108/><T84/><D54/><U44/><E128/><V50/><F68/><W57/><G38/><T127/><D127/><U126/><E46/><V110/><F110/><W55/><REACH who="3" step="1"/><G81/><REACH who="3" ten="250,250,250,240" step="2"/><T59/><D120/><U70/><E70/><AGARI ba="0,1" hai="11,15,17,25,28,33,42,43,55,57,61,62,65,70" machi="70" ten="30,3900,0" yaku="1,1,2,1,7,1,53,0" doraHai="134" doraHaiUra="107" who="3" fromWho="1" sc="250,0,250,-39,250,0,240,49" /><INIT seed="1,0,0,2,3,44" ten="250,211,250,289" oya="1" hai0="106,0,13,110,2,85,123,35,74,31,19,61,80" hai1="135,89,132,26,93,47,91,97,56,82,133,92,90" hai2="16,37,94,21,119,40,86,129,131,18,54,1,100" hai3="104,27,15,114,49,14,113,111,75,30,51,115,64"/><U65/><E26/><V68/><F119/><W8/><G75/><T3/><D106/><U107/><E47/><N who="2" m="23951" /><F68/><W4/><G104/><T83/><D74/><U43/><E43/><V45/><F1/><W12/><G64/><T41/><D41/><U98/><E107/><V32/><F32/><W95/><G111/><T53/><D110/><U46/><E46/><V101/><F86/><W66/><G66/><T72/><D72/><U34/><E34/><V99/><F100/><W77/><G77/><T42/><D42/><U58/><E65/><V112/><F21/><W52/><G95/><N who="1" m="36426" /><E82/><V121/><F121/><W120/><G120/><T59/><D123/><U55/><E55/><V118/><F118/><W103/><G103/><T127/><D83/><U70/><E70/><V48/><F112/><W125/><G52/><T63/><D35/><U62/><E62/><V78/><F78/><W134/><G115/><T73/><D63/><U67/><E67/><V17/><F17/><W84/><G113/><T10/><D31/><U33/><E33/><V76/><F76/><W20/><G114/><T57/><D2/><U50/><E50/><V25/><F25/><W108/><G108/><T71/><D71/><U105/><E105/><V39/><F39/><W79/><G51/><T24/><D3/><U128/><E128/><N who="2" m="49227" /><F18/><W87/><G79/><N who="0" m="46239" /><D0/><U126/><E126/><V5/><F16/><W60/><G125/><T122/><D73/><U109/><E109/><V28/><F28/><W102/><G30/><T11/><D127/><U38/><E38/><V69/><F69/><W22/><G60/><RYUUKYOKU ba="0,0" sc="250,-15,211,15,250,15,289,-15" hai1="56,58,89,90,91,97,98,132,133,135" hai2="5,45,48,54,94,99,101" /><INIT seed="1,1,0,3,3,100" ten="235,226,265,274" oya="1" hai0="114,91,20,23,45,9,78,135,84,0,92,89,105" hai1="103,1,93,59,81,116,97,48,2,18,50,69,35" hai2="121,57,79,133,67,124,65,86,64,13,99,85,44" hai3="126,11,28,107,112,19,129,104,8,17,75,31,82"/><U87/><E116/><V111/><F121/><W130/><G112/><T72/><D114/><U120/><E120/><V88/><F111/><W46/><G46/><T52/><D135/><U38/><E38/><V47/><F133/><W14/><G126/><T119/><D119/><U132/><E132/><V30/><F124/><W32/><G82/><T80/><D91/><U5/><E69/><V16/><F30/><N who="3" m="11307" /><G75/><T102/><D9/><N who="3" m="3657" /><G14/><T26/><D0/><U95/><E2/><V101/><F57/><W4/><G4/><T96/><D26/><U94/><E1/><V12/><F79/><W66/><G66/><T15/><D15/><U22/><E5/><V39/><F12/><W36/><G32/><T77/><D77/><N who="1" m="46511" /><E35/><V43/><F47/><W24/><G24/><T6/><D6/><U25/><E59/><V117/><F117/><W7/><G36/><T98/><D98/><N who="1" m="59855" /><E95/><V37/><F37/><W58/><G58/><T131/><D45/><U40/><E40/><V63/><F39/><W71/><G71/><T128/><REACH who="0" step="1"/><D52/><REACH who="0" ten="225,226,265,274" step="2"/><U83/><E83/><V27/><F44/><W118/><G118/><T134/><D134/><U54/><E54/><V113/><F113/><W127/><G7/><T49/><D49/><U61/><E61/><V76/><F63/><W110/><G127/><T60/><D60/><U34/><E34/><V3/><F3/><W51/><G51/><T125/><D125/><U70/><E70/><V122/><F122/><W33/><G33/><T29/><D29/><U109/><E109/><V41/><F41/><W115/><G110/><T68/><D68/><RYUUKYOKU ba="1,1" sc="225,15,226,15,265,-15,274,-15" hai0="20,23,72,78,80,84,89,92,96,102,105,128,131" hai1="18,22,25,48,50,94,97" /><INIT seed="1,2,1,1,4,127" ten="240,241,250,259" oya="1" hai0="13,122,103,64,18,75,114,77,40,60,28,38,98" hai1="19,108,36,11,24,5,27,85,86,50,106,22,115" hai2="81,46,113,82,74,88,73,2,25,12,125,51,133" hai3="8,16,69,94,14,43,93,78,33,23,130,134,84"/><U41/><E115/><V117/><F2/><W29/><G69/><T123/><D114/><U97/><E36/><V102/><F113/><W118/><G134/><T53/><D53/><U129/><E108/><V109/><F117/><W15/><G118/><T67/><D28/><U47/><E129/><V58/><F102/><W70/><G70/><T111/><D111/><U101/><REACH who="1" step="1"/><E24/><REACH who="1" ten="240,231,250,259" step="2"/><V10/><F25/><N who="3" m="16575" /><G130/><T52/><D38/><U61/><E61/><V49/><F109/><W4/><G33/><T32/><D32/><U31/><E31/><V89/><F133/><W30/><G30/><T71/><D60/><U116/><E116/><V131/><F131/><W26/><G26/><T9/><D122/><U105/><E105/><V83/><F51/><W110/><G110/><T44/><D123/><U42/><E42/><V45/><F125/><W96/><G43/><T100/><D40/><U90/><E90/><V34/><F89/><W72/><G78/><T37/><D37/><U6/><E6/><V104/><F88/><N who="3" m="53383" /><G4/><T128/><D128/><U20/><E20/><V66/><F34/><W54/><G8/><T80/><D9/><U68/><E68/><V55/><F104/><W65/><G16/><T35/><D35/><U3/><AGARI ba="2,2" hai="3,5,11,19,22,27,41,47,50,85,86,97,101,106" machi="3" ten="20,3900,0" yaku="1,1,0,1,7,1,53,0" doraHai="127" doraHaiUra="120" who="1" fromWho="1" sc="240,-15,231,65,250,-15,259,-15" /><INIT seed="1,3,0,5,4,104" ten="225,296,235,244" oya="1" hai0="8,100,124,74,85,6,49,73,14,19,46,47,67" hai1="93,39,51,50,41,87,33,86,59,26,55,32,128" hai2="38,95,108,54,66,134,23,107,101,89,1,57,24" hai3="18,35,68,10,48,102,130,121,36,13,109,37,77"/><U44/><E128/><V25/><F1/><W99/><G130/><T105/><D124/><U70/><E70/><V60/><F108/><W133/><G109/><T79/><D67/><U40/><E26/><V21/><F134/><W120/><G35/><T72/><D100/><U75/><E75/><V7/><F38/><W118/><G68/><T78/><D105/><U135/><E135/><V71/><F7/><W115/><G115/><T111/><D111/><U9/><E9/><V92/><F107/><W2/><G2/><T27/><D85/><U132/><E132/><V80/><F54/><W88/><G118/><T69/><D69/><U65/><E65/><V16/><F71/><W61/><G36/><T119/><D119/><U127/><E127/><V122/><F122/><W129/><G37/><T5/><D47/><U17/><E17/><N who="2" m="12335" /><F101/><W126/><G126/><T63/><D63/><U114/><E114/><V98/><F92/><W97/><G129/><T45/><D46/><N who="1" m="25935" /><E93/><V113/><F113/><W94/><G133/><T34/><D5/><U76/><E76/><V116/><F116/><W103/><G120/><T91/><D91/><U125/><E125/><V3/><F3/><W15/><G77/><T30/><REACH who="0" step="1"/><D6/><REACH who="0" ten="215,296,235,244" step="2"/><U110/><E110/><V11/><F80/><W81/><G121/><T20/><D20/><U52/><E87/><N who="2" m="52671" /><F11/><N who="3" m="6463" /><G81/><T42/><AGARI ba="3,1" hai="8,14,19,27,30,34,42,45,49,72,73,74,78,79" machi="42" ten="30,8000,1" yaku="1,1,0,1,52,3,53,0" doraHai="104" doraHaiUra="117" who="0" fromWho="0" sc="215,99,296,-43,235,-23,244,-23" /><INIT seed="2,0,0,3,3,78" ten="314,253,212,221" oya="2" hai0="34,45,22,83,56,80,21,63,103,33,70,40,31" hai1="84,91,0,110,123,113,16,74,11,125,94,121,3" hai2="93,15,12,13,81,82,51,50,132,76,7,44,90" hai3="85,67,54,112,28,107,77,59,106,64,53,18,38"/><V127/><F127/><W117/><G117/><T72/><D70/><U43/><E113/><V116/><F116/><W24/><G38/><T129/><D103/><U19/><E125/><V124/><F124/><W29/><G112/><T102/><D102/><U6/><E110/><V23/><F132/><W2/><G2/><T119/><D72/><U57/><E74/><V131/><F131/><W92/><G92/><T68/><D68/><U87/><E3/><V32/><F32/><W96/><G96/><T61/><D31/><U105/><E105/><V86/><F7/><W118/><G118/><T17/><D22/><U99/><E43/><N who="2" m="24863" /><F51/><W41/><G41/><T5/><D5/><U62/><E123/><V25/><F76/><W58/><G77/><T75/><D75/><U55/><E121/><V4/><F4/><W109/><G18/><AGARI ba="0,0" hai="12,13,15,18,23,25,81,82,86,90,93" m="24863" machi="18" ten="30,5800,0" yaku="8,1,52,2" doraHai="78" who="2" fromWho="3" sc="314,0,253,0,212,58,221,-58" /><INIT seed="2,1,0,0,0,83" ten="314,253,270,163" oya="2" hai0="46,99,121,42,127,60,41,19,54,100,108,15,80" hai1="23,85,30,123,68,5,71,0,51,45,61,37,130" hai2="101,106,93,72,69,77,128,114,75,102,90,1,40" hai3="122,112,70,118,53,88,91,98,4,81,38,131,49"/><V33/><F40/><W134/><G118/><T32/><D32/><U47/><E130/><V120/><F69/><W110/><G122/><T24/><D121/><U73/><E73/><N who="2" m="28235" /><F1/><W28/><G131/><T132/><D24/><U105/><E123/><V89/><F33/><W8/><G38/><T104/><D80/><U2/><E37/><V9/><F9/><W27/><G70/><T109/><D127/><U39/><E61/><V96/><F120/><W74/><G112/><T55/><D42/><U66/><E66/><V25/><F25/><W3/><G134/><T56/><D55/><U117/><E51/><V52/><F52/><W6/><G6/><T26/><D26/><U16/><E30/><V36/><F36/><W87/><G74/><T29/><D132/><U126/><E5/><V135/><F135/><W129/><G129/><T76/><D76/><U22/><E16/><V67/><F67/><W43/><G43/><T18/><D29/><U50/><E50/><V125/><F77/><W79/><G98/><T20/><REACH who="0" step="1"/><D19/><REACH who="0" ten="304,253,270,163" step="2"/><U12/><E126/><V62/><F125/><W10/><G110/><T95/><D95/><U58/><E117/><V48/><F93/><W59/><REACH who="3" step="1"/><G10/><REACH who="3" ten="304,253,270,153" step="2"/><T111/><D111/><U124/><E124/><V44/><F128/><W115/><G115/><T113/><D113/><U11/><E11/><V57/><F114/><W78/><G78/><T119/><D119/><U65/><E39/><AGARI ba="1,2" hai="15,18,20,39,41,46,54,56,60,99,100,104,108,109" machi="39" ten="40,1300,0" yaku="1,1,53,0" doraHai="83" doraHaiUra="64" who="0" fromWho="1" sc="304,36,253,-16,270,0,153,0" /><INIT seed="3,0,0,2,1,114" ten="340,237,270,153" oya="3" hai0="58,110,68,127,13,115,21,82,89,8,93,19,99" hai1="45,38,1,23,59,113,91,35,40,29,133,96,15" hai2="84,87,131,41,86,12,85,27,55,112,72,111,71" hai3="109,74,7,79,11,53,33,130,98,62,10,51,61"/><W31/><G130/><T3/><D68/><U116/><E113/><V102/><F112/><W26/><G10/><T56/><D115/><U73/><E73/><V66/><F72/><W121/><G121/><T49/><D110/><U52/><E1/><V97/><F111/><W37/><G37/><T122/><D122/><U48/><E133/><V129/><F41/><W120/><G120/><T119/><D119/><U80/><E116/><V9/><F55/><W117/><G117/><T100/><D127/><U47/><E80/><V28/><F85/><W24/><G24/><N who="0" m="14399" /><D49/><U2/><E2/><V134/><F134/><W125/><G109/><T126/><D3/><U132/><E132/><V103/><F66/><W92/><G125/><T69/><D69/><U50/><E35/><N who="2" m="20895" /><F97/><W5/><G74/><T128/><D128/><N who="2" m="49226" /><F71/><W83/><G83/><T20/><D20/><U124/><E124/><V18/><AGARI ba="0,0" hai="9,12,18,84,86,87,102,103" m="49226,20895" machi="18" ten="30,1100,0" yaku="19,1" doraHai="114" who="2" fromWho="2" sc="340,-3,237,-3,270,11,153,-5" owari="337,43.7,234,-16.6,281,8.1,148,-35.2" /></mjloggm>