<mjloggm ver="2.3"><GO type="225" lobby="0"/><UN n0="%E6%81%A5%E6%99%92%E3%81%97" n1="%E3%81%8B%E3%82%8F%E3%81%A1%E3%82%83%E3%82%93%35%38" n2="%E3%81%BF%E3%81%BF%E3%81%9A" n3="%E3%82%B3%E3%83%90%E3%83%AC%E3%82%A4" dan="16,16,18,16" rate="2213.42,2151.99,2250.95,2180.89" sx="M,M,M,M"/><TAIKYOKU oya="0"/><INIT seed="0,0,0,0,2,98" ten="250,250,250,250" oya="0" hai0="5,110,94,101,124,130,27,87,118,93,104,34,66" hai1="91,133,83,7,18,69,53,85,108,4,57,89,25" hai2="112,59,105,125,65,71,117,1,106,135,80,92,102" hai3="113,16,21,67,28,13,0,56,84,17,107,95,74"/><T30/><D118/><U46/><E69/><V6/><F112/><W127/><G74/><T9/><D124/><U64/><E108/><V100/><F71/><W75/><G0/><T11/><D130/><U50/><E133/><V126/><F135/><W128/><G75/><T45/><D110/><U37/><E37/><V99/><F117/><W41/><G128/><T20/><D11/><U63/><REACH who="1" step="1"/><E89/><REACH who="1" ten="250,240,250,250" step="2"/><V116/><F116/><W97/><G127/><T35/><D35/><U81/><E81/><V51/><F80/><W14/><G113/><T19/><D34/><U72/><E72/><V88/><F126/><W2/><G2/><T122/><D122/><U86/><E86/><V32/><F125/><W42/><G84/><T123/><D87/><U26/><E26/><V33/><F32/><W120/><G120/><T129/><D123/><U119/><E119/><V58/><F33/><W38/><G38/><T76/><D76/><U29/><E29/><V96/><F1/><W132/><G28/><T31/><D30/><U111/><E111/><V115/><F115/><W78/><G78/><T40/><D31/><U47/><E47/><V61/><F6/><W49/><G132/><T68/><D129/><U134/><E134/><V23/><F59/><W44/><G44/><T60/><D45/><U114/><E114/><V3/><F3/><W15/><G56/><T12/><D40/><U90/><E90/><V62/><F88/><W24/><G42/><T48/><D48/><U54/><E54/><V10/><F51/><W103/><G41/><T73/><D73/><U131/><E131/><RYUUKYOKU ba="0,1" sc="250,15,240,15,250,-15,250,-15" hai0="5,9,12,19,20,27,60,66,68,93,94,101,104" hai1="4,7,18,25,46,50,53,57,63,64,83,85,91" /><INIT seed="0,1,1,4,5,54" ten="265,255,235,235" oya="0" hai0="51,75,45,20,135,78,99,97,14,16,22,80,63" hai1="60,114,62,109,47,0,122,79,116,88,6,7,83" hai2="134,11,30,86,61,69,93,40,53,111,36,102,128" hai3="52,33,74,89,104,73,2,100,87,117,27,59,132"/><T21/><D135/><U26/><E116/><V98/><F111/><W129/><G2/><T48/><D63/><N who="1" m="24107" /><E0/><V81/><F134/><W35/><G132/><T66/><D66/><U118/><E118/><V92/><F128/><W71/><G71/><T110/><D110/><U107/><E107/><V133/><F133/><W70/><G70/><T44/><D44/><U9/><E122/><V12/><F30/><W19/><G129/><T82/><D82/><U91/><E109/><V67/><F40/><W105/><G117/><T58/><D51/><U130/><E130/><V10/><F53/><W25/><G100/><T29/><D58/><U113/><E26/><V43/><F93/><W55/><G87/><T95/><D29/><U5/><E9/><V119/><F119/><W112/><G89/><N who="1" m="34378" /><E47/><V121/><F121/><W65/><G65/><T38/><D38/><U126/><E126/><V103/><F103/><W1/><G1/><T76/><D78/><U31/><E31/><V77/><F36/><W18/><REACH who="3" step="1"/><G59/><REACH who="3" ten="265,255,235,225" step="2"/><T17/><D99/><U24/><E114/><AGARI ba="1,2" hai="18,19,25,27,33,35,52,55,73,74,104,105,112,114" machi="114" ten="25,8000,1" yaku="1,1,2,1,22,2,54,1,53,0" doraHai="54" doraHaiUra="56" who="3" fromWho="1" sc="265,0,255,-83,235,0,225,103" /><INIT seed="1,0,0,1,4,11" ten="265,172,235,328" oya="1" hai0="106,72,10,27,134,123,119,57,5,8,122,73,117" hai1="39,113,64,23,95,105,76,92,55,41,108,124,104" hai2="1,40,125,68,88,29,132,91,2,63,99,60,13" hai3="128,15,102,37,67,126,35,16,135,54,114,58,53"/><U96/><E113/><V33/><F40/><W43/><G114/><T83/><D106/><U4/><E124/><V45/><F45/><W0/><G0/><N who="0" m="39" /><D57/><U75/><E4/><V51/><F51/><W34/><G126/><T26/><D134/><U12/><E64/><V94/><F125/><W107/><G135/><T24/><D83/><U59/><E108/><V118/><F118/><N who="0" m="45066" /><D10/><U50/><E76/><V87/><F132/><W69/><G43/><T70/><D70/><U116/><E75/><V7/><F68/><W46/><G37/><T47/><D47/><U48/><E39/><V32/><F13/><W62/><G46/><T129/><D129/><U31/><E95/><V6/><F29/><W49/><G53/><T74/><D74/><U25/><E12/><V14/><F14/><W93/><G107/><T127/><D127/><U130/><E116/><V109/><F109/><W30/><G128/><T9/><D73/><U71/><E71/><V131/><F131/><W38/><G38/><T66/><D72/><U79/><E79/><V78/><F78/><W77/><G77/><T121/><D9/><U120/><E130/><V101/><F101/><W97/><G30/><T82/><D82/><U61/><E41/><V20/><F20/><AGARI ba="0,0" hai="15,16,20,34,35,49,54,58,62,67,69,93,97,102" machi="20" ten="30,3900,0" yaku="7,1,52,1,54,1" doraHai="11" who="3" fromWho="2" sc="265,0,172,0,235,-39,328,39" /><INIT seed="2,0,0,0,1,61" ten="265,172,196,367" oya="2" hai0="15,79,96,118,4,104,100,20,25,134,93,37,1" hai1="62,101,28,109,92,57,129,12,39,76,107,6,95" hai2="59,7,66,70,69,22,135,90,75,41,54,21,51" hai3="128,24,116,74,112,127,115,55,105,11,123,102,18"/><V73/><F7/><W14/><G74/><T47/><D134/><U88/><E39/><V133/><F41/><W29/><G123/><T117/><D79/><U56/><E107/><V86/><F75/><W35/><G116/><N who="0" m="44651" /><D1/><U53/><E109/><V122/><F73/><W132/><G132/><N who="2" m="50761" /><F122/><W16/><G128/><T120/><D120/><U84/><E129/><V26/><F66/><W87/><G127/><T130/><D130/><U108/><E108/><V80/><F21/><W49/><G102/><T65/><D4/><U72/><E28/><AGARI ba="0,0" hai="22,26,28,51,54,59,69,70,80,86,90" m="50761" machi="28" ten="30,1500,0" yaku="20,1" doraHai="61" who="2" fromWho="1" sc="265,0,172,-15,196,15,367,0" /><INIT seed="2,1,0,2,5,38" ten="265,157,211,367" oya="2" hai0="39,72,96,102,40,48,131,19,128,88,126,133,81" hai1="17,87,2,127,91,106,130,53,1,122,34,28,21" hai2="29,4,20,109,97,62,6,112,110,70,56,16,30" hai3="65,13,45,75,69,95,50,118,90,92,22,84,31"/><V119/><F112/><W49/><G75/><T58/><D126/><U113/><E106/><V0/><F70/><W114/><G118/><T46/><D133/><U51/><E113/><V7/><F0/><W26/><G114/><T125/><D125/><U76/><E127/><V10/><F10/><W82/><G50/><T115/><D115/><U67/><E130/><N who="0" m="49705" /><D19/><U44/><E122/><V64/><F97/><W3/><G3/><T14/><D14/><U103/><E103/><V43/><F43/><W18/><G65/><T99/><D102/><U33/><E76/><V32/><F32/><W107/><G69/><T74/><D58/><U61/><E28/><V11/><F11/><W24/><G24/><T108/><D108/><N who="2" m="41578" /><F119/><W15/><G15/><AGARI ba="1,0" hai="4,6,7,15,16,20,29,30,56,62,64" m="41578" machi="15" ten="30,5800,0" yaku="14,1,10,1,54,1" doraHai="38" who="2" fromWho="3" sc="265,0,157,0,211,61,367,-61" /><INIT seed="2,2,0,2,0,74" ten="265,157,272,306" oya="2" hai0="9,75,98,109,78,1,57,100,4,70,34,129,8" hai1="117,99,6,18,48,63,77,16,84,51,105,122,15" hai2="30,53,49,25,89,58,73,2,52,33,93,21,103" hai3="134,68,64,119,45,62,28,116,110,91,101,7,81"/><V121/><F121/><W114/><G114/><T27/><D109/><U92/><E117/><V39/><F39/><W42/><G110/><T19/><D129/><U72/><E122/><V61/><F2/><W86/><G134/><T80/><D9/><N who="1" m="4535" /><E105/><V132/><F132/><W29/><G101/><T37/><D57/><U102/><E72/><V44/><F73/><W41/><G41/><T60/><D37/><U23/><E63/><V54/><F103/><W106/><G106/><N who="0" m="63767" /><D19/><N who="1" m="7211" /><E23/><V59/><F33/><W97/><G7/><T43/><D43/><U56/><E56/><V66/><REACH who="2" step="1"/><F59/><REACH who="2" ten="265,157,262,306" step="2"/><W14/><G119/><T128/><D34/><U90/><E102/><V50/><F50/><N who="1" m="18985" /><E99/><AGARI ba="2,1" hai="21,25,30,44,49,52,53,54,58,61,66,89,93,99" machi="99" ten="30,11600,0" yaku="1,1,7,1,8,1,54,1,53,0" doraHai="74" doraHaiUra="13" who="2" fromWho="1" sc="265,0,157,-122,262,132,306,0" /><INIT seed="2,3,0,3,3,44" ten="265,35,394,306" oya="2" hai0="93,72,3,56,45,42,121,74,62,37,124,1,38" hai1="83,128,96,103,39,48,57,79,115,23,106,125,59" hai2="114,68,107,34,92,14,129,109,15,54,28,27,76" hai3="43,2,87,58,46,4,98,90,10,94,61,8,105"/><V120/><F114/><W108/><G108/><T88/><D121/><U63/><E125/><V47/><F120/><W41/><G10/><T31/><D124/><U70/><E128/><V104/><F129/><W50/><G105/><T119/><D119/><U35/><E115/><V69/><F76/><W66/><REACH who="3" step="1"/><G98/><REACH who="3" ten="265,35,394,296" step="2"/><T67/><D38/><U123/><E39/><V40/><F107/><W71/><G71/><T21/><D1/><U7/><E123/><V100/><F104/><W49/><G49/><T77/><D3/><U95/><E35/><V84/><F109/><W130/><G130/><T78/><D74/><U112/><E112/><V101/><F68/><W126/><G126/><T73/><D72/><U22/><E70/><V33/><F69/><W113/><G113/><T116/><D73/><U127/><E127/><V134/><F84/><W60/><G60/><T85/><REACH who="0" step="1"/><D116/><REACH who="0" ten="255,35,394,296" step="2"/><U6/><E106/><V133/><F134/><W29/><G29/><T32/><D32/><U81/><E63/><V117/><F133/><W55/><AGARI ba="3,2" hai="2,4,8,41,43,46,50,55,58,61,66,87,90,94" machi="55" ten="20,5200,0" yaku="1,1,0,1,7,1,52,1,53,0" doraHai="44" doraHaiUra="16" who="3" fromWho="3" sc="255,-16,35,-16,394,-29,296,81" /><INIT seed="3,0,0,2,4,31" ten="239,19,365,377" oya="3" hai0="70,44,12,58,53,121,47,3,50,11,16,56,62" hai1="23,98,71,48,67,18,72,85,14,5,61,110,123" hai2="83,4,17,13,20,76,52,105,117,89,120,131,115" hai3="27,1,51,101,122,38,0,86,42,96,118,78,126"/><W30/><G122/><T108/><D108/><U84/><E98/><V15/><F115/><W46/><G118/><T92/><D121/><U63/><E48/><V93/><F120/><W125/><G38/><T37/><D3/><U25/><E23/><V24/><F105/><N who="3" m="63655" /><G86/><T77/><D77/><U94/><E94/><V99/><F117/><W127/><G78/><T106/><D106/><U74/><E14/><V68/><F68/><W97/><G97/><T22/><D70/><U59/><E71/><V32/><F131/><W45/><G46/><T135/><D135/><U87/><E123/><V80/><F32/><AGARI ba="0,0" hai="0,1,27,30,32,42,45,51,125,126,127" m="63655" machi="32" ten="30,2900,0" yaku="18,1,52,1" doraHai="31" who="3" fromWho="2" sc="239,0,19,0,365,-29,377,29" owari="239,-16.1,19,-48.1,336,13.6,406,50.6" /></mjloggm>