<mjloggm ver="2.3"><GO type="225" lobby="0"/><UN n0="%E3%81%95%E3%81%8D%E3%81%9F%E3%81%BE%E6%9E%97%E6%AA%8E" n1="%E3%81%AD%E3%82%80%E3%81%84%40%E9%9B%80%E9%B3%B4%E4%BC%9A" n2="%E6%80%AA%E3%81%97%E3%81%99%E3%81%8E%E3%82%8B%E3%83%81%E3%83%BC" n3="%E3%83%96%E3%83%83%E3%83%91%E3%82%AA%E3%83%96%E3%83%81%E3%82%AD%E3%83%B3" dan="16,16,16,16" rate="2081.50,2200.13,2087.01,2118.97" sx="M,F,M,M"/><TAIKYOKU oya="0"/><INIT seed="0,0,0,2,5,46" ten="250,250,250,250" oya="0" hai0="110,23,48,103,93,44,29,42,105,5,123,17,122" hai1="76,95,115,107,52,69,37,34,19,32,106,51,127" hai2="59,128,65,109,132,102,12,26,108,81,38,35,60" hai3="120,89,67,104,56,20,94,87,119,57,99,131,33"/><T22/><D105/><U58/><E37/><V86/><F38/><W30/><G119/><T113/><D113/><U126/><E69/><V49/><F132/><W8/><G131/><T18/><D5/><U121/><E121/><V125/><F128/><W117/><G117/><T54/><D110/><N who="2" m="42602" /><F125/><N who="1" m="47625" /><E115/><V70/><F102/><W80/><G120/><T53/><D123/><U41/><E41/><V61/><F12/><W130/><G130/><T72/><D72/><U47/><E47/><V71/><F49/><W63/><G33/><N who="1" m="12906" /><E76/><N who="2" m="46375" /><F60/><W78/><G104/><N who="1" m="39978" /><E95/><V16/><F35/><W66/><G8/><T116/><D116/><U2/><E19/><V10/><F10/><W28/><REACH who="3" step="1"/><G20/><AGARI ba="0,0" hai="16,20,26,59,61,65,70,71" m="46375,42602" machi="20" ten="30,2000,0" yaku="14,1,54,1" doraHai="46" who="2" fromWho="3" sc="250,0,250,0,250,20,250,-20" /><INIT seed="1,0,0,3,1,50" ten="250,250,270,230" oya="1" hai0="67,113,81,34,43,33,56,93,73,95,7,122,10" hai1="117,8,110,101,71,85,51,130,78,94,115,38,37" hai2="0,111,75,121,92,18,100,12,5,25,30,104,76" hai3="79,84,97,68,61,15,22,1,70,69,23,3,77"/><U125/><E117/><V55/><F121/><W19/><G97/><T31/><D113/><U105/><E115/><V2/><F111/><W27/><G61/><T133/><D133/><U65/><E105/><V90/><F5/><W82/><REACH who="3" step="1"/><G79/><REACH who="3" ten="250,250,270,220" step="2"/><T63/><D122/><U135/><E78/><V32/><F76/><W36/><G36/><T87/><D63/><U108/><E38/><V14/><F104/><W74/><G74/><T86/><D73/><U49/><E37/><V72/><F75/><W66/><G66/><T16/><D67/><U131/><E65/><V96/><F72/><W88/><G88/><T103/><D87/><U17/><E85/><V47/><F90/><W24/><G24/><T124/><D86/><U54/><E71/><V9/><F14/><W62/><G62/><T46/><D103/><U20/><E101/><V39/><F39/><W48/><G48/><T83/><D124/><U57/><E125/><V127/><F127/><W13/><G13/><T99/><D99/><U28/><E51/><V11/><F100/><W129/><G129/><N who="1" m="49162" /><E135/><V80/><F96/><W41/><G41/><T29/><D43/><U120/><E120/><V44/><F12/><W52/><G52/><T123/><D123/><U102/><E108/><V42/><F55/><W21/><G21/><T107/><D107/><U40/><E110/><V116/><F42/><W35/><G35/><T114/><D34/><U98/><E40/><V60/><F32/><W91/><G91/><T89/><D89/><U59/><E49/><V58/><F60/><W106/><G106/><T64/><D33/><RYUUKYOKU ba="0,1" sc="250,-10,250,-10,270,-10,220,30" hai3="1,3,15,19,22,23,27,68,69,70,77,82,84" /><INIT seed="2,1,1,1,5,55" ten="240,240,260,250" oya="2" hai0="22,101,70,133,61,64,114,71,40,15,31,96,77" hai1="5,100,89,62,67,122,112,84,95,0,52,131,53" hai2="127,21,18,57,42,56,54,94,130,28,92,90,75" hai3="85,68,81,39,63,78,41,32,43,79,51,59,73"/><V11/><F75/><W23/><G32/><T83/><D114/><U98/><E112/><V8/><F130/><W115/><G115/><T91/><D133/><U118/><E118/><V126/><F42/><W97/><G97/><T128/><D128/><U80/><E131/><V65/><F28/><W119/><G119/><T6/><D40/><U87/><E122/><V33/><F33/><W34/><G34/><T124/><D124/><N who="2" m="47658" /><F65/><N who="3" m="41023" /><G43/><T26/><D91/><U19/><E0/><V24/><F92/><W103/><G23/><T125/><D125/><U117/><E5/><V1/><F1/><W16/><G16/><T9/><D83/><U45/><E117/><V46/><F46/><N who="3" m="23871" /><G103/><T20/><D20/><U134/><E45/><V7/><F7/><W135/><G135/><T36/><D77/><U76/><E134/><V17/><F17/><W50/><G79/><T47/><D47/><U132/><E132/><V12/><F12/><W86/><G50/><T44/><D44/><U105/><REACH who="1" step="1"/><E19/><REACH who="1" ten="240,230,260,250" step="2"/><V4/><F4/><W49/><G51/><T102/><D36/><U60/><E60/><N who="2" m="35863" /><F57/><AGARI ba="1,2" hai="52,53,57,62,67,76,80,84,87,89,95,98,100,105" machi="57" ten="30,7700,0" yaku="1,1,7,1,52,1,54,1,53,0" doraHai="55" doraHaiUra="116" who="1" fromWho="2" sc="240,0,230,100,260,-80,250,0" /><INIT seed="3,0,0,5,2,27" ten="240,330,180,250" oya="3" hai0="125,67,81,20,1,26,97,19,29,60,129,72,120" hai1="38,15,35,66,46,77,114,25,5,33,94,109,127" hai2="45,58,18,73,50,104,56,55,22,11,40,124,98" hai3="9,61,78,23,107,10,132,24,84,7,91,126,89"/><W31/><G126/><T131/><D120/><U108/><E114/><V86/><F73/><W39/><G132/><T88/><D125/><U4/><E127/><V133/><F124/><W105/><G39/><T49/><D1/><U92/><E66/><V36/><F133/><W6/><G107/><T14/><D49/><U65/><E65/><V87/><F11/><N who="3" m="4107" /><G105/><T12/><D72/><U0/><E77/><V95/><F104/><W32/><G32/><N who="1" m="12362" /><E25/><V99/><F99/><W119/><G119/><T47/><D47/><U111/><E15/><V59/><F86/><W34/><G34/><T3/><D3/><U41/><E0/><V62/><F87/><W90/><G61/><T75/><D75/><U106/><E106/><V110/><F110/><W102/><G102/><T69/><D19/><U37/><E37/><V63/><F36/><W68/><G68/><T118/><D118/><U121/><E121/><V76/><F76/><W128/><G128/><N who="0" m="49227" /><D81/><AGARI ba="0,0" hai="6,7,23,24,31,78,81,84,89,90,91" m="4107" machi="81" ten="30,2900,0" yaku="8,1,52,1" doraHai="27" who="3" fromWho="0" sc="240,-29,330,0,180,0,250,29" /><INIT seed="3,1,0,5,1,100" ten="211,330,180,279" oya="3" hai0="27,43,86,46,50,7,97,114,87,24,11,26,126" hai1="29,77,78,54,128,95,104,81,133,20,2,131,8" hai2="67,127,112,93,82,34,105,51,102,129,42,10,39" hai3="17,32,94,3,64,135,15,89,4,58,31,84,111"/><W92/><G135/><T73/><D126/><U16/><E104/><V40/><F129/><N who="1" m="49737" /><E133/><V65/><F127/><W106/><G111/><T80/><D114/><U91/><E29/><V123/><F123/><W63/><G3/><T71/><D71/><U72/><E77/><V108/><F108/><W21/><G4/><T119/><D119/><U30/><E30/><V5/><F112/><W120/><G120/><T113/><D113/><U23/><E54/><V59/><F34/><W45/><G106/><T9/><D73/><U109/><E109/><V41/><F39/><W68/><G68/><T49/><D97/><N who="1" m="57599" /><E16/><V122/><F122/><W37/><G32/><T115/><D115/><U18/><E18/><V66/><F82/><W70/><G31/><T25/><D25/><U74/><E74/><V90/><F90/><W125/><G125/><T61/><D61/><U53/><E53/><V132/><F132/><W107/><G107/><T47/><D7/><AGARI ba="1,0" hai="2,7,8,20,23,72,78,81" m="57599,49737" machi="7" ten="30,1000,0" yaku="19,1" doraHai="100" who="1" fromWho="0" sc="211,-13,330,13,180,0,279,0" owari="198,-20.2,343,44.3,180,-32.0,279,7.9" /></mjloggm>