<mjloggm ver="2.3"><GO type="225" lobby="0"/><UN n0="%70%68%65%6E%6F%6D%65" n1="%E7%99%BD%E5%80%89%E5%AF%9B%E4%B9%8B" n2="%E3%83%96%E3%83%83%E3%83%91%E3%82%AA%E3%83%96%E3%83%81%E3%82%AD%E3%83%B3" n3="%E3%83%A9%E3%82%A4%E3%83%B3%E3%81%AE%E8%99%8E" dan="16,16,16,16" rate="2160.75,2137.71,2080.12,2177.09" sx="M,M,M,M"/><TAIKYOKU oya="0"/><INIT seed="0,0,0,2,4,16" ten="250,250,250,250" oya="0" hai0="15,77,108,2,67,83,13,12,9,123,34,5,52" hai1="69,31,87,14,33,119,49,131,72,75,118,3,29" hai2="25,61,107,35,23,18,126,63,22,109,59,114,121" hai3="94,113,116,117,27,80,134,44,79,54,53,124,1"/><T0/><D123/><U110/><E3/><V55/><F121/><W56/><G113/><T122/><D122/><U38/><E38/><V125/><F114/><W78/><G1/><T26/><D67/><U132/><E69/><V97/><F109/><W112/><G112/><T128/><D128/><U103/><E110/><V81/><F81/><W58/><G44/><T45/><D108/><U24/><E131/><V19/><F35/><W90/><G124/><N who="2" m="47721" /><F97/><W60/><G134/><T74/><D2/><U101/><E132/><V41/><F41/><W105/><G105/><T40/><D52/><U10/><E31/><N who="2" m="17847" /><F107/><W47/><G27/><T51/><D34/><U4/><E75/><V120/><F120/><W50/><G47/><T66/><D66/><U17/><E72/><V130/><F130/><W73/><REACH who="3" step="1"/><G79/><REACH who="3" ten="250,250,250,240" step="2"/><T65/><D26/><U115/><E115/><V129/><F129/><W36/><G36/><T70/><REACH who="0" step="1"/><D0/><REACH who="0" ten="240,250,250,240" step="2"/><U68/><E24/><N who="2" m="14455" /><F19/><W28/><G28/><T11/><D11/><U57/><E10/><V8/><F8/><W30/><G30/><T43/><D43/><U104/><E17/><V102/><F102/><W95/><G95/><T127/><D127/><U111/><E103/><V85/><F85/><AGARI ba="0,2" hai="50,53,54,56,58,60,73,78,80,85,90,94,116,117" machi="85" ten="30,2000,0" yaku="1,1,7,1,53,0" doraHai="16" doraHaiUra="64" who="3" fromWho="2" sc="240,0,250,0,250,-20,240,40" /><INIT seed="1,0,0,1,5,63" ten="240,250,230,280" oya="1" hai0="75,111,14,130,48,53,65,135,114,88,66,79,6" hai1="122,132,116,131,7,72,23,32,69,45,101,103,124" hai2="29,51,108,28,55,77,25,86,121,61,19,118,12" hai3="127,43,64,1,62,68,125,115,78,40,36,85,129"/><U74/><E32/><V27/><F118/><W11/><G115/><T31/><D114/><U58/><E69/><V91/><F121/><W94/><G36/><T42/><D111/><U90/><E7/><V57/><F108/><W84/><G129/><T52/><D130/><U119/><E45/><V41/><F77/><W15/><G1/><T20/><D135/><U50/><E50/><V0/><F0/><W80/><G94/><T93/><D75/><N who="1" m="28715" /><E58/><V59/><F41/><W97/><G97/><N who="0" m="57511" /><D79/><U46/><E23/><N who="2" m="11751" /><F29/><W105/><G85/><T117/><D117/><N who="1" m="45131" /><E46/><V82/><F28/><W92/><G92/><T133/><D133/><U89/><E131/><V18/><F18/><W73/><G105/><T110/><D110/><U100/><E132/><V60/><F51/><W126/><REACH who="3" step="1"/><G73/><REACH who="3" ten="240,250,230,270" step="2"/><T4/><D42/><U120/><E124/><V99/><F99/><W56/><G56/><N who="0" m="32775" /><D53/><AGARI ba="0,1" hai="25,27,53,55,57,59,60,61,82,86,91" m="11751" machi="53" ten="30,1000,0" yaku="8,1" doraHai="63" who="2" fromWho="0" sc="240,-10,250,0,230,20,270,0" /><INIT seed="2,0,0,3,3,34" ten="230,250,250,270" oya="2" hai0="125,12,99,36,2,124,17,19,65,40,42,22,60" hai1="16,31,52,113,35,53,127,90,121,88,85,28,96" hai2="5,29,86,37,46,4,92,82,49,119,56,135,79" hai3="39,108,69,80,64,71,3,91,41,1,72,66,84"/><V110/><F119/><W107/><G107/><T106/><D19/><U44/><E113/><V118/><F118/><W45/><G72/><T24/><D12/><U116/><E116/><V129/><F129/><W95/><G108/><T73/><D73/><U25/><E127/><N who="0" m="48713" /><D36/><U126/><E126/><V59/><F135/><W123/><G123/><T114/><D114/><U133/><E133/><V81/><F37/><W14/><G14/><T122/><D122/><U0/><E0/><V111/><F29/><N who="1" m="11337" /><E35/><V89/><F5/><W78/><G66/><T130/><D130/><U115/><E115/><V54/><F4/><W98/><REACH who="3" step="1"/><G64/><REACH who="3" ten="230,250,250,260" step="2"/><T128/><D128/><U120/><E121/><V15/><F15/><W32/><G32/><T8/><D2/><AGARI ba="0,1" hai="1,2,3,39,41,45,69,71,78,80,84,91,95,98" machi="2" ten="40,8000,1" yaku="1,1,52,3,53,0" doraHai="34" doraHaiUra="58" who="3" fromWho="0" sc="230,-80,250,0,250,0,260,90" /><INIT seed="3,0,0,5,5,101" ten="150,250,250,350" oya="3" hai0="135,35,69,12,123,60,50,22,134,124,15,93,107" hai1="21,67,47,117,27,38,125,24,78,84,4,7,97" hai2="118,44,82,68,18,112,6,17,110,70,9,61,32" hai3="108,132,72,115,113,131,29,10,33,83,76,0,114"/><W13/><G131/><T129/><D35/><U59/><E125/><V87/><F112/><W89/><G89/><T16/><D123/><U121/><E121/><V109/><F118/><W65/><G65/><T43/><D124/><U111/><E111/><N who="2" m="42507" /><F44/><W79/><G108/><T85/><D129/><U103/><E117/><V36/><F36/><W90/><G90/><N who="0" m="53455" /><D15/><U120/><E120/><V39/><F39/><W99/><G99/><T127/><D127/><U94/><E47/><V130/><F32/><W3/><G79/><T54/><D43/><U96/><E97/><V20/><F130/><W81/><G81/><T56/><D60/><N who="1" m="38303" /><E38/><V63/><F63/><W49/><G49/><T57/><D57/><U128/><E128/><V51/><F51/><W98/><G98/><T31/><D31/><N who="1" m="17807" /><E27/><N who="2" m="14743" /><F61/><W105/><G114/><T1/><D1/><U40/><E40/><V86/><F17/><W75/><G113/><T46/><D46/><U30/><E30/><V106/><F70/><W53/><G29/><T73/><D73/><U80/><AGARI ba="0,0" hai="4,7,78,80,84,94,96,103" m="17807,38303" machi="80" ten="30,2000,0" yaku="25,1,8,1" doraHai="101" who="1" fromWho="1" sc="150,-5,250,20,250,-5,350,-10" owari="145,-35.5,270,7.0,245,-15.5,340,44.0" /></mjloggm>