<mjloggm ver="2.3"><GO type="225" lobby="0"/><UN n0="%E3%81%8B%E3%82%8F%E3%81%A1%E3%82%83%E3%82%93%35%38" n1="%E7%99%BD%E5%80%89%E5%AF%9B%E4%B9%8B" n2="%E5%91%A8%E6%9D%B1" n3="%4C%4F%4C%49%54%41" dan="16,16,17,16" rate="2135.43,2136.57,2137.64,2088.04" sx="M,M,M,F"/><TAIKYOKU oya="0"/><INIT seed="0,0,0,4,4,59" ten="250,250,250,250" oya="0" hai0="36,75,123,116,106,110,83,39,117,71,55,127,122" hai1="72,93,5,45,89,129,52,4,53,105,101,66,70" hai2="102,126,118,16,11,76,130,25,121,134,77,86,119" hai3="1,61,12,73,104,80,38,58,9,82,49,30,79"/><T112/><RYUUKYOKU type="yao9" ba="0,0" sc="250,0,250,0,250,0,250,0" hai0="36,39,55,71,75,83,106,110,112,116,117,122,123,127" /><INIT seed="0,1,0,0,1,63" ten="250,250,250,250" oya="0" hai0="129,22,118,113,9,20,123,62,99,43,112,101,94" hai1="5,80,93,126,127,88,106,134,85,34,108,41,110" hai2="24,67,71,73,52,4,105,133,102,0,47,7,87" hai3="107,14,64,61,32,103,130,56,38,135,95,37,17"/><T104/><D123/><U44/><E34/><V11/><F73/><W48/><G107/><T114/><D118/><U84/><E5/><V29/><F7/><W86/><G32/><T100/><D129/><U54/><E54/><V42/><F133/><W23/><G135/><T92/><D43/><U74/><E106/><V98/><F87/><W59/><G130/><T97/><D104/><U6/><E6/><V31/><F52/><N who="3" m="31751" /><G103/><T60/><D9/><U15/><E15/><V82/><F82/><W72/><G72/><T8/><D8/><U28/><E28/><V26/><F31/><W90/><AGARI ba="1,0" hai="14,17,23,37,38,59,61,64,86,90,95" m="31751" machi="90" ten="30,4000,0" yaku="25,1,52,1,54,1" doraHai="63" who="3" fromWho="3" sc="250,-21,250,-11,250,-11,250,43" /><INIT seed="1,0,0,2,1,130" ten="229,239,239,293" oya="1" hai0="105,5,116,20,22,1,53,72,112,16,80,84,40" hai1="113,58,92,135,3,28,45,82,71,43,37,9,114" hai2="36,68,7,17,41,119,108,61,13,49,26,15,66" hai3="81,50,14,91,31,131,87,48,93,57,44,12,95"/><U6/><E71/><V63/><F119/><W60/><G131/><T89/><D116/><U94/><E28/><V118/><F118/><W47/><G31/><T123/><D112/><U34/><E34/><V122/><F122/><W32/><G32/><T2/><D105/><U76/><E58/><V101/><F108/><W115/><G115/><T11/><D123/><U74/><E94/><N who="3" m="35850" /><G48/><T18/><D72/><U55/><E55/><V73/><F73/><W124/><G124/><T24/><D40/><U69/><E135/><V88/><F101/><W23/><G23/><T38/><D38/><U56/><E56/><V102/><F102/><W109/><G109/><T54/><REACH who="0" step="1"/><D2/><REACH who="0" ten="219,239,239,293" step="2"/><U30/><E30/><V27/><F36/><W96/><G96/><T104/><D104/><U62/><E92/><V126/><F126/><W98/><G98/><T19/><D19/><U120/><E120/><V117/><F117/><W33/><G87/><T100/><D100/><U77/><E77/><V25/><F17/><W106/><G106/><T79/><D79/><U134/><E134/><V35/><F41/><W103/><G103/><T107/><D107/><U59/><E59/><V111/><F111/><W125/><G57/><T132/><D132/><U67/><AGARI ba="0,1" hai="3,6,9,37,43,45,62,67,69,74,76,82,113,114" machi="67" ten="30,12000,1" yaku="0,1,25,2,23,2" doraHai="130" who="1" fromWho="1" sc="219,-40,239,130,239,-40,293,-40" /><INIT seed="1,1,0,4,2,21" ten="179,369,199,253" oya="1" hai0="45,42,104,12,116,87,51,131,77,106,98,124,8" hai1="50,54,93,97,19,89,110,132,105,63,78,115,102" hai2="117,13,20,59,10,2,135,36,79,91,61,100,73" hai3="55,113,130,84,30,33,121,40,7,90,15,6,5"/><U35/><E35/><V62/><F117/><W68/><G121/><T58/><D116/><U53/><E115/><V122/><F122/><W27/><G113/><T125/><D131/><U67/><E132/><V52/><F36/><W57/><G68/><T126/><D98/><U49/><E78/><V56/><F135/><W26/><G130/><T86/><D58/><U17/><E110/><V82/><F2/><W14/><G40/><T128/><D128/><U112/><E112/><V65/><F20/><W1/><G1/><T133/><D133/><U18/><E50/><V80/><F80/><W69/><G69/><T123/><D123/><U96/><REACH who="1" step="1"/><E49/><REACH who="1" ten="179,359,199,253" step="2"/><V108/><F108/><W9/><G33/><T114/><D114/><U83/><E83/><V44/><F44/><W75/><G75/><T95/><D95/><U66/><E66/><V46/><F46/><W0/><G55/><T111/><D111/><U94/><E94/><V41/><F41/><W37/><G37/><T72/><D72/><U11/><E11/><V107/><F107/><N who="0" m="41002" /><D77/><U134/><E134/><V120/><F120/><W99/><G9/><T74/><D74/><U118/><E118/><V85/><F73/><W25/><G0/><T23/><D23/><U103/><E103/><V47/><F47/><W92/><G92/><T60/><D60/><U129/><E129/><V4/><F100/><W22/><G22/><T32/><D32/><U28/><E28/><V34/><F34/><W43/><G30/><T76/><D76/><AGARI ba="1,1" hai="4,10,13,52,56,59,61,62,65,76,79,82,85,91" machi="76" ten="40,2600,0" yaku="8,1,54,1" doraHai="21" who="2" fromWho="0" sc="179,-29,359,0,199,39,253,0" /><INIT seed="2,0,0,1,1,36" ten="150,359,238,253" oya="2" hai0="59,70,62,128,95,21,19,67,65,123,110,99,28" hai1="40,125,134,108,104,48,120,15,103,124,85,24,78" hai2="69,11,86,50,96,26,20,16,102,122,52,133,81" hai3="61,90,56,53,51,87,135,14,88,31,117,73,25"/><V12/><F133/><W80/><G135/><T46/><D123/><U76/><E134/><V10/><F69/><W55/><G117/><T77/><D110/><U79/><E120/><V7/><F122/><W66/><G73/><T72/><D128/><U112/><E108/><V47/><F11/><W82/><G14/><T121/><D121/><U100/><E112/><V2/><F2/><W18/><G18/><T126/><D126/><N who="1" m="48747" /><E104/><V129/><F129/><W131/><G131/><T114/><D114/><U43/><E48/><V8/><F8/><W45/><G55/><T4/><D4/><U116/><E85/><V42/><F52/><W107/><G107/><T49/><D28/><U37/><E37/><V22/><F22/><W29/><G29/><T89/><D72/><U34/><E116/><V68/><F68/><W32/><REACH who="3" step="1"/><G82/><REACH who="3" ten="150,359,238,243" step="2"/><T97/><D19/><U63/><E15/><V9/><F9/><W127/><G127/><T71/><D62/><U58/><E24/><V41/><F41/><N who="1" m="15945" /><E34/><V83/><REACH who="2" step="1"/><F86/><REACH who="2" ten="150,359,228,243" step="2"/><W0/><G0/><T1/><D1/><U23/><E23/><V74/><F74/><W84/><G84/><T98/><D21/><U60/><E60/><V17/><F17/><W94/><G94/><AGARI ba="0,2" hai="7,10,12,16,20,26,42,47,50,81,83,94,96,102" machi="94" ten="30,18000,2" yaku="1,1,7,1,8,1,52,1,54,1,53,1" doraHai="36" doraHaiUra="93" who="2" fromWho="3" sc="150,0,359,0,228,200,243,-180" /><INIT seed="2,1,0,2,1,11" ten="150,359,428,63" oya="2" hai0="5,6,4,81,23,13,129,75,56,26,52,10,0" hai1="21,69,117,101,104,2,135,121,58,62,63,12,111" hai2="44,74,15,54,87,107,76,120,127,64,27,89,37" hai3="83,66,124,128,132,19,134,112,38,28,48,131,24"/><V67/><F120/><W82/><G38/><T91/><D129/><N who="3" m="49737" /><G66/><T78/><D91/><U18/><E2/><V79/><F107/><W59/><G59/><T109/><D0/><U114/><E121/><V35/><F127/><W16/><G48/><T77/><D109/><U33/><E33/><V53/><F37/><W95/><G95/><T88/><D88/><U93/><E111/><V65/><F74/><W71/><G71/><T3/><D3/><U47/><E117/><V84/><F35/><N who="3" m="20871" /><G83/><T50/><REACH who="0" step="1"/><D78/><REACH who="0" ten="140,359,428,63" step="2"/><U46/><E101/><V105/><F79/><W92/><G124/><T110/><D110/><U106/><E106/><V57/><F89/><W123/><G123/><T49/><D49/><U96/><E104/><V32/><F76/><W42/><G112/><T118/><D118/><U70/><E114/><V29/><F105/><W17/><G92/><T60/><D60/><U31/><E63/><V25/><F87/><W98/><G98/><T130/><D130/><U115/><E93/><V86/><F84/><W99/><G99/><T1/><D1/><U34/><E96/><V8/><F86/><W30/><G82/><T73/><D73/><U80/><E80/><V55/><F44/><W103/><G103/><T85/><D85/><U7/><E47/><V72/><F72/><W113/><G113/><T122/><D122/><U51/><E115/><V126/><F126/><W119/><G119/><T40/><D40/><U41/><E46/><V102/><F102/><W61/><G42/><T97/><D97/><U20/><E41/><V9/><F57/><W43/><G43/><RYUUKYOKU ba="1,1" sc="140,30,359,-10,428,-10,63,-10" hai0="4,5,6,10,13,23,26,50,52,56,75,77,81" /><INIT seed="3,2,1,5,5,36" ten="170,349,418,53" oya="3" hai0="135,91,22,92,45,66,110,35,115,98,67,78,59" hai1="63,83,58,128,39,34,79,50,60,84,90,68,76" hai2="112,29,53,123,114,131,81,55,15,40,21,24,23" hai3="82,125,77,42,102,88,33,120,18,62,65,11,48"/><W121/><G33/><T2/><D2/><U97/><E39/><V52/><F123/><W25/><G125/><T43/><D35/><U6/><E34/><V111/><F111/><W57/><G102/><T69/><D69/><U30/><E128/><V129/><F40/><W49/><G77/><T85/><D110/><U132/><E132/><V134/><F134/><W1/><G1/><T37/><D135/><U100/><E30/><V87/><F15/><N who="3" m="7551" /><G121/><T51/><D115/><U124/><E124/><V99/><F99/><W113/><G113/><T93/><D37/><U54/><E6/><V10/><F10/><W14/><G120/><T126/><D126/><U106/><E68/><V44/><F21/><W31/><G14/><T20/><D78/><U32/><E32/><V73/><F73/><W64/><G64/><N who="0" m="24619" /><D59/><U89/><E79/><V118/><F118/><W70/><G70/><T107/><D107/><U94/><REACH who="1" step="1"/><E90/><AGARI ba="2,1" hai="20,22,43,45,51,85,90,91,92,93,98" m="24619" machi="90" ten="30,2000,0" yaku="8,1,52,1" doraHai="36" who="0" fromWho="1" sc="170,36,349,-26,418,0,53,0" owari="206,-19.4,323,12.3,418,51.8,53,-44.7" /></mjloggm>