<mjloggm ver="2.3"><GO type="225" lobby="0"/><UN n0="%33%74%72%65%65" n1="%E8%B5%A4%E3%81%84%E8%9B%99%31%31" n2="%E3%81%8B%E3%82%8F%E3%81%A1%E3%82%83%E3%82%93%35%38" n3="%E5%91%89%E5%AF%8C%E6%98%A5" dan="17,16,16,16" rate="2223.30,2088.13,2122.76,2095.97" sx="F,M,M,M"/><TAIKYOKU oya="0"/><INIT seed="0,0,0,0,1,49" ten="250,250,250,250" oya="0" hai0="66,1,17,67,53,63,73,62,86,34,8,126,90" hai1="13,98,105,80,51,10,94,2,119,129,28,41,46" hai2="135,83,21,89,60,30,117,125,25,133,93,39,121" hai3="18,96,120,127,19,118,64,88,111,20,9,114,27"/><T56/><D126/><U14/><E129/><V33/><F121/><W95/><G114/><T130/><D130/><U70/><E119/><V115/><F115/><W54/><G118/><T99/><D73/><U110/><E110/><V55/><F117/><W68/><G111/><T42/><D34/><U109/><E70/><V87/><F39/><W124/><G120/><T78/><D42/><U122/><E122/><V26/><F125/><W0/><G64/><N who="0" m="24619" /><D1/><U102/><E109/><V132/><F83/><W82/><G68/><T24/><D78/><U76/><E28/><V61/><REACH who="2" step="1"/><F55/><REACH who="2" ten="250,250,240,250" step="2"/><W23/><G82/><N who="0" m="49495" /><D99/><U101/><E80/><V84/><F84/><W103/><G54/><T36/><D36/><U116/><E116/><V35/><F35/><W43/><G43/><T128/><D128/><U45/><E41/><V113/><F113/><W7/><REACH who="3" step="1"/><G103/><REACH who="3" ten="250,250,240,240" step="2"/><T16/><D53/><U107/><E102/><V4/><F4/><W131/><G131/><T104/><D104/><U37/><E107/><V31/><AGARI ba="0,2" hai="21,25,26,30,31,33,60,61,87,89,93,132,133,135" machi="31" ten="40,5200,0" yaku="1,1,0,1,20,1,53,0" doraHai="49" doraHaiUra="74" who="2" fromWho="2" sc="250,-26,250,-13,240,72,240,-13" /><INIT seed="1,0,0,3,5,62" ten="224,237,312,227" oya="1" hai0="78,41,46,121,27,104,58,3,36,77,20,86,112" hai1="25,38,135,80,124,109,45,97,2,107,106,127,4" hai2="11,22,13,115,75,101,44,128,70,116,83,92,9" hai3="63,48,105,129,126,130,30,53,119,56,50,133,67"/><U6/><E135/><V55/><F70/><N who="3" m="42367" /><G105/><T65/><D112/><U125/><E25/><V85/><F116/><W123/><G30/><T87/><D121/><U60/><E80/><V88/><F128/><N who="3" m="49259" /><G123/><T108/><D3/><U99/><E60/><V114/><F22/><W117/><G133/><T8/><D108/><U34/><E34/><V15/><F15/><W0/><G0/><T47/><D104/><N who="1" m="39979" /><E109/><V98/><F75/><W29/><G29/><T82/><D8/><N who="1" m="2071" /><E6/><V18/><REACH who="2" step="1"/><F11/><REACH who="2" ten="224,237,302,227" step="2"/><W79/><G126/><T10/><D10/><U59/><E59/><V72/><F72/><W76/><G48/><AGARI ba="0,1" hai="9,13,18,44,48,55,83,85,88,92,98,101,114,115" machi="48" ten="40,8000,1" yaku="1,1,25,2,54,1,53,1" doraHai="62" doraHaiUra="43" who="2" fromWho="3" sc="224,0,237,0,302,90,227,-80" /><INIT seed="2,0,0,5,3,72" ten="224,237,392,147" oya="2" hai0="4,77,67,135,121,53,75,79,102,23,130,1,42" hai1="107,26,60,14,0,24,62,99,57,114,11,33,28" hai2="47,117,78,52,108,96,51,12,18,20,84,97,118" hai3="115,25,35,105,95,94,91,37,89,3,76,54,122"/><V92/><F108/><W129/><G3/><T46/><D121/><U30/><E114/><V66/><F66/><W29/><G122/><T65/><D75/><U61/><E0/><V48/><F117/><W116/><G116/><T45/><D1/><U90/><E107/><V32/><F32/><W104/><G129/><T22/><D130/><U101/><E101/><V36/><F36/><W109/><G109/><T38/><D4/><U27/><E57/><V87/><F118/><W126/><G126/><T124/><D102/><U64/><E64/><N who="0" m="24649" /><D38/><U8/><E8/><V56/><F78/><N who="0" m="29706" /><D135/><U34/><E27/><V40/><F96/><W134/><G134/><T58/><D124/><U128/><E128/><V17/><F17/><W43/><G115/><T125/><D125/><U21/><E33/><V132/><F132/><W119/><G119/><T69/><D69/><U133/><E133/><V88/><AGARI ba="0,0" hai="12,18,20,40,47,48,51,52,56,84,87,88,92,97" machi="88" ten="20,12000,1" yaku="0,1,7,1,8,1,54,2" doraHai="72" who="2" fromWho="2" sc="224,-40,237,-40,392,120,147,-40" /><INIT seed="2,1,0,4,5,62" ten="184,197,512,107" oya="2" hai0="23,60,130,112,84,15,127,64,4,47,95,69,10" hai1="119,39,59,12,52,66,93,117,68,88,27,9,33" hai2="2,92,31,103,104,71,61,7,85,90,110,75,76" hai3="48,81,87,121,35,0,100,116,131,8,132,102,18"/><V89/><F7/><W126/><G116/><T128/><D112/><U86/><E39/><V72/><F2/><W106/><G121/><T56/><D127/><U79/><E79/><V122/><F122/><W45/><G126/><T63/><D47/><U65/><E68/><V82/><F31/><W70/><G131/><N who="0" m="50219" /><D23/><U58/><E58/><V96/><F61/><W29/><G132/><T124/><D124/><U46/><E46/><V83/><F71/><W118/><G118/><T41/><D41/><U26/><E33/><V40/><F40/><W133/><G106/><T16/><D95/><U54/><E54/><V30/><F30/><W20/><G133/><T101/><D84/><U74/><E74/><N who="2" m="43287" /><F110/><W37/><G37/><T32/><D101/><U105/><E105/><V21/><F21/><W120/><G120/><T134/><D32/><U115/><E115/><V107/><F107/><W91/><G35/><T38/><D38/><U94/><E119/><V22/><F22/><W50/><G50/><T73/><D73/><U28/><E117/><V42/><F42/><W80/><G29/><T77/><D134/><U53/><E28/><V129/><F129/><W1/><G8/><T49/><D49/><N who="1" m="31119" /><E53/><V6/><F6/><W57/><G45/><T19/><D77/><U67/><E94/><V13/><F13/><W125/><G125/><T135/><D135/><U44/><E44/><V98/><AGARI ba="1,0" hai="72,75,83,85,89,90,92,96,98,103,104" m="43287" machi="98" ten="30,12000,1" yaku="35,5" doraHai="62" who="2" fromWho="2" sc="184,-41,197,-41,512,123,107,-41" /><INIT seed="2,2,0,2,2,53" ten="143,156,635,66" oya="2" hai0="13,54,102,58,24,26,70,64,6,21,94,9,130" hai1="85,77,62,114,37,74,126,98,83,76,29,123,4" hai2="92,86,127,117,122,115,7,120,45,60,106,111,17" hai3="132,113,119,84,112,8,0,79,12,42,5,80,15"/><V36/><F7/><W16/><G119/><T93/><D130/><U73/><E37/><V116/><F17/><W109/><G109/><T129/><D129/><U88/><E4/><V55/><F92/><W118/><G118/><N who="2" m="45673" /><F86/><W108/><G108/><T135/><D135/><U25/><E114/><V66/><F106/><W104/><G132/><T2/><D64/><U134/><E123/><N who="2" m="47147" /><F111/><W105/><G42/><T61/><D70/><U124/><E134/><V90/><F90/><W28/><G12/><T56/><D102/><U50/><E98/><V35/><F35/><W67/><G67/><N who="0" m="39335" /><D2/><U33/><E74/><V40/><F115/><W96/><G105/><T78/><D78/><U57/><E50/><V43/><F127/><N who="1" m="48681" /><E73/><V30/><F30/><W131/><G131/><T3/><D3/><U44/><E44/><V128/><F128/><W133/><G133/><T69/><D94/><U1/><E1/><V91/><F91/><W32/><G104/><T72/><D93/><U18/><E18/><V41/><F55/><AGARI ba="2,0" hai="25,29,33,55,57,62,76,77,83,85,88" m="48681" machi="55" ten="30,3900,0" yaku="18,1,52,1,54,1" doraHai="53" who="1" fromWho="2" sc="143,0,156,45,635,-45,66,0" /><INIT seed="3,0,0,4,1,75" ten="143,201,590,66" oya="3" hai0="132,85,67,49,115,48,88,104,17,91,31,13,123" hai1="96,33,131,16,79,14,66,89,87,83,23,124,102" hai2="86,56,118,47,84,6,92,129,74,109,45,125,52" hai3="51,9,40,10,106,50,2,58,95,12,22,26,5"/><W77/><G106/><T76/><D123/><U41/><E124/><V18/><F118/><W134/><G134/><T117/><D117/><U135/><E33/><V29/><F74/><W65/><G40/><T130/><D132/><U114/><E114/><V69/><F69/><W61/><G95/><T34/><D104/><U60/><E41/><V73/><F73/><W107/><G107/><T126/><D126/><U78/><E135/><V80/><F125/><W112/><G112/><T21/><D67/><U127/><E127/><V71/><F71/><W90/><G90/><N who="0" m="34347" /><D34/><U54/><E54/><V82/><F129/><W53/><G65/><T119/><D130/><U25/><E25/><V116/><F116/><W15/><G2/><T93/><D119/><U94/><E131/><V113/><F113/><W70/><G70/><AGARI ba="0,0" hai="14,16,23,60,66,70,78,79,83,87,89,94,96,102" machi="70" ten="30,7700,0" yaku="7,1,52,2,54,1" doraHai="75" who="1" fromWho="3" sc="143,0,201,77,590,0,66,-77" owari="143,-25.7,278,7.8,590,69.0,-11,-51.1" /></mjloggm>