<mjloggm ver="2.3"><GO type="225" lobby="0"/><UN n0="%E3%83%B4%E3%83%A0%EF%BC%99%E3%81%A6" n1="%E5%A4%8F%E9%88%B4%E9%88%B4%E5%A4%8F" n2="%E3%83%96%E3%83%83%E3%83%91%E3%82%AA%E3%83%96%E3%83%81%E3%82%AD%E3%83%B3" n3="%4C%C3%97%57%C3%97%4C" dan="16,16,16,17" rate="2156.03,2116.68,2122.58,2182.72" sx="M,F,M,M"/><TAIKYOKU oya="0"/><INIT seed="0,0,0,1,1,21" ten="250,250,250,250" oya="0" hai0="64,24,29,128,93,82,131,134,25,124,66,84,48" hai1="130,114,42,87,109,121,88,103,105,62,5,14,115" hai2="12,80,120,10,133,78,101,116,108,22,65,54,95" hai3="100,15,132,33,112,119,90,135,36,18,110,68,127"/><T40/><D124/><U11/><E121/><V39/><F120/><W86/><G127/><T129/><D134/><N who="3" m="51241" /><G119/><T4/><D4/><U17/><E130/><V31/><F39/><W46/><G112/><N who="1" m="43050" /><E109/><V91/><F108/><W19/><G68/><T35/><D93/><N who="1" m="54431" /><E42/><V122/><F65/><W0/><G0/><T56/><D24/><U89/><E89/><V23/><F91/><W76/><G90/><N who="0" m="51479" /><D56/><U32/><E32/><V38/><F116/><W74/><G33/><T77/><D77/><U111/><E111/><V83/><F78/><W51/><G76/><T3/><D3/><U20/><E62/><V49/><F122/><W107/><G110/><T102/><D102/><U58/><E58/><V1/><F101/><W27/><G100/><T28/><D28/><U123/><E123/><V55/><F31/><W26/><G107/><T60/><D60/><U126/><E126/><V43/><F133/><W75/><G36/><T94/><D94/><U71/><E71/><V61/><F95/><W37/><G37/><T34/><D34/><U13/><E103/><V7/><F38/><W79/><G79/><T85/><D85/><U104/><AGARI ba="0,0" hai="5,11,13,14,17,20,104,105" m="54431,43050" machi="104" ten="30,2000,0" yaku="11,1,54,1" doraHai="21" who="1" fromWho="1" sc="250,-10,250,20,250,-5,250,-5" /><INIT seed="1,0,0,3,2,80" ten="240,270,245,245" oya="1" hai0="78,118,31,96,52,49,126,16,108,124,29,95,18" hai1="92,115,84,41,5,19,111,25,20,101,87,57,97" hai2="28,30,85,105,127,123,86,23,50,90,82,83,89" hai3="9,0,120,35,99,51,134,88,71,122,37,3,53"/><U74/><E115/><V65/><F123/><W10/><G37/><T45/><D118/><U76/><E111/><V40/><F127/><N who="0" m="48682" /><D78/><U21/><E74/><V13/><F105/><W130/><G71/><T61/><D61/><U38/><E76/><V55/><F65/><W24/><G130/><T133/><D133/><U103/><E5/><V11/><F23/><W69/><G69/><T4/><D4/><U67/><E103/><V116/><F40/><W81/><G134/><T98/><D98/><U66/><E41/><V43/><F43/><W110/><G110/><T121/><D121/><U54/><E38/><V125/><F116/><W63/><G63/><T56/><D45/><U22/><E67/><V117/><F117/><W14/><G99/><T17/><D108/><U93/><E66/><V72/><F72/><W79/><G79/><T64/><D64/><U48/><E93/><V94/><F94/><W26/><G122/><T132/><D132/><U2/><E2/><V36/><F36/><W44/><G0/><T59/><D59/><U34/><REACH who="1" step="1"/><E19/><REACH who="1" ten="240,260,245,245" step="2"/><N who="2" m="8639" /><F125/><W113/><G113/><T12/><D12/><U60/><E60/><V104/><F104/><W68/><G3/><T107/><D107/><U119/><E119/><V91/><F91/><AGARI ba="0,1" hai="16,17,18,29,31,49,52,56,91,95,96" m="48682" machi="91" ten="30,3900,0" yaku="18,1,54,2" doraHai="80" who="0" fromWho="2" sc="240,49,260,0,245,-39,245,0" /><INIT seed="2,0,0,1,4,6" ten="289,260,206,245" oya="2" hai0="18,114,46,5,108,73,131,118,93,58,1,14,68" hai1="61,53,37,19,111,54,133,15,71,49,96,135,123" hai2="11,36,62,51,3,26,12,65,74,45,43,31,107" hai3="94,113,23,120,91,41,101,125,27,2,29,64,104"/><V22/><F107/><W105/><G120/><T81/><D68/><U38/><E111/><V4/><F74/><W89/><G125/><T106/><D106/><U13/><E123/><V47/><F3/><W79/><G113/><T130/><D114/><U7/><E7/><V124/><F124/><W20/><G79/><T132/><D108/><U72/><E72/><V128/><F128/><W117/><G117/><T34/><D34/><U0/><E0/><V35/><F35/><W40/><G2/><T78/><D118/><U82/><E82/><V42/><REACH who="2" step="1"/><F62/><REACH who="2" ten="289,260,196,245" step="2"/><W116/><G105/><T115/><D130/><U84/><E61/><V83/><F83/><W110/><G104/><T44/><D81/><U77/><E135/><V57/><F57/><W121/><G116/><T76/><D58/><U63/><E63/><V112/><F112/><W87/><G121/><T10/><D73/><U99/><E133/><V103/><F103/><W86/><G101/><T33/><D115/><U80/><E80/><V25/><F25/><N who="3" m="16551" /><G110/><T75/><D131/><U98/><E77/><N who="0" m="29801" /><D33/><U97/><E71/><V126/><F126/><W39/><G91/><T59/><D132/><U48/><N who="1" m="24576" /><DORA hai="16" /><U122/><E122/><V102/><F102/><W127/><G127/><T66/><D75/><U52/><E13/><V30/><F30/><W9/><G89/><T67/><D59/><U92/><E15/><V55/><F55/><W21/><G27/><T60/><D60/><U90/><E52/><V85/><F85/><W134/><G87/><T88/><D1/><U129/><E53/><V32/><F32/><RYUUKYOKU ba="0,1" sc="289,-10,260,-10,196,30,245,-10" hai2="4,11,12,22,26,31,36,42,43,45,47,51,65" /><INIT seed="2,1,1,1,3,13" ten="279,250,226,235" oya="2" hai0="121,110,37,57,87,85,40,105,125,115,11,117,76" hai1="36,22,2,20,96,91,103,55,126,12,102,31,53" hai2="23,27,34,29,17,131,134,122,64,6,114,109,24" hai3="113,108,104,45,59,49,78,39,71,84,28,56,16"/><V123/><F64/><W135/><G71/><T99/><D115/><U127/><E2/><V65/><F65/><W106/><G113/><T128/><D121/><N who="2" m="46090" /><F114/><W130/><G28/><T43/><D117/><U32/><E36/><V41/><F41/><W118/><G39/><T112/><D76/><U25/><E91/><V100/><F100/><W46/><G78/><T70/><D11/><U63/><E103/><V129/><F134/><W5/><G5/><T54/><D57/><U38/><E38/><V89/><F89/><W83/><G135/><T101/><D105/><U0/><E63/><V69/><F69/><W66/><G118/><T90/><D43/><U35/><E0/><V133/><F133/><W4/><G4/><T9/><D70/><U124/><E55/><V98/><F98/><W75/><G66/><T68/><D54/><U86/><E86/><V62/><F62/><W94/><G84/><T82/><D85/><U80/><E80/><V7/><F109/><W14/><G108/><T132/><D68/><U18/><REACH who="1" step="1"/><E53/><REACH who="1" ten="279,240,226,235" step="2"/><V33/><F33/><W8/><G83/><T61/><D132/><U119/><E119/><V48/><F48/><W88/><G49/><T50/><D61/><U120/><E120/><V97/><F97/><W107/><G88/><T42/><D99/><U116/><E116/><V81/><F81/><W67/><G67/><T72/><D82/><U93/><AGARI ba="1,2" hai="12,18,20,22,25,31,32,35,93,96,102,124,126,127" machi="93" ten="30,7900,0" yaku="1,1,0,1,18,1,52,1,53,0" doraHai="13" doraHaiUra="73" who="1" fromWho="1" sc="279,-21,240,102,226,-40,235,-21" /><INIT seed="3,0,0,2,3,96" ten="258,342,186,214" oya="3" hai0="127,71,132,70,68,53,108,73,89,43,107,81,37" hai1="123,0,69,29,115,105,30,90,88,17,84,39,112" hai2="103,21,13,1,46,10,98,16,40,6,130,26,94" hai3="20,54,31,102,93,47,135,110,5,114,36,76,83"/><W86/><G114/><T100/><D37/><U38/><E123/><V57/><F130/><W104/><G135/><T52/><D43/><U9/><E69/><V122/><F122/><W119/><G119/><T117/><D117/><U79/><E105/><V74/><F74/><W97/><G110/><T58/><D132/><U67/><E67/><V41/><F57/><W82/><G5/><T72/><D108/><U34/><E79/><V22/><F46/><W85/><G36/><T133/><D133/><U4/><E39/><V77/><F77/><W28/><G104/><T7/><D7/><U23/><E38/><V118/><F118/><W64/><G64/><T33/><D33/><U49/><E49/><V3/><F3/><W134/><G20/><T56/><D127/><U59/><E90/><V113/><F113/><W48/><G134/><T11/><D89/><AGARI ba="0,0" hai="28,31,47,48,54,76,82,83,85,86,89,93,97,102" machi="89" ten="30,5800,0" yaku="7,1,8,1,52,1" doraHai="96" who="3" fromWho="0" sc="258,-58,342,0,186,0,214,58" /><INIT seed="3,1,0,0,3,10" ten="200,342,186,272" oya="3" hai0="92,113,48,103,8,27,118,97,81,115,65,71,123" hai1="117,40,32,12,77,60,120,83,50,26,78,107,108" hai2="109,126,125,104,24,13,116,35,129,101,6,96,37" hai3="49,2,36,59,74,17,85,38,19,21,112,28,57"/><W122/><G74/><T106/><D118/><U5/><E120/><V51/><F116/><W1/><G28/><T110/><D123/><U121/><E107/><V29/><F37/><W133/><G122/><T79/><D110/><U68/><E121/><V25/><F109/><W66/><G133/><T99/><D27/><U90/><E108/><V7/><F129/><W30/><G30/><T0/><D48/><U22/><E32/><V18/><F51/><W128/><G49/><T72/><D92/><U102/><E102/><V75/><F25/><W88/><G66/><T23/><D23/><U46/><E60/><V64/><F64/><W58/><G128/><T42/><D42/><U114/><E68/><V124/><F75/><W100/><G100/><T55/><D55/><U56/><E56/><V16/><F18/><W135/><G19/><T86/><D86/><N who="1" m="50527" /><E114/><N who="0" m="43529" /><D97/><U131/><E131/><V69/><F69/><W87/><G87/><T91/><D71/><U93/><E93/><V11/><AGARI ba="1,0" hai="6,7,11,13,16,24,29,35,96,101,104,124,125,126" machi="11" ten="30,7900,0" yaku="0,1,18,1,52,1,54,1" doraHai="10" who="2" fromWho="2" sc="200,-21,342,-21,186,82,272,-40" owari="179,-32.1,321,42.1,268,6.8,232,-16.8" /></mjloggm>