<mjloggm ver="2.3"><GO type="225" lobby="0"/><UN n0="%E7%B4%94%E6%BD%94%E3%83%94%E3%83%A9%E3%83%8B%E3%82%A2" n1="%70%68%65%6E%6F%6D%65" n2="%33%74%72%65%65" n3="%E6%A1%9C%E8%8A%B1%E9%96%83%E3%80%85" dan="17,16,17,16" rate="2241.98,2198.70,2164.20,2225.71" sx="M,M,F,M"/><TAIKYOKU oya="0"/><INIT seed="0,0,0,2,0,115" ten="250,250,250,250" oya="0" hai0="28,75,23,77,103,5,50,98,26,85,95,82,63" hai1="37,3,133,97,35,124,17,102,10,29,125,88,19" hai2="127,90,30,87,20,9,74,52,25,38,51,66,16" hai3="14,121,111,21,81,31,129,83,45,13,67,104,79"/><T113/><D113/><U122/><E37/><V99/><F74/><W69/><G111/><T100/><D5/><N who="1" m="1343" /><E102/><V2/><F38/><W56/><G69/><T109/><D109/><U105/><E105/><V33/><F127/><N who="1" m="48713" /><E122/><V62/><F99/><W135/><G135/><T27/><D27/><N who="1" m="18879" /><E133/><V117/><F117/><W44/><G104/><T48/><D100/><U61/><E61/><V94/><F2/><W132/><G132/><T68/><D75/><U22/><E22/><V108/><F108/><W24/><G121/><T43/><D43/><U131/><E131/><V101/><F101/><W1/><G129/><T40/><D40/><U64/><E64/><V86/><F66/><W106/><G106/><T11/><D11/><U71/><E71/><V84/><F62/><W18/><G21/><T39/><D39/><U73/><E73/><V47/><REACH who="2" step="1"/><F9/><REACH who="2" ten="250,250,240,250" step="2"/><W32/><G67/><T120/><D120/><U93/><AGARI ba="0,1" hai="17,19,88,93,97" m="18879,48713,1343" machi="93" ten="30,2000,0" yaku="18,1,54,1" doraHai="115" who="1" fromWho="1" sc="250,-10,250,30,240,-5,250,-5" /><INIT seed="1,0,0,1,1,101" ten="240,280,235,245" oya="1" hai0="133,11,93,110,116,108,34,48,46,128,66,75,8" hai1="90,72,82,1,124,130,88,84,113,126,17,78,22" hai2="89,54,19,5,39,127,102,69,120,50,31,67,99" hai3="114,58,16,25,43,55,47,94,40,12,125,104,9"/><U18/><E113/><V45/><F120/><W112/><G125/><N who="1" m="48234" /><E130/><V135/><F127/><W115/><G104/><T4/><D75/><U3/><E72/><V83/><F135/><W85/><G25/><T109/><D116/><U92/><E18/><V37/><F31/><W129/><G129/><T14/><D128/><U132/><E132/><V63/><F5/><W98/><G85/><T107/><D34/><U61/><E61/><V103/><F103/><W123/><G47/><T119/><D119/><U44/><E44/><V28/><F28/><W134/><G123/><T20/><D66/><U30/><E30/><V21/><F89/><N who="1" m="34409" /><E92/><V74/><F83/><W15/><G134/><T42/><D93/><U52/><E52/><V73/><F73/><W77/><G55/><T51/><D133/><U53/><E53/><V29/><F29/><W23/><G77/><T56/><D20/><U64/><E64/><V80/><F80/><W27/><G43/><T62/><D8/><U38/><E38/><V6/><F74/><W121/><G40/><T10/><D11/><U68/><E68/><V122/><F122/><W60/><G121/><T71/><D71/><U13/><AGARI ba="0,0" hai="1,3,13,17,22,78,82,84" m="34409,48234" machi="13" ten="30,3000,0" yaku="18,1,54,1" doraHai="101" who="1" fromWho="1" sc="240,-10,280,30,235,-10,245,-10" /><INIT seed="1,1,0,3,4,77" ten="230,310,225,235" oya="1" hai0="10,53,14,8,27,104,34,88,117,86,11,80,44" hai1="61,59,112,74,37,130,78,43,51,20,115,92,18" hai2="70,17,129,83,102,127,57,23,56,32,95,69,68" hai3="71,128,36,91,108,93,33,52,122,16,72,121,30"/><U76/><E37/><V107/><F129/><W114/><G114/><T26/><D117/><U19/><E130/><V81/><F127/><W132/><G128/><T7/><D104/><U85/><E74/><V97/><F32/><W3/><G36/><T94/><D34/><U62/><E51/><V101/><F101/><W131/><G131/><T124/><D124/><U15/><E43/><V134/><F134/><W125/><G125/><T126/><D126/><U82/><E78/><V47/><F47/><W84/><G71/><T22/><D94/><U39/><E39/><V48/><F95/><W109/><G3/><T116/><D116/><U87/><E61/><V55/><REACH who="2" step="1"/><F57/><REACH who="2" ten="230,310,215,235" step="2"/><W46/><G132/><T28/><D26/><AGARI ba="1,1" hai="17,23,26,48,55,56,68,69,70,81,83,97,102,107" machi="26" ten="40,8000,1" yaku="1,1,2,1,52,2,53,0" doraHai="77" doraHaiUra="123" who="2" fromWho="0" sc="230,-83,310,0,215,93,235,0" /><INIT seed="2,0,0,1,1,78" ten="147,310,308,235" oya="2" hai0="30,125,48,12,19,46,4,103,5,65,89,80,16" hai1="58,53,92,117,14,6,107,79,87,134,101,28,68" hai2="31,90,24,84,70,122,66,127,116,42,67,109,119" hai3="113,27,20,75,120,126,33,133,37,82,26,9,108"/><V56/><F122/><W93/><G120/><T71/><D125/><U1/><E68/><V34/><F127/><W2/><G37/><T91/><D30/><U22/><E117/><V98/><F109/><W15/><G126/><T105/><D105/><U97/><E1/><V130/><F130/><W0/><G93/><T63/><D103/><U25/><E134/><V96/><F70/><W72/><G82/><T54/><D19/><U44/><E44/><V32/><F42/><W45/><G45/><T49/><D49/><U43/><E43/><V115/><F115/><W100/><G100/><T10/><D89/><U110/><E110/><V64/><F34/><W73/><G133/><T13/><REACH who="0" step="1"/><D12/><REACH who="0" ten="137,310,308,235" step="2"/><U21/><E107/><V104/><F104/><W17/><G108/><T94/><D94/><U41/><E14/><V61/><F119/><W111/><G111/><T95/><D95/><U86/><E28/><V128/><F116/><W50/><G50/><T99/><D99/><U114/><E97/><V55/><F128/><W121/><G0/><T40/><D40/><U83/><E41/><V129/><F129/><W131/><G131/><T39/><D39/><U59/><E92/><V102/><F102/><W7/><G2/><T29/><D29/><U62/><E101/><V76/><F90/><W88/><G88/><T18/><D18/><U69/><E25/><V35/><F35/><W81/><G27/><T77/><D77/><U85/><E79/><V3/><F3/><W23/><G33/><T118/><D118/><U36/><E36/><V74/><F32/><W112/><G26/><RYUUKYOKU ba="0,1" sc="137,30,310,-10,308,-10,235,-10" hai0="4,5,10,13,16,46,48,54,63,65,71,80,91" /><INIT seed="3,1,1,5,4,110" ten="167,300,298,225" oya="3" hai0="18,54,58,21,2,111,127,115,17,32,106,120,29" hai1="117,8,38,98,19,30,15,10,113,97,122,90,55" hai2="89,118,42,75,22,13,43,5,79,36,123,37,121" hai3="6,9,71,86,103,45,91,101,78,107,108,82,69"/><W84/><G108/><T34/><D111/><U83/><E113/><V85/><F118/><W26/><G26/><T35/><D106/><U50/><E38/><N who="2" m="14955" /><F79/><W1/><G45/><T56/><D120/><N who="2" m="46154" /><F75/><W112/><G112/><T59/><D115/><U25/><E122/><V105/><F105/><W125/><G125/><T11/><D127/><U99/><E117/><V28/><F28/><W95/><REACH who="3" step="1"/><G107/><REACH who="3" ten="167,300,298,215" step="2"/><T23/><D29/><U14/><E25/><V129/><F129/><W100/><AGARI ba="1,2" hai="1,6,9,69,71,78,82,84,86,91,95,100,101,103" machi="100" ten="30,6000,0" yaku="1,1,2,1,0,1,53,0" doraHai="110" doraHaiUra="134" who="3" fromWho="3" sc="167,-21,300,-21,298,-21,215,83" /><INIT seed="3,2,0,2,3,34" ten="146,279,277,298" oya="3" hai0="12,98,26,32,135,21,104,13,69,81,30,62,121" hai1="6,115,119,49,66,10,99,87,109,67,24,44,11" hai2="91,92,127,93,43,116,96,101,36,117,46,112,75" hai3="31,14,77,17,52,45,1,37,90,18,16,97,114"/><W8/><G114/><T103/><D121/><U82/><E115/><V118/><F112/><W51/><G1/><T95/><D135/><U54/><E109/><V108/><F108/><W86/><G37/><T130/><D130/><U106/><E119/><V39/><F75/><W76/><G31/><T27/><D95/><U73/><E73/><V4/><F39/><W61/><G61/><T102/><D102/><U68/><E68/><V28/><F28/><W84/><G97/><T50/><D50/><U70/><E70/><V79/><F79/><N who="3" m="30283" /><G90/><T107/><D81/><U38/><E38/><V125/><REACH who="2" step="1"/><F4/><AGARI ba="2,0" hai="4,8,14,16,17,18,45,51,52,84,86" m="30283" machi="4" ten="30,5800,0" yaku="8,1,54,2" doraHai="34" who="3" fromWho="2" sc="146,0,279,0,277,-64,298,64" owari="146,-35.4,279,7.9,213,-18.7,362,46.2" /></mjloggm>