<mjloggm ver="2.3"><GO type="225" lobby="0"/><UN n0="%E3%81%AF%E3%82%88%E3%81%8A%E3%81%98%E3%81%95%E3%82%93" n1="%E3%81%A1%E3%82%83%E3%81%93%E3%81%93" n2="%6D%61%74%69%67%75%73%61" n3="%53%61%63%68%69%30%34" dan="17,16,17,16" rate="2132.38,2173.13,2134.52,2079.34" sx="M,F,M,M"/><TAIKYOKU oya="0"/><INIT seed="0,0,0,3,2,110" ten="250,250,250,250" oya="0" hai0="116,94,90,33,72,133,111,122,87,43,96,9,109" hai1="102,48,15,77,20,81,57,30,27,121,88,75,68" hai2="51,134,35,82,135,17,59,45,42,100,0,119,14" hai3="108,32,53,40,62,49,5,12,84,7,86,4,44"/><T6/><D72/><U23/><E68/><V130/><F0/><W3/><G108/><N who="0" m="41547" /><D116/><U41/><E121/><V25/><F100/><W80/><G32/><T26/><D122/><U99/><E15/><V93/><F93/><W31/><G3/><N who="0" m="223" /><D43/><U104/><E41/><V79/><F130/><W85/><G31/><N who="0" m="19703" /><D133/><U76/><E76/><V97/><F119/><W98/><G98/><AGARI ba="0,0" hai="87,90,94,96,98" m="19703,223,41547" machi="98" ten="30,2900,0" yaku="14,1,10,1" doraHai="110" who="0" fromWho="3" sc="250,29,250,0,250,0,250,-29" /><INIT seed="0,1,0,2,2,69" ten="279,250,250,221" oya="0" hai0="43,15,55,62,49,9,33,48,68,85,102,115,59" hai1="13,121,12,39,26,129,77,75,95,18,61,76,109" hai2="104,24,122,83,119,108,4,31,88,64,51,135,98" hai3="66,111,130,99,22,112,40,58,93,25,46,100,23"/><T29/><D115/><U86/><E121/><V72/><F122/><W74/><G111/><T134/><D134/><U128/><E109/><V21/><F108/><W53/><G130/><N who="1" m="50282" /><E26/><V56/><F119/><W126/><G126/><T35/><D102/><U37/><E61/><V116/><F116/><W6/><G74/><T91/><D29/><U10/><E75/><V132/><F4/><W131/><G131/><T120/><D120/><U73/><E73/><V16/><F31/><W17/><G112/><T127/><D127/><U92/><E92/><V89/><F72/><W3/><G3/><T5/><D49/><U38/><E12/><V97/><F83/><W14/><G66/><T90/><D90/><AGARI ba="1,0" hai="10,13,18,37,38,39,76,77,86,90,95" m="50282" machi="90" ten="40,8000,1" yaku="19,1,52,3" doraHai="69" who="1" fromWho="0" sc="279,-83,250,83,250,0,221,0" /><INIT seed="1,0,0,0,3,16" ten="196,333,250,221" oya="1" hai0="72,31,56,0,43,120,91,26,95,61,68,71,134" hai1="97,73,34,38,55,23,132,124,85,53,4,60,35" hai2="59,78,109,62,105,64,17,46,89,9,79,57,123" hai3="5,25,94,93,111,37,39,3,101,125,103,49,127"/><U45/><E73/><V82/><F123/><W36/><G111/><T126/><D0/><U104/><E132/><V6/><F105/><W81/><G3/><T122/><D72/><U121/><E121/><N who="0" m="46697" /><D43/><U116/><E4/><V118/><F118/><W20/><G5/><T83/><D83/><U2/><E2/><V100/><F100/><N who="3" m="38475" /><G81/><T19/><D19/><U27/><E116/><V117/><F17/><N who="3" m="12431" /><G49/><T47/><D47/><U21/><E45/><V114/><F46/><W96/><G96/><N who="0" m="57471" /><D126/><AGARI ba="0,0" hai="36,37,39,93,94,125,126,127" m="12431,38475" machi="126" ten="40,2600,0" yaku="18,1,52,1" doraHai="16" who="3" fromWho="0" sc="196,-26,333,0,250,0,221,26" /><INIT seed="2,0,0,1,1,117" ten="170,333,250,247" oya="2" hai0="22,60,23,112,51,113,18,101,62,12,40,103,121" hai1="83,26,41,66,1,48,72,118,43,3,91,16,126" hai2="63,24,124,128,129,98,75,127,2,119,81,32,15" hai3="44,100,104,39,57,115,27,109,123,125,8,111,34"/><V80/><F2/><W46/><G125/><N who="2" m="48201" /><F119/><W122/><G115/><T5/><D5/><U93/><E3/><V31/><F98/><N who="3" m="61463" /><G57/><T108/><D108/><N who="3" m="41545" /><G8/><T33/><D33/><U56/><E118/><V19/><F63/><W120/><G39/><T79/><D79/><U65/><E1/><V68/><F68/><W61/><G61/><T49/><D12/><U74/><E126/><V130/><F75/><W107/><G107/><T10/><D10/><AGARI ba="0,0" hai="10,15,19,24,31,32,80,81,128,129,130" m="48201" machi="10" ten="40,3900,0" yaku="19,1,18,1" doraHai="117" who="2" fromWho="0" sc="170,-39,333,0,250,39,247,0" /><INIT seed="2,1,0,1,1,57" ten="131,333,289,247" oya="2" hai0="121,0,36,105,102,32,115,75,108,56,77,12,106" hai1="87,41,18,95,15,29,9,92,7,100,51,46,76" hai2="39,126,78,55,67,35,58,111,120,63,70,44,123" hai3="80,82,2,24,14,74,128,84,122,54,130,50,43"/><V79/><F35/><W91/><G2/><T27/><D56/><U103/><E29/><V13/><F13/><W34/><G122/><N who="2" m="46633" /><F78/><W4/><G43/><T3/><D12/><N who="1" m="5183" /><E100/><V25/><F79/><N who="3" m="44151" /><G14/><T48/><D48/><U86/><E103/><V38/><F25/><W33/><G4/><T98/><D121/><U109/><E87/><V11/><F11/><W61/><G61/><T26/><D26/><U37/><E37/><N who="2" m="13835" /><F126/><W134/><G24/><T119/><D105/><U71/><E86/><V47/><F111/><W49/><G49/><AGARI ba="1,0" hai="44,47,49,55,58,63,67,70" m="13835,46633" machi="49" ten="30,5800,0" yaku="34,2,52,1" doraHai="57" who="2" fromWho="3" sc="131,0,333,0,289,61,247,-61" /><INIT seed="2,2,0,0,2,120" ten="131,333,350,186" oya="2" hai0="13,66,78,111,125,81,109,73,61,29,88,85,126" hai1="135,123,12,9,93,24,122,52,128,108,56,67,127" hai2="50,105,39,95,74,89,103,37,41,49,40,133,107" hai3="70,97,7,57,33,94,113,84,48,27,28,63,11"/><V55/><F74/><W65/><G113/><T15/><D29/><U132/><E108/><N who="0" m="41545" /><D78/><U72/><E72/><V36/><F133/><N who="1" m="51273" /><E128/><V87/><F49/><W86/><G48/><T114/><D73/><U80/><E80/><V64/><F64/><W46/><G46/><T1/><D1/><U51/><E127/><N who="0" m="48649" /><D114/><U22/><E67/><V91/><F36/><W53/><G70/><AGARI ba="2,0" hai="13,15,61,66,70,81,85,88" m="48649,41545" machi="70" ten="30,12000,2" yaku="14,1,18,1,52,3,54,1" doraHai="120" who="0" fromWho="3" sc="131,126,333,0,350,0,186,-126" /><INIT seed="3,0,0,2,1,130" ten="257,333,350,60" oya="3" hai0="9,5,11,102,67,27,22,43,52,128,55,95,135" hai1="69,71,62,77,40,99,74,121,115,109,88,82,84" hai2="89,44,127,53,131,10,59,119,50,117,81,28,26" hai3="94,42,23,83,116,114,108,134,68,76,58,64,105"/><W133/><G105/><T35/><D35/><U78/><E121/><V123/><F123/><W46/><G114/><T132/><D128/><U33/><E33/><V125/><F131/><W29/><G116/><T49/><D67/><U7/><E109/><V41/><F10/><W17/><G68/><T31/><D43/><U87/><E115/><V57/><F57/><W45/><G29/><T111/><D111/><U21/><E77/><V36/><F89/><W51/><G108/><T66/><D66/><U92/><E7/><V63/><F81/><W8/><G8/><T104/><D104/><U32/><E32/><N who="2" m="20503" /><F36/><W12/><G94/><T70/><D70/><U34/><E34/><V16/><F16/><W65/><G46/><T126/><D126/><AGARI ba="0,0" hai="41,44,50,53,59,63,117,119,125,126,127" m="20503" machi="126" ten="30,1000,0" yaku="18,1" doraHai="130" who="2" fromWho="0" sc="257,-10,333,0,350,10,60,0" owari="247,-15.3,333,13.3,360,46.0,60,-44.0" /></mjloggm>