<mjloggm ver="2.3"><GO type="225" lobby="0"/><UN n0="%E9%B3%B3%E6%9D%B1%E3%81%AE%E3%81%BF%E3%81%91%E3%81%AB%E3%82%83%E3%82%93" n1="%E3%83%A9%E3%82%B9%E7%8E%87%EF%BC%93%E5%89%B2" n2="%77%72%77%72%77%72%77%72" n3="%E3%81%A4%E3%81%A3%E3%81%B1%E3%82%8A%E3%83%9D%E3%83%BC%E3%83%AB" dan="16,16,16,17" rate="2129.79,2198.62,2139.48,2153.21" sx="F,F,M,M"/><TAIKYOKU oya="0"/><INIT seed="0,0,0,4,5,70" ten="250,250,250,250" oya="0" hai0="8,118,83,40,121,127,82,94,75,120,81,110,7" hai1="64,26,15,56,98,119,53,102,16,116,44,38,47" hai2="100,115,30,126,6,134,89,22,99,46,106,13,74" hai3="85,122,14,90,27,135,131,42,1,4,59,29,84"/><T91/><D118/><U20/><E64/><V2/><F115/><W65/><G131/><T72/><D127/><U18/><E119/><V124/><F74/><W96/><G135/><T35/><D35/><U5/><E5/><V109/><F134/><W132/><G1/><T63/><D63/><U117/><E117/><V111/><F2/><W0/><G0/><T17/><D17/><U39/><E47/><V97/><F46/><W37/><G42/><T31/><D31/><U49/><E44/><V45/><F45/><W12/><G37/><T36/><D40/><U24/><E116/><V88/><F6/><W32/><G122/><T87/><D36/><U25/><REACH who="1" step="1"/><E18/><REACH who="1" ten="250,240,250,250" step="2"/><N who="2" m="10575" /><F30/><W101/><G4/><T19/><D19/><U76/><E76/><V93/><F89/><W73/><G65/><T67/><D67/><U43/><E43/><V52/><F52/><W133/><G133/><T41/><D41/><U86/><E86/><V71/><F71/><W21/><G85/><T130/><D72/><U103/><E103/><V129/><F129/><W123/><G73/><T34/><D75/><U107/><AGARI ba="0,1" hai="15,16,20,24,25,26,38,39,49,53,56,98,102,107" machi="107" ten="30,8000,1" yaku="1,1,0,1,52,2,54,1,53,0" doraHai="70" doraHaiUra="77" who="1" fromWho="1" sc="250,-40,240,90,250,-20,250,-20" /><INIT seed="1,0,0,4,1,18" ten="210,330,230,230" oya="1" hai0="53,111,43,29,69,25,14,63,82,103,16,67,4" hai1="93,8,10,72,17,114,110,131,83,6,42,31,124" hai2="125,84,5,73,135,101,64,78,120,99,112,122,119" hai3="129,21,127,90,9,66,96,33,1,20,34,40,38"/><U98/><E114/><V113/><F5/><W79/><G79/><T116/><D116/><U45/><E131/><V133/><F64/><W13/><G1/><T87/><D111/><U70/><E70/><V2/><F2/><W32/><G66/><T58/><D43/><U62/><E62/><V102/><F73/><W134/><G129/><T59/><D4/><U108/><E31/><V88/><F119/><W100/><G90/><T52/><D103/><N who="2" m="39434" /><F99/><W57/><G57/><T37/><D37/><U27/><E124/><V30/><F78/><W80/><G80/><T97/><D97/><U130/><E83/><N who="2" m="49183" /><F30/><W49/><G38/><T15/><D69/><U91/><E6/><V26/><F26/><W74/><G74/><T115/><D67/><U77/><E77/><V61/><F61/><W126/><G126/><T68/><D68/><U128/><E72/><V46/><F46/><N who="3" m="25799" /><G127/><T86/><D82/><U47/><E47/><V75/><F75/><W92/><G34/><T41/><D29/><U89/><E89/><V56/><F56/><W36/><G36/><T19/><D25/><U132/><E130/><V123/><F125/><W95/><G33/><T55/><D55/><U50/><E128/><V106/><F106/><W23/><G32/><T107/><D107/><U76/><E76/><V85/><F85/><W39/><G39/><T54/><D54/><U105/><E105/><V28/><F28/><W44/><G44/><T65/><D65/><U48/><E45/><V11/><F11/><W118/><G118/><T71/><D71/><U117/><E117/><V0/><F0/><RYUUKYOKU ba="0,0" sc="210,-10,330,-10,230,30,230,-10" hai2="112,113,120,122,123,133,135" /><INIT seed="2,1,0,2,4,23" ten="200,320,260,220" oya="2" hai0="112,37,115,124,103,45,32,99,127,97,89,6,67" hai1="57,17,79,107,85,30,87,18,22,26,100,58,82" hai2="27,134,55,47,98,129,92,96,8,61,135,3,119" hai3="62,29,19,5,46,130,31,93,80,74,12,104,36"/><V131/><F119/><W133/><G104/><T1/><D67/><U51/><E107/><V25/><F3/><W118/><G118/><T2/><D32/><U52/><E100/><V75/><F8/><W66/><G5/><T102/><D89/><U84/><REACH who="1" step="1"/><E58/><REACH who="1" ten="200,310,260,220" step="2"/><N who="2" m="35039" /><F75/><AGARI ba="1,1" hai="17,18,22,26,30,51,52,57,75,79,82,84,85,87" machi="75" ten="40,5200,0" yaku="1,1,52,1,54,1,53,0" doraHai="23" doraHaiUra="91" who="1" fromWho="2" sc="200,0,310,65,260,-55,220,0" /><INIT seed="3,0,0,0,0,39" ten="200,375,205,220" oya="3" hai0="118,75,85,37,66,101,62,84,48,10,91,74,28" hai1="113,77,71,128,38,11,4,125,26,25,88,93,58" hai2="9,12,130,52,90,17,0,87,110,70,131,49,44" hai3="79,29,51,22,89,45,96,68,103,67,34,40,133"/><W92/><G133/><T73/><D118/><U94/><E71/><V46/><F70/><W104/><G34/><T5/><D37/><U102/><E38/><V16/><F0/><W122/><G122/><T97/><D28/><U99/><E128/><N who="2" m="49195" /><F110/><W8/><G79/><T53/><D62/><U108/><E94/><N who="2" m="54623" /><F44/><W59/><G8/><T13/><D66/><U109/><E11/><V111/><F111/><W3/><G3/><T126/><D126/><U116/><E25/><V20/><F20/><W95/><G68/><T24/><D24/><U65/><E4/><AGARI ba="0,0" hai="4,9,12,16,17,46,49,52" m="54623,49195" machi="4" ten="30,3900,0" yaku="19,1,54,2" doraHai="39" who="2" fromWho="1" sc="200,0,375,-39,205,39,220,0" owari="200,-30.0,336,43.6,244,4.4,220,-18.0" /></mjloggm>