<mjloggm ver="2.3"><GO type="225" lobby="0"/><UN n0="%E3%80%90%E8%92%BC%E7%90%89%E3%80%91" n1="%E7%89%B9%E6%9D%B1%E5%96%B0%E8%B5%A4%E9%80%9F" n2="%E6%81%A5%E6%99%92%E3%81%97" n3="%E3%81%BE%E3%81%A8%E3%81%9F" dan="16,16,16,16" rate="2189.01,2008.23,2139.68,2136.75" sx="F,M,M,M"/><TAIKYOKU oya="0"/><INIT seed="0,0,0,1,3,36" ten="250,250,250,250" oya="0" hai0="16,35,108,71,112,133,10,94,105,126,59,3,104" hai1="75,127,25,124,55,12,74,1,21,107,72,128,132" hai2="5,134,17,33,103,7,41,65,125,79,51,22,80" hai3="42,73,62,15,60,93,27,32,45,2,98,99,18"/><T47/><D112/><U14/><E1/><V64/><F33/><W58/><G73/><T114/><D114/><U37/><E107/><V111/><F111/><W106/><G2/><T9/><D71/><U53/><E128/><V11/><F125/><N who="1" m="48201" /><E37/><V69/><F134/><W67/><G106/><T34/><D3/><U90/><E90/><V95/><F69/><W113/><G113/><T70/><D70/><U96/><E96/><N who="2" m="59807" /><F11/><W100/><G32/><T82/><D94/><U68/><E68/><V117/><F117/><W101/><G27/><T120/><D126/><U0/><E0/><V123/><F123/><W83/><G83/><T77/><D82/><U40/><E40/><V49/><F49/><W39/><G62/><T29/><D133/><U13/><E132/><V89/><F79/><W4/><G4/><N who="2" m="1609" /><F89/><W81/><G81/><T8/><D77/><U76/><E76/><V115/><F80/><W116/><G116/><T110/><D120/><U20/><E20/><V97/><F97/><W84/><G84/><T28/><D8/><U118/><E118/><V122/><F115/><W119/><G99/><T66/><D104/><U121/><E121/><V44/><F122/><W57/><G119/><T91/><D105/><U86/><E86/><V85/><F85/><W54/><G101/><T87/><D91/><U109/><E109/><V23/><F23/><W38/><G38/><T88/><D87/><U92/><E92/><V48/><F51/><N who="3" m="30943" /><G15/><AGARI ba="0,0" hai="15,17,22,41,44,48,64,65" m="1609,59807" machi="15" ten="30,2000,0" yaku="8,1,52,1" doraHai="36" who="2" fromWho="3" sc="250,0,250,0,250,20,250,-20" /><INIT seed="1,0,0,3,2,83" ten="250,250,270,230" oya="1" hai0="70,20,133,94,110,86,41,18,107,124,11,37,129" hai1="14,64,68,113,42,49,53,114,76,122,125,109,81" hai2="3,1,9,71,7,19,40,26,47,79,33,21,44" hai3="51,106,85,63,126,55,12,112,101,62,23,74,29"/><U24/><E122/><V5/><F71/><W78/><G74/><T84/><D107/><U45/><E24/><V102/><F102/><W108/><G112/><T15/><D70/><U13/><E125/><V120/><F120/><W54/><G126/><T128/><D124/><U32/><E32/><V96/><F96/><W100/><G108/><T31/><D110/><U97/><E109/><V92/><F92/><W87/><G78/><T35/><D35/><U88/><E68/><V90/><F90/><W77/><G77/><T27/><D133/><U10/><E64/><V6/><F79/><W52/><G51/><T67/><D67/><U0/><E0/><N who="2" m="75" /><F47/><W28/><G106/><T127/><D127/><U117/><E117/><V8/><F44/><W131/><G131/><N who="0" m="50251" /><D94/><N who="1" m="56519" /><E114/><V116/><F40/><W98/><G98/><T17/><D41/><U56/><E10/><N who="2" m="4203" /><F116/><W72/><G72/><T60/><D37/><U80/><E113/><V58/><F58/><W73/><G73/><T34/><D60/><N who="3" m="23081" /><G101/><T36/><D36/><U43/><E81/><V22/><F33/><W103/><G103/><T46/><D46/><U66/><E66/><V30/><F5/><W59/><G59/><T16/><D34/><U121/><E121/><V130/><F130/><W118/><G100/><T95/><D95/><U65/><E65/><V89/><F89/><W115/><G115/><T61/><D61/><N who="1" m="35983" /><E43/><V38/><F38/><W119/><G118/><T75/><D75/><U132/><E132/><V91/><F91/><W2/><G119/><T69/><D69/><U25/><E25/><AGARI ba="0,0" hai="6,7,19,21,22,25,26,30" m="4203,75" machi="25" ten="30,8000,1" yaku="35,5" doraHai="83" who="2" fromWho="1" sc="250,0,250,-80,270,80,230,0" /><INIT seed="2,0,0,1,2,57" ten="250,170,350,230" oya="2" hai0="104,21,76,109,132,35,79,94,3,135,131,34,62" hai1="100,61,125,70,111,7,31,108,93,1,49,67,10" hai2="58,24,54,122,105,37,28,29,59,130,65,117,128" hai3="27,107,88,46,74,106,64,13,129,42,41,50,119"/><V66/><F117/><W63/><G119/><T112/><D104/><U77/><E125/><V91/><F122/><W73/><G129/><N who="2" m="49769" /><F105/><W30/><G74/><T9/><D112/><U87/><E31/><V60/><F37/><W83/><G41/><T56/><D109/><U18/><E49/><N who="2" m="31055" /><F91/><W36/><G36/><T2/><D131/><U26/><E77/><N who="0" m="29769" /><D21/><U96/><REACH who="1" step="1"/><E87/><REACH who="1" ten="250,160,350,230" step="2"/><V120/><F29/><W114/><G114/><T98/><D34/><U38/><E38/><V103/><F120/><W19/><G73/><T89/><D35/><U71/><E71/><V121/><F121/><W99/><G30/><T14/><D2/><U39/><E39/><V55/><F103/><W16/><G50/><T5/><D3/><U118/><E118/><V25/><F28/><W8/><G83/><T115/><D115/><U47/><E47/><V86/><F86/><W85/><G46/><T102/><D102/><U84/><E84/><V78/><F78/><W124/><G85/><T17/><D135/><U90/><E90/><V69/><F69/><W92/><G124/><T110/><D132/><U75/><E75/><V0/><F0/><W6/><G88/><T22/><D110/><U133/><E133/><V51/><F66/><W80/><G80/><T45/><D45/><U123/><E123/><V23/><F65/><W40/><G64/><N who="0" m="38983" /><D22/><AGARI ba="0,1" hai="1,7,10,18,22,26,61,67,70,93,96,100,108,111" machi="22" ten="40,2600,0" yaku="1,1,52,1,53,0" doraHai="57" doraHaiUra="52" who="1" fromWho="0" sc="250,-26,160,36,350,0,230,0" /><INIT seed="3,0,0,3,1,15" ten="224,196,350,230" oya="3" hai0="86,102,40,121,122,115,126,67,97,90,10,51,107" hai1="78,21,45,119,109,7,125,120,54,39,24,22,105" hai2="3,70,5,76,111,64,44,116,47,34,108,42,63" hai3="57,49,93,94,55,114,1,6,65,113,18,27,75"/><W38/><G38/><T16/><D126/><U135/><E120/><V81/><F116/><W37/><G37/><T112/><D67/><U28/><E105/><V98/><F34/><W87/><G75/><T129/><D129/><U77/><E119/><V29/><F29/><W133/><G133/><T26/><D40/><U106/><E106/><V60/><F60/><W11/><G65/><T12/><D51/><N who="1" m="29039" /><E39/><N who="2" m="21599" /><F98/><W2/><G2/><T0/><D0/><U31/><E125/><V123/><F47/><W17/><G27/><T88/><D26/><N who="1" m="16463" /><E135/><V56/><F56/><W32/><G32/><T110/><D90/><U20/><E7/><V82/><F123/><W33/><G33/><T104/><D107/><U48/><E109/><V91/><F5/><W36/><G36/><T46/><D46/><U71/><E71/><V58/><F3/><W96/><G114/><N who="0" m="43563" /><D110/><U50/><E20/><V92/><F70/><W25/><G113/><T85/><D85/><U62/><E62/><V80/><F108/><W95/><G87/><T127/><D127/><U53/><E48/><V52/><F64/><W59/><G25/><T73/><D73/><U124/><E124/><V43/><F43/><W130/><G96/><T79/><D79/><U4/><E4/><V61/><F76/><W66/><G130/><T23/><D23/><U117/><E117/><V128/><F128/><W41/><G41/><T35/><D35/><U101/><E101/><V89/><F111/><W103/><G103/><T132/><D132/><U30/><E30/><V68/><F68/><W83/><G1/><T99/><D99/><RYUUKYOKU ba="0,0" sc="224,15,196,15,350,-15,230,-15" hai0="10,12,16,86,88,97,102,104,121,122" hai1="22,24,31,50,53,77,78" owari="239,3.9,211,-28.9,335,43.5,215,-18.5" /></mjloggm>