<mjloggm ver="2.3"><GO type="225" lobby="0"/><UN n0="%E3%81%BF%E3%81%BF%E3%81%9A" n1="%E3%81%95%E3%81%8D%E3%81%9F%E3%81%BE%E6%9E%97%E6%AA%8E" n2="%E7%B4%94%E6%BD%94%E3%83%94%E3%83%A9%E3%83%8B%E3%82%A2" n3="%E3%81%AF%E3%82%88%E3%81%8A%E3%81%98%E3%81%95%E3%82%93" dan="17,16,17,17" rate="2194.78,2100.92,2195.16,2233.57" sx="M,M,M,M"/><TAIKYOKU oya="0"/><INIT seed="0,0,0,3,5,98" ten="250,250,250,250" oya="0" hai0="41,77,72,112,120,28,31,67,79,35,17,80,7" hai1="85,117,65,10,110,15,114,46,75,24,37,92,68" hai2="107,86,69,64,23,101,49,123,4,90,29,25,108" hai3="128,52,100,82,109,51,2,43,133,63,124,62,9"/><T27/><D112/><U76/><E110/><V119/><F108/><W56/><G109/><T38/><D120/><U115/><E117/><V126/><F119/><W99/><G124/><T54/><D67/><U0/><E0/><V32/><F126/><W122/><G122/><T21/><D77/><U19/><E75/><V96/><F123/><W83/><G128/><T78/><D78/><U12/><E68/><V134/><F134/><W73/><G133/><T106/><D106/><U11/><E24/><V44/><F4/><W3/><G73/><T6/><D28/><U40/><E65/><V132/><F132/><W105/><G3/><T127/><D127/><U34/><E34/><V94/><F64/><W125/><G125/><T59/><D41/><U47/><E47/><V20/><REACH who="2" step="1"/><F69/><REACH who="2" ten="250,250,240,250" step="2"/><W70/><G70/><T102/><D6/><U130/><E130/><V103/><F103/><W95/><G105/><T60/><D7/><U131/><E131/><V71/><F71/><W36/><G2/><T8/><D102/><U22/><E115/><V33/><F33/><W121/><G121/><T53/><D35/><U104/><E104/><V45/><F45/><N who="3" m="23783" /><G9/><T42/><D8/><U58/><E114/><V84/><F84/><W111/><G111/><T13/><D72/><U87/><E87/><V5/><F5/><W1/><G1/><T118/><D118/><U93/><E10/><V48/><F48/><W91/><G100/><T18/><D60/><U113/><E113/><V129/><F129/><W50/><G63/><N who="0" m="36335" /><D38/><U116/><E116/><V30/><F30/><W74/><G74/><RYUUKYOKU ba="0,1" sc="250,-15,250,-15,240,15,250,15" hai2="20,23,25,29,32,44,49,86,90,94,96,101,107" hai3="50,51,52,56,62,82,83,91,95,99" /><INIT seed="1,1,1,1,3,129" ten="235,235,255,265" oya="1" hai0="54,135,123,3,91,75,6,41,67,18,55,70,36" hai1="47,131,98,48,22,96,32,114,112,110,125,59,28" hai2="51,76,65,0,23,82,78,38,34,1,8,12,94" hai3="62,61,10,93,57,116,4,77,88,66,80,124,69"/><U92/><E32/><V31/><F38/><W79/><G124/><T95/><D75/><U100/><E125/><V14/><F65/><W85/><G116/><T46/><D123/><U25/><E131/><V68/><F68/><W5/><G79/><T42/><D42/><U40/><E110/><V87/><F76/><W9/><G4/><T107/><D107/><U50/><E98/><V117/><F117/><W122/><G122/><T120/><D120/><U128/><E128/><V64/><F64/><W118/><G118/><T33/><D33/><U60/><REACH who="1" step="1"/><E50/><REACH who="1" ten="235,225,255,265" step="2"/><V20/><F51/><W13/><G62/><T63/><D135/><U29/><E29/><V89/><F34/><W133/><G133/><T99/><REACH who="0" step="1"/><D18/><REACH who="0" ten="225,225,255,265" step="2"/><U39/><E39/><V127/><F31/><W115/><G115/><T7/><D7/><U27/><E27/><V134/><F134/><W17/><G5/><T105/><D105/><U73/><E73/><V19/><F127/><W102/><G17/><T15/><D15/><U35/><E35/><V130/><F130/><W45/><G13/><T113/><D113/><U56/><E56/><V106/><F106/><W53/><G69/><T24/><D24/><U97/><E97/><V16/><F20/><W86/><G102/><T74/><D74/><AGARI ba="1,3" hai="0,1,8,12,14,16,19,23,74,78,82,87,89,94" machi="74" ten="30,2000,0" yaku="7,1,54,1" doraHai="129" who="2" fromWho="0" sc="225,-23,225,0,255,53,265,0" /><INIT seed="2,0,0,4,0,45" ten="202,225,308,265" oya="2" hai0="16,82,106,130,61,128,91,127,15,121,131,96,31" hai1="74,111,29,24,79,12,90,14,20,46,44,58,104" hai2="67,129,35,102,110,23,80,55,133,36,5,57,83" hai3="126,95,78,8,86,125,88,21,105,70,17,4,39"/><V22/><F36/><W94/><G105/><T92/><D121/><U26/><E104/><V2/><F35/><W33/><G33/><T99/><D127/><N who="3" m="48649" /><G70/><T135/><D31/><U116/><E116/><V18/><F67/><W81/><G39/><T68/><D135/><U34/><E111/><V89/><F102/><W108/><G108/><T30/><D30/><U9/><E90/><V77/><F22/><W124/><N who="3" m="48657" /><W10/><DORA hai="123" /><G4/><T52/><D82/><U25/><E25/><V3/><F110/><W87/><G95/><T19/><D15/><AGARI ba="0,0" hai="8,10,15,17,21,78,81,86,87,88,94" m="48657" machi="15" ten="40,2600,0" yaku="18,1,54,1" doraHai="45,123" who="3" fromWho="0" sc="202,-26,225,0,308,0,265,26" /><INIT seed="3,0,0,0,4,87" ten="176,225,308,291" oya="3" hai0="11,114,106,47,85,111,46,120,52,124,28,89,54" hai1="40,129,57,125,100,73,9,98,20,71,43,84,107" hai2="17,130,72,59,103,36,41,12,34,37,109,14,88" hai3="8,21,94,135,62,75,78,104,16,63,119,92,116"/><W117/><G104/><T64/><D120/><U10/><E71/><V93/><F72/><W101/><G135/><T67/><D106/><U77/><E73/><V70/><F70/><W39/><G39/><T26/><D124/><U68/><E68/><V13/><F34/><W133/><G133/><T23/><D111/><U97/><E125/><V25/><F109/><W49/><G8/><T134/><D134/><U108/><E108/><V128/><F103/><W69/><G49/><T3/><D114/><U86/><E129/><N who="2" m="49771" /><F59/><W80/><G101/><T91/><D3/><U38/><E38/><N who="2" m="14955" /><F25/><W122/><G122/><T0/><D0/><U132/><E132/><V115/><F41/><W2/><G2/><T123/><D123/><U18/><E57/><V127/><F115/><W61/><REACH who="3" step="1"/><G69/><REACH who="3" ten="176,225,308,281" step="2"/><T66/><D11/><U30/><E107/><V102/><F102/><W24/><AGARI ba="0,1" hai="16,21,24,61,62,63,75,78,80,92,94,116,117,119" machi="24" ten="40,18000,2" yaku="1,1,2,1,0,1,54,1,53,3" doraHai="87" doraHaiUra="113" who="3" fromWho="3" sc="176,-60,225,-60,308,-60,281,190" owari="116,-38.4,165,-23.5,248,4.8,471,57.1" /></mjloggm>