<mjloggm ver="2.3"><GO type="225" lobby="0"/><UN n0="%E9%BB%99%E8%81%B4%E3%81%AE%E3%81%99%E3%82%9D%E3%82%81" n1="%E3%83%A9%E3%82%A4%E3%83%B3%E3%81%AE%E8%99%8E" n2="%E3%81%B2%E3%81%AA%E3%81%AE%E3%82%8A%E3%81%8F" n3="%E6%A1%9C%E8%8A%B1%E9%96%83%E3%80%85" dan="16,16,16,16" rate="2145.48,2086.83,2083.75,2109.96" sx="M,M,M,M"/><TAIKYOKU oya="0"/><INIT seed="0,0,0,0,2,5" ten="250,250,250,250" oya="0" hai0="51,102,2,37,45,31,106,35,87,131,40,98,21" hai1="134,113,28,89,79,108,84,30,6,66,54,50,77" hai2="69,44,72,116,23,19,132,33,103,78,101,38,42" hai3="8,88,122,73,93,4,110,41,86,94,126,56,36"/><T60/><D131/><U76/><E108/><V64/><F132/><W75/><G110/><T52/><D2/><U49/><E134/><V39/><F33/><W58/><G126/><T105/><D35/><U96/><E113/><V117/><F39/><W55/><G122/><T47/><D60/><U12/><E66/><V17/><F69/><W68/><G68/><T24/><REACH who="0" step="1"/><D87/><REACH who="0" ten="240,250,250,250" step="2"/><U70/><E70/><V15/><F117/><W129/><G129/><T53/><D53/><U135/><E135/><V124/><F124/><W133/><G133/><T123/><D123/><U80/><E96/><V127/><F127/><W18/><G55/><T67/><D67/><U65/><E65/><V92/><F64/><W11/><G75/><T14/><D14/><U16/><E6/><V71/><F116/><W74/><G73/><T48/><D48/><N who="1" m="18539" /><E54/><V119/><F119/><W3/><G74/><T130/><D130/><U107/><E107/><AGARI ba="0,1" hai="21,24,31,37,40,45,47,51,52,98,102,105,106,107" machi="107" ten="30,11600,0" yaku="1,1,7,1,54,1,53,1" doraHai="5" doraHaiUra="99" who="0" fromWho="1" sc="240,126,250,-116,250,0,250,0" /><INIT seed="0,1,0,2,4,15" ten="366,134,250,250" oya="0" hai0="81,30,53,27,44,128,119,58,111,13,21,101,77" hai1="76,61,85,104,97,91,37,63,69,42,29,124,4" hai2="43,68,10,38,65,14,133,88,11,102,59,95,55" hai3="103,35,86,5,64,50,96,46,25,90,75,41,72"/><T108/><D119/><U73/><E124/><V62/><F133/><W71/><G5/><T49/><D101/><U130/><E130/><V115/><F115/><W93/><G64/><T122/><D122/><U12/><E69/><V132/><F102/><W52/><G71/><T34/><D128/><U125/><E125/><V113/><F113/><W19/><G41/><T33/><D58/><U110/><E29/><V78/><F78/><W92/><REACH who="3" step="1"/><G35/><REACH who="3" ten="366,134,250,240" step="2"/><T94/><D34/><U24/><E42/><V87/><F132/><W70/><G70/><T120/><D33/><U54/><E4/><V28/><F43/><W66/><G66/><T114/><D114/><U109/><E109/><V106/><F65/><W45/><G45/><T18/><D111/><U2/><E110/><V82/><F68/><W39/><G39/><T26/><D44/><U60/><E37/><V135/><F38/><W99/><G99/><T47/><D47/><U6/><E97/><V105/><F135/><W118/><G118/><T89/><D108/><U40/><E40/><V3/><F3/><W23/><AGARI ba="1,1" hai="19,23,25,46,50,52,72,75,86,90,92,93,96,103" machi="23" ten="30,7900,0" yaku="1,1,0,1,52,1,54,1,53,0" doraHai="15" doraHaiUra="126" who="3" fromWho="3" sc="366,-40,134,-21,250,-21,240,92" /><INIT seed="1,0,0,2,5,123" ten="326,113,229,332" oya="1" hai0="74,69,130,34,60,81,16,1,56,6,126,23,119" hai1="116,35,94,73,107,85,92,12,18,52,49,59,120" hai2="104,4,17,124,43,114,51,102,2,5,21,110,13" hai3="0,101,79,61,77,125,109,11,98,128,7,90,132"/><U31/><E73/><V32/><F32/><W9/><G128/><T25/><D130/><U135/><E116/><V42/><F124/><W8/><G125/><T131/><D131/><U64/><E120/><V36/><F36/><W95/><G132/><T3/><D69/><U91/><E107/><V118/><F118/><W80/><G109/><T15/><D126/><U55/><E135/><V121/><F121/><W29/><G29/><N who="0" m="19759" /><D56/><U84/><E35/><V106/><F110/><W40/><G40/><T14/><D60/><N who="1" m="37919" /><E31/><V111/><F111/><W44/><G44/><T99/><D99/><N who="1" m="57759" /><E94/><V54/><F2/><N who="0" m="522" /><D81/><U103/><E103/><V46/><F114/><W45/><G45/><T112/><D74/><U27/><E27/><V96/><F106/><W105/><G61/><T66/><D66/><U26/><E26/><V38/><F43/><W89/><G89/><T20/><D119/><U72/><E72/><V134/><F134/><W115/><G115/><T71/><D71/><U67/><E67/><V22/><F22/><W63/><G63/><T113/><D23/><N who="1" m="11719" /><E55/><V30/><F30/><W41/><G41/><T10/><AGARI ba="0,0" hai="6,10,14,15,16,20,112,113" m="522,19759" machi="10" ten="30,4000,0" yaku="34,2,54,1" doraHai="123" who="0" fromWho="0" sc="326,40,113,-20,229,-10,332,-10" /><INIT seed="2,0,0,2,4,4" ten="366,93,219,322" oya="2" hai0="112,65,13,75,134,44,49,118,117,14,94,27,7" hai1="21,18,95,64,22,121,84,31,126,37,41,110,99" hai2="47,57,16,67,73,78,63,50,90,15,69,83,30" hai3="34,0,101,58,91,61,104,113,46,77,89,55,87"/><V17/><F30/><W48/><G34/><T29/><D112/><U74/><E74/><V122/><F122/><W19/><G113/><T43/><D134/><U103/><E110/><V79/><F79/><W36/><G36/><T39/><D75/><U54/><E126/><V1/><F1/><W9/><G104/><T129/><D129/><U123/><E64/><V72/><F69/><W100/><G77/><T66/><D39/><U119/><E119/><N who="0" m="45577" /><D94/><U131/><E131/><V107/><F107/><W26/><G91/><T93/><D93/><U106/><E54/><V82/><F90/><W115/><G26/><T120/><D120/><U56/><E56/><V76/><REACH who="2" step="1"/><F15/><REACH who="2" ten="366,93,209,322" step="2"/><N who="0" m="5642" /><D7/><U88/><E31/><V12/><F12/><N who="3" m="7567" /><G0/><T62/><D62/><U10/><E121/><V2/><F2/><W40/><G115/><T85/><D85/><U8/><E123/><V97/><F97/><W80/><AGARI ba="0,1" hai="40,46,48,55,58,61,80,87,89,100,101" m="7567" machi="80" ten="30,2000,0" yaku="8,1,52,1" doraHai="4" who="3" fromWho="3" sc="366,-5,93,-5,209,-10,322,30" /><INIT seed="3,0,0,2,0,49" ten="361,88,199,352" oya="3" hai0="23,109,56,82,46,32,60,38,39,37,15,67,102" hai1="85,59,86,12,90,4,27,19,7,118,127,43,80" hai2="87,71,135,89,73,35,36,61,74,53,94,48,129" hai3="108,45,133,31,72,63,42,98,3,17,123,122,91"/><W69/><G133/><T121/><D32/><U75/><E75/><V126/><F36/><N who="3" m="21703" /><G17/><T54/><D121/><N who="3" m="46089" /><G91/><T125/><D109/><U64/><E127/><V13/><F35/><W21/><G21/><T101/><D125/><U83/><E43/><V41/><F41/><W28/><G98/><T78/><D23/><U128/><E128/><V81/><F61/><W111/><G3/><T124/><D124/><U95/><E118/><V117/><F71/><W99/><G99/><T97/><D15/><U2/><E2/><V106/><F117/><W25/><G72/><T16/><D16/><U52/><E64/><V33/><F106/><W6/><G6/><T77/><D77/><U130/><E27/><V14/><F33/><N who="3" m="20623" /><G31/><T131/><D131/><U120/><E120/><V29/><F81/><W112/><G112/><T26/><D26/><U57/><E57/><V1/><F129/><W30/><G30/><T107/><D102/><U104/><E104/><V34/><F29/><W50/><G50/><T9/><D9/><U11/><E130/><V20/><F34/><W5/><G5/><T65/><REACH who="0" step="1"/><D46/><REACH who="0" ten="351,88,199,352" step="2"/><U10/><E10/><V119/><F20/><W93/><G93/><T0/><D0/><U114/><E114/><V44/><F94/><W96/><G96/><T62/><D62/><U22/><E11/><V40/><F126/><W92/><G92/><T70/><D70/><U66/><E66/><AGARI ba="0,1" hai="63,66,69,108,111" m="20623,46089,21703" machi="66" ten="30,1500,0" yaku="23,1" doraHai="49" who="3" fromWho="1" sc="351,0,88,-15,199,0,352,25" owari="351,15.1,73,-42.7,199,-20.1,377,47.7" /></mjloggm>