<mjloggm ver="2.3"><GO type="225" lobby="0"/><UN n0="%E7%9A%AE%E3%80%85" n1="%E5%8F%AF%E5%85%90%E9%82%A3%E7%94%B1%E5%A4%9A" n2="%E9%BB%99%E8%81%B4%E3%81%AE%E3%81%99%E3%82%9D%E3%82%81" n3="%E5%90%91%E4%BA%95%E7%A7%80%E5%BE%B3" dan="16,16,16,16" rate="2075.43,2137.79,2152.44,2022.40" sx="F,F,M,M"/><TAIKYOKU oya="0"/><INIT seed="0,0,0,0,0,101" ten="250,250,250,250" oya="0" hai0="75,97,70,42,55,13,85,36,120,103,77,11,41" hai1="71,52,45,38,19,100,92,90,93,34,37,4,76" hai2="73,102,94,96,16,50,3,49,63,104,95,8,116" hai3="128,62,108,118,28,111,135,6,83,132,98,33,131"/><T12/><D70/><U121/><E121/><V30/><F73/><W0/><G62/><T18/><D120/><U54/><E34/><V31/><F116/><W126/><G83/><T133/><D133/><N who="3" m="51273" /><G98/><T56/><D75/><U14/><E71/><V69/><F31/><W114/><G118/><T82/><D13/><U43/><E38/><V84/><F30/><W64/><G64/><T60/><REACH who="0" step="1"/><D36/><REACH who="0" ten="240,250,250,250" step="2"/><U130/><E14/><V125/><F69/><W1/><G114/><T29/><D29/><U40/><E37/><V58/><F3/><W26/><G126/><T27/><D27/><U61/><E130/><N who="3" m="49706" /><G0/><T59/><D59/><U106/><E45/><V7/><F125/><W5/><G1/><T32/><D32/><U74/><E74/><V46/><F58/><W99/><G99/><T22/><D22/><U117/><E117/><V107/><F96/><W124/><G124/><T79/><D79/><U123/><E76/><V9/><F46/><W20/><G33/><T24/><D24/><U110/><E123/><V48/><F84/><W39/><G39/><T23/><D23/><U109/><E109/><AGARI ba="0,1" hai="5,6,20,26,28,108,109,111" m="49706,51273" machi="109" ten="40,8000,1" yaku="14,1,20,1,19,1,34,2" doraHai="101" who="3" fromWho="1" sc="240,0,250,-80,250,0,250,90" /><INIT seed="1,0,0,4,5,93" ten="240,170,250,340" oya="1" hai0="132,41,128,84,82,103,42,65,40,90,133,68,28" hai1="70,52,8,99,19,33,43,104,7,11,118,119,59" hai2="29,55,74,36,4,116,123,10,80,15,62,124,131" hai3="86,31,75,83,69,105,3,58,106,24,51,88,2"/><U78/><E70/><V20/><F131/><W6/><G69/><T30/><D128/><U125/><E33/><V39/><F123/><W114/><G114/><T63/><REACH who="0" step="1"/><D103/><REACH who="0" ten="230,170,250,340" step="2"/><U129/><E129/><V117/><F116/><W95/><G2/><T49/><D49/><U127/><E119/><V23/><F117/><W100/><G3/><T112/><D112/><U101/><E118/><V92/><F39/><W32/><G100/><T1/><D1/><U98/><E43/><V91/><F36/><W67/><G51/><T18/><D18/><U0/><E78/><V94/><F29/><AGARI ba="0,1" hai="28,29,30,40,41,42,63,65,68,82,84,90,132,133" machi="29" ten="40,1300,0" yaku="1,1,53,0" doraHai="93" doraHaiUra="72" who="0" fromWho="2" sc="230,23,170,0,250,-13,340,0" /><INIT seed="2,0,0,1,2,103" ten="253,170,237,340" oya="2" hai0="67,85,8,33,29,99,73,104,51,102,89,53,18" hai1="68,39,21,6,11,79,95,129,101,22,1,108,75" hai2="15,125,23,0,35,7,98,58,116,44,49,88,32" hai3="100,113,46,38,13,62,37,4,71,91,16,93,87"/><V86/><F116/><W41/><G113/><T57/><D73/><U17/><E68/><V27/><F125/><W127/><G127/><T3/><D67/><U52/><E108/><V122/><F0/><W20/><G4/><T83/><D29/><U10/><E129/><V97/><F122/><W123/><G123/><T82/><D33/><U48/><E39/><V90/><F58/><W61/><G38/><T56/><D3/><U81/><E11/><N who="2" m="4607" /><F32/><W130/><G71/><T64/><D8/><U19/><E21/><V118/><F35/><W9/><G130/><T40/><D18/><U78/><E78/><V128/><F118/><W69/><G69/><T131/><D131/><U110/><E110/><V106/><F106/><W36/><G36/><T121/><D40/><U84/><E22/><V80/><F90/><W59/><G100/><T47/><D64/><U112/><E112/><V26/><F128/><W134/><G134/><T43/><D121/><U5/><E5/><V114/><F114/><W96/><G59/><T135/><D135/><U94/><E101/><V60/><F60/><W45/><G62/><T63/><D56/><U92/><REACH who="1" step="1"/><E75/><REACH who="1" ten="253,160,237,340" step="2"/><V14/><F23/><W42/><G20/><T77/><D77/><U25/><E25/><V119/><F119/><W107/><G37/><T24/><D24/><U126/><E126/><V28/><F26/><W76/><G76/><T31/><D31/><U117/><E117/><V65/><F27/><W74/><G74/><T124/><D124/><U50/><E50/><V111/><F28/><W115/><G115/><T30/><D30/><RYUUKYOKU ba="0,1" sc="253,15,160,15,237,-15,340,-15" hai0="43,47,51,53,57,63,82,83,85,89,99,102,104" hai1="1,6,10,17,19,48,52,79,81,84,92,94,95" /><INIT seed="3,1,1,1,2,34" ten="268,175,222,325" oya="3" hai0="123,89,48,120,43,49,110,24,103,3,84,63,87" hai1="109,77,56,23,12,100,9,4,107,36,44,35,95" hai2="91,65,6,72,13,11,64,20,78,135,116,29,85" hai3="69,26,118,46,73,18,133,71,102,27,88,81,130"/><W32/><G118/><T94/><D24/><U15/><E35/><V66/><F116/><W106/><G130/><T10/><D103/><U54/><E107/><V19/><F135/><W75/><G133/><T111/><D63/><U119/><E109/><N who="0" m="41481" /><D84/><U121/><E121/><N who="0" m="46665" /><D43/><U126/><E126/><V125/><F125/><W37/><G71/><T101/><D101/><U17/><E119/><V74/><F29/><W47/><G69/><T51/><D10/><U57/><E77/><V124/><F78/><W55/><G75/><T38/><D38/><U83/><E83/><V39/><F39/><W68/><G68/><T22/><D22/><U42/><REACH who="1" step="1"/><E54/><REACH who="1" ten="268,165,222,325" step="2"/><V60/><F124/><W104/><G55/><T30/><D30/><U0/><E0/><AGARI ba="1,2" hai="0,3,48,49,51,87,89,94" m="46665,41481" machi="0" ten="40,5200,0" yaku="14,1,52,2" doraHai="34" who="0" fromWho="1" sc="268,75,165,-55,222,0,325,0" owari="343,44.3,110,-39.0,222,-17.8,325,12.5" /></mjloggm>