<mjloggm ver="2.3"><GO type="225" lobby="0"/><UN n0="%E6%B7%91%E5%A5%B3%E3%81%AE%E5%97%9C%E3%81%BF" n1="%E3%80%90%E3%83%88%E3%83%AA%E3%83%A5%E3%83%95%E3%80%91" n2="%E6%98%93%E5%88%A9%E8%96%A9%E4%BC%AF" n3="%6C%61%6D%62" dan="16,16,17,16" rate="2098.71,2111.06,2163.09,2225.06" sx="M,M,F,M"/><TAIKYOKU oya="0"/><INIT seed="0,0,0,1,4,131" ten="250,250,250,250" oya="0" hai0="126,120,124,14,79,45,65,103,134,96,24,73,106" hai1="119,38,87,35,88,34,83,114,123,55,129,70,121" hai2="94,12,109,108,44,0,43,54,118,39,67,46,107" hai3="11,97,16,130,111,104,5,13,58,28,18,1,9"/><T105/><D120/><U63/><E129/><V122/><F107/><W7/><G130/><T42/><D65/><U66/><E119/><V102/><F0/><W15/><G111/><N who="2" m="42569" /><F12/><N who="3" m="5183" /><G58/><T59/><D59/><U86/><E114/><V57/><F102/><W125/><G97/><T32/><D14/><N who="3" m="5129" /><G104/><T115/><D105/><U50/><E38/><V95/><F118/><W81/><G81/><N who="0" m="45295" /><D115/><U85/><E121/><V77/><F77/><W53/><G53/><T49/><D24/><U31/><E123/><V68/><F46/><W135/><G125/><N who="0" m="48235" /><D32/><U6/><E35/><V2/><F2/><W75/><G75/><T80/><D80/><U36/><E6/><V132/><F122/><W99/><G99/><T100/><D100/><U116/><E116/><V74/><F74/><W37/><G37/><T33/><D33/><U19/><E36/><V27/><F94/><W117/><G117/><T4/><D4/><U110/><E110/><V52/><F95/><W25/><G135/><AGARI ba="0,0" hai="42,45,49,96,103,106,134,135" m="48235,45295" machi="135" ten="30,5800,0" yaku="18,1,52,2" doraHai="131" who="0" fromWho="3" sc="250,58,250,0,250,0,250,-58" /><INIT seed="0,1,0,1,3,93" ten="308,250,250,192" oya="0" hai0="133,130,64,41,108,14,57,58,15,86,67,66,35" hai1="76,88,125,17,45,105,50,109,117,5,56,55,62" hai2="26,85,27,20,113,91,69,135,19,70,111,78,83" hai3="114,61,84,46,107,23,11,28,127,13,124,94,96"/><T49/><D35/><U32/><E117/><V99/><F113/><W3/><G114/><T54/><D130/><U110/><E76/><V100/><F111/><N who="1" m="42505" /><E5/><V53/><F135/><W97/><G3/><T30/><D133/><U134/><E134/><V22/><F53/><W2/><G2/><T101/><D41/><U40/><E32/><V71/><F78/><W132/><G132/><T72/><D72/><U128/><E128/><V95/><REACH who="2" step="1"/><F70/><REACH who="2" ten="308,250,240,192" step="2"/><W90/><G124/><T21/><D108/><U74/><E125/><V89/><F89/><W59/><G59/><T81/><D58/><U116/><E116/><V18/><AGARI ba="1,1" hai="18,19,20,22,26,27,69,71,83,85,91,95,99,100" machi="18" ten="20,8000,1" yaku="1,1,0,1,7,1,9,1,52,1,53,0" doraHai="93" doraHaiUra="104" who="2" fromWho="2" sc="308,-41,250,-21,240,93,192,-21" /><INIT seed="1,0,0,0,2,100" ten="267,229,333,171" oya="1" hai0="120,96,105,132,87,126,15,42,35,106,43,10,82" hai1="81,94,5,6,77,12,37,4,11,61,90,80,32" hai2="73,83,33,27,3,40,60,16,20,75,134,129,7" hai3="98,130,121,115,23,56,84,127,92,125,39,91,14"/><U88/><E37/><V1/><F129/><W49/><G39/><T55/><D35/><U104/><E32/><V26/><F134/><W48/><G115/><T65/><D132/><U64/><E104/><V122/><F122/><W119/><G121/><T78/><D120/><U29/><E29/><V50/><F60/><W54/><G130/><T13/><D126/><N who="3" m="48137" /><G119/><T108/><D108/><U36/><E36/><V9/><F3/><W114/><G114/><T111/><D111/><U113/><E113/><V117/><F117/><W99/><G49/><T97/><D55/><U52/><E64/><V112/><F83/><N who="1" m="31817" /><E77/><V107/><F107/><W25/><G14/><T31/><D31/><AGARI ba="0,0" hai="23,25,31,48,54,56,84,91,92,98,99" m="48137" machi="31" ten="30,1000,0" yaku="18,1" doraHai="100" who="3" fromWho="0" sc="267,-10,229,0,333,0,171,10" /><INIT seed="2,0,0,1,1,56" ten="257,229,333,181" oya="2" hai0="81,91,94,103,32,47,76,59,33,34,39,132,50" hai1="104,70,100,41,102,95,2,114,23,22,109,65,119" hai2="126,125,116,89,14,107,133,83,69,48,58,28,7" hai3="53,82,98,35,124,13,9,106,101,129,60,51,66"/><V8/><F69/><W21/><G35/><T52/><D132/><U15/><E2/><V24/><F107/><W108/><G108/><T18/><D103/><U134/><E109/><V87/><F116/><W44/><G124/><T12/><D39/><U79/><E134/><V37/><F37/><W63/><G129/><T75/><D47/><U1/><E1/><V45/><F58/><W135/><G135/><T127/><D127/><U3/><E3/><V68/><F68/><W4/><G66/><T46/><D46/><U122/><E114/><V80/><F80/><W43/><G82/><T5/><D5/><U40/><E104/><V29/><F29/><W54/><REACH who="3" step="1"/><G21/><REACH who="3" ten="257,229,333,171" step="2"/><N who="0" m="11463" /><D34/><U74/><E65/><V11/><F133/><W36/><G36/><T19/><D33/><U85/><E23/><V17/><F83/><W62/><AGARI ba="0,1" hai="4,9,13,43,44,51,53,54,60,62,63,98,101,106" machi="62" ten="30,8000,1" yaku="1,1,0,1,52,3,53,0" doraHai="56" doraHaiUra="86" who="3" fromWho="3" sc="257,-20,229,-20,333,-40,171,90" /><INIT seed="3,0,0,2,0,9" ten="237,209,293,261" oya="3" hai0="116,7,38,97,25,107,44,125,32,73,57,78,131" hai1="18,30,1,123,40,46,87,117,129,23,63,126,83" hai2="104,92,134,99,43,124,50,112,58,111,16,122,108" hai3="105,49,47,51,15,121,29,85,56,67,68,90,76"/><W74/><G121/><T54/><D116/><U33/><E123/><V98/><F112/><W11/><G105/><T118/><D118/><U35/><E117/><V2/><F2/><W109/><G68/><T115/><D115/><U103/><E129/><V21/><F134/><W86/><G109/><N who="2" m="42057" /><F124/><W64/><G29/><T119/><D119/><U10/><E126/><V24/><F104/><W120/><G74/><T95/><D107/><U59/><E103/><V5/><F5/><W70/><G70/><T127/><D7/><U128/><E30/><V13/><F92/><N who="3" m="54351" /><G120/><T102/><D131/><U3/><E128/><V22/><F122/><W36/><G36/><T130/><D38/><U79/><E1/><V27/><F58/><W65/><G56/><T80/><D130/><U69/><E69/><V55/><F55/><N who="3" m="30143" /><G51/><T14/><D125/><U8/><E33/><V53/><F53/><W37/><G37/><T113/><D113/><U77/><E35/><V31/><F27/><W81/><G67/><T84/><D57/><U114/><E3/><V110/><F110/><W106/><G106/><T17/><D127/><U94/><E94/><V96/><F99/><W39/><G39/><T88/><D25/><N who="1" m="14583" /><E114/><V72/><F72/><W0/><G0/><T62/><D73/><U61/><E77/><V91/><F91/><W71/><G71/><T45/><D78/><U93/><E93/><V20/><F20/><W60/><G60/><N who="1" m="23114" /><E59/><V19/><F31/><W89/><G76/><T12/><D32/><U101/><E101/><V26/><F26/><W4/><AGARI ba="0,0" hai="4,11,15,64,65,81,86,89" m="30143,54351" machi="4" ten="30,3000,0" yaku="8,1,52,1" doraHai="9" who="3" fromWho="3" sc="237,-10,209,-10,293,-10,261,30" /><INIT seed="3,1,0,5,2,81" ten="227,199,283,291" oya="3" hai0="22,120,61,67,0,105,80,68,100,121,53,103,64" hai1="98,92,29,87,84,82,108,18,4,40,93,56,24" hai2="10,57,130,116,75,51,113,13,88,5,58,114,54" hai3="7,37,122,77,127,26,110,111,46,39,83,135,42"/><W76/><G122/><T96/><D0/><U133/><E108/><N who="3" m="41514" /><G127/><T9/><D9/><U63/><E4/><V69/><F75/><N who="3" m="43423" /><G135/><T28/><D100/><U66/><E133/><V65/><F69/><W2/><G77/><T55/><D67/><U34/><E82/><V59/><F130/><W91/><G91/><T89/><D55/><U15/><E40/><V128/><F116/><W3/><G7/><T25/><D53/><U115/><E115/><V20/><F128/><W8/><G8/><T49/><REACH who="0" step="1"/><D49/><REACH who="0" ten="217,199,283,291" step="2"/><U109/><E109/><V27/><F51/><N who="3" m="27095" /><G26/><T74/><D74/><U78/><E78/><V16/><F27/><W126/><G126/><T38/><D38/><AGARI ba="1,1" hai="2,3,37,38,39" m="27095,43423,41514" machi="38" ten="30,2900,0" yaku="14,1,10,1" doraHai="81" who="3" fromWho="0" sc="217,-32,199,0,283,0,291,42" owari="185,-31.5,199,-20.1,283,8.3,333,43.3" /></mjloggm>