<mjloggm ver="2.3"><GO type="225" lobby="0"/><UN n0="%E3%82%8C%E3%81%99%E3%81%93" n1="%EF%BC%AE%EF%BC%A1%EF%BC%AF%33%33%39" n2="%E3%81%BF%E3%81%BF%E3%81%9A" n3="%E3%81%8B%E3%82%8F%E3%81%A1%E3%82%83%E3%82%93%35%38" dan="17,16,17,16" rate="2158.13,2174.91,2173.83,2162.73" sx="F,M,M,M"/><TAIKYOKU oya="0"/><INIT seed="0,0,0,1,1,96" ten="250,250,250,250" oya="0" hai0="118,94,2,51,64,107,73,15,36,121,74,108,42" hai1="86,105,28,104,9,80,90,31,20,21,126,62,39" hai2="66,123,82,26,16,54,27,115,41,84,130,53,7" hai3="78,59,25,0,24,83,120,100,3,109,35,17,23"/><T87/><D118/><U106/><E39/><V70/><F123/><W40/><G109/><T10/><D121/><U12/><E126/><V52/><F115/><W11/><G120/><T85/><D107/><U122/><E122/><V6/><F130/><W101/><G40/><T119/><D119/><U61/><E21/><N who="2" m="13607" /><F70/><W117/><G117/><T1/><D36/><U99/><E99/><V110/><F110/><W91/><G91/><T67/><D108/><U95/><E80/><V76/><F66/><W48/><G48/><T46/><D2/><U63/><REACH who="1" step="1"/><E20/><REACH who="1" ten="250,240,250,250" step="2"/><V88/><F41/><W133/><G83/><T57/><D42/><U29/><E29/><V49/><F27/><W13/><G25/><T45/><D73/><U135/><E135/><V97/><F49/><W69/><G133/><T18/><D74/><U114/><E114/><V102/><F76/><W34/><G78/><T58/><D51/><U89/><E89/><V5/><F97/><W68/><G23/><T98/><D87/><U132/><E132/><V50/><F50/><W37/><G37/><T19/><D85/><U55/><E55/><V81/><F82/><W111/><G111/><T43/><D43/><U32/><E32/><V4/><N who="2" m="1024" /><DORA hai="77" /><V103/><AGARI ba="0,1" hai="52,53,54,81,84,88,102,103" m="1024,13607" machi="103" ten="50,16000,3" yaku="4,1,8,1,52,3,54,3" doraHai="96,77" who="2" fromWho="2" sc="250,-80,240,-40,250,170,250,-40" /><INIT seed="1,0,0,0,1,33" ten="170,200,420,210" oya="1" hai0="116,6,88,65,105,107,31,54,59,76,73,119,80" hai1="61,0,23,16,52,26,114,48,122,13,118,56,20" hai2="109,82,120,29,94,28,125,92,21,44,112,69,89" hai3="19,68,131,75,117,4,66,3,17,62,14,24,47"/><U111/><E114/><V96/><F120/><W110/><G75/><T95/><D65/><U84/><E122/><V34/><F69/><W1/><G110/><T81/><D81/><U90/><E118/><V35/><F112/><W30/><G131/><T45/><D45/><U87/><E111/><V42/><F109/><W7/><G117/><T5/><D31/><U53/><E0/><V100/><F125/><W133/><G133/><T121/><D121/><U85/><E53/><V64/><F64/><W134/><G134/><T51/><D116/><U129/><E129/><V27/><F82/><W63/><G63/><T22/><D119/><U58/><E58/><V12/><F12/><W55/><G55/><T79/><D79/><U36/><E36/><V135/><F135/><W11/><G47/><T104/><REACH who="0" step="1"/><D22/><REACH who="0" ten="160,200,420,210" step="2"/><U10/><E23/><V67/><F67/><W70/><G70/><T77/><D77/><U38/><E38/><V83/><F83/><W97/><G68/><T93/><D93/><N who="1" m="54471" /><E61/><V102/><F28/><AGARI ba="0,1" hai="10,13,16,20,26,28,48,52,56,85,87" m="54471" machi="28" ten="30,5800,0" yaku="8,1,54,2" doraHai="33" who="1" fromWho="2" sc="160,0,200,68,420,-58,210,0" /><INIT seed="1,1,0,4,0,0" ten="160,268,362,210" oya="1" hai0="21,67,23,46,16,87,59,2,118,34,30,120,41" hai1="51,84,105,17,83,79,90,97,69,109,110,71,1" hai2="114,40,68,32,82,104,28,49,37,134,20,75,27" hai3="57,127,10,36,99,133,60,11,86,47,93,63,117"/><U76/><E1/><V81/><F104/><W107/><G127/><T103/><D118/><U8/><E51/><V4/><F68/><W130/><G130/><T111/><D111/><N who="1" m="42507" /><E17/><V85/><F134/><W6/><G133/><T7/><D120/><U38/><E38/><V135/><F135/><W25/><G117/><T31/><D103/><N who="1" m="62703" /><E8/><V61/><F114/><W113/><G10/><T44/><D87/><U121/><E121/><V74/><F37/><W56/><G86/><T108/><D108/><U39/><E39/><V70/><F75/><W65/><G107/><T115/><D115/><U48/><E48/><V52/><F74/><W112/><G25/><T35/><D2/><U100/><E100/><V54/><F32/><W92/><G47/><T123/><D123/><U122/><E122/><V119/><F119/><W94/><G36/><T88/><D44/><U55/><E55/><V22/><F40/><W14/><REACH who="3" step="1"/><G99/><REACH who="3" ten="160,268,362,200" step="2"/><T101/><D46/><U102/><E79/><V95/><F27/><W128/><G128/><T66/><D41/><U131/><E131/><V42/><F42/><W64/><AGARI ba="1,1" hai="6,11,14,56,57,60,63,64,65,92,93,94,112,113" machi="64" ten="30,12000,2" yaku="1,1,0,1,9,1,52,1,53,3" doraHai="0" doraHaiUra="91" who="3" fromWho="3" sc="160,-31,268,-61,362,-31,200,133" /><INIT seed="2,0,0,4,1,73" ten="129,207,331,333" oya="2" hai0="38,9,106,105,97,63,18,40,77,127,98,14,35" hai1="114,99,51,27,116,83,92,68,12,31,86,131,113" hai2="11,87,71,95,19,26,36,3,108,6,10,0,57" hai3="78,72,89,102,135,121,128,109,28,84,30,103,47"/><V123/><F123/><W45/><G121/><T2/><D35/><U53/><E68/><V90/><F71/><W85/><G72/><T4/><D127/><U132/><E116/><V96/><F36/><W55/><G109/><T23/><D63/><U17/><E131/><V74/><F74/><W15/><G135/><T43/><D106/><U120/><E120/><V130/><F130/><W20/><G128/><T33/><D105/><U126/><E126/><V8/><F108/><W88/><G78/><T122/><D122/><U41/><E41/><V58/><F0/><W29/><G15/><T70/><D70/><U52/><E53/><V81/><F3/><W32/><G20/><T124/><D124/><U37/><E37/><V48/><F6/><W42/><G55/><T110/><D110/><U134/><E31/><V60/><F48/><W93/><G32/><T39/><D39/><U13/><E27/><V61/><F19/><W24/><G24/><T66/><D66/><U59/><E13/><V112/><F26/><W111/><G111/><T80/><D33/><U101/><E132/><V82/><F112/><W44/><G42/><T50/><D50/><U100/><E100/><V94/><F60/><W49/><G49/><T54/><D54/><U1/><E1/><V65/><REACH who="2" step="1"/><F57/><REACH who="2" ten="129,207,321,333" step="2"/><W16/><REACH who="3" step="1"/><G16/><REACH who="3" ten="129,207,321,323" step="2"/><T119/><D119/><U107/><E134/><V118/><F118/><W125/><G125/><T133/><D133/><U115/><E115/><V34/><F34/><W64/><G64/><T117/><D117/><U25/><E25/><V79/><F79/><W75/><G75/><RYUUKYOKU ba="0,2" sc="129,-15,207,-15,321,15,323,15" hai2="8,10,11,58,61,65,81,82,87,90,94,95,96" hai3="28,29,30,44,45,47,84,85,88,89,93,102,103" /><INIT seed="2,1,2,3,3,116" ten="114,192,336,338" oya="2" hai0="67,37,68,131,45,36,47,71,11,65,72,51,88" hai1="30,97,63,33,105,27,103,44,5,31,99,75,54" hai2="92,119,112,133,10,76,100,16,85,48,21,34,89" hai3="13,74,69,7,77,39,87,130,6,57,38,14,98"/><V80/><F112/><W3/><G3/><T123/><D72/><U135/><E75/><V95/><F34/><W70/><G74/><T124/><D11/><U121/><E31/><V20/><F119/><W84/><G57/><T49/><D88/><U9/><E99/><N who="2" m="59495" /><F133/><W58/><G58/><T82/><D82/><U126/><E135/><V117/><F117/><W114/><G98/><T35/><D35/><U24/><E24/><V107/><F107/><W113/><G77/><T0/><D0/><U64/><E126/><V32/><F32/><W134/><G134/><T129/><D124/><U118/><E118/><V42/><F42/><W128/><AGARI ba="1,2" hai="6,7,13,14,38,39,69,70,84,87,113,114,128,130" machi="128" ten="25,3200,0" yaku="0,1,22,2" doraHai="116" who="3" fromWho="3" sc="114,-9,192,-9,336,-17,338,55" /><INIT seed="3,0,0,2,4,87" ten="105,183,319,393" oya="3" hai0="42,110,55,123,30,70,111,114,120,105,9,129,51" hai1="117,16,89,66,69,34,132,102,6,134,40,12,91" hai2="99,25,35,78,43,7,135,23,79,72,32,59,76" hai3="106,68,46,13,109,84,119,81,41,39,36,33,90"/><W5/><G68/><T52/><D105/><U50/><E34/><V27/><F72/><W21/><G33/><T0/><D30/><U14/><E102/><V4/><F43/><W130/><G106/><T31/><D31/><U8/><E117/><V118/><F118/><W133/><G119/><T65/><D9/><N who="1" m="6159" /><E66/><V121/><F135/><N who="1" m="51753" /><E69/><V63/><F121/><N who="0" m="46666" /><D0/><U44/><AGARI ba="0,0" hai="6,8,14,40,44,50,89,91" m="51753,6159" machi="44" ten="30,7900,0" yaku="20,1,52,2,54,1" doraHai="87" who="1" fromWho="1" sc="105,-20,183,79,319,-20,393,-39" owari="85,-41.5,262,-13.8,299,9.9,354,45.4" /></mjloggm>