<mjloggm ver="2.3"><GO type="225" lobby="0"/><UN n0="%E9%A6%AC%E5%BC%95%E7%81%AB%33" n1="%E3%83%96%E3%83%83%E3%83%91%E3%82%AA%E3%83%96%E3%83%81%E3%82%AD%E3%83%B3" n2="%E7%99%BD%E9%9B%AA%E4%B9%83%E6%84%9B" n3="%E6%A5%93%E4%BB%8B" dan="16,16,16,16" rate="2138.65,2191.54,2065.54,2121.09" sx="M,M,F,M"/><TAIKYOKU oya="0"/><INIT seed="0,0,0,0,4,25" ten="250,250,250,250" oya="0" hai0="88,117,97,4,75,54,127,94,112,40,108,41,101" hai1="18,29,131,32,19,20,71,95,128,68,110,74,104" hai2="31,106,36,2,73,125,26,85,15,5,56,58,47" hai3="87,61,119,81,135,132,27,11,72,3,33,98,67"/><T80/><D112/><U115/><E104/><V83/><F106/><W123/><G119/><T0/><D117/><U76/><E115/><V70/><F70/><N who="3" m="42351" /><G87/><N who="0" m="50279" /><D0/><U103/><E110/><V42/><F125/><W134/><G98/><T60/><D75/><U50/><E74/><V64/><F64/><W92/><G92/><N who="0" m="58535" /><D127/><U121/><E76/><N who="2" m="44431" /><F15/><W10/><G123/><T57/><D108/><U130/><E121/><V38/><F38/><W126/><G126/><T100/><D4/><U63/><E103/><V12/><F12/><W107/><G107/><T45/><D45/><U91/><E32/><N who="2" m="20599" /><F85/><W102/><G102/><T16/><D16/><N who="1" m="6187" /><E50/><V34/><F34/><W39/><G39/><T120/><D120/><U93/><E63/><V113/><F113/><W30/><G3/><T65/><D65/><U79/><E79/><AGARI ba="0,0" hai="10,11,27,30,33,72,79,81,132,134,135" m="42351" machi="79" ten="30,2000,0" yaku="20,1,52,1" doraHai="25" who="3" fromWho="1" sc="250,0,250,-20,250,0,250,20" /><INIT seed="1,0,0,0,3,61" ten="250,230,250,270" oya="1" hai0="127,97,27,100,134,2,44,95,43,115,79,56,132" hai1="22,18,90,14,0,15,69,80,59,51,78,116,111" hai2="101,23,125,48,120,103,106,73,49,32,112,52,114" hai3="83,135,13,96,107,25,6,108,87,92,99,54,86"/><U85/><E116/><V70/><F48/><W74/><G25/><T20/><D115/><N who="2" m="44074" /><F32/><W66/><G54/><T46/><D127/><U77/><E0/><V122/><F73/><W26/><G26/><T88/><D2/><U19/><E69/><V8/><F125/><W17/><G6/><T71/><D71/><U5/><E5/><V84/><F70/><W94/><G107/><T47/><D79/><U37/><E37/><V109/><F109/><W124/><G108/><T4/><D4/><U9/><REACH who="1" step="1"/><E111/><REACH who="1" ten="250,220,250,270" step="2"/><V50/><F120/><W102/><G124/><T63/><D43/><U16/><E16/><V113/><F122/><W31/><G31/><T64/><REACH who="0" step="1"/><D88/><REACH who="0" ten="240,220,250,270" step="2"/><U81/><E81/><V35/><F113/><W128/><G83/><T123/><D123/><U93/><E93/><V104/><F104/><W65/><G94/><T119/><D119/><U42/><E42/><V7/><F106/><W41/><G41/><T67/><D67/><U89/><E89/><V75/><F7/><W30/><G92/><T82/><D82/><U29/><E29/><AGARI ba="0,2" hai="20,27,29,44,46,47,56,63,64,95,97,100,132,134" machi="29" ten="40,8000,1" yaku="1,1,25,2,52,1,53,0" doraHai="61" doraHaiUra="121" who="0" fromWho="1" sc="240,100,220,-80,250,0,270,0" /><INIT seed="2,0,0,5,4,53" ten="340,140,250,270" oya="2" hai0="100,110,43,6,92,32,125,95,18,59,106,16,121" hai1="8,105,96,126,55,52,39,133,104,108,113,48,2" hai2="14,4,24,15,116,117,101,31,44,20,27,12,10" hai3="75,63,72,68,37,41,54,73,40,112,46,70,129"/><V13/><F101/><W60/><G129/><T118/><D32/><U1/><E113/><V66/><F66/><W3/><G3/><T111/><D121/><U57/><E126/><V82/><F82/><W7/><G7/><T22/><D125/><U98/><E108/><N who="0" m="41513" /><D118/><U49/><E39/><V79/><F44/><W0/><G0/><T128/><D128/><U120/><E120/><V28/><REACH who="2" step="1"/><F79/><REACH who="2" ten="340,140,240,270" step="2"/><W47/><G112/><T84/><D100/><U88/><E88/><V25/><F25/><W114/><G114/><T83/><D83/><U91/><E91/><V61/><F61/><W130/><G130/><T9/><D95/><U99/><E99/><V77/><F77/><W69/><G75/><T102/><D92/><U93/><E93/><V33/><AGARI ba="0,1" hai="4,10,12,13,14,15,20,24,27,28,31,33,116,117" machi="33" ten="30,12000,1" yaku="1,1,0,1,34,3,53,0" doraHai="53" doraHaiUra="107" who="2" fromWho="2" sc="340,-40,140,-40,240,130,270,-40" /><INIT seed="2,1,0,5,0,101" ten="300,100,370,230" oya="2" hai0="15,30,130,117,63,0,134,95,135,74,99,37,23" hai1="104,54,128,11,88,110,57,121,78,2,67,21,22" hai2="118,29,103,111,4,89,18,112,122,66,114,49,6" hai3="58,127,85,106,115,17,12,55,24,109,48,96,70"/><V32/><F118/><W69/><G109/><T92/><D0/><U33/><E33/><V46/><F122/><W97/><G127/><T64/><D37/><U77/><E110/><V131/><F111/><W108/><G115/><T83/><D130/><U25/><E128/><V98/><F131/><W26/><G108/><T5/><D117/><U119/><E119/><V36/><F36/><W73/><G73/><T42/><D42/><U107/><E2/><V86/><F6/><W56/><G85/><T59/><D5/><U100/><E11/><V94/><F4/><W72/><G72/><T75/><D95/><U27/><E67/><V132/><F132/><N who="0" m="50730" /><D83/><U71/><E71/><V65/><F18/><W39/><G39/><T125/><D125/><U126/><E126/><V51/><F51/><W61/><G70/><T124/><D124/><U81/><E121/><V31/><F66/><W38/><G69/><T62/><D62/><U113/><E113/><V9/><F65/><N who="3" m="39079" /><G106/><T3/><D3/><U68/><E68/><V50/><F50/><W41/><G41/><T14/><D75/><U35/><E35/><V40/><F32/><W13/><G38/><T28/><D74/><N who="1" m="43191" /><E78/><V80/><F114/><W79/><G79/><T10/><D10/><U34/><E34/><V105/><F9/><N who="3" m="6287" /><G13/><N who="0" m="4619" /><D23/><U90/><E21/><V47/><F112/><W7/><G7/><T8/><D8/><U87/><E107/><V19/><F105/><W44/><G44/><T129/><D129/><U93/><E22/><V123/><F123/><W116/><G116/><T1/><D1/><U82/><E104/><RYUUKYOKU ba="1,0" sc="300,15,100,-15,370,-15,230,15" hai0="28,30,59,63,64,92,99" hai3="24,26,48,55,58,96,97" /><INIT seed="3,2,0,3,1,21" ten="315,85,355,245" oya="3" hai0="20,86,116,24,119,50,78,98,14,37,121,81,114" hai1="99,1,51,97,71,18,133,108,124,60,7,96,101" hai2="54,113,34,17,57,83,127,4,30,65,12,103,122" hai3="131,52,59,100,15,126,118,23,125,84,0,111,72"/><W62/><G72/><T106/><D121/><U76/><E108/><V5/><F113/><W35/><G118/><T70/><D37/><U26/><E124/><N who="3" m="47722" /><G0/><T9/><D70/><U2/><E133/><V109/><F127/><W89/><G35/><T42/><D114/><U53/><E76/><V104/><F65/><W64/><G131/><T61/><D61/><U32/><E101/><V44/><F44/><W38/><G38/><T49/><D106/><U92/><E92/><V93/><F104/><W22/><G100/><T79/><D98/><U77/><E77/><V28/><F109/><W6/><G111/><T41/><D79/><U25/><E32/><V48/><F122/><W68/><G6/><N who="2" m="2665" /><F83/><N who="3" m="49311" /><G15/><T87/><D87/><U129/><E129/><V33/><F33/><W94/><G94/><T40/><D116/><U63/><E18/><V3/><F3/><W10/><G10/><T134/><D134/><U90/><E90/><V95/><F34/><W112/><G112/><T19/><REACH who="0" step="1"/><D119/><REACH who="0" ten="305,85,355,245" step="2"/><U56/><E2/><V132/><F132/><W110/><G110/><T69/><D69/><U130/><E130/><V29/><F103/><W58/><G68/><T117/><D117/><U120/><E120/><V39/><F39/><W128/><G128/><T66/><D66/><U16/><E71/><V47/><F57/><W123/><G123/><T11/><D11/><AGARI ba="2,1" hai="11,12,17,28,29,30,47,48,54,93,95" m="2665" machi="11" ten="30,1000,0" yaku="8,1" doraHai="21" who="2" fromWho="0" sc="305,-16,85,0,355,26,245,0" owari="289,8.9,85,-41.5,381,48.1,245,-15.5" /></mjloggm>