<mjloggm ver="2.3"><GO type="225" lobby="0"/><UN n0="%E3%81%A0%E3%81%8A" n1="%E5%91%A8%E6%9D%B1" n2="%E3%83%96%E3%83%83%E3%83%91%E3%82%AA%E3%83%96%E3%83%81%E3%82%AD%E3%83%B3" n3="%E5%8C%97%E6%AC%A7%E3%81%AE%E3%82%82%E3%81%93%E3%81%86" dan="17,17,16,16" rate="2072.46,2136.97,2153.10,2097.89" sx="M,M,M,M"/><TAIKYOKU oya="0"/><INIT seed="0,0,0,5,2,89" ten="250,250,250,250" oya="0" hai0="127,26,83,20,28,128,124,29,59,91,53,102,50" hai1="134,52,69,23,103,63,24,75,58,48,6,119,108" hai2="117,7,105,106,109,32,19,57,15,44,71,39,84" hai3="92,76,70,56,101,54,30,66,74,9,121,46,22"/><T132/><D128/><U61/><E119/><V45/><F71/><W49/><G121/><T129/><D129/><U16/><E75/><V73/><F73/><W2/><G70/><T99/><D132/><U77/><E134/><V112/><F112/><W51/><G2/><T64/><D64/><U0/><E108/><V11/><F32/><W21/><G76/><T14/><D14/><U36/><E36/><V4/><F109/><W94/><G9/><T47/><D47/><U31/><E77/><V34/><F34/><W100/><G74/><T78/><D91/><U3/><E103/><N who="3" m="39498" /><G66/><T111/><D111/><U43/><E6/><V82/><F39/><W118/><G118/><T86/><REACH who="0" step="1"/><D29/><REACH who="0" ten="240,250,250,250" step="2"/><U41/><E31/><V25/><F117/><W72/><G30/><T79/><D79/><U85/><E0/><V98/><F45/><W33/><G72/><T114/><D114/><U35/><E3/><V10/><F44/><W38/><G38/><T133/><D133/><U107/><E69/><V62/><F57/><W87/><G33/><T5/><D5/><U135/><E35/><V130/><F4/><W13/><G13/><T113/><D113/><U115/><E135/><V17/><F15/><W12/><G12/><T131/><D131/><U55/><E115/><V1/><F7/><W27/><G46/><T122/><D122/><U81/><E58/><V126/><F1/><W125/><G56/><T104/><AGARI ba="0,1" hai="20,26,28,50,53,59,78,83,86,99,102,104,124,127" machi="104" ten="30,3000,0" yaku="1,1,0,1,53,0" doraHai="89" doraHaiUra="37" who="0" fromWho="0" sc="240,40,250,-10,250,-10,250,-10" /><INIT seed="0,1,0,3,1,122" ten="280,240,240,240" oya="0" hai0="73,121,32,28,125,129,132,79,0,59,96,102,7" hai1="65,19,55,15,87,61,70,18,58,92,39,5,26" hai2="9,51,67,112,4,95,42,63,86,10,78,118,74" hai3="101,41,66,33,2,100,60,126,27,13,12,17,111"/><T37/><D37/><U103/><E39/><V106/><F112/><W119/><G2/><T80/><D59/><U45/><E45/><V82/><F106/><W88/><G119/><T11/><D121/><U76/><E26/><V46/><F118/><W16/><G126/><T84/><D125/><U131/><E131/><V68/><REACH who="2" step="1"/><F4/><REACH who="2" ten="280,240,230,240" step="2"/><W71/><G111/><T115/><D7/><U99/><E5/><V34/><F34/><W14/><G41/><T44/><D32/><U90/><E76/><V8/><F8/><W120/><G120/><T1/><D11/><U3/><E3/><V128/><F128/><W123/><G123/><T114/><D79/><U48/><REACH who="1" step="1"/><E15/><REACH who="1" ten="280,230,230,240" step="2"/><V135/><F135/><W31/><G13/><T25/><D132/><U89/><E89/><AGARI ba="1,2" hai="9,10,42,46,51,63,67,68,74,78,82,86,89,95" machi="89" ten="40,1300,0" yaku="1,1,53,0" doraHai="122" doraHaiUra="29" who="2" fromWho="1" sc="280,0,230,-16,230,36,240,0" /><INIT seed="1,0,0,4,5,88" ten="280,214,266,240" oya="1" hai0="105,64,123,37,49,85,84,70,1,82,50,101,71" hai1="30,17,69,41,19,118,130,126,7,79,113,106,119" hai2="22,80,127,53,40,90,78,38,124,11,102,108,74" hai3="68,95,112,132,10,60,6,100,48,39,57,29,75"/><U77/><E113/><V59/><F102/><W114/><G39/><T65/><D37/><U72/><E106/><V46/><F108/><W104/><G104/><T107/><D1/><U33/><E69/><V2/><F22/><W15/><G75/><T91/><D91/><U94/><E72/><V125/><F90/><W111/><G111/><T12/><D82/><U13/><E126/><V89/><F89/><W73/><G73/><T44/><D12/><U18/><E130/><V51/><REACH who="2" step="1"/><F125/><REACH who="2" ten="280,214,256,240" step="2"/><W26/><G100/><T5/><D101/><U120/><E120/><V87/><F87/><W121/><G121/><T128/><D123/><U3/><E119/><V23/><F23/><W134/><G112/><T66/><D85/><U109/><E118/><V36/><F36/><W16/><G114/><T56/><D84/><U34/><E109/><V43/><F43/><W81/><G132/><T28/><D107/><U135/><E135/><V98/><F98/><W32/><G134/><T61/><D105/><U42/><E41/><V24/><F24/><W0/><G26/><T133/><D133/><U8/><E42/><V62/><F62/><W103/><G60/><T83/><D61/><U58/><E34/><V25/><F25/><W86/><G103/><T122/><D122/><U129/><E33/><V76/><F76/><W21/><G32/><T4/><D28/><U54/><E30/><V96/><F96/><W117/><G29/><T97/><D97/><U67/><E79/><V110/><F110/><W31/><G117/><T116/><D116/><U52/><E77/><V131/><F131/><RYUUKYOKU ba="0,1" sc="280,-10,214,-10,256,30,240,-10" hai2="2,11,38,40,46,51,53,59,74,78,80,124,127" /><INIT seed="2,1,1,5,3,17" ten="270,204,286,230" oya="2" hai0="4,28,56,29,1,120,72,68,112,105,133,9,39" hai1="91,95,104,52,116,77,96,125,3,21,33,42,30" hai2="5,93,44,40,25,12,50,80,47,128,62,113,89" hai3="43,55,19,20,60,61,57,70,66,87,49,8,114"/><V101/><F113/><W58/><G114/><T122/><D68/><U53/><E116/><V36/><F128/><W81/><G8/><T31/><D72/><U45/><E3/><V51/><F62/><W92/><G92/><T73/><D73/><U94/><E104/><V86/><F36/><W65/><G43/><T26/><D39/><U23/><E77/><V13/><F5/><W100/><G100/><T38/><D38/><U119/><E119/><V126/><F126/><W82/><REACH who="3" step="1"/><G87/><REACH who="3" ten="270,204,286,220" step="2"/><T117/><D112/><U7/><E125/><V48/><F40/><W109/><G109/><T90/><D9/><U103/><E7/><V118/><F118/><W85/><G85/><T75/><D4/><U11/><E11/><V124/><F124/><W132/><G132/><T98/><D133/><U22/><E42/><V64/><F101/><W76/><G76/><T84/><D84/><N who="1" m="52583" /><E33/><V134/><F93/><W83/><G83/><T102/><D117/><U24/><E53/><V34/><F134/><W129/><G129/><T127/><D127/><U135/><E135/><V107/><F107/><W54/><G54/><T46/><D105/><U32/><E32/><V16/><F64/><W69/><G69/><T6/><D6/><U108/><E108/><V79/><F79/><W121/><G121/><T2/><D122/><U0/><E0/><V88/><F89/><W41/><G41/><T15/><D120/><U67/><E67/><V106/><F106/><W131/><G131/><T111/><D111/><U59/><E45/><N who="2" m="17483" /><F34/><W110/><G110/><T18/><D1/><U71/><E71/><RYUUKYOKU ba="1,2" sc="270,-30,204,10,286,10,220,10" hai1="21,22,23,24,30,52,59,95,96,103" hai2="12,13,16,25,48,50,51,80,86,88" hai3="19,20,49,55,57,58,60,61,65,66,70,81,82" /><INIT seed="2,2,2,1,5,108" ten="240,214,296,230" oya="2" hai0="71,98,123,92,73,116,109,128,40,132,50,131,82" hai1="41,44,107,84,106,21,129,12,118,29,88,85,65" hai2="86,22,39,89,58,83,61,25,130,110,101,70,74" hai3="87,53,97,32,45,111,35,67,48,6,9,51,112"/><V135/><F130/><N who="0" m="49706" /><D123/><U75/><E75/><V62/><F135/><W134/><G111/><T57/><D71/><U120/><E129/><V80/><F110/><W79/><G134/><T77/><D109/><U115/><E118/><V5/><F39/><W43/><G67/><T15/><D132/><U81/><E115/><V122/><F122/><W68/><G68/><T66/><D116/><U0/><E0/><V60/><F70/><W28/><G97/><T7/><D40/><U19/><E120/><V46/><F46/><W105/><G105/><T133/><D133/><U23/><E65/><V11/><F101/><W10/><G10/><N who="0" m="4575" /><D66/><U38/><REACH who="1" step="1"/><E85/><REACH who="1" ten="240,204,296,230" step="2"/><V76/><F74/><W55/><G87/><T16/><D73/><U95/><E95/><V47/><F86/><W102/><G112/><T24/><D92/><U20/><E20/><V78/><F22/><W119/><G119/><T26/><D82/><U34/><E34/><V121/><F83/><W3/><G32/><T2/><D2/><U30/><E30/><V117/><F80/><W94/><G28/><T42/><D77/><U64/><E64/><V90/><F117/><W63/><G35/><T127/><D127/><U49/><E49/><V4/><F121/><W99/><G48/><T54/><D50/><U59/><E59/><V126/><F126/><W104/><G94/><T103/><D57/><U56/><E56/><V113/><F58/><N who="3" m="35279" /><G43/><T13/><D42/><U114/><E114/><V8/><F113/><W17/><G79/><T31/><D54/><U69/><E69/><V14/><F78/><W93/><G93/><RYUUKYOKU ba="2,3" sc="240,-15,204,15,296,-15,230,15" hai1="12,19,21,23,29,38,41,44,81,84,88,106,107" hai3="3,6,9,17,45,51,55,99,102,104" /><INIT seed="3,3,3,5,1,135" ten="225,219,281,245" oya="3" hai0="30,60,132,131,5,102,55,15,120,77,90,56,29" hai1="98,36,45,79,39,119,1,74,111,3,47,112,128" hai2="70,117,124,88,69,107,68,127,48,18,65,96,78" hai3="115,14,54,133,66,16,129,19,91,41,64,110,49"/><W10/><G129/><T37/><D132/><U2/><E112/><V99/><F117/><W43/><G133/><T73/><D37/><U34/><E34/><V67/><F78/><W52/><G115/><T7/><D120/><U17/><E128/><V50/><F18/><W46/><G110/><T123/><D123/><U104/><E17/><V28/><F28/><W31/><G31/><T38/><D38/><N who="1" m="14379" /><E47/><V22/><F22/><W21/><G91/><T81/><D131/><U72/><E45/><V12/><F12/><N who="3" m="7191" /><G54/><T8/><D102/><N who="1" m="62551" /><E111/><V93/><F99/><W75/><G75/><N who="1" m="28714" /><E79/><V59/><F107/><W35/><G35/><T94/><REACH who="0" step="1"/><D5/><REACH who="0" ten="215,219,281,245" step="2"/><U106/><E106/><V80/><F127/><W100/><G100/><T114/><D114/><U82/><E82/><V33/><F124/><W105/><G105/><T23/><D23/><U13/><E13/><V109/><F33/><W89/><G21/><T95/><D95/><U58/><E119/><V57/><F109/><W71/><G14/><T44/><D44/><U103/><E103/><V25/><F80/><W97/><G41/><T84/><AGARI ba="3,4" hai="7,8,15,29,30,55,56,60,73,77,81,84,90,94" machi="84" ten="20,2700,0" yaku="1,1,0,1,7,1,53,0" doraHai="135" doraHaiUra="125" who="0" fromWho="0" sc="215,76,219,-10,281,-10,245,-16" /><INIT seed="4,0,0,1,1,35" ten="291,209,271,229" oya="0" hai0="103,53,105,74,43,75,73,60,50,128,9,97,109" hai1="69,110,133,123,2,101,0,1,11,37,19,15,121" hai2="78,41,118,31,24,98,120,131,36,17,33,27,29" hai3="99,67,83,127,26,76,20,89,135,48,113,94,65"/><T55/><D128/><U84/><E110/><V4/><F120/><W102/><G135/><T117/><D117/><U92/><E69/><V66/><F66/><W81/><G127/><T132/><D132/><U18/><E133/><V5/><F78/><W44/><G113/><T72/><D72/><U58/><E37/><V47/><F131/><W59/><G102/><T3/><D109/><U54/><E19/><V129/><F17/><W12/><G12/><T88/><D60/><U85/><E84/><V122/><F122/><W93/><G93/><T77/><D77/><U46/><E46/><V52/><F129/><W39/><G39/><T30/><D30/><U134/><E134/><V13/><F13/><W56/><G65/><T42/><D73/><U62/><REACH who="1" step="1"/><E85/><REACH who="1" ten="291,199,271,229" step="2"/><V71/><F71/><W86/><G83/><T91/><D75/><U130/><E130/><V87/><F87/><W40/><G67/><T125/><D74/><U79/><E79/><V51/><F118/><W115/><G115/><T63/><D125/><U100/><E100/><V22/><F98/><AGARI ba="0,1" hai="0,1,2,11,15,18,54,58,62,92,98,101,121,123" machi="98" ten="40,12000,2" yaku="1,1,52,3,53,2" doraHai="35" doraHaiUra="119" who="1" fromWho="2" sc="291,0,199,130,271,-120,229,0" owari="291,9.1,329,42.9,151,-34.9,229,-17.1" /></mjloggm>