<mjloggm ver="2.3"><GO type="225" lobby="0"/><UN n0="%E3%81%BF%E3%81%BF%E3%81%9A" n1="%E3%83%A9%E3%82%B9%E7%8E%87%EF%BC%93%E5%89%B2" n2="%E9%B3%B3%E6%9D%B1%E3%81%AE%E3%81%BF%E3%81%91%E3%81%AB%E3%82%83%E3%82%93" n3="%E7%89%B9%E6%9D%B1%E3%81%AF%E4%B8%96%E7%95%8C%E3%82%92%E6%95%91%E3%81%86" dan="17,17,16,16" rate="2200.78,2198.90,2151.72,2184.41" sx="M,F,F,M"/><TAIKYOKU oya="0"/><INIT seed="0,0,0,5,5,37" ten="250,250,250,250" oya="0" hai0="7,104,113,53,59,88,117,126,43,12,90,93,120" hai1="74,49,23,92,97,96,48,72,51,102,129,13,122" hai2="103,119,81,63,68,111,110,79,34,40,133,22,89" hai3="94,16,105,30,86,123,26,134,71,75,80,98,25"/><T112/><D104/><U47/><E122/><V100/><F34/><W85/><G123/><T46/><D117/><U108/><E108/><N who="2" m="41515" /><F119/><W52/><G71/><T124/><D120/><U125/><E129/><V101/><F133/><W10/><G105/><T32/><D32/><U69/><E69/><V70/><F89/><W14/><G134/><T60/><D7/><U54/><E125/><N who="0" m="48233" /><D12/><U62/><E96/><V20/><F40/><W127/><G127/><T130/><D130/><U38/><E38/><V82/><F82/><W128/><G128/><T73/><D73/><U64/><E74/><N who="2" m="43255" /><F70/><W18/><G18/><T11/><D11/><U56/><E72/><V115/><F115/><N who="0" m="44106" /><D93/><U41/><E64/><AGARI ba="0,0" hai="20,22,63,64,68,100,101,103" m="43255,41515" machi="64" ten="30,1000,0" yaku="14,1" doraHai="37" who="2" fromWho="1" sc="250,0,250,-10,250,10,250,0" /><INIT seed="1,0,0,1,2,25" ten="250,240,260,250" oya="1" hai0="31,91,107,85,50,9,129,66,83,52,53,34,67" hai1="2,46,14,126,27,75,24,8,87,6,97,99,64" hai2="86,133,114,94,61,37,38,33,11,81,130,19,84" hai3="125,123,98,68,62,63,17,71,74,39,49,57,73"/><U135/><E75/><V106/><F106/><W42/><G123/><T118/><D118/><U0/><E64/><V41/><F133/><W5/><G5/><T59/><D129/><U51/><E135/><V109/><F109/><W20/><G125/><T101/><D107/><U22/><E126/><V76/><F130/><W40/><G39/><T113/><D113/><U108/><E108/><V15/><F114/><W105/><G105/><T80/><D101/><U56/><E56/><V12/><F41/><W124/><G98/><T104/><D104/><U119/><E27/><V116/><F116/><W21/><G57/><N who="0" m="32919" /><D34/><U44/><E44/><V32/><F61/><W111/><G111/><T72/><D72/><U3/><E87/><V35/><REACH who="2" step="1"/><F15/><REACH who="2" ten="250,240,250,250" step="2"/><W36/><G124/><T132/><D132/><U13/><E14/><V45/><F45/><W128/><G128/><T96/><D66/><U10/><E119/><V93/><F93/><W115/><G115/><T90/><D67/><U77/><E10/><V95/><F95/><W60/><G60/><N who="0" m="35951" /><D9/><U110/><E110/><V1/><F1/><W102/><G63/><T47/><D47/><U79/><E0/><V30/><F30/><W55/><G62/><T103/><D31/><N who="1" m="17815" /><E2/><V120/><F120/><W26/><G68/><T122/><D122/><U23/><E3/><V69/><F69/><W18/><G71/><T58/><D58/><U117/><E117/><V16/><F16/><W112/><G112/><T131/><D131/><U89/><E8/><V92/><F92/><W48/><G40/><T43/><D43/><U28/><E46/><RYUUKYOKU ba="0,1" sc="250,-10,240,-10,250,30,250,-10" hai2="11,12,19,32,33,35,37,38,76,81,84,86,94" /><INIT seed="2,1,1,3,4,34" ten="240,230,280,240" oya="2" hai0="76,121,1,92,7,19,24,56,47,82,59,63,45" hai1="74,86,134,51,112,16,103,53,31,90,129,132,72" hai2="13,118,57,91,107,39,64,104,54,30,100,62,125" hai3="70,94,113,61,55,78,42,123,81,133,36,3,115"/><V68/><F118/><W28/><G123/><T20/><D121/><U124/><E31/><V67/><F125/><W75/><G133/><N who="1" m="51306" /><E112/><N who="3" m="43082" /><G28/><T126/><D126/><U79/><E79/><V40/><F67/><N who="3" m="41327" /><G55/><T84/><D59/><N who="1" m="33215" /><E103/><V10/><F91/><W17/><G17/><T33/><D33/><U128/><E16/><N who="2" m="8247" /><F100/><W60/><G60/><T49/><D49/><U87/><E87/><V98/><F98/><W88/><G42/><T15/><D92/><N who="1" m="54359" /><E124/><V110/><F30/><W93/><G36/><T12/><D47/><U6/><E6/><V102/><F102/><W44/><G44/><T14/><D45/><U119/><E119/><V106/><F40/><W71/><G71/><T0/><REACH who="0" step="1"/><D7/><REACH who="0" ten="230,230,280,240" step="2"/><U27/><E27/><V4/><F4/><W65/><G93/><T101/><D101/><U116/><E116/><V21/><F39/><W43/><G43/><T25/><D25/><U22/><E22/><V69/><F21/><W122/><G122/><T108/><D108/><U5/><E5/><V48/><F110/><W46/><G46/><T32/><D32/><U97/><E97/><V35/><F35/><W114/><G114/><T96/><D96/><U50/><E50/><V99/><F99/><N who="3" m="57799" /><G65/><AGARI ba="1,2" hai="0,1,12,14,15,19,20,24,56,63,65,76,82,84" machi="65" ten="40,5200,0" yaku="1,1,52,2,53,0" doraHai="34" doraHaiUra="131" who="0" fromWho="3" sc="230,75,230,0,280,0,240,-55" /><INIT seed="3,0,0,4,2,30" ten="305,230,280,185" oya="3" hai0="68,69,115,82,113,91,65,46,62,58,34,45,28" hai1="96,47,105,44,6,2,48,70,4,121,14,125,16" hai2="9,18,53,1,71,35,77,111,79,87,133,36,112" hai3="88,64,100,72,21,23,95,107,19,60,26,135,13"/><W92/><G135/><T117/><D117/><U5/><E121/><V59/><F112/><N who="0" m="43082" /><D34/><U3/><E125/><V109/><F71/><N who="0" m="27210" /><D28/><U52/><E70/><V130/><F36/><W31/><G72/><T54/><D65/><U93/><E105/><V85/><F35/><W122/><G122/><T131/><D131/><U128/><E128/><V75/><F75/><W83/><G107/><T24/><D24/><U15/><E15/><V110/><F133/><W89/><G83/><T33/><D33/><U12/><E12/><N who="2" m="7439" /><F1/><W17/><G17/><T90/><D82/><U126/><E126/><V8/><F8/><W97/><G92/><T103/><D103/><U32/><E32/><V116/><F116/><W94/><G94/><T80/><D91/><U98/><E47/><V37/><F37/><W114/><G114/><T56/><D58/><AGARI ba="0,0" hai="13,19,21,23,26,31,58,60,64,88,89,95,97,100" machi="58" ten="30,12000,1" yaku="7,1,25,2,8,1,54,1" doraHai="30" who="3" fromWho="0" sc="305,-120,230,0,280,0,185,120" owari="185,-31.5,230,-17.0,280,8.0,305,40.5" /></mjloggm>