<mjloggm ver="2.3"><GO type="225" lobby="0"/><UN n0="%E6%9C%88%E5%B3%B6%E5%9F%BA" n1="%E3%83%B4%E3%83%A0%EF%BC%99%E3%81%A6" n2="%E7%99%BD%E5%92%B2%E8%8A%B1%E3%81%A1%E3%82%83%E3%82%93" n3="%E5%A4%8F%E9%88%B4%E9%88%B4%E5%A4%8F" dan="16,16,16,16" rate="2123.64,2175.44,2151.43,2093.75" sx="M,M,F,M"/><TAIKYOKU oya="0"/><INIT seed="0,0,0,2,3,91" ten="250,250,250,250" oya="0" hai0="130,20,76,56,78,59,68,19,100,15,10,44,106" hai1="43,58,93,39,135,22,35,126,115,63,61,26,121" hai2="116,16,97,33,13,9,27,74,45,127,25,119,60" hai3="88,87,132,1,77,54,104,122,113,34,131,51,110"/><T42/><D68/><U62/><E121/><V128/><F128/><W95/><G113/><T24/><D130/><U11/><E115/><V125/><F74/><W40/><G131/><T47/><D106/><U84/><E126/><N who="2" m="48139" /><F45/><N who="0" m="17482" /><D100/><U98/><E135/><V86/><F86/><W117/><G34/><T17/><D42/><U36/><E35/><V71/><F97/><W12/><G1/><T111/><D111/><U114/><E114/><V129/><F129/><W85/><G104/><T120/><D120/><U94/><E43/><V64/><F33/><W32/><G32/><T23/><D23/><U80/><E11/><V6/><F6/><W123/><G117/><AGARI ba="0,0" hai="9,13,16,25,27,60,64,71,116,117,119" m="48139" machi="117" ten="30,3900,0" yaku="12,1,18,1,54,1" doraHai="91" who="2" fromWho="3" sc="250,0,250,0,250,39,250,-39" /><INIT seed="1,0,0,4,3,78" ten="250,250,289,211" oya="1" hai0="111,2,27,53,39,77,71,44,34,14,62,98,80" hai1="88,100,123,29,41,48,130,106,59,66,31,90,117" hai2="38,83,113,68,17,97,4,24,19,114,60,110,13" hai3="51,76,69,65,47,93,23,81,54,15,115,96,134"/><U22/><E117/><V118/><F118/><W131/><G115/><N who="2" m="44041" /><F110/><W102/><G131/><T74/><D2/><U87/><E123/><V58/><F38/><W37/><G134/><T107/><D111/><U85/><E130/><V94/><F68/><W28/><G37/><T105/><D14/><U8/><E8/><N who="2" m="4231" /><F24/><W135/><G135/><T45/><D39/><U84/><E106/><V43/><F43/><W104/><G104/><T63/><D105/><U20/><E100/><N who="2" m="60471" /><F83/><W129/><G129/><T26/><D26/><N who="1" m="16583" /><E41/><V49/><F49/><W126/><G126/><T120/><D71/><U127/><E127/><V89/><F89/><W103/><G103/><T25/><D25/><N who="1" m="16823" /><E48/><V72/><F72/><W86/><G28/><T5/><D27/><U50/><E50/><V12/><F12/><W3/><G3/><T101/><D120/><U56/><E56/><V52/><AGARI ba="0,0" hai="17,19,52,58,60" m="60471,4231,44041" machi="52" ten="30,2000,0" yaku="11,1,54,1" doraHai="78" who="2" fromWho="2" sc="250,-5,250,-10,289,20,211,-5" /><INIT seed="2,0,0,3,1,81" ten="245,240,309,206" oya="2" hai0="39,34,21,99,127,14,26,27,62,7,6,0,108" hai1="118,35,47,131,59,68,32,120,22,122,67,124,16" hai2="102,63,84,33,31,48,72,90,123,4,20,65,57" hai3="3,28,112,23,42,25,132,91,8,30,78,130,13"/><V104/><F123/><N who="1" m="47145" /><E59/><V56/><F72/><W116/><G78/><T54/><D39/><U9/><E118/><V121/><F121/><W106/><G106/><T46/><D108/><U10/><E47/><V36/><F36/><W58/><G91/><T18/><D127/><U125/><E131/><V66/><F4/><N who="0" m="1578" /><D99/><U133/><E133/><V128/><F128/><W80/><G80/><T29/><D54/><U95/><E95/><V37/><F37/><W93/><G93/><T87/><D87/><U11/><E67/><V97/><F48/><W98/><G98/><T105/><D46/><U52/><E52/><V83/><F20/><N who="3" m="15399" /><G58/><T88/><D88/><U53/><E53/><V19/><F19/><N who="3" m="8615" /><G42/><T50/><D50/><U44/><E44/><V74/><F74/><W82/><G82/><T111/><D105/><U126/><E68/><N who="2" m="42047" /><F66/><W12/><G130/><T24/><D62/><U117/><E117/><V107/><F107/><W60/><G116/><T103/><D103/><U101/><E101/><V70/><F70/><W61/><G112/><T94/><D94/><U110/><E110/><V41/><F41/><W55/><G132/><T5/><D111/><U92/><E92/><V2/><F56/><N who="3" m="34847" /><G3/><T49/><D49/><U77/><E77/><V85/><F2/><W79/><G79/><T109/><D109/><U45/><E45/><V75/><F75/><W100/><G100/><T38/><D38/><U119/><E119/><V134/><F134/><W76/><G76/><T89/><D89/><U71/><E71/><V115/><F102/><W43/><G61/><T135/><D135/><RYUUKYOKU ba="0,0" sc="245,15,240,15,309,-15,206,-15" hai0="0,5,14,18,21,24,26,27,29,34" hai1="9,10,11,16,22,32,35,124,125,126" /><INIT seed="3,1,0,3,5,21" ten="260,255,294,191" oya="3" hai0="70,95,94,0,10,112,16,122,69,46,108,5,134" hai1="87,43,135,4,74,8,125,115,73,22,53,129,33" hai2="85,58,96,62,110,60,127,86,117,105,124,113,29" hai3="40,71,54,19,47,26,14,57,63,79,132,84,45"/><W39/><G132/><T80/><D122/><U49/><E33/><V99/><F113/><W67/><G47/><T55/><D134/><U93/><E115/><V13/><F117/><W61/><G79/><T116/><D116/><U119/><E125/><N who="2" m="48203" /><F110/><W101/><G101/><T126/><D108/><U121/><E121/><V103/><F99/><W118/><G84/><N who="2" m="32361" /><F29/><W89/><G118/><T48/><D80/><U27/><E43/><V17/><F58/><W92/><G92/><T44/><D112/><U20/><E20/><AGARI ba="1,0" hai="13,17,20,60,62,96,103,105" m="32361,48203" machi="20" ten="30,1000,0" yaku="18,1" doraHai="21" who="2" fromWho="1" sc="260,0,255,-13,294,13,191,0" owari="260,6.0,242,-15.8,307,40.7,191,-30.9" /></mjloggm>