<mjloggm ver="2.3"><GO type="225" lobby="0"/><UN n0="%E3%83%96%E3%83%83%E3%83%91%E3%82%AA%E3%83%96%E3%83%81%E3%82%AD%E3%83%B3" n1="%E6%9D%B1%E9%A2%A8%E3%81%AE%E3%81%8D%E3%82%83%E3%81%B7%E3%81%95%E3%82%93" n2="%E3%82%8C%E3%81%99%E3%81%93" n3="%E7%99%BD%E5%80%89%E5%AF%9B%E4%B9%8B" dan="17,16,16,16" rate="2182.84,2169.87,2190.69,2132.80" sx="M,M,F,M"/><TAIKYOKU oya="0"/><INIT seed="0,0,0,3,3,33" ten="250,250,250,250" oya="0" hai0="25,61,115,103,80,101,107,46,5,134,100,123,97" hai1="38,40,96,74,127,12,133,11,69,18,108,44,78" hai2="20,130,102,13,53,31,8,49,72,21,105,3,122" hai3="35,87,116,54,28,84,109,65,57,135,24,14,19"/><T75/><D115/><U120/><E108/><V47/><F122/><W27/><G109/><T32/><D123/><U125/><E133/><V62/><F72/><W126/><G135/><T71/><D134/><U95/><E69/><V23/><F130/><W10/><G126/><N who="1" m="48138" /><E120/><V52/><F31/><W36/><G36/><T29/><D5/><U128/><E128/><V43/><F62/><W99/><G116/><T119/><D119/><U131/><E131/><V112/><F112/><W106/><G65/><T60/><D60/><U67/><E67/><V63/><F63/><W39/><G39/><T104/><D46/><U56/><E56/><V30/><F30/><W124/><G27/><T92/><D75/><U93/><E96/><V66/><F66/><W77/><G77/><T90/><REACH who="0" step="1"/><D80/><AGARI ba="0,0" hai="11,12,18,38,40,44,74,78,80,93,95" m="48138" machi="80" ten="30,1000,0" yaku="18,1" doraHai="33" who="1" fromWho="0" sc="250,-10,250,10,250,0,250,0" /><INIT seed="1,0,0,2,3,41" ten="240,260,250,250" oya="1" hai0="22,10,52,11,74,57,117,113,36,37,2,71,33" hai1="45,110,112,51,61,129,26,16,20,78,97,95,3" hai2="130,109,76,124,38,79,67,8,21,86,120,84,49" hai3="105,115,87,17,73,118,23,34,91,135,5,89,62"/><U108/><E112/><V77/><F38/><W83/><G34/><T18/><D113/><U60/><E3/><V54/><F120/><W63/><G115/><T14/><D117/><U32/><E78/><V80/><F109/><N who="1" m="42089" /><E32/><V93/><F130/><W98/><G73/><T0/><D74/><U48/><E129/><V111/><F111/><W66/><G135/><T114/><D114/><U125/><E48/><V31/><F124/><W88/><G118/><T7/><D33/><U94/><E125/><V121/><F67/><W85/><G5/><T96/><D71/><U42/><E95/><V69/><F69/><W58/><G63/><T122/><D122/><U27/><E27/><N who="2" m="16879" /><F8/><W44/><G87/><T25/><D96/><U133/><E133/><V119/><F119/><W1/><G1/><T64/><D64/><U132/><E132/><V123/><F123/><W15/><G105/><T104/><D104/><U72/><E72/><V100/><F121/><W40/><REACH who="3" step="1"/><G98/><REACH who="3" ten="240,260,250,240" step="2"/><T107/><D107/><U19/><E19/><V65/><F86/><W75/><G75/><T56/><D2/><U4/><E4/><V81/><F84/><W127/><G127/><T103/><D0/><U82/><E82/><V99/><F65/><W30/><G30/><T59/><D7/><U116/><E116/><V70/><F70/><W131/><G131/><T50/><D18/><U29/><E29/><V134/><F134/><W102/><G102/><AGARI ba="0,1" hai="16,20,26,42,45,51,60,61,94,97,102" m="42089" machi="102" ten="30,11600,0" yaku="14,1,10,1,52,1,54,1" doraHai="41" who="1" fromWho="3" sc="240,0,260,126,250,0,240,-116" /><INIT seed="1,1,0,4,3,30" ten="240,386,250,124" oya="1" hai0="113,40,114,91,64,131,89,116,54,48,29,39,25" hai1="44,80,118,107,66,69,96,9,76,14,108,59,62" hai2="90,7,126,132,111,129,28,21,49,0,17,22,50" hai3="99,45,83,115,11,73,57,70,1,87,46,78,10"/><U121/><E121/><V41/><F111/><W112/><G70/><T93/><D116/><U23/><E118/><V53/><F129/><W128/><G128/><T26/><D131/><U5/><E108/><V103/><F132/><W56/><G99/><T133/><D133/><U72/><E23/><V67/><F126/><W42/><G46/><T31/><D64/><U33/><E44/><V63/><F103/><W36/><G11/><T124/><D124/><U15/><E59/><V109/><F109/><W94/><G94/><T3/><D3/><U47/><E47/><V58/><F41/><W134/><G87/><T88/><D40/><U61/><E61/><V19/><F28/><N who="0" m="10826" /><D39/><U84/><E15/><V86/><F0/><W104/><G104/><T127/><D127/><U120/><E120/><V20/><F7/><W122/><G122/><T110/><D110/><U35/><REACH who="1" step="1"/><E84/><REACH who="1" ten="240,376,250,124" step="2"/><V75/><F75/><W60/><G134/><T4/><D114/><U95/><E95/><N who="2" m="54743" /><F50/><W55/><REACH who="3" step="1"/><G57/><AGARI ba="1,1" hai="17,19,20,21,22,49,53,57,58,63,67" m="54743" machi="57" ten="30,1000,0" yaku="8,1" doraHai="30" who="2" fromWho="3" sc="240,0,376,0,250,23,124,-13" /><INIT seed="2,0,0,3,3,10" ten="240,376,273,111" oya="2" hai0="130,120,115,64,17,22,95,53,73,70,129,98,46" hai1="88,71,34,12,37,87,134,13,24,58,109,31,111" hai2="101,35,59,51,92,91,113,6,99,65,68,38,114" hai3="126,122,16,86,0,4,25,8,28,30,54,9,63"/><V7/><F35/><W79/><G122/><T81/><D120/><U97/><E97/><V40/><F114/><W108/><G108/><N who="1" m="41546" /><E71/><V102/><F113/><W14/><G126/><T43/><D115/><U39/><E58/><V104/><F38/><N who="1" m="14345" /><E134/><V94/><F104/><W89/><G79/><N who="0" m="44271" /><D53/><U48/><E48/><V27/><F27/><W5/><G63/><T112/><D112/><U135/><E135/><V127/><F127/><W119/><G119/><T21/><D70/><U128/><E128/><N who="0" m="49257" /><D64/><U77/><E77/><V67/><F68/><W3/><G54/><T62/><D62/><U49/><E49/><V83/><F83/><AGARI ba="0,0" hai="12,13,24,31,34,83,87,88" m="14345,41546" machi="83" ten="30,7700,0" yaku="14,1,52,2,54,1" doraHai="10" who="1" fromWho="2" sc="240,0,376,77,273,-77,111,0" /><INIT seed="3,0,0,2,3,72" ten="240,453,196,111" oya="3" hai0="63,50,45,17,120,30,55,68,66,127,12,97,93" hai1="31,108,129,41,106,119,79,10,56,46,91,54,47" hai2="26,70,14,132,133,27,95,85,103,8,60,25,122" hai3="24,23,134,28,77,78,9,18,116,71,125,51,130"/><W107/><G116/><T111/><D111/><U114/><E129/><V38/><F38/><W89/><G71/><T98/><D127/><U65/><E114/><V43/><F43/><W62/><G107/><T4/><D120/><U105/><E108/><V115/><F115/><W42/><G125/><T110/><D110/><U90/><E119/><V61/><F122/><W92/><G130/><T118/><D118/><U1/><E65/><V20/><F20/><W13/><G134/><N who="2" m="51817" /><F70/><W76/><G62/><T94/><D30/><U88/><E79/><V104/><F104/><W35/><G35/><T80/><D4/><U6/><E31/><V112/><F112/><W96/><G42/><T86/><D94/><U82/><E82/><V74/><F74/><W117/><G117/><T36/><D93/><U52/><E54/><V32/><F32/><W49/><AGARI ba="0,0" hai="9,13,18,23,24,28,49,51,76,77,78,89,92,96" machi="49" ten="30,12000,1" yaku="0,1,8,1,52,3" doraHai="72" who="3" fromWho="3" sc="240,-40,453,-40,196,-40,111,120" /><INIT seed="3,1,0,0,4,6" ten="200,413,156,231" oya="3" hai0="55,92,108,123,18,20,41,2,17,58,29,46,65" hai1="101,106,5,67,9,33,22,25,129,93,42,84,34" hai2="121,48,27,72,47,96,74,37,128,13,103,81,16" hai3="94,68,115,99,39,64,102,36,12,130,71,79,125"/><W134/><G115/><T30/><D123/><U23/><E106/><V80/><F121/><W3/><G3/><T1/><D108/><U38/><E67/><V117/><F117/><W105/><G79/><T28/><D65/><U70/><E70/><V61/><F37/><W135/><G125/><T44/><D1/><U50/><E129/><V11/><F128/><W126/><G126/><T76/><D2/><U114/><E38/><V88/><F61/><W119/><G130/><T116/><D116/><U54/><E42/><V40/><F27/><W15/><G105/><T98/><D76/><U43/><E43/><V132/><F132/><W24/><G119/><T133/><D133/><U82/><E23/><V86/><F81/><W107/><G39/><T100/><D41/><U113/><E93/><AGARI ba="1,0" hai="11,13,16,40,47,48,72,74,80,86,88,93,96,103" machi="93" ten="30,7700,0" yaku="7,1,52,1,54,2" doraHai="6" who="2" fromWho="1" sc="200,0,413,-80,156,80,231,0" owari="200,-30.0,333,43.3,236,3.6,231,-16.9" /></mjloggm>