<mjloggm ver="2.3"><GO type="225" lobby="0"/><UN n0="%E5%91%A8%E6%9D%B1" n1="%E8%A8%88%E7%AE%97%E6%A9%9F%E8%87%AA%E7%84%B6" n2="%E3%81%AF%E3%82%88%E3%81%8A%E3%81%98%E3%81%95%E3%82%93" n3="%E3%81%AD%E3%82%80%E3%81%84%40%E9%9B%80%E9%B3%B4%E4%BC%9A" dan="16,17,17,16" rate="2164.66,2176.79,2159.52,2192.34" sx="M,M,M,F"/><TAIKYOKU oya="0"/><INIT seed="0,0,0,4,0,46" ten="250,250,250,250" oya="0" hai0="123,110,76,122,40,18,62,125,118,32,39,59,113" hai1="80,70,56,94,1,41,26,52,90,108,42,89,10" hai2="120,61,83,92,96,121,66,6,2,63,106,35,48" hai3="72,128,95,132,21,7,129,69,87,30,45,24,31"/><T15/><D118/><U82/><E70/><V57/><F35/><W135/><G72/><T81/><D113/><U17/><E108/><V91/><F106/><W124/><G69/><T47/><D32/><U51/><E1/><V53/><F63/><W34/><G95/><T33/><D33/><U8/><E26/><V116/><F116/><W133/><G87/><T28/><D28/><U85/><E80/><V58/><REACH who="2" step="1"/><F83/><REACH who="2" ten="250,250,240,250" step="2"/><W119/><G119/><T3/><D110/><U16/><E8/><AGARI ba="0,1" hai="2,6,8,48,53,57,58,61,66,91,92,96,120,121" machi="8" ten="40,8000,1" yaku="1,1,2,1,52,1,53,1" doraHai="46" doraHaiUra="60" who="2" fromWho="1" sc="250,0,250,-80,240,90,250,0" /><INIT seed="1,0,0,0,3,108" ten="250,170,330,250" oya="1" hai0="61,70,85,45,101,48,121,29,119,1,103,128,62" hai1="74,4,25,23,32,96,117,105,8,88,110,20,39" hai2="130,66,127,0,91,99,15,28,24,13,26,86,43" hai3="92,118,120,11,134,46,111,98,79,5,116,51,102"/><U107/><E117/><N who="3" m="45162" /><G111/><T75/><D75/><U125/><E110/><V18/><F0/><N who="3" m="423" /><G79/><T82/><D1/><U10/><E39/><V33/><F66/><W94/><G134/><T126/><D121/><U84/><E74/><V129/><F99/><W38/><G38/><T123/><D123/><U135/><E135/><V40/><F28/><W67/><G67/><T115/><D70/><U60/><E125/><V57/><F57/><W89/><G120/><T83/><D83/><U71/><E32/><V109/><F109/><W3/><G3/><T64/><D64/><U63/><E71/><V19/><F91/><W77/><G77/><T12/><D29/><U114/><E96/><V56/><F56/><W7/><G7/><T95/><D126/><U6/><E88/><V97/><F97/><W37/><G37/><T80/><D80/><U132/><E132/><V133/><F133/><W42/><G89/><T69/><D69/><U73/><E73/><V14/><F86/><W122/><G122/><T49/><D85/><U9/><E9/><V36/><F36/><W113/><G113/><T81/><D115/><U93/><E84/><V68/><F68/><W104/><AGARI ba="0,0" hai="42,46,51,92,94,98,102,104" m="423,45162" machi="104" ten="30,1100,0" yaku="12,1" doraHai="108" who="3" fromWho="3" sc="250,-3,170,-5,330,-3,250,11" /><INIT seed="2,0,0,4,2,133" ten="247,165,327,261" oya="2" hai0="131,3,93,57,52,31,69,44,22,55,120,11,34" hai1="35,8,45,74,61,107,124,40,46,20,134,65,86" hai2="84,114,2,96,82,95,71,27,72,104,64,37,49" hai3="16,21,91,132,110,102,101,103,15,112,127,17,122"/><V12/><F37/><W108/><G132/><T135/><D135/><U24/><E134/><V90/><F2/><W63/><G122/><T129/><D69/><U79/><E107/><V32/><F114/><W9/><G112/><T53/><D120/><U0/><E35/><V51/><F12/><W126/><G91/><T70/><D70/><U88/><E74/><V5/><F5/><W58/><G108/><T47/><D34/><U54/><E79/><V78/><F64/><W94/><G94/><T125/><D57/><U26/><E54/><V73/><F71/><W111/><G110/><T116/><D116/><U118/><E118/><V42/><F42/><W60/><G111/><T81/><D81/><U13/><E0/><V115/><F115/><W33/><G33/><T113/><D113/><U123/><E123/><V10/><F10/><W117/><G117/><T38/><D93/><U41/><E124/><N who="3" m="47658" /><G58/><T1/><D125/><U59/><E40/><V119/><F119/><W6/><G17/><T68/><D44/><U28/><E41/><V99/><F95/><W100/><N who="3" m="25600" /><DORA hai="7" /><W97/><G97/><T109/><D47/><U56/><E56/><V130/><F90/><W62/><G62/><T19/><D68/><U75/><E45/><V39/><F96/><W25/><AGARI ba="0,0" hai="6,9,15,16,21,25,60,63" m="25600,47658" machi="25" ten="50,12000,2" yaku="18,1,52,4,54,1" doraHai="133,7" who="3" fromWho="3" sc="247,-30,165,-30,327,-60,261,120" /><INIT seed="3,0,0,0,3,19" ten="217,135,267,381" oya="3" hai0="76,49,65,2,16,87,135,55,62,0,125,82,67" hai1="39,100,127,27,78,34,1,54,105,104,46,99,36" hai2="79,73,93,80,106,3,41,51,81,91,22,112,9" hai3="97,71,15,129,7,33,56,122,101,120,69,85,103"/><W115/><G33/><T130/><D125/><U17/><E127/><V72/><F106/><W90/><G115/><T124/><D124/><U24/><E1/><V88/><F112/><W43/><G43/><T77/><D130/><U10/><E78/><V84/><F72/><W35/><G35/><T94/><D135/><U31/><E105/><V92/><F3/><W116/><G56/><T13/><D94/><U42/><E54/><V102/><F9/><W6/><G90/><T23/><D77/><U70/><E10/><V131/><F131/><W134/><G85/><T4/><D4/><U68/><REACH who="1" step="1"/><E36/><REACH who="1" ten="217,125,267,381" step="2"/><V126/><F79/><W123/><G122/><T26/><D0/><U108/><E108/><V44/><F126/><W128/><G123/><T52/><D2/><U59/><E59/><V109/><F109/><W58/><G58/><T47/><D55/><U29/><E29/><V86/><F73/><W121/><G120/><T28/><D62/><U37/><E37/><V61/><F61/><W118/><G121/><T12/><D12/><U21/><AGARI ba="0,1" hai="17,21,24,27,31,34,39,42,46,68,70,99,100,104" machi="21" ten="30,8000,1" yaku="1,1,0,1,52,1,53,2" doraHai="19" doraHaiUra="66" who="1" fromWho="1" sc="217,-20,125,90,267,-20,381,-40" owari="197,-30.3,215,-18.5,247,4.7,341,44.1" /></mjloggm>