<mjloggm ver="2.3"><GO type="225" lobby="0"/><UN n0="%E3%81%AF%E3%82%88%E3%81%8A%E3%81%98%E3%81%95%E3%82%93" n1="%E3%83%81%E3%83%A7%E3%83%99%E3%83%83%E3%82%AF" n2="%E3%81%BF%E3%81%BF%E3%81%9A" n3="%E3%83%96%E3%83%83%E3%83%91%E3%82%AA%E3%83%96%E3%83%81%E3%82%AD%E3%83%B3" dan="16,16,18,16" rate="2151.15,2131.82,2216.49,2196.09" sx="M,M,M,M"/><TAIKYOKU oya="0"/><INIT seed="0,0,0,2,2,37" ten="250,250,250,250" oya="0" hai0="46,7,60,97,91,87,116,122,13,63,61,59,19" hai1="109,83,35,129,90,66,92,135,115,58,123,32,65" hai2="20,100,88,44,111,104,67,132,120,12,124,51,134" hai3="54,89,11,52,121,21,4,101,110,47,38,29,48"/><T50/><D116/><U64/><E109/><V74/><F120/><W5/><G110/><T25/><D122/><U78/><E123/><V10/><F111/><W6/><G121/><T14/><D97/><U84/><E129/><V22/><F124/><W102/><G38/><T103/><D103/><N who="3" m="39433" /><G89/><T45/><D59/><U127/><E135/><N who="2" m="51755" /><F74/><W18/><G29/><T43/><D46/><U62/><E127/><V76/><F76/><W77/><G77/><T56/><D56/><U55/><REACH who="1" step="1"/><E115/><REACH who="1" ten="250,240,250,250" step="2"/><V39/><F104/><W93/><G93/><T96/><D96/><AGARI ba="0,1" hai="32,35,55,58,62,64,65,66,78,83,84,90,92,96" machi="96" ten="40,2600,0" yaku="1,1,2,1,53,0" doraHai="37" doraHaiUra="119" who="1" fromWho="0" sc="250,-26,240,36,250,0,250,0" /><INIT seed="1,0,0,5,5,56" ten="224,276,250,250" oya="1" hai0="2,3,24,123,54,113,129,83,43,13,93,58,91" hai1="12,69,86,131,49,14,7,51,55,22,62,50,109" hai2="46,27,15,105,44,103,72,82,135,79,120,21,60" hai3="95,106,10,117,31,17,114,5,115,87,6,73,133"/><U35/><E35/><V52/><F120/><W26/><G73/><T34/><D113/><N who="3" m="43017" /><G106/><T61/><D129/><U77/><E131/><V11/><F135/><W118/><G95/><T47/><D123/><U124/><E124/><V92/><F105/><W104/><G87/><T53/><D53/><U0/><E0/><V99/><F60/><W88/><G88/><T94/><D83/><N who="1" m="47471" /><E69/><V110/><F110/><W125/><G104/><T4/><D93/><U74/><E74/><V71/><F71/><W85/><G85/><T96/><D13/><N who="1" m="5227" /><E7/><N who="3" m="2570" /><G133/><T25/><D34/><U100/><E100/><V121/><F121/><W90/><BYE who="2" /><G90/><UN n2="%E3%81%BF%E3%81%BF%E3%81%9A" /><T36/><REACH who="0" step="1"/><D2/><REACH who="0" ten="214,276,250,250" step="2"/><U57/><E109/><V84/><F52/><W23/><G125/><T40/><D40/><U1/><E1/><V9/><F72/><W128/><G128/><T20/><D20/><AGARI ba="0,1" hai="20,22,49,50,51,55,57,62" m="5227,47471" machi="20" ten="30,2900,0" yaku="8,1,52,1" doraHai="56" who="1" fromWho="0" sc="214,-29,276,39,250,0,250,0" /><INIT seed="1,1,0,1,5,15" ten="185,315,250,250" oya="1" hai0="122,111,37,102,103,110,68,85,18,132,93,66,114" hai1="123,109,2,16,6,55,131,28,106,43,45,69,27" hai2="71,70,83,112,36,135,33,38,73,117,104,42,100" hai3="10,77,61,119,53,80,63,51,35,107,82,60,105"/><U59/><E123/><V48/><F48/><W58/><G35/><T29/><D37/><U8/><E106/><V21/><F117/><W3/><G119/><T67/><D29/><U52/><E69/><V34/><F21/><W4/><REACH who="3" step="1"/><G82/><REACH who="3" ten="185,315,250,240" step="2"/><T78/><D114/><U46/><E131/><V17/><F83/><W129/><G129/><T84/><D122/><U14/><E109/><V20/><F34/><W96/><G96/><T9/><D111/><U116/><E116/><V65/><F33/><W95/><G95/><T24/><D93/><U56/><E2/><V124/><F112/><W62/><N who="3" m="15360" /><DORA hai="22" /><W134/><G134/><T75/><D132/><U64/><E64/><V127/><F65/><W99/><G99/><T49/><D110/><U41/><E6/><V5/><F5/><W128/><G128/><T115/><D115/><U133/><E133/><V32/><F135/><W26/><G26/><T88/><D24/><U54/><E27/><N who="2" m="14735" /><F32/><W30/><G30/><T121/><D121/><U101/><E28/><V92/><F92/><W87/><AGARI ba="1,1" hai="3,4,10,51,53,58,77,80,87,105,107" m="15360" machi="87" ten="40,5200,0" yaku="1,1,0,1,53,1" doraHai="15,22" doraHaiUra="125,44" who="3" fromWho="3" sc="185,-14,315,-27,250,-14,240,65" /><INIT seed="2,0,0,3,4,18" ten="171,288,236,305" oya="2" hai0="7,92,5,65,59,47,68,66,6,10,29,22,98" hai1="94,76,119,83,57,77,120,131,46,132,15,45,55" hai2="71,128,2,51,38,19,96,81,58,32,74,39,30" hai3="97,121,4,67,61,50,16,126,37,79,43,78,88"/><V36/><F71/><W35/><G121/><T62/><D68/><U109/><E109/><V64/><F2/><W72/><G35/><T116/><D116/><U21/><E119/><V82/><F128/><W3/><G126/><T129/><D129/><U87/><E132/><V70/><F70/><W107/><G37/><T17/><D47/><N who="1" m="17931" /><E94/><V0/><F0/><W93/><G107/><T90/><D29/><U101/><E101/><V91/><F74/><W9/><G72/><T124/><D124/><U42/><E42/><V111/><F111/><W8/><G43/><T31/><D31/><U133/><E133/><V23/><F32/><W123/><G50/><T48/><D48/><U85/><E120/><V80/><F30/><W49/><G49/><T89/><D89/><N who="1" m="51391" /><E87/><V134/><F134/><W102/><G102/><T13/><REACH who="0" step="1"/><D66/><REACH who="0" ten="161,288,236,305" step="2"/><U105/><E131/><V73/><F73/><W100/><G67/><T117/><D117/><U52/><E77/><V41/><F41/><W28/><G79/><T1/><AGARI ba="0,1" hai="1,5,6,7,10,13,17,22,59,62,65,90,92,98" machi="1" ten="20,8000,1" yaku="1,1,0,1,7,1,52,1,53,1" doraHai="18" doraHaiUra="12" who="0" fromWho="0" sc="161,90,288,-20,236,-40,305,-20" /><INIT seed="3,0,0,5,5,61" ten="251,268,196,285" oya="3" hai0="102,86,108,16,58,55,85,122,94,56,110,127,23" hai1="96,33,51,30,47,123,80,62,66,71,49,93,45" hai2="79,126,11,1,31,99,118,19,21,41,26,38,44" hai3="20,0,77,60,89,13,35,32,112,82,46,105,48"/><W8/><G112/><T7/><D122/><U27/><E123/><V84/><F126/><W121/><G121/><T54/><D7/><U78/><E45/><V52/><F118/><W40/><G105/><T39/><D39/><U15/><E15/><V115/><F115/><W106/><G106/><T135/><D127/><U132/><E47/><V69/><F69/><W98/><G0/><T59/><D135/><U130/><E130/><V70/><F70/><W6/><G20/><T107/><D107/><U63/><E63/><V12/><F99/><W22/><G22/><T72/><D72/><U42/><E42/><V100/><F100/><W5/><G60/><T76/><D76/><U83/><E83/><V65/><F1/><W73/><G5/><T124/><D124/><U120/><E132/><V111/><F111/><N who="0" m="42538" /><D102/><U68/><E68/><V37/><F37/><W14/><G14/><N who="0" m="9623" /><D94/><U75/><REACH who="1" step="1"/><E120/><REACH who="1" ten="251,258,196,285" step="2"/><V34/><F52/><AGARI ba="0,1" hai="52,54,55,56,58,59,85,86" m="9623,42538" machi="52" ten="30,3900,0" yaku="14,1,54,2" doraHai="61" who="0" fromWho="2" sc="251,49,258,0,196,-39,285,0" owari="300,40.0,258,-14.2,157,-34.3,285,8.5" /></mjloggm>