<mjloggm ver="2.3"><GO type="225" lobby="0"/><UN n0="%E3%81%BF%E3%81%BF%E3%81%9A" n1="%E7%89%B9%E6%9D%B1%E5%96%B0%E8%B5%A4%E9%80%9F" n2="%E7%99%BD%E5%80%89%E5%AF%9B%E4%B9%8B" n3="%E6%81%A5%E6%99%92%E3%81%97" dan="17,16,16,16" rate="2146.65,2022.95,2153.79,2127.10" sx="M,M,M,M"/><TAIKYOKU oya="0"/><INIT seed="0,0,0,2,0,24" ten="250,250,250,250" oya="0" hai0="10,45,95,102,44,119,77,62,78,120,105,114,126" hai1="93,23,1,84,66,127,57,0,3,65,55,16,52" hai2="128,88,22,29,130,42,100,80,32,36,79,87,116" hai3="71,101,35,67,11,72,17,37,7,31,133,28,47"/><T76/><D114/><U48/><E127/><V132/><F116/><W12/><G72/><T14/><D119/><U94/><E55/><V115/><F115/><W74/><G74/><T56/><D120/><U86/><E84/><V112/><F112/><W26/><G133/><T134/><D105/><U38/><E38/><V19/><F132/><W107/><G17/><N who="0" m="8407" /><D126/><U89/><REACH who="1" step="1"/><E93/><REACH who="1" ten="250,240,250,250" step="2"/><V81/><F36/><W21/><G37/><T103/><D134/><U73/><E73/><V108/><F42/><W83/><G107/><T41/><D95/><U61/><E61/><V5/><F128/><W59/><G67/><N who="0" m="39367" /><D41/><U131/><E131/><V69/><F130/><W135/><G135/><T111/><D111/><U64/><E64/><V90/><F87/><W121/><G121/><T82/><D82/><U106/><E106/><V51/><F81/><W91/><G83/><T113/><D113/><U40/><E40/><V39/><F80/><W53/><G53/><T122/><D122/><U110/><E110/><V9/><F108/><W98/><G98/><T97/><D97/><U96/><E96/><V15/><F39/><W104/><G104/><T8/><D8/><U60/><E60/><V125/><F9/><W33/><G11/><T49/><D49/><U109/><E109/><V25/><F51/><W92/><G92/><T68/><D68/><U85/><E85/><V70/><F69/><W99/><G71/><T117/><D117/><U6/><E6/><V46/><F70/><W34/><G7/><T50/><D50/><U63/><E63/><V13/><F5/><W27/><G99/><RYUUKYOKU ba="0,1" sc="250,15,240,15,250,-15,250,-15" hai0="44,45,76,77,78,102,103" hai1="0,1,3,16,23,48,52,57,65,66,86,89,94" /><INIT seed="0,1,1,3,5,14" ten="265,255,235,235" oya="0" hai0="6,9,41,84,97,16,116,22,55,75,90,96,21" hai1="49,132,87,74,134,57,117,2,59,131,42,17,81" hai2="46,61,82,26,28,115,86,66,64,125,48,103,15" hai3="94,60,91,93,47,58,119,44,99,30,113,38,4"/><T39/><D116/><U123/><E123/><V110/><F110/><W77/><G113/><T135/><D75/><U106/><E106/><V124/><F115/><W83/><G119/><T102/><D135/><N who="1" m="51755" /><E2/><V23/><F103/><W65/><G4/><T133/><D133/><U45/><E117/><V19/><F61/><W121/><G121/><T40/><D22/><U51/><E74/><V67/><F86/><N who="3" m="48495" /><G38/><T5/><D55/><U52/><E131/><V130/><F82/><W72/><G72/><T101/><D39/><U53/><E17/><V98/><F98/><N who="0" m="37994" /><D9/><U76/><E53/><V80/><F80/><W8/><G30/><T89/><D102/><U24/><E24/><V54/><REACH who="2" step="1"/><F130/><REACH who="2" ten="265,255,225,235" step="2"/><W7/><G99/><T114/><D101/><U36/><E36/><V56/><F56/><AGARI ba="1,2" hai="42,45,49,51,52,56,57,59,76,81,87" m="51755" machi="56" ten="30,2000,0" yaku="20,1,54,1" doraHai="14" who="1" fromWho="2" sc="265,0,255,43,225,-23,235,0" /><INIT seed="1,0,0,4,4,47" ten="265,298,202,235" oya="1" hai0="101,55,81,135,51,106,6,1,70,77,31,41,96" hai1="46,12,25,17,63,71,58,83,64,50,52,75,61" hai2="24,56,113,14,99,38,29,22,93,134,66,115,48" hai3="53,13,10,92,23,124,15,45,3,39,28,107,37"/><U79/><E25/><V65/><F38/><W73/><G107/><T67/><D135/><U130/><E130/><V108/><F134/><W0/><G73/><T20/><D41/><U103/><E103/><V119/><F119/><W100/><G124/><T72/><D70/><U32/><E32/><V95/><F108/><W85/><G39/><T128/><D67/><U125/><E125/><V118/><F118/><W19/><G37/><T54/><D128/><U90/><E90/><V9/><F95/><W120/><G120/><T5/><D54/><U114/><E114/><V60/><F66/><W117/><G117/><T87/><D1/><U94/><E94/><V131/><F131/><W4/><G28/><T69/><D69/><U109/><E109/><V112/><F48/><W40/><G53/><T116/><D72/><U132/><E132/><V16/><REACH who="2" step="1"/><F113/><REACH who="2" ten="265,298,192,235" step="2"/><W11/><G92/><T35/><D116/><U86/><E63/><V8/><F8/><W122/><G11/><T111/><D111/><U44/><E75/><V34/><F34/><W89/><G10/><AGARI ba="0,1" hai="10,12,17,44,46,50,52,58,61,64,71,79,83,86" machi="10" ten="30,5800,0" yaku="7,1,52,1,54,1" doraHai="47" who="1" fromWho="3" sc="265,0,298,68,192,0,235,-58" /><INIT seed="1,1,0,0,2,22" ten="265,366,192,177" oya="1" hai0="116,50,82,119,30,18,34,91,86,107,64,110,121" hai1="111,32,24,19,5,85,58,53,63,1,65,41,15" hai2="114,10,120,74,66,39,97,87,80,29,128,2,89" hai3="8,90,48,132,127,7,51,36,9,123,6,115,56"/><U81/><E111/><V133/><F120/><W113/><G123/><T20/><D121/><U26/><E1/><V57/><F39/><W117/><G36/><T102/><D110/><U130/><E32/><V100/><F128/><W99/><G127/><T12/><D64/><U101/><E130/><V47/><F133/><W129/><G129/><T4/><D50/><U76/><E5/><V125/><F125/><W27/><G56/><T49/><D4/><U17/><E41/><V31/><F114/><W21/><G99/><T108/><D108/><U77/><E101/><V3/><F47/><W54/><G90/><T93/><D107/><U43/><E76/><V13/><F74/><W75/><G75/><T98/><REACH who="0" step="1"/><D49/><REACH who="0" ten="255,366,192,177" step="2"/><U44/><E65/><V79/><F2/><W109/><G109/><T84/><D84/><U25/><REACH who="1" step="1"/><E15/><REACH who="1" ten="255,356,192,177" step="2"/><V14/><F3/><W40/><G6/><T83/><D83/><U46/><E46/><V118/><F13/><W0/><G7/><T105/><D105/><U67/><E67/><V122/><F122/><W88/><G0/><T72/><D72/><U16/><E16/><V92/><F66/><W69/><G115/><T71/><D71/><U42/><E42/><V70/><F70/><W45/><G69/><T104/><D104/><U94/><E94/><V59/><F14/><W103/><G113/><T78/><D78/><U33/><E33/><V37/><F79/><W55/><G45/><T28/><D28/><U35/><E35/><V135/><F31/><W95/><G40/><T52/><D52/><U11/><E11/><V124/><F10/><RYUUKYOKU ba="1,2" sc="255,15,356,15,192,-15,177,-15" hai0="12,18,20,30,34,82,86,91,93,98,102,116,119" hai1="17,19,24,25,26,43,44,53,58,63,77,81,85" /><INIT seed="1,2,2,0,5,20" ten="270,371,177,162" oya="1" hai0="30,123,25,108,132,103,44,73,22,50,101,80,121" hai1="74,134,40,3,56,4,59,90,94,135,83,61,126" hai2="112,124,28,87,46,0,111,89,52,78,119,55,76" hai3="69,77,14,122,97,37,70,71,116,18,86,24,84"/><U105/><E105/><V32/><F0/><W66/><G37/><T29/><D108/><U8/><E126/><V19/><F119/><W79/><G122/><T41/><D132/><N who="1" m="50731" /><E40/><V54/><F124/><W57/><G116/><T34/><D73/><U99/><E61/><V102/><F111/><W128/><G128/><T65/><D65/><U85/><E74/><V118/><F118/><W110/><G110/><T64/><D80/><U125/><E125/><V58/><F112/><W107/><G107/><T5/><D5/><U1/><E3/><V48/><F102/><AGARI ba="2,2" hai="1,4,8,56,59,83,85,90,94,99,102" m="50731" machi="102" ten="30,1500,0" yaku="20,1" doraHai="20" who="1" fromWho="2" sc="270,0,371,41,177,-21,162,0" /><INIT seed="1,3,0,5,4,80" ten="270,412,156,162" oya="1" hai0="90,120,54,115,96,108,114,50,41,55,121,105,119" hai1="132,63,4,62,113,9,28,110,107,23,6,67,126" hai2="36,88,46,38,81,111,104,47,106,130,109,134,61" hai3="102,125,91,65,14,77,51,59,35,17,128,70,20"/><U122/><E107/><N who="2" m="41003" /><F61/><W68/><G125/><T15/><D15/><U12/><E122/><N who="0" m="47209" /><D105/><U93/><E132/><V27/><F27/><W3/><G35/><T22/><D22/><U44/><E113/><N who="0" m="43017" /><D96/><U39/><E110/><N who="2" m="41995" /><F134/><W84/><G77/><T82/><D108/><U16/><E126/><V123/><F123/><W69/><G128/><T5/><D119/><U66/><E93/><V100/><F100/><W78/><G3/><T48/><D5/><U29/><E4/><V116/><F116/><W0/><G0/><T75/><D75/><U76/><E6/><V71/><F71/><W11/><G78/><T101/><D101/><U135/><E76/><V86/><F130/><W73/><G73/><T31/><D31/><U2/><E135/><V112/><F112/><W85/><G102/><T99/><D41/><U103/><E103/><V94/><F94/><W124/><G124/><T57/><D82/><U13/><E28/><V18/><F18/><W74/><G74/><T58/><D99/><U1/><E29/><V34/><F34/><W72/><G72/><T98/><D98/><U24/><E24/><V129/><F129/><W64/><G20/><T56/><D90/><U87/><E23/><V89/><F89/><W21/><G21/><T37/><D37/><AGARI ba="3,0" hai="36,37,38,46,47,81,86,88" m="41995,41003" machi="37" ten="40,5200,0" yaku="14,1,52,1,54,1" doraHai="80" who="2" fromWho="0" sc="270,-61,412,0,156,61,162,0" /><INIT seed="2,0,0,0,2,59" ten="209,412,217,162" oya="2" hai0="113,17,71,47,64,29,106,46,44,0,24,131,50" hai1="32,67,86,36,83,66,6,87,5,117,115,90,12" hai2="2,129,3,16,62,109,72,111,11,45,1,48,20" hai3="98,120,100,61,105,108,31,93,35,92,41,102,68"/><V69/><F72/><W122/><G108/><N who="2" m="41545" /><F129/><W134/><G134/><T9/><D113/><U130/><E115/><V135/><F135/><W53/><G41/><T39/><D131/><U38/><E117/><V33/><F33/><W84/><G102/><T13/><D106/><U15/><E32/><V89/><F89/><W114/><G114/><T107/><D107/><U121/><E130/><V40/><F11/><W10/><G10/><T91/><D39/><U75/><E75/><V30/><F30/><W22/><G22/><T82/><D0/><U80/><E90/><V101/><F101/><W119/><G53/><N who="0" m="29895" /><D64/><U76/><E76/><V7/><F7/><W132/><G119/><T58/><D58/><U123/><AGARI ba="0,0" hai="5,6,12,15,36,38,66,67,80,83,86,87,121,123" machi="123" ten="25,3200,0" yaku="0,1,22,2" doraHai="59" who="1" fromWho="1" sc="209,-8,412,32,217,-16,162,-8" /><INIT seed="3,0,0,2,0,63" ten="201,444,201,154" oya="3" hai0="70,117,25,39,59,66,82,74,102,100,8,105,47" hai1="67,95,111,84,98,10,4,132,109,96,58,1,93" hai2="27,92,29,114,7,64,45,20,85,75,68,17,104" hai3="44,38,0,83,43,22,120,115,71,129,81,35,128"/><W134/><G115/><T118/><D100/><U34/><E34/><V30/><F75/><W135/><G120/><T72/><D59/><U110/><E132/><N who="3" m="50730" /><G35/><T32/><D8/><U33/><E33/><V14/><F104/><W97/><G0/><T18/><D66/><U108/><E108/><V26/><F114/><W112/><G112/><T21/><D70/><U37/><E37/><V119/><F119/><N who="0" m="45578" /><D21/><U87/><E95/><V130/><F130/><N who="3" m="50283" /><G22/><T53/><D53/><U48/><E67/><V49/><F64/><W46/><G46/><T51/><D51/><U89/><E96/><V124/><F20/><W123/><G123/><T60/><D18/><U31/><E31/><V9/><F30/><W113/><G113/><T80/><D80/><N who="3" m="30793" /><G97/><N who="0" m="61647" /><D82/><U69/><E110/><V36/><F45/><W57/><G57/><T40/><D60/><U103/><E111/><V15/><F29/><AGARI ba="0,0" hai="25,29,32,39,40,47,72,74" m="61647,45578" machi="29" ten="30,1000,0" yaku="23,1" doraHai="63" who="0" fromWho="2" sc="201,10,444,0,201,-10,154,0" owari="211,1.1,444,54.4,191,-20.9,154,-34.6" /></mjloggm>