<mjloggm ver="2.3"><GO type="225" lobby="0"/><UN n0="%E3%83%96%E3%83%83%E3%83%91%E3%82%AA%E3%83%96%E3%83%81%E3%82%AD%E3%83%B3" n1="%E3%81%BF%E3%81%BF%E3%81%9A" n2="%E3%83%A9%E3%83%BC%E3%83%A1%E3%83%B3%E4%BA%94%E9%83%8E" n3="%E3%82%BC%E3%83%AB%E3%83%80%E3%81%AE%E4%BC%9D%E8%AA%AC" dan="16,17,16,17" rate="2116.58,2237.14,2147.29,2141.82" sx="M,M,M,M"/><TAIKYOKU oya="0"/><INIT seed="0,0,0,1,1,19" ten="250,250,250,250" oya="0" hai0="52,132,103,90,73,120,42,21,84,69,38,123,99" hai1="110,135,54,118,100,124,85,96,108,9,8,20,40" hai2="133,51,60,95,13,61,104,70,49,101,128,39,114" hai3="63,125,29,0,98,111,33,18,15,89,43,55,32"/><T17/><D73/><U87/><E118/><V75/><F114/><W37/><G0/><T24/><D69/><U7/><E124/><V14/><F39/><W71/><G125/><T59/><D132/><U78/><E135/><V134/><F75/><W46/><G111/><N who="1" m="42538" /><E40/><V28/><F104/><W126/><G29/><T26/><D26/><U23/><E54/><V83/><F70/><W31/><G31/><T119/><D119/><U44/><E44/><V53/><F28/><W12/><G12/><T130/><D130/><U79/><E87/><V4/><F53/><W62/><G62/><T65/><D65/><U129/><E9/><V107/><F107/><W2/><G2/><T115/><D115/><U113/><E129/><V36/><F128/><W22/><G126/><T6/><D6/><U116/><E116/><V121/><F4/><W3/><G3/><T35/><D35/><U57/><E57/><V82/><F36/><W16/><G18/><T80/><D42/><U127/><E113/><V86/><F121/><W11/><G11/><T112/><D38/><U81/><E78/><V5/><F5/><W41/><G41/><T58/><D58/><U27/><E27/><V25/><F25/><W76/><G76/><T56/><D59/><U106/><E127/><V122/><F122/><W97/><G55/><T67/><D67/><U74/><E74/><V88/><F133/><W109/><G109/><T68/><D68/><U72/><E72/><V10/><F134/><W30/><G71/><T77/><D77/><U48/><E48/><V50/><F49/><W92/><G37/><RYUUKYOKU ba="0,0" sc="250,-10,250,30,250,-10,250,-10" hai1="7,8,20,23,79,81,85,96,100,106" /><INIT seed="1,1,0,0,0,127" ten="240,280,240,240" oya="1" hai0="104,79,92,8,2,14,101,113,115,1,76,85,11" hai1="70,72,4,26,24,131,23,126,35,38,86,133,110" hai2="47,81,36,46,59,111,42,30,40,77,107,61,83" hai3="134,120,51,41,27,57,65,18,80,118,13,48,91"/><U44/><E72/><V49/><F107/><W128/><G120/><T109/><D11/><U22/><E70/><V129/><F111/><W45/><G134/><T58/><D58/><U60/><E126/><V39/><F30/><W99/><G118/><T17/><D109/><U3/><E133/><V25/><F25/><W66/><G128/><T122/><D122/><U54/><E131/><V68/><F129/><W105/><G27/><T116/><D116/><U82/><E110/><V56/><F77/><W89/><G105/><T19/><D19/><U7/><E35/><V73/><F73/><W98/><G66/><T52/><D79/><U108/><E108/><V43/><F83/><W119/><G119/><T132/><D104/><U100/><E100/><V32/><F81/><W31/><G31/><T74/><D74/><U20/><E38/><N who="2" m="14379" /><F32/><W117/><G117/><T106/><D106/><U94/><E94/><V6/><F6/><N who="1" m="2089" /><E3/><V34/><F34/><W121/><G121/><T21/><D92/><U88/><E44/><N who="2" m="16939" /><F49/><W53/><G80/><T71/><D1/><U90/><E90/><V75/><F75/><W102/><G102/><T55/><D101/><U124/><E124/><V130/><F130/><W84/><G89/><T64/><D2/><U0/><E0/><V93/><F93/><W112/><G91/><T5/><D132/><U9/><E9/><V62/><F68/><W96/><G48/><T103/><D71/><U50/><E50/><V10/><F10/><W29/><G51/><T95/><D8/><U37/><E37/><V15/><F15/><W78/><G13/><RYUUKYOKU ba="1,0" sc="240,-15,280,15,240,15,240,-15" hai1="20,22,23,24,26,54,60,82,86,88" hai2="40,42,43,56,59,61,62" /><INIT seed="1,2,0,5,0,121" ten="225,295,255,225" oya="1" hai0="8,46,37,124,131,23,115,118,85,73,34,48,4" hai1="17,110,129,64,76,108,135,127,67,109,91,70,72" hai2="81,62,104,114,98,7,101,54,32,74,80,29,43" hai3="22,122,14,33,40,132,128,117,19,134,68,71,30"/><U93/><E127/><V107/><F107/><W11/><G122/><T12/><D115/><U119/><E119/><V41/><F114/><W83/><G117/><T42/><D124/><U113/><E113/><V20/><F32/><W97/><G128/><T6/><D118/><U24/><E129/><V35/><F35/><W88/><G33/><T116/><D116/><U21/><E135/><N who="3" m="51754" /><G40/><T125/><D125/><U69/><E76/><V55/><F7/><N who="3" m="3455" /><G30/><T87/><D131/><U126/><E72/><V103/><F103/><W60/><G60/><T77/><D34/><U130/><E126/><V65/><F41/><W39/><G39/><T27/><D4/><U57/><E130/><V49/><F43/><W1/><G1/><T123/><D123/><U79/><E79/><V51/><F51/><W25/><G97/><T44/><D77/><U61/><E64/><V52/><F49/><W75/><G75/><T16/><REACH who="0" step="1"/><D73/><REACH who="0" ten="215,295,255,225" step="2"/><U10/><E10/><V28/><F74/><W36/><G36/><T105/><D105/><U53/><E67/><V86/><F104/><W82/><G82/><T102/><D102/><U2/><E2/><V66/><F80/><W50/><G50/><T100/><D100/><U0/><E0/><V120/><F101/><W26/><G26/><T106/><D106/><U84/><AGARI ba="2,1" hai="17,21,24,53,57,61,69,70,84,91,93,108,109,110" machi="84" ten="30,18000,2" yaku="0,1,14,1,10,1,52,3" doraHai="121" who="1" fromWho="1" sc="215,-62,295,196,255,-62,225,-62" /><INIT seed="1,3,0,1,5,34" ten="153,491,193,163" oya="1" hai0="101,105,89,125,74,45,26,51,95,22,72,131,99" hai1="48,106,132,102,61,3,114,93,49,65,103,8,84" hai2="92,87,128,52,70,67,123,98,2,120,107,6,75" hai3="91,88,80,54,68,25,42,104,28,118,133,1,85"/><U33/><E114/><V64/><F75/><W57/><G68/><T127/><D131/><U124/><E33/><V119/><F119/><W20/><G133/><T0/><D0/><U66/><E132/><V113/><F128/><W90/><G118/><T24/><D24/><U7/><E124/><N who="0" m="47689" /><D101/><U111/><E111/><V19/><F113/><W116/><G116/><T18/><D105/><U23/><E106/><V47/><F107/><W122/><G122/><T44/><D44/><U53/><E66/><V43/><F120/><W63/><G104/><T79/><D79/><U46/><E23/><V73/><F123/><W94/><G1/><T59/><D59/><U17/><E17/><V108/><F70/><W109/><G109/><T11/><D11/><U83/><E48/><V4/><F108/><W130/><G130/><T14/><D14/><U31/><E93/><V35/><F2/><W10/><G10/><T117/><D117/><U77/><REACH who="1" step="1"/><E31/><REACH who="1" ten="153,481,193,163" step="2"/><V69/><F35/><W56/><G94/><T129/><D129/><U12/><E12/><V15/><F15/><W32/><BYE who="2" /><G32/><T76/><D76/><U39/><E39/><V40/><F40/><AGARI ba="3,1" hai="18,22,26,40,45,51,72,74,89,95,99" m="47689" machi="40" ten="30,1000,0" yaku="18,1" doraHai="34" who="0" fromWho="2" sc="153,29,481,0,193,-19,163,0" /><INIT seed="2,0,0,4,4,85" ten="182,481,174,163" oya="2" hai0="80,48,103,91,58,46,126,100,79,29,71,7,66" hai1="32,92,117,52,25,28,74,55,62,59,78,123,9" hai2="122,11,95,129,20,40,36,101,50,131,17,98,87" hai3="76,16,128,64,135,1,22,21,119,108,56,53,115"/><V27/><F27/><W106/><G119/><T107/><D126/><U116/><E123/><V90/><F90/><W45/><G106/><T89/><D71/><U121/><E121/><V14/><F14/><W10/><G76/><UN n2="%E3%83%A9%E3%83%BC%E3%83%A1%E3%83%B3%E4%BA%94%E9%83%8E" /><T15/><D29/><U132/><E132/><V49/><F122/><W18/><G135/><T130/><D130/><N who="2" m="49674" /><F87/><W113/><G128/><T94/><D107/><U12/><E92/><V134/><F11/><W70/><G108/><T65/><D7/><U63/><E78/><V112/><F134/><W96/><G96/><N who="0" m="59415" /><D103/><U24/><E74/><V57/><F57/><W35/><G35/><T61/><D15/><U114/><E24/><N who="2" m="14351" /><F112/><N who="3" m="43083" /><G45/><AGARI ba="0,0" hai="36,40,45,49,50,95,98,101" m="14351,49674" machi="45" ten="30,1500,0" yaku="19,1" doraHai="85" who="2" fromWho="3" sc="182,0,481,0,174,15,163,-15" /><INIT seed="2,1,0,4,0,78" ten="182,481,189,148" oya="2" hai0="42,6,55,4,115,79,34,107,131,76,1,97,73" hai1="69,104,101,20,108,30,25,109,85,110,91,14,111" hai2="75,123,43,88,71,86,51,29,15,46,44,134,125" hai3="92,68,80,98,64,81,82,49,5,21,114,60,89"/><V40/><F123/><W118/><G118/><T77/><D115/><U128/><E110/><V18/><F71/><W103/><G114/><T12/><D34/><U13/><E128/><V37/><F75/><W41/><G5/><N who="0" m="2155" /><D1/><U39/><E69/><V56/><F125/><W124/><G124/><T0/><D0/><U61/><E39/><V11/><F134/><W127/><G127/><T47/><D107/><U95/><E61/><V96/><F56/><N who="3" m="36871" /><G21/><T130/><D97/><AGARI ba="1,0" hai="13,14,20,25,30,85,91,95,97,101,104,108,109,111" machi="97" ten="40,1300,0" yaku="14,1" doraHai="78" who="1" fromWho="0" sc="182,-16,481,16,189,0,148,0" /><INIT seed="3,0,0,3,2,12" ten="166,497,189,148" oya="3" hai0="67,11,83,124,101,29,33,0,119,45,60,87,125" hai1="120,111,86,35,90,47,9,6,131,79,82,91,17" hai2="51,95,104,39,34,44,54,61,42,14,128,52,26" hai3="4,41,85,22,100,92,1,3,107,116,118,84,97"/><W94/><G41/><T132/><D119/><U43/><E120/><V5/><F104/><W126/><G126/><N who="0" m="48747" /><D132/><U40/><E111/><V70/><F70/><W110/><G110/><T117/><D117/><U96/><E131/><V37/><F128/><W81/><G118/><T64/><D101/><U135/><E135/><V106/><F106/><W69/><G116/><T102/><D102/><U115/><E115/><V133/><F133/><W122/><G122/><T121/><D121/><U16/><E35/><V134/><F134/><W76/><G69/><N who="0" m="42119" /><D67/><U46/><E40/><V7/><F39/><W93/><G4/><N who="0" m="1415" /><D45/><U77/><E91/><V56/><F44/><N who="1" m="16937" /><E43/><V109/><F42/><W36/><G36/><T130/><D130/><U73/><E73/><V105/><F37/><W21/><REACH who="3" step="1"/><G84/><REACH who="3" ten="166,497,189,138" step="2"/><T32/><D29/><U25/><E6/><V49/><F5/><W108/><G108/><T98/><D98/><U74/><E74/><V20/><F109/><W80/><G80/><T48/><D48/><U23/><E96/><V8/><F49/><W123/><G123/><T89/><AGARI ba="0,1" hai="32,33,83,87,89" m="1415,42119,48747" machi="89" ten="30,1100,0" yaku="18,1" doraHai="12" who="0" fromWho="0" sc="166,21,497,-3,189,-3,138,-5" owari="187,-1.3,494,59.4,186,-21.4,133,-36.7" /></mjloggm>