<mjloggm ver="2.3"><GO type="225" lobby="0"/><UN n0="%E9%A6%AC%E5%BC%95%E7%81%AB%33" n1="%E6%9C%88%E5%B3%B6%E5%9F%BA" n2="%E5%91%A8%E6%9D%B1" n3="%EF%BC%AE%EF%BC%A1%EF%BC%AF%33%33%39" dan="16,17,16,16" rate="2124.26,2179.80,2174.16,2227.71" sx="M,M,M,M"/><TAIKYOKU oya="0"/><INIT seed="0,0,0,4,5,84" ten="250,250,250,250" oya="0" hai0="36,10,19,104,29,33,49,132,85,68,50,75,34" hai1="25,17,135,119,133,14,56,7,58,124,122,118,43" hai2="55,26,16,86,125,37,121,3,93,95,51,115,134" hai3="76,4,74,63,105,52,62,100,57,97,71,12,129"/><T109/><D75/><U108/><E122/><V2/><F121/><W106/><G129/><T6/><D36/><U9/><E43/><V99/><F37/><W23/><G76/><T24/><D104/><U69/><E69/><V67/><F115/><W27/><G74/><T103/><D103/><U117/><E108/><V0/><F134/><N who="1" m="51209" /><E124/><V112/><F112/><W53/><G105/><T72/><D72/><U70/><E70/><V79/><F67/><W123/><G123/><T88/><D68/><U59/><E25/><V94/><F125/><W1/><G1/><T5/><D132/><U126/><E126/><V30/><F86/><W22/><G71/><T61/><D34/><U83/><E83/><V64/><F79/><W82/><G82/><T128/><D61/><U73/><E73/><V111/><F64/><W18/><G4/><AGARI ba="0,0" hai="4,7,9,14,17,56,58,59,117,118,119" m="51209" machi="4" ten="40,1300,0" yaku="20,1" doraHai="84" who="1" fromWho="3" sc="250,0,250,13,250,0,250,-13" /><INIT seed="1,0,0,2,4,127" ten="250,263,250,237" oya="1" hai0="111,105,70,107,1,88,37,83,80,52,48,69,53" hai1="115,45,39,13,49,112,96,79,55,29,36,104,130" hai2="98,101,103,58,4,30,118,129,116,77,2,132,87" hai3="22,113,93,10,7,95,63,51,33,123,44,125,26"/><U14/><E79/><V41/><F41/><W34/><G113/><T15/><D1/><U21/><E112/><V11/><F30/><W35/><G123/><T42/><D42/><U32/><E115/><V17/><F132/><W92/><G63/><T110/><D15/><U94/><E104/><V119/><F17/><W19/><G125/><T73/><D48/><U43/><E32/><V90/><F77/><W46/><REACH who="3" step="1"/><G51/><REACH who="3" ten="250,263,250,227" step="2"/><T16/><D73/><U54/><E39/><V56/><F118/><W133/><G133/><T24/><D37/><U109/><E36/><V67/><F119/><W99/><G99/><T114/><D114/><U8/><E49/><V65/><F116/><W76/><G76/><T128/><D128/><U40/><E130/><V85/><F129/><W106/><G106/><T89/><D24/><U62/><E62/><V86/><F67/><W20/><G20/><T102/><D102/><U82/><E21/><V66/><F66/><W27/><G27/><T68/><D68/><U38/><E38/><V72/><F65/><W28/><G28/><T75/><D75/><U61/><E29/><V122/><F72/><W12/><AGARI ba="0,1" hai="7,10,12,19,22,26,33,34,35,44,46,92,93,95" machi="12" ten="40,2700,0" yaku="1,1,0,1,53,0" doraHai="127" doraHaiUra="100" who="3" fromWho="3" sc="250,-7,263,-13,250,-7,227,37" /><INIT seed="2,0,0,5,4,3" ten="243,250,243,264" oya="2" hai0="21,134,18,39,28,108,102,40,109,57,27,87,71" hai1="119,115,110,46,95,69,29,120,133,130,93,124,31" hai2="35,126,81,23,66,5,38,70,26,0,94,114,24" hai3="63,4,85,79,112,97,16,53,56,55,131,47,101"/><V84/><F114/><W128/><G112/><T41/><D134/><U74/><RYUUKYOKU type="yao9" ba="0,0" sc="243,0,250,0,243,0,264,0" hai1="29,31,46,69,74,93,95,110,115,119,120,124,130,133" /><INIT seed="2,1,0,5,3,120" ten="243,250,243,264" oya="2" hai0="109,25,108,110,9,21,35,29,1,129,93,48,37" hai1="64,58,88,39,61,115,126,7,81,95,87,38,96" hai2="132,52,13,72,12,59,33,76,106,5,14,85,134" hai3="133,47,17,49,89,69,111,107,78,102,91,98,36"/><V6/><F106/><W30/><G69/><T114/><D129/><U105/><E115/><V103/><F33/><W20/><G36/><T65/><D114/><U31/><E126/><V44/><F103/><W121/><G121/><T26/><D37/><U50/><E105/><V28/><F28/><W53/><G30/><N who="0" m="19919" /><D65/><U66/><E7/><V119/><F72/><W34/><G34/><T42/><D93/><U15/><E31/><V104/><F104/><W46/><G78/><T118/><D118/><U86/><E64/><V100/><F100/><W113/><G113/><T122/><D122/><U82/><E15/><V8/><F44/><W60/><G60/><T97/><D97/><U18/><E18/><V128/><F128/><W80/><G47/><N who="0" m="25719" /><D9/><U23/><E23/><V99/><F99/><W22/><G22/><T55/><D55/><U74/><E50/><V10/><F14/><W90/><G80/><T94/><D94/><U123/><E123/><V41/><F41/><W40/><G40/><T83/><D83/><U27/><E74/><V0/><F0/><AGARI ba="1,0" hai="0,1,21,26,29,108,109,110" m="25719,19919" machi="0" ten="30,7700,0" yaku="14,1,52,3" doraHai="120" who="0" fromWho="2" sc="243,80,250,0,243,-80,264,0" /><INIT seed="3,0,0,0,5,116" ten="323,250,163,264" oya="3" hai0="13,108,90,65,106,11,128,33,74,9,61,39,93" hai1="12,67,126,112,29,68,105,52,7,55,122,48,28" hai2="109,70,88,49,91,104,79,34,133,98,23,85,24" hai3="32,57,59,60,120,66,103,19,82,99,43,58,56"/><W40/><G32/><T96/><D33/><U123/><E112/><V17/><F109/><W50/><G120/><T107/><D39/><U26/><E105/><V115/><F133/><W94/><G50/><T124/><D74/><U10/><E126/><V38/><F38/><W80/><REACH who="3" step="1"/><G19/><REACH who="3" ten="323,250,163,254" step="2"/><T87/><D124/><U132/><E48/><V44/><F115/><W27/><G27/><T129/><D129/><U92/><E26/><V0/><F34/><W46/><G46/><T30/><D30/><U36/><E29/><V51/><F51/><W135/><G135/><T131/><D131/><U73/><E28/><V53/><F70/><W114/><G114/><T25/><D25/><U84/><E132/><V119/><F119/><W31/><G31/><T81/><D128/><U42/><E36/><V3/><F79/><W37/><G37/><T72/><D108/><U45/><E45/><V63/><F63/><W22/><G22/><T95/><D61/><U76/><E76/><V83/><REACH who="2" step="1"/><F104/><REACH who="2" ten="323,250,153,254" step="2"/><W117/><G117/><T97/><D107/><U1/><E68/><V8/><F8/><W110/><G110/><T111/><D9/><U77/><E77/><V69/><F69/><W78/><G78/><T41/><D106/><U2/><E10/><V75/><F75/><W15/><G15/><T134/><D72/><U86/><E12/><V102/><F102/><W16/><G16/><T89/><D111/><U20/><E73/><V100/><F100/><W35/><G35/><T62/><D13/><U18/><E18/><V14/><F14/><W121/><G121/><T54/><D11/><RYUUKYOKU ba="0,2" sc="323,-15,250,-15,153,15,254,15" hai2="0,3,17,23,24,44,49,53,83,85,88,91,98" hai3="40,43,56,57,58,59,60,66,80,82,94,99,103" /><INIT seed="3,1,2,3,3,26" ten="308,235,168,269" oya="3" hai0="78,25,2,121,72,57,27,96,66,62,81,67,113" hai1="131,50,135,84,37,89,3,44,54,29,102,133,127" hai2="126,32,106,17,109,79,130,128,112,95,46,51,65" hai3="21,88,0,24,49,122,18,73,77,110,117,97,80"/><W74/><G0/><T87/><D121/><U105/><E3/><V39/><F106/><W82/><G122/><T111/><D2/><U114/><E114/><V16/><F32/><W22/><G117/><T11/><D11/><U68/><E68/><V129/><F112/><W64/><G64/><T10/><D10/><U132/><E127/><V12/><F126/><W99/><G110/><T120/><D120/><U42/><E131/><V101/><F109/><W75/><G97/><T71/><D113/><U56/><E102/><V70/><F39/><W30/><G49/><T86/><D111/><U15/><E105/><V94/><F79/><W104/><G104/><T43/><D43/><U13/><REACH who="1" step="1"/><E29/><REACH who="1" ten="308,225,168,269" step="2"/><V124/><F124/><W34/><G34/><T31/><D31/><U6/><E6/><V91/><F70/><W59/><G59/><T48/><D57/><U8/><E8/><V93/><F101/><W98/><G98/><T118/><D96/><U35/><E35/><V52/><F65/><W63/><G63/><T55/><D67/><U103/><E103/><V4/><F4/><W134/><G134/><T92/><D118/><U38/><E38/><V33/><F33/><W108/><G108/><T23/><D62/><U83/><AGARI ba="1,3" hai="13,15,37,42,44,50,54,56,83,84,89,132,133,135" machi="83" ten="30,4000,0" yaku="1,1,0,1,20,1,53,0" doraHai="26" doraHaiUra="5" who="1" fromWho="1" sc="308,-11,225,73,168,-11,269,-21" /><INIT seed="4,0,0,4,1,117" ten="297,298,157,248" oya="0" hai0="71,124,11,70,7,17,53,36,51,64,59,68,99" hai1="63,0,88,112,30,73,116,128,60,89,78,114,8" hai2="43,101,84,24,76,61,10,5,100,66,31,126,118" hai3="108,33,103,49,110,125,45,13,119,35,27,29,97"/><T69/><D36/><U93/><E116/><V50/><F118/><W12/><G119/><T94/><D17/><U121/><E121/><V85/><F126/><W86/><G35/><T34/><D34/><U46/><E128/><V87/><F76/><W111/><G86/><T2/><D124/><U133/><E133/><V102/><F43/><W26/><G26/><T44/><D71/><U6/><E30/><V41/><F41/><W22/><G33/><T79/><D79/><U92/><E46/><V38/><F38/><W57/><G57/><T52/><D64/><U98/><E78/><V96/><F50/><W122/><G125/><T14/><D2/><U106/><E106/><V77/><F77/><W75/><G75/><T130/><D130/><U23/><E23/><V55/><F55/><W74/><G74/><T39/><D39/><U105/><E105/><V9/><F96/><W1/><G1/><T135/><D135/><U56/><E73/><V91/><F91/><W104/><REACH who="3" step="1"/><G122/><REACH who="3" ten="297,298,157,238" step="2"/><T42/><REACH who="0" step="1"/><D59/><REACH who="0" ten="287,298,157,238" step="2"/><U16/><E56/><N who="2" m="37159" /><F5/><W48/><G48/><T37/><D37/><U113/><E6/><V67/><F67/><W131/><G131/><T134/><D134/><U62/><E0/><V72/><F72/><W129/><G129/><T32/><D32/><U4/><E4/><V95/><F95/><W3/><G3/><T81/><D81/><U83/><E83/><V127/><F127/><W80/><G80/><T40/><D40/><AGARI ba="0,2" hai="12,13,22,27,29,40,45,49,97,103,104,108,110,111" machi="40" ten="40,2600,0" yaku="1,1,53,1" doraHai="117" doraHaiUra="21" who="3" fromWho="0" sc="287,-26,298,0,157,0,238,46" /><INIT seed="5,0,0,4,5,39" ten="261,298,157,284" oya="1" hai0="90,79,36,109,100,128,6,32,29,22,92,96,57" hai1="125,77,68,5,71,24,21,115,27,107,95,117,120" hai2="133,98,11,0,74,50,130,113,70,116,28,131,2" hai3="62,89,108,40,14,30,15,38,88,13,58,43,34"/><U18/><E107/><V101/><F70/><W48/><G108/><T93/><D109/><U4/><E117/><V121/><F121/><W12/><G38/><T17/><D128/><N who="2" m="49194" /><F116/><W20/><G34/><T67/><D36/><U112/><E120/><V42/><F74/><W8/><G20/><T35/><D79/><U111/><E111/><V41/><F133/><W7/><G30/><T66/><D6/><N who="1" m="2667" /><E125/><V94/><F11/><W105/><G105/><T135/><D135/><U33/><E77/><V104/><F28/><W26/><G26/><N who="1" m="9770" /><E95/><V25/><F25/><W114/><G114/><N who="1" m="43562" /><E33/><V126/><F113/><W61/><G61/><N who="0" m="38191" /><D29/><U9/><E21/><V85/><F126/><W46/><G43/><N who="2" m="16393" /><F50/><W119/><G119/><T60/><D32/><U81/><E81/><V86/><F104/><W10/><G8/><T82/><D35/><U99/><E99/><V78/><F78/><W127/><G127/><T16/><D82/><U47/><E47/><V91/><F101/><W52/><AGARI ba="0,0" hai="7,10,12,13,14,15,40,46,48,52,58,62,88,89" machi="52" ten="30,8000,1" yaku="0,1,8,1,52,1,54,2" doraHai="39" who="3" fromWho="3" sc="261,-20,298,-40,157,-20,284,80" owari="241,-15.9,258,5.8,137,-36.3,364,46.4" /></mjloggm>