<mjloggm ver="2.3"><GO type="225" lobby="0"/><UN n0="%E3%82%B3%E3%83%90%E3%83%AC%E3%82%A4" n1="%33%74%72%65%65" n2="%72%61%6B%33" n3="%E3%83%96%E3%83%83%E3%83%91%E3%82%AA%E3%83%96%E3%83%81%E3%82%AD%E3%83%B3" dan="16,16,16,16" rate="2151.89,2109.69,2127.15,2160.08" sx="M,F,M,M"/><TAIKYOKU oya="0"/><INIT seed="0,0,0,0,1,6" ten="250,250,250,250" oya="0" hai0="40,41,74,13,94,83,118,120,56,26,42,104,22" hai1="33,134,34,60,71,122,85,75,84,11,21,90,32" hai2="1,78,126,76,69,7,16,101,127,25,39,8,50" hai3="44,92,46,48,132,5,98,36,130,63,68,73,72"/><T52/><D104/><U49/><E122/><V110/><F39/><W57/><G130/><T115/><D120/><U133/><E75/><V86/><F69/><W88/><G132/><N who="1" m="50794" /><E21/><N who="2" m="13479" /><F101/><W109/><G109/><T18/><D118/><U2/><E49/><V17/><F110/><W24/><G68/><T108/><D115/><U59/><E71/><V93/><F17/><W89/><G36/><T47/><D108/><U77/><E77/><V125/><F50/><W135/><G135/><T82/><D47/><U124/><E124/><V35/><F35/><W91/><G5/><T102/><D74/><U55/><E90/><AGARI ba="0,0" hai="1,7,8,76,78,86,90,93,125,126,127" m="13479" machi="90" ten="30,3900,0" yaku="18,1,52,1,54,1" doraHai="6" who="2" fromWho="1" sc="250,0,250,-39,250,39,250,0" /><INIT seed="1,0,0,3,5,72" ten="250,211,289,250" oya="1" hai0="111,64,100,7,74,70,108,75,55,93,130,87,30" hai1="48,116,110,43,82,68,14,80,25,102,129,124,44" hai2="26,90,4,86,131,119,5,89,11,109,50,132,59" hai3="1,65,96,62,51,34,134,127,104,71,133,114,69"/><U125/><E116/><V28/><F119/><W91/><G114/><T2/><D30/><U19/><E129/><V18/><F131/><W45/><G127/><N who="1" m="48714" /><E68/><V41/><F109/><W126/><G126/><T29/><D130/><U24/><E110/><V63/><F132/><N who="3" m="50795" /><G1/><T9/><D111/><U85/><E102/><V81/><F90/><W78/><G34/><T42/><D108/><U120/><E120/><V121/><F121/><W79/><G71/><T77/><D29/><U27/><E85/><V128/><F128/><W33/><G33/><T17/><D75/><U39/><E39/><V113/><F113/><W16/><G16/><T8/><D74/><U21/><AGARI ba="0,0" hai="14,19,21,24,25,27,43,44,48,80,82" m="48714" machi="21" ten="30,1500,0" yaku="18,1" doraHai="72" who="1" fromWho="1" sc="250,-5,211,15,289,-5,250,-5" /><INIT seed="1,1,0,0,2,39" ten="245,226,284,245" oya="1" hai0="15,67,120,124,22,104,35,109,52,111,74,84,3" hai1="113,49,132,129,28,99,117,133,72,11,85,130,86" hai2="2,47,24,91,79,115,97,62,7,5,10,30,20" hai3="65,9,131,60,68,96,21,107,116,94,90,88,80"/><U106/><E72/><V54/><F115/><W75/><G131/><N who="1" m="50186" /><E113/><V70/><F79/><W38/><G116/><T4/><D74/><U41/><E117/><V50/><F7/><W19/><G107/><T46/><D104/><U14/><E28/><V53/><F70/><W26/><G38/><T61/><D35/><U34/><E34/><V105/><F62/><W92/><G9/><T27/><D3/><U18/><E99/><V87/><F97/><W95/><REACH who="3" step="1"/><G96/><REACH who="3" ten="245,226,284,235" step="2"/><T108/><D111/><U40/><E106/><V119/><F105/><W126/><G126/><T112/><D124/><U71/><E71/><V123/><F119/><W121/><G121/><T56/><D120/><U128/><E128/><V83/><REACH who="2" step="1"/><F123/><REACH who="2" ten="245,226,274,235" step="2"/><W81/><G81/><T42/><D109/><U16/><E132/><V127/><F127/><W43/><G43/><AGARI ba="1,2" hai="2,5,10,20,24,30,43,47,50,53,54,83,87,91" machi="43" ten="30,3900,0" yaku="1,1,7,1,52,1,53,0" doraHai="39" doraHaiUra="135" who="2" fromWho="3" sc="245,0,226,0,274,62,235,-42" /><INIT seed="2,0,0,4,1,17" ten="245,226,336,193" oya="2" hai0="94,2,129,126,74,111,53,59,48,107,118,72,4" hai1="79,95,55,30,28,70,90,134,12,37,116,42,77" hai2="109,22,24,11,32,63,115,69,18,5,76,20,114" hai3="127,29,34,36,133,0,21,97,8,100,130,50,120"/><V1/><F76/><N who="1" m="29257" /><E70/><V125/><F69/><W83/><G120/><T131/><D107/><U101/><E116/><V65/><F32/><W87/><G36/><T81/><D118/><U45/><E37/><V135/><F135/><W103/><G133/><T73/><D126/><U47/><E134/><V96/><F125/><W75/><G127/><T80/><D111/><U23/><E101/><N who="3" m="38986" /><G34/><T113/><D113/><U38/><E38/><V14/><F96/><W98/><G0/><T3/><D94/><U84/><E42/><V58/><F109/><W44/><G8/><T67/><D67/><U19/><E55/><V66/><F65/><W35/><G130/><N who="0" m="49675" /><D4/><U92/><E92/><V89/><F89/><N who="3" m="51455" /><G75/><N who="0" m="19203" /><T117/><DORA hai="41" /><D117/><U78/><N who="1" m="29265" /><U7/><DORA hai="33" /><E7/><V61/><F61/><W9/><G9/><T82/><AGARI ba="0,0" hai="2,3,48,53,59,80,81,82" m="19203,49675" machi="82" ten="50,6400,0" yaku="19,1,52,2" doraHai="17,41,33" who="0" fromWho="0" sc="245,64,226,-16,336,-32,193,-16" /><INIT seed="3,0,0,4,4,19" ten="309,210,304,177" oya="3" hai0="25,112,36,66,106,55,16,85,69,80,81,57,2" hai1="59,120,104,122,3,49,105,130,102,100,65,31,12" hai2="72,67,46,15,4,89,33,41,0,54,133,11,93" hai3="48,32,132,34,73,128,131,68,47,17,94,78,97"/><W125/><G68/><T63/><D2/><U113/><E3/><V74/><F33/><W129/><G125/><T60/><D106/><U56/><E113/><V28/><F28/><W39/><G39/><T52/><D36/><U77/><E77/><V109/><F67/><W29/><G132/><T92/><D112/><U38/><E38/><V53/><F0/><W114/><G114/><T71/><D69/><U83/><E31/><V61/><F133/><W95/><G29/><T14/><D25/><U50/><E65/><V5/><F5/><W87/><G73/><T20/><D55/><U115/><E115/><V9/><F9/><W126/><G126/><T107/><D107/><U98/><E83/><V119/><F119/><W121/><G121/><T64/><D64/><U91/><E91/><V44/><F44/><W118/><G17/><T62/><D60/><U110/><E12/><V86/><F109/><W24/><G118/><T79/><D79/><U21/><E110/><V127/><F127/><W134/><G24/><T124/><D124/><U117/><E117/><V123/><F123/><W1/><G1/><T84/><D84/><U76/><E76/><V96/><F86/><W111/><G111/><T103/><D103/><U45/><E98/><V101/><F101/><N who="3" m="60599" /><G134/><T90/><AGARI ba="0,0" hai="14,16,20,52,57,62,63,66,71,80,81,85,90,92" machi="90" ten="30,7900,0" yaku="0,1,52,1,54,2" doraHai="19" who="0" fromWho="0" sc="309,79,210,-20,304,-20,177,-39" owari="388,48.8,190,-21.0,284,8.4,138,-36.2" /></mjloggm>