<mjloggm ver="2.3"><GO type="225" lobby="0"/><UN n0="%E3%81%90%E3%81%A1%E3%82%84%E3%81%BE" n1="%E3%83%A9%E3%82%A4%E3%83%B3%E3%81%AE%E8%99%8E" n2="%E3%80%93%E3%81%97%E3%83%BC%E3%82%89%E3%80%93" n3="%E3%82%AF%E3%82%A3%E3%82%A6" dan="16,16,17,16" rate="2129.08,2125.50,2138.76,2069.01" sx="M,M,M,M"/><TAIKYOKU oya="0"/><INIT seed="0,0,0,1,5,106" ten="250,250,250,250" oya="0" hai0="64,40,68,8,5,50,129,128,95,117,19,14,80" hai1="62,92,47,86,63,51,57,55,112,24,29,46,82" hai2="120,1,98,114,119,115,33,110,21,20,77,90,127" hai3="103,45,7,65,71,32,109,89,41,111,104,48,25"/><T13/><D117/><U76/><E112/><V96/><F33/><W38/><G7/><T121/><D121/><U31/><E31/><V99/><F1/><W126/><G126/><T132/><D132/><U22/><E92/><V122/><F127/><W94/><G48/><T67/><D95/><U133/><E133/><V2/><F2/><W42/><G42/><T44/><D80/><U83/><E83/><V93/><F119/><W118/><G118/><T66/><REACH who="0" step="1"/><D68/><REACH who="0" ten="240,250,250,250" step="2"/><U28/><E28/><V52/><F120/><W15/><G94/><T0/><D0/><U113/><E113/><V3/><F122/><W87/><G71/><T11/><AGARI ba="0,1" hai="5,8,11,13,14,19,40,44,50,64,66,67,128,129" machi="11" ten="30,3000,0" yaku="1,1,0,1,53,0" doraHai="106" doraHaiUra="116" who="0" fromWho="0" sc="240,40,250,-10,250,-10,250,-10" /><INIT seed="0,1,0,1,4,107" ten="280,240,240,240" oya="0" hai0="133,49,23,0,93,33,48,90,47,35,114,130,97" hai1="16,110,45,131,113,31,126,76,27,26,84,75,17" hai2="62,9,69,86,115,118,132,24,102,25,21,37,1" hai3="95,135,120,78,2,104,56,54,51,18,20,128,119"/><T74/><D114/><U10/><E84/><V96/><F37/><W108/><G104/><T8/><D133/><U83/><E113/><V124/><F115/><W65/><G108/><T55/><D130/><U39/><E110/><V59/><F132/><W12/><G119/><T116/><D116/><U98/><E131/><V88/><F118/><W36/><G135/><T64/><D74/><U19/><E126/><V3/><F69/><W41/><G128/><T73/><D73/><U5/><E98/><V60/><F124/><W14/><G2/><T34/><D64/><U52/><E31/><V89/><F25/><N who="3" m="14487" /><G36/><T112/><D112/><U61/><E61/><V125/><F125/><W6/><G120/><T134/><D134/><U7/><E7/><V53/><F62/><N who="3" m="38087" /><G78/><T22/><REACH who="0" step="1"/><D49/><REACH who="0" ten="270,240,240,240" step="2"/><U100/><E39/><V63/><F63/><W121/><G121/><T122/><D122/><U44/><E44/><V71/><F71/><W82/><G51/><T99/><D99/><U40/><E45/><V127/><F127/><W103/><G6/><AGARI ba="1,1" hai="0,6,8,22,23,33,34,35,47,48,55,90,93,97" machi="6" ten="40,2000,0" yaku="1,1,53,0" doraHai="107" doraHaiUra="123" who="0" fromWho="3" sc="270,33,240,0,240,0,240,-23" /><INIT seed="0,2,0,5,3,18" ten="303,240,240,217" oya="0" hai0="127,23,12,8,124,11,30,63,52,83,71,122,34" hai1="28,113,107,31,79,20,2,51,55,13,29,74,116" hai2="77,96,46,40,58,112,99,24,66,73,94,81,86" hai3="47,104,72,92,105,89,76,62,64,87,125,38,36"/><T61/><D122/><U84/><E116/><V119/><F119/><W120/><G125/><N who="0" m="48203" /><D71/><U27/><E2/><V14/><F112/><W21/><G120/><T90/><D34/><U111/><E107/><V100/><F96/><W126/><G126/><T48/><D90/><U17/><E111/><V19/><F24/><W78/><G21/><T32/><D83/><N who="1" m="47231" /><E74/><V85/><F58/><W7/><G7/><T56/><D32/><U57/><E113/><V123/><F66/><W109/><G109/><T35/><D35/><U49/><E49/><V15/><F15/><AGARI ba="2,0" hai="13,15,17,20,27,28,29,31,51,55,57" m="47231" machi="15" ten="30,2000,0" yaku="8,1,52,1" doraHai="18" who="1" fromWho="2" sc="303,0,240,26,240,-26,217,0" /><INIT seed="1,0,0,0,5,74" ten="303,266,214,217" oya="1" hai0="21,39,17,16,64,18,28,42,69,133,4,26,25" hai1="48,80,120,57,91,41,108,92,97,49,58,135,59" hai2="127,101,55,7,15,115,116,83,23,6,12,79,60" hai3="106,30,81,11,20,67,66,118,117,19,94,77,82"/><U134/><E120/><V86/><F116/><N who="3" m="44651" /><G106/><T50/><D39/><U109/><E41/><V46/><F127/><W3/><G94/><T99/><D69/><U87/><E48/><N who="2" m="29079" /><F115/><W14/><G82/><T131/><D64/><U75/><E75/><V88/><F101/><W122/><G122/><T111/><D99/><U35/><E35/><V112/><F112/><W44/><G44/><T129/><D50/><U96/><E49/><V0/><F0/><W78/><G78/><T72/><D42/><U54/><E54/><V32/><F32/><W2/><G30/><T52/><D52/><U5/><E5/><N who="2" m="1547" /><F60/><W13/><G2/><T128/><D72/><U33/><E33/><V107/><F107/><W36/><G36/><T98/><D4/><U125/><E125/><V132/><F132/><N who="1" m="50729" /><E96/><V61/><F61/><W70/><G3/><T38/><D38/><U53/><E53/><V89/><F15/><N who="3" m="9343" /><G70/><T85/><D133/><U110/><E59/><V104/><F104/><W65/><G11/><T63/><D63/><U27/><E27/><V114/><F114/><W47/><G47/><T31/><D98/><U1/><E1/><V124/><F124/><W34/><G34/><T105/><D105/><U8/><E8/><V37/><F37/><W100/><G100/><AGARI ba="0,0" hai="57,58,80,87,91,92,97,100,108,109,110" m="50729" machi="100" ten="40,7700,0" yaku="14,1,10,1,20,1" doraHai="74" who="1" fromWho="3" sc="303,0,266,77,214,0,217,-77" /><INIT seed="1,1,0,4,0,123" ten="303,343,214,140" oya="1" hai0="73,105,51,122,18,128,119,70,58,99,59,33,106" hai1="34,25,66,39,132,21,22,79,35,130,7,67,72" hai2="96,0,43,108,126,32,134,42,71,46,124,48,113" hai3="101,109,69,125,76,102,40,54,4,12,112,111,47"/><U107/><E107/><V97/><F32/><W31/><G112/><T50/><D119/><U30/><E39/><V24/><F0/><W5/><G125/><N who="2" m="48233" /><F71/><W86/><G69/><T49/><D70/><U23/><E79/><V53/><F113/><W27/><G54/><T80/><D33/><N who="1" m="12299" /><E72/><V120/><F24/><W55/><G55/><T63/><D122/><U118/><E66/><V26/><F26/><W75/><G75/><T16/><D128/><U77/><E77/><V37/><F120/><W114/><G114/><T94/><D80/><U83/><E83/><V3/><F3/><W82/><G102/><T100/><D73/><U19/><E67/><V64/><F64/><W135/><G135/><T131/><D131/><U13/><E130/><V57/><F134/><W20/><G101/><T17/><REACH who="0" step="1"/><D63/><REACH who="0" ten="293,343,214,140" step="2"/><U1/><E132/><V88/><F43/><W68/><G68/><T65/><D65/><U15/><E118/><V104/><F42/><W116/><G116/><T28/><D28/><U81/><E81/><V115/><F115/><W45/><G45/><T8/><D8/><N who="1" m="2159" /><E13/><V11/><F46/><W89/><G76/><T44/><D44/><U6/><E6/><V9/><F9/><AGARI ba="1,1" hai="9,15,19,21,22,23,25,30" m="2159,12299" machi="9" ten="30,12000,1" yaku="35,5" doraHai="123" who="1" fromWho="2" sc="293,0,343,133,214,-123,140,0" /><INIT seed="1,2,0,5,3,73" ten="293,476,91,140" oya="1" hai0="32,121,127,110,109,97,59,92,135,98,114,7,125" hai1="37,28,66,104,128,3,70,47,39,17,4,123,29" hai2="94,112,116,38,131,68,22,41,49,13,76,63,117" hai3="18,74,61,40,99,122,101,93,31,46,72,80,119"/><U134/><E17/><V57/><F22/><W16/><G122/><T54/><D32/><U51/><E104/><V6/><F13/><W100/><G119/><N who="2" m="45641" /><F94/><W105/><G31/><T65/><D65/><U86/><E86/><V67/><F6/><W5/><G5/><T75/><D7/><U133/><E128/><V132/><F76/><W30/><G30/><T45/><D45/><U106/><E106/><V95/><F95/><W0/><G0/><T79/><D59/><U1/><E66/><V23/><F23/><W20/><G61/><T129/><D54/><U84/><E84/><V69/><F131/><W21/><G105/><T58/><D58/><U126/><E4/><V56/><F132/><W24/><G80/><T33/><D33/><U111/><E47/><N who="2" m="23991" /><F112/><W14/><REACH who="3" step="1"/><G100/><REACH who="3" ten="293,476,91,130" step="2"/><T26/><D129/><U36/><E28/><V11/><F11/><W96/><G96/><T53/><D98/><U91/><E91/><V2/><BYE who="1" /><F2/><W107/><G107/><T115/><D97/><U60/><E60/><N who="2" m="38279" /><F49/><AGARI ba="2,1" hai="14,16,18,20,21,24,40,46,49,72,74,93,99,101" machi="49" ten="30,7700,0" yaku="1,1,7,1,54,1,53,1" doraHai="73" doraHaiUra="89" who="3" fromWho="2" sc="293,0,476,0,91,-83,130,93" /><UN n1="%E3%83%A9%E3%82%A4%E3%83%B3%E3%81%AE%E8%99%8E" /><INIT seed="2,0,0,3,2,97" ten="293,476,8,223" oya="2" hai0="22,78,90,33,49,18,28,65,91,16,54,68,34" hai1="73,40,27,124,119,110,125,92,71,84,8,6,103" hai2="52,104,55,17,75,121,86,5,79,41,62,77,9" hai3="80,47,56,115,129,116,46,13,36,7,109,105,133"/><V106/><F75/><W101/><G116/><T81/><D68/><U107/><E73/><V20/><F121/><W30/><G115/><T25/><D65/><U102/><E107/><V127/><F41/><W94/><G109/><T19/><D34/><U88/><E110/><V53/><F127/><N who="1" m="48713" /><E119/><V32/><F32/><W24/><G129/><T122/><D122/><U130/><E130/><V113/><F113/><W10/><G133/><T123/><D123/><U74/><E74/><V0/><F62/><W126/><G105/><T67/><D67/><U63/><E40/><V108/><F108/><W57/><G36/><T98/><D98/><U69/><E27/><V93/><F106/><W26/><G80/><T134/><D134/><U95/><E95/><V100/><F104/><W117/><G117/><T87/><D33/><U82/><E82/><V72/><F72/><W39/><G126/><T35/><D35/><U51/><E51/><V3/><F3/><W44/><G39/><T114/><D114/><U112/><E112/><V29/><F29/><W4/><G4/><T61/><D61/><U83/><E83/><V15/><F86/><W31/><G31/><T99/><D99/><U135/><E135/><V58/><F58/><AGARI ba="0,0" hai="16,18,19,22,25,28,49,54,58,78,81,87,90,91" machi="58" ten="40,2600,0" yaku="8,1,54,1" doraHai="97" who="0" fromWho="2" sc="293,26,476,0,8,-26,223,0" owari="319,11.9,476,57.6,-18,-51.8,223,-17.7" /></mjloggm>