<mjloggm ver="2.3"><GO type="225" lobby="0"/><UN n0="%E3%81%8B%E3%82%8F%E3%81%A1%E3%82%83%E3%82%93%35%38" n1="%E5%8F%AF%E5%85%90%E9%82%A3%E7%94%B1%E5%A4%9A" n2="%E3%83%A9%E3%82%B9%E7%8E%87%EF%BC%93%E5%89%B2" n3="%E6%81%A5%E6%99%92%E3%81%97" dan="16,16,16,16" rate="2140.58,2125.30,2182.21,2172.47" sx="M,F,F,M"/><TAIKYOKU oya="0"/><INIT seed="0,0,0,0,0,87" ten="250,250,250,250" oya="0" hai0="104,97,61,93,101,135,124,43,73,35,132,131,18" hai1="114,76,125,82,109,48,44,20,108,0,55,129,112" hai2="6,63,49,56,96,117,1,10,71,68,23,13,24" hai3="54,36,65,9,115,7,3,72,41,116,84,111,29"/><T113/><D35/><U17/><E0/><V110/><F117/><W85/><G115/><N who="1" m="44074" /><E125/><V46/><F110/><W16/><G111/><T120/><D113/><U59/><E129/><V40/><F1/><W2/><G116/><T62/><D120/><U88/><E44/><V33/><F33/><W83/><G54/><T77/><D131/><U8/><E8/><V75/><F75/><W126/><G29/><T90/><D124/><U52/><E55/><V121/><F96/><W103/><G103/><T26/><D43/><U4/><E4/><V78/><F78/><N who="3" m="44487" /><G2/><T51/><D51/><U28/><E28/><V102/><F102/><W15/><G65/><T127/><D127/><U57/><E57/><V34/><F34/><W98/><G98/><T50/><D50/><U25/><E76/><V37/><F37/><W5/><G5/><T133/><D18/><U134/><E134/><V21/><F121/><W119/><G119/><T79/><D26/><U92/><E82/><V70/><REACH who="2" step="1"/><F24/><REACH who="2" ten="250,250,240,250" step="2"/><W12/><G126/><T118/><D118/><U80/><E80/><V89/><F89/><W69/><G15/><T14/><D14/><U66/><E66/><AGARI ba="0,1" hai="6,10,13,21,23,40,46,49,56,63,66,68,70,71" machi="66" ten="40,2600,0" yaku="1,1,53,1" doraHai="87" doraHaiUra="42" who="2" fromWho="1" sc="250,0,250,-26,240,36,250,0" /><INIT seed="1,0,0,4,5,45" ten="250,224,276,250" oya="1" hai0="40,49,22,130,53,11,92,2,91,119,127,0,107" hai1="57,132,100,118,32,7,94,31,35,90,121,27,46" hai2="89,73,8,29,105,9,93,110,80,6,76,97,17" hai3="82,12,87,4,109,56,120,18,15,51,72,37,60"/><U68/><E118/><V101/><F110/><W129/><G120/><T10/><D119/><U65/><E121/><V66/><F29/><W122/><G122/><T104/><D127/><U70/><E132/><V125/><F125/><W81/><G37/><T112/><D112/><U126/><E126/><V42/><F66/><W23/><G129/><T88/><D130/><U84/><E35/><V21/><F42/><W123/><G109/><T79/><D79/><U59/><E7/><V106/><F6/><W44/><G72/><T26/><D40/><U1/><E1/><V103/><F103/><W83/><G123/><T74/><D74/><U38/><E100/><V54/><F54/><N who="3" m="30055" /><G4/><T99/><D0/><U115/><E115/><V98/><REACH who="2" step="1"/><F106/><REACH who="2" ten="250,224,266,250" step="2"/><W131/><G131/><T36/><D107/><U114/><E114/><V50/><F50/><W67/><G12/><AGARI ba="0,1" hai="8,9,12,17,21,73,76,80,89,93,97,98,101,105" machi="12" ten="30,2000,0" yaku="1,1,7,1,53,0" doraHai="45" doraHaiUra="71" who="2" fromWho="3" sc="250,0,224,0,266,30,250,-20" /><INIT seed="2,0,0,5,3,97" ten="250,224,296,230" oya="2" hai0="95,22,38,117,65,48,3,11,16,114,20,100,116" hai1="92,103,12,33,111,43,24,49,13,54,118,131,7" hai2="107,39,1,40,31,51,15,67,82,80,19,81,37" hai3="88,71,63,115,104,122,87,98,64,128,85,61,119"/><V50/><F1/><W105/><G119/><N who="0" m="45643" /><D38/><U83/><E118/><V110/><F67/><W28/><G122/><T112/><D65/><U74/><E111/><V123/><F123/><W108/><G108/><T77/><D77/><U84/><E131/><V78/><F107/><W30/><G128/><T62/><D62/><U129/><E129/><V109/><F31/><W56/><G115/><T133/><D133/><U10/><E43/><V21/><F109/><W89/><G98/><N who="0" m="59487" /><D48/><U70/><E70/><V79/><F110/><W35/><G64/><T68/><D68/><U72/><E49/><N who="2" m="18443" /><F39/><W106/><G71/><T52/><D52/><U66/><E54/><V9/><F37/><W101/><G106/><T125/><D125/><U4/><E66/><V130/><F130/><W58/><G35/><T5/><D22/><U46/><E46/><V2/><F2/><W94/><G94/><T132/><D132/><U126/><E126/><V113/><F113/><W18/><G18/><T102/><D102/><AGARI ba="0,0" hai="28,30,56,58,61,63,85,87,88,89,101,102,104,105" machi="102" ten="25,8000,1" yaku="22,2,52,2,54,1" doraHai="97" who="3" fromWho="0" sc="250,-80,224,0,296,0,230,80" /><INIT seed="3,0,0,1,2,20" ten="170,224,296,310" oya="3" hai0="22,66,100,70,95,133,126,17,108,132,34,15,27" hai1="37,2,28,104,21,80,41,5,59,39,116,94,36" hai2="111,103,54,124,60,127,69,46,77,51,64,106,120" hai3="96,121,25,83,75,55,81,62,49,88,30,44,53"/><W35/><G121/><T38/><D38/><U12/><E104/><V109/><F77/><W107/><G75/><T11/><D95/><U102/><E2/><V1/><F1/><W90/><G107/><T84/><D84/><U115/><E115/><V40/><F106/><W78/><G78/><T93/><D93/><U18/><E5/><V67/><F103/><W76/><G76/><T29/><D100/><U7/><E7/><V68/><F120/><W42/><G62/><T3/><D66/><N who="2" m="25130" /><F40/><W131/><G131/><T4/><D70/><N who="2" m="27242" /><F60/><W31/><G31/><T82/><D82/><U87/><E28/><V33/><F33/><W135/><G135/><N who="0" m="51787" /><D108/><AGARI ba="0,0" hai="46,51,54,108,109,111,124,127" m="27242,25130" machi="108" ten="40,5200,0" yaku="14,1,34,2" doraHai="20" who="2" fromWho="0" sc="170,-52,224,0,296,52,310,0" owari="118,-38.2,224,-17.6,348,44.8,310,11.0" /></mjloggm>