<mjloggm ver="2.3"><GO type="225" lobby="0"/><UN n0="%E3%81%BF%E3%81%BF%E3%81%9A" n1="%E5%85%88%E7%89%A9%E3%81%AF%74%72%61%73%68" n2="%E7%99%BD%E5%80%89%E5%AF%9B%E4%B9%8B" n3="%E3%81%A0%E3%81%8A" dan="17,17,16,17" rate="2182.49,2146.74,2173.54,2069.62" sx="M,M,M,M"/><TAIKYOKU oya="0"/><INIT seed="0,0,0,0,0,44" ten="250,250,250,250" oya="0" hai0="94,4,98,20,125,47,53,9,128,104,112,32,100" hai1="3,95,110,96,77,54,114,55,45,28,22,79,122" hai2="37,130,17,84,85,129,21,35,48,83,62,1,99" hai3="14,63,0,70,41,36,42,71,56,13,24,111,92"/><T5/><D112/><U132/><E122/><V31/><F37/><W120/><G0/><T118/><D118/><U133/><E3/><V58/><F1/><W60/><G92/><T102/><D32/><U59/><E110/><V50/><F35/><W82/><G82/><T34/><D34/><U119/><E119/><V66/><F31/><W117/><G24/><T135/><D135/><N who="1" m="51787" /><E114/><V72/><F72/><W46/><G46/><T103/><D128/><N who="2" m="49258" /><F99/><W116/><G56/><T30/><D125/><U27/><E45/><V105/><F105/><W52/><G36/><T131/><D131/><U19/><E28/><V73/><F73/><W49/><G120/><T68/><D68/><U123/><E123/><V29/><F29/><W86/><G86/><N who="2" m="33385" /><F83/><W69/><G111/><T91/><D104/><U61/><E55/><V6/><F6/><W65/><G52/><T51/><REACH who="0" step="1"/><D9/><REACH who="0" ten="240,250,250,250" step="2"/><U108/><E108/><V89/><F89/><AGARI ba="0,1" hai="19,22,27,54,59,61,77,79,89,95,96" m="51787" machi="89" ten="30,2000,0" yaku="25,1,20,1" doraHai="44" who="1" fromWho="2" sc="240,0,250,30,250,-20,250,0" /><INIT seed="1,0,0,1,0,4" ten="240,280,230,250" oya="1" hai0="71,128,129,8,40,80,101,15,88,27,23,46,28" hai1="17,108,89,91,56,75,97,125,84,135,126,18,111" hai2="2,43,110,1,60,134,3,0,72,19,121,106,73" hai3="130,48,114,24,35,51,63,103,123,10,65,90,53"/><U55/><E75/><V67/><N who="2" m="0" /><DORA hai="14" /><V47/><F106/><W30/><G123/><T61/><D101/><U22/><E135/><V49/><F121/><W105/><G114/><T54/><D71/><U83/><E97/><V93/><F134/><W5/><G103/><T9/><D61/><N who="1" m="35999" /><E91/><V36/><F110/><N who="1" m="42025" /><E18/><V118/><F118/><W37/><G90/><T132/><D132/><U45/><E45/><V16/><F36/><W44/><G37/><T21/><D54/><U85/><E84/><V79/><F93/><W7/><G53/><T99/><D46/><U95/><E95/><V70/><REACH who="2" step="1"/><F73/><REACH who="2" ten="240,280,220,250" step="2"/><W74/><G105/><T94/><D129/><U115/><E115/><V92/><F92/><W116/><G130/><T25/><D128/><U13/><AGARI ba="0,1" hai="13,17,22,83,85,89,125,126" m="42025,35999" machi="13" ten="30,6000,0" yaku="14,1,10,1,52,1" doraHai="4,14" who="1" fromWho="1" sc="240,-20,280,70,220,-20,250,-20" /><INIT seed="1,1,0,4,4,88" ten="220,350,200,230" oya="1" hai0="56,82,107,53,5,123,116,89,73,85,19,62,50" hai1="45,71,17,22,58,84,51,115,99,98,27,31,131" hai2="96,54,133,126,93,81,72,125,25,134,95,38,87" hai3="21,68,0,74,4,79,42,111,90,109,61,103,86"/><U9/><E115/><V2/><F2/><W28/><G103/><T47/><D116/><U26/><E71/><V80/><F38/><W124/><G42/><T64/><D123/><U91/><E131/><V13/><F13/><W66/><G124/><N who="2" m="47721" /><F54/><W39/><G39/><T8/><D107/><U121/><E58/><V128/><F25/><W122/><G122/><T41/><D73/><U110/><E110/><N who="3" m="41994" /><G79/><T14/><REACH who="0" step="1"/><D5/><REACH who="0" ten="210,350,200,230" step="2"/><U63/><E121/><V48/><F128/><W24/><G74/><T119/><D119/><U105/><E105/><V127/><F48/><W100/><G4/><T59/><D59/><U135/><E51/><V18/><F18/><W102/><G0/><T132/><D132/><N who="2" m="50794" /><F127/><W7/><G7/><T75/><D75/><U37/><E17/><V101/><F72/><W65/><G66/><AGARI ba="1,1" hai="8,14,19,41,47,50,53,56,62,64,66,82,85,89" machi="66" ten="40,2600,0" yaku="1,1,8,1,53,0" doraHai="88" doraHaiUra="94" who="0" fromWho="3" sc="210,39,350,0,200,0,230,-29" /><INIT seed="2,0,0,0,5,123" ten="249,350,200,201" oya="2" hai0="45,129,79,131,85,62,40,20,65,0,25,30,19" hai1="22,35,114,99,103,64,10,61,89,120,113,59,83" hai2="63,82,98,134,33,105,94,46,58,37,117,54,52" hai3="110,49,78,68,87,66,29,28,42,122,76,41,121"/><V108/><F33/><W11/><G68/><T8/><D79/><U132/><E35/><V101/><F117/><W3/><G66/><T97/><D85/><U24/><E132/><V71/><F134/><W111/><G87/><T27/><D97/><U56/><E120/><V91/><F71/><W36/><G49/><T53/><D53/><U2/><E59/><V67/><F82/><W16/><G11/><T130/><D0/><U26/><E26/><V96/><REACH who="2" step="1"/><F108/><REACH who="2" ten="249,350,190,201" step="2"/><W70/><G70/><T92/><D130/><U77/><E83/><V119/><F119/><W17/><G3/><T9/><D129/><U133/><E2/><V100/><F100/><W115/><REACH who="3" step="1"/><G36/><REACH who="3" ten="249,350,190,191" step="2"/><T81/><D131/><U14/><E114/><AGARI ba="0,2" hai="16,17,28,29,41,42,76,78,110,111,114,115,121,122" machi="114" ten="25,16000,3" yaku="1,1,2,1,22,2,52,2,54,1,53,2" doraHai="123" doraHaiUra="109" who="3" fromWho="1" sc="249,0,350,-160,190,0,191,180" /><INIT seed="3,0,0,1,4,11" ten="249,190,190,371" oya="3" hai0="83,49,90,32,115,120,63,64,7,118,121,80,57" hai1="89,29,58,94,128,60,45,126,105,42,15,70,17" hai2="52,113,12,98,48,0,109,107,23,86,124,127,5" hai3="24,43,108,66,102,51,85,54,78,65,82,133,53"/><W40/><G133/><T97/><D118/><U87/><E105/><V31/><F109/><W35/><G102/><T30/><D7/><U95/><E70/><V101/><F113/><W119/><G53/><T130/><D115/><U3/><E3/><V37/><F37/><W103/><G54/><T8/><D8/><N who="1" m="6375" /><E128/><V132/><F132/><W88/><G51/><T20/><D20/><U47/><E126/><N who="2" m="48171" /><F86/><W112/><G65/><T1/><D97/><U26/><E42/><V74/><F74/><W19/><G66/><T18/><D64/><N who="1" m="38935" /><E95/><V71/><F71/><W91/><G43/><T13/><D1/><U92/><E92/><V134/><F134/><W6/><G40/><T125/><D121/><U110/><E110/><V67/><F67/><W122/><G108/><T25/><D120/><U36/><E36/><V131/><F131/><W135/><G135/><T62/><D130/><U129/><E129/><V59/><F0/><W39/><G112/><T100/><D125/><U76/><E76/><V46/><F59/><W106/><G78/><T104/><D57/><U99/><E87/><V111/><F111/><W123/><G85/><T41/><D104/><U27/><E29/><V93/><F107/><W81/><G106/><T84/><D84/><U77/><E77/><V44/><F44/><AGARI ba="0,0" hai="26,27,44,45,47,89,94,99" m="38935,6375" machi="44" ten="30,2000,0" yaku="8,1,52,1" doraHai="11" who="1" fromWho="2" sc="249,0,190,20,190,-20,371,0" owari="249,4.9,210,-19.0,170,-33.0,371,47.1" /></mjloggm>