<mjloggm ver="2.3"><GO type="225" lobby="0"/><UN n0="%E5%B6%BA%E4%B8%8A%E5%92%B2" n1="%E5%91%A8%E6%9D%B1" n2="%E3%82%8F%E3%81%8B%E3%81%B0%2A%E3%82%AC%E3%83%BC%E3%83%AB" n3="%70%68%65%6E%6F%6D%65" dan="16,16,16,16" rate="2143.62,2190.14,2101.07,2131.63" sx="F,M,M,M"/><TAIKYOKU oya="0"/><INIT seed="0,0,0,4,3,100" ten="250,250,250,250" oya="0" hai0="105,23,127,19,41,119,128,3,9,69,15,47,1" hai1="37,97,81,22,129,99,118,95,115,24,110,35,6" hai2="83,66,73,55,27,25,109,56,132,45,104,125,116" hai3="130,88,123,57,126,0,30,80,96,77,28,20,78"/><T90/><D119/><U31/><E118/><V103/><F116/><W101/><G126/><T52/><D127/><U62/><E110/><V34/><F109/><W21/><G0/><T120/><D69/><U131/><E37/><V70/><F125/><W4/><G4/><T76/><D120/><U54/><E115/><V38/><F132/><W91/><G130/><N who="1" m="49674" /><E6/><V86/><F73/><W5/><G5/><T84/><D128/><U16/><E81/><V106/><F103/><W113/><G113/><T121/><D121/><U67/><E54/><V2/><F2/><W13/><G123/><T134/><D134/><U10/><E10/><V39/><F34/><W89/><G57/><T11/><D1/><U124/><E124/><V75/><F75/><W46/><G46/><T93/><D3/><U8/><E8/><V64/><F70/><W53/><G53/><T32/><D32/><U12/><E95/><V43/><F38/><W102/><G80/><T79/><D105/><U117/><E117/><V40/><F40/><W50/><G50/><N who="0" m="28767" /><D41/><U61/><E61/><V59/><F66/><W48/><G48/><T85/><D76/><N who="3" m="29289" /><G96/><T17/><D17/><U7/><E7/><V68/><F68/><AGARI ba="0,0" hai="12,16,22,24,31,35,62,67,68,97,99" m="49674" machi="68" ten="30,2000,0" yaku="19,1,54,1" doraHai="100" who="1" fromWho="2" sc="250,0,250,20,250,-20,250,0" /><INIT seed="1,0,0,4,0,71" ten="250,270,230,250" oya="1" hai0="111,64,16,67,106,0,122,15,14,128,31,84,98" hai1="62,116,12,107,49,126,60,41,29,75,85,101,129" hai2="113,58,102,89,115,35,37,57,100,127,88,55,104" hai3="95,81,18,103,5,21,124,78,76,86,132,72,80"/><U108/><E116/><V9/><F127/><W23/><G124/><T50/><D111/><U42/><E75/><V7/><F35/><W94/><G5/><T8/><D128/><U24/><E126/><V131/><F131/><W97/><G132/><T63/><D122/><U114/><E108/><V66/><F66/><W68/><G68/><T135/><D135/><U133/><E129/><V53/><F9/><W48/><G48/><T39/><D39/><U34/><E133/><V25/><F25/><W110/><G110/><T17/><D31/><U2/><E2/><V90/><F7/><W82/><G80/><T92/><D0/><U65/><E62/><V109/><F109/><W105/><REACH who="3" step="1"/><G23/><REACH who="3" ten="250,270,230,240" step="2"/><T70/><D50/><U54/><E49/><V10/><F10/><W11/><G11/><N who="0" m="6239" /><D70/><U6/><E6/><V45/><F37/><W73/><G73/><T52/><D106/><U112/><E107/><V13/><F104/><W120/><G120/><T30/><D84/><U1/><E85/><V44/><F90/><W47/><G47/><T125/><D125/><U119/><E34/><V93/><F93/><W32/><G32/><T26/><D30/><U4/><E29/><V123/><F123/><W121/><G121/><T51/><D51/><U56/><E4/><V79/><F79/><W43/><G43/><T40/><D40/><U36/><E42/><V46/><F46/><W22/><G22/><T87/><D87/><U83/><E41/><V134/><F134/><W3/><G3/><T130/><D130/><U91/><E1/><V19/><F19/><W33/><G33/><RYUUKYOKU ba="0,1" sc="250,-15,270,-15,230,15,240,15" hai2="13,44,45,53,55,57,58,88,89,100,102,113,115" hai3="18,21,72,76,78,81,82,86,94,95,97,103,105" /><INIT seed="2,1,1,2,5,101" ten="235,255,245,255" oya="2" hai0="118,98,9,27,38,94,29,37,41,116,61,75,89" hai1="67,59,18,74,8,5,39,77,43,84,57,73,93" hai2="4,13,42,22,63,47,54,86,25,70,16,62,80" hai3="85,125,112,122,10,128,119,30,0,21,114,23,124"/><V76/><F70/><W3/><G85/><T6/><D75/><U134/><E134/><V52/><F63/><W11/><G128/><T1/><D61/><U65/><E39/><V17/><F62/><W56/><G56/><T129/><D129/><U87/><E43/><V127/><F127/><N who="3" m="48715" /><G119/><N who="0" m="45611" /><D41/><U34/><E34/><AGARI ba="1,1" hai="1,6,9,27,29,34,37,38,89,94,98" m="45611" machi="34" ten="30,1000,0" yaku="12,1" doraHai="101" who="0" fromWho="1" sc="235,23,255,-13,245,0,255,0" /><INIT seed="3,0,0,3,0,86" ten="258,242,245,255" oya="3" hai0="53,131,116,68,18,63,14,109,104,22,87,118,73" hai1="20,32,114,76,49,15,12,45,48,65,97,39,123" hai2="9,101,1,25,30,8,99,85,121,129,125,47,75" hai3="130,96,55,98,78,10,27,35,77,7,58,2,28"/><W127/><G130/><T54/><D73/><U133/><E32/><V60/><F121/><W51/><REACH who="3" step="1"/><G127/><REACH who="3" ten="258,242,245,245" step="2"/><T4/><D131/><U29/><E123/><V44/><F129/><W38/><G38/><T40/><D118/><U94/><E39/><V24/><F125/><W34/><G34/><T17/><D116/><U84/><E114/><V50/><F1/><W31/><G31/><T66/><D104/><U43/><E133/><V83/><F30/><W112/><G112/><T124/><D124/><U88/><E65/><V81/><F75/><W103/><G103/><T82/><D109/><U41/><E29/><V111/><F101/><W92/><G92/><T33/><D33/><U122/><E122/><V110/><F111/><W6/><G6/><T100/><D4/><U37/><E37/><V26/><F110/><W102/><G102/><T67/><D100/><N who="1" m="60471" /><E76/><AGARI ba="0,1" hai="2,7,10,27,28,35,51,55,58,76,77,78,96,98" machi="76" ten="40,2000,0" yaku="1,1,53,0" doraHai="86" doraHaiUra="64" who="3" fromWho="1" sc="258,0,242,-20,245,0,245,30" /><INIT seed="3,1,0,0,5,48" ten="258,222,245,275" oya="3" hai0="68,51,3,4,73,19,110,55,118,125,66,6,40" hai1="18,122,80,117,13,115,26,111,82,98,107,129,91" hai2="93,124,56,99,9,7,87,24,106,96,65,16,113" hai3="34,5,75,30,100,69,22,88,131,15,37,45,128"/><W58/><G69/><T86/><D73/><U70/><E122/><V77/><F113/><W120/><G120/><T105/><D118/><U50/><E115/><V32/><F124/><W27/><G75/><T92/><D105/><U108/><E70/><V28/><F106/><W57/><G100/><T38/><D125/><U8/><E129/><N who="3" m="49738" /><G37/><T11/><D110/><N who="1" m="42027" /><E117/><V44/><F44/><W72/><G72/><T12/><D38/><U132/><E132/><V76/><F87/><W114/><G114/><T67/><D68/><U85/><E26/><V94/><F99/><W62/><G45/><N who="0" m="28143" /><D40/><U0/><E0/><V49/><F94/><W90/><G58/><T52/><D3/><U101/><E50/><V83/><F49/><W46/><G46/><T102/><D102/><U20/><E82/><V127/><F83/><W54/><G34/><T71/><D71/><U104/><E104/><V31/><F127/><W89/><G89/><N who="0" m="53303" /><D67/><U17/><E20/><N who="2" m="13319" /><F32/><W123/><G123/><T35/><D66/><U134/><E134/><V47/><F76/><W60/><G60/><T23/><D35/><U29/><E29/><V95/><F77/><W109/><G109/><T42/><D42/><U64/><E64/><V112/><F112/><W10/><AGARI ba="1,0" hai="5,10,15,22,27,30,54,57,62,88,90" m="49738" machi="10" ten="30,6000,0" yaku="19,1,52,1,54,1" doraHai="48" who="3" fromWho="3" sc="258,-21,222,-21,245,-21,275,63" owari="237,3.7,201,-29.9,224,-17.6,338,43.8" /></mjloggm>