<mjloggm ver="2.3"><GO type="225" lobby="0"/><UN n0="%E3%83%81%E3%83%83%E3%82%BF%E3%82%BD%E3%83%BC" n1="%EF%BC%AE%EF%BC%A1%EF%BC%AF%33%33%39" n2="%E6%A1%9C%E8%8A%B1%E9%96%83%E3%80%85" n3="%73%68%75%6D%70" dan="16,16,16,16" rate="2148.75,2107.46,2124.16,2099.78" sx="F,M,M,M"/><TAIKYOKU oya="0"/><INIT seed="0,0,0,4,2,95" ten="250,250,250,250" oya="0" hai0="1,21,33,52,44,127,6,109,45,99,60,15,62" hai1="88,0,104,59,105,113,11,35,28,126,91,74,31" hai2="110,54,102,17,8,73,30,57,50,34,26,77,49" hai3="83,24,135,68,71,42,75,78,94,22,117,119,20"/><T9/><D127/><U13/><E74/><V16/><F110/><W131/><G135/><T123/><D123/><U108/><E0/><V98/><F50/><W103/><G131/><T124/><D124/><U29/><E35/><V114/><F114/><W121/><G121/><T100/><D109/><U63/><E126/><V4/><F77/><W43/><G43/><T89/><D33/><U92/><E108/><V5/><F73/><W93/><G42/><T19/><D89/><U72/><E72/><V23/><F34/><W132/><G132/><T82/><D82/><U53/><E91/><V48/><F48/><W70/><G20/><T12/><D1/><U111/><E113/><V90/><F90/><W67/><G67/><T106/><REACH who="0" step="1"/><D52/><REACH who="0" ten="240,250,250,250" step="2"/><U7/><REACH who="1" step="1"/><E111/><REACH who="1" ten="240,240,250,250" step="2"/><V81/><F81/><W85/><G75/><T69/><D69/><U80/><E80/><V27/><F102/><W51/><G85/><AGARI ba="0,2" hai="7,11,13,28,29,31,53,59,63,85,88,92,104,105" machi="85" ten="40,2600,0" yaku="1,1,54,1,53,0" doraHai="95" doraHaiUra="129" who="1" fromWho="3" sc="240,0,240,46,250,0,250,-26" /><INIT seed="1,0,0,4,4,58" ten="240,286,250,224" oya="1" hai0="32,21,122,36,31,59,43,19,92,98,0,54,86" hai1="62,113,18,112,107,95,106,35,111,11,83,117,34" hai2="134,128,33,25,109,104,84,118,82,42,14,129,72" hai3="135,51,119,28,91,26,23,63,60,101,79,53,56"/><U46/><E117/><V66/><F118/><W99/><G135/><T87/><D122/><U55/><E83/><V73/><F42/><W130/><G130/><N who="2" m="50281" /><F134/><W127/><G127/><T96/><D0/><U3/><E95/><V44/><F44/><W121/><G121/><T69/><D69/><U37/><E37/><V89/><F14/><W41/><G119/><T1/><D1/><U131/><E131/><V5/><F5/><W77/><G91/><T4/><D4/><U7/><E18/><V45/><F45/><W88/><G101/><T6/><D6/><U27/><E46/><V126/><F126/><W124/><G124/><T71/><D71/><U9/><E9/><V68/><F109/><W115/><G115/><T47/><D31/><U76/><E111/><V75/><F104/><W80/><G41/><T85/><D32/><U94/><E106/><V125/><F125/><W52/><G53/><T70/><D70/><U30/><E35/><V2/><F2/><W120/><G120/><T16/><D92/><U110/><E107/><V64/><F68/><W103/><G103/><T90/><D90/><U78/><E110/><V116/><F116/><W50/><G50/><T20/><D21/><U49/><E49/><V108/><F108/><W10/><G10/><T8/><D8/><U97/><E113/><V40/><F40/><W114/><G114/><T24/><REACH who="0" step="1"/><D19/><REACH who="0" ten="230,286,250,224" step="2"/><U17/><E17/><V132/><F132/><W105/><G105/><T93/><D93/><U48/><E112/><V133/><F133/><W100/><G100/><T81/><D81/><U67/><E3/><RYUUKYOKU ba="0,1" sc="230,15,286,-15,250,15,224,-15" hai0="16,20,24,36,43,47,54,59,85,86,87,96,98" hai2="25,33,64,66,72,73,75,82,84,89" /><INIT seed="2,1,1,0,5,81" ten="245,271,265,209" oya="2" hai0="105,97,18,6,114,10,3,126,117,41,45,107,30" hai1="127,89,83,48,132,31,71,38,15,4,35,100,1" hai2="91,9,101,98,55,99,13,14,66,92,124,43,53" hai3="5,93,64,85,20,34,120,123,28,96,69,57,134"/><V122/><F122/><N who="3" m="46635" /><G34/><T74/><D117/><U106/><E38/><V70/><F124/><W113/><G69/><T119/><D126/><U109/><E71/><V11/><F43/><W46/><G5/><T77/><D119/><U79/><E1/><V72/><F72/><W52/><G46/><T130/><D130/><U63/><E63/><V59/><F70/><W8/><G8/><T104/><D18/><U23/><E35/><V26/><F26/><W62/><G134/><T61/><D61/><U39/><E39/><V60/><F13/><W32/><G32/><T33/><D114/><U135/><E89/><V75/><F75/><W110/><G110/><T16/><D16/><U37/><E37/><V65/><F55/><W78/><G78/><T51/><D30/><U112/><E109/><V103/><F9/><W17/><G28/><T68/><D33/><U25/><E127/><V88/><F65/><W7/><G7/><T24/><D68/><U58/><E15/><V84/><F66/><W116/><G64/><T129/><D24/><U125/><E4/><N who="2" m="3431" /><F99/><W82/><G113/><T108/><D108/><U102/><E112/><V40/><F40/><W19/><G20/><T128/><D97/><U118/><E125/><V87/><F98/><W54/><G54/><T27/><D27/><U90/><E118/><V73/><F73/><W115/><G115/><T86/><D74/><U131/><E25/><V95/><AGARI ba="1,1" hai="53,59,60,84,87,88,91,92,95,101,103" m="3431" machi="95" ten="30,11700,0" yaku="8,1,52,2,54,1" doraHai="81" who="2" fromWho="2" sc="245,-40,271,-40,265,130,209,-40" /><INIT seed="2,2,0,5,5,73" ten="205,231,395,169" oya="2" hai0="28,52,46,45,61,64,108,32,93,0,128,90,95" hai1="109,26,126,74,129,75,119,59,51,121,82,15,87" hai2="63,8,67,92,62,123,60,105,31,85,10,18,47" hai3="88,100,7,94,54,91,20,41,125,38,55,36,66"/><V127/><F123/><W80/><G125/><T30/><D108/><U9/><E119/><V131/><F105/><W58/><G7/><T70/><D128/><U86/><E86/><V1/><F127/><W50/><G66/><T135/><D135/><U124/><E124/><V122/><F122/><W134/><G134/><T22/><D0/><U89/><E126/><V116/><F116/><W65/><G65/><T81/><D32/><U97/><E121/><V78/><F31/><W3/><G3/><T42/><D42/><U113/><E113/><V14/><F131/><W19/><G100/><T101/><D45/><U37/><E37/><V11/><F1/><W106/><G106/><T33/><D33/><U49/><E109/><V79/><F47/><W77/><G55/><T99/><D81/><U120/><E120/><V4/><F67/><W12/><G41/><T133/><D133/><U23/><E75/><V83/><F4/><W103/><G103/><T71/><D71/><U6/><E74/><V68/><F68/><W96/><G91/><T56/><D46/><U102/><E59/><V43/><F43/><W117/><G117/><T5/><D5/><U53/><E53/><V16/><F92/><W13/><G13/><T98/><REACH who="0" step="1"/><D22/><REACH who="0" ten="195,231,395,169" step="2"/><U2/><E2/><V44/><F44/><W132/><G132/><T48/><AGARI ba="2,1" hai="28,30,48,52,56,61,64,70,90,93,95,98,99,101" machi="48" ten="20,8000,1" yaku="1,1,2,1,0,1,7,1,54,1,53,0" doraHai="73" doraHaiUra="115" who="0" fromWho="0" sc="195,96,231,-22,395,-42,169,-22" /><INIT seed="3,0,0,2,5,123" ten="291,209,353,147" oya="3" hai0="34,87,1,48,22,14,74,27,107,57,106,117,97" hai1="26,56,80,99,10,135,51,90,4,92,45,36,2" hai2="70,23,5,116,50,35,82,54,33,55,75,64,12" hai3="111,81,44,129,76,101,20,83,133,24,110,79,38"/><W69/><G69/><T53/><D74/><U134/><E36/><V131/><F116/><W127/><G101/><T100/><D117/><U41/><E56/><V62/><F55/><W73/><G127/><T0/><D107/><U104/><E104/><V17/><F131/><W84/><G129/><T103/><D103/><U125/><E125/><V126/><F126/><W7/><G7/><T113/><D113/><U47/><E47/><V29/><F29/><W108/><G133/><N who="1" m="50698" /><E26/><V31/><F31/><N who="3" m="17799" /><G44/><T109/><D109/><N who="3" m="27905" /><W124/><DORA hai="118" /><G124/><T19/><D34/><U43/><E80/><V119/><F35/><W61/><G61/><T30/><D87/><U67/><E67/><V25/><F33/><W88/><G38/><T115/><D115/><U59/><E59/><V21/><F5/><W60/><G60/><T49/><D48/><U58/><E58/><V46/><F119/><W9/><G9/><T66/><D66/><U130/><E130/><V132/><F132/><W91/><AGARI ba="0,0" hai="73,76,79,81,83,84,88,91" m="27905,17799" machi="91" ten="40,18000,2" yaku="14,1,10,1,52,4,54,1" doraHai="123,118" who="3" fromWho="3" sc="291,-60,209,-60,353,-60,147,180" owari="231,-16.9,149,-35.1,293,9.3,327,42.7" /></mjloggm>