<mjloggm ver="2.3"><GO type="225" lobby="0"/><UN n0="%E3%82%A4%E3%83%BC%E3%82%B1%E3%83%97%E3%83%A9" n1="%E3%82%A2%E3%83%9E%E3%83%9D%EF%BD%9E%EF%BD%9E%E3%83%A9" n2="%E4%BF%BA%E3%81%A8%E5%A6%96%E5%A4%A2" n3="%E5%8F%AF%E5%85%90%E9%82%A3%E7%94%B1%E5%A4%9A" dan="17,17,16,16" rate="2202.85,2092.59,2113.41,2078.88" sx="M,M,F,F"/><TAIKYOKU oya="0"/><INIT seed="0,0,0,2,4,134" ten="250,250,250,250" oya="0" hai0="132,32,31,29,117,35,73,99,97,109,14,114,131" hai1="75,16,87,61,3,82,21,12,6,79,56,105,72" hai2="11,1,46,49,15,83,60,40,70,26,48,80,94" hai3="120,81,34,77,91,123,68,71,118,25,19,18,36"/><T133/><D73/><U8/><REACH who="1" step="1"/><E105/><REACH who="1" ten="250,240,250,250" step="2"/><V116/><F116/><W42/><G118/><T59/><D117/><U84/><E84/><V122/><F122/><W113/><G123/><T89/><D132/><U128/><E128/><V57/><F1/><W30/><G120/><T45/><D131/><U53/><AGARI ba="0,1" hai="3,6,8,12,16,21,53,56,61,72,75,79,82,87" machi="53" ten="20,8000,1" yaku="21,2,0,1,7,1,54,1,53,0" doraHai="134" doraHaiUra="126" who="1" fromWho="1" sc="250,-40,240,90,250,-20,250,-20" /><INIT seed="1,0,0,4,5,106" ten="210,330,230,230" oya="1" hai0="15,80,101,84,55,111,25,117,4,35,127,94,52" hai1="72,17,133,13,18,135,69,99,8,10,79,14,48" hai2="61,16,87,62,46,6,41,121,74,81,123,42,11" hai3="63,0,76,113,82,57,91,53,24,7,60,86,93"/><U71/><E99/><V68/><F42/><W64/><G113/><T83/><D117/><U118/><E48/><V38/><F68/><W43/><G43/><T49/><D111/><U26/><E26/><V129/><F129/><W97/><G0/><T105/><D105/><U115/><E115/><V28/><F28/><W131/><G131/><T112/><D127/><U89/><E89/><V90/><F74/><W27/><REACH who="3" step="1"/><G7/><REACH who="3" ten="210,330,230,220" step="2"/><T73/><D4/><U78/><E118/><V130/><F130/><W107/><G107/><T85/><D112/><U54/><E54/><V119/><F119/><W128/><G128/><T44/><D55/><U66/><E66/><V19/><F123/><W126/><G126/><T132/><D52/><U34/><E34/><V110/><F121/><W3/><G3/><T51/><D35/><U95/><E135/><V33/><F33/><W96/><G96/><T114/><D132/><U124/><E133/><V102/><F110/><W75/><G75/><T98/><D73/><U104/><E104/><V5/><F6/><W40/><G40/><T47/><D114/><U116/><E124/><V1/><REACH who="2" step="1"/><F102/><REACH who="2" ten="210,330,220,220" step="2"/><W39/><G39/><T29/><D101/><U120/><E120/><V59/><F59/><AGARI ba="0,2" hai="24,27,53,57,59,60,63,64,76,82,86,91,93,97" machi="59" ten="30,3900,0" yaku="1,1,7,1,8,1,53,0" doraHai="106" doraHaiUra="108" who="3" fromWho="2" sc="210,0,330,0,220,-39,220,59" /><INIT seed="2,0,0,5,2,112" ten="210,330,181,279" oya="2" hai0="92,34,82,133,60,67,6,37,9,35,74,23,53" hai1="5,0,80,70,89,63,83,104,79,117,38,78,93" hai2="95,121,135,57,59,19,132,1,131,88,81,130,50" hai3="126,15,12,102,129,84,56,40,86,52,118,3,97"/><V44/><F1/><W87/><G3/><T30/><D37/><U61/><E104/><V108/><F81/><W48/><G126/><T47/><D133/><N who="2" m="51274" /><F19/><W110/><G110/><T43/><D53/><U85/><E5/><V91/><F121/><W71/><G71/><N who="0" m="42471" /><D92/><U101/><E0/><V29/><F29/><W66/><G129/><N who="2" m="49161" /><F108/><W42/><G66/><T103/><D103/><U16/><E101/><V45/><F91/><W17/><G118/><T58/><D23/><U115/><E89/><V120/><F120/><W20/><REACH who="3" step="1"/><G15/><REACH who="3" ten="210,330,181,269" step="2"/><T13/><D13/><U36/><E117/><V100/><F100/><W76/><G76/><T127/><D127/><U41/><E79/><V109/><F109/><W96/><G96/><T46/><D74/><U68/><E78/><V25/><F25/><W28/><G28/><T4/><D30/><U122/><E122/><V73/><F73/><W7/><G7/><T32/><D4/><U49/><E85/><N who="2" m="52623" /><F44/><W90/><G90/><T119/><D47/><U75/><E75/><V39/><F39/><W116/><G116/><T98/><D119/><U24/><E38/><V26/><F26/><W123/><G123/><T107/><D46/><U18/><E24/><V72/><F72/><W106/><AGARI ba="0,1" hai="12,17,20,40,42,48,52,56,84,86,87,97,102,106" machi="106" ten="30,4000,0" yaku="1,1,0,1,54,1,53,0" doraHai="112" doraHaiUra="2" who="3" fromWho="3" sc="210,-10,330,-10,181,-20,269,50" /><INIT seed="3,0,0,0,5,56" ten="200,320,161,319" oya="3" hai0="10,0,109,98,129,125,9,51,74,47,57,15,70" hai1="48,120,53,97,104,19,130,89,41,16,127,64,131" hai2="105,68,84,24,18,75,95,65,60,124,39,26,20" hai3="44,135,79,116,66,121,103,126,32,13,28,46,42"/><W100/><G116/><T117/><D70/><U99/><E127/><V61/><F105/><W59/><G121/><T108/><D74/><U12/><E120/><V37/><F75/><W88/><G126/><T77/><D125/><U67/><E41/><V7/><F124/><W35/><G135/><T133/><D117/><U6/><E6/><V22/><F7/><W40/><G79/><T2/><D77/><U114/><E114/><V96/><F84/><W69/><G69/><T93/><D133/><U11/><E99/><V110/><F110/><N who="0" m="42602" /><D57/><U106/><E19/><V118/><F118/><W132/><G132/><T72/><D72/><U90/><E106/><V115/><F115/><W55/><G66/><N who="1" m="25130" /><E97/><V94/><F61/><N who="3" m="36095" /><G35/><T4/><D10/><U101/><E101/><N who="3" m="38986" /><G32/><T1/><D129/><N who="1" m="49163" /><E104/><V71/><F71/><W86/><G28/><T5/><D93/><U3/><E3/><V36/><REACH who="2" step="1"/><F96/><REACH who="2" ten="200,320,151,319" step="2"/><W102/><G102/><T63/><D98/><U111/><E111/><V45/><F45/><AGARI ba="0,1" hai="11,12,16,45,48,53,89,90" m="49163,25130" machi="45" ten="30,2000,0" yaku="19,1,54,1" doraHai="56" who="1" fromWho="2" sc="200,0,320,30,151,-20,319,0" owari="200,-20.0,350,45.0,131,-36.9,319,11.9" /></mjloggm>