<mjloggm ver="2.3"><GO type="225" lobby="0"/><UN n0="%E6%A1%9C%E8%8A%B1%E9%96%83%E3%80%85" n1="%E3%81%A1%E3%82%83%E3%81%93%E3%81%93" n2="%72%69%6F%75%63%68%61%6E" n3="%E9%A6%AC%E5%BC%95%E7%81%AB%33" dan="17,16,16,16" rate="2168.69,2163.16,2128.06,2081.35" sx="M,F,M,M"/><TAIKYOKU oya="0"/><INIT seed="0,0,0,4,3,89" ten="250,250,250,250" oya="0" hai0="114,106,29,44,97,74,63,85,112,19,22,17,46" hai1="40,16,23,59,90,126,84,11,21,70,61,34,9" hai2="99,80,104,120,122,69,54,108,5,55,41,42,128" hai3="133,115,39,131,79,92,110,124,64,88,103,50,62"/><T56/><D74/><U83/><E34/><V30/><F108/><W47/><G115/><T95/><D106/><U18/><E126/><V37/><F69/><W2/><G110/><T20/><D85/><U113/><E70/><V94/><F104/><W135/><G124/><T3/><D3/><U27/><E113/><V48/><F128/><W111/><G111/><T73/><D73/><U45/><E45/><N who="0" m="17513" /><D114/><U127/><E40/><V13/><F37/><W35/><G35/><T7/><D7/><U78/><E78/><V91/><F30/><W100/><G2/><T24/><D20/><U53/><REACH who="1" step="1"/><E127/><REACH who="1" ten="250,240,250,250" step="2"/><V52/><F42/><W132/><G79/><T1/><D112/><U101/><E101/><N who="2" m="60663" /><F41/><N who="3" m="24943" /><G131/><T81/><D1/><U82/><E82/><V60/><F122/><W28/><G39/><T57/><D81/><U14/><AGARI ba="0,1" hai="9,11,14,16,18,21,23,27,53,59,61,83,84,90" machi="14" ten="20,12000,2" yaku="1,1,0,1,7,1,8,1,54,1,53,1" doraHai="89" doraHaiUra="51" who="1" fromWho="1" sc="250,-60,240,130,250,-30,250,-30" /><INIT seed="1,0,0,1,5,27" ten="190,370,220,220" oya="1" hai0="105,58,119,87,110,90,53,24,42,22,85,133,1" hai1="11,3,12,101,80,69,134,109,121,72,83,15,35" hai2="19,54,29,8,68,108,81,67,38,6,46,86,127" hai3="118,50,28,16,76,100,37,126,128,123,56,5,2"/><U26/><E121/><V107/><F107/><W0/><G123/><T20/><D119/><U61/><E134/><V91/><F108/><W9/><G37/><T102/><D110/><U93/><E3/><V7/><F127/><W36/><G36/><T47/><D1/><U25/><E72/><V79/><F29/><W73/><G126/><T66/><D66/><U122/><E122/><V70/><F67/><W96/><G118/><T115/><D115/><U103/><E103/><V116/><F116/><W55/><G128/><T34/><D34/><U52/><E69/><V63/><F79/><W71/><G71/><N who="2" m="27177" /><F63/><W43/><G43/><T13/><D133/><U44/><E61/><V88/><F91/><W89/><G89/><T14/><D105/><U111/><E101/><V129/><F38/><W120/><G120/><T114/><D87/><U51/><E12/><N who="2" m="7559" /><F129/><W31/><G0/><T135/><D135/><U92/><E15/><V23/><F23/><W10/><G16/><N who="0" m="12359" /><D20/><U94/><E35/><V82/><F81/><W18/><G76/><T62/><D102/><U113/><E80/><V106/><F106/><W84/><G84/><T59/><D59/><U49/><E83/><V39/><F39/><W74/><G74/><T17/><D17/><U40/><E109/><V45/><F45/><W57/><G57/><T41/><D41/><U124/><E111/><V75/><F75/><W125/><G125/><T95/><D114/><U104/><E113/><V32/><F32/><W99/><G73/><T4/><D4/><U21/><E124/><V131/><F131/><W48/><G48/><AGARI ba="0,0" hai="13,14,42,47,48,53,58,62,85,90,95" m="12359" machi="48" ten="30,3900,0" yaku="6,1,8,1,54,1" doraHai="27" who="0" fromWho="3" sc="190,39,370,0,220,0,220,-39" /><AGARI ba="0,0" hai="6,7,46,48,54,82,86,88" m="7559,27177" machi="48" ten="30,3900,0" yaku="6,1,25,1,54,1" doraHai="27" who="2" fromWho="3" sc="229,0,370,0,220,39,181,-39" /><INIT seed="2,0,0,5,5,49" ten="229,370,259,142" oya="2" hai0="26,85,111,119,80,95,31,24,9,47,3,62,14" hai1="63,52,50,124,90,93,126,22,105,18,56,88,46" hai2="92,112,42,12,2,106,134,20,135,45,67,34,60" hai3="117,107,113,25,84,66,1,27,94,128,10,64,44"/><V77/><F112/><W99/><G117/><T58/><D111/><U38/><E105/><V109/><F106/><W17/><G113/><T127/><D3/><U121/><E38/><V39/><F34/><W32/><G128/><T116/><D127/><N who="1" m="48683" /><E121/><V40/><F2/><W78/><G32/><T37/><D95/><U103/><E103/><V74/><F109/><W75/><G44/><T73/><D73/><U30/><E30/><V76/><F42/><W101/><G25/><T104/><D104/><U125/><E93/><V53/><F74/><W65/><G27/><T35/><D26/><N who="1" m="14679" /><E125/><V69/><F92/><W8/><G17/><T108/><D108/><U82/><E82/><V54/><F12/><W86/><G86/><T115/><D115/><U11/><E11/><V97/><F97/><W98/><G1/><T110/><D110/><U43/><AGARI ba="0,0" hai="43,46,50,52,56,63,88,90" m="14679,48683" machi="43" ten="30,7900,0" yaku="18,1,52,1,54,2" doraHai="49" who="1" fromWho="1" sc="229,-20,370,79,259,-39,142,-20" /><INIT seed="3,0,0,1,1,71" ten="209,449,220,122" oya="3" hai0="104,6,37,20,30,7,60,2,31,70,44,101,25" hai1="49,118,66,33,75,45,9,23,94,12,4,86,46" hai2="80,39,90,67,89,84,117,78,128,1,97,81,11" hai3="69,123,5,133,62,112,111,135,85,56,77,120,29"/><W79/><G112/><T122/><D122/><N who="3" m="46633" /><G69/><T121/><D121/><U59/><E75/><V55/><F128/><W63/><G29/><T125/><D30/><U18/><E33/><V8/><F117/><W93/><G5/><T22/><D22/><U92/><E118/><V3/><F39/><W28/><G28/><T95/><D95/><U108/><E92/><N who="2" m="56463" /><F1/><W76/><G111/><T74/><D74/><U87/><E108/><V119/><F3/><W16/><G16/><T113/><D113/><U24/><E94/><N who="2" m="54599" /><F119/><W116/><G116/><T83/><D83/><N who="2" m="31818" /><F67/><W58/><G93/><T91/><D20/><U114/><E114/><V57/><F78/><N who="3" m="19971" /><W42/><DORA hai="10" /><G42/><T19/><D25/><U100/><E24/><V41/><F41/><W65/><G85/><T52/><D19/><U51/><E86/><V32/><F32/><W102/><G102/><T26/><D7/><U64/><E87/><V43/><F43/><W72/><G72/><T107/><D6/><U115/><E100/><V40/><F40/><W99/><G99/><T34/><D101/><U13/><E115/><V38/><F38/><W129/><G129/><T96/><D96/><U15/><E15/><V126/><F8/><W27/><G27/><T98/><D31/><U131/><E131/><V48/><F11/><W54/><G65/><T47/><D26/><U88/><E66/><V124/><F126/><W53/><G53/><T82/><D98/><U134/><E64/><V68/><F124/><W130/><G130/><T103/><D125/><U61/><E18/><V0/><F68/><W35/><G35/><RYUUKYOKU ba="0,0" sc="209,-15,449,-15,220,15,122,15" hai2="0,48,55,57" hai3="54,56,58,62,63,133,135" /><INIT seed="3,1,0,0,4,86" ten="194,434,235,137" oya="3" hai0="124,29,4,30,47,75,113,88,9,128,1,80,118" hai1="76,59,3,108,122,82,42,115,58,11,25,45,101" hai2="38,26,2,132,78,72,36,105,0,106,87,7,97" hai3="5,129,98,114,69,41,135,94,126,110,64,68,57"/><W112/><G41/><T48/><D118/><U32/><E108/><V49/><F49/><W81/><G110/><T40/><D128/><U46/><E46/><V50/><F50/><W62/><G129/><T117/><D117/><U52/><E52/><V125/><F87/><W73/><G135/><T33/><D124/><U34/><E101/><N who="2" m="62639" /><F125/><W16/><G126/><T13/><D113/><U121/><E115/><V37/><F132/><W102/><G5/><T53/><D1/><U21/><E58/><V95/><F95/><W65/><G57/><T55/><D33/><U74/><E59/><V61/><F7/><W35/><G35/><T12/><D12/><U93/><E93/><V67/><F26/><W70/><G70/><T111/><D111/><U39/><E122/><V84/><F84/><W133/><G133/><T100/><D100/><U31/><E121/><V22/><F22/><W24/><G24/><T79/><REACH who="0" step="1"/><D88/><REACH who="0" ten="184,434,235,137" step="2"/><U130/><E130/><V66/><F106/><W51/><G51/><T107/><D107/><U92/><E92/><V83/><F67/><W134/><G134/><T120/><D120/><U77/><E77/><V60/><F60/><W6/><G6/><AGARI ba="1,1" hai="3,6,11,21,25,31,32,34,39,42,45,74,76,82" machi="6" ten="40,2600,0" yaku="25,2" doraHai="86" who="1" fromWho="3" sc="184,0,434,39,235,0,137,-29" owari="184,-21.6,473,57.3,235,3.5,108,-39.2" /></mjloggm>