<mjloggm ver="2.3"><GO type="225" lobby="0"/><UN n0="%E7%99%BD%E5%80%89%E5%AF%9B%E4%B9%8B" n1="%E5%B6%BA%E4%B8%8A%E5%92%B2" n2="%E3%83%A9%E3%82%B9%E7%8E%87%EF%BC%93%E5%89%B2" n3="%E3%83%96%E3%83%83%E3%83%91%E3%82%AA%E3%83%96%E3%83%81%E3%82%AD%E3%83%B3" dan="16,16,17,16" rate="2134.71,2174.35,2193.61,2120.10" sx="M,F,F,M"/><TAIKYOKU oya="0"/><INIT seed="0,0,0,2,0,12" ten="250,250,250,250" oya="0" hai0="30,91,4,27,118,119,128,96,5,54,40,32,104" hai1="95,63,8,9,34,131,2,117,113,56,72,86,132" hai2="122,46,77,70,38,41,116,65,21,33,87,74,13" hai3="81,44,115,35,10,106,130,47,66,75,7,98,3"/><T16/><D40/><U48/><E72/><V79/><F33/><W36/><G115/><T53/><D104/><U67/><E117/><N who="0" m="44553" /><D96/><U22/><E34/><V17/><F122/><W11/><G130/><T71/><D91/><N who="1" m="53751" /><E2/><V80/><F116/><W25/><G66/><T50/><D71/><U133/><E131/><V68/><F65/><W37/><G37/><T100/><D100/><U85/><E113/><V14/><F79/><W31/><G36/><T42/><D50/><U51/><E85/><V15/><REACH who="2" step="1"/><F74/><REACH who="2" ten="250,250,240,250" step="2"/><W124/><G75/><T61/><D128/><U18/><E132/><V92/><F92/><W39/><G35/><T105/><D105/><U20/><E133/><V23/><F23/><W60/><G106/><T45/><D32/><U57/><E22/><V83/><F83/><W78/><G81/><T110/><D110/><U69/><E69/><AGARI ba="0,1" hai="13,14,15,17,21,38,41,46,68,69,70,77,80,87" machi="69" ten="40,2600,0" yaku="1,1,52,1,53,0" doraHai="12" doraHaiUra="58" who="2" fromWho="1" sc="250,0,250,-26,240,36,250,0" /><INIT seed="1,0,0,3,2,112" ten="250,224,276,250" oya="1" hai0="132,79,20,74,71,95,10,33,75,135,63,89,67" hai1="101,49,32,127,9,43,18,61,35,86,55,53,59" hai2="25,28,92,42,36,27,24,13,15,98,129,76,21" hai3="65,41,126,116,17,120,50,87,130,124,77,47,82"/><U52/><E127/><N who="3" m="48682" /><G120/><T109/><D33/><U26/><E101/><V125/><F129/><W3/><G130/><T115/><D115/><U81/><E35/><V1/><F1/><W16/><G3/><T2/><D109/><U56/><E32/><V103/><F125/><W83/><G65/><T54/><D79/><U64/><E43/><V73/><F36/><W133/><G133/><N who="0" m="51275" /><D54/><U97/><E97/><V102/><F102/><W93/><G93/><T62/><D62/><U69/><E69/><V122/><F122/><W119/><G83/><T66/><D66/><U84/><E84/><V104/><F42/><W78/><G78/><T99/><D20/><N who="1" m="13591" /><E9/><V0/><F0/><W110/><G110/><T38/><D38/><U106/><E106/><V123/><F123/><W39/><G39/><T105/><D105/><U88/><AGARI ba="0,0" hai="49,52,53,55,56,59,61,64,81,86,88" m="13591" machi="88" ten="30,6000,0" yaku="8,1,54,2" doraHai="112" who="1" fromWho="1" sc="250,-20,224,60,276,-20,250,-20" /><INIT seed="1,1,0,5,3,131" ten="230,284,256,230" oya="1" hai0="115,38,74,19,83,106,8,56,3,13,4,111,99" hai1="18,22,70,24,0,73,113,36,5,31,129,92,52" hai2="58,128,121,29,63,78,7,53,91,10,28,119,49" hai3="62,76,43,81,54,72,26,96,95,85,118,16,66"/><U61/><E113/><V46/><F119/><W42/><G118/><T132/><D38/><U21/><E36/><V6/><F121/><W104/><G72/><T87/><D115/><U33/><E73/><V44/><F128/><W86/><G86/><T133/><D74/><U68/><E129/><V84/><F78/><W37/><G104/><T134/><D111/><U125/><E125/><V82/><F46/><W40/><G37/><T98/><D106/><U2/><E22/><V67/><REACH who="2" step="1"/><F7/><REACH who="2" ten="230,284,246,230" step="2"/><W39/><G39/><T65/><D56/><N who="1" m="34951" /><E70/><V100/><F100/><W90/><G54/><T41/><D41/><U102/><E68/><V45/><F45/><W109/><G109/><T35/><D65/><U101/><E101/><V69/><F69/><W48/><G48/><T124/><D124/><U23/><E102/><V108/><F108/><W27/><REACH who="3" step="1"/><G16/><REACH who="3" ten="230,284,246,220" step="2"/><T103/><D103/><U64/><E18/><V88/><F88/><W80/><G80/><T15/><D35/><U17/><E33/><V50/><F50/><W75/><G75/><T25/><D99/><U117/><E117/><V135/><F135/><W93/><G93/><T107/><D98/><U112/><E92/><V79/><F79/><W89/><G89/><N who="0" m="51455" /><D107/><U55/><E5/><V116/><F116/><W77/><G77/><T123/><D123/><U114/><E114/><V47/><F47/><W9/><G9/><T126/><D126/><U105/><E112/><V32/><F32/><W110/><G110/><T14/><D19/><U130/><E17/><V34/><F34/><W97/><G97/><T20/><D134/><RYUUKYOKU ba="1,2" sc="230,10,284,-30,246,10,220,10" hai0="3,4,8,13,14,15,20,25,132,133" hai2="6,10,28,29,44,49,53,58,63,67,82,84,91" hai3="26,27,40,42,43,62,66,76,81,85,90,95,96" /><INIT seed="2,2,2,4,1,61" ten="240,254,256,230" oya="2" hai0="46,56,69,87,106,48,38,133,8,0,50,4,135" hai1="11,79,111,127,13,130,131,117,109,24,16,102,101" hai2="85,123,78,105,31,72,73,124,75,2,6,93,7" hai3="40,76,120,27,95,88,23,134,114,128,65,52,58"/><V71/><F105/><W70/><G120/><T51/><D106/><U104/><E117/><V49/><F2/><W64/><G70/><T108/><D69/><U112/><E112/><V9/><F123/><W99/><G114/><T103/><D103/><N who="1" m="39435" /><E104/><V94/><F124/><W54/><G128/><N who="1" m="49194" /><E127/><V12/><F71/><W98/><G134/><N who="0" m="51211" /><D108/><N who="1" m="41547" /><E24/><V63/><F7/><W36/><G76/><AGARI ba="2,2" hai="11,13,16,76,79" m="41547,49194,39435" machi="76" ten="40,5200,0" yaku="19,1,14,1,54,1" doraHai="61" who="1" fromWho="3" sc="240,0,254,78,256,0,230,-58" /><INIT seed="3,0,0,4,4,125" ten="240,332,256,172" oya="3" hai0="14,115,18,58,87,50,110,72,24,92,94,15,44" hai1="96,126,61,36,135,52,101,69,108,130,45,65,4" hai2="21,128,28,73,7,89,40,80,103,106,76,100,11" hai3="33,98,2,46,71,25,121,68,99,97,117,74,27"/><W120/><G117/><T55/><D72/><U78/><E126/><V113/><F113/><W39/><G74/><T57/><D115/><U63/><E135/><V19/><F28/><W12/><G2/><T60/><D110/><U93/><E130/><V75/><F75/><W35/><G12/><N who="0" m="4651" /><D87/><U32/><E32/><V22/><F128/><W8/><G8/><T37/><D37/><U134/><E134/><V83/><F40/><W1/><G39/><T79/><D79/><U0/><E4/><V38/><F38/><W59/><G59/><N who="0" m="22539" /><D60/><U112/><E61/><V23/><F106/><W122/><G46/><T17/><D24/><N who="3" m="9289" /><G1/><T67/><D67/><U56/><E0/><V90/><F19/><AGARI ba="0,0" hai="17,18,19,44,50,55,92,94" m="22539,4651" machi="19" ten="30,1000,0" yaku="8,1" doraHai="125" who="0" fromWho="2" sc="240,10,332,0,256,-10,172,0" owari="250,5.0,332,43.2,246,-15.4,172,-32.8" /></mjloggm>