<mjloggm ver="2.3"><GO type="225" lobby="0"/><UN n0="%E3%81%BF%E3%81%BF%E3%81%9A" n1="%E3%83%96%E3%83%83%E3%83%91%E3%82%AA%E3%83%96%E3%83%81%E3%82%AD%E3%83%B3" n2="%72%65%6E%6B%75%6E" n3="%72%69%6F%75%63%68%61%6E" dan="17,16,17,16" rate="2205.27,2188.29,2162.03,2088.43" sx="M,M,M,M"/><TAIKYOKU oya="0"/><INIT seed="0,0,0,4,4,14" ten="250,250,250,250" oya="0" hai0="59,44,135,90,47,11,108,13,100,106,35,73,93" hai1="36,5,15,29,103,75,23,121,113,27,22,40,42" hai2="92,109,88,54,120,115,64,72,133,25,89,8,50" hai3="52,117,97,39,63,79,0,102,125,81,118,101,58"/><T28/><D73/><U95/><E121/><V9/><F72/><W114/><G125/><T17/><D135/><U19/><E75/><V57/><F115/><W24/><G114/><T132/><D132/><U74/><E113/><V30/><F120/><W116/><G0/><T12/><D106/><U98/><E74/><V41/><F133/><W16/><G39/><T20/><D100/><U123/><E123/><V134/><F134/><W78/><G81/><T130/><D130/><U71/><E36/><V65/><F41/><W37/><G37/><T43/><D108/><U48/><E71/><V2/><F109/><W86/><G86/><T128/><D128/><U77/><E77/><V83/><F83/><W122/><G122/><T46/><D35/><U53/><REACH who="1" step="1"/><E5/><REACH who="1" ten="250,240,250,250" step="2"/><V32/><F89/><W126/><G126/><T18/><D28/><U91/><E91/><V26/><F26/><W105/><REACH who="3" step="1"/><G101/><REACH who="3" ten="250,240,250,240" step="2"/><T80/><D80/><U33/><E33/><V104/><F32/><W45/><G45/><AGARI ba="0,2" hai="15,19,22,23,27,29,40,42,45,48,53,95,98,103" machi="45" ten="30,8000,1" yaku="1,1,7,1,8,1,52,1,53,1" doraHai="14" doraHaiUra="49" who="1" fromWho="3" sc="250,0,240,100,250,0,240,-80" /><INIT seed="1,0,0,4,3,47" ten="250,340,250,160" oya="1" hai0="59,15,11,32,89,101,20,36,97,70,22,10,4" hai1="5,63,72,66,134,119,105,69,90,112,88,104,6" hai2="58,108,130,107,132,98,86,121,117,64,29,80,1" hai3="115,25,124,133,42,61,67,116,21,131,74,120,123"/><U14/><E112/><V60/><F1/><W24/><G115/><T75/><D70/><U3/><E119/><V56/><F117/><W37/><G116/><T83/><D32/><U85/><E72/><V49/><F121/><W45/><G131/><T34/><D34/><U78/><E134/><V55/><F132/><W33/><G124/><T71/><D71/><U77/><E3/><V51/><F130/><W84/><G74/><T129/><D129/><U35/><E35/><V31/><F108/><W96/><G133/><T54/><D36/><U128/><E128/><V43/><F98/><W0/><G0/><T79/><D89/><U94/><E6/><V38/><F107/><W12/><G12/><T81/><D10/><U87/><E105/><V23/><F23/><W73/><G73/><T68/><D83/><U118/><E104/><V100/><F100/><W17/><G96/><T41/><D41/><U19/><E5/><V62/><F38/><W8/><G8/><T76/><D76/><U82/><REACH who="1" step="1"/><E118/><REACH who="1" ten="250,330,250,160" step="2"/><V57/><F43/><W92/><G33/><T110/><D110/><U93/><E93/><V9/><F64/><W111/><G111/><T18/><D4/><U125/><E125/><V48/><F55/><W109/><G109/><T65/><D65/><U127/><E127/><V7/><F31/><W122/><G92/><T91/><D54/><U30/><E30/><V46/><F29/><W113/><G113/><T16/><D75/><U44/><E44/><V27/><F7/><W28/><G28/><T53/><D53/><U126/><E126/><V99/><F80/><RYUUKYOKU ba="0,1" sc="250,-10,330,30,250,-10,160,-10" hai1="14,19,63,66,69,77,78,82,85,87,88,90,94" /><INIT seed="1,1,1,4,3,112" ten="240,360,240,150" oya="1" hai0="132,47,135,123,42,43,116,8,10,70,22,124,14" hai1="15,91,36,88,129,28,104,12,32,75,84,71,105" hai2="20,24,31,96,68,61,99,23,13,38,106,76,53" hai3="108,50,49,130,5,51,122,40,65,52,2,56,133"/><U120/><E120/><V114/><F38/><W33/><G33/><T4/><D123/><U27/><E75/><V103/><F114/><W16/><G122/><T7/><D70/><U0/><E129/><V97/><F76/><W119/><G130/><T115/><D115/><U117/><E0/><V113/><F113/><W44/><G108/><T62/><D62/><U79/><E36/><V69/><F69/><W82/><G133/><N who="0" m="51275" /><D124/><U1/><E1/><V39/><F39/><W100/><G119/><T3/><D116/><U87/><E71/><V86/><F86/><W73/><G100/><T95/><D47/><U83/><E117/><V18/><REACH who="2" step="1"/><F53/><REACH who="2" ten="240,360,230,150" step="2"/><W92/><G65/><AGARI ba="1,2" hai="13,18,20,23,24,31,61,65,68,96,97,99,103,106" machi="65" ten="40,2600,0" yaku="1,1,2,1,53,0" doraHai="112" doraHaiUra="111" who="2" fromWho="3" sc="240,0,360,0,230,49,150,-29" /><INIT seed="2,0,0,4,2,72" ten="240,360,279,121" oya="2" hai0="13,133,83,47,10,9,108,93,105,122,45,124,50" hai1="117,74,7,55,57,134,128,100,99,113,67,46,80" hai2="54,51,58,70,53,131,92,11,125,76,3,17,48" hai3="44,29,19,40,4,14,68,69,30,33,59,6,28"/><V110/><F70/><W94/><G33/><T24/><D105/><U62/><E113/><V49/><F125/><W85/><G69/><T123/><D124/><U16/><E117/><V22/><F131/><W126/><G68/><T64/><D64/><U34/><E128/><V97/><F110/><W111/><G111/><T118/><D118/><U15/><E134/><V73/><F3/><W23/><G126/><T39/><D108/><U56/><E34/><V81/><F11/><W71/><G71/><T66/><D66/><U20/><E46/><V5/><F5/><W119/><G119/><T114/><D114/><U2/><E2/><V21/><F17/><W61/><G94/><T26/><D133/><U90/><E7/><V101/><REACH who="2" step="1"/><F49/><REACH who="2" ten="240,360,269,121" step="2"/><W35/><G35/><T63/><D50/><U102/><E16/><V32/><F32/><W121/><G121/><T91/><D9/><U27/><E20/><V31/><F31/><W84/><G4/><T98/><D122/><U77/><E15/><V89/><F89/><W107/><G6/><N who="0" m="3287" /><D123/><U41/><E27/><V75/><F75/><W38/><REACH who="3" step="1"/><G107/><REACH who="3" ten="240,360,269,111" step="2"/><T43/><D39/><U116/><E116/><V60/><F60/><W0/><G0/><T78/><D24/><U1/><E62/><V8/><F8/><W36/><G36/><T127/><D26/><U109/><E1/><V104/><F104/><W129/><G129/><T18/><D127/><U37/><E37/><V12/><F12/><W87/><G87/><N who="0" m="48631" /><D18/><U25/><E109/><V115/><F115/><W86/><G86/><T79/><D98/><U130/><E99/><RYUUKYOKU ba="0,2" sc="240,-15,360,-15,269,15,111,15" hai2="21,22,48,51,53,54,58,73,76,81,92,97,101" hai3="14,19,23,28,29,30,38,40,44,59,61,84,85" /><INIT seed="2,1,2,1,2,133" ten="225,345,284,126" oya="2" hai0="105,106,23,15,60,78,20,81,24,63,38,83,69" hai1="99,100,52,76,3,6,118,70,49,41,74,8,16" hai2="108,19,103,40,59,17,135,64,128,125,77,36,79" hai3="66,109,56,18,112,107,55,72,65,132,5,96,71"/><V51/><F103/><W114/><G132/><T47/><D15/><U113/><E113/><V34/><F135/><W29/><G109/><T86/><D20/><U28/><E118/><V31/><F36/><W10/><G72/><T127/><D127/><U134/><E134/><V115/><F115/><N who="3" m="44075" /><G71/><T25/><D25/><U45/><E70/><V104/><F125/><W87/><G29/><T4/><D4/><U67/><E28/><V93/><F104/><W9/><G87/><T7/><D7/><U91/><E67/><N who="3" m="25610" /><G5/><T32/><D32/><U39/><E91/><V46/><F108/><W1/><G1/><T129/><D69/><U123/><E123/><V61/><F128/><W68/><G68/><T62/><D129/><U26/><E26/><V90/><F31/><W82/><G82/><T95/><D83/><U94/><E16/><N who="2" m="6219" /><F34/><W50/><G18/><T101/><D23/><U119/><E119/><V22/><F22/><W42/><G42/><T110/><D110/><U12/><E12/><V54/><F40/><W21/><G21/><T73/><D24/><U43/><REACH who="1" step="1"/><E39/><REACH who="1" ten="225,335,284,126" step="2"/><V48/><F48/><W27/><G27/><T13/><D13/><U102/><E102/><AGARI ba="1,3" hai="9,10,50,55,56,96,102,107" m="25610,44075" machi="102" ten="30,1000,0" yaku="11,1" doraHai="133" who="3" fromWho="1" sc="225,0,335,-13,284,0,126,43" /><INIT seed="3,0,0,4,0,73" ten="225,322,284,169" oya="3" hai0="109,122,107,100,64,95,127,40,135,21,63,1,84" hai1="86,68,116,104,112,30,105,70,58,3,72,20,76" hai2="26,129,131,87,90,91,62,83,7,48,67,49,119" hai3="32,96,35,66,65,16,47,53,60,114,80,103,17"/><W27/><G114/><T74/><D1/><U82/><E112/><V43/><F119/><W55/><G80/><T59/><D122/><U34/><E116/><V51/><F7/><W120/><G120/><T36/><D74/><U38/><E20/><V81/><F43/><W132/><G132/><T102/><D135/><U75/><E75/><V71/><F26/><W98/><G47/><T11/><D11/><U41/><E58/><V12/><F12/><W69/><G65/><T79/><D107/><N who="1" m="41035" /><E86/><AGARI ba="0,0" hai="48,49,51,62,67,71,81,83,86,87,90,91,129,131" machi="86" ten="40,1300,0" yaku="9,1" doraHai="73" who="2" fromWho="1" sc="225,0,322,-13,284,13,169,0" owari="225,-17.5,309,40.9,297,9.7,169,-33.1" /></mjloggm>