<mjloggm ver="2.3"><GO type="225" lobby="0"/><UN n0="%E3%82%A2%E3%83%9E%E3%83%9D%EF%BD%9E%EF%BD%9E%E3%83%A9" n1="%70%68%65%6E%6F%6D%65" n2="%E3%81%8B%E3%82%8F%E3%81%A1%E3%82%83%E3%82%93%35%38" n3="%E6%9D%B1%E9%A2%A8%E3%81%AE%E3%81%8D%E3%82%83%E3%81%B7%E3%81%95%E3%82%93" dan="17,16,16,16" rate="2076.79,2151.62,2186.66,2158.14" sx="M,M,M,M"/><TAIKYOKU oya="0"/><INIT seed="0,0,0,3,3,45" ten="250,250,250,250" oya="0" hai0="43,46,30,72,15,55,86,62,76,51,4,69,114" hai1="115,105,119,9,36,81,5,3,63,97,39,96,18" hai2="122,40,42,47,24,75,83,107,37,129,17,29,13" hai3="112,67,84,118,101,109,123,99,116,80,77,134,10"/><T91/><D114/><U38/><E119/><N who="3" m="45610" /><G67/><T135/><D135/><U1/><E115/><V87/><F122/><W73/><G10/><T60/><D69/><U100/><E1/><V90/><F107/><N who="3" m="63935" /><G112/><T28/><D76/><U23/><E96/><V22/><F129/><W70/><G70/><T8/><D72/><U20/><E18/><V127/><F127/><W58/><G58/><N who="0" m="34911" /><D62/><U89/><REACH who="1" step="1"/><E63/><REACH who="1" ten="250,240,250,250" step="2"/><V106/><F106/><W11/><G123/><T124/><D124/><U0/><E0/><V56/><F17/><W16/><G16/><T133/><D133/><U2/><E2/><V74/><F13/><W94/><G134/><T104/><D104/><U92/><E92/><AGARI ba="0,1" hai="4,8,15,28,30,43,46,51,86,91,92" m="34911" machi="92" ten="30,2900,0" yaku="8,1,52,1" doraHai="45" who="0" fromWho="1" sc="250,39,240,-29,250,0,250,0" /><INIT seed="0,1,0,0,2,129" ten="289,211,250,250" oya="0" hai0="95,100,125,108,2,118,40,49,6,76,24,66,4" hai1="126,35,41,135,16,13,132,131,59,21,47,79,130" hai2="106,119,38,62,48,109,11,111,37,121,50,101,81" hai3="33,87,3,78,69,133,53,90,61,134,120,80,10"/><T23/><D118/><U14/><E35/><V15/><F121/><W7/><G33/><T0/><D76/><U104/><E104/><V123/><F123/><W19/><G120/><T114/><D114/><U30/><E79/><V55/><F119/><W85/><G19/><T82/><D82/><U91/><E30/><V22/><F22/><W60/><G53/><T77/><D77/><U17/><E59/><N who="2" m="35199" /><F81/><N who="3" m="47287" /><G69/><T128/><D125/><U97/><E126/><V98/><F38/><W52/><G52/><T102/><D108/><N who="2" m="41546" /><F37/><W74/><G74/><T20/><D128/><N who="1" m="49195" /><E97/><V43/><F43/><W31/><G31/><T113/><D113/><U51/><E91/><V26/><F26/><W34/><G34/><T117/><D24/><U83/><E83/><V71/><F71/><W107/><G107/><T18/><D40/><U54/><E41/><V88/><F88/><W9/><G9/><AGARI ba="1,0" hai="9,13,14,16,17,21,47,51,54,132,135" m="49195" machi="9" ten="30,7700,0" yaku="19,1,52,2,54,1" doraHai="129" who="1" fromWho="3" sc="289,0,211,80,250,0,250,-80" /><INIT seed="1,0,0,3,1,32" ten="289,291,250,170" oya="1" hai0="33,64,121,122,92,20,18,76,113,54,85,110,43" hai1="34,117,87,26,68,71,45,129,104,2,70,112,55" hai2="66,11,59,124,88,114,69,37,65,23,75,58,57" hai3="17,27,16,56,9,101,63,6,8,47,94,12,89"/><U73/><E73/><V109/><F75/><W7/><G101/><T28/><D113/><U51/><E112/><V38/><F114/><W72/><G72/><T53/><D110/><U82/><E117/><V105/><F105/><W96/><G47/><T100/><D64/><U5/><E104/><V79/><F109/><W118/><G118/><T74/><D43/><U3/><E129/><V91/><F79/><W133/><G133/><T24/><D74/><U0/><E5/><V111/><F111/><W61/><G61/><T119/><D100/><U30/><REACH who="1" step="1"/><E70/><REACH who="1" ten="289,281,250,170" step="2"/><V13/><F69/><W81/><G81/><N who="0" m="47271" /><D119/><U44/><E44/><V135/><F135/><W52/><REACH who="3" step="1"/><G27/><REACH who="3" ten="289,281,250,160" step="2"/><N who="0" m="14743" /><D92/><U95/><E95/><V40/><F59/><W131/><G131/><T130/><D130/><U31/><E31/><V10/><F58/><W77/><G77/><AGARI ba="0,2" hai="0,2,3,26,30,34,45,51,55,68,71,77,82,87" machi="77" ten="40,12000,1" yaku="1,1,52,3,53,0" doraHai="32" doraHaiUra="4" who="1" fromWho="3" sc="289,0,281,140,250,0,160,-120" /><INIT seed="1,1,0,4,5,78" ten="289,421,250,40" oya="1" hai0="114,81,22,11,106,103,105,60,2,102,33,21,54" hai1="126,100,18,93,96,51,77,17,1,90,91,69,84" hai2="125,38,59,45,131,32,19,7,61,53,24,121,5" hai3="76,134,124,63,47,133,27,25,14,48,43,99,115"/><U26/><E126/><V123/><F125/><W50/><G124/><T88/><D33/><U128/><E69/><V108/><F108/><W111/><G115/><T35/><D35/><U104/><E128/><V120/><F131/><W67/><G111/><T41/><D41/><U20/><E1/><V39/><F45/><W29/><G50/><T65/><D54/><U28/><E77/><V0/><F0/><W94/><G76/><T101/><D114/><U55/><REACH who="1" step="1"/><E91/><REACH who="1" ten="289,411,250,40" step="2"/><V98/><F121/><W72/><G72/><T117/><D117/><U8/><E8/><V107/><F123/><W42/><G42/><T52/><D11/><U37/><E37/><V49/><F120/><W56/><G14/><T83/><D88/><U80/><E80/><V85/><F39/><W66/><G66/><T68/><D2/><U89/><E89/><V119/><F38/><W118/><G118/><T58/><D83/><U13/><E13/><V23/><F119/><W112/><G112/><T129/><D81/><U110/><E110/><V40/><F85/><W6/><G6/><T12/><D129/><U75/><E75/><V113/><F113/><W82/><G82/><T71/><D71/><U135/><E135/><N who="3" m="51722" /><G29/><T70/><D70/><U132/><E132/><V86/><F5/><W95/><G95/><T62/><D12/><U64/><E64/><V10/><F7/><W30/><G30/><T34/><D106/><U127/><E127/><V57/><F10/><W92/><G92/><T74/><D105/><U87/><E87/><V116/><F86/><W36/><G36/><T16/><D74/><RYUUKYOKU ba="1,1" sc="289,-15,411,15,250,-15,40,15" hai1="17,18,20,26,28,51,55,84,90,93,96,100,104" hai3="25,27,43,47,48,56,63,67,94,99" /><INIT seed="1,2,1,1,4,35" ten="274,426,235,55" oya="1" hai0="41,24,17,117,115,39,11,90,92,2,129,66,95" hai1="12,37,88,56,125,53,59,123,97,47,23,0,96" hai2="109,91,54,76,29,44,27,112,7,3,116,36,25" hai3="94,124,68,22,69,40,57,6,42,67,49,34,5"/><U64/><E123/><V79/><F116/><W38/><G34/><T106/><D106/><U110/><E0/><V31/><F109/><W74/><G74/><T77/><D115/><U20/><E110/><V72/><F112/><W84/><G124/><T107/><D107/><U15/><E125/><V126/><F126/><W1/><G22/><N who="1" m="8234" /><E37/><V111/><F111/><W8/><G6/><T45/><D77/><U101/><E101/><V73/><F91/><W132/><G132/><T9/><D24/><U122/><E122/><V105/><F105/><W63/><G38/><T93/><D129/><U85/><E47/><V62/><F36/><W83/><G94/><T119/><D66/><U82/><E59/><V89/><F89/><W61/><G49/><T127/><D90/><U131/><E64/><V121/><F44/><W128/><G128/><T32/><D32/><U60/><E131/><V58/><F121/><W50/><G50/><T134/><D134/><U98/><AGARI ba="2,1" hai="12,15,53,56,60,82,85,88,96,97,98" m="8234" machi="98" ten="30,3000,0" yaku="8,1,54,1" doraHai="35" who="1" fromWho="1" sc="274,-12,426,46,235,-12,55,-12" /><INIT seed="1,3,0,2,0,92" ten="262,472,223,43" oya="1" hai0="135,5,39,103,43,104,14,42,90,34,13,93,44" hai1="10,25,73,95,133,35,123,51,74,36,56,75,16" hai2="19,50,122,55,83,29,117,58,81,119,20,115,41" hai3="2,79,72,8,85,30,102,49,124,4,118,116,48"/><U47/><E123/><V37/><F122/><W22/><G124/><T108/><D108/><U17/><E133/><V82/><F115/><W89/><G102/><T120/><D135/><U66/><E36/><V88/><F29/><W59/><G79/><T9/><D34/><U114/><E114/><V132/><F132/><W38/><G38/><T87/><D43/><U76/><E76/><V77/><F77/><W78/><G78/><T57/><D57/><U131/><E131/><V15/><F37/><W67/><G72/><T1/><REACH who="0" step="1"/><D120/><REACH who="0" ten="252,472,223,43" step="2"/><U68/><E56/><V52/><F41/><W94/><G67/><T101/><D101/><U86/><E66/><V105/><F105/><W84/><G59/><T18/><D18/><U134/><E35/><V112/><F112/><W113/><G113/><T121/><D121/><U27/><E17/><V99/><REACH who="2" step="1"/><F55/><REACH who="2" ten="252,472,213,43" step="2"/><W54/><G54/><T129/><D129/><U62/><E134/><V28/><F28/><W69/><G30/><T127/><D127/><U40/><E40/><V7/><F7/><W23/><G4/><T107/><D107/><U65/><E16/><V46/><F46/><W33/><G118/><T97/><AGARI ba="3,2" hai="1,5,9,13,14,39,42,44,87,90,93,97,103,104" machi="97" ten="30,4000,0" yaku="1,1,0,1,52,1,53,0" doraHai="92" doraHaiUra="21" who="0" fromWho="0" sc="252,69,472,-23,213,-13,43,-13" /><INIT seed="2,0,0,2,3,42" ten="321,449,200,30" oya="2" hai0="24,134,74,83,64,84,51,98,125,67,38,91,2" hai1="78,61,102,49,105,35,52,90,88,15,54,37,95" hai2="72,11,10,27,124,6,111,16,128,94,7,48,68" hai3="99,107,19,63,73,47,39,58,116,12,119,96,43"/><V44/><F124/><W118/><G73/><T86/><D38/><U46/><E35/><V85/><F72/><W0/><G0/><T89/><D125/><U130/><E105/><V93/><F68/><W59/><G107/><T22/><D2/><U135/><E37/><V60/><F60/><W123/><G123/><T26/><D74/><U132/><E78/><V56/><F56/><W31/><G31/><T80/><D134/><N who="1" m="51243" /><E130/><V9/><F128/><W65/><REACH who="3" step="1"/><G59/><REACH who="3" ten="321,449,200,20" step="2"/><T32/><D32/><U57/><E15/><V5/><F111/><W117/><N who="3" m="29696" /><DORA hai="3" /><W121/><G121/><T62/><D26/><U112/><E112/><V75/><F75/><W41/><G41/><T114/><D114/><U97/><AGARI ba="0,1" hai="46,49,52,54,57,61,88,90,95,97,102" m="51243" machi="97" ten="30,7900,0" yaku="20,1,52,1,54,2" doraHai="42,3" who="1" fromWho="1" sc="321,-20,449,89,200,-39,20,-20" /><INIT seed="3,0,0,4,2,107" ten="301,538,161,0" oya="3" hai0="86,63,39,131,48,116,23,64,121,135,83,100,70" hai1="115,78,106,108,54,16,13,67,35,102,0,130,18" hai2="15,38,29,40,89,28,26,128,79,30,101,52,104" hai3="51,25,31,99,126,87,7,44,60,41,43,84,12"/><W118/><G118/><T110/><D110/><U123/><E0/><V36/><F36/><W3/><G3/><T73/><D39/><U97/><E67/><V62/><F79/><W17/><G126/><T127/><D116/><U42/><E78/><V61/><F61/><W22/><G7/><T75/><D121/><U57/><E42/><V69/><F89/><W10/><G41/><T24/><D131/><U80/><E35/><N who="2" m="20887" /><F52/><W14/><G14/><T109/><D135/><U27/><E18/><V65/><F128/><W93/><G60/><T125/><D100/><AGARI ba="0,0" hai="10,12,17,22,25,31,43,44,51,84,87,93,99,100" machi="100" ten="30,2900,0" yaku="7,1,8,1" doraHai="107" who="3" fromWho="0" sc="301,-29,538,0,161,0,0,29" /><INIT seed="3,1,0,0,0,81" ten="272,538,161,29" oya="3" hai0="41,18,26,131,66,87,43,115,109,4,31,135,7" hai1="70,10,52,12,6,107,96,128,61,112,14,49,95" hai2="37,59,30,86,47,17,130,57,42,133,1,67,114" hai3="2,132,76,65,0,51,32,50,93,100,80,98,124"/><W121/><G121/><T129/><D109/><U24/><E107/><V97/><F114/><W113/><G113/><T111/><D111/><U78/><E78/><V13/><F1/><W127/><G32/><T105/><D105/><U68/><E128/><N who="0" m="49225" /><D135/><U62/><E24/><V88/><F130/><W82/><G65/><T45/><D115/><U72/><E72/><V99/><F30/><W106/><G106/><T22/><D66/><U91/><E112/><V104/><F133/><W79/><G132/><T110/><D43/><U123/><E123/><V38/><F38/><W103/><REACH who="3" step="1"/><G98/><REACH who="3" ten="272,538,161,19" step="2"/><T9/><D110/><U15/><E70/><V19/><F67/><W85/><G85/><T60/><D87/><U92/><E68/><V122/><F122/><W55/><G55/><T3/><D60/><U48/><E61/><V89/><F99/><W119/><G119/><T94/><D94/><AGARI ba="1,1" hai="0,2,50,51,76,79,80,82,93,94,100,103,124,127" machi="94" ten="25,12000,1" yaku="1,1,22,2,53,2" doraHai="81" doraHaiUra="34" who="3" fromWho="0" sc="272,-123,538,0,161,0,19,133" /><INIT seed="3,2,0,4,2,72" ten="149,538,161,152" oya="3" hai0="45,135,121,131,28,104,128,44,1,23,85,4,13" hai1="59,82,103,107,68,69,92,126,78,8,71,42,65" hai2="7,10,89,98,27,125,48,22,32,11,115,3,95" hai3="127,20,76,57,31,91,99,6,124,63,47,40,105"/><W24/><G6/><T5/><D121/><U53/><E107/><V132/><F115/><W97/><G76/><T119/><D119/><U25/><E42/><V41/><F32/><W15/><G15/><T66/><D135/><U109/><E109/><V34/><F34/><W116/><G116/><T60/><D104/><U102/><E65/><V38/><F38/><N who="3" m="21911" /><G91/><T111/><D111/><U58/><E58/><V50/><F41/><W75/><G75/><T106/><D106/><U39/><E39/><V108/><F108/><W17/><G31/><T120/><D120/><U36/><E36/><V30/><F132/><W134/><G134/><T113/><D113/><U70/><E70/><V81/><F125/><N who="3" m="48203" /><G105/><T114/><D114/><U129/><E126/><V67/><F67/><AGARI ba="2,0" hai="17,20,24,57,63,67,97,99" m="48203,21911" machi="67" ten="30,1500,0" yaku="18,1" doraHai="72" who="3" fromWho="2" sc="149,0,538,0,161,-21,152,21" /><INIT seed="3,3,0,4,1,17" ten="149,538,140,173" oya="3" hai0="84,74,14,40,65,38,77,24,108,10,91,133,67" hai1="56,123,55,43,15,135,116,71,50,59,132,12,47" hai2="134,88,105,104,82,62,34,61,27,9,25,51,126" hai3="44,4,22,29,41,97,130,31,112,1,111,19,52"/><W3/><G112/><T129/><D108/><U39/><E123/><V64/><F105/><W32/><G111/><T70/><D129/><U36/><E116/><V8/><F104/><W26/><G130/><T89/><D133/><N who="1" m="51275" /><E71/><V53/><F134/><W121/><G121/><T18/><D74/><U107/><E107/><V49/><F126/><W7/><G97/><T106/><D38/><N who="1" m="14379" /><E59/><N who="2" m="36927" /><F34/><N who="3" m="20791" /><G52/><T81/><D40/><U113/><E113/><V45/><F62/><AGARI ba="3,0" hai="12,15,43,47,50,55,56,62" m="14379,51275" machi="62" ten="30,1000,0" yaku="20,1" doraHai="17" who="1" fromWho="2" sc="149,0,538,19,140,-19,173,0" owari="149,-25.1,557,65.7,121,-37.9,173,-2.7" /></mjloggm>