<mjloggm ver="2.3"><GO type="225" lobby="0"/><UN n0="%E3%80%93%E3%81%97%E3%83%BC%E3%82%89%E3%80%93" n1="%E6%98%93%E5%88%A9%E8%96%A9%E4%BC%AF" n2="%E3%83%A9%E3%82%A4%E3%83%B3%E3%81%AE%E8%99%8E" n3="%E5%A4%96%E5%B7%9D%E7%AB%9C%E6%88%90" dan="16,17,16,16" rate="2208.33,2151.47,2160.43,2088.85" sx="M,F,M,M"/><TAIKYOKU oya="0"/><INIT seed="0,0,0,1,0,30" ten="250,250,250,250" oya="0" hai0="126,29,10,32,74,99,81,19,95,114,92,65,88" hai1="73,9,17,128,0,80,13,76,93,112,69,49,56" hai2="111,47,55,124,46,94,135,120,106,18,26,24,89" hai3="84,61,59,21,71,133,132,54,109,129,8,116,45"/><T134/><D114/><U90/><E69/><V35/><F120/><W44/><G84/><T66/><D126/><U123/><E123/><V27/><F106/><W48/><G21/><T36/><D36/><U20/><E128/><V4/><F111/><W58/><G8/><T23/><D134/><N who="3" m="51817" /><G109/><T122/><D122/><U108/><E108/><V3/><F124/><W1/><G1/><T22/><D10/><U75/><E112/><V91/><F3/><W68/><G116/><T118/><D118/><U15/><E75/><V78/><F4/><W102/><G102/><N who="0" m="60775" /><D32/><U50/><E56/><V64/><F78/><W34/><G34/><T43/><D43/><U103/><E103/><V117/><F35/><W12/><G12/><N who="0" m="9575" /><D81/><U98/><REACH who="1" step="1"/><E0/><REACH who="1" ten="250,240,250,250" step="2"/><V16/><F135/><W130/><G71/><T115/><D115/><U57/><E57/><V38/><F117/><W25/><G68/><T86/><D74/><U41/><E41/><V82/><F46/><N who="3" m="18027" /><G25/><AGARI ba="0,1" hai="23,25,29,65,66,86,88,95" m="9575,60775" machi="25" ten="30,2900,0" yaku="8,1,54,1" doraHai="30" who="0" fromWho="3" sc="250,39,240,0,250,0,250,-29" /><INIT seed="0,1,0,2,2,107" ten="289,240,250,221" oya="0" hai0="123,74,7,56,99,125,15,127,87,3,21,129,47" hai1="50,39,115,135,119,88,19,13,37,14,52,62,66" hai2="96,61,116,0,64,86,53,110,30,118,67,126,9" hai3="59,102,69,24,105,63,134,79,34,120,76,101,60"/><T128/><D123/><U42/><E119/><N who="2" m="45611" /><F110/><W2/><G2/><T51/><D3/><U40/><E135/><V33/><F126/><N who="0" m="48138" /><D56/><N who="1" m="37191" /><E14/><V97/><F86/><W83/><G102/><T85/><D99/><N who="2" m="37962" /><F30/><W75/><G79/><T32/><D32/><U28/><E28/><V89/><F89/><W121/><G101/><T58/><D58/><N who="1" m="33047" /><E115/><V111/><F33/><W20/><G34/><T122/><D122/><U41/><E39/><V18/><F111/><W95/><G134/><T133/><D133/><U81/><E37/><V22/><F53/><W23/><G120/><T54/><D21/><N who="1" m="11503" /><E42/><V25/><F61/><W112/><G121/><T100/><D15/><U57/><E57/><V80/><F80/><W46/><G83/><T68/><D7/><AGARI ba="1,0" hai="0,7,9,18,22,25,64,67" m="37962,45611" machi="7" ten="30,1000,0" yaku="12,1" doraHai="107" who="2" fromWho="0" sc="289,-13,240,0,250,13,221,0" /><INIT seed="1,0,0,3,0,14" ten="276,240,263,221" oya="1" hai0="52,110,102,19,127,0,75,90,26,129,132,134,65" hai1="100,12,28,89,48,96,25,60,55,121,4,3,16" hai2="91,39,15,97,43,74,81,11,99,54,122,2,29" hai3="8,70,44,72,109,32,35,82,98,1,93,45,130"/><U61/><E121/><V67/><F122/><W49/><G70/><T50/><D75/><U10/><E89/><V115/><F115/><W87/><G72/><T33/><D0/><U107/><E3/><V113/><F113/><W36/><G109/><T125/><D110/><U53/><E4/><V9/><F29/><W76/><G36/><T86/><D102/><U22/><REACH who="1" step="1"/><E55/><REACH who="1" ten="276,230,263,221" step="2"/><V24/><F54/><W20/><G1/><T135/><D52/><U63/><E63/><V7/><F91/><W34/><G130/><T124/><D129/><U128/><E128/><V62/><F62/><W57/><G57/><AGARI ba="0,1" hai="10,12,16,22,25,28,48,53,57,60,61,96,100,107" machi="57" ten="30,11600,0" yaku="1,1,7,1,52,1,54,1,53,0" doraHai="14" doraHaiUra="68" who="1" fromWho="3" sc="276,0,230,126,263,0,221,-116" /><INIT seed="1,1,0,4,2,101" ten="276,356,263,105" oya="1" hai0="39,40,12,0,17,119,132,115,20,104,99,45,34" hai1="33,26,92,79,91,27,63,9,11,110,125,66,73" hai2="1,103,97,35,8,76,123,120,59,5,106,25,72" hai3="61,57,98,55,65,108,43,64,130,13,84,109,50"/><U107/><E125/><V52/><F76/><W118/><G84/><T18/><D34/><U62/><E107/><V83/><F83/><W71/><G98/><T131/><D0/><U116/><E116/><V134/><F72/><W30/><G13/><T122/><D119/><U49/><E49/><V37/><F37/><W32/><G30/><T81/><D115/><U89/><E89/><V74/><F74/><W48/><G32/><T113/><D113/><U82/><E63/><V2/><F2/><W75/><G75/><T21/><D81/><U3/><E3/><V23/><F134/><W54/><G118/><T51/><D132/><U94/><E94/><V80/><F35/><W96/><G96/><T135/><D131/><U46/><E46/><V69/><F69/><W95/><G95/><T126/><D122/><U70/><E110/><V112/><F80/><W111/><G130/><T105/><D126/><U117/><E117/><V15/><F112/><W102/><G102/><T36/><D135/><U87/><E27/><V22/><F22/><W29/><G29/><T77/><D77/><U78/><E78/><V41/><F41/><W121/><G121/><T42/><D99/><U93/><E93/><V88/><F88/><W133/><G133/><T7/><D7/><U67/><E67/><V31/><F1/><W28/><G28/><T58/><D42/><U44/><E44/><V129/><F129/><W16/><G16/><T124/><D124/><U127/><E127/><V38/><F38/><N who="0" m="14378" /><D58/><U114/><E114/><V86/><F86/><W56/><G43/><T19/><D12/><RYUUKYOKU ba="1,0" sc="276,0,356,0,263,0,105,0" hai0="17,18,19,20,21,40,45,51,104,105" hai1="9,11,26,33,62,66,70,73,79,82,87,91,92" hai2="5,8,15,23,25,31,52,59,97,103,106,120,123" hai3="48,50,54,55,56,57,61,64,65,71,108,109,111" /><INIT seed="1,2,0,5,1,127" ten="276,356,263,105" oya="1" hai0="17,118,41,80,129,23,15,49,86,73,100,51,120" hai1="96,76,48,14,43,44,123,18,30,67,111,74,26" hai2="24,84,75,58,37,128,8,45,13,5,131,78,85" hai3="53,114,4,57,29,27,104,98,97,133,72,32,115"/><U65/><E123/><V101/><F101/><W28/><G72/><T109/><D120/><U33/><E111/><V25/><F75/><W31/><G133/><T105/><D73/><U99/><E76/><V135/><F135/><W134/><G134/><T42/><D118/><U71/><E74/><V1/><F1/><W39/><G39/><T10/><D109/><U35/><E35/><V91/><F58/><W50/><G4/><N who="0" m="3527" /><D129/><N who="2" m="49738" /><F78/><W107/><G27/><N who="2" m="10313" /><F91/><W112/><REACH who="3" step="1"/><G32/><REACH who="3" ten="276,356,263,95" step="2"/><T2/><D2/><U119/><E33/><V60/><F60/><W124/><G124/><T88/><D51/><U125/><E48/><V3/><F3/><W122/><G122/><T106/><D49/><U16/><E125/><V22/><F22/><W121/><G121/><T77/><D23/><U92/><E26/><V83/><F83/><W130/><G130/><T38/><D80/><U36/><E36/><V46/><F37/><W70/><G70/><T68/><D68/><U6/><E71/><V95/><F95/><W9/><G9/><T7/><D38/><U81/><E92/><V90/><F90/><W21/><G21/><T108/><D88/><U82/><E81/><V116/><F116/><W89/><G89/><T79/><D108/><U103/><E119/><V63/><F63/><W61/><G61/><T117/><D117/><U19/><E82/><V52/><F85/><W34/><G34/><T102/><D86/><U94/><E94/><V11/><F84/><W132/><G132/><T62/><D62/><U110/><E110/><V0/><F11/><W113/><N who="3" m="28672" /><DORA hai="20" /><W12/><G12/><RYUUKYOKU ba="2,1" sc="276,-10,356,-10,263,-10,95,30" hai3="28,29,31,50,53,57,97,98,104,107" /><INIT seed="2,3,1,1,4,32" ten="266,346,253,125" oya="2" hai0="34,100,119,6,121,14,105,36,48,31,114,30,125" hai1="133,134,64,96,88,129,82,53,66,89,75,70,33" hai2="104,12,77,120,62,113,95,102,60,21,41,8,46" hai3="108,51,16,110,111,24,99,20,44,112,23,115,127"/><V29/><F113/><N who="3" m="43595" /><G99/><T97/><D36/><U103/><E33/><V17/><F104/><W92/><G92/><T122/><D119/><U73/><E53/><V22/><F120/><W55/><G23/><T1/><D125/><AGARI ba="3,1" hai="16,20,24,44,51,55,108,110,111,125,127" m="43595" machi="125" ten="40,5200,0" yaku="14,1,11,1,54,1" doraHai="32" who="3" fromWho="0" sc="266,-61,346,0,253,0,125,71" /><INIT seed="3,0,0,2,5,59" ten="205,346,253,196" oya="3" hai0="124,39,95,108,16,45,31,82,7,112,61,116,27" hai1="33,102,4,81,47,9,68,42,46,90,17,22,38" hai2="93,109,69,51,86,89,105,92,43,85,19,91,6" hai3="3,100,128,58,34,130,101,115,30,44,123,14,111"/><W29/><G115/><T35/><D108/><U41/><E33/><V48/><F109/><W20/><G111/><T60/><D116/><U133/><E68/><V50/><F105/><W118/><G118/><T106/><D106/><U94/><E102/><N who="3" m="39530" /><G3/><T74/><D112/><U76/><E133/><V125/><F125/><W21/><G123/><T8/><D95/><U36/><E22/><N who="3" m="8810" /><G14/><T97/><D97/><U56/><E56/><V99/><F99/><W64/><G44/><T121/><D16/><U75/><E17/><V18/><F69/><W119/><G119/><T96/><D96/><U54/><E54/><V28/><F28/><N who="3" m="10859" /><G34/><T120/><D124/><U67/><E67/><V78/><F78/><W103/><N who="3" m="39538" /><W66/><DORA hai="32" /><G58/><T65/><D65/><AGARI ba="0,0" hai="64,65,66,128,130" m="10859,8810,39538" machi="65" ten="40,12000,1" yaku="28,2,26,2" doraHai="59,32" who="3" fromWho="0" sc="205,-120,346,0,253,0,196,120" /><INIT seed="3,1,0,1,0,76" ten="85,346,253,316" oya="3" hai0="114,115,111,45,90,53,30,100,23,127,48,14,16" hai1="123,27,135,36,18,21,44,10,77,17,47,89,124" hai2="20,35,11,31,22,104,54,29,110,84,43,120,101" hai3="99,78,25,134,24,42,116,85,95,83,126,109,69"/><W102/><G116/><T57/><D111/><U65/><E123/><V119/><F119/><W40/><G69/><T130/><D127/><U113/><E113/><V9/><F43/><N who="3" m="16427" /><G134/><T80/><D130/><U131/><E77/><V26/><F101/><W128/><G128/><T37/><D37/><U88/><E36/><V19/><F104/><W7/><G126/><T107/><D107/><U125/><E65/><V55/><F84/><W60/><G109/><T59/><D100/><U121/><E121/><V106/><F106/><W13/><G60/><T41/><D115/><U118/><E118/><V58/><F120/><W81/><G81/><T92/><D114/><U49/><E131/><V132/><F132/><W129/><G129/><T34/><D34/><U51/><E135/><V98/><F35/><W3/><G3/><T103/><D30/><U82/><E82/><V72/><F72/><W73/><G73/><T28/><D28/><U94/><E125/><V117/><F31/><W50/><G50/><T61/><D103/><U75/><E75/><V0/><F29/><W8/><AGARI ba="1,0" hai="7,8,13,24,25,78,83,85,95,99,102" m="16427" machi="8" ten="30,3000,0" yaku="8,1,52,1" doraHai="76" who="3" fromWho="3" sc="85,-11,346,-11,253,-11,316,33" owari="74,-42.6,335,13.5,242,-15.8,349,44.9" /></mjloggm>