<mjloggm ver="2.3"><GO type="225" lobby="0"/><UN n0="%E5%8D%A0%E3%81%84%E5%B8%AB%E8%A3%8F%E3%81%AA%E3%81%84%E3%81%97" n1="%E9%B3%B3%E6%9D%B1%E3%81%AE%E3%81%86%E3%81%95%E3%81%8E%E3%81%95%E3%82%93" n2="%E3%83%B4%E3%82%A3%E3%83%AF%E3%82%B3%E3%82%B0%E3%83%8B" n3="%E9%80%86%E9%80%A3%E5%B8%AF%E3%81%AE%E9%AC%BC" dan="17,17,17,17" rate="2249.99,2184.03,2247.95,2114.08" sx="M,M,M,M"/><TAIKYOKU oya="0"/><INIT seed="0,0,0,1,2,79" ten="250,250,250,250" oya="0" hai0="127,53,111,85,88,40,128,28,98,87,52,112,63" hai1="100,60,102,69,71,42,132,64,22,109,10,21,124" hai2="82,11,113,2,9,23,122,77,51,41,32,4,135" hai3="125,70,129,84,75,76,47,8,5,133,16,105,35"/><T89/><D112/><U119/><E119/><V36/><F122/><W90/><G70/><T114/><D114/><U108/><E132/><V116/><F113/><W123/><G133/><T17/><D128/><U65/><E10/><V37/><F116/><W68/><G68/><N who="1" m="26186" /><E60/><V30/><F135/><W131/><G105/><T80/><D127/><U130/><E42/><V33/><F9/><W1/><G35/><T126/><D126/><U99/><E124/><V101/><F101/><N who="1" m="39017" /><E99/><V12/><F51/><W13/><G123/><T73/><D111/><N who="1" m="42571" /><E130/><V54/><F41/><W78/><G125/><T121/><D121/><U26/><E26/><V6/><F6/><W27/><G27/><T58/><D73/><U67/><AGARI ba="0,0" hai="21,22,64,65,67" m="42571,39017,26186" machi="67" ten="40,5200,0" yaku="28,2,14,1" doraHai="79" who="1" fromWho="1" sc="250,-26,250,52,250,-13,250,-13" /><INIT seed="1,0,0,0,5,128" ten="224,302,237,237" oya="1" hai0="111,73,26,23,113,63,77,99,130,95,83,8,42" hai1="92,47,41,52,81,87,135,66,124,131,82,88,126" hai2="69,4,33,100,60,10,34,19,72,89,2,62,96" hai3="29,105,24,108,93,85,121,31,17,109,13,132,45"/><U15/><E131/><V94/><F72/><W51/><G105/><T117/><D130/><U18/><E66/><V44/><F44/><W21/><G121/><T90/><D113/><U32/><E32/><V76/><F76/><W70/><G70/><T123/><D111/><U9/><E135/><V64/><F60/><W28/><G132/><T133/><D123/><U80/><REACH who="1" step="1"/><E52/><REACH who="1" ten="224,292,237,237" step="2"/><V125/><F125/><W14/><G109/><T6/><D133/><U78/><E78/><V5/><F34/><W127/><G108/><T39/><D117/><U104/><E104/><V48/><F33/><W46/><G127/><T74/><D63/><U75/><E75/><V49/><F62/><W107/><G107/><T119/><D119/><U91/><E91/><V36/><F64/><W1/><G46/><T120/><D120/><U134/><E134/><V37/><F89/><N who="3" m="53423" /><G1/><T84/><D42/><AGARI ba="0,1" hai="13,14,17,21,24,28,29,31,42,45,51" m="53423" machi="42" ten="30,1000,0" yaku="8,1" doraHai="128" who="3" fromWho="0" sc="224,-10,292,0,237,0,237,20" /><INIT seed="2,0,0,3,2,105" ten="214,292,237,257" oya="2" hai0="78,90,29,64,34,25,52,30,124,60,51,129,93" hai1="15,39,13,79,106,50,0,17,45,31,44,96,9" hai2="95,22,118,111,75,37,40,11,77,99,36,85,134" hai3="117,28,119,54,76,110,115,125,135,7,5,53,63"/><V87/><F118/><W108/><G115/><T107/><D107/><U72/><E0/><V73/><F22/><W68/><G135/><T1/><D129/><U91/><E39/><V71/><F71/><W122/><G122/><T126/><D1/><U98/><E31/><V32/><F32/><W3/><G125/><N who="0" m="48235" /><D78/><U123/><E123/><V43/><F134/><W94/><G28/><N who="0" m="19727" /><D60/><U10/><E106/><V130/><F130/><W102/><G76/><T100/><D64/><U80/><E91/><V46/><F111/><W82/><G82/><T83/><D100/><U26/><E26/><V48/><F11/><W67/><G119/><T121/><D83/><U2/><E2/><V92/><F77/><W8/><G7/><T23/><D23/><U132/><E132/><V86/><F92/><W41/><G117/><T18/><D18/><U49/><E45/><V70/><F70/><W56/><G68/><T114/><D114/><U89/><E89/><V133/><F133/><W20/><G110/><T16/><D16/><U38/><E38/><V4/><F4/><W14/><G108/><T120/><D120/><U88/><E88/><N who="2" m="55783" /><F36/><W104/><G104/><T65/><D65/><U27/><E27/><V81/><F81/><W101/><G101/><T62/><D121/><U58/><E10/><V97/><F97/><N who="3" m="59703" /><G3/><T128/><D128/><U66/><E13/><V74/><F37/><W131/><G131/><T6/><D6/><U84/><E9/><V57/><F57/><W42/><G20/><T109/><D109/><U61/><E80/><V127/><F127/><W21/><G21/><RYUUKYOKU ba="0,0" sc="214,-15,292,-15,237,15,257,15" hai2="40,43,46,48,73,74,75,85,86,87" hai3="5,8,14,41,42,53,54,56,63,67" /><INIT seed="2,1,0,5,5,111" ten="199,277,252,272" oya="2" hai0="9,69,54,35,89,15,6,118,53,42,86,113,31" hai1="93,109,90,26,83,24,10,37,117,39,85,99,129" hai2="56,74,21,115,71,17,52,8,23,120,72,57,67" hai3="41,130,133,44,28,131,51,88,22,18,87,110,0"/><V75/><F120/><W82/><G110/><T5/><D69/><U61/><E117/><V112/><F71/><W96/><G0/><T59/><D118/><U84/><E109/><V38/><F38/><W73/><G133/><T66/><D42/><U60/><E129/><V105/><F105/><W122/><G122/><T81/><D35/><U16/><E39/><V46/><F8/><W123/><G123/><T25/><D5/><U30/><E37/><V48/><F23/><W13/><G73/><T43/><D43/><U124/><E124/><V94/><F94/><W36/><G28/><T63/><REACH who="0" step="1"/><D113/><REACH who="0" ten="189,277,252,272" step="2"/><U128/><E128/><V125/><F125/><W70/><G70/><T132/><D132/><U58/><E61/><V47/><F115/><W77/><G131/><T80/><D80/><U106/><E83/><V34/><F34/><W64/><G130/><T95/><D95/><U62/><E62/><V1/><F112/><W126/><G126/><T20/><AGARI ba="1,1" hai="6,9,15,20,25,31,53,54,59,63,66,81,86,89" machi="20" ten="20,5200,0" yaku="1,1,0,1,7,1,8,1,53,0" doraHai="111" doraHaiUra="45" who="0" fromWho="0" sc="189,65,277,-14,252,-27,272,-14" /><INIT seed="3,0,0,4,3,85" ten="254,263,225,258" oya="3" hai0="25,111,46,125,29,86,52,38,48,16,36,4,108" hai1="129,2,14,81,23,7,84,72,49,31,69,113,110" hai2="91,127,5,132,32,131,65,79,71,11,130,74,17" hai3="15,28,123,40,116,0,24,19,114,43,96,3,88"/><W57/><G116/><T54/><D125/><U112/><E69/><V67/><F32/><W80/><G114/><T10/><D54/><U58/><E72/><V73/><F127/><W99/><G123/><T89/><D29/><U128/><E2/><V20/><F132/><W21/><G0/><T37/><D25/><N who="1" m="16831" /><E110/><N who="0" m="42025" /><D16/><U55/><E14/><N who="2" m="5487" /><F91/><W41/><G3/><N who="0" m="287" /><D36/><U124/><E7/><V109/><F109/><W105/><G105/><T94/><AGARI ba="0,0" hai="37,38,46,48,52,86,89,94" m="287,42025" machi="94" ten="30,4000,0" yaku="14,1,52,1,54,1" doraHai="85" who="0" fromWho="0" sc="254,40,263,-10,225,-10,258,-20" /><INIT seed="4,0,0,5,1,95" ten="294,253,215,238" oya="0" hai0="74,15,129,43,11,92,105,20,63,60,127,12,79" hai1="23,6,58,25,100,71,115,110,87,55,29,93,75" hai2="117,91,124,134,128,97,69,2,36,76,37,88,41" hai3="73,112,46,21,39,94,72,132,61,86,66,83,62"/><T9/><D105/><U30/><E110/><V123/><F123/><W67/><G132/><T119/><D119/><U26/><E75/><V103/><F2/><W5/><G112/><T47/><D129/><U28/><E71/><V27/><F134/><W18/><G5/><T121/><D121/><U101/><E115/><V108/><F108/><W7/><G7/><T130/><D130/><U90/><E6/><V53/><F128/><W57/><G94/><T102/><D79/><U35/><REACH who="1" step="1"/><E28/><REACH who="1" ten="294,243,215,238" step="2"/><V98/><F69/><W56/><G73/><T89/><D74/><U113/><E113/><V38/><F124/><W65/><G72/><T42/><D127/><U135/><E135/><V19/><F117/><W131/><G131/><T125/><D125/><U96/><E96/><V32/><F97/><W104/><G18/><T133/><D133/><U126/><E126/><V51/><F19/><W24/><G86/><T52/><D102/><U54/><E54/><V116/><F116/><W77/><G66/><T34/><D52/><U109/><E109/><V78/><F53/><W68/><G68/><T17/><D17/><U45/><E45/><N who="2" m="26031" /><F103/><W1/><G67/><T4/><D47/><U106/><E106/><V114/><F114/><W0/><G104/><T80/><D4/><U107/><E107/><V99/><F99/><W16/><G46/><T111/><D111/><U10/><E10/><V31/><F98/><W14/><G65/><T81/><D9/><U50/><AGARI ba="0,1" hai="23,25,26,29,30,35,50,55,58,87,90,93,100,101" machi="50" ten="20,2700,0" yaku="1,1,0,1,7,1,53,0" doraHai="95" doraHaiUra="59" who="1" fromWho="1" sc="294,-13,243,37,215,-7,238,-7" /><INIT seed="5,0,0,1,1,38" ten="281,280,208,231" oya="1" hai0="75,78,40,59,27,104,112,26,13,74,73,95,21" hai1="14,57,88,17,115,81,77,23,134,45,32,113,80" hai2="100,4,110,58,31,53,83,69,120,56,92,7,72" hai3="33,124,47,2,18,52,117,90,43,105,55,1,119"/><U25/><E134/><V10/><F120/><W99/><G33/><T111/><D111/><U101/><E101/><V66/><F110/><W103/><G124/><T107/><D112/><N who="1" m="43083" /><E57/><V79/><F31/><W71/><G71/><T132/><D78/><U97/><E45/><V89/><F100/><W34/><G34/><T24/><D132/><U37/><E37/><V127/><F127/><W3/><G90/><T54/><D95/><N who="1" m="56551" /><E77/><V12/><F4/><W8/><G119/><T114/><D114/><U41/><E41/><V16/><F7/><W63/><G117/><T94/><D40/><U109/><E109/><V61/><REACH who="2" step="1"/><F53/><REACH who="2" ten="281,280,198,231" step="2"/><W64/><G55/><T86/><D54/><U49/><E49/><V36/><F36/><W9/><G52/><T35/><D107/><U125/><E125/><V60/><F60/><W19/><G63/><T39/><D104/><U15/><E32/><V126/><F126/><W108/><G108/><T91/><D35/><U93/><E93/><V11/><F11/><W76/><G8/><T123/><D39/><U29/><E29/><V5/><F5/><W44/><G9/><T51/><D123/><U118/><E118/><V135/><F135/><W42/><G105/><T22/><D51/><U96/><E81/><V82/><F82/><W106/><G43/><T50/><D50/><U98/><E80/><V6/><F6/><W48/><G47/><T129/><D94/><U85/><E17/><V65/><F65/><W0/><G64/><T46/><D46/><U102/><E102/><V130/><F130/><W131/><N who="3" m="0" /><DORA hai="116" /><W122/><G131/><RYUUKYOKU ba="0,1" sc="281,-10,280,-10,198,30,231,-10" hai2="10,12,16,56,58,61,66,69,72,79,83,89,92" /><INIT seed="6,1,1,2,0,75" ten="271,270,228,221" oya="2" hai0="96,55,103,30,70,35,8,15,11,71,53,93,133" hai1="77,89,25,106,40,47,36,60,132,4,33,18,72" hai2="119,6,109,82,126,92,37,130,19,112,48,134,122" hai3="83,3,54,90,42,123,9,63,101,66,50,27,110"/><V52/><F112/><W24/><G123/><T131/><D131/><U98/><E4/><V129/><F122/><W62/><G110/><T87/><D133/><U12/><E132/><V95/><F134/><W10/><G101/><T56/><D35/><U104/><E60/><V125/><F37/><W2/><G42/><T67/><D30/><U68/><E68/><V20/><F6/><W16/><G66/><T61/><D70/><U127/><E127/><N who="2" m="48651" /><F82/><W7/><G2/><T94/><D71/><U5/><E5/><V76/><F76/><W111/><G111/><T118/><D118/><U121/><E77/><V73/><F73/><W57/><G27/><T58/><D15/><U113/><E72/><V23/><F119/><W13/><REACH who="3" step="1"/><G24/><REACH who="3" ten="271,270,228,211" step="2"/><T22/><D67/><U45/><E25/><N who="2" m="14495" /><F109/><W21/><G21/><T78/><D22/><U26/><E121/><V135/><F135/><W29/><G29/><T91/><D8/><U79/><E26/><V99/><F23/><W38/><G38/><T44/><D11/><U100/><E36/><V51/><F52/><W74/><G74/><T86/><D53/><U81/><E40/><V46/><F130/><W28/><G28/><T1/><D1/><U114/><E114/><V32/><F129/><W17/><G17/><T102/><D55/><U65/><E18/><V64/><F64/><W85/><AGARI ba="1,2" hai="3,7,9,10,13,16,50,54,57,62,63,83,85,90" machi="85" ten="30,4000,0" yaku="1,1,0,1,54,1,53,0" doraHai="75" doraHaiUra="124" who="3" fromWho="3" sc="271,-11,270,-11,228,-21,211,63" /><INIT seed="7,0,0,0,1,18" ten="260,259,207,274" oya="3" hai0="61,135,118,119,15,25,23,99,3,77,103,70,109" hai1="129,105,37,89,63,44,88,48,101,8,47,94,38" hai2="110,121,102,131,90,106,46,71,9,74,21,115,0" hai3="82,134,12,98,31,96,75,35,26,36,13,10,24"/><W2/><G36/><T1/><D109/><U124/><E105/><V111/><F71/><W30/><G134/><T133/><D77/><U53/><E129/><V29/><F74/><W39/><G39/><T11/><D61/><U34/><E34/><V83/><F106/><W127/><G127/><T122/><D70/><U40/><E124/><V66/><F66/><W43/><G43/><T52/><D52/><U117/><E117/><V97/><F46/><W58/><G58/><T65/><D65/><U17/><E38/><V87/><F9/><W28/><G2/><T69/><D69/><U45/><E63/><V62/><F0/><N who="0" m="74" /><D122/><U14/><REACH who="1" step="1"/><E45/><REACH who="1" ten="260,249,207,274" step="2"/><V22/><F115/><W67/><G35/><T104/><D119/><U7/><E7/><V108/><F131/><W51/><G51/><T20/><D118/><U81/><E81/><V80/><F121/><W42/><G82/><T114/><D114/><U60/><E60/><V100/><F62/><W125/><G125/><T126/><D126/><U73/><E73/><V116/><F116/><W57/><G75/><T56/><D56/><U50/><E50/><V92/><F29/><W59/><G67/><T113/><D113/><U64/><E64/><V19/><F80/><W78/><G30/><T6/><D25/><U84/><E84/><V93/><F19/><W112/><G112/><T128/><D128/><U27/><E27/><V95/><REACH who="2" step="1"/><F97/><AGARI ba="0,1" hai="8,14,17,37,40,44,47,48,53,88,89,94,97,101" machi="97" ten="40,2600,0" yaku="1,1,54,1,53,0" doraHai="18" doraHaiUra="107" who="1" fromWho="2" sc="260,0,249,36,207,-26,274,0" owari="260,-14.0,285,38.5,181,-31.9,274,7.4" /></mjloggm>