<mjloggm ver="2.3"><GO type="225" lobby="0"/><UN n0="%E3%83%81%E3%83%83%E3%82%BF%E3%82%BD%E3%83%BC" n1="%E8%9B%87%E3%81%AE%E8%A1%80" n2="%E5%B8%86%E7%AB%8B%E5%A4%8F%E8%A1%A3" n3="%E5%91%A8%E6%9D%B1" dan="16,16,17,17" rate="2166.72,2086.51,2169.56,2249.98" sx="F,M,M,M"/><TAIKYOKU oya="0"/><INIT seed="0,0,0,3,4,12" ten="250,250,250,250" oya="0" hai0="9,29,106,85,118,0,41,122,42,10,27,87,44" hai1="91,94,7,110,56,101,50,126,17,48,28,35,107" hai2="25,113,49,14,6,92,111,24,72,84,132,47,79" hai3="97,32,89,69,19,133,127,64,104,4,33,59,74"/><T73/><D118/><U119/><E119/><V123/><F123/><W134/><G74/><T36/><D122/><U66/><E110/><V86/><F113/><W112/><G112/><T90/><D106/><U38/><E38/><V93/><F132/><N who="3" m="50795" /><G127/><T88/><D73/><U116/><E116/><V43/><F72/><W121/><G121/><T135/><D135/><U8/><E101/><V117/><F111/><W62/><G4/><T1/><D27/><N who="2" m="10314" /><F117/><W52/><G19/><T21/><D21/><U99/><E107/><V11/><F84/><W109/><G109/><T67/><D67/><U115/><E126/><V34/><F34/><N who="3" m="13419" /><G89/><T57/><D29/><U30/><E91/><V128/><F128/><W83/><G83/><AGARI ba="0,0" hai="6,11,14,43,47,49,79,83,86,92,93" m="10314" machi="83" ten="30,2000,0" yaku="25,1,8,1" doraHai="12" who="2" fromWho="3" sc="250,0,250,0,250,20,250,-20" /><INIT seed="1,0,0,0,4,71" ten="250,250,270,230" oya="1" hai0="5,67,18,131,41,102,39,54,122,9,38,132,119" hai1="127,25,32,40,6,115,33,27,95,93,75,74,0" hai2="62,90,133,123,61,64,21,98,114,124,36,89,107" hai3="13,113,81,23,76,126,108,77,34,97,92,4,86"/><U63/><E40/><V66/><F123/><W117/><G34/><T120/><D119/><U101/><E6/><V73/><F73/><W94/><G117/><T99/><D131/><U53/><E63/><V130/><F130/><W37/><G113/><T35/><D35/><U3/><E101/><V65/><F133/><W134/><G134/><T121/><D132/><U14/><E14/><V88/><F124/><W26/><G126/><T60/><D54/><U30/><E127/><V82/><F36/><N who="0" m="13866" /><D18/><U104/><E53/><V17/><F114/><W72/><G37/><T125/><D41/><U28/><REACH who="1" step="1"/><E115/><REACH who="1" ten="250,240,270,230" step="2"/><V58/><F62/><W16/><G4/><T42/><D125/><U78/><E78/><V31/><F66/><W80/><G108/><T45/><D42/><U111/><E111/><V100/><F65/><W1/><G1/><N who="0" m="175" /><D45/><U50/><E50/><V87/><REACH who="2" step="1"/><F31/><REACH who="2" ten="250,240,260,230" step="2"/><W11/><G72/><T105/><D60/><U43/><E43/><V103/><F103/><W22/><G77/><T84/><D67/><U51/><E51/><V118/><F118/><W10/><G76/><T55/><D55/><U46/><E46/><V56/><F56/><W106/><G106/><AGARI ba="0,2" hai="0,3,25,27,28,30,32,33,74,75,93,95,104,106" machi="106" ten="25,12000,1" yaku="1,1,22,2,53,2" doraHai="71" doraHaiUra="20" who="1" fromWho="3" sc="250,0,240,140,260,0,230,-120" /><INIT seed="1,1,0,4,5,12" ten="250,380,260,110" oya="1" hai0="122,44,15,60,99,107,106,55,63,93,134,47,31" hai1="86,80,50,73,68,129,46,27,98,52,110,22,127" hai2="75,3,64,92,29,112,124,11,26,79,24,119,101" hai3="131,48,7,35,43,14,58,30,34,104,78,28,8"/><U82/><E68/><V120/><F119/><W109/><G104/><T57/><D134/><U135/><E135/><V21/><F120/><W74/><G78/><T91/><D122/><U65/><E127/><V97/><F112/><W118/><G74/><T38/><D31/><N who="3" m="11817" /><G58/><T9/><D63/><U62/><E129/><V25/><F124/><W130/><G48/><T133/><D133/><U16/><E110/><V45/><F64/><W53/><G53/><T56/><D56/><N who="1" m="37063" /><E73/><V88/><F45/><W72/><G43/><T87/><D87/><U10/><E10/><V85/><F11/><W4/><G72/><T70/><D70/><U103/><E86/><V33/><F3/><W116/><G7/><T108/><D108/><U40/><E40/><V0/><F0/><W19/><G4/><T23/><D23/><U132/><E132/><V5/><F21/><W49/><G49/><T6/><D47/><U81/><E98/><V102/><F5/><W111/><G109/><T66/><D66/><U77/><E77/><V2/><F2/><W17/><G111/><T113/><D113/><U76/><E76/><V126/><F126/><W1/><G1/><T128/><D128/><N who="3" m="49193" /><G19/><T18/><REACH who="0" step="1"/><D6/><REACH who="0" ten="240,380,260,110" step="2"/><U115/><E115/><V59/><F75/><W71/><G71/><T61/><D61/><U41/><E41/><AGARI ba="1,1" hai="9,15,18,38,41,44,55,57,60,91,93,99,106,107" machi="41" ten="40,2600,0" yaku="1,1,52,1,53,0" doraHai="12" doraHaiUra="83" who="0" fromWho="1" sc="240,39,380,-29,260,0,110,0" /><INIT seed="2,0,0,3,2,59" ten="279,351,260,110" oya="2" hai0="63,27,96,87,131,88,109,51,57,36,133,62,60" hai1="116,106,20,100,107,119,40,134,34,54,97,85,101" hai2="117,95,44,5,108,12,82,65,92,11,24,73,81" hai3="89,7,21,126,25,2,48,72,38,98,19,31,105"/><V9/><F117/><W1/><G38/><T94/><D109/><U129/><E34/><V43/><F108/><W102/><G72/><T111/><D111/><U79/><E40/><V86/><F73/><W103/><G126/><T14/><D133/><U33/><E33/><V26/><F81/><W35/><G103/><T50/><D131/><U124/><E20/><V90/><F65/><W46/><G89/><N who="0" m="55375" /><D36/><U30/><E30/><V42/><F42/><W41/><REACH who="3" step="1"/><G7/><REACH who="3" ten="279,351,260,100" step="2"/><T66/><D27/><AGARI ba="0,1" hai="1,2,19,21,25,27,31,35,41,46,48,98,102,105" machi="27" ten="30,7700,0" yaku="1,1,2,1,7,1,53,1" doraHai="59" doraHaiUra="16" who="3" fromWho="0" sc="279,-77,351,0,260,0,100,87" /><INIT seed="3,0,0,4,3,18" ten="202,351,260,187" oya="3" hai0="55,98,99,91,63,100,90,124,61,58,76,36,31" hai1="71,20,118,97,125,28,116,22,87,132,68,24,89" hai2="73,121,0,77,19,113,88,119,117,135,64,128,111" hai3="69,75,42,57,96,106,29,79,26,112,53,40,101"/><W129/><G69/><T81/><D124/><U16/><E97/><N who="0" m="36873" /><D36/><U56/><E56/><V4/><F19/><W17/><G112/><T6/><D6/><U85/><E132/><V38/><F88/><N who="0" m="33834" /><D100/><U60/><E125/><V47/><F47/><W65/><G129/><T92/><D92/><N who="1" m="54319" /><E87/><V120/><F4/><W108/><G108/><T80/><D31/><U1/><E60/><N who="0" m="23113" /><D76/><U66/><E1/><V34/><F77/><W59/><G65/><T74/><D74/><U52/><E66/><V39/><F64/><W5/><G5/><T78/><D78/><U45/><E45/><V131/><F39/><W114/><G114/><T123/><D123/><U102/><E102/><V103/><F103/><W11/><G79/><T82/><D58/><U107/><E68/><V104/><F121/><W126/><G75/><T13/><D13/><N who="1" m="9231" /><E71/><V127/><F131/><W50/><G59/><T95/><D95/><U54/><E107/><V32/><F32/><W93/><G106/><T12/><D12/><U62/><E62/><V83/><F83/><W8/><G126/><T43/><D43/><N who="3" m="16425" /><G29/><T10/><D55/><U70/><E70/><AGARI ba="0,0" hai="0,34,38,70,73,104,111,113,117,119,120,127,128,135" machi="70" ten="0,32000,5" yakuman="47" doraHai="18" who="2" fromWho="1" sc="202,0,351,-320,260,320,187,0" owari="202,0.2,31,-46.9,580,68.0,187,-21.3" /></mjloggm>