<mjloggm ver="2.3"><GO type="225" lobby="0"/><UN n0="%E3%81%8A%E3%81%99%E3%81%A8%E3%82%8D%E3%82%93" n1="%E5%A4%8F%E9%88%B4%E9%88%B4%E5%A4%8F" n2="%E3%83%B4%E3%82%A3%E3%83%AF%E3%82%B3%E3%82%B0%E3%83%8B" n3="%E3%83%96%E3%83%83%E3%83%91%E3%82%AA%E3%83%96%E3%83%81%E3%82%AD%E3%83%B3" dan="16,16,17,16" rate="2067.53,2119.18,2206.07,2099.96" sx="M,F,M,M"/><TAIKYOKU oya="0"/><INIT seed="0,0,0,4,2,106" ten="250,250,250,250" oya="0" hai0="1,9,37,119,97,40,6,13,56,82,112,109,100" hai1="93,31,72,39,48,89,122,34,80,132,70,103,87" hai2="125,113,17,2,78,76,42,74,8,57,7,104,85" hai3="67,43,36,54,50,73,133,24,124,90,115,116,105"/><T120/><D112/><U68/><E122/><V111/><F113/><W51/><G115/><T81/><D119/><U69/><E39/><V5/><F104/><W23/><G116/><T61/><D120/><U101/><E132/><V128/><F111/><W55/><G105/><T77/><D109/><U96/><E48/><V126/><F7/><W84/><G124/><N who="2" m="47721" /><F128/><W38/><G133/><T25/><D25/><U98/><E72/><V59/><F42/><W32/><G67/><T118/><D118/><U130/><E130/><V52/><F85/><W114/><G43/><T19/><D40/><U27/><REACH who="1" step="1"/><E98/><REACH who="1" ten="250,240,250,250" step="2"/><V0/><F74/><W79/><G73/><T35/><D37/><U44/><E44/><V86/><F86/><W131/><G38/><T108/><D108/><U11/><E11/><V63/><F0/><W15/><G51/><T41/><D1/><U60/><E60/><N who="2" m="35879" /><F17/><W88/><G36/><T99/><D19/><U95/><E95/><V33/><F33/><W29/><G131/><T4/><D99/><U45/><E45/><V71/><F71/><W121/><G121/><T83/><D97/><U117/><E117/><V28/><F28/><W75/><G75/><T47/><D35/><U10/><E10/><V16/><F16/><N who="3" m="10655" /><G114/><T135/><D135/><U21/><E21/><V107/><F107/><W129/><G129/><T49/><D9/><U26/><E26/><V94/><F94/><W110/><G110/><T123/><D123/><U92/><E92/><V134/><F134/><W22/><G32/><T12/><D49/><U64/><E64/><AGARI ba="0,1" hai="2,5,8,59,63,64,76,78" m="35879,47721" machi="64" ten="30,2000,0" yaku="18,1,54,1" doraHai="106" who="2" fromWho="1" sc="250,0,240,-20,250,30,250,0" /><INIT seed="1,0,0,0,4,61" ten="250,220,280,250" oya="1" hai0="47,93,64,110,3,11,113,89,21,51,60,42,59" hai1="69,134,108,48,126,9,34,46,128,43,72,40,14" hai2="86,96,77,44,105,75,50,112,6,135,115,66,121" hai3="53,131,78,73,13,22,36,37,45,54,117,119,68"/><U114/><E114/><V38/><F121/><W132/><G73/><T97/><D113/><N who="2" m="43594" /><F135/><W109/><G78/><T100/><D110/><U0/><E134/><V99/><F75/><W55/><G132/><T123/><D123/><U29/><E126/><V79/><F38/><N who="3" m="14955" /><G22/><T62/><D3/><U82/><E128/><V120/><F120/><W107/><G13/><T101/><D11/><U81/><E108/><V70/><F6/><W8/><G8/><T127/><D127/><U90/><E69/><V95/><F105/><W19/><G19/><T84/><D21/><U87/><E0/><V56/><F56/><W106/><G109/><T49/><D49/><U4/><E40/><V102/><F86/><W65/><G131/><T125/><D125/><U17/><E4/><V25/><F25/><W98/><G98/><T103/><REACH who="0" step="1"/><D62/><REACH who="0" ten="240,220,280,250" step="2"/><U111/><E111/><V24/><F50/><N who="3" m="28879" /><G107/><AGARI ba="0,1" hai="42,47,51,59,60,64,84,89,93,97,100,101,103,107" machi="107" ten="30,3900,0" yaku="1,1,7,1,52,1,53,0" doraHai="61" doraHaiUra="20" who="0" fromWho="3" sc="240,49,220,0,280,0,250,-39" /><INIT seed="2,0,0,5,4,19" ten="289,220,280,211" oya="2" hai0="43,131,40,7,99,72,92,56,75,120,124,122,110" hai1="90,114,37,81,36,133,116,95,60,130,98,73,128" hai2="108,51,107,15,52,97,111,8,69,61,21,25,106" hai3="100,4,64,123,34,63,84,6,89,38,102,70,28"/><V2/><F2/><W47/><G123/><T5/><D110/><N who="2" m="42026" /><F97/><W65/><G65/><T22/><D124/><U96/><E114/><V79/><F79/><W0/><G34/><T66/><D131/><N who="1" m="50219" /><E133/><V68/><F61/><W44/><G28/><T12/><D75/><U48/><E60/><V71/><F15/><W30/><G30/><T121/><D72/><U33/><E33/><V80/><F80/><W78/><G78/><T126/><D126/><U88/><E48/><V27/><F8/><W17/><G17/><T119/><D119/><U46/><E46/><N who="2" m="27767" /><F25/><W55/><G63/><T13/><D122/><U113/><E113/><V101/><F101/><W86/><G102/><T125/><D99/><U45/><E116/><V109/><N who="2" m="42034" /><V104/><DORA hai="87" /><F104/><W77/><G100/><T11/><D11/><U32/><E32/><V115/><F115/><W127/><G0/><T91/><D13/><U42/><E73/><V24/><F24/><W76/><G127/><T49/><D125/><U53/><E36/><V54/><F54/><W3/><G55/><T23/><D120/><U134/><E134/><V74/><F74/><W85/><G38/><T39/><D39/><U18/><E53/><V118/><F118/><W16/><G3/><T57/><D121/><U58/><E58/><V59/><F59/><W35/><G77/><T20/><D57/><U1/><E1/><V10/><F10/><W82/><G76/><T9/><D56/><U94/><E81/><V105/><F105/><W31/><G82/><T135/><D135/><U117/><E117/><V62/><F62/><RYUUKYOKU ba="0,0" sc="289,-15,220,15,280,15,211,-15" hai1="18,37,42,45,88,90,94,95,96,98" hai2="21,27,68,69,71,106,107" /><INIT seed="2,1,0,5,3,35" ten="274,235,295,196" oya="2" hai0="27,6,101,58,72,63,46,131,4,44,54,11,83" hai1="118,123,49,5,87,25,21,66,92,110,82,77,50" hai2="113,51,95,122,70,38,9,16,17,52,94,61,59" hai3="43,14,134,42,96,20,12,32,33,3,93,47,116"/><V80/><F113/><W88/><G116/><T135/><D131/><U105/><E118/><V84/><F38/><W60/><G134/><T89/><D135/><U86/><E105/><V129/><F122/><W108/><G108/><T15/><D101/><U28/><E110/><V22/><F129/><W106/><G3/><T36/><D36/><U1/><E123/><V10/><F70/><W30/><G106/><T121/><D121/><U130/><E130/><V128/><F128/><W99/><G99/><T81/><D4/><U65/><E5/><V76/><F61/><W68/><G43/><T126/><D126/><U74/><E1/><V115/><F115/><W133/><G133/><T23/><D72/><U124/><E74/><V57/><F57/><W62/><G62/><T114/><D114/><U56/><E124/><V64/><F64/><N who="1" m="24681" /><E56/><V0/><F0/><W102/><G60/><T26/><D26/><U109/><E109/><V34/><F34/><W79/><G68/><T100/><D100/><U91/><AGARI ba="1,0" hai="21,25,28,49,50,77,82,86,87,91,92" m="24681" machi="91" ten="30,1100,0" yaku="8,1" doraHai="35" who="1" fromWho="1" sc="274,-4,235,14,295,-6,196,-4" /><INIT seed="3,0,0,3,5,40" ten="270,249,289,192" oya="3" hai0="7,94,135,127,50,30,56,113,98,111,17,114,108" hai1="0,62,79,32,39,55,49,68,76,47,44,125,70" hai2="84,123,89,12,116,34,65,124,14,23,16,6,96" hai3="52,20,19,131,103,115,36,8,99,54,97,80,25"/><W13/><G115/><N who="0" m="44043" /><D127/><U27/><E0/><V129/><F116/><W35/><G131/><T15/><D135/><U58/><E32/><V72/><F72/><W45/><G35/><T42/><D30/><U106/><E106/><V71/><F34/><W121/><G121/><T43/><D7/><U29/><E125/><V104/><F124/><W48/><G36/><T109/><D56/><N who="1" m="32879" /><E27/><V2/><F71/><N who="1" m="27177" /><E29/><V128/><F65/><W132/><G132/><T4/><D4/><U91/><E91/><V87/><F2/><W118/><G118/><T21/><D50/><U24/><E24/><V110/><F110/><N who="0" m="28162" /><T61/><DORA hai="53" /><D61/><U83/><E83/><V81/><F123/><W3/><G3/><T10/><D21/><U51/><E79/><V74/><F74/><W126/><G126/><T82/><D82/><U101/><E76/><V66/><F66/><W78/><G54/><T90/><AGARI ba="0,0" hai="10,15,17,42,43,90,94,98" m="28162,44043" machi="90" ten="50,3200,0" yaku="11,1,14,1" doraHai="40,53" who="0" fromWho="0" sc="270,32,249,-8,289,-8,192,-16" owari="302,40.2,241,-15.9,281,8.1,176,-32.4" /></mjloggm>