<mjloggm ver="2.3"><GO type="225" lobby="0"/><UN n0="%E6%B4%BE%E9%81%A3%E3%81%AE%E3%82%B8%E3%83%A3%E3%83%83%E3%82%AF" n1="%E3%80%90%E3%83%88%E3%83%AA%E3%83%A5%E3%83%95%E3%80%91" n2="%E6%B7%91%E5%A5%B3%E3%81%AE%E5%97%9C%E3%81%BF" n3="%E7%89%B9%E6%9D%B1%E3%81%AF%E4%B8%96%E7%95%8C%E3%82%92%E6%95%91%E3%81%86" dan="17,16,16,16" rate="2204.87,2097.72,2089.74,2177.87" sx="M,M,M,M"/><TAIKYOKU oya="0"/><INIT seed="0,0,0,4,4,64" ten="250,250,250,250" oya="0" hai0="124,62,117,96,58,21,122,106,134,98,118,3,14" hai1="16,111,112,42,91,9,85,49,66,76,116,120,100" hai2="113,114,40,61,88,60,39,105,101,11,99,29,72" hai3="115,121,41,133,80,109,75,47,46,79,18,102,7"/><T86/><D122/><U87/><E120/><V74/><F29/><W12/><G121/><T89/><D3/><U129/><E111/><V95/><F11/><W119/><G119/><T83/><D124/><U67/><E116/><V84/><F39/><W135/><G115/><T1/><D1/><U51/><E100/><V8/><F40/><W82/><G109/><T126/><D126/><U20/><E9/><V127/><F127/><W123/><G123/><T65/><D134/><N who="3" m="51209" /><G7/><T77/><D98/><U2/><E2/><V10/><F10/><N who="3" m="6423" /><G41/><T53/><D53/><U44/><E51/><V43/><F43/><W22/><G102/><T78/><D78/><U81/><E129/><V13/><F113/><W17/><G80/><T108/><D108/><U34/><E34/><V59/><F61/><W35/><G35/><T4/><D106/><U0/><E0/><V107/><F107/><W28/><G28/><T103/><D103/><U70/><E70/><V45/><F45/><W38/><G38/><T131/><D131/><U36/><E36/><V33/><F33/><W30/><G30/><T48/><D4/><U63/><E63/><V25/><F114/><W52/><G52/><T15/><D48/><U132/><E132/><V31/><F105/><W93/><G93/><N who="0" m="56367" /><D21/><U110/><E110/><V125/><F101/><W23/><G23/><T73/><D117/><U55/><E42/><V27/><F125/><W56/><G56/><T57/><D57/><U37/><E37/><V130/><F130/><W50/><G50/><T24/><D118/><U32/><E112/><V97/><F59/><RYUUKYOKU ba="0,0" sc="250,-10,250,-10,250,-10,250,30" hai3="17,22,46,47,75,79,82" /><INIT seed="1,1,0,5,5,120" ten="240,240,240,280" oya="1" hai0="97,132,23,19,7,58,113,13,1,64,24,29,54" hai1="9,15,35,46,16,38,31,57,117,128,47,95,87" hai2="5,82,36,115,63,78,55,53,17,71,83,65,114" hai3="62,80,67,111,0,21,12,131,72,8,134,70,11"/><U94/><E117/><V106/><F106/><W118/><G118/><T45/><D113/><N who="2" m="43018" /><F36/><W20/><G131/><T33/><D132/><U76/><E128/><V26/><F5/><W25/><G134/><T4/><D1/><U110/><E35/><V39/><F39/><W32/><G32/><T69/><D45/><N who="1" m="16907" /><E38/><V129/><F129/><W123/><G123/><T66/><D97/><U34/><E34/><V93/><F93/><W51/><G0/><T85/><D85/><U14/><E31/><V77/><F83/><W89/><G51/><T124/><D124/><U125/><E125/><V50/><F50/><W56/><G70/><T107/><D107/><U116/><E116/><V126/><F78/><W37/><G37/><T81/><D81/><N who="1" m="47527" /><E110/><V130/><F130/><W73/><G111/><T18/><D18/><N who="1" m="8527" /><E57/><V74/><F126/><W10/><G73/><T112/><D112/><U79/><E79/><V108/><F108/><W49/><G72/><T2/><D69/><U101/><E101/><V109/><F109/><W102/><G102/><T90/><D90/><U48/><E48/><V133/><F133/><W40/><G49/><N who="0" m="31055" /><D4/><U60/><E60/><V3/><F3/><W84/><G62/><T28/><D28/><U61/><E61/><V88/><F88/><W105/><G105/><T100/><D100/><U119/><E119/><V42/><F42/><W68/><G40/><T59/><D59/><U98/><E98/><V6/><F6/><N who="3" m="3095" /><G68/><T91/><D91/><U103/><E103/><V135/><F135/><W30/><G89/><T127/><D127/><U121/><E121/><RYUUKYOKU ba="1,0" sc="240,10,240,10,240,10,280,-30" hai0="2,7,13,19,23,24,29,33,64,66" hai1="15,16,94,95" hai2="17,26,53,55,63,65,71,74,77,82" /><INIT seed="1,2,0,4,3,52" ten="250,250,250,250" oya="1" hai0="6,87,83,50,45,44,95,115,88,31,1,122,119" hai1="3,78,54,109,27,42,86,69,71,106,99,33,124" hai2="112,16,89,102,29,111,7,103,131,104,57,67,8" hai3="63,97,28,62,96,21,85,81,94,49,24,61,19"/><U92/><E3/><V65/><F111/><W121/><G121/><T134/><D115/><U80/><E109/><V13/><F131/><W108/><G108/><T47/><D119/><U91/><E42/><V120/><F120/><W128/><G128/><T84/><D122/><U9/><E9/><V48/><F112/><W68/><G68/><T0/><D134/><U15/><E15/><N who="2" m="5535" /><F104/><W43/><G28/><T101/><D31/><U40/><E40/><V36/><F36/><W79/><REACH who="3" step="1"/><G94/><REACH who="3" ten="250,250,250,240" step="2"/><T90/><D101/><N who="2" m="38410" /><F29/><W116/><G116/><T22/><D0/><U30/><E124/><V133/><F133/><W58/><G58/><T64/><D1/><U17/><E106/><V10/><F89/><W20/><G20/><T123/><D123/><U32/><E32/><V12/><F12/><W66/><G66/><T55/><D64/><U53/><E71/><V125/><F125/><W25/><G25/><T118/><D118/><U100/><E69/><V130/><F130/><W113/><G113/><T127/><D127/><U107/><REACH who="1" step="1"/><E17/><REACH who="1" ten="250,240,250,240" step="2"/><V105/><F105/><W75/><G75/><AGARI ba="2,2" hai="27,30,33,53,54,75,78,80,86,91,92,99,100,107" machi="75" ten="30,12000,1" yaku="1,1,2,1,7,1,24,2,53,0" doraHai="52" doraHaiUra="46" who="1" fromWho="3" sc="250,0,240,146,250,0,240,-126" /><INIT seed="1,3,0,5,1,128" ten="250,386,250,114" oya="1" hai0="78,112,67,50,13,42,65,123,129,93,80,77,102" hai1="82,11,119,83,34,52,17,37,135,91,111,27,55" hai2="5,63,46,88,57,36,28,10,131,38,47,60,3" hai3="96,120,133,62,110,1,127,14,44,16,90,35,26"/><U95/><E119/><V85/><F131/><W114/><G120/><T121/><D112/><U126/><E37/><V89/><F28/><W29/><G114/><T8/><D129/><U12/><E126/><V106/><F106/><W49/><G127/><T32/><D32/><U24/><E34/><V99/><F99/><W45/><G110/><T30/><D30/><U70/><E70/><V98/><F98/><W61/><G1/><T59/><D93/><U0/><E111/><V84/><F57/><W113/><G113/><T69/><D102/><U72/><E72/><V56/><F56/><W19/><G44/><N who="0" m="25879" /><D69/><U132/><E0/><V21/><F3/><W48/><G48/><T87/><D77/><U86/><E27/><V118/><F118/><W75/><G75/><T53/><D121/><U71/><E71/><V64/><F38/><W51/><G51/><N who="0" m="31167" /><D123/><U73/><E24/><V92/><F36/><W2/><G2/><T40/><D40/><U15/><E73/><V9/><F63/><W122/><G122/><T6/><AGARI ba="3,0" hai="6,8,13,65,67,78,80,87" m="31167,25879" machi="6" ten="30,2000,0" yaku="25,1,8,1" doraHai="128" who="0" fromWho="0" sc="250,29,386,-13,250,-8,114,-8" /><INIT seed="2,0,0,4,4,65" ten="279,373,242,106" oya="2" hai0="39,5,54,49,90,61,113,38,64,69,23,63,111" hai1="57,127,102,45,123,81,27,43,56,94,35,99,3" hai2="12,62,114,44,20,95,116,7,31,133,131,46,78" hai3="80,59,42,21,1,41,122,101,9,77,40,84,92"/><V66/><F114/><W71/><G122/><T74/><D74/><U100/><E3/><V60/><F116/><W126/><G126/><T36/><D5/><U103/><E127/><V32/><F131/><W110/><G110/><T53/><D90/><U98/><E81/><V47/><F133/><W37/><G21/><T128/><D23/><U55/><E35/><V58/><F78/><W48/><G59/><N who="0" m="35063" /><D113/><U87/><E87/><V107/><F107/><W134/><G48/><T30/><D30/><U15/><E15/><V86/><F32/><W93/><G134/><T83/><D83/><U112/><E27/><V119/><F119/><W70/><G37/><T117/><D111/><U17/><E17/><V106/><F106/><W16/><G93/><T115/><D115/><U104/><E123/><V105/><F105/><W118/><G118/><T82/><D82/><U51/><E112/><V11/><F62/><W67/><G67/><T4/><D4/><U129/><E129/><V14/><F31/><W34/><G34/><T22/><D22/><U33/><E33/><V73/><F73/><W13/><REACH who="3" step="1"/><G1/><REACH who="3" ten="279,373,242,96" step="2"/><T28/><D117/><U24/><E94/><V124/><F124/><W97/><AGARI ba="0,1" hai="9,13,16,40,41,42,70,71,77,80,84,92,97,101" machi="97" ten="30,12000,2" yaku="1,1,2,1,0,1,52,2,54,1,53,0" doraHai="65" doraHaiUra="135" who="3" fromWho="3" sc="279,-30,373,-30,242,-60,96,130" /><INIT seed="3,0,0,5,2,117" ten="249,343,182,226" oya="3" hai0="36,19,121,110,88,78,77,55,126,97,128,26,18" hai1="94,65,82,52,15,73,71,3,4,90,57,14,92" hai2="43,68,9,63,116,114,80,37,30,16,129,51,102" hai3="133,132,56,115,54,104,125,89,106,134,27,31,120"/><W40/><G115/><T113/><D36/><U20/><E3/><V72/><F114/><W111/><G125/><T135/><D113/><U44/><E73/><V76/><F116/><W33/><G40/><T11/><D110/><U23/><E71/><V61/><F129/><W108/><G89/><T29/><D135/><U84/><E44/><V122/><F122/><W103/><G120/><T47/><D121/><U38/><E65/><V13/><F37/><W41/><G41/><T62/><D126/><U53/><E53/><V66/><F61/><W70/><G70/><T17/><D11/><N who="1" m="4455" /><E23/><V64/><F64/><W6/><G6/><T75/><D75/><U60/><E38/><V42/><F102/><W59/><G59/><N who="0" m="35199" /><D47/><U2/><E2/><V58/><REACH who="2" step="1"/><F30/><REACH who="2" ten="249,343,172,226" step="2"/><W69/><G69/><T83/><D29/><U22/><E60/><V98/><F98/><W118/><G118/><T32/><D97/><U48/><E48/><V49/><F49/><N who="3" m="30799" /><G103/><T74/><D128/><U1/><E57/><V50/><F50/><W0/><G0/><T28/><D28/><U107/><E1/><V112/><F112/><W21/><G108/><T96/><D96/><U24/><E52/><AGARI ba="0,1" hai="9,13,16,42,43,51,52,58,63,66,68,72,76,80" machi="52" ten="40,8000,1" yaku="1,1,54,2,53,1" doraHai="117" doraHaiUra="45" who="2" fromWho="1" sc="249,0,343,-80,172,90,226,0" /><INIT seed="4,0,0,4,4,84" ten="249,263,262,226" oya="0" hai0="118,74,135,0,26,1,63,43,45,86,102,73,129" hai1="99,133,96,7,79,19,82,89,6,38,56,109,58" hai2="124,69,71,16,34,122,18,15,80,27,113,130,4" hai3="67,66,125,112,50,5,35,90,20,64,72,40,87"/><T62/><D118/><U54/><E109/><V75/><F122/><W123/><G35/><T51/><D102/><U126/><E38/><V116/><F113/><W14/><G72/><T108/><D135/><U104/><E133/><V42/><F116/><W107/><G107/><T13/><D129/><U127/><E19/><V29/><F130/><W48/><G112/><T105/><D105/><U22/><E22/><V10/><F124/><N who="1" m="47657" /><E104/><V44/><F69/><W11/><G125/><T115/><D115/><U68/><E68/><V9/><F71/><W119/><G119/><T55/><D26/><U117/><E117/><V103/><F103/><W91/><G123/><T97/><D97/><N who="1" m="37451" /><E58/><V25/><F25/><W39/><G20/><T131/><D131/><U3/><E3/><V31/><F31/><W36/><G91/><T60/><D108/><U23/><E23/><V88/><F10/><W132/><G132/><T21/><D1/><U59/><E59/><V85/><F75/><W134/><G134/><T101/><D101/><U114/><E114/><V95/><F95/><W53/><G40/><T2/><D43/><U32/><E32/><V121/><F121/><W28/><G28/><T81/><D73/><N who="1" m="43375" /><E89/><V93/><F93/><W37/><REACH who="3" step="1"/><G53/><REACH who="3" ten="249,263,262,216" step="2"/><T94/><D74/><U120/><E120/><V98/><F98/><W78/><G78/><N who="0" m="46391" /><D94/><AGARI ba="0,1" hai="5,11,14,36,37,39,48,50,64,66,67,87,90,94" machi="94" ten="50,3200,0" yaku="1,1,52,1,53,0" doraHai="84" doraHaiUra="33" who="3" fromWho="0" sc="249,-32,263,0,262,0,216,42" /><INIT seed="5,0,0,0,5,88" ten="217,263,262,258" oya="1" hai0="14,106,45,43,32,21,48,0,116,108,99,38,54" hai1="85,67,131,41,58,24,2,77,127,104,9,15,5" hai2="111,78,39,25,101,98,110,84,46,105,19,100,73" hai3="126,13,28,3,49,62,12,42,52,112,72,7,71"/><U93/><E104/><V120/><F120/><W128/><G72/><T123/><D116/><U134/><E131/><V35/><F19/><W75/><G75/><T129/><D0/><U86/><E134/><V40/><F100/><W117/><G128/><T59/><D32/><U44/><E127/><V4/><F84/><W8/><G126/><T10/><D129/><U16/><E77/><V90/><F90/><W115/><G42/><T31/><D108/><U94/><E85/><V74/><F4/><W82/><G82/><T64/><D123/><U50/><E86/><V96/><F96/><W1/><G28/><T114/><D64/><U60/><E24/><V57/><F57/><N who="3" m="32911" /><G13/><T79/><D79/><U70/><E70/><V80/><REACH who="2" step="1"/><F74/><REACH who="2" ten="217,263,252,258" step="2"/><W34/><G7/><T26/><D114/><U89/><E89/><V18/><F18/><W102/><G102/><T65/><D99/><U61/><E61/><V37/><F37/><W30/><G62/><T33/><D65/><U66/><E67/><V83/><F83/><W121/><G112/><T103/><D103/><U29/><E29/><AGARI ba="0,1" hai="25,29,35,39,40,46,73,78,80,98,101,105,110,111" machi="29" ten="40,5200,0" yaku="1,1,23,2,53,0" doraHai="88" doraHaiUra="55" who="2" fromWho="1" sc="217,0,263,-52,252,62,258,0" owari="217,-18.3,211,-28.9,314,41.4,258,5.8" /></mjloggm>