<mjloggm ver="2.3"><GO type="225" lobby="0"/><UN n0="%E3%81%AF%E3%82%88%E3%81%8A%E3%81%98%E3%81%95%E3%82%93" n1="%E3%82%BC%E3%83%AB%E3%83%80%E3%81%AE%E4%BC%9D%E8%AA%AC" n2="%E3%81%95%E3%81%8D%E3%81%9F%E3%81%BE%E6%9E%97%E6%AA%8E" n3="%E5%B8%86%E7%AB%8B%E5%A4%8F%E8%A1%A3" dan="17,17,16,17" rate="2133.12,2154.15,2165.36,2252.33" sx="M,M,M,M"/><TAIKYOKU oya="0"/><INIT seed="0,0,0,0,2,110" ten="250,250,250,250" oya="0" hai0="19,81,75,97,37,101,119,53,42,24,92,89,133" hai1="63,96,87,123,56,65,26,106,91,17,74,67,62" hai2="1,43,38,112,132,23,41,10,135,25,4,130,71" hai3="85,125,129,28,78,102,16,51,18,95,31,69,88"/><T126/><D119/><U44/><E74/><V49/><F38/><W48/><G69/><T84/><D126/><U13/><E123/><V80/><F71/><W86/><G129/><T33/><D133/><N who="2" m="51274" /><F130/><W50/><G102/><T11/><D75/><U118/><E118/><V59/><F80/><N who="3" m="47255" /><G125/><T7/><D53/><U45/><E106/><V35/><F35/><W111/><G111/><T116/><D116/><U0/><E26/><V64/><F64/><W12/><G18/><T127/><D127/><U114/><E96/><V103/><F103/><W61/><G61/><T108/><D108/><U32/><E114/><V39/><F39/><W83/><G95/><T46/><D19/><U79/><E79/><V3/><F3/><W122/><G122/><T27/><REACH who="0" step="1"/><D33/><REACH who="0" ten="240,250,250,250" step="2"/><U60/><E32/><V124/><F124/><W128/><G128/><T9/><D9/><AGARI ba="0,1" hai="9,12,16,28,31,48,50,51,83,86,88" m="47255" machi="9" ten="30,3900,0" yaku="8,1,54,2" doraHai="110" who="3" fromWho="0" sc="240,-39,250,0,250,0,250,49" /><INIT seed="1,0,0,4,1,47" ten="201,250,250,299" oya="1" hai0="62,83,123,10,91,130,135,32,71,27,121,74,58" hai1="48,124,107,94,78,72,106,2,98,45,79,25,46" hai2="63,93,50,38,118,122,88,86,90,133,42,110,115" hai3="24,37,40,34,114,16,53,43,15,41,55,109,82"/><U19/><E2/><V104/><F118/><W54/><G109/><T66/><D130/><U127/><E25/><V87/><F122/><N who="0" m="46602" /><D135/><U116/><E116/><V77/><F133/><W39/><G114/><T97/><D10/><U52/><E19/><V75/><F38/><W26/><G82/><T36/><D36/><U56/><E45/><N who="2" m="25911" /><F110/><W108/><G108/><T14/><D14/><U99/><E46/><V65/><F104/><N who="1" m="39977" /><E72/><V29/><F75/><W44/><G39/><T96/><D71/><U69/><E69/><V59/><F115/><W102/><G102/><T13/><D13/><U129/><E129/><V49/><F29/><W31/><REACH who="3" step="1"/><G26/><REACH who="3" ten="201,250,250,289" step="2"/><T12/><D27/><U101/><E98/><V112/><F112/><W64/><G64/><T134/><D134/><U57/><E57/><V30/><F65/><W85/><G85/><N who="0" m="50623" /><D74/><U81/><E81/><V20/><F87/><W100/><G100/><T128/><D128/><U23/><E101/><V80/><F86/><W105/><G105/><T70/><D97/><U9/><E99/><V95/><F80/><W113/><G113/><T73/><D96/><U60/><E94/><V84/><F95/><W131/><G131/><T51/><D73/><U28/><E79/><V68/><F77/><W33/><G33/><T22/><D32/><U4/><E78/><V0/><F93/><W126/><G126/><T11/><D22/><AGARI ba="0,1" hai="15,16,22,24,31,34,37,40,41,43,44,53,54,55" machi="22" ten="40,5200,0" yaku="1,1,54,1,53,1" doraHai="47" doraHaiUra="21" who="3" fromWho="0" sc="201,-52,250,0,250,0,289,62" /><INIT seed="2,0,0,2,3,47" ten="149,250,250,351" oya="2" hai0="106,115,121,11,0,68,123,37,112,81,18,31,97" hai1="125,127,120,19,104,55,41,42,129,28,95,126,80" hai2="15,20,51,132,36,102,5,134,65,58,70,34,94" hai3="71,30,96,54,61,113,93,39,91,77,73,21,75"/><V6/><F34/><W69/><G39/><T72/><D18/><U110/><E104/><V92/><F36/><W38/><G38/><T84/><D31/><U9/><E110/><V27/><F70/><W103/><G113/><T107/><D11/><U14/><E129/><V89/><F102/><W1/><G1/><T117/><D0/><U122/><E28/><V63/><F94/><W44/><G103/><T101/><D68/><U114/><E114/><N who="0" m="43561" /><D37/><U116/><E116/><V85/><F15/><W13/><G77/><N who="0" m="44199" /><D107/><U79/><E95/><V53/><F6/><W111/><G93/><T62/><D62/><U7/><E55/><V130/><F5/><W2/><G61/><T12/><D12/><U76/><E7/><V98/><F20/><W83/><G2/><T64/><D64/><U46/><E41/><V8/><F8/><W86/><G21/><T22/><D22/><U24/><E24/><V45/><F27/><W131/><G13/><T60/><D60/><U57/><E57/><V119/><F65/><W128/><G69/><T74/><D74/><U48/><E80/><V43/><F43/><W105/><G71/><T4/><D4/><U90/><E9/><V59/><F59/><W135/><G105/><T49/><D49/><U124/><E124/><V35/><F58/><W78/><G30/><T17/><D17/><U66/><E66/><V108/><F51/><W16/><G16/><T52/><D52/><U3/><E3/><V10/><F53/><W32/><G54/><T29/><D29/><U50/><E127/><V40/><F10/><W99/><G32/><RYUUKYOKU ba="0,0" sc="149,0,250,0,250,0,351,0" /><INIT seed="3,1,0,3,2,112" ten="149,250,250,351" oya="3" hai0="4,23,24,7,88,27,59,71,106,48,0,122,22" hai1="134,127,123,99,87,38,103,36,39,108,75,68,57" hai2="73,12,50,85,21,84,135,116,101,82,31,55,109" hai3="60,128,6,25,125,47,54,16,102,20,32,35,14"/><W95/><G125/><T19/><D122/><U114/><E114/><V133/><F109/><W74/><G74/><T2/><D71/><U33/><E123/><V96/><F73/><W62/><G128/><T69/><D69/><U115/><E115/><V41/><F41/><W10/><G35/><T53/><D106/><U79/><E68/><V70/><F70/><W129/><G32/><T100/><D100/><U18/><E18/><V118/><F96/><N who="3" m="59679" /><G129/><T76/><D76/><U51/><E33/><V121/><F101/><W37/><G37/><T92/><D0/><U49/><E57/><V29/><F121/><W80/><G80/><T119/><D2/><U132/><E75/><V113/><F113/><W130/><G130/><T13/><D119/><N who="2" m="45610" /><F12/><W67/><G67/><T98/><REACH who="0" step="1"/><D13/><REACH who="0" ten="139,250,250,351" step="2"/><U72/><E79/><N who="2" m="46175" /><F135/><W58/><G14/><T26/><D26/><U52/><E103/><V43/><F133/><W107/><G25/><T78/><D78/><U28/><E132/><V86/><F31/><AGARI ba="1,1" hai="4,7,19,22,23,24,27,31,48,53,59,88,92,98" machi="31" ten="30,12000,2" yaku="1,1,7,1,8,1,54,1,53,2" doraHai="112" doraHaiUra="1" who="0" fromWho="2" sc="139,133,250,0,250,-123,351,0" owari="272,7.2,250,-15.0,127,-37.3,351,45.1" /></mjloggm>