<mjloggm ver="2.3"><GO type="225" lobby="0"/><UN n0="%E3%81%8B%E3%82%8F%E3%81%A1%E3%82%83%E3%82%93%35%38" n1="%E3%83%A9%E3%83%BC%E3%83%A1%E3%83%B3%E4%BA%94%E9%83%8E" n2="%E3%81%BF%E3%81%BF%E3%81%9A" n3="%E5%91%A8%E6%9D%B1" dan="16,16,17,16" rate="2156.68,2162.54,2252.74,2156.51" sx="M,M,M,M"/><TAIKYOKU oya="0"/><INIT seed="0,0,0,0,0,134" ten="250,250,250,250" oya="0" hai0="109,54,83,88,122,44,80,90,123,77,47,19,110" hai1="50,10,127,15,26,72,46,101,63,5,76,111,60" hai2="11,65,70,37,102,85,18,30,82,106,67,94,17" hai3="14,22,7,131,117,129,120,33,6,48,49,119,125"/><T75/><D19/><U0/><E111/><N who="0" m="42505" /><D54/><U24/><E101/><V57/><F106/><W126/><G33/><T28/><D28/><U45/><E72/><V96/><F37/><W2/><G2/><T97/><D44/><U9/><E76/><V92/><F70/><W100/><G100/><T112/><D47/><U105/><E105/><V124/><F124/><N who="3" m="47723" /><G120/><N who="0" m="46123" /><D112/><U133/><E127/><V31/><F94/><W113/><G113/><T25/><D25/><U103/><E26/><V23/><F17/><N who="3" m="10551" /><G49/><T66/><D66/><U4/><E50/><V121/><F11/><W95/><G95/><N who="0" m="56551" /><D90/><U128/><E46/><V62/><F65/><W86/><G48/><T68/><D83/><U43/><E45/><V34/><F34/><W52/><G52/><T27/><D27/><U55/><E24/><N who="2" m="14455" /><F121/><W41/><G41/><T114/><D114/><U135/><E43/><V84/><F82/><W12/><G12/><T21/><D21/><U35/><E15/><V61/><F62/><W8/><G8/><T116/><D116/><N who="3" m="44617" /><G86/><AGARI ba="0,0" hai="30,31,57,61,67,84,85,86,92,96,102" m="14455" machi="86" ten="30,1000,0" yaku="8,1" doraHai="134" who="2" fromWho="3" sc="250,0,250,0,250,10,250,-10" /><INIT seed="1,0,0,2,1,130" ten="250,250,260,240" oya="1" hai0="2,125,62,14,20,113,122,10,18,22,70,85,111" hai1="67,59,71,106,92,52,36,102,126,93,8,135,74" hai2="124,17,103,101,83,87,75,78,79,38,104,46,43" hai3="29,33,16,88,40,120,57,115,128,76,49,32,100"/><U117/><E117/><V5/><F124/><W51/><G120/><T127/><D113/><U64/><E126/><N who="0" m="48137" /><D122/><U68/><E74/><V91/><F104/><W109/><G115/><T48/><D111/><U56/><E36/><V25/><F78/><W105/><G109/><T11/><D48/><U86/><E106/><V107/><F107/><W34/><G128/><T132/><D85/><U23/><E8/><V61/><F5/><W54/><G76/><T66/><D132/><U19/><E135/><V95/><F61/><W6/><G6/><AGARI ba="0,0" hai="2,6,10,11,14,18,20,22,62,66,70" m="48137" machi="6" ten="30,1000,0" yaku="18,1" doraHai="130" who="0" fromWho="3" sc="250,10,250,0,260,0,240,-10" /><INIT seed="2,0,0,5,1,5" ten="260,250,260,230" oya="2" hai0="42,120,27,19,89,53,15,100,73,59,37,131,114" hai1="105,79,88,75,61,14,64,47,57,11,86,41,106" hai2="4,129,9,117,122,24,127,35,96,22,70,112,52" hai3="77,121,49,12,99,68,108,67,111,116,83,119,60"/><V45/><F112/><W8/><G121/><T13/><D114/><U101/><E101/><V78/><F117/><W2/><G99/><T30/><D73/><U16/><E79/><V134/><F70/><W128/><G49/><T7/><D120/><U26/><E26/><V6/><F35/><W125/><G125/><T62/><D131/><U36/><E75/><V66/><F129/><W133/><G128/><T1/><D1/><U32/><E32/><V56/><F127/><W90/><G90/><T104/><D42/><U39/><E36/><V82/><F122/><W17/><G2/><T93/><D37/><U109/><E109/><N who="3" m="42058" /><G133/><T74/><D74/><AGARI ba="0,0" hai="8,12,17,60,67,68,74,77,83,116,119" m="42058" machi="74" ten="30,2000,0" yaku="14,1,52,1" doraHai="5" who="3" fromWho="0" sc="260,-20,250,0,260,0,230,20" /><INIT seed="3,0,0,1,0,75" ten="240,250,260,250" oya="3" hai0="97,1,69,22,100,114,119,0,123,62,132,11,134" hai1="98,21,96,128,5,127,41,110,89,112,33,84,6" hai2="108,131,31,14,57,42,12,67,116,24,4,87,52" hai3="95,20,7,133,27,43,13,109,34,60,79,90,99"/><W64/><G133/><N who="0" m="51307" /><D123/><U65/><E112/><V129/><F116/><W104/><G109/><T93/><D119/><U19/><E33/><V72/><F72/><W94/><G34/><T103/><D114/><U55/><E110/><V54/><F108/><W102/><G43/><T115/><D115/><U130/><E127/><V17/><F42/><W71/><G90/><N who="0" m="55479" /><D22/><U126/><E126/><V58/><F4/><N who="1" m="1641" /><E55/><V35/><F67/><W32/><G79/><T78/><D11/><U16/><E65/><V68/><F68/><W91/><G91/><T85/><D62/><U29/><E29/><V81/><F129/><N who="1" m="49769" /><E41/><V48/><F131/><W106/><G106/><T117/><D69/><U122/><E122/><V38/><F38/><W23/><G32/><T88/><D78/><U77/><E77/><V3/><F3/><N who="0" m="1098" /><D117/><U118/><E118/><V47/><F17/><N who="1" m="6729" /><E21/><V70/><F70/><W30/><REACH who="3" step="1"/><G23/><REACH who="3" ten="240,250,260,240" step="2"/><T44/><D44/><U26/><E26/><V10/><F47/><W25/><G25/><T18/><D18/><U74/><E74/><V113/><F113/><W45/><G45/><T124/><D124/><U125/><E125/><V63/><F10/><AGARI ba="0,1" hai="7,10,13,20,27,30,60,64,71,94,95,99,102,104" machi="10" ten="40,2000,0" yaku="1,1,53,0" doraHai="75" doraHaiUra="83" who="3" fromWho="2" sc="240,0,250,0,260,-20,240,30" /><INIT seed="3,1,0,3,4,99" ten="240,250,240,270" oya="3" hai0="112,22,57,53,62,50,8,47,5,41,56,17,82" hai1="122,101,37,129,130,31,34,100,3,115,135,94,132" hai2="67,66,103,65,13,6,30,89,73,96,95,64,43" hai3="69,44,111,93,84,33,15,126,74,20,91,79,72"/><W52/><G33/><T92/><D112/><U133/><E122/><V134/><N who="2" m="16384" /><DORA hai="36" /><V25/><F134/><W9/><G69/><T12/><D82/><U10/><E115/><V117/><F117/><W102/><G126/><T27/><D57/><U97/><E37/><V39/><F73/><W81/><G20/><T90/><D92/><U14/><E3/><V87/><F39/><W54/><G74/><T85/><D85/><U28/><E101/><V2/><F2/><W120/><G120/><T78/><REACH who="0" step="1"/><D90/><REACH who="0" ten="230,250,240,270" step="2"/><U75/><E75/><V16/><F43/><W107/><G111/><T55/><D55/><U63/><E133/><V4/><F30/><W60/><G60/><T105/><D105/><U104/><E135/><V106/><REACH who="2" step="1"/><F25/><REACH who="2" ten="230,250,230,270" step="2"/><W127/><G127/><T116/><D116/><U7/><E132/><V23/><AGARI ba="1,2" hai="4,6,13,16,23,87,89,95,96,103,106" m="16384" machi="23" ten="40,8000,1" yaku="1,1,2,1,0,1,52,1,54,1,53,0" doraHai="99,36" doraHaiUra="24,48" who="2" fromWho="2" sc="230,-21,250,-21,230,103,270,-41" owari="209,-29.1,229,2.9,333,43.3,229,-17.1" /></mjloggm>