<mjloggm ver="2.3"><GO type="225" lobby="0"/><UN n0="%E9%A6%AC%E5%BC%95%E7%81%AB%33" n1="%E6%9D%B1%E9%A2%A8%E3%81%AE%E3%81%8D%E3%82%83%E3%81%B7%E3%81%95%E3%82%93" n2="%E3%83%96%E3%83%83%E3%83%91%E3%82%AA%E3%83%96%E3%83%81%E3%82%AD%E3%83%B3" n3="%E3%81%BD%E3%81%A1%E3%81%9F%E3%81%93%E3%82%84" dan="16,16,17,17" rate="2079.53,2177.21,2218.97,2202.73" sx="M,M,M,M"/><TAIKYOKU oya="0"/><INIT seed="0,0,0,4,3,81" ten="250,250,250,250" oya="0" hai0="129,74,36,65,22,75,4,124,125,126,12,107,56" hai1="100,48,68,40,15,46,86,33,90,77,62,30,29" hai2="101,51,41,118,23,38,83,97,0,31,110,1,113" hai3="54,18,70,80,34,55,35,106,49,9,131,120,39"/><T72/><D129/><U94/><E33/><V117/><F113/><W25/><G39/><T28/><D36/><U71/><E71/><V87/><F38/><W121/><G106/><T37/><D37/><U128/><E128/><V99/><F110/><W78/><G70/><T108/><D107/><U7/><E100/><V67/><F67/><W2/><G131/><T88/><D108/><U27/><E27/><N who="2" m="16895" /><F51/><W103/><G103/><T11/><D28/><U3/><E3/><V114/><F41/><W45/><G55/><T32/><D22/><U61/><E68/><V57/><F57/><W112/><G112/><T5/><D32/><U64/><E77/><N who="2" m="46575" /><F114/><W69/><G69/><T14/><D88/><N who="1" m="53527" /><E64/><V116/><F99/><W43/><G35/><T132/><D132/><U6/><E90/><V79/><F79/><W135/><G135/><T21/><D21/><U60/><E6/><N who="0" m="2665" /><D11/><AGARI ba="0,0" hai="7,11,15,29,30,40,46,48,60,61,62" m="53527" machi="11" ten="30,3900,0" yaku="8,1,52,1,54,1" doraHai="81" who="1" fromWho="0" sc="250,-39,250,39,250,0,250,0" /><INIT seed="1,0,0,1,0,73" ten="211,289,250,250" oya="1" hai0="127,32,95,28,125,9,82,71,45,31,93,17,13" hai1="67,75,15,118,1,7,16,129,48,108,57,18,78" hai2="25,20,4,101,81,50,26,52,24,91,80,134,14" hai3="62,85,35,124,43,40,11,64,66,8,41,86,3"/><U42/><E118/><V83/><F134/><W94/><G124/><N who="0" m="47691" /><D71/><U97/><E129/><V133/><F133/><W54/><G35/><T106/><D106/><U68/><E68/><V113/><F113/><W70/><G66/><T36/><D82/><U116/><E116/><V109/><F109/><W2/><G54/><T112/><D112/><U22/><E108/><V19/><F101/><W128/><G128/><T88/><D32/><U121/><E121/><V72/><F72/><W0/><REACH who="3" step="1"/><G94/><REACH who="3" ten="211,289,250,240" step="2"/><N who="0" m="35851" /><D88/><U69/><E69/><V10/><REACH who="2" step="1"/><F91/><REACH who="2" ten="211,289,240,240" step="2"/><W58/><G58/><AGARI ba="0,2" hai="4,10,14,19,20,24,25,26,50,52,58,80,81,83" machi="58" ten="40,8000,1" yaku="1,1,2,1,8,1,54,1,53,0" doraHai="73" doraHaiUra="103" who="2" fromWho="3" sc="211,0,289,0,240,100,240,-80" /><INIT seed="2,0,0,4,2,44" ten="211,289,340,160" oya="2" hai0="129,8,99,43,33,117,68,70,133,46,53,106,135" hai1="118,58,72,48,22,32,59,110,35,126,3,50,94" hai2="11,19,38,84,131,15,78,51,13,39,64,12,62" hai3="29,128,100,40,21,115,119,98,57,93,89,88,24"/><V132/><F132/><N who="0" m="50762" /><D33/><U90/><E72/><V26/><F131/><W6/><G128/><T121/><D121/><U95/><E3/><V79/><F38/><W107/><G119/><T20/><D129/><U54/><E118/><V31/><F39/><W80/><G115/><T28/><D117/><U134/><E134/><V103/><F103/><W76/><G40/><T55/><D8/><U9/><E9/><V109/><F109/><W104/><G6/><T111/><D111/><U77/><E77/><V113/><F113/><W125/><G125/><T75/><D75/><U92/><E90/><V25/><F25/><W0/><G0/><T97/><D20/><U122/><E22/><N who="2" m="15831" /><F64/><W49/><G104/><T18/><D18/><U112/><E110/><V101/><F62/><W86/><G107/><T74/><D28/><U23/><E112/><V2/><F2/><W61/><REACH who="3" step="1"/><G49/><REACH who="3" ten="211,289,340,150" step="2"/><T47/><D74/><U41/><E126/><V91/><F51/><W82/><G82/><T105/><D43/><U1/><E1/><V85/><F13/><W81/><G81/><T66/><D106/><U10/><E41/><V108/><F15/><W4/><G4/><T114/><D105/><U63/><E48/><V65/><F12/><W83/><G83/><T116/><D114/><U71/><E50/><V130/><F130/><W5/><G5/><T45/><D116/><U120/><E120/><V87/><F108/><W30/><G30/><T60/><D46/><U52/><E122/><V69/><F19/><W127/><G127/><T16/><D47/><U56/><E94/><V17/><F17/><RYUUKYOKU ba="0,1" sc="211,-10,289,-10,340,-10,150,30" hai3="21,24,29,57,61,76,80,86,88,89,93,98,100" /><INIT seed="3,1,1,1,3,110" ten="201,279,330,180" oya="3" hai0="85,124,15,109,58,133,7,79,67,115,107,104,129" hai1="66,119,84,48,122,11,2,19,132,131,81,71,70" hai2="28,35,55,99,49,100,60,56,95,123,31,36,59" hai3="92,83,38,87,9,78,47,54,126,37,82,91,1"/><W96/><G126/><T76/><D109/><U116/><E122/><V5/><F123/><W45/><G1/><T52/><D124/><U44/><E132/><V130/><F36/><W102/><G9/><T114/><D129/><U27/><E131/><V94/><F130/><W0/><G0/><T89/><D133/><U64/><E2/><V125/><F125/><W90/><G90/><T17/><D67/><U135/><E135/><V23/><F35/><W75/><REACH who="3" step="1"/><G45/><REACH who="3" ten="201,279,330,170" step="2"/><T128/><D128/><U73/><E11/><V3/><F3/><W77/><G77/><N who="0" m="29771" /><D7/><U33/><E44/><V46/><F5/><W16/><G16/><T18/><D18/><U106/><E19/><V43/><F46/><W10/><G10/><N who="0" m="6391" /><D89/><U30/><E30/><V108/><F31/><W57/><G57/><T8/><D8/><U42/><E70/><V86/><F59/><W50/><AGARI ba="1,2" hai="37,38,47,50,54,75,78,82,83,87,91,92,96,102" machi="50" ten="30,3000,0" yaku="1,1,0,1,53,0" doraHai="110" doraHaiUra="118" who="3" fromWho="3" sc="201,-11,279,-11,330,-11,170,53" /><INIT seed="3,2,0,1,5,17" ten="190,268,319,223" oya="3" hai0="115,133,7,71,18,114,10,32,111,3,59,128,123" hai1="127,69,110,56,60,53,85,82,44,30,28,54,101" hai2="2,94,89,121,24,1,31,16,130,132,134,88,43" hai3="93,26,5,14,66,116,96,118,38,19,22,91,104"/><W124/><G124/><T8/><D71/><U48/><E127/><V11/><F130/><W13/><G38/><T92/><D111/><U20/><E110/><V67/><F43/><W80/><G104/><T129/><D92/><U61/><E101/><V0/><F67/><W126/><G126/><T62/><D59/><U106/><E106/><V6/><F121/><W65/><G116/><T51/><D62/><U81/><E81/><V25/><F16/><N who="3" m="12615" /><G118/><T41/><D51/><U49/><E69/><V108/><F108/><W55/><G80/><T86/><D86/><U36/><E36/><V112/><F112/><N who="0" m="43050" /><D41/><U9/><E9/><V35/><F25/><W23/><G55/><T131/><D123/><U125/><E125/><V57/><F57/><W33/><G33/><T87/><D87/><U29/><REACH who="1" step="1"/><E20/><REACH who="1" ten="190,258,319,223" step="2"/><V70/><F70/><W39/><G39/><T95/><D95/><U72/><E72/><V79/><F94/><W4/><G4/><T46/><D46/><U52/><E52/><V27/><F6/><W97/><G97/><T90/><D90/><AGARI ba="2,1" hai="28,29,30,44,48,49,53,54,56,60,61,82,85,90" machi="90" ten="40,2600,0" yaku="1,1,8,1,53,0" doraHai="17" doraHaiUra="107" who="1" fromWho="0" sc="190,-32,258,42,319,0,223,0" owari="158,-34.2,300,10.0,319,41.9,223,-17.7" /></mjloggm>