<mjloggm ver="2.3"><GO type="225" lobby="0"/><UN n0="%E4%BF%BA%E3%81%A8%E5%A6%96%E5%A4%A2" n1="%4C%4F%4C%49%54%41" n2="%E3%81%BF%E3%81%BF%E3%81%9A" n3="%4B%2E%32%2E%4B%2E" dan="16,16,18,17" rate="2142.31,2200.93,2259.49,2180.98" sx="F,F,M,M"/><TAIKYOKU oya="0"/><INIT seed="0,0,0,0,5,108" ten="250,250,250,250" oya="0" hai0="24,69,10,81,35,52,70,130,57,39,51,23,129" hai1="71,53,38,127,82,25,98,119,111,8,14,78,75" hai2="124,22,101,46,40,0,103,33,28,134,120,58,21" hai3="83,15,79,56,118,126,5,43,47,2,11,50,6"/><T4/><D35/><U27/><E119/><V1/><F33/><W3/><G126/><T54/><D39/><U65/><E38/><V18/><F120/><W90/><G118/><T76/><D54/><U32/><E111/><V68/><F68/><W106/><G106/><T59/><D59/><U128/><E128/><N who="0" m="49257" /><D23/><U133/><E133/><V113/><F134/><W67/><G90/><T49/><D49/><U88/><E32/><V72/><F72/><W116/><G5/><T62/><D62/><U13/><E13/><V89/><F124/><W97/><G97/><T93/><D93/><U99/><E127/><V73/><F0/><W92/><G92/><T107/><D24/><U48/><E71/><V91/><F58/><W36/><G116/><T31/><D31/><U9/><E65/><V115/><F28/><W131/><G131/><T121/><D107/><U55/><E55/><V60/><F60/><N who="3" m="38279" /><G36/><T7/><D7/><U61/><E61/><V105/><F105/><W44/><G44/><T63/><D63/><U42/><E42/><V19/><F46/><W34/><G34/><T26/><D26/><U96/><E25/><V112/><F40/><W135/><G135/><T37/><D37/><U100/><E27/><V104/><F104/><W16/><G6/><T94/><D94/><N who="1" m="56391" /><E8/><V20/><F20/><W29/><G29/><T86/><D86/><U64/><E64/><V95/><F95/><W66/><G66/><T117/><D121/><U45/><E100/><V30/><F30/><W87/><G2/><N who="0" m="279" /><D117/><U122/><E122/><V109/><F22/><W84/><G3/><RYUUKYOKU ba="0,0" sc="250,10,250,10,250,-30,250,10" hai0="51,52,57,69,70,76,81" hai1="9,14,45,48,53,75,78,82,98,99" hai3="11,15,16,43,47,50,79,83,84,87" /><INIT seed="0,1,0,1,4,48" ten="260,260,220,260" oya="0" hai0="129,101,53,19,55,80,120,43,47,35,25,36,26" hai1="28,38,121,94,12,13,89,62,37,18,27,102,20" hai2="1,92,111,109,68,73,10,9,112,6,54,21,134" hai3="31,29,119,51,52,69,5,71,117,14,123,91,126"/><T87/><D120/><U75/><E75/><V70/><BYE who="1" /><F112/><W125/><G123/><T11/><D129/><U41/><E41/><V16/><F73/><UN n1="%4C%4F%4C%49%54%41" /><W104/><BYE who="1" /><G104/><T81/><D101/><U15/><E15/><N who="2" m="7279" /><F134/><UN n1="%4C%4F%4C%49%54%41" /><W105/><G105/><T7/><D25/><U0/><E0/><V49/><F92/><W96/><G14/><T85/><D85/><U45/><E121/><V44/><F21/><W2/><G5/><T60/><D60/><U74/><E12/><V76/><F76/><W113/><G2/><T106/><D106/><U128/><E74/><V32/><F32/><W122/><G113/><T72/><D72/><U93/><E128/><V24/><F24/><W40/><G40/><T59/><D80/><U66/><E102/><V33/><F33/><W8/><G8/><T34/><D34/><U84/><E45/><V65/><F65/><W63/><G122/><T133/><D59/><U116/><E94/><V130/><F130/><W61/><G96/><T78/><D133/><U50/><E116/><N who="3" m="44618" /><G91/><T86/><D86/><U97/><E84/><V132/><F132/><W103/><G103/><T83/><D83/><U22/><E66/><V79/><F79/><W3/><G3/><T110/><D35/><U4/><E37/><V88/><F88/><W100/><G100/><T67/><D67/><U17/><E38/><V124/><F124/><N who="3" m="47723" /><G71/><T64/><D11/><U107/><E107/><V118/><F118/><W58/><G69/><T77/><D36/><U98/><E89/><V95/><F95/><W42/><G42/><T90/><D43/><U127/><E127/><RYUUKYOKU ba="1,0" sc="260,-15,260,-15,220,15,260,15" hai2="1,6,10,44,49,54,68,70,109,111" hai3="29,31,51,52,58,61,63" /><INIT seed="1,2,0,4,2,32" ten="245,245,235,275" oya="1" hai0="71,113,60,55,126,15,31,123,106,17,38,80,109" hai1="34,24,84,37,78,64,98,7,42,79,130,105,107" hai2="27,1,65,13,77,9,124,3,108,93,39,16,68" hai3="74,96,41,49,76,0,118,133,6,135,99,75,82"/><U110/><E130/><V20/><F39/><W69/><G69/><T58/><D113/><U114/><E114/><V22/><F77/><W104/><G74/><T52/><D38/><U100/><E105/><V14/><F68/><W50/><G118/><T87/><D106/><U70/><E7/><N who="2" m="3263" /><F65/><W63/><G63/><T21/><D71/><U103/><E100/><V86/><F86/><W72/><G72/><T4/><D109/><U97/><E98/><N who="3" m="37418" /><G41/><T89/><D126/><U51/><E51/><V33/><F93/><W54/><G104/><T62/><D123/><U36/><E84/><V57/><F57/><W73/><G73/><T122/><D122/><U95/><E95/><V18/><F108/><W131/><G131/><T121/><D121/><U88/><E88/><V5/><F124/><W81/><G81/><T61/><D4/><U132/><E36/><V129/><F129/><W46/><G54/><N who="0" m="20523" /><D31/><N who="1" m="19815" /><E132/><N who="3" m="50762" /><G46/><T11/><D11/><AGARI ba="2,0" hai="0,6,11,49,50,75,76,82" m="50762,37418" machi="11" ten="30,2000,0" yaku="20,1,52,1" doraHai="32" who="3" fromWho="0" sc="245,-26,245,0,235,0,275,26" /><INIT seed="2,0,0,1,1,49" ten="219,245,235,301" oya="2" hai0="40,8,132,48,84,36,98,10,51,71,50,39,33" hai1="87,78,83,114,74,122,116,101,102,118,26,115,65" hai2="129,121,41,111,127,72,18,19,28,70,90,47,64" hai3="66,113,6,134,103,86,45,30,22,92,1,109,31"/><V107/><F121/><W135/><G113/><N who="1" m="43018" /><E26/><V42/><F72/><W76/><G109/><T104/><D71/><U32/><E65/><V57/><F107/><W128/><G128/><T37/><D33/><U79/><E32/><V14/><F129/><W133/><G66/><T27/><D132/><U11/><E11/><V85/><F70/><W62/><G62/><T20/><D40/><U54/><E54/><V53/><F28/><W60/><G60/><T52/><D84/><U80/><E122/><V7/><F127/><W110/><G110/><T125/><D125/><U81/><E81/><V100/><F100/><AGARI ba="0,0" hai="74,78,79,80,83,87,100,101,102,116,118" m="43018" machi="100" ten="30,2000,0" yaku="34,2" doraHai="49" who="1" fromWho="2" sc="219,0,245,20,235,-20,301,0" /><INIT seed="3,0,0,4,4,64" ten="219,265,215,301" oya="3" hai0="10,92,82,57,81,90,15,62,128,36,126,103,43" hai1="4,37,107,0,129,80,2,33,45,93,46,119,20" hai2="14,52,69,73,9,116,60,120,39,56,21,71,8" hai3="54,7,63,134,65,75,3,32,88,6,17,131,110"/><W104/><G104/><T34/><D34/><U89/><E33/><V95/><F116/><W85/><G75/><T133/><D133/><U40/><E107/><V61/><F73/><W30/><G3/><T102/><D128/><U66/><E129/><V132/><F132/><W94/><G131/><T112/><D126/><U97/><E119/><V76/><F39/><W99/><G134/><T91/><D112/><U29/><E4/><V31/><F76/><W16/><G110/><T51/><D36/><U122/><E122/><V87/><F120/><W127/><G127/><T19/><D43/><U130/><E130/><V11/><F61/><W83/><G54/><N who="0" m="34103" /><D51/><U28/><E28/><V23/><F31/><W108/><G30/><T109/><D109/><U100/><E66/><V18/><REACH who="2" step="1"/><F21/><REACH who="2" ten="219,265,205,301" step="2"/><W111/><G32/><T105/><D105/><U55/><E20/><V48/><F48/><W1/><G108/><T96/><D90/><AGARI ba="0,1" hai="8,9,11,14,18,23,52,56,60,69,71,87,90,95" machi="90" ten="40,8000,1" yaku="1,1,52,2,54,1,53,0" doraHai="64" doraHaiUra="114" who="2" fromWho="0" sc="219,-80,265,0,205,90,301,0" owari="139,-36.1,265,-13.5,295,9.5,301,40.1" /></mjloggm>