<mjloggm ver="2.3"><GO type="225" lobby="0"/><UN n0="%E5%B0%8F%E9%B3%A5%E9%81%8A%E7%B7%B4%E7%84%A1%32%31%E6%AD%B3" n1="%E6%9C%88%E5%B3%B6%E5%9F%BA" n2="%E3%83%A9%E3%83%BC%E3%83%A1%E3%83%B3%E4%BA%94%E9%83%8E" n3="%72%61%6B%33" dan="16,17,16,16" rate="2200.53,2191.84,2077.24,2097.94" sx="F,M,M,M"/><TAIKYOKU oya="0"/><INIT seed="0,0,0,1,5,13" ten="250,250,250,250" oya="0" hai0="81,134,64,111,133,83,90,44,30,51,135,65,31" hai1="114,33,58,26,107,15,108,102,25,17,57,34,11" hai2="88,45,106,53,47,82,105,35,68,128,60,104,126" hai3="28,127,72,85,5,120,42,52,6,40,75,125,1"/><T95/><D111/><U99/><E108/><V19/><F35/><W56/><G28/><T61/><D30/><U9/><E114/><V69/><F126/><N who="3" m="48139" /><G85/><T123/><D31/><U0/><E34/><V3/><F3/><W23/><G23/><T4/><D4/><N who="3" m="1641" /><G1/><T63/><D123/><U10/><E33/><V37/><F128/><W59/><G120/><T49/><D95/><N who="1" m="58751" /><E0/><V98/><F105/><W119/><G119/><T76/><D90/><U129/><E107/><V84/><F106/><W54/><G42/><T96/><D96/><U97/><E97/><V116/><F116/><W74/><G40/><T115/><D115/><U124/><E129/><V87/><F104/><W78/><G78/><T24/><D24/><N who="1" m="9323" /><E124/><V70/><F98/><W110/><G110/><T50/><D44/><U27/><N who="1" m="9331" /><U93/><DORA hai="77" /><E93/><V121/><F121/><W130/><G130/><T20/><D20/><AGARI ba="0,0" hai="9,10,11,15,17,20,57,58" m="9331,58751" machi="20" ten="40,2600,0" yaku="8,1,52,1" doraHai="13,77" who="1" fromWho="0" sc="250,-26,250,26,250,0,250,0" /><INIT seed="1,0,0,3,2,101" ten="224,276,250,250" oya="1" hai0="6,35,52,94,25,121,122,71,61,47,36,127,51" hai1="107,43,22,62,73,60,77,38,124,45,112,111,28" hai2="105,89,34,54,65,63,125,76,59,99,29,88,126" hai3="98,11,81,132,69,26,14,4,18,100,75,119,33"/><U109/><E112/><V78/><F29/><W116/><G69/><T108/><D108/><N who="1" m="41547" /><E124/><N who="2" m="47723" /><F34/><W79/><G132/><T44/><D6/><U40/><E40/><V57/><F105/><W130/><G130/><T23/><D35/><U5/><E5/><V53/><F65/><W96/><G96/><T133/><D133/><U16/><E28/><V42/><F42/><W128/><G128/><T66/><D94/><U48/><E38/><V82/><F99/><W17/><G33/><T106/><D106/><U103/><E103/><V15/><F15/><W27/><G26/><T113/><D113/><U24/><E107/><V95/><F95/><N who="3" m="58463" /><G27/><T8/><D127/><U118/><E118/><AGARI ba="0,0" hai="4,11,14,17,18,75,79,81,116,118,119" m="58463" machi="118" ten="30,1000,0" yaku="12,1" doraHai="101" who="3" fromWho="1" sc="224,0,276,-10,250,0,250,10" /><INIT seed="2,0,0,4,0,68" ten="224,266,250,260" oya="2" hai0="109,85,111,116,52,135,98,39,50,25,32,9,120" hai1="28,14,62,100,130,75,19,55,97,73,80,70,47" hai2="113,1,46,38,107,128,123,93,24,125,35,4,103" hai3="42,67,114,34,21,43,23,126,99,76,37,7,82"/><V134/><RYUUKYOKU type="yao9" ba="0,0" sc="224,0,266,0,250,0,260,0" hai2="1,4,24,35,38,46,93,103,107,113,123,125,128,134" /><INIT seed="2,1,0,5,2,53" ten="224,266,250,260" oya="2" hai0="113,52,42,36,51,84,92,44,71,103,30,122,46" hai1="28,13,55,124,15,116,106,21,27,88,102,85,129" hai2="111,45,79,108,38,61,121,128,33,81,95,24,119" hai3="86,22,60,73,77,23,101,6,114,94,39,135,56"/><V10/><F119/><W75/><G39/><T91/><D113/><U125/><E116/><V96/><F121/><W37/><G37/><T89/><D122/><U104/><E129/><V78/><F128/><W29/><G135/><T18/><D71/><U100/><E104/><V0/><F33/><W3/><G23/><T98/><D30/><U12/><E106/><V109/><F24/><W50/><G50/><T31/><D31/><U8/><E8/><V93/><F61/><W14/><G3/><T72/><D72/><U35/><E35/><V49/><F38/><W133/><G77/><N who="2" m="29193" /><F81/><W68/><G68/><T105/><D18/><U67/><E67/><V5/><F96/><W32/><G32/><T25/><D25/><U112/><E112/><V59/><F59/><W57/><G57/><T70/><D70/><U64/><E64/><V126/><F126/><W87/><G133/><T1/><REACH who="0" step="1"/><D91/><REACH who="0" ten="214,266,250,260" step="2"/><U110/><E88/><V48/><F48/><W26/><G114/><T120/><D120/><U66/><E27/><V2/><F2/><AGARI ba="1,1" hai="1,2,36,42,44,46,51,52,84,89,92,98,103,105" machi="2" ten="40,2600,0" yaku="1,1,54,1,53,0" doraHai="53" doraHaiUra="130" who="0" fromWho="2" sc="214,39,266,0,250,-29,260,0" /><INIT seed="3,0,0,5,3,21" ten="253,266,221,260" oya="3" hai0="14,29,99,103,39,85,71,123,84,70,81,105,86" hai1="49,127,112,135,82,34,48,0,72,28,62,19,116" hai2="125,8,129,33,45,51,80,41,13,130,83,18,74" hai3="101,77,40,118,96,97,30,128,15,113,94,93,55"/><W2/><G2/><T117/><D123/><U7/><E112/><V26/><F125/><W31/><G113/><T24/><D117/><U59/><E127/><V32/><F32/><W67/><G118/><T20/><D39/><U65/><E135/><V61/><F61/><W133/><G128/><N who="2" m="49257" /><F74/><W9/><G133/><T42/><D42/><U63/><E63/><V98/><F98/><W23/><G67/><T95/><D81/><U76/><E116/><V56/><F56/><W115/><G115/><T54/><D105/><U3/><E59/><V78/><F78/><W79/><G55/><T46/><REACH who="0" step="1"/><D14/><REACH who="0" ten="243,266,221,260" step="2"/><U47/><E3/><V50/><F50/><AGARI ba="0,1" hai="20,24,29,46,50,54,70,71,84,85,86,95,99,103" machi="50" ten="40,5200,0" yaku="1,1,2,1,52,1,53,0" doraHai="21" doraHaiUra="107" who="0" fromWho="2" sc="243,62,266,0,221,-52,260,0" owari="305,40.5,266,6.6,169,-33.1,260,-14.0" /></mjloggm>