<mjloggm ver="2.3"><GO type="225" lobby="0"/><UN n0="%E3%81%8B%E3%82%8F%E3%81%A1%E3%82%83%E3%82%93%35%38" n1="%E7%AC%B9%E9%A4%85" n2="%E5%8D%A0%E3%81%84%E5%B8%AB%E8%A3%8F%E3%81%AA%E3%81%84%E3%81%97" n3="%70%65%6E%74%6F%6C%61" dan="16,18,17,16" rate="2169.51,2251.26,2238.57,2160.95" sx="M,M,M,M"/><TAIKYOKU oya="0"/><INIT seed="0,0,0,5,0,20" ten="250,250,250,250" oya="0" hai0="12,6,99,44,84,110,97,28,31,77,65,39,5" hai1="121,107,53,83,91,105,134,19,98,22,123,104,124" hai2="74,25,82,133,56,81,126,58,94,7,102,79,128" hai3="92,75,85,90,60,23,118,15,26,119,30,130,40"/><T13/><D39/><U1/><E1/><V21/><F128/><W43/><G75/><T93/><D110/><U73/><E134/><V70/><F70/><W61/><G130/><T34/><D34/><U41/><E41/><N who="3" m="15946" /><G119/><T57/><D44/><U33/><E33/><V48/><F133/><W9/><G118/><T127/><D127/><U100/><E124/><V62/><F126/><W38/><G38/><T113/><D113/><U63/><E73/><V14/><F48/><W8/><G8/><T32/><D32/><U55/><E83/><V36/><F36/><W46/><G46/><T111/><D111/><U72/><E72/><V47/><F47/><W129/><G129/><T49/><D84/><U17/><E105/><V54/><F56/><W103/><G103/><N who="0" m="60847" /><D99/><U0/><E98/><V11/><F102/><W116/><G116/><T76/><D13/><U78/><E100/><V37/><F37/><W115/><G115/><T42/><D42/><U16/><E104/><V68/><F82/><W64/><G64/><T108/><D108/><U101/><E107/><V45/><F45/><W10/><G10/><N who="0" m="4175" /><D6/><AGARI ba="0,0" hai="6,9,15,23,26,30,60,61,85,90,92" m="15946" machi="6" ten="30,2000,0" yaku="8,1,52,1" doraHai="20" who="3" fromWho="0" sc="250,-20,250,0,250,0,250,20" /><INIT seed="1,0,0,4,4,42" ten="230,250,250,270" oya="1" hai0="33,111,58,6,47,131,94,62,120,0,41,124,34" hai1="36,9,7,35,90,59,20,77,19,84,99,40,3" hai2="83,135,32,50,24,113,98,71,22,15,122,123,69" hai3="45,133,78,53,37,89,110,16,56,95,64,118,44"/><U114/><E114/><V134/><F32/><W23/><G37/><T21/><D111/><U68/><E68/><V121/><F113/><W48/><G110/><T101/><D124/><U54/><E35/><V104/><F83/><W117/><G78/><T17/><D131/><U80/><E40/><V26/><F15/><N who="3" m="9631" /><G133/><N who="2" m="50697" /><F50/><W85/><G64/><T29/><D29/><U74/><E36/><V31/><F24/><W87/><G87/><T130/><D130/><U75/><E99/><V109/><F109/><W38/><G38/><T97/><D6/><U128/><E128/><V1/><F1/><W100/><G100/><AGARI ba="0,0" hai="22,26,31,69,71,98,100,104,121,122,123" m="50697" machi="100" ten="40,1300,0" yaku="20,1" doraHai="42" who="2" fromWho="3" sc="230,0,250,0,250,13,270,-13" /><INIT seed="2,0,0,4,2,101" ten="230,250,263,257" oya="2" hai0="86,3,31,12,76,45,1,116,4,53,88,126,78" hai1="16,18,55,42,13,95,15,65,64,94,73,114,51" hai2="22,122,0,59,10,103,107,74,61,130,43,25,112" hai3="36,47,91,127,57,89,21,19,41,132,99,93,60"/><V69/><F112/><W100/><G132/><T97/><D1/><U44/><E73/><V80/><F122/><W85/><G127/><T102/><D3/><U52/><E114/><V62/><F69/><W58/><G60/><T38/><D31/><U110/><E110/><V108/><F43/><W75/><G75/><T71/><D71/><U121/><E121/><V26/><F108/><W83/><REACH who="3" step="1"/><G100/><REACH who="3" ten="230,250,263,247" step="2"/><T117/><D126/><U128/><E128/><V67/><F61/><W40/><G40/><N who="0" m="22679" /><D53/><U35/><E55/><V54/><F54/><W82/><G82/><N who="0" m="49239" /><D4/><U106/><E42/><V104/><F130/><W70/><G70/><T81/><D81/><U129/><E129/><V96/><F80/><W30/><G30/><T48/><D48/><U79/><E51/><V111/><F74/><W115/><G115/><T120/><D120/><U11/><E52/><V7/><F111/><W8/><G8/><T92/><D12/><AGARI ba="0,1" hai="12,19,21,36,41,47,57,58,83,85,89,91,93,99" machi="12" ten="30,2000,0" yaku="1,1,7,1,53,0" doraHai="101" doraHaiUra="50" who="3" fromWho="0" sc="230,-20,250,0,263,0,247,30" /><INIT seed="3,0,0,0,1,65" ten="210,250,263,277" oya="3" hai0="69,22,2,8,124,49,118,55,51,135,5,60,63" hai1="57,108,74,106,110,113,31,91,73,36,39,98,26" hai2="54,92,72,38,96,101,11,67,58,95,88,100,117" hai3="134,128,35,130,90,13,126,105,114,37,68,33,64"/><W80/><G114/><T87/><D118/><U97/><E113/><V120/><F38/><N who="1" m="14377" /><E57/><V84/><F72/><N who="1" m="27753" /><E91/><V6/><F117/><W45/><G126/><T104/><D104/><U89/><E89/><V86/><F120/><W30/><G134/><T83/><D135/><U17/><E17/><V15/><F67/><W94/><G105/><T10/><D124/><U93/><E93/><V70/><F70/><W0/><G80/><T81/><D22/><U16/><E16/><V133/><F133/><W66/><G13/><T40/><D40/><U28/><E106/><V25/><F25/><W77/><G77/><T125/><D125/><U7/><E7/><V42/><F42/><W23/><G23/><T46/><D10/><U103/><E103/><V50/><F100/><W79/><G79/><T27/><D27/><U3/><E3/><V20/><F20/><W132/><G0/><T29/><D29/><N who="1" m="11339" /><E26/><V34/><F34/><W111/><G30/><T102/><D102/><U116/><E116/><V52/><F54/><W44/><G37/><T32/><D32/><U127/><E127/><V122/><F122/><W47/><G35/><T78/><D83/><U4/><E4/><V1/><F1/><W112/><G132/><T75/><D75/><U12/><E12/><V99/><AGARI ba="0,0" hai="6,11,15,50,52,58,84,86,88,92,95,96,99,101" machi="99" ten="20,8000,1" yaku="0,1,7,1,8,1,54,2" doraHai="65" who="2" fromWho="2" sc="210,-20,250,-20,263,80,277,-40" owari="190,-31.0,230,-17.0,343,44.3,237,3.7" /></mjloggm>