<mjloggm ver="2.3"><GO type="225" lobby="0"/><UN n0="%E3%81%BE%E3%81%A8%E3%81%9F" n1="%E3%81%8B%E3%82%8F%E3%81%A1%E3%82%83%E3%82%93%35%38" n2="%E3%83%A9%E3%83%BC%E3%83%A1%E3%83%B3%E4%BA%94%E9%83%8E" n3="%4C%E3%82%AA%E3%83%97%E3%83%86%E3%82%A3%E3%82%B8%E3%83%B3%E3%82%AF" dan="16,16,16,16" rate="2096.84,2174.87,2111.33,2128.23" sx="M,M,M,M"/><TAIKYOKU oya="0"/><INIT seed="0,0,0,2,1,100" ten="250,250,250,250" oya="0" hai0="94,93,67,110,61,134,42,12,3,119,44,7,0" hai1="108,43,38,46,54,37,55,10,106,70,57,118,114" hai2="81,33,34,64,133,40,126,82,49,45,20,72,52" hai3="69,104,25,23,17,96,15,117,121,21,131,107,31"/><T116/><D134/><U36/><E10/><V76/><F126/><W47/><G117/><T58/><D0/><U109/><E106/><V50/><F133/><W122/><G131/><T56/><D3/><U77/><E77/><V129/><F129/><W63/><G47/><T9/><D110/><N who="1" m="42603" /><E118/><V83/><F64/><N who="3" m="41119" /><G96/><T102/><D58/><U4/><E4/><V28/><F82/><W29/><G29/><T111/><D111/><U14/><E14/><V35/><F83/><W98/><G98/><T5/><D5/><U103/><E103/><V65/><F65/><W6/><G6/><T87/><D94/><U127/><E70/><V59/><REACH who="2" step="1"/><F20/><REACH who="2" ten="250,250,240,250" step="2"/><W32/><G32/><T105/><D119/><U135/><E135/><V125/><F125/><W8/><G23/><T79/><D116/><U51/><E127/><V99/><F99/><W80/><G80/><T91/><D79/><U89/><E114/><V39/><F39/><W90/><G90/><T73/><D73/><U53/><E89/><V26/><AGARI ba="0,1" hai="26,28,33,34,35,40,45,49,50,52,59,72,76,81" machi="26" ten="30,4000,0" yaku="1,1,0,1,54,1,53,0" doraHai="100" doraHaiUra="18" who="2" fromWho="2" sc="250,-20,250,-10,240,50,250,-10" /><INIT seed="1,0,0,1,5,125" ten="230,240,290,240" oya="1" hai0="92,99,36,23,48,121,15,67,7,115,35,17,91" hai1="87,53,3,47,2,90,74,46,123,83,25,6,70" hai2="20,0,105,101,51,117,108,114,32,107,18,118,80" hai3="38,44,120,42,102,64,131,82,128,21,88,8,75"/><U58/><E70/><V50/><F0/><W79/><G120/><T95/><D36/><U31/><E123/><V127/><F32/><W111/><G111/><T135/><D35/><U13/><E74/><V54/><F108/><W110/><G110/><T5/><D135/><U84/><E2/><V96/><F127/><W37/><G37/><T22/><D115/><U71/><E71/><V56/><F107/><W106/><G64/><T45/><D67/><U77/><E3/><V61/><F114/><W68/><G68/><T100/><D23/><U104/><E104/><V119/><REACH who="2" step="1"/><F80/><REACH who="2" ten="230,240,280,240" step="2"/><W19/><G106/><T49/><D121/><U63/><E6/><V72/><F72/><W1/><G1/><T116/><D116/><U133/><E133/><V59/><F59/><W94/><G82/><T33/><D33/><U86/><E13/><AGARI ba="0,1" hai="13,18,20,50,51,54,56,61,96,101,105,117,118,119" machi="13" ten="40,2600,0" yaku="1,1,53,1" doraHai="125" doraHaiUra="97" who="2" fromWho="1" sc="230,0,240,-26,280,36,240,0" /><INIT seed="2,0,0,3,4,30" ten="230,214,316,240" oya="2" hai0="96,51,84,121,17,23,3,60,16,104,57,125,123" hai1="75,5,78,106,43,108,7,87,62,69,32,114,81" hai2="0,1,28,29,21,24,46,22,65,79,83,8,55" hai3="124,68,100,54,48,37,94,90,13,20,45,116,61"/><V63/><F55/><W10/><G116/><T134/><D3/><U36/><E114/><V76/><F46/><W39/><G124/><T11/><D125/><U135/><E108/><V105/><F105/><W99/><G20/><T58/><D134/><U50/><E135/><V97/><F97/><W27/><G27/><T18/><D23/><U26/><E106/><V15/><F22/><W38/><G68/><T71/><D11/><U77/><E36/><V47/><F47/><W72/><G72/><T25/><D25/><U120/><E120/><V73/><F79/><W133/><G133/><T115/><D115/><U95/><E50/><V41/><F41/><W101/><REACH who="3" step="1"/><G61/><REACH who="3" ten="230,214,316,230" step="2"/><T33/><D71/><U2/><E43/><V92/><F21/><W129/><G129/><T130/><D33/><U131/><E131/><V56/><F24/><W111/><G111/><T118/><D130/><U113/><E113/><V42/><F63/><W12/><G12/><T122/><D118/><U52/><E69/><V59/><F73/><W66/><G66/><T119/><D119/><U44/><E62/><V107/><F65/><W67/><G67/><T82/><D60/><U14/><E14/><V93/><F15/><W9/><G9/><T86/><D121/><U74/><E74/><V109/><F8/><W117/><G117/><T80/><D123/><U19/><E2/><V110/><F0/><W64/><G64/><T126/><D122/><U89/><E75/><V127/><F1/><W31/><G31/><T91/><D126/><U103/><E26/><V35/><F127/><W112/><G112/><RYUUKYOKU ba="0,1" sc="230,-10,214,-10,316,-10,230,30" hai3="10,13,37,38,39,45,48,54,90,94,99,100,101" /><INIT seed="3,1,1,0,4,8" ten="220,204,306,260" oya="3" hai0="120,96,108,61,16,74,121,25,68,118,10,52,33" hai1="29,45,102,85,133,56,11,67,57,44,131,30,124" hai2="130,76,50,115,36,31,51,27,100,132,20,117,0" hai3="17,1,64,84,95,91,54,110,34,66,79,82,80"/><W47/><G34/><T135/><D118/><U53/><E131/><V125/><F115/><W49/><G1/><T86/><D74/><U48/><E133/><V123/><F117/><W112/><G112/><T87/><D135/><U113/><E113/><V134/><F0/><W12/><G110/><T119/><D119/><U89/><E102/><V97/><F36/><W126/><G126/><T32/><D108/><U128/><E128/><V104/><F130/><W59/><G47/><N who="1" m="17994" /><E124/><V55/><F125/><W71/><G71/><T3/><D33/><U42/><E42/><V94/><F123/><W15/><G15/><T2/><D2/><U40/><E40/><V24/><F104/><W14/><G14/><T122/><D32/><U23/><E23/><N who="2" m="15775" /><F134/><W46/><G46/><T7/><D68/><U39/><E11/><V65/><F65/><N who="3" m="25195" /><G79/><T77/><D3/><U129/><E129/><V98/><F76/><W106/><G106/><T93/><D120/><U75/><E75/><V69/><F69/><W101/><G101/><T13/><D121/><U99/><E99/><N who="2" m="59511" /><F132/><W6/><G6/><T92/><D122/><U63/><E39/><V111/><F111/><W26/><G26/><T83/><D87/><U88/><E89/><V58/><F51/><W5/><G5/><T38/><D38/><U72/><E72/><V107/><F107/><W37/><G37/><T4/><D25/><U109/><E109/><V73/><F73/><W22/><AGARI ba="1,1" hai="12,17,22,49,54,59,80,82,84,91,95" m="25195" machi="22" ten="30,6000,0" yaku="25,1,8,1,52,1" doraHai="8" who="3" fromWho="3" sc="220,-21,204,-21,306,-21,260,73" owari="199,-20.1,183,-31.7,285,8.5,333,43.3" /></mjloggm>