<mjloggm ver="2.3"><GO type="225" lobby="0"/><UN n0="%E6%A1%9C%E8%8A%B1%E9%96%83%E3%80%85" n1="%E6%81%A5%E6%99%92%E3%81%97" n2="%E3%83%A9%E3%82%A4%E3%83%B3%E3%81%AE%E8%99%8E" n3="%E7%99%BD%E5%80%89%E5%AF%9B%E4%B9%8B" dan="16,17,16,16" rate="2144.41,2163.70,2177.22,2133.64" sx="M,M,M,M"/><TAIKYOKU oya="0"/><INIT seed="0,0,0,1,0,94" ten="250,250,250,250" oya="0" hai0="119,91,71,97,3,88,32,86,118,6,84,13,123" hai1="28,67,44,16,112,121,7,95,30,116,128,72,9" hai2="76,59,42,41,100,34,93,58,10,131,134,29,37" hai3="8,26,15,98,46,109,17,23,102,36,55,52,81"/><T57/><D71/><U49/><E116/><V60/><F131/><W40/><G81/><T27/><D3/><U25/><E72/><V114/><F114/><W19/><REACH who="3" step="1"/><G109/><REACH who="3" ten="250,250,250,240" step="2"/><T45/><D119/><U4/><E112/><V38/><F134/><W113/><G113/><T106/><D118/><U130/><E128/><V85/><F38/><W89/><G89/><T39/><D91/><U104/><E130/><V35/><F37/><W124/><G124/><T70/><D88/><U80/><E80/><V96/><F76/><W54/><G54/><T64/><D39/><U65/><E121/><V77/><F77/><W53/><G53/><T73/><D123/><U117/><E117/><V110/><F110/><W107/><AGARI ba="0,1" hai="8,15,17,19,23,26,36,40,46,52,55,98,102,107" machi="107" ten="20,12000,2" yaku="1,1,0,1,7,1,52,1,54,1,53,1" doraHai="94" doraHaiUra="11" who="3" fromWho="3" sc="250,-60,250,-30,250,-30,240,130" /><INIT seed="1,0,0,5,4,119" ten="190,220,220,370" oya="1" hai0="107,22,12,102,23,88,92,118,45,33,38,81,70" hai1="7,37,69,101,86,97,27,54,34,77,30,47,64" hai2="108,52,32,132,105,128,28,121,19,66,84,40,39" hai3="133,18,112,53,131,91,122,29,48,94,113,44,125"/><U55/><E37/><V135/><F105/><W98/><G125/><T124/><D118/><U58/><E7/><V79/><F66/><W126/><G126/><T115/><D115/><U20/><E47/><N who="2" m="23967" /><F108/><W114/><G131/><T90/><D33/><U2/><E2/><V75/><F75/><W130/><G130/><T76/><D70/><U123/><E123/><V72/><F72/><W87/><G133/><N who="2" m="51273" /><F128/><W62/><G29/><T74/><D90/><U5/><E5/><V106/><F106/><W82/><G122/><T36/><D124/><U6/><E6/><V49/><F19/><W26/><G62/><T61/><D61/><N who="1" m="37943" /><E69/><V93/><F121/><W65/><G65/><T73/><D73/><U17/><E17/><V134/><F134/><W21/><G113/><T117/><D117/><U8/><E34/><V10/><F10/><W120/><G120/><T78/><D12/><U110/><E8/><V3/><F3/><W11/><G11/><T15/><D15/><U111/><E110/><V96/><F32/><W42/><G42/><N who="0" m="22727" /><D78/><AGARI ba="0,0" hai="18,21,26,44,48,53,78,82,87,91,94,98,112,114" machi="78" ten="30,1000,0" yaku="7,1" doraHai="119" who="3" fromWho="0" sc="190,-10,220,0,220,0,370,10" /><INIT seed="2,0,0,1,4,29" ten="180,220,220,380" oya="2" hai0="62,89,44,74,57,52,101,96,30,103,122,43,81" hai1="100,76,8,129,134,84,127,120,78,4,73,59,94" hai2="91,131,124,90,41,133,54,105,23,70,95,16,42" hai3="53,123,33,3,24,66,14,82,40,113,135,97,48"/><V126/><F105/><W17/><G3/><T32/><D122/><U50/><E120/><V0/><F0/><W86/><G66/><T36/><D74/><U31/><E73/><V7/><F7/><W46/><G135/><T98/><D98/><U109/><E134/><V67/><F133/><W28/><G97/><T69/><D69/><U2/><E109/><V71/><F54/><W114/><G40/><N who="2" m="15465" /><F131/><W38/><G38/><T104/><D101/><U108/><E108/><V128/><F128/><W93/><G93/><T5/><D5/><U125/><E129/><V130/><F130/><W22/><REACH who="3" step="1"/><G123/><REACH who="3" ten="180,220,220,370" step="2"/><T121/><D121/><U10/><E2/><V1/><F1/><W79/><AGARI ba="0,1" hai="14,17,22,24,28,33,46,48,53,79,82,86,113,114" machi="79" ten="30,8000,1" yaku="1,1,2,1,0,1,52,1,53,1" doraHai="29" doraHaiUra="72" who="3" fromWho="3" sc="180,-20,220,-20,220,-40,370,90" /><INIT seed="3,0,0,0,2,100" ten="160,200,180,460" oya="3" hai0="25,54,48,60,46,110,33,6,8,119,58,30,35" hai1="34,42,21,116,74,61,103,47,90,66,49,118,55" hai2="36,112,65,128,45,93,101,104,96,125,98,14,18" hai3="31,17,53,56,102,132,4,19,108,16,50,126,64"/><W57/><G108/><T135/><D135/><U121/><E121/><V78/><F112/><W12/><G132/><T40/><D110/><U7/><E34/><V127/><F128/><W84/><G126/><N who="2" m="48137" /><F78/><W23/><G102/><T105/><D119/><N who="1" m="45611" /><E74/><V26/><F65/><W89/><G31/><T11/><D105/><U111/><E103/><N who="2" m="62583" /><F26/><W68/><G68/><T59/><D33/><U77/><E77/><V2/><F2/><W133/><G133/><T72/><D72/><U27/><E7/><V39/><F45/><W44/><G64/><T0/><D11/><AGARI ba="0,0" hai="11,14,18,36,39,93,96,101" m="62583,48137" machi="11" ten="30,2000,0" yaku="18,1,52,1" doraHai="100" who="2" fromWho="0" sc="160,-20,200,0,180,20,460,0" owari="140,-36.0,200,0.0,200,-20.0,460,56.0" /></mjloggm>