<mjloggm ver="2.3"><GO type="225" lobby="0"/><UN n0="%E3%83%96%E3%83%83%E3%83%91%E3%82%AA%E3%83%96%E3%83%81%E3%82%AD%E3%83%B3" n1="%E3%81%95%E3%81%8D%E3%81%9F%E3%81%BE%E6%9E%97%E6%AA%8E" n2="%E7%99%BD%E5%80%89%E5%AF%9B%E4%B9%8B" n3="%E7%B4%94%E6%BD%94%E3%83%94%E3%83%A9%E3%83%8B%E3%82%A2" dan="17,16,16,17" rate="2182.44,2107.53,2175.97,2196.66" sx="M,M,M,M"/><TAIKYOKU oya="0"/><INIT seed="0,0,0,2,2,12" ten="250,250,250,250" oya="0" hai0="73,67,100,80,123,55,135,71,31,4,60,79,119" hai1="118,90,96,110,10,5,111,8,53,6,18,125,3" hai2="16,105,64,94,114,113,76,29,51,14,20,101,116" hai3="45,11,85,134,48,115,35,126,117,131,99,58,54"/><T57/><D119/><U72/><E125/><V9/><F116/><W32/><G115/><T27/><D135/><U108/><E72/><V33/><F105/><W78/><G126/><T30/><D123/><U103/><E118/><V15/><F33/><W37/><G131/><T39/><D4/><U121/><E121/><V82/><F64/><W43/><G134/><T124/><D124/><U25/><E90/><V83/><F29/><W120/><G120/><T38/><D100/><U128/><E53/><V13/><F51/><W19/><G99/><T44/><D44/><U89/><E89/><V122/><F122/><W63/><G117/><T17/><D17/><U61/><E61/><V77/><F114/><W86/><G37/><T34/><REACH who="0" step="1"/><D31/><REACH who="0" ten="240,250,250,250" step="2"/><U46/><E46/><V107/><F113/><W56/><G19/><T74/><D74/><U65/><E128/><V98/><F107/><W91/><G45/><T62/><AGARI ba="0,1" hai="27,30,34,38,39,55,57,60,62,67,71,73,79,80" machi="62" ten="20,7800,0" yaku="1,1,0,1,7,1,53,1" doraHai="12" doraHaiUra="106" who="0" fromWho="0" sc="240,88,250,-26,250,-26,250,-26" /><INIT seed="0,1,0,1,2,53" ten="328,224,224,224" oya="0" hai0="20,92,47,1,18,45,4,17,103,21,40,12,104" hai1="95,28,55,52,41,64,114,34,91,66,63,11,125" hai2="112,87,0,89,123,111,117,14,107,61,97,30,38" hai3="35,10,24,27,6,129,67,3,49,113,8,19,79"/><T90/><D104/><U13/><E125/><V60/><F0/><N who="3" m="71" /><G49/><T115/><D115/><U9/><E114/><V78/><F112/><W31/><G67/><T76/><D1/><U33/><E41/><V101/><F38/><W134/><G79/><T130/><D130/><U5/><E9/><V15/><F123/><W105/><G105/><T65/><D4/><U74/><E74/><V39/><F39/><W133/><G129/><T68/><D76/><U50/><E55/><V26/><F78/><W48/><G48/><T22/><D103/><U132/><E132/><N who="3" m="50794" /><G113/><T93/><D68/><U106/><E106/><V127/><F111/><W109/><G109/><T16/><D40/><U108/><E108/><V7/><F127/><W100/><G100/><T124/><D124/><U128/><E128/><V43/><F43/><W42/><G42/><T86/><D65/><U126/><E66/><V119/><F117/><W121/><G121/><T25/><REACH who="0" step="1"/><D93/><REACH who="0" ten="318,224,224,224" step="2"/><U75/><E126/><V29/><F107/><W59/><G3/><T51/><D51/><U135/><E135/><V102/><BYE who="1" /><F101/><UN n1="%E3%81%95%E3%81%8D%E3%81%9F%E3%81%BE%E6%9E%97%E6%AA%8E" /><W62/><G62/><T46/><D46/><N who="1" m="27735" /><E63/><V131/><F61/><W73/><G73/><T96/><D96/><N who="1" m="57471" /><E75/><V85/><F60/><W77/><G77/><T37/><D37/><U98/><E98/><V72/><F97/><W84/><G84/><T32/><D32/><U122/><E64/><V110/><F102/><W58/><G27/><AGARI ba="1,1" hai="12,16,17,18,20,21,22,25,27,45,47,86,90,92" machi="27" ten="30,12000,1" yaku="1,1,7,1,9,1,8,1,54,1,53,0" doraHai="53" doraHaiUra="57" who="0" fromWho="3" sc="318,133,224,0,224,0,224,-123" /><INIT seed="0,2,0,2,2,66" ten="451,224,224,101" oya="0" hai0="135,37,10,77,126,101,52,98,19,44,121,8,103" hai1="99,94,97,133,65,96,60,46,40,112,89,34,28" hai2="61,76,5,92,31,53,124,11,111,35,127,134,68" hai3="22,15,85,14,41,114,58,83,90,125,25,131,132"/><T130/><D121/><U27/><E133/><V119/><F134/><W67/><G114/><T81/><D135/><U63/><E63/><V106/><F111/><W95/><G132/><T16/><D130/><U102/><E112/><V118/><F76/><W78/><G125/><N who="2" m="48201" /><F106/><W12/><G131/><T117/><D126/><U26/><E26/><N who="2" m="18935" /><F92/><W13/><N who="3" m="3072" /><DORA hai="9" /><W49/><G67/><T54/><D117/><U82/><E82/><V21/><F53/><N who="0" m="20586" /><D37/><U56/><E89/><V62/><F21/><W74/><G58/><T88/><D44/><U42/><E42/><V48/><F48/><AGARI ba="2,0" hai="27,28,34,40,46,48,56,60,65,94,96,97,99,102" machi="48" ten="30,1000,0" yaku="7,1" doraHai="66,9" who="1" fromWho="2" sc="451,0,224,16,224,-16,101,0" /><INIT seed="1,0,0,1,4,53" ten="451,240,208,101" oya="1" hai0="125,24,81,55,71,41,38,115,64,20,19,95,122" hai1="110,92,130,54,128,80,40,131,67,126,104,28,66" hai2="45,12,15,34,97,83,37,102,86,108,60,18,116" hai3="98,96,127,56,135,59,1,27,63,3,78,39,121"/><U105/><E40/><V14/><F34/><W129/><G78/><T76/><D115/><U57/><E28/><V85/><F116/><W11/><G121/><T46/><D122/><U117/><E117/><V26/><F108/><W124/><G63/><T23/><D125/><U16/><E126/><N who="3" m="48170" /><G129/><T75/><D71/><U9/><E92/><N who="2" m="58663" /><F37/><W50/><G39/><T107/><D107/><U8/><E8/><V87/><F45/><W21/><G135/><T49/><D64/><N who="1" m="24619" /><E80/><V132/><F60/><W32/><G32/><T84/><D23/><U106/><E110/><V7/><F132/><W47/><G98/><T17/><D95/><U123/><E123/><V133/><F133/><W99/><G99/><T4/><D4/><U13/><E106/><V103/><F103/><W82/><G82/><T29/><D75/><U74/><E74/><V6/><F83/><W90/><G96/><T36/><REACH who="0" step="1"/><D38/><REACH who="0" ten="441,240,208,101" step="2"/><U52/><E54/><V44/><F6/><N who="3" m="1487" /><G3/><T77/><D77/><U61/><AGARI ba="0,1" hai="9,13,16,52,57,61,104,105,128,130,131" m="24619" machi="61" ten="40,12000,1" yaku="19,1,52,1,54,2" doraHai="53" who="1" fromWho="1" sc="441,-40,240,130,208,-40,101,-40" /><INIT seed="1,1,0,3,4,58" ten="401,370,168,61" oya="1" hai0="135,17,128,66,75,2,76,106,67,11,1,83,131" hai1="99,77,12,118,37,125,55,71,84,69,3,50,89" hai2="63,29,74,39,6,15,21,107,49,47,112,52,59" hai3="62,119,111,44,45,110,133,94,78,93,114,40,9"/><U97/><E118/><V14/><F74/><W100/><G119/><T35/><D106/><U36/><E3/><N who="0" m="1033" /><D35/><U4/><E77/><V98/><F112/><W95/><G114/><T101/><D101/><U51/><E125/><V57/><F39/><W32/><G32/><T81/><D135/><U104/><E37/><V26/><F6/><W53/><G100/><T10/><D83/><U129/><E129/><N who="0" m="49737" /><D17/><U30/><E30/><V113/><F113/><W124/><G124/><T61/><D67/><U87/><E36/><V102/><REACH who="2" step="1"/><F59/><AGARI ba="1,0" hai="10,11,59,61,66,75,76,81" m="49737,1033" machi="59" ten="30,2000,0" yaku="19,1,52,1" doraHai="58" who="0" fromWho="2" sc="401,23,370,0,168,-23,61,0" /><INIT seed="2,0,0,1,4,55" ten="424,370,145,61" oya="2" hai0="11,90,128,124,9,63,134,69,123,45,80,4,51" hai1="111,99,116,118,31,72,43,106,40,2,26,86,120" hai2="76,135,92,3,65,103,41,67,82,93,47,88,49" hai3="14,7,57,37,73,13,30,110,27,12,61,127,58"/><V105/><F3/><W94/><G37/><T39/><D123/><U20/><E72/><V77/><F135/><W112/><G73/><T96/><D134/><U10/><E111/><V117/><F117/><W85/><G110/><T50/><D128/><U83/><E120/><V71/><F71/><W122/><G122/><T107/><D124/><U18/><E116/><V104/><F104/><W131/><G127/><T17/><D39/><U24/><E118/><V75/><F77/><W56/><G131/><T52/><D69/><U125/><E125/><V36/><F93/><W54/><G112/><T81/><D63/><U109/><E109/><V91/><F91/><W23/><G7/><T68/><D68/><U33/><E99/><V0/><F0/><W1/><G1/><T48/><D107/><U70/><E70/><V100/><F36/><W95/><G95/><N who="0" m="56439" /><D4/><U130/><E106/><V59/><F105/><W126/><G126/><T66/><D66/><U22/><E130/><V98/><REACH who="2" step="1"/><F67/><REACH who="2" ten="424,370,135,61" step="2"/><W79/><G94/><T132/><D132/><U29/><E2/><V38/><F38/><W35/><G35/><T46/><D81/><AGARI ba="0,1" hai="12,13,14,23,27,30,54,56,57,58,61,79,81,85" machi="81" ten="40,8000,1" yaku="8,1,52,3" doraHai="55" who="3" fromWho="0" sc="424,-80,370,0,135,0,61,90" /><INIT seed="3,0,0,5,1,47" ten="344,370,135,151" oya="3" hai0="9,110,12,121,33,3,64,75,7,89,120,130,52" hai1="83,97,76,124,70,111,118,92,109,36,43,29,42" hai2="54,84,23,131,90,31,19,30,49,35,78,93,101" hai3="17,128,96,87,71,77,61,26,44,105,6,79,4"/><W51/><G128/><T116/><D75/><U8/><E124/><V2/><F2/><W100/><G71/><T59/><D116/><U102/><E118/><V73/><F131/><W81/><G61/><T74/><D130/><U115/><E115/><V16/><F35/><W34/><G79/><T45/><D74/><U98/><E70/><V125/><F125/><W18/><G18/><N who="2" m="6697" /><F73/><W62/><G62/><T113/><D113/><U1/><E98/><N who="2" m="59599" /><F78/><W58/><G58/><T63/><D110/><N who="1" m="41995" /><E36/><V37/><F23/><W123/><G123/><T10/><D33/><U46/><E29/><V86/><F37/><W14/><G34/><T15/><D3/><U94/><E94/><N who="2" m="54599" /><F86/><W133/><G133/><T99/><D99/><U106/><E106/><V39/><F39/><W5/><G26/><T88/><D121/><U57/><E97/><V69/><F69/><W122/><G122/><T119/><D120/><U132/><E76/><V135/><F135/><W82/><G82/><T65/><D119/><U22/><E83/><V112/><F112/><W95/><G105/><T28/><D28/><U25/><E22/><V91/><F91/><N who="0" m="34890" /><D45/><AGARI ba="0,0" hai="30,31,45,49,54" m="54599,59599,6697" machi="45" ten="30,3900,0" yaku="8,1,52,1,54,1" doraHai="47" who="2" fromWho="0" sc="344,-39,370,0,135,39,151,0" owari="305,10.5,370,47.0,174,-22.6,151,-34.9" /></mjloggm>