<mjloggm ver="2.3"><GO type="225" lobby="0"/><UN n0="%E3%81%94%E3%81%BE%E6%B2%B9%E9%A3%B2%E3%81%BF%E5%A4%AA%E9%83%8E" n1="%E6%81%A5%E6%99%92%E3%81%97" n2="%E6%A0%B9%E5%85%83%E3%81%8B%E3%82%89%E5%90%B9%E3%81%A3%E9%A3%9B%E3%81%B6" n3="%E7%9A%AE%E3%80%85" dan="16,16,16,16" rate="2069.83,2138.94,2160.90,2141.67" sx="M,M,F,F"/><TAIKYOKU oya="0"/><INIT seed="0,0,0,4,2,88" ten="250,250,250,250" oya="0" hai0="41,29,57,62,96,33,45,55,47,80,132,89,14" hai1="27,82,35,6,43,50,112,9,93,107,5,86,23" hai2="26,3,38,53,110,64,31,63,91,123,36,58,54" hai3="34,109,135,113,102,119,44,21,126,66,2,49,10"/><T16/><D132/><U81/><E107/><V97/><F3/><W130/><G119/><T67/><D33/><U24/><E35/><V13/><F123/><W32/><G113/><T76/><D29/><N who="1" m="17567" /><E112/><V101/><F110/><W65/><G109/><T61/><D76/><N who="1" m="46375" /><E82/><V69/><F91/><W60/><G135/><T30/><D30/><U42/><E27/><V121/><F13/><W56/><G130/><T28/><D28/><U73/><E73/><V129/><F54/><W78/><G78/><T0/><D41/><N who="1" m="15371" /><E9/><V87/><F87/><W52/><G10/><N who="0" m="6231" /><D80/><U37/><E37/><V71/><F71/><W108/><G2/><T95/><D0/><U131/><E131/><V122/><F129/><W105/><G34/><T68/><D68/><U100/><E50/><V120/><F38/><W106/><G32/><T117/><D117/><U8/><E8/><V79/><F36/><W127/><G108/><T59/><AGARI ba="0,0" hai="45,47,55,57,59,61,62,67,89,95,96" m="6231" machi="59" ten="30,6000,0" yaku="8,1,52,1,54,1" doraHai="88" who="0" fromWho="0" sc="250,60,250,-20,250,-20,250,-20" /><INIT seed="0,1,0,2,3,101" ten="310,230,230,230" oya="0" hai0="16,46,76,39,48,115,51,69,37,19,45,29,120" hai1="1,62,42,30,3,65,47,131,2,104,12,122,85" hai2="35,135,56,53,132,4,34,118,125,31,60,0,111" hai3="70,124,22,21,43,97,44,13,41,110,88,57,64"/><T94/><D115/><U74/><E74/><V25/><F111/><W7/><G110/><T114/><D114/><U84/><E122/><V123/><F123/><W92/><G70/><T61/><D120/><U58/><E131/><V11/><F125/><W103/><G124/><T86/><D29/><U130/><E130/><V28/><REACH who="2" step="1"/><F118/><REACH who="2" ten="310,230,220,230" step="2"/><W98/><G43/><T83/><D39/><U52/><E42/><V79/><F79/><W54/><G41/><T71/><D37/><U55/><E30/><V81/><F81/><W109/><G109/><T95/><D83/><U73/><E73/><V10/><F10/><W80/><G80/><T77/><D86/><U17/><E85/><V121/><F121/><W49/><G97/><T68/><D68/><U36/><E84/><V6/><F6/><W87/><G87/><T82/><D82/><U93/><E36/><V5/><F5/><W27/><G98/><T89/><D89/><U20/><E104/><V100/><F100/><W78/><G103/><T38/><D38/><U59/><E93/><V91/><F91/><W119/><G78/><T133/><D94/><U102/><E102/><V33/><F33/><W23/><G119/><T72/><D95/><U108/><E108/><V15/><F15/><W66/><G13/><T112/><D72/><U75/><E75/><V63/><F63/><N who="3" m="36279" /><G7/><T106/><D106/><U67/><E47/><V26/><AGARI ba="1,1" hai="0,4,11,25,26,28,31,34,35,53,56,60,132,135" machi="26" ten="30,8000,1" yaku="1,1,0,1,9,1,53,2" doraHai="101" doraHaiUra="128" who="2" fromWho="2" sc="310,-41,230,-21,220,93,230,-21" /><INIT seed="1,0,0,1,4,28" ten="269,209,313,209" oya="1" hai0="34,114,128,132,85,101,68,59,12,0,110,22,40" hai1="62,126,10,32,90,14,129,93,51,42,54,127,49" hai2="118,66,120,109,13,39,11,5,102,92,88,98,117" hai3="125,7,122,26,64,30,15,73,75,96,33,25,35"/><U58/><E129/><V61/><F109/><W27/><G122/><T18/><D114/><U3/><E3/><V104/><F39/><W2/><G2/><T56/><D68/><U87/><E32/><V21/><F120/><W80/><G125/><T36/><D110/><U24/><E24/><V45/><F45/><W8/><G64/><T134/><D128/><U4/><REACH who="1" step="1"/><E42/><REACH who="1" ten="269,199,313,209" step="2"/><V81/><F118/><W9/><G30/><T105/><D34/><U116/><E116/><V31/><F117/><W67/><G67/><T74/><D0/><U100/><E100/><V124/><F31/><W107/><G8/><T77/><D101/><U37/><E37/><V108/><F66/><W78/><REACH who="3" step="1"/><G75/><REACH who="3" ten="269,199,313,199" step="2"/><T79/><D74/><U46/><E46/><V52/><F108/><W44/><G44/><T112/><D112/><U69/><E69/><V72/><F11/><W55/><G55/><T83/><D40/><U1/><E1/><V48/><F52/><W119/><G119/><T123/><D123/><U20/><E20/><V82/><F21/><W60/><G60/><T65/><D22/><U6/><E6/><V23/><F5/><W70/><G70/><T133/><D65/><U84/><E84/><V86/><F23/><W57/><G57/><T71/><D59/><U76/><E76/><V95/><F61/><W131/><G131/><T17/><D71/><U99/><E99/><V47/><F72/><W103/><AGARI ba="0,2" hai="7,9,15,25,26,27,33,35,73,78,80,96,103,107" machi="103" ten="30,7900,0" yaku="1,1,0,1,52,2,53,0" doraHai="28" doraHaiUra="113" who="3" fromWho="3" sc="269,-20,199,-39,313,-20,199,99" /><INIT seed="2,0,0,1,1,85" ten="249,160,293,298" oya="2" hai0="19,9,76,101,135,28,78,120,90,21,68,14,83" hai1="88,93,133,23,116,47,3,92,80,125,109,66,33" hai2="7,42,50,119,121,97,94,84,37,10,111,31,0" hai3="11,32,29,70,77,134,54,98,67,15,20,38,107"/><V22/><F119/><W44/><G38/><T129/><D120/><U56/><E116/><V39/><F121/><W8/><G77/><T25/><D129/><U35/><E3/><V24/><F111/><W58/><G134/><T65/><D101/><U104/><E104/><V89/><F50/><W45/><G11/><T16/><D135/><U51/><E109/><V74/><F42/><W63/><G20/><T99/><D28/><U79/><E133/><V105/><REACH who="2" step="1"/><F74/><REACH who="2" ten="249,160,283,298" step="2"/><W49/><G49/><T36/><D36/><U114/><E114/><V4/><F4/><W123/><G123/><T131/><D131/><U81/><E51/><V12/><F12/><W86/><G15/><T34/><D14/><U95/><E35/><V100/><AGARI ba="0,1" hai="0,7,10,22,24,31,37,39,84,89,94,97,100,105" machi="100" ten="30,6000,0" yaku="1,1,0,1,52,1,53,0" doraHai="85" doraHaiUra="110" who="2" fromWho="2" sc="249,-20,160,-20,283,70,298,-20" /><INIT seed="2,1,0,2,0,122" ten="229,140,353,278" oya="2" hai0="127,67,126,100,37,56,35,125,53,96,6,28,29" hai1="90,63,121,103,49,114,113,59,46,15,25,39,77" hai2="109,48,89,58,32,69,92,117,34,19,68,12,24" hai3="65,108,85,87,82,31,55,76,52,79,73,78,118"/><V128/><F117/><W9/><G118/><T54/><D37/><U26/><E121/><V23/><F128/><W91/><G65/><T74/><D74/><U30/><E39/><V97/><F69/><W84/><G31/><N who="0" m="11851" /><D6/><U11/><E113/><V119/><F68/><W62/><G73/><T86/><D35/><U27/><E114/><V51/><F51/><W124/><G124/><T106/><D86/><N who="3" m="32777" /><G108/><T120/><D120/><U75/><E90/><V41/><F109/><W14/><G62/><AGARI ba="1,0" hai="53,54,56,62,67,96,100,106,125,126,127" m="11851" machi="62" ten="40,1300,0" yaku="18,1" doraHai="122" who="0" fromWho="3" sc="229,16,140,0,353,0,278,-16" /><INIT seed="3,0,0,3,5,36" ten="245,140,353,262" oya="3" hai0="132,62,77,13,35,80,1,113,71,58,91,75,9" hai1="27,6,19,96,41,33,11,15,42,82,51,40,21" hai2="55,131,116,124,119,73,23,20,88,85,52,92,68" hai3="10,14,109,70,78,25,28,83,79,32,84,112,8"/><W54/><G112/><T53/><D132/><U29/><E96/><V90/><F73/><W97/><G70/><T130/><D130/><U106/><E106/><V114/><F68/><W89/><G109/><T76/><D35/><U110/><E110/><V0/><F0/><W105/><G79/><T67/><D113/><U87/><E51/><V133/><F114/><W120/><G120/><T103/><D103/><U127/><E127/><V135/><F131/><W98/><G105/><T93/><D1/><N who="1" m="463" /><E82/><V134/><F124/><W63/><G8/><T107/><D77/><U101/><E87/><N who="2" m="52255" /><F20/><W59/><REACH who="3" step="1"/><G78/><REACH who="3" ten="245,140,353,252" step="2"/><T108/><D108/><U31/><E31/><V43/><F134/><W118/><G118/><T57/><D107/><U61/><E61/><V86/><F135/><W30/><G30/><T26/><D71/><U100/><AGARI ba="0,1" hai="15,19,21,27,29,33,40,41,42,100,101" m="463" machi="100" ten="30,7900,0" yaku="24,1,52,3" doraHai="36" who="1" fromWho="1" sc="245,-20,140,89,353,-20,252,-39" owari="225,-17.5,229,2.9,333,43.3,213,-28.7" /></mjloggm>