<mjloggm ver="2.3"><GO type="225" lobby="0"/><UN n0="%E3%81%BF%E3%81%BF%E3%81%9A" n1="%E4%BF%BA%E3%81%A8%E5%A6%96%E5%A4%A2" n2="%E7%89%B9%E6%9D%B1%E3%81%AF%E4%B8%96%E7%95%8C%E3%82%92%E6%95%91%E3%81%86" n3="%E3%81%90%E3%81%A1%E3%82%84%E3%81%BE" dan="18,16,16,16" rate="2269.97,2134.75,2153.36,2137.92" sx="M,F,M,M"/><TAIKYOKU oya="0"/><INIT seed="0,0,0,5,4,80" ten="250,250,250,250" oya="0" hai0="109,6,61,123,81,120,85,99,23,121,72,105,43" hai1="102,133,29,52,57,127,33,90,112,12,116,1,70" hai2="46,60,3,98,92,87,134,65,39,48,76,54,58" hai3="122,62,7,110,106,91,129,18,86,75,59,84,63"/><T26/><D109/><U74/><E116/><V47/><F134/><W128/><G106/><T32/><D32/><U9/><E1/><V14/><F3/><W93/><G75/><T94/><D6/><U0/><E0/><V96/><F39/><W78/><G110/><T83/><D43/><U31/><E70/><V124/><F124/><W100/><G100/><T30/><D105/><U53/><E133/><V34/><F34/><W13/><G7/><T103/><D72/><U55/><E74/><V36/><F14/><W104/><G104/><T37/><D37/><U67/><E102/><V19/><F19/><W125/><G125/><T42/><D42/><U68/><E68/><V130/><F130/><N who="3" m="50283" /><G122/><T28/><D28/><N who="1" m="10827" /><E112/><V51/><F36/><W50/><G50/><T66/><REACH who="0" step="1"/><D85/><REACH who="0" ten="240,250,250,250" step="2"/><N who="3" m="32873" /><G78/><T131/><D131/><U24/><E127/><V108/><F108/><W20/><G59/><AGARI ba="0,1" hai="23,26,30,59,61,66,81,83,94,99,103,120,121,123" machi="59" ten="40,12000,1" yaku="1,1,25,2,53,1" doraHai="80" doraHaiUra="95" who="0" fromWho="3" sc="240,130,250,0,250,0,250,-120" /><INIT seed="0,1,0,0,2,83" ten="370,250,250,130" oya="0" hai0="65,62,127,59,91,49,87,88,79,33,108,57,63" hai1="48,37,18,2,11,3,17,81,100,126,121,113,75" hai2="106,70,13,44,25,8,102,89,47,110,125,78,27" hai3="52,4,20,68,23,112,56,133,129,22,46,0,101"/><T41/><D33/><U29/><E37/><V71/><F78/><W31/><G112/><T93/><D127/><U117/><E121/><V39/><F125/><W97/><G68/><T90/><D108/><U58/><E126/><V69/><F110/><W61/><G129/><T94/><D79/><U5/><E100/><V77/><F77/><W38/><G133/><T111/><D111/><U7/><E117/><V36/><F102/><W82/><G82/><T76/><D76/><U66/><E113/><V14/><F106/><W30/><G4/><T116/><D116/><U86/><E75/><V74/><F74/><W123/><G0/><T96/><D49/><U42/><E29/><V43/><F89/><W34/><G34/><T64/><D41/><U54/><E42/><V122/><F43/><W9/><G9/><T12/><D12/><N who="2" m="4714" /><F8/><W84/><G123/><T107/><D90/><N who="1" m="51535" /><E2/><V99/><F99/><W50/><G38/><N who="2" m="14377" /><F122/><W80/><G80/><T103/><D103/><U53/><E3/><V105/><F105/><AGARI ba="1,0" hai="57,59,62,63,64,65,87,88,91,93,94,96,105,107" machi="105" ten="40,7700,0" yaku="9,1,52,1,54,1" doraHai="83" who="0" fromWho="2" sc="370,80,250,0,250,-80,130,0" /><INIT seed="0,2,0,0,4,33" ten="450,250,170,130" oya="0" hai0="92,50,36,119,31,73,64,127,57,90,131,60,68" hai1="6,11,63,79,69,116,71,19,114,30,117,109,124" hai2="123,53,102,111,38,8,80,54,32,5,74,75,122" hai3="41,44,27,0,1,3,85,86,61,2,83,17,70"/><T110/><D119/><U98/><E109/><V21/><F32/><W51/><N who="3" m="0" /><DORA hai="91" /><W133/><G133/><T4/><D73/><U13/><E124/><V130/><F38/><W59/><G70/><T22/><D36/><U112/><E79/><V24/><F111/><W87/><G27/><T108/><D4/><U88/><E30/><V84/><F102/><W129/><G17/><T101/><D127/><U52/><E6/><V55/><F130/><W105/><G105/><T134/><D131/><U113/><E116/><V96/><F96/><W106/><G106/><T35/><D35/><U76/><E76/><V118/><F118/><W66/><REACH who="3" step="1"/><G129/><REACH who="3" ten="450,250,170,120" step="2"/><T37/><D134/><U48/><E117/><V43/><F5/><W72/><G72/><T15/><D68/><U42/><E69/><V34/><F75/><W97/><G97/><T45/><D108/><U46/><E71/><V67/><F74/><W40/><G40/><T115/><D110/><U135/><E135/><V28/><F43/><W47/><G47/><T12/><D45/><U94/><E42/><V77/><F24/><W58/><G58/><T93/><D57/><U104/><E104/><V23/><F28/><W121/><G121/><T103/><D31/><U81/><E114/><V18/><F123/><W16/><G16/><T39/><D115/><U7/><E19/><V78/><F122/><W128/><G128/><T10/><D12/><U125/><E125/><V20/><F18/><W132/><G132/><T25/><D15/><U99/><E113/><V29/><F29/><W56/><G56/><T14/><D25/><RYUUKYOKU ba="2,1" sc="450,-10,250,-10,170,-10,120,30" hai3="41,44,51,59,61,66,83,85,86,87" /><INIT seed="1,3,1,4,1,120" ten="440,240,160,150" oya="1" hai0="99,26,5,86,112,38,7,116,108,119,22,17,105" hai1="28,88,83,95,47,1,33,4,118,25,111,12,51" hai2="92,101,49,58,78,10,3,62,84,133,94,42,0" hai3="13,69,15,91,129,126,67,87,109,110,21,63,89"/><U54/><E118/><V36/><F36/><W104/><G126/><T40/><D112/><U14/><E83/><V9/><F133/><W97/><G129/><T44/><D108/><N who="3" m="41577" /><G21/><T132/><D132/><U85/><REACH who="1" step="1"/><E111/><REACH who="1" ten="440,230,160,150" step="2"/><V72/><F72/><W45/><G45/><T2/><D116/><U18/><E18/><V20/><F78/><W75/><G75/><T48/><D119/><U39/><E39/><V55/><F0/><W46/><G46/><T57/><D2/><U115/><E115/><V107/><F3/><W61/><G61/><T77/><D38/><U102/><E102/><V16/><F62/><W106/><G91/><T82/><D44/><U8/><AGARI ba="3,2" hai="1,4,8,12,14,25,28,33,47,51,54,85,88,95" machi="8" ten="30,6000,0" yaku="1,1,0,1,54,1,53,0" doraHai="120" doraHaiUra="53" who="1" fromWho="1" sc="440,-23,230,89,160,-23,150,-23" /><INIT seed="1,4,0,5,2,16" ten="417,319,137,127" oya="1" hai0="57,133,86,113,85,115,104,119,24,126,68,9,11" hai1="43,3,54,107,44,81,1,58,37,63,87,15,31" hai2="65,56,12,64,93,59,53,130,60,92,82,77,46" hai3="123,49,8,32,28,55,106,47,29,109,6,101,66"/><U131/><E107/><V13/><F130/><W99/><G123/><T51/><D68/><U61/><E131/><V83/><F46/><W0/><G109/><T7/><D104/><U112/><E112/><V69/><F69/><W78/><G32/><T22/><D119/><U117/><E117/><V125/><F125/><W114/><G114/><T129/><D126/><U18/><E61/><V21/><F53/><W34/><G34/><T94/><D129/><U35/><E31/><V41/><F77/><W74/><REACH who="3" step="1"/><G66/><REACH who="3" ten="417,319,137,117" step="2"/><T97/><D115/><U2/><E35/><V103/><F60/><W127/><G127/><T76/><D113/><U4/><E4/><V50/><F103/><W98/><G98/><T67/><D7/><U5/><E5/><V36/><F36/><W70/><G70/><T108/><D97/><U26/><E37/><V25/><F50/><W132/><G132/><T30/><D108/><U102/><E102/><V45/><F65/><W124/><G124/><T19/><D133/><U134/><E134/><V100/><F64/><W95/><G95/><T27/><D67/><U38/><E38/><V135/><F100/><W84/><G84/><T40/><D94/><U72/><E87/><V128/><F135/><W52/><G52/><N who="0" m="31903" /><D40/><U96/><E96/><V90/><F128/><W105/><G105/><T80/><D86/><U10/><E43/><V110/><F93/><W118/><G118/><T71/><D71/><U122/><E122/><V23/><F110/><W20/><G20/><AGARI ba="4,1" hai="9,11,19,20,22,24,27,30,76,80,85" m="31903" machi="20" ten="30,7700,0" yaku="8,1,52,2,54,1" doraHai="16" who="0" fromWho="3" sc="417,99,319,0,137,0,117,-89" /><INIT seed="2,0,0,5,2,28" ten="516,319,137,28" oya="2" hai0="38,30,127,39,78,123,35,133,36,21,27,40,101" hai1="48,60,67,29,108,91,130,115,71,89,102,34,15" hai2="51,125,5,111,7,17,13,56,94,106,87,58,110" hai3="1,14,95,135,44,82,81,18,24,70,2,22,80"/><V100/><F106/><W65/><G135/><T126/><D123/><U68/><E115/><V62/><F125/><N who="0" m="47626" /><D133/><U113/><E113/><V121/><F121/><W134/><G134/><T66/><D66/><U98/><E108/><N who="2" m="41515" /><F51/><W55/><G95/><T0/><D0/><U73/><E73/><V74/><F74/><W52/><G14/><T103/><D40/><U23/><E130/><V104/><F104/><W79/><G79/><T109/><D109/><U46/><E68/><V122/><F122/><W112/><G112/><T12/><D78/><U10/><E23/><N who="2" m="11695" /><F58/><W128/><G128/><T16/><AGARI ba="0,0" hai="12,16,21,27,30,35,36,38,39,101,103" m="47626" machi="16" ten="40,5200,0" yaku="18,1,52,1,54,1" doraHai="28" who="0" fromWho="0" sc="516,52,319,-13,137,-26,28,-13" /><INIT seed="3,0,0,4,1,30" ten="568,306,111,15" oya="3" hai0="6,103,110,19,49,55,127,28,118,122,119,90,126" hai1="116,113,102,47,31,108,46,83,25,68,79,56,95" hai2="58,89,99,70,129,74,133,117,131,101,66,60,35" hai3="112,125,50,78,17,27,40,123,57,82,41,37,71"/><W87/><G112/><T75/><D122/><U0/><E113/><V48/><F117/><W14/><G123/><T94/><D110/><U135/><E68/><V92/><F35/><W54/><G71/><T88/><D75/><U20/><E0/><V63/><F74/><W98/><G125/><N who="0" m="47627" /><D6/><U32/><E32/><V77/><F77/><W43/><G27/><T34/><D19/><U52/><E108/><V59/><F48/><W111/><G111/><T21/><D21/><U69/><E69/><V130/><F133/><W121/><G121/><T7/><D7/><U11/><E11/><V72/><F72/><W85/><G98/><N who="0" m="57671" /><D90/><U1/><E1/><V84/><F63/><W53/><G53/><T81/><D81/><AGARI ba="0,0" hai="58,59,60,66,70,81,84,89,92,99,101,129,130,131" machi="81" ten="40,1300,0" yaku="19,1" doraHai="30" who="2" fromWho="0" sc="568,-13,306,0,111,13,15,0" owari="555,65.5,306,10.6,124,-27.6,15,-48.5" /></mjloggm>