<mjloggm ver="2.3"><GO type="225" lobby="0"/><UN n0="%E6%B8%A9%E2%98%85%E6%83%85%E2%98%85%E6%8E%AA%E2%98%85%E7%BD%AE" n1="%E3%81%82%E3%82%84%E3%81%BA%E3%81%9F" n2="%E6%B7%91%E5%A5%B3%E3%81%AE%E5%97%9C%E3%81%BF" n3="%E7%87%90%2E%2E" dan="17,17,16,16" rate="2184.06,2141.37,2112.79,2136.66" sx="M,M,M,M"/><TAIKYOKU oya="0"/><INIT seed="0,0,0,4,0,30" ten="250,250,250,250" oya="0" hai0="128,7,47,92,3,111,31,88,15,24,75,57,8" hai1="81,42,55,18,19,100,103,59,20,52,98,66,109" hai2="14,105,25,131,4,114,113,6,104,39,28,16,126" hai3="70,85,77,83,74,97,121,36,116,87,133,106,69"/><T0/><D75/><U91/><E109/><V117/><F39/><W53/><G121/><T27/><D111/><U94/><E42/><V64/><F126/><W125/><G116/><T56/><D128/><U122/><E122/><V73/><F131/><W26/><G133/><T90/><D47/><U12/><E66/><V51/><F117/><W62/><G125/><T130/><D130/><U124/><E124/><V99/><F73/><W60/><G36/><T110/><D110/><U132/><E132/><V46/><F64/><W50/><G69/><T86/><D27/><U61/><E55/><V10/><F6/><W11/><G11/><T89/><D3/><U44/><E44/><V93/><F4/><W101/><G26/><T48/><D0/><U29/><E29/><V67/><F67/><W96/><G96/><T107/><D107/><U134/><E134/><V45/><F45/><W22/><G22/><N who="0" m="15767" /><D48/><U37/><E37/><V115/><F51/><W35/><G35/><T38/><D38/><U78/><REACH who="1" step="1"/><E19/><REACH who="1" ten="250,240,250,250" step="2"/><V2/><F46/><W118/><G118/><T32/><D32/><U95/><E95/><V1/><F105/><W84/><G70/><T123/><D123/><U80/><E80/><V5/><F104/><W17/><G17/><T33/><D33/><U65/><E65/><V21/><REACH who="2" step="1"/><F28/><REACH who="2" ten="250,240,240,250" step="2"/><W79/><G106/><T43/><D43/><U82/><E82/><V127/><F127/><W112/><G83/><T41/><D41/><U40/><E40/><V129/><F129/><W108/><G108/><T68/><D68/><U54/><E54/><V58/><F58/><AGARI ba="0,2" hai="7,8,15,56,57,58,86,88,89,90,92" m="15767" machi="58" ten="30,5800,0" yaku="6,1,8,1,54,1" doraHai="30" who="0" fromWho="2" sc="250,78,240,0,240,-58,250,0" /><INIT seed="0,1,0,0,3,23" ten="328,240,182,250" oya="0" hai0="0,40,55,76,90,112,11,95,47,123,110,3,131" hai1="38,62,120,20,29,31,46,67,17,87,59,92,74" hai2="18,45,108,58,122,116,111,77,80,54,91,78,44" hai3="24,85,101,88,130,104,30,37,33,99,105,65,19"/><T109/><D112/><U70/><E74/><V32/><F122/><W73/><G105/><T117/><D123/><U102/><E120/><V27/><F116/><W96/><G99/><T75/><D117/><U126/><E126/><V12/><F91/><W7/><G37/><N who="0" m="21903" /><D55/><U2/><E2/><V83/><F32/><W84/><G7/><N who="0" m="1511" /><D3/><U41/><E70/><V16/><F54/><W36/><G73/><T72/><D131/><U64/><E67/><V57/><REACH who="2" step="1"/><F12/><REACH who="2" ten="328,240,172,250" step="2"/><W98/><G88/><T94/><D90/><U60/><E64/><V56/><F56/><W68/><G65/><T21/><D76/><U53/><E53/><V93/><F93/><W107/><G33/><T113/><D95/><U52/><E62/><V34/><F34/><W114/><G107/><T128/><D94/><U124/><E124/><V6/><F6/><W35/><G35/><T133/><D113/><U22/><E60/><V97/><F97/><W66/><G98/><T9/><D128/><U79/><E59/><V25/><AGARI ba="1,1" hai="16,18,25,27,44,45,57,58,77,78,80,83,108,111" machi="25" ten="25,12000,2" yaku="1,1,0,1,22,2,52,2,54,1,53,0" doraHai="23" doraHaiUra="69" who="2" fromWho="2" sc="328,-61,240,-31,172,133,250,-31" /><INIT seed="1,0,0,5,4,30" ten="267,209,305,219" oya="1" hai0="74,24,12,0,45,67,84,19,127,58,102,130,119" hai1="105,48,131,37,33,110,2,3,36,132,42,87,26" hai2="82,126,16,65,128,64,80,124,112,51,75,4,32" hai3="103,113,71,52,10,6,95,85,92,13,5,50,114"/><U25/><E105/><V17/><F128/><W54/><G71/><T98/><D74/><U68/><E68/><V94/><F112/><W49/><G103/><T86/><D0/><U99/><E99/><V29/><F4/><W57/><G85/><T31/><D119/><U59/><E131/><V73/><F94/><W101/><G101/><T72/><D72/><U69/><E69/><V89/><F51/><W11/><G13/><T129/><D45/><U9/><E132/><V46/><F46/><W35/><G57/><T1/><D1/><U56/><E87/><V47/><F47/><W96/><G96/><T43/><D43/><U44/><E110/><V97/><F97/><W22/><G22/><N who="0" m="15767" /><D127/><U40/><E44/><V120/><F29/><W83/><G83/><T38/><D38/><U122/><E9/><V7/><F7/><W134/><G134/><T41/><D41/><U108/><E108/><V14/><F75/><W118/><G118/><T55/><D86/><U8/><E8/><V23/><F73/><W121/><G121/><T53/><D84/><U76/><E48/><V77/><F120/><W116/><G116/><T66/><D130/><U115/><E122/><V21/><F89/><W88/><G88/><T63/><D67/><U125/><E125/><V39/><F39/><W78/><G78/><T123/><D123/><U135/><E76/><V91/><F77/><W106/><G106/><N who="0" m="63831" /><D129/><U28/><E135/><V60/><F91/><W79/><G79/><T133/><D133/><U109/><E109/><V15/><F60/><W93/><G93/><T70/><D70/><RYUUKYOKU ba="0,0" sc="267,10,209,-30,305,10,219,10" hai0="12,19,53,55,58,63,66" hai2="14,15,16,17,21,23,32,64,65,80,82,124,126" hai3="5,6,10,11,35,49,50,52,54,92,95,113,114" /><INIT seed="2,1,0,4,0,9" ten="277,179,315,229" oya="2" hai0="6,109,62,88,91,15,20,134,10,114,27,78,102" hai1="70,69,64,118,7,54,85,79,83,30,76,43,45" hai2="2,21,100,37,101,105,39,17,13,18,126,46,1" hai3="111,97,108,106,112,12,77,36,33,117,72,71,95"/><V56/><F126/><W98/><G33/><T116/><D114/><U89/><E118/><V11/><F56/><W133/><G117/><T92/><D116/><U49/><E30/><V74/><F74/><W57/><G71/><T40/><D109/><N who="3" m="42057" /><G36/><T19/><D134/><U25/><E25/><V80/><F80/><N who="3" m="45095" /><G133/><T63/><D40/><U29/><E29/><V41/><F39/><W124/><G124/><T44/><D44/><U8/><E70/><V131/><F131/><W52/><G106/><T90/><D78/><U120/><E120/><V22/><F105/><W31/><G31/><T24/><D24/><U127/><E127/><V3/><REACH who="2" step="1"/><F11/><REACH who="2" ten="277,179,305,229" step="2"/><W81/><G112/><T75/><D75/><U67/><E69/><V59/><F59/><W66/><G66/><T132/><D132/><U121/><E67/><V119/><F119/><W50/><G81/><T14/><D63/><U129/><E64/><V68/><F68/><W128/><G128/><T34/><D62/><U60/><E129/><V104/><F104/><W16/><G95/><T28/><D92/><U4/><E121/><V82/><F82/><W103/><G103/><T130/><D102/><U93/><E79/><V48/><F48/><W51/><G50/><T115/><D130/><U87/><E8/><AGARI ba="1,1" hai="8,12,16,51,52,57,97,98" m="45095,42057" machi="8" ten="30,7700,0" yaku="14,1,52,1,54,2" doraHai="9" who="3" fromWho="1" sc="277,0,179,-80,305,0,229,90" /><INIT seed="3,0,0,0,4,96" ten="277,99,305,319" oya="3" hai0="38,37,28,10,122,69,13,116,5,41,57,111,49" hai1="51,89,53,102,35,19,76,119,31,107,63,29,55" hai2="27,103,20,109,120,79,90,74,131,21,130,17,26" hai3="32,45,72,112,25,83,54,91,33,70,18,99,0"/><W108/><G70/><T39/><D116/><U85/><E119/><V16/><F109/><W12/><G112/><T114/><D122/><U73/><E35/><V88/><F120/><W2/><G108/><T71/><D111/><U75/><E76/><V1/><F1/><W128/><G72/><T105/><D114/><U58/><E75/><V106/><F103/><W6/><G6/><T68/><D105/><U23/><E73/><V123/><F106/><W15/><G15/><T3/><D28/><U65/><E107/><V48/><F123/><W36/><G128/><N who="2" m="49193" /><F48/><W132/><G132/><T101/><D101/><U115/><E115/><V86/><F74/><W87/><G99/><T7/><D41/><U97/><E102/><V82/><AGARI ba="0,0" hai="16,17,20,21,26,27,79,82,86,88,90" m="49193" machi="82" ten="30,4000,0" yaku="19,1,54,2" doraHai="96" who="2" fromWho="2" sc="277,-10,99,-10,305,40,319,-20" owari="267,-13.3,89,-41.1,345,44.5,299,9.9" /></mjloggm>