<mjloggm ver="2.3"><GO type="225" lobby="0"/><UN n0="%70%68%65%6E%6F%6D%65" n1="%E5%B8%86%E7%AB%8B%E5%A4%8F%E8%A1%A3" n2="%E3%81%BF%E3%81%BF%E3%81%9A" n3="%E7%99%BD%E5%80%89%E5%AF%9B%E4%B9%8B" dan="16,17,17,16" rate="2136.40,2212.73,2254.12,2115.60" sx="M,M,M,M"/><TAIKYOKU oya="0"/><INIT seed="0,0,0,5,4,57" ten="250,250,250,250" oya="0" hai0="114,40,42,63,20,135,95,104,80,117,92,49,124" hai1="65,102,19,31,85,109,91,17,116,45,77,125,123" hai2="46,53,130,79,90,21,27,44,89,43,64,25,111" hai3="59,0,66,24,107,41,99,101,70,103,4,15,16"/><T29/><D114/><U76/><E123/><V94/><F111/><W2/><G101/><T129/><D117/><U52/><E125/><V134/><F130/><W121/><G121/><T105/><D129/><U61/><E116/><V119/><F119/><W35/><G41/><T112/><D112/><U96/><E31/><V75/><F134/><W122/><G59/><T18/><D135/><U67/><E109/><V23/><F64/><N who="1" m="24649" /><E102/><V26/><F79/><N who="1" m="30281" /><E96/><V10/><F75/><W5/><G122/><T115/><D29/><U71/><E71/><V83/><F10/><N who="3" m="6263" /><G2/><T54/><D124/><U39/><E39/><V14/><F43/><W34/><G34/><T47/><D115/><U97/><E97/><N who="2" m="57551" /><F53/><W106/><G106/><T9/><D9/><U13/><E13/><V37/><F37/><W7/><G7/><T56/><D42/><U8/><E8/><V98/><F14/><W68/><G68/><T33/><D33/><U48/><E61/><V69/><F69/><W11/><G11/><T118/><D118/><U84/><E84/><N who="2" m="50463" /><F98/><W62/><G0/><T22/><D104/><U6/><E6/><V58/><F58/><W28/><AGARI ba="0,0" hai="4,5,24,28,35,62,66,70,99,103,107" m="6263" machi="28" ten="30,4000,0" yaku="25,1,52,1,54,1" doraHai="57" who="3" fromWho="3" sc="250,-20,250,-10,250,-10,250,40" /><INIT seed="1,0,0,1,3,111" ten="230,240,240,290" oya="1" hai0="69,134,40,62,131,86,77,54,70,58,47,60,64" hai1="124,104,6,130,56,49,9,65,44,28,129,5,37" hai2="99,117,52,43,45,68,41,30,89,55,21,96,110" hai3="113,38,26,19,73,132,25,135,0,115,46,88,114"/><U84/><E104/><V133/><F68/><N who="0" m="26218" /><D77/><U92/><E124/><V23/><F117/><W74/><G0/><T98/><D98/><U102/><E28/><V119/><F119/><W8/><G88/><T66/><D86/><U3/><E6/><V82/><F110/><W71/><G71/><N who="0" m="42375" /><D131/><N who="1" m="50187" /><E37/><V7/><F133/><N who="3" m="51275" /><G8/><T120/><D134/><U126/><E126/><V108/><F108/><W53/><G19/><T112/><D120/><U15/><E3/><V78/><F7/><W29/><G26/><T79/><D79/><U128/><N who="1" m="50195" /><U81/><DORA hai="121" /><E102/><V31/><F78/><W90/><G90/><T95/><D95/><U2/><E92/><V22/><F89/><W61/><G61/><T80/><D80/><U16/><E84/><V85/><F85/><W50/><G38/><N who="0" m="21911" /><D112/><U76/><E76/><V87/><F87/><W109/><G109/><T4/><D4/><U11/><E81/><V12/><F82/><W94/><G94/><T106/><D106/><U93/><E93/><V59/><F12/><W32/><AGARI ba="0,0" hai="25,29,32,46,50,53,73,74,113,114,115" m="51275" machi="32" ten="40,8000,1" yaku="20,1,52,3" doraHai="111,121" who="3" fromWho="3" sc="230,-20,240,-40,240,-20,290,80" /><INIT seed="2,0,0,0,1,128" ten="210,200,220,370" oya="2" hai0="35,45,8,22,33,86,78,119,107,124,118,133,122" hai1="7,1,125,115,76,65,71,113,12,43,46,36,54" hai2="42,47,131,85,88,56,110,27,92,26,23,84,25" hai3="105,18,40,38,102,6,116,106,50,135,16,24,30"/><V32/><F131/><W104/><G116/><N who="0" m="44587" /><D122/><U132/><E12/><V61/><F110/><W10/><G38/><T34/><D124/><U126/><E76/><V68/><F68/><W70/><G70/><T2/><D107/><U130/><E7/><V111/><F111/><W120/><G120/><T21/><D45/><N who="1" m="23783" /><E1/><V101/><F32/><W55/><G40/><T44/><D44/><U11/><E11/><V129/><F129/><W52/><G102/><T96/><D96/><U41/><E54/><V127/><F127/><N who="1" m="48649" /><E132/><V66/><F101/><W51/><G135/><T63/><D133/><U77/><E77/><V53/><F66/><W90/><G90/><T69/><D2/><U19/><E19/><V98/><REACH who="2" step="1"/><F23/><REACH who="2" ten="210,200,210,370" step="2"/><N who="3" m="15647" /><G106/><T121/><D121/><U28/><E130/><V49/><AGARI ba="0,1" hai="25,26,27,42,47,49,53,56,61,84,85,88,92,98" machi="49" ten="30,11700,0" yaku="1,1,0,1,8,1,54,1,53,0" doraHai="128" doraHaiUra="75" who="2" fromWho="2" sc="210,-39,200,-39,210,127,370,-39" /><INIT seed="2,1,0,3,0,72" ten="171,161,337,331" oya="2" hai0="120,26,133,73,70,14,35,36,100,43,112,66,40" hai1="117,34,12,33,4,30,89,99,107,16,111,42,63" hai2="103,90,86,6,48,129,114,62,45,46,74,37,71" hai3="128,106,18,32,57,44,104,2,91,19,24,87,64"/><V122/><F114/><W95/><G2/><T53/><D112/><U61/><E117/><V130/><F122/><W21/><G128/><N who="2" m="49257" /><F74/><W7/><G7/><T84/><D120/><U131/><E131/><V50/><F103/><W76/><G32/><T0/><D73/><U23/><E111/><V22/><F6/><W92/><G44/><N who="2" m="17001" /><F37/><W105/><G19/><T109/><D36/><U65/><E42/><V59/><F22/><W51/><G51/><N who="2" m="19497" /><F86/><W60/><REACH who="3" step="1"/><G76/><REACH who="3" ten="171,161,337,321" step="2"/><T85/><D0/><U135/><E4/><V125/><F125/><W10/><G10/><T113/><D35/><U81/><E34/><V28/><F28/><W25/><G25/><T11/><D26/><U39/><E33/><V88/><F71/><W3/><G3/><T119/><D70/><U13/><E30/><V132/><F132/><W116/><G116/><T77/><D133/><U80/><E135/><V54/><AGARI ba="1,1" hai="54,59,62,88,90" m="19497,17001,49257" machi="54" ten="30,3000,0" yaku="19,1,54,1" doraHai="72" who="2" fromWho="2" sc="171,-11,161,-11,337,43,321,-11" /><INIT seed="2,2,0,1,3,61" ten="160,150,380,310" oya="2" hai0="103,68,86,87,69,110,83,60,108,121,28,5,126" hai1="92,88,70,46,76,54,80,82,45,94,116,127,7" hai2="64,72,105,89,109,56,123,41,40,113,114,29,81" hai3="96,59,2,9,120,53,22,36,107,93,21,57,43"/><V19/><F123/><W32/><G32/><T17/><D121/><U66/><E116/><V11/><F105/><W130/><G107/><T34/><D126/><U39/><E127/><V4/><F29/><W47/><G120/><T26/><D5/><U30/><E39/><V31/><F31/><W15/><G2/><T24/><D103/><U27/><E7/><V132/><F19/><W104/><G104/><T74/><D74/><U52/><E70/><V63/><F132/><W75/><G75/><T85/><D83/><N who="1" m="31787" /><E66/><V65/><F109/><N who="0" m="42090" /><D60/><U3/><E76/><V1/><F64/><W13/><G130/><T119/><D119/><U10/><E10/><V91/><F91/><W97/><G59/><T35/><D35/><U18/><E30/><V106/><F106/><W48/><G97/><T67/><D67/><U134/><E3/><V101/><F101/><W16/><REACH who="3" step="1"/><G15/><REACH who="3" ten="160,150,380,300" step="2"/><T73/><D73/><U102/><E134/><V125/><F125/><W12/><G12/><T50/><D68/><U49/><E102/><AGARI ba="2,1" hai="9,13,16,21,22,36,43,47,48,53,57,93,96,102" machi="102" ten="30,3900,0" yaku="1,1,7,1,54,1,53,0" doraHai="61" doraHaiUra="78" who="3" fromWho="1" sc="160,0,150,-45,380,0,300,55" /><INIT seed="3,0,0,3,2,35" ten="160,105,380,355" oya="3" hai0="32,46,39,53,1,99,18,11,79,7,112,125,69" hai1="66,118,90,95,113,2,71,48,123,74,3,28,58" hai2="42,38,100,120,80,65,114,73,134,78,75,34,109" hai3="85,108,60,127,93,96,21,117,9,83,59,72,68"/><W25/><G117/><T102/><D69/><U67/><E113/><V115/><F34/><W101/><G108/><T103/><D112/><N who="2" m="43050" /><F65/><W6/><G68/><T20/><D125/><U47/><E74/><N who="2" m="43095" /><F109/><W13/><G72/><N who="2" m="27721" /><F100/><W64/><G127/><T26/><D32/><U0/><E123/><V89/><F89/><W92/><G92/><T15/><D79/><U55/><E118/><V121/><F134/><W30/><G83/><T122/><D103/><U63/><E28/><V106/><F106/><W110/><G110/><T57/><D122/><U17/><E17/><V16/><F16/><W56/><G56/><T54/><D57/><U61/><REACH who="1" step="1"/><E3/><REACH who="1" ten="160,95,380,355" step="2"/><V22/><F22/><W4/><G85/><AGARI ba="0,1" hai="0,2,47,48,55,58,61,63,66,67,71,85,90,95" machi="85" ten="30,8000,1" yaku="1,1,2,1,7,1,52,2,53,0" doraHai="35" doraHaiUra="8" who="1" fromWho="3" sc="160,0,95,90,380,0,355,-80" owari="160,-34.0,185,-21.5,380,48.0,275,7.5" /></mjloggm>