<mjloggm ver="2.3"><GO type="225" lobby="0"/><UN n0="%E6%98%93%E5%88%A9%E8%96%A9%E4%BC%AF" n1="%E7%89%B9%E6%9D%B1%E3%81%AF%E4%B8%96%E7%95%8C%E3%82%92%E6%95%91%E3%81%86" n2="%E3%80%90%E3%83%88%E3%83%AA%E3%83%A5%E3%83%95%E3%80%91" n3="%E3%81%BF%E3%81%BF%E3%81%9A" dan="16,16,16,18" rate="2124.06,2142.82,2090.09,2271.69" sx="F,M,M,M"/><TAIKYOKU oya="0"/><INIT seed="0,0,0,3,4,128" ten="250,250,250,250" oya="0" hai0="114,8,86,61,44,17,93,78,89,74,127,26,39" hai1="90,57,6,31,52,1,115,124,85,120,107,59,64" hai2="134,119,13,76,84,10,100,98,66,55,12,70,68" hai3="7,87,110,122,30,21,34,58,16,11,91,36,83"/><T99/><D127/><U2/><E120/><V18/><F119/><W5/><G36/><T111/><D114/><U102/><E124/><V72/><F72/><W69/><G69/><T14/><D111/><U9/><E115/><V94/><F55/><W77/><G122/><T67/><D74/><U24/><E59/><V65/><F76/><W108/><G58/><T71/><D26/><U125/><E64/><V38/><F38/><W126/><G126/><T25/><D25/><U33/><E102/><V75/><F75/><W97/><G30/><T101/><D78/><U46/><E46/><V41/><F41/><W105/><G34/><T80/><D39/><U104/><E2/><V54/><F54/><W49/><G49/><T82/><REACH who="0" step="1"/><D44/><REACH who="0" ten="240,250,250,250" step="2"/><U73/><E73/><V121/><F121/><W20/><G77/><T79/><D79/><U60/><REACH who="1" step="1"/><E125/><REACH who="1" ten="240,240,250,250" step="2"/><V28/><F68/><W56/><G110/><T113/><D113/><U81/><AGARI ba="0,2" hai="1,6,9,24,31,33,52,57,60,81,85,90,104,107" machi="81" ten="20,8000,1" yaku="1,1,2,1,0,1,7,1,54,1,53,0" doraHai="128" doraHaiUra="129" who="1" fromWho="1" sc="240,-40,240,100,250,-20,250,-20" /><INIT seed="1,0,0,4,4,90" ten="200,340,230,230" oya="1" hai0="129,26,107,111,76,71,64,15,117,20,63,28,25" hai1="13,122,56,126,32,22,16,114,1,123,17,18,5" hai2="36,34,53,109,51,131,55,130,89,58,8,94,69" hai3="97,47,119,134,23,133,95,104,77,99,66,7,60"/><U100/><E100/><V30/><F109/><W68/><G119/><T105/><D111/><U29/><E114/><V108/><F108/><W49/><G77/><T59/><D117/><U27/><E126/><V21/><F8/><W80/><G80/><T14/><D129/><N who="2" m="49162" /><F69/><W62/><G7/><T115/><D115/><U50/><E50/><N who="2" m="31031" /><F36/><W61/><G23/><T84/><D71/><U72/><E56/><N who="2" m="32895" /><F21/><W3/><G3/><T48/><D48/><U106/><E106/><V57/><F34/><W74/><G74/><T73/><D73/><U112/><E72/><V93/><F89/><N who="3" m="55535" /><G104/><T52/><D64/><U85/><E85/><V54/><F30/><W78/><G99/><T46/><D46/><U31/><E112/><V39/><F39/><W116/><G78/><T4/><D4/><U75/><E75/><V40/><F40/><N who="3" m="24807" /><G116/><T127/><D127/><U67/><E67/><V10/><F10/><W42/><G42/><T101/><D107/><U125/><E125/><V81/><F81/><W2/><G2/><T82/><D105/><U110/><E110/><V35/><F35/><W86/><G86/><T0/><D0/><U102/><E102/><V45/><F45/><W79/><G79/><T6/><D101/><U44/><E44/><V65/><F65/><W103/><G103/><T113/><D113/><U118/><E118/><V37/><F37/><W87/><G87/><T91/><D76/><U41/><E41/><V70/><F70/><W96/><G96/><T43/><D43/><U128/><E1/><V98/><F98/><W124/><G124/><T33/><D6/><RYUUKYOKU ba="0,0" sc="200,10,340,-30,230,10,230,10" hai0="14,15,20,25,26,28,33,52,59,63,82,84,91" hai2="54,57,93,94" hai3="60,61,62,66,68,133,134" /><INIT seed="2,1,0,2,3,95" ten="210,310,240,240" oya="2" hai0="18,108,97,105,75,62,23,135,102,35,109,31,74" hai1="80,19,94,63,11,134,32,21,103,93,29,130,43" hai2="120,68,126,34,88,92,60,96,79,133,6,127,52" hai3="37,61,38,131,1,119,100,129,114,71,72,48,84"/><V50/><F34/><W65/><G119/><T42/><D135/><U58/><E134/><V45/><F120/><W17/><G72/><T99/><D42/><U104/><E130/><N who="3" m="49674" /><G114/><T81/><D35/><U69/><E69/><V33/><F33/><W56/><G1/><T25/><D31/><U20/><E43/><V9/><F79/><W128/><N who="3" m="49682" /><W121/><DORA hai="91" /><G121/><T89/><D62/><U101/><E32/><V55/><F133/><W70/><G84/><N who="0" m="50319" /><D18/><U39/><E39/><N who="3" m="14858" /><G17/><T67/><D67/><U132/><E19/><V110/><F110/><N who="0" m="42602" /><D23/><U3/><E20/><V16/><F16/><W98/><G48/><T107/><D25/><U24/><E132/><V47/><F6/><W112/><G112/><T13/><D13/><U116/><E3/><V113/><F113/><W77/><G77/><T54/><D54/><U66/><E24/><V26/><F26/><W49/><G49/><T12/><D12/><U22/><E29/><V90/><F9/><W10/><G10/><T73/><D73/><U106/><E11/><V8/><F8/><W125/><G125/><N who="2" m="47625" /><F50/><W53/><G65/><T7/><D7/><U111/><E111/><V0/><F0/><W14/><G14/><T83/><D83/><U76/><E22/><V64/><F90/><W86/><G70/><T46/><D46/><AGARI ba="1,0" hai="45,46,47,52,55,60,64,68,88,92,96" m="47625" machi="46" ten="30,12000,1" yaku="18,1,52,2,54,2" doraHai="95,91" who="2" fromWho="0" sc="210,-123,310,0,240,123,240,0" /><INIT seed="2,2,0,0,1,91" ten="87,310,363,240" oya="2" hai0="22,4,44,63,93,5,27,34,58,101,112,23,133" hai1="40,26,25,102,104,45,7,61,73,87,29,121,129" hai2="3,31,9,48,114,52,96,69,115,89,14,76,105" hai3="83,94,123,100,10,21,15,59,113,131,78,17,13"/><V2/><F69/><W130/><G123/><T20/><D112/><U41/><E73/><V39/><F39/><W8/><G113/><T50/><D133/><U18/><E121/><V135/><F135/><W85/><G59/><T53/><D34/><U49/><E129/><N who="3" m="49162" /><G13/><T75/><D75/><U28/><E7/><V120/><F31/><W88/><G100/><T125/><D125/><U37/><E104/><V109/><F120/><W81/><G81/><T32/><D32/><U6/><E6/><V98/><F76/><W30/><G30/><T66/><REACH who="0" step="1"/><D27/><REACH who="0" ten="77,310,363,240" step="2"/><U62/><E26/><V19/><F114/><W118/><G118/><T111/><D111/><U51/><E25/><V117/><F109/><W57/><G57/><T106/><D106/><U65/><E28/><V92/><F115/><W0/><G0/><T119/><D119/><U108/><E29/><V127/><F117/><W103/><G103/><T33/><D33/><U90/><E102/><V72/><F72/><AGARI ba="2,1" hai="8,10,15,17,21,72,78,83,85,88,94" m="49162" machi="72" ten="30,3900,0" yaku="19,1,52,1,54,1" doraHai="91" who="3" fromWho="2" sc="77,0,310,0,363,-45,240,55" /><INIT seed="3,0,0,5,0,116" ten="77,310,318,295" oya="3" hai0="96,72,79,21,1,118,88,54,115,28,91,10,53" hai1="95,119,120,46,19,6,81,75,80,30,82,37,42" hai2="26,36,123,9,5,50,47,12,74,98,17,4,114" hai3="133,2,27,94,85,39,90,102,126,127,111,110,20"/><W34/><G133/><T14/><D118/><U32/><E120/><V125/><F123/><W132/><G132/><T100/><D115/><U11/><E119/><V16/><F114/><W58/><G2/><T13/><D1/><N who="1" m="463" /><E19/><V60/><F36/><W35/><G39/><T3/><D3/><U130/><E130/><V129/><F74/><W38/><G38/><T55/><D72/><U121/><E121/><V62/><F129/><W61/><G102/><T92/><D79/><N who="1" m="44159" /><E95/><V63/><F125/><N who="3" m="47627" /><G20/><T87/><D87/><U124/><E124/><V52/><F98/><W113/><G113/><T117/><D117/><U73/><E73/><V40/><F52/><N who="3" m="33991" /><G27/><AGARI ba="0,0" hai="27,30,32,37,42,46,81,82" m="44159,463" machi="27" ten="30,1000,0" yaku="25,1" doraHai="116" who="1" fromWho="3" sc="77,0,310,10,318,0,295,-10" owari="77,-42.3,320,42.0,318,11.8,285,-11.5" /></mjloggm>