<mjloggm ver="2.3"><GO type="225" lobby="0"/><UN n0="%4C%4F%4C%49%54%41" n1="%E7%B4%94%E6%BD%94%E3%83%94%E3%83%A9%E3%83%8B%E3%82%A2" n2="%E7%99%BD%E5%80%89%E5%AF%9B%E4%B9%8B" n3="%E3%83%96%E3%83%83%E3%83%91%E3%82%AA%E3%83%96%E3%83%81%E3%82%AD%E3%83%B3" dan="16,17,16,16" rate="2076.41,2228.53,2153.17,2223.69" sx="F,M,M,M"/><TAIKYOKU oya="0"/><INIT seed="0,0,0,5,1,68" ten="250,250,250,250" oya="0" hai0="22,77,27,8,119,96,65,34,116,55,50,4,13" hai1="121,61,110,51,66,36,39,134,104,25,9,97,53" hai2="76,17,88,85,71,95,89,129,120,0,93,84,29" hai3="33,127,73,32,24,72,70,74,18,56,2,122,11"/><T48/><D34/><U49/><E121/><V98/><F71/><W47/><G70/><T112/><D112/><U91/><E110/><V57/><F0/><W92/><G127/><T38/><D65/><U28/><E134/><V106/><F29/><W87/><G122/><T54/><D77/><U81/><E9/><V7/><F7/><W12/><G2/><T86/><D86/><U109/><E109/><V43/><F120/><W10/><G10/><T3/><D3/><U15/><E15/><V117/><F43/><W26/><G56/><T31/><D38/><U5/><E5/><V6/><F6/><W45/><G32/><T40/><D40/><U69/><E81/><N who="2" m="47143" /><F17/><W101/><G33/><T52/><REACH who="0" step="1"/><D96/><REACH who="0" ten="240,250,250,250" step="2"/><U113/><E39/><V115/><F115/><W111/><G111/><T100/><D100/><U125/><E36/><V79/><F79/><W132/><G101/><T64/><D64/><U63/><E113/><V78/><F78/><W44/><G132/><T58/><D58/><U41/><E41/><V37/><F57/><W1/><G1/><T130/><D130/><U133/><E97/><V62/><F129/><W21/><G74/><T23/><D23/><U124/><E69/><V114/><F114/><W131/><G131/><T90/><D90/><U20/><E91/><V126/><F89/><N who="3" m="53311" /><G73/><T83/><D83/><U82/><E133/><V128/><F128/><W105/><G72/><T102/><D102/><U42/><E124/><V30/><F85/><W59/><G59/><T35/><D35/><U67/><E125/><V123/><F123/><W16/><G105/><RYUUKYOKU ba="0,1" sc="240,15,250,-15,250,-15,250,15" hai0="4,8,13,22,27,31,48,50,52,54,55,116,119" hai3="11,12,16,18,21,24,26,44,45,47" /><INIT seed="0,1,1,3,0,69" ten="255,235,235,265" oya="0" hai0="96,103,112,0,19,43,51,107,16,50,104,65,5" hai1="74,57,100,114,77,56,78,108,52,8,128,67,80" hai2="90,126,27,97,38,132,117,68,54,129,41,82,109" hai3="92,23,3,131,76,35,9,46,118,61,111,122,40"/><T81/><D112/><U15/><E114/><V42/><F68/><W14/><G118/><T64/><D104/><U29/><E108/><V4/><F117/><W124/><G111/><T87/><D5/><U71/><E128/><V7/><F109/><W31/><G131/><T62/><D0/><U6/><E100/><V34/><F129/><W59/><G124/><T130/><D130/><U25/><E78/><V12/><F126/><W94/><G122/><T79/><D64/><U127/><E127/><V17/><F132/><W66/><G35/><T28/><D28/><U53/><E71/><V72/><F42/><W30/><G76/><T83/><D81/><U98/><E98/><V70/><F70/><W63/><G3/><T55/><D43/><U88/><E88/><V21/><F54/><W39/><G63/><T44/><REACH who="0" step="1"/><D51/><REACH who="0" ten="245,235,235,265" step="2"/><U48/><E67/><V2/><F2/><W24/><REACH who="3" step="1"/><G31/><REACH who="3" ten="245,235,235,255" step="2"/><T18/><D18/><AGARI ba="1,3" hai="9,14,18,23,24,30,39,40,46,59,61,66,92,94" machi="18" ten="30,8000,1" yaku="1,1,2,1,7,1,52,1,53,1" doraHai="69" doraHaiUra="26" who="3" fromWho="0" sc="245,-83,235,0,235,0,255,113" /><INIT seed="1,0,0,4,2,21" ten="162,235,235,368" oya="1" hai0="84,64,22,50,80,44,16,128,11,135,7,31,54" hai1="81,102,99,42,55,0,33,19,88,86,4,68,121" hai2="109,97,30,18,103,115,131,124,14,61,41,60,52" hai3="75,13,70,63,77,2,43,9,104,40,114,6,101"/><U3/><E121/><V25/><F109/><W122/><G122/><T20/><D128/><U132/><E68/><V106/><F131/><W32/><G114/><T116/><D135/><U17/><E132/><V12/><F115/><W38/><G32/><T130/><D130/><U1/><E4/><V51/><F41/><W105/><G13/><T29/><D116/><U120/><E120/><V26/><F14/><W133/><G43/><T56/><D22/><U100/><E100/><V125/><F30/><W46/><G101/><T24/><D64/><U126/><E126/><N who="2" m="48747" /><F61/><W94/><G94/><T76/><REACH who="0" step="1"/><D44/><REACH who="0" ten="152,235,235,368" step="2"/><U79/><E33/><V107/><F107/><W123/><G133/><T87/><D87/><U37/><E86/><V27/><F60/><W129/><G129/><T93/><D93/><U47/><E79/><V82/><F82/><N who="3" m="45375" /><G123/><T92/><D92/><U110/><E110/><V35/><F35/><W8/><G8/><T59/><D59/><U113/><E113/><V10/><F27/><W72/><G72/><T66/><D66/><AGARI ba="0,1" hai="2,6,9,38,40,46,63,66,70,104,105" m="45375" machi="66" ten="30,3900,0" yaku="25,1,33,2" doraHai="21" who="3" fromWho="0" sc="152,-39,235,0,235,0,368,49" /><INIT seed="2,0,0,4,5,50" ten="113,235,235,417" oya="2" hai0="41,75,113,118,38,85,128,131,69,125,82,16,68" hai1="94,10,106,5,51,63,61,84,25,76,77,122,13" hai2="28,26,11,80,120,52,72,73,110,40,134,126,45" hai3="71,70,95,93,81,97,98,90,119,33,79,101,112"/><V46/><F120/><W59/><G119/><T103/><D113/><U88/><E106/><V35/><F126/><W34/><G112/><T4/><D118/><U104/><E104/><V96/><F134/><W57/><G57/><T89/><D125/><U7/><E122/><V2/><F110/><W29/><G59/><T60/><D4/><U109/><E109/><V15/><F2/><W105/><G105/><T21/><D103/><U0/><E0/><V24/><F24/><W3/><G3/><T23/><D23/><U12/><E25/><V64/><F64/><W99/><G99/><T1/><D1/><U86/><E51/><V62/><F96/><W130/><G130/><T121/><D121/><U124/><E124/><V39/><F80/><W53/><G53/><T87/><D75/><U92/><E10/><V9/><F9/><W78/><G29/><T56/><D85/><U49/><E49/><V108/><F108/><W20/><G20/><T117/><D117/><U47/><E47/><V30/><F30/><W133/><G133/><T65/><D41/><U91/><AGARI ba="0,0" hai="5,7,12,13,61,63,76,77,84,86,88,91,92,94" machi="91" ten="25,8000,1" yaku="0,1,22,2,8,1,54,1" doraHai="50" who="1" fromWho="1" sc="113,-20,235,80,235,-40,417,-20" /><INIT seed="3,0,0,5,5,113" ten="93,315,195,397" oya="3" hai0="87,11,68,132,130,127,69,7,81,26,28,86,107" hai1="99,52,79,35,54,63,62,118,43,10,41,60,103" hai2="34,3,119,49,114,85,115,53,66,121,74,30,134" hai3="48,120,128,117,105,104,83,24,73,106,94,65,45"/><W71/><G120/><T51/><D130/><U12/><E35/><V22/><F74/><W88/><G117/><T36/><D132/><U82/><E118/><V95/><F3/><W46/><G128/><T40/><D127/><U90/><E90/><V110/><F34/><W16/><G71/><T125/><D125/><U20/><E20/><V0/><F0/><W55/><G65/><T23/><D87/><U124/><E124/><V15/><F119/><W59/><G24/><T44/><D107/><U129/><E129/><V61/><F110/><W108/><G16/><T58/><D36/><U14/><E82/><V19/><F30/><W50/><G108/><T31/><D58/><U135/><E135/><V101/><F121/><W6/><G6/><T89/><D89/><U98/><E79/><V57/><F134/><W8/><G8/><T126/><D126/><U39/><E39/><V111/><F111/><W96/><G50/><T64/><D64/><U29/><E29/><V25/><F25/><W56/><G45/><T27/><D27/><U131/><E131/><V5/><F5/><W18/><G18/><T37/><D37/><U122/><E122/><V70/><F101/><W1/><G1/><T92/><D31/><U72/><E72/><V102/><F102/><W2/><G2/><T109/><D109/><U77/><E77/><V13/><F115/><W93/><G93/><T17/><D28/><U21/><E63/><V47/><F61/><W100/><G73/><T97/><D92/><U38/><E38/><V4/><F95/><W75/><G75/><T67/><D67/><RYUUKYOKU ba="0,0" sc="93,-10,315,-10,195,-10,397,30" hai3="46,48,55,56,59,83,88,94,96,100,104,105,106" owari="83,-41.7,305,10.5,185,-21.5,427,52.7" /></mjloggm>