<mjloggm ver="2.3"><GO type="225" lobby="0"/><UN n0="%E9%B3%B4%E8%8C%B6" n1="%E3%83%96%E3%83%83%E3%83%91%E3%82%AA%E3%83%96%E3%83%81%E3%82%AD%E3%83%B3" n2="%E6%80%AA%E3%81%97%E3%81%99%E3%81%8E%E3%82%8B%E3%83%81%E3%83%BC" n3="%E5%B8%86%E7%AB%8B%E5%A4%8F%E8%A1%A3" dan="16,16,16,17" rate="2172.57,2127.05,2093.26,2256.12" sx="M,M,M,M"/><TAIKYOKU oya="0"/><INIT seed="0,0,0,2,2,11" ten="250,250,250,250" oya="0" hai0="39,123,3,61,45,104,12,40,68,60,79,53,33" hai1="77,0,32,50,90,62,116,57,83,111,89,118,69" hai2="75,30,73,26,86,15,134,24,98,93,108,106,121" hai3="51,20,125,78,126,114,34,113,35,135,81,58,109"/><T92/><D104/><U29/><E0/><V4/><F121/><W66/><G20/><T25/><D3/><U99/><E111/><V80/><F108/><W22/><G22/><T42/><D123/><U2/><E2/><V94/><F134/><W112/><G109/><T13/><D79/><U100/><E69/><V129/><F129/><W46/><G135/><T37/><D92/><U38/><E50/><V59/><F59/><W87/><G58/><T64/><D53/><U5/><E5/><V54/><F54/><W47/><G66/><T8/><D60/><U88/><E38/><V103/><F26/><W117/><G117/><T49/><D42/><U21/><E32/><V1/><F1/><W44/><REACH who="3" step="1"/><G51/><REACH who="3" ten="250,250,250,240" step="2"/><T48/><D49/><U16/><E29/><V128/><F30/><W91/><G91/><T96/><D33/><AGARI ba="0,1" hai="33,34,35,44,46,47,78,81,87,112,113,114,125,126" machi="33" ten="50,1600,0" yaku="1,1,53,0" doraHai="11" doraHaiUra="127" who="3" fromWho="0" sc="250,-16,250,0,250,0,240,26" /><INIT seed="1,0,0,1,2,111" ten="234,250,250,266" oya="1" hai0="14,134,31,50,128,77,16,0,55,46,95,119,68" hai1="5,133,6,115,76,22,52,26,34,132,91,38,106" hai2="131,120,17,109,99,65,126,3,9,71,108,15,63" hai3="13,57,102,101,32,104,90,60,122,44,84,28,62"/><U54/><E34/><V25/><F120/><W64/><G122/><T107/><D119/><U96/><E38/><V100/><F131/><W88/><G32/><T30/><D128/><U105/><E76/><V66/><F126/><W73/><G73/><T98/><D0/><U78/><E78/><V53/><F3/><W18/><G28/><N who="0" m="10795" /><D68/><U36/><E36/><V61/><F53/><N who="1" m="20585" /><E91/><V86/><F25/><W1/><G1/><T94/><D107/><N who="1" m="40971" /><E96/><V121/><F86/><W59/><G44/><T81/><D134/><N who="1" m="51819" /><E115/><V23/><F121/><W35/><G35/><T29/><D98/><U69/><E69/><V117/><F117/><W74/><G74/><T11/><N who="0" m="10803" /><AGARI ba="0,0" hai="5,6,22,26,29" m="51819,40971,20585" machi="29" ten="30,5800,0" yaku="3,1,20,1,54,1" doraHai="111" who="1" fromWho="0" sc="234,-58,250,58,250,0,266,0" /><INIT seed="1,1,0,3,0,62" ten="176,308,250,266" oya="1" hai0="52,84,102,95,57,99,73,70,56,50,80,8,105" hai1="76,3,77,60,20,6,101,47,85,117,29,128,66" hai2="40,79,83,74,10,17,7,110,133,1,12,119,55" hai3="34,41,25,87,123,126,88,125,72,115,32,109,86"/><U134/><E117/><V38/><F119/><W39/><G72/><T67/><D8/><U48/><E128/><V58/><F110/><W36/><G123/><T18/><D18/><U96/><E134/><V23/><F133/><W121/><G121/><T13/><D13/><U5/><E3/><V114/><F114/><W82/><G109/><T118/><D118/><U15/><E29/><V49/><F40/><W130/><G115/><T37/><D37/><N who="3" m="14409" /><G41/><T2/><D2/><U90/><E20/><V28/><F38/><W26/><G130/><T132/><D132/><U92/><E76/><V129/><F28/><W104/><G104/><T63/><D73/><U43/><E77/><V111/><F111/><W24/><G87/><T64/><D105/><U135/><E15/><V27/><REACH who="2" step="1"/><F129/><REACH who="2" ten="176,308,240,266" step="2"/><W19/><G19/><T9/><D9/><U44/><E135/><V30/><F30/><W106/><G106/><T65/><REACH who="0" step="1"/><D70/><REACH who="0" ten="166,308,240,266" step="2"/><U127/><E5/><V93/><F93/><W14/><G14/><AGARI ba="1,2" hai="1,7,10,12,14,17,23,27,49,55,58,74,79,83" machi="14" ten="40,1300,0" yaku="1,1,53,0" doraHai="62" doraHaiUra="120" who="2" fromWho="3" sc="166,0,308,0,240,36,266,-16" /><INIT seed="2,0,0,1,2,45" ten="166,308,276,250" oya="2" hai0="91,14,62,12,23,68,81,88,69,93,132,37,101" hai1="118,53,123,122,86,106,94,6,103,71,57,44,58" hai2="125,21,64,43,8,38,39,131,31,67,9,133,13" hai3="29,24,89,20,4,59,27,48,135,0,126,30,97"/><V22/><F131/><W36/><G36/><T95/><D37/><U3/><E118/><V80/><F125/><W127/><G135/><T121/><D81/><U110/><E71/><V1/><F133/><W50/><G4/><T70/><D132/><U99/><E110/><V128/><F128/><W116/><G0/><T46/><D101/><U15/><E3/><V117/><F1/><W65/><G116/><T76/><D76/><U55/><E6/><V56/><F80/><W78/><G78/><T87/><D121/><N who="1" m="46091" /><E15/><V104/><F13/><W129/><G129/><T72/><D72/><U61/><E44/><V11/><F104/><W114/><G114/><T111/><D111/><U40/><E40/><V26/><F117/><W113/><G113/><T7/><D7/><U107/><E86/><V19/><F43/><W66/><G127/><T5/><D5/><U74/><E74/><V119/><F119/><W83/><G126/><T84/><D62/><AGARI ba="0,0" hai="53,55,57,58,61,62,94,99,103,106,107" m="46091" machi="62" ten="30,1000,0" yaku="13,1" doraHai="45" who="1" fromWho="0" sc="166,-10,308,10,276,0,250,0" /><INIT seed="3,0,0,5,3,113" ten="156,318,276,250" oya="3" hai0="83,7,79,90,112,45,131,82,97,66,68,128,37" hai1="118,39,30,80,53,17,69,114,49,110,104,21,93" hai2="70,85,116,124,87,13,31,100,6,60,33,126,42" hai3="77,125,38,86,71,101,96,23,99,9,22,102,63"/><W127/><G38/><T62/><D112/><U88/><E114/><V111/><F111/><W3/><G9/><T41/><D90/><U14/><E110/><V89/><F116/><W123/><G3/><T5/><D83/><U72/><E118/><V57/><F70/><W35/><G35/><T74/><D7/><U61/><E39/><V56/><F42/><W133/><G71/><T103/><REACH who="0" step="1"/><D5/><REACH who="0" ten="146,318,276,250" step="2"/><U94/><E88/><V2/><F6/><W32/><G101/><T51/><D51/><U107/><E49/><V95/><F89/><W4/><G102/><T106/><AGARI ba="0,1" hai="37,41,45,62,66,68,74,79,82,97,103,106,128,131" machi="106" ten="30,8000,1" yaku="1,1,0,1,23,2,53,1" doraHai="113" doraHaiUra="75" who="0" fromWho="0" sc="146,90,318,-20,276,-20,250,-40" /><INIT seed="4,0,0,3,1,85" ten="236,298,256,210" oya="0" hai0="29,38,123,73,135,97,17,20,53,119,24,114,47" hai1="26,5,61,118,33,88,112,31,51,126,18,54,91" hai2="116,121,95,96,62,36,37,72,45,8,28,39,67" hai3="106,104,6,98,120,9,11,82,105,115,7,44,64"/><T13/><D123/><U122/><E118/><V124/><F121/><W14/><G120/><T0/><D119/><U100/><E122/><V46/><F116/><W34/><G34/><T19/><D135/><U41/><E126/><V4/><F72/><W35/><G35/><T12/><D114/><U87/><E112/><V56/><F28/><W111/><G115/><T69/><D69/><U27/><E5/><V48/><F48/><W117/><G117/><T16/><D73/><U102/><E41/><V127/><F124/><W131/><G131/><T71/><D71/><U133/><E61/><V60/><F60/><W134/><G111/><T23/><D0/><U84/><E133/><V30/><F30/><W108/><G108/><T76/><D76/><U57/><E18/><V66/><F66/><W113/><G113/><T81/><D81/><N who="1" m="49167" /><E33/><V49/><F127/><W107/><G134/><T70/><D70/><U130/><E130/><V109/><F109/><W3/><G64/><T1/><D1/><U55/><E54/><V42/><F42/><W103/><G82/><T10/><D38/><U99/><E99/><V21/><F39/><W129/><G129/><T132/><D97/><U43/><E43/><V93/><F36/><W125/><G125/><T63/><D132/><U22/><E27/><V80/><F37/><W65/><G65/><T40/><D40/><U52/><E55/><V68/><F68/><W25/><G25/><T89/><D19/><U77/><E77/><V101/><F67/><W86/><G86/><T83/><D63/><U32/><E32/><V74/><F62/><RYUUKYOKU ba="0,0" sc="236,-15,298,15,256,-15,210,15" hai1="22,26,31,51,52,57,87,91,100,102" hai3="3,6,7,9,11,14,44,98,103,104,105,106,107" owari="221,-27.9,313,41.3,241,4.1,225,-17.5" /></mjloggm>