<mjloggm ver="2.3"><GO type="225" lobby="0"/><UN n0="%E3%81%BF%E3%81%BF%E3%81%9A" n1="%E5%B6%BA%E4%B8%8A%E5%92%B2" n2="%70%68%65%6E%6F%6D%65" n3="%E3%83%96%E3%83%83%E3%83%91%E3%82%AA%E3%83%96%E3%83%81%E3%82%AD%E3%83%B3" dan="17,16,16,16" rate="2219.73,2180.96,2198.49,2113.77" sx="M,F,M,M"/><TAIKYOKU oya="0"/><INIT seed="0,0,0,4,5,116" ten="250,250,250,250" oya="0" hai0="87,2,19,8,5,16,20,18,68,76,26,27,107" hai1="108,128,34,73,15,37,67,84,104,9,74,75,66" hai2="45,38,44,123,0,35,120,81,41,39,12,93,133" hai3="61,99,118,23,98,103,65,46,121,78,28,60,112"/><T32/><D107/><U24/><E108/><V114/><F0/><W106/><G118/><T85/><D68/><U42/><E104/><V31/><F93/><W101/><G101/><T72/><BYE who="3" /><D72/><U4/><E128/><V117/><F12/><W6/><G6/><T49/><D49/><U83/><E42/><N who="2" m="22615" /><F117/><W54/><G54/><T125/><D125/><U96/><E37/><V77/><F133/><W79/><G79/><T102/><D102/><U113/><E96/><UN n3="%E3%83%96%E3%83%83%E3%83%91%E3%82%AA%E3%83%96%E3%83%81%E3%82%AD%E3%83%B3" /><V25/><F114/><W134/><G78/><T100/><D100/><U69/><E113/><V131/><F131/><W36/><G112/><T10/><D76/><U14/><E69/><V109/><F109/><W90/><G134/><T110/><D110/><U132/><E132/><V70/><F70/><W122/><G36/><T43/><D43/><U40/><E40/><V13/><F13/><W64/><G46/><T124/><D124/><U51/><E14/><V1/><F1/><W22/><G28/><N who="0" m="19479" /><D87/><U58/><E84/><V105/><F105/><W29/><G29/><N who="0" m="17639" /><D85/><U135/><E135/><V62/><F62/><W59/><G90/><T30/><D30/><N who="1" m="19783" /><E83/><V11/><F11/><AGARI ba="0,0" hai="2,5,8,10,11,16,18,19" m="17639,19479" machi="11" ten="30,18000,2" yaku="35,5,54,1" doraHai="116" who="0" fromWho="2" sc="250,180,250,0,250,-180,250,0" /><INIT seed="0,1,0,3,1,91" ten="430,250,70,250" oya="0" hai0="11,53,127,128,30,56,8,132,110,89,78,23,98" hai1="22,35,15,77,108,40,125,42,84,71,83,27,45" hai2="64,55,103,100,133,58,31,62,106,60,7,114,54" hai3="2,75,61,99,92,131,32,1,135,43,68,95,90"/><T20/><D127/><U129/><E71/><V107/><F114/><W44/><G32/><T85/><D128/><U80/><E125/><V96/><F133/><W67/><G135/><T26/><D132/><U0/><E108/><V119/><F119/><W97/><G131/><T120/><D120/><U87/><E0/><V126/><F126/><W51/><REACH who="3" step="1"/><G75/><REACH who="3" ten="430,250,70,240" step="2"/><T10/><D110/><U82/><E129/><V19/><F7/><W14/><G14/><T38/><D78/><N who="1" m="46103" /><E35/><V88/><F31/><W52/><G52/><T104/><D53/><U65/><E15/><V81/><F19/><W6/><G6/><T134/><D30/><N who="1" m="17783" /><E65/><V9/><F9/><W21/><G21/><T105/><D20/><U94/><E77/><V41/><F41/><N who="1" m="15977" /><E45/><V121/><F121/><W74/><G74/><T72/><D72/><U69/><E69/><V109/><F109/><W16/><G16/><T5/><D23/><U24/><E24/><V3/><F3/><W112/><G112/><T47/><D5/><U116/><E116/><V57/><F64/><W4/><G4/><T93/><D47/><U111/><E111/><V39/><F39/><W102/><AGARI ba="1,1" hai="1,2,43,44,51,61,67,68,90,92,95,97,99,102" machi="102" ten="20,8000,1" yaku="1,1,0,1,7,1,52,2,53,0" doraHai="91" doraHaiUra="73" who="3" fromWho="3" sc="430,-41,250,-21,70,-21,240,93" /><INIT seed="1,0,0,4,5,17" ten="389,229,49,333" oya="1" hai0="25,95,29,16,1,35,41,84,83,69,133,37,124" hai1="31,21,0,62,80,100,64,68,59,91,90,24,93" hai2="78,53,120,49,75,66,97,27,56,18,15,119,89" hai3="92,14,5,63,127,51,94,23,126,74,77,72,9"/><U26/><E0/><V102/><F119/><W108/><G108/><T129/><D69/><U67/><E68/><V70/><F120/><W112/><G112/><T65/><D124/><N who="3" m="47657" /><G51/><T96/><D65/><U43/><E43/><V101/><F75/><N who="3" m="28715" /><G77/><T81/><D1/><U79/><E67/><V131/><F131/><W32/><G32/><T132/><D129/><U123/><E26/><V116/><F116/><W28/><G63/><T8/><D41/><U87/><E123/><V57/><F78/><W10/><G10/><T114/><D37/><U128/><E128/><V52/><F70/><W38/><G38/><T34/><D114/><U122/><E122/><V6/><F66/><W60/><G60/><T47/><D47/><U19/><E19/><V104/><F6/><W11/><G11/><T110/><D34/><U73/><E73/><V71/><F71/><W61/><G61/><T2/><D110/><U20/><E20/><N who="2" m="13719" /><F15/><W3/><G3/><T82/><D2/><U54/><E54/><V125/><F125/><W76/><G76/><T42/><D42/><U7/><E7/><V86/><F104/><W50/><G50/><T44/><D44/><U46/><E46/><V30/><F30/><W40/><G40/><T121/><D121/><U33/><E33/><V130/><F130/><W98/><G28/><T48/><D48/><U117/><E117/><V12/><F12/><W55/><G55/><N who="2" m="21065" /><F49/><W36/><G36/><T45/><D8/><U99/><AGARI ba="0,0" hai="21,24,31,59,62,64,79,80,87,90,91,93,99,100" machi="99" ten="30,12000,1" yaku="0,1,25,2,8,1,52,1" doraHai="17" who="1" fromWho="1" sc="389,-40,229,120,49,-40,333,-40" /><INIT seed="1,1,0,4,1,6" ten="349,349,9,293" oya="1" hai0="110,98,77,43,49,16,35,46,27,84,119,104,48" hai1="21,40,13,33,34,92,81,87,52,128,32,76,10" hai2="116,41,96,9,123,55,117,101,80,38,134,8,108" hai3="2,24,122,18,120,99,26,25,30,63,83,86,50"/><U79/><E128/><V45/><F123/><W36/><G36/><T12/><D119/><U14/><E40/><V23/><F108/><W66/><G2/><T70/><D70/><U57/><E92/><V72/><F134/><W3/><G3/><T125/><D110/><U5/><E76/><V109/><F109/><W7/><G7/><T58/><D125/><U59/><E59/><V91/><F23/><N who="3" m="15711" /><G120/><T53/><D35/><U4/><E21/><V65/><F65/><W67/><G122/><T1/><D1/><U28/><E28/><V29/><F29/><W94/><G50/><T78/><D27/><N who="3" m="10313" /><G18/><T44/><D104/><U85/><E4/><V105/><F116/><W112/><G63/><N who="0" m="36303" /><D98/><U102/><E13/><V69/><F69/><W121/><G112/><T107/><D84/><U97/><E85/><V95/><F117/><W61/><G61/><T82/><D82/><U133/><E133/><V106/><F105/><W19/><G19/><T39/><D39/><U118/><E118/><V93/><F106/><W129/><G129/><T135/><D135/><U124/><E124/><V0/><F0/><W88/><G121/><T37/><D37/><U127/><E127/><V100/><F55/><W22/><G22/><N who="0" m="11527" /><D107/><N who="1" m="63951" /><E33/><V131/><F131/><W126/><G126/><T62/><D62/><N who="1" m="36135" /><E34/><V68/><F68/><W132/><G132/><T54/><AGARI ba="1,0" hai="43,44,46,48,49,54,77,78" m="11527,36303" machi="54" ten="30,2000,0" yaku="8,1,54,1" doraHai="6" who="0" fromWho="0" sc="349,23,349,-11,9,-6,293,-6" /><INIT seed="2,0,0,0,3,74" ten="372,338,3,287" oya="2" hai0="4,52,121,47,42,129,11,114,81,101,80,94,17" hai1="90,44,20,55,63,13,41,116,48,34,25,6,9" hai2="106,14,91,69,118,127,24,105,59,32,68,57,88" hai3="97,26,18,73,70,77,0,130,132,29,123,100,31"/><V117/><F14/><W10/><G123/><T109/><D121/><U37/><E34/><V84/><F32/><W95/><G130/><T67/><D114/><U103/><E116/><N who="2" m="44651" /><F84/><W50/><G132/><T21/><D109/><U85/><E103/><V104/><F24/><W54/><G70/><N who="2" m="27241" /><F127/><W134/><G134/><T99/><D129/><U43/><E37/><V89/><AGARI ba="0,0" hai="57,59,88,89,91,104,105,106" m="27241,44651" machi="89" ten="50,9600,0" yaku="28,2,54,1" doraHai="74" who="2" fromWho="2" sc="372,-32,338,-32,3,96,287,-32" /><INIT seed="2,1,0,2,0,89" ten="340,306,99,255" oya="2" hai0="133,65,68,97,100,42,115,119,26,118,6,63,87" hai1="57,81,90,44,131,132,72,88,19,37,3,27,36" hai2="66,126,24,75,76,122,129,46,51,2,49,79,30" hai3="116,16,125,53,85,56,62,5,103,22,108,84,102"/><V86/><F122/><W35/><G116/><N who="0" m="44587" /><D133/><U55/><E3/><V94/><F2/><W112/><G35/><T99/><D115/><U18/><E131/><V121/><F121/><W8/><G112/><T0/><D42/><U107/><E107/><V92/><F129/><W109/><G125/><T29/><D87/><N who="3" m="33353" /><G8/><N who="0" m="2119" /><D100/><U127/><E132/><V135/><F135/><W28/><G28/><T50/><D50/><N who="2" m="18954" /><F75/><W64/><G64/><T61/><D61/><U48/><E127/><V114/><F114/><W39/><G5/><T7/><D7/><U14/><E37/><V93/><F126/><W52/><G53/><T23/><AGARI ba="1,0" hai="23,26,29,63,65,68,97,99" m="2119,44587" machi="23" ten="30,1100,0" yaku="12,1" doraHai="89" who="0" fromWho="0" sc="340,14,306,-4,99,-6,255,-4" /><INIT seed="3,0,0,4,2,82" ten="354,302,93,251" oya="3" hai0="86,91,97,48,38,37,76,66,116,57,29,113,88" hai1="105,63,74,83,127,111,71,84,44,65,122,28,13" hai2="73,42,108,40,0,104,33,27,110,102,129,132,10" hai3="52,55,95,62,124,96,134,26,128,21,119,92,5"/><W115/><G115/><T64/><D116/><U23/><E122/><V61/><F42/><W67/><G119/><T58/><D113/><U80/><E111/><V1/><F40/><W39/><G39/><T78/><D86/><U118/><E105/><V123/><F123/><W56/><G124/><T53/><D29/><U85/><E127/><V135/><F73/><W24/><G128/><T7/><D7/><U133/><E133/><V41/><F41/><W125/><G134/><N who="2" m="51241" /><F61/><W34/><G125/><T16/><D16/><N who="1" m="10639" /><E71/><V60/><F60/><W11/><G34/><T106/><D48/><U79/><E74/><V3/><F102/><W70/><G70/><T31/><D31/><U4/><E28/><N who="2" m="19615" /><F104/><W90/><G95/><T75/><D106/><U12/><E118/><V87/><F87/><N who="1" m="33353" /><E44/><V36/><F36/><W6/><G26/><T117/><D75/><U68/><E68/><V15/><F129/><W47/><G47/><T45/><D45/><U100/><E100/><V32/><F32/><W112/><G112/><T101/><D117/><U17/><E79/><V49/><F49/><W46/><G46/><T25/><D101/><U103/><E103/><V30/><F30/><N who="3" m="17679" /><G67/><T99/><D25/><U59/><E4/><N who="3" m="1642" /><G55/><AGARI ba="0,0" hai="37,38,53,55,57,58,64,66,76,78,88,91,97,99" machi="55" ten="25,3200,0" yaku="22,2,54,1" doraHai="82" who="0" fromWho="3" sc="354,32,302,0,93,0,251,-32" owari="386,48.6,302,10.2,93,-40.7,219,-18.1" /></mjloggm>