<mjloggm ver="2.3"><GO type="225" lobby="0"/><UN n0="%E3%83%96%E3%83%83%E3%83%91%E3%82%AA%E3%83%96%E3%83%81%E3%82%AD%E3%83%B3" n1="%E3%82%B3%E3%83%90%E3%83%AC%E3%82%A4" n2="%E7%99%BD%E5%80%89%E5%AF%9B%E4%B9%8B" n3="%73%68%75%6D%70" dan="16,16,16,16" rate="2140.64,2162.13,2111.52,2115.12" sx="M,M,M,M"/><TAIKYOKU oya="0"/><INIT seed="0,0,0,0,4,13" ten="250,250,250,250" oya="0" hai0="107,118,67,41,47,36,71,120,53,111,35,122,124" hai1="56,98,81,16,4,86,27,9,132,114,72,57,49" hai2="59,104,44,34,62,46,113,55,7,43,69,17,70" hai3="73,128,106,40,85,78,63,26,133,11,6,94,33"/><T131/><RYUUKYOKU type="yao9" ba="0,0" sc="250,0,250,0,250,0,250,0" hai0="35,36,41,47,53,67,71,107,111,118,120,122,124,131" /><INIT seed="0,1,0,3,4,15" ten="250,250,250,250" oya="0" hai0="87,70,76,116,24,107,75,68,112,117,73,8,29" hai1="13,115,17,23,2,108,57,93,49,52,111,21,40" hai2="53,123,94,90,45,77,81,28,105,74,60,126,30" hai3="32,26,34,55,39,118,63,84,113,1,48,38,12"/><T0/><D112/><U54/><E115/><V85/><F123/><W121/><G1/><T128/><D87/><U89/><E2/><V25/><F126/><W46/><G118/><N who="0" m="45675" /><D128/><U86/><E40/><V65/><F105/><W78/><G121/><T41/><D41/><U69/><E69/><N who="0" m="26729" /><D76/><U97/><E23/><V120/><F120/><W127/><G127/><T133/><D133/><U109/><E54/><V42/><F53/><W131/><G84/><AGARI ba="1,0" hai="13,17,21,49,52,57,84,86,89,93,97,108,109,111" machi="84" ten="40,5200,0" yaku="14,1,52,1,54,1" doraHai="15" who="1" fromWho="3" sc="250,0,250,55,250,0,250,-55" /><INIT seed="1,0,0,1,0,27" ten="250,305,250,195" oya="1" hai0="121,36,56,51,81,110,52,37,34,98,116,127,103" hai1="83,114,131,100,19,124,97,78,60,102,0,89,92" hai2="134,58,86,101,128,17,16,22,104,88,73,117,107" hai3="11,119,43,122,82,91,54,65,95,93,18,1,115"/><U45/><E0/><V129/><F73/><W59/><G115/><T85/><D116/><U113/><E45/><V48/><F117/><W84/><G122/><T135/><D110/><U62/><E131/><N who="2" m="50251" /><F134/><W47/><G65/><T87/><D135/><U64/><E124/><V26/><F101/><W105/><G105/><N who="2" m="40521" /><F48/><W39/><G119/><T77/><D127/><U74/><E62/><V20/><F58/><W10/><G10/><T123/><D34/><U57/><E102/><V63/><F63/><W2/><G2/><T133/><D133/><U32/><E32/><V49/><F49/><W50/><REACH who="3" step="1"/><G18/><REACH who="3" ten="250,305,250,185" step="2"/><N who="2" m="7273" /><F26/><W31/><G31/><T109/><D109/><U67/><E64/><V5/><F5/><AGARI ba="0,1" hai="1,5,11,39,43,47,50,54,59,82,84,91,93,95" machi="5" ten="40,2600,0" yaku="1,1,53,1" doraHai="27" doraHaiUra="7" who="3" fromWho="2" sc="250,0,305,0,250,-26,185,36" /><INIT seed="2,0,0,1,3,3" ten="250,305,224,221" oya="2" hai0="73,128,63,22,69,46,45,6,41,12,105,60,1" hai1="109,10,84,77,118,107,111,29,8,124,42,2,68" hai2="98,0,9,51,112,48,76,80,37,44,5,115,17" hai3="16,62,72,104,14,7,61,52,135,30,35,70,25"/><V86/><F37/><W58/><G135/><T132/><D73/><U134/><E68/><V67/><F67/><W122/><G72/><T127/><D105/><U120/><E134/><V78/><F78/><W106/><G122/><T33/><D132/><U21/><E120/><V53/><F17/><W88/><G7/><T93/><D128/><U125/><E107/><V71/><F71/><W89/><G106/><T123/><D123/><U20/><E42/><V49/><REACH who="2" step="1"/><F98/><REACH who="2" ten="250,305,214,221" step="2"/><W129/><G129/><T24/><D69/><U121/><E121/><V103/><F103/><W19/><G19/><T18/><D18/><U131/><E77/><V55/><F55/><W38/><G38/><T99/><D99/><U64/><E64/><V90/><F90/><W110/><G110/><T15/><D41/><U57/><E131/><V108/><F108/><W92/><G89/><T27/><D127/><U13/><E111/><V74/><F74/><W32/><G70/><T36/><D36/><U102/><E109/><V100/><F100/><W81/><G88/><T87/><D87/><U130/><E130/><V43/><F43/><W133/><G16/><T4/><D1/><U117/><E84/><V66/><F66/><W75/><G52/><T34/><REACH who="0" step="1"/><D93/><REACH who="0" ten="240,305,214,221" step="2"/><U47/><E124/><V101/><F101/><W54/><G92/><T116/><D116/><U59/><E102/><V26/><F26/><W91/><G25/><T82/><D82/><U79/><E125/><V126/><F126/><W28/><G81/><T114/><D114/><AGARI ba="0,2" hai="0,5,9,44,48,49,51,53,76,80,86,112,114,115" machi="114" ten="40,7700,0" yaku="1,1,52,1,53,1" doraHai="3" doraHaiUra="40" who="2" fromWho="0" sc="240,-77,305,0,214,97,221,0" /><INIT seed="2,1,0,1,0,131" ten="163,305,311,221" oya="2" hai0="38,46,102,6,94,84,129,82,61,36,133,63,18" hai1="2,88,95,17,90,21,74,121,5,3,33,115,93" hai2="45,56,44,130,62,96,83,114,87,113,55,59,53" hai3="26,10,12,51,57,126,58,30,76,43,34,67,107"/><V80/><F130/><W106/><G126/><T54/><D129/><U20/><E74/><V27/><F96/><W85/><G107/><T119/><D6/><U134/><E33/><V101/><F101/><W47/><G106/><T8/><D119/><U72/><E72/><V0/><F0/><W78/><G67/><T9/><D133/><U117/><E117/><V81/><F87/><W91/><G76/><T120/><D120/><U70/><E70/><V86/><F86/><W92/><REACH who="3" step="1"/><G78/><REACH who="3" ten="163,305,311,211" step="2"/><N who="0" m="46167" /><D38/><U7/><E121/><V75/><F75/><W66/><G66/><T40/><D36/><U13/><E115/><V37/><F114/><W132/><G132/><T11/><D40/><U71/><E71/><V22/><F113/><W28/><G28/><T16/><D63/><U64/><E64/><V103/><F37/><W109/><G109/><T98/><D61/><U25/><E134/><V31/><F103/><W23/><G23/><T14/><D18/><AGARI ba="1,1" hai="10,12,18,26,30,34,43,47,51,57,58,85,91,92" machi="18" ten="30,2000,0" yaku="1,1,7,1,53,0" doraHai="131" doraHaiUra="99" who="3" fromWho="0" sc="163,-23,305,0,311,0,211,33" /><INIT seed="3,0,0,1,1,39" ten="140,305,311,244" oya="3" hai0="73,58,90,99,1,67,72,56,133,110,88,109,36" hai1="106,4,89,59,9,80,83,105,42,84,70,45,62" hai2="116,37,44,63,126,123,14,118,78,29,0,102,55" hai3="43,47,66,32,20,34,129,121,33,27,77,21,107"/><W122/><G107/><T75/><D1/><U93/><E70/><V11/><F0/><W92/><G129/><T108/><D133/><U117/><E117/><V103/><F78/><W96/><G66/><T48/><D36/><U12/><E106/><V127/><F29/><W120/><G77/><T10/><D10/><U16/><E105/><V125/><F123/><W26/><G26/><T61/><REACH who="0" step="1"/><D99/><REACH who="0" ten="130,305,311,244" step="2"/><U134/><E134/><V41/><F116/><W101/><REACH who="3" step="1"/><G27/><REACH who="3" ten="130,305,311,234" step="2"/><T5/><D5/><U15/><E4/><N who="2" m="3431" /><F118/><W135/><G135/><T97/><D97/><U3/><E3/><V19/><F19/><W50/><AGARI ba="0,2" hai="20,21,32,33,34,43,47,50,92,96,101,120,121,122" machi="50" ten="40,7800,0" yaku="1,1,0,1,52,1,53,0" doraHai="39" doraHaiUra="53" who="3" fromWho="3" sc="130,-26,305,-26,311,-26,234,98" owari="104,-39.6,279,-12.1,285,8.5,332,43.2" /></mjloggm>