<mjloggm ver="2.3"><GO type="225" lobby="0"/><UN n0="%E6%A1%9C%E8%8A%B1%E9%96%83%E3%80%85" n1="%E8%81%B7%E6%A5%AD%E3%80%81%E9%A2%A8%32" n2="%E9%A6%AC%E5%BC%95%E7%81%AB%33" n3="%E3%81%8B%E3%82%8F%E3%81%A1%E3%82%83%E3%82%93%35%38" dan="16,16,16,16" rate="2217.37,2152.14,2146.52,2140.61" sx="M,M,M,M"/><TAIKYOKU oya="0"/><INIT seed="0,0,0,5,0,84" ten="250,250,250,250" oya="0" hai0="133,75,63,92,18,111,20,99,47,101,3,122,74" hai1="67,127,98,108,12,34,114,106,26,83,102,126,123" hai2="22,59,51,94,130,16,85,19,23,14,44,132,41" hai3="37,56,65,104,97,112,61,113,110,107,79,38,118"/><T33/><D122/><U72/><E123/><V64/><F130/><W36/><G118/><T7/><D133/><U28/><E108/><V17/><F132/><W53/><G110/><T89/><D33/><U68/><E12/><V90/><F23/><W52/><G79/><T5/><D111/><U71/><E114/><V30/><F30/><W78/><G78/><T134/><D134/><U135/><E135/><V13/><F13/><W91/><G104/><T125/><D125/><N who="1" m="47627" /><E67/><V35/><F35/><W80/><G107/><T54/><D3/><U115/><E115/><N who="3" m="44106" /><G91/><T4/><D101/><U6/><E6/><V73/><F73/><W55/><G97/><T48/><REACH who="0" step="1"/><D63/><AGARI ba="0,0" hai="14,16,17,19,22,41,44,51,59,63,64,85,90,94" machi="63" ten="40,5200,0" yaku="8,1,52,1,54,1" doraHai="84" who="2" fromWho="0" sc="250,-52,250,0,250,52,250,0" /><INIT seed="1,0,0,3,4,21" ten="198,250,302,250" oya="1" hai0="114,51,71,134,1,45,55,127,24,14,4,79,30" hai1="105,107,38,34,25,125,70,116,26,44,97,66,124" hai2="16,0,61,135,17,74,86,100,23,133,82,41,37" hai3="111,75,98,52,96,56,50,49,20,48,29,104,128"/><U132/><E116/><V129/><F129/><W119/><G128/><T59/><D114/><U60/><E132/><N who="2" m="50763" /><F0/><W19/><G111/><T28/><D134/><U10/><E10/><V3/><F3/><W42/><G75/><T94/><D71/><U102/><E105/><V101/><F74/><W121/><G121/><T64/><D1/><U109/><E109/><V115/><F115/><W120/><G120/><T76/><D127/><N who="1" m="48715" /><E34/><V57/><F41/><AGARI ba="0,0" hai="25,26,38,41,44,60,66,70,97,102,107" m="48715" machi="41" ten="30,5800,0" yaku="18,1,52,2" doraHai="21" who="1" fromWho="2" sc="198,0,250,58,302,-58,250,0" /><INIT seed="1,1,0,0,0,104" ten="198,308,244,250" oya="1" hai0="27,131,44,84,38,67,79,124,111,102,29,5,69" hai1="86,68,22,17,57,8,64,116,125,78,31,16,98" hai2="24,119,49,112,20,43,50,41,110,81,72,120,46" hai3="76,114,9,126,83,25,55,18,65,48,117,80,33"/><U4/><E116/><V13/><F119/><W19/><G117/><T92/><D111/><U52/><E125/><V51/><F120/><W54/><G114/><T40/><D124/><U77/><E68/><V7/><F110/><W129/><G126/><T89/><D131/><U39/><E39/><V59/><F112/><W1/><G129/><T3/><D102/><U94/><E64/><V74/><F81/><W36/><G36/><T93/><D93/><U121/><E121/><V105/><F105/><W56/><G65/><T103/><D103/><U2/><E31/><V91/><F91/><W85/><G33/><T14/><D3/><U21/><E21/><V132/><F132/><W62/><G25/><T108/><D108/><U10/><E10/><V135/><F135/><W115/><G115/><T11/><D79/><U107/><E86/><V128/><F128/><W66/><G55/><T28/><REACH who="0" step="1"/><D27/><REACH who="0" ten="188,308,244,250" step="2"/><U12/><E107/><V106/><F106/><W53/><G83/><T101/><D101/><U100/><REACH who="1" step="1"/><E17/><REACH who="1" ten="188,298,244,250" step="2"/><V122/><F122/><W61/><G18/><T6/><D6/><U127/><E127/><V123/><F123/><W109/><G109/><T30/><D30/><U58/><E58/><V32/><F59/><N who="3" m="35055" /><G19/><T34/><D34/><U88/><E88/><V42/><F32/><W95/><G95/><T60/><AGARI ba="1,2" hai="5,11,14,28,29,38,40,44,60,67,69,84,89,92" machi="60" ten="30,4000,0" yaku="1,1,0,1,53,1" doraHai="104" doraHaiUra="87" who="0" fromWho="0" sc="188,63,298,-21,244,-11,250,-11" /><INIT seed="2,0,0,4,2,126" ten="251,277,233,239" oya="2" hai0="51,14,112,47,85,78,86,121,84,114,2,23,59" hai1="77,104,134,21,19,58,32,103,91,30,79,83,36" hai2="8,18,35,15,94,69,81,90,98,1,55,62,48" hai3="46,67,87,28,117,3,40,113,17,108,120,42,7"/><V38/><F38/><W24/><G117/><T49/><D121/><U4/><E36/><V109/><F35/><W118/><G118/><T13/><D2/><U116/><E116/><V12/><F1/><W39/><G120/><T75/><D59/><U74/><E77/><V102/><F109/><W82/><G108/><T110/><D110/><U131/><E134/><V100/><F69/><W53/><G113/><T9/><D75/><U25/><E4/><V89/><F62/><W5/><G3/><T93/><D93/><U119/><E119/><V107/><F15/><W127/><G42/><N who="0" m="24823" /><D51/><U0/><E0/><V45/><F107/><W99/><G127/><T43/><D43/><U122/><E122/><V72/><F72/><W26/><G67/><T63/><D63/><U52/><E91/><V97/><F97/><W133/><G133/><T73/><D23/><U50/><E103/><V56/><F56/><W88/><G53/><T64/><D64/><U34/><E104/><V66/><F66/><W106/><G106/><T125/><D14/><U124/><E124/><V33/><F33/><N who="3" m="20615" /><G99/><T68/><D68/><U111/><E111/><V11/><F11/><W41/><G41/><T61/><D61/><U31/><E34/><V60/><F60/><W128/><G26/><T57/><D57/><U92/><E92/><V71/><F71/><W16/><G39/><T130/><D125/><U10/><E10/><V54/><F54/><W80/><G40/><T101/><D101/><U6/><E6/><N who="3" m="2058" /><G46/><T70/><D112/><U29/><E32/><V37/><F37/><W135/><G135/><RYUUKYOKU ba="0,0" sc="251,-15,277,15,233,15,239,-15" hai1="19,21,25,29,30,31,50,52,58,74,79,83,131" hai2="8,12,18,45,48,55,81,89,90,94,98,100,102" /><INIT seed="2,1,0,0,1,97" ten="236,292,248,224" oya="2" hai0="93,54,119,83,111,33,12,103,80,89,41,75,55" hai1="63,70,22,39,47,92,27,73,26,71,128,46,38" hai2="35,9,104,120,19,58,30,53,131,10,132,13,81" hai3="123,29,40,48,6,78,23,18,100,68,49,116,109"/><V79/><F120/><W106/><G116/><T114/><D114/><U121/><E73/><V50/><F131/><W76/><G123/><T62/><D119/><U57/><E121/><V122/><F122/><W34/><G68/><N who="1" m="26154" /><E92/><V74/><F132/><W118/><G118/><T113/><D41/><N who="1" m="22839" /><E22/><V0/><F104/><W86/><G34/><T36/><D62/><U98/><E98/><V5/><REACH who="2" step="1"/><F35/><REACH who="2" ten="236,292,238,224" step="2"/><W3/><G106/><T90/><D33/><U25/><E128/><V8/><F8/><W61/><G109/><T134/><D111/><U105/><E105/><V115/><F115/><W125/><G125/><T16/><D134/><U56/><E25/><V94/><F94/><W101/><G23/><T4/><D93/><U44/><E26/><V77/><F77/><W85/><G78/><T96/><D113/><U24/><E27/><V60/><F60/><W15/><G61/><T107/><D107/><U127/><E24/><V130/><F130/><W124/><G76/><T129/><D129/><U87/><E127/><V52/><F52/><W51/><G124/><T84/><D54/><N who="1" m="34199" /><E87/><V67/><F67/><W102/><G40/><T88/><D84/><U32/><E32/><V7/><F7/><W31/><G6/><T91/><D4/><U37/><E57/><V65/><F65/><W133/><G133/><T110/><D110/><U17/><E17/><V126/><F126/><W99/><G86/><T14/><D16/><U42/><E42/><V20/><F20/><N who="3" m="11359" /><G85/><T112/><N who="0" m="22528" /><DORA hai="72" /><T59/><D112/><U2/><E2/><V28/><AGARI ba="1,1" hai="0,5,9,10,13,19,28,30,50,53,58,74,79,81" machi="28" ten="30,6000,0" yaku="1,1,0,1,52,1,53,0" doraHai="97,72" doraHaiUra="135,95" who="2" fromWho="2" sc="236,-21,292,-21,238,73,224,-21" /><INIT seed="2,2,0,4,4,54" ten="215,271,311,203" oya="2" hai0="57,132,110,68,43,38,55,23,40,32,9,3,48" hai1="26,95,35,28,6,90,102,13,51,84,52,70,116" hai2="67,34,107,80,69,24,10,109,50,125,72,112,17" hai3="81,101,45,18,65,94,113,88,14,77,74,126,0"/><V123/><F112/><W53/><G126/><T91/><D32/><U118/><E70/><V96/><F123/><W11/><G113/><T105/><D110/><U62/><E62/><N who="2" m="40183" /><F50/><W82/><G65/><T64/><D132/><U100/><E102/><N who="2" m="62919" /><F10/><W127/><G127/><T106/><D23/><U120/><E120/><V108/><F17/><W92/><G0/><T76/><D91/><U97/><E6/><V83/><F125/><W33/><G33/><T130/><D130/><U36/><E36/><V58/><F58/><W42/><G101/><T66/><D76/><U78/><E13/><V2/><F2/><W5/><G5/><N who="0" m="1215" /><D40/><U15/><E15/><V134/><F134/><W47/><G53/><T135/><D66/><U60/><E60/><V39/><F39/><W128/><G128/><T114/><D114/><U56/><REACH who="1" step="1"/><E78/><REACH who="1" ten="215,261,311,203" step="2"/><N who="2" m="44103" /><F83/><AGARI ba="2,1" hai="26,28,35,51,52,56,83,84,90,95,97,100,116,118" machi="83" ten="30,7700,0" yaku="1,1,7,1,52,1,54,1,53,0" doraHai="54" doraHaiUra="8" who="1" fromWho="2" sc="215,0,261,93,311,-83,203,0" /><INIT seed="3,0,0,1,3,3" ten="215,354,228,203" oya="3" hai0="113,50,32,20,27,62,52,67,107,135,46,33,21" hai1="105,26,12,99,90,88,130,81,134,24,48,78,57" hai2="122,108,14,7,95,75,102,4,70,83,65,73,10" hai3="71,9,5,60,94,77,51,41,74,118,19,121,29"/><W0/><G118/><T117/><D117/><U115/><E115/><V80/><F108/><W128/><G121/><T54/><D113/><U69/><E69/><V104/><F104/><W23/><G128/><T123/><D123/><U112/><E112/><V30/><F122/><W59/><G71/><T53/><D107/><U100/><E134/><V11/><F30/><W129/><G129/><T110/><D110/><U87/><E12/><V101/><F70/><W131/><G131/><T76/><D76/><U114/><E130/><V39/><F14/><W97/><G77/><T15/><D135/><U13/><E13/><V133/><F133/><W92/><G74/><T42/><D15/><U16/><E16/><V2/><F95/><W82/><G82/><T124/><D124/><U125/><E125/><V40/><F40/><W56/><G29/><T66/><D20/><U85/><E114/><V109/><F109/><W34/><G34/><T25/><D27/><U86/><E86/><V127/><F127/><W61/><G94/><T38/><D38/><U43/><E43/><V37/><F2/><W18/><G60/><T49/><D49/><U106/><E106/><V111/><F111/><W72/><G72/><T6/><D6/><U96/><E96/><V120/><F120/><W119/><G119/><T79/><D79/><U44/><E57/><N who="3" m="22090" /><G61/><T84/><D84/><U17/><E17/><N who="3" m="6154" /><G23/><T89/><D62/><U8/><E8/><V126/><F126/><W98/><G92/><T45/><D45/><U36/><E36/><V132/><F132/><W63/><G63/><T35/><D89/><RYUUKYOKU ba="0,0" sc="215,10,354,-30,228,10,203,10" hai0="21,25,32,33,35,42,46,50,52,53,54,66,67" hai2="4,7,10,11,37,39,65,73,75,80,83,101,102" hai3="0,5,9,41,51,97,98" /><INIT seed="3,1,0,2,0,51" ten="225,324,238,213" oya="3" hai0="121,22,68,9,115,23,26,119,85,34,12,88,31" hai1="48,94,1,33,117,25,17,16,91,132,11,80,93" hai2="0,72,14,86,74,21,125,10,59,90,109,73,43" hai3="112,79,64,131,39,103,78,102,128,61,81,13,36"/><W29/><G29/><T57/><D121/><U84/><E132/><V46/><F0/><W44/><G13/><T67/><D68/><U40/><E117/><V124/><F109/><W92/><G112/><T110/><D119/><U18/><E33/><V104/><F59/><W77/><G81/><T66/><D110/><U27/><E1/><V63/><F63/><W76/><N who="3" m="19456" /><DORA hai="97" /><W47/><G92/><N who="1" m="35434" /><E11/><V35/><F21/><W38/><G61/><T98/><D98/><U60/><E60/><V45/><F104/><W8/><G64/><T133/><D57/><U6/><E6/><V106/><F106/><W130/><G8/><T82/><D115/><U37/><E37/><V129/><F35/><W5/><G5/><N who="0" m="3119" /><D34/><U71/><E71/><V89/><F72/><W105/><G105/><T100/><D133/><U123/><E123/><V56/><F73/><W101/><AGARI ba="1,0" hai="36,38,39,44,47,101,102,103,128,130,131" m="19456" machi="101" ten="60,48000,5" yakuman="40" doraHai="51,97" who="3" fromWho="3" sc="225,-161,324,-161,238,-161,213,483" owari="64,-43.6,163,-3.7,77,-32.3,696,79.6" /></mjloggm>