<mjloggm ver="2.3"><GO type="225" lobby="0"/><UN n0="%33%74%72%65%65" n1="%E3%83%81%E3%83%83%E3%82%BF%E3%82%BD%E3%83%BC" n2="%E4%BF%BA%E3%81%A8%E5%A6%96%E5%A4%A2" n3="%E6%98%93%E5%88%A9%E8%96%A9%E4%BC%AF" dan="17,16,16,17" rate="2225.91,2105.85,2126.02,2137.94" sx="F,F,F,F"/><TAIKYOKU oya="0"/><INIT seed="0,0,0,5,0,103" ten="250,250,250,250" oya="0" hai0="68,30,67,64,26,92,42,94,126,110,90,37,76" hai1="18,20,77,75,53,134,70,69,9,21,45,23,25" hai2="123,127,8,104,14,12,132,22,98,17,28,130,55" hai3="107,93,66,109,133,100,122,0,2,128,46,96,118"/><T44/><D126/><U59/><E134/><V112/><F123/><W72/><G118/><T36/><D110/><U74/><E45/><V125/><F112/><W47/><G109/><T87/><D76/><U82/><E9/><V124/><F132/><W51/><G133/><T15/><D37/><U101/><E74/><V3/><F55/><W60/><G122/><T54/><D68/><U99/><E69/><V135/><F135/><W83/><G47/><T88/><D15/><U33/><E33/><V61/><F61/><W16/><G128/><T10/><D10/><U57/><E57/><V11/><F130/><W129/><G93/><T111/><D54/><U121/><E70/><V48/><F48/><W41/><G129/><T19/><D19/><U97/><E97/><V131/><F131/><W85/><G72/><T34/><REACH who="0" step="1"/><D111/><REACH who="0" ten="240,250,250,250" step="2"/><U62/><REACH who="1" step="1"/><E121/><REACH who="1" ten="240,240,250,250" step="2"/><V120/><F120/><W58/><REACH who="3" step="1"/><G16/><REACH who="3" ten="240,240,250,240" step="2"/><T38/><D38/><U29/><E29/><V89/><F28/><W84/><G84/><AGARI ba="0,3" hai="26,30,34,36,42,44,64,67,84,87,88,90,92,94" machi="84" ten="30,11600,0" yaku="1,1,7,1,9,1,54,1,53,0" doraHai="103" doraHaiUra="4" who="0" fromWho="3" sc="240,146,240,0,250,0,240,-116" /><INIT seed="0,1,0,1,3,53" ten="386,240,250,124" oya="0" hai0="42,71,0,85,83,36,77,110,20,41,73,6,133" hai1="95,40,122,114,118,5,46,106,88,51,69,119,121" hai2="101,60,9,134,63,127,54,91,31,90,89,56,59" hai3="80,86,35,64,128,8,135,75,84,109,32,13,30"/><T120/><D120/><U115/><E106/><V25/><F134/><W125/><G135/><T44/><D133/><U11/><E69/><V74/><F127/><W47/><G125/><T37/><D71/><U7/><E122/><V39/><F39/><W16/><G109/><T14/><D110/><U79/><E79/><V99/><F74/><W19/><G128/><T98/><D98/><U108/><E108/><V65/><F9/><W2/><G2/><T15/><D85/><U70/><E70/><V132/><F132/><W105/><G105/><T100/><D100/><U62/><E62/><V102/><REACH who="2" step="1"/><F99/><REACH who="2" ten="386,240,240,124" step="2"/><W104/><G75/><T26/><D37/><U58/><E121/><V66/><F66/><W72/><G64/><T113/><D36/><U4/><E11/><V76/><F76/><W93/><G72/><T10/><D77/><U82/><E115/><V130/><F130/><W131/><G131/><T92/><D73/><U29/><E114/><V50/><F50/><W107/><G8/><T57/><D10/><U55/><E4/><V68/><F68/><W61/><G61/><T126/><D126/><U87/><E5/><V103/><F103/><W117/><G117/><T28/><D6/><U97/><E7/><V52/><F52/><W43/><G43/><T38/><D42/><U124/><E124/><V49/><F49/><W3/><G3/><T21/><D0/><U116/><E40/><V81/><F81/><W1/><G80/><T12/><D41/><U48/><E51/><V96/><F96/><W67/><G1/><T17/><D113/><U111/><E111/><RYUUKYOKU ba="1,1" sc="386,-10,240,-10,240,30,124,-10" hai2="25,31,54,56,59,60,63,65,89,90,91,101,102" /><INIT seed="1,2,1,2,3,119" ten="376,230,270,114" oya="1" hai0="28,64,44,16,77,102,69,48,116,93,52,70,58" hai1="86,91,118,125,8,66,82,23,14,90,134,3,18" hai2="126,50,21,42,29,71,39,62,89,56,103,30,73" hai3="101,112,45,40,61,110,54,24,123,65,107,131,15"/><U133/><E118/><V2/><F73/><W130/><G112/><T104/><D116/><U57/><E125/><V22/><F2/><W74/><G74/><T135/><D135/><U81/><E66/><V47/><F126/><W32/><G110/><T76/><D104/><U31/><E57/><V6/><F6/><W38/><G54/><T129/><D129/><U127/><E127/><V51/><F103/><W84/><G15/><T88/><D102/><U67/><E67/><N who="2" m="39367" /><F39/><W94/><G84/><N who="0" m="52359" /><D69/><U78/><E31/><N who="2" m="11787" /><F71/><W43/><G94/><T12/><D28/><U36/><E36/><V10/><F10/><W1/><G43/><N who="0" m="24607" /><D64/><U13/><E3/><V7/><F7/><W35/><G1/><T124/><D70/><U59/><E133/><V34/><F34/><W92/><G92/><T95/><D95/><U9/><E134/><V121/><F51/><W108/><G108/><T5/><D5/><U33/><E33/><V55/><F42/><W4/><G4/><T72/><D72/><U79/><E9/><V111/><F111/><W63/><G63/><N who="0" m="36295" /><D124/><U87/><REACH who="1" step="1"/><E59/><REACH who="1" ten="376,220,270,114" step="2"/><V20/><F47/><W99/><G35/><T85/><D85/><U100/><E100/><V132/><F132/><W25/><G32/><T0/><D0/><U83/><E83/><V26/><F20/><AGARI ba="2,2" hai="12,16,20,76,77" m="36295,24607,52359" machi="20" ten="30,7700,0" yaku="8,1,54,3" doraHai="119" who="0" fromWho="2" sc="376,103,220,0,270,-83,114,0" /><INIT seed="2,0,0,0,0,25" ten="479,220,187,114" oya="2" hai0="86,61,113,52,93,2,54,129,84,42,96,115,3" hai1="46,5,76,98,14,1,70,121,59,88,20,109,66" hai2="17,23,89,30,47,24,99,62,124,82,105,133,27" hai3="126,35,18,103,11,92,104,32,87,16,132,4,12"/><V48/><F133/><W33/><G126/><T21/><D42/><U94/><E70/><V13/><F124/><W29/><G132/><T135/><D135/><U15/><E109/><V50/><F105/><W134/><G134/><T90/><D129/><U97/><E121/><V45/><F62/><W68/><G68/><T37/><D37/><U100/><E76/><V22/><F13/><W95/><G104/><T77/><D21/><U36/><E1/><V131/><F131/><W118/><G118/><T75/><D75/><U56/><E66/><V83/><F99/><W40/><G40/><T71/><D71/><U119/><E119/><V43/><F89/><W9/><G103/><T60/><D96/><U49/><E36/><V102/><F102/><W80/><G29/><T34/><D90/><U110/><E110/><V108/><F108/><W6/><G95/><T128/><D93/><N who="1" m="56487" /><E14/><V10/><F10/><W127/><G92/><T130/><D77/><U81/><E81/><V19/><F30/><W111/><G111/><T64/><D64/><U122/><E122/><V8/><F8/><W31/><G127/><T39/><D39/><U28/><E5/><V117/><F117/><W41/><G41/><AGARI ba="0,0" hai="17,19,22,23,24,27,41,43,45,47,48,50,82,83" machi="41" ten="30,12000,1" yaku="7,1,32,3,8,1" doraHai="25" who="2" fromWho="3" sc="479,0,220,0,187,120,114,-120" owari="479,57.9,220,-18.0,307,10.7,-6,-50.6" /></mjloggm>