<mjloggm ver="2.3"><GO type="225" lobby="0"/><UN n0="%E7%99%BD%E5%80%89%E5%AF%9B%E4%B9%8B" n1="%E7%89%B9%E6%9D%B1%E3%81%AF%E4%B8%96%E7%95%8C%E3%82%92%E6%95%91%E3%81%86" n2="%E6%B2%B3%E7%AB%A5%E3%81%AE%E3%83%AF%E3%82%AB%E3%83%9E%E3%83%84" n3="%E3%83%A9%E3%82%B9%E7%8E%87%EF%BC%93%E5%89%B2" dan="16,16,18,17" rate="2135.65,2201.08,2253.62,2192.03" sx="M,M,M,F"/><TAIKYOKU oya="0"/><INIT seed="0,0,0,4,0,128" ten="250,250,250,250" oya="0" hai0="120,20,132,56,73,25,6,37,52,91,131,98,28" hai1="100,111,112,29,71,47,3,16,26,117,106,51,14" hai2="31,2,119,72,121,9,36,58,27,105,19,32,43" hai3="23,81,82,126,95,53,103,67,84,69,108,66,133"/><T41/><D73/><U46/><E117/><V39/><F121/><W61/><G108/><T63/><D120/><U77/><E71/><V22/><F105/><W124/><G67/><T62/><D131/><U96/><E111/><V93/><F72/><W54/><G23/><T85/><D6/><U45/><E77/><V101/><F43/><W74/><G74/><T49/><D98/><U129/><E3/><V86/><F119/><W30/><G30/><T48/><D37/><U13/><E112/><V21/><F21/><W18/><G18/><T107/><D107/><U83/><E83/><V57/><F58/><W11/><G11/><T99/><D99/><U24/><E14/><N who="2" m="9591" /><F57/><W50/><G82/><N who="0" m="49591" /><D132/><U88/><E129/><V12/><F12/><W60/><G103/><T4/><D4/><U59/><E29/><V10/><F10/><W109/><G81/><T33/><D33/><U34/><E34/><V8/><F8/><W102/><G102/><T7/><D7/><U35/><E35/><V125/><F125/><W94/><G69/><T40/><D40/><U127/><E127/><V90/><F101/><W75/><G75/><T17/><D28/><U115/><E115/><V134/><F134/><W118/><G118/><T70/><D70/><U15/><E106/><V65/><F65/><W104/><G66/><T89/><D89/><U130/><E88/><V1/><F1/><W116/><G104/><T55/><D41/><U38/><E130/><V92/><F92/><W113/><G116/><T97/><D97/><U87/><E38/><N who="2" m="14379" /><F2/><W44/><G113/><T64/><D64/><RYUUKYOKU ba="0,0" sc="250,15,250,-15,250,15,250,-15" hai0="17,20,25,48,49,52,55,56,62,63" hai2="9,27,31,32,86,90,93" /><INIT seed="0,1,0,3,0,117" ten="265,235,265,235" oya="0" hai0="124,39,126,133,50,55,120,49,109,83,107,32,17" hai1="0,70,127,23,69,79,118,31,15,105,116,57,33" hai2="59,63,48,123,77,2,87,114,26,72,98,97,115" hai3="73,135,40,92,95,51,80,62,20,65,37,61,6"/><T86/><D39/><U21/><E105/><V5/><F72/><W82/><G135/><T67/><D107/><U104/><E104/><V96/><F48/><W14/><G37/><T71/><D133/><U129/><E0/><V128/><F128/><W68/><G62/><N who="0" m="40439" /><D32/><U18/><E33/><V10/><F26/><W38/><G38/><T74/><D74/><U41/><E41/><V56/><F56/><W78/><G80/><T34/><D34/><U122/><E79/><V22/><F22/><W110/><G20/><T25/><D25/><U119/><E129/><V43/><F43/><W121/><G121/><T89/><D17/><U90/><E122/><V36/><F36/><W84/><G73/><T125/><D109/><U113/><E113/><V108/><F108/><W99/><G99/><T91/><D120/><U64/><E90/><N who="0" m="34313" /><D55/><U85/><E85/><V58/><F58/><W45/><REACH who="3" step="1"/><G110/><REACH who="3" ten="265,235,265,225" step="2"/><T24/><D24/><U19/><E21/><V102/><F123/><W111/><G111/><T8/><D8/><AGARI ba="1,1" hai="6,8,14,40,45,51,61,65,68,78,82,84,92,95" machi="8" ten="40,5200,0" yaku="1,1,25,2,53,0" doraHai="117" doraHaiUra="53" who="3" fromWho="0" sc="265,-55,235,0,265,0,225,65" /><INIT seed="1,0,0,1,3,91" ten="210,235,265,290" oya="1" hai0="45,81,67,74,132,48,22,7,43,79,33,123,50" hai1="71,111,88,133,3,120,122,44,58,6,20,66,110" hai2="92,129,56,53,23,31,34,47,24,8,29,9,39" hai3="100,54,60,51,113,32,119,86,25,83,106,5,4"/><U89/><E71/><V1/><F129/><W38/><G38/><T116/><D33/><U102/><E102/><V30/><F47/><W75/><G75/><T78/><D116/><U37/><E133/><V18/><F39/><W108/><G113/><T134/><D123/><U15/><E3/><V35/><F1/><W17/><G108/><N who="1" m="41514" /><E66/><V98/><F34/><W64/><G100/><T84/><D67/><U128/><E58/><V76/><F76/><W2/><G106/><T59/><D79/><U121/><E128/><V40/><F40/><W62/><G2/><T97/><D74/><U99/><E99/><V27/><F24/><W73/><G73/><T10/><D97/><U69/><E69/><V85/><F85/><W61/><G64/><T105/><D105/><U77/><E77/><V96/><F96/><W52/><G54/><T87/><D87/><U107/><E107/><V118/><F35/><W57/><G119/><T42/><D22/><U41/><E20/><V65/><F118/><W93/><G32/><T46/><D59/><U12/><E12/><AGARI ba="0,0" hai="7,10,12,42,43,45,46,48,50,78,81,84,132,134" machi="12" ten="40,5200,0" yaku="9,1,25,2" doraHai="91" who="0" fromWho="1" sc="210,52,235,-52,265,0,290,0" /><INIT seed="2,0,0,1,3,115" ten="262,183,265,290" oya="2" hai0="13,111,0,48,94,35,3,5,135,60,43,52,20" hai1="45,69,6,123,85,110,40,100,7,126,34,88,41" hai2="82,109,30,32,134,12,117,59,1,70,118,103,127" hai3="130,33,36,129,120,68,49,76,80,51,54,26,86"/><V92/><F70/><W77/><G120/><T105/><D105/><U64/><E34/><V27/><F1/><W131/><G36/><T79/><D35/><U112/><E112/><V18/><F134/><W38/><G38/><T98/><D135/><U124/><E123/><V74/><F127/><N who="1" m="48681" /><E100/><V58/><F109/><W29/><G68/><T37/><D111/><U119/><E110/><V31/><F31/><W108/><G108/><T46/><D79/><U89/><E64/><V67/><F74/><W2/><G2/><T97/><D60/><U114/><E69/><V78/><F92/><W15/><G54/><T95/><D95/><N who="1" m="54671" /><E89/><V50/><F103/><W81/><REACH who="3" step="1"/><G15/><REACH who="3" ten="262,183,265,280" step="2"/><T57/><D0/><U133/><E133/><V107/><F12/><W99/><G99/><T11/><D3/><U61/><E114/><V84/><F67/><W8/><G8/><T4/><D97/><U102/><E102/><V75/><F107/><W96/><G96/><T73/><D98/><U121/><E121/><V16/><F75/><AGARI ba="0,1" hai="26,29,33,49,51,75,76,77,80,81,86,129,130,131" machi="75" ten="40,2600,0" yaku="1,1,19,1,53,0" doraHai="115" doraHaiUra="62" who="3" fromWho="2" sc="262,0,183,0,265,-26,280,36" /><INIT seed="3,0,0,4,4,92" ten="262,183,239,316" oya="3" hai0="71,66,28,80,119,47,6,44,23,49,61,83,36" hai1="104,130,19,103,73,76,30,38,60,40,116,102,52" hai2="51,45,18,81,34,117,110,74,95,4,94,129,13" hai3="10,37,39,90,14,109,12,42,125,35,85,3,20"/><W62/><G35/><T31/><D119/><U107/><E116/><V72/><F117/><W5/><G125/><T59/><D6/><U89/><E130/><V132/><F34/><W53/><G109/><T97/><D36/><U55/><E30/><N who="0" m="11305" /><D71/><U65/><E89/><V121/><F132/><W57/><G42/><N who="0" m="24727" /><D47/><U99/><E40/><V54/><F121/><W69/><G69/><T46/><D46/><U120/><E38/><V82/><F4/><W15/><REACH who="3" step="1"/><G20/><REACH who="3" ten="262,183,239,306" step="2"/><T88/><D23/><U93/><E120/><V134/><F110/><W131/><G131/><T16/><D16/><U123/><E123/><V128/><F18/><W33/><G33/><T86/><D86/><U77/><E19/><V22/><F22/><W43/><G43/><T41/><D41/><U64/><E64/><V75/><F128/><W122/><G122/><T100/><D100/><U101/><E101/><V124/><F124/><W67/><G67/><T8/><D8/><U78/><E73/><V27/><F129/><W111/><G111/><T7/><D7/><U29/><E29/><V108/><F108/><W106/><G106/><T63/><D63/><U115/><E115/><V113/><F113/><W105/><G105/><T127/><D127/><U1/><E1/><V9/><F9/><W133/><G133/><T17/><D17/><U11/><E11/><V135/><F135/><W70/><G70/><T91/><D97/><N who="1" m="59695" /><E107/><V50/><F134/><W114/><G114/><T84/><D84/><U98/><E98/><V58/><F74/><W56/><G56/><T96/><D59/><U118/><E118/><RYUUKYOKU ba="0,1" sc="262,-15,183,15,239,-15,306,15" hai1="52,55,60,65,76,77,78,99,103,104" hai3="3,5,10,12,14,15,37,39,53,57,62,85,90" owari="247,4.7,198,-30.2,224,-17.6,331,43.1" /></mjloggm>