<mjloggm ver="2.3"><GO type="225" lobby="0"/><UN n0="%E5%91%A8%E6%9D%B1" n1="%E3%81%8B%E3%82%8F%E3%81%A1%E3%82%83%E3%82%93%35%38" n2="%E4%BF%BA%E3%81%A8%E5%A6%96%E5%A4%A2" n3="%E6%97%A5%E6%9B%9C%E6%97%A5%E3%82%88%E3%82%8A%E3%81%AE%E4%BD%BF%E8%80%85" dan="17,16,16,16" rate="2226.66,2161.10,2205.92,2149.68" sx="M,M,F,M"/><TAIKYOKU oya="0"/><INIT seed="0,0,0,4,0,74" ten="250,250,250,250" oya="0" hai0="125,9,120,0,34,118,39,85,63,4,110,109,107" hai1="61,6,75,12,114,130,18,42,134,135,83,44,70" hai2="45,49,10,84,131,53,3,20,77,71,94,91,19" hai3="16,21,99,58,17,68,72,112,111,96,7,90,106"/><T33/><D39/><U119/><E119/><V79/><F71/><W52/><G68/><T30/><D107/><U48/><E130/><V28/><F131/><W41/><G112/><T92/><D118/><U66/><E114/><V40/><F3/><W124/><G72/><T65/><D120/><U11/><E75/><V60/><F10/><W51/><G111/><N who="0" m="42507" /><D30/><U59/><E83/><V116/><F28/><W105/><G124/><T8/><D125/><U88/><E88/><V78/><F116/><W126/><G126/><T133/><D133/><N who="1" m="50699" /><E70/><V67/><F67/><W23/><G106/><T82/><D92/><U87/><E87/><V2/><F2/><W31/><G105/><T50/><D50/><U117/><E117/><V122/><F122/><W76/><G31/><T46/><D46/><U104/><E104/><V32/><F32/><W13/><G51/><T24/><D24/><U103/><E103/><V123/><F123/><W43/><G99/><T36/><D36/><U97/><E97/><V108/><F108/><W86/><G96/><T56/><D9/><U81/><E81/><V38/><F38/><W26/><G26/><T14/><D0/><U128/><E128/><V37/><F37/><W115/><G115/><T25/><D25/><U93/><E93/><V54/><F60/><W22/><G13/><AGARI ba="0,0" hai="13,19,20,40,45,49,53,54,77,78,79,84,91,94" machi="13" ten="40,8000,1" yaku="8,1,52,3" doraHai="74" who="2" fromWho="3" sc="250,0,250,0,250,80,250,-80" /><INIT seed="1,0,0,1,3,101" ten="250,250,330,170" oya="1" hai0="61,22,29,5,69,99,47,25,84,62,6,116,36" hai1="24,45,120,75,0,123,56,46,94,59,88,43,80" hai2="1,109,4,104,37,33,72,65,48,18,64,106,55" hai3="58,83,85,78,90,21,51,38,114,35,19,86,103"/><U125/><E0/><V105/><F37/><W11/><G114/><T71/><D116/><U15/><E125/><V115/><F72/><W117/><G117/><T76/><D71/><U57/><E15/><V7/><F115/><W97/><G38/><T66/><D62/><U82/><E24/><V128/><F33/><W122/><G35/><T126/><D126/><U27/><E27/><V28/><F28/><W42/><G122/><T23/><D23/><U100/><E100/><V119/><F119/><W108/><G108/><T79/><D79/><U135/><E135/><V95/><F109/><W118/><G11/><T26/><D26/><U32/><E32/><V40/><F40/><W74/><G118/><T129/><D129/><U50/><E45/><V98/><F18/><W12/><G90/><T67/><D67/><U113/><E113/><V60/><F128/><W130/><G130/><T127/><D127/><U41/><E41/><V3/><F7/><W14/><G14/><T133/><D133/><U107/><E107/><V39/><F39/><W13/><G13/><T73/><D47/><U111/><E111/><V81/><F81/><N who="1" m="31337" /><E75/><V63/><F65/><W16/><G19/><T124/><D73/><U89/><E89/><V121/><F121/><W93/><REACH who="3" step="1"/><G42/><REACH who="3" ten="250,250,330,160" step="2"/><T110/><D36/><U70/><E70/><V2/><F4/><W49/><G49/><T91/><D110/><U31/><E31/><V134/><F134/><W53/><AGARI ba="0,1" hai="12,16,21,51,53,58,74,78,83,85,86,93,97,103" machi="53" ten="30,7900,0" yaku="1,1,0,1,54,1,53,1" doraHai="101" doraHaiUra="9" who="3" fromWho="3" sc="250,-20,250,-39,330,-20,160,89" /><INIT seed="2,0,0,3,3,135" ten="230,211,310,249" oya="2" hai0="55,0,110,5,80,40,31,98,78,95,28,86,92" hai1="26,68,70,127,2,39,13,3,46,11,99,94,22" hai2="63,53,88,54,130,56,14,106,132,45,79,9,125" hai3="93,75,30,119,133,15,66,60,27,121,131,42,107"/><V10/><F132/><W84/><G107/><T51/><D110/><U129/><E129/><V25/><F130/><W41/><G75/><T118/><D118/><U96/><E39/><V19/><F106/><W49/><G119/><T97/><D40/><U65/><E46/><V24/><F79/><W59/><G121/><T69/><D69/><U101/><E70/><V82/><F9/><W83/><G131/><T81/><D81/><U12/><E12/><V89/><F125/><W67/><G133/><T116/><D116/><U111/><E111/><V8/><F8/><W105/><G105/><T35/><D35/><U100/><E68/><V64/><F89/><W103/><G67/><T73/><D73/><U90/><E65/><V85/><F64/><W47/><G15/><T58/><D5/><U117/><E117/><V48/><AGARI ba="0,0" hai="10,14,19,24,25,45,48,53,54,56,63,82,85,88" machi="48" ten="30,12000,1" yaku="0,1,25,2,8,1,54,1" doraHai="135" who="2" fromWho="2" sc="230,-40,211,-40,310,120,249,-40" /><INIT seed="2,1,0,1,2,123" ten="190,171,430,209" oya="2" hai0="38,84,5,134,87,59,77,20,80,86,60,8,75" hai1="52,47,74,62,102,106,122,17,89,12,45,13,28" hai2="103,29,57,91,37,112,97,107,85,61,36,9,22" hai3="78,116,65,66,81,32,108,54,44,50,76,73,111"/><V133/><F112/><W24/><G116/><T56/><D134/><U0/><E0/><V113/><F113/><W90/><G78/><T34/><D34/><U117/><E117/><V131/><F133/><W71/><G90/><T101/><D101/><U51/><E74/><V120/><F120/><W43/><G54/><T3/><D60/><U25/><E122/><V14/><F131/><W48/><G48/><T92/><D92/><U79/><E79/><V100/><F100/><W105/><G105/><T135/><D135/><U68/><E89/><V55/><F22/><W35/><G24/><T99/><D99/><U98/><E47/><V53/><F53/><W1/><G1/><T115/><D115/><U42/><E17/><V33/><F29/><W119/><G119/><T132/><D132/><U72/><E72/><V26/><F26/><W30/><G30/><T63/><D63/><U40/><E40/><V6/><F33/><N who="3" m="12875" /><G71/><T109/><D20/><U93/><E93/><AGARI ba="1,0" hai="6,9,14,36,37,55,57,61,85,91,93,97,103,107" machi="93" ten="30,1500,0" yaku="7,1" doraHai="123" who="2" fromWho="1" sc="190,0,171,-18,430,18,209,0" /><INIT seed="2,2,0,5,3,104" ten="190,153,448,209" oya="2" hai0="99,29,3,71,34,73,91,129,19,121,58,83,44" hai1="33,53,128,22,90,114,89,127,10,80,16,26,87" hai2="66,14,115,36,124,17,125,118,100,78,105,84,51" hai3="81,134,132,57,82,39,96,2,43,45,122,123,119"/><V15/><F115/><W60/><G2/><T88/><D71/><U102/><E114/><V97/><F118/><W1/><G1/><T7/><D121/><N who="3" m="46089" /><G96/><T116/><D116/><U86/><E128/><V72/><F84/><W108/><G119/><T37/><D58/><U24/><E127/><N who="2" m="48715" /><F36/><W48/><G108/><T28/><D19/><U106/><E106/><V92/><F66/><N who="3" m="39183" /><G39/><T56/><D99/><U4/><E102/><V120/><F120/><W21/><G21/><T42/><D56/><U109/><E109/><V95/><F15/><W101/><G101/><T25/><D29/><U27/><E53/><V32/><F32/><W70/><G70/><T35/><D35/><U20/><E33/><V135/><F95/><W75/><G75/><T79/><D129/><U112/><E112/><V5/><F5/><W63/><G63/><T6/><D6/><U133/><E133/><AGARI ba="2,0" hai="43,45,48,81,82,132,133,134" m="39183,46089" machi="133" ten="30,1000,0" yaku="20,1" doraHai="104" who="3" fromWho="1" sc="190,0,153,-16,448,0,209,16" /><INIT seed="3,0,0,5,0,17" ten="190,137,448,225" oya="3" hai0="33,5,74,35,31,51,97,93,22,37,122,13,60" hai1="73,55,83,107,80,27,54,46,19,16,133,21,118" hai2="78,66,76,3,126,4,26,130,134,131,70,125,9" hai3="68,101,127,77,85,112,34,29,71,63,61,41,0"/><W98/><G0/><T47/><D122/><U123/><E123/><V52/><F134/><W119/><G85/><T12/><D74/><U15/><E118/><V59/><F26/><W65/><G77/><N who="2" m="29801" /><F66/><W88/><G41/><T108/><D108/><U38/><E107/><V90/><F90/><W128/><G29/><T67/><D37/><U106/><E106/><V81/><F81/><W79/><G34/><T115/><D5/><U40/><E133/><V89/><F89/><W14/><G65/><T10/><D10/><U135/><E135/><V62/><F70/><W82/><G82/><T24/><D35/><U49/><E73/><V39/><F39/><W103/><G79/><T104/><D33/><U2/><E2/><V75/><F75/><W113/><G71/><T32/><D32/><U84/><E80/><V23/><F23/><W36/><G68/><T56/><D115/><U100/><E100/><V132/><F132/><W95/><G103/><N who="0" m="60847" /><D104/><U6/><E38/><V45/><F45/><W53/><G36/><T44/><D44/><U72/><E72/><V11/><F11/><W48/><G113/><T20/><D20/><N who="1" m="11295" /><E6/><V116/><F116/><W96/><G112/><T25/><D25/><U94/><E83/><V86/><F86/><N who="3" m="52631" /><G101/><T1/><D1/><U124/><E124/><AGARI ba="0,0" hai="3,4,9,52,59,62,124,125,126,130,131" m="29801" machi="124" ten="30,2000,0" yaku="18,1,54,1" doraHai="17" who="2" fromWho="1" sc="190,0,137,-20,448,20,225,0" owari="190,-21.0,117,-38.3,468,56.8,225,2.5" /></mjloggm>