<mjloggm ver="2.3"><GO type="225" lobby="0"/><UN n0="%E9%A6%AC%E5%BC%95%E7%81%AB%33" n1="%E3%81%95%E3%81%8D%E3%81%9F%E3%81%BE%E6%9E%97%E6%AA%8E" n2="%E6%98%BC%E4%B8%8B%E3%81%8C%E3%82%8A%E3%81%AE%E5%9B%A3%E5%9C%B0%E5%A6%BB" n3="%E6%9C%88%E5%B3%B6%E5%9F%BA" dan="16,16,16,17" rate="2116.37,2092.66,2152.77,2175.97" sx="M,M,F,M"/><TAIKYOKU oya="0"/><INIT seed="0,0,0,2,5,21" ten="250,250,250,250" oya="0" hai0="65,64,130,123,119,53,103,50,33,69,73,47,35" hai1="129,75,12,9,46,29,125,10,71,77,6,131,25" hai2="26,24,118,3,83,52,92,1,90,22,81,85,96" hai3="87,18,128,121,133,116,78,63,99,62,109,42,106"/><T59/><D119/><U127/><E71/><V40/><F118/><W23/><G116/><T95/><D123/><U61/><E61/><V114/><F114/><W39/><G39/><T107/><D73/><U86/><E75/><V97/><F40/><W135/><G109/><T91/><D69/><U82/><E10/><V79/><F81/><N who="3" m="47543" /><G42/><T36/><D130/><N who="1" m="49675" /><E46/><V74/><F97/><W28/><G121/><T126/><D126/><U8/><E8/><V30/><F74/><W54/><G63/><T93/><D107/><U124/><E124/><V68/><F68/><W19/><G99/><N who="0" m="59887" /><D35/><AGARI ba="0,0" hai="6,9,12,25,29,35,77,82,86,125,127" m="49675" machi="35" ten="30,2000,0" yaku="19,1,52,1" doraHai="21" who="1" fromWho="0" sc="250,-20,250,20,250,0,250,0" /><INIT seed="1,0,0,4,3,98" ten="230,270,250,250" oya="1" hai0="78,1,25,112,85,92,44,106,86,117,76,129,15" hai1="97,16,36,130,131,54,90,2,75,99,79,9,4" hai2="89,108,91,41,27,57,81,38,62,88,133,55,110" hai3="104,66,105,67,47,59,118,19,46,68,113,120,58"/><U122/><E122/><V48/><F133/><W64/><G120/><T93/><D1/><U50/><E36/><V134/><F134/><W39/><G19/><T63/><D112/><U42/><E42/><V52/><F38/><W33/><G33/><T32/><D117/><U49/><E49/><V7/><F41/><N who="3" m="22847" /><G105/><T102/><D63/><U132/><E132/><V77/><F7/><W135/><G104/><T95/><D44/><U60/><E60/><V94/><F27/><W96/><G96/><N who="0" m="61767" /><D15/><N who="1" m="7279" /><E90/><V83/><F94/><W0/><G0/><T125/><D25/><U56/><E4/><V69/><F69/><W22/><G113/><T12/><D12/><U103/><E2/><V35/><F35/><W111/><G118/><T87/><D32/><U123/><E123/><V6/><F6/><W40/><G135/><T8/><D8/><U80/><E97/><V14/><F14/><W119/><G22/><T5/><D5/><U51/><E51/><V21/><F21/><W17/><G119/><T127/><D129/><N who="1" m="49163" /><E99/><V37/><F37/><W45/><G40/><T101/><D101/><AGARI ba="0,0" hai="50,54,56,75,79,80,101,103" m="49163,7279" machi="101" ten="30,11600,0" yaku="19,1,52,2,54,1" doraHai="98" who="1" fromWho="0" sc="230,-116,270,116,250,0,250,0" /><INIT seed="1,1,0,2,1,102" ten="114,386,250,250" oya="1" hai0="95,126,10,87,116,90,84,91,21,94,17,1,53" hai1="103,71,52,18,123,46,11,30,96,124,101,37,65" hai2="83,7,109,76,79,99,0,133,70,106,128,81,55" hai3="100,28,98,88,14,48,58,56,50,41,68,118,12"/><U131/><E123/><V89/><F70/><W125/><G68/><T29/><D126/><U63/><E124/><V86/><F109/><W23/><G125/><T132/><D132/><U59/><E131/><V93/><F133/><W61/><G118/><T57/><D116/><U85/><E30/><V43/><F128/><W67/><G50/><T33/><D29/><U51/><E85/><V78/><F43/><W74/><G74/><T112/><D112/><U20/><E11/><V122/><F122/><W115/><G115/><T66/><D33/><U75/><E75/><V107/><F55/><W119/><G119/><T44/><D10/><U114/><E114/><V62/><F62/><W121/><G121/><T108/><D108/><U127/><E127/><V15/><F0/><W19/><G28/><T113/><D113/><U24/><E96/><V73/><F7/><W117/><G117/><T72/><D72/><U6/><E6/><V3/><F15/><W36/><G36/><T40/><D1/><U49/><E49/><V39/><F39/><W31/><G14/><T5/><D5/><U32/><E32/><V135/><F3/><W34/><G31/><T42/><D66/><U13/><E13/><V4/><F4/><W64/><G64/><T104/><D104/><N who="2" m="39978" /><F135/><W129/><G34/><T16/><D44/><U82/><E82/><V69/><F69/><W60/><G129/><T8/><D8/><U130/><E130/><V77/><AGARI ba="1,0" hai="73,76,77,78,79,81,83,86,89,93,99" m="39978" machi="77" ten="30,16000,3" yaku="35,5,52,3" doraHai="102" who="2" fromWho="2" sc="114,-41,386,-81,250,163,250,-41" /><INIT seed="2,0,0,5,1,112" ten="73,305,413,209" oya="2" hai0="71,76,108,78,32,52,84,10,46,101,115,91,45" hai1="86,40,25,132,114,74,14,47,68,49,120,57,64" hai2="18,61,42,97,135,107,133,23,2,67,30,94,93" hai3="98,123,70,8,4,79,63,28,1,66,27,111,24"/><V26/><F2/><W89/><G123/><T116/><D115/><U129/><E114/><V62/><F42/><W54/><G111/><T77/><D32/><U36/><E120/><V109/><F109/><W110/><G110/><T90/><D108/><U60/><E74/><V13/><F107/><W128/><G128/><T0/><D71/><U126/><E129/><V99/><F93/><W35/><G79/><T51/><D101/><U55/><E132/><N who="2" m="50763" /><F67/><W65/><G27/><T17/><D45/><U50/><E126/><V121/><F121/><W31/><G31/><T118/><D91/><U12/><E50/><V117/><F99/><W81/><G54/><T80/><D0/><U3/><E3/><V75/><F75/><W96/><G66/><T88/><D90/><U87/><REACH who="1" step="1"/><E25/><REACH who="1" ten="73,295,413,209" step="2"/><V106/><F26/><W82/><G24/><T29/><D29/><U38/><E38/><V83/><F30/><W48/><G28/><T19/><D19/><U33/><E33/><V122/><F18/><W37/><G37/><T43/><D43/><U73/><E73/><V7/><F122/><W113/><G35/><T44/><D44/><U58/><E58/><V125/><F125/><W104/><G113/><T53/><D53/><U15/><AGARI ba="0,1" hai="12,14,15,36,40,47,49,55,57,60,64,68,86,87" machi="15" ten="30,7900,0" yaku="1,1,0,1,24,2,53,0" doraHai="112" doraHaiUra="22" who="1" fromWho="1" sc="73,-20,295,89,413,-39,209,-20" /><INIT seed="3,0,0,2,1,111" ten="53,384,374,189" oya="3" hai0="72,73,14,19,49,79,102,112,103,35,47,61,82" hai1="108,83,16,100,0,63,119,23,50,67,28,89,91" hai2="106,45,64,22,32,44,118,117,9,76,121,3,107" hai3="126,52,38,33,101,109,97,69,58,10,12,94,99"/><W41/><G69/><T110/><D110/><U96/><E108/><V43/><F32/><W88/><G33/><T37/><D37/><U65/><E0/><V15/><F64/><W11/><G109/><T17/><D35/><U46/><E119/><V77/><F22/><W53/><G126/><T93/><D73/><U95/><E28/><V30/><F30/><W127/><G127/><T59/><D93/><U120/><E120/><V39/><F121/><W71/><G71/><T130/><D130/><U134/><E134/><V48/><F3/><W116/><G116/><T51/><D103/><U90/><E63/><V81/><F77/><W68/><G68/><T8/><D102/><U26/><E83/><V133/><F133/><W25/><G25/><T135/><D17/><U55/><AGARI ba="0,0" hai="16,23,26,46,50,55,65,67,89,90,91,95,96,100" machi="55" ten="30,4000,0" yaku="0,1,8,1,54,1" doraHai="111" who="1" fromWho="1" sc="53,-10,384,40,374,-10,189,-20" owari="43,-45.7,424,52.4,364,16.4,169,-23.1" /></mjloggm>