<mjloggm ver="2.3"><GO type="225" lobby="0"/><UN n0="%E3%83%A9%E3%82%A4%E3%83%B3%E3%81%AE%E8%99%8E" n1="%E3%81%90%E3%81%A1%E3%82%84%E3%81%BE" n2="%E5%8D%A0%E3%81%84%E5%B8%AB%E8%A3%8F%E3%81%AA%E3%81%84%E3%81%97" n3="%E3%81%82%E3%81%B9%E3%81%99%E3%81%91" dan="16,16,17,16" rate="2156.38,2142.87,2178.20,2045.30" sx="M,M,M,M"/><TAIKYOKU oya="0"/><INIT seed="0,0,0,3,0,120" ten="250,250,250,250" oya="0" hai0="114,64,135,94,46,10,23,67,93,32,126,90,63" hai1="60,41,31,5,130,33,103,44,81,58,9,47,62" hai2="89,98,0,73,84,119,128,82,13,118,87,24,68" hai3="53,28,92,2,20,86,108,39,56,83,95,26,15"/><T12/><D114/><U45/><E130/><V79/><F0/><W117/><G117/><N who="2" m="44553" /><F68/><W96/><G39/><T134/><D32/><U113/><E113/><V11/><F24/><W21/><G2/><T42/><D23/><U77/><E41/><V100/><F128/><W55/><G108/><T8/><D126/><U124/><E124/><V122/><F122/><W40/><G40/><T50/><D67/><U132/><E132/><N who="0" m="50729" /><D90/><U107/><E31/><V38/><F38/><W1/><G1/><T37/><D37/><U105/><E103/><V74/><F13/><W115/><G96/><T27/><D27/><U59/><E33/><V7/><F11/><N who="0" m="4138" /><D12/><U101/><E9/><V129/><F7/><W49/><G55/><T80/><D80/><U48/><E5/><V123/><F123/><W71/><G115/><T99/><D99/><U104/><E101/><V112/><F112/><W91/><G71/><AGARI ba="0,0" hai="42,46,50,63,64,71,93,94" m="4138,50729" machi="71" ten="30,1500,0" yaku="20,1" doraHai="120" who="0" fromWho="3" sc="250,15,250,0,250,0,250,-15" /><INIT seed="0,1,0,0,1,20" ten="265,250,250,235" oya="0" hai0="81,4,64,108,53,3,58,118,60,106,86,90,54" hai1="47,32,9,129,130,19,83,2,18,29,134,55,133" hai2="84,42,67,110,17,98,35,94,45,91,76,115,46" hai3="111,10,57,126,121,100,5,74,48,11,116,78,1"/><T124/><D118/><U77/><E55/><V30/><F115/><W70/><G116/><T56/><D124/><U104/><E47/><V7/><F7/><W125/><G70/><T34/><D106/><U105/><E83/><V38/><F110/><W52/><G111/><T120/><D108/><U97/><E77/><V109/><F109/><W6/><G121/><T117/><D117/><U102/><E104/><V103/><F67/><W37/><G37/><T51/><D120/><U88/><E2/><V16/><F76/><W92/><G78/><T132/><D132/><N who="1" m="50795" /><E88/><V24/><REACH who="2" step="1"/><F45/><REACH who="2" ten="265,250,240,235" step="2"/><W123/><G123/><T13/><D64/><U79/><E79/><V87/><F87/><W96/><REACH who="3" step="1"/><G74/><REACH who="3" ten="265,250,240,225" step="2"/><T73/><D73/><U41/><E130/><V75/><F75/><W114/><G114/><T131/><D131/><U36/><E129/><V80/><AGARI ba="1,2" hai="16,17,24,30,35,38,42,46,80,84,91,94,98,103" machi="80" ten="20,12000,2" yaku="1,1,0,1,7,1,52,1,54,1,53,1" doraHai="20" doraHaiUra="82" who="2" fromWho="2" sc="265,-61,250,-31,240,143,225,-31" /><INIT seed="1,0,0,4,2,21" ten="204,219,383,194" oya="1" hai0="25,15,73,80,76,84,28,86,102,38,71,4,66" hai1="34,92,57,68,45,98,7,129,22,70,30,88,87" hai2="95,31,122,94,103,62,109,130,41,40,75,123,26" hai3="118,83,10,5,32,1,82,17,79,91,131,127,108"/><U37/><E129/><V104/><F109/><W81/><G108/><T27/><D38/><U105/><E34/><V16/><F75/><W43/><G131/><T46/><D46/><U101/><E7/><V39/><F130/><W51/><G127/><T125/><D125/><U60/><E45/><V121/><F104/><W58/><G32/><T47/><D47/><U89/><E37/><V90/><F39/><W99/><G43/><T69/><D102/><U23/><E89/><V9/><F62/><W115/><G115/><T124/><D124/><U78/><E78/><V54/><F54/><W50/><G118/><T120/><D120/><U33/><E33/><V35/><F103/><W67/><G79/><T12/><D66/><U106/><E106/><V107/><F107/><W8/><G99/><T65/><D65/><U97/><E97/><V0/><F94/><W24/><G91/><T29/><D76/><U20/><REACH who="1" step="1"/><E30/><REACH who="1" ten="204,209,383,194" step="2"/><V74/><F74/><W59/><G5/><T3/><D73/><U116/><E116/><V53/><F31/><W36/><G36/><T126/><D126/><U77/><E77/><V44/><F35/><W64/><G1/><T100/><D4/><U56/><E56/><V11/><F44/><W132/><G59/><T133/><D3/><U85/><E85/><N who="2" m="52687" /><F0/><W72/><G72/><T48/><D29/><U110/><E110/><V18/><F40/><W52/><G58/><T111/><D28/><U93/><E93/><V14/><F41/><W113/><G113/><T135/><D111/><U114/><E114/><V49/><F122/><W61/><G83/><RYUUKYOKU ba="0,1" sc="204,-10,209,30,383,-10,194,-10" hai1="20,22,23,57,60,68,70,87,88,92,98,101,105" /><INIT seed="1,1,1,4,5,69" ten="194,239,373,184" oya="1" hai0="135,53,123,47,22,86,29,33,84,98,104,58,63" hai1="92,103,122,108,110,57,15,48,24,35,131,37,51" hai2="102,68,88,82,20,42,25,46,6,117,27,128,120" hai3="99,50,32,67,34,71,70,10,96,95,61,66,91"/><U76/><E122/><V5/><F117/><W129/><G129/><T16/><D123/><U17/><E131/><V28/><F120/><W11/><G50/><T77/><D135/><U85/><E35/><V41/><F68/><W119/><G119/><T75/><D33/><U90/><E24/><V100/><F128/><W124/><G124/><T87/><D29/><U72/><E103/><N who="2" m="39467" /><F25/><W4/><G99/><T83/><D104/><U116/><E116/><V107/><F107/><W111/><G10/><T8/><D98/><U9/><E37/><V59/><F59/><W54/><G54/><T13/><REACH who="0" step="1"/><D47/><REACH who="0" ten="184,239,373,184" step="2"/><U45/><E45/><V112/><F46/><W106/><G106/><T12/><D12/><U89/><E89/><V3/><F88/><W1/><REACH who="3" step="1"/><G111/><REACH who="3" ten="184,239,373,174" step="2"/><T134/><D134/><U60/><E110/><V43/><F3/><W73/><G73/><T79/><D79/><U18/><E108/><V94/><F112/><W40/><G40/><T36/><D36/><U65/><E76/><V125/><F42/><W81/><G81/><T121/><D121/><U113/><E72/><V39/><F82/><W52/><G52/><T30/><D30/><U44/><E113/><V26/><F39/><W97/><G97/><T105/><D105/><U126/><E126/><V64/><F125/><W19/><G19/><T114/><D114/><U7/><E44/><V80/><F43/><W31/><G31/><T38/><D38/><U132/><E132/><V133/><F41/><W93/><G93/><T49/><D49/><AGARI ba="1,3" hai="7,9,15,17,18,48,49,51,57,60,65,85,90,92" machi="49" ten="40,2000,0" yaku="8,1" doraHai="69" who="1" fromWho="0" sc="184,-23,239,53,373,0,174,0" /><INIT seed="1,2,0,1,3,51" ten="161,292,373,174" oya="1" hai0="34,97,85,13,119,56,78,111,45,12,59,24,101" hai1="64,62,29,42,2,122,70,39,121,109,40,104,74" hai2="116,0,18,135,91,95,30,103,134,71,72,90,6" hai3="96,31,88,69,118,57,32,63,37,124,80,76,49"/><U77/><E42/><V120/><F116/><W130/><G37/><T16/><D119/><U107/><E29/><V75/><F120/><N who="1" m="46185" /><E2/><V33/><F71/><W36/><G36/><T89/><D111/><U11/><E11/><V105/><F105/><W102/><G118/><T28/><D78/><U35/><E35/><V110/><F110/><W117/><G117/><T48/><D12/><U81/><E109/><V55/><F0/><W61/><G130/><T5/><D5/><U83/><E83/><V44/><F6/><W17/><G124/><T22/><D101/><U67/><E67/><V94/><F103/><W65/><G49/><T112/><D112/><U52/><E52/><V92/><F30/><W38/><G102/><T108/><D108/><U3/><E3/><V4/><F33/><W19/><G38/><T114/><D114/><U68/><E68/><V41/><F4/><W7/><G7/><T27/><D27/><U73/><E74/><N who="2" m="28203" /><F41/><W60/><G31/><T127/><D127/><U53/><E53/><V66/><F66/><W46/><G32/><T9/><D34/><U86/><E86/><V93/><F18/><N who="3" m="6667" /><G46/><AGARI ba="2,0" hai="39,40,46,62,64,70,73,77,81,104,107" m="46185" machi="46" ten="30,1500,0" yaku="23,1" doraHai="51" who="1" fromWho="3" sc="161,0,292,21,373,0,174,-21" /><INIT seed="1,3,0,0,0,66" ten="161,313,373,153" oya="1" hai0="26,77,101,63,131,112,16,30,52,89,19,54,47" hai1="56,2,99,40,122,21,79,59,27,22,135,100,10" hai2="106,3,39,84,134,96,62,118,132,34,9,107,44" hai3="45,14,113,126,111,35,119,74,124,7,86,42,49"/><U1/><E122/><V103/><F118/><W125/><G113/><T0/><D112/><U32/><E135/><N who="2" m="51755" /><F34/><W25/><G119/><T29/><D0/><U75/><E56/><V117/><F117/><W20/><G74/><T13/><D131/><U50/><E22/><V12/><F3/><W5/><G111/><T98/><D77/><U57/><E40/><N who="2" m="22559" /><F62/><W104/><G104/><T102/><D63/><U67/><E99/><V128/><F84/><W31/><G86/><T53/><D47/><U76/><E76/><V73/><F73/><W80/><G80/><T33/><D30/><U17/><E1/><V133/><F133/><W94/><G94/><T70/><D70/><U55/><E32/><V38/><F38/><W85/><REACH who="3" step="1"/><G85/><REACH who="3" ten="161,313,373,143" step="2"/><T6/><D98/><U41/><E75/><V15/><F106/><W69/><G69/><T48/><D101/><U123/><E100/><V97/><F103/><W121/><G121/><T90/><D102/><U130/><E123/><V78/><F107/><W87/><G87/><T95/><D95/><U51/><E130/><V114/><F114/><W81/><G81/><T43/><D90/><U127/><E79/><V129/><F78/><W64/><G64/><T116/><D89/><U115/><E115/><V46/><F128/><W65/><G65/><T71/><D71/><U11/><E67/><V72/><F72/><W4/><G4/><T23/><D116/><U82/><E82/><V37/><F129/><W68/><G68/><T93/><D93/><U108/><E108/><V8/><F97/><W120/><G120/><T58/><D6/><RYUUKYOKU ba="3,1" sc="161,-10,313,-10,373,-10,143,30" hai3="5,7,14,20,25,31,35,42,45,49,124,125,126" /><INIT seed="2,4,1,0,0,69" ten="151,303,363,173" oya="2" hai0="42,34,100,122,8,102,61,41,38,57,17,105,93" hai1="131,28,114,48,4,99,36,37,52,67,70,87,125" hai2="120,80,82,23,27,106,103,59,60,47,12,14,22" hai3="129,134,79,55,76,111,104,112,91,85,96,50,108"/><V6/><F120/><W88/><G129/><T107/><D34/><U126/><E114/><V9/><F106/><W19/><G112/><T109/><D122/><U62/><E131/><V121/><F103/><N who="3" m="62567" /><G19/><T3/><D109/><N who="3" m="42057" /><G134/><T65/><D105/><U101/><E87/><V132/><F132/><W117/><G117/><T25/><D107/><N who="1" m="63935" /><E4/><V18/><F47/><N who="3" m="28127" /><G91/><T40/><D38/><U110/><E28/><N who="2" m="17527" /><F121/><W74/><G74/><T113/><D113/><U35/><E35/><V97/><F97/><W90/><G90/><T119/><D119/><U63/><E110/><V128/><F128/><W30/><G30/><T39/><D39/><U71/><E63/><V86/><F86/><W133/><G133/><T81/><D61/><U20/><E20/><V2/><F2/><W77/><G77/><T64/><D3/><U0/><E71/><V73/><F73/><W21/><G21/><T58/><D100/><U1/><E1/><V15/><F15/><W89/><G89/><T115/><D102/><U124/><E0/><V94/><F94/><AGARI ba="4,1" hai="76,79,85,88,94" m="28127,42057,62567" machi="94" ten="30,2000,0" yaku="14,1,54,1" doraHai="69" who="3" fromWho="2" sc="151,0,303,0,363,-32,173,42" /><INIT seed="3,0,0,5,5,126" ten="151,303,331,215" oya="3" hai0="78,108,69,73,132,21,33,55,66,61,31,109,75" hai1="101,133,52,15,115,111,1,117,57,53,98,13,35" hai2="103,129,102,65,86,82,128,95,0,80,93,134,104" hai3="6,131,94,43,72,27,4,54,88,77,127,121,14"/><W87/><G121/><T48/><D132/><U42/><E115/><V119/><F0/><W34/><G127/><T110/><D33/><U40/><E1/><V49/><F119/><W56/><G43/><N who="1" m="16426" /><E35/><V122/><F122/><W97/><G72/><T99/><D78/><U3/><E3/><V67/><F49/><W28/><G14/><T105/><D31/><U76/><E111/><V120/><F120/><W8/><G8/><T60/><D21/><U36/><E36/><V62/><F104/><W38/><G38/><T12/><D12/><U20/><E133/><V29/><F29/><W58/><G58/><T30/><D30/><U45/><E117/><V130/><F134/><W135/><G135/><T39/><D39/><U71/><E71/><V89/><F65/><W24/><G24/><T18/><D18/><U113/><E113/><V92/><F80/><W107/><G107/><T25/><D25/><U70/><E70/><AGARI ba="0,0" hai="62,67,70,82,86,89,92,93,95,102,103,128,129,130" machi="70" ten="50,8000,1" yaku="19,1,52,3" doraHai="126" who="2" fromWho="1" sc="151,0,303,-80,331,80,215,0" owari="151,-34.9,223,2.3,411,51.1,215,-18.5" /></mjloggm>