<mjloggm ver="2.3"><GO type="225" lobby="0"/><UN n0="%EF%BC%AE%EF%BC%A1%EF%BC%AF%33%33%39" n1="%E3%83%B4%E3%83%A0%EF%BC%99%E3%81%A6" n2="%E3%81%A0%E3%81%8A" n3="%E3%83%A9%E3%82%B9%E7%8E%87%EF%BC%93%E5%89%B2" dan="16,16,17,17" rate="2128.05,2131.76,2079.06,2200.65" sx="M,M,M,F"/><TAIKYOKU oya="0"/><INIT seed="0,0,0,3,5,5" ten="250,250,250,250" oya="0" hai0="128,28,1,0,9,19,91,87,20,93,107,111,18" hai1="45,30,113,125,35,76,31,110,13,122,99,74,59" hai2="118,51,95,58,114,37,55,64,104,38,96,23,121" hai3="16,49,86,127,92,56,63,133,120,65,25,77,44"/><T34/><D107/><U88/><E122/><V10/><F121/><W112/><G120/><T70/><D70/><U78/><E110/><V97/><F114/><W94/><G133/><T98/><D34/><U57/><E113/><V52/><F64/><W119/><G127/><T21/><D28/><U75/><E125/><V89/><F118/><W36/><G36/><T48/><D111/><U2/><E2/><V42/><F42/><W79/><G119/><T109/><D109/><U22/><E45/><V46/><F23/><N who="3" m="13543" /><G112/><T71/><D71/><U124/><E124/><V108/><F108/><W8/><G8/><T68/><D68/><U73/><E35/><V72/><F72/><W84/><G84/><T40/><D128/><U61/><E57/><V132/><F132/><W47/><G47/><N who="0" m="25703" /><D1/><U41/><E41/><V53/><F10/><W126/><G126/><T129/><D0/><U33/><E33/><V15/><F15/><W66/><G66/><T12/><D129/><U131/><E131/><V135/><F135/><W117/><G117/><T14/><D20/><U85/><E13/><V123/><F123/><W67/><G67/><T102/><D87/><U17/><E85/><V62/><REACH who="2" step="1"/><F55/><REACH who="2" ten="250,250,240,250" step="2"/><N who="3" m="30119" /><G79/><T101/><AGARI ba="0,1" hai="9,12,14,18,19,21,91,93,98,101,102" m="25703" machi="101" ten="30,3000,0" yaku="8,1,52,1" doraHai="5" who="0" fromWho="0" sc="250,40,250,-10,240,-10,250,-10" /><INIT seed="0,1,0,1,5,75" ten="290,240,230,240" oya="0" hai0="26,56,127,132,116,80,129,114,74,11,93,117,125" hai1="55,50,131,68,66,82,84,109,69,10,58,119,102" hai2="14,133,5,48,46,83,121,76,63,34,128,70,110" hai3="81,24,7,99,44,65,87,112,16,12,53,97,47"/><T135/><D26/><U21/><E119/><V43/><F121/><W23/><G112/><T17/><D17/><U25/><E109/><V64/><F34/><W101/><G65/><T2/><D56/><U113/><E131/><V120/><F128/><W96/><G101/><T33/><D33/><U42/><E113/><V73/><F110/><W27/><G53/><T49/><D49/><U36/><E102/><V98/><F133/><N who="0" m="51274" /><D114/><U19/><E66/><V123/><REACH who="2" step="1"/><F98/><REACH who="2" ten="290,240,220,240" step="2"/><W15/><G7/><N who="0" m="1527" /><D129/><U79/><REACH who="1" step="1"/><E10/><AGARI ba="1,1" hai="5,10,14,43,46,48,63,64,70,73,76,83,120,123" machi="10" ten="40,2600,0" yaku="1,1,52,1,53,0" doraHai="75" doraHaiUra="31" who="2" fromWho="1" sc="290,0,240,-29,220,39,240,0" /><INIT seed="1,0,0,3,1,1" ten="290,211,259,240" oya="1" hai0="37,124,73,34,108,31,133,116,114,45,52,74,27" hai1="22,127,102,109,2,129,131,106,28,101,47,43,29" hai2="19,38,90,91,30,40,135,134,56,42,84,16,115" hai3="39,111,0,18,33,57,9,58,130,64,78,77,97"/><U99/><E127/><V104/><F104/><W94/><G33/><T10/><D114/><U20/><E2/><V48/><F115/><W83/><G111/><T32/><D116/><U26/><E109/><V87/><F30/><W120/><G120/><T13/><D34/><U80/><E80/><V14/><F56/><W21/><G130/><T110/><D110/><U59/><E59/><V93/><F48/><W44/><G78/><T71/><D71/><U125/><E101/><V6/><F6/><N who="3" m="1223" /><G64/><T72/><D124/><U12/><E125/><V54/><F54/><W70/><G18/><N who="2" m="6697" /><F14/><W60/><G21/><T89/><D108/><U92/><E106/><V51/><F51/><W55/><G55/><T53/><D37/><U35/><E12/><V96/><F96/><W107/><G60/><T17/><D45/><U112/><E112/><V7/><F7/><W63/><G63/><T128/><D128/><N who="1" m="49227" /><E29/><V85/><F38/><AGARI ba="0,0" hai="20,22,26,28,35,38,43,47,92,99,102" m="49227" machi="38" ten="30,1500,0" yaku="19,1" doraHai="1" who="1" fromWho="2" sc="290,0,211,15,259,-15,240,0" /><INIT seed="1,1,0,1,4,61" ten="290,226,244,240" oya="1" hai0="51,108,112,64,4,96,54,85,68,124,121,69,24" hai1="37,65,87,18,15,71,40,11,7,45,92,109,50" hai2="129,49,43,107,23,35,22,1,46,33,110,60,132" hai3="70,62,81,97,125,94,39,119,9,128,135,41,20"/><U105/><E105/><V103/><F1/><W122/><G122/><T16/><D4/><U55/><E109/><V130/><F110/><W57/><G128/><N who="2" m="49257" /><F132/><W102/><G135/><T58/><D96/><U19/><E92/><V88/><F60/><W83/><G125/><T56/><D85/><U78/><E71/><V5/><F5/><W120/><G70/><T100/><D100/><U48/><E65/><V8/><F8/><W95/><G119/><T134/><D134/><U118/><E118/><V93/><F103/><W2/><G95/><T63/><D108/><U66/><E66/><V79/><F79/><W111/><G120/><T30/><D121/><U80/><E37/><V91/><F91/><W28/><G9/><T113/><D124/><U59/><AGARI ba="1,0" hai="7,11,15,18,19,40,45,48,50,55,59,78,80,87" machi="59" ten="20,12000,1" yaku="0,1,7,1,25,2,8,1" doraHai="61" who="1" fromWho="1" sc="290,-41,226,123,244,-41,240,-41" /><INIT seed="1,2,0,4,5,106" ten="249,349,203,199" oya="1" hai0="16,94,36,18,58,37,95,110,76,83,98,56,33" hai1="115,100,85,66,34,40,104,22,117,73,17,11,39" hai2="97,127,61,86,111,35,21,80,26,103,48,42,118" hai3="120,74,2,89,126,14,93,44,122,69,20,116,49"/><U107/><E73/><V54/><F118/><W1/><G69/><T96/><D33/><U82/><E117/><V124/><F35/><W51/><G116/><T132/><D83/><U62/><E115/><V4/><F111/><W135/><G135/><T59/><D76/><U99/><E34/><V53/><F4/><W78/><G126/><N who="2" m="48169" /><F61/><W112/><G112/><T27/><D27/><U30/><E11/><V19/><F48/><W72/><G78/><T52/><D110/><U47/><E30/><V23/><F23/><W13/><G93/><N who="0" m="35339" /><D132/><U130/><E130/><V25/><F25/><W50/><G50/><T5/><D5/><U84/><E107/><N who="2" m="63983" /><F42/><W32/><G32/><T46/><D46/><U3/><E3/><V108/><F108/><W101/><G101/><T133/><D133/><U15/><E82/><V9/><F9/><W102/><G102/><T0/><D0/><U71/><AGARI ba="2,0" hai="15,17,22,39,40,47,62,66,71,84,85,99,100,104" machi="71" ten="20,2100,0" yaku="0,1,7,1" doraHai="106" who="1" fromWho="1" sc="249,-9,349,27,203,-9,199,-9" /><INIT seed="1,3,0,3,1,134" ten="240,376,194,190" oya="1" hai0="124,18,45,97,80,106,23,59,117,72,127,94,91" hai1="99,27,88,60,129,69,130,90,70,4,74,37,77" hai2="33,135,47,115,113,75,14,31,49,7,111,1,28" hai3="120,56,68,76,5,12,13,21,107,26,35,30,79"/><U0/><E37/><V50/><F75/><W67/><G120/><T58/><D117/><U119/><E119/><V73/><F73/><W42/><G68/><T95/><D106/><U65/><E69/><V10/><F135/><W128/><G107/><T55/><D95/><U92/><E27/><V51/><F111/><W41/><G128/><N who="1" m="49258" /><E0/><V89/><F1/><W93/><G35/><T46/><D59/><U103/><E4/><V39/><F89/><W36/><G36/><T104/><D104/><U3/><E3/><V105/><F105/><W133/><G93/><T86/><D72/><U48/><E48/><V24/><REACH who="2" step="1"/><F31/><REACH who="2" ten="240,376,184,190" step="2"/><W6/><G30/><T19/><D45/><U96/><E96/><V82/><F82/><AGARI ba="3,1" hai="60,65,70,74,77,82,88,90,92,99,103" m="49258" machi="82" ten="30,2900,0" yaku="19,1,54,1" doraHai="134" who="1" fromWho="2" sc="240,0,376,48,184,-38,190,0" /><INIT seed="1,4,0,4,5,43" ten="240,424,146,190" oya="1" hai0="95,22,123,130,91,135,42,90,126,133,105,82,44" hai1="104,32,2,86,98,118,68,12,0,29,128,70,84" hai2="55,121,127,77,31,62,25,100,14,80,37,10,107" hai3="134,106,69,48,75,111,40,64,21,28,85,131,6"/><U66/><E118/><V57/><F127/><W119/><G75/><T108/><D105/><U26/><E128/><V79/><F37/><W16/><G106/><T99/><D126/><U112/><E112/><V13/><F121/><W54/><G131/><T116/><D116/><U18/><E68/><V41/><F41/><W122/><G122/><T102/><D130/><U1/><E70/><V125/><F125/><W5/><G40/><T11/><D123/><U101/><REACH who="1" step="1"/><E66/><REACH who="1" ten="240,414,146,190" step="2"/><V36/><F79/><W8/><G64/><T110/><D135/><U117/><E117/><V97/><F36/><W50/><G69/><T53/><D133/><U120/><E120/><V23/><REACH who="2" step="1"/><F10/><AGARI ba="4,1" hai="0,1,2,10,12,18,26,29,32,84,86,98,101,104" machi="10" ten="40,2000,0" yaku="1,1,53,0" doraHai="43" doraHaiUra="71" who="1" fromWho="2" sc="240,0,414,42,146,-32,190,0" /><INIT seed="1,5,0,0,0,101" ten="240,456,114,190" oya="1" hai0="52,36,122,65,15,75,91,7,98,9,128,42,11" hai1="18,71,134,126,54,6,41,74,8,124,55,70,83" hai2="84,123,19,2,107,34,22,23,32,20,85,45,40" hai3="95,82,50,35,68,27,28,31,1,93,59,129,90"/><U96/><E41/><V110/><F2/><W29/><G68/><T114/><D75/><U30/><E30/><V66/><F110/><W25/><G129/><T112/><D65/><U86/><E74/><V73/><F73/><W104/><G1/><T39/><D128/><U57/><E18/><V60/><F123/><W63/><G104/><T76/><D76/><U105/><E134/><V4/><F4/><W97/><G50/><T12/><D122/><U78/><E54/><V111/><F19/><W127/><G127/><T121/><D121/><U0/><E96/><V108/><F107/><W46/><G46/><T119/><D119/><U92/><E92/><V38/><F85/><W47/><G47/><T26/><D26/><U77/><E77/><V81/><F108/><W106/><G106/><T16/><D42/><U51/><E105/><V17/><F17/><W94/><G35/><T132/><D132/><U24/><E24/><N who="3" m="9290" /><G82/><T115/><D39/><U69/><AGARI ba="5,0" hai="0,6,8,51,55,57,69,70,71,78,83,86,124,126" machi="69" ten="40,2100,0" yaku="0,1" doraHai="101" who="1" fromWho="1" sc="240,-12,456,36,114,-12,190,-12" /><INIT seed="1,6,0,3,0,8" ten="228,492,102,178" oya="1" hai0="81,63,82,93,101,42,87,21,88,94,51,36,124" hai1="16,117,92,69,7,108,22,135,67,3,97,72,4" hai2="133,96,83,125,56,28,112,76,31,5,103,118,66" hai3="132,57,33,35,86,1,95,73,89,15,80,119,85"/><U44/><E117/><V0/><F118/><W46/><G119/><T59/><D36/><U11/><E72/><V55/><F66/><W65/><G1/><T60/><D124/><U120/><E120/><V74/><F133/><W43/><G132/><T20/><D63/><U122/><E122/><V58/><F112/><W49/><G73/><T19/><D21/><U129/><E135/><V126/><F5/><W23/><G65/><T40/><D93/><U121/><E121/><V75/><F0/><W105/><G105/><T12/><D101/><U30/><E7/><V14/><F14/><W34/><G57/><T13/><D13/><U115/><E115/><V2/><F56/><W116/><G116/><T18/><D18/><U98/><E129/><V37/><F37/><W6/><G34/><T29/><D29/><U10/><E10/><V9/><F9/><N who="3" m="4535" /><G23/><T50/><D50/><U78/><E69/><V48/><F75/><W53/><G53/><N who="0" m="32191" /><D60/><U70/><E70/><V134/><F2/><W62/><G62/><T64/><D64/><U41/><E67/><V123/><F123/><W100/><G100/><T61/><D61/><U54/><E3/><V71/><F71/><W26/><G26/><T102/><D102/><U27/><E27/><V130/><F130/><W110/><G110/><T79/><D82/><U127/><E108/><V113/><F113/><W38/><G38/><T68/><D68/><U99/><E11/><V111/><F111/><W104/><G104/><T84/><AGARI ba="6,0" hai="12,19,20,40,42,79,81,84,87,88,94" m="32191" machi="84" ten="30,7900,0" yaku="25,1,8,1,52,1,54,1" doraHai="8" who="0" fromWho="0" sc="228,97,492,-45,102,-26,178,-26" /><INIT seed="2,0,0,5,2,134" ten="325,447,76,152" oya="2" hai0="47,78,46,98,52,25,43,100,64,91,135,4,113" hai1="108,45,54,133,89,116,15,2,26,30,6,24,88" hai2="82,17,42,129,9,33,104,131,22,77,61,92,102" hai3="121,128,1,50,114,27,95,110,31,8,14,83,10"/><V58/><F33/><W71/><G71/><T101/><D113/><U57/><E116/><V97/><F42/><W69/><G69/><T56/><D64/><U36/><E2/><V117/><F117/><W49/><G121/><T96/><D4/><U66/><E133/><V74/><F9/><W87/><G1/><T112/><D78/><U84/><E108/><V86/><F74/><W111/><G10/><T20/><D91/><U62/><E6/><V132/><F132/><W118/><G128/><T80/><D80/><U60/><E15/><V99/><F99/><W106/><G106/><T115/><D135/><U11/><E11/><V127/><F127/><W94/><G114/><T12/><D12/><U3/><E3/><V35/><F35/><W44/><G118/><T23/><D25/><U34/><E24/><V123/><F123/><W37/><G37/><T125/><D56/><U130/><E130/><V79/><F79/><N who="3" m="46591" /><G49/><T18/><D43/><U51/><E84/><V53/><REACH who="2" step="1"/><F104/><REACH who="2" ten="325,447,66,152" step="2"/><W85/><G111/><T75/><D75/><U39/><E34/><V107/><F107/><W7/><G110/><T68/><D98/><U122/><E122/><V29/><F29/><W124/><G124/><T67/><D96/><U120/><E120/><V32/><F32/><N who="3" m="20607" /><G85/><T93/><D125/><U103/><E30/><V38/><F38/><W59/><G8/><T76/><D115/><U41/><E36/><V16/><F16/><W55/><G7/><T63/><D18/><U72/><E41/><V81/><F81/><W5/><G5/><T28/><D112/><U119/><E119/><RYUUKYOKU ba="0,1" sc="325,-10,447,-10,66,30,152,-10" hai2="17,22,53,58,61,77,82,86,92,97,102,129,131" /><INIT seed="2,1,1,4,0,0" ten="315,437,96,142" oya="2" hai0="13,11,97,5,112,104,134,73,19,126,82,102,78" hai1="64,111,127,118,124,94,76,100,52,17,93,48,99" hai2="62,88,95,74,46,66,29,59,10,96,33,40,113" hai3="87,37,35,42,89,133,98,120,85,38,41,129,72"/><V128/><F113/><W108/><G35/><T135/><D112/><U116/><E111/><V44/><F74/><W16/><G72/><T105/><D126/><N who="1" m="48171" /><E64/><V86/><F128/><W56/><G120/><T43/><D43/><U109/><E109/><V12/><F29/><W23/><G108/><T8/><REACH who="0" step="1"/><D104/><REACH who="0" ten="305,437,96,142" step="2"/><U1/><E116/><V79/><F33/><W90/><G42/><T71/><D71/><U123/><E118/><V121/><F121/><W54/><G41/><T70/><D70/><U9/><E123/><V130/><F130/><W25/><G129/><T119/><D119/><U45/><E76/><V69/><F69/><W68/><G68/><T7/><D7/><N who="1" m="1263" /><E17/><N who="2" m="8343" /><F40/><W6/><G6/><T4/><D4/><U39/><E39/><V51/><F51/><W107/><G38/><T53/><D53/><U106/><AGARI ba="1,2" hai="45,48,52,93,94,99,100,106" m="1263,48171" machi="106" ten="30,4000,0" yaku="18,1,52,1,54,1" doraHai="0" who="1" fromWho="1" sc="305,-11,437,63,96,-21,142,-11" /><INIT seed="3,0,0,0,2,72" ten="294,500,75,131" oya="3" hai0="109,73,117,86,2,1,12,41,43,85,8,58,93" hai1="28,46,114,9,87,22,51,67,132,0,108,70,20" hai2="92,14,62,89,131,26,19,88,39,101,91,125,65" hai3="107,103,102,32,129,79,122,59,111,110,94,24,116"/><W76/><G116/><T115/><D73/><U130/><E114/><V50/><F39/><W106/><G122/><T120/><D117/><U6/><E108/><N who="3" m="41514" /><G129/><T54/><D120/><U37/><E37/><V63/><F125/><W121/><G121/><T36/><D2/><U25/><E130/><V53/><F131/><W17/><G59/><T3/><D3/><U61/><E132/><V81/><F26/><W29/><G17/><T4/><D36/><U90/><E87/><V118/><F118/><W80/><G94/><T56/><D1/><U100/><E100/><N who="3" m="38442" /><G80/><T84/><D115/><U23/><E90/><V45/><F65/><W21/><G32/><T69/><D69/><U60/><E60/><V11/><REACH who="2" step="1"/><F81/><REACH who="2" ten="294,500,65,131" step="2"/><W98/><G98/><AGARI ba="0,1" hai="11,14,19,45,50,53,62,63,88,89,91,92,98,101" machi="98" ten="40,8000,1" yaku="1,1,2,1,8,1,54,1,53,0" doraHai="72" doraHaiUra="35" who="2" fromWho="3" sc="294,0,500,0,65,90,131,-80" owari="294,9.4,500,60.0,155,-24.5,51,-44.9" /></mjloggm>