<mjloggm ver="2.3"><GO type="225" lobby="0"/><UN n0="%E6%A1%9C%E8%8A%B1%E9%96%83%E3%80%85" n1="%E7%99%BD%E5%80%89%E5%AF%9B%E4%B9%8B" n2="%72%69%6F%75%63%68%61%6E" n3="%EF%BC%AE%EF%BC%A1%EF%BC%AF%33%33%39" dan="17,16,16,16" rate="2254.85,2179.26,2101.29,2200.80" sx="M,M,M,M"/><TAIKYOKU oya="0"/><INIT seed="0,0,0,1,0,125" ten="250,250,250,250" oya="0" hai0="52,130,84,23,131,12,62,116,33,90,7,25,115" hai1="107,10,71,93,96,21,8,91,82,49,29,24,101" hai2="27,57,133,78,94,87,59,114,132,0,89,51,99" hai3="86,85,64,40,108,68,22,129,55,3,13,118,75"/><T38/><D115/><U39/><E39/><V97/><F114/><W79/><G3/><T72/><D116/><U106/><E71/><V18/><F0/><W41/><G75/><T117/><D72/><U66/><E66/><V102/><F78/><W74/><G74/><T4/><D38/><U77/><E49/><V126/><F126/><W56/><G64/><T9/><D117/><U35/><E35/><V6/><F6/><W70/><G22/><T88/><D4/><U92/><E107/><V28/><F18/><W31/><G13/><T20/><D33/><U2/><E2/><V120/><F120/><W111/><G31/><T123/><D123/><U54/><E54/><V95/><F87/><W127/><G55/><T36/><D36/><U103/><E106/><V60/><F51/><W19/><G56/><N who="0" m="35079" /><D84/><N who="1" m="48207" /><E103/><V122/><F122/><W110/><G127/><T63/><D63/><U100/><E100/><V135/><REACH who="2" step="1"/><F60/><REACH who="2" ten="250,250,240,250" step="2"/><W67/><G118/><T65/><D25/><U34/><E34/><AGARI ba="0,1" hai="27,28,34,57,59,89,94,95,97,99,102,132,133,135" machi="34" ten="40,5200,0" yaku="1,1,2,1,20,1,53,0" doraHai="125" doraHaiUra="73" who="2" fromWho="1" sc="250,0,250,-52,240,62,250,0" /><INIT seed="1,0,0,0,5,43" ten="250,198,302,250" oya="1" hai0="82,13,17,106,9,37,66,45,46,1,28,5,63" hai1="123,14,120,47,81,26,89,54,86,83,0,42,50" hai2="104,133,35,15,59,93,76,111,129,68,114,119,22" hai3="125,122,44,84,74,52,25,132,126,24,16,70,121"/><U8/><E0/><V20/><F68/><W115/><G74/><T97/><D82/><U55/><E26/><V48/><F111/><W64/><G115/><T18/><D28/><U11/><E11/><V38/><F104/><W73/><G73/><T103/><D37/><U105/><E105/><V61/><F38/><W88/><G64/><T34/><D34/><U30/><E30/><V10/><F35/><W51/><G70/><T58/><REACH who="0" step="1"/><D18/><REACH who="0" ten="240,198,302,250" step="2"/><U57/><E83/><V91/><F114/><W101/><G132/><T32/><D32/><U99/><E99/><V94/><F133/><W96/><G121/><T80/><D80/><U116/><E116/><V124/><F119/><W41/><G122/><T29/><D29/><U36/><REACH who="1" step="1"/><E55/><REACH who="1" ten="240,188,302,250" step="2"/><V118/><F118/><W130/><G52/><T117/><D117/><U65/><E65/><V40/><F94/><W128/><G128/><T131/><D131/><U19/><AGARI ba="0,2" hai="8,14,19,36,42,47,50,54,57,81,86,89,120,123" machi="19" ten="20,7800,0" yaku="1,1,0,1,7,1,52,1,53,0" doraHai="43" doraHaiUra="2" who="1" fromWho="1" sc="240,-26,188,98,302,-26,250,-26" /><INIT seed="1,1,0,0,4,127" ten="214,286,276,224" oya="1" hai0="66,36,84,29,124,72,9,117,39,1,6,128,61" hai1="105,10,37,40,20,78,0,63,103,30,42,134,7" hai2="90,70,57,95,38,27,104,51,83,15,26,100,2" hai3="122,121,93,109,64,69,99,35,97,110,71,47,77"/><U88/><E134/><V45/><F2/><W17/><G35/><T131/><D117/><U112/><E112/><V120/><F120/><W13/><G77/><T58/><D72/><U123/><E78/><V133/><F70/><W56/><G47/><T102/><D124/><U59/><E37/><V73/><F133/><W49/><G49/><T126/><D126/><U85/><E123/><V62/><F38/><W11/><G56/><T87/><D29/><U12/><E103/><V65/><F73/><W33/><G33/><T46/><D102/><U32/><E32/><V106/><F83/><W113/><G99/><T125/><D125/><U114/><E105/><V82/><F82/><W41/><G41/><N who="0" m="22823" /><D39/><U53/><E114/><V107/><F15/><W31/><G31/><T19/><D19/><U5/><E5/><V76/><F76/><W54/><G113/><T55/><D66/><U116/><E116/><V91/><F100/><W18/><G18/><T52/><D55/><U101/><E101/><V75/><F75/><W119/><G54/><T21/><D21/><U130/><E0/><V34/><F34/><W25/><G119/><T80/><D80/><N who="1" m="49191" /><E130/><AGARI ba="1,0" hai="1,6,9,52,58,61,84,87,128,130,131" m="22823" machi="130" ten="30,8000,1" yaku="19,1,52,3,54,1" doraHai="127" who="0" fromWho="1" sc="214,83,286,-83,276,0,224,0" /><INIT seed="2,0,0,0,5,36" ten="297,203,276,224" oya="2" hai0="130,87,3,67,85,111,124,75,39,19,88,41,97" hai1="100,22,91,24,107,71,38,101,133,34,2,115,1" hai2="132,11,105,104,15,123,93,63,116,114,122,10,112" hai3="57,66,106,70,77,129,84,110,0,81,6,135,32"/><V68/><F63/><W12/><G106/><N who="2" m="41065" /><F93/><W25/><G0/><T99/><D75/><U73/><E38/><V119/><F15/><W76/><G70/><T30/><D30/><U17/><E73/><V52/><F52/><W80/><G32/><T86/><D19/><U49/><E133/><V20/><F20/><W134/><G25/><T117/><D97/><U92/><E115/><N who="2" m="44075" /><F68/><W9/><G66/><T60/><D99/><U62/><E34/><V72/><F72/><W37/><G57/><T90/><D86/><U42/><E107/><V43/><F43/><W65/><G65/><T74/><D87/><U23/><E23/><V33/><F33/><W69/><G69/><T108/><D85/><N who="1" m="52335" /><E2/><V103/><F103/><N who="1" m="39497" /><E1/><V113/><N who="2" m="44083" /><V47/><DORA hai="109" /><F47/><W54/><G84/><T35/><D67/><U64/><E71/><V4/><F132/><W82/><G135/><T120/><D35/><U31/><E64/><V44/><F44/><W46/><G46/><T27/><D74/><U55/><E62/><V40/><F40/><W50/><G134/><T51/><D41/><U89/><E42/><V8/><F4/><W121/><G6/><T94/><D60/><U78/><E89/><V29/><F29/><W16/><G37/><T59/><D90/><U26/><E31/><V18/><F18/><W13/><G16/><T127/><D88/><U95/><E95/><V126/><F126/><W45/><G45/><T83/><D127/><U21/><E17/><V128/><F128/><W102/><G129/><T131/><D124/><U56/><E78/><V58/><F58/><RYUUKYOKU ba="0,0" sc="297,-15,203,15,276,15,224,-15" hai1="21,22,24,26,49,55,56" hai2="8,10,11,116,119,122,123" /><INIT seed="2,1,0,3,0,57" ten="282,218,291,209" oya="2" hai0="107,23,22,131,19,32,71,44,87,100,12,68,119" hai1="61,123,55,39,75,36,70,104,67,6,17,133,74" hai2="129,83,24,112,106,103,45,128,73,9,16,76,18" hai3="134,85,89,21,110,108,124,49,82,121,25,101,38"/><V60/><F112/><W118/><G38/><N who="1" m="14378" /><E17/><V125/><F125/><W7/><G118/><T1/><D32/><U63/><E6/><V62/><F45/><W69/><G69/><T10/><D131/><N who="2" m="50250" /><F103/><W13/><G101/><T117/><D87/><U14/><E14/><N who="2" m="7247" /><F106/><W58/><G124/><T42/><D44/><U84/><E84/><V8/><F24/><W15/><G7/><T78/><D42/><U41/><E104/><V77/><F76/><W126/><G126/><T109/><D78/><U26/><E26/><V95/><F95/><W4/><G4/><T46/><D46/><U127/><E127/><V81/><F81/><W11/><G25/><T135/><D107/><U120/><E41/><V93/><F93/><W65/><G82/><T90/><D100/><U29/><E29/><V96/><F96/><W115/><G115/><T92/><D92/><U28/><E28/><V132/><F132/><W102/><G134/><T27/><D135/><U53/><E133/><V105/><F105/><W51/><G102/><T59/><D27/><U98/><E98/><V72/><F73/><W37/><G85/><T79/><D79/><U111/><E75/><V88/><F88/><W52/><G89/><T122/><D90/><U94/><E74/><V40/><F40/><W56/><G11/><T130/><D10/><U114/><E94/><V0/><F0/><W5/><G5/><T66/><D1/><U2/><E2/><V43/><F43/><W30/><G30/><T33/><D130/><U86/><E114/><V54/><F54/><W35/><G37/><T113/><D113/><RYUUKYOKU ba="1,0" sc="282,-10,218,-10,291,30,209,-10" hai2="8,18,60,62,72,77,83" /><INIT seed="2,2,0,0,3,23" ten="272,208,321,199" oya="2" hai0="15,126,14,22,45,118,88,13,85,112,70,59,2" hai1="101,128,24,35,46,39,134,40,65,38,66,121,135" hai2="42,8,33,94,28,98,18,81,92,48,31,83,16" hai3="3,63,0,58,119,60,11,32,47,53,122,108,43"/><V26/><F28/><W71/><G119/><T30/><D70/><U78/><E128/><V57/><F94/><W72/><G122/><T19/><D2/><U34/><E121/><V110/><F110/><W120/><G120/><T79/><D112/><U89/><E101/><V56/><F56/><W69/><G72/><T44/><D118/><U50/><E78/><V107/><F107/><W84/><G32/><N who="1" m="12330" /><E89/><V123/><F123/><W64/><G108/><T41/><D126/><U133/><E24/><V127/><F127/><W102/><G102/><T124/><D79/><U17/><E17/><V20/><F8/><W91/><G69/><T12/><D30/><U73/><E73/><V37/><F37/><AGARI ba="2,0" hai="37,38,39,40,46,50,65,66,133,134,135" m="12330" machi="37" ten="40,1300,0" yaku="20,1" doraHai="23" who="1" fromWho="2" sc="272,0,208,19,321,-19,199,0" /><INIT seed="3,0,0,0,4,102" ten="272,227,302,199" oya="3" hai0="44,66,110,121,112,119,107,48,89,126,10,117,87" hai1="86,76,72,98,37,8,120,75,81,109,93,128,79" hai2="105,18,125,59,118,29,35,49,82,129,25,67,133" hai3="70,52,50,106,83,80,23,135,68,40,94,17,46"/><W122/><G122/><T13/><D121/><U91/><E37/><V101/><F118/><W63/><G135/><T55/><D110/><U7/><E120/><V92/><F105/><W21/><G106/><T84/><D126/><U65/><E109/><V34/><F125/><W103/><G23/><T32/><D32/><U62/><E128/><V20/><F129/><W123/><G123/><T73/><D73/><U22/><E22/><V108/><F108/><W1/><G1/><T132/><D132/><U51/><E51/><V88/><F133/><W74/><G74/><T97/><D66/><U85/><E85/><N who="2" m="50231" /><F49/><W11/><G11/><T61/><D61/><U131/><E131/><V42/><F42/><W14/><G68/><T116/><D112/><U60/><E79/><V3/><F3/><W90/><G103/><T27/><D27/><U77/><E77/><V71/><F71/><W104/><G104/><T95/><D107/><U100/><E65/><V45/><F45/><W30/><G30/><T28/><D28/><U9/><E9/><V6/><F6/><W78/><G78/><T127/><D127/><U113/><E113/><V99/><F18/><W111/><G111/><T69/><D69/><U54/><E54/><V58/><F58/><N who="3" m="35271" /><G70/><T16/><AGARI ba="0,0" hai="10,13,16,44,48,55,84,87,89,95,97,116,117,119" machi="16" ten="30,2000,0" yaku="0,1,54,1" doraHai="102" who="0" fromWho="0" sc="272,20,227,-5,302,-5,199,-10" /><INIT seed="4,0,0,4,4,131" ten="292,222,297,189" oya="0" hai0="120,14,17,135,130,101,118,4,109,129,7,84,79" hai1="91,43,86,6,39,58,89,82,63,64,69,112,67" hai2="96,16,110,10,62,99,102,81,122,80,8,50,94" hai3="134,25,128,13,34,116,52,127,113,125,105,37,104"/><T2/><D135/><U35/><E35/><V71/><F110/><W72/><RYUUKYOKU type="yao9" ba="0,0" sc="292,0,222,0,297,0,189,0" hai3="13,25,34,37,52,72,104,105,113,116,125,127,128,134" /><INIT seed="4,1,0,3,5,72" ten="292,222,297,189" oya="0" hai0="1,55,28,7,103,67,92,39,83,9,127,71,18" hai1="112,94,4,84,105,46,41,61,48,129,8,104,36" hai2="13,125,80,86,75,101,16,69,91,110,33,30,131" hai3="25,3,45,43,78,98,123,53,58,97,35,111,24"/><T74/><D39/><U107/><E129/><V79/><F110/><W118/><G111/><T42/><D42/><U63/><E112/><V11/><F69/><W62/><G3/><T124/><D28/><U95/><E36/><V15/><F131/><W126/><G118/><T76/><D55/><U50/><E50/><V29/><F33/><W32/><G126/><N who="0" m="48171" /><D18/><U27/><E27/><V90/><F125/><W88/><G123/><T100/><D92/><U93/><REACH who="1" step="1"/><E84/><REACH who="1" ten="292,212,297,189" step="2"/><V116/><F86/><W65/><G25/><T120/><D120/><U115/><E115/><V20/><F116/><W85/><G24/><T17/><D17/><U19/><E19/><V102/><F29/><W96/><G78/><T68/><D67/><U66/><E66/><V81/><F30/><W6/><G65/><T59/><D59/><U47/><E47/><V108/><F108/><W122/><G122/><T109/><D109/><U130/><E130/><V77/><F75/><W34/><G6/><T0/><D0/><AGARI ba="1,1" hai="0,4,8,41,46,48,61,63,93,94,95,104,105,107" machi="0" ten="50,3200,0" yaku="1,1,53,1" doraHai="72" doraHaiUra="40" who="1" fromWho="0" sc="292,-35,212,45,297,0,189,0" /><INIT seed="5,0,0,3,4,120" ten="257,257,297,189" oya="1" hai0="87,32,117,104,51,111,16,56,45,22,79,70,50" hai1="53,116,62,1,42,129,20,23,18,9,98,105,41" hai2="75,107,52,110,27,123,124,92,112,48,55,127,88" hai3="109,69,17,78,34,40,84,54,46,94,2,5,44"/><U15/><E129/><V19/><F110/><W58/><G69/><T81/><D117/><U66/><E116/><V131/><F112/><W13/><G34/><T33/><D70/><U106/><E53/><V12/><F131/><W85/><G109/><T10/><D111/><U65/><E65/><V0/><F0/><W8/><G78/><T130/><D130/><U101/><E106/><V14/><F75/><W38/><G46/><T76/><D104/><U47/><E1/><V36/><F36/><W6/><G94/><T108/><D10/><U99/><E99/><N who="2" m="57735" /><F123/><W126/><G126/><N who="2" m="48169" /><F107/><W72/><G72/><T77/><D108/><U64/><E64/><V68/><F68/><W114/><G114/><T39/><D39/><U91/><E91/><V7/><F7/><W24/><G24/><N who="0" m="14407" /><D32/><U28/><E28/><V63/><F63/><W25/><G25/><T86/><D33/><U60/><E42/><V3/><F3/><W96/><G96/><T113/><D113/><U128/><E128/><V30/><F19/><W21/><REACH who="3" step="1"/><G6/><REACH who="3" ten="257,257,297,179" step="2"/><T35/><D35/><U61/><REACH who="1" step="1"/><E66/><REACH who="1" ten="257,247,297,179" step="2"/><V122/><F122/><W73/><G73/><T83/><D87/><U135/><E135/><V119/><F119/><W31/><G31/><T93/><D86/><U125/><E125/><V57/><F55/><W11/><G11/><T132/><D132/><U103/><E103/><V49/><F30/><W74/><G74/><T29/><D29/><U100/><E100/><V59/><F52/><W115/><G115/><T43/><D93/><U134/><E134/><V102/><F102/><W90/><G90/><RYUUKYOKU ba="0,2" sc="257,10,247,10,297,-30,179,10" hai0="43,45,50,51,56,76,77,79,81,83" hai1="9,15,18,20,23,41,47,60,61,62,98,101,105" hai3="2,5,8,13,17,21,38,40,44,54,58,84,85" /><INIT seed="5,1,2,1,2,91" ten="267,257,267,189" oya="1" hai0="130,31,13,87,37,70,59,118,121,74,132,109,6" hai1="92,50,43,111,126,42,123,40,38,119,106,32,117" hai2="27,10,49,36,21,24,110,53,7,20,134,133,25" hai3="5,45,66,112,57,62,58,48,125,86,76,120,4"/><U41/><E106/><V95/><F110/><W114/><G120/><T101/><D70/><U79/><E32/><V23/><F36/><W55/><G125/><T71/><D71/><U22/><E79/><V78/><F78/><W90/><G76/><T124/><D74/><U11/><E11/><V122/><F95/><W100/><G100/><T54/><D37/><U116/><E92/><V61/><F61/><W108/><G108/><T0/><D13/><U15/><E15/><V131/><F131/><W26/><G26/><T35/><D132/><N who="2" m="50794" /><F122/><W96/><G96/><T39/><D39/><U46/><E22/><N who="2" m="5635" /><V85/><DORA hai="18" /><F85/><W3/><G3/><T81/><D87/><U51/><E111/><V29/><F29/><W127/><G127/><T63/><D31/><U68/><E126/><V14/><F24/><W105/><G105/><T82/><D124/><U107/><E107/><V19/><F19/><W72/><G72/><T104/><D130/><U56/><E123/><V30/><F30/><W8/><G8/><N who="0" m="2119" /><D109/><U28/><E28/><V97/><F97/><W89/><G89/><T2/><D121/><U98/><E98/><V44/><AGARI ba="1,2" hai="7,10,14,25,27,44,49,53" m="5635,50794" machi="44" ten="40,8000,1" yaku="20,1,52,4" doraHai="91,18" who="2" fromWho="2" sc="267,-21,257,-41,267,103,189,-21" owari="246,4.6,216,-18.4,370,47.0,168,-33.2" /></mjloggm>