<mjloggm ver="2.3"><GO type="225" lobby="0"/><UN n0="%E3%83%96%E3%83%83%E3%83%91%E3%82%AA%E3%83%96%E3%83%81%E3%82%AD%E3%83%B3" n1="%E5%91%A8%E6%9D%B1" n2="%E8%B5%A4%E3%81%84%E8%9B%99%31%31" n3="%E3%83%B4%E3%83%A0%EF%BC%99%E3%81%A6" dan="16,16,16,16" rate="2202.99,2166.29,2101.33,2172.01" sx="M,M,M,M"/><TAIKYOKU oya="0"/><INIT seed="0,0,0,0,3,23" ten="250,250,250,250" oya="0" hai0="81,64,6,43,24,4,59,38,42,62,35,109,33" hai1="105,131,44,8,117,116,48,82,103,27,108,13,87" hai2="118,2,114,7,73,126,127,0,71,97,10,18,53" hai3="72,66,100,9,29,36,102,77,41,28,104,125,14"/><T51/><D38/><U45/><E108/><V99/><F73/><W91/><G125/><N who="2" m="47625" /><F114/><W123/><G123/><T1/><D109/><U75/><E75/><V67/><F118/><W40/><G66/><T25/><D1/><U98/><E131/><V120/><F120/><W16/><G72/><T32/><D81/><U74/><E74/><V119/><F119/><W61/><G77/><T56/><D56/><U34/><E45/><V129/><F129/><W88/><G61/><T107/><D107/><U132/><E132/><V11/><F53/><W12/><G104/><T3/><D51/><U92/><E105/><V80/><F80/><W31/><G14/><T78/><D78/><U84/><E84/><V93/><F93/><W70/><G70/><T128/><D128/><U22/><E34/><V54/><F54/><W101/><G36/><T134/><D134/><U133/><E133/><V5/><F18/><W83/><G83/><T57/><D59/><U111/><E111/><V15/><F0/><W94/><G91/><T113/><D113/><U115/><E115/><V52/><F52/><W76/><G76/><T30/><D3/><U85/><E82/><V79/><F79/><W110/><G110/><T69/><D69/><U46/><E117/><V17/><F5/><W20/><G9/><T39/><D39/><U47/><E116/><V95/><F95/><W19/><G19/><T21/><REACH who="0" step="1"/><D25/><REACH who="0" ten="240,250,250,250" step="2"/><U135/><E135/><V130/><F130/><W68/><G68/><T89/><D89/><U86/><E27/><V50/><F50/><W60/><G60/><AGARI ba="0,1" hai="2,7,10,11,15,17,60,67,71,97,99" m="47625" machi="60" ten="30,1000,0" yaku="18,1" doraHai="23" who="2" fromWho="3" sc="240,0,250,0,250,20,250,-10" /><INIT seed="1,0,0,3,1,20" ten="240,250,270,240" oya="1" hai0="28,59,84,67,133,132,81,68,100,31,57,123,103" hai1="2,25,1,14,91,30,105,92,13,77,64,38,112" hai2="93,29,82,128,61,56,32,117,111,43,5,17,127" hai3="109,75,107,8,86,130,129,106,118,96,135,11,102"/><U79/><E105/><N who="3" m="39946" /><G11/><T10/><D68/><U35/><E112/><V33/><F5/><W78/><G8/><T3/><D123/><U27/><E38/><V45/><F127/><W55/><G55/><T49/><D3/><U87/><E64/><V101/><F128/><N who="3" m="49259" /><G109/><T66/><D10/><U47/><E47/><V34/><F111/><W104/><G135/><T58/><D49/><U99/><E27/><V18/><F117/><W122/><G86/><T124/><D124/><U65/><E65/><N who="0" m="24585" /><D81/><U70/><E70/><V23/><F82/><N who="3" m="45407" /><G118/><T98/><D84/><U116/><E116/><V6/><F6/><W113/><G113/><T94/><D100/><U24/><E87/><V80/><F34/><W51/><G51/><T83/><D83/><U36/><E36/><V114/><F80/><W41/><G41/><T44/><D44/><U37/><E37/><V48/><F114/><W88/><G88/><T72/><D72/><U15/><REACH who="1" step="1"/><E25/><REACH who="1" ten="240,240,270,240" step="2"/><N who="2" m="16575" /><F33/><W42/><G42/><T134/><AGARI ba="0,1" hai="28,31,57,58,59,94,98,103,132,133,134" m="24585" machi="134" ten="40,1500,0" yaku="20,1" doraHai="20" who="0" fromWho="0" sc="240,25,240,-7,270,-4,240,-4" /><INIT seed="2,0,0,0,2,57" ten="265,233,266,236" oya="2" hai0="111,123,81,28,97,84,100,32,105,44,55,114,82" hai1="128,98,71,23,66,124,74,40,75,3,0,89,17" hai2="122,68,103,88,54,104,43,50,52,135,78,60,16" hai3="24,63,29,109,115,134,108,110,15,56,47,95,77"/><V42/><F122/><W93/><G77/><T73/><D123/><U86/><E124/><V127/><F78/><W106/><G106/><T39/><D114/><U76/><E128/><V37/><F127/><W72/><G72/><T36/><D111/><U121/><E121/><V25/><F37/><W51/><G15/><T65/><D73/><U67/><E40/><V7/><F7/><W129/><G129/><T91/><D81/><U130/><E130/><V41/><F135/><W107/><G107/><T13/><D65/><U125/><E66/><V58/><F88/><W20/><G134/><T31/><D13/><U79/><E98/><V119/><F119/><W85/><G85/><T2/><D2/><U133/><E133/><V59/><F68/><W99/><G115/><T126/><D126/><U11/><E125/><V48/><F104/><W21/><G21/><T12/><D12/><N who="1" m="9639" /><E0/><V61/><F103/><W62/><G56/><T35/><D55/><U70/><E70/><V33/><REACH who="2" step="1"/><F16/><REACH who="2" ten="265,233,256,236" step="2"/><W26/><G26/><N who="0" m="18455" /><D36/><U19/><E75/><V6/><F6/><W120/><G120/><T92/><D105/><U38/><E38/><V34/><F34/><W53/><G95/><T22/><D35/><U27/><E74/><V117/><F117/><W1/><G1/><T18/><D18/><U87/><E3/><V9/><F9/><W116/><G116/><T131/><D131/><U83/><E11/><V112/><F112/><W118/><G118/><T46/><D39/><U30/><E79/><V90/><F90/><AGARI ba="0,1" hai="20,24,29,47,51,53,62,63,90,93,99,108,109,110" machi="90" ten="40,5200,0" yaku="14,1,52,2" doraHai="57" who="3" fromWho="2" sc="265,0,233,0,256,-52,236,62" /><INIT seed="3,0,0,5,3,92" ten="265,233,204,298" oya="3" hai0="99,4,6,44,67,119,24,53,73,10,116,15,57" hai1="124,8,120,74,32,56,134,91,77,64,13,35,65" hai2="18,71,0,129,121,21,30,69,118,109,80,29,23" hai3="60,135,63,16,36,59,107,93,85,46,122,66,22"/><W111/><G122/><T45/><D73/><U95/><E120/><V100/><F121/><W76/><G107/><T7/><D119/><U38/><E38/><V12/><F118/><W83/><G111/><T104/><D116/><U26/><E134/><V94/><F109/><W11/><G135/><T17/><D67/><U51/><E124/><V98/><F129/><W97/><G11/><T88/><D24/><U52/><E77/><V58/><F0/><W103/><G60/><N who="0" m="35887" /><D104/><U102/><E102/><V128/><F128/><W132/><G132/><T130/><D130/><U54/><E74/><V1/><F1/><W108/><G108/><T127/><D127/><U105/><E105/><V106/><F80/><W62/><G62/><T86/><D99/><N who="1" m="57855" /><E26/><V68/><F106/><W43/><G22/><T114/><D114/><U96/><E96/><V89/><F100/><W3/><G3/><T39/><D39/><U113/><E35/><V31/><REACH who="2" step="1"/><F58/><REACH who="2" ten="265,233,194,298" step="2"/><W78/><G59/><T5/><N who="0" m="1024" /><DORA hai="112" /><T34/><D34/><U123/><E32/><V84/><F84/><W9/><G85/><T33/><D33/><U110/><E113/><V49/><F49/><W131/><G83/><AGARI ba="0,1" hai="10,15,17,44,45,83,86,88" m="1024,35887" machi="83" ten="40,2600,0" yaku="8,1,54,1" doraHai="92,112" who="0" fromWho="3" sc="265,36,233,0,194,0,298,-26" owari="301,40.1,233,-16.7,194,-30.6,272,7.2" /></mjloggm>