<mjloggm ver="2.3"><GO type="225" lobby="0"/><UN n0="%E5%B8%86%E7%AB%8B%E5%A4%8F%E8%A1%A3" n1="%E3%81%A4%E3%81%A3%E3%81%B1%E3%82%8A%E3%83%9D%E3%83%BC%E3%83%AB" n2="%E5%91%A8%E6%9D%B1" n3="%E3%81%95%E3%81%8D%E3%81%9F%E3%81%BE%E6%9E%97%E6%AA%8E" dan="17,17,16,16" rate="2272.83,2229.33,2174.24,2155.82" sx="M,M,M,M"/><TAIKYOKU oya="0"/><INIT seed="0,0,0,1,5,56" ten="250,250,250,250" oya="0" hai0="33,125,13,5,128,82,85,8,31,55,44,79,25" hai1="102,101,68,36,43,108,50,52,9,115,40,11,124" hai2="70,20,132,121,99,114,104,30,92,29,45,71,6" hai3="98,65,15,34,12,88,77,109,95,94,60,19,24"/><T10/><D125/><U118/><E118/><V100/><F121/><W22/><G109/><T3/><D128/><U83/><E68/><V57/><F114/><W47/><G77/><T32/><D55/><U90/><E108/><V87/><F132/><W84/><G47/><T129/><D129/><U86/><E115/><V23/><F6/><W93/><G34/><T74/><D44/><N who="1" m="27719" /><E36/><V35/><F35/><W53/><G53/><T69/><D69/><U72/><E72/><V103/><F104/><W123/><G123/><T16/><REACH who="0" step="1"/><D33/><REACH who="0" ten="240,250,250,250" step="2"/><U18/><E124/><V59/><F45/><W120/><G120/><T28/><D28/><U4/><E4/><V58/><F70/><W51/><G51/><T26/><D26/><U89/><E18/><V112/><F71/><W48/><G48/><T135/><D135/><U96/><E43/><V107/><F30/><W130/><G130/><T97/><D97/><U2/><E40/><V17/><F29/><W75/><G98/><T39/><D39/><U61/><E96/><V105/><F17/><W78/><G19/><T106/><D106/><U37/><E37/><V67/><F107/><W131/><G131/><T62/><D62/><U49/><E61/><V63/><F112/><W133/><G133/><T46/><D46/><U111/><E49/><V54/><F54/><W110/><G60/><T27/><D27/><U0/><E111/><V66/><F63/><W7/><G110/><T117/><D117/><U21/><E102/><V64/><F103/><W76/><G7/><T126/><D126/><U41/><E101/><V113/><F113/><RYUUKYOKU ba="0,1" sc="240,15,250,-15,250,15,250,-15" hai0="3,5,8,10,13,16,25,31,32,74,79,82,85" hai2="20,23,57,58,59,64,66,67,87,92,99,100,105" /><INIT seed="0,1,1,0,4,29" ten="255,235,265,235" oya="0" hai0="5,101,20,7,130,14,40,58,4,73,3,102,82" hai1="88,124,79,12,121,2,126,1,103,33,81,122,87" hai2="55,92,114,65,111,67,77,97,38,117,106,108,93" hai3="13,104,61,35,107,109,131,60,32,120,36,113,116"/><T127/><D127/><N who="1" m="48683" /><E33/><N who="3" m="12874" /><G113/><T11/><D130/><U54/><E103/><N who="0" m="39433" /><D73/><N who="1" m="43247" /><E12/><V99/><F114/><W30/><G30/><T129/><D3/><N who="1" m="1035" /><E54/><V125/><F55/><W85/><G116/><T76/><D129/><U15/><E15/><V16/><F125/><W37/><G13/><N who="0" m="5351" /><D40/><U51/><E51/><V8/><F117/><W46/><G131/><T42/><D42/><U64/><E64/><V98/><F67/><W94/><G120/><T47/><D47/><U78/><E78/><V19/><F77/><W26/><G46/><T70/><D70/><U74/><E74/><V43/><F65/><W34/><G34/><T52/><D76/><U69/><E69/><V128/><F128/><W115/><G115/><T89/><D14/><U50/><E50/><V24/><F43/><W44/><G44/><T56/><D20/><U25/><E25/><V62/><F24/><W96/><G26/><T66/><D66/><U6/><E6/><N who="0" m="2057" /><D52/><U68/><E68/><V21/><F21/><W100/><G37/><T31/><D31/><U86/><E86/><AGARI ba="1,1" hai="56,58,82,86,89" m="2057,5351,39433" machi="86" ten="30,1500,0" yaku="8,1" doraHai="29" who="0" fromWho="1" sc="255,28,235,-18,265,0,235,0" /><INIT seed="0,2,0,1,2,2" ten="283,217,265,235" oya="0" hai0="114,126,57,81,51,5,50,135,6,106,90,9,63" hai1="131,115,68,16,70,93,39,67,65,71,77,116,121" hai2="37,27,53,12,91,74,101,72,56,111,59,125,66" hai3="76,107,87,10,130,122,134,43,17,97,86,69,127"/><T120/><D114/><U112/><E121/><V60/><F111/><W109/><G109/><T96/><D120/><U92/><E39/><V32/><F125/><W15/><G69/><T124/><D135/><U78/><E131/><V85/><F37/><W119/><G119/><T89/><D106/><U75/><E75/><V103/><F74/><W44/><G134/><T26/><D26/><U40/><E40/><V123/><F72/><W98/><G130/><T113/><D113/><N who="1" m="43595" /><E116/><V95/><F123/><W45/><G127/><N who="0" m="48683" /><D81/><U52/><E52/><V47/><F47/><N who="3" m="17995" /><G107/><T25/><D25/><U84/><E16/><V129/><F129/><W82/><G122/><T20/><D20/><U117/><E117/><V29/><F12/><W24/><G24/><T4/><D9/><U34/><E34/><V13/><F13/><W128/><G128/><T55/><D96/><N who="3" m="36969" /><G87/><T42/><D42/><AGARI ba="2,0" hai="10,15,17,42,43,76,82,86" m="36969,17995" machi="42" ten="30,1000,0" yaku="8,1" doraHai="2" who="3" fromWho="0" sc="283,-16,217,0,265,0,235,16" /><INIT seed="1,0,0,0,4,9" ten="267,217,265,251" oya="1" hai0="10,64,132,56,108,116,20,49,69,126,14,40,35" hai1="78,29,11,107,3,17,25,66,5,113,54,102,7" hai2="85,39,28,98,68,43,119,80,2,94,70,76,129" hai3="120,131,51,41,19,46,27,130,104,110,127,74,61"/><U123/><E113/><V47/><F119/><W101/><G74/><T44/><D35/><U13/><E123/><V72/><F129/><N who="3" m="49163" /><G120/><T30/><D108/><U58/><E78/><V1/><F28/><W12/><G110/><T133/><D126/><U100/><E66/><V124/><F124/><W8/><G127/><T57/><D116/><U21/><E107/><V111/><F111/><W33/><G61/><N who="0" m="40079" /><D20/><U23/><REACH who="1" step="1"/><E7/><REACH who="1" ten="267,207,265,251" step="2"/><V0/><REACH who="2" step="1"/><F72/><REACH who="2" ten="267,207,255,251" step="2"/><W22/><G33/><T65/><D65/><U79/><E79/><V106/><F106/><W135/><G104/><T92/><D133/><U109/><E109/><V99/><F99/><W77/><G135/><T88/><D132/><U96/><E96/><V112/><F112/><W62/><G77/><T53/><D53/><U134/><E134/><V83/><F83/><W117/><G117/><T26/><D92/><U59/><E59/><V95/><F95/><W82/><G82/><T16/><D57/><U24/><E24/><V31/><F31/><N who="3" m="17911" /><G101/><AGARI ba="0,2" hai="0,1,2,39,43,47,68,70,76,80,85,94,98,101" machi="101" ten="40,1300,0" yaku="1,1,53,0" doraHai="9" doraHaiUra="45" who="2" fromWho="3" sc="267,0,207,0,255,33,251,-13" /><INIT seed="2,0,0,0,3,99" ten="267,207,288,238" oya="2" hai0="68,64,5,9,93,132,51,63,116,33,86,95,16" hai1="37,30,45,26,69,65,3,12,8,117,88,21,58" hai2="98,119,34,32,46,43,53,60,14,75,110,54,24" hai3="22,131,100,0,111,6,85,27,76,48,83,42,7"/><V96/><F119/><W102/><G111/><T101/><D33/><U74/><E74/><V89/><F75/><W67/><G131/><T90/><D132/><U115/><E117/><V49/><F110/><W77/><G0/><T20/><D116/><U25/><E115/><V70/><F14/><W35/><G35/><T11/><D51/><U66/><E69/><V78/><F78/><W105/><G105/><T82/><D101/><N who="3" m="39017" /><G67/><T133/><D11/><U124/><E3/><V40/><F70/><W36/><G36/><T18/><D18/><U31/><E124/><V4/><F4/><W29/><G77/><T104/><D104/><U103/><E103/><V94/><F34/><W73/><G73/><T72/><D72/><U57/><E45/><AGARI ba="0,0" hai="6,7,22,27,29,42,45,48,76,83,85" m="39017" machi="45" ten="30,7700,0" yaku="8,1,52,3" doraHai="99" who="3" fromWho="1" sc="267,0,207,-77,288,0,238,77" /><INIT seed="3,0,0,5,3,49" ten="267,130,288,315" oya="3" hai0="9,131,130,97,93,110,87,42,114,112,1,106,60" hai1="26,52,33,99,61,116,101,125,32,127,3,82,79" hai2="66,14,96,53,103,34,29,118,134,109,28,78,73" hai3="124,62,132,108,37,44,115,119,36,90,64,12,121"/><W77/><G115/><N who="0" m="44075" /><D42/><U20/><E3/><V80/><F118/><W69/><G119/><T35/><D35/><U100/><E116/><V94/><F109/><W63/><G121/><T113/><N who="0" m="44083" /><T57/><DORA hai="23" /><D110/><U0/><E0/><V13/><F134/><W11/><G132/><T48/><D48/><U51/><E61/><V122/><F66/><W59/><G108/><T68/><D87/><N who="1" m="48607" /><E32/><V39/><F39/><W75/><G124/><N who="1" m="47690" /><E99/><V2/><F2/><W98/><G98/><T126/><D68/><U10/><E10/><V91/><F122/><W95/><G69/><T43/><D43/><U89/><E89/><V50/><F91/><W40/><G90/><N who="0" m="55479" /><D126/><U45/><E33/><V18/><F34/><W16/><G37/><T133/><D133/><U111/><E111/><V104/><F104/><W19/><G63/><T54/><D106/><U24/><E24/><V7/><F13/><W117/><G117/><T21/><D21/><U27/><E26/><V123/><F123/><W67/><G67/><T81/><D81/><U92/><E92/><V83/><F83/><N who="3" m="45503" /><G95/><T41/><D41/><U47/><E47/><V30/><F80/><W129/><G129/><T74/><D74/><U38/><E38/><V128/><F94/><W31/><G31/><AGARI ba="0,0" hai="20,27,31,45,51,52,100,101" m="47690,48607" machi="31" ten="30,7700,0" yaku="18,1,52,2,54,1" doraHai="49,23" who="1" fromWho="3" sc="267,0,130,77,288,0,315,-77" /><INIT seed="4,0,0,2,0,106" ten="267,207,288,238" oya="0" hai0="92,112,78,62,129,31,3,102,66,41,35,38,55" hai1="108,10,34,130,88,73,80,14,89,32,127,133,68" hai2="125,17,123,76,12,23,114,40,0,63,45,84,4" hai3="119,96,71,65,90,86,115,19,56,111,107,121,15"/><T75/><D112/><U101/><E108/><V29/><F114/><W116/><G115/><T43/><D129/><U99/><E68/><V74/><F123/><W37/><G111/><T134/><D3/><U18/><E130/><V2/><F125/><W69/><G37/><T87/><D134/><U91/><E127/><V48/><F29/><W30/><G30/><T39/><D39/><U94/><REACH who="1" step="1"/><E133/><REACH who="1" ten="267,197,288,238" step="2"/><V135/><F135/><W81/><G71/><T118/><D118/><U85/><E85/><V47/><F84/><W128/><G69/><T28/><D87/><U67/><E67/><V110/><F110/><W126/><G128/><T64/><D66/><U79/><AGARI ba="0,1" hai="10,14,18,32,34,73,79,80,88,89,91,94,99,101" machi="79" ten="30,7900,0" yaku="1,1,0,1,52,1,54,1,53,0" doraHai="106" doraHaiUra="22" who="1" fromWho="1" sc="267,-39,197,89,288,-20,238,-20" /><INIT seed="5,0,0,4,3,56" ten="228,286,268,218" oya="1" hai0="47,18,103,39,65,9,134,33,55,6,43,22,97" hai1="102,53,123,98,23,58,50,25,38,128,81,20,84" hai2="83,129,60,86,49,100,119,135,72,10,61,70,77" hai3="57,93,115,101,45,0,78,126,66,5,36,127,26"/><U29/><E123/><V37/><F37/><W30/><G78/><T73/><D134/><U132/><E132/><V31/><F135/><W48/><G36/><T96/><D33/><U71/><E71/><V74/><F119/><W2/><G115/><T118/><D118/><U104/><E38/><V113/><F113/><W52/><G101/><T116/><D116/><U21/><E128/><V79/><F129/><W89/><G66/><T17/><D73/><U90/><AGARI ba="0,0" hai="20,21,23,25,29,50,53,58,81,84,90,98,102,104" machi="90" ten="20,2100,0" yaku="0,1,7,1" doraHai="56" who="1" fromWho="1" sc="228,-7,286,21,268,-7,218,-7" owari="221,-17.9,307,40.7,261,6.1,211,-28.9" /></mjloggm>