<mjloggm ver="2.3"><GO type="225" lobby="0"/><UN n0="%E3%82%B3%E3%83%90%E3%83%AC%E3%82%A4" n1="%68%75%69%68%75%69" n2="%45%6C%79%73%69%75%6D" n3="%E5%8C%97%E6%AC%A7%E3%81%AE%E3%82%82%E3%81%93%E3%81%86" dan="16,16,16,16" rate="2161.08,2111.20,2108.11,2097.72" sx="M,M,M,M"/><TAIKYOKU oya="0"/><INIT seed="0,0,0,2,0,109" ten="250,250,250,250" oya="0" hai0="63,31,103,17,89,15,106,113,1,24,22,81,47" hai1="7,57,59,114,118,61,126,75,117,43,54,82,96" hai2="120,78,50,4,53,83,133,19,69,13,127,104,2" hai3="39,20,40,8,84,34,121,95,37,46,107,122,60"/><T56/><D1/><U64/><E7/><V79/><F69/><W67/><G34/><T129/><D129/><U35/><E35/><V98/><F120/><N who="3" m="46187" /><G107/><T130/><D130/><U6/><E6/><V5/><F2/><W70/><G8/><T119/><D119/><U100/><E126/><V9/><F133/><W51/><G20/><T3/><D3/><U0/><E0/><V128/><F128/><W112/><G84/><T72/><D47/><U23/><E43/><V27/><F127/><W52/><G95/><T123/><D123/><U105/><E114/><V11/><F27/><W36/><G112/><T108/><D113/><U85/><E23/><V94/><F104/><W77/><G77/><T115/><D115/><U132/><E75/><V87/><F78/><W58/><AGARI ba="0,0" hai="36,37,39,40,46,51,52,58,60,67,70" m="46187" machi="58" ten="30,8000,1" yaku="24,1,13,1,34,2,54,1" doraHai="109" who="3" fromWho="3" sc="250,-40,250,-20,250,-20,250,80" /><INIT seed="1,0,0,0,1,98" ten="210,230,230,330" oya="1" hai0="20,94,13,92,87,10,89,4,86,88,26,130,100" hai1="111,53,68,54,135,32,132,72,77,116,95,61,29" hai2="44,70,63,43,33,110,49,104,102,24,105,5,27" hai3="129,52,131,126,21,7,117,119,58,59,31,62,84"/><U22/><E116/><N who="3" m="44618" /><G126/><T2/><D130/><U108/><E32/><V28/><F110/><N who="1" m="42025" /><E77/><V121/><F121/><W81/><G7/><T57/><D57/><U19/><E72/><V37/><F24/><N who="3" m="16783" /><G58/><T6/><D100/><U93/><E29/><V45/><F5/><W56/><G56/><T128/><D128/><U96/><E93/><V76/><F76/><AGARI ba="0,0" hai="52,59,62,76,81,84,129,131" m="16783,44618" machi="76" ten="30,2000,0" yaku="12,1,54,1" doraHai="98" who="3" fromWho="2" sc="210,0,230,0,230,-20,330,20" /><INIT seed="2,0,0,4,3,20" ten="210,230,210,350" oya="2" hai0="52,34,99,84,30,88,82,130,64,10,4,101,2" hai1="127,42,7,120,68,97,121,73,45,103,108,43,124" hai2="60,122,36,41,25,131,27,15,51,6,71,33,123" hai3="61,12,105,39,109,14,57,76,1,107,56,67,78"/><V16/><F36/><W72/><G109/><T85/><D130/><U132/><E108/><V106/><F106/><W117/><G1/><T135/><D135/><U18/><E132/><V95/><F131/><W134/><G39/><T87/><D64/><U17/><E73/><V112/><F112/><W77/><G72/><T116/><D116/><U70/><E7/><V66/><F6/><W0/><G0/><T98/><D98/><U69/><E18/><V89/><F33/><W44/><G117/><T119/><D119/><U129/><E17/><V81/><F81/><W35/><G35/><T110/><D110/><U80/><E80/><V93/><F93/><W53/><G44/><T62/><D30/><U11/><E11/><V31/><F31/><W40/><G40/><N who="1" m="15402" /><E45/><V19/><F41/><W83/><G83/><T21/><D21/><U79/><E79/><V5/><F5/><W48/><G134/><T114/><D34/><U28/><E28/><V9/><F51/><W32/><G32/><T92/><REACH who="0" step="1"/><D114/><REACH who="0" ten="200,230,210,350" step="2"/><U58/><E129/><V24/><REACH who="2" step="1"/><F19/><REACH who="2" ten="200,230,200,350" step="2"/><W74/><G74/><T8/><D8/><U118/><E118/><V22/><F22/><W63/><G107/><T125/><D125/><U90/><E127/><V55/><F55/><N who="3" m="31847" /><G105/><T65/><D65/><U115/><E124/><V13/><F13/><W102/><G12/><T54/><D54/><U128/><E128/><V50/><F50/><N who="3" m="30903" /><G14/><T91/><D91/><U113/><E90/><V126/><F126/><W104/><G67/><T26/><D26/><U23/><E23/><V133/><F133/><W111/><G111/><RYUUKYOKU ba="0,2" sc="200,10,230,-30,200,10,350,10" hai0="2,4,10,52,62,82,84,85,87,88,92,99,101" hai2="9,15,16,24,25,27,60,66,71,89,95,122,123" hai3="61,63,76,77,78,102,104" /><INIT seed="2,1,2,1,1,127" ten="210,200,210,360" oya="2" hai0="31,49,46,135,95,62,73,27,118,40,5,15,48" hai1="83,66,108,14,0,119,58,72,121,100,93,74,57" hai2="117,109,18,68,79,34,132,17,13,52,104,20,113" hai3="43,6,54,37,80,47,128,19,125,103,130,67,22"/><V4/><F34/><W94/><G125/><T75/><D118/><U12/><E119/><V90/><F117/><W81/><G67/><T105/><D105/><U1/><E83/><V53/><F113/><W11/><G54/><T120/><D120/><U29/><E29/><V23/><F104/><W32/><G32/><T116/><D116/><U99/><E121/><V82/><F68/><W98/><G81/><T16/><D5/><U69/><E69/><V86/><F4/><W42/><G42/><T44/><D62/><U60/><E108/><V25/><F109/><W131/><G80/><T102/><D95/><U38/><E38/><V30/><F132/><W84/><G84/><T26/><D102/><U89/><E58/><V36/><F36/><W123/><G123/><T122/><D122/><U7/><E100/><V114/><F114/><W45/><G45/><T71/><D71/><U50/><E50/><V64/><F64/><W33/><G33/><T110/><D110/><U9/><REACH who="1" step="1"/><E14/><REACH who="1" ten="210,190,210,360" step="2"/><V134/><F134/><W107/><G37/><T106/><D135/><U96/><E96/><V28/><F79/><W35/><G98/><T111/><D111/><U21/><E21/><V2/><F2/><AGARI ba="1,3" hai="0,1,2,7,9,12,57,60,66,72,74,89,93,99" machi="2" ten="40,1300,0" yaku="1,1,53,0" doraHai="127" doraHaiUra="41" who="1" fromWho="2" sc="210,0,190,46,210,-16,360,0" /><INIT seed="3,0,0,4,1,104" ten="210,236,194,360" oya="3" hai0="74,85,129,101,124,127,9,16,123,18,17,6,48" hai1="8,128,72,66,60,70,69,63,37,115,5,131,83" hai2="93,134,12,47,27,98,105,41,92,133,65,2,4" hai3="56,67,35,86,91,88,75,112,99,23,49,120,135"/><W24/><G75/><T13/><D123/><U42/><E115/><V90/><F105/><W132/><G35/><T107/><D85/><U52/><E42/><V71/><F2/><W58/><G99/><T100/><D129/><N who="1" m="49739" /><E37/><V11/><F27/><W39/><G67/><T29/><D29/><U30/><E30/><V95/><F71/><W64/><G64/><T106/><D48/><U54/><E63/><V51/><REACH who="2" step="1"/><F65/><REACH who="2" ten="210,236,184,360" step="2"/><W55/><G39/><T22/><D107/><U84/><E70/><V50/><F50/><W45/><G24/><T118/><D118/><U26/><E26/><V1/><F1/><W119/><G49/><T109/><D109/><U44/><E69/><V14/><F14/><W96/><G119/><T79/><D106/><U125/><E66/><V117/><F117/><W80/><G120/><T34/><D34/><U28/><E60/><V102/><F102/><W62/><G62/><T81/><REACH who="0" step="1"/><D22/><REACH who="0" ten="200,236,184,360" step="2"/><U40/><E28/><V121/><F121/><W10/><G23/><T61/><D61/><U57/><E8/><V110/><F110/><W20/><G20/><T32/><D32/><U43/><E43/><V111/><F111/><W59/><G10/><T7/><D7/><U94/><E5/><V113/><F113/><W76/><G112/><T15/><D15/><U116/><BYE who="0" /><E40/><V31/><F31/><W77/><G135/><AGARI ba="0,2" hai="4,11,12,41,47,51,90,92,93,95,98,133,134,135" machi="135" ten="40,8000,1" yaku="1,1,20,1,53,3" doraHai="104" doraHaiUra="130" who="2" fromWho="3" sc="200,0,236,0,184,100,360,-80" /><INIT seed="4,0,0,4,0,95" ten="200,236,284,280" oya="0" hai0="25,38,78,68,51,122,124,107,9,129,84,4,83" hai1="73,132,50,36,27,53,32,127,26,71,49,70,69" hai2="13,104,123,5,45,58,86,21,135,128,2,100,18" hai3="75,41,99,109,1,63,60,56,11,108,117,93,67"/><T121/><D121/><U106/><E73/><V114/><F123/><W90/><G117/><T96/><D96/><U12/><E106/><V66/><F114/><W120/><G75/><T37/><D37/><U44/><E12/><V119/><F119/><W31/><G120/><T8/><D8/><U91/><E32/><V103/><F128/><W94/><G41/><T61/><D61/><U14/><E14/><V130/><F130/><W34/><G34/><T20/><D20/><U112/><E112/><V133/><F45/><W15/><G31/><T79/><D79/><U72/><E72/><V92/><F104/><W33/><G33/><T76/><D76/><U102/><E102/><UN n0="%E3%82%B3%E3%83%90%E3%83%AC%E3%82%A4" /><V57/><F5/><W97/><G1/><T113/><D38/><U87/><E36/><V77/><F2/><W42/><G42/><T88/><D68/><U74/><E74/><V7/><F7/><W115/><G60/><T55/><D113/><U80/><E127/><V89/><F77/><W64/><G115/><T125/><D107/><U46/><REACH who="1" step="1"/><E132/><REACH who="1" ten="200,226,284,280" step="2"/><N who="2" m="50763" /><F66/><N who="3" m="39271" /><G109/><T52/><D129/><U16/><E16/><V48/><F100/><N who="3" m="60463" /><G108/><T22/><D122/><U98/><E98/><N who="2" m="59847" /><F48/><W54/><G54/><AGARI ba="0,1" hai="26,27,44,46,49,50,53,54,69,70,71,80,87,91" machi="54" ten="40,2600,0" yaku="1,1,9,1,53,0" doraHai="95" doraHaiUra="101" who="1" fromWho="3" sc="200,0,226,36,284,0,280,-26" /><INIT seed="5,0,0,0,1,77" ten="200,262,284,254" oya="1" hai0="45,29,79,116,20,128,120,119,94,27,69,9,42" hai1="65,39,40,26,71,24,80,83,88,85,105,33,78" hai2="97,74,51,96,87,21,89,132,66,99,92,64,114" hai3="81,10,34,55,57,58,3,36,54,50,123,18,11"/><U82/><E105/><V43/><F74/><W91/><G123/><T118/><D69/><U48/><E39/><V75/><F75/><W112/><G112/><T135/><D120/><U106/><E106/><V1/><F1/><W62/><G34/><T8/><D135/><U108/><E108/><V22/><F132/><W12/><G36/><T28/><D28/><U30/><E26/><V38/><F38/><W13/><G3/><T115/><D115/><U107/><E107/><V109/><F109/><W46/><G58/><T130/><D94/><U25/><E25/><V126/><F126/><W102/><G102/><T49/><REACH who="0" step="1"/><D79/><REACH who="0" ten="190,262,284,254" step="2"/><U17/><E78/><V23/><F114/><W90/><REACH who="3" step="1"/><G81/><REACH who="3" ten="190,262,284,244" step="2"/><T70/><D70/><U124/><E124/><V84/><F92/><W59/><G59/><T72/><D72/><U100/><E100/><V4/><F89/><W6/><AGARI ba="0,2" hai="6,10,11,12,13,18,46,50,54,55,57,62,90,91" machi="6" ten="20,5200,0" yaku="1,1,0,1,7,1,8,1,53,0" doraHai="77" doraHaiUra="103" who="3" fromWho="3" sc="190,-13,262,-26,284,-13,244,72" owari="177,-32.3,236,-16.4,271,7.1,316,41.6" /></mjloggm>