<mjloggm ver="2.3"><GO type="225" lobby="0"/><UN n0="%E6%81%A5%E6%99%92%E3%81%97" n1="%E5%B8%86%E7%AB%8B%E5%A4%8F%E8%A1%A3" n2="%E5%82%8D%E8%8B%A5%E7%84%A1%E4%BA%BA%35%31" n3="%E6%98%93%E5%88%A9%E8%96%A9%E4%BC%AF" dan="17,17,16,17" rate="2161.95,2170.95,2176.28,2147.07" sx="M,M,M,F"/><TAIKYOKU oya="0"/><INIT seed="0,0,0,5,3,11" ten="250,250,250,250" oya="0" hai0="100,53,121,104,50,62,126,27,94,92,36,3,78" hai1="129,19,13,9,128,109,55,117,47,74,89,18,108" hai2="54,106,107,122,38,15,70,127,119,81,76,44,22" hai3="110,14,77,83,24,32,124,93,57,41,105,60,135"/><T130/><D121/><U37/><E74/><V72/><F127/><W23/><G105/><T33/><D3/><U73/><E73/><V59/><F70/><W7/><G110/><N who="1" m="42602" /><E117/><V90/><F122/><W29/><G124/><T95/><D126/><U133/><E133/><V28/><F119/><W88/><G41/><T114/><D114/><U96/><E96/><V102/><F90/><W35/><G135/><T8/><D36/><U40/><E89/><V131/><F131/><N who="1" m="50249" /><E55/><V66/><F66/><W64/><G83/><T98/><D130/><U45/><E47/><V12/><F38/><W91/><G77/><T43/><D78/><U101/><E101/><V85/><F44/><W86/><REACH who="3" step="1"/><G91/><REACH who="3" ten="250,250,250,240" step="2"/><T25/><D104/><U1/><E1/><V111/><F111/><W113/><G113/><T34/><D43/><U79/><E79/><V99/><F107/><W20/><G20/><T82/><D34/><U31/><E31/><V56/><F72/><W123/><G123/><T26/><D33/><U52/><E52/><V103/><F102/><W16/><G16/><AGARI ba="0,1" hai="9,13,16,18,19,37,40,45" m="50249,42602" machi="16" ten="30,7700,0" yaku="14,1,19,1,52,1,54,1" doraHai="11" who="1" fromWho="3" sc="250,0,250,87,250,0,240,-77" /><INIT seed="1,0,0,4,0,34" ten="250,337,250,163" oya="1" hai0="35,84,128,6,40,66,134,44,83,105,1,133,111" hai1="76,68,124,135,20,18,33,71,79,41,131,29,104" hai2="78,130,96,72,60,27,65,15,59,115,107,26,13" hai3="82,42,7,38,99,37,56,70,31,47,19,120,64"/><U113/><E113/><V50/><F130/><W93/><G120/><T98/><D35/><U123/><E123/><V51/><F115/><W90/><G70/><T110/><D128/><U2/><E33/><V88/><F72/><W24/><G7/><T127/><D66/><U39/><E131/><V28/><F78/><W91/><G19/><T87/><D127/><U5/><E18/><V12/><F107/><W126/><G126/><T125/><D125/><U119/><E124/><V75/><F75/><W122/><G122/><T52/><D40/><U53/><E104/><V30/><F30/><W17/><G17/><T54/><D98/><U121/><E20/><N who="2" m="15431" /><F27/><W109/><G109/><N who="0" m="41483" /><D105/><U9/><E29/><V108/><F108/><W100/><G38/><T117/><D117/><U63/><E39/><V85/><F96/><W62/><REACH who="3" step="1"/><G82/><AGARI ba="0,0" hai="12,13,15,50,51,59,60,65,82,85,88" m="15431" machi="82" ten="30,2000,0" yaku="8,1,54,1" doraHai="34" who="2" fromWho="3" sc="250,0,337,0,250,20,163,-20" /><INIT seed="2,0,0,4,4,71" ten="250,337,270,143" oya="2" hai0="17,47,115,131,118,62,116,65,117,51,92,89,125" hai1="126,78,34,26,66,15,57,97,127,44,33,45,52" hai2="49,35,8,105,19,12,38,41,77,5,87,56,90" hai3="37,69,50,29,55,134,91,107,7,110,22,130,83"/><V48/><F105/><W112/><G110/><T93/><D115/><U102/><E78/><V40/><F35/><N who="1" m="13321" /><E26/><V6/><F38/><W59/><G112/><T84/><D125/><N who="1" m="47627" /><E66/><V104/><F104/><W20/><G134/><T132/><D131/><U111/><E111/><V28/><F28/><W39/><G130/><T119/><D132/><U120/><E15/><V9/><F77/><W64/><G107/><T133/><D17/><U79/><E79/><V82/><F19/><W24/><G7/><T54/><D133/><U72/><E120/><V32/><F32/><W109/><G109/><T113/><D113/><U135/><E72/><V94/><F82/><W14/><G14/><T61/><D119/><U67/><E67/><V124/><F124/><W74/><G22/><T75/><D75/><U60/><E135/><V53/><REACH who="2" step="1"/><F49/><REACH who="2" ten="250,337,260,143" step="2"/><W42/><G74/><T73/><D73/><U43/><E43/><V103/><F103/><W108/><G108/><T25/><D116/><U3/><E3/><AGARI ba="0,1" hai="3,5,6,8,9,12,40,41,48,53,56,87,90,94" machi="3" ten="30,2900,0" yaku="1,1,7,1,53,0" doraHai="71" doraHaiUra="16" who="2" fromWho="1" sc="250,0,337,-29,260,39,143,0" /><INIT seed="2,1,0,2,2,86" ten="250,308,299,143" oya="2" hai0="81,66,31,48,77,95,101,44,39,3,27,85,134" hai1="20,89,46,38,130,18,108,83,80,16,7,104,102" hai2="9,67,135,65,113,51,32,40,53,75,73,26,131" hai3="71,56,37,69,23,57,4,12,96,105,41,28,103"/><V92/><F113/><W111/><G111/><T55/><D134/><U15/><E108/><V132/><F131/><W11/><G37/><T127/><D127/><U115/><E115/><V79/><F40/><W112/><G41/><T58/><D3/><U64/><E130/><V0/><F32/><W21/><G112/><T1/><D1/><U61/><E7/><V120/><F26/><W119/><G119/><T109/><D109/><U24/><E38/><V54/><F120/><W13/><G23/><T124/><D124/><U78/><E46/><V97/><F9/><W17/><G28/><T122/><D122/><U128/><E102/><V45/><F0/><W60/><REACH who="3" step="1"/><G56/><REACH who="3" ten="250,308,299,133" step="2"/><T99/><D39/><U88/><E128/><V93/><F135/><W118/><G118/><T2/><D58/><N who="1" m="36919" /><E104/><V34/><F34/><W90/><G90/><N who="1" m="34922" /><E78/><V84/><F79/><W47/><G47/><T121/><D44/><U82/><E15/><V30/><F132/><W100/><G100/><T63/><D101/><U14/><E14/><V117/><F117/><W91/><G91/><T50/><D77/><U42/><E42/><V133/><F133/><W43/><G43/><T123/><D121/><U8/><E8/><V129/><F45/><W59/><G59/><T33/><D123/><U106/><E106/><V98/><F129/><W94/><G94/><T114/><D95/><U107/><E107/><V35/><F35/><W62/><G62/><T74/><D114/><U19/><AGARI ba="1,1" hai="16,18,19,20,24,80,82,83" m="34922,36919" machi="19" ten="30,12000,2" yaku="8,1,52,3,54,2" doraHai="86" who="1" fromWho="1" sc="250,-31,308,133,299,-61,133,-31" /><INIT seed="3,0,0,3,5,54" ten="219,441,238,102" oya="3" hai0="87,125,48,43,92,82,134,3,15,101,71,77,135" hai1="63,69,31,1,44,5,27,128,120,106,116,4,73" hai2="11,18,78,17,56,52,34,19,60,40,86,115,107" hai3="14,16,36,51,109,113,49,94,24,124,33,7,9"/><W67/><G113/><T79/><D3/><U123/><E73/><V6/><F115/><W46/><G124/><T23/><D71/><U74/><E74/><V10/><F107/><W26/><G109/><T102/><D77/><U98/><E44/><V133/><F34/><W91/><G36/><T83/><D125/><U37/><E5/><V119/><F119/><W39/><G39/><T131/><D131/><U28/><E28/><V32/><F32/><W64/><G33/><T89/><D83/><U12/><E12/><N who="2" m="5207" /><F133/><N who="0" m="50698" /><D15/><U66/><E63/><V38/><F38/><W68/><G51/><T84/><D23/><U22/><E98/><V112/><F40/><W88/><G68/><T81/><D92/><U118/><E66/><N who="3" m="25130" /><G7/><T122/><D122/><U41/><E22/><V96/><F96/><N who="3" m="57415" /><G91/><T85/><D85/><U61/><E69/><V126/><F112/><W2/><G2/><T62/><D62/><U58/><E61/><V21/><F126/><W90/><G90/><T53/><D43/><AGARI ba="0,0" hai="9,14,16,24,26,43,46,49" m="57415,25130" machi="43" ten="30,5800,0" yaku="8,1,54,2" doraHai="54" who="3" fromWho="0" sc="219,-58,441,0,238,0,102,58" /><INIT seed="3,1,0,5,2,11" ten="161,441,238,160" oya="3" hai0="41,118,128,4,25,120,133,60,28,19,80,111,46" hai1="6,35,67,79,95,130,62,90,20,102,115,92,13" hai2="84,135,51,58,5,65,108,105,81,101,78,52,40" hai3="87,45,82,96,34,31,103,3,63,36,132,72,24"/><W29/><G3/><T77/><D118/><U17/><E115/><V122/><F108/><W33/><G132/><T109/><D120/><U119/><E119/><V91/><F122/><W117/><G117/><T107/><D107/><U9/><E130/><V113/><F113/><W76/><G63/><T71/><D128/><U99/><E79/><V110/><F110/><N who="0" m="41994" /><D133/><U26/><E35/><V75/><F135/><W53/><G87/><N who="0" m="48527" /><D4/><U43/><E43/><V56/><F40/><W70/><G70/><T112/><D112/><U18/><E67/><V73/><F5/><W89/><G89/><T0/><D0/><U2/><E62/><V21/><F21/><W66/><G66/><N who="0" m="41415" /><D19/><N who="1" m="12575" /><E2/><V10/><F10/><W39/><G53/><T83/><D83/><U23/><E23/><V37/><F37/><W30/><G45/><T44/><D41/><U93/><E93/><N who="2" m="54503" /><F73/><W50/><G50/><T123/><D123/><U7/><E13/><V61/><F65/><W8/><G8/><T124/><D124/><U32/><E32/><AGARI ba="1,0" hai="25,28,32,44,46" m="41415,48527,41994" machi="32" ten="30,1000,0" yaku="14,1" doraHai="11" who="0" fromWho="1" sc="161,13,441,-13,238,0,160,0" owari="174,-22.6,428,52.8,238,3.8,160,-34.0" /></mjloggm>