<mjloggm ver="2.3"><GO type="225" lobby="0"/><UN n0="%E3%83%A9%E3%82%B9%E7%8E%87%EF%BC%93%E5%89%B2" n1="%E6%A1%9C%E8%8A%B1%E9%96%83%E3%80%85" n2="%E3%83%96%E3%83%83%E3%83%91%E3%82%AA%E3%83%96%E3%83%81%E3%82%AD%E3%83%B3" n3="%E9%A6%AC%E5%BC%95%E7%81%AB%33" dan="17,16,16,16" rate="2218.52,2169.55,2194.55,2142.39" sx="F,M,M,M"/><TAIKYOKU oya="0"/><INIT seed="0,0,0,4,1,26" ten="250,250,250,250" oya="0" hai0="15,42,88,65,94,18,124,11,119,27,51,43,83" hai1="90,118,25,79,100,87,97,99,135,93,28,126,115" hai2="52,56,9,0,59,98,54,39,132,134,38,69,14" hai3="78,86,71,41,68,34,67,110,7,40,5,58,105"/><T22/><D124/><U19/><E118/><V106/><F0/><W109/><G105/><T20/><D119/><U10/><E126/><V74/><F74/><W84/><G58/><N who="2" m="22057" /><F106/><W21/><G21/><T91/><D65/><U24/><E135/><N who="2" m="51755" /><F98/><W76/><G67/><T122/><D122/><U116/><E116/><V48/><F69/><W32/><AGARI ba="0,0" hai="5,7,32,34,40,41,68,71,76,78,84,86,109,110" machi="32" ten="25,3200,0" yaku="0,1,22,2" doraHai="26" who="3" fromWho="3" sc="250,-16,250,-8,250,-8,250,32" /><INIT seed="1,0,0,4,0,20" ten="234,242,242,282" oya="1" hai0="64,52,35,48,12,59,10,28,44,17,68,36,63" hai1="107,46,106,18,38,103,49,115,67,77,80,124,122" hai2="50,21,8,100,79,47,53,66,86,69,70,27,6" hai3="121,97,93,42,54,14,1,96,45,7,29,84,99"/><U105/><E115/><V111/><F111/><W19/><G121/><T2/><D2/><U58/><E122/><V109/><F109/><W16/><G29/><T43/><D28/><U118/><E118/><V90/><F100/><W39/><G1/><T30/><D30/><U60/><E124/><V15/><F79/><W41/><G41/><T116/><REACH who="0" step="1"/><D35/><REACH who="0" ten="224,242,242,282" step="2"/><U129/><E129/><V119/><F119/><AGARI ba="0,1" hai="10,12,17,36,43,44,48,52,59,63,64,68,116,119" machi="119" ten="40,8000,1" yaku="1,1,2,1,24,2,54,1,53,0" doraHai="20" doraHaiUra="0" who="0" fromWho="2" sc="224,90,242,0,242,-80,282,0" /><INIT seed="2,0,0,3,1,88" ten="314,242,162,282" oya="2" hai0="113,11,66,71,126,42,77,56,59,78,101,133,97" hai1="79,132,109,49,102,123,112,25,10,122,13,16,81" hai2="117,130,63,52,46,86,40,127,5,96,9,119,75" hai3="29,45,51,55,129,89,90,4,44,110,128,35,18"/><V72/><F130/><N who="3" m="50283" /><G110/><T30/><D71/><U118/><E112/><V91/><F127/><W7/><G18/><T20/><D42/><U121/><E118/><V8/><F119/><W73/><G73/><T65/><D133/><U12/><E109/><V48/><F117/><W33/><G44/><T114/><D11/><U32/><E132/><V26/><F75/><W2/><G2/><T53/><D59/><U92/><E49/><V34/><F72/><W15/><G15/><T60/><D126/><U105/><E105/><V120/><F120/><W17/><G17/><T41/><D41/><U80/><E13/><V93/><F5/><N who="3" m="2123" /><G29/><T135/><D135/><U82/><E25/><V62/><F26/><W31/><G31/><T70/><D30/><U100/><E32/><AGARI ba="0,0" hai="32,33,35,45,51,55,89,90" m="2123,50283" machi="32" ten="30,1000,0" yaku="19,1" doraHai="88" who="3" fromWho="1" sc="314,0,242,-10,162,0,282,10" /><INIT seed="3,0,0,0,4,11" ten="314,232,162,292" oya="3" hai0="71,63,57,7,65,123,113,50,130,102,106,96,38" hai1="107,108,56,26,103,124,119,23,62,13,58,33,111" hai2="24,20,39,31,54,68,126,115,77,32,25,134,52" hai3="97,60,47,10,87,41,61,64,100,133,80,6,86"/><W104/><G133/><T73/><D123/><U109/><E124/><V5/><F115/><W127/><G127/><T118/><D118/><U35/><E119/><V29/><F126/><W19/><G19/><T131/><D73/><U14/><E103/><V75/><F134/><W21/><G21/><T1/><D7/><U8/><E107/><V93/><F68/><W48/><G64/><T15/><D15/><N who="1" m="5643" /><E8/><V67/><F39/><W51/><G51/><T132/><D1/><U59/><E62/><V105/><F105/><W37/><G87/><T89/><D38/><U43/><E43/><V49/><F5/><W3/><REACH who="3" step="1"/><G37/><REACH who="3" ten="314,232,162,282" step="2"/><T53/><D132/><U90/><E90/><AGARI ba="0,1" hai="3,6,10,41,47,48,60,61,80,86,90,97,100,104" machi="90" ten="30,5800,0" yaku="1,1,2,1,7,1,53,0" doraHai="11" doraHaiUra="129" who="3" fromWho="1" sc="314,0,232,-58,162,0,282,68" owari="314,11.4,174,-22.6,162,-33.8,350,45.0" /></mjloggm>