<mjloggm ver="2.3"><GO type="225" lobby="0"/><UN n0="%E3%83%96%E3%83%83%E3%83%91%E3%82%AA%E3%83%96%E3%83%81%E3%82%AD%E3%83%B3" n1="%E5%8D%A0%E3%81%84%E5%B8%AB%E8%A3%8F%E3%81%AA%E3%81%84%E3%81%97" n2="%E9%A6%AC%E5%BC%95%E7%81%AB%33" n3="%E6%98%93%E5%88%A9%E8%96%A9%E4%BC%AF" dan="16,17,16,17" rate="2125.50,2251.44,2049.87,2121.33" sx="M,M,M,F"/><TAIKYOKU oya="0"/><INIT seed="0,0,0,4,5,130" ten="250,250,250,250" oya="0" hai0="77,80,55,13,8,122,3,108,109,63,5,50,27" hai1="82,102,84,28,94,16,111,116,97,25,115,18,62" hai2="113,22,95,129,101,59,85,87,57,96,65,127,7" hai3="42,110,41,114,66,15,45,89,38,56,47,14,98"/><T73/><D122/><U34/><E111/><N who="0" m="42569" /><D27/><U64/><E116/><V74/><F74/><W121/><G110/><T39/><D39/><U21/><E34/><V133/><F113/><W103/><G114/><T33/><D33/><U4/><E4/><V91/><F129/><W46/><G89/><T99/><D99/><U118/><E118/><V131/><F131/><W52/><G66/><T126/><D126/><U35/><E35/><V125/><F7/><W58/><G58/><N who="0" m="33143" /><D63/><U20/><E21/><V24/><F85/><W67/><G67/><T19/><D19/><U40/><E40/><V49/><F65/><W61/><G121/><T44/><D44/><U135/><E135/><V43/><F43/><W10/><G10/><T2/><AGARI ba="0,0" hai="2,3,5,8,13,73,77,80" m="33143,42569" machi="2" ten="30,3000,0" yaku="14,1,10,1" doraHai="130" who="0" fromWho="0" sc="250,30,250,-10,250,-10,250,-10" /><INIT seed="0,1,0,5,3,98" ten="280,240,240,240" oya="0" hai0="79,57,83,108,93,17,14,24,28,67,115,91,104" hai1="35,81,55,6,42,61,112,97,13,118,38,19,120" hai2="25,94,69,15,125,20,71,133,18,92,52,4,130" hai3="74,86,1,80,23,60,88,89,65,85,129,73,48"/><T110/><D104/><U135/><E118/><V82/><F125/><W76/><G1/><T123/><D115/><U0/><E120/><V39/><F39/><W131/><G48/><T121/><D67/><U95/><E135/><V84/><F133/><W11/><G11/><T109/><D57/><U124/><E35/><V101/><F130/><N who="3" m="49675" /><G23/><N who="0" m="11703" /><D93/><U51/><E6/><V16/><F4/><W21/><G21/><N who="0" m="15375" /><D91/><N who="3" m="34889" /><G86/><AGARI ba="1,0" hai="79,83,86,108,109,110,121,123" m="15375,11703" machi="86" ten="30,2900,0" yaku="14,1,10,1" doraHai="98" who="0" fromWho="3" sc="280,32,240,0,240,0,240,-32" /><INIT seed="0,2,0,4,4,1" ten="312,240,240,208" oya="0" hai0="84,9,51,101,114,23,24,18,115,126,121,77,34" hai1="17,90,124,41,128,64,20,66,4,107,122,44,131" hai2="6,75,130,116,74,108,91,88,112,2,106,56,7" hai3="55,5,37,78,12,60,13,31,125,28,48,79,19"/><T102/><D121/><U118/><E122/><V83/><F112/><W38/><G125/><T16/><D34/><U30/><E107/><V98/><F108/><W110/><G110/><T3/><D126/><U105/><E105/><V32/><F32/><W59/><G37/><T46/><D115/><U68/><E124/><V57/><F106/><W54/><G38/><T86/><D114/><U119/><E30/><V0/><F83/><W129/><G129/><N who="1" m="49738" /><E90/><V45/><F130/><W72/><G72/><T14/><D3/><U43/><E4/><V29/><F45/><W10/><G31/><T87/><REACH who="0" step="1"/><D77/><REACH who="0" ten="302,240,240,208" step="2"/><U109/><E109/><V76/><F76/><W117/><G117/><T47/><D47/><U85/><E44/><V21/><F116/><W11/><G28/><T33/><D33/><U104/><E119/><V94/><F29/><W69/><G69/><T93/><D93/><U82/><E104/><V135/><F94/><W134/><G134/><T99/><D99/><U49/><E68/><V133/><F98/><W52/><G48/><T8/><D8/><U53/><E118/><V42/><F21/><W62/><REACH who="3" step="1"/><G62/><REACH who="3" ten="302,240,240,198" step="2"/><T67/><D67/><AGARI ba="2,2" hai="5,10,11,12,13,19,52,54,55,59,60,67,78,79" machi="67" ten="40,12000,2" yaku="1,1,2,1,8,1,52,1,54,1,53,1" doraHai="1" doraHaiUra="58" who="3" fromWho="0" sc="302,-126,240,0,240,0,198,146" /><INIT seed="1,0,0,5,1,77" ten="176,240,240,344" oya="1" hai0="100,59,47,39,108,81,18,124,5,84,19,93,79" hai1="17,45,96,101,52,105,122,80,103,38,114,107,65" hai2="53,46,54,126,115,21,55,63,111,127,23,112,9" hai3="120,104,1,34,125,117,123,27,109,12,10,74,6"/><U29/><E114/><N who="2" m="43563" /><F9/><N who="3" m="2255" /><G104/><T40/><D108/><U48/><E122/><N who="3" m="46634" /><G74/><T3/><D124/><N who="2" m="47658" /><F111/><W86/><G86/><T82/><D3/><U37/><E29/><V116/><F116/><W92/><G92/><T110/><D5/><U95/><E65/><V42/><F55/><W85/><G85/><T76/><D110/><U88/><E17/><V32/><F32/><W43/><G43/><T13/><D13/><U121/><E121/><V2/><F2/><W31/><G125/><T113/><D113/><U106/><REACH who="1" step="1"/><E80/><REACH who="1" ten="176,230,240,344" step="2"/><V24/><F24/><W16/><G109/><T97/><REACH who="0" step="1"/><D59/><REACH who="0" ten="166,230,240,344" step="2"/><U73/><E73/><AGARI ba="0,2" hai="18,19,39,40,47,73,76,79,81,82,84,93,97,100" machi="73" ten="30,8000,1" yaku="1,1,2,1,7,1,52,2,53,0" doraHai="77" doraHaiUra="50" who="0" fromWho="1" sc="166,100,230,-80,240,0,344,0" /><INIT seed="2,0,0,0,5,120" ten="266,150,240,344" oya="2" hai0="107,7,89,117,118,116,3,25,58,101,30,40,39" hai1="113,43,12,18,65,20,37,8,75,119,36,94,73" hai2="112,130,77,4,128,98,104,16,61,95,81,85,121" hai3="34,44,66,5,80,87,28,26,55,96,1,126,31"/><V82/><F112/><W102/><G126/><T52/><D89/><U74/><E113/><V38/><F121/><W29/><G66/><T72/><D72/><U22/><E119/><V122/><F122/><W114/><G1/><T127/><D127/><U135/><E135/><V125/><F125/><W90/><G5/><T124/><D124/><U46/><E65/><V106/><F38/><W93/><G114/><T88/><D88/><U109/><E94/><V41/><F41/><W27/><G34/><T62/><D101/><U97/><E97/><V71/><F4/><W21/><G27/><T53/><D107/><U45/><REACH who="1" step="1"/><E109/><REACH who="1" ten="266,140,240,344" step="2"/><V56/><F106/><W10/><G96/><T69/><D117/><U134/><E134/><V133/><F104/><W110/><G93/><T50/><D118/><U54/><E54/><V33/><F133/><W23/><G55/><T115/><D53/><U32/><E32/><V11/><F33/><W76/><G110/><T19/><D52/><U13/><E13/><N who="2" m="7231" /><F71/><W59/><G59/><T49/><D58/><U84/><E84/><N who="2" m="48175" /><F56/><W100/><G87/><T111/><D69/><U70/><E70/><V48/><F61/><W99/><G99/><T51/><D62/><U9/><E9/><V92/><F92/><W132/><G10/><N who="0" m="2431" /><D116/><U86/><E86/><V15/><F95/><W68/><G68/><T129/><D115/><U79/><E79/><N who="2" m="46303" /><F98/><W103/><G132/><T64/><D64/><U24/><E24/><V83/><F15/><W63/><G26/><T91/><D111/><U105/><E105/><V60/><F60/><W123/><G63/><RYUUKYOKU ba="0,1" sc="266,-10,140,30,240,-10,344,-10" hai1="8,12,18,20,22,36,37,43,45,46,73,74,75" /><INIT seed="3,1,1,1,5,113" ten="256,170,230,334" oya="3" hai0="78,23,100,89,48,8,75,29,44,103,26,93,0" hai1="74,58,98,79,22,88,52,125,118,27,43,1,47" hai2="82,35,60,34,81,112,77,56,127,70,131,85,106" hai3="6,33,84,39,18,92,54,20,17,76,71,66,68"/><W37/><G33/><T32/><D32/><U63/><E1/><V12/><F112/><W25/><G6/><T10/><D75/><U129/><E129/><V123/><F106/><W14/><G54/><N who="0" m="29959" /><D78/><U97/><E125/><V4/><F131/><W19/><G19/><T109/><D109/><U122/><E122/><V30/><F70/><W99/><G84/><N who="0" m="52391" /><D0/><U86/><E74/><V105/><F105/><W36/><G76/><T24/><D24/><U94/><E79/><V13/><F127/><W57/><G57/><T15/><D10/><U11/><E11/><V62/><F123/><W59/><G59/><T49/><D49/><N who="1" m="26879" /><E118/><V28/><F56/><W41/><G41/><T108/><D108/><U42/><E42/><V53/><F77/><W7/><G7/><AGARI ba="1,1" hai="7,8,15,23,26,29,100,103" m="52391,29959" machi="7" ten="30,1000,0" yaku="8,1" doraHai="113" who="0" fromWho="3" sc="256,23,170,0,230,0,334,-13" owari="279,7.9,170,-33.0,230,-17.0,321,42.1" /></mjloggm>