<mjloggm ver="2.3"><GO type="225" lobby="0"/><UN n0="%E6%81%AC%E6%B7%A1%E5%AF%82%E5%AF%9E" n1="%E6%9D%B1%E9%A2%A8%E3%81%AE%E3%81%8D%E3%82%83%E3%81%B7%E3%81%95%E3%82%93" n2="%E7%B4%94%E6%BD%94%E3%83%94%E3%83%A9%E3%83%8B%E3%82%A2" n3="%E4%BF%BA%E3%81%A8%E5%A6%96%E5%A4%A2" dan="16,16,17,16" rate="2140.05,2178.74,2182.33,2227.73" sx="F,M,M,F"/><TAIKYOKU oya="0"/><INIT seed="0,0,0,5,2,41" ten="250,250,250,250" oya="0" hai0="72,86,19,90,63,80,81,127,6,84,103,18,122" hai1="58,64,20,123,17,45,111,66,46,24,78,26,133" hai2="73,51,55,62,8,27,2,126,70,39,50,57,69" hai3="88,101,52,113,10,125,117,56,9,85,83,30,42"/><T54/><D122/><U132/><E123/><V5/><F73/><W114/><G117/><T121/><D121/><U96/><E111/><V94/><F39/><W16/><G125/><T75/><D127/><U22/><E78/><V130/><F130/><W89/><G30/><T43/><D103/><U33/><E96/><V4/><F126/><W11/><G101/><T104/><D104/><U134/><E33/><V14/><F94/><W1/><G1/><T112/><D112/><U44/><E58/><V110/><F27/><W76/><G42/><T106/><D43/><U115/><E115/><V47/><F50/><N who="3" m="30743" /><G114/><T21/><D106/><U53/><E53/><V3/><F110/><W67/><G113/><T13/><D6/><U25/><E17/><V38/><F38/><W91/><G67/><AGARI ba="0,0" hai="20,22,24,25,26,44,45,46,64,66,67,132,133,134" machi="67" ten="50,16000,3" yaku="29,2,28,2,20,1,52,3" doraHai="41" who="1" fromWho="3" sc="250,0,250,160,250,0,250,-160" /><INIT seed="1,0,0,2,2,65" ten="250,410,250,90" oya="1" hai0="62,107,37,3,35,14,2,68,52,132,118,17,125" hai1="21,105,75,131,27,19,61,74,66,67,83,20,45" hai2="77,44,29,114,6,95,56,38,16,84,36,122,51" hai3="108,0,31,135,117,34,53,69,30,116,46,128,5"/><U88/><E105/><V115/><F122/><W91/><G108/><T99/><D37/><U22/><E45/><V54/><F29/><W7/><G128/><T42/><D118/><N who="3" m="45673" /><G135/><T4/><D42/><U10/><E131/><V26/><F6/><N who="3" m="2059" /><G0/><T92/><D107/><U86/><E67/><V71/><F77/><W39/><G91/><T119/><D4/><U70/><REACH who="1" step="1"/><E10/><REACH who="1" ten="250,400,250,90" step="2"/><V82/><F44/><W40/><G69/><T112/><D68/><U100/><E100/><V24/><F71/><W59/><G34/><T73/><D35/><U41/><E41/><V104/><F104/><W76/><G76/><T85/><D119/><U15/><E15/><V80/><F114/><W111/><G111/><T121/><D112/><U123/><E123/><V124/><F115/><W78/><G78/><T94/><D121/><U23/><AGARI ba="0,1" hai="19,20,21,22,23,27,61,66,70,74,75,83,86,88" machi="23" ten="30,12000,1" yaku="1,1,0,1,52,1,54,1,53,1" doraHai="65" doraHaiUra="63" who="1" fromWho="1" sc="250,-40,400,130,250,-40,90,-40" /><INIT seed="1,1,0,0,5,16" ten="210,530,210,50" oya="1" hai0="26,49,19,59,74,80,58,70,79,44,105,9,18" hai1="7,61,51,23,125,1,6,4,118,38,100,98,127" hai2="11,110,126,73,60,62,107,75,21,31,42,129,57" hai3="116,8,89,121,5,85,46,86,22,3,124,111,2"/><U17/><E118/><V50/><F107/><W72/><G121/><T130/><D105/><U35/><E38/><V69/><F110/><W29/><G72/><T20/><D70/><U83/><E83/><V76/><F126/><N who="1" m="48137" /><E35/><V104/><F104/><W106/><G124/><T108/><D108/><U119/><E119/><V12/><F129/><W67/><G106/><T10/><D130/><U25/><E51/><V84/><F69/><W78/><G67/><T87/><D74/><U15/><E61/><V99/><F99/><W90/><G111/><T94/><D94/><N who="1" m="58455" /><E1/><V68/><F68/><W53/><G2/><T132/><D132/><U24/><AGARI ba="1,0" hai="4,6,7,15,17,23,24,25" m="58455,48137" machi="24" ten="40,3900,0" yaku="18,1,52,1" doraHai="16" who="1" fromWho="1" sc="210,-14,530,42,210,-14,50,-14" /><INIT seed="1,2,0,3,2,97" ten="196,572,196,36" oya="1" hai0="129,66,127,23,116,20,73,45,64,11,70,72,107" hai1="134,131,42,101,1,130,113,39,9,53,95,89,115" hai2="63,124,29,121,65,87,14,12,27,75,36,6,31" hai3="22,15,46,48,32,123,54,102,59,55,7,118,4"/><U40/><E134/><V57/><F75/><W80/><G123/><T69/><D116/><U104/><E53/><V19/><F121/><W83/><G32/><T88/><D107/><U43/><E39/><V24/><F36/><W79/><G118/><T33/><D33/><U135/><E135/><V60/><F124/><W96/><G22/><T61/><D11/><U92/><E9/><V52/><F87/><W117/><G117/><T78/><D129/><N who="1" m="49163" /><E1/><V90/><F90/><W71/><G71/><T0/><D88/><U67/><E67/><V77/><F77/><W8/><G4/><T56/><D78/><U5/><E5/><V74/><F74/><W119/><G79/><T111/><D0/><U108/><E108/><V47/><F6/><W18/><G7/><T51/><D72/><U133/><E133/><V98/><F47/><W100/><G119/><T76/><D76/><U99/><E104/><V37/><F37/><W122/><G122/><T112/><D73/><U50/><E50/><V49/><F49/><N who="3" m="28983" /><G96/><AGARI ba="2,0" hai="40,42,43,89,92,95,96,99,101,113,115" m="49163" machi="96" ten="30,2900,0" yaku="19,1,52,1" doraHai="97" who="1" fromWho="3" sc="196,0,572,35,196,0,36,-35" /><INIT seed="1,3,0,5,5,70" ten="196,607,196,1" oya="1" hai0="131,119,115,80,76,11,132,79,23,127,2,92,28" hai1="3,106,21,82,95,71,17,44,50,133,67,117,120" hai2="19,14,96,5,1,55,53,65,4,7,74,9,93" hai3="29,24,118,58,33,47,77,18,104,42,85,91,84"/><U94/><E106/><V102/><F74/><W103/><G104/><T62/><D115/><U134/><E3/><V99/><F1/><W110/><G103/><T54/><D119/><U22/><E117/><V64/><F96/><W97/><G118/><T88/><D2/><U129/><E120/><V25/><F25/><W72/><G110/><T86/><D131/><U43/><E129/><V101/><F101/><W98/><G72/><T60/><D132/><N who="1" m="50795" /><E82/><V31/><F31/><W61/><G18/><T128/><D127/><U10/><E10/><V122/><F122/><W116/><G84/><N who="0" m="52231" /><D11/><U123/><E123/><V12/><F14/><W135/><G77/><N who="0" m="46351" /><D128/><U35/><E35/><V51/><F55/><W81/><G116/><T6/><D54/><U73/><E73/><V27/><F27/><W15/><G15/><T112/><D6/><U26/><E22/><V108/><F108/><W8/><G8/><T111/><D112/><U56/><E71/><V114/><F114/><W75/><G75/><T57/><D111/><U63/><AGARI ba="3,0" hai="17,21,26,43,44,50,56,63,67,94,95" m="50795" machi="63" ten="30,1500,0" yaku="20,1" doraHai="70" who="1" fromWho="1" sc="196,-8,607,24,196,-8,1,-8" owari="188,-1.2,631,73.1,188,-21.2,-7,-50.7" /></mjloggm>