<mjloggm ver="2.3"><GO type="225" lobby="0"/><UN n0="%E5%A4%8F%E9%88%B4%E9%88%B4%E5%A4%8F" n1="%E5%B8%86%E7%AB%8B%E5%A4%8F%E8%A1%A3" n2="%66%67%67%68%68%64%66" n3="%E9%B7%B9%E5%80%89%E6%9D%8F%E9%88%B4" dan="16,17,16,16" rate="2123.17,2204.90,2085.55,2109.66" sx="F,M,M,F"/><TAIKYOKU oya="0"/><INIT seed="0,0,0,4,4,20" ten="250,250,250,250" oya="0" hai0="65,57,39,85,68,6,64,41,95,19,105,67,17" hai1="92,59,102,62,86,75,104,56,81,77,15,8,121" hai2="124,135,48,113,112,111,129,47,78,103,45,80,134" hai3="52,9,133,36,14,43,79,24,97,96,87,106,32"/><T94/><D105/><U27/><E121/><V122/><F103/><W82/><G133/><N who="2" m="50697" /><F80/><W0/><G0/><T54/><D68/><U114/><E114/><N who="2" m="44139" /><F78/><W101/><G96/><T123/><D123/><U93/><E59/><V12/><F12/><W4/><G43/><T72/><D72/><U84/><E75/><V109/><F122/><W22/><G36/><T55/><D6/><U98/><E86/><V35/><F35/><W74/><G32/><T60/><D41/><U49/><E49/><V40/><F129/><W10/><G10/><T25/><D39/><U31/><E15/><V16/><F16/><N who="0" m="6218" /><D25/><U38/><E8/><V29/><F29/><W89/><G74/><T11/><D11/><U132/><E38/><N who="2" m="21655" /><F124/><W51/><G22/><T91/><D95/><U50/><E132/><V83/><F83/><W53/><G24/><T3/><D3/><U61/><E93/><V125/><F125/><W7/><G7/><T28/><D28/><U108/><E104/><V2/><F2/><W120/><G120/><T66/><AGARI ba="0,0" hai="54,55,57,60,64,65,66,67,85,91,94" m="6218" machi="66" ten="30,3000,0" yaku="8,1,54,1" doraHai="20" who="0" fromWho="0" sc="250,30,250,-10,250,-10,250,-10" /><INIT seed="0,1,0,3,5,45" ten="280,240,240,240" oya="0" hai0="11,110,85,82,0,20,19,60,88,74,40,119,115" hai1="70,63,78,37,122,14,112,27,55,123,9,93,86" hai2="21,104,118,46,50,72,80,90,129,24,7,135,43" hai3="15,29,52,126,124,84,120,64,105,41,114,66,125"/><T91/><D115/><U18/><E112/><V56/><F104/><W95/><G114/><T87/><D119/><U1/><E37/><V89/><F129/><W111/><G105/><T36/><D74/><U100/><E1/><V48/><F135/><W73/><G73/><T49/><D36/><U61/><E70/><V81/><F118/><W23/><G41/><T98/><D110/><U31/><E123/><V44/><F7/><W77/><G111/><T22/><D98/><U76/><E122/><V101/><F101/><W102/><G120/><T97/><D97/><U39/><E39/><V92/><F56/><W32/><G32/><T117/><D117/><U8/><E8/><V3/><F3/><W71/><G71/><T12/><D60/><U96/><E86/><N who="2" m="52311" /><F89/><N who="3" m="53671" /><G77/><T79/><D79/><U132/><E132/><V34/><F34/><W108/><G102/><T53/><D40/><U62/><REACH who="1" step="1"/><E55/><REACH who="1" ten="280,230,240,240" step="2"/><N who="2" m="30087" /><F72/><W57/><G108/><T121/><D0/><U10/><E10/><V127/><F127/><W16/><G29/><AGARI ba="1,1" hai="21,24,29,43,46,50,80,81" m="30087,52311" machi="29" ten="30,3900,0" yaku="8,1,52,2" doraHai="45" who="2" fromWho="3" sc="280,0,230,0,240,52,240,-42" /><INIT seed="1,0,0,0,2,16" ten="280,230,292,198" oya="1" hai0="82,27,2,99,8,116,44,51,18,109,41,113,127" hai1="80,55,108,77,90,14,60,95,86,120,46,94,97" hai2="45,9,30,98,57,15,10,48,11,36,12,88,106" hai3="40,84,126,135,111,117,133,31,79,87,64,123,52"/><U124/><E124/><V34/><F36/><W85/><G123/><T74/><D116/><U58/><E120/><V131/><F131/><W104/><G126/><T20/><D113/><U121/><E121/><V100/><F57/><W92/><G104/><T37/><D109/><U7/><E108/><V3/><F3/><W73/><G111/><T29/><D127/><U42/><E7/><V67/><F67/><W24/><G117/><T119/><D119/><U19/><E94/><V38/><F38/><W78/><G40/><T101/><D51/><U5/><E5/><V25/><REACH who="2" step="1"/><F88/><REACH who="2" ten="280,230,282,198" step="2"/><W28/><G64/><T21/><D2/><U112/><E112/><V49/><F49/><W130/><G130/><T32/><D8/><U105/><E105/><V1/><F1/><W68/><G68/><T35/><D82/><U96/><E46/><V50/><F50/><W76/><G92/><T132/><D132/><N who="3" m="50761" /><G73/><T72/><D74/><U107/><E107/><V122/><F122/><W81/><G81/><T13/><D72/><U62/><E62/><V69/><F69/><W75/><G75/><T23/><D99/><N who="1" m="57847" /><E42/><AGARI ba="0,1" hai="9,10,11,12,15,25,30,34,42,45,48,98,100,106" machi="42" ten="40,2600,0" yaku="1,1,53,1" doraHai="16" doraHaiUra="47" who="2" fromWho="1" sc="280,0,230,-26,282,36,198,0" /><INIT seed="2,0,0,5,4,50" ten="280,204,318,198" oya="2" hai0="9,68,8,13,80,75,40,30,112,115,37,41,64" hai1="123,6,72,121,25,42,97,128,111,26,58,135,49" hai2="122,57,126,67,24,104,117,18,82,52,120,108,12" hai3="14,4,130,39,10,109,32,101,76,44,45,98,54"/><V35/><F117/><W89/><G32/><T46/><D41/><U77/><E111/><V110/><F104/><W23/><G109/><N who="2" m="42089" /><F67/><W2/><G130/><T69/><D8/><U107/><E135/><V92/><F126/><W22/><G76/><T38/><D37/><U11/><E128/><V81/><F92/><W106/><G2/><T16/><D30/><U83/><E107/><V36/><F36/><W27/><G39/><T134/><D134/><U91/><E42/><V99/><F99/><W86/><G23/><T88/><D64/><U78/><E78/><V79/><F24/><W94/><REACH who="3" step="1"/><G54/><REACH who="3" ten="280,204,318,188" step="2"/><T102/><D115/><U100/><E77/><V34/><F52/><W33/><G33/><T62/><D112/><U51/><E72/><V61/><F35/><W93/><G93/><T119/><D75/><U17/><E83/><V3/><F34/><W65/><G65/><T95/><D80/><U84/><E123/><V125/><F82/><W66/><G66/><T70/><D119/><U59/><E121/><V19/><F3/><W118/><G118/><T96/><REACH who="0" step="1"/><D62/><REACH who="0" ten="270,204,318,188" step="2"/><U90/><E49/><V129/><F61/><W53/><G53/><T31/><D31/><AGARI ba="0,2" hai="4,10,14,22,27,31,44,45,86,89,94,98,101,106" machi="31" ten="30,3900,0" yaku="1,1,7,1,53,1" doraHai="50" doraHaiUra="87" who="3" fromWho="0" sc="270,-39,204,0,318,0,188,59" /><INIT seed="3,0,0,1,0,8" ten="231,204,318,247" oya="3" hai0="119,79,68,54,27,74,96,108,115,117,38,97,46" hai1="53,111,65,95,62,4,105,50,56,14,88,7,55" hai2="60,106,77,37,94,2,76,51,48,26,10,85,31" hai3="75,110,69,130,66,133,120,89,98,90,40,9,71"/><W131/><G120/><T22/><D108/><U23/><E105/><V28/><F37/><W34/><G34/><T80/><D68/><U129/><E111/><V13/><F2/><W29/><G110/><T109/><D109/><U20/><E129/><N who="3" m="49162" /><G29/><N who="2" m="11337" /><F26/><W67/><G75/><T3/><D3/><U1/><E1/><V82/><F106/><W134/><G40/><T25/><D115/><U113/><E113/><V104/><F104/><W33/><G33/><T58/><D117/><U64/><E64/><N who="3" m="24618" /><G9/><T123/><D74/><U49/><E65/><V41/><F41/><W73/><G73/><T112/><D119/><U35/><E35/><V99/><F76/><W0/><G98/><T84/><D97/><N who="1" m="57575" /><E62/><V18/><F60/><W107/><G107/><T121/><D123/><U78/><E78/><V91/><AGARI ba="0,0" hai="10,13,18,48,51,77,82,85,91,94,99" m="11337" machi="91" ten="30,2000,0" yaku="8,1,52,1" doraHai="8" who="2" fromWho="2" sc="231,-5,204,-5,318,20,247,-10" owari="226,-17.4,199,-30.1,338,43.8,237,3.7" /></mjloggm>