<mjloggm ver="2.3"><GO type="225" lobby="0"/><UN n0="%E3%83%B4%E3%83%A0%EF%BC%99%E3%81%A6" n1="%E3%81%8B%E3%82%8F%E3%81%A1%E3%82%83%E3%82%93%35%38" n2="%E7%99%BD%E5%80%89%E5%AF%9B%E4%B9%8B" n3="%4C%4F%4C%49%54%41" dan="16,16,16,16" rate="2167.71,2153.40,2133.65,2103.06" sx="M,M,M,F"/><TAIKYOKU oya="0"/><INIT seed="0,0,0,0,5,62" ten="250,250,250,250" oya="0" hai0="124,132,76,29,64,88,114,5,4,84,105,71,31" hai1="42,133,10,12,101,33,52,9,58,74,77,34,78" hai2="119,116,94,98,134,26,40,117,50,111,127,89,39" hai3="27,55,81,122,44,65,82,126,108,102,19,125,121"/><T30/><D114/><U7/><E133/><V107/><F134/><W1/><G1/><T92/><D132/><U16/><E42/><V53/><F111/><W45/><G108/><T41/><D124/><N who="3" m="47721" /><G102/><T93/><D105/><U109/><E109/><V104/><F127/><W86/><G82/><T128/><D128/><U87/><E74/><V60/><F39/><W103/><G103/><T118/><D118/><U97/><E87/><V131/><F131/><W57/><G19/><T0/><D41/><U8/><E33/><V25/><F40/><W22/><G65/><T67/><D71/><U32/><E32/><V6/><F6/><N who="0" m="2666" /><D0/><U48/><E34/><V11/><F11/><W15/><G15/><T61/><D61/><U95/><E95/><BYE who="1" /><N who="0" m="36425" /><D76/><U46/><E46/><V96/><F60/><N who="3" m="35903" /><G45/><T24/><D24/><N who="2" m="9322" /><F98/><W73/><G73/><T129/><D129/><U106/><E106/><V51/><F51/><W68/><G68/><T112/><D112/><U36/><E36/><V83/><F83/><AGARI ba="0,0" hai="29,30,31,64,67,83,84,88" m="36425,2666" machi="83" ten="30,11600,0" yaku="8,1,52,2,54,1" doraHai="62" who="0" fromWho="2" sc="250,116,250,0,250,-116,250,0" /><INIT seed="0,1,0,4,3,13" ten="366,250,134,250" oya="0" hai0="66,67,119,0,59,17,5,125,34,31,80,60,29" hai1="112,81,62,33,110,12,96,105,7,99,11,126,92" hai2="37,25,98,8,101,88,56,70,43,40,107,117,122" hai3="15,124,28,39,48,4,104,19,51,42,95,129,23"/><T68/><D119/><U85/><E85/><V64/><F70/><W41/><G104/><T9/><D125/><U57/><E57/><V22/><F117/><W87/><G39/><T86/><D34/><U127/><E127/><V130/><F122/><W2/><G129/><T89/><D67/><U18/><E18/><V116/><F116/><W69/><G69/><T79/><D68/><U121/><E121/><V30/><F130/><W77/><G124/><T132/><D132/><U78/><E78/><V44/><F40/><N who="3" m="15467" /><G2/><T128/><D128/><U94/><E94/><V100/><F8/><N who="3" m="4487" /><G28/><T133/><D133/><U53/><E53/><V10/><F10/><W97/><G87/><T61/><D61/><U38/><E38/><V82/><F101/><N who="3" m="60607" /><G77/><T36/><D36/><U131/><E131/><V118/><F118/><W115/><G115/><T58/><D58/><U90/><E90/><V65/><REACH who="2" step="1"/><F56/><REACH who="2" ten="366,250,124,250" step="2"/><W71/><G71/><T84/><D59/><U120/><E120/><V47/><F47/><W35/><G35/><T52/><D9/><U134/><E134/><V123/><F123/><W72/><G48/><T54/><D0/><UN n1="%E3%81%8B%E3%82%8F%E3%81%A1%E3%82%83%E3%82%93%35%38" /><U24/><E126/><V102/><F102/><W108/><G51/><T32/><D89/><U50/><E11/><V55/><F55/><W113/><G23/><T63/><D54/><U109/><E50/><V76/><F76/><W106/><G106/><T46/><D79/><U93/><E112/><V114/><F114/><W75/><G113/><T103/><D46/><U111/><E105/><V1/><F1/><W14/><G75/><T21/><D103/><RYUUKYOKU ba="1,1" sc="366,-10,250,-10,124,30,250,-10" hai2="22,25,30,37,43,44,64,65,82,88,98,100,107" /><INIT seed="1,2,1,4,1,107" ten="356,240,154,240" oya="1" hai0="99,102,92,97,65,121,41,25,88,115,27,85,49" hai1="70,46,93,26,131,132,127,83,29,32,118,82,126" hai2="42,18,37,94,98,103,87,67,48,55,128,119,34" hai3="40,59,57,14,129,106,84,75,30,89,122,113,56"/><U17/><E118/><V10/><F34/><W116/><G113/><T105/><D115/><U64/><E132/><V4/><F119/><W62/><G122/><T90/><D121/><U8/><E131/><V100/><F128/><W73/><G129/><T110/><D110/><U44/><E93/><V47/><F67/><W69/><G116/><T58/><D41/><U86/><E64/><V16/><F103/><W24/><G106/><T0/><D0/><U101/><E101/><V111/><F111/><W19/><G40/><T66/><D49/><U135/><E70/><V12/><REACH who="2" step="1"/><F87/><REACH who="2" ten="356,240,144,240" step="2"/><W1/><G84/><T35/><D35/><U120/><E120/><V3/><F3/><W23/><G1/><T11/><D65/><U96/><E135/><V76/><F76/><W5/><G75/><T36/><D102/><U68/><E68/><V54/><F54/><W33/><G73/><T61/><D66/><U130/><E130/><V15/><F15/><W125/><G69/><T71/><D85/><U112/><E112/><V38/><F38/><W60/><G33/><T13/><D36/><U9/><E83/><V80/><F80/><W81/><G81/><T124/><D71/><U91/><E82/><V133/><F133/><W78/><G78/><T39/><D39/><U50/><E86/><V53/><F53/><W104/><G14/><T114/><D114/><U20/><E32/><V123/><F123/><W31/><G89/><T45/><D90/><U77/><E91/><V52/><F52/><W43/><G43/><T51/><D13/><N who="1" m="9263" /><E77/><V2/><F2/><W117/><G117/><RYUUKYOKU ba="2,2" sc="356,-10,240,-10,144,30,240,-10" hai2="4,10,12,16,18,37,42,47,48,55,94,98,100" /><INIT seed="2,3,2,0,2,84" ten="346,230,174,230" oya="2" hai0="21,85,44,95,26,100,11,14,77,97,4,124,37" hai1="51,89,3,35,63,58,72,131,110,39,108,94,34" hai2="64,117,88,9,60,129,22,98,74,15,38,99,80" hai3="36,50,53,78,56,25,30,83,6,20,57,102,31"/><V116/><F38/><W128/><G36/><T104/><D124/><U122/><E39/><V62/><F129/><W61/><G128/><T73/><D73/><U47/><E3/><V81/><F22/><W70/><G70/><T87/><D77/><U42/><E72/><V113/><F113/><W68/><G68/><T105/><D105/><U71/><E71/><V59/><F62/><W135/><G135/><T75/><D75/><U69/><E69/><V24/><F24/><W126/><G126/><T133/><D133/><U76/><E76/><V119/><F74/><W46/><G102/><T52/><D104/><U32/><E122/><V40/><F40/><W93/><G93/><T19/><D37/><U2/><E2/><V91/><F119/><W92/><G92/><T118/><D118/><U106/><E106/><V12/><F117/><W33/><G6/><T41/><D41/><U90/><E131/><V23/><F23/><W49/><G33/><T109/><D109/><N who="1" m="42091" /><E94/><N who="2" m="56647" /><F116/><W7/><G7/><T27/><D27/><U82/><E82/><N who="2" m="31851" /><F9/><W115/><G115/><T28/><D28/><U111/><N who="1" m="42099" /><U79/><DORA hai="86" /><E79/><V43/><F43/><N who="3" m="24799" /><G78/><T29/><D29/><U125/><E125/><V96/><F91/><N who="1" m="34825" /><E32/><V130/><F130/><W54/><G83/><T134/><D134/><U120/><E120/><V67/><F67/><AGARI ba="3,2" hai="34,35,42,47,51,58,63,67" m="34825,42099" machi="67" ten="40,12000,2" yaku="14,1,52,6" doraHai="84,86" who="1" fromWho="2" sc="346,0,230,149,174,-129,230,0" /><INIT seed="3,0,0,3,1,110" ten="346,379,45,230" oya="3" hai0="114,7,87,4,9,1,104,111,15,82,107,120,134" hai1="31,131,2,40,48,102,8,72,37,126,36,113,53" hai2="45,71,115,79,3,35,42,78,14,122,73,11,135" hai3="80,54,62,26,66,132,98,100,105,124,19,6,97"/><W93/><G132/><T95/><D120/><U123/><E113/><V99/><F71/><W65/><G124/><T91/><D134/><U86/><E72/><V51/><F122/><W96/><G6/><T118/><D118/><U30/><E123/><V116/><F35/><W101/><G97/><T61/><D111/><U121/><E121/><V33/><F33/><W17/><G80/><T0/><D114/><U94/><E37/><V109/><F116/><W89/><G100/><T119/><D119/><U74/><E74/><V128/><F135/><W22/><G17/><T83/><D15/><U46/><E126/><V43/><F109/><W75/><G75/><T18/><D18/><U92/><E131/><V52/><F128/><W23/><REACH who="3" step="1"/><G22/><REACH who="3" ten="346,379,45,220" step="2"/><T32/><D32/><U125/><E125/><V85/><F3/><W103/><G103/><T130/><D130/><U88/><E2/><V27/><F73/><W24/><G24/><T81/><D4/><U108/><E108/><V47/><F27/><W112/><G112/><T5/><D5/><U21/><E21/><V41/><F115/><W49/><G49/><T127/><D127/><U67/><E102/><V39/><F99/><W12/><G12/><T76/><D0/><U57/><E8/><V129/><F129/><W133/><G133/><T70/><D76/><U44/><E94/><V58/><F85/><W106/><G106/><T63/><D107/><U84/><E84/><V64/><F64/><W117/><G117/><T55/><D104/><U25/><E25/><V68/><F51/><W34/><G34/><T28/><D1/><RYUUKYOKU ba="0,1" sc="346,-15,379,15,45,-15,220,15" hai1="30,31,36,40,44,46,48,53,57,67,86,88,92" hai3="19,23,26,54,62,65,66,89,93,96,98,101,105" /><INIT seed="3,1,1,1,1,14" ten="331,394,30,235" oya="3" hai0="9,90,127,22,66,15,75,93,64,37,94,35,60" hai1="119,43,57,92,125,33,120,19,69,83,74,40,67" hai2="108,105,44,124,121,31,62,118,134,133,100,82,123" hai3="91,111,135,102,77,54,56,78,7,21,63,17,1"/><W97/><G135/><T68/><D35/><U38/><E33/><V36/><F31/><W117/><G117/><T58/><D37/><U23/><E69/><V80/><F62/><W76/><G111/><T10/><D75/><U72/><E72/><V28/><F28/><W73/><G1/><T103/><D127/><U41/><E120/><V52/><F36/><W88/><G7/><T104/><D104/><U98/><E38/><V79/><F44/><W86/><G73/><T107/><D107/><U129/><E74/><V5/><F5/><W113/><G86/><T25/><D103/><U96/><E83/><V114/><F52/><W70/><G70/><T29/><D93/><U116/><E125/><V26/><F26/><W18/><G113/><T34/><D66/><U48/><E129/><V122/><F124/><W87/><G87/><T106/><D106/><U85/><E85/><V4/><F4/><W27/><REACH who="3" step="1"/><G18/><REACH who="3" ten="331,394,30,225" step="2"/><T71/><D71/><U132/><E132/><N who="2" m="50795" /><F118/><W0/><G0/><T47/><D68/><U101/><E119/><V46/><F46/><W53/><G53/><T39/><D47/><N who="1" m="25703" /><E116/><V126/><F126/><W50/><G50/><T20/><D39/><U131/><E131/><V59/><F59/><W30/><G30/><T89/><D58/><U49/><E49/><V81/><F114/><W12/><G12/><T84/><D15/><N who="1" m="9727" /><E57/><V32/><F108/><W6/><G6/><T130/><D29/><U95/><E67/><V51/><F51/><W65/><G65/><T109/><D64/><U16/><E16/><V2/><F123/><W99/><G99/><RYUUKYOKU ba="1,2" sc="331,-15,394,15,30,-15,225,15" hai1="41,43,92,95,96,98,101" hai3="17,21,27,54,56,63,76,77,78,88,91,97,102" /><INIT seed="3,2,2,3,2,50" ten="316,409,15,240" oya="3" hai0="21,3,64,23,38,15,25,125,100,65,17,117,52" hai1="98,68,29,35,102,118,114,69,10,13,87,16,67" hai2="133,34,110,124,77,62,92,40,119,94,84,24,115" hai3="4,9,101,109,135,53,41,54,95,39,8,33,105"/><W58/><G33/><T82/><D38/><U31/><E114/><V111/><F40/><W128/><G105/><T1/><D117/><U120/><E120/><V59/><F34/><W93/><G39/><T42/><D42/><U79/><E118/><V90/><F24/><W123/><G41/><T106/><D125/><U44/><E68/><V46/><F46/><W45/><G123/><T7/><D82/><N who="1" m="47583" /><E69/><V71/><F71/><W61/><G128/><T14/><D106/><U43/><E35/><V47/><F47/><W36/><G36/><T89/><D100/><U12/><E67/><V132/><F59/><N who="3" m="35055" /><G45/><T131/><D131/><U75/><E75/><V83/><F62/><N who="3" m="36183" /><G135/><T97/><D1/><U19/><E44/><V60/><F60/><W126/><G126/><T81/><D3/><U112/><E112/><V129/><F124/><W104/><G104/><T72/><D72/><U76/><E76/><V22/><F22/><W2/><G109/><T66/><D21/><N who="1" m="11495" /><E43/><V57/><F119/><W18/><G101/><T85/><D7/><U122/><E122/><V113/><F57/><W108/><G108/><T55/><D97/><U78/><E78/><V80/><F77/><W116/><G116/><T99/><D99/><U30/><E98/><V48/><F48/><W51/><G51/><T63/><D63/><U134/><E134/><V11/><F11/><W0/><G0/><T27/><D55/><U103/><AGARI ba="2,2" hai="10,13,16,29,30,31,102,103" m="11495,47583" machi="103" ten="30,2000,0" yaku="8,1,54,1" doraHai="50" who="1" fromWho="1" sc="316,-7,409,46,15,-7,240,-12" owari="309,10.9,455,55.5,8,-49.2,228,-17.2" /></mjloggm>