<mjloggm ver="2.3"><GO type="225" lobby="0"/><UN n0="%72%65%6E%6B%75%6E" n1="%E3%82%A2%E3%83%9E%E3%83%9D%EF%BD%9E%EF%BD%9E%E3%83%A9" n2="%E7%99%BD%E5%80%89%E5%AF%9B%E4%B9%8B" n3="%E5%B6%BA%E4%B8%8A%E5%92%B2" dan="17,17,16,16" rate="2204.92,2111.87,2173.77,2124.95" sx="M,M,M,F"/><TAIKYOKU oya="0"/><INIT seed="0,0,0,4,0,56" ten="250,250,250,250" oya="0" hai0="71,92,127,27,4,25,89,53,0,96,129,122,52" hai1="50,135,93,10,76,29,85,78,59,102,116,108,46" hai2="64,24,3,49,86,112,123,95,134,58,120,69,63" hai3="48,34,19,33,28,60,117,40,111,100,51,128,32"/><T5/><D5/><U74/><BYE who="0" /><E74/><V130/><F3/><W13/><G117/><T8/><D8/><U42/><E108/><V47/><F112/><W21/><G111/><T88/><D88/><N who="1" m="53391" /><E135/><V126/><F134/><UN n0="%72%65%6E%6B%75%6E" /><W103/><G128/><T97/><D71/><U16/><E29/><V77/><F130/><W68/><G28/><T22/><D122/><U23/><E116/><V7/><F7/><W65/><REACH who="3" step="1"/><G40/><REACH who="3" ten="250,250,250,240" step="2"/><T84/><D129/><U35/><E35/><V107/><F123/><W124/><G124/><T14/><D127/><U106/><E106/><V113/><F120/><W61/><G61/><T132/><D132/><U20/><E102/><AGARI ba="0,1" hai="13,19,21,32,33,34,48,51,60,65,68,100,102,103" machi="102" ten="40,5200,0" yaku="1,1,52,1,53,1" doraHai="56" doraHaiUra="15" who="3" fromWho="1" sc="250,0,250,-52,250,0,240,62" /><INIT seed="1,0,0,0,1,27" ten="250,198,250,302" oya="1" hai0="54,84,32,122,92,43,56,58,38,21,123,0,71" hai1="116,129,94,77,67,76,130,5,31,8,95,15,78" hai2="74,117,132,66,12,30,87,125,121,48,72,91,107" hai3="108,40,110,135,45,18,46,3,23,103,11,35,24"/><U28/><E67/><V14/><F107/><W16/><G135/><T34/><D0/><U70/><E70/><V118/><F121/><N who="0" m="46090" /><D71/><U100/><E116/><V86/><F66/><W39/><G35/><N who="0" m="13355" /><D21/><U101/><E130/><V106/><F106/><W128/><G128/><T96/><D84/><U79/><N who="1" m="19456" /><DORA hai="22" /><U102/><E129/><V81/><F91/><W93/><G46/><N who="0" m="23927" /><D54/><U51/><E51/><V37/><F48/><W114/><G114/><T113/><D113/><U26/><E26/><V47/><F37/><W33/><G33/><T82/><D82/><U134/><E134/><V2/><F81/><W4/><REACH who="3" step="1"/><G18/><REACH who="3" ten="250,198,250,292" step="2"/><T41/><D41/><U64/><E64/><V88/><F132/><W10/><G10/><T55/><D55/><U1/><E1/><V104/><F2/><W124/><G124/><T131/><D131/><U97/><REACH who="1" step="1"/><E94/><REACH who="1" ten="250,188,250,292" step="2"/><V29/><F104/><W9/><G9/><T90/><AGARI ba="0,2" hai="56,58,90,92,96" m="23927,13355,46090" machi="90" ten="30,1100,0" yaku="13,1" doraHai="27,22" who="0" fromWho="0" sc="250,31,188,-5,250,-3,292,-3" /><INIT seed="2,0,0,4,1,6" ten="281,183,247,289" oya="2" hai0="47,125,25,95,81,62,65,2,42,111,29,16,35" hai1="13,86,4,19,24,20,8,15,57,96,67,50,45" hai2="110,83,78,76,36,130,112,74,48,0,105,128,101" hai3="11,5,64,7,131,133,10,22,52,17,106,21,104"/><V33/><F33/><W18/><G64/><T54/><D2/><U69/><E69/><V79/><F36/><W117/><G117/><T103/><D111/><U118/><E118/><V113/><F0/><W40/><G40/><T99/><D125/><U34/><E96/><N who="2" m="61607" /><F48/><W114/><G114/><N who="2" m="44137" /><F110/><W43/><G43/><T87/><D54/><U12/><E34/><V28/><F28/><W27/><G52/><T124/><D124/><U108/><E108/><V115/><N who="2" m="44145" /><V14/><DORA hai="51" /><F14/><W31/><G31/><T100/><D100/><U127/><E127/><V44/><F44/><W123/><G123/><T70/><D16/><N who="1" m="12295" /><E86/><V107/><F107/><W92/><G27/><T75/><D75/><U94/><E94/><V89/><F89/><W32/><G92/><T85/><REACH who="0" step="1"/><D81/><REACH who="0" ten="271,183,247,289" step="2"/><U126/><E126/><V91/><F91/><W41/><G41/><T98/><D98/><U58/><E19/><V68/><F68/><W122/><G18/><T90/><D90/><U132/><E57/><V72/><F83/><W102/><G17/><T77/><D77/><U26/><E26/><V59/><F59/><W53/><G53/><T80/><D80/><U49/><E49/><AGARI ba="0,1" hai="25,29,35,42,47,49,62,65,70,85,87,95,99,103" machi="49" ten="30,3900,0" yaku="1,1,7,1,53,1" doraHai="6,51" doraHaiUra="66,134" who="0" fromWho="1" sc="271,49,183,-39,247,0,289,0" /><INIT seed="3,0,0,4,3,72" ten="320,144,247,289" oya="3" hai0="5,42,44,94,49,68,33,37,124,122,125,87,75" hai1="83,64,74,20,121,116,24,62,15,95,98,103,133" hai2="50,79,4,106,111,14,67,110,114,41,27,115,48" hai3="105,93,130,107,34,131,134,70,92,59,108,31,132"/><W8/><G70/><T53/><D75/><U128/><E121/><V113/><F106/><N who="3" m="40459" /><G8/><T129/><D68/><U120/><E120/><V1/><F1/><W56/><G31/><T22/><D122/><U96/><E128/><N who="3" m="49194" /><G34/><T73/><D73/><U118/><E133/><N who="3" m="51306" /><G108/><N who="2" m="41513" /><F67/><W117/><G117/><T84/><D33/><U101/><E15/><V12/><F27/><W57/><AGARI ba="0,0" hai="56,57,59,92,93" m="51306,49194,40459" machi="57" ten="40,12000,1" yaku="28,2,19,1,20,1" doraHai="72" who="3" fromWho="3" sc="320,-40,144,-40,247,-40,289,120" owari="280,8.0,104,-39.6,207,-19.3,409,50.9" /></mjloggm>