<mjloggm ver="2.3"><GO type="225" lobby="0"/><UN n0="%E3%83%81%E3%83%83%E3%82%BF%E3%82%BD%E3%83%BC" n1="%E3%81%94%E3%81%BE%E6%B2%B9%E9%A3%B2%E3%81%BF%E5%A4%AA%E9%83%8E" n2="%E7%B4%94%E6%BD%94%E3%83%94%E3%83%A9%E3%83%8B%E3%82%A2" n3="%E3%81%8B%E3%82%8F%E3%81%A1%E3%82%83%E3%82%93%35%38" dan="16,16,16,16" rate="2114.93,2089.15,2112.49,2164.69" sx="F,M,M,M"/><TAIKYOKU oya="0"/><INIT seed="0,0,0,2,2,66" ten="250,250,250,250" oya="0" hai0="25,85,60,74,3,2,4,20,38,30,52,133,45" hai1="90,0,48,12,102,5,29,80,31,114,42,35,101" hai2="96,33,43,81,82,40,131,37,103,58,46,78,50" hai3="123,132,73,51,65,110,27,87,41,44,6,105,39"/><T47/><D133/><U69/><E0/><V28/><F131/><W134/><G73/><T61/><D74/><U97/><E114/><V57/><F40/><W128/><G105/><T34/><D34/><U107/><E102/><V56/><F33/><W67/><G6/><T8/><D2/><U76/><E90/><V125/><F28/><W89/><G128/><T84/><D38/><U98/><E98/><V7/><F125/><W124/><G124/><T70/><D60/><U71/><E31/><V122/><F122/><W127/><G127/><T15/><D3/><U62/><E62/><V26/><F26/><W118/><G118/><T99/><D99/><U117/><E29/><V113/><F7/><W59/><G27/><T21/><D20/><U64/><E64/><N who="3" m="24650" /><G110/><T13/><D13/><U32/><E32/><V19/><F19/><W91/><G123/><T22/><D22/><U130/><E130/><V55/><F82/><N who="3" m="49399" /><G91/><T36/><D70/><U83/><E83/><V119/><F113/><W88/><G88/><T53/><D36/><U9/><E117/><V68/><F68/><W75/><G75/><T77/><D77/><U94/><E107/><V72/><REACH who="2" step="1"/><F119/><REACH who="2" ten="250,250,240,250" step="2"/><W49/><G39/><T95/><D4/><U54/><E35/><V79/><F79/><W116/><G116/><T111/><D25/><U63/><E42/><V129/><F129/><W109/><G109/><T126/><D111/><U86/><E69/><V10/><F10/><W23/><G23/><T104/><D21/><U14/><E71/><V1/><F1/><W135/><G135/><T115/><D126/><RYUUKYOKU ba="0,1" sc="250,-15,250,-15,240,15,250,15" hai2="37,43,46,50,55,56,57,58,72,78,81,96,103" hai3="41,44,49,51,59,132,134" /><INIT seed="1,1,1,4,4,101" ten="235,235,255,265" oya="1" hai0="89,124,78,13,16,73,111,17,27,113,70,11,83" hai1="82,128,22,105,95,112,10,132,28,107,84,44,21" hai2="75,100,55,116,119,49,46,135,57,50,67,133,68" hai3="88,96,40,2,99,12,56,131,129,110,5,102,53"/><U108/><E112/><V51/><F75/><W120/><G120/><T86/><D111/><U114/><E114/><V63/><F100/><W45/><G2/><T42/><D124/><U77/><E128/><N who="3" m="49226" /><G110/><T104/><D113/><U47/><E108/><V64/><F64/><W97/><G12/><T39/><D70/><U18/><E10/><V43/><REACH who="2" step="1"/><F49/><REACH who="2" ten="235,235,245,265" step="2"/><N who="3" m="30767" /><G5/><T60/><D39/><U3/><E132/><AGARI ba="1,2" hai="43,46,50,51,55,57,63,67,68,116,119,132,133,135" machi="132" ten="40,8000,1" yaku="1,1,20,1,34,3,53,0" doraHai="101" doraHaiUra="106" who="2" fromWho="1" sc="235,0,235,-83,245,103,265,0" /><INIT seed="2,0,0,0,5,14" ten="235,152,348,265" oya="2" hai0="113,95,97,80,105,12,7,77,69,128,79,108,6" hai1="37,15,51,28,84,83,29,75,107,86,66,48,101" hai2="114,35,106,47,125,90,3,116,57,56,82,18,135" hai3="62,8,55,123,13,30,98,40,70,127,99,59,85"/><V112/><F116/><W65/><G123/><T74/><D108/><U122/><E37/><V17/><F3/><W73/><G73/><T45/><D128/><U58/><E122/><V43/><F35/><W38/><G127/><T93/><D113/><U9/><E75/><V50/><F106/><W1/><G1/><T46/><D69/><U60/><E107/><V102/><F102/><W103/><G30/><T26/><D105/><U54/><E101/><V41/><F125/><W89/><G103/><T94/><D77/><U34/><E34/><V130/><F135/><W104/><G104/><T36/><D97/><U78/><E86/><N who="2" m="50519" /><F130/><W11/><G11/><T68/><D68/><U22/><E22/><V61/><F114/><W131/><G131/><T87/><D74/><U32/><E48/><V33/><F33/><W119/><G119/><T4/><D36/><U63/><E63/><V100/><F100/><W92/><G40/><N who="2" m="15433" /><F112/><W16/><REACH who="3" step="1"/><G38/><REACH who="3" ten="235,152,348,255" step="2"/><T134/><D134/><U124/><E124/><V133/><F133/><W126/><G126/><T111/><D111/><U0/><E0/><V96/><F96/><W117/><G117/><T23/><D87/><U71/><REACH who="1" step="1"/><E32/><REACH who="1" ten="235,142,348,255" step="2"/><V39/><F39/><W72/><G72/><T5/><D79/><U64/><E64/><V2/><F2/><W109/><G109/><T121/><D121/><U88/><E88/><V129/><F129/><W44/><G44/><T118/><D118/><U53/><E53/><N who="2" m="31799" /><F47/><W52/><G52/><AGARI ba="0,2" hai="17,18,52,57,61" m="31799,15433,50519" machi="52" ten="30,11600,0" yaku="8,1,52,2,54,1" doraHai="14" who="2" fromWho="3" sc="235,0,142,0,348,136,255,-116" /><INIT seed="2,1,0,1,0,51" ten="235,142,484,139" oya="2" hai0="96,26,49,89,1,5,79,81,130,41,2,112,88" hai1="10,36,94,91,117,125,128,115,57,109,62,54,30" hai2="7,103,35,23,69,28,25,80,59,17,67,127,3" hai3="0,43,32,87,95,119,15,77,116,39,129,113,104"/><V8/><F127/><W98/><G0/><T111/><D112/><U84/><E115/><V31/><F69/><W82/><G113/><T122/><D122/><U65/><E117/><V71/><F71/><W105/><G32/><T44/><D111/><U14/><E36/><V64/><F31/><W90/><G15/><T93/><D130/><U9/><E109/><V16/><F17/><W97/><G43/><T75/><D5/><U11/><E30/><V21/><F21/><W58/><G58/><T18/><D89/><U107/><E107/><N who="3" m="41034" /><G39/><T100/><D100/><U123/><E125/><V124/><F103/><N who="3" m="60863" /><G129/><T46/><D46/><U60/><E123/><V132/><F132/><W4/><G4/><T83/><D83/><U102/><E102/><V45/><F45/><W101/><G90/><T92/><D92/><AGARI ba="1,0" hai="77,82,87,92,98,101,116,119" m="60863,41034" machi="92" ten="30,2000,0" yaku="34,2" doraHai="51" who="3" fromWho="0" sc="235,-23,142,0,484,0,139,23" /><INIT seed="3,0,0,0,3,96" ten="212,142,484,162" oya="3" hai0="42,123,39,11,5,105,10,43,124,22,21,121,108" hai1="52,79,126,97,100,63,36,67,24,74,78,101,69" hai2="35,20,65,95,130,19,7,23,110,68,73,114,53" hai3="14,4,135,103,99,98,113,77,125,70,32,58,80"/><W2/><G70/><T46/><D108/><U85/><E74/><V64/><F7/><W40/><G113/><T3/><D124/><U127/><E36/><V82/><F35/><W31/><G2/><T54/><D105/><U9/><E97/><V44/><F73/><W131/><G40/><T76/><D42/><U66/><E66/><V106/><F64/><W128/><G125/><N who="1" m="47626" /><E52/><V17/><F65/><W83/><G135/><T71/><D71/><U33/><E9/><V122/><F106/><N who="3" m="63863" /><G99/><T47/><D76/><N who="1" m="29227" /><E85/><V15/><F68/><W117/><G80/><T38/><D38/><U60/><E60/><V75/><F82/><W61/><G32/><T48/><REACH who="0" step="1"/><D11/><REACH who="0" ten="202,142,484,162" step="2"/><U13/><E69/><V87/><F75/><W104/><G104/><T111/><D111/><U129/><E101/><V88/><F53/><W84/><G77/><T6/><D6/><U41/><E100/><V112/><F110/><W26/><G131/><T81/><D81/><U116/><E129/><V132/><F130/><W93/><G128/><T120/><AGARI ba="0,1" hai="3,5,10,21,22,39,43,46,47,48,54,120,121,123" machi="120" ten="30,2000,0" yaku="1,1,0,1,53,0" doraHai="96" doraHaiUra="28" who="0" fromWho="0" sc="202,30,142,-5,484,-5,162,-10" owari="232,3.2,137,-36.3,479,57.9,152,-24.8" /></mjloggm>