<mjloggm ver="2.3"><GO type="225" lobby="0"/><UN n0="%E5%B8%86%E7%AB%8B%E5%A4%8F%E8%A1%A3" n1="%E7%B4%94%E6%BD%94%E3%83%94%E3%83%A9%E3%83%8B%E3%82%A2" n2="%E3%81%BF%E3%81%BF%E3%81%9A" n3="%E6%81%A5%E6%99%92%E3%81%97" dan="17,17,17,16" rate="2205.55,2222.94,2201.06,2125.55" sx="M,M,M,M"/><TAIKYOKU oya="0"/><INIT seed="0,0,0,5,1,49" ten="250,250,250,250" oya="0" hai0="37,12,73,122,15,132,6,9,115,55,29,124,38" hai1="42,108,66,30,16,91,106,120,93,87,50,83,33" hai2="2,96,84,119,111,46,21,35,51,39,69,75,134" hai3="116,7,25,57,89,129,59,100,48,56,13,135,127"/><T60/><D115/><U53/><E106/><V24/><F75/><W82/><G116/><T5/><D122/><U97/><E120/><V20/><F2/><W80/><G127/><T8/><D73/><U128/><E108/><V112/><F39/><W14/><G129/><T61/><D132/><U72/><E72/><V70/><F112/><W67/><G100/><T41/><D124/><U85/><E128/><V34/><F111/><W76/><G135/><T114/><D114/><U92/><E33/><V22/><F134/><W77/><G67/><T71/><D29/><U118/><E30/><V40/><F119/><W125/><G125/><T98/><D98/><U78/><E66/><V0/><F0/><W113/><G25/><T23/><D23/><U52/><E118/><V107/><F84/><W62/><G48/><T102/><D102/><N who="1" m="60711" /><E16/><V63/><F24/><W36/><G36/><T88/><D41/><U103/><E103/><V54/><F107/><W94/><G113/><T32/><D32/><U117/><E117/><V121/><F121/><W81/><G62/><T65/><REACH who="0" step="1"/><D88/><REACH who="0" ten="240,250,250,250" step="2"/><U19/><E19/><V123/><F96/><W26/><G77/><T3/><D3/><U64/><E64/><N who="2" m="41119" /><F123/><W90/><G76/><T68/><D68/><U131/><E131/><V10/><F70/><W28/><G28/><T109/><D109/><U11/><E11/><V27/><F27/><W130/><G130/><T133/><D133/><U74/><E74/><V31/><F31/><W126/><G126/><T1/><D1/><U104/><E104/><V45/><F10/><W110/><G110/><RYUUKYOKU ba="0,1" sc="240,10,250,10,250,10,250,-30" hai0="5,6,8,9,12,15,37,38,55,60,61,65,71" hai1="42,50,52,53,78,83,85,87,91,93" hai2="20,21,22,34,35,40,45,46,51,54" /><INIT seed="0,1,1,1,4,49" ten="250,260,260,220" oya="0" hai0="2,112,42,97,23,99,29,33,0,14,133,10,87" hai1="45,90,116,52,79,9,93,17,55,67,95,20,8" hai2="104,68,75,66,83,70,15,102,19,117,16,39,56" hai3="4,78,91,124,94,25,36,86,28,107,37,54,64"/><T57/><D112/><U63/><E116/><V72/><F39/><W11/><G107/><T96/><D133/><U88/><E79/><V120/><F120/><W71/><G124/><T80/><D33/><U27/><E45/><V113/><F113/><W110/><G110/><T130/><D130/><U38/><E38/><V53/><F117/><W41/><G41/><T89/><D42/><U5/><E67/><V98/><F66/><W106/><G106/><T74/><D74/><U132/><E132/><V40/><F40/><W46/><G78/><T43/><D43/><U81/><E81/><V65/><F65/><W30/><G64/><T18/><REACH who="0" step="1"/><D57/><REACH who="0" ten="240,260,260,220" step="2"/><N who="1" m="35239" /><E55/><V76/><F75/><W131/><G37/><T58/><D58/><U24/><E24/><AGARI ba="1,2" hai="0,2,10,14,18,23,24,29,80,87,89,96,97,99" machi="24" ten="40,3900,0" yaku="1,1,53,1" doraHai="49" doraHaiUra="21" who="0" fromWho="1" sc="240,62,260,-42,260,0,220,0" /><INIT seed="0,2,0,3,1,92" ten="302,218,260,220" oya="0" hai0="40,39,16,109,22,21,66,46,12,88,18,132,77" hai1="105,133,95,4,1,42,14,117,114,120,48,128,47" hai2="5,43,24,26,45,118,94,131,102,35,127,56,29" hai3="7,126,103,62,69,36,130,3,8,76,113,70,129"/><T17/><D132/><U34/><E105/><V32/><F127/><W80/><G113/><T125/><D125/><U101/><E117/><V2/><F131/><N who="3" m="50187" /><G126/><T55/><D77/><U122/><E133/><V20/><F118/><W110/><G110/><T15/><D109/><U96/><E114/><V58/><F5/><W134/><G134/><T10/><D66/><U99/><E34/><V72/><F2/><W78/><G62/><T59/><D88/><U57/><E128/><V74/><F72/><N who="3" m="43015" /><G78/><T84/><D84/><U61/><E1/><V93/><F93/><W87/><G87/><T33/><D33/><U65/><REACH who="1" step="1"/><E99/><REACH who="1" ten="302,208,260,220" step="2"/><V90/><F35/><W25/><G36/><T79/><D79/><U73/><E73/><V83/><F74/><W104/><G25/><T0/><D0/><U13/><E13/><V27/><F27/><W75/><G75/><T119/><D119/><U11/><AGARI ba="2,1" hai="4,11,14,42,47,48,57,61,65,95,96,101,120,122" machi="11" ten="30,7900,0" yaku="1,1,0,1,52,1,53,1" doraHai="92" doraHaiUra="6" who="1" fromWho="1" sc="302,-41,208,95,260,-22,220,-22" /><INIT seed="1,0,0,0,5,122" ten="261,303,238,198" oya="1" hai0="18,118,60,131,69,135,103,72,54,10,7,94,93" hai1="33,30,124,67,23,56,123,22,113,42,85,110,31" hai2="109,24,95,76,105,26,127,52,132,125,27,92,98" hai3="62,63,111,66,89,96,88,133,112,49,97,36,6"/><U121/><E113/><V129/><F132/><W90/><G112/><T86/><D118/><U40/><E85/><V55/><F76/><W19/><G36/><T107/><D72/><U74/><E74/><V114/><F114/><W134/><G6/><T17/><D135/><N who="3" m="51721" /><G49/><T45/><D131/><U104/><E104/><V101/><F129/><W48/><G48/><T119/><D119/><U34/><E67/><V44/><F109/><W120/><G120/><T91/><D107/><U9/><E9/><V117/><F117/><W13/><G111/><T82/><D69/><U61/><E61/><N who="3" m="23050" /><G66/><T59/><D45/><U41/><E41/><V102/><F44/><W2/><G2/><T68/><D68/><U21/><E21/><AGARI ba="0,0" hai="13,19,21,88,89,90,96,97" m="23050,51721" machi="21" ten="30,2000,0" yaku="20,1,54,1" doraHai="122" who="3" fromWho="1" sc="261,0,303,-20,238,0,198,20" /><INIT seed="2,0,0,5,5,3" ten="261,283,238,218" oya="2" hai0="36,23,67,30,125,120,100,59,133,63,4,6,108" hai1="124,88,107,57,80,111,43,119,5,26,41,0,22" hai2="134,37,33,65,76,81,126,20,46,58,105,123,73" hai3="44,24,40,56,79,121,54,115,19,62,2,95,66"/><V131/><F123/><W12/><G121/><T45/><D120/><U104/><E119/><V64/><F33/><W39/><G2/><T90/><D125/><U49/><E124/><V35/><F126/><W103/><G115/><T52/><D108/><U85/><E111/><V14/><F35/><W114/><G114/><T55/><D133/><U70/><E70/><V74/><F105/><W28/><G79/><T83/><D100/><U50/><E0/><V101/><F101/><W51/><G103/><T86/><D36/><U129/><E5/><N who="0" m="2153" /><D45/><U31/><E107/><V99/><F99/><W15/><G19/><T106/><D106/><U47/><E104/><V7/><F74/><W130/><G95/><T11/><D11/><U29/><E129/><V77/><F131/><W1/><G1/><T94/><D94/><U75/><E75/><V17/><F77/><W102/><G102/><T8/><D8/><U135/><E135/><V97/><F97/><W42/><G130/><T112/><D112/><U48/><E47/><V16/><F7/><W18/><G18/><T109/><D109/><U61/><E31/><V92/><F92/><W118/><G118/><T96/><D96/><U25/><E26/><AGARI ba="0,0" hai="23,26,30,52,55,59,63,67,83,86,90" m="2153" machi="26" ten="30,8000,1" yaku="8,1,52,3,54,1" doraHai="3" who="0" fromWho="1" sc="261,80,283,-80,238,0,218,0" /><INIT seed="3,0,0,4,5,2" ten="341,203,238,218" oya="3" hai0="85,126,121,91,7,47,5,83,78,125,112,53,45" hai1="134,87,37,35,4,65,51,58,95,76,124,18,79" hai2="84,14,6,63,119,36,116,41,68,98,77,101,105" hai3="24,111,70,89,133,82,29,38,93,72,15,75,86"/><W17/><G70/><T22/><D121/><U46/><E35/><V39/><F84/><W23/><G38/><T62/><D112/><U27/><E124/><N who="0" m="47721" /><D22/><N who="1" m="13783" /><E134/><V127/><F77/><N who="1" m="29769" /><E37/><V12/><F12/><W99/><G111/><T32/><D32/><U69/><E69/><V104/><F14/><W54/><G54/><T43/><D91/><N who="1" m="53759" /><E4/><N who="0" m="1609" /><D43/><U96/><E96/><V3/><F127/><W123/><G133/><T55/><D55/><U59/><E65/><N who="2" m="41023" /><F41/><W81/><G123/><T56/><AGARI ba="0,0" hai="45,47,53,56,62,78,83,85" m="1609,47721" machi="56" ten="30,7900,0" yaku="18,1,52,3" doraHai="2" who="0" fromWho="0" sc="341,79,203,-20,238,-20,218,-39" owari="420,52.0,183,-21.7,218,1.8,179,-32.1" /></mjloggm>