<mjloggm ver="2.3"><GO type="225" lobby="0"/><UN n0="%E3%83%81%E3%83%83%E3%82%BF%E3%82%BD%E3%83%BC" n1="%E3%81%A4%E3%81%A3%E3%81%B1%E3%82%8A%E3%83%9D%E3%83%BC%E3%83%AB" n2="%E5%8D%A0%E3%81%84%E5%B8%AB%E8%A3%8F%E3%81%AA%E3%81%84%E3%81%97" n3="%E3%83%B4%E3%82%A3%E3%83%AF%E3%82%B3%E3%82%B0%E3%83%8B" dan="16,17,17,17" rate="2145.81,2164.03,2207.87,2208.69" sx="F,M,M,M"/><TAIKYOKU oya="0"/><INIT seed="0,0,0,1,3,117" ten="250,250,250,250" oya="0" hai0="0,26,46,52,66,55,54,14,67,57,86,95,47" hai1="32,127,11,120,78,58,96,84,24,94,2,106,43" hai2="22,113,69,93,59,61,30,60,102,99,3,107,132" hai3="111,28,56,37,76,135,108,18,72,97,35,83,122"/><T15/><D0/><U104/><E127/><V62/><F113/><W116/><G116/><T45/><D26/><U53/><E120/><V29/><F3/><W73/><G135/><T51/><D51/><U7/><E43/><V91/><F132/><W44/><G72/><T110/><D110/><U123/><E123/><V133/><F133/><W124/><G122/><T89/><REACH who="0" step="1"/><D57/><REACH who="0" ten="240,250,250,250" step="2"/><U105/><E24/><V12/><F59/><W21/><G56/><T130/><D130/><U131/><E131/><V4/><F69/><W48/><G108/><T87/><D87/><U114/><E114/><V101/><F61/><W134/><G134/><T109/><D109/><U63/><E32/><V39/><F60/><W1/><G1/><T50/><D50/><U34/><E34/><V92/><F62/><W64/><G48/><T31/><D31/><U36/><E84/><V85/><F39/><W90/><G111/><T71/><D71/><U41/><E36/><V49/><F49/><W75/><G35/><T112/><D112/><U126/><E41/><V118/><F118/><W33/><G33/><T10/><D10/><U38/><E38/><V40/><F40/><W17/><G28/><T9/><D9/><U129/><E129/><V80/><F29/><W100/><G37/><T81/><D81/><U128/><E128/><V27/><F80/><W6/><G83/><T79/><D79/><U119/><E78/><V5/><F12/><AGARI ba="0,1" hai="12,14,15,45,46,47,52,54,55,66,67,86,89,95" machi="12" ten="40,7700,0" yaku="1,1,8,1,54,1,53,0" doraHai="117" doraHaiUra="74" who="0" fromWho="2" sc="240,87,250,0,250,-77,250,0" /><INIT seed="0,1,0,4,2,36" ten="327,250,173,250" oya="0" hai0="79,100,116,111,52,115,26,103,34,133,17,105,64" hai1="127,21,128,108,5,4,90,66,54,109,114,92,95" hai2="96,55,120,38,16,65,73,93,15,1,24,50,113" hai3="126,0,35,104,41,47,57,31,118,32,53,99,18"/><T58/><D115/><U43/><E128/><V40/><F120/><W22/><G118/><T3/><D3/><U10/><E127/><V117/><F1/><W44/><G126/><T85/><D116/><U84/><E114/><V56/><F113/><W68/><G68/><T97/><D133/><U119/><E119/><V132/><F117/><W37/><G0/><T27/><D64/><U106/><E106/><V110/><F110/><N who="1" m="42601" /><E66/><V130/><F73/><W11/><G44/><T42/><D111/><U46/><E54/><V59/><F132/><W9/><G99/><T60/><D100/><U86/><E21/><V80/><F130/><W61/><G104/><T14/><D34/><U122/><E122/><V123/><F123/><W67/><G67/><T63/><D60/><U33/><E33/><V76/><F24/><W69/><G69/><T70/><D70/><U48/><E10/><V12/><F65/><W78/><G78/><T75/><D75/><U121/><E121/><V13/><F59/><W135/><G135/><T62/><D62/><U74/><E74/><V77/><F77/><W131/><G131/><T39/><D79/><U83/><E95/><V71/><F71/><W125/><G125/><T81/><D81/><U124/><E124/><V6/><F6/><W72/><G72/><T25/><D85/><U101/><E101/><N who="2" m="60559" /><F80/><W107/><G107/><T89/><D89/><AGARI ba="1,0" hai="4,5,43,46,48,83,84,86,89,90,92" m="42601" machi="89" ten="30,2000,0" yaku="14,1,52,1" doraHai="36" who="1" fromWho="0" sc="327,-23,250,23,173,0,250,0" /><INIT seed="1,0,0,1,3,81" ten="304,273,173,250" oya="1" hai0="41,52,12,132,119,1,25,86,120,84,61,93,47" hai1="8,51,26,102,0,72,85,38,6,37,44,69,124" hai2="92,117,10,87,28,105,7,134,22,42,71,111,67" hai3="121,55,54,108,40,98,116,127,76,60,15,123,75"/><U73/><E124/><V46/><F105/><W18/><G127/><T21/><D132/><U58/><E69/><V9/><F117/><W32/><G32/><T2/><D119/><U62/><E102/><V82/><F111/><W109/><G116/><T23/><D120/><U133/><E133/><V95/><F134/><W131/><G131/><T91/><D12/><U13/><E0/><V59/><F71/><W88/><G40/><T4/><D4/><U106/><E106/><V112/><F112/><W118/><G118/><T115/><D115/><U110/><E110/><N who="3" m="42602" /><G76/><T103/><D1/><U122/><E26/><N who="2" m="16471" /><F7/><W101/><G75/><T3/><D2/><U57/><E122/><N who="3" m="46602" /><G88/><N who="0" m="53383" /><D3/><U89/><E73/><V125/><F125/><W45/><G45/><T50/><D103/><U65/><E72/><V74/><F74/><W39/><G60/><T113/><D113/><U99/><E99/><V14/><F46/><W17/><G17/><T126/><D126/><U30/><E44/><V129/><F42/><W24/><G24/><T94/><D25/><U96/><E96/><V80/><F129/><W56/><G39/><T49/><D61/><U16/><E6/><N who="2" m="3383" /><F10/><N who="3" m="6519" /><G56/><AGARI ba="0,0" hai="21,23,41,47,49,50,52,56,86,91,94" m="53383" machi="56" ten="30,8000,1" yaku="8,1,52,2,54,2" doraHai="81" who="0" fromWho="3" sc="304,80,273,0,173,0,250,-80" /><INIT seed="2,0,0,2,1,12" ten="384,273,173,170" oya="2" hai0="44,21,88,42,30,79,52,24,94,69,46,45,96" hai1="41,127,85,103,49,51,50,2,91,29,113,78,66" hai2="7,34,58,39,61,35,13,40,75,19,114,71,57" hai3="73,110,0,131,107,124,81,87,95,25,31,84,129"/><V108/><F114/><W105/><G0/><T92/><D69/><U59/><E113/><V77/><F71/><W121/><G121/><T63/><D79/><U48/><E2/><V55/><F7/><W62/><G62/><T76/><D76/><U89/><E127/><V126/><F126/><W90/><G124/><T99/><D42/><U83/><E103/><V56/><F108/><W119/><G119/><T106/><D106/><N who="3" m="40457" /><G25/><T98/><D94/><U60/><E29/><V65/><F39/><W109/><G31/><T14/><D14/><U115/><E115/><V118/><F40/><W27/><G27/><T18/><D30/><U20/><E20/><V11/><F118/><W128/><G73/><T9/><D9/><U117/><E117/><V133/><F133/><W43/><G43/><T8/><D8/><U32/><E32/><V80/><REACH who="2" step="1"/><F57/><AGARI ba="0,0" hai="18,21,24,44,45,46,52,57,63,88,92,96,98,99" machi="57" ten="40,12000,2" yaku="25,2,8,1,52,1,54,2" doraHai="12" who="0" fromWho="2" sc="384,120,273,0,173,-120,170,0" /><INIT seed="3,0,0,1,3,8" ten="504,273,53,170" oya="3" hai0="34,6,27,110,7,75,68,12,9,91,38,10,129" hai1="42,132,120,124,13,126,54,117,59,17,41,128,22" hai2="39,20,65,47,36,15,29,93,25,26,95,55,46" hai3="109,32,97,63,52,78,35,118,2,61,113,19,121"/><W50/><G121/><T74/><D68/><U16/><E120/><V0/><F0/><W45/><G2/><T3/><D38/><U66/><E128/><V49/><F65/><W108/><G113/><T127/><D129/><U112/><E112/><V67/><F67/><W96/><G118/><T81/><D110/><N who="3" m="42601" /><G78/><T82/><D127/><N who="1" m="48683" /><E132/><V64/><F64/><W98/><G19/><T23/><D34/><AGARI ba="0,0" hai="32,34,35,45,50,52,61,63,96,97,98" m="42601" machi="34" ten="40,7700,0" yaku="14,1,10,1,54,1" doraHai="8" who="3" fromWho="0" sc="504,-77,273,0,53,0,170,77" /><INIT seed="3,1,0,5,5,76" ten="427,273,53,247" oya="3" hai0="57,23,65,128,71,40,9,58,50,103,16,55,127" hai1="135,122,74,124,19,83,11,28,126,97,93,32,20" hai2="29,27,90,84,117,10,125,26,82,35,107,131,104" hai3="79,66,39,95,49,134,98,33,101,8,94,121,48"/><W132/><G121/><T12/><D127/><N who="1" m="48683" /><E122/><V41/><F125/><W54/><G39/><T129/><D40/><U118/><E135/><N who="3" m="51754" /><G33/><T105/><D71/><U88/><E118/><V18/><F131/><N who="0" m="50250" /><D103/><U73/><E11/><V3/><F117/><W109/><G66/><T106/><D9/><U99/><E99/><V91/><F41/><W2/><G109/><T38/><D38/><U133/><E133/><V116/><F116/><W78/><G94/><T21/><D21/><U0/><E0/><V31/><F18/><W81/><G54/><N who="0" m="31959" /><D65/><U80/><E28/><V51/><F51/><AGARI ba="1,0" hai="12,16,23,51,55,58,105,106" m="31959,50250" machi="51" ten="30,2000,0" yaku="19,1,54,1" doraHai="76" who="0" fromWho="2" sc="427,23,273,0,53,-23,247,0" owari="450,55.0,273,7.3,30,-47.0,247,-15.3" /></mjloggm>