<mjloggm ver="2.3"><GO type="225" lobby="0"/><UN n0="%E5%B8%86%E7%AB%8B%E5%A4%8F%E8%A1%A3" n1="%E3%81%90%E3%81%A1%E3%82%84%E3%81%BE" n2="%E7%89%B9%E6%9D%B1%E3%81%AF%E4%B8%96%E7%95%8C%E3%82%92%E6%95%91%E3%81%86" n3="%E6%A1%9C%E8%8A%B1%E9%96%83%E3%80%85" dan="17,16,16,16" rate="2186.79,2154.08,2199.63,2136.24" sx="M,M,M,M"/><TAIKYOKU oya="0"/><INIT seed="0,0,0,2,2,106" ten="250,250,250,250" oya="0" hai0="24,71,32,26,16,124,127,64,66,76,108,135,23" hai1="28,101,109,10,49,39,73,61,117,90,47,40,111" hai2="113,11,57,51,15,70,85,88,80,17,14,118,77" hai3="95,56,84,48,5,121,74,12,6,93,114,25,72"/><T29/><D135/><U107/><E117/><V8/><F113/><W128/><G114/><T42/><D71/><U52/><E61/><V119/><F70/><W89/><G128/><T13/><D42/><U134/><E134/><V46/><F57/><W129/><G129/><T104/><D104/><U103/><E28/><V99/><F99/><W27/><G121/><T22/><D76/><U115/><E115/><V36/><F36/><W67/><G67/><T120/><D120/><U30/><E30/><V126/><F126/><N who="0" m="48170" /><D108/><N who="1" m="41547" /><E10/><V91/><F118/><W102/><G102/><N who="1" m="38922" /><E107/><V18/><F119/><W112/><G112/><T105/><D105/><U100/><N who="1" m="38930" /><U35/><DORA hai="68" /><E35/><V130/><F130/><W33/><G33/><T65/><D26/><U54/><E73/><V98/><F98/><W58/><G12/><T86/><D86/><U53/><E90/><V79/><F91/><W87/><G89/><T45/><D45/><AGARI ba="0,0" hai="39,40,45,47,49,52,53,54" m="38930,41547" machi="45" ten="40,5200,0" yaku="14,1,52,1,54,1" doraHai="106,68" who="1" fromWho="0" sc="250,-52,250,52,250,0,250,0" /><INIT seed="1,0,0,0,2,51" ten="198,302,250,250" oya="1" hai0="14,72,116,109,78,18,96,77,68,45,31,52,97" hai1="106,85,17,102,87,39,128,46,53,99,90,9,0" hai2="28,118,4,92,103,115,104,98,55,26,73,80,5" hai3="30,125,62,83,64,11,43,19,65,126,27,21,71"/><U34/><E34/><V32/><F118/><W50/><G65/><T10/><D68/><U29/><E128/><V61/><F115/><W66/><G66/><T130/><D109/><U95/><E29/><V63/><F92/><W120/><G120/><T91/><D130/><U6/><E17/><V79/><REACH who="2" step="1"/><F63/><REACH who="2" ten="198,302,240,250" step="2"/><W24/><G125/><T41/><D116/><U12/><E0/><V59/><AGARI ba="0,1" hai="4,5,26,28,32,55,59,61,73,79,80,98,103,104" machi="59" ten="30,7900,0" yaku="1,1,2,1,0,1,52,1,53,0" doraHai="51" doraHaiUra="8" who="2" fromWho="2" sc="198,-20,302,-39,240,89,250,-20" /><INIT seed="2,0,0,0,2,110" ten="178,263,329,230" oya="2" hai0="27,72,4,87,90,126,116,89,48,73,129,15,109" hai1="125,45,6,54,2,61,85,44,47,28,71,55,100" hai2="1,98,39,83,60,78,34,24,43,53,58,19,49" hai3="84,117,88,40,63,57,8,3,122,42,76,105,111"/><V135/><F1/><W131/><G117/><T104/><D109/><U114/><E114/><V35/><F39/><W46/><G111/><T103/><D116/><U30/><E125/><V106/><F135/><W20/><G122/><T66/><D126/><U14/><E2/><V70/><F106/><W79/><G105/><T68/><D129/><U9/><E100/><V121/><F98/><W11/><G20/><T16/><D66/><U92/><E71/><V29/><F19/><W37/><G42/><T81/><D68/><U96/><E85/><V86/><F121/><W94/><G131/><T130/><D130/><U113/><E113/><V38/><F38/><W52/><REACH who="3" step="1"/><G11/><REACH who="3" ten="178,263,329,220" step="2"/><T36/><D36/><U112/><E112/><V10/><F10/><W75/><G75/><T97/><D73/><U33/><E33/><V101/><F43/><W31/><G31/><T74/><D74/><U56/><E30/><V77/><F35/><W50/><G50/><T132/><D72/><U64/><E28/><V93/><F49/><W118/><G118/><T0/><D132/><U120/><E120/><V12/><F29/><W41/><G41/><T65/><D48/><U67/><E67/><V134/><F34/><W23/><G23/><N who="0" m="11679" /><D65/><U17/><E64/><V119/><F119/><W95/><G95/><T128/><D128/><U99/><E92/><V91/><F134/><W26/><G26/><T59/><D27/><U102/><E55/><V7/><F70/><W80/><G80/><T107/><D59/><U22/><E102/><V123/><F101/><W5/><AGARI ba="0,1" hai="3,5,8,37,40,46,52,57,63,76,79,84,88,94" machi="5" ten="30,7900,0" yaku="1,1,0,1,54,2,53,0" doraHai="110" doraHaiUra="21" who="3" fromWho="3" sc="178,-20,263,-20,329,-39,220,89" /><INIT seed="3,0,0,1,4,20" ten="158,243,290,309" oya="3" hai0="104,110,109,77,47,61,3,127,60,94,54,26,5" hai1="124,36,30,31,76,80,100,88,85,79,22,58,64" hai2="99,131,66,11,46,44,83,27,62,90,49,81,48" hai3="6,74,118,19,24,51,13,128,57,4,15,53,119"/><W9/><G74/><T72/><D104/><U63/><E36/><V105/><F131/><W21/><G128/><T67/><D3/><U43/><E124/><V69/><F11/><AGARI ba="0,0" hai="4,6,9,11,13,15,19,21,24,51,53,57,118,119" machi="11" ten="40,3900,0" yaku="9,1,52,1" doraHai="20" who="3" fromWho="2" sc="158,0,243,0,290,-39,309,39" owari="158,-34.2,243,-15.7,251,5.1,348,44.8" /></mjloggm>