<mjloggm ver="2.3"><GO type="225" lobby="0"/><UN n0="%E8%9B%87%E3%81%AE%E8%A1%80" n1="%E3%83%81%E3%83%83%E3%82%BF%E3%82%BD%E3%83%BC" n2="%E3%83%9D%E3%83%B3%E3%83%9D%E3%82%B3%E5%95%86%E4%BA%8B" n3="%E3%83%96%E3%83%83%E3%83%91%E3%82%AA%E3%83%96%E3%83%81%E3%82%AD%E3%83%B3" dan="16,16,16,17" rate="2070.65,2178.33,2153.92,2233.70" sx="M,F,M,M"/><TAIKYOKU oya="0"/><INIT seed="0,0,0,3,0,72" ten="250,250,250,250" oya="0" hai0="43,70,21,24,129,114,125,108,20,83,106,35,100" hai1="92,74,109,30,55,34,127,126,33,4,91,9,22" hai2="87,80,65,130,118,71,79,14,64,103,95,112,89" hai3="37,61,93,1,2,78,59,53,48,75,27,110,56"/><T124/><D114/><U69/><E74/><V98/><F112/><W111/><G37/><T73/><D70/><U7/><E69/><V49/><F130/><W54/><G93/><T122/><D122/><U28/><E55/><V76/><F118/><W128/><G128/><T115/><D115/><U135/><E92/><V39/><F39/><W113/><G113/><T44/><D129/><U88/><E22/><V36/><F36/><W94/><G94/><T13/><D108/><N who="3" m="41513" /><G27/><T3/><D3/><N who="3" m="1033" /><G75/><T82/><D100/><U116/><E109/><V117/><F117/><W42/><G42/><T81/><D106/><U77/><E116/><V47/><F14/><W132/><G132/><T68/><D68/><U84/><E84/><V26/><F26/><W19/><G19/><T46/><D73/><U29/><E29/><V99/><F71/><W0/><N who="3" m="1041" /><W96/><DORA hai="101" /><G96/><T18/><D35/><U5/><E5/><V57/><F57/><W6/><G6/><T58/><D58/><U134/><REACH who="1" step="1"/><E9/><REACH who="1" ten="250,240,250,250" step="2"/><V131/><F131/><W45/><G59/><T8/><D21/><U11/><E11/><V12/><F99/><W105/><G105/><T107/><D107/><U60/><E60/><V121/><F121/><W23/><G23/><T31/><REACH who="0" step="1"/><D43/><REACH who="0" ten="240,240,250,250" step="2"/><U97/><E97/><V25/><F98/><W104/><G104/><T41/><D41/><U86/><E86/><V120/><F87/><W32/><G32/><T133/><D133/><U50/><E50/><V66/><F49/><W102/><G102/><T38/><D38/><U52/><E52/><V63/><F103/><RYUUKYOKU ba="0,2" sc="240,10,240,10,250,-30,250,10" hai0="8,13,18,20,24,31,44,46,81,82,83,124,125" hai1="4,7,28,30,33,34,77,88,91,126,127,134,135" hai3="45,48,53,54,56,61,78" /><INIT seed="0,1,2,1,4,5" ten="250,250,220,260" oya="0" hai0="116,88,79,57,83,55,7,45,32,76,28,113,118" hai1="132,26,130,106,22,67,135,30,38,2,61,128,52" hai2="82,80,64,92,122,111,91,39,110,17,1,50,119" hai3="65,81,78,69,99,11,115,105,51,56,37,36,104"/><T102/><D113/><U95/><E106/><V25/><F39/><W18/><G115/><T24/><D102/><U74/><E74/><V58/><F122/><W114/><G114/><T62/><D45/><U35/><E38/><V107/><F107/><W4/><G18/><T108/><D108/><N who="2" m="41514" /><F1/><W3/><G56/><T46/><D46/><U29/><E2/><V48/><F119/><W98/><G51/><N who="2" m="19497" /><F25/><W0/><G0/><T117/><REACH who="0" step="1"/><D7/><REACH who="0" ten="240,250,220,260" step="2"/><U127/><E132/><V93/><F17/><W8/><G4/><T14/><D14/><U10/><E135/><V72/><F72/><W13/><G13/><T129/><D129/><U90/><E128/><V49/><F93/><W41/><G3/><T44/><D44/><U131/><E130/><V53/><F64/><W75/><G65/><T120/><D120/><U71/><E131/><V19/><F19/><W47/><G47/><T126/><D126/><U60/><E127/><V123/><F123/><W125/><G75/><T16/><D16/><U34/><E67/><V33/><F33/><W84/><G125/><T133/><D133/><U20/><E34/><V63/><N who="2" m="19505" /><V87/><AGARI ba="1,3" hai="53,58,63,80,82,87,91,92" m="19505,41514" machi="87" ten="40,2700,0" yaku="4,1,14,1" doraHai="5" who="2" fromWho="2" sc="240,-14,250,-8,220,60,260,-8" /><INIT seed="1,0,0,4,5,127" ten="226,242,280,252" oya="1" hai0="10,43,17,73,50,66,115,98,85,33,57,40,124" hai1="5,35,110,75,83,59,7,13,31,38,1,109,15" hai2="131,4,99,8,119,87,122,27,81,92,67,76,74" hai3="6,24,82,12,132,118,30,26,61,135,14,39,58"/><U52/><E38/><V97/><F119/><W95/><G39/><T104/><D73/><U129/><E129/><V121/><F67/><W128/><G118/><T21/><D33/><U103/><E103/><V70/><F70/><W79/><G95/><T25/><D115/><U88/><E75/><V69/><F69/><W64/><G128/><T125/><D85/><N who="1" m="50239" /><E35/><V134/><F134/><N who="3" m="51243" /><G6/><N who="1" m="2058" /><E1/><V86/><F131/><W47/><G47/><T107/><D10/><U71/><E31/><V96/><F27/><N who="3" m="10283" /><G30/><T55/><D66/><U108/><E71/><V20/><F122/><W130/><G130/><T114/><D114/><U77/><E77/><V3/><F121/><W9/><G9/><T78/><D78/><U60/><AGARI ba="0,0" hai="13,15,52,59,60,108,109,110" m="2058,50239" machi="60" ten="40,12000,1" yaku="14,1,10,1,54,2" doraHai="127" who="1" fromWho="1" sc="226,-40,242,120,280,-40,252,-40" /><INIT seed="1,1,0,4,5,104" ten="186,362,240,212" oya="1" hai0="80,25,115,133,76,10,17,18,40,31,109,77,27" hai1="95,12,3,53,59,48,71,49,23,103,37,110,47" hai2="2,123,24,51,52,67,21,122,88,1,45,108,91" hai3="61,79,87,120,54,119,135,55,14,131,19,50,58"/><U11/><E71/><V75/><F108/><W62/><G131/><T7/><D115/><U74/><E37/><V65/><F75/><W102/><G120/><T78/><D109/><U16/><E110/><V32/><F32/><W113/><G113/><T97/><D133/><U70/><E70/><V56/><F2/><W82/><G135/><T68/><D68/><U128/><E128/><V66/><F1/><W72/><G119/><T15/><D40/><U117/><E117/><V8/><F8/><W28/><G28/><T38/><D38/><U96/><E74/><V41/><F123/><W64/><G102/><T90/><D27/><U92/><E92/><V89/><F122/><W81/><G64/><T60/><D60/><U124/><E124/><V13/><F13/><W43/><G43/><T84/><REACH who="0" step="1"/><D97/><REACH who="0" ten="176,362,240,212" step="2"/><U106/><E48/><N who="2" m="26671" /><F67/><W22/><REACH who="3" step="1"/><G54/><REACH who="3" ten="176,362,240,202" step="2"/><T9/><D9/><U29/><E11/><V107/><F107/><W20/><G20/><AGARI ba="1,2" hai="7,10,15,17,18,20,25,31,76,77,78,80,84,90" machi="20" ten="40,2600,0" yaku="1,1,8,1,53,0" doraHai="104" doraHaiUra="134" who="0" fromWho="3" sc="176,49,362,0,240,0,202,-29" /><INIT seed="2,0,0,2,0,12" ten="225,362,240,173" oya="2" hai0="105,36,27,71,69,100,1,6,64,5,79,115,82" hai1="81,90,9,46,48,91,61,119,19,8,0,40,17" hai2="88,57,26,60,114,39,41,52,96,10,18,16,135" hai3="131,116,93,122,87,66,92,98,97,89,58,50,59"/><V101/><F114/><W112/><G116/><T47/><D115/><U94/><E119/><V2/><F135/><W31/><G112/><T34/><D1/><U54/><E0/><V62/><F39/><W72/><G122/><T76/><D76/><U83/><E8/><V121/><F121/><W32/><G131/><T11/><D11/><U110/><E110/><V78/><F41/><W23/><G72/><N who="0" m="43367" /><D5/><U14/><E19/><N who="2" m="7211" /><F2/><W85/><G32/><T102/><D102/><U67/><E40/><V123/><F123/><W95/><G95/><T53/><D53/><U111/><E111/><V124/><F124/><W38/><G38/><T106/><D6/><U107/><E107/><N who="0" m="40969" /><D100/><U49/><E9/><V22/><F101/><W109/><G109/><T3/><D3/><U73/><E73/><V86/><F10/><W129/><G129/><T133/><D64/><U56/><E14/><V130/><F130/><W7/><G7/><T25/><D25/><U99/><E67/><V15/><F15/><W33/><G66/><T4/><D4/><U134/><E134/><V77/><F96/><W75/><G75/><T80/><D133/><U21/><E99/><V70/><F70/><W35/><G23/><T42/><D80/><U128/><E21/><V117/><F117/><W108/><G108/><T84/><D84/><U127/><E128/><V51/><F78/><W132/><G132/><T20/><D20/><U44/><E127/><V45/><F77/><W30/><G89/><T63/><D63/><U13/><E61/><V68/><F68/><W43/><G43/><T65/><D65/><RYUUKYOKU ba="0,0" sc="225,15,362,-15,240,-15,173,15" hai0="27,34,36,42,47,69,71" hai3="30,31,33,35,50,58,59,85,87,92,93,97,98" /><INIT seed="3,1,0,4,5,69" ten="240,347,225,188" oya="3" hai0="99,6,49,101,60,24,73,39,79,104,85,74,44" hai1="71,65,56,116,18,129,106,124,14,19,132,10,100" hai2="120,126,30,9,108,96,113,114,111,134,16,29,131" hai3="54,48,105,41,112,45,110,64,17,133,37,32,128"/><W57/><G112/><N who="2" m="43113" /><F96/><W76/><G105/><T88/><D79/><U55/><E124/><V27/><F126/><W28/><G128/><T67/><D6/><U52/><E132/><V119/><F119/><W109/><G133/><T80/><D24/><U115/><E115/><V50/><F134/><W12/><G76/><T8/><D8/><U82/><E129/><V89/><F89/><W94/><G64/><T121/><D39/><U125/><E125/><V77/><F77/><W42/><G42/><T66/><D66/><U90/><E71/><V86/><F86/><W40/><G40/><T135/><D121/><U36/><E36/><V11/><F50/><W51/><G51/><T7/><D7/><U70/><E70/><V78/><F78/><W61/><G61/><T118/><D118/><U107/><E100/><V5/><F131/><W1/><G1/><T2/><D2/><U81/><E65/><V103/><F103/><W97/><G28/><N who="2" m="10857" /><F120/><W31/><G31/><T72/><D135/><U38/><E38/><V15/><F27/><W25/><G25/><T92/><D104/><U63/><E55/><V84/><F84/><W62/><G62/><T127/><D127/><U35/><E116/><V26/><F26/><W20/><REACH who="3" step="1"/><G32/><REACH who="3" ten="240,347,225,178" step="2"/><T47/><D49/><U117/><E35/><V87/><F87/><W93/><G93/><T13/><D13/><AGARI ba="1,1" hai="5,9,11,13,15,16,108,111" m="10857,43113" machi="13" ten="30,3900,0" yaku="34,2,54,1" doraHai="69" who="2" fromWho="0" sc="240,-42,347,0,225,52,178,0" owari="198,-20.2,347,44.7,277,7.7,178,-32.2" /></mjloggm>