<mjloggm ver="2.3"><GO type="225" lobby="0"/><UN n0="%72%65%6E%6B%75%6E" n1="%E5%91%89%E5%AF%8C%E6%98%A5" n2="%E6%98%93%E5%88%A9%E8%96%A9%E4%BC%AF" n3="%E9%B4%A8%4E%45%47%49" dan="17,16,17,16" rate="2251.26,2110.31,2174.01,2062.36" sx="M,M,F,M"/><TAIKYOKU oya="0"/><INIT seed="0,0,0,0,3,6" ten="250,250,250,250" oya="0" hai0="86,94,81,79,57,83,106,77,17,0,25,120,135" hai1="115,36,13,113,105,109,85,88,110,69,124,92,99" hai2="132,21,118,11,30,129,98,59,54,61,33,67,42" hai3="10,100,90,1,38,72,130,55,29,22,14,15,121"/><T7/><D106/><U123/><E13/><N who="3" m="4618" /><G38/><T26/><D120/><U3/><E69/><V49/><F33/><W34/><G72/><T96/><D135/><U53/><E53/><V63/><F129/><W40/><G40/><T122/><D122/><U89/><E3/><V93/><F118/><W65/><G121/><T35/><D35/><U62/><E62/><V2/><F42/><W48/><G65/><T43/><D43/><U91/><E36/><V84/><F84/><W20/><G100/><T47/><D47/><U66/><E66/><V31/><F63/><W134/><G130/><T27/><D57/><U97/><E123/><V87/><F87/><W117/><G117/><T133/><D133/><U56/><E56/><V60/><F60/><W128/><G128/><T8/><D81/><N who="1" m="49199" /><E124/><V5/><F21/><N who="3" m="8299" /><G134/><T76/><REACH who="0" step="1"/><D17/><REACH who="0" ten="240,250,250,250" step="2"/><U9/><E105/><V116/><F132/><W41/><G41/><T64/><D64/><U32/><E32/><V103/><REACH who="2" step="1"/><F116/><REACH who="2" ten="240,250,240,250" step="2"/><W125/><G125/><T107/><D107/><U71/><E113/><V50/><F50/><W28/><G34/><T19/><D19/><U52/><E115/><V39/><F39/><W46/><G48/><T51/><D51/><U119/><E119/><V18/><F18/><W78/><G46/><AGARI ba="0,2" hai="2,5,11,30,31,46,49,54,59,61,67,93,98,103" machi="46" ten="30,3900,0" yaku="1,1,7,1,52,1,53,0" doraHai="6" doraHaiUra="82" who="2" fromWho="3" sc="240,0,250,0,240,59,250,-39" /><INIT seed="1,0,0,3,5,78" ten="240,250,299,211" oya="1" hai0="55,50,123,87,65,19,29,71,118,0,22,83,7" hai1="119,48,25,64,127,130,39,104,49,3,81,72,120" hai2="59,92,76,112,128,5,101,134,131,66,95,80,32" hai3="135,133,79,62,77,97,107,44,15,31,114,60,43"/><U63/><E119/><V12/><F32/><W37/><G114/><T26/><D118/><U88/><E120/><V91/><F134/><N who="3" m="51211" /><G31/><T105/><D105/><U84/><E127/><V99/><F112/><W47/><G15/><T124/><D123/><U20/><E130/><N who="2" m="49707" /><F66/><W86/><G107/><T58/><D124/><U74/><E39/><V106/><F59/><W21/><G97/><T40/><D40/><U111/><E104/><V4/><F12/><W34/><G34/><T73/><D73/><U23/><E3/><V10/><F10/><W41/><G21/><T8/><D65/><U54/><E111/><V70/><F70/><W129/><G129/><T57/><D71/><U96/><E96/><N who="2" m="57375" /><F106/><W102/><G102/><T38/><D38/><U53/><E23/><V24/><F24/><W94/><G79/><T35/><D58/><U103/><E64/><V117/><F117/><W36/><G77/><T46/><D57/><U100/><E20/><V85/><AGARI ba="0,0" hai="4,5,76,80,85,95,99,101" m="57375,49707" machi="85" ten="30,2000,0" yaku="19,1,52,1" doraHai="78" who="2" fromWho="2" sc="240,-5,250,-10,299,20,211,-5" /><INIT seed="2,0,0,1,5,60" ten="235,240,319,206" oya="2" hai0="133,96,31,45,55,51,80,43,132,70,1,16,85" hai1="21,104,37,112,2,26,23,115,63,53,116,130,98" hai2="114,30,44,121,22,9,126,57,124,89,41,107,39" hai3="91,135,47,123,102,62,6,14,28,12,38,94,59"/><V25/><F114/><W24/><G135/><N who="0" m="51787" /><D1/><U84/><E116/><V58/><F107/><W17/><G123/><T5/><D5/><U50/><E130/><V109/><F121/><W8/><G102/><T68/><D31/><U61/><E37/><V113/><F113/><W78/><G78/><N who="0" m="46231" /><D96/><U11/><E115/><V20/><F20/><W86/><G38/><N who="0" m="21751" /><D16/><U35/><E35/><V92/><F9/><W117/><G47/><AGARI ba="0,0" hai="47,51,55,68,70" m="21751,46231,51787" machi="47" ten="30,1000,0" yaku="20,1" doraHai="60" who="0" fromWho="3" sc="235,10,240,0,319,0,206,-10" /><INIT seed="3,0,0,3,4,20" ten="245,240,319,196" oya="3" hai0="46,103,126,130,107,90,9,37,7,135,114,14,105" hai1="101,115,33,128,131,56,66,42,67,117,102,113,49" hai2="60,122,28,92,133,77,83,129,99,104,1,22,94" hai3="88,43,123,2,57,100,35,81,118,71,4,18,93"/><W61/><G71/><T109/><D109/><U64/><E33/><V21/><F1/><W75/><G123/><T79/><D135/><U34/><E34/><V36/><F36/><W44/><G118/><T91/><D130/><N who="1" m="49707" /><E102/><V23/><F133/><W39/><G35/><T10/><D126/><U85/><E101/><V116/><F116/><W52/><G18/><T68/><D68/><U119/><E85/><V8/><F104/><W53/><G100/><T5/><D79/><U59/><E117/><V31/><F99/><W15/><G15/><T134/><D134/><U74/><E74/><V25/><F94/><W132/><G132/><T121/><D121/><U111/><E119/><V24/><F92/><W38/><G38/><T78/><D78/><U6/><E6/><V110/><F83/><W70/><G70/><T63/><D114/><N who="1" m="43531" /><E111/><V62/><F77/><N who="3" m="44223" /><G61/><T89/><D63/><U80/><E80/><V40/><F110/><W0/><G57/><N who="1" m="22090" /><E42/><V55/><F40/><W11/><G0/><T73/><D73/><U41/><E41/><V45/><F122/><W72/><G72/><T87/><D87/><AGARI ba="0,0" hai="2,4,11,39,43,44,52,53,87,88,93" m="44223" machi="87" ten="30,5800,0" yaku="25,1,54,2" doraHai="20" who="3" fromWho="0" sc="245,-58,240,0,319,0,196,58" /><INIT seed="3,1,0,0,4,66" ten="187,240,319,254" oya="3" hai0="113,73,81,74,62,10,88,104,90,36,9,58,11" hai1="55,53,92,24,13,109,110,75,85,40,56,72,12" hai2="70,97,18,108,125,44,7,4,6,121,47,98,114" hai3="0,101,115,57,126,107,29,5,27,132,43,94,51"/><W38/><G107/><T91/><D104/><U77/><E24/><V105/><F114/><W30/><G115/><T95/><D113/><U122/><E122/><V71/><F105/><W131/><G38/><T127/><D36/><U89/><E40/><V26/><F26/><W31/><G126/><T15/><D15/><N who="1" m="5707" /><E77/><V123/><F18/><W1/><G132/><T135/><D95/><U54/><E56/><V23/><F23/><W117/><G131/><T119/><D119/><U124/><E124/><V60/><F60/><W39/><G39/><T134/><D127/><U35/><E35/><V33/><F33/><W45/><G27/><T93/><D93/><U68/><E68/><N who="2" m="26155" /><F108/><AGARI ba="1,0" hai="53,54,55,72,75,85,89,92,108,109,110" m="5707" machi="108" ten="30,1000,0" yaku="14,1" doraHai="66" who="1" fromWho="2" sc="187,0,240,13,319,-13,254,0" owari="187,-31.3,253,-14.7,306,40.6,254,5.4" /></mjloggm>