<mjloggm ver="2.3"><GO type="225" lobby="0"/><UN n0="%33%74%72%65%65" n1="%E5%91%A8%E6%9D%B1" n2="%E5%A4%8F%E9%88%B4%E9%88%B4%E5%A4%8F" n3="%E6%98%93%E5%88%A9%E8%96%A9%E4%BC%AF" dan="17,17,16,17" rate="2166.64,2191.06,2146.59,2139.98" sx="F,M,F,F"/><TAIKYOKU oya="0"/><INIT seed="0,0,0,0,3,134" ten="250,250,250,250" oya="0" hai0="34,0,83,76,10,62,53,3,126,9,100,71,20" hai1="6,14,104,55,105,123,2,39,103,52,132,49,40" hai2="37,129,41,19,43,116,50,88,85,93,46,82,15" hai3="25,27,94,131,68,115,5,125,48,18,16,4,26"/><T66/><D34/><U121/><E2/><V31/><F129/><W61/><G115/><T108/><D108/><U77/><E132/><V86/><F116/><W12/><G131/><T8/><D126/><U23/><E77/><V87/><F31/><W28/><G68/><T36/><D36/><U92/><E92/><V58/><F58/><W63/><G28/><T29/><D100/><U67/><E67/><V32/><F32/><W102/><G48/><T89/><D89/><U111/><E111/><V130/><F130/><W21/><G125/><T69/><D69/><U64/><E64/><V35/><F35/><W79/><G79/><T42/><D42/><U80/><E40/><V107/><F107/><W128/><G128/><T118/><D53/><U96/><E105/><V54/><F86/><W13/><G94/><T119/><D119/><U59/><E39/><V7/><F7/><N who="3" m="2635" /><G102/><T106/><D106/><U65/><E65/><V117/><F117/><W135/><G135/><T47/><D47/><N who="1" m="27711" /><E80/><V98/><F87/><W45/><G45/><T78/><D78/><U17/><E6/><V73/><F73/><W90/><G90/><T113/><D118/><U74/><E74/><V124/><F124/><W24/><N who="3" m="6144" /><DORA hai="120" /><W81/><G81/><T97/><D0/><U101/><E101/><N who="2" m="60623" /><F37/><W72/><G72/><N who="0" m="43399" /><D3/><U1/><E1/><V127/><F127/><W57/><G57/><T75/><D75/><U56/><E56/><V33/><F33/><W22/><AGARI ba="0,0" hai="12,13,16,18,21,22,61,63" m="6144,2635" machi="22" ten="40,2700,0" yaku="8,1,54,1" doraHai="134,120" who="3" fromWho="3" sc="250,-13,250,-7,250,-7,250,27" /><INIT seed="1,0,0,1,1,68" ten="237,243,243,277" oya="1" hai0="63,80,88,42,110,107,69,82,129,135,79,17,131" hai1="96,13,23,97,105,101,22,12,102,1,76,92,50" hai2="33,122,48,64,78,125,81,55,134,108,28,112,47" hai3="5,20,100,7,30,104,51,91,8,73,31,67,57"/><U53/><E1/><V85/><F122/><W93/><G73/><T0/><D0/><U9/><E76/><V34/><F108/><W128/><G128/><N who="0" m="49227" /><D110/><U126/><E126/><V4/><F125/><W84/><G104/><T118/><D118/><U65/><E65/><V115/><F134/><W87/><G100/><T71/><D135/><U103/><E103/><V119/><F119/><W62/><G87/><N who="0" m="50279" /><D107/><U120/><E120/><V32/><F4/><W116/><G116/><T2/><D2/><U54/><E13/><V75/><F64/><W27/><G8/><T70/><D42/><U72/><E72/><V94/><F28/><W132/><G132/><T3/><D3/><U83/><E83/><V114/><F94/><W35/><REACH who="3" step="1"/><G51/><REACH who="3" ten="237,243,243,267" step="2"/><T133/><D133/><U38/><E38/><V43/><REACH who="2" step="1"/><F75/><REACH who="2" ten="237,243,233,267" step="2"/><W123/><G123/><T89/><D71/><U40/><E105/><V52/><AGARI ba="0,2" hai="32,33,34,43,47,48,52,55,78,81,85,112,114,115" machi="52" ten="40,8000,1" yaku="1,1,2,1,0,1,11,1,54,1,53,0" doraHai="68" doraHaiUra="60" who="2" fromWho="2" sc="237,-20,243,-40,233,100,267,-20" /><INIT seed="2,0,0,0,4,135" ten="217,203,333,247" oya="2" hai0="46,1,16,54,109,33,112,96,101,21,134,79,66" hai1="126,119,118,93,120,19,3,9,123,51,127,107,26" hai2="129,60,62,67,17,47,55,53,84,8,59,111,24" hai3="12,70,39,35,13,108,32,122,73,85,90,78,43"/><V27/><F129/><W2/><G70/><T80/><D112/><U38/><E107/><V133/><F133/><W36/><G2/><T37/><D134/><U40/><E38/><V5/><F111/><W132/><G132/><T121/><D121/><N who="1" m="46667" /><E93/><V7/><F17/><W42/><G73/><T116/><D116/><N who="1" m="44587" /><E51/><V74/><F74/><W97/><G97/><T94/><D109/><U64/><E64/><V81/><F47/><W76/><G108/><T103/><D66/><U29/><E40/><V128/><F55/><W125/><G85/><T77/><D101/><U50/><E50/><V31/><F8/><W130/><G122/><T106/><D106/><U86/><E86/><V25/><F31/><W100/><G90/><T11/><D54/><U23/><E19/><V41/><F41/><W104/><G104/><T69/><D37/><U6/><AGARI ba="0,0" hai="3,6,9,23,26,29,126,127" m="44587,46667" machi="6" ten="40,8000,1" yaku="13,1,34,2,52,2" doraHai="135" who="1" fromWho="1" sc="217,-20,203,80,333,-40,247,-20" /><INIT seed="3,0,0,1,4,20" ten="197,283,293,227" oya="3" hai0="29,109,35,66,89,44,92,133,114,49,90,97,85" hai1="31,98,111,84,71,30,1,108,123,41,18,19,59" hai2="47,82,48,16,115,38,55,129,28,37,122,91,45" hai3="86,103,100,96,70,94,3,102,54,25,40,113,131"/><W65/><G113/><T6/><D109/><N who="1" m="42059" /><E71/><V116/><F115/><W42/><G3/><T67/><D114/><U0/><E41/><N who="3" m="15978" /><G70/><T12/><D133/><U93/><E84/><V8/><F116/><W68/><G68/><T77/><D77/><U43/><E59/><V56/><F129/><W26/><G131/><T75/><D75/><U135/><E43/><V2/><F122/><W74/><G74/><T23/><D44/><U32/><E123/><V99/><F37/><W134/><G134/><T83/><D49/><U57/><E57/><V80/><F28/><N who="1" m="10793" /><E32/><V127/><F2/><N who="1" m="1129" /><E135/><V110/><F38/><W105/><G65/><T107/><D107/><U58/><E58/><V4/><F45/><W9/><G105/><T78/><D78/><U101/><AGARI ba="0,0" hai="18,19,93,98,101" m="1129,10793,42059" machi="101" ten="40,1500,0" yaku="14,1" doraHai="20" who="1" fromWho="1" sc="197,-4,283,15,293,-4,227,-7" /><INIT seed="4,0,0,4,0,27" ten="193,298,289,220" oya="0" hai0="20,17,91,68,93,9,128,72,112,96,10,33,88" hai1="120,6,15,61,49,57,66,114,38,32,39,11,101" hai2="116,24,18,50,76,89,51,13,1,79,71,133,78" hai3="42,29,37,12,31,109,3,54,4,73,135,102,34"/><T119/><D119/><U95/><E120/><V58/><F71/><W48/><G3/><T131/><D33/><U21/><E32/><V59/><F1/><W30/><G73/><T53/><D72/><U80/><E114/><V103/><F133/><W81/><G34/><T25/><D112/><U64/><E64/><V16/><F103/><W47/><G135/><T26/><D68/><U117/><E117/><V67/><F89/><W43/><G109/><T132/><D132/><U36/><E80/><V5/><F116/><W97/><G81/><T52/><D26/><U85/><E49/><N who="2" m="18443" /><F67/><W55/><G37/><T94/><D131/><U92/><E101/><V108/><F108/><W23/><G43/><T110/><D128/><U87/><E21/><N who="2" m="13351" /><F5/><W75/><G75/><T46/><D110/><U84/><AGARI ba="0,0" hai="6,11,15,36,38,39,57,61,66,84,85,87,92,95" machi="84" ten="40,1500,0" yaku="0,1" doraHai="27" who="1" fromWho="1" sc="193,-7,298,15,289,-4,220,-4" owari="186,-31.4,313,41.3,285,8.5,216,-18.4" /></mjloggm>