<mjloggm ver="2.3"><GO type="225" lobby="0"/><UN n0="%E6%A1%9C%E8%8A%B1%E9%96%83%E3%80%85" n1="%E6%98%93%E5%88%A9%E8%96%A9%E4%BC%AF" n2="%E6%9D%B1%E9%A2%A8%E3%81%AE%E3%81%8D%E3%82%83%E3%81%B7%E3%81%95%E3%82%93" n3="%E3%83%81%E3%83%83%E3%82%BF%E3%82%BD%E3%83%BC" dan="17,17,16,16" rate="2266.69,2133.81,2177.12,2182.00" sx="M,F,M,F"/><TAIKYOKU oya="0"/><INIT seed="0,0,0,1,3,83" ten="250,250,250,250" oya="0" hai0="119,132,76,84,15,105,130,92,36,82,62,2,86" hai1="79,70,26,122,34,39,125,8,20,42,100,3,60" hai2="45,11,131,128,120,123,61,81,49,111,121,72,35" hai3="73,88,94,87,117,101,9,98,55,48,75,115,14"/><T96/><D2/><U134/><E122/><V21/><F35/><W108/><G108/><T66/><D119/><U89/><E134/><V58/><F11/><W71/><G115/><T95/><D36/><U133/><E125/><V110/><F21/><W65/><G117/><T33/><D132/><U51/><E100/><V113/><F81/><W104/><G65/><T4/><D33/><U69/><E39/><V7/><F7/><W67/><G67/><T106/><D130/><N who="2" m="49706" /><F72/><W25/><G25/><T85/><D95/><U97/><E34/><V53/><F113/><W19/><REACH who="3" step="1"/><G71/><REACH who="3" ten="250,250,250,240" step="2"/><T56/><D106/><U135/><E70/><V46/><F46/><AGARI ba="0,1" hai="9,14,19,46,48,55,73,75,87,88,94,98,101,104" machi="46" ten="30,12000,2" yaku="1,1,2,1,7,1,52,1,54,1,53,1" doraHai="83" doraHaiUra="10" who="3" fromWho="2" sc="250,0,250,0,250,-120,240,130" /><INIT seed="1,0,0,4,0,6" ten="250,250,130,370" oya="1" hai0="75,132,109,3,115,71,25,9,133,67,113,94,20" hai1="87,28,17,15,84,4,45,23,34,78,54,112,89" hai2="77,102,48,104,131,30,63,5,57,7,42,88,97" hai3="14,41,33,50,130,29,56,65,47,52,116,1,128"/><U79/><E112/><V90/><F131/><N who="3" m="50219" /><G1/><T117/><D75/><U85/><E89/><V99/><F77/><W10/><G116/><T122/><D94/><U74/><E74/><V114/><F114/><N who="0" m="43530" /><D67/><U43/><E54/><V68/><F30/><W96/><G65/><T93/><D93/><U92/><E92/><V32/><F32/><W53/><G96/><T80/><D71/><U31/><E4/><V103/><F68/><W0/><G0/><T66/><D80/><U124/><E124/><V108/><F108/><W91/><G91/><T70/><D70/><U118/><E118/><V83/><F83/><W60/><G29/><N who="1" m="11338" /><E34/><V106/><F48/><AGARI ba="0,0" hai="15,17,23,43,45,48,78,79,84,85,87" m="11338" machi="48" ten="30,1500,0" yaku="8,1" doraHai="6" who="1" fromWho="2" sc="250,0,250,15,130,-15,370,0" /><INIT seed="1,1,0,0,1,88" ten="250,265,115,370" oya="1" hai0="29,30,11,25,93,107,94,134,37,127,59,19,119" hai1="74,49,76,33,100,103,62,75,79,72,10,23,126" hai2="0,77,129,13,26,105,101,118,67,113,117,81,114" hai3="98,9,109,112,16,20,7,15,73,99,132,70,27"/><U17/><E33/><V95/><F67/><W47/><G109/><T91/><D119/><N who="2" m="45578" /><F26/><W21/><G132/><T66/><D127/><U82/><E126/><V6/><F13/><W135/><G135/><T130/><D130/><U110/><E110/><V56/><F56/><W4/><G112/><N who="2" m="43113" /><F6/><W5/><G70/><T80/><D107/><U28/><E10/><V60/><F60/><W42/><G73/><T106/><D106/><U2/><E28/><V111/><F0/><W92/><G20/><N who="0" m="13471" /><D37/><U12/><E2/><V78/><F111/><W46/><G99/><T39/><D39/><U131/><E131/><V50/><F50/><N who="3" m="26967" /><G47/><T71/><D71/><U102/><E62/><V63/><F63/><W104/><G104/><T48/><D11/><U40/><E40/><V121/><F121/><W41/><G41/><T36/><D36/><U51/><REACH who="1" step="1"/><E82/><REACH who="1" ten="250,255,115,370" step="2"/><V65/><F129/><W86/><G4/><T133/><D133/><U120/><E120/><V84/><F65/><W31/><G5/><T53/><D134/><U85/><E85/><V128/><F128/><W24/><G86/><N who="0" m="50631" /><D66/><U44/><E44/><V55/><F55/><W34/><G34/><T32/><D32/><U35/><E35/><V69/><F69/><W116/><G116/><T96/><D29/><U57/><E57/><V83/><F83/><W97/><G31/><T1/><D30/><U87/><E87/><V3/><F3/><W22/><G7/><T124/><D1/><U90/><E90/><N who="2" m="53703" /><F81/><W14/><G9/><T108/><D108/><U43/><E43/><V89/><F89/><N who="3" m="55439" /><G98/><AGARI ba="1,1" hai="77,78,98,101,105" m="53703,43113,45578" machi="98" ten="30,7700,0" yaku="11,1,34,2,52,1" doraHai="88" who="2" fromWho="3" sc="250,0,255,0,115,90,370,-80" /><INIT seed="2,0,0,2,0,75" ten="250,255,205,290" oya="2" hai0="30,10,3,110,102,59,68,105,49,28,118,51,124" hai1="36,84,13,98,40,32,87,69,101,74,5,1,78" hai2="95,104,20,123,65,128,42,60,7,85,26,129,2" hai3="41,23,76,120,34,117,108,88,52,33,4,63,132"/><V48/><F104/><W119/><G117/><T6/><D68/><U15/><E32/><V14/><F123/><W82/><G119/><T114/><D118/><U72/><E69/><V50/><F2/><W91/><G108/><T45/><D114/><U121/><E74/><V89/><F42/><W127/><G132/><T135/><D110/><U100/><E121/><V61/><F14/><W38/><G127/><T53/><D135/><U113/><E113/><V47/><F7/><W115/><G115/><T97/><REACH who="0" step="1"/><D124/><REACH who="0" ten="240,255,205,290" step="2"/><U106/><E101/><V22/><F65/><W19/><G120/><T21/><D21/><U93/><E100/><V12/><F20/><W92/><G23/><T27/><D27/><U66/><E66/><V126/><F126/><W67/><G67/><T96/><D96/><U57/><E98/><V62/><F12/><W80/><G33/><T90/><D90/><U81/><E15/><V54/><REACH who="2" step="1"/><F48/><REACH who="2" ten="240,255,195,290" step="2"/><W35/><G35/><T8/><D8/><U133/><E13/><V107/><F107/><W112/><G34/><T16/><D16/><AGARI ba="0,2" hai="16,22,26,47,50,54,60,61,62,85,89,95,128,129" machi="16" ten="40,3900,0" yaku="1,1,54,1,53,0" doraHai="75" doraHaiUra="37" who="2" fromWho="0" sc="240,-39,255,0,195,59,290,0" /><INIT seed="2,1,0,0,4,67" ten="201,255,254,290" oya="2" hai0="53,63,100,33,49,32,37,2,11,43,60,92,28" hai1="61,99,23,73,3,70,129,36,114,126,122,75,35" hai2="109,71,10,103,87,64,69,8,119,44,9,115,20" hai3="0,111,110,77,96,31,51,84,120,107,104,112,101"/><V79/><F119/><W86/><G0/><T106/><D92/><U29/><RYUUKYOKU type="yao9" ba="1,0" sc="201,0,255,0,254,0,290,0" hai1="3,23,29,35,36,61,70,73,75,99,114,122,126,129" /><INIT seed="2,2,0,4,2,2" ten="201,255,254,290" oya="2" hai0="60,7,112,125,45,128,14,10,18,115,103,63,22" hai1="74,29,41,98,131,82,88,0,68,133,85,114,42" hai2="96,1,65,87,28,39,25,12,34,69,81,135,75" hai3="80,117,59,24,6,66,79,4,77,104,124,83,52"/><V23/><F39/><W3/><G3/><T54/><D125/><U100/><E114/><V84/><F135/><W37/><G117/><T132/><D132/><U50/><E68/><V101/><F1/><W33/><G37/><T102/><D128/><U90/><E0/><V51/><F51/><W17/><G104/><T86/><D115/><U94/><E133/><V48/><F48/><W119/><G119/><T62/><D112/><U110/><E110/><V36/><F36/><W107/><G107/><T91/><D54/><U127/><E127/><V5/><F75/><W71/><G124/><T99/><D99/><U92/><E29/><V130/><F130/><W93/><G71/><T109/><D45/><U111/><E111/><V118/><F118/><W27/><G66/><T73/><D73/><U46/><E131/><V40/><F40/><W108/><G108/><T8/><D8/><U95/><E74/><V15/><F23/><N who="3" m="13423" /><G33/><T53/><D53/><N who="1" m="29911" /><E95/><V116/><F116/><W21/><G93/><T31/><D31/><U16/><E16/><V121/><F121/><W9/><G9/><T26/><REACH who="0" step="1"/><D109/><REACH who="0" ten="191,255,254,290" step="2"/><U20/><E20/><V57/><F87/><AGARI ba="2,1" hai="41,42,82,85,87,88,90,92,94,98,100" m="29911" machi="87" ten="30,2000,0" yaku="8,1,54,1" doraHai="2" who="1" fromWho="2" sc="191,0,255,36,254,-26,290,0" /><INIT seed="3,0,0,3,5,19" ten="191,291,228,290" oya="3" hai0="46,35,25,111,79,56,120,78,61,106,86,16,33" hai1="72,57,63,116,108,40,10,103,110,101,89,6,23" hai2="24,85,44,50,29,36,27,107,12,114,14,32,80" hai3="87,9,69,3,94,75,92,64,67,51,42,98,54"/><W109/><G75/><T117/><D117/><U81/><E23/><V133/><F107/><W58/><G42/><T45/><D120/><U5/><E40/><V132/><F36/><W17/><G109/><N who="1" m="42090" /><E116/><V124/><F24/><W0/><G0/><T20/><D106/><U112/><E112/><V122/><F124/><W71/><G87/><T115/><D111/><U131/><E131/><V83/><F122/><W30/><G30/><T39/><D115/><U82/><E6/><V76/><F83/><N who="1" m="31753" /><E89/><V77/><F77/><W130/><G130/><T127/><D127/><U22/><E22/><V73/><F73/><W38/><G38/><T93/><D35/><U8/><E8/><V21/><F114/><W28/><G28/><T43/><D33/><U26/><E26/><V119/><F119/><W91/><G92/><T70/><D70/><U62/><E62/><V128/><F128/><W37/><G37/><T135/><D135/><N who="2" m="51786" /><F32/><W41/><G41/><AGARI ba="0,0" hai="12,14,21,27,29,41,44,50,76,80,85" m="51786" machi="41" ten="30,2000,0" yaku="20,1,52,1" doraHai="19" who="2" fromWho="3" sc="191,0,291,0,228,20,290,-20" /><INIT seed="4,0,0,0,0,99" ten="191,291,248,270" oya="0" hai0="109,131,54,19,108,18,71,135,50,102,93,122,92" hai1="60,66,61,38,29,23,31,5,114,117,22,125,78" hai2="88,69,70,116,107,8,101,0,76,106,2,47,110" hai3="74,48,25,30,1,124,85,77,34,103,46,133,115"/><T129/><D71/><U112/><E38/><V63/><F76/><W73/><G115/><N who="1" m="44074" /><E125/><V21/><F110/><N who="0" m="42602" /><D122/><U53/><E78/><V62/><F21/><N who="1" m="7689" /><E5/><V134/><F47/><W118/><G124/><T100/><D135/><U45/><E117/><V89/><F8/><W7/><G118/><T32/><D32/><U12/><E12/><V104/><F116/><W10/><G133/><T40/><D40/><U65/><E45/><V64/><F134/><W105/><G85/><T94/><D18/><U90/><E90/><V98/><F0/><W126/><G77/><T51/><D19/><U42/><E53/><V68/><F2/><W27/><G27/><T130/><D51/><U127/><E42/><V72/><F72/><W75/><G126/><T6/><D6/><U84/><E84/><V86/><F89/><W96/><REACH who="3" step="1"/><G73/><REACH who="3" ten="191,291,248,260" step="2"/><T81/><D81/><U55/><E127/><V57/><REACH who="2" step="1"/><F62/><REACH who="2" ten="191,291,238,260" step="2"/><W59/><G59/><AGARI ba="0,2" hai="50,54,59,92,93,94,100,102,129,130,131" m="42602" machi="59" ten="40,12000,1" yaku="19,1,10,1,52,2" doraHai="99" who="0" fromWho="3" sc="191,140,291,0,238,0,260,-120" owari="331,43.1,291,9.1,238,-16.2,140,-36.0" /></mjloggm>