<mjloggm ver="2.3"><GO type="225" lobby="0"/><UN n0="%E6%A1%9C%E8%8A%B1%E9%96%83%E3%80%85" n1="%E6%B4%BE%E9%81%A3%E3%81%AE%E3%82%B8%E3%83%A3%E3%83%83%E3%82%AF" n2="%E5%A4%8F%E9%88%B4%E9%88%B4%E5%A4%8F" n3="%E3%83%81%E3%83%83%E3%82%BF%E3%82%BD%E3%83%BC" dan="16,17,16,16" rate="2136.57,2191.51,2092.87,2130.88" sx="M,M,M,F"/><TAIKYOKU oya="0"/><INIT seed="0,0,0,5,1,74" ten="250,250,250,250" oya="0" hai0="16,111,64,32,88,133,108,48,124,90,79,85,66" hai1="45,8,55,10,123,81,70,101,53,126,29,135,86" hai2="24,15,121,44,40,30,14,77,38,22,43,19,73" hai3="52,112,83,34,132,65,25,36,129,84,18,87,115"/><T68/><D124/><U46/><E123/><V42/><F121/><W89/><G36/><T51/><D32/><U67/><E126/><V91/><F14/><W9/><G132/><T35/><D35/><U130/><E135/><V100/><F100/><W105/><G105/><T61/><D133/><U59/><E130/><V80/><REACH who="2" step="1"/><F91/><REACH who="2" ten="250,250,240,250" step="2"/><W75/><G129/><T114/><D90/><U116/><E101/><V28/><F28/><W107/><G112/><T54/><D114/><U37/><E29/><V113/><F113/><W62/><G115/><T41/><D88/><U106/><E106/><V50/><F50/><W131/><G107/><T125/><D125/><U128/><E128/><V56/><F56/><W117/><G131/><T13/><D51/><U1/><E37/><V63/><F63/><W23/><G117/><T60/><D60/><U7/><E116/><V3/><F3/><W119/><G119/><T47/><D61/><U99/><E59/><V39/><F39/><W5/><G65/><T93/><D66/><U11/><E67/><V49/><F49/><W27/><G62/><T95/><D64/><U104/><E104/><V122/><F122/><W0/><G89/><T96/><D13/><U58/><E58/><V31/><F31/><W103/><G103/><T4/><D48/><U33/><E1/><V57/><F57/><W72/><G0/><T134/><D134/><U127/><E127/><V120/><F120/><W17/><G27/><T110/><D95/><U98/><E46/><V71/><F71/><W69/><G69/><T20/><D93/><U26/><E70/><RYUUKYOKU ba="0,1" sc="250,-10,250,-10,240,30,250,-10" hai2="15,19,22,24,30,38,40,42,43,44,73,77,80" /><INIT seed="1,1,1,5,3,56" ten="240,240,270,240" oya="1" hai0="121,98,108,6,132,126,62,11,75,87,119,118,77" hai1="12,25,109,49,28,34,57,104,63,122,1,31,86" hai2="41,18,120,100,32,89,115,99,71,107,4,133,39" hai3="30,61,21,58,135,20,76,88,65,37,81,47,95"/><U97/><E122/><V38/><F120/><W22/><G135/><T105/><D121/><U46/><E1/><V15/><F133/><W35/><G35/><T116/><D132/><U123/><E123/><V103/><F32/><W90/><G30/><T69/><D87/><U50/><E109/><V102/><F4/><W131/><G131/><T60/><D126/><U7/><E31/><V44/><F71/><W0/><G0/><N who="0" m="455" /><D60/><U13/><E86/><V84/><F38/><W78/><G95/><T27/><D27/><U85/><E85/><V129/><F129/><W73/><REACH who="3" step="1"/><G78/><REACH who="3" ten="240,240,270,230" step="2"/><T19/><D108/><U70/><E104/><V106/><F107/><W64/><G64/><N who="0" m="41111" /><D119/><U42/><E34/><V74/><F115/><W52/><G52/><T114/><D114/><U111/><E111/><V68/><F74/><W130/><G130/><T16/><D77/><U110/><E110/><V92/><REACH who="2" step="1"/><F68/><REACH who="2" ten="240,240,260,230" step="2"/><W59/><G59/><T113/><D75/><U8/><E70/><V93/><F93/><W2/><G2/><T23/><D113/><U127/><E57/><V17/><F17/><W54/><G54/><T3/><D3/><U128/><E128/><V91/><F91/><W79/><G79/><T48/><D19/><U134/><E134/><V83/><F83/><W125/><G125/><T124/><D124/><U29/><E127/><V5/><F5/><W40/><AGARI ba="1,3" hai="20,21,22,37,40,47,58,61,65,73,76,81,88,90" machi="40" ten="30,7900,0" yaku="1,1,0,1,52,1,54,1,53,0" doraHai="56" doraHaiUra="45" who="3" fromWho="3" sc="240,-21,240,-40,260,-21,230,112" /><INIT seed="2,0,0,3,1,46" ten="219,200,239,342" oya="2" hai0="120,130,91,117,48,82,98,119,9,69,64,77,60" hai1="28,132,115,94,23,27,47,129,78,103,11,37,121" hai2="24,116,112,99,21,43,6,50,31,70,96,34,8" hai3="68,135,33,95,20,65,105,51,113,75,16,85,59"/><V41/><F116/><N who="0" m="44618" /><D130/><U67/><E115/><V15/><F70/><W40/><G135/><T71/><D120/><U86/><E132/><V100/><F112/><W124/><G124/><T106/><D9/><U108/><E108/><V83/><F83/><W127/><G127/><T3/><D3/><U93/><E67/><V0/><F50/><W1/><G33/><T73/><D48/><U80/><E129/><V104/><F99/><W58/><G113/><T88/><D71/><U107/><E121/><V97/><F96/><W92/><G105/><T22/><D22/><U36/><E107/><V12/><REACH who="2" step="1"/><F15/><REACH who="2" ten="219,200,229,342" step="2"/><W2/><G68/><T32/><D32/><U13/><E103/><AGARI ba="0,1" hai="60,64,69,73,77,82,88,91,98,103,106" m="44618" machi="103" ten="30,2000,0" yaku="12,1,54,1" doraHai="46" who="0" fromWho="1" sc="219,30,200,-20,229,0,342,0" /><INIT seed="3,0,0,0,4,90" ten="249,180,229,342" oya="3" hai0="125,26,130,86,71,103,66,50,24,80,115,79,32" hai1="51,113,116,37,100,45,0,22,29,78,18,88,56" hai2="73,75,21,84,89,133,57,122,54,69,35,95,13" hai3="49,123,132,59,134,60,8,41,27,5,65,16,91"/><W119/><G123/><T108/><D108/><U77/><E113/><V117/><F35/><W34/><G119/><T124/><D115/><U68/><E68/><V23/><F117/><W98/><G34/><T9/><D130/><U107/><E0/><V19/><F69/><W114/><G114/><T42/><D103/><U126/><E116/><V101/><F133/><N who="3" m="51307" /><G49/><T83/><D9/><U12/><E126/><N who="0" m="48745" /><D32/><U7/><E100/><V4/><F4/><W58/><G41/><T81/><D66/><U120/><E107/><V121/><F23/><N who="3" m="13799" /><G91/><T30/><D30/><U74/><E120/><N who="2" m="46187" /><F101/><W76/><G76/><T131/><D131/><U70/><E70/><V3/><F3/><N who="3" m="63" /><G98/><T2/><D2/><U39/><E7/><V48/><AGARI ba="0,0" hai="13,19,21,48,54,57,73,75,84,89,95" m="46187" machi="48" ten="30,4000,0" yaku="25,1,13,1,52,1" doraHai="90" who="2" fromWho="2" sc="249,-10,180,-10,229,40,342,-20" owari="239,-16.1,170,-33.0,269,6.9,322,42.2" /></mjloggm>