<mjloggm ver="2.3"><GO type="225" lobby="0"/><UN n0="%43%68%65" n1="%E3%81%BF%E3%81%BF%E3%81%9A" n2="%E5%A4%8F%E9%88%B4%E9%88%B4%E5%A4%8F" n3="%E4%BF%BA%E3%81%A8%E5%A6%96%E5%A4%A2" dan="16,17,16,16" rate="2150.59,2199.05,2136.50,2211.69" sx="M,M,F,F"/><TAIKYOKU oya="0"/><INIT seed="0,0,0,3,2,50" ten="250,250,250,250" oya="0" hai0="97,133,126,124,130,121,120,111,67,13,88,54,127" hai1="5,115,58,49,117,19,0,87,53,110,30,74,21" hai2="92,40,3,107,59,42,108,8,72,80,116,82,38" hai3="131,29,36,55,106,90,69,135,114,134,101,20,25"/><T47/><D67/><U34/><E117/><V93/><F116/><W15/><G114/><T57/><D130/><U62/><E74/><V6/><F108/><W112/><G112/><T22/><D111/><U48/><E110/><V109/><F107/><W75/><G36/><T123/><D47/><U65/><E115/><V12/><F109/><W79/><G131/><T51/><D133/><N who="3" m="50697" /><G69/><T52/><D54/><U39/><E39/><V2/><F59/><W61/><G101/><T60/><D51/><U31/><E34/><V46/><F42/><W105/><G90/><T113/><D113/><U81/><E48/><V89/><F92/><W68/><G15/><T32/><D32/><U44/><E5/><V7/><F72/><W70/><G70/><T33/><D33/><U64/><E0/><V35/><F35/><W91/><G91/><T71/><D71/><U26/><REACH who="1" step="1"/><E64/><REACH who="1" ten="250,240,250,250" step="2"/><V125/><F125/><W119/><G119/><T84/><D97/><U128/><E128/><V24/><F2/><W85/><G75/><T1/><D1/><U43/><E43/><V103/><F3/><W11/><G61/><T99/><D99/><U73/><E73/><V4/><F6/><W66/><G66/><T96/><D96/><U98/><E98/><V27/><F4/><W9/><G105/><T14/><D22/><U76/><AGARI ba="0,1" hai="19,21,26,30,31,44,49,53,58,62,65,76,81,87" machi="76" ten="20,12000,2" yaku="1,1,0,1,7,1,8,1,52,1,53,1" doraHai="50" doraHaiUra="45" who="1" fromWho="1" sc="250,-60,240,130,250,-30,250,-30" /><INIT seed="1,0,0,3,5,2" ten="190,370,220,220" oya="1" hai0="114,81,47,13,38,102,6,21,1,64,18,84,111" hai1="52,45,112,85,135,63,65,130,24,3,131,26,30" hai2="20,42,107,100,29,62,91,77,58,35,113,78,41" hai3="15,115,16,122,43,55,8,106,79,116,73,66,126"/><U82/><E112/><V53/><F113/><W14/><G122/><T23/><D114/><U121/><E121/><V37/><F35/><W89/><G115/><T9/><D111/><U117/><E117/><V133/><F133/><W27/><G106/><T129/><D129/><N who="1" m="49163" /><E135/><V28/><F107/><W90/><G116/><T83/><D64/><U22/><E3/><V75/><F100/><W96/><G126/><T127/><D127/><U31/><E45/><V123/><F123/><W51/><G66/><T105/><D23/><U61/><E65/><V12/><F75/><W80/><G43/><N who="2" m="16393" /><F37/><W7/><G27/><T60/><D60/><U118/><E52/><V40/><F40/><W39/><G96/><T76/><D83/><U103/><E103/><V93/><F12/><W95/><G95/><T10/><D47/><U99/><E99/><N who="2" m="57791" /><F20/><W57/><REACH who="3" step="1"/><G39/><REACH who="3" ten="190,370,220,210" step="2"/><T19/><D38/><U68/><E118/><V56/><F28/><W128/><G128/><T108/><D105/><U70/><E68/><V54/><F29/><W94/><G94/><T49/><D102/><U32/><E70/><V11/><F11/><AGARI ba="0,1" hai="7,8,11,14,15,16,51,55,57,73,79,80,89,90" machi="11" ten="30,12000,2" yaku="1,1,7,1,52,1,54,1,53,2" doraHai="2" doraHaiUra="86" who="3" fromWho="2" sc="190,0,370,0,220,-120,210,130" /><INIT seed="2,0,0,3,1,120" ten="190,370,100,340" oya="2" hai0="112,87,114,119,63,27,118,12,51,8,93,134,96" hai1="102,67,35,82,91,49,84,9,101,122,7,29,113" hai2="76,62,98,55,15,1,99,19,108,94,31,22,45" hai3="24,70,46,83,121,39,111,3,128,6,11,16,117"/><V44/><F1/><W131/><G121/><T125/><D125/><U25/><E122/><V77/><F31/><W60/><G117/><N who="0" m="44555" /><D134/><U95/><E113/><V85/><F99/><W124/><G124/><T32/><D87/><U21/><E67/><V66/><F108/><W69/><G111/><T72/><D72/><U86/><E49/><V74/><F74/><W100/><G100/><N who="0" m="60431" /><D51/><U97/><E35/><V43/><F55/><W47/><G83/><T59/><D27/><U107/><E86/><V89/><F98/><W88/><G60/><T10/><D32/><U116/><E116/><V103/><F103/><W135/><G135/><T2/><D2/><U56/><E56/><V41/><F41/><N who="3" m="22847" /><G88/><T90/><D90/><U13/><E107/><V65/><F65/><W109/><G47/><T92/><D92/><U18/><E102/><V0/><F0/><W80/><G80/><T37/><D37/><U132/><E132/><V75/><F75/><W53/><G109/><T126/><D10/><U28/><AGARI ba="0,0" hai="7,9,13,18,21,25,28,29,82,84,91,95,97,101" machi="28" ten="30,2000,0" yaku="0,1,8,1" doraHai="120" who="1" fromWho="1" sc="190,-5,370,20,100,-10,340,-5" /><INIT seed="3,0,0,4,3,50" ten="185,390,90,335" oya="3" hai0="80,60,98,70,54,29,96,126,12,115,104,49,44" hai1="35,100,57,2,78,118,1,122,33,13,92,119,63" hai2="82,31,0,135,64,32,36,68,71,111,56,90,73" hai3="46,97,15,43,94,62,26,107,123,116,38,28,129"/><W127/><G116/><N who="1" m="44586" /><E122/><V59/><F36/><W9/><G123/><T3/><D3/><N who="1" m="1035" /><E78/><V99/><F0/><W21/><G129/><T121/><D126/><U52/><E13/><V16/><F111/><W58/><G127/><T93/><D104/><U14/><E14/><V5/><F135/><W48/><G107/><T120/><D98/><AGARI ba="0,0" hai="33,35,52,57,63,92,98,100" m="1035,44586" machi="98" ten="30,3900,0" yaku="12,1,52,1,54,1" doraHai="50" who="1" fromWho="0" sc="185,-39,390,39,90,0,335,0" owari="146,-25.4,429,52.9,90,-41.0,335,13.5" /></mjloggm>