<mjloggm ver="2.3"><GO type="225" lobby="0"/><UN n0="%E3%82%8F%E3%81%8B%E3%81%B0%2A%E3%82%AC%E3%83%BC%E3%83%AB" n1="%E5%91%A8%E6%9D%B1" n2="%E5%B6%BA%E4%B8%8A%E5%92%B2" n3="%E3%83%B4%E3%83%A0%EF%BC%99%E3%81%A6" dan="16,16,16,17" rate="2098.51,2223.68,2149.89,2148.15" sx="M,M,F,M"/><TAIKYOKU oya="0"/><INIT seed="0,0,0,5,1,64" ten="250,250,250,250" oya="0" hai0="102,118,40,49,66,111,16,107,131,14,7,92,115" hai1="2,29,39,9,23,69,12,108,124,127,114,1,95" hai2="22,125,99,86,83,21,121,65,70,54,112,77,61" hai3="32,119,132,18,79,59,53,93,75,57,120,110,46"/><T25/><D115/><U78/><E39/><V45/><F112/><W96/><G119/><T84/><D118/><U72/><E95/><V106/><F121/><W135/><G120/><T85/><D107/><U36/><E36/><V82/><F125/><N who="1" m="48201" /><E78/><V44/><F82/><N who="3" m="45439" /><G32/><T68/><D131/><U17/><E72/><V41/><F54/><W103/><G18/><T117/><D117/><U109/><E69/><V31/><F31/><W63/><G110/><N who="1" m="42602" /><E114/><V42/><F44/><W67/><G46/><T94/><D40/><U71/><E71/><V24/><F24/><AGARI ba="0,0" hai="1,2,9,12,17,23,24,29" m="42602,48201" machi="24" ten="30,7700,0" yaku="18,1,14,1,34,2" doraHai="64" who="1" fromWho="2" sc="250,0,250,77,250,-77,250,0" /><INIT seed="1,0,0,3,1,32" ten="250,327,173,250" oya="1" hai0="59,45,101,14,84,46,28,93,4,99,87,133,1" hai1="12,72,117,92,55,37,52,6,82,49,119,60,69" hai2="7,77,26,29,135,33,9,126,122,48,88,39,134" hai3="103,95,68,8,16,110,53,86,85,58,104,105,25"/><U125/><E37/><V35/><F39/><W30/><G68/><T38/><D133/><N who="2" m="50698" /><F77/><W102/><G110/><T43/><D28/><U132/><E132/><V54/><F122/><W70/><G70/><T3/><D45/><U67/><E125/><V71/><F126/><W109/><G109/><T40/><D40/><U75/><E92/><V107/><F107/><W115/><G115/><T31/><D31/><U62/><E82/><V50/><F71/><W20/><G105/><T76/><D59/><U44/><E75/><V130/><F130/><W21/><G8/><T27/><D27/><U36/><E72/><V98/><F35/><W19/><G104/><T94/><D84/><N who="3" m="32361" /><G95/><T100/><D87/><U108/><E108/><V34/><F34/><W124/><G124/><T97/><D76/><U83/><E83/><V79/><F79/><W81/><G81/><T120/><D120/><U63/><E36/><V123/><F123/><W0/><G30/><T112/><D112/><U41/><E117/><V11/><F11/><AGARI ba="0,0" hai="1,3,4,11,14,38,43,46,93,94,97,99,100,101" machi="11" ten="40,5200,0" yaku="9,1,52,2" doraHai="32" who="0" fromWho="2" sc="250,52,327,0,173,-52,250,0" /><INIT seed="2,0,0,4,1,135" ten="302,327,121,250" oya="2" hai0="66,82,79,34,76,128,15,2,92,9,12,4,51" hai1="45,59,62,27,22,60,110,115,104,125,26,46,117" hai2="111,41,61,63,30,14,54,24,16,122,113,130,65" hai3="19,55,109,33,28,37,84,134,85,121,126,87,50"/><V119/><F113/><W0/><G121/><T95/><D34/><U124/><E104/><V42/><F119/><W20/><G37/><T67/><D128/><U5/><E115/><V18/><F122/><W57/><G0/><T68/><D2/><U100/><E100/><V108/><F130/><W86/><G134/><T49/><D68/><U77/><E117/><V75/><F75/><W44/><G109/><N who="2" m="42057" /><F54/><W93/><G126/><N who="1" m="48746" /><E110/><V112/><F112/><W1/><G1/><T10/><REACH who="0" step="1"/><D82/><REACH who="0" ten="292,327,121,250" step="2"/><U81/><E81/><V120/><F120/><W94/><G33/><T118/><D118/><U23/><E77/><V39/><F39/><W101/><G28/><T80/><D80/><U107/><E107/><V40/><F14/><W71/><G71/><T114/><D114/><U6/><E27/><V133/><F133/><W17/><G101/><T102/><D102/><U74/><E26/><V90/><F90/><W131/><G131/><T127/><D127/><U35/><E35/><N who="2" m="20935" /><F63/><W105/><G55/><T64/><D64/><U13/><E62/><V11/><F11/><W32/><G32/><T43/><D43/><N who="2" m="11010" /><V103/><DORA hai="106" /><F103/><W25/><G25/><T69/><D69/><AGARI ba="0,1" hai="16,18,61,65,69" m="11010,20935,42057" machi="69" ten="40,7700,0" yaku="14,1,10,1,54,1" doraHai="135,106" who="2" fromWho="0" sc="292,-77,327,0,121,87,250,0" /><INIT seed="2,1,0,0,3,20" ten="215,327,208,250" oya="2" hai0="58,78,77,100,110,123,57,31,43,109,91,9,41" hai1="98,37,74,116,134,81,46,7,118,115,86,93,84" hai2="94,131,125,133,67,75,68,42,72,10,119,51,126" hai3="22,19,128,34,25,14,83,49,76,30,50,61,29"/><V99/><F119/><W38/><G38/><T32/><D123/><U135/><E7/><V33/><F33/><W59/><G128/><T88/><D100/><U3/><E3/><V121/><F121/><W16/><G30/><T18/><D31/><U120/><E120/><V114/><F114/><W21/><G34/><T27/><D32/><U40/><E74/><V89/><F10/><W54/><REACH who="3" step="1"/><G29/><REACH who="3" ten="215,327,208,240" step="2"/><T113/><D113/><U111/><E115/><V90/><F131/><W66/><G66/><T64/><D64/><U45/><E37/><V24/><F67/><W106/><G106/><T117/><D117/><U17/><E118/><V97/><F68/><W60/><G60/><T28/><D28/><U132/><E116/><V82/><F133/><W13/><G13/><T4/><D109/><U53/><E111/><V102/><F24/><W12/><G12/><N who="0" m="5159" /><D110/><U8/><E134/><V44/><F125/><W105/><G105/><T108/><D108/><U124/><E124/><V15/><F126/><W6/><G6/><T85/><D27/><U87/><E135/><V92/><REACH who="2" step="1"/><F15/><REACH who="2" ten="215,327,198,240" step="2"/><W80/><G80/><T96/><D18/><U70/><E81/><V95/><F95/><W11/><G11/><T62/><D41/><U104/><E40/><V129/><F129/><W5/><G5/><T127/><D43/><U65/><E93/><V26/><F26/><W69/><G69/><T63/><D127/><U35/><E70/><V48/><F48/><W52/><G52/><T73/><D63/><U55/><E132/><V23/><F23/><W39/><G39/><T103/><D62/><RYUUKYOKU ba="1,2" sc="215,-15,327,-15,198,15,240,15" hai2="42,44,51,72,75,82,89,90,92,94,97,99,102" hai3="14,16,19,21,22,25,49,50,54,59,61,76,83" /><INIT seed="2,2,2,3,4,129" ten="200,312,213,255" oya="2" hai0="38,68,46,29,70,98,44,54,73,27,119,133,43" hai1="91,63,78,96,5,127,107,106,99,128,34,126,42" hai2="71,74,114,80,37,135,50,62,25,55,16,61,110" hai3="124,103,85,26,9,14,22,66,81,115,113,77,116"/><V95/><F114/><N who="3" m="43531" /><G116/><T88/><D73/><U121/><E128/><V69/><F37/><W10/><G124/><N who="1" m="47658" /><E34/><V8/><F135/><W86/><G103/><T36/><D119/><U75/><E5/><V117/><F117/><W102/><G102/><T57/><D133/><U105/><E42/><V123/><F123/><W89/><G66/><T3/><D3/><U120/><E63/><V53/><F110/><W33/><G33/><T79/><D79/><U1/><E1/><V132/><F132/><W82/><G14/><T0/><D0/><U47/><E47/><V2/><F2/><W100/><G100/><T64/><D64/><U131/><E131/><V6/><F71/><W130/><G130/><T17/><D17/><AGARI ba="2,2" hai="9,10,17,22,26,77,81,82,85,86,89" m="43531" machi="17" ten="30,1000,0" yaku="11,1" doraHai="129" who="3" fromWho="0" sc="200,-16,312,0,213,0,255,36" /><INIT seed="3,0,0,5,2,19" ten="184,312,213,291" oya="3" hai0="32,103,106,129,69,36,39,62,58,104,45,44,108" hai1="81,48,84,20,54,82,101,27,78,63,122,28,31" hai2="43,9,55,33,95,65,37,118,124,110,96,83,94" hai3="51,117,52,24,21,86,14,38,97,22,109,70,6"/><W3/><G117/><T73/><D73/><U10/><E122/><V85/><F110/><W61/><G38/><T50/><D108/><U41/><E101/><V130/><F33/><W125/><G109/><T0/><D0/><U119/><E119/><V88/><F130/><W126/><G3/><T105/><D129/><U34/><E34/><V80/><F124/><N who="3" m="47723" /><G97/><T115/><D115/><U121/><E121/><V57/><F95/><W66/><G86/><T116/><D116/><U75/><E10/><V92/><F9/><N who="3" m="4407" /><G24/><T42/><D69/><U134/><E134/><V46/><F83/><W135/><G135/><T74/><D74/><U102/><E102/><V40/><F65/><W35/><G35/><T77/><D32/><U107/><E107/><V30/><F55/><W120/><G120/><T4/><D36/><U26/><E81/><V7/><F80/><W64/><G64/><T15/><D39/><U98/><E98/><V113/><F118/><W123/><G123/><T112/><D112/><U100/><E100/><V18/><F113/><W11/><G11/><T47/><D104/><U133/><E133/><V25/><F37/><W49/><G49/><T23/><D105/><U93/><E93/><V76/><F94/><W89/><G89/><T72/><D72/><U17/><E75/><V56/><F46/><AGARI ba="0,0" hai="21,22,46,51,52,61,66,70" m="4407,47723" machi="46" ten="30,11600,0" yaku="18,1,52,2,54,1" doraHai="19" who="3" fromWho="2" sc="184,0,312,0,213,-116,291,116" owari="184,-21.6,312,11.2,97,-40.3,407,50.7" /></mjloggm>