<mjloggm ver="2.3"><GO type="225" lobby="0"/><UN n0="%E3%83%8F%E3%83%B3%E3%83%89%E3%83%A9%E3%83%BC%E3%83%BB%E3%83%AF%E3%83%B3" n1="%E3%83%96%E3%83%83%E3%83%91%E3%82%AA%E3%83%96%E3%83%81%E3%82%AD%E3%83%B3" n2="%45%6C%79%73%69%75%6D" n3="%E5%91%A8%E6%9D%B1" dan="17,16,16,17" rate="2284.47,2215.19,2131.13,2184.04" sx="M,M,M,M"/><TAIKYOKU oya="0"/><INIT seed="0,0,0,4,0,28" ten="250,250,250,250" oya="0" hai0="73,34,26,31,130,83,121,49,42,63,100,41,8" hai1="114,62,16,92,68,94,93,72,59,6,7,45,14" hai2="23,21,39,84,1,80,15,97,86,115,12,123,5" hai3="48,98,43,101,112,135,96,99,118,54,10,120,78"/><T46/><D121/><U44/><E114/><V33/><F39/><W37/><G118/><T105/><D130/><U35/><E72/><V57/><F123/><W76/><G112/><T18/><D63/><U104/><E104/><V109/><F115/><W119/><G119/><T50/><D100/><U9/><E68/><V51/><F109/><W60/><G120/><T22/><D105/><U70/><E70/><V58/><F97/><W125/><G125/><T126/><D8/><U122/><E35/><V36/><F36/><W32/><G32/><T0/><D0/><U47/><REACH who="1" step="1"/><E122/><REACH who="1" ten="250,240,250,250" step="2"/><V113/><F33/><W40/><G101/><T27/><D126/><U102/><E102/><V91/><F113/><W82/><G135/><T55/><REACH who="0" step="1"/><D49/><REACH who="0" ten="240,240,250,250" step="2"/><U132/><E132/><V90/><F51/><W110/><G48/><T79/><AGARI ba="0,2" hai="18,22,26,27,31,34,41,42,46,50,55,73,79,83" machi="79" ten="30,11700,0" yaku="1,1,2,1,0,1,52,1,53,0" doraHai="28" doraHaiUra="127" who="0" fromWho="0" sc="240,137,240,-39,250,-39,250,-39" /><INIT seed="0,1,0,4,5,81" ten="377,201,211,211" oya="0" hai0="70,103,18,5,52,90,61,112,71,40,121,108,50" hai1="92,109,69,76,2,44,29,79,10,85,88,9,32" hai2="59,123,13,55,35,72,113,54,77,60,106,12,83" hai3="43,15,16,129,24,11,126,25,135,96,82,134,133"/><T53/><D112/><U95/><E69/><V51/><F113/><W120/><G129/><T62/><D121/><U127/><E109/><V94/><F106/><W93/><G120/><T78/><D108/><U22/><E127/><V122/><F35/><W20/><G126/><T107/><D5/><U46/><E32/><V128/><F128/><W26/><G82/><T101/><D78/><N who="1" m="29739" /><E2/><V117/><F117/><W114/><G43/><T132/><D132/><U99/><E29/><V87/><F12/><W89/><REACH who="3" step="1"/><G114/><REACH who="3" ten="377,201,211,201" step="2"/><T66/><D40/><U131/><E131/><V38/><F122/><W31/><AGARI ba="1,1" hai="11,15,16,20,24,25,26,31,89,93,96,133,134,135" machi="31" ten="30,8000,1" yaku="1,1,2,1,0,1,20,1,54,1,53,0" doraHai="81" doraHaiUra="118" who="3" fromWho="3" sc="377,-41,201,-21,211,-21,201,93" /><INIT seed="1,0,0,1,0,4" ten="336,180,190,294" oya="1" hai0="107,86,78,20,59,45,47,48,42,98,12,62,24" hai1="22,80,8,65,93,0,85,77,30,31,28,43,10" hai2="25,37,19,112,120,99,33,100,73,110,61,126,11" hai3="63,79,109,115,2,41,133,113,58,53,70,117,75"/><U71/><E0/><V81/><F120/><W128/><G2/><T95/><D107/><U104/><E104/><V40/><F110/><W52/><G79/><T16/><D47/><U39/><E39/><V36/><F126/><W121/><G75/><T135/><D135/><U119/><E119/><V64/><F112/><W38/><G121/><T87/><D78/><U92/><E43/><V34/><F34/><W5/><G5/><T118/><D118/><U131/><E131/><V83/><F83/><W124/><G117/><T51/><D51/><U130/><E130/><V49/><F49/><W97/><G97/><T116/><D24/><U129/><E129/><V134/><F134/><W55/><G128/><T111/><D111/><U32/><E32/><V54/><F54/><N who="3" m="34263" /><G133/><T9/><D20/><U125/><E125/><V44/><F37/><W66/><G109/><T89/><D116/><U91/><E22/><V26/><F73/><W60/><G124/><T84/><D98/><U46/><E46/><AGARI ba="0,0" hai="38,41,46,52,53,55,60,66,70,113,115" m="34263" machi="46" ten="30,3900,0" yaku="34,2,54,1" doraHai="4" who="3" fromWho="1" sc="336,0,180,-39,190,0,294,39" /><INIT seed="2,0,0,4,1,22" ten="336,141,190,333" oya="2" hai0="7,43,42,78,27,104,48,47,3,79,16,112,77" hai1="11,10,67,94,129,105,18,74,122,2,87,86,84" hai2="24,102,114,52,46,61,83,71,85,119,133,130,108" hai3="54,51,64,116,132,38,60,49,134,15,37,110,23"/><V75/><F119/><W56/><G15/><T14/><D104/><U29/><E105/><V111/><F114/><W31/><G116/><T120/><D120/><U106/><E106/><V5/><F75/><W59/><G110/><N who="2" m="42025" /><F133/><N who="3" m="51307" /><G23/><N who="0" m="13799" /><D3/><U66/><E122/><V30/><F130/><W81/><G81/><T50/><D112/><U98/><E129/><V39/><F102/><W69/><G31/><T21/><D21/><U91/><E74/><V127/><F127/><W115/><G115/><T62/><D62/><U25/><E2/><V58/><F5/><W123/><G123/><T90/><D90/><U57/><E18/><V93/><F93/><W88/><G88/><T41/><D47/><U4/><E57/><V80/><F71/><W89/><G89/><T65/><D65/><U28/><E28/><V33/><F85/><W53/><AGARI ba="0,0" hai="37,38,49,51,53,54,56,59,60,64,69" m="51307" machi="53" ten="30,4000,0" yaku="20,1,34,2" doraHai="22" who="3" fromWho="3" sc="336,-10,141,-10,190,-20,333,40" /><INIT seed="3,0,0,5,2,50" ten="326,131,170,373" oya="3" hai0="89,22,93,115,91,45,117,86,113,54,104,48,95" hai1="126,87,66,55,15,20,44,102,43,129,109,130,88" hai2="84,53,72,4,63,46,3,16,96,62,74,82,73" hai3="8,37,112,128,90,5,111,134,26,80,71,132,35"/><W77/><G112/><T101/><D117/><U98/><E109/><V27/><F96/><W7/><G37/><T103/><D104/><U23/><E66/><V12/><F27/><W107/><G71/><T57/><D115/><U110/><E110/><V92/><F92/><W39/><G39/><T40/><D113/><U6/><E126/><V65/><F4/><W127/><G127/><T36/><REACH who="0" step="1"/><D22/><REACH who="0" ten="316,131,170,373" step="2"/><U11/><E130/><V18/><F72/><W13/><G128/><T108/><D108/><U135/><E129/><V24/><F73/><W116/><G107/><T30/><D30/><U67/><E135/><V42/><F74/><W52/><G111/><T32/><D32/><U2/><E2/><V25/><F3/><W51/><G35/><T97/><AGARI ba="0,1" hai="36,40,45,48,54,57,86,89,91,93,95,97,101,103" machi="97" ten="20,5200,0" yaku="1,1,0,1,7,1,52,1,53,0" doraHai="50" doraHaiUra="59" who="0" fromWho="0" sc="316,62,131,-13,170,-13,373,-26" owari="378,47.8,118,-38.2,157,-24.3,347,14.7" /></mjloggm>