<mjloggm ver="2.3"><GO type="225" lobby="0"/><UN n0="%E3%81%BE%E3%81%A8%E3%81%9F" n1="%E3%81%BF%E3%81%BF%E3%81%9A" n2="%33%74%72%65%65" n3="%E3%81%8B%E3%82%8F%E3%81%A1%E3%82%83%E3%82%93%35%38" dan="16,17,16,16" rate="2073.05,2194.49,2086.38,2156.91" sx="M,M,F,M"/><TAIKYOKU oya="0"/><INIT seed="0,0,0,4,1,110" ten="250,250,250,250" oya="0" hai0="108,19,78,76,99,130,52,37,125,46,90,35,82" hai1="81,39,96,4,15,113,10,23,56,40,115,97,98" hai2="3,69,14,55,129,49,51,80,63,45,74,117,106" hai3="123,116,22,72,28,87,131,95,25,132,127,84,83"/><T0/><D130/><U67/><E81/><V126/><F3/><W94/><G116/><T103/><D35/><U57/><E23/><V122/><F106/><W36/><G36/><T68/><D68/><U89/><E89/><V27/><F117/><W21/><G72/><T11/><D125/><U128/><E128/><V109/><F109/><W79/><G131/><T38/><D38/><U53/><E67/><V32/><F129/><W17/><G127/><T42/><D108/><U112/><E53/><V133/><F133/><W34/><G132/><T135/><D135/><U12/><E12/><V62/><F69/><W30/><G123/><T41/><D41/><U73/><E73/><V6/><F122/><W118/><G118/><T119/><D119/><U24/><E24/><V47/><F126/><W105/><G105/><T33/><D33/><U43/><E39/><V16/><F6/><W31/><G34/><T100/><D100/><U93/><E93/><N who="3" m="35338" /><G87/><T111/><D111/><U29/><E29/><V64/><F64/><W85/><G85/><N who="0" m="50487" /><D0/><U77/><E77/><V60/><F32/><W66/><G66/><T61/><D78/><U5/><E4/><V107/><F107/><W59/><G59/><AGARI ba="0,0" hai="5,10,15,40,43,56,57,59,96,97,98,112,113,115" machi="59" ten="50,8000,1" yaku="11,1,52,3" doraHai="110" who="1" fromWho="3" sc="250,0,250,80,250,0,250,-80" /><INIT seed="1,0,0,0,1,108" ten="250,330,250,170" oya="1" hai0="87,125,83,6,13,81,82,25,10,27,28,21,47" hai1="92,79,3,12,0,41,18,117,35,39,72,126,84" hai2="64,51,75,70,78,128,46,107,57,135,14,96,1" hai3="101,116,118,120,123,109,85,131,133,36,113,103,17"/><U48/><E117/><N who="3" m="45162" /><G36/><T66/><D125/><U55/><E35/><V76/><F1/><W45/><G45/><T112/><D112/><U124/><E39/><V31/><F70/><W26/><G26/><T102/><D102/><N who="3" m="38921" /><G17/><T40/><D66/><U33/><E41/><V53/><F14/><W129/><G109/><T134/><D134/><U97/><E72/><V110/><F135/><W60/><G60/><T24/><REACH who="0" step="1"/><D87/><REACH who="0" ten="240,330,250,170" step="2"/><U93/><E84/><V29/><F64/><W19/><G133/><T77/><D77/><U11/><E79/><V104/><F78/><W15/><G85/><T61/><D61/><U91/><E126/><V32/><F76/><W127/><G127/><T95/><D95/><U42/><E93/><V114/><F110/><W2/><G2/><T43/><D43/><U7/><E124/><V56/><F75/><W100/><N who="3" m="38929" /><W37/><DORA hai="80" /><G37/><AGARI ba="0,1" hai="6,10,13,21,24,25,27,28,37,40,47,81,82,83" machi="37" ten="40,2600,0" yaku="1,1,53,1" doraHai="108,80" doraHaiUra="122,68" who="0" fromWho="3" sc="240,36,330,0,250,0,170,-26" /><INIT seed="2,0,0,2,2,77" ten="276,330,250,144" oya="2" hai0="75,91,42,44,107,104,85,105,135,98,71,8,13" hai1="126,120,80,63,134,84,43,121,7,83,101,82,32" hai2="2,133,5,125,124,38,93,90,119,94,30,73,86" hai3="26,68,46,72,111,61,74,41,108,29,49,20,16"/><V14/><F119/><W130/><G130/><T47/><D71/><U37/><E126/><N who="2" m="48747" /><F133/><W106/><G106/><T109/><D75/><U55/><E134/><V122/><F122/><N who="1" m="47209" /><E32/><V56/><F38/><W31/><G72/><T64/><D64/><U96/><E7/><V4/><F2/><W23/><G74/><T11/><D44/><N who="1" m="23663" /><E55/><V10/><F73/><W17/><G68/><T27/><D27/><U21/><E21/><V92/><F30/><W97/><G97/><T67/><D98/><U9/><E9/><V116/><F116/><W12/><REACH who="3" step="1"/><G61/><REACH who="3" ten="276,330,250,134" step="2"/><T36/><D107/><N who="1" m="63911" /><E63/><V18/><F56/><W40/><G40/><T118/><D105/><U127/><E127/><V81/><AGARI ba="0,1" hai="4,5,10,14,18,81,86,90,92,93,94" m="48747" machi="81" ten="30,3000,0" yaku="18,1,52,1" doraHai="77" who="2" fromWho="2" sc="276,-10,330,-10,250,40,134,-10" /><INIT seed="2,1,0,1,4,34" ten="266,320,290,124" oya="2" hai0="125,32,67,110,72,96,71,84,1,79,19,0,44" hai1="126,53,85,95,124,74,129,25,46,63,69,23,135" hai2="94,43,30,41,105,16,18,51,83,123,55,4,12" hai3="35,45,15,122,24,88,6,36,52,57,37,92,77"/><V3/><F105/><W115/><G122/><T49/><D32/><U120/><E74/><V80/><F123/><W27/><G115/><T134/><D72/><U26/><E120/><V39/><F39/><W17/><G77/><T60/><D110/><U14/><E129/><V103/><F30/><W91/><G6/><T40/><D125/><N who="1" m="48235" /><E135/><V107/><F107/><W112/><G112/><T130/><D130/><U38/><E69/><V121/><F121/><W21/><G91/><T48/><D134/><U127/><E127/><V86/><F3/><W93/><G92/><T118/><D118/><U56/><E14/><V97/><F4/><W76/><G76/><T117/><D117/><U113/><E113/><V132/><F132/><W29/><G45/><T111/><D111/><U42/><E23/><N who="2" m="11655" /><F18/><W102/><G102/><T65/><D19/><U100/><E85/><V62/><F62/><W47/><G47/><T89/><D48/><U114/><E114/><V28/><F28/><W2/><G2/><T104/><D104/><U128/><E128/><V66/><F66/><W78/><G78/><T109/><D109/><U68/><E68/><V13/><F13/><W70/><G70/><T108/><D108/><U64/><E64/><V82/><F86/><N who="3" m="52375" /><G24/><T133/><D133/><U7/><E7/><V22/><F22/><W9/><G9/><T61/><D79/><U73/><E73/><V87/><F87/><W81/><G81/><T90/><D96/><AGARI ba="1,0" hai="25,26,38,42,46,53,56,63,95,96,100" m="48235" machi="96" ten="30,1000,0" yaku="18,1" doraHai="34" who="1" fromWho="0" sc="266,-13,320,13,290,0,124,0" /><INIT seed="3,0,0,0,1,107" ten="253,333,290,124" oya="3" hai0="117,61,52,72,11,19,44,0,48,100,36,8,127" hai1="126,34,67,59,110,26,5,1,71,111,116,97,98" hai2="51,30,79,63,92,91,82,14,50,40,131,43,18" hai3="135,23,87,62,7,53,38,17,29,49,121,109,133"/><W39/><G121/><T20/><D117/><U35/><E71/><V122/><F131/><W33/><G7/><T105/><D36/><N who="3" m="13865" /><G109/><N who="1" m="41482" /><E126/><V94/><F122/><W25/><G87/><T125/><D0/><U13/><E116/><V130/><F130/><W106/><G62/><T80/><D100/><U132/><E132/><N who="3" m="50762" /><G106/><T128/><D105/><U9/><E1/><V28/><F63/><W103/><G103/><T10/><D61/><N who="1" m="38335" /><E26/><V73/><F79/><W88/><G88/><T47/><D128/><U3/><E3/><V31/><F91/><W124/><G124/><T60/><D60/><U56/><E56/><V129/><F129/><W57/><G17/><T41/><D47/><U65/><E65/><V108/><F18/><W74/><G33/><AGARI ba="0,0" hai="5,9,13,33,34,35,97,98" m="38335,41482" machi="33" ten="30,1000,0" yaku="14,1" doraHai="107" who="1" fromWho="3" sc="253,0,333,10,290,0,124,-10" owari="253,-14.7,343,44.3,290,9.0,114,-38.6" /></mjloggm>