<mjloggm ver="2.3"><GO type="225" lobby="0"/><UN n0="%E6%B4%BE%E9%81%A3%E3%81%AE%E3%82%B8%E3%83%A3%E3%83%83%E3%82%AF" n1="%E3%83%B4%E3%83%A0%EF%BC%99%E3%81%A6" n2="%E3%83%A9%E3%82%B9%E7%8E%87%EF%BC%93%E5%89%B2" n3="%E7%89%B9%E6%9D%B1%E3%81%AF%E4%B8%96%E7%95%8C%E3%82%92%E6%95%91%E3%81%86" dan="17,16,16,16" rate="2194.18,2146.31,2224.17,2169.03" sx="M,M,F,M"/><TAIKYOKU oya="0"/><INIT seed="0,0,0,3,5,121" ten="250,250,250,250" oya="0" hai0="8,113,93,110,69,74,87,66,14,107,51,100,116" hai1="123,12,85,58,131,57,83,94,101,102,0,27,97" hai2="6,72,5,125,95,81,108,122,33,11,118,50,103" hai3="111,75,109,40,30,91,39,96,22,42,127,115,1"/><T133/><D113/><U117/><E123/><V77/><F33/><W31/><G115/><T47/><D74/><U26/><E117/><V65/><F122/><W52/><G75/><T17/><D116/><U134/><E0/><V86/><F65/><W128/><G1/><T19/><D133/><U99/><E134/><V4/><F125/><W114/><G114/><T32/><D32/><U119/><E119/><V59/><F118/><W34/><G34/><T29/><D29/><N who="3" m="10761" /><G39/><T63/><D107/><U18/><E131/><V89/><F59/><W54/><G22/><T53/><D100/><U73/><E73/><V3/><F50/><W25/><G25/><T49/><D49/><U24/><E97/><V7/><REACH who="2" step="1"/><F103/><REACH who="2" ten="250,250,240,250" step="2"/><W88/><G127/><T80/><D66/><U23/><REACH who="1" step="1"/><E102/><REACH who="1" ten="250,240,240,250" step="2"/><V104/><F104/><W120/><G120/><T64/><D69/><U84/><E84/><V105/><F105/><W43/><G128/><T79/><D87/><U90/><AGARI ba="0,2" hai="12,18,23,24,26,27,57,58,83,85,90,94,99,101" machi="90" ten="30,4000,0" yaku="1,1,0,1,8,1,53,0" doraHai="121" doraHaiUra="35" who="1" fromWho="1" sc="250,-20,240,60,240,-10,250,-10" /><INIT seed="1,0,0,3,0,90" ten="230,300,230,240" oya="1" hai0="25,26,51,40,83,74,126,53,71,58,6,118,67" hai1="123,46,48,128,10,57,49,54,96,68,52,107,104" hai2="73,120,42,127,47,134,9,87,79,7,131,28,27" hai3="94,23,38,24,101,0,14,133,84,98,111,55,110"/><U100/><E123/><V85/><F131/><W34/><G0/><T119/><D6/><U11/><E128/><V132/><F127/><W12/><G133/><N who="2" m="51305" /><F120/><W16/><G38/><T32/><D126/><U116/><E116/><V50/><F73/><W19/><G55/><T15/><D15/><U135/><E135/><V43/><F79/><W62/><G62/><T113/><D113/><U31/><E68/><V21/><F43/><W105/><G34/><T29/><D26/><U64/><E64/><V59/><F59/><W37/><G37/><T44/><D83/><U122/><E122/><V65/><F65/><W129/><G129/><T99/><D99/><U69/><E69/><V92/><F92/><W125/><G125/><T35/><D74/><U60/><E60/><V61/><F61/><W130/><G130/><T95/><D35/><U80/><E104/><V91/><F91/><N who="3" m="53607" /><G16/><T41/><D41/><U75/><REACH who="1" step="1"/><E31/><REACH who="1" ten="230,290,230,240" step="2"/><V124/><F124/><W66/><G66/><T115/><D67/><U1/><E1/><AGARI ba="0,1" hai="1,7,9,21,27,28,42,47,50,85,87" m="51305" machi="1" ten="30,1000,0" yaku="20,1" doraHai="90" who="2" fromWho="1" sc="230,0,290,-10,230,20,240,0" /><INIT seed="2,0,0,3,3,132" ten="230,280,250,240" oya="2" hai0="120,82,23,6,125,80,107,104,10,28,124,25,109" hai1="83,3,59,26,37,43,46,87,92,58,57,48,113" hai2="32,17,1,49,131,34,53,47,90,24,45,63,11" hai3="5,89,70,54,52,110,79,76,15,44,36,128,99"/><V30/><F131/><W55/><G128/><T97/><D120/><U40/><E3/><V118/><F118/><W91/><G70/><T84/><D109/><U88/><E113/><V121/><F121/><W19/><G110/><T56/><D56/><U111/><E111/><V29/><F63/><W8/><G36/><T35/><D35/><U122/><E122/><V9/><F90/><N who="3" m="34315" /><G99/><T86/><D97/><U129/><E129/><V68/><F68/><W38/><G38/><T93/><D93/><U31/><E92/><V78/><F78/><N who="3" m="29739" /><G5/><T112/><D112/><U95/><E95/><V135/><F1/><W134/><G134/><T42/><D42/><U101/><E101/><V51/><F135/><W61/><G61/><T133/><D133/><U22/><REACH who="1" step="1"/><E40/><REACH who="1" ten="230,270,250,240" step="2"/><V12/><F34/><W100/><G100/><T72/><D72/><U14/><E14/><V105/><F32/><W81/><G81/><N who="0" m="31339" /><D107/><U74/><E74/><V39/><F105/><W127/><G127/><N who="0" m="48715" /><D104/><U65/><E65/><V75/><F75/><W2/><G2/><AGARI ba="0,1" hai="2,6,10,23,25,28,84,86" m="48715,31339" machi="2" ten="30,7700,0" yaku="18,1,52,3" doraHai="132" who="0" fromWho="3" sc="230,87,270,0,250,0,240,-77" /><INIT seed="3,0,0,3,4,71" ten="317,270,250,163" oya="3" hai0="78,67,23,111,135,13,60,68,16,1,6,57,92" hai1="33,39,12,47,5,3,121,97,124,122,125,108,132" hai2="40,83,98,107,128,100,29,106,17,36,76,63,53" hai3="52,4,94,131,14,42,77,0,45,9,127,25,119"/><W120/><G131/><T46/><D111/><U59/><E12/><V114/><F114/><W75/><G127/><N who="1" m="48714" /><E59/><V22/><F128/><W28/><G119/><T51/><D135/><U95/><E132/><V87/><F29/><W44/><G120/><N who="1" m="46186" /><E33/><V109/><F109/><W24/><G94/><T50/><D68/><U133/><E133/><V123/><F123/><W86/><G86/><T117/><D117/><U104/><E108/><V101/><F53/><W62/><G14/><T64/><D64/><U55/><E55/><V41/><F63/><W116/><G116/><T69/><D69/><U84/><E84/><V31/><F31/><W58/><G28/><T72/><D46/><U96/><E104/><V129/><F129/><W73/><G45/><T56/><D56/><U19/><E19/><V93/><F101/><W34/><G34/><T74/><D6/><U61/><E61/><V105/><REACH who="2" step="1"/><F36/><REACH who="2" ten="317,270,240,163" step="2"/><N who="3" m="21575" /><G73/><T103/><D72/><U32/><E32/><V85/><F85/><W27/><G27/><AGARI ba="0,1" hai="17,22,27,40,41,76,83,87,93,98,100,105,106,107" machi="27" ten="40,2600,0" yaku="1,1,53,1" doraHai="71" doraHaiUra="79" who="2" fromWho="3" sc="317,0,270,0,240,36,163,-26" owari="317,41.7,270,-13.0,276,7.6,137,-36.3" /></mjloggm>