<mjloggm ver="2.3"><GO type="225" lobby="0"/><UN n0="%70%68%65%6E%6F%6D%65" n1="%E3%83%96%E3%83%83%E3%83%91%E3%82%AA%E3%83%96%E3%83%81%E3%82%AD%E3%83%B3" n2="%E3%81%A9%E3%82%93%E3%82%88%E3%81%8F%4D%6B%2E%32" n3="%E3%81%8B%E3%82%8F%E3%81%A1%E3%82%83%E3%82%93%35%38" dan="16,16,16,16" rate="2172.45,2130.48,2122.44,2159.42" sx="M,M,M,M"/><TAIKYOKU oya="0"/><INIT seed="0,0,0,3,2,36" ten="250,250,250,250" oya="0" hai0="111,48,13,28,133,62,130,56,118,128,31,125,5" hai1="44,104,70,0,92,115,132,19,78,117,46,127,86" hai2="7,3,64,119,34,43,58,113,35,21,85,67,84" hai3="51,135,18,98,15,95,90,1,93,100,55,76,42"/><T57/><D118/><U110/><E117/><V16/><F119/><W25/><G135/><T23/><D133/><U38/><E104/><V102/><F113/><W105/><G1/><T103/><D103/><U121/><E132/><V59/><F3/><W27/><G76/><T12/><D48/><U52/><E70/><V22/><F7/><W80/><G80/><T88/><D125/><U61/><E0/><V47/><F102/><W97/><G105/><T8/><D111/><U126/><E121/><V101/><F101/><W50/><G42/><T68/><D68/><U87/><E110/><V65/><F22/><W114/><G51/><T94/><D57/><N who="2" m="21514" /><F34/><W112/><G112/><T39/><D39/><U89/><E38/><V75/><F35/><W81/><G81/><T131/><D13/><U71/><E71/><V83/><F75/><W40/><G40/><T96/><REACH who="0" step="1"/><D23/><REACH who="0" ten="240,250,250,250" step="2"/><U60/><E115/><V49/><F83/><W109/><G109/><T10/><D10/><U66/><E126/><V73/><F73/><W41/><G114/><T122/><D122/><U29/><E127/><V33/><F33/><W9/><REACH who="3" step="1"/><G41/><REACH who="3" ten="240,250,250,240" step="2"/><T17/><D17/><U72/><E19/><V82/><F82/><W74/><G74/><T134/><D134/><U69/><E72/><V24/><AGARI ba="0,2" hai="16,21,24,43,47,49,64,65,67,84,85" m="21514" machi="24" ten="30,4000,0" yaku="8,1,52,1,54,1" doraHai="36" who="2" fromWho="2" sc="240,-20,250,-10,250,60,240,-10" /><INIT seed="1,0,0,2,4,38" ten="220,240,310,230" oya="1" hai0="27,120,134,29,116,135,50,63,112,95,39,23,72" hai1="52,125,102,98,44,83,130,14,108,129,57,6,78" hai2="46,103,70,107,126,36,76,30,127,94,2,79,73" hai3="48,80,35,122,15,105,11,53,7,111,121,45,68"/><U0/><E0/><V13/><F2/><W88/><G111/><T65/><D112/><U67/><E125/><N who="2" m="47627" /><F70/><W90/><G105/><T8/><D116/><U17/><E6/><V31/><F13/><W59/><G35/><T28/><D39/><U4/><E4/><V99/><F107/><W51/><G68/><T86/><D72/><U58/><E108/><V49/><F36/><W21/><G21/><T101/><D120/><U104/><E67/><V91/><F91/><W54/><REACH who="3" step="1"/><G80/><REACH who="3" ten="220,240,310,220" step="2"/><T115/><D135/><U89/><E130/><V62/><F62/><W37/><G37/><T123/><D134/><U96/><E129/><V75/><F75/><W25/><G25/><T24/><D27/><U87/><E104/><V128/><F128/><W20/><G20/><T66/><D23/><U32/><E32/><V113/><F113/><W74/><G74/><T114/><D24/><U71/><E71/><V97/><F73/><W55/><G55/><T9/><D63/><U10/><E52/><N who="2" m="29751" /><F99/><W43/><G43/><T117/><D115/><U40/><E98/><V5/><F30/><W131/><G131/><T82/><D114/><U33/><E96/><V56/><F31/><W69/><G69/><T119/><D29/><U19/><E83/><V92/><F97/><W109/><G109/><T106/><D28/><U133/><E133/><V110/><F110/><W41/><G41/><T100/><D106/><U22/><E40/><V60/><F60/><W124/><G124/><T3/><D82/><U34/><E34/><V132/><F132/><W81/><G81/><T93/><D117/><RYUUKYOKU ba="0,1" sc="220,-10,240,-10,310,-10,220,30" hai3="7,11,15,45,48,51,53,54,59,88,90,121,122" /><INIT seed="2,1,1,2,4,119" ten="210,230,300,250" oya="2" hai0="70,47,42,53,120,4,100,74,48,108,3,50,94" hai1="30,62,115,133,22,128,67,76,123,45,90,39,129" hai2="35,93,1,32,12,99,79,95,37,66,97,83,124" hai3="87,0,88,104,84,10,134,69,9,24,46,13,73"/><V130/><F1/><W26/><G73/><T110/><D74/><U61/><E115/><V135/><F37/><W80/><G134/><T58/><D4/><U33/><E33/><V64/><F135/><W121/><G121/><T82/><D3/><U19/><E133/><V122/><F122/><W72/><G72/><T17/><D82/><U41/><E30/><V11/><F124/><W18/><G69/><T40/><D70/><U77/><E123/><V109/><F130/><N who="1" m="50281" /><E90/><V14/><F83/><W118/><G104/><T21/><D120/><U7/><E7/><V132/><F132/><W54/><G118/><T85/><D42/><U65/><E62/><V31/><F31/><W20/><G87/><T75/><D75/><U96/><E96/><V103/><F11/><N who="3" m="4107" /><G0/><T55/><D40/><U15/><E67/><V131/><F131/><W78/><G78/><T59/><D47/><U92/><E92/><V81/><F81/><W57/><G46/><T43/><D43/><U60/><E61/><AGARI ba="1,1" hai="13,18,20,24,26,54,57,61,80,84,88" m="4107" machi="61" ten="30,2000,0" yaku="8,1,54,1" doraHai="119" who="3" fromWho="1" sc="210,0,230,-23,300,0,250,33" /><INIT seed="3,0,0,0,1,63" ten="210,207,300,283" oya="3" hai0="56,128,85,102,73,126,125,22,96,123,100,45,52" hai1="41,80,98,72,67,44,64,60,19,81,83,94,78" hai2="119,36,5,79,14,11,75,37,127,115,116,86,90" hai3="29,99,38,133,13,53,31,135,117,132,2,3,40"/><W24/><G117/><T33/><D33/><U55/><E19/><V32/><F32/><W108/><G108/><T51/><D123/><U87/><E55/><V113/><F75/><W6/><G53/><T84/><D73/><U61/><E61/><V47/><F79/><W91/><G38/><T97/><D128/><U122/><E122/><V50/><F127/><N who="0" m="48650" /><D22/><U18/><E18/><V30/><F30/><N who="3" m="11275" /><G40/><T134/><D134/><N who="3" m="34305" /><W77/><DORA hai="107" /><G77/><T34/><D34/><U88/><E60/><V62/><F62/><W8/><G24/><T118/><D118/><U93/><E93/><AGARI ba="0,0" hai="2,3,6,8,13,91,93,99" m="34305,11275" machi="93" ten="40,2000,0" yaku="20,1" doraHai="63,107" who="3" fromWho="1" sc="210,0,207,-20,300,0,283,20" owari="210,-19.0,187,-31.3,300,10.0,303,40.3" /></mjloggm>