<mjloggm ver="2.3"><GO type="225" lobby="0"/><UN n0="%E6%81%A5%E6%99%92%E3%81%97" n1="%4C%4F%4C%49%54%41" n2="%E7%9A%AE%E3%80%85" n3="%E3%82%BC%E3%83%AB%E3%83%80%E3%81%AE%E4%BC%9D%E8%AA%AC" dan="16,16,16,17" rate="2215.84,2202.87,2083.84,2187.98" sx="M,F,F,M"/><TAIKYOKU oya="0"/><INIT seed="0,0,0,0,2,89" ten="250,250,250,250" oya="0" hai0="63,92,79,114,104,133,105,70,59,58,125,93,123" hai1="6,107,19,95,83,71,119,33,20,86,106,55,56" hai2="18,77,15,22,21,8,44,98,94,131,110,29,127" hai3="32,99,27,45,129,54,26,78,102,65,34,37,47"/><T74/><D114/><U84/><E119/><V35/><F110/><W4/><G129/><T87/><D70/><U116/><E71/><V124/><F131/><W130/><G130/><T39/><D39/><U132/><E33/><V53/><F77/><W12/><G65/><T126/><D123/><U76/><E116/><V88/><F35/><W120/><G78/><T43/><D43/><U1/><E1/><V122/><F122/><W66/><G66/><T75/><D133/><U50/><E6/><V52/><F44/><W64/><G64/><T68/><D68/><U97/><E132/><V48/><F48/><W72/><G72/><N who="0" m="27691" /><D79/><U113/><E113/><V28/><F28/><W7/><G12/><T25/><D25/><U0/><E0/><V128/><F128/><W135/><G135/><T40/><D40/><U49/><E49/><V134/><F134/><W42/><G120/><T13/><D87/><U24/><REACH who="1" step="1"/><E84/><REACH who="1" ten="250,240,250,250" step="2"/><V109/><F109/><W5/><G34/><T118/><D118/><U69/><E69/><V2/><F2/><W82/><G32/><T36/><D36/><U16/><E16/><V117/><F117/><W30/><G37/><T103/><D63/><U3/><E3/><V14/><F29/><W10/><G30/><T100/><D125/><N who="2" m="48202" /><F21/><W121/><G121/><T96/><D126/><U73/><E73/><V11/><F22/><W9/><G9/><T81/><D13/><U23/><E23/><V90/><F90/><AGARI ba="0,1" hai="19,20,24,50,55,56,76,83,86,90,95,97,106,107" machi="90" ten="30,7700,0" yaku="1,1,7,1,52,1,53,1" doraHai="89" doraHaiUra="51" who="1" fromWho="2" sc="250,0,240,87,250,-77,250,0" /><INIT seed="1,0,0,5,1,95" ten="250,327,173,250" oya="1" hai0="60,26,96,12,124,135,90,29,50,25,85,67,49" hai1="130,14,63,48,52,126,98,82,18,34,121,117,123" hai2="22,81,91,7,129,115,51,92,86,59,45,66,1" hai3="46,28,19,5,119,107,32,55,113,37,57,134,104"/><U3/><E117/><V88/><F129/><W27/><G113/><T72/><D124/><U64/><E34/><V100/><F115/><W122/><G122/><T42/><D135/><U6/><E130/><V35/><F35/><W33/><G134/><T24/><D72/><U94/><E126/><V40/><F100/><W79/><G119/><T61/><D29/><U39/><E39/><V62/><F22/><W110/><G110/><T9/><D42/><U20/><E82/><V69/><F1/><W120/><G120/><T125/><D125/><U53/><E53/><V11/><F7/><W99/><G5/><T80/><D96/><U106/><E106/><V21/><F21/><W58/><G32/><T101/><D101/><U4/><E3/><V118/><F118/><W111/><G111/><T109/><D109/><U68/><E123/><V23/><F23/><W75/><G19/><N who="0" m="8591" /><D67/><U8/><E8/><V47/><F47/><W30/><G30/><T78/><D78/><U71/><E71/><V73/><F11/><W87/><G75/><T38/><D38/><U105/><E105/><N who="3" m="40522" /><G99/><T10/><D10/><U97/><E97/><V17/><F17/><W131/><G131/><T112/><D112/><U103/><REACH who="1" step="1"/><E121/><REACH who="1" ten="250,317,173,250" step="2"/><V16/><F69/><W83/><G37/><T84/><D80/><U116/><E116/><V56/><F73/><W132/><G132/><T76/><D85/><U74/><E74/><V70/><REACH who="2" step="1"/><F16/><REACH who="2" ten="250,317,163,250" step="2"/><W127/><G127/><T102/><D102/><U89/><E89/><V0/><F0/><W77/><G77/><T13/><D76/><U15/><E15/><RYUUKYOKU ba="0,2" sc="250,-30,317,10,163,10,250,10" hai1="4,6,14,18,20,48,52,63,64,68,94,98,103" hai2="40,45,51,56,59,62,66,70,81,86,88,91,92" hai3="27,28,33,46,55,57,58,79,83,87" /><INIT seed="1,1,2,3,2,37" ten="220,327,173,260" oya="1" hai0="23,75,38,133,15,78,54,42,32,53,22,6,134" hai1="82,52,69,125,44,87,9,62,36,21,43,107,11" hai2="57,8,88,100,80,20,65,4,40,127,83,130,112" hai3="109,14,132,79,27,0,30,24,118,85,91,99,61"/><U77/><E107/><V135/><F135/><N who="0" m="51722" /><D32/><U111/><E125/><V66/><F127/><W60/><G0/><T124/><D124/><U41/><E111/><V96/><F130/><W7/><G132/><T115/><D115/><U55/><E69/><V19/><F112/><W10/><G109/><T33/><D33/><U16/><E55/><N who="0" m="21001" /><D6/><U17/><E17/><V68/><F68/><W12/><G118/><T103/><D103/><U97/><E97/><V92/><F100/><W114/><G114/><T119/><D119/><U72/><E72/><V95/><F95/><N who="3" m="56831" /><G14/><T46/><D15/><N who="1" m="9375" /><E36/><V113/><F113/><W116/><G116/><T94/><D94/><U102/><E102/><V101/><F101/><W71/><G71/><T90/><D90/><U81/><E82/><AGARI ba="1,2" hai="22,23,38,42,46,75,78,82" m="21001,51722" machi="82" ten="30,2000,0" yaku="20,1,52,1" doraHai="37" who="0" fromWho="1" sc="220,43,327,-23,173,0,260,0" /><INIT seed="2,0,0,3,3,135" ten="263,304,173,260" oya="2" hai0="54,0,47,67,101,1,72,14,16,52,69,49,63" hai1="111,23,90,80,57,81,27,118,127,8,116,133,88" hai2="4,17,9,106,12,97,41,24,19,122,13,129,31" hai3="83,43,102,58,2,117,115,109,7,22,84,100,71"/><V74/><F74/><W53/><G117/><T68/><D72/><U93/><E133/><V94/><F106/><W5/><G71/><T25/><D69/><U26/><E111/><V134/><F134/><W48/><G109/><T85/><D25/><U112/><E112/><V6/><F129/><W91/><G115/><T103/><D54/><U3/><E127/><V65/><F65/><W33/><G33/><T119/><D119/><U121/><E121/><V39/><F122/><W132/><G132/><T62/><D62/><U98/><E26/><V10/><F41/><W105/><G2/><T50/><D50/><U113/><E113/><V92/><F39/><W61/><G105/><T123/><D123/><U130/><E130/><V37/><F37/><W86/><G22/><T35/><D35/><U21/><E21/><N who="2" m="15759" /><F94/><N who="3" m="54631" /><G43/><T125/><D125/><U128/><E128/><V15/><F92/><W18/><G18/><N who="2" m="6665" /><F97/><W51/><G7/><AGARI ba="0,0" hai="4,6,7,9,10,12,13,15" m="6665,15759" machi="7" ten="30,18000,2" yaku="8,1,35,5" doraHai="135" who="2" fromWho="3" sc="263,0,304,0,173,180,260,-180" /><INIT seed="2,1,0,1,3,72" ten="263,304,353,80" oya="2" hai0="120,19,41,9,65,68,129,58,67,77,75,12,38" hai1="26,91,6,109,70,62,7,76,27,131,117,34,116" hai2="43,111,32,40,119,84,48,56,112,99,69,105,60" hai3="51,118,96,15,44,130,71,133,122,42,61,1,13"/><V83/><F112/><W114/><G1/><T45/><D120/><U106/><E106/><V5/><F119/><W64/><G118/><T78/><D75/><U128/><E109/><V115/><F115/><W14/><G122/><T79/><D129/><N who="1" m="49739" /><E91/><V92/><F32/><W82/><G130/><T88/><D68/><U0/><E70/><V8/><F105/><W103/><G114/><T81/><REACH who="0" step="1"/><D58/><REACH who="0" ten="253,304,353,80" step="2"/><U11/><E116/><V18/><F69/><W35/><G133/><T134/><D134/><U125/><E117/><V33/><F56/><W74/><G35/><T127/><D127/><U46/><E34/><V2/><F33/><W55/><G42/><T73/><D73/><U59/><E59/><V66/><F43/><W3/><G3/><T63/><D63/><U95/><E62/><V20/><F60/><W24/><G24/><T110/><D110/><U135/><E125/><V53/><F111/><W25/><G25/><T31/><D31/><U57/><E57/><V37/><F40/><W90/><G74/><T54/><D54/><U100/><E135/><V101/><F53/><W47/><G47/><T108/><D108/><U85/><E46/><V29/><F29/><W4/><G4/><T113/><D113/><U36/><E7/><V123/><F5/><W17/><G17/><T121/><D121/><U86/><E27/><V22/><F18/><W10/><G10/><T21/><D21/><U102/><E26/><V28/><F8/><W80/><REACH who="3" step="1"/><G90/><REACH who="3" ten="253,304,353,70" step="2"/><T16/><D16/><U30/><E11/><V93/><F2/><W94/><AGARI ba="1,2" hai="13,14,15,44,51,55,61,64,71,80,82,94,96,103" machi="94" ten="30,4000,0" yaku="1,1,2,1,0,1,53,0" doraHai="72" doraHaiUra="104" who="3" fromWho="3" sc="253,-11,304,-11,353,-21,70,63" /><INIT seed="3,0,0,0,3,14" ten="242,293,332,133" oya="3" hai0="121,54,36,43,130,81,44,68,1,52,8,93,46" hai1="94,117,110,60,45,59,7,109,97,111,29,30,134" hai2="102,115,38,0,67,6,25,112,5,32,49,101,88" hai3="80,132,127,62,74,113,21,33,95,114,131,26,48"/><W61/><G33/><T57/><D121/><U122/><E122/><V82/><F38/><W78/><G127/><T125/><D125/><U100/><E134/><V96/><F67/><W75/><G132/><T99/><D68/><U87/><E117/><V28/><F49/><W71/><G131/><T70/><D70/><U2/><E45/><V12/><F0/><W107/><G107/><T35/><D35/><U39/><E39/><V19/><F102/><W129/><G129/><T22/><D22/><U27/><E27/><V42/><F42/><W24/><G74/><T31/><D31/><U3/><E2/><V116/><F116/><W83/><G26/><T128/><D46/><U89/><E7/><V13/><F13/><W51/><G95/><T106/><D81/><U10/><E10/><N who="2" m="6551" /><F115/><W120/><G83/><T108/><D106/><N who="1" m="63759" /><E3/><V98/><F112/><N who="3" m="43115" /><G120/><T79/><D1/><U66/><AGARI ba="0,0" hai="29,30,59,60,66,87,89,94,109,110,111" m="63759" machi="66" ten="30,1100,0" yaku="14,1" doraHai="14" who="1" fromWho="1" sc="242,-3,293,11,332,-3,133,-5" owari="239,-16.1,304,10.4,329,42.9,128,-37.2" /></mjloggm>