<mjloggm ver="2.3"><GO type="225" lobby="0"/><UN n0="%72%65%6E%6B%75%6E" n1="%E4%B8%8B%E6%AE%B5%E3%83%81%E3%82%A7%E3%83%AA%E3%83%BC" n2="%72%69%6F%75%63%68%61%6E" n3="%6D%61%74%69%67%75%73%61" dan="17,16,16,17" rate="2184.47,2160.17,2147.68,2125.48" sx="M,M,M,M"/><TAIKYOKU oya="0"/><INIT seed="0,0,0,3,3,65" ten="250,250,250,250" oya="0" hai0="32,77,97,89,41,56,119,103,99,116,81,51,21" hai1="76,50,10,135,26,62,134,11,95,72,128,70,47" hai2="6,86,44,19,106,13,54,52,107,64,48,8,133" hai3="15,45,104,55,42,28,102,118,75,29,27,111,16"/><T112/><D32/><U4/><E128/><V61/><F133/><N who="1" m="50697" /><E26/><V113/><F113/><W78/><G118/><T69/><D69/><U109/><E109/><V108/><F108/><W132/><G111/><T74/><D112/><U25/><E25/><V2/><F86/><W17/><G55/><T53/><D41/><N who="1" m="24943" /><E95/><V7/><F54/><W35/><G28/><T120/><D120/><U33/><E33/><V40/><F40/><W90/><G27/><T30/><D89/><U114/><E114/><V121/><F121/><W98/><G90/><T110/><D110/><U23/><E23/><V80/><F80/><W18/><G29/><T124/><D21/><U101/><E101/><V46/><F46/><W22/><G35/><T5/><D30/><U12/><E10/><V39/><F39/><W36/><G132/><T67/><D119/><U63/><E70/><V71/><REACH who="2" step="1"/><F7/><REACH who="2" ten="250,250,240,250" step="2"/><W9/><G36/><T34/><D5/><U0/><E0/><V82/><F82/><AGARI ba="0,1" hai="4,11,12,62,63,72,76,82" m="24943,50697" machi="82" ten="30,1000,0" yaku="20,1" doraHai="65" who="1" fromWho="2" sc="250,0,250,20,240,-10,250,0" /><INIT seed="1,0,0,0,4,52" ten="250,270,230,250" oya="1" hai0="115,86,63,11,17,109,43,85,93,51,79,28,72" hai1="33,108,67,121,103,105,32,37,78,50,31,7,13" hai2="61,83,96,42,118,35,6,125,111,98,110,55,19" hai3="64,116,80,126,18,46,4,120,92,48,40,36,29"/><U2/><E121/><V124/><F118/><W84/><G120/><T95/><D115/><U20/><E37/><V91/><F35/><W54/><G126/><N who="2" m="48745" /><F6/><W38/><G29/><T58/><D109/><N who="2" m="41482" /><F42/><W0/><G4/><T112/><D112/><U104/><E108/><V76/><F19/><W131/><G18/><T128/><D128/><U117/><E117/><V134/><F134/><W102/><G40/><T70/><D70/><U90/><E78/><V71/><F91/><W49/><G0/><T127/><D127/><U113/><E113/><V60/><F71/><W14/><G36/><T81/><D28/><U89/><E67/><V44/><F44/><W123/><G46/><N who="0" m="26079" /><D72/><U135/><E135/><V3/><F3/><W114/><G38/><T12/><D86/><U8/><E33/><V1/><F1/><W41/><G84/><T130/><D130/><U106/><E103/><V30/><F30/><W129/><G102/><T107/><D107/><U69/><E69/><V26/><F26/><W87/><G131/><T100/><D100/><U74/><E74/><N who="2" m="43415" /><F55/><AGARI ba="0,0" hai="11,12,17,55,58,63,79,81,85,93,95" m="26079" machi="55" ten="30,2000,0" yaku="8,1,52,1" doraHai="52" who="0" fromWho="2" sc="250,20,270,0,230,-20,250,0" /><INIT seed="2,0,0,0,1,124" ten="270,270,210,250" oya="2" hai0="59,31,69,51,102,84,135,108,55,94,131,82,4" hai1="26,133,79,8,74,64,128,3,14,37,65,20,40" hai2="41,81,87,24,63,109,17,60,39,67,86,122,116" hai3="90,44,43,80,36,126,16,112,42,73,88,0,104"/><V76/><F116/><W93/><G104/><T118/><D69/><U89/><E133/><V35/><F122/><W15/><G0/><T107/><D107/><U71/><E71/><V75/><F109/><W100/><G126/><T11/><D108/><U61/><E3/><V32/><F60/><W54/><G112/><T29/><D135/><U52/><E74/><V19/><F41/><W28/><G28/><T111/><D118/><U5/><E79/><V66/><F39/><W114/><G114/><T134/><D134/><U23/><E37/><V33/><F67/><N who="1" m="25673" /><E40/><V117/><F117/><W123/><G123/><T105/><D105/><U10/><E10/><V49/><F49/><W103/><G43/><T12/><D131/><U113/><E113/><V85/><REACH who="2" step="1"/><F24/><REACH who="2" ten="270,270,200,250" step="2"/><W68/><G42/><T47/><D111/><U98/><E26/><V106/><F106/><W58/><G36/><T56/><D31/><U127/><E127/><V45/><F45/><W83/><G44/><T129/><D29/><U2/><E61/><V27/><F27/><W38/><G38/><T70/><D70/><AGARI ba="0,1" hai="17,19,32,33,35,63,66,70,75,76,81,85,86,87" machi="70" ten="50,2400,0" yaku="1,1,53,0" doraHai="124" doraHaiUra="6" who="2" fromWho="0" sc="270,-24,270,0,200,34,250,0" /><INIT seed="2,1,0,3,0,116" ten="246,270,234,250" oya="2" hai0="12,104,43,119,59,127,52,96,98,130,70,120,75" hai1="89,10,57,73,16,94,30,101,64,25,109,95,78" hai2="123,93,22,113,24,91,72,40,128,84,62,20,17" hai3="80,103,125,41,83,4,124,115,34,126,32,29,48"/><V65/><F123/><W102/><G4/><T33/><D75/><U9/><E109/><V129/><F113/><W67/><G67/><T53/><D119/><U42/><E42/><V88/><F72/><W69/><G69/><T60/><D120/><U23/><E73/><V5/><F5/><W81/><G29/><T11/><D33/><N who="3" m="12905" /><G115/><T37/><D127/><U121/><E78/><V58/><F40/><W86/><G86/><T97/><D130/><U14/><E121/><V105/><F105/><W15/><G15/><T49/><D43/><U134/><E134/><V112/><F112/><W79/><G79/><T56/><D70/><U46/><E46/><AGARI ba="1,0" hai="41,46,48,80,81,83,102,103,124,125,126" m="12905" machi="46" ten="40,1300,0" yaku="18,1" doraHai="116" who="3" fromWho="1" sc="246,0,270,-16,234,0,250,16" /><INIT seed="3,0,0,5,1,80" ten="246,254,234,266" oya="3" hai0="1,116,48,106,100,98,27,84,97,15,8,133,60" hai1="40,101,34,124,18,81,63,2,13,107,122,109,113" hai2="33,53,51,61,28,22,74,62,92,29,135,69,126" hai3="43,127,130,64,88,52,3,49,121,7,32,16,128"/><W105/><G121/><T65/><D133/><U55/><E122/><V117/><F117/><W125/><G105/><T0/><D116/><U19/><E113/><V42/><F74/><W56/><G32/><T102/><D27/><U78/><E2/><V86/><F135/><W23/><G64/><T14/><D48/><U89/><E34/><V134/><F134/><W26/><G43/><T108/><D108/><U57/><E109/><V4/><F126/><N who="3" m="48139" /><G88/><T90/><D15/><U54/><E124/><V36/><F33/><W25/><G26/><T11/><D11/><AGARI ba="0,0" hai="3,7,11,16,23,25,49,52,56,128,130" m="48139" machi="11" ten="30,5800,0" yaku="18,1,54,2" doraHai="80" who="3" fromWho="0" sc="246,-58,254,0,234,0,266,58" owari="188,-31.2,254,5.4,234,-16.6,324,42.4" /></mjloggm>