<mjloggm ver="2.3"><GO type="225" lobby="0"/><UN n0="%E5%B6%BA%E4%B8%8A%E5%92%B2" n1="%79%75%72%69%6D%6F%67" n2="%E3%83%B4%E3%83%A0%EF%BC%99%E3%81%A6" n3="%E3%83%B4%E3%83%B3%E3%81%B6%E3%81%8F%E3%81%A1%E3%82%83%E3%81%8C%E3%81%BE" dan="16,16,16,16" rate="2108.98,2179.83,2170.26,2028.95" sx="F,F,M,M"/><TAIKYOKU oya="0"/><INIT seed="0,0,0,5,5,65" ten="250,250,250,250" oya="0" hai0="103,92,94,49,93,118,105,83,32,77,102,134,127" hai1="73,33,117,46,87,51,108,8,55,11,70,97,129" hai2="82,39,85,66,50,126,110,62,112,12,58,48,5" hai3="88,107,45,16,78,21,42,84,25,91,2,80,63"/><T113/><D32/><U124/><E124/><V69/><BYE who="1" /><F112/><W101/><G2/><T60/><D118/><U0/><E0/><V4/><F126/><UN n1="%79%75%72%69%6D%6F%67" /><W75/><G63/><T61/><D127/><U125/><E73/><V1/><F39/><W26/><G26/><T109/><D113/><U100/><E117/><V38/><F38/><W74/><G75/><T30/><D30/><U54/><E33/><V44/><F110/><W10/><G10/><T89/><D134/><U7/><E70/><V36/><F1/><W52/><G84/><N who="0" m="48239" /><D105/><U37/><E37/><V56/><F56/><W86/><G74/><T119/><D119/><U81/><E108/><V123/><F123/><W114/><G42/><T13/><D109/><U57/><E129/><V128/><F128/><W29/><G114/><T20/><D49/><U121/><E7/><V64/><F64/><W96/><REACH who="3" step="1"/><G29/><REACH who="3" ten="250,250,250,240" step="2"/><T53/><D61/><N who="1" m="36023" /><E125/><V79/><F12/><W67/><G67/><T9/><D9/><U133/><E133/><V99/><F36/><W31/><G31/><T17/><D89/><U132/><E132/><V22/><F79/><W14/><G14/><T68/><D68/><U23/><E11/><V59/><F69/><W72/><G72/><T116/><D116/><U90/><E8/><V19/><F48/><AGARI ba="0,1" hai="16,21,25,45,48,52,78,80,86,88,91,96,101,107" machi="48" ten="40,8000,1" yaku="1,1,54,3,53,1" doraHai="65" doraHaiUra="18" who="3" fromWho="2" sc="250,0,250,0,250,-80,240,90" /><INIT seed="1,0,0,5,0,60" ten="250,250,170,330" oya="1" hai0="102,19,55,16,78,35,58,8,47,75,31,110,90" hai1="43,65,57,46,13,85,56,50,11,83,92,54,21" hai2="52,80,53,77,91,70,101,86,120,106,128,76,95" hai3="27,40,36,48,68,1,111,100,28,122,30,10,2"/><U119/><E119/><V61/><F120/><W12/><G122/><T123/><D110/><U93/><E21/><V121/><F121/><W79/><G111/><T9/><D123/><U127/><E57/><V115/><F128/><W132/><G132/><T116/><D116/><U0/><E0/><V74/><F115/><W69/><G28/><T99/><D35/><U18/><E127/><V39/><F77/><W112/><G112/><T135/><D31/><U94/><E65/><N who="2" m="41263" /><F39/><W71/><G79/><T38/><D135/><U98/><E98/><AGARI ba="0,0" hai="52,53,74,76,80,86,91,95,98,101,106" m="41263" machi="98" ten="30,3900,0" yaku="24,1,52,1,54,1" doraHai="60" who="2" fromWho="1" sc="250,0,250,-39,170,39,330,0" /><INIT seed="2,0,0,3,1,92" ten="250,211,209,330" oya="2" hai0="44,81,114,15,24,80,5,13,101,46,99,32,75" hai1="0,49,19,30,93,118,103,34,129,87,123,132,1" hai2="25,107,41,90,120,128,72,96,10,102,57,20,88" hai3="76,52,95,86,125,58,47,38,104,82,79,130,37"/><V33/><F120/><W9/><G104/><T40/><D114/><U70/><E118/><V35/><F72/><W27/><G125/><T56/><D75/><U83/><E70/><V69/><F69/><W29/><G130/><T113/><D113/><U4/><E132/><V45/><F128/><W94/><G76/><T115/><D115/><U14/><E4/><V11/><F57/><W112/><G9/><T91/><D32/><U65/><E65/><V73/><F73/><W50/><G112/><T133/><D24/><U62/><E62/><V108/><F108/><W131/><G131/><T89/><D133/><U31/><E123/><V100/><F100/><W7/><G7/><T12/><D56/><U109/><E109/><V55/><F55/><W105/><G105/><T134/><D134/><U39/><E39/><V60/><F60/><W3/><G3/><T54/><D54/><U42/><E34/><V98/><F33/><W22/><G38/><T36/><D5/><U51/><E1/><V66/><F66/><W67/><G37/><T2/><D2/><U117/><E0/><V59/><F59/><W121/><G121/><T116/><D116/><U26/><E117/><V16/><F35/><W8/><G8/><N who="2" m="3113" /><F98/><W111/><G111/><T18/><D44/><N who="1" m="25751" /><E51/><N who="2" m="27055" /><F107/><W135/><G135/><T48/><D36/><U74/><E74/><V68/><F68/><W106/><G106/><N who="0" m="63807" /><D18/><U78/><E26/><V84/><F84/><W110/><G110/><T122/><D122/><U6/><E6/><V17/><F17/><W21/><G21/><T127/><D127/><U77/><E129/><RYUUKYOKU ba="0,0" sc="250,10,211,-30,209,10,330,10" hai0="12,13,15,40,46,48,80,81,89,91" hai2="16,20,25,88,90,96,102" hai3="22,27,29,47,50,52,58,67,79,82,86,94,95" /><INIT seed="2,1,0,2,4,9" ten="260,181,219,340" oya="2" hai0="32,98,96,74,49,0,45,117,42,78,76,97,44" hai1="63,54,64,106,75,41,58,101,84,16,88,104,93" hai2="8,4,36,39,127,47,13,133,129,51,83,82,135" hai3="113,100,120,73,12,28,59,103,3,70,107,89,79"/><V17/><F127/><W48/><G120/><T27/><D0/><U52/><E75/><V26/><F129/><W11/><G70/><T50/><D117/><U99/><E104/><V131/><F131/><W91/><G3/><T121/><D121/><U132/><E132/><N who="2" m="50763" /><F26/><W10/><G28/><T114/><D114/><U69/><E69/><V31/><F17/><W111/><G79/><N who="0" m="30251" /><D74/><U66/><E41/><N who="2" m="25071" /><F31/><W33/><G73/><T61/><D32/><U18/><E54/><V25/><F25/><W38/><G38/><AGARI ba="1,0" hai="4,8,13,36,38,39,82,83" m="25071,50763" machi="38" ten="30,2900,0" yaku="20,1,52,1" doraHai="9" who="2" fromWho="3" sc="260,0,181,0,219,32,340,-32" /><INIT seed="2,2,0,3,0,62" ten="260,181,251,308" oya="2" hai0="104,100,103,65,119,132,114,12,80,11,4,106,51" hai1="127,91,23,29,77,108,112,125,0,81,30,57,52" hai2="79,134,107,96,59,126,128,75,120,113,8,95,44" hai3="123,5,122,67,40,116,131,115,72,56,21,99,37"/><V121/><F113/><W93/><G72/><T69/><D114/><U18/><E112/><V88/><F8/><W101/><G115/><T94/><D119/><U43/><E0/><V19/><F19/><W105/><G116/><T27/><D132/><U86/><E43/><V46/><F134/><W87/><G37/><T82/><D104/><U117/><E108/><V90/><F59/><W49/><G131/><T28/><D106/><U135/><E135/><V10/><F10/><W32/><G32/><T97/><D100/><U130/><E130/><V34/><F34/><W83/><G5/><T3/><D51/><U25/><E117/><V31/><F31/><W63/><G105/><T118/><D3/><U133/><E133/><V64/><F128/><W84/><G84/><T66/><D118/><U109/><E109/><V17/><F17/><W129/><G129/><T73/><D69/><U71/><E71/><V102/><F126/><W38/><G38/><T6/><D6/><U124/><REACH who="1" step="1"/><E77/><REACH who="1" ten="260,171,251,308" step="2"/><V42/><F42/><W70/><G70/><T36/><D36/><U20/><E20/><V33/><F33/><W35/><G21/><N who="0" m="15471" /><D73/><U60/><AGARI ba="2,1" hai="18,23,25,29,30,52,57,60,81,86,91,124,125,127" machi="60" ten="30,12000,2" yaku="1,1,0,1,18,1,54,1,53,2" doraHai="62" doraHaiUra="24" who="1" fromWho="1" sc="260,-32,171,136,251,-62,308,-32" /><INIT seed="3,0,0,3,1,27" ten="228,307,189,276" oya="3" hai0="31,26,29,38,89,37,106,65,19,9,17,102,87" hai1="109,24,8,94,49,32,36,34,75,21,111,41,67" hai2="51,43,30,66,80,119,55,127,48,101,63,23,35" hai3="22,120,33,108,78,92,85,12,73,113,18,117,107"/><W132/><G120/><T54/><D65/><U2/><E75/><V7/><F119/><W50/><G117/><T100/><D106/><U6/><E36/><V79/><F35/><W16/><G33/><T25/><D9/><U10/><E10/><V39/><F127/><W123/><G107/><T52/><D87/><U116/><E67/><V70/><F7/><W53/><G73/><T93/><D93/><U118/><E118/><V135/><F135/><W15/><G123/><T126/><D89/><U42/><E94/><V14/><F101/><W64/><G64/><T62/><D62/><U105/><E105/><V61/><F61/><W90/><G132/><T115/><D115/><U72/><E72/><V134/><F134/><W103/><G113/><T13/><D13/><U76/><E76/><V95/><F95/><W68/><G68/><T47/><D47/><N who="1" m="25839" /><E42/><V112/><F112/><W1/><G108/><N who="1" m="41546" /><E116/><V74/><F55/><W104/><G1/><T59/><D59/><U96/><E96/><V98/><F98/><W69/><G69/><T11/><D11/><U3/><E3/><V130/><F130/><W128/><G128/><T0/><D0/><U77/><E77/><V129/><F129/><W56/><G78/><T57/><D57/><U86/><E86/><V110/><F110/><W4/><G104/><T82/><D126/><U40/><E40/><V121/><F121/><W60/><G103/><T46/><D46/><U99/><E99/><V125/><F125/><W20/><G60/><T44/><D44/><U133/><E133/><V91/><F43/><W45/><G45/><RYUUKYOKU ba="0,0" sc="228,10,307,10,189,-30,276,10" hai0="17,19,25,26,29,31,37,38,52,54,82,100,102" hai1="2,6,8,21,24,32,34" hai3="4,12,15,16,18,20,22,50,53,56,85,90,92" /><INIT seed="3,1,0,3,2,33" ten="238,317,159,286" oya="3" hai0="131,79,120,53,121,82,123,126,76,52,54,17,115" hai1="48,46,7,98,14,18,26,124,81,25,11,55,20" hai2="71,118,119,122,15,93,24,47,65,43,13,59,106" hai3="39,91,66,30,135,27,42,105,1,61,92,10,75"/><W69/><G135/><T129/><D126/><U6/><E124/><V37/><F106/><W40/><G75/><T35/><D35/><U109/><E109/><V112/><F112/><W38/><G42/><T9/><D115/><U95/><E81/><V36/><F122/><W132/><G132/><T84/><D79/><U72/><E72/><V103/><F24/><N who="1" m="9321" /><E11/><V130/><F130/><N who="0" m="49674" /><D9/><U49/><E49/><V73/><F73/><W62/><G40/><T104/><D104/><U94/><E94/><V8/><F36/><W89/><G89/><AGARI ba="1,0" hai="6,7,14,18,20,46,48,55,89,95,98" m="9321" machi="89" ten="30,1000,0" yaku="8,1" doraHai="33" who="1" fromWho="3" sc="238,0,317,13,159,0,286,-13" owari="238,-16.2,330,43.0,159,-34.1,273,7.3" /></mjloggm>