<mjloggm ver="2.3"><GO type="225" lobby="0"/><UN n0="%E3%83%A9%E3%82%B9%E7%8E%87%EF%BC%93%E5%89%B2" n1="%72%65%6E%6B%75%6E" n2="%E3%81%8B%E3%82%8F%E3%81%A1%E3%82%83%E3%82%93%35%38" n3="%6E%69%63%6F%6E%74%6F" dan="17,17,16,16" rate="2189.33,2218.23,2198.84,2100.57" sx="F,M,M,M"/><TAIKYOKU oya="0"/><INIT seed="0,0,0,0,1,132" ten="250,250,250,250" oya="0" hai0="88,8,22,126,20,102,28,76,127,9,75,105,25" hai1="40,90,59,84,36,37,124,65,94,74,66,87,92" hai2="72,77,114,6,118,60,100,63,83,104,135,112,26" hai3="35,130,15,78,49,53,56,31,10,61,111,41,58"/><T5/><D105/><U12/><E74/><V69/><F135/><W71/><G111/><T85/><D102/><U119/><E119/><V62/><F69/><W86/><G130/><T38/><D38/><U117/><E117/><V131/><F118/><W70/><G35/><T80/><D22/><U95/><E40/><V122/><F122/><W101/><G101/><T109/><D109/><U82/><E87/><V98/><F131/><W21/><G21/><T43/><D43/><U133/><E133/><V30/><REACH who="2" step="1"/><F6/><REACH who="2" ten="250,250,240,250" step="2"/><W121/><G121/><T120/><D120/><U93/><E37/><V46/><F46/><N who="3" m="25807" /><G71/><T99/><D99/><U39/><E36/><V91/><F91/><W125/><G70/><T96/><D96/><U48/><E39/><V51/><F51/><W67/><G78/><T11/><REACH who="0" step="1"/><D5/><REACH who="0" ten="240,250,240,250" step="2"/><U32/><E32/><AGARI ba="0,2" hai="26,30,32,60,62,63,72,77,83,98,100,104,112,114" machi="32" ten="40,1300,0" yaku="1,1,53,0" doraHai="132" doraHaiUra="14" who="2" fromWho="1" sc="240,0,250,-13,240,33,250,0" /><INIT seed="1,0,0,1,0,8" ten="240,237,273,250" oya="1" hai0="95,82,101,36,11,119,87,18,15,91,67,60,73" hai1="99,17,116,71,111,34,58,64,24,31,42,10,122" hai2="25,108,49,68,75,13,55,59,104,0,76,28,20" hai3="40,43,35,54,70,110,39,96,105,107,2,123,131"/><U77/><E116/><V118/><F0/><W103/><G54/><T112/><D112/><U63/><E122/><V61/><F118/><W22/><G22/><T7/><D36/><U3/><E111/><V132/><F104/><W52/><G52/><T90/><D119/><U48/><E77/><V51/><F68/><W79/><G43/><T47/><D47/><U44/><E99/><V9/><F108/><W109/><G79/><T98/><D73/><U45/><E45/><V50/><F132/><W14/><G14/><T78/><REACH who="0" step="1"/><D7/><REACH who="0" ten="230,237,273,250" step="2"/><U120/><E120/><V134/><F134/><W130/><G123/><T57/><AGARI ba="0,1" hai="11,15,18,57,60,67,78,82,87,90,91,95,98,101" machi="57" ten="20,12000,2" yaku="1,1,2,1,0,1,7,1,8,1,52,1,53,0" doraHai="8" doraHaiUra="125" who="0" fromWho="0" sc="230,130,237,-60,273,-30,250,-30" /><INIT seed="2,0,0,4,3,20" ten="360,177,243,220" oya="2" hai0="54,73,79,129,71,114,110,60,65,9,37,91,0" hai1="40,6,77,130,96,107,52,112,87,24,82,86,43" hai2="7,109,80,123,70,113,61,36,47,117,35,15,69" hai3="38,16,116,28,118,102,120,34,106,121,5,8,25"/><V111/><F35/><W13/><G38/><T3/><D114/><U90/><E112/><V88/><F113/><W105/><G102/><T62/><D110/><N who="2" m="41994" /><F123/><N who="3" m="47179" /><G105/><T101/><D101/><U56/><E6/><V97/><F117/><N who="3" m="45163" /><G106/><T49/><D129/><U76/><E130/><V67/><F7/><AGARI ba="0,0" hai="5,7,8,13,16,25,28,34" m="45163,47179" machi="7" ten="30,7700,0" yaku="34,2,52,1,54,1" doraHai="20" who="3" fromWho="2" sc="360,0,177,0,243,-77,220,77" /><INIT seed="3,0,0,4,2,4" ten="360,177,166,297" oya="3" hai0="50,116,121,37,102,122,68,125,34,95,38,20,49" hai1="39,65,86,72,40,53,115,31,52,2,83,41,44" hai2="47,23,63,45,97,21,112,33,77,16,133,60,85" hai3="79,36,29,109,8,3,61,22,43,91,80,120,27"/><W54/><G120/><T134/><D34/><U58/><E115/><V113/><F33/><W18/><G109/><T129/><D68/><U11/><E40/><V25/><F113/><W74/><G91/><T130/><D116/><U76/><E31/><N who="2" m="17839" /><F112/><W118/><G118/><T57/><D134/><U70/><E70/><V108/><F108/><W124/><G124/><T7/><D7/><N who="1" m="1527" /><E86/><V19/><F133/><W75/><G75/><T73/><D73/><U98/><E98/><V6/><F6/><N who="3" m="1119" /><G61/><AGARI ba="0,0" hai="39,41,44,52,53,58,61,65,72,76,83" m="1527" machi="61" ten="30,3900,0" yaku="25,1,52,1,54,1" doraHai="4" who="1" fromWho="3" sc="360,0,177,39,166,0,297,-39" owari="360,46.0,216,-18.4,166,-33.4,258,5.8" /></mjloggm>