<mjloggm ver="2.3"><GO type="225" lobby="0"/><UN n0="%E3%81%95%E3%81%8D%E3%81%9F%E3%81%BE%E6%9E%97%E6%AA%8E" n1="%E5%B8%86%E7%AB%8B%E5%A4%8F%E8%A1%A3" n2="%E6%9D%B1%E9%A2%A8%E3%81%AE%E3%81%8D%E3%82%83%E3%81%B7%E3%81%95%E3%82%93" n3="%E3%83%81%E3%83%83%E3%82%BF%E3%82%BD%E3%83%BC" dan="16,17,16,17" rate="2136.57,2250.99,2163.55,2198.06" sx="M,M,M,F"/><TAIKYOKU oya="0"/><INIT seed="0,0,0,0,4,9" ten="250,250,250,250" oya="0" hai0="114,70,117,15,51,92,77,96,134,129,109,93,11" hai1="102,88,54,135,37,66,64,39,62,18,35,27,20" hai2="99,98,90,7,82,0,56,41,79,52,121,45,126" hai3="30,47,112,25,86,87,65,120,68,91,101,22,53"/><T59/><D114/><U12/><E135/><V34/><F34/><W97/><G112/><T57/><D117/><U13/><E39/><V43/><F121/><W32/><G120/><T2/><D2/><U1/><E1/><V103/><F126/><W85/><G22/><T105/><D70/><U131/><E37/><V16/><F7/><W80/><G53/><T84/><D105/><U95/><E102/><V58/><F0/><W19/><G19/><T24/><D134/><U8/><E35/><V29/><F29/><W23/><G23/><T55/><D129/><U123/><E131/><V3/><F3/><W115/><G47/><T72/><D72/><U44/><E123/><V31/><F31/><W26/><G26/><T104/><D104/><U89/><E27/><V128/><F128/><W122/><G115/><T81/><D109/><U100/><E100/><V76/><F103/><W5/><G5/><T74/><D74/><U33/><E89/><V48/><F90/><W125/><G125/><T50/><D24/><U132/><E33/><V83/><F45/><W127/><G127/><T110/><D110/><U38/><E38/><V133/><F133/><W40/><G40/><T118/><D118/><U10/><E132/><V63/><F63/><N who="3" m="39999" /><G122/><T42/><D96/><N who="1" m="57447" /><E20/><V6/><F6/><W75/><G75/><T130/><D130/><U113/><E113/><V94/><F94/><W21/><G21/><T46/><D59/><N who="1" m="35191" /><E44/><V17/><F48/><W73/><G73/><T71/><D71/><U106/><E106/><AGARI ba="0,0" hai="25,30,32,80,85,86,87,91,97,101,106" m="39999" machi="106" ten="30,1000,0" yaku="25,1" doraHai="9" who="3" fromWho="1" sc="250,0,250,-10,250,0,250,10" /><INIT seed="1,0,0,4,5,9" ten="250,240,250,260" oya="1" hai0="134,110,82,71,18,2,24,115,57,63,29,19,26" hai1="32,106,97,64,48,1,99,58,86,60,127,0,100" hai2="103,78,68,38,80,108,109,33,65,116,133,88,92" hai3="125,46,8,45,37,34,49,129,117,13,70,17,6"/><U131/><E127/><V35/><F38/><W54/><G125/><T56/><D115/><U27/><E131/><V66/><F103/><W104/><G129/><T132/><D2/><U118/><E118/><V50/><F50/><W61/><G117/><T72/><D110/><N who="2" m="42602" /><F116/><W43/><G104/><T126/><D126/><U90/><E97/><N who="2" m="57479" /><F133/><N who="0" m="51306" /><D71/><U84/><E48/><V75/><F68/><W28/><G34/><AGARI ba="0,0" hai="33,34,35,65,66,75,78,80" m="57479,42602" machi="34" ten="30,2000,0" yaku="14,1,54,1" doraHai="9" who="2" fromWho="3" sc="250,0,240,0,250,20,260,-20" /><INIT seed="2,0,0,3,5,63" ten="250,240,270,240" oya="2" hai0="2,0,18,99,51,73,130,39,135,90,105,54,77" hai1="44,109,134,30,123,49,47,70,107,23,86,32,21" hai2="127,131,16,94,82,112,68,28,59,117,126,88,25" hai3="4,80,19,113,98,43,48,71,36,72,115,24,56"/><V14/><F68/><W104/><G71/><T45/><D135/><U83/><E107/><V84/><F117/><W7/><G36/><T34/><D130/><U57/><E70/><V100/><F112/><N who="3" m="43083" /><G80/><T1/><D34/><U129/><E129/><V133/><F59/><W5/><G72/><T60/><D39/><U110/><E123/><V116/><F116/><W75/><G75/><T118/><D118/><U66/><E32/><V122/><F122/><W22/><G98/><T8/><D73/><U132/><E30/><V69/><F69/><W65/><G104/><T121/><D121/><U53/><E23/><V108/><F108/><N who="1" m="41577" /><E21/><N who="2" m="15407" /><F100/><W37/><G37/><T106/><D77/><N who="1" m="46447" /><E47/><V27/><F27/><W95/><G95/><N who="0" m="56823" /><D106/><U33/><E33/><V9/><F131/><W102/><G102/><T26/><D105/><U46/><E44/><V41/><F41/><W17/><G43/><T101/><D101/><U96/><E96/><V97/><F133/><N who="1" m="51305" /><E46/><V92/><F97/><W128/><G128/><T119/><D119/><U89/><E89/><V111/><F111/><W29/><G48/><T74/><D74/><U78/><E78/><V52/><F94/><W38/><G38/><T61/><D8/><U12/><E12/><V6/><F92/><W15/><G15/><T67/><D2/><U42/><E42/><V35/><F35/><W20/><G20/><N who="0" m="13591" /><D1/><U31/><E31/><V125/><F6/><N who="3" m="1539" /><W11/><DORA hai="85" /><G11/><T81/><D0/><U79/><E79/><V58/><F126/><W10/><G10/><T93/><D93/><U40/><E40/><V13/><F13/><RYUUKYOKU ba="0,0" sc="250,-30,240,10,270,10,240,10" hai1="49,53,57,66" hai2="9,14,16,52,58,82,84,88,125,127" hai3="17,19,22,24,29,56,65" /><INIT seed="2,1,0,2,4,135" ten="220,250,280,250" oya="2" hai0="64,60,7,99,109,84,87,10,38,28,80,19,94" hai1="89,106,68,125,82,127,78,91,69,17,36,131,66" hai2="20,4,53,16,34,116,100,123,110,59,83,114,104" hai3="58,50,27,124,65,70,30,117,128,35,54,121,11"/><V52/><F34/><W3/><G121/><T31/><D38/><U120/><E36/><V13/><F123/><W103/><G128/><T111/><D19/><U133/><E120/><V21/><F114/><W130/><G130/><T43/><D43/><U9/><E131/><V63/><F116/><W56/><G117/><T132/><D132/><U55/><E106/><V29/><F110/><N who="0" m="41994" /><D94/><U119/><E119/><V105/><F4/><W6/><G103/><T113/><D99/><U95/><E55/><V41/><F41/><W67/><G70/><N who="1" m="27242" /><E66/><V22/><F104/><W72/><G72/><T24/><D113/><U92/><E133/><V5/><F5/><W88/><G124/><N who="1" m="47690" /><E17/><V39/><F39/><W81/><REACH who="3" step="1"/><G58/><REACH who="3" ten="220,250,280,240" step="2"/><T47/><D64/><U62/><E62/><V0/><F63/><W107/><G107/><T57/><D57/><U37/><E37/><V14/><F59/><W73/><G73/><T40/><D60/><U76/><E9/><V44/><F105/><W15/><G15/><T77/><D10/><U23/><E23/><V86/><F13/><W90/><G90/><N who="1" m="34314" /><E78/><V48/><F21/><W98/><G98/><T18/><D77/><U26/><E26/><V122/><F22/><W49/><G49/><T102/><D24/><U25/><E25/><V108/><F20/><W12/><G12/><T33/><D102/><U46/><E46/><V129/><F44/><W1/><G1/><T93/><D47/><U97/><E97/><V2/><F129/><W74/><G74/><AGARI ba="1,1" hai="74,76,82,92,95" m="34314,47690,27242" machi="74" ten="30,7700,0" yaku="18,1,52,3" doraHai="135" who="1" fromWho="3" sc="220,0,250,90,280,0,240,-80" /><INIT seed="3,0,0,1,1,80" ten="220,340,280,160" oya="3" hai0="57,70,78,115,106,26,9,19,11,89,114,2,27" hai1="59,36,68,49,55,65,63,32,100,33,102,14,54" hai2="10,126,61,21,121,6,107,130,127,92,86,99,40" hai3="119,116,87,84,123,20,44,25,41,30,62,91,134"/><W31/><G123/><T128/><D70/><U58/><E36/><V37/><F107/><W88/><G134/><T112/><D106/><U28/><E14/><V96/><F121/><W0/><G0/><T73/><D128/><U47/><E47/><N who="2" m="23951" /><F21/><W18/><G62/><T94/><D2/><U125/><E125/><N who="2" m="47627" /><F61/><W129/><G129/><T108/><D78/><U103/><E28/><N who="3" m="10794" /><G116/><T69/><D69/><U97/><E97/><V51/><F51/><AGARI ba="0,0" hai="32,33,49,51,54,55,58,59,63,65,68,100,102,103" machi="51" ten="40,1300,0" yaku="9,1" doraHai="80" who="1" fromWho="2" sc="220,0,340,13,280,-13,160,0" owari="220,-18.0,353,45.3,267,6.7,160,-34.0" /></mjloggm>