<mjloggm ver="2.3"><GO type="225" lobby="0"/><UN n0="%E3%81%A4%E3%81%A3%E3%81%B1%E3%82%8A%E3%83%9D%E3%83%BC%E3%83%AB" n1="%E6%A1%9C%E8%8A%B1%E9%96%83%E3%80%85" n2="%33%74%72%65%65" n3="%72%65%6E%6B%75%6E" dan="17,17,16,17" rate="2185.91,2259.58,2032.84,2179.18" sx="M,M,F,M"/><TAIKYOKU oya="0"/><INIT seed="0,0,0,5,3,104" ten="250,250,250,250" oya="0" hai0="124,135,93,61,32,60,119,8,37,128,89,59,87" hai1="96,58,67,38,94,100,52,21,108,123,43,5,125" hai2="102,20,42,79,131,4,22,11,13,3,9,120,112" hai3="90,53,133,2,33,81,23,12,1,41,86,54,115"/><T39/><D119/><U24/><E123/><V97/><F112/><W101/><G33/><T127/><D128/><U69/><E108/><V70/><F120/><W0/><G115/><T110/><D110/><U47/><E125/><N who="0" m="48201" /><D135/><U46/><E5/><V78/><F70/><W7/><G133/><T103/><D32/><U34/><E34/><V16/><F42/><W26/><G101/><T28/><D28/><U98/><E47/><V75/><F131/><W15/><G41/><T82/><D8/><U51/><E98/><V88/><F88/><W109/><G109/><T105/><D105/><U117/><E117/><V36/><F36/><N who="0" m="13898" /><D59/><U25/><REACH who="1" step="1"/><E21/><REACH who="1" ten="250,240,250,250" step="2"/><V106/><REACH who="2" step="1"/><F78/><REACH who="2" ten="250,240,240,250" step="2"/><W116/><G116/><T126/><D126/><U71/><E71/><V30/><F30/><W63/><G23/><T80/><D103/><U92/><E92/><V111/><F111/><W14/><G7/><T91/><D82/><AGARI ba="0,2" hai="3,4,9,11,13,16,20,22,75,79,82,97,102,106" machi="82" ten="40,5200,0" yaku="1,1,52,1,54,1,53,0" doraHai="104" doraHaiUra="134" who="2" fromWho="0" sc="250,-52,240,0,240,72,250,0" /><INIT seed="1,0,0,2,0,91" ten="198,240,312,250" oya="1" hai0="89,53,72,100,111,49,15,59,35,74,47,43,118" hai1="94,135,50,97,63,1,126,4,77,11,18,20,130" hai2="90,98,17,93,12,62,66,128,104,108,103,102,38" hai3="129,76,131,134,79,57,75,23,41,44,33,13,125"/><U92/><E130/><N who="3" m="49674" /><G33/><T55/><D118/><U67/><E135/><V105/><F128/><W114/><G114/><T54/><D111/><U48/><E126/><V40/><F108/><W27/><G134/><T36/><D35/><U58/><E77/><V2/><F2/><W69/><G69/><T21/><D100/><U26/><REACH who="1" step="1"/><E92/><REACH who="1" ten="198,230,312,250" step="2"/><V112/><F93/><W10/><G125/><T133/><D133/><U8/><E8/><V0/><F104/><W120/><G75/><T42/><D74/><U86/><E86/><V22/><F105/><W65/><G79/><T24/><D72/><U52/><E52/><V78/><F78/><W84/><G76/><T99/><D54/><U121/><E121/><V32/><F112/><W117/><G84/><T16/><D53/><U87/><E87/><V37/><F98/><W60/><G120/><T25/><REACH who="0" step="1"/><D43/><REACH who="0" ten="188,230,312,250" step="2"/><U116/><E116/><V115/><F40/><W82/><G41/><T122/><D122/><U64/><E64/><V3/><F66/><W71/><G117/><T19/><D19/><U39/><E39/><V31/><F37/><W73/><G73/><T85/><D85/><U5/><E5/><V127/><F38/><W14/><G65/><T29/><D29/><U109/><E109/><V34/><F31/><W110/><G110/><T113/><D113/><U30/><E30/><V123/><F115/><W28/><G28/><T81/><D81/><U51/><E51/><V96/><F123/><W83/><G82/><T124/><D124/><U106/><E106/><V107/><F127/><W45/><G83/><T68/><D68/><RYUUKYOKU ba="0,2" sc="188,15,230,15,312,-15,250,-15" hai0="15,16,21,24,25,36,42,47,49,55,59,89,99" hai1="1,4,11,18,20,26,48,50,58,63,67,94,97" /><INIT seed="1,1,2,2,0,104" ten="203,245,297,235" oya="1" hai0="79,133,19,119,134,129,43,15,44,25,52,65,120" hai1="22,97,92,106,53,96,111,31,125,68,103,71,112" hai2="64,123,115,87,86,37,122,12,34,54,48,8,40" hai3="76,108,17,83,132,5,10,60,126,101,50,61,23"/><U20/><E112/><V107/><F34/><W80/><G108/><T56/><D119/><U110/><E125/><V88/><F115/><W33/><G126/><T51/><D129/><U16/><E31/><V109/><F109/><N who="1" m="41481" /><E53/><V98/><F64/><W89/><G33/><T130/><D130/><U114/><E114/><V7/><F86/><W28/><G28/><T55/><D120/><U66/><E66/><V11/><F37/><W73/><G101/><T74/><D25/><N who="1" m="14471" /><E22/><V24/><F54/><W116/><G116/><T63/><D55/><U1/><E1/><V75/><F123/><W30/><G50/><T4/><D4/><U18/><E18/><V49/><F48/><W128/><G30/><T69/><D79/><U13/><E13/><V82/><F49/><W84/><G128/><T29/><D29/><U6/><E6/><V102/><F24/><W9/><G132/><T85/><D85/><U135/><E135/><N who="0" m="51721" /><D74/><U81/><E81/><V105/><F75/><W47/><G9/><N who="0" m="6639" /><D43/><U113/><E113/><V93/><F40/><W67/><G67/><T90/><D44/><U70/><E97/><V78/><F122/><W42/><G47/><T95/><D51/><U58/><E58/><V121/><F121/><W14/><REACH who="3" step="1"/><G42/><REACH who="3" ten="203,245,297,225" step="2"/><T59/><D52/><U27/><E27/><AGARI ba="1,3" hai="5,10,14,17,23,27,60,61,73,76,80,83,84,89" machi="27" ten="30,7700,0" yaku="1,1,2,1,7,1,52,1,53,0" doraHai="104" doraHaiUra="26" who="3" fromWho="1" sc="203,0,245,-80,297,0,225,110" /><INIT seed="2,0,0,5,2,22" ten="203,165,297,335" oya="2" hai0="123,103,80,28,98,25,11,119,27,45,36,3,65" hai1="90,40,69,0,72,66,68,127,13,52,101,92,19" hai2="5,91,32,86,130,6,41,60,111,115,77,14,116" hai3="56,78,75,62,18,84,43,29,30,110,49,106,58"/><V114/><F116/><W44/><G106/><T96/><D123/><U126/><E0/><V50/><F130/><W10/><G75/><T39/><D119/><U113/><E113/><V59/><F32/><W85/><G110/><T23/><D65/><U2/><E2/><V9/><F111/><W51/><G51/><T112/><D112/><U97/><E72/><V120/><F120/><W74/><G74/><T107/><D45/><U134/><E40/><V35/><F35/><W61/><G10/><T95/><D80/><U81/><E134/><V79/><F6/><W16/><G49/><T38/><D25/><U125/><E66/><N who="2" m="39199" /><F114/><W46/><G43/><T53/><D53/><U64/><E64/><V124/><F124/><W118/><G78/><T99/><REACH who="0" step="1"/><D107/><REACH who="0" ten="193,165,297,335" step="2"/><U26/><E52/><V100/><F115/><W71/><G118/><T102/><D102/><U57/><E57/><V34/><F100/><W132/><G132/><T31/><D31/><U117/><E117/><V121/><F121/><W135/><G135/><T76/><D76/><U1/><E26/><V105/><F105/><W55/><G55/><T129/><D129/><U133/><E133/><V48/><F79/><W7/><G71/><N who="1" m="27210" /><E81/><V47/><F77/><W54/><G54/><T122/><D122/><U67/><E67/><V70/><F70/><W4/><AGARI ba="0,1" hai="4,7,16,18,29,30,44,46,56,58,61,62,84,85" machi="4" ten="25,8000,1" yaku="0,1,22,2,8,1,54,1" doraHai="22" who="3" fromWho="3" sc="193,-20,165,-20,297,-40,335,90" /><INIT seed="3,0,0,5,5,60" ten="173,145,257,425" oya="3" hai0="21,11,77,59,58,56,111,0,16,108,1,25,64" hai1="41,30,88,80,115,13,102,45,126,63,68,22,52" hai2="39,104,66,95,34,122,10,87,107,113,90,32,91" hai3="67,112,99,92,75,106,127,12,50,72,133,84,129"/><W57/><G112/><T71/><D77/><U121/><E121/><V37/><F66/><W15/><G106/><T38/><D38/><U47/><E115/><V61/><F61/><N who="3" m="38319" /><G75/><T6/><D71/><U74/><E126/><V94/><F104/><W35/><G35/><T82/><D82/><U24/><E102/><V44/><F107/><W40/><G72/><T73/><D73/><U123/><E123/><V135/><F39/><W27/><G127/><T125/><D64/><U4/><E41/><V9/><F32/><W128/><G84/><T23/><D125/><U117/><E117/><V78/><F87/><W120/><G120/><T109/><D23/><U17/><E4/><V43/><F34/><W49/><G27/><T42/><D42/><U118/><E118/><V48/><F43/><W110/><G110/><T96/><D96/><U29/><E29/><V2/><F122/><W131/><G133/><T86/><D86/><N who="1" m="50247" /><E68/><V69/><F135/><W83/><G83/><T132/><D132/><U31/><E74/><V124/><F69/><W26/><G26/><T130/><D0/><U79/><E79/><V54/><F78/><W33/><G33/><T76/><D76/><U51/><E63/><V98/><F2/><W65/><G40/><T70/><D70/><U134/><E134/><V103/><F124/><W62/><G129/><AGARI ba="0,0" hai="1,6,11,16,21,25,56,58,59,108,109,111,129,130" machi="129" ten="50,3200,0" yaku="14,1,54,1" doraHai="60" who="0" fromWho="3" sc="173,32,145,0,257,0,425,-32" owari="205,-19.5,145,-35.5,257,5.7,393,49.3" /></mjloggm>