<mjloggm ver="2.3"><GO type="225" lobby="0"/><UN n0="%E3%81%BF%E3%81%BF%E3%81%9A" n1="%E3%81%90%E3%81%A1%E3%82%84%E3%81%BE" n2="%40%77%61%6B%61" n3="%77%72%77%72%77%72%77%72" dan="17,16,16,17" rate="2179.61,2130.66,2117.40,2184.54" sx="M,M,M,M"/><TAIKYOKU oya="0"/><INIT seed="0,0,0,5,3,99" ten="250,250,250,250" oya="0" hai0="114,77,32,115,45,4,14,133,95,41,79,113,29" hai1="9,98,108,53,90,82,132,66,24,78,69,80,38" hai2="3,112,94,91,76,83,65,36,105,25,30,28,35" hai3="7,19,121,101,73,127,37,119,100,72,34,46,5"/><T0/><D0/><U2/><E38/><V116/><F105/><W43/><G119/><T97/><D133/><U54/><E132/><V118/><F36/><W96/><G34/><T93/><D93/><U87/><E108/><V56/><F3/><W64/><G127/><T67/><D67/><U22/><E69/><V129/><F129/><W135/><G135/><T12/><D32/><U62/><E9/><V11/><F11/><W88/><G121/><T134/><D29/><U71/><E2/><V48/><F28/><W68/><G19/><T31/><D31/><U23/><E98/><V1/><F1/><W107/><G100/><T103/><D134/><U10/><E10/><V123/><F112/><W63/><REACH who="3" step="1"/><G88/><REACH who="3" ten="250,250,250,240" step="2"/><T59/><D4/><AGARI ba="0,1" hai="4,5,7,37,43,46,63,64,68,72,73,96,101,107" machi="4" ten="40,5200,0" yaku="1,1,2,1,52,1,53,0" doraHai="99" doraHaiUra="109" who="3" fromWho="0" sc="250,-52,250,0,250,0,240,62" /><INIT seed="1,0,0,0,2,55" ten="198,250,250,302" oya="1" hai0="19,5,37,53,85,90,69,105,125,20,116,64,36" hai1="95,38,119,33,110,120,117,49,45,122,68,7,93" hai2="10,121,21,22,133,60,79,70,23,94,124,13,58" hai3="103,31,6,127,128,41,67,62,65,88,40,101,4"/><U66/><E33/><V14/><F121/><N who="1" m="46697" /><E7/><N who="3" m="2602" /><G128/><T135/><D116/><N who="1" m="44619" /><E95/><V42/><F124/><W114/><G114/><T44/><D135/><U113/><E93/><V92/><F70/><W109/><G109/><T59/><D125/><U132/><E113/><V98/><F133/><W51/><G127/><T71/><D105/><U76/><E76/><V56/><F79/><W15/><G31/><T112/><D112/><U89/><E89/><N who="2" m="55567" /><F42/><N who="3" m="16491" /><G51/><T32/><D32/><U39/><E132/><V28/><F60/><W43/><N who="3" m="16499" /><W80/><DORA hai="54" /><G15/><N who="2" m="5641" /><F94/><W17/><G17/><T29/><D5/><U50/><E110/><V11/><F28/><W87/><G62/><N who="0" m="37983" /><D71/><U1/><E1/><V91/><F91/><W9/><G9/><AGARI ba="0,0" hai="9,10,11,21,22,23,56,58" m="5641,55567" machi="9" ten="30,8000,1" yaku="8,1,52,4" doraHai="55,54" who="2" fromWho="3" sc="198,0,250,0,250,80,302,-80" /><INIT seed="2,0,0,3,5,76" ten="198,250,330,222" oya="2" hai0="29,63,73,28,52,130,77,81,104,54,12,91,70" hai1="99,5,10,7,93,57,135,3,120,40,123,8,43" hai2="21,108,68,75,49,33,69,110,84,98,96,80,133" hai3="124,107,61,126,90,125,111,6,122,13,9,39,129"/><V119/><F133/><W114/><G122/><N who="1" m="46634" /><E57/><V18/><F33/><W106/><G39/><T58/><D130/><U46/><E46/><V27/><F75/><W66/><G129/><T24/><D104/><U17/><E17/><V51/><F119/><W2/><G111/><N who="2" m="42537" /><F51/><W131/><G131/><T109/><D109/><U48/><E48/><V101/><F49/><W82/><G114/><T22/><D70/><N who="2" m="27242" /><F101/><W100/><G100/><T97/><D12/><N who="1" m="5135" /><E135/><V1/><F1/><W88/><G2/><T83/><D54/><U20/><E20/><V62/><F62/><W79/><G107/><T95/><REACH who="0" step="1"/><D83/><REACH who="0" ten="188,250,330,222" step="2"/><U55/><E55/><V34/><F34/><W44/><G106/><T38/><D38/><U89/><AGARI ba="0,1" hai="3,7,10,40,43,89,93,99" m="5135,46634" machi="89" ten="30,1100,0" yaku="13,1" doraHai="76" who="1" fromWho="1" sc="188,-3,250,21,330,-5,222,-3" /><INIT seed="3,0,0,5,4,131" ten="185,271,325,219" oya="3" hai0="62,59,130,43,42,34,50,110,101,88,89,77,16" hai1="86,102,83,122,70,58,105,114,128,107,73,24,57" hai2="47,96,23,135,76,115,11,17,52,39,45,21,40" hai3="116,49,27,30,29,18,54,113,22,33,4,85,32"/><W61/><G113/><T82/><D34/><U134/><E114/><V53/><F135/><W84/><G116/><T66/><D130/><U25/><E134/><V97/><F115/><W112/><G112/><T125/><D110/><U41/><E70/><V63/><F76/><W92/><G4/><T35/><D35/><U15/><E122/><V129/><F129/><W2/><G2/><T9/><D125/><U109/><E73/><V78/><F78/><W132/><G132/><T38/><D101/><U124/><E128/><V1/><F47/><W64/><G32/><T3/><D38/><U93/><E107/><V119/><F119/><W95/><G33/><T69/><D3/><U20/><E105/><V100/><F96/><W12/><G61/><T127/><D127/><U67/><E41/><N who="0" m="15369" /><D50/><U60/><E109/><V117/><F117/><W7/><G64/><T46/><D46/><U14/><E102/><V108/><F63/><W126/><G126/><T121/><D69/><U56/><E124/><V10/><F21/><W104/><G104/><T106/><D106/><U71/><E20/><V19/><F108/><W94/><G7/><T87/><D121/><U118/><E118/><V133/><F133/><W103/><G103/><T123/><D123/><U99/><E71/><V0/><F0/><W65/><G65/><T31/><D31/><N who="3" m="11785" /><G27/><N who="1" m="10314" /><E67/><V5/><F10/><W28/><G28/><T74/><D74/><U111/><E111/><V37/><F37/><W80/><G80/><T81/><D82/><U98/><E60/><V75/><F75/><W51/><G49/><T26/><D9/><RYUUKYOKU ba="0,0" sc="185,15,271,-15,325,-15,219,15" hai0="16,26,59,62,66,77,81,87,88,89" hai3="12,18,22,51,54,84,85,92,94,95" /><INIT seed="3,1,0,5,4,65" ten="200,256,310,234" oya="3" hai0="121,120,55,10,59,114,83,80,36,61,73,52,82" hai1="4,39,91,101,38,118,89,18,112,43,70,127,135" hai2="128,103,49,129,2,33,20,48,5,126,69,99,124" hai3="45,71,60,76,81,57,8,23,62,115,11,113,88"/><W125/><G125/><N who="2" m="48233" /><F69/><W50/><G71/><T116/><D116/><U12/><E91/><V104/><F33/><W132/><G132/><T15/><D73/><U22/><E39/><V98/><F98/><W108/><G108/><T130/><D130/><N who="2" m="50282" /><F20/><W31/><G76/><T72/><D72/><U75/><E18/><V19/><F19/><W74/><G74/><T24/><D36/><U32/><E43/><V134/><F134/><W117/><G117/><T28/><D114/><U111/><E12/><V106/><F106/><W13/><G115/><T94/><D94/><U63/><E63/><V86/><F86/><N who="3" m="50255" /><G62/><T26/><D55/><U67/><E70/><V133/><F133/><W123/><G113/><T35/><REACH who="0" step="1"/><D26/><REACH who="0" ten="190,256,310,234" step="2"/><U92/><E75/><V58/><F104/><W56/><G123/><T40/><D40/><U131/><E38/><V68/><F2/><W66/><G45/><T85/><D85/><U102/><E131/><V79/><F99/><W110/><G110/><T25/><D25/><U95/><E111/><V90/><F5/><AGARI ba="1,1" hai="5,10,15,24,28,35,52,59,61,80,82,83,120,121" machi="5" ten="40,5200,0" yaku="1,1,54,1,53,1" doraHai="65" doraHaiUra="3" who="0" fromWho="2" sc="190,65,256,0,310,-55,234,0" /><INIT seed="4,0,0,0,1,93" ten="255,256,255,234" oya="0" hai0="72,26,112,117,74,82,103,17,113,66,11,76,109" hai1="85,89,40,78,102,96,47,104,53,23,101,95,119" hai2="24,4,92,73,114,13,5,44,9,128,100,28,122" hai3="54,90,110,15,121,91,1,105,52,37,31,84,20"/><T19/><D117/><U57/><E119/><V98/><F122/><W132/><G110/><T49/><D109/><U75/><E104/><V38/><F73/><N who="0" m="28266" /><D66/><U81/><E75/><V87/><F128/><W83/><G1/><T3/><D49/><U70/><E70/><V106/><F114/><N who="0" m="44138" /><D26/><U77/><E77/><V133/><F133/><W42/><G132/><T22/><D103/><U68/><E68/><V48/><F38/><W129/><G129/><T61/><D61/><U120/><E120/><V123/><F123/><W99/><G121/><T46/><D46/><U14/><E47/><V27/><F27/><N who="3" m="16871" /><G37/><T67/><D67/><U135/><E40/><V10/><F87/><N who="3" m="50559" /><G42/><T7/><D22/><U8/><E23/><N who="2" m="15391" /><F106/><W34/><G105/><T16/><D82/><U64/><E135/><V32/><F32/><W2/><G34/><T130/><D130/><U134/><E134/><V86/><F86/><W58/><G84/><T50/><D50/><N who="1" m="30903" /><E64/><V108/><F108/><W56/><G2/><T35/><D76/><U63/><E63/><V127/><F127/><W36/><G36/><T51/><D51/><U0/><E0/><V25/><F25/><W18/><G56/><T88/><D35/><U118/><E118/><V71/><F71/><W80/><G58/><T55/><D55/><U79/><E79/><V97/><F97/><W107/><G107/><T60/><D60/><U12/><E12/><N who="2" m="5159" /><F48/><W62/><G62/><T33/><D33/><U111/><E111/><V126/><F126/><W69/><G69/><T131/><D131/><U43/><E43/><V116/><F116/><RYUUKYOKU ba="0,0" sc="255,10,256,10,255,10,234,-30" hai0="3,7,11,16,17,19,88" hai1="8,14,78,81,85,89,95,96,101,102" hai2="5,10,13,44,92,98,100" /><INIT seed="4,1,0,3,5,89" ten="265,266,265,204" oya="0" hai0="10,115,34,13,105,101,21,75,23,133,44,116,131" hai1="29,53,109,81,126,129,82,132,102,48,24,100,85" hai2="83,70,77,11,32,121,30,120,63,84,18,37,65" hai3="39,125,117,78,72,35,111,67,93,104,61,71,64"/><T38/><D116/><U47/><E109/><V55/><F37/><W17/><G111/><T45/><D34/><U73/><E129/><V7/><F55/><W15/><G117/><T114/><D75/><U107/><E132/><V20/><F30/><W91/><G104/><T2/><D2/><U36/><E126/><V52/><F52/><W127/><G35/><T122/><D122/><U119/><E119/><V60/><F63/><W4/><G39/><T88/><D133/><U110/><E110/><V99/><F99/><W41/><G41/><T87/><D101/><U50/><E107/><V134/><F32/><W94/><G4/><T56/><D56/><U16/><E36/><V0/><REACH who="2" step="1"/><F134/><REACH who="2" ten="265,266,255,204" step="2"/><W118/><G118/><T128/><D38/><U1/><E29/><V74/><F74/><W79/><G64/><T96/><D96/><U43/><E73/><V51/><F51/><W90/><G72/><T49/><D49/><U68/><E50/><V33/><F33/><W97/><G127/><T113/><D44/><U9/><E53/><V69/><F69/><W124/><G124/><T5/><D45/><U135/><E68/><V92/><F92/><W108/><G108/><T98/><D98/><U31/><E31/><V76/><F76/><W95/><G125/><T106/><D105/><U123/><E135/><V3/><F3/><W59/><G71/><T42/><D106/><U58/><E47/><V6/><F6/><W26/><G97/><T46/><D46/><U25/><E48/><V57/><F57/><W40/><G59/><T54/><D54/><U130/><E58/><RYUUKYOKU ba="1,1" sc="265,-10,266,-10,255,30,204,-10" hai2="0,7,11,18,20,60,65,70,77,83,84,120,121" /><INIT seed="5,2,1,3,0,97" ten="255,256,285,194" oya="1" hai0="0,94,36,45,1,85,33,15,2,78,62,46,99" hai1="21,125,100,8,74,40,27,108,73,103,42,5,14" hai2="107,119,66,111,28,4,55,133,88,3,98,37,67" hai3="7,65,41,114,57,29,93,39,87,104,6,71,77"/><U110/><E125/><V123/><F119/><W116/><G104/><T120/><D33/><U59/><E59/><V132/><F123/><W61/><G116/><T105/><D120/><U72/><E42/><V96/><F37/><W70/><G114/><T9/><D36/><U54/><E54/><V84/><F111/><N who="1" m="42537" /><E40/><V124/><F28/><AGARI ba="2,1" hai="5,8,14,21,27,28,72,73,74,100,103" m="42537" machi="28" ten="40,7700,0" yaku="10,1,52,2" doraHai="97" who="1" fromWho="2" sc="255,0,256,93,285,-83,194,0" owari="255,5.5,349,44.9,202,-19.8,194,-30.6" /></mjloggm>