<mjloggm ver="2.3"><GO type="225" lobby="0"/><UN n0="%E8%90%BD%E6%97%A5" n1="%E3%83%81%E3%83%AF%E3%83%AF%E9%9A%8A%E9%95%B7" n2="%E5%B8%86%E7%AB%8B%E5%A4%8F%E8%A1%A3" n3="%E5%91%A8%E6%9D%B1" dan="16,16,17,17" rate="2169.74,2122.35,2173.27,2247.18" sx="F,M,M,M"/><TAIKYOKU oya="0"/><INIT seed="0,0,0,5,0,56" ten="250,250,250,250" oya="0" hai0="39,87,115,106,66,81,99,64,84,121,4,31,132" hai1="69,36,42,83,57,11,9,33,105,109,125,10,40" hai2="19,68,7,86,126,73,71,38,25,104,94,51,74" hai3="135,85,70,16,133,88,67,20,1,41,52,14,117"/><T53/><D115/><U108/><E69/><V48/><F38/><W62/><G1/><T92/><D121/><U28/><E105/><V89/><F104/><W79/><G117/><T43/><D106/><U17/><E125/><V45/><F126/><W91/><G41/><T21/><D132/><N who="3" m="50761" /><G52/><T59/><D4/><U128/><E128/><V22/><F7/><W12/><G12/><T97/><D43/><U24/><E40/><V61/><F51/><W47/><G47/><T102/><D97/><U15/><E83/><AGARI ba="0,0" hai="14,16,20,62,67,70,79,83,85,88,91" m="50761" machi="83" ten="30,7700,0" yaku="20,1,52,1,54,2" doraHai="56" who="3" fromWho="1" sc="250,0,250,-77,250,0,250,77" /><INIT seed="1,0,0,0,0,5" ten="250,173,250,327" oya="1" hai0="45,127,12,95,63,68,58,44,50,39,116,29,34" hai1="120,74,129,91,17,8,47,69,31,51,3,62,42" hai2="133,135,10,83,6,81,125,70,79,66,109,98,35" hai3="106,11,20,57,37,32,77,2,122,107,85,67,72"/><U46/><E120/><V97/><F35/><W130/><G32/><T30/><D116/><U9/><E74/><V1/><F109/><W118/><G37/><T128/><D128/><U132/><E129/><V92/><F125/><W119/><G72/><T108/><D108/><U99/><E132/><N who="2" m="50763" /><F79/><W105/><G122/><T94/><D127/><U53/><E31/><V22/><F22/><W21/><G130/><T15/><D68/><U56/><E69/><V25/><F25/><W82/><G57/><T41/><D34/><U88/><E3/><V43/><F43/><W48/><G48/><T113/><D113/><U59/><E17/><V103/><F97/><W23/><G67/><T65/><D30/><U112/><E112/><V33/><F33/><W76/><G76/><T16/><D15/><U18/><E18/><V26/><F26/><W7/><AGARI ba="0,0" hai="2,7,11,20,21,23,77,82,85,105,106,107,118,119" machi="7" ten="40,2700,0" yaku="0,1,52,1" doraHai="5" who="3" fromWho="3" sc="250,-7,173,-13,250,-7,327,27" /><INIT seed="2,0,0,5,0,113" ten="243,160,243,354" oya="2" hai0="11,62,79,120,131,58,103,109,94,100,87,81,1" hai1="57,93,86,111,83,63,98,48,13,56,77,40,17" hai2="71,82,19,89,90,22,74,2,60,125,7,21,52" hai3="34,46,5,28,85,45,32,126,123,12,128,133,30"/><V25/><F125/><W102/><G123/><T59/><D120/><U20/><E111/><V26/><F2/><W110/><G110/><T50/><D109/><U31/><E31/><V101/><F7/><W135/><G102/><T99/><D131/><U84/><E84/><V117/><F117/><W108/><G108/><T78/><D1/><U115/><E115/><V76/><F101/><W88/><G128/><T43/><D11/><U33/><E33/><V72/><F72/><W41/><G126/><T39/><D39/><U91/><E63/><V16/><REACH who="2" step="1"/><F52/><REACH who="2" ten="243,160,233,354" step="2"/><W127/><G127/><T51/><D100/><U130/><REACH who="1" step="1"/><E130/><REACH who="1" ten="243,150,233,354" step="2"/><V10/><F10/><N who="3" m="4175" /><G135/><T107/><D103/><U121/><E121/><V80/><F80/><W4/><G133/><T124/><D81/><U18/><E18/><V67/><AGARI ba="0,2" hai="16,19,21,22,25,26,60,67,71,74,76,82,89,90" machi="67" ten="30,12000,1" yaku="1,1,0,1,9,1,54,1,53,1" doraHai="113" doraHaiUra="64" who="2" fromWho="2" sc="243,-40,150,-40,233,140,354,-40" /><INIT seed="2,1,0,2,2,73" ten="203,110,373,314" oya="2" hai0="101,96,108,19,114,110,87,43,80,128,131,53,31" hai1="48,58,16,23,109,116,25,3,130,15,65,54,37" hai2="83,44,93,22,67,30,9,60,64,28,86,98,90" hai3="124,104,126,127,79,70,39,49,18,97,123,11,120"/><V24/><F9/><W6/><G39/><T115/><D53/><U12/><E116/><V92/><F92/><W33/><G70/><T62/><D62/><U75/><E37/><V27/><F44/><W14/><G33/><T56/><D56/><U118/><E118/><V135/><F135/><W26/><G49/><T76/><D43/><U45/><E3/><V113/><F113/><N who="0" m="43018" /><D19/><U69/><E130/><N who="0" m="49705" /><D31/><U29/><E109/><V134/><F134/><W46/><G46/><T35/><D35/><U95/><E75/><V111/><F111/><W32/><G32/><T57/><D57/><U38/><E69/><V36/><F36/><W100/><G26/><T71/><D71/><U52/><E65/><V117/><F117/><W106/><G106/><AGARI ba="1,0" hai="76,80,87,96,101,106,108,110" m="49705,43018" machi="106" ten="30,7700,0" yaku="19,1,34,2,52,1" doraHai="73" who="0" fromWho="3" sc="203,80,110,0,373,0,314,-80" /><INIT seed="3,0,0,1,1,112" ten="283,110,373,234" oya="3" hai0="58,47,83,98,50,75,56,126,42,45,70,94,72" hai1="93,110,68,57,82,133,30,13,129,35,130,105,12" hai2="115,107,116,46,24,102,37,16,118,31,0,88,7" hai3="53,69,71,54,60,3,99,19,87,92,125,49,36"/><W96/><G36/><T32/><D70/><U80/><E68/><V121/><F16/><W77/><G3/><T120/><D120/><U18/><E105/><V124/><F88/><W78/><G125/><T17/><D32/><U22/><E93/><V43/><F124/><W131/><G131/><T55/><D126/><U2/><E57/><V52/><F52/><W123/><G123/><T109/><D109/><U89/><E89/><V34/><F121/><W63/><G19/><T27/><D47/><U76/><E82/><V39/><F39/><W90/><G90/><T74/><D83/><U114/><E80/><V62/><F62/><W85/><G49/><T15/><D27/><U101/><E101/><V23/><F23/><W117/><REACH who="3" step="1"/><G92/><REACH who="3" ten="283,110,373,224" step="2"/><T113/><D113/><U127/><E76/><V111/><F115/><W33/><G33/><T108/><D94/><U65/><E114/><V91/><F91/><W97/><G97/><T9/><D98/><U14/><E127/><V1/><F111/><W59/><G59/><T4/><D108/><U132/><E110/><V134/><F0/><W66/><G66/><T104/><D58/><U41/><E41/><V84/><F1/><W106/><G106/><T38/><D104/><U44/><E2/><V5/><F107/><W81/><G81/><T25/><D17/><U135/><E65/><V64/><F64/><W128/><G128/><N who="1" m="49258" /><E44/><V51/><F46/><W48/><G48/><T21/><D56/><U95/><E95/><V8/><F43/><W79/><G79/><T11/><D50/><U29/><E35/><V26/><F34/><RYUUKYOKU ba="0,1" sc="283,-15,110,15,373,-15,224,15" hai1="12,13,14,18,22,29,30,132,133,135" hai3="53,54,60,63,69,71,77,78,85,87,96,99,117" /><INIT seed="3,1,1,4,2,90" ten="268,125,358,239" oya="3" hai0="48,77,81,91,123,105,53,51,18,117,63,104,127" hai1="107,23,99,33,65,130,17,75,10,72,40,111,118" hai2="55,121,122,74,114,45,20,82,12,84,67,1,86" hai3="27,100,58,41,124,83,76,135,64,56,95,119,102"/><W21/><G119/><T47/><D117/><U9/><E118/><V129/><F1/><W120/><G120/><N who="2" m="46185" /><F114/><W93/><G135/><T79/><D123/><U73/><E33/><V69/><F129/><W13/><G41/><T106/><D127/><U0/><E130/><V59/><F45/><W7/><G124/><T36/><D36/><U66/><E111/><V131/><F131/><W61/><G58/><T16/><D63/><U3/><E40/><V28/><F67/><W115/><G115/><T128/><D128/><U112/><E112/><V34/><F34/><W88/><G13/><T31/><D31/><U22/><E99/><V32/><F32/><W29/><G7/><T25/><D25/><U96/><E96/><V109/><F69/><W50/><G50/><T60/><D60/><U98/><E98/><V85/><F109/><W49/><G49/><T37/><D37/><U5/><E107/><V78/><F28/><W52/><G64/><T97/><D51/><U43/><E43/><V80/><F20/><W6/><G6/><T125/><D125/><U30/><E72/><V4/><F4/><W132/><G132/><T94/><REACH who="0" step="1"/><D79/><REACH who="0" ten="258,125,358,239" step="2"/><U2/><E30/><V108/><F108/><W87/><G93/><T42/><D42/><U68/><E0/><V19/><F78/><W89/><G89/><T24/><D24/><U126/><E126/><V62/><F74/><AGARI ba="1,2" hai="21,27,29,52,56,61,74,76,83,87,88,95,100,102" machi="74" ten="30,11600,0" yaku="7,1,52,1,54,2" doraHai="90" who="3" fromWho="2" sc="258,0,125,0,358,-119,239,139" /><AGARI ba="1,0" hai="16,18,47,48,53,74,77,81,91,94,97,104,105,106" machi="74" ten="40,5200,0" yaku="1,1,52,1,54,1,53,0" doraHai="90" doraHaiUra="38" who="0" fromWho="2" sc="258,52,125,0,239,-52,378,0" owari="310,11.0,125,-37.5,187,-21.3,378,47.8" /></mjloggm>