<mjloggm ver="2.3"><GO type="225" lobby="0"/><UN n0="%E3%83%81%E3%83%83%E3%82%BF%E3%82%BD%E3%83%BC" n1="%E7%99%BD%E5%80%89%E5%AF%9B%E4%B9%8B" n2="%79%75%72%69%6D%6F%67" n3="%E3%82%A4%E3%83%BC%E3%82%B1%E3%83%97%E3%83%A9" dan="16,16,16,16" rate="2125.68,2139.76,2194.43,2201.10" sx="F,M,F,M"/><TAIKYOKU oya="0"/><INIT seed="0,0,0,4,5,15" ten="250,250,250,250" oya="0" hai0="129,18,12,43,63,13,17,68,34,44,26,76,31" hai1="115,39,118,16,75,96,126,5,128,107,35,92,1" hai2="108,89,23,110,114,36,100,91,72,88,61,131,19" hai3="119,95,7,73,98,130,48,8,40,74,70,22,104"/><T62/><D129/><U10/><RYUUKYOKU type="yao9" ba="0,0" sc="250,0,250,0,250,0,250,0" hai1="1,5,10,16,35,39,75,92,96,107,115,118,126,128" /><INIT seed="0,1,0,1,4,115" ten="250,250,250,250" oya="0" hai0="0,90,14,3,40,122,56,103,68,16,88,117,38" hai1="1,60,63,128,101,135,50,39,69,118,11,55,10" hai2="9,29,75,48,53,109,51,89,23,93,22,33,57" hai3="78,32,61,133,25,12,72,111,74,126,43,98,81"/><T36/><D117/><U95/><E39/><V129/><F75/><W107/><G74/><T37/><D122/><U102/><E128/><V131/><F109/><W132/><G111/><T97/><D68/><U41/><E135/><N who="3" m="51786" /><G126/><T96/><D40/><U123/><E123/><V83/><F33/><W45/><G12/><T65/><D65/><U106/><E106/><V79/><F29/><N who="3" m="19503" /><G61/><N who="1" m="23626" /><E118/><V104/><F104/><W24/><G24/><T5/><D56/><N who="1" m="32887" /><E69/><V108/><F108/><W54/><G54/><T52/><D52/><U66/><E1/><V86/><F51/><N who="3" m="27071" /><G107/><T58/><D58/><U17/><E41/><V105/><F105/><W100/><G98/><T113/><D113/><U62/><E66/><V85/><REACH who="2" step="1"/><F9/><REACH who="2" ten="250,250,240,250" step="2"/><W92/><G92/><T35/><D35/><U125/><E11/><V91/><F91/><W80/><G80/><T84/><D90/><U119/><E95/><V127/><F127/><W87/><G72/><T114/><D114/><U30/><E125/><V71/><F71/><W124/><G124/><T20/><D103/><AGARI ba="1,1" hai="78,81,87,100,103" m="27071,19503,51786" machi="103" ten="30,1000,0" yaku="20,1" doraHai="115" who="3" fromWho="0" sc="250,-13,250,0,240,0,250,23" /><INIT seed="1,0,0,0,5,130" ten="237,250,240,273" oya="1" hai0="93,99,4,36,46,82,112,8,120,58,3,35,48" hai1="104,21,0,15,79,89,32,111,71,22,55,62,10" hai2="76,113,59,125,5,126,78,90,52,69,34,131,105" hai3="64,124,47,108,24,63,86,37,123,96,23,133,65"/><U50/><E32/><V17/><F69/><W121/><G108/><T91/><D112/><U95/><E104/><V14/><F105/><W107/><G124/><N who="2" m="47721" /><F34/><W135/><G86/><T53/><D120/><N who="3" m="46153" /><G107/><T88/><D35/><U87/><E0/><V7/><F131/><W33/><G96/><T132/><D132/><N who="3" m="50761" /><G33/><T12/><D36/><U1/><E1/><V20/><F90/><W40/><G63/><T114/><D114/><U38/><E111/><V11/><F113/><W134/><N who="3" m="50769" /><W67/><DORA hai="129" /><G67/><T70/><D70/><U60/><E71/><V117/><F117/><W56/><G56/><T110/><D110/><U94/><E62/><N who="2" m="36199" /><F7/><W83/><G83/><T75/><D58/><U42/><E60/><V18/><F18/><AGARI ba="0,0" hai="18,23,24,37,40,47,64,65" m="50769,46153" machi="18" ten="40,16000,3" yaku="20,1,52,8" doraHai="130,129" who="3" fromWho="2" sc="237,0,250,0,240,-160,273,160" /><INIT seed="2,0,0,1,3,24" ten="237,250,80,433" oya="2" hai0="44,16,58,123,42,59,98,114,93,69,89,0,56" hai1="107,19,27,75,57,62,80,5,76,31,97,38,79" hai2="72,94,116,110,52,51,21,22,86,2,127,129,15" hai3="29,100,18,122,8,3,10,134,83,25,124,61,85"/><V9/><F72/><W111/><G122/><T39/><D114/><U126/><E38/><V108/><F116/><W45/><G111/><N who="2" m="42537" /><F2/><W115/><G115/><T33/><D123/><U84/><E126/><V30/><F129/><W73/><G73/><T82/><D69/><U41/><E41/><V77/><F127/><W70/><G124/><T40/><D0/><U34/><E5/><V49/><F49/><W133/><G100/><T6/><D6/><U12/><E107/><V65/><F65/><N who="3" m="41263" /><G18/><T63/><D40/><U74/><E97/><V11/><F21/><N who="3" m="15535" /><G45/><T13/><D33/><U117/><E76/><V47/><F15/><W46/><G46/><T112/><D112/><U66/><REACH who="1" step="1"/><E117/><REACH who="1" ten="237,240,80,433" step="2"/><V99/><F77/><N who="3" m="46319" /><G3/><T55/><REACH who="0" step="1"/><D82/><REACH who="0" ten="227,240,80,433" step="2"/><U67/><E67/><V132/><F132/><AGARI ba="0,2" hai="8,10,132,133,134" m="46319,15535,41263" machi="132" ten="30,2000,0" yaku="20,1,52,1" doraHai="24" who="3" fromWho="2" sc="227,0,240,0,80,-20,433,40" /><INIT seed="3,0,0,2,5,96" ten="227,240,60,473" oya="3" hai0="75,103,39,111,125,106,50,62,82,66,14,132,99" hai1="64,115,28,77,81,24,44,65,15,51,25,97,67" hai2="72,60,1,5,95,130,91,80,34,27,98,84,123" hai3="46,54,118,41,4,69,20,32,29,42,16,40,58"/><W104/><G118/><T33/><D111/><U101/><E115/><V17/><F130/><W86/><G69/><T2/><D125/><U74/><E15/><V73/><F123/><W105/><G4/><T107/><D132/><U0/><E0/><V59/><F5/><W68/><G68/><T3/><D39/><U100/><E97/><V23/><F1/><W131/><G131/><T7/><D107/><U45/><E25/><V85/><F34/><W102/><G29/><T114/><D114/><U37/><E37/><V57/><F73/><W38/><G32/><T71/><D33/><U94/><E94/><V76/><F59/><W49/><G86/><T89/><D50/><U35/><REACH who="1" step="1"/><E45/><REACH who="1" ten="227,230,60,473" step="2"/><V121/><REACH who="2" step="1"/><F121/><REACH who="2" ten="227,230,50,473" step="2"/><W8/><G46/><T126/><D3/><U134/><E134/><V30/><F30/><W31/><G31/><T12/><D2/><U43/><AGARI ba="0,2" hai="24,28,35,43,44,51,64,65,67,74,77,81,100,101" machi="43" ten="30,7900,0" yaku="1,1,0,1,52,2,53,0" doraHai="96" doraHaiUra="108" who="1" fromWho="1" sc="227,-20,230,99,50,-20,473,-39" owari="207,-19.3,329,12.9,30,-47.0,434,53.4" /></mjloggm>