<mjloggm ver="2.3"><GO type="225" lobby="0"/><UN n0="%E3%82%A2%E3%83%9E%E3%83%9D%EF%BD%9E%EF%BD%9E%E3%83%A9" n1="%E6%9C%88%E5%B3%B6%E5%9F%BA" n2="%E6%B4%BE%E9%81%A3%E3%81%AE%E3%82%B8%E3%83%A3%E3%83%83%E3%82%AF" n3="%E3%83%A9%E3%82%A4%E3%83%B3%E3%81%AE%E8%99%8E" dan="17,16,17,16" rate="2047.14,2162.09,2200.71,2138.38" sx="M,M,M,M"/><TAIKYOKU oya="0"/><INIT seed="0,0,0,3,1,113" ten="250,250,250,250" oya="0" hai0="106,23,109,88,114,100,89,24,82,91,132,33,10" hai1="126,121,66,98,75,115,45,77,58,5,65,3,54" hai2="124,17,105,87,25,7,123,76,43,9,38,35,111" hai3="68,49,94,37,32,40,26,0,48,116,20,34,119"/><T117/><D114/><U42/><E115/><V11/><F105/><W90/><G68/><T28/><D132/><U134/><E121/><V30/><F123/><W44/><G0/><T14/><D109/><U69/><E134/><V31/><F111/><W50/><G32/><T81/><D33/><U61/><E126/><V36/><F124/><W56/><G56/><T84/><D117/><U13/><E98/><V57/><F31/><W125/><G34/><T27/><D27/><U53/><E13/><V97/><F97/><W128/><G128/><T6/><D106/><U107/><E107/><V78/><F57/><W72/><G72/><T19/><D100/><U60/><E77/><V15/><F43/><W95/><G95/><T83/><REACH who="0" step="1"/><D84/><REACH who="0" ten="240,250,250,250" step="2"/><U135/><E135/><V118/><F118/><W70/><G125/><T67/><D67/><U73/><E73/><V79/><REACH who="2" step="1"/><F87/><REACH who="2" ten="240,250,240,250" step="2"/><W112/><G112/><T21/><D21/><U127/><E75/><V85/><F85/><W103/><G119/><T12/><D12/><AGARI ba="0,2" hai="7,9,11,12,15,17,25,30,35,36,38,76,78,79" machi="12" ten="40,1300,0" yaku="1,1,53,0" doraHai="113" doraHaiUra="39" who="2" fromWho="0" sc="240,-13,250,0,240,33,250,0" /><INIT seed="1,0,0,5,1,133" ten="227,250,273,250" oya="1" hai0="94,65,100,56,27,70,16,18,116,134,35,107,8" hai1="55,104,40,52,102,99,29,32,83,31,28,120,34" hai2="118,122,54,49,20,46,19,78,1,12,131,113,80" hai3="93,121,91,21,74,59,61,25,0,13,103,50,23"/><U42/><E120/><V111/><F122/><W128/><G121/><T11/><D116/><U67/><E67/><V17/><F111/><W114/><G128/><T85/><D134/><U126/><E83/><V81/><F118/><W92/><G0/><T26/><D70/><U60/><E126/><V109/><F109/><W44/><G74/><T30/><D107/><U45/><E42/><V57/><F131/><W71/><G71/><T89/><D100/><U73/><E73/><V5/><F113/><W47/><G103/><T119/><D119/><U22/><E22/><V110/><F110/><W51/><G93/><T87/><D87/><U84/><E84/><V125/><F17/><N who="0" m="6762" /><D35/><U69/><E69/><V15/><F1/><W76/><G76/><T66/><D66/><U10/><E10/><N who="0" m="3625" /><D30/><U43/><E43/><V96/><F96/><W95/><G95/><T58/><D65/><U130/><E130/><V82/><F78/><W37/><G92/><T108/><D108/><U4/><E4/><V124/><F46/><W2/><G44/><T129/><D129/><U97/><E97/><V36/><F36/><W6/><G47/><T127/><D127/><N who="2" m="48714" /><F5/><W68/><G37/><T88/><D89/><U90/><E90/><V86/><F86/><W41/><G91/><T62/><D26/><AGARI ba="0,0" hai="12,15,19,20,26,49,54,57,80,81,82" m="48714" machi="26" ten="30,7700,0" yaku="18,1,52,3" doraHai="133" who="2" fromWho="0" sc="227,-77,250,0,273,77,250,0" /><INIT seed="2,0,0,1,0,15" ten="150,250,350,250" oya="2" hai0="103,64,63,95,96,27,73,32,129,40,31,100,123" hai1="83,51,18,110,111,99,125,17,92,56,124,68,74" hai2="76,50,33,23,115,24,128,122,38,37,86,52,109" hai3="98,44,7,29,22,46,47,14,48,16,19,108,12"/><V133/><F115/><W4/><G108/><N who="1" m="41514" /><E68/><V13/><F122/><W131/><G131/><T97/><D129/><U114/><E114/><V11/><F33/><W5/><G98/><T21/><D123/><U60/><E51/><V49/><F49/><W39/><G39/><T119/><D119/><U10/><E10/><V3/><F3/><W57/><G29/><T59/><D73/><U75/><E75/><V81/><F133/><W41/><G57/><T127/><D127/><N who="1" m="48715" /><E83/><V20/><F20/><AGARI ba="0,0" hai="4,5,7,12,14,16,19,20,22,41,44,46,47,48" machi="20" ten="40,8000,1" yaku="9,1,8,1,52,2,54,1" doraHai="15" who="3" fromWho="2" sc="150,0,250,0,350,-80,250,80" /><INIT seed="3,0,0,2,3,30" ten="150,250,270,330" oya="3" hai0="16,76,46,53,15,27,65,85,4,7,92,9,129" hai1="118,25,93,29,17,112,6,67,79,13,64,115,39" hai2="131,47,2,34,130,134,57,42,74,105,122,26,86" hai3="127,98,89,75,114,21,55,71,37,18,99,73,36"/><W117/><G114/><T78/><D129/><U121/><E39/><V60/><F74/><W81/><G71/><T77/><D65/><U95/><E121/><V1/><F105/><W116/><G127/><T69/><D69/><U107/><E107/><V12/><F12/><W120/><G55/><T106/><D106/><U132/><E132/><V48/><F86/><W20/><G18/><T31/><D46/><U58/><E6/><V38/><F134/><W94/><G94/><T97/><D53/><U135/><E135/><V5/><F48/><W128/><G89/><T28/><D85/><U61/><E79/><V43/><F43/><W24/><G24/><T14/><D14/><U88/><E93/><V90/><F90/><W56/><G56/><T82/><D82/><U62/><E118/><V84/><F84/><W111/><G81/><T100/><REACH who="0" step="1"/><D28/><REACH who="0" ten="140,250,270,330" step="2"/><U63/><E67/><N who="2" m="39311" /><F131/><W50/><G128/><T102/><D102/><U125/><E64/><V124/><F47/><W0/><G116/><T87/><D87/><U59/><E13/><V96/><F130/><W44/><G117/><T101/><D101/><U123/><E29/><V49/><F1/><W3/><G44/><T119/><D119/><U8/><E112/><V126/><F2/><W41/><G0/><T23/><AGARI ba="0,1" hai="4,7,9,15,16,23,27,31,76,77,78,92,97,100" machi="23" ten="30,7900,0" yaku="1,1,0,1,8,1,54,1,53,0" doraHai="30" doraHaiUra="70" who="0" fromWho="0" sc="140,89,250,-20,270,-20,330,-39" /><INIT seed="4,0,0,1,0,73" ten="229,230,250,291" oya="0" hai0="27,17,127,110,107,12,15,86,90,92,14,111,29" hai1="99,128,47,84,81,36,78,20,72,10,114,2,40" hai2="55,62,119,24,18,7,39,109,49,53,120,106,98" hai3="115,34,54,66,116,32,28,131,89,21,31,48,50"/><T112/><D112/><U94/><E114/><V22/><F109/><N who="0" m="41482" /><D107/><U97/><E128/><V80/><F120/><W56/><G115/><T61/><D61/><U95/><E20/><V83/><F39/><W87/><G116/><T129/><D129/><U126/><E126/><V108/><F108/><W9/><G131/><T135/><D127/><U11/><E11/><V8/><F119/><W57/><G32/><N who="0" m="20543" /><D135/><U64/><E64/><V42/><F62/><N who="3" m="38223" /><G34/><T51/><D51/><U65/><E65/><V96/><F49/><N who="3" m="30799" /><G9/><AGARI ba="0,0" hai="9,12,14,15,17,86,90,92" m="20543,41482" machi="9" ten="30,1500,0" yaku="10,1" doraHai="73" who="0" fromWho="3" sc="229,15,230,0,250,0,291,-15" /><INIT seed="4,1,0,4,5,58" ten="244,230,250,276" oya="0" hai0="83,84,127,114,41,86,5,10,96,18,94,77,54" hai1="25,90,62,89,46,115,63,28,87,22,61,33,82" hai2="65,80,53,13,35,67,102,66,37,50,117,21,128" hai3="125,31,11,6,129,120,93,26,49,88,17,130,48"/><T40/><D114/><U15/><E115/><V97/><F35/><W107/><G107/><T29/><D127/><U108/><E108/><V133/><F37/><W71/><G71/><T85/><D29/><U101/><E101/><V68/><F133/><W38/><G38/><T64/><D64/><U36/><E33/><V134/><F134/><W9/><G17/><T12/><D54/><U73/><E73/><V78/><F128/><W1/><G11/><T112/><D18/><U39/><E15/><V100/><F117/><W131/><G125/><T14/><D14/><U110/><E110/><V79/><F68/><W2/><G2/><T76/><D112/><U135/><E135/><V72/><F79/><N who="0" m="30282" /><D83/><U118/><E118/><V55/><F55/><W121/><G31/><T99/><D99/><U59/><E89/><AGARI ba="1,0" hai="5,10,12,40,41,84,85,86,89,94,96" m="30282" machi="89" ten="30,1500,0" yaku="8,1" doraHai="58" who="0" fromWho="1" sc="244,18,230,-18,250,0,276,0" /><INIT seed="4,2,0,5,3,52" ten="262,212,250,276" oya="0" hai0="130,84,68,36,104,81,42,63,133,15,95,105,16" hai1="43,122,67,48,100,113,126,29,83,132,18,23,65" hai2="27,32,37,96,39,10,86,89,45,112,34,55,78" hai3="61,60,19,124,0,51,114,7,47,74,117,9,75"/><T129/><D133/><U119/><E119/><V116/><F116/><W70/><G117/><T14/><D14/><U69/><E122/><V109/><F109/><W80/><G114/><T44/><D95/><U97/><E132/><V79/><F112/><W8/><G124/><T21/><D68/><U58/><E113/><V66/><F66/><W121/><G121/><T90/><D63/><U11/><E69/><V127/><F127/><W102/><G102/><T71/><D71/><U135/><E135/><V94/><F10/><W59/><G80/><T108/><D108/><U22/><E126/><V46/><F39/><W17/><G61/><T20/><D20/><U85/><E29/><V106/><F37/><W53/><G70/><T57/><D57/><U38/><E38/><V25/><F45/><W131/><G131/><AGARI ba="2,0" hai="15,16,21,36,42,44,81,84,90,104,105,129,130,131" machi="131" ten="40,3900,0" yaku="19,1,54,1" doraHai="52" who="0" fromWho="3" sc="262,45,212,0,250,0,276,-45" owari="307,40.7,212,-28.8,250,5.0,231,-16.9" /></mjloggm>