<mjloggm ver="2.3"><GO type="225" lobby="0"/><UN n0="%E6%97%A5%E6%9B%9C%E6%97%A5%E3%82%88%E3%82%8A%E3%81%AE%E4%BD%BF%E8%80%85" n1="%E5%B6%BA%E4%B8%8A%E5%92%B2" n2="%E8%81%B7%E6%A5%AD%E3%80%81%E9%A2%A8%32" n3="%E6%9D%B1%E9%A2%A8%E3%81%AE%E3%81%8D%E3%82%83%E3%81%B7%E3%81%95%E3%82%93" dan="17,16,16,16" rate="2227.01,2140.34,2152.62,2165.70" sx="M,F,M,M"/><TAIKYOKU oya="0"/><INIT seed="0,0,0,3,3,7" ten="250,250,250,250" oya="0" hai0="71,92,64,52,115,19,61,65,128,0,90,31,119" hai1="73,99,75,39,127,13,2,117,98,105,125,89,79" hai2="123,108,46,10,28,102,111,12,32,3,25,112,80" hai3="54,48,133,97,104,69,8,86,93,88,26,44,60"/><T110/><D115/><U134/><E2/><V41/><F112/><W95/><G133/><T120/><D119/><U27/><E117/><V63/><F123/><W22/><G104/><T96/><D120/><U122/><E122/><V9/><F102/><W58/><G69/><T87/><D0/><U4/><E134/><V116/><F116/><W84/><G8/><N who="2" m="3177" /><F3/><W91/><G97/><T1/><D1/><U20/><E39/><N who="2" m="21823" /><F80/><W126/><G126/><N who="1" m="48138" /><E105/><V18/><F63/><W37/><G37/><T16/><D31/><N who="1" m="17895" /><E79/><V45/><F45/><W72/><G72/><N who="1" m="27722" /><E89/><V33/><F12/><W38/><G38/><T101/><D65/><U81/><E81/><V47/><F47/><W11/><G11/><AGARI ba="0,0" hai="4,11,13,98,99" m="27722,17895,48138" machi="11" ten="30,2000,0" yaku="18,1,52,1" doraHai="7" who="1" fromWho="3" sc="250,0,250,20,250,0,250,-20" /><INIT seed="1,0,0,4,4,14" ten="250,270,250,230" oya="1" hai0="82,43,111,44,34,37,35,25,119,70,46,115,100" hai1="0,135,27,85,80,54,21,97,23,102,30,87,73" hai2="124,75,33,18,57,134,1,84,114,118,38,72,74" hai3="91,48,101,126,42,7,24,39,110,107,60,90,93"/><U106/><E0/><V76/><F1/><W94/><G39/><T92/><D115/><U120/><E120/><V4/><F118/><W5/><G126/><T65/><D119/><U67/><E135/><V68/><F68/><W55/><G110/><T26/><D111/><U117/><E117/><V63/><F38/><W77/><G77/><T69/><D82/><U3/><E3/><V20/><F33/><W50/><G107/><T17/><D65/><U12/><E67/><V98/><F4/><W88/><G24/><T32/><D46/><U59/><E73/><V122/><F122/><W2/><G2/><T121/><D121/><U109/><E109/><V52/><F124/><W45/><G60/><T127/><D127/><U108/><E108/><V133/><F114/><W104/><G104/><T8/><D100/><U15/><E23/><V53/><F53/><W116/><G116/><T132/><D92/><N who="3" m="35433" /><G101/><T99/><D99/><U9/><E80/><V105/><F98/><W47/><AGARI ba="0,0" hai="5,7,42,45,47,48,50,55,88,90,91" m="35433" machi="47" ten="30,2000,0" yaku="8,1,54,1" doraHai="14" who="3" fromWho="3" sc="250,-5,270,-10,250,-5,230,20" /><INIT seed="2,0,0,3,3,63" ten="245,260,245,250" oya="2" hai0="33,123,45,128,80,105,55,122,28,54,108,68,59" hai1="61,9,104,18,5,97,118,116,72,2,30,102,114" hai2="67,64,52,16,86,6,66,31,113,119,14,125,78" hai3="96,132,121,29,94,47,79,82,131,1,135,84,35"/><V93/><F119/><W99/><G1/><T0/><D105/><U70/><E114/><V46/><F113/><W89/><G35/><T83/><D0/><U4/><E18/><V42/><F125/><W111/><G29/><T40/><D28/><U95/><E5/><V69/><F69/><W39/><G39/><T124/><D33/><U22/><E22/><N who="2" m="11543" /><F31/><W24/><G24/><T26/><D26/><U41/><E95/><V88/><F6/><W20/><G20/><T10/><D10/><U90/><E30/><V98/><F42/><W44/><G121/><T110/><D68/><U65/><E90/><N who="2" m="55607" /><F78/><W100/><G131/><T56/><D124/><U23/><E23/><V53/><F46/><W126/><G126/><T134/><D128/><U106/><E106/><V77/><F77/><W50/><G44/><T36/><D36/><U12/><E12/><V71/><F71/><W34/><G34/><T73/><D45/><U92/><E41/><V91/><F91/><W109/><G47/><T38/><D38/><U17/><E17/><V19/><F19/><W37/><G37/><T103/><D40/><U51/><E72/><V7/><F7/><W117/><G117/><T101/><REACH who="0" step="1"/><D73/><REACH who="0" ten="235,260,245,250" step="2"/><U115/><E115/><V57/><F57/><W48/><G135/><AGARI ba="0,1" hai="54,55,56,59,80,83,101,103,108,110,122,123,134,135" machi="135" ten="25,6400,0" yaku="1,1,2,1,22,2,53,0" doraHai="63" doraHaiUra="81" who="0" fromWho="3" sc="235,74,260,0,245,0,250,-64" /><INIT seed="3,0,0,3,1,30" ten="309,260,245,186" oya="3" hai0="128,63,16,43,87,41,56,93,32,64,113,47,130" hai1="96,6,112,7,52,84,98,88,131,99,11,36,20" hai2="101,37,124,107,65,23,27,54,92,1,8,62,118" hai3="103,77,29,57,108,91,61,116,122,9,71,66,4"/><W17/><G116/><T31/><D113/><U59/><E36/><V94/><F37/><W50/><G122/><T35/><D16/><U51/><E112/><V76/><F118/><W126/><G108/><T72/><D72/><U40/><E131/><N who="0" m="50217" /><D31/><U123/><E123/><V80/><F107/><W69/><G126/><T132/><D132/><U3/><E40/><N who="0" m="15433" /><D47/><U127/><E127/><V117/><F54/><W45/><G29/><T125/><D125/><U53/><E20/><V97/><F94/><W67/><G17/><T39/><D39/><U18/><E53/><V100/><F117/><W44/><G103/><T42/><D42/><U15/><E3/><V25/><F101/><W83/><G91/><AGARI ba="0,0" hai="32,35,56,63,64,87,91,93" m="15433,50217" machi="91" ten="30,3900,0" yaku="19,1,52,2" doraHai="30" who="0" fromWho="3" sc="309,39,260,0,245,0,186,-39" owari="348,44.8,260,6.0,245,-15.5,147,-35.3" /></mjloggm>