<mjloggm ver="2.3"><GO type="225" lobby="0"/><UN n0="%E6%81%A5%E6%99%92%E3%81%97" n1="%E3%81%AF%E3%82%88%E3%81%8A%E3%81%98%E3%81%95%E3%82%93" n2="%E3%81%BF%E3%81%BF%E3%81%9A" n3="%E3%83%A9%E3%83%BC%E3%83%A1%E3%83%B3%E4%BA%94%E9%83%8E" dan="16,16,18,16" rate="2086.56,2132.35,2245.81,2089.76" sx="M,M,M,M"/><TAIKYOKU oya="0"/><INIT seed="0,0,0,5,0,89" ten="250,250,250,250" oya="0" hai0="115,8,127,97,63,59,131,4,64,130,106,33,53" hai1="21,49,86,118,11,56,119,20,126,43,87,42,17" hai2="47,32,134,123,94,121,10,13,69,28,84,23,61" hai3="55,124,24,9,19,90,29,1,6,2,73,72,82"/><T78/><D115/><U51/><E11/><V91/><F32/><W38/><G124/><T57/><D33/><U101/><E101/><V7/><F134/><W65/><G38/><T31/><D31/><U102/><E102/><V44/><F69/><W25/><G65/><T81/><D127/><U16/><E126/><V135/><F135/><W108/><G1/><T125/><D125/><U109/><REACH who="1" step="1"/><E56/><REACH who="1" ten="250,240,250,250" step="2"/><V112/><F112/><W120/><G9/><T88/><D59/><U40/><E40/><V92/><F123/><W76/><G120/><T26/><D57/><U95/><E95/><N who="2" m="54759" /><F121/><W58/><G58/><T128/><D106/><U68/><E68/><V103/><F61/><W60/><G60/><T46/><D63/><U22/><E22/><V30/><F103/><W116/><G82/><T67/><D81/><U114/><E114/><V105/><F105/><W110/><G108/><AGARI ba="0,1" hai="16,17,20,21,42,43,49,51,86,87,108,109,118,119" machi="108" ten="25,6400,0" yaku="1,1,22,2,54,1,53,0" doraHai="89" doraHaiUra="75" who="1" fromWho="3" sc="250,0,240,74,250,0,250,-64" /><INIT seed="1,0,0,4,4,33" ten="250,314,250,186" oya="1" hai0="90,108,118,83,98,71,112,104,46,11,111,3,91" hai1="53,42,117,64,36,69,45,60,16,21,88,13,126" hai2="73,40,20,0,12,66,47,18,52,77,133,56,37" hai3="78,23,35,81,30,127,80,24,130,102,34,107,113"/><U76/><E126/><V9/><F133/><W99/><G130/><T1/><D71/><U61/><E117/><V41/><F66/><W110/><G110/><N who="0" m="42027" /><D112/><U32/><E32/><V4/><F41/><W62/><G127/><T70/><D118/><U131/><E131/><V10/><F10/><W27/><G113/><T14/><D70/><U50/><E76/><V101/><F101/><W120/><G120/><T55/><D104/><U134/><E134/><V129/><F129/><W119/><G119/><T25/><D25/><U8/><E61/><V89/><F89/><N who="0" m="33802" /><D83/><U128/><E128/><V123/><F123/><W106/><G106/><T135/><D135/><U17/><E88/><V100/><F100/><W38/><G38/><T28/><D28/><U114/><E114/><V103/><F103/><W54/><G78/><T19/><D98/><U121/><E121/><V116/><F116/><W124/><G124/><T109/><N who="0" m="42035" /><T96/><DORA hai="85" /><D96/><U93/><E93/><V44/><F44/><W87/><G35/><T92/><D92/><U122/><E122/><V95/><F95/><W31/><REACH who="3" step="1"/><G87/><REACH who="3" ten="250,314,250,176" step="2"/><T22/><D22/><U125/><E125/><V15/><F77/><W49/><G49/><AGARI ba="0,1" hai="1,3,11,14,19,46,49,55" m="33802,42035" machi="49" ten="40,12000,2" yaku="14,1,52,5" doraHai="33,85" who="0" fromWho="3" sc="250,130,314,0,250,0,176,-120" /><INIT seed="2,0,0,3,1,31" ten="380,314,250,56" oya="2" hai0="69,41,0,104,22,89,36,61,117,131,60,88,116" hai1="30,52,72,84,97,34,83,24,67,118,96,120,133" hai2="75,3,35,122,135,46,8,93,130,13,115,126,48" hai3="63,26,33,37,64,12,81,102,73,10,39,57,6"/><V2/><F115/><W11/><G102/><T43/><D104/><U124/><E118/><N who="0" m="45673" /><D131/><U101/><E124/><V123/><F75/><W111/><G111/><T106/><D106/><U91/><E133/><V19/><F93/><W54/><G11/><T49/><D49/><U98/><E120/><N who="2" m="46123" /><F48/><W53/><G73/><T4/><D22/><U90/><E72/><V14/><F46/><W18/><G81/><T1/><D4/><U132/><E132/><V27/><F135/><W29/><REACH who="3" step="1"/><G6/><REACH who="3" ten="380,314,250,46" step="2"/><T113/><D36/><AGARI ba="0,1" hai="10,12,18,26,29,33,36,37,39,53,54,57,63,64" machi="36" ten="40,5200,0" yaku="1,1,2,1,52,1,53,0" doraHai="31" doraHaiUra="79" who="3" fromWho="0" sc="380,-52,314,0,250,0,46,62" /><INIT seed="3,0,0,0,2,101" ten="328,314,250,108" oya="3" hai0="60,72,32,88,34,49,2,31,9,85,23,133,4" hai1="128,113,57,43,46,12,83,10,52,68,36,30,63" hai2="77,61,18,103,20,91,17,105,122,8,76,53,97" hai3="13,120,119,102,123,121,89,50,81,19,66,42,35"/><W44/><G119/><T24/><D72/><U6/><E113/><V98/><F122/><W107/><G35/><T55/><D60/><U69/><E128/><V116/><F116/><W29/><G29/><T124/><D133/><U112/><E112/><V135/><F135/><W94/><G66/><T125/><D23/><U92/><E30/><V132/><F132/><W64/><G64/><T25/><D34/><U15/><E92/><V38/><F38/><W118/><G118/><T117/><D117/><U130/><E130/><V22/><F8/><W126/><G126/><N who="0" m="48747" /><D31/><U45/><E83/><V54/><F61/><W11/><G81/><N who="0" m="49199" /><D32/><U37/><E15/><V93/><F77/><W106/><REACH who="3" step="1"/><G102/><REACH who="3" ten="328,314,250,98" step="2"/><T51/><D55/><U3/><E69/><V78/><F76/><W84/><AGARI ba="0,1" hai="11,13,19,42,44,50,84,89,94,106,107,120,121,123" machi="84" ten="30,12000,1" yaku="1,1,2,1,0,1,52,2,53,0" doraHai="101" doraHaiUra="129" who="3" fromWho="3" sc="328,-40,314,-40,250,-40,98,130" /><INIT seed="3,1,0,1,3,55" ten="288,274,210,228" oya="3" hai0="25,102,42,114,89,26,105,27,10,35,79,64,73" hai1="85,17,2,122,8,117,111,37,41,18,92,45,49" hai2="126,88,61,97,7,94,103,120,30,50,38,51,4" hai3="0,113,48,98,95,47,16,74,76,34,80,3,29"/><W99/><G113/><T133/><D114/><U106/><E122/><V68/><F38/><W24/><G99/><T23/><D35/><U44/><E106/><V57/><F68/><W40/><REACH who="3" step="1"/><G16/><REACH who="3" ten="288,274,210,218" step="2"/><T62/><D133/><U1/><E18/><V39/><F39/><W91/><AGARI ba="1,1" hai="0,3,24,29,34,40,47,48,74,76,80,91,95,98" machi="91" ten="20,7800,0" yaku="1,1,2,1,0,1,7,1,53,0" doraHai="55" doraHaiUra="123" who="3" fromWho="3" sc="288,-27,274,-27,210,-27,218,91" owari="261,6.1,247,-15.3,183,-31.7,309,40.9" /></mjloggm>