<mjloggm ver="2.3"><GO type="225" lobby="0"/><UN n0="%E3%82%86%E3%81%86%E3%82%8C%E3%81%84%E3%81%84%E3%81%8B" n1="%E3%82%BC%E3%83%AB%E3%83%80%E3%81%AE%E4%BC%9D%E8%AA%AC" n2="%E6%9D%B1%E9%A2%A8%E3%81%AE%E3%81%8D%E3%82%83%E3%81%B7%E3%81%95%E3%82%93" n3="%72%69%6F%75%63%68%61%6E" dan="18,17,16,16" rate="2265.93,2141.76,2170.24,2132.51" sx="M,M,M,M"/><TAIKYOKU oya="0"/><INIT seed="0,0,0,1,1,71" ten="250,250,250,250" oya="0" hai0="72,114,126,43,120,62,81,111,26,16,11,98,53" hai1="133,18,95,100,34,80,106,102,123,79,88,83,134" hai2="3,28,30,2,117,15,52,85,9,108,8,35,89" hai3="116,56,67,41,103,118,132,44,21,39,122,58,24"/><T61/><D114/><U48/><E34/><V7/><F108/><W38/><G103/><N who="1" m="39466" /><E48/><V12/><F117/><N who="3" m="45163" /><G21/><T55/><D120/><U109/><E18/><V90/><F90/><W113/><G24/><T101/><D126/><U17/><E17/><V130/><F130/><W1/><G1/><T104/><D111/><U92/><E109/><V31/><F35/><W107/><G107/><T20/><D43/><U70/><E70/><V66/><F66/><W82/><G82/><T110/><D110/><U135/><E123/><V93/><REACH who="2" step="1"/><F52/><REACH who="2" ten="250,250,240,250" step="2"/><W96/><G122/><T76/><D55/><U29/><E106/><V22/><F22/><W19/><G113/><T129/><D129/><U33/><E33/><V87/><F87/><W51/><G96/><T45/><REACH who="0" step="1"/><D11/><REACH who="0" ten="240,250,240,250" step="2"/><U94/><E135/><V0/><F0/><W119/><G119/><T112/><D112/><U49/><E134/><V10/><F10/><W59/><G132/><T5/><D5/><AGARI ba="0,2" hai="2,3,5,7,8,9,12,15,28,30,31,85,89,93" machi="5" ten="40,8000,1" yaku="1,1,9,1,53,3" doraHai="71" doraHaiUra="25" who="2" fromWho="0" sc="240,-80,250,0,240,100,250,0" /><INIT seed="1,0,0,1,5,125" ten="160,250,340,250" oya="1" hai0="33,69,132,1,32,106,128,66,9,98,133,41,85" hai1="94,130,35,16,81,56,86,75,124,54,97,112,129" hai2="11,100,131,21,73,26,31,29,51,118,76,113,90" hai3="114,19,117,53,74,135,96,108,102,0,67,59,38"/><U28/><E112/><V55/><F100/><W15/><G114/><T87/><D41/><U71/><E71/><V111/><F113/><W18/><G0/><T103/><D87/><U110/><E75/><V45/><F31/><W122/><G122/><T95/><D95/><U39/><E39/><V37/><F37/><W60/><G74/><T25/><D85/><U4/><E124/><V61/><F11/><W17/><G38/><T83/><D83/><U107/><E4/><V120/><F90/><W62/><G108/><T24/><D24/><U121/><E121/><V115/><F61/><W8/><G135/><N who="0" m="51787" /><D66/><U20/><E110/><V12/><F12/><W89/><G117/><T2/><D69/><U44/><E44/><V49/><F115/><W123/><G123/><T79/><D79/><U36/><E107/><V101/><F101/><W64/><G89/><T78/><D78/><N who="1" m="46391" /><E36/><V14/><F118/><W3/><G3/><N who="0" m="1035" /><D9/><U126/><E126/><V127/><F127/><W46/><G46/><T43/><D43/><U134/><E134/><V92/><F45/><W50/><G67/><T68/><D68/><U70/><E70/><V30/><F76/><W72/><G72/><T63/><D63/><N who="3" m="24105" /><G64/><T47/><D47/><U88/><E35/><N who="0" m="13385" /><D25/><N who="1" m="14471" /><E28/><N who="2" m="17487" /><F120/><W23/><G102/><T91/><D91/><U93/><E93/><V52/><F30/><W109/><G59/><T116/><D116/><U5/><E5/><V84/><F92/><W80/><G80/><T27/><D27/><U7/><E7/><V13/><F73/><W104/><G104/><T42/><D42/><U57/><E57/><RYUUKYOKU ba="0,0" sc="160,15,250,15,340,-15,250,-15" hai0="98,103,106,128" hai1="54,56,88,94,97,129,130" /><INIT seed="1,1,0,4,4,4" ten="175,265,325,235" oya="1" hai0="119,118,36,82,93,115,121,58,1,10,88,21,70" hai1="46,71,111,62,66,97,51,34,30,100,44,67,109" hai2="132,77,76,37,7,33,89,94,48,28,54,63,130" hai3="49,112,59,86,64,73,27,29,43,74,55,102,52"/><U120/><E120/><V41/><F132/><W122/><G122/><T14/><D115/><U92/><E66/><V2/><F130/><W25/><G112/><T8/><D70/><U40/><E34/><V19/><F19/><W26/><G43/><T31/><D36/><U69/><E30/><V16/><F63/><W85/><G102/><T65/><D121/><U53/><REACH who="1" step="1"/><E69/><REACH who="1" ten="175,255,325,235" step="2"/><V78/><F28/><W103/><G29/><T11/><D118/><U107/><E107/><V131/><F33/><W23/><G64/><T9/><D119/><U0/><E0/><V18/><F131/><W12/><G103/><T22/><D1/><U106/><E106/><V84/><F2/><W135/><G135/><T39/><D31/><U127/><E127/><V116/><F116/><W83/><G55/><T57/><D39/><AGARI ba="1,1" hai="39,40,44,46,51,53,62,67,71,92,97,100,109,111" machi="39" ten="40,2000,0" yaku="1,1,53,0" doraHai="4" doraHaiUra="113" who="1" fromWho="0" sc="175,-23,255,33,325,0,235,0" /><INIT seed="1,2,0,4,4,110" ten="152,288,325,235" oya="1" hai0="125,87,77,135,1,118,30,19,7,109,32,52,83" hai1="23,42,13,69,101,114,55,116,66,79,18,104,133" hai2="21,111,67,45,33,108,100,84,78,38,64,90,71" hai3="60,128,58,56,61,72,126,6,50,43,46,2,131"/><U117/><E114/><V22/><F33/><W41/><G72/><T0/><D118/><U57/><E133/><V54/><F78/><W76/><G76/><T113/><D135/><U123/><E123/><V44/><F100/><W63/><G6/><T81/><D109/><N who="2" m="42058" /><F71/><W82/><G82/><T25/><D125/><U73/><E42/><N who="3" m="15882" /><G2/><T93/><D83/><U88/><E66/><N who="2" m="25131" /><F38/><W28/><G28/><T134/><D134/><U68/><E68/><V70/><F70/><W105/><G105/><T119/><D119/><U95/><E69/><V122/><F122/><W14/><G14/><T37/><D37/><U39/><E39/><V4/><F4/><W130/><G126/><T92/><D113/><U49/><E79/><V59/><F21/><W91/><G91/><T34/><D0/><U102/><E73/><V9/><F22/><W36/><G36/><T3/><D3/><U27/><E27/><V121/><F9/><W65/><G65/><T97/><D34/><U103/><REACH who="1" step="1"/><E104/><REACH who="1" ten="152,278,325,235" step="2"/><V5/><F121/><W20/><G20/><T107/><D107/><U124/><E124/><V112/><F112/><W53/><AGARI ba="2,1" hai="46,50,53,56,58,60,61,63,128,130,131" m="15882" machi="53" ten="40,5200,0" yaku="19,1,34,2" doraHai="110" who="3" fromWho="3" sc="152,-15,278,-28,325,-15,235,68" /><INIT seed="2,0,0,1,0,25" ten="137,250,310,303" oya="2" hai0="135,78,112,124,118,24,5,14,122,119,108,58,93" hai1="87,33,44,104,23,9,18,10,110,107,6,48,0" hai2="72,91,51,27,123,117,32,73,60,97,64,28,39" hai3="12,99,47,106,75,95,82,42,17,19,1,22,31"/><V114/><F39/><W26/><G1/><T35/><D93/><U34/><E110/><V71/><F123/><W30/><G106/><T29/><D58/><U49/><E10/><V74/><F51/><N who="3" m="27127" /><G82/><T57/><D57/><U38/><E38/><V4/><F4/><W98/><G75/><T127/><D78/><U128/><E128/><V94/><REACH who="2" step="1"/><F114/><REACH who="2" ten="137,250,300,303" step="2"/><W81/><G81/><T52/><D122/><U109/><E49/><V67/><F67/><W11/><G98/><T65/><D112/><U15/><E109/><V88/><F88/><AGARI ba="0,1" hai="11,12,17,19,22,26,30,31,88,95,99" m="27127" machi="88" ten="30,7700,0" yaku="8,1,52,2,54,1" doraHai="25" who="3" fromWho="2" sc="137,0,250,0,300,-77,303,87" /><INIT seed="3,0,0,1,0,41" ten="137,250,223,390" oya="3" hai0="5,3,106,103,88,120,40,2,76,92,127,78,16" hai1="115,14,101,43,33,111,84,46,113,116,22,18,98" hai2="71,90,56,12,80,96,54,17,123,9,67,119,118" hai3="128,85,91,104,79,39,99,73,29,109,4,11,38"/><W19/><G29/><T63/><D120/><U100/><E33/><V27/><F123/><W36/><G19/><T112/><D127/><U24/><E111/><V117/><F27/><W8/><G4/><T6/><D112/><U74/><E74/><V102/><F67/><W42/><G42/><T87/><D63/><U130/><E130/><V94/><F71/><W68/><G68/><T108/><D108/><U65/><E65/><V95/><F80/><N who="3" m="45167" /><G109/><T129/><D129/><U93/><E116/><V134/><F134/><W77/><G77/><T72/><D72/><U125/><E125/><V48/><REACH who="2" step="1"/><F118/><REACH who="2" ten="137,250,213,390" step="2"/><W26/><G26/><T60/><D60/><U58/><E24/><V49/><F49/><W30/><G36/><T15/><D2/><U81/><E100/><V75/><F75/><W23/><G38/><T133/><D133/><U70/><E70/><V37/><F37/><W89/><G39/><T0/><D0/><U105/><E105/><V121/><F121/><W28/><G104/><T69/><D69/><U45/><E115/><V51/><F51/><W32/><G32/><T53/><D40/><U83/><E113/><V97/><AGARI ba="0,1" hai="9,12,17,48,54,56,90,94,95,96,97,102,117,119" machi="97" ten="20,2700,0" yaku="1,1,0,1,7,1,53,0" doraHai="41" doraHaiUra="131" who="2" fromWho="2" sc="137,-7,250,-7,213,37,390,-13" owari="130,-37.0,243,-15.7,250,5.0,377,47.7" /></mjloggm>