<mjloggm ver="2.3"><GO type="225" lobby="0"/><UN n0="%E5%85%83%E3%82%AB%E3%83%8E%E7%B3%BB%E3%83%92%E3%83%AD%E3%82%A4%E3%83%B3" n1="%E3%81%BF%E3%81%BF%E3%81%9A" n2="%E7%89%B9%E6%9D%B1%E3%81%AF%E4%B8%96%E7%95%8C%E3%82%92%E6%95%91%E3%81%86" n3="%E3%81%AF%E3%81%BE%E3%81%A1%E3%83%AA%E3%83%BC%E3%82%B0" dan="16,18,16,17" rate="2189.03,2208.60,2149.75,2189.00" sx="M,M,M,M"/><TAIKYOKU oya="0"/><INIT seed="0,0,0,3,2,37" ten="250,250,250,250" oya="0" hai0="133,16,117,45,132,108,13,102,125,56,127,57,94" hai1="116,11,104,75,32,6,98,64,46,50,54,111,4" hai2="24,29,62,91,86,66,27,39,113,26,59,112,134" hai3="60,68,130,48,74,55,84,70,88,51,52,18,17"/><T95/><D117/><U10/><E116/><V76/><F134/><N who="0" m="51818" /><D108/><U21/><E32/><V87/><F29/><W99/><G74/><T30/><D30/><U5/><E75/><V65/><F39/><W79/><G130/><T23/><D45/><U61/><E111/><V135/><F135/><W15/><G79/><T0/><D0/><U103/><REACH who="1" step="1"/><E21/><REACH who="1" ten="250,240,250,250" step="2"/><V69/><F113/><W110/><G110/><T101/><D125/><U53/><E53/><N who="2" m="34159" /><F112/><W78/><G55/><T31/><D127/><U106/><E106/><V47/><F69/><AGARI ba="0,1" hai="4,5,6,10,11,46,50,54,61,64,69,98,103,104" machi="69" ten="40,1300,0" yaku="1,1,53,0" doraHai="37" doraHaiUra="85" who="1" fromWho="2" sc="250,0,240,23,250,-13,250,0" /><INIT seed="1,0,0,2,3,16" ten="250,263,237,250" oya="1" hai0="111,0,37,85,1,8,119,4,90,87,109,81,117" hai1="39,61,56,31,27,97,131,36,78,80,110,72,33" hai2="34,38,63,102,112,100,24,135,86,122,108,115,125" hai3="65,129,75,128,58,12,82,11,9,17,23,79,130"/><U47/><E131/><V93/><F122/><W124/><REACH who="3" step="1"/><G124/><REACH who="3" ten="250,263,237,240" step="2"/><T126/><D126/><U48/><E110/><V50/><F108/><W30/><G30/><T88/><D109/><U133/><E133/><V69/><F135/><W26/><G26/><T62/><D111/><U18/><E97/><V123/><F24/><W10/><G10/><T66/><D0/><U41/><REACH who="1" step="1"/><E18/><REACH who="1" ten="250,253,237,240" step="2"/><V106/><F125/><W113/><G113/><T46/><D117/><U45/><E45/><V105/><F115/><W76/><G76/><T29/><D119/><U64/><AGARI ba="0,2" hai="27,31,33,36,39,41,47,48,56,61,64,72,78,80" machi="64" ten="20,7800,0" yaku="1,1,0,1,7,1,53,1" doraHai="16" doraHaiUra="104" who="1" fromWho="1" sc="250,-26,253,98,237,-26,240,-26" /><INIT seed="1,1,0,0,3,78" ten="224,351,211,214" oya="1" hai0="103,75,15,56,95,123,84,101,102,129,25,118,66" hai1="120,130,16,29,60,110,124,46,76,6,54,11,62" hai2="50,20,111,65,61,27,91,19,104,70,100,12,121" hai3="17,69,97,126,71,38,117,113,94,79,55,96,89"/><U3/><E120/><V41/><F111/><W9/><G113/><T23/><D118/><U125/><E110/><V93/><F121/><W21/><G117/><T112/><D123/><U35/><E130/><V44/><F104/><W128/><G38/><T0/><D0/><U68/><E68/><V47/><F100/><W88/><G128/><T80/><D112/><U92/><E92/><V26/><REACH who="2" step="1"/><F44/><REACH who="2" ten="224,351,201,214" step="2"/><W13/><G126/><T86/><D129/><U39/><E125/><V57/><F57/><W24/><G69/><T52/><D102/><U119/><E124/><V83/><F83/><W42/><G71/><T109/><D103/><U132/><E46/><V85/><AGARI ba="1,1" hai="12,19,20,26,27,41,47,50,61,65,70,85,91,93" machi="85" ten="20,2700,0" yaku="1,1,0,1,7,1,53,0" doraHai="78" doraHaiUra="107" who="2" fromWho="2" sc="224,-8,351,-14,201,40,214,-8" /><INIT seed="2,0,0,2,1,50" ten="216,337,241,206" oya="2" hai0="92,29,106,62,73,88,44,39,27,26,6,70,126" hai1="115,94,4,13,56,119,135,21,8,110,107,42,124" hai2="32,132,25,114,37,81,65,49,130,131,101,3,97" hai3="103,48,111,80,108,98,1,109,133,75,12,87,59"/><V58/><F114/><W76/><G1/><T86/><D126/><U91/><E107/><V85/><F37/><W122/><G122/><T77/><D106/><U47/><E115/><V45/><F3/><W18/><G133/><T5/><D73/><U40/><E119/><V11/><F132/><W99/><G75/><T72/><D72/><U96/><E135/><V34/><F11/><W53/><REACH who="3" step="1"/><G103/><REACH who="3" ten="216,337,241,196" step="2"/><T0/><D0/><U2/><E124/><V38/><F101/><W57/><G57/><T41/><D77/><U68/><E68/><V16/><F58/><W83/><G83/><T93/><D93/><U113/><E113/><V33/><F81/><W19/><G19/><T116/><D116/><U60/><E110/><V117/><F16/><W24/><G24/><T55/><D26/><U118/><E118/><V61/><F117/><W66/><G66/><T125/><D125/><U74/><E74/><V89/><F65/><W121/><G121/><T14/><D14/><U22/><E2/><V36/><F25/><W46/><G46/><T15/><D15/><U104/><E47/><V82/><F45/><W43/><G43/><N who="1" m="16426" /><E104/><V10/><F82/><W31/><G31/><T105/><D105/><U100/><E100/><V69/><F69/><W67/><G67/><AGARI ba="0,1" hai="4,8,13,21,22,56,60,67,91,94,96" m="16426" machi="67" ten="30,1000,0" yaku="8,1" doraHai="50" who="1" fromWho="3" sc="216,0,337,20,241,0,196,-10" /><INIT seed="3,0,0,5,3,88" ten="216,357,241,186" oya="3" hai0="98,32,104,48,127,106,103,102,44,6,29,50,47" hai1="93,91,25,110,10,130,75,13,18,84,69,9,119" hai2="121,77,76,81,105,133,95,37,109,100,61,78,55" hai3="118,63,46,116,87,83,120,51,70,101,62,11,49"/><W28/><G120/><T73/><D73/><U22/><E119/><V45/><F105/><W5/><G101/><T94/><D127/><U57/><E69/><V117/><F117/><W56/><G28/><T132/><D132/><U79/><E130/><V85/><F133/><W125/><G125/><T122/><D122/><U31/><E110/><V68/><F121/><W2/><G70/><T129/><D129/><U26/><E57/><V113/><F113/><W30/><G30/><T123/><D123/><U65/><E65/><V19/><F109/><W23/><G23/><T82/><D82/><N who="1" m="47199" /><E75/><V3/><F3/><W53/><G51/><T135/><D6/><U27/><E9/><V74/><F74/><W33/><G63/><T66/><D66/><U115/><E115/><V96/><F68/><W20/><G20/><T128/><D128/><U59/><E59/><N who="2" m="35071" /><F37/><W124/><G33/><T12/><D135/><U35/><E35/><V112/><F112/><W80/><G80/><T97/><D12/><U60/><E60/><V34/><F34/><W21/><G21/><T14/><D14/><U17/><E17/><V99/><F45/><W4/><G4/><T15/><D15/><U58/><E58/><V67/><F67/><W86/><G124/><T8/><D8/><U16/><E31/><V107/><F19/><W134/><G134/><T52/><D104/><U92/><E91/><V131/><F131/><W71/><G71/><T90/><D90/><U72/><E72/><V36/><F36/><W1/><G1/><T111/><D94/><AGARI ba="0,0" hai="10,13,16,18,22,25,26,27,92,93,94" m="47199" machi="94" ten="30,8000,1" yaku="8,1,52,3,54,1" doraHai="88" who="1" fromWho="0" sc="216,-80,357,80,241,0,186,0" owari="136,-36.4,437,53.7,241,4.1,186,-21.4" /></mjloggm>