<mjloggm ver="2.3"><GO type="225" lobby="0"/><UN n0="%28%EF%BF%A3%E2%96%BD%EF%BF%A3%29%CE%B4%E2%8C%92%E3%83%BB" n1="%E3%83%A9%E3%82%A4%E3%83%B3%E3%81%AE%E8%99%8E" n2="%E5%B0%8F%E9%B3%A5%E9%81%8A%E7%B7%B4%E7%84%A1%32%31%E6%AD%B3" n3="%E5%8D%A0%E3%81%84%E5%B8%AB%E8%A3%8F%E3%81%AA%E3%81%84%E3%81%97" dan="17,16,16,17" rate="2292.23,2145.52,2155.36,2184.33" sx="M,M,F,M"/><TAIKYOKU oya="0"/><INIT seed="0,0,0,3,1,97" ten="250,250,250,250" oya="0" hai0="108,48,19,16,106,87,69,8,34,102,60,117,33" hai1="81,14,121,1,66,78,95,40,135,53,5,86,88" hai2="31,129,18,115,68,113,55,27,7,128,114,44,63" hai3="84,118,61,85,127,2,123,15,62,99,26,133,45"/><T77/><D117/><U71/><E135/><V80/><F7/><W57/><G2/><T93/><D108/><U72/><E121/><V37/><F18/><W13/><G118/><T56/><D69/><U119/><E119/><V125/><F80/><W17/><G133/><T50/><D106/><U83/><E1/><V4/><F4/><W64/><G123/><T12/><D19/><U89/><E40/><N who="2" m="22543" /><F125/><W36/><G127/><T49/><D77/><U3/><E3/><V46/><F27/><W43/><G26/><T126/><D126/><U110/><E110/><V132/><F31/><W96/><G13/><T38/><D38/><U35/><E35/><V67/><F132/><W42/><G43/><T28/><D28/><U54/><E66/><V51/><AGARI ba="0,0" hai="46,51,55,63,67,68,113,114,115,128,129" m="22543" machi="51" ten="40,2700,0" yaku="34,2" doraHai="97" who="2" fromWho="2" sc="250,-13,250,-7,250,27,250,-7" /><INIT seed="1,0,0,5,5,38" ten="237,243,277,243" oya="1" hai0="1,65,87,79,95,8,25,70,132,44,119,64,9" hai1="128,0,54,51,121,48,6,20,59,3,112,126,58" hai2="82,40,80,52,122,45,83,81,124,46,42,13,18" hai3="15,72,113,14,71,68,78,101,22,2,39,134,129"/><U98/><E112/><V49/><F124/><W4/><G113/><T24/><D119/><U105/><E121/><V94/><F122/><W47/><G134/><T97/><D132/><U77/><E126/><V36/><N who="2" m="20480" /><DORA hai="17" /><V16/><F94/><W67/><G78/><T99/><D79/><U29/><E77/><V37/><F13/><W32/><G72/><T63/><D1/><U110/><E6/><V41/><REACH who="2" step="1"/><F40/><REACH who="2" ten="237,243,267,243" step="2"/><W57/><G14/><T74/><D95/><U109/><E0/><V123/><F123/><W118/><G15/><T7/><D74/><U60/><E3/><V30/><F30/><W11/><G2/><T125/><D125/><U114/><E114/><V90/><F90/><W53/><G118/><T117/><D117/><U131/><E105/><V12/><F12/><W104/><G104/><T5/><D9/><U91/><E91/><V50/><F50/><W135/><G11/><T115/><D8/><U88/><E51/><V33/><F33/><W66/><G32/><T116/><D116/><U26/><E88/><V34/><F34/><W86/><G135/><T73/><D73/><U69/><E98/><V62/><F62/><W103/><G4/><T28/><D115/><U133/><E133/><V127/><F127/><W19/><G101/><T10/><D7/><U35/><E35/><V76/><F76/><W111/><G103/><T100/><D5/><U61/><E48/><V102/><F102/><W23/><G23/><T120/><D100/><U43/><E20/><V96/><F96/><N who="0" m="36938" /><D10/><U84/><E61/><V56/><AGARI ba="0,1" hai="16,18,36,37,41,42,45,46,49,52,56" m="20480" machi="56" ten="40,12000,2" yaku="1,1,0,1,9,1,52,2,54,2,53,0" doraHai="38,17" doraHaiUra="92,89" who="2" fromWho="2" sc="237,-30,243,-60,267,130,243,-30" /><INIT seed="2,0,0,4,0,16" ten="207,183,397,213" oya="2" hai0="63,50,12,37,26,101,75,80,74,76,40,2,93" hai1="104,105,34,3,127,23,51,28,62,52,66,133,114" hai2="106,19,102,31,100,39,70,32,78,54,130,118,122" hai3="72,4,8,129,21,97,110,116,6,44,125,15,128"/><V81/><F118/><W115/><G116/><T120/><D120/><U67/><E114/><V41/><F122/><W43/><G115/><T107/><D2/><U126/><E3/><V61/><F19/><N who="3" m="10495" /><G72/><T11/><D107/><N who="1" m="41035" /><E34/><V86/><F130/><N who="3" m="50283" /><G110/><T117/><D117/><U53/><E133/><V99/><F102/><W47/><G125/><N who="1" m="47626" /><E51/><V83/><F54/><N who="1" m="21097" /><E62/><V17/><F39/><N who="3" m="21631" /><G47/><T111/><D37/><U58/><E58/><V96/><F41/><W0/><G97/><N who="0" m="59567" /><D40/><U94/><E94/><V48/><F99/><W65/><G4/><T79/><D63/><U77/><E77/><V59/><F78/><W64/><AGARI ba="0,0" hai="0,6,8,64,65" m="21631,50283,10495" machi="64" ten="30,2000,0" yaku="19,1,52,1" doraHai="16" who="3" fromWho="3" sc="207,-5,183,-5,397,-10,213,20" /><INIT seed="3,0,0,0,0,5" ten="202,178,387,233" oya="3" hai0="41,14,62,95,0,30,85,64,80,33,55,89,117" hai1="97,121,7,69,29,36,20,101,115,22,134,21,132" hai2="100,92,38,44,45,13,26,108,82,84,103,49,52" hai3="17,60,39,57,9,6,43,122,74,120,46,114,83"/><W40/><G40/><T35/><D0/><U75/><E121/><V34/><F108/><W99/><G114/><T105/><D105/><U94/><E115/><V77/><F92/><W129/><G17/><T42/><D117/><U51/><E36/><V2/><F2/><N who="3" m="215" /><G99/><T50/><D35/><U10/><E69/><V71/><F71/><W68/><G129/><T47/><D33/><U28/><E75/><V102/><F38/><W76/><G68/><T1/><D1/><N who="1" m="367" /><E51/><V11/><F34/><W90/><G90/><N who="0" m="51495" /><D30/><U12/><E12/><V58/><F26/><W118/><G118/><T25/><D14/><U37/><E37/><V72/><F72/><W24/><G24/><T8/><D25/><U127/><E127/><V112/><F112/><W54/><AGARI ba="0,0" hai="39,43,46,54,57,60,74,76,83,120,122" m="215" machi="54" ten="30,3000,0" yaku="25,1,52,1" doraHai="5" who="3" fromWho="3" sc="202,-10,178,-10,387,-10,233,30" /><INIT seed="3,1,0,4,5,7" ten="192,168,377,263" oya="3" hai0="96,71,24,43,19,60,107,127,46,9,79,124,112" hai1="14,4,22,34,80,6,44,132,59,83,41,89,29" hai2="131,109,93,120,49,63,13,50,2,134,23,90,118" hai3="126,37,92,15,36,45,91,75,72,123,94,11,1"/><W104/><G104/><T5/><D112/><U68/><E68/><V32/><F32/><W62/><G123/><T67/><D79/><U110/><E110/><V103/><F2/><W115/><G1/><N who="0" m="175" /><D19/><U20/><E132/><V70/><F118/><W26/><G26/><T95/><D24/><U111/><E111/><V116/><F116/><W10/><G15/><T8/><D8/><U97/><E34/><V76/><F131/><W135/><G62/><T25/><D25/><U106/><E106/><V40/><F134/><W33/><G135/><T128/><D128/><U52/><E29/><V51/><F109/><W113/><G45/><T54/><D54/><U87/><E97/><V61/><F103/><W73/><G73/><T81/><D81/><U86/><E4/><V27/><F70/><W69/><G69/><T16/><D16/><U30/><E30/><N who="2" m="17791" /><F76/><W108/><G108/><T17/><D17/><U98/><E98/><N who="2" m="57655" /><F120/><W66/><G33/><T3/><D3/><U55/><E6/><V31/><F31/><W122/><G122/><T56/><D107/><U85/><E85/><V12/><F40/><W0/><G0/><T130/><D71/><U114/><E114/><V125/><F125/><N who="0" m="48202" /><D130/><U47/><E41/><V48/><N who="2" m="12288" /><DORA hai="84" /><V99/><F12/><W100/><G126/><T101/><D43/><U105/><E105/><V82/><F13/><W129/><G129/><T88/><D46/><U133/><E14/><V21/><F99/><W78/><G78/><T53/><D101/><U58/><E133/><V117/><F117/><W121/><G121/><T28/><D28/><RYUUKYOKU ba="1,0" sc="192,15,168,15,377,-15,263,-15" hai0="53,56,60,67,88,95,96" hai1="20,22,44,47,52,55,58,59,80,83,86,87,89" owari="207,-19.3,183,-31.7,362,46.2,248,4.8" /></mjloggm>