<mjloggm ver="2.3"><GO type="225" lobby="0"/><UN n0="%E3%81%95%E3%81%8D%E3%81%9F%E3%81%BE%E6%9E%97%E6%AA%8E" n1="%E6%80%AA%E3%81%97%E3%81%99%E3%81%8E%E3%82%8B%E3%83%81%E3%83%BC" n2="%E6%9D%B1%E9%A2%A8%E3%81%AE%E3%81%8D%E3%82%83%E3%81%B7%E3%81%95%E3%82%93" n3="%E3%83%B4%E3%83%A0%EF%BC%99%E3%81%A6" dan="16,16,16,17" rate="2084.89,2072.74,2180.89,2159.72" sx="M,M,M,M"/><TAIKYOKU oya="0"/><INIT seed="0,0,0,3,0,14" ten="250,250,250,250" oya="0" hai0="55,19,121,107,0,126,7,29,81,112,62,124,63" hai1="71,31,57,104,68,79,73,86,9,67,130,80,13" hai2="78,83,70,38,6,103,41,109,59,128,76,134,26" hai3="129,105,96,51,132,12,69,34,92,117,108,77,110"/><T72/><D121/><U2/><E130/><V35/><F59/><W54/><G117/><T113/><D107/><U65/><E104/><V135/><F6/><W102/><G129/><T95/><D29/><U18/><E2/><V17/><F103/><W23/><G34/><T11/><D95/><U89/><E31/><V44/><F109/><W28/><G69/><T52/><D81/><U47/><E47/><V116/><F70/><W30/><G132/><T60/><D72/><U42/><E42/><V25/><F128/><W1/><G77/><T123/><D123/><U106/><E106/><V61/><F61/><W46/><G1/><T75/><D75/><U91/><E91/><V99/><F99/><W45/><G105/><T3/><D3/><U27/><E27/><V111/><F111/><N who="3" m="42539" /><G45/><T93/><D93/><U114/><E114/><N who="0" m="44137" /><D19/><AGARI ba="0,0" hai="12,19,23,28,30,46,51,54,92,96,102" m="42539" machi="19" ten="30,2000,0" yaku="14,1,52,1" doraHai="14" who="3" fromWho="0" sc="250,-20,250,0,250,0,250,20" /><INIT seed="1,0,0,3,1,45" ten="230,250,250,270" oya="1" hai0="122,99,48,7,27,51,31,9,67,76,38,65,64" hai1="132,63,98,21,46,37,16,94,41,10,68,71,78" hai2="104,3,24,128,4,100,112,25,32,17,20,126,30" hai3="102,96,23,81,40,129,61,57,124,131,127,56,34"/><U135/><E78/><V86/><F126/><N who="3" m="48171" /><G34/><T8/><D38/><U1/><E10/><N who="0" m="4201" /><D122/><U26/><E1/><V35/><F128/><N who="3" m="49227" /><G40/><T79/><D7/><U60/><E60/><V108/><F108/><W83/><G23/><N who="0" m="15871" /><D99/><U84/><E84/><V117/><F112/><W28/><G28/><T75/><D75/><U106/><E106/><V58/><F117/><W119/><G119/><T116/><D116/><U44/><E44/><V55/><F35/><W87/><G61/><T101/><D101/><U74/><E74/><V66/><F66/><N who="0" m="16898" /><T120/><DORA hai="109" /><D120/><U33/><E63/><V22/><F32/><W12/><G12/><T89/><D89/><U29/><E71/><V2/><F4/><W97/><G97/><T42/><D42/><U11/><E68/><V50/><F2/><W6/><G6/><T91/><D91/><U121/><E121/><V13/><F3/><W118/><G118/><T36/><D36/><U70/><E70/><V103/><F13/><W85/><G96/><T110/><D110/><U59/><E11/><V93/><F104/><W49/><G102/><T43/><D43/><U105/><E105/><V53/><F53/><N who="3" m="31791" /><G85/><T62/><D62/><U88/><REACH who="1" step="1"/><E59/><REACH who="1" ten="230,240,250,270" step="2"/><V115/><F115/><W77/><G57/><T47/><D47/><U69/><E69/><V111/><F111/><W92/><G77/><AGARI ba="0,1" hai="48,51,76,77,79" m="16898,15871,4201" machi="77" ten="40,5200,0" yaku="8,1,52,2" doraHai="45,109" who="0" fromWho="3" sc="230,62,240,0,250,0,270,-52" /><INIT seed="2,0,0,1,3,37" ten="292,240,250,218" oya="2" hai0="83,9,26,2,131,1,76,128,5,55,106,121,35" hai1="80,102,56,95,88,119,11,7,99,114,105,6,12" hai2="86,64,43,59,24,3,85,54,34,25,93,52,36" hai3="17,109,46,101,51,115,45,60,124,108,110,98,44"/><V116/><F116/><W111/><N who="3" m="27648" /><DORA hai="50" /><W23/><G124/><T33/><D121/><U62/><E119/><V70/><F3/><W40/><G60/><T132/><D132/><U18/><E114/><V75/><F75/><W65/><G65/><T27/><D106/><U74/><E74/><V58/><F34/><N who="0" m="12810" /><D2/><U53/><REACH who="1" step="1"/><E80/><REACH who="1" ten="292,230,250,218" step="2"/><V107/><F107/><N who="3" m="63927" /><G115/><T112/><D112/><U126/><E126/><V135/><F135/><W71/><G71/><T117/><D83/><U78/><E78/><V13/><F70/><W129/><G129/><T77/><D76/><U21/><E21/><V125/><F125/><W94/><G94/><T4/><D77/><U14/><E14/><AGARI ba="0,1" hai="14,17,23,40,44,45,46,51" m="63927,27648" machi="14" ten="60,3900,0" yaku="14,1,52,1" doraHai="37,50" who="3" fromWho="1" sc="292,0,230,-39,250,0,218,49" /><INIT seed="3,0,0,5,2,100" ten="292,191,250,267" oya="3" hai0="80,96,113,135,82,57,18,120,55,118,123,102,61" hai1="26,74,88,56,48,15,50,73,127,0,29,27,20" hai2="110,6,31,70,111,32,124,122,91,3,17,19,59" hai3="130,116,9,121,94,117,71,38,16,25,62,86,43"/><W34/><G121/><T28/><D118/><U67/><E0/><V87/><F70/><W46/><G130/><T77/><D113/><U115/><E115/><V108/><F59/><W63/><G34/><T93/><D135/><U7/><E127/><V33/><F124/><W58/><G71/><T68/><D68/><U10/><E27/><N who="2" m="18559" /><F33/><W35/><G35/><T64/><D28/><U119/><E119/><V76/><F76/><W81/><G94/><T105/><D105/><U106/><E106/><V22/><F122/><W126/><G126/><T90/><D102/><U78/><E88/><V103/><F103/><W12/><G25/><T54/><D123/><U134/><E134/><V11/><F22/><W114/><G62/><T101/><D101/><U95/><E95/><AGARI ba="0,0" hai="3,6,11,17,19,87,91,95,108,110,111" m="18559" machi="95" ten="30,1000,0" yaku="14,1" doraHai="100" who="2" fromWho="1" sc="292,0,191,-10,250,10,267,0" /><INIT seed="4,0,0,1,4,38" ten="292,181,260,267" oya="0" hai0="99,46,120,48,68,17,10,37,19,26,79,113,115" hai1="31,96,14,128,94,102,122,78,110,12,69,95,125" hai2="22,71,4,98,97,15,88,130,24,108,6,112,74" hai3="90,36,111,117,123,87,50,129,2,106,61,7,60"/><T83/><D68/><U16/><E110/><V30/><F74/><W64/><G111/><T121/><D37/><U119/><E119/><V80/><F71/><W44/><G36/><T23/><D99/><N who="2" m="37898" /><F108/><W135/><G117/><T52/><D17/><U70/><E122/><V18/><F130/><W104/><G123/><T127/><D10/><U59/><E128/><V9/><F112/><N who="0" m="43082" /><D127/><U43/><E125/><V63/><F63/><W29/><G61/><T67/><D67/><U73/><E31/><V5/><F30/><W27/><G7/><T118/><D118/><U56/><E69/><V39/><F39/><W86/><G2/><T28/><D28/><U93/><E70/><V33/><F33/><W47/><G29/><T41/><D52/><U55/><E73/><AGARI ba="0,0" hai="19,23,26,41,46,48,73,79,83,120,121" m="43082" machi="73" ten="30,2900,0" yaku="15,1,52,1" doraHai="38" who="0" fromWho="1" sc="292,29,181,-29,260,0,267,0" owari="321,42.1,152,-34.8,260,-14.0,267,6.7" /></mjloggm>