<mjloggm ver="2.3"><GO type="225" lobby="0"/><UN n0="%E3%83%96%E3%83%83%E3%83%91%E3%82%AA%E3%83%96%E3%83%81%E3%82%AD%E3%83%B3" n1="%E7%9A%AE%E3%80%85" n2="%E6%B4%BE%E9%81%A3%E3%81%AE%E3%82%B8%E3%83%A3%E3%83%83%E3%82%AF" n3="%E3%82%BC%E3%83%AB%E3%83%80%E3%81%AE%E4%BC%9D%E8%AA%AC" dan="17,16,17,17" rate="2216.10,2125.86,2184.26,2088.10" sx="M,F,M,M"/><TAIKYOKU oya="0"/><INIT seed="0,0,0,1,0,6" ten="250,250,250,250" oya="0" hai0="30,83,117,20,51,96,76,50,45,14,123,79,7" hai1="97,131,35,86,74,60,3,38,118,78,17,82,98" hai2="11,68,113,103,15,81,36,39,66,87,130,47,92" hai3="8,85,121,37,102,58,77,107,91,63,1,72,94"/><T99/><D117/><U111/><E118/><V23/><F113/><W80/><G37/><T27/><D123/><U95/><E111/><V71/><F23/><W59/><G121/><T104/><D104/><U129/><E38/><V9/><F103/><W124/><G124/><T75/><D79/><U84/><E35/><V61/><F92/><W33/><G33/><T29/><D29/><U100/><E17/><V70/><F130/><N who="1" m="49673" /><E60/><V116/><F116/><W88/><G91/><T93/><D93/><N who="1" m="58447" /><E3/><V69/><F36/><W19/><G63/><T43/><REACH who="0" step="1"/><D51/><REACH who="0" ten="240,250,250,250" step="2"/><U52/><E52/><V10/><F39/><W109/><G109/><T54/><D54/><U125/><E125/><V32/><F32/><W56/><G107/><T5/><D5/><U101/><AGARI ba="0,1" hai="74,78,82,84,86,95,97,101" m="58447,49673" machi="101" ten="30,4000,0" yaku="19,1,34,2" doraHai="6" who="1" fromWho="1" sc="240,-20,250,50,250,-10,250,-10" /><INIT seed="1,0,0,1,2,85" ten="220,300,240,240" oya="1" hai0="57,43,109,14,42,68,5,27,110,28,32,120,130" hai1="91,24,12,67,119,89,53,131,22,70,64,41,33" hai2="31,127,15,30,83,80,106,132,84,121,94,39,100" hai3="55,65,88,86,54,118,102,92,125,51,61,16,4"/><U45/><E119/><V62/><F121/><W35/><G35/><T75/><D68/><U128/><E33/><V49/><F39/><W126/><G118/><T74/><D120/><U7/><E53/><V1/><F1/><W52/><G4/><T48/><D130/><N who="1" m="49707" /><E12/><V9/><F127/><N who="3" m="48651" /><G102/><T122/><D122/><U60/><E67/><V6/><F106/><W107/><G107/><T93/><D5/><U97/><E97/><N who="2" m="59447" /><F132/><W58/><G16/><T18/><D14/><U72/><E7/><V123/><F123/><W99/><G99/><T50/><D18/><N who="1" m="12375" /><E72/><V44/><F62/><W134/><G134/><T104/><D75/><U77/><E77/><V46/><F46/><AGARI ba="0,0" hai="46,51,52,54,55,58,61,65,86,88,92" m="48651" machi="46" ten="30,7700,0" yaku="18,1,52,1,54,2" doraHai="85" who="3" fromWho="2" sc="220,0,300,0,240,-77,240,77" /><INIT seed="2,0,0,5,0,2" ten="220,300,163,317" oya="2" hai0="93,84,63,106,94,116,30,79,92,26,135,27,101" hai1="32,1,14,72,80,109,126,53,56,48,83,103,70" hai2="17,58,24,31,98,25,129,112,77,130,132,85,52" hai3="60,49,9,120,22,39,64,65,0,113,133,11,91"/><V3/><F112/><W46/><G120/><T107/><D135/><U45/><E1/><V114/><F114/><W127/><G113/><T59/><D116/><U82/><E109/><V50/><F132/><W124/><G133/><T66/><D107/><U128/><E128/><N who="2" m="49259" /><F3/><W131/><G131/><T51/><D106/><U110/><E110/><V20/><F98/><W104/><G39/><T62/><D62/><U78/><E70/><V117/><F117/><W5/><G104/><T43/><D101/><U28/><E126/><N who="3" m="48170" /><G11/><T36/><D36/><U99/><E14/><N who="2" m="9271" /><F31/><W8/><G8/><T97/><D97/><U47/><E72/><V71/><F71/><W12/><G91/><T115/><D115/><U134/><E134/><V61/><F61/><W44/><G60/><T102/><D102/><U69/><E69/><V38/><F38/><W34/><G34/><T95/><D30/><U37/><E37/><V23/><F23/><W40/><G46/><N who="0" m="26079" /><D79/><U75/><E75/><V57/><F57/><W108/><G108/><T21/><D21/><U76/><E76/><V123/><F123/><W89/><G89/><AGARI ba="0,0" hai="26,27,59,63,66,84,89,92,93,94,95" m="26079" machi="89" ten="30,1000,0" yaku="8,1" doraHai="2" who="0" fromWho="3" sc="220,10,300,0,163,0,317,-10" /><INIT seed="3,0,0,0,3,45" ten="230,300,163,307" oya="3" hai0="57,42,133,113,110,96,51,6,126,65,127,48,105" hai1="8,84,130,77,86,28,17,111,44,21,60,24,29" hai2="54,82,94,67,117,15,47,4,101,128,112,69,75" hai3="102,3,108,7,134,46,13,56,20,63,90,85,37"/><W80/><G134/><T30/><D133/><U12/><E111/><V62/><F112/><W74/><G108/><T106/><D110/><U14/><E130/><V0/><F117/><W131/><G131/><T26/><D113/><U70/><E70/><V73/><F128/><W81/><G3/><T31/><D6/><N who="1" m="3095" /><E77/><V38/><F0/><W61/><G74/><T122/><D122/><U52/><E29/><N who="0" m="10761" /><D26/><U22/><E44/><V55/><F101/><W91/><G102/><N who="0" m="62663" /><D42/><U104/><E104/><V92/><F38/><W19/><G7/><T16/><D106/><U1/><E1/><V79/><F73/><W95/><G81/><T27/><D57/><AGARI ba="0,0" hai="14,17,21,22,24,28,52,57,60,84,86" m="3095" machi="57" ten="30,2000,0" yaku="8,1,54,1" doraHai="45" who="1" fromWho="0" sc="230,-20,300,20,163,0,307,0" owari="210,-19.0,320,42.0,163,-33.7,307,10.7" /></mjloggm>