<mjloggm ver="2.3"><GO type="225" lobby="0"/><UN n0="%E3%82%B2%E3%82%B9%E8%8C%82%E5%8B%9D" n1="%E5%B8%86%E7%AB%8B%E5%A4%8F%E8%A1%A3" n2="%72%65%6E%6B%75%6E" n3="%E9%B3%B4%E8%8C%B6" dan="16,17,17,16" rate="2120.06,2250.12,2184.66,2170.52" sx="F,M,M,M"/><TAIKYOKU oya="0"/><INIT seed="0,0,0,1,2,59" ten="250,250,250,250" oya="0" hai0="46,26,110,5,6,103,79,50,126,0,119,125,129" hai1="49,34,67,22,37,91,121,111,62,105,60,86,45" hai2="100,70,94,99,68,132,29,27,87,16,75,51,31" hai3="10,66,76,128,55,58,106,21,71,95,7,85,73"/><T36/><D119/><U90/><E34/><V83/><F75/><W131/><G106/><T63/><D36/><U74/><E37/><V25/><F132/><W56/><G73/><T123/><D123/><U78/><E121/><V127/><F127/><N who="0" m="48650" /><D129/><N who="3" m="49737" /><G21/><T92/><D0/><U97/><E111/><V53/><F68/><W48/><G71/><T20/><D79/><U115/><E67/><V130/><F70/><W8/><G7/><T4/><D110/><U54/><E115/><V113/><F113/><W43/><G76/><T64/><D92/><N who="1" m="56471" /><E74/><V38/><F38/><W15/><G15/><T72/><D72/><U65/><E65/><V12/><F130/><W89/><G43/><N who="0" m="24927" /><D103/><U41/><E78/><N who="2" m="46583" /><F31/><W2/><G2/><T134/><D134/><U88/><E41/><V14/><F29/><W33/><G33/><T80/><D80/><N who="1" m="49223" /><E105/><V98/><F12/><W18/><G18/><N who="0" m="12567" /><D4/><U9/><E22/><N who="2" m="11543" /><F98/><W109/><G109/><T61/><D64/><U107/><E107/><V102/><F102/><W135/><G135/><T108/><D108/><U40/><E40/><V24/><F24/><W1/><G1/><T57/><D57/><AGARI ba="0,0" hai="25,27,51,53,57,94,99,100" m="11543,46583" machi="57" ten="30,2000,0" yaku="8,1,54,1" doraHai="59" who="2" fromWho="0" sc="250,-20,250,0,250,20,250,0" /><INIT seed="1,0,0,4,2,133" ten="230,250,270,250" oya="1" hai0="107,32,6,46,75,37,69,104,97,110,123,17,72" hai1="7,77,26,81,33,30,134,8,14,86,1,42,79" hai2="24,54,102,65,98,39,31,115,128,59,135,25,130" hai3="108,44,90,52,76,58,50,78,27,45,120,43,40"/><U119/><E134/><V48/><F39/><W83/><G108/><T111/><D32/><U49/><E119/><V16/><F135/><W92/><G120/><T20/><D6/><U12/><E79/><V28/><F65/><W29/><G43/><N who="0" m="22895" /><D123/><U131/><E131/><N who="2" m="50219" /><F115/><W121/><G121/><T57/><D57/><U71/><E71/><V94/><F25/><W109/><G109/><N who="0" m="41483" /><D69/><U87/><REACH who="1" step="1"/><E86/><REACH who="1" ten="230,240,270,250" step="2"/><V88/><F102/><W34/><G76/><T103/><D104/><U96/><E96/><V3/><F3/><W5/><G40/><T132/><D132/><U4/><E4/><V10/><F10/><W13/><G5/><T63/><D72/><U60/><E60/><V53/><F53/><W2/><G2/><T9/><D75/><U112/><E112/><V47/><F47/><AGARI ba="0,1" hai="1,7,8,12,14,26,30,33,42,47,49,77,81,87" machi="47" ten="40,2000,0" yaku="1,1,53,0" doraHai="133" doraHaiUra="125" who="1" fromWho="2" sc="230,0,240,30,270,-20,250,0" /><INIT seed="1,1,0,1,5,77" ten="230,270,250,250" oya="1" hai0="67,52,130,49,18,91,125,19,135,96,33,43,20" hai1="86,61,47,122,110,131,127,118,31,22,101,29,28" hai2="82,46,73,40,1,30,51,27,25,126,129,38,121" hai3="89,106,44,97,120,65,102,85,8,88,3,114,39"/><U115/><E118/><V84/><F121/><W76/><G120/><T48/><D125/><U5/><E122/><V12/><F126/><W57/><G114/><T107/><D130/><U132/><E127/><V55/><F1/><W36/><G76/><T128/><D128/><U74/><E74/><V92/><F129/><W98/><G44/><N who="0" m="25631" /><D107/><U87/><E131/><V83/><F73/><W14/><G3/><T34/><D33/><U62/><E115/><V64/><F64/><W95/><G65/><T112/><D34/><U93/><E132/><V69/><F69/><W35/><G35/><T81/><D135/><U23/><E5/><V123/><F123/><W13/><G57/><N who="0" m="32911" /><D112/><U16/><E47/><V134/><F134/><W78/><G78/><T90/><D67/><U108/><E101/><V32/><F12/><W21/><G21/><T2/><D2/><U0/><E23/><V100/><F25/><W105/><G14/><T60/><D60/><N who="1" m="23147" /><E93/><V59/><REACH who="2" step="1"/><F84/><REACH who="2" ten="230,270,240,250" step="2"/><W71/><G71/><T17/><D96/><AGARI ba="1,1" hai="27,30,32,38,40,46,51,55,59,82,83,92,96,100" machi="96" ten="40,8000,1" yaku="1,1,2,1,52,2,53,1" doraHai="77" doraHaiUra="99" who="2" fromWho="0" sc="230,-83,270,0,240,93,250,0" /><INIT seed="2,0,0,2,0,43" ten="147,270,333,250" oya="2" hai0="75,98,107,88,47,30,84,19,9,1,83,108,71" hai1="25,120,28,76,17,38,35,99,13,26,85,134,49" hai2="91,27,74,103,59,41,97,23,42,10,117,57,32" hai3="36,127,128,44,115,102,65,82,123,45,78,124,14"/><V40/><F74/><W12/><G123/><T112/><D108/><U81/><E134/><V122/><F122/><W86/><G128/><T92/><D112/><U73/><E120/><V125/><F117/><W21/><G115/><T18/><D71/><U63/><E38/><V118/><F32/><W5/><G36/><T96/><D30/><U51/><E26/><V93/><F118/><W2/><G102/><T11/><D75/><U126/><E126/><N who="3" m="48170" /><G65/><T129/><D129/><U61/><E73/><V67/><F125/><W15/><G21/><T3/><D107/><U54/><E99/><V8/><F91/><W60/><G60/><T39/><D98/><U101/><E51/><V29/><F59/><W69/><G69/><T94/><D94/><U62/><E101/><V48/><F48/><W46/><G2/><T31/><D31/><U53/><REACH who="1" step="1"/><E49/><REACH who="1" ten="147,260,333,250" step="2"/><V58/><F58/><W133/><G133/><T72/><D72/><U95/><E95/><V104/><F104/><W55/><G5/><T132/><D132/><U33/><E33/><V116/><F116/><W90/><G90/><T110/><D110/><U24/><E24/><V113/><F113/><W37/><G37/><T34/><D34/><U80/><E80/><V50/><F50/><AGARI ba="0,1" hai="12,14,15,44,45,46,50,55,78,82,86" m="48170" machi="50" ten="30,7700,0" yaku="18,1,52,3" doraHai="43" who="3" fromWho="2" sc="147,0,260,0,333,-77,250,87" /><INIT seed="3,0,0,4,4,17" ten="147,260,256,337" oya="3" hai0="38,35,89,90,129,79,61,40,21,74,16,67,49" hai1="84,93,97,102,96,29,32,66,37,104,81,80,132" hai2="58,59,124,25,10,60,101,42,92,85,14,76,133" hai3="123,51,22,115,62,63,82,135,100,54,11,125,106"/><W134/><G123/><T36/><D129/><U6/><E37/><V91/><F133/><N who="3" m="50699" /><G125/><T99/><D35/><U111/><E132/><V27/><F124/><W126/><G126/><T1/><D1/><U15/><E111/><V8/><F42/><W47/><G115/><T18/><D18/><U77/><E66/><V73/><F73/><W71/><G11/><T117/><D117/><U130/><E15/><V57/><F76/><W109/><G109/><T19/><D19/><U52/><E6/><N who="2" m="3351" /><F10/><W98/><G71/><T13/><D49/><U120/><E52/><N who="2" m="33831" /><F101/><W103/><G103/><T48/><D48/><U70/><E70/><V78/><F78/><W72/><G22/><T86/><D74/><U5/><E5/><V107/><F107/><W2/><G2/><T116/><D116/><U108/><E108/><V64/><F59/><W12/><G12/><T112/><D112/><U45/><E120/><V105/><F105/><W4/><G4/><T114/><D114/><U28/><E32/><V39/><F39/><W0/><G0/><T87/><D79/><AGARI ba="0,0" hai="47,51,54,62,63,72,79,82,98,100,106" m="50699" machi="79" ten="30,1500,0" yaku="20,1" doraHai="17" who="3" fromWho="0" sc="147,-15,260,0,256,0,337,15" owari="132,-36.8,260,6.0,256,-14.4,352,45.2" /></mjloggm>