<mjloggm ver="2.3"><GO type="225" lobby="0"/><UN n0="%72%65%6E%6B%75%6E" n1="%E3%83%A9%E3%82%B9%E7%8E%87%EF%BC%93%E5%89%B2" n2="%E6%B7%91%E5%A5%B3%E3%81%AE%E5%97%9C%E3%81%BF" n3="%E4%BF%BA%E3%81%A8%E5%A6%96%E5%A4%A2" dan="17,16,16,16" rate="2255.04,2218.12,2089.61,2132.94" sx="M,F,M,F"/><TAIKYOKU oya="0"/><INIT seed="0,0,0,5,4,30" ten="250,250,250,250" oya="0" hai0="79,126,7,67,54,114,120,83,42,22,19,74,94" hai1="78,75,58,107,33,8,121,103,124,53,92,4,10" hai2="6,68,41,69,106,100,25,1,16,34,134,115,80" hai3="96,133,131,70,117,123,39,27,37,62,38,97,65"/><T0/><D120/><U11/><E121/><V66/><F115/><W108/><G123/><T12/><D114/><U24/><E107/><V85/><F134/><W122/><G122/><T130/><D126/><U31/><E124/><V93/><F41/><W59/><G117/><T113/><D113/><U28/><E75/><V129/><F106/><W127/><G127/><T91/><D130/><U18/><E78/><V14/><F129/><W125/><G125/><T64/><D42/><U77/><E77/><V23/><F66/><W5/><G131/><T56/><D7/><U57/><E57/><V61/><F61/><W43/><G133/><T44/><D44/><U112/><E18/><V90/><F100/><W26/><G43/><T84/><REACH who="0" step="1"/><D0/><REACH who="0" ten="240,250,250,250" step="2"/><U86/><E112/><V9/><REACH who="2" step="1"/><F80/><REACH who="2" ten="240,250,240,250" step="2"/><W110/><G110/><T118/><D118/><U76/><E4/><V17/><F17/><W13/><G108/><T60/><AGARI ba="0,2" hai="12,19,22,54,56,60,64,67,74,79,83,84,91,94" machi="60" ten="20,7800,0" yaku="1,1,0,1,7,1,53,1" doraHai="30" doraHaiUra="104" who="0" fromWho="0" sc="240,98,250,-26,240,-26,250,-26" /><INIT seed="0,1,0,5,1,33" ten="338,224,214,224" oya="0" hai0="54,102,73,124,2,105,74,125,69,13,89,98,14" hai1="44,75,83,103,60,24,29,49,45,130,99,109,87" hai2="113,91,85,107,55,15,121,78,25,131,36,27,38" hai3="93,116,42,82,123,77,63,117,111,127,68,86,6"/><T104/><D2/><U20/><E109/><V22/><F121/><W122/><G42/><T53/><D89/><U50/><E130/><V65/><F113/><W40/><G40/><T19/><D69/><U101/><E75/><V66/><F107/><W17/><G111/><T120/><D120/><N who="3" m="46121" /><G17/><T35/><D35/><U41/><E60/><V119/><F131/><W31/><G31/><T47/><D47/><U5/><E99/><V4/><F38/><W11/><G93/><T112/><D112/><U110/><E5/><V12/><F4/><W23/><G23/><T51/><D51/><U92/><E92/><V8/><F22/><W59/><G68/><T90/><D90/><U88/><REACH who="1" step="1"/><E110/><REACH who="1" ten="338,214,214,224" step="2"/><V96/><F96/><W128/><G128/><T118/><D98/><U56/><E56/><V133/><F85/><W129/><G129/><T114/><D114/><U72/><E72/><V67/><F119/><W61/><G63/><T39/><D118/><U115/><E115/><V52/><F67/><N who="3" m="39359" /><G127/><T62/><D62/><U1/><E1/><AGARI ba="1,1" hai="1,6,11,77,82,86,116,117" m="39359,46121" machi="1" ten="30,2000,0" yaku="13,1,52,1" doraHai="33" who="3" fromWho="1" sc="338,0,214,-23,214,0,224,33" /><INIT seed="1,0,0,1,0,9" ten="338,191,214,257" oya="1" hai0="51,40,12,82,19,127,71,52,115,39,50,21,79" hai1="85,41,61,62,95,37,66,74,8,73,2,75,132" hai2="130,59,106,26,72,111,4,131,100,123,13,56,84" hai3="18,119,65,28,103,117,11,34,120,64,48,128,97"/><U124/><E132/><V36/><F72/><W25/><G120/><T113/><D71/><U80/><E124/><V67/><F123/><W46/><G128/><N who="2" m="49193" /><F36/><W102/><G11/><T1/><D1/><U86/><E41/><V87/><F111/><W121/><G18/><T77/><D127/><U14/><E37/><V81/><F26/><W0/><G0/><T20/><D39/><U116/><E116/><N who="3" m="44618" /><G121/><T109/><D109/><U3/><E95/><V92/><F67/><N who="3" m="25675" /><G97/><T110/><D110/><U98/><E98/><N who="2" m="59463" /><F106/><W57/><G57/><N who="2" m="22089" /><F81/><W43/><AGARI ba="0,0" hai="25,28,34,43,46,48,102,103" m="25675,44618" machi="43" ten="30,1100,0" yaku="12,1" doraHai="9" who="3" fromWho="3" sc="338,-3,191,-5,214,-3,257,11" /><INIT seed="2,0,0,2,0,113" ten="335,186,211,268" oya="2" hai0="82,117,18,32,26,75,45,64,88,84,99,119,73" hai1="102,71,14,63,4,51,5,77,95,6,39,72,2" hai2="91,62,25,126,33,42,105,35,115,103,111,87,31" hai3="120,129,53,135,116,107,37,21,96,125,19,106,49"/><V128/><F115/><W23/><G120/><T80/><D64/><U52/><E2/><V122/><F122/><W55/><G37/><T7/><D7/><U48/><E39/><V100/><F126/><W90/><G125/><T12/><D99/><N who="1" m="59775" /><E71/><V0/><F0/><W54/><G129/><T57/><D57/><N who="1" m="35239" /><E72/><V79/><F128/><W66/><G135/><T133/><D45/><U38/><E38/><V47/><F111/><W127/><G66/><T112/><D133/><U65/><E65/><V104/><F79/><W131/><G131/><T1/><D1/><U94/><E77/><V81/><F62/><W17/><G116/><N who="0" m="44619" /><D82/><U83/><E83/><V43/><F35/><W10/><G96/><T101/><D101/><U67/><E67/><V22/><F33/><W9/><G106/><T41/><D41/><N who="2" m="15370" /><F105/><W50/><G107/><T16/><D112/><U89/><E14/><V98/><F104/><W61/><G127/><T78/><D78/><U69/><E69/><V30/><F100/><W124/><G124/><T40/><D40/><U74/><E74/><N who="0" m="28169" /><D12/><U27/><E27/><V118/><F118/><W93/><G54/><T46/><D46/><U58/><E58/><V70/><F47/><W114/><G114/><T44/><D44/><U59/><E59/><V36/><F70/><W108/><G55/><T86/><D86/><AGARI ba="0,0" hai="4,5,6,48,51,86,89,94" m="35239,59775" machi="86" ten="30,2000,0" yaku="8,1,54,1" doraHai="113" who="1" fromWho="0" sc="335,-20,186,20,211,0,268,0" /><INIT seed="3,0,0,5,3,86" ten="315,206,211,268" oya="3" hai0="5,100,54,63,67,134,84,93,122,88,12,75,65" hai1="71,16,30,17,38,59,82,79,92,117,45,41,126" hai2="64,15,110,26,11,106,102,72,89,51,99,4,127" hai3="0,18,14,130,104,24,39,21,135,98,20,10,119"/><W52/><G119/><T66/><D75/><U94/><E71/><V28/><F110/><W61/><G39/><T42/><D122/><U112/><E112/><V9/><F127/><W40/><G40/><T87/><D134/><U68/><E68/><V129/><F129/><W27/><G130/><T34/><D34/><U1/><E126/><V7/><F72/><W33/><G33/><T37/><D37/><U44/><E1/><V95/><F51/><W31/><G135/><T97/><D42/><U120/><E120/><V90/><F64/><W125/><G0/><T70/><D70/><U43/><E30/><V83/><F83/><W53/><G61/><T133/><D133/><U124/><E124/><V19/><F106/><W85/><G85/><N who="0" m="32843" /><D100/><U60/><E117/><V131/><F131/><W56/><G56/><N who="0" m="35223" /><D12/><U35/><E35/><V114/><F114/><W50/><G50/><T123/><D123/><U76/><E82/><V111/><F111/><W96/><G125/><T62/><D62/><U57/><E60/><V2/><REACH who="2" step="1"/><F28/><REACH who="2" ten="315,206,201,268" step="2"/><N who="3" m="17415" /><G104/><T46/><D46/><U115/><E115/><V103/><F103/><W128/><G128/><T107/><D107/><U58/><E58/><V80/><F80/><W36/><G36/><AGARI ba="0,1" hai="16,17,36,38,41,43,44,45,57,59,76,79,92,94" machi="36" ten="25,3200,0" yaku="22,2,54,1" doraHai="86" who="1" fromWho="3" sc="315,0,206,42,201,0,268,-32" owari="315,41.5,248,4.8,201,-29.9,236,-16.4" /></mjloggm>