<mjloggm ver="2.3"><GO type="225" lobby="0"/><UN n0="%E5%91%A8%E6%9D%B1" n1="%E3%83%96%E3%83%83%E3%83%91%E3%82%AA%E3%83%96%E3%83%81%E3%82%AD%E3%83%B3" n2="%E3%81%8B%E3%82%8F%E3%81%A1%E3%82%83%E3%82%93%35%38" n3="%E3%81%A4%E3%81%A3%E3%81%B1%E3%82%8A%E3%83%9D%E3%83%BC%E3%83%AB" dan="17,16,16,17" rate="2202.49,2193.68,2121.69,2100.90" sx="M,M,M,M"/><TAIKYOKU oya="0"/><INIT seed="0,0,0,2,0,114" ten="250,250,250,250" oya="0" hai0="76,0,37,110,77,58,98,38,135,94,117,57,67" hai1="100,33,106,27,74,95,93,23,91,68,26,99,13" hai2="113,111,65,41,3,1,104,54,122,132,19,134,73" hai3="107,8,101,86,14,53,47,10,50,103,130,83,82"/><T52/><D0/><U34/><E74/><V81/><F113/><W129/><G107/><T43/><D117/><U28/><E68/><V115/><F115/><W42/><G42/><T119/><D119/><U92/><E27/><V125/><F104/><W35/><G35/><T39/><D43/><U89/><E34/><V17/><F122/><W72/><G72/><T84/><D135/><U36/><E36/><V108/><F125/><W112/><G112/><T4/><D4/><U5/><REACH who="1" step="1"/><E33/><REACH who="1" ten="250,240,250,250" step="2"/><V61/><F73/><W116/><G116/><T55/><D38/><U56/><E56/><V60/><F134/><W21/><G130/><T118/><D118/><U32/><E32/><V97/><F132/><W2/><G129/><T87/><D110/><U40/><E40/><V11/><F111/><W109/><G109/><T62/><D37/><U6/><E6/><V25/><F108/><W120/><G120/><T133/><D39/><U75/><E75/><V29/><F41/><W85/><G2/><T123/><D123/><U126/><E126/><V20/><F25/><W31/><G31/><T79/><D133/><U16/><E16/><V90/><F19/><N who="3" m="10487" /><G8/><AGARI ba="0,1" hai="5,8,13,23,26,28,89,91,92,93,95,99,100,106" machi="8" ten="40,8000,1" yaku="1,1,53,3" doraHai="114" doraHaiUra="88" who="1" fromWho="3" sc="250,0,240,90,250,0,250,-80" /><INIT seed="1,0,0,5,3,20" ten="250,330,250,170" oya="1" hai0="102,36,28,31,55,15,3,54,93,87,53,56,41" hai1="88,13,43,101,133,12,45,29,132,124,44,46,48" hai2="62,39,116,74,35,11,49,91,117,108,25,135,38" hai3="67,65,95,37,128,0,96,82,115,22,76,23,33"/><U130/><E101/><V42/><F91/><W109/><G115/><T26/><D3/><U100/><E100/><V97/><F49/><W123/><G123/><T19/><D36/><N who="2" m="13866" /><F42/><W119/><G119/><T80/><D41/><U73/><E73/><V5/><F97/><W125/><G0/><T113/><D113/><U72/><E72/><V1/><F108/><W58/><G33/><T64/><D64/><U81/><E45/><V14/><F14/><W127/><G37/><T78/><D56/><U84/><E130/><V27/><F27/><W51/><G128/><T118/><D118/><U112/><E112/><V104/><F104/><W98/><G109/><T70/><D70/><U105/><E105/><V30/><F135/><N who="1" m="51785" /><E124/><V75/><F75/><W131/><G131/><T106/><D106/><U69/><E69/><V71/><F74/><W24/><G24/><T85/><D26/><U32/><E46/><V92/><F92/><W89/><G125/><T47/><D47/><U8/><E8/><V114/><F114/><W79/><G127/><T122/><D122/><U126/><E126/><V120/><F120/><W111/><G111/><T61/><D61/><U103/><E103/><V59/><F59/><W121/><G121/><T10/><REACH who="0" step="1"/><D102/><REACH who="0" ten="240,330,250,170" step="2"/><U66/><E66/><AGARI ba="0,1" hai="1,5,11,25,30,35,62,66,71,116,117" m="13866" machi="66" ten="30,2000,0" yaku="23,1,52,1" doraHai="20" who="2" fromWho="1" sc="240,0,330,-20,250,30,170,0" /><INIT seed="2,0,0,2,4,111" ten="240,310,280,170" oya="2" hai0="49,71,76,50,0,56,59,25,105,5,124,127,97" hai1="123,93,2,15,46,13,63,84,55,108,79,14,19" hai2="110,119,20,64,4,36,86,115,11,54,96,74,134" hai3="133,6,130,38,68,117,51,1,100,28,135,116,65"/><V21/><F119/><N who="3" m="45643" /><G100/><N who="0" m="62607" /><D71/><U45/><E2/><V32/><F74/><W8/><G38/><T95/><D76/><U52/><E108/><V85/><F36/><W78/><G78/><T114/><D95/><U34/><E34/><V9/><F96/><W62/><G51/><T17/><D5/><U82/><E123/><V10/><F10/><W58/><G58/><T16/><D0/><U128/><E128/><V47/><F47/><N who="1" m="17929" /><E93/><V29/><F64/><W41/><G41/><T57/><D25/><U7/><E7/><V40/><F4/><W26/><G130/><T109/><D109/><U101/><E101/><V12/><F110/><W91/><G91/><T99/><D99/><U80/><E80/><V22/><F40/><W102/><G102/><T70/><D70/><U104/><E104/><V43/><F43/><W73/><G73/><T83/><D83/><U92/><E92/><V24/><F86/><W39/><G39/><T131/><D131/><U23/><E63/><V31/><F85/><W132/><G26/><AGARI ba="0,0" hai="13,14,15,19,23,26,52,55,79,82,84" m="17929" machi="26" ten="30,2000,0" yaku="8,1,54,1" doraHai="111" who="1" fromWho="3" sc="240,0,310,20,280,0,170,-20" /><INIT seed="3,0,0,1,1,9" ten="240,330,280,150" oya="3" hai0="88,83,61,2,123,31,105,30,18,96,20,82,46" hai1="99,0,84,35,12,17,132,64,44,15,19,39,41" hai2="108,103,122,118,67,11,37,60,135,62,119,100,125" hai3="68,111,51,72,53,71,66,34,52,4,106,95,104"/><W3/><G72/><T117/><D117/><U36/><E0/><V73/><F73/><W77/><G34/><T115/><D123/><U29/><E132/><V116/><F37/><W87/><G111/><T49/><D2/><U8/><E64/><V65/><F11/><W25/><G4/><T40/><D115/><U81/><E99/><V124/><F108/><W133/><G3/><T90/><D105/><U107/><E107/><V110/><F110/><W1/><G1/><T45/><D61/><N who="2" m="23658" /><F135/><W102/><G133/><T16/><D96/><U101/><E101/><N who="2" m="38987" /><F122/><W42/><G106/><T94/><D94/><U63/><E63/><V10/><F10/><W14/><G104/><T98/><D98/><U54/><E54/><N who="3" m="21098" /><G66/><AGARI ba="0,0" hai="65,66,67,116,118,119,124,125" m="38987,23658" machi="66" ten="40,2600,0" yaku="28,2" doraHai="9" who="2" fromWho="3" sc="240,0,330,0,280,26,150,-26" owari="240,-16.0,330,43.0,306,10.6,124,-37.6" /></mjloggm>