<mjloggm ver="2.3"><GO type="225" lobby="0"/><UN n0="%E3%82%A4%E3%83%BC%E3%82%B1%E3%83%97%E3%83%A9" n1="%E3%81%BF%E3%81%BF%E3%81%9A" n2="%E5%B8%86%E7%AB%8B%E5%A4%8F%E8%A1%A3" n3="%E3%83%96%E3%83%83%E3%83%91%E3%82%AA%E3%83%96%E3%83%81%E3%82%AD%E3%83%B3" dan="17,18,17,16" rate="2220.97,2266.58,2138.46,2258.69" sx="M,M,M,M"/><TAIKYOKU oya="0"/><INIT seed="0,0,0,4,4,31" ten="250,250,250,250" oya="0" hai0="123,15,63,57,8,19,62,0,39,5,51,38,91" hai1="67,109,2,20,87,6,133,124,132,76,74,4,126" hai2="21,14,12,23,103,53,118,60,24,93,90,100,79" hai3="37,28,80,98,41,47,56,55,108,70,42,71,127"/><T82/><D123/><U1/><E87/><V83/><F118/><W25/><G108/><T72/><D51/><U104/><E76/><V110/><F110/><W30/><G127/><N who="1" m="48682" /><E109/><V78/><F53/><W128/><G128/><T105/><D105/><U112/><E104/><V86/><F60/><W97/><G42/><T119/><D119/><U135/><E67/><V7/><F78/><W81/><G71/><T92/><D82/><U89/><E89/><V17/><F7/><N who="1" m="2601" /><E112/><V111/><F111/><W113/><G30/><T116/><D72/><U95/><E95/><V43/><F43/><W130/><G70/><T11/><D116/><U36/><E36/><V88/><F90/><W33/><G113/><T85/><REACH who="0" step="1"/><D63/><REACH who="0" ten="240,250,250,250" step="2"/><U50/><E50/><V131/><F131/><W120/><G130/><T34/><D34/><U102/><E102/><N who="2" m="38955" /><F23/><W22/><G22/><T48/><D48/><U58/><E58/><V106/><F106/><W68/><G68/><T115/><D115/><U77/><E20/><V49/><F49/><W94/><G37/><T44/><D44/><U59/><E59/><V40/><F40/><W66/><G56/><T69/><D69/><U134/><N who="1" m="33792" /><DORA hai="10" /><U129/><E129/><V13/><F79/><W96/><G41/><T52/><AGARI ba="0,1" hai="0,5,8,11,15,19,38,39,52,57,62,85,91,92" machi="52" ten="20,12000,1" yaku="1,1,0,1,7,1,52,1,54,1,53,0" doraHai="31,10" doraHaiUra="45,73" who="0" fromWho="0" sc="240,130,250,-40,250,-40,250,-40" /><INIT seed="0,1,0,2,3,76" ten="370,210,210,210" oya="0" hai0="36,88,96,60,124,37,35,38,69,129,30,10,110" hai1="6,8,9,97,80,42,25,66,63,123,122,11,135" hai2="57,113,27,121,33,24,75,50,32,118,85,115,112" hai3="101,16,34,119,116,19,45,31,92,22,105,40,83"/><T29/><D129/><U56/><E135/><V79/><F75/><W117/><G105/><T107/><D124/><U100/><E6/><V89/><F79/><W106/><G106/><T23/><D110/><U132/><E132/><V94/><F121/><W130/><G130/><T21/><D10/><U109/><E109/><V108/><F108/><W131/><G131/><T3/><D3/><U0/><E0/><V93/><F118/><W51/><G34/><T13/><D13/><U55/><E42/><V49/><F57/><W86/><G31/><T18/><D18/><U2/><E2/><V58/><F58/><W120/><G120/><T26/><D30/><U71/><E25/><V67/><F67/><W104/><G104/><T74/><D74/><U14/><E14/><V78/><F78/><W46/><G46/><T103/><REACH who="0" step="1"/><D88/><REACH who="0" ten="360,210,210,210" step="2"/><U95/><REACH who="1" step="1"/><E80/><REACH who="1" ten="360,200,210,210" step="2"/><V61/><F113/><W7/><G83/><T72/><D72/><U17/><E17/><V4/><F115/><W91/><G16/><T68/><D68/><U39/><E39/><V114/><F112/><W70/><G70/><T134/><D134/><U111/><E111/><V48/><F114/><W20/><G7/><T125/><D125/><U90/><E90/><N who="2" m="53455" /><F4/><W64/><G19/><T41/><D41/><U99/><E99/><N who="2" m="57807" /><F27/><W47/><G117/><T73/><D73/><U82/><E82/><V15/><F24/><W28/><G119/><T81/><D81/><U59/><E59/><V43/><F43/><W5/><G40/><T133/><D133/><U126/><E126/><V65/><F15/><W98/><G116/><RYUUKYOKU ba="1,2" sc="360,10,200,10,210,10,210,-30" hai0="21,23,26,29,35,36,37,38,60,69,96,103,107" hai1="8,9,11,55,56,63,66,71,95,97,100,122,123" hai2="32,33,48,49,50,61,65" /><INIT seed="0,2,2,1,4,71" ten="370,210,220,180" oya="0" hai0="82,95,70,23,52,105,119,0,7,75,13,29,46" hai1="10,103,47,6,77,66,89,59,87,120,31,133,34" hai2="109,96,121,61,126,132,91,45,93,85,51,118,30" hai3="73,11,125,135,26,2,36,63,104,41,115,90,38"/><T17/><D119/><U102/><E120/><V9/><F121/><W106/><G115/><T21/><D105/><N who="3" m="40553" /><G90/><T94/><D70/><U122/><E122/><V86/><F132/><W111/><G111/><T18/><D29/><U25/><E133/><V22/><F126/><W110/><G110/><T112/><D112/><U64/><E77/><V129/><F129/><W99/><G99/><T58/><D46/><U69/><E69/><V80/><F118/><W79/><G135/><T72/><D7/><U92/><E47/><V43/><F109/><W76/><G63/><T84/><D0/><U27/><E27/><N who="2" m="16759" /><F61/><W83/><G41/><T3/><D3/><U81/><E59/><V67/><F67/><W44/><G44/><T107/><D107/><U54/><E54/><V78/><F9/><W123/><G123/><T131/><D131/><U130/><E130/><V12/><F12/><W14/><G14/><N who="0" m="9399" /><D75/><U1/><REACH who="1" step="1"/><E81/><REACH who="1" ten="370,200,220,180" step="2"/><V40/><F40/><W19/><G83/><T108/><D108/><U114/><E114/><V20/><F80/><W97/><G79/><N who="0" m="46175" /><D72/><U39/><E39/><V33/><F78/><W65/><G76/><T16/><D52/><U49/><E49/><V42/><F42/><W116/><G73/><T50/><D50/><U15/><E15/><V48/><F48/><W117/><G117/><T28/><D58/><U124/><E124/><V101/><F51/><W24/><G116/><T88/><D13/><U62/><E62/><V55/><F55/><W98/><G125/><T60/><D60/><U128/><E128/><V8/><F45/><W4/><G2/><RYUUKYOKU ba="2,3" sc="370,-10,200,30,220,-10,180,-10" hai1="1,6,10,25,31,34,64,66,87,89,92,102,103" /><INIT seed="1,3,3,0,5,83" ten="360,230,210,170" oya="1" hai0="98,119,32,88,22,111,81,46,102,15,113,48,65" hai1="3,26,116,0,68,85,30,103,120,56,95,13,105" hai2="42,131,31,93,60,71,74,82,33,106,110,45,2" hai3="41,73,77,64,91,29,133,114,90,51,19,127,18"/><U66/><E116/><V79/><F110/><W11/><G114/><T20/><D32/><N who="1" m="20567" /><E120/><V61/><F131/><W117/><G117/><T132/><D113/><U125/><E56/><V72/><F72/><W5/><G127/><T36/><D119/><U7/><E125/><V134/><F134/><W112/><G112/><T59/><D111/><U24/><E13/><V76/><F76/><W123/><G123/><T54/><D132/><U57/><E57/><V104/><F2/><W12/><G133/><T78/><D15/><U10/><E24/><N who="2" m="18663" /><F93/><W28/><G73/><T80/><D80/><U23/><E23/><V14/><F61/><W9/><G77/><T58/><D58/><U21/><E21/><V84/><F84/><W101/><G64/><T97/><D97/><N who="1" m="61679" /><E95/><V126/><F14/><N who="3" m="5423" /><G101/><T37/><D37/><U27/><E27/><V100/><F100/><W75/><G75/><T94/><D102/><U53/><E53/><V70/><F126/><W43/><G19/><T122/><D122/><U38/><E38/><N who="2" m="21719" /><F71/><W121/><G121/><T135/><D135/><U62/><E0/><V69/><F70/><W25/><G25/><T109/><D109/><U99/><E99/><V124/><F124/><W16/><G18/><T92/><D92/><U107/><E107/><V130/><F130/><W52/><G29/><T34/><D34/><U50/><E50/><V128/><F128/><W1/><G28/><T115/><D115/><U4/><E4/><V55/><F55/><W40/><G1/><T89/><D54/><U86/><AGARI ba="3,3" hai="3,7,10,62,66,68,85,86" m="61679,20567" machi="86" ten="30,6000,0" yaku="25,1,52,2" doraHai="83" who="1" fromWho="1" sc="360,-23,230,99,210,-23,170,-23" /><INIT seed="1,4,0,4,3,87" ten="337,329,187,147" oya="1" hai0="0,77,95,62,55,36,92,98,88,86,133,63,37" hai1="93,60,61,23,47,32,101,80,59,67,69,106,97" hai2="90,111,79,131,48,126,116,49,42,27,121,99,28" hai3="70,57,16,35,85,64,7,118,12,75,134,26,76"/><U4/><E32/><V20/><F116/><W91/><G118/><T8/><D133/><U104/><E4/><V18/><F121/><W29/><G134/><T19/><D77/><U129/><E129/><V117/><F117/><W25/><G70/><T33/><D33/><U52/><E80/><V3/><F3/><W66/><G25/><T30/><D30/><U39/><REACH who="1" step="1"/><E23/><REACH who="1" ten="337,319,187,147" step="2"/><V123/><F20/><W114/><G7/><T31/><D0/><U109/><E109/><V74/><F111/><W46/><G35/><T100/><D8/><U68/><E68/><V44/><F131/><W24/><G114/><T21/><D21/><U119/><E119/><V112/><F112/><W73/><G73/><T51/><D31/><U82/><E82/><V96/><F28/><W78/><G75/><T15/><D19/><U71/><E71/><V13/><F18/><W38/><G29/><T5/><D5/><U84/><E84/><V9/><F74/><W11/><G85/><T103/><D15/><U125/><E125/><V135/><F13/><W43/><G12/><T120/><D120/><U2/><E2/><V72/><F72/><W113/><G16/><T122/><D122/><U132/><E132/><V130/><F135/><W124/><G124/><T108/><D108/><U40/><AGARI ba="4,1" hai="39,40,47,52,59,60,61,67,69,93,97,101,104,106" machi="40" ten="30,6000,0" yaku="1,1,0,1,54,1,53,0" doraHai="87" doraHaiUra="45" who="1" fromWho="1" sc="337,-24,319,82,187,-24,147,-24" /><INIT seed="1,5,0,2,3,32" ten="313,401,163,123" oya="1" hai0="117,103,12,53,131,110,126,18,74,100,101,41,104" hai1="28,135,97,10,33,81,60,120,39,19,22,57,69" hai2="134,11,40,83,27,48,118,114,56,108,133,31,106" hai3="70,52,73,20,30,90,55,58,72,125,61,37,36"/><U105/><E120/><V91/><F118/><W66/><G125/><T0/><D0/><U79/><E39/><N who="3" m="14922" /><G90/><T85/><D74/><U102/><E135/><N who="2" m="51723" /><F106/><W109/><G20/><T6/><D6/><U89/><E89/><V82/><F108/><W38/><G30/><T121/><D41/><U2/><E22/><N who="2" m="15863" /><F114/><W80/><G80/><N who="2" m="30761" /><F91/><W84/><G84/><T26/><D85/><U23/><E23/><V71/><F71/><W1/><G73/><T49/><D104/><U8/><E69/><V94/><F94/><W76/><G76/><T122/><D103/><U67/><E19/><V87/><F87/><W46/><G72/><T128/><D18/><U3/><E28/><V111/><F111/><W35/><G35/><T88/><D100/><U86/><REACH who="1" step="1"/><E33/><REACH who="1" ten="313,391,163,123" step="2"/><V43/><F11/><AGARI ba="5,1" hai="2,3,8,10,11,57,60,67,79,81,86,97,102,105" machi="11" ten="40,12000,1" yaku="1,1,2,1,52,2,53,0" doraHai="32" doraHaiUra="16" who="1" fromWho="2" sc="313,0,391,145,163,-135,123,0" /><INIT seed="1,6,0,0,2,0" ten="313,536,28,123" oya="1" hai0="41,117,72,34,19,43,75,104,6,7,68,24,119" hai1="30,4,91,127,29,77,101,134,11,90,1,53,76" hai2="67,20,107,64,40,54,56,112,78,129,51,100,21" hai3="48,66,49,62,33,44,93,22,97,59,55,109,131"/><U32/><E127/><V70/><F129/><W17/><G109/><T115/><D19/><U102/><E134/><V37/><F112/><W25/><G131/><T105/><D24/><U57/><E32/><V133/><F133/><W15/><G33/><T18/><D18/><U60/><E91/><V95/><F107/><N who="0" m="41034" /><D68/><U71/><E90/><V14/><F78/><W10/><G49/><T81/><D81/><U118/><E118/><N who="0" m="45065" /><D34/><U121/><E121/><V106/><F106/><W3/><G3/><T65/><D65/><N who="2" m="25162" /><F70/><W8/><REACH who="3" step="1"/><G25/><REACH who="3" ten="313,536,28,113" step="2"/><T23/><D115/><U114/><E114/><V5/><F37/><W13/><G13/><T128/><D128/><U113/><E113/><V74/><F40/><N who="0" m="15434" /><D23/><N who="2" m="8778" /><F74/><AGARI ba="6,1" hai="6,7,72,74,75" m="15434,45065,41034" machi="74" ten="40,8000,1" yaku="28,2,52,2" doraHai="0" who="0" fromWho="2" sc="313,108,536,0,28,-98,113,0" owari="421,22.1,536,63.6,-70,-57.0,113,-28.7" /></mjloggm>