<mjloggm ver="2.3"><GO type="225" lobby="0"/><UN n0="%E9%BB%99%E8%81%B4%E3%81%AE%E3%81%99%E3%82%9D%E3%82%81" n1="%E3%81%99%E3%81%84%E3%81%BE%E3%81%9B%E3%83%BC%E3%82%93" n2="%70%68%65%6E%6F%6D%65" n3="%E6%98%93%E5%88%A9%E8%96%A9%E4%BC%AF" dan="16,18,16,17" rate="2108.85,2202.55,2152.35,2141.00" sx="M,M,M,F"/><TAIKYOKU oya="0"/><INIT seed="0,0,0,1,1,47" ten="250,250,250,250" oya="0" hai0="133,97,54,0,10,132,23,28,55,15,3,119,87" hai1="99,101,34,41,58,89,122,126,62,128,65,79,98" hai2="104,135,118,9,84,108,17,114,67,127,73,115,125" hai3="82,57,110,35,102,116,103,70,51,1,111,129,48"/><T33/><D33/><U93/><E122/><V95/><F73/><W30/><G70/><T6/><D119/><U113/><E128/><V40/><F104/><W96/><G1/><N who="0" m="587" /><D97/><U29/><E126/><V31/><F108/><N who="3" m="41515" /><G116/><T49/><D87/><U112/><E79/><V75/><F75/><W27/><G129/><T37/><D37/><U100/><E41/><V92/><F40/><W131/><G131/><T26/><D49/><N who="3" m="19017" /><G96/><T78/><D78/><U43/><E43/><V32/><F32/><W77/><G57/><T88/><D88/><U107/><E89/><V59/><F59/><W19/><G19/><T24/><D24/><U106/><E93/><V130/><F17/><W5/><G5/><T18/><D6/><U69/><E58/><V11/><F130/><W61/><G61/><T42/><D42/><U44/><E44/><V80/><F118/><W109/><N who="3" m="41523" /><W22/><DORA hai="66" /><G35/><T94/><D18/><U64/><E64/><V7/><F67/><W16/><G30/><T63/><D28/><U39/><E39/><V52/><F7/><W117/><G117/><T123/><D63/><U50/><E50/><V85/><F31/><W4/><G4/><T38/><D38/><U72/><E29/><V20/><F125/><W71/><G71/><T120/><D120/><U121/><E121/><V90/><F127/><W76/><G76/><T45/><D123/><U8/><E34/><V36/><F36/><W2/><G2/><T13/><D45/><U56/><E69/><V81/><F135/><W60/><G60/><T134/><D134/><U14/><E62/><RYUUKYOKU ba="0,0" sc="250,-10,250,-10,250,-10,250,30" hai3="16,22,27,77,82,102,103" /><INIT seed="1,1,0,3,3,117" ten="240,240,240,280" oya="1" hai0="1,49,45,2,78,116,101,69,31,22,72,66,46" hai1="133,93,120,16,81,125,132,106,71,52,3,113,96" hai2="91,11,38,115,104,112,128,124,17,51,48,62,108" hai3="131,100,29,134,79,82,126,27,56,127,97,118,70"/><U21/><E113/><N who="2" m="43595" /><F38/><W90/><G70/><T111/><D116/><U89/><E125/><N who="3" m="47626" /><G118/><T121/><D111/><U50/><E71/><V110/><F124/><W37/><G37/><T109/><D109/><N who="2" m="42090" /><F104/><N who="3" m="63503" /><G56/><T18/><D31/><U24/><E24/><V60/><BYE who="1" /><F128/><W25/><G131/><T14/><D101/><U92/><E92/><V36/><F91/><W6/><G6/><T84/><D72/><U83/><E83/><V73/><F73/><N who="3" m="43375" /><G134/><UN n1="%E3%81%99%E3%81%84%E3%81%BE%E3%81%9B%E3%83%BC%E3%82%93" /><T105/><D69/><U58/><E3/><V107/><F107/><W68/><G68/><T10/><D105/><U75/><E106/><V129/><F129/><W26/><G90/><T98/><D1/><U15/><REACH who="1" step="1"/><E120/><REACH who="1" ten="240,230,240,280" step="2"/><V87/><F36/><W95/><G95/><T40/><D121/><U85/><E85/><V12/><F87/><W57/><G57/><T114/><D114/><U55/><E55/><V5/><F5/><W43/><G43/><T44/><D2/><U39/><E39/><V59/><F62/><W64/><G64/><AGARI ba="1,1" hai="11,12,17,48,51,59,60,64" m="42090,43595" machi="64" ten="30,2000,0" yaku="11,1,14,1" doraHai="117" who="2" fromWho="3" sc="240,0,230,0,240,33,280,-23" /><INIT seed="2,0,0,2,0,87" ten="240,230,273,257" oya="2" hai0="58,38,78,118,20,99,61,68,45,19,18,6,104" hai1="21,8,31,123,96,75,1,129,34,74,23,25,116" hai2="22,32,90,85,46,5,120,9,14,52,121,66,101" hai3="80,56,95,53,131,135,43,59,112,106,54,108,82"/><V70/><F32/><W67/><G106/><T3/><D68/><U113/><E113/><V27/><F101/><W35/><G35/><T26/><D118/><U73/><E116/><V126/><F126/><W57/><G108/><T44/><D78/><U65/><E129/><V125/><F125/><W114/><G135/><T55/><D38/><U130/><E130/><V77/><F77/><W33/><G33/><T64/><D3/><U91/><E123/><V37/><F70/><W124/><G124/><T30/><D6/><U79/><E79/><V103/><F103/><W132/><G43/><T2/><D2/><U111/><E65/><V10/><F66/><W98/><G67/><T42/><D104/><U88/><E111/><V110/><F110/><W28/><G28/><T109/><D109/><U133/><E133/><V47/><F10/><W4/><G4/><T71/><D99/><U119/><E119/><V100/><F100/><W128/><G132/><T60/><REACH who="0" step="1"/><D45/><REACH who="0" ten="230,230,273,257" step="2"/><U134/><E134/><V11/><F46/><W48/><G131/><T17/><D17/><U50/><E96/><V39/><F37/><W0/><G0/><T41/><D41/><U115/><E1/><V40/><F120/><W89/><G128/><T29/><D29/><U72/><E31/><N who="2" m="17911" /><F121/><W36/><G36/><T122/><D122/><U16/><E16/><V63/><F39/><W127/><G127/><T94/><D94/><U69/><E69/><V15/><F40/><W12/><G95/><T107/><D107/><U105/><E105/><V97/><F47/><W102/><G98/><T76/><D76/><RYUUKYOKU ba="0,1" sc="230,30,230,-10,273,-10,257,-10" hai0="18,19,20,26,30,42,44,55,58,60,61,64,71" /><INIT seed="3,1,1,5,4,110" ten="260,220,263,247" oya="3" hai0="103,121,83,12,45,111,41,123,30,81,94,112,36" hai1="90,40,6,106,39,98,86,62,124,16,72,131,56" hai2="133,21,116,27,48,9,44,37,50,113,120,129,33" hai3="75,66,99,57,32,126,91,125,97,35,115,49,15"/><W80/><G115/><T93/><D111/><U128/><E72/><V52/><F113/><W61/><G15/><T31/><D12/><U100/><E124/><N who="3" m="47722" /><G49/><T84/><D45/><U0/><E40/><V47/><F116/><W109/><G109/><T82/><D41/><U1/><E39/><V25/><F129/><N who="1" m="49737" /><E6/><V14/><F133/><W96/><G91/><T74/><D36/><U132/><E16/><N who="2" m="8271" /><F33/><W107/><G107/><T2/><D2/><U130/><N who="1" m="49745" /><U58/><DORA hai="55" /><E132/><V18/><F120/><N who="0" m="46154" /><D30/><U13/><E13/><N who="2" m="9423" /><F37/><W23/><G23/><T26/><D26/><U42/><E42/><AGARI ba="1,1" hai="25,27,42,44,47,48,50,52" m="9423,8271" machi="42" ten="30,3900,0" yaku="8,1,54,2" doraHai="110,55" who="2" fromWho="1" sc="260,0,220,-42,263,52,247,0" owari="260,6.0,178,-32.2,315,41.5,247,-15.3" /></mjloggm>