<mjloggm ver="2.3"><GO type="225" lobby="0"/><UN n0="%E3%80%90%E3%83%88%E3%83%AA%E3%83%A5%E3%83%95%E3%80%91" n1="%E3%83%94%E3%83%B3%E3%82%B5%E3%83%AD%E5%BA%97%E5%93%A1" n2="%E3%83%81%E3%83%83%E3%82%BF%E3%82%BD%E3%83%BC" n3="%E6%98%93%E5%88%A9%E8%96%A9%E4%BC%AF" dan="16,16,16,17" rate="2079.01,2162.42,2191.16,2189.21" sx="M,M,F,F"/><TAIKYOKU oya="0"/><INIT seed="0,0,0,0,3,62" ten="250,250,250,250" oya="0" hai0="38,113,58,20,83,44,72,87,53,81,50,7,43" hai1="67,126,5,25,80,116,86,21,32,54,120,13,101" hai2="39,49,122,30,114,23,2,131,94,33,0,71,77" hai3="129,127,92,37,15,105,56,78,1,41,31,52,10"/><T17/><D113/><U6/><E116/><V124/><F49/><W40/><G105/><T64/><D7/><U34/><E120/><V115/><F23/><W9/><G129/><T47/><D72/><U84/><E126/><V19/><F19/><W110/><G110/><T95/><D95/><U134/><E134/><V76/><F94/><W18/><G78/><T12/><REACH who="0" step="1"/><D87/><REACH who="0" ten="240,250,250,250" step="2"/><U74/><E86/><V103/><F114/><W59/><G92/><T104/><D104/><U135/><E74/><V128/><F115/><W55/><G127/><T96/><D96/><U27/><E6/><V75/><F124/><W46/><G1/><T85/><D85/><U90/><E5/><V102/><F75/><W130/><G130/><T4/><D4/><U121/><E84/><V8/><F128/><W51/><G31/><T132/><D132/><U107/><E135/><V60/><F30/><W91/><G91/><T79/><D79/><U24/><E90/><V100/><F0/><W63/><REACH who="3" step="1"/><G41/><REACH who="3" ten="240,250,250,240" step="2"/><T111/><D111/><U11/><E107/><V29/><F131/><W97/><G97/><T26/><D26/><U61/><E27/><V125/><F125/><W68/><G68/><T28/><D28/><U16/><E25/><V133/><F133/><W65/><G65/><T35/><D35/><U99/><E24/><V98/><F29/><W88/><G88/><T73/><D73/><U42/><E34/><V66/><F33/><W82/><G82/><T109/><D109/><U106/><E32/><V118/><F76/><W93/><G93/><T112/><D112/><U3/><E106/><RYUUKYOKU ba="0,2" sc="240,15,250,-15,250,-15,240,15" hai0="12,17,20,38,43,44,47,50,53,58,64,81,83" hai3="9,10,15,18,37,40,46,51,52,55,56,59,63" /><INIT seed="0,1,2,0,1,16" ten="255,235,235,255" oya="0" hai0="24,2,124,101,103,108,83,8,12,113,57,7,20" hai1="19,33,23,121,84,44,118,110,69,94,74,89,79" hai2="81,70,37,13,122,96,41,64,82,75,105,109,27" hai3="0,128,26,78,91,30,43,4,66,131,133,48,45"/><T77/><D113/><U99/><E118/><V106/><F109/><W95/><G133/><T39/><D108/><U132/><E110/><V1/><F122/><W11/><G78/><T22/><D39/><U72/><E33/><V21/><F1/><W93/><G66/><T116/><D116/><U98/><E121/><V73/><F13/><W58/><G58/><T59/><D124/><U67/><E132/><V88/><F41/><W29/><G29/><N who="0" m="17543" /><D2/><U47/><E69/><V120/><F37/><W31/><G31/><T6/><D6/><U3/><E3/><V80/><F120/><W129/><REACH who="3" step="1"/><G91/><REACH who="3" ten="255,235,235,245" step="2"/><T32/><D32/><AGARI ba="1,3" hai="0,4,11,26,30,32,43,45,48,93,95,128,129,131" machi="32" ten="40,5200,0" yaku="1,1,2,1,19,1,53,0" doraHai="16" doraHaiUra="100" who="3" fromWho="0" sc="255,-55,235,0,235,0,245,85" /><INIT seed="1,0,0,2,3,87" ten="200,235,235,330" oya="1" hai0="1,125,89,35,86,131,102,100,64,39,52,19,24" hai1="111,70,117,46,95,90,59,98,26,9,36,72,29" hai2="109,41,112,25,58,48,38,76,22,101,110,135,54" hai3="134,103,122,91,53,16,6,3,133,114,65,68,21"/><U15/><E117/><V13/><F135/><N who="3" m="51723" /><G114/><T120/><D1/><U37/><E70/><V50/><F13/><N who="3" m="9359" /><G103/><N who="0" m="39467" /><D35/><U23/><E72/><V5/><F5/><W119/><G122/><T77/><D39/><U85/><E111/><N who="2" m="42507" /><F112/><W61/><G53/><T43/><D43/><U115/><E115/><V107/><F76/><W44/><G44/><T129/><D64/><U11/><E59/><V130/><F130/><N who="0" m="49674" /><D125/><U106/><E106/><V2/><F2/><W49/><G49/><T97/><D97/><U0/><E98/><N who="2" m="61879" /><F38/><W18/><G119/><T88/><D52/><U92/><E0/><V123/><F123/><W57/><G68/><T30/><D120/><U93/><E37/><V74/><F41/><W33/><G33/><N who="0" m="20679" /><D19/><U63/><E36/><V10/><F48/><W69/><G18/><T96/><D96/><U113/><E113/><V8/><F74/><W34/><G34/><T32/><D32/><U84/><E46/><V40/><F40/><W66/><G69/><T12/><D12/><U94/><E15/><V31/><AGARI ba="0,0" hai="8,10,22,25,31,50,54,58" m="61879,42507" machi="31" ten="30,1100,0" yaku="14,1" doraHai="87" who="2" fromWho="2" sc="200,-3,235,-5,235,11,330,-3" /><INIT seed="2,0,0,4,0,68" ten="197,230,246,327" oya="2" hai0="89,115,123,69,86,59,135,54,77,27,30,105,119" hai1="60,93,96,39,50,128,117,53,23,109,94,85,87" hai2="111,127,81,102,130,28,9,19,125,18,34,24,21" hai3="99,55,106,42,36,120,112,11,104,62,0,52,13"/><V15/><F102/><W90/><G120/><T73/><D123/><U82/><E117/><V129/><F81/><W56/><G0/><T84/><D115/><U41/><E109/><V98/><F98/><W49/><G112/><T16/><D69/><U20/><E128/><N who="2" m="49259" /><F111/><W40/><G36/><T116/><D105/><U126/><E126/><N who="2" m="48139" /><F19/><N who="3" m="8639" /><G106/><T64/><D64/><U12/><E87/><V80/><F80/><W79/><G79/><T121/><D121/><U113/><E113/><V1/><F1/><W118/><G118/><N who="0" m="45099" /><D16/><U133/><E93/><V88/><F88/><W35/><G35/><AGARI ba="0,0" hai="9,15,18,21,24,28,34,35" m="48139,49259" machi="35" ten="30,11600,0" yaku="19,1,18,1,34,2" doraHai="68" who="2" fromWho="3" sc="197,0,230,0,246,116,327,-116" /><INIT seed="2,1,0,5,1,38" ten="197,230,362,211" oya="2" hai0="72,31,125,0,36,41,120,86,134,126,19,99,112" hai1="128,24,90,2,10,74,98,62,11,77,93,100,110" hai2="29,73,85,135,22,14,117,17,27,102,52,105,25" hai3="81,108,69,111,96,64,83,87,55,79,75,6,101"/><V92/><F135/><W70/><G6/><T13/><D0/><U65/><E110/><N who="3" m="42026" /><G64/><T68/><D72/><U66/><E128/><V130/><F130/><W132/><G132/><T34/><D68/><N who="3" m="26217" /><G55/><T80/><D134/><U76/><E74/><V106/><F117/><W3/><G3/><T84/><D99/><U23/><E2/><V50/><F73/><W21/><G21/><T97/><D97/><U103/><E103/><V119/><F119/><W60/><G60/><T15/><D120/><U43/><E100/><V39/><F39/><W45/><G45/><N who="0" m="23719" /><D112/><U71/><E66/><V30/><F102/><W42/><G83/><T59/><D80/><U127/><E43/><V118/><F118/><W104/><G75/><T12/><D19/><U114/><E114/><V20/><F92/><W61/><G61/><T49/><D34/><U88/><E90/><V78/><F78/><W33/><G42/><T82/><D82/><U16/><REACH who="1" step="1"/><E127/><REACH who="1" ten="197,220,362,211" step="2"/><N who="0" m="48649" /><D31/><U35/><E35/><AGARI ba="1,1" hai="33,35,79,81,87,96,101,104" m="26217,42026" machi="35" ten="30,1000,0" yaku="14,1" doraHai="38" who="3" fromWho="1" sc="197,0,220,-13,362,0,211,23" /><INIT seed="3,0,0,5,0,51" ten="197,207,362,234" oya="3" hai0="47,129,116,54,29,87,121,55,56,18,94,125,62" hai1="102,114,115,122,39,14,49,96,22,19,120,32,76" hai2="68,126,43,95,5,59,89,124,8,1,61,33,77" hai3="134,40,30,53,16,93,58,6,72,97,57,98,78"/><W109/><G30/><T21/><D116/><U70/><E39/><V44/><F68/><W31/><G31/><T65/><D121/><U3/><E70/><V52/><F33/><W38/><G6/><T27/><D129/><U88/><E32/><V112/><F77/><W37/><G72/><T10/><D125/><U101/><E3/><V45/><F112/><W17/><G78/><T111/><D111/><U48/><E76/><V119/><F119/><W74/><G74/><T67/><D10/><U34/><E34/><V11/><F8/><W0/><G0/><T99/><D87/><U117/><E117/><V2/><F2/><W63/><G98/><T110/><D110/><U4/><E4/><V132/><F132/><W28/><G28/><T13/><D47/><U20/><E88/><V106/><F106/><W128/><G128/><T91/><D67/><U36/><E36/><V118/><F118/><W15/><G40/><T113/><D113/><U135/><E135/><V133/><F133/><W24/><G134/><T79/><D79/><U75/><E75/><V85/><REACH who="2" step="1"/><F45/><REACH who="2" ten="197,207,352,234" step="2"/><W35/><G35/><T130/><D130/><U104/><E115/><V7/><F7/><W64/><G109/><T92/><D92/><N who="1" m="58503" /><E114/><V123/><F123/><N who="1" m="47145" /><E22/><V69/><F69/><W9/><G93/><T46/><D46/><U108/><E108/><V25/><F25/><W66/><G24/><T83/><D83/><U86/><E86/><V71/><F71/><W73/><G73/><T105/><D105/><U84/><E84/><V42/><F42/><W90/><G9/><T100/><D100/><RYUUKYOKU ba="0,1" sc="197,10,207,10,352,10,234,-30" hai0="13,18,21,27,29,54,55,56,62,65,91,94,99" hai1="14,19,20,48,49,102,104" hai2="1,5,11,43,44,52,59,61,85,89,95,124,126" owari="207,-19.3,217,1.7,372,47.2,204,-29.6" /></mjloggm>