<mjloggm ver="2.3"><GO type="225" lobby="0"/><UN n0="%E3%83%96%E3%83%83%E3%83%91%E3%82%AA%E3%83%96%E3%83%81%E3%82%AD%E3%83%B3" n1="%E3%83%A9%E3%82%A4%E3%83%B3%E3%81%AE%E8%99%8E" n2="%E3%82%A2%E3%83%9E%E3%83%9D%EF%BD%9E%EF%BD%9E%E3%83%A9" n3="%E6%9C%88%E5%B3%B6%E5%9F%BA" dan="16,16,17,16" rate="2197.05,2136.38,2053.59,2155.97" sx="M,M,M,M"/><TAIKYOKU oya="0"/><INIT seed="0,0,0,2,3,3" ten="250,250,250,250" oya="0" hai0="93,87,130,1,73,17,23,134,65,8,28,38,80" hai1="120,78,64,119,46,109,94,96,108,124,82,79,91" hai2="11,59,103,33,50,12,30,127,98,18,95,101,110" hai3="36,112,16,63,100,58,6,15,102,115,19,26,31"/><T60/><D38/><U75/><E64/><V106/><F110/><N who="1" m="42601" /><E46/><V121/><F121/><W129/><G36/><T62/><D130/><U68/><E68/><V40/><F127/><W55/><G129/><T116/><D116/><U22/><E22/><V123/><F123/><W81/><G112/><T52/><D134/><U29/><E29/><V113/><F113/><W41/><G41/><T2/><D28/><U47/><E47/><V77/><F77/><W117/><G117/><T114/><D114/><U107/><E120/><V135/><F135/><W83/><G115/><T69/><D8/><U57/><E57/><V92/><F103/><N who="3" m="39467" /><G31/><T111/><D111/><U43/><E43/><V88/><F106/><W61/><G61/><T128/><D128/><U122/><E122/><V84/><F33/><W9/><G26/><T4/><D62/><U37/><E37/><V72/><F72/><W125/><G125/><T44/><D60/><U42/><E42/><V48/><F30/><W86/><G81/><T25/><D69/><U21/><E107/><V66/><F40/><W53/><G55/><T99/><D52/><U10/><E82/><V67/><F48/><W74/><G74/><T0/><D73/><U132/><E132/><V70/><F70/><W118/><G118/><T49/><D49/><U14/><E75/><V71/><F71/><W54/><G54/><AGARI ba="0,0" hai="11,12,18,50,54,59,66,67,84,88,92,95,98,101" machi="54" ten="40,2600,0" yaku="8,1,54,1" doraHai="3" who="2" fromWho="3" sc="250,0,250,0,250,26,250,-26" /><INIT seed="1,0,0,1,3,83" ten="250,250,276,224" oya="1" hai0="14,124,35,0,15,117,85,67,55,6,113,72,81" hai1="51,80,52,114,24,2,101,46,133,50,66,23,21" hai2="115,10,122,135,75,112,99,90,107,65,116,130,132" hai3="3,134,47,16,100,62,1,53,31,58,37,109,54"/><U92/><E133/><N who="2" m="51275" /><F65/><W28/><G134/><T57/><D113/><N who="2" m="43594" /><F10/><W127/><G109/><T45/><D117/><U103/><E114/><V87/><F116/><W40/><G127/><T93/><D124/><U59/><E2/><V91/><F122/><W5/><G100/><T34/><D72/><U78/><E92/><N who="2" m="56727" /><F75/><W120/><G120/><T22/><D67/><U104/><E104/><V121/><F121/><W33/><G5/><T129/><D6/><U102/><E24/><V118/><F118/><W106/><G106/><T79/><D14/><U68/><E68/><V30/><F30/><W119/><G119/><T97/><D15/><U49/><E66/><V126/><F126/><W76/><G3/><T18/><D0/><U41/><REACH who="1" step="1"/><E51/><REACH who="1" ten="250,240,276,224" step="2"/><V108/><F107/><W73/><G1/><T19/><D35/><U89/><E89/><V44/><F108/><W125/><G33/><T63/><D34/><U56/><E56/><V39/><F39/><W111/><G125/><T74/><D57/><U77/><E77/><V27/><F27/><W105/><G105/><T61/><D79/><U26/><E26/><V82/><F44/><W64/><G111/><T94/><D45/><U95/><E95/><V36/><F36/><W48/><G37/><T17/><D94/><U60/><E60/><V9/><F130/><W110/><G110/><T123/><D129/><U128/><E128/><V42/><F42/><W7/><G40/><T86/><D63/><U25/><E25/><V12/><F12/><W84/><G62/><T131/><D61/><U20/><E20/><V4/><F9/><RYUUKYOKU ba="0,1" sc="250,-15,240,15,276,15,224,-15" hai1="21,23,41,46,49,50,52,59,78,80,101,102,103" hai2="4,82,87,91" /><INIT seed="1,1,1,0,3,130" ten="235,255,291,209" oya="1" hai0="32,3,92,38,13,65,49,108,56,53,29,116,101" hai1="96,50,118,74,102,39,15,35,103,120,91,46,2" hai2="93,109,23,43,89,31,21,73,119,60,95,41,10" hai3="124,112,57,110,131,76,79,64,85,114,129,83,134"/><U78/><E2/><V132/><F119/><W121/><G64/><T97/><D116/><U122/><E118/><V9/><F73/><W37/><G37/><T27/><D108/><U1/><E1/><V20/><F132/><W123/><G57/><T99/><D3/><U70/><E39/><V36/><F36/><W22/><G22/><T30/><D38/><U26/><E70/><V127/><F31/><W88/><G110/><T7/><D30/><U4/><E74/><V107/><F107/><W59/><G59/><T66/><REACH who="0" step="1"/><D99/><REACH who="0" ten="225,255,291,209" step="2"/><U105/><E96/><V90/><F109/><W17/><G114/><T80/><D80/><U94/><E120/><V106/><F106/><W54/><G112/><T42/><D42/><U8/><E105/><V14/><F43/><W19/><G123/><T51/><D51/><U71/><E50/><V0/><F41/><W69/><G121/><T86/><D86/><U133/><E122/><V34/><F0/><W68/><G83/><T104/><D104/><U48/><E48/><V82/><F82/><W40/><G40/><T84/><D84/><U81/><E81/><V24/><F95/><W111/><G85/><T98/><D98/><U128/><E94/><V117/><F93/><W61/><G111/><T126/><D126/><U75/><E75/><V11/><F127/><W58/><G124/><T113/><D113/><U77/><E77/><V25/><F117/><W72/><G72/><T47/><D47/><U45/><E45/><V16/><F14/><W55/><G129/><T12/><D12/><N who="1" m="5127" /><E128/><V67/><F25/><W28/><G131/><RYUUKYOKU ba="1,2" sc="225,30,255,-10,291,-10,209,-10" hai0="7,13,27,29,32,49,53,56,65,66,92,97,101" /><INIT seed="2,2,2,5,4,77" ten="255,245,281,199" oya="2" hai0="102,108,119,117,16,24,100,128,12,114,68,49,42" hai1="97,76,124,85,28,23,7,48,111,79,18,129,62" hai2="22,98,3,115,70,17,14,118,51,133,61,131,107" hai3="132,112,135,127,99,90,110,45,41,65,73,6,43"/><V105/><F118/><N who="0" m="45066" /><D114/><U13/><E111/><V92/><F131/><W81/><G110/><T106/><D108/><U29/><E129/><V94/><F115/><W52/><G112/><T19/><D128/><U10/><E124/><V122/><F3/><W126/><G65/><T67/><D106/><U63/><E97/><V103/><F133/><N who="3" m="51275" /><G6/><T30/><D68/><U69/><E48/><V59/><F122/><W0/><G0/><T95/><D67/><U34/><E69/><V93/><F107/><W88/><G99/><N who="0" m="59519" /><D102/><U21/><E21/><V101/><F101/><W113/><G113/><T37/><D37/><U44/><E44/><V27/><F70/><W9/><G9/><T36/><D36/><U130/><E130/><V60/><F105/><W5/><G5/><T86/><D12/><N who="1" m="9671" /><E34/><V40/><F14/><W56/><G45/><N who="0" m="25783" /><D86/><U116/><E116/><V32/><F103/><W82/><G73/><T54/><D54/><U20/><E85/><V87/><F87/><W83/><G43/><T64/><D64/><U96/><E96/><V1/><F98/><W121/><G41/><T46/><D46/><U120/><E120/><V4/><F40/><W80/><N who="3" m="20480" /><DORA hai="123" /><W35/><G121/><T38/><D38/><U31/><E20/><AGARI ba="2,2" hai="16,19,20,24,30" m="25783,59519,45066" machi="20" ten="30,2000,0" yaku="12,1,54,1" doraHai="77,123" who="0" fromWho="1" sc="255,46,245,-26,281,0,199,0" /><INIT seed="3,0,0,3,0,24" ten="301,219,281,199" oya="3" hai0="86,41,18,13,4,118,6,74,98,17,40,114,104" hai1="46,132,32,39,119,36,59,126,78,130,135,31,52" hai2="95,106,9,73,124,93,83,129,131,75,67,109,43" hai3="112,122,94,63,49,123,54,28,121,72,45,77,79"/><W115/><G28/><T7/><D74/><U57/><E78/><V66/><F106/><W30/><G30/><T35/><D35/><U82/><E82/><V38/><F109/><W84/><G72/><T69/><D118/><U44/><E119/><V89/><F124/><W61/><G79/><T58/><D69/><U64/><E32/><V85/><F43/><N who="0" m="16458" /><D104/><U5/><E5/><N who="0" m="2153" /><D114/><U3/><E3/><V99/><F9/><W117/><G117/><T91/><D98/><U90/><E126/><V133/><F38/><W34/><G34/><T76/><D76/><U0/><E0/><V14/><F14/><W29/><G29/><T11/><D58/><U42/><E31/><V53/><F53/><W25/><G25/><T50/><D50/><U22/><E52/><V16/><F133/><W111/><G111/><T128/><D128/><N who="2" m="49226" /><F95/><AGARI ba="0,0" hai="7,11,13,17,18,86,91,95" m="2153,16458" machi="95" ten="30,1000,0" yaku="8,1" doraHai="24" who="0" fromWho="2" sc="301,10,219,0,281,-10,199,0" owari="311,41.1,219,-18.1,271,7.1,199,-30.1" /></mjloggm>