<mjloggm ver="2.3"><GO type="225" lobby="0"/><UN n0="%E3%83%94%E3%83%B3%E3%82%B5%E3%83%AD%E5%BA%97%E5%93%A1" n1="%EF%BC%AE%EF%BC%A1%EF%BC%AF%33%33%39" n2="%79%75%72%69%6D%6F%67" n3="%E6%A1%9C%E8%8A%B1%E9%96%83%E3%80%85" dan="17,16,16,16" rate="2164.16,2102.38,2127.91,2129.51" sx="M,M,F,M"/><TAIKYOKU oya="0"/><INIT seed="0,0,0,1,5,52" ten="250,250,250,250" oya="0" hai0="13,132,108,56,66,9,101,50,49,33,79,53,82" hai1="133,74,86,42,10,114,12,55,131,8,1,95,117" hai2="96,65,14,126,134,130,92,29,113,23,11,34,125" hai3="28,115,7,62,73,89,4,99,43,105,58,20,119"/><T44/><D132/><U109/><E74/><V2/><F34/><W84/><G115/><T100/><D33/><U107/><E107/><V120/><F120/><W57/><G119/><T91/><D91/><U0/><E117/><V129/><F65/><W135/><G73/><T127/><D127/><U116/><E116/><V87/><F87/><W102/><G43/><T77/><D108/><U38/><E42/><V60/><F60/><W18/><G28/><T36/><D36/><U80/><E38/><V64/><F64/><W69/><G69/><T3/><D3/><U30/><E30/><V112/><F2/><W39/><G39/><T15/><D15/><U41/><E41/><V17/><F29/><W54/><G58/><T19/><D79/><U110/><E95/><V75/><F75/><W63/><G63/><N who="0" m="38247" /><D50/><U76/><E133/><V81/><F81/><W122/><G122/><T61/><D61/><U121/><E121/><V25/><F92/><W31/><G135/><T35/><D35/><U22/><E1/><V48/><F96/><W47/><G47/><T78/><D78/><U51/><E0/><V83/><F83/><W90/><G90/><T118/><D118/><U72/><E72/><V16/><F48/><W40/><G89/><T111/><D111/><U98/><E98/><V71/><F71/><W37/><G37/><T59/><D44/><U106/><E110/><V88/><F88/><W21/><G105/><T46/><D46/><U67/><E106/><V97/><F97/><W124/><G99/><T103/><D77/><U128/><E109/><V26/><F134/><RYUUKYOKU ba="0,0" sc="250,30,250,-10,250,-10,250,-10" hai0="9,13,19,49,53,59,82,100,101,103" /><INIT seed="0,1,0,3,5,3" ten="280,240,240,240" oya="0" hai0="124,40,84,110,23,18,107,101,2,118,73,90,65" hai1="117,91,93,27,55,79,102,99,10,0,127,86,33" hai2="53,77,59,43,25,44,129,26,80,116,24,56,92" hai3="7,119,9,12,39,100,69,105,47,6,28,133,37"/><T20/><D118/><U52/><E117/><V70/><F129/><W58/><G119/><T5/><D73/><U1/><E79/><V49/><F70/><W4/><G69/><T15/><D124/><U108/><E127/><V132/><F132/><W22/><G133/><T11/><D65/><U113/><E113/><V106/><F106/><W83/><G58/><T125/><D125/><U66/><E66/><V41/><F92/><W19/><G83/><T14/><D40/><U63/><E108/><V36/><F116/><W74/><G74/><T71/><D71/><U61/><E33/><V95/><F95/><W42/><G37/><T29/><D110/><U72/><E27/><V32/><F56/><W128/><G128/><T78/><D78/><U34/><E34/><V13/><F43/><W126/><G126/><T87/><D90/><U35/><E35/><V88/><F13/><W131/><G131/><T135/><D135/><U64/><E72/><V94/><F32/><W57/><G57/><T123/><D123/><U51/><E55/><V62/><F36/><W115/><G115/><T97/><REACH who="0" step="1"/><D29/><REACH who="0" ten="270,240,240,240" step="2"/><U96/><E64/><V121/><F121/><W104/><REACH who="3" step="1"/><G100/><REACH who="3" ten="270,240,240,230" step="2"/><T98/><D98/><U81/><E99/><V120/><F120/><W48/><G48/><T50/><D50/><U45/><E61/><V21/><F77/><W130/><G130/><T8/><D8/><U112/><E112/><V67/><F80/><W82/><G82/><T68/><D68/><U60/><E10/><V103/><F103/><W46/><G46/><T134/><D134/><U17/><E102/><RYUUKYOKU ba="1,2" sc="270,15,240,-15,240,-15,230,15" hai0="2,5,11,14,15,18,20,23,84,87,97,101,107" hai3="4,6,7,9,12,19,22,28,39,42,47,104,105" /><INIT seed="0,2,2,3,0,92" ten="285,225,225,245" oya="0" hai0="22,77,33,42,23,128,40,85,95,9,75,12,8" hai1="81,107,72,13,3,93,36,34,118,100,71,76,5" hai2="17,31,20,4,110,44,15,117,106,74,55,120,105" hai3="30,32,7,102,14,73,68,109,21,47,79,131,88"/><T98/><D33/><U97/><E71/><V16/><F120/><W82/><G68/><T111/><D75/><U59/><E36/><V28/><F74/><W94/><G109/><T48/><D128/><U123/><E34/><V50/><F110/><W83/><G131/><T57/><D111/><U66/><E3/><V101/><F117/><W86/><G32/><T41/><D85/><U69/><E69/><V67/><F67/><W70/><G70/><T132/><D77/><U10/><E123/><V99/><F106/><W103/><G83/><T24/><D132/><U56/><E118/><V134/><F134/><W114/><G114/><T51/><D22/><U0/><E66/><V124/><F124/><W18/><G30/><N who="0" m="17695" /><D57/><U37/><E37/><V133/><F133/><W1/><REACH who="3" step="1"/><G47/><REACH who="3" ten="285,225,225,235" step="2"/><T45/><D45/><U90/><REACH who="1" step="1"/><E0/><REACH who="1" ten="285,215,225,235" step="2"/><V46/><F46/><W39/><G39/><T11/><D12/><U27/><E27/><V125/><F125/><W116/><G116/><T87/><D42/><U112/><E112/><V64/><F64/><W54/><G54/><T38/><D38/><U121/><E121/><V127/><F127/><W122/><G122/><T53/><D53/><U58/><E58/><V19/><REACH who="2" step="1"/><F20/><REACH who="2" ten="285,215,215,235" step="2"/><W52/><G52/><T126/><D126/><U135/><E135/><V29/><F29/><W130/><G130/><T113/><D113/><U6/><E6/><V65/><F65/><W108/><G108/><T35/><D35/><U26/><E26/><V89/><F89/><W25/><G25/><T119/><D119/><U84/><AGARI ba="2,5" hai="5,10,13,56,59,72,76,81,84,90,93,97,100,107" machi="84" ten="20,12000,2" yaku="1,1,0,1,7,1,24,2,52,1,53,0" doraHai="92" doraHaiUra="43" who="1" fromWho="1" sc="285,-62,215,176,215,-32,235,-32" /><INIT seed="1,0,0,0,3,81" ten="223,391,183,203" oya="1" hai0="62,60,86,3,90,77,26,118,89,127,68,132,29" hai1="87,63,129,119,116,88,123,21,85,98,45,125,16" hai2="46,104,106,0,105,8,111,78,59,9,120,73,32" hai3="110,134,19,109,102,92,52,12,115,93,54,71,1"/><U128/><E123/><V30/><F111/><N who="3" m="42507" /><G115/><T74/><D118/><U14/><E125/><V101/><F59/><W69/><G1/><T53/><D3/><U44/><E63/><V7/><F9/><N who="3" m="6543" /><G134/><T96/><D74/><U49/><E116/><V5/><F5/><W67/><G102/><T82/><D127/><U4/><E4/><V76/><F120/><W91/><G93/><T35/><D132/><U18/><E119/><V79/><F101/><W94/><G92/><T56/><REACH who="0" step="1"/><D96/><REACH who="0" ten="213,391,183,203" step="2"/><U131/><E98/><V22/><F73/><W121/><G121/><T17/><D17/><U72/><E72/><V13/><F104/><W126/><G126/><T28/><D28/><U58/><E18/><V36/><F105/><W133/><G133/><T39/><D39/><U37/><E37/><V11/><F106/><W48/><G67/><AGARI ba="0,1" hai="26,29,35,53,56,60,62,67,68,77,82,86,89,90" machi="67" ten="40,2600,0" yaku="1,1,52,1,53,0" doraHai="81" doraHaiUra="117" who="0" fromWho="3" sc="213,36,391,0,183,0,203,-26" /><INIT seed="2,0,0,5,4,48" ten="249,391,183,177" oya="2" hai0="46,24,61,66,7,122,63,16,32,49,70,29,110" hai1="51,92,93,23,5,76,111,42,88,37,43,85,91" hai2="94,33,101,126,25,35,67,108,59,118,114,60,34" hai3="50,13,11,14,0,127,79,107,121,45,21,135,8"/><V73/><F118/><W65/><G121/><T77/><D122/><U86/><E37/><V75/><F114/><W20/><G107/><T124/><D110/><U69/><E69/><V68/><F126/><W39/><G39/><T117/><D124/><U72/><E111/><V41/><F41/><W81/><G127/><T89/><D117/><U133/><E5/><V102/><F108/><W28/><G65/><T54/><D7/><U62/><E62/><V3/><F3/><W113/><G135/><T120/><D120/><U18/><E133/><V130/><F130/><W12/><G113/><T115/><D115/><U104/><E104/><V47/><F47/><W17/><G28/><T40/><D77/><U6/><E6/><V1/><F1/><W55/><G0/><T98/><D16/><U31/><E31/><V74/><F25/><W38/><G38/><T103/><D89/><U82/><E51/><V109/><F109/><W99/><G99/><T10/><D10/><N who="3" m="3625" /><G20/><T116/><D116/><U4/><E4/><V44/><F44/><W80/><G79/><T119/><D119/><U90/><E90/><V26/><F26/><AGARI ba="0,0" hai="12,13,14,17,21,26,45,50,55,80,81" m="3625" machi="26" ten="30,2000,0" yaku="8,1,52,1" doraHai="48" who="3" fromWho="2" sc="249,0,391,0,183,-20,177,20" /><AGARI ba="0,0" hai="18,23,26,42,43,72,76,82,85,86,88,91,92,93" machi="26" ten="30,3900,0" yaku="7,1,9,1,54,1" doraHai="48" who="1" fromWho="2" sc="249,0,391,39,163,-39,197,0" /><INIT seed="3,0,0,1,5,31" ten="249,430,124,197" oya="3" hai0="35,79,24,99,47,37,3,0,50,74,128,26,23" hai1="132,14,133,126,27,30,100,28,66,11,18,125,39" hai2="87,111,65,70,101,60,53,92,17,134,54,16,71" hai3="10,113,51,131,107,84,109,4,49,93,21,58,22"/><W19/><G113/><T98/><D37/><U72/><E39/><V80/><F111/><W130/><G107/><T69/><D69/><U95/><E72/><V46/><F134/><N who="1" m="51817" /><E66/><V20/><F71/><W97/><G84/><T105/><D128/><N who="3" m="49193" /><G109/><T75/><D35/><N who="1" m="20895" /><E30/><V52/><F46/><W40/><G40/><T5/><D5/><U1/><E1/><V117/><F117/><W124/><G124/><T13/><D99/><AGARI ba="0,0" hai="11,14,18,95,99,100,125,126" m="20895,51817" machi="99" ten="30,2000,0" yaku="20,1,52,1" doraHai="31" who="1" fromWho="0" sc="249,-20,430,20,124,0,197,0" owari="229,2.9,450,55.0,124,-37.6,197,-20.3" /></mjloggm>