<mjloggm ver="2.3"><GO type="225" lobby="0"/><UN n0="%E6%98%93%E5%88%A9%E8%96%A9%E4%BC%AF" n1="%E6%A1%9C%E8%8A%B1%E9%96%83%E3%80%85" n2="%E3%81%8B%E3%82%8F%E3%81%A1%E3%82%83%E3%82%93%35%38" n3="%E6%81%A5%E6%99%92%E3%81%97" dan="17,16,16,17" rate="2136.59,2145.88,2161.37,2166.34" sx="F,M,M,M"/><TAIKYOKU oya="0"/><INIT seed="0,0,0,0,1,21" ten="250,250,250,250" oya="0" hai0="31,88,93,72,117,64,133,120,13,80,48,118,135" hai1="127,110,43,91,121,71,103,38,70,100,66,4,58" hai2="106,87,65,126,49,96,55,30,34,82,35,27,42" hai3="101,62,33,17,15,107,125,69,57,39,12,61,63"/><T56/><D13/><U92/><E110/><V51/><F126/><W119/><G119/><N who="0" m="45579" /><D48/><U78/><E127/><V123/><F123/><W124/><G39/><T1/><D1/><U99/><E121/><V22/><F65/><W98/><G12/><T114/><D56/><U59/><E4/><V83/><F83/><W109/><G109/><T16/><D31/><U41/><E78/><V74/><F74/><W102/><G69/><T97/><D16/><U50/><E91/><V130/><F130/><W86/><G102/><T11/><D11/><U116/><E116/><V32/><F42/><W8/><G33/><T85/><D64/><U84/><E84/><V68/><F68/><W2/><G57/><T24/><D24/><U3/><E3/><V131/><F131/><W7/><G86/><T20/><D20/><U46/><E100/><V129/><F129/><W45/><G45/><T134/><D120/><U73/><E73/><V28/><F51/><W132/><G124/><T19/><D19/><U54/><REACH who="1" step="1"/><E41/><REACH who="1" ten="250,240,250,250" step="2"/><V115/><F96/><W108/><G125/><T36/><D72/><U25/><E25/><V112/><F106/><W44/><G108/><T6/><D6/><U79/><E79/><N who="2" m="46559" /><F30/><W18/><G107/><T40/><D40/><U81/><E81/><V52/><F49/><W89/><G2/><T67/><D80/><U37/><E37/><V111/><F111/><W77/><G77/><T75/><D36/><U26/><E26/><V10/><F10/><W9/><G8/><T53/><D75/><U23/><E23/><V90/><F90/><W29/><G89/><RYUUKYOKU ba="0,1" sc="250,-15,240,15,250,15,250,-15" hai1="38,43,46,50,54,58,59,66,70,71,92,99,103" hai2="22,27,28,32,34,35,52,55,112,115" /><INIT seed="1,1,1,3,2,64" ten="235,255,265,235" oya="1" hai0="60,71,90,52,41,69,82,119,112,59,61,68,13" hai1="120,129,19,22,115,76,66,65,98,57,56,62,1" hai2="6,83,2,110,72,21,97,75,96,51,39,77,81" hai3="133,106,32,35,89,14,24,126,26,16,108,34,48"/><U38/><E115/><V37/><F110/><W130/><G108/><T9/><D112/><U86/><E120/><V95/><F2/><W46/><G106/><T30/><D119/><U4/><E38/><V8/><F21/><W99/><G126/><T7/><D30/><U43/><E129/><V134/><F134/><W45/><G130/><T27/><D27/><U111/><E111/><V121/><F121/><W36/><G133/><T135/><D135/><U118/><E118/><V50/><F6/><W114/><G114/><T94/><D41/><U131/><E43/><V105/><F95/><W88/><G36/><T87/><REACH who="0" step="1"/><D94/><REACH who="0" ten="225,255,265,235" step="2"/><U3/><E131/><V54/><F105/><W73/><G26/><T23/><D23/><U47/><E22/><V12/><F39/><W29/><G24/><T102/><D102/><U104/><E104/><V127/><F37/><W40/><G29/><T33/><D33/><U116/><E116/><V0/><F127/><W78/><G32/><T42/><D42/><U101/><E101/><V55/><F8/><W18/><G40/><T103/><D103/><U11/><E11/><V5/><F0/><W10/><G10/><T74/><D74/><U93/><E1/><V125/><F125/><W17/><G73/><T124/><D124/><U70/><E93/><V84/><F75/><W58/><G34/><T109/><D109/><U85/><E3/><V67/><F72/><W25/><G25/><T117/><D117/><U91/><E86/><V92/><F84/><W49/><G35/><T128/><D128/><U107/><E85/><N who="2" m="48303" /><F92/><W63/><G14/><RYUUKYOKU ba="1,2" sc="225,30,255,-10,265,-10,235,-10" hai0="7,9,13,52,59,60,61,68,69,71,82,87,90" /><INIT seed="2,2,2,4,1,95" ten="255,245,255,225" oya="2" hai0="122,15,52,12,38,126,83,106,59,132,29,80,47" hai1="32,18,6,33,71,121,50,42,26,17,61,79,119" hai2="55,104,2,60,134,66,22,54,23,114,81,112,39" hai3="58,93,105,70,9,84,35,21,124,91,43,107,77"/><V94/><F104/><W64/><G35/><T135/><D122/><U111/><E119/><V86/><F39/><W100/><G70/><T72/><D106/><U78/><E121/><V87/><F2/><W68/><G68/><T103/><D103/><U41/><E6/><V5/><F5/><W27/><G124/><T118/><D118/><U108/><E71/><V102/><F134/><N who="0" m="51242" /><D29/><U56/><E50/><V45/><F45/><W44/><G77/><N who="0" m="44071" /><D83/><U20/><E79/><V13/><F102/><W25/><G105/><T48/><D126/><U76/><E76/><V30/><F30/><W1/><G107/><T67/><D67/><N who="1" m="39335" /><E78/><V113/><F94/><W4/><G100/><T101/><D101/><U88/><E88/><V31/><F81/><W40/><G21/><T96/><D96/><U0/><E33/><V46/><F87/><W3/><G3/><T65/><D65/><U130/><E32/><V10/><F86/><W109/><G109/><T82/><D82/><U53/><E0/><V133/><F23/><W62/><REACH who="3" step="1"/><G43/><AGARI ba="2,2" hai="12,15,38,43,47,48,52,59" m="44071,51242" machi="43" ten="30,2000,0" yaku="20,1,54,1" doraHai="95" who="0" fromWho="3" sc="255,46,245,0,255,0,225,-26" /><INIT seed="3,0,0,2,4,120" ten="301,245,255,199" oya="3" hai0="109,54,33,95,90,86,94,14,19,65,49,107,9" hai1="88,119,104,64,44,52,4,77,20,111,36,73,129" hai2="118,80,133,30,32,83,84,2,97,69,82,37,79" hai3="110,93,7,60,3,34,68,58,122,16,31,116,134"/><W71/><G116/><T40/><D107/><U62/><E119/><V114/><F37/><W45/><G122/><T121/><D109/><U21/><E104/><V27/><F69/><W135/><G45/><T38/><D33/><U91/><E129/><V28/><F2/><W99/><G34/><T101/><D38/><U125/><E125/><V124/><F118/><W41/><G41/><T100/><D65/><U106/><E106/><V105/><F30/><W59/><G31/><T81/><D40/><U61/><E4/><V55/><F114/><W42/><G42/><T29/><D29/><U17/><E111/><V131/><F55/><W57/><G110/><T98/><D121/><U0/><E0/><V15/><F15/><W113/><G113/><T117/><D117/><U89/><E21/><V112/><F112/><W87/><G87/><T85/><D85/><U35/><E35/><V10/><F10/><N who="3" m="2431" /><G60/><T75/><D75/><U1/><E1/><V50/><F50/><W12/><G93/><N who="0" m="35339" /><D98/><U48/><E36/><V123/><F123/><W115/><G99/><T126/><D126/><U66/><E77/><V39/><F124/><W70/><G115/><T43/><D43/><U96/><E73/><V67/><F39/><W63/><G63/><N who="1" m="24074" /><E96/><V24/><F32/><W47/><G47/><AGARI ba="0,0" hai="9,14,19,47,49,54,81,86,90,100,101" m="35339" machi="47" ten="30,2000,0" yaku="25,1,8,1" doraHai="120" who="0" fromWho="3" sc="301,20,245,0,255,0,199,-20" owari="321,42.1,245,-15.5,255,5.5,179,-32.1" /></mjloggm>