<mjloggm ver="2.3"><GO type="225" lobby="0"/><UN n0="%E7%99%BD%E5%80%89%E5%AF%9B%E4%B9%8B" n1="%66%67%67%68%68%64%66" n2="%E6%81%A5%E6%99%92%E3%81%97" n3="%E3%81%A4%E3%81%A3%E3%81%B1%E3%82%8A%E3%83%9D%E3%83%BC%E3%83%AB" dan="16,16,16,17" rate="2145.63,2123.37,2053.18,2260.48" sx="M,M,M,M"/><TAIKYOKU oya="0"/><INIT seed="0,0,0,4,2,20" ten="250,250,250,250" oya="0" hai0="11,120,56,90,16,128,7,29,112,1,119,19,73" hai1="40,102,50,91,66,131,34,123,59,0,33,3,49" hai2="5,2,97,98,63,37,80,55,23,134,86,127,10" hai3="77,57,89,47,107,111,58,92,95,61,45,35,108"/><T60/><D73/><U24/><E123/><V82/><F37/><W84/><G107/><T103/><D120/><U14/><E131/><V106/><F127/><W38/><G35/><T43/><D119/><U13/><E102/><V15/><F134/><W69/><G77/><T99/><D112/><U79/><E79/><V64/><F55/><W62/><G69/><T81/><D128/><U65/><E59/><N who="2" m="36991" /><F2/><W70/><G38/><T72/><D43/><U68/><E40/><V78/><F106/><W75/><G75/><T71/><D71/><U104/><E104/><V132/><F132/><W83/><G70/><T31/><D72/><U42/><E68/><V8/><F8/><W125/><G83/><T87/><D31/><U113/><E42/><V27/><F82/><W129/><G129/><T39/><D39/><U67/><E67/><V93/><F93/><W88/><REACH who="3" step="1"/><G84/><REACH who="3" ten="250,250,250,240" step="2"/><T51/><D87/><U130/><E130/><V74/><F74/><W9/><G9/><T105/><D81/><U85/><E85/><V114/><F114/><W48/><G48/><T115/><D51/><U12/><E113/><V18/><AGARI ba="0,1" hai="5,10,15,18,23,27,78,80,86,97,98" m="36991" machi="18" ten="30,2000,0" yaku="8,1,52,1" doraHai="20" who="2" fromWho="2" sc="250,-10,250,-5,250,30,240,-5" /><INIT seed="1,0,0,1,3,94" ten="240,245,280,235" oya="1" hai0="129,30,54,116,12,10,60,23,74,8,119,61,69" hai1="123,43,86,4,19,118,103,41,52,127,28,0,98" hai2="45,99,49,20,34,104,84,37,89,2,47,82,100" hai3="22,17,120,66,18,36,111,55,102,133,130,6,32"/><U25/><E118/><V114/><F34/><W44/><G120/><T121/><D74/><U113/><E113/><V78/><F114/><W9/><G32/><T35/><D69/><U38/><E123/><V112/><F112/><W40/><G111/><T71/><D71/><U72/><E72/><V124/><F124/><W131/><G133/><T109/><D54/><U77/><E127/><V3/><F37/><W88/><G66/><T117/><D61/><U57/><E38/><V13/><F47/><W135/><G135/><T70/><D60/><U65/><E65/><V33/><F33/><W97/><G55/><T31/><D70/><U108/><E19/><V91/><F91/><W87/><G22/><T101/><D101/><U58/><E58/><V105/><F105/><N who="3" m="63695" /><G6/><T132/><D132/><U80/><E0/><V46/><F46/><W64/><G9/><N who="0" m="3691" /><D121/><U39/><E4/><V27/><F13/><W62/><G62/><T93/><D93/><N who="1" m="58831" /><E39/><V24/><F3/><W14/><G14/><T5/><D109/><U51/><E108/><V15/><F2/><W59/><G59/><T16/><D5/><U73/><E73/><N who="2" m="43343" /><F15/><W63/><G63/><T79/><D79/><U68/><E68/><V122/><F122/><W56/><G56/><T48/><D48/><U85/><E85/><V125/><F125/><W1/><G1/><T42/><D42/><U11/><E11/><V83/><F20/><AGARI ba="0,0" hai="20,25,28,41,43,51,52,57,77,80,86" m="58831" machi="20" ten="30,5800,0" yaku="8,1,52,1,54,1" doraHai="94" who="1" fromWho="2" sc="240,0,245,58,280,-58,235,0" /><INIT seed="1,1,0,0,2,111" ten="240,303,222,235" oya="1" hai0="81,27,14,73,102,80,126,6,18,10,113,22,12" hai1="117,76,63,101,74,30,99,103,68,4,40,107,8" hai2="83,114,104,132,67,135,26,90,36,120,44,72,133" hai3="87,0,25,64,69,46,66,122,59,128,86,116,100"/><U56/><E117/><V49/><F120/><W109/><G122/><T21/><D126/><U11/><E68/><V28/><F104/><W97/><G69/><T121/><D121/><U42/><E103/><V82/><F36/><W91/><G0/><T41/><D113/><U53/><E30/><V31/><F67/><W65/><G109/><T77/><D102/><U134/><E134/><N who="2" m="34307" /><V61/><DORA hai="108" /><F61/><W110/><G110/><T70/><D70/><U24/><E24/><V71/><F71/><W78/><G116/><T5/><D41/><U51/><E11/><V60/><F60/><W129/><G59/><T125/><D125/><U52/><E76/><N who="2" m="44295" /><F26/><W89/><G46/><T93/><D93/><U43/><E74/><V16/><F16/><W35/><G25/><T7/><REACH who="0" step="1"/><D80/><REACH who="0" ten="230,303,222,235" step="2"/><U75/><E40/><N who="2" m="24711" /><F114/><W55/><G100/><T2/><D2/><U106/><E106/><V92/><F83/><W9/><G65/><T123/><D123/><U124/><E124/><V95/><F95/><W88/><G66/><T57/><D57/><U32/><E43/><V19/><F19/><AGARI ba="1,1" hai="5,6,7,10,12,14,18,19,21,22,27,73,77,81" machi="19" ten="30,2000,0" yaku="1,1,7,1,53,0" doraHai="111,108" doraHaiUra="45,50" who="0" fromWho="2" sc="230,33,303,0,222,-23,235,0" /><INIT seed="2,0,0,5,1,107" ten="263,303,199,235" oya="2" hai0="95,33,91,8,82,15,72,109,2,46,121,24,66" hai1="50,30,58,55,100,92,60,38,112,75,25,59,71" hai2="32,39,35,117,19,131,123,105,18,86,115,78,127" hai3="83,88,96,110,14,31,103,36,47,126,80,37,52"/><V7/><F115/><W9/><G126/><T101/><D121/><U26/><E112/><V43/><F117/><W87/><G110/><T53/><D109/><U120/><E38/><V67/><F123/><W3/><G3/><T11/><D2/><U45/><E120/><V124/><F105/><W130/><G130/><T97/><D66/><U68/><E75/><V77/><F131/><W10/><G31/><T44/><D33/><N who="2" m="12874" /><F67/><W79/><G10/><T128/><D24/><U98/><E59/><V1/><F43/><W85/><G47/><T108/><D108/><U17/><E17/><N who="2" m="6155" /><F86/><W65/><G52/><T5/><D128/><U49/><E49/><V40/><F40/><W94/><REACH who="3" step="1"/><G65/><REACH who="3" ten="263,303,199,225" step="2"/><T89/><D11/><U41/><E30/><V111/><F39/><W27/><G27/><T122/><D122/><U93/><E25/><V28/><F111/><W74/><G74/><T69/><D53/><U125/><E26/><V99/><F28/><W51/><G51/><T90/><REACH who="0" step="1"/><D69/><REACH who="0" ten="253,303,199,225" step="2"/><U104/><E125/><V135/><F124/><W73/><G73/><T22/><D22/><U114/><E114/><V13/><F127/><W132/><G132/><T133/><D133/><U4/><E68/><V62/><F135/><W76/><G76/><AGARI ba="0,2" hai="5,8,15,44,46,72,76,82,89,90,91,95,97,101" machi="76" ten="40,2600,0" yaku="1,1,52,1,53,0" doraHai="107" doraHaiUra="34" who="0" fromWho="3" sc="253,46,303,0,199,0,225,-26" /><INIT seed="3,0,0,2,3,126" ten="299,303,199,199" oya="3" hai0="113,120,119,131,37,49,48,58,60,33,99,78,92" hai1="93,118,96,117,64,5,69,105,107,7,70,89,31" hai2="28,22,43,17,86,51,74,111,52,9,102,50,88" hai3="19,63,79,100,68,66,128,124,130,35,61,36,108"/><W112/><G112/><T106/><D33/><U42/><E31/><V45/><F74/><W34/><G124/><T53/><D37/><U82/><E42/><V62/><F111/><W135/><G108/><T11/><D106/><N who="1" m="40459" /><E82/><N who="2" m="49239" /><F102/><W2/><G2/><T13/><D119/><N who="1" m="45579" /><E64/><V129/><F129/><N who="3" m="49771" /><G135/><T72/><D131/><U23/><E23/><V109/><F109/><W57/><G36/><T71/><D71/><AGARI ba="0,0" hai="5,7,69,70,71,89,93,96" m="45579,40459" machi="71" ten="40,1300,0" yaku="12,1" doraHai="126" who="1" fromWho="0" sc="299,-13,303,13,199,0,199,0" owari="286,8.6,316,41.6,199,-20.1,199,-30.1" /></mjloggm>