<mjloggm ver="2.3"><GO type="225" lobby="0"/><UN n0="%73%69%67%65%6E%6F%72%69" n1="%E7%99%BD%E5%80%89%E5%AF%9B%E4%B9%8B" n2="%47%68%6F%73%74%55%30" n3="%E3%81%BF%E3%81%BF%E3%81%9A" dan="18,16,16,17" rate="2262.00,2178.76,2142.24,2159.19" sx="M,M,M,M"/><TAIKYOKU oya="0"/><INIT seed="0,0,0,2,3,2" ten="250,250,250,250" oya="0" hai0="111,14,48,26,75,121,101,11,34,89,69,58,20" hai1="10,49,17,80,16,112,117,47,67,71,38,65,53" hai2="57,126,0,123,12,106,130,135,68,55,4,94,25" hai3="70,50,107,77,88,95,97,33,92,110,124,31,114"/><T86/><D86/><U105/><E105/><V18/><F68/><W132/><G114/><T36/><D36/><U41/><E112/><V3/><F106/><W40/><G70/><T6/><D75/><U42/><E117/><V7/><F123/><W128/><G110/><T56/><D69/><U104/><E104/><V81/><F130/><W78/><G124/><T51/><D121/><U109/><E109/><V108/><F108/><W73/><G107/><T82/><D34/><U119/><E119/><V35/><F135/><W120/><G120/><T96/><D111/><U54/><E71/><V62/><F0/><W61/><G132/><T79/><D101/><U45/><E80/><V19/><F3/><W52/><G73/><T113/><D113/><U116/><E116/><V134/><F134/><W21/><G33/><T28/><D79/><U84/><E84/><V122/><F81/><W90/><G61/><T93/><REACH who="0" step="1"/><D82/><REACH who="0" ten="240,250,250,250" step="2"/><U46/><E38/><V74/><F74/><W98/><G128/><T13/><D13/><N who="1" m="7223" /><E42/><V24/><F35/><W29/><G40/><T72/><D72/><U64/><E41/><V22/><F122/><W129/><G129/><T15/><D15/><U59/><E17/><N who="2" m="12367" /><F126/><W66/><G66/><T23/><D23/><U8/><E8/><N who="2" m="6407" /><F94/><W43/><G43/><T44/><D44/><U115/><E115/><V30/><F30/><N who="3" m="11275" /><G21/><AGARI ba="0,1" hai="4,7,19,21,25,55,57,62" m="6407,12367" machi="21" ten="30,3900,0" yaku="8,1,52,2" doraHai="2" who="2" fromWho="3" sc="240,0,250,0,250,49,250,-39" /><INIT seed="1,0,0,4,2,67" ten="240,250,299,211" oya="1" hai0="107,9,101,89,35,20,63,116,23,10,71,30,8" hai1="129,49,103,92,98,38,56,46,66,0,121,47,22" hai2="53,85,64,75,111,51,114,91,1,95,57,45,18" hai3="106,104,16,93,59,99,94,7,70,65,43,119,117"/><U6/><E121/><V134/><F111/><W77/><G7/><T2/><D116/><N who="3" m="44617" /><G43/><T133/><D2/><U25/><E129/><V97/><F75/><W86/><G59/><T61/><D133/><U69/><E38/><V39/><F1/><W44/><G44/><T122/><D122/><U108/><E108/><V72/><F72/><W54/><G54/><T125/><D125/><U11/><E69/><V102/><F134/><W31/><G31/><T24/><D89/><U26/><E26/><V55/><F114/><W131/><G16/><T28/><D61/><U127/><E127/><V82/><F39/><W41/><G41/><T76/><D76/><U80/><E80/><V112/><F112/><W96/><G131/><T42/><D42/><U13/><E0/><V105/><F18/><W124/><G124/><T3/><D3/><U15/><E15/><V14/><F14/><W120/><G120/><T118/><D118/><U21/><E21/><V83/><REACH who="2" step="1"/><F64/><REACH who="2" ten="240,250,289,211" step="2"/><W88/><G65/><N who="0" m="41407" /><D28/><N who="1" m="17463" /><E66/><V12/><F12/><W100/><G70/><T79/><D79/><U17/><E17/><V37/><F37/><W132/><G132/><T78/><D78/><U90/><E13/><V110/><F110/><W74/><G74/><T84/><D8/><U50/><E11/><V36/><F36/><W48/><G48/><AGARI ba="0,1" hai="45,48,51,53,55,57,82,83,85,91,95,97,102,105" machi="48" ten="30,2000,0" yaku="1,1,7,1,53,0" doraHai="67" doraHaiUra="32" who="2" fromWho="3" sc="240,0,250,0,289,30,211,-20" /><INIT seed="2,0,0,2,3,56" ten="240,250,319,191" oya="2" hai0="94,71,65,127,90,85,44,76,122,10,118,120,46" hai1="119,11,107,110,21,48,87,24,3,62,50,99,29" hai2="17,18,38,72,135,81,16,33,55,117,84,70,102" hai3="83,36,57,45,54,19,111,123,93,121,23,2,112"/><V34/><F117/><W126/><G2/><T39/><D118/><U25/><E119/><V63/><F38/><W1/><G1/><T58/><D71/><U12/><E110/><V40/><F40/><W98/><G111/><T131/><D39/><U130/><E130/><V6/><F72/><W74/><G126/><T27/><D131/><U31/><E3/><V101/><F6/><W28/><G28/><T132/><D127/><U128/><E87/><V82/><F135/><W13/><G112/><T68/><D68/><U37/><E37/><V103/><F82/><W20/><G20/><T89/><D76/><U104/><E104/><V79/><REACH who="2" step="1"/><F55/><REACH who="2" ten="240,250,309,191" step="2"/><W106/><G74/><T52/><D132/><U92/><E128/><V80/><F80/><W42/><G83/><T60/><D122/><U49/><E107/><V61/><F61/><W96/><G106/><T114/><D52/><U91/><E62/><V47/><F47/><W109/><G109/><T0/><D46/><U73/><E73/><V100/><N who="2" m="25600" /><DORA hai="97" /><V124/><F124/><W66/><G121/><T64/><D44/><U105/><E105/><V9/><F9/><W115/><G123/><T134/><D120/><U78/><E50/><V51/><F51/><N who="3" m="30943" /><G115/><T15/><D114/><U125/><E125/><V108/><F108/><W53/><G53/><T77/><D134/><U41/><E41/><V75/><F75/><W69/><G93/><T35/><D94/><U26/><E49/><V59/><F59/><W8/><G8/><T129/><D58/><U86/><E48/><V113/><F113/><W43/><G43/><RYUUKYOKU ba="0,1" sc="240,-15,250,-15,309,15,191,15" hai2="16,17,18,33,34,63,70,79,81,84" hai3="13,19,23,36,42,45,66,69,96,98" /><INIT seed="2,1,1,2,3,115" ten="225,235,324,206" oya="2" hai0="112,52,105,59,84,58,62,2,73,66,87,113,37" hai1="42,40,96,132,22,100,106,91,6,116,17,50,133" hai2="134,71,12,127,15,54,67,81,93,47,24,86,68" hai3="8,29,108,77,79,109,20,94,97,117,36,102,104"/><V63/><F134/><N who="1" m="51817" /><E116/><V3/><F3/><W114/><G36/><T110/><D73/><U83/><E6/><V76/><F71/><W27/><G114/><T65/><D105/><U129/><E129/><V89/><F127/><W80/><G117/><T53/><D37/><U45/><E91/><V57/><F24/><W74/><G77/><T49/><D2/><U28/><E83/><V33/><F33/><W107/><REACH who="3" step="1"/><G8/><REACH who="3" ten="225,235,324,196" step="2"/><T60/><D110/><AGARI ba="1,2" hai="20,27,29,74,79,80,94,97,102,104,107,108,109,110" machi="110" ten="40,8000,1" yaku="1,1,2,1,14,1,53,1" doraHai="115" doraHaiUra="23" who="3" fromWho="0" sc="225,-83,235,0,324,0,196,103" /><INIT seed="3,0,0,3,3,36" ten="142,235,324,299" oya="3" hai0="118,132,30,37,27,95,133,64,103,14,78,13,128" hai1="54,5,97,135,124,9,19,115,122,83,68,69,101" hai2="102,34,25,46,119,17,7,73,55,74,53,40,10" hai3="63,18,11,35,79,43,123,49,96,3,52,104,109"/><W39/><G123/><T88/><D118/><U2/><E122/><V50/><F119/><W16/><G35/><T93/><D64/><U70/><E115/><V67/><F102/><W89/><G79/><T112/><D78/><U44/><E124/><V41/><F67/><W58/><G39/><T42/><D112/><U8/><E135/><V134/><F134/><N who="0" m="51818" /><D103/><U71/><E71/><V130/><F130/><W75/><G75/><T47/><D95/><U121/><E121/><V106/><F106/><W38/><G38/><T45/><D128/><U125/><E83/><V110/><F110/><W131/><G109/><T116/><D116/><U32/><E97/><V113/><F34/><W61/><G131/><T98/><D27/><U99/><E99/><V90/><F113/><W86/><G104/><T126/><D30/><U23/><E101/><V15/><F90/><W91/><G96/><T48/><D126/><U120/><E125/><V77/><F77/><W57/><G91/><T62/><D62/><U84/><E120/><V92/><F92/><N who="3" m="54327" /><G3/><T127/><D127/><U81/><E2/><V80/><F80/><W51/><G11/><T60/><D60/><N who="3" m="23113" /><G58/><T94/><D94/><U87/><E70/><V72/><F55/><AGARI ba="0,0" hai="13,14,37,42,45,47,48,55,88,93,98" m="51818" machi="55" ten="30,3900,0" yaku="20,1,52,1,54,1" doraHai="36" who="0" fromWho="2" sc="142,39,235,0,324,-39,299,0" /><INIT seed="4,0,0,0,0,100" ten="181,235,285,299" oya="0" hai0="33,41,83,70,126,19,52,8,53,107,104,6,5" hai1="59,42,89,29,68,127,16,82,111,103,133,108,86" hai2="110,121,122,120,36,1,95,115,45,24,4,92,7" hai3="55,44,128,81,9,30,47,39,31,85,0,49,77"/><T62/><D33/><U135/><E68/><V91/><F110/><W61/><G128/><T20/><D41/><U80/><E29/><V66/><F1/><W96/><G61/><T117/><D117/><U14/><E42/><V105/><F105/><W2/><G96/><T58/><D70/><U75/><E127/><V106/><F106/><W56/><G39/><T34/><D34/><U28/><E28/><N who="3" m="10794" /><G0/><T50/><D126/><U63/><E103/><V25/><F66/><W109/><G2/><T11/><D83/><U102/><E102/><V46/><F115/><W76/><G109/><T118/><D118/><U123/><E82/><V3/><F3/><W129/><G129/><T87/><D87/><U48/><E75/><V125/><F125/><W32/><G32/><T51/><D62/><U97/><E63/><V101/><F101/><W60/><G9/><T112/><D112/><U131/><E131/><V23/><F23/><W69/><G69/><T99/><D99/><U79/><E97/><V73/><F73/><W17/><G17/><T94/><D94/><N who="2" m="35882" /><F91/><N who="3" m="51631" /><G44/><N who="2" m="17001" /><F36/><W38/><G38/><T119/><D119/><U13/><E111/><V116/><F116/><W21/><G21/><T90/><D90/><U84/><E14/><V15/><F15/><W114/><G114/><T12/><D8/><N who="1" m="6183" /><E108/><V65/><F65/><AGARI ba="0,0" hai="47,49,55,56,60,65,76,77" m="51631,10794" machi="65" ten="30,1000,0" yaku="8,1" doraHai="100" who="3" fromWho="2" sc="181,0,235,0,285,-10,299,10" owari="181,-31.9,235,-16.5,275,7.5,309,40.9" /></mjloggm>