<mjloggm ver="2.3"><GO type="225" lobby="0"/><UN n0="%33%74%72%65%65" n1="%E3%83%96%E3%83%83%E3%83%91%E3%82%AA%E3%83%96%E3%83%81%E3%82%AD%E3%83%B3" n2="%E3%82%8F%E3%81%A3%E3%81%97%E3%82%87%E3%81%84%E5%90%9B%32%E5%8F%B7" n3="%E6%9C%88%E5%B3%B6%E5%9F%BA" dan="17,16,20,16" rate="2232.65,2150.45,2232.77,2102.54" sx="F,M,M,M"/><TAIKYOKU oya="0"/><INIT seed="0,0,0,0,4,16" ten="250,250,250,250" oya="0" hai0="18,121,51,62,69,101,54,119,102,84,79,43,48" hai1="37,120,131,38,88,129,8,78,44,100,49,29,68" hai2="58,107,70,34,75,77,6,32,3,53,103,93,65" hai3="117,115,72,55,99,4,122,25,90,66,22,82,23"/><T80/><D119/><U71/><E120/><V61/><F93/><W19/><G117/><T111/><D121/><U110/><E78/><V64/><F64/><W126/><G115/><T2/><D2/><U52/><E100/><V104/><F53/><W31/><G122/><T24/><D111/><U112/><E29/><V106/><F58/><W46/><G126/><T124/><D124/><U105/><E105/><V39/><F39/><N who="1" m="14857" /><E8/><N who="2" m="2143" /><F103/><N who="0" m="39434" /><D69/><N who="1" m="26699" /><E88/><V95/><F95/><N who="3" m="56823" /><G66/><T63/><D43/><N who="1" m="24735" /><E110/><V135/><F135/><W35/><G35/><T41/><D79/><U21/><E21/><V20/><F20/><N who="3" m="13471" /><G72/><T91/><D91/><U50/><E112/><V76/><F76/><W67/><G67/><T47/><D80/><AGARI ba="0,0" hai="32,34,61,65,70,75,77,80,104,106,107" m="2143" machi="80" ten="30,2000,0" yaku="33,2" doraHai="16" who="2" fromWho="0" sc="250,-20,250,0,250,20,250,0" /><INIT seed="1,0,0,3,0,93" ten="230,250,270,250" oya="1" hai0="124,109,10,81,8,25,27,99,100,61,58,56,79" hai1="126,26,115,62,117,128,4,80,65,45,82,121,72" hai2="28,0,60,13,112,91,11,22,34,133,33,23,32" hai3="78,43,125,127,113,49,105,116,111,83,96,90,107"/><U135/><E115/><V5/><F91/><W1/><G1/><T85/><D109/><U132/><E117/><V29/><F60/><W103/><G113/><T19/><D124/><N who="3" m="47689" /><G43/><T68/><D68/><U44/><E126/><V21/><F112/><W88/><G49/><T42/><D42/><U71/><E121/><V59/><F59/><W76/><G116/><T122/><D122/><U2/><E128/><V86/><F86/><N who="3" m="50271" /><G111/><T31/><D58/><U94/><E26/><V52/><F52/><W73/><G73/><T14/><D10/><N who="1" m="2327" /><E94/><V12/><F133/><N who="1" m="51273" /><E82/><V24/><F29/><W51/><G51/><T84/><D84/><U129/><E129/><V102/><F102/><N who="3" m="62663" /><G90/><T39/><D31/><U92/><E92/><V55/><F55/><W16/><G16/><T54/><REACH who="0" step="1"/><D39/><REACH who="0" ten="220,250,270,250" step="2"/><U41/><E41/><V75/><F75/><W46/><G46/><T98/><D98/><AGARI ba="0,1" hai="76,78,98,103,107" m="62663,50271,47689" machi="98" ten="30,12000,2" yaku="18,1,34,2,52,2,54,1" doraHai="93" who="3" fromWho="0" sc="220,-120,250,0,270,0,250,130" /><INIT seed="2,0,0,4,0,0" ten="100,250,270,380" oya="2" hai0="19,49,62,82,107,41,65,115,114,39,9,29,125" hai1="42,117,120,32,64,96,68,20,15,131,1,55,30" hai2="104,67,13,111,12,132,45,22,40,54,35,24,69" hai3="87,112,7,4,78,86,121,99,94,110,60,73,91"/><V95/><F104/><W106/><G121/><T53/><D107/><U118/><E120/><V5/><F35/><W51/><G110/><T16/><D125/><U80/><E131/><V97/><F132/><W2/><G2/><T43/><D29/><U34/><E42/><V75/><F75/><W133/><G133/><T100/><D100/><U116/><E55/><V84/><F111/><W3/><G3/><T135/><D135/><U92/><E1/><V56/><F69/><W8/><G112/><T48/><D39/><U44/><E44/><V126/><F67/><W127/><G127/><T58/><D115/><U37/><E37/><V93/><F84/><W103/><G8/><T52/><D114/><U122/><E122/><V109/><F109/><W23/><G87/><T27/><D82/><U79/><E64/><V128/><F13/><W36/><G36/><T134/><D134/><U66/><E66/><V123/><F123/><W83/><G60/><T11/><D65/><U6/><E68/><V31/><F126/><W59/><G23/><T98/><D62/><U124/><E124/><V72/><F72/><W81/><G81/><T130/><D130/><U14/><E34/><V77/><F128/><W26/><G26/><T17/><D98/><U76/><E32/><V88/><F97/><W74/><G74/><T38/><D38/><U21/><E96/><V10/><F77/><W61/><G61/><T119/><D119/><U90/><E79/><V18/><F31/><W89/><G91/><T28/><D28/><U108/><E30/><V63/><F88/><W102/><G102/><RYUUKYOKU ba="0,0" sc="100,-15,250,-15,270,15,380,15" hai2="5,10,12,18,22,24,40,45,54,56,63,93,95" hai3="4,7,51,59,73,78,83,86,89,94,99,103,106" /><INIT seed="2,1,0,2,4,5" ten="85,235,285,395" oya="2" hai0="50,51,127,24,102,13,121,48,106,45,15,47,97" hai1="9,122,101,63,74,100,70,92,125,77,25,105,114" hai2="135,90,6,58,53,123,60,57,96,83,88,76,3" hai3="73,32,40,133,79,95,109,59,117,103,41,46,34"/><V38/><F123/><W37/><G117/><T64/><D121/><U134/><E114/><V39/><F135/><W82/><G133/><T16/><D127/><U1/><E134/><V8/><F57/><W67/><G41/><T78/><D64/><U104/><E122/><V81/><F90/><W54/><G67/><T19/><D78/><U36/><E92/><V4/><F4/><W31/><G109/><T115/><D24/><U107/><E125/><V119/><F119/><W56/><G31/><T11/><REACH who="0" step="1"/><D115/><REACH who="0" ten="75,235,285,395" step="2"/><U2/><E25/><V14/><F76/><W69/><G79/><T42/><D42/><U21/><E77/><V116/><F116/><W61/><G40/><T120/><D120/><U27/><E27/><V126/><F126/><W18/><G73/><T35/><D35/><U112/><E74/><V80/><F3/><W84/><G34/><T7/><D7/><U85/><E1/><V94/><AGARI ba="1,1" hai="6,8,14,38,39,53,58,60,80,81,83,88,94,96" machi="94" ten="30,6000,0" yaku="0,1,52,1,54,1" doraHai="5" who="2" fromWho="2" sc="75,-21,235,-21,285,73,395,-21" /><INIT seed="2,2,0,1,5,34" ten="54,214,358,374" oya="2" hai0="114,21,1,70,13,20,79,2,38,45,89,66,43" hai1="27,112,8,126,72,92,3,47,97,123,98,118,134" hai2="52,93,14,104,4,119,90,109,67,61,86,22,103" hai3="88,102,96,68,135,110,44,51,6,41,115,76,78"/><V128/><F119/><W107/><G68/><T130/><D114/><U28/><E118/><V49/><F128/><W99/><G115/><T95/><D130/><U85/><E112/><V60/><F109/><W82/><G110/><T33/><D33/><U37/><E72/><V0/><F0/><W30/><G135/><T55/><D79/><U12/><E134/><V18/><F4/><W35/><G6/><T108/><D108/><U83/><E126/><V63/><F104/><W129/><G129/><T24/><D55/><U77/><E123/><V111/><F111/><W10/><G10/><T124/><D124/><U69/><E69/><V29/><F29/><W50/><G50/><T105/><D105/><U58/><E58/><N who="2" m="33039" /><F103/><W81/><G81/><T42/><D42/><U46/><E3/><V133/><F133/><W16/><G16/><T25/><D13/><U122/><E37/><V87/><F86/><W31/><G35/><T9/><D66/><AGARI ba="2,0" hai="14,18,22,60,61,63,66,67,87,90,93" m="33039" machi="66" ten="30,5800,0" yaku="25,1,8,1,54,1" doraHai="34" who="2" fromWho="0" sc="54,-64,214,0,358,64,374,0" owari="-10,-51.0,214,-18.6,422,52.2,374,17.4" /></mjloggm>