<mjloggm ver="2.3"><GO type="225" lobby="0"/><UN n0="%E3%81%8B%E3%82%8F%E3%81%A1%E3%82%83%E3%82%93%35%38" n1="%6C%61%6D%62" n2="%70%68%65%6E%6F%6D%65" n3="%E5%B0%8F%E9%B3%A5%E9%81%8A%E7%B7%B4%E7%84%A1%32%31%E6%AD%B3" dan="16,16,16,16" rate="2160.07,2210.07,2123.87,2165.66" sx="M,M,M,F"/><TAIKYOKU oya="0"/><INIT seed="0,0,0,0,3,80" ten="250,250,250,250" oya="0" hai0="28,93,44,8,26,41,88,82,21,11,33,106,24" hai1="87,2,35,107,85,62,15,122,127,54,129,126,94" hai2="112,58,77,3,70,96,68,45,66,7,71,10,42" hai3="128,40,123,102,65,48,29,113,89,86,75,27,125"/><T100/><D100/><U6/><E35/><V22/><F112/><W17/><G113/><T98/><D82/><U1/><E107/><V78/><F22/><W92/><G128/><T9/><D106/><U72/><E72/><V31/><F31/><W109/><G75/><T56/><D56/><N who="1" m="35095" /><E122/><V59/><F96/><W36/><G125/><N who="1" m="47626" /><E129/><V43/><F43/><W39/><G123/><T131/><D131/><U79/><E79/><V37/><REACH who="2" step="1"/><F58/><REACH who="2" ten="250,250,240,250" step="2"/><W19/><G40/><T103/><D103/><U18/><E6/><V91/><F91/><W97/><G102/><T73/><D73/><U120/><E120/><V76/><F76/><W52/><G97/><T134/><D134/><U61/><E61/><AGARI ba="0,1" hai="3,7,10,37,42,45,59,61,66,68,70,71,77,78" machi="61" ten="40,2600,0" yaku="1,1,53,1" doraHai="80" doraHaiUra="0" who="2" fromWho="1" sc="250,0,250,-26,240,36,250,0" /><INIT seed="1,0,0,4,3,12" ten="250,224,276,250" oya="1" hai0="48,117,70,35,112,25,126,119,68,53,43,29,108" hai1="97,76,95,57,113,10,11,104,22,116,131,128,59" hai2="118,89,84,58,39,103,23,98,66,5,101,54,19" hai3="16,115,67,7,60,94,14,92,63,133,34,127,88"/><U30/><E113/><V81/><F118/><W71/><G115/><T4/><D112/><U122/><E116/><V62/><F39/><W111/><G111/><T51/><D119/><U78/><E104/><V75/><F5/><W72/><G72/><T21/><D117/><U2/><E122/><V129/><F129/><N who="1" m="49737" /><E30/><V9/><F9/><N who="1" m="3081" /><E2/><V40/><F40/><W91/><G133/><T56/><D4/><U79/><E22/><V47/><F75/><W3/><G34/><T44/><D108/><U37/><E37/><V85/><F84/><W27/><G7/><T124/><REACH who="0" step="1"/><D35/><REACH who="0" ten="240,224,276,250" step="2"/><U17/><E17/><V15/><F98/><W90/><G3/><T74/><D74/><U61/><E61/><V0/><F0/><W132/><G132/><T83/><D83/><U121/><E121/><V36/><F36/><W80/><G80/><T45/><D45/><U50/><E50/><AGARI ba="0,1" hai="15,19,23,47,50,54,58,62,66,81,85,89,101,103" machi="50" ten="40,2600,0" yaku="8,1,52,1" doraHai="12" who="2" fromWho="1" sc="240,0,224,-26,276,36,250,0" /><INIT seed="2,0,0,3,2,54" ten="240,198,312,250" oya="2" hai0="48,119,113,117,128,91,24,26,4,109,57,42,71" hai1="63,89,3,131,28,84,98,76,108,2,30,77,58" hai2="27,17,80,105,7,75,86,55,21,56,129,8,45" hai3="70,16,118,78,130,135,22,50,124,40,34,67,52"/><V9/><F129/><W41/><G118/><N who="0" m="45067" /><D71/><U49/><E131/><V94/><F105/><W102/><G135/><T11/><D128/><U81/><E108/><V44/><F75/><W100/><G130/><T85/><D113/><U64/><E2/><V88/><F80/><W5/><G124/><T72/><D72/><U51/><E3/><V74/><F74/><W97/><G34/><T60/><D48/><U101/><E51/><N who="2" m="30847" /><F7/><W123/><G5/><T106/><D42/><N who="3" m="16489" /><G70/><T103/><D103/><N who="3" m="39465" /><G123/><T95/><D106/><U127/><E127/><V92/><F94/><W68/><G68/><T107/><D107/><U69/><E69/><V121/><F121/><W14/><G78/><N who="1" m="30314" /><E49/><V35/><F35/><W83/><G83/><T15/><D109/><U96/><E101/><V23/><F21/><W29/><G67/><AGARI ba="0,0" hai="4,11,15,24,26,57,60,67,85,91,95" m="45067" machi="67" ten="30,2000,0" yaku="12,1,52,1" doraHai="54" who="0" fromWho="3" sc="240,20,198,0,312,0,250,-20" /><INIT seed="3,0,0,1,5,79" ten="260,198,312,230" oya="3" hai0="14,22,27,72,97,76,36,42,40,26,47,2,111" hai1="66,122,54,28,80,70,129,58,62,71,106,93,107" hai2="35,84,124,126,132,133,96,135,20,77,92,55,30" hai3="1,21,0,8,120,103,118,65,49,39,99,123,4"/><W125/><G118/><T45/><D2/><U127/><E122/><V115/><F35/><W61/><G39/><T112/><D111/><U73/><E127/><V10/><F115/><W46/><G125/><N who="2" m="48233" /><F10/><W25/><G0/><T95/><D112/><U105/><E129/><V91/><F55/><W32/><G21/><T9/><D76/><U29/><E93/><V37/><F37/><W68/><G49/><T57/><D57/><U114/><E114/><V74/><F74/><W94/><G46/><N who="0" m="17419" /><D72/><U52/><E70/><V23/><F30/><W64/><G65/><T102/><D36/><U101/><E101/><N who="2" m="60551" /><F77/><W119/><G94/><AGARI ba="0,0" hai="20,23,84,91,94,132,133,135" m="60551,48233" machi="94" ten="40,2600,0" yaku="20,1,18,1" doraHai="79" who="2" fromWho="3" sc="260,0,198,0,312,26,230,-26" owari="260,6.0,198,-30.2,338,43.8,204,-19.6" /></mjloggm>