<mjloggm ver="2.3"><GO type="225" lobby="0"/><UN n0="%79%75%72%69%6D%6F%67" n1="%E3%81%8B%E3%82%8F%E3%81%A1%E3%82%83%E3%82%93%35%38" n2="%E7%89%B9%E6%9D%B1%E3%81%AF%E4%B8%96%E7%95%8C%E3%82%92%E6%95%91%E3%81%86" n3="%E3%83%96%E3%83%83%E3%83%91%E3%82%AA%E3%83%96%E3%83%81%E3%82%AD%E3%83%B3" dan="16,16,16,16" rate="2172.26,2128.40,2196.37,2148.69" sx="F,M,M,M"/><TAIKYOKU oya="0"/><INIT seed="0,0,0,3,2,24" ten="250,250,250,250" oya="0" hai0="99,110,117,133,55,18,20,90,41,111,66,38,12" hai1="17,39,77,25,91,80,129,93,135,48,81,57,113" hai2="69,63,104,34,87,19,56,9,101,73,79,100,107" hai3="5,3,27,32,14,103,64,47,88,76,94,31,125"/><T26/><D117/><U85/><E39/><V43/><F73/><W37/><G125/><T127/><D66/><U46/><E135/><V40/><F69/><W89/><G76/><T44/><D127/><U134/><E134/><V97/><F34/><W6/><G64/><T58/><D133/><U2/><E2/><V114/><F114/><W15/><G103/><T124/><D124/><U123/><E123/><V51/><F51/><W118/><G118/><T132/><D132/><U23/><E129/><V45/><F79/><W21/><G32/><T61/><REACH who="0" step="1"/><D12/><REACH who="0" ten="240,250,250,250" step="2"/><U105/><E113/><V121/><F121/><W122/><G122/><T22/><D22/><U120/><E120/><V115/><F115/><W50/><G3/><T112/><D112/><U52/><E105/><V68/><F107/><W54/><G37/><T84/><D84/><U8/><E8/><V131/><F87/><W71/><G71/><T95/><AGARI ba="0,1" hai="18,20,26,38,41,44,55,58,61,90,95,99,110,111" machi="95" ten="30,12000,1" yaku="1,1,0,1,25,2,53,1" doraHai="24" doraHaiUra="36" who="0" fromWho="0" sc="240,130,250,-40,250,-40,250,-40" /><INIT seed="0,1,0,2,3,18" ten="370,210,210,210" oya="0" hai0="119,39,17,12,21,116,2,71,45,98,16,41,108" hai1="27,113,67,66,90,80,9,37,69,11,83,6,47" hai2="59,97,31,81,61,32,20,122,72,131,7,88,35" hai3="73,44,65,0,51,112,114,107,46,58,106,23,1"/><T111/><D98/><U105/><E105/><V128/><F122/><W134/><G73/><T127/><D2/><U118/><E118/><V33/><F7/><W121/><G121/><T75/><D75/><U30/><E113/><V29/><F72/><W117/><G134/><T60/><D127/><U48/><E37/><V5/><F5/><W40/><G117/><T14/><D60/><U28/><E28/><V54/><F81/><W126/><G65/><T57/><D57/><U129/><E129/><N who="2" m="49739" /><F20/><W25/><G58/><T55/><D55/><U92/><E80/><V79/><F79/><W8/><G8/><N who="0" m="6151" /><D71/><U22/><E83/><V36/><F36/><W125/><G40/><T99/><D99/><U82/><E82/><V89/><F89/><W104/><G104/><T87/><D87/><U110/><E69/><V10/><F97/><W49/><REACH who="3" step="1"/><G25/><REACH who="3" ten="370,210,210,200" step="2"/><T56/><D56/><U52/><E11/><V64/><F59/><W74/><G74/><T91/><D116/><U96/><REACH who="1" step="1"/><E110/><REACH who="1" ten="370,200,210,200" step="2"/><V34/><F34/><W130/><G130/><T94/><D119/><U102/><E102/><V132/><F35/><W63/><G63/><T38/><D38/><U26/><E26/><V70/><F33/><W68/><G68/><T13/><D108/><U15/><AGARI ba="1,2" hai="6,9,15,22,27,30,47,48,52,66,67,90,92,96" machi="15" ten="20,12000,2" yaku="1,1,0,1,7,1,8,1,52,1,54,1,53,1" doraHai="18" doraHaiUra="93" who="1" fromWho="1" sc="370,-61,200,143,210,-31,200,-31" /><INIT seed="1,0,0,1,5,9" ten="309,343,179,169" oya="1" hai0="103,2,62,14,39,105,49,47,120,12,129,30,76" hai1="118,81,112,82,74,84,125,11,28,13,127,111,25" hai2="99,93,130,95,77,27,7,86,58,36,53,57,104" hai3="23,116,15,134,3,38,113,0,123,83,34,132,60"/><U89/><E112/><V64/><F36/><W56/><G38/><T37/><D2/><N who="3" m="553" /><G83/><T80/><D39/><U97/><E118/><V65/><F104/><W19/><G56/><T17/><D37/><U124/><E111/><V35/><F57/><W90/><G90/><T75/><D30/><U110/><E110/><V59/><F58/><W4/><G60/><T70/><D17/><U55/><E55/><V1/><F77/><W100/><G100/><T72/><D129/><U29/><E97/><V98/><F130/><W51/><G51/><T26/><D26/><U46/><E46/><V96/><F86/><W102/><G102/><T31/><D31/><U43/><E43/><V126/><F95/><W117/><G113/><T121/><D75/><U5/><REACH who="1" step="1"/><E25/><REACH who="1" ten="309,333,179,169" step="2"/><V94/><F98/><W63/><G63/><T10/><D62/><U135/><E135/><N who="3" m="51754" /><G123/><T128/><D47/><U69/><E69/><V108/><F96/><W48/><G48/><T91/><D49/><U131/><E131/><V109/><F99/><W101/><G101/><T78/><D103/><U106/><E106/><V71/><F71/><W67/><G67/><T52/><D52/><U85/><E85/><V22/><F65/><W87/><G87/><N who="0" m="50663" /><D70/><U40/><E40/><V92/><F64/><W8/><G34/><T73/><D105/><U41/><E41/><V115/><F35/><W45/><G45/><T50/><D50/><U20/><E20/><V33/><F33/><W107/><G107/><T66/><D128/><U68/><E68/><V21/><F115/><W24/><AGARI ba="0,1" hai="4,8,15,19,23,24,116,117" m="51754,553" machi="24" ten="40,8000,1" yaku="20,1,34,2,52,1" doraHai="9" who="3" fromWho="3" sc="309,-20,333,-40,179,-20,169,90" /><INIT seed="2,0,0,5,5,17" ten="289,293,159,259" oya="2" hai0="134,118,24,60,12,4,33,117,47,99,40,51,6" hai1="42,77,56,107,111,52,93,58,7,73,98,25,128" hai2="38,104,124,63,75,30,126,112,45,27,120,94,89" hai3="31,66,5,80,133,64,108,129,2,102,68,69,22"/><V32/><F112/><W79/><G108/><T46/><D134/><U9/><E107/><V88/><F120/><W61/><G133/><T84/><D12/><U34/><E42/><V125/><F104/><W74/><G129/><T100/><D84/><U131/><E111/><V83/><F63/><W62/><G102/><T21/><D33/><U48/><E77/><V109/><F109/><W90/><G90/><T65/><D47/><U116/><E73/><V105/><F105/><W103/><G103/><T67/><D99/><U29/><E58/><V20/><F32/><W70/><G70/><T78/><D78/><U110/><E110/><V0/><F0/><W86/><G74/><T113/><D100/><U132/><E132/><V97/><F75/><W23/><REACH who="3" step="1"/><G31/><REACH who="3" ten="289,293,159,249" step="2"/><N who="0" m="17807" /><D113/><U82/><E82/><V92/><F83/><W114/><G114/><T50/><D117/><U36/><E116/><V18/><F30/><W13/><G13/><T123/><D118/><U11/><E131/><V8/><F8/><AGARI ba="0,1" hai="2,5,8,22,23,61,62,64,66,68,69,79,80,86" machi="8" ten="40,12000,2" yaku="1,1,9,1,52,2,53,2" doraHai="17" doraHaiUra="57" who="3" fromWho="2" sc="289,0,293,0,159,-120,249,130" /><INIT seed="3,0,0,4,0,130" ten="289,293,39,379" oya="3" hai0="34,95,75,120,9,112,119,13,73,122,126,100,45" hai1="47,8,24,57,20,14,1,50,86,52,44,31,74" hai2="121,97,40,60,128,0,98,118,66,2,124,59,54" hai3="62,65,129,123,109,23,132,89,125,18,106,25,15"/><W58/><G123/><T6/><D34/><U63/><E74/><V51/><F118/><W79/><G129/><T69/><D119/><U28/><E1/><V90/><F128/><W134/><G125/><T116/><D69/><U32/><E32/><V113/><F113/><W3/><G3/><T64/><D116/><U43/><E47/><V135/><F135/><N who="3" m="51755" /><G109/><T93/><D120/><U38/><E86/><V29/><F124/><W110/><G110/><T5/><D122/><U61/><E28/><V26/><F121/><W101/><G79/><T67/><D126/><U46/><E46/><V27/><F40/><W41/><G89/><T11/><D45/><U82/><E82/><V80/><F0/><W21/><G41/><T94/><D100/><U10/><E10/><V22/><F2/><W4/><G4/><AGARI ba="0,0" hai="4,8,14,20,24,31,38,43,44,50,52,57,61,63" machi="4" ten="30,2000,0" yaku="7,1,54,1" doraHai="130" who="1" fromWho="3" sc="289,0,293,20,39,0,379,-20" owari="289,-11.1,313,11.3,39,-46.1,359,45.9" /></mjloggm>