<mjloggm ver="2.3"><GO type="225" lobby="0"/><UN n0="%E3%83%A9%E3%83%BC%E3%83%A1%E3%83%B3%E4%BA%94%E9%83%8E" n1="%E5%B0%8F%E9%B3%A5%E9%81%8A%E7%B7%B4%E7%84%A1%32%31%E6%AD%B3" n2="%77%72%77%72%77%72%77%72" n3="%72%65%6E%6B%75%6E" dan="16,16,17,17" rate="2117.25,2163.32,2135.20,2201.10" sx="M,F,M,M"/><TAIKYOKU oya="0"/><INIT seed="0,0,0,4,1,16" ten="250,250,250,250" oya="0" hai0="112,64,84,90,77,67,95,36,18,106,96,7,126" hai1="79,85,114,47,61,99,46,116,48,133,111,39,35" hai2="110,102,108,72,12,124,41,4,122,104,25,92,80" hai3="128,118,68,78,34,120,2,127,31,86,14,130,81"/><T83/><D36/><U8/><E116/><V129/><F122/><W28/><G2/><T3/><D112/><U135/><E114/><V11/><F104/><W100/><G118/><T76/><D126/><U17/><E35/><V26/><F124/><W74/><G127/><T73/><D77/><U98/><E111/><N who="2" m="42539" /><F129/><N who="3" m="49771" /><G68/><T0/><D18/><U54/><E39/><V115/><F115/><W65/><G65/><N who="0" m="25163" /><D7/><U50/><E61/><V30/><F41/><W123/><G100/><AGARI ba="0,0" hai="0,3,73,76,83,84,90,95,96,100,106" m="25163" machi="100" ten="30,1500,0" yaku="24,1" doraHai="16" who="0" fromWho="3" sc="250,15,250,0,250,0,250,-15" /><INIT seed="0,1,0,4,3,37" ten="265,250,250,235" oya="0" hai0="7,97,95,0,72,4,76,5,102,70,62,15,113" hai1="26,117,103,28,100,124,101,118,82,42,46,59,40" hai2="19,96,73,21,58,23,12,74,51,135,66,127,78" hai3="109,36,56,129,55,2,38,44,69,131,32,43,49"/><T67/><D113/><U99/><E124/><V87/><F127/><W134/><G2/><T53/><D0/><U84/><E46/><V94/><F135/><W122/><G32/><T39/><D39/><N who="3" m="14889" /><G134/><T119/><D119/><U132/><E132/><V54/><F66/><W63/><G109/><T106/><D53/><U3/><E3/><V35/><F35/><W57/><G122/><T27/><D27/><U65/><E117/><V20/><F87/><W9/><G9/><T114/><D114/><U30/><E99/><V77/><F74/><W6/><G6/><T86/><D72/><U22/><E30/><V104/><F104/><W79/><G79/><N who="2" m="30217" /><F73/><W107/><G107/><T130/><D130/><N who="3" m="49673" /><G57/><N who="0" m="37327" /><D106/><U13/><E13/><V110/><F110/><W81/><G81/><N who="0" m="47399" /><D70/><AGARI ba="1,0" hai="43,44,49,55,56,63,69,70" m="49673,14889" machi="70" ten="30,7700,0" yaku="19,1,34,2,52,1" doraHai="37" who="3" fromWho="0" sc="265,-80,250,0,250,0,235,80" /><INIT seed="1,0,0,4,4,34" ten="185,250,250,315" oya="1" hai0="8,12,79,19,45,105,7,66,44,60,129,59,55" hai1="35,20,64,118,115,69,132,103,67,78,116,89,63" hai2="124,82,123,128,3,125,88,31,121,114,49,32,119" hai3="76,72,17,6,58,23,134,43,113,28,47,53,4"/><U100/><E115/><V133/><F114/><W108/><G113/><T65/><D129/><U24/><E132/><V92/><F133/><W5/><G134/><T94/><D105/><U39/><E39/><V99/><F128/><W90/><G28/><T33/><D33/><U21/><E78/><V109/><F119/><W85/><G108/><T71/><D79/><U97/><E67/><V10/><F109/><W36/><G72/><T81/><D81/><U26/><E89/><V111/><F111/><W13/><G76/><T73/><D73/><U83/><E83/><V95/><F49/><W131/><G131/><T54/><D66/><U56/><E69/><V9/><F82/><W80/><G5/><T50/><D94/><U40/><E40/><V101/><F31/><W96/><REACH who="3" step="1"/><G96/><REACH who="3" ten="185,250,250,305" step="2"/><T86/><D86/><U29/><E35/><V52/><F32/><W110/><G110/><T98/><D98/><U14/><E118/><V48/><F123/><W135/><G135/><T61/><REACH who="0" step="1"/><D7/><REACH who="0" ten="175,250,250,305" step="2"/><U30/><E116/><V84/><F121/><W22/><G22/><T122/><D122/><U91/><E97/><V77/><F77/><W16/><G16/><T70/><D70/><U126/><E91/><V62/><F99/><W102/><G102/><T15/><D15/><U127/><E14/><V117/><F101/><AGARI ba="0,2" hai="20,21,24,26,29,30,56,63,64,100,101,103,126,127" machi="101" ten="40,2000,0" yaku="9,1" doraHai="34" who="1" fromWho="2" sc="175,0,250,40,250,-20,305,0" /><INIT seed="1,1,0,4,5,134" ten="175,290,230,305" oya="1" hai0="95,36,118,10,91,117,119,54,55,34,115,25,131" hai1="8,102,6,60,20,58,133,39,46,35,22,132,18" hai2="44,65,40,98,63,32,52,124,93,29,128,88,56" hai3="82,73,81,57,87,23,99,74,11,116,86,83,68"/><U125/><E35/><V0/><F128/><W51/><G68/><T12/><D115/><U7/><E102/><V14/><F0/><W107/><G116/><T113/><D113/><U112/><E112/><V1/><F1/><W78/><G11/><T43/><D131/><U21/><E18/><V33/><F124/><W111/><G23/><T2/><D2/><U96/><E96/><V101/><F14/><W37/><G37/><T109/><D109/><U53/><E8/><V13/><F13/><W85/><G57/><T108/><D108/><U3/><E3/><V100/><F32/><W121/><G51/><T41/><D25/><U135/><E125/><V129/><F129/><W80/><G121/><T26/><D26/><U27/><E27/><V76/><F76/><W122/><G122/><T105/><D105/><U49/><REACH who="1" step="1"/><E39/><REACH who="1" ten="175,280,230,305" step="2"/><V61/><F33/><W79/><G111/><T89/><D34/><U62/><E62/><V5/><F29/><W38/><G38/><T103/><D36/><U17/><E17/><V126/><F126/><W50/><G50/><T16/><D103/><AGARI ba="1,1" hai="73,74,78,79,80,81,82,83,85,86,87,99,103,107" machi="103" ten="40,12000,2" yaku="9,1,35,6" doraHai="134" who="3" fromWho="0" sc="175,-123,280,0,230,0,305,133" /><INIT seed="2,0,0,5,5,48" ten="52,280,230,438" oya="2" hai0="118,115,63,23,4,12,112,27,102,59,53,98,50" hai1="41,81,32,75,85,66,25,13,121,51,111,125,21" hai2="54,105,108,101,44,133,49,126,132,94,38,24,20" hai3="68,26,0,16,109,5,128,113,93,119,3,7,80"/><V135/><F105/><W100/><G68/><T89/><D118/><U60/><E111/><V9/><F9/><W36/><G36/><T69/><D69/><U86/><E125/><V124/><F38/><W47/><G119/><T73/><D73/><U114/><E114/><V74/><F74/><W129/><G80/><T33/><D33/><U17/><E121/><V96/><REACH who="2" step="1"/><F108/><REACH who="2" ten="52,280,220,438" step="2"/><W107/><G107/><T116/><D116/><U39/><E39/><V97/><F97/><W8/><G109/><T91/><D115/><U15/><E75/><V88/><F88/><W104/><G104/><T92/><D112/><U130/><E130/><V123/><F123/><W18/><G8/><T11/><REACH who="0" step="1"/><D50/><REACH who="0" ten="42,280,220,438" step="2"/><U19/><E51/><V70/><F70/><W72/><G113/><T40/><D40/><U127/><E41/><V76/><F76/><W56/><G72/><T83/><D83/><U55/><E81/><V35/><F35/><W61/><G128/><T31/><AGARI ba="0,2" hai="4,11,12,23,27,31,53,59,63,89,91,92,98,102" machi="31" ten="20,8000,1" yaku="1,1,0,1,7,1,8,1,52,1,53,0" doraHai="48" doraHaiUra="131" who="0" fromWho="0" sc="42,100,280,-20,220,-40,438,-20" /><INIT seed="3,0,0,2,1,105" ten="142,260,180,418" oya="3" hai0="59,21,66,107,41,47,103,113,52,43,13,56,42" hai1="114,122,70,19,118,82,35,1,120,73,37,40,31" hai2="58,104,4,46,101,100,17,81,61,106,89,74,127" hai3="97,78,84,11,92,54,72,86,26,18,24,71,90"/><W9/><G71/><T50/><D113/><U112/><E19/><V48/><F127/><W99/><G72/><T33/><D33/><U3/><E70/><V65/><F4/><W117/><G117/><T51/><D66/><U0/><E118/><V131/><F131/><W7/><G7/><T20/><D107/><U91/><E91/><V109/><F109/><W38/><G38/><T76/><D103/><U130/><E130/><V8/><F74/><W69/><G69/><T64/><D76/><U68/><E68/><V85/><F106/><W121/><G121/><T95/><D95/><U30/><E40/><N who="2" m="24647" /><F104/><W15/><G11/><T62/><REACH who="0" step="1"/><D13/><AGARI ba="0,0" hai="8,13,17,58,61,65,81,85,89,100,101" m="24647" machi="13" ten="30,1000,0" yaku="8,1" doraHai="105" who="2" fromWho="0" sc="142,-10,260,0,180,10,418,0" owari="132,-36.8,260,6.0,190,-21.0,418,51.8" /></mjloggm>