<mjloggm ver="2.3"><GO type="225" lobby="0"/><UN n0="%E5%B8%86%E7%AB%8B%E5%A4%8F%E8%A1%A3" n1="%E3%83%96%E3%83%83%E3%83%91%E3%82%AA%E3%83%96%E3%83%81%E3%82%AD%E3%83%B3" n2="%E7%99%BD%E5%80%89%E5%AF%9B%E4%B9%8B" n3="%E9%B7%B9%E5%80%89%E6%9D%8F%E9%88%B4" dan="17,16,16,16" rate="2197.96,2145.41,2123.57,2111.77" sx="M,M,M,F"/><TAIKYOKU oya="0"/><INIT seed="0,0,0,0,3,33" ten="250,250,250,250" oya="0" hai0="67,130,52,39,84,60,100,86,125,128,119,70,123" hai1="20,120,85,103,69,54,115,44,96,45,41,10,108" hai2="113,105,7,40,87,79,58,8,111,37,56,83,99" hai3="4,89,131,46,68,53,16,42,57,21,88,91,9"/><T65/><D119/><U18/><E120/><V124/><F111/><W112/><G68/><T59/><D123/><U77/><E108/><V61/><F124/><W116/><G116/><T118/><D118/><U134/><E134/><V43/><F113/><W74/><G74/><T13/><D100/><U71/><E115/><V126/><F126/><W19/><G131/><N who="0" m="50219" /><D125/><U106/><E10/><V14/><F37/><W31/><G112/><T6/><D39/><U127/><E127/><V73/><F58/><W55/><G31/><T38/><D38/><U34/><E34/><V78/><F105/><W93/><G93/><T25/><D25/><U63/><E45/><V76/><F99/><W133/><G133/><T132/><D132/><U3/><E3/><V49/><F73/><W48/><G21/><T27/><D27/><U29/><E29/><V102/><F102/><W104/><G104/><T35/><D35/><U90/><E77/><N who="2" m="29803" /><F49/><W92/><G92/><T26/><D26/><N who="1" m="14615" /><E54/><AGARI ba="0,0" hai="7,8,14,40,43,54,56,61,79,83,87" m="29803" machi="54" ten="30,1000,0" yaku="8,1" doraHai="33" who="2" fromWho="1" sc="250,0,250,-10,250,10,250,0" /><INIT seed="1,0,0,5,5,47" ten="250,240,260,250" oya="1" hai0="115,85,9,6,82,15,44,74,42,87,57,95,27" hai1="37,8,53,113,19,94,16,5,104,83,49,67,78" hai2="20,46,2,56,123,60,106,25,41,86,70,12,118" hai3="0,89,72,26,90,50,120,71,59,45,14,68,127"/><U111/><E113/><V28/><F2/><W109/><G0/><T73/><D115/><U64/><E104/><V58/><F106/><W40/><G120/><T100/><D27/><U43/><E37/><V129/><F123/><W61/><G72/><T38/><D57/><N who="1" m="32943" /><E43/><V21/><F118/><W52/><G109/><T80/><D95/><U18/><E111/><V62/><F129/><W63/><G127/><T66/><D66/><N who="1" m="25131" /><E94/><V122/><F70/><W99/><G61/><N who="2" m="23657" /><F122/><W128/><G128/><T31/><D31/><U98/><E98/><V135/><F135/><W34/><G14/><T116/><D100/><U132/><E132/><V79/><F46/><W65/><G99/><T7/><D7/><U92/><E92/><V23/><F41/><W107/><G107/><T10/><D10/><U131/><E131/><V103/><F103/><W134/><G134/><T36/><D36/><U69/><E69/><V114/><F114/><W17/><G68/><T101/><D101/><U48/><E48/><V81/><F21/><W97/><G97/><T125/><D125/><U102/><E102/><V112/><F112/><W1/><G1/><T117/><D117/><U126/><E126/><V91/><F91/><W22/><G34/><T110/><D116/><U75/><E8/><V33/><F33/><W124/><G124/><T84/><D110/><U108/><E108/><V76/><F76/><W96/><G96/><T51/><REACH who="0" step="1"/><D38/><REACH who="0" ten="240,240,260,250" step="2"/><U130/><E130/><V77/><F28/><W93/><G93/><T13/><D13/><U119/><E119/><V11/><F12/><W88/><G71/><RYUUKYOKU ba="0,1" sc="240,10,240,10,260,-30,250,10" hai0="6,9,15,42,44,51,73,74,80,82,84,85,87" hai1="5,16,18,19,75,78,83" hai3="17,22,26,40,45,50,52,59,63,65,88,89,90" /><INIT seed="1,1,1,3,0,135" ten="250,250,230,260" oya="1" hai0="41,3,131,26,20,48,116,109,87,68,117,108,105" hai1="88,91,14,120,107,65,129,10,57,55,73,63,118" hai2="15,64,82,72,114,130,123,110,36,60,84,100,17" hai3="103,62,101,0,124,97,127,30,78,122,11,86,12"/><U31/><E118/><N who="0" m="45673" /><D105/><U134/><E120/><V132/><F36/><W21/><G122/><T23/><D68/><U7/><E134/><V1/><F1/><W112/><G112/><T77/><D77/><U76/><E129/><V13/><F123/><W47/><G0/><T2/><D87/><U111/><E107/><V28/><F132/><W29/><G47/><T9/><D48/><U89/><E111/><N who="0" m="42569" /><D41/><U59/><E31/><N who="3" m="11786" /><G21/><N who="0" m="8267" /><D131/><U119/><E119/><V53/><F130/><W46/><G46/><T92/><D92/><U66/><REACH who="1" step="1"/><E59/><REACH who="1" ten="250,240,230,260" step="2"/><V75/><F110/><W35/><G35/><T52/><D52/><U25/><E25/><V93/><F53/><W61/><G61/><T106/><D106/><U121/><E121/><V8/><F60/><W79/><G62/><T104/><D104/><U54/><E54/><V58/><F58/><W22/><G79/><T16/><D26/><U50/><E50/><V5/><F114/><W27/><G78/><T18/><D3/><U102/><E102/><V40/><F100/><W98/><G103/><T67/><D67/><U38/><E38/><V80/><F64/><W32/><G101/><T24/><D24/><U99/><E99/><V115/><F115/><W44/><G32/><T95/><D95/><U69/><E69/><V71/><F93/><W125/><G44/><T45/><D45/><U113/><E113/><V96/><F71/><W19/><G86/><T6/><AGARI ba="1,2" hai="2,6,9,16,18" m="8267,42569,45673" machi="6" ten="40,8000,1" yaku="14,1,34,2,54,1" doraHai="135" who="0" fromWho="0" sc="250,103,240,-41,230,-21,260,-21" /><INIT seed="2,0,0,2,2,37" ten="353,199,209,239" oya="2" hai0="103,63,130,81,44,119,102,73,72,9,22,61,124" hai1="20,112,78,74,58,32,66,52,34,121,83,84,97" hai2="129,95,90,131,59,41,88,50,60,94,132,125,2" hai3="35,56,7,82,8,46,49,96,45,65,113,5,76"/><V98/><F2/><W134/><G35/><T25/><D119/><U33/><E112/><V107/><F107/><W1/><G134/><T64/><D130/><N who="2" m="49674" /><F132/><W101/><G113/><T11/><D124/><U12/><E121/><V108/><F125/><W128/><G128/><T118/><D118/><U17/><E97/><N who="2" m="57543" /><F108/><W16/><G7/><T100/><D81/><U123/><E123/><V122/><F122/><W26/><G65/><T77/><D77/><U6/><E6/><V68/><F68/><W4/><G4/><T67/><D73/><U30/><E66/><N who="0" m="25129" /><D44/><U19/><E19/><V117/><F117/><W114/><G114/><T69/><D72/><U79/><E74/><V86/><F60/><N who="0" m="23114" /><D69/><U110/><E110/><V91/><F59/><W54/><G82/><T93/><D93/><U43/><E79/><V28/><F28/><AGARI ba="0,0" hai="9,11,22,25,28,100,102,103" m="23114,25129" machi="28" ten="30,1000,0" yaku="8,1" doraHai="37" who="0" fromWho="2" sc="353,10,199,0,209,-10,239,0" /><INIT seed="3,0,0,3,5,35" ten="363,199,199,239" oya="3" hai0="10,20,73,71,22,96,11,99,26,130,128,108,58" hai1="64,82,80,100,117,105,85,102,113,95,94,37,86" hai2="34,66,76,59,65,129,116,8,4,9,63,54,40" hai3="14,97,24,46,70,112,79,7,109,49,3,123,118"/><W1/><G112/><T101/><D108/><U106/><E37/><V31/><F116/><W124/><G118/><T33/><D71/><U126/><E117/><V84/><F129/><N who="0" m="49770" /><D73/><U134/><E64/><N who="2" m="24683" /><F34/><W74/><G70/><T6/><D58/><U122/><E126/><V0/><F0/><W81/><G123/><T67/><D67/><U83/><E83/><N who="2" m="47207" /><F4/><W53/><G97/><T115/><D115/><U60/><E134/><V21/><F40/><W69/><G69/><T90/><D90/><U120/><E113/><V119/><F119/><W43/><G24/><AGARI ba="0,0" hai="8,9,21,24,31,54,59,63" m="47207,24683" machi="24" ten="30,1000,0" yaku="8,1" doraHai="35" who="2" fromWho="3" sc="363,0,199,0,199,10,239,-10" owari="363,46.3,199,-30.1,209,-19.1,229,2.9" /></mjloggm>