<mjloggm ver="2.3"><GO type="225" lobby="0"/><UN n0="%E4%BF%BA%E3%81%A8%E5%A6%96%E5%A4%A2" n1="%E9%A6%AC%E5%BC%95%E7%81%AB%33" n2="%E6%97%A5%E6%9B%9C%E6%97%A5%E3%82%88%E3%82%8A%E3%81%AE%E4%BD%BF%E8%80%85" n3="%65%78%69%73%74%2D%79" dan="16,17,17,16" rate="2116.06,2187.97,2204.01,2047.57" sx="F,M,M,M"/><TAIKYOKU oya="0"/><INIT seed="0,0,0,2,2,28" ten="250,250,250,250" oya="0" hai0="35,81,3,95,75,68,60,4,80,6,130,44,45" hai1="125,112,54,88,50,56,93,133,61,10,128,20,122" hai2="89,58,106,105,121,115,126,113,70,132,57,59,27" hai3="47,53,131,78,21,101,32,67,116,12,23,16,13"/><T41/><D130/><U73/><E122/><V123/><F70/><W39/><G131/><T14/><D3/><U96/><E128/><V18/><F89/><W25/><G116/><T46/><D75/><U8/><E73/><V98/><F98/><W108/><G108/><T42/><D95/><U114/><E133/><V0/><F0/><W83/><G101/><T92/><D92/><U124/><E50/><V85/><F85/><W66/><G39/><T62/><D68/><U109/><E109/><V72/><F72/><W103/><G103/><T48/><D14/><U31/><E31/><V51/><F51/><N who="3" m="28927" /><G32/><T90/><D48/><U30/><E30/><V37/><F37/><W107/><G107/><T2/><D2/><U36/><E20/><V17/><F27/><W79/><G13/><T19/><D19/><N who="2" m="7178" /><F132/><W86/><G78/><T1/><D1/><U127/><REACH who="1" step="1"/><E36/><REACH who="1" ten="250,240,250,250" step="2"/><V117/><F117/><W118/><G118/><T43/><D35/><U55/><E55/><V33/><F33/><W87/><G67/><T76/><D43/><U63/><E63/><V111/><F111/><W129/><G66/><T77/><D42/><U84/><E84/><V102/><F123/><W38/><G38/><T82/><D41/><U100/><E100/><V94/><F121/><W65/><G65/><T52/><D52/><U15/><E15/><V11/><F102/><W5/><G129/><T71/><D60/><U29/><E29/><V119/><F119/><W26/><G23/><T49/><D62/><U34/><E34/><V91/><F106/><W110/><G110/><T104/><D104/><RYUUKYOKU ba="0,1" sc="250,-10,240,30,250,-10,250,-10" hai1="8,10,54,56,61,88,93,96,112,114,124,125,127" /><INIT seed="1,1,1,1,3,63" ten="240,270,240,240" oya="1" hai0="98,55,67,7,1,91,25,114,80,99,71,89,2" hai1="82,68,49,93,62,132,42,17,33,102,77,47,32" hai2="131,72,84,122,107,27,13,135,18,20,5,76,26" hai3="64,88,133,35,24,86,43,124,59,50,9,126,87"/><U3/><E3/><V28/><F122/><W81/><G133/><T123/><D114/><U56/><E132/><V117/><F72/><W60/><G9/><T83/><D123/><U40/><E68/><V109/><F107/><W39/><G39/><T66/><D71/><U57/><E40/><V14/><F135/><W106/><G106/><T128/><D25/><U38/><E17/><V96/><F117/><W21/><G87/><T53/><REACH who="0" step="1"/><D7/><REACH who="0" ten="230,270,240,240" step="2"/><U46/><E33/><V30/><F5/><W4/><G4/><T19/><D19/><U100/><E32/><V104/><F18/><W110/><G35/><T22/><D22/><U129/><E129/><AGARI ba="1,2" hai="1,2,53,55,66,67,80,83,89,91,98,99,128,129" machi="129" ten="25,8000,1" yaku="1,1,22,2,52,2,53,0" doraHai="63" doraHaiUra="118" who="0" fromWho="1" sc="230,103,270,-83,240,0,240,0" /><INIT seed="2,0,0,1,3,113" ten="333,187,240,240" oya="2" hai0="96,89,4,3,58,1,64,72,110,61,21,52,70" hai1="83,94,122,7,87,71,65,104,38,56,20,34,78" hai2="95,29,43,100,33,41,59,124,93,10,37,50,0" hai3="114,120,31,103,46,49,101,25,109,119,13,45,128"/><V66/><F37/><W123/><G114/><T130/><D72/><U127/><E127/><V112/><F112/><W63/><G109/><T19/><D110/><U85/><E122/><V23/><F33/><W17/><G128/><T55/><D130/><U11/><E104/><V116/><F0/><W134/><G134/><T51/><D55/><U60/><E34/><V84/><F10/><W118/><G63/><T121/><D121/><U24/><E38/><V117/><F84/><W27/><G17/><T82/><D4/><U76/><E71/><V2/><F2/><W90/><G90/><T92/><REACH who="0" step="1"/><D82/><REACH who="0" ten="323,187,240,240" step="2"/><U15/><E94/><V98/><F95/><W9/><G120/><T81/><D81/><U47/><E47/><N who="2" m="25967" /><F43/><W105/><G123/><T91/><D91/><U22/><REACH who="1" step="1"/><E24/><AGARI ba="0,1" hai="1,3,19,21,24,51,52,58,61,64,70,89,92,96" machi="24" ten="30,3900,0" yaku="1,1,7,1,54,1,53,0" doraHai="113" doraHaiUra="131" who="0" fromWho="1" sc="323,49,187,-39,240,0,240,0" /><INIT seed="3,0,0,0,4,71" ten="372,148,240,240" oya="3" hai0="27,49,96,70,24,135,43,30,129,52,40,9,104" hai1="8,20,86,48,16,45,106,18,56,50,68,47,85" hai2="97,21,6,108,1,114,22,105,41,64,94,5,14" hai3="95,113,28,109,123,42,110,76,63,75,117,35,133"/><W82/><G117/><T46/><D70/><U34/><E68/><V57/><F1/><W93/><G123/><T26/><D135/><U130/><E34/><V65/><F105/><W54/><G133/><T25/><D129/><U107/><E56/><V51/><F108/><N who="3" m="41579" /><G113/><T17/><D104/><U115/><E20/><V19/><F114/><W84/><G42/><T99/><D17/><U78/><E115/><V74/><F41/><N who="0" m="15946" /><D9/><U61/><E61/><V44/><F74/><W53/><G63/><T128/><D128/><U13/><E130/><V90/><F65/><W31/><G93/><T125/><D125/><U134/><E78/><V120/><F120/><W72/><G72/><T58/><D46/><U62/><E62/><V126/><F64/><W69/><G69/><T77/><D77/><U32/><E32/><V36/><F44/><W91/><G31/><T55/><D55/><N who="3" m="21001" /><G28/><T102/><D102/><U127/><E134/><V12/><F126/><W89/><G89/><T81/><D81/><U83/><E127/><V3/><F90/><W67/><G35/><T118/><D118/><U11/><REACH who="1" step="1"/><E83/><REACH who="1" ten="372,138,240,240" step="2"/><V80/><F80/><N who="3" m="45087" /><G67/><T4/><D58/><U92/><E92/><V39/><F94/><W33/><G33/><T131/><D131/><U98/><E98/><V119/><F97/><W10/><G95/><T122/><D122/><U79/><E79/><V124/><F124/><W2/><G82/><T87/><D30/><U29/><E29/><V116/><F116/><W100/><G100/><T0/><D99/><U111/><E111/><V121/><F119/><W38/><G91/><RYUUKYOKU ba="0,1" sc="372,-10,138,30,240,-10,240,-10" hai1="8,11,13,16,18,45,47,48,50,85,86,106,107" owari="372,47.2,168,-33.2,230,3.0,230,-17.0" /></mjloggm>