<mjloggm ver="2.3"><GO type="225" lobby="0"/><UN n0="%E6%9D%B1%E9%A2%A8%E3%81%AE%E3%81%8D%E3%82%83%E3%81%B7%E3%81%95%E3%82%93" n1="%E3%82%BC%E3%83%AB%E3%83%80%E3%81%AE%E4%BC%9D%E8%AA%AC" n2="%E3%83%96%E3%83%83%E3%83%91%E3%82%AA%E3%83%96%E3%83%81%E3%82%AD%E3%83%B3" n3="%72%65%6E%6B%75%6E" dan="16,17,16,17" rate="2202.36,2111.23,2170.08,2164.48" sx="M,M,M,M"/><TAIKYOKU oya="0"/><INIT seed="0,0,0,4,5,74" ten="250,250,250,250" oya="0" hai0="120,95,127,45,1,15,125,47,107,98,119,100,122" hai1="67,63,30,20,81,69,39,51,25,17,78,114,10" hai2="131,77,130,23,133,72,135,116,38,35,103,21,113" hai3="46,13,22,57,50,96,42,101,111,83,12,70,118"/><T9/><D1/><U54/><E39/><V56/><F113/><W132/><G111/><T85/><D119/><U40/><E40/><V24/><F38/><W65/><G132/><N who="2" m="50761" /><F116/><W87/><G118/><T79/><D47/><U126/><E126/><N who="0" m="48137" /><D45/><U89/><E89/><V75/><F103/><W90/><G70/><T105/><D15/><U14/><E114/><V129/><F56/><W80/><G22/><N who="2" m="8201" /><F77/><W92/><G80/><N who="0" m="47263" /><D9/><U109/><E109/><V44/><F44/><W34/><G34/><T52/><D52/><U94/><E94/><V123/><F123/><AGARI ba="0,0" hai="95,98,100,105,107,120,122,123" m="47263,48137" machi="123" ten="30,11600,0" yaku="18,1,34,2,52,1" doraHai="74" who="0" fromWho="2" sc="250,116,250,0,250,-116,250,0" /><INIT seed="0,1,0,5,4,104" ten="366,250,134,250" oya="0" hai0="134,113,26,101,37,10,86,102,97,117,19,6,111" hai1="109,115,83,87,46,42,33,47,85,100,1,66,63" hai2="116,53,130,73,118,127,50,59,110,125,105,121,31" hai3="36,57,38,98,27,92,20,84,49,41,18,75,17"/><T23/><D37/><U79/><E109/><V54/><F105/><W135/><G135/><T2/><D111/><U70/><E33/><V95/><F110/><W112/><G112/><T133/><D113/><U93/><E115/><V72/><F121/><W108/><G75/><N who="2" m="28745" /><F31/><W5/><G5/><T9/><D117/><N who="2" m="45162" /><F130/><W22/><G84/><T69/><D69/><U39/><E1/><V56/><F95/><W11/><G11/><T131/><D131/><U67/><E67/><V123/><F123/><W126/><G126/><T64/><D64/><U128/><E128/><V94/><F94/><W122/><G122/><T120/><D120/><U65/><E66/><V8/><F8/><W24/><G108/><T60/><D10/><U106/><E106/><V58/><F54/><W34/><G34/><T48/><D9/><U91/><E93/><V35/><F35/><W12/><G92/><T14/><D101/><U89/><E100/><V78/><F78/><W25/><G98/><T40/><D97/><U3/><E3/><V107/><F107/><W28/><G28/><T68/><D2/><U119/><E119/><V55/><F55/><W30/><G30/><T43/><D102/><U62/><E79/><V99/><F99/><W82/><G82/><T29/><D29/><U15/><E83/><V80/><F80/><W0/><G0/><T129/><D129/><U16/><E85/><V52/><F53/><W81/><G81/><T71/><D86/><U45/><E87/><V74/><N who="2" m="28753" /><V44/><AGARI ba="1,0" hai="44,50,52,56,58,59,125,127" m="45162,28753" machi="44" ten="50,12000,2" yaku="4,1,12,1,52,4,54,1" doraHai="104" who="2" fromWho="2" sc="366,-61,250,-31,134,123,250,-31" /><INIT seed="1,0,0,2,3,129" ten="305,219,257,219" oya="1" hai0="97,70,22,76,44,16,110,0,132,100,61,116,10" hai1="34,59,45,135,5,82,101,39,43,47,13,52,31" hai2="37,18,66,21,86,81,98,130,87,88,8,74,9" hai3="49,106,122,6,99,125,27,54,58,7,68,119,108"/><U126/><E126/><V102/><F74/><W111/><G122/><T15/><D116/><U105/><E135/><V120/><F120/><W104/><G125/><T41/><D110/><N who="3" m="42025" /><G119/><T133/><D76/><U25/><E47/><V84/><F130/><W62/><G27/><T55/><D0/><U42/><E42/><V85/><F66/><N who="3" m="41047" /><G99/><T3/><D3/><U79/><E101/><V65/><F65/><W107/><AGARI ba="0,0" hai="6,7,49,54,58,104,106,107" m="41047,42025" machi="107" ten="40,1500,0" yaku="14,1" doraHai="129" who="3" fromWho="3" sc="305,-4,219,-7,257,-4,219,15" /><INIT seed="2,0,0,0,2,51" ten="301,212,253,234" oya="2" hai0="73,128,100,52,134,123,45,42,55,133,78,75,101" hai1="111,79,103,102,92,76,83,56,26,115,23,12,81" hai2="59,114,40,28,135,88,71,30,84,48,125,7,120" hai3="58,106,34,0,91,49,104,130,15,41,122,21,121"/><V70/><F114/><W33/><G0/><T77/><D128/><U89/><E115/><V31/><F120/><W87/><G130/><T20/><D20/><U126/><E111/><V1/><F125/><W131/><G131/><T69/><D69/><U36/><E36/><V74/><F74/><N who="0" m="28170" /><D123/><U67/><E126/><V3/><F135/><N who="0" m="51722" /><D100/><N who="1" m="38443" /><E12/><V64/><F40/><W14/><G121/><T107/><D101/><U86/><E67/><V27/><F27/><W57/><G21/><T66/><D66/><U44/><E44/><V65/><F65/><W117/><G117/><T16/><D16/><N who="1" m="12647" /><E56/><V29/><F7/><W68/><G68/><T108/><D108/><U13/><E13/><V62/><F71/><W8/><G34/><T110/><D107/><U47/><E47/><V132/><F132/><W19/><G33/><T17/><D17/><U90/><E83/><V95/><N who="2" m="7168" /><DORA hai="63" /><V105/><REACH who="2" step="1"/><F105/><REACH who="2" ten="301,212,243,234" step="2"/><W98/><G106/><T80/><D110/><U53/><E53/><AGARI ba="0,1" hai="1,3,48,53,59,62,64,70,84,88,95" m="7168" machi="53" ten="50,18000,2" yaku="1,1,2,1,52,2,54,1,53,1" doraHai="51,63" doraHaiUra="99,46" who="2" fromWho="1" sc="301,0,212,-180,243,190,234,0" /><INIT seed="2,1,0,0,4,116" ten="301,32,433,234" oya="2" hai0="130,125,79,3,105,41,43,117,92,50,72,128,57" hai1="90,129,107,35,2,67,114,14,13,34,115,103,127" hai2="63,98,106,26,94,113,44,11,55,126,68,95,42" hai3="9,69,33,83,96,88,4,62,119,58,121,1,135"/><V54/><F113/><W40/><G119/><T56/><D105/><U97/><E90/><V133/><F133/><W7/><G33/><T60/><D92/><U24/><E14/><V8/><F126/><W16/><G135/><T27/><D27/><U53/><E53/><V49/><F106/><W110/><G110/><T6/><D117/><U65/><E13/><V20/><F95/><W32/><G32/><T0/><D125/><U124/><E2/><V76/><F76/><W23/><G69/><T51/><D72/><U100/><E107/><V85/><F85/><W70/><G70/><T87/><D60/><U104/><E104/><V46/><F68/><W37/><G7/><T109/><D6/><U61/><E61/><V81/><F81/><W86/><G96/><T132/><D132/><U15/><E15/><V5/><F5/><W64/><G121/><T29/><D109/><U77/><E24/><V17/><F46/><W66/><G66/><T38/><D38/><U36/><E77/><V134/><F134/><W45/><REACH who="3" step="1"/><G23/><REACH who="3" ten="301,32,433,224" step="2"/><T73/><D79/><U52/><E97/><V22/><F22/><W93/><G93/><T101/><D101/><U118/><E118/><V112/><F94/><W71/><G71/><T82/><D82/><U31/><E129/><V47/><F20/><W75/><G75/><T74/><D87/><U131/><E131/><V91/><F98/><W123/><G123/><T30/><AGARI ba="1,1" hai="0,3,29,30,41,43,50,51,56,57,73,74,128,130" machi="30" ten="25,3200,0" yaku="0,1,22,2" doraHai="116" who="0" fromWho="0" sc="301,45,32,-9,433,-17,224,-9" /><INIT seed="3,0,0,3,4,113" ten="346,23,416,215" oya="3" hai0="39,77,29,110,94,47,48,0,81,14,42,45,25" hai1="103,22,33,97,119,49,11,32,132,59,123,125,88" hai2="78,120,127,121,41,35,61,112,91,24,111,2,57" hai3="31,124,36,15,135,92,46,67,130,73,108,8,134"/><W70/><G73/><T131/><D0/><U40/><E125/><V16/><F112/><W19/><G124/><T90/><D110/><U79/><E132/><N who="3" m="50730" /><G108/><T122/><D131/><U129/><E129/><V52/><F127/><W68/><G130/><T105/><D105/><U115/><E115/><V6/><F111/><W85/><G67/><T80/><D122/><N who="2" m="47210" /><F78/><W56/><G31/><T76/><D14/><U34/><E123/><V17/><F41/><N who="3" m="22823" /><G56/><T5/><D5/><U28/><E79/><V13/><F2/><W50/><G50/><T63/><D63/><U99/><E59/><V10/><F91/><AGARI ba="0,0" hai="8,15,19,68,70,85,91,92" m="22823,50730" machi="91" ten="30,1500,0" yaku="20,1" doraHai="113" who="3" fromWho="2" sc="346,0,23,0,416,-15,215,15" /><INIT seed="3,1,0,1,1,122" ten="346,23,401,230" oya="3" hai0="65,119,70,125,78,115,83,120,97,96,94,82,18" hai1="126,15,68,104,84,23,67,27,19,75,93,72,30" hai2="37,66,108,105,110,55,25,112,127,102,77,34,33" hai3="13,88,14,124,32,61,63,90,91,69,54,44,85"/><W35/><G85/><T81/><D65/><U21/><E126/><V41/><F112/><W57/><G124/><T5/><D70/><U118/><E118/><V128/><F127/><W103/><G103/><T60/><D60/><U58/><E68/><V123/><F123/><W73/><G73/><T130/><D5/><U31/><E104/><V106/><F66/><W86/><G86/><T6/><D6/><U52/><E67/><V48/><F128/><W50/><G69/><T29/><D29/><U47/><E47/><N who="2" m="23983" /><F77/><W16/><G13/><T0/><D0/><U87/><E87/><V100/><F100/><W4/><G4/><T107/><D125/><U62/><E72/><V39/><F39/><W28/><G28/><T80/><D130/><U129/><E75/><V134/><F134/><W116/><G116/><T26/><D119/><U111/><E129/><V92/><F92/><W71/><G71/><T79/><D115/><U8/><E8/><V10/><F10/><W11/><REACH who="3" step="1"/><G63/><REACH who="3" ten="346,23,401,220" step="2"/><T132/><D78/><U22/><E31/><N who="2" m="19695" /><F102/><W98/><G98/><T56/><D96/><U46/><E22/><V45/><F34/><W59/><G59/><T2/><D56/><U101/><E46/><V51/><F51/><W7/><G7/><T20/><D97/><U113/><E113/><V1/><F1/><W3/><G3/><T76/><D2/><U114/><E114/><V135/><F135/><W99/><G99/><T121/><D132/><U49/><E62/><V53/><F48/><W24/><G24/><T95/><N who="0" m="20480" /><DORA hai="89" /><T38/><D79/><U42/><E101/><RYUUKYOKU ba="1,1" sc="346,-10,23,-10,401,-10,220,30" hai3="11,14,16,32,35,44,50,54,57,61,88,90,91" /><INIT seed="3,2,1,3,1,98" ten="336,13,391,250" oya="3" hai0="20,135,114,81,52,111,42,70,29,57,9,93,69" hai1="84,23,10,115,106,40,125,129,71,55,35,121,43" hai2="50,133,38,132,73,119,24,2,134,22,102,49,32" hai3="100,112,92,51,76,101,116,11,30,44,34,28,120"/><W105/><G112/><T46/><D111/><U103/><E23/><V37/><F119/><W14/><G116/><T41/><D114/><U77/><E55/><V58/><F73/><W131/><G120/><T13/><D135/><U78/><E10/><V126/><F126/><W36/><G36/><N who="2" m="13929" /><F2/><W4/><G105/><T66/><D66/><U128/><E71/><V88/><F102/><N who="3" m="39531" /><G34/><T1/><D1/><U127/><E115/><V39/><N who="2" m="13937" /><V124/><DORA hai="108" /><F124/><W118/><G118/><T54/><D81/><U62/><E62/><V117/><F117/><W0/><G0/><T97/><D69/><U65/><E65/><V67/><F32/><W12/><G131/><T19/><D70/><U47/><E47/><V25/><F88/><W75/><G75/><T3/><D3/><U109/><E109/><V33/><F33/><W7/><G76/><T104/><D104/><U85/><E103/><V68/><F68/><W27/><G92/><T5/><D93/><U96/><E106/><V130/><F130/><W74/><G74/><T26/><D46/><U90/><E35/><V8/><F8/><N who="3" m="4103" /><G27/><N who="2" m="10313" /><F22/><W59/><G59/><T31/><D57/><U123/><E90/><V63/><AGARI ba="2,1" hai="49,50,58,63,67,132,133,134" m="10313,13937" machi="63" ten="50,1600,0" yaku="20,1" doraHai="98,108" who="2" fromWho="2" sc="336,-6,13,-6,391,32,250,-10" owari="330,13.0,7,-49.3,423,52.3,240,-16.0" /></mjloggm>