<mjloggm ver="2.3"><GO type="225" lobby="0"/><UN n0="%E3%81%BD%E3%81%A1%E3%81%9F%E3%81%93%E3%82%84" n1="%E6%97%A5%E6%9B%9C%E6%97%A5%E3%82%88%E3%82%8A%E3%81%AE%E4%BD%BF%E8%80%85" n2="%E6%A1%9C%E8%8A%B1%E9%96%83%E3%80%85" n3="%E3%81%BF%E3%81%BF%E3%81%9A" dan="17,16,16,18" rate="2230.31,2153.31,2095.79,2248.24" sx="M,M,M,M"/><TAIKYOKU oya="0"/><INIT seed="0,0,0,3,3,6" ten="250,250,250,250" oya="0" hai0="102,52,90,10,106,88,127,124,108,120,1,22,130" hai1="64,83,67,132,30,89,118,16,101,70,55,48,122" hai2="71,73,3,69,54,21,31,86,37,114,109,81,27" hai3="92,45,62,58,51,13,117,0,133,134,116,74,47"/><T111/><D120/><U112/><E122/><V107/><F114/><W29/><G0/><T126/><D130/><U77/><E118/><V9/><F109/><N who="0" m="42058" /><D22/><U72/><E30/><V79/><F107/><W66/><G74/><T68/><D68/><U95/><E112/><V128/><F128/><W97/><G29/><T61/><D102/><U12/><E70/><V63/><F86/><W42/><G13/><T46/><D106/><U43/><E43/><V98/><F98/><W65/><G65/><T11/><D1/><U121/><E101/><V20/><F20/><W38/><G92/><T26/><D26/><U50/><E121/><V5/><REACH who="2" step="1"/><F37/><REACH who="2" ten="250,250,240,250" step="2"/><W56/><G97/><T104/><D104/><U85/><E132/><N who="3" m="50794" /><G58/><AGARI ba="0,1" hai="3,5,9,21,27,31,54,58,63,69,71,73,79,81" machi="58" ten="40,2600,0" yaku="1,1,52,1,53,0" doraHai="6" doraHaiUra="129" who="2" fromWho="3" sc="250,0,250,0,240,36,250,-26" /><INIT seed="1,0,0,0,0,88" ten="250,250,276,224" oya="1" hai0="95,26,30,92,7,21,115,100,113,44,93,78,119" hai1="87,118,120,32,102,11,47,134,104,103,49,84,74" hai2="112,73,55,1,81,54,64,107,99,15,40,67,91" hai3="69,50,80,66,46,101,117,70,57,36,135,106,27"/><U110/><E32/><V45/><F1/><W37/><G106/><T60/><D119/><U124/><E118/><V116/><F116/><W59/><G101/><N who="1" m="38410" /><E74/><V56/><F112/><W5/><G80/><T86/><D100/><U3/><E3/><V24/><F107/><W17/><G17/><T111/><D111/><U77/><E120/><V97/><F15/><W89/><G89/><T58/><D7/><U109/><E104/><V83/><F24/><W76/><G76/><T94/><D44/><U34/><E34/><V28/><F28/><W52/><G27/><T63/><D63/><U98/><E98/><V22/><F22/><W20/><G20/><T122/><D122/><U51/><E124/><V108/><F55/><W33/><G5/><T23/><D23/><U8/><E134/><V29/><F29/><W130/><G33/><T121/><D121/><U12/><E77/><V75/><F99/><W72/><G72/><T14/><D14/><U19/><E11/><V79/><F108/><N who="1" m="41577" /><E49/><N who="2" m="26791" /><F75/><W53/><G117/><T65/><N who="0" m="23552" /><DORA hai="9" /><T90/><REACH who="0" step="1"/><D78/><REACH who="0" ten="240,250,276,224" step="2"/><U35/><E35/><V18/><F97/><W2/><G2/><T129/><D129/><U132/><E132/><V62/><F79/><W125/><G135/><T38/><D38/><N who="3" m="14953" /><G130/><T43/><D43/><AGARI ba="0,1" hai="8,12,19,43,47,51,84,87" m="41577,38410" machi="43" ten="30,5800,0" yaku="14,1,10,1,52,1" doraHai="88,9" who="1" fromWho="0" sc="240,-58,250,68,276,0,224,0" /><INIT seed="1,1,0,5,3,87" ten="182,318,276,224" oya="1" hai0="0,103,110,99,19,56,80,32,4,109,39,61,44" hai1="84,97,11,18,98,88,42,76,101,2,102,100,37" hai2="54,129,21,72,52,115,113,9,7,14,91,73,69" hai3="55,10,28,92,133,31,90,134,66,95,29,45,49"/><U67/><E67/><V46/><F129/><W12/><G66/><T47/><D32/><U78/><E42/><V81/><F69/><W128/><G128/><T105/><D0/><U125/><E37/><V89/><F21/><W79/><G79/><N who="1" m="30250" /><E2/><V65/><F65/><W116/><G116/><T131/><D4/><U94/><E125/><V27/><F27/><W74/><G74/><N who="2" m="28777" /><F81/><W13/><G95/><T58/><D131/><U96/><E18/><V6/><F6/><W43/><G43/><T111/><D39/><U59/><E59/><V35/><F35/><W38/><G38/><T51/><D80/><N who="1" m="49159" /><E11/><V3/><F3/><W117/><G117/><T85/><D85/><U1/><E1/><V107/><F107/><W124/><G124/><T114/><D114/><N who="2" m="43530" /><F54/><W57/><G57/><T120/><D120/><U127/><E127/><V22/><F22/><W40/><G55/><N who="0" m="31871" /><D19/><U130/><E130/><V20/><F20/><W24/><G24/><T17/><D17/><U15/><E15/><V108/><F46/><W5/><REACH who="3" step="1"/><G12/><REACH who="3" ten="182,318,276,214" step="2"/><T121/><D121/><U106/><E106/><V77/><F14/><W86/><AGARI ba="1,1" hai="5,10,13,28,29,31,40,45,49,86,90,92,133,134" machi="86" ten="30,12000,2" yaku="1,1,2,1,0,1,52,1,53,3" doraHai="87" doraHaiUra="26" who="3" fromWho="3" sc="182,-31,318,-61,276,-31,214,133" /><INIT seed="2,0,0,2,5,30" ten="151,257,245,347" oya="2" hai0="51,126,101,105,81,109,20,69,9,66,61,111,83" hai1="125,135,10,16,80,6,89,93,88,18,84,28,100" hai2="113,57,124,13,77,63,8,73,106,78,120,21,104" hai3="123,128,72,24,59,79,47,121,42,67,122,108,52"/><V43/><F113/><W85/><G72/><T34/><D126/><U130/><E125/><V131/><F124/><W60/><G24/><T132/><D132/><U116/><E116/><V40/><F120/><W33/><G33/><T12/><D20/><U27/><E135/><V4/><F131/><W55/><G79/><N who="2" m="30217" /><F106/><W133/><G85/><T65/><D65/><U68/><E100/><V53/><F104/><W37/><G133/><T107/><D51/><U32/><E68/><V99/><F73/><W86/><G86/><T17/><D34/><U103/><E103/><V119/><F119/><W110/><G128/><T91/><D107/><U11/><E130/><V97/><F21/><W50/><G55/><T70/><D70/><AGARI ba="0,0" hai="37,42,47,50,52,59,60,67,70,108,110,121,122,123" machi="70" ten="40,12000,2" yaku="24,2,34,3,54,1" doraHai="30" who="3" fromWho="0" sc="151,-120,257,0,245,0,347,120" /><INIT seed="3,0,0,5,1,51" ten="31,257,245,467" oya="3" hai0="134,50,23,24,40,18,86,113,22,121,83,58,0" hai1="72,57,73,12,123,25,20,124,13,60,130,31,81" hai2="66,19,17,82,101,89,29,114,43,120,59,85,104" hai3="64,132,76,3,79,55,95,117,1,74,54,62,39"/><W63/><G117/><T38/><D121/><U26/><E123/><V10/><F120/><W77/><G74/><T49/><D0/><U41/><E73/><V45/><F114/><W6/><G6/><T103/><D134/><U84/><E72/><V106/><F29/><W100/><G39/><T111/><D111/><U21/><E41/><V44/><F101/><W34/><G34/><T108/><D108/><U97/><E97/><V2/><F2/><W71/><G132/><T99/><D113/><U33/><E33/><V135/><F135/><W78/><G78/><T52/><D38/><U133/><E124/><V109/><F109/><W61/><G64/><T7/><D7/><U75/><E75/><V27/><F106/><W28/><G28/><T118/><D118/><U42/><E42/><V5/><F104/><W90/><G100/><T112/><D112/><U93/><E93/><V46/><F43/><W56/><G71/><T8/><D8/><U105/><E105/><V129/><F129/><W4/><G4/><T16/><D40/><U9/><E9/><V35/><F35/><W131/><G131/><T11/><D11/><U15/><E130/><V14/><F27/><N who="1" m="10249" /><E31/><V32/><F32/><W30/><G30/><T96/><D103/><U122/><E122/><V119/><F119/><W128/><G128/><T98/><D22/><N who="1" m="8811" /><E133/><V110/><F110/><W65/><G1/><T69/><D69/><U37/><E37/><V102/><F102/><W68/><G3/><T48/><REACH who="0" step="1"/><D18/><REACH who="0" ten="21,257,245,467" step="2"/><U126/><E126/><V116/><F116/><W125/><G68/><T88/><AGARI ba="0,1" hai="16,23,24,48,49,50,52,58,83,86,88,96,98,99" machi="88" ten="30,16000,3" yaku="1,1,2,1,5,1,0,1,8,1,52,1,54,3,53,0" doraHai="51" doraHaiUra="67" who="0" fromWho="0" sc="21,170,257,-40,245,-40,467,-80" owari="191,-30.9,217,1.7,205,-19.5,387,48.7" /></mjloggm>