<mjloggm ver="2.3"><GO type="225" lobby="0"/><UN n0="%E7%B4%94%E6%BD%94%E3%83%94%E3%83%A9%E3%83%8B%E3%82%A2" n1="%6B%69%72%61%64%6F%6B%69" n2="%E3%82%BC%E3%83%AB%E3%83%80%E3%81%AE%E4%BC%9D%E8%AA%AC" n3="%E3%81%BF%E3%81%BF%E3%81%9A" dan="17,16,17,17" rate="2236.16,2162.25,2151.39,2186.12" sx="M,M,M,M"/><TAIKYOKU oya="0"/><INIT seed="0,0,0,1,3,97" ten="250,250,250,250" oya="0" hai0="31,44,95,106,59,78,38,93,120,2,96,81,55" hai1="121,91,80,118,128,40,30,16,33,72,37,131,123" hai2="134,29,113,114,82,10,83,0,133,14,85,58,13" hai3="127,109,63,135,47,67,76,71,130,104,66,65,49"/><T87/><D120/><N who="1" m="46155" /><E91/><V32/><F58/><W11/><G109/><T111/><D2/><U64/><E64/><V35/><F85/><W132/><G127/><T36/><D111/><U84/><E84/><V116/><F0/><W3/><G76/><T98/><D31/><U39/><E16/><N who="2" m="8247" /><F83/><W5/><G104/><T75/><D106/><U69/><E118/><V107/><F82/><W90/><G90/><T6/><D6/><U68/><E30/><V27/><F107/><W8/><G130/><N who="1" m="49706" /><E33/><N who="2" m="12875" /><F116/><W70/><G8/><T117/><D117/><U48/><E48/><V100/><F14/><W115/><G115/><N who="2" m="44041" /><F100/><W105/><G105/><T20/><D87/><U45/><E80/><V89/><F89/><W94/><G94/><T57/><D81/><U101/><E72/><V9/><F9/><W4/><G4/><T77/><D20/><AGARI ba="0,0" hai="20,27,29,133,134" m="44041,12875,8247" machi="20" ten="30,3900,0" yaku="34,2,54,1" doraHai="97" who="2" fromWho="0" sc="250,-39,250,0,250,39,250,0" /><INIT seed="1,0,0,1,2,57" ten="211,250,289,250" oya="1" hai0="58,75,62,41,114,33,21,135,85,7,36,26,76" hai1="120,100,48,30,98,103,73,2,119,81,65,52,107" hai2="134,55,128,67,70,1,49,23,97,88,42,113,111" hai3="77,71,44,39,25,123,60,133,31,9,91,16,5"/><U101/><E119/><V50/><F1/><W89/><G123/><T34/><D114/><U54/><E120/><V92/><F113/><W118/><G118/><T99/><D75/><U56/><E2/><V14/><F111/><W78/><G133/><T94/><D135/><U84/><E73/><V20/><F134/><W0/><G39/><T37/><D7/><U104/><E65/><V29/><F128/><W66/><G44/><T12/><D12/><U130/><E130/><V53/><F70/><W17/><G89/><T40/><D37/><U95/><E30/><V122/><F122/><W117/><G117/><T22/><D22/><U83/><E83/><V72/><F72/><W116/><G91/><N who="0" m="55775" /><D36/><U82/><E82/><V129/><F67/><W15/><G116/><T4/><D4/><U74/><E74/><V19/><F129/><W93/><G93/><T11/><D11/><U110/><E110/><V69/><F69/><W47/><G47/><T24/><D24/><U18/><E18/><V10/><F42/><W43/><G43/><T32/><D32/><U96/><E54/><N who="2" m="20491" /><F23/><N who="3" m="11679" /><G17/><N who="0" m="12591" /><D33/><AGARI ba="0,0" hai="0,5,9,25,31,33,60,66,71,77,78" m="11679" machi="33" ten="30,3900,0" yaku="24,1,52,1,54,1" doraHai="57" who="3" fromWho="0" sc="211,-39,250,0,289,0,250,39" /><INIT seed="2,0,0,2,1,90" ten="172,250,289,289" oya="2" hai0="6,55,121,21,78,132,87,133,81,74,19,70,3" hai1="48,131,126,43,42,53,128,98,38,94,88,68,91" hai2="63,110,61,10,5,13,9,46,123,114,76,118,41" hai3="92,33,112,12,29,26,52,58,105,122,23,47,22"/><V80/><F114/><W95/><G105/><T64/><D121/><U45/><E68/><V111/><F118/><W62/><G122/><T129/><D129/><N who="1" m="49739" /><E126/><V75/><F123/><W36/><G112/><T14/><D55/><U100/><E42/><V56/><F10/><W2/><G2/><T51/><D51/><U125/><E125/><V72/><F72/><W20/><REACH who="3" step="1"/><G12/><REACH who="3" ten="172,250,289,279" step="2"/><T71/><D3/><U25/><E25/><V109/><REACH who="2" step="1"/><F56/><AGARI ba="0,1" hai="38,43,45,48,53,56,88,91,94,98,100" m="49739" machi="56" ten="30,3900,0" yaku="19,1,52,1,54,1" doraHai="90" who="1" fromWho="2" sc="172,0,250,49,289,-39,279,0" /><INIT seed="3,0,0,4,3,46" ten="172,299,250,279" oya="3" hai0="24,107,119,8,95,98,68,133,86,84,26,76,0" hai1="87,124,117,42,127,112,14,32,115,28,89,40,74" hai2="27,36,10,35,20,60,11,77,66,105,34,31,121" hai3="69,62,44,125,29,63,1,116,48,104,130,126,33"/><W88/><G116/><T67/><D119/><U70/><E74/><V122/><F36/><W13/><G1/><T132/><D107/><U85/><E70/><V99/><F77/><W129/><G104/><T9/><D68/><U114/><E117/><V100/><F20/><W64/><G62/><T83/><D67/><U21/><E32/><V81/><F81/><W18/><G88/><N who="0" m="53639" /><D0/><U45/><E40/><V49/><F49/><W54/><G29/><T51/><D98/><U58/><E58/><V57/><REACH who="2" step="1"/><F35/><REACH who="2" ten="172,299,240,279" step="2"/><W109/><G33/><T43/><D133/><U47/><E114/><V113/><F113/><W120/><G120/><AGARI ba="0,1" hai="10,11,27,31,34,57,60,66,99,100,105,120,121,122" machi="120" ten="40,2600,0" yaku="1,1,13,1,53,0" doraHai="46" doraHaiUra="110" who="2" fromWho="3" sc="172,0,299,0,240,36,279,-26" /><INIT seed="4,0,0,0,3,132" ten="172,299,276,253" oya="0" hai0="68,83,86,120,108,91,49,75,126,45,95,32,16" hai1="53,117,129,71,128,13,10,18,23,52,131,38,99" hai2="37,21,46,82,30,25,17,4,115,114,11,5,116" hai3="59,12,60,106,1,127,44,26,22,41,76,61,81"/><T67/><D120/><U133/><E133/><V119/><F82/><W2/><G106/><T20/><D32/><U74/><E117/><N who="2" m="45131" /><F46/><W100/><G100/><T55/><D108/><U63/><E74/><V96/><F96/><W54/><G12/><T84/><D75/><U93/><E38/><V58/><F58/><W8/><G61/><T130/><D130/><U43/><E43/><V36/><F36/><W88/><G127/><T24/><D126/><U51/><E51/><V42/><F42/><W121/><G8/><T56/><D68/><U112/><E112/><N who="2" m="43051" /><F37/><W0/><G121/><T29/><D29/><U65/><E10/><V33/><F11/><W28/><G76/><T35/><D35/><U14/><E14/><AGARI ba="0,0" hai="4,5,14,17,21,25,30,33" m="43051,45131" machi="14" ten="30,7700,0" yaku="12,1,15,1,34,2" doraHai="132" who="2" fromWho="1" sc="172,0,299,-77,276,77,253,0" owari="172,-32.8,222,-17.8,353,45.3,253,5.3" /></mjloggm>