<mjloggm ver="2.3"><GO type="225" lobby="0"/><UN n0="%E3%81%95%E3%81%8D%E3%81%9F%E3%81%BE%E6%9E%97%E6%AA%8E" n1="%72%61%6B%33" n2="%E6%9D%B1%E9%A2%A8%E3%81%AE%E3%81%8D%E3%82%83%E3%81%B7%E3%81%95%E3%82%93" n3="%70%68%65%6E%6F%6D%65" dan="16,16,16,16" rate="2114.43,2138.13,2129.21,2170.61" sx="M,M,M,M"/><TAIKYOKU oya="0"/><INIT seed="0,0,0,0,2,107" ten="250,250,250,250" oya="0" hai0="115,103,83,88,57,28,119,58,4,93,16,123,72" hai1="71,31,73,95,36,117,68,84,98,20,111,49,69" hai2="66,134,14,54,130,106,42,112,43,132,77,46,11" hai3="62,67,94,127,82,3,110,18,50,78,21,34,53"/><T131/><D115/><U52/><E36/><V126/><F106/><W109/><G34/><T44/><D119/><U47/><E117/><V27/><F112/><W51/><G3/><T86/><D123/><U65/><E111/><N who="3" m="42506" /><G94/><T45/><D28/><U8/><E84/><V105/><F105/><W12/><G53/><T81/><D4/><U26/><E8/><V9/><F66/><W40/><G40/><N who="2" m="15401" /><F27/><W10/><G21/><T13/><D72/><U56/><E73/><V48/><F77/><W99/><G99/><N who="0" m="59887" /><D131/><U59/><REACH who="1" step="1"/><E65/><REACH who="1" ten="250,240,250,250" step="2"/><V63/><F130/><W118/><G118/><T113/><D113/><U5/><E5/><N who="2" m="3375" /><F11/><W102/><G127/><T129/><D129/><U133/><E133/><N who="2" m="51307" /><F63/><W92/><G62/><T23/><D83/><U116/><E116/><V87/><F87/><W64/><G67/><T89/><D89/><AGARI ba="0,1" hai="20,26,31,47,49,52,56,59,68,69,71,89,95,98" machi="89" ten="40,2600,0" yaku="1,1,54,1,53,0" doraHai="107" doraHaiUra="30" who="1" fromWho="0" sc="250,-26,240,36,250,0,250,0" /><INIT seed="1,0,0,2,5,8" ten="224,276,250,250" oya="1" hai0="134,113,125,75,31,43,129,107,58,80,123,117,52" hai1="29,66,89,50,128,94,104,72,108,55,14,59,2" hai2="127,88,131,115,38,49,26,110,73,63,76,1,45" hai3="102,85,126,98,47,71,96,6,35,10,78,46,27"/><U119/><E119/><V56/><F1/><W81/><G126/><T15/><D113/><U25/><E2/><V118/><F118/><W54/><G71/><T130/><D117/><U13/><E104/><V101/><F38/><W68/><G68/><T0/><D0/><U37/><E37/><V95/><F101/><W22/><G35/><T9/><D125/><U23/><E72/><V106/><F106/><W57/><G47/><T19/><D107/><U109/><E66/><V48/><F127/><W40/><G46/><T65/><D65/><U100/><E100/><V103/><F103/><W120/><G40/><T114/><D114/><U7/><E7/><V132/><F115/><W51/><G102/><T44/><D134/><U87/><E128/><N who="0" m="49257" /><D31/><U91/><E91/><V20/><F110/><AGARI ba="0,0" hai="13,14,23,25,29,50,55,59,87,89,94,108,109,110" machi="110" ten="40,12000,1" yaku="14,1,10,1,52,2" doraHai="8" who="1" fromWho="2" sc="224,0,276,120,250,-120,250,0" /><INIT seed="1,1,0,3,2,80" ten="224,396,130,250" oya="1" hai0="119,27,101,120,39,12,90,0,50,15,31,132,46" hai1="26,115,121,35,33,25,91,127,10,105,110,104,24" hai2="5,62,112,97,70,30,75,38,82,126,49,128,65" hai3="131,44,37,86,93,107,45,124,130,17,78,40,125"/><U48/><E115/><V51/><F38/><W3/><G107/><T58/><D119/><U79/><E121/><V76/><F112/><W66/><G3/><T41/><D120/><U109/><E79/><V114/><F114/><W122/><G122/><T81/><D0/><U60/><E48/><V135/><F135/><W2/><G2/><T118/><D132/><U106/><E127/><N who="3" m="48714" /><G66/><T1/><D118/><U89/><E60/><V111/><F126/><W85/><G17/><T117/><D117/><U98/><E10/><V88/><F111/><N who="1" m="42505" /><E98/><V63/><F128/><N who="3" m="49195" /><G78/><T36/><D36/><U83/><E83/><V4/><F30/><W20/><G93/><T68/><D81/><U100/><E100/><V99/><F62/><W72/><G72/><T59/><D101/><U103/><E103/><V77/><F77/><W74/><G74/><T47/><D39/><U92/><E92/><V116/><F116/><W32/><G44/><T19/><D47/><U71/><E71/><V73/><F73/><W55/><G37/><T95/><D68/><U42/><E42/><V57/><F99/><W8/><G40/><T13/><D1/><U102/><E102/><V28/><F70/><W69/><G8/><T16/><D59/><U53/><E53/><V43/><F43/><W108/><G69/><T23/><D58/><U11/><E11/><V84/><F97/><AGARI ba="1,0" hai="12,13,15,16,19,23,27,31,41,46,50,90,95,97" machi="97" ten="40,2600,0" yaku="8,1,54,1" doraHai="80" who="0" fromWho="2" sc="224,29,396,0,130,-29,250,0" /><INIT seed="2,0,0,1,5,82" ten="253,396,101,250" oya="2" hai0="120,125,134,112,80,63,46,9,129,126,2,7,99" hai1="53,109,62,97,36,124,90,127,45,60,59,54,20" hai2="86,35,65,74,28,72,113,121,8,100,111,24,116" hai3="110,84,38,107,66,57,37,91,32,75,51,10,87"/><V79/><F121/><W26/><G75/><T71/><D120/><U132/><E109/><V89/><F116/><W23/><G32/><T49/><D112/><U11/><E132/><V55/><F113/><W33/><G33/><T128/><D99/><U70/><E11/><V105/><F111/><W31/><G107/><T21/><D21/><U12/><E12/><V98/><F65/><W114/><G114/><T101/><D101/><U44/><E20/><V73/><F55/><N who="3" m="31999" /><G37/><T88/><D71/><U50/><E97/><V94/><REACH who="2" step="1"/><F8/><REACH who="2" ten="253,396,91,250" step="2"/><W117/><G117/><T17/><D9/><U48/><E54/><V19/><F19/><W93/><G110/><T22/><D17/><U58/><E53/><V43/><F43/><W25/><G66/><T130/><D130/><U85/><E127/><V34/><F34/><W40/><G40/><T104/><D129/><U95/><E124/><V122/><F122/><W123/><G123/><T27/><D128/><U133/><E133/><V13/><F13/><W5/><G10/><T102/><D134/><U56/><E62/><V30/><F30/><W96/><G5/><T118/><D63/><U92/><E60/><V52/><F52/><W76/><G26/><T0/><D27/><U83/><E45/><V106/><F106/><W39/><G31/><T131/><D104/><U119/><E44/><V115/><F115/><W78/><G25/><T3/><D118/><U81/><E119/><V103/><F103/><W18/><G18/><T68/><D125/><U1/><E1/><V41/><F41/><W69/><G69/><T67/><D126/><RYUUKYOKU ba="0,1" sc="253,-10,396,-10,91,30,250,-10" hai2="24,28,35,72,73,74,79,86,89,94,98,100,105" /><INIT seed="2,1,1,2,3,75" ten="243,386,121,240" oya="2" hai0="16,49,59,68,82,72,100,40,42,132,21,7,89" hai1="74,19,79,18,96,70,130,39,69,128,106,120,85" hai2="71,98,0,11,6,99,33,36,81,105,112,54,131" hai3="86,90,113,129,2,10,93,12,1,108,83,3,13"/><V38/><F112/><W32/><G32/><T77/><D68/><N who="1" m="26219" /><E85/><V73/><F54/><W116/><G116/><T43/><D132/><U28/><E28/><V15/><F15/><W58/><G108/><T76/><D72/><U24/><E24/><V14/><F14/><W27/><G129/><N who="1" m="49770" /><E39/><N who="2" m="14891" /><F98/><W64/><G113/><T4/><D100/><N who="1" m="62727" /><E120/><V87/><F87/><W92/><G13/><N who="0" m="9359" /><D82/><AGARI ba="1,1" hai="18,19,74,79,82" m="62727,49770,26219" machi="82" ten="30,2000,0" yaku="19,1,52,1" doraHai="75" who="1" fromWho="0" sc="243,-23,386,33,121,0,240,0" /><INIT seed="3,0,0,1,5,32" ten="220,419,121,240" oya="3" hai0="96,42,3,64,80,36,74,50,56,51,127,55,11" hai1="81,93,115,47,8,135,119,107,12,88,105,58,43" hai2="67,4,134,14,130,121,106,29,62,95,124,25,125" hai3="16,41,99,132,112,24,57,128,27,82,0,69,21"/><W17/><G112/><T116/><D116/><U70/><E70/><V5/><F106/><W133/><G69/><T103/><D127/><N who="2" m="48714" /><F95/><W113/><G113/><T2/><D36/><U60/><E135/><N who="3" m="51786" /><G41/><T90/><D74/><U101/><E81/><V63/><F134/><W6/><G128/><T72/><D72/><U59/><E59/><V31/><F67/><W87/><G57/><T44/><D64/><U117/><E101/><V46/><F46/><W123/><G99/><T114/><D114/><U94/><E12/><V85/><F85/><W9/><G24/><T20/><D20/><U39/><E8/><V37/><F37/><W54/><G17/><T22/><D22/><U110/><E115/><V65/><F65/><W77/><G54/><T38/><D38/><U122/><E39/><V97/><F97/><W40/><G40/><T78/><D11/><U86/><E43/><V79/><F79/><W91/><G77/><T68/><D68/><U75/><E47/><V111/><F130/><W92/><G92/><T1/><D78/><U100/><E93/><V52/><F52/><W28/><G28/><N who="2" m="10825" /><F121/><AGARI ba="0,0" hai="0,6,9,16,21,27,82,87,91,121,123" m="51786" machi="121" ten="30,5800,0" yaku="20,1,52,1,54,1" doraHai="32" who="3" fromWho="2" sc="220,0,419,0,121,-58,240,58" /><INIT seed="3,1,0,0,0,11" ten="220,419,63,298" oya="3" hai0="112,70,18,62,37,85,41,90,132,69,47,46,32" hai1="80,82,77,35,68,20,101,3,113,102,71,30,27" hai2="93,73,116,36,51,29,94,79,87,54,109,56,9" hai3="23,13,115,33,8,57,5,119,42,64,114,96,17"/><W55/><G119/><T26/><D132/><U91/><E113/><V38/><F116/><W134/><G134/><T4/><D112/><U0/><E20/><V43/><F109/><W129/><G129/><T107/><D107/><U89/><E27/><V67/><F73/><W58/><G33/><T44/><D4/><U49/><E49/><V48/><F29/><W84/><G42/><T117/><D117/><U52/><E52/><V128/><F128/><W127/><G127/><T92/><D32/><U63/><E63/><V126/><F126/><W6/><G96/><T66/><D70/><U88/><E30/><V122/><F122/><W31/><G115/><T40/><D40/><U105/><E77/><V15/><F38/><W14/><G114/><T24/><D24/><U95/><E95/><V83/><F36/><W75/><G75/><T106/><D106/><U103/><E105/><V39/><F39/><W97/><G97/><T34/><D34/><U60/><E60/><V21/><F21/><W78/><G64/><T131/><D131/><U53/><E53/><V1/><F67/><W121/><G121/><T22/><AGARI ba="1,0" hai="18,22,26,37,41,44,46,47,62,66,69,85,90,92" machi="22" ten="30,1100,0" yaku="0,1" doraHai="11" who="0" fromWho="0" sc="220,14,419,-4,63,-4,298,-6" owari="234,-16.6,415,51.5,59,-44.1,292,9.2" /></mjloggm>