<mjloggm ver="2.3"><GO type="225" lobby="0"/><UN n0="%E3%83%96%E3%83%83%E3%83%91%E3%82%AA%E3%83%96%E3%83%81%E3%82%AD%E3%83%B3" n1="%E5%91%A8%E6%9D%B1" n2="%E3%81%BF%E3%81%BF%E3%81%9A" n3="%E3%83%B4%E3%83%A0%EF%BC%99%E3%81%A6" dan="16,17,18,16" rate="2189.57,2200.00,2265.00,2155.11" sx="M,M,M,M"/><TAIKYOKU oya="0"/><INIT seed="0,0,0,2,1,83" ten="250,250,250,250" oya="0" hai0="97,37,43,60,14,88,96,16,91,56,106,81,35" hai1="55,92,3,126,62,33,31,45,77,108,50,8,54" hai2="15,21,61,128,99,26,29,53,11,123,104,57,18" hai3="64,114,112,24,70,34,87,80,122,67,4,107,66"/><T9/><D35/><U52/><E108/><V95/><F128/><W10/><G122/><T89/><D106/><U103/><E126/><V94/><F123/><W100/><G70/><T121/><D121/><U79/><E33/><V69/><F69/><W68/><G68/><T78/><D43/><U12/><E31/><V127/><F127/><W0/><G107/><T32/><D37/><U129/><E3/><V93/><REACH who="2" step="1"/><F104/><REACH who="2" ten="250,250,240,250" step="2"/><W42/><G100/><AGARI ba="0,1" hai="11,15,18,21,26,29,53,57,61,93,94,95,99,100" machi="100" ten="30,8000,1" yaku="1,1,2,1,7,1,8,1,53,1" doraHai="83" doraHaiUra="25" who="2" fromWho="3" sc="250,0,250,0,240,90,250,-80" /><INIT seed="1,0,0,0,5,118" ten="250,250,330,170" oya="1" hai0="107,18,77,93,1,11,74,28,97,49,39,10,14" hai1="76,42,16,116,56,12,53,64,63,48,134,0,24" hai2="2,33,115,122,113,80,43,58,92,20,110,133,51" hai3="72,19,131,117,70,124,30,85,46,45,65,120,47"/><U13/><E134/><V121/><F33/><W90/><G72/><T114/><D114/><N who="2" m="43530" /><F2/><W98/><G117/><T119/><D119/><U84/><E0/><V55/><F110/><W54/><G124/><T78/><D39/><U68/><E116/><V34/><F34/><W9/><G131/><T22/><D107/><U23/><REACH who="1" step="1"/><E42/><REACH who="1" ten="250,240,330,170" step="2"/><V129/><F133/><W57/><G30/><T7/><D74/><U86/><E86/><V75/><F129/><W91/><G98/><T106/><D106/><U25/><E25/><V21/><F43/><W135/><G135/><T60/><D1/><U50/><E50/><V82/><F92/><W62/><G85/><T41/><D93/><U81/><AGARI ba="0,1" hai="12,13,16,23,24,48,53,56,63,64,68,76,81,84" machi="81" ten="30,6000,0" yaku="1,1,0,1,54,1,53,0" doraHai="118" doraHaiUra="69" who="1" fromWho="1" sc="250,-20,240,70,330,-20,170,-20" /><INIT seed="1,1,0,1,4,128" ten="230,310,310,150" oya="1" hai0="78,64,134,11,86,5,85,58,123,115,46,32,42" hai1="65,81,0,98,22,19,10,120,63,106,92,6,66" hai2="82,18,28,124,68,121,40,112,26,83,12,24,69" hai3="70,133,54,127,135,119,60,129,71,113,75,23,55"/><U33/><E120/><V90/><F121/><W14/><G129/><T47/><D123/><U31/><E106/><V79/><F40/><W93/><G113/><T109/><D115/><U76/><E31/><V89/><F112/><W1/><G1/><T53/><D32/><U117/><E33/><V38/><F38/><W34/><G34/><T80/><D109/><U13/><E63/><V122/><F122/><W51/><G75/><T36/><D134/><N who="3" m="51209" /><G127/><T95/><D47/><U44/><E44/><V114/><F114/><W103/><G119/><T73/><D95/><U20/><E20/><V132/><F132/><W7/><G60/><T110/><D64/><U96/><E117/><V100/><F100/><W16/><G7/><T107/><D107/><U27/><E0/><V8/><F124/><W102/><G55/><T99/><D99/><U116/><E98/><V104/><F104/><W130/><G130/><T94/><D94/><U87/><REACH who="1" step="1"/><E116/><REACH who="1" ten="230,300,310,150" step="2"/><V39/><F68/><N who="3" m="26155" /><G93/><T35/><D35/><U37/><E37/><V30/><F39/><W59/><AGARI ba="1,1" hai="14,16,23,51,54,59,102,103" m="26155,51209" machi="59" ten="30,8000,1" yaku="20,1,52,3,54,1" doraHai="128" who="3" fromWho="3" sc="230,-21,300,-41,310,-21,150,93" /><INIT seed="2,0,0,5,2,40" ten="209,259,289,243" oya="2" hai0="5,14,97,78,110,7,126,15,21,117,22,63,23" hai1="49,127,116,18,84,130,56,46,95,100,47,79,36" hai2="38,132,128,57,48,34,26,0,96,93,80,60,83" hai3="2,24,53,77,131,86,61,58,85,31,113,73,1"/><V44/><F0/><W135/><G73/><T99/><D110/><U129/><E116/><V19/><F38/><W107/><G107/><T89/><D117/><U121/><E127/><V16/><F34/><W51/><G135/><T50/><D126/><U6/><E121/><V92/><F128/><N who="1" m="49257" /><E36/><V10/><F132/><W88/><G113/><T52/><D78/><U103/><E6/><N who="0" m="2057" /><D63/><U33/><E33/><V4/><F4/><W29/><G131/><T123/><D123/><U133/><E133/><V105/><F105/><W30/><G24/><T43/><D43/><U68/><E68/><V12/><F19/><W124/><G124/><T114/><D114/><U64/><E18/><V17/><F17/><W109/><G109/><T13/><D89/><N who="1" m="53671" /><E79/><V112/><F112/><W45/><G77/><T82/><D82/><N who="2" m="31274" /><F26/><W42/><REACH who="3" step="1"/><G86/><REACH who="3" ten="209,259,289,233" step="2"/><T8/><D8/><U20/><E20/><N who="0" m="5121" /><T37/><DORA hai="65" /><D37/><U39/><E39/><V66/><F96/><W87/><G87/><T111/><D111/><U75/><E75/><V90/><F90/><W104/><G104/><T67/><D67/><U70/><E64/><V118/><F118/><W74/><G74/><T28/><D28/><U41/><E103/><V122/><F122/><W120/><G120/><T91/><D91/><U134/><E100/><V54/><AGARI ba="0,1" hai="10,12,16,44,48,54,57,60,66,92,93" m="31274" machi="54" ten="30,6000,0" yaku="8,1,52,1,54,1" doraHai="40,65" who="2" fromWho="2" sc="209,-20,259,-20,289,70,233,-20" /><INIT seed="2,1,0,3,1,52" ten="189,239,359,213" oya="2" hai0="131,71,109,31,114,6,3,37,20,54,101,63,120" hai1="11,25,121,10,14,4,81,35,50,97,108,34,110" hai2="38,12,104,73,77,7,33,27,90,58,43,45,113" hai3="44,78,53,49,128,30,60,123,85,82,124,125,32"/><V16/><F113/><W107/><G123/><T106/><D120/><U76/><E121/><V98/><F7/><W55/><G107/><T96/><D114/><U126/><E126/><N who="3" m="48746" /><G128/><T117/><D131/><U23/><E97/><V1/><F1/><W13/><G13/><T67/><D117/><U132/><E50/><V134/><F134/><W88/><G78/><T93/><D109/><N who="1" m="42091" /><E132/><V48/><F73/><W99/><G99/><T36/><D106/><U80/><E11/><V75/><F77/><W40/><G60/><T92/><D93/><U9/><E9/><V130/><F75/><W26/><AGARI ba="1,0" hai="26,30,32,40,44,49,53,55,82,85,88" m="48746" machi="26" ten="30,2000,0" yaku="18,1,54,1" doraHai="52" who="3" fromWho="3" sc="189,-6,239,-6,359,-11,213,23" /><INIT seed="3,0,0,0,2,59" ten="183,233,348,236" oya="3" hai0="35,73,9,133,107,29,21,120,71,123,93,15,20" hai1="60,36,34,44,126,47,76,69,113,23,114,51,28" hai2="96,67,46,78,66,92,68,48,80,56,117,88,116" hai3="40,8,110,7,61,89,99,86,22,49,122,94,75"/><W30/><G122/><T33/><D107/><U84/><E34/><V26/><F68/><W85/><G75/><T128/><D73/><U25/><E126/><V111/><F111/><W83/><G110/><T50/><D71/><U91/><E76/><V112/><F112/><W12/><G61/><T31/><D50/><U1/><E1/><V79/><F26/><W42/><G85/><T103/><D93/><U115/><E36/><V2/><F2/><W77/><REACH who="3" step="1"/><G49/><REACH who="3" ten="183,233,348,226" step="2"/><T6/><D103/><U37/><E51/><V100/><F117/><W62/><G62/><T64/><D64/><N who="2" m="24618" /><F116/><W118/><G118/><T95/><D95/><U11/><E114/><V87/><F56/><W0/><G0/><T4/><D128/><U98/><E115/><V41/><AGARI ba="0,1" hai="41,46,48,78,79,80,87,88,92,96,100" m="24618" machi="41" ten="30,2000,0" yaku="8,1,54,1" doraHai="59" who="2" fromWho="2" sc="183,-5,233,-5,348,30,226,-10" owari="178,-32.2,228,2.8,378,47.8,216,-18.4" /></mjloggm>