<mjloggm ver="2.3"><GO type="225" lobby="0"/><UN n0="%72%69%6F%75%63%68%61%6E" n1="%E5%B6%BA%E4%B8%8A%E5%92%B2" n2="%E3%83%96%E3%83%83%E3%83%91%E3%82%AA%E3%83%96%E3%83%81%E3%82%AD%E3%83%B3" n3="%4B%2E%32%2E%4B%2E" dan="16,16,17,16" rate="2150.83,2132.90,2165.39,2175.34" sx="M,F,M,M"/><TAIKYOKU oya="0"/><INIT seed="0,0,0,3,3,11" ten="250,250,250,250" oya="0" hai0="71,95,10,108,39,64,4,107,43,17,77,74,133" hai1="135,132,94,113,70,65,92,28,12,96,119,25,134" hai2="129,80,1,126,29,9,21,45,20,47,27,66,100" hai3="130,55,68,121,76,48,31,49,18,89,85,110,91"/><T101/><D133/><U58/><E119/><V5/><F126/><W38/><G38/><T14/><D108/><U73/><E73/><V102/><F129/><W62/><G110/><T46/><D107/><U93/><E113/><V22/><F66/><W61/><G68/><T54/><D54/><U52/><E12/><V44/><REACH who="2" step="1"/><F80/><REACH who="2" ten="250,250,240,250" step="2"/><W82/><G82/><T35/><D64/><U67/><E67/><V63/><F63/><W90/><G62/><T36/><D71/><U116/><E65/><V103/><AGARI ba="0,1" hai="1,5,9,20,21,22,27,29,44,45,47,100,102,103" machi="103" ten="30,2000,0" yaku="1,1,0,1,53,0" doraHai="11" doraHaiUra="105" who="2" fromWho="2" sc="250,-10,250,-5,240,30,250,-5" /><INIT seed="1,0,0,4,2,21" ten="240,245,270,245" oya="1" hai0="10,42,120,101,82,52,99,9,89,72,23,103,27" hai1="65,112,51,4,45,109,34,124,11,20,74,115,98" hai2="117,41,131,133,31,114,110,116,129,93,46,49,77" hai3="68,67,111,30,113,58,62,50,2,92,18,24,12"/><U128/><E34/><V28/><F77/><W79/><G2/><T134/><D134/><U83/><E128/><N who="2" m="49227" /><F133/><W60/><G113/><T135/><D135/><U36/><E124/><V85/><F110/><W19/><G111/><T95/><D120/><U119/><E119/><N who="2" m="45643" /><F114/><W96/><G79/><T125/><D125/><U122/><E122/><V7/><F7/><W126/><G50/><T55/><D42/><U17/><E36/><V78/><F93/><W97/><G92/><T64/><D64/><U47/><E109/><V8/><F8/><N who="0" m="3178" /><D72/><U22/><E74/><V43/><F41/><W33/><G126/><T26/><D26/><U69/><E112/><V54/><F43/><W35/><G35/><T91/><D91/><U5/><E115/><V123/><F123/><W32/><G33/><T132/><D132/><U130/><E130/><V13/><F13/><W53/><REACH who="3" step="1"/><G19/><REACH who="3" ten="240,245,270,235" step="2"/><N who="0" m="12799" /><D82/><AGARI ba="0,1" hai="28,31,46,49,54,78,82,85" m="45643,49227" machi="82" ten="30,1000,0" yaku="19,1" doraHai="21" who="2" fromWho="0" sc="240,-10,245,0,270,20,235,0" /><INIT seed="2,0,0,2,5,64" ten="230,245,290,235" oya="2" hai0="129,13,128,52,125,50,130,123,100,65,69,117,95" hai1="113,110,86,76,135,124,119,88,102,42,79,51,108" hai2="18,39,0,9,126,77,78,106,45,94,107,57,20" hai3="37,53,48,111,82,10,4,104,122,46,134,83,89"/><V16/><F126/><W12/><G122/><T14/><D123/><U23/><E113/><V84/><F107/><W118/><G118/><T105/><D105/><U5/><E119/><V36/><F106/><W101/><G111/><N who="1" m="42538" /><E135/><V71/><F71/><W116/><G116/><T32/><D32/><U26/><E102/><V72/><F45/><W93/><G134/><T54/><D117/><U11/><E124/><V31/><F31/><W66/><G37/><T1/><D1/><N who="1" m="431" /><E51/><V59/><F72/><W15/><G15/><N who="0" m="5643" /><D125/><U85/><E42/><V61/><F39/><W68/><G101/><T47/><D54/><U133/><E133/><V131/><F0/><W29/><G29/><T114/><D114/><U92/><E86/><V17/><F84/><W35/><G104/><T115/><D115/><U55/><E55/><V38/><F38/><W21/><G35/><T112/><D112/><U30/><AGARI ba="0,0" hai="23,26,30,76,79,85,88,92" m="431,42538" machi="30" ten="30,2000,0" yaku="14,1,54,1" doraHai="64" who="1" fromWho="1" sc="230,-5,245,20,290,-10,235,-5" /><INIT seed="3,0,0,2,5,118" ten="225,265,280,230" oya="3" hai0="65,29,5,96,134,75,90,32,119,74,19,120,92" hai1="44,9,110,28,82,26,77,22,132,108,115,105,63" hai2="135,4,124,56,21,114,12,17,78,112,69,126,102" hai3="116,30,73,52,125,38,15,35,7,129,58,59,128"/><W33/><G116/><T130/><D119/><U24/><E115/><V94/><F69/><W34/><G73/><T8/><D130/><N who="3" m="50281" /><G38/><T60/><D134/><U40/><E105/><V46/><F135/><W101/><G125/><N who="2" m="48233" /><F78/><W10/><G101/><T88/><D120/><U49/><E132/><V79/><F79/><W81/><G81/><T13/><D90/><U67/><E9/><V37/><F102/><W42/><G42/><T11/><D29/><U23/><E67/><V27/><F94/><W80/><G80/><T117/><D32/><U25/><E63/><V62/><F37/><W76/><G76/><T41/><D41/><U95/><E95/><V121/><F121/><W18/><G30/><T61/><D117/><U39/><E39/><V91/><F91/><W83/><G83/><T6/><D60/><U84/><REACH who="1" step="1"/><E28/><REACH who="1" ten="225,255,280,230" step="2"/><V87/><F62/><N who="3" m="36167" /><G59/><T99/><D61/><U70/><E70/><V31/><F56/><W36/><G36/><T100/><D65/><U20/><AGARI ba="0,1" hai="20,22,23,24,25,26,40,44,49,77,82,84,108,110" machi="20" ten="40,2700,0" yaku="1,1,0,1,53,0" doraHai="118" doraHaiUra="103" who="1" fromWho="1" sc="225,-7,255,37,280,-7,230,-13" /><INIT seed="4,0,0,0,1,63" ten="218,292,273,217" oya="0" hai0="59,21,27,52,123,13,43,31,66,11,50,9,91" hai1="134,4,132,14,130,84,35,34,17,30,88,98,1" hai2="37,45,69,111,20,109,74,10,55,49,100,38,108" hai3="70,42,127,58,0,96,8,16,46,101,135,3,51"/><T65/><D123/><U113/><E130/><V79/><F100/><W36/><G127/><T61/><D91/><U71/><E71/><V57/><F20/><W33/><G135/><N who="1" m="51754" /><E113/><V22/><F22/><W83/><G33/><T23/><D23/><N who="1" m="11703" /><E98/><V124/><F10/><N who="0" m="3594" /><D13/><U53/><E53/><N who="2" m="29871" /><F79/><W117/><G70/><T68/><D68/><U6/><E1/><V2/><F74/><W122/><G117/><T110/><D110/><N who="2" m="28162" /><V5/><DORA hai="126" /><F5/><N who="1" m="2153" /><E30/><V64/><F2/><W82/><G3/><T106/><D106/><U26/><E26/><V128/><F128/><W95/><G0/><T105/><D105/><U97/><E97/><V7/><F7/><W47/><G122/><T62/><D62/><U86/><E86/><V112/><F112/><W120/><G120/><T81/><D81/><AGARI ba="0,0" hai="34,35,81,84,88" m="2153,11703,51754" machi="81" ten="30,2000,0" yaku="20,1,54,1" doraHai="63,126" who="1" fromWho="0" sc="218,-20,292,20,273,0,217,0" owari="198,-30.2,312,41.2,273,7.3,217,-18.3" /></mjloggm>