<mjloggm ver="2.3"><GO type="225" lobby="0"/><UN n0="%E3%83%A9%E3%82%A4%E3%83%B3%E3%81%AE%E8%99%8E" n1="%6E%69%63%6F%6E%74%6F" n2="%E6%98%BC%E4%B8%8B%E3%81%8C%E3%82%8A%E3%81%AE%E5%9B%A3%E5%9C%B0%E5%A6%BB" n3="%77%72%77%72%77%72%77%72" dan="16,16,16,17" rate="2137.08,2149.29,2138.98,2150.68" sx="M,M,F,M"/><TAIKYOKU oya="0"/><INIT seed="0,0,0,0,2,129" ten="250,250,250,250" oya="0" hai0="98,77,89,58,84,134,9,90,101,16,111,106,96" hai1="8,14,103,15,118,3,59,50,4,51,78,122,75" hai2="44,69,40,86,41,94,127,32,46,63,26,13,25" hai3="22,76,33,100,88,30,124,47,60,121,18,72,5"/><T135/><D111/><U53/><E122/><V82/><F127/><W95/><G124/><T31/><D31/><U11/><E118/><V12/><F94/><W115/><G115/><T37/><D37/><U109/><E109/><V35/><F69/><W83/><G121/><T74/><D58/><U126/><E126/><V92/><F92/><W85/><G5/><T10/><D74/><U128/><E103/><V108/><F63/><W119/><G119/><T49/><D49/><U55/><E128/><V19/><F108/><W24/><G47/><T45/><D45/><U34/><E34/><V68/><F68/><W117/><G117/><T57/><D57/><U54/><E3/><V2/><F2/><W0/><G0/><T131/><D131/><U132/><E132/><N who="0" m="50729" /><D96/><U17/><E59/><V80/><F86/><W66/><G100/><T43/><D43/><U28/><E28/><V116/><F116/><W23/><REACH who="3" step="1"/><G18/><AGARI ba="0,0" hai="12,13,18,19,25,26,32,35,40,41,44,46,80,82" machi="18" ten="25,1600,0" yaku="22,2" doraHai="129" who="2" fromWho="3" sc="250,0,250,0,250,16,250,-16" /><INIT seed="1,0,0,5,4,46" ten="250,250,266,234" oya="1" hai0="120,44,49,122,88,90,127,114,91,27,55,4,112" hai1="69,3,99,40,25,87,131,81,20,23,26,45,109" hai2="98,85,5,14,84,24,89,8,62,34,53,1,2" hai3="116,113,58,47,115,125,123,111,15,92,134,59,117"/><U104/><E69/><V64/><F98/><W63/><G92/><T103/><D127/><U31/><E3/><V133/><F133/><W22/><G22/><T78/><D78/><U66/><E131/><V96/><F96/><W10/><G125/><T82/><D82/><U76/><E109/><V124/><F124/><W28/><G28/><T135/><D135/><U9/><E9/><V18/><F53/><W79/><G134/><T52/><D4/><U128/><E66/><V71/><F85/><W94/><G79/><T6/><D6/><U65/><E65/><V74/><F74/><W12/><G94/><T54/><D27/><U19/><E128/><V37/><F37/><W41/><G123/><N who="0" m="47147" /><D103/><U61/><E61/><V93/><REACH who="2" step="1"/><F5/><REACH who="2" ten="250,250,256,234" step="2"/><W33/><G41/><AGARI ba="0,1" hai="41,44,49,52,54,55,88,90,91,112,114" m="47147" machi="41" ten="40,8000,1" yaku="13,1,52,1,54,2" doraHai="46" who="0" fromWho="3" sc="250,90,250,0,256,0,234,-80" /><INIT seed="2,0,0,5,5,75" ten="340,250,256,154" oya="2" hai0="15,6,93,81,78,25,8,128,129,65,125,135,31" hai1="35,30,58,28,121,84,115,126,99,32,88,118,17" hai2="66,95,68,12,41,20,70,83,29,117,96,38,105" hai3="103,113,22,85,100,50,131,56,57,4,51,39,19"/><V45/><F117/><W9/><G131/><N who="0" m="50251" /><D125/><U0/><E115/><V37/><F105/><W132/><G132/><T120/><D135/><U54/><E118/><V107/><F107/><W42/><G113/><T119/><D119/><U18/><E0/><V80/><F38/><W5/><G39/><T98/><D65/><U77/><E121/><V16/><F29/><N who="1" m="11369" /><E35/><V59/><F59/><W101/><G101/><BYE who="3" /><N who="0" m="60623" /><D120/><U69/><E69/><V79/><F66/><W72/><G72/><N who="0" m="43207" /><D31/><UN n3="%77%72%77%72%77%72%77%72" /><U64/><E32/><V40/><F40/><W122/><G122/><T109/><D25/><U90/><E64/><V48/><F37/><W82/><G42/><T53/><D53/><U89/><E126/><V52/><F41/><W73/><G73/><T87/><D87/><U1/><E1/><V94/><F94/><W13/><G85/><T24/><D24/><U97/><E97/><V2/><F2/><W62/><G82/><T124/><D124/><U67/><E99/><V106/><F106/><W44/><G62/><T7/><D109/><U33/><E33/><V21/><F83/><W47/><G13/><T60/><D60/><N who="1" m="35927" /><E67/><V49/><F68/><W127/><G127/><T112/><D112/><U74/><E74/><V104/><F70/><W26/><G26/><T111/><D111/><U11/><E11/><N who="2" m="6175" /><F104/><W108/><G9/><T86/><D86/><U133/><E133/><V63/><F63/><W61/><G61/><T110/><D110/><U55/><E55/><V43/><F43/><W102/><G108/><T3/><D3/><U123/><E123/><V10/><F52/><W114/><G114/><RYUUKYOKU ba="0,0" sc="340,15,250,15,256,-15,154,-15" hai0="6,7,8,15" hai1="17,18,77,84,88,89,90" /><INIT seed="3,1,0,0,1,47" ten="355,265,241,139" oya="3" hai0="27,58,11,17,112,90,132,49,4,95,130,86,59" hai1="10,93,30,108,62,15,114,92,68,32,54,23,67" hai2="98,73,87,18,82,96,42,120,88,74,84,123,37" hai3="105,35,115,78,100,94,111,12,81,65,135,125,89"/><W71/><G115/><T44/><D112/><U116/><E108/><V85/><F37/><W7/><G35/><T104/><D104/><U124/><E114/><V61/><F42/><W122/><G122/><N who="2" m="46633" /><F61/><W33/><G33/><T131/><D132/><U38/><E38/><V76/><F18/><W83/><G135/><T75/><D75/><N who="2" m="28682" /><F84/><W126/><G111/><T110/><D110/><U1/><E124/><N who="3" m="47722" /><G100/><T50/><D17/><N who="1" m="10687" /><E54/><V34/><F34/><W45/><G105/><T60/><D27/><N who="1" m="18527" /><E116/><V97/><F97/><N who="3" m="57551" /><G45/><T118/><D44/><U80/><E80/><AGARI ba="1,0" hai="76,80,82,85,87,88,96,98" m="28682,46633" machi="80" ten="30,7700,0" yaku="13,1,34,2,54,1" doraHai="47" who="2" fromWho="1" sc="355,0,265,-80,241,80,139,0" owari="355,45.5,185,-21.5,321,12.1,139,-36.1" /></mjloggm>