<mjloggm ver="2.3"><GO type="225" lobby="0"/><UN n0="%E7%9A%AE%E3%80%85" n1="%6C%65%74%69%74%62%65" n2="%E3%81%8B%E3%82%8F%E3%81%A1%E3%82%83%E3%82%93%35%38" n3="%E3%81%BF%E3%81%BF%E3%81%9A" dan="16,16,16,17" rate="2132.57,2118.90,2157.25,2180.31" sx="F,M,M,M"/><TAIKYOKU oya="0"/><INIT seed="0,0,0,2,2,128" ten="250,250,250,250" oya="0" hai0="95,83,52,127,131,122,105,106,132,89,98,104,2" hai1="9,108,47,13,114,27,72,29,100,57,80,124,7" hai2="60,85,11,38,123,129,66,88,45,8,116,130,1" hai3="53,36,51,34,15,110,68,54,26,97,135,59,65"/><T10/><D122/><U5/><E108/><V134/><F123/><W69/><G36/><T86/><D131/><N who="2" m="50186" /><F1/><W41/><G110/><T4/><D127/><U39/><E124/><V6/><F116/><W90/><G41/><T119/><D119/><U79/><E114/><V121/><F121/><W3/><G3/><T21/><D21/><U77/><E77/><V37/><F134/><W46/><G65/><T96/><D132/><U120/><E100/><V101/><F101/><W71/><G135/><T49/><REACH who="0" step="1"/><D83/><REACH who="0" ten="240,250,250,250" step="2"/><U82/><E80/><N who="2" m="49191" /><F45/><AGARI ba="0,1" hai="2,4,10,45,49,52,86,89,95,96,98,104,105,106" machi="45" ten="40,3900,0" yaku="1,1,54,1,53,0" doraHai="128" doraHaiUra="61" who="0" fromWho="2" sc="240,49,250,0,250,-39,250,0" /><INIT seed="0,1,0,1,1,107" ten="289,250,211,250" oya="0" hai0="88,24,18,51,119,14,0,42,67,95,1,53,91" hai1="76,74,26,99,57,35,83,59,8,71,108,52,34" hai2="84,129,47,105,124,98,110,61,11,134,96,93,22" hai3="118,21,115,60,126,33,89,41,128,92,54,56,79"/><T23/><D119/><U4/><E71/><V77/><F110/><W78/><G115/><T66/><D42/><U113/><E108/><V3/><F124/><W6/><G118/><T13/><D0/><U82/><E113/><V114/><F114/><W97/><G33/><T131/><D1/><U12/><E26/><V132/><F129/><W45/><G128/><T36/><D36/><U28/><E28/><V44/><F105/><W103/><G126/><T7/><D131/><U37/><E37/><V87/><F22/><W102/><G6/><T111/><D111/><U63/><E99/><V106/><F106/><W70/><G70/><T10/><D24/><U121/><E121/><V62/><F3/><W46/><G46/><N who="0" m="27895" /><D91/><U16/><E82/><V120/><F93/><W125/><G125/><T75/><D75/><U127/><E127/><V5/><F77/><N who="3" m="29195" /><G21/><T86/><AGARI ba="1,0" hai="7,10,13,14,18,23,66,67,86,88,95" m="27895" machi="86" ten="30,3000,0" yaku="8,1,54,1" doraHai="107" who="0" fromWho="0" sc="289,33,250,-11,211,-11,250,-11" /><INIT seed="0,2,0,4,3,0" ten="322,239,200,239" oya="0" hai0="61,119,106,74,12,91,28,108,26,43,50,101,21" hai1="128,94,2,67,118,24,121,58,5,40,27,46,7" hai2="60,45,82,34,109,100,104,86,39,15,123,129,62" hai3="16,107,4,38,126,132,130,22,56,55,113,36,110"/><T51/><D74/><U89/><E118/><V37/><F123/><W33/><G113/><T124/><D119/><U102/><E121/><V69/><F34/><W134/><G107/><T52/><D124/><U116/><E116/><V83/><F109/><W32/><G126/><T96/><D108/><U13/><E2/><V11/><F129/><W75/><G75/><T53/><D43/><U1/><E1/><V84/><F104/><W31/><G110/><T47/><D61/><N who="1" m="38327" /><E102/><V125/><F100/><W105/><G4/><N who="1" m="1610" /><E13/><V79/><F125/><W41/><G105/><T25/><D12/><U92/><E128/><V95/><F69/><W81/><G130/><T114/><D114/><U54/><E40/><V14/><F11/><W120/><G120/><T72/><D72/><U65/><E65/><V19/><F39/><W23/><G41/><T76/><D25/><N who="1" m="9803" /><E89/><N who="2" m="53671" /><F14/><N who="3" m="9495" /><G36/><T48/><D91/><U64/><E64/><V44/><F37/><W103/><G38/><T133/><D133/><U8/><E8/><V63/><F15/><W59/><G103/><T97/><D101/><U9/><E9/><V35/><F35/><W88/><G33/><T57/><D106/><U135/><E135/><N who="3" m="51754" /><G32/><T115/><D115/><U78/><E78/><N who="2" m="46423" /><F19/><W71/><G71/><T112/><D112/><U93/><E93/><V70/><F70/><W10/><G10/><T17/><D17/><U117/><E117/><V3/><F3/><W18/><G18/><T20/><D76/><U111/><E111/><V77/><F77/><W87/><G55/><T73/><D53/><U122/><E122/><V49/><F49/><AGARI ba="2,0" hai="46,49,54,92,94" m="9803,1610,38327" machi="49" ten="30,8000,1" yaku="6,1,8,1,52,3" doraHai="0" who="1" fromWho="2" sc="322,0,239,86,200,-86,239,0" /><INIT seed="1,0,0,5,2,127" ten="322,325,114,239" oya="1" hai0="117,50,48,123,25,75,92,122,32,2,38,8,97" hai1="78,80,83,132,101,121,53,66,52,36,68,45,11" hai2="57,119,28,42,131,114,58,31,46,14,98,77,33" hai3="65,10,133,105,86,19,61,91,16,125,124,3,100"/><U6/><E121/><N who="0" m="46089" /><D75/><U84/><E132/><V95/><F119/><W15/><G133/><T81/><D38/><U54/><E101/><V129/><F77/><W120/><G120/><T76/><D117/><U88/><E68/><V90/><F114/><W47/><G3/><T103/><D81/><U94/><E66/><V134/><F134/><W63/><G47/><T109/><D76/><U1/><REACH who="1" step="1"/><E78/><REACH who="1" ten="322,315,114,239" step="2"/><V99/><F99/><W49/><G100/><T56/><D103/><U22/><E22/><V89/><F89/><W27/><G105/><T18/><D32/><U74/><E74/><V87/><F98/><W71/><G125/><T93/><D97/><U41/><AGARI ba="0,1" hai="1,6,11,36,41,45,52,53,54,80,83,84,88,94" machi="41" ten="30,11700,0" yaku="1,1,0,1,54,2,53,0" doraHai="127" doraHaiUra="73" who="1" fromWho="1" sc="322,-39,315,127,114,-39,239,-39" /><INIT seed="1,1,0,3,5,53" ten="283,442,75,200" oya="1" hai0="103,16,20,83,74,38,60,36,6,32,84,79,116" hai1="88,89,98,130,121,15,59,99,40,61,112,69,39" hai2="35,97,111,87,17,55,12,105,10,77,93,14,29" hai3="8,44,41,76,68,129,67,58,70,102,85,80,4"/><U73/><E112/><V110/><F105/><W72/><G129/><T31/><D116/><U5/><E121/><V71/><F71/><W94/><G102/><T132/><D132/><U24/><E69/><V26/><F55/><W42/><G42/><T13/><D74/><U133/><E73/><V81/><REACH who="2" step="1"/><F12/><REACH who="2" ten="283,442,65,200" step="2"/><W126/><G126/><T11/><D13/><U119/><E15/><V117/><F117/><W28/><G70/><T30/><D38/><U65/><E39/><V125/><F125/><W90/><G68/><T106/><D36/><U134/><E119/><V124/><F124/><W54/><G67/><T64/><D64/><U0/><E133/><V82/><F82/><W18/><G54/><T3/><D106/><U49/><E134/><V21/><F21/><W75/><G80/><T46/><D83/><U57/><E65/><V48/><F48/><W100/><G41/><T96/><D60/><U52/><E40/><V104/><F104/><W33/><G33/><T45/><D32/><U107/><E107/><V114/><F114/><W50/><G50/><T37/><D37/><U22/><E61/><V47/><F47/><W115/><G44/><T23/><D46/><U135/><E135/><V123/><F123/><W25/><G115/><T56/><D45/><U34/><E34/><V122/><F122/><W109/><G109/><T120/><D120/><U128/><E49/><V63/><F63/><W78/><G8/><T95/><D11/><U127/><E127/><V92/><F92/><W91/><G94/><T113/><D95/><U7/><E52/><V19/><F19/><RYUUKYOKU ba="1,1" sc="283,-10,442,-10,65,30,200,-10" hai2="10,14,17,26,29,35,77,81,87,93,97,110,111" /><INIT seed="2,2,1,4,1,3" ten="273,432,95,190" oya="2" hai0="73,114,43,9,108,82,12,86,44,54,111,100,53" hai1="7,21,126,80,46,57,104,4,72,13,6,123,129" hai2="60,94,88,45,68,110,132,33,130,95,97,76,96" hai3="127,83,92,47,8,128,113,30,19,102,48,78,64"/><V133/><F33/><W75/><G127/><T25/><D73/><U41/><E104/><V90/><F130/><W131/><G113/><T70/><D70/><U115/><E115/><V71/><F110/><N who="0" m="42026" /><D114/><U101/><E101/><V117/><F117/><W24/><G64/><T69/><D100/><U2/><E57/><V10/><F76/><W1/><G102/><T122/><D25/><U5/><E126/><V125/><F125/><W79/><G92/><T16/><D69/><U107/><E107/><V28/><F28/><W0/><G79/><N who="0" m="46431" /><D122/><U49/><E72/><V38/><F10/><W35/><G19/><T84/><D84/><U74/><E74/><V50/><F38/><AGARI ba="2,1" hai="9,12,16,38,43,44,53,54" m="46431,42026" machi="38" ten="30,2000,0" yaku="14,1,54,1" doraHai="3" who="0" fromWho="2" sc="273,36,432,0,95,-26,190,0" /><INIT seed="3,0,0,4,5,97" ten="309,432,69,190" oya="3" hai0="70,48,18,107,28,47,79,54,61,12,15,87,66" hai1="63,37,105,27,128,86,17,34,111,101,122,84,127" hai2="36,91,93,32,55,59,78,102,95,57,94,68,85" hai3="80,67,3,50,24,8,14,81,126,52,5,103,83"/><W82/><G126/><T39/><D107/><U56/><E122/><V75/><F68/><W23/><G67/><T110/><D110/><U118/><E37/><V109/><F32/><W49/><G49/><T64/><D64/><U20/><E34/><V53/><F36/><W120/><G120/><T114/><D114/><U1/><E1/><V99/><F109/><W124/><G124/><T58/><D28/><U77/><E77/><V108/><F108/><W43/><G43/><T62/><D62/><U42/><E42/><V10/><F10/><W96/><G3/><T19/><D87/><U16/><E111/><V9/><F9/><W76/><G24/><T88/><D79/><U71/><E128/><V4/><F4/><W41/><G41/><N who="0" m="22975" /><D88/><U44/><E71/><V40/><F40/><W31/><G31/><T125/><D125/><U35/><E17/><AGARI ba="0,0" hai="12,15,17,18,19,48,54,58,61,66,70" m="22975" machi="17" ten="30,1000,0" yaku="24,1" doraHai="97" who="0" fromWho="1" sc="309,10,432,-10,69,0,190,0" owari="319,11.9,422,52.2,69,-43.1,190,-21.0" /></mjloggm>