<mjloggm ver="2.3"><GO type="225" lobby="0"/><UN n0="%E5%B8%86%E7%AB%8B%E5%A4%8F%E8%A1%A3" n1="%E3%82%A4%E3%83%BC%E3%82%B1%E3%83%97%E3%83%A9" n2="%EF%BC%AE%EF%BC%A1%EF%BC%AF%33%33%39" n3="%E6%98%93%E5%88%A9%E8%96%A9%E4%BC%AF" dan="17,17,16,17" rate="2162.53,2223.13,2108.40,2137.59" sx="M,M,M,F"/><TAIKYOKU oya="0"/><INIT seed="0,0,0,4,2,90" ten="250,250,250,250" oya="0" hai0="43,70,64,110,59,31,48,72,4,76,133,67,124" hai1="54,112,95,18,115,33,56,7,65,34,26,58,114" hai2="37,55,89,88,68,77,14,127,13,120,84,27,92" hai3="78,44,36,123,94,60,11,2,103,73,29,17,66"/><T108/><D4/><U91/><E7/><V16/><F120/><W62/><G123/><T53/><D31/><U63/><E18/><V41/><F68/><W69/><G60/><N who="0" m="40199" /><D76/><U38/><E38/><V111/><F41/><N who="3" m="22567" /><G17/><T129/><D72/><U24/><E34/><V28/><F37/><W23/><G23/><T118/><D118/><U61/><REACH who="1" step="1"/><E33/><REACH who="1" ten="250,240,250,250" step="2"/><V132/><F16/><W130/><G29/><T39/><D129/><U107/><E107/><V35/><F28/><W57/><G130/><T1/><D1/><U6/><E6/><V113/><F35/><W128/><G128/><T30/><D30/><U131/><E131/><V5/><F5/><W50/><G2/><T81/><D133/><U0/><E0/><V25/><F132/><W80/><G11/><T9/><D9/><U22/><E22/><V105/><F105/><W47/><G73/><T3/><D3/><U51/><E51/><V97/><F14/><W101/><G50/><T85/><D124/><U74/><E74/><V134/><F127/><W135/><G135/><T122/><D122/><U98/><AGARI ba="0,1" hai="24,26,54,56,58,61,63,65,91,95,98,112,114,115" machi="98" ten="30,8000,1" yaku="1,1,0,1,11,1,52,1,53,1" doraHai="90" doraHaiUra="87" who="1" fromWho="1" sc="250,-40,240,90,250,-20,250,-20" /><INIT seed="1,0,0,2,4,110" ten="210,330,230,230" oya="1" hai0="53,82,100,58,10,35,31,0,123,46,88,120,134" hai1="102,115,18,42,128,32,38,33,94,11,127,104,26" hai2="77,54,57,93,112,131,19,90,80,71,73,13,84" hai3="91,107,7,43,105,16,17,25,29,83,49,9,66"/><U65/><E104/><V62/><F131/><W135/><G135/><T75/><D100/><U118/><E118/><V74/><F71/><W40/><G105/><T20/><D35/><U69/><E128/><V8/><REACH who="2" step="1"/><F112/><REACH who="2" ten="210,330,220,230" step="2"/><W116/><G116/><T3/><D134/><U103/><E115/><V130/><F130/><W111/><G111/><T64/><D123/><U60/><E127/><V124/><F124/><W4/><G107/><T95/><D120/><U67/><E33/><V5/><F5/><W132/><G7/><T22/><D0/><U72/><E32/><V92/><F92/><W81/><G132/><T121/><D3/><U14/><E94/><V59/><F59/><W78/><G4/><T98/><D121/><U96/><E69/><V47/><F47/><W89/><G78/><T125/><D125/><U55/><E103/><V101/><F101/><W109/><G109/><T34/><D46/><U117/><E102/><V56/><F56/><W76/><G76/><T2/><D2/><U15/><E117/><V37/><F37/><W126/><G126/><T12/><D34/><U63/><E38/><V41/><F41/><W1/><G1/><T119/><D119/><U21/><E42/><V113/><F113/><W68/><G68/><T27/><D58/><U45/><E45/><V61/><F61/><W87/><G43/><T99/><D95/><U50/><E63/><V39/><F39/><W51/><G40/><T28/><D88/><U30/><E60/><V24/><F24/><W133/><G133/><T129/><D129/><U86/><E26/><V36/><F36/><RYUUKYOKU ba="0,1" sc="210,-10,330,-10,220,30,230,-10" hai2="8,13,19,54,57,62,73,74,77,80,84,90,93" /><INIT seed="2,1,1,5,0,92" ten="200,320,250,220" oya="2" hai0="101,24,43,111,41,21,58,64,36,12,105,93,112" hai1="42,66,119,68,128,90,104,100,114,87,106,130,33" hai2="99,108,132,46,40,45,73,78,37,11,51,124,0" hai3="123,14,23,1,57,80,62,86,109,61,3,29,95"/><V127/><F132/><W85/><G123/><T67/><D112/><U32/><E114/><V129/><F129/><N who="1" m="49769" /><E119/><V79/><F108/><W56/><G109/><T91/><D111/><U107/><E42/><N who="0" m="15881" /><D105/><U125/><E125/><N who="2" m="48203" /><F73/><W18/><G29/><N who="0" m="17551" /><D36/><U49/><E49/><V98/><F0/><W6/><G6/><T76/><D76/><N who="2" m="29226" /><F11/><W52/><G95/><T8/><D58/><U74/><E74/><V50/><F46/><W54/><G86/><N who="0" m="52471" /><D101/><U120/><E100/><V97/><AGARI ba="1,1" hai="37,40,45,50,51,97,98,99" m="29226,48203" machi="97" ten="40,12000,1" yaku="18,1,52,3" doraHai="92" who="2" fromWho="2" sc="200,-41,320,-41,250,133,220,-41" /><INIT seed="2,2,0,1,1,110" ten="159,279,383,179" oya="2" hai0="26,15,92,86,36,31,85,131,117,118,76,33,68" hai1="13,3,134,101,112,123,93,5,91,65,79,81,84" hai2="111,70,120,83,22,77,124,6,57,61,49,62,29" hai3="8,126,51,63,103,135,30,41,75,37,16,10,97"/><V53/><F120/><W11/><G37/><T106/><D106/><U32/><E32/><V90/><F70/><W80/><G135/><T74/><D68/><U73/><E134/><V59/><F6/><W95/><G30/><T94/><D36/><U45/><E123/><V119/><F119/><N who="0" m="45578" /><D131/><U130/><E130/><V116/><F116/><W25/><G126/><T48/><D48/><U64/><E3/><V1/><F1/><W121/><G63/><T107/><D107/><U39/><E112/><V129/><F129/><W52/><G41/><T27/><D27/><U100/><E39/><V105/><F105/><W60/><G60/><T43/><D43/><U128/><E45/><V87/><F124/><W55/><G121/><T28/><D28/><U18/><E5/><V7/><F7/><W78/><REACH who="3" step="1"/><G51/><REACH who="3" ten="159,279,383,169" step="2"/><T98/><D15/><U72/><E128/><V9/><F49/><W113/><G113/><T132/><D132/><U115/><E115/><V19/><F29/><W56/><G56/><T54/><D54/><U23/><E65/><V47/><F59/><W17/><G17/><T114/><D114/><U35/><E64/><V12/><F61/><W34/><G34/><T109/><D109/><U102/><REACH who="1" step="1"/><E35/><REACH who="1" ten="159,269,383,169" step="2"/><V104/><F111/><W2/><G2/><T133/><D133/><U40/><E40/><V38/><F38/><W50/><G50/><T96/><D33/><U42/><E42/><V21/><F47/><W58/><G58/><T67/><D67/><U89/><E89/><V88/><F90/><W44/><G44/><T46/><D46/><U108/><E108/><RYUUKYOKU ba="2,2" sc="159,-15,269,15,383,-15,169,15" hai1="13,18,23,72,73,79,81,84,91,93,100,101,102" hai3="8,10,11,16,25,52,55,75,78,80,95,97,103" /><INIT seed="3,3,2,4,0,90" ten="144,284,368,184" oya="3" hai0="28,115,131,27,71,59,124,37,73,106,88,7,107" hai1="5,36,19,110,81,105,65,126,31,39,63,116,97" hai2="6,104,121,58,13,102,92,62,117,44,42,125,21" hai3="18,25,22,48,57,100,101,1,69,85,33,84,29"/><W93/><G69/><T128/><D71/><U91/><E110/><V99/><F117/><W82/><G1/><T78/><D37/><U118/><E126/><V49/><F125/><W23/><G33/><T3/><D124/><U98/><E5/><V35/><F35/><W17/><G23/><N who="0" m="15487" /><D115/><U26/><E19/><N who="3" m="7178" /><G93/><T67/><D78/><U103/><E81/><V50/><F121/><W94/><G94/><T53/><D73/><U24/><E91/><V47/><F104/><W108/><G108/><T70/><D70/><N who="1" m="42303" /><E98/><V111/><F111/><W68/><G68/><T120/><D120/><U52/><E52/><N who="2" m="34119" /><F21/><W2/><G2/><T132/><D67/><U10/><E10/><N who="2" m="4311" /><F50/><W130/><G130/><N who="0" m="49707" /><D88/><U11/><E11/><V51/><F51/><W77/><G85/><T41/><D41/><U72/><E72/><V16/><F16/><W43/><G43/><T122/><D122/><U95/><E95/><V96/><F96/><W4/><G48/><N who="0" m="31143" /><D132/><U79/><E79/><V129/><F129/><W40/><G40/><T9/><AGARI ba="3,2" hai="3,7,9,106,107" m="31143,49707,15487" machi="9" ten="30,1100,0" yaku="19,1" doraHai="90" who="0" fromWho="0" sc="144,40,284,-6,368,-6,184,-8" owari="184,-21.6,278,7.8,362,46.2,176,-32.4" /></mjloggm>