<mjloggm ver="2.3"><GO type="225" lobby="0"/><UN n0="%E9%A6%AC%E5%BC%95%E7%81%AB%33" n1="%E6%A1%9C%E8%8A%B1%E9%96%83%E3%80%85" n2="%E6%98%93%E5%88%A9%E8%96%A9%E4%BC%AF" n3="%E7%99%BD%E5%80%89%E5%AF%9B%E4%B9%8B" dan="16,16,17,16" rate="2121.98,2106.34,2159.96,2146.52" sx="M,M,F,M"/><TAIKYOKU oya="0"/><INIT seed="0,0,0,0,4,47" ten="250,250,250,250" oya="0" hai0="69,4,28,14,114,7,102,88,57,119,34,103,65" hai1="80,40,31,104,26,71,64,133,91,23,82,12,99" hai2="124,90,81,46,10,49,0,52,35,98,105,70,29" hai3="75,67,9,55,44,36,13,134,76,121,38,33,89"/><T107/><D119/><U79/><E133/><V109/><F109/><W43/><G33/><T84/><D114/><U132/><E132/><V83/><F70/><W21/><G134/><T130/><D69/><U3/><E3/><V135/><F135/><W15/><G121/><T128/><D34/><U63/><E40/><V131/><F124/><W16/><G67/><T96/><D103/><U126/><E126/><V78/><F131/><N who="0" m="50218" /><D28/><U6/><E91/><V122/><F122/><W50/><G89/><T22/><D22/><U125/><E125/><V11/><F0/><W39/><G76/><T48/><D14/><U115/><E115/><V30/><F105/><W116/><G75/><T32/><D32/><N who="1" m="20599" /><E79/><V72/><F30/><W111/><G111/><T20/><D20/><U106/><E106/><V108/><F108/><W56/><REACH who="3" step="1"/><G116/><REACH who="3" ten="250,250,250,240" step="2"/><T60/><D48/><U101/><E80/><AGARI ba="0,1" hai="4,7,57,60,65,80,84,88,96,102,107" m="50218" machi="80" ten="30,2900,0" yaku="19,1,54,1" doraHai="47" who="0" fromWho="1" sc="250,39,250,-29,250,0,240,0" /><INIT seed="0,1,0,2,1,45" ten="289,221,250,240" oya="0" hai0="116,21,0,8,47,57,89,18,34,30,101,63,77" hai1="31,126,86,52,133,23,100,79,93,7,2,94,10" hai2="78,36,69,13,107,22,26,117,4,81,103,98,35" hai3="48,58,83,118,113,1,28,112,91,73,51,114,129"/><T5/><D116/><U27/><E133/><V119/><F36/><W11/><G118/><T16/><D101/><U72/><E126/><V49/><F69/><W44/><G129/><T17/><D77/><U110/><E110/><V25/><F35/><W64/><G28/><T15/><D47/><U20/><E72/><V19/><F26/><W37/><G64/><T29/><D89/><U124/><E124/><V68/><F68/><W128/><G58/><T74/><D74/><U61/><E23/><V40/><F40/><N who="3" m="22543" /><G91/><T66/><D30/><U46/><E100/><V33/><F49/><N who="3" m="19019" /><G128/><T55/><D66/><U134/><E61/><V70/><F70/><W90/><G90/><T50/><D63/><U97/><E97/><V122/><F33/><W135/><G135/><T42/><D42/><U53/><E134/><V54/><F54/><W56/><G56/><T109/><D109/><U12/><E46/><V87/><F117/><W105/><G105/><T39/><D39/><U59/><E53/><V121/><F119/><W65/><G65/><T41/><D41/><U99/><E99/><V67/><F67/><W80/><G73/><T120/><D18/><N who="1" m="10311" /><E52/><V127/><F127/><W84/><G84/><T130/><D17/><U60/><E59/><V108/><F108/><W125/><G125/><T9/><D9/><U38/><E38/><V102/><F102/><W104/><G104/><T3/><D130/><U71/><E71/><V76/><F76/><W96/><G96/><T85/><D85/><U14/><E79/><V115/><F115/><N who="3" m="29443" /><W106/><DORA hai="132" /><G106/><T95/><D57/><RYUUKYOKU ba="1,0" sc="289,-15,221,-15,250,15,240,15" hai2="4,13,19,22,25,78,81,87,98,103,107,121,122" hai3="1,11,80,83" /><INIT seed="1,2,0,0,1,65" ten="274,206,265,255" oya="1" hai0="78,114,79,121,99,127,11,108,43,38,120,122,49" hai1="123,85,112,67,13,25,98,68,131,102,21,9,62" hai2="10,77,14,61,64,81,58,52,132,69,89,27,71" hai3="15,100,116,115,40,94,101,93,117,22,88,29,74"/><U3/><E112/><V53/><F132/><W7/><G74/><T70/><D114/><U1/><E131/><V57/><F89/><W17/><G115/><T59/><D108/><U125/><E125/><V96/><F96/><N who="3" m="57383" /><G94/><T6/><D127/><U5/><E85/><V72/><F27/><N who="3" m="16631" /><G40/><T83/><D70/><U26/><E123/><V55/><REACH who="2" step="1"/><F58/><REACH who="2" ten="274,206,255,255" step="2"/><W109/><G109/><T16/><D59/><U4/><E26/><V12/><F12/><W126/><G126/><T0/><D99/><U86/><E5/><AGARI ba="2,1" hai="5,10,14,52,53,55,57,61,64,69,71,72,77,81" machi="5" ten="40,8000,1" yaku="1,1,52,2,54,1,53,0" doraHai="65" doraHaiUra="18" who="2" fromWho="1" sc="274,0,206,-86,255,96,255,0" /><INIT seed="2,0,0,1,1,84" ten="274,120,351,255" oya="2" hai0="43,119,62,121,98,61,109,99,127,122,59,54,69" hai1="113,107,81,74,133,102,48,105,106,20,57,11,87" hai2="4,10,18,90,75,83,29,41,35,17,89,60,88" hai3="58,123,16,94,93,73,124,63,129,34,108,76,8"/><V26/><F41/><W15/><G34/><T52/><D109/><U125/><E113/><V110/><F110/><W112/><G108/><T117/><D127/><U71/><E71/><V30/><F30/><W13/><G123/><T114/><D43/><U64/><E125/><V0/><REACH who="2" step="1"/><F60/><REACH who="2" ten="274,120,341,255" step="2"/><W115/><G124/><T79/><D114/><U49/><E49/><V111/><F111/><W40/><G115/><T47/><D122/><U25/><E48/><V23/><F23/><W22/><G40/><T21/><D121/><U3/><E20/><V53/><F53/><W130/><G112/><T77/><D21/><U103/><E64/><V24/><F24/><W32/><G32/><T120/><D120/><U12/><E25/><V33/><F33/><W85/><G130/><T31/><D31/><U5/><E107/><V38/><F38/><W101/><G129/><T68/><D59/><U118/><E57/><V72/><F72/><W28/><G73/><T104/><D104/><U97/><E74/><V37/><F37/><W92/><G28/><T56/><D56/><U100/><E106/><V39/><F39/><W126/><G126/><T42/><D42/><U19/><E118/><V36/><F36/><W91/><G58/><T128/><D128/><U132/><E132/><V82/><F82/><N who="3" m="47303" /><G63/><T9/><D9/><N who="1" m="2239" /><E133/><V67/><F67/><W66/><G66/><T46/><AGARI ba="0,1" hai="46,47,52,54,61,62,68,69,77,79,98,99,117,119" machi="46" ten="25,6400,0" yaku="0,1,22,2,54,1" doraHai="84" who="0" fromWho="0" sc="274,74,120,-16,341,-32,255,-16" /><INIT seed="3,0,0,4,3,46" ten="348,104,309,239" oya="3" hai0="1,16,15,68,35,114,37,131,72,92,0,26,133" hai1="70,29,54,55,103,44,82,2,56,83,27,119,63" hai2="12,34,32,71,22,14,58,73,60,75,45,66,80" hai3="118,43,106,62,105,109,47,122,11,36,7,52,28"/><W20/><G118/><T74/><D37/><U115/><E115/><V110/><F110/><W8/><G122/><T85/><D68/><U50/><E119/><V135/><F135/><W125/><G109/><T88/><D133/><U94/><E2/><V21/><F71/><W64/><G125/><T6/><D114/><U69/><E69/><V95/><F95/><W51/><G28/><N who="0" m="19863" /><D1/><U57/><E70/><V129/><F129/><W77/><G20/><N who="0" m="11295" /><D131/><U13/><E13/><V78/><F75/><W31/><G31/><T120/><D120/><U10/><E10/><AGARI ba="0,0" hai="0,6,10,72,74,85,88,92" m="11295,19863" machi="10" ten="30,3900,0" yaku="24,1,54,2" doraHai="46" who="0" fromWho="1" sc="348,39,104,-39,309,0,239,0" owari="387,48.7,65,-43.5,309,10.9,239,-16.1" /></mjloggm>