<mjloggm ver="2.3"><GO type="225" lobby="0"/><UN n0="%E7%89%B9%E6%9D%B1%E3%81%AF%E4%B8%96%E7%95%8C%E3%82%92%E6%95%91%E3%81%86" n1="%E3%81%90%E3%81%A1%E3%82%84%E3%81%BE" n2="%E3%80%90%E3%83%88%E3%83%AA%E3%83%A5%E3%83%95%E3%80%91" n3="%E6%98%93%E5%88%A9%E8%96%A9%E4%BC%AF" dan="16,16,16,16" rate="2148.90,2121.04,2092.43,2118.23" sx="M,M,M,F"/><TAIKYOKU oya="0"/><INIT seed="0,0,0,4,0,44" ten="250,250,250,250" oya="0" hai0="48,92,66,23,13,57,132,122,107,83,97,33,67" hai1="108,115,49,114,125,3,84,82,93,4,124,12,135" hai2="32,98,8,14,5,54,26,1,116,110,28,52,76" hai3="51,47,112,120,123,59,19,11,22,29,64,37,86"/><T90/><D122/><N who="3" m="46633" /><G112/><N who="1" m="43050" /><E3/><V69/><F110/><W18/><G37/><T77/><D132/><U118/><E118/><V133/><F116/><W117/><G117/><T10/><D33/><U62/><E135/><V45/><F133/><W36/><G36/><T43/><D23/><U2/><E2/><V9/><F69/><W113/><G113/><T58/><D107/><U73/><E62/><V25/><F76/><W105/><G105/><T35/><D35/><U0/><E0/><V30/><F45/><W39/><G39/><T31/><D31/><U16/><E4/><V111/><F98/><W53/><G11/><T70/><D70/><U72/><E93/><V79/><F79/><W7/><G7/><T126/><D126/><N who="1" m="48747" /><E49/><V102/><F111/><W94/><G64/><T100/><D67/><U89/><E108/><V41/><F1/><W34/><G47/><N who="0" m="25727" /><D100/><U15/><E15/><V91/><F102/><W74/><G34/><T85/><D66/><U121/><E121/><V130/><F32/><W81/><G29/><T63/><D63/><U17/><E17/><AGARI ba="0,0" hai="10,13,17,57,58,77,83,85,90,92,97" m="25727" machi="17" ten="30,2900,0" yaku="8,1,52,1" doraHai="44" who="0" fromWho="1" sc="250,29,250,-29,250,0,250,0" /><INIT seed="0,1,0,5,1,14" ten="279,221,250,250" oya="0" hai0="1,123,45,6,21,86,112,56,74,40,37,88,108" hai1="121,30,34,104,36,133,41,59,89,107,25,120,87" hai2="98,57,4,43,27,122,111,55,128,68,73,115,113" hai3="28,71,97,81,117,18,64,35,119,101,61,99,38"/><T54/><D112/><U19/><E133/><V95/><F111/><W39/><G81/><T16/><D123/><U2/><E2/><V22/><F68/><W11/><G99/><T33/><D33/><U3/><E3/><V79/><F122/><W70/><G70/><T15/><D74/><U130/><E130/><V126/><F43/><W31/><G31/><T134/><D134/><U23/><E121/><V66/><F66/><W91/><G91/><T92/><D108/><U105/><E120/><V82/><F4/><W24/><G18/><T90/><D90/><U48/><E36/><V0/><F0/><W83/><G11/><T12/><D1/><U10/><E10/><V51/><F128/><W5/><G83/><T53/><D6/><U49/><E59/><V7/><F7/><W67/><G67/><T80/><D12/><U17/><E41/><V118/><F118/><N who="3" m="45067" /><G5/><T106/><D106/><AGARI ba="1,0" hai="24,28,35,38,39,61,64,71,97,101,106" m="45067" machi="106" ten="30,2000,0" yaku="25,1,23,1" doraHai="14" who="3" fromWho="0" sc="279,-23,221,0,250,0,250,23" /><INIT seed="1,0,0,5,2,32" ten="256,221,250,273" oya="1" hai0="12,71,64,56,8,135,90,21,10,80,4,128,66" hai1="18,57,124,15,97,22,74,114,81,83,117,69,65" hai2="16,94,106,113,61,60,39,40,134,118,99,52,79" hai3="35,86,70,76,73,58,87,121,62,24,50,89,6"/><U91/><E114/><V122/><F118/><W101/><G121/><T115/><D115/><U92/><E117/><V104/><F122/><W42/><G101/><T93/><D71/><U17/><E124/><V38/><F134/><W1/><G70/><T51/><D135/><U55/><E74/><V43/><F79/><W112/><G112/><T116/><D116/><U49/><E69/><V14/><F113/><W0/><G73/><T129/><D80/><U108/><E65/><V20/><F61/><W95/><G6/><T107/><D107/><U110/><REACH who="1" step="1"/><E18/><REACH who="1" ten="256,211,250,273" step="2"/><V48/><F106/><W68/><G68/><T67/><D128/><U9/><E9/><V3/><F104/><W120/><G120/><T19/><D129/><U119/><E119/><V96/><F16/><W29/><G86/><N who="0" m="52439" /><D4/><U25/><E25/><V102/><F99/><W30/><G30/><T123/><D123/><U59/><E59/><V36/><F96/><W84/><G84/><T77/><D10/><U105/><E105/><V111/><F36/><W82/><G76/><T31/><D77/><U88/><E88/><V11/><F11/><W46/><G82/><AGARI ba="0,1" hai="15,17,22,49,55,57,81,82,83,91,92,97,108,110" machi="82" ten="40,2000,0" yaku="1,1,53,0" doraHai="32" doraHaiUra="33" who="1" fromWho="3" sc="256,0,211,30,250,0,273,-20" /><INIT seed="1,1,0,3,4,45" ten="256,241,250,253" oya="1" hai0="59,80,134,118,102,100,39,103,96,44,111,121,24" hai1="119,106,3,22,33,47,107,38,87,110,95,17,79" hai2="126,131,26,32,88,2,7,42,113,16,114,97,84" hai3="69,14,65,85,77,34,57,62,129,13,56,23,82"/><U50/><E119/><V48/><F97/><W6/><G34/><T20/><D118/><U123/><E123/><V21/><F131/><W51/><G129/><T78/><D121/><U9/><E33/><V52/><F42/><W74/><G74/><T99/><D111/><U4/><E38/><V127/><F32/><W30/><G69/><T128/><D128/><U83/><E95/><N who="2" m="54663" /><F7/><W15/><G6/><T10/><D10/><U116/><E110/><V61/><F61/><W90/><G77/><T49/><D59/><U94/><E94/><V68/><F68/><W108/><G108/><T120/><D39/><U27/><REACH who="1" step="1"/><E116/><REACH who="1" ten="256,231,250,253" step="2"/><V132/><F132/><W0/><G0/><T130/><D134/><U19/><E19/><V93/><F93/><W12/><G30/><T75/><D130/><U81/><E81/><V55/><F2/><W92/><G82/><T72/><D120/><U18/><E18/><V112/><F55/><AGARI ba="1,1" hai="3,4,9,17,22,27,47,50,55,79,83,87,106,107" machi="55" ten="30,11600,0" yaku="1,1,7,1,52,1,53,1" doraHai="45" doraHaiUra="40" who="1" fromWho="2" sc="256,0,231,129,250,-119,253,0" /><INIT seed="1,2,0,3,2,69" ten="256,360,131,253" oya="1" hai0="70,64,68,91,124,113,126,47,107,99,87,66,48" hai1="12,75,3,53,73,11,22,83,43,108,32,84,103" hai2="128,81,122,60,26,21,50,24,1,6,4,129,86" hai3="79,54,65,2,119,85,0,89,19,36,23,14,55"/><U110/><E32/><V71/><F122/><W58/><G119/><T131/><D113/><U115/><E115/><V95/><F50/><W29/><G79/><T30/><D30/><U105/><E53/><V40/><F95/><W114/><G114/><T117/><D117/><U42/><E3/><V20/><F1/><W78/><G78/><T134/><D131/><N who="2" m="50250" /><F40/><W56/><G36/><T111/><D99/><U38/><E42/><V130/><N who="2" m="50258" /><V100/><DORA hai="13" /><F100/><W88/><G29/><T28/><D48/><U37/><E43/><V96/><F96/><W16/><G65/><T82/><D66/><U34/><E103/><V10/><F60/><N who="3" m="35863" /><G2/><T121/><D121/><U135/><E105/><V27/><F71/><W51/><G0/><T44/><D70/><U93/><E93/><V120/><F120/><W112/><G112/><T63/><D63/><U49/><E49/><V92/><F92/><W45/><G45/><T35/><D44/><U109/><E38/><V52/><F52/><W132/><G132/><T39/><D134/><U125/><E37/><V94/><F94/><W90/><G19/><T118/><D47/><U62/><E135/><V15/><F4/><W67/><G67/><T17/><D64/><U74/><E62/><V97/><F97/><W61/><G61/><T77/><D39/><U18/><E109/><V7/><F7/><W123/><G123/><T5/><D111/><U33/><E108/><V133/><F133/><W8/><G85/><T25/><D68/><U31/><E110/><V46/><F46/><W116/><G116/><T127/><D118/><RYUUKYOKU ba="2,0" sc="256,-15,360,-15,131,15,253,15" hai2="6,10,15,20,21,24,26,27,81,86" hai3="8,14,16,23,51,55,58,88,89,90" /><INIT seed="2,3,0,0,2,117" ten="241,345,146,268" oya="2" hai0="15,106,27,131,105,86,31,125,16,111,3,10,74" hai1="47,20,32,75,128,21,48,119,80,11,89,120,33" hai2="127,49,110,30,25,19,72,53,9,73,124,34,98" hai3="7,129,50,62,36,1,99,83,122,96,43,109,87"/><V114/><F114/><W40/><G36/><T23/><D74/><U68/><E119/><V88/><F110/><W113/><G113/><T2/><D111/><U24/><E68/><V100/><F9/><W38/><G38/><T103/><D131/><U130/><E120/><V0/><F0/><W82/><G82/><T28/><D125/><N who="2" m="48202" /><F19/><W63/><G109/><T14/><D103/><U70/><E70/><V97/><F97/><W42/><G122/><T121/><D121/><U52/><E11/><V22/><F34/><W90/><G129/><N who="1" m="49770" /><E21/><V18/><F30/><N who="0" m="11306" /><D86/><N who="1" m="50375" /><E75/><V71/><F71/><W59/><G7/><N who="0" m="3551" /><D105/><U91/><E91/><V4/><F4/><W61/><G1/><N who="0" m="11" /><D106/><U54/><E54/><AGARI ba="3,0" hai="40,42,43,50,54,59,61,62,63,83,87,90,96,99" machi="54" ten="40,1300,0" yaku="8,1" doraHai="117" who="3" fromWho="1" sc="241,0,345,-22,146,0,268,22" /><INIT seed="3,0,0,2,3,123" ten="241,323,146,290" oya="3" hai0="80,62,109,42,43,11,134,127,110,102,32,53,63" hai1="6,91,112,4,111,59,24,45,60,58,70,34,90" hai2="119,113,85,117,28,40,61,114,125,49,86,39,10" hai3="69,23,72,71,133,96,17,30,129,12,52,22,2"/><W16/><G72/><T67/><D32/><U5/><E112/><N who="2" m="43115" /><F28/><W107/><G2/><T131/><D131/><U51/><E111/><N who="0" m="42505" /><D134/><U57/><E34/><V31/><F31/><W0/><G0/><T46/><D127/><U106/><E106/><V14/><F61/><N who="0" m="23050" /><D67/><U21/><E60/><V20/><F20/><W7/><G129/><T87/><D102/><U108/><E70/><V18/><F49/><W79/><G30/><T65/><D65/><U35/><E35/><V77/><F125/><W19/><G71/><T1/><D53/><N who="1" m="29935" /><E108/><V73/><F39/><W84/><G69/><T93/><D93/><U36/><E36/><V135/><F40/><N who="0" m="15402" /><D46/><U78/><E78/><V75/><F135/><W92/><G52/><T115/><D115/><U126/><E126/><V41/><F41/><W94/><G133/><T88/><D1/><U27/><E27/><V13/><F77/><W47/><G47/><T82/><D82/><U120/><E120/><V97/><F97/><W66/><G66/><T76/><D11/><U83/><E83/><V55/><F55/><W128/><G128/><T99/><D99/><U122/><E122/><V130/><F130/><W15/><G96/><T121/><D121/><U54/><E54/><V68/><F68/><W38/><G38/><T8/><D8/><U103/><E59/><V101/><F101/><W81/><G107/><T64/><D64/><U95/><E58/><V98/><F98/><W105/><G105/><T50/><D50/><U9/><E57/><V3/><F3/><W74/><G81/><T25/><D25/><U29/><E9/><RYUUKYOKU ba="0,0" sc="241,15,323,15,146,-15,290,-15" hai0="76,80,87,88" hai1="4,5,6,21,24,29,90,91,95,103" owari="256,-14.4,338,43.8,131,-36.9,275,7.5" /></mjloggm>