<mjloggm ver="2.3"><GO type="225" lobby="0"/><UN n0="%41%6F%54" n1="%E3%81%BF%E3%81%BF%E3%81%9A" n2="%E3%83%A9%E3%83%BC%E3%83%A1%E3%83%B3%E4%BA%94%E9%83%8E" n3="%E3%80%90%E3%83%88%E3%83%AA%E3%83%A5%E3%83%95%E3%80%91" dan="16,18,16,16" rate="2068.62,2206.48,2131.79,2045.80" sx="M,M,M,M"/><TAIKYOKU oya="0"/><INIT seed="0,0,0,1,4,102" ten="250,250,250,250" oya="0" hai0="41,14,131,96,83,118,61,47,98,108,110,20,67" hai1="54,65,81,50,86,51,60,116,88,127,71,40,95" hai2="56,21,97,84,33,126,11,22,2,114,123,6,43" hai3="94,70,26,29,82,46,34,99,135,52,87,121,13"/><T128/><D118/><U53/><E127/><V62/><F123/><W90/><G121/><T125/><D125/><U36/><E116/><V129/><F126/><W24/><G135/><T7/><D83/><U32/><E32/><V8/><F114/><W4/><G70/><T77/><D77/><U92/><E40/><V112/><F112/><W109/><G109/><N who="0" m="42091" /><D7/><U64/><E36/><V37/><F33/><W133/><G133/><T107/><D14/><U23/><E64/><V39/><F129/><N who="0" m="49738" /><D20/><U19/><E50/><V58/><F6/><W63/><G29/><T15/><D15/><U104/><E104/><V122/><F122/><W89/><G34/><T31/><D31/><U55/><REACH who="1" step="1"/><E51/><REACH who="1" ten="250,240,250,250" step="2"/><V0/><F39/><W115/><G115/><T1/><D107/><U49/><E49/><V117/><F37/><W45/><G45/><T30/><D1/><U17/><E17/><V3/><F0/><W130/><G130/><T76/><D30/><U25/><AGARI ba="0,1" hai="19,23,25,53,54,55,60,65,71,81,86,88,92,95" machi="25" ten="30,7900,0" yaku="1,1,0,1,54,1,53,1" doraHai="102" doraHaiUra="57" who="1" fromWho="1" sc="250,-39,240,89,250,-20,250,-20" /><INIT seed="1,0,0,0,5,25" ten="211,329,230,230" oya="1" hai0="59,22,45,16,65,132,135,1,92,91,75,78,85" hai1="5,23,71,131,95,84,27,36,33,127,86,34,21" hai2="130,10,106,60,111,87,17,29,113,68,9,118,126" hai3="133,122,107,58,72,52,104,38,48,47,41,100,43"/><U19/><E36/><V54/><F118/><W3/><G122/><T66/><D1/><U4/><E71/><V35/><F106/><W74/><G133/><N who="0" m="51275" /><D45/><U119/><E119/><V57/><F111/><W83/><G43/><T28/><D28/><U37/><E37/><V32/><F126/><W116/><G116/><T55/><D78/><U11/><E127/><V117/><F117/><W124/><G124/><T53/><D75/><U0/><E131/><V125/><F130/><W76/><G72/><T63/><D55/><U109/><E109/><V49/><F125/><W42/><G42/><T31/><D31/><U101/><E4/><V81/><F35/><W14/><G100/><T44/><D44/><U18/><E86/><V108/><F108/><W112/><G112/><T90/><D91/><U30/><E84/><V96/><F32/><N who="1" m="12393" /><E95/><V121/><F87/><W39/><G39/><T70/><D70/><U56/><E56/><V51/><F68/><W98/><G98/><T89/><D89/><U67/><E67/><V8/><F96/><W2/><REACH who="3" step="1"/><G14/><AGARI ba="0,0" hai="14,16,22,53,59,63,65,66,85,90,92" m="51275" machi="14" ten="30,2000,0" yaku="20,1,54,1" doraHai="25" who="0" fromWho="3" sc="211,20,329,0,230,0,230,-20" /><INIT seed="2,0,0,2,0,73" ten="231,329,230,210" oya="2" hai0="41,3,117,55,44,36,23,104,113,35,24,6,120" hai1="77,64,47,50,93,114,133,102,89,129,125,97,10" hai2="92,22,48,124,122,111,109,96,40,68,126,17,18" hai3="79,74,134,62,132,80,34,20,25,99,31,81,82"/><V100/><F68/><W29/><G99/><T7/><D113/><U11/><E114/><V52/><F40/><W66/><G34/><T12/><D120/><U105/><E129/><V60/><F60/><W83/><REACH who="3" step="1"/><G31/><REACH who="3" ten="231,329,230,200" step="2"/><T123/><D35/><U135/><E97/><V39/><F122/><W112/><G112/><T53/><D123/><U106/><E135/><V38/><F126/><W61/><G61/><T78/><D117/><U5/><E133/><V101/><F124/><W8/><G8/><T57/><D104/><U103/><E125/><V46/><F101/><W91/><G91/><T88/><D88/><U70/><E105/><V1/><F1/><W72/><G72/><T84/><D3/><U16/><E106/><V76/><F76/><W87/><G87/><T14/><D84/><U71/><E70/><AGARI ba="0,1" hai="20,25,29,62,66,70,74,79,80,81,82,83,132,134" machi="70" ten="40,2600,0" yaku="1,1,52,1,53,0" doraHai="73" doraHaiUra="42" who="3" fromWho="1" sc="231,0,329,-26,230,0,200,36" /><INIT seed="3,0,0,2,2,112" ten="231,303,230,236" oya="3" hai0="15,45,72,66,17,62,122,99,74,28,119,38,94" hai1="56,43,124,44,59,48,1,92,114,61,30,104,69" hai2="71,29,84,100,10,42,12,118,7,32,97,81,127" hai3="111,73,36,116,132,77,55,79,95,93,75,27,131"/><W120/><G27/><T89/><D122/><U76/><E104/><V39/><F71/><W54/><G120/><T134/><D134/><U86/><E1/><V25/><F118/><W121/><G121/><T109/><D109/><U58/><E114/><V31/><F127/><W20/><G20/><T78/><D28/><U57/><E124/><V64/><F64/><W80/><G36/><T90/><D119/><U103/><E69/><V96/><F31/><W113/><G113/><T128/><D128/><U49/><E30/><V110/><F110/><W46/><G111/><T123/><D78/><U98/><E48/><V82/><F84/><W87/><G131/><T34/><D34/><U106/><E106/><V13/><F13/><W18/><G18/><T2/><D2/><U130/><E130/><V135/><F135/><W22/><G22/><T67/><D123/><U91/><E76/><V102/><F96/><W5/><G5/><T16/><D17/><U129/><E129/><V126/><F126/><W125/><G125/><T60/><D72/><U24/><E24/><V65/><F65/><N who="0" m="24586" /><D74/><U3/><E3/><V0/><F0/><W83/><G116/><T108/><D108/><U115/><E115/><V50/><F39/><W6/><G6/><T133/><D133/><U101/><E86/><V11/><F11/><W41/><G132/><T53/><D38/><U9/><E9/><V88/><F88/><W47/><G87/><T70/><D70/><U63/><N who="1" m="14336" /><DORA hai="105" /><U35/><E35/><V51/><F97/><W52/><G41/><T107/><D107/><U4/><E4/><RYUUKYOKU ba="0,0" sc="231,-15,303,15,230,-15,236,15" hai1="43,44,49,61,63,91,92,98,101,103" hai3="46,47,52,54,55,73,75,77,79,80,83,93,95" /><INIT seed="3,1,0,4,1,122" ten="216,318,215,251" oya="3" hai0="107,57,28,91,86,62,69,18,29,48,119,9,3" hai1="36,130,123,116,37,11,110,43,89,4,104,96,64" hai2="42,135,22,50,70,109,78,34,26,31,93,7,113" hai3="101,15,128,60,23,127,115,40,16,56,38,106,105"/><W77/><G115/><T108/><D119/><U67/><E123/><V134/><F113/><W55/><G128/><T118/><D118/><U1/><E116/><V102/><F70/><W117/><G127/><T103/><D107/><U35/><E35/><V126/><F126/><W99/><G117/><T61/><D103/><U68/><E130/><V85/><F109/><W114/><G114/><T45/><D69/><U83/><E110/><V90/><F7/><W129/><G129/><T0/><D0/><U84/><E43/><V79/><F102/><W65/><G77/><T41/><D62/><U33/><E33/><V112/><F34/><W19/><G38/><T124/><D124/><U25/><E25/><V94/><F94/><W14/><G40/><T74/><D74/><U44/><E44/><N who="2" m="25879" /><F112/><W10/><REACH who="3" step="1"/><G65/><REACH who="3" ten="216,318,215,241" step="2"/><T52/><D108/><U82/><E64/><V111/><F111/><W2/><G2/><T46/><D3/><U98/><E67/><V32/><F32/><W75/><G75/><T5/><D41/><U73/><E73/><V125/><F125/><W51/><G51/><T17/><D48/><U81/><E36/><V72/><F72/><W66/><G66/><T120/><D120/><U132/><E37/><V92/><F92/><AGARI ba="1,1" hai="10,14,15,16,19,23,55,56,60,92,99,101,105,106" machi="92" ten="30,11600,0" yaku="1,1,7,1,54,1,53,1" doraHai="122" doraHaiUra="49" who="3" fromWho="2" sc="216,0,318,0,215,-119,241,129" owari="216,-18.4,318,11.8,96,-40.4,370,47.0" /></mjloggm>