<mjloggm ver="2.3"><GO type="225" lobby="0"/><UN n0="%E3%81%8B%E3%82%8F%E3%81%A1%E3%82%83%E3%82%93%35%38" n1="%E3%83%96%E3%83%83%E3%83%91%E3%82%AA%E3%83%96%E3%83%81%E3%82%AD%E3%83%B3" n2="%E3%83%B4%E3%83%A0%EF%BC%99%E3%81%A6" n3="%E3%82%A4%E3%83%BC%E3%82%B1%E3%83%97%E3%83%A9" dan="16,16,16,16" rate="2162.16,2139.24,2179.85,2124.83" sx="M,M,M,M"/><TAIKYOKU oya="0"/><INIT seed="0,0,0,3,5,47" ten="250,250,250,250" oya="0" hai0="42,93,56,121,100,77,95,135,45,40,120,116,126" hai1="123,110,32,92,15,70,109,55,23,5,99,88,111" hai2="60,96,0,79,34,10,7,37,130,9,61,22,25" hai3="52,19,122,117,24,69,98,68,129,26,31,13,33"/><T8/><D8/><BYE who="0" /><U97/><E123/><V133/><F37/><UN n0="%E3%81%8B%E3%82%8F%E3%81%A1%E3%82%83%E3%82%93%35%38" /><W90/><G117/><T119/><D77/><U1/><E32/><V67/><F130/><W17/><G129/><T29/><D29/><U6/><E70/><V72/><F133/><W112/><G112/><T74/><D100/><U64/><E64/><V134/><F134/><W132/><G132/><T124/><D135/><U35/><E35/><V21/><F9/><W39/><G39/><T63/><D74/><U65/><E65/><V2/><F2/><W75/><G75/><T82/><D82/><U105/><E1/><V84/><F72/><W108/><G108/><T86/><D86/><U102/><REACH who="1" step="1"/><E55/><REACH who="1" ten="250,240,250,250" step="2"/><V20/><F67/><W91/><G69/><T125/><D120/><U80/><E80/><V83/><F0/><W30/><G68/><T128/><D121/><U81/><E81/><V62/><F34/><W131/><G33/><T58/><D128/><U115/><E115/><V27/><F83/><W43/><G131/><T4/><D125/><U16/><AGARI ba="0,1" hai="5,6,15,16,23,88,92,97,99,102,105,109,110,111" machi="16" ten="40,8000,1" yaku="1,1,0,1,14,1,54,2,53,0" doraHai="47" doraHaiUra="104" who="1" fromWho="1" sc="250,-40,240,90,250,-20,250,-20" /><INIT seed="1,0,0,0,3,74" ten="210,330,230,230" oya="1" hai0="44,31,85,45,119,27,110,11,36,63,104,68,91" hai1="34,89,97,4,32,121,39,30,20,103,14,66,126" hai2="133,17,102,65,113,7,131,3,109,48,59,13,124" hai3="73,24,0,18,100,114,135,64,23,29,115,19,95"/><U101/><E121/><V56/><F109/><W46/><G0/><T26/><D119/><U127/><E39/><V40/><F133/><W55/><G73/><T120/><D104/><U132/><E66/><V9/><F124/><N who="1" m="47657" /><E132/><V69/><F131/><W62/><G135/><T67/><D110/><U71/><E71/><V51/><F113/><W87/><G115/><T78/><D120/><U5/><E89/><V122/><F122/><W83/><G114/><T41/><D78/><U108/><E108/><V15/><F3/><W61/><G61/><T70/><D70/><U116/><E103/><V107/><F69/><W77/><G55/><T106/><D106/><N who="1" m="63791" /><E116/><V6/><F65/><W80/><G80/><T90/><D90/><U81/><E81/><V125/><F125/><W129/><G46/><T54/><D45/><U60/><E60/><V22/><F102/><W8/><G129/><T12/><D54/><U33/><E14/><N who="2" m="9527" /><F107/><W112/><G112/><T49/><D36/><U50/><E50/><N who="2" m="18987" /><F40/><W58/><G8/><AGARI ba="0,0" hai="6,7,8,9,13,15,56,59" m="18987,9527" machi="8" ten="30,1000,0" yaku="8,1" doraHai="74" who="2" fromWho="3" sc="210,0,330,0,230,10,230,-10" /><INIT seed="2,0,0,2,1,93" ten="210,330,240,220" oya="2" hai0="19,65,34,1,6,31,53,88,90,13,109,98,92" hai1="59,24,68,102,54,133,131,100,67,130,71,115,105" hai2="18,103,120,121,124,48,41,85,42,15,25,51,64" hai3="111,83,84,110,89,97,56,113,129,11,32,14,96"/><V17/><F124/><W127/><G32/><T23/><D109/><N who="3" m="41481" /><G127/><T79/><D79/><U99/><E115/><V45/><F64/><W8/><G113/><T55/><D65/><U49/><E133/><V72/><F72/><W69/><G69/><T78/><D78/><U106/><E24/><V35/><F85/><W122/><G122/><T80/><D80/><U104/><E67/><V39/><F39/><W91/><G129/><N who="1" m="49162" /><E102/><V81/><F81/><W86/><G56/><T7/><D90/><U132/><E132/><V70/><F70/><AGARI ba="0,0" hai="49,54,59,68,70,71,99,100,104,105,106" m="49162" machi="70" ten="30,2000,0" yaku="19,1,52,1" doraHai="93" who="1" fromWho="2" sc="210,0,330,20,240,-20,220,0" /><INIT seed="3,0,0,2,4,104" ten="210,350,220,220" oya="3" hai0="12,127,3,94,48,35,120,26,135,5,80,75,92" hai1="16,64,43,50,11,110,22,4,71,74,112,82,28" hai2="39,33,34,83,67,121,113,131,41,84,132,99,32" hai3="69,66,15,111,97,114,91,1,53,9,76,23,78"/><W70/><G114/><T102/><D120/><U42/><E112/><V128/><F113/><W8/><G1/><T30/><D102/><U108/><E28/><V116/><F116/><W54/><G23/><T63/><D3/><U119/><E119/><V96/><F132/><W79/><G111/><N who="1" m="42538" /><E71/><V100/><F67/><W17/><G9/><T85/><D75/><U2/><E64/><V88/><F121/><W72/><G72/><T29/><D135/><U133/><E50/><V49/><F49/><W107/><G91/><T122/><D122/><U36/><E36/><V98/><F39/><W52/><REACH who="3" step="1"/><G66/><REACH who="3" ten="210,350,220,210" step="2"/><T45/><D30/><U61/><E133/><V118/><F118/><W103/><AGARI ba="0,1" hai="8,15,17,52,53,54,69,70,76,78,79,97,103,107" machi="103" ten="40,12000,1" yaku="1,1,2,1,0,1,54,1,53,1" doraHai="104" doraHaiUra="101" who="3" fromWho="3" sc="210,-40,350,-40,220,-40,210,130" owari="170,-33.0,310,11.0,180,-22.0,340,44.0" /></mjloggm>