<mjloggm ver="2.3"><GO type="225" lobby="0"/><UN n0="%E3%81%8B%E3%82%8F%E3%81%A1%E3%82%83%E3%82%93%35%38" n1="%33%74%72%65%65" n2="%4B%2E%32%2E%4B%2E" n3="%E3%82%BC%E3%83%AB%E3%83%80%E3%81%AE%E4%BC%9D%E8%AA%AC" dan="16,17,16,17" rate="2152.70,2120.54,2161.03,2128.97" sx="M,F,M,M"/><TAIKYOKU oya="0"/><INIT seed="0,0,0,1,0,56" ten="250,250,250,250" oya="0" hai0="29,9,84,60,53,133,16,30,70,6,94,108,59" hai1="97,14,49,109,107,8,130,86,75,12,5,69,113" hai2="62,63,18,116,37,98,132,31,90,22,83,79,26" hai3="125,7,106,110,0,115,87,118,88,128,51,44,43"/><T76/><D133/><U91/><E109/><V80/><F37/><W111/><G115/><T135/><D135/><U52/><E113/><V101/><F132/><W3/><G118/><T38/><D108/><N who="3" m="41513" /><G125/><T28/><D38/><U126/><E126/><V96/><F116/><W122/><G128/><T112/><D112/><U103/><E75/><V129/><F129/><W46/><G122/><T104/><D104/><U92/><E130/><V58/><F90/><W102/><G7/><T48/><D16/><U23/><E69/><V19/><F83/><N who="3" m="49279" /><G46/><T65/><D94/><U117/><E117/><V36/><F80/><W1/><G106/><T77/><REACH who="0" step="1"/><D84/><REACH who="0" ten="240,250,250,250" step="2"/><U32/><E32/><V4/><F19/><W64/><G102/><T99/><D99/><U10/><E23/><V17/><F96/><W123/><G123/><T35/><D35/><U45/><REACH who="1" step="1"/><E10/><REACH who="1" ten="240,240,250,250" step="2"/><V47/><F22/><W41/><G64/><T124/><D124/><U100/><E100/><V119/><F101/><W127/><G127/><T42/><D42/><AGARI ba="0,2" hai="0,1,3,41,42,43,44,51" m="49279,41513" machi="42" ten="40,2600,0" yaku="14,1,54,1" doraHai="56" who="3" fromWho="0" sc="240,-26,240,0,250,0,250,46" /><INIT seed="1,0,0,3,0,99" ten="214,240,250,296" oya="1" hai0="36,111,65,1,18,26,100,7,4,78,35,127,67" hai1="63,95,48,60,121,20,110,59,74,126,122,97,24" hai2="10,119,86,104,88,8,76,62,2,70,29,129,69" hai3="34,113,80,15,128,56,31,77,125,73,57,106,21"/><U32/><E126/><V50/><F119/><W89/><G113/><T54/><D36/><U102/><E110/><V132/><F104/><W94/><G125/><T91/><D127/><U135/><E135/><V11/><F2/><W44/><G128/><T43/><D111/><U75/><E32/><V51/><F129/><W108/><G108/><T116/><D116/><U118/><E118/><V22/><F132/><W46/><G34/><T93/><D43/><U64/><E48/><V124/><F124/><W16/><G31/><T9/><D7/><U115/><E115/><V83/><F70/><W107/><G44/><T5/><D5/><U39/><E39/><V25/><F69/><W61/><G46/><T12/><D78/><U71/><E122/><V45/><F62/><W37/><G37/><T92/><D54/><U68/><E121/><V0/><F0/><W49/><G49/><T40/><D40/><U3/><E3/><V130/><F130/><W105/><REACH who="3" step="1"/><G61/><REACH who="3" ten="214,240,250,286" step="2"/><T47/><D47/><U13/><E63/><V14/><F51/><W134/><G134/><T84/><D35/><U81/><E68/><V114/><F114/><W85/><AGARI ba="0,1" hai="15,16,21,56,57,73,77,80,85,89,94,105,106,107" machi="85" ten="30,7900,0" yaku="1,1,0,1,54,1,53,1" doraHai="99" doraHaiUra="79" who="3" fromWho="3" sc="214,-20,240,-39,250,-20,286,89" /><INIT seed="2,0,0,4,4,105" ten="194,201,230,375" oya="2" hai0="126,38,104,27,121,97,1,135,7,4,113,85,94" hai1="120,111,96,62,84,31,87,60,66,80,18,89,70" hai2="56,3,123,119,11,28,14,53,72,63,36,16,34" hai3="116,8,129,24,46,65,130,118,95,100,20,2,78"/><V83/><F119/><W30/><G78/><T117/><D121/><U122/><E111/><V127/><F123/><N who="1" m="47145" /><E31/><V57/><F36/><W99/><G65/><T82/><D113/><U93/><E18/><V15/><F127/><W42/><G8/><T101/><D38/><U124/><E124/><V125/><F125/><W43/><G2/><T88/><D126/><U91/><E62/><V133/><F133/><W59/><G59/><T81/><D135/><U48/><E48/><V50/><F3/><W61/><G61/><T76/><D117/><N who="3" m="45161" /><G46/><T26/><D82/><U131/><E131/><AGARI ba="0,0" hai="20,24,30,42,43,95,99,100,129,130,131" m="45161" machi="131" ten="30,1000,0" yaku="19,1" doraHai="105" who="3" fromWho="1" sc="194,0,201,-10,230,0,375,10" /><INIT seed="3,0,0,2,3,19" ten="194,191,230,385" oya="3" hai0="84,74,85,132,55,7,34,97,2,90,78,21,105" hai1="115,76,56,57,52,51,96,87,58,10,92,75,54" hai2="107,62,8,33,25,47,41,20,134,15,66,94,131" hai3="6,95,118,17,30,126,133,117,12,35,91,123,108"/><W64/><G91/><T39/><D39/><U89/><E115/><V43/><F107/><W50/><G50/><T16/><D34/><U69/><E69/><V61/><F33/><W22/><G95/><N who="0" m="56567" /><D2/><U53/><E75/><V73/><F73/><W59/><G59/><N who="1" m="22602" /><E10/><V88/><F131/><W127/><G22/><T112/><D105/><U125/><E125/><V28/><F134/><W80/><G17/><T124/><D74/><U121/><E121/><V23/><F23/><W119/><G12/><N who="0" m="9351" /><D124/><U86/><E86/><V32/><F32/><W114/><G108/><T26/><D132/><U110/><E110/><V11/><F11/><W101/><G80/><AGARI ba="0,0" hai="51,52,53,54,58,76,80,87,89,92,96" m="22602" machi="80" ten="30,2000,0" yaku="8,1,54,1" doraHai="19" who="1" fromWho="3" sc="194,0,191,20,230,0,385,-20" owari="194,-30.6,211,-18.9,230,3.0,365,46.5" /></mjloggm>