<mjloggm ver="2.3"><GO type="225" lobby="0"/><UN n0="%E3%82%B3%E3%83%90%E3%83%AC%E3%82%A4" n1="%E6%9C%88%E5%B3%B6%E5%9F%BA" n2="%E3%81%90%E3%81%A1%E3%82%84%E3%81%BE" n3="%E6%A1%9C%E8%8A%B1%E9%96%83%E3%80%85" dan="16,16,16,16" rate="2161.58,2028.95,2133.64,2113.06" sx="M,M,M,M"/><TAIKYOKU oya="0"/><INIT seed="0,0,0,4,4,51" ten="250,250,250,250" oya="0" hai0="10,48,30,3,130,89,58,105,29,101,1,67,123" hai1="28,90,11,73,15,109,93,47,133,120,81,52,16" hai2="135,40,37,74,121,79,54,122,84,82,128,85,134" hai3="98,132,99,5,64,124,34,70,22,127,126,50,31"/><T112/><D123/><N who="2" m="47114" /><F37/><W129/><G129/><T71/><D130/><U9/><E120/><V119/><F40/><W60/><G132/><N who="2" m="50729" /><F128/><W26/><G5/><T125/><D112/><U20/><E133/><V88/><F119/><W94/><G50/><T4/><D1/><U111/><E28/><V61/><F61/><W41/><G41/><T103/><D71/><U0/><E73/><V35/><F35/><W46/><G46/><T8/><D8/><N who="1" m="3147" /><E81/><N who="2" m="49167" /><F54/><W36/><G36/><T24/><D30/><U69/><E69/><V117/><F117/><W87/><G34/><T7/><D7/><U100/><E0/><V44/><F44/><W53/><G53/><T27/><D29/><U49/><E111/><V6/><F6/><W33/><G33/><T77/><D67/><U32/><E109/><V92/><F92/><W115/><G94/><T2/><D3/><U45/><E32/><V97/><F97/><W68/><G68/><T42/><D2/><U43/><E43/><V39/><F39/><W114/><G87/><AGARI ba="0,0" hai="74,79,82,85,87" m="49167,50729,47114" machi="87" ten="30,7700,0" yaku="20,1,34,2,54,1" doraHai="51" who="2" fromWho="3" sc="250,0,250,0,250,77,250,-77" /><INIT seed="1,0,0,5,5,88" ten="250,250,327,173" oya="1" hai0="40,30,117,2,97,15,9,54,49,10,133,57,66" hai1="119,96,118,12,5,6,55,75,81,100,50,23,98" hai2="70,13,85,131,113,89,21,120,82,80,53,37,106" hai3="130,63,33,48,67,93,74,94,58,44,76,108,110"/><U52/><E75/><V124/><F120/><W26/><G130/><T116/><D2/><U87/><E118/><V123/><F123/><W109/><G76/><T38/><D10/><U11/><E119/><V47/><F70/><W61/><G61/><T42/><D42/><U35/><E35/><V28/><F106/><W36/><G74/><T86/><D30/><U65/><E65/><V71/><F71/><W32/><G36/><T105/><D66/><U18/><E55/><V4/><F124/><W46/><G46/><T8/><D8/><U19/><E19/><V22/><F113/><W129/><G129/><T128/><D128/><U99/><E23/><V95/><F37/><W92/><G26/><T7/><D38/><U1/><E1/><V84/><F131/><W69/><G69/><T104/><D40/><AGARI ba="0,0" hai="32,33,40,44,48,58,63,67,92,93,94,108,109,110" machi="40" ten="50,8000,1" yaku="14,1,52,3" doraHai="88" who="3" fromWho="0" sc="250,-80,250,0,327,0,173,80" /><INIT seed="2,0,0,2,4,30" ten="170,250,327,253" oya="2" hai0="35,114,56,125,79,101,39,133,113,66,102,52,40" hai1="26,67,37,96,121,43,27,44,36,25,134,8,94" hai2="0,7,112,12,77,45,3,82,89,123,73,78,80" hai3="28,49,14,92,23,5,63,11,55,59,4,53,127"/><V117/><F112/><W32/><G127/><T107/><D125/><U99/><E134/><V106/><F117/><W135/><G135/><T61/><D133/><U38/><E121/><V17/><F123/><W69/><G32/><T91/><D79/><U16/><E67/><V131/><F106/><W103/><G69/><T18/><D113/><U29/><E29/><V71/><F71/><W115/><G115/><T42/><D114/><U13/><REACH who="1" step="1"/><E96/><REACH who="1" ten="170,240,327,253" step="2"/><V128/><F128/><W70/><G28/><T88/><D66/><U48/><E48/><V132/><F131/><W75/><G49/><T72/><D39/><U34/><E34/><V86/><F132/><W90/><G70/><T19/><D35/><U58/><E58/><V122/><F122/><W118/><G59/><T9/><D72/><U24/><N who="1" m="6144" /><DORA hai="85" /><U6/><E6/><V81/><F7/><W129/><G4/><T51/><D107/><U97/><E97/><V1/><F45/><W64/><G129/><T93/><D51/><U109/><E109/><V104/><F104/><W21/><G75/><T124/><D124/><U111/><E111/><V83/><REACH who="2" step="1"/><F73/><REACH who="2" ten="170,240,317,253" step="2"/><W98/><G5/><T22/><D19/><U15/><E15/><V31/><F31/><W10/><G14/><T110/><D110/><U41/><E41/><V46/><F46/><W126/><G126/><T47/><D42/><U50/><E50/><V57/><F57/><W74/><G74/><T54/><D40/><U65/><E65/><V60/><F60/><W130/><G64/><T84/><D47/><U116/><E116/><V105/><F105/><RYUUKYOKU ba="0,2" sc="170,-15,240,15,317,15,253,-15" hai1="8,13,16,36,37,38,43,44,94,99" hai2="0,1,3,12,17,77,78,80,81,82,83,86,89" /><INIT seed="2,1,2,3,2,117" ten="155,255,332,238" oya="2" hai0="122,22,97,87,94,39,34,81,57,99,11,38,96" hai1="133,79,127,14,13,93,111,51,29,126,25,82,119" hai2="20,36,68,17,18,104,15,49,31,43,16,4,65" hai3="107,62,6,46,78,37,1,42,95,118,44,23,125"/><V24/><F104/><W58/><G107/><T73/><D34/><N who="1" m="20783" /><E119/><V41/><F36/><W72/><G118/><T100/><D73/><N who="1" m="43375" /><E111/><V27/><F68/><W85/><G125/><N who="1" m="47626" /><E133/><V120/><F120/><W108/><G108/><T61/><D122/><U86/><E51/><V19/><F65/><W28/><G72/><T0/><D38/><U132/><E132/><V129/><F129/><W89/><G78/><T91/><D39/><U52/><E52/><V110/><F110/><W12/><G46/><T10/><D22/><U101/><E86/><V59/><F4/><W105/><G6/><T114/><D114/><U134/><E134/><V9/><F24/><W131/><G131/><T69/><D69/><U71/><E71/><V115/><F115/><W30/><G1/><T33/><D33/><U66/><E66/><V123/><F123/><W102/><G23/><T64/><D0/><U103/><E93/><V84/><F84/><W121/><G121/><T53/><D64/><U2/><E2/><V3/><F3/><W32/><G32/><T124/><D124/><U54/><E54/><AGARI ba="1,2" hai="9,15,16,17,18,19,20,27,31,41,43,49,54,59" machi="54" ten="40,3900,0" yaku="8,1,54,1" doraHai="117" who="2" fromWho="1" sc="155,0,255,-42,332,62,238,0" /><INIT seed="2,2,0,5,5,8" ten="155,213,394,238" oya="2" hai0="74,31,18,1,101,21,7,90,64,77,57,62,102" hai1="122,35,63,69,89,53,83,131,43,96,109,84,2" hai2="103,9,133,127,119,32,0,41,37,128,98,40,39" hai3="11,13,75,44,14,120,27,23,112,91,16,65,59"/><V110/><F119/><W114/><G120/><T92/><D1/><U113/><E113/><N who="3" m="43626" /><G75/><T56/><D7/><U38/><E2/><V50/><F32/><W123/><G123/><T6/><D6/><U105/><E109/><V79/><F79/><W95/><G44/><T129/><D129/><U67/><E131/><V93/><F128/><W99/><G11/><T106/><D106/><U51/><E35/><V82/><F110/><W4/><G4/><T55/><D31/><U34/><E34/><V42/><F9/><W68/><G68/><T10/><D10/><U58/><E122/><V70/><F70/><W126/><G126/><T121/><D77/><U46/><E96/><V107/><F41/><W71/><G71/><T125/><D74/><U22/><E22/><V132/><F42/><W100/><G100/><T80/><D80/><U26/><E26/><V94/><F40/><W20/><G23/><T87/><D125/><U134/><REACH who="1" step="1"/><E105/><REACH who="1" ten="155,203,394,238" step="2"/><V130/><F107/><W3/><G3/><T33/><D33/><U115/><E115/><V12/><F0/><W24/><G24/><T48/><REACH who="0" step="1"/><D121/><REACH who="0" ten="145,203,394,238" step="2"/><U30/><E30/><V135/><F127/><W17/><G17/><T45/><D45/><U54/><E54/><V117/><F130/><W88/><G16/><T5/><D5/><U60/><E60/><V81/><F135/><AGARI ba="2,2" hai="38,43,46,51,53,58,63,67,69,83,84,89,134,135" machi="135" ten="40,5200,0" yaku="1,1,24,2,53,0" doraHai="8" doraHaiUra="111" who="1" fromWho="2" sc="145,0,203,78,394,-58,238,0" /><INIT seed="3,0,0,2,1,84" ten="145,281,336,238" oya="3" hai0="18,120,85,91,33,113,13,115,12,129,32,4,93" hai1="79,56,29,25,66,123,80,68,114,72,53,37,54" hai2="109,44,45,122,87,81,38,75,124,21,86,112,31" hai3="74,52,40,83,117,128,89,50,108,100,11,107,99"/><W105/><G117/><T102/><D102/><U3/><E123/><V106/><F112/><W15/><G128/><T67/><D120/><U127/><E114/><V132/><F122/><W35/><G35/><T82/><D129/><U43/><E127/><V19/><F106/><W77/><G108/><T57/><D115/><U119/><E3/><V131/><F124/><W78/><G40/><T8/><D113/><U98/><E68/><V130/><F109/><W103/><G78/><T69/><D69/><U58/><E66/><V111/><F111/><W121/><G121/><T36/><D36/><U65/><E65/><V104/><F104/><W60/><G60/><T24/><D24/><U55/><E98/><V39/><F75/><W41/><G41/><T59/><D33/><U23/><E119/><V1/><F1/><W5/><G89/><T63/><D32/><U30/><E30/><V90/><F31/><W133/><G133/><T76/><D59/><U64/><E64/><V26/><F132/><W0/><G0/><T16/><REACH who="0" step="1"/><D13/><REACH who="0" ten="135,281,336,238" step="2"/><U46/><AGARI ba="0,1" hai="23,25,29,37,43,46,53,54,55,56,58,72,79,80" machi="46" ten="30,1100,0" yaku="0,1" doraHai="84" who="1" fromWho="1" sc="135,-3,281,21,336,-3,238,-5" owari="132,-36.8,302,10.2,333,43.3,233,-16.7" /></mjloggm>