<mjloggm ver="2.3"><GO type="225" lobby="0"/><UN n0="%50%65%74%65%72%50%61%6E" n1="%E3%81%BF%E3%81%BF%E3%81%9A" n2="%41%6F%54" n3="%E4%BC%8A%E9%81%94%E6%9C%B1%E9%87%8C%E7%B4%97" dan="17,18,16,16" rate="2234.38,2220.50,2072.63,2141.63" sx="M,M,M,F"/><TAIKYOKU oya="0"/><INIT seed="0,0,0,4,0,24" ten="250,250,250,250" oya="0" hai0="2,58,30,46,74,112,63,27,109,88,78,61,36" hai1="135,50,22,26,113,129,45,4,133,41,98,14,118" hai2="111,65,19,121,91,62,77,17,124,51,128,13,96" hai3="48,35,95,130,86,59,68,16,110,6,132,127,122"/><T84/><D112/><U117/><E98/><V43/><F121/><W8/><G35/><T21/><D2/><U66/><E66/><V15/><F111/><W82/><G68/><T0/><D0/><U72/><E72/><V125/><F128/><W131/><G110/><T81/><D109/><U10/><E129/><N who="3" m="49162" /><G122/><T101/><D101/><U108/><E113/><V28/><F77/><N who="3" m="46415" /><G95/><T49/><D58/><U71/><E71/><V18/><F91/><W64/><G132/><N who="1" m="50762" /><E108/><V54/><F43/><W38/><G38/><T104/><D104/><U39/><E39/><V44/><F96/><W75/><G75/><T120/><D36/><U73/><E73/><V106/><F106/><W114/><G114/><T92/><REACH who="0" step="1"/><D120/><REACH who="0" ten="240,250,250,250" step="2"/><U34/><E34/><V107/><F107/><W1/><G1/><T87/><D87/><U9/><E9/><V85/><F85/><W12/><G127/><T56/><D56/><U102/><E102/><V67/><F124/><W105/><G105/><T126/><D126/><U3/><E3/><V93/><F125/><W99/><G99/><T20/><D20/><U32/><E32/><V80/><F67/><W70/><G70/><T89/><D89/><U119/><E118/><V100/><F65/><W123/><G123/><T33/><D33/><U94/><E94/><V115/><F93/><W7/><G64/><T47/><D47/><U103/><E103/><V40/><F100/><W57/><G57/><T116/><D116/><U134/><N who="1" m="50770" /><U37/><DORA hai="83" /><E37/><V52/><F44/><W29/><G59/><T76/><D76/><U69/><E69/><RYUUKYOKU ba="0,1" sc="240,15,250,15,250,-15,250,-15" hai0="21,27,30,46,49,61,63,74,78,81,84,88,92" hai1="4,10,14,22,26,41,45,50,117,119" /><INIT seed="0,1,1,3,0,67" ten="255,265,235,235" oya="0" hai0="72,86,96,6,80,115,44,26,128,97,20,54,4" hai1="87,46,31,82,75,108,122,8,40,100,48,49,64" hai2="65,68,76,83,127,104,89,131,114,73,34,134,120" hai3="47,95,59,88,109,36,107,77,69,32,61,85,126"/><T19/><D115/><U91/><E122/><V93/><RYUUKYOKU type="yao9" ba="1,1" sc="255,0,265,0,235,0,235,0" hai2="34,65,68,73,76,83,89,93,104,114,120,127,131,134" /><INIT seed="0,2,1,5,0,10" ten="255,265,235,235" oya="0" hai0="71,12,113,37,42,125,133,93,55,23,30,110,51" hai1="4,105,103,124,15,62,106,101,39,72,25,43,94" hai2="18,11,58,99,54,79,68,5,26,135,40,64,92" hai3="121,38,16,31,59,123,27,116,34,84,96,65,45"/><T70/><D113/><U2/><E72/><V22/><F135/><W61/><G116/><T3/><D3/><U87/><E2/><V29/><F40/><W44/><G84/><T127/><D133/><U115/><E115/><V118/><F118/><W35/><G35/><T76/><D42/><U117/><E117/><V95/><F79/><W8/><G96/><T74/><D37/><U104/><E124/><N who="0" m="47689" /><D110/><U108/><E108/><V67/><F68/><W56/><G56/><N who="0" m="32895" /><D93/><U102/><E39/><V130/><F29/><W0/><G38/><T24/><D12/><U1/><E43/><V89/><F92/><W77/><G77/><T47/><D47/><U6/><E1/><V57/><F57/><W83/><G83/><AGARI ba="2,1" hai="23,24,30,70,71,74,76,83" m="32895,47689" machi="83" ten="30,1500,0" yaku="18,1" doraHai="10" who="0" fromWho="3" sc="255,31,265,0,235,0,235,-21" /><INIT seed="0,3,0,1,2,133" ten="286,265,235,214" oya="0" hai0="86,65,89,52,91,23,131,10,130,90,80,40,32" hai1="49,59,82,30,97,48,46,116,128,12,103,79,47" hai2="57,92,117,16,72,114,58,108,132,34,78,13,111" hai3="95,115,55,104,129,21,36,77,66,27,51,62,5"/><T42/><D32/><U74/><E116/><V110/><F114/><W101/><G115/><T100/><D65/><U17/><E128/><N who="0" m="49193" /><D100/><U102/><E30/><V43/><F132/><W69/><G129/><T67/><D67/><U50/><E59/><V83/><F117/><W127/><G127/><T45/><D23/><U20/><REACH who="1" step="1"/><E103/><REACH who="1" ten="286,255,235,214" step="2"/><V18/><F34/><W107/><G101/><T11/><D11/><U2/><E2/><V98/><F43/><N who="0" m="16426" /><D10/><U112/><E112/><V118/><F118/><W15/><G36/><T119/><D119/><U63/><E63/><V1/><F1/><W54/><G62/><T76/><D76/><U56/><E56/><V85/><F57/><W24/><G77/><T35/><D35/><U68/><E68/><V135/><F58/><W126/><G69/><T120/><D120/><U25/><E25/><V94/><F135/><W53/><G24/><T84/><D80/><U3/><E3/><V29/><F29/><W87/><G66/><T37/><D37/><U124/><E124/><V105/><F13/><W75/><G126/><T88/><D90/><U125/><E125/><V113/><F113/><W71/><G71/><T4/><D4/><U109/><E109/><V33/><F33/><W26/><G5/><T44/><D44/><U134/><E134/><V73/><F18/><W14/><G26/><T61/><D61/><U28/><E28/><V31/><F16/><W19/><G27/><T99/><D99/><U106/><AGARI ba="3,1" hai="12,17,20,46,47,48,49,50,74,79,82,97,102,106" machi="106" ten="30,4000,0" yaku="1,1,0,1,53,1" doraHai="133" doraHaiUra="9" who="1" fromWho="1" sc="286,-23,255,59,235,-13,214,-13" /><INIT seed="1,0,0,3,5,0" ten="263,314,222,201" oya="1" hai0="45,13,120,78,102,73,74,61,94,80,76,1,118" hai1="134,99,75,15,112,116,83,27,100,128,16,85,58" hai2="59,56,105,63,98,49,103,20,86,72,70,115,64" hai3="2,43,90,89,88,3,28,35,79,30,26,110,32"/><U108/><E112/><V104/><F115/><W10/><G110/><T119/><D1/><U132/><E116/><V67/><F72/><W50/><G79/><T131/><D131/><U9/><E108/><V93/><F70/><W133/><G133/><N who="1" m="51306" /><E128/><V124/><F124/><W19/><G43/><T135/><D135/><U51/><E75/><V109/><F109/><W44/><G19/><T60/><D120/><U39/><E39/><V31/><F86/><W23/><G28/><T7/><D45/><U97/><E27/><V29/><F49/><W11/><G2/><T122/><D122/><U123/><E123/><V106/><REACH who="2" step="1"/><F20/><REACH who="2" ten="263,314,212,201" step="2"/><W24/><G35/><T111/><D111/><U17/><E51/><V33/><F33/><W129/><G129/><T69/><D69/><U65/><E99/><V92/><F92/><W126/><G126/><T5/><D94/><N who="1" m="58423" /><E58/><V117/><F117/><W101/><G32/><T91/><D74/><U125/><E125/><V25/><F25/><W66/><G24/><T8/><D73/><U62/><E62/><AGARI ba="0,1" hai="29,31,56,59,62,63,64,67,93,98,103,104,105,106" machi="62" ten="40,2600,0" yaku="1,1,9,1,53,0" doraHai="0" doraHaiUra="41" who="2" fromWho="1" sc="263,0,314,-26,212,36,201,0" /><INIT seed="2,0,0,5,2,21" ten="263,288,248,201" oya="2" hai0="82,62,52,72,103,127,4,75,66,58,45,98,105" hai1="115,2,68,13,100,95,101,7,59,80,92,38,3" hai2="25,126,51,23,40,8,14,96,86,107,35,69,39" hai3="104,19,48,49,106,73,90,118,67,123,29,1,122"/><V89/><F69/><W71/><G71/><T18/><D127/><U6/><E68/><V60/><F39/><W88/><G29/><T119/><D119/><U0/><E38/><V109/><F35/><W77/><G77/><T74/><D4/><U87/><E115/><V91/><F126/><W83/><G83/><T34/><D34/><U129/><E129/><V30/><F109/><W128/><G19/><T12/><D45/><U93/><E59/><V5/><F60/><W94/><G94/><T114/><D114/><U130/><E130/><V132/><F132/><W26/><G128/><T112/><D112/><U117/><E117/><V124/><F124/><W9/><G118/><T121/><D121/><U37/><E37/><V33/><F33/><W99/><G99/><T97/><D97/><U53/><E53/><V116/><F116/><W54/><G9/><T55/><REACH who="0" step="1"/><D82/><REACH who="0" ten="253,288,248,201" step="2"/><U10/><REACH who="1" step="1"/><E6/><REACH who="1" ten="253,278,248,201" step="2"/><V32/><F5/><W47/><G123/><T131/><D131/><U41/><E41/><V76/><F40/><W17/><G122/><T113/><D113/><U61/><E61/><V46/><F46/><W125/><G125/><T20/><AGARI ba="0,2" hai="12,18,20,52,55,58,62,66,72,74,75,98,103,105" machi="20" ten="30,4000,0" yaku="1,1,0,1,54,1,53,0" doraHai="21" doraHaiUra="135" who="0" fromWho="0" sc="253,60,278,-10,248,-20,201,-10" /><INIT seed="3,0,0,1,3,89" ten="313,268,228,191" oya="3" hai0="133,62,59,18,100,20,2,76,17,73,55,4,130" hai1="16,92,99,65,126,45,97,22,129,60,96,107,0" hai2="7,28,31,57,54,95,39,37,127,88,40,24,98" hai3="124,123,108,6,47,48,119,94,19,21,52,27,46"/><W84/><G119/><T10/><D130/><U135/><E0/><V63/><F127/><W66/><G123/><T132/><D100/><U110/><E126/><V86/><F7/><W75/><G75/><T50/><D20/><U30/><E129/><V69/><F69/><W42/><G124/><T102/><D102/><U3/><E3/><V8/><F8/><W77/><G108/><T67/><D76/><U74/><E74/><V81/><F40/><W53/><G66/><T15/><D73/><U134/><E107/><V25/><F25/><W14/><G46/><N who="0" m="28119" /><D2/><U35/><E45/><V5/><F5/><W64/><G64/><T13/><D13/><N who="1" m="9487" /><E30/><V115/><F115/><W26/><G26/><T80/><D80/><U38/><E35/><V113/><F28/><W109/><G109/><T104/><D104/><U87/><E87/><V125/><F113/><W122/><G122/><T131/><D131/><U90/><E38/><V51/><F51/><W12/><G12/><T33/><D33/><U44/><E44/><V93/><F125/><W117/><G117/><T118/><D118/><U23/><E23/><V79/><F95/><W70/><G70/><T83/><D83/><U36/><E36/><V106/><F106/><W91/><REACH who="3" step="1"/><G77/><REACH who="3" ten="313,268,228,181" step="2"/><T1/><D1/><U43/><E110/><V32/><AGARI ba="0,1" hai="24,31,32,37,39,54,57,63,79,81,86,88,93,98" machi="32" ten="20,5200,0" yaku="0,1,7,1,52,1,54,1" doraHai="89" who="2" fromWho="2" sc="313,-13,268,-13,228,62,181,-26" owari="300,40.0,255,-14.5,290,9.0,155,-34.5" /></mjloggm>