<mjloggm ver="2.3"><GO type="225" lobby="0"/><UN n0="%E5%91%A8%E6%9D%B1" n1="%E7%99%BD%E5%80%89%E5%AF%9B%E4%B9%8B" n2="%E9%A6%AC%E5%BC%95%E7%81%AB%33" n3="%E6%A1%9C%E8%8A%B1%E9%96%83%E3%80%85" dan="17,16,16,16" rate="2153.03,2185.68,2121.48,2132.79" sx="M,M,M,M"/><TAIKYOKU oya="0"/><INIT seed="0,0,0,3,0,72" ten="250,250,250,250" oya="0" hai0="124,75,70,16,89,80,48,1,58,4,5,60,74" hai1="121,3,68,67,47,40,104,133,115,102,97,120,95" hai2="52,45,9,50,41,44,33,12,92,32,127,108,62" hai3="13,123,118,7,20,35,6,23,113,15,98,14,21"/><T2/><D70/><U87/><E3/><V119/><F108/><W78/><G113/><T106/><D106/><U30/><E115/><V55/><F127/><W111/><G111/><T71/><D124/><U105/><E133/><V107/><F107/><W54/><G118/><T125/><D125/><U39/><E105/><V29/><F119/><W135/><G135/><T26/><D71/><U46/><E95/><V103/><F29/><W128/><G128/><T18/><D48/><U10/><E10/><V109/><F109/><W99/><G35/><T27/><D80/><U81/><E47/><V94/><F62/><W96/><G123/><T38/><D60/><U93/><E93/><V49/><F41/><W63/><G78/><T22/><D58/><AGARI ba="0,0" hai="6,7,13,14,15,20,21,23,54,58,63,96,98,99" machi="58" ten="50,6400,0" yaku="29,2,8,1" doraHai="72" who="3" fromWho="0" sc="250,-64,250,0,250,0,250,64" /><INIT seed="1,0,0,3,3,23" ten="186,250,250,314" oya="1" hai0="64,77,90,122,0,53,127,119,59,125,46,105,118" hai1="70,97,112,80,5,69,91,84,98,20,111,128,129" hai2="110,102,92,131,31,71,51,62,100,9,123,106,38" hai3="17,132,135,39,50,22,68,113,60,8,21,42,16"/><U15/><E112/><V65/><F123/><W99/><G39/><T28/><D105/><U73/><E73/><V117/><F117/><N who="0" m="44554" /><D0/><U47/><E47/><V109/><F38/><W75/><G75/><T76/><D90/><U7/><E111/><N who="2" m="42507" /><F131/><N who="1" m="50249" /><E20/><V48/><F106/><W107/><G8/><T89/><D89/><U49/><E49/><N who="2" m="19019" /><F31/><W40/><G113/><T108/><D108/><U27/><E27/><V95/><F9/><W56/><G50/><N who="0" m="28887" /><D28/><U45/><E45/><V121/><F121/><W133/><G42/><T130/><D130/><U126/><E126/><N who="0" m="48137" /><D122/><U37/><E37/><V63/><F102/><W19/><G40/><T103/><D103/><U83/><E83/><V93/><F100/><W1/><G133/><T101/><D101/><U82/><E82/><V88/><F88/><W41/><G135/><T54/><D77/><U115/><E115/><V120/><F120/><W4/><G132/><T134/><D76/><U52/><E52/><V26/><F26/><W78/><G41/><T12/><D134/><U3/><E3/><V61/><AGARI ba="0,0" hai="61,62,63,65,71,92,93,95" m="19019,42507" machi="61" ten="40,1500,0" yaku="14,1" doraHai="23" who="2" fromWho="2" sc="186,-4,250,-7,250,15,314,-4" /><INIT seed="2,0,0,0,1,73" ten="182,243,265,310" oya="2" hai0="56,97,43,41,57,118,23,77,128,90,112,60,38" hai1="134,111,110,17,74,32,24,15,106,49,66,4,117" hai2="130,29,55,39,7,46,48,34,122,1,50,125,135" hai3="129,64,126,40,14,101,81,89,115,72,54,92,105"/><V85/><F122/><W121/><G121/><T116/><D112/><U67/><E106/><V114/><F114/><W21/><G115/><T71/><D23/><U3/><E74/><V35/><F39/><W2/><G2/><T91/><D97/><U123/><E123/><V63/><F125/><W52/><G126/><T37/><D60/><U19/><E49/><V82/><F130/><W84/><G64/><T99/><D99/><U44/><E44/><V26/><F135/><W45/><G105/><T0/><D0/><U53/><E53/><V88/><F50/><N who="3" m="26919" /><G72/><T69/><REACH who="0" step="1"/><D128/><REACH who="0" ten="172,243,265,310" step="2"/><U70/><E3/><V62/><F35/><W76/><G129/><T16/><D16/><U109/><E19/><V93/><F63/><W124/><G124/><T12/><D12/><U18/><E18/><V83/><F62/><W28/><G14/><T5/><D5/><U103/><E4/><V59/><F1/><W100/><G100/><T98/><D98/><U87/><E103/><V86/><F7/><W22/><G101/><T75/><D75/><U51/><E15/><V30/><F34/><W78/><G21/><T94/><D94/><U120/><E17/><V33/><F93/><W113/><G113/><T42/><D42/><U108/><E32/><V95/><F95/><W11/><G92/><T132/><D132/><U104/><E134/><V80/><F86/><W119/><G84/><T10/><D10/><U102/><E87/><V25/><F33/><W8/><G11/><T133/><D133/><U65/><E110/><V20/><F85/><N who="3" m="50351" /><G8/><T68/><D68/><U47/><E109/><RYUUKYOKU ba="0,1" sc="172,30,243,-10,265,-10,310,-10" hai0="37,38,41,43,56,57,69,71,77,90,91,116,118" /><INIT seed="3,1,1,5,3,6" ten="202,233,255,300" oya="3" hai0="118,99,129,27,58,60,116,86,63,85,102,69,38" hai1="48,68,113,100,26,50,90,52,97,112,117,96,87" hai2="131,30,103,55,125,111,56,89,79,92,14,123,109" hai3="78,41,45,74,128,93,104,23,75,120,29,49,110"/><W43/><G120/><T124/><D38/><U72/><E72/><V105/><F123/><W59/><G104/><T33/><D129/><U12/><E68/><V10/><F131/><W35/><G35/><T42/><D42/><U130/><E130/><V134/><F125/><W108/><G128/><T22/><D33/><U84/><E117/><V80/><F134/><W127/><G127/><T8/><D124/><U15/><E26/><V25/><F103/><W101/><G41/><T57/><D69/><U62/><E62/><V21/><F105/><W32/><G23/><T126/><D126/><U121/><E121/><V73/><F56/><W53/><G29/><T5/><D118/><U18/><E100/><V51/><F51/><N who="3" m="31167" /><G78/><T31/><D116/><U82/><E50/><V115/><F55/><W70/><G70/><T76/><D76/><N who="1" m="46151" /><E112/><V95/><F115/><W24/><G24/><T83/><D63/><U65/><E65/><V88/><F95/><W81/><G32/><T67/><D83/><N who="1" m="49535" /><E113/><V71/><F71/><W107/><G107/><T28/><D28/><U4/><E4/><N who="2" m="3399" /><F92/><W114/><G114/><T44/><D58/><N who="1" m="33031" /><E12/><V106/><F106/><W17/><G81/><T37/><D37/><U11/><AGARI ba="1,1" hai="11,15,18,96,97" m="33031,49535,46151" machi="11" ten="30,4000,0" yaku="8,1,52,1,54,1" doraHai="6" who="1" fromWho="1" sc="202,-11,233,53,255,-11,300,-21" /><INIT seed="4,0,0,2,0,22" ten="191,286,244,279" oya="0" hai0="51,8,55,38,11,89,120,131,95,77,61,104,134" hai1="19,44,23,94,83,119,125,16,59,106,75,108,34" hai2="7,66,50,3,39,121,130,69,47,26,6,32,81" hai3="60,103,30,91,2,102,71,29,33,101,17,99,10"/><T129/><D104/><U124/><E106/><V88/><F121/><W36/><G36/><T113/><D120/><U0/><E34/><V128/><F39/><W54/><G2/><T76/><D38/><U65/><E0/><V126/><F126/><W115/><G115/><T85/><D113/><U122/><E122/><V117/><F117/><W135/><G135/><T53/><D134/><U78/><E119/><V67/><F3/><W114/><G114/><T86/><D61/><N who="1" m="38079" /><E108/><V14/><F67/><W31/><G33/><T28/><D28/><U79/><E23/><V41/><F66/><W110/><G110/><T57/><D55/><U20/><E20/><V98/><F69/><W133/><G71/><T107/><D107/><U80/><E94/><N who="2" m="56647" /><F81/><W4/><G133/><T5/><D8/><U82/><E44/><V12/><F12/><N who="3" m="7319" /><G30/><T100/><D100/><U68/><E68/><V96/><F96/><W46/><G46/><T116/><D116/><U43/><E43/><V15/><F15/><W1/><G1/><N who="0" m="431" /><D86/><N who="1" m="48407" /><E82/><V9/><F6/><W25/><G4/><T40/><D40/><U92/><E92/><V93/><F93/><N who="3" m="56767" /><G31/><T24/><D24/><U84/><E75/><V132/><F132/><W49/><G25/><T97/><D97/><U21/><E21/><V111/><F111/><W118/><G29/><T18/><D18/><N who="1" m="6699" /><E125/><V90/><F90/><W109/><G118/><T73/><D73/><U64/><E124/><V123/><F123/><W63/><G109/><T56/><D56/><U105/><E105/><V37/><F37/><W58/><AGARI ba="0,0" hai="49,54,58,60,63,101,102,103" m="56767,7319" machi="58" ten="30,1100,0" yaku="8,1" doraHai="22" who="3" fromWho="3" sc="191,-5,286,-3,244,-3,279,11" /><INIT seed="5,0,0,0,0,48" ten="186,283,241,290" oya="1" hai0="119,104,67,6,78,134,87,97,91,13,102,26,101" hai1="122,63,40,56,74,98,29,44,125,123,5,85,108" hai2="57,50,53,100,16,7,37,92,60,25,31,127,95" hai3="116,1,23,34,30,84,38,126,135,64,9,0,68"/><U73/><E125/><V118/><F118/><W70/><G84/><T75/><D119/><U90/><E108/><V28/><F37/><W109/><G23/><T94/><D134/><U83/><E29/><N who="2" m="11339" /><F7/><W51/><G51/><T72/><D26/><U36/><E5/><V89/><F127/><W62/><G116/><T14/><D102/><U52/><REACH who="1" step="1"/><E98/><REACH who="1" ten="186,273,241,290" step="2"/><V107/><F16/><W32/><G30/><T24/><D6/><U61/><E61/><V55/><F60/><W113/><G109/><T86/><D67/><U120/><AGARI ba="0,1" hai="36,40,44,52,56,63,73,74,83,85,90,120,122,123" machi="120" ten="30,11700,0" yaku="1,1,0,1,52,1,54,1,53,0" doraHai="48" doraHaiUra="47" who="1" fromWho="1" sc="186,-39,273,127,241,-39,290,-39" owari="147,-35.3,400,50.0,202,-19.8,251,5.1" /></mjloggm>