<mjloggm ver="2.3"><GO type="225" lobby="0"/><UN n0="%E3%81%AF%E3%82%88%E3%81%8A%E3%81%98%E3%81%95%E3%82%93" n1="%E3%81%95%E3%81%8D%E3%81%9F%E3%81%BE%E6%9E%97%E6%AA%8E" n2="%E3%81%94%E3%83%BC%E3%81%A9%E3%82%93" n3="%72%65%6E%6B%75%6E" dan="17,16,16,17" rate="2191.60,2135.64,2111.36,2179.79" sx="M,M,M,M"/><TAIKYOKU oya="0"/><INIT seed="0,0,0,0,0,99" ten="250,250,250,250" oya="0" hai0="7,62,94,77,96,5,21,37,1,70,114,33,22" hai1="107,69,76,13,126,6,79,11,10,61,123,84,50" hai2="118,82,25,17,121,54,104,32,125,66,46,89,63" hai3="92,71,130,39,65,112,73,60,124,44,93,3,45"/><T80/><D33/><U59/><E123/><V58/><F121/><W131/><G73/><T18/><D114/><U15/><E107/><V34/><F125/><W87/><G112/><T36/><D70/><U95/><E126/><V51/><F104/><W134/><G124/><T113/><D113/><U133/><E133/><V119/><F89/><W97/><G3/><T85/><D62/><U78/><E50/><V100/><F82/><W115/><G115/><T86/><D85/><U55/><E69/><V47/><F47/><W72/><G72/><T42/><D1/><U40/><E40/><V49/><F49/><W48/><G39/><T0/><D0/><U120/><E120/><V102/><F17/><W91/><G134/><T9/><D42/><U128/><E128/><N who="3" m="49194" /><G48/><T106/><D106/><U129/><E129/><V12/><F12/><W67/><G65/><T83/><D80/><U57/><E57/><V16/><F34/><W110/><G110/><T81/><D83/><N who="1" m="47207" /><E95/><V43/><F43/><W56/><G71/><T4/><D36/><U38/><E38/><V68/><F68/><W19/><G19/><AGARI ba="0,0" hai="6,10,11,13,15,19,55,59,61,78,79" m="47207" machi="19" ten="30,1000,0" yaku="8,1" doraHai="99" who="1" fromWho="3" sc="250,0,250,10,250,0,250,-10" /><INIT seed="1,0,0,4,0,24" ten="250,260,250,240" oya="1" hai0="126,37,79,84,129,15,28,87,124,10,32,88,92" hai1="26,17,22,98,112,106,7,35,130,51,62,14,38" hai2="40,105,100,80,6,102,111,4,19,34,119,89,13" hai3="47,53,29,109,118,107,3,55,57,45,85,71,43"/><U8/><E112/><V115/><F111/><W133/><G3/><T101/><D37/><U70/><E38/><V127/><F119/><W82/><G107/><T95/><D129/><U131/><E51/><V39/><F127/><N who="0" m="48682" /><D79/><U31/><E70/><V41/><F115/><W90/><G71/><T61/><D61/><U60/><E106/><V63/><F63/><W122/><G122/><T50/><D50/><U68/><E98/><V52/><F34/><W113/><G113/><T97/><D84/><U117/><E117/><V132/><F132/><W108/><G133/><T110/><D110/><N who="3" m="42601" /><G118/><T48/><D48/><U120/><E120/><V58/><F39/><N who="3" m="21759" /><G47/><T104/><D104/><U91/><E91/><V49/><F105/><W2/><G2/><T125/><N who="0" m="48690" /><T42/><DORA hai="103" /><D42/><N who="2" m="16490" /><F89/><W44/><G44/><T121/><D121/><U77/><E77/><V5/><F80/><W30/><G57/><T16/><D28/><AGARI ba="0,0" hai="28,29,30,53,55,82,85,90" m="21759,42601" machi="28" ten="30,7700,0" yaku="14,1,52,3" doraHai="24,103" who="3" fromWho="0" sc="250,-77,260,0,250,0,240,77" /><INIT seed="2,0,0,1,4,9" ten="173,260,250,317" oya="2" hai0="56,107,50,103,104,113,55,61,129,17,57,81,23" hai1="135,95,69,112,40,128,59,20,76,24,16,43,26" hai2="14,83,100,3,39,80,123,22,62,134,125,85,5" hai3="67,101,77,79,97,74,15,108,73,64,41,45,132"/><V105/><F123/><W110/><G132/><T126/><D113/><U131/><E112/><V71/><F39/><W96/><G45/><T13/><D126/><U88/><E135/><V42/><F134/><W21/><G21/><T19/><D129/><N who="1" m="49739" /><E69/><V65/><F125/><W10/><G41/><N who="1" m="15946" /><E59/><V116/><F42/><W75/><G79/><T1/><D1/><U34/><E76/><V54/><F71/><W2/><G2/><T4/><D4/><U109/><E109/><N who="3" m="42090" /><G77/><T0/><D0/><U72/><E72/><V30/><F5/><N who="3" m="3535" /><G96/><T120/><D120/><U94/><E94/><AGARI ba="0,0" hai="64,67,73,74,75,94,97,101" m="3535,42090" machi="94" ten="40,2600,0" yaku="14,1,52,1" doraHai="9" who="3" fromWho="1" sc="173,0,260,-26,250,0,317,26" /><INIT seed="3,0,0,2,3,6" ten="173,234,250,343" oya="3" hai0="113,62,54,124,120,34,33,117,70,9,32,28,92" hai1="21,20,106,58,38,112,0,60,84,16,52,86,46" hai2="109,83,74,105,39,13,2,50,78,79,91,14,36" hai3="80,133,22,26,68,89,127,31,66,125,97,72,55"/><W4/><G133/><T61/><D117/><U42/><E112/><V8/><F109/><W18/><G4/><T115/><D120/><U75/><E75/><V51/><F105/><W69/><G97/><T35/><N who="0" m="8192" /><DORA hai="95" /><T87/><D28/><U11/><E106/><V128/><F128/><W93/><G55/><T41/><D124/><U76/><E76/><V123/><F123/><W48/><G48/><T129/><D129/><U116/><E116/><V71/><F91/><W45/><G45/><T111/><D111/><U132/><E132/><V135/><F83/><W63/><G31/><T119/><D119/><U25/><REACH who="1" step="1"/><E21/><REACH who="1" ten="173,224,250,343" step="2"/><V94/><F74/><W118/><G118/><T114/><D41/><U81/><E81/><V19/><F135/><W104/><G104/><T77/><D70/><U64/><E64/><V85/><F71/><W107/><G107/><T56/><D77/><U73/><E73/><V59/><F79/><W130/><G80/><T134/><D134/><U3/><E3/><V108/><F2/><W29/><G72/><T90/><REACH who="0" step="1"/><D9/><REACH who="0" ten="163,224,250,343" step="2"/><U98/><E98/><V5/><F78/><W37/><G69/><T30/><D30/><U10/><E10/><N who="2" m="6583" /><F108/><W17/><G130/><T53/><D53/><U23/><E23/><V47/><F8/><W122/><G122/><T100/><D100/><U126/><E126/><V7/><F7/><AGARI ba="0,2" hai="0,7,11,16,20,25,38,42,46,52,58,60,84,86" machi="7" ten="40,8000,1" yaku="1,1,52,1,54,2,53,0" doraHai="6,95" doraHaiUra="102,110" who="1" fromWho="2" sc="163,0,224,100,250,-80,343,0" owari="163,-33.7,324,12.4,170,-23.0,343,44.3" /></mjloggm>