<mjloggm ver="2.3"><GO type="225" lobby="0"/><UN n0="%E5%B8%86%E7%AB%8B%E5%A4%8F%E8%A1%A3" n1="%E6%81%A5%E6%99%92%E3%81%97" n2="%E3%83%96%E3%83%83%E3%83%91%E3%82%AA%E3%83%96%E3%83%81%E3%82%AD%E3%83%B3" n3="%E5%91%A8%E6%9D%B1" dan="17,16,16,17" rate="2221.53,2101.58,2151.73,2159.95" sx="M,M,M,M"/><TAIKYOKU oya="0"/><INIT seed="0,0,0,3,5,46" ten="250,250,250,250" oya="0" hai0="110,82,32,15,18,125,122,89,29,67,2,123,107" hai1="1,90,77,59,130,20,117,16,106,119,83,69,49" hai2="129,42,13,9,52,71,23,131,63,41,111,70,116" hai3="80,74,100,39,96,118,93,17,60,94,56,61,22"/><T0/><D107/><U66/><E106/><V26/><F111/><W75/><G39/><T112/><D67/><U135/><E1/><N who="0" m="617" /><D89/><U5/><E5/><V12/><F116/><W25/><G118/><T104/><D82/><U91/><E119/><V55/><F9/><W62/><G80/><T57/><D57/><U8/><E8/><V65/><F26/><W7/><G7/><T124/><D104/><U43/><E117/><V58/><F23/><W19/><G19/><T134/><D112/><U121/><E121/><N who="0" m="46089" /><D134/><U95/><E69/><N who="2" m="26123" /><F12/><W51/><REACH who="3" step="1"/><G94/><REACH who="3" ten="250,250,250,240" step="2"/><T64/><D110/><U38/><E95/><V101/><F101/><W10/><G10/><N who="0" m="6519" /><D64/><U3/><E66/><V44/><F65/><W87/><G87/><T31/><D32/><U81/><E38/><V27/><F131/><W14/><G14/><T24/><D24/><U33/><E130/><V50/><F13/><W108/><G108/><T36/><D36/><U99/><E33/><V86/><F27/><W11/><G11/><T78/><D78/><U47/><E77/><V105/><F86/><W72/><G72/><T103/><D103/><U37/><E37/><N who="2" m="21551" /><F129/><W115/><G115/><T92/><D92/><U73/><E73/><V30/><F105/><W126/><G126/><AGARI ba="0,1" hai="29,31,124,125,126" m="6519,46089,617" machi="126" ten="40,7700,0" yaku="18,1,34,2" doraHai="46" who="0" fromWho="3" sc="250,87,250,0,250,0,240,-77" /><INIT seed="0,1,0,0,4,98" ten="337,250,250,163" oya="0" hai0="72,88,118,121,102,48,109,80,14,113,100,135,28" hai1="42,97,20,93,133,99,39,49,70,43,9,54,26" hai2="27,57,51,12,55,3,31,128,36,124,82,18,103" hai3="53,119,117,120,38,105,52,60,130,10,67,108,107"/><T106/><D113/><U85/><E70/><V13/><F128/><W30/><G38/><T92/><D118/><U59/><E133/><V15/><F124/><W37/><G37/><T22/><D121/><U61/><E39/><V65/><F3/><W71/><G130/><T112/><D112/><U24/><E9/><V4/><F36/><W74/><G120/><T132/><D109/><U19/><E26/><V46/><F4/><W16/><G108/><T114/><D114/><U11/><E11/><V94/><F82/><W56/><G30/><T29/><D48/><U63/><E63/><N who="2" m="38127" /><F31/><N who="0" m="11850" /><D22/><U45/><E85/><V84/><F84/><W73/><G117/><T86/><D14/><U33/><E33/><V129/><F129/><W41/><G119/><T32/><D32/><U77/><E77/><V125/><F125/><W104/><G41/><T47/><D47/><U68/><E68/><V5/><F5/><W123/><G123/><T131/><D131/><U87/><E43/><V23/><F15/><W69/><G69/><T96/><D102/><U40/><E40/><V64/><F64/><W127/><G127/><T50/><D50/><U115/><E115/><V35/><F35/><W44/><G44/><T134/><D72/><U17/><E19/><V75/><F75/><N who="3" m="28683" /><G71/><T111/><D111/><U58/><E58/><V83/><F83/><AGARI ba="1,0" hai="80,83,86,88,92,96,100,106,132,134,135" m="11850" machi="83" ten="40,7700,0" yaku="20,1,52,1,54,1" doraHai="98" who="0" fromWho="2" sc="337,80,250,0,250,-80,163,0" /><INIT seed="0,2,0,1,0,69" ten="417,250,170,163" oya="0" hai0="27,129,66,21,62,1,47,106,135,20,39,117,103" hai1="87,53,19,126,63,5,48,78,120,52,115,7,102" hai2="31,68,32,121,45,85,24,110,109,94,58,79,49" hai3="100,30,4,116,12,50,73,8,28,61,72,46,99"/><T118/><D1/><U98/><E120/><V42/><F121/><W75/><G116/><T65/><D129/><U2/><E2/><V114/><F114/><W124/><G61/><T38/><D135/><U71/><E115/><V6/><F68/><W130/><G124/><T91/><D91/><U119/><E119/><V133/><F133/><W22/><G22/><T17/><D103/><U77/><E126/><V55/><F6/><W29/><G130/><T18/><D106/><U97/><E19/><V76/><F94/><W123/><G123/><T107/><D107/><U88/><E71/><V96/><F96/><N who="1" m="36969" /><E102/><V10/><F10/><W41/><REACH who="3" step="1"/><G73/><REACH who="3" ten="417,250,170,153" step="2"/><T125/><D62/><U15/><E63/><V0/><F0/><W111/><G111/><T23/><D23/><U64/><E64/><V101/><F101/><W59/><G59/><T33/><D125/><U70/><E70/><V35/><F35/><W40/><G40/><T86/><D65/><U56/><E53/><V92/><F110/><W104/><AGARI ba="2,1" hai="4,8,12,28,29,30,41,46,50,72,75,99,100,104" machi="104" ten="30,4000,0" yaku="1,1,0,1,53,1" doraHai="69" doraHaiUra="44" who="3" fromWho="3" sc="417,-22,250,-12,170,-12,153,56" /><INIT seed="1,0,0,2,1,123" ten="395,238,158,209" oya="1" hai0="130,17,66,113,62,91,93,42,92,54,30,47,94" hai1="36,57,73,83,121,20,135,46,49,88,21,37,19" hai2="102,110,114,76,24,15,117,41,132,103,125,34,128" hai3="60,111,89,40,68,45,95,2,9,96,97,23,52"/><U12/><E121/><V51/><F117/><W31/><G111/><T48/><D113/><U101/><E135/><V64/><F114/><W13/><G2/><T72/><D130/><U44/><E101/><N who="2" m="38411" /><F34/><W100/><G31/><T84/><D72/><U67/><E73/><V69/><F69/><W63/><G23/><T116/><D116/><U16/><E37/><V1/><F1/><W99/><G68/><T82/><D30/><U129/><E36/><V86/><F132/><W25/><G25/><T3/><D3/><U70/><E70/><V71/><F71/><W32/><G32/><T131/><D131/><U35/><E35/><V0/><F0/><W11/><G11/><T120/><D120/><U10/><E10/><V108/><F64/><W58/><G63/><T74/><D74/><U80/><E80/><V122/><F128/><W119/><G100/><T55/><D17/><U43/><E129/><V65/><F65/><W28/><G28/><T27/><D27/><N who="1" m="14727" /><E43/><V39/><F122/><W18/><REACH who="3" step="1"/><G119/><REACH who="3" ten="395,238,158,199" step="2"/><T85/><D62/><N who="1" m="38351" /><E49/><AGARI ba="0,1" hai="9,13,18,40,45,49,52,58,60,89,95,96,97,99" machi="49" ten="30,7700,0" yaku="1,1,7,1,8,1,54,1,53,0" doraHai="123" doraHaiUra="106" who="3" fromWho="1" sc="395,0,238,-77,158,0,199,87" /><INIT seed="2,0,0,4,5,94" ten="395,161,158,286" oya="2" hai0="0,60,62,112,84,104,22,36,69,45,31,115,100" hai1="53,117,40,130,82,67,10,5,92,90,132,96,118" hai2="41,71,111,29,73,6,135,61,110,30,101,35,105" hai3="46,106,119,17,77,56,7,11,28,37,25,72,20"/><V18/><F73/><W107/><G119/><T27/><D0/><U19/><E130/><V64/><F135/><W26/><G56/><T89/><D100/><U120/><E120/><V52/><F41/><N who="3" m="22831" /><G26/><T124/><D104/><U32/><E132/><V23/><F6/><W58/><G58/><T24/><D124/><U57/><E32/><V49/><F35/><W44/><G44/><T48/><D36/><U88/><E40/><V127/><F127/><W75/><G17/><T113/><D113/><U99/><E19/><V80/><F80/><N who="3" m="45095" /><G75/><T103/><D103/><BYE who="0" /><U133/><E133/><V15/><F49/><UN n0="%E5%B8%86%E7%AB%8B%E5%A4%8F%E8%A1%A3" /><W1/><AGARI ba="0,0" hai="1,7,11,20,25,28,106,107" m="45095,22831" machi="1" ten="30,1100,0" yaku="25,1" doraHai="94" who="3" fromWho="3" sc="395,-3,161,-3,158,-5,286,11" /><INIT seed="3,0,0,5,3,65" ten="392,158,153,297" oya="3" hai0="55,57,48,38,103,10,131,77,127,20,133,23,69" hai1="90,30,52,82,49,128,134,28,1,72,92,36,118" hai2="24,108,39,79,114,78,12,120,46,95,80,89,121" hai3="126,56,66,58,135,25,129,0,100,3,99,40,101"/><W5/><G135/><T76/><D127/><U15/><E1/><V87/><F114/><W123/><G123/><N who="2" m="47177" /><F108/><W11/><G126/><T67/><D131/><U41/><E134/><V62/><F12/><W60/><G129/><T125/><D38/><U104/><E128/><V47/><F39/><W4/><G40/><T13/><D133/><U45/><E104/><V96/><F62/><W102/><G25/><T91/><D125/><U112/><E112/><V132/><F132/><W74/><G74/><T44/><D69/><U88/><E15/><V32/><F32/><W98/><REACH who="3" step="1"/><G58/><REACH who="3" ten="392,158,153,287" step="2"/><T26/><D26/><U107/><E41/><V31/><F31/><W84/><G84/><T93/><D57/><U6/><E30/><V73/><F24/><W8/><AGARI ba="0,1" hai="0,3,4,5,8,11,56,60,66,98,99,100,101,102" machi="8" ten="30,6000,0" yaku="1,1,0,1,9,1,53,0" doraHai="65" doraHaiUra="105" who="3" fromWho="3" sc="392,-20,158,-20,153,-20,287,70" /><INIT seed="3,1,0,1,0,7" ten="372,138,133,357" oya="3" hai0="128,23,53,29,55,22,123,73,43,8,38,20,96" hai1="85,93,59,122,33,25,115,101,40,4,63,120,3" hai2="17,30,112,39,31,52,62,50,32,72,114,99,11" hai3="82,102,21,105,24,124,74,6,60,65,76,92,134"/><W94/><G134/><T91/><D73/><U135/><E115/><V131/><F39/><W108/><G124/><T37/><D123/><U86/><E135/><V34/><F72/><W12/><G108/><T90/><D128/><U121/><E40/><V14/><F62/><W13/><G105/><T78/><D78/><U119/><E119/><V117/><F99/><W109/><G109/><T110/><D110/><U118/><E118/><V48/><F117/><W126/><G126/><T5/><D38/><U106/><E106/><V36/><F36/><W19/><G102/><T42/><D37/><U10/><E101/><V2/><F50/><W1/><G1/><T67/><D67/><U58/><E93/><V56/><F131/><W9/><G24/><T75/><D29/><U46/><E46/><V129/><F129/><W103/><G103/><T80/><D75/><U68/><E68/><AGARI ba="1,0" hai="6,9,12,13,19,21,60,65,68,74,76,82,92,94" machi="68" ten="30,2900,0" yaku="7,1,52,1" doraHai="7" who="3" fromWho="1" sc="372,0,138,-32,133,0,357,32" owari="372,17.2,106,-39.4,133,-26.7,389,48.9" /></mjloggm>