<mjloggm ver="2.3"><GO type="225" lobby="0"/><UN n0="%72%65%6E%6B%75%6E" n1="%73%73%6B%5F%66%72%65%65" n2="%E5%A4%8F%E9%88%B4%E9%88%B4%E5%A4%8F" n3="%70%68%65%6E%6F%6D%65" dan="17,16,16,16" rate="2218.77,2130.71,2102.34,2117.67" sx="M,M,F,M"/><TAIKYOKU oya="0"/><INIT seed="0,0,0,3,2,104" ten="250,250,250,250" oya="0" hai0="113,74,92,111,93,126,24,78,66,72,100,28,18" hai1="87,76,35,1,31,3,45,130,51,54,58,53,98" hai2="16,124,29,108,69,84,43,7,91,97,122,119,9" hai3="33,61,127,8,42,20,64,11,94,73,52,36,80"/><T110/><D113/><U6/><E130/><V38/><F122/><W121/><G33/><T17/><D66/><U131/><E131/><V10/><F69/><W19/><G121/><T79/><D126/><U82/><E6/><V27/><F108/><N who="0" m="41514" /><D78/><U117/><E117/><V57/><F119/><W120/><G120/><T40/><D40/><U129/><E129/><V95/><F124/><W49/><G127/><T37/><D37/><U86/><E86/><V112/><F112/><W41/><G36/><T44/><D44/><U13/><E13/><V81/><F57/><W109/><G42/><T23/><D79/><U12/><E12/><V114/><F114/><W70/><G41/><T128/><D128/><U59/><E45/><V60/><F43/><W90/><G109/><T4/><D4/><U26/><REACH who="1" step="1"/><E98/><REACH who="1" ten="250,240,250,250" step="2"/><V118/><F7/><W134/><G134/><T107/><D107/><U135/><E135/><V39/><F118/><W103/><G11/><T101/><D93/><U14/><E14/><N who="2" m="7247" /><F10/><W102/><G8/><T88/><D100/><U21/><E21/><N who="2" m="15599" /><F95/><W15/><G80/><T5/><D101/><U30/><E30/><V50/><F97/><W105/><G105/><T89/><D5/><U46/><E46/><V22/><F22/><W96/><REACH who="3" step="1"/><G73/><REACH who="3" ten="250,240,250,240" step="2"/><N who="0" m="28267" /><D92/><U2/><E2/><V85/><F38/><W77/><G77/><T32/><D32/><U106/><E106/><V63/><F39/><W99/><G99/><T116/><D116/><U71/><E71/><V25/><F85/><W133/><G133/><T132/><D132/><U65/><E65/><V75/><F75/><RYUUKYOKU ba="0,2" sc="250,10,240,10,250,-30,240,10" hai0="17,18,23,24,28,88,89" hai1="1,3,26,31,35,51,53,54,58,59,76,82,87" hai3="15,19,20,49,52,61,64,70,90,94,96,102,103" /><INIT seed="0,1,2,3,0,103" ten="260,250,220,250" oya="0" hai0="57,66,5,72,78,121,115,93,38,127,88,40,86" hai1="43,135,46,130,32,68,6,42,97,125,134,27,131" hai2="67,30,77,44,12,101,13,84,49,87,126,24,90" hai3="14,94,110,11,16,95,62,122,105,18,51,35,33"/><T21/><D121/><U91/><E68/><V98/><F126/><W8/><G122/><T111/><D127/><U3/><E125/><V118/><F67/><W117/><G117/><T75/><D115/><U7/><E27/><V4/><F118/><W1/><G62/><T106/><D5/><N who="1" m="1547" /><E32/><V15/><F4/><W65/><G65/><T113/><D113/><U61/><E61/><V85/><F77/><W133/><G51/><T69/><D69/><U104/><E3/><V79/><F79/><W128/><G1/><T123/><D123/><U9/><E9/><V10/><F10/><W71/><G71/><T28/><D106/><U82/><E82/><V83/><F24/><W81/><G81/><T20/><D28/><U53/><E53/><V116/><F30/><W56/><G105/><T41/><D41/><N who="1" m="15371" /><E46/><V107/><F116/><W29/><G29/><T17/><D20/><U48/><E48/><V99/><REACH who="2" step="1"/><F98/><REACH who="2" ten="260,250,210,250" step="2"/><W74/><G11/><T108/><D66/><U96/><E96/><V39/><F39/><W63/><G8/><T23/><D38/><U119/><E119/><V55/><AGARI ba="1,3" hai="12,13,15,44,49,55,83,84,85,87,90,99,101,107" machi="55" ten="30,4000,0" yaku="1,1,0,1,52,1,53,0" doraHai="103" doraHaiUra="0" who="2" fromWho="2" sc="260,-21,250,-11,210,73,250,-11" /><INIT seed="1,0,0,5,3,28" ten="239,239,283,239" oya="1" hai0="41,103,89,58,50,22,77,93,127,79,10,16,123" hai1="100,60,47,82,101,81,26,44,92,17,48,30,37" hai2="90,95,135,36,113,121,8,97,14,110,46,99,27" hai3="112,29,70,38,128,125,119,57,106,54,76,117,134"/><U52/><E17/><V45/><F121/><W120/><RYUUKYOKU type="yao9" ba="0,0" sc="239,0,239,0,283,0,239,0" hai3="29,38,54,57,70,76,106,112,117,119,120,125,128,134" /><INIT seed="1,1,0,5,1,56" ten="239,239,283,239" oya="1" hai0="78,74,122,67,5,88,93,52,4,8,36,120,76" hai1="101,115,63,45,95,9,46,48,64,125,27,3,66" hai2="82,51,47,30,126,89,44,91,21,105,57,31,0" hai3="81,10,99,86,123,24,54,134,71,22,49,55,110"/><U73/><E115/><V79/><F105/><W131/><G123/><N who="0" m="47147" /><D36/><U41/><E125/><V28/><F0/><W108/><G131/><T83/><D76/><U90/><E73/><V59/><F126/><W109/><G134/><T116/><D116/><U75/><E75/><V40/><F21/><W103/><G71/><T130/><D130/><U53/><E27/><V16/><F16/><N who="3" m="12359" /><G49/><T80/><D80/><U37/><E101/><V117/><F47/><W1/><G1/><T7/><D67/><U50/><E37/><V128/><F128/><W98/><G10/><T15/><D52/><N who="3" m="20009" /><G103/><T61/><D61/><U38/><E38/><V26/><F51/><W17/><G17/><T33/><D33/><U43/><E9/><V133/><F44/><W65/><G65/><T112/><D112/><U118/><E3/><V129/><F117/><W23/><G23/><T100/><D100/><U20/><E20/><V13/><F133/><W58/><G58/><T84/><AGARI ba="1,0" hai="4,5,7,8,15,74,78,83,84,88,93" m="47147" machi="84" ten="30,2000,0" yaku="13,1,54,1" doraHai="56" who="0" fromWho="0" sc="239,23,239,-11,283,-6,239,-6" /><INIT seed="2,0,0,0,3,92" ten="262,228,277,233" oya="2" hai0="126,75,50,1,97,78,106,115,9,24,127,132,49" hai1="15,103,79,96,11,65,90,63,134,53,13,21,119" hai2="60,39,18,124,77,105,8,57,61,45,14,35,54" hai3="62,83,98,125,10,41,16,12,93,82,107,72,31"/><V94/><F105/><W71/><G125/><N who="0" m="47627" /><D115/><U133/><E119/><V70/><F35/><W114/><G114/><T32/><D132/><N who="1" m="50795" /><E79/><V122/><F122/><W102/><G41/><T99/><D106/><N who="1" m="63847" /><E90/><V7/><F77/><W59/><G71/><T118/><D118/><U27/><E53/><V66/><F94/><W30/><G107/><T73/><D50/><U128/><E11/><V25/><F124/><W111/><G111/><T33/><D49/><U51/><E51/><V19/><F25/><W89/><G72/><N who="0" m="27723" /><D78/><U69/><E128/><V85/><F85/><N who="3" m="50359" /><G83/><T40/><D40/><U43/><E43/><V2/><F39/><W64/><AGARI ba="0,0" hai="10,12,16,30,31,59,62,64,93,98,102" m="50359" machi="64" ten="30,4000,0" yaku="8,1,52,1,54,1" doraHai="92" who="3" fromWho="3" sc="262,-10,228,-10,277,-20,233,40" /><INIT seed="3,0,0,1,2,124" ten="252,218,257,273" oya="3" hai0="99,2,105,82,121,27,93,48,44,62,126,112,81" hai1="67,108,38,75,46,19,89,30,47,114,9,34,87" hai2="106,134,36,103,18,130,118,84,88,24,109,31,100" hai3="42,49,83,40,115,116,120,110,80,11,54,117,3"/><W51/><G115/><T32/><D121/><U95/><E114/><V122/><F118/><W7/><G120/><T63/><D126/><U129/><E108/><V12/><F109/><W21/><G110/><T45/><D112/><U91/><E75/><V125/><F36/><W71/><G71/><T15/><D2/><U25/><E67/><V133/><F130/><W79/><G21/><T17/><D105/><U37/><E129/><V96/><F103/><W76/><G54/><N who="0" m="29967" /><D44/><U35/><E35/><V131/><F131/><W78/><G49/><T23/><D32/><U101/><E101/><V60/><F60/><N who="0" m="23082" /><D15/><U66/><E66/><V61/><F61/><W0/><G51/><T127/><D127/><U128/><E128/><V33/><F122/><W92/><G0/><T57/><D57/><U135/><E38/><V8/><REACH who="2" step="1"/><F125/><REACH who="2" ten="252,218,247,273" step="2"/><W55/><G116/><T29/><D29/><U4/><E37/><V85/><F85/><W14/><G117/><T53/><D53/><U69/><E87/><V74/><F74/><W28/><G55/><T119/><D119/><U86/><E86/><V59/><F59/><W97/><G28/><T90/><AGARI ba="0,1" hai="17,23,27,81,82,90,93,99" m="23082,29967" machi="90" ten="30,1100,0" yaku="8,1" doraHai="124" who="0" fromWho="0" sc="252,21,218,-3,247,-3,273,-5" /><INIT seed="4,0,0,3,5,107" ten="273,215,244,268" oya="0" hai0="59,27,60,73,103,2,10,15,34,61,50,37,72" hai1="119,118,58,75,110,30,115,63,25,47,130,19,121" hai2="7,80,35,44,38,43,97,45,113,109,48,106,133" hai3="62,77,24,57,124,18,41,100,78,112,11,52,12"/><T46/><D37/><U104/><E110/><V82/><F109/><W122/><G112/><T132/><D2/><U116/><E115/><V70/><F35/><W101/><G124/><T98/><D132/><U111/><E111/><V3/><F113/><W127/><G127/><T83/><D34/><U36/><E121/><V71/><F7/><W26/><G122/><T87/><D27/><N who="3" m="10281" /><G41/><T28/><D28/><U23/><E130/><V16/><F3/><W94/><G94/><T114/><D114/><U21/><E104/><V135/><F16/><W85/><G85/><T1/><D1/><U88/><E75/><V108/><F108/><W117/><G117/><T92/><D60/><U90/><E36/><V66/><F97/><W96/><G96/><T129/><D129/><U9/><E9/><V93/><F93/><W39/><G39/><T91/><D50/><U102/><E102/><AGARI ba="0,0" hai="11,12,18,52,57,62,77,78,100,101,102" m="10281" machi="102" ten="30,2000,0" yaku="8,1,54,1" doraHai="107" who="3" fromWho="1" sc="273,0,215,-20,244,0,268,20" /><INIT seed="5,0,0,0,1,123" ten="273,195,244,288" oya="1" hai0="101,32,11,20,98,55,37,3,48,96,71,107,44" hai1="54,15,4,65,108,120,77,95,62,0,100,40,117" hai2="23,12,59,52,114,61,42,14,16,49,78,47,74" hai3="19,51,111,73,135,113,1,81,103,94,8,68,90"/><U79/><E117/><V35/><F35/><W63/><G111/><T115/><D71/><U33/><E120/><V126/><F126/><W43/><G103/><T128/><D32/><U27/><E0/><V24/><F114/><W134/><G113/><T5/><D115/><U121/><E121/><V46/><F78/><W60/><G81/><T34/><D34/><U67/><E54/><V13/><F74/><W2/><G73/><T112/><D112/><U56/><E108/><V125/><F125/><W38/><G38/><T64/><D128/><U93/><E40/><V25/><F25/><W85/><G19/><T45/><D64/><U17/><E67/><V99/><F99/><W104/><G104/><T7/><D7/><U124/><E4/><V66/><F47/><N who="3" m="26111" /><G8/><T82/><D82/><U132/><E132/><N who="3" m="50730" /><G68/><T22/><D98/><N who="1" m="59471" /><E124/><V89/><F89/><W116/><G116/><T26/><D26/><U50/><E95/><V106/><F106/><W91/><G90/><T87/><D87/><U97/><E97/><V130/><F130/><W122/><G122/><T18/><D18/><U83/><E83/><V86/><F86/><W31/><G31/><T88/><D88/><U29/><E50/><V69/><F69/><W9/><G1/><T105/><D105/><U57/><E57/><V72/><F72/><W75/><G75/><T70/><D70/><U131/><E131/><V76/><F76/><N who="1" m="29257" /><E17/><V80/><F80/><W21/><G2/><T39/><D39/><U84/><E84/><V102/><F102/><W119/><G119/><T53/><D37/><U41/><E41/><AGARI ba="0,0" hai="12,13,14,16,23,24,41,42,46,49,52,59,61,66" machi="41" ten="40,8000,1" yaku="6,1,8,1,54,2" doraHai="123" who="2" fromWho="1" sc="273,0,195,-80,244,80,288,0" owari="273,-12.7,115,-38.5,324,42.4,288,8.8" /></mjloggm>