<mjloggm ver="2.3"><GO type="225" lobby="0"/><UN n0="%72%65%6E%6B%75%6E" n1="%E3%83%96%E3%83%83%E3%83%91%E3%82%AA%E3%83%96%E3%83%81%E3%82%AD%E3%83%B3" n2="%5C%28%E2%89%A7%E2%96%BD%E2%89%A6%29%2F" n3="%E3%81%BF%E3%81%BF%E3%81%9A" dan="17,16,16,18" rate="2209.29,2203.66,2088.95,2264.22" sx="M,M,M,M"/><TAIKYOKU oya="0"/><INIT seed="0,0,0,1,4,15" ten="250,250,250,250" oya="0" hai0="118,123,89,27,39,1,135,65,125,124,76,82,79" hai1="115,134,88,10,63,103,92,97,26,100,99,33,58" hai2="34,112,128,54,4,40,105,117,61,29,71,5,122" hai3="59,74,70,67,17,42,20,114,121,111,3,66,69"/><T83/><D1/><U19/><E134/><V38/><F40/><W44/><G114/><T57/><D39/><U12/><E115/><V9/><F54/><W8/><G74/><T55/><D118/><U101/><E33/><V116/><F5/><W90/><G111/><T35/><D123/><U41/><E41/><V119/><F38/><W78/><G78/><N who="0" m="29739" /><D65/><U51/><E51/><V13/><F112/><W133/><G133/><T28/><D89/><U77/><E77/><V53/><F122/><W73/><G73/><T108/><D108/><U22/><E99/><V93/><F105/><W11/><G121/><T81/><D135/><U24/><REACH who="1" step="1"/><E10/><REACH who="1" ten="250,240,250,250" step="2"/><V16/><F117/><W2/><G11/><T18/><D35/><U14/><E14/><V62/><F116/><W107/><G8/><T127/><D27/><U68/><E68/><V80/><F71/><W102/><G70/><T110/><D110/><U75/><E75/><V50/><F119/><W91/><G69/><T98/><D98/><U126/><E126/><V95/><F34/><W6/><G3/><T85/><D85/><U7/><E7/><V49/><F4/><W132/><G6/><T104/><D124/><U109/><E109/><V60/><F13/><N who="3" m="9263" /><G2/><T48/><D125/><U23/><E23/><V87/><F9/><W21/><G21/><T45/><D127/><U86/><E86/><V47/><F87/><W46/><G132/><T130/><D48/><U96/><E96/><V131/><F50/><W113/><G113/><T31/><D104/><U64/><AGARI ba="0,1" hai="12,19,22,24,26,58,63,64,88,92,97,100,101,103" machi="64" ten="30,12000,2" yaku="1,1,0,1,8,1,52,1,54,1,53,1" doraHai="15" doraHaiUra="52" who="1" fromWho="1" sc="250,-60,240,130,250,-30,250,-30" /><INIT seed="1,0,0,2,5,34" ten="190,370,220,220" oya="1" hai0="56,102,37,24,100,72,61,47,75,35,42,96,38" hai1="107,7,29,124,39,17,79,118,16,33,31,94,30" hai2="111,40,132,11,80,103,41,68,18,82,44,101,116" hai3="104,57,121,93,110,69,64,134,22,32,99,86,122"/><U28/><E107/><V97/><F116/><W135/><G32/><T77/><D38/><U129/><E118/><V48/><F68/><W62/><G110/><T123/><D123/><N who="3" m="47113" /><G104/><T74/><D77/><U14/><E39/><V19/><F111/><W51/><G86/><T95/><D102/><U76/><E129/><V71/><F71/><W117/><G117/><T36/><D36/><U84/><E124/><V54/><F132/><N who="3" m="50731" /><G22/><T98/><D98/><U53/><N who="1" m="7168" /><DORA hai="55" /><U21/><E33/><V109/><F109/><W4/><G4/><T58/><D35/><U78/><E53/><V67/><F67/><W10/><G10/><T12/><D24/><U66/><E66/><V88/><F103/><N who="3" m="60911" /><G51/><T108/><D108/><U8/><REACH who="1" step="1"/><E21/><REACH who="1" ten="190,360,220,220" step="2"/><V20/><F20/><W0/><G69/><T6/><REACH who="0" step="1"/><D61/><REACH who="0" ten="180,360,220,220" step="2"/><U3/><E3/><AGARI ba="0,2" hai="0,3,57,62,64" m="60911,50731,47113" machi="3" ten="30,7700,0" yaku="20,1,52,3" doraHai="34,55" who="3" fromWho="1" sc="180,0,360,-77,220,0,220,97" /><INIT seed="2,0,0,1,2,87" ten="180,283,220,317" oya="2" hai0="71,91,129,2,55,94,29,38,116,132,13,46,121" hai1="135,33,123,73,93,83,15,130,107,113,57,60,39" hai2="1,127,112,10,81,47,27,40,49,7,105,67,42" hai3="104,48,117,74,26,122,85,24,64,103,125,31,51"/><V111/><F112/><W115/><G117/><T124/><D2/><U128/><E113/><V28/><F105/><W126/><G74/><T35/><D121/><U100/><E39/><V43/><F127/><N who="3" m="48651" /><G115/><T50/><D124/><U11/><E33/><V114/><F114/><W75/><G75/><T58/><D116/><U69/><E123/><V90/><F67/><W118/><G118/><T95/><D129/><N who="1" m="49771" /><E135/><V19/><F19/><W86/><G64/><T36/><D71/><U56/><E107/><V53/><F111/><W6/><G6/><T102/><D132/><U52/><E69/><V62/><F62/><W89/><G86/><T0/><D0/><U120/><E120/><V79/><F90/><W18/><G122/><T21/><D35/><U34/><E34/><V76/><REACH who="2" step="1"/><F81/><REACH who="2" ten="180,283,210,317" step="2"/><N who="3" m="49327" /><G18/><T108/><D108/><U44/><E83/><V101/><F101/><W99/><G24/><T3/><D102/><U96/><E60/><V37/><F37/><W32/><AGARI ba="0,1" hai="26,31,32,48,51,99,103,104" m="49327,48651" machi="32" ten="30,2000,0" yaku="18,1,52,1" doraHai="87" who="3" fromWho="3" sc="180,-5,283,-5,210,-10,317,30" /><INIT seed="3,0,0,1,3,61" ten="175,278,200,347" oya="3" hai0="20,57,134,106,63,100,33,46,116,104,25,112,37" hai1="98,82,68,96,110,12,114,23,62,80,123,43,77" hai2="60,118,119,115,92,41,49,117,29,6,44,70,85" hai3="50,47,99,65,48,4,94,3,58,21,72,88,79"/><W102/><G3/><T2/><D116/><U9/><E123/><V111/><F115/><W127/><G127/><T71/><D2/><U15/><E114/><V101/><F29/><W14/><G72/><T52/><D112/><U78/><E110/><V121/><F111/><W76/><G102/><T13/><D134/><U5/><E43/><V1/><F121/><W24/><G65/><T75/><D75/><U35/><E35/><V73/><F73/><W64/><G64/><T38/><D71/><U131/><E131/><V125/><F125/><W11/><G58/><T132/><D132/><U67/><E23/><V45/><F45/><W56/><G56/><T124/><D124/><U130/><E130/><V95/><F101/><W40/><G50/><T87/><D87/><U133/><E15/><V55/><F85/><W122/><G122/><T54/><D13/><U86/><E133/><V84/><F84/><AGARI ba="0,0" hai="5,9,12,62,67,68,77,78,80,82,84,86,96,98" machi="84" ten="30,3900,0" yaku="7,1,9,1,52,1" doraHai="61" who="1" fromWho="2" sc="175,0,278,39,200,-39,347,0" owari="175,-22.5,317,11.7,161,-33.9,347,44.7" /></mjloggm>