<mjloggm ver="2.3"><GO type="225" lobby="0"/><UN n0="%E9%A6%AC%E5%BC%95%E7%81%AB%33" n1="%E3%82%A4%E3%83%BC%E3%82%B1%E3%83%97%E3%83%A9" n2="%E3%81%A4%E3%81%A3%E3%81%B1%E3%82%8A%E3%83%9D%E3%83%BC%E3%83%AB" n3="%E6%81%A5%E6%99%92%E3%81%97" dan="16,16,17,16" rate="2141.69,2172.85,2137.23,2064.84" sx="M,M,M,M"/><TAIKYOKU oya="0"/><INIT seed="0,0,0,1,3,94" ten="250,250,250,250" oya="0" hai0="5,36,59,99,27,45,21,134,55,16,29,114,120" hai1="58,116,123,73,86,121,130,53,112,15,102,119,104" hai2="28,108,133,75,111,50,39,56,110,3,38,32,42" hai3="71,91,79,70,11,68,18,67,2,48,106,44,65"/><T66/><D114/><U103/><E73/><V46/><F75/><W89/><G106/><T88/><D120/><U95/><E15/><V115/><F115/><W78/><G2/><T64/><D134/><U57/><E112/><V49/><F3/><W80/><G79/><T9/><D36/><N who="2" m="13866" /><F28/><W19/><G78/><T85/><D45/><U77/><E77/><V82/><F82/><W12/><G19/><T131/><D131/><U17/><E53/><N who="2" m="31799" /><F32/><W129/><G129/><T20/><D9/><U125/><E130/><V83/><F83/><W128/><G128/><T90/><D5/><U26/><E17/><V124/><F124/><W33/><G33/><T107/><D107/><U63/><E104/><V43/><F43/><W54/><REACH who="3" step="1"/><G91/><REACH who="3" ten="250,250,250,240" step="2"/><N who="0" m="34859" /><D85/><AGARI ba="0,1" hai="11,12,18,44,48,54,65,67,68,70,71,80,85,89" machi="85" ten="40,8000,1" yaku="1,1,25,2,53,1" doraHai="94" doraHaiUra="4" who="3" fromWho="0" sc="250,-80,250,0,250,0,240,90" /><INIT seed="1,0,0,2,5,22" ten="170,250,250,330" oya="1" hai0="92,105,110,9,78,31,83,27,127,43,112,56,10" hai1="116,113,17,23,2,76,62,20,70,1,80,14,4" hai2="50,130,102,79,35,122,128,65,133,59,54,86,85" hai3="97,58,132,106,34,19,66,117,8,111,126,115,39"/><U72/><E113/><V57/><F122/><W21/><G115/><T33/><D110/><U77/><E116/><V131/><F133/><W30/><G117/><T36/><D112/><U55/><E77/><V42/><F35/><W107/><G39/><T11/><D105/><U108/><E108/><V94/><F42/><W37/><G37/><T101/><D127/><U71/><E23/><V28/><F28/><W32/><G34/><T123/><D123/><U45/><E4/><V12/><F12/><W6/><G126/><T16/><D56/><U84/><E72/><V69/><F69/><W67/><G132/><T48/><D36/><U29/><E29/><V47/><F79/><W109/><G58/><N who="2" m="22025" /><F65/><W103/><G67/><T40/><D48/><U7/><E62/><V26/><F26/><W104/><G66/><T61/><D61/><U125/><E125/><V124/><F124/><W53/><G109/><T88/><D101/><U95/><E7/><V98/><AGARI ba="0,0" hai="47,50,54,85,86,94,98,102,128,130,131" m="22025" machi="98" ten="40,1500,0" yaku="19,1" doraHai="22" who="2" fromWho="2" sc="170,-4,250,-7,250,15,330,-4" /><INIT seed="2,0,0,0,2,21" ten="166,243,265,326" oya="2" hai0="48,104,97,110,95,130,100,52,87,85,43,119,82" hai1="117,81,59,118,23,11,105,77,44,0,5,128,114" hai2="78,98,30,112,42,91,76,68,65,18,3,51,45" hai3="72,17,12,34,40,61,2,71,74,89,56,54,50"/><V125/><F112/><W14/><G2/><T60/><D110/><U20/><E105/><V107/><F125/><W101/><G34/><T28/><D130/><U75/><E114/><V10/><F30/><W120/><G120/><T127/><D127/><U111/><E111/><V79/><F68/><W124/><G101/><T27/><D119/><U93/><E128/><V131/><F131/><W31/><G31/><T8/><D43/><U134/><E134/><V116/><F65/><W9/><G71/><T63/><D8/><U15/><E59/><V26/><F116/><W70/><G89/><T19/><D19/><U94/><E23/><N who="2" m="13687" /><F107/><W37/><G124/><T39/><D39/><U6/><E6/><V29/><F29/><W66/><G14/><T32/><D104/><U90/><E94/><N who="2" m="56671" /><F3/><W102/><G102/><T121/><D121/><U36/><E20/><V46/><F45/><AGARI ba="0,0" hai="9,12,17,37,40,45,50,54,56,61,66,70,72,74" machi="45" ten="40,2600,0" yaku="24,2" doraHai="21" who="3" fromWho="2" sc="166,0,243,0,265,-26,326,26" /><INIT seed="3,0,0,3,3,22" ten="166,243,239,352" oya="3" hai0="27,9,117,49,85,91,52,126,81,76,28,97,18" hai1="35,17,38,48,89,90,14,132,66,29,107,103,78" hai2="102,33,70,108,128,47,75,86,7,41,12,111,23" hai3="37,0,124,106,31,130,56,20,83,129,105,63,84"/><W6/><G37/><T134/><D126/><U58/><E38/><V95/><F75/><W61/><G6/><T44/><D134/><U42/><E132/><V104/><F33/><W3/><G20/><T57/><D117/><U99/><E78/><V113/><F113/><W135/><G31/><T110/><D110/><N who="2" m="42026" /><F70/><W98/><G124/><T109/><D109/><U50/><E29/><V53/><F53/><W39/><G39/><T73/><D97/><U96/><E35/><V1/><F1/><W21/><G21/><T122/><D122/><U119/><E119/><V116/><F104/><W32/><G32/><T72/><D76/><U94/><E42/><V10/><F23/><W36/><G36/><T115/><D115/><U65/><E90/><N who="2" m="53719" /><F128/><W123/><G130/><T64/><D64/><U127/><E127/><V68/><F68/><W2/><G3/><T26/><D57/><U4/><E66/><V51/><F102/><W92/><G2/><T19/><D19/><U112/><E4/><V120/><F116/><W16/><G129/><T43/><D43/><U30/><E30/><V11/><F11/><W54/><G106/><T71/><D71/><U87/><E112/><V25/><F120/><W55/><G105/><T67/><D67/><U133/><E133/><V114/><F114/><W131/><G131/><T69/><D69/><U13/><E107/><V45/><F45/><W118/><G123/><T24/><D28/><U80/><E65/><V59/><F59/><W77/><G56/><T100/><D100/><U5/><E103/><V79/><F79/><W121/><G135/><RYUUKYOKU ba="0,0" sc="166,15,243,-15,239,15,352,-15" hai0="9,18,24,26,27,44,49,52,72,73,81,85,91" hai2="7,10,12,25,41,47,51" owari="181,-31.9,228,-17.2,254,5.4,337,43.7" /></mjloggm>