<mjloggm ver="2.3"><GO type="225" lobby="0"/><UN n0="%E3%81%AF%E3%82%88%E3%81%8A%E3%81%98%E3%81%95%E3%82%93" n1="%E3%83%B4%E3%82%A3%E3%83%AF%E3%82%B3%E3%82%B0%E3%83%8B" n2="%E3%82%8F%E3%81%8B%E3%81%B0%2A%E3%82%AC%E3%83%BC%E3%83%AB" n3="%E3%81%95%E3%81%8D%E3%81%9F%E3%81%BE%E6%9E%97%E6%AA%8E" dan="17,17,16,16" rate="2159.67,2249.61,2210.44,2127.22" sx="M,M,M,M"/><TAIKYOKU oya="0"/><INIT seed="0,0,0,1,3,67" ten="250,250,250,250" oya="0" hai0="33,95,75,93,9,5,13,39,22,126,55,47,98" hai1="31,10,131,122,34,86,41,77,53,124,40,66,71" hai2="78,97,114,87,74,8,62,57,59,109,11,20,128" hai3="56,50,90,30,46,17,125,84,24,19,18,49,82"/><T101/><D33/><U28/><E122/><V1/><F114/><W76/><G125/><T45/><D126/><U100/><E124/><V110/><F74/><W88/><G56/><T79/><D39/><U135/><E131/><V73/><F73/><W44/><G30/><T42/><D75/><U6/><E135/><V112/><F112/><W48/><REACH who="3" step="1"/><G24/><REACH who="3" ten="250,250,250,240" step="2"/><T21/><D79/><U96/><E28/><V108/><F57/><W69/><G69/><T35/><D35/><U89/><E31/><V118/><F78/><W26/><G26/><T115/><D115/><U2/><E77/><V123/><F59/><W72/><G72/><T38/><D95/><U121/><E34/><V120/><F123/><W64/><G64/><T52/><D47/><AGARI ba="0,1" hai="17,18,19,44,46,47,48,49,50,76,82,84,88,90" machi="47" ten="40,5200,0" yaku="1,1,8,1,54,1,53,0" doraHai="67" doraHaiUra="99" who="3" fromWho="0" sc="250,-52,250,0,250,0,240,62" /><INIT seed="1,0,0,5,5,103" ten="198,250,250,302" oya="1" hai0="130,108,53,74,92,66,30,133,76,112,39,12,11" hai1="81,113,135,91,50,33,0,48,36,94,72,34,93" hai2="24,132,45,86,60,51,58,49,9,75,68,119,6" hai3="77,1,15,27,100,110,42,35,97,43,127,16,47"/><U117/><E113/><V125/><F75/><W31/><G110/><T70/><D112/><U55/><E117/><V52/><F119/><W56/><G127/><T95/><D39/><U38/><E72/><V101/><F125/><W131/><G131/><T124/><D124/><U63/><E0/><V22/><F132/><W69/><G69/><T84/><D74/><U71/><E81/><V59/><F68/><W128/><G128/><T40/><D130/><U115/><E115/><V89/><F101/><W26/><G1/><T8/><D40/><U2/><E2/><V96/><F96/><W65/><G27/><T116/><D116/><U7/><E7/><V61/><F9/><W25/><G25/><T32/><D8/><U104/><E71/><V23/><F6/><W57/><G77/><T4/><D108/><U21/><E21/><V111/><F111/><W20/><G65/><T82/><D133/><U98/><E135/><V122/><F122/><W19/><G19/><T54/><D30/><U102/><E63/><V87/><F87/><W90/><G90/><T85/><D32/><N who="1" m="12395" /><E93/><N who="0" m="35913" /><D85/><N who="1" m="52591" /><E48/><N who="2" m="18507" /><F45/><W99/><G43/><T17/><D4/><U64/><E64/><N who="2" m="38935" /><F24/><W46/><G46/><T107/><D107/><U129/><E129/><V78/><F78/><W121/><G121/><T123/><D123/><U3/><E3/><V41/><F41/><W126/><G126/><T120/><D120/><U109/><E109/><V29/><F29/><W106/><G99/><T114/><D114/><U28/><E28/><V83/><AGARI ba="0,0" hai="22,23,52,59,61,83,86,89" m="38935,18507" machi="83" ten="30,2000,0" yaku="8,1,54,1" doraHai="103" who="2" fromWho="2" sc="198,-5,250,-10,250,20,302,-5" /><INIT seed="2,0,0,1,4,12" ten="193,240,270,297" oya="2" hai0="51,4,110,91,119,29,59,22,54,0,3,117,42" hai1="103,100,15,126,46,44,52,86,130,85,104,116,7" hai2="43,28,62,84,35,106,109,77,102,37,99,134,132" hai3="57,82,95,93,114,101,34,94,64,78,56,73,76"/><V48/><F37/><W108/><G34/><T30/><D110/><U107/><E116/><N who="0" m="44617" /><D42/><U18/><E130/><V11/><F109/><W32/><G32/><T40/><D40/><U50/><E126/><V66/><F11/><W60/><G108/><T9/><D0/><U96/><E7/><V17/><F28/><N who="0" m="10858" /><D91/><U5/><E5/><V74/><F35/><W97/><G114/><T10/><D10/><U45/><E104/><V39/><F39/><W33/><G33/><T80/><D80/><U122/><E122/><V79/><F74/><W127/><G127/><T128/><D22/><U63/><E63/><V69/><F84/><N who="1" m="32361" /><E107/><V121/><F121/><W111/><G111/><T2/><D2/><U31/><E31/><V14/><F48/><W8/><G78/><T123/><D123/><U1/><E1/><V81/><F43/><W92/><G8/><T105/><D105/><U113/><E113/><V72/><F77/><W75/><G75/><T112/><D112/><U89/><E89/><V23/><AGARI ba="0,0" hai="14,17,23,62,66,69,72,79,81,99,102,106,132,134" machi="23" ten="30,3000,0" yaku="0,1,52,1" doraHai="12" who="2" fromWho="2" sc="193,-10,240,-10,270,30,297,-10" /><INIT seed="2,1,0,2,4,95" ten="183,230,300,287" oya="2" hai0="103,5,33,84,86,31,48,134,61,77,27,87,135" hai1="81,93,29,28,10,89,127,120,79,119,131,60,106" hai2="40,36,23,50,107,110,76,59,114,108,7,49,15" hai3="72,34,18,67,38,19,26,37,2,6,97,41,111"/><V117/><F114/><W4/><G72/><T21/><D5/><U57/><E119/><V62/><F117/><W3/><G67/><T71/><D77/><U102/><E131/><V91/><F107/><W66/><G66/><T55/><D71/><U63/><E127/><V124/><F124/><W69/><G69/><T17/><D61/><U8/><E120/><V42/><F76/><W121/><G41/><T75/><D75/><U39/><E39/><V99/><F36/><W88/><G121/><T109/><D109/><U82/><E102/><V85/><F99/><W115/><G115/><T65/><D65/><U118/><E118/><V80/><F40/><W12/><G111/><N who="2" m="42537" /><F42/><W126/><G126/><T52/><D103/><U70/><E106/><V11/><F23/><N who="3" m="13695" /><G34/><T98/><D98/><U68/><E79/><V32/><F32/><W83/><G3/><T132/><REACH who="0" step="1"/><D48/><REACH who="0" ten="173,230,300,287" step="2"/><U24/><E70/><V113/><F113/><W73/><G73/><T25/><AGARI ba="1,1" hai="17,21,25,27,31,33,52,55,84,86,87,132,134,135" machi="25" ten="40,8000,1" yaku="1,1,2,1,0,1,20,1,54,1,53,0" doraHai="95" doraHaiUra="122" who="0" fromWho="0" sc="173,93,230,-21,300,-41,287,-21" /><INIT seed="3,0,0,4,5,114" ten="266,209,259,266" oya="3" hai0="105,133,1,71,86,112,32,39,3,77,48,109,85" hai1="57,7,10,26,103,67,14,95,20,37,94,69,122" hai2="59,31,83,81,121,108,24,21,4,65,68,63,127" hai3="38,100,132,128,74,78,126,0,84,90,18,46,47"/><W60/><G0/><T93/><D39/><U116/><E122/><V15/><F121/><W28/><G28/><T53/><D105/><U119/><E69/><V120/><F120/><W13/><G100/><T70/><D32/><U73/><E73/><V64/><F108/><W131/><G126/><T118/><D118/><N who="1" m="45099" /><E37/><V33/><F127/><W50/><G132/><T36/><D36/><U125/><E125/><V98/><F65/><W29/><G29/><T72/><D72/><U102/><E67/><V66/><F66/><W123/><G123/><T44/><D112/><U2/><E57/><V30/><F30/><W107/><G107/><T12/><D109/><U25/><E2/><V16/><F68/><W49/><G38/><T115/><D133/><U6/><E7/><V110/><F110/><W101/><G60/><T40/><D115/><U124/><E124/><V113/><F113/><W41/><G101/><N who="1" m="38410" /><E20/><V111/><F111/><W23/><G74/><T117/><D117/><U51/><E51/><V8/><REACH who="2" step="1"/><F98/><REACH who="2" ten="266,209,249,266" step="2"/><W89/><G131/><T75/><D70/><U130/><E130/><V104/><F104/><W80/><G128/><T92/><D71/><U76/><E76/><V129/><F129/><W87/><G87/><T9/><D75/><U99/><E99/><V79/><F79/><W35/><G35/><T43/><D85/><U135/><E135/><V19/><F19/><W82/><G82/><T5/><D77/><U22/><E22/><V96/><F96/><W42/><AGARI ba="0,1" hai="13,18,23,41,42,46,47,49,50,78,80,84,89,90" machi="42" ten="20,7800,0" yaku="0,1,7,1,9,1,8,1" doraHai="114" who="3" fromWho="3" sc="266,-26,209,-26,249,-26,266,88" owari="240,4.0,183,-31.7,223,-17.7,354,45.4" /></mjloggm>