<mjloggm ver="2.3"><GO type="225" lobby="0"/><UN n0="%33%74%72%65%65" n1="%E3%83%A9%E3%82%B9%E7%8E%87%EF%BC%93%E5%89%B2" n2="%E5%A4%8F%E9%88%B4%E9%88%B4%E5%A4%8F" n3="%E7%9C%BC%E7%A7%91%E5%8C%BB" dan="17,16,16,16" rate="2149.30,2163.11,2145.65,2103.22" sx="F,F,F,M"/><TAIKYOKU oya="0"/><INIT seed="0,0,0,1,2,92" ten="250,250,250,250" oya="0" hai0="51,61,106,73,56,96,89,58,44,6,20,87,103" hai1="54,21,76,69,125,70,35,80,7,104,101,116,120" hai2="23,15,124,107,93,9,78,131,91,82,133,33,1" hai3="41,118,55,97,10,77,13,27,134,115,122,98,37"/><T64/><D73/><U126/><E35/><V95/><F124/><N who="1" m="47721" /><E116/><V30/><F133/><W40/><G118/><T129/><D129/><U99/><E120/><V105/><F107/><W2/><G2/><T132/><D132/><U135/><E135/><V31/><F105/><W123/><G134/><T12/><D56/><U24/><E54/><V46/><F131/><W110/><G115/><T128/><D128/><U117/><E7/><V59/><F1/><W18/><G110/><T16/><D6/><U79/><E117/><V83/><F33/><W85/><G37/><T11/><D20/><U17/><E79/><V34/><F59/><W28/><G55/><T121/><D121/><N who="3" m="46089" /><G85/><AGARI ba="0,0" hai="17,21,24,69,70,76,80,85,99,101,104" m="47721" machi="85" ten="30,2000,0" yaku="18,1,52,1" doraHai="92" who="1" fromWho="3" sc="250,0,250,20,250,0,250,-20" /><INIT seed="1,0,0,4,5,119" ten="250,270,250,230" oya="1" hai0="80,65,51,60,129,109,74,130,4,69,28,92,103" hai1="17,127,20,54,62,48,5,84,15,55,23,75,58" hai2="37,63,128,99,104,14,61,18,101,1,33,41,91" hai3="59,132,38,77,111,11,21,112,31,125,78,106,118"/><U113/><E75/><V107/><F128/><N who="0" m="49258" /><D109/><U133/><E113/><V71/><F107/><W98/><G112/><T9/><D28/><U97/><E133/><V79/><F33/><W86/><G38/><T56/><D103/><U64/><E127/><V46/><F1/><W13/><G111/><T83/><D92/><U90/><E97/><V126/><F126/><W26/><G125/><T40/><D74/><U19/><E5/><V30/><F30/><W68/><G68/><T32/><D32/><U100/><E100/><V102/><F102/><W45/><G132/><T43/><D69/><U95/><REACH who="1" step="1"/><E48/><REACH who="1" ten="250,260,250,230" step="2"/><V108/><F99/><W110/><G98/><T57/><D51/><U52/><E52/><V39/><F101/><W16/><G110/><T117/><D117/><U2/><E2/><V70/><F37/><W123/><G118/><T27/><D43/><U120/><E120/><V124/><F41/><W12/><G123/><T0/><D40/><U85/><E85/><V89/><F39/><W88/><G106/><T134/><D134/><U76/><E76/><V3/><F79/><W87/><G87/><T81/><D0/><U29/><E29/><V25/><F3/><W36/><G78/><T115/><D115/><U121/><E121/><V47/><F104/><W93/><G77/><T53/><D4/><U105/><E105/><V122/><F122/><W35/><G36/><T67/><D53/><U49/><E49/><V96/><F124/><W66/><G31/><T116/><D116/><U24/><AGARI ba="0,1" hai="15,17,19,20,23,24,54,55,58,62,64,84,90,95" machi="24" ten="20,7800,0" yaku="1,1,0,1,7,1,8,1,53,0" doraHai="119" doraHaiUra="72" who="1" fromWho="1" sc="250,-26,260,88,250,-26,230,-26" /><INIT seed="1,1,0,2,4,116" ten="224,348,224,204" oya="1" hai0="25,81,110,85,106,59,44,123,129,39,101,91,50" hai1="135,96,109,1,120,121,70,117,82,89,51,6,124" hai2="58,7,87,92,16,30,68,103,48,4,77,38,119" hai3="3,102,100,49,126,128,97,14,22,40,132,2,113"/><U31/><E70/><V76/><F68/><W74/><G113/><T86/><D110/><U80/><E31/><V32/><F38/><W88/><G74/><T63/><D129/><U61/><E61/><V104/><F104/><W36/><G36/><T131/><D131/><U75/><E6/><V8/><F30/><W33/><G33/><T73/><D39/><U95/><E1/><V10/><F32/><W114/><G114/><T133/><D133/><U108/><E51/><V57/><F48/><W5/><G128/><T28/><D73/><U13/><E13/><V45/><F45/><W56/><G132/><T42/><D86/><N who="1" m="50375" /><E117/><V41/><F41/><W69/><G69/><T84/><D84/><U46/><E46/><V29/><F29/><W134/><G134/><T11/><D11/><U27/><E27/><V55/><F7/><W78/><G2/><T19/><D19/><U35/><E35/><V34/><F16/><N who="3" m="10519" /><G3/><T20/><D63/><U107/><E107/><V37/><F34/><W65/><G5/><T0/><D0/><U66/><E66/><V53/><F4/><W83/><G65/><T98/><REACH who="0" step="1"/><D59/><REACH who="0" ten="214,348,224,204" step="2"/><U52/><E135/><V43/><F58/><W130/><G130/><T18/><D18/><U118/><E118/><V105/><F57/><W112/><G112/><T15/><D15/><U115/><E115/><V67/><F10/><W64/><G56/><T23/><D23/><U17/><E17/><V24/><F8/><W71/><G71/><T99/><D99/><U122/><E109/><V47/><F119/><W125/><G97/><T79/><D79/><RYUUKYOKU ba="1,1" sc="214,30,348,-10,224,-10,204,-10" hai0="20,25,28,42,44,50,81,85,91,98,101,106,123" /><INIT seed="2,2,1,4,3,50" ten="244,338,214,194" oya="2" hai0="58,67,35,71,28,34,88,25,62,40,18,23,95" hai1="122,14,69,3,68,59,73,26,116,16,31,55,5" hai2="104,17,9,78,70,112,56,118,85,46,77,97,128" hai3="44,48,131,126,94,99,91,119,61,53,106,60,22"/><V11/><F118/><W51/><G119/><T124/><D124/><U42/><E116/><V57/><F112/><W12/><G126/><T84/><D40/><U123/><E73/><V6/><F70/><W21/><G131/><T80/><D71/><U108/><E42/><V93/><F104/><W74/><G74/><T107/><D107/><U66/><E66/><V132/><F132/><W101/><G51/><T65/><D65/><U29/><E108/><V86/><F128/><W1/><G1/><T4/><D4/><U52/><E29/><V111/><F46/><W76/><G76/><N who="2" m="29289" /><F17/><W32/><G32/><T102/><REACH who="0" step="1"/><D28/><REACH who="0" ten="234,338,214,194" step="2"/><U81/><E68/><V39/><F111/><W109/><G109/><T89/><D89/><U115/><E69/><V130/><F130/><W13/><G91/><T7/><D7/><U64/><E115/><V117/><F6/><W82/><G106/><T24/><D24/><U19/><E5/><V43/><F43/><W98/><G12/><T41/><D41/><U37/><E3/><V127/><F127/><W83/><G13/><T110/><D110/><U63/><E37/><V72/><F39/><W15/><G15/><T96/><AGARI ba="2,2" hai="18,23,25,34,35,58,62,67,80,84,88,95,96,102" machi="96" ten="30,4000,0" yaku="1,1,0,1,54,1,53,0" doraHai="50" doraHaiUra="38" who="0" fromWho="0" sc="234,66,338,-12,214,-22,194,-12" /><INIT seed="3,0,0,2,1,114" ten="300,326,192,182" oya="3" hai0="27,56,54,47,16,71,135,65,96,52,108,133,113" hai1="112,72,130,32,67,3,68,76,58,122,92,1,127" hai2="35,2,116,89,60,83,81,102,104,12,77,29,28" hai3="48,79,107,110,101,42,91,37,23,4,8,105,62"/><W40/><G37/><T38/><D113/><U84/><E58/><V18/><F2/><W19/><G79/><T17/><D108/><U106/><E92/><V5/><F116/><W129/><G110/><T120/><D120/><U30/><E84/><N who="2" m="48175" /><F104/><W100/><G129/><T78/><D78/><U57/><E57/><V26/><F35/><W123/><G123/><T82/><D82/><U75/><E30/><V0/><F0/><W41/><G48/><N who="0" m="30727" /><D96/><U103/><E103/><V6/><F102/><W36/><G36/><T95/><D95/><U9/><E9/><V118/><F60/><W87/><G105/><T11/><D11/><U24/><E67/><V132/><F89/><W66/><G107/><T125/><D125/><U13/><E13/><V39/><F83/><N who="3" m="49663" /><G8/><T55/><D27/><U74/><E24/><V53/><F39/><W20/><G4/><T88/><D88/><U43/><E130/><V117/><F132/><N who="0" m="50762" /><D38/><U10/><E127/><V90/><F118/><W70/><G20/><T134/><D134/><U63/><E106/><V45/><F117/><W97/><G97/><T131/><D131/><U49/><E122/><V124/><F124/><W51/><G51/><N who="0" m="29055" /><D55/><U115/><E115/><V86/><F5/><W61/><G61/><AGARI ba="0,0" hai="16,17,61,65,71" m="29055,50762,30727" machi="61" ten="30,3900,0" yaku="20,1,54,2" doraHai="114" who="0" fromWho="3" sc="300,39,326,0,192,0,182,-39" owari="339,43.9,326,12.6,192,-20.8,143,-35.7" /></mjloggm>