<mjloggm ver="2.3"><GO type="225" lobby="0"/><UN n0="%E6%9C%88%E5%A4%9C%E3%81%AB%E9%A2%A8" n1="%E3%81%8B%E3%82%8F%E3%81%A1%E3%82%83%E3%82%93%35%38" n2="%E5%91%A8%E6%9D%B1" n3="%E3%82%BC%E3%83%AB%E3%83%80%E3%81%AE%E4%BC%9D%E8%AA%AC" dan="16,16,16,17" rate="2092.60,2132.43,2170.81,2159.88" sx="M,M,M,M"/><TAIKYOKU oya="0"/><INIT seed="0,0,0,3,1,1" ten="250,250,250,250" oya="0" hai0="101,31,13,53,64,39,102,121,116,134,74,130,119" hai1="19,59,14,67,110,50,15,75,45,29,60,84,33" hai2="47,86,17,28,22,25,96,70,56,48,68,69,97" hai3="16,100,57,78,7,106,27,132,66,81,113,114,32"/><T0/><D0/><U65/><E75/><V93/><F56/><W109/><G109/><T76/><D121/><U63/><E110/><V128/><F128/><W123/><G123/><T72/><D130/><U18/><E33/><V103/><F86/><W10/><G132/><T37/><D64/><U115/><E115/><V24/><F97/><W133/><G133/><T2/><D2/><U85/><E29/><V8/><F8/><W82/><G100/><T135/><D13/><U91/><E91/><V40/><REACH who="2" step="1"/><F70/><REACH who="2" ten="250,250,240,250" step="2"/><W99/><G99/><T12/><D135/><U41/><E85/><V105/><F105/><W58/><G58/><T11/><D134/><U21/><E84/><V9/><F9/><W80/><G106/><T4/><D11/><N who="1" m="6495" /><E60/><V54/><F54/><AGARI ba="0,1" hai="15,19,21,41,45,50,54,59,63,65,67" m="6495" machi="54" ten="30,1000,0" yaku="8,1" doraHai="1" who="1" fromWho="2" sc="250,0,250,20,240,-10,250,0" /><INIT seed="1,0,0,1,4,118" ten="250,270,230,250" oya="1" hai0="50,129,103,73,28,64,33,5,4,38,102,107,3" hai1="14,35,92,60,20,9,115,126,34,96,95,89,2" hai2="69,135,19,105,32,132,80,93,41,27,46,123,88" hai3="47,16,83,52,84,109,29,130,76,51,85,8,61"/><U62/><E115/><V10/><F105/><W104/><G104/><T112/><D38/><U66/><E126/><V134/><F69/><W45/><G109/><T12/><D129/><U42/><E2/><V31/><F80/><W125/><G125/><T53/><D73/><U124/><E124/><V101/><F101/><W55/><G130/><T70/><D3/><U72/><E72/><V97/><F10/><W40/><G29/><T119/><D12/><U121/><E42/><V6/><F6/><W68/><G84/><T59/><D103/><U13/><E121/><V108/><F108/><W74/><G74/><T65/><D64/><U24/><E14/><V106/><F106/><W15/><REACH who="3" step="1"/><G47/><REACH who="3" ten="250,270,230,240" step="2"/><T58/><D107/><U90/><E35/><V1/><F1/><W87/><G87/><T127/><D28/><N who="1" m="17415" /><E34/><V117/><F117/><W75/><G75/><T0/><D33/><U63/><E66/><AGARI ba="0,1" hai="8,15,16,40,45,51,52,55,61,66,68,76,83,85" machi="66" ten="40,5200,0" yaku="1,1,54,2,53,0" doraHai="118" doraHaiUra="116" who="3" fromWho="1" sc="250,0,270,-52,230,0,240,62" /><INIT seed="2,0,0,2,1,18" ten="250,218,230,302" oya="2" hai0="25,111,1,129,30,45,58,116,65,71,109,11,85" hai1="80,51,103,87,56,95,134,124,72,20,16,81,92" hai2="133,43,68,119,100,101,22,49,36,48,114,64,12" hai3="128,19,44,89,10,4,97,15,118,66,6,125,34"/><V46/><F119/><W78/><G118/><T91/><D129/><U70/><E70/><V83/><F114/><W73/><G34/><T126/><D126/><U27/><E124/><V7/><F133/><W120/><G120/><T112/><D112/><U84/><E72/><V54/><F83/><N who="1" m="31817" /><E134/><V42/><F49/><W24/><G125/><T2/><D71/><U127/><E127/><V53/><F43/><W32/><G73/><T132/><D45/><U88/><E103/><V57/><F54/><W99/><G78/><T67/><D116/><U29/><E29/><V31/><F7/><W131/><G66/><N who="0" m="25099" /><D58/><U0/><E0/><V105/><F105/><W107/><G44/><T94/><D11/><U98/><E92/><V26/><REACH who="2" step="1"/><F12/><REACH who="2" ten="250,218,220,302" step="2"/><W123/><G15/><T93/><D132/><U113/><E113/><V17/><F17/><W61/><G19/><T86/><D1/><U55/><AGARI ba="0,1" hai="16,20,27,51,55,56,84,87,88,95,98" m="31817" machi="55" ten="30,7900,0" yaku="8,1,52,1,54,2" doraHai="18" who="1" fromWho="1" sc="250,-20,218,89,220,-39,302,-20" /><INIT seed="3,0,0,3,4,18" ten="230,307,181,282" oya="3" hai0="78,43,70,98,131,25,102,65,54,83,10,1,42" hai1="82,125,88,47,0,119,85,124,111,37,17,55,121" hai2="59,113,60,40,108,36,23,67,80,21,132,52,22" hai3="87,11,9,16,74,3,14,24,94,4,81,39,45"/><W32/><G94/><T130/><D54/><U71/><E121/><V46/><F113/><W61/><G61/><N who="0" m="40239" /><D25/><U134/><E111/><V117/><F117/><W77/><G87/><N who="0" m="48631" /><D10/><U69/><E134/><V112/><F112/><W26/><G32/><T118/><D1/><U123/><E0/><V51/><F132/><W66/><G66/><T7/><D7/><U38/><E123/><V20/><N who="2" m="5120" /><DORA hai="34" /><V58/><REACH who="2" step="1"/><F80/><REACH who="2" ten="230,307,171,282" step="2"/><W50/><G39/><T44/><D118/><U122/><E119/><V57/><F57/><W29/><G29/><T53/><D131/><U41/><E38/><V109/><AGARI ba="0,1" hai="36,40,46,51,52,58,59,60,67,108,109" m="5120" machi="109" ten="50,16000,3" yaku="1,1,0,1,52,4,54,1,53,1" doraHai="18,34" doraHaiUra="48,79" who="2" fromWho="2" sc="230,-40,307,-40,171,170,282,-80" owari="190,-31.0,267,6.7,341,44.1,202,-19.8" /></mjloggm>