<mjloggm ver="2.3"><GO type="225" lobby="0"/><UN n0="%E3%81%99%E3%81%84%E3%81%BE%E3%81%9B%E3%83%BC%E3%82%93" n1="%E3%83%A9%E3%82%B9%E7%8E%87%EF%BC%93%E5%89%B2" n2="%E6%97%A5%E6%9B%9C%E6%97%A5%E3%82%88%E3%82%8A%E3%81%AE%E4%BD%BF%E8%80%85" n3="%E4%BF%BA%E3%81%A8%E5%A6%96%E5%A4%A2" dan="18,16,16,16" rate="2165.18,2171.87,2164.41,2237.22" sx="M,F,M,F"/><TAIKYOKU oya="0"/><INIT seed="0,0,0,5,2,117" ten="250,250,250,250" oya="0" hai0="98,39,34,31,64,93,131,47,80,42,43,73,75" hai1="100,87,44,15,4,40,126,10,11,5,104,24,21" hai2="59,86,36,124,35,112,56,29,18,71,77,121,27" hai3="123,7,103,127,53,72,120,51,33,101,81,2,17"/><T106/><D131/><U19/><E104/><V79/><F112/><W95/><G33/><T110/><D80/><U0/><E100/><V61/><F36/><W94/><G127/><T99/><D43/><U37/><REACH who="1" step="1"/><E87/><REACH who="1" ten="250,240,250,250" step="2"/><V22/><F86/><W25/><G103/><T30/><D106/><U125/><AGARI ba="0,1" hai="0,4,5,10,11,15,19,21,24,37,40,44,125,126" machi="125" ten="30,4000,0" yaku="1,1,2,1,0,1,53,0" doraHai="117" doraHaiUra="111" who="1" fromWho="1" sc="250,-20,240,50,250,-10,250,-10" /><INIT seed="1,0,0,5,5,96" ten="230,290,240,240" oya="1" hai0="60,39,42,80,120,114,90,98,70,133,115,37,82" hai1="113,105,47,17,54,9,134,19,18,32,57,10,20" hai2="107,35,65,87,5,21,106,101,103,12,63,119,59" hai3="51,94,95,46,100,66,0,38,104,76,3,45,84"/><U108/><E113/><V89/><F35/><W11/><G38/><T135/><D120/><U111/><E32/><V48/><F119/><W43/><G104/><T68/><D60/><U4/><E105/><V118/><F118/><W31/><G66/><T49/><D49/><U91/><E47/><V132/><F132/><N who="0" m="50762" /><D98/><U67/><E67/><V93/><F107/><W73/><G73/><T75/><D90/><U8/><E91/><V23/><F106/><W52/><G31/><T123/><D123/><U83/><E83/><N who="0" m="31785" /><D75/><U124/><E134/><V81/><F48/><W40/><G76/><T116/><D116/><U7/><E124/><V33/><F33/><W56/><G84/><T112/><D42/><U16/><E54/><V117/><F117/><W126/><G126/><T14/><D14/><N who="1" m="9239" /><E57/><V41/><F41/><W130/><G56/><T71/><AGARI ba="0,0" hai="37,39,68,70,71,112,114,115" m="31785,50762" machi="71" ten="50,6400,0" yaku="28,2,20,1" doraHai="96" who="0" fromWho="0" sc="230,64,290,-32,240,-16,240,-16" /><INIT seed="2,0,0,2,4,81" ten="294,258,224,224" oya="2" hai0="60,7,51,119,12,26,39,131,18,102,94,88,106" hai1="122,83,42,128,24,76,92,101,64,95,34,72,98" hai2="61,71,111,47,66,116,82,73,104,89,70,41,14" hai3="56,68,124,49,37,10,113,110,36,6,4,120,117"/><V50/><F116/><W58/><G117/><T35/><D119/><U121/><E42/><V52/><F104/><W48/><G120/><N who="1" m="46186" /><E64/><V57/><F111/><W3/><G68/><T109/><D39/><U19/><E19/><V1/><F1/><W85/><G110/><T75/><D75/><U29/><E128/><V84/><F73/><W31/><G124/><T80/><D131/><U2/><E2/><V79/><F14/><W15/><G31/><T65/><D106/><AGARI ba="0,0" hai="24,29,34,72,76,83,92,95,98,101,106" m="46186" machi="106" ten="30,1000,0" yaku="13,1" doraHai="81" who="1" fromWho="0" sc="294,-10,258,10,224,0,224,0" /><INIT seed="3,0,0,3,4,24" ten="284,268,224,224" oya="3" hai0="59,63,107,28,122,90,134,15,50,95,74,25,115" hai1="109,88,45,23,125,56,117,97,36,3,66,69,57" hai2="65,27,67,83,39,129,22,1,98,100,89,44,58" hai3="113,82,126,94,96,86,12,17,99,52,80,106,8"/><W48/><G113/><T31/><D122/><U85/><E3/><V4/><F129/><W33/><G33/><T64/><D134/><U118/><E109/><V34/><F34/><W42/><G126/><T108/><D74/><U78/><E78/><V13/><F1/><W114/><G114/><T133/><D107/><U51/><E97/><V72/><F39/><W127/><G127/><T32/><D133/><U53/><E125/><V132/><F44/><W111/><G111/><T37/><D37/><U38/><E23/><V103/><F132/><W121/><G121/><T19/><D115/><U130/><E130/><V91/><F72/><W55/><G80/><T79/><D79/><U54/><E69/><V77/><F77/><N who="3" m="46415" /><G106/><T29/><D50/><U104/><E66/><V0/><F0/><W18/><G18/><T20/><D108/><U21/><E104/><V76/><F83/><W87/><G87/><AGARI ba="0,0" hai="15,19,20,25,28,29,31,32,59,63,64,87,90,95" machi="87" ten="30,7700,0" yaku="7,1,52,3" doraHai="24" who="0" fromWho="3" sc="284,77,268,0,224,0,224,-77" owari="361,46.1,268,6.8,224,-17.6,147,-35.3" /></mjloggm>