<mjloggm ver="2.3"><GO type="225" lobby="0"/><UN n0="%E3%82%A4%E3%83%BC%E3%82%B1%E3%83%97%E3%83%A9" n1="%72%65%6E%6B%75%6E" n2="%E6%98%93%E5%88%A9%E8%96%A9%E4%BC%AF" n3="%E3%83%81%E3%83%83%E3%82%BF%E3%82%BD%E3%83%BC" dan="16,17,17,16" rate="2092.63,2166.04,2158.73,2165.36" sx="M,M,F,F"/><TAIKYOKU oya="0"/><INIT seed="0,0,0,5,5,31" ten="250,250,250,250" oya="0" hai0="16,43,50,47,59,56,79,129,17,58,55,127,134" hai1="62,39,63,33,128,61,5,30,72,49,110,41,108" hai2="95,83,101,116,96,77,82,69,87,115,74,15,14" hai3="100,6,0,4,104,97,2,35,132,67,120,117,32"/><T36/><D129/><U107/><E107/><V44/><F115/><W71/><G117/><T92/><D134/><U13/><E72/><V73/><F69/><W130/><G132/><T75/><D127/><U76/><E76/><V38/><F116/><W80/><G80/><T29/><D29/><U25/><E128/><V84/><F38/><W52/><G52/><T98/><D79/><U91/><E91/><V8/><F44/><W126/><G126/><T124/><D75/><U22/><E39/><V103/><F15/><W88/><G88/><T133/><D133/><U12/><E5/><V114/><F114/><W20/><G20/><T51/><D124/><U93/><E93/><V9/><F9/><N who="3" m="2183" /><G130/><T113/><D113/><U86/><E86/><V24/><F24/><W11/><G120/><T57/><REACH who="0" step="1"/><D36/><REACH who="0" ten="240,250,250,250" step="2"/><U85/><E108/><V65/><F74/><W19/><G19/><T66/><D66/><U23/><E110/><V45/><F65/><W21/><G21/><T34/><D34/><U122/><E122/><V94/><F73/><W81/><G81/><T118/><D118/><U78/><E33/><V135/><F135/><W37/><G37/><T121/><D121/><U99/><E23/><V54/><F82/><W10/><G10/><T48/><D48/><U28/><E78/><V7/><F77/><W70/><G67/><T68/><D68/><AGARI ba="0,1" hai="2,6,11,32,35,68,70,71,97,100,104" m="2183" machi="68" ten="30,7700,0" yaku="33,2,52,2" doraHai="31" who="3" fromWho="0" sc="240,-77,250,0,250,0,250,87" /><INIT seed="1,0,0,5,2,24" ten="163,250,250,337" oya="1" hai0="106,68,8,86,58,90,121,50,117,20,53,41,5" hai1="63,93,84,120,30,14,112,27,2,45,47,34,57" hai2="98,116,49,115,100,92,95,51,104,15,99,67,12" hai3="73,13,52,88,59,89,32,54,135,91,94,113,55"/><U134/><E120/><V130/><F116/><W22/><G135/><T107/><D117/><U81/><E2/><V125/><F130/><W122/><G113/><T31/><D68/><U69/><E134/><V126/><F67/><W9/><G32/><T21/><D121/><U102/><E112/><V65/><F65/><W10/><G73/><T28/><D106/><U114/><E69/><V37/><F37/><W46/><G122/><T6/><D107/><U56/><E114/><V109/><F115/><W85/><G46/><T82/><D41/><U17/><E102/><V74/><F104/><W108/><G108/><T127/><D127/><U11/><E93/><V87/><F87/><W43/><G43/><T131/><D131/><U103/><E103/><V75/><REACH who="2" step="1"/><F100/><REACH who="2" ten="163,250,240,337" step="2"/><W38/><G38/><T118/><D118/><U39/><E39/><V129/><F129/><W26/><G59/><T18/><D20/><U48/><E57/><V1/><F1/><W77/><G85/><T64/><D64/><U72/><E72/><V61/><F61/><W4/><G94/><T33/><D33/><U35/><E48/><V78/><F78/><W119/><G77/><T29/><REACH who="0" step="1"/><D8/><REACH who="0" ten="153,250,240,337" step="2"/><U44/><E35/><V76/><F76/><W96/><G119/><T70/><D70/><U23/><E34/><V123/><F123/><W101/><G9/><T62/><D62/><U19/><E63/><V0/><F0/><W83/><G10/><T79/><D79/><N who="1" m="46143" /><E56/><V97/><F97/><W66/><G96/><T16/><D16/><AGARI ba="0,2" hai="11,14,16,17,19,23,27,30,44,45,47" m="46143" machi="16" ten="30,5800,0" yaku="8,1,52,1,54,1" doraHai="24" who="1" fromWho="0" sc="153,-58,250,78,240,0,337,0" /><INIT seed="1,1,0,0,2,22" ten="95,328,240,337" oya="1" hai0="89,119,18,90,96,4,3,82,134,8,115,74,7" hai1="59,41,124,38,65,113,6,104,117,73,25,94,9" hai2="88,118,29,14,12,52,51,19,34,68,66,121,0" hai3="85,63,75,69,120,43,122,44,77,116,56,62,11"/><U35/><E113/><V79/><F118/><W81/><G116/><T112/><D119/><U78/><E104/><V100/><F0/><W133/><G133/><T106/><D134/><U110/><E117/><V99/><F79/><W24/><G69/><T84/><D74/><U103/><E110/><V130/><F130/><W109/><G109/><T31/><D4/><U36/><E124/><V105/><F121/><W27/><G75/><T64/><D64/><U45/><E38/><V80/><F19/><W108/><G108/><T5/><D5/><U55/><E65/><V30/><F30/><W33/><G11/><T126/><D126/><U28/><E103/><V83/><F83/><W70/><G70/><T13/><D31/><U98/><E73/><V131/><F131/><W101/><G101/><T132/><D132/><U123/><E78/><V46/><F80/><W135/><G135/><T71/><D71/><U47/><E47/><V92/><F92/><W32/><G32/><T39/><D39/><U129/><E123/><V20/><F20/><W93/><G93/><T50/><D50/><U15/><E129/><V97/><F97/><W53/><G33/><T42/><D42/><U23/><E35/><V125/><F88/><W91/><G91/><T17/><D90/><U60/><REACH who="1" step="1"/><E94/><REACH who="1" ten="95,318,240,337" step="2"/><V37/><F37/><N who="3" m="21615" /><G122/><T21/><D115/><U10/><E10/><V57/><F125/><W87/><G120/><T86/><D112/><U16/><E16/><V72/><F72/><W76/><G77/><T54/><D18/><U1/><E1/><V102/><F34/><W127/><G127/><RYUUKYOKU ba="1,1" sc="95,-10,318,30,240,-10,337,-10" hai1="6,9,15,23,25,28,36,41,45,55,59,60,98" /><INIT seed="1,2,1,3,3,36" ten="85,348,230,327" oya="1" hai0="57,35,120,85,24,9,73,69,83,97,119,105,38" hai1="118,114,70,4,130,22,134,47,12,33,29,87,43" hai2="132,110,92,0,40,80,75,6,77,108,107,19,127" hai3="2,15,121,100,109,1,45,68,14,44,76,62,98"/><U88/><E70/><V101/><F19/><W79/><G121/><T71/><D119/><U28/><E114/><V23/><F23/><W25/><G25/><T41/><D120/><U3/><E118/><V122/><F122/><W61/><G109/><N who="2" m="42089" /><F92/><W102/><G68/><T59/><D73/><U64/><E64/><V117/><F117/><W99/><AGARI ba="2,1" hai="1,2,14,15,44,45,61,62,76,79,98,99,100,102" machi="99" ten="25,3200,0" yaku="0,1,22,2" doraHai="36" who="3" fromWho="3" sc="85,-10,348,-18,230,-10,327,48" /><INIT seed="2,0,0,2,5,47" ten="75,330,220,375" oya="2" hai0="50,132,11,121,123,89,134,112,86,9,128,36,130" hai1="12,67,90,84,96,115,22,104,79,94,1,83,37" hai2="44,14,135,71,19,7,100,13,124,77,119,116,110" hai3="111,0,52,126,70,107,64,5,108,63,92,23,99"/><V26/><F71/><W30/><G126/><T17/><D86/><U6/><E37/><V40/><F124/><W57/><G107/><T53/><D89/><U46/><E115/><V87/><F135/><N who="0" m="51754" /><D17/><U16/><E67/><V20/><F110/><N who="3" m="42027" /><G5/><T120/><D11/><U28/><E28/><V27/><F100/><N who="3" m="60519" /><G0/><T118/><D9/><U29/><E29/><V106/><F106/><W35/><G35/><T58/><D36/><U75/><E46/><V93/><F14/><W105/><G105/><T56/><D112/><U38/><E38/><V122/><F122/><N who="0" m="31234" /><T109/><DORA hai="62" /><D109/><U117/><E117/><V43/><F7/><W114/><G114/><T32/><D32/><U4/><REACH who="1" step="1"/><E1/><REACH who="1" ten="75,320,220,375" step="2"/><V97/><F119/><W59/><G30/><T73/><D73/><U133/><E133/><V42/><F116/><W82/><G64/><T69/><D118/><U101/><AGARI ba="0,1" hai="4,6,12,16,22,75,79,83,84,90,94,96,101,104" machi="101" ten="30,12000,2" yaku="1,1,0,1,24,2,54,1,53,1" doraHai="47,62" doraHaiUra="81,65" who="1" fromWho="1" sc="75,-30,320,130,220,-60,375,-30" /><INIT seed="3,0,0,4,0,98" ten="45,450,160,345" oya="3" hai0="20,121,39,65,33,36,16,43,101,38,80,118,125" hai1="72,3,28,127,109,29,107,104,108,122,87,100,85" hai2="86,56,30,66,134,51,64,21,102,22,8,93,79" hai3="129,11,111,57,55,7,130,135,75,81,34,17,123"/><W83/><G34/><T99/><D121/><U15/><E72/><V53/><F134/><W63/><G123/><T58/><D118/><U89/><E122/><V48/><F8/><W68/><G135/><T61/><D125/><U23/><E3/><V42/><F102/><W73/><G17/><T26/><D33/><U32/><E127/><V52/><F42/><W133/><G133/><T35/><D35/><U113/><E32/><V46/><F30/><W105/><G105/><T6/><D6/><U71/><E71/><V97/><F97/><W49/><G111/><T13/><D80/><N who="3" m="30793" /><G68/><T95/><D43/><U90/><E100/><V59/><F79/><W24/><G24/><T112/><D112/><U74/><E15/><V124/><F124/><W50/><G73/><T31/><REACH who="0" step="1"/><D39/><REACH who="0" ten="35,450,160,345" step="2"/><U103/><E113/><V119/><F119/><W2/><G75/><T92/><D92/><U54/><E23/><V132/><F93/><W120/><G120/><T106/><D106/><U18/><E74/><V1/><F22/><W12/><G2/><T10/><AGARI ba="0,1" hai="10,13,16,20,26,31,36,38,58,61,65,95,99,101" machi="10" ten="20,16000,3" yaku="1,1,0,1,7,1,25,2,52,1,54,1,53,1" doraHai="98" doraHaiUra="25" who="0" fromWho="0" sc="35,170,450,-40,160,-40,345,-80" owari="205,-19.5,410,51.0,120,-38.0,265,6.5" /></mjloggm>