<mjloggm ver="2.3"><GO type="225" lobby="0"/><UN n0="%6C%65%74%69%74%62%65" n1="%E5%91%A8%E6%9D%B1" n2="%E6%B8%A9%E2%98%85%E6%83%85%E2%98%85%E6%8E%AA%E2%98%85%E7%BD%AE" n3="%E3%83%A9%E3%82%B9%E7%8E%87%EF%BC%93%E5%89%B2" dan="16,17,17,16" rate="2069.12,2232.87,2184.47,2213.06" sx="M,M,M,F"/><TAIKYOKU oya="0"/><INIT seed="0,0,0,1,4,117" ten="250,250,250,250" oya="0" hai0="88,129,100,44,42,113,123,93,135,20,101,19,107" hai1="133,62,74,24,52,66,125,61,26,2,54,114,22" hai2="16,86,27,14,111,115,75,50,41,79,58,112,90" hai3="108,38,85,78,89,48,131,7,118,99,30,71,35"/><T119/><D119/><U103/><E114/><V6/><F111/><W116/><G38/><T68/><D113/><U77/><E2/><V15/><F75/><W33/><G71/><T110/><D68/><U51/><E125/><V92/><F79/><W43/><G108/><T49/><D110/><U53/><E133/><V60/><F115/><W134/><G30/><T94/><D135/><U127/><E127/><V121/><F121/><W36/><G36/><T105/><D129/><U39/><E39/><V29/><F112/><W0/><G99/><T84/><D123/><U10/><E103/><V32/><F6/><W82/><G131/><T47/><D44/><U65/><E10/><V59/><F15/><W55/><G43/><T130/><D130/><U95/><E51/><V72/><F72/><W56/><G134/><T31/><D31/><U46/><E46/><V126/><F126/><W104/><G104/><T40/><D40/><U122/><E122/><V3/><F3/><W109/><G109/><T80/><D93/><U106/><E95/><V91/><F91/><W70/><G70/><T18/><D18/><U120/><E106/><V128/><F128/><W67/><G67/><N who="1" m="25610" /><E26/><V23/><REACH who="2" step="1"/><F60/><REACH who="2" ten="250,250,240,250" step="2"/><W83/><G116/><T28/><D100/><U57/><E120/><V96/><F96/><W9/><G118/><T17/><D101/><U8/><E62/><V37/><F37/><W76/><G89/><T25/><D80/><N who="1" m="45111" /><E8/><V64/><F64/><W97/><G97/><T132/><D132/><U87/><E87/><AGARI ba="0,1" hai="0,7,9,33,35,48,55,56,76,78,82,83,85,87" machi="87" ten="30,2000,0" yaku="7,1,9,1" doraHai="117" who="3" fromWho="1" sc="250,0,250,-20,240,0,250,30" /><INIT seed="1,0,0,0,5,50" ten="250,230,240,280" oya="1" hai0="119,125,78,90,131,20,62,39,114,38,79,104,4" hai1="68,54,53,128,95,108,129,13,69,121,74,46,113" hai2="96,63,100,21,17,93,15,28,3,49,43,51,26" hai3="22,16,109,67,118,18,80,11,10,37,52,122,44"/><U89/><E121/><V85/><F3/><W88/><G122/><T61/><D114/><U65/><E113/><V60/><F85/><N who="3" m="50215" /><G37/><T81/><D119/><U9/><E74/><V84/><F84/><W120/><G120/><T73/><D104/><U105/><E105/><V32/><REACH who="2" step="1"/><F51/><REACH who="2" ten="250,230,230,280" step="2"/><N who="3" m="28775" /><G118/><T6/><D38/><U2/><E2/><V36/><F36/><W72/><G72/><T5/><D39/><U123/><E123/><V97/><F97/><W0/><G0/><T130/><D73/><U134/><E134/><V31/><F31/><W40/><G109/><T23/><D130/><N who="1" m="50283" /><E108/><V59/><F59/><W71/><G71/><N who="1" m="27210" /><E46/><AGARI ba="0,1" hai="15,17,21,26,28,32,43,46,49,60,63,93,96,100" machi="46" ten="40,1300,0" yaku="1,1,53,0" doraHai="50" doraHaiUra="34" who="2" fromWho="1" sc="250,0,230,-13,230,23,280,0" /><INIT seed="2,0,0,3,4,1" ten="250,217,253,280" oya="2" hai0="19,48,113,26,95,30,75,16,38,104,49,86,53" hai1="71,133,91,67,115,12,25,40,74,13,94,72,126" hai2="118,47,102,80,59,8,24,46,54,93,64,103,31" hai3="109,70,84,61,58,76,87,112,92,77,27,98,135"/><V21/><F118/><W42/><G70/><T81/><D104/><U85/><E115/><V52/><F80/><W57/><G109/><T120/><D38/><U56/><E71/><V110/><F110/><W18/><G135/><T127/><D113/><U78/><E133/><V36/><F36/><W69/><G69/><T107/><D107/><U89/><E126/><V116/><F116/><W131/><G131/><T106/><D106/><U45/><E78/><N who="3" m="30314" /><G42/><T3/><D75/><U14/><E25/><V43/><F8/><W32/><G32/><T130/><D120/><U51/><REACH who="1" step="1"/><E89/><REACH who="1" ten="250,207,253,280" step="2"/><V134/><F134/><W88/><G112/><T99/><D26/><U114/><E114/><V9/><F24/><W20/><G58/><T123/><D127/><U97/><E97/><V34/><F59/><W90/><G90/><T101/><D99/><U60/><AGARI ba="0,1" hai="12,13,14,40,45,51,56,60,67,72,74,85,91,94" machi="60" ten="30,2000,0" yaku="1,1,0,1,53,0" doraHai="1" doraHaiUra="100" who="1" fromWho="1" sc="250,-5,207,30,253,-10,280,-5" /><INIT seed="3,0,0,2,2,67" ten="245,237,243,275" oya="3" hai0="48,18,68,4,14,38,22,5,2,114,71,26,73" hai1="28,46,123,47,27,44,8,80,25,99,74,118,75" hai2="119,101,7,56,133,94,61,57,76,45,134,108,77" hai3="6,111,17,20,131,15,53,72,40,79,125,12,3"/><W89/><G72/><T85/><D38/><U30/><E123/><V36/><F119/><W121/><G79/><T19/><D73/><U124/><E118/><V52/><F108/><W126/><G121/><T130/><D2/><U86/><E124/><N who="3" m="47722" /><G40/><T0/><D0/><U105/><E8/><V66/><F7/><W98/><G3/><T102/><D102/><U65/><E65/><V116/><F116/><W63/><G131/><T70/><D130/><U110/><E110/><V34/><F34/><W43/><G43/><T11/><D114/><U84/><E99/><N who="2" m="59639" /><F45/><W88/><G98/><T90/><REACH who="0" step="1"/><D48/><REACH who="0" ten="235,237,243,275" step="2"/><U92/><E75/><V39/><F39/><W112/><G111/><T35/><D35/><U135/><E74/><V37/><F37/><W24/><G112/><T1/><D1/><U95/><E135/><N who="2" m="51723" /><F36/><W132/><G132/><T41/><D41/><U58/><E105/><V127/><F127/><W104/><G104/><T107/><D107/><U97/><E97/><V29/><F29/><W100/><G100/><T62/><D62/><AGARI ba="0,1" hai="52,56,57,61,62,66,76,77" m="51723,59639" machi="62" ten="30,2000,0" yaku="20,1,54,1" doraHai="67" who="2" fromWho="0" sc="235,-20,237,0,243,30,275,0" /><INIT seed="4,0,0,2,4,135" ten="215,237,273,275" oya="0" hai0="74,48,75,119,114,103,87,45,76,128,116,31,72" hai1="54,123,23,12,101,28,61,52,100,104,111,57,16" hai2="99,83,56,71,133,90,94,0,32,96,120,21,89" hai3="124,19,121,134,14,69,20,46,3,67,112,88,82"/><T27/><D114/><U26/><E111/><V47/><F71/><W36/><G3/><T24/><D103/><U93/><E123/><V126/><F32/><W70/><G67/><T129/><D76/><U78/><E104/><V64/><F120/><W125/><G121/><T33/><D87/><U107/><E107/><V29/><F0/><W84/><G134/><T13/><D13/><U4/><E78/><V106/><F106/><W5/><G5/><T22/><D24/><U117/><E117/><V40/><F133/><W8/><G8/><T10/><D10/><U49/><E93/><V102/><F83/><W43/><REACH who="3" step="1"/><G112/><REACH who="3" ten="215,237,273,265" step="2"/><T9/><D9/><N who="1" m="6159" /><E4/><V44/><F64/><W98/><G98/><T109/><D109/><U118/><E118/><V60/><F96/><W115/><G115/><T59/><D116/><U66/><E66/><V2/><F99/><W37/><G37/><T55/><D119/><U85/><E85/><V30/><F2/><W86/><G86/><T42/><REACH who="0" step="1"/><D33/><REACH who="0" ten="205,237,273,265" step="2"/><U53/><E23/><V77/><F21/><W132/><G132/><T65/><D65/><U41/><E26/><V79/><F79/><W11/><G11/><T38/><AGARI ba="0,2" hai="22,27,31,38,42,45,48,55,59,72,74,75,128,129" machi="38" ten="40,7800,0" yaku="1,1,0,1,53,1" doraHai="135" doraHaiUra="18" who="0" fromWho="0" sc="205,98,237,-26,273,-26,265,-26" owari="303,40.3,211,-28.9,247,4.7,239,-16.1" /></mjloggm>