<mjloggm ver="2.3"><GO type="225" lobby="0"/><UN n0="%E5%A4%8F%E9%88%B4%E9%88%B4%E5%A4%8F" n1="%70%68%65%6E%6F%6D%65" n2="%E7%B4%94%E6%BD%94%E3%83%94%E3%83%A9%E3%83%8B%E3%82%A2" n3="%E3%81%8B%E3%82%8F%E3%81%A1%E3%82%83%E3%82%93%35%38" dan="16,16,16,16" rate="2117.38,2131.62,2150.49,2173.89" sx="F,M,M,M"/><TAIKYOKU oya="0"/><INIT seed="0,0,0,5,0,116" ten="250,250,250,250" oya="0" hai0="124,10,73,95,26,84,0,63,15,113,104,76,43" hai1="68,130,106,22,97,7,58,2,49,31,110,27,64" hai2="121,9,100,111,115,30,127,101,57,94,91,69,71" hai3="66,18,65,32,98,17,36,16,120,78,50,14,79"/><T103/><D113/><U47/><E110/><V48/><F30/><W51/><G36/><T35/><D124/><U25/><E130/><V82/><F111/><W33/><G14/><T134/><D134/><U4/><E68/><V34/><F34/><N who="3" m="13419" /><G98/><T60/><D0/><U21/><E2/><V19/><F19/><W42/><G42/><T102/><D43/><U135/><E135/><V52/><F82/><W12/><G12/><T80/><D103/><U13/><E13/><V90/><F9/><W70/><G70/><T88/><D26/><U29/><E106/><V75/><F75/><W40/><G40/><T37/><D37/><U45/><E97/><V119/><F57/><W1/><G1/><T39/><D35/><U20/><E20/><V77/><F77/><N who="3" m="29195" /><G120/><T117/><D39/><U28/><E28/><V62/><F121/><W74/><G74/><T8/><D117/><U54/><REACH who="1" step="1"/><E64/><AGARI ba="0,0" hai="16,17,18,50,51,64,65,66" m="29195,13419" machi="64" ten="40,5200,0" yaku="28,2,54,1" doraHai="116" who="3" fromWho="1" sc="250,0,250,-52,250,0,250,52" /><INIT seed="1,0,0,4,2,72" ten="250,198,250,302" oya="1" hai0="16,106,128,123,84,13,73,134,75,54,37,98,83" hai1="24,76,86,79,118,103,96,2,135,36,112,42,66" hai2="87,51,74,1,40,82,31,53,67,70,71,8,5" hai3="124,41,25,7,78,100,11,129,45,44,105,46,49"/><U57/><E112/><V63/><F31/><W33/><G105/><T58/><D37/><U23/><E118/><V126/><F126/><W9/><G100/><T26/><D128/><U121/><E121/><V27/><F27/><W111/><G11/><T81/><D134/><U77/><E2/><V65/><F74/><W102/><G102/><T122/><D26/><U93/><E135/><V101/><F101/><W52/><G124/><T90/><D98/><U132/><E132/><V50/><F40/><W133/><G133/><T110/><D106/><U116/><E116/><V30/><F30/><W119/><G119/><T80/><D110/><U19/><E36/><V62/><REACH who="2" step="1"/><F53/><REACH who="2" ten="250,198,240,302" step="2"/><W14/><G52/><T120/><D75/><U115/><E42/><V34/><F34/><W3/><G25/><T89/><D73/><U21/><E115/><V94/><F94/><W95/><G95/><T125/><D125/><U29/><E66/><V104/><F104/><W131/><G33/><T18/><D90/><AGARI ba="0,1" hai="1,5,8,50,51,62,63,65,67,70,71,82,87,90" machi="90" ten="30,7700,0" yaku="1,1,7,1,9,1,53,1" doraHai="72" doraHaiUra="0" who="2" fromWho="0" sc="250,-77,198,0,240,87,302,0" /><INIT seed="2,0,0,3,0,62" ten="173,198,327,302" oya="2" hai0="4,11,12,48,17,28,86,42,118,76,78,81,18" hai1="109,93,47,101,66,82,35,88,135,3,96,39,40" hai2="21,13,7,27,97,29,49,105,108,20,100,15,51" hai3="68,70,87,19,90,111,73,36,71,103,33,43,127"/><V38/><F38/><W98/><G33/><T112/><D118/><U14/><E109/><V50/><F108/><W123/><G123/><T64/><D112/><U120/><E135/><V61/><F7/><W10/><G111/><T128/><D128/><U58/><E120/><V89/><F89/><W125/><G73/><T116/><D116/><U104/><E3/><V8/><F8/><W30/><G30/><T34/><D78/><U56/><E35/><V25/><REACH who="2" step="1"/><F61/><REACH who="2" ten="173,198,317,302" step="2"/><W124/><G36/><T117/><D117/><U77/><E66/><V41/><F41/><W99/><G43/><T53/><D64/><U84/><REACH who="1" step="1"/><E14/><REACH who="1" ten="173,188,317,302" step="2"/><V131/><F131/><W2/><G2/><T106/><D12/><U126/><E126/><V44/><F44/><W95/><G125/><T26/><D26/><U129/><E129/><V59/><F59/><W24/><G127/><T110/><D110/><U55/><E55/><V52/><F52/><W115/><G124/><T79/><D53/><U74/><AGARI ba="0,2" hai="39,40,47,56,58,74,77,82,84,88,93,96,101,104" machi="74" ten="20,12000,2" yaku="1,1,0,1,7,1,24,2,54,1,53,0" doraHai="62" doraHaiUra="0" who="1" fromWho="1" sc="173,-30,188,140,317,-60,302,-30" /><INIT seed="3,0,0,5,4,88" ten="143,328,257,272" oya="3" hai0="86,14,3,68,131,15,119,91,44,128,71,89,56" hai1="94,105,35,27,62,83,76,106,66,132,17,28,23" hai2="29,41,126,42,113,4,7,50,60,12,120,107,36" hai3="115,54,77,22,33,98,95,34,90,100,129,117,32"/><W47/><G115/><T8/><D3/><U26/><E94/><V114/><F107/><W57/><G117/><T13/><D119/><U19/><E19/><V103/><F103/><W24/><G129/><T25/><D8/><U73/><E132/><V108/><F36/><W135/><G135/><T80/><D25/><U72/><E72/><V127/><F50/><W65/><G77/><T133/><D44/><U69/><AGARI ba="0,0" hai="17,23,26,27,28,35,62,66,69,73,76,83,105,106" machi="69" ten="20,1500,0" yaku="0,1,7,1" doraHai="88" who="1" fromWho="1" sc="143,-4,328,15,257,-4,272,-7" owari="139,-36.1,343,44.3,253,-14.7,265,6.5" /></mjloggm>