<mjloggm ver="2.3"><GO type="225" lobby="0"/><UN n0="%E6%A1%9C%E6%B2%A2%E5%A2%A8" n1="%E5%A4%8F%E9%88%B4%E9%88%B4%E5%A4%8F" n2="%E2%98%86%E5%B0%8F%E5%AD%A6%E7%94%B7%E7%94%9F%E2%98%86" n3="%E3%83%96%E3%83%83%E3%83%91%E3%82%AA%E3%83%96%E3%83%81%E3%82%AD%E3%83%B3" dan="17,16,17,16" rate="2146.07,2099.83,2131.15,2082.98" sx="F,F,M,M"/><TAIKYOKU oya="0"/><INIT seed="0,0,0,5,3,79" ten="250,250,250,250" oya="0" hai0="13,46,38,100,27,118,109,50,90,95,105,21,67" hai1="4,37,26,19,16,106,102,11,36,65,53,64,127" hai2="14,28,29,126,83,52,77,34,25,5,54,120,62" hai3="89,58,3,15,135,96,41,76,101,63,0,115,99"/><T74/><D118/><U133/><E127/><V42/><F120/><W130/><G115/><T17/><D74/><U8/><E133/><V12/><F126/><W93/><G135/><T87/><D38/><U111/><E111/><V81/><F42/><W22/><G130/><T110/><D67/><U51/><E106/><V129/><F129/><W43/><G76/><T2/><D2/><U71/><E102/><V128/><F128/><W125/><G125/><T80/><D105/><U117/><E117/><V124/><F124/><W10/><G22/><T60/><D60/><U30/><E37/><V6/><F34/><W107/><G0/><T103/><D27/><U70/><E71/><V108/><F77/><W85/><G99/><T123/><D123/><U24/><E70/><V84/><F84/><W23/><G23/><T73/><D73/><U91/><E91/><V114/><F25/><N who="1" m="9833" /><E30/><V7/><F108/><N who="0" m="41578" /><D95/><U134/><E36/><V72/><F72/><W78/><G3/><T66/><D66/><N who="1" m="25707" /><E134/><V32/><F32/><W113/><G113/><T94/><D94/><U131/><E131/><V69/><F69/><W119/><G119/><T55/><AGARI ba="0,0" hai="13,17,21,46,50,55,80,87,90,100,103" m="41578" machi="55" ten="30,6000,0" yaku="14,1,10,1,52,1" doraHai="79" who="0" fromWho="0" sc="250,60,250,-20,250,-20,250,-20" /><INIT seed="0,1,0,4,4,22" ten="310,230,230,230" oya="0" hai0="0,105,83,127,27,77,48,72,41,119,79,111,87" hai1="112,59,84,40,53,2,29,39,73,96,125,102,110" hai2="134,21,133,65,85,61,16,78,56,103,67,99,3" hai3="75,60,88,121,42,9,128,113,50,69,7,23,37"/><T76/><D119/><U28/><E73/><V30/><F3/><W58/><G113/><T36/><D0/><U89/><E110/><V51/><F30/><W94/><G75/><T109/><D36/><U62/><E2/><V117/><F117/><W91/><G128/><T43/><D105/><U12/><E125/><V86/><F65/><W68/><G121/><T90/><D127/><U20/><E40/><V82/><F51/><W66/><G23/><T34/><D72/><U63/><E62/><V38/><F38/><W44/><G37/><T106/><D106/><U114/><E39/><V116/><F86/><W122/><G122/><T52/><D34/><U31/><E12/><V19/><F116/><W46/><G46/><T24/><D111/><U26/><E114/><V15/><REACH who="2" step="1"/><F19/><REACH who="2" ten="310,230,220,230" step="2"/><W57/><G69/><T6/><D109/><U49/><E49/><V70/><F70/><W54/><G68/><T124/><D124/><U11/><E112/><V95/><AGARI ba="1,1" hai="15,16,21,56,61,67,78,82,85,95,99,103,133,134" machi="95" ten="30,4000,0" yaku="1,1,0,1,54,1,53,0" doraHai="22" doraHaiUra="108" who="2" fromWho="2" sc="310,-21,230,-11,220,53,230,-11" /><INIT seed="1,0,0,2,4,84" ten="289,219,273,219" oya="1" hai0="64,57,88,32,48,75,36,116,55,89,49,129,25" hai1="6,127,24,52,22,2,119,118,100,130,134,92,56" hai2="97,124,11,50,78,33,20,111,114,117,1,99,115" hai3="105,21,96,7,34,3,110,8,43,77,59,101,123"/><U113/><E113/><N who="2" m="43019" /><F33/><W122/><G34/><T133/><D116/><U107/><E130/><V35/><F35/><W60/><G110/><T132/><D36/><U47/><E127/><V73/><F117/><W98/><G77/><T0/><D0/><U74/><E134/><N who="0" m="51817" /><D75/><U16/><E74/><V81/><F111/><W65/><G43/><T5/><D5/><U83/><E107/><V71/><F71/><W108/><G108/><T72/><D72/><U19/><E83/><V54/><F20/><W31/><REACH who="3" step="1"/><G98/><REACH who="3" ten="289,219,273,209" step="2"/><T90/><D129/><U112/><E112/><V95/><F124/><W26/><AGARI ba="0,1" hai="3,7,8,21,26,31,59,60,65,96,101,105,122,123" machi="26" ten="30,7900,0" yaku="1,1,2,1,0,1,53,1" doraHai="84" doraHaiUra="27" who="3" fromWho="3" sc="289,-20,219,-39,273,-20,209,89" /><INIT seed="2,0,0,5,4,83" ten="269,180,253,298" oya="2" hai0="130,91,67,132,100,89,73,70,41,15,68,60,31" hai1="80,2,63,7,92,106,35,65,95,99,25,47,131" hai2="69,109,27,115,102,30,108,74,90,12,128,22,29" hai3="59,120,78,103,8,43,87,94,66,52,46,75,71"/><V125/><F115/><W61/><G120/><T5/><D73/><U56/><E131/><V119/><F69/><W72/><G8/><T81/><D130/><U3/><E106/><V112/><F128/><W117/><G117/><T19/><D132/><U18/><E7/><V6/><F74/><W33/><G33/><T77/><D70/><U40/><E92/><V104/><F112/><W133/><G133/><T76/><D31/><U85/><E18/><V21/><F119/><W32/><G32/><T23/><D100/><U107/><E107/><V9/><F90/><N who="3" m="53599" /><G78/><T64/><D64/><U88/><E25/><N who="2" m="16559" /><F102/><W26/><G26/><T36/><D5/><U28/><E28/><V1/><F104/><W62/><G62/><T11/><D11/><U101/><REACH who="1" step="1"/><E35/><REACH who="1" ten="269,170,253,298" step="2"/><N who="2" m="20959" /><F125/><W110/><G103/><T105/><D105/><U44/><E44/><V111/><F22/><W118/><G118/><T82/><D23/><U123/><E123/><V122/><F122/><W86/><G46/><T34/><D34/><U116/><E116/><V113/><F113/><W14/><G71/><T24/><D68/><U49/><AGARI ba="0,1" hai="2,3,40,47,49,56,63,65,80,85,88,95,99,101" machi="49" ten="20,12000,2" yaku="1,1,0,1,7,1,52,1,54,1,53,1" doraHai="83" doraHaiUra="38" who="1" fromWho="1" sc="269,-30,170,130,253,-60,298,-30" /><INIT seed="3,0,0,1,3,106" ten="239,300,193,268" oya="3" hai0="36,90,118,59,17,93,84,47,116,88,27,49,23" hai1="21,74,100,79,72,4,15,71,89,3,131,34,123" hai2="109,26,2,8,99,7,52,12,132,32,128,20,78" hai3="133,114,10,35,77,6,9,112,65,61,31,33,29"/><W120/><G77/><T11/><D36/><U56/><E123/><V81/><F109/><W87/><G87/><T51/><D59/><U110/><E71/><V16/><F128/><W75/><G61/><T41/><D51/><U1/><E34/><N who="3" m="12810" /><G65/><T14/><REACH who="0" step="1"/><D90/><REACH who="0" ten="229,300,193,268" step="2"/><U80/><E56/><V98/><F132/><W39/><G39/><T22/><D22/><U70/><E21/><V122/><F122/><W62/><G120/><T45/><D45/><U117/><E89/><V104/><F104/><W43/><G133/><T68/><D68/><U119/><E117/><V46/><F46/><W113/><G62/><T111/><D111/><U63/><E70/><V126/><F126/><W94/><G113/><T83/><D83/><U54/><E80/><V13/><F52/><W101/><G114/><T129/><D129/><U102/><E54/><V40/><F40/><W37/><G37/><T103/><D103/><U95/><E63/><V18/><F32/><W85/><G101/><T42/><D42/><U127/><E102/><V108/><F108/><W50/><G43/><T86/><D86/><U60/><E100/><V121/><F121/><W24/><G85/><T97/><D97/><U105/><E60/><V44/><F44/><W5/><G50/><T73/><D73/><U66/><E74/><V19/><F2/><N who="1" m="521" /><E119/><V82/><F82/><W92/><G75/><T115/><D115/><U135/><E110/><V0/><F0/><N who="3" m="167" /><G112/><T67/><D67/><U69/><E135/><V96/><REACH who="2" step="1"/><F12/><REACH who="2" ten="229,300,183,268" step="2"/><N who="3" m="5207" /><G94/><T58/><D58/><U64/><E95/><V57/><F57/><W48/><G92/><RYUUKYOKU ba="0,2" sc="229,15,300,-15,183,15,268,-15" hai0="11,14,17,23,27,41,47,49,84,88,93,116,118" hai2="7,8,13,16,18,19,20,26,78,81,96,98,99" /><INIT seed="4,1,2,5,4,109" ten="244,285,198,253" oya="0" hai0="88,72,78,98,26,63,68,0,135,22,81,35,90" hai1="97,56,130,48,45,89,5,99,131,14,73,33,75" hai2="93,58,105,110,24,96,76,125,66,124,40,121,27" hai3="10,112,92,4,122,50,3,115,46,60,43,128,84"/><T103/><D0/><U79/><E33/><V42/><F110/><W123/><G128/><N who="1" m="49194" /><E56/><V36/><F105/><W37/><G60/><T25/><D135/><U102/><E89/><V91/><F121/><N who="3" m="46091" /><G37/><T65/><D26/><N who="2" m="9770" /><F76/><W61/><G61/><T83/><D83/><N who="1" m="45551" /><E75/><V18/><F36/><W111/><G111/><T8/><D8/><N who="1" m="4367" /><E102/><V34/><F34/><W74/><G74/><T9/><D9/><U32/><E32/><V6/><F6/><W108/><G108/><T38/><D38/><U101/><E101/><V82/><F82/><W54/><G54/><AGARI ba="1,2" hai="45,48,54,97,99" m="4367,45551,49194" machi="54" ten="30,1000,0" yaku="19,1" doraHai="109" who="1" fromWho="3" sc="244,0,285,33,198,0,253,-13" owari="244,4.4,318,41.8,198,-30.2,240,-16.0" /></mjloggm>