<mjloggm ver="2.3"><GO type="225" lobby="0"/><UN n0="%E3%80%90%E3%83%88%E3%83%AA%E3%83%A5%E3%83%95%E3%80%91" n1="%E3%81%99%E3%81%84%E3%81%BE%E3%81%9B%E3%83%BC%E3%82%93" n2="%E6%98%93%E5%88%A9%E8%96%A9%E4%BC%AF" n3="%72%69%6F%75%63%68%61%6E" dan="16,18,16,16" rate="2113.33,2178.62,2142.52,2160.29" sx="M,M,F,M"/><TAIKYOKU oya="0"/><INIT seed="0,0,0,0,2,134" ten="250,250,250,250" oya="0" hai0="12,14,26,80,33,60,25,2,78,83,121,54,9" hai1="82,50,37,79,0,49,7,99,3,31,38,69,16" hai2="98,73,111,67,70,115,45,105,120,103,86,48,51" hai3="127,39,131,44,133,64,102,116,113,89,22,17,96"/><T132/><D132/><U52/><E69/><V97/><F73/><W104/><G127/><T125/><D121/><U40/><E31/><V124/><F115/><W18/><G131/><T47/><D2/><U63/><E99/><V76/><F120/><W61/><G133/><T35/><D47/><U36/><E40/><V84/><F70/><W28/><G116/><T55/><D9/><U128/><E128/><V75/><F67/><W72/><G113/><T59/><D78/><U11/><E0/><V74/><F45/><W101/><G72/><N who="2" m="27689" /><F51/><W117/><G117/><T57/><D60/><U93/><E93/><N who="2" m="58799" /><F48/><W110/><G110/><T123/><D123/><U62/><E50/><V10/><F10/><W46/><G102/><T129/><D129/><U88/><E63/><V43/><F43/><W24/><G89/><T13/><D12/><U30/><E62/><V23/><F23/><W94/><G104/><T119/><D119/><U114/><E88/><V19/><F19/><N who="3" m="7179" /><G39/><T53/><D53/><U71/><E71/><V108/><F124/><AGARI ba="0,0" hai="13,14,25,26,33,35,54,55,57,59,80,83,124,125" machi="124" ten="25,9600,0" yaku="22,2,52,2" doraHai="134" who="0" fromWho="2" sc="250,96,250,0,250,-96,250,0" /><INIT seed="0,1,0,4,4,82" ten="346,250,154,250" oya="0" hai0="68,63,103,65,69,46,100,6,96,81,15,58,72" hai1="11,80,125,97,53,27,26,49,3,45,2,121,104" hai2="122,42,18,29,106,17,4,41,101,116,73,114,7" hai3="0,71,62,1,124,112,25,94,12,61,21,113,83"/><T37/><D15/><U115/><E121/><V13/><F114/><W90/><G124/><T76/><D6/><U43/><E125/><V57/><F73/><W85/><G12/><T89/><D89/><U16/><E115/><V109/><F109/><W51/><G61/><T48/><D37/><U118/><E118/><V123/><F116/><W98/><G51/><T105/><D103/><U52/><E2/><V9/><F106/><W8/><G0/><T78/><D76/><U120/><E120/><V134/><F101/><W127/><G127/><T28/><D28/><U33/><E33/><V99/><F99/><W30/><G71/><T111/><D111/><U126/><E126/><V22/><F57/><W35/><G62/><T86/><REACH who="0" step="1"/><D72/><REACH who="0" ten="336,250,154,250" step="2"/><U55/><E3/><V59/><F122/><W64/><G1/><T40/><AGARI ba="1,1" hai="40,46,48,58,63,65,68,69,78,81,86,96,100,105" machi="40" ten="20,18000,2" yaku="1,1,2,1,0,1,7,1,52,1,53,1" doraHai="82" doraHaiUra="54" who="0" fromWho="0" sc="336,193,250,-61,154,-61,250,-61" /><INIT seed="0,2,0,3,3,88" ten="529,189,93,189" oya="0" hai0="19,43,119,38,47,54,132,49,0,71,86,91,14" hai1="109,3,107,130,64,94,4,21,30,24,116,28,72" hai2="73,62,114,97,1,106,77,124,69,31,10,46,9" hai3="123,56,15,134,59,8,105,90,58,20,65,67,27"/><T111/><D119/><U35/><E107/><V76/><F114/><W117/><G134/><T110/><D0/><U33/><E72/><V13/><F124/><W102/><G117/><T17/><D71/><U81/><E81/><V89/><F31/><W93/><G123/><T126/><D126/><U16/><E64/><V101/><F1/><W70/><G70/><T122/><D122/><U52/><E116/><V112/><F112/><W87/><G102/><T118/><D118/><U121/><E121/><V53/><F10/><W85/><G105/><T6/><D6/><U50/><E109/><N who="0" m="41481" /><D14/><U23/><E130/><V78/><F73/><W45/><G45/><N who="0" m="27951" /><D132/><U42/><E4/><V108/><F108/><W11/><G11/><T26/><D26/><U51/><E3/><V95/><F69/><W75/><G75/><T74/><D74/><U29/><E35/><V60/><F46/><W115/><G115/><T129/><D129/><U100/><E33/><V7/><REACH who="2" step="1"/><F53/><REACH who="2" ten="529,189,83,189" step="2"/><W135/><G135/><T68/><D68/><U44/><E52/><V55/><F55/><W40/><G8/><T5/><D5/><U32/><E32/><V12/><F12/><W83/><G15/><T99/><D17/><U39/><E23/><V57/><F57/><W92/><G56/><T84/><D19/><U120/><E120/><V48/><F48/><W79/><G58/><T82/><D47/><U80/><E51/><V37/><F37/><W133/><G59/><T66/><D38/><U61/><E39/><V131/><F131/><W103/><G133/><T127/><D127/><U41/><E44/><RYUUKYOKU ba="2,1" sc="529,-10,189,-10,83,30,189,-10" hai2="7,9,13,60,62,76,77,78,89,95,97,101,106" /><INIT seed="1,3,1,3,2,49" ten="519,179,113,179" oya="1" hai0="125,65,126,48,71,17,23,34,37,74,86,0,47" hai1="18,27,100,43,121,99,26,7,39,75,36,10,134" hai2="103,30,3,63,102,8,31,68,85,119,80,131,91" hai3="46,97,24,33,116,90,82,79,56,67,95,104,11"/><U12/><E121/><V66/><F119/><W129/><G129/><T87/><D74/><U127/><E75/><V9/><F131/><W42/><G116/><T40/><D34/><U106/><E134/><V44/><F9/><W19/><G104/><T72/><D0/><U113/><E113/><V118/><F118/><W130/><G130/><T98/><D98/><U96/><E127/><N who="0" m="48649" /><D37/><U35/><E99/><V89/><F89/><W50/><G33/><T115/><D115/><U69/><E69/><V109/><F109/><W111/><G111/><T112/><D72/><U55/><E43/><V117/><F117/><W54/><G67/><T120/><D120/><U105/><E105/><V62/><F62/><W122/><G122/><T32/><D32/><U59/><E35/><V41/><F103/><W76/><G82/><T101/><D101/><U57/><E39/><V16/><F102/><W88/><G90/><T64/><D64/><U2/><E36/><V135/><F135/><W73/><G73/><T61/><D112/><U124/><E124/><V58/><F68/><W13/><G24/><AGARI ba="3,1" hai="17,23,24,40,47,48,61,65,71,86,87" m="48649" machi="24" ten="30,1000,0" yaku="18,1" doraHai="49" who="0" fromWho="3" sc="519,29,179,0,113,0,179,-19" /><INIT seed="2,0,0,4,3,42" ten="548,179,113,160" oya="2" hai0="1,24,46,115,120,83,34,37,54,6,7,22,86" hai1="5,127,121,11,72,50,82,23,63,67,19,94,16" hai2="122,21,8,84,95,59,49,118,81,48,77,18,128" hai3="56,28,107,64,129,71,117,39,109,33,106,52,79"/><V98/><F118/><W15/><G117/><T27/><D115/><U85/><E127/><V78/><F128/><W30/><G129/><T26/><D120/><U132/><E121/><V131/><F131/><W60/><G109/><T57/><D34/><U73/><E132/><V133/><F133/><W116/><G116/><T9/><D7/><U87/><E50/><V13/><F122/><W14/><G39/><T55/><D37/><U31/><E31/><V0/><F0/><W29/><G33/><T119/><D119/><U108/><E108/><V10/><F78/><W44/><G79/><T126/><D126/><U103/><E103/><V58/><F49/><N who="3" m="28711" /><G71/><T135/><D46/><U124/><E124/><V32/><F32/><W36/><G36/><T51/><D55/><U99/><E73/><V65/><F58/><N who="3" m="36887" /><G106/><T91/><D135/><U102/><E72/><V53/><REACH who="2" step="1"/><F65/><REACH who="2" ten="548,179,103,160" step="2"/><W3/><G3/><T38/><D1/><U97/><E67/><V80/><F80/><W100/><G56/><T4/><D38/><U96/><E63/><V25/><F25/><W40/><G40/><T125/><D125/><U69/><E69/><V35/><F35/><W104/><G14/><N who="0" m="5415" /><D27/><U110/><E110/><V41/><F41/><W112/><G112/><T75/><D26/><U66/><E66/><V105/><F105/><N who="3" m="40523" /><G15/><T89/><D24/><U134/><E134/><V114/><F114/><W90/><G100/><AGARI ba="0,1" hai="8,10,13,18,21,48,53,59,77,81,84,95,98,100" machi="100" ten="30,5800,0" yaku="1,1,7,1,8,1,53,0" doraHai="42" doraHaiUra="101" who="2" fromWho="3" sc="548,0,179,0,103,68,160,-58" /><INIT seed="2,1,0,1,1,13" ten="548,179,171,102" oya="2" hai0="41,48,86,29,31,60,57,9,28,94,66,128,77" hai1="1,113,120,104,121,3,107,91,69,131,70,27,101" hai2="36,8,135,68,54,95,102,127,110,80,65,79,19" hai3="108,73,106,105,14,2,42,74,84,33,58,21,32"/><V96/><F36/><W59/><G108/><T132/><D128/><U123/><E113/><V43/><F135/><W12/><G2/><N who="1" m="522" /><E131/><V26/><F127/><W114/><G84/><T92/><D9/><U6/><E6/><V109/><F43/><W133/><G42/><T103/><D103/><U52/><E101/><V90/><F54/><W55/><G55/><T20/><D20/><U116/><E116/><V85/><F68/><N who="1" m="26217" /><E91/><V98/><F65/><W15/><G21/><T38/><D38/><U39/><E39/><V10/><F26/><W88/><G88/><T44/><D132/><U76/><E76/><V51/><F51/><W47/><G133/><T62/><D60/><U97/><E97/><V83/><F83/><AGARI ba="1,0" hai="28,29,31,41,44,48,57,62,66,77,83,86,92,94" machi="83" ten="40,1300,0" yaku="8,1" doraHai="13" who="0" fromWho="2" sc="548,16,179,0,171,-16,102,0" /><INIT seed="3,0,0,1,4,80" ten="564,179,155,102" oya="3" hai0="47,106,121,102,43,119,19,3,98,0,104,16,79" hai1="113,34,109,105,15,111,133,97,21,126,66,32,53" hai2="86,4,55,54,25,14,103,23,134,91,29,65,38" hai3="49,114,57,135,51,60,78,95,48,11,2,28,87"/><W94/><G114/><T125/><D119/><U50/><E113/><V88/><F38/><W73/><G135/><T56/><D56/><U41/><E41/><V90/><F134/><W64/><G73/><T61/><D61/><U82/><E66/><V84/><F103/><W13/><G2/><T18/><D125/><U10/><E126/><V118/><F65/><W132/><G132/><T115/><D121/><U67/><E67/><V96/><F96/><W8/><G28/><T9/><D106/><U35/><E21/><V107/><F107/><W30/><G30/><T26/><D79/><U99/><E82/><V81/><F118/><W68/><G68/><T93/><D104/><U46/><E105/><V85/><F81/><N who="3" m="47543" /><G8/><AGARI ba="0,0" hai="4,8,14,23,25,29,54,55,84,85,86,88,90,91" machi="8" ten="40,8000,1" yaku="8,1,52,3,54,1" doraHai="80" who="2" fromWho="3" sc="564,0,179,0,155,80,102,-80" owari="564,66.4,179,-22.1,235,3.5,22,-47.8" /></mjloggm>