<mjloggm ver="2.3"><GO type="225" lobby="0"/><UN n0="%5C%28%E2%89%A7%E2%96%BD%E2%89%A6%29%2F" n1="%E5%B6%BA%E4%B8%8A%E5%92%B2" n2="%E6%9D%B1%E9%A2%A8%E3%81%AE%E3%81%8D%E3%82%83%E3%81%B7%E3%81%95%E3%82%93" n3="%E7%99%BD%E9%9B%AA%E4%B9%83%E6%84%9B" dan="16,16,16,16" rate="2069.41,2104.06,2105.41,2036.91" sx="M,F,M,F"/><TAIKYOKU oya="0"/><INIT seed="0,0,0,1,3,28" ten="250,250,250,250" oya="0" hai0="29,75,36,16,61,135,35,96,85,76,83,12,17" hai1="19,71,97,22,59,13,45,110,77,126,46,134,38" hai2="80,26,100,129,44,25,0,32,131,116,37,31,2" hai3="88,128,6,48,92,62,5,41,58,89,101,55,127"/><T95/><D36/><U67/><E110/><V109/><F100/><W113/><G113/><T47/><D135/><U108/><E108/><V119/><F80/><W30/><G128/><N who="2" m="49225" /><F44/><W27/><G127/><T90/><D47/><U60/><E134/><V94/><F94/><W112/><G112/><T91/><D61/><U42/><E126/><V78/><F78/><W73/><G73/><T102/><D90/><U14/><E77/><V20/><F37/><W8/><G6/><T10/><D17/><U107/><E46/><V4/><F109/><W15/><G41/><T117/><D117/><N who="2" m="45130" /><F4/><W86/><G89/><T9/><D10/><U54/><E97/><V81/><F81/><W65/><G101/><T51/><D51/><N who="1" m="31199" /><E107/><V133/><F133/><W122/><G122/><T87/><REACH who="0" step="1"/><D91/><REACH who="0" ten="240,250,250,250" step="2"/><U56/><E56/><V99/><F99/><W68/><G68/><T34/><D34/><U23/><E23/><V11/><F11/><W39/><G39/><T50/><D50/><U132/><E132/><V123/><F123/><W40/><G40/><T105/><D105/><U125/><E125/><V120/><F120/><W111/><G111/><T1/><D1/><U74/><E74/><V121/><F121/><W93/><G48/><T70/><D70/><U104/><E104/><V24/><F20/><W118/><G118/><T79/><D79/><U84/><E84/><V115/><F115/><W98/><G86/><T72/><D72/><U106/><E106/><V18/><F18/><W114/><G114/><T49/><D49/><U43/><E42/><V103/><F103/><W52/><G62/><RYUUKYOKU ba="0,1" sc="240,10,250,10,250,10,250,-30" hai0="9,12,16,29,35,75,76,83,85,87,95,96,102" hai1="13,14,19,22,38,43,45,60,67,71" hai2="0,2,24,25,26,31,32" /><INIT seed="0,1,1,5,5,2" ten="250,260,260,220" oya="0" hai0="84,53,40,30,49,28,27,58,31,25,124,33,46" hai1="92,52,135,100,34,134,43,74,118,79,76,128,3" hai2="129,51,82,26,37,114,119,59,24,63,98,105,61" hai3="15,108,38,81,83,66,127,67,60,110,117,132,109"/><T35/><D84/><U90/><E3/><V45/><F37/><W103/><G117/><T121/><D124/><U87/><E34/><V75/><F114/><W70/><G38/><T123/><REACH who="0" step="1"/><D30/><REACH who="0" ten="240,260,260,220" step="2"/><U22/><E118/><V130/><F119/><W5/><G127/><T18/><D18/><U88/><E134/><V1/><F75/><W13/><G132/><T95/><D95/><U20/><E135/><V77/><F105/><W4/><G110/><T50/><AGARI ba="1,2" hai="25,27,28,31,33,35,40,46,49,50,53,58,121,123" machi="50" ten="20,18000,2" yaku="1,1,0,1,7,1,9,1,53,2" doraHai="2" doraHaiUra="21" who="0" fromWho="0" sc="240,203,260,-61,260,-61,220,-61" /><INIT seed="0,2,0,2,5,75" ten="443,199,199,159" oya="0" hai0="2,24,53,26,113,61,131,127,68,12,19,106,129" hai1="23,124,91,54,89,78,130,86,119,101,60,32,82" hai2="71,95,92,31,51,14,115,67,77,10,56,84,85" hai3="97,44,52,20,48,25,55,120,63,37,98,87,118"/><T17/><D2/><U134/><E32/><V109/><F109/><W81/><G118/><T114/><D106/><U27/><E119/><V39/><F39/><W126/><G126/><T132/><D127/><U73/><E130/><N who="0" m="49673" /><D53/><U59/><E134/><V93/><F71/><W102/><G120/><T133/><D61/><U125/><E101/><V70/><F70/><W72/><G72/><T36/><D36/><U90/><REACH who="1" step="1"/><E73/><REACH who="1" ten="443,189,199,159" step="2"/><V50/><F115/><N who="0" m="44042" /><D68/><U47/><E47/><V66/><F31/><AGARI ba="2,1" hai="23,27,31,54,59,60,78,82,86,89,90,91,124,125" machi="31" ten="40,2600,0" yaku="1,1,52,1,53,0" doraHai="75" doraHaiUra="8" who="1" fromWho="2" sc="443,0,189,42,199,-32,159,0" /><INIT seed="1,0,0,0,2,56" ten="443,231,167,159" oya="1" hai0="40,20,83,13,77,28,30,12,96,105,49,71,108" hai1="62,6,66,73,74,115,38,59,43,54,15,94,82" hai2="132,7,69,126,23,36,116,101,11,124,134,4,19" hai3="72,113,51,27,53,114,109,97,68,52,1,3,92"/><U75/><E115/><V93/><F69/><W131/><G72/><T55/><D40/><U35/><E35/><V127/><F36/><W14/><G109/><T102/><D71/><U17/><E6/><N who="2" m="2091" /><F93/><W125/><G68/><T107/><D108/><U90/><E66/><V63/><F63/><W76/><G76/><T81/><D105/><U41/><E38/><V31/><F101/><W79/><G79/><T117/><D117/><U8/><REACH who="1" step="1"/><E82/><REACH who="1" ten="443,221,167,159" step="2"/><V130/><F116/><W2/><G114/><T18/><D83/><U104/><E104/><V80/><F80/><W119/><G113/><T32/><D81/><U10/><E10/><V85/><F130/><W86/><G131/><T135/><D32/><U44/><E44/><V42/><F11/><W65/><G119/><T25/><D107/><U106/><E106/><V9/><F9/><W57/><G65/><T87/><D20/><U39/><E39/><V24/><F127/><W84/><G125/><T100/><D135/><U91/><E91/><V16/><F134/><W67/><G67/><T123/><D102/><U112/><E112/><V70/><F132/><W98/><G57/><T88/><D100/><U22/><E22/><V110/><F126/><W47/><G47/><T50/><D88/><U99/><AGARI ba="0,1" hai="8,15,17,41,43,54,59,62,73,74,75,90,94,99" machi="99" ten="30,6000,0" yaku="1,1,0,1,52,1,53,0" doraHai="56" doraHaiUra="78" who="1" fromWho="1" sc="443,-20,221,70,167,-20,159,-20" /><INIT seed="1,1,0,1,5,8" ten="423,291,147,139" oya="1" hai0="97,127,105,87,53,0,44,86,88,63,12,21,132" hai1="76,23,64,123,103,111,81,112,129,62,121,20,57" hai2="95,126,135,4,18,130,128,80,116,93,91,40,75" hai3="102,113,58,85,7,36,110,96,70,65,54,30,34"/><U3/><E3/><V25/><F40/><W79/><G113/><T67/><D0/><U99/><E112/><V60/><F4/><W43/><G110/><T104/><D104/><U49/><E129/><V94/><F60/><W14/><G36/><T74/><D74/><U5/><E5/><V42/><F42/><W22/><G43/><T78/><D105/><U134/><E134/><V125/><F18/><W38/><G38/><T41/><D127/><N who="2" m="48650" /><F25/><W118/><G118/><T15/><D132/><U9/><E9/><V2/><F2/><W13/><G34/><T56/><D21/><U106/><E111/><V37/><F37/><W19/><G30/><T27/><D27/><U39/><E39/><V35/><F35/><W32/><G32/><T72/><D72/><U120/><REACH who="1" step="1"/><E49/><REACH who="1" ten="423,281,147,139" step="2"/><V92/><F135/><W33/><G7/><T68/><D78/><U6/><E6/><V28/><F116/><W109/><G79/><T55/><D68/><U31/><E31/><V69/><F28/><W122/><G109/><T89/><D97/><U17/><E17/><V26/><F128/><W16/><G19/><T46/><D87/><AGARI ba="1,1" hai="20,23,57,62,64,76,81,87,99,103,106,120,121,123" machi="87" ten="40,2000,0" yaku="1,1,53,0" doraHai="8" doraHaiUra="114" who="1" fromWho="0" sc="423,-23,281,33,147,0,139,0" /><INIT seed="1,2,0,1,2,110" ten="400,314,147,139" oya="1" hai0="55,9,69,103,99,79,14,90,53,88,12,39,70" hai1="21,30,98,129,19,6,34,112,104,72,44,128,108" hai2="78,65,27,7,47,89,93,48,31,10,11,15,135" hai3="81,130,35,133,61,0,45,16,38,1,115,77,20"/><U92/><E108/><V50/><F135/><W83/><G35/><T43/><D79/><U96/><E72/><V42/><F78/><W73/><G133/><T82/><D39/><U134/><E134/><V41/><F65/><W71/><G83/><T23/><D43/><U74/><E74/><V56/><F11/><W49/><G38/><T33/><D33/><U114/><E6/><V5/><F5/><W102/><G102/><T57/><D69/><U97/><E44/><V52/><F41/><W64/><G130/><N who="1" m="50282" /><E104/><V17/><F7/><W131/><G131/><T80/><D70/><U59/><E59/><V25/><REACH who="2" step="1"/><F31/><REACH who="2" ten="400,314,137,139" step="2"/><W127/><G127/><T75/><D9/><U123/><E123/><V29/><F29/><W100/><G100/><T2/><D55/><U117/><E117/><V84/><AGARI ba="2,1" hai="10,15,17,25,27,42,47,48,50,52,56,84,89,93" machi="84" ten="20,8000,1" yaku="1,1,0,1,7,1,8,1,54,1,53,0" doraHai="110" doraHaiUra="120" who="2" fromWho="2" sc="400,-22,314,-42,137,96,139,-22" /><INIT seed="2,0,0,1,5,35" ten="378,272,233,117" oya="2" hai0="2,19,51,53,79,58,0,21,110,121,48,39,72" hai1="56,11,23,97,15,45,89,38,113,7,105,124,88" hai2="91,131,135,98,67,46,4,66,123,90,54,18,120" hai3="69,31,82,64,132,43,84,134,87,117,55,111,77"/><V81/><F135/><W116/><G111/><T62/><D39/><U60/><E113/><V34/><F34/><W25/><G43/><T42/><D110/><U133/><E124/><V100/><F131/><W47/><G69/><T37/><D121/><U59/><E133/><V41/><F4/><W83/><G64/><T17/><D37/><U93/><E105/><V10/><F123/><W102/><G102/><T27/><D19/><U68/><E68/><V103/><F120/><W13/><G13/><T65/><D42/><U118/><E118/><V101/><F54/><W107/><G107/><T75/><D51/><U78/><E78/><V6/><F18/><W86/><G86/><T29/><D17/><U112/><E112/><V44/><F81/><W80/><G80/><T85/><D85/><U63/><E45/><N who="2" m="17515" /><F41/><W94/><G47/><T115/><D115/><U106/><E106/><V104/><F104/><W5/><G5/><T24/><D24/><U61/><E38/><V1/><F98/><W70/><G70/><T33/><D33/><U50/><E50/><V49/><F49/><W57/><G94/><T12/><D79/><U129/><E129/><V9/><F9/><W122/><G122/><T127/><D72/><U40/><E40/><V36/><F36/><W128/><G128/><T3/><D75/><U32/><E32/><V73/><F73/><W109/><G109/><T16/><D48/><U95/><E23/><V108/><F108/><W74/><G134/><T14/><D53/><U71/><E71/><V22/><F22/><W76/><G132/><T125/><D16/><RYUUKYOKU ba="0,0" sc="378,10,272,10,233,10,117,-30" hai0="0,2,3,12,14,21,27,29,58,62,65,125,127" hai1="7,11,15,56,59,60,61,63,88,89,93,95,97" hai2="1,6,10,66,67,90,91,100,101,103" /><INIT seed="2,1,0,4,2,109" ten="388,282,243,87" oya="2" hai0="49,22,38,84,15,60,113,31,56,103,117,37,1" hai1="99,124,24,97,96,134,112,129,135,128,102,85,14" hai2="44,68,47,11,107,88,127,71,33,108,79,3,82" hai3="59,118,41,90,61,42,121,76,50,91,32,12,16"/><V20/><F107/><W62/><G118/><T115/><D1/><U93/><E24/><V28/><F33/><W86/><G121/><T119/><D103/><U106/><E14/><V94/><F108/><W133/><G133/><N who="1" m="50698" /><E112/><N who="0" m="43081" /><D84/><U116/><E116/><N who="0" m="44617" /><D49/><U48/><E48/><V126/><F20/><W45/><G32/><T2/><D2/><U122/><E122/><V105/><F28/><W80/><G42/><T0/><D0/><U21/><E21/><V4/><F105/><W27/><G27/><N who="0" m="16887" /><D15/><U58/><E85/><N who="2" m="52495" /><F47/><W67/><REACH who="3" step="1"/><G62/><REACH who="3" ten="388,282,243,77" step="2"/><T36/><D37/><U18/><E128/><V95/><F44/><W40/><G40/><T114/><N who="0" m="43089" /><T6/><DORA hai="8" /><D6/><U9/><E129/><V74/><F95/><W25/><G25/><T125/><D125/><AGARI ba="1,1" hai="3,4,11,68,71,74,79,82,125,126,127" m="52495" machi="125" ten="30,2900,0" yaku="18,1,54,1" doraHai="109,8" who="2" fromWho="0" sc="388,-32,282,0,243,42,77,0" /><INIT seed="2,2,0,4,1,95" ten="356,282,285,77" oya="2" hai0="13,115,2,87,21,135,26,70,127,17,29,118,54" hai1="4,108,133,105,101,69,20,83,116,110,11,52,8" hai2="10,131,33,75,66,114,129,28,91,67,98,111,49" hai3="1,92,57,130,89,24,113,48,43,124,128,61,39"/><V45/><F75/><W74/><G124/><T53/><D115/><U106/><E69/><V100/><F114/><W35/><G113/><T16/><D70/><U44/><E116/><V50/><F91/><W59/><G74/><T76/><D2/><U23/><E133/><V68/><F10/><W79/><G79/><T82/><D135/><U58/><E83/><V40/><F49/><W19/><G1/><T86/><D127/><U107/><E44/><V90/><F90/><W34/><G39/><T80/><D118/><U36/><E36/><V3/><F3/><W78/><G78/><N who="0" m="46359" /><D29/><U31/><E101/><V6/><F6/><W51/><G35/><T103/><D103/><U132/><E132/><V117/><F117/><W32/><G32/><T96/><D96/><U46/><E46/><V0/><F0/><W27/><G34/><T56/><D56/><U93/><E93/><V102/><F102/><W55/><G59/><T65/><D65/><U126/><E126/><V15/><F15/><W47/><G61/><T109/><D109/><N who="1" m="42091" /><E31/><V71/><F111/><W120/><G120/><T104/><D104/><U18/><E18/><V72/><F72/><W60/><G51/><T73/><D73/><U42/><E42/><V81/><F71/><W112/><G112/><T125/><D125/><U119/><E119/><V134/><F134/><W84/><REACH who="3" step="1"/><G19/><REACH who="3" ten="356,282,285,67" step="2"/><T7/><D17/><U121/><E121/><V77/><F77/><W122/><G122/><T14/><D7/><U63/><E4/><V99/><F33/><W38/><G38/><T37/><D37/><U25/><E23/><RYUUKYOKU ba="2,1" sc="356,10,282,10,285,-30,67,10" hai0="13,14,16,21,26,53,54,76,82,87" hai1="8,11,20,25,52,58,63,105,106,107" hai3="24,27,43,47,48,55,57,60,84,89,92,128,130" /><INIT seed="3,3,1,0,3,34" ten="366,292,255,77" oya="3" hai0="79,132,96,106,78,71,97,118,116,28,101,20,75" hai1="13,42,56,110,77,86,128,54,76,99,127,61,135" hai2="66,65,109,32,0,33,80,108,63,123,25,120,103" hai3="40,100,24,6,18,60,93,51,23,39,68,29,70"/><W124/><G39/><T102/><D71/><U92/><E110/><N who="2" m="42603" /><F80/><W73/><G73/><T91/><D20/><U8/><E128/><V87/><F87/><W74/><G74/><T115/><D28/><U69/><E69/><N who="2" m="42175" /><F103/><W27/><G124/><T104/><D132/><U15/><E127/><V47/><F66/><W41/><G6/><T121/><D121/><N who="2" m="46666" /><F47/><W95/><G68/><T26/><D75/><U111/><E111/><V35/><F25/><W48/><G70/><T129/><D26/><U53/><E135/><V17/><F17/><W117/><G117/><T50/><D116/><U107/><E107/><V90/><F90/><W57/><G100/><T125/><D91/><N who="1" m="55711" /><E42/><N who="3" m="16490" /><G27/><T44/><D118/><U113/><E86/><V131/><F131/><W105/><G105/><T59/><D129/><U62/><E113/><V38/><F38/><W134/><G134/><T58/><D115/><U114/><E114/><V30/><F30/><W98/><G29/><T122/><D122/><U16/><E15/><V133/><F133/><W14/><G14/><T94/><D125/><U88/><E88/><V11/><F11/><W5/><G5/><T21/><D106/><U55/><E56/><V37/><F37/><W12/><G12/><T22/><D59/><U130/><E130/><V85/><F85/><W3/><G3/><AGARI ba="3,1" hai="0,3,32,33,35" m="46666,42175,42603" machi="3" ten="40,8000,1" yaku="14,1,13,1,23,1,52,2" doraHai="34" who="2" fromWho="3" sc="366,0,292,0,255,99,77,-89" owari="366,46.6,292,-10.8,354,15.4,-12,-51.2" /></mjloggm>