<mjloggm ver="2.3"><GO type="225" lobby="0"/><UN n0="%33%74%72%65%65" n1="%E5%B6%BA%E4%B8%8A%E5%92%B2" n2="%E3%83%81%E3%83%83%E3%82%BF%E3%82%BD%E3%83%BC" n3="%E3%83%96%E3%83%83%E3%83%91%E3%82%AA%E3%83%96%E3%83%81%E3%82%AD%E3%83%B3" dan="17,16,16,16" rate="2229.18,2101.00,2110.36,2205.02" sx="F,F,F,M"/><TAIKYOKU oya="0"/><INIT seed="0,0,0,4,2,65" ten="250,250,250,250" oya="0" hai0="83,94,53,102,3,96,72,32,35,8,9,26,93" hai1="6,114,27,113,20,95,29,127,118,133,71,115,67" hai2="105,49,85,126,31,40,121,33,84,48,1,122,4" hai3="18,123,79,77,16,25,60,101,111,106,2,90,82"/><T129/><D129/><U125/><E118/><V74/><F74/><W97/><G2/><T73/><D53/><U98/><E133/><V47/><F126/><N who="1" m="48137" /><E6/><V70/><F105/><W54/><G111/><T100/><D3/><U92/><E98/><V45/><F31/><W11/><G123/><T14/><D96/><U76/><E76/><N who="3" m="29258" /><G106/><T44/><D14/><U42/><E42/><V64/><F33/><W50/><G60/><AGARI ba="0,0" hai="20,27,29,60,67,71,92,95,113,114,115" m="48137" machi="60" ten="40,5200,0" yaku="11,1,18,1,52,1" doraHai="65" who="1" fromWho="3" sc="250,0,250,52,250,0,250,-52" /><INIT seed="1,0,0,2,3,117" ten="250,302,250,198" oya="1" hai0="32,73,85,35,132,128,54,90,13,121,79,20,74" hai1="16,10,5,97,126,111,30,69,116,22,67,108,99" hai2="38,25,50,80,110,36,48,53,119,12,23,14,47" hai3="8,42,40,17,133,65,7,59,9,87,49,21,1"/><U101/><E116/><V63/><F110/><N who="1" m="42025" /><E126/><V129/><F129/><W92/><G133/><T44/><D132/><U81/><E81/><V76/><F63/><W106/><G106/><T123/><D128/><U58/><E69/><V131/><F131/><W104/><G104/><T77/><D44/><U130/><E30/><V71/><F71/><W2/><G2/><T62/><D62/><N who="1" m="38359" /><E130/><V96/><F119/><W55/><G65/><T93/><D54/><U82/><E82/><V27/><F38/><W100/><G9/><T86/><D77/><U37/><E37/><V78/><F36/><W103/><G103/><T70/><D70/><U41/><E41/><V61/><F61/><W134/><G134/><T115/><D115/><U83/><E83/><V124/><F124/><W31/><G31/><T135/><D135/><U118/><E118/><V26/><F48/><W4/><G4/><T98/><D79/><U113/><E113/><V11/><F80/><W105/><G105/><T95/><D95/><U6/><E10/><V57/><F78/><W18/><G92/><T91/><D93/><N who="1" m="58543" /><E99/><V29/><F96/><W64/><G42/><T66/><D98/><U3/><E3/><V39/><F76/><W28/><G40/><T46/><D74/><U75/><E75/><V60/><F39/><W34/><G1/><T107/><D73/><U56/><E56/><V88/><F88/><W15/><G59/><T52/><D91/><U0/><E0/><V51/><F11/><W19/><G8/><T94/><D90/><U24/><AGARI ba="0,0" hai="5,6,16,22,24" m="58543,38359,42025" machi="24" ten="30,6000,0" yaku="14,1,10,1,54,1" doraHai="117" who="1" fromWho="1" sc="250,-20,302,60,250,-20,198,-20" /><INIT seed="1,1,0,1,5,40" ten="230,362,230,178" oya="1" hai0="4,110,9,21,133,10,131,91,57,16,108,39,23" hai1="122,78,65,123,77,101,7,32,28,102,72,42,35" hai2="95,15,18,109,106,29,132,41,126,87,120,107,118" hai3="124,8,53,36,99,119,75,59,112,104,90,51,50"/><U130/><E130/><V73/><F118/><W34/><G112/><T44/><D131/><U111/><E7/><V83/><F73/><W85/><G119/><T96/><D133/><U103/><E42/><V127/><F120/><W46/><G124/><N who="2" m="47657" /><F132/><W0/><G34/><T5/><D57/><U26/><E111/><N who="0" m="42537" /><D39/><U80/><E35/><V62/><F109/><W63/><G75/><T69/><D69/><U97/><E78/><N who="2" m="46583" /><F29/><W52/><G36/><T89/><D44/><U14/><E14/><V22/><F41/><N who="3" m="24911" /><G0/><N who="0" m="135" /><D96/><U24/><E24/><V88/><F62/><W86/><G104/><T48/><D48/><U30/><E30/><V68/><F68/><W6/><G6/><T61/><D61/><U82/><E122/><V3/><F3/><W17/><G99/><AGARI ba="1,0" hai="15,18,22,88,95,99,106,107" m="46583,47657" machi="99" ten="30,2000,0" yaku="18,1,54,1" doraHai="40" who="2" fromWho="3" sc="230,0,362,0,230,23,178,-23" /><INIT seed="2,0,0,3,5,16" ten="230,362,253,155" oya="2" hai0="10,109,98,40,51,4,112,97,80,38,14,133,7" hai1="69,86,72,122,15,54,118,78,74,81,21,66,24" hai2="129,29,123,2,114,11,100,83,18,76,126,87,68" hai3="43,77,116,1,93,108,35,106,3,128,50,25,41"/><V89/><F126/><W73/><G116/><T96/><D112/><U8/><E118/><V113/><F129/><W124/><G106/><T107/><D109/><U62/><E122/><V23/><F123/><W105/><G105/><T12/><D133/><U48/><E8/><V49/><F68/><W6/><G108/><T70/><D107/><U110/><E15/><V92/><F29/><W103/><G124/><T27/><D70/><U120/><E120/><V36/><F36/><W61/><G128/><T46/><D80/><U65/><E65/><V131/><F131/><W94/><G73/><T39/><D27/><U58/><E110/><V47/><F100/><W57/><G35/><T55/><D55/><U82/><E81/><V32/><F32/><W64/><G1/><T71/><D71/><U119/><E119/><V130/><F130/><W44/><G3/><T60/><D60/><U26/><E26/><V115/><F11/><AGARI ba="0,0" hai="4,7,10,11,12,14,38,39,40,46,51,96,97,98" machi="11" ten="40,1300,0" yaku="9,1" doraHai="16" who="0" fromWho="2" sc="230,13,362,0,253,-13,155,0" /><INIT seed="3,0,0,0,4,107" ten="243,362,240,155" oya="3" hai0="16,11,30,87,15,36,129,53,20,0,83,6,21" hai1="3,23,105,50,68,117,90,96,94,52,134,46,89" hai2="64,69,95,126,133,132,31,65,110,10,84,7,47" hai3="57,114,71,100,120,66,101,82,2,12,81,35,14"/><W41/><G114/><T73/><D129/><U124/><E105/><V72/><F110/><W43/><G120/><T112/><D112/><U88/><E134/><N who="2" m="51819" /><F69/><W59/><G2/><T40/><D73/><U29/><E3/><N who="2" m="383" /><F126/><W48/><G71/><T22/><D30/><U38/><E68/><V62/><F72/><W33/><REACH who="3" step="1"/><G48/><REACH who="3" ten="243,362,240,145" step="2"/><T130/><D0/><U4/><E124/><V93/><F62/><W119/><G119/><T56/><D130/><U116/><E38/><V61/><F61/><W76/><G76/><N who="0" m="46567" /><D36/><U115/><E115/><V55/><F65/><AGARI ba="0,1" hai="12,14,33,35,41,43,57,59,65,66,81,82,100,101" machi="65" ten="25,4800,0" yaku="1,1,22,2,53,0" doraHai="107" doraHaiUra="58" who="3" fromWho="2" sc="243,0,362,0,240,-48,145,58" /><INIT seed="3,1,0,2,3,4" ten="243,362,192,203" oya="3" hai0="97,120,53,111,126,90,130,106,78,62,108,70,35" hai1="20,10,104,1,119,133,16,95,25,50,118,99,98" hai2="89,74,121,127,115,93,81,101,64,103,61,57,105" hai3="49,44,68,6,42,100,110,135,76,55,128,8,12"/><W102/><G128/><T43/><D120/><U41/><E133/><V26/><F115/><W14/><G135/><T11/><D130/><U94/><E1/><V46/><F127/><W15/><G68/><T82/><D35/><U33/><E33/><V116/><F116/><N who="1" m="44585" /><E10/><V125/><F125/><W3/><G110/><T88/><D11/><U60/><E60/><V39/><F121/><W123/><G123/><T0/><D62/><U117/><N who="1" m="44593" /><U28/><DORA hai="85" /><E28/><V56/><F105/><W113/><G113/><T23/><D106/><U84/><E84/><V45/><F26/><W19/><G76/><T112/><D78/><U75/><E75/><V32/><F32/><W21/><REACH who="3" step="1"/><G42/><REACH who="3" ten="243,362,192,193" step="2"/><T109/><D43/><U13/><E41/><V129/><F129/><W114/><G114/><T38/><D112/><U27/><E104/><V30/><F74/><W67/><G67/><T34/><D111/><U47/><E47/><V69/><F46/><W22/><G22/><T54/><D23/><U17/><E20/><V71/><F45/><W48/><G48/><T40/><D40/><U51/><E51/><V83/><F64/><W79/><G79/><T73/><D109/><U63/><E50/><V36/><F39/><W124/><G124/><T65/><D126/><U134/><E134/><V5/><F36/><W52/><G52/><T86/><D53/><U87/><E63/><V9/><F61/><W59/><G59/><T96/><D38/><U7/><E27/><AGARI ba="1,1" hai="3,6,8,12,14,15,19,21,27,44,49,55,100,102" machi="27" ten="40,3900,0" yaku="1,1,52,1,53,0" doraHai="4,85" doraHaiUra="92,91" who="3" fromWho="1" sc="243,0,362,-42,192,0,193,52" /><INIT seed="3,2,0,1,0,52" ten="243,320,192,245" oya="3" hai0="58,55,12,60,96,70,21,98,66,16,100,92,38" hai1="130,49,133,57,126,50,84,118,101,1,117,6,32" hai2="31,46,111,127,115,51,78,81,28,105,110,104,43" hai3="30,29,33,61,108,37,10,73,88,40,62,7,11"/><W112/><G112/><T123/><D38/><U74/><E74/><V131/><F115/><W113/><G113/><T71/><D123/><U22/><E32/><V59/><F131/><W102/><G73/><T48/><REACH who="0" step="1"/><D98/><REACH who="0" ten="233,320,192,245" step="2"/><U116/><E116/><V25/><F127/><W47/><G108/><T122/><D122/><U15/><E126/><V35/><F28/><W107/><G29/><T125/><D125/><U27/><E118/><V44/><F110/><W85/><G30/><T134/><D134/><U56/><E133/><V90/><F111/><W36/><G36/><T34/><D34/><U24/><E117/><V106/><F90/><W83/><G33/><T86/><D86/><U65/><E84/><V0/><F0/><W20/><G37/><T5/><D5/><U103/><E6/><V9/><F9/><W91/><G11/><T42/><D42/><U53/><E1/><V2/><F2/><W67/><G10/><T124/><D124/><U97/><E97/><V76/><F43/><W79/><G40/><T8/><D8/><U23/><E130/><V95/><F95/><W14/><G91/><T18/><D18/><U80/><E23/><V87/><F76/><W128/><G88/><T119/><D119/><U135/><E22/><V13/><F13/><W64/><G14/><T68/><AGARI ba="2,1" hai="12,16,21,48,55,58,60,66,68,70,71,92,96,100" machi="68" ten="20,8000,1" yaku="1,1,0,1,7,1,52,1,54,1,53,0" doraHai="52" doraHaiUra="77" who="0" fromWho="0" sc="233,96,320,-22,192,-22,245,-42" owari="329,42.9,298,9.8,170,-33.0,203,-19.7" /></mjloggm>