<mjloggm ver="2.3"><GO type="225" lobby="0"/><UN n0="%E9%B7%B9%E5%80%89%E6%9D%8F%E9%88%B4" n1="%E3%82%A2%E3%83%B3%E3%83%93%E3%83%90%E3%83%AC%E3%83%B3%E3%83%88" n2="%E3%81%A1%E3%82%83%E3%81%93%E3%81%93" n3="%EF%BC%AE%EF%BC%A1%EF%BC%AF%33%33%39" dan="16,16,16,16" rate="2137.33,2084.98,2122.87,2114.89" sx="F,F,F,M"/><TAIKYOKU oya="0"/><INIT seed="0,0,0,1,4,127" ten="250,250,250,250" oya="0" hai0="51,5,126,101,22,59,77,125,20,90,103,50,53" hai1="70,33,78,56,109,48,97,71,47,8,31,134,7" hai2="64,18,0,107,106,121,15,91,14,69,123,73,132" hai3="57,87,4,124,66,11,40,92,130,95,16,102,54"/><T88/><D77/><U6/><E6/><V2/><F73/><W80/><G124/><N who="0" m="47723" /><D5/><U60/><E31/><V29/><F29/><W100/><G40/><T99/><D51/><U52/><E33/><V63/><F132/><W117/><G66/><T37/><D37/><U58/><E134/><V74/><F74/><W105/><G117/><T3/><D3/><U119/><E119/><V133/><F133/><W82/><G4/><T81/><D103/><U19/><E109/><V55/><F91/><N who="0" m="34858" /><D81/><U83/><E97/><V122/><F0/><W49/><G82/><T43/><D43/><U68/><E60/><V111/><F2/><W120/><G102/><T34/><D34/><U26/><E7/><V17/><F111/><W135/><G135/><T38/><D38/><U39/><E39/><V13/><REACH who="2" step="1"/><F55/><REACH who="2" ten="250,250,240,250" step="2"/><W30/><G54/><T67/><D67/><U23/><REACH who="1" step="1"/><E8/><REACH who="1" ten="250,240,240,250" step="2"/><V96/><F96/><W89/><G11/><T61/><D61/><U108/><E108/><V85/><F85/><AGARI ba="0,2" hai="19,23,26,47,48,52,56,58,68,70,71,78,83,85" machi="85" ten="40,2600,0" yaku="1,1,54,1,53,0" doraHai="127" doraHaiUra="131" who="1" fromWho="2" sc="250,0,240,46,240,-26,250,0" /><INIT seed="1,0,0,5,2,133" ten="250,286,214,250" oya="1" hai0="4,135,100,56,31,60,116,38,132,126,119,14,12" hai1="22,110,36,17,7,82,108,127,54,34,69,99,24" hai2="94,70,130,68,52,44,118,15,117,35,19,113,72" hai3="81,91,104,90,77,66,105,131,3,10,9,30,23"/><U106/><E69/><V46/><F72/><W11/><G3/><T0/><D38/><U20/><E36/><V93/><F35/><W97/><G66/><T78/><D31/><U89/><E7/><V75/><F75/><W76/><G131/><T125/><D100/><U86/><E34/><V95/><F130/><W67/><G67/><N who="0" m="39303" /><D78/><U2/><E2/><V25/><F25/><W73/><G77/><T111/><D0/><U103/><E54/><V49/><F46/><W84/><G91/><T115/><D115/><U51/><E51/><V88/><F113/><W96/><G104/><T41/><D41/><U87/><E87/><V45/><F45/><W28/><G23/><T21/><D111/><N who="1" m="42539" /><E22/><V5/><F5/><W92/><REACH who="3" step="1"/><G97/><REACH who="3" ten="250,286,214,240" step="2"/><T42/><D21/><U134/><E134/><N who="0" m="51241" /><D42/><U109/><E109/><V26/><F26/><W102/><AGARI ba="0,1" hai="9,10,11,28,30,73,76,81,84,90,92,96,102,105" machi="102" ten="30,7900,0" yaku="1,1,0,1,24,2,53,0" doraHai="133" doraHaiUra="1" who="3" fromWho="3" sc="250,-20,286,-39,214,-20,240,89" /><INIT seed="2,0,0,5,2,105" ten="230,247,194,329" oya="2" hai0="13,97,100,2,59,119,44,89,15,43,104,113,86" hai1="88,47,96,38,39,31,101,131,79,8,63,82,127" hai2="102,3,14,85,93,87,135,65,5,111,1,80,103" hai3="118,55,10,61,40,26,29,34,25,67,17,46,12"/><V60/><F135/><W30/><G118/><T123/><D123/><U9/><E31/><V22/><F3/><W41/><G55/><T129/><D113/><U7/><E47/><V73/><F1/><W122/><G46/><T27/><D2/><U98/><E98/><V92/><F73/><W56/><REACH who="3" step="1"/><G122/><REACH who="3" ten="230,247,194,319" step="2"/><T99/><D119/><U107/><E63/><V6/><F60/><W32/><AGARI ba="0,1" hai="10,12,17,25,26,29,30,32,34,40,41,56,61,67" machi="32" ten="20,8000,1" yaku="1,1,2,1,0,1,7,1,9,1,53,0" doraHai="105" doraHaiUra="134" who="3" fromWho="3" sc="230,-20,247,-20,194,-40,319,90" /><INIT seed="3,0,0,1,1,66" ten="210,227,154,409" oya="3" hai0="120,135,117,126,109,12,45,26,116,112,113,98,68" hai1="4,32,73,64,94,51,11,83,41,10,132,114,118" hai2="1,91,75,100,46,60,101,84,99,40,31,30,3" hai3="130,69,5,133,92,131,79,122,34,8,9,74,105"/><W62/><G122/><T80/><D120/><U76/><E32/><V87/><F75/><W107/><G34/><T58/><D68/><U38/><E64/><V97/><F60/><W16/><G92/><T96/><D109/><U2/><E11/><V77/><F77/><W49/><G49/><T33/><D135/><U123/><E94/><V111/><F111/><W102/><G79/><T36/><D58/><U35/><E51/><V134/><F134/><W59/><G74/><T21/><D80/><U128/><E35/><V19/><F19/><W90/><G90/><T72/><D72/><U82/><E82/><V27/><F27/><W85/><G85/><T47/><D12/><U50/><E50/><V86/><F91/><W37/><G37/><T65/><D65/><U103/><E103/><V70/><F87/><W108/><G102/><T57/><D57/><U14/><E132/><V61/><F61/><W78/><G62/><T106/><D33/><U29/><E29/><V15/><F15/><W23/><G59/><T18/><D36/><U67/><E67/><V88/><F88/><W119/><G108/><T48/><D48/><U55/><E55/><V39/><F39/><W89/><G89/><T54/><D54/><U95/><E123/><V28/><F28/><W24/><G78/><T110/><D110/><U44/><E95/><V22/><F22/><W127/><G23/><T6/><D21/><U115/><E118/><V63/><F63/><W17/><G119/><T7/><D18/><N who="1" m="8535" /><E128/><V53/><F53/><W71/><G133/><T52/><D117/><U129/><E129/><RYUUKYOKU ba="0,0" sc="210,-10,227,30,154,-10,409,-10" hai1="2,4,38,41,44,73,76,83,114,115" owari="200,-20.0,257,5.7,144,-35.6,399,49.9" /></mjloggm>