<mjloggm ver="2.3"><GO type="225" lobby="0"/><UN n0="%E5%91%A8%E6%9D%B1" n1="%E9%BB%99%E8%81%B4%E3%81%AE%E3%81%99%E3%82%9D%E3%82%81" n2="%E3%83%96%E3%83%83%E3%83%91%E3%82%AA%E3%83%96%E3%83%81%E3%82%AD%E3%83%B3" n3="%E9%80%86%E9%80%A3%E5%B8%AF%E3%81%AE%E9%AC%BC" dan="17,16,16,17" rate="2139.94,2113.73,2114.21,2114.22" sx="M,M,M,M"/><TAIKYOKU oya="0"/><INIT seed="0,0,0,4,3,94" ten="250,250,250,250" oya="0" hai0="57,2,72,78,118,31,127,58,5,91,32,132,54" hai1="106,62,107,75,24,119,41,125,84,36,92,69,33" hai2="87,105,47,49,13,11,44,64,63,101,9,1,88" hai3="66,45,108,96,0,85,53,116,77,27,130,123,98"/><T40/><D118/><U117/><E84/><V35/><F35/><W30/><G116/><T61/><D132/><U102/><E92/><V80/><F1/><W20/><G0/><T10/><D127/><U37/><E125/><V82/><F82/><W18/><G108/><T103/><D40/><U135/><E135/><V128/><F128/><W129/><G123/><T8/><D8/><U50/><E50/><V122/><F122/><W25/><G66/><T28/><D32/><U52/><E52/><V89/><F89/><W42/><G53/><T59/><D103/><U16/><E16/><V19/><F11/><W115/><G115/><T70/><D91/><U22/><E22/><V65/><F63/><W15/><G130/><T112/><D112/><U79/><E119/><V14/><F14/><W99/><G129/><T17/><D17/><U73/><E117/><V60/><F60/><W134/><G134/><T39/><D39/><N who="1" m="14923" /><E79/><V100/><F47/><W109/><G109/><T95/><D95/><U23/><E23/><V113/><F113/><W81/><REACH who="3" step="1"/><G30/><REACH who="3" ten="250,250,250,240" step="2"/><N who="0" m="11307" /><D70/><U43/><E69/><V131/><F131/><W124/><G124/><T93/><D54/><U3/><E3/><V126/><F126/><W67/><G67/><T71/><D71/><U86/><E43/><N who="2" m="24735" /><F65/><W46/><G46/><T74/><D2/><U76/><E41/><V110/><F64/><W83/><G83/><T7/><D61/><U12/><E62/><V4/><F110/><W29/><G29/><T55/><D55/><U68/><E68/><V56/><F80/><W48/><AGARI ba="0,1" hai="15,18,20,25,27,42,45,48,77,81,85,96,98,99" machi="48" ten="30,12000,2" yaku="1,1,0,1,8,1,52,3,53,1" doraHai="94" doraHaiUra="38" who="3" fromWho="3" sc="250,-60,250,-30,250,-30,240,130" /><INIT seed="1,0,0,1,4,41" ten="190,220,220,370" oya="1" hai0="111,102,128,44,75,113,107,100,95,98,123,58,121" hai1="48,78,118,116,4,19,83,122,21,1,70,124,80" hai2="68,23,91,42,125,35,53,109,115,18,130,28,104" hai3="52,93,24,2,32,86,108,33,34,16,71,66,65"/><U31/><E122/><N who="0" m="46601" /><D113/><U29/><E70/><V40/><F68/><W62/><G2/><T82/><D58/><U5/><E124/><V37/><F104/><W133/><G108/><T105/><D44/><U54/><E118/><V106/><F106/><N who="0" m="40458" /><D111/><U27/><E116/><V85/><F109/><W117/><G117/><T112/><D112/><U101/><E101/><V36/><F115/><W67/><G133/><T39/><D39/><U59/><E83/><V103/><F37/><W97/><G86/><T119/><D119/><U22/><E1/><V46/><F130/><W110/><G110/><T114/><D114/><U135/><E135/><V131/><F131/><W13/><G24/><T79/><D128/><U60/><E60/><V50/><F103/><AGARI ba="0,0" hai="75,79,82,95,98,100,102,103" m="40458,46601" machi="103" ten="30,3900,0" yaku="13,1,34,2" doraHai="41" who="0" fromWho="2" sc="190,39,220,0,220,-39,370,0" /><INIT seed="2,0,0,3,3,94" ten="229,220,181,370" oya="2" hai0="76,42,61,58,106,86,101,27,82,40,52,133,65" hai1="6,62,26,118,36,124,7,104,21,12,32,30,80" hai2="24,2,105,114,79,22,51,115,0,47,16,46,88" hai3="107,78,64,85,112,98,54,75,122,15,63,121,102"/><V3/><F105/><W83/><G112/><T17/><D133/><U81/><E36/><V108/><F79/><W77/><G54/><T67/><D106/><U11/><E118/><V43/><F108/><W33/><G33/><T127/><D101/><U28/><E124/><V125/><F125/><W99/><G99/><T35/><D127/><U72/><E104/><V95/><REACH who="2" step="1"/><F47/><REACH who="2" ten="229,220,171,370" step="2"/><W103/><G78/><T66/><D35/><U8/><E32/><V49/><F49/><W19/><G75/><T131/><D131/><U37/><E72/><V113/><F113/><W59/><G103/><T130/><D130/><U96/><E37/><V87/><AGARI ba="0,1" hai="0,2,3,16,22,24,43,46,51,87,88,95,114,115" machi="87" ten="30,18000,2" yaku="1,1,0,1,54,2,53,2" doraHai="94" doraHaiUra="110" who="2" fromWho="2" sc="229,-60,220,-60,171,190,370,-60" /><INIT seed="2,1,0,5,3,39" ten="169,160,361,310" oya="2" hai0="74,83,102,11,112,6,79,31,25,125,60,99,86" hai1="30,111,119,27,9,123,52,118,41,48,51,34,29" hai2="134,1,107,2,98,0,63,121,12,84,62,8,127" hai3="129,100,115,76,59,17,96,16,47,61,35,54,36"/><V70/><F121/><W14/><G35/><T113/><D125/><U37/><E37/><V97/><F127/><W80/><G129/><T68/><D86/><U64/><E123/><V81/><F134/><W24/><G115/><T7/><D7/><U22/><E111/><V120/><F120/><W53/><G24/><T71/><D71/><U135/><E135/><V21/><F21/><W28/><G28/><T46/><D46/><N who="1" m="25679" /><E34/><V90/><F70/><W45/><G54/><T38/><D38/><U77/><E119/><V55/><F55/><W15/><G15/><T133/><D133/><U130/><E118/><V26/><F26/><W122/><G122/><T94/><D68/><U104/><E104/><V108/><F108/><W87/><G17/><T93/><D60/><U114/><E114/><V56/><F107/><W13/><G13/><T20/><REACH who="0" step="1"/><D94/><REACH who="0" ten="159,160,361,310" step="2"/><U49/><E49/><V5/><F63/><W105/><REACH who="3" step="1"/><G36/><REACH who="3" ten="159,160,361,300" step="2"/><T72/><D72/><U40/><E130/><V101/><F1/><AGARI ba="1,2" hai="1,6,11,20,25,31,74,79,83,93,99,102,112,113" machi="1" ten="30,3900,0" yaku="1,1,7,1,53,1" doraHai="39" doraHaiUra="95" who="0" fromWho="2" sc="159,62,160,0,361,-42,300,0" /><INIT seed="3,0,0,5,0,85" ten="221,160,319,300" oya="3" hai0="116,101,24,39,68,93,14,99,76,105,78,37,27" hai1="89,132,81,72,5,103,50,43,35,127,80,15,51" hai2="16,18,26,54,20,66,23,0,67,125,108,17,64" hai3="47,90,22,121,49,112,129,53,86,70,69,122,87"/><W119/><G119/><T104/><D116/><U107/><E35/><V71/><F0/><W42/><G112/><T95/><D14/><U73/><E15/><V114/><F114/><W117/><G117/><T30/><D30/><U79/><E5/><V75/><F75/><W12/><G87/><T2/><D68/><U111/><E43/><V134/><F108/><W3/><G3/><T57/><D57/><U124/><E51/><V28/><F125/><N who="1" m="48201" /><E50/><V8/><F134/><W65/><G129/><T19/><D2/><U84/><E111/><V123/><F123/><W11/><G22/><T110/><D110/><U60/><E60/><V13/><F71/><W115/><G115/><T56/><D56/><U96/><E132/><V32/><REACH who="2" step="1"/><F54/><REACH who="2" ten="221,160,309,300" step="2"/><W46/><G122/><T36/><D36/><U10/><E10/><V52/><F52/><W130/><G121/><T98/><D39/><U34/><E34/><V6/><AGARI ba="0,1" hai="6,8,13,16,17,18,20,23,26,28,32,64,66,67" machi="6" ten="30,4000,0" yaku="1,1,0,1,54,1,53,0" doraHai="85" doraHaiUra="91" who="2" fromWho="2" sc="221,-10,160,-10,309,50,300,-20" owari="211,-18.9,150,-35.0,359,45.9,280,8.0" /></mjloggm>