<mjloggm ver="2.3"><GO type="225" lobby="0"/><UN n0="%47%68%6F%73%74%55%30" n1="%E9%B4%A8%4E%45%47%49" n2="%E3%81%BD%E3%81%A1%E3%81%9F%E3%81%93%E3%82%84" n3="%E3%83%94%E3%83%B3%E3%82%B5%E3%83%AD%E5%BA%97%E5%93%A1" dan="16,16,17,16" rate="2119.50,2083.34,2207.13,2113.56" sx="F,M,M,M"/><TAIKYOKU oya="0"/><INIT seed="0,0,0,4,0,7" ten="250,250,250,250" oya="0" hai0="84,93,44,99,71,103,42,59,41,107,89,81,4" hai1="83,21,14,34,13,8,113,61,132,102,68,67,118" hai2="126,22,90,72,52,104,124,36,100,56,17,114,73" hai3="27,74,120,28,49,133,6,69,2,50,94,86,51"/><T39/><D71/><U77/><E34/><V5/><F36/><W76/><G69/><T109/><D42/><U128/><E118/><V23/><F114/><W48/><G133/><T1/><D109/><U57/><E113/><V55/><F5/><W58/><G120/><T43/><D43/><U117/><E117/><V122/><F122/><W92/><G74/><N who="2" m="28777" /><F90/><W88/><G76/><T105/><REACH who="0" step="1"/><D59/><REACH who="0" ten="240,250,250,250" step="2"/><U75/><E68/><V131/><F56/><W25/><G58/><T130/><D130/><U95/><E128/><V47/><F131/><W54/><G51/><T40/><D40/><U98/><E132/><V106/><F47/><W116/><G50/><T15/><D15/><U30/><E14/><V60/><F124/><W70/><G49/><T31/><D31/><U119/><E119/><V121/><F126/><W45/><G70/><T96/><D96/><U108/><E108/><V11/><F121/><W46/><G116/><T37/><D37/><U91/><E13/><V16/><F60/><W20/><G46/><T111/><D111/><U62/><E62/><V63/><F63/><W80/><REACH who="3" step="1"/><G27/><REACH who="3" ten="240,250,250,240" step="2"/><T33/><D33/><U32/><E32/><V85/><F55/><W66/><G66/><T79/><D79/><U3/><E67/><V97/><F52/><W26/><G26/><T135/><D135/><U78/><E61/><V0/><F0/><W9/><AGARI ba="0,2" hai="2,6,9,20,25,28,45,48,54,80,86,88,92,94" machi="9" ten="30,7900,0" yaku="1,1,0,1,52,1,54,1,53,0" doraHai="7" doraHaiUra="29" who="3" fromWho="3" sc="240,-39,250,-20,250,-20,240,99" /><INIT seed="1,0,0,4,2,76" ten="201,230,230,339" oya="1" hai0="43,17,16,89,22,79,42,61,67,56,80,51,64" hai1="25,106,117,93,90,83,87,47,11,63,110,65,116" hai2="44,121,52,66,6,54,45,77,29,18,91,30,128" hai3="111,9,73,4,32,68,81,23,5,50,39,135,20"/><U127/><E106/><V101/><F121/><W86/><G32/><T99/><D64/><U0/><E127/><V133/><F6/><W60/><G39/><T74/><D17/><U95/><E110/><V21/><F66/><W104/><G104/><T103/><D89/><U114/><E114/><V49/><F101/><W71/><G73/><T72/><D72/><U57/><E47/><V13/><F77/><W126/><G111/><T130/><D51/><U100/><E25/><V12/><F128/><W120/><G120/><T97/><D130/><U24/><E24/><V123/><F123/><W134/><G50/><T15/><REACH who="0" step="1"/><D97/><REACH who="0" ten="191,230,230,339" step="2"/><U62/><E62/><V118/><F49/><W129/><G129/><T69/><D69/><U27/><E117/><V78/><F91/><W124/><G71/><T112/><D112/><U96/><E116/><V41/><F18/><W59/><G68/><T28/><D28/><U31/><E31/><V14/><F29/><W7/><G126/><T108/><D108/><U125/><E125/><V8/><F30/><W109/><G124/><T36/><D36/><U1/><E27/><V34/><F118/><W58/><G109/><T122/><D122/><U107/><REACH who="1" step="1"/><E11/><REACH who="1" ten="191,220,230,339" step="2"/><V131/><F8/><W85/><G9/><T82/><D82/><U75/><E75/><V46/><F131/><W113/><G113/><T88/><D88/><U84/><E84/><V26/><F26/><W3/><G86/><T19/><D19/><U119/><E119/><V2/><F78/><W92/><G85/><T105/><AGARI ba="0,2" hai="15,16,22,42,43,56,61,67,74,79,80,99,103,105" machi="105" ten="20,12000,2" yaku="1,1,0,1,7,1,52,1,54,1,53,2" doraHai="76" doraHaiUra="38" who="0" fromWho="0" sc="191,140,220,-60,230,-30,339,-30" /><INIT seed="2,0,0,0,5,79" ten="331,160,200,309" oya="2" hai0="102,83,108,66,56,77,80,50,21,27,40,89,14" hai1="123,60,72,37,18,28,5,1,119,17,96,97,106" hai2="13,24,47,39,85,22,103,129,90,10,0,130,26" hai3="98,126,122,128,70,67,127,121,74,9,29,134,132"/><V100/><F0/><W12/><G74/><T69/><D69/><U86/><E72/><V3/><F3/><W76/><G76/><T111/><D102/><N who="2" m="38954" /><F47/><W34/><G98/><T16/><D89/><U33/><E106/><V92/><F22/><W52/><G67/><T55/><D66/><U116/><E37/><V81/><F39/><W82/><G82/><N who="0" m="31275" /><D77/><U84/><E28/><V59/><F59/><W117/><G70/><T7/><D40/><U95/><E33/><V124/><F92/><W64/><G64/><T99/><D99/><U30/><E1/><V46/><F46/><W6/><G52/><T109/><D7/><U57/><E5/><N who="2" m="3279" /><F124/><N who="3" m="47659" /><G117/><T23/><D23/><U4/><E4/><V20/><F20/><W87/><G87/><T125/><D125/><U68/><E68/><V8/><F8/><W75/><G75/><T88/><D88/><U118/><E96/><V58/><F90/><W91/><G91/><T110/><D110/><U61/><E97/><V15/><F85/><W114/><G114/><T65/><D65/><U54/><E54/><V63/><F81/><W31/><G34/><T2/><D2/><U11/><E119/><V135/><F129/><W32/><G128/><T101/><D101/><U48/><E118/><V49/><F130/><W43/><G43/><T19/><D19/><U131/><E116/><V105/><F105/><W62/><G31/><T51/><D51/><U133/><E30/><V25/><F49/><W94/><G94/><T107/><D107/><U45/><E95/><V78/><F78/><W42/><G29/><T35/><D35/><RYUUKYOKU ba="0,0" sc="331,30,160,-10,200,-10,309,-10" hai0="14,16,21,27,50,55,56,108,109,111" /><INIT seed="3,1,0,3,1,0" ten="361,150,190,299" oya="3" hai0="66,68,89,19,20,32,74,64,123,103,98,54,124" hai1="27,87,81,73,129,43,118,13,85,80,95,57,131" hai2="4,109,45,134,34,90,104,107,115,22,111,28,7" hai3="5,62,114,2,83,126,41,97,78,133,9,106,132"/><W110/><G114/><T52/><D32/><U17/><E118/><V72/><F34/><W116/><G116/><T130/><D123/><U102/><E43/><V101/><F115/><W46/><G126/><T82/><D124/><U23/><E57/><V65/><F72/><N who="3" m="43463" /><G62/><T29/><D29/><U26/><E73/><V44/><F65/><N who="0" m="25194" /><D68/><U18/><E102/><V127/><F134/><N who="3" m="51819" /><G97/><T10/><D74/><U128/><E95/><V100/><F127/><W38/><G106/><T120/><D120/><U105/><E105/><V59/><F28/><W47/><G47/><T25/><D130/><U71/><E71/><V11/><F59/><W121/><G121/><T16/><D103/><U14/><REACH who="1" step="1"/><E129/><REACH who="1" ten="361,140,190,299" step="2"/><V24/><F101/><W35/><G35/><T31/><D98/><U8/><E8/><V30/><F100/><W84/><G84/><N who="0" m="50327" /><D10/><U75/><E75/><V91/><F11/><W3/><G3/><T33/><D33/><U86/><E86/><V92/><F92/><W49/><G49/><T70/><D70/><U42/><E42/><V40/><F40/><W1/><G1/><T50/><D50/><U94/><E94/><V125/><F125/><W108/><AGARI ba="1,1" hai="2,5,9,38,41,46,108,110" m="51819,43463" machi="108" ten="40,12000,1" yaku="25,1,20,1,23,1,52,1" doraHai="0" who="3" fromWho="3" sc="361,-41,140,-41,190,-41,299,133" owari="320,12.0,99,-40.1,149,-25.1,432,53.2" /></mjloggm>