<mjloggm ver="2.3"><GO type="225" lobby="0"/><UN n0="%E6%B8%A9%E2%98%85%E6%83%85%E2%98%85%E6%8E%AA%E2%98%85%E7%BD%AE" n1="%E3%83%81%E3%83%83%E3%82%BF%E3%82%BD%E3%83%BC" n2="%E3%80%90%E3%83%88%E3%83%AA%E3%83%A5%E3%83%95%E3%80%91" n3="%E3%83%A9%E3%82%B9%E7%8E%87%EF%BC%93%E5%89%B2" dan="17,16,16,16" rate="2166.86,2093.55,2124.96,2192.57" sx="M,F,M,F"/><TAIKYOKU oya="0"/><INIT seed="0,0,0,0,2,15" ten="250,250,250,250" oya="0" hai0="31,110,83,99,120,86,71,135,24,2,20,1,11" hai1="18,73,68,77,0,62,114,104,91,67,46,102,36" hai2="95,66,65,9,4,84,121,52,126,8,133,28,112" hai3="123,87,23,122,40,96,7,17,10,19,42,118,51"/><T22/><D120/><N who="3" m="46121" /><G118/><T53/><D71/><U21/><E114/><V82/><F112/><W39/><G39/><T29/><D135/><U5/><E91/><V38/><F38/><W94/><G87/><T35/><D110/><U34/><E34/><V33/><F121/><W16/><G23/><T117/><D117/><U105/><E102/><V76/><F126/><W64/><G64/><T113/><D113/><U74/><E74/><V108/><F108/><W98/><G51/><T44/><D99/><N who="3" m="37929" /><G94/><T56/><D44/><U80/><E5/><V58/><F95/><W69/><G69/><T97/><D97/><U41/><REACH who="1" step="1"/><E0/><AGARI ba="0,0" hai="0,7,10,16,17,19,40,42" m="37929,46121" machi="0" ten="30,8000,1" yaku="13,1,52,3,54,1" doraHai="15" who="3" fromWho="1" sc="250,0,250,-80,250,0,250,80" /><INIT seed="1,0,0,2,4,32" ten="250,170,250,330" oya="1" hai0="74,99,19,46,132,116,91,87,35,82,96,28,90" hai1="134,25,9,20,125,113,7,131,6,106,81,124,10" hai2="26,128,105,84,69,11,118,88,127,59,62,68,13" hai3="110,2,31,21,104,55,77,79,72,17,115,101,71"/><U44/><E106/><V39/><F105/><W129/><G115/><T126/><D116/><U121/><E113/><V37/><F118/><W89/><G71/><T92/><D132/><U94/><E121/><V29/><F128/><W98/><G129/><T45/><D126/><N who="1" m="48747" /><E81/><V107/><F107/><W83/><G110/><T111/><D111/><U97/><E131/><V66/><F127/><W4/><G31/><T102/><D74/><U36/><E134/><V95/><F68/><W60/><G60/><T78/><D35/><U70/><E70/><V122/><F69/><W114/><G55/><T51/><D28/><N who="1" m="17447" /><E44/><V12/><F122/><W16/><G114/><T18/><D46/><U117/><E36/><V85/><F85/><W52/><G79/><T135/><D135/><U14/><E117/><V42/><F42/><W86/><G72/><T76/><D76/><U24/><E24/><V63/><F63/><W112/><G77/><T119/><D119/><U1/><E97/><V100/><F39/><W108/><G112/><T103/><D78/><U47/><E47/><V109/><F109/><W120/><G108/><T67/><D67/><U49/><E49/><V3/><F37/><W53/><G120/><T8/><D99/><U130/><E130/><V0/><F100/><N who="0" m="38442" /><D8/><N who="1" m="2127" /><E94/><V22/><REACH who="2" step="1"/><F12/><REACH who="2" ten="250,170,240,330" step="2"/><W33/><G104/><T73/><D73/><U80/><E80/><V65/><F65/><W93/><G101/><T54/><AGARI ba="0,1" hai="18,19,45,51,54,82,87,90,91,92,96" m="38442" machi="54" ten="30,1100,0" yaku="8,1" doraHai="32" who="0" fromWho="0" sc="250,21,170,-5,240,-3,330,-3" /><INIT seed="2,0,0,5,3,38" ten="271,165,237,327" oya="2" hai0="30,78,26,7,2,60,52,58,53,27,100,111,121" hai1="124,59,123,22,129,18,19,49,42,106,3,97,134" hai2="104,54,113,40,10,32,98,99,128,57,95,48,83" hai3="47,17,96,94,66,127,45,44,84,35,67,28,92"/><V102/><F113/><W103/><G127/><T11/><D121/><U112/><E123/><V9/><F32/><W50/><G35/><T4/><D111/><U39/><E124/><V41/><F83/><W117/><G117/><T135/><D135/><U131/><E112/><V89/><F128/><N who="1" m="49225" /><E3/><V87/><F99/><N who="3" m="59879" /><G28/><T46/><D100/><N who="1" m="62735" /><E134/><V90/><F90/><N who="3" m="55383" /><G17/><N who="1" m="6154" /><E22/><V105/><REACH who="2" step="1"/><F104/><REACH who="2" ten="271,165,227,327" step="2"/><W74/><G74/><T85/><D78/><U16/><N who="1" m="6162" /><U130/><N who="1" m="49233" /><DORA hai="86" /><U116/><DORA hai="107" /><E116/><V51/><F51/><W63/><G50/><T15/><D27/><U122/><E122/><V79/><F79/><W88/><G63/><T70/><D60/><U13/><E13/><V12/><F12/><W72/><G72/><T36/><D15/><U61/><E49/><V75/><F75/><W80/><AGARI ba="0,1" hai="44,45,47,66,67,80,84,88" m="55383,59879" machi="80" ten="30,7900,0" yaku="8,1,52,2,54,1" doraHai="38,86,107" who="3" fromWho="3" sc="271,-20,165,-20,227,-39,327,89" /><INIT seed="3,0,0,0,0,69" ten="251,145,188,416" oya="3" hai0="105,107,32,111,101,124,19,56,99,40,36,76,43" hai1="109,9,30,15,126,55,116,119,74,38,12,120,61" hai2="18,42,90,88,21,50,33,6,97,72,65,79,112" hai3="26,96,91,80,70,71,75,128,60,131,29,24,73"/><W27/><G29/><T114/><D32/><U37/><E74/><N who="3" m="28170" /><G60/><T134/><D76/><U102/><E120/><V66/><F33/><W59/><G59/><T11/><D99/><U115/><E115/><V129/><F6/><W82/><G96/><T53/><D101/><U100/><E30/><V95/><F112/><W41/><G41/><T31/><D31/><U127/><E109/><V5/><F5/><W20/><G20/><T57/><D43/><U135/><E61/><V28/><F28/><W25/><G25/><T54/><D40/><U130/><E55/><V125/><F72/><W92/><G92/><T117/><D56/><U86/><E86/><V39/><F39/><W85/><G82/><T52/><D57/><U47/><E47/><N who="2" m="25975" /><F79/><W10/><G10/><T13/><D36/><N who="1" m="13931" /><E130/><AGARI ba="0,0" hai="24,26,27,70,71,80,85,91,128,130,131" m="28170" machi="130" ten="40,2000,0" yaku="19,1" doraHai="69" who="3" fromWho="1" sc="251,0,145,-20,188,0,416,20" owari="251,5.1,125,-37.5,188,-21.2,436,53.6" /></mjloggm>