<mjloggm ver="2.3"><GO type="225" lobby="0"/><UN n0="%E4%BB%A5%E5%A5%B3%E7%A5%9E%E4%B9%8B%E5%90%8D%E8%A8%B1%E9%A1%98" n1="%E9%A6%AC%E5%BC%95%E7%81%AB%33" n2="%72%61%6B%33" n3="%E3%81%BD%E3%81%A1%E3%81%9F%E3%81%93%E3%82%84" dan="16,16,16,17" rate="2037.17,2143.78,2100.53,2115.08" sx="M,M,M,M"/><TAIKYOKU oya="0"/><INIT seed="0,0,0,3,1,126" ten="250,250,250,250" oya="0" hai0="81,44,7,131,80,71,8,28,13,78,41,101,6" hai1="36,102,17,94,69,113,65,125,70,133,35,15,66" hai2="34,90,118,121,21,117,52,25,54,104,98,37,42" hai3="75,127,107,114,74,82,9,135,2,93,51,48,4"/><T108/><D71/><U129/><E36/><V103/><F121/><W19/><G107/><T39/><D108/><U76/><E35/><V62/><F34/><W49/><G114/><T33/><D101/><U120/><E120/><V50/><F90/><W84/><G127/><T57/><D7/><U85/><E125/><V73/><F73/><W47/><G135/><T106/><D106/><U115/><E133/><V134/><F134/><W20/><G93/><T22/><D33/><U124/><E124/><V45/><F62/><W43/><G75/><T18/><D28/><U111/><E111/><V77/><F77/><W12/><G74/><T89/><D78/><AGARI ba="0,0" hai="2,4,9,12,19,20,43,47,48,49,51,78,82,84" machi="78" ten="30,1000,0" yaku="7,1" doraHai="126" who="3" fromWho="0" sc="250,-10,250,0,250,0,250,10" /><INIT seed="1,0,0,3,3,124" ten="240,250,250,260" oya="1" hai0="9,38,125,114,84,56,23,101,40,85,1,57,131" hai1="53,72,113,107,134,29,39,126,36,34,118,61,79" hai2="60,117,70,2,65,59,103,41,54,51,22,0,33" hai3="127,52,88,35,19,129,130,105,28,11,31,121,97"/><U104/><E113/><V68/><F117/><W13/><G121/><T69/><D114/><U73/><E118/><V30/><F70/><W119/><G119/><T71/><D125/><U14/><E126/><V15/><F22/><W89/><G127/><T94/><D23/><U43/><E14/><V58/><F15/><W32/><G105/><T37/><D9/><U66/><E53/><V42/><F59/><W25/><G52/><T24/><D24/><N who="1" m="18727" /><E134/><V132/><F132/><W76/><G76/><T18/><D18/><U123/><E123/><V83/><F83/><W111/><G111/><T98/><D1/><U122/><E122/><V90/><F90/><W8/><G97/><T99/><D40/><U16/><E16/><V95/><F95/><W102/><G102/><T50/><D94/><U112/><E112/><V47/><F103/><W87/><G8/><T10/><D10/><U133/><E133/><V80/><F80/><W7/><G19/><T44/><D101/><U86/><E86/><V4/><F4/><W110/><G110/><T116/><D116/><U109/><E109/><V78/><F78/><W74/><G74/><N who="1" m="28778" /><E79/><V48/><F41/><W128/><G87/><T115/><D115/><U67/><E67/><V3/><F33/><W26/><AGARI ba="0,0" hai="7,11,13,25,26,28,31,32,35,88,89,128,129,130" machi="26" ten="40,12000,2" yaku="0,1,9,1,19,1,52,3,54,1" doraHai="124" who="3" fromWho="3" sc="240,-30,250,-60,250,-30,260,120" /><INIT seed="2,0,0,2,0,63" ten="210,190,220,380" oya="2" hai0="7,87,57,75,81,98,21,49,80,31,117,58,128" hai1="11,112,90,79,94,72,86,77,53,48,106,116,35" hai2="126,105,10,64,60,100,37,73,2,96,16,51,26" hai3="15,17,27,120,101,66,6,29,109,93,97,4,135"/><V67/><F37/><W18/><G120/><T133/><D133/><U89/><E112/><V23/><F73/><W123/><G123/><T104/><D128/><U0/><E116/><V132/><F132/><W108/><G66/><T32/><D32/><U52/><E106/><V82/><F126/><W83/><G83/><T8/><D117/><U3/><E35/><V46/><F82/><W9/><G4/><T56/><D75/><U114/><E114/><V91/><F91/><W129/><G129/><T115/><D115/><U111/><E111/><N who="3" m="42570" /><G135/><T34/><D34/><AGARI ba="0,0" hai="6,9,15,17,18,27,29,34,93,97,101" m="42570" machi="34" ten="30,1000,0" yaku="14,1" doraHai="63" who="3" fromWho="0" sc="210,-10,190,0,220,0,380,10" /><INIT seed="3,0,0,0,1,60" ten="200,190,220,390" oya="3" hai0="40,19,72,62,86,125,69,70,96,65,110,118,77" hai1="67,21,101,35,52,76,48,92,103,33,37,117,55" hai2="24,34,73,133,129,42,94,90,120,53,16,131,9" hai3="113,84,99,50,134,123,47,14,30,41,130,58,116"/><W83/><G113/><T82/><D118/><U115/><E115/><V56/><F73/><W57/><G123/><T112/><D112/><U121/><E121/><V27/><F120/><W44/><G130/><N who="2" m="49673" /><F42/><W11/><G134/><T64/><D110/><U8/><E37/><V46/><F46/><W80/><G30/><T126/><D40/><U81/><E117/><V93/><F93/><W38/><G99/><T104/><D19/><U13/><E21/><N who="2" m="13351" /><F9/><W91/><G80/><T7/><D72/><U26/><E67/><V127/><F127/><N who="0" m="48650" /><D104/><U4/><E55/><V39/><F39/><W132/><G116/><T95/><D7/><U97/><E101/><V66/><F66/><N who="0" m="25706" /><D62/><U111/><E111/><V25/><F133/><W122/><G122/><T59/><D59/><U32/><E52/><V63/><F34/><W6/><G132/><T29/><D29/><U54/><E54/><AGARI ba="0,0" hai="6,11,14,38,41,44,47,50,54,57,58,83,84,91" machi="54" ten="30,1500,0" yaku="7,1" doraHai="60" who="3" fromWho="1" sc="200,0,190,-15,220,0,390,15" owari="200,-20.0,175,-32.5,220,2.0,405,50.5" /></mjloggm>