<mjloggm ver="2.3"><GO type="225" lobby="0"/><UN n0="%E3%81%8A%E3%81%AB%E3%82%83%E3%81%8A%E3%81%A1%E3%82%83" n1="%E6%97%A5%E6%9B%9C%E6%97%A5%E3%82%88%E3%82%8A%E3%81%AE%E4%BD%BF%E8%80%85" n2="%E3%81%AF%E3%82%88%E3%81%8A%E3%81%98%E3%81%95%E3%82%93" n3="%E6%A1%9C%E8%8A%B1%E9%96%83%E3%80%85" dan="16,17,17,17" rate="2086.90,2254.55,2219.72,2277.92" sx="M,M,M,M"/><TAIKYOKU oya="0"/><INIT seed="0,0,0,0,3,27" ten="250,250,250,250" oya="0" hai0="103,75,55,18,8,49,78,116,107,102,4,109,131" hai1="104,79,62,128,0,85,118,74,71,77,16,17,63" hai2="73,41,101,6,30,114,57,135,29,112,93,37,20" hai3="7,127,22,36,82,31,126,38,67,13,35,72,81"/><T24/><D116/><U5/><E104/><V115/><F73/><W9/><G67/><T90/><D131/><U46/><E118/><V56/><F6/><W58/><G58/><T25/><D109/><U14/><E74/><V100/><F135/><W117/><G117/><T15/><D75/><U61/><E71/><V12/><F41/><W59/><G59/><T53/><D78/><U10/><E128/><V123/><F37/><N who="3" m="14443" /><G22/><N who="0" m="13399" /><D107/><U133/><E133/><V54/><F57/><W1/><G13/><T42/><D90/><U86/><E46/><V92/><F123/><W44/><G44/><N who="0" m="25751" /><D25/><U64/><E64/><V89/><F12/><W97/><G97/><T132/><D132/><U124/><E124/><N who="3" m="47658" /><G72/><T106/><D106/><U110/><E110/><V47/><F47/><W130/><G130/><T66/><D66/><U134/><E134/><V87/><F20/><W34/><G31/><T33/><D33/><AGARI ba="0,0" hai="1,7,9,33,34,35,81,82" m="47658,14443" machi="33" ten="40,1300,0" yaku="18,1" doraHai="27" who="3" fromWho="0" sc="250,-13,250,0,250,0,250,13" /><INIT seed="1,0,0,3,1,93" ten="237,250,250,263" oya="1" hai0="85,24,103,101,49,64,38,120,114,11,110,51,32" hai1="105,91,92,82,70,72,108,134,96,69,62,87,31" hai2="117,129,52,25,19,33,130,113,111,57,41,21,27" hai3="13,112,99,94,121,119,132,29,34,12,53,133,8"/><U127/><E127/><V39/><F117/><W102/><G121/><T17/><D38/><U35/><E134/><N who="3" m="51818" /><G112/><T73/><D114/><U1/><E1/><V131/><F113/><W115/><G115/><T135/><D73/><U20/><E20/><V116/><F116/><W100/><G119/><T56/><D120/><U89/><E108/><V43/><F111/><W48/><G102/><T46/><D110/><U106/><E72/><V97/><F39/><W122/><G122/><T23/><D32/><U63/><E63/><V3/><F3/><W78/><G78/><T68/><D68/><U10/><E10/><V77/><F77/><W80/><G80/><T7/><D135/><U60/><E62/><V61/><REACH who="2" step="1"/><F97/><REACH who="2" ten="237,250,240,263" step="2"/><W22/><G34/><T107/><D85/><U59/><E70/><V123/><F123/><W104/><G104/><T67/><D107/><U76/><E69/><V58/><F58/><N who="3" m="33063" /><G8/><T42/><D56/><U118/><E118/><V74/><F74/><W79/><G79/><T0/><D0/><U75/><E75/><V124/><F124/><W54/><G54/><T4/><D11/><U88/><E105/><V5/><F5/><W71/><G71/><T90/><D4/><U86/><E106/><V126/><F126/><W9/><G9/><T65/><D7/><U81/><E87/><V47/><F47/><W98/><G99/><T84/><REACH who="0" step="1"/><D49/><REACH who="0" ten="227,250,240,263" step="2"/><U95/><E86/><V44/><F44/><W66/><G66/><T26/><D26/><AGARI ba="0,2" hai="12,13,22,26,29,94,98,100" m="33063,51818" machi="26" ten="30,2000,0" yaku="20,1,52,1" doraHai="93" who="3" fromWho="0" sc="227,-20,250,0,240,0,263,40" /><INIT seed="2,0,0,5,5,94" ten="207,250,240,303" oya="2" hai0="8,41,19,103,90,35,122,105,64,44,36,31,18" hai1="111,101,4,88,51,95,129,124,83,49,75,3,14" hai2="50,1,42,5,96,30,123,16,92,84,112,89,0" hai3="91,58,85,47,43,38,26,9,21,65,57,131,119"/><V59/><F112/><W12/><G119/><T134/><D122/><U13/><E3/><V52/><F123/><W86/><G131/><T37/><D134/><U116/><E116/><V46/><F30/><W74/><G74/><T29/><D64/><U22/><E129/><V121/><F121/><W81/><G65/><T120/><D120/><U68/><E68/><V97/><F0/><W54/><G86/><T70/><D70/><U99/><E111/><V132/><F132/><W113/><G54/><T10/><D90/><U87/><E124/><V60/><REACH who="2" step="1"/><F16/><REACH who="2" ten="207,250,230,303" step="2"/><W67/><G113/><T102/><D35/><U48/><E75/><V127/><F127/><W24/><G24/><T62/><D19/><N who="1" m="10607" /><E14/><V56/><F56/><W32/><G32/><T39/><D18/><U130/><E130/><V98/><F98/><W126/><G126/><T73/><D29/><U45/><E4/><V108/><F108/><W69/><G69/><T76/><D31/><U79/><E45/><V106/><F106/><W104/><G104/><T55/><D105/><U63/><E63/><V80/><F80/><W82/><G82/><T125/><D62/><U28/><E28/><V78/><F78/><AGARI ba="0,1" hai="48,49,51,78,79,83,87,88,95,99,101" m="10607" machi="78" ten="30,3900,0" yaku="8,1,52,1,54,1" doraHai="94" who="1" fromWho="2" sc="207,0,250,49,230,-39,303,0" /><INIT seed="3,0,0,0,5,16" ten="207,299,191,303" oya="3" hai0="56,93,59,6,96,118,127,107,133,19,79,106,73" hai1="17,119,78,105,77,62,108,121,131,69,47,83,66" hai2="94,84,1,10,45,36,135,117,110,29,35,88,54" hai3="63,11,21,52,125,112,61,51,68,101,134,81,15"/><W7/><G112/><T98/><D118/><U57/><E121/><V90/><F117/><W124/><G134/><T87/><D133/><U53/><E119/><V40/><F135/><W113/><G113/><T34/><D34/><U22/><E105/><V126/><F110/><W39/><G39/><T122/><D122/><U20/><E108/><V32/><F126/><N who="3" m="48747" /><G101/><T115/><D127/><U65/><E131/><V8/><F54/><W130/><G130/><T9/><D19/><U102/><E102/><V129/><F129/><W123/><G123/><T114/><D56/><U37/><E17/><V55/><F55/><W111/><G21/><N who="1" m="8298" /><E83/><V92/><F1/><W46/><G68/><T3/><D59/><U86/><E86/><V89/><F89/><W25/><G25/><T49/><D98/><U67/><E69/><V85/><F32/><W120/><G120/><T103/><D107/><U28/><E37/><V95/><F95/><W42/><G111/><T24/><D24/><AGARI ba="0,0" hai="8,10,24,29,35,36,40,45,84,85,88,90,92,94" machi="24" ten="40,2600,0" yaku="9,1,54,1" doraHai="16" who="2" fromWho="0" sc="207,-26,299,0,191,26,303,0" owari="181,-31.9,299,9.9,217,-18.3,303,40.3" /></mjloggm>