<mjloggm ver="2.3"><GO type="225" lobby="0"/><UN n0="%E3%81%95%E3%81%8D%E3%81%9F%E3%81%BE%E6%9E%97%E6%AA%8E" n1="%E5%8D%A0%E3%81%84%E5%B8%AB%E8%A3%8F%E3%81%AA%E3%81%84%E3%81%97" n2="%72%65%6E%6B%75%6E" n3="%E3%83%A9%E3%82%B9%E7%8E%87%EF%BC%93%E5%89%B2" dan="16,17,17,17" rate="2079.20,2253.67,2165.97,2196.89" sx="M,M,M,F"/><TAIKYOKU oya="0"/><INIT seed="0,0,0,0,3,52" ten="250,250,250,250" oya="0" hai0="51,14,90,118,36,114,124,60,10,50,116,75,56" hai1="127,17,86,62,76,104,80,107,61,103,46,133,4" hai2="49,12,39,95,131,20,128,112,110,68,65,77,73" hai3="113,45,122,81,32,19,44,134,87,40,22,71,97"/><T11/><D114/><U13/><E133/><V135/><F39/><W18/><G32/><T129/><D36/><U83/><E127/><V82/><F112/><W64/><G134/><T15/><D75/><U92/><E4/><V91/><F135/><W35/><G35/><T7/><D124/><U5/><E5/><V66/><F110/><W74/><G74/><T102/><D102/><U30/><E30/><V25/><F12/><W57/><G71/><T23/><D129/><N who="2" m="49738" /><F49/><W54/><G64/><T121/><D121/><U58/><E46/><V109/><F68/><W70/><G70/><T100/><D100/><U63/><E80/><V93/><F93/><W42/><G97/><T115/><D115/><U119/><E119/><V48/><F48/><N who="3" m="30919" /><G19/><N who="0" m="10743" /><D118/><U78/><E78/><V38/><F38/><W26/><G122/><T99/><D116/><U72/><E72/><V53/><F53/><W41/><G113/><T8/><D99/><N who="1" m="59879" /><E107/><V37/><F37/><W79/><AGARI ba="0,0" hai="18,22,26,40,41,42,44,45,79,81,87" m="30919" machi="79" ten="30,2000,0" yaku="8,1,52,1" doraHai="52" who="3" fromWho="3" sc="250,-10,250,-5,250,-5,250,20" /><INIT seed="1,0,0,3,0,47" ten="240,245,245,270" oya="1" hai0="135,118,74,12,130,1,11,128,76,117,105,16,110" hai1="5,99,55,119,44,19,25,109,30,60,54,67,61" hai2="98,64,29,92,46,57,68,96,86,106,103,101,93" hai3="77,124,63,45,71,133,26,9,95,59,53,3,65"/><U8/><E119/><N who="0" m="45577" /><D105/><U104/><E109/><V70/><F106/><W7/><G133/><T27/><D76/><U126/><E126/><V14/><F86/><W69/><G124/><T94/><D94/><U129/><E19/><V41/><F14/><W114/><G114/><T28/><D74/><U21/><E129/><N who="0" m="49769" /><D110/><U10/><E61/><V78/><F78/><W121/><G121/><T73/><D73/><U111/><E111/><V112/><F112/><W15/><G77/><T100/><D100/><U83/><E83/><V80/><F29/><W84/><G26/><T102/><D102/><U32/><E21/><V91/><F57/><W81/><G3/><T82/><D82/><U39/><E39/><BYE who="1" /><V116/><F64/><W115/><G115/><T125/><D125/><U34/><E34/><V48/><F116/><W13/><G13/><UN n1="%E5%8D%A0%E3%81%84%E5%B8%AB%E8%A3%8F%E3%81%AA%E3%81%84%E3%81%97" /><T18/><D1/><U49/><E55/><V36/><REACH who="2" step="1"/><F36/><REACH who="2" ten="240,245,235,270" step="2"/><W38/><G38/><T2/><D2/><U24/><E24/><V31/><F31/><W113/><G113/><T132/><D18/><U85/><E85/><V89/><F89/><W123/><G84/><T4/><D4/><U43/><E5/><V127/><F127/><W6/><G7/><T58/><D58/><N who="1" m="33103" /><E104/><V79/><F79/><W107/><G107/><T17/><D17/><U0/><E0/><V122/><F122/><W37/><G123/><T88/><D88/><U20/><E99/><V42/><F42/><W52/><G81/><T87/><D87/><U50/><E32/><AGARI ba="0,1" hai="11,12,16,27,28,32,132,135" m="49769,45577" machi="32" ten="30,7700,0" yaku="19,1,34,2,54,1" doraHai="47" who="0" fromWho="1" sc="240,87,245,-77,235,0,270,0" /><INIT seed="2,0,0,3,1,102" ten="327,168,235,270" oya="2" hai0="35,40,75,62,0,132,46,37,120,63,100,96,116" hai1="21,17,34,98,42,109,18,48,60,41,45,2,12" hai2="104,26,24,14,5,28,15,127,6,30,108,58,54" hai3="82,9,31,89,130,13,4,69,43,33,65,129,25"/><V53/><F104/><W74/><G43/><T126/><D120/><U77/><E109/><V134/><F108/><W128/><G65/><T73/><D132/><U29/><E2/><V112/><F58/><W23/><G69/><T103/><D103/><U122/><E122/><V72/><F72/><W117/><G89/><T123/><D123/><U19/><E34/><V1/><F1/><W105/><G105/><T66/><D126/><U84/><E29/><V119/><F112/><W20/><REACH who="3" step="1"/><G117/><REACH who="3" ten="327,168,235,260" step="2"/><T131/><D116/><U107/><E41/><V79/><F119/><W85/><G85/><T97/><D66/><U7/><E107/><V93/><F79/><AGARI ba="0,1" hai="4,9,13,20,23,25,31,33,74,79,82,128,129,130" machi="79" ten="40,2600,0" yaku="1,1,19,1,53,0" doraHai="102" doraHaiUra="113" who="3" fromWho="2" sc="327,0,168,0,235,-26,260,36" /><INIT seed="3,0,0,1,1,42" ten="327,168,209,296" oya="3" hai0="98,31,69,61,81,130,3,16,124,11,70,29,75" hai1="125,37,87,15,55,49,0,4,111,47,12,59,119" hai2="102,108,56,10,58,48,65,123,116,44,92,57,80" hai3="26,76,33,7,113,45,60,27,1,20,35,21,85"/><W36/><G113/><T2/><D98/><U22/><E111/><V13/><F116/><W135/><G135/><T103/><D103/><U73/><E73/><V115/><F115/><W97/><G97/><T30/><D130/><U23/><E125/><V107/><F107/><W25/><G60/><T71/><D124/><U53/><E119/><V54/><F108/><W8/><G85/><T51/><D61/><U34/><E34/><N who="3" m="12810" /><G45/><T86/><D75/><U66/><E66/><V91/><F123/><W74/><G36/><T50/><D16/><N who="1" m="10503" /><E37/><V96/><F80/><W90/><G90/><T72/><D72/><U24/><E0/><V127/><F127/><W121/><G76/><T100/><D100/><U118/><E118/><V67/><REACH who="2" step="1"/><F102/><REACH who="2" ten="327,168,199,296" step="2"/><W41/><G121/><T112/><D112/><U5/><E15/><V93/><F93/><W43/><G74/><T84/><D81/><U105/><E105/><V131/><F131/><W94/><G94/><T104/><D104/><U38/><E38/><V9/><F9/><W63/><G1/><T129/><D129/><U28/><E87/><N who="0" m="33321" /><D11/><U95/><E95/><V14/><F14/><W79/><G79/><T18/><D2/><U68/><E68/><V88/><F88/><W40/><G8/><T77/><D3/><U83/><E83/><V82/><F82/><W101/><G101/><T117/><D77/><U78/><E78/><V39/><F39/><W133/><G133/><T17/><D117/><U114/><E114/><V132/><F132/><W62/><G7/><AGARI ba="0,1" hai="7,10,13,44,48,54,56,57,58,65,67,91,92,96" machi="7" ten="40,5200,0" yaku="1,1,8,1,52,1,53,0" doraHai="42" doraHaiUra="19" who="2" fromWho="3" sc="327,0,168,0,199,62,296,-52" owari="327,42.7,168,-33.2,261,6.1,244,-15.6" /></mjloggm>