<mjloggm ver="2.3"><GO type="225" lobby="0"/><UN n0="%E5%8D%A0%E3%81%84%E5%B8%AB%E8%A3%8F%E3%81%AA%E3%81%84%E3%81%97" n1="%E3%81%AF%E3%82%88%E3%81%8A%E3%81%98%E3%81%95%E3%82%93" n2="%E6%81%A5%E6%99%92%E3%81%97" n3="%E6%A1%9C%E8%8A%B1%E9%96%83%E3%80%85" dan="17,17,16,16" rate="2174.05,2147.28,2123.89,2135.03" sx="M,M,M,M"/><TAIKYOKU oya="0"/><INIT seed="0,0,0,5,1,103" ten="250,250,250,250" oya="0" hai0="115,70,51,119,30,58,5,17,79,109,64,57,36" hai1="28,7,88,43,122,54,106,55,6,12,130,46,49" hai2="87,102,73,41,68,66,135,3,116,89,62,29,96" hai3="18,129,11,63,99,31,85,80,123,112,25,81,32"/><T110/><D115/><U65/><E122/><V9/><F73/><W97/><G112/><T50/><D30/><U44/><E130/><V40/><F135/><W48/><G129/><T59/><D5/><U33/><E65/><V22/><F116/><W78/><G123/><T72/><D119/><U67/><E67/><V20/><F3/><W126/><G126/><T132/><D79/><U39/><E106/><V134/><F134/><W8/><G63/><N who="0" m="40223" /><D17/><U114/><E114/><V94/><F9/><W93/><G48/><N who="0" m="18475" /><D72/><U74/><E55/><V124/><F124/><W71/><G71/><T60/><D132/><U0/><E74/><V104/><REACH who="2" step="1"/><F29/><REACH who="2" ten="250,250,240,250" step="2"/><W91/><G8/><T83/><D36/><U19/><E0/><V84/><F84/><W108/><G11/><T118/><D118/><U125/><E125/><V37/><F37/><W38/><G38/><T10/><D10/><U13/><E28/><V120/><F120/><W4/><G4/><T101/><D83/><U61/><E39/><V117/><F117/><W77/><G81/><T127/><D127/><U105/><E6/><V100/><F100/><W21/><G31/><T47/><D101/><U128/><E7/><V14/><F14/><W16/><G18/><T53/><D47/><U131/><E44/><V26/><F26/><W92/><G80/><T23/><D23/><AGARI ba="0,1" hai="20,22,23,40,41,62,66,68,87,89,94,96,102,104" machi="23" ten="40,2600,0" yaku="1,1,52,1,53,0" doraHai="103" doraHaiUra="69" who="2" fromWho="0" sc="250,-26,250,0,240,36,250,0" /><INIT seed="1,0,0,4,0,78" ten="224,250,276,250" oya="1" hai0="102,67,93,84,123,133,37,15,95,48,118,4,105" hai1="33,44,24,16,125,124,49,85,132,129,43,69,35" hai2="127,91,19,117,28,97,122,51,32,52,9,36,128" hai3="80,86,46,11,106,66,38,50,62,126,83,41,90"/><U94/><E69/><V104/><F117/><W23/><G126/><N who="1" m="48746" /><E129/><V71/><F127/><W87/><G106/><T2/><D118/><U120/><E120/><V81/><F122/><W76/><G23/><T61/><D37/><U134/><E94/><V45/><F71/><W115/><G115/><T39/><D39/><U17/><E85/><N who="2" m="50607" /><F36/><W110/><G110/><T98/><D123/><U6/><E6/><V107/><F128/><W12/><G38/><T100/><D133/><N who="1" m="51307" /><E24/><N who="2" m="18439" /><F97/><W121/><G121/><T5/><D2/><U27/><E33/><V13/><AGARI ba="0,0" hai="9,13,19,45,51,52,104,107" m="18439,50607" machi="13" ten="30,4000,0" yaku="25,1,52,1,54,1" doraHai="78" who="2" fromWho="2" sc="224,-10,250,-20,276,40,250,-10" /><INIT seed="2,0,0,1,2,107" ten="214,230,316,240" oya="2" hai0="35,51,57,130,30,15,61,7,19,83,72,84,34" hai1="85,38,70,4,97,13,134,113,93,117,36,129,120" hai2="96,60,68,24,122,88,53,22,116,108,31,5,128" hai3="111,105,14,126,103,78,90,56,114,59,43,123,17"/><V100/><F116/><W121/><G78/><T127/><D127/><U49/><E117/><V89/><F122/><W98/><G126/><T18/><D130/><U74/><E113/><V133/><F128/><W0/><G0/><T102/><D102/><U81/><E129/><V86/><F133/><W20/><G114/><T82/><D7/><U71/><E74/><V27/><F108/><W104/><G111/><T79/><D79/><BYE who="0" /><U112/><E112/><V125/><F5/><W52/><G105/><UN n0="%E5%8D%A0%E3%81%84%E5%B8%AB%E8%A3%8F%E3%81%AA%E3%81%84%E3%81%97" /><T87/><D51/><U1/><E1/><V26/><F125/><W99/><G43/><T44/><D15/><U67/><E134/><V58/><F68/><W118/><G56/><T91/><D44/><U3/><E3/><V66/><F66/><W110/><G110/><T131/><D131/><U16/><E4/><V135/><F135/><W73/><G73/><T62/><D30/><U40/><E49/><V64/><F53/><W76/><G76/><T42/><D57/><U21/><E120/><V6/><F6/><W80/><G118/><T10/><D10/><U94/><E40/><V45/><F45/><W37/><G37/><N who="1" m="14442" /><E67/><V11/><F11/><W119/><G119/><T39/><D39/><U109/><E109/><V25/><REACH who="2" step="1"/><F86/><REACH who="2" ten="214,230,306,240" step="2"/><N who="3" m="50503" /><G52/><T69/><D42/><U29/><E71/><V77/><F77/><W132/><G132/><T65/><D65/><U32/><E70/><V8/><F8/><W2/><G2/><T28/><D69/><U124/><E124/><V55/><F55/><W33/><G121/><T106/><D106/><BYE who="0" /><AGARI ba="0,1" hai="22,24,25,26,27,31,58,60,64,88,89,96,100,106" machi="106" ten="40,3900,0" yaku="1,1,54,1,53,0" doraHai="107" doraHaiUra="75" who="2" fromWho="0" sc="214,-39,230,0,306,49,240,0" /><UN n0="%E5%8D%A0%E3%81%84%E5%B8%AB%E8%A3%8F%E3%81%AA%E3%81%84%E3%81%97" /><INIT seed="2,1,0,4,0,55" ten="175,230,355,240" oya="2" hai0="81,7,23,80,92,74,27,121,3,84,95,61,101" hai1="18,57,33,129,124,78,31,128,62,21,59,99,68" hai2="93,126,72,54,103,87,30,46,97,0,73,115,2" hai3="44,67,28,50,131,63,118,35,82,25,134,91,77"/><V34/><F115/><W10/><G131/><N who="1" m="50250" /><E124/><V56/><F126/><W132/><G118/><T65/><D121/><U43/><E78/><V29/><F46/><W64/><G91/><T38/><D38/><U5/><E5/><V94/><F29/><W76/><G10/><T104/><D104/><U98/><E43/><V111/><F111/><W60/><G60/><T71/><D74/><U110/><E110/><V48/><F30/><W69/><G67/><T42/><D42/><U45/><E45/><V79/><F34/><W53/><REACH who="3" step="1"/><G76/><REACH who="3" ten="175,230,355,230" step="2"/><T70/><D70/><U83/><E68/><V117/><F117/><W66/><G66/><T109/><D109/><U89/><E62/><V4/><F79/><W37/><G37/><T114/><D114/><U51/><E51/><V20/><F48/><W32/><G32/><T112/><D112/><U6/><E89/><V49/><F49/><W24/><G24/><T123/><D123/><U16/><E33/><V85/><F0/><W116/><G116/><T108/><D108/><U107/><E21/><V26/><F20/><W36/><G36/><T122/><D122/><U90/><E90/><V100/><F2/><W106/><G106/><T15/><D3/><U41/><E107/><V9/><F9/><W125/><G125/><T58/><D71/><U1/><E1/><V113/><F113/><W105/><G105/><T88/><D101/><U39/><E39/><V40/><F100/><W135/><G135/><T11/><REACH who="0" step="1"/><D95/><REACH who="0" ten="165,230,355,230" step="2"/><U130/><N who="1" m="50258" /><U96/><DORA hai="86" /><E41/><V22/><F40/><W17/><G17/><AGARI ba="1,2" hai="7,11,15,17,23,27,58,61,65,80,81,84,88,92" machi="17" ten="30,12000,2" yaku="1,1,7,1,8,1,52,2,54,1,53,1" doraHai="55,86" doraHaiUra="14,75" who="0" fromWho="3" sc="165,143,230,0,355,0,230,-123" /><INIT seed="3,0,0,4,2,76" ten="308,230,355,107" oya="3" hai0="57,46,19,32,38,86,81,3,95,127,33,6,102" hai1="26,49,14,109,28,129,47,114,55,50,110,111,132" hai2="65,43,107,41,133,18,85,101,117,82,71,116,22" hai3="75,80,53,88,113,58,90,20,11,134,89,67,2"/><W12/><G113/><T94/><D127/><U52/><E114/><V60/><F133/><W16/><G134/><T5/><D19/><U0/><E132/><V34/><F34/><W105/><G105/><T42/><D57/><U63/><E0/><V56/><F71/><W39/><G39/><T84/><D84/><U15/><E63/><V70/><F70/><W124/><G124/><T36/><D36/><U92/><E92/><V66/><F66/><W4/><G67/><T51/><D38/><U7/><E7/><V99/><F116/><W106/><G106/><T100/><D32/><N who="1" m="20503" /><E129/><V74/><F74/><W21/><G21/><T93/><D33/><U121/><E121/><V97/><F97/><W77/><REACH who="3" step="1"/><G90/><REACH who="3" ten="308,230,355,97" step="2"/><T30/><D102/><U72/><E72/><V108/><F101/><W131/><G131/><T25/><D100/><U31/><E31/><V78/><F107/><W120/><G120/><T69/><D30/><U24/><E24/><V9/><F65/><W135/><G135/><T61/><D25/><U44/><AGARI ba="0,1" hai="14,15,44,47,49,50,52,55,109,110,111" m="20503" machi="44" ten="30,2000,0" yaku="14,1,54,1" doraHai="76" who="1" fromWho="1" sc="308,-5,230,30,355,-5,97,-10" owari="303,10.3,260,-14.0,350,45.0,87,-41.3" /></mjloggm>