<mjloggm ver="2.3"><GO type="225" lobby="0"/><UN n0="%E7%99%BD%E5%80%89%E5%AF%9B%E4%B9%8B" n1="%E6%9D%B1%E9%A2%A8%E3%81%AE%E3%81%8D%E3%82%83%E3%81%B7%E3%81%95%E3%82%93" n2="%72%65%6E%6B%75%6E" n3="%E3%83%96%E3%83%83%E3%83%91%E3%82%AA%E3%83%96%E3%83%81%E3%82%AD%E3%83%B3" dan="16,16,17,16" rate="2121.68,2181.78,2179.59,2125.67" sx="M,M,M,M"/><TAIKYOKU oya="0"/><INIT seed="0,0,0,5,3,39" ten="250,250,250,250" oya="0" hai0="15,13,129,62,49,126,45,68,66,133,3,86,35" hai1="59,117,46,91,105,9,28,31,5,17,106,92,27" hai2="65,74,109,21,115,100,116,75,108,84,20,85,52" hai3="26,73,58,47,124,95,0,81,99,54,130,42,102"/><T16/><D3/><U4/><E117/><V11/><F115/><W119/><G124/><T83/><D126/><U103/><E103/><V112/><F112/><W87/><G119/><T118/><D118/><U128/><E128/><V134/><F65/><W29/><G130/><T64/><D129/><U18/><E46/><V6/><F100/><W120/><G120/><T90/><D35/><U33/><E59/><V7/><F11/><W34/><G0/><T89/><D66/><U1/><E4/><V60/><F116/><W30/><G73/><T37/><D37/><U43/><E28/><V72/><F134/><W55/><G58/><T48/><D13/><U51/><E105/><V41/><F74/><W132/><G29/><T38/><D133/><U40/><E106/><V79/><F60/><W44/><G44/><T114/><D114/><U25/><E51/><V32/><F79/><W96/><G96/><T10/><REACH who="0" step="1"/><D89/><REACH who="0" ten="240,250,250,250" step="2"/><U94/><E25/><V24/><F24/><W63/><G132/><T80/><D80/><U50/><E91/><V82/><F82/><W12/><G12/><T121/><D121/><U113/><E113/><V14/><F14/><W93/><G81/><T70/><D70/><U8/><E1/><V127/><F127/><W36/><G63/><T61/><D61/><U53/><E33/><V97/><F32/><W104/><G104/><T98/><D98/><U111/><E27/><V57/><F97/><W76/><G76/><T125/><D125/><U23/><E5/><V67/><F67/><W110/><G110/><T88/><D88/><U2/><E2/><RYUUKYOKU ba="0,1" sc="240,15,250,-15,250,-15,250,15" hai0="10,15,16,38,45,48,49,62,64,68,83,86,90" hai3="26,30,34,36,42,47,54,55,87,93,95,99,102" /><INIT seed="0,1,1,5,2,108" ten="255,235,235,265" oya="0" hai0="15,72,70,135,26,6,80,35,76,85,3,96,73" hai1="21,57,60,133,18,44,30,19,23,93,63,121,105" hai2="71,88,36,33,97,32,0,104,17,132,34,103,75" hai3="111,110,31,127,122,109,51,13,45,12,8,68,61"/><T48/><D70/><U4/><E121/><V64/><F132/><W129/><G122/><T46/><D3/><U14/><E105/><V47/><F17/><W89/><G127/><T41/><D135/><U9/><E133/><V106/><F106/><W50/><G129/><T86/><D86/><U125/><E125/><V130/><F130/><W82/><G31/><N who="0" m="19959" /><D96/><U84/><E44/><V83/><F0/><W65/><G45/><T126/><D126/><U107/><E107/><V94/><F64/><W124/><G124/><T101/><D101/><U62/><E57/><V116/><F71/><W59/><G68/><T112/><D112/><U128/><E128/><V69/><F69/><W20/><G20/><N who="1" m="7754" /><E30/><V115/><F115/><W77/><G89/><AGARI ba="1,1" hai="4,9,14,18,19,60,62,63,84,89,93" m="7754" machi="89" ten="30,1000,0" yaku="8,1" doraHai="108" who="1" fromWho="3" sc="255,0,235,23,235,0,265,-13" /><INIT seed="1,0,0,0,3,55" ten="255,258,235,252" oya="1" hai0="1,11,94,57,73,106,59,99,29,43,34,88,100" hai1="115,15,0,105,46,87,65,126,8,93,112,117,103" hai2="101,14,95,62,50,97,56,49,82,128,19,69,75" hai3="2,104,47,127,13,79,38,80,123,63,17,83,27"/><U70/><E117/><V36/><F128/><W109/><G123/><T42/><D73/><U113/><E126/><V24/><F36/><W4/><G127/><T26/><D1/><U131/><E131/><V31/><F69/><W9/><G104/><T53/><D11/><U23/><E0/><V25/><F75/><W107/><G107/><T119/><D119/><U54/><E105/><V120/><F82/><W18/><G109/><T90/><D90/><U76/><E23/><N who="2" m="15807" /><F24/><W116/><G116/><T7/><D7/><U77/><E65/><N who="2" m="39111" /><F120/><W32/><G83/><T40/><REACH who="0" step="1"/><D53/><REACH who="0" ten="245,258,235,252" step="2"/><U133/><E54/><V21/><AGARI ba="0,1" hai="14,19,21,49,50,95,97,101" m="39111,15807" machi="21" ten="30,4000,0" yaku="25,1,8,1,52,1" doraHai="55" who="2" fromWho="2" sc="245,-10,258,-20,235,50,252,-10" /><INIT seed="2,0,0,4,2,104" ten="235,238,285,242" oya="2" hai0="71,96,39,41,78,114,34,66,95,43,135,37,121" hai1="7,29,134,99,28,120,81,9,131,27,115,22,129" hai2="113,91,75,67,100,112,21,54,117,128,106,36,12" hai3="98,52,125,107,30,0,83,61,53,45,56,92,51"/><V123/><F123/><W2/><G125/><T16/><D34/><U87/><E99/><N who="2" m="61727" /><F54/><W38/><G107/><T122/><D78/><U19/><E120/><N who="0" m="46185" /><D16/><N who="1" m="12743" /><E87/><V14/><F21/><W5/><G5/><T64/><D95/><U6/><E81/><V32/><F14/><W1/><G38/><N who="0" m="14347" /><D96/><U97/><E97/><V68/><F12/><W24/><G83/><T65/><D135/><U84/><E84/><V105/><F91/><W35/><REACH who="3" step="1"/><G0/><REACH who="3" ten="235,238,285,232" step="2"/><T72/><D114/><U109/><E115/><V89/><F36/><W79/><G79/><T86/><D86/><U31/><E134/><V20/><F105/><W23/><G23/><T15/><D72/><U10/><E109/><V62/><F75/><W108/><G108/><T25/><D25/><U111/><E111/><V42/><F20/><W74/><G74/><T49/><D15/><N who="1" m="7663" /><E6/><V47/><F32/><W8/><G8/><T46/><D71/><U102/><E102/><AGARI ba="0,1" hai="1,2,24,30,35,45,51,52,53,56,61,92,98,102" machi="102" ten="30,7700,0" yaku="1,1,7,1,54,1,53,1" doraHai="104" doraHaiUra="26" who="3" fromWho="1" sc="235,0,238,-77,285,0,232,87" /><INIT seed="3,0,0,4,2,125" ten="235,161,285,319" oya="3" hai0="5,82,99,64,40,44,79,9,86,116,71,118,104" hai1="107,129,94,76,87,42,67,114,61,102,41,77,1" hai2="100,135,120,63,131,112,127,45,53,22,10,98,84" hai3="119,74,66,51,33,14,103,96,21,109,126,123,117"/><W3/><G123/><T58/><D71/><U90/><E1/><V134/><F112/><W85/><G74/><T70/><D70/><U19/><E114/><V46/><F120/><W39/><G39/><T68/><D68/><U13/><E107/><V4/><F127/><W20/><G33/><T113/><D113/><U34/><E34/><V49/><F22/><W130/><G3/><T133/><D133/><N who="2" m="50698" /><F84/><W16/><G109/><T57/><D99/><U25/><E102/><V47/><F63/><W23/><G126/><T55/><D64/><U37/><E25/><V92/><F131/><W7/><G130/><T35/><D35/><U11/><E129/><V91/><F91/><W30/><G66/><T59/><D55/><U75/><E75/><V0/><AGARI ba="0,0" hai="0,4,10,45,46,47,49,53,92,98,100" m="50698" machi="0" ten="30,1100,0" yaku="20,1" doraHai="125" who="2" fromWho="2" sc="235,-3,161,-3,285,11,319,-5" owari="232,-16.8,158,-34.2,296,9.6,314,41.4" /></mjloggm>