<mjloggm ver="2.3"><GO type="225" lobby="0"/><UN n0="%72%61%67%61%2D%6D" n1="%43%68%65" n2="%6E%69%63%6F%6E%74%6F" n3="%E7%89%B9%E6%9D%B1%E3%81%AF%E4%B8%96%E7%95%8C%E3%82%92%E6%95%91%E3%81%86" dan="16,16,16,16" rate="2108.32,2147.78,2144.72,2174.45" sx="M,M,M,M"/><TAIKYOKU oya="0"/><INIT seed="0,0,0,0,2,52" ten="250,250,250,250" oya="0" hai0="69,110,6,109,44,18,83,72,25,17,37,93,103" hai1="29,71,63,112,117,100,113,12,74,2,41,125,92" hai2="126,99,47,96,65,32,108,21,39,119,24,26,13" hai3="7,129,130,59,0,132,68,95,28,104,27,64,5"/><T38/><D69/><U101/><E2/><V36/><F108/><N who="0" m="41578" /><D6/><U78/><E117/><V46/><F126/><W91/><G104/><T102/><D93/><U127/><E41/><V45/><F119/><W124/><G68/><T85/><D72/><U22/><E74/><V58/><F13/><W30/><G132/><T120/><D120/><U128/><E78/><V89/><F32/><W62/><G124/><T53/><D25/><N who="1" m="16567" /><E12/><V106/><F106/><W42/><G42/><N who="0" m="22607" /><D38/><U94/><E94/><V97/><F89/><W49/><G0/><T121/><D121/><U76/><E76/><V88/><F88/><W81/><G7/><T19/><D53/><U3/><E3/><V82/><F82/><W107/><G5/><T115/><D115/><N who="1" m="44107" /><E128/><N who="3" m="49258" /><G107/><T14/><D14/><U133/><E133/><V9/><F26/><W105/><G105/><T134/><D134/><U70/><E70/><V87/><F87/><N who="3" m="52735" /><G81/><T61/><D85/><U34/><E92/><V135/><F135/><W48/><G30/><T11/><D11/><U84/><E84/><V116/><F9/><W33/><AGARI ba="0,0" hai="27,28,33,48,49,59,62,64" m="52735,49258" machi="33" ten="30,2000,0" yaku="19,1,52,1" doraHai="52" who="3" fromWho="3" sc="250,-10,250,-5,250,-5,250,20" /><INIT seed="1,0,0,5,5,34" ten="240,245,245,270" oya="1" hai0="104,73,117,12,5,28,39,133,22,92,126,107,20" hai1="71,59,54,23,35,132,81,62,4,55,60,94,19" hai2="113,26,61,108,130,40,83,118,76,119,84,63,69" hai3="37,88,16,43,135,95,128,30,66,15,123,65,72"/><U27/><E132/><V52/><F108/><W86/><G123/><T33/><D39/><U114/><E114/><V14/><F130/><W131/><G72/><T6/><D73/><U49/><E35/><V1/><F1/><W110/><G30/><T8/><D92/><U64/><E81/><V17/><F113/><W106/><G106/><T78/><D78/><U70/><E4/><V50/><F26/><W97/><G110/><T2/><D104/><U51/><E94/><V100/><F100/><W13/><G86/><T122/><D107/><U57/><REACH who="1" step="1"/><E62/><REACH who="1" ten="240,235,245,270" step="2"/><V111/><F111/><W91/><G135/><T67/><D133/><U48/><E48/><V75/><F63/><W98/><G131/><T129/><D129/><U124/><E124/><V10/><F75/><W127/><G128/><T41/><D126/><U93/><E93/><V46/><REACH who="2" step="1"/><F40/><REACH who="2" ten="240,235,235,270" step="2"/><W77/><G43/><T38/><D41/><U121/><E121/><V109/><F109/><W90/><G127/><T24/><D122/><U47/><AGARI ba="0,2" hai="19,23,27,47,49,51,54,55,57,59,60,64,70,71" machi="47" ten="20,12000,1" yaku="1,1,0,1,7,1,53,2" doraHai="34" doraHaiUra="53" who="1" fromWho="1" sc="240,-40,235,140,235,-40,270,-40" /><INIT seed="1,1,0,0,0,44" ten="200,375,195,230" oya="1" hai0="104,134,9,14,98,43,0,86,64,67,114,42,127" hai1="10,54,112,36,61,52,25,37,100,66,124,32,129" hai2="48,91,84,4,79,121,94,19,76,108,70,74,22" hai3="27,116,12,2,135,102,77,47,3,26,38,16,107"/><U96/><E112/><V49/><F70/><W29/><G77/><N who="2" m="29769" /><F121/><W39/><G135/><T53/><D0/><U80/><E80/><N who="2" m="49543" /><F74/><W13/><G116/><T111/><D134/><U63/><E124/><V117/><F117/><W118/><G118/><T81/><D127/><U88/><E129/><V125/><F125/><W126/><G126/><T33/><D33/><U106/><E10/><V109/><F4/><W85/><G85/><T113/><D104/><U7/><E7/><V119/><F119/><W110/><G110/><N who="2" m="42601" /><F94/><W68/><G68/><T83/><D111/><U69/><E63/><V21/><F21/><W5/><G5/><T24/><D114/><U78/><E78/><V6/><F6/><W11/><G3/><T57/><D113/><U101/><E37/><V23/><F23/><W15/><G2/><T120/><D120/><U82/><E36/><V40/><F40/><W50/><G39/><T62/><D42/><U97/><E82/><V73/><F73/><W90/><G38/><T34/><D43/><U41/><E41/><V46/><F46/><W128/><G107/><T103/><D83/><U95/><E101/><V51/><F22/><W8/><G8/><T18/><D103/><U28/><AGARI ba="1,0" hai="25,28,32,52,54,61,66,69,88,95,96,97,100,106" machi="28" ten="30,12000,1" yaku="0,1,25,2,54,2" doraHai="44" who="1" fromWho="1" sc="200,-41,375,123,195,-41,230,-41" /><INIT seed="1,2,0,2,3,9" ten="159,498,154,189" oya="1" hai0="61,80,71,24,105,22,27,69,15,59,28,98,129" hai1="29,106,50,62,33,83,121,72,132,135,75,74,35" hai2="90,51,128,18,1,79,21,39,126,109,42,6,12" hai3="113,23,17,134,120,0,47,100,57,95,5,85,32"/><U122/><E106/><V118/><F109/><W43/><G120/><T48/><D129/><U19/><E62/><V3/><F118/><W11/><G113/><T96/><D105/><U34/><E29/><V91/><F128/><W45/><G32/><T55/><D80/><U86/><E50/><V76/><F126/><W7/><G7/><T77/><D77/><N who="2" m="29770" /><F3/><W52/><G134/><N who="1" m="51242" /><E19/><V46/><F1/><W25/><G43/><T112/><D112/><U14/><E86/><V104/><F104/><W10/><G10/><T127/><D127/><U123/><E83/><V58/><F39/><W102/><G102/><T81/><D81/><U87/><E87/><V30/><F30/><W54/><G54/><T107/><D107/><U40/><E14/><N who="2" m="9431" /><F58/><W99/><REACH who="3" step="1"/><G85/><REACH who="3" ten="159,498,154,179" step="2"/><T49/><D98/><U94/><E40/><V68/><F68/><W26/><G26/><T114/><D27/><U110/><E110/><V115/><F115/><W64/><G64/><T13/><D114/><U133/><E133/><V116/><F116/><W4/><G4/><T44/><D71/><U93/><AGARI ba="2,1" hai="33,34,35,72,74,75,93,94,121,122,123" m="51242" machi="93" ten="60,12000,1" yaku="29,2,28,2,20,1" doraHai="9" who="1" fromWho="1" sc="159,-42,498,136,154,-42,179,-42" /><INIT seed="1,3,0,0,2,96" ten="117,634,112,137" oya="1" hai0="104,64,87,14,44,45,36,110,21,29,1,63,68" hai1="38,6,98,41,62,26,120,11,103,129,93,95,60" hai2="20,124,123,5,90,101,82,79,126,131,85,134,17" hai3="3,91,109,33,78,37,71,86,10,24,112,12,69"/><U13/><E120/><V108/><F123/><W65/><G112/><T94/><D1/><U100/><E129/><V130/><F108/><W106/><G3/><T97/><D110/><U116/><E116/><V107/><F5/><W42/><G78/><T56/><D36/><U127/><E127/><N who="2" m="48683" /><F134/><W74/><G74/><T133/><D133/><U128/><E128/><N who="2" m="49195" /><F17/><W22/><G33/><T117/><D117/><U83/><E26/><V89/><F20/><W72/><G22/><T102/><D14/><U46/><E83/><V76/><F76/><W135/><G12/><T16/><D29/><U39/><E39/><V58/><F58/><W8/><G8/><T0/><D0/><U59/><E59/><V70/><F70/><W114/><G10/><T31/><D31/><U30/><E30/><V52/><F52/><W73/><G71/><T67/><D67/><U132/><E132/><V47/><F47/><W2/><G65/><T25/><D68/><U50/><E38/><V119/><F119/><W113/><G69/><T4/><D4/><U9/><E11/><V81/><F81/><W121/><G121/><T125/><D125/><U105/><E62/><V57/><F57/><W40/><G109/><T35/><D35/><U122/><E122/><V32/><F32/><W27/><G135/><T51/><D51/><U92/><E60/><V55/><F55/><W23/><G37/><T75/><D44/><U53/><E53/><V118/><F118/><W43/><G2/><T66/><D45/><U88/><E46/><V84/><F84/><W49/><G49/><T80/><D66/><RYUUKYOKU ba="3,0" sc="117,-10,634,-10,112,30,137,-10" hai2="79,82,85,89,90,101,107" /><INIT seed="2,4,0,5,1,11" ten="107,624,142,127" oya="2" hai0="57,47,15,4,2,102,131,82,48,8,75,134,91" hai1="79,27,6,98,85,92,49,110,53,42,135,1,123" hai2="125,38,58,24,59,41,51,60,130,19,12,81,74" hai3="120,68,88,109,39,44,101,55,124,105,56,5,43"/><V16/><F130/><W17/><G120/><T99/><D131/><U64/><E123/><V126/><F38/><W122/><G122/><T62/><D134/><U36/><E64/><V69/><F69/><W96/><G68/><T21/><D75/><U33/><E85/><V30/><F74/><W104/><G109/><T119/><D119/><U72/><E53/><V128/><F128/><W112/><G124/><N who="2" m="47721" /><F81/><W118/><G118/><T90/><D82/><U132/><E79/><V65/><F59/><W14/><G5/><T80/><D80/><U86/><E36/><V26/><F19/><W31/><G31/><T22/><D2/><U13/><E110/><V50/><F41/><W20/><G112/><T78/><D78/><U77/><E42/><V67/><F67/><W113/><G113/><T52/><D102/><U76/><E76/><V63/><F63/><W7/><G7/><T10/><D10/><U32/><E77/><V34/><F26/><W37/><G37/><T115/><D115/><U0/><E27/><V129/><F129/><W84/><G56/><T66/><D99/><U23/><E72/><V100/><F100/><W117/><G117/><T61/><D61/><U35/><E135/><V73/><F73/><W94/><REACH who="3" step="1"/><G55/><REACH who="3" ten="107,624,142,117" step="2"/><T89/><AGARI ba="4,1" hai="4,8,15,21,22,47,48,52,57,62,66,89,90,91" machi="89" ten="30,7900,0" yaku="0,1,8,1,52,1,54,1" doraHai="11" who="0" fromWho="0" sc="107,101,624,-24,142,-43,117,-24" /><INIT seed="3,0,0,0,1,111" ten="208,600,99,93" oya="3" hai0="37,54,112,35,127,122,24,50,119,32,33,49,123" hai1="103,100,77,116,86,7,132,89,38,90,34,125,6" hai2="0,79,78,22,17,133,91,8,64,42,121,88,102" hai3="62,83,120,70,76,97,61,110,99,26,96,98,67"/><W14/><G120/><T18/><D37/><U108/><E34/><V73/><F121/><W39/><G39/><T45/><D119/><U9/><E38/><V12/><F133/><W19/><G110/><T95/><D127/><U25/><E108/><V65/><F102/><W58/><G26/><T126/><D126/><U135/><E86/><V68/><F68/><W92/><N who="3" m="24576" /><DORA hai="128" /><W131/><G92/><T114/><D95/><U60/><E60/><V106/><F106/><W52/><G131/><T85/><D85/><U93/><E9/><V11/><F42/><W81/><REACH who="3" step="1"/><G76/><REACH who="3" ten="208,600,99,83" step="2"/><N who="2" m="29225" /><F73/><W10/><AGARI ba="0,1" hai="10,14,19,52,58,61,62,67,70,81,83" m="24576" machi="10" ten="40,7800,0" yaku="1,1,0,1,54,1,53,0" doraHai="111,128" doraHaiUra="69,87" who="3" fromWho="3" sc="208,-26,600,-26,99,-26,83,88" /><INIT seed="3,1,0,5,4,117" ten="182,574,73,171" oya="3" hai0="81,21,124,17,16,123,24,57,79,71,2,97,9" hai1="84,19,54,129,112,70,4,49,63,14,119,50,37" hai2="89,115,23,11,30,65,33,61,28,20,132,108,34" hai3="122,44,107,52,128,114,75,100,56,43,39,90,104"/><W77/><G114/><T99/><D71/><U72/><E72/><V55/><F55/><W92/><G122/><T1/><D123/><U113/><E37/><V58/><F89/><W130/><G100/><T6/><D124/><U8/><E119/><V36/><F36/><W135/><G135/><T0/><D57/><U133/><E129/><N who="3" m="49770" /><G77/><T121/><D121/><U5/><E133/><V88/><F88/><W38/><G38/><T13/><REACH who="0" step="1"/><D17/><REACH who="0" ten="172,574,73,171" step="2"/><U73/><E84/><AGARI ba="1,1" hai="0,1,2,6,9,13,16,21,24,79,81,84,97,99" machi="84" ten="40,8000,1" yaku="1,1,2,1,54,1,53,1" doraHai="117" doraHaiUra="74" who="0" fromWho="1" sc="172,93,574,-83,73,0,171,0" owari="265,6.5,491,59.1,73,-42.7,171,-22.9" /></mjloggm>