<mjloggm ver="2.3"><GO type="225" lobby="0"/><UN n0="%E3%83%96%E3%83%83%E3%83%91%E3%82%AA%E3%83%96%E3%83%81%E3%82%AD%E3%83%B3" n1="%33%74%72%65%65" n2="%E3%81%AF%E3%82%88%E3%81%8A%E3%81%98%E3%81%95%E3%82%93" n3="%E3%82%B3%E3%83%90%E3%83%AC%E3%82%A4" dan="17,16,17,16" rate="2220.09,2038.63,2239.13,2148.00" sx="M,F,M,M"/><TAIKYOKU oya="0"/><INIT seed="0,0,0,2,5,119" ten="250,250,250,250" oya="0" hai0="109,50,88,53,99,134,116,59,86,57,17,132,46" hai1="25,62,5,73,83,58,72,108,24,16,36,7,135" hai2="15,130,51,22,21,126,125,37,129,56,98,117,112" hai3="0,80,4,48,124,14,52,123,41,3,65,10,133"/><T102/><D116/><U64/><E108/><V120/><F117/><W131/><G124/><N who="2" m="47721" /><F37/><W6/><G133/><N who="0" m="51307" /><D109/><U122/><E135/><V27/><F112/><W47/><G131/><N who="2" m="50185" /><F98/><W49/><G65/><T39/><D39/><U13/><E36/><V71/><F71/><W100/><G123/><T101/><D17/><U113/><E122/><V115/><F115/><W105/><G6/><T127/><D127/><U42/><E5/><V118/><F118/><W74/><G100/><N who="0" m="38507" /><D99/><U1/><E7/><V40/><F120/><W92/><G105/><T2/><D2/><U94/><E1/><V89/><F15/><W9/><G9/><T45/><D59/><U54/><E58/><V63/><F27/><W18/><G18/><T78/><D78/><U19/><E16/><V29/><F89/><W90/><G0/><T87/><D87/><U93/><E19/><V43/><F29/><W55/><G3/><T106/><D106/><U103/><E24/><V82/><F21/><W23/><G23/><T66/><D66/><U114/><E25/><V33/><F33/><W77/><G49/><T97/><D97/><AGARI ba="0,0" hai="4,10,14,41,47,48,52,55,74,77,80,90,92,97" machi="97" ten="30,2000,0" yaku="7,1,54,1" doraHai="119" who="3" fromWho="0" sc="250,-20,250,0,250,0,250,20" /><INIT seed="1,0,0,4,2,52" ten="230,250,250,270" oya="1" hai0="116,62,74,113,71,45,23,2,88,95,131,61,14" hai1="92,18,83,125,25,24,51,40,76,59,15,120,124" hai2="81,7,58,67,109,112,32,105,55,8,31,75,46" hai3="127,98,91,111,19,129,103,22,90,50,12,13,3"/><U9/><E120/><V102/><F109/><W117/><G111/><T82/><D113/><U60/><E92/><V110/><F112/><W80/><G3/><T49/><D116/><U56/><E40/><V20/><F32/><W130/><G117/><T108/><D108/><U100/><E100/><V93/><F105/><W78/><G13/><T53/><D2/><U79/><E79/><V104/><F104/><W37/><G37/><T63/><D131/><N who="3" m="50185" /><G50/><T57/><D71/><U27/><E51/><V1/><F110/><W42/><G42/><T101/><D74/><U34/><E34/><V4/><F7/><W0/><G0/><T123/><D123/><U77/><E77/><V17/><F31/><W11/><G11/><T69/><D69/><U29/><E29/><V89/><F46/><W6/><G6/><T99/><D82/><U72/><REACH who="1" step="1"/><E60/><REACH who="1" ten="230,240,250,270" step="2"/><N who="2" m="38295" /><F81/><W41/><G41/><N who="0" m="24751" /><D101/><U66/><E66/><V68/><F102/><W132/><G80/><T64/><D64/><U33/><E33/><V47/><F75/><W38/><G103/><T73/><D73/><U133/><E133/><V39/><F39/><W30/><G38/><T35/><D35/><U121/><E121/><V10/><F89/><W115/><G132/><T94/><D94/><U135/><E135/><V119/><F93/><W44/><G78/><T96/><D96/><U21/><E21/><V28/><F119/><W97/><G91/><T126/><D126/><AGARI ba="0,1" hai="9,15,18,24,25,27,56,59,72,76,83,124,125,126" machi="126" ten="40,12000,1" yaku="1,1,18,1,52,2,53,0" doraHai="52" doraHaiUra="87" who="1" fromWho="0" sc="230,-120,240,130,250,0,270,0" /><INIT seed="1,1,0,1,2,117" ten="110,370,250,270" oya="1" hai0="75,58,29,79,129,10,40,25,94,33,132,89,5" hai1="36,54,37,28,120,52,104,66,96,74,15,48,124" hai2="107,53,127,133,13,83,14,38,60,93,31,88,92" hai3="44,76,67,86,118,30,131,81,119,95,123,82,69"/><U78/><E120/><V43/><F107/><W84/><G69/><T135/><D129/><U114/><E114/><V62/><F38/><W8/><G67/><T26/><D58/><U106/><E124/><V121/><F121/><W42/><G123/><T91/><D26/><U103/><E66/><V55/><F127/><W85/><G30/><T65/><D65/><U71/><E71/><V113/><F113/><W102/><G131/><T115/><D115/><U9/><E104/><V64/><F133/><W112/><G112/><T68/><D68/><U59/><E28/><V11/><F43/><W39/><G8/><T57/><D57/><U63/><E78/><V20/><F92/><W98/><G86/><T35/><D35/><U18/><E74/><V110/><F83/><W41/><REACH who="3" step="1"/><G42/><REACH who="3" ten="110,370,250,260" step="2"/><T125/><D125/><U73/><E73/><V19/><F64/><W87/><G87/><T46/><D135/><U122/><E122/><V1/><F31/><W128/><G128/><T22/><D132/><U47/><AGARI ba="1,1" hai="9,15,18,36,37,47,48,52,54,59,63,96,103,106" machi="47" ten="20,3900,0" yaku="0,1,7,1,54,1" doraHai="117" who="1" fromWho="1" sc="110,-14,370,52,250,-14,260,-14" /><INIT seed="1,2,0,3,1,36" ten="96,422,236,246" oya="1" hai0="98,8,111,130,48,2,127,115,6,28,123,5,119" hai1="17,117,76,74,59,18,95,105,55,49,10,124,7" hai2="42,21,129,82,62,104,122,60,38,34,125,25,86" hai3="66,134,71,102,100,61,56,53,1,128,65,63,75"/><U114/><E114/><V113/><F122/><W46/><G1/><T14/><D123/><U37/><E117/><V110/><F104/><W54/><G75/><T118/><D115/><U52/><E105/><V13/><F113/><W80/><G80/><T84/><D111/><U131/><E131/><V112/><F112/><W92/><G128/><T68/><D130/><U93/><E37/><V87/><F110/><W69/><G92/><T3/><D68/><U4/><E124/><V26/><F87/><W12/><G12/><T32/><D84/><U24/><E76/><V30/><F13/><W73/><G73/><T90/><D48/><U81/><E81/><V106/><F106/><W91/><G91/><T45/><D45/><U35/><E35/><V44/><F125/><W85/><G85/><T101/><D90/><U67/><E67/><N who="3" m="25610" /><G100/><T108/><D127/><U39/><E93/><V72/><F72/><W107/><G102/><T64/><D64/><U11/><E95/><V116/><F116/><N who="0" m="44586" /><D108/><U29/><E74/><V135/><F135/><W47/><G107/><N who="0" m="63927" /><D6/><U97/><E4/><V77/><REACH who="2" step="1"/><F129/><REACH who="2" ten="96,422,226,246" step="2"/><W126/><G134/><T121/><D121/><U133/><E133/><V16/><AGARI ba="2,1" hai="16,21,25,26,30,34,38,42,44,60,62,77,82,86" machi="16" ten="20,12000,2" yaku="1,1,2,1,0,1,7,1,52,1,54,1,53,0" doraHai="36" doraHaiUra="94" who="2" fromWho="2" sc="96,-32,422,-62,226,136,246,-32" /><INIT seed="2,0,0,5,1,20" ten="64,360,362,214" oya="2" hai0="93,83,11,98,6,75,1,27,95,37,104,131,60" hai1="9,111,35,61,55,8,45,19,7,102,39,114,43" hai2="5,91,48,73,2,22,112,56,50,29,62,105,52" hai3="44,25,32,34,51,30,86,77,110,41,31,80,54"/><V69/><F112/><W124/><G124/><T63/><D131/><U120/><E114/><V87/><F73/><W85/><G110/><T88/><D104/><U128/><E128/><V134/><F105/><W38/><G31/><T68/><D68/><U0/><E111/><V79/><F134/><W109/><G109/><T129/><D129/><U133/><E133/><V64/><F79/><W46/><G86/><T101/><D37/><U67/><E120/><V13/><F2/><W12/><REACH who="3" step="1"/><G12/><REACH who="3" ten="64,360,362,204" step="2"/><T89/><D101/><U71/><E102/><V125/><F125/><W57/><G57/><T42/><D42/><U16/><E35/><AGARI ba="0,1" hai="25,30,32,34,35,38,41,44,46,51,54,77,80,85" machi="35" ten="30,7700,0" yaku="1,1,7,1,52,1,53,1" doraHai="20" doraHaiUra="81" who="3" fromWho="1" sc="64,0,360,-77,362,0,204,87" /><INIT seed="3,0,0,4,2,66" ten="64,283,362,291" oya="3" hai0="111,42,34,40,39,55,117,7,9,8,132,72,24" hai1="92,16,119,96,46,85,128,15,97,93,102,87,103" hai2="62,134,63,49,45,80,6,32,36,23,90,95,123" hai3="35,115,5,21,100,78,53,25,125,71,83,86,107"/><W3/><G71/><T84/><D117/><U77/><E128/><V133/><F32/><W64/><G115/><T14/><D72/><U60/><E119/><V106/><F106/><W51/><G125/><T120/><D120/><U127/><E127/><V44/><F123/><W88/><G64/><T29/><D111/><U94/><E60/><V110/><F110/><W27/><G35/><T98/><D132/><N who="2" m="50794" /><F6/><W28/><G27/><T99/><D39/><U0/><E0/><V65/><F80/><W12/><G3/><T112/><D112/><U59/><E59/><V37/><F23/><W17/><G107/><T70/><D84/><N who="1" m="32331" /><E77/><V43/><F45/><W30/><G100/><N who="1" m="38442" /><E46/><V122/><F122/><W131/><G131/><T121/><D121/><U135/><E135/><V108/><F108/><W57/><REACH who="3" step="1"/><G78/><REACH who="3" ten="64,283,362,281" step="2"/><T4/><D34/><U116/><E116/><V11/><F65/><W50/><G50/><T18/><D24/><U124/><E124/><V68/><F68/><W56/><G56/><T31/><D14/><U79/><E79/><V13/><F37/><W20/><G20/><AGARI ba="0,1" hai="15,16,20,92,93,94,96,97" m="38442,32331" machi="20" ten="30,2000,0" yaku="8,1,54,1" doraHai="66" who="1" fromWho="3" sc="64,0,283,30,362,0,281,-20" owari="64,-43.6,313,11.3,362,46.2,261,-13.9" /></mjloggm>