<mjloggm ver="2.3"><GO type="225" lobby="0"/><UN n0="%E6%A1%9C%E8%8A%B1%E9%96%83%E3%80%85" n1="%E5%8C%97%E6%AC%A7%E3%81%AE%E3%82%82%E3%81%93%E3%81%86" n2="%E6%98%93%E5%88%A9%E8%96%A9%E4%BC%AF" n3="%E7%99%BD%E5%80%89%E5%AF%9B%E4%B9%8B" dan="17,16,17,16" rate="2241.92,2151.48,2163.78,2145.18" sx="M,M,F,M"/><TAIKYOKU oya="0"/><INIT seed="0,0,0,4,0,93" ten="250,250,250,250" oya="0" hai0="119,133,116,1,10,17,103,27,128,57,22,113,19" hai1="16,101,77,79,108,34,104,64,90,76,61,44,91" hai2="98,29,73,112,97,102,67,70,46,56,7,111,47" hai3="14,81,13,126,63,135,65,89,45,12,95,28,118"/><T21/><D57/><N who="1" m="36911" /><E34/><V114/><F70/><W9/><G118/><T25/><D103/><U99/><E104/><V68/><F68/><W36/><G126/><T42/><D42/><U134/><E108/><V92/><F73/><W127/><G127/><T15/><D113/><U30/><E30/><V71/><F71/><W41/><G135/><T24/><D133/><U94/><E134/><V5/><F111/><W38/><G28/><T4/><D128/><U26/><E44/><V130/><F130/><W66/><G81/><T120/><D120/><U2/><E2/><V51/><F29/><W43/><G9/><T85/><D85/><U39/><E39/><V52/><F112/><W35/><G35/><T117/><AGARI ba="0,0" hai="1,4,10,15,17,19,21,22,24,25,27,116,117,119" machi="117" ten="30,11700,0" yaku="0,1,34,3" doraHai="93" who="0" fromWho="0" sc="250,117,250,-39,250,-39,250,-39" /><INIT seed="0,1,0,4,5,79" ten="367,211,211,211" oya="0" hai0="73,10,105,62,68,69,118,8,120,125,40,61,34" hai1="100,101,43,78,28,18,88,83,71,13,72,44,2" hai2="60,99,128,117,24,122,19,107,53,77,129,23,133" hai3="36,76,59,4,102,119,94,84,93,81,27,110,123"/><T85/><D73/><U115/><E115/><V127/><F122/><W35/><G36/><T103/><D120/><U90/><E71/><V96/><F127/><W52/><G123/><T80/><D34/><U58/><E2/><V124/><F124/><W15/><G119/><T126/><D118/><U5/><E28/><V89/><F117/><W31/><G110/><T108/><D40/><U38/><E5/><V121/><F133/><W104/><G104/><T50/><D50/><U49/><E38/><V20/><F121/><W66/><G66/><T86/><D105/><U70/><E70/><V135/><F135/><W0/><G0/><T32/><D103/><U51/><E101/><V112/><F112/><W98/><G94/><T54/><D54/><U46/><E58/><N who="2" m="34895" /><F23/><W87/><G15/><T57/><D57/><U47/><E100/><N who="2" m="62855" /><F77/><W14/><G14/><T22/><D22/><U41/><E46/><V75/><F75/><W134/><G4/><T25/><D25/><U3/><E3/><V30/><F30/><W132/><REACH who="3" step="1"/><G87/><REACH who="3" ten="367,211,211,201" step="2"/><T17/><D86/><U42/><E43/><V11/><F11/><AGARI ba="1,1" hai="11,13,18,41,42,44,47,49,51,72,78,83,88,90" machi="11" ten="30,7700,0" yaku="7,1,9,1,52,1,54,1" doraHai="79" who="1" fromWho="2" sc="367,0,211,90,211,-80,201,0" /><INIT seed="1,0,0,3,1,34" ten="367,301,131,201" oya="1" hai0="43,11,38,102,25,65,54,85,48,63,118,90,78" hai1="55,82,106,127,125,70,105,81,93,18,96,5,131" hai2="120,113,111,57,108,76,53,7,126,42,3,16,77" hai3="104,4,112,69,33,15,89,59,29,101,73,86,2"/><U98/><E70/><V50/><F120/><W67/><G73/><T115/><D115/><U134/><E5/><V97/><F113/><W62/><G112/><T9/><D118/><U119/><E119/><V122/><F122/><W14/><G59/><T31/><D78/><U49/><E131/><V39/><F126/><N who="1" m="48137" /><E18/><V23/><F97/><N who="1" m="37481" /><E93/><V47/><F76/><W58/><G101/><T71/><D102/><U128/><E128/><V84/><F84/><W135/><G104/><N who="1" m="40042" /><E134/><V100/><F100/><W99/><G99/><T123/><D123/><U132/><E132/><V41/><F41/><W20/><G135/><T61/><D9/><U10/><E10/><V91/><F91/><W121/><G69/><T66/><D11/><U19/><E19/><V94/><F94/><W37/><G121/><T28/><D71/><U116/><E116/><V8/><REACH who="2" step="1"/><F77/><REACH who="2" ten="367,301,121,201" step="2"/><W35/><G89/><T109/><D43/><U26/><E81/><V1/><F1/><W44/><G2/><T129/><D129/><U107/><E82/><V60/><F60/><W88/><G88/><T72/><D63/><U24/><E107/><V124/><F124/><W103/><G103/><T13/><D61/><U0/><E0/><V6/><F6/><W17/><G86/><T110/><D85/><U51/><E55/><V27/><AGARI ba="0,1" hai="3,7,8,16,23,27,39,42,47,50,53,57,108,111" machi="27" ten="30,7900,0" yaku="1,1,0,1,52,1,54,1,53,0" doraHai="34" doraHaiUra="117" who="2" fromWho="2" sc="367,-20,301,-39,121,89,201,-20" /><INIT seed="2,0,0,4,4,78" ten="347,262,210,181" oya="2" hai0="133,0,76,83,21,14,117,9,115,118,22,1,89" hai1="30,82,73,6,18,124,107,57,121,103,97,60,47" hai2="135,94,17,41,29,81,129,64,31,126,65,85,46" hai3="44,43,4,67,132,71,52,62,123,10,19,38,7"/><V98/><F129/><W93/><G123/><T61/><D115/><U5/><E124/><V24/><F135/><W70/><G132/><T79/><D133/><U99/><E121/><V16/><F126/><W108/><G108/><T51/><D51/><U72/><E30/><N who="2" m="11275" /><F46/><W90/><G71/><T49/><D49/><U86/><E47/><V3/><F3/><W114/><G114/><T12/><D89/><U2/><E2/><V58/><F41/><W80/><G52/><T23/><D61/><U74/><E99/><V134/><F134/><W111/><G111/><T91/><D91/><U128/><E18/><N who="2" m="7275" /><F24/><W34/><G34/><T35/><D22/><U92/><E107/><V66/><F58/><W42/><G42/><T63/><D35/><U77/><REACH who="1" step="1"/><E128/><REACH who="1" ten="347,252,210,181" step="2"/><V130/><F130/><W105/><G105/><T28/><D28/><U122/><E122/><V8/><F8/><W69/><G10/><T27/><D9/><U116/><E116/><V39/><F39/><W20/><G19/><T87/><D0/><U119/><E119/><V131/><F131/><W100/><G20/><T110/><D1/><U26/><E26/><V54/><F98/><N who="3" m="59471" /><G70/><T11/><D110/><U84/><E84/><V113/><F113/><W104/><G104/><T37/><D37/><U68/><E68/><V75/><F75/><W13/><G13/><N who="0" m="5227" /><D23/><U45/><E45/><V125/><F125/><W33/><G33/><T59/><D118/><U101/><E101/><V127/><F127/><W25/><G25/><T56/><D117/><U48/><E48/><V96/><F96/><W40/><G40/><RYUUKYOKU ba="0,1" sc="347,-15,252,15,210,-15,181,15" hai1="5,6,57,60,72,73,74,77,82,86,92,97,103" hai3="4,7,38,43,44,62,67,69,80,90" /><INIT seed="3,1,1,1,4,21" ten="332,267,195,196" oya="3" hai0="88,124,79,40,1,31,76,15,17,133,29,105,66" hai1="35,5,82,37,19,8,110,27,68,69,56,127,100" hai2="28,12,46,101,22,86,94,135,72,26,3,70,102" hai3="107,20,117,106,32,11,54,98,6,58,23,111,118"/><W132/><G32/><T61/><D1/><U131/><E37/><V84/><F72/><W48/><G132/><T130/><D105/><U128/><E110/><V65/><F3/><W67/><G111/><T55/><D40/><U96/><E127/><V47/><F135/><W33/><G33/><T120/><D120/><U103/><E82/><V115/><F115/><W9/><G67/><T52/><D88/><U81/><E81/><V91/><F86/><W43/><G43/><T51/><D130/><N who="1" m="49707" /><E56/><V113/><F113/><W78/><G78/><T2/><D15/><N who="1" m="5519" /><E103/><N who="2" m="39435" /><F70/><W99/><G107/><T108/><D108/><U126/><E126/><V38/><F38/><W104/><G106/><T80/><D80/><U75/><E75/><V0/><F0/><W45/><G104/><T93/><D2/><U64/><E64/><V14/><F65/><W90/><G58/><N who="0" m="35015" /><D66/><U87/><E87/><V44/><AGARI ba="1,1" hai="12,14,22,26,28,44,46,47,84,91,94" m="39435" machi="44" ten="30,2000,0" yaku="8,1,52,1" doraHai="21" who="2" fromWho="2" sc="332,-6,267,-6,195,33,196,-11" owari="326,42.6,261,6.1,228,-17.2,185,-31.5" /></mjloggm>