<mjloggm ver="2.3"><GO type="225" lobby="0"/><UN n0="%E6%A1%9C%E8%8A%B1%E9%96%83%E3%80%85" n1="%E3%81%AF%E3%82%88%E3%81%8A%E3%81%98%E3%81%95%E3%82%93" n2="%E5%B0%8F%E9%B3%A5%E9%81%8A%E7%B7%B4%E7%84%A1%32%31%E6%AD%B3" n3="%E3%82%8F%E3%81%8B%E3%81%B0%2A%E3%82%AC%E3%83%BC%E3%83%AB" dan="17,17,17,16" rate="2154.50,2142.65,2152.93,2150.89" sx="M,M,F,M"/><TAIKYOKU oya="0"/><INIT seed="0,0,0,3,1,30" ten="250,250,250,250" oya="0" hai0="15,43,5,74,20,41,10,14,49,125,66,98,120" hai1="104,34,58,79,54,107,87,130,91,103,81,129,112" hai2="62,50,7,122,40,114,95,13,101,92,68,135,97" hai3="116,132,35,134,75,118,39,105,117,67,42,76,24"/><T46/><D120/><U102/><E58/><V4/><F122/><W126/><G105/><N who="1" m="40522" /><E54/><V53/><F114/><W73/><G126/><T60/><D125/><U70/><E70/><V121/><F121/><W22/><G67/><T3/><D74/><N who="3" m="28169" /><G76/><T108/><D108/><U8/><E8/><V32/><F135/><N who="3" m="51755" /><G42/><T78/><D78/><U51/><E51/><V2/><F40/><W94/><G94/><T26/><D98/><U18/><E18/><V71/><F92/><W63/><G63/><T119/><D119/><U65/><E65/><V88/><F101/><N who="1" m="38409" /><E34/><V25/><F68/><W77/><G77/><T44/><D60/><U37/><E37/><V11/><F62/><W86/><G86/><T127/><D66/><U93/><E112/><V9/><F71/><W90/><G90/><T89/><D89/><U23/><E23/><V82/><F25/><W52/><G52/><T0/><D127/><U109/><E109/><V56/><F32/><W21/><G39/><T33/><D0/><U128/><E79/><V99/><F99/><W106/><G106/><T83/><D33/><U111/><E111/><V19/><F4/><W124/><G124/><T27/><D27/><U45/><E45/><V80/><AGARI ba="0,0" hai="2,7,9,11,13,19,50,53,56,80,82,88,95,97" machi="80" ten="30,2000,0" yaku="0,1,54,1" doraHai="30" who="2" fromWho="2" sc="250,-10,250,-5,250,20,250,-5" /><INIT seed="1,0,0,1,4,99" ten="240,245,270,245" oya="1" hai0="102,73,129,6,62,28,90,26,118,109,52,64,60" hai1="94,92,112,56,2,76,58,10,103,22,35,95,70" hai2="130,101,120,45,11,21,39,13,17,65,124,117,69" hai3="86,108,85,3,100,119,20,44,81,53,25,24,75"/><U132/><E35/><V82/><F120/><W83/><G108/><T50/><D118/><U41/><E70/><V66/><F117/><W23/><G3/><T49/><D109/><U68/><E68/><V88/><F124/><W18/><G119/><T89/><D129/><U47/><E112/><V134/><F134/><W114/><G114/><T30/><D73/><U113/><E113/><V38/><F130/><W133/><G133/><T61/><D64/><U5/><E132/><V135/><F135/><W98/><G75/><T59/><D6/><U12/><E76/><V97/><F69/><W27/><G53/><T51/><D102/><U34/><E34/><V80/><F21/><W78/><G44/><T105/><D105/><U1/><E103/><V54/><F39/><W127/><G127/><T46/><D50/><U106/><E106/><V36/><F36/><W48/><G48/><T33/><REACH who="0" step="1"/><D30/><REACH who="0" ten="230,245,270,245" step="2"/><U7/><E7/><V0/><F65/><W107/><REACH who="3" step="1"/><G18/><REACH who="3" ten="230,245,270,235" step="2"/><T104/><D104/><U16/><REACH who="1" step="1"/><E1/><REACH who="1" ten="230,235,270,235" step="2"/><V121/><F0/><W91/><AGARI ba="0,3" hai="20,23,24,25,27,78,81,83,85,86,91,98,100,107" machi="91" ten="30,7900,0" yaku="1,1,2,1,0,1,52,1,53,0" doraHai="99" doraHaiUra="110" who="3" fromWho="3" sc="230,-20,235,-39,270,-20,235,109" /><INIT seed="2,0,0,2,1,36" ten="210,196,250,344" oya="2" hai0="120,64,9,49,118,127,114,90,92,134,80,53,110" hai1="35,20,54,25,121,39,46,19,107,81,44,71,4" hai2="83,43,84,123,1,102,63,79,73,112,70,116,85" hai3="67,29,105,8,68,104,40,129,23,124,130,56,98"/><V117/><F112/><W113/><G124/><T62/><D114/><U91/><E107/><V108/><F123/><W26/><G68/><T6/><D120/><U106/><E121/><V32/><F1/><W34/><G113/><T97/><D127/><U128/><E71/><V82/><F32/><W86/><G8/><T77/><D110/><U13/><E106/><V27/><F27/><W52/><G67/><T126/><D126/><U22/><E35/><V48/><F108/><W51/><G34/><T133/><D118/><U41/><E128/><N who="3" m="49258" /><G98/><T0/><D64/><U55/><E46/><V72/><F102/><W125/><G125/><T24/><D133/><U76/><E91/><V103/><F103/><W15/><G15/><T100/><D134/><U69/><E69/><V94/><F70/><W89/><G40/><T109/><D24/><U111/><E111/><V7/><F116/><W3/><G3/><T96/><D109/><U59/><E59/><V65/><F117/><W93/><AGARI ba="0,0" hai="23,26,29,51,52,56,86,89,93,104,105" m="49258" machi="93" ten="30,2000,0" yaku="19,1,54,1" doraHai="36" who="3" fromWho="3" sc="210,-5,196,-5,250,-10,344,20" /><INIT seed="3,0,0,2,4,103" ten="205,191,240,364" oya="3" hai0="126,81,107,100,109,57,20,24,99,37,39,32,35" hai1="75,131,4,106,110,21,2,14,94,64,46,34,3" hai2="25,45,91,59,22,72,13,30,133,70,55,69,65" hai3="12,63,132,41,61,73,119,80,108,122,118,116,51"/><W68/><G122/><T28/><D109/><U129/><E106/><V23/><F72/><W89/><G108/><T79/><D126/><U56/><E110/><V74/><F74/><W114/><G114/><T71/><D71/><U97/><E75/><V26/><F45/><W88/><G132/><T43/><D57/><U48/><E34/><V93/><F65/><W98/><G12/><T82/><D82/><U5/><E56/><V11/><F11/><W66/><G61/><T78/><D78/><U83/><E83/><V123/><F133/><W128/><G128/><N who="1" m="49226" /><E64/><V96/><F13/><W15/><G15/><T125/><D125/><U42/><E21/><V38/><F38/><W54/><G41/><T44/><REACH who="0" step="1"/><D39/><REACH who="0" ten="195,191,240,364" step="2"/><U58/><E58/><V36/><F36/><W76/><G119/><T95/><D95/><U16/><E5/><V50/><F123/><W104/><G116/><T77/><D77/><U111/><E4/><V8/><F69/><W52/><G118/><T101/><D101/><N who="1" m="60599" /><E111/><V27/><F70/><W17/><G80/><T33/><D33/><U0/><E2/><V31/><F59/><W85/><G76/><T10/><D10/><U86/><E86/><AGARI ba="0,1" hai="20,24,28,32,35,37,43,44,79,81,86,99,100,107" machi="86" ten="30,3900,0" yaku="1,1,7,1,52,1,53,0" doraHai="103" doraHaiUra="124" who="0" fromWho="1" sc="195,49,191,-39,240,0,364,0" owari="244,4.4,152,-34.8,240,-16.0,364,46.4" /></mjloggm>