<mjloggm ver="2.3"><GO type="225" lobby="0"/><UN n0="%72%61%6B%33" n1="%E3%83%B4%E3%83%A0%EF%BC%99%E3%81%A6" n2="%E6%A3%AE%E5%B1%B1%E7%94%B0%E7%9B%B4%E5%A4%AA%E6%9C%97%E4%B9%8B%E4%BB%8B" n3="%E3%81%A4%E3%81%A3%E3%81%B1%E3%82%8A%E3%83%9D%E3%83%BC%E3%83%AB" dan="16,17,16,17" rate="2098.89,2190.25,2166.61,2177.67" sx="M,M,M,M"/><TAIKYOKU oya="0"/><INIT seed="0,0,0,5,4,66" ten="250,250,250,250" oya="0" hai0="85,104,47,107,38,92,121,122,50,10,45,78,39" hai1="133,52,135,17,27,2,125,7,49,20,59,118,101" hai2="69,22,30,90,134,5,99,74,72,31,97,126,100" hai3="14,8,94,40,91,117,84,58,18,24,55,9,71"/><T65/><D10/><U28/><E118/><V51/><F5/><W82/><G117/><T106/><D65/><U16/><E125/><V73/><F51/><W62/><G71/><T42/><D78/><U109/><E109/><V48/><F48/><W79/><G24/><T35/><D35/><U112/><E112/><V119/><F119/><W32/><G32/><T80/><D92/><U76/><E101/><V83/><F126/><W111/><G111/><T103/><D103/><U61/><E76/><V87/><F134/><N who="1" m="51209" /><E61/><V132/><F132/><W29/><G29/><T4/><D4/><U46/><E46/><V13/><F69/><W114/><G114/><T21/><D21/><U64/><E64/><V88/><F90/><W67/><G40/><T11/><D11/><AGARI ba="0,0" hai="2,7,11,16,17,20,27,28,49,52,59" m="51209" machi="11" ten="30,3900,0" yaku="20,1,54,2" doraHai="66" who="1" fromWho="0" sc="250,-39,250,39,250,0,250,0" /><INIT seed="1,0,0,2,0,120" ten="211,289,250,250" oya="1" hai0="113,21,53,13,123,66,92,86,4,85,127,31,11" hai1="0,79,49,60,57,26,18,44,68,55,112,119,43" hai2="46,103,15,71,25,101,96,12,105,78,111,33,122" hai3="37,134,82,80,88,69,27,65,19,34,67,135,38"/><U125/><E112/><V61/><F103/><W129/><G129/><T1/><D113/><U2/><E119/><V6/><F46/><W22/><G34/><T35/><D123/><U83/><E125/><V36/><F78/><W106/><G106/><T115/><D115/><U108/><E108/><V42/><F42/><W110/><G110/><T16/><D127/><U109/><E109/><V118/><F36/><N who="3" m="13931" /><G69/><T45/><D66/><N who="3" m="25097" /><G88/><N who="0" m="53263" /><D86/><U114/><E68/><V29/><F111/><W130/><G130/><T7/><D7/><U73/><E114/><V70/><F122/><W76/><G76/><T93/><D93/><U133/><E0/><V23/><F118/><W89/><G89/><T99/><D99/><U116/><E2/><V9/><REACH who="2" step="1"/><F61/><REACH who="2" ten="211,289,240,250" step="2"/><W94/><G94/><T59/><D45/><U102/><E102/><V95/><F95/><W54/><G54/><T52/><D59/><U47/><E116/><V107/><F107/><W77/><G77/><T51/><D51/><U63/><E63/><V56/><F56/><W81/><G81/><T17/><D17/><AGARI ba="0,1" hai="6,9,12,15,17,23,25,29,33,70,71,96,101,105" machi="17" ten="40,1300,0" yaku="1,1,53,0" doraHai="120" doraHaiUra="74" who="2" fromWho="0" sc="211,-13,289,0,240,23,250,0" /><INIT seed="2,0,0,1,1,65" ten="198,289,263,250" oya="2" hai0="19,130,62,45,108,100,8,7,111,102,23,18,107" hai1="69,6,1,118,0,80,47,43,95,87,32,3,21" hai2="104,67,9,135,124,105,55,120,63,68,86,81,46" hai3="84,116,27,54,34,133,39,88,99,38,74,97,110"/><V56/><F120/><W35/><G74/><T115/><D115/><U48/><E118/><V36/><F135/><W64/><G116/><T50/><D130/><U113/><E113/><V79/><F124/><W22/><G133/><T4/><D62/><U131/><E32/><V41/><F9/><W33/><G64/><T112/><D112/><U16/><E131/><V119/><F119/><W42/><G110/><T17/><D23/><U123/><E123/><V71/><F71/><W25/><G54/><T59/><D59/><U92/><E69/><V57/><F56/><W49/><G49/><AGARI ba="0,0" hai="36,41,46,49,55,57,63,67,68,79,81,86,104,105" machi="49" ten="30,11600,0" yaku="7,1,24,2,52,1" doraHai="65" who="2" fromWho="3" sc="198,0,289,0,263,116,250,-116" /><INIT seed="2,1,0,1,2,66" ten="198,289,379,134" oya="2" hai0="105,106,18,67,41,109,62,98,33,34,126,0,4" hai1="25,22,78,119,96,90,93,31,99,59,53,69,57" hai2="10,114,13,70,47,135,89,120,113,12,132,17,122" hai3="128,11,97,46,65,44,1,77,83,9,72,42,32"/><V95/><F47/><W58/><G128/><T23/><D109/><U86/><E119/><V130/><F130/><W103/><G32/><T118/><D126/><U38/><E38/><V133/><F13/><W68/><G46/><T85/><D41/><U74/><E69/><V92/><F70/><W2/><G58/><T131/><D131/><U82/><REACH who="1" step="1"/><E59/><REACH who="1" ten="198,279,379,134" step="2"/><V21/><F114/><W3/><G68/><T80/><D118/><U5/><E5/><V55/><F113/><W54/><G65/><T91/><D4/><U61/><AGARI ba="1,1" hai="22,25,31,53,57,61,74,78,82,86,90,93,96,99" machi="61" ten="20,2700,0" yaku="1,1,0,1,7,1,53,0" doraHai="66" doraHaiUra="15" who="1" fromWho="1" sc="198,-8,279,40,379,-14,134,-8" /><INIT seed="3,0,0,2,0,14" ten="190,319,365,126" oya="3" hai0="102,50,87,73,98,91,81,18,71,68,47,39,1" hai1="85,83,63,23,26,54,20,84,97,8,38,75,12" hai2="66,25,88,9,70,2,27,133,119,131,31,108,134" hai3="67,16,34,135,86,79,56,111,44,107,77,59,95"/><W3/><G107/><T42/><D1/><U80/><E38/><V132/><F108/><W43/><G3/><T117/><D117/><U105/><E75/><V49/><F119/><W21/><G34/><T33/><D33/><U104/><E97/><V96/><F131/><W129/><G129/><T72/><D39/><U109/><E109/><V41/><F66/><W51/><G111/><T37/><D37/><U116/><E116/><V114/><F70/><W40/><G40/><T28/><D28/><U57/><E104/><V110/><F114/><W53/><G67/><T120/><D120/><U122/><E105/><V118/><F118/><W124/><G124/><T0/><D0/><U69/><E69/><V121/><F110/><W17/><G135/><T32/><D32/><U103/><E103/><V101/><F121/><W6/><G6/><T62/><D68/><U126/><E126/><V115/><F115/><W123/><G123/><T5/><D5/><U89/><E26/><V93/><F101/><W35/><G35/><T19/><D72/><U46/><E46/><N who="2" m="25807" /><F31/><W15/><G17/><N who="0" m="6155" /><D73/><U128/><E128/><V29/><F29/><W11/><G11/><T94/><D71/><U22/><E122/><V127/><F127/><W78/><G43/><T58/><D58/><U82/><E8/><V61/><F9/><W60/><G60/><AGARI ba="0,0" hai="42,47,50,60,62,81,87,91,94,98,102" m="6155" machi="60" ten="30,7700,0" yaku="8,1,52,3" doraHai="14" who="0" fromWho="3" sc="190,77,319,0,365,0,126,-77" owari="267,-13.3,319,11.9,365,46.5,49,-45.1" /></mjloggm>