<mjloggm ver="2.3"><GO type="225" lobby="0"/><UN n0="%E3%83%A9%E3%82%B9%E7%8E%87%EF%BC%93%E5%89%B2" n1="%E3%81%8B%E3%82%8F%E3%81%A1%E3%82%83%E3%82%93%35%38" n2="%E7%B4%94%E6%BD%94%E3%83%94%E3%83%A9%E3%83%8B%E3%82%A2" n3="%77%72%77%72%77%72%77%72" dan="17,16,17,17" rate="2192.90,2165.15,2226.35,2119.47" sx="F,M,M,M"/><TAIKYOKU oya="0"/><INIT seed="0,0,0,3,5,114" ten="250,250,250,250" oya="0" hai0="100,53,9,115,7,103,3,101,52,5,80,50,48" hai1="81,112,119,117,20,54,35,125,34,91,76,84,127" hai2="19,73,106,2,88,133,27,4,16,90,49,44,77" hai3="66,12,32,107,56,60,8,36,45,33,105,126,108"/><T86/><D115/><U75/><E112/><V59/><F106/><W113/><G113/><T92/><D7/><U87/><E20/><V11/><F133/><W102/><G108/><T97/><D50/><U38/><E54/><V116/><F59/><W134/><G134/><T78/><REACH who="0" step="1"/><D53/><REACH who="0" ten="240,250,250,250" step="2"/><U71/><E38/><V70/><F4/><W37/><G37/><T22/><D22/><U110/><E110/><V26/><F49/><W64/><G36/><T121/><D121/><U62/><E34/><V67/><F67/><W79/><G33/><T82/><D82/><N who="1" m="45343" /><E35/><V132/><F132/><W23/><G23/><T40/><D40/><U1/><E1/><V122/><F2/><W83/><G32/><T123/><D123/><U93/><E62/><V10/><F122/><W69/><G64/><T96/><D96/><U118/><E71/><V128/><F70/><W43/><G69/><T14/><D14/><U15/><E15/><V51/><F51/><W63/><G63/><T29/><D29/><U42/><E42/><V120/><F120/><W55/><G55/><T85/><D85/><U94/><E94/><V30/><F30/><W95/><G95/><T124/><D124/><N who="1" m="47691" /><E81/><V99/><F19/><W21/><G21/><T6/><D6/><U58/><E58/><AGARI ba="0,1" hai="3,5,9,48,52,58,78,80,86,92,97,100,101,103" machi="58" ten="30,5800,0" yaku="1,1,7,1,54,1,53,0" doraHai="114" doraHaiUra="68" who="0" fromWho="1" sc="240,68,250,-58,250,0,250,0" /><INIT seed="0,1,0,5,4,109" ten="308,192,250,250" oya="0" hai0="60,69,33,95,106,57,21,82,123,45,3,26,52" hai1="46,121,36,40,16,38,58,10,35,124,37,84,41" hai2="81,79,6,130,128,48,61,115,133,110,83,8,51" hai3="74,63,4,132,78,5,64,97,92,100,85,39,54"/><T73/><D123/><U120/><E35/><V67/><F110/><W2/><G132/><T19/><D106/><U129/><E84/><V86/><F83/><W117/><G117/><T0/><D33/><U125/><E10/><V42/><F133/><W94/><G39/><N who="1" m="14922" /><E16/><V107/><F107/><W59/><G2/><T131/><D131/><N who="2" m="50218" /><F42/><N who="1" m="16489" /><E129/><V75/><F75/><W108/><G108/><T66/><D45/><U134/><E134/><V91/><F115/><W102/><G74/><T7/><D7/><U13/><N who="1" m="14930" /><U96/><DORA hai="34" /><E96/><V17/><F17/><W30/><G30/><T105/><D105/><U15/><E46/><V70/><F91/><W88/><G78/><T31/><D19/><U122/><E58/><V135/><F135/><W28/><G28/><T49/><REACH who="0" step="1"/><D95/><REACH who="0" ten="298,192,250,250" step="2"/><U20/><E20/><V47/><F47/><W56/><REACH who="3" step="1"/><G102/><REACH who="3" ten="298,192,250,240" step="2"/><T65/><D65/><U11/><E11/><V116/><F116/><W14/><G14/><AGARI ba="1,2" hai="13,14,15,120,121,122,124,125" m="16489,14930" machi="14" ten="50,3200,0" yaku="28,2" doraHai="109,34" who="1" fromWho="3" sc="298,0,192,55,250,0,240,-35" /><AGARI ba="1,0" hai="6,8,14,48,51,61,67,70,79,81,86" m="50218" machi="14" ten="30,1000,0" yaku="19,1" doraHai="109,34" who="2" fromWho="3" sc="298,0,247,0,250,10,205,-10" /><INIT seed="1,0,0,2,1,94" ten="298,247,260,195" oya="1" hai0="92,42,52,66,54,78,19,114,68,70,67,126,79" hai1="30,39,87,74,22,106,123,80,127,33,101,121,37" hai2="35,25,3,115,96,109,20,102,15,13,34,108,5" hai3="38,0,75,119,118,107,1,44,72,9,105,98,129"/><U49/><E22/><V2/><F102/><N who="3" m="62679" /><G107/><T11/><D126/><U76/><E49/><V65/><F65/><W86/><G86/><T55/><D114/><U135/><E87/><V60/><F60/><W31/><G31/><T23/><D42/><U36/><E127/><V88/><F115/><W124/><G124/><T103/><D11/><U81/><E81/><V57/><F57/><W63/><G63/><T41/><D41/><U46/><E46/><V6/><F88/><W53/><G53/><T18/><D68/><U117/><E117/><N who="3" m="44554" /><G129/><T91/><D103/><U122/><E135/><V95/><F95/><W62/><G62/><T73/><D73/><N who="3" m="28233" /><G9/><T84/><D70/><U85/><E85/><V128/><F96/><W51/><G51/><T125/><D125/><U132/><E132/><V100/><F100/><W99/><G99/><T134/><D134/><U32/><E30/><V45/><F45/><W47/><G47/><T59/><D59/><U17/><E17/><N who="0" m="6153" /><D23/><U120/><N who="1" m="30720" /><DORA hai="90" /><U133/><E133/><V112/><F20/><W40/><AGARI ba="0,0" hai="0,1,38,40,44" m="28233,44554,62679" machi="40" ten="40,5200,0" yaku="12,1,23,1,52,1" doraHai="94,90" who="3" fromWho="3" sc="298,-13,247,-26,260,-13,195,52" /><INIT seed="2,0,0,4,0,27" ten="285,221,247,247" oya="2" hai0="54,37,43,63,105,83,41,118,47,100,57,123,5" hai1="91,79,81,21,110,132,16,31,93,72,64,1,124" hai2="78,49,23,122,103,2,127,30,19,42,107,6,120" hai3="131,97,116,50,55,77,33,101,66,70,106,40,84"/><V25/><F127/><W56/><G116/><T134/><D123/><U73/><E124/><V10/><F78/><W104/><G104/><T46/><D118/><U135/><E1/><V3/><F3/><W119/><G119/><T11/><D134/><N who="1" m="51243" /><E64/><V34/><F42/><W32/><G131/><T69/><D69/><U52/><E110/><V80/><F80/><W45/><G77/><T128/><D128/><U14/><E52/><V38/><F38/><N who="3" m="21655" /><G84/><T48/><D83/><U129/><E129/><V88/><F88/><W28/><G28/><T8/><D5/><U99/><E31/><V4/><F4/><W65/><G65/><T113/><D113/><U108/><E108/><V114/><F49/><W71/><G71/><T22/><D22/><U96/><E96/><N who="2" m="61927" /><F114/><W29/><G29/><T102/><D105/><U24/><E14/><AGARI ba="0,0" hai="2,6,10,14,19,23,25,30,34,120,122" m="61927" machi="14" ten="30,2900,0" yaku="24,1,52,1" doraHai="27" who="2" fromWho="1" sc="285,0,221,-29,247,29,247,0" /><INIT seed="2,1,0,3,3,78" ten="285,192,276,247" oya="2" hai0="111,8,62,51,127,101,2,11,103,39,35,55,121" hai1="46,42,68,131,27,114,45,53,23,32,31,16,110" hai2="54,112,98,75,52,117,126,82,49,104,94,14,76" hai3="50,18,97,59,24,58,116,20,87,22,77,79,56"/><V123/><F112/><W85/><G116/><T69/><D121/><U10/><E114/><V19/><F117/><W135/><G135/><T72/><D72/><U9/><E110/><V102/><F123/><W134/><G134/><T115/><D35/><U71/><E131/><V37/><F37/><W65/><G65/><T41/><D111/><U67/><E53/><V122/><F122/><W100/><G50/><T89/><D127/><U6/><E67/><V44/><F126/><W3/><G3/><T133/><D133/><U96/><E96/><V107/><REACH who="2" step="1"/><F54/><REACH who="2" ten="285,192,266,247" step="2"/><W84/><REACH who="3" step="1"/><G20/><AGARI ba="1,1" hai="14,19,20,44,49,52,75,76,82,94,98,102,104,107" machi="20" ten="30,12000,1" yaku="1,1,2,1,7,1,52,1,54,1,53,0" doraHai="78" doraHaiUra="30" who="2" fromWho="3" sc="285,0,192,0,266,133,247,-123" /><INIT seed="2,2,0,1,0,68" ten="285,192,399,124" oya="2" hai0="91,79,41,29,118,134,34,52,17,13,104,25,51" hai1="33,87,102,71,24,19,49,28,115,22,12,116,103" hai2="26,130,131,8,56,64,125,106,133,83,89,58,45" hai3="54,55,126,127,77,14,6,94,47,82,85,121,119"/><V30/><F106/><W99/><G121/><T21/><D134/><U86/><E116/><V92/><F83/><W50/><G119/><T46/><D118/><U61/><E115/><V67/><F8/><W65/><G65/><N who="2" m="25161" /><F45/><W62/><G62/><T84/><D104/><U95/><E71/><V39/><F39/><W48/><G6/><T9/><D79/><U31/><E61/><V80/><F80/><W4/><G4/><T40/><REACH who="0" step="1"/><D34/><REACH who="0" ten="275,192,399,124" step="2"/><U129/><E129/><N who="2" m="49163" /><F133/><W120/><G120/><T27/><D27/><U124/><E124/><V97/><F125/><W72/><G72/><T108/><D108/><U107/><E107/><V18/><F18/><W132/><G132/><T63/><D63/><U113/><E113/><V69/><F69/><W135/><G135/><T74/><D74/><U109/><E109/><V112/><F112/><W111/><G111/><T123/><D123/><U11/><E31/><V110/><F110/><W37/><G127/><T122/><D122/><U43/><E33/><AGARI ba="2,1" hai="26,30,33,56,58,89,92,97" m="49163,25161" machi="33" ten="30,1500,0" yaku="19,1" doraHai="68" who="2" fromWho="1" sc="275,0,192,-21,399,31,124,0" /><INIT seed="2,3,0,3,2,62" ten="275,171,430,124" oya="2" hai0="19,1,135,17,112,127,130,64,5,133,72,134,123" hai1="67,49,37,79,41,131,91,15,40,24,95,6,0" hai2="101,26,42,89,63,9,45,12,56,98,38,132,80" hai3="31,109,82,96,124,66,54,119,51,78,8,120,128"/><V129/><F132/><W60/><G119/><T88/><D112/><U36/><E0/><V71/><F129/><W43/><G120/><T76/><D123/><U99/><E131/><V30/><F80/><W18/><G128/><T29/><D29/><U61/><E79/><V102/><F89/><W115/><G115/><T83/><D127/><U48/><E36/><V111/><F71/><W94/><G124/><T14/><D1/><U74/><E74/><V55/><F98/><W104/><G104/><T121/><D121/><U113/><E113/><V103/><F111/><W4/><G31/><T46/><D46/><U108/><E108/><V84/><F84/><W47/><G18/><T68/><D130/><U126/><E126/><V57/><F56/><W106/><G106/><T52/><D5/><U122/><E24/><V114/><F114/><W10/><G54/><T86/><D52/><U85/><E37/><V32/><F101/><W28/><G28/><T125/><D125/><U58/><E122/><V81/><F81/><W110/><G110/><T16/><D68/><U25/><E25/><V107/><F107/><W70/><G4/><AGARI ba="3,0" hai="4,9,12,26,30,32,38,42,45,55,57,63,102,103" machi="4" ten="30,1500,0" yaku="7,1" doraHai="62" who="2" fromWho="3" sc="275,0,171,0,430,24,124,-24" /><INIT seed="2,4,0,2,5,81" ten="275,171,454,100" oya="2" hai0="22,125,122,119,25,92,117,4,20,121,13,130,134" hai1="70,26,15,115,106,40,19,50,32,78,75,65,7" hai2="110,42,126,86,47,73,27,96,83,68,5,93,114" hai3="97,98,104,3,9,8,64,43,44,76,39,103,2"/><V29/><F114/><W53/><G53/><T34/><D92/><U63/><E115/><V131/><F126/><W88/><G64/><T11/><D125/><U90/><E75/><V30/><F68/><W23/><G76/><T35/><D130/><U120/><E78/><V16/><F73/><W67/><G67/><T31/><D134/><U74/><E74/><V54/><F5/><W12/><G23/><T89/><D89/><U18/><E120/><N who="0" m="46185" /><D22/><U41/><E7/><V45/><F42/><W58/><G58/><T128/><D128/><U77/><E77/><N who="2" m="46447" /><F54/><W124/><G124/><T1/><D1/><U33/><E33/><AGARI ba="4,0" hai="4,11,13,20,25,31,33,34,35,117,119" m="46185" machi="33" ten="30,2000,0" yaku="34,2" doraHai="81" who="0" fromWho="1" sc="275,32,171,-32,454,0,100,0" /><INIT seed="3,0,0,4,5,111" ten="307,139,454,100" oya="3" hai0="123,126,100,45,74,83,96,22,93,12,127,4,30" hai1="39,18,1,2,108,129,42,44,135,11,57,5,56" hai2="120,64,86,130,116,110,28,31,49,90,128,103,107" hai3="105,7,62,27,134,8,114,35,13,37,65,6,98"/><W34/><G37/><T87/><D123/><U113/><E113/><V29/><F64/><W52/><G134/><T19/><D74/><U20/><E1/><V38/><F38/><W54/><G114/><T117/><D117/><U109/><E135/><V84/><F120/><W89/><G6/><T47/><D30/><U25/><E129/><V77/><F110/><AGARI ba="0,0" hai="2,5,11,18,20,25,39,42,44,56,57,108,109,110" machi="110" ten="40,1300,0" yaku="14,1" doraHai="111" who="1" fromWho="2" sc="307,0,139,13,454,-13,100,0" owari="307,10.7,152,-24.8,441,54.1,100,-40.0" /></mjloggm>