<mjloggm ver="2.3"><GO type="225" lobby="0"/><UN n0="%E7%8D%A3%E8%87%AD%E3%81%84%E8%82%89%E7%90%83" n1="%E4%BF%BA%E3%81%A8%E5%A6%96%E5%A4%A2" n2="%E3%82%AF%E3%82%A3%E3%82%A6" n3="%E3%81%BF%E3%81%BF%E3%81%9A" dan="16,16,16,18" rate="2126.81,2133.38,2063.10,2244.54" sx="M,F,M,M"/><TAIKYOKU oya="0"/><INIT seed="0,0,0,1,5,10" ten="250,250,250,250" oya="0" hai0="92,128,23,74,11,47,26,17,103,104,133,16,36" hai1="45,108,13,129,109,31,18,96,71,73,100,95,8" hai2="27,24,124,29,66,12,67,20,54,72,116,82,46" hai3="30,5,87,25,89,3,43,94,53,111,122,127,81"/><T7/><D133/><U134/><E71/><V79/><F116/><W135/><G135/><T61/><D128/><U39/><E134/><V40/><F124/><W65/><G127/><T112/><D112/><U58/><E129/><V107/><F107/><W86/><G65/><T114/><D114/><U52/><E73/><V125/><F125/><W60/><G43/><T57/><D74/><U41/><REACH who="1" step="1"/><E31/><REACH who="1" ten="250,240,250,250" step="2"/><V120/><F120/><W48/><G30/><T15/><D104/><U110/><E110/><V51/><F27/><W105/><G111/><T75/><D75/><U101/><E101/><V123/><F123/><W80/><G25/><T1/><D103/><U62/><AGARI ba="0,1" hai="8,13,18,39,41,45,52,58,62,95,96,100,108,109" machi="62" ten="30,8000,1" yaku="1,1,0,1,52,1,54,1,53,1" doraHai="10" doraHaiUra="9" who="1" fromWho="1" sc="250,-40,240,90,250,-20,250,-20" /><INIT seed="1,0,0,3,4,14" ten="210,330,230,230" oya="1" hai0="72,109,95,58,90,35,113,103,63,134,27,124,53" hai1="60,78,49,39,26,66,34,89,4,125,114,122,64" hai2="16,1,75,128,37,9,20,92,56,70,47,105,100" hai3="133,94,44,23,57,135,46,28,108,121,87,40,101"/><U106/><E114/><V102/><F70/><W2/><G121/><T73/><D113/><U68/><E122/><V3/><F105/><W13/><G2/><T91/><D109/><U82/><E39/><V129/><F75/><W17/><G108/><T119/><D119/><U97/><E125/><V79/><F79/><W10/><G57/><T104/><D124/><U11/><E64/><V59/><F37/><W130/><G130/><N who="2" m="50281" /><F47/><W115/><G115/><T30/><D134/><N who="3" m="51209" /><G40/><T38/><D38/><U12/><E49/><V31/><F31/><W45/><G87/><T98/><REACH who="0" step="1"/><D91/><REACH who="0" ten="200,330,230,230" step="2"/><U83/><E89/><V32/><F32/><W61/><G101/><T21/><D21/><U5/><E78/><V19/><F102/><W6/><G94/><T80/><D80/><U112/><E112/><V52/><F100/><W111/><G111/><T88/><D88/><U36/><E36/><V8/><F92/><W118/><G118/><T107/><D107/><U117/><E117/><V85/><F85/><AGARI ba="0,1" hai="27,30,35,53,58,63,72,73,85,90,95,98,103,104" machi="85" ten="30,2000,0" yaku="1,1,7,1,53,0" doraHai="14" doraHaiUra="126" who="0" fromWho="2" sc="200,30,330,0,230,-20,230,0" /><BYE who="2" /><INIT seed="2,0,0,5,5,86" ten="230,330,210,230" oya="2" hai0="135,22,31,66,52,53,130,112,94,43,54,110,60" hai1="47,56,93,15,57,28,95,99,127,102,115,67,61" hai2="119,38,20,36,44,64,30,116,123,19,114,120,129" hai3="131,111,8,80,98,105,12,73,27,103,124,26,42"/><V24/><F24/><W100/><G111/><T14/><D112/><U41/><E115/><V33/><F33/><W117/><G117/><T50/><D110/><U128/><E128/><V65/><F65/><W132/><G131/><UN n2="%E3%82%AF%E3%82%A3%E3%82%A6" /><T91/><D130/><U68/><E127/><V63/><F30/><W97/><G124/><T134/><D43/><U74/><E74/><V58/><F129/><W6/><G132/><N who="0" m="50731" /><D50/><U21/><E93/><V92/><F114/><W0/><G42/><T17/><D31/><U109/><E109/><V75/><F75/><W3/><G27/><T49/><D49/><U126/><E126/><V10/><F10/><W84/><G26/><T40/><D40/><U133/><E133/><V11/><F11/><W82/><G73/><T5/><D5/><U104/><E28/><V125/><F125/><W34/><G34/><T7/><D7/><U32/><E32/><V85/><F85/><W122/><G122/><N who="2" m="46633" /><F92/><W39/><G39/><N who="2" m="14889" /><F19/><W76/><REACH who="3" step="1"/><G80/><REACH who="3" ten="230,330,210,220" step="2"/><T69/><D54/><U62/><E41/><V101/><F119/><W71/><G71/><T108/><D108/><U9/><E68/><V113/><F116/><W29/><G29/><T121/><D121/><U37/><E37/><V81/><F113/><W90/><G90/><T106/><D106/><AGARI ba="0,1" hai="0,3,6,8,12,76,82,84,97,98,100,103,105,106" machi="106" ten="30,7700,0" yaku="1,1,7,1,9,1,53,1" doraHai="86" doraHaiUra="2" who="3" fromWho="0" sc="230,-77,330,0,210,0,220,87" /><INIT seed="3,0,0,2,3,94" ten="153,330,210,307" oya="3" hai0="70,67,37,98,85,19,49,21,15,8,90,34,35" hai1="134,91,51,32,130,3,55,29,84,2,11,120,112" hai2="123,80,41,0,131,5,59,46,111,119,113,17,75" hai3="27,56,89,31,106,114,108,40,62,33,58,121,99"/><W100/><G114/><T110/><D37/><U129/><E112/><V47/><F113/><W133/><G121/><T53/><D110/><U14/><E120/><V127/><F119/><W26/><G108/><T103/><D67/><U61/><E61/><V71/><F111/><W101/><G133/><T7/><D70/><U50/><E29/><V57/><F71/><W25/><G40/><T102/><D102/><U1/><E32/><V28/><F123/><W81/><G56/><T126/><D126/><U74/><E74/><V118/><F118/><W63/><G63/><T16/><D19/><N who="1" m="8671" /><E55/><V20/><F127/><W44/><G44/><T64/><D64/><U116/><E116/><V4/><F131/><N who="1" m="50185" /><E134/><V105/><F105/><W73/><G101/><T43/><D43/><U54/><E54/><V36/><F47/><W76/><G89/><T66/><D66/><AGARI ba="0,0" hai="25,26,27,31,33,58,62,66,73,76,81,99,100,106" machi="66" ten="30,2900,0" yaku="7,1,52,1" doraHai="94" who="3" fromWho="0" sc="153,-29,330,0,210,0,307,29" owari="124,-37.6,330,13.0,210,-19.0,336,43.6" /></mjloggm>