<mjloggm ver="2.3"><GO type="225" lobby="0"/><UN n0="%E5%B8%86%E7%AB%8B%E5%A4%8F%E8%A1%A3" n1="%E3%81%A4%E3%81%AE%E3%81%A0%E2%98%86%E3%81%B2%E3%82%8D" n2="%E9%80%86%E9%80%A3%E5%B8%AF%E3%81%AE%E9%AC%BC" n3="%E3%82%8F%E3%81%8B%E3%81%B0%2A%E3%82%AC%E3%83%BC%E3%83%AB" dan="17,16,16,16" rate="2214.21,2174.03,2076.28,2202.04" sx="M,M,M,M"/><TAIKYOKU oya="0"/><INIT seed="0,0,0,3,3,77" ten="250,250,250,250" oya="0" hai0="103,110,59,60,79,40,2,8,85,42,70,122,119" hai1="113,99,32,22,134,129,132,26,100,89,0,46,63" hai2="12,82,27,127,48,6,50,81,86,62,109,118,61" hai3="111,10,38,75,133,135,78,123,28,34,29,23,87"/><T71/><D119/><U19/><E129/><V115/><F118/><W112/><G112/><T97/><D122/><U88/><E0/><V14/><F115/><W95/><G111/><T58/><D71/><U44/><E32/><V9/><F127/><W121/><G34/><T41/><D70/><U17/><E63/><V52/><F109/><W93/><G38/><T24/><D110/><U7/><E7/><V66/><F27/><N who="3" m="16511" /><G29/><T57/><D24/><U35/><E35/><V101/><F101/><W108/><G75/><T94/><D8/><U90/><E17/><V65/><F9/><W53/><G108/><T47/><D2/><U130/><E130/><V45/><F6/><W76/><G53/><T54/><REACH who="0" step="1"/><D47/><REACH who="0" ten="240,250,250,250" step="2"/><U1/><E1/><V15/><F45/><W31/><G10/><T73/><D73/><U49/><E113/><V5/><F5/><W4/><G4/><T72/><D72/><U83/><E46/><V126/><F12/><W74/><G74/><T64/><D64/><U104/><REACH who="1" step="1"/><E83/><AGARI ba="0,1" hai="40,41,42,54,57,58,59,60,79,83,85,94,97,103" machi="83" ten="40,7700,0" yaku="1,1,8,1,52,1,53,0" doraHai="77" doraHaiUra="84" who="0" fromWho="1" sc="240,87,250,-77,250,0,250,0" /><INIT seed="0,1,0,1,5,102" ten="327,173,250,250" oya="0" hai0="63,117,17,88,109,106,16,82,127,61,124,70,34" hai1="0,49,119,79,58,13,38,56,98,108,50,96,121" hai2="125,93,10,59,105,73,84,104,52,71,32,78,54" hai3="131,23,76,99,81,20,26,21,118,11,64,18,129"/><T42/><D117/><U62/><E0/><V74/><F71/><W53/><G118/><T77/><D34/><U134/><E119/><V95/><F32/><W24/><G64/><T80/><D42/><U135/><E38/><V113/><F125/><N who="0" m="48202" /><D109/><U67/><E79/><V123/><F123/><W25/><G53/><T111/><D111/><U132/><E108/><V68/><F68/><W86/><G99/><T60/><D70/><U12/><E121/><V83/><F113/><W85/><G85/><N who="0" m="50215" /><D106/><U103/><E96/><V90/><F74/><AGARI ba="1,0" hai="16,17,60,61,63,74,77,82" m="50215,48202" machi="74" ten="30,5800,0" yaku="18,1,54,2" doraHai="102" who="0" fromWho="2" sc="327,61,173,0,250,-61,250,0" /><INIT seed="0,2,0,3,3,53" ten="388,173,189,250" oya="0" hai0="83,134,96,54,120,66,49,112,132,108,39,10,111" hai1="94,9,125,86,4,42,97,52,110,3,71,102,122" hai2="41,12,128,33,99,106,59,19,67,7,16,70,62" hai3="78,51,79,85,30,129,105,101,34,89,63,84,46"/><T135/><D10/><U115/><E122/><V56/><F128/><W82/><G129/><T55/><D120/><U131/><E131/><V37/><F33/><W76/><G105/><T91/><D112/><U104/><E115/><V45/><F7/><W43/><G101/><T61/><D39/><U117/><E117/><V26/><F26/><W36/><G36/><T44/><D83/><U29/><E71/><V77/><F77/><W107/><G107/><T21/><D21/><U8/><E110/><N who="0" m="42025" /><D91/><U60/><E42/><V17/><REACH who="2" step="1"/><F12/><REACH who="2" ten="388,173,179,250" step="2"/><W11/><G34/><T32/><D32/><U123/><E123/><V72/><F72/><W48/><G30/><T118/><D118/><U20/><E4/><V25/><F25/><W114/><G114/><T75/><D75/><U74/><E74/><V81/><F81/><W100/><G76/><T124/><D124/><U103/><E125/><V40/><F40/><W35/><G35/><T27/><D27/><N who="1" m="16615" /><E3/><V121/><F121/><W2/><G43/><N who="0" m="24735" /><D96/><U87/><E87/><V119/><F119/><W47/><G2/><T15/><D15/><U65/><E86/><V93/><F93/><W98/><G98/><T69/><AGARI ba="2,1" hai="54,55,61,66,69,132,134,135" m="24735,42025" machi="69" ten="40,12000,1" yaku="20,1,14,1,10,1,34,2" doraHai="53" who="0" fromWho="0" sc="388,136,173,-42,179,-42,250,-42" /><INIT seed="0,3,0,0,3,17" ten="524,131,137,208" oya="0" hai0="26,87,2,33,111,67,118,68,129,72,18,131,85" hai1="102,86,69,3,19,76,36,90,44,70,41,12,74" hai2="7,50,132,21,134,117,104,124,101,56,106,34,24" hai3="5,66,79,83,92,82,121,109,105,10,96,64,59"/><T89/><D2/><U98/><E3/><V51/><F117/><W45/><G105/><T133/><D72/><U29/><E29/><V80/><F34/><W57/><G109/><T52/><D118/><U39/><E39/><V93/><F124/><W42/><G121/><T88/><D68/><U94/><E76/><V91/><F7/><W128/><G128/><T130/><D67/><U107/><REACH who="1" step="1"/><E74/><REACH who="1" ten="524,121,137,208" step="2"/><V81/><F134/><W62/><G79/><T6/><D130/><U1/><E1/><V123/><F132/><W63/><G5/><T28/><D6/><U0/><E0/><V84/><F123/><W71/><G71/><T46/><D131/><U95/><E95/><V113/><F106/><W35/><G35/><T43/><D129/><U127/><E127/><V108/><F108/><W4/><G4/><T61/><D133/><U120/><E120/><V23/><F104/><W78/><G78/><T119/><D111/><U49/><E49/><V9/><F51/><N who="3" m="27063" /><G10/><AGARI ba="3,1" hai="10,12,19,36,41,44,69,70,86,90,94,98,102,107" machi="10" ten="30,2000,0" yaku="1,1,7,1,53,0" doraHai="17" doraHaiUra="115" who="1" fromWho="3" sc="524,0,121,39,137,0,208,-29" /><INIT seed="1,0,0,2,0,48" ten="524,160,137,179" oya="1" hai0="42,81,7,107,94,90,43,11,44,126,21,124,108" hai1="103,28,41,84,118,8,1,38,96,99,110,10,121" hai2="29,9,45,53,98,24,76,0,36,54,22,6,37" hai3="116,67,97,135,105,133,68,112,50,125,56,5,82"/><U113/><E113/><V91/><F76/><W51/><G112/><T87/><D107/><U17/><E118/><V101/><F91/><W65/><G116/><T130/><D108/><U31/><E121/><V102/><F102/><N who="3" m="62671" /><G68/><T119/><D130/><U78/><E38/><V61/><F61/><N who="3" m="38055" /><G125/><N who="0" m="48235" /><D119/><U93/><E41/><V72/><F72/><W20/><G67/><T74/><D21/><U64/><E64/><V69/><F69/><W33/><G33/><T114/><D44/><U80/><E110/><V26/><F26/><W127/><G127/><T19/><D19/><U32/><E32/><V88/><F88/><W52/><G82/><T79/><D114/><U23/><E96/><V30/><F30/><N who="1" m="11305" /><E1/><AGARI ba="0,0" hai="1,7,11,42,43,74,79,81,87,90,94" m="48235" machi="1" ten="30,1000,0" yaku="18,1" doraHai="48" who="0" fromWho="1" sc="524,10,160,-10,137,0,179,0" /><INIT seed="2,0,0,4,0,0" ten="534,150,137,179" oya="2" hai0="119,33,93,9,95,117,84,45,55,125,1,57,82" hai1="15,106,120,96,70,29,83,71,115,47,75,86,22" hai2="122,99,62,69,131,53,4,73,107,104,14,126,91" hai3="121,13,78,132,3,111,8,28,35,41,60,11,130"/><V18/><F122/><W109/><G121/><T97/><D125/><U88/><E120/><V77/><F131/><W123/><G123/><T65/><D33/><U21/><E115/><V38/><F126/><W23/><G130/><T135/><D135/><U108/><E108/><N who="3" m="41546" /><G132/><T87/><D65/><U68/><E75/><V102/><F38/><W19/><G78/><T49/><D57/><U54/><E29/><V114/><F114/><W74/><G74/><T58/><D58/><U40/><E54/><V90/><F107/><W46/><G60/><T32/><D32/><U20/><E106/><V12/><F12/><W59/><G59/><T51/><D51/><U39/><REACH who="1" step="1"/><E96/><REACH who="1" ten="534,140,137,179" step="2"/><V10/><F53/><W44/><G41/><T31/><D97/><U43/><E43/><V124/><F124/><W63/><G63/><T17/><D55/><U30/><E30/><V113/><F113/><W7/><G35/><T118/><D31/><U85/><E85/><V80/><REACH who="2" step="1"/><F18/><AGARI ba="0,1" hai="15,18,20,21,22,39,40,47,68,70,71,83,86,88" machi="18" ten="40,5200,0" yaku="1,1,54,1,53,1" doraHai="0" doraHaiUra="42" who="1" fromWho="2" sc="534,0,140,62,137,-52,179,0" /><INIT seed="3,0,0,3,5,59" ten="534,202,85,179" oya="3" hai0="0,21,126,124,93,49,28,54,96,16,134,26,4" hai1="61,132,105,1,108,32,55,31,98,74,14,39,50" hai2="58,11,115,90,80,7,8,17,3,67,78,120,72" hai3="131,101,20,66,92,109,119,33,107,10,44,5,89"/><W121/><G121/><T60/><D134/><U133/><E1/><V73/><F120/><W125/><G119/><T37/><D37/><U100/><E39/><V68/><F115/><W2/><G101/><T91/><D4/><U118/><E74/><V86/><F68/><W128/><G33/><T76/><D0/><U116/><E108/><V85/><F11/><W36/><G109/><T122/><D122/><U6/><E61/><V95/><REACH who="2" step="1"/><F17/><REACH who="2" ten="534,202,75,179" step="2"/><W110/><G110/><T25/><D76/><U97/><E116/><V19/><F19/><W69/><G69/><T111/><D111/><U46/><E118/><V48/><F48/><W52/><G36/><T63/><D126/><U117/><E117/><V82/><F82/><W106/><G125/><T30/><D124/><U129/><E50/><V103/><F103/><W51/><G20/><N who="0" m="13447" /><D30/><U65/><E31/><V24/><F24/><W56/><G128/><T99/><D99/><U135/><E98/><V27/><F27/><W112/><G131/><T35/><D35/><U62/><E32/><V102/><F102/><W15/><G112/><T45/><AGARI ba="0,1" hai="21,26,28,45,49,54,60,63,91,93,96" m="13447" machi="45" ten="30,7900,0" yaku="8,1,52,2,54,1" doraHai="59" who="0" fromWho="0" sc="534,89,202,-20,75,-20,179,-39" owari="623,72.3,182,-1.8,55,-44.5,140,-26.0" /></mjloggm>