<mjloggm ver="2.3"><GO type="225" lobby="0"/><UN n0="%E3%83%96%E3%83%83%E3%83%91%E3%82%AA%E3%83%96%E3%83%81%E3%82%AD%E3%83%B3" n1="%E5%B0%8F%E9%B3%A5%E9%81%8A%E7%B7%B4%E7%84%A1%32%31%E6%AD%B3" n2="%E6%A1%9C%E8%8A%B1%E9%96%83%E3%80%85" n3="%E3%83%B4%E3%83%A0%EF%BC%99%E3%81%A6" dan="16,17,17,17" rate="2195.54,2173.87,2250.01,2133.98" sx="M,F,M,M"/><TAIKYOKU oya="0"/><INIT seed="0,0,0,1,3,110" ten="250,250,250,250" oya="0" hai0="62,77,31,19,82,28,114,12,74,34,78,27,4" hai1="135,108,37,2,83,101,105,90,22,18,5,120,66" hai2="21,84,133,132,59,131,58,65,45,52,63,123,99" hai3="79,33,85,118,75,42,39,102,119,71,61,107,11"/><T51/><D78/><U15/><E108/><V106/><F84/><W54/><G85/><T29/><D4/><U73/><E37/><V7/><F7/><W95/><G95/><T64/><D51/><U68/><E135/><N who="2" m="51787" /><F123/><W69/><G54/><T9/><REACH who="0" step="1"/><D114/><REACH who="0" ten="240,250,250,250" step="2"/><U109/><E5/><V57/><F131/><W91/><G79/><T14/><D14/><U92/><E15/><V80/><F45/><W98/><G39/><T25/><D25/><U93/><E109/><V38/><F38/><W36/><G36/><T124/><D124/><U23/><E2/><V94/><F63/><W13/><G61/><T53/><D53/><U60/><E60/><V121/><F52/><W0/><G13/><T8/><D8/><U48/><E48/><V10/><F10/><W3/><G11/><T104/><D104/><U126/><E105/><V20/><F106/><W16/><G0/><T129/><D129/><U115/><E126/><V67/><F121/><W125/><G3/><T113/><D113/><U6/><E115/><V17/><F67/><W117/><G125/><T44/><D44/><U49/><E66/><V87/><F65/><W86/><G107/><T122/><D122/><U103/><E49/><V81/><F58/><AGARI ba="0,1" hai="9,12,19,27,28,29,31,34,58,62,64,74,77,82" machi="58" ten="30,2900,0" yaku="1,1,7,1,53,0" doraHai="110" doraHaiUra="127" who="0" fromWho="2" sc="240,39,250,0,250,-29,250,0" /><INIT seed="0,1,0,0,1,8" ten="279,250,221,250" oya="0" hai0="66,41,42,16,81,85,123,52,19,124,40,117,50" hai1="13,103,25,87,126,112,90,110,36,71,125,63,32" hai2="122,23,91,10,37,108,105,17,30,65,3,72,84" hai3="120,43,95,79,2,127,51,98,58,14,47,135,118"/><T46/><D117/><U6/><E36/><V39/><F122/><W38/><G118/><T92/><D123/><U60/><E110/><V24/><F72/><W62/><G120/><T114/><D114/><U5/><E103/><V34/><F105/><W106/><G2/><T69/><D124/><N who="1" m="47723" /><E112/><V26/><F65/><W96/><G127/><T132/><D132/><U53/><E53/><V70/><F70/><W74/><G135/><T116/><D116/><U82/><E71/><V1/><F108/><W113/><G113/><T20/><D69/><U86/><E86/><V76/><F76/><W73/><G38/><T102/><D66/><U55/><E55/><V59/><F59/><W54/><G79/><N who="0" m="46271" /><D20/><U75/><E75/><V18/><F1/><W44/><G106/><T67/><D67/><U130/><E130/><V111/><F111/><W29/><G73/><T4/><D4/><U115/><E5/><V97/><F3/><W99/><G47/><T22/><D22/><U94/><E115/><V49/><F37/><W83/><G74/><T134/><D134/><U45/><E45/><V15/><F39/><W33/><G83/><T27/><D27/><U31/><E82/><V68/><F68/><W77/><G77/><T100/><D100/><U128/><E128/><V57/><F57/><W121/><G121/><T12/><D12/><U109/><E109/><V48/><REACH who="2" step="1"/><F97/><AGARI ba="1,0" hai="16,19,40,41,42,46,50,52,92,97,102" m="46271" machi="97" ten="30,5800,0" yaku="8,1,54,2" doraHai="8" who="0" fromWho="2" sc="279,61,250,0,221,-61,250,0" /><INIT seed="0,2,0,2,3,50" ten="340,250,160,250" oya="0" hai0="120,3,79,30,78,22,67,24,61,74,110,109,106" hai1="127,132,108,99,88,134,86,72,19,84,29,102,118" hai2="40,2,13,54,28,35,85,59,60,14,25,49,107" hai3="15,101,100,46,58,65,76,31,9,82,70,83,45"/><T119/><D119/><U44/><E118/><V62/><F2/><W93/><G70/><T6/><D120/><U130/><E72/><V48/><F107/><W5/><G31/><T68/><D106/><U17/><E108/><N who="0" m="41577" /><D74/><U64/><E64/><V135/><F135/><N who="1" m="51753" /><E29/><V116/><F116/><W57/><G57/><T128/><D128/><U23/><E130/><V56/><F85/><W80/><G76/><N who="0" m="29227" /><D3/><U89/><E127/><V129/><F129/><W94/><G101/><T33/><D6/><U7/><E7/><V4/><F4/><W11/><G11/><T16/><D30/><U8/><E8/><V114/><F114/><W77/><G77/><T38/><D38/><U117/><E117/><V47/><REACH who="2" step="1"/><F49/><REACH who="2" ten="340,250,150,250" step="2"/><W123/><G123/><T71/><D33/><U36/><E84/><V53/><AGARI ba="2,1" hai="13,14,25,28,35,40,47,48,53,54,56,59,60,62" machi="53" ten="20,12000,2" yaku="1,1,2,1,0,1,7,1,9,1,52,2,53,0" doraHai="50" doraHaiUra="104" who="2" fromWho="2" sc="340,-62,250,-32,150,136,250,-32" /><INIT seed="1,0,0,1,5,46" ten="278,218,286,218" oya="1" hai0="63,119,67,18,20,66,9,39,96,52,99,55,14" hai1="109,102,81,128,78,30,84,95,43,26,75,44,3" hai2="11,134,115,34,88,73,60,80,29,114,113,16,74" hai3="64,15,71,47,1,110,101,100,37,70,129,65,126"/><U21/><E128/><V36/><F134/><W76/><G1/><T79/><D119/><U135/><E135/><V50/><F36/><W58/><G129/><T97/><D39/><U90/><E3/><V87/><F60/><W62/><G76/><T17/><D79/><U7/><E7/><V53/><F29/><W12/><G110/><T25/><REACH who="0" step="1"/><D63/><REACH who="0" ten="268,218,286,218" step="2"/><U130/><E130/><V117/><F117/><W105/><G37/><T42/><D42/><U33/><E109/><V133/><F133/><W108/><G62/><T83/><D83/><U48/><REACH who="1" step="1"/><E102/><REACH who="1" ten="268,208,286,218" step="2"/><V22/><F114/><W116/><G100/><T98/><N who="0" m="24576" /><DORA hai="89" /><T61/><D61/><U112/><E112/><V86/><F115/><W6/><G101/><T54/><AGARI ba="0,2" hai="9,14,17,18,20,25,52,54,55,66,67" m="24576" machi="54" ten="50,12000,2" yaku="1,1,0,1,8,1,54,1,53,3" doraHai="46,89" doraHaiUra="103,51" who="0" fromWho="0" sc="268,140,208,-60,286,-30,218,-30" /><INIT seed="2,0,0,4,3,60" ten="408,148,256,188" oya="2" hai0="52,37,68,106,65,118,45,36,61,56,0,41,133" hai1="25,27,5,76,48,132,81,59,80,79,19,107,85" hai2="8,6,46,83,55,120,135,84,29,32,97,130,28" hai3="53,126,17,10,31,82,39,95,21,16,69,112,108"/><V9/><F120/><W93/><G39/><N who="0" m="21695" /><D106/><U58/><E107/><V129/><F97/><W78/><G69/><T35/><D35/><U49/><E132/><V42/><F55/><W113/><G108/><T13/><D0/><U116/><E5/><V40/><F135/><W90/><G126/><T89/><D133/><U33/><E33/><V38/><F40/><W87/><G53/><T71/><D13/><U131/><E131/><N who="2" m="50187" /><F32/><W63/><G63/><N who="0" m="39999" /><D89/><U54/><E116/><V122/><F122/><W105/><G105/><T43/><D118/><U12/><E12/><N who="2" m="5143" /><F9/><W104/><G104/><T66/><D43/><U26/><E19/><V18/><F18/><W86/><G10/><T88/><D88/><AGARI ba="0,0" hai="28,29,38,42,46,83,84,88" m="5143,50187" machi="88" ten="30,2900,0" yaku="19,1,54,1" doraHai="60" who="2" fromWho="0" sc="408,-29,148,0,256,29,188,0" /><INIT seed="2,1,0,1,3,117" ten="379,148,285,188" oya="2" hai0="59,58,49,80,79,21,3,112,1,43,26,64,28" hai1="33,111,52,86,70,92,55,98,57,23,124,72,38" hai2="11,4,10,65,119,121,125,15,19,71,90,133,83" hai3="93,129,40,0,104,42,123,46,35,116,84,30,134"/><V107/><F119/><W51/><G116/><T61/><D112/><U99/><E72/><V66/><F107/><W16/><G104/><T18/><D28/><U108/><E33/><V12/><F125/><W2/><G129/><T14/><D26/><U128/><E38/><V24/><F133/><W126/><G126/><T100/><D100/><U39/><E39/><V60/><F65/><W37/><G134/><T113/><D113/><U102/><E70/><V41/><F41/><W48/><G37/><T67/><D67/><U32/><E32/><V8/><F24/><W56/><G30/><T81/><D81/><U31/><E124/><V114/><F10/><W17/><G35/><T47/><D59/><U97/><E128/><V73/><F114/><W78/><G56/><T88/><D88/><N who="1" m="53271" /><E102/><V95/><F73/><AGARI ba="1,0" hai="1,3,14,18,21,43,47,49,58,61,64,73,79,80" machi="73" ten="30,1000,0" yaku="7,1" doraHai="117" who="0" fromWho="2" sc="379,13,148,0,285,-13,188,0" /><INIT seed="3,0,0,3,0,20" ten="392,148,272,188" oya="3" hai0="124,112,42,80,58,52,39,5,51,86,13,127,93" hai1="76,118,123,9,121,84,100,64,128,134,133,28,72" hai2="79,30,14,23,15,17,102,96,32,12,105,60,56" hai3="7,90,57,126,113,63,78,8,85,54,104,47,88"/><W91/><G113/><T114/><D93/><U131/><E9/><V55/><F79/><W21/><G126/><N who="0" m="48171" /><D39/><U135/><E64/><V25/><AGARI ba="0,0" hai="12,14,15,17,23,25,30,32,55,56,60,96,102,105" machi="25" ten="30,2000,0" yaku="0,1,52,1" doraHai="20" who="2" fromWho="2" sc="392,-5,148,-5,272,20,188,-10" owari="387,48.7,143,-35.7,292,9.2,178,-22.2" /></mjloggm>