<mjloggm ver="2.3"><GO type="225" lobby="0"/><UN n0="%E3%81%90%E3%81%A1%E3%82%84%E3%81%BE" n1="%77%72%77%72%77%72%77%72" n2="%E6%98%93%E5%88%A9%E8%96%A9%E4%BC%AF" n3="%E3%82%8A%E3%81%93%E3%82%8A%E3%82%93%E3%81%94" dan="16,17,17,17" rate="2144.60,2177.51,2163.73,2200.31" sx="M,M,F,M"/><TAIKYOKU oya="0"/><INIT seed="0,0,0,4,2,19" ten="250,250,250,250" oya="0" hai0="85,131,42,47,97,67,35,69,128,117,107,83,129" hai1="40,10,53,22,133,20,88,37,52,114,3,99,8" hai2="7,91,101,116,28,103,23,113,108,43,71,75,84" hai3="38,31,18,98,127,6,109,54,93,33,132,73,29"/><T122/><D117/><U79/><E3/><V9/><F113/><W64/><G73/><T74/><D122/><U32/><E32/><V45/><F108/><W61/><G38/><T57/><D35/><U39/><E114/><V59/><F71/><W49/><G109/><T105/><D69/><U90/><E79/><V123/><F75/><W124/><G132/><T112/><D112/><U65/><E65/><V4/><F59/><W13/><G6/><T100/><D74/><U51/><E40/><V63/><F63/><W44/><G33/><T0/><D0/><U14/><E133/><V17/><F28/><W21/><G127/><T86/><D105/><U60/><E60/><V95/><F123/><W110/><G124/><T102/><D100/><U27/><E27/><V87/><F87/><W82/><G82/><T70/><D70/><U72/><E72/><V5/><F9/><W120/><G110/><T134/><D134/><U12/><REACH who="1" step="1"/><E99/><REACH who="1" ten="250,240,250,250" step="2"/><V25/><REACH who="2" step="1"/><F116/><REACH who="2" ten="250,240,240,250" step="2"/><W94/><G120/><T34/><D131/><U106/><E106/><V115/><F115/><W89/><REACH who="3" step="1"/><G94/><REACH who="3" ten="250,240,240,240" step="2"/><T50/><D129/><U135/><E135/><V41/><F41/><W104/><G104/><T36/><D128/><U66/><E66/><V68/><F68/><AGARI ba="0,3" hai="13,18,21,29,31,44,49,54,61,64,68,89,93,98" machi="68" ten="30,7700,0" yaku="1,1,7,1,52,1,53,1" doraHai="19" doraHaiUra="62" who="3" fromWho="2" sc="250,0,240,0,240,-77,240,107" /><INIT seed="1,0,0,1,0,82" ten="250,240,163,347" oya="1" hai0="103,6,70,112,3,97,130,116,108,41,31,19,111" hai1="77,132,54,22,102,133,127,56,101,99,1,60,39" hai2="89,33,59,76,74,106,90,5,129,104,10,107,57" hai3="66,8,38,128,93,29,51,119,0,75,28,87,47"/><U95/><E1/><V61/><F33/><W100/><G75/><T26/><D112/><U25/><E39/><V86/><F129/><W134/><G38/><T88/><D70/><U85/><E127/><V50/><F74/><W81/><G128/><T126/><D116/><U37/><E37/><V53/><F76/><W131/><G134/><N who="1" m="51818" /><E102/><V46/><F89/><W122/><G122/><T63/><D130/><U135/><N who="1" m="51826" /><U43/><DORA hai="91" /><E43/><V13/><REACH who="2" step="1"/><F61/><REACH who="2" ten="250,240,153,347" step="2"/><W69/><G131/><T27/><D63/><U24/><E22/><V21/><F21/><W115/><G119/><T34/><D126/><U62/><E62/><V83/><AGARI ba="0,1" hai="5,10,13,46,50,53,57,59,83,86,90,104,106,107" machi="83" ten="30,4000,0" yaku="1,1,0,1,52,1,53,0" doraHai="82,91" doraHaiUra="36,14" who="2" fromWho="2" sc="250,-10,240,-20,153,50,347,-10" /><INIT seed="2,0,0,4,5,68" ten="240,220,203,337" oya="2" hai0="117,130,116,98,134,120,128,103,74,50,16,56,89" hai1="108,64,19,125,97,129,91,66,24,65,126,72,43" hai2="69,32,38,77,51,39,85,87,82,3,45,6,4" hai3="83,63,101,44,122,92,58,114,124,34,111,78,55"/><V14/><F3/><W88/><G122/><T54/><D120/><U110/><E72/><V75/><F32/><W28/><G111/><N who="1" m="42538" /><E43/><V22/><F69/><W79/><G124/><N who="1" m="47722" /><E129/><N who="0" m="49769" /><D134/><U47/><E47/><V2/><F2/><W70/><G114/><T96/><D74/><U7/><E7/><V118/><F118/><N who="0" m="45674" /><D89/><U123/><E123/><V104/><F104/><W109/><G88/><T73/><D73/><U115/><E115/><V105/><F105/><W17/><G109/><T53/><D103/><U41/><E41/><N who="2" m="25007" /><F75/><W61/><G101/><T25/><D54/><U62/><E91/><N who="2" m="51639" /><F22/><AGARI ba="0,0" hai="16,22,25,50,53,56,96,98" m="45674,49769" machi="22" ten="30,3900,0" yaku="19,1,12,1,54,1" doraHai="68" who="0" fromWho="2" sc="240,39,220,0,203,-39,337,0" /><INIT seed="3,0,0,5,3,75" ten="279,220,164,337" oya="3" hai0="105,7,91,36,135,97,19,116,69,4,83,25,96" hai1="32,110,42,13,55,16,89,29,39,1,102,84,127" hai2="17,9,65,73,2,100,72,20,46,108,95,90,0" hai3="128,74,28,117,22,47,123,58,113,94,43,92,93"/><W133/><G113/><T62/><D116/><U76/><E1/><V86/><F108/><W37/><G117/><T12/><D36/><U3/><E110/><V45/><F65/><W104/><G123/><T82/><D25/><U129/><E3/><V52/><F100/><W121/><G104/><T10/><D96/><U31/><E129/><V26/><F46/><W103/><G74/><T24/><D24/><U57/><E102/><V33/><F33/><W68/><G68/><T63/><D83/><N who="1" m="47207" /><E39/><V106/><F106/><W41/><G133/><T79/><D63/><U71/><E71/><V98/><F86/><W70/><G70/><T126/><D126/><U50/><E32/><V35/><F35/><W64/><G128/><T125/><D19/><U88/><E42/><V66/><F66/><W114/><G43/><T34/><D7/><U59/><E59/><V60/><F45/><W40/><G40/><T18/><D18/><U8/><E127/><V67/><F67/><W119/><G64/><T107/><D69/><U48/><E50/><V109/><F109/><W27/><G37/><T23/><D34/><U77/><E77/><V115/><F115/><W5/><G114/><T81/><D107/><U44/><E44/><V54/><F54/><W112/><G47/><T120/><D120/><U11/><E8/><V53/><F53/><W118/><G41/><T85/><D10/><U80/><E80/><V30/><F30/><AGARI ba="0,0" hai="11,13,16,29,30,31,48,55,57,88,89" m="47207" machi="30" ten="30,7700,0" yaku="8,1,52,1,54,2" doraHai="75" who="1" fromWho="2" sc="279,0,220,77,164,-77,337,0" owari="279,-12.1,297,9.7,87,-41.3,337,43.7" /></mjloggm>