<mjloggm ver="2.3"><GO type="225" lobby="0"/><UN n0="%E3%81%95%E3%81%8D%E3%81%9F%E3%81%BE%E6%9E%97%E6%AA%8E" n1="%E3%82%B2%E3%82%B9%E8%8C%82%E5%8B%9D" n2="%E9%A6%AC%E5%BC%95%E7%81%AB%33" n3="%E3%81%BF%E3%81%BF%E3%81%9A" dan="16,16,16,17" rate="2123.08,2101.49,2129.16,2248.01" sx="M,F,M,M"/><TAIKYOKU oya="0"/><INIT seed="0,0,0,5,4,35" ten="250,250,250,250" oya="0" hai0="77,114,52,95,99,87,36,118,25,51,131,55,41" hai1="90,12,80,109,0,15,103,27,73,47,81,58,65" hai2="123,101,91,66,78,14,75,125,39,104,46,19,92" hai3="16,59,28,31,30,134,32,43,119,117,48,3,100"/><T116/><D114/><U127/><E109/><V97/><F123/><W115/><G115/><T1/><D1/><U49/><E127/><V88/><F125/><W26/><G134/><T50/><D36/><U69/><E69/><V57/><F75/><W64/><G100/><T107/><D107/><U70/><E70/><V98/><F78/><W83/><G83/><T10/><D131/><U71/><E71/><V68/><F68/><W79/><G79/><T44/><D25/><U102/><E0/><V42/><F57/><W108/><G108/><T105/><D105/><U74/><E27/><V2/><F66/><W24/><G64/><T8/><D41/><U130/><E130/><V122/><F122/><W106/><G106/><T121/><D121/><U4/><E65/><V128/><F2/><W23/><G59/><T60/><D60/><U133/><E58/><V6/><F6/><W129/><G48/><T29/><D29/><N who="3" m="11369" /><G43/><T96/><D118/><N who="3" m="45065" /><G3/><T89/><D116/><U7/><E49/><V34/><F128/><AGARI ba="0,0" hai="16,23,24,26,31,32,128,129" m="45065,11369" machi="128" ten="30,3900,0" yaku="34,2,54,1" doraHai="35" who="3" fromWho="2" sc="250,0,250,0,250,-39,250,39" /><INIT seed="1,0,0,0,2,109" ten="250,250,211,289" oya="1" hai0="16,131,77,125,72,36,2,107,57,94,121,111,4" hai1="80,56,67,79,54,32,110,81,34,88,21,28,68" hai2="7,89,76,50,5,51,37,74,26,10,60,58,17" hai3="41,14,115,71,130,13,103,119,61,84,92,55,123"/><U97/><E110/><V52/><F37/><W40/><G123/><T99/><D111/><U43/><E43/><V11/><F74/><W124/><G115/><T69/><D69/><U27/><E67/><V105/><F105/><W6/><G124/><T112/><D112/><U42/><E68/><V39/><F39/><W82/><G130/><T78/><D107/><U65/><E42/><N who="3" m="16490" /><G71/><T128/><D36/><U104/><E65/><V30/><F76/><N who="3" m="46151" /><G6/><N who="2" m="2057" /><F89/><W134/><G134/><T48/><D4/><U45/><E45/><V25/><F30/><W38/><G38/><T86/><D2/><U122/><E122/><V44/><F17/><W129/><G129/><T108/><D72/><U75/><E104/><V93/><F93/><W95/><G119/><T83/><D94/><N who="3" m="35881" /><G103/><T12/><D108/><U135/><E135/><V20/><F20/><W33/><G33/><T73/><D73/><U49/><REACH who="1" step="1"/><E97/><REACH who="1" ten="250,240,211,289" step="2"/><V126/><F126/><W116/><G116/><T91/><D99/><U1/><E1/><V96/><F96/><W29/><G29/><T90/><D125/><U63/><E63/><V70/><F70/><W132/><G132/><T59/><D121/><U127/><E127/><V18/><F60/><W87/><G87/><AGARI ba="0,1" hai="21,27,28,32,34,49,54,56,75,79,80,81,87,88" machi="87" ten="40,7700,0" yaku="1,1,54,1,53,1" doraHai="109" doraHaiUra="22" who="1" fromWho="3" sc="250,0,240,87,211,0,289,-77" /><INIT seed="1,1,0,3,3,34" ten="250,327,211,212" oya="1" hai0="82,120,98,31,100,12,27,80,114,49,23,43,99" hai1="110,50,37,105,128,10,97,135,109,22,56,66,19" hai2="14,69,44,63,13,26,87,75,76,73,61,64,79" hai3="48,45,54,81,29,46,30,39,119,102,130,17,59"/><U6/><E37/><V131/><F131/><W118/><G130/><T113/><D120/><U21/><E128/><V71/><F26/><W8/><G102/><T72/><D72/><U124/><E124/><V85/><F44/><W25/><G81/><T15/><D114/><U104/><E135/><V125/><REACH who="2" step="1"/><F64/><REACH who="2" ten="250,327,201,212" step="2"/><W24/><G39/><T4/><D113/><U3/><E66/><V117/><F117/><N who="3" m="44555" /><G29/><T126/><D27/><N who="3" m="10313" /><G30/><T52/><D31/><U5/><E109/><V132/><F132/><W88/><G88/><T33/><D33/><U20/><E110/><V62/><F62/><W47/><G46/><T94/><D126/><AGARI ba="1,1" hai="13,14,61,63,69,71,73,75,76,79,85,87,125,126" machi="126" ten="25,3200,0" yaku="1,1,22,2,53,0" doraHai="34" doraHaiUra="122" who="2" fromWho="0" sc="250,-35,327,0,201,45,212,0" /><INIT seed="2,0,0,1,0,110" ten="215,327,246,212" oya="2" hai0="34,80,108,91,85,111,132,37,52,27,75,43,36" hai1="124,9,67,106,3,71,107,5,50,1,33,8,41" hai2="92,46,38,134,133,58,84,90,14,96,20,93,99" hai3="98,77,26,102,119,130,127,25,62,55,59,49,24"/><V95/><F58/><W12/><G119/><T48/><D132/><N who="2" m="50794" /><F20/><W131/><G127/><T16/><D75/><U45/><E124/><V97/><F14/><W51/><G77/><T4/><D4/><U31/><E67/><V17/><F17/><W35/><G35/><T63/><D63/><U94/><E71/><V47/><F47/><W113/><G113/><T83/><D83/><U122/><E122/><V125/><F125/><W105/><REACH who="3" step="1"/><G12/><REACH who="3" ten="215,327,246,202" step="2"/><T128/><D128/><AGARI ba="0,1" hai="24,25,26,49,51,55,59,62,98,102,105,128,130,131" machi="128" ten="40,12000,2" yaku="1,1,2,1,19,1,53,3" doraHai="110" doraHaiUra="126" who="3" fromWho="0" sc="215,-120,327,0,246,0,202,130" /><INIT seed="3,0,0,3,3,12" ten="95,327,246,332" oya="3" hai0="132,113,86,112,15,93,77,58,63,36,14,81,100" hai1="51,118,71,91,13,131,105,73,20,135,128,109,0" hai2="46,56,76,27,133,102,134,101,130,124,120,90,61" hai3="39,103,123,4,89,7,87,111,65,85,83,84,18"/><W44/><G123/><T33/><D33/><U9/><E109/><V126/><F46/><W38/><G111/><T22/><D132/><N who="2" m="50794" /><F76/><W68/><G103/><T59/><D36/><U106/><E135/><V6/><F6/><N who="3" m="2091" /><G68/><T82/><D113/><U129/><E118/><V127/><F120/><W41/><G39/><T95/><D112/><U47/><E71/><V34/><F90/><W104/><G104/><T69/><D69/><U45/><E0/><V97/><F34/><W23/><G38/><T54/><D100/><U94/><E20/><V32/><F32/><W3/><G3/><T92/><D82/><U96/><E73/><V50/><F50/><N who="3" m="26895" /><G65/><T66/><D66/><U1/><E1/><V110/><F110/><W98/><G98/><T74/><D74/><U49/><E51/><V114/><F114/><W70/><G70/><T25/><REACH who="0" step="1"/><D59/><REACH who="0" ten="85,327,246,332" step="2"/><U26/><E128/><V116/><F56/><W29/><G83/><T40/><D40/><U28/><E129/><V107/><F130/><W121/><G121/><T16/><AGARI ba="0,1" hai="14,15,16,22,25,54,58,63,77,81,86,92,93,95" machi="16" ten="30,8000,1" yaku="1,1,0,1,8,1,52,1,54,1,53,0" doraHai="12" doraHaiUra="35" who="0" fromWho="0" sc="85,90,327,-20,246,-20,332,-40" owari="175,-32.5,307,40.7,226,-17.4,292,9.2" /></mjloggm>