<mjloggm ver="2.3"><GO type="225" lobby="0"/><UN n0="%E3%82%A4%E3%83%BC%E3%82%B1%E3%83%97%E3%83%A9" n1="%E4%BF%BA%E3%81%A8%E5%A6%96%E5%A4%A2" n2="%E6%A1%9C%E8%8A%B1%E9%96%83%E3%80%85" n3="%E6%9C%88%E5%B3%B6%E5%9F%BA" dan="16,16,16,17" rate="2090.10,2161.41,2213.24,2204.08" sx="M,F,M,M"/><TAIKYOKU oya="0"/><INIT seed="0,0,0,1,0,70" ten="250,250,250,250" oya="0" hai0="87,131,43,17,11,21,9,53,42,126,74,41,116" hai1="34,5,18,120,97,56,98,46,44,52,33,85,112" hai2="75,32,110,28,117,0,14,48,59,8,115,60,61" hai3="13,4,134,15,82,38,83,96,67,122,119,81,73"/><T103/><D116/><U128/><E120/><V105/><F115/><W86/><G119/><T95/><D74/><U29/><E112/><V58/><F117/><W63/><G122/><T54/><D131/><U104/><E128/><V78/><F105/><W100/><G134/><T123/><D123/><U121/><E121/><V101/><F101/><W20/><G73/><T12/><D126/><U92/><E5/><V10/><F48/><W127/><G127/><T108/><D108/><U51/><E18/><V22/><F32/><W37/><G86/><T89/><REACH who="0" step="1"/><D103/><REACH who="0" ten="240,250,250,250" step="2"/><U99/><E104/><V31/><F75/><W35/><G100/><T64/><D64/><U27/><REACH who="1" step="1"/><E34/><REACH who="1" ten="240,240,250,250" step="2"/><V1/><F110/><W49/><G35/><T19/><D19/><U132/><E132/><V129/><F129/><W107/><G107/><T40/><N who="0" m="10240" /><DORA hai="102" /><T125/><D125/><U71/><E71/><V39/><F31/><W113/><G113/><T2/><D2/><U55/><E55/><AGARI ba="0,2" hai="9,11,12,17,21,53,54,55,87,89,95" m="10240" machi="55" ten="50,18000,2" yaku="1,1,8,1,53,5" doraHai="70,102" doraHaiUra="36,91" who="0" fromWho="1" sc="240,200,240,-180,250,0,250,0" /><INIT seed="0,1,0,3,3,19" ten="440,60,250,250" oya="0" hai0="13,113,112,44,11,110,122,128,12,27,55,130,8" hai1="52,58,48,118,33,64,135,94,105,14,108,38,67" hai2="2,18,116,82,71,109,125,90,126,98,39,86,70" hai3="4,102,96,45,50,81,124,104,49,59,0,54,68"/><T22/><D55/><U93/><E118/><V129/><F116/><W40/><G68/><T77/><D44/><U42/><E105/><V89/><F109/><W66/><G124/><N who="2" m="47721" /><F129/><N who="0" m="49770" /><D77/><U132/><E33/><V65/><F2/><W15/><G0/><T100/><D100/><U119/><E119/><V51/><F39/><W23/><G66/><N who="1" m="25130" /><E14/><N who="0" m="5737" /><D122/><U84/><E108/><V26/><F51/><W91/><G81/><T76/><D76/><U5/><E5/><V35/><F35/><W53/><G4/><T103/><D103/><U57/><E84/><V34/><F34/><W80/><G80/><T63/><D63/><U83/><E83/><V32/><F32/><W41/><G91/><T36/><D36/><U123/><E123/><V88/><F98/><W92/><G104/><T21/><D110/><U120/><E120/><V114/><F65/><W127/><G127/><T46/><D46/><N who="1" m="23895" /><E58/><V16/><F71/><W78/><G78/><T95/><D95/><U134/><AGARI ba="1,0" hai="48,52,57,93,94,132,134,135" m="23895,25130" machi="134" ten="40,2700,0" yaku="20,1,54,1" doraHai="19" who="1" fromWho="1" sc="440,-14,60,30,250,-8,250,-8" /><INIT seed="1,0,0,3,3,63" ten="426,90,242,242" oya="1" hai0="120,48,87,66,52,45,111,42,25,103,12,132,90" hai1="73,95,37,123,130,28,70,131,40,35,126,51,115" hai2="36,20,8,6,31,125,92,39,22,16,43,135,50" hai3="79,0,133,85,19,27,3,114,129,98,69,108,105"/><U113/><E73/><V61/><F125/><W60/><G114/><N who="1" m="43530" /><E35/><V23/><F135/><W80/><G133/><T64/><D132/><U53/><E28/><V56/><F31/><W15/><G27/><T62/><D111/><U5/><E5/><V128/><F92/><W2/><G108/><T101/><D120/><U9/><E9/><V118/><F22/><W32/><G32/><T91/><D25/><U75/><E75/><V112/><F23/><W81/><G81/><N who="0" m="49519" /><D12/><U10/><E10/><V77/><F77/><W82/><G82/><T72/><D72/><U89/><E126/><V94/><F94/><W54/><G98/><T96/><D91/><U65/><E123/><V76/><F76/><W14/><G105/><T104/><D104/><U18/><E18/><V106/><F16/><W127/><G127/><T97/><D97/><U71/><E95/><V134/><F134/><W78/><G19/><T124/><D124/><U1/><E1/><V99/><F99/><W24/><G24/><T119/><D119/><U122/><E122/><V74/><F74/><W59/><G15/><T100/><D96/><U88/><E40/><V68/><F43/><W29/><G14/><T46/><D101/><U55/><E37/><V21/><F39/><W4/><G4/><T17/><D17/><U49/><E55/><N who="2" m="31863" /><F36/><W7/><G7/><T102/><D102/><U109/><E109/><V116/><F106/><W84/><G29/><T83/><D103/><U47/><E49/><V26/><F6/><W67/><G3/><T33/><D100/><U57/><E47/><V11/><F112/><RYUUKYOKU ba="0,0" sc="426,0,90,0,242,0,242,0" /><INIT seed="2,1,0,1,4,72" ten="426,90,242,242" oya="2" hai0="85,84,54,115,122,16,100,95,103,108,60,132,86" hai1="111,101,40,73,125,14,65,120,123,135,34,99,109" hai2="83,21,15,57,51,126,71,131,46,4,39,58,25" hai3="6,47,24,93,105,117,70,92,36,55,119,35,12"/><V23/><F71/><W3/><G70/><T124/><D115/><U113/><E34/><V7/><F39/><W11/><G105/><T75/><D75/><U98/><E65/><V37/><F37/><W28/><G117/><T80/><D122/><N who="1" m="46635" /><E40/><N who="2" m="25031" /><F131/><W56/><G119/><T17/><D132/><U134/><E113/><V62/><F126/><W53/><G36/><T9/><D124/><U42/><E125/><V74/><F74/><W77/><G77/><N who="0" m="46095" /><D108/><N who="1" m="41547" /><E42/><V102/><F102/><N who="0" m="38954" /><D9/><U8/><E8/><V106/><F106/><W121/><G121/><T133/><D133/><N who="1" m="50699" /><E14/><V50/><F15/><W97/><G12/><T110/><D110/><U67/><E67/><N who="2" m="39375" /><F23/><W81/><G11/><T112/><D112/><U128/><E101/><V64/><F64/><W1/><G1/><T44/><D44/><U66/><E66/><V26/><F26/><W29/><G24/><T87/><D60/><U22/><E22/><V27/><F25/><W43/><G3/><T10/><D54/><U33/><E33/><V41/><F41/><W130/><G35/><T127/><D127/><U61/><E61/><V18/><F50/><W94/><G55/><T48/><D48/><U104/><E104/><V59/><F59/><W78/><G56/><T38/><D38/><U45/><E45/><V19/><F58/><W20/><G53/><T2/><D2/><U79/><E128/><V82/><F19/><N who="0" m="7242" /><D10/><U69/><E69/><V76/><F4/><W90/><G6/><T118/><D118/><U5/><E5/><V107/><F7/><W13/><G130/><T88/><AGARI ba="1,0" hai="85,86,87,88,95" m="7242,38954,46095" machi="88" ten="30,7900,0" yaku="8,1,52,1,54,2" doraHai="72" who="0" fromWho="0" sc="426,82,90,-21,242,-40,242,-21" /><INIT seed="3,0,0,1,3,35" ten="508,69,202,221" oya="3" hai0="88,37,13,3,113,76,22,114,38,123,129,11,64" hai1="80,44,118,63,26,109,95,107,93,5,120,20,45" hai2="59,65,24,99,33,53,124,28,104,51,29,32,54" hai3="111,103,92,98,97,62,47,77,78,34,106,85,74"/><W110/><G34/><T94/><D123/><U79/><E120/><V55/><F124/><W112/><G62/><T42/><D129/><U6/><E107/><V121/><F121/><W49/><G49/><T67/><D76/><N who="3" m="29289" /><G47/><T58/><D22/><U115/><E115/><N who="0" m="44041" /><D3/><U134/><E109/><N who="3" m="41482" /><G112/><T87/><D58/><U30/><E134/><V71/><F29/><W50/><G50/><T102/><D102/><U14/><E118/><V1/><F33/><W21/><G21/><T8/><D8/><U73/><E45/><V57/><F51/><W61/><G61/><T40/><D40/><U131/><E131/><V69/><F69/><W60/><G60/><T17/><D42/><U70/><E44/><V12/><F71/><W66/><G66/><AGARI ba="0,0" hai="11,13,17,37,38,64,66,67,87,88,94" m="44041" machi="66" ten="30,2000,0" yaku="11,1,54,1" doraHai="35" who="0" fromWho="3" sc="508,20,69,0,202,0,221,-20" owari="528,62.8,69,-43.1,202,0.2,201,-19.9" /></mjloggm>