<mjloggm ver="2.3"><GO type="225" lobby="0"/><UN n0="%70%68%65%6E%6F%6D%65" n1="%E3%83%96%E3%83%83%E3%83%91%E3%82%AA%E3%83%96%E3%83%81%E3%82%AD%E3%83%B3" n2="%E5%8D%A0%E3%81%84%E5%B8%AB%E8%A3%8F%E3%81%AA%E3%81%84%E3%81%97" n3="%E6%A0%B9%E5%85%83%E3%81%8B%E3%82%89%E5%90%B9%E3%81%A3%E9%A3%9B%E3%81%B6" dan="16,16,17,16" rate="2143.98,2077.85,2223.11,2103.60" sx="M,M,M,F"/><TAIKYOKU oya="0"/><INIT seed="0,0,0,2,2,127" ten="250,250,250,250" oya="0" hai0="42,1,93,110,21,39,27,47,126,49,16,94,128" hai1="89,7,13,28,74,44,101,35,5,62,107,80,86" hai2="51,12,53,71,81,34,129,33,3,55,84,38,15" hai3="20,124,60,31,50,4,115,37,92,57,87,2,9"/><T121/><D126/><U26/><E74/><V61/><F3/><W70/><G115/><T10/><D121/><U97/><E13/><V111/><F38/><W59/><G37/><T43/><D110/><U131/><E131/><V14/><F111/><W66/><G124/><T134/><D134/><U64/><REACH who="1" step="1"/><E44/><REACH who="1" ten="250,240,250,250" step="2"/><V135/><F129/><W116/><G2/><T56/><D128/><U88/><E88/><V102/><F135/><W29/><G116/><T32/><D43/><U95/><E95/><V54/><F102/><W99/><G92/><T109/><D109/><U82/><E82/><V100/><F100/><W96/><G70/><AGARI ba="0,1" hai="5,7,26,28,35,62,64,70,80,86,89,97,101,107" machi="70" ten="30,7700,0" yaku="1,1,7,1,25,2,53,0" doraHai="127" doraHaiUra="48" who="1" fromWho="3" sc="250,0,240,87,250,0,250,-77" /><INIT seed="1,0,0,3,3,36" ten="250,327,250,173" oya="1" hai0="18,113,99,97,40,118,49,109,77,87,98,48,134" hai1="3,34,11,15,92,88,10,89,44,21,79,85,57" hai2="130,55,117,58,7,65,59,100,5,75,23,43,128" hai3="20,8,13,76,24,29,64,94,33,37,78,54,81"/><U22/><E34/><V14/><F117/><W26/><G37/><T27/><D113/><U38/><E79/><V47/><F75/><W84/><G64/><T68/><D118/><U124/><E124/><V32/><F32/><W96/><G78/><T129/><D109/><U107/><E107/><V2/><F2/><W70/><G70/><T74/><D74/><U115/><E115/><V103/><F65/><W108/><G108/><T67/><D129/><N who="2" m="49770" /><F23/><W30/><G54/><T0/><D0/><U9/><E3/><V125/><F125/><W82/><G82/><N who="0" m="47567" /><D68/><U90/><E15/><V35/><F35/><W120/><G120/><T110/><D110/><U106/><E106/><V105/><F105/><W104/><G104/><T72/><D72/><U71/><E71/><V46/><F46/><W132/><G132/><T1/><D1/><U127/><E127/><V45/><F47/><W19/><G33/><T69/><D69/><U111/><E57/><N who="2" m="21515" /><F55/><W25/><REACH who="3" step="1"/><G30/><REACH who="3" ten="250,327,250,163" step="2"/><T133/><D67/><U112/><E111/><V41/><F41/><W135/><G135/><N who="0" m="51723" /><D40/><U39/><E112/><V73/><F73/><W123/><G123/><T63/><D63/><U114/><E114/><V101/><F14/><W86/><G86/><T119/><D119/><U62/><E62/><V51/><AGARI ba="0,1" hai="5,7,43,45,51,100,101,103" m="21515,49770" machi="51" ten="40,2700,0" yaku="19,1,52,1" doraHai="36" who="2" fromWho="2" sc="250,-7,327,-13,250,37,163,-7" /><INIT seed="2,0,0,3,4,86" ten="243,314,287,156" oya="2" hai0="89,93,26,95,90,13,50,48,105,53,106,47,35" hai1="119,97,100,5,132,125,131,17,19,96,0,66,116" hai2="41,25,59,99,1,63,70,30,109,39,14,82,94" hai3="102,23,27,92,108,54,3,49,29,73,9,76,18"/><V128/><F1/><W33/><G108/><T52/><D13/><U31/><E131/><V129/><F70/><W4/><G76/><T7/><D7/><U135/><E31/><V34/><F109/><W68/><G68/><T123/><D123/><U69/><E125/><V98/><F41/><W120/><G73/><T56/><D35/><U88/><E69/><V10/><F82/><W22/><G120/><T44/><D56/><U115/><E66/><V40/><F40/><W75/><G75/><T2/><D26/><U67/><E67/><V21/><F34/><W127/><G127/><T72/><REACH who="0" step="1"/><D72/><REACH who="0" ten="233,314,287,156" step="2"/><U79/><E5/><N who="2" m="3407" /><F39/><W80/><G80/><T65/><D65/><U130/><E0/><AGARI ba="0,1" hai="0,2,44,47,48,50,52,53,89,90,93,95,105,106" machi="0" ten="25,12000,2" yaku="1,1,22,2,52,2,54,1,53,0" doraHai="86" doraHaiUra="61" who="0" fromWho="1" sc="233,130,314,-120,287,0,156,0" /><INIT seed="3,0,0,1,2,19" ten="363,194,287,156" oya="3" hai0="51,4,90,122,129,35,121,3,23,131,1,133,83" hai1="69,68,88,82,77,91,78,100,20,26,15,39,64" hai2="24,101,112,14,104,31,38,96,115,114,107,93,65" hai3="73,105,75,11,128,61,123,66,49,95,55,72,7"/><W132/><G123/><N who="0" m="47115" /><D35/><U5/><E39/><V59/><F14/><W58/><G105/><T97/><D4/><U27/><E100/><V130/><F38/><W70/><G128/><N who="0" m="49227" /><D133/><U113/><E113/><V99/><F99/><W135/><REACH who="3" step="1"/><G95/><REACH who="3" ten="363,194,287,146" step="2"/><N who="0" m="56567" /><D83/><U103/><E82/><V46/><F130/><W22/><G22/><T29/><D51/><U13/><E20/><V50/><F107/><W110/><G110/><T106/><D106/><U79/><E69/><V48/><F104/><W34/><G34/><T53/><D53/><U127/><E68/><V28/><F114/><W98/><G98/><T10/><D10/><U18/><E103/><V44/><F115/><W8/><G8/><T52/><D52/><U84/><E79/><V109/><F109/><W92/><G92/><T134/><D134/><U45/><E78/><V12/><F112/><W86/><G86/><T71/><D71/><U47/><E77/><V76/><F76/><W57/><G57/><T87/><D87/><U56/><E84/><V94/><F94/><W125/><G125/><T62/><D62/><N who="1" m="37959" /><E127/><V16/><F93/><W43/><G43/><T85/><D85/><U111/><E111/><V0/><F96/><W63/><G63/><T119/><D119/><U124/><E124/><V9/><F101/><W21/><G21/><T117/><D117/><U116/><E116/><V37/><F9/><W118/><G118/><T120/><D120/><U6/><E91/><V41/><F59/><W42/><G42/><T81/><D81/><U25/><E88/><V102/><F102/><W80/><G80/><T32/><D32/><RYUUKYOKU ba="0,1" sc="363,15,194,-15,287,-15,146,15" hai0="1,3,23,29" hai3="7,11,49,55,58,61,66,70,72,73,75,132,135" /><INIT seed="3,1,1,3,3,75" ten="378,179,272,161" oya="3" hai0="129,108,32,56,61,44,111,3,98,71,47,58,80" hai1="8,132,34,95,134,33,128,5,60,37,100,16,85" hai2="28,103,99,40,29,6,127,130,84,121,92,109,57" hai3="65,10,82,0,89,38,42,133,17,131,66,52,113"/><W46/><G113/><T15/><D3/><N who="1" m="63" /><E37/><V18/><F109/><N who="0" m="42058" /><D32/><U74/><E74/><V31/><F127/><W78/><G131/><T24/><D24/><U48/><E128/><V105/><F130/><W123/><G123/><T91/><D129/><U55/><E60/><V27/><F6/><N who="3" m="1351" /><G89/><T116/><D116/><U30/><E16/><V114/><F114/><W117/><G117/><T49/><D15/><U50/><E30/><V110/><F110/><W45/><G17/><T13/><D13/><U115/><E50/><V68/><F121/><W62/><G133/><N who="1" m="51306" /><E115/><V26/><F57/><N who="3" m="35111" /><G46/><T41/><D98/><N who="1" m="59487" /><E85/><V94/><F84/><W67/><G66/><T101/><D47/><AGARI ba="1,1" hai="33,34,47,48,55" m="59487,51306,63" machi="47" ten="30,1000,0" yaku="20,1" doraHai="75" who="1" fromWho="0" sc="378,-13,179,23,272,0,161,0" owari="365,46.5,202,-19.8,272,7.2,161,-33.9" /></mjloggm>