<mjloggm ver="2.3"><GO type="225" lobby="0"/><UN n0="%E8%B5%A4%E3%81%84%E8%9B%99%31%31" n1="%E3%83%96%E3%83%83%E3%83%91%E3%82%AA%E3%83%96%E3%83%81%E3%82%AD%E3%83%B3" n2="%6B%61%7A%75%73%61" n3="%E5%91%A8%E6%9D%B1" dan="16,16,17,16" rate="2058.06,2183.67,2137.82,2185.75" sx="M,M,F,M"/><TAIKYOKU oya="0"/><INIT seed="0,0,0,5,3,22" ten="250,250,250,250" oya="0" hai0="95,62,20,49,1,32,132,135,48,64,15,18,114" hai1="77,99,37,107,2,71,65,58,59,97,30,124,111" hai2="72,12,101,78,80,57,87,13,43,19,134,31,133" hai3="112,26,4,36,39,25,68,81,40,120,54,52,51"/><T118/><D114/><U94/><E111/><V116/><F101/><W108/><G112/><T21/><D118/><U7/><E37/><V23/><F116/><W10/><G68/><T27/><D1/><U110/><E110/><V84/><F43/><W105/><G105/><T121/><D121/><U100/><E124/><V70/><F70/><W83/><G108/><T82/><D32/><U42/><E42/><V67/><F31/><W123/><G40/><T88/><D82/><N who="3" m="31241" /><G39/><T96/><D49/><U56/><E77/><V130/><F130/><W28/><G36/><T73/><D48/><U35/><E2/><V79/><F12/><N who="3" m="5191" /><G28/><T6/><D73/><U50/><E7/><V102/><F78/><W119/><G119/><T47/><D47/><U66/><E50/><V85/><F102/><W29/><G29/><T86/><D96/><U38/><E71/><V104/><F104/><W98/><G98/><T109/><D109/><U122/><E122/><N who="3" m="46634" /><G54/><T61/><D6/><U93/><E38/><V0/><F0/><W117/><G117/><T46/><D46/><AGARI ba="0,0" hai="25,26,46,51,52" m="46634,5191,31241" machi="46" ten="30,7700,0" yaku="13,1,52,2,54,1" doraHai="22" who="3" fromWho="0" sc="250,-77,250,0,250,0,250,77" /><INIT seed="1,0,0,1,1,82" ten="173,250,250,327" oya="1" hai0="70,80,108,40,24,95,9,11,50,1,71,75,128" hai1="27,74,42,15,69,90,113,17,116,61,129,121,72" hai2="89,78,102,115,96,2,16,133,98,30,122,134,85" hai3="12,67,55,57,65,18,28,97,37,68,7,35,8"/><U119/><E121/><V52/><F122/><W107/><G37/><T10/><D108/><U73/><E113/><V41/><F2/><W131/><G131/><T14/><D128/><U118/><E129/><V0/><F0/><W63/><G68/><T36/><D24/><U54/><E42/><V26/><F41/><W79/><G79/><T21/><D1/><U100/><E100/><V64/><F64/><W33/><G33/><T112/><D36/><U47/><E27/><V3/><F3/><W83/><G83/><T5/><D95/><U127/><E127/><V77/><F115/><W124/><G124/><T86/><D75/><U51/><E69/><V93/><F52/><W81/><G81/><T49/><D112/><U20/><REACH who="1" step="1"/><E90/><REACH who="1" ten="173,240,250,327" step="2"/><V103/><F103/><W60/><G107/><T38/><D71/><U125/><E125/><V120/><F120/><W45/><G35/><T91/><D70/><U88/><E88/><V106/><F26/><W101/><G101/><T123/><D123/><U132/><E132/><N who="2" m="50795" /><F30/><W110/><G28/><T130/><D130/><U31/><E31/><V48/><F16/><W87/><G18/><T62/><D40/><U126/><E126/><V6/><F6/><W56/><G7/><T19/><D38/><U66/><E66/><V23/><F102/><W46/><G67/><T4/><D62/><AGARI ba="0,1" hai="15,17,20,47,51,54,61,62,72,73,74,116,118,119" machi="62" ten="50,12000,1" yaku="1,1,53,3" doraHai="82" doraHaiUra="105" who="1" fromWho="0" sc="173,-120,240,130,250,0,327,0" /><INIT seed="1,1,0,1,3,44" ten="53,370,250,327" oya="1" hai0="1,98,31,41,70,61,24,134,10,34,23,128,85" hai1="7,84,83,90,132,104,14,106,52,109,80,35,126" hai2="12,39,55,33,74,46,77,20,82,75,4,89,125" hai3="123,107,40,22,6,29,56,16,17,117,9,47,73"/><U102/><E35/><V111/><F33/><W100/><G123/><T67/><D128/><U131/><E131/><V15/><F111/><W68/><G68/><T69/><D134/><U38/><E38/><V11/><F125/><W36/><G117/><T135/><D135/><U108/><E132/><V97/><F74/><W50/><G73/><T121/><D121/><U59/><E126/><V19/><F39/><W3/><G100/><T71/><D85/><U48/><E83/><V49/><F97/><W79/><G107/><T26/><D41/><U93/><E80/><V133/><F133/><W78/><G29/><T114/><D114/><U129/><E129/><V127/><F127/><W116/><G116/><T99/><D1/><U60/><E102/><V113/><REACH who="2" step="1"/><F89/><REACH who="2" ten="53,370,240,327" step="2"/><W95/><G79/><T53/><D10/><N who="1" m="4447" /><E60/><V58/><F58/><W62/><BYE who="2" /><G78/><T130/><D130/><UN n2="%6B%61%7A%75%73%61" /><U63/><E63/><V42/><F42/><W103/><G36/><T57/><REACH who="0" step="1"/><D67/><REACH who="0" ten="43,370,240,327" step="2"/><U105/><E84/><V2/><F2/><W25/><G3/><T118/><D118/><U37/><E37/><V43/><F43/><W65/><G9/><T120/><D120/><U8/><E8/><V87/><F87/><W115/><G115/><AGARI ba="1,2" hai="4,11,12,15,19,20,46,49,55,75,77,82,113,115" machi="115" ten="40,2600,0" yaku="1,1,52,1,53,0" doraHai="44" doraHaiUra="92" who="2" fromWho="3" sc="43,0,370,0,240,49,327,-29" /><INIT seed="2,0,0,4,1,111" ten="43,370,289,298" oya="2" hai0="135,101,106,82,57,78,58,115,104,52,29,44,48" hai1="46,38,121,95,100,43,59,119,24,35,110,39,109" hai2="113,87,133,103,4,70,0,118,69,130,72,89,126" hai3="114,21,40,107,124,85,93,122,81,8,74,25,16"/><V9/><F118/><W13/><G124/><T27/><D135/><U10/><E119/><V96/><F133/><W56/><G122/><T62/><D115/><U28/><E121/><V49/><F126/><W116/><G116/><T7/><D7/><U80/><E39/><V97/><F72/><W15/><G114/><T36/><D36/><U91/><E59/><V105/><F130/><W37/><G107/><T34/><D101/><U127/><E127/><V94/><F113/><W30/><G74/><T1/><D1/><U19/><E80/><V88/><F97/><W2/><G93/><T131/><D131/><U120/><E100/><V26/><F26/><W108/><G108/><N who="1" m="41578" /><E120/><V117/><F117/><W71/><G71/><T55/><REACH who="0" step="1"/><D58/><REACH who="0" ten="33,370,289,298" step="2"/><U128/><E128/><V32/><F70/><W33/><G37/><T22/><D22/><U63/><E10/><V12/><F69/><W64/><G2/><T20/><D20/><U83/><E38/><V132/><F32/><W3/><G3/><T75/><AGARI ba="0,1" hai="27,29,34,44,48,52,55,57,62,75,78,82,104,106" machi="75" ten="20,5200,0" yaku="1,1,0,1,7,1,54,1,53,0" doraHai="111" doraHaiUra="65" who="0" fromWho="0" sc="33,62,370,-13,289,-26,298,-13" /><INIT seed="3,0,0,1,2,8" ten="95,357,263,285" oya="3" hai0="104,120,13,72,91,129,98,132,103,29,86,9,27" hai1="99,21,88,11,83,46,80,84,43,5,107,10,15" hai2="89,65,37,53,42,35,102,81,93,106,18,20,1" hai3="38,108,45,101,0,41,22,3,32,112,110,119,134"/><W96/><G32/><T87/><D120/><U111/><E111/><N who="3" m="42538" /><G119/><T62/><D132/><U55/><E55/><V51/><F35/><W50/><G112/><T44/><D129/><U125/><E125/><V92/><F65/><W127/><G134/><T116/><D72/><U115/><E115/><V26/><F1/><N who="3" m="587" /><G22/><T52/><D116/><U7/><E107/><V64/><F64/><W14/><G127/><T47/><D87/><N who="1" m="50279" /><E99/><V68/><F68/><W39/><G14/><T128/><D128/><U118/><E118/><V76/><F37/><W123/><G123/><T49/><D62/><U54/><E43/><V113/><F42/><W31/><G31/><T122/><D122/><U135/><E135/><V40/><F40/><W12/><G12/><T2/><D2/><U82/><E5/><V130/><F113/><W17/><G17/><T126/><D126/><U6/><E7/><V19/><F130/><W109/><N who="3" m="42546" /><W90/><DORA hai="85" /><G90/><T58/><D27/><U33/><E33/><V16/><F102/><W30/><G30/><T73/><D73/><U59/><E6/><V100/><F100/><W97/><G97/><T67/><D29/><U121/><E121/><V124/><F124/><W95/><AGARI ba="0,0" hai="38,39,41,45,50,95,96,101" m="587,42546" machi="95" ten="50,4800,0" yaku="14,1,10,1" doraHai="8,85" who="3" fromWho="3" sc="95,-16,357,-16,263,-16,285,48" /><INIT seed="3,1,0,3,3,28" ten="79,341,247,333" oya="3" hai0="71,108,114,41,85,1,56,52,74,65,76,127,126" hai1="64,75,69,9,99,25,49,7,5,86,102,8,42" hai2="32,27,58,129,119,46,47,79,77,128,94,21,20" hai3="83,112,133,116,125,48,6,18,96,103,115,124,23"/><W68/><G68/><T30/><D30/><U101/><E75/><V15/><F58/><W62/><G116/><T117/><D1/><U78/><E69/><V73/><F94/><N who="3" m="58775" /><G133/><T134/><D74/><U110/><E110/><V59/><F59/><W105/><G105/><T106/><D106/><U44/><E64/><V111/><F15/><N who="3" m="9695" /><G6/><N who="1" m="2058" /><E25/><V95/><F95/><W121/><G121/><T132/><D76/><U60/><E60/><V19/><F27/><W35/><G35/><T38/><D85/><U31/><E31/><V54/><F73/><W53/><G83/><T93/><D93/><N who="1" m="58607" /><E102/><V34/><F19/><W11/><G11/><T87/><D87/><U91/><E78/><V33/><F33/><W122/><G62/><N who="0" m="40375" /><D117/><U37/><E37/><V45/><F45/><N who="3" m="27791" /><G122/><T113/><D38/><U43/><E43/><V88/><F54/><W97/><G97/><T63/><D41/><U89/><E89/><V0/><F0/><W123/><G123/><T67/><D108/><U81/><AGARI ba="1,0" hai="8,9,42,44,49,81,86,91" m="58607,2058" machi="81" ten="30,1100,0" yaku="8,1" doraHai="28" who="1" fromWho="1" sc="79,-4,341,14,247,-4,333,-6" owari="75,-42.5,355,45.5,243,-15.7,327,12.7" /></mjloggm>