<mjloggm ver="2.3"><GO type="225" lobby="0"/><UN n0="%E6%B4%BE%E9%81%A3%E3%81%AE%E3%82%B8%E3%83%A3%E3%83%83%E3%82%AF" n1="%E3%83%A9%E3%82%A4%E3%83%B3%E3%81%AE%E8%99%8E" n2="%E6%B7%91%E5%A5%B3%E3%81%AE%E5%97%9C%E3%81%BF" n3="%E3%81%95%E3%81%8D%E3%81%9F%E3%81%BE%E6%9E%97%E6%AA%8E" dan="17,16,16,16" rate="2180.09,2130.73,2107.88,2113.69" sx="M,M,M,M"/><TAIKYOKU oya="0"/><INIT seed="0,0,0,0,2,125" ten="250,250,250,250" oya="0" hai0="48,38,93,30,52,19,81,22,110,31,36,10,94" hai1="57,101,8,14,79,134,115,87,42,63,121,85,127" hai2="106,96,83,47,51,53,54,11,7,108,60,67,97" hai3="86,59,98,103,27,44,104,62,92,29,49,0,77"/><T112/><D112/><U35/><E121/><V91/><F108/><W68/><G0/><T66/><D66/><U56/><E127/><V3/><F106/><W80/><G68/><T130/><D110/><U26/><E134/><V123/><F123/><W84/><G104/><T116/><D116/><U111/><E111/><V118/><F118/><W5/><G5/><T119/><D119/><U16/><E115/><V114/><F114/><W95/><G95/><T15/><D81/><U88/><E101/><V72/><F54/><W102/><G102/><T124/><BYE who="3" /><D124/><U12/><E42/><V33/><F33/><W76/><G76/><T74/><D74/><UN n3="%E3%81%95%E3%81%8D%E3%81%9F%E3%81%BE%E6%9E%97%E6%AA%8E" /><U132/><E132/><V40/><F53/><N who="3" m="29863" /><G80/><T6/><D130/><U129/><E129/><V113/><F113/><W55/><G77/><T25/><D36/><U1/><E1/><V109/><F109/><W58/><G58/><N who="0" m="33031" /><D38/><U45/><E45/><V61/><F72/><W75/><G75/><T73/><D73/><U2/><E2/><V126/><F126/><W21/><AGARI ba="0,0" hai="21,27,29,55,59,62,84,86,92,98,103" m="29863" machi="21" ten="30,1100,0" yaku="8,1" doraHai="125" who="3" fromWho="3" sc="250,-5,250,-3,250,-3,250,11" /><INIT seed="1,0,0,0,1,42" ten="245,247,247,261" oya="1" hai0="5,134,3,118,51,11,99,90,25,61,48,132,104" hai1="18,92,93,22,96,94,4,50,47,19,30,103,120" hai2="133,126,122,20,41,58,65,14,21,88,6,43,9" hai3="76,84,0,15,53,49,83,59,91,112,110,17,97"/><U128/><E128/><V124/><F122/><W35/><G110/><T69/><D118/><U46/><E120/><V16/><F133/><N who="0" m="51306" /><D25/><N who="1" m="16695" /><E4/><V12/><F21/><W70/><G0/><T68/><D90/><U7/><E7/><V31/><F31/><W115/><G70/><N who="0" m="27243" /><D61/><U78/><E78/><V1/><F1/><W135/><G135/><T82/><D82/><U125/><E125/><N who="2" m="48235" /><F88/><W67/><G35/><T108/><D108/><U29/><E29/><V79/><F79/><W64/><G115/><T85/><D85/><U36/><E36/><V75/><F75/><W86/><G97/><T66/><D66/><U52/><E47/><V107/><F107/><W26/><G26/><T80/><D80/><U131/><E131/><V33/><F33/><W129/><G129/><T74/><D74/><U116/><E116/><V56/><F65/><W44/><G59/><AGARI ba="0,0" hai="6,9,12,14,16,20,41,43,56,58,59" m="48235" machi="59" ten="30,2000,0" yaku="18,1,54,1" doraHai="42" who="2" fromWho="3" sc="245,0,247,0,247,20,261,-20" /><INIT seed="2,0,0,4,4,85" ten="245,247,267,241" oya="2" hai0="88,84,98,9,93,59,119,16,2,20,43,42,114" hai1="123,120,11,73,69,80,66,5,127,109,19,97,62" hai2="117,31,46,28,78,41,77,15,101,131,64,52,34" hai3="113,83,44,51,4,92,107,91,10,65,79,132,14"/><V95/><F117/><W49/><G132/><T50/><D114/><U104/><E19/><V8/><F131/><W25/><G107/><T1/><D119/><U128/><E109/><V21/><F34/><W53/><G113/><T36/><D36/><U89/><E128/><V61/><F101/><W47/><G65/><T37/><D37/><U135/><E135/><V72/><F95/><W96/><G44/><T67/><D2/><U48/><E48/><V7/><F72/><W45/><G25/><N who="0" m="14471" /><D1/><U3/><E127/><V100/><F100/><W105/><G105/><T33/><D33/><U56/><E56/><N who="2" m="34951" /><F64/><W118/><G118/><T32/><D32/><U129/><E129/><V116/><F116/><W26/><G26/><T122/><D122/><U99/><E104/><V63/><F63/><W38/><G38/><T115/><D115/><U103/><E103/><V90/><F90/><W0/><G0/><T71/><D71/><U35/><E35/><V60/><F60/><W76/><G83/><N who="0" m="49183" /><D9/><U40/><E73/><V24/><F31/><W23/><G23/><T30/><D30/><U75/><E75/><V70/><F70/><W39/><G39/><T27/><D27/><U68/><E68/><V17/><F28/><W86/><G86/><T82/><D82/><U6/><E80/><V134/><F134/><W81/><G81/><T125/><D125/><U106/><E123/><V112/><F112/><W22/><G22/><T29/><D29/><U87/><E120/><V130/><F130/><W110/><G110/><T108/><D108/><U55/><E106/><V102/><F24/><RYUUKYOKU ba="0,0" sc="245,-10,247,-10,267,-10,241,30" hai3="4,10,14,45,47,49,51,53,76,79,91,92,96" /><INIT seed="3,1,0,0,1,122" ten="235,237,257,271" oya="3" hai0="30,118,5,92,34,114,57,2,65,121,45,84,3" hai1="111,1,105,72,56,77,70,21,48,55,73,68,19" hai2="46,115,12,18,106,64,89,66,81,63,27,9,78" hai3="54,125,38,109,52,22,127,107,31,33,6,95,94"/><W53/><G107/><T98/><D118/><U42/><E105/><V69/><F115/><W0/><G38/><T49/><D121/><U29/><E1/><V67/><F106/><W120/><G120/><T86/><D114/><U47/><E29/><V132/><F132/><W103/><G33/><T61/><D3/><U23/><E23/><V71/><F71/><W58/><G58/><T119/><D119/><U40/><E40/><V116/><F116/><W4/><G31/><T100/><D2/><U110/><E68/><V128/><F128/><W15/><G0/><T35/><D5/><N who="3" m="2153" /><G22/><T51/><D51/><U32/><E32/><V131/><F131/><W79/><G79/><T11/><D11/><U123/><E70/><V129/><F129/><W75/><G75/><T39/><D39/><U112/><E112/><V102/><F27/><W76/><G76/><T134/><D134/><U74/><E77/><V135/><F135/><W83/><G83/><T59/><D59/><U97/><E123/><V10/><F10/><W16/><G103/><T133/><D133/><U101/><E101/><V60/><F69/><W99/><G99/><T14/><D14/><U20/><E97/><V82/><F102/><W41/><G41/><N who="0" m="24751" /><D35/><U80/><E80/><V90/><F46/><W91/><G91/><N who="2" m="34825" /><F78/><W25/><G25/><BYE who="3" /><T37/><D37/><N who="1" m="21967" /><E19/><V93/><F93/><W44/><G44/><T126/><D126/><U130/><E130/><UN n3="%E3%81%95%E3%81%8D%E3%81%9F%E3%81%BE%E6%9E%97%E6%AA%8E" /><V28/><F28/><W104/><G104/><T117/><D117/><U13/><E13/><V36/><F36/><W43/><G43/><T85/><D34/><RYUUKYOKU ba="1,0" sc="235,10,237,10,257,10,271,-30" hai0="30,57,61,65,84,85,86,92,98,100" hai1="20,21,48,55,56,72,73,74,110,111" hai2="9,12,18,60,63,64,66,67,81,82" /><INIT seed="4,2,0,1,5,84" ten="245,247,267,241" oya="0" hai0="11,125,13,117,134,39,70,106,95,101,36,119,132" hai1="5,30,66,96,108,88,43,86,15,34,7,61,82" hai2="114,0,51,67,48,73,57,107,9,44,2,4,40" hai3="77,97,87,26,63,42,54,41,81,47,76,24,31"/><T16/><D70/><U133/><E108/><V104/><F73/><W74/><G74/><T71/><D71/><U128/><E128/><V100/><F114/><W28/><G77/><T22/><D106/><U135/><E43/><N who="3" m="16394" /><G97/><N who="0" m="59583" /><D11/><U130/><E130/><V59/><F2/><W131/><G131/><T78/><D78/><U80/><E80/><V126/><F126/><W115/><G115/><T35/><D35/><U32/><E96/><V111/><F111/><W89/><G76/><T33/><D33/><N who="1" m="12907" /><E15/><V102/><F107/><W109/><G109/><T25/><D25/><N who="3" m="9833" /><G63/><T79/><D79/><U65/><E30/><V19/><F104/><W53/><G47/><T120/><D120/><U118/><E118/><N who="0" m="45065" /><D125/><U64/><E61/><V18/><F0/><W105/><G105/><T113/><D113/><U129/><E129/><V112/><F112/><W56/><G56/><T122/><D122/><U10/><E10/><V103/><F9/><W23/><G23/><T27/><D27/><U58/><E58/><V8/><F59/><W14/><G14/><T46/><D46/><U38/><E38/><N who="2" m="21527" /><F57/><W68/><G68/><T85/><D36/><U127/><E127/><V99/><F8/><W94/><G81/><T93/><D39/><U20/><E20/><V29/><F29/><AGARI ba="2,0" hai="28,29,31,53,54,87,89,94" m="9833,16394" machi="29" ten="30,2000,0" yaku="8,1,52,1" doraHai="84" who="3" fromWho="2" sc="245,0,247,0,267,-26,241,26" /><INIT seed="5,0,0,0,5,19" ten="245,247,241,267" oya="1" hai0="51,41,123,76,95,72,17,91,99,38,67,59,42" hai1="71,14,46,102,50,118,52,39,98,73,47,132,79" hai2="8,105,60,130,70,87,125,90,56,116,26,27,6" hai3="83,15,0,7,115,114,77,111,22,29,85,135,88"/><U63/><E118/><V117/><F105/><W45/><G111/><T62/><D38/><U131/><E131/><V28/><F130/><W44/><G135/><T133/><D133/><U97/><E132/><V113/><F125/><W30/><G0/><T58/><D123/><U100/><E73/><V121/><F121/><W5/><G77/><T120/><D120/><U78/><E71/><V84/><F70/><W1/><G1/><T103/><D72/><U69/><E69/><V66/><F87/><W4/><G30/><T9/><D103/><U129/><E129/><V104/><F104/><W126/><G126/><T134/><D76/><U18/><E63/><V109/><F109/><W12/><G29/><T49/><D134/><U93/><E46/><N who="3" m="18026" /><G22/><T54/><D51/><U37/><E37/><V75/><F75/><W107/><G107/><T57/><D57/><U101/><E39/><V23/><F27/><W31/><G31/><T3/><D3/><U64/><E64/><V13/><REACH who="2" step="1"/><F113/><AGARI ba="0,0" hai="4,5,7,12,15,83,85,88,113,114,115" m="18026" machi="113" ten="30,2000,0" yaku="15,1,54,1" doraHai="19" who="3" fromWho="2" sc="245,0,247,0,241,-20,267,20" /><INIT seed="6,0,0,1,5,35" ten="245,247,221,287" oya="2" hai0="28,134,116,114,36,121,54,124,37,119,101,15,126" hai1="120,106,78,26,53,67,92,60,59,62,65,34,32" hai2="3,49,31,85,69,57,51,82,81,123,76,109,47" hai3="18,108,75,104,115,94,25,72,4,9,129,79,111"/><V14/><F123/><W87/><G104/><T73/><D73/><U0/><E106/><V117/><F69/><W48/><G129/><T38/><D101/><U7/><E78/><V103/><F117/><N who="0" m="45130" /><D28/><U102/><E120/><V52/><F109/><W86/><G108/><T127/><D121/><U130/><E130/><V64/><F103/><W97/><G111/><T41/><D15/><U80/><E80/><V128/><F128/><W95/><G95/><T100/><D100/><U105/><E92/><V55/><F64/><W133/><G133/><T135/><D114/><U99/><E26/><V8/><F81/><W90/><G115/><T112/><D112/><U5/><E53/><V6/><REACH who="2" step="1"/><F31/><REACH who="2" ten="245,247,211,287" step="2"/><W118/><G118/><T70/><D70/><U19/><E65/><V63/><F63/><W20/><G75/><T43/><D54/><U96/><E62/><V83/><F83/><W27/><G72/><T44/><D43/><U107/><E102/><V88/><F88/><W12/><G90/><T132/><AGARI ba="0,1" hai="36,37,38,41,44,124,126,127,132,134,135" m="45130" machi="132" ten="50,12000,2" yaku="18,1,20,1,12,1,23,1,34,2" doraHai="35" who="0" fromWho="0" sc="245,130,247,-30,211,-60,287,-30" owari="375,47.5,217,-18.3,151,-34.9,257,5.7" /></mjloggm>