<mjloggm ver="2.3"><GO type="225" lobby="0"/><UN n0="%E5%82%8D%E8%8B%A5%E7%84%A1%E4%BA%BA%35%31" n1="%72%61%6B%33" n2="%E4%BF%BA%E3%81%A8%E5%A6%96%E5%A4%A2" n3="%E3%81%8B%E3%82%8F%E3%81%A1%E3%82%83%E3%82%93%35%38" dan="16,16,16,16" rate="2192.12,2118.13,2246.71,2154.83" sx="M,M,F,M"/><TAIKYOKU oya="0"/><INIT seed="0,0,0,4,5,44" ten="250,250,250,250" oya="0" hai0="27,104,89,127,25,81,40,49,129,46,56,79,122" hai1="124,83,120,7,72,74,112,87,71,36,96,4,30" hai2="90,125,10,42,16,22,15,121,32,37,131,116,28" hai3="113,88,105,6,3,80,69,26,73,51,48,119,94"/><T41/><D122/><U45/><E120/><V115/><F121/><W101/><G113/><T99/><D129/><U76/><E112/><V93/><F115/><W107/><G69/><T132/><D132/><U95/><E71/><V85/><F131/><W47/><G119/><T67/><D127/><U13/><E30/><V2/><F125/><W100/><G26/><T24/><D41/><U68/><E68/><V18/><F116/><W97/><G47/><T12/><D12/><U38/><E124/><V50/><F37/><W65/><G65/><T59/><D67/><U134/><E134/><V86/><F32/><W33/><G33/><T128/><D128/><U111/><E111/><V14/><F2/><W19/><G19/><T103/><REACH who="0" step="1"/><D89/><REACH who="0" ten="240,250,250,250" step="2"/><U78/><E13/><V63/><F42/><W23/><G3/><T62/><D62/><U39/><E39/><V57/><F63/><W123/><G123/><T29/><D29/><U70/><E36/><V77/><F28/><W130/><G130/><T35/><D35/><U9/><E38/><V84/><F77/><N who="3" m="44079" /><G6/><T55/><D55/><AGARI ba="0,1" hai="10,14,15,16,18,22,50,55,57,84,85,86,90,93" machi="55" ten="40,8000,1" yaku="25,2,8,1,52,1,54,1" doraHai="44" who="2" fromWho="0" sc="240,-80,250,0,250,90,250,0" /><INIT seed="1,0,0,2,4,49" ten="160,250,340,250" oya="1" hai0="39,112,82,5,134,26,73,22,4,43,31,107,83" hai1="37,54,17,81,56,78,29,45,106,44,118,104,12" hai2="55,28,3,117,99,100,113,24,63,98,114,93,1" hai3="89,95,132,18,46,66,74,121,7,129,116,72,125"/><U105/><E118/><V62/><F117/><W59/><G7/><T9/><D134/><U25/><E37/><V77/><F77/><W2/><G2/><T67/><D112/><N who="2" m="43114" /><F98/><W68/><G68/><T75/><D107/><U20/><E81/><V69/><F69/><W79/><G46/><T109/><D109/><U97/><BYE who="2" /><E78/><V19/><F19/><W47/><G121/><T124/><D67/><U0/><E0/><V111/><F111/><W10/><G79/><T108/><D108/><UN n2="%E4%BF%BA%E3%81%A8%E5%A6%96%E5%A4%A2" /><U92/><E92/><V36/><F36/><W60/><G116/><T27/><D124/><U85/><E85/><V30/><F30/><W80/><G80/><T41/><D39/><U21/><REACH who="1" step="1"/><E97/><REACH who="1" ten="160,240,340,250" step="2"/><V88/><F1/><W119/><G95/><T35/><D82/><U123/><E123/><V96/><F3/><W120/><G120/><T122/><D122/><U71/><E71/><V16/><F99/><W57/><G119/><T58/><D83/><U65/><E65/><V128/><F100/><W33/><G66/><T61/><D75/><U131/><E131/><V126/><F128/><W70/><G129/><T48/><D73/><U133/><E133/><V8/><F126/><W40/><G74/><T52/><D61/><AGARI ba="0,1" hai="12,17,20,21,25,29,44,45,54,56,61,104,105,106" machi="61" ten="40,7700,0" yaku="1,1,52,1,53,1" doraHai="49" doraHaiUra="11" who="1" fromWho="0" sc="160,-77,240,87,340,0,250,0" /><INIT seed="1,1,0,3,2,112" ten="83,327,340,250" oya="1" hai0="116,38,81,13,131,24,41,125,111,60,85,67,17" hai1="66,127,40,78,94,106,0,21,89,101,45,36,12" hai2="129,123,100,84,71,53,107,95,61,103,98,109,72" hai3="3,130,55,76,82,97,133,63,83,90,132,120,118"/><U87/><E0/><V32/><F123/><W122/><G3/><T113/><D24/><U18/><E127/><V59/><F32/><W6/><G6/><T52/><D113/><U128/><E128/><V30/><F30/><W117/><G63/><T51/><D38/><U43/><E43/><V105/><F129/><W25/><G55/><T15/><D41/><U10/><E66/><V2/><F2/><W8/><G8/><T73/><D73/><U115/><E115/><V42/><F72/><W65/><G25/><T9/><D15/><U102/><E106/><V14/><F71/><W44/><G44/><T69/><D131/><U110/><E110/><V49/><F109/><W88/><G65/><T91/><D125/><U104/><E104/><V16/><F100/><W35/><G130/><T75/><D75/><U5/><REACH who="1" step="1"/><E78/><REACH who="1" ten="83,317,340,250" step="2"/><V31/><F105/><W126/><G126/><T68/><D111/><U124/><E124/><V108/><F108/><W86/><G35/><T77/><D77/><U54/><E54/><V22/><F107/><W119/><G76/><T20/><D69/><U96/><E96/><V57/><F42/><W26/><G26/><T121/><D121/><N who="3" m="46697" /><G97/><T135/><D135/><N who="3" m="51785" /><G90/><T64/><D64/><U27/><AGARI ba="1,1" hai="5,10,12,18,21,27,36,40,45,87,89,94,101,102" machi="27" ten="20,3900,0" yaku="1,1,0,1,7,1,53,0" doraHai="112" doraHaiUra="29" who="1" fromWho="1" sc="83,-14,317,52,340,-14,250,-14" /><INIT seed="1,2,0,2,3,88" ten="69,369,326,236" oya="1" hai0="64,41,28,1,32,3,107,38,109,48,10,12,69" hai1="119,85,16,36,15,132,71,118,123,35,110,108,43" hai2="30,20,40,8,18,59,121,127,29,97,61,44,86" hai3="87,79,34,25,23,117,90,111,81,39,19,105,80"/><U129/><E123/><V113/><F121/><W7/><G111/><N who="1" m="42538" /><E132/><V6/><F127/><W13/><G117/><T57/><D107/><U98/><E129/><V126/><F126/><W42/><G105/><T112/><D112/><U91/><E35/><V5/><F113/><W65/><G65/><T104/><D104/><U14/><E14/><V128/><F128/><W17/><G7/><T62/><D109/><U22/><E71/><V56/><F97/><W101/><G101/><T133/><D133/><U106/><E43/><V125/><F125/><W47/><G34/><T124/><D124/><U52/><E36/><V135/><F86/><W26/><REACH who="3" step="1"/><G19/><REACH who="3" ten="69,369,326,226" step="2"/><N who="0" m="8599" /><D32/><U116/><E106/><V70/><F5/><W96/><G96/><T114/><D114/><U50/><E98/><V100/><F100/><W58/><G58/><T46/><D28/><U131/><E131/><V115/><F115/><W72/><AGARI ba="2,1" hai="13,17,23,25,26,39,42,47,72,79,80,81,87,90" machi="72" ten="20,2700,0" yaku="1,1,0,1,7,1,53,0" doraHai="88" doraHaiUra="102" who="3" fromWho="3" sc="69,-9,369,-15,326,-9,226,43" /><INIT seed="2,0,0,5,5,19" ten="60,354,317,269" oya="2" hai0="122,39,24,49,128,113,9,5,111,25,42,0,97" hai1="62,45,44,102,53,65,41,132,101,119,33,94,51" hai2="93,86,4,18,133,82,17,29,81,77,123,22,95" hai3="115,10,20,28,34,1,69,57,118,2,109,89,66"/><V96/><F123/><W73/><G73/><T134/><D122/><U12/><E119/><V85/><F133/><W54/><G118/><T52/><D113/><U11/><E33/><V70/><F70/><W75/><G75/><T121/><D121/><U26/><E26/><N who="2" m="16599" /><F4/><W61/><G109/><T63/><D111/><U130/><E130/><V125/><F125/><W99/><G115/><T114/><D128/><U48/><E94/><N who="2" m="35851" /><F96/><W78/><G34/><T104/><D134/><U106/><E106/><V38/><F38/><W3/><G99/><T35/><D114/><U30/><E30/><V37/><F37/><W32/><G32/><T135/><D39/><U31/><E31/><V27/><F27/><W68/><G78/><AGARI ba="0,0" hai="17,18,77,78,81,82,85,86" m="35851,16599" machi="78" ten="30,2900,0" yaku="8,1,52,1" doraHai="19" who="2" fromWho="3" sc="60,0,354,0,317,29,269,-29" /><INIT seed="2,1,0,1,4,42" ten="60,354,346,240" oya="2" hai0="12,15,66,134,9,82,99,122,80,116,108,53,4" hai1="103,92,110,114,48,131,10,127,37,115,47,97,113" hai2="55,1,74,20,104,28,2,44,31,30,68,38,63" hai3="41,132,90,22,76,100,105,119,35,135,18,25,64"/><V0/><F104/><W33/><G119/><T133/><D122/><U120/><E120/><V65/><F74/><W88/><G76/><T112/><D112/><U67/><E110/><V26/><REACH who="2" step="1"/><F55/><REACH who="2" ten="60,354,336,240" step="2"/><W85/><G105/><T60/><D53/><U117/><E115/><V70/><F70/><W19/><G135/><T78/><D133/><U61/><E114/><V73/><F73/><W101/><G132/><T54/><D134/><U86/><E113/><V56/><F56/><W124/><G64/><T40/><D66/><U87/><E67/><V58/><F58/><W6/><G41/><AGARI ba="1,1" hai="0,1,2,20,26,28,30,31,38,41,44,63,65,68" machi="41" ten="40,3900,0" yaku="1,1,52,1,53,0" doraHai="42" doraHaiUra="98" who="2" fromWho="3" sc="60,0,354,0,336,52,240,-42" /><INIT seed="2,2,0,0,1,109" ten="60,354,388,198" oya="2" hai0="69,59,0,16,121,17,98,11,35,66,74,46,4" hai1="129,87,21,128,37,60,126,95,72,53,49,24,5" hai2="65,119,130,23,39,19,36,108,85,52,115,42,25" hai3="116,9,61,15,47,118,1,106,63,67,83,96,127"/><V82/><F119/><W75/><G61/><T73/><D121/><U79/><E37/><V6/><F108/><W62/><G62/><T56/><D69/><U99/><E72/><V26/><F130/><W78/><G47/><T14/><D17/><U125/><E5/><V71/><F6/><N who="3" m="1231" /><G15/><T70/><D70/><U50/><E60/><V40/><F65/><W3/><G3/><T43/><D35/><U54/><E87/><V64/><F64/><W7/><G7/><T134/><D134/><U41/><E79/><V92/><F71/><N who="3" m="42495" /><G127/><N who="1" m="48650" /><E41/><V55/><F85/><W110/><G110/><T114/><D114/><U51/><E53/><V33/><F115/><W58/><G58/><T88/><D66/><U10/><E10/><V122/><F42/><W113/><G113/><T91/><D59/><U76/><E54/><V27/><F40/><W107/><G96/><T102/><D56/><U89/><E76/><V84/><F39/><W20/><G20/><T8/><D74/><U31/><AGARI ba="2,0" hai="21,24,31,49,50,51,89,95,99,128,129" m="48650" machi="31" ten="40,1500,0" yaku="18,1" doraHai="109" who="1" fromWho="1" sc="60,-6,354,21,388,-9,198,-6" /><INIT seed="3,0,0,2,2,72" ten="54,375,379,192" oya="3" hai0="43,59,40,107,15,92,33,75,115,108,111,73,130" hai1="95,110,3,97,14,80,102,118,20,56,66,126,36" hai2="76,123,64,116,60,8,114,30,44,124,26,119,63" hai3="31,55,34,84,71,83,13,23,11,131,10,86,129"/><W51/><G71/><T61/><D33/><U77/><E3/><V103/><F114/><W19/><G34/><T47/><D15/><U53/><E36/><V45/><F103/><W78/><G131/><T128/><D107/><U99/><E110/><V81/><F124/><W4/><G129/><T93/><D59/><U106/><E126/><V6/><F123/><W62/><G62/><T18/><D61/><U94/><E66/><V57/><F63/><W104/><G104/><T25/><D25/><U50/><E118/><V79/><F119/><W52/><G31/><T112/><REACH who="0" step="1"/><D47/><REACH who="0" ten="44,375,379,192" step="2"/><U91/><E106/><V70/><F45/><W65/><G65/><T85/><D85/><N who="1" m="48271" /><E14/><V17/><F44/><N who="3" m="27751" /><G4/><T22/><D22/><AGARI ba="0,1" hai="20,22,50,53,56,91,94,95,97,99,102" m="48271" machi="22" ten="30,2000,0" yaku="8,1,52,1" doraHai="72" who="1" fromWho="0" sc="44,-20,375,30,379,0,192,0" owari="24,-47.6,405,50.5,379,17.9,192,-20.8" /></mjloggm>