<mjloggm ver="2.3"><GO type="225" lobby="0"/><UN n0="%E3%81%90%E3%81%A1%E3%82%84%E3%81%BE" n1="%E3%82%A4%E3%83%BC%E3%82%B1%E3%83%97%E3%83%A9" n2="%E7%99%BD%E5%80%89%E5%AF%9B%E4%B9%8B" n3="%E3%81%BF%E3%81%BF%E3%81%9A" dan="16,16,16,17" rate="2132.94,2108.30,2146.53,2183.33" sx="M,M,M,M"/><TAIKYOKU oya="0"/><INIT seed="0,0,0,0,1,131" ten="250,250,250,250" oya="0" hai0="15,22,33,123,133,30,102,25,41,125,122,128,43" hai1="23,75,77,115,16,101,97,82,7,94,38,14,68" hai2="46,67,3,78,95,62,54,109,50,27,36,106,105" hai3="10,2,60,5,119,135,86,84,53,73,55,126,112"/><T103/><D128/><U130/><E130/><V17/><F3/><W61/><G73/><T49/><D125/><U48/><E38/><V91/><F78/><W69/><G112/><T52/><D133/><U88/><E115/><V96/><F109/><W32/><G32/><T19/><D102/><U13/><E68/><V66/><F66/><W24/><G24/><T107/><D103/><U44/><E101/><V47/><F47/><W98/><G98/><T34/><D107/><U1/><E1/><V26/><F36/><W132/><G119/><T59/><REACH who="0" step="1"/><D34/><REACH who="0" ten="240,250,250,250" step="2"/><U63/><E63/><N who="3" m="24138" /><G126/><T117/><D117/><U64/><E64/><V113/><F113/><W40/><G69/><T129/><D129/><U100/><E100/><V57/><F106/><W116/><G116/><T31/><D31/><U42/><REACH who="1" step="1"/><E7/><REACH who="1" ten="240,240,250,250" step="2"/><V120/><F105/><W134/><G40/><AGARI ba="0,2" hai="15,19,22,25,30,33,40,41,43,49,52,59,122,123" machi="40" ten="40,3900,0" yaku="1,1,54,1,53,0" doraHai="131" doraHaiUra="104" who="0" fromWho="3" sc="240,59,240,0,250,0,250,-39" /><INIT seed="0,1,0,2,0,104" ten="299,240,250,211" oya="0" hai0="1,91,28,46,89,124,66,60,24,113,62,55,8" hai1="74,15,98,49,18,135,56,72,7,35,58,76,71" hai2="118,84,121,59,65,54,43,23,64,130,11,134,63" hai3="105,29,57,132,92,68,40,69,122,103,94,17,3"/><T10/><D124/><U39/><E39/><V79/><F121/><W50/><G3/><T38/><D113/><U133/><E71/><V2/><F130/><W0/><G0/><T85/><D89/><U102/><E35/><V73/><F134/><N who="1" m="51209" /><E7/><V129/><F129/><W126/><G29/><T115/><D115/><U128/><E76/><V53/><F118/><W106/><G17/><T99/><D99/><U31/><E31/><V90/><F43/><W12/><G12/><T131/><D1/><U70/><E70/><V97/><F97/><W125/><G132/><T96/><D96/><U16/><E128/><V81/><F23/><W41/><G50/><T51/><D38/><U30/><E30/><V4/><REACH who="2" step="1"/><F65/><REACH who="2" ten="299,240,240,211" step="2"/><W77/><G103/><T42/><D42/><U93/><E18/><V123/><F123/><W44/><G122/><T19/><D19/><U34/><E34/><V37/><F37/><W6/><G40/><T32/><D131/><U82/><E82/><AGARI ba="1,1" hai="2,4,11,53,54,59,63,64,73,79,81,82,84,90" machi="82" ten="30,3900,0" yaku="1,1,7,1,52,1,53,0" doraHai="104" doraHaiUra="116" who="2" fromWho="1" sc="299,0,240,-42,240,52,211,0" /><INIT seed="1,0,0,1,2,126" ten="299,198,292,211" oya="1" hai0="12,18,58,111,106,79,72,78,91,68,39,98,44" hai1="40,129,85,127,56,27,134,14,10,83,7,51,25" hai2="123,64,45,130,93,107,22,33,55,9,97,62,16" hai3="81,88,101,15,42,132,99,54,50,133,102,59,120"/><U17/><E127/><V61/><F33/><W131/><G120/><T66/><D68/><U19/><E134/><N who="3" m="51818" /><G131/><T95/><D111/><U8/><E129/><V103/><F123/><W29/><G29/><T52/><D72/><U100/><E100/><V63/><F130/><W76/><G42/><T90/><D106/><U47/><E56/><V110/><F110/><W0/><G0/><T41/><D90/><U26/><REACH who="1" step="1"/><E10/><REACH who="1" ten="299,188,292,211" step="2"/><V23/><F9/><W108/><G108/><T31/><D66/><U2/><E2/><V11/><F64/><W1/><G1/><T75/><D75/><U21/><E21/><V128/><F128/><W92/><G15/><T73/><D73/><AGARI ba="0,1" hai="50,54,59,73,76,81,88,92,99,101,102" m="51818" machi="73" ten="30,2000,0" yaku="20,1,54,1" doraHai="126" who="3" fromWho="0" sc="299,-20,188,0,292,0,211,30" /><INIT seed="2,0,0,5,0,9" ten="279,188,292,241" oya="2" hai0="14,44,75,48,86,101,24,40,94,4,47,80,122" hai1="7,88,46,100,92,135,27,52,107,3,71,130,110" hai2="13,26,59,23,54,108,2,37,105,112,96,113,51" hai3="33,38,5,50,34,42,66,73,103,53,76,89,12"/><V32/><F2/><W55/><G66/><T128/><D122/><U127/><E71/><V132/><F37/><W22/><G103/><T18/><D128/><U90/><E130/><V85/><F132/><W99/><G38/><T95/><D75/><U118/><E118/><V84/><F108/><W102/><G89/><T77/><D101/><U19/><E110/><V134/><F134/><W93/><G42/><T83/><D83/><U57/><E127/><V0/><F0/><W36/><G36/><T58/><D47/><U62/><E135/><V81/><F32/><W61/><G61/><T25/><D58/><U56/><E107/><V6/><F96/><W91/><G55/><T16/><D4/><U29/><E19/><N who="0" m="7209" /><D14/><U10/><E46/><V72/><F105/><W17/><G5/><T129/><D129/><U120/><E57/><V69/><F69/><W124/><G124/><T11/><D11/><U106/><E106/><V68/><F68/><W28/><G28/><T116/><D116/><U20/><REACH who="1" step="1"/><E120/><REACH who="1" ten="279,178,292,241" step="2"/><V15/><F59/><W114/><G114/><T60/><D60/><U64/><E64/><V82/><F113/><W104/><G53/><T79/><D44/><U39/><E39/><V117/><F112/><W109/><G109/><T119/><D119/><U78/><E78/><V74/><F54/><W111/><G111/><T1/><D79/><U87/><E87/><V67/><F117/><W31/><G31/><T49/><D40/><U126/><E126/><V97/><F67/><W131/><G131/><T65/><D65/><U63/><E63/><V98/><F85/><RYUUKYOKU ba="0,1" sc="279,-10,178,30,292,-10,241,-10" hai1="3,7,10,20,27,29,52,56,62,88,90,92,100" /><INIT seed="3,1,1,0,2,118" ten="269,208,282,231" oya="3" hai0="0,113,52,115,47,57,54,43,11,55,61,112,60" hai1="63,111,76,12,33,17,91,35,128,72,107,32,68" hai2="122,9,20,80,41,22,83,29,59,56,15,53,120" hai3="19,84,64,36,117,42,10,2,87,18,108,31,126"/><W92/><G117/><T101/><D101/><U114/><E114/><V127/><F41/><W116/><G116/><T65/><D0/><U129/><E107/><V75/><F127/><W24/><G64/><N who="0" m="38927" /><D11/><U102/><E102/><V28/><F59/><W62/><G62/><T6/><D6/><U90/><E111/><V4/><F22/><W37/><G126/><T21/><D21/><U134/><E134/><V30/><F20/><W50/><G50/><N who="0" m="27007" /><D55/><U81/><E63/><N who="2" m="36239" /><F75/><W86/><G108/><T13/><D13/><U74/><E68/><AGARI ba="1,1" hai="52,54,61,65,68,112,113,115" m="27007,38927" machi="68" ten="30,7700,0" yaku="11,1,34,2,54,1" doraHai="118" who="0" fromWho="1" sc="269,90,208,-80,282,0,231,0" owari="359,45.9,128,-37.2,282,8.2,231,-16.9" /></mjloggm>