<mjloggm ver="2.3"><GO type="225" lobby="0"/><UN n0="%E3%81%BF%E3%81%BF%E3%81%9A" n1="%70%68%65%6E%6F%6D%65" n2="%40%77%61%6B%61" n3="%33%74%72%65%65" dan="18,16,16,17" rate="2198.22,2161.14,2084.19,2204.45" sx="M,M,M,F"/><TAIKYOKU oya="0"/><INIT seed="0,0,0,1,1,60" ten="250,250,250,250" oya="0" hai0="17,126,72,45,125,63,44,50,48,86,5,96,55" hai1="120,66,3,52,53,83,87,67,15,69,104,8,76" hai2="90,97,109,112,9,31,10,128,42,39,108,23,56" hai3="88,43,16,122,85,135,117,71,1,124,101,6,65"/><T93/><D72/><U73/><E120/><V115/><F128/><W114/><G114/><T49/><D5/><U64/><E69/><V18/><F31/><W33/><G117/><T13/><D86/><U30/><E104/><V110/><F42/><W79/><G33/><T116/><D116/><U14/><E30/><V32/><F32/><W70/><G79/><T28/><D28/><U35/><E35/><V21/><F39/><W111/><G101/><T22/><D63/><U102/><E102/><V75/><F75/><W107/><G107/><T100/><REACH who="0" step="1"/><D49/><REACH who="0" ten="240,250,250,250" step="2"/><U24/><E73/><V123/><F123/><W106/><G85/><T129/><D129/><U19/><E3/><V29/><F112/><W121/><G6/><T130/><D130/><U99/><E99/><V34/><F115/><W59/><G1/><T94/><D94/><U27/><E15/><V77/><F108/><W80/><G111/><T57/><D57/><U54/><AGARI ba="0,1" hai="8,14,19,24,27,52,53,54,64,66,67,76,83,87" machi="54" ten="30,12000,2" yaku="0,1,8,1,52,3,54,1" doraHai="60" who="1" fromWho="1" sc="240,-60,250,130,250,-30,250,-30" /><INIT seed="1,0,0,1,4,93" ten="180,380,220,220" oya="1" hai0="10,83,117,81,88,57,85,121,101,0,60,113,111" hai1="24,43,100,84,87,118,59,6,74,91,68,120,42" hai2="36,34,79,86,11,26,9,27,67,96,98,8,109" hai3="1,14,110,104,133,69,119,35,112,50,52,2,82"/><U44/><E118/><V65/><F36/><W124/><RYUUKYOKU type="yao9" ba="0,0" sc="180,0,380,0,220,0,220,0" hai3="1,2,14,35,50,52,69,82,104,110,112,119,124,133" /><INIT seed="1,1,0,0,2,76" ten="180,380,220,220" oya="1" hai0="65,70,28,87,105,56,130,131,16,109,62,75,5" hai1="100,29,86,7,48,44,58,35,36,126,33,107,90" hai2="55,32,85,41,11,78,111,3,84,132,71,66,63" hai3="102,115,89,9,110,46,121,88,77,69,67,53,54"/><U108/><E36/><V122/><F111/><W0/><G121/><T49/><D75/><U103/><E58/><V96/><F122/><W81/><G115/><T12/><D105/><U106/><E7/><V129/><F32/><W10/><G110/><T52/><D109/><U112/><E112/><V94/><F132/><W116/><G116/><T59/><D28/><U61/><E61/><V104/><F104/><W124/><G124/><T23/><D5/><U6/><E6/><V114/><F129/><N who="0" m="49162" /><D87/><U19/><E29/><V118/><F118/><W125/><G125/><T45/><AGARI ba="1,0" hai="12,16,23,45,49,52,56,59,62,65,70" m="49162" machi="45" ten="30,4000,0" yaku="19,1,54,2" doraHai="76" who="0" fromWho="0" sc="180,43,380,-21,220,-11,220,-11" /><INIT seed="2,0,0,5,3,88" ten="223,359,209,209" oya="2" hai0="29,11,82,64,106,58,85,122,120,30,8,112,45" hai1="129,103,68,12,34,86,49,35,97,54,65,21,94" hai2="70,87,18,128,67,114,28,66,102,36,47,25,37" hai3="63,111,93,71,90,15,74,38,42,27,13,53,0"/><V69/><F114/><W26/><G0/><T22/><D106/><U79/><E129/><V101/><F128/><W51/><G74/><T17/><D112/><U46/><E68/><V104/><F87/><W52/><G111/><T2/><D45/><U43/><E65/><V133/><F133/><W99/><G38/><T89/><D122/><U92/><E34/><V48/><F18/><W119/><G119/><T115/><D115/><U108/><E35/><V10/><F10/><N who="0" m="3626" /><D2/><U1/><E1/><V110/><F110/><W118/><G118/><T84/><D120/><U39/><E108/><V24/><F48/><W81/><G71/><T60/><D84/><U109/><E109/><V127/><F28/><W123/><G123/><T134/><D134/><U78/><E39/><V83/><F83/><W91/><G42/><T55/><D64/><U61/><E12/><AGARI ba="0,0" hai="12,17,22,29,30,55,58,60,82,85,89" m="3626" machi="12" ten="30,1000,0" yaku="8,1" doraHai="88" who="0" fromWho="1" sc="223,10,359,-10,209,0,209,0" /><INIT seed="3,0,0,4,5,108" ten="233,349,209,209" oya="3" hai0="9,119,49,93,88,96,4,21,128,54,125,47,103" hai1="56,36,64,122,60,132,130,28,116,129,31,10,101" hai2="25,105,80,33,16,83,127,2,29,92,117,77,104" hai3="40,89,11,53,59,39,113,34,82,124,51,1,111"/><W120/><G120/><T134/><D119/><U22/><E122/><V26/><F117/><W69/><G113/><T74/><D128/><N who="1" m="49259" /><E116/><V76/><F2/><W41/><G111/><T91/><D125/><U55/><E132/><V20/><F127/><W133/><G124/><T71/><D134/><U90/><E36/><V30/><F92/><W32/><G133/><T15/><D74/><U126/><E101/><V106/><REACH who="2" step="1"/><F29/><REACH who="2" ten="233,349,199,209" step="2"/><W94/><G82/><AGARI ba="0,1" hai="16,20,25,26,30,33,76,77,80,82,83,104,105,106" machi="82" ten="40,5200,0" yaku="1,1,2,1,54,1,53,0" doraHai="108" doraHaiUra="123" who="2" fromWho="3" sc="233,0,349,0,199,62,209,-52" owari="233,-16.7,349,44.9,261,6.1,157,-34.3" /></mjloggm>