<mjloggm ver="2.3"><GO type="225" lobby="0"/><UN n0="%E3%83%96%E3%83%83%E3%83%91%E3%82%AA%E3%83%96%E3%83%81%E3%82%AD%E3%83%B3" n1="%77%72%77%72%77%72%77%72" n2="%E3%81%95%E3%81%8D%E3%81%9F%E3%81%BE%E6%9E%97%E6%AA%8E" n3="%E7%B4%94%E6%BD%94%E3%83%94%E3%83%A9%E3%83%8B%E3%82%A2" dan="16,16,16,17" rate="2188.35,2097.50,2097.20,2186.24" sx="M,M,M,M"/><TAIKYOKU oya="0"/><INIT seed="0,0,0,0,1,78" ten="250,250,250,250" oya="0" hai0="35,19,114,37,89,118,130,45,14,73,9,92,66" hai1="10,77,63,18,120,64,87,84,75,125,113,1,116" hai2="83,27,30,88,76,126,135,44,26,107,95,42,29" hai3="46,4,23,22,123,96,101,93,74,43,105,5,54"/><T98/><D114/><U121/><E116/><V40/><F107/><W70/><G123/><T13/><D118/><U61/><E113/><V60/><F126/><W39/><G70/><T133/><D133/><U129/><E125/><V90/><F135/><W79/><G54/><T17/><D130/><U52/><E129/><V62/><F76/><W119/><G105/><T110/><D73/><U56/><E75/><V68/><F68/><W115/><G115/><T33/><D110/><U51/><E61/><V97/><F44/><W8/><G5/><T80/><D66/><U127/><E127/><V86/><F62/><W53/><G53/><T21/><REACH who="0" step="1"/><D80/><REACH who="0" ten="240,250,250,250" step="2"/><U104/><E120/><V132/><F132/><W131/><G119/><T102/><D102/><U16/><E121/><V108/><F108/><W94/><G131/><T50/><D50/><U82/><E104/><V81/><F81/><W11/><G101/><T25/><D25/><N who="2" m="9226" /><F60/><W55/><G74/><T47/><D47/><U122/><E122/><V109/><F109/><W34/><G46/><T7/><D7/><U49/><E49/><V134/><F134/><W12/><G4/><T103/><D103/><U69/><E1/><V128/><F128/><W100/><G100/><T41/><AGARI ba="0,1" hai="9,13,14,17,19,21,33,35,37,41,45,89,92,98" machi="41" ten="30,3000,0" yaku="1,1,0,1,53,0" doraHai="78" doraHaiUra="57" who="0" fromWho="0" sc="240,40,250,-10,250,-10,250,-10" /><INIT seed="0,1,0,4,0,50" ten="280,240,240,240" oya="0" hai0="121,112,82,3,12,17,43,40,89,33,15,134,46" hai1="135,76,45,87,117,5,127,118,62,77,57,85,24" hai2="26,79,29,132,125,113,0,8,80,58,52,18,95" hai3="20,71,36,108,116,120,98,72,133,11,128,9,39"/><T53/><D112/><U61/><E135/><V23/><F113/><W107/><RYUUKYOKU type="yao9" ba="1,0" sc="280,0,240,0,240,0,240,0" hai3="9,11,20,36,39,71,72,98,107,108,116,120,128,133" /><INIT seed="0,2,0,5,3,11" ten="280,240,240,240" oya="0" hai0="53,126,9,87,43,16,23,91,59,47,109,97,15" hai1="36,79,129,30,69,54,114,80,86,46,37,3,32" hai2="75,77,42,64,118,106,8,29,81,111,102,7,61" hai3="49,110,135,48,90,78,31,44,68,4,6,116,132"/><T83/><D126/><U119/><E119/><V66/><F111/><W24/><G110/><T33/><D109/><U62/><E3/><N who="2" m="127" /><F118/><W34/><G116/><T130/><D130/><U17/><E129/><V107/><F66/><W26/><G68/><T117/><D117/><U121/><E121/><V124/><F124/><W108/><G108/><T65/><D33/><U20/><E114/><V88/><F88/><W14/><G78/><T84/><D65/><U19/><E19/><V63/><F63/><W67/><G67/><T134/><D134/><N who="3" m="51241" /><G24/><T58/><D97/><U21/><E32/><V60/><F60/><W27/><G27/><T52/><D9/><U38/><E69/><N who="2" m="42127" /><F102/><W51/><G14/><T18/><D18/><U93/><E93/><V113/><F113/><W128/><G128/><T127/><D127/><U55/><E62/><V104/><F29/><W76/><G76/><T1/><D1/><U13/><REACH who="1" step="1"/><E46/><REACH who="1" ten="280,230,240,240" step="2"/><V89/><F107/><W40/><G6/><T98/><D98/><U95/><E95/><V99/><F106/><W125/><G4/><T115/><D115/><U101/><E101/><N who="2" m="62527" /><F89/><W72/><G90/><T57/><REACH who="0" step="1"/><D87/><REACH who="0" ten="270,230,240,240" step="2"/><U56/><E56/><V131/><F131/><W112/><G112/><T73/><D73/><U5/><E5/><V39/><F75/><W12/><G72/><T45/><D45/><U25/><AGARI ba="2,2" hai="13,17,20,21,25,30,36,37,38,54,55,79,80,86" machi="25" ten="40,5200,0" yaku="1,1,0,1,52,1,53,0" doraHai="11" doraHaiUra="120" who="1" fromWho="1" sc="270,-28,230,78,240,-15,240,-15" /><INIT seed="1,0,0,3,4,105" ten="242,308,225,225" oya="1" hai0="22,76,133,70,20,123,116,86,58,41,48,112,6" hai1="44,59,104,5,117,132,63,102,60,30,23,38,93" hai2="27,37,134,80,77,50,65,81,16,114,28,129,54" hai3="118,17,100,74,36,111,62,122,89,119,2,52,101"/><U51/><E117/><N who="3" m="44554" /><G122/><T68/><D116/><U91/><E132/><V75/><F134/><W61/><G2/><T130/><D133/><U90/><E38/><V11/><F37/><W126/><G36/><T125/><D112/><U1/><E104/><V9/><F114/><W0/><G0/><T107/><D107/><U64/><E63/><N who="3" m="24074" /><G111/><T46/><D123/><U32/><E32/><V84/><F65/><W87/><G126/><T108/><D108/><U73/><E5/><V24/><F129/><W56/><G17/><T94/><D125/><U66/><E66/><V92/><F92/><N who="3" m="54335" /><G74/><T97/><D130/><U14/><E73/><V110/><F110/><W18/><G18/><T98/><D6/><U99/><E1/><V31/><F16/><W4/><G4/><T135/><D135/><U127/><E127/><V67/><F67/><W120/><G120/><T85/><D70/><U88/><E14/><V25/><F31/><W10/><G10/><T72/><D68/><U45/><E51/><AGARI ba="0,0" hai="51,52,56,100,101" m="54335,24074,44554" machi="51" ten="30,2000,0" yaku="12,1,54,1" doraHai="105" who="3" fromWho="1" sc="242,0,308,-20,225,0,225,20" /><INIT seed="2,0,0,2,0,35" ten="242,288,225,245" oya="2" hai0="83,90,85,88,121,106,94,63,25,14,91,130,75" hai1="6,82,67,124,81,100,7,53,51,4,62,93,17" hai2="47,0,122,9,116,42,38,104,46,117,70,55,13" hai3="12,21,129,65,97,77,80,10,26,120,71,30,60"/><V20/><F104/><W27/><G129/><T103/><D130/><U112/><E124/><V78/><F122/><W110/><G110/><T113/><D121/><U37/><E37/><V76/><F70/><W96/><G26/><T34/><D113/><U50/><E112/><V8/><F20/><W59/><G71/><T68/><D14/><U87/><E17/><V107/><F107/><W11/><G11/><T22/><D34/><U18/><E18/><V134/><F134/><W54/><G65/><T95/><D68/><U102/><E51/><V115/><F115/><W89/><G89/><N who="0" m="34411" /><D63/><U119/><E119/><V43/><F55/><W105/><G105/><T79/><D22/><U108/><E108/><V23/><F23/><W29/><G30/><T73/><D25/><U19/><E19/><V48/><F13/><W1/><G1/><T98/><D95/><U57/><E93/><V86/><F86/><AGARI ba="0,0" hai="73,75,79,83,85,86,91,94,98,103,106" m="34411" machi="86" ten="30,12000,2" yaku="35,5,54,1" doraHai="35" who="0" fromWho="2" sc="242,120,288,0,225,-120,245,0" /><INIT seed="3,0,0,5,0,49" ten="362,288,105,245" oya="3" hai0="114,75,37,0,28,100,86,134,45,23,116,69,66" hai1="42,17,71,35,113,77,95,124,82,73,43,11,16" hai2="52,27,64,101,94,84,26,129,103,80,32,34,60" hai3="120,115,128,105,106,127,102,107,92,21,19,39,1"/><W110/><G115/><T123/><D116/><U56/><E71/><V132/><F132/><W130/><G120/><T135/><D123/><U79/><E113/><V3/><F3/><W13/><G39/><T9/><D75/><U55/><E35/><V76/><F129/><N who="3" m="49771" /><G1/><T10/><D114/><U81/><E95/><V54/><F34/><W90/><G127/><T7/><D100/><U63/><E124/><V25/><F32/><W41/><G41/><T112/><D112/><U98/><E98/><V83/><F83/><W24/><G110/><T53/><D10/><U122/><E122/><V96/><REACH who="2" step="1"/><F101/><REACH who="2" ten="362,288,95,245" step="2"/><W133/><G102/><T36/><D0/><U131/><E131/><V126/><F126/><W8/><G133/><T5/><D134/><U50/><E81/><V38/><F38/><W104/><G104/><T18/><D37/><U111/><E111/><V2/><F2/><W31/><G107/><T97/><D36/><U15/><E79/><V109/><F109/><W108/><G108/><T44/><D135/><U46/><REACH who="1" step="1"/><E42/><REACH who="1" ten="362,278,95,245" step="2"/><V125/><F125/><W4/><G106/><T61/><D69/><AGARI ba="0,2" hai="25,26,27,52,54,60,64,69,76,80,84,94,96,103" machi="69" ten="40,8000,1" yaku="1,1,52,2,54,1,53,0" doraHai="49" doraHaiUra="87" who="2" fromWho="0" sc="362,-80,278,0,95,100,245,0" /><INIT seed="4,0,0,3,4,104" ten="282,278,195,245" oya="0" hai0="27,32,22,92,99,1,135,109,81,134,40,8,120" hai1="64,116,87,55,93,115,68,111,89,33,42,18,63" hai2="73,86,37,88,77,4,34,62,17,6,105,125,100" hai3="59,58,80,36,30,49,91,130,70,23,43,128,127"/><T29/><D120/><U53/><E111/><V65/><F37/><W15/><G70/><T84/><D109/><U51/><E116/><V95/><F34/><W7/><G127/><T90/><D40/><U21/><E33/><V121/><F125/><W13/><G36/><T82/><D32/><U122/><E122/><V71/><F121/><W98/><G43/><T14/><D1/><U60/><E60/><V124/><F124/><W74/><G98/><T102/><REACH who="0" step="1"/><D82/><REACH who="0" ten="272,278,195,245" step="2"/><U25/><E115/><V11/><F11/><W123/><G80/><T45/><D45/><U75/><E42/><V131/><F131/><W48/><G123/><T24/><D24/><U106/><E25/><V3/><F3/><W10/><G10/><T57/><D57/><U126/><E68/><V103/><F17/><AGARI ba="0,1" hai="8,14,17,22,27,29,81,84,90,92,99,102,134,135" machi="17" ten="40,2000,0" yaku="1,1,53,0" doraHai="104" doraHaiUra="101" who="0" fromWho="2" sc="272,30,278,0,195,-20,245,0" owari="302,40.2,278,7.8,175,-32.5,245,-15.5" /></mjloggm>