<mjloggm ver="2.3"><GO type="225" lobby="0"/><UN n0="%E3%81%BF%E3%81%BF%E3%81%9A" n1="%73%69%67%65%6E%6F%72%69" n2="%EF%BC%AE%EF%BC%A1%EF%BC%AF%33%33%39" n3="%E7%99%BD%E5%80%89%E5%AF%9B%E4%B9%8B" dan="18,18,16,16" rate="2210.92,2214.57,2127.45,2122.53" sx="M,M,M,M"/><TAIKYOKU oya="0"/><INIT seed="0,0,0,4,3,107" ten="250,250,250,250" oya="0" hai0="58,24,115,105,129,128,99,100,98,76,119,109,25" hai1="20,93,135,51,77,68,130,80,65,7,34,75,36" hai2="16,17,103,64,111,12,126,21,37,10,13,57,35" hai3="49,48,53,30,94,23,26,9,14,42,114,56,15"/><T29/><D115/><U121/><E121/><V91/><F37/><W50/><G114/><T27/><D119/><U43/><E34/><V32/><F103/><W3/><G3/><T86/><D109/><U46/><E135/><V52/><F64/><W82/><G42/><T113/><D113/><U131/><E7/><V125/><F91/><W123/><G123/><T122/><D122/><U39/><E20/><V38/><F38/><W19/><G82/><N who="0" m="47431" /><D98/><U127/><E127/><N who="2" m="48651" /><F111/><W88/><REACH who="3" step="1"/><G15/><REACH who="3" ten="250,250,250,240" step="2"/><T95/><D105/><U106/><E106/><V133/><F133/><W74/><G74/><T87/><D129/><N who="1" m="49163" /><E93/><V44/><F44/><W62/><G62/><AGARI ba="0,1" hai="36,39,43,46,51,62,65,68,75,77,80" m="49163" machi="62" ten="30,2000,0" yaku="19,1,52,1" doraHai="107" who="1" fromWho="3" sc="250,0,250,30,250,0,240,-20" /><AGARI ba="0,0" hai="10,12,13,16,17,21,32,35,52,57,62" m="48651" machi="62" ten="30,3900,0" yaku="18,1,54,2" doraHai="107" who="2" fromWho="3" sc="250,0,280,0,250,39,220,-39" /><INIT seed="1,0,0,5,3,13" ten="250,280,289,181" oya="1" hai0="40,64,48,77,50,30,74,113,110,71,122,134,72" hai1="90,57,76,127,34,20,16,10,78,73,126,117,53" hai2="82,88,93,104,130,28,9,8,36,15,43,111,66" hai3="69,52,105,41,116,63,85,37,31,0,135,81,91"/><U14/><E34/><V39/><F104/><W51/><G0/><T38/><D113/><U18/><E117/><V19/><F28/><W6/><G6/><T86/><D30/><U21/><E90/><V32/><F32/><W49/><G105/><T125/><D110/><U56/><E73/><V107/><F107/><W23/><G116/><T5/><D5/><U120/><E120/><V89/><F66/><W60/><G135/><T47/><D134/><U128/><E128/><V118/><F118/><W131/><G131/><T55/><D48/><U99/><E99/><V84/><F130/><W124/><G124/><N who="1" m="47658" /><E56/><V112/><F111/><W123/><G123/><T29/><D125/><U87/><E87/><V3/><F43/><W95/><G37/><T7/><D122/><U58/><E58/><V26/><F112/><W25/><G69/><T61/><D7/><U27/><E10/><V80/><F9/><W101/><G41/><T12/><D29/><U103/><E103/><V24/><F82/><W67/><G67/><T97/><D97/><U132/><E132/><V94/><F80/><W54/><G101/><T59/><D86/><U106/><E106/><V100/><F100/><W75/><G81/><T35/><D35/><U22/><E20/><V11/><F11/><W102/><G102/><T115/><D115/><U96/><E96/><V114/><F114/><W4/><G75/><N who="0" m="28715" /><D77/><U121/><E121/><V33/><F33/><W133/><G133/><T79/><D79/><U45/><E45/><V46/><F46/><N who="3" m="27703" /><G4/><T1/><D1/><U129/><E129/><V2/><F2/><RYUUKYOKU ba="0,0" sc="250,10,280,10,289,-30,181,10" hai0="12,38,40,47,50,55,59,61,64,71" hai1="14,16,18,21,22,27,53,57,76,78" hai3="23,25,31,51,54,60,63,85,91,95" /><INIT seed="1,1,0,0,3,111" ten="260,290,259,191" oya="1" hai0="6,30,25,8,24,0,52,127,10,46,13,128,29" hai1="94,134,22,91,103,97,2,110,60,19,119,64,102" hai2="99,39,45,70,51,96,78,17,34,15,85,33,27" hai3="73,4,28,21,121,36,1,62,32,76,80,92,68"/><U66/><E119/><V123/><F123/><W83/><G121/><T20/><D127/><U35/><E35/><V63/><F39/><W14/><G36/><T106/><D106/><U88/><E2/><V3/><F3/><W122/><G122/><T38/><D128/><U44/><E110/><V23/><F70/><W109/><G109/><T86/><D38/><U11/><E134/><V77/><F63/><W130/><G130/><T65/><D65/><N who="1" m="25195" /><E11/><V40/><F34/><W54/><G92/><T67/><D67/><U89/><E44/><V12/><F33/><W105/><G105/><T49/><D86/><U90/><E60/><V47/><F47/><W50/><G83/><T132/><D132/><U101/><N who="1" m="22528" /><DORA hai="57" /><U69/><E69/><V114/><F114/><W79/><G62/><T81/><D81/><U100/><E100/><V5/><F85/><W108/><G68/><T72/><D72/><U87/><E87/><V135/><F135/><W26/><G76/><N who="2" m="29289" /><F5/><W7/><G108/><T18/><REACH who="0" step="1"/><D25/><AGARI ba="1,0" hai="19,22,25,94,97,101,102,103" m="22528,25195" machi="25" ten="40,3900,0" yaku="8,1,54,1" doraHai="111,57" who="1" fromWho="0" sc="260,-42,290,42,259,0,191,0" /><INIT seed="1,2,0,2,2,78" ten="218,332,259,191" oya="1" hai0="13,115,72,5,126,102,71,79,56,123,130,31,16" hai1="132,46,54,34,25,134,88,120,69,135,99,43,75" hai2="28,62,49,19,18,110,64,67,131,129,127,109,104" hai3="47,74,42,63,114,125,20,59,9,30,90,23,66"/><U26/><E120/><V121/><F104/><W22/><G114/><T133/><D71/><U124/><E124/><V12/><F121/><W85/><G74/><T27/><D123/><U95/><E34/><V44/><F28/><W81/><G125/><T116/><D116/><U70/><E75/><V93/><F93/><W80/><G9/><T8/><D115/><U86/><E54/><N who="2" m="29991" /><F127/><W122/><G122/><T15/><D126/><U1/><E1/><V94/><F94/><N who="3" m="54607" /><G30/><T105/><D130/><N who="2" m="49674" /><F64/><W97/><G97/><T38/><D133/><U41/><E41/><V45/><F45/><W55/><G42/><T11/><D38/><N who="1" m="21879" /><E99/><V3/><F3/><W98/><G98/><T112/><D112/><U17/><E26/><V37/><F37/><W58/><G47/><T32/><D105/><U0/><E0/><V33/><F33/><W57/><G57/><T35/><D56/><U89/><E70/><N who="2" m="42359" /><F19/><W39/><G39/><T50/><D50/><AGARI ba="2,0" hai="20,22,23,50,55,58,59,63,66,80,81" m="54607" machi="50" ten="30,3900,0" yaku="8,1,52,2" doraHai="78" who="3" fromWho="0" sc="218,-45,332,0,259,0,191,45" /><INIT seed="2,0,0,0,3,36" ten="173,332,259,236" oya="2" hai0="108,93,119,19,96,47,86,83,4,76,84,11,104" hai1="24,133,129,3,50,81,116,106,56,107,75,42,6" hai2="134,38,69,52,37,58,20,12,22,13,80,45,92" hai3="117,17,102,89,48,32,64,18,63,135,71,61,43"/><V111/><F69/><W100/><G117/><T103/><D108/><U28/><E116/><V94/><F111/><W23/><G32/><T97/><D119/><U65/><E129/><V114/><F114/><W130/><G130/><T124/><D124/><U9/><E133/><V99/><F134/><W5/><G135/><T78/><D19/><U46/><E65/><V77/><F94/><W126/><G126/><T112/><D112/><U53/><E81/><V91/><F38/><W87/><G18/><T40/><D76/><U59/><E75/><V66/><F66/><W121/><G5/><T26/><D26/><U72/><E72/><V82/><F45/><N who="3" m="25663" /><G71/><T21/><D21/><N who="2" m="8298" /><F37/><W15/><G121/><T115/><D115/><U70/><E70/><V7/><F77/><W41/><G41/><T0/><D97/><U128/><E128/><V31/><F31/><W73/><G73/><T113/><D113/><U8/><E59/><V33/><F33/><W49/><G49/><T16/><D16/><U85/><E107/><V88/><F91/><W101/><G64/><T110/><D110/><U79/><E106/><V127/><F127/><W131/><G131/><T54/><D54/><U39/><E28/><V132/><F132/><W55/><G55/><T120/><D120/><U123/><E123/><V118/><F118/><W29/><G29/><T67/><D67/><U35/><E35/><V95/><F95/><AGARI ba="0,0" hai="15,17,23,61,63,87,89,95,100,101,102" m="25663" machi="95" ten="30,2000,0" yaku="8,1,52,1" doraHai="36" who="3" fromWho="2" sc="173,0,332,0,259,-20,236,20" /><INIT seed="3,0,0,1,2,37" ten="173,332,239,256" oya="3" hai0="42,49,58,97,77,129,114,38,13,120,73,55,107" hai1="41,95,130,0,65,4,23,76,134,108,113,66,47" hai2="85,87,48,83,122,8,22,117,40,51,54,19,3" hai3="128,46,71,67,86,124,24,31,82,93,53,11,84"/><W14/><G128/><T98/><D120/><U18/><E113/><V36/><F117/><W64/><G124/><T99/><D129/><U116/><E130/><V1/><F36/><W45/><G93/><T57/><D114/><U50/><E76/><V115/><F115/><W133/><G86/><T91/><D107/><U123/><E123/><V100/><F100/><W34/><G133/><T62/><D73/><U30/><E30/><V32/><F32/><W20/><G34/><T26/><D77/><U118/><E134/><V43/><F122/><W104/><G71/><T25/><D91/><U78/><E78/><N who="2" m="46327" /><F3/><W17/><G104/><T61/><D13/><U39/><E18/><V56/><F8/><W126/><G126/><T90/><D90/><U89/><E47/><N who="3" m="17930" /><G53/><T9/><D9/><U12/><E65/><V6/><F6/><W70/><G70/><T79/><D79/><AGARI ba="0,0" hai="11,14,17,20,24,31,64,67,79,82,84" m="17930" machi="79" ten="30,1500,0" yaku="8,1" doraHai="37" who="3" fromWho="0" sc="173,-15,332,0,239,0,256,15" /><INIT seed="3,1,0,3,1,35" ten="158,332,239,271" oya="3" hai0="58,43,31,69,77,76,91,61,36,14,78,118,95" hai1="126,87,40,53,103,66,49,90,19,21,94,99,81" hai2="45,55,116,120,46,48,102,64,85,54,10,98,25" hai3="20,6,79,23,73,133,115,60,101,113,72,1,56"/><W93/><G133/><T22/><D118/><U65/><E40/><V110/><F116/><W33/><G33/><T16/><D69/><U28/><E28/><V132/><F132/><W107/><G107/><T70/><D70/><U128/><E128/><V129/><F64/><W47/><G47/><T124/><D124/><U8/><E8/><V44/><F129/><W32/><G32/><T75/><D75/><U67/><E126/><V121/><F25/><W84/><G101/><T4/><D31/><U109/><E109/><V105/><F110/><W12/><G93/><T13/><D36/><U27/><E67/><V131/><F131/><W15/><G84/><T111/><D111/><U57/><AGARI ba="1,0" hai="19,21,27,49,53,57,65,66,81,87,90,94,99,103" machi="57" ten="20,2700,0" yaku="0,1,7,1,8,1" doraHai="35" who="1" fromWho="1" sc="158,-8,332,30,239,-8,271,-14" owari="150,-35.0,362,46.2,231,-16.9,257,5.7" /></mjloggm>