<mjloggm ver="2.3"><GO type="225" lobby="0"/><UN n0="%E6%9D%B1%E9%A2%A8%E3%81%AE%E3%81%8D%E3%82%83%E3%81%B7%E3%81%95%E3%82%93" n1="%E3%80%90%E3%83%88%E3%83%AA%E3%83%A5%E3%83%95%E3%80%91" n2="%E3%81%8B%E3%82%8F%E3%81%A1%E3%82%83%E3%82%93%35%38" n3="%E6%B8%A9%E2%98%85%E6%83%85%E2%98%85%E6%8E%AA%E2%98%85%E7%BD%AE" dan="16,16,16,17" rate="2084.80,2047.44,2143.14,2196.05" sx="M,M,M,M"/><TAIKYOKU oya="0"/><INIT seed="0,0,0,3,5,55" ten="250,250,250,250" oya="0" hai0="103,108,32,45,63,129,52,110,125,71,72,49,65" hai1="15,21,90,107,135,60,134,101,13,42,39,11,94" hai2="58,133,111,130,20,59,82,5,114,4,12,81,47" hai3="92,40,68,131,29,119,1,115,48,6,9,102,27"/><T87/><D72/><U31/><E107/><V7/><F114/><W24/><G115/><T14/><D32/><U62/><E101/><V74/><F74/><W85/><G119/><T83/><D129/><U41/><E39/><V2/><F2/><W46/><G131/><T50/><D103/><U84/><E31/><V97/><F130/><W53/><G68/><T3/><D3/><U100/><E100/><V56/><F111/><N who="0" m="42538" /><D14/><U113/><E113/><V30/><F133/><N who="1" m="50697" /><E15/><V10/><F47/><W54/><G27/><T106/><D106/><U98/><E21/><V38/><F97/><W99/><REACH who="3" step="1"/><G85/><REACH who="3" ten="250,250,250,240" step="2"/><T69/><D125/><U44/><E84/><V37/><F37/><W132/><G132/><T93/><D93/><U123/><E123/><V25/><REACH who="2" step="1"/><F38/><REACH who="2" ten="250,250,240,240" step="2"/><W73/><G73/><T118/><D118/><U78/><E98/><V96/><F96/><W86/><G86/><T57/><D50/><U116/><E116/><V8/><F8/><W120/><G120/><T26/><D26/><U61/><E11/><V28/><F28/><W121/><G121/><T75/><D75/><U70/><E94/><V117/><F117/><W51/><G51/><T67/><D67/><U95/><E95/><V35/><F35/><AGARI ba="0,2" hai="1,6,9,24,29,35,40,46,48,53,54,92,99,102" machi="35" ten="30,3900,0" yaku="1,1,7,1,53,1" doraHai="55" doraHaiUra="36" who="3" fromWho="2" sc="250,0,250,0,240,-39,240,59" /><INIT seed="1,0,0,1,4,49" ten="250,250,201,299" oya="1" hai0="33,48,117,53,29,114,30,112,51,63,17,96,39" hai1="119,66,20,90,86,24,46,127,110,81,106,111,27" hai2="109,115,43,92,18,84,7,108,129,45,95,59,1" hai3="107,32,133,42,12,21,54,113,126,85,6,14,102"/><U23/><E119/><V123/><F123/><W55/><G32/><T65/><D39/><U101/><E127/><V132/><F1/><W116/><G113/><T4/><D4/><U89/><E66/><V73/><F73/><W103/><G107/><T50/><D117/><U124/><E124/><V25/><F7/><W98/><G116/><T122/><D122/><U100/><E46/><V104/><F104/><W38/><G38/><T69/><D17/><U74/><E106/><V75/><F75/><W99/><G42/><T87/><D96/><N who="3" m="36905" /><G126/><T61/><D87/><U10/><E74/><V72/><F72/><W3/><G3/><T79/><D79/><U64/><E64/><V0/><F0/><W71/><G71/><T37/><D37/><U34/><E34/><V36/><F115/><W105/><G105/><T40/><D33/><U5/><E5/><V11/><F132/><W26/><G85/><T41/><D50/><U80/><E86/><V78/><F129/><W118/><G118/><T13/><D65/><U130/><REACH who="1" step="1"/><E10/><REACH who="1" ten="250,240,201,299" step="2"/><V19/><F11/><N who="3" m="4215" /><G133/><T76/><D114/><U135/><E135/><V128/><F84/><W28/><G14/><T22/><D13/><U44/><E44/><V82/><F128/><AGARI ba="0,1" hai="20,23,24,27,80,81,89,90,100,101,110,111,128,130" machi="128" ten="25,4800,0" yaku="1,1,22,2,53,0" doraHai="49" doraHaiUra="9" who="1" fromWho="2" sc="250,0,240,58,201,-48,299,0" /><INIT seed="1,1,0,2,4,127" ten="250,298,153,299" oya="1" hai0="29,30,42,17,31,123,7,116,92,32,119,66,113" hai1="122,50,60,120,10,102,44,45,97,104,130,56,117" hai2="63,132,87,99,78,69,3,128,81,67,106,52,55" hai3="5,40,89,111,59,54,47,90,28,91,61,77,121"/><U22/><E117/><V53/><F3/><W88/><G121/><T39/><D66/><U62/><E10/><V98/><F132/><W18/><G111/><T27/><D92/><U24/><E130/><V82/><F106/><W95/><G77/><T25/><D42/><U74/><E74/><V94/><F94/><W36/><G28/><N who="0" m="19471" /><D39/><U46/><E50/><V103/><F103/><W2/><G18/><T115/><D7/><U33/><E33/><V93/><F93/><W76/><G76/><T64/><D64/><U108/><E108/><V129/><REACH who="2" step="1"/><F81/><REACH who="2" ten="250,298,143,299" step="2"/><W100/><G100/><T118/><D123/><U105/><E105/><V75/><F75/><W34/><G2/><T9/><D27/><U65/><E120/><V37/><F37/><W125/><G36/><T14/><AGARI ba="1,1" hai="9,14,17,29,30,31,113,115,116,118,119" m="19471" machi="14" ten="40,2700,0" yaku="34,2" doraHai="127" who="0" fromWho="0" sc="250,40,298,-14,143,-8,299,-8" /><INIT seed="2,0,0,3,4,77" ten="290,284,135,291" oya="2" hai0="67,73,84,80,43,42,36,60,34,53,134,24,98" hai1="10,133,95,33,4,26,55,97,7,57,8,99,114" hai2="22,87,108,54,72,113,21,35,115,15,105,129,119" hai3="27,48,69,64,46,76,130,44,32,65,132,88,1"/><V71/><F105/><W92/><G1/><T102/><D73/><U61/><E114/><V96/><F72/><W56/><G130/><T109/><D53/><U9/><E133/><V75/><F75/><W23/><G32/><T91/><D109/><U68/><E68/><V117/><F71/><W40/><G69/><N who="0" m="42215" /><D36/><U14/><E99/><V123/><F35/><W2/><G2/><T37/><D37/><U25/><E33/><V38/><F38/><W101/><G101/><T103/><D103/><N who="1" m="60863" /><E8/><V81/><F129/><W118/><G118/><T112/><D134/><U59/><E57/><V107/><F107/><W93/><G93/><T127/><D127/><U20/><E20/><V13/><F117/><W94/><G94/><T131/><D112/><U3/><E3/><V78/><F115/><W70/><G70/><T82/><D82/><U29/><E29/><V31/><F113/><W79/><G132/><T0/><D0/><U89/><E89/><V18/><F119/><W63/><G65/><T85/><D85/><U135/><E135/><V49/><F108/><W128/><G46/><T62/><D62/><U41/><E41/><V19/><F123/><W74/><G74/><T86/><D86/><U5/><E10/><V39/><F39/><W110/><G128/><T116/><D116/><U83/><E83/><V122/><F122/><W124/><G124/><T52/><D131/><U50/><E61/><V121/><F121/><W17/><G110/><T58/><D34/><U106/><E106/><V120/><F120/><W47/><G47/><T45/><D45/><U90/><E90/><RYUUKYOKU type="nm" ba="0,0" sc="290,-40,284,-40,135,120,291,-40" hai1="4,5,7,9,14,25,26,50,55,59" hai3="17,23,27,40,44,48,56,63,64,76,79,88,92" /><INIT seed="3,1,0,3,2,77" ten="250,244,255,251" oya="3" hai0="26,35,72,17,21,115,120,15,30,84,78,105,74" hai1="119,130,75,98,52,91,56,134,59,61,10,89,62" hai2="73,110,2,129,93,18,32,94,58,5,132,57,9" hai3="114,68,37,83,60,71,19,38,123,40,111,45,117"/><W48/><G19/><T116/><D105/><U67/><E75/><V53/><F73/><W90/><G90/><N who="1" m="34314" /><E130/><V69/><F69/><N who="3" m="26699" /><G83/><T65/><D65/><U50/><E134/><V20/><F132/><W109/><G117/><T124/><D116/><U55/><E119/><V107/><F107/><W1/><G1/><T80/><D120/><U0/><E0/><V95/><F32/><W121/><G60/><T47/><D124/><U54/><E98/><V66/><F66/><W100/><G100/><T128/><D128/><U63/><E10/><V49/><F129/><W25/><G25/><T104/><D104/><U102/><E102/><V36/><F36/><N who="3" m="13931" /><G114/><T7/><D115/><U23/><E23/><V106/><F106/><W127/><G127/><T6/><D74/><U112/><E112/><V108/><F18/><W33/><G33/><T28/><D28/><U51/><E55/><N who="2" m="31983" /><F20/><W24/><G24/><T97/><D72/><U29/><E29/><V41/><F9/><W39/><N who="3" m="13939" /><W43/><DORA hai="133" /><G43/><T64/><D64/><AGARI ba="1,0" hai="50,51,52,54,56,59,61,62,63,64,67" m="34314" machi="64" ten="30,2000,0" yaku="8,1,54,1" doraHai="77,133" who="1" fromWho="0" sc="250,-23,244,23,255,0,251,0" /><INIT seed="4,0,0,4,2,35" ten="227,267,255,251" oya="0" hai0="34,20,134,40,30,122,92,86,90,88,69,112,56" hai1="85,127,19,14,83,64,84,39,99,48,121,60,91" hai2="95,107,66,125,113,23,61,124,106,26,128,78,15" hai3="25,79,77,89,54,52,68,70,43,117,111,76,24"/><T82/><D122/><U81/><E39/><V126/><F113/><W22/><G111/><T93/><D69/><U50/><E127/><N who="2" m="32515" /><V74/><DORA hai="18" /><F128/><W9/><G117/><T57/><D34/><U65/><E99/><V33/><F33/><W36/><G9/><T100/><D112/><U115/><E115/><V102/><F15/><W11/><G11/><T101/><D134/><U32/><E32/><V49/><F49/><N who="1" m="19049" /><E60/><V3/><F3/><W2/><G2/><T28/><D40/><U129/><E129/><V118/><F118/><W73/><G73/><T108/><D108/><U59/><E59/><N who="0" m="22601" /><D30/><U42/><E42/><V38/><F38/><W47/><G70/><T131/><D131/><U58/><E58/><N who="2" m="37175" /><F78/><W97/><G68/><T41/><D41/><U130/><E130/><V123/><F74/><W10/><G43/><T94/><D90/><N who="1" m="51471" /><E121/><V8/><F123/><W13/><G36/><T104/><D104/><U75/><E75/><V72/><F72/><W51/><G76/><T119/><D119/><U1/><E1/><V71/><F71/><W103/><G77/><T37/><D37/><U44/><E44/><V45/><F45/><W120/><G79/><T46/><D46/><U17/><E17/><N who="2" m="12655" /><F107/><N who="3" m="63983" /><G120/><T80/><D80/><U31/><E31/><V5/><F106/><W133/><G47/><T7/><D7/><U4/><E4/><V16/><F5/><W53/><G53/><T67/><D67/><U109/><E109/><V6/><F6/><W87/><G54/><T96/><D101/><U116/><E116/><V12/><F102/><W55/><G55/><RYUUKYOKU ba="0,0" sc="227,10,267,10,255,10,251,-30" hai0="20,28,82,86,88,92,93,94,96,100" hai1="14,19,64,65,83,85,91" hai2="8,12,16,95" /><INIT seed="4,1,0,2,1,73" ten="237,277,265,221" oya="0" hai0="13,105,107,117,103,95,86,127,93,14,122,17,6" hai1="9,111,51,125,120,108,18,134,1,42,2,98,84" hai2="53,55,48,52,102,70,56,16,20,0,114,109,8" hai3="40,88,96,116,129,135,3,59,89,100,115,69,64"/><T7/><D122/><U11/><E120/><V87/><F109/><W97/><G116/><T38/><D38/><U71/><E71/><V58/><F70/><W72/><G3/><T104/><D117/><U123/><E98/><N who="3" m="37994" /><G72/><T63/><D127/><U45/><E125/><V30/><F102/><W119/><G69/><T132/><D103/><U131/><E123/><V24/><F114/><W74/><G74/><T35/><D35/><U124/><E124/><V22/><F0/><W49/><G119/><T66/><D132/><U80/><E134/><V101/><F101/><W91/><G135/><T130/><D130/><U82/><E131/><V28/><F8/><W26/><G129/><T47/><D47/><U106/><E106/><V78/><F22/><W12/><G115/><T15/><D17/><U126/><E126/><V44/><F56/><W92/><G26/><T118/><D118/><U68/><E68/><V62/><F55/><N who="3" m="32239" /><G64/><T39/><D39/><U50/><E45/><V23/><F23/><W54/><G40/><T25/><D25/><U75/><E75/><V61/><F61/><W36/><G36/><T79/><D63/><U83/><E42/><V67/><F67/><W133/><G133/><T113/><D66/><U33/><E33/><V128/><F128/><W60/><G100/><T46/><D46/><U43/><E43/><V41/><F41/><W29/><G29/><T27/><D27/><U90/><E108/><V99/><F99/><N who="3" m="57735" /><G12/><T94/><REACH who="0" step="1"/><D113/><REACH who="0" ten="227,277,265,221" step="2"/><U112/><E112/><V32/><F32/><W34/><G34/><T5/><D5/><N who="1" m="1199" /><E111/><V121/><F121/><RYUUKYOKU ba="1,1" sc="227,10,277,-30,265,10,221,10" hai0="6,7,13,14,15,79,86,93,94,95,104,105,107" hai2="16,20,24,28,30,44,48,52,53,58,62,78,87" hai3="54,60,89,91" /><INIT seed="4,2,1,5,0,29" ten="237,247,275,231" oya="0" hai0="1,54,13,128,119,121,55,32,107,18,64,93,86" hai1="25,131,112,76,43,92,98,91,124,85,94,130,106" hai2="118,127,16,72,17,74,34,77,65,97,60,69,100" hai3="26,73,44,50,87,63,57,134,89,101,71,21,42"/><T108/><D107/><U103/><E25/><V102/><F34/><W95/><G134/><T90/><D1/><U122/><E43/><V53/><F102/><W28/><G73/><T117/><D121/><U135/><E135/><V33/><F33/><W23/><G71/><T68/><D128/><N who="1" m="49195" /><E122/><V5/><F5/><W59/><G101/><T66/><D32/><U7/><E7/><V22/><F77/><W6/><G6/><T111/><D68/><U132/><E76/><V81/><F81/><W58/><REACH who="3" step="1"/><G23/><REACH who="3" ten="237,247,275,221" step="2"/><N who="0" m="11727" /><D119/><U105/><E132/><V15/><F118/><W27/><G27/><T84/><D117/><U45/><E124/><V12/><F127/><W11/><G11/><T20/><D20/><U3/><E3/><V40/><F74/><W113/><G113/><T75/><D75/><U46/><E112/><V110/><F72/><W49/><G49/><T35/><D35/><U114/><E114/><V125/><F125/><W88/><G88/><N who="0" m="53383" /><D111/><U9/><E9/><V2/><F110/><W126/><G126/><T19/><D108/><U39/><E39/><V96/><F2/><W70/><G70/><T61/><D61/><AGARI ba="2,2" hai="21,26,28,42,44,50,57,58,59,61,63,87,89,95" machi="61" ten="40,2600,0" yaku="1,1,8,1,53,0" doraHai="29" doraHaiUra="79" who="3" fromWho="0" sc="237,-32,247,0,275,0,221,52" /><INIT seed="5,0,0,3,3,0" ten="205,247,275,273" oya="1" hai0="19,115,72,49,60,6,50,24,112,54,113,25,71" hai1="32,52,58,56,65,83,57,98,44,48,64,106,120" hai2="63,46,75,88,122,94,118,127,99,85,82,3,108" hai3="12,20,61,78,90,97,5,13,89,55,68,34,129"/><U134/><E120/><V38/><F108/><W42/><G34/><T45/><D72/><U132/><E83/><V67/><F118/><W15/><G129/><T43/><D19/><U133/><E32/><V70/><F122/><W51/><G78/><T86/><D86/><U8/><E8/><V109/><F109/><W2/><G2/><T16/><D16/><U107/><E98/><V131/><F75/><W104/><G68/><T59/><REACH who="0" step="1"/><D6/><REACH who="0" ten="195,247,275,273" step="2"/><U95/><E95/><V41/><F85/><W39/><G5/><T28/><D28/><U62/><E65/><AGARI ba="0,1" hai="24,25,43,45,49,50,54,59,60,65,71,112,113,115" machi="65" ten="40,2600,0" yaku="1,1,15,1,53,0" doraHai="0" doraHaiUra="7" who="0" fromWho="1" sc="195,36,247,-26,275,0,273,0" /><INIT seed="6,0,0,3,2,15" ten="231,221,275,273" oya="2" hai0="86,96,54,7,134,104,64,46,45,114,127,22,65" hai1="76,52,132,75,118,128,93,56,3,12,135,122,34" hai2="89,49,17,77,129,60,101,72,21,113,84,28,117" hai3="63,47,124,23,115,87,48,37,33,43,67,99,71"/><V80/><F117/><W61/><G33/><T18/><D134/><N who="1" m="51243" /><E34/><V94/><F113/><W9/><G9/><T32/><D32/><U123/><E3/><V19/><F129/><W0/><G0/><T35/><D35/><U90/><E118/><V40/><F101/><W69/><G87/><T39/><D114/><U30/><E30/><V42/><F60/><N who="3" m="40167" /><G23/><T68/><D68/><U91/><E128/><V116/><F116/><W70/><G99/><T79/><D7/><U126/><E126/><V103/><F103/><W25/><G25/><T55/><D127/><U24/><E24/><N who="2" m="16399" /><F72/><W5/><G5/><T2/><D39/><U82/><E12/><V36/><F36/><W130/><G115/><T119/><D2/><U98/><E90/><N who="2" m="51463" /><F49/><AGARI ba="0,0" hai="49,52,56,75,76,82,91,93,98,122,123" m="51243" machi="49" ten="30,2000,0" yaku="20,1,54,1" doraHai="15" who="1" fromWho="2" sc="231,0,221,20,275,-20,273,0" /><INIT seed="7,0,0,1,0,36" ten="231,241,255,273" oya="3" hai0="126,93,91,20,54,102,37,57,127,70,134,120,76" hai1="132,98,12,133,5,80,28,30,122,3,89,85,72" hai2="129,59,107,110,43,71,17,116,96,18,66,112,48" hai3="123,119,121,19,61,40,81,106,117,42,131,64,27"/><W22/><G106/><T47/><D120/><N who="3" m="46153" /><G81/><T58/><D134/><N who="1" m="51819" /><E122/><V99/><F129/><W103/><G103/><T15/><D70/><U104/><E3/><V79/><F112/><W1/><G19/><N who="0" m="10367" /><D76/><U100/><E72/><V75/><F110/><W33/><G22/><T101/><D58/><U105/><E104/><V60/><F71/><N who="3" m="42383" /><G27/><T32/><D32/><U82/><E82/><V73/><F116/><W74/><G33/><T68/><D68/><U87/><E87/><V10/><F107/><W53/><G1/><T78/><D78/><U14/><E14/><N who="2" m="7383" /><F75/><W6/><G6/><T38/><D101/><U114/><E114/><V88/><F73/><W4/><G4/><T44/><D102/><U115/><E115/><V62/><F79/><W51/><G74/><T97/><D37/><U49/><E49/><V95/><F62/><W65/><G131/><T35/><D35/><U31/><E12/><V24/><F24/><W113/><G113/><T39/><D39/><U124/><E5/><V11/><F11/><W7/><G7/><T34/><D34/><U52/><E52/><V29/><F18/><W84/><G119/><T128/><D128/><U135/><N who="1" m="51827" /><U9/><DORA hai="41" /><E9/><V50/><F29/><W118/><G118/><T46/><D38/><U86/><E86/><N who="2" m="52631" /><F50/><W130/><G130/><T13/><D13/><U67/><E67/><V21/><F21/><W109/><G117/><T94/><D94/><U55/><E55/><V16/><F16/><W90/><G65/><T69/><D69/><U63/><E63/><V8/><F8/><W45/><G109/><RYUUKYOKU ba="0,0" sc="231,0,241,0,255,0,273,0" hai0="44,46,47,54,57,91,93,97,126,127" hai1="28,30,31,80,85,89,98,100,105,124" hai2="43,48,59,60,66,96,99" hai3="40,42,45,51,53,84,90" /><INIT seed="7,1,0,0,1,62" ten="231,241,255,273" oya="3" hai0="76,10,6,8,11,33,103,13,119,111,72,31,70" hai1="96,108,133,30,131,25,95,109,104,19,51,40,16" hai2="107,123,63,47,102,82,65,116,28,44,14,60,29" hai3="89,126,38,117,75,5,67,35,113,88,135,22,57"/><W80/><G35/><T1/><D103/><U84/><E131/><V7/><F116/><W128/><G117/><T49/><D70/><U66/><E133/><V101/><F123/><W78/><G38/><T121/><D119/><U73/><E73/><V48/><F107/><W56/><G128/><T124/><D49/><U41/><E104/><V52/><F82/><W54/><G135/><T118/><D118/><U132/><E132/><V36/><F36/><W110/><G5/><N who="0" m="1071" /><D121/><U20/><E84/><V87/><F87/><W85/><G126/><T115/><D76/><U114/><E108/><V127/><F47/><W97/><G113/><T59/><D59/><U4/><E114/><V0/><F0/><W2/><G2/><N who="0" m="343" /><D72/><U79/><E4/><V122/><F122/><W21/><G110/><T68/><D68/><U34/><E109/><V24/><F24/><W94/><G78/><T12/><D111/><U71/><E79/><V125/><F102/><W92/><G92/><T18/><D115/><U83/><E83/><V43/><F101/><W9/><G75/><T15/><D124/><N who="2" m="47690" /><F43/><N who="1" m="16457" /><E34/><V37/><F37/><W112/><G112/><T134/><D134/><U106/><E106/><V61/><F65/><W91/><G67/><T39/><D39/><U130/><E130/><V27/><F27/><AGARI ba="1,0" hai="11,12,13,15,18,27,31,33" m="343,1071" machi="27" ten="30,8000,1" yaku="35,5" doraHai="62" who="0" fromWho="2" sc="231,83,241,0,255,-83,273,0" owari="314,41.4,241,-15.9,172,-32.8,273,7.3" /></mjloggm>