<mjloggm ver="2.3"><GO type="225" lobby="0"/><UN n0="%E3%81%95%E3%81%8D%E3%81%9F%E3%81%BE%E6%9E%97%E6%AA%8E" n1="%E6%9C%88%E5%B3%B6%E5%9F%BA" n2="%E5%8D%A0%E3%81%84%E5%B8%AB%E8%A3%8F%E3%81%AA%E3%81%84%E3%81%97" n3="%70%68%65%6E%6F%6D%65" dan="16,18,17,16" rate="2134.52,2220.31,2279.30,2152.37" sx="M,M,M,M"/><TAIKYOKU oya="0"/><INIT seed="0,0,0,0,5,86" ten="250,250,250,250" oya="0" hai0="90,12,27,0,83,79,106,131,20,70,34,37,124" hai1="132,123,22,41,126,127,114,36,50,35,130,53,101" hai2="24,18,57,48,58,30,81,91,60,117,59,107,98" hai3="55,3,32,89,19,54,63,133,73,64,120,88,15"/><T5/><D70/><U33/><E101/><V43/><F107/><W95/><G3/><T129/><D37/><U29/><E123/><V97/><F117/><W74/><G32/><T85/><D106/><U121/><E121/><V16/><F43/><W11/><G120/><T1/><D124/><N who="1" m="47659" /><E114/><V4/><F4/><W45/><G133/><T93/><D34/><U108/><E108/><V31/><F48/><N who="3" m="28943" /><G74/><T7/><D12/><U28/><E132/><V135/><F135/><W113/><G73/><T56/><D56/><N who="2" m="21610" /><F98/><W13/><G113/><T94/><D0/><U118/><E41/><V77/><F77/><W66/><G55/><T2/><D1/><U128/><E36/><V42/><F42/><W102/><G63/><T51/><D2/><U39/><E39/><V75/><F75/><W62/><G62/><T6/><D51/><U84/><E118/><V82/><F82/><W46/><G46/><T103/><D103/><U9/><E50/><V25/><F25/><W87/><G102/><T38/><D38/><U96/><E35/><V14/><F24/><W119/><G119/><T115/><D115/><U125/><E33/><V92/><F81/><N who="3" m="49391" /><G15/><T52/><D52/><U110/><E53/><N who="2" m="33903" /><F14/><W109/><G109/><T47/><D47/><U65/><E110/><V104/><F104/><W8/><G8/><T26/><D26/><U67/><E9/><V116/><F116/><W76/><G76/><T71/><D71/><U80/><E125/><V49/><F49/><W72/><G72/><T111/><D111/><U99/><E80/><V134/><F134/><W112/><G112/><RYUUKYOKU ba="0,0" sc="250,-15,250,-15,250,15,250,15" hai2="16,18,30,31,91,92,97" hai3="11,13,19,64,66,88,95" /><INIT seed="1,1,0,2,5,109" ten="235,235,265,265" oya="1" hai0="66,118,121,48,8,35,107,117,13,115,130,2,100" hai1="96,21,104,27,110,80,45,30,6,54,39,133,12" hai2="60,81,36,53,49,71,55,86,119,94,14,93,20" hai3="122,102,132,95,22,38,68,65,43,125,77,90,78"/><U127/><E110/><V17/><F119/><W85/><G122/><T52/><D35/><U108/><E108/><V114/><F36/><W41/><G125/><T44/><D2/><U131/><E127/><V128/><F128/><W58/><G68/><T91/><D115/><U19/><E131/><V5/><F114/><W73/><G132/><T112/><D112/><U92/><E133/><V62/><F5/><W126/><G126/><T124/><D124/><U28/><E104/><V29/><F29/><N who="1" m="11369" /><E39/><V33/><F33/><W40/><G38/><T63/><D130/><U3/><E3/><V10/><F20/><W18/><G102/><T16/><D121/><U88/><E80/><V57/><F71/><W134/><G73/><T0/><D0/><U135/><E135/><V26/><F26/><N who="3" m="14679" /><G134/><T105/><D91/><U51/><E6/><V123/><F123/><W116/><G116/><T70/><REACH who="0" step="1"/><D107/><REACH who="0" ten="225,235,265,265" step="2"/><U37/><E37/><V42/><F42/><W59/><G65/><T106/><D106/><U75/><E75/><V84/><F84/><W74/><G74/><T24/><D24/><AGARI ba="1,1" hai="12,19,21,24,27,45,51,54,88,92,96" m="11369" machi="24" ten="30,2900,0" yaku="8,1,54,1" doraHai="109" who="1" fromWho="0" sc="225,-32,235,42,265,0,265,0" /><INIT seed="1,2,0,1,2,109" ten="193,277,265,265" oya="1" hai0="25,22,33,46,62,65,78,14,16,91,58,68,79" hai1="11,52,76,81,66,95,60,47,75,45,1,130,35" hai2="64,20,55,23,124,134,8,3,26,72,61,43,110" hai3="27,5,34,40,90,115,94,63,21,42,83,88,56"/><U93/><E35/><V44/><F110/><W70/><G70/><T31/><D68/><U121/><E121/><V104/><F72/><W7/><G34/><T15/><D91/><U28/><E28/><V117/><F117/><W71/><G71/><T84/><D84/><U19/><E130/><V54/><F104/><W37/><G83/><T48/><REACH who="0" step="1"/><D15/><REACH who="0" ten="183,277,265,265" step="2"/><U128/><E75/><V105/><F3/><W30/><G90/><T112/><D112/><U89/><E89/><V67/><F124/><W125/><G115/><T39/><D39/><U0/><E0/><V107/><F134/><W99/><G125/><T10/><D10/><U100/><E11/><V118/><F8/><W106/><G37/><T131/><D131/><U36/><E1/><V133/><F133/><W101/><G5/><T102/><D102/><U103/><E103/><V74/><F74/><W24/><G7/><T123/><D123/><U13/><E100/><V69/><F69/><W92/><G106/><T127/><D127/><U59/><E36/><V97/><F105/><W18/><G94/><T98/><D98/><U135/><E95/><V114/><F97/><W85/><G85/><T87/><D87/><U86/><E93/><V82/><F107/><W49/><G101/><T119/><D119/><U96/><E96/><V4/><F118/><W6/><G6/><T12/><D12/><U38/><E128/><V111/><F4/><W132/><G132/><T29/><D29/><U120/><E120/><V41/><F114/><W122/><G122/><T73/><D73/><U51/><E135/><V126/><F126/><RYUUKYOKU ba="2,1" sc="183,30,277,-10,265,-10,265,-10" hai0="14,16,22,25,31,33,46,48,58,62,65,78,79" /><INIT seed="2,3,1,5,3,40" ten="213,267,255,255" oya="2" hai0="17,21,56,30,119,77,19,45,129,20,123,51,68" hai1="6,112,62,60,15,121,28,107,54,33,8,67,106" hai2="27,83,130,102,65,18,109,37,57,36,16,115,132" hai3="9,100,114,93,105,2,53,69,96,41,5,42,26"/><V110/><F115/><W52/><G114/><T49/><D123/><U58/><E112/><V76/><F132/><W126/><G69/><T70/><D77/><U64/><E121/><V59/><F102/><W90/><G126/><T61/><D129/><U131/><E131/><V94/><F94/><W125/><G125/><T122/><D122/><U103/><E103/><V98/><F98/><W71/><G71/><T43/><D119/><U32/><E54/><V97/><F97/><W14/><G26/><N who="0" m="16711" /><D70/><U73/><E73/><V46/><F130/><W12/><G41/><T128/><D128/><U22/><E33/><V104/><F104/><W10/><G42/><T78/><D68/><U85/><E32/><V38/><F46/><W13/><REACH who="3" step="1"/><G10/><REACH who="3" ten="213,267,255,245" step="2"/><T48/><D78/><U50/><E8/><V29/><F27/><W89/><G89/><T35/><D35/><U25/><E25/><V11/><F11/><W99/><AGARI ba="3,2" hai="2,5,9,12,13,14,52,53,90,93,96,99,100,105" machi="99" ten="30,4000,0" yaku="1,1,0,1,54,1,53,0" doraHai="40" doraHaiUra="66" who="3" fromWho="3" sc="213,-13,267,-13,255,-23,245,69" /><INIT seed="3,0,0,2,2,37" ten="200,254,232,314" oya="3" hai0="122,80,92,85,41,119,84,3,128,117,133,14,71" hai1="81,7,121,135,54,89,109,25,113,64,115,101,26" hai2="90,9,86,55,45,46,60,56,77,8,131,130,44" hai3="20,72,47,111,94,100,88,1,75,13,124,0,96"/><W73/><G124/><T126/><D3/><U108/><E121/><V16/><F77/><W112/><G112/><T104/><D71/><U42/><E7/><V2/><F2/><W17/><G111/><T6/><D6/><U78/><E78/><V134/><F134/><W18/><G47/><T127/><D14/><U10/><E101/><V35/><F35/><W69/><G69/><T107/><D122/><U91/><E81/><N who="2" m="49487" /><F16/><W103/><G100/><T15/><D15/><U62/><E10/><V116/><F116/><N who="0" m="44618" /><D41/><U50/><E135/><V95/><F95/><W82/><G17/><T114/><D133/><U43/><E113/><V99/><F99/><W105/><G0/><T87/><D114/><U51/><E115/><V28/><F28/><W32/><G32/><T106/><D128/><AGARI ba="0,0" hai="8,9,44,45,46,55,56,60,128,130,131" m="49487" machi="128" ten="30,1000,0" yaku="19,1" doraHai="37" who="2" fromWho="0" sc="200,-10,254,0,232,10,314,0" owari="190,-31.0,254,5.4,242,-15.8,314,41.4" /></mjloggm>