<mjloggm ver="2.3"><GO type="225" lobby="0"/><UN n0="%E5%B8%86%E7%AB%8B%E5%A4%8F%E8%A1%A3" n1="%E7%99%BD%E6%98%BC%E9%87%8C%E7%9A%84%E5%A4%9C" n2="%E8%90%BD%E6%97%A5" n3="%E3%83%B4%E3%83%A0%EF%BC%99%E3%81%A6" dan="17,16,17,16" rate="2198.25,2095.05,2232.01,2155.83" sx="M,M,F,M"/><TAIKYOKU oya="0"/><INIT seed="0,0,0,0,3,29" ten="250,250,250,250" oya="0" hai0="105,80,34,39,53,85,114,2,49,71,99,118,127" hai1="111,78,19,113,81,70,6,102,109,4,62,33,55" hai2="119,22,26,30,106,66,79,73,126,75,47,87,38" hai3="90,0,129,13,58,115,50,116,98,32,95,24,125"/><T65/><D114/><U68/><E33/><V51/><F106/><W124/><G115/><T57/><D118/><U120/><E113/><V43/><F119/><W122/><G116/><T1/><D127/><U107/><E107/><V11/><F126/><N who="3" m="48747" /><G0/><T132/><D39/><U74/><E102/><V86/><F66/><W48/><G129/><T123/><D132/><U3/><E120/><V117/><F117/><W18/><G58/><T40/><D40/><U104/><E104/><V97/><F97/><W67/><G67/><T59/><D123/><U72/><E72/><V69/><F69/><N who="1" m="26729" /><E19/><V36/><F86/><W91/><G91/><T121/><D71/><U64/><E3/><V94/><F38/><W37/><G37/><T60/><D121/><U89/><E89/><V12/><F36/><W93/><G93/><T76/><REACH who="0" step="1"/><D34/><REACH who="0" ten="240,250,250,250" step="2"/><U61/><E111/><V77/><F77/><W63/><G122/><T44/><D44/><U5/><E109/><V134/><F134/><W20/><G63/><T101/><AGARI ba="0,1" hai="1,2,49,53,57,59,60,65,76,80,85,99,101,105" machi="101" ten="30,3000,0" yaku="1,1,0,1,53,0" doraHai="29" doraHaiUra="88" who="0" fromWho="0" sc="240,40,250,-10,250,-10,250,-10" /><INIT seed="0,1,0,5,0,39" ten="280,240,240,240" oya="0" hai0="104,119,24,94,62,37,75,72,100,0,22,6,23" hai1="71,33,109,1,93,49,101,117,95,87,4,132,103" hai2="73,63,13,44,38,134,27,102,92,69,29,58,78" hai3="120,15,60,99,55,7,82,127,83,70,115,125,5"/><T17/><D119/><U80/><E71/><V98/><F69/><W51/><G115/><T124/><D104/><U129/><E33/><V135/><F13/><W67/><G120/><T19/><D124/><N who="3" m="47689" /><G99/><T106/><D106/><U114/><E4/><N who="3" m="1610" /><G15/><T12/><D37/><U96/><E49/><V8/><F8/><W42/><G42/><T31/><D0/><U97/><E1/><V3/><F3/><W111/><G111/><T74/><D6/><U9/><E117/><V130/><F130/><W81/><G82/><T57/><D19/><U53/><E9/><V2/><F2/><W90/><G90/><T41/><D41/><U20/><E53/><V16/><F78/><W65/><G65/><T59/><REACH who="0" step="1"/><D62/><REACH who="0" ten="270,240,240,240" step="2"/><U48/><E114/><V64/><F38/><W34/><G34/><T85/><D85/><U123/><E129/><V66/><F63/><W126/><G126/><T113/><D113/><U36/><E36/><V26/><F73/><W35/><G35/><T89/><D89/><U76/><E48/><V112/><F112/><W121/><G121/><T18/><D18/><U86/><E123/><V21/><F16/><W68/><G68/><T43/><D43/><U32/><E32/><V133/><F102/><W52/><G51/><T14/><D14/><U46/><E103/><V56/><F29/><W110/><G110/><T25/><D25/><U84/><E109/><V91/><F27/><W54/><AGARI ba="1,1" hai="52,54,55,60,67,70,81,83" m="1610,47689" machi="54" ten="40,2700,0" yaku="18,1,54,1" doraHai="39" who="3" fromWho="3" sc="270,-14,240,-8,240,-8,240,40" /><INIT seed="1,0,0,2,5,105" ten="256,232,232,280" oya="1" hai0="6,94,8,17,39,59,73,74,12,64,124,129,127" hai1="122,89,28,86,60,7,69,30,90,118,92,14,58" hai2="19,18,65,71,1,52,34,45,112,29,26,21,123" hai3="120,109,5,121,4,31,3,93,16,15,35,114,88"/><U2/><E118/><V110/><F123/><W77/><G77/><T119/><D39/><U103/><E122/><V63/><F110/><W87/><G114/><T72/><D119/><U133/><E69/><V43/><F112/><W25/><G109/><T132/><D132/><U38/><E38/><V49/><F1/><W62/><G62/><N who="0" m="37983" /><D94/><U56/><E2/><V84/><F84/><W23/><G5/><T85/><D85/><U33/><E33/><V76/><F76/><W24/><G24/><T11/><D129/><U126/><E126/><N who="0" m="48169" /><D11/><AGARI ba="0,0" hai="3,4,11,15,16,23,25,31,35,87,88,93,120,121" machi="11" ten="40,8000,1" yaku="24,2,54,2" doraHai="105" who="3" fromWho="0" sc="256,-80,232,0,232,0,280,80" /><INIT seed="2,0,0,0,4,130" ten="176,232,232,360" oya="2" hai0="56,87,72,30,80,98,17,3,4,73,115,67,105" hai1="83,116,23,135,102,14,85,103,119,19,71,33,20" hai2="54,7,125,86,62,65,18,13,26,12,132,61,128" hai3="127,70,11,96,110,55,122,39,82,79,69,22,77"/><V35/><F128/><W99/><G39/><T126/><D115/><U91/><E33/><V66/><F125/><W89/><G122/><T93/><D126/><U24/><E71/><V59/><F7/><W37/><G37/><T41/><D105/><U15/><E15/><V6/><F6/><W95/><G127/><T1/><D30/><U51/><E51/><V113/><F113/><W53/><G110/><T57/><D41/><U114/><E114/><V97/><F132/><W0/><G96/><T123/><D123/><U36/><E36/><V16/><F97/><W120/><G120/><T111/><D111/><U109/><E135/><V107/><F107/><W47/><G77/><T133/><D17/><U112/><E112/><V68/><F54/><W117/><G117/><T32/><D32/><U90/><E109/><V131/><F131/><W46/><G53/><T78/><D133/><U42/><E42/><V52/><F66/><W121/><G121/><T40/><D40/><U29/><E116/><V118/><F118/><W63/><G22/><T58/><D67/><U60/><E60/><V92/><F35/><W44/><G55/><T76/><D76/><U101/><E119/><V38/><F38/><W10/><G0/><T9/><REACH who="0" step="1"/><D1/><REACH who="0" ten="166,232,232,360" step="2"/><U50/><E19/><V129/><F129/><W104/><G104/><T134/><D134/><U64/><E29/><V100/><F18/><W48/><G79/><T106/><D106/><U28/><E64/><V74/><F16/><W84/><G69/><T94/><D94/><U108/><E28/><V34/><F68/><W25/><G70/><RYUUKYOKU ba="0,1" sc="166,30,232,-10,232,-10,360,-10" hai0="3,4,9,56,57,58,72,73,78,80,87,93,98" /><INIT seed="3,1,1,4,4,28" ten="196,222,222,350" oya="3" hai0="21,4,2,86,106,100,29,125,40,63,127,25,30" hai1="99,89,128,103,53,114,107,92,43,131,120,87,65" hai2="135,110,54,34,6,20,94,10,85,64,18,7,1" hai3="35,78,17,129,113,49,79,118,59,73,104,96,117"/><W16/><G35/><N who="0" m="20911" /><D40/><U109/><E114/><V126/><F34/><W112/><G129/><N who="1" m="49738" /><E43/><V27/><F6/><W68/><G68/><T130/><D86/><U39/><E39/><V66/><F110/><W76/><G73/><T102/><D106/><U108/><E120/><V37/><F37/><W93/><G104/><T90/><D90/><U123/><E123/><V42/><F42/><W62/><G49/><T52/><D130/><U47/><E65/><V105/><F105/><W46/><G46/><T57/><D30/><U56/><E47/><V55/><F126/><N who="0" m="48138" /><D21/><U119/><E119/><V116/><F116/><W69/><G69/><T12/><D12/><U88/><E89/><V71/><F71/><W124/><G124/><T97/><D97/><U74/><E74/><V132/><F66/><W31/><G118/><T33/><D33/><U45/><E45/><V84/><F64/><W60/><G31/><T19/><D19/><U24/><E24/><V22/><F22/><W50/><G17/><T0/><D4/><U67/><E67/><V134/><F94/><W122/><G93/><T9/><D9/><U70/><E70/><V32/><F32/><W41/><G117/><T38/><D38/><U44/><E44/><V51/><F55/><W98/><G41/><T80/><D80/><U75/><E75/><V36/><F36/><W14/><G122/><T83/><D83/><U26/><E26/><V111/><F111/><W95/><G95/><T23/><D23/><U11/><E11/><V58/><AGARI ba="1,1" hai="1,7,10,18,20,27,51,54,58,84,85,132,134,135" machi="58" ten="30,2000,0" yaku="0,1,20,1" doraHai="28" who="2" fromWho="2" sc="196,-6,222,-6,222,33,350,-11" owari="190,-31.0,216,-18.4,255,5.5,339,43.9" /></mjloggm>