<mjloggm ver="2.3"><GO type="225" lobby="0"/><UN n0="%E3%81%99%E3%81%84%E3%81%BE%E3%81%9B%E3%83%BC%E3%82%93" n1="%E4%BF%BA%E3%81%A8%E5%A6%96%E5%A4%A2" n2="%E3%83%A9%E3%82%B9%E7%8E%87%EF%BC%93%E5%89%B2" n3="%E5%91%A8%E6%9D%B1" dan="18,16,16,17" rate="2184.82,2122.23,2179.35,2195.29" sx="M,F,F,M"/><TAIKYOKU oya="0"/><INIT seed="0,0,0,0,3,135" ten="250,250,250,250" oya="0" hai0="74,41,44,116,117,67,83,134,125,25,107,23,131" hai1="5,89,48,124,32,127,105,126,62,39,72,96,130" hai2="58,6,46,80,79,10,52,87,26,68,132,33,30" hai3="15,114,43,31,111,50,97,13,61,29,27,69,110"/><T98/><D125/><U81/><E39/><V9/><F132/><W11/><G114/><T51/><D134/><U14/><E32/><V86/><F68/><W20/><G69/><T54/><D131/><U108/><E130/><V42/><F86/><W84/><G61/><T12/><D67/><U128/><E128/><V28/><F28/><N who="3" m="17511" /><G97/><T103/><D12/><N who="3" m="4681" /><G84/><T121/><D121/><U17/><E108/><N who="3" m="41514" /><G50/><T90/><D41/><U112/><E112/><V122/><F122/><W40/><G43/><T37/><D37/><U77/><E5/><V63/><REACH who="2" step="1"/><F6/><REACH who="2" ten="250,250,240,250" step="2"/><W73/><G73/><T123/><D123/><U113/><E113/><V133/><F133/><W19/><G40/><T120/><D120/><U85/><E96/><V118/><F118/><W99/><G99/><T66/><D74/><U3/><E3/><V82/><F82/><W102/><G11/><T75/><D75/><U78/><E72/><V104/><F104/><W106/><G106/><T109/><D109/><U59/><E105/><V38/><AGARI ba="0,1" hai="9,10,26,30,33,38,42,46,52,58,63,79,80,87" machi="38" ten="20,5200,0" yaku="1,1,0,1,7,1,54,1,53,0" doraHai="135" doraHaiUra="0" who="2" fromWho="2" sc="250,-26,250,-13,240,62,250,-13" /><INIT seed="1,0,0,1,4,54" ten="224,237,302,237" oya="1" hai0="64,62,124,88,111,120,86,11,94,52,47,45,27" hai1="87,104,90,39,2,60,133,15,7,108,35,20,103" hai2="76,102,101,135,16,116,96,97,8,37,85,4,123" hai3="122,42,46,43,49,6,121,59,119,68,91,0,24"/><U134/><E35/><V126/><F116/><W106/><G106/><T95/><D111/><U67/><E39/><V28/><F123/><W9/><G68/><T115/><D115/><U93/><E2/><V109/><F37/><W128/><G119/><T131/><D120/><U30/><E108/><V44/><F28/><W89/><G128/><T51/><D131/><U78/><E78/><V56/><F44/><W118/><G118/><T41/><D124/><U50/><E50/><V83/><F126/><W70/><G70/><T81/><D27/><U73/><E73/><V18/><F135/><N who="1" m="51721" /><E30/><V23/><F109/><W71/><G71/><T32/><D32/><U99/><E20/><V40/><F40/><W17/><G42/><T10/><D10/><N who="1" m="4575" /><E60/><V3/><F18/><W112/><G112/><T66/><D11/><U13/><E13/><V14/><F102/><W114/><G114/><T25/><D25/><U5/><E67/><N who="0" m="25641" /><D47/><U48/><E48/><V58/><REACH who="2" step="1"/><F97/><REACH who="2" ten="224,237,292,237" step="2"/><W38/><G122/><T33/><D33/><U12/><E5/><V130/><F130/><W125/><G121/><T63/><D41/><U75/><E103/><V22/><F22/><N who="3" m="13391" /><G125/><T79/><D95/><AGARI ba="0,1" hai="3,4,8,14,16,23,56,58,76,83,85,95,96,101" machi="95" ten="30,8000,1" yaku="1,1,7,1,52,2,54,1,53,0" doraHai="54" doraHaiUra="65" who="2" fromWho="0" sc="224,-80,237,0,292,90,237,0" /><INIT seed="2,0,0,3,1,4" ten="144,237,382,237" oya="2" hai0="22,7,50,20,85,45,95,43,123,69,28,37,63" hai1="60,108,8,14,62,0,114,38,132,118,68,129,107" hai2="124,66,54,104,72,98,65,74,76,64,1,16,88" hai3="53,9,103,61,67,40,101,41,56,19,21,93,13"/><V122/><F122/><W78/><G78/><T59/><D123/><U115/><RYUUKYOKU type="yao9" ba="0,0" sc="144,0,237,0,382,0,237,0" hai1="0,8,14,38,60,62,68,107,108,114,115,118,129,132" /><INIT seed="2,1,0,4,5,63" ten="144,237,382,237" oya="2" hai0="96,8,29,81,41,61,112,54,55,88,3,120,101" hai1="13,49,130,42,56,64,107,21,99,95,7,26,67" hai2="25,83,85,18,122,12,52,103,38,40,97,109,134" hai3="43,16,73,84,6,91,57,60,72,90,132,116,76"/><V53/><F122/><W23/><G116/><T102/><D120/><U31/><E107/><V32/><F134/><W5/><G132/><T111/><D112/><U123/><E123/><V82/><F38/><W75/><G43/><T14/><D111/><U129/><E129/><V50/><F109/><W87/><G76/><T39/><D3/><U121/><E121/><V28/><F40/><W125/><G125/><T11/><D29/><U128/><E128/><V2/><F2/><W104/><G104/><T62/><D41/><U133/><E130/><V0/><F0/><W94/><G87/><T34/><D34/><U22/><E133/><V36/><F36/><W58/><G91/><T65/><D39/><U131/><E131/><V9/><F50/><W113/><G57/><N who="0" m="37039" /><D8/><N who="1" m="4255" /><E21/><V27/><F27/><W59/><G59/><N who="0" m="35191" /><D55/><N who="1" m="31855" /><E42/><V66/><F83/><W71/><G71/><T4/><D81/><U33/><E33/><V15/><F15/><W24/><REACH who="3" step="1"/><G113/><REACH who="3" ten="144,237,382,227" step="2"/><T30/><D30/><U105/><E105/><V126/><F126/><W117/><G117/><T135/><D135/><U37/><E37/><V98/><F85/><W93/><G93/><AGARI ba="1,1" hai="4,11,14,88,93,96,101,102" m="35191,37039" machi="93" ten="30,3900,0" yaku="8,1,52,1,54,1" doraHai="63" who="0" fromWho="3" sc="144,52,237,0,382,0,227,-42" /><INIT seed="3,0,0,5,2,107" ten="196,237,382,185" oya="3" hai0="135,36,86,49,8,120,45,38,42,71,78,115,32" hai1="117,35,66,9,108,82,79,33,27,14,111,1,94" hai2="121,127,104,70,63,7,83,89,6,24,44,100,123" hai3="91,114,131,96,130,56,110,105,26,3,18,57,74"/><W29/><G114/><T118/><D118/><U97/><E1/><V76/><F127/><W125/><G3/><T55/><D120/><N who="2" m="46154" /><F89/><W126/><G18/><T92/><D32/><U22/><E66/><N who="2" m="41311" /><F44/><W93/><G110/><N who="1" m="42026" /><E14/><V72/><F24/><W81/><G105/><T68/><D115/><U11/><E11/><V60/><F60/><W16/><G16/><T85/><D8/><U88/><E9/><V12/><F12/><W54/><G57/><T15/><D71/><U51/><E51/><V122/><F122/><W129/><G56/><T87/><D68/><U133/><E133/><V17/><F17/><W75/><G54/><T124/><D55/><U77/><E77/><V5/><F104/><W62/><G62/><T0/><D78/><U20/><E20/><V25/><F25/><W28/><G28/><T113/><D113/><U43/><E43/><V53/><F53/><W65/><G65/><T58/><D42/><U90/><E90/><V48/><F48/><W64/><G64/><T119/><D49/><U80/><E80/><V128/><F100/><W10/><G10/><T19/><D0/><U30/><E117/><V21/><F21/><N who="3" m="15567" /><G81/><T98/><D119/><U4/><E4/><V31/><F31/><W109/><G109/><T102/><D135/><U73/><AGARI ba="0,0" hai="22,27,30,33,35,73,79,82,88,94,97" m="42026" machi="73" ten="30,4000,0" yaku="14,1,52,1,54,1" doraHai="107" who="1" fromWho="1" sc="196,-10,237,40,382,-10,185,-20" owari="186,-21.4,277,7.7,372,47.2,165,-33.5" /></mjloggm>