<mjloggm ver="2.3"><GO type="225" lobby="0"/><UN n0="%E4%BF%BA%E3%81%A8%E5%A6%96%E5%A4%A2" n1="%E5%A4%96%E5%B7%9D%E7%AB%9C%E6%88%90" n2="%E3%83%A9%E3%82%A4%E3%83%B3%E3%81%AE%E8%99%8E" n3="%E5%91%A8%E6%9D%B1" dan="16,16,16,17" rate="2142.55,2096.47,2127.39,2183.95" sx="F,M,M,M"/><TAIKYOKU oya="0"/><INIT seed="0,0,0,0,3,61" ten="250,250,250,250" oya="0" hai0="98,38,121,100,53,77,54,19,131,68,1,35,59" hai1="118,3,51,57,87,25,4,49,109,115,6,55,90" hai2="20,66,0,52,58,33,124,104,28,105,50,17,62" hai3="76,14,86,23,48,18,102,12,42,47,5,11,116"/><T79/><D121/><U113/><E118/><V46/><F0/><W127/><G127/><T37/><D68/><U8/><E109/><V80/><F124/><W32/><G32/><T95/><D35/><U130/><E130/><V99/><F80/><N who="3" m="47367" /><G116/><T117/><D117/><U30/><E51/><V2/><F2/><W71/><G71/><T96/><D1/><U126/><E6/><V34/><F28/><W7/><G7/><T92/><D131/><U78/><E78/><V85/><F85/><W82/><G82/><T91/><D37/><U103/><E103/><AGARI ba="0,0" hai="5,11,12,14,18,23,42,47,48,102,103" m="47367" machi="103" ten="30,2000,0" yaku="25,1,8,1" doraHai="61" who="3" fromWho="1" sc="250,0,250,-20,250,0,250,20" /><INIT seed="1,0,0,2,3,116" ten="250,230,250,270" oya="1" hai0="83,42,13,66,122,130,86,80,81,3,61,90,133" hai1="134,104,11,52,18,110,4,21,97,22,117,100,70" hai2="15,44,33,95,73,123,32,128,23,126,48,74,102" hai3="14,37,26,64,39,2,12,109,112,31,67,98,93"/><U72/><E117/><V28/><F126/><W50/><G2/><T135/><D3/><U59/><E134/><N who="0" m="51209" /><D42/><U25/><E110/><V55/><F128/><W53/><G109/><T129/><D13/><U76/><E70/><V0/><F0/><W24/><G112/><T54/><D54/><U5/><E72/><V106/><F106/><W9/><G39/><T118/><D118/><U114/><E76/><V45/><F102/><W115/><G37/><T58/><D122/><U34/><E114/><V91/><F123/><W68/><G115/><T65/><D65/><N who="3" m="25161" /><G68/><T77/><D77/><U71/><E71/><V111/><F44/><N who="3" m="27847" /><G31/><T40/><D40/><U124/><E124/><V57/><F45/><W62/><G62/><T132/><N who="0" m="51217" /><T60/><DORA hai="127" /><D60/><U99/><E104/><V38/><F38/><W113/><G14/><T105/><D105/><U36/><E36/><V8/><F111/><W17/><G113/><T101/><D101/><AGARI ba="0,0" hai="9,12,17,24,26,93,98,101" m="27847,25161" machi="101" ten="30,1000,0" yaku="8,1" doraHai="116,127" who="3" fromWho="0" sc="250,-10,230,0,250,0,270,10" /><INIT seed="2,0,0,2,1,98" ten="240,230,250,280" oya="2" hai0="107,133,51,108,38,126,86,14,96,77,40,27,95" hai1="7,127,31,91,113,104,82,89,81,99,16,74,101" hai2="25,97,45,34,56,106,79,70,8,42,20,50,17" hai3="64,112,48,5,129,9,94,69,44,6,120,0,71"/><V109/><F70/><W60/><G120/><T128/><D38/><U59/><E113/><V47/><F109/><W54/><G112/><T114/><D114/><U119/><E119/><V46/><F34/><W63/><G129/><T18/><D108/><U11/><E127/><V125/><F125/><W68/><G6/><T62/><D126/><U80/><E74/><V13/><F79/><W115/><G115/><T66/><D27/><U30/><E59/><V36/><F56/><W102/><REACH who="3" step="1"/><G64/><REACH who="3" ten="240,230,250,270" step="2"/><T10/><D128/><U33/><E7/><V90/><F36/><W83/><G83/><T117/><D66/><U132/><E82/><V24/><F24/><W103/><G103/><T2/><D117/><U58/><E81/><V121/><F121/><W23/><G23/><T123/><D123/><U57/><E101/><V43/><F43/><W19/><G19/><T39/><D18/><U122/><E122/><V67/><F67/><W41/><G41/><T84/><D40/><U29/><E11/><V110/><F110/><W21/><G21/><T130/><D130/><U53/><E16/><N who="2" m="12423" /><F106/><W131/><G131/><T61/><D39/><U1/><E104/><V92/><AGARI ba="0,1" hai="8,13,17,42,45,46,47,50,90,92,97" m="12423" machi="92" ten="30,3000,0" yaku="8,1,54,1" doraHai="98" who="2" fromWho="2" sc="240,-10,230,-10,250,40,270,-10" /><INIT seed="2,1,0,2,2,95" ten="230,220,290,260" oya="2" hai0="96,116,108,70,27,97,50,31,131,73,23,6,66" hai1="28,127,87,117,8,48,41,79,111,64,46,121,29" hai2="82,5,52,37,112,58,109,119,1,45,25,76,129" hai3="56,80,94,120,89,86,101,83,51,20,124,133,40"/><V103/><F112/><W100/><G120/><T18/><D73/><U11/><E117/><V7/><F119/><W98/><G133/><T59/><D116/><U107/><E121/><V26/><F129/><W122/><G122/><T44/><D131/><U22/><E127/><V115/><F115/><W135/><G124/><T49/><D70/><U81/><E111/><V47/><F109/><W78/><G135/><T125/><D6/><U113/><E113/><V75/><F103/><W99/><G20/><N who="0" m="15847" /><D108/><U2/><E107/><V110/><F110/><W93/><G56/><T17/><D125/><U62/><E2/><V21/><F26/><W60/><G60/><N who="0" m="38175" /><D50/><U88/><E79/><V36/><F36/><W33/><G33/><T85/><D85/><U39/><E39/><V71/><F71/><W118/><G118/><T92/><D92/><U53/><E41/><V32/><F32/><W123/><G123/><T102/><D102/><U24/><REACH who="1" step="1"/><E29/><REACH who="1" ten="230,210,290,260" step="2"/><V106/><F106/><W30/><G30/><T4/><D4/><U34/><E34/><V57/><F37/><W38/><G38/><T91/><D17/><U3/><E3/><V15/><F5/><W63/><G40/><N who="0" m="24711" /><D91/><U72/><E72/><V0/><F0/><W126/><G126/><T128/><D128/><U68/><AGARI ba="1,1" hai="8,11,22,24,28,46,48,53,62,64,68,81,87,88" machi="68" ten="20,5200,0" yaku="1,1,0,1,7,1,54,1,53,0" doraHai="95" doraHaiUra="10" who="1" fromWho="1" sc="230,-14,210,65,290,-27,260,-14" /><INIT seed="3,0,0,2,0,76" ten="216,275,263,246" oya="3" hai0="41,98,32,130,37,93,48,62,50,74,86,109,49" hai1="53,35,71,121,11,43,73,77,21,129,92,0,68" hai2="14,9,30,2,15,8,29,97,20,123,22,102,25" hai3="115,61,88,13,134,99,57,105,44,51,67,112,34"/><W128/><G34/><T33/><D74/><U39/><E121/><V64/><F123/><W46/><G134/><T111/><D62/><U80/><E35/><N who="0" m="13385" /><D86/><U36/><E129/><V69/><F69/><W94/><G128/><T45/><D130/><U87/><E21/><V66/><F2/><W27/><G27/><T42/><D42/><U17/><E53/><V104/><F25/><W120/><G120/><T135/><D135/><U84/><E39/><V127/><F97/><W90/><G105/><T7/><D7/><N who="1" m="1511" /><E17/><V6/><F6/><W19/><G90/><T107/><D107/><U4/><E4/><V118/><F104/><W65/><G65/><T10/><D10/><U23/><E23/><V122/><F122/><W78/><G78/><T131/><D131/><U31/><E31/><V26/><F26/><W12/><G46/><T133/><D133/><U125/><E87/><V40/><F40/><W58/><G58/><T124/><D124/><U56/><E56/><V108/><F127/><W110/><G110/><N who="0" m="41995" /><D37/><U113/><E125/><V63/><F108/><W83/><G115/><T59/><D59/><U55/><E113/><V85/><F85/><N who="3" m="50239" /><G112/><T1/><D1/><U89/><E55/><V116/><REACH who="2" step="1"/><F63/><REACH who="2" ten="216,275,253,246" step="2"/><W52/><G19/><T47/><D41/><U91/><E43/><V114/><F114/><W103/><AGARI ba="0,1" hai="12,13,44,51,52,57,61,67,94,99,103" m="50239" machi="103" ten="30,11700,0" yaku="8,1,52,1,54,2" doraHai="76" who="3" fromWho="3" sc="216,-39,275,-39,253,-39,246,127" owari="177,-32.3,236,3.6,214,-18.6,373,47.3" /></mjloggm>