<mjloggm ver="2.3"><GO type="225" lobby="0"/><UN n0="%E4%B8%89%E5%88%86%E5%B0%8F%E5%83%A7" n1="%EF%BC%AE%EF%BC%A1%EF%BC%AF%33%33%39" n2="%E3%82%AF%E3%82%A3%E3%82%A6" n3="%E7%99%BD%E5%80%89%E5%AF%9B%E4%B9%8B" dan="16,16,16,16" rate="2069.01,2119.16,2064.60,2127.24" sx="M,M,M,M"/><TAIKYOKU oya="0"/><INIT seed="0,0,0,1,2,68" ten="250,250,250,250" oya="0" hai0="67,0,7,30,35,58,132,109,127,93,106,51,85" hai1="62,78,110,27,90,12,45,39,48,18,105,122,16" hai2="66,26,131,28,120,73,75,101,2,79,116,19,115" hai3="125,83,25,92,36,77,126,76,113,37,97,123,99"/><T108/><D106/><U9/><E122/><V72/><F115/><W34/><G123/><T47/><D0/><U40/><E105/><V111/><F116/><W119/><G119/><T81/><D7/><U32/><E78/><N who="3" m="30314" /><G83/><T23/><D35/><U5/><E110/><N who="0" m="42601" /><D93/><U124/><E124/><N who="3" m="47722" /><G113/><T129/><D127/><U87/><E62/><V102/><F111/><W95/><G95/><T70/><D70/><U57/><E32/><V21/><F120/><W94/><G94/><T112/><D112/><U38/><E57/><V49/><F79/><W44/><G44/><T91/><D129/><U20/><E5/><V114/><F114/><W24/><G99/><T56/><D67/><U100/><E100/><V134/><F131/><W33/><G33/><T88/><D91/><U89/><E89/><V103/><F66/><W53/><G53/><N who="0" m="29951" /><D132/><U8/><E8/><V130/><F134/><W63/><G63/><T104/><D104/><U107/><E107/><V128/><F2/><W135/><G135/><T133/><D133/><U14/><E27/><AGARI ba="0,0" hai="23,27,30,56,58,81,85,88" m="29951,42601" machi="27" ten="30,5800,0" yaku="14,1,10,1,54,1" doraHai="68" who="0" fromWho="1" sc="250,58,250,-58,250,0,250,0" /><INIT seed="0,1,0,0,2,17" ten="308,192,250,250" oya="0" hai0="110,87,123,66,58,90,62,104,28,25,4,92,24" hai1="75,85,97,31,64,109,114,128,105,113,118,63,10" hai2="1,42,26,73,54,39,29,69,3,99,96,95,56" hai3="120,13,40,77,20,98,38,89,52,106,134,9,130"/><T51/><D104/><U11/><E118/><V124/><F69/><W125/><G77/><T72/><D72/><U122/><E122/><V67/><F124/><W61/><G125/><T6/><D123/><U94/><E75/><V81/><F67/><W46/><G120/><T53/><D110/><U80/><E105/><V86/><F73/><W108/><G108/><T18/><D18/><U47/><E47/><V133/><F133/><W32/><G32/><T7/><REACH who="0" step="1"/><D28/><REACH who="0" ten="298,192,250,250" step="2"/><U14/><E109/><V5/><F29/><W49/><G134/><T127/><D127/><U30/><E30/><V78/><F5/><W12/><G106/><T91/><D91/><U129/><E31/><V65/><F3/><W33/><G89/><T57/><AGARI ba="1,1" hai="4,6,7,24,25,51,53,57,58,62,66,87,90,92" machi="57" ten="30,6000,0" yaku="1,1,0,1,8,1,53,0" doraHai="17" doraHaiUra="37" who="0" fromWho="0" sc="298,73,192,-21,250,-21,250,-21" /><INIT seed="0,2,0,4,2,74" ten="371,171,229,229" oya="0" hai0="31,65,121,64,50,43,96,5,130,92,113,118,129" hai1="104,97,98,106,52,29,48,132,28,19,78,21,44" hai2="17,23,90,53,41,62,131,7,60,103,14,79,127" hai3="70,124,39,4,34,26,108,54,77,36,72,57,13"/><T122/><D5/><U10/><E132/><V123/><F123/><N who="0" m="47114" /><D31/><U58/><E10/><V73/><F127/><W94/><G70/><T107/><D92/><U2/><E2/><V125/><F125/><W135/><G124/><T12/><D12/><U83/><E104/><V46/><F131/><N who="0" m="50186" /><D96/><U114/><E114/><V68/><F103/><W110/><G13/><T49/><D107/><U100/><E98/><V111/><F111/><W69/><G94/><T32/><D32/><U67/><E67/><N who="0" m="25673" /><D113/><U61/><E19/><V59/><F7/><W45/><G4/><T87/><D87/><U75/><REACH who="1" step="1"/><E21/><REACH who="1" ten="371,161,229,229" step="2"/><V6/><F23/><W81/><G135/><T63/><D118/><U95/><E95/><V42/><F17/><W85/><G110/><T35/><D35/><U91/><E91/><V40/><F90/><W71/><G34/><T24/><D24/><U16/><E16/><V128/><F128/><W27/><G108/><T119/><D119/><U89/><E89/><V66/><F6/><W38/><G26/><T25/><D25/><U126/><E126/><V101/><F14/><W51/><G27/><T99/><D99/><U1/><E1/><V20/><F20/><W105/><G105/><T30/><D30/><U115/><E115/><V55/><F101/><W3/><G3/><T9/><D9/><U109/><E109/><V88/><F88/><W0/><G0/><T102/><D102/><U93/><E93/><V117/><F117/><W133/><G133/><T82/><D82/><U37/><E37/><V76/><F73/><W80/><G72/><T47/><D63/><RYUUKYOKU ba="2,1" sc="371,10,161,10,229,10,229,-30" hai0="43,47,49,50" hai1="28,29,44,48,52,58,61,75,78,83,97,100,106" hai2="40,41,42,46,53,55,59,60,62,66,68,76,79" /><INIT seed="0,3,1,0,2,62" ten="381,171,239,199" oya="0" hai0="33,119,30,35,78,103,60,135,82,28,46,61,120" hai1="23,129,94,5,47,91,59,72,63,12,10,77,133" hai2="9,65,88,124,6,116,11,20,69,111,54,97,48" hai3="67,42,0,132,125,66,22,121,26,40,87,106,114"/><T71/><D119/><U81/><E129/><V74/><F116/><W53/><G0/><T32/><D120/><U2/><E133/><V115/><F115/><W95/><G106/><T29/><D135/><U56/><E47/><V113/><F113/><W14/><G114/><T104/><D46/><U80/><E80/><V43/><F124/><W117/><G132/><T84/><D71/><U64/><E23/><V25/><F111/><W68/><G68/><T55/><D55/><U76/><E76/><V127/><F127/><W57/><G117/><T34/><N who="0" m="8192" /><DORA hai="99" /><T108/><REACH who="0" step="1"/><D108/><REACH who="0" ten="371,171,239,199" step="2"/><U75/><E59/><V37/><F69/><W8/><G121/><T109/><D109/><U45/><E45/><V118/><F118/><W122/><G122/><T110/><D110/><U4/><E75/><V73/><F54/><W51/><G125/><T89/><D89/><U17/><REACH who="1" step="1"/><E2/><REACH who="1" ten="371,161,239,199" step="2"/><N who="2" m="215" /><F73/><W92/><G42/><T44/><D44/><U39/><E39/><V101/><F43/><W1/><G40/><T79/><D79/><U102/><E102/><V7/><F101/><W93/><G1/><T128/><D128/><U58/><E58/><V107/><F37/><W83/><G57/><T85/><D85/><AGARI ba="3,3" hai="4,5,10,12,17,56,63,64,72,77,81,85,91,94" machi="85" ten="30,3900,0" yaku="1,1,7,1,52,1,53,0" doraHai="62,99" doraHaiUra="123,131" who="1" fromWho="0" sc="371,-48,161,78,239,0,199,0" /><INIT seed="1,0,0,1,2,101" ten="323,239,239,199" oya="1" hai0="91,28,36,89,116,85,20,57,66,123,125,122,121" hai1="12,17,117,131,69,127,33,63,11,103,93,108,109" hai2="53,86,25,58,92,24,72,124,19,54,30,31,88" hai3="56,26,78,32,44,134,38,90,75,48,119,130,46"/><U60/><E117/><V114/><F72/><W70/><G70/><T45/><D116/><U112/><E112/><V71/><F71/><W81/><G119/><T79/><D125/><U104/><E33/><V47/><F124/><W5/><G130/><T3/><D3/><U49/><E127/><V0/><F0/><W76/><G134/><T111/><D111/><N who="1" m="42571" /><E131/><V2/><F2/><W132/><G5/><T107/><D107/><U73/><E73/><V128/><F128/><W84/><G132/><T21/><D79/><U59/><E93/><V51/><F114/><W102/><G102/><T52/><D66/><U1/><E1/><V115/><F115/><W6/><G6/><T67/><D67/><U27/><E27/><V120/><F120/><W129/><G129/><T65/><D65/><U126/><E126/><V8/><F8/><W43/><G75/><T61/><D28/><N who="2" m="10794" /><F19/><W82/><G26/><T68/><D68/><U16/><E17/><V18/><F18/><W95/><G32/><T100/><D100/><U77/><E77/><V87/><F87/><W113/><G113/><T9/><D91/><U34/><E34/><V99/><F86/><W14/><G78/><T97/><D85/><U133/><E133/><V39/><F39/><W74/><G95/><N who="0" m="56559" /><D9/><U37/><E37/><V10/><F10/><W55/><REACH who="3" step="1"/><G14/><REACH who="3" ten="323,239,239,189" step="2"/><T135/><D135/><U15/><E15/><V96/><F96/><W42/><G42/><AGARI ba="0,1" hai="20,21,36,42,45,52,57,61,121,122,123" m="56559" machi="42" ten="30,2000,0" yaku="13,1,54,1" doraHai="101" who="0" fromWho="3" sc="323,30,239,0,239,0,189,-20" /><INIT seed="2,0,0,1,2,95" ten="353,239,239,169" oya="2" hai0="66,79,33,94,126,56,116,77,3,25,10,53,114" hai1="131,34,106,57,21,123,45,92,82,110,90,17,36" hai2="72,86,80,105,52,85,70,28,119,117,74,51,67" hai3="38,127,102,100,124,88,48,83,32,14,26,118,73"/><V64/><F105/><W49/><G38/><T112/><D126/><N who="3" m="48169" /><G118/><T103/><D66/><U76/><E106/><V120/><F120/><W109/><G73/><T101/><D3/><U113/><E34/><V46/><F28/><N who="3" m="19479" /><G14/><T11/><D33/><U18/><E123/><V104/><F104/><W93/><G83/><T31/><D116/><U47/><E36/><V44/><F80/><W55/><G109/><T39/><D39/><U43/><E110/><V134/><F70/><W54/><G48/><T69/><D69/><U128/><E82/><V96/><F51/><W60/><G60/><T29/><D25/><U87/><E76/><V7/><F7/><W122/><G122/><T81/><D81/><U58/><E128/><V2/><F2/><W115/><G115/><T30/><D112/><U132/><E131/><V107/><F107/><W16/><G16/><T4/><D79/><U135/><E18/><V9/><F9/><W61/><G61/><T41/><D77/><U42/><E113/><V24/><F24/><W1/><G1/><T12/><D11/><U23/><E23/><V130/><F130/><W40/><G40/><T37/><D41/><U13/><E43/><V75/><F75/><W71/><G71/><T129/><D37/><U89/><E42/><V125/><F125/><W22/><G22/><T121/><D129/><U35/><E35/><V68/><F68/><W0/><G0/><T133/><D114/><U98/><E13/><V20/><F20/><W84/><G55/><T59/><D121/><U99/><E21/><V65/><F52/><W91/><G91/><RYUUKYOKU ba="0,0" sc="353,-10,239,-10,239,-10,169,30" hai3="49,54,84,88,93,100,102" /><INIT seed="3,1,0,1,4,125" ten="343,229,229,199" oya="3" hai0="106,31,23,29,32,41,71,132,52,46,38,128,6" hai1="53,120,70,0,112,114,65,110,57,100,55,126,63" hai2="4,104,66,24,21,99,26,118,97,123,103,75,115" hai3="92,58,90,67,119,3,14,68,109,13,108,9,133"/><W25/><G119/><T121/><D121/><U39/><E0/><V50/><F118/><W84/><G68/><T7/><D106/><U30/><E30/><V22/><F115/><N who="1" m="44073" /><E100/><V33/><F75/><W124/><G124/><T76/><D32/><U82/><E82/><V49/><F123/><W17/><G133/><T59/><D71/><U12/><E12/><V35/><F4/><W129/><G3/><T78/><D78/><U2/><E2/><V62/><F99/><W11/><G25/><T18/><D76/><U86/><E86/><V34/><F24/><W56/><G129/><T73/><D128/><U47/><E126/><V89/><F89/><W98/><G84/><T96/><D96/><U102/><E102/><V51/><REACH who="2" step="1"/><F26/><REACH who="2" ten="343,229,219,199" step="2"/><W79/><G79/><T16/><D73/><U87/><E120/><V15/><F15/><W95/><G95/><T60/><D6/><U44/><E87/><V122/><F122/><W83/><G83/><T77/><D7/><U8/><E110/><N who="3" m="42602" /><G67/><T80/><D77/><U117/><E117/><V64/><F64/><W113/><G113/><T81/><D81/><U91/><E91/><V85/><F85/><W116/><G116/><T42/><D80/><U134/><E134/><V20/><F20/><W10/><G14/><T72/><D72/><U105/><E105/><V19/><F19/><W88/><G90/><T36/><D132/><U111/><E111/><V28/><F28/><W135/><G135/><T27/><D31/><U40/><E8/><AGARI ba="1,1" hai="8,9,10,11,13,17,56,58,88,92,98" m="42602" machi="8" ten="30,5800,0" yaku="14,1,10,1,54,1" doraHai="125" who="3" fromWho="1" sc="343,0,229,-61,219,0,199,71" /><INIT seed="3,2,0,1,4,130" ten="343,168,219,270" oya="3" hai0="107,14,61,95,122,8,27,105,12,84,43,18,124" hai1="121,38,25,59,50,110,86,55,89,109,15,96,36" hai2="29,37,64,73,6,132,60,101,78,90,23,51,1" hai3="120,111,81,102,53,126,21,4,106,103,79,66,82"/><W44/><G106/><T116/><D116/><U115/><E115/><V117/><F117/><W131/><G120/><T9/><D122/><U52/><E121/><V104/><F37/><W92/><G66/><T87/><D124/><U93/><E25/><V24/><F51/><W58/><G44/><T113/><D113/><U31/><E31/><V17/><F90/><W134/><G4/><T128/><D27/><U7/><E7/><V108/><F108/><W57/><G21/><T30/><D30/><U69/><E69/><V10/><F78/><W83/><G92/><T76/><D43/><U62/><E15/><N who="2" m="9663" /><F73/><W46/><G79/><T98/><D128/><U97/><E38/><V35/><F104/><W100/><G46/><T85/><D76/><U67/><E36/><V34/><F101/><W49/><G131/><T119/><D61/><U74/><E74/><V11/><F11/><W56/><G111/><T75/><D75/><U13/><E109/><V41/><F41/><W99/><G126/><T3/><D3/><U72/><E72/><V94/><F94/><W33/><G100/><T77/><D77/><U80/><E110/><V135/><F35/><W63/><G102/><T133/><D119/><U70/><E13/><V114/><F114/><W65/><G33/><T42/><D42/><U68/><E68/><V129/><F129/><W125/><G125/><T127/><D127/><U40/><E40/><V39/><F39/><W0/><G103/><T118/><D118/><U5/><E5/><V26/><F26/><W45/><G49/><T48/><D48/><N who="1" m="31111" /><E93/><V54/><F24/><RYUUKYOKU ba="2,0" sc="343,-10,168,30,219,-10,270,-10" hai1="50,55,62,67,70,80,86,89,96,97" owari="333,43.3,198,-30.2,209,-19.1,260,6.0" /></mjloggm>