<mjloggm ver="2.3"><GO type="225" lobby="0"/><UN n0="%E4%B8%89%E5%88%86%E5%B0%8F%E5%83%A7" n1="%65%76%69%61%6E%36%31%39" n2="%E6%98%93%E5%88%A9%E8%96%A9%E4%BC%AF" n3="%E6%81%A5%E6%99%92%E3%81%97" dan="16,16,17,17" rate="2057.07,2070.99,2100.63,2115.82" sx="M,M,F,M"/><TAIKYOKU oya="0"/><INIT seed="0,0,0,5,0,1" ten="250,250,250,250" oya="0" hai0="122,125,52,27,58,60,87,26,73,72,14,2,11" hai1="18,4,41,80,25,51,75,110,34,119,108,21,44" hai2="66,96,69,116,13,38,5,61,19,94,22,71,85" hai3="90,92,99,95,12,77,9,81,35,102,30,10,86"/><T33/><D122/><U109/><E119/><V43/><F116/><W131/><G131/><T59/><D2/><U82/><E75/><V16/><F71/><W97/><G35/><T68/><D68/><U126/><E126/><V64/><F64/><W3/><G30/><T20/><D33/><U128/><E128/><V78/><F38/><W37/><G37/><T134/><D134/><U101/><E101/><V53/><F43/><W65/><G3/><T84/><D125/><U89/><E34/><V57/><F19/><W93/><G65/><N who="0" m="39063" /><D73/><U111/><E111/><V6/><F78/><W63/><G63/><N who="0" m="36327" /><D72/><U118/><E118/><V70/><F70/><W36/><G36/><T29/><D27/><U76/><E76/><V98/><F69/><W112/><G112/><T133/><D133/><U107/><E107/><V127/><F66/><W7/><REACH who="3" step="1"/><G9/><REACH who="3" ten="250,250,250,240" step="2"/><T28/><D28/><U40/><E110/><V121/><F121/><W123/><G123/><T79/><D79/><U74/><E109/><V83/><F127/><W15/><G15/><T8/><D8/><U117/><E117/><V67/><F67/><W105/><AGARI ba="0,1" hai="7,10,12,77,81,86,90,92,93,95,97,99,102,105" machi="105" ten="20,5200,0" yaku="1,1,0,1,7,1,52,1,53,0" doraHai="1" doraHaiUra="114" who="3" fromWho="3" sc="250,-26,250,-13,250,-13,240,62" /><INIT seed="1,0,0,3,4,23" ten="224,237,237,302" oya="1" hai0="26,85,21,43,32,129,117,131,83,99,86,7,106" hai1="35,16,45,91,58,9,15,95,38,63,64,33,12" hai2="94,34,97,70,127,78,3,125,24,27,50,89,121" hai3="29,108,98,113,8,72,114,123,109,41,96,19,11"/><U17/><E38/><V81/><F121/><W25/><G72/><T126/><D32/><U40/><E40/><V42/><F70/><W46/><G123/><T111/><D117/><U110/><E45/><N who="2" m="25911" /><F34/><N who="3" m="20783" /><G98/><T62/><D111/><N who="3" m="42569" /><G96/><T104/><D126/><N who="2" m="48138" /><F3/><W112/><G19/><T118/><D7/><U76/><E76/><V6/><F6/><W20/><G20/><T88/><D118/><U115/><E115/><V93/><F93/><W52/><G52/><T102/><D86/><AGARI ba="0,0" hai="24,27,78,81,86,89,94,97" m="48138,25911" machi="86" ten="30,3900,0" yaku="18,1,52,2" doraHai="23" who="2" fromWho="0" sc="224,-39,237,0,237,39,302,0" /><INIT seed="2,0,0,2,1,46" ten="185,237,276,302" oya="2" hai0="77,57,1,19,8,47,54,0,93,88,22,7,12" hai1="100,94,78,95,2,125,83,33,36,84,69,68,115" hai2="63,9,48,124,130,18,129,70,25,55,101,105,38" hai3="135,24,53,45,92,123,108,80,11,106,32,28,134"/><V133/><F38/><W50/><G106/><T31/><D77/><U41/><E2/><V39/><F39/><W111/><G123/><T62/><D47/><U72/><E33/><V4/><F124/><W122/><G122/><T40/><D40/><U86/><E41/><V81/><F133/><N who="3" m="50699" /><G92/><T85/><REACH who="0" step="1"/><D31/><REACH who="0" ten="175,237,276,302" step="2"/><U56/><E78/><V79/><F79/><W120/><G120/><T51/><D51/><U128/><E36/><V87/><F48/><W44/><G45/><T110/><D110/><U99/><E72/><V97/><F130/><W37/><G108/><T60/><D60/><U75/><E128/><V23/><F129/><W29/><G29/><T17/><D17/><U113/><E75/><V73/><F73/><W65/><G37/><T74/><D74/><U119/><E125/><V58/><F18/><W96/><G111/><T103/><D103/><U43/><E43/><V131/><F101/><W14/><G44/><T126/><D126/><U27/><E100/><V132/><F63/><W98/><G50/><T20/><D20/><U26/><E115/><V61/><F61/><W117/><G28/><T121/><D121/><U35/><E113/><V127/><F127/><W89/><G32/><T6/><D6/><U76/><E35/><V49/><F4/><W3/><G117/><T34/><D34/><U102/><E119/><V104/><F131/><W42/><G42/><T64/><D64/><U82/><E76/><V10/><F49/><W90/><G65/><T30/><D30/><U21/><E102/><V112/><F132/><W5/><G5/><T118/><D118/><RYUUKYOKU ba="0,1" sc="175,30,237,-10,276,-10,302,-10" hai0="0,1,7,8,12,19,22,54,57,62,85,88,93" /><INIT seed="3,1,1,2,1,62" ten="205,227,266,292" oya="3" hai0="97,38,114,29,88,71,13,2,25,89,23,100,58" hai1="60,67,31,129,19,128,94,127,52,48,87,73,123" hai2="37,117,9,65,112,61,40,120,72,91,119,105,4" hai3="81,98,63,70,125,3,32,86,16,69,17,130,108"/><W106/><G3/><T53/><D71/><U74/><E123/><V7/><F112/><W6/><G6/><T10/><D38/><U76/><E31/><V44/><F105/><W28/><G125/><T96/><D2/><U30/><E30/><V57/><F72/><W5/><G5/><T78/><D78/><U126/><E19/><V82/><F120/><W49/><G49/><T39/><D39/><U124/><E94/><V42/><F42/><W79/><G130/><N who="1" m="50282" /><E87/><V26/><F26/><N who="3" m="18455" /><G70/><T27/><D27/><U50/><E50/><V107/><F107/><W43/><G108/><T41/><D41/><U80/><E80/><V109/><F109/><W18/><G43/><T56/><D114/><U111/><E76/><V20/><F20/><W47/><G18/><N who="0" m="8503" /><D58/><N who="1" m="37271" /><E111/><V121/><F121/><W118/><G118/><T110/><D110/><U24/><E24/><V131/><F131/><W116/><G116/><T122/><D122/><U14/><E14/><V54/><F7/><W51/><G106/><T68/><D68/><U102/><E102/><V133/><F117/><W64/><G98/><N who="0" m="37995" /><D100/><U15/><E15/><V85/><F119/><W59/><G69/><T36/><D36/><U113/><E113/><V12/><F37/><W55/><G79/><T34/><D34/><U33/><E33/><V21/><F40/><W77/><G77/><T104/><D104/><U45/><AGARI ba="1,1" hai="45,48,52,73,74,124,126,127" m="37271,50282" machi="45" ten="40,8000,1" yaku="18,1,19,1,52,1,54,1" doraHai="62" who="1" fromWho="1" sc="205,-21,227,93,266,-21,292,-41" owari="184,-31.6,320,42.0,245,-15.5,251,5.1" /></mjloggm>