<mjloggm ver="2.3"><GO type="225" lobby="0"/><UN n0="%E4%BF%BA%E3%81%A8%E5%A6%96%E5%A4%A2" n1="%E3%83%81%E3%83%83%E3%82%BF%E3%82%BD%E3%83%BC" n2="%E6%9D%B1%E9%A2%A8%E3%81%AE%E3%81%8D%E3%82%83%E3%81%B7%E3%81%95%E3%82%93" n3="%E8%A8%88%E7%AE%97%E6%A9%9F%E8%87%AA%E7%84%B6" dan="16,16,16,17" rate="2188.61,2185.84,2158.54,2141.39" sx="F,F,M,M"/><TAIKYOKU oya="0"/><INIT seed="0,0,0,4,0,113" ten="250,250,250,250" oya="0" hai0="131,71,122,6,76,4,106,30,1,104,5,98,70" hai1="52,42,44,29,0,13,51,100,117,112,68,125,75" hai2="2,83,33,12,19,118,10,97,126,15,25,94,129" hai3="48,69,63,120,57,54,103,79,108,7,32,96,38"/><T89/><D122/><U23/><E75/><V121/><F121/><W22/><G120/><T16/><D1/><U72/><E72/><V28/><F83/><W55/><G108/><T21/><D131/><U85/><E0/><V17/><F129/><W88/><G32/><T132/><D30/><U102/><E68/><V87/><F87/><W47/><G79/><T91/><D132/><U86/><E125/><V60/><F126/><W119/><G69/><T24/><D76/><U74/><E74/><V26/><F60/><W37/><G7/><T3/><D3/><U84/><E117/><V105/><F105/><W46/><G119/><T40/><D40/><U95/><E112/><V99/><F118/><W56/><G37/><T134/><D134/><U65/><E65/><V107/><F2/><W133/><G38/><T128/><D128/><U27/><E95/><V64/><F64/><W8/><G8/><T123/><D123/><U35/><E42/><V82/><F82/><W110/><G110/><T114/><D114/><U49/><E51/><V109/><F109/><W81/><G22/><T67/><D106/><U18/><AGARI ba="0,0" hai="13,18,23,27,29,35,44,49,52,84,85,86,100,102" machi="18" ten="30,2000,0" yaku="0,1,54,1" doraHai="113" who="1" fromWho="1" sc="250,-10,250,20,250,-5,250,-5" /><INIT seed="1,0,0,3,3,29" ten="240,270,245,245" oya="1" hai0="93,78,17,41,24,75,120,72,48,76,31,70,88" hai1="23,11,65,71,115,97,77,122,126,30,46,36,127" hai2="40,27,54,114,102,1,52,62,81,47,6,121,106" hai3="131,112,35,33,34,57,119,3,100,111,32,18,9"/><U109/><E122/><V95/><F121/><W74/><G112/><T13/><D120/><U89/><E115/><V92/><F114/><W44/><G74/><T69/><D75/><U61/><E109/><V105/><F81/><W90/><G33/><T84/><D70/><U124/><E77/><V16/><F6/><W12/><G111/><T66/><D66/><U21/><E30/><V123/><F1/><W43/><G100/><T116/><D69/><U45/><E11/><V64/><F123/><W128/><G119/><T63/><D63/><U5/><E5/><V53/><F102/><W73/><G73/><T104/><D104/><U14/><E36/><V99/><F99/><W110/><G110/><T83/><D76/><U42/><E42/><V79/><F79/><W55/><G90/><T8/><D116/><U19/><REACH who="1" step="1"/><E23/><REACH who="1" ten="240,260,245,245" step="2"/><N who="2" m="13799" /><F106/><W49/><REACH who="3" step="1"/><G3/><REACH who="3" ten="240,260,245,235" step="2"/><T130/><D72/><U15/><E15/><V82/><F105/><W129/><G129/><T67/><D130/><U2/><E2/><V22/><F22/><W118/><G118/><T117/><D117/><U86/><E86/><V60/><F82/><W4/><G4/><T0/><D0/><U94/><AGARI ba="0,2" hai="14,19,21,45,46,61,65,71,89,94,97,124,126,127" machi="94" ten="40,7800,0" yaku="1,1,0,1,18,1,53,0" doraHai="29" doraHaiUra="68" who="1" fromWho="1" sc="240,-26,260,98,245,-26,235,-26" /><INIT seed="1,1,0,1,4,55" ten="214,358,219,209" oya="1" hai0="60,113,59,115,37,35,122,27,34,30,106,46,62" hai1="95,13,74,100,32,16,102,112,4,28,126,78,3" hai2="132,98,118,73,89,15,65,63,123,110,103,99,81" hai3="18,61,64,5,39,96,14,38,43,8,114,21,80"/><U109/><E112/><V82/><F123/><W0/><G114/><T42/><D122/><U77/><E126/><V124/><F118/><W51/><G96/><T45/><D106/><U87/><E74/><V49/><F124/><W17/><G80/><T2/><D2/><U97/><E109/><V66/><F110/><W107/><G107/><T117/><D117/><U31/><E102/><V108/><F108/><W12/><G51/><T86/><D35/><U25/><E28/><V36/><F36/><W40/><G39/><T94/><D46/><U11/><REACH who="1" step="1"/><E87/><REACH who="1" ten="214,348,219,209" step="2"/><V131/><F73/><W29/><G29/><T33/><D115/><U119/><E119/><V93/><F103/><W76/><G38/><T53/><D113/><U48/><E48/><V121/><F121/><W129/><G129/><T127/><D127/><U128/><E128/><V7/><F131/><W9/><REACH who="3" step="1"/><G76/><REACH who="3" ten="214,348,219,199" step="2"/><T68/><D37/><U23/><AGARI ba="1,2" hai="3,4,11,13,16,23,25,31,32,77,78,95,97,100" machi="23" ten="20,18000,2" yaku="1,1,0,1,7,1,24,2,54,1,53,0" doraHai="55" doraHaiUra="67" who="1" fromWho="1" sc="214,-61,348,203,219,-61,199,-61" /><INIT seed="1,2,0,3,3,86" ten="153,551,158,138" oya="1" hai0="65,122,56,9,74,29,102,57,4,54,80,88,23" hai1="114,85,63,127,1,0,52,17,126,13,132,24,113" hai2="19,22,8,124,43,15,28,27,84,31,123,97,71" hai3="50,105,64,108,34,96,68,79,70,90,48,94,128"/><U67/><E132/><V49/><F71/><W95/><G34/><T78/><D122/><U40/><E40/><V41/><F123/><W32/><G32/><T125/><D125/><N who="1" m="47627" /><E24/><V3/><F124/><W62/><G105/><T116/><D116/><U111/><E111/><V61/><F3/><N who="1" m="1097" /><E85/><V129/><F129/><W117/><G128/><T112/><D112/><N who="1" m="43115" /><E67/><V44/><F97/><W12/><G108/><T55/><D102/><U38/><E38/><V87/><F41/><W121/><G117/><T115/><D115/><U77/><E77/><V100/><F100/><W30/><G79/><T133/><D133/><U20/><E52/><N who="0" m="20009" /><D78/><U69/><E63/><V11/><F61/><W51/><G62/><T26/><D74/><U14/><E69/><V36/><F36/><W135/><G135/><T58/><D65/><U45/><E45/><V72/><F72/><W76/><G64/><T120/><D120/><U39/><E39/><V16/><REACH who="2" step="1"/><F31/><REACH who="2" ten="153,551,148,138" step="2"/><W118/><G30/><T99/><D99/><U134/><E134/><V21/><F21/><W83/><G121/><T46/><D29/><U37/><E37/><V35/><F35/><W25/><G68/><T110/><D110/><U103/><E103/><V82/><F82/><W107/><G70/><T6/><D80/><U89/><E13/><AGARI ba="2,1" hai="8,11,13,15,16,19,22,27,28,43,44,49,84,87" machi="13" ten="40,8000,1" yaku="1,1,9,1,8,1,54,1,53,0" doraHai="86" doraHaiUra="66" who="2" fromWho="1" sc="153,0,551,-86,148,96,138,0" /><INIT seed="2,0,0,0,5,71" ten="153,465,244,138" oya="2" hai0="117,80,133,62,79,130,87,90,100,1,20,56,75" hai1="73,119,24,123,83,33,115,15,134,54,12,122,94" hai2="89,3,76,109,49,110,88,13,63,36,41,39,48" hai3="53,4,132,31,17,131,129,52,93,99,61,22,47"/><V59/><F3/><W77/><G4/><T0/><D133/><U118/><E115/><V96/><F76/><W82/><G31/><T8/><D130/><N who="3" m="49673" /><G61/><T102/><D117/><N who="1" m="44555" /><E134/><V6/><F13/><N who="1" m="5193" /><E94/><N who="2" m="56391" /><F89/><N who="3" m="55727" /><G132/><T113/><D20/><U107/><E83/><V81/><F81/><W55/><G22/><T23/><D23/><U11/><E54/><N who="2" m="34295" /><F6/><W27/><G27/><T64/><D113/><U66/><E66/><V127/><F127/><W5/><G5/><T7/><D0/><U60/><E60/><V108/><F41/><W42/><G17/><T74/><D74/><U29/><E107/><V121/><F121/><N who="1" m="46089" /><E73/><V111/><N who="2" m="27648" /><DORA hai="32" /><V126/><F126/><W92/><G92/><AGARI ba="0,0" hai="1,7,8,56,62,64,75,79,80,87,90,92,100,102" machi="92" ten="30,2000,0" yaku="7,1,52,1" doraHai="71,32" who="0" fromWho="3" sc="153,20,465,0,244,0,138,-20" /><INIT seed="3,0,0,0,3,71" ten="173,465,244,118" oya="3" hai0="29,33,122,31,5,52,61,78,34,27,83,16,74" hai1="21,6,22,20,14,54,109,128,44,107,28,132,86" hai2="56,13,87,113,104,15,46,108,60,17,77,35,41" hai3="59,117,134,51,68,110,101,126,8,102,89,70,88"/><W131/><G117/><T69/><D122/><U12/><E107/><V85/><F104/><W64/><G131/><T53/><D5/><U55/><E109/><V23/><F35/><W40/><G126/><T75/><D75/><U90/><E128/><V79/><F108/><W93/><G110/><T135/><D135/><U47/><E132/><V43/><F13/><N who="1" m="5225" /><E6/><V121/><F121/><W36/><G134/><T112/><D112/><U49/><E28/><V127/><F127/><W30/><G30/><T73/><D73/><U10/><E10/><V94/><F113/><W7/><G68/><T111/><D111/><U124/><E124/><V3/><F3/><W4/><G70/><T106/><D106/><U92/><E44/><V103/><F103/><N who="3" m="39435" /><G36/><T62/><D16/><U95/><E95/><V130/><F130/><W76/><G76/><N who="2" m="29257" /><F94/><W66/><G89/><T105/><D105/><U118/><E118/><V129/><F129/><W9/><G4/><T91/><D91/><U80/><E92/><V0/><F0/><W26/><G26/><T58/><D69/><U119/><E119/><V48/><F43/><AGARI ba="0,0" hai="20,21,22,43,47,49,54,55,80,86,90" m="5225" machi="43" ten="30,1000,0" yaku="8,1" doraHai="71" who="1" fromWho="2" sc="173,0,465,10,244,-10,118,0" owari="173,-22.7,475,57.5,234,3.4,118,-38.2" /></mjloggm>