<mjloggm ver="2.3"><GO type="225" lobby="0"/><UN n0="%77%72%77%72%77%72%77%72" n1="%E3%83%96%E3%83%83%E3%83%91%E3%82%AA%E3%83%96%E3%83%81%E3%82%AD%E3%83%B3" n2="%E6%98%BC%E4%B8%8B%E3%81%8C%E3%82%8A%E3%81%AE%E5%9B%A3%E5%9C%B0%E5%A6%BB" n3="%E3%81%BD%E3%81%A1%E3%81%9F%E3%81%93%E3%82%84" dan="17,16,16,17" rate="2196.79,2124.21,2143.79,2133.44" sx="M,M,F,M"/><TAIKYOKU oya="0"/><INIT seed="0,0,0,1,0,109" ten="250,250,250,250" oya="0" hai0="43,21,127,28,85,81,128,41,17,34,67,37,12" hai1="90,75,89,15,19,2,121,92,20,40,108,95,32" hai2="107,132,3,16,111,124,30,74,69,38,23,58,24" hai3="31,104,114,87,44,9,73,119,42,79,105,110,48"/><T76/><D128/><U103/><E121/><V130/><RYUUKYOKU type="yao9" ba="0,0" sc="250,0,250,0,250,0,250,0" hai2="3,16,23,24,30,38,58,69,74,107,111,124,130,132" /><INIT seed="0,1,0,4,2,134" ten="250,250,250,250" oya="0" hai0="0,132,17,109,102,33,63,70,42,52,90,125,44" hai1="123,135,131,92,78,94,29,39,36,83,57,45,61" hai2="128,32,95,23,22,111,16,110,106,21,37,103,99" hai3="41,55,20,112,56,74,104,66,86,71,58,53,46"/><T88/><D33/><U91/><E123/><V5/><F32/><W24/><G74/><T7/><D132/><U40/><E135/><V38/><F128/><W43/><G104/><T26/><D109/><N who="2" m="41482" /><F5/><W10/><G112/><T113/><D113/><U96/><E131/><V60/><F60/><N who="3" m="40391" /><G86/><T50/><D125/><U1/><E94/><V14/><F106/><W4/><G20/><AGARI ba="1,0" hai="14,16,20,21,22,23,37,38,95,99,103" m="41482" machi="20" ten="30,2000,0" yaku="14,1,54,1" doraHai="134" who="2" fromWho="3" sc="250,0,250,0,250,23,250,-23" /><INIT seed="1,0,0,1,2,131" ten="250,250,273,227" oya="1" hai0="32,38,82,109,45,17,11,39,89,135,92,113,13" hai1="71,90,9,70,18,121,73,91,59,63,8,65,115" hai2="40,19,23,56,0,29,77,76,41,123,69,86,26" hai3="120,52,53,37,46,25,105,3,126,22,106,21,24"/><U83/><E115/><V2/><F123/><W78/><G120/><T79/><D113/><U15/><E121/><V119/><F69/><W27/><G3/><T132/><D32/><U30/><E30/><V48/><F119/><W60/><G78/><T114/><D114/><U94/><E9/><V99/><F99/><W75/><G75/><T5/><D5/><U93/><E83/><V122/><F122/><W127/><G60/><T118/><D118/><U72/><E72/><V130/><F130/><W42/><G46/><T20/><D20/><N who="3" m="7785" /><G42/><T50/><D109/><U110/><E73/><V68/><F68/><W104/><G37/><T125/><D125/><AGARI ba="0,0" hai="24,25,27,52,53,104,105,106,125,126,127" m="7785" machi="125" ten="40,8000,1" yaku="28,2,18,1,54,1" doraHai="131" who="3" fromWho="0" sc="250,-80,250,0,273,0,227,80" /><INIT seed="2,0,0,4,1,91" ten="170,250,273,307" oya="2" hai0="117,64,27,108,9,17,88,68,73,50,124,1,113" hai1="4,36,103,61,130,14,25,58,109,85,101,49,81" hai2="133,29,57,79,26,96,42,83,65,107,99,2,34" hai3="135,87,56,71,104,75,52,44,63,67,97,54,46"/><V120/><F120/><W126/><G75/><T38/><D113/><U74/><E36/><V24/><F2/><W7/><G135/><T121/><D121/><U127/><E74/><V93/><F133/><W11/><G126/><T80/><D38/><U69/><E109/><V132/><F132/><W92/><G87/><T125/><D108/><U66/><E130/><V23/><F42/><W47/><G104/><T48/><D117/><U35/><E127/><N who="0" m="48713" /><D1/><U5/><E69/><V84/><F107/><W19/><G19/><T95/><D80/><U3/><E3/><V30/><REACH who="2" step="1"/><F93/><REACH who="2" ten="170,250,263,307" step="2"/><W115/><G115/><T13/><D73/><U131/><E131/><V16/><F16/><W122/><G122/><T40/><D40/><U45/><E5/><V72/><F72/><W94/><G92/><T12/><D27/><U119/><E25/><V31/><F31/><W129/><G129/><T118/><D118/><U128/><E119/><V37/><F37/><W105/><G105/><T51/><D13/><U86/><E14/><V77/><F77/><W70/><G7/><T98/><D51/><U21/><E49/><V22/><F22/><W89/><G11/><T123/><D123/><U28/><E21/><V100/><F100/><W106/><G106/><T90/><D90/><U43/><E103/><V102/><F102/><W112/><G112/><T32/><D32/><U15/><E101/><V10/><F10/><W116/><G116/><T53/><D53/><U18/><E35/><V41/><F41/><W114/><G114/><T20/><D9/><N who="1" m="6511" /><E43/><V8/><F8/><W55/><AGARI ba="0,1" hai="44,46,47,52,54,55,56,63,67,70,71,89,94,97" machi="55" ten="30,7900,0" yaku="5,1,0,1,52,1,54,1" doraHai="91" who="3" fromWho="3" sc="170,-20,250,-20,263,-39,307,89" /><INIT seed="3,0,0,2,4,76" ten="150,230,224,396" oya="3" hai0="25,51,23,35,19,64,74,60,45,54,90,59,31" hai1="1,20,26,97,106,46,47,8,36,14,56,0,62" hai2="48,119,115,17,39,3,92,13,50,67,108,18,131" hai3="28,88,55,93,100,53,123,86,133,33,130,121,103"/><W77/><G130/><T128/><D128/><U29/><E106/><V94/><F3/><W69/><G69/><T61/><D74/><U73/><E73/><V112/><F39/><W95/><G133/><T126/><D126/><U85/><E97/><V71/><F131/><W87/><G28/><T135/><D135/><U82/><E47/><V52/><F108/><W27/><G27/><T41/><D35/><U37/><E46/><V83/><F119/><W24/><G24/><T34/><D34/><U9/><E9/><V72/><F67/><W91/><G77/><T107/><D107/><U78/><E37/><V21/><F71/><W84/><G84/><T42/><D31/><U132/><E36/><V80/><F72/><W122/><G33/><T104/><D104/><U98/><E98/><V134/><F134/><W49/><G49/><T99/><REACH who="0" step="1"/><D61/><REACH who="0" ten="140,230,224,396" step="2"/><U114/><E132/><V32/><F32/><W125/><G125/><T105/><D105/><U89/><E29/><V68/><F115/><W127/><G127/><T7/><D7/><U110/><E114/><V40/><F112/><W63/><G63/><T129/><D129/><U30/><E62/><V111/><F111/><W11/><G122/><T75/><D75/><U16/><E110/><V118/><F118/><W15/><G121/><T58/><D58/><U44/><E56/><N who="2" m="32775" /><F68/><W66/><G123/><T2/><D2/><U57/><E57/><V113/><F113/><W120/><G120/><T79/><D79/><U102/><E78/><V12/><F18/><W38/><G38/><T116/><D116/><U124/><E124/><RYUUKYOKU ba="0,1" sc="140,30,230,-10,224,-10,396,-10" hai0="19,23,25,41,42,45,51,54,59,60,64,90,99" owari="170,-33.0,220,2.0,214,-18.6,396,49.6" /></mjloggm>