<mjloggm ver="2.3"><GO type="225" lobby="0"/><UN n0="%E7%89%B9%E6%9D%B1%E3%81%AF%E4%B8%96%E7%95%8C%E3%82%92%E6%95%91%E3%81%86" n1="%E3%81%BF%E3%81%BF%E3%81%9A" n2="%E3%83%81%E3%83%A7%E3%83%99%E3%83%83%E3%82%AF" n3="%E3%82%A2%E3%83%9E%E3%83%9D%EF%BD%9E%EF%BD%9E%E3%83%A9" dan="16,18,16,17" rate="2142.25,2256.36,2067.97,2058.48" sx="M,M,M,M"/><TAIKYOKU oya="0"/><INIT seed="0,0,0,1,4,103" ten="250,250,250,250" oya="0" hai0="77,60,36,84,49,47,53,96,68,64,52,89,115" hai1="116,94,67,127,37,27,4,14,31,102,10,97,32" hai2="46,81,29,80,95,88,16,100,17,119,45,99,131" hai3="76,109,20,133,34,129,33,85,101,9,56,59,130"/><T43/><D115/><U21/><E127/><V125/><F131/><N who="3" m="50187" /><G109/><T86/><D53/><U75/><E116/><V62/><F125/><W74/><G74/><T8/><D77/><U135/><E135/><V65/><F119/><W24/><G9/><T26/><D26/><U132/><E37/><V58/><F29/><W117/><G101/><T1/><D96/><U112/><E132/><V44/><F100/><W63/><G117/><T48/><D48/><U123/><E123/><V108/><F108/><W7/><G7/><T40/><D89/><U3/><E75/><V19/><AGARI ba="0,0" hai="16,17,19,44,45,46,58,62,65,80,81,88,95,99" machi="19" ten="30,7900,0" yaku="0,1,8,1,54,2" doraHai="103" who="2" fromWho="2" sc="250,-39,250,-20,250,79,250,-20" /><INIT seed="1,0,0,3,4,95" ten="211,230,329,230" oya="1" hai0="65,133,84,40,116,106,15,52,121,124,131,64,35" hai1="110,43,53,120,9,90,34,85,54,66,61,69,123" hai2="71,111,16,26,135,33,47,93,41,96,98,36,49" hai3="13,57,129,3,94,86,125,32,30,91,103,80,114"/><U63/><E34/><V19/><F71/><W70/><G3/><T10/><D116/><U107/><E107/><V58/><F135/><W112/><G70/><T115/><D115/><U59/><E110/><V102/><F111/><W105/><G13/><T108/><D108/><U132/><E132/><V87/><F87/><N who="3" m="52607" /><G57/><T29/><D106/><U109/><E109/><V73/><F73/><W1/><G30/><T76/><D133/><U20/><E53/><V5/><F5/><W7/><G7/><T56/><D40/><U99/><E43/><V46/><F58/><W23/><G23/><T21/><D35/><U31/><E9/><V68/><F68/><W0/><G32/><T38/><D38/><U122/><E31/><V67/><F67/><W55/><G55/><T27/><D121/><U18/><E99/><N who="2" m="37931" /><F33/><W72/><G72/><T134/><D134/><U45/><E45/><N who="2" m="25775" /><F36/><W8/><G105/><T50/><D64/><U25/><REACH who="1" step="1"/><E122/><REACH who="1" ten="211,220,329,230" step="2"/><V62/><F46/><W113/><G113/><T14/><D65/><U12/><E12/><V24/><F47/><W81/><G114/><T78/><D14/><U92/><AGARI ba="0,1" hai="18,20,25,54,59,61,63,66,69,85,90,92,120,123" machi="92" ten="20,7800,0" yaku="1,1,0,1,7,1,53,1" doraHai="95" doraHaiUra="17" who="1" fromWho="1" sc="211,-26,220,88,329,-26,230,-26" /><INIT seed="1,1,0,2,0,7" ten="185,308,303,204" oya="1" hai0="124,24,38,47,105,103,56,20,41,133,129,87,54" hai1="121,82,14,33,9,15,8,55,29,120,135,78,71" hai2="44,48,62,95,102,99,16,63,125,68,131,28,2" hai3="34,73,114,36,107,93,134,119,49,31,46,70,112"/><U89/><E71/><V106/><F2/><W42/><G93/><T122/><D129/><U111/><E89/><V100/><F68/><W109/><G109/><T23/><D133/><U30/><E135/><V104/><F125/><W128/><G134/><T35/><D124/><U132/><E132/><V59/><F28/><W90/><G90/><T65/><D122/><U5/><E111/><V101/><F131/><W115/><G128/><T39/><D39/><U53/><E82/><V21/><F106/><W32/><G119/><T77/><D65/><U123/><E78/><V10/><F10/><W66/><G49/><T74/><D74/><U130/><E130/><V113/><F104/><W60/><G31/><T75/><D75/><U61/><E61/><N who="2" m="23051" /><F59/><W96/><REACH who="3" step="1"/><G73/><REACH who="3" ten="185,308,303,194" step="2"/><T97/><D105/><U40/><E30/><V45/><F113/><W85/><G85/><T127/><D127/><U108/><E108/><V98/><F48/><W92/><G92/><T52/><D87/><U69/><E29/><V1/><F95/><W26/><G26/><T17/><D24/><U57/><E33/><V117/><F117/><W118/><G118/><T81/><D35/><U76/><E121/><V18/><F98/><W6/><G6/><T4/><D4/><U116/><E123/><V25/><F99/><W43/><G43/><T67/><D97/><U83/><E120/><V79/><F79/><W94/><G94/><T80/><D77/><U12/><E116/><V3/><F18/><W51/><G51/><T58/><D17/><U0/><E76/><V64/><F64/><W50/><G50/><RYUUKYOKU ba="1,1" sc="185,-15,308,-15,303,15,194,15" hai2="1,3,16,21,25,44,45,100,101,102" hai3="32,34,36,42,46,60,66,70,96,107,112,114,115" /><INIT seed="2,2,1,0,2,79" ten="170,293,318,209" oya="2" hai0="8,108,67,81,119,13,134,105,116,51,66,20,27" hai1="128,3,131,18,94,117,45,70,89,99,28,100,63" hai2="55,91,96,75,49,15,0,90,133,12,29,106,87" hai3="9,53,26,14,115,111,129,1,40,31,6,50,122"/><V56/><F0/><W25/><G122/><T21/><D108/><U60/><E117/><N who="0" m="45129" /><D134/><U72/><E3/><V2/><F2/><W5/><G111/><T92/><D105/><U54/><E72/><V114/><F114/><W17/><G129/><N who="1" m="49738" /><E28/><V74/><F133/><W32/><G115/><T48/><D92/><N who="1" m="58471" /><E70/><V38/><F38/><W30/><G40/><T88/><D67/><U107/><E107/><V84/><F29/><W73/><G73/><T126/><D66/><U135/><E135/><V98/><F106/><W102/><G102/><T34/><D34/><U71/><E71/><V46/><F74/><W83/><G83/><T36/><D36/><U33/><E18/><V86/><F75/><W42/><G42/><T4/><D126/><U104/><E33/><V113/><F113/><W68/><G68/><T124/><D124/><U58/><E45/><V10/><F46/><N who="3" m="27863" /><G1/><T118/><N who="0" m="45137" /><T103/><DORA hai="69" /><D103/><U61/><E104/><V109/><F109/><W39/><G39/><T78/><D78/><U41/><E41/><V97/><REACH who="2" step="1"/><F15/><REACH who="2" ten="170,293,308,209" step="2"/><W121/><G121/><T110/><D110/><U130/><E130/><V125/><F125/><W19/><G32/><T59/><D27/><N who="3" m="10249" /><G31/><T47/><D47/><U24/><E24/><V43/><F43/><W123/><G123/><T37/><D37/><U22/><E22/><N who="0" m="8809" /><D59/><U80/><E58/><V76/><F76/><W65/><G30/><T23/><D23/><U95/><E54/><V93/><F93/><W77/><G77/><T44/><D44/><U62/><N who="1" m="15360" /><DORA hai="64" /><U57/><E57/><V7/><AGARI ba="2,2" hai="7,10,12,49,55,56,84,86,87,90,91,96,97,98" machi="7" ten="30,18000,2" yaku="1,1,5,1,0,1,8,1,53,3" doraHai="79,69,64" doraHaiUra="132,16,82" who="2" fromWho="2" sc="170,-62,293,-62,308,206,209,-62" /><INIT seed="2,3,0,3,2,91" ten="108,231,514,147" oya="2" hai0="12,76,46,47,104,20,135,134,33,40,97,77,112" hai1="8,69,92,43,75,100,4,107,131,80,132,63,34" hai2="27,129,67,9,50,109,106,22,116,86,13,65,130" hai3="96,111,93,79,49,103,98,119,32,127,7,52,26"/><V113/><F113/><W64/><G119/><T16/><D33/><U6/><E131/><N who="2" m="50187" /><F106/><W87/><G111/><T102/><D112/><U78/><E132/><V37/><F37/><W59/><G127/><T89/><D47/><U29/><E43/><V14/><F116/><W28/><G98/><T99/><D135/><U114/><E114/><V5/><F14/><W2/><G64/><T70/><D70/><U24/><E8/><V123/><F123/><W73/><G73/><T53/><D53/><U122/><E122/><V56/><F86/><W121/><G121/><T94/><REACH who="0" step="1"/><D134/><REACH who="0" ten="98,231,514,147" step="2"/><U57/><E69/><V62/><F109/><W84/><REACH who="3" step="1"/><G79/><REACH who="3" ten="98,231,514,137" step="2"/><T45/><D45/><U42/><E78/><V85/><F67/><W126/><G126/><T31/><D31/><U90/><E29/><V11/><F65/><W117/><G117/><T68/><D68/><U48/><E75/><V51/><F62/><W124/><G124/><T41/><D41/><U118/><E42/><V36/><F51/><AGARI ba="3,2" hai="12,16,20,40,46,51,76,77,89,94,97,99,102,104" machi="51" ten="30,8000,1" yaku="1,1,7,1,52,1,54,1,53,1" doraHai="91" doraHaiUra="38" who="0" fromWho="2" sc="98,109,231,0,514,-89,137,0" /><INIT seed="3,0,0,1,0,41" ten="207,231,425,137" oya="3" hai0="97,18,28,133,19,50,42,83,55,44,85,118,90" hai1="5,64,113,8,109,121,98,9,130,116,76,87,53" hai2="45,117,60,38,65,52,105,36,62,10,100,135,4" hai3="51,35,39,80,115,48,27,17,102,30,91,16,120"/><W73/><G115/><T58/><D118/><U134/><E113/><V96/><F117/><W114/><G114/><T86/><D133/><U47/><E116/><V72/><F72/><W84/><G120/><T32/><D97/><U74/><E121/><V77/><F77/><W37/><G73/><T61/><D32/><U20/><E74/><V95/><F135/><W12/><G17/><T107/><D107/><U23/><E134/><V70/><F105/><W1/><G1/><T63/><D28/><U71/><E64/><V43/><F60/><W79/><G102/><T6/><D6/><U126/><E71/><V131/><F131/><W127/><G127/><T132/><D132/><U49/><E130/><V125/><F52/><W46/><G79/><N who="0" m="46335" /><D61/><U92/><E109/><V111/><F125/><W123/><G123/><T106/><D106/><U103/><E126/><V129/><F111/><W68/><G68/><T21/><D21/><N who="1" m="8267" /><E5/><V56/><F70/><W54/><G51/><T128/><D128/><U24/><E24/><V22/><F22/><AGARI ba="0,0" hai="12,16,22,27,30,35,37,39,46,48,54,80,84,91" machi="22" ten="30,5800,0" yaku="7,1,52,1,54,1" doraHai="41" who="3" fromWho="2" sc="207,0,231,0,425,-58,137,58" /><INIT seed="3,1,0,2,4,134" ten="207,231,367,195" oya="3" hai0="131,88,22,36,84,45,31,47,91,48,76,78,85" hai1="53,55,29,42,135,58,39,15,108,68,27,33,102" hai2="61,46,40,12,34,69,116,64,123,110,62,133,65" hai3="128,126,100,109,106,51,32,75,54,117,86,103,1"/><W35/><G117/><T6/><D36/><U20/><E135/><V95/><F34/><W66/><G75/><T52/><D131/><U41/><E108/><V63/><F116/><W93/><G128/><T122/><D122/><U2/><E68/><V26/><F26/><W111/><G1/><T38/><D6/><U89/><E102/><N who="3" m="38954" /><G66/><T99/><D99/><U119/><E119/><V98/><F110/><N who="3" m="41995" /><G106/><T132/><D132/><U112/><E112/><V125/><F123/><W37/><G37/><T18/><D31/><U82/><E2/><V94/><F69/><W8/><G8/><T0/><D0/><U115/><E115/><V17/><F64/><W101/><G126/><T77/><D47/><U81/><E39/><V3/><F125/><W129/><G129/><T104/><D104/><U13/><E33/><V73/><F65/><W10/><G10/><T19/><D38/><U74/><E74/><V71/><F73/><W14/><G14/><N who="1" m="5130" /><E55/><V21/><F71/><W130/><G130/><T97/><D97/><U7/><E7/><V113/><F133/><W57/><N who="3" m="38962" /><W49/><DORA hai="23" /><G49/><T9/><D9/><U25/><E25/><V50/><F113/><W118/><G118/><T107/><D107/><U105/><E105/><V96/><F3/><W87/><G87/><N who="0" m="33355" /><D22/><U30/><E20/><V121/><F121/><W70/><G70/><T24/><D24/><U92/><E27/><V11/><F21/><W127/><G127/><T120/><D120/><U124/><E124/><V16/><F17/><AGARI ba="1,0" hai="17,18,19,45,48,52,76,77,78,88,91" m="33355" machi="17" ten="30,3900,0" yaku="8,1,54,2" doraHai="134,23" who="0" fromWho="2" sc="207,42,231,0,367,-42,195,0" owari="249,4.9,231,-16.9,325,42.5,195,-30.5" /></mjloggm>