<mjloggm ver="2.3"><GO type="225" lobby="0"/><UN n0="%73%69%67%65%6E%6F%72%69" n1="%E3%83%A9%E3%82%A4%E3%83%B3%E3%81%AE%E8%99%8E" n2="%E6%98%93%E5%88%A9%E8%96%A9%E4%BC%AF" n3="%E5%91%A8%E6%9D%B1" dan="18,16,17,17" rate="2244.36,2157.98,2170.42,2213.55" sx="M,M,F,M"/><TAIKYOKU oya="0"/><INIT seed="0,0,0,1,4,124" ten="250,250,250,250" oya="0" hai0="99,91,48,8,55,117,129,5,69,79,46,110,104" hai1="102,119,30,118,57,63,88,9,107,111,134,114,101" hai2="4,68,21,10,3,86,80,85,133,14,128,109,112" hai3="60,43,41,70,74,135,105,67,45,97,78,95,29"/><T115/><D117/><U32/><E111/><V87/><F112/><W113/><G113/><T31/><D115/><U126/><E114/><V90/><F68/><W66/><G135/><T76/><D110/><U77/><E126/><V47/><F109/><W108/><G108/><T130/><D69/><U62/><E77/><V100/><F133/><W15/><G105/><T2/><D31/><U96/><E134/><V121/><F121/><W72/><G78/><T123/><D123/><U37/><E37/><V53/><F100/><W38/><G43/><T59/><D46/><U131/><E9/><V11/><F21/><W64/><G29/><T50/><D50/><U33/><E88/><V73/><F73/><W6/><G74/><T71/><D71/><U16/><E30/><V125/><F128/><N who="0" m="49258" /><D91/><U120/><E131/><V34/><F34/><W49/><G49/><T51/><D51/><U81/><E32/><V36/><F125/><W54/><G45/><T132/><D132/><U23/><E33/><V122/><F122/><W93/><G70/><T28/><D28/><U65/><E120/><V44/><F44/><W26/><G38/><T103/><AGARI ba="0,0" hai="2,5,8,48,55,59,76,79,99,103,104" m="49258" machi="103" ten="30,11700,0" yaku="19,1,52,3" doraHai="124" who="0" fromWho="0" sc="250,117,250,-39,250,-39,250,-39" /><INIT seed="0,1,0,0,3,50" ten="367,211,211,211" oya="0" hai0="79,98,95,43,60,123,109,117,113,126,73,0,56" hai1="51,100,15,42,32,30,110,39,66,78,131,19,24" hai2="103,127,133,41,92,27,99,6,102,1,94,135,64" hai3="91,8,80,12,119,44,62,132,96,63,61,65,25"/><T83/><D113/><U93/><E110/><V69/><F127/><W4/><G119/><T55/><D117/><U49/><E131/><V5/><F41/><W118/><G118/><T26/><D123/><U33/><E33/><V45/><F45/><W75/><G132/><T111/><D126/><U21/><E78/><V20/><F64/><W53/><G75/><T81/><D0/><U129/><E129/><V84/><F69/><W122/><G122/><T46/><D81/><U104/><E93/><V11/><F6/><W88/><G65/><T54/><D26/><U97/><E42/><V17/><REACH who="2" step="1"/><F84/><REACH who="2" ten="367,211,201,211" step="2"/><W86/><G96/><AGARI ba="1,1" hai="1,5,11,17,20,27,92,94,96,99,102,103,133,135" machi="96" ten="40,5200,0" yaku="1,1,2,1,9,1,53,0" doraHai="50" doraHaiUra="124" who="2" fromWho="3" sc="367,0,211,0,201,65,211,-55" /><INIT seed="1,0,0,3,2,40" ten="367,211,266,156" oya="1" hai0="122,28,8,115,69,107,34,127,41,22,49,15,121" hai1="53,5,9,97,1,57,24,120,62,37,100,46,6" hai2="79,102,59,27,76,106,50,56,111,86,114,72,26" hai3="88,105,109,125,128,84,129,67,2,78,73,82,51"/><U23/><E120/><N who="0" m="46185" /><D115/><U54/><E5/><V70/><F70/><W90/><G2/><T94/><D107/><U85/><E85/><V108/><F72/><W91/><G67/><T77/><D69/><U25/><E23/><V11/><F11/><W110/><G51/><T113/><D113/><U92/><REACH who="1" step="1"/><E54/><REACH who="1" ten="367,201,266,156" step="2"/><V16/><F86/><W38/><G125/><T55/><D22/><U18/><E18/><V20/><F20/><W118/><G118/><T47/><D55/><U124/><E124/><V14/><F16/><W44/><G105/><T104/><D104/><U81/><E81/><V45/><F106/><W19/><G19/><T42/><D127/><U95/><E95/><V135/><F114/><W10/><G10/><T36/><D94/><U130/><E130/><N who="3" m="50282" /><G84/><T64/><D8/><U21/><E21/><V35/><F27/><W74/><G74/><T126/><D126/><U133/><E133/><V83/><F26/><W116/><G116/><T13/><D13/><U63/><E63/><V48/><F14/><W131/><N who="3" m="50290" /><W119/><DORA hai="134" /><G119/><T43/><D15/><U17/><E17/><V75/><F75/><W0/><G0/><T112/><D112/><U30/><E30/><V29/><F29/><W66/><G66/><T52/><D64/><U103/><E103/><V89/><F102/><W65/><G65/><T132/><D132/><U31/><E31/><V61/><F61/><W3/><G3/><T117/><D117/><U7/><E7/><V93/><F135/><W123/><G123/><T58/><D28/><U39/><E39/><V4/><F4/><RYUUKYOKU ba="0,1" sc="367,-15,201,15,266,-15,156,15" hai1="1,6,9,24,25,37,46,53,57,62,92,97,100" hai3="38,44,73,78,82,88,90,91,109,110" /><INIT seed="1,1,1,1,3,14" ten="352,216,251,171" oya="1" hai0="21,72,59,75,111,56,50,44,95,42,27,118,25" hai1="122,18,100,1,70,67,4,61,64,58,87,11,101" hai2="39,77,2,85,52,16,90,104,31,89,8,7,13" hai3="73,117,88,26,126,133,134,135,127,92,109,94,51"/><U23/><E122/><V45/><F104/><W107/><G107/><T106/><D118/><U110/><E110/><V113/><F113/><W46/><G109/><T32/><D106/><U124/><E124/><N who="3" m="47658" /><G73/><T105/><D105/><U3/><E3/><V91/><F31/><W24/><G94/><T12/><D59/><U116/><E116/><V84/><F77/><W78/><G78/><T120/><D120/><U0/><E0/><V38/><F39/><W35/><G35/><T83/><D83/><U115/><E115/><V40/><REACH who="2" step="1"/><F52/><REACH who="2" ten="352,216,241,171" step="2"/><N who="3" m="29815" /><G117/><T17/><D111/><U15/><REACH who="1" step="1"/><E87/><AGARI ba="1,2" hai="24,26,87,88,92,133,134,135" m="29815,47658" machi="87" ten="40,8000,1" yaku="20,1,18,1,54,2" doraHai="14" who="3" fromWho="1" sc="352,0,216,-83,241,0,171,103" /><INIT seed="2,0,0,0,5,127" ten="352,133,241,274" oya="2" hai0="23,92,89,111,37,91,93,65,46,24,86,69,114" hai1="70,13,40,10,108,81,105,134,129,85,88,113,12" hai2="97,126,87,102,62,98,80,128,124,16,109,121,6" hai3="75,8,116,99,1,130,73,53,20,25,63,58,34"/><V67/><F121/><W120/><G116/><T55/><D114/><U39/><E113/><V125/><F128/><W101/><G34/><T82/><D111/><U36/><E108/><V103/><F6/><W78/><G120/><T131/><D131/><U90/><E129/><V117/><F117/><W19/><G130/><T72/><D69/><U57/><E70/><V96/><F109/><W56/><G78/><T28/><D65/><U18/><E134/><V51/><F51/><W122/><G122/><T71/><D71/><U104/><E57/><N who="2" m="37327" /><F16/><W83/><G83/><T61/><D72/><U43/><E18/><V107/><F107/><W119/><G119/><T33/><D33/><U132/><E132/><V118/><F118/><W123/><G123/><T60/><D82/><U54/><E81/><V48/><F48/><W50/><G8/><T21/><D21/><U4/><E10/><V35/><F35/><W0/><G75/><T2/><D2/><U110/><E110/><V64/><F64/><W47/><G58/><T27/><D37/><U3/><E54/><V26/><F26/><W49/><G49/><N who="0" m="29111" /><D24/><U84/><REACH who="1" step="1"/><E3/><REACH who="1" ten="352,123,241,274" step="2"/><V68/><F68/><W59/><G1/><T9/><D9/><U133/><E133/><V29/><F29/><W100/><G0/><T44/><D44/><U5/><AGARI ba="0,1" hai="4,5,12,13,36,39,40,43,84,85,88,90,104,105" machi="5" ten="25,8000,1" yaku="1,1,0,1,22,2,54,1,53,0" doraHai="127" doraHaiUra="95" who="1" fromWho="1" sc="352,-20,123,90,241,-40,274,-20" /><INIT seed="3,0,0,5,3,86" ten="332,213,201,254" oya="3" hai0="84,75,134,35,72,39,123,101,7,57,22,10,17" hai1="29,93,32,48,105,59,107,120,54,43,52,41,89" hai2="23,117,27,55,115,106,104,49,68,83,63,131,130" hai3="112,92,14,97,42,122,58,90,85,47,34,91,21"/><W2/><G2/><T116/><D35/><U1/><E1/><V71/><F115/><W70/><G34/><T51/><D39/><U15/><E120/><V96/><F117/><W65/><G112/><T11/><D134/><U94/><E32/><V25/><F25/><W8/><G122/><T109/><D11/><U69/><E69/><V129/><F63/><W4/><G70/><N who="2" m="26665" /><F83/><W133/><G133/><T132/><D109/><U121/><E121/><V110/><F110/><W24/><G58/><T38/><D101/><U118/><E107/><V95/><F49/><W113/><G113/><T28/><D51/><N who="1" m="31135" /><E105/><V126/><F55/><W74/><G65/><T119/><D28/><U33/><E118/><V88/><F126/><W45/><G42/><T3/><D38/><U73/><E73/><V128/><N who="2" m="32768" /><DORA hai="50" /><V64/><F64/><W40/><G40/><T56/><D75/><U114/><E114/><V0/><F0/><W44/><G74/><T87/><D72/><U77/><E77/><V111/><F111/><W5/><G5/><T37/><D7/><U31/><E94/><V18/><AGARI ba="0,0" hai="18,23,27,88,95,96,104,106" m="32768,26665" machi="18" ten="60,7900,0" yaku="19,1,52,1,54,1" doraHai="86,50" who="2" fromWho="2" sc="332,-20,213,-20,201,79,254,-39" owari="312,41.2,193,-30.7,280,8.0,215,-18.5" /></mjloggm>