<mjloggm ver="2.3"><GO type="225" lobby="0"/><UN n0="%E9%A6%AC%E5%BC%95%E7%81%AB%33" n1="%E5%A4%8F%E9%88%B4%E9%88%B4%E5%A4%8F" n2="%E3%81%A4%E3%81%A3%E3%81%B1%E3%82%8A%E3%83%9D%E3%83%BC%E3%83%AB" n3="%E6%A1%9C%E8%8A%B1%E9%96%83%E3%80%85" dan="16,16,17,16" rate="2098.32,2124.98,2180.16,2134.56" sx="M,F,M,M"/><TAIKYOKU oya="0"/><INIT seed="0,0,0,1,0,20" ten="250,250,250,250" oya="0" hai0="60,21,33,6,86,38,116,40,111,75,35,127,90" hai1="103,55,89,11,87,31,106,62,68,57,123,26,113" hai2="72,105,15,7,120,104,22,13,115,110,56,4,18" hai3="99,1,42,121,16,27,81,92,93,114,47,134,46"/><T112/><D112/><U44/><E123/><V12/><F72/><W58/><G114/><T117/><D75/><U65/><E113/><V109/><F115/><W107/><G1/><T96/><D6/><N who="2" m="2090" /><F56/><W54/><G121/><T28/><D127/><U39/><E11/><V9/><F120/><W71/><G71/><T36/><D21/><U126/><E126/><V66/><F66/><W2/><G2/><T79/><D79/><U83/><E103/><V77/><F77/><W37/><G134/><T53/><D96/><U128/><E106/><N who="2" m="41067" /><F22/><N who="3" m="13767" /><G37/><T130/><D28/><U49/><E128/><V122/><F122/><W135/><G135/><T23/><D23/><U132/><E132/><V67/><F67/><W30/><G30/><T0/><D0/><U32/><REACH who="1" step="1"/><E39/><REACH who="1" ten="250,240,250,250" step="2"/><V88/><F88/><N who="3" m="55687" /><G107/><T73/><D36/><U25/><E25/><V70/><F70/><AGARI ba="0,1" hai="26,31,32,44,49,55,57,62,65,68,70,83,87,89" machi="70" ten="40,2600,0" yaku="1,1,52,1,53,0" doraHai="20" doraHaiUra="101" who="1" fromWho="2" sc="250,0,240,36,250,-26,250,0" /><INIT seed="1,0,0,3,3,51" ten="250,276,224,250" oya="1" hai0="1,60,17,22,133,69,107,102,2,7,29,123,56" hai1="95,58,42,89,65,43,74,85,114,76,50,11,37" hai2="27,9,84,93,115,36,110,75,120,52,10,0,55" hai3="4,16,99,87,125,12,13,118,134,135,130,73,77"/><U79/><E114/><V124/><F75/><W67/><G73/><T44/><D69/><U108/><E108/><V109/><F120/><W90/><G118/><T15/><D133/><N who="3" m="50697" /><G130/><T92/><D107/><U23/><E74/><V38/><F115/><W40/><G125/><T47/><D29/><U8/><E23/><V49/><F124/><W80/><G40/><N who="1" m="15402" /><E37/><N who="2" m="14443" /><F0/><W71/><G4/><T53/><D123/><U28/><E28/><V35/><F27/><W6/><G6/><T18/><D18/><U104/><E104/><V24/><F24/><W121/><G121/><T48/><D7/><U82/><E65/><V66/><F66/><W112/><G112/><T119/><D119/><U122/><E122/><V19/><F19/><W128/><G128/><T97/><REACH who="0" step="1"/><D47/><REACH who="0" ten="240,276,224,250" step="2"/><U131/><E131/><V100/><F35/><W129/><G129/><T68/><D68/><U96/><E76/><V62/><F110/><W83/><G16/><T54/><AGARI ba="0,1" hai="1,2,15,17,22,44,48,53,54,56,60,92,97,102" machi="54" ten="20,8000,1" yaku="1,1,0,1,7,1,52,2,53,0" doraHai="51" doraHaiUra="117" who="0" fromWho="0" sc="240,90,276,-40,224,-20,250,-20" /><INIT seed="2,0,0,1,0,42" ten="330,236,204,230" oya="2" hai0="21,64,14,44,102,30,103,65,15,95,72,45,132" hai1="59,6,110,115,112,16,58,41,82,31,29,104,119" hai2="107,4,127,97,126,1,86,124,54,3,20,134,130" hai3="98,133,8,117,34,135,73,114,62,23,69,80,122"/><V10/><F134/><N who="3" m="51211" /><G34/><T67/><D72/><U108/><E119/><V63/><F130/><W100/><G117/><T83/><D83/><U84/><E104/><V92/><F107/><N who="3" m="63895" /><G122/><T81/><D81/><U36/><E6/><V53/><F3/><W33/><G33/><T57/><D57/><N who="1" m="21515" /><E16/><V22/><F86/><W71/><G114/><N who="1" m="43562" /><E41/><V9/><F9/><W121/><G121/><T52/><D132/><U123/><E36/><V118/><F63/><W7/><G23/><N who="2" m="8745" /><F118/><W89/><G62/><T35/><D35/><U48/><E48/><V94/><F94/><W77/><G89/><AGARI ba="0,0" hai="1,4,10,53,54,89,92,97,124,126,127" m="8745" machi="89" ten="30,1500,0" yaku="18,1" doraHai="42" who="2" fromWho="3" sc="330,0,236,0,204,15,230,-15" /><INIT seed="2,1,0,1,2,12" ten="330,236,219,215" oya="2" hai0="105,51,89,128,56,54,38,20,14,3,52,49,21" hai1="85,74,66,111,134,115,84,0,55,132,81,87,116" hai2="78,121,83,43,119,40,27,23,13,92,100,104,108" hai3="131,91,86,57,118,95,77,50,75,135,99,97,112"/><V127/><F119/><W44/><G118/><T35/><D35/><U58/><E0/><V82/><F121/><W29/><G131/><T102/><D3/><U90/><E116/><V39/><F104/><W88/><G135/><N who="1" m="51754" /><E115/><V36/><F36/><W15/><G112/><T65/><D21/><U24/><E111/><V79/><F39/><W113/><G113/><T46/><D54/><U62/><E24/><V25/><F13/><W41/><G29/><T130/><D89/><U67/><E74/><V72/><F127/><W53/><G75/><T26/><D65/><AGARI ba="1,0" hai="55,58,62,65,66,67,81,84,85,87,90" m="51754" machi="65" ten="30,1000,0" yaku="20,1" doraHai="12" who="1" fromWho="0" sc="330,-13,236,13,219,0,215,0" /><INIT seed="3,0,0,0,1,44" ten="317,249,219,215" oya="3" hai0="19,64,131,31,80,8,126,88,84,124,134,86,120" hai1="52,67,3,130,24,13,36,7,42,82,5,9,49" hai2="109,66,38,115,118,79,29,37,16,63,20,119,104" hai3="98,100,54,121,110,71,53,32,47,14,56,117,57"/><W4/><G117/><T74/><D131/><U107/><E107/><V0/><F0/><W113/><G113/><T83/><D134/><U103/><E67/><V72/><F115/><W106/><G121/><T77/><D120/><U15/><E103/><V68/><F104/><W6/><G71/><T23/><D64/><U17/><E130/><V35/><F109/><W105/><G110/><T101/><D101/><U39/><E42/><V96/><F96/><W90/><G32/><T132/><D132/><U135/><E15/><V76/><F76/><W25/><G25/><T27/><D8/><U48/><E49/><V34/><F16/><W112/><G112/><T10/><D10/><U60/><E60/><V127/><F20/><W91/><G47/><T81/><D19/><U33/><E82/><N who="2" m="45415" /><F127/><W128/><G128/><T89/><AGARI ba="0,0" hai="23,27,31,74,77,80,81,83,84,86,88,89,124,126" machi="89" ten="30,4000,0" yaku="0,1,9,1,54,1" doraHai="44" who="0" fromWho="0" sc="317,40,249,-10,219,-10,215,-20" owari="357,45.7,239,3.9,209,-19.1,195,-30.5" /></mjloggm>