<mjloggm ver="2.3"><GO type="225" lobby="0"/><UN n0="%E6%97%A5%E6%9B%9C%E6%97%A5%E3%82%88%E3%82%8A%E3%81%AE%E4%BD%BF%E8%80%85" n1="%E7%B4%94%E6%BD%94%E3%83%94%E3%83%A9%E3%83%8B%E3%82%A2" n2="%E9%A6%AC%E5%BC%95%E7%81%AB%33" n3="%70%6F%69%73%6F%6E%30%32" dan="17,17,16,16" rate="2245.93,2185.41,2102.03,2073.03" sx="M,M,M,M"/><TAIKYOKU oya="0"/><INIT seed="0,0,0,5,4,105" ten="250,250,250,250" oya="0" hai0="81,15,56,117,52,57,63,131,108,95,12,94,71" hai1="1,55,66,78,101,3,16,99,49,23,116,8,132" hai2="111,60,135,80,38,29,0,22,119,4,134,87,44" hai3="69,75,27,48,74,90,128,109,10,122,91,20,26"/><T41/><D117/><U82/><E116/><V64/><F119/><W70/><G109/><T21/><D71/><U30/><E30/><V130/><F111/><W58/><G10/><T9/><D108/><U133/><E66/><V93/><F130/><W50/><G58/><T120/><D120/><U115/><E115/><V40/><F93/><W106/><G20/><T19/><D131/><U54/><E99/><V84/><F4/><W86/><G128/><T126/><D126/><U25/><E101/><V114/><F0/><W24/><G24/><T76/><D41/><U88/><E88/><V92/><F92/><W103/><G86/><T98/><D57/><U104/><E104/><V28/><F114/><W17/><G106/><T35/><D35/><U67/><E67/><V14/><F87/><W110/><G110/><T7/><REACH who="0" step="1"/><D98/><REACH who="0" ten="240,250,250,250" step="2"/><U11/><E132/><V102/><F134/><W32/><G32/><T5/><D5/><U100/><E133/><V121/><F135/><W59/><G59/><T51/><D51/><U36/><E49/><V89/><F121/><W83/><G122/><T124/><D124/><U46/><E46/><V6/><F44/><W43/><G43/><T79/><D79/><U127/><E127/><V18/><F40/><W68/><G68/><T2/><D2/><U31/><E1/><V34/><F34/><W125/><G125/><T62/><D62/><U47/><E47/><V97/><F60/><W113/><G113/><T123/><D123/><U37/><E3/><V61/><F97/><W65/><G70/><T85/><AGARI ba="0,1" hai="7,9,12,15,19,21,52,56,63,76,81,85,94,95" machi="85" ten="20,12000,1" yaku="1,1,0,1,7,1,8,1,54,1,53,0" doraHai="105" doraHaiUra="118" who="0" fromWho="0" sc="240,130,250,-40,250,-40,250,-40" /><INIT seed="0,1,0,0,2,66" ten="370,210,210,210" oya="0" hai0="2,78,126,96,75,48,53,124,1,32,49,69,110" hai1="81,61,112,11,127,114,9,118,67,77,29,93,19" hai2="57,103,3,46,134,59,79,135,102,16,120,122,97" hai3="123,51,70,30,116,92,20,34,98,86,44,132,50"/><T7/><D32/><U39/><E39/><V38/><F3/><W83/><G116/><T84/><D75/><U56/><E118/><V45/><F38/><W74/><G132/><T115/><D115/><N who="1" m="44075" /><E127/><N who="0" m="48681" /><D110/><U21/><E93/><V15/><F79/><W10/><G74/><T24/><D96/><U89/><E89/><V13/><F97/><W37/><G34/><T91/><D78/><U106/><E29/><V41/><F41/><W68/><G37/><T5/><D24/><N who="1" m="14399" /><E106/><V117/><F117/><W95/><G10/><T33/><D33/><U42/><E42/><V80/><F80/><W27/><G123/><T35/><D35/><U47/><E47/><V133/><F133/><W87/><G95/><T26/><D26/><U104/><E104/><V63/><F16/><W107/><G107/><T129/><D91/><U101/><E101/><V12/><F12/><W82/><G82/><T62/><D84/><AGARI ba="1,0" hai="9,11,56,61,67,77,81,84" m="14399,44075" machi="84" ten="30,1000,0" yaku="11,1" doraHai="66" who="1" fromWho="0" sc="370,-13,210,13,210,0,210,0" /><INIT seed="1,0,0,0,3,79" ten="357,223,210,210" oya="1" hai0="114,7,62,42,67,92,120,117,40,123,4,21,48" hai1="37,82,87,113,86,30,125,20,31,116,111,43,131" hai2="106,107,95,59,52,115,85,17,9,8,51,109,80" hai3="128,110,32,97,63,126,58,49,38,118,45,135,70"/><U75/><E113/><V22/><F115/><W121/><RYUUKYOKU type="yao9" ba="0,0" sc="357,0,223,0,210,0,210,0" hai3="32,38,45,49,58,63,70,97,110,118,121,126,128,135" /><INIT seed="1,1,0,2,4,1" ten="357,223,210,210" oya="1" hai0="88,41,25,20,26,112,117,92,28,69,24,109,101" hai1="59,85,49,16,110,9,70,132,121,58,32,13,11" hai2="29,79,125,62,106,86,34,47,113,67,52,107,99" hai3="5,135,102,83,10,42,94,56,104,21,75,87,129"/><U31/><E70/><V98/><F125/><W27/><G135/><T30/><D112/><U57/><E121/><V90/><F113/><W39/><G129/><T134/><D117/><U4/><E132/><V111/><F111/><W7/><G104/><T77/><D134/><U66/><E110/><V33/><F79/><W18/><G75/><T128/><D69/><U12/><E32/><V126/><F126/><W73/><G73/><T8/><D109/><U71/><E31/><V95/><F107/><W91/><G39/><T123/><D128/><U127/><E127/><V48/><F106/><W22/><G10/><T108/><D108/><U43/><E85/><V116/><F116/><W80/><G42/><T15/><D101/><U72/><E72/><V105/><F105/><W81/><G102/><T103/><D103/><U23/><E71/><V6/><F6/><N who="3" m="2059" /><G22/><T53/><D20/><U133/><E133/><V19/><F19/><W89/><G56/><T124/><D41/><U82/><E23/><V0/><F0/><W63/><G63/><T64/><D8/><U2/><E2/><V35/><REACH who="2" step="1"/><F29/><REACH who="2" ten="357,223,200,210" step="2"/><W60/><G60/><T45/><D30/><U14/><E16/><V51/><F51/><W55/><G55/><T37/><D28/><U96/><E4/><V114/><F114/><W54/><G54/><T65/><D124/><U38/><E49/><V122/><F122/><W46/><G46/><T50/><D123/><U119/><E119/><V130/><F130/><W120/><G120/><T97/><D50/><U131/><E131/><V74/><F74/><W36/><G36/><RYUUKYOKU ba="1,1" sc="357,-15,223,-15,200,15,210,15" hai2="33,34,35,47,48,52,62,67,86,90,95,98,99" hai3="18,21,27,80,81,83,87,89,91,94" /><INIT seed="2,2,1,2,5,13" ten="342,208,215,225" oya="2" hai0="52,18,64,1,122,11,131,127,4,49,91,37,69" hai1="66,46,60,56,48,21,16,135,36,124,83,104,30" hai2="26,105,3,102,45,121,128,43,77,112,89,87,67" hai3="38,133,58,129,14,39,71,68,22,7,85,59,109"/><V119/><F112/><W8/><G109/><T27/><D122/><U55/><E104/><V35/><F121/><W80/><G133/><T6/><D37/><U97/><E135/><V99/><F119/><W9/><G39/><T108/><D108/><U123/><E123/><V57/><F3/><W130/><G38/><T32/><D127/><U70/><E124/><V19/><F77/><W42/><G42/><T76/><D76/><U28/><E83/><V113/><F113/><W15/><G22/><T134/><D134/><U117/><E117/><V126/><F128/><N who="3" m="49259" /><G71/><T20/><D64/><U25/><E97/><V23/><F126/><W116/><G68/><T100/><D100/><U73/><E73/><V40/><F35/><W65/><G65/><T84/><D69/><U31/><E36/><V72/><F72/><W115/><G116/><T2/><D32/><U51/><REACH who="1" step="1"/><E30/><REACH who="1" ten="342,198,215,225" step="2"/><V106/><F106/><W90/><G115/><T118/><D118/><U33/><E33/><V125/><F125/><W107/><G107/><T50/><D131/><U62/><E62/><V24/><F105/><W75/><G75/><T81/><D50/><U79/><E79/><V0/><F99/><W12/><G9/><T82/><D82/><U95/><E95/><V61/><F87/><W47/><G47/><T96/><D96/><U29/><E29/><V94/><F45/><W5/><G5/><N who="0" m="2155" /><D11/><U132/><E132/><V110/><F110/><W120/><G120/><T92/><D92/><U63/><E63/><V78/><F94/><W111/><G111/><T98/><D98/><U17/><E17/><RYUUKYOKU ba="2,2" sc="342,10,198,10,215,-30,225,10" hai0="1,2,18,20,27,49,52,81,84,91" hai1="16,21,25,28,31,46,48,51,55,56,60,66,70" hai3="7,8,12,14,15,58,59,80,85,90" /><INIT seed="3,3,2,0,0,79" ten="352,208,185,235" oya="3" hai0="113,69,11,5,67,81,129,100,76,34,45,52,54" hai1="132,37,110,10,0,59,17,65,104,101,36,98,78" hai2="93,56,80,50,15,6,12,62,41,33,127,21,97" hai3="117,40,1,88,22,14,87,114,115,91,30,39,121"/><W26/><G1/><T108/><D34/><U24/><E110/><V35/><F127/><W64/><G121/><T70/><D108/><U111/><E111/><V131/><F131/><W44/><G117/><T63/><D100/><U120/><E120/><V3/><F3/><W95/><G64/><T128/><D70/><U68/><E132/><V107/><F107/><W83/><G14/><N who="0" m="5487" /><D45/><U20/><E68/><V46/><F80/><W105/><G105/><T61/><D61/><U19/><E78/><V42/><F15/><W31/><G31/><T4/><D4/><U103/><E103/><V57/><F57/><W75/><G75/><N who="0" m="43167" /><D113/><U130/><E130/><AGARI ba="3,2" hai="52,54,63,67,69,128,129,130" m="43167,5487" machi="130" ten="30,3900,0" yaku="19,1,52,1,54,1" doraHai="79" who="0" fromWho="1" sc="352,68,208,-48,185,0,235,0" owari="420,52.0,160,-34.0,185,-21.5,235,3.5" /></mjloggm>