<mjloggm ver="2.3"><GO type="225" lobby="0"/><UN n0="%E3%81%95%E3%81%8D%E3%81%9F%E3%81%BE%E6%9E%97%E6%AA%8E" n1="%72%65%6E%6B%75%6E" n2="%E3%82%A4%E3%83%BC%E3%82%B1%E3%83%97%E3%83%A9" n3="%77%72%77%72%77%72%77%72" dan="16,17,16,16" rate="2104.03,2172.04,2116.47,2092.31" sx="M,M,M,M"/><TAIKYOKU oya="0"/><INIT seed="0,0,0,0,3,34" ten="250,250,250,250" oya="0" hai0="81,12,59,129,47,89,4,112,25,128,46,134,101" hai1="27,109,15,84,72,88,60,83,133,87,7,70,111" hai2="56,20,17,41,125,97,71,52,76,96,32,21,85" hai3="79,75,51,2,120,0,93,122,35,110,48,63,40"/><T23/><D112/><U127/><E127/><V44/><F32/><W14/><G35/><T1/><D134/><U57/><E133/><V49/><F71/><W68/><G110/><N who="1" m="41994" /><E70/><V37/><F125/><W16/><G75/><T78/><D101/><U67/><E27/><V26/><REACH who="2" step="1"/><F21/><REACH who="2" ten="250,250,240,250" step="2"/><N who="3" m="11415" /><G79/><T105/><D78/><N who="1" m="44487" /><E88/><V8/><F8/><AGARI ba="0,1" hai="7,8,15,57,60,67,84,87" m="44487,41994" machi="8" ten="30,1000,0" yaku="14,1" doraHai="34" who="1" fromWho="2" sc="250,0,250,20,240,-10,250,0" /><INIT seed="1,0,0,5,3,52" ten="250,270,230,250" oya="1" hai0="42,135,124,2,114,14,85,61,62,89,104,73,94" hai1="67,38,43,82,95,113,55,97,6,74,25,64,133" hai2="26,19,87,75,12,68,120,92,3,77,100,5,110" hai3="106,9,28,54,80,20,60,123,47,10,98,37,32"/><U39/><E113/><V71/><F120/><W84/><G123/><T34/><D114/><U76/><E133/><V48/><F110/><W72/><G72/><T79/><D2/><U51/><E6/><V70/><F26/><W35/><G35/><T46/><D104/><U11/><E11/><V83/><F48/><W56/><G32/><T88/><D34/><U105/><E105/><V121/><F121/><W126/><G126/><T108/><D108/><U53/><E53/><V29/><F29/><W41/><G28/><T31/><D124/><U132/><E132/><V90/><F100/><W65/><G20/><T8/><D31/><U127/><E25/><V58/><F58/><W16/><G16/><N who="0" m="8263" /><D73/><U102/><E127/><V22/><REACH who="2" step="1"/><F5/><REACH who="2" ten="250,270,220,250" step="2"/><W103/><REACH who="3" step="1"/><G65/><REACH who="3" ten="250,270,220,240" step="2"/><T111/><D111/><U23/><E67/><V116/><F116/><W13/><G13/><T118/><D118/><U1/><E64/><V78/><F78/><AGARI ba="0,2" hai="9,10,37,41,47,54,56,60,78,80,84,98,103,106" machi="78" ten="30,7700,0" yaku="1,1,7,1,52,1,53,1" doraHai="52" doraHaiUra="36" who="3" fromWho="2" sc="250,0,270,0,220,-77,240,97" /><INIT seed="2,0,0,2,5,95" ten="250,270,143,337" oya="2" hai0="101,29,110,82,0,10,134,114,45,107,41,129,90" hai1="81,68,21,27,99,75,100,118,74,12,3,16,78" hai2="58,59,19,17,79,69,66,23,72,131,77,60,64" hai3="119,86,63,127,117,50,104,28,123,124,61,18,24"/><V47/><F131/><W105/><G123/><T5/><D114/><U130/><E130/><V42/><F72/><W84/><G18/><T1/><D129/><U125/><E125/><N who="3" m="48202" /><G50/><T33/><D134/><U96/><E3/><V36/><F19/><W112/><G112/><T48/><D110/><U85/><E118/><N who="3" m="45066" /><G84/><T109/><D109/><U65/><E96/><V97/><F97/><W46/><G86/><T73/><D90/><U122/><E122/><V113/><F113/><W108/><G46/><T55/><D0/><U103/><E103/><V115/><F115/><W111/><G108/><T88/><D73/><U93/><REACH who="1" step="1"/><E27/><REACH who="1" ten="250,260,143,337" step="2"/><V92/><F92/><W53/><G24/><T26/><D101/><U98/><E98/><V51/><F66/><W106/><G111/><T133/><D133/><U87/><E87/><V57/><REACH who="2" step="1"/><F36/><REACH who="2" ten="250,260,133,337" step="2"/><W67/><G104/><T49/><D107/><U35/><E35/><V135/><F135/><W83/><G105/><T37/><D82/><U2/><E2/><V34/><F34/><W62/><G83/><T89/><REACH who="0" step="1"/><D37/><REACH who="0" ten="240,260,133,337" step="2"/><U13/><E13/><AGARI ba="0,3" hai="13,17,23,42,47,51,57,58,59,60,64,69,77,79" machi="13" ten="40,3900,0" yaku="1,1,53,1" doraHai="95" doraHaiUra="9" who="2" fromWho="1" sc="240,0,260,-39,133,69,337,0" /><INIT seed="2,1,0,2,0,121" ten="240,221,202,337" oya="2" hai0="88,122,19,78,126,25,0,113,9,101,80,34,1" hai1="105,85,49,104,76,114,110,42,8,116,56,36,18" hai2="14,30,128,71,98,99,132,3,127,23,51,21,11" hai3="47,118,67,112,61,29,84,26,27,63,92,124,53"/><V100/><F71/><W50/><G118/><T59/><D122/><U93/><E114/><V81/><F128/><W79/><G124/><T74/><D113/><U109/><E116/><V86/><F127/><W89/><G112/><T41/><D126/><U6/><E18/><V48/><F3/><W119/><G119/><T135/><D135/><U117/><E36/><V102/><F132/><W111/><G111/><N who="1" m="42506" /><E117/><V60/><F60/><N who="3" m="23115" /><G67/><T15/><D101/><N who="2" m="39018" /><F99/><N who="3" m="57743" /><G29/><T133/><D133/><U13/><E56/><V70/><F98/><W39/><G39/><T35/><D59/><U131/><E131/><V10/><F10/><W16/><G16/><T62/><D19/><U45/><E93/><V134/><F70/><W22/><G22/><N who="2" m="8201" /><F30/><W65/><G65/><T64/><D64/><U44/><E44/><V103/><N who="2" m="39026" /><V7/><DORA hai="54" /><F134/><W83/><AGARI ba="1,0" hai="26,27,47,50,53,79,83,84" m="57743,23115" machi="83" ten="30,1100,0" yaku="8,1" doraHai="121,54" who="3" fromWho="3" sc="240,-4,221,-4,202,-6,337,14" /><INIT seed="3,0,0,5,0,21" ten="236,217,196,351" oya="3" hai0="125,23,103,74,55,95,49,79,130,83,85,78,47" hai1="48,38,64,61,77,90,115,37,40,65,69,9,73" hai2="56,135,33,133,43,123,72,26,126,109,16,44,88" hai3="94,39,35,132,93,6,27,10,13,46,121,96,18"/><W70/><G121/><T71/><D130/><U19/><E115/><V7/><F72/><W102/><G70/><T75/><D125/><U29/><E29/><N who="2" m="19639" /><F126/><W45/><G132/><N who="2" m="50761" /><F123/><W122/><G39/><T131/><D131/><U108/><E108/><V119/><F109/><W117/><G117/><T97/><D71/><U0/><E65/><V127/><F127/><W28/><G122/><T107/><D79/><U32/><E32/><V87/><F119/><W14/><G93/><T105/><D23/><AGARI ba="0,0" hai="6,10,13,14,18,23,27,28,35,45,46,94,96,102" machi="23" ten="30,2900,0" yaku="7,1,52,1" doraHai="21" who="3" fromWho="0" sc="236,-29,217,0,196,0,351,29" owari="207,-19.3,217,1.7,196,-30.4,380,48.0" /></mjloggm>