<mjloggm ver="2.3"><GO type="225" lobby="0"/><UN n0="%E3%82%BC%E3%83%AB%E3%83%80%E3%81%AE%E4%BC%9D%E8%AA%AC" n1="%E6%9D%B1%E9%A2%A8%E3%81%AE%E3%81%8D%E3%82%83%E3%81%B7%E3%81%95%E3%82%93" n2="%EF%BC%AE%EF%BC%A1%EF%BC%AF%33%33%39" n3="%E6%A1%9C%E8%8A%B1%E9%96%83%E3%80%85" dan="17,16,16,17" rate="2126.10,2196.15,2178.42,2231.01" sx="M,M,M,M"/><TAIKYOKU oya="0"/><INIT seed="0,0,0,4,3,101" ten="250,250,250,250" oya="0" hai0="29,37,68,41,18,61,32,105,107,52,117,65,123" hai1="96,16,46,109,56,122,9,121,77,70,35,106,95" hai2="75,0,47,53,51,2,49,6,129,19,50,93,115" hai3="39,91,64,26,127,11,92,15,1,38,114,8,86"/><T118/><D18/><U12/><E70/><V71/><F75/><W60/><G114/><T74/><D123/><U27/><E77/><V89/><F71/><W126/><G1/><T42/><D42/><U134/><E109/><V80/><F115/><W72/><G72/><T63/><D74/><U5/><E134/><V132/><F80/><W25/><G25/><N who="0" m="18479" /><D52/><U85/><E85/><V104/><F132/><W66/><G26/><T125/><D61/><U98/><E46/><V44/><F19/><N who="3" m="8679" /><G11/><T124/><D41/><U108/><E108/><V113/><F113/><W76/><G76/><T116/><D37/><N who="3" m="13833" /><G60/><T135/><D135/><U82/><E56/><V112/><F112/><W79/><G79/><T58/><D58/><U100/><E82/><V81/><F81/><W48/><G48/><T103/><D103/><U30/><REACH who="1" step="1"/><E5/><REACH who="1" ten="250,240,250,250" step="2"/><V110/><F6/><W3/><G86/><T78/><D78/><U83/><E83/><V69/><F110/><W111/><G111/><T57/><D57/><U14/><E14/><V20/><F69/><W17/><G64/><T13/><D13/><U54/><E54/><V88/><F53/><W73/><G66/><T94/><D94/><U34/><E34/><V36/><F93/><W40/><G73/><T120/><D120/><U23/><E23/><V24/><F20/><W43/><G43/><T62/><D62/><U21/><E21/><V90/><F47/><W97/><G40/><T102/><D102/><AGARI ba="0,1" hai="9,12,16,27,30,35,95,96,98,100,102,106,121,122" machi="102" ten="30,8000,1" yaku="1,1,7,1,52,1,54,1,53,1" doraHai="101" doraHaiUra="28" who="1" fromWho="0" sc="250,-80,240,90,250,0,250,0" /><INIT seed="1,0,0,2,5,110" ten="170,330,250,250" oya="1" hai0="24,84,0,23,85,61,12,30,63,26,32,7,82" hai1="18,70,35,46,87,96,74,20,81,129,132,79,78" hai2="134,104,45,117,122,113,55,95,133,77,8,118,99" hai3="44,114,111,52,98,47,43,13,33,28,53,119,83"/><U60/><E35/><V124/><F8/><W4/><G111/><T40/><D40/><U11/><E132/><V36/><F55/><W56/><G114/><T73/><D73/><U109/><E109/><V1/><F1/><W120/><G120/><T64/><D0/><U59/><E129/><V107/><F45/><W100/><G119/><T80/><D7/><U51/><E70/><V112/><F36/><W130/><G130/><T48/><D48/><U90/><E11/><V101/><F77/><W21/><G33/><T91/><D12/><U22/><E96/><V121/><F124/><W49/><G83/><T3/><D3/><U106/><E106/><V58/><F58/><W71/><G71/><T86/><D64/><U37/><E37/><V16/><F16/><N who="3" m="10383" /><G28/><T88/><REACH who="0" step="1"/><D85/><REACH who="0" ten="160,330,250,250" step="2"/><U93/><E74/><V92/><F101/><W57/><G4/><T65/><D65/><U125/><E125/><V38/><F38/><W39/><G39/><T103/><D103/><U17/><E51/><V31/><F31/><AGARI ba="0,1" hai="23,24,26,30,31,32,61,63,80,82,84,86,88,91" machi="31" ten="30,7700,0" yaku="1,1,7,1,9,1,54,1,53,0" doraHai="110" doraHaiUra="41" who="0" fromWho="2" sc="160,87,330,0,250,-77,250,0" /><INIT seed="2,0,0,0,2,134" ten="247,330,173,250" oya="2" hai0="32,110,61,128,69,130,72,96,46,103,99,129,54" hai1="98,28,117,113,26,84,58,57,133,102,41,33,68" hai2="125,100,44,42,101,24,62,59,9,70,29,78,14" hai3="38,53,108,56,119,79,43,40,124,111,10,12,114"/><V66/><F78/><W82/><G119/><T65/><D110/><N who="3" m="42025" /><G38/><T83/><D32/><U120/><E113/><V87/><F87/><N who="3" m="48607" /><G114/><T121/><D121/><U35/><E35/><V115/><F115/><W95/><G95/><N who="0" m="58783" /><D99/><U93/><E41/><V39/><F70/><W122/><G124/><T71/><D71/><U36/><E36/><V48/><F39/><W51/><G122/><T67/><D67/><U4/><E68/><V19/><REACH who="2" step="1"/><F125/><REACH who="2" ten="247,330,163,250" step="2"/><W80/><G80/><T23/><D83/><U131/><E84/><V112/><F112/><W135/><G135/><T52/><D72/><U132/><E120/><V106/><F106/><W45/><G56/><T94/><D94/><U21/><E58/><V15/><F15/><W27/><G27/><T18/><D46/><U86/><E57/><V88/><F88/><W17/><AGARI ba="0,1" hai="10,12,17,40,43,45,51,53" m="48607,42025" machi="17" ten="30,1100,0" yaku="14,1" doraHai="134" who="3" fromWho="3" sc="247,-3,330,-3,163,-5,250,21" /><INIT seed="3,0,0,0,1,100" ten="244,327,158,271" oya="3" hai0="104,26,38,114,118,10,91,95,53,120,134,4,75" hai1="16,93,111,77,9,31,0,119,48,41,37,24,128" hai2="103,28,131,133,97,6,51,121,42,30,90,79,92" hai3="57,80,22,105,40,5,117,67,66,94,33,84,18"/><W82/><G33/><T125/><D120/><U25/><E37/><V11/><F121/><W58/><G117/><T12/><D118/><U32/><E77/><V129/><F79/><W113/><G113/><T81/><D38/><U83/><E83/><V62/><F62/><W123/><G105/><T64/><D64/><N who="3" m="24617" /><G5/><T76/><D114/><U1/><E93/><V60/><F60/><W23/><G40/><T98/><D125/><U127/><E127/><V50/><F133/><W63/><G123/><T29/><D134/><U54/><E41/><V107/><F129/><W61/><G94/><T89/><D53/><U17/><E119/><V27/><F131/><W70/><G70/><T87/><D104/><U15/><E111/><V21/><F30/><W122/><G23/><T55/><D55/><U126/><E128/><V132/><F42/><W101/><G101/><T108/><D108/><U2/><E126/><V44/><F44/><W7/><G7/><T36/><D36/><U49/><REACH who="1" step="1"/><E54/><REACH who="1" ten="244,317,158,271" step="2"/><V116/><F116/><W52/><G122/><T109/><D109/><U46/><E46/><V35/><F132/><W72/><G72/><T73/><D89/><U85/><E85/><V124/><F124/><W65/><G84/><T99/><D75/><U130/><E130/><V14/><REACH who="2" step="1"/><F35/><AGARI ba="0,1" hai="4,10,12,26,29,35,73,76,81,87,91,95,98,99" machi="35" ten="30,1000,0" yaku="7,1" doraHai="100" who="0" fromWho="2" sc="244,20,317,0,158,-10,271,0" owari="264,-13.6,317,41.7,148,-35.2,271,7.1" /></mjloggm>