<mjloggm ver="2.3"><GO type="225" lobby="0"/><UN n0="%E6%A1%9C%E8%8A%B1%E9%96%83%E3%80%85" n1="%33%74%72%65%65" n2="%70%68%65%6E%6F%6D%65" n3="%E8%81%B7%E6%A5%AD%E3%80%81%E9%A2%A8%32" dan="16,17,16,16" rate="2231.97,2133.28,2179.43,2187.42" sx="M,M,M,M"/><TAIKYOKU oya="0"/><INIT seed="0,0,0,3,1,68" ten="250,250,250,250" oya="0" hai0="48,112,82,51,81,94,14,75,62,46,124,74,11" hai1="87,95,98,65,117,26,7,4,18,12,84,111,85" hai2="73,39,58,131,127,72,133,23,17,20,83,115,1" hai3="113,114,71,121,2,102,88,0,37,36,92,103,119"/><T34/><D112/><N who="3" m="43113" /><G71/><T109/><D34/><U44/><E117/><V126/><F115/><W45/><G45/><T30/><D30/><U50/><E111/><V99/><F1/><N who="3" m="619" /><G119/><T32/><D32/><U134/><E134/><V79/><F133/><W38/><G121/><T28/><D28/><U104/><E104/><V125/><F131/><W60/><G60/><T129/><D129/><U57/><E26/><V25/><F73/><W107/><G107/><T96/><D124/><U19/><E57/><V40/><F58/><W9/><G9/><T13/><D109/><U8/><E7/><V33/><F33/><W29/><G29/><T56/><D75/><U21/><E65/><V101/><F23/><W6/><G6/><N who="0" m="3319" /><D74/><U42/><REACH who="1" step="1"/><E21/><REACH who="1" ten="250,240,250,250" step="2"/><V43/><REACH who="2" step="1"/><F39/><REACH who="2" ten="250,240,240,250" step="2"/><W91/><G92/><AGARI ba="0,2" hai="17,20,25,40,43,72,79,83,92,99,101,125,126,127" machi="92" ten="40,8000,1" yaku="1,1,2,1,18,1,53,1" doraHai="68" doraHaiUra="93" who="2" fromWho="3" sc="250,0,240,0,240,100,250,-80" /><INIT seed="1,0,0,4,1,55" ten="250,240,340,170" oya="1" hai0="117,15,52,58,110,128,39,67,62,131,4,38,127" hai1="8,5,56,23,132,103,11,32,44,134,60,73,129" hai2="74,0,86,7,20,94,14,18,80,77,113,114,123" hai3="122,83,121,91,124,65,28,13,54,104,51,84,27"/><U115/><E115/><V97/><F123/><W41/><G104/><T87/><D117/><U109/><E32/><V118/><F118/><W19/><G124/><T95/><D127/><U61/><E129/><N who="0" m="49737" /><D110/><U6/><E109/><V64/><F74/><W1/><G1/><T34/><D34/><U42/><E73/><V120/><F120/><W21/><G65/><T43/><D43/><U40/><E23/><V116/><F116/><W24/><G41/><T16/><D4/><U45/><REACH who="1" step="1"/><E103/><REACH who="1" ten="250,230,340,170" step="2"/><V53/><F113/><W111/><G111/><T57/><D87/><U31/><E31/><V2/><F114/><W72/><G72/><T135/><D135/><U107/><E107/><V106/><F106/><W90/><G90/><T112/><D112/><U133/><E133/><V130/><F130/><W92/><G27/><T126/><D126/><U17/><E17/><V36/><F18/><W22/><REACH who="3" step="1"/><G83/><REACH who="3" ten="250,230,340,160" step="2"/><T101/><D101/><U99/><E99/><V82/><F97/><W33/><G33/><T37/><D95/><U66/><E66/><V47/><F82/><W70/><G70/><N who="0" m="42359" /><D52/><U89/><E89/><V50/><F94/><W108/><G108/><T98/><D98/><U63/><E63/><V105/><F105/><W69/><G69/><T85/><D85/><U102/><E102/><V26/><F86/><W68/><G68/><T35/><D35/><U10/><E10/><AGARI ba="0,2" hai="10,15,16,37,38,39,57,58" m="42359,49737" machi="10" ten="40,8000,1" yaku="19,1,52,2,54,1" doraHai="55" who="0" fromWho="1" sc="250,100,230,-80,340,0,160,0" /><INIT seed="2,0,0,3,3,68" ten="350,150,340,160" oya="2" hai0="59,76,106,26,92,5,99,75,107,97,135,122,9" hai1="53,72,89,125,36,78,63,103,105,47,3,112,113" hai2="91,98,82,116,14,69,85,101,34,43,84,67,46" hai3="2,134,88,18,33,35,80,27,71,42,49,52,104"/><V21/><F116/><W24/><G2/><T39/><D122/><U120/><E53/><V95/><F34/><W38/><G71/><T60/><D135/><U126/><E120/><V8/><F21/><W96/><G134/><T65/><D39/><U32/><E89/><V100/><F69/><W61/><G33/><T11/><D26/><U129/><E129/><V109/><F67/><W44/><G35/><T123/><D123/><U64/><E32/><V117/><F117/><W79/><G18/><T124/><D124/><N who="1" m="47723" /><E3/><V111/><F85/><N who="3" m="48287" /><G38/><T1/><D11/><U94/><E94/><V93/><F95/><N who="3" m="56423" /><G104/><T114/><D106/><U130/><E130/><V102/><F109/><W29/><G29/><T56/><D107/><U127/><N who="1" m="47731" /><U7/><DORA hai="25" /><E7/><V6/><REACH who="2" step="1"/><F111/><REACH who="2" ten="350,150,330,160" step="2"/><W77/><G77/><T87/><D76/><U51/><E78/><V74/><F74/><W119/><G119/><T70/><D75/><U58/><E72/><V132/><F132/><W50/><G61/><T17/><D60/><U41/><E105/><V15/><F15/><W121/><G121/><T45/><D1/><U13/><E13/><V110/><F110/><W31/><G31/><T55/><D70/><N who="1" m="42271" /><E103/><V86/><F86/><W22/><G22/><T40/><D87/><U90/><E90/><V20/><F20/><W73/><G73/><T28/><D65/><U30/><E30/><V4/><F4/><W54/><G42/><T118/><D40/><U115/><E115/><V0/><F0/><W66/><G66/><T83/><D114/><U23/><E23/><V19/><F19/><RYUUKYOKU ba="0,1" sc="350,-30,150,10,330,10,160,10" hai1="36,41,47,51,58,112,113" hai2="6,8,14,43,46,82,84,91,93,98,100,101,102" hai3="24,27,44,49,50,52,54" /><INIT seed="2,1,1,3,5,40" ten="320,160,340,170" oya="2" hai0="23,13,71,15,45,14,20,81,54,1,114,104,131" hai1="99,88,80,25,42,130,61,122,2,95,39,125,124" hai2="60,102,11,46,37,48,56,38,41,103,73,119,28" hai3="18,121,57,89,127,116,109,49,133,112,26,33,72"/><V8/><F119/><W106/><RYUUKYOKU type="yao9" ba="1,1" sc="320,0,160,0,340,0,170,0" hai3="18,26,33,49,57,72,89,106,109,112,116,121,127,133" /><INIT seed="2,2,1,4,5,1" ten="320,160,340,170" oya="2" hai0="13,25,33,108,73,74,27,96,20,125,65,107,134" hai1="112,30,22,86,14,135,72,101,57,53,64,24,109" hai2="121,68,35,19,78,29,69,114,103,105,15,0,7" hai3="55,32,132,49,115,42,51,93,59,76,123,10,36"/><V70/><F114/><W6/><G123/><T88/><D108/><U90/><E112/><V127/><F121/><W95/><G115/><T87/><D125/><U110/><E72/><V89/><F127/><W118/><G32/><T100/><D134/><U84/><E135/><V120/><F78/><W54/><G118/><T83/><D65/><U41/><E64/><V8/><F120/><W119/><G119/><T9/><D33/><U117/><E117/><V56/><F89/><W67/><G67/><T40/><D40/><U16/><E41/><V122/><F122/><W43/><G132/><T47/><D47/><U21/><E101/><V12/><F56/><N who="3" m="32847" /><G36/><T98/><D98/><U77/><E77/><V34/><F0/><W38/><G38/><T4/><D27/><U82/><REACH who="1" step="1"/><E86/><REACH who="1" ten="320,150,340,170" step="2"/><V102/><F103/><W116/><G116/><T75/><D74/><U99/><E99/><V85/><F85/><W3/><G76/><T23/><D23/><U62/><AGARI ba="2,2" hai="14,16,21,22,24,30,53,57,62,82,84,90,109,110" machi="62" ten="30,4000,0" yaku="1,1,0,1,54,1,53,0" doraHai="1" doraHaiUra="124" who="1" fromWho="1" sc="320,-12,150,66,340,-22,170,-12" /><INIT seed="3,0,0,0,4,38" ten="308,216,318,158" oya="3" hai0="75,87,63,31,133,39,23,57,58,74,90,17,94" hai1="101,59,131,0,21,121,69,41,34,110,114,104,79" hai2="19,27,7,66,129,118,53,14,25,49,126,37,106" hai3="105,29,22,65,1,35,8,83,50,6,44,92,82"/><W119/><G119/><T98/><D39/><U11/><E59/><N who="0" m="22537" /><D74/><U13/><E21/><V122/><F37/><W16/><G105/><T99/><D75/><U102/><E114/><V95/><F106/><W123/><G123/><T24/><D133/><U9/><E13/><V112/><F112/><W15/><G65/><T113/><D113/><U85/><E34/><V103/><F118/><W51/><G92/><T115/><D115/><U52/><E0/><V70/><F7/><W10/><G10/><T36/><D36/><U107/><E69/><V47/><F129/><W55/><G51/><T89/><D63/><U72/><E72/><V4/><F4/><W33/><G33/><T42/><D42/><U88/><E41/><V117/><F117/><W96/><G96/><N who="0" m="57431" /><D31/><U67/><E67/><V111/><F111/><W108/><G108/><T109/><D109/><U130/><E110/><V125/><F122/><W40/><REACH who="3" step="1"/><G55/><REACH who="3" ten="308,216,318,148" step="2"/><T64/><D64/><U43/><E52/><V127/><F66/><W12/><G12/><T56/><D98/><U54/><E54/><V78/><F95/><W60/><G60/><T77/><D99/><U71/><E107/><V120/><F120/><W2/><G2/><T76/><D23/><U116/><E104/><V20/><F20/><W135/><G135/><T48/><D48/><U134/><E134/><V45/><F14/><W80/><G80/><T5/><D24/><AGARI ba="0,1" hai="1,6,8,15,16,22,24,29,35,40,44,50,82,83" machi="24" ten="40,18000,2" yaku="1,1,24,2,52,1,54,1,53,1" doraHai="38" doraHaiUra="46" who="3" fromWho="0" sc="308,-180,216,0,318,0,148,190" owari="128,-37.2,216,-18.4,318,11.8,338,43.8" /></mjloggm>