<mjloggm ver="2.3"><GO type="225" lobby="0"/><UN n0="%E5%A4%8F%E9%88%B4%E9%88%B4%E5%A4%8F" n1="%E5%91%A8%E6%9D%B1" n2="%72%69%6F%75%63%68%61%6E" n3="%E6%98%93%E5%88%A9%E8%96%A9%E4%BC%AF" dan="16,17,16,17" rate="2133.19,2206.25,2125.82,2177.13" sx="F,M,M,F"/><TAIKYOKU oya="0"/><INIT seed="0,0,0,1,4,102" ten="250,250,250,250" oya="0" hai0="125,108,58,6,110,15,18,100,49,123,63,119,117" hai1="37,81,80,93,106,1,67,42,87,70,68,48,31" hai2="130,73,86,90,75,64,34,122,95,5,2,88,131" hai3="113,115,36,38,121,79,4,50,59,16,109,20,76"/><T12/><D123/><U19/><E1/><V133/><F34/><W22/><G50/><T54/><D100/><U128/><E37/><N who="3" m="14442" /><G59/><N who="0" m="33231" /><D6/><U92/><E31/><V14/><F122/><W127/><G4/><T7/><D7/><U105/><E67/><V43/><F133/><W3/><G3/><T84/><D84/><U126/><E87/><V83/><F2/><W118/><G16/><T26/><D26/><U0/><E0/><V72/><F64/><W23/><G121/><T35/><D35/><U91/><E48/><V132/><F132/><W77/><G109/><N who="0" m="42091" /><D125/><U28/><E28/><V56/><F5/><W94/><G94/><T98/><D98/><U60/><E19/><V114/><F14/><N who="0" m="5162" /><D18/><U74/><E126/><V44/><F114/><N who="3" m="43531" /><G127/><T71/><D71/><U82/><E70/><V52/><F43/><W85/><G85/><T116/><D116/><AGARI ba="0,0" hai="20,22,23,76,77,79,116,118" m="43531,14442" machi="116" ten="40,2600,0" yaku="28,2" doraHai="102" who="3" fromWho="0" sc="250,-26,250,0,250,0,250,26" /><INIT seed="1,0,0,5,0,79" ten="224,250,250,276" oya="1" hai0="37,128,93,42,46,76,107,124,49,113,31,94,84" hai1="100,57,16,64,86,50,38,53,101,30,106,119,26" hai2="102,95,87,85,62,0,25,71,120,105,60,15,131" hai3="4,59,67,133,91,66,18,24,104,112,41,81,126"/><U89/><E38/><V17/><F120/><W115/><G104/><T97/><D113/><U75/><E75/><V83/><F131/><W77/><G133/><T32/><D128/><U5/><E119/><V122/><F0/><W78/><G126/><T35/><D124/><U69/><E106/><V129/><F122/><W2/><G41/><T96/><D37/><U28/><E5/><V14/><F129/><W98/><G4/><T130/><D130/><U82/><E69/><V90/><F25/><W48/><G2/><T9/><D9/><U63/><E16/><V88/><F71/><W20/><G115/><T33/><D31/><U27/><E28/><V19/><F105/><W6/><G6/><T116/><D116/><U34/><REACH who="1" step="1"/><E27/><REACH who="1" ten="224,240,250,276" step="2"/><V132/><F132/><W52/><G112/><T11/><D11/><U43/><E43/><V72/><F72/><W3/><G3/><T45/><D107/><U29/><E29/><V36/><F36/><W111/><G111/><T39/><D76/><U125/><E125/><V12/><F102/><W123/><G123/><T70/><D70/><U127/><E127/><V56/><REACH who="2" step="1"/><F62/><REACH who="2" ten="224,240,240,276" step="2"/><W7/><G24/><T10/><D39/><U92/><E92/><V74/><F74/><W13/><G7/><T21/><D94/><U103/><E103/><V114/><F114/><W44/><G77/><T68/><D93/><U61/><E61/><V108/><F108/><W1/><G78/><T23/><D68/><U118/><E118/><V22/><F22/><N who="0" m="8202" /><D10/><U135/><E135/><V117/><F117/><W40/><G1/><T80/><D46/><RYUUKYOKU ba="0,2" sc="224,10,240,10,240,10,276,-30" hai0="32,33,35,42,45,49,80,84,96,97" hai1="26,30,34,50,53,57,63,64,82,86,89,100,101" hai2="12,14,15,17,19,56,60,83,85,87,88,90,95" /><INIT seed="1,1,2,4,2,40" ten="234,250,250,246" oya="1" hai0="39,85,33,38,129,58,80,63,28,97,127,93,128" hai1="122,118,9,69,22,109,56,119,76,21,107,16,52" hai2="66,20,120,59,104,44,46,86,72,30,2,45,98" hai3="91,10,99,57,41,35,17,0,83,70,15,84,48"/><U18/><E107/><V95/><F120/><W112/><G70/><T24/><D127/><U100/><E122/><V12/><F72/><W81/><G35/><T62/><D39/><U64/><E100/><V90/><F2/><W89/><G112/><T132/><D38/><U32/><E32/><V51/><F104/><W23/><G99/><T79/><D132/><U42/><E42/><V1/><F1/><W125/><G125/><T5/><D5/><U53/><E76/><V47/><F98/><W135/><G135/><T73/><D73/><U50/><E9/><V134/><F134/><W60/><G0/><T49/><D49/><U8/><E8/><V121/><F121/><W29/><G29/><T96/><D96/><U105/><E105/><V77/><F77/><W4/><G83/><T74/><D74/><U124/><E124/><V133/><F133/><W34/><G34/><T71/><D71/><U102/><E102/><V116/><F116/><W78/><G23/><T111/><D111/><U110/><E69/><V7/><F7/><W3/><G17/><N who="1" m="6762" /><E53/><N who="2" m="29927" /><F12/><W101/><G101/><T67/><REACH who="0" step="1"/><D63/><REACH who="0" ten="224,250,250,246" step="2"/><N who="1" m="37991" /><E119/><V114/><F114/><W65/><G3/><T13/><D13/><U55/><E118/><V106/><F106/><W26/><G26/><T25/><D25/><U54/><E50/><V6/><F6/><W27/><G27/><T36/><D36/><U113/><E113/><V11/><F11/><W115/><G115/><T31/><D31/><U126/><E126/><V68/><F68/><W130/><G130/><T94/><D94/><U37/><E37/><V82/><F95/><RYUUKYOKU ba="1,3" sc="224,10,250,10,250,-30,246,10" hai0="24,28,33,58,62,67,79,80,85,93,97,128,129" hai1="21,22,52,54,55,109,110" hai3="4,10,15,41,48,57,60,65,78,81,84,89,91" /><INIT seed="1,2,3,3,1,14" ten="234,260,220,256" oya="1" hai0="49,113,130,4,70,100,99,72,30,43,92,59,118" hai1="78,129,24,105,87,109,65,104,62,3,71,82,91" hai2="63,117,79,44,55,110,69,35,0,135,85,95,57" hai3="53,77,133,33,34,134,102,37,7,31,12,15,2"/><U111/><E3/><V122/><F117/><W51/><G37/><T126/><D113/><U38/><E38/><V13/><F122/><W19/><G77/><T25/><D118/><U80/><E129/><V84/><F0/><W36/><G36/><T17/><D70/><U28/><E82/><V114/><F114/><W5/><G102/><T120/><D120/><U107/><REACH who="1" step="1"/><E78/><REACH who="1" ten="234,250,220,256" step="2"/><V128/><F128/><W66/><G2/><T64/><D130/><U54/><E54/><V58/><F79/><W81/><G81/><T61/><D126/><U39/><E39/><V41/><F41/><W132/><G66/><T96/><D64/><U23/><AGARI ba="2,4" hai="23,24,28,62,65,71,80,87,91,104,105,107,109,111" machi="23" ten="40,3900,0" yaku="1,1,0,1,53,0" doraHai="14" doraHaiUra="9" who="1" fromWho="1" sc="234,-15,250,85,220,-15,256,-15" /><INIT seed="1,3,0,2,2,77" ten="219,335,205,241" oya="1" hai0="117,2,42,33,62,46,94,5,25,89,20,22,27" hai1="8,101,58,121,126,86,78,47,41,119,59,75,35" hai2="48,57,95,17,0,66,123,115,18,88,6,129,71" hai3="130,16,54,49,120,50,67,61,92,87,74,34,118"/><U85/><E121/><V24/><F123/><W51/><G120/><T135/><D117/><U99/><E35/><V105/><F105/><W79/><G34/><T19/><D135/><U11/><E119/><V82/><F129/><W112/><G112/><T12/><D33/><U122/><E122/><V73/><F115/><W102/><G130/><T116/><D116/><U1/><E126/><V125/><F125/><W110/><G110/><T31/><D62/><U72/><E72/><V108/><F108/><W52/><G118/><T132/><D132/><U96/><E75/><V26/><F71/><W10/><G74/><T39/><D2/><U131/><E1/><V134/><F134/><W9/><G102/><T124/><D124/><U128/><E78/><V113/><F113/><W37/><G37/><T107/><D107/><U53/><E41/><V76/><F6/><W80/><G92/><T43/><D43/><U4/><E4/><V38/><F38/><W98/><G98/><T32/><D5/><U91/><E101/><V40/><F0/><W21/><G67/><T7/><D7/><U127/><E127/><V114/><F114/><W97/><G97/><T3/><D3/><U23/><E99/><N who="2" m="57831" /><F66/><W83/><G83/><T60/><D60/><U13/><E131/><V103/><F103/><W109/><G109/><T111/><D111/><U63/><E128/><V28/><F40/><W44/><G61/><T14/><D32/><U45/><E63/><V93/><F93/><W30/><G30/><T15/><D94/><U65/><E65/><V56/><F28/><W90/><G90/><AGARI ba="3,0" hai="12,14,15,19,20,22,25,27,31,39,42,46,89,90" machi="90" ten="40,1300,0" yaku="6,1" doraHai="77" who="0" fromWho="3" sc="219,22,335,0,205,0,241,-22" /><INIT seed="2,0,0,4,4,103" ten="241,335,205,219" oya="2" hai0="73,110,107,84,125,85,36,51,80,49,126,34,120" hai1="79,76,119,71,56,9,2,19,101,21,70,97,92" hai2="41,55,6,72,22,118,50,52,135,77,10,100,96" hai3="59,26,69,20,30,46,117,124,15,63,61,102,128"/><V16/><F118/><W31/><G117/><T47/><D120/><U81/><E119/><V123/><F123/><W27/><G128/><T121/><D121/><U38/><E38/><V65/><F135/><W91/><G124/><N who="0" m="47723" /><D107/><U93/><E93/><N who="2" m="58383" /><F72/><W54/><G46/><T28/><D110/><U83/><E2/><V35/><F35/><W131/><G131/><T60/><D60/><U116/><E116/><V104/><F104/><W94/><G102/><T67/><D67/><U115/><E71/><V88/><F77/><W8/><G69/><T53/><D36/><U4/><E70/><V1/><F1/><W98/><G27/><N who="0" m="18719" /><D51/><U32/><E32/><V62/><F10/><W132/><G132/><T129/><D129/><U122/><E9/><V86/><F6/><W29/><REACH who="3" step="1"/><G61/><REACH who="3" ten="241,335,205,209" step="2"/><T33/><D33/><U114/><E122/><V64/><F62/><W23/><G23/><T24/><D24/><U133/><E21/><V18/><F22/><W66/><G66/><N who="2" m="25705" /><F41/><W87/><G87/><T25/><D25/><U105/><E133/><V14/><F14/><W40/><G40/><T12/><D12/><U68/><E68/><V44/><F55/><W7/><AGARI ba="0,1" hai="7,8,15,20,26,29,30,31,54,59,63,91,94,98" machi="7" ten="20,5200,0" yaku="1,1,0,1,7,1,8,1,53,0" doraHai="103" doraHaiUra="111" who="3" fromWho="3" sc="241,-13,335,-13,205,-26,209,62" /><INIT seed="3,0,0,4,5,79" ten="228,322,179,271" oya="3" hai0="31,85,75,20,135,43,0,124,94,110,133,89,82" hai1="9,125,114,62,59,99,131,104,54,119,117,65,41" hai2="96,95,113,112,14,42,118,87,7,52,36,32,10" hai3="19,128,15,37,78,60,92,100,130,105,26,70,122"/><W80/><G122/><T115/><D0/><U47/><E114/><V93/><F118/><N who="1" m="45065" /><E131/><N who="3" m="50218" /><G37/><T21/><D110/><U30/><E125/><V11/><F32/><W64/><G26/><T76/><D124/><U109/><E109/><V23/><F23/><N who="3" m="11775" /><G92/><T83/><D115/><U103/><E9/><V40/><F36/><W49/><G49/><T129/><D129/><U16/><E16/><N who="2" m="8279" /><F113/><W91/><G91/><N who="0" m="51639" /><D43/><N who="2" m="16426" /><F112/><W35/><G35/><T45/><D45/><U3/><E3/><V120/><F120/><W38/><G38/><T90/><D31/><U107/><E30/><V39/><F39/><W12/><G12/><T86/><D89/><U8/><E107/><V6/><F11/><W63/><G64/><T67/><D67/><U84/><E8/><V25/><F25/><W69/><G69/><T97/><D20/><U121/><E121/><V27/><F27/><W81/><G78/><N who="0" m="44511" /><D21/><U33/><E33/><V1/><F1/><W127/><G70/><T51/><D51/><U101/><E65/><V68/><F68/><W88/><G127/><T48/><D48/><U29/><E29/><V17/><F17/><W106/><G106/><T55/><D55/><U5/><E104/><V73/><F73/><W123/><G123/><T44/><D44/><U61/><E47/><V28/><F28/><W108/><G108/><T50/><D50/><U46/><E46/><V4/><F96/><W132/><G105/><T13/><D13/><U24/><E24/><V53/><F87/><W34/><G34/><T77/><D86/><U22/><E84/><V58/><F53/><W71/><G71/><RYUUKYOKU ba="0,0" sc="228,15,322,-15,179,15,271,-15" hai0="76,77,90,94,97,133,135" hai2="4,6,7,52,58,93,95" owari="243,-15.7,307,40.7,194,-30.6,256,5.6" /></mjloggm>