<mjloggm ver="2.3"><GO type="225" lobby="0"/><UN n0="%E6%A0%B9%E5%85%83%E3%81%8B%E3%82%89%E5%90%B9%E3%81%A3%E9%A3%9B%E3%81%B6" n1="%E6%98%93%E5%88%A9%E8%96%A9%E4%BC%AF" n2="%72%69%6F%75%63%68%61%6E" n3="%E3%80%93%E3%81%97%E3%83%BC%E3%82%89%E3%80%93" dan="16,17,16,16" rate="2104.81,2163.02,2087.48,2210.57" sx="F,F,M,M"/><TAIKYOKU oya="0"/><INIT seed="0,0,0,2,0,70" ten="250,250,250,250" oya="0" hai0="16,94,48,20,78,89,87,124,133,93,39,101,114" hai1="8,65,99,92,6,72,73,26,61,13,23,123,111" hai2="12,50,120,86,96,80,108,129,40,82,85,79,22" hai3="3,18,64,47,106,125,66,110,98,4,19,75,31"/><T59/><D114/><U91/><E111/><V109/><F129/><W102/><G75/><T36/><D124/><U112/><E123/><V71/><F120/><W57/><G110/><N who="2" m="42601" /><F71/><W119/><G125/><T41/><D78/><U103/><E91/><V53/><F40/><W2/><G119/><T83/><D133/><U33/><E33/><V9/><F96/><W58/><G31/><T127/><D127/><U21/><E21/><V77/><F22/><W45/><G98/><N who="0" m="59599" /><D41/><U88/><E103/><V24/><F24/><W10/><G102/><T11/><D83/><U135/><E112/><V95/><F95/><W14/><G14/><N who="0" m="9239" /><D11/><U132/><E132/><V67/><F67/><W34/><G10/><T44/><D44/><U113/><E135/><V81/><F80/><W0/><G0/><T1/><D1/><U43/><E43/><V17/><F81/><W46/><G46/><T30/><D30/><U105/><E105/><V51/><F77/><W104/><REACH who="3" step="1"/><G4/><REACH who="3" ten="250,250,250,240" step="2"/><T54/><AGARI ba="0,1" hai="36,39,48,54,59,87,89,94" m="9239,59599" machi="54" ten="30,11700,0" yaku="25,1,52,2,54,1" doraHai="70" who="0" fromWho="0" sc="250,127,250,-39,250,-39,240,-39" /><INIT seed="0,1,0,2,5,134" ten="377,211,211,201" oya="0" hai0="41,93,17,74,105,29,4,89,0,68,133,83,28" hai1="21,38,115,43,65,116,52,47,2,44,50,20,103" hai2="131,97,73,98,104,130,127,87,30,100,124,45,57" hai3="42,80,9,128,101,117,10,95,96,94,69,76,25"/><T122/><D122/><U70/><E2/><V79/><F30/><W120/><G69/><T12/><D68/><U19/><E116/><V3/><F3/><W26/><G117/><T106/><D41/><U63/><E115/><V32/><F32/><W54/><G120/><T102/><D4/><U36/><E103/><N who="2" m="62575" /><F73/><W85/><G128/><N who="2" m="49193" /><F57/><W15/><G10/><T1/><D133/><U109/><E109/><V13/><F13/><W16/><G42/><T5/><D5/><U37/><REACH who="1" step="1"/><E21/><REACH who="1" ten="377,201,211,201" step="2"/><V51/><F79/><W107/><G107/><T135/><D106/><U81/><E81/><V119/><F119/><W114/><G114/><T62/><D105/><U86/><E86/><V132/><F132/><W31/><G95/><T121/><D93/><U126/><E126/><N who="2" m="48171" /><F87/><W6/><G31/><T33/><D28/><U53/><E53/><N who="2" m="29935" /><F98/><W40/><G96/><T14/><D29/><U48/><E48/><V66/><F66/><W64/><G64/><T60/><D0/><U111/><E111/><V7/><F100/><W27/><G101/><T99/><D1/><U125/><E125/><V22/><F22/><W108/><G85/><T72/><D99/><U18/><E18/><V82/><F7/><W77/><G6/><T110/><D102/><U46/><E46/><V78/><F78/><W91/><G77/><T61/><D135/><U39/><E39/><V24/><F82/><W35/><G80/><T129/><D83/><U71/><E71/><V92/><F92/><W113/><G94/><T84/><D129/><U123/><E123/><V118/><F118/><W67/><G76/><RYUUKYOKU ba="1,1" sc="377,-15,201,15,211,15,201,-15" hai1="19,20,36,37,38,43,44,47,50,52,63,65,70" hai2="24" /><INIT seed="1,2,1,0,2,13" ten="362,216,226,186" oya="1" hai0="20,133,119,12,28,79,66,61,77,70,116,46,82" hai1="111,60,78,74,14,81,33,1,91,95,38,98,87" hai2="30,84,88,132,122,96,37,29,93,54,69,76,40" hai3="35,57,8,62,112,85,90,100,120,65,94,11,18"/><U2/><E33/><V128/><F122/><W44/><G35/><T49/><D133/><U71/><E38/><V123/><F123/><W0/><G120/><T83/><D83/><U24/><E111/><V19/><F132/><W105/><G112/><T41/><D79/><U97/><E24/><V7/><F69/><W51/><G0/><T102/><D102/><U22/><E2/><V130/><F7/><W103/><G105/><T59/><D70/><U47/><E47/><N who="2" m="23951" /><F54/><N who="3" m="30055" /><G8/><T72/><D12/><AGARI ba="2,1" hai="11,12,18,57,62,65,85,90,94,100,103" m="30055" machi="12" ten="30,2000,0" yaku="8,1,52,1" doraHai="13" who="3" fromWho="0" sc="362,-26,216,0,226,0,186,36" /><INIT seed="2,0,0,0,5,91" ten="336,216,226,222" oya="2" hai0="35,39,10,106,58,19,81,59,28,120,100,45,76" hai1="108,102,27,57,54,34,83,96,4,30,125,74,7" hai2="119,82,37,116,133,32,130,48,51,98,69,87,21" hai3="71,90,95,6,72,23,68,80,25,3,36,5,123"/><V131/><F32/><W118/><G36/><T127/><D120/><U14/><E108/><V33/><F33/><W88/><G123/><T93/><D106/><U84/><E74/><V1/><F37/><W101/><G118/><T17/><D28/><U110/><E125/><V44/><F69/><W31/><G101/><T52/><D35/><U107/><E14/><V13/><F1/><W111/><G111/><T8/><D45/><U40/><E40/><V43/><F133/><W16/><G3/><T42/><D59/><U62/><REACH who="1" step="1"/><E110/><REACH who="1" ten="336,206,226,222" step="2"/><V56/><F119/><W75/><G72/><T77/><D42/><U92/><E92/><V132/><F116/><W94/><G75/><T12/><D93/><U64/><E64/><V60/><F132/><W61/><G95/><T128/><D12/><U89/><AGARI ba="0,1" hai="4,7,27,30,34,54,57,62,83,84,89,96,102,107" machi="89" ten="20,2700,0" yaku="1,1,0,1,7,1,53,0" doraHai="91" doraHaiUra="129" who="1" fromWho="1" sc="336,-7,206,37,226,-13,222,-7" /><INIT seed="3,0,0,4,4,75" ten="329,243,213,215" oya="3" hai0="93,77,36,79,101,15,38,52,122,124,99,30,96" hai1="53,44,54,50,114,6,133,132,62,12,100,119,10" hai2="92,43,51,14,22,90,45,112,73,88,117,113,18" hai3="5,56,0,115,127,68,97,121,61,21,109,83,35"/><W126/><G35/><T2/><D2/><U60/><E114/><V72/><F117/><W71/><G115/><T16/><D30/><U130/><E130/><V134/><F113/><W74/><G121/><T27/><D27/><U40/><E100/><V84/><F112/><W3/><G97/><T7/><D7/><U42/><E119/><V94/><REACH who="2" step="1"/><F134/><REACH who="2" ten="329,243,203,215" step="2"/><N who="1" m="51817" /><E54/><V110/><F110/><W37/><G109/><T91/><D52/><U66/><E62/><V9/><F9/><W131/><G61/><T69/><D122/><U29/><E29/><V41/><F41/><W107/><G131/><T55/><D55/><U81/><E81/><V31/><F31/><W48/><G83/><T86/><D124/><U120/><E120/><V78/><F78/><W46/><G127/><T26/><D79/><U80/><E80/><V111/><F111/><W23/><G126/><T58/><D77/><U85/><E42/><V4/><F4/><W135/><G135/><T76/><D76/><U64/><E40/><V47/><F47/><W125/><G125/><T20/><D36/><U103/><E60/><V106/><F106/><W8/><G107/><T128/><D38/><U59/><E44/><V67/><F67/><W104/><G104/><T39/><D39/><U65/><E65/><V129/><F129/><W82/><G0/><T28/><D28/><U95/><E66/><V32/><F32/><W33/><G33/><T25/><D128/><U49/><E64/><V118/><F118/><W108/><G108/><T87/><D58/><U70/><E59/><V105/><F105/><W17/><G56/><RYUUKYOKU ba="0,1" sc="329,-10,243,-10,203,30,215,-10" hai2="14,18,22,43,45,51,72,73,84,88,90,92,94" owari="329,42.9,233,3.3,233,-16.7,205,-29.5" /></mjloggm>