<mjloggm ver="2.3"><GO type="225" lobby="0"/><UN n0="%41%6F%54" n1="%33%74%72%65%65" n2="%E3%81%8B%E3%82%8F%E3%81%A1%E3%82%83%E3%82%93%35%38" n3="%E3%82%B3%E3%83%90%E3%83%AC%E3%82%A4" dan="16,16,16,16" rate="2072.07,2164.05,2152.21,2149.17" sx="M,F,M,M"/><TAIKYOKU oya="0"/><INIT seed="0,0,0,0,3,29" ten="250,250,250,250" oya="0" hai0="43,70,55,87,44,113,9,30,2,47,64,36,65" hai1="88,69,93,123,40,83,101,99,77,18,34,39,127" hai2="100,79,98,135,27,106,12,115,26,124,13,119,59" hai3="37,130,57,5,3,38,111,105,56,125,122,73,107"/><T10/><D113/><U94/><E123/><V82/><F115/><W72/><G57/><T80/><D70/><U132/><E132/><V49/><F135/><W41/><G56/><T24/><D55/><U54/><E127/><V32/><F124/><W23/><G41/><T102/><D102/><U46/><E69/><V45/><F119/><W116/><G23/><T17/><D44/><U114/><E114/><V129/><F129/><W109/><G5/><T74/><D9/><U15/><E54/><V51/><F59/><W67/><G67/><T28/><D28/><U103/><E93/><V1/><F1/><W60/><G60/><T14/><D74/><N who="3" m="28777" /><G125/><T0/><D0/><U131/><E131/><V33/><F26/><W25/><G25/><T20/><REACH who="0" step="1"/><D2/><REACH who="0" ten="240,250,250,250" step="2"/><U81/><E46/><V86/><F45/><W50/><G3/><T92/><D92/><U89/><E94/><V21/><F51/><W91/><G50/><T121/><D121/><U97/><E101/><V19/><REACH who="2" step="1"/><F49/><REACH who="2" ten="240,250,240,250" step="2"/><W63/><G38/><T118/><D118/><U104/><E39/><V78/><F78/><AGARI ba="0,2" hai="10,14,17,20,24,30,36,43,47,64,65,78,80,87" machi="78" ten="30,2900,0" yaku="1,1,7,1,53,0" doraHai="29" doraHaiUra="112" who="0" fromWho="2" sc="240,49,250,0,240,-29,250,0" /><INIT seed="0,1,0,2,1,99" ten="289,250,211,250" oya="0" hai0="69,0,20,100,62,48,21,67,9,33,22,129,94" hai1="43,116,110,57,109,134,101,50,112,37,25,125,23" hai2="34,76,84,86,113,122,102,3,128,27,73,18,60" hai3="47,66,68,65,24,111,64,133,15,89,108,44,104"/><T45/><D129/><U106/><E116/><V42/><F3/><W70/><G15/><T96/><D33/><U131/><E131/><V119/><F42/><W87/><G24/><T8/><REACH who="0" step="1"/><D0/><REACH who="0" ten="279,250,211,250" step="2"/><U58/><E110/><N who="3" m="42026" /><G133/><T82/><D82/><U93/><E134/><V51/><F34/><W115/><G115/><T117/><D117/><U83/><E109/><V90/><F119/><W14/><G68/><T32/><D32/><U1/><E83/><V35/><F128/><W78/><G70/><T30/><D30/><U4/><E1/><V49/><F35/><W132/><G132/><T95/><D95/><U126/><E93/><V79/><F113/><W52/><G104/><T12/><D12/><U77/><E106/><V130/><F130/><W54/><G14/><T13/><D13/><U120/><E112/><V10/><F18/><W38/><G78/><T39/><D39/><U29/><E37/><V105/><F105/><W121/><G121/><T46/><D46/><N who="3" m="17449" /><G38/><T53/><AGARI ba="1,1" hai="8,9,20,21,22,45,48,53,62,67,69,94,96,100" machi="53" ten="30,6000,0" yaku="1,1,0,1,52,1,53,0" doraHai="99" doraHaiUra="114" who="0" fromWho="0" sc="279,73,250,-21,211,-21,250,-21" /><INIT seed="0,2,0,3,1,30" ten="352,229,190,229" oya="0" hai0="49,70,9,133,128,103,116,104,37,13,20,130,47" hai1="56,122,48,55,54,79,51,127,107,72,57,115,99" hai2="43,39,42,60,2,62,29,46,41,81,106,8,86" hai3="113,17,50,91,129,33,18,85,78,16,100,5,32"/><T75/><D116/><U36/><E122/><V40/><F106/><W101/><G113/><T52/><D75/><U58/><E115/><V121/><F121/><W34/><G78/><T28/><D70/><U59/><E36/><V6/><REACH who="2" step="1"/><F29/><REACH who="2" ten="352,229,180,229" step="2"/><W26/><G129/><T67/><D28/><U10/><E127/><V135/><F135/><W95/><G26/><T31/><D133/><U110/><E110/><V45/><F45/><W4/><REACH who="3" step="1"/><G50/><REACH who="3" ten="352,229,180,219" step="2"/><T83/><D49/><U114/><E48/><V64/><F64/><W74/><G74/><T38/><D67/><U87/><E72/><V125/><F125/><W126/><G126/><T109/><D128/><U63/><E114/><V89/><AGARI ba="2,2" hai="2,6,8,39,40,41,42,43,46,60,62,81,86,89" machi="89" ten="30,4000,0" yaku="1,1,0,1,53,1" doraHai="30" doraHaiUra="82" who="2" fromWho="2" sc="352,-22,229,-12,180,66,219,-12" /><INIT seed="1,0,0,2,3,104" ten="330,217,246,207" oya="1" hai0="135,12,117,121,9,70,80,83,72,94,118,15,102" hai1="6,47,114,62,129,85,95,41,124,23,8,96,65" hai2="49,13,27,36,20,64,28,48,2,130,21,60,19" hai3="31,58,43,76,3,53,116,78,37,51,100,71,99"/><U108/><E114/><V0/><F36/><W33/><G3/><T54/><D70/><U69/><E129/><V74/><F130/><W59/><G71/><T132/><D121/><U103/><E124/><V81/><F0/><W42/><G116/><T101/><D54/><U30/><E108/><V84/><F2/><W73/><G58/><T97/><D101/><U22/><E30/><V107/><F107/><W16/><G37/><T119/><D12/><U50/><REACH who="1" step="1"/><E85/><REACH who="1" ten="330,207,246,207" step="2"/><V131/><F131/><W57/><G31/><T110/><D110/><U133/><E133/><N who="0" m="51273" /><D72/><U44/><E44/><V10/><F74/><W24/><G73/><T90/><D102/><U4/><E4/><AGARI ba="0,1" hai="4,9,15,80,83,90,94,97,117,118,119" m="51273" machi="4" ten="40,1300,0" yaku="20,1" doraHai="104" who="0" fromWho="1" sc="330,23,207,-13,246,0,207,0" /><INIT seed="2,0,0,2,0,60" ten="353,194,246,207" oya="2" hai0="112,30,68,33,75,114,28,79,57,71,88,119,95" hai1="102,39,91,133,54,82,58,47,87,66,123,44,92" hai2="26,17,124,49,78,34,128,37,62,77,1,42,108" hai3="51,86,120,14,38,63,52,29,16,117,3,130,67"/><V8/><F37/><W59/><G3/><T83/><D119/><U41/><E133/><V122/><F122/><W48/><G117/><T98/><D57/><U4/><E123/><V74/><F74/><W46/><G120/><T10/><D10/><U118/><E118/><V134/><F134/><W97/><G130/><T115/><REACH who="0" step="1"/><D33/><REACH who="0" ten="343,194,246,207" step="2"/><U22/><E22/><V18/><F8/><W19/><G38/><T110/><D110/><U12/><E47/><V25/><F34/><W113/><G113/><T43/><D43/><U7/><E44/><V132/><F42/><W40/><G29/><AGARI ba="0,1" hai="28,29,30,68,71,75,79,83,88,95,98,112,114,115" machi="29" ten="40,2600,0" yaku="1,1,54,1,53,0" doraHai="60" doraHaiUra="32" who="0" fromWho="3" sc="343,36,194,0,246,0,207,-26" /><INIT seed="3,0,0,5,1,77" ten="379,194,246,181" oya="3" hai0="107,45,5,8,111,120,94,57,42,21,37,114,15" hai1="40,55,30,26,27,82,1,69,96,67,106,112,53" hai2="22,81,76,135,93,123,44,119,71,110,19,10,2" hai3="88,100,91,129,68,80,61,132,16,134,14,17,105"/><W121/><G121/><T36/><D107/><U4/><E40/><V89/><F71/><W98/><G129/><T32/><D32/><N who="1" m="20567" /><E27/><V20/><F119/><W92/><G68/><T23/><D111/><U127/><E112/><V3/><F110/><W0/><G61/><T126/><D126/><U128/><E127/><V84/><F135/><N who="3" m="51755" /><G0/><T122/><D114/><U48/><E48/><V24/><F123/><W59/><G59/><T75/><D36/><U64/><E64/><V103/><F103/><W38/><G38/><T29/><D57/><U118/><E128/><V125/><F125/><W74/><G14/><T104/><D15/><U102/><E118/><V97/><F10/><W56/><G56/><T50/><D8/><N who="1" m="2063" /><E82/><V130/><F130/><W12/><G12/><T7/><D37/><U72/><E72/><V124/><F124/><W9/><G9/><T109/><D75/><U41/><E41/><V101/><F44/><W18/><G105/><T85/><D104/><U31/><E31/><V99/><F20/><N who="0" m="7754" /><D29/><U58/><E58/><V39/><F39/><W131/><G131/><T113/><D109/><U116/><E116/><V83/><F2/><W51/><G51/><T117/><D117/><U11/><E11/><V25/><F3/><W33/><G33/><T28/><D28/><U90/><E69/><V87/><F24/><W65/><G65/><T78/><D113/><U73/><E67/><V86/><F76/><AGARI ba="0,0" hai="16,17,18,74,76,80,88,91,92,98,100" m="51755" machi="76" ten="30,11600,0" yaku="20,1,52,1,54,2" doraHai="77" who="3" fromWho="2" sc="379,0,194,0,246,-116,181,116" /><INIT seed="3,1,0,1,5,28" ten="379,194,130,297" oya="3" hai0="21,70,10,120,69,87,88,3,118,32,86,91,99" hai1="90,131,112,81,127,48,115,110,40,123,77,33,106" hai2="109,34,52,47,124,76,128,17,66,84,0,42,93" hai3="92,102,41,130,79,57,56,26,133,5,126,63,122"/><W2/><G122/><T104/><D32/><U9/><E123/><V4/><F109/><W117/><G117/><T22/><D120/><U20/><E33/><V49/><F124/><W45/><G126/><T44/><D118/><U8/><E127/><V97/><F128/><W116/><G130/><T119/><D119/><U6/><E131/><V98/><F0/><W43/><G116/><T132/><D132/><U111/><E90/><V53/><F4/><W58/><G133/><T51/><D10/><N who="1" m="4203" /><E6/><V121/><F34/><W82/><G5/><T15/><D44/><N who="1" m="25607" /><E20/><V54/><F121/><W16/><G2/><T105/><D51/><U67/><E67/><V29/><F29/><W11/><G63/><T12/><D99/><U35/><E35/><V39/><F39/><W37/><G41/><T113/><D3/><U85/><E106/><V27/><F66/><W68/><G68/><T80/><D80/><U129/><E129/><V60/><F60/><W135/><G135/><T125/><D125/><U14/><E14/><V72/><F72/><W64/><G64/><T73/><D73/><U61/><E61/><V19/><F27/><W74/><G11/><T96/><D96/><U78/><E78/><V38/><F38/><W71/><G71/><T95/><D113/><U1/><E1/><V23/><F23/><N who="3" m="13671" /><G102/><T94/><AGARI ba="1,0" hai="12,15,21,22,69,70,86,87,88,91,94,95,104,105" machi="94" ten="25,6400,0" yaku="0,1,22,2,54,1" doraHai="28" who="0" fromWho="0" sc="379,67,194,-17,130,-17,297,-33" owari="446,54.6,177,-22.3,113,-38.7,264,6.4" /></mjloggm>