<mjloggm ver="2.3"><GO type="225" lobby="0"/><UN n0="%4B%2E%32%2E%4B%2E" n1="%72%69%6F%75%63%68%61%6E" n2="%E7%9A%AE%E3%80%85" n3="%EF%BC%AE%EF%BC%A1%EF%BC%AF%33%33%39" dan="16,16,16,16" rate="2143.93,2092.19,2167.35,2204.20" sx="M,M,F,M"/><TAIKYOKU oya="0"/><INIT seed="0,0,0,5,3,68" ten="250,250,250,250" oya="0" hai0="131,62,106,16,123,124,88,2,126,14,94,90,117" hai1="125,85,51,105,0,72,118,54,81,112,28,70,96" hai2="21,12,38,49,20,60,9,80,45,64,77,42,93" hai3="130,41,97,111,27,122,30,63,11,43,95,40,52"/><T33/><D117/><U46/><E125/><N who="0" m="48233" /><D123/><U4/><E118/><V108/><F93/><W113/><G113/><T37/><D2/><U114/><E70/><V76/><F108/><W100/><G111/><T15/><D106/><U24/><E72/><V5/><F77/><W32/><G122/><T39/><D131/><U91/><E4/><V29/><F29/><W103/><G130/><T75/><D33/><U127/><E0/><V83/><F83/><W134/><G134/><T31/><D31/><U59/><E127/><V18/><F18/><W47/><G11/><N who="0" m="6239" /><D75/><U128/><E128/><V67/><F67/><W56/><REACH who="3" step="1"/><G100/><REACH who="3" ten="250,250,250,240" step="2"/><T109/><D109/><U78/><E114/><V8/><F8/><W19/><G19/><T55/><D15/><U53/><E112/><V102/><F102/><W3/><G3/><T71/><D90/><U99/><E91/><V7/><F7/><W66/><G66/><N who="0" m="41431" /><D55/><U25/><E105/><V69/><REACH who="2" step="1"/><F49/><AGARI ba="0,1" hai="27,30,32,40,41,43,47,49,52,56,63,95,97,103" machi="49" ten="30,7700,0" yaku="1,1,7,1,54,1,53,1" doraHai="68" doraHaiUra="50" who="3" fromWho="2" sc="250,0,250,0,250,-77,240,87" /><INIT seed="1,0,0,2,5,133" ten="250,250,173,327" oya="1" hai0="20,28,79,86,6,29,135,73,3,68,65,117,15" hai1="122,34,107,125,89,62,50,66,8,59,69,49,52" hai2="96,118,132,78,25,11,5,108,24,130,92,77,109" hai3="70,101,4,90,54,12,39,30,21,60,81,123,63"/><U87/><E125/><V44/><F132/><W97/><G39/><T104/><D135/><U129/><E129/><V74/><F118/><W46/><G70/><T84/><D104/><U16/><E122/><V124/><F130/><W71/><G71/><T31/><D3/><U33/><E107/><V95/><F44/><W47/><G123/><T22/><D73/><U32/><E49/><V48/><F48/><W115/><G115/><T67/><D68/><U26/><E8/><V113/><F113/><W110/><G110/><N who="2" m="42601" /><F95/><W51/><G47/><T37/><D37/><U64/><E64/><N who="0" m="24649" /><D117/><U45/><E69/><V19/><F19/><W27/><G4/><T131/><D131/><U128/><E128/><V98/><F98/><W88/><G12/><T18/><D79/><N who="2" m="30218" /><F74/><W111/><G111/><T23/><D6/><U55/><E66/><V2/><F25/><W58/><G81/><T105/><D105/><U99/><E99/><V100/><F24/><W57/><G57/><T38/><D38/><U7/><E7/><V126/><AGARI ba="0,0" hai="2,5,11,92,96,100,124,126" m="30218,42601" machi="126" ten="40,5200,0" yaku="14,1,52,2" doraHai="133" who="2" fromWho="2" sc="250,-13,250,-26,173,52,327,-13" /><INIT seed="2,0,0,5,4,80" ten="237,224,225,314" oya="2" hai0="132,97,86,24,120,48,55,17,6,42,99,102,44" hai1="116,66,30,75,40,106,22,89,60,8,64,94,103" hai2="26,11,56,0,121,112,118,39,126,9,73,18,100" hai3="82,108,83,45,110,54,58,61,47,117,76,36,128"/><V14/><F112/><W134/><G117/><T23/><D120/><U50/><E116/><V28/><F118/><W114/><G114/><T43/><D132/><U3/><E75/><V98/><F121/><W2/><G2/><T70/><D70/><U38/><E38/><V115/><F115/><W20/><G134/><T96/><D102/><U25/><E106/><V46/><F73/><W52/><G128/><T1/><D1/><U27/><E103/><V85/><F126/><W109/><G82/><T95/><D6/><U63/><E25/><V59/><F0/><W119/><G119/><T53/><D43/><U125/><E125/><V71/><F71/><W32/><G32/><T91/><AGARI ba="0,0" hai="17,23,24,42,44,48,53,55,86,91,95,96,97,99" machi="91" ten="30,4000,0" yaku="0,1,8,1,52,1" doraHai="80" who="0" fromWho="0" sc="237,40,224,-10,225,-20,314,-10" /><INIT seed="3,0,0,5,4,86" ten="277,214,205,304" oya="3" hai0="81,59,40,93,66,80,16,99,41,62,50,107,35" hai1="97,82,96,26,6,42,125,83,48,5,24,51,7" hai2="64,90,12,100,105,128,115,73,135,76,30,14,38" hai3="95,20,43,118,1,84,52,131,29,37,28,77,45"/><W4/><G118/><T60/><D107/><U32/><E125/><V3/><F115/><W123/><G123/><T113/><D113/><U21/><E32/><V44/><F3/><W49/><G1/><T133/><D133/><U15/><E15/><V67/><F135/><W79/><G4/><T56/><D35/><U110/><E110/><V2/><F2/><W122/><G122/><T23/><D80/><N who="1" m="30763" /><E42/><V116/><F116/><W31/><G131/><T89/><D81/><U55/><E24/><V22/><F73/><W46/><G20/><T88/><D89/><U9/><E9/><V53/><F76/><W117/><G117/><T69/><D69/><U120/><E120/><V11/><F128/><W85/><G85/><T61/><D50/><N who="1" m="18987" /><E55/><V18/><F38/><W101/><G84/><T91/><D91/><U78/><E78/><V72/><F72/><W129/><G129/><T112/><D112/><U124/><E124/><V57/><F44/><W121/><G121/><T33/><D33/><U39/><E39/><V63/><F30/><AGARI ba="0,0" hai="5,6,7,21,26,30,96,97" m="18987,30763" machi="30" ten="30,1000,0" yaku="8,1" doraHai="86" who="1" fromWho="2" sc="277,0,214,10,205,-10,304,0" owari="277,7.7,224,-17.6,195,-30.5,304,40.4" /></mjloggm>