<mjloggm ver="2.3"><GO type="225" lobby="0"/><UN n0="%E3%81%BF%E3%81%BF%E3%81%9A" n1="%E3%83%8F%E3%83%B3%E3%83%89%E3%83%A9%E3%83%BC%E3%83%BB%E3%83%AF%E3%83%B3" n2="%E9%A6%AC%E5%BC%95%E7%81%AB%33" n3="%E7%99%BD%E5%80%89%E5%AF%9B%E4%B9%8B" dan="17,17,16,16" rate="2204.38,2201.34,2122.50,2171.07" sx="M,M,M,M"/><TAIKYOKU oya="0"/><INIT seed="0,0,0,0,3,126" ten="250,250,250,250" oya="0" hai0="96,105,127,72,89,19,28,90,76,24,15,18,42" hai1="60,31,2,75,13,97,39,84,81,73,58,102,64" hai2="95,134,23,109,117,129,119,91,33,113,125,35,86" hai3="100,46,120,10,55,69,79,123,12,7,93,135,8"/><T122/><D122/><U32/><E2/><V65/><F125/><W4/><G69/><T128/><D127/><U78/><E39/><V48/><F113/><W115/><G115/><T88/><D42/><U131/><E131/><V124/><F124/><W37/><G135/><T77/><D128/><U98/><E98/><V54/><F134/><W44/><G79/><T66/><D66/><U26/><REACH who="1" step="1"/><E13/><REACH who="1" ten="250,240,250,250" step="2"/><V36/><F129/><W40/><G123/><T85/><D96/><U50/><E50/><V20/><F36/><W132/><G120/><T99/><D99/><U51/><E51/><V17/><F109/><W27/><G12/><T87/><D105/><AGARI ba="0,1" hai="26,31,32,58,60,64,73,75,78,81,84,97,102,105" machi="105" ten="30,2000,0" yaku="1,1,7,1,53,0" doraHai="126" doraHaiUra="70" who="1" fromWho="0" sc="250,-20,240,30,250,0,250,0" /><INIT seed="1,0,0,3,1,18" ten="230,270,250,250" oya="1" hai0="113,75,120,105,129,115,23,48,100,107,97,5,1" hai1="33,7,85,106,63,126,135,128,64,60,82,117,70" hai2="74,83,76,38,25,118,59,56,27,101,3,13,6" hai3="90,127,94,0,19,12,125,52,123,42,81,40,9"/><U84/><E117/><V121/><F121/><W57/><G123/><T96/><D120/><U4/><E33/><V28/><F118/><W86/><G0/><T72/><D48/><U30/><E106/><V43/><F13/><W37/><G81/><T11/><D129/><U87/><E128/><V20/><F101/><W130/><G130/><T54/><D54/><U34/><E126/><N who="3" m="48138" /><G37/><T41/><D41/><U78/><E135/><V77/><F77/><W29/><G29/><T102/><REACH who="0" step="1"/><D23/><REACH who="0" ten="220,270,250,250" step="2"/><U35/><E35/><V68/><F43/><W133/><G133/><T116/><D116/><U65/><E34/><V50/><F50/><AGARI ba="0,1" hai="9,12,19,40,42,50,52,57,86,90,94" m="48138" machi="50" ten="30,2000,0" yaku="18,1,54,1" doraHai="18" who="3" fromWho="2" sc="220,0,270,0,250,-20,250,30" /><INIT seed="2,0,0,3,2,47" ten="220,270,230,280" oya="2" hai0="18,62,103,20,56,114,111,5,40,126,130,78,88" hai1="30,102,25,101,100,104,45,38,119,7,108,86,93" hai2="84,34,74,81,9,121,16,12,24,69,1,70,106" hai3="67,90,58,61,50,94,110,43,0,72,2,112,60"/><V92/><F121/><W54/><G72/><T59/><D114/><U76/><E119/><V14/><F106/><W63/><G112/><T26/><D111/><U32/><E108/><V117/><F117/><W3/><G110/><T46/><D126/><U133/><E133/><V118/><F118/><W15/><G43/><T49/><D130/><U64/><E7/><V11/><F1/><W33/><G33/><T8/><D103/><U66/><E104/><V57/><F74/><W28/><G28/><T21/><D78/><U134/><E134/><V80/><F92/><W125/><G125/><T71/><D21/><U123/><E123/><V19/><F57/><W89/><G15/><T51/><D71/><U10/><E10/><V39/><F39/><W41/><G41/><T116/><D116/><U127/><E127/><V99/><F99/><W77/><G77/><T97/><D62/><U120/><E120/><V122/><F122/><W128/><G128/><T53/><D59/><U73/><E73/><V107/><F107/><W52/><G54/><T36/><D36/><U4/><E4/><V115/><F115/><W29/><G29/><T79/><D79/><U129/><E129/><V96/><F96/><W131/><G131/><T109/><D109/><U23/><E32/><V42/><F42/><W91/><REACH who="3" step="1"/><G94/><REACH who="3" ten="220,270,230,270" step="2"/><N who="0" m="56519" /><D5/><U48/><E38/><V27/><F34/><W98/><G98/><T37/><D37/><U95/><E95/><V135/><F135/><W113/><G113/><T35/><D35/><U132/><E132/><V105/><F105/><W13/><G13/><T44/><D8/><RYUUKYOKU ba="0,1" sc="220,10,270,-30,230,10,270,10" hai0="18,20,26,40,44,46,49,51,53,56" hai2="9,11,12,14,16,19,24,27,69,70,80,81,84" hai3="0,2,3,50,52,58,60,61,63,67,89,90,91" /><INIT seed="2,1,1,0,0,129" ten="230,240,240,280" oya="2" hai0="23,71,93,111,46,35,39,40,119,38,96,72,94" hai1="20,14,131,84,114,78,45,2,64,132,43,59,6" hai2="109,68,101,133,98,29,110,0,97,26,57,74,9" hai3="127,31,13,58,50,7,125,87,102,120,89,122,3"/><V95/><F68/><W67/><G3/><T88/><D35/><U113/><E2/><V62/><F74/><W115/><G115/><T56/><D71/><U4/><E131/><V65/><F98/><W5/><G102/><T77/><D111/><N who="2" m="42506" /><F133/><W73/><G31/><T126/><D126/><N who="3" m="48137" /><G73/><T11/><D119/><U61/><E132/><V108/><N who="2" m="42514" /><V48/><DORA hai="106" /><F48/><W22/><G22/><T34/><D34/><U42/><E114/><V90/><F90/><W83/><G50/><T52/><D39/><U54/><E113/><V55/><F55/><W25/><G25/><T8/><D94/><U81/><E54/><V75/><F75/><W63/><G13/><T79/><D23/><U86/><E86/><V117/><F117/><W82/><G82/><T21/><D21/><U24/><E14/><V1/><F9/><W91/><G91/><T66/><D66/><U105/><E105/><V41/><F41/><W118/><G118/><T121/><D121/><AGARI ba="1,1" hai="5,7,58,63,67,83,87,89,120,121,122" m="48137" machi="121" ten="30,1000,0" yaku="18,1" doraHai="129,106" who="3" fromWho="0" sc="230,-13,240,0,240,0,280,23" /><INIT seed="3,0,0,2,4,47" ten="217,240,240,303" oya="3" hai0="133,66,104,111,2,22,9,43,78,70,122,0,4" hai1="114,38,108,68,57,126,42,85,59,125,87,128,10" hai2="75,99,100,69,74,96,109,34,53,117,28,119,25" hai3="129,18,90,120,84,113,116,77,6,92,102,135,32"/><W60/><G32/><T73/><D122/><U21/><E114/><V79/><F109/><W83/><G120/><T56/><D56/><N who="1" m="21579" /><E68/><V13/><F13/><W94/><G113/><T101/><D111/><U33/><E33/><N who="2" m="20623" /><F53/><W98/><G116/><N who="2" m="44617" /><F99/><W24/><G60/><T80/><D22/><U31/><E108/><V93/><F93/><W82/><G6/><T112/><D112/><U46/><E10/><V132/><F79/><W40/><G77/><T131/><D43/><U23/><E128/><V86/><F86/><N who="1" m="32777" /><E31/><V88/><F74/><W50/><G129/><T55/><D131/><U12/><E12/><V81/><F75/><W1/><G1/><N who="0" m="143" /><D55/><U27/><E27/><V62/><F69/><W11/><G11/><T16/><D16/><U115/><E115/><V26/><F26/><W30/><G30/><T49/><D49/><U124/><AGARI ba="0,0" hai="21,23,38,42,46,124,125,126" m="32777,21579" machi="124" ten="40,1500,0" yaku="18,1" doraHai="47" who="1" fromWho="1" sc="217,-4,240,15,240,-4,303,-7" /><INIT seed="4,0,0,3,0,70" ten="213,255,236,296" oya="0" hai0="51,115,49,92,21,29,76,11,28,50,125,128,127" hai1="37,108,133,16,15,122,17,103,69,95,10,48,116" hai2="104,110,75,7,90,2,121,80,46,84,60,78,73" hai3="26,132,23,68,102,4,111,99,64,55,18,59,130"/><T43/><D115/><U134/><E108/><V79/><F110/><W98/><G111/><T105/><D105/><U88/><E116/><V33/><F33/><W83/><G130/><T31/><D128/><U25/><E122/><V66/><F121/><W87/><G132/><N who="1" m="50794" /><E69/><V91/><F104/><W39/><G39/><T67/><D67/><U1/><E1/><V27/><F27/><W47/><G68/><T53/><D76/><U129/><E129/><V61/><F46/><W101/><G4/><T89/><D11/><U58/><E103/><N who="3" m="39434" /><G47/><T41/><D21/><N who="1" m="13479" /><E37/><V124/><F124/><N who="0" m="47690" /><D53/><N who="1" m="32039" /><E95/><V82/><F66/><W97/><G64/><T100/><D100/><U32/><E32/><V35/><F35/><W117/><G117/><T96/><AGARI ba="0,0" hai="28,29,31,41,43,49,50,51,89,92,96" m="47690" machi="96" ten="40,2100,0" yaku="18,1" doraHai="70" who="0" fromWho="0" sc="213,21,255,-7,236,-7,296,-7" /><INIT seed="4,1,0,3,4,50" ten="234,248,229,289" oya="0" hai0="8,98,22,82,6,121,76,89,126,39,107,68,96" hai1="91,52,36,72,28,123,18,3,59,122,21,74,7" hai2="19,38,0,17,46,31,9,32,110,20,118,87,67" hai3="11,27,86,119,80,101,41,23,125,33,2,92,49"/><T117/><D121/><U16/><E36/><V108/><F67/><W128/><G33/><T133/><D117/><U61/><E74/><V45/><F118/><W77/><G119/><T43/><D68/><U75/><E75/><V34/><F87/><W25/><G125/><T30/><D126/><U120/><E72/><V40/><F46/><N who="3" m="25807" /><G2/><T90/><D133/><U69/><E69/><V99/><F99/><N who="0" m="37930" /><D107/><U63/><E91/><N who="0" m="34825" /><D39/><U135/><E135/><V83/><F83/><W12/><G128/><T113/><D113/><U47/><E3/><V51/><F38/><W78/><G92/><T24/><D43/><U88/><E122/><V13/><F34/><W100/><G78/><T103/><D103/><N who="3" m="39497" /><G23/><T10/><D6/><AGARI ba="1,0" hai="6,11,12,25,27,77,80,86" m="39497,25807" machi="6" ten="30,2000,0" yaku="25,1,8,1" doraHai="50" who="3" fromWho="0" sc="234,-23,248,0,229,0,289,23" owari="211,-28.9,248,4.8,229,-17.1,312,41.2" /></mjloggm>