<mjloggm ver="2.3"><GO type="225" lobby="0"/><UN n0="%E3%81%BE%E3%81%A8%E3%81%9F" n1="%E9%A6%AC%E5%BC%95%E7%81%AB%33" n2="%E6%98%93%E5%88%A9%E8%96%A9%E4%BC%AF" n3="%E3%81%AF%E3%82%88%E3%81%8A%E3%81%98%E3%81%95%E3%82%93" dan="16,16,17,17" rate="2101.88,2141.48,2152.23,2130.67" sx="M,M,F,M"/><TAIKYOKU oya="0"/><INIT seed="0,0,0,2,4,127" ten="250,250,250,250" oya="0" hai0="87,26,58,62,119,19,14,12,100,60,73,64,99" hai1="125,48,49,135,114,36,38,126,82,15,5,50,112" hai2="133,94,71,116,9,86,21,74,132,63,24,10,8" hai3="4,104,0,55,69,83,7,54,102,81,128,91,1"/><T28/><D73/><U70/><E82/><V93/><F74/><W85/><G69/><T113/><D113/><N who="1" m="43627" /><E5/><V97/><F116/><W123/><G102/><T65/><D87/><U25/><E25/><V115/><F115/><W42/><G42/><T84/><D84/><U35/><E15/><V22/><F86/><W80/><G85/><T131/><D131/><U95/><E35/><V29/><F22/><W122/><G104/><T20/><D19/><U40/><E95/><V3/><F3/><W47/><G47/><T106/><REACH who="0" step="1"/><D119/><REACH who="0" ten="240,250,250,250" step="2"/><U51/><E135/><N who="2" m="51787" /><F97/><W34/><G81/><T46/><D46/><N who="1" m="25671" /><E70/><AGARI ba="0,1" hai="12,14,20,26,28,58,60,62,64,65,70,99,100,106" machi="70" ten="30,11600,0" yaku="1,1,7,1,53,2" doraHai="127" doraHaiUra="56" who="0" fromWho="1" sc="240,126,250,-116,250,0,250,0" /><INIT seed="0,1,0,3,1,110" ten="366,134,250,250" oya="0" hai0="79,1,134,15,45,41,99,120,123,9,43,49,133" hai1="61,103,5,72,86,124,69,11,114,53,47,12,106" hai2="127,51,4,63,70,59,78,89,6,29,44,105,26" hai3="73,67,84,60,85,101,129,91,118,25,62,88,58"/><T52/><D1/><U98/><E124/><V65/><F105/><W22/><G118/><T39/><D79/><U48/><E72/><V107/><F107/><W7/><G73/><T18/><D99/><U21/><E69/><V35/><F127/><W71/><G129/><T115/><D115/><U104/><E104/><V34/><F34/><W96/><G7/><T100/><D100/><U46/><E61/><V121/><F121/><W82/><G101/><T108/><D108/><U76/><E21/><V116/><F78/><W23/><G96/><T30/><D30/><U111/><E111/><V75/><F70/><W80/><REACH who="3" step="1"/><G25/><REACH who="3" ten="366,134,250,240" step="2"/><T2/><D120/><U40/><E114/><V74/><F116/><W14/><G14/><T117/><D123/><U97/><E97/><V135/><F74/><W24/><G24/><T92/><D117/><U94/><E106/><V122/><F122/><W54/><AGARI ba="1,1" hai="22,23,54,58,60,62,67,71,80,82,84,85,88,91" machi="54" ten="20,8000,1" yaku="1,1,0,1,7,1,9,1,54,1,53,0" doraHai="110" doraHaiUra="112" who="3" fromWho="3" sc="366,-41,134,-21,250,-21,240,93" /><INIT seed="1,0,0,4,3,95" ten="325,113,229,333" oya="1" hai0="28,9,93,125,1,77,0,14,19,71,91,66,23" hai1="21,8,61,67,131,73,63,116,15,65,130,39,134" hai2="22,24,33,106,123,86,11,52,48,80,118,84,100" hai3="79,5,54,128,111,42,113,36,13,68,6,50,124"/><U88/><E116/><V51/><F118/><W89/><G113/><T82/><D71/><U121/><E121/><V4/><F33/><W60/><G111/><T30/><D66/><N who="1" m="25099" /><E73/><V85/><F51/><W55/><G60/><N who="1" m="23114" /><E39/><V56/><F123/><W99/><G68/><T105/><D105/><U119/><E119/><V78/><F100/><W69/><G69/><T114/><D125/><U98/><E21/><V81/><F106/><W102/><G36/><T96/><D114/><U62/><N who="1" m="23122" /><U70/><DORA hai="17" /><E70/><V49/><F49/><W2/><G2/><T35/><D35/><U115/><E115/><V29/><REACH who="2" step="1"/><F80/><REACH who="2" ten="325,113,219,333" step="2"/><W32/><G50/><T12/><D0/><AGARI ba="0,1" hai="0,4,11,22,24,29,48,52,56,78,81,84,85,86" machi="0" ten="30,8000,1" yaku="1,1,2,1,7,1,52,1,54,1,53,0" doraHai="95,17" doraHaiUra="107,92" who="2" fromWho="0" sc="325,-80,113,0,219,90,333,0" /><INIT seed="2,0,0,0,1,8" ten="245,113,309,333" oya="2" hai0="121,42,44,79,67,22,49,53,13,19,94,36,1" hai1="47,82,3,95,31,105,119,129,89,41,55,64,99" hai2="4,107,115,97,30,59,56,54,75,28,113,37,23" hai3="70,26,77,134,71,33,118,96,32,20,35,61,39"/><V43/><F75/><W126/><G118/><T76/><D121/><U81/><E119/><V15/><F59/><W131/><G39/><T93/><D1/><U92/><E129/><V116/><F116/><W18/><G131/><T51/><D36/><U111/><E111/><V98/><F37/><W87/><G126/><T25/><D67/><U123/><E123/><V86/><F43/><W63/><G134/><T120/><D120/><U106/><E3/><V90/><F107/><N who="1" m="40969" /><E31/><N who="2" m="11819" /><F115/><W21/><G96/><T109/><D109/><U74/><E55/><V17/><F4/><W124/><G124/><T16/><D79/><N who="1" m="44279" /><E47/><V83/><F113/><W62/><G87/><T66/><D76/><U9/><E64/><V48/><AGARI ba="0,0" hai="15,17,23,48,54,56,83,86,90,97,98" m="11819" machi="48" ten="30,3000,0" yaku="8,1,52,1" doraHai="8" who="2" fromWho="2" sc="245,-10,113,-10,309,30,333,-10" /><INIT seed="2,1,0,0,2,38" ten="235,103,339,323" oya="2" hai0="43,79,25,62,10,132,20,124,70,45,125,92,90" hai1="18,130,49,121,71,56,106,23,84,46,11,118,105" hai2="115,44,100,111,88,8,135,102,58,69,87,30,103" hai3="40,17,41,65,13,123,12,53,128,134,74,114,60"/><V28/><F115/><W33/><G123/><T31/><D132/><U116/><E71/><V99/><F69/><W120/><G120/><T21/><D79/><U0/><E121/><V119/><F119/><W63/><G74/><T98/><D10/><U77/><E130/><V15/><F99/><W78/><G33/><T108/><D108/><U107/><E56/><V96/><F96/><W37/><G37/><T22/><D62/><N who="3" m="23593" /><G134/><T101/><D70/><U16/><E18/><V89/><F111/><W4/><G128/><T94/><D124/><U19/><E19/><V61/><F44/><W91/><G78/><T126/><D125/><U76/><E76/><V48/><F48/><W86/><G65/><T93/><D126/><U50/><E50/><V26/><F135/><W9/><G53/><T36/><REACH who="0" step="1"/><D90/><REACH who="0" ten="225,103,339,323" step="2"/><U5/><E84/><V55/><F89/><W35/><G114/><T6/><D6/><U32/><E32/><AGARI ba="1,1" hai="20,21,22,25,31,32,36,43,45,92,93,94,98,101" machi="32" ten="40,2600,0" yaku="1,1,52,1,53,0" doraHai="38" doraHaiUra="110" who="0" fromWho="1" sc="225,39,103,-29,339,0,323,0" /><INIT seed="3,0,0,3,5,37" ten="264,74,339,323" oya="3" hai0="51,92,90,6,101,42,57,52,50,98,64,123,41" hai1="43,71,2,45,26,35,11,38,93,109,96,135,69" hai2="7,120,31,5,128,97,65,132,21,105,110,88,130" hai3="12,16,99,55,54,77,73,46,30,107,25,75,111"/><W67/><G111/><T76/><D123/><U124/><E109/><V27/><F110/><W72/><G77/><T18/><D76/><U8/><E93/><N who="2" m="56487" /><F105/><W81/><G81/><T17/><D6/><U29/><E11/><V23/><F120/><W66/><G107/><T121/><D121/><U28/><E124/><V122/><F122/><W95/><G73/><T80/><D64/><N who="3" m="24617" /><G75/><T19/><D50/><U53/><E53/><N who="3" m="19978" /><G72/><T60/><D51/><U14/><E14/><V24/><F132/><W32/><G32/><T9/><D9/><U0/><E135/><V36/><F36/><W85/><G46/><T94/><D80/><U22/><E22/><V59/><F130/><W79/><G79/><T112/><D112/><U91/><E91/><V13/><F13/><W113/><G113/><T61/><D61/><U102/><E29/><N who="2" m="17551" /><F128/><W114/><G114/><T83/><D83/><U108/><E108/><V115/><F115/><W106/><G106/><T126/><D126/><U119/><E119/><V70/><F70/><W86/><G25/><T74/><D74/><U34/><E34/><V20/><F20/><N who="3" m="11271" /><G30/><T40/><D19/><U58/><E58/><V87/><F87/><AGARI ba="0,0" hai="17,18,40,41,42,52,57,60,87,90,92,94,98,101" machi="87" ten="40,8000,1" yaku="8,1,52,3,54,1" doraHai="37" who="0" fromWho="2" sc="264,80,74,0,339,-80,323,0" owari="344,44.4,74,-42.6,259,-14.1,323,12.3" /></mjloggm>