<mjloggm ver="2.3"><GO type="225" lobby="0"/><UN n0="%E6%9C%88%E5%B3%B6%E5%9F%BA" n1="%E6%97%A5%E6%9B%9C%E6%97%A5%E3%82%88%E3%82%8A%E3%81%AE%E4%BD%BF%E8%80%85" n2="%E3%80%93%E3%81%97%E3%83%BC%E3%82%89%E3%80%93" n3="%E5%91%A8%E6%9D%B1" dan="16,16,16,17" rate="2060.24,2151.87,2195.31,2224.46" sx="M,M,M,M"/><TAIKYOKU oya="0"/><INIT seed="0,0,0,1,0,36" ten="250,250,250,250" oya="0" hai0="61,119,10,122,99,87,15,27,115,89,128,8,44" hai1="52,107,62,34,32,118,64,39,20,54,45,38,114" hai2="53,42,48,77,108,66,41,19,80,120,30,110,100" hai3="81,65,35,28,43,124,4,3,6,79,105,31,74"/><T49/><D115/><U50/><E118/><V113/><F113/><W16/><G105/><T123/><D119/><U57/><E114/><V101/><F120/><W85/><G124/><T25/><D128/><U59/><E107/><V84/><F66/><W23/><G65/><T70/><D70/><N who="1" m="42263" /><E20/><V131/><F30/><N who="3" m="11307" /><G3/><T2/><D61/><N who="1" m="36007" /><E32/><V13/><F131/><W97/><G74/><T121/><D99/><U82/><E82/><V125/><F125/><W126/><G126/><T102/><D102/><N who="2" m="39530" /><F110/><W83/><G83/><T129/><D2/><U12/><E12/><V130/><F108/><W94/><G43/><T37/><D37/><N who="1" m="13835" /><E34/><V24/><F24/><N who="3" m="14439" /><G35/><T106/><D129/><U58/><AGARI ba="0,0" hai="45,50,54,58,59" m="13835,36007,42263" machi="58" ten="30,12000,2" yaku="35,5,54,1" doraHai="36" who="1" fromWho="1" sc="250,-60,250,120,250,-30,250,-30" /><INIT seed="1,0,0,0,5,103" ten="190,370,220,220" oya="1" hai0="77,48,116,33,29,63,101,121,80,125,52,10,76" hai1="128,12,85,122,78,74,119,51,54,120,92,102,132" hai2="19,6,93,130,28,21,55,114,96,118,3,124,73" hai3="79,87,14,108,97,44,123,104,27,35,133,81,18"/><U99/><E119/><V64/><F73/><W90/><G123/><T26/><D121/><U8/><E74/><V100/><F118/><W66/><G133/><T106/><D116/><U126/><E132/><V39/><F39/><W129/><G129/><T34/><D125/><U71/><E71/><V15/><F124/><W56/><G108/><T11/><D34/><U45/><E126/><V20/><F130/><W30/><G44/><T9/><D63/><U37/><E37/><V46/><F114/><W53/><G66/><T110/><D110/><U86/><E128/><V111/><F111/><W112/><G112/><T58/><REACH who="0" step="1"/><D80/><REACH who="0" ten="180,370,220,220" step="2"/><U105/><E122/><V127/><F127/><W24/><G35/><T62/><D62/><U57/><E120/><V131/><F131/><W42/><G81/><T134/><D134/><U94/><E78/><V41/><F64/><W115/><G79/><T17/><D17/><U31/><E31/><V107/><F28/><W88/><G30/><T60/><D60/><U32/><E32/><V5/><F19/><W16/><G16/><T22/><D22/><U113/><E113/><V68/><F21/><W89/><G18/><T117/><D117/><U7/><E8/><V23/><F20/><W135/><G135/><T40/><D40/><U47/><E7/><V43/><F23/><W109/><G42/><T95/><D95/><U50/><E94/><V0/><F93/><W98/><G109/><T1/><D1/><U2/><E92/><V13/><F3/><W65/><G115/><T69/><D69/><U84/><E2/><V70/><F0/><RYUUKYOKU ba="0,1" sc="180,30,370,-10,220,-10,220,-10" hai0="9,10,11,26,29,33,48,52,58,76,77,101,106" /><INIT seed="2,1,1,4,0,119" ten="210,360,210,210" oya="2" hai0="34,67,47,116,118,63,51,94,76,39,13,55,68" hai1="96,89,133,40,57,4,49,111,15,79,69,102,11" hai2="126,135,10,97,30,93,45,117,2,82,19,114,99" hai3="42,31,110,38,41,9,104,37,113,23,64,0,5"/><V98/><F117/><N who="0" m="45162" /><D34/><U130/><E69/><V27/><F114/><W123/><G113/><T131/><D131/><U32/><E32/><V101/><F126/><W91/><G104/><T72/><D39/><U17/><E79/><V120/><F135/><W54/><G110/><T56/><D94/><U1/><E111/><V121/><F82/><W59/><G64/><T127/><D127/><U132/><E89/><V8/><F45/><W18/><G31/><T36/><D13/><U43/><E130/><V16/><F98/><W134/><G134/><N who="1" m="51818" /><E57/><V14/><F99/><W108/><G108/><T21/><D21/><N who="1" m="11455" /><E49/><V92/><F92/><AGARI ba="1,1" hai="1,4,11,40,43,92,96,102" m="11455,51818" machi="92" ten="30,1000,0" yaku="20,1" doraHai="119" who="1" fromWho="2" sc="210,0,360,23,210,-13,210,0" /><INIT seed="3,0,0,1,2,90" ten="210,383,197,210" oya="3" hai0="105,23,37,56,126,116,42,52,8,9,88,26,43" hai1="15,79,2,61,106,25,77,68,30,41,32,78,89" hai2="21,87,40,81,16,38,46,65,45,62,133,36,71" hai3="117,51,107,85,34,97,108,69,130,109,76,120,101"/><W14/><G120/><T60/><D116/><U27/><E2/><V47/><F133/><W4/><G69/><T82/><D105/><U3/><E3/><V13/><F38/><W131/><G34/><T29/><D126/><U100/><E41/><N who="0" m="15369" /><D37/><U102/><E27/><V35/><F35/><W114/><G51/><T19/><D29/><U110/><E110/><N who="3" m="42602" /><G4/><T123/><D123/><U83/><E68/><V59/><F71/><W93/><G14/><T135/><D135/><U66/><E15/><V132/><F132/><W55/><G55/><T95/><D82/><U17/><E83/><V64/><F64/><W20/><G20/><T92/><D92/><U113/><E66/><V70/><F70/><W122/><G122/><T44/><D44/><U98/><E32/><V31/><F31/><W54/><G54/><T118/><D118/><U84/><E30/><V86/><F86/><AGARI ba="0,0" hai="8,9,19,23,26,52,56,60,86,88,95" m="15369" machi="86" ten="30,7700,0" yaku="8,1,52,1,54,2" doraHai="90" who="0" fromWho="2" sc="210,77,383,0,197,-77,210,0" owari="287,8.7,383,48.3,120,-38.0,210,-19.0" /></mjloggm>