<mjloggm ver="2.3"><GO type="225" lobby="0"/><UN n0="%E5%91%A8%E6%9D%B1" n1="%E3%83%A9%E3%82%B9%E7%8E%87%EF%BC%93%E5%89%B2" n2="%E5%A4%8F%E9%88%B4%E9%88%B4%E5%A4%8F" n3="%E3%83%96%E3%83%83%E3%83%91%E3%82%AA%E3%83%96%E3%83%81%E3%82%AD%E3%83%B3" dan="17,16,16,16" rate="2188.03,2190.88,2116.05,2113.12" sx="M,F,F,M"/><TAIKYOKU oya="0"/><INIT seed="0,0,0,5,5,44" ten="250,250,250,250" oya="0" hai0="43,38,65,82,109,100,45,75,31,17,104,10,118" hai1="111,92,11,62,52,84,91,76,70,33,36,54,57" hai2="135,9,15,25,101,123,40,86,89,96,37,97,125" hai3="49,64,66,122,83,34,108,7,115,69,78,60,0"/><T98/><D118/><U13/><E111/><V114/><F123/><W30/><G115/><T87/><D109/><U53/><E36/><V85/><F114/><W130/><G108/><T79/><D31/><U134/><E134/><V48/><F37/><W55/><G122/><T1/><D65/><U63/><E33/><V99/><F125/><W107/><G130/><T94/><D17/><U8/><E70/><V27/><F135/><W51/><G66/><T35/><D35/><U117/><E117/><V26/><F101/><W133/><G133/><T93/><REACH who="0" step="1"/><D87/><REACH who="0" ten="240,250,250,250" step="2"/><U67/><E62/><V24/><N who="2" m="6144" /><DORA hai="32" /><V4/><F89/><W72/><G34/><T50/><D50/><U16/><REACH who="1" step="1"/><E76/><REACH who="1" ten="240,240,250,250" step="2"/><V56/><REACH who="2" step="1"/><F40/><REACH who="2" ten="240,240,240,250" step="2"/><W14/><G78/><T2/><D2/><U12/><E12/><V58/><F58/><W74/><G14/><T28/><D28/><U119/><E119/><V20/><F20/><AGARI ba="0,3" hai="8,11,13,16,20,52,53,54,57,63,67,84,91,92" machi="20" ten="40,8000,1" yaku="1,1,8,1,54,2,53,0" doraHai="44,32" doraHaiUra="29,105" who="1" fromWho="2" sc="240,0,240,110,240,-80,250,0" /><INIT seed="1,0,0,5,2,65" ten="240,350,160,250" oya="1" hai0="45,51,57,23,56,7,91,58,97,71,0,4,20" hai1="31,89,114,11,117,15,106,72,29,105,123,24,100" hai2="61,26,2,39,34,93,3,37,119,73,82,63,38" hai3="33,14,94,78,96,80,43,19,10,116,104,32,30"/><U87/><E72/><V48/><F119/><W21/><G116/><T41/><D71/><U49/><E117/><V17/><F93/><W74/><G104/><T92/><REACH who="0" step="1"/><D0/><REACH who="0" ten="230,350,160,250" step="2"/><U54/><E114/><V50/><F2/><W9/><G43/><T47/><D47/><U66/><E123/><V79/><F3/><W1/><G1/><T55/><D55/><U122/><E122/><V35/><F17/><W102/><REACH who="3" step="1"/><G30/><REACH who="3" ten="230,350,160,240" step="2"/><T85/><D85/><U27/><E29/><V13/><F13/><W111/><G111/><T124/><D124/><U12/><E31/><V127/><F127/><W109/><G109/><T113/><D113/><U18/><E15/><V60/><REACH who="2" step="1"/><F26/><REACH who="2" ten="230,350,150,240" step="2"/><W62/><G62/><T83/><D83/><U59/><E24/><V133/><F133/><W28/><G28/><T126/><D126/><U84/><E27/><V103/><F103/><W129/><G129/><T131/><D131/><U44/><E100/><V115/><F115/><W86/><G86/><T6/><AGARI ba="0,3" hai="4,6,7,20,23,41,45,51,56,57,58,91,92,97" machi="6" ten="30,4000,0" yaku="1,1,0,1,8,1,53,0" doraHai="65" doraHaiUra="64" who="0" fromWho="0" sc="230,70,350,-20,150,-10,240,-10" /><INIT seed="2,0,0,2,5,32" ten="300,330,140,230" oya="2" hai0="22,69,9,58,64,0,65,126,23,90,61,89,42" hai1="8,135,34,66,59,81,95,118,130,107,127,50,54" hai2="20,102,63,14,88,46,115,30,57,94,101,62,60" hai3="21,12,114,83,15,16,45,110,2,3,99,31,106"/><V132/><F115/><W109/><G45/><T87/><D126/><U7/><E107/><V13/><F132/><W73/><G114/><T121/><D121/><U97/><E34/><V38/><F57/><W76/><G31/><T79/><D79/><U44/><E118/><V112/><F112/><W49/><G49/><T117/><D117/><U41/><E130/><V103/><F46/><W125/><G125/><T39/><D42/><U11/><E135/><V91/><F38/><W123/><G123/><T104/><D104/><U51/><E127/><V134/><F134/><W37/><G15/><T40/><D40/><U25/><E25/><V4/><F4/><W24/><G24/><T27/><D39/><U36/><E36/><V72/><F72/><W18/><G18/><T19/><D23/><U111/><E111/><N who="3" m="42506" /><G37/><T35/><D35/><U17/><E17/><V71/><F71/><W26/><G26/><T67/><D69/><U78/><E66/><V70/><F70/><W68/><G68/><T116/><D116/><U48/><E51/><V29/><F20/><W82/><G82/><T93/><REACH who="0" step="1"/><D90/><REACH who="0" ten="290,330,140,230" step="2"/><N who="2" m="34346" /><F94/><W124/><G124/><T77/><D77/><U5/><E78/><V128/><F128/><W85/><G73/><T52/><D52/><U108/><E108/><V96/><F96/><W10/><G21/><T100/><D100/><AGARI ba="0,1" hai="2,3,10,12,16,76,83,85,99,100,106" m="42506" machi="100" ten="30,7700,0" yaku="14,1,52,2,54,1" doraHai="32" who="3" fromWho="0" sc="290,-77,330,0,140,0,230,87" /><INIT seed="3,0,0,2,3,1" ten="213,330,140,317" oya="3" hai0="84,11,135,94,58,65,45,20,134,88,66,118,83" hai1="122,40,42,52,111,7,95,82,105,49,43,17,15" hai2="60,64,76,115,117,46,74,33,89,37,116,28,91" hai3="30,123,36,110,38,93,69,103,31,61,21,8,51"/><W55/><G123/><T73/><D118/><U14/><E105/><V13/><F115/><W0/><G110/><T132/><D20/><N who="1" m="11319" /><E122/><V78/><F13/><W101/><G0/><T24/><D24/><U99/><E82/><V124/><F124/><W39/><G8/><T34/><D34/><U81/><E81/><V48/><F37/><W71/><G21/><T56/><D45/><N who="1" m="27695" /><E111/><V131/><F131/><W41/><G93/><T26/><D26/><U128/><E128/><V90/><F28/><W29/><G41/><T72/><D11/><N who="1" m="4607" /><E42/><V47/><F33/><W63/><G51/><T3/><D3/><U86/><E86/><V12/><F74/><N who="0" m="28778" /><D83/><U22/><E22/><V85/><F12/><W35/><G35/><T59/><AGARI ba="0,0" hai="56,58,59,65,66,84,88,94,132,134,135" m="28778" machi="59" ten="40,2700,0" yaku="20,1,54,1" doraHai="1" who="0" fromWho="0" sc="213,27,330,-7,140,-7,317,-13" owari="240,-16.0,323,42.3,133,-36.7,304,10.4" /></mjloggm>