<mjloggm ver="2.3"><GO type="225" lobby="0"/><UN n0="%E4%BF%BA%E3%81%A8%E5%A6%96%E5%A4%A2" n1="%65%78%69%73%74%2D%79" n2="%E5%8F%AF%E5%85%90%E9%82%A3%E7%94%B1%E5%A4%9A" n3="%E3%83%96%E3%83%83%E3%83%91%E3%82%AA%E3%83%96%E3%83%81%E3%82%AD%E3%83%B3" dan="16,16,16,16" rate="2120.12,2096.27,2078.02,2173.25" sx="F,M,F,M"/><TAIKYOKU oya="0"/><INIT seed="0,0,0,1,0,87" ten="250,250,250,250" oya="0" hai0="9,92,28,110,71,77,102,37,55,50,46,131,94" hai1="12,109,35,128,135,114,122,33,3,60,119,121,89" hai2="44,95,100,116,63,129,14,19,76,1,85,74,80" hai3="83,108,51,93,17,4,73,118,96,59,10,48,113"/><T22/><D71/><U34/><E119/><V126/><F1/><W107/><G113/><T62/><D131/><U86/><E3/><V78/><F129/><W70/><G70/><T82/><D110/><U103/><E128/><V7/><F116/><W123/><G118/><T32/><D32/><U98/><E114/><V88/><F126/><W49/><G107/><T58/><D37/><U115/><E115/><V53/><F7/><W25/><G108/><T52/><D102/><U66/><E109/><V99/><F74/><W112/><G112/><T5/><D22/><U18/><E135/><V23/><F63/><W91/><G123/><T79/><D28/><U8/><E98/><V42/><REACH who="2" step="1"/><F53/><REACH who="2" ten="250,250,240,250" step="2"/><W81/><G73/><T101/><D101/><U15/><E103/><V57/><F57/><W36/><G59/><T120/><D120/><U64/><E121/><V133/><F133/><W24/><G36/><AGARI ba="0,1" hai="14,19,23,36,42,44,76,78,80,85,88,95,99,100" machi="36" ten="30,7700,0" yaku="1,1,7,1,52,1,54,1,53,0" doraHai="87" doraHaiUra="26" who="2" fromWho="3" sc="250,0,250,0,240,87,250,-77" /><INIT seed="1,0,0,3,4,68" ten="250,250,327,173" oya="1" hai0="109,92,30,16,97,55,49,119,37,85,52,125,82" hai1="71,47,102,121,96,46,88,114,13,107,126,70,98" hai2="24,22,20,23,127,63,45,118,53,14,21,120,8" hai3="93,86,38,3,40,106,6,80,78,83,74,129,73"/><U100/><E121/><V113/><F120/><W133/><G106/><T108/><D119/><U35/><E114/><V111/><F118/><W26/><G133/><T0/><D0/><U95/><E35/><V9/><F113/><W130/><G26/><T51/><D30/><U7/><E126/><V134/><F134/><W84/><G93/><T90/><D125/><U48/><E102/><V89/><F127/><W116/><G116/><T41/><D37/><U4/><E47/><V122/><F122/><W44/><G6/><T50/><D41/><U34/><E34/><V12/><F111/><N who="0" m="42570" /><D16/><U65/><E65/><V61/><F89/><AGARI ba="0,0" hai="49,50,51,52,55,82,85,89,90,92,97" m="42570" machi="89" ten="30,2000,0" yaku="14,1,54,1" doraHai="68" who="0" fromWho="2" sc="250,20,250,0,327,-20,173,0" /><INIT seed="2,0,0,5,5,48" ten="270,250,307,173" oya="2" hai0="113,108,26,76,70,77,2,85,114,44,95,128,50" hai1="33,47,11,109,104,17,65,60,38,36,34,91,30" hai2="74,57,3,107,99,116,121,81,51,13,0,134,25" hai3="20,8,1,55,19,82,129,133,126,31,102,118,92"/><V39/><F116/><W27/><G118/><T100/><D70/><U45/><E109/><V111/><F121/><W10/><G129/><T131/><D2/><U75/><E104/><V32/><F39/><W67/><G133/><T130/><D26/><U46/><E75/><V106/><F134/><W62/><G126/><T110/><D50/><U87/><E30/><V9/><F111/><N who="0" m="42538" /><D44/><U58/><E36/><V93/><F0/><W18/><G82/><N who="0" m="47303" /><D77/><U37/><E38/><V35/><F3/><W42/><G42/><T71/><D71/><U98/><E37/><V28/><F35/><W23/><G1/><T6/><D6/><U103/><E34/><V54/><F74/><W52/><G31/><T122/><D122/><U79/><E79/><V49/><F49/><W80/><G80/><T83/><D83/><N who="1" m="49663" /><E33/><V135/><F81/><W69/><G8/><T29/><D29/><U105/><E46/><V72/><F72/><W14/><REACH who="3" step="1"/><G10/><REACH who="3" ten="270,250,307,163" step="2"/><T115/><D115/><U12/><E11/><V127/><F127/><W24/><G24/><T59/><D113/><U78/><E12/><V68/><F135/><W90/><G90/><T40/><D114/><U43/><E43/><V120/><F120/><W119/><G119/><T112/><D112/><U15/><E15/><V61/><F13/><W123/><G123/><T4/><D40/><U94/><E78/><V89/><F9/><W22/><G22/><T96/><D4/><U84/><E103/><V63/><F28/><W86/><G86/><T124/><D124/><U132/><E84/><N who="2" m="52391" /><F25/><W41/><G41/><T97/><D97/><AGARI ba="0,1" hai="14,18,19,20,23,27,52,55,62,67,69,92,97,102" machi="97" ten="40,8000,1" yaku="1,1,6,1,52,2,54,1,53,0" doraHai="48" doraHaiUra="117" who="3" fromWho="0" sc="270,-80,250,0,307,0,163,90" /><INIT seed="3,0,0,5,4,131" ten="190,250,307,253" oya="3" hai0="45,38,134,83,19,75,67,116,103,5,30,18,105" hai1="35,21,6,85,22,31,70,104,111,95,39,88,130" hai2="37,68,118,8,48,32,110,66,119,76,124,7,84" hai3="47,108,72,50,125,63,17,24,117,3,41,86,102"/><W98/><G117/><T57/><D116/><U34/><E104/><V4/><F110/><W13/><G72/><T27/><D5/><U127/><E39/><V54/><F124/><W94/><G125/><T60/><D103/><U59/><E127/><V42/><F32/><W26/><G3/><T135/><D105/><U49/><E70/><V15/><F4/><W51/><G108/><T112/><D112/><U23/><E111/><V29/><F29/><W61/><G51/><T78/><D45/><U79/><E6/><V58/><F84/><W109/><G109/><T115/><D38/><U121/><E121/><V10/><F10/><W52/><G86/><T44/><D44/><U122/><E122/><V1/><F76/><W100/><G100/><T33/><REACH who="0" step="1"/><D115/><REACH who="0" ten="180,250,307,253" step="2"/><U71/><E130/><V92/><F119/><W77/><G77/><T11/><D11/><U129/><E79/><V120/><F118/><W81/><G81/><T16/><AGARI ba="0,1" hai="16,18,19,27,30,33,57,60,67,75,78,83,134,135" machi="16" ten="30,8000,1" yaku="1,1,0,1,52,2,54,1,53,0" doraHai="131" doraHaiUra="69" who="0" fromWho="0" sc="180,90,250,-20,307,-20,253,-40" /><INIT seed="4,0,0,2,1,99" ten="270,230,287,213" oya="0" hai0="89,71,73,119,16,51,93,82,7,74,125,124,12" hai1="3,56,120,50,102,106,133,46,15,62,32,117,36" hai2="10,35,70,113,107,108,105,22,94,81,39,100,29" hai3="41,17,8,53,13,14,61,19,76,31,64,49,55"/><T45/><D7/><U84/><E120/><V65/><F108/><W80/><G31/><T40/><D71/><U4/><E117/><V20/><F39/><W131/><G131/><T96/><D119/><U123/><E123/><V1/><F35/><W18/><G41/><T63/><D63/><U118/><E118/><V21/><F29/><W0/><G0/><T23/><D82/><U97/><E32/><V33/><F33/><W85/><G49/><T25/><D25/><U95/><E36/><V88/><F113/><W101/><G101/><T44/><D44/><U24/><E133/><V132/><F132/><W104/><G104/><T58/><D58/><U27/><E3/><V79/><F100/><W52/><REACH who="3" step="1"/><G8/><REACH who="3" ten="270,230,287,203" step="2"/><T121/><D121/><U47/><E106/><V77/><F107/><W86/><G86/><T112/><D112/><U91/><E84/><V5/><F105/><W11/><G11/><T126/><AGARI ba="0,1" hai="12,16,23,40,45,51,73,74,89,93,96,124,125,126" machi="126" ten="30,6000,0" yaku="0,1,18,1,54,1" doraHai="99" who="0" fromWho="0" sc="270,70,230,-20,287,-20,203,-20" owari="340,44.0,210,-19.0,267,6.7,183,-31.7" /></mjloggm>