<mjloggm ver="2.3"><GO type="225" lobby="0"/><UN n0="%E3%81%BE%E3%81%A8%E3%81%9F" n1="%E3%83%B4%E3%82%A3%E3%83%AF%E3%82%B3%E3%82%B0%E3%83%8B" n2="%E3%80%93%E3%81%97%E3%83%BC%E3%82%89%E3%80%93" n3="%E3%80%90%E3%83%88%E3%83%AA%E3%83%A5%E3%83%95%E3%80%91" dan="16,16,16,16" rate="2116.25,2221.02,2143.70,2131.78" sx="M,M,M,M"/><TAIKYOKU oya="0"/><INIT seed="0,0,0,5,1,30" ten="250,250,250,250" oya="0" hai0="54,84,83,131,86,47,87,12,71,70,106,26,17" hai1="120,107,109,8,97,62,88,105,39,121,5,57,51" hai2="85,11,96,101,0,95,50,93,25,126,80,115,75" hai3="2,14,13,79,21,118,7,132,33,99,6,74,65"/><T134/><D106/><U45/><E109/><V34/><F126/><W48/><G99/><T37/><D131/><U72/><E72/><V112/><F75/><W135/><G65/><T125/><D83/><U3/><E39/><V89/><F0/><W43/><G2/><T60/><D26/><U32/><E32/><V27/><F11/><W67/><G67/><T42/><D125/><U31/><E31/><V9/><F9/><N who="3" m="4279" /><G79/><T59/><REACH who="0" step="1"/><D134/><REACH who="0" ten="240,250,250,250" step="2"/><U18/><E107/><V23/><F80/><W90/><G132/><T92/><D92/><U41/><E105/><V36/><F27/><W69/><G135/><T122/><D122/><U10/><E121/><V81/><F81/><W56/><G74/><T52/><D52/><U91/><E120/><V133/><F133/><W76/><G76/><T49/><D49/><U123/><E123/><V119/><F50/><W22/><G48/><T102/><D102/><U35/><E51/><V68/><F95/><W104/><G104/><T111/><D111/><U24/><E24/><V94/><F94/><W63/><G90/><T64/><D64/><U117/><E91/><V98/><F93/><W116/><G116/><T108/><D108/><U20/><E117/><V1/><F119/><W114/><G118/><T103/><D103/><U61/><E88/><V110/><F89/><W66/><G66/><T55/><D55/><U44/><E97/><V78/><F98/><W28/><G28/><T82/><D82/><U4/><E45/><V128/><F96/><W46/><G114/><T100/><D100/><U130/><E44/><V38/><F112/><RYUUKYOKU ba="0,1" sc="240,30,250,-10,250,-10,250,-10" hai0="12,17,37,42,47,54,59,60,70,71,84,86,87" /><INIT seed="0,1,1,2,1,12" ten="270,240,240,240" oya="0" hai0="80,135,107,30,134,85,129,1,4,110,69,74,86" hai1="40,14,43,0,50,45,112,71,27,122,103,100,61" hai2="90,82,94,65,119,66,97,24,99,114,106,13,77" hai3="36,19,121,95,20,11,87,108,32,67,41,16,15"/><T47/><D69/><U76/><E122/><V22/><F114/><W120/><G108/><T84/><D107/><U48/><E0/><V126/><F126/><W6/><G32/><T17/><D30/><U44/><E112/><V58/><F119/><W79/><G67/><T59/><D129/><U60/><E76/><V35/><F35/><W39/><G19/><T118/><D118/><U81/><E81/><V54/><F13/><W72/><G95/><T73/><D110/><U28/><E14/><V18/><F99/><W111/><G111/><T88/><D17/><U29/><REACH who="1" step="1"/><E71/><REACH who="1" ten="270,230,240,240" step="2"/><V31/><F106/><W101/><G120/><T53/><D74/><U83/><E83/><V3/><F3/><W25/><G72/><T130/><D73/><U93/><E93/><V91/><F77/><W2/><G121/><T10/><D130/><U132/><E132/><N who="0" m="50729" /><D47/><U96/><E96/><V115/><F115/><W117/><G117/><T62/><AGARI ba="1,2" hai="1,4,10,53,59,62,80,84,85,86,88" m="50729" machi="62" ten="30,3000,0" yaku="20,1,54,1" doraHai="12" who="0" fromWho="0" sc="270,53,230,-11,240,-11,240,-11" /><INIT seed="0,2,0,2,0,79" ten="323,219,229,229" oya="0" hai0="30,23,134,32,62,93,20,90,16,72,22,49,19" hai1="24,28,14,85,99,122,109,9,35,110,25,77,104" hai2="34,39,4,111,67,102,43,78,118,124,71,108,123" hai3="38,131,6,57,117,27,61,55,96,115,101,46,89"/><T95/><D72/><U21/><E122/><V15/><F34/><W41/><G115/><T33/><D30/><U51/><E51/><V84/><F123/><W100/><G117/><T1/><D1/><U59/><E59/><V130/><F118/><W82/><G131/><T98/><D134/><U94/><E104/><V13/><F130/><W42/><G42/><T47/><D62/><U63/><E63/><N who="2" m="40447" /><F102/><W91/><G6/><T68/><D68/><U83/><E35/><V106/><F106/><W44/><G44/><T29/><D29/><U87/><E24/><V133/><F4/><W74/><G27/><T64/><D64/><U37/><E85/><V3/><F3/><W105/><REACH who="3" step="1"/><G101/><REACH who="3" ten="323,219,229,219" step="2"/><N who="0" m="60623" /><D33/><U58/><E37/><V65/><F39/><W120/><G120/><T119/><D32/><U114/><E114/><V2/><F43/><W129/><G129/><T73/><D119/><U103/><REACH who="1" step="1"/><E58/><REACH who="1" ten="323,209,229,219" step="2"/><V26/><F26/><W121/><G121/><T135/><D135/><U116/><E116/><V86/><F133/><W127/><G127/><T36/><D36/><U81/><E81/><V112/><F124/><W11/><G11/><T10/><D10/><U40/><E40/><V53/><F112/><W12/><G12/><T97/><D73/><U132/><E132/><V113/><F113/><W8/><G8/><T76/><D23/><U128/><E128/><V66/><F2/><W88/><G88/><T126/><D22/><U107/><E107/><V7/><F13/><W52/><G52/><T54/><D20/><U18/><AGARI ba="2,2" hai="9,14,18,21,25,28,77,83,87,94,99,103,109,110" machi="18" ten="30,4000,0" yaku="1,1,0,1,52,1,53,0" doraHai="79" doraHaiUra="31" who="1" fromWho="1" sc="323,-22,209,66,229,-12,219,-12" /><INIT seed="1,0,0,5,0,122" ten="301,275,217,207" oya="1" hai0="78,71,124,94,45,48,56,72,130,2,95,67,53" hai1="87,18,3,36,43,46,119,83,15,21,76,17,33" hai2="32,85,30,40,49,31,109,106,104,90,97,23,128" hai3="102,41,115,24,61,100,103,1,70,107,98,38,82"/><U134/><E134/><V12/><F128/><W9/><G115/><T57/><D2/><U79/><E119/><V93/><F32/><W80/><G24/><T54/><D124/><U62/><E33/><V129/><F129/><W127/><G127/><T28/><D28/><U11/><E62/><V88/><F109/><W5/><G80/><T108/><D108/><U75/><E76/><V86/><F106/><W4/><G4/><T112/><D130/><U52/><E52/><V77/><F104/><W39/><G39/><T8/><D8/><U66/><E66/><V135/><F77/><W42/><G42/><T29/><D29/><N who="2" m="10762" /><F135/><W126/><G126/><T65/><D71/><U50/><E87/><V133/><F133/><W73/><G61/><T132/><D132/><U51/><REACH who="1" step="1"/><E17/><REACH who="1" ten="301,265,217,207" step="2"/><N who="2" m="10663" /><F90/><W13/><G70/><T111/><D78/><U26/><E26/><V105/><F86/><W7/><G73/><T58/><D111/><U69/><E69/><V118/><F118/><W121/><G121/><T117/><D117/><U16/><E16/><V10/><F85/><W37/><G82/><T35/><D35/><U64/><E64/><V55/><F55/><W84/><G84/><T68/><D54/><U44/><E44/><V19/><F19/><W125/><G125/><T99/><D67/><U0/><E0/><V6/><F40/><W120/><G41/><T25/><D65/><U47/><E47/><V81/><F81/><W91/><G1/><T60/><D68/><U59/><E59/><V27/><F27/><W110/><G120/><T14/><D25/><U22/><E22/><RYUUKYOKU ba="0,1" sc="301,-10,265,30,217,-10,207,-10" hai1="3,11,15,18,21,36,43,46,50,51,75,79,83" /><INIT seed="1,1,1,2,2,61" ten="291,295,207,197" oya="1" hai0="78,101,87,81,68,12,84,1,97,100,43,55,112" hai1="86,99,73,82,30,25,4,126,71,114,40,109,108" hai2="85,130,39,45,67,16,35,91,124,31,57,102,50" hai3="125,90,117,83,53,51,48,110,22,2,0,134,131"/><U105/><E114/><V121/><F121/><W75/><G110/><N who="1" m="42602" /><E126/><V129/><F124/><W24/><G125/><T10/><D1/><U37/><E71/><V107/><F39/><W11/><G131/><N who="2" m="50185" /><F31/><W5/><G134/><T21/><D68/><U96/><E73/><V44/><F35/><W69/><G69/><T32/><D32/><N who="1" m="20559" /><E105/><V77/><F77/><W52/><G0/><T88/><D43/><U123/><E4/><V106/><F16/><W34/><G34/><T93/><D112/><U132/><E123/><V119/><F119/><W133/><G117/><T26/><D55/><U29/><E29/><V115/><F115/><W42/><G133/><T120/><D120/><U74/><E74/><V15/><F15/><W72/><G72/><T13/><D13/><U41/><E132/><V17/><F17/><W58/><G75/><T76/><D12/><U46/><E40/><N who="2" m="24839" /><F45/><W18/><G42/><T92/><D10/><U59/><E59/><V27/><F27/><W113/><G113/><T47/><D47/><U128/><E128/><V7/><F7/><W103/><G58/><T63/><D63/><U36/><E37/><V65/><F57/><W14/><G2/><T20/><D20/><U6/><E6/><V9/><F9/><W89/><G48/><T135/><D135/><U79/><AGARI ba="1,1" hai="36,41,46,79,82,86,96,99" m="20559,42602" machi="79" ten="30,3000,0" yaku="14,1,10,1" doraHai="61" who="1" fromWho="1" sc="291,-11,295,43,207,-11,197,-11" /><INIT seed="1,2,0,5,3,74" ten="280,338,196,186" oya="1" hai0="100,59,25,119,135,55,88,7,131,26,18,92,3" hai1="90,126,112,106,53,79,29,101,107,60,62,72,48" hai2="93,109,16,85,105,113,38,54,102,32,49,76,45" hai3="35,130,99,2,70,47,30,63,94,33,5,52,61"/><U27/><E112/><V4/><F32/><W96/><G70/><T11/><D119/><U9/><E126/><V98/><F113/><W91/><G2/><T20/><D131/><U12/><E90/><V122/><F122/><W123/><G123/><T69/><D69/><U0/><E0/><V84/><F109/><W40/><G5/><T82/><D100/><U118/><E118/><V21/><F4/><W111/><G111/><T46/><D46/><U120/><E120/><V10/><F10/><W64/><G30/><T108/><D82/><U43/><E43/><V57/><F105/><W117/><G99/><T80/><D80/><U28/><E48/><V134/><F134/><W132/><G132/><T22/><D108/><U56/><E72/><V129/><F129/><W124/><G124/><T58/><D135/><U78/><E106/><V127/><F127/><W13/><G117/><T87/><REACH who="0" step="1"/><D55/><REACH who="0" ten="270,338,196,186" step="2"/><U17/><E101/><V115/><F115/><W66/><G52/><T75/><D75/><U14/><E107/><V116/><F116/><W24/><G130/><T114/><D114/><U81/><E81/><N who="2" m="47143" /><F38/><W128/><G128/><T36/><D36/><U42/><E42/><V83/><F45/><W77/><G47/><T50/><D50/><U121/><E121/><V97/><F102/><W89/><G40/><T73/><D73/><U23/><E60/><V6/><F83/><W86/><G61/><T68/><D68/><U1/><E53/><V39/><F39/><W8/><G63/><T34/><D34/><U67/><E62/><V110/><F110/><W95/><G35/><RYUUKYOKU ba="2,1" sc="270,30,338,-10,196,-10,186,-10" hai0="3,7,11,18,20,22,25,26,58,59,87,88,92" /><INIT seed="2,3,1,2,4,132" ten="300,328,186,176" oya="2" hai0="45,48,106,73,114,83,50,36,64,107,89,32,108" hai1="49,2,35,25,40,70,66,78,34,14,7,11,29" hai2="57,86,28,98,27,81,131,92,56,5,24,16,115" hai3="8,51,112,71,54,30,68,60,3,97,4,23,87"/><V10/><F131/><W1/><G1/><T126/><D32/><U80/><E2/><V110/><F115/><W21/><G97/><T100/><D114/><U117/><E117/><V38/><F38/><W74/><G74/><T41/><D64/><U9/><E9/><V13/><F5/><W39/><G39/><T18/><D108/><U104/><E104/><V127/><F127/><W93/><G112/><T95/><D100/><U134/><E134/><V46/><F46/><W84/><G84/><T61/><D61/><U101/><E101/><N who="2" m="60615" /><F110/><W96/><G87/><T52/><D36/><U59/><E70/><V12/><F12/><W55/><G71/><T91/><D18/><U130/><E130/><V33/><F33/><W133/><G30/><T94/><D73/><U17/><E7/><V118/><F118/><W85/><G85/><T69/><D69/><U20/><E40/><V121/><F121/><W82/><G82/><T37/><D83/><U6/><E6/><V102/><F102/><W128/><G128/><T63/><D37/><U119/><E119/><V122/><F122/><W43/><G133/><T120/><D120/><U124/><E124/><V79/><F28/><W111/><G111/><T76/><D126/><U99/><E99/><V42/><F42/><W109/><G43/><T44/><D106/><U31/><E31/><V62/><F57/><N who="3" m="34871" /><G68/><T72/><D107/><U22/><E34/><V19/><F19/><W116/><G116/><T90/><D72/><N who="1" m="43079" /><E35/><V47/><F47/><N who="3" m="28159" /><G109/><T88/><N who="0" m="22528" /><DORA hai="77" /><T113/><D113/><U15/><E29/><V53/><AGARI ba="3,1" hai="10,13,16,24,27,53,56,62,79,81,86" m="60615" machi="53" ten="30,11700,0" yaku="5,1,8,1,52,1,54,1" doraHai="132,77" who="2" fromWho="2" sc="300,-42,328,-42,186,136,176,-42" /><INIT seed="2,4,0,2,3,27" ten="258,286,322,134" oya="2" hai0="36,110,97,44,13,127,7,24,93,62,124,71,51" hai1="67,94,55,45,92,126,29,15,41,78,64,54,107" hai2="18,79,91,52,35,108,132,49,19,111,9,84,87" hai3="88,117,82,11,23,68,135,101,81,103,14,80,113"/><V86/><F35/><W21/><G68/><T98/><D36/><U75/><E107/><V129/><F132/><W102/><G135/><T65/><D110/><N who="2" m="42026" /><F129/><W133/><G117/><T47/><D47/><U50/><E126/><V96/><F79/><W46/><G133/><T1/><D1/><U70/><E75/><V0/><F96/><W25/><G46/><T31/><D13/><U12/><E78/><V20/><F91/><W121/><G121/><T105/><D7/><U119/><E119/><V59/><F20/><W56/><G56/><T16/><D16/><N who="2" m="6186" /><F9/><W76/><G76/><T63/><D98/><U32/><E32/><V85/><F85/><N who="3" m="50215" /><G21/><N who="0" m="15759" /><D105/><U130/><E130/><V109/><F109/><W4/><G113/><T33/><D33/><U120/><E120/><V40/><F0/><W131/><G131/><T115/><D115/><U89/><E89/><V48/><F40/><W114/><G114/><T26/><D127/><U53/><E12/><V3/><F3/><W118/><G118/><T2/><D2/><U58/><E15/><V66/><F66/><W99/><G99/><T10/><D124/><U90/><E90/><V128/><F128/><W104/><G104/><T28/><D65/><U42/><E42/><V112/><F112/><W77/><G77/><T22/><D10/><U100/><E64/><V72/><F72/><W74/><G74/><T60/><D71/><U39/><E70/><V38/><F38/><W5/><G5/><T37/><D37/><U125/><E39/><V6/><F6/><W106/><G106/><T122/><D97/><U116/><E125/><RYUUKYOKU ba="4,0" sc="258,-15,286,-15,322,15,134,15" hai2="48,49,52,59,84,86,87" hai3="4,11,14,23,25,81,82,101,102,103" /><INIT seed="2,5,0,5,2,98" ten="243,271,337,149" oya="2" hai0="131,134,16,132,11,38,27,23,79,97,5,89,69" hai1="126,63,61,44,96,68,46,30,116,72,80,33,18" hai2="3,88,55,51,28,57,105,56,2,13,24,31,91" hai3="52,25,109,9,42,106,26,85,73,45,130,95,84"/><V118/><F105/><W112/><G73/><T100/><D38/><U34/><E116/><V62/><F118/><W49/><G106/><N who="0" m="63759" /><D69/><U4/><E18/><V135/><F135/><N who="0" m="51754" /><D89/><N who="2" m="34378" /><F2/><W21/><G21/><T92/><D92/><U43/><E96/><V113/><F3/><W60/><G9/><T48/><D48/><U127/><E4/><V54/><F113/><W37/><G112/><T119/><D79/><U82/><E68/><V17/><F24/><W74/><G74/><T20/><D20/><AGARI ba="5,0" hai="13,17,20,28,31,51,54,55,56,57,62" m="34378" machi="20" ten="30,2900,0" yaku="8,1,54,1" doraHai="98" who="2" fromWho="0" sc="243,-44,271,0,337,44,149,0" /><INIT seed="2,6,0,3,1,119" ten="199,271,381,149" oya="2" hai0="87,3,65,77,69,128,16,57,72,120,52,110,39" hai1="117,45,89,93,59,35,22,33,134,13,8,4,108" hai2="51,115,129,56,37,71,44,90,85,133,74,49,130" hai3="113,54,96,19,127,99,91,27,20,58,9,104,135"/><V76/><F71/><W124/><G135/><T64/><D39/><U50/><E117/><V84/><F133/><W78/><G78/><T32/><D32/><U24/><E134/><V73/><F115/><W131/><G131/><N who="2" m="50185" /><F37/><W86/><G113/><T92/><D3/><U26/><E59/><V95/><F56/><W83/><G9/><T114/><D69/><U5/><E108/><V125/><F125/><W60/><REACH who="3" step="1"/><G104/><REACH who="3" ten="199,271,381,139" step="2"/><T103/><D114/><U29/><E8/><V30/><F76/><W23/><G23/><T48/><D128/><U7/><E33/><V38/><F74/><W102/><G102/><T1/><D72/><U66/><E35/><V94/><F73/><W34/><G34/><T70/><D103/><U122/><E22/><V2/><F90/><W107/><G107/><T132/><D132/><U11/><E89/><V101/><F101/><W28/><G28/><T121/><D77/><U47/><E29/><V53/><F30/><W80/><G80/><T111/><D111/><U43/><E11/><V123/><F95/><W109/><G109/><T15/><D110/><U81/><E93/><V118/><F94/><W112/><G112/><T17/><D92/><U97/><E81/><V18/><F118/><W14/><G14/><T106/><D15/><U42/><E13/><V67/><F2/><W41/><G41/><T105/><D1/><U79/><E42/><V68/><F85/><W116/><G116/><T82/><D106/><U40/><E43/><V0/><F84/><W25/><G25/><T36/><D105/><U12/><E40/><V46/><F0/><RYUUKYOKU ba="6,1" sc="199,-10,271,-10,381,-10,139,30" hai3="19,20,27,54,58,60,83,86,91,96,99,124,127" /><INIT seed="3,7,1,5,0,95" ten="189,261,371,169" oya="3" hai0="131,24,87,70,8,83,51,57,81,58,111,117,29" hai1="52,122,9,71,35,56,46,128,102,69,16,0,62" hai2="97,90,93,4,30,23,105,63,99,113,39,34,123" hai3="78,20,53,36,68,108,103,31,124,37,77,25,67"/><W92/><G124/><T45/><D117/><U101/><E122/><V55/><F39/><W116/><G116/><T1/><D70/><U115/><E115/><V66/><F34/><W134/><G134/><T127/><D111/><U86/><E35/><V41/><F41/><W74/><G108/><T33/><D131/><U59/><E128/><V14/><F105/><W11/><G11/><T133/><D133/><U18/><E69/><V73/><F73/><W119/><G119/><T75/><D75/><U120/><E71/><V61/><F55/><W43/><G53/><T3/><D81/><U32/><E32/><V40/><F40/><W84/><G74/><T60/><D8/><U82/><E46/><V10/><F66/><W6/><G6/><T38/><D38/><U15/><E0/><V88/><F113/><W26/><G37/><T121/><D127/><U110/><E120/><V50/><F50/><W17/><G36/><T104/><D121/><U132/><E132/><V49/><F49/><W76/><G43/><T47/><D104/><U107/><E107/><V109/><F123/><W106/><G106/><T130/><D130/><U94/><E110/><V126/><F126/><W100/><G68/><T129/><D129/><U27/><E59/><V89/><F109/><W112/><G112/><T19/><D58/><U98/><E27/><N who="2" m="16767" /><F93/><W118/><G118/><T114/><D114/><U135/><E135/><V42/><F42/><W12/><G67/><N who="0" m="39311" /><D1/><U21/><E62/><AGARI ba="7,1" hai="4,10,14,61,62,63,88,89,90,97,99" m="16767" machi="62" ten="30,7700,0" yaku="8,1,52,2,54,1" doraHai="95" who="2" fromWho="1" sc="189,0,261,-98,371,108,169,0" owari="189,-1.1,163,-33.7,479,57.9,169,-23.1" /></mjloggm>