<mjloggm ver="2.3"><GO type="225" lobby="0"/><UN n0="%E5%A4%8F%E9%88%B4%E9%88%B4%E5%A4%8F" n1="%E3%83%A9%E3%82%A4%E3%83%B3%E3%81%AE%E8%99%8E" n2="%43%68%65" n3="%E5%91%A8%E6%9D%B1" dan="16,16,16,17" rate="2165.14,2150.07,2207.90,2206.40" sx="F,M,M,M"/><TAIKYOKU oya="0"/><INIT seed="0,0,0,1,3,90" ten="250,250,250,250" oya="0" hai0="79,23,45,37,117,39,133,89,30,93,128,29,134" hai1="64,130,77,21,53,112,3,20,70,38,33,18,118" hai2="83,44,40,101,111,123,88,65,95,59,7,25,35" hai3="31,32,66,36,71,47,1,113,98,50,82,6,99"/><T58/><D117/><U92/><E33/><V86/><F123/><W96/><G113/><T75/><D128/><U100/><E118/><V72/><F111/><W131/><G36/><N who="0" m="13899" /><D45/><U80/><E130/><V69/><F69/><W104/><G104/><T5/><D23/><U12/><E3/><V42/><F7/><W76/><G131/><T91/><D58/><U55/><E38/><V2/><F2/><W51/><G32/><T11/><D89/><U14/><E112/><V127/><F127/><W84/><G31/><T62/><D62/><U4/><E64/><V10/><F10/><W108/><G108/><T9/><D79/><U54/><E70/><V122/><F122/><W41/><G51/><T16/><D16/><N who="1" m="10247" /><E4/><V46/><F72/><W125/><G125/><T49/><D75/><U119/><E119/><V24/><F35/><W27/><G27/><N who="2" m="10313" /><F59/><W8/><G71/><T26/><D26/><U17/><E17/><V126/><F65/><W85/><G66/><T94/><D11/><U116/><E116/><V81/><F126/><W120/><G120/><T57/><D9/><U28/><E28/><N who="0" m="10857" /><D5/><U121/><E121/><V13/><F13/><W124/><G124/><T78/><D78/><U73/><E100/><V105/><F105/><W63/><G63/><T106/><D106/><U56/><E56/><V60/><F60/><W61/><G61/><T103/><D103/><U34/><E34/><V74/><F74/><W68/><G68/><T109/><D109/><U43/><E43/><N who="2" m="16427" /><F101/><W115/><G115/><T15/><D15/><U102/><E102/><V129/><F129/><RYUUKYOKU ba="0,0" sc="250,-30,250,10,250,10,250,10" hai1="14,18,21,53,54,55,73,77,80,92" hai2="44,46,81,83,86,88,95" hai3="1,6,8,41,47,50,76,82,84,85,96,98,99" /><INIT seed="1,1,0,3,4,123" ten="220,260,260,260" oya="1" hai0="47,31,105,15,89,108,106,44,64,72,55,35,74" hai1="97,1,91,21,85,68,92,49,48,43,99,78,82" hai2="103,25,66,37,118,22,121,54,127,2,20,75,117" hai3="133,56,131,88,16,96,38,90,135,81,122,33,86"/><U120/><E120/><V53/><F121/><W84/><G122/><T10/><D64/><U7/><E68/><V102/><F2/><W130/><G38/><T129/><D129/><N who="3" m="49161" /><G33/><T40/><D55/><U87/><E1/><V9/><F37/><W109/><G109/><T115/><D115/><U104/><E7/><V29/><F75/><W126/><G126/><T30/><D35/><U62/><E62/><V63/><F127/><W98/><G16/><T100/><D89/><U77/><E104/><V134/><F134/><N who="3" m="51211" /><G56/><T32/><D32/><U119/><E119/><V6/><F22/><W124/><G124/><T132/><D132/><U59/><E77/><V5/><F5/><W42/><G42/><T28/><D40/><U114/><E114/><V19/><F19/><W14/><G14/><T34/><D15/><U69/><E69/><V39/><F39/><W45/><G45/><T23/><D23/><U0/><E0/><V71/><F118/><W125/><G125/><T4/><D34/><U70/><E70/><V113/><F117/><W18/><G18/><T58/><D58/><U110/><E21/><V36/><F36/><W65/><G65/><T50/><D108/><U95/><E110/><V76/><F113/><W24/><G24/><T41/><D47/><N who="1" m="25727" /><E59/><V112/><F112/><W101/><G101/><N who="2" m="38409" /><F54/><W93/><AGARI ba="1,0" hai="81,84,86,88,90,93,96,98" m="51211,49161" machi="93" ten="30,8000,1" yaku="19,1,20,1,34,2,54,1" doraHai="123" who="3" fromWho="3" sc="220,-21,260,-41,260,-21,260,83" /><INIT seed="2,0,0,3,2,3" ten="199,219,239,343" oya="2" hai0="31,111,103,135,70,116,84,125,63,39,62,122,119" hai1="45,108,100,61,115,89,47,105,20,113,52,95,58" hai2="93,65,29,54,78,0,43,106,126,114,2,6,74" hai3="34,91,55,87,79,50,129,77,97,83,107,37,98"/><V121/><F114/><W101/><G37/><T90/><D122/><U120/><E120/><V32/><F121/><W73/><G34/><T118/><D111/><U9/><E108/><V28/><F106/><W15/><G129/><T127/><D39/><U72/><E72/><V14/><F43/><W130/><G130/><T124/><D135/><U128/><E128/><V75/><F65/><W69/><G69/><T99/><D31/><U132/><E132/><V33/><F93/><W117/><G117/><T1/><D1/><U112/><E100/><V76/><F14/><W27/><G27/><T123/><D70/><U133/><E105/><V53/><REACH who="2" step="1"/><F126/><REACH who="2" ten="199,219,229,343" step="2"/><W64/><G64/><T96/><D123/><U92/><E133/><V25/><F25/><W11/><G107/><N who="0" m="63975" /><D99/><U18/><E95/><AGARI ba="0,1" hai="62,63,84,90,95,116,118,119,124,125,127" m="63975" machi="95" ten="40,2600,0" yaku="12,1,18,1" doraHai="3" who="0" fromWho="1" sc="199,36,219,-26,229,0,343,0" /><INIT seed="3,0,0,4,3,55" ten="235,193,229,343" oya="3" hai0="109,126,110,41,23,103,128,100,121,57,90,81,28" hai1="36,62,93,27,51,14,37,3,33,38,54,65,45" hai2="102,133,99,85,129,98,47,131,78,0,123,53,22" hai3="16,69,44,68,43,111,1,114,73,122,113,58,25"/><W4/><G73/><T21/><D121/><U86/><E3/><V67/><F123/><W13/><G122/><T11/><D128/><N who="2" m="49226" /><F133/><W132/><G111/><T108/><D126/><U112/><E112/><V104/><F0/><W124/><G132/><T10/><D41/><U71/><E14/><V87/><F78/><W119/><G25/><N who="0" m="16431" /><D23/><U9/><E9/><N who="0" m="3081" /><D57/><N who="1" m="32991" /><E33/><V84/><F99/><W49/><G1/><T2/><D2/><U130/><E27/><V56/><F22/><W40/><G114/><T70/><D70/><U115/><E130/><V75/><F75/><W52/><G69/><T97/><D97/><U95/><E115/><V77/><F77/><W107/><G68/><T39/><D39/><N who="1" m="14923" /><E86/><AGARI ba="0,0" hai="81,86,90,100,103,108,109,110" m="3081,16431" machi="86" ten="40,1300,0" yaku="14,1" doraHai="55" who="0" fromWho="1" sc="235,13,193,-13,229,0,343,0" owari="248,4.8,180,-32.0,229,-17.1,343,44.3" /></mjloggm>