<mjloggm ver="2.3"><GO type="225" lobby="0"/><UN n0="%E6%9D%B1%E9%A2%A8%E3%81%AE%E3%81%8D%E3%82%83%E3%81%B7%E3%81%95%E3%82%93" n1="%33%74%72%65%65" n2="%72%69%6F%75%63%68%61%6E" n3="%70%6F%69%73%6F%6E%30%32" dan="16,17,16,16" rate="2161.26,2114.86,2092.72,2075.43" sx="M,F,M,M"/><TAIKYOKU oya="0"/><INIT seed="0,0,0,5,3,0" ten="250,250,250,250" oya="0" hai0="61,126,7,49,124,92,33,62,30,53,87,108,77" hai1="100,106,105,81,58,76,1,130,10,101,97,116,2" hai2="75,25,44,35,64,103,50,119,24,80,107,16,133" hai3="23,98,72,13,57,114,99,91,17,111,82,45,127"/><T20/><D33/><U15/><E116/><V96/><F133/><W74/><G111/><T8/><D108/><U3/><E130/><V29/><F119/><W5/><G114/><T18/><D30/><U51/><E51/><V9/><F64/><W128/><G128/><T37/><D37/><U31/><E31/><V68/><F68/><W28/><G127/><N who="0" m="48683" /><D77/><U113/><E58/><V47/><F50/><W43/><G74/><T104/><D104/><U52/><E52/><V22/><REACH who="2" step="1"/><F9/><REACH who="2" ten="250,250,240,250" step="2"/><W6/><G72/><T69/><D69/><U39/><E39/><V42/><F42/><W14/><G43/><T21/><D49/><U78/><E113/><V66/><F66/><W83/><G45/><T109/><D109/><U65/><E65/><V120/><F120/><W59/><G57/><N who="0" m="34991" /><D62/><U63/><E63/><V26/><F26/><W32/><G59/><T90/><D18/><U41/><E41/><V102/><F102/><W93/><G32/><T27/><D27/><U94/><E101/><V84/><F84/><W85/><G28/><T122/><D122/><U70/><E70/><V4/><F4/><N who="3" m="1643" /><G99/><T135/><D135/><U48/><E97/><V112/><F112/><W129/><G129/><T110/><D110/><U60/><E100/><V79/><AGARI ba="0,1" hai="16,22,24,25,29,35,44,47,75,79,80,96,103,107" machi="79" ten="30,4000,0" yaku="1,1,0,1,54,1,53,0" doraHai="0" doraHaiUra="34" who="2" fromWho="2" sc="250,-20,250,-10,240,50,250,-10" /><INIT seed="1,0,0,3,0,26" ten="230,240,290,240" oya="1" hai0="79,78,123,41,67,23,135,117,98,94,119,118,99" hai1="48,126,52,58,87,103,75,17,125,18,14,19,95" hai2="60,124,104,105,88,33,5,28,38,121,81,63,65" hai3="76,69,20,16,42,46,131,114,130,101,22,50,15"/><U115/><E115/><V112/><F121/><W43/><G114/><T4/><D4/><U36/><E75/><V40/><F112/><W72/><G69/><T91/><D67/><U70/><E70/><V35/><F124/><N who="1" m="47721" /><E36/><V64/><F5/><W92/><G72/><T3/><D23/><N who="1" m="11703" /><E103/><V30/><F38/><W85/><G43/><T102/><D41/><U25/><E25/><V7/><F7/><W120/><G120/><T66/><D66/><N who="2" m="25706" /><F40/><W107/><G107/><N who="2" m="41033" /><F88/><AGARI ba="0,0" hai="18,19,48,52,58,87,88,95" m="11703,47721" machi="88" ten="30,11600,0" yaku="25,1,18,1,54,2" doraHai="26" who="1" fromWho="2" sc="230,0,240,116,290,-116,240,0" /><INIT seed="1,1,0,2,4,39" ten="230,356,174,240" oya="1" hai0="118,30,50,0,82,135,49,48,24,72,119,68,71" hai1="99,93,102,18,110,89,106,126,108,51,122,66,4" hai2="97,8,65,83,112,115,125,96,41,109,128,75,133" hai3="105,11,14,44,78,53,5,73,79,33,81,59,94"/><U1/><E122/><V43/><F65/><W19/><G105/><T9/><D135/><U92/><E126/><V85/><F75/><W123/><G33/><T134/><D134/><U3/><E66/><V90/><F133/><W84/><G123/><T60/><D9/><U129/><E129/><V28/><F125/><W120/><G120/><T38/><D38/><U88/><E18/><V56/><F128/><W69/><G69/><T74/><D0/><U36/><E36/><V31/><F109/><N who="1" m="42089" /><E51/><V124/><F124/><W20/><G44/><T76/><D74/><U101/><E106/><V91/><F56/><W34/><G34/><T46/><D46/><U131/><E131/><V26/><F8/><W2/><G94/><T42/><D60/><U61/><E61/><V95/><F97/><W32/><G32/><T80/><D80/><U116/><E116/><V7/><F7/><W77/><G73/><T63/><D63/><AGARI ba="1,0" hai="2,5,11,14,19,20,53,59,63,77,78,79,81,84" machi="63" ten="30,1000,0" yaku="7,1" doraHai="39" who="3" fromWho="0" sc="230,-13,356,0,174,0,240,13" /><INIT seed="2,0,0,5,5,100" ten="217,356,174,253" oya="2" hai0="26,106,71,6,95,86,76,122,58,89,15,73,42" hai1="22,28,82,5,131,9,1,7,44,93,24,21,111" hai2="135,55,112,62,96,18,8,14,116,27,13,23,47" hai3="17,103,32,57,123,70,53,35,104,133,20,3,128"/><V36/><F135/><W61/><G61/><T81/><BYE who="3" /><D71/><UN n3="%70%6F%69%73%6F%6E%30%32" /><U108/><E131/><V90/><F112/><W29/><G70/><T59/><D122/><U65/><E7/><V38/><F116/><W114/><G3/><T46/><D26/><U120/><E120/><V45/><F14/><W121/><G114/><T126/><D126/><U84/><E93/><N who="2" m="56375" /><F36/><W94/><G104/><T97/><D15/><U60/><E44/><V11/><F38/><W109/><G128/><T105/><D6/><U134/><E22/><V64/><F64/><W51/><G29/><T115/><D115/><U92/><E92/><V48/><F62/><W54/><G35/><T107/><REACH who="0" step="1"/><D97/><REACH who="0" ten="207,356,174,253" step="2"/><U39/><E5/><N who="2" m="3215" /><F11/><W2/><G123/><T16/><D16/><U66/><E9/><V68/><F68/><W19/><G121/><T10/><D10/><U56/><E1/><V69/><F69/><W79/><G2/><T43/><D43/><U113/><E113/><V87/><F87/><W72/><G17/><T83/><D83/><U130/><E82/><V33/><F33/><W63/><G19/><T25/><D25/><U41/><E24/><V80/><F80/><W124/><G32/><T40/><D40/><U0/><E84/><V129/><F129/><W75/><G124/><T98/><D98/><U117/><E0/><V37/><F37/><AGARI ba="0,1" hai="37,42,46,58,59,73,76,81,86,89,95,105,106,107" machi="37" ten="40,8000,1" yaku="1,1,52,3,53,0" doraHai="100" doraHaiUra="99" who="0" fromWho="2" sc="207,90,356,0,174,-80,253,0" /><INIT seed="3,0,0,1,4,48" ten="297,356,94,253" oya="3" hai0="105,113,69,15,125,40,79,71,96,66,130,93,10" hai1="26,20,27,76,0,81,100,109,62,123,57,30,80" hai2="74,127,131,22,39,128,54,111,104,124,35,78,47" hai3="85,112,18,95,75,25,65,55,110,129,133,34,91"/><W24/><G112/><T12/><D113/><U23/><E123/><V70/><F22/><W50/><G75/><T14/><D105/><U29/><E109/><V99/><F35/><W90/><G133/><T51/><D130/><N who="2" m="49706" /><F78/><W126/><G129/><T67/><D79/><U1/><E100/><V49/><F74/><W77/><G110/><T52/><D125/><N who="2" m="48202" /><F99/><W56/><G126/><T42/><D10/><U16/><E16/><V45/><F104/><W59/><G77/><T103/><D69/><U83/><E76/><V46/><F111/><W108/><G108/><T41/><D71/><U94/><E94/><V86/><F86/><W44/><G65/><AGARI ba="0,0" hai="0,1,20,23,26,27,29,30,57,62,65,80,81,83" machi="65" ten="40,1300,0" yaku="9,1" doraHai="48" who="1" fromWho="3" sc="297,0,356,13,94,0,253,-13" owari="297,9.7,369,46.9,94,-40.6,240,-16.0" /></mjloggm>