<mjloggm ver="2.3"><GO type="225" lobby="0"/><UN n0="%E3%82%B3%E3%83%90%E3%83%AC%E3%82%A4" n1="%E6%A1%9C%E8%8A%B1%E9%96%83%E3%80%85" n2="%E7%99%BD%E5%80%89%E5%AF%9B%E4%B9%8B" n3="%6B%69%72%61%64%6F%6B%69" dan="16,16,16,16" rate="2150.56,2166.25,2086.67,2164.35" sx="M,M,M,M"/><TAIKYOKU oya="0"/><INIT seed="0,0,0,4,2,84" ten="250,250,250,250" oya="0" hai0="5,90,120,59,69,112,85,125,126,64,128,110,32" hai1="89,94,109,24,44,122,29,72,133,50,17,14,48" hai2="15,35,3,33,111,102,130,67,11,87,127,107,10" hai3="4,42,26,82,21,6,118,77,37,30,31,117,0"/><T93/><D112/><U81/><E122/><V62/><F127/><N who="0" m="48650" /><D32/><U20/><E109/><V78/><F111/><W79/><G79/><T73/><D110/><U75/><E133/><V96/><F130/><W54/><G31/><T66/><D73/><U134/><E134/><V45/><F3/><W9/><G54/><T55/><D69/><U12/><E12/><V68/><F11/><W61/><G61/><N who="0" m="36095" /><D120/><U41/><E50/><V65/><F65/><N who="0" m="25194" /><D5/><U70/><E70/><V58/><F68/><W60/><G4/><T124/><D124/><U135/><E135/><V8/><F8/><W92/><G60/><T7/><D7/><U76/><E75/><V119/><F119/><W63/><G63/><T53/><D53/><U106/><E106/><V43/><F10/><W13/><G0/><T98/><D128/><U129/><E129/><V95/><F15/><W38/><G117/><T121/><D121/><U104/><E104/><V97/><F78/><W18/><G118/><T57/><D57/><U71/><E71/><V105/><F105/><W91/><G6/><T83/><D83/><U16/><REACH who="1" step="1"/><E14/><REACH who="1" ten="250,240,250,250" step="2"/><V123/><F123/><W115/><G115/><T116/><D116/><U2/><E2/><V103/><REACH who="2" step="1"/><F87/><AGARI ba="0,1" hai="85,87,90,93,98" m="25194,36095,48650" machi="87" ten="30,2900,0" yaku="18,1,52,1" doraHai="84" who="0" fromWho="2" sc="250,39,240,0,250,-29,250,0" /><AGARI ba="0,0" hai="16,17,20,24,29,41,44,48,72,76,81,87,89,94" machi="87" ten="30,8000,1" yaku="1,1,7,1,52,1,54,1,53,1" doraHai="84" doraHaiUra="25" who="1" fromWho="2" sc="289,0,240,80,221,-80,250,0" /><INIT seed="0,1,0,2,1,102" ten="289,320,141,250" oya="0" hai0="87,71,104,50,54,19,62,36,31,20,6,111,97" hai1="53,98,86,125,73,80,120,121,99,12,55,114,17" hai2="107,72,49,8,34,115,10,26,76,88,103,47,75" hai3="40,82,9,64,16,131,18,29,23,22,30,35,132"/><T123/><D36/><U105/><E73/><V91/><F115/><W89/><G40/><T66/><D123/><U1/><E1/><V5/><F34/><W24/><G64/><T7/><D31/><N who="3" m="11785" /><G89/><T124/><D124/><U56/><E125/><V27/><F76/><W58/><G58/><T78/><D111/><U15/><E114/><V110/><F103/><W84/><G35/><T52/><D54/><U101/><E98/><V45/><F49/><W2/><G132/><T44/><D97/><U109/><E109/><V37/><F110/><W94/><G94/><T14/><REACH who="0" step="1"/><D104/><REACH who="0" ten="279,320,141,250" step="2"/><U61/><E53/><V43/><F37/><W108/><G108/><T127/><D127/><U116/><E121/><V11/><F43/><W33/><G33/><T48/><D48/><U92/><E120/><V126/><F126/><W83/><G131/><T13/><D13/><U59/><E105/><V85/><F107/><W41/><G41/><T100/><D100/><U42/><E12/><V122/><F122/><W81/><G2/><T135/><D135/><U133/><E133/><V57/><F5/><W25/><G84/><T77/><D77/><N who="1" m="46351" /><E42/><V79/><F85/><W117/><G117/><T28/><D28/><U70/><E116/><V90/><F79/><W112/><G112/><T119/><D119/><U63/><E55/><V65/><F65/><W68/><G68/><T60/><D60/><N who="1" m="23115" /><E70/><V0/><F0/><W3/><G3/><T67/><D67/><U32/><E32/><V38/><F38/><W51/><G51/><T46/><D46/><N who="2" m="17418" /><F57/><W129/><G129/><T4/><D4/><RYUUKYOKU ba="1,1" sc="279,0,320,0,141,0,250,0" hai0="6,7,14,19,20,44,50,52,62,66,71,78,87" hai1="15,17,56,59,92,99,101" hai2="8,10,11,26,27,72,75,88,90,91" hai3="9,16,18,22,23,24,25,81,82,83" /><INIT seed="0,2,1,0,0,77" ten="279,320,141,250" oya="0" hai0="80,13,126,65,134,38,131,97,5,64,73,92,102" hai1="12,110,72,95,49,84,52,108,33,70,51,25,27" hai2="8,81,85,103,60,101,127,83,42,18,96,34,4" hai3="30,123,19,109,90,16,47,31,125,26,43,45,54"/><T59/><D38/><U46/><E72/><V24/><F127/><W91/><G125/><T21/><D126/><U128/><E70/><V22/><F34/><W104/><G104/><T58/><D131/><U86/><E128/><V120/><F120/><W94/><G123/><T132/><D73/><U44/><E12/><N who="2" m="5127" /><F85/><N who="1" m="32873" /><E95/><N who="2" m="58527" /><F103/><W66/><G66/><N who="0" m="25707" /><D80/><N who="2" m="30794" /><F42/><W23/><G109/><N who="1" m="42090" /><E33/><V88/><F60/><W32/><G43/><AGARI ba="2,1" hai="25,27,43,44,46,49,51,52" m="42090,32873" machi="43" ten="30,2000,0" yaku="14,1,54,1" doraHai="77" who="1" fromWho="3" sc="279,0,320,36,141,0,250,-26" /><INIT seed="1,0,0,1,4,95" ten="279,356,141,224" oya="1" hai0="105,39,125,14,81,28,53,0,129,17,21,46,116" hai1="22,101,132,73,134,9,92,98,47,86,83,3,112" hai2="2,115,35,23,79,71,29,119,49,58,66,121,20" hai3="30,126,42,4,82,45,60,68,38,114,50,16,15"/><U80/><E22/><V13/><F121/><W67/><G114/><T24/><D105/><N who="1" m="63671" /><E47/><V59/><F115/><W96/><G126/><T40/><D125/><U78/><E112/><V120/><F119/><W91/><G30/><T103/><D116/><U113/><E113/><V52/><F120/><W117/><G117/><T12/><D0/><U62/><E62/><V124/><F2/><W6/><G38/><T85/><D12/><U77/><E9/><V51/><F124/><W94/><REACH who="3" step="1"/><G82/><REACH who="3" ten="279,356,141,214" step="2"/><T37/><D39/><U10/><E3/><V88/><F79/><W100/><G100/><T70/><D103/><U55/><E80/><V32/><F71/><W89/><G89/><T135/><D70/><U63/><E77/><V19/><F88/><W54/><G54/><T7/><D53/><U56/><E10/><AGARI ba="0,1" hai="4,6,10,15,16,42,45,50,60,67,68,91,94,96" machi="10" ten="30,7700,0" yaku="1,1,7,1,52,1,54,1,53,0" doraHai="95" doraHaiUra="74" who="3" fromWho="1" sc="279,0,356,-77,141,0,214,87" /><INIT seed="2,0,0,5,1,24" ten="279,279,141,301" oya="2" hai0="46,107,133,126,101,32,89,85,38,80,124,31,8" hai1="11,52,87,4,34,37,102,92,19,60,105,83,109" hai2="103,81,6,77,106,93,22,33,13,131,29,71,10" hai3="51,36,76,68,75,9,70,12,82,88,54,100,58"/><V122/><F122/><W41/><G100/><T55/><D133/><U17/><E105/><V5/><F131/><W135/><G135/><T2/><D2/><U113/><E37/><V69/><F106/><W90/><G36/><T7/><D7/><U120/><E113/><V64/><F33/><W94/><G41/><T28/><D8/><U14/><E34/><V53/><F5/><W125/><G125/><N who="0" m="48235" /><D32/><U18/><E109/><V61/><F53/><W20/><G90/><T78/><D78/><N who="1" m="46583" /><E120/><V115/><F115/><W73/><G73/><T86/><D85/><U84/><E84/><V56/><F81/><W21/><G21/><T130/><D130/><U47/><E60/><V23/><F77/><W45/><G20/><T44/><D38/><U134/><E134/><V108/><F23/><W99/><G45/><N who="0" m="17515" /><D55/><U57/><E47/><V15/><F108/><W0/><G0/><T96/><AGARI ba="0,0" hai="28,31,80,86,89,96,101,107" m="17515,48235" machi="96" ten="30,4000,0" yaku="18,1,52,2" doraHai="24" who="0" fromWho="0" sc="279,40,279,-10,141,-20,301,-10" /><INIT seed="3,0,0,5,4,33" ten="319,269,121,291" oya="3" hai0="132,97,12,29,91,68,6,10,49,16,27,18,62" hai1="135,31,115,37,103,64,107,95,60,53,87,84,127" hai2="89,96,61,77,69,40,104,109,70,57,41,110,21" hai3="36,25,22,90,93,45,43,35,120,28,14,19,52"/><W124/><G120/><T88/><D132/><U72/><E115/><V106/><F77/><W26/><G124/><T101/><D49/><U78/><E127/><V123/><F21/><W113/><G113/><T126/><D126/><U81/><E135/><V55/><F89/><W58/><G35/><T59/><D68/><U112/><E112/><V71/><F96/><W17/><G17/><T116/><D18/><U63/><E37/><V48/><F106/><W2/><G2/><T0/><D116/><U15/><E31/><V4/><F104/><W94/><G28/><T82/><D82/><U114/><E114/><V32/><F32/><W119/><G119/><T46/><D46/><U50/><E15/><V74/><F74/><W65/><G65/><T47/><D47/><U44/><E107/><V99/><F99/><W128/><G128/><T80/><D80/><U23/><E23/><V5/><F123/><W3/><G3/><T111/><D0/><U7/><E7/><V73/><F73/><W83/><G83/><T129/><D6/><U1/><E1/><V76/><F76/><W38/><G38/><T11/><D11/><U20/><E20/><V131/><F131/><W56/><G56/><T108/><D129/><U85/><E64/><V13/><F13/><W30/><G90/><T42/><D42/><N who="2" m="16490" /><F4/><W79/><G79/><T24/><D97/><N who="1" m="59839" /><E72/><V105/><F5/><W122/><G122/><T51/><D101/><U54/><E54/><N who="2" m="33975" /><F105/><W75/><G75/><T134/><D134/><U133/><E133/><V117/><F117/><W9/><G26/><T98/><D24/><RYUUKYOKU ba="0,0" sc="319,-30,269,10,121,10,291,10" hai1="44,50,53,60,63,78,81,84,85,87" hai2="48,55,69,70,71,109,110" hai3="9,14,19,22,25,30,36,43,45,52,58,93,94" owari="289,8.9,279,-12.1,131,-36.9,301,40.1" /></mjloggm>