<mjloggm ver="2.3"><GO type="225" lobby="0"/><UN n0="%E6%B7%91%E5%A5%B3%E3%81%AE%E5%97%9C%E3%81%BF" n1="%E7%B4%94%E6%BD%94%E3%83%94%E3%83%A9%E3%83%8B%E3%82%A2" n2="%4B%2E%32%2E%4B%2E" n3="%E3%83%A9%E3%83%BC%E3%83%A1%E3%83%B3%E4%BA%94%E9%83%8E" dan="16,17,17,16" rate="2134.96,2210.76,2167.74,2113.68" sx="M,M,M,M"/><TAIKYOKU oya="0"/><INIT seed="0,0,0,1,3,36" ten="250,250,250,250" oya="0" hai0="58,114,24,100,32,52,38,22,125,93,64,94,67" hai1="46,60,44,118,74,108,61,81,56,127,101,26,41" hai2="9,66,53,102,69,55,5,23,83,0,90,17,107" hai3="45,73,132,35,2,110,39,111,25,98,115,134,71"/><T113/><D125/><U63/><E118/><V27/><F107/><W1/><G115/><T89/><D32/><U85/><E108/><N who="3" m="41514" /><G73/><T62/><D38/><U106/><E74/><V48/><F102/><W129/><G71/><T51/><D113/><U10/><E101/><V105/><F105/><W112/><G112/><T15/><D114/><U123/><E106/><V88/><F83/><W117/><G117/><T28/><D15/><U126/><E123/><V109/><F109/><W31/><G129/><T86/><REACH who="0" step="1"/><D51/><REACH who="0" ten="240,250,250,250" step="2"/><U131/><E127/><V40/><F48/><W12/><G12/><T37/><D37/><U116/><E126/><V91/><REACH who="2" step="1"/><F40/><REACH who="2" ten="240,250,240,250" step="2"/><N who="3" m="22687" /><G134/><T33/><D33/><U3/><E41/><V13/><F13/><W29/><G132/><T104/><D104/><U120/><E116/><V87/><F87/><W50/><G50/><T30/><D30/><U21/><E85/><V14/><F14/><W42/><G42/><T6/><D6/><U8/><E120/><V34/><F34/><N who="3" m="20783" /><G98/><AGARI ba="0,2" hai="22,24,28,52,58,62,64,67,86,89,93,94,98,100" machi="98" ten="40,7700,0" yaku="1,1,8,1,54,1,53,0" doraHai="36" doraHaiUra="65" who="0" fromWho="3" sc="240,97,250,0,240,0,250,-77" /><INIT seed="0,1,0,1,3,55" ten="337,250,240,173" oya="0" hai0="31,113,27,97,114,87,48,78,56,57,83,40,29" hai1="5,47,75,3,88,73,129,80,22,70,18,30,15" hai2="37,109,106,126,60,116,65,79,86,71,46,63,74" hai3="66,0,61,120,127,8,76,104,100,101,59,26,19"/><T122/><D122/><U124/><E70/><V108/><F126/><W43/><G127/><T131/><D131/><U12/><E129/><V58/><F116/><W105/><G120/><T132/><D132/><U11/><E124/><V93/><F106/><W39/><G76/><T103/><D113/><U67/><E12/><V17/><F74/><W28/><G105/><T16/><D114/><U24/><E47/><V68/><F17/><W134/><G134/><T13/><D40/><U111/><E111/><N who="2" m="42571" /><F79/><W21/><G104/><T44/><D44/><U6/><E6/><V52/><F86/><W1/><G19/><T62/><D48/><U115/><E73/><V64/><F93/><W135/><G135/><T7/><D7/><U112/><E67/><N who="2" m="25675" /><F63/><W128/><G128/><T45/><D62/><U95/><E80/><V121/><F121/><W123/><G123/><T69/><D78/><U85/><REACH who="1" step="1"/><E75/><REACH who="1" ten="337,240,240,173" step="2"/><V82/><F82/><W81/><G81/><T33/><D83/><U14/><E14/><V90/><F90/><W107/><G0/><T99/><D13/><U54/><E54/><V110/><F110/><W51/><G1/><T89/><D89/><U2/><E2/><V125/><F125/><W119/><G119/><T84/><D45/><U4/><E4/><V118/><F118/><W77/><G101/><T91/><D91/><U49/><E49/><V35/><F35/><AGARI ba="1,1" hai="3,5,11,15,18,22,24,30,35,85,88,95,112,115" machi="35" ten="40,8000,1" yaku="1,1,24,2,54,1,53,0" doraHai="55" doraHaiUra="38" who="1" fromWho="2" sc="337,0,240,93,240,-83,173,0" /><INIT seed="1,0,0,0,1,59" ten="337,333,157,173" oya="1" hai0="97,0,20,35,107,52,45,84,7,127,112,31,33" hai1="22,73,66,43,100,74,128,89,75,10,8,41,71" hai2="25,94,79,6,21,14,98,46,92,87,56,67,88" hai3="3,29,121,49,102,11,27,133,17,118,130,81,1"/><U134/><E128/><V19/><F79/><W58/><G121/><T109/><D112/><U64/><E134/><V91/><F46/><W53/><G130/><T132/><D132/><U111/><E100/><V78/><F78/><W32/><G133/><T76/><D109/><U106/><E22/><V13/><F6/><W40/><G118/><T104/><D20/><U15/><E106/><V37/><REACH who="2" step="1"/><F37/><REACH who="2" ten="337,333,147,173" step="2"/><W82/><G1/><T39/><D7/><U65/><E111/><V86/><F86/><W80/><G3/><T135/><D39/><U54/><E71/><V12/><F12/><W95/><G27/><T105/><D0/><U114/><E15/><V26/><F26/><W38/><G38/><T108/><D135/><U124/><E73/><V51/><F51/><W9/><G49/><T122/><D76/><U70/><E70/><V116/><F116/><W68/><G68/><T16/><D84/><U72/><E72/><V101/><F101/><W4/><G102/><T30/><D108/><U129/><E74/><V44/><F44/><W85/><G4/><T115/><D45/><U36/><E36/><V60/><AGARI ba="0,1" hai="13,14,19,21,25,56,60,67,87,88,91,92,94,98" machi="60" ten="30,12000,2" yaku="1,1,0,1,8,1,52,1,54,1,53,1" doraHai="59" doraHaiUra="61" who="2" fromWho="2" sc="337,-30,333,-60,147,130,173,-30" /><INIT seed="2,0,0,1,1,9" ten="307,273,277,143" oya="2" hai0="59,100,64,14,41,32,130,98,60,20,127,74,48" hai1="55,133,23,15,73,99,7,68,56,65,51,104,95" hai2="34,119,25,6,124,125,86,107,43,135,5,33,120" hai3="82,134,66,37,85,21,129,36,45,17,67,126,57"/><V22/><F107/><W105/><G105/><T71/><D32/><N who="2" m="12394" /><F86/><W132/><G126/><N who="2" m="48745" /><F43/><W101/><G101/><T52/><D130/><U84/><E73/><V47/><F47/><W111/><G129/><T28/><D74/><U35/><E35/><V63/><F63/><W44/><G111/><T0/><D0/><U106/><E133/><V93/><F93/><W30/><G30/><T92/><D127/><U122/><E122/><V24/><F135/><N who="3" m="51755" /><G45/><T87/><D41/><U39/><E39/><N who="3" m="14922" /><G44/><T94/><D28/><U8/><E68/><V12/><F120/><W89/><G57/><T53/><D71/><U16/><E65/><V97/><F97/><W118/><G118/><T61/><D64/><U108/><E108/><V27/><F119/><W4/><G4/><N who="2" m="1641" /><F12/><AGARI ba="0,0" hai="12,17,21,66,67,82,85,89" m="14922,51755" machi="12" ten="30,2000,0" yaku="20,1,52,1" doraHai="9" who="3" fromWho="2" sc="307,0,273,0,277,-20,143,20" /><INIT seed="3,0,0,2,3,95" ten="307,273,257,163" oya="3" hai0="32,114,12,99,18,132,4,127,28,68,109,135,52" hai1="102,103,117,123,122,31,83,108,85,98,62,59,101" hai2="44,88,86,65,104,75,93,74,58,49,81,5,61" hai3="26,89,116,82,110,112,106,56,105,80,29,20,107"/><W53/><G112/><T51/><D68/><U73/><E31/><V96/><F5/><W9/><G116/><T50/><D114/><U27/><E27/><V57/><F104/><W67/><G110/><T55/><D109/><U7/><E7/><V48/><F57/><W22/><G67/><T134/><D127/><U121/><E108/><V43/><REACH who="2" step="1"/><F49/><REACH who="2" ten="307,273,247,163" step="2"/><N who="0" m="18442" /><D4/><U33/><E117/><V25/><F25/><W47/><G47/><T13/><D13/><U11/><E11/><V91/><AGARI ba="0,1" hai="43,44,48,58,61,65,74,75,81,86,88,91,93,96" machi="91" ten="20,8000,1" yaku="1,1,0,1,7,1,52,1,54,1,53,0" doraHai="95" doraHaiUra="126" who="2" fromWho="2" sc="307,-20,273,-20,247,90,163,-40" owari="287,8.7,253,-14.7,337,43.7,123,-37.7" /></mjloggm>