<mjloggm ver="2.3"><GO type="225" lobby="0"/><UN n0="%E5%8D%A0%E3%81%84%E5%B8%AB%E8%A3%8F%E3%81%AA%E3%81%84%E3%81%97" n1="%E3%81%90%E3%81%A1%E3%82%84%E3%81%BE" n2="%73%73%6B%5F%66%72%65%65" n3="%30%2E%31%32%30" dan="17,16,16,16" rate="2206.28,2122.50,2162.03,2115.69" sx="M,M,M,M"/><TAIKYOKU oya="0"/><INIT seed="0,0,0,2,0,109" ten="250,250,250,250" oya="0" hai0="47,44,105,5,69,20,19,64,63,97,125,119,73" hai1="70,13,95,78,2,65,94,53,118,48,27,79,67" hai2="23,133,130,46,35,85,126,72,106,12,60,6,32" hai3="80,39,112,18,68,117,110,102,75,71,113,17,98"/><T54/><D119/><U103/><E2/><V76/><F72/><W33/><G33/><T134/><D73/><U104/><E118/><V120/><F120/><W89/><G39/><T10/><D134/><U88/><E104/><V123/><F123/><W52/><G117/><T91/><D125/><U57/><E27/><V36/><F126/><W66/><G110/><T55/><D44/><U114/><E70/><V99/><F133/><W1/><G1/><T0/><D47/><U42/><E42/><V51/><F36/><W3/><G3/><T84/><D97/><N who="1" m="59831" /><E13/><V15/><F15/><W127/><G127/><T28/><D28/><U9/><E9/><V34/><F99/><W41/><G41/><T128/><D105/><U21/><E21/><V16/><F106/><W83/><G66/><N who="1" m="25098" /><E114/><V92/><F6/><W121/><G121/><T96/><D96/><AGARI ba="0,0" hai="48,53,57,78,79,88,95,96" m="25098,59831" machi="96" ten="30,2000,0" yaku="8,1,54,1" doraHai="109" who="1" fromWho="0" sc="250,-20,250,20,250,0,250,0" /><INIT seed="1,0,0,4,1,29" ten="230,270,250,250" oya="1" hai0="19,61,10,116,45,111,108,117,2,58,74,11,118" hai1="52,103,60,127,59,124,104,5,79,77,49,90,65" hai2="112,51,33,92,84,102,94,113,1,23,128,12,73" hai3="31,20,87,119,71,43,40,82,46,89,36,88,41"/><U4/><E104/><V67/><F73/><W91/><G119/><T93/><D74/><U99/><E90/><N who="2" m="53319" /><F1/><W0/><G0/><T44/><D2/><U18/><E18/><N who="2" m="10695" /><F128/><W42/><REACH who="3" step="1"/><G71/><REACH who="3" ten="230,270,250,240" step="2"/><T135/><D135/><U70/><E127/><V69/><F69/><W55/><G55/><T86/><D111/><U3/><E124/><V14/><F67/><W22/><G22/><T100/><D108/><U121/><E121/><V8/><F113/><W28/><G28/><T37/><D117/><U81/><E3/><V56/><F112/><W98/><G98/><T17/><D118/><U97/><E97/><N who="2" m="59703" /><F33/><W125/><G125/><T134/><D116/><U120/><E120/><V25/><F25/><AGARI ba="0,1" hai="20,25,31,36,40,41,42,43,46,82,87,88,89,91" machi="25" ten="40,5200,0" yaku="1,1,54,1,53,1" doraHai="29" doraHaiUra="83" who="3" fromWho="2" sc="230,0,270,0,250,-52,240,62" /><INIT seed="2,0,0,1,3,6" ten="230,270,198,302" oya="2" hai0="69,80,88,5,84,92,135,48,116,113,78,130,82" hai1="126,15,87,124,46,33,122,52,32,96,62,11,83" hai2="99,20,105,100,42,58,71,93,64,2,16,24,29" hai3="102,110,67,35,117,51,106,70,34,40,131,7,77"/><V95/><F2/><W37/><G117/><T73/><D113/><U47/><E122/><V61/><F42/><W90/><G77/><T3/><D69/><U41/><E96/><V68/><F95/><W43/><G37/><T91/><D116/><U26/><E26/><V30/><F30/><W66/><G70/><T10/><D135/><U133/><E133/><V44/><F44/><W103/><G106/><T60/><D130/><U86/><E33/><V9/><F105/><W123/><G7/><T55/><D60/><U85/><E32/><V50/><REACH who="2" step="1"/><F50/><REACH who="2" ten="230,270,188,302" step="2"/><W8/><G51/><T89/><D92/><U98/><E98/><V127/><F127/><N who="1" m="48681" /><E83/><V114/><F114/><W118/><G118/><T14/><D3/><U72/><E72/><V79/><F79/><W4/><G123/><T129/><D129/><U39/><E47/><AGARI ba="0,1" hai="5,10,14,47,48,55,73,78,80,82,84,88,89,91" machi="47" ten="30,3900,0" yaku="7,1,52,1,54,1" doraHai="6" who="0" fromWho="1" sc="230,49,270,-39,188,0,302,0" /><INIT seed="3,0,0,3,1,51" ten="279,231,188,302" oya="3" hai0="99,90,113,9,98,7,130,76,67,132,81,87,0" hai1="109,66,27,77,35,54,5,101,68,30,52,125,34" hai2="111,23,32,82,71,124,21,41,106,13,24,72,8" hai3="84,42,131,61,95,6,96,63,74,11,129,60,53"/><W31/><G74/><T100/><D132/><U75/><E35/><V120/><F124/><W92/><G31/><T19/><D130/><N who="3" m="49673" /><G42/><T47/><D113/><U114/><E114/><V110/><F120/><W37/><G37/><T97/><D67/><U50/><E125/><V91/><F106/><W128/><G128/><T134/><D134/><U44/><E109/><N who="2" m="41483" /><F71/><W118/><G118/><T127/><D127/><U28/><E28/><N who="2" m="19463" /><F41/><W70/><G70/><T57/><D57/><U15/><E101/><V64/><F64/><W116/><G116/><T36/><D19/><U33/><E33/><V4/><F91/><N who="3" m="53351" /><G95/><T45/><D36/><U105/><E105/><V43/><F43/><W73/><G96/><T83/><D100/><U102/><E102/><V108/><N who="2" m="41491" /><V112/><DORA hai="115" /><F112/><W135/><G135/><T12/><REACH who="0" step="1"/><D0/><REACH who="0" ten="269,231,188,302" step="2"/><U40/><E66/><V56/><F56/><N who="3" m="34831" /><G73/><AGARI ba="0,1" hai="7,9,12,45,47,73,76,81,83,87,90,97,98,99" machi="73" ten="40,1300,0" yaku="1,1,53,0" doraHai="51,115" doraHaiUra="26,46" who="0" fromWho="3" sc="269,23,231,0,188,0,302,-13" /><INIT seed="4,0,0,0,4,32" ten="292,231,188,289" oya="0" hai0="111,93,2,83,97,132,21,102,74,75,52,17,124" hai1="44,72,49,68,84,43,20,70,112,19,121,73,71" hai2="101,63,114,98,22,55,69,60,39,133,90,129,89" hai3="30,85,7,38,56,59,113,125,35,34,0,51,23"/><T110/><D2/><U105/><E121/><V45/><F129/><W128/><G38/><T11/><D132/><U41/><E105/><V64/><F133/><W37/><G37/><T99/><D124/><U118/><E118/><V109/><F109/><N who="0" m="41482" /><D11/><U122/><E122/><V120/><F120/><W62/><G125/><T127/><D83/><U9/><E9/><V14/><F114/><W18/><G30/><T119/><D119/><U126/><E126/><V33/><F33/><W115/><G128/><T107/><D52/><U3/><E3/><V92/><F60/><W86/><G0/><T47/><D47/><U117/><E117/><V4/><F4/><W58/><G7/><T88/><D127/><U29/><E43/><V100/><F100/><W27/><G62/><T82/><D82/><U1/><E1/><V31/><F31/><W25/><G51/><T123/><D123/><U42/><E42/><V8/><F8/><W91/><G35/><T6/><D6/><U15/><E112/><N who="3" m="43082" /><G91/><T48/><D48/><U108/><E108/><V106/><F106/><W5/><G5/><T10/><D10/><U94/><E29/><V104/><F104/><W130/><G130/><T116/><D116/><U46/><E46/><V96/><F96/><W57/><N who="3" m="14336" /><DORA hai="87" /><W54/><G54/><T78/><D78/><U28/><REACH who="1" step="1"/><E28/><REACH who="1" ten="292,221,188,289" step="2"/><V26/><F55/><W67/><G34/><T40/><D40/><U76/><E76/><V135/><F135/><W50/><G18/><T24/><AGARI ba="0,1" hai="17,21,24,74,75,88,93,97,99,102,107" m="41482" machi="24" ten="30,6000,0" yaku="10,1,52,1,54,1" doraHai="32,87" who="0" fromWho="0" sc="292,70,221,-20,188,-20,289,-20" owari="362,46.2,201,-19.9,168,-33.2,269,6.9" /></mjloggm>