<mjloggm ver="2.3"><GO type="225" lobby="0"/><UN n0="%E6%9C%88%E5%B3%B6%E5%9F%BA" n1="%E9%A6%AC%E5%BC%95%E7%81%AB%33" n2="%E6%9C%88%E5%A4%9C%E3%81%AB%E9%A2%A8" n3="%E3%83%B4%E3%83%A0%EF%BC%99%E3%81%A6" dan="17,16,16,17" rate="2202.14,2142.76,2074.66,2122.11" sx="M,M,M,M"/><TAIKYOKU oya="0"/><INIT seed="0,0,0,2,0,134" ten="250,250,250,250" oya="0" hai0="125,87,126,119,33,32,1,65,23,72,116,69,101" hai1="15,100,78,113,95,37,41,46,79,107,59,108,29" hai2="7,8,38,2,128,96,12,124,5,21,117,54,129" hai3="10,99,3,39,25,49,11,86,28,9,20,89,64"/><T105/><D87/><U82/><E108/><V13/><F38/><W94/><G39/><T4/><D23/><U75/><E107/><V123/><F54/><W68/><G68/><T77/><D65/><U122/><E122/><V88/><F123/><W35/><G64/><T67/><D4/><U42/><E42/><V83/><F117/><N who="0" m="45130" /><D1/><U48/><E113/><V120/><F120/><W16/><G49/><T19/><D19/><U30/><E78/><V118/><F118/><W81/><G35/><N who="0" m="13387" /><D101/><U76/><E76/><V121/><F121/><W106/><G106/><T40/><D40/><U93/><E15/><V22/><F2/><W74/><G74/><T43/><D43/><U47/><E59/><V17/><F22/><W112/><G112/><T70/><D105/><U71/><E71/><N who="0" m="27145" /><D67/><U127/><E100/><V61/><F5/><W111/><G111/><T55/><D55/><U44/><E44/><V102/><F102/><N who="3" m="60791" /><G3/><T57/><D57/><U115/><E115/><V52/><F7/><W110/><G110/><T73/><D73/><U53/><E29/><AGARI ba="0,0" hai="9,10,11,16,20,25,28,29,81,86,89" m="60791" machi="29" ten="30,2000,0" yaku="8,1,54,1" doraHai="134" who="3" fromWho="1" sc="250,0,250,-20,250,0,250,20" /><INIT seed="1,0,0,4,5,135" ten="250,230,250,270" oya="1" hai0="96,130,30,4,110,56,12,84,51,45,97,59,40" hai1="86,24,75,69,114,105,44,52,38,37,85,93,36" hai2="31,46,16,47,81,8,42,63,2,132,102,108,55" hai3="41,109,49,99,6,65,117,89,71,21,17,88,33"/><U128/><E114/><V15/><F132/><W98/><G33/><T66/><D110/><U104/><E75/><V20/><F108/><W125/><G109/><T91/><D130/><U72/><E72/><V14/><F2/><W103/><G117/><T120/><D120/><U11/><E69/><V87/><F102/><W67/><G6/><T60/><D30/><U58/><E128/><V3/><F3/><W129/><G129/><T57/><D4/><U7/><E44/><V90/><F31/><W122/><G122/><T116/><D12/><U64/><E64/><N who="3" m="24650" /><G125/><T118/><D118/><U26/><E86/><V124/><F124/><W80/><G71/><T22/><D22/><U28/><E85/><V25/><F42/><W61/><G61/><T10/><D10/><U53/><E93/><V113/><F113/><W79/><G79/><T78/><D78/><U68/><E68/><V27/><F47/><N who="3" m="25839" /><G80/><N who="0" m="49543" /><D116/><U82/><E82/><V9/><F9/><W121/><G121/><T123/><D123/><U73/><E73/><V112/><F112/><W111/><G111/><T94/><D96/><N who="3" m="36905" /><G103/><AGARI ba="0,0" hai="40,45,51,56,57,59,60,66,94,97,103" m="49543" machi="103" ten="30,1000,0" yaku="8,1" doraHai="135" who="0" fromWho="3" sc="250,10,230,0,250,0,270,-10" /><INIT seed="2,0,0,4,5,128" ten="260,230,250,260" oya="2" hai0="104,111,42,91,73,24,40,20,87,39,75,60,109" hai1="89,44,82,47,119,66,61,30,53,11,3,4,62" hai2="17,100,67,8,97,13,2,133,12,120,43,105,107" hai3="28,74,98,114,55,116,50,134,22,99,25,63,21"/><V23/><F120/><W112/><G116/><T108/><D104/><U71/><E119/><V72/><F2/><W48/><G74/><N who="0" m="28171" /><D60/><U56/><E30/><V15/><F72/><W102/><G98/><T68/><D39/><U1/><E1/><V57/><F43/><W101/><G101/><T64/><D64/><U79/><REACH who="1" step="1"/><E89/><REACH who="1" ten="260,220,250,260" step="2"/><V27/><F8/><W52/><G28/><N who="0" m="17415" /><D68/><U14/><E14/><V29/><F29/><W96/><G25/><T37/><D37/><U95/><E95/><AGARI ba="0,1" hai="40,42,87,91,95,108,109,111" m="17415,28171" machi="95" ten="40,1300,0" yaku="14,1" doraHai="128" who="0" fromWho="1" sc="260,23,220,-13,250,0,260,0" /><INIT seed="3,0,0,2,0,82" ten="283,207,250,260" oya="3" hai0="35,125,54,68,80,88,103,8,128,15,97,75,69" hai1="74,110,72,95,129,93,131,48,40,79,127,9,22" hai2="109,10,41,134,50,34,78,102,51,107,58,71,73" hai3="121,70,122,55,106,104,14,133,39,26,45,49,0"/><W63/><G0/><T47/><D35/><U59/><E110/><V67/><F109/><W2/><G2/><T117/><D117/><U92/><E127/><V19/><F134/><W81/><G133/><T77/><D128/><N who="1" m="49227" /><E9/><V111/><F34/><W60/><G39/><T12/><D125/><U7/><E7/><V21/><F71/><W3/><G3/><T17/><D88/><U23/><E79/><V5/><F73/><N who="1" m="28265" /><E59/><V27/><F78/><W85/><G26/><T116/><D116/><U89/><E89/><V87/><F10/><W36/><G14/><T105/><D15/><U132/><E132/><V91/><F5/><W114/><G114/><T43/><D69/><U90/><E90/><V112/><F112/><W84/><G70/><T44/><D68/><U99/><E99/><V16/><F111/><W118/><G118/><T66/><D75/><U42/><E48/><V113/><F113/><W100/><G100/><T62/><D77/><U86/><E86/><V46/><F102/><W30/><G49/><N who="0" m="28967" /><D97/><U83/><E83/><N who="2" m="49663" /><F107/><W11/><G81/><T119/><D80/><U120/><E120/><V1/><F1/><W65/><G11/><T29/><D103/><U94/><N who="1" m="23552" /><DORA hai="6" /><U98/><E98/><V115/><F115/><W28/><G121/><T38/><D105/><U53/><E53/><N who="2" m="32055" /><F67/><W96/><G122/><T135/><D135/><U18/><E18/><AGARI ba="0,0" hai="16,18,19,21,27,41,46,51" m="32055,49663" machi="18" ten="30,3900,0" yaku="8,1,52,1,54,1" doraHai="82,6" who="2" fromWho="1" sc="283,0,207,-39,250,39,260,0" /><INIT seed="4,0,0,1,2,50" ten="283,168,289,260" oya="0" hai0="56,74,78,7,49,67,104,135,77,113,61,132,109" hai1="65,37,27,82,8,127,110,6,91,22,112,31,0" hai2="70,125,20,11,32,122,115,47,84,121,119,40,46" hai3="54,88,12,128,51,103,57,117,118,18,13,26,66"/><T58/><D104/><U73/><E110/><V94/><F32/><W4/><G103/><T124/><D109/><U100/><E127/><V107/><F107/><W63/><G128/><T39/><D39/><U81/><E37/><V42/><F125/><W43/><G43/><T108/><D108/><U72/><E100/><V17/><F70/><W129/><G129/><T89/><D124/><U85/><E65/><V79/><F11/><W90/><G118/><T75/><D113/><U1/><E112/><V123/><F119/><W83/><G117/><T41/><D7/><U44/><E44/><V105/><F105/><W120/><G120/><T98/><D98/><U3/><REACH who="1" step="1"/><E81/><REACH who="1" ten="283,158,289,260" step="2"/><V55/><F115/><W14/><G83/><T60/><D67/><U5/><E5/><V95/><F47/><N who="3" m="28031" /><G4/><T33/><D132/><U16/><E16/><V15/><F46/><W29/><G18/><T133/><D133/><U24/><E24/><V126/><F126/><W92/><G92/><T21/><D135/><U106/><E106/><V86/><F95/><W35/><G26/><T36/><D36/><U52/><E52/><V80/><F55/><W53/><G66/><T19/><D19/><U30/><E30/><V96/><F80/><W28/><G35/><T9/><D33/><U71/><E71/><V45/><F45/><W64/><G64/><T93/><D93/><U2/><AGARI ba="0,1" hai="0,1,2,3,6,8,22,27,31,72,73,82,85,91" machi="2" ten="30,2000,0" yaku="1,1,0,1,53,0" doraHai="50" doraHaiUra="10" who="1" fromWho="1" sc="283,-10,158,30,289,-5,260,-5" /><INIT seed="5,0,0,1,3,67" ten="273,188,284,255" oya="1" hai0="26,80,125,82,61,27,50,47,87,10,34,24,128" hai1="16,97,62,73,95,74,106,91,35,28,110,85,57" hai2="122,65,76,90,41,29,48,39,118,19,6,49,120" hai3="133,129,42,52,109,131,83,38,79,17,94,93,134"/><U23/><E110/><V5/><F118/><W0/><G0/><T108/><D108/><U21/><E35/><V111/><F111/><W8/><G109/><T59/><D125/><U117/><E117/><V81/><F29/><W64/><G64/><N who="0" m="38975" /><D128/><N who="3" m="49225" /><G42/><N who="0" m="24951" /><D34/><U100/><E23/><V105/><F105/><W45/><G38/><T22/><D10/><U32/><E28/><V124/><F124/><W43/><G8/><T31/><D82/><U7/><E7/><V88/><F65/><W25/><G25/><T53/><D53/><U3/><E32/><V66/><F66/><W77/><G17/><T99/><D99/><U55/><REACH who="1" step="1"/><E3/><REACH who="1" ten="273,178,284,255" step="2"/><V13/><F5/><W132/><G79/><AGARI ba="0,1" hai="22,24,26,27,31,79,80,87" m="24951,38975" machi="79" ten="30,1000,0" yaku="8,1" doraHai="67" who="0" fromWho="3" sc="273,20,178,0,284,0,255,-10" /><INIT seed="6,0,0,4,5,130" ten="293,178,284,245" oya="2" hai0="15,63,114,56,74,91,92,1,82,33,36,101,121" hai1="83,30,72,60,99,6,116,47,61,26,132,127,108" hai2="126,37,79,19,28,109,0,134,111,3,89,29,94" hai3="64,93,14,7,45,112,87,9,122,76,49,10,105"/><V43/><F126/><W95/><G122/><T48/><D1/><N who="2" m="586" /><F79/><W18/><G105/><T53/><D36/><U118/><E127/><V58/><F58/><W128/><G128/><T100/><D33/><U124/><E124/><V97/><F134/><W46/><G64/><N who="0" m="39015" /><D74/><U70/><E6/><V52/><F19/><W80/><G112/><T135/><D135/><U39/><E132/><V81/><F81/><W90/><G76/><T71/><D71/><U50/><E99/><V129/><F52/><N who="3" m="29743" /><G46/><N who="0" m="27799" /><D114/><U86/><E72/><V75/><F75/><W73/><G73/><T117/><D117/><U17/><E39/><V65/><F65/><W78/><G78/><T85/><D121/><U69/><E17/><V8/><F8/><W110/><G110/><N who="2" m="41993" /><F129/><W131/><G131/><T21/><D82/><U31/><E108/><V51/><F51/><W133/><G133/><T62/><D62/><U104/><E83/><V77/><F77/><W102/><G102/><T96/><D96/><U88/><E70/><V27/><F27/><W119/><G119/><T120/><D120/><U11/><E69/><V84/><F97/><W34/><G34/><T20/><D15/><AGARI ba="0,0" hai="7,9,10,14,15,18,80,87,90,93,95" m="29743" machi="15" ten="30,3900,0" yaku="25,1,8,1,54,1" doraHai="130" who="3" fromWho="0" sc="293,-39,178,0,284,0,245,39" /><INIT seed="7,0,0,5,4,99" ten="254,178,284,284" oya="3" hai0="129,102,11,12,98,77,80,26,90,100,18,76,24" hai1="50,97,59,126,93,101,64,56,32,15,61,82,6" hai2="38,47,65,83,27,85,16,23,30,105,67,36,62" hai3="48,44,31,66,131,7,55,103,135,110,121,28,107"/><W132/><G121/><T37/><D37/><U0/><E126/><V92/><F105/><W124/><G124/><T22/><D129/><U117/><E32/><V134/><F92/><W14/><G131/><T29/><D26/><U118/><E0/><V128/><F134/><N who="3" m="51243" /><G110/><T58/><D58/><U70/><E82/><V49/><F128/><W71/><G66/><N who="2" m="25097" /><F62/><W112/><G112/><T21/><D21/><U41/><E41/><N who="2" m="24815" /><F38/><W75/><G75/><T108/><D108/><U86/><E86/><V96/><F96/><N who="3" m="61927" /><G71/><T115/><D115/><U39/><E39/><V25/><F36/><W130/><G130/><T89/><D98/><U19/><E6/><V1/><F1/><W91/><G91/><N who="0" m="34827" /><D80/><U133/><E133/><V87/><F83/><W106/><G106/><T113/><D113/><U46/><E46/><V104/><F104/><W122/><G122/><T34/><D34/><U45/><E45/><V73/><F73/><W119/><G119/><T20/><D20/><AGARI ba="0,0" hai="16,20,23,25,27,30,85,87" m="24815,25097" machi="20" ten="30,2000,0" yaku="8,1,54,1" doraHai="99" who="2" fromWho="0" sc="254,-20,178,0,284,20,284,0" owari="234,-16.6,178,-32.2,304,40.4,284,8.4" /></mjloggm>