<mjloggm ver="2.3"><GO type="225" lobby="0"/><UN n0="%E3%83%A9%E3%83%BC%E3%83%A1%E3%83%B3%E4%BA%94%E9%83%8E" n1="%E4%BC%8A%E9%81%94%E6%9C%B1%E9%87%8C%E7%B4%97" n2="%77%72%77%72%77%72%77%72" n3="%E6%A3%AE%E5%B1%B1%E7%94%B0%E7%9B%B4%E5%A4%AA%E6%9C%97%E4%B9%8B%E4%BB%8B" dan="16,16,16,16" rate="2163.60,2067.89,2196.68,2149.01" sx="M,F,M,M"/><TAIKYOKU oya="0"/><INIT seed="0,0,0,5,2,28" ten="250,250,250,250" oya="0" hai0="103,79,62,71,31,12,52,15,106,111,110,76,14" hai1="1,84,123,19,30,69,55,132,63,131,45,109,21" hai2="59,10,0,97,94,92,112,133,96,128,6,107,18" hai3="100,82,86,65,125,22,48,85,89,105,104,78,124"/><T36/><D36/><U5/><E123/><V7/><F112/><W113/><G48/><T80/><D31/><U33/><E109/><N who="0" m="41481" /><D80/><U75/><E75/><V117/><F128/><W101/><G65/><N who="0" m="41399" /><D52/><U46/><E55/><V9/><F133/><W127/><G22/><T29/><D29/><U116/><E30/><V4/><F117/><W34/><G34/><T108/><N who="0" m="41489" /><T51/><DORA hai="39" /><D51/><U122/><E33/><V42/><F42/><W72/><G113/><T24/><D24/><U83/><E116/><V20/><F59/><W70/><G70/><T53/><D53/><U91/><E69/><V64/><F64/><W13/><G13/><T8/><D8/><U41/><E41/><V3/><F9/><W135/><G135/><T118/><D118/><U60/><E83/><V56/><F56/><W57/><G57/><T88/><D88/><U73/><E91/><V61/><F10/><W102/><REACH who="3" step="1"/><G89/><REACH who="3" ten="250,250,250,240" step="2"/><T54/><D54/><U25/><E132/><V16/><F61/><W121/><G121/><T11/><D11/><N who="1" m="2479" /><E122/><V40/><F7/><W43/><G43/><T2/><D2/><U23/><E60/><V87/><F40/><W90/><G90/><T32/><D32/><U99/><E63/><V50/><F50/><W26/><G26/><T93/><D12/><U119/><E25/><V129/><F6/><W44/><G44/><T37/><D37/><U134/><E45/><V130/><F4/><W66/><G66/><T58/><D58/><U17/><E46/><V98/><F3/><W68/><G68/><T120/><D120/><U67/><E134/><RYUUKYOKU ba="0,1" sc="250,-10,250,-10,250,-10,240,30" hai3="72,78,82,85,86,100,101,102,104,105,124,125,127" /><INIT seed="1,1,1,1,3,37" ten="240,240,240,270" oya="1" hai0="25,120,113,39,52,54,92,17,57,90,80,13,31" hai1="71,123,21,2,129,15,91,11,62,51,134,135,45" hai2="101,94,111,103,12,116,29,8,6,9,79,22,84" hai3="36,69,108,105,117,115,59,76,30,63,81,65,130"/><U100/><E123/><V98/><F116/><W14/><G105/><T93/><D113/><U132/><E100/><V38/><F38/><W122/><G30/><T114/><D114/><U49/><E129/><V110/><F9/><W127/><G36/><T44/><D120/><U82/><E2/><V4/><F4/><W124/><G115/><T43/><D80/><U107/><E107/><V33/><F33/><W60/><G122/><T133/><D133/><U3/><E3/><V66/><F66/><W106/><G106/><T42/><D42/><U58/><E21/><V77/><F101/><W10/><G117/><T104/><D104/><U118/><E71/><V73/><F73/><W96/><G96/><T47/><D47/><U68/><E68/><V20/><F20/><W27/><G27/><T16/><D13/><U85/><E118/><V23/><F23/><W34/><G108/><N who="2" m="41513" /><F84/><W86/><G130/><T97/><D92/><U53/><REACH who="1" step="1"/><E45/><REACH who="1" ten="240,230,240,270" step="2"/><V5/><F22/><W32/><G32/><T72/><D44/><U102/><E102/><V126/><F29/><W78/><G34/><T46/><D31/><U125/><E125/><V64/><F126/><W50/><G124/><T75/><D46/><U1/><E1/><V28/><F28/><W87/><G127/><T112/><D112/><U26/><E26/><V70/><F70/><W74/><G69/><T55/><D25/><U7/><AGARI ba="1,2" hai="7,11,15,49,51,53,58,62,82,85,91,132,134,135" machi="7" ten="30,11700,0" yaku="1,1,0,1,20,1,53,1" doraHai="37" doraHaiUra="83" who="1" fromWho="1" sc="240,-40,230,140,240,-40,270,-40" /><INIT seed="1,2,0,4,4,46" ten="200,370,200,230" oya="1" hai0="115,119,9,88,121,95,63,74,131,10,72,41,112" hai1="27,92,117,0,73,103,77,37,23,47,116,83,28" hai2="42,43,2,113,100,114,12,82,36,94,101,90,38" hai3="85,124,50,24,26,11,14,108,20,57,34,56,17"/><U71/><E71/><V81/><F2/><W80/><G108/><T30/><D119/><U40/><REACH who="1" step="1"/><E0/><REACH who="1" ten="200,360,200,230" step="2"/><V133/><F114/><W75/><G124/><T87/><D112/><U21/><E21/><V54/><F113/><W53/><G34/><T70/><D115/><U39/><E39/><V127/><F127/><W45/><G75/><T118/><D72/><U65/><E65/><V110/><F110/><W49/><G20/><T4/><D70/><U5/><E5/><V61/><F36/><W105/><G105/><T60/><D74/><U84/><E84/><V125/><F38/><W52/><G57/><T67/><D4/><U68/><E68/><V22/><F125/><W35/><G35/><T102/><D67/><U107/><E107/><V132/><F132/><W7/><G7/><T55/><D9/><U48/><E48/><V51/><F133/><W44/><G56/><T3/><D10/><U126/><E126/><V99/><F61/><W64/><G64/><T120/><D3/><U31/><E31/><V106/><F106/><W62/><G62/><T25/><D60/><U89/><E89/><AGARI ba="2,1" hai="11,14,17,24,26,44,45,49,50,52,53,80,85,89" machi="89" ten="30,16000,3" yaku="7,1,9,1,25,2,8,1,52,2,54,1" doraHai="46" who="3" fromWho="1" sc="200,0,360,-166,200,0,230,176" /><INIT seed="2,0,0,2,5,72" ten="200,194,200,406" oya="2" hai0="28,96,77,35,10,32,128,65,15,94,33,83,5" hai1="95,51,48,14,73,16,118,101,20,75,17,135,57" hai2="111,3,126,39,50,9,45,37,2,122,106,100,46" hai3="134,132,36,133,80,91,7,107,29,55,44,22,47"/><V82/><F122/><W92/><G107/><T129/><D65/><U85/><E118/><V24/><F126/><W116/><G116/><T23/><D23/><U11/><E135/><V76/><F111/><W34/><G34/><T0/><D0/><U68/><E68/><V93/><F106/><W74/><G7/><T62/><D62/><U102/><E73/><V6/><F3/><W89/><G55/><T8/><D8/><U90/><E75/><V42/><F24/><N who="3" m="16535" /><G36/><T79/><D28/><U43/><E48/><V54/><F93/><W25/><G25/><T40/><D40/><U120/><E120/><V31/><F31/><W18/><G18/><T84/><REACH who="0" step="1"/><D77/><REACH who="0" ten="190,194,200,406" step="2"/><U114/><E114/><V64/><F64/><W58/><G133/><T130/><D130/><U4/><E17/><V123/><F123/><W109/><G132/><T53/><D53/><N who="1" m="31935" /><E43/><V30/><F30/><W49/><G134/><T19/><D19/><U71/><E71/><V131/><F131/><W86/><G109/><T117/><D117/><U124/><E124/><V104/><F39/><W105/><G105/><T97/><D97/><U13/><AGARI ba="0,1" hai="4,11,13,14,16,20,85,90,95,101,102" m="31935" machi="13" ten="30,4000,0" yaku="25,1,8,1,54,1" doraHai="72" who="1" fromWho="1" sc="190,-10,194,50,200,-20,406,-10" /><INIT seed="3,0,0,2,0,129" ten="180,244,180,396" oya="3" hai0="31,65,103,16,43,5,27,41,120,95,66,80,115" hai1="14,37,127,56,110,20,77,10,40,34,130,94,100" hai2="2,19,6,79,39,24,46,18,70,54,111,116,11" hai3="117,122,0,36,87,73,131,64,33,21,106,4,118"/><W81/><G21/><N who="0" m="15855" /><D120/><U68/><E20/><V89/><F116/><W90/><G90/><T107/><D107/><U45/><E56/><V67/><F111/><W76/><G87/><T105/><D105/><U23/><E94/><V92/><F79/><W83/><G83/><T125/><D125/><U49/><E23/><V9/><F24/><W85/><G85/><T3/><D3/><U97/><E10/><V112/><F112/><W22/><G22/><T52/><D115/><U1/><E34/><V8/><F8/><W63/><G81/><T25/><D5/><U29/><E29/><V72/><F72/><W123/><G63/><T61/><D80/><U60/><E1/><V102/><F102/><W26/><G26/><T133/><D133/><U108/><E100/><V128/><F128/><W55/><G55/><T50/><D61/><U98/><E60/><V62/><F11/><W135/><G64/><N who="0" m="24683" /><D16/><U59/><E77/><V51/><F39/><W96/><G76/><T84/><D25/><U126/><E37/><V88/><F89/><W121/><G36/><T114/><D114/><U99/><E130/><V113/><F113/><W124/><G131/><T7/><D7/><U91/><E91/><V132/><F132/><W69/><G135/><T28/><D28/><U101/><E101/><V15/><F2/><W75/><G121/><T53/><D53/><U104/><E104/><V109/><F109/><W48/><G0/><T93/><D84/><AGARI ba="0,0" hai="6,9,15,18,19,46,51,54,62,67,70,84,88,92" machi="84" ten="30,2000,0" yaku="7,1,54,1" doraHai="129" who="2" fromWho="0" sc="180,-20,244,0,180,20,396,0" owari="160,-34.0,244,4.4,200,-20.0,396,49.6" /></mjloggm>