<mjloggm ver="2.3"><GO type="225" lobby="0"/><UN n0="%2D%E8%B1%8A%E5%8F%A3%E3%82%81%E3%81%90%E3%81%BF%2D" n1="%E3%81%A4%E3%81%A3%E3%81%B1%E3%82%8A%E3%83%9D%E3%83%BC%E3%83%AB" n2="%E3%83%96%E3%83%83%E3%83%91%E3%82%AA%E3%83%96%E3%83%81%E3%82%AD%E3%83%B3" n3="%E3%82%A4%E3%83%BC%E3%82%B1%E3%83%97%E3%83%A9" dan="17,17,16,17" rate="2194.55,2130.11,2204.38,2217.32" sx="F,M,M,M"/><TAIKYOKU oya="0"/><INIT seed="0,0,0,3,1,133" ten="250,250,250,250" oya="0" hai0="52,83,38,41,46,99,64,119,74,4,47,132,85" hai1="118,48,131,130,62,13,68,60,20,73,45,134,86" hai2="72,128,53,25,71,55,65,58,12,121,89,120,50" hai3="11,49,91,27,18,8,115,94,127,28,126,105,54"/><T76/><D119/><U37/><E73/><V14/><F72/><W84/><G105/><T21/><D132/><U98/><E134/><V87/><F128/><N who="1" m="49193" /><E118/><V16/><F25/><W39/><G39/><T24/><D64/><U90/><E37/><V77/><F77/><W101/><G101/><T40/><D4/><U104/><E68/><V0/><F0/><W75/><G75/><T36/><D99/><U34/><E34/><V92/><F12/><W29/><G115/><T88/><D52/><N who="1" m="29711" /><E98/><V102/><F102/><W106/><G106/><T2/><D2/><U124/><E124/><N who="3" m="47658" /><G18/><T112/><D112/><U7/><E104/><V100/><F100/><W110/><G110/><T63/><D63/><U135/><E135/><V96/><F96/><W109/><G109/><T56/><D56/><U1/><E1/><V22/><F55/><W61/><G61/><AGARI ba="0,0" hai="14,16,22,50,53,58,61,65,71,87,89,92,120,121" machi="61" ten="40,5200,0" yaku="25,2,54,1" doraHai="133" who="2" fromWho="3" sc="250,0,250,0,250,52,250,-52" /><INIT seed="1,0,0,2,4,1" ten="250,250,302,198" oya="1" hai0="45,21,112,123,126,53,57,49,0,35,55,69,8" hai1="76,131,15,82,54,40,68,122,71,115,127,84,3" hai2="4,70,5,17,48,103,66,83,105,11,42,111,75" hai3="33,89,20,102,46,117,96,12,120,9,132,23,67"/><U44/><E115/><V32/><F32/><W87/><G120/><T104/><D112/><U26/><E122/><V73/><F111/><W135/><G33/><T107/><D35/><U19/><E131/><V13/><F105/><W124/><G124/><T25/><D69/><U98/><E127/><V133/><F103/><W7/><G117/><T79/><D79/><U130/><E130/><V97/><F133/><W64/><G46/><T2/><D126/><U113/><E3/><V36/><F36/><W101/><G67/><T14/><D0/><U121/><E121/><V58/><F97/><W43/><G64/><T125/><D2/><U41/><E113/><V50/><F70/><W27/><G43/><T74/><D74/><U52/><E71/><V91/><F73/><W39/><G39/><T24/><D123/><U118/><E68/><V37/><F37/><W94/><G102/><T61/><D25/><U109/><E118/><V38/><F38/><W110/><G110/><T93/><D93/><U62/><E26/><V108/><F108/><W92/><REACH who="3" step="1"/><G20/><REACH who="3" ten="250,250,302,188" step="2"/><T90/><D125/><U65/><E65/><V88/><F42/><N who="1" m="16489" /><E44/><V114/><F114/><W18/><AGARI ba="0,1" hai="7,9,12,18,23,27,87,89,92,94,96,101,132,135" machi="18" ten="30,4000,0" yaku="1,1,0,1,52,1,53,0" doraHai="1" doraHaiUra="47" who="3" fromWho="3" sc="250,-10,250,-20,302,-10,188,50" /><INIT seed="2,0,0,4,2,100" ten="240,230,292,238" oya="2" hai0="127,131,72,4,58,124,64,5,67,69,12,11,31" hai1="44,105,46,66,34,13,54,123,103,59,18,76,110" hai2="129,0,23,49,17,42,6,87,104,25,83,134,114" hai3="75,36,101,43,111,39,3,50,120,70,90,88,28"/><V62/><F114/><W71/><G3/><T65/><D72/><U133/><E34/><V92/><F129/><W26/><G75/><T1/><D131/><U51/><E110/><V107/><F92/><W38/><G120/><T21/><D69/><U116/><E116/><V112/><F112/><W32/><G101/><T35/><D5/><U86/><E123/><V99/><F99/><W53/><G43/><T108/><D108/><U115/><E115/><V95/><F95/><W41/><G41/><T121/><D121/><U79/><E133/><V20/><F134/><W29/><G29/><T10/><D10/><U128/><E128/><V30/><F62/><W16/><G111/><T113/><D113/><U22/><E66/><V130/><F130/><W19/><G70/><T102/><D102/><U82/><REACH who="1" step="1"/><E79/><REACH who="1" ten="240,220,292,238" step="2"/><V14/><F0/><W126/><G126/><T55/><D35/><U117/><E117/><V122/><F122/><W37/><N who="3" m="9216" /><DORA hai="52" /><W63/><G90/><T85/><D127/><U118/><E118/><V68/><F68/><W61/><G88/><T89/><D124/><U132/><E132/><V74/><F6/><W9/><G71/><T84/><D89/><U135/><E135/><V125/><F125/><W73/><G73/><T78/><D78/><U56/><E56/><V109/><F74/><W93/><G93/><T33/><D33/><U48/><E48/><V45/><F109/><W57/><REACH who="3" step="1"/><G19/><REACH who="3" ten="240,220,292,228" step="2"/><N who="0" m="10471" /><D31/><U97/><AGARI ba="0,2" hai="13,18,22,44,46,51,54,59,76,82,86,97,103,105" machi="97" ten="30,8000,1" yaku="1,1,0,1,52,2,53,1" doraHai="100,52" doraHaiUra="119,77" who="1" fromWho="1" sc="240,-20,220,100,292,-40,228,-20" /><INIT seed="3,0,0,3,4,97" ten="220,320,252,208" oya="3" hai0="134,46,14,72,86,62,55,64,12,130,9,27,65" hai1="33,66,22,87,50,48,100,79,1,94,104,35,95" hai2="57,88,71,89,26,98,17,115,28,127,107,120,54" hai3="128,99,84,93,96,7,25,83,53,60,82,106,37"/><W51/><G128/><T75/><D130/><U59/><E1/><V3/><F115/><W124/><G124/><T63/><D134/><U29/><E104/><V4/><F71/><W20/><G37/><T8/><D27/><N who="1" m="16631" /><E33/><V133/><F17/><W52/><G106/><T41/><D86/><U132/><E35/><V56/><F127/><W122/><G122/><T11/><D55/><U58/><E132/><V90/><F133/><W10/><G60/><N who="0" m="23083" /><D46/><U34/><E34/><V69/><F69/><W68/><G68/><T91/><D91/><N who="1" m="53631" /><E79/><V0/><F120/><W70/><G70/><T6/><D6/><U74/><E74/><N who="0" m="28201" /><D41/><U16/><E16/><V23/><F4/><W112/><G112/><T92/><D92/><U43/><E43/><V78/><F78/><N who="3" m="46167" /><G83/><T32/><D32/><U36/><E36/><V85/><F107/><W15/><G51/><N who="1" m="19498" /><E66/><AGARI ba="0,0" hai="8,9,11,12,14,64,65,66" m="28201,23083" machi="66" ten="40,2600,0" yaku="28,2" doraHai="97" who="0" fromWho="1" sc="220,26,320,-26,252,0,208,0" /><INIT seed="4,0,0,4,3,63" ten="246,294,252,208" oya="0" hai0="11,42,94,133,6,85,41,37,107,81,89,75,24" hai1="31,55,132,60,105,38,116,70,28,59,112,18,20" hai2="95,52,9,90,72,114,93,62,35,68,92,80,83" hai3="66,77,118,104,14,87,57,78,47,126,106,34,125"/><T27/><D107/><N who="3" m="41001" /><G34/><T67/><D133/><U26/><E116/><V33/><F72/><W19/><G47/><T17/><D37/><U113/><E132/><V122/><F122/><W117/><G57/><T109/><D109/><U25/><E105/><V65/><F114/><N who="1" m="44137" /><E38/><V71/><F71/><W123/><G66/><T43/><D67/><N who="1" m="41319" /><E26/><V0/><F52/><W79/><G123/><T21/><D75/><U111/><E111/><V5/><REACH who="2" step="1"/><F90/><REACH who="2" ten="246,294,242,208" step="2"/><W128/><G128/><T40/><D89/><U36/><E36/><V10/><F10/><N who="3" m="6615" /><G87/><T101/><D85/><U30/><E30/><V64/><F64/><W127/><AGARI ba="0,1" hai="77,78,79,117,118,125,126,127" m="6615,41001" machi="127" ten="40,1500,0" yaku="18,1" doraHai="63" who="3" fromWho="3" sc="246,-7,294,-4,242,-4,208,25" /><INIT seed="5,0,0,4,1,117" ten="239,290,238,233" oya="1" hai0="81,124,22,115,17,6,50,44,96,108,63,66,16" hai1="102,94,47,90,133,89,129,75,36,130,132,26,31" hai2="14,107,92,52,114,57,70,95,1,97,38,110,8" hai3="19,61,109,125,91,82,74,79,24,87,18,21,69"/><U78/><E78/><V84/><F110/><W54/><G109/><T101/><D108/><U49/><E36/><V126/><F126/><W60/><G125/><T51/><D115/><U71/><E71/><V4/><F114/><W134/><G134/><N who="1" m="51818" /><E102/><V53/><F38/><W104/><G104/><T28/><D6/><U33/><E75/><V59/><F70/><W127/><G127/><T120/><D51/><U20/><E33/><V111/><F111/><W99/><G69/><T62/><D17/><U123/><E123/><V65/><F107/><W32/><G32/><T135/><D22/><U15/><E15/><V93/><F1/><W41/><G41/><T43/><D96/><N who="1" m="57423" /><E90/><V9/><F14/><W103/><G103/><T7/><D16/><U85/><E85/><V56/><F84/><W119/><G119/><T5/><D101/><U88/><E88/><V118/><F118/><W2/><G2/><T0/><D0/><U23/><E20/><V83/><F97/><W37/><G37/><T68/><D124/><U3/><E3/><V29/><F83/><N who="3" m="45559" /><G99/><T106/><D135/><U35/><E35/><V121/><F121/><W112/><G112/><T27/><D120/><U48/><E48/><N who="2" m="30727" /><F29/><N who="3" m="17551" /><G61/><N who="0" m="40015" /><D81/><U86/><E86/><V116/><F116/><W25/><G25/><T30/><D106/><U73/><E73/><V98/><F98/><W80/><G80/><T77/><D77/><U64/><E64/><V131/><F4/><N who="0" m="1610" /><D27/><U39/><E39/><V122/><F122/><W76/><G76/><T105/><D105/><U10/><E10/><V128/><F65/><W13/><G13/><RYUUKYOKU ba="0,0" sc="239,10,290,10,238,-30,233,10" hai0="28,30,43,44,50,62,63" hai1="23,26,31,47,49,129,130" hai3="18,19,54,60,82,87,91" owari="249,4.9,300,40.0,208,-29.2,243,-15.7" /></mjloggm>