<mjloggm ver="2.3"><GO type="225" lobby="0"/><UN n0="%E3%81%8B%E3%82%8F%E3%81%A1%E3%82%83%E3%82%93%35%38" n1="%E6%80%AA%E3%81%97%E3%81%99%E3%81%8E%E3%82%8B%E3%83%81%E3%83%BC" n2="%E3%81%95%E3%81%8D%E3%81%9F%E3%81%BE%E6%9E%97%E6%AA%8E" n3="%E9%A2%A8%E3%81%A7%E9%B3%B4%E3%81%8F" dan="16,16,16,17" rate="2144.31,2103.15,2120.18,2203.98" sx="M,M,M,M"/><TAIKYOKU oya="0"/><INIT seed="0,0,0,0,2,20" ten="250,250,250,250" oya="0" hai0="22,97,25,3,46,122,96,131,113,18,48,128,0" hai1="87,29,89,40,134,84,56,85,73,93,9,37,27" hai2="14,51,135,26,116,91,99,66,28,126,133,8,31" hai3="127,21,45,35,94,30,24,1,50,43,132,11,111"/><T104/><D113/><U33/><E73/><V34/><F126/><W129/><G127/><T114/><D122/><U64/><E134/><N who="2" m="51211" /><F116/><W10/><G132/><T32/><D114/><U105/><E105/><V106/><F66/><W90/><G111/><T58/><D58/><U83/><E9/><V42/><F91/><W103/><G129/><N who="0" m="49739" /><D32/><U112/><E112/><V86/><F86/><W77/><G1/><N who="0" m="587" /><D104/><U71/><E71/><V130/><F130/><W44/><G35/><T17/><D18/><U79/><E85/><V119/><F31/><W92/><G77/><T78/><D78/><U124/><E124/><V81/><F119/><W74/><G74/><T102/><D102/><U60/><E40/><AGARI ba="0,0" hai="17,22,25,40,46,48,96,97" m="587,49739" machi="40" ten="30,2900,0" yaku="19,1,52,1" doraHai="20" who="0" fromWho="1" sc="250,29,250,-29,250,0,250,0" /><INIT seed="0,1,0,1,3,54" ten="279,221,250,250" oya="0" hai0="3,18,75,118,89,43,76,95,128,116,37,97,121" hai1="64,81,86,17,63,39,85,126,46,80,108,133,119" hai2="21,11,100,53,73,2,79,102,7,28,14,26,42" hai3="130,50,32,27,82,93,13,49,122,127,20,78,117"/><T70/><D70/><U114/><E119/><V67/><F67/><W111/><G117/><T33/><D33/><U6/><E108/><V105/><F42/><W34/><G111/><T90/><D3/><U110/><E110/><V109/><F109/><W12/><G127/><T120/><D18/><U61/><E126/><V62/><F105/><W98/><G130/><T25/><D25/><U96/><E133/><V19/><F73/><W129/><G129/><T0/><D0/><U106/><E114/><V74/><F74/><W131/><G131/><T57/><D43/><U99/><E6/><V58/><REACH who="2" step="1"/><F79/><REACH who="2" ten="279,221,240,250" step="2"/><W134/><G78/><T48/><D76/><U44/><E106/><V36/><F36/><W77/><G134/><T40/><D40/><U135/><E135/><V8/><AGARI ba="1,1" hai="2,7,8,11,14,19,21,26,28,53,58,62,100,102" machi="8" ten="20,5200,0" yaku="1,1,0,1,7,1,52,1,53,0" doraHai="54" doraHaiUra="29" who="2" fromWho="2" sc="279,-27,221,-14,240,65,250,-14" /><INIT seed="1,0,0,2,4,106" ten="252,207,305,236" oya="1" hai0="36,114,67,80,108,21,32,115,81,119,28,113,105" hai1="23,76,77,92,38,100,63,45,19,101,48,85,73" hai2="12,87,112,66,14,118,16,35,124,58,61,131,116" hai3="54,109,9,104,125,42,46,43,22,102,103,39,44"/><U49/><E73/><V129/><F35/><W97/><G109/><T133/><D119/><U10/><E38/><V29/><F29/><W79/><G125/><T107/><D36/><U59/><E10/><V1/><F1/><W120/><G120/><T96/><D32/><U51/><E45/><V40/><F124/><W91/><G79/><N who="1" m="30282" /><E92/><V86/><F112/><W50/><G43/><T78/><D107/><U134/><E85/><N who="2" m="32267" /><F12/><W6/><G22/><T4/><D105/><U72/><E72/><V56/><F56/><W69/><G69/><T31/><D114/><U84/><E84/><V111/><F111/><W62/><G62/><T126/><D126/><U123/><E134/><V13/><F13/><W17/><G17/><T60/><D108/><U20/><E123/><V26/><F26/><W5/><G91/><T24/><D133/><U3/><E3/><V8/><F40/><W11/><REACH who="3" step="1"/><G102/><REACH who="3" ten="252,207,305,226" step="2"/><N who="1" m="39530" /><E19/><V122/><F122/><W33/><G33/><T47/><D115/><U90/><E90/><V83/><F83/><W18/><G18/><T82/><D113/><U110/><E110/><V64/><F118/><W27/><G27/><T71/><D78/><U70/><E70/><V135/><F135/><W7/><AGARI ba="0,1" hai="5,6,7,9,11,39,42,44,46,50,54,97,103,104" machi="7" ten="30,2000,0" yaku="1,1,0,1,53,0" doraHai="106" doraHaiUra="121" who="3" fromWho="3" sc="252,-5,207,-10,305,-5,226,30" /><INIT seed="2,0,0,5,0,52" ten="247,197,300,256" oya="2" hai0="43,34,121,126,106,64,104,44,48,16,55,76,95" hai1="91,54,33,110,132,10,119,108,122,13,82,83,67" hai2="112,29,4,19,116,125,77,75,79,78,24,28,20" hai3="88,115,46,113,38,93,11,0,41,134,107,117,103"/><V86/><F112/><N who="3" m="43083" /><G117/><T114/><D121/><U72/><E119/><V8/><F116/><W57/><G134/><T31/><D114/><U92/><E33/><V68/><F68/><W58/><G103/><T69/><D126/><U96/><E132/><V25/><F125/><W135/><G107/><T27/><D76/><U42/><E122/><V111/><F111/><N who="1" m="42537" /><E72/><V128/><F128/><W100/><G100/><T62/><D95/><U66/><E54/><V118/><F118/><W36/><G36/><T26/><REACH who="0" step="1"/><D55/><REACH who="0" ten="237,197,300,256" step="2"/><U130/><E130/><V32/><F75/><W12/><G135/><T71/><D71/><U3/><E42/><V61/><F78/><W85/><G0/><T15/><D15/><U97/><E3/><V45/><F79/><W21/><G21/><AGARI ba="0,1" hai="16,21,26,27,31,34,43,44,48,62,64,69,104,106" machi="21" ten="40,2600,0" yaku="1,1,54,1,53,0" doraHai="52" doraHaiUra="9" who="0" fromWho="3" sc="237,36,197,0,300,0,256,-26" /><INIT seed="3,0,0,0,1,69" ten="273,197,300,230" oya="3" hai0="135,34,7,33,124,107,85,114,70,67,6,1,27" hai1="17,105,20,118,89,92,83,65,122,31,30,42,112" hai2="29,133,55,109,48,103,44,119,68,13,45,99,108" hai3="39,127,86,126,37,97,81,50,22,57,101,96,78"/><W56/><G22/><T49/><D107/><U121/><E105/><V26/><F133/><W35/><G35/><T80/><D135/><U32/><E112/><V46/><F119/><W0/><G0/><T90/><D114/><U123/><E118/><V41/><F68/><W38/><G97/><T72/><D124/><N who="3" m="47657" /><G50/><T62/><D72/><U10/><E65/><V91/><F13/><W66/><G66/><T9/><D27/><U43/><E10/><V16/><F91/><W87/><G87/><T63/><D63/><U132/><E132/><V120/><F120/><W47/><G47/><T82/><D7/><U98/><E83/><V100/><F46/><W4/><G4/><T95/><D82/><U71/><E71/><V58/><F45/><W18/><G18/><T115/><D115/><U128/><E128/><V76/><F16/><W104/><AGARI ba="0,0" hai="37,38,39,56,57,78,81,86,96,101,104" m="47657" machi="104" ten="40,12000,1" yaku="18,1,52,3" doraHai="69" who="3" fromWho="3" sc="273,-40,197,-40,300,-40,230,120" owari="233,-16.7,157,-34.3,260,6.0,350,45.0" /></mjloggm>