<mjloggm ver="2.3"><GO type="225" lobby="0"/><UN n0="%E3%83%96%E3%83%83%E3%83%91%E3%82%AA%E3%83%96%E3%83%81%E3%82%AD%E3%83%B3" n1="%E3%83%B4%E3%82%A3%E3%83%AF%E3%82%B3%E3%82%B0%E3%83%8B" n2="%E6%9D%B1%E9%A2%A8%E3%81%AE%E3%81%8D%E3%82%83%E3%81%B7%E3%81%95%E3%82%93" n3="%70%6F%69%73%6F%6E%30%32" dan="16,17,16,16" rate="2201.51,2208.54,2173.50,2061.57" sx="M,M,M,M"/><TAIKYOKU oya="0"/><INIT seed="0,0,0,0,4,89" ten="250,250,250,250" oya="0" hai0="6,10,47,79,133,92,52,59,125,108,19,48,120" hai1="109,20,4,64,29,1,38,60,31,12,106,84,103" hai2="28,132,62,115,72,101,91,11,66,42,58,5,119" hai3="94,53,82,96,112,86,75,128,113,95,2,57,56"/><T83/><D120/><U0/><E109/><V122/><F115/><W124/><G2/><T111/><D125/><U90/><E38/><V105/><F132/><W130/><G75/><T131/><D133/><U14/><E0/><V126/><F72/><W129/><G124/><T27/><D131/><U32/><E1/><V41/><F122/><W35/><G35/><T16/><D27/><N who="1" m="18559" /><E29/><V114/><F114/><N who="3" m="44139" /><G96/><T78/><D6/><U24/><E20/><V67/><F126/><W44/><G44/><T37/><D79/><U102/><E102/><V68/><F28/><W73/><G73/><N who="0" m="43471" /><D10/><U65/><E65/><V18/><F18/><W13/><G13/><T80/><D80/><U116/><E116/><V118/><F67/><W54/><G57/><T49/><D37/><U121/><E24/><V99/><F68/><W45/><G45/><T46/><D46/><U127/><E4/><V7/><F7/><W23/><G23/><T71/><D71/><N who="1" m="42375" /><E121/><V17/><F17/><W43/><G43/><N who="0" m="24703" /><D92/><N who="3" m="35369" /><G56/><T55/><D55/><U21/><E21/><V26/><F26/><W61/><G61/><T8/><D8/><U97/><E127/><V39/><F39/><W87/><G87/><T74/><D74/><U135/><E135/><V81/><F42/><W9/><G9/><T50/><D50/><U30/><E30/><V15/><F41/><W3/><G3/><T93/><D93/><AGARI ba="0,0" hai="12,14,84,90,93,97,103,106" m="42375,18559" machi="93" ten="30,2000,0" yaku="25,1,52,1" doraHai="89" who="1" fromWho="0" sc="250,-20,250,20,250,0,250,0" /><INIT seed="1,0,0,5,2,21" ten="230,270,250,250" oya="1" hai0="40,46,115,85,27,17,117,89,101,44,103,20,12" hai1="87,91,110,107,108,38,59,125,3,134,130,14,102" hai2="75,29,19,15,47,61,60,72,26,33,66,84,31" hai3="124,67,113,86,68,82,69,2,34,52,97,39,24"/><U116/><E3/><V62/><F66/><W121/><G113/><T23/><D115/><U18/><E38/><V56/><F56/><W99/><G121/><T135/><D135/><U11/><E134/><V53/><F84/><W126/><G2/><T1/><D117/><U133/><E133/><V112/><F31/><N who="3" m="19815" /><G39/><T127/><D127/><N who="3" m="48681" /><G52/><T57/><D57/><U77/><E125/><V43/><F53/><W54/><G54/><T131/><D131/><U50/><E130/><V114/><F114/><W13/><G13/><T122/><D1/><U90/><E116/><V100/><F100/><W9/><G9/><T76/><D76/><U98/><E59/><V48/><REACH who="2" step="1"/><F112/><REACH who="2" ten="230,270,240,250" step="2"/><W71/><G67/><T132/><D132/><U120/><E87/><V73/><F73/><W104/><G104/><T35/><D122/><U6/><E120/><V49/><F49/><W28/><G28/><N who="0" m="17535" /><D35/><U22/><E50/><V81/><F81/><W65/><G65/><T105/><D105/><U95/><E107/><V83/><F83/><W106/><G106/><T25/><D103/><U74/><E74/><V0/><F0/><W109/><G109/><T5/><D101/><U128/><E110/><V51/><F51/><W94/><G94/><N who="0" m="54575" /><D40/><U45/><E108/><V16/><F16/><W78/><AGARI ba="0,1" hai="68,69,71,78,82,86,97,99" m="48681,19815" machi="78" ten="40,2700,0" yaku="18,1,52,1" doraHai="21" who="3" fromWho="3" sc="230,-7,270,-13,240,-7,250,37" /><INIT seed="2,0,0,2,3,97" ten="223,257,233,287" oya="2" hai0="7,86,30,57,122,82,1,8,113,54,49,61,72" hai1="65,12,46,128,14,80,2,132,78,29,22,3,133" hai2="39,120,20,34,18,109,64,89,73,27,134,43,47" hai3="19,95,59,52,16,50,38,114,71,17,111,92,101"/><V45/><F120/><W13/><G111/><T135/><D122/><U84/><E128/><V74/><F34/><W115/><G71/><T76/><D135/><N who="1" m="51787" /><E65/><V58/><F134/><W105/><G38/><T11/><D113/><N who="3" m="43017" /><G13/><N who="1" m="5226" /><E46/><V68/><F109/><W42/><G42/><T9/><D30/><U51/><E51/><V83/><F47/><W41/><G41/><T127/><D127/><U75/><E75/><V23/><F23/><W62/><G50/><T24/><D24/><AGARI ba="0,0" hai="2,3,22,24,29,78,80,84" m="5226,51787" machi="24" ten="30,1000,0" yaku="20,1" doraHai="97" who="1" fromWho="0" sc="223,-10,257,10,233,0,287,0" /><INIT seed="3,0,0,5,4,47" ten="213,267,233,287" oya="3" hai0="127,55,25,52,114,117,51,132,15,130,100,115,54" hai1="92,36,46,116,56,135,62,99,9,14,63,65,68" hai2="78,41,30,109,16,118,120,129,21,112,108,67,77" hai3="74,102,95,61,122,6,123,22,29,0,37,57,81"/><W98/><G37/><T131/><D117/><U110/><E110/><N who="2" m="42603" /><F118/><W38/><G38/><T8/><D127/><U113/><E116/><V121/><F67/><N who="3" m="39343" /><G6/><N who="0" m="3479" /><D132/><U82/><E113/><N who="0" m="43017" /><D100/><U2/><E2/><V76/><F112/><W84/><G74/><T89/><D89/><U58/><E82/><V72/><F30/><W28/><G0/><T107/><D107/><U35/><E35/><V119/><F119/><W59/><G59/><N who="0" m="33183" /><D25/><U4/><E135/><V7/><F7/><W44/><G123/><N who="2" m="47177" /><F41/><W96/><G122/><T11/><D11/><U43/><E63/><V1/><F1/><W20/><G44/><T64/><D64/><U106/><E106/><V128/><F72/><W69/><G98/><T83/><D83/><U85/><E85/><V49/><F49/><W27/><G69/><T73/><D73/><U103/><AGARI ba="0,0" hai="4,9,14,36,43,46,56,58,62,65,68,92,99,103" machi="103" ten="20,1500,0" yaku="0,1,7,1" doraHai="47" who="1" fromWho="1" sc="213,-4,267,15,233,-4,287,-7" /><INIT seed="4,0,0,3,4,99" ten="209,282,229,280" oya="0" hai0="15,49,32,29,109,63,89,87,103,104,97,106,129" hai1="91,107,112,50,72,67,35,16,79,27,3,82,68" hai2="93,18,76,41,120,61,86,113,80,1,58,31,64" hai3="71,75,11,95,4,25,34,88,2,130,81,110,105"/><T123/><D123/><U30/><E3/><V26/><F120/><W42/><G110/><T33/><D129/><U114/><E107/><V66/><F113/><N who="1" m="43625" /><E16/><V116/><F116/><W23/><G71/><T13/><D109/><U132/><E132/><V40/><F1/><W62/><G62/><T53/><D106/><U135/><E135/><V96/><F66/><W128/><G34/><T38/><D38/><U10/><E10/><V85/><F85/><W48/><G105/><T59/><D63/><N who="1" m="40063" /><E91/><V117/><F18/><W90/><G75/><T24/><REACH who="0" step="1"/><D32/><REACH who="0" ten="199,282,229,280" step="2"/><N who="1" m="20575" /><E50/><V92/><F117/><W12/><G130/><T115/><D115/><U124/><E35/><V46/><F46/><W14/><G128/><T121/><D121/><U126/><AGARI ba="0,1" hai="72,79,82,124,126" m="20575,40063,43625" machi="126" ten="30,4000,0" yaku="15,1,11,1,23,1" doraHai="99" who="1" fromWho="1" sc="199,-20,282,50,229,-10,280,-10" owari="179,-32.1,332,43.2,219,-18.1,270,7.0" /></mjloggm>