<mjloggm ver="2.3"><GO type="225" lobby="0"/><UN n0="%E5%B8%86%E7%AB%8B%E5%A4%8F%E8%A1%A3" n1="%E5%91%A8%E6%9D%B1" n2="%E5%8D%A0%E3%81%84%E5%B8%AB%E8%A3%8F%E3%81%AA%E3%81%84%E3%81%97" n3="%E5%82%8D%E8%8B%A5%E7%84%A1%E4%BA%BA%35%31" dan="17,17,17,16" rate="2171.30,2252.84,2173.72,2158.79" sx="M,M,M,M"/><TAIKYOKU oya="0"/><INIT seed="0,0,0,1,5,34" ten="250,250,250,250" oya="0" hai0="87,92,44,28,111,58,105,77,94,23,54,67,131" hai1="57,78,90,62,129,88,33,61,31,47,116,86,97" hai2="26,95,52,48,126,13,121,96,40,124,59,66,17" hai3="125,53,70,45,99,5,24,51,20,38,8,39,32"/><T41/><D105/><U127/><E116/><V135/><F135/><W22/><G125/><N who="2" m="48233" /><F121/><W133/><G133/><T30/><D131/><U85/><E129/><V69/><F40/><W122/><G122/><T15/><D67/><U107/><E127/><V18/><F26/><W63/><G32/><T7/><D111/><U49/><E33/><V46/><F69/><W102/><G22/><T91/><D77/><U119/><E119/><V2/><F2/><W130/><G130/><T89/><D7/><U65/><E31/><V29/><F29/><W1/><G70/><T14/><D44/><U108/><E108/><V83/><F83/><W84/><G84/><T72/><D41/><U98/><E78/><V93/><F93/><W134/><G63/><T113/><D72/><U42/><E61/><N who="2" m="38207" /><F13/><W104/><REACH who="3" step="1"/><G134/><REACH who="3" ten="250,250,250,240" step="2"/><T10/><D23/><U11/><E11/><V37/><F37/><W103/><G103/><AGARI ba="0,1" hai="17,18,46,48,52,95,96,103" m="38207,48233" machi="103" ten="30,2000,0" yaku="18,1,54,1" doraHai="34" who="2" fromWho="3" sc="250,0,250,0,250,30,240,-20" /><INIT seed="1,0,0,2,0,74" ten="250,250,280,220" oya="1" hai0="42,78,20,15,93,61,83,38,54,19,2,86,31" hai1="120,111,59,4,122,9,125,105,71,58,114,107,69" hai2="50,18,35,102,64,3,7,56,52,0,82,45,80" hai3="34,26,133,46,62,17,65,84,96,126,25,87,57"/><U53/><E114/><V49/><F35/><W29/><G133/><T32/><D2/><U95/><E95/><V40/><F102/><W115/><G115/><T113/><D113/><U6/><E9/><V90/><F64/><W21/><G126/><T44/><D32/><U12/><E12/><V134/><F134/><W13/><G46/><T73/><D31/><U99/><E99/><V123/><F123/><W91/><G96/><T14/><D14/><U33/><E33/><V68/><F68/><W23/><REACH who="3" step="1"/><G91/><REACH who="3" ten="250,250,280,210" step="2"/><T117/><D117/><U22/><E125/><V79/><F90/><W110/><G110/><T128/><D128/><U39/><E111/><V51/><F45/><W47/><G47/><T41/><D41/><U131/><E131/><V132/><F40/><W11/><G11/><T103/><D42/><U24/><E122/><V129/><F132/><W98/><G98/><T121/><D44/><U5/><E120/><V72/><F129/><W66/><G66/><T88/><D121/><U135/><E135/><V101/><F101/><W100/><G100/><T60/><D103/><U48/><E39/><V63/><F0/><W108/><G108/><T10/><D38/><U43/><E43/><V109/><F3/><W27/><G27/><T30/><REACH who="0" step="1"/><D54/><REACH who="0" ten="240,250,280,210" step="2"/><U116/><E116/><V67/><F52/><W77/><G77/><T106/><D106/><U130/><E130/><V36/><F36/><W16/><AGARI ba="0,2" hai="13,16,17,21,23,25,26,29,34,57,62,65,84,87" machi="16" ten="20,5200,0" yaku="1,1,0,1,7,1,54,1,53,0" doraHai="74" doraHaiUra="104" who="3" fromWho="3" sc="240,-13,250,-26,280,-13,210,72" /><INIT seed="2,0,0,0,2,117" ten="227,224,267,282" oya="2" hai0="77,124,6,47,105,61,35,106,94,43,31,56,63" hai1="48,129,10,71,79,120,38,128,55,67,84,27,102" hai2="14,40,131,85,111,107,101,28,24,62,122,86,135" hai3="92,26,52,75,103,121,74,66,98,130,89,119,73"/><V81/><F135/><W116/><G66/><T34/><D124/><U80/><E38/><V42/><F131/><N who="1" m="50249" /><E102/><V50/><F122/><W7/><G121/><T110/><D110/><U19/><E67/><V70/><F111/><W72/><G72/><T125/><D125/><U23/><E71/><V96/><F14/><W127/><G127/><T9/><D77/><U118/><E10/><V76/><F50/><W100/><G7/><T32/><D31/><U30/><E118/><V36/><F36/><W29/><G130/><T78/><D78/><U21/><E120/><V54/><F85/><W53/><G119/><T95/><D106/><U18/><E23/><V8/><F8/><W59/><G116/><T49/><D105/><U91/><E79/><V115/><F115/><W113/><G113/><T41/><D41/><U65/><E65/><N who="2" m="41271" /><F54/><W88/><G53/><T60/><REACH who="0" step="1"/><D56/><AGARI ba="0,0" hai="18,19,21,27,30,48,55,56,80,84,91" m="50249" machi="56" ten="30,1000,0" yaku="19,1" doraHai="117" who="1" fromWho="0" sc="227,-10,224,10,267,0,282,0" /><INIT seed="3,0,0,1,3,35" ten="217,234,267,282" oya="3" hai0="46,95,127,59,124,114,99,18,38,2,106,55,126" hai1="50,75,97,8,1,84,109,62,102,70,25,61,115" hai2="120,81,29,73,111,30,125,40,28,13,9,72,33" hai3="98,32,93,128,36,103,58,22,63,69,131,34,65"/><W113/><G113/><T3/><D106/><U85/><E75/><V7/><F111/><W66/><G36/><T130/><D130/><N who="3" m="49705" /><G22/><T134/><D134/><U60/><E70/><V20/><F33/><N who="3" m="12907" /><G65/><T14/><D46/><U42/><E109/><V86/><F20/><W26/><G26/><T64/><D64/><U129/><E25/><V100/><F29/><W87/><G87/><T4/><D4/><N who="1" m="1039" /><E115/><V117/><F7/><W16/><G16/><T96/><D38/><U51/><E85/><V56/><F28/><W132/><G132/><T54/><D114/><U119/><E84/><V112/><F30/><W6/><G6/><T77/><D77/><U44/><E129/><V39/><F39/><W0/><G0/><N who="0" m="43" /><D59/><AGARI ba="0,0" hai="58,59,63,66,69,93,98,103" m="12907,49705" machi="59" ten="30,1500,0" yaku="19,1" doraHai="35" who="3" fromWho="0" sc="217,-15,234,0,267,0,282,15" /><INIT seed="3,1,0,3,2,60" ten="202,234,267,297" oya="3" hai0="132,33,64,108,67,77,1,97,78,8,19,25,117" hai1="115,72,49,29,104,38,13,35,65,119,45,111,74" hai2="28,20,42,62,109,17,21,44,85,73,41,100,86" hai3="9,95,129,56,18,40,68,92,30,102,7,70,127"/><W103/><G129/><T116/><D116/><U15/><E115/><V106/><F73/><W2/><G127/><T96/><D117/><U76/><E104/><V81/><F109/><W124/><G124/><T4/><D108/><U123/><E123/><V80/><F106/><W90/><G30/><T10/><D132/><U36/><E119/><V3/><F3/><W94/><G90/><T118/><D118/><U79/><E29/><V126/><F126/><W120/><G120/><T12/><D33/><U14/><E35/><V26/><F100/><W133/><G40/><T69/><D25/><U93/><E93/><V131/><F131/><W47/><G47/><T54/><D54/><U53/><E111/><V31/><F62/><W83/><G83/><T16/><D69/><U114/><E114/><V5/><F5/><W135/><G56/><T101/><D97/><U34/><E34/><V110/><F110/><W48/><G48/><T6/><D19/><U43/><E38/><V55/><F55/><W32/><G32/><T63/><D6/><U91/><E91/><V23/><F23/><W58/><G58/><T46/><D46/><N who="1" m="27831" /><E72/><V122/><F122/><W39/><G18/><T99/><D99/><U107/><E74/><V57/><F57/><W125/><G39/><T51/><D51/><U130/><E130/><V61/><F44/><W52/><G52/><T11/><D11/><U88/><E107/><V105/><F105/><W112/><G125/><T27/><D27/><U82/><E36/><V0/><F26/><W66/><G112/><T84/><D12/><U22/><E15/><RYUUKYOKU ba="1,0" sc="202,0,234,0,267,0,297,0" /><INIT seed="4,2,0,0,5,135" ten="202,234,267,297" oya="0" hai0="19,22,110,68,35,14,33,82,46,18,78,76,30" hai1="53,38,113,65,44,67,120,20,8,90,37,131,10" hai2="63,75,79,50,64,121,119,21,81,87,31,0,94" hai3="60,104,28,123,86,107,118,5,1,71,129,56,91"/><T41/><D68/><U130/><E120/><V111/><F0/><W74/><G129/><N who="1" m="49162" /><E113/><V62/><F121/><W98/><G118/><T36/><D110/><U88/><E20/><V17/><F111/><W127/><G74/><T92/><D30/><U83/><E53/><V23/><F119/><W7/><G71/><T27/><D92/><U103/><E103/><V16/><F31/><W97/><G1/><T99/><D99/><U128/><E128/><V72/><F50/><W12/><G28/><T55/><D55/><U57/><E57/><V89/><F75/><W108/><G108/><T2/><D2/><U69/><E44/><V134/><F134/><W80/><G123/><T11/><REACH who="0" step="1"/><D78/><REACH who="0" ten="192,234,267,297" step="2"/><U49/><E69/><V52/><F52/><W9/><G98/><T101/><D101/><U51/><E67/><V115/><F64/><W106/><G97/><T40/><D40/><U84/><E65/><V133/><F133/><W116/><G116/><T105/><D105/><U29/><E29/><V39/><F94/><W112/><G106/><T100/><D100/><U73/><E90/><V25/><F89/><W34/><G104/><T32/><D32/><U77/><E77/><V59/><F79/><W70/><G34/><T96/><D96/><U122/><E122/><V54/><F54/><W45/><G70/><T125/><D125/><U26/><E88/><V43/><F43/><W24/><G107/><T93/><D93/><U85/><E73/><AGARI ba="2,1" hai="11,14,18,19,22,27,33,35,36,41,46,73,76,82" machi="73" ten="30,11600,0" yaku="1,1,7,1,53,2" doraHai="135" doraHaiUra="13" who="0" fromWho="1" sc="192,132,234,-122,267,0,297,0" owari="324,42.4,112,-38.8,267,-13.3,297,9.7" /></mjloggm>