<mjloggm ver="2.3"><GO type="225" lobby="0"/><UN n0="%E5%8D%A0%E3%81%84%E5%B8%AB%E8%A3%8F%E3%81%AA%E3%81%84%E3%81%97" n1="%54%68%65%72%65%73%61%5F" n2="%E7%9A%AE%E3%80%85" n3="%E3%81%BF%E3%81%BF%E3%81%9A" dan="17,17,16,17" rate="2209.34,2151.27,2102.95,2169.30" sx="M,M,M,M"/><TAIKYOKU oya="0"/><INIT seed="0,0,0,4,3,100" ten="250,250,250,250" oya="0" hai0="118,40,127,113,92,34,20,81,99,45,36,119,134" hai1="128,11,53,97,74,102,123,91,3,85,73,39,132" hai2="115,110,96,14,56,88,50,109,23,135,48,69,15" hai3="13,30,108,42,116,93,6,31,133,9,77,67,17"/><T46/><D113/><U33/><E33/><V84/><F69/><W18/><G116/><T114/><D114/><U63/><E39/><V89/><F115/><W70/><G108/><N who="2" m="41577" /><F135/><W52/><G133/><T61/><D134/><U111/><E111/><V49/><F56/><W24/><G42/><T82/><D127/><U72/><E132/><V41/><F41/><W8/><G77/><T43/><D34/><U19/><E128/><V27/><F96/><W5/><G93/><T103/><D61/><U4/><E123/><V83/><F89/><W37/><G37/><T121/><D121/><U124/><E124/><V68/><F68/><W44/><G70/><T76/><D20/><U95/><E19/><AGARI ba="0,0" hai="14,15,19,23,27,48,49,50,83,84,88" m="41577" machi="19" ten="30,2000,0" yaku="14,1,54,1" doraHai="100" who="2" fromWho="1" sc="250,0,250,-20,250,20,250,0" /><INIT seed="1,0,0,5,0,66" ten="250,230,270,250" oya="1" hai0="23,29,32,110,111,11,33,43,62,86,16,47,124" hai1="38,68,80,116,121,127,10,112,12,56,4,104,51" hai2="24,90,120,53,22,125,46,93,117,49,89,92,40" hai3="133,107,134,115,18,129,27,102,91,114,9,100,105"/><U17/><E112/><N who="3" m="43050" /><G9/><T76/><D124/><U55/><E116/><V67/><F117/><W88/><G18/><T70/><D11/><U31/><E121/><V106/><F106/><N who="3" m="40459" /><G27/><T98/><D98/><U41/><E104/><V108/><F108/><N who="0" m="41514" /><D76/><U60/><E127/><V5/><F125/><W52/><G52/><T119/><D86/><U37/><E31/><N who="2" m="17815" /><F120/><W83/><G129/><T101/><D101/><N who="3" m="39017" /><G83/><T63/><D119/><U50/><E80/><V30/><F30/><W39/><G39/><N who="0" m="22015" /><D29/><U77/><E38/><V82/><F67/><W25/><G25/><N who="0" m="14567" /><D70/><U34/><E68/><V35/><F82/><W75/><G75/><T69/><D69/><U94/><E37/><V20/><F35/><AGARI ba="0,0" hai="32,33,35,62,63" m="14567,22015,41514" machi="35" ten="30,2000,0" yaku="14,1,54,1" doraHai="66" who="0" fromWho="2" sc="250,20,230,0,270,-20,250,0" /><INIT seed="2,0,0,5,2,89" ten="270,230,250,250" oya="2" hai0="97,67,39,10,84,27,0,2,99,85,62,120,93" hai1="1,131,105,49,41,75,61,57,36,83,28,69,19" hai2="17,106,56,44,15,9,12,60,3,94,11,109,124" hai3="111,18,34,54,103,125,45,16,38,55,88,63,42"/><V116/><F116/><W13/><G34/><T132/><D39/><U101/><E1/><V8/><F106/><W50/><G111/><T46/><D120/><U107/><E69/><V32/><F32/><W135/><G103/><T59/><D132/><U100/><E36/><V86/><F109/><W74/><G74/><T82/><D46/><N who="1" m="25807" /><E105/><V6/><F124/><W98/><G135/><T128/><D128/><U129/><E107/><V112/><F112/><W133/><G133/><T68/><D68/><U76/><E28/><V71/><F44/><W58/><G125/><T73/><D73/><U40/><E40/><V91/><F71/><W64/><G38/><T65/><D27/><U118/><E19/><N who="3" m="7210" /><G13/><T51/><D10/><U114/><E114/><V22/><REACH who="2" step="1"/><F3/><REACH who="2" ten="270,230,240,250" step="2"/><W113/><G113/><T81/><D0/><U14/><E118/><V52/><AGARI ba="0,1" hai="6,8,9,11,12,15,17,22,52,56,60,86,91,94" machi="52" ten="20,24000,3" yaku="1,1,2,1,0,1,7,1,8,1,52,1,54,1,53,3" doraHai="89" doraHaiUra="5" who="2" fromWho="2" sc="270,-80,230,-80,240,250,250,-80" /><INIT seed="2,1,0,5,2,40" ten="190,150,490,170" oya="2" hai0="103,88,69,90,26,121,77,3,63,49,13,4,120" hai1="48,114,117,58,131,53,83,18,82,41,129,14,52" hai2="98,10,119,89,42,7,20,59,29,24,79,62,51" hai3="1,68,67,8,33,38,86,37,126,108,23,74,47"/><V81/><F119/><W110/><G126/><T5/><D3/><U31/><E117/><V76/><F51/><W84/><G74/><T56/><D77/><U105/><E105/><V134/><F42/><N who="3" m="22991" /><G38/><T122/><D103/><U0/><E0/><V45/><F45/><W9/><G33/><T78/><D78/><U28/><E114/><V71/><F71/><W116/><G116/><T94/><D69/><U115/><E41/><V60/><F134/><W30/><G23/><T113/><D113/><U75/><E115/><V85/><F98/><W44/><G44/><T99/><D26/><U96/><E96/><V135/><F135/><W16/><G30/><N who="1" m="11306" /><E75/><V87/><F87/><N who="3" m="33323" /><G1/><T112/><D112/><U54/><E129/><V22/><F22/><W35/><G35/><T133/><D133/><U109/><E131/><V124/><F124/><W34/><G34/><T70/><D70/><U92/><E92/><V104/><F104/><W125/><G125/><T61/><D121/><U50/><E109/><N who="3" m="42090" /><G16/><T46/><D122/><U72/><E72/><V66/><F60/><AGARI ba="1,0" hai="8,9,60,67,68" m="42090,33323,22991" machi="60" ten="30,2000,0" yaku="14,1,52,1" doraHai="40" who="3" fromWho="2" sc="190,0,150,0,490,-23,170,23" /><INIT seed="3,0,0,0,4,84" ten="190,150,467,193" oya="3" hai0="43,21,12,111,9,72,82,70,98,62,58,37,68" hai1="131,127,38,14,40,122,102,108,110,83,13,128,16" hai2="11,22,79,92,60,53,27,114,105,112,36,101,35" hai3="103,121,132,135,129,76,64,133,69,25,88,39,97"/><W47/><G121/><T95/><D111/><N who="1" m="42539" /><E122/><V119/><F119/><W125/><G76/><T23/><D43/><U104/><E127/><V19/><F36/><W29/><G125/><T93/><D37/><U74/><E14/><V73/><F105/><W78/><G78/><T4/><D68/><U80/><E74/><V123/><F123/><W18/><G18/><T109/><D70/><U42/><E102/><V55/><F35/><W120/><G120/><T15/><D109/><U1/><E1/><V81/><F11/><W61/><G129/><N who="1" m="49738" /><E104/><V45/><F45/><W90/><G47/><T77/><D12/><U87/><E38/><V46/><F46/><W106/><G39/><T6/><D6/><U51/><E51/><V115/><F60/><W50/><G50/><T89/><D95/><U130/><N who="1" m="49746" /><U34/><DORA hai="100" /><E34/><AGARI ba="0,0" hai="25,29,34,61,64,69,88,90,97,103,106,132,133,135" machi="34" ten="40,18000,2" yaku="25,2,20,1,52,3,54,1" doraHai="84,100" who="3" fromWho="1" sc="190,0,150,-180,467,0,193,180" owari="190,-21.0,-30,-53.0,467,56.7,373,17.3" /></mjloggm>