<mjloggm ver="2.3"><GO type="225" lobby="0"/><UN n0="%E6%98%BC%E4%B8%8B%E3%81%8C%E3%82%8A%E3%81%AE%E5%9B%A3%E5%9C%B0%E5%A6%BB" n1="%72%69%6F%75%63%68%61%6E" n2="%E3%82%8A%E3%81%93%E3%82%8A%E3%82%93%E3%81%94" n3="%E6%81%A5%E6%99%92%E3%81%97" dan="16,16,17,16" rate="2136.65,2146.33,2230.47,2175.76" sx="F,M,M,M"/><TAIKYOKU oya="0"/><INIT seed="0,0,0,0,0,129" ten="250,250,250,250" oya="0" hai0="39,45,1,21,76,110,32,94,135,49,121,57,84" hai1="101,20,99,25,22,114,111,119,67,33,127,134,26" hai2="105,95,93,115,29,19,126,17,36,43,73,75,125" hai3="132,86,85,112,42,50,9,60,54,6,14,34,90"/><T96/><D121/><U4/><E134/><V122/><F122/><W27/><G112/><T120/><D120/><U88/><E119/><V41/><F115/><W5/><G132/><T16/><D32/><U65/><E114/><V98/><F105/><W97/><G5/><T92/><D1/><U28/><E111/><V71/><F71/><W66/><G42/><T79/><D135/><U40/><E127/><V11/><F29/><W68/><G97/><T131/><D39/><U51/><E4/><V59/><F59/><W37/><G37/><T70/><D70/><U12/><E12/><V30/><F30/><W133/><G90/><N who="0" m="53319" /><D131/><U118/><E118/><V113/><F113/><W72/><G72/><T18/><D18/><U104/><E88/><V109/><F109/><W83/><G83/><T58/><D110/><U74/><E74/><V128/><F128/><W108/><G108/><T3/><D3/><U100/><E100/><V69/><F69/><W77/><G77/><N who="0" m="29771" /><D45/><U56/><E33/><V78/><F78/><W123/><G133/><T0/><D49/><U62/><E67/><V117/><F117/><W47/><REACH who="3" step="1"/><G123/><REACH who="3" ten="250,250,250,240" step="2"/><T10/><D0/><U48/><REACH who="1" step="1"/><E40/><REACH who="1" ten="250,240,250,240" step="2"/><V106/><F43/><W103/><G103/><N who="0" m="60823" /><D10/><U80/><E80/><V44/><F11/><W53/><G53/><T7/><D7/><U130/><E130/><V116/><F116/><W46/><G46/><T13/><AGARI ba="0,2" hai="13,16,21,57,58" m="60823,29771,53319" machi="13" ten="30,3000,0" yaku="8,1,54,1" doraHai="129" who="0" fromWho="0" sc="250,50,240,-10,250,-10,240,-10" /><INIT seed="0,1,0,1,3,62" ten="300,230,240,230" oya="0" hai0="83,4,45,86,89,122,95,107,71,102,82,67,69" hai1="78,121,5,15,60,24,105,104,115,112,85,11,14" hai2="21,66,10,40,51,116,79,46,94,34,42,128,93" hai3="77,108,16,125,81,13,76,74,61,41,124,17,132"/><T12/><D122/><U87/><E121/><V7/><F34/><W59/><G108/><T18/><D4/><U57/><E24/><V55/><F128/><W127/><G132/><T135/><D135/><U33/><E33/><V113/><F113/><N who="1" m="43593" /><E15/><V134/><F134/><W129/><G129/><T101/><D69/><U98/><E78/><V53/><F116/><W58/><G58/><T52/><D71/><U19/><E19/><V109/><F109/><W84/><G41/><T37/><D67/><N who="1" m="39311" /><E105/><V1/><F79/><W70/><G70/><T36/><D36/><U20/><E20/><V29/><F66/><N who="3" m="39231" /><G13/><T22/><D37/><U110/><E110/><V9/><F9/><W23/><G23/><T80/><D107/><U99/><E99/><V0/><F0/><W131/><G131/><T92/><D92/><U90/><E104/><V123/><F123/><W73/><G77/><T97/><D97/><U75/><E75/><AGARI ba="1,0" hai="16,17,73,74,75,76,81,84,124,125,127" m="39231" machi="75" ten="40,5200,0" yaku="18,1,52,1,54,1" doraHai="62" who="3" fromWho="1" sc="300,0,230,-55,240,0,230,55" /><INIT seed="1,0,0,0,3,68" ten="300,175,240,285" oya="1" hai0="12,73,95,18,59,120,56,4,81,135,1,111,10" hai1="128,77,2,17,121,70,19,49,45,112,57,107,75" hai2="48,97,23,104,47,101,105,51,40,127,117,110,98" hai3="123,124,62,79,66,85,67,8,129,30,83,100,64"/><U50/><E112/><V88/><F117/><W35/><G124/><T115/><D115/><U93/><E121/><V27/><F127/><W108/><G108/><T96/><D111/><U122/><E122/><V102/><F110/><W134/><G129/><T46/><D135/><U28/><E107/><V78/><F78/><W65/><G134/><T55/><D120/><U37/><E70/><V113/><F113/><W58/><G123/><T103/><D73/><U87/><E128/><V34/><F34/><W41/><G100/><T61/><D81/><N who="1" m="47535" /><E37/><V132/><F132/><W72/><G8/><T6/><D1/><U25/><E2/><V54/><F88/><W3/><G3/><T9/><D9/><U13/><E75/><V118/><F118/><W24/><G72/><T114/><D114/><U52/><E13/><V22/><REACH who="2" step="1"/><F27/><REACH who="2" ten="300,175,230,285" step="2"/><W38/><REACH who="3" step="1"/><G67/><REACH who="3" ten="300,175,230,275" step="2"/><T109/><D109/><U43/><E93/><V0/><F0/><W11/><G11/><T131/><D131/><U84/><E84/><V71/><F71/><W33/><G33/><T20/><D10/><U16/><E28/><V14/><F14/><W74/><G74/><T82/><D12/><U90/><E90/><V106/><F106/><W26/><G26/><AGARI ba="0,2" hai="16,17,19,25,26,43,45,49,50,52,57" m="47535" machi="26" ten="30,5800,0" yaku="8,1,54,2" doraHai="68" who="1" fromWho="3" sc="300,0,175,78,230,0,275,-58" /><INIT seed="1,1,0,4,5,109" ten="300,253,230,217" oya="1" hai0="73,74,62,72,129,24,50,89,118,56,34,101,133" hai1="132,66,97,130,20,30,87,115,71,100,12,21,35" hai2="0,124,63,116,70,67,105,22,53,84,92,54,38" hai3="96,111,46,39,68,90,123,95,3,6,17,25,125"/><U108/><E115/><V37/><F116/><W23/><G123/><T40/><D118/><U93/><E108/><V57/><F105/><W36/><G111/><T45/><D133/><U103/><E130/><V94/><F0/><W29/><G125/><T52/><D129/><U41/><E132/><V83/><F124/><W43/><G68/><T98/><D89/><U65/><E41/><V61/><F22/><N who="1" m="8809" /><E35/><V32/><F32/><W107/><G107/><T59/><D59/><U48/><E71/><V99/><F54/><W47/><G29/><T119/><D119/><U69/><E69/><V76/><REACH who="2" step="1"/><F92/><REACH who="2" ten="300,253,220,217" step="2"/><W127/><G127/><T10/><D34/><U122/><E122/><V28/><F28/><W51/><REACH who="3" step="1"/><G47/><REACH who="3" ten="300,253,220,207" step="2"/><T13/><D45/><U44/><E30/><V79/><F79/><W80/><G80/><T91/><D40/><N who="1" m="24583" /><E103/><AGARI ba="1,2" hai="37,38,53,57,61,63,67,70,76,83,84,94,99,103" machi="103" ten="30,2000,0" yaku="1,1,7,1,53,0" doraHai="109" doraHaiUra="42" who="2" fromWho="1" sc="300,0,253,-23,220,43,207,0" /><INIT seed="2,0,0,5,0,111" ten="300,230,263,207" oya="2" hai0="79,77,26,0,52,76,120,114,51,67,54,58,135" hai1="108,72,101,30,63,96,109,115,92,86,62,102,103" hai2="18,28,129,106,71,75,17,10,87,116,88,84,46" hai3="1,119,64,121,16,117,36,89,78,40,132,42,37"/><V123/><F116/><W70/><G1/><T24/><D120/><U50/><E115/><V113/><F123/><W130/><G121/><T82/><D114/><U94/><E72/><V85/><F75/><W13/><G78/><T45/><D0/><U99/><E30/><V23/><F106/><W127/><G127/><T15/><D67/><U60/><E50/><V55/><F71/><W107/><G107/><T122/><D135/><U83/><REACH who="1" step="1"/><E103/><REACH who="1" ten="300,220,263,207" step="2"/><V3/><F113/><W35/><G37/><T22/><D122/><U8/><E8/><V53/><F10/><W31/><G36/><T68/><D51/><U97/><E97/><V59/><F129/><W56/><G130/><T125/><D125/><U12/><E12/><V65/><F3/><W33/><G117/><T126/><D15/><U134/><E134/><V90/><F28/><W48/><G132/><T39/><D39/><U81/><E81/><V41/><F85/><W5/><G119/><T14/><D126/><U95/><E95/><V44/><F84/><W11/><G31/><T131/><D131/><U124/><E124/><V69/><F87/><W2/><G35/><T25/><D82/><U34/><E34/><V73/><F73/><W91/><G33/><T105/><D105/><U61/><N who="1" m="15360" /><DORA hai="47" /><U110/><E110/><V43/><F69/><W7/><G2/><T74/><D74/><U20/><E20/><V100/><F100/><W19/><G11/><T98/><D98/><U128/><E128/><V6/><F23/><W9/><G9/><T133/><D133/><U27/><E27/><V66/><F6/><RYUUKYOKU ba="0,1" sc="300,-15,220,15,263,15,207,-15" hai1="83,86,92,94,96,99,101,102,108,109" hai2="17,18,41,43,44,46,53,55,59,65,66,88,90" /><INIT seed="2,1,1,1,1,67" ten="285,235,278,192" oya="2" hai0="128,30,120,108,125,69,119,34,114,29,107,98,71" hai1="7,99,8,17,110,52,70,84,40,22,66,32,78" hai2="36,10,61,88,72,101,57,124,14,64,89,103,102" hai3="43,28,3,20,117,39,112,132,74,111,42,44,38"/><V13/><F72/><W4/><G117/><T118/><RYUUKYOKU type="yao9" ba="1,1" sc="285,0,235,0,278,0,192,0" hai0="29,30,34,69,71,98,107,108,114,118,119,120,125,128" /><INIT seed="2,2,1,2,3,3" ten="285,235,278,192" oya="2" hai0="133,105,72,30,27,81,35,50,83,6,91,122,57" hai1="60,9,39,132,78,128,124,8,52,31,102,29,127" hai2="54,113,123,80,71,26,17,103,114,7,48,4,97" hai3="20,58,68,125,119,101,94,61,107,92,76,13,89"/><V10/><F123/><W2/><G119/><T15/><D122/><U33/><E128/><V0/><F71/><W40/><G68/><T21/><D105/><U41/><E132/><V5/><F80/><W82/><G125/><N who="1" m="48202" /><E78/><V131/><F131/><W36/><G2/><T32/><D133/><U66/><E102/><V85/><F85/><N who="3" m="48327" /><G36/><T90/><D35/><U135/><E135/><V42/><F42/><W19/><G107/><T118/><D118/><U59/><E66/><V117/><F117/><W49/><G101/><T116/><D116/><U12/><E33/><V99/><F17/><W65/><G89/><N who="0" m="33803" /><D32/><U110/><E110/><V115/><F26/><W74/><G74/><T87/><D72/><U95/><E95/><V18/><F18/><W112/><G112/><T96/><D96/><U98/><E98/><V45/><REACH who="2" step="1"/><F99/><REACH who="2" ten="285,235,268,192" step="2"/><W16/><G19/><T46/><D87/><U28/><E12/><V109/><F109/><W126/><G126/><T75/><D75/><U84/><E84/><V53/><F53/><W111/><G111/><T120/><D120/><U67/><E67/><V100/><F100/><W55/><G55/><T25/><D83/><U130/><E130/><V1/><F1/><W106/><G106/><AGARI ba="2,2" hai="0,4,5,7,10,45,48,54,97,103,106,113,114,115" machi="106" ten="40,12000,1" yaku="1,1,52,3,53,1" doraHai="3" doraHaiUra="51" who="2" fromWho="3" sc="285,0,235,0,268,146,192,-126" /><INIT seed="2,3,0,3,2,77" ten="285,235,414,66" oya="2" hai0="67,25,47,65,84,73,22,91,115,57,99,10,80" hai1="18,32,48,2,104,130,71,69,6,49,110,76,131" hai2="114,87,74,133,26,23,88,120,113,52,118,70,39" hai3="117,112,66,75,94,92,44,62,35,102,31,58,30"/><V15/><F118/><W98/><G117/><T89/><D115/><U79/><E110/><V123/><F74/><W100/><G112/><T3/><D73/><U40/><E104/><V46/><F70/><N who="1" m="26633" /><E32/><V95/><F133/><W37/><G75/><T111/><D111/><U125/><E18/><V4/><F114/><W36/><G35/><T103/><D47/><N who="1" m="25703" /><E125/><V64/><F64/><W59/><G44/><T56/><D89/><U101/><E101/><V16/><F113/><W109/><G109/><T33/><D33/><U78/><E49/><V5/><F5/><W50/><G50/><T107/><D65/><U0/><E6/><V1/><F1/><W14/><G14/><T9/><D67/><U63/><E63/><V86/><F86/><W41/><G41/><T61/><D3/><U20/><E20/><V81/><F95/><W27/><G27/><T121/><D121/><U116/><E116/><V43/><F4/><W105/><G105/><T108/><D108/><U24/><E24/><V21/><F21/><W132/><G132/><T124/><D124/><U55/><E55/><V54/><F26/><W42/><G42/><T85/><D57/><U83/><E83/><V28/><F28/><W68/><G68/><T19/><D56/><U122/><E122/><V106/><F106/><W53/><G66/><T17/><D61/><U96/><E96/><V82/><F82/><W51/><G62/><T12/><D85/><U60/><E60/><V134/><F134/><W93/><G59/><T11/><AGARI ba="3,0" hai="9,10,11,12,17,19,22,25,80,84,91,99,103,107" machi="11" ten="20,2700,0" yaku="0,1,7,1,52,1" doraHai="77" who="0" fromWho="0" sc="285,36,235,-10,414,-16,66,-10" /><INIT seed="3,0,0,3,3,127" ten="321,225,398,56" oya="3" hai0="9,36,61,4,116,39,73,93,59,134,65,63,14" hai1="45,81,102,77,68,2,117,46,62,66,34,40,114" hai2="106,18,0,17,108,75,79,49,111,53,96,67,44" hai3="112,47,41,23,13,52,54,22,87,35,69,126,131"/><W32/><G112/><T57/><D116/><U101/><E114/><V113/><F113/><W64/><G126/><T104/><D104/><U33/><E2/><V121/><F121/><W27/><G69/><T26/><D73/><U3/><E3/><V42/><F0/><W124/><G124/><T123/><D134/><U43/><E117/><V71/><F71/><W15/><G64/><T10/><D123/><U99/><E45/><V31/><F67/><W97/><G97/><T129/><D93/><U91/><E91/><V85/><F75/><W25/><G47/><T12/><D26/><U78/><E40/><V88/><F79/><W86/><G41/><T92/><D92/><U83/><E83/><V132/><F31/><W125/><G125/><T110/><D110/><N who="2" m="42026" /><F53/><W120/><G120/><T24/><D24/><U80/><E80/><N who="2" m="49191" /><F132/><W11/><G11/><T72/><D72/><U60/><E60/><V95/><F106/><W135/><G135/><T115/><D115/><U19/><E19/><V70/><F70/><W30/><G30/><T103/><D103/><AGARI ba="0,0" hai="17,18,42,44,49,95,96,103" m="49191,42026" machi="103" ten="30,2000,0" yaku="14,1,54,1" doraHai="127" who="2" fromWho="0" sc="321,-20,225,0,398,20,56,0" owari="301,10.1,225,-17.5,418,51.8,56,-44.4" /></mjloggm>