<mjloggm ver="2.3"><GO type="225" lobby="0"/><UN n0="%73%69%67%65%6E%6F%72%69" n1="%70%68%65%6E%6F%6D%65" n2="%E3%80%90%E8%92%BC%E7%90%89%E3%80%91" n3="%E6%9C%88%E5%B3%B6%E5%9F%BA" dan="18,16,16,16" rate="2264.32,2141.62,2170.45,2124.96" sx="M,M,F,M"/><TAIKYOKU oya="0"/><INIT seed="0,0,0,0,1,108" ten="250,250,250,250" oya="0" hai0="63,55,65,90,28,40,8,46,122,123,18,135,87" hai1="54,69,134,10,79,119,29,44,104,5,31,11,116" hai2="7,71,48,59,16,62,24,70,37,27,72,0,102" hai3="107,83,75,21,99,113,6,96,3,67,39,114,93"/><T66/><D135/><U19/><E104/><V120/><F37/><W49/><G39/><T117/><D117/><U56/><E69/><V82/><F120/><W128/><G128/><T1/><D28/><U41/><E134/><V68/><F102/><W106/><G67/><T43/><D123/><U100/><E100/><V32/><F48/><W17/><G96/><T132/><D122/><U45/><E79/><V4/><F32/><W61/><G61/><T33/><D33/><U124/><E124/><V57/><F0/><W73/><G107/><T94/><D132/><U25/><E19/><V53/><F57/><W64/><G64/><N who="0" m="24683" /><D1/><U50/><E45/><V23/><REACH who="2" step="1"/><F24/><REACH who="2" ten="250,250,240,250" step="2"/><W89/><G3/><T52/><D63/><U74/><E25/><V133/><F133/><W34/><G34/><T76/><D46/><U2/><E119/><V36/><F36/><W35/><G35/><T110/><D110/><U97/><E116/><V125/><F125/><W51/><G51/><T26/><D26/><U77/><E44/><V92/><F92/><W98/><G49/><T42/><D76/><AGARI ba="0,1" hai="4,7,16,23,27,53,59,62,68,70,71,72,76,82" machi="76" ten="40,2600,0" yaku="1,1,54,1,53,0" doraHai="108" doraHaiUra="109" who="2" fromWho="0" sc="250,-26,250,0,240,36,250,0" /><INIT seed="1,0,0,2,0,97" ten="224,250,276,250" oya="1" hai0="1,26,98,44,6,48,8,37,77,31,38,13,14" hai1="116,28,57,113,75,27,49,17,36,39,109,51,90" hai2="99,21,89,79,111,134,24,3,5,110,91,101,93" hai3="118,76,70,120,117,114,103,35,88,66,54,33,59"/><U68/><E116/><N who="3" m="44650" /><G120/><T42/><D77/><U96/><E68/><V71/><F71/><W104/><G104/><T132/><D132/><U74/><E113/><V69/><F69/><W56/><G76/><T85/><D85/><U95/><E109/><N who="2" m="41483" /><F134/><W86/><G70/><T124/><D124/><U84/><E17/><N who="2" m="12335" /><F79/><W92/><G103/><T62/><D62/><U119/><E119/><V126/><F126/><W2/><G2/><T20/><REACH who="0" step="1"/><D98/><REACH who="0" ten="214,250,276,250" step="2"/><U80/><E75/><V61/><F61/><N who="3" m="38183" /><G114/><T29/><D29/><U123/><E74/><V129/><F129/><W135/><G135/><T25/><D25/><U15/><E123/><V41/><F41/><W67/><G67/><T125/><D125/><U100/><E27/><V107/><F107/><W64/><G64/><T11/><D11/><AGARI ba="0,1" hai="3,5,11,89,91,93,99,101" m="12335,41483" machi="11" ten="30,2000,0" yaku="14,1,52,1" doraHai="97" who="2" fromWho="0" sc="214,-20,250,0,276,30,250,0" /><INIT seed="2,0,0,0,2,99" ten="194,250,306,250" oya="2" hai0="114,103,18,93,79,109,25,74,73,58,82,30,102" hai1="62,86,19,90,9,51,32,71,42,119,98,34,75" hai2="35,92,95,56,53,36,6,135,76,80,131,7,111" hai3="133,59,110,116,29,128,67,117,85,91,121,27,66"/><V106/><F35/><W22/><G121/><T54/><D114/><U123/><E119/><V39/><F106/><W57/><G110/><T108/><D74/><U100/><E75/><V13/><F111/><N who="0" m="42570" /><D93/><U44/><E123/><V72/><F135/><W94/><G133/><T77/><D77/><U20/><E9/><V8/><F7/><W113/><G113/><T52/><D18/><U40/><E40/><V112/><F112/><W125/><G125/><T61/><D54/><U2/><E2/><V63/><REACH who="2" step="1"/><F131/><REACH who="2" ten="194,250,296,250" step="2"/><W41/><G128/><T64/><D64/><U0/><E32/><AGARI ba="0,1" hai="25,30,32,52,58,61,73,79,82,102,103" m="42570" machi="32" ten="30,7700,0" yaku="14,1,52,2,54,1" doraHai="99" who="0" fromWho="1" sc="194,87,250,-77,296,0,250,0" /><INIT seed="3,0,0,3,3,20" ten="281,173,296,250" oya="3" hai0="22,84,102,89,39,71,69,2,29,41,12,133,101" hai1="7,26,17,132,80,68,67,130,52,65,14,47,35" hai2="90,48,32,50,127,23,74,62,49,108,30,123,97" hai3="88,0,111,73,81,120,112,134,115,121,105,55,82"/><W106/><G55/><T117/><D2/><U33/><E130/><V114/><F74/><W131/><G0/><T128/><D117/><U28/><E132/><V119/><F114/><N who="3" m="43563" /><G131/><T8/><D133/><U126/><E126/><V99/><F32/><W94/><G134/><T54/><D69/><U45/><E33/><V87/><F119/><W77/><G82/><T46/><D71/><U83/><E7/><V37/><F37/><W34/><G34/><T53/><D128/><U13/><E13/><V70/><F108/><W92/><G92/><T11/><D53/><U103/><E103/><V124/><F123/><N who="3" m="47179" /><G111/><T36/><D54/><U100/><E100/><V60/><F70/><W42/><G42/><T63/><D63/><N who="2" m="24106" /><F127/><W64/><G64/><T31/><D102/><U56/><E68/><V98/><F124/><W6/><G6/><T57/><D101/><U75/><E67/><V116/><F116/><W5/><G5/><T44/><D57/><U78/><E65/><V118/><F118/><W10/><G10/><T96/><D8/><U38/><E38/><V19/><F30/><W107/><G107/><T4/><D31/><U61/><REACH who="1" step="1"/><E80/><REACH who="1" ten="281,163,296,250" step="2"/><N who="2" m="49511" /><F97/><AGARI ba="0,1" hai="73,77,81,88,94,97,105,106" m="47179,43563" machi="97" ten="30,5800,0" yaku="34,2,54,1" doraHai="20" who="3" fromWho="2" sc="281,0,163,0,296,-58,250,68" owari="281,8.1,163,-33.7,238,-16.2,318,41.8" /></mjloggm>