<mjloggm ver="2.3"><GO type="225" lobby="0"/><UN n0="%E7%89%B9%E6%9D%B1%E3%81%AF%E4%B8%96%E7%95%8C%E3%82%92%E6%95%91%E3%81%86" n1="%E5%85%83%E3%82%AB%E3%83%8E%E7%B3%BB%E3%83%92%E3%83%AD%E3%82%A4%E3%83%B3" n2="%E5%B8%86%E7%AB%8B%E5%A4%8F%E8%A1%A3" n3="%E7%99%BD%E9%9B%AA%E4%B9%83%E6%84%9B" dan="16,16,17,16" rate="2159.62,2142.61,2214.78,2054.55" sx="M,M,M,F"/><TAIKYOKU oya="0"/><INIT seed="0,0,0,3,5,47" ten="250,250,250,250" oya="0" hai0="118,120,104,101,19,95,70,58,74,109,124,63,123" hai1="13,81,98,49,52,82,75,99,106,97,38,134,89" hai2="8,78,12,119,35,7,18,17,29,16,102,41,122" hai3="103,131,128,61,108,112,130,94,72,44,39,4,88"/><T110/><D118/><U66/><E38/><V34/><F102/><W68/><G112/><T80/><D70/><U25/><E106/><V11/><F78/><W86/><G72/><T85/><D124/><U79/><E134/><V15/><F41/><W37/><G4/><T40/><D74/><U31/><E66/><V28/><F122/><W65/><G108/><N who="0" m="41579" /><D104/><U125/><E13/><V92/><F92/><W126/><G126/><T42/><D19/><N who="2" m="7242" /><F119/><W77/><G77/><N who="0" m="46223" /><D101/><U36/><E36/><V45/><F45/><W107/><REACH who="3" step="1"/><G44/><REACH who="3" ten="250,250,250,240" step="2"/><T69/><D69/><U3/><E125/><V73/><F73/><W20/><G20/><T121/><D95/><U87/><E3/><V127/><F127/><W62/><G62/><T55/><AGARI ba="0,1" hai="40,42,55,58,63,120,121,123" m="46223,41579" machi="55" ten="40,3900,0" yaku="14,1,10,1" doraHai="47" who="0" fromWho="0" sc="250,49,250,-13,250,-13,240,-13" /><INIT seed="0,1,0,0,0,105" ten="299,237,237,227" oya="0" hai0="35,63,86,76,112,30,78,111,60,2,68,118,59" hai1="4,56,62,23,1,39,25,24,38,101,124,18,12" hai2="104,133,33,114,98,21,47,11,34,77,130,100,6" hai3="135,55,84,88,115,26,41,36,64,93,91,61,83"/><T28/><D112/><U110/><E110/><V3/><F114/><W113/><G135/><T106/><D118/><U57/><E124/><V117/><F130/><W96/><G41/><T79/><D2/><U90/><E101/><V49/><F133/><W7/><G36/><T122/><D106/><U31/><E25/><V74/><F117/><W27/><G7/><T9/><D122/><U29/><E29/><V99/><F99/><W75/><G26/><T97/><D35/><U121/><E121/><V46/><F46/><W108/><G108/><T95/><D68/><U80/><E56/><V66/><F21/><W73/><G55/><T54/><D111/><U58/><E58/><V40/><F66/><W81/><G27/><T92/><D9/><U15/><E15/><V10/><F10/><W48/><G48/><T16/><D16/><U132/><E132/><V43/><F43/><W42/><G42/><T131/><D63/><U14/><E14/><V53/><F53/><W127/><G127/><T129/><D86/><U69/><E69/><V82/><AGARI ba="1,0" hai="3,6,11,33,34,40,47,49,74,77,82,98,100,104" machi="82" ten="30,2000,0" yaku="0,1,52,1" doraHai="105" who="2" fromWho="2" sc="299,-11,237,-6,237,23,227,-6" /><INIT seed="1,0,0,0,0,13" ten="288,231,260,221" oya="1" hai0="84,15,41,117,21,89,22,32,37,102,54,124,35" hai1="79,64,115,106,98,19,68,52,86,43,131,3,28" hai2="14,94,85,31,80,125,9,127,20,55,33,112,38" hai3="62,87,126,8,77,133,61,96,16,76,1,103,100"/><U82/><E115/><V91/><F38/><W4/><G133/><T6/><D117/><U111/><E3/><V109/><F109/><W11/><G126/><N who="2" m="48137" /><F112/><W97/><G87/><T34/><D124/><U121/><E121/><V99/><F33/><W67/><G4/><T42/><D102/><U57/><E43/><V17/><F55/><W63/><G67/><T108/><D108/><U27/><E111/><V59/><F59/><W119/><G1/><T25/><D54/><U107/><E131/><V83/><F31/><W118/><REACH who="3" step="1"/><G62/><REACH who="3" ten="288,231,260,211" step="2"/><T95/><D6/><U5/><E5/><N who="2" m="3375" /><F85/><W71/><G71/><T45/><D84/><U2/><E64/><V40/><F40/><W73/><G73/><T105/><D42/><U123/><E68/><V26/><AGARI ba="0,1" hai="17,20,26,80,83,91,94,99" m="3375,48137" machi="26" ten="30,2000,0" yaku="18,1,52,1" doraHai="13" who="2" fromWho="2" sc="288,-5,231,-10,260,30,211,-5" /><INIT seed="2,0,0,2,1,53" ten="283,221,290,206" oya="2" hai0="68,111,72,39,55,17,134,106,121,80,112,31,118" hai1="26,20,125,10,96,59,135,64,117,92,98,76,107" hai2="122,81,19,22,49,14,70,54,33,123,93,60,116" hai3="126,97,0,79,100,2,18,15,91,99,75,51,23"/><V88/><F116/><W4/><G126/><T21/><RYUUKYOKU type="yao9" ba="0,0" sc="283,0,221,0,290,0,206,0" hai0="17,21,31,39,55,68,72,80,106,111,112,118,121,134" /><INIT seed="2,1,0,3,2,27" ten="283,221,290,206" oya="2" hai0="9,105,92,70,118,19,123,87,17,88,6,63,108" hai1="84,97,54,116,0,99,130,12,30,94,52,58,1" hai2="18,121,124,61,67,36,3,65,135,111,72,20,133" hai3="114,35,86,60,106,112,5,75,47,56,38,31,59"/><V73/><F36/><W40/><G75/><N who="2" m="28745" /><F3/><W57/><G106/><T39/><D123/><U49/><E116/><V101/><F121/><W85/><G5/><T46/><D105/><U77/><E130/><V107/><F124/><W26/><REACH who="3" step="1"/><G60/><REACH who="3" ten="283,221,290,196" step="2"/><T45/><D63/><N who="1" m="36295" /><E0/><V53/><F61/><W96/><G96/><T50/><D6/><U100/><E1/><V98/><F111/><W95/><G95/><T21/><D92/><U83/><E99/><V13/><F98/><W32/><G32/><T25/><D108/><U15/><E30/><V113/><F107/><W80/><G80/><T22/><D118/><U104/><E104/><V68/><F67/><W34/><G34/><T132/><D17/><U119/><E119/><V55/><F65/><W89/><G89/><T33/><D88/><U14/><E14/><V44/><F13/><W120/><G120/><T29/><D19/><U103/><E103/><V4/><F18/><W74/><G74/><T109/><D29/><U10/><E10/><V129/><F101/><W41/><G41/><T24/><D9/><U11/><E11/><V134/><F4/><W125/><G125/><T90/><D33/><U76/><E76/><V79/><F79/><W93/><G93/><T62/><D109/><U78/><E78/><V42/><F42/><W127/><G127/><T51/><D90/><U23/><E23/><V71/><F20/><W110/><G110/><T48/><D21/><U64/><E64/><V81/><F81/><W43/><G43/><T28/><D22/><U2/><E2/><V8/><F8/><W128/><G128/><RYUUKYOKU ba="1,1" sc="283,-15,221,15,290,-15,196,15" hai1="12,15,49,54,77,83,84,94,97,100" hai3="26,31,35,38,40,47,56,57,59,85,86,112,114" /><INIT seed="3,2,1,4,3,105" ten="268,236,275,211" oya="3" hai0="132,129,91,112,88,79,16,25,45,57,5,103,93" hai1="12,69,32,71,119,74,38,113,3,106,131,7,63" hai2="78,53,61,87,100,76,54,15,80,21,98,8,14" hai3="86,89,75,118,35,26,90,133,67,81,46,39,36"/><W101/><G118/><T29/><D129/><U42/><RYUUKYOKU type="yao9" ba="2,1" sc="268,0,236,0,275,0,211,0" hai1="3,7,12,32,38,42,63,69,71,74,106,113,119,131" /><INIT seed="3,3,1,4,1,63" ten="268,236,275,211" oya="3" hai0="70,50,49,105,71,79,127,111,114,97,40,99,93" hai1="45,4,39,130,74,90,103,60,125,67,129,9,34" hai2="65,82,26,25,75,16,37,18,2,23,35,3,47" hai3="14,52,108,10,73,57,22,76,133,17,87,135,122"/><W72/><G122/><T94/><D105/><U38/><E34/><V91/><F65/><W1/><G108/><T85/><D111/><U61/><E125/><V112/><F112/><W48/><G87/><T88/><D127/><U8/><E74/><V106/><F106/><W56/><G56/><T128/><D128/><N who="1" m="49259" /><E103/><V69/><F69/><W19/><G76/><T86/><D114/><U66/><E90/><V77/><F91/><W27/><REACH who="3" step="1"/><G1/><REACH who="3" ten="268,236,275,201" step="2"/><T117/><D85/><U123/><E123/><V126/><F126/><W31/><G31/><T32/><D79/><U11/><E4/><V0/><F0/><W29/><G29/><T59/><D86/><U110/><E110/><V131/><F131/><W43/><G43/><T20/><D40/><N who="1" m="22679" /><E39/><V80/><F37/><W84/><G84/><T100/><D71/><U55/><E60/><V12/><F77/><W30/><G30/><T58/><D70/><U102/><E102/><V44/><F75/><AGARI ba="3,2" hai="10,14,17,19,22,27,48,52,57,72,73,75,133,135" machi="75" ten="40,7700,0" yaku="1,1,54,1,53,1" doraHai="63" doraHaiUra="46" who="3" fromWho="2" sc="268,0,236,0,275,-86,201,106" owari="268,6.8,236,-16.4,189,-31.1,307,40.7" /></mjloggm>