<mjloggm ver="2.3"><GO type="225" lobby="0"/><UN n0="%E6%9C%88%E5%B3%B6%E5%9F%BA" n1="%70%6F%69%73%6F%6E%30%32" n2="%E3%82%A4%E3%83%BC%E3%82%B1%E3%83%97%E3%83%A9" n3="%E7%89%B9%E6%9D%B1%E3%81%AF%E4%B8%96%E7%95%8C%E3%82%92%E6%95%91%E3%81%86" dan="16,16,17,16" rate="2151.55,2113.39,2214.31,2152.26" sx="M,M,M,M"/><TAIKYOKU oya="0"/><INIT seed="0,0,0,3,2,89" ten="250,250,250,250" oya="0" hai0="2,6,105,75,82,32,15,37,122,56,135,45,35" hai1="62,76,130,97,84,40,58,120,104,30,106,33,48" hai2="121,100,63,117,69,17,90,116,38,50,22,112,1" hai3="83,81,66,115,47,80,131,39,114,132,16,9,25"/><T125/><D15/><U99/><E120/><V101/><F38/><W0/><G131/><T118/><D56/><U72/><E72/><V102/><F121/><W43/><G132/><T21/><D21/><U19/><E33/><N who="0" m="12873" /><D118/><N who="2" m="45674" /><F1/><W93/><G66/><T54/><D54/><U5/><E30/><V36/><F36/><W23/><REACH who="3" step="1"/><G93/><REACH who="3" ten="250,250,250,240" step="2"/><T129/><D135/><U134/><E130/><V59/><F112/><W108/><G108/><T3/><D129/><U18/><E134/><V57/><F69/><W85/><G85/><T65/><D75/><U12/><E106/><V27/><F102/><W31/><G31/><T128/><D105/><U68/><E104/><V127/><F101/><W44/><G44/><T111/><D45/><U78/><E84/><V34/><F100/><W41/><G41/><T71/><D111/><U11/><E40/><V10/><F127/><W20/><G20/><T119/><D125/><U24/><E11/><V124/><F10/><W29/><G29/><T42/><D128/><U60/><E68/><V74/><F74/><W98/><G98/><T7/><D65/><U133/><E99/><V67/><F124/><W53/><G53/><T96/><D71/><U73/><E97/><V8/><F8/><W87/><G87/><T70/><D70/><U94/><E73/><V64/><F34/><W110/><G110/><T14/><D96/><U95/><E133/><V86/><F67/><W77/><G77/><T79/><D119/><U51/><E78/><V13/><F64/><W123/><G123/><T109/><D122/><U4/><E76/><V103/><F103/><RYUUKYOKU ba="0,1" sc="250,-10,250,-10,250,-10,240,30" hai3="0,9,16,23,25,39,43,47,80,81,83,114,115" /><INIT seed="1,1,1,2,0,129" ten="240,240,240,270" oya="1" hai0="82,46,134,101,61,25,117,56,100,102,67,1,53" hai1="38,96,73,104,2,37,11,70,68,10,23,42,80" hai2="92,52,71,47,19,50,107,22,78,122,40,116,57" hai3="12,69,83,39,77,106,114,30,62,120,15,0,103"/><U132/><E23/><V26/><F116/><W51/><G120/><T125/><D117/><U60/><E60/><V32/><F122/><W21/><G39/><T109/><D1/><U85/><E73/><V74/><F107/><W49/><G0/><T128/><D128/><U48/><E38/><V54/><F71/><W105/><G114/><T135/><D109/><U28/><E28/><V86/><F74/><W8/><G103/><T108/><D108/><U13/><E37/><V76/><F32/><W58/><G69/><T31/><D82/><U124/><E2/><V112/><F112/><W126/><G126/><T98/><D125/><U59/><E124/><V7/><F7/><N who="3" m="3103" /><G105/><T89/><D46/><N who="1" m="25687" /><E11/><V3/><F3/><W84/><G106/><T18/><D67/><U118/><E59/><V34/><F34/><W24/><G15/><T4/><D4/><N who="1" m="3271" /><E70/><V111/><F111/><W63/><G63/><T87/><D18/><U110/><E68/><V5/><F5/><W79/><G79/><N who="2" m="30249" /><F57/><W14/><G14/><T65/><D65/><AGARI ba="1,1" hai="21,24,30,49,51,58,62,65,77,83,84" m="3103" machi="65" ten="30,1000,0" yaku="8,1" doraHai="129" who="3" fromWho="0" sc="240,-13,240,0,240,0,270,23" /><INIT seed="2,0,0,4,2,80" ten="227,240,240,293" oya="2" hai0="131,70,43,49,127,128,42,41,28,125,36,115,74" hai1="21,37,130,0,97,32,104,40,91,93,119,57,105" hai2="121,54,45,72,20,4,34,27,100,12,88,135,2" hai3="110,15,50,108,8,73,3,30,117,5,66,24,129"/><V22/><F121/><W79/><G117/><T47/><D74/><U96/><E119/><V87/><F72/><W29/><G129/><N who="0" m="49739" /><D28/><U123/><E32/><V69/><F69/><W101/><G101/><T26/><D26/><U86/><E123/><V116/><F116/><W61/><G50/><T75/><D75/><U134/><E0/><V118/><F118/><W7/><G79/><T132/><D115/><U78/><E37/><V17/><F135/><W81/><G81/><T25/><D25/><U46/><E134/><V52/><F34/><W53/><G53/><N who="0" m="29887" /><D132/><U65/><E130/><V14/><F2/><W111/><G73/><T33/><D33/><U44/><E105/><V55/><F100/><W83/><G83/><T13/><D13/><U9/><E104/><V114/><F114/><W59/><G24/><T31/><D31/><N who="3" m="11785" /><G3/><T85/><D85/><U51/><E78/><V18/><F4/><AGARI ba="0,0" hai="4,5,7,8,15,59,61,66,108,110,111" m="11785" machi="4" ten="40,1300,0" yaku="14,1" doraHai="80" who="3" fromWho="2" sc="227,0,240,0,240,-13,293,13" /><INIT seed="3,0,0,3,5,38" ten="227,240,227,306" oya="3" hai0="65,44,51,12,124,1,13,74,42,8,11,26,101" hai1="25,121,108,92,41,55,109,106,72,116,103,47,23" hai2="34,135,10,30,29,128,15,50,122,120,119,84,131" hai3="76,97,91,45,18,99,104,105,37,112,73,100,95"/><W96/><G112/><T16/><D74/><U7/><E72/><V3/><F50/><W54/><G76/><T59/><D124/><U133/><E121/><N who="2" m="46699" /><F84/><W129/><G73/><T115/><D115/><U68/><E68/><V89/><F89/><W39/><G129/><N who="2" m="49737" /><F119/><W107/><G18/><N who="0" m="8455" /><D1/><U78/><E78/><V130/><N who="2" m="49745" /><V114/><DORA hai="117" /><F114/><W81/><G81/><T77/><D77/><U52/><E133/><V48/><F48/><W83/><G83/><T134/><D134/><U58/><E106/><V88/><F135/><W94/><G99/><T75/><D75/><U61/><E7/><N who="2" m="1407" /><F34/><W40/><G54/><T2/><D2/><U66/><E116/><V102/><F102/><W110/><G37/><T86/><D101/><U118/><E118/><V57/><F57/><W62/><G62/><N who="0" m="38111" /><D86/><U67/><E103/><V31/><F88/><W113/><G113/><T0/><D0/><U14/><E92/><V27/><F15/><W79/><G79/><T126/><D126/><U24/><E14/><V82/><F82/><W49/><G39/><T80/><D80/><U36/><E25/><AGARI ba="0,0" hai="11,13,16,25,26,42,44,51" m="38111,8455" machi="25" ten="30,3900,0" yaku="8,1,52,1,54,1" doraHai="38,117" who="0" fromWho="1" sc="227,39,240,-39,227,0,306,0" owari="266,6.6,201,-29.9,227,-17.3,306,40.6" /></mjloggm>