<mjloggm ver="2.3"><GO type="225" lobby="0"/><UN n0="%E3%83%A9%E3%82%B9%E7%8E%87%EF%BC%93%E5%89%B2" n1="%E6%81%A5%E6%99%92%E3%81%97" n2="%43%68%65" n3="%E5%8D%A0%E3%81%84%E5%B8%AB%E8%A3%8F%E3%81%AA%E3%81%84%E3%81%97" dan="16,17,16,17" rate="2228.85,2203.69,2145.80,2154.81" sx="F,M,M,M"/><TAIKYOKU oya="0"/><INIT seed="0,0,0,1,5,34" ten="250,250,250,250" oya="0" hai0="69,77,53,42,27,2,135,104,38,32,95,14,92" hai1="37,10,128,119,86,88,59,131,81,122,78,84,129" hai2="106,116,9,75,21,127,70,3,11,57,109,79,60" hai3="20,130,82,107,80,103,31,113,96,1,62,30,94"/><T48/><D104/><U41/><E119/><V8/><F116/><W35/><G113/><T99/><D69/><U7/><E122/><V40/><F70/><W19/><G130/><T124/><D77/><U36/><E59/><V76/><F106/><W61/><G35/><T126/><D135/><U29/><E29/><N who="3" m="10762" /><G1/><T13/><D27/><U45/><E37/><V71/><F71/><W110/><G110/><T73/><D73/><U55/><E55/><V93/><F109/><W18/><G18/><T44/><D32/><U120/><E120/><V58/><F127/><N who="0" m="48682" /><D2/><N who="1" m="375" /><E86/><V54/><F3/><W91/><G107/><T85/><D85/><U12/><E12/><N who="0" m="4713" /><D99/><U28/><E28/><V49/><F75/><W65/><G19/><T23/><D23/><U114/><E114/><V33/><F33/><W89/><G20/><T101/><D101/><U98/><E98/><V43/><F21/><W108/><G108/><T112/><D112/><U74/><E84/><V6/><F6/><W123/><G123/><T134/><D134/><U132/><E132/><V115/><F115/><W16/><G16/><T125/><N who="0" m="48690" /><T4/><DORA hai="90" /><D4/><U63/><E88/><N who="3" m="33866" /><G65/><T83/><D83/><AGARI ba="0,0" hai="61,62,80,82,83,94,96,103" m="33866,10762" machi="83" ten="30,3900,0" yaku="8,1,52,1,54,1" doraHai="34,90" who="3" fromWho="0" sc="250,-39,250,0,250,0,250,39" /><INIT seed="1,0,0,1,4,77" ten="211,250,250,289" oya="1" hai0="116,17,98,96,48,30,97,46,123,58,75,89,47" hai1="35,23,111,49,54,118,128,1,14,129,28,117,74" hai2="11,108,61,121,82,87,107,40,36,94,26,115,86" hai3="53,55,6,60,131,135,39,71,65,64,66,127,88"/><U119/><E74/><V27/><F121/><W78/><G39/><T18/><D116/><U32/><E1/><V102/><F107/><W33/><G33/><N who="1" m="12874" /><E49/><V56/><F108/><W38/><G38/><T7/><D7/><U57/><E57/><V103/><F115/><W13/><G78/><T5/><D5/><U80/><E54/><V31/><F11/><W70/><G6/><T109/><D109/><U84/><E111/><V79/><F40/><W126/><G13/><T29/><D75/><U41/><E41/><V114/><F36/><W92/><G53/><T20/><D58/><U3/><E3/><V76/><F114/><W45/><G45/><N who="0" m="16907" /><D48/><U44/><E44/><V95/><F31/><N who="0" m="11786" /><D123/><U43/><E43/><V25/><F56/><W37/><G37/><T81/><D20/><U63/><E63/><V83/><F61/><W104/><G60/><T51/><D51/><U130/><E14/><V112/><F112/><W50/><G50/><T99/><N who="0" m="24576" /><DORA hai="133" /><T15/><D15/><U106/><E106/><V72/><F72/><W105/><G105/><T22/><D22/><U42/><E42/><V10/><F10/><W24/><G104/><T93/><D93/><AGARI ba="0,0" hai="25,26,27,76,79,82,83,86,87,93,94,95,102,103" machi="93" ten="40,8000,1" yaku="9,1,8,1,52,2" doraHai="77,133" who="2" fromWho="0" sc="211,-80,250,0,250,80,289,0" /><INIT seed="2,0,0,3,3,60" ten="131,250,330,289" oya="2" hai0="112,55,134,16,21,23,118,133,128,32,120,53,30" hai1="90,3,7,18,62,94,15,115,97,47,34,132,104" hai2="85,102,4,105,111,20,79,95,77,123,40,50,0" hai3="81,71,135,83,24,91,98,13,75,37,67,73,109"/><V121/><F111/><W130/><G37/><T2/><D2/><U64/><E115/><V38/><F38/><W63/><G109/><T122/><D30/><U39/><E132/><V59/><F105/><W103/><G135/><T29/><D29/><U100/><E34/><V61/><F0/><W76/><G130/><T114/><D118/><U45/><E7/><V5/><F123/><W101/><G24/><T88/><D88/><U56/><E39/><V68/><F68/><W82/><G13/><T126/><D126/><U42/><E42/><V44/><F20/><W74/><REACH who="3" step="1"/><G76/><REACH who="3" ten="131,250,330,279" step="2"/><T1/><D1/><U28/><E3/><V125/><F125/><W11/><G11/><T22/><D22/><U6/><E28/><V57/><F79/><W19/><G19/><T110/><D110/><U58/><E6/><V70/><F77/><W117/><G117/><T52/><D16/><U31/><E31/><V10/><F5/><W17/><G17/><T72/><D55/><U106/><E18/><V35/><F4/><W119/><G119/><T99/><D128/><U113/><E15/><V66/><F10/><W87/><G87/><T26/><D26/><U96/><E113/><V78/><F35/><W25/><G25/><T14/><D14/><U49/><REACH who="1" step="1"/><E106/><REACH who="1" ten="131,240,330,279" step="2"/><V48/><F121/><W69/><G69/><T84/><D32/><U92/><E92/><AGARI ba="0,2" hai="63,67,71,73,74,75,81,82,83,91,92,98,101,103" machi="92" ten="50,6400,0" yaku="1,1,52,1,53,1" doraHai="60" doraHaiUra="65" who="3" fromWho="1" sc="131,0,240,-64,330,0,279,84" /><INIT seed="3,0,0,4,5,57" ten="131,176,330,363" oya="3" hai0="98,64,87,42,99,108,83,33,17,76,15,81,31" hai1="72,44,59,78,118,52,20,8,1,101,131,96,85" hai2="68,12,92,5,94,60,24,115,58,120,14,124,21" hai3="11,41,40,6,116,102,132,0,119,93,106,88,18"/><W56/><G132/><T49/><D108/><U73/><E131/><V69/><F115/><W117/><G106/><T22/><D33/><U63/><E118/><V105/><F105/><W50/><G102/><T130/><D130/><U135/><E135/><V26/><F124/><W111/><G111/><T66/><D31/><U35/><E35/><V38/><F38/><W79/><G79/><T91/><D83/><N who="1" m="47351" /><E73/><V126/><F126/><W121/><G121/><T13/><D13/><U39/><E39/><V34/><F120/><W32/><G32/><T37/><D37/><U62/><E72/><V45/><F45/><W25/><G56/><T70/><D70/><U29/><E44/><V55/><F34/><W123/><G123/><T4/><D4/><U112/><E112/><V80/><F80/><W125/><G50/><T43/><D49/><N who="1" m="31119" /><E8/><N who="2" m="4111" /><F69/><W89/><G125/><T84/><D84/><U47/><E47/><V16/><F68/><W129/><G129/><T7/><D7/><U36/><E1/><V67/><F67/><W97/><G89/><T30/><D30/><U19/><E29/><N who="2" m="17551" /><F26/><W51/><G51/><T74/><D74/><U95/><E36/><V104/><F104/><W75/><G75/><T27/><D27/><AGARI ba="0,0" hai="19,20,27,62,63,95,96,101" m="31119,47351" machi="27" ten="30,7700,0" yaku="8,1,52,2,54,1" doraHai="57" who="1" fromWho="0" sc="131,-77,176,77,330,0,363,0" owari="54,-44.6,253,-14.7,330,13.0,363,46.3" /></mjloggm>