<mjloggm ver="2.3"><GO type="225" lobby="0"/><UN n0="%E3%81%BF%E3%81%BF%E3%81%9A" n1="%E6%81%A5%E6%99%92%E3%81%97" n2="%E7%99%BD%E5%80%89%E5%AF%9B%E4%B9%8B" n3="%E7%89%B9%E6%9D%B1%E3%81%AF%E4%B8%96%E7%95%8C%E3%82%92%E6%95%91%E3%81%86" dan="17,16,16,16" rate="2251.77,2121.84,2141.80,2175.78" sx="M,M,M,M"/><TAIKYOKU oya="0"/><INIT seed="0,0,0,5,3,73" ten="250,250,250,250" oya="0" hai0="93,84,77,107,35,4,23,51,127,18,132,7,91" hai1="96,106,102,81,76,57,37,88,56,113,30,22,59" hai2="6,116,33,112,117,46,58,87,83,13,2,126,115" hai3="134,105,53,94,1,72,114,61,99,64,120,10,8"/><T3/><D35/><U103/><E37/><V44/><F33/><W123/><G114/><N who="2" m="43561" /><F2/><W21/><G134/><T31/><D132/><U118/><E118/><N who="2" m="45675" /><F126/><W5/><G105/><T122/><D122/><N who="3" m="46633" /><G72/><T40/><D107/><U36/><E36/><V65/><F6/><N who="0" m="2090" /><D3/><U63/><E113/><V90/><F13/><W109/><G109/><T89/><D31/><U104/><E63/><AGARI ba="0,0" hai="44,46,58,63,65,83,87,90" m="45675,43561" machi="63" ten="30,1000,0" yaku="12,1" doraHai="73" who="2" fromWho="1" sc="250,0,250,-10,250,10,250,0" /><INIT seed="1,0,0,0,4,53" ten="250,240,260,250" oya="1" hai0="84,56,69,2,102,26,80,49,40,14,114,116,106" hai1="115,126,105,73,59,127,54,94,65,81,133,42,47" hai2="107,112,5,45,124,39,33,97,9,78,86,122,46" hai3="64,62,28,21,18,132,37,125,85,1,34,93,135"/><U134/><E115/><V17/><F33/><W63/><G1/><T76/><D2/><U20/><E105/><V12/><F122/><W35/><G37/><T120/><D69/><U88/><E20/><V43/><F112/><W61/><G125/><N who="1" m="47626" /><E65/><V96/><F124/><W50/><G28/><T55/><D114/><U38/><E81/><V16/><F107/><W29/><G29/><T99/><D116/><U70/><E73/><V60/><F60/><W82/><G50/><T77/><D26/><U3/><E70/><V91/><F78/><N who="3" m="46295" /><G93/><T109/><D109/><U131/><E3/><V74/><F74/><W36/><G36/><T25/><D25/><U92/><E131/><V90/><F46/><W58/><G35/><T104/><D120/><U108/><E108/><V121/><F121/><W117/><G34/><T118/><D118/><U128/><E128/><V119/><F119/><W15/><G117/><T27/><D27/><U129/><E129/><V71/><F71/><W66/><G66/><T113/><D113/><U30/><E30/><V68/><F68/><W51/><G51/><T6/><D106/><U48/><E94/><V67/><F67/><W8/><G21/><T110/><D110/><U44/><E44/><V98/><REACH who="2" step="1"/><F91/><REACH who="2" ten="250,240,250,250" step="2"/><W101/><G64/><T13/><D76/><U79/><E79/><V4/><F4/><W23/><G135/><T24/><D6/><U100/><E100/><V52/><F52/><W57/><G132/><T123/><D123/><U0/><E0/><V72/><F72/><W95/><G101/><T83/><D77/><U19/><E19/><RYUUKYOKU ba="0,1" sc="250,-15,240,15,250,15,250,-15" hai1="38,42,47,48,54,59,88,92,133,134" hai2="5,9,12,16,17,39,43,45,86,90,96,97,98" /><INIT seed="1,1,1,3,3,4" ten="235,255,265,235" oya="1" hai0="47,76,79,129,26,121,16,126,97,133,21,106,13" hai1="58,23,17,102,18,78,130,99,72,118,7,37,88" hai2="127,42,95,128,32,36,75,107,84,12,1,74,92" hai3="39,111,51,124,20,15,87,40,113,62,24,96,45"/><U83/><E118/><V86/><F1/><W112/><G111/><T91/><D126/><U81/><E37/><V135/><F32/><W108/><G108/><T59/><D129/><U68/><E130/><V116/><F128/><W110/><G110/><T50/><D133/><U8/><E68/><V125/><F42/><W25/><G124/><N who="2" m="47689" /><F36/><W82/><G39/><T54/><D121/><U63/><E23/><V27/><F27/><W55/><G96/><T60/><D13/><N who="1" m="5279" /><E72/><N who="2" m="27691" /><F12/><W77/><G112/><T57/><D57/><U103/><E78/><V34/><F34/><W46/><G113/><T134/><D134/><U73/><E73/><V89/><F135/><W35/><G35/><T80/><D106/><U104/><E104/><V14/><F14/><W2/><G2/><T120/><D120/><U71/><E71/><V44/><F44/><W38/><REACH who="3" step="1"/><G62/><REACH who="3" ten="235,255,265,225" step="2"/><T6/><D6/><U98/><E98/><N who="2" m="57615" /><F116/><W10/><G10/><T105/><D105/><U52/><E102/><V31/><F107/><W100/><G100/><T114/><D114/><U28/><E103/><V49/><F49/><W56/><G56/><T53/><D80/><N who="1" m="30795" /><E28/><V94/><F31/><W123/><G123/><T90/><D90/><U132/><E132/><V61/><F61/><W11/><G11/><T3/><D3/><U122/><E122/><V64/><F64/><W9/><G9/><T65/><D65/><U19/><E19/><AGARI ba="1,2" hai="15,19,20,24,25,38,40,45,46,51,55,77,82,87" machi="19" ten="40,1300,0" yaku="1,1,53,0" doraHai="4" doraHaiUra="101" who="3" fromWho="1" sc="235,0,255,-16,265,0,225,36" /><INIT seed="2,0,0,4,3,102" ten="235,239,265,261" oya="2" hai0="82,84,32,75,22,71,108,24,96,132,72,34,23" hai1="131,100,59,70,98,94,37,112,36,58,43,83,78" hai2="74,55,86,104,61,110,64,95,87,122,119,28,18" hai3="128,101,130,33,17,91,115,69,40,127,7,126,114"/><V0/><F0/><W117/><G69/><T21/><D71/><U14/><E112/><N who="3" m="43050" /><G117/><T8/><D108/><U125/><E70/><V134/><F74/><W63/><G63/><T81/><D132/><U109/><E109/><V54/><F110/><W116/><G116/><T3/><D96/><U12/><E125/><N who="3" m="47626" /><G101/><T10/><D3/><U45/><E131/><N who="3" m="50218" /><G40/><T25/><D22/><U41/><E43/><V97/><F61/><W89/><G33/><T50/><D84/><U9/><E41/><V2/><F87/><W15/><G7/><T51/><AGARI ba="0,0" hai="8,10,21,23,24,25,32,34,50,51,72,75,81,82" machi="51" ten="25,3200,0" yaku="0,1,22,2" doraHai="102" who="0" fromWho="0" sc="235,32,239,-8,265,-16,261,-8" /><INIT seed="3,0,0,4,4,53" ten="267,231,249,253" oya="3" hai0="49,118,56,4,99,115,76,35,45,36,67,32,79" hai1="120,129,7,69,126,124,70,134,63,10,71,16,2" hai2="21,40,128,11,29,119,125,68,58,110,20,89,93" hai3="52,23,33,127,24,12,114,3,62,94,61,59,26"/><W72/><G114/><T135/><D118/><U100/><E120/><V101/><F68/><W78/><G3/><T117/><D117/><U90/><E100/><V47/><F119/><W85/><G127/><N who="1" m="48682" /><E129/><V14/><F125/><W25/><G33/><T116/><D4/><U5/><E134/><V13/><F128/><W98/><G72/><T8/><D8/><U6/><E90/><V77/><F77/><W83/><G62/><T44/><D79/><U1/><E63/><V38/><F101/><N who="3" m="60631" /><G12/><AGARI ba="0,0" hai="1,2,5,6,7,10,12,16,69,70,71" m="48682" machi="12" ten="40,2600,0" yaku="18,1,54,1" doraHai="53" who="1" fromWho="3" sc="267,0,231,26,249,0,253,-26" /><INIT seed="4,0,0,2,2,37" ten="267,257,249,227" oya="0" hai0="108,104,31,0,113,35,105,20,129,59,114,109,87" hai1="34,88,122,133,47,74,53,19,66,18,76,123,33" hai2="97,118,121,7,13,84,40,112,103,9,94,62,43" hai3="24,32,14,71,77,54,110,46,72,65,3,5,98"/><T125/><D0/><U39/><E133/><V11/><F121/><W100/><G110/><N who="0" m="42603" /><D129/><U48/><E66/><V12/><F112/><N who="0" m="43114" /><D125/><U95/><E39/><V91/><F62/><W124/><G124/><T6/><D6/><U134/><E134/><V45/><F45/><W132/><G3/><T80/><D59/><U55/><E74/><V70/><F70/><W79/><G5/><T85/><D20/><U2/><E2/><V106/><REACH who="2" step="1"/><F118/><REACH who="2" ten="267,257,239,227" step="2"/><W23/><G71/><T120/><D120/><U58/><E122/><V50/><F50/><W16/><G132/><T61/><D61/><U75/><E48/><V1/><F1/><W96/><G46/><T49/><D49/><U127/><E47/><V26/><F26/><W83/><G65/><T78/><D85/><U67/><E123/><V135/><F135/><W128/><G72/><T52/><D52/><U8/><E127/><V93/><F93/><N who="3" m="58383" /><G128/><T36/><D36/><U82/><E55/><V69/><F69/><W15/><G54/><T60/><D60/><U29/><E53/><V27/><F27/><AGARI ba="0,1" hai="27,31,35,78,80,87,104,105" m="43114,42603" machi="27" ten="30,2900,0" yaku="10,1,15,1" doraHai="37" who="0" fromWho="2" sc="267,39,257,0,239,-29,227,0" owari="306,40.6,257,5.7,210,-29.0,227,-17.3" /></mjloggm>