<mjloggm ver="2.3"><GO type="225" lobby="0"/><UN n0="%E5%91%A8%E6%9D%B1" n1="%E3%83%B4%E3%83%A0%EF%BC%99%E3%81%A6" n2="%E6%98%93%E5%88%A9%E8%96%A9%E4%BC%AF" n3="%4B%2E%32%2E%4B%2E" dan="16,17,17,16" rate="2172.75,2146.80,2152.67,2145.97" sx="M,M,F,M"/><TAIKYOKU oya="0"/><INIT seed="0,0,0,0,4,81" ten="250,250,250,250" oya="0" hai0="112,109,133,51,119,128,45,99,48,108,40,28,47" hai1="66,100,61,117,64,27,127,46,31,76,5,105,4" hai2="102,91,135,33,63,115,22,72,130,125,13,56,113" hai3="42,32,1,30,19,97,123,44,37,71,69,104,62"/><T58/><D119/><U59/><E117/><V36/><F72/><W131/><G19/><T54/><D112/><U38/><E127/><V57/><F33/><W6/><G123/><T134/><D99/><U87/><E64/><V65/><F36/><W106/><G131/><T92/><D92/><U2/><E2/><V111/><F130/><W80/><G80/><T75/><D28/><U41/><E100/><V52/><F111/><N who="0" m="42570" /><D75/><U39/><E39/><V10/><F102/><N who="3" m="62543" /><G62/><N who="0" m="36183" /><D128/><U77/><E105/><V21/><F125/><W16/><G106/><T11/><D11/><U24/><E31/><V90/><F135/><W67/><G67/><T73/><D73/><U70/><E66/><V14/><F14/><W49/><G30/><T101/><D101/><U53/><E24/><V116/><F116/><W84/><G71/><T122/><D122/><U78/><E27/><V12/><F12/><W107/><G69/><T79/><D79/><U60/><E70/><V3/><F3/><W68/><G68/><T98/><D98/><U17/><E76/><V35/><F35/><W94/><G94/><T85/><D85/><U132/><E77/><V50/><F115/><W88/><G107/><T118/><D118/><U89/><E78/><V34/><F34/><W23/><G32/><T86/><D86/><U120/><E120/><V129/><F129/><W43/><G84/><T20/><D20/><N who="2" m="7786" /><F113/><W114/><G114/><T93/><D93/><U96/><E96/><V29/><F29/><W0/><G23/><T82/><D82/><U18/><E87/><V55/><F65/><W26/><G0/><RYUUKYOKU ba="0,0" sc="250,15,250,-15,250,15,250,-15" hai0="40,45,47,48,51,133,134" hai2="10,13,50,52,55,56,57,63,90,91" /><INIT seed="0,1,0,4,0,100" ten="265,235,265,235" oya="0" hai0="15,45,29,87,94,27,44,123,73,77,50,7,68" hai1="18,64,107,13,16,124,121,46,8,122,5,23,104" hai2="103,69,14,127,41,126,28,134,81,118,114,43,65" hai3="1,108,4,82,56,61,30,90,95,129,32,89,2"/><T135/><D123/><U93/><E64/><V115/><F28/><W19/><G108/><T48/><D68/><U130/><E93/><V111/><F14/><W75/><G129/><T24/><D135/><U54/><E130/><V85/><F103/><W112/><G112/><T131/><D73/><U38/><E124/><N who="2" m="47659" /><F111/><W62/><G30/><T36/><D36/><U49/><E38/><V52/><F134/><W96/><G32/><T35/><D131/><U78/><E78/><N who="2" m="46263" /><F118/><W72/><G19/><T88/><D77/><U21/><E122/><V31/><F31/><W74/><G4/><T110/><D110/><U70/><E70/><V105/><F105/><W11/><G11/><N who="0" m="4607" /><D35/><U58/><E121/><V3/><F3/><W91/><G82/><T47/><D29/><U20/><E18/><V83/><F83/><W101/><REACH who="3" step="1"/><G62/><REACH who="3" ten="265,235,265,225" step="2"/><T116/><D116/><U102/><E5/><V79/><F115/><W63/><G63/><T86/><D86/><U42/><REACH who="1" step="1"/><E102/><REACH who="1" ten="265,225,265,225" step="2"/><V80/><F114/><W60/><G60/><T57/><D48/><U33/><E33/><V51/><F51/><W106/><G106/><T53/><AGARI ba="1,2" hai="24,27,44,45,47,50,53,57,87,88,94" m="4607" machi="53" ten="30,3000,0" yaku="8,1,54,1" doraHai="100" who="0" fromWho="0" sc="265,53,225,-11,265,-11,225,-11" /><INIT seed="0,2,0,5,4,128" ten="318,214,254,214" oya="0" hai0="31,11,119,53,32,71,9,80,54,70,49,12,73" hai1="24,6,56,78,75,91,93,96,116,134,90,113,125" hai2="110,131,34,3,55,115,104,2,16,29,48,99,20" hai3="52,0,21,19,95,85,62,30,97,98,124,130,101"/><T123/><D123/><U81/><E116/><V69/><F115/><W13/><G124/><T26/><D119/><U133/><E6/><V129/><F69/><W57/><G130/><N who="2" m="49673" /><F110/><W35/><G0/><T106/><D106/><U107/><E125/><V28/><F104/><W64/><G35/><T102/><D102/><N who="1" m="62919" /><E113/><V51/><F99/><W59/><G30/><N who="2" m="11881" /><F34/><W63/><G97/><T44/><D54/><U117/><E117/><V76/><F76/><W38/><G38/><T112/><D112/><U15/><E24/><N who="2" m="14343" /><F51/><W68/><G68/><T84/><D73/><U118/><E118/><V23/><F23/><W77/><REACH who="3" step="1"/><G77/><REACH who="3" ten="318,214,254,204" step="2"/><T47/><D71/><U8/><E78/><V94/><F94/><W126/><G126/><T111/><D70/><U1/><E1/><V37/><F37/><W82/><G82/><T127/><D127/><U88/><E93/><V65/><F65/><W22/><G22/><T10/><D111/><U5/><E81/><V43/><F43/><W41/><G41/><T108/><D108/><U86/><E8/><V66/><F66/><W33/><G33/><T89/><D9/><U83/><E83/><V100/><F100/><W109/><G109/><T4/><D10/><U121/><E91/><V60/><F2/><W50/><G50/><T135/><D32/><U17/><E90/><V46/><F3/><W27/><G27/><T103/><D89/><U114/><E114/><V58/><F46/><W36/><G36/><T132/><D44/><U39/><E88/><V79/><F79/><W87/><AGARI ba="2,1" hai="13,19,21,52,57,59,62,63,64,85,87,95,98,101" machi="87" ten="30,7900,0" yaku="1,1,0,1,8,1,54,1,53,0" doraHai="128" doraHaiUra="42" who="3" fromWho="3" sc="318,-41,214,-22,254,-22,204,95" /><INIT seed="1,0,0,0,4,98" ten="277,192,232,299" oya="1" hai0="32,1,75,116,69,114,0,4,8,104,119,126,121" hai1="19,134,11,13,33,96,76,110,67,99,38,10,79" hai2="2,64,3,59,68,35,135,40,52,122,27,44,25" hai3="43,55,28,125,6,130,26,83,53,71,88,49,14"/><U93/><E38/><N who="2" m="21527" /><F122/><W84/><G71/><T18/><D18/><U89/><E33/><V117/><F117/><W50/><G125/><T120/><D69/><U105/><E134/><V72/><F72/><W5/><G130/><T101/><D75/><U45/><E110/><V86/><F86/><W133/><G133/><T92/><D92/><U65/><E45/><V58/><F58/><N who="3" m="33071" /><G43/><T124/><D32/><U128/><E128/><V15/><F15/><W46/><G14/><T123/><D114/><U54/><E54/><V91/><F91/><W100/><G100/><T113/><D113/><U109/><E10/><V102/><F102/><W106/><G106/><T77/><D77/><U111/><E111/><V63/><F135/><W56/><G56/><T16/><D0/><N who="2" m="42" /><F35/><W73/><G73/><T12/><D101/><N who="1" m="62631" /><E109/><V30/><F30/><W20/><AGARI ba="0,0" hai="5,6,20,26,28,46,50,55,83,84,88" m="33071" machi="20" ten="30,2000,0" yaku="8,1,54,1" doraHai="98" who="3" fromWho="3" sc="277,-5,192,-10,232,-5,299,20" /><INIT seed="2,0,0,5,0,88" ten="272,182,227,319" oya="2" hai0="98,48,96,64,47,29,94,83,34,84,86,12,69" hai1="32,54,122,135,56,38,16,117,44,8,26,102,52" hai2="1,111,82,36,57,3,17,18,133,79,50,14,42" hai3="68,81,28,115,99,27,93,19,70,43,66,51,67"/><V30/><F133/><W77/><G115/><T5/><D34/><U39/><E117/><V10/><F111/><W2/><G2/><T95/><D29/><U101/><E135/><V72/><F30/><W20/><G70/><T92/><D64/><U119/><E119/><V4/><F3/><W91/><G68/><T85/><D69/><U6/><E122/><V110/><F110/><W21/><G51/><T129/><D129/><U59/><E32/><V76/><F76/><W75/><G43/><N who="0" m="24703" /><D83/><U60/><E44/><N who="2" m="23623" /><F14/><AGARI ba="0,0" hai="14,19,20,21,27,28,66,67,75,77,81,91,93,99" machi="14" ten="30,2000,0" yaku="7,1,52,1" doraHai="88" who="3" fromWho="2" sc="272,0,182,0,227,-20,319,20" /><INIT seed="3,0,0,5,5,16" ten="272,182,207,339" oya="3" hai0="56,109,134,120,70,113,80,35,84,83,128,55,29" hai1="111,23,17,81,59,3,9,57,24,103,32,54,62" hai2="68,108,95,89,63,21,47,46,125,82,26,53,40" hai3="121,112,64,45,100,18,7,38,0,114,99,90,76"/><W20/><G121/><T5/><D70/><U49/><E111/><V69/><F108/><W106/><G76/><T22/><D109/><U30/><E103/><V8/><F82/><W28/><G28/><T122/><D128/><U93/><E93/><V96/><F8/><W51/><G38/><T66/><D134/><U42/><E81/><V10/><F10/><W127/><G127/><T107/><D66/><U101/><E101/><V77/><F77/><W11/><G64/><T135/><D107/><U94/><E94/><V71/><F125/><W41/><G90/><T116/><D135/><U15/><E42/><V67/><F53/><W110/><G110/><T65/><D65/><U1/><REACH who="1" step="1"/><E32/><REACH who="1" ten="272,172,207,339" step="2"/><V130/><F130/><W85/><G85/><T19/><D35/><U12/><E12/><AGARI ba="0,1" hai="0,7,11,12,18,20,41,45,51,99,100,106,112,114" machi="12" ten="30,2900,0" yaku="7,1,52,1" doraHai="16" who="3" fromWho="1" sc="272,0,172,-29,207,0,339,39" owari="272,7.2,143,-35.7,207,-19.3,378,47.8" /></mjloggm>