<mjloggm ver="2.3"><GO type="225" lobby="0"/><UN n0="%E3%82%A2%E3%82%A4%E3%82%B9%E3%83%86%E3%82%A3%E3%83%BC%E3%81%82%E3%81%B9" n1="%E6%A1%9C%E8%8A%B1%E9%96%83%E3%80%85" n2="%E3%81%A4%E3%81%A3%E3%81%B1%E3%82%8A%E3%83%9D%E3%83%BC%E3%83%AB" n3="%E7%99%BD%E5%80%89%E5%AF%9B%E4%B9%8B" dan="16,16,17,16" rate="2065.03,2083.98,2133.01,2140.69" sx="M,M,M,M"/><TAIKYOKU oya="0"/><INIT seed="0,0,0,0,3,118" ten="250,250,250,250" oya="0" hai0="41,19,59,51,131,79,43,57,67,122,129,42,60" hai1="114,3,52,48,61,111,85,115,81,49,109,123,70" hai2="31,92,62,13,87,35,37,23,36,32,77,104,14" hai3="2,132,71,93,97,53,56,72,44,128,40,121,73"/><T100/><D79/><U11/><E11/><V126/><F104/><W98/><G71/><N who="0" m="42471" /><D100/><U4/><E4/><V8/><F126/><W46/><G2/><T99/><D19/><U24/><E24/><V38/><F62/><W120/><G132/><T124/><D99/><U101/><E101/><V86/><F86/><W74/><G128/><N who="0" m="49227" /><D124/><U66/><E3/><V75/><F75/><W112/><G112/><N who="1" m="43050" /><E123/><N who="3" m="47178" /><G40/><N who="0" m="15467" /><D122/><U108/><E85/><V68/><F68/><W47/><G93/><T50/><N who="0" m="15475" /><T9/><DORA hai="15" /><D9/><U105/><E81/><V25/><F92/><W63/><AGARI ba="0,0" hai="44,46,47,53,56,63,72,73,74,97,98" m="47178" machi="63" ten="40,8000,1" yaku="13,1,52,3" doraHai="118,15" who="3" fromWho="3" sc="250,-40,250,-20,250,-20,250,80" /><INIT seed="1,0,0,1,4,36" ten="210,230,230,330" oya="1" hai0="55,115,41,101,18,94,122,54,51,4,47,112,86" hai1="26,78,37,114,100,58,14,29,15,82,90,135,8" hai2="23,109,96,49,5,89,66,124,110,43,67,131,125" hai3="97,76,65,28,12,20,111,102,25,7,118,64,1"/><U16/><E114/><V105/><F5/><W99/><G111/><N who="2" m="42505" /><F23/><W133/><G133/><T44/><D122/><U61/><E135/><V74/><F74/><W35/><G118/><T83/><D4/><U52/><E37/><V73/><F73/><W119/><G119/><T128/><D128/><U62/><E100/><N who="2" m="62599" /><F89/><W130/><G130/><T134/><D134/><U132/><E132/><V42/><F131/><W80/><G1/><T9/><D94/><U6/><E90/><V39/><F39/><W104/><G97/><T91/><D101/><U63/><E26/><V46/><F43/><W30/><G30/><T117/><D117/><U24/><E24/><V60/><F67/><W95/><G104/><T126/><D126/><U68/><E29/><V3/><F3/><W19/><REACH who="3" step="1"/><G7/><REACH who="3" ten="210,230,230,320" step="2"/><T88/><D115/><U92/><E68/><AGARI ba="0,1" hai="42,46,49,60,66,68,124,125" m="62599,42505" machi="68" ten="30,2000,0" yaku="14,1,52,1" doraHai="36" who="2" fromWho="1" sc="210,0,230,-20,230,30,320,0" /><INIT seed="2,0,0,4,5,18" ten="210,210,260,320" oya="2" hai0="107,101,81,49,41,99,78,27,120,109,56,92,51" hai1="116,36,5,124,113,98,3,16,100,91,38,86,77" hai2="85,48,66,12,133,39,68,121,2,65,70,135,95" hai3="35,28,10,74,21,33,93,79,9,132,22,130,57"/><V111/><F121/><W125/><G74/><T42/><D120/><U106/><E113/><V29/><F2/><W20/><G79/><T115/><D115/><U52/><E116/><V4/><F39/><W104/><G104/><T83/><D109/><U71/><E71/><V127/><F29/><W122/><G122/><T24/><D107/><U8/><E124/><V32/><F32/><N who="3" m="12363" /><G93/><T62/><D42/><U23/><E77/><V94/><F127/><W26/><G57/><T54/><D83/><U31/><E31/><V134/><F111/><W0/><G125/><T129/><D129/><U58/><E86/><V118/><F118/><W50/><G50/><T6/><D6/><U126/><E91/><N who="2" m="53615" /><F95/><W105/><G105/><T1/><D1/><U60/><E126/><V46/><F68/><W69/><G69/><T119/><D119/><U76/><E76/><V45/><F70/><W73/><G73/><T44/><REACH who="0" step="1"/><D51/><REACH who="0" ten="200,210,260,320" step="2"/><U64/><REACH who="1" step="1"/><E64/><REACH who="1" ten="200,200,260,320" step="2"/><V37/><F66/><W82/><G130/><T17/><D17/><U114/><E114/><V84/><F65/><W25/><G82/><T97/><D97/><U43/><E43/><N who="2" m="22767" /><F135/><W108/><G132/><T34/><D34/><U67/><E67/><V96/><F96/><W53/><G108/><T87/><AGARI ba="0,2" hai="24,27,41,44,49,54,56,62,78,81,87,92,99,101" machi="87" ten="20,5200,0" yaku="1,1,0,1,7,1,8,1,53,0" doraHai="18" doraHaiUra="131" who="0" fromWho="0" sc="200,72,200,-13,260,-26,320,-13" /><INIT seed="3,0,0,3,5,135" ten="272,187,234,307" oya="3" hai0="81,6,30,59,16,43,60,38,23,47,86,15,98" hai1="99,0,87,70,29,68,91,71,102,115,37,127,44" hai2="120,66,14,104,22,130,39,2,122,53,19,54,123" hai3="33,24,128,40,45,27,72,124,125,32,89,28,116"/><W65/><G116/><T82/><D6/><U10/><E29/><V46/><F130/><W117/><G117/><T85/><D30/><U93/><E115/><V100/><F2/><W35/><G128/><T76/><D98/><U110/><E110/><V105/><F66/><W126/><G72/><T61/><REACH who="0" step="1"/><D59/><REACH who="0" ten="262,187,234,307" step="2"/><U95/><E0/><V109/><F109/><W119/><G119/><T79/><AGARI ba="0,1" hai="15,16,23,38,43,47,60,61,76,79,81,82,85,86" machi="79" ten="20,12000,2" yaku="1,1,2,1,0,1,7,1,9,1,54,1,53,0" doraHai="135" doraHaiUra="55" who="0" fromWho="0" sc="262,130,187,-30,234,-30,307,-60" owari="392,49.2,157,-34.3,204,-19.6,247,4.7" /></mjloggm>