<mjloggm ver="2.3"><GO type="225" lobby="0"/><UN n0="%E3%83%96%E3%83%83%E3%83%91%E3%82%AA%E3%83%96%E3%83%81%E3%82%AD%E3%83%B3" n1="%E3%81%8B%E3%82%8F%E3%81%A1%E3%82%83%E3%82%93%35%38" n2="%70%68%65%6E%6F%6D%65" n3="%E7%99%BD%E5%80%89%E5%AF%9B%E4%B9%8B" dan="16,16,16,16" rate="2112.72,2159.11,2203.21,2152.56" sx="M,M,M,M"/><TAIKYOKU oya="0"/><INIT seed="0,0,0,3,2,117" ten="250,250,250,250" oya="0" hai0="115,31,41,108,109,42,32,67,125,51,58,54,88" hai1="27,106,101,23,133,2,135,56,37,129,107,24,72" hai2="66,114,78,116,6,122,80,124,68,113,87,53,61" hai3="28,34,25,13,79,95,99,127,49,36,7,14,94"/><T85/><D115/><U105/><E129/><V20/><F116/><W9/><G36/><T110/><D125/><U132/><E37/><V62/><F124/><W43/><G127/><T11/><D67/><U83/><E2/><V103/><F122/><W45/><G79/><T33/><D11/><U102/><E56/><V64/><F6/><W55/><G14/><T48/><D31/><U126/><E126/><V65/><F103/><N who="1" m="39433" /><E23/><V91/><F53/><W100/><REACH who="3" step="1"/><G43/><REACH who="3" ten="250,250,250,240" step="2"/><N who="0" m="16395" /><D48/><U92/><E92/><AGARI ba="0,1" hai="7,9,13,25,28,34,45,49,55,92,94,95,99,100" machi="92" ten="30,3900,0" yaku="1,1,7,1,53,1" doraHai="117" doraHaiUra="22" who="3" fromWho="1" sc="250,0,250,-39,250,0,240,49" /><AGARI ba="0,0" hai="32,33,51,54,58,85,88,92,108,109,110" m="16395" machi="92" ten="30,5800,0" yaku="14,1,10,1,54,1" doraHai="117" who="0" fromWho="1" sc="250,58,211,-58,250,0,289,0" /><INIT seed="0,1,0,3,0,120" ten="308,153,250,289" oya="0" hai0="89,4,98,112,119,123,49,118,103,19,117,85,70" hai1="58,97,111,110,100,11,131,1,135,7,69,36,16" hai2="76,67,57,22,78,26,126,0,82,51,65,77,114" hai3="14,107,12,96,18,64,125,31,54,38,94,24,15"/><T86/><D123/><U115/><E69/><V132/><F114/><W71/><G38/><T40/><D112/><U2/><E115/><V43/><F126/><W121/><G125/><T102/><D70/><U130/><E36/><V30/><F132/><W53/><G121/><T41/><D4/><U29/><E135/><V104/><F104/><W9/><G107/><T74/><D74/><U34/><E1/><V95/><F0/><W88/><G71/><T80/><D49/><U23/><E58/><V133/><F133/><W25/><G64/><T75/><D75/><U93/><E29/><V109/><F109/><N who="1" m="41481" /><E34/><V60/><F95/><W20/><REACH who="3" step="1"/><G9/><REACH who="3" ten="308,153,250,279" step="2"/><T56/><D119/><U48/><E48/><V113/><F113/><W47/><G47/><T3/><D118/><U55/><E55/><V66/><F43/><W44/><G44/><T73/><D41/><U32/><E32/><AGARI ba="1,1" hai="12,14,15,18,20,24,25,31,32,53,54,88,94,96" machi="32" ten="40,2600,0" yaku="1,1,54,1,53,0" doraHai="120" doraHaiUra="134" who="3" fromWho="1" sc="308,0,153,-29,250,0,279,39" /><INIT seed="1,0,0,4,0,39" ten="308,124,250,318" oya="1" hai0="97,49,21,80,128,95,48,51,121,61,122,42,112" hai1="82,11,8,124,120,107,127,130,23,87,68,52,16" hai2="125,7,10,37,14,96,90,44,36,33,1,85,110" hai3="109,94,93,86,104,126,71,27,32,31,99,22,57"/><U115/><E68/><V43/><F110/><W77/><G109/><T58/><D112/><U0/><E107/><V63/><F33/><W12/><G126/><N who="1" m="48170" /><E115/><V24/><F125/><W64/><G57/><T108/><D108/><U47/><E0/><V25/><F37/><W91/><G77/><T106/><D106/><U53/><E120/><N who="0" m="46185" /><D128/><U29/><E29/><V111/><F111/><W55/><G55/><N who="1" m="21066" /><E130/><V75/><F75/><W123/><G123/><T17/><D80/><U89/><E47/><V133/><F133/><W26/><G12/><AGARI ba="0,0" hai="8,11,12,16,23,82,87,89" m="21066,48170" machi="12" ten="30,5800,0" yaku="18,1,54,2" doraHai="39" who="1" fromWho="3" sc="308,0,124,58,250,0,318,-58" /><INIT seed="1,1,0,5,5,110" ten="308,182,250,260" oya="1" hai0="92,112,11,44,93,34,31,91,42,39,27,121,77" hai1="84,130,67,111,40,62,81,32,97,47,29,5,3" hai2="115,116,103,133,57,54,8,14,9,73,64,36,96" hai3="20,132,66,51,105,78,124,53,12,69,43,65,19"/><U68/><E130/><V2/><F116/><W55/><G105/><T129/><D129/><U85/><E111/><V45/><F73/><W104/><G104/><T4/><D121/><U70/><E70/><V76/><F76/><W119/><G119/><T108/><D108/><U80/><E3/><V89/><F133/><W120/><G120/><T100/><D112/><U41/><E5/><V6/><F89/><W25/><G132/><T74/><D100/><U82/><E97/><V60/><F115/><W58/><G69/><T23/><D91/><U107/><E107/><V90/><F90/><W49/><G43/><T79/><D34/><U117/><E117/><V22/><F22/><W50/><G124/><T72/><D79/><U101/><E101/><V26/><F26/><W125/><G125/><T46/><D46/><U18/><E18/><V88/><F88/><W30/><G78/><T17/><D31/><U98/><E98/><V16/><F36/><W128/><G128/><T10/><D10/><U52/><E52/><V7/><F7/><W83/><G83/><N who="0" m="45479" /><D74/><U109/><E109/><V1/><F2/><AGARI ba="1,0" hai="2,4,11,17,23,27,39,42,44,92,93" m="45479" machi="2" ten="30,1000,0" yaku="25,1" doraHai="110" who="0" fromWho="2" sc="308,13,182,0,250,-13,260,0" /><INIT seed="2,0,0,2,4,10" ten="321,182,237,260" oya="2" hai0="112,114,105,51,54,90,3,84,47,77,6,104,22" hai1="81,121,46,9,61,64,30,133,129,17,37,7,49" hai2="1,12,52,48,135,126,70,38,99,20,29,107,97" hai3="83,32,113,71,36,124,110,117,72,15,39,76,120"/><V41/><F1/><W79/><RYUUKYOKU type="yao9" ba="0,0" sc="321,0,182,0,237,0,260,0" hai3="15,32,36,39,71,72,76,79,83,110,113,117,120,124" /><INIT seed="2,1,0,4,5,32" ten="321,182,237,260" oya="2" hai0="90,4,1,59,27,75,70,73,95,125,87,6,24" hai1="49,78,7,120,50,97,30,47,11,20,107,68,121" hai2="3,69,114,29,98,131,34,22,129,103,36,16,77" hai3="2,113,110,54,127,67,74,124,21,132,84,126,134"/><V19/><F36/><W55/><G74/><T40/><D70/><U45/><E78/><V8/><F69/><W37/><G84/><T108/><D108/><U38/><E97/><V76/><F114/><W28/><G28/><T57/><D125/><U71/><E20/><V91/><F91/><W53/><G21/><T118/><D40/><N who="1" m="22679" /><E30/><V10/><F77/><W17/><G17/><T123/><D123/><N who="1" m="47179" /><E107/><V52/><F52/><W56/><G113/><T81/><D59/><U104/><E104/><V51/><F51/><N who="1" m="19465" /><E47/><V101/><F76/><W46/><G126/><T106/><D106/><U44/><E44/><V89/><F89/><W80/><G46/><T99/><D75/><U79/><E79/><V92/><F103/><W12/><G124/><T13/><D73/><U119/><E119/><V62/><F19/><W41/><G80/><T102/><D81/><U48/><N who="1" m="19473" /><U128/><DORA hai="130" /><E128/><V18/><F18/><W96/><G96/><T83/><D99/><U116/><E116/><V112/><F112/><W88/><G88/><T94/><D83/><U72/><E72/><V100/><F101/><W43/><G12/><T26/><D13/><U61/><E61/><V25/><F62/><W9/><G127/><T122/><D102/><U31/><E31/><V64/><F10/><W39/><G9/><T82/><D90/><U86/><E86/><V66/><F129/><W60/><G60/><T133/><D87/><U109/><E109/><V85/><F131/><W14/><G110/><T42/><D118/><U0/><AGARI ba="1,0" hai="0,7,11,68,71" m="19473,47179,22679" machi="0" ten="40,2700,0" yaku="13,1,52,1" doraHai="32,130" who="1" fromWho="1" sc="321,-8,182,30,237,-14,260,-8" /><INIT seed="3,0,0,2,4,2" ten="313,212,223,252" oya="3" hai0="51,21,35,26,5,126,53,11,134,125,85,107,91" hai1="63,105,12,6,31,124,115,131,113,47,102,80,54" hai2="45,122,75,123,133,116,67,18,48,117,8,70,110" hai3="76,62,3,37,0,1,7,38,17,99,103,87,59"/><W79/><G17/><T130/><D35/><U15/><E105/><V72/><F67/><W104/><G7/><T46/><D107/><U82/><E115/><V10/><F70/><W30/><G30/><T74/><D74/><N who="2" m="28202" /><F110/><W60/><G87/><T57/><D130/><U39/><E113/><V127/><F133/><W34/><G34/><T42/><D134/><U112/><E112/><V97/><F97/><W71/><G71/><T121/><D121/><N who="2" m="46090" /><F127/><N who="0" m="48650" /><D21/><U94/><E124/><V93/><F93/><W19/><G19/><T44/><D26/><U4/><E39/><V28/><F28/><W25/><G62/><T66/><D66/><U81/><E131/><V119/><F18/><W69/><G76/><T23/><D23/><U89/><E102/><V73/><N who="2" m="28210" /><V14/><DORA hai="58" /><F14/><N who="1" m="5161" /><E31/><V92/><F92/><W43/><G103/><T106/><D106/><U64/><E64/><V22/><F22/><W49/><G104/><T78/><D78/><U52/><E47/><N who="0" m="17961" /><D42/><AGARI ba="0,0" hai="8,10,42,45,48,116,117,119" m="46090,28210" machi="42" ten="50,1600,0" yaku="13,1" doraHai="2,58" who="2" fromWho="0" sc="313,-16,212,0,223,16,252,0" /><INIT seed="4,0,0,5,5,24" ten="297,212,239,252" oya="0" hai0="38,18,54,59,34,130,68,118,120,40,65,132,124" hai1="53,31,56,50,28,125,44,1,105,19,98,41,43" hai2="39,115,29,57,73,109,30,48,114,66,121,23,64" hai3="83,101,0,55,133,107,78,86,52,27,49,51,123"/><T85/><D118/><U21/><E1/><V74/><F39/><W72/><G0/><T36/><D120/><U79/><E125/><V6/><F6/><W75/><G123/><T97/><D34/><U82/><E105/><V112/><F121/><W58/><G133/><T22/><D124/><U35/><E98/><V10/><F10/><W104/><G27/><T76/><D132/><U7/><E7/><V111/><F23/><W9/><G9/><T110/><D40/><U95/><E95/><V134/><F134/><W4/><G4/><T12/><D130/><U94/><E94/><V87/><F87/><W89/><G101/><T63/><D110/><N who="2" m="41994" /><F48/><W84/><G75/><N who="2" m="28681" /><F57/><W13/><G13/><T8/><D97/><U26/><E35/><V91/><F91/><W42/><G42/><N who="1" m="15882" /><E56/><V77/><F77/><W116/><G116/><T70/><D70/><U122/><E122/><V71/><F71/><W80/><REACH who="3" step="1"/><G72/><REACH who="3" ten="297,212,239,242" step="2"/><T90/><D8/><U67/><E67/><AGARI ba="0,1" hai="29,30,64,66,67,112,114,115" m="28681,41994" machi="67" ten="40,8000,1" yaku="28,2,15,1,52,2" doraHai="24" who="2" fromWho="1" sc="297,0,212,-80,239,90,242,0" owari="297,9.7,132,-36.8,329,42.9,242,-15.8" /></mjloggm>