<mjloggm ver="2.3"><GO type="225" lobby="0"/><UN n0="%72%69%6F%75%63%68%61%6E" n1="%E7%B4%94%E6%BD%94%E3%83%94%E3%83%A9%E3%83%8B%E3%82%A2" n2="%E6%98%93%E5%88%A9%E8%96%A9%E4%BC%AF" n3="%E9%B4%A8%4E%45%47%49" dan="16,17,17,16" rate="2193.10,2221.28,2174.90,2073.27" sx="M,M,F,M"/><TAIKYOKU oya="0"/><INIT seed="0,0,0,1,2,126" ten="250,250,250,250" oya="0" hai0="75,8,121,12,68,53,131,54,60,44,6,106,27" hai1="114,72,127,111,0,128,100,65,31,130,7,119,113" hai2="98,15,88,33,99,91,122,116,20,14,35,110,123" hai3="125,83,11,24,37,84,5,32,50,87,74,101,4"/><T63/><D131/><N who="1" m="50219" /><E72/><V132/><F20/><W62/><G50/><T48/><D121/><U104/><E127/><V10/><F10/><W46/><G62/><T67/><D106/><U56/><E31/><V66/><F66/><W82/><G101/><T133/><D133/><U3/><E119/><V95/><F110/><W94/><G94/><T90/><D75/><U2/><E7/><V71/><F95/><W1/><G74/><T102/><D102/><U40/><E40/><V120/><F120/><W49/><G5/><T103/><D103/><U135/><E135/><V28/><F28/><W21/><G32/><T16/><D90/><U39/><E39/><V57/><F57/><W13/><G37/><T108/><D108/><U77/><E77/><V96/><F96/><W34/><G34/><T29/><D6/><U43/><E43/><V51/><F132/><W45/><G125/><T115/><D115/><N who="1" m="44043" /><E111/><V105/><F116/><W18/><G87/><T79/><D79/><U92/><E92/><V78/><F105/><W76/><G83/><T81/><D81/><U42/><E42/><V41/><F78/><W107/><G107/><T61/><REACH who="0" step="1"/><D54/><REACH who="0" ten="240,250,250,250" step="2"/><U55/><E100/><V59/><F41/><W26/><G46/><T97/><D97/><U22/><E104/><V118/><F118/><W129/><G129/><T38/><D38/><U64/><E22/><AGARI ba="0,1" hai="8,12,16,22,27,29,44,48,53,60,61,63,67,68" machi="22" ten="30,5800,0" yaku="1,1,7,1,54,1,53,0" doraHai="126" doraHaiUra="69" who="0" fromWho="1" sc="240,68,250,-58,250,0,250,0" /><INIT seed="0,1,0,0,1,106" ten="308,192,250,250" oya="0" hai0="131,68,71,46,32,111,121,118,3,44,50,58,105" hai1="52,66,132,77,109,45,17,94,92,29,82,34,86" hai2="114,95,10,120,13,129,73,1,97,88,128,56,51" hai3="49,18,103,37,110,11,28,63,122,64,12,85,59"/><T99/><D118/><U79/><E109/><V127/><F114/><W9/><G37/><T42/><D121/><U123/><E123/><V70/><F120/><W116/><G110/><T16/><D111/><U89/><E132/><V93/><F70/><W65/><G122/><T108/><D108/><U57/><E34/><V4/><F127/><W133/><G133/><T74/><D131/><N who="2" m="50250" /><F95/><W81/><G103/><T5/><D32/><U101/><E29/><V126/><F126/><W98/><G98/><T76/><D58/><U48/><E17/><V130/><N who="2" m="50258" /><V40/><DORA hai="62" /><F73/><W60/><G28/><T8/><D16/><U43/><E92/><V19/><F40/><W27/><G116/><T23/><D23/><U54/><E101/><V7/><F1/><W115/><G115/><T39/><D99/><U102/><E102/><V125/><F125/><W83/><G27/><T53/><REACH who="0" step="1"/><D105/><REACH who="0" ten="298,192,250,250" step="2"/><U96/><E77/><V25/><F25/><W112/><G112/><T36/><D36/><U100/><E79/><V0/><F19/><W31/><G31/><T75/><D75/><U33/><E33/><V87/><F97/><W84/><G11/><T78/><D78/><U90/><E100/><V14/><F7/><W22/><G9/><T20/><D20/><U67/><E57/><V113/><F113/><W38/><G38/><T61/><D61/><U26/><E26/><V47/><F56/><N who="3" m="36871" /><G49/><T80/><AGARI ba="1,1" hai="3,5,8,39,42,44,46,50,53,68,71,74,76,80" machi="80" ten="30,18000,2" yaku="1,1,0,1,25,2,52,1,53,2" doraHai="106,62" doraHaiUra="6,104" who="0" fromWho="0" sc="298,193,192,-61,250,-61,250,-61" /><INIT seed="0,2,0,5,2,8" ten="491,131,189,189" oya="0" hai0="43,67,72,79,81,85,113,49,92,88,24,104,134" hai1="126,38,41,105,60,74,53,17,118,119,34,84,65" hai2="54,12,69,128,117,29,122,48,25,61,30,45,110" hai3="20,70,56,87,83,135,75,78,108,111,36,73,125"/><T89/><D113/><U131/><E84/><V2/><F122/><W112/><G70/><T106/><D67/><U21/><E53/><V19/><F2/><W63/><G112/><T33/><D134/><U37/><E34/><V98/><F110/><N who="3" m="42027" /><G135/><T82/><D43/><U10/><E74/><N who="3" m="28170" /><G36/><T55/><D24/><U132/><E37/><V109/><F109/><W124/><G20/><T102/><D33/><U40/><E38/><V13/><F128/><W127/><G56/><T100/><D55/><U16/><E131/><V68/><F117/><W42/><G63/><T99/><D49/><U14/><E105/><AGARI ba="2,0" hai="72,79,81,82,85,88,89,92,99,100,102,104,105,106" machi="105" ten="40,18000,2" yaku="35,6,54,1" doraHai="8" who="0" fromWho="1" sc="491,186,131,-186,189,0,189,0" owari="677,77.7,-55,-55.5,189,-1.1,189,-21.1" /></mjloggm>