<mjloggm ver="2.3"><GO type="225" lobby="0"/><UN n0="%E9%A6%AC%E5%BC%95%E7%81%AB%33" n1="%E7%AB%8B%E8%8A%B1%E9%9F%BF" n2="%E7%9A%AE%E3%80%85" n3="%EF%BC%AE%EF%BC%A1%EF%BC%AF%33%33%39" dan="16,17,16,16" rate="2058.44,2181.48,2193.26,2166.98" sx="M,F,F,M"/><TAIKYOKU oya="0"/><INIT seed="0,0,0,3,3,93" ten="250,250,250,250" oya="0" hai0="95,67,133,105,98,102,77,76,66,131,89,13,121" hai1="112,21,123,120,43,41,33,56,87,25,83,104,96" hai2="8,73,4,86,9,51,7,23,126,101,48,70,55" hai3="26,38,24,45,62,57,71,17,18,119,64,94,129"/><T108/><D121/><U34/><E112/><V85/><F73/><W106/><G106/><T113/><D113/><U36/><E123/><V16/><F70/><W52/><G119/><T54/><D133/><U90/><E120/><V63/><F126/><W81/><G129/><T47/><D131/><U130/><E130/><V29/><F29/><W99/><G81/><T11/><D108/><U68/><E68/><V12/><F101/><W79/><G79/><T80/><D77/><U1/><E1/><V72/><F72/><W97/><G94/><T6/><D54/><U50/><E36/><V69/><F69/><W111/><G111/><T40/><D76/><U88/><E34/><V109/><F109/><W14/><G24/><T128/><D80/><U20/><E33/><V110/><F110/><W35/><G35/><T58/><D58/><U82/><E104/><V10/><F63/><W2/><G2/><T46/><D128/><U28/><E20/><V100/><F100/><W42/><G26/><T60/><D60/><U107/><E107/><V3/><F51/><N who="3" m="30879" /><G17/><T31/><D31/><U114/><E114/><V103/><F103/><W124/><G124/><T27/><D27/><U0/><E0/><V30/><F30/><W39/><G39/><T5/><D5/><N who="2" m="2122" /><F3/><W135/><G135/><T37/><REACH who="0" step="1"/><D47/><AGARI ba="0,0" hai="8,9,10,12,16,23,47,48,55,85,86" m="2122" machi="47" ten="30,2000,0" yaku="8,1,54,1" doraHai="93" who="2" fromWho="0" sc="250,-20,250,0,250,20,250,0" /><INIT seed="1,0,0,5,1,34" ten="230,250,270,250" oya="1" hai0="8,67,133,127,2,59,40,108,62,30,60,126,37" hai1="64,5,33,48,117,12,129,75,14,25,1,31,47" hai2="93,28,98,74,70,15,100,84,35,95,18,68,80" hai3="58,32,114,125,27,101,73,4,77,66,94,6,123"/><U29/><E75/><V53/><F74/><W16/><G114/><T90/><D108/><U42/><E117/><V104/><F28/><W86/><G123/><T63/><D133/><U121/><E121/><V76/><F35/><W107/><G107/><T23/><D90/><U38/><E129/><V105/><F53/><W24/><G32/><T120/><D120/><U112/><E112/><V50/><F50/><W36/><G36/><T39/><D39/><U82/><E29/><V135/><F135/><W78/><G73/><T19/><D30/><U111/><E111/><V83/><F83/><W72/><G27/><T51/><D37/><U91/><E64/><V81/><F81/><W79/><G72/><T96/><D96/><U132/><E132/><V69/><REACH who="2" step="1"/><F105/><REACH who="2" ten="230,250,260,250" step="2"/><W26/><G66/><T131/><D131/><U115/><E115/><V122/><F122/><W46/><G77/><T134/><D134/><U0/><E38/><V57/><F57/><W41/><G58/><T13/><D63/><U118/><E118/><V61/><F61/><W65/><G79/><T45/><D62/><U21/><E33/><V20/><AGARI ba="0,1" hai="15,18,20,68,69,70,76,80,84,93,95,98,100,104" machi="20" ten="30,2000,0" yaku="1,1,0,1,53,0" doraHai="34" doraHaiUra="43" who="2" fromWho="2" sc="230,-5,250,-10,260,30,250,-5" /><INIT seed="2,0,0,1,4,63" ten="225,240,290,245" oya="2" hai0="7,122,22,4,135,46,99,85,26,30,35,11,79" hai1="12,87,75,61,52,74,77,19,93,20,124,44,128" hai2="91,66,109,24,67,41,33,81,76,107,134,23,10" hai3="113,48,126,72,102,38,28,68,2,31,73,0,43"/><V90/><F107/><W97/><G68/><T13/><D122/><U18/><E128/><V121/><F121/><W56/><G38/><T54/><D135/><U89/><E124/><V129/><F33/><W55/><G43/><T103/><D35/><U88/><E77/><V130/><F134/><W133/><G133/><T57/><D46/><U127/><E127/><V104/><F104/><W92/><G126/><T78/><D85/><U49/><E61/><V116/><F116/><W112/><G28/><T16/><D4/><U34/><E34/><V117/><F117/><W6/><G31/><T100/><D30/><U105/><E105/><V108/><F41/><W83/><G83/><T39/><D39/><U82/><REACH who="1" step="1"/><E19/><REACH who="1" ten="225,230,290,245" step="2"/><N who="2" m="12415" /><F130/><W37/><G112/><T58/><D79/><U14/><E14/><V3/><F129/><W71/><G113/><T106/><D78/><U17/><E17/><V1/><F1/><W21/><G2/><T62/><D106/><U8/><E8/><V80/><F3/><W118/><G0/><T119/><D119/><U115/><E115/><V120/><F120/><W51/><G118/><T65/><D99/><AGARI ba="0,1" hai="12,18,20,44,49,52,74,75,82,87,88,89,93,99" machi="99" ten="30,7700,0" yaku="1,1,7,1,54,2,53,0" doraHai="63" doraHaiUra="60" who="1" fromWho="0" sc="225,-77,230,87,290,0,245,0" /><INIT seed="3,0,0,5,4,22" ten="148,317,290,245" oya="3" hai0="121,7,78,112,19,108,11,41,49,69,59,76,25" hai1="110,40,68,117,132,94,79,42,101,12,83,62,1" hai2="16,135,74,89,6,9,124,32,96,127,54,13,72" hai3="97,39,64,52,34,119,45,93,3,20,125,2,8"/><W114/><G34/><T26/><D121/><U47/><E1/><V55/><F32/><W29/><G114/><T91/><D69/><U77/><E110/><V71/><F71/><W14/><G119/><T35/><D108/><U84/><E117/><V107/><F135/><W87/><G64/><T27/><D112/><U70/><E132/><V133/><F133/><W90/><G125/><N who="2" m="48201" /><F6/><W103/><G39/><T113/><D113/><U60/><E79/><N who="0" m="30249" /><D35/><U57/><E70/><V126/><N who="2" m="48209" /><V10/><DORA hai="24" /><F10/><W106/><G8/><T31/><D19/><U115/><E68/><V15/><F15/><W5/><G5/><T116/><D116/><U65/><E60/><V48/><F89/><W92/><G106/><T123/><D123/><U37/><E115/><V33/><F33/><W66/><G66/><T18/><D18/><U75/><E40/><V81/><F81/><W23/><G14/><N who="0" m="5503" /><D91/><U51/><E12/><V36/><F36/><W58/><G3/><T118/><D118/><U53/><E75/><N who="2" m="28715" /><F48/><N who="3" m="28687" /><G2/><T122/><D122/><U98/><E37/><V109/><F109/><W21/><G58/><T38/><D38/><U73/><E73/><V46/><F46/><W134/><G134/><T30/><D41/><U130/><E42/><V105/><F105/><W28/><AGARI ba="0,0" hai="20,21,23,28,29,87,90,92,93,97,103" m="28687" machi="28" ten="30,11700,0" yaku="8,1,52,2,54,1" doraHai="22,24" who="3" fromWho="3" sc="148,-39,317,-39,290,-39,245,117" owari="109,-39.1,278,7.8,251,-14.9,362,46.2" /></mjloggm>