<mjloggm ver="2.3"><GO type="225" lobby="0"/><UN n0="%E5%91%A8%E6%9D%B1" n1="%E7%99%BD%E5%80%89%E5%AF%9B%E4%B9%8B" n2="%E3%81%BF%E3%81%BF%E3%81%9A" n3="%E7%89%B9%E6%9D%B1%E3%81%AF%E4%B8%96%E7%95%8C%E3%82%92%E6%95%91%E3%81%86" dan="17,16,17,16" rate="2185.05,2120.67,2175.69,2163.96" sx="M,M,M,M"/><TAIKYOKU oya="0"/><INIT seed="0,0,0,2,3,87" ten="250,250,250,250" oya="0" hai0="55,0,130,4,37,118,96,60,103,43,108,17,48" hai1="39,126,28,2,78,81,97,89,86,100,80,101,72" hai2="56,104,8,120,59,124,27,20,29,110,23,123,61" hai3="19,99,135,64,133,49,62,73,102,85,112,134,13"/><T54/><D118/><U92/><E2/><V84/><F104/><W7/><G112/><T63/><D130/><U98/><E39/><V51/><F110/><W34/><G73/><T36/><D0/><U45/><E28/><V41/><F124/><W38/><G38/><T25/><D4/><U128/><E45/><V22/><F8/><W119/><G119/><T18/><D108/><U52/><E52/><N who="2" m="31775" /><F123/><W94/><G34/><T95/><D37/><U10/><E10/><V116/><F120/><W42/><G7/><T90/><D36/><U3/><E3/><V111/><F41/><W21/><G85/><T57/><D43/><U9/><E9/><V30/><F111/><W50/><REACH who="3" step="1"/><G42/><REACH who="3" ten="250,250,250,240" step="2"/><T107/><D63/><U114/><E114/><V115/><F115/><W65/><G65/><T76/><D76/><N who="1" m="44039" /><E128/><V31/><F116/><W66/><G66/><T106/><D60/><U83/><E126/><V82/><F27/><W14/><G14/><T74/><D25/><U33/><E33/><V91/><F31/><W117/><G117/><T113/><D113/><U70/><E70/><AGARI ba="0,1" hai="13,19,21,49,50,62,64,70,94,99,102,133,134,135" machi="70" ten="40,2600,0" yaku="1,1,20,1,53,0" doraHai="87" doraHaiUra="75" who="3" fromWho="1" sc="250,0,250,-26,250,0,240,36" /><INIT seed="1,0,0,2,3,128" ten="250,224,250,276" oya="1" hai0="34,60,17,3,68,11,106,18,53,110,14,131,112" hai1="127,21,29,8,12,86,70,124,73,47,123,115,24" hai2="4,79,30,67,107,71,87,104,72,83,66,98,129" hai3="61,19,116,101,7,43,31,25,55,48,1,82,76"/><U52/><E73/><V111/><F129/><W35/><G116/><T16/><D106/><U118/><E70/><V40/><F111/><W69/><G43/><T92/><D131/><U33/><E118/><V26/><F40/><W42/><G42/><T122/><D112/><U102/><E115/><V117/><F117/><W91/><G91/><T89/><D110/><U64/><E64/><V38/><F38/><W109/><G109/><T58/><D34/><U120/><E102/><V51/><F51/><W96/><G19/><T13/><D122/><N who="1" m="46635" /><E86/><V126/><F126/><N who="1" m="48169" /><E52/><V37/><F37/><W84/><G7/><T56/><D68/><U85/><E85/><V9/><F87/><W113/><G1/><T49/><D3/><U20/><E47/><V125/><F125/><W41/><G41/><T135/><D14/><U0/><E0/><N who="2" m="135" /><F67/><W44/><G113/><T74/><D74/><U65/><E65/><V6/><F6/><AGARI ba="0,0" hai="6,8,12,20,21,24,29,33" m="48169,46635" machi="6" ten="30,5800,0" yaku="18,1,34,2" doraHai="128" who="1" fromWho="2" sc="250,0,224,58,250,-58,276,0" /><INIT seed="1,1,0,4,5,87" ten="250,282,192,276" oya="1" hai0="84,69,9,104,96,131,88,49,10,14,81,71,117" hai1="52,37,1,22,90,126,103,8,45,65,124,11,91" hai2="114,75,125,39,120,86,34,111,32,99,74,46,15" hai3="128,100,36,51,13,98,66,3,119,6,82,130,118"/><U102/><E65/><V63/><F120/><W2/><G36/><T48/><D117/><N who="3" m="44553" /><G66/><T79/><D131/><N who="3" m="50217" /><G51/><T134/><D134/><U68/><E68/><V53/><F111/><W55/><G55/><T95/><D104/><U31/><E22/><V54/><F125/><N who="1" m="48233" /><E31/><V60/><F114/><W25/><G82/><T35/><D35/><U18/><E18/><V33/><F39/><W94/><G25/><T133/><D133/><U78/><E78/><V26/><F26/><W16/><G6/><T17/><D49/><N who="1" m="28719" /><E37/><V23/><F46/><W106/><G106/><T47/><REACH who="0" step="1"/><D9/><AGARI ba="1,0" hai="2,3,9,13,16,94,98,100" m="50217,44553" machi="9" ten="30,3900,0" yaku="12,1,19,1,54,1" doraHai="87" who="3" fromWho="0" sc="250,-42,282,0,192,0,276,42" /><INIT seed="2,0,0,5,3,25" ten="208,282,192,318" oya="2" hai0="27,14,104,13,1,59,48,36,102,45,118,111,125" hai1="119,20,41,85,51,54,58,9,124,106,79,66,76" hai2="47,50,110,4,44,86,23,39,30,10,24,73,33" hai3="90,18,113,103,6,68,87,26,12,100,129,134,65"/><V74/><F110/><W43/><G129/><T80/><D1/><U17/><E106/><V75/><F39/><W116/><G116/><T121/><D121/><U135/><E119/><V15/><F86/><W31/><G6/><T22/><D111/><U123/><E124/><V21/><REACH who="2" step="1"/><F44/><REACH who="2" ten="208,282,182,318" step="2"/><W11/><G87/><T29/><D118/><U101/><E85/><V114/><F114/><W77/><G113/><T35/><D125/><U67/><E123/><V92/><F92/><W89/><G77/><T42/><D80/><U98/><E79/><V117/><F117/><W64/><G89/><T55/><REACH who="0" step="1"/><D35/><REACH who="0" ten="198,282,182,318" step="2"/><U0/><E76/><V88/><F88/><W130/><G90/><T8/><D8/><U16/><E9/><V57/><F57/><W81/><G81/><T46/><D46/><U126/><E58/><V19/><F19/><W62/><G18/><T112/><D112/><U3/><E17/><V32/><F32/><W99/><G11/><T63/><D63/><U60/><E16/><V5/><F5/><W72/><G62/><T34/><D34/><U38/><E60/><V2/><F2/><W127/><G127/><T128/><D128/><U105/><E0/><V49/><F49/><W109/><G109/><T53/><D53/><AGARI ba="0,2" hai="4,10,15,21,23,24,30,33,47,50,53,73,74,75" machi="53" ten="40,3900,0" yaku="1,1,52,1,53,0" doraHai="25" doraHaiUra="115" who="2" fromWho="0" sc="198,-39,282,0,182,59,318,0" /><INIT seed="2,1,0,0,1,123" ten="159,282,241,318" oya="2" hai0="10,24,120,61,68,104,38,44,66,109,54,53,89" hai1="26,2,18,56,129,63,20,9,57,134,108,13,81" hai2="130,77,96,47,42,98,62,69,45,31,82,73,131" hai3="28,4,135,133,17,106,103,86,25,126,19,122,72"/><V1/><F1/><W3/><G72/><T107/><D120/><U100/><E134/><N who="3" m="51210" /><G122/><T83/><D24/><U132/><E132/><V6/><F6/><W92/><G106/><T87/><D107/><U74/><E129/><N who="2" m="49163" /><F31/><W125/><G103/><T16/><D104/><U85/><E2/><V40/><F62/><W27/><G92/><T114/><D114/><U58/><E74/><V75/><F69/><W55/><G86/><T30/><D30/><U79/><E100/><V121/><F121/><W111/><G111/><T8/><D109/><U14/><E108/><V65/><F65/><W97/><G97/><N who="2" m="37481" /><F75/><W110/><G110/><T118/><D118/><U12/><REACH who="1" step="1"/><E63/><REACH who="1" ten="159,272,241,318" step="2"/><V23/><F23/><W34/><G3/><T32/><D32/><U7/><AGARI ba="1,1" hai="7,9,12,13,14,18,20,26,56,57,58,79,81,85" machi="7" ten="30,7900,0" yaku="1,1,2,1,0,1,8,1,53,0" doraHai="123" doraHaiUra="33" who="1" fromWho="1" sc="159,-21,272,92,241,-40,318,-21" /><INIT seed="3,0,0,0,4,14" ten="138,364,201,297" oya="3" hai0="25,69,91,1,3,37,64,95,61,47,112,70,130" hai1="62,32,68,27,108,129,93,16,34,107,115,124,54" hai2="102,46,63,12,77,15,98,11,105,2,31,55,80" hai3="33,41,119,86,135,84,67,109,71,26,6,116,89"/><W59/><G71/><T78/><D130/><U38/><E107/><V126/><F126/><W5/><G41/><T0/><D112/><U65/><E38/><V72/><F31/><W85/><G89/><T74/><D70/><U18/><E108/><V19/><F2/><W87/><G87/><T127/><D127/><U48/><E129/><V92/><F105/><W52/><G67/><T83/><D25/><U21/><E115/><V118/><F118/><W132/><G109/><T40/><REACH who="0" step="1"/><D0/><REACH who="0" ten="128,364,201,297" step="2"/><U51/><E124/><V76/><F15/><W113/><G113/><T110/><D110/><U123/><E123/><V128/><F128/><W44/><G119/><T125/><D125/><U122/><E122/><V20/><F12/><W9/><G116/><T57/><D57/><U60/><E27/><V42/><F46/><W35/><G44/><T88/><D88/><U4/><E68/><V56/><F56/><W50/><G26/><T73/><D73/><U79/><E79/><V103/><F77/><W24/><G24/><T94/><D94/><U49/><E93/><V53/><F92/><W10/><G35/><T99/><AGARI ba="0,1" hai="1,3,37,40,47,61,64,69,74,78,83,91,95,99" machi="99" ten="20,2700,0" yaku="1,1,0,1,7,1,53,0" doraHai="14" doraHaiUra="81" who="0" fromWho="0" sc="128,37,364,-7,201,-7,297,-13" owari="165,-33.5,357,45.7,194,-20.6,284,8.4" /></mjloggm>