<mjloggm ver="2.3"><GO type="225" lobby="0"/><UN n0="%E3%81%93%E3%81%9F%E3%82%8D%E3%81%86%E3%81%8F%E3%82%93" n1="%E9%A6%AC%E5%BC%95%E7%81%AB%33" n2="%E3%81%A4%E3%81%A3%E3%81%B1%E3%82%8A%E3%83%9D%E3%83%BC%E3%83%AB" n3="%E3%81%99%E3%81%84%E3%81%BE%E3%81%9B%E3%83%BC%E3%82%93" dan="16,16,17,18" rate="2073.72,2086.99,2242.53,2229.05" sx="M,M,M,M"/><TAIKYOKU oya="0"/><INIT seed="0,0,0,5,5,10" ten="250,250,250,250" oya="0" hai0="23,80,68,4,120,86,105,115,116,121,97,28,2" hai1="71,15,90,81,88,22,108,7,45,54,93,30,14" hai2="70,92,129,5,87,74,52,65,102,112,84,49,6" hai3="98,89,118,20,24,82,66,59,62,39,125,55,13"/><T8/><D115/><U56/><E108/><V128/><F74/><W75/><G118/><T104/><D68/><U41/><E71/><V111/><F112/><W63/><G125/><T113/><D113/><U46/><E81/><V60/><F111/><W127/><G127/><T124/><D124/><U106/><E106/><V122/><F122/><W131/><G131/><N who="2" m="50249" /><F102/><W29/><G39/><T67/><D67/><U69/><E69/><V72/><F72/><W35/><G75/><T91/><D116/><U44/><E41/><V76/><F92/><W34/><G13/><N who="1" m="4618" /><E7/><N who="2" m="2571" /><F76/><W43/><G43/><T33/><D120/><U53/><E90/><V11/><F11/><W95/><G82/><T19/><D121/><U109/><E109/><V12/><F12/><W42/><G42/><T17/><D104/><U21/><E30/><V51/><F51/><W77/><G77/><T37/><D37/><U27/><E27/><V78/><F78/><W126/><G126/><T32/><D105/><U47/><N who="1" m="11264" /><DORA hai="132" /><U58/><E54/><V135/><F135/><W25/><G25/><T18/><REACH who="0" step="1"/><D97/><REACH who="0" ten="240,250,250,250" step="2"/><N who="1" m="57511" /><E56/><AGARI ba="0,1" hai="49,52,56,60,65,70,84,87" m="2571,50249" machi="56" ten="30,2000,0" yaku="19,1,54,1" doraHai="10,132" who="2" fromWho="1" sc="240,0,250,-20,250,30,250,0" /><AGARI ba="0,0" hai="20,24,29,34,35,55,56,59,62,63,66,89,95,98" machi="56" ten="30,1000,0" yaku="7,1" doraHai="10,132" who="3" fromWho="1" sc="240,0,230,-10,280,0,250,10" /><INIT seed="1,0,0,2,2,19" ten="240,220,280,260" oya="1" hai0="104,36,56,31,3,11,8,87,59,1,58,2,67" hai1="43,77,123,55,53,115,114,18,63,4,94,9,42" hai2="128,79,127,66,0,110,118,120,61,98,38,74,97" hai3="112,96,92,71,105,116,122,13,15,93,126,21,82"/><U72/><E123/><V45/><F118/><W135/><G122/><T32/><D36/><U62/><E18/><V85/><F120/><W100/><G112/><T44/><D44/><U68/><E94/><V111/><F74/><W88/><G71/><T24/><D104/><U22/><E72/><V124/><F0/><W40/><G116/><T17/><D67/><U101/><E101/><V89/><F79/><W86/><G135/><T75/><D75/><U65/><E77/><V99/><F128/><W20/><G126/><N who="2" m="48169" /><F45/><W26/><G40/><T37/><D37/><U107/><E107/><V108/><F38/><W27/><G93/><T113/><D113/><U5/><E65/><V117/><F117/><W6/><G105/><T10/><REACH who="0" step="1"/><D87/><REACH who="0" ten="230,220,280,260" step="2"/><U73/><E73/><V47/><F47/><W129/><G129/><T70/><D70/><U69/><E9/><V125/><F125/><W60/><G86/><T133/><D133/><U80/><E80/><N who="2" m="49319" /><F98/><W50/><G96/><T90/><D90/><U48/><E69/><AGARI ba="0,1" hai="61,66,69,97,99,108,110,111" m="49319,48169" machi="69" ten="40,2600,0" yaku="14,1,18,1" doraHai="19" who="2" fromWho="1" sc="230,0,220,-26,280,36,260,0" /><INIT seed="2,0,0,3,0,76" ten="230,194,316,260" oya="2" hai0="77,25,68,56,10,41,37,6,84,8,125,47,38" hai1="129,53,45,9,19,97,104,117,110,122,66,35,55" hai2="27,73,81,112,99,36,91,3,89,119,94,127,23" hai3="63,121,0,5,52,28,39,18,113,74,124,135,72"/><V102/><F112/><W2/><G121/><T24/><D125/><U115/><E115/><V44/><F119/><W26/><G113/><T92/><D68/><U100/><E117/><V50/><F3/><W40/><G124/><T30/><D56/><U42/><E110/><V22/><F36/><W82/><G135/><T96/><D38/><U31/><E129/><V79/><F127/><W34/><G18/><T17/><D17/><U16/><E122/><V106/><F27/><W62/><G74/><T95/><D95/><U61/><E19/><V33/><F33/><W14/><G14/><T20/><D24/><U32/><E32/><V69/><F69/><W4/><G4/><T114/><D114/><U12/><E35/><V88/><REACH who="2" step="1"/><F106/><REACH who="2" ten="230,194,306,260" step="2"/><W21/><G2/><T83/><REACH who="0" step="1"/><D6/><REACH who="0" ten="220,194,306,260" step="2"/><U1/><E31/><V107/><F107/><W60/><G5/><T15/><D15/><U80/><E1/><V131/><F131/><W57/><G0/><T85/><D85/><U67/><E104/><V58/><F58/><W126/><G126/><T87/><D87/><U70/><E70/><V54/><AGARI ba="0,2" hai="22,23,44,50,54,73,79,81,88,89,91,94,99,102" machi="54" ten="30,12000,1" yaku="1,1,0,1,52,1,54,1,53,1" doraHai="76" doraHaiUra="98" who="2" fromWho="2" sc="220,-40,194,-40,306,140,260,-40" /><INIT seed="2,1,0,4,2,27" ten="180,154,446,220" oya="2" hai0="95,98,78,80,65,114,102,99,18,131,132,88,28" hai1="21,49,44,58,35,67,91,73,100,16,20,64,93" hai2="130,8,34,128,36,30,110,92,53,45,25,23,74" hai3="82,1,57,2,72,68,40,63,62,14,19,134,56"/><V42/><F74/><W52/><G134/><T15/><D132/><U113/><E113/><V48/><F110/><W106/><G106/><T55/><D114/><U10/><E35/><V126/><F126/><W4/><G68/><T123/><D123/><U6/><E73/><V46/><F8/><W94/><G40/><T133/><D133/><U122/><E100/><V9/><F9/><W31/><G31/><T85/><D65/><U77/><E77/><V76/><F76/><W104/><G104/><T87/><D131/><N who="2" m="50218" /><F92/><W81/><G94/><T32/><D55/><U60/><E67/><V54/><F54/><W129/><G129/><T38/><D38/><U71/><E71/><V117/><F117/><W118/><G118/><T51/><D51/><U101/><E101/><V22/><AGARI ba="1,0" hai="22,23,25,30,34,36,42,45,46,48,53" m="50218" machi="22" ten="30,3000,0" yaku="19,1,52,1" doraHai="27" who="2" fromWho="2" sc="180,-11,154,-11,446,33,220,-11" /><INIT seed="2,2,0,3,4,59" ten="169,143,479,209" oya="2" hai0="62,130,40,17,107,29,5,76,36,94,18,126,79" hai1="13,69,47,24,108,20,44,96,58,23,98,63,125" hai2="75,14,104,48,1,87,70,32,73,132,80,127,128" hai3="89,54,109,100,38,86,68,134,67,71,93,60,16"/><V65/><F1/><W85/><G109/><T82/><D107/><U10/><E108/><V106/><F32/><W26/><G38/><T19/><D126/><U120/><E125/><V91/><F48/><W34/><G134/><T0/><D130/><U111/><E69/><V103/><F14/><W21/><G34/><T51/><D76/><U27/><E111/><V123/><F65/><W50/><G100/><T114/><D29/><U119/><E119/><V43/><F43/><W118/><G71/><T30/><D30/><U61/><E58/><V52/><F70/><W42/><G42/><T88/><D114/><U6/><E13/><V116/><F127/><W95/><G118/><T122/><D122/><U66/><E66/><V72/><F123/><W7/><G7/><T12/><D0/><U92/><E120/><V112/><F112/><W28/><G28/><T84/><D36/><U102/><E102/><V22/><F116/><W33/><G33/><T9/><D62/><U110/><E110/><V46/><F46/><W53/><G50/><T56/><D18/><U64/><E64/><V45/><F106/><W97/><G86/><N who="0" m="48479" /><D56/><U55/><E6/><V35/><F35/><W49/><G49/><T81/><D81/><U31/><E31/><V115/><F115/><W15/><G26/><T57/><D57/><U90/><E90/><N who="2" m="51559" /><F73/><W124/><G124/><T78/><D78/><U83/><E83/><V4/><F104/><W3/><G3/><T113/><D113/><U135/><E135/><V74/><F132/><W121/><G121/><T133/><D133/><U77/><E77/><RYUUKYOKU ba="2,0" sc="169,15,143,-15,479,-15,209,15" hai0="5,9,12,17,19,40,51,84,88,94" hai3="15,16,21,53,54,60,67,68,85,89,93,95,97" /><INIT seed="3,3,0,4,5,114" ten="184,128,464,224" oya="3" hai0="79,40,49,31,36,22,35,16,70,95,8,12,51" hai1="72,76,102,19,58,130,9,123,134,109,43,56,92" hai2="69,82,77,98,122,88,115,97,44,32,2,96,7" hai3="59,50,87,73,53,125,17,14,113,6,133,46,27"/><W48/><G113/><T4/><D70/><U57/><E123/><V30/><F69/><W47/><G73/><T108/><D108/><U1/><E109/><V33/><F115/><W103/><G125/><T80/><D95/><U10/><E130/><V24/><F33/><W91/><G133/><T104/><D104/><U106/><E134/><V23/><F32/><W83/><G103/><T61/><D61/><U3/><E106/><V26/><F26/><W101/><G101/><T99/><D99/><U66/><E66/><V63/><F63/><W28/><G6/><T0/><D31/><U78/><E102/><V126/><F126/><W13/><G17/><T34/><D34/><U124/><E124/><V54/><F122/><W62/><G27/><T117/><D35/><U118/><E92/><N who="2" m="56327" /><F2/><N who="1" m="521" /><E72/><V71/><F71/><W135/><G28/><T121/><D121/><U20/><E19/><V25/><F25/><W111/><G135/><T128/><D128/><U68/><E68/><V81/><F81/><W100/><G100/><T64/><D64/><U15/><E15/><V38/><F38/><W112/><G111/><T74/><D117/><U29/><E29/><V131/><F7/><W89/><G112/><T116/><D116/><U41/><E20/><V5/><F131/><W105/><G105/><T84/><D84/><U90/><E90/><V65/><F5/><W39/><G91/><T110/><D110/><U60/><E60/><V21/><F24/><W42/><G62/><T93/><D93/><U11/><E118/><V94/><F30/><W18/><G89/><T37/><D37/><RYUUKYOKU ba="3,0" sc="184,15,128,15,464,-15,224,-15" hai0="0,4,8,12,16,22,36,40,49,51,74,79,80" hai1="9,10,11,41,43,56,57,58,76,78" owari="199,-20.1,143,-35.7,449,54.9,209,0.9" /></mjloggm>