<mjloggm ver="2.3"><GO type="225" lobby="0"/><UN n0="%6D%61%74%69%67%75%73%61" n1="%E3%81%BF%E3%81%BF%E3%81%9A" n2="%E5%B8%86%E7%AB%8B%E5%A4%8F%E8%A1%A3" n3="%70%68%65%6E%6F%6D%65" dan="17,17,17,16" rate="2127.02,2230.98,2236.54,2197.17" sx="M,M,M,M"/><TAIKYOKU oya="0"/><INIT seed="0,0,0,5,4,61" ten="250,250,250,250" oya="0" hai0="24,38,97,105,133,118,34,58,59,73,102,134,3" hai1="57,123,17,9,47,72,126,124,70,6,122,48,28" hai2="82,100,108,76,15,41,86,11,36,125,89,32,10" hai3="56,63,62,69,135,106,40,113,74,115,1,109,130"/><T129/><D118/><U93/><E72/><V35/><F108/><W26/><G74/><T5/><D38/><U116/><E70/><V2/><F125/><N who="1" m="48233" /><E116/><V29/><F100/><W31/><G1/><T13/><D3/><N who="1" m="223" /><E28/><V99/><F2/><W60/><G106/><T51/><D129/><U39/><E39/><V55/><F41/><W101/><G101/><T88/><D73/><U52/><E93/><V53/><F36/><W25/><G130/><T127/><D127/><U45/><E17/><V78/><F35/><W49/><G109/><T64/><D34/><U46/><AGARI ba="0,0" hai="45,46,47,48,52,57,122,123" m="223,48233" machi="46" ten="30,2000,0" yaku="18,1,54,1" doraHai="61" who="1" fromWho="1" sc="250,-10,250,20,250,-5,250,-5" /><INIT seed="1,0,0,4,0,64" ten="240,270,245,245" oya="1" hai0="34,55,100,31,119,2,107,115,76,10,73,61,111" hai1="1,59,129,63,53,77,93,39,88,97,28,99,109" hai2="50,49,18,112,123,20,68,66,23,47,29,96,24" hai3="110,38,74,8,15,12,3,58,82,114,131,102,46"/><U17/><E1/><V83/><F123/><W0/><G114/><T104/><D55/><U80/><E39/><V43/><F112/><W103/><G110/><T89/><D89/><U25/><E109/><V75/><F75/><W126/><G126/><T79/><D61/><U40/><E40/><V98/><F83/><W33/><G33/><T101/><D10/><U26/><E129/><V105/><F105/><W116/><G131/><T42/><D31/><U56/><E28/><V11/><F11/><W30/><G30/><T67/><D67/><U78/><E99/><V92/><F66/><W124/><G124/><T86/><D86/><U54/><E17/><V81/><F81/><W19/><G116/><T121/><D42/><U27/><REACH who="1" step="1"/><E80/><REACH who="1" ten="240,260,245,245" step="2"/><V117/><F117/><W135/><G82/><T62/><D2/><U9/><E9/><V125/><F125/><W128/><G128/><T41/><D41/><U106/><E106/><V7/><F98/><W134/><G38/><T85/><D104/><U6/><E6/><V37/><F7/><W22/><G19/><T113/><D107/><U51/><AGARI ba="0,1" hai="25,26,27,51,53,54,56,59,63,77,78,88,93,97" machi="51" ten="30,11700,0" yaku="1,1,0,1,8,1,54,1,53,0" doraHai="64" doraHaiUra="133" who="1" fromWho="1" sc="240,-39,260,127,245,-39,245,-39" /><INIT seed="1,1,0,5,5,66" ten="201,387,206,206" oya="1" hai0="3,121,101,28,42,19,5,51,48,120,1,99,59" hai1="78,115,109,88,30,10,4,7,36,53,9,63,23" hai2="127,102,50,112,70,25,93,114,117,8,108,31,64" hai3="74,62,134,43,125,15,83,126,27,130,105,90,98"/><U103/><E115/><N who="2" m="44075" /><F108/><W57/><G130/><T100/><D28/><U20/><E36/><V96/><F127/><N who="3" m="48651" /><G134/><T67/><D5/><U86/><E109/><V55/><F117/><W95/><G43/><T46/><D19/><U45/><E103/><V60/><F8/><N who="1" m="3177" /><E78/><V77/><F77/><N who="3" m="44471" /><G27/><T18/><D18/><U16/><E30/><V97/><F97/><N who="3" m="57591" /><G15/><T2/><D101/><U40/><E40/><V124/><F124/><W92/><G105/><T104/><REACH who="0" step="1"/><D48/><REACH who="0" ten="191,387,206,206" step="2"/><N who="1" m="28815" /><E23/><V84/><F31/><W56/><G62/><AGARI ba="1,1" hai="1,2,3,42,46,51,59,62,67,99,100,104,120,121" machi="62" ten="50,1600,0" yaku="1,1,53,0" doraHai="66" doraHaiUra="22" who="0" fromWho="3" sc="191,29,387,0,206,0,206,-19" /><INIT seed="2,0,0,5,2,22" ten="220,387,206,187" oya="2" hai0="72,56,93,33,79,114,9,12,13,98,102,70,117" hai1="30,73,77,45,63,43,89,60,32,92,17,86,107" hai2="50,109,106,103,58,16,110,132,51,121,64,126,48" hai3="41,3,31,69,127,122,115,125,47,84,128,5,95"/><V71/><F121/><W118/><G69/><T34/><D70/><U29/><E107/><V62/><F132/><W131/><G122/><T76/><D114/><U135/><E135/><V66/><F126/><N who="3" m="48139" /><G118/><T40/><D117/><U53/><E17/><V49/><F103/><W37/><G115/><T10/><D72/><U24/><E30/><V96/><F96/><W68/><G68/><T14/><D40/><U111/><E111/><N who="2" m="42507" /><F106/><W19/><G31/><T82/><D82/><U18/><E18/><V80/><F80/><W133/><G133/><T119/><D119/><U44/><E53/><N who="2" m="32039" /><F16/><W36/><G36/><T61/><D33/><U65/><E65/><AGARI ba="0,0" hai="49,50,51,62,64,65,66,71" m="32039,42507" machi="65" ten="30,11600,0" yaku="14,1,10,1,34,2" doraHai="22" who="2" fromWho="1" sc="220,0,387,-116,206,116,187,0" /><INIT seed="2,1,0,4,0,89" ten="220,271,322,187" oya="2" hai0="103,79,95,125,32,91,5,110,70,10,131,98,62" hai1="105,97,69,20,18,78,28,132,65,85,31,80,40" hai2="50,82,43,102,109,17,56,21,16,47,119,71,9" hai3="4,29,11,67,41,100,111,76,14,1,0,108,60"/><V24/><F119/><W46/><G100/><T94/><D32/><U83/><E132/><V55/><F71/><W120/><G120/><T101/><D79/><U7/><E7/><V26/><F109/><W73/><G29/><T124/><D110/><N who="3" m="42025" /><G76/><T133/><D131/><U122/><E122/><V104/><F104/><W27/><G27/><T61/><D133/><U66/><E40/><V58/><F102/><W74/><G73/><T88/><D70/><U96/><E83/><V52/><F82/><W135/><G135/><T33/><D33/><U64/><E69/><V87/><F87/><W57/><G74/><T2/><D103/><U48/><E48/><AGARI ba="1,0" hai="0,1,4,11,14,41,46,48,57,60,67" m="42025" machi="48" ten="30,1000,0" yaku="14,1" doraHai="89" who="3" fromWho="1" sc="220,0,271,-13,322,0,187,13" /><INIT seed="3,0,0,4,5,98" ten="220,258,322,200" oya="3" hai0="74,115,111,20,126,92,34,3,32,0,50,97,2" hai1="119,101,59,37,80,33,4,118,121,116,47,134,131" hai2="44,127,76,130,89,26,70,91,99,107,117,83,14" hai3="1,66,81,94,105,24,61,60,125,77,56,19,42"/><W108/><G105/><T120/><D74/><U7/><E121/><V31/><F14/><W90/><G125/><T93/><D120/><U36/><E33/><V16/><F16/><W69/><G108/><T106/><D115/><U38/><E47/><V5/><F5/><N who="1" m="2121" /><E134/><V124/><F130/><W128/><G1/><T87/><D126/><U25/><E25/><V30/><F117/><N who="1" m="29953" /><U29/><DORA hai="112" /><E29/><V9/><F30/><W13/><G42/><T68/><D111/><U12/><E131/><V49/><F26/><W88/><G24/><T57/><D34/><U18/><E101/><V72/><F31/><W51/><G51/><T22/><D50/><U39/><E39/><V48/><F49/><W73/><G128/><T17/><D32/><U6/><N who="1" m="2129" /><U123/><DORA hai="103" /><E123/><V110/><F48/><W71/><G61/><T53/><D0/><U11/><E80/><V104/><F44/><W84/><REACH who="3" step="1"/><G90/><REACH who="3" ten="220,258,322,190" step="2"/><T102/><D2/><U96/><E59/><V21/><F91/><W100/><G100/><T41/><D3/><U52/><E52/><V79/><F89/><W109/><G109/><T133/><D53/><U63/><E63/><V113/><F110/><W45/><G45/><T132/><D57/><U75/><E37/><V43/><F127/><W54/><G54/><T78/><D133/><U10/><E38/><V95/><F124/><W67/><G67/><T82/><D132/><U62/><E36/><V55/><F55/><W122/><G122/><T64/><D41/><U129/><E62/><V28/><F43/><W86/><G86/><T85/><D85/><RYUUKYOKU ba="0,1" sc="220,-10,258,-10,322,-10,190,30" hai3="13,19,56,60,66,69,71,73,77,81,84,88,94" /><INIT seed="3,1,1,5,3,40" ten="210,248,312,220" oya="3" hai0="102,21,109,111,130,60,123,115,76,87,129,19,73" hai1="59,132,38,122,96,80,126,34,67,70,28,12,63" hai2="10,128,62,79,134,120,9,74,90,65,58,50,133" hai3="13,3,14,29,57,2,16,35,77,97,31,48,41"/><W116/><G77/><T23/><D123/><U69/><E122/><V32/><F128/><N who="0" m="49258" /><D115/><U20/><E126/><V71/><F120/><W0/><G116/><T121/><D121/><U103/><E132/><N who="2" m="50795" /><F32/><W98/><G14/><T78/><D73/><U1/><E1/><V43/><F90/><W89/><G35/><T66/><D102/><U7/><E38/><V36/><F36/><W99/><G89/><T112/><D112/><U86/><E34/><V135/><F135/><W100/><G100/><T83/><D78/><U39/><E39/><V104/><F104/><W82/><G82/><T108/><D19/><U51/><E7/><V17/><F17/><W15/><G15/><T113/><D113/><U94/><E12/><V33/><F33/><W107/><G107/><T119/><D119/><U75/><E75/><V55/><F43/><W64/><G64/><T44/><D44/><U125/><E125/><V56/><F71/><AGARI ba="1,1" hai="21,23,60,66,71,76,83,87,108,109,111" m="49258" machi="71" ten="40,2600,0" yaku="14,1,19,1" doraHai="40" who="0" fromWho="2" sc="210,39,248,0,312,-29,220,0" /><INIT seed="4,0,0,0,3,34" ten="249,248,283,220" oya="0" hai0="56,131,12,80,68,53,0,70,57,83,14,100,99" hai1="130,62,128,2,126,113,115,44,134,45,101,116,39" hai2="23,92,123,8,122,111,35,103,72,77,91,108,95" hai3="20,88,25,120,75,93,61,76,22,37,26,106,79"/><T24/><D24/><U51/><E116/><V78/><F23/><W125/><G125/><T10/><D131/><N who="1" m="50219" /><E101/><V43/><F8/><W90/><G106/><T21/><D21/><U129/><N who="1" m="50227" /><U73/><DORA hai="105" /><E73/><V124/><F43/><W9/><G37/><T15/><D100/><U112/><E126/><V96/><F35/><W18/><G120/><N who="2" m="46121" /><F124/><W33/><G33/><T1/><D99/><U109/><E109/><N who="2" m="42059" /><F72/><W31/><G75/><T64/><D10/><U59/><E2/><N who="0" m="1129" /><D53/><N who="1" m="29927" /><E134/><V47/><F47/><W81/><G9/><T16/><D16/><U85/><E85/><AGARI ba="0,0" hai="77,78,85,91,92,95,96,103" m="42059,46121" machi="85" ten="30,2000,0" yaku="34,2" doraHai="34,105" who="2" fromWho="1" sc="249,0,248,-20,283,20,220,0" owari="249,4.9,228,-17.2,303,40.3,220,-28.0" /></mjloggm>