<mjloggm ver="2.3"><GO type="225" lobby="0"/><UN n0="%E5%91%A8%E6%9D%B1" n1="%E3%83%96%E3%83%83%E3%83%91%E3%82%AA%E3%83%96%E3%83%81%E3%82%AD%E3%83%B3" n2="%E6%A1%9C%E6%B2%A2%E5%A2%A8" n3="%77%72%77%72%77%72%77%72" dan="17,16,17,16" rate="2127.45,2123.68,2162.11,2159.39" sx="M,M,F,M"/><TAIKYOKU oya="0"/><INIT seed="0,0,0,1,5,73" ten="250,250,250,250" oya="0" hai0="135,37,87,0,6,20,31,99,101,126,13,41,14" hai1="18,43,8,118,36,53,23,2,29,9,33,84,116" hai2="109,49,64,122,104,30,42,61,105,34,93,51,91" hai3="65,123,5,12,15,55,10,21,72,62,117,112,85"/><T52/><D135/><U7/><E53/><V11/><F122/><W106/><G72/><T50/><D126/><U83/><E9/><V81/><F109/><W38/><G112/><T86/><D41/><U32/><E43/><V82/><F34/><W97/><G117/><T88/><D37/><U76/><E36/><V90/><F30/><W67/><G38/><T48/><D0/><U58/><E58/><V78/><F11/><W121/><G85/><T102/><D6/><U71/><E71/><V114/><F114/><W129/><G129/><T66/><D66/><U130/><E130/><V27/><F27/><W4/><G55/><T100/><D87/><U103/><E103/><V77/><F64/><W47/><G47/><N who="0" m="27679" /><D99/><U56/><E56/><V80/><F61/><W89/><G106/><N who="2" m="41065" /><F42/><W131/><G131/><T125/><D50/><N who="2" m="18954" /><F93/><N who="3" m="56495" /><G62/><T70/><D70/><U110/><E110/><V28/><F28/><W26/><G4/><T95/><D125/><U79/><E33/><V19/><F19/><N who="3" m="12607" /><G123/><T57/><D57/><U132/><E118/><V60/><F60/><W94/><G121/><T63/><D63/><U45/><E116/><V17/><F17/><W3/><G65/><T24/><AGARI ba="0,0" hai="13,14,20,24,31,86,88,95,100,101,102" m="27679" machi="24" ten="30,6000,0" yaku="8,1,54,2" doraHai="73" who="0" fromWho="0" sc="250,60,250,-20,250,-20,250,-20" /><INIT seed="0,1,0,2,4,79" ten="310,230,230,230" oya="0" hai0="6,106,76,69,50,42,72,122,15,10,64,67,54" hai1="60,125,123,108,4,20,41,135,62,86,0,26,47" hai2="51,94,46,89,58,80,116,91,81,49,34,19,126" hai3="52,55,29,36,48,23,21,33,77,110,56,132,119"/><T7/><D122/><U37/><E123/><V74/><F34/><W18/><G119/><T82/><D106/><U129/><E108/><V32/><F32/><W28/><G36/><T31/><D31/><U2/><E125/><V17/><F126/><W73/><G110/><T59/><D69/><U30/><E129/><V11/><F116/><W63/><G132/><T98/><D7/><U9/><E135/><V61/><F74/><W130/><G130/><T111/><D111/><U121/><E121/><V113/><F113/><W66/><G55/><T105/><REACH who="0" step="1"/><D42/><REACH who="0" ten="300,230,230,230" step="2"/><U78/><REACH who="1" step="1"/><E0/><REACH who="1" ten="300,220,230,230" step="2"/><V124/><F124/><W133/><G133/><T97/><D97/><U101/><E101/><AGARI ba="1,2" hai="6,10,15,50,54,59,64,67,72,76,82,98,101,105" machi="101" ten="40,3900,0" yaku="1,1,52,1,53,0" doraHai="79" doraHaiUra="43" who="0" fromWho="1" sc="300,62,220,-42,230,0,230,0" /><INIT seed="0,2,0,2,2,22" ten="362,178,230,230" oya="0" hai0="81,91,39,9,85,89,12,55,37,49,13,115,51" hai1="32,38,11,82,70,1,125,33,87,124,30,122,2" hai2="80,47,86,135,78,127,48,62,65,35,52,117,119" hai3="36,128,112,45,132,8,67,31,25,99,41,129,111"/><T18/><D115/><U101/><E70/><V98/><F135/><W53/><G112/><T77/><D39/><U75/><E38/><V121/><F121/><W4/><G132/><T92/><D37/><U54/><E75/><V50/><F127/><N who="1" m="48713" /><E101/><V42/><F35/><N who="1" m="13385" /><E54/><V113/><F113/><W123/><G123/><T109/><D109/><U94/><E94/><V44/><REACH who="2" step="1"/><F98/><REACH who="2" ten="362,178,220,230" step="2"/><W131/><G99/><T107/><D107/><U97/><E97/><V5/><F5/><W116/><G111/><T118/><D118/><U10/><E122/><V73/><F73/><W57/><G116/><T23/><D77/><U15/><E87/><V103/><F103/><W74/><G74/><T93/><D85/><U130/><E130/><V17/><F17/><W46/><G129/><T59/><D18/><N who="1" m="8567" /><E82/><V16/><F16/><W76/><G76/><T68/><D81/><U61/><E30/><V3/><F3/><W84/><G84/><T64/><D93/><U120/><E120/><V134/><F134/><W114/><G114/><T24/><D92/><U133/><E133/><V102/><F102/><W0/><G131/><T40/><D91/><U108/><E108/><V7/><F7/><W29/><G128/><T34/><D89/><U96/><E96/><V19/><F19/><W66/><G29/><T20/><D34/><U105/><E105/><V43/><F43/><W58/><G41/><T56/><D40/><U100/><E100/><V63/><F63/><W28/><G28/><T21/><D51/><U126/><N who="1" m="48721" /><U95/><DORA hai="60" /><E61/><V72/><F72/><W110/><G110/><RYUUKYOKU ba="2,1" sc="362,-10,178,-10,220,30,230,-10" hai2="42,44,47,48,50,52,62,65,78,80,86,117,119" /><INIT seed="1,3,1,1,3,91" ten="352,168,250,220" oya="1" hai0="0,63,58,113,25,22,135,27,4,101,20,75,57" hai1="114,49,23,123,21,80,61,133,108,42,18,112,55" hai2="73,124,39,99,122,82,106,90,28,32,120,2,105" hai3="103,87,79,15,24,102,60,96,40,81,34,48,54"/><U53/><E123/><N who="2" m="47147" /><F2/><W30/><G40/><T94/><D135/><U56/><E133/><V13/><F13/><W98/><G60/><T12/><D113/><U29/><E42/><V17/><F17/><W92/><G15/><T3/><D75/><U11/><E108/><V129/><F39/><W51/><REACH who="3" step="1"/><G54/><REACH who="3" ten="352,168,250,210" step="2"/><T38/><D12/><N who="1" m="7455" /><E114/><V44/><F124/><W74/><G74/><T128/><D63/><U7/><E112/><V125/><F125/><W5/><G5/><T66/><D4/><U26/><E7/><V109/><F73/><W84/><G84/><T110/><D0/><U10/><E10/><V45/><F109/><W93/><AGARI ba="3,2" hai="24,30,34,48,51,79,81,87,92,93,96,98,102,103" machi="93" ten="20,12000,2" yaku="1,1,0,1,7,1,9,1,52,2,53,0" doraHai="91" doraHaiUra="52" who="3" fromWho="3" sc="352,-33,168,-63,250,-33,210,149" /><INIT seed="2,0,0,4,3,93" ten="319,105,217,359" oya="2" hai0="90,60,114,32,54,82,108,59,98,75,67,56,121" hai1="29,28,0,117,58,124,65,14,46,116,55,73,50" hai2="20,43,66,8,23,97,61,64,30,27,11,85,135" hai3="12,7,13,134,131,115,76,123,109,107,51,132,94"/><V48/><F135/><N who="3" m="51755" /><G123/><T62/><D121/><U15/><E0/><V6/><F85/><W96/><G109/><T84/><D108/><U122/><E73/><V72/><F72/><W19/><G131/><T74/><D32/><U5/><E122/><V133/><F133/><W110/><G110/><T79/><REACH who="0" step="1"/><D114/><REACH who="0" ten="309,105,217,359" step="2"/><U49/><E124/><V83/><F83/><W36/><G115/><T17/><D17/><U100/><E117/><V95/><F6/><W103/><G7/><T89/><D89/><U112/><E116/><V101/><F20/><W53/><G19/><T102/><D102/><U25/><E112/><V9/><REACH who="2" step="1"/><F61/><REACH who="2" ten="309,105,207,359" step="2"/><W81/><G81/><T33/><D33/><U35/><E35/><V42/><F42/><W37/><G76/><T130/><D130/><U87/><E5/><V129/><F129/><W47/><G107/><T24/><D24/><U44/><E25/><V57/><F57/><W80/><G80/><T16/><D16/><U70/><E58/><V106/><F106/><W99/><G12/><T119/><D119/><U69/><E14/><V63/><F63/><W52/><G13/><T38/><D38/><U91/><E15/><V125/><F125/><W120/><G120/><T1/><D1/><U2/><E2/><V127/><F127/><W71/><G36/><T111/><D111/><U92/><E70/><V10/><N who="2" m="2048" /><DORA hai="104" /><V77/><F77/><W78/><G78/><T105/><D105/><U4/><E4/><V26/><F26/><W34/><G37/><T113/><D113/><U88/><E69/><V128/><F128/><W40/><G71/><RYUUKYOKU ba="0,2" sc="309,15,105,-15,207,15,359,-15" hai0="54,56,59,60,62,67,74,75,79,82,84,90,98" hai2="23,27,30,43,48,64,66,95,97,101" /><INIT seed="2,1,2,4,4,13" ten="324,90,222,344" oya="2" hai0="119,78,33,85,82,135,49,73,76,94,45,24,65" hai1="62,28,77,102,35,67,130,36,52,46,113,60,18" hai2="57,47,112,134,91,117,128,61,0,89,23,54,66" hai3="132,21,25,95,105,127,118,71,50,100,123,58,79"/><V2/><F112/><W55/><G118/><T4/><D119/><U22/><E113/><V38/><F117/><W16/><G123/><T10/><D135/><U26/><E130/><V11/><F128/><W110/><G132/><T29/><D65/><U68/><E77/><V34/><F34/><W8/><G105/><T15/><D94/><U93/><E102/><V41/><F134/><W114/><G114/><T6/><D78/><U129/><E129/><V80/><F23/><W84/><G110/><T1/><D1/><U72/><E93/><V74/><F0/><W115/><G115/><T17/><REACH who="0" step="1"/><D73/><REACH who="0" ten="314,90,222,344" step="2"/><U19/><E72/><V124/><F124/><W12/><G127/><T88/><D88/><U92/><E92/><V108/><F108/><W20/><G71/><T32/><D32/><U69/><E35/><V43/><F66/><W70/><G70/><T27/><D27/><U37/><E69/><V116/><F116/><W96/><G25/><T59/><D59/><U107/><E107/><V121/><F74/><W87/><G79/><T31/><D31/><U75/><E75/><V86/><F89/><W7/><G7/><T103/><D103/><U48/><REACH who="1" step="1"/><E62/><REACH who="1" ten="314,80,222,344" step="2"/><V56/><F61/><W44/><G95/><T30/><D30/><U14/><E14/><V111/><F2/><W90/><G100/><T83/><D83/><U39/><AGARI ba="1,4" hai="18,19,22,26,28,36,37,39,46,48,52,60,67,68" machi="39" ten="30,8000,1" yaku="1,1,0,1,52,2,54,1,53,0" doraHai="13" doraHaiUra="120" who="1" fromWho="1" sc="314,-21,80,123,222,-41,344,-21" /><INIT seed="3,0,0,2,4,111" ten="293,203,181,323" oya="3" hai0="51,55,66,74,85,131,38,27,104,113,50,31,94" hai1="37,83,115,23,3,2,126,91,54,118,7,20,116" hai2="10,4,71,102,30,40,29,44,11,6,19,100,107" hai3="9,78,39,130,123,5,135,112,69,84,17,109,93"/><W24/><G112/><T117/><D74/><U47/><E115/><V61/><F19/><W49/><G123/><T59/><D104/><U101/><E126/><V12/><F71/><W96/><G39/><T41/><D113/><U15/><E101/><V88/><F61/><W98/><G109/><T119/><D131/><U90/><E15/><V70/><F70/><W129/><G69/><T45/><D51/><N who="1" m="29055" /><E37/><V127/><F127/><W79/><G135/><T82/><D66/><U67/><E67/><V18/><F107/><W1/><G49/><T0/><D0/><N who="1" m="43" /><E7/><N who="2" m="2603" /><F10/><W133/><G98/><T128/><D94/><U33/><E33/><V108/><F108/><W65/><G65/><T34/><REACH who="0" step="1"/><D128/><REACH who="0" ten="283,203,181,323" step="2"/><N who="3" m="49257" /><G133/><T53/><D53/><U48/><E118/><V121/><F121/><W8/><G84/><T72/><D72/><U28/><E116/><V14/><F100/><N who="3" m="60431" /><G8/><T122/><D122/><U43/><E48/><N who="2" m="26631" /><F102/><W25/><G25/><T106/><D106/><U75/><E75/><V134/><F134/><W26/><G24/><T125/><D125/><U77/><E43/><V63/><F63/><W87/><G87/><T62/><D62/><U42/><E42/><V13/><F88/><AGARI ba="0,1" hai="27,31,34,38,41,45,50,55,59,82,85,88,117,119" machi="88" ten="30,3900,0" yaku="1,1,7,1,54,1,53,0" doraHai="111" doraHaiUra="103" who="0" fromWho="2" sc="283,49,203,0,181,-39,323,0" owari="332,43.2,203,-19.7,142,-35.8,323,12.3" /></mjloggm>