<mjloggm ver="2.3"><GO type="225" lobby="0"/><UN n0="%E3%82%A2%E3%83%9E%E3%83%9D%EF%BD%9E%EF%BD%9E%E3%83%A9" n1="%E3%83%A9%E3%83%BC%E3%83%A1%E3%83%B3%E4%BA%94%E9%83%8E" n2="%E6%81%A5%E6%99%92%E3%81%97" n3="%E7%99%BD%E5%80%89%E5%AF%9B%E4%B9%8B" dan="17,16,16,16" rate="2070.16,2077.06,2099.95,2138.39" sx="M,M,M,M"/><TAIKYOKU oya="0"/><INIT seed="0,0,0,1,0,73" ten="250,250,250,250" oya="0" hai0="82,105,11,48,39,77,64,72,26,119,52,86,45" hai1="50,116,60,12,84,89,16,115,126,101,106,0,121" hai2="28,32,47,120,55,103,2,49,122,54,65,17,133" hai3="57,66,41,68,24,76,46,74,25,40,83,62,9"/><T88/><D119/><U112/><E116/><V61/><F2/><W42/><G46/><T98/><D39/><U134/><E121/><V93/><F133/><W124/><G124/><T67/><D11/><U34/><E34/><V53/><F17/><W94/><G68/><T114/><D114/><N who="1" m="43563" /><E134/><V132/><F28/><W63/><G63/><T129/><D129/><U111/><E0/><V90/><F103/><W130/><G130/><T96/><D26/><U127/><E111/><V20/><F32/><W123/><G123/><T5/><D5/><U3/><E3/><V71/><F20/><W95/><G9/><T91/><D91/><U29/><E29/><V110/><F110/><W14/><G14/><T21/><D21/><N who="1" m="11399" /><E50/><V59/><F132/><W78/><G25/><T85/><D72/><U125/><E60/><V108/><F108/><W18/><G18/><T38/><D38/><U58/><E58/><V7/><F7/><W97/><G24/><T35/><D35/><U92/><E101/><V102/><F102/><W131/><G131/><T37/><D37/><U44/><E44/><V107/><F120/><W4/><G4/><T113/><D113/><U19/><E19/><V13/><F122/><W99/><G99/><N who="0" m="37931" /><D105/><AGARI ba="0,0" hai="84,89,92,105,106,125,126,127" m="11399,43563" machi="105" ten="40,5200,0" yaku="18,1,11,1,54,1" doraHai="73" who="1" fromWho="0" sc="250,-52,250,52,250,0,250,0" /><INIT seed="1,0,0,5,5,43" ten="198,302,250,250" oya="1" hai0="6,79,133,84,128,99,95,126,78,19,51,69,83" hai1="57,97,55,12,10,112,94,49,62,93,71,52,103" hai2="3,8,1,129,72,82,38,47,114,41,81,125,46" hai3="48,4,74,115,58,102,107,76,122,110,109,66,18"/><U111/><E111/><V85/><F125/><W61/><G115/><T130/><D69/><U135/><E135/><V86/><F129/><N who="0" m="49770" /><D6/><U121/><E121/><V88/><F114/><W60/><G122/><T89/><D51/><U65/><E112/><V75/><F8/><W37/><G37/><T20/><D20/><U21/><E21/><V30/><F30/><W24/><G4/><T35/><D19/><U117/><E117/><V11/><F11/><W91/><G18/><T53/><D53/><U131/><E131/><V56/><F56/><W134/><G24/><T73/><D35/><U68/><E55/><V33/><F33/><W42/><G134/><T13/><D13/><U15/><E71/><V96/><F96/><W70/><G48/><T26/><D26/><U29/><E29/><V113/><F113/><W127/><G42/><T28/><D28/><U87/><E10/><V16/><F16/><W5/><G5/><T101/><D133/><U124/><E124/><V9/><F9/><W27/><G27/><T2/><D2/><U63/><E63/><V14/><F14/><W25/><G25/><T45/><D45/><N who="1" m="27695" /><E68/><V23/><F23/><W50/><G127/><T67/><D67/><U123/><E123/><V80/><F80/><N who="3" m="45079" /><G70/><T39/><D126/><U108/><E108/><V106/><F106/><W59/><G110/><T64/><D64/><U77/><E77/><N who="0" m="29193" /><D39/><U7/><E7/><V120/><F38/><W92/><G109/><T132/><D132/><U40/><E40/><V36/><F41/><W104/><G66/><T105/><D73/><U90/><AGARI ba="0,0" hai="12,15,57,62,65,87,90,93,94,97,103" m="27695" machi="90" ten="30,11700,0" yaku="5,1,8,1,52,1,54,1" doraHai="43" who="1" fromWho="1" sc="198,-39,302,117,250,-39,250,-39" /><INIT seed="1,1,0,5,4,118" ten="159,419,211,211" oya="1" hai0="120,40,114,81,87,78,58,94,67,47,106,32,44" hai1="54,25,134,99,43,4,29,107,0,52,84,49,76" hai2="77,123,64,73,50,60,113,27,42,82,55,79,1" hai3="89,45,97,130,62,90,83,39,7,125,135,30,115"/><U131/><E131/><V121/><F1/><W105/><G130/><T11/><D114/><U59/><E134/><V63/><F113/><W119/><G135/><T80/><D106/><U129/><E0/><V102/><F42/><W46/><G125/><T74/><D32/><U33/><E4/><V56/><F63/><W72/><G30/><T91/><D11/><U15/><E43/><V96/><F27/><W6/><G62/><T95/><D47/><U75/><E75/><V5/><F79/><W109/><G119/><T9/><D9/><U22/><E15/><V24/><F24/><W88/><G109/><T21/><D21/><U127/><E107/><V36/><F36/><W92/><G105/><T69/><D69/><U112/><E33/><V23/><F23/><W19/><G39/><T2/><D2/><U57/><E127/><V10/><F10/><W12/><G115/><T37/><REACH who="0" step="1"/><D120/><REACH who="0" ten="149,419,211,211" step="2"/><U16/><E22/><V124/><F124/><W100/><G46/><T34/><D34/><U35/><E35/><V65/><F5/><W28/><G45/><T93/><D93/><U66/><E112/><V13/><F121/><W53/><G6/><T101/><D101/><U14/><E129/><V117/><F123/><W116/><G7/><T85/><D85/><U51/><E84/><V128/><F128/><W41/><G100/><T103/><D103/><U86/><E86/><V132/><F102/><W104/><G104/><T61/><AGARI ba="1,1" hai="37,40,44,58,61,67,74,78,80,81,87,91,94,95" machi="61" ten="30,2000,0" yaku="1,1,0,1,53,0" doraHai="118" doraHaiUra="98" who="0" fromWho="0" sc="149,33,419,-11,211,-6,211,-6" /><INIT seed="2,0,0,2,3,50" ten="182,408,205,205" oya="2" hai0="105,52,17,117,129,47,108,11,75,36,96,99,32" hai1="135,12,10,5,97,27,61,43,126,111,73,57,28" hai2="70,19,64,67,93,76,1,130,92,102,20,13,62" hai3="134,112,123,88,49,94,8,16,114,133,15,41,128"/><V21/><F1/><W98/><G123/><T83/><D36/><U82/><E111/><V69/><F130/><W68/><G68/><T34/><D129/><U37/><E37/><V38/><F38/><W109/><G109/><T74/><D108/><U91/><E73/><V22/><F76/><W9/><G128/><T48/><D117/><U95/><E126/><V72/><F72/><W4/><G41/><T85/><D75/><U6/><E135/><N who="3" m="51722" /><G49/><T53/><D53/><U125/><E43/><V132/><F132/><W113/><G9/><T23/><D74/><U58/><E82/><V101/><F19/><AGARI ba="0,0" hai="4,8,15,16,19,88,94,98,112,113,114" m="51722" machi="19" ten="40,8000,1" yaku="11,1,20,1,54,2" doraHai="50" who="3" fromWho="2" sc="182,0,408,0,205,-80,205,80" /><INIT seed="3,0,0,5,5,6" ten="182,408,125,285" oya="3" hai0="80,111,76,132,124,3,45,135,0,134,67,91,61" hai1="26,73,19,101,118,117,112,116,56,27,131,49,102" hai2="14,34,53,37,64,29,104,106,128,57,33,125,130" hai3="16,47,133,60,82,121,35,108,39,84,81,10,68"/><W110/><G35/><T48/><D111/><N who="3" m="42537" /><G121/><T7/><D7/><U40/><E131/><V42/><F64/><N who="3" m="40967" /><G133/><T1/><D91/><U79/><E112/><V113/><F113/><W92/><G92/><T24/><D24/><N who="1" m="9259" /><E19/><V62/><F37/><W2/><G2/><T100/><D100/><U52/><E40/><V65/><F42/><N who="3" m="23007" /><G84/><N who="0" m="48135" /><D124/><U66/><E66/><V4/><F125/><W15/><AGARI ba="0,0" hai="10,15,16,81,82" m="23007,40967,42537" machi="15" ten="30,11700,0" yaku="14,1,10,1,52,1,54,1" doraHai="6" who="3" fromWho="3" sc="182,-39,408,-39,125,-39,285,117" owari="143,-25.7,369,16.9,86,-41.4,402,50.2" /></mjloggm>