<mjloggm ver="2.3"><GO type="225" lobby="0"/><UN n0="%E3%83%96%E3%83%83%E3%83%91%E3%82%AA%E3%83%96%E3%83%81%E3%82%AD%E3%83%B3" n1="%72%61%6B%33" n2="%70%6E%64%73%6E%67" n3="%E3%81%8B%E3%82%8F%E3%81%A1%E3%82%83%E3%82%93%35%38" dan="16,16,16,16" rate="2209.00,2097.82,2105.29,2118.76" sx="M,M,M,M"/><TAIKYOKU oya="0"/><INIT seed="0,0,0,3,5,37" ten="250,250,250,250" oya="0" hai0="22,80,106,66,112,8,115,28,122,24,111,113,14" hai1="72,85,38,105,71,91,99,55,98,30,34,64,58" hai2="43,47,18,42,40,31,17,41,93,110,90,25,12" hai3="44,102,68,19,84,49,75,39,9,36,121,135,124"/><T7/><D106/><U74/><E38/><V3/><F3/><W33/><G75/><T16/><D66/><U53/><E53/><V114/><F114/><W23/><G33/><T15/><D80/><U45/><E45/><V2/><F2/><W131/><G68/><T48/><D48/><U5/><E5/><V54/><F110/><W119/><G119/><T101/><D101/><U103/><E99/><N who="2" m="57783" /><F12/><W27/><G121/><T10/><D111/><U13/><E13/><V107/><F107/><W117/><G117/><T133/><D133/><U61/><E91/><V69/><F69/><W50/><G135/><T32/><D122/><U89/><E89/><V63/><N who="2" m="10240" /><DORA hai="4" /><V21/><F47/><W20/><G39/><T78/><D78/><U77/><E77/><V109/><F109/><W83/><G36/><T134/><D134/><U97/><E97/><V82/><F82/><W57/><G83/><T51/><D51/><N who="1" m="31103" /><E85/><V65/><F65/><W100/><G84/><T125/><D32/><U132/><E132/><V123/><F123/><W59/><G44/><T108/><D108/><U96/><E96/><V0/><F0/><W35/><G35/><T70/><D70/><U86/><E86/><V11/><F11/><W76/><G76/><T60/><D60/><U104/><E104/><V62/><F62/><W81/><G81/><T130/><D130/><U95/><E95/><V116/><F116/><W118/><G131/><T92/><D92/><U79/><E79/><V129/><F129/><W87/><G118/><T56/><D56/><AGARI ba="0,0" hai="17,18,21,25,31,54,56,63" m="10240,57783" machi="56" ten="40,8000,1" yaku="8,1,52,4" doraHai="37,4" who="2" fromWho="0" sc="250,-80,250,0,250,80,250,0" /><INIT seed="1,0,0,5,5,39" ten="170,250,330,250" oya="1" hai0="100,57,105,112,104,38,18,52,29,131,74,79,56" hai1="11,55,17,6,89,50,83,19,103,70,82,71,37" hai2="2,3,30,88,96,0,127,121,125,134,32,46,124" hai3="8,20,63,93,62,109,77,15,118,64,4,53,114"/><U24/><E37/><V126/><N who="2" m="31744" /><DORA hai="120" /><V13/><F121/><W45/><G114/><T26/><D112/><U10/><E103/><V110/><F110/><W42/><G118/><T76/><D131/><U85/><E83/><V31/><F134/><W90/><G77/><T107/><D38/><U72/><E72/><V94/><F32/><W92/><G109/><T101/><D18/><U135/><E17/><V61/><F46/><W44/><G20/><T68/><D68/><U34/><E135/><V99/><F13/><W113/><G113/><T40/><D74/><U60/><E60/><N who="3" m="23082" /><G64/><T95/><D95/><U59/><E11/><V43/><F43/><W69/><G69/><T21/><D40/><U51/><E51/><V128/><F128/><W97/><G42/><T81/><D57/><U116/><E116/><V36/><F36/><W5/><G53/><T106/><N who="0" m="26624" /><DORA hai="41" /><T122/><D122/><U119/><E119/><V16/><F16/><N who="3" m="8295" /><G93/><T35/><D35/><U47/><E19/><V111/><F111/><W129/><G129/><T86/><REACH who="0" step="1"/><D79/><REACH who="0" ten="160,250,330,250" step="2"/><U78/><E78/><V73/><F73/><W91/><G91/><T49/><AGARI ba="0,1" hai="21,26,29,49,52,56,76,81,86,100,101" m="26624" machi="49" ten="60,8000,1" yaku="1,1,2,1,0,1,54,1,53,0" doraHai="39,120,41" doraHaiUra="108,28,14" who="0" fromWho="0" sc="160,90,250,-40,330,-20,250,-20" /><INIT seed="2,0,0,0,0,68" ten="250,210,310,230" oya="2" hai0="13,63,65,53,22,83,19,76,37,106,71,58,45" hai1="91,55,119,67,18,27,36,103,49,77,88,93,28" hai2="96,132,31,16,3,39,95,10,75,66,90,34,105" hai3="72,89,42,78,122,38,61,97,35,98,2,86,121"/><V17/><F132/><W124/><G61/><T33/><D106/><U85/><E119/><V60/><F75/><W104/><G35/><T131/><D131/><U14/><E36/><V47/><F105/><W9/><G124/><T0/><D33/><U5/><E5/><V87/><F34/><W126/><G89/><T59/><D0/><U54/><E67/><V23/><F31/><W73/><G86/><T109/><D109/><U120/><E120/><V100/><F3/><W107/><G126/><T30/><D30/><U133/><E133/><V110/><F110/><W113/><G113/><T43/><REACH who="0" step="1"/><D53/><REACH who="0" ten="240,210,310,230" step="2"/><U15/><E54/><V129/><F129/><W111/><G107/><T116/><D116/><U112/><E28/><V52/><F52/><W130/><G104/><T79/><D79/><U40/><E77/><V74/><F17/><W102/><G78/><T26/><D26/><U81/><E27/><V44/><F16/><W69/><G130/><T70/><D70/><U4/><E55/><V114/><F114/><W56/><G69/><T64/><D64/><U108/><E112/><V123/><F66/><W115/><G115/><T80/><D80/><U20/><E108/><V46/><F123/><W134/><G111/><T84/><AGARI ba="0,1" hai="13,19,22,37,43,45,58,59,63,65,71,76,83,84" machi="84" ten="20,5200,0" yaku="1,1,0,1,7,1,52,1,53,0" doraHai="68" doraHaiUra="99" who="0" fromWho="0" sc="240,62,210,-13,310,-26,230,-13" /><INIT seed="3,0,0,3,2,131" ten="302,197,284,217" oya="3" hai0="30,48,12,114,116,80,38,119,57,103,124,111,8" hai1="130,4,17,100,62,83,121,7,34,44,32,79,54" hai2="36,81,29,41,18,24,66,129,37,70,43,122,28" hai3="95,68,128,64,72,49,104,65,120,6,3,21,67"/><W42/><G104/><T108/><D38/><U9/><E121/><V134/><F129/><W23/><G120/><T60/><D124/><U90/><E130/><V99/><F122/><W46/><G128/><T35/><D103/><U50/><E100/><V13/><F66/><W5/><G72/><T47/><D114/><U74/><E7/><N who="3" m="2570" /><G3/><T135/><D135/><U89/><E17/><V126/><F70/><W69/><G69/><T59/><D80/><U125/><E125/><V33/><F126/><W2/><G2/><T133/><D133/><U82/><E62/><V96/><F134/><W101/><G68/><T113/><D113/><U1/><REACH who="1" step="1"/><E83/><REACH who="1" ten="302,187,284,217" step="2"/><V58/><F18/><W20/><G20/><T105/><D60/><U22/><E22/><V39/><F81/><W109/><G109/><T26/><D108/><U61/><E61/><V123/><F123/><W55/><G55/><T110/><D111/><U40/><E40/><V75/><F41/><W127/><G127/><T77/><D110/><U63/><E63/><V118/><F43/><W87/><G101/><T84/><D35/><AGARI ba="0,1" hai="1,4,9,32,34,35,44,50,54,74,79,82,89,90" machi="35" ten="40,5200,0" yaku="1,1,53,2" doraHai="131" doraHaiUra="85" who="1" fromWho="0" sc="302,-52,187,62,284,0,217,0" /><INIT seed="4,0,0,5,0,104" ten="250,249,284,217" oya="0" hai0="110,10,52,90,100,41,46,79,118,94,115,107,23" hai1="72,37,1,16,91,89,97,121,119,7,55,102,75" hai2="70,76,19,57,96,120,60,20,131,21,38,8,127" hai3="130,47,74,73,31,65,6,109,32,77,13,14,81"/><T67/><D118/><U133/><E37/><V40/><F120/><W105/><G109/><T9/><D110/><U111/><E111/><V28/><F70/><W129/><G105/><T125/><D125/><U95/><E1/><V101/><F127/><W85/><G65/><T106/><D67/><U117/><E7/><V132/><F131/><N who="3" m="50187" /><G47/><T33/><D33/><U3/><E3/><V26/><F132/><W49/><G49/><N who="0" m="26831" /><D106/><U24/><E55/><V114/><F8/><N who="0" m="3178" /><D107/><U0/><E0/><V99/><F38/><W58/><G58/><T22/><D115/><U30/><E16/><V103/><F40/><W84/><G6/><T128/><D128/><U62/><E62/><V56/><F56/><W80/><G31/><T51/><D79/><U25/><E25/><N who="2" m="16423" /><F76/><N who="3" m="46087" /><G32/><T12/><D100/><N who="2" m="38474" /><F114/><W113/><G113/><T126/><D126/><U135/><E121/><V2/><F2/><W78/><G78/><T71/><D71/><U86/><E119/><V134/><F134/><N who="1" m="51209" /><E117/><V54/><AGARI ba="0,0" hai="19,21,26,54,57,60,96,99" m="38474,16423" machi="54" ten="30,1100,0" yaku="8,1" doraHai="104" who="2" fromWho="2" sc="250,-5,249,-3,284,11,217,-3" /><INIT seed="5,0,0,5,1,50" ten="245,246,295,214" oya="1" hai0="0,104,132,79,125,37,63,69,12,26,61,131,85" hai1="2,130,94,34,48,74,90,28,117,91,62,9,24" hai2="47,54,14,66,49,71,70,92,123,77,60,120,6" hai3="23,87,82,113,115,21,116,31,112,68,56,126,93"/><U134/><E117/><V88/><F77/><W107/><G68/><T8/><D37/><U35/><E74/><V110/><F110/><W19/><G107/><T11/><D104/><U101/><E34/><V40/><F70/><W97/><G126/><T106/><D106/><U44/><E130/><V86/><F40/><W80/><G116/><T42/><D69/><U103/><E134/><V84/><F84/><W7/><G7/><N who="0" m="3199" /><D0/><U98/><E62/><N who="0" m="23561" /><D132/><U95/><E9/><V1/><F1/><W17/><G56/><T33/><D33/><U72/><E72/><V36/><F36/><W135/><G135/><T124/><D131/><U52/><E2/><V114/><F114/><W119/><G119/><T15/><D42/><U108/><E108/><V46/><F46/><W121/><G121/><T89/><D26/><U43/><E43/><V75/><F75/><W122/><G122/><T39/><D39/><U22/><E35/><V64/><F64/><W111/><G111/><T4/><D79/><U30/><E30/><V10/><AGARI ba="0,0" hai="6,10,14,47,49,54,60,66,71,86,88,92,120,123" machi="10" ten="30,4000,0" yaku="0,1,52,1,54,1" doraHai="50" who="2" fromWho="2" sc="245,-10,246,-20,295,40,214,-10" owari="235,3.5,226,-17.4,335,43.5,204,-29.6" /></mjloggm>