<mjloggm ver="2.3"><GO type="225" lobby="0"/><UN n0="%E8%A8%88%E7%AE%97%E6%A9%9F%E8%87%AA%E7%84%B6" n1="%43%68%65" n2="%E6%98%93%E5%88%A9%E8%96%A9%E4%BC%AF" n3="%E3%81%BD%E3%81%A1%E3%81%9F%E3%81%93%E3%82%84" dan="17,16,17,17" rate="2142.25,2198.80,2202.51,2212.82" sx="M,M,F,M"/><TAIKYOKU oya="0"/><INIT seed="0,0,0,5,4,8" ten="250,250,250,250" oya="0" hai0="106,61,107,123,7,75,115,12,41,132,98,111,20" hai1="4,53,105,3,135,43,1,0,89,71,72,63,5" hai2="82,2,97,64,9,83,121,85,35,22,101,56,40" hai3="120,79,50,96,68,28,128,21,70,86,99,122,49"/><T6/><D115/><U78/><E105/><V58/><F35/><W114/><G114/><T62/><BYE who="3" /><D123/><U95/><E135/><V118/><F118/><W74/><G74/><T134/><D75/><U126/><E126/><V31/><F121/><W38/><G38/><T23/><D41/><U90/><E43/><V15/><F40/><W104/><G104/><T112/><D98/><U36/><E36/><V46/><F46/><W17/><G17/><T131/><D112/><U124/><E124/><V42/><F2/><W65/><G65/><T102/><D102/><U45/><E71/><V130/><F130/><W92/><G92/><T59/><D59/><U57/><E45/><V11/><F11/><W26/><G26/><T87/><D87/><U108/><E108/><V113/><F83/><W32/><G32/><T48/><D48/><U14/><E14/><V33/><F33/><W44/><G44/><T51/><D51/><U88/><REACH who="1" step="1"/><E95/><REACH who="1" ten="250,240,250,250" step="2"/><V67/><F42/><W103/><G103/><T77/><D111/><U84/><E84/><V19/><F113/><W109/><G109/><T76/><D131/><U80/><AGARI ba="0,1" hai="0,1,3,4,5,53,57,63,72,78,80,88,89,90" machi="80" ten="40,5200,0" yaku="1,1,0,1,54,1,53,0" doraHai="8" doraHaiUra="69" who="1" fromWho="1" sc="250,-26,240,62,250,-13,250,-13" /><INIT seed="1,0,0,1,2,95" ten="224,302,237,237" oya="1" hai0="49,56,72,20,14,33,85,8,13,27,86,6,82" hai1="47,91,110,23,129,117,10,103,132,89,131,134,120" hai2="34,40,75,19,24,112,63,116,94,51,60,16,109" hai3="62,69,77,104,76,114,38,135,2,39,118,107,93"/><U57/><E117/><V92/><F116/><W100/><G100/><T133/><D133/><N who="1" m="51307" /><E120/><V36/><F36/><W64/><G64/><T127/><D127/><U73/><E73/><UN n3="%E3%81%BD%E3%81%A1%E3%81%9F%E3%81%93%E3%82%84" /><V53/><F75/><W98/><G2/><T11/><D33/><U123/><E123/><V26/><F109/><W5/><G5/><T48/><D72/><U108/><E10/><V83/><F40/><W96/><G93/><T71/><D71/><U58/><E47/><V102/><F83/><W66/><G118/><T130/><D130/><N who="1" m="49675" /><E23/><V17/><F112/><W99/><G135/><T46/><D56/><N who="1" m="21611" /><E103/><V70/><F102/><W61/><G114/><T3/><D3/><U126/><E126/><V81/><F34/><W128/><G128/><T119/><D119/><U106/><E106/><N who="3" m="40490" /><G69/><T37/><D37/><N who="3" m="13833" /><G66/><T52/><D48/><U21/><E21/><V43/><F51/><W68/><G68/><T65/><D65/><U78/><E78/><AGARI ba="0,0" hai="61,62,76,77,78,96,98,99" m="13833,40490" machi="78" ten="40,8000,1" yaku="28,2,52,3" doraHai="95" who="3" fromWho="1" sc="224,0,302,-80,237,0,237,80" /><INIT seed="2,0,0,4,0,40" ten="224,222,237,317" oya="2" hai0="28,65,101,88,135,115,69,27,2,82,18,55,24" hai1="122,131,75,60,111,124,96,14,4,121,86,33,66" hai2="1,130,93,80,17,62,119,31,94,57,39,54,23" hai3="102,87,50,127,63,126,125,114,72,129,9,103,0"/><V118/><F1/><W37/><G37/><T45/><D115/><U64/><E75/><V12/><F130/><W32/><G72/><T106/><D2/><U48/><E131/><V113/><F113/><W91/><G32/><T108/><D108/><U109/><E33/><V85/><F39/><W6/><G129/><T41/><D55/><U59/><E124/><V73/><F73/><W21/><G114/><T70/><D135/><U133/><E133/><V20/><F118/><W132/><G132/><T42/><D42/><U117/><E117/><V98/><F119/><W99/><G50/><T97/><D18/><U15/><E96/><V25/><REACH who="2" step="1"/><F98/><REACH who="2" ten="224,222,227,317" step="2"/><W16/><G99/><T30/><D97/><U36/><E36/><V3/><F3/><W10/><G0/><T35/><D101/><U112/><E112/><V46/><F46/><W123/><G103/><T26/><D45/><U105/><E111/><V95/><F95/><N who="3" m="54783" /><G102/><T53/><D106/><U83/><E105/><V89/><AGARI ba="0,1" hai="12,17,20,23,25,31,54,57,62,80,85,89,93,94" machi="89" ten="20,7800,0" yaku="1,1,0,1,7,1,8,1,53,0" doraHai="40" doraHaiUra="43" who="2" fromWho="2" sc="224,-26,222,-26,227,88,317,-26" /><INIT seed="2,1,0,3,5,30" ten="198,196,315,291" oya="2" hai0="31,131,69,104,8,79,35,52,12,51,91,93,22" hai1="120,44,36,77,117,18,60,106,39,9,42,50,126" hai2="53,14,105,13,122,100,56,63,107,110,24,102,3" hai3="94,23,29,124,65,99,62,10,4,61,103,75,88"/><V127/><F122/><W89/><G75/><T45/><D69/><U55/><E117/><V67/><F3/><W116/><G124/><T83/><D104/><U38/><E106/><V34/><F110/><W48/><G116/><T115/><D131/><U72/><E126/><V47/><F105/><W71/><G61/><T81/><D35/><U95/><E120/><V73/><F73/><W5/><G48/><T68/><D68/><U87/><E72/><V54/><F102/><W27/><REACH who="3" step="1"/><G4/><REACH who="3" ten="198,196,315,281" step="2"/><N who="0" m="3079" /><D115/><U129/><E60/><V43/><F63/><W57/><G57/><T125/><D125/><U49/><E129/><V16/><F56/><W121/><G121/><T21/><D51/><U119/><E119/><V80/><F127/><W46/><G46/><T7/><D7/><U78/><E50/><V66/><F47/><W32/><G32/><T11/><D45/><U58/><E39/><V37/><F34/><W33/><G33/><T113/><D113/><U6/><E38/><V76/><F37/><W64/><G64/><T20/><D52/><U85/><E6/><V134/><F54/><W111/><G111/><T15/><D31/><U41/><E42/><V118/><F43/><W98/><G98/><N who="0" m="57663" /><D79/><U114/><E114/><V2/><F76/><W133/><G133/><T40/><D40/><U19/><E78/><V97/><F53/><W28/><G28/><T86/><D86/><N who="1" m="32779" /><E77/><V109/><F118/><W1/><AGARI ba="1,1" hai="1,5,10,23,27,29,62,65,71,88,89,94,99,103" machi="1" ten="20,8000,1" yaku="1,1,0,1,7,1,54,1,53,1" doraHai="30" doraHaiUra="92" who="3" fromWho="3" sc="198,-21,196,-21,315,-41,281,93" /><INIT seed="3,0,0,1,2,133" ten="177,175,274,374" oya="3" hai0="10,36,4,96,120,45,70,19,89,79,8,1,73" hai1="34,5,55,29,28,105,13,23,107,123,122,20,103" hai2="76,41,52,9,67,44,83,66,92,90,14,25,106" hai3="85,82,72,3,93,126,32,11,16,109,118,127,71"/><W35/><G118/><T27/><D70/><U119/><E119/><V18/><F106/><W37/><G71/><T43/><D120/><U91/><E123/><V42/><F25/><W54/><G37/><T101/><D89/><U0/><E122/><V81/><F67/><W46/><G72/><T104/><D27/><N who="1" m="18719" /><E103/><V15/><F66/><W62/><G93/><T74/><D19/><N who="1" m="10351" /><E55/><V88/><F15/><N who="3" m="7295" /><G3/><N who="0" m="31" /><D79/><U60/><E60/><V53/><F42/><W121/><G109/><T84/><D84/><U7/><E91/><V128/><F128/><W75/><G75/><T116/><D116/><U135/><E135/><V61/><F90/><N who="3" m="51511" /><G62/><T87/><D87/><U30/><E7/><AGARI ba="0,0" hai="1,7,10,36,43,45,73,74,96,101,104" m="31" machi="7" ten="30,2000,0" yaku="33,2" doraHai="133" who="0" fromWho="1" sc="177,20,175,-20,274,0,374,0" owari="197,-20.3,155,-34.5,274,7.4,374,47.4" /></mjloggm>