<mjloggm ver="2.3"><GO type="225" lobby="0"/><UN n0="%E6%A1%9C%E8%8A%B1%E9%96%83%E3%80%85" n1="%E3%81%8B%E3%82%8F%E3%81%A1%E3%82%83%E3%82%93%35%38" n2="%E3%81%A4%E3%81%A3%E3%81%B1%E3%82%8A%E3%83%9D%E3%83%BC%E3%83%AB" n3="%E6%81%A5%E6%99%92%E3%81%97" dan="17,16,17,16" rate="2194.40,2150.71,2253.91,2051.65" sx="M,M,M,M"/><TAIKYOKU oya="0"/><INIT seed="0,0,0,3,5,82" ten="250,250,250,250" oya="0" hai0="55,119,121,113,49,28,23,52,62,78,68,64,83" hai1="117,60,35,38,91,2,5,80,95,112,132,81,76" hai2="3,4,72,85,86,96,133,69,70,108,29,40,66" hai3="114,41,21,19,33,93,71,7,118,36,79,126,46"/><T105/><D113/><U94/><E35/><V58/><F72/><W65/><G114/><T53/><D119/><U20/><E112/><V77/><F77/><W120/><G118/><T51/><D105/><U10/><E117/><V63/><F29/><W25/><G126/><T73/><REACH who="0" step="1"/><D121/><REACH who="0" ten="240,250,250,250" step="2"/><U22/><E132/><V13/><F133/><W100/><G120/><T47/><D47/><U67/><E38/><V6/><F108/><W88/><G46/><T103/><D103/><U110/><E110/><V75/><F70/><W107/><G100/><T48/><D48/><U115/><E115/><V122/><F69/><W50/><G107/><T90/><D90/><U37/><E37/><V87/><F122/><W129/><G36/><T16/><D16/><U56/><E95/><V106/><F106/><W104/><G104/><T111/><D111/><U34/><E34/><V27/><F6/><W8/><G33/><T128/><D128/><U57/><E57/><V54/><F4/><W59/><G129/><T14/><D14/><U99/><REACH who="1" step="1"/><E81/><REACH who="1" ten="240,240,250,250" step="2"/><V84/><F58/><W134/><G59/><T98/><D98/><U17/><E17/><V32/><F96/><W24/><G134/><T116/><D116/><U135/><E135/><V26/><F32/><W45/><G93/><T92/><D92/><U9/><E9/><V11/><F11/><W131/><G8/><T61/><D61/><U102/><E102/><V130/><F63/><W39/><G39/><T97/><D97/><U42/><E42/><V15/><F40/><W43/><G41/><T109/><D109/><U30/><E30/><RYUUKYOKU ba="0,2" sc="240,15,240,15,250,-15,250,-15" hai0="23,28,49,51,52,53,55,62,64,68,73,78,83" hai1="2,5,10,20,22,56,60,67,76,80,91,94,99" /><INIT seed="0,1,2,1,4,52" ten="255,255,235,235" oya="0" hai0="100,118,115,123,2,15,43,39,0,95,112,77,6" hai1="7,19,46,38,18,32,53,97,78,109,114,81,116" hai2="66,87,135,83,51,20,132,5,119,14,4,76,21" hai3="49,1,48,131,33,113,127,99,42,54,69,125,86"/><T96/><D118/><U89/><E116/><V13/><F66/><W94/><G113/><T41/><D123/><U23/><E32/><V106/><F106/><W85/><G33/><T105/><D15/><N who="2" m="5642" /><F119/><W60/><G1/><T101/><D95/><U12/><E114/><V75/><F75/><W117/><G117/><T62/><D62/><U107/><E109/><V35/><F35/><W9/><G131/><T98/><D77/><U27/><E7/><N who="2" m="2635" /><F51/><N who="3" m="19531" /><G9/><T44/><D41/><U24/><E107/><V61/><F61/><W126/><G42/><T37/><D43/><U73/><E38/><V58/><F58/><N who="3" m="34903" /><G69/><T102/><D6/><U40/><E40/><V128/><F128/><W122/><G122/><T68/><D105/><U72/><E72/><V10/><F10/><W64/><G64/><T124/><D39/><U16/><E73/><V59/><F59/><W31/><G31/><T65/><D37/><U70/><E70/><V90/><F135/><W130/><G130/><T93/><D68/><U120/><E120/><V108/><F132/><W28/><G28/><T71/><D71/><U17/><E53/><V110/><F110/><W133/><G133/><T47/><D65/><U92/><E46/><V129/><F129/><W8/><G8/><T11/><D11/><U88/><E78/><V34/><F34/><W36/><G36/><T29/><D112/><U56/><E56/><V63/><F108/><W104/><G104/><N who="0" m="63495" /><D115/><U111/><E111/><V45/><F63/><W3/><G3/><T57/><D0/><U82/><E82/><N who="2" m="49527" /><F45/><N who="0" m="17482" /><D2/><U50/><E50/><V79/><F79/><RYUUKYOKU ba="1,2" sc="255,-30,255,10,235,10,235,10" hai1="12,16,17,18,19,23,24,27,81,88,89,92,97" hai2="20,21,76,83" hai3="85,86,94,99,125,126,127" /><INIT seed="1,2,2,1,1,1" ten="225,265,245,245" oya="1" hai0="23,59,115,37,117,19,127,96,35,53,48,133,29" hai1="76,130,44,56,46,58,83,39,5,82,10,40,129" hai2="134,72,47,9,126,8,22,28,87,131,52,120,91" hai3="38,123,107,79,106,93,66,70,110,90,60,51,14"/><U13/><E46/><V105/><F72/><W75/><G123/><T88/><D115/><U116/><E116/><V6/><F105/><W33/><G38/><T85/><D117/><U24/><E24/><N who="2" m="16407" /><F120/><W113/><G113/><T4/><D127/><U26/><E26/><V21/><F126/><W103/><G33/><T3/><D37/><U42/><E42/><V63/><F134/><W0/><G0/><T86/><D133/><U114/><E114/><V68/><F68/><W41/><G110/><T128/><D128/><N who="1" m="49259" /><E83/><N who="2" m="49663" /><F131/><W132/><G132/><T30/><D35/><U81/><E82/><V101/><F101/><W125/><G125/><T34/><D34/><U18/><E18/><V77/><F77/><W15/><G79/><T78/><D78/><U31/><E31/><V20/><F47/><W135/><G75/><AGARI ba="2,2" hai="5,10,13,39,40,44,56,58,75,76,81" m="49259" machi="75" ten="30,2900,0" yaku="19,1,52,1" doraHai="1" who="1" fromWho="3" sc="225,0,265,55,245,0,245,-35" /><INIT seed="1,3,0,5,5,61" ten="225,320,245,210" oya="1" hai0="76,28,95,108,43,1,5,96,17,23,93,89,94" hai1="83,91,104,97,7,82,124,47,120,125,133,50,122" hai2="98,118,128,2,64,10,105,106,60,22,33,114,25" hai3="69,15,109,42,84,67,48,38,13,31,65,74,35"/><U79/><E7/><N who="2" m="1399" /><F22/><W40/><G74/><T129/><D108/><U57/><E57/><V3/><F118/><W71/><G38/><T52/><D129/><U85/><E50/><V19/><F19/><W78/><G109/><T121/><D121/><N who="1" m="46699" /><E47/><V44/><F44/><N who="3" m="25607" /><G69/><T126/><D126/><U70/><E70/><N who="2" m="42247" /><F128/><W46/><G71/><T119/><D119/><U59/><E59/><V45/><F114/><W11/><G31/><T134/><D134/><U34/><E34/><V62/><F62/><W32/><G35/><T4/><D43/><U132/><E104/><N who="2" m="40043" /><F98/><W66/><G32/><T36/><D1/><U26/><E26/><V30/><F45/><W77/><G84/><T130/><D130/><U73/><E97/><V111/><F3/><W0/><G0/><T9/><D96/><U53/><E53/><V14/><F14/><N who="3" m="5131" /><G11/><T8/><D8/><U54/><E54/><V18/><F18/><W56/><G56/><T101/><D52/><U68/><E68/><V123/><F123/><W88/><G88/><T113/><D89/><U55/><E55/><V107/><F107/><W100/><G100/><T12/><D101/><U29/><E29/><V135/><F111/><W102/><G102/><T131/><D131/><U27/><E27/><V110/><F110/><W6/><G6/><T58/><D58/><U80/><E83/><V116/><F116/><W21/><G21/><T115/><D23/><U81/><E82/><V37/><F37/><W86/><G86/><T103/><D36/><U20/><E20/><V39/><F39/><W51/><AGARI ba="3,0" hai="42,46,51,65,66,67,77,78" m="5131,25607" machi="51" ten="30,7900,0" yaku="8,1,52,3" doraHai="61" who="3" fromWho="3" sc="225,-23,320,-42,245,-23,210,88" /><INIT seed="2,0,0,2,5,52" ten="202,278,222,298" oya="2" hai0="99,73,71,14,44,113,19,64,70,15,50,75,121" hai1="78,0,5,59,8,22,11,85,102,39,125,21,16" hai2="6,51,93,30,106,128,17,66,28,76,57,49,92" hai3="103,90,33,7,77,131,13,88,4,25,96,122,34"/><V46/><F106/><W68/><G122/><T89/><D121/><U120/><E120/><V20/><F128/><W55/><G68/><T130/><D113/><U116/><E116/><V126/><F126/><W112/><G112/><T101/><D130/><U86/><E39/><V29/><F6/><W60/><G77/><T135/><D89/><U100/><E125/><V23/><F76/><W79/><G79/><T3/><D3/><U26/><E11/><V115/><F115/><W129/><G55/><T36/><D36/><U9/><E9/><V35/><F35/><W82/><G60/><T111/><D111/><U58/><E86/><V45/><F66/><W53/><G53/><T41/><D135/><U114/><E114/><V61/><F61/><W47/><G47/><N who="2" m="17929" /><F57/><W110/><G110/><T54/><D54/><U87/><E87/><V127/><F127/><W91/><G34/><T12/><D19/><U37/><E37/><V56/><F56/><W117/><G4/><T81/><D64/><U109/><E109/><V134/><F134/><W2/><G2/><T43/><D43/><U69/><E69/><V83/><F83/><W67/><G67/><T72/><REACH who="0" step="1"/><D81/><REACH who="0" ten="192,278,222,298" step="2"/><U10/><E78/><V123/><F123/><W118/><G129/><T132/><D132/><U32/><E0/><V1/><F1/><W31/><G131/><T24/><D24/><U48/><E5/><V63/><F17/><W42/><G82/><T98/><D98/><U80/><E16/><V108/><F108/><W119/><G42/><T40/><D40/><U97/><E80/><V84/><F29/><RYUUKYOKU ba="0,1" sc="192,30,278,-10,222,-10,298,-10" hai0="12,14,15,41,44,50,70,71,72,73,75,99,101" /><INIT seed="3,1,1,2,3,81" ten="222,268,212,288" oya="3" hai0="130,74,131,104,110,92,21,50,117,27,85,17,108" hai1="126,15,7,70,132,32,107,106,89,75,57,38,84" hai2="36,78,46,90,82,88,19,4,0,113,60,120,77" hai3="61,105,11,71,115,76,80,116,52,13,67,101,54"/><W91/><G116/><T6/><D74/><U18/><E70/><V121/><F113/><W58/><G115/><T48/><D104/><U133/><E75/><N who="2" m="43327" /><F78/><W59/><G91/><N who="0" m="53359" /><D6/><U123/><E123/><N who="2" m="47179" /><F19/><W2/><G2/><T128/><D117/><U20/><E126/><V31/><F31/><W95/><G105/><T93/><D93/><N who="1" m="54439" /><E32/><V62/><F4/><W73/><G95/><T134/><D134/><N who="1" m="51819" /><E38/><V99/><F0/><W29/><G29/><T42/><D42/><U26/><E57/><V10/><F10/><AGARI ba="1,1" hai="7,10,15,18,20,26,106,107" m="51819,54439" machi="10" ten="30,2000,0" yaku="20,1,52,1" doraHai="81" who="1" fromWho="2" sc="222,0,268,33,212,-23,288,0" owari="222,-17.8,301,40.1,189,-31.1,288,8.8" /></mjloggm>