<mjloggm ver="2.3"><GO type="225" lobby="0"/><UN n0="%E7%B4%94%E6%BD%94%E3%83%94%E3%83%A9%E3%83%8B%E3%82%A2" n1="%33%74%72%65%65" n2="%E6%9C%88%E5%B3%B6%E5%9F%BA" n3="%E3%82%BC%E3%83%AB%E3%83%80%E3%81%AE%E4%BC%9D%E8%AA%AC" dan="17,16,17,17" rate="2192.64,2066.64,2185.01,2108.18" sx="M,F,M,M"/><TAIKYOKU oya="0"/><INIT seed="0,0,0,0,4,57" ten="250,250,250,250" oya="0" hai0="111,122,23,13,97,103,114,115,77,12,93,55,26" hai1="130,62,104,35,133,60,106,38,11,51,96,43,74" hai2="31,36,24,18,102,72,129,39,0,64,5,50,95" hai3="29,34,45,52,100,48,41,58,2,92,101,83,49"/><T116/><D116/><U94/><E38/><V59/><F72/><W99/><G2/><T40/><D122/><U21/><E35/><V135/><F129/><W33/><G29/><T91/><D77/><U75/><E130/><V47/><F135/><W117/><G117/><T54/><D40/><U10/><E133/><V63/><F18/><W28/><G28/><T86/><D111/><U87/><E75/><V32/><F5/><W82/><REACH who="3" step="1"/><G101/><REACH who="3" ten="250,250,250,240" step="2"/><T14/><D114/><U119/><E119/><V61/><F0/><W81/><AGARI ba="0,1" hai="33,34,41,45,48,49,52,58,81,82,83,92,99,100" machi="81" ten="30,7900,0" yaku="1,1,2,1,0,1,54,1,53,0" doraHai="57" doraHaiUra="85" who="3" fromWho="3" sc="250,-39,250,-20,250,-20,240,89" /><INIT seed="1,0,0,0,2,68" ten="211,230,230,329" oya="1" hai0="58,80,130,76,59,133,33,112,50,111,120,52,74" hai1="13,116,41,119,48,3,118,9,36,47,104,82,17" hai2="69,12,73,70,5,43,28,103,102,57,62,114,67" hai3="72,39,93,105,95,15,86,27,108,53,125,113,127"/><U99/><E3/><V131/><F73/><W66/><G113/><T38/><D112/><U20/><E82/><V56/><F114/><W106/><G72/><T32/><D111/><U37/><REACH who="1" step="1"/><E9/><REACH who="1" ten="211,220,230,329" step="2"/><V14/><F131/><W81/><G81/><T90/><D130/><U83/><E83/><V54/><F70/><W61/><G108/><T87/><D120/><U107/><E107/><V44/><F69/><W75/><G105/><T18/><D74/><U121/><E121/><V94/><F94/><W124/><G106/><T78/><D76/><U34/><E34/><V134/><F134/><W63/><G75/><T109/><D78/><U97/><E97/><V129/><F129/><W100/><G95/><T30/><D133/><U6/><E6/><V1/><F1/><W60/><G93/><T31/><D109/><U26/><E26/><V77/><F77/><W8/><G27/><T40/><D32/><U101/><AGARI ba="0,1" hai="13,17,20,36,37,41,47,48,99,101,104,116,118,119" machi="101" ten="40,18000,2" yaku="1,1,0,1,52,2,53,3" doraHai="68" doraHaiUra="115" who="1" fromWho="1" sc="211,-60,220,190,230,-60,329,-60" /><INIT seed="1,1,0,2,3,86" ten="151,410,170,269" oya="1" hai0="5,88,99,111,19,17,64,60,89,125,67,113,121" hai1="24,55,4,75,77,25,76,18,72,129,39,66,58" hai2="33,81,61,47,57,132,110,41,91,3,54,92,65" hai3="62,131,134,95,1,102,16,0,26,74,122,11,104"/><U51/><E39/><V50/><F33/><W53/><G122/><T128/><D113/><U46/><E129/><V120/><F120/><W13/><G74/><T126/><D121/><U23/><E4/><V37/><F3/><W109/><G131/><T29/><D128/><U78/><E66/><N who="0" m="25129" /><D111/><U63/><E63/><V94/><F132/><W6/><G109/><T93/><D60/><U52/><E58/><V27/><F27/><W101/><G104/><T59/><D59/><U56/><E56/><V69/><F110/><W107/><G107/><T7/><D29/><U114/><E114/><V87/><AGARI ba="1,0" hai="37,41,47,50,54,57,61,65,69,81,87,91,92,94" machi="87" ten="30,7900,0" yaku="0,1,24,2,52,1" doraHai="86" who="2" fromWho="2" sc="151,-21,410,-40,170,82,269,-21" /><INIT seed="2,0,0,5,2,78" ten="130,370,252,248" oya="2" hai0="71,120,73,107,113,126,93,44,56,39,28,5,6" hai1="102,98,117,15,122,83,104,125,27,69,61,25,132" hai2="129,51,7,133,68,87,30,48,47,26,40,64,0" hai3="54,60,2,23,84,70,29,94,96,105,77,16,123"/><V91/><F129/><W72/><G2/><T86/><D56/><U45/><E117/><V52/><F133/><W121/><G29/><T103/><D86/><U42/><E132/><V9/><F68/><W135/><G135/><T19/><D93/><U59/><E125/><V109/><F109/><W97/><G97/><T108/><D19/><U43/><E122/><V112/><F112/><W82/><G70/><T57/><D57/><U24/><E69/><V21/><F64/><W67/><G54/><T115/><D6/><U1/><E1/><V4/><F9/><W14/><G60/><T37/><D28/><U131/><E131/><V53/><F0/><W110/><G67/><T124/><D5/><U34/><E34/><V100/><F100/><N who="3" m="62599" /><G110/><T111/><D103/><U35/><E35/><V33/><F33/><W38/><G38/><T85/><D71/><U75/><E15/><V50/><F50/><W106/><G106/><T20/><D107/><U128/><E128/><V36/><F36/><W74/><G74/><T88/><D73/><U31/><E31/><V116/><F116/><W17/><G17/><T66/><D66/><U114/><E114/><N who="0" m="43529" /><D120/><U63/><E63/><V32/><F32/><W11/><G23/><T62/><D20/><U8/><E8/><V81/><F53/><W49/><G49/><T55/><D62/><U118/><E118/><V22/><F21/><W58/><G58/><AGARI ba="0,0" hai="4,7,22,26,30,40,47,48,51,52,58,81,87,91" machi="58" ten="30,11600,0" yaku="7,1,8,1,52,1,54,1" doraHai="78" who="2" fromWho="3" sc="130,0,370,0,252,116,248,-116" /><INIT seed="2,1,0,0,1,96" ten="130,370,368,132" oya="2" hai0="97,89,133,37,116,34,11,90,130,27,7,25,113" hai1="54,10,36,28,57,92,30,66,79,9,6,101,128" hai2="64,51,129,40,29,102,87,14,75,109,107,63,132" hai3="123,43,45,13,3,88,105,16,111,100,39,115,33"/><V134/><F75/><W35/><G123/><T98/><D37/><U52/><E36/><V22/><F129/><W78/><G3/><T5/><D113/><U73/><E128/><V20/><F109/><W0/><G0/><T122/><D130/><U65/><E79/><V120/><F120/><W108/><G78/><T86/><D122/><U50/><E73/><V19/><F87/><W94/><G115/><T2/><D2/><U62/><E54/><V17/><F29/><N who="1" m="11369" /><E6/><V55/><F40/><W124/><G124/><T15/><D34/><U81/><E81/><V59/><F107/><W85/><G100/><T82/><D116/><U44/><E65/><V53/><F102/><W61/><G61/><T99/><D133/><N who="2" m="51306" /><F51/><W24/><G105/><T118/><D118/><U70/><E70/><V23/><F23/><N who="3" m="11663" /><G24/><AGARI ba="1,0" hai="14,17,19,20,22,24,53,55,59,63,64" m="51306" machi="24" ten="30,1500,0" yaku="20,1" doraHai="96" who="2" fromWho="3" sc="130,0,370,0,368,18,132,-18" /><INIT seed="2,2,0,4,1,66" ten="130,370,386,114" oya="2" hai0="120,62,17,49,15,126,31,124,61,58,48,55,112" hai1="41,50,122,33,37,13,63,125,52,84,132,98,129" hai2="108,38,21,9,25,110,51,4,83,113,134,6,116" hai3="60,68,10,118,3,47,97,117,101,43,24,87,130"/><V99/><F38/><N who="3" m="22007" /><G87/><T128/><D112/><U53/><E33/><V26/><F113/><W121/><G130/><T85/><D128/><U92/><E129/><V28/><F116/><W42/><G42/><T102/><D120/><U133/><E122/><V34/><F99/><W76/><G121/><T22/><D31/><U100/><E125/><N who="0" m="48233" /><D102/><U18/><E84/><V82/><F51/><N who="0" m="19530" /><D61/><U8/><E63/><V93/><F93/><W105/><G76/><T0/><D0/><U20/><E8/><V135/><F83/><W39/><G24/><T96/><D85/><U11/><E11/><V74/><F82/><W73/><G39/><T80/><D80/><U64/><E64/><V119/><F119/><N who="3" m="45579" /><G73/><T16/><D17/><U40/><E40/><V123/><F74/><W27/><G27/><T77/><D96/><U131/><E131/><V103/><F123/><W106/><G106/><T127/><N who="0" m="48241" /><T69/><DORA hai="95" /><D77/><U72/><E72/><V94/><F94/><W78/><G78/><T104/><D104/><U36/><E41/><V14/><F103/><W5/><G60/><T2/><D2/><U35/><E37/><V81/><F81/><W109/><G109/><N who="2" m="42089" /><F6/><W79/><G79/><T71/><AGARI ba="2,0" hai="15,16,22,55,58,62,69,71" m="19530,48241" machi="71" ten="50,8000,1" yaku="18,1,52,2,54,1" doraHai="66,95" who="0" fromWho="0" sc="130,86,370,-22,386,-42,114,-22" /><INIT seed="3,0,0,5,2,95" ten="216,348,344,92" oya="3" hai0="109,128,63,69,77,32,129,82,64,85,37,7,123" hai1="121,12,1,113,5,35,79,94,51,4,133,46,49" hai2="90,8,52,106,16,23,38,25,29,47,40,124,91" hai3="6,116,97,14,70,55,41,15,120,89,81,71,72"/><W117/><G120/><T50/><D123/><U87/><E121/><V83/><F106/><W100/><G41/><T45/><D32/><U20/><E113/><V102/><F102/><W22/><G55/><T18/><D109/><U99/><E35/><V13/><F124/><W36/><G36/><T96/><D7/><N who="1" m="2635" /><E1/><V103/><F103/><W73/><G89/><T130/><D96/><U21/><E133/><V48/><F83/><W122/><G122/><T27/><D18/><N who="1" m="10311" /><E21/><V2/><F2/><W111/><G111/><T80/><D82/><N who="1" m="47583" /><E46/><AGARI ba="0,0" hai="8,13,16,23,25,29,38,40,46,47,48,52,90,91" machi="46" ten="30,3900,0" yaku="7,1,54,2" doraHai="95" who="2" fromWho="1" sc="216,0,348,-39,344,39,92,0" owari="216,-18.4,309,10.9,383,48.3,92,-40.8" /></mjloggm>