<mjloggm ver="2.3"><GO type="225" lobby="0"/><UN n0="%E3%83%B4%E3%83%A0%EF%BC%99%E3%81%A6" n1="%E3%83%96%E3%83%83%E3%83%91%E3%82%AA%E3%83%96%E3%83%81%E3%82%AD%E3%83%B3" n2="%EF%BC%AE%EF%BC%A1%EF%BC%AF%33%33%39" n3="%40%77%61%6B%61" dan="16,16,16,16" rate="2189.96,2168.89,2109.88,2083.77" sx="M,M,M,M"/><TAIKYOKU oya="0"/><INIT seed="0,0,0,4,4,106" ten="250,250,250,250" oya="0" hai0="118,12,82,2,20,85,40,88,105,17,8,59,25" hai1="117,64,49,120,13,46,65,43,129,14,113,36,16" hai2="96,62,27,128,134,130,127,58,75,77,28,29,54" hai3="15,33,110,89,135,3,39,21,48,86,97,37,55"/><T133/><D118/><U35/><E117/><V4/><F4/><W45/><G3/><T31/><D133/><U52/><E120/><V83/><F134/><W67/><G33/><T26/><D105/><U70/><E35/><V30/><F127/><W98/><G135/><T1/><D40/><U18/><E129/><N who="2" m="49771" /><F96/><W107/><G110/><T131/><D131/><U44/><E113/><V91/><F91/><W79/><G67/><T23/><REACH who="0" step="1"/><D59/><REACH who="0" ten="240,250,250,250" step="2"/><U9/><REACH who="1" step="1"/><E70/><REACH who="1" ten="240,240,250,250" step="2"/><V72/><F27/><W114/><G114/><T108/><D108/><U73/><E73/><AGARI ba="0,2" hai="28,29,30,54,58,62,72,73,75,77,83" m="49771" machi="73" ten="30,7700,0" yaku="19,1,52,3" doraHai="106" who="2" fromWho="1" sc="240,0,240,-77,250,97,250,0" /><INIT seed="1,0,0,4,5,45" ten="240,163,347,250" oya="1" hai0="81,54,97,60,11,25,31,95,48,53,33,101,84" hai1="49,103,14,4,117,72,61,52,89,57,86,122,124" hai2="99,105,64,82,34,118,66,47,35,1,120,112,13" hai3="133,130,73,123,10,107,96,115,93,19,9,55,127"/><U109/><E117/><V80/><F1/><W41/><G123/><T119/><D119/><U121/><E72/><V3/><F3/><W36/><G115/><T58/><D11/><U131/><E131/><V114/><F118/><W43/><G73/><T37/><D37/><U29/><E124/><V5/><F120/><W32/><G107/><T85/><REACH who="0" step="1"/><D81/><REACH who="0" ten="230,163,347,250" step="2"/><U68/><E121/><V98/><F82/><W134/><G127/><T30/><D30/><U87/><E122/><V23/><F80/><W62/><G10/><T21/><D21/><U2/><E29/><V92/><F23/><W106/><G9/><T77/><D77/><U50/><E2/><V38/><F38/><W24/><G36/><T83/><D83/><U132/><E132/><V26/><F114/><W116/><G133/><T51/><D51/><N who="1" m="19467" /><E109/><V76/><F76/><W111/><G134/><T128/><D128/><U12/><E4/><V69/><F5/><W59/><G130/><T8/><D8/><U75/><E75/><V22/><F112/><W78/><G111/><T16/><D16/><U104/><E68/><V90/><F69/><W88/><G78/><T74/><D74/><U113/><E113/><V91/><F34/><W110/><G110/><T46/><AGARI ba="0,1" hai="25,31,33,46,48,53,54,58,60,84,85,95,97,101" machi="46" ten="20,8000,1" yaku="1,1,0,1,7,1,52,1,53,1" doraHai="45" doraHaiUra="20" who="0" fromWho="0" sc="230,90,163,-40,347,-20,250,-20" /><INIT seed="2,0,0,0,2,40" ten="320,123,327,230" oya="2" hai0="45,75,119,50,34,26,6,99,100,3,33,68,48" hai1="72,4,108,82,64,104,123,44,61,98,81,22,71" hai2="65,30,110,23,96,124,31,7,63,106,129,46,19" hai3="66,16,55,132,73,101,10,21,8,85,92,51,14"/><V95/><F106/><W79/><G73/><T58/><D75/><U107/><E108/><V112/><F112/><W120/><G132/><T37/><D68/><U67/><E123/><V122/><F122/><W121/><G66/><T38/><D119/><U78/><E4/><V27/><F7/><W32/><G32/><T57/><D6/><U118/><E118/><V13/><F110/><W87/><G120/><T54/><D3/><U49/><E67/><V134/><F134/><W2/><G2/><T53/><D26/><U1/><E1/><V18/><F129/><W5/><G121/><T130/><D130/><U74/><E98/><V15/><F124/><W131/><G131/><T116/><D116/><U102/><E102/><V9/><F27/><W109/><G109/><T117/><D117/><U36/><E22/><V97/><F97/><N who="3" m="59559" /><G5/><T42/><REACH who="0" step="1"/><D37/><REACH who="0" ten="310,123,327,230" step="2"/><U89/><E36/><V111/><F111/><W25/><G25/><T91/><D91/><U28/><E28/><V114/><F114/><W11/><G79/><T0/><D0/><U86/><REACH who="1" step="1"/><E74/><REACH who="1" ten="310,113,327,230" step="2"/><V70/><F30/><W133/><G133/><T69/><D69/><U105/><E105/><AGARI ba="0,2" hai="33,34,38,42,45,48,50,53,54,57,58,99,100,105" machi="105" ten="30,7700,0" yaku="1,1,7,1,9,1,52,1,53,0" doraHai="40" doraHaiUra="77" who="0" fromWho="1" sc="310,97,113,-77,327,0,230,0" /><INIT seed="3,0,0,4,1,113" ten="407,36,327,230" oya="3" hai0="72,111,119,37,115,96,30,4,19,98,118,11,65" hai1="90,117,112,0,67,33,44,50,25,121,53,41,14" hai2="8,88,58,49,32,94,104,18,81,77,63,62,124" hai3="82,34,69,73,59,68,91,75,70,105,101,16,2"/><W116/><G2/><T3/><D72/><U29/><E112/><V95/><F32/><W21/><G34/><T15/><D115/><U83/><E121/><V5/><F104/><W52/><G116/><T128/><D37/><U99/><E0/><V10/><F95/><W56/><G56/><T125/><D65/><U131/><E131/><V6/><F18/><W60/><G101/><T92/><D128/><U31/><E67/><V39/><F39/><W122/><G105/><T38/><D38/><U46/><E31/><V126/><F49/><W93/><G82/><T107/><D111/><U132/><E132/><V79/><F81/><W85/><REACH who="3" step="1"/><G122/><REACH who="3" ten="407,36,327,220" step="2"/><T17/><D107/><U48/><E14/><V130/><F130/><W106/><G106/><T26/><D118/><U97/><REACH who="1" step="1"/><E117/><REACH who="1" ten="407,26,327,220" step="2"/><V20/><F58/><W61/><G61/><T7/><D15/><U80/><E80/><V78/><F63/><W13/><AGARI ba="0,2" hai="13,16,21,52,59,60,68,69,70,73,75,85,91,93" machi="13" ten="30,11700,0" yaku="1,1,0,1,54,2,53,0" doraHai="113" doraHaiUra="127" who="3" fromWho="3" sc="407,-39,26,-39,327,-39,220,137" owari="368,46.8,-13,-51.3,288,-11.2,357,15.7" /></mjloggm>