<mjloggm ver="2.3"><GO type="225" lobby="0"/><UN n0="%E6%B4%BE%E9%81%A3%E3%81%AE%E3%82%B8%E3%83%A3%E3%83%83%E3%82%AF" n1="%E3%83%96%E3%83%83%E3%83%91%E3%82%AA%E3%83%96%E3%83%81%E3%82%AD%E3%83%B3" n2="%E3%81%BF%E3%81%BF%E3%81%9A" n3="%E4%BF%BA%E3%81%A8%E5%A6%96%E5%A4%A2" dan="17,16,18,16" rate="2202.40,2190.42,2198.21,2097.97" sx="M,M,M,F"/><TAIKYOKU oya="0"/><INIT seed="0,0,0,0,5,105" ten="250,250,250,250" oya="0" hai0="26,86,0,121,111,120,129,40,133,124,52,63,116" hai1="10,41,67,119,135,87,131,113,54,89,123,28,88" hai2="30,34,61,7,46,73,14,75,79,60,127,110,56" hai3="33,94,29,108,101,82,1,31,4,92,106,38,69"/><T95/><D116/><U37/><E119/><V118/><F118/><W32/><G38/><T65/><D0/><U8/><E123/><V117/><F117/><W84/><G69/><T12/><D40/><U11/><E131/><V115/><F115/><W19/><G1/><T125/><D26/><U15/><E113/><V49/><F79/><W97/><G4/><T112/><D12/><U66/><E135/><V17/><F7/><W5/><G5/><T55/><D112/><U83/><E28/><V100/><F100/><W58/><G108/><T114/><D114/><U71/><E71/><V91/><F110/><W36/><G36/><T39/><D39/><U2/><E2/><V64/><F127/><N who="0" m="48714" /><D111/><U6/><E37/><V24/><F61/><W48/><G19/><T103/><D133/><U43/><E54/><N who="0" m="20521" /><D129/><U68/><E68/><V70/><F70/><W20/><G48/><T51/><D51/><U80/><E11/><V27/><F27/><W122/><G58/><N who="0" m="37111" /><D103/><U13/><E6/><V23/><REACH who="2" step="1"/><F91/><AGARI ba="0,0" hai="86,91,95,120,121" m="37111,20521,48714" machi="91" ten="30,2900,0" yaku="18,1,54,1" doraHai="105" who="0" fromWho="2" sc="250,29,250,0,250,-29,250,0" /><INIT seed="0,1,0,2,1,20" ten="279,250,221,250" oya="0" hai0="2,117,124,5,48,32,21,42,45,54,72,85,92" hai1="73,37,71,0,3,99,116,30,83,107,64,4,126" hai2="1,115,91,16,17,86,52,114,84,104,100,65,23" hai3="27,8,43,129,128,81,89,58,130,7,127,34,10"/><T120/><D117/><U53/><E116/><V131/><F1/><W35/><G43/><T15/><D32/><U94/><E37/><V123/><F123/><W28/><G58/><T74/><D120/><U132/><E107/><V125/><F65/><W46/><G46/><T101/><D124/><U95/><E126/><V56/><F125/><W82/><G127/><T102/><D2/><U19/><E132/><V68/><F68/><W111/><G111/><T134/><D134/><U78/><E30/><V121/><F121/><W103/><G103/><T93/><D42/><U33/><E33/><V98/><F131/><W60/><G60/><T76/><D72/><U135/><E135/><V96/><F96/><W31/><G89/><T18/><D5/><U62/><E4/><V75/><F17/><W109/><G109/><T57/><D45/><U11/><E53/><V44/><F75/><W88/><G7/><T106/><D106/><U66/><E66/><V13/><F44/><W113/><G113/><T110/><D110/><U105/><E105/><V77/><F77/><W36/><G36/><T97/><D74/><U12/><REACH who="1" step="1"/><E95/><REACH who="1" ten="279,240,221,250" step="2"/><V47/><F47/><W29/><G31/><T80/><D93/><U112/><E112/><V108/><F108/><W55/><G55/><T133/><D133/><U63/><E63/><V41/><F41/><W69/><G128/><T38/><D38/><U40/><E40/><V59/><F52/><W22/><G129/><T119/><D119/><U79/><E79/><V122/><F122/><W24/><G130/><T70/><D70/><U90/><AGARI ba="1,1" hai="0,3,11,12,19,62,64,71,73,78,83,90,94,99" machi="90" ten="20,8000,1" yaku="1,1,5,1,0,1,7,1,53,1" doraHai="20" doraHaiUra="14" who="1" fromWho="1" sc="279,-41,240,93,221,-21,250,-21" /><INIT seed="1,0,0,3,2,130" ten="238,333,200,229" oya="1" hai0="99,70,52,122,31,108,110,28,12,74,88,40,7" hai1="43,112,72,60,102,14,46,109,87,76,115,61,63" hai2="119,93,36,66,45,17,1,50,13,21,91,44,32" hai3="54,49,0,79,106,113,64,120,123,107,56,129,84"/><U104/><E72/><V135/><F119/><W134/><G113/><N who="1" m="43594" /><E87/><V9/><F66/><W132/><G0/><T4/><D74/><U20/><E102/><V126/><F126/><W125/><G129/><T33/><D122/><N who="3" m="46633" /><G84/><T67/><D70/><U39/><E20/><V23/><F32/><W29/><G29/><T53/><D33/><U16/><E16/><V65/><F65/><W57/><G79/><T62/><D12/><U77/><E14/><V97/><F135/><N who="3" m="51755" /><G125/><T85/><D85/><U11/><E77/><V86/><F1/><W90/><G90/><T103/><D88/><U42/><E76/><V83/><F36/><W92/><G92/><T101/><D67/><U116/><E104/><N who="3" m="39978" /><G64/><T58/><D101/><U6/><E39/><V47/><REACH who="2" step="1"/><F50/><REACH who="2" ten="238,333,190,229" step="2"/><W78/><G78/><AGARI ba="0,1" hai="9,13,17,21,23,44,45,47,78,83,86,91,93,97" machi="78" ten="40,8000,1" yaku="1,1,2,1,8,1,53,1" doraHai="130" doraHaiUra="73" who="2" fromWho="3" sc="238,0,333,0,190,90,229,-80" /><INIT seed="2,0,0,0,2,53" ten="238,333,280,149" oya="2" hai0="5,95,123,75,31,18,111,9,69,6,1,0,52" hai1="70,100,86,20,46,129,33,21,81,17,43,103,116" hai2="127,55,73,110,88,102,108,19,48,28,87,121,89" hai3="42,99,113,25,106,128,135,117,45,72,13,114,39"/><V44/><F121/><W105/><G117/><T80/><D69/><U109/><E33/><V23/><F73/><W96/><G72/><T119/><D123/><U118/><E70/><V77/><F127/><W94/><G128/><T122/><D122/><U10/><E109/><N who="2" m="42091" /><F28/><W22/><G13/><T67/><D31/><U40/><E129/><V84/><F102/><W56/><G135/><T12/><D67/><U26/><E103/><V34/><F34/><W36/><G36/><T35/><D35/><U58/><E100/><V92/><F77/><W120/><G120/><T57/><D111/><U107/><E118/><V133/><F133/><W97/><G94/><T90/><D119/><U29/><E107/><V101/><F101/><W71/><G71/><T50/><D1/><U93/><E93/><V51/><F51/><W74/><G74/><T130/><D130/><U24/><E116/><V82/><F19/><W76/><G76/><T98/><D0/><U16/><E46/><N who="2" m="28055" /><F23/><W14/><G14/><T61/><D50/><U125/><E125/><V3/><F3/><W83/><G106/><T115/><D115/><N who="3" m="44041" /><G105/><T41/><D41/><N who="1" m="15947" /><E10/><V65/><F65/><W79/><G79/><T27/><D75/><U47/><E29/><V30/><F30/><N who="3" m="17719" /><G83/><T66/><D80/><U60/><E47/><AGARI ba="0,0" hai="44,47,82,84,87,88,89,92" m="28055,42091" machi="47" ten="30,5800,0" yaku="14,1,10,1,54,1" doraHai="53" who="2" fromWho="1" sc="238,0,333,-58,280,58,149,0" /><INIT seed="2,1,0,2,4,105" ten="238,275,338,149" oya="2" hai0="51,47,125,42,72,123,80,110,117,73,119,79,75" hai1="86,97,60,24,122,84,87,131,118,35,38,98,15" hai2="28,1,61,32,93,8,52,124,58,27,20,25,16" hai3="19,6,88,113,132,50,68,0,4,34,120,10,100"/><V53/><F124/><W43/><G120/><T90/><D123/><U31/><E122/><V116/><F116/><N who="0" m="44618" /><D110/><U71/><E118/><V121/><F121/><W135/><G68/><T48/><D125/><U54/><E131/><V104/><F104/><W18/><G100/><T106/><D106/><U57/><E38/><V3/><F8/><N who="3" m="2055" /><G88/><T30/><D30/><U83/><E71/><V13/><F13/><N who="3" m="5335" /><G50/><N who="0" m="26999" /><D90/><U107/><E107/><V21/><F32/><W77/><G77/><T67/><D67/><U130/><E130/><V76/><F93/><W59/><G59/><T12/><D12/><U129/><E129/><V36/><F36/><W66/><G66/><T7/><D7/><U78/><REACH who="1" step="1"/><E15/><REACH who="1" ten="238,265,338,149" step="2"/><V109/><F109/><W85/><G113/><T112/><D112/><U95/><E95/><V74/><REACH who="2" step="1"/><F53/><REACH who="2" ten="238,265,328,149" step="2"/><W23/><G43/><T96/><D96/><AGARI ba="1,2" hai="24,31,35,54,57,60,78,83,84,86,87,96,97,98" machi="96" ten="40,1300,0" yaku="1,1,53,0" doraHai="105" doraHaiUra="40" who="1" fromWho="0" sc="238,-16,265,36,328,0,149,0" /><INIT seed="3,0,0,1,2,115" ten="222,301,328,149" oya="3" hai0="9,49,127,6,77,23,22,111,67,57,48,121,112" hai1="94,18,70,114,53,21,37,74,64,92,19,12,55" hai2="11,135,84,61,31,128,47,29,73,41,59,14,51" hai3="72,30,81,44,93,34,98,88,85,82,132,80,63"/><W54/><G132/><T15/><D121/><U69/><E114/><V87/><F73/><W134/><G134/><T33/><D112/><U27/><E74/><V68/><F68/><W32/><G72/><T122/><D33/><U46/><E70/><V99/><F128/><W105/><G30/><N who="2" m="11273" /><F99/><W58/><REACH who="3" step="1"/><G44/><REACH who="3" ten="222,301,328,139" step="2"/><T16/><D122/><U109/><E46/><V1/><F135/><W123/><G123/><T91/><D127/><U117/><E37/><V7/><F1/><W104/><G104/><T26/><D111/><U129/><E109/><V125/><F125/><W100/><AGARI ba="0,1" hai="32,34,54,58,63,80,81,82,85,88,93,98,100,105" machi="100" ten="30,6000,0" yaku="1,1,0,1,54,1,53,0" doraHai="115" doraHaiUra="133" who="3" fromWho="3" sc="222,-20,301,-20,328,-20,139,70" /><INIT seed="3,1,0,5,0,14" ten="202,281,308,209" oya="3" hai0="110,29,122,82,112,53,2,47,98,55,123,117,52" hai1="114,1,77,46,127,81,125,105,27,45,75,7,69" hai2="17,40,33,120,15,100,109,131,72,44,3,126,64" hai3="37,56,119,133,134,102,19,35,97,70,42,74,73"/><W11/><G119/><T51/><D117/><U103/><E114/><V128/><F3/><W124/><G70/><T28/><D2/><U59/><E69/><V39/><F109/><W36/><G35/><T50/><D110/><U21/><E59/><V65/><F126/><N who="1" m="48137" /><E105/><V94/><F120/><W121/><G121/><T116/><D116/><U66/><E66/><V8/><F33/><W83/><G56/><T9/><D112/><U4/><E103/><V95/><F72/><N who="3" m="27755" /><G83/><T135/><D135/><N who="3" m="51721" /><G42/><T101/><D82/><U63/><E63/><V23/><F8/><W20/><G11/><T61/><D61/><U89/><E89/><V79/><F79/><W13/><G124/><T49/><D47/><N who="1" m="17931" /><E1/><V30/><F30/><AGARI ba="1,0" hai="4,7,21,27,30,75,77,81" m="17931,48137" machi="30" ten="30,1000,0" yaku="18,1" doraHai="14" who="1" fromWho="2" sc="202,0,281,13,308,-13,209,0" /><INIT seed="4,0,0,3,4,57" ten="202,294,295,209" oya="0" hai0="69,24,6,118,109,82,113,18,114,117,112,104,50" hai1="108,16,130,132,31,134,17,8,129,30,14,37,27" hai2="116,122,111,81,91,52,33,53,85,102,21,35,19" hai3="66,9,83,25,47,39,79,28,128,106,49,101,1"/><T11/><D104/><U74/><E37/><V42/><F111/><W60/><G39/><T7/><D69/><U75/><E108/><V100/><F122/><W77/><G128/><N who="1" m="49258" /><E17/><V96/><F35/><W92/><G106/><T124/><D109/><U22/><E31/><V29/><F33/><W56/><G1/><T32/><D124/><U73/><AGARI ba="0,0" hai="8,14,16,22,27,30,73,74,75,132,134" m="49258" machi="73" ten="40,2700,0" yaku="19,1,54,1" doraHai="57" who="1" fromWho="1" sc="202,-13,294,27,295,-7,209,-7" owari="189,-31.1,321,42.1,288,8.8,202,-19.8" /></mjloggm>