<mjloggm ver="2.3"><GO type="225" lobby="0"/><UN n0="%E7%AC%B9%E9%A4%85" n1="%E3%82%BC%E3%83%AB%E3%83%80%E3%81%AE%E4%BC%9D%E8%AA%AC" n2="%E3%81%BF%E3%81%BF%E3%81%9A" n3="%E3%83%94%E3%83%B3%E3%82%B5%E3%83%AD%E5%BA%97%E5%93%A1" dan="18,17,17,17" rate="2204.01,2151.46,2189.37,2206.32" sx="M,M,M,M"/><TAIKYOKU oya="0"/><INIT seed="0,0,0,4,0,76" ten="250,250,250,250" oya="0" hai0="60,37,65,125,28,79,121,133,63,96,34,13,47" hai1="15,59,33,3,49,69,129,48,18,114,98,105,112" hai2="45,109,118,108,62,52,117,135,81,23,38,132,116" hai3="101,35,6,126,90,42,80,104,58,10,89,128,22"/><T119/><D119/><U87/><E69/><V92/><F92/><W106/><G35/><T68/><D121/><U20/><E3/><V40/><F23/><W84/><G128/><T91/><D133/><N who="2" m="51274" /><F81/><W36/><G126/><T21/><D125/><U53/><E129/><V107/><F107/><W94/><G101/><T14/><D34/><U26/><E49/><V95/><F95/><W61/><G22/><T64/><D79/><U100/><REACH who="1" step="1"/><E87/><REACH who="1" ten="250,240,250,250" step="2"/><V67/><F52/><W39/><G39/><T2/><D37/><U99/><E99/><V1/><F1/><W115/><G36/><T77/><D96/><U7/><E7/><V131/><F131/><W25/><G6/><T75/><D2/><U66/><E66/><V44/><F44/><W17/><G84/><T120/><D65/><U29/><AGARI ba="0,1" hai="15,18,20,26,29,33,48,53,59,98,100,105,112,114" machi="29" ten="30,2000,0" yaku="1,1,0,1,53,0" doraHai="76" doraHaiUra="88" who="1" fromWho="1" sc="250,-10,240,30,250,-5,250,-5" /><INIT seed="1,0,0,0,2,113" ten="240,270,245,245" oya="1" hai0="133,97,132,3,62,29,114,104,17,52,103,37,122" hai1="134,54,47,86,39,48,56,80,75,64,35,49,44" hai2="102,109,16,40,129,88,117,118,93,22,66,128,26" hai3="124,46,72,7,63,111,131,71,74,45,85,27,91"/><U76/><E134/><N who="0" m="51817" /><D114/><U9/><E35/><V95/><F109/><W127/><G111/><T78/><D122/><U58/><E39/><V68/><F40/><W24/><G7/><T126/><D126/><N who="3" m="48169" /><G131/><N who="2" m="50249" /><F102/><W82/><G71/><T84/><D37/><U1/><E75/><N who="3" m="28714" /><G63/><T69/><D3/><U10/><E1/><V65/><F95/><W70/><G70/><T77/><D29/><U98/><E98/><N who="2" m="57639" /><F68/><W106/><G106/><T0/><D0/><U67/><E67/><AGARI ba="0,0" hai="16,22,26,65,66,67,117,118" m="57639,50249" machi="67" ten="30,8000,1" yaku="19,1,52,2,54,2" doraHai="113" who="2" fromWho="1" sc="240,0,270,-80,245,80,245,0" /><INIT seed="2,0,0,4,0,57" ten="240,190,325,245" oya="2" hai0="112,87,44,79,20,81,119,68,25,120,104,56,94" hai1="31,39,34,47,67,132,51,48,0,72,60,5,13" hai2="103,35,33,101,98,22,128,70,49,99,106,38,71" hai3="123,2,92,97,105,1,110,14,52,43,17,64,4"/><V122/><F122/><W130/><G123/><T55/><D112/><U133/><E0/><V111/><F49/><N who="1" m="19017" /><E72/><V76/><F76/><W40/><G105/><T66/><D104/><U107/><E107/><V41/><F22/><W16/><G110/><T9/><D120/><U135/><E31/><V83/><F83/><W26/><G130/><T50/><D119/><U100/><E100/><V102/><F111/><W8/><G64/><T124/><D124/><U65/><E34/><V63/><F128/><W134/><G134/><N who="1" m="34306" /><U46/><DORA hai="54" /><E5/><V131/><F131/><W23/><G52/><N who="0" m="29767" /><D68/><N who="1" m="42023" /><E13/><V88/><F102/><W58/><G2/><T118/><D118/><U127/><E127/><V126/><F103/><W115/><G115/><T10/><D94/><U90/><E90/><V85/><F126/><W109/><G109/><T7/><D7/><U89/><E89/><V37/><F33/><W129/><G129/><T75/><D75/><U19/><E19/><V84/><F35/><W53/><G92/><T69/><D69/><U18/><E18/><V29/><F70/><W3/><G3/><T6/><D6/><U80/><E80/><V82/><F71/><W93/><G93/><T121/><D121/><U62/><E39/><V77/><F37/><W42/><G97/><T125/><D125/><U45/><E45/><V27/><F99/><W113/><G113/><T114/><D114/><U59/><AGARI ba="0,0" hai="46,47,59,62,67" m="42023,34306,19017" machi="59" ten="40,12000,2" yaku="20,1,34,2,52,3" doraHai="57,54" who="1" fromWho="1" sc="240,-30,190,120,325,-60,245,-30" /><INIT seed="3,0,0,2,1,5" ten="210,310,265,215" oya="3" hai0="2,39,83,101,14,10,17,37,52,133,98,29,7" hai1="28,131,40,88,73,116,34,55,24,95,135,19,134" hai2="53,108,118,56,77,47,120,111,64,99,89,122,105" hai3="104,60,132,68,20,15,97,129,94,44,42,107,125"/><W84/><G129/><T4/><D133/><N who="1" m="50699" /><E131/><V70/><F118/><W114/><G114/><T110/><D110/><N who="2" m="42026" /><F47/><W128/><G132/><T0/><D29/><U100/><E116/><V78/><F64/><W8/><G20/><T102/><D83/><U27/><E73/><V106/><F70/><W80/><G125/><T113/><D113/><U127/><E127/><V1/><F1/><W90/><G60/><T49/><D2/><U65/><E40/><V59/><F89/><W35/><G35/><T48/><D48/><U63/><E55/><V6/><F6/><W33/><G33/><T22/><D7/><U21/><E100/><V130/><F99/><W67/><G68/><T123/><D123/><N who="2" m="47146" /><F130/><W112/><G67/><T43/><D43/><U18/><E27/><V103/><F103/><W86/><G112/><T50/><D102/><U32/><E32/><V36/><F53/><W3/><G3/><T126/><D126/><U72/><E72/><V31/><F36/><W62/><G128/><T26/><D0/><U51/><E51/><V87/><F87/><W93/><G84/><T16/><D50/><U13/><E13/><V66/><F66/><W57/><G107/><N who="2" m="40969" /><F31/><W58/><G104/><N who="0" m="63543" /><D4/><U61/><E61/><V9/><F9/><W23/><G8/><T96/><D96/><N who="1" m="57447" /><E34/><V11/><F11/><W54/><G58/><AGARI ba="0,0" hai="18,19,21,24,28,58,63,65" m="57447,50699" machi="58" ten="30,2000,0" yaku="20,1,54,1" doraHai="5" who="1" fromWho="3" sc="210,0,310,20,265,0,215,-20" /><AGARI ba="0,0" hai="56,58,59,77,78" m="40969,47146,42026" machi="58" ten="40,8000,1" yaku="28,2,14,1,13,1" doraHai="5" who="2" fromWho="3" sc="210,0,330,0,265,80,195,-80" owari="210,-19.0,330,13.0,345,44.5,115,-38.5" /></mjloggm>