<mjloggm ver="2.3"><GO type="225" lobby="0"/><UN n0="%43%68%65" n1="%E3%83%94%E3%83%B3%E3%82%B5%E3%83%AD%E5%BA%97%E5%93%A1" n2="%E6%98%93%E5%88%A9%E8%96%A9%E4%BC%AF" n3="%4C%4F%4C%49%54%41" dan="16,16,17,16" rate="2177.08,2220.17,2207.32,2205.25" sx="M,M,F,F"/><TAIKYOKU oya="0"/><INIT seed="0,0,0,3,1,65" ten="250,250,250,250" oya="0" hai0="131,70,30,130,67,87,13,132,26,38,100,94,53" hai1="122,79,125,59,120,84,11,128,40,50,78,102,89" hai2="74,3,9,75,134,17,112,16,48,98,129,72,14" hai3="114,99,124,86,110,85,107,54,123,56,96,8,2"/><T95/><D38/><U133/><E128/><N who="0" m="49193" /><D132/><U25/><E133/><V116/><F129/><W58/><G114/><T76/><D53/><U61/><E125/><V64/><F134/><W42/><G110/><T90/><D76/><U121/><E102/><V80/><F116/><W83/><G42/><T39/><D39/><U32/><E11/><V118/><F118/><W82/><G8/><T101/><D13/><U71/><E32/><V12/><F3/><W22/><G54/><T36/><D36/><U49/><E25/><V126/><F126/><W41/><G41/><T108/><D95/><U1/><E1/><V6/><F48/><W34/><G107/><T29/><D29/><U73/><E73/><V68/><F112/><W117/><G117/><T119/><D108/><U7/><E7/><V43/><F43/><W19/><G124/><T23/><D119/><U60/><E50/><V47/><F47/><W21/><G2/><T37/><D37/><U81/><E61/><AGARI ba="0,0" hai="23,26,30,61,67,70,87,90,94,100,101" m="49193" machi="61" ten="30,2900,0" yaku="19,1,52,1" doraHai="65" who="0" fromWho="1" sc="250,29,250,-29,250,0,250,0" /><INIT seed="0,1,0,4,1,7" ten="279,221,250,250" oya="0" hai0="24,45,110,28,56,46,76,20,52,124,108,15,119" hai1="69,41,135,65,33,120,100,95,64,16,60,5,129" hai2="31,113,80,23,44,126,112,0,96,116,17,62,133" hai3="14,103,72,42,9,128,87,2,68,19,61,29,10"/><T97/><D119/><U121/><E33/><V74/><F116/><W49/><G72/><T27/><D124/><U39/><E129/><V3/><F133/><W55/><G128/><T81/><D27/><U78/><E135/><V34/><F96/><W122/><G122/><T47/><D97/><U130/><E130/><V109/><F62/><W54/><G103/><T75/><REACH who="0" step="1"/><D15/><REACH who="0" ten="269,221,250,250" step="2"/><U132/><E132/><V115/><F126/><W35/><G14/><T6/><D6/><U50/><E5/><V40/><F112/><W105/><G2/><T79/><D79/><U13/><E78/><V18/><F0/><W99/><G99/><T102/><D102/><U67/><E100/><V127/><F3/><W11/><G29/><T125/><D125/><U106/><E121/><V77/><F115/><W104/><G105/><T66/><D66/><U123/><E106/><V4/><F113/><W83/><G104/><T43/><D43/><U73/><E123/><V90/><F4/><W38/><G42/><T117/><D117/><U101/><E120/><V93/><F127/><W37/><G55/><T107/><D107/><U131/><E131/><V57/><F40/><W82/><G54/><T114/><D114/><U111/><E101/><V63/><F77/><W118/><G118/><T70/><D70/><U134/><E134/><V98/><F98/><W85/><G68/><T8/><D8/><U92/><E67/><V48/><F31/><W21/><G9/><T12/><D12/><U58/><E65/><V51/><F90/><W59/><G10/><T30/><D30/><U71/><E69/><RYUUKYOKU ba="1,1" sc="269,30,221,-10,250,-10,250,-10" hai0="20,24,28,45,46,47,52,56,75,76,81,108,110" /><INIT seed="0,2,1,4,4,31" ten="299,211,240,240" oya="0" hai0="36,123,28,65,86,100,90,42,46,134,125,115,131" hai1="63,25,102,126,73,12,20,118,51,66,21,84,8" hai2="10,89,103,22,1,2,43,95,45,14,59,50,119" hai3="16,56,122,47,105,19,69,127,85,109,54,116,82"/><T0/><D115/><U135/><E118/><V3/><F119/><W32/><G116/><T48/><D123/><U29/><E73/><V71/><F71/><W104/><G69/><T107/><D0/><U88/><E135/><V80/><F59/><W7/><G109/><T113/><D113/><U70/><E126/><V79/><F22/><W58/><G127/><T77/><D77/><U34/><E102/><V52/><F103/><W76/><G122/><T91/><D125/><U129/><E51/><V101/><F101/><W53/><G7/><T38/><D134/><U81/><REACH who="1" step="1"/><E129/><REACH who="1" ten="299,201,240,240" step="2"/><V92/><F43/><W62/><G47/><T60/><D131/><U30/><E30/><V37/><F37/><W4/><G4/><AGARI ba="2,2" hai="4,8,12,20,21,25,29,34,63,66,70,81,84,88" machi="4" ten="30,7700,0" yaku="1,1,7,1,52,1,54,1,53,0" doraHai="31" doraHaiUra="33" who="1" fromWho="3" sc="299,0,201,103,240,0,240,-83" /><INIT seed="1,0,0,2,3,59" ten="299,304,240,157" oya="1" hai0="34,124,57,94,68,7,55,9,132,128,54,53,70" hai1="61,4,122,114,93,82,22,72,74,65,24,49,111" hai2="12,5,27,11,69,25,66,20,97,101,95,88,44" hai3="103,6,1,107,76,58,106,18,135,48,50,87,108"/><U62/><E114/><V113/><F113/><W0/><G108/><T92/><D34/><U121/><E111/><V96/><F44/><W119/><G135/><T81/><D132/><U118/><E118/><V125/><F125/><W16/><G119/><T39/><D39/><U14/><E93/><V89/><F20/><W38/><G38/><T120/><D124/><U31/><E49/><V110/><F110/><W134/><G134/><T13/><D128/><U51/><E51/><V19/><F5/><W133/><G133/><T91/><D120/><U67/><E4/><V56/><F69/><W86/><G6/><T104/><D104/><U46/><E46/><V10/><F10/><W32/><G58/><T42/><D42/><U115/><E14/><V26/><F96/><W129/><G76/><T28/><D28/><U71/><E115/><V130/><F130/><W35/><REACH who="3" step="1"/><G103/><REACH who="3" ten="299,304,240,147" step="2"/><T15/><D57/><U52/><E122/><V21/><REACH who="2" step="1"/><F11/><REACH who="2" ten="299,304,230,147" step="2"/><W2/><G2/><T40/><D9/><U47/><E121/><V105/><F105/><W116/><G116/><T100/><D7/><U37/><E37/><V30/><F30/><W64/><G64/><T98/><D70/><U43/><E67/><V79/><F79/><W99/><G99/><N who="0" m="57759" /><D68/><U73/><E71/><V90/><F90/><W83/><G83/><T131/><D131/><AGARI ba="0,2" hai="0,1,16,18,32,35,48,50,86,87,106,107,129,131" machi="131" ten="25,12000,2" yaku="1,1,22,2,54,1,53,2" doraHai="59" doraHaiUra="80" who="3" fromWho="0" sc="299,-120,304,0,230,0,147,140" /><INIT seed="2,0,0,0,4,115" ten="179,304,230,287" oya="2" hai0="128,129,44,131,39,6,71,96,90,84,124,10,54" hai1="78,55,8,63,61,26,5,21,42,116,114,93,118" hai2="67,113,19,16,18,97,60,89,59,58,52,68,135" hai3="79,48,83,81,35,102,62,31,123,23,40,70,75"/><V66/><F113/><W1/><G123/><T51/><D71/><U99/><E114/><V13/><F135/><W0/><G35/><T41/><D124/><U106/><E106/><V14/><F68/><W91/><G102/><T32/><D32/><U64/><E42/><V11/><F14/><W49/><G31/><T101/><D84/><U111/><E111/><V69/><F69/><W36/><G23/><T103/><D90/><U109/><E78/><V25/><F25/><W108/><G108/><T33/><D33/><U98/><E109/><V133/><F133/><W46/><G91/><T4/><D96/><U20/><E55/><V29/><F29/><W95/><G95/><T122/><D122/><U125/><E125/><V56/><F56/><W53/><G83/><T92/><D92/><U85/><E85/><V22/><F22/><W119/><G119/><T134/><D134/><U24/><E93/><N who="2" m="56495" /><F67/><N who="3" m="41335" /><G48/><AGARI ba="0,0" hai="11,13,16,18,19,48,52,58,59,60,66" m="56495" machi="48" ten="30,5800,0" yaku="8,1,54,2" doraHai="115" who="2" fromWho="3" sc="179,0,304,0,230,58,287,-58" /><INIT seed="2,1,0,0,4,90" ten="179,304,288,229" oya="2" hai0="95,66,64,135,110,98,35,21,2,36,106,51,68" hai1="4,69,112,52,96,26,103,15,10,0,38,48,61" hai2="25,16,122,131,31,11,81,88,49,23,108,117,109" hai3="13,126,92,111,46,78,27,18,101,1,79,43,99"/><V41/><F117/><W86/><G1/><T20/><D36/><U89/><E112/><V59/><F122/><W5/><G111/><N who="2" m="42569" /><F131/><W124/><G5/><T32/><D2/><U9/><E38/><V87/><F59/><W34/><G27/><T29/><D110/><U45/><E89/><V8/><F31/><W14/><G34/><T63/><D135/><U37/><E37/><V65/><F65/><W127/><G86/><T17/><D66/><U133/><E133/><V50/><F50/><N who="3" m="26975" /><G13/><T119/><D119/><U30/><E61/><V3/><F3/><W22/><AGARI ba="1,0" hai="14,18,22,78,79,92,99,101,124,126,127" m="26975" machi="22" ten="30,2000,0" yaku="18,1,52,1" doraHai="90" who="3" fromWho="3" sc="179,-6,304,-6,288,-11,229,23" /><INIT seed="3,0,0,0,2,130" ten="173,298,277,252" oya="3" hai0="86,45,82,65,1,16,37,41,32,40,124,118,46" hai1="113,97,5,125,75,58,63,91,108,51,134,34,47" hai2="13,101,27,73,10,12,31,123,71,120,25,100,39" hai3="55,11,103,3,119,59,110,129,9,23,6,132,62"/><W92/><G119/><T21/><D124/><U30/><E134/><V0/><F71/><W84/><G129/><T14/><D118/><U68/><E113/><V94/><F73/><W48/><G110/><T131/><D131/><U83/><E68/><V33/><F39/><W28/><G132/><T76/><D32/><U81/><E5/><N who="2" m="1319" /><F94/><W102/><G9/><T20/><D1/><U35/><E125/><V24/><F101/><W36/><G36/><T44/><D65/><U8/><E8/><V80/><F80/><W93/><G28/><T52/><D37/><U17/><E17/><V2/><F100/><W72/><G72/><T57/><REACH who="0" step="1"/><D21/><REACH who="0" ten="163,298,277,252" step="2"/><U96/><E35/><V18/><F2/><W26/><G23/><T117/><D117/><U69/><E34/><V85/><F33/><W61/><G3/><T105/><D105/><U38/><E38/><V116/><F116/><W104/><G104/><T49/><AGARI ba="0,1" hai="14,16,20,40,41,44,45,46,49,52,57,76,82,86" machi="49" ten="30,8000,1" yaku="1,1,0,1,8,1,54,2,53,0" doraHai="130" doraHaiUra="126" who="0" fromWho="0" sc="163,90,298,-20,277,-20,252,-40" /><INIT seed="4,0,0,2,2,11" ten="253,278,257,212" oya="0" hai0="119,32,65,41,56,42,33,38,21,70,132,64,47" hai1="57,104,113,49,36,105,96,82,12,4,109,123,55" hai2="99,114,79,107,93,112,26,103,13,72,67,31,30" hai3="18,95,111,58,83,7,94,50,127,2,0,116,40"/><T85/><D119/><U45/><E109/><V48/><F67/><W44/><G111/><T129/><D70/><U15/><E123/><V78/><F48/><W59/><G116/><T86/><D129/><U130/><E130/><V74/><F30/><W39/><G127/><T73/><D73/><N who="2" m="28266" /><F13/><W35/><G35/><T106/><D106/><U133/><E133/><V20/><F93/><W100/><G83/><T125/><D132/><U27/><E82/><V128/><F128/><W121/><G121/><T80/><D125/><U29/><E113/><AGARI ba="0,0" hai="20,26,31,78,79,99,103,107,112,113,114" m="28266" machi="113" ten="30,1000,0" yaku="15,1" doraHai="11" who="2" fromWho="1" sc="253,0,278,-10,257,10,212,0" /><INIT seed="5,0,0,4,1,0" ten="253,268,267,212" oya="1" hai0="26,74,10,107,90,47,103,34,131,128,3,94,16" hai1="25,70,62,115,60,56,20,98,11,76,85,84,93" hai2="37,135,15,129,104,66,123,41,44,2,97,45,132" hai3="55,91,111,14,19,78,127,101,117,87,6,112,40"/><U17/><E115/><V54/><F2/><W105/><G111/><T72/><D103/><U119/><E119/><V77/><F77/><W49/><G112/><T58/><D107/><U31/><E70/><V36/><F104/><W116/><G127/><T12/><D47/><U28/><E62/><V22/><F97/><W48/><G78/><T61/><D3/><U35/><E11/><V100/><F100/><W92/><G40/><T27/><D74/><U133/><E133/><V52/><F66/><W89/><G89/><T134/><D72/><U126/><E126/><V13/><F22/><W65/><G65/><N who="0" m="39095" /><D34/><U63/><E63/><V82/><F82/><W95/><G105/><T67/><D67/><N who="1" m="39303" /><E35/><V4/><F123/><W130/><G130/><N who="0" m="49707" /><D134/><N who="2" m="51242" /><F129/><W110/><G110/><T102/><D102/><N who="1" m="60751" /><E85/><AGARI ba="0,0" hai="10,12,16,26,27,85,90,94" m="49707,39095" machi="85" ten="30,2000,0" yaku="19,1,54,1" doraHai="0" who="0" fromWho="1" sc="253,20,268,-20,267,0,212,0" /><INIT seed="6,0,0,5,3,34" ten="273,248,267,212" oya="2" hai0="120,67,33,110,50,87,52,100,135,4,15,85,37" hai1="7,124,46,18,75,89,1,74,116,92,13,23,102" hai2="31,47,78,71,76,25,72,64,106,98,94,8,129" hai3="42,43,104,11,61,26,48,32,65,99,77,109,36"/><V55/><F106/><W108/><G77/><T96/><D110/><U56/><E116/><V40/><F55/><W28/><G48/><T59/><D37/><U20/><E124/><V10/><F71/><W88/><G11/><N who="0" m="4583" /><D33/><U131/><E131/><V123/><F64/><W24/><G24/><T73/><D73/><U49/><E102/><V125/><F123/><W97/><G97/><T69/><D69/><U101/><E101/><V63/><F63/><W30/><G30/><T82/><D135/><U70/><E70/><V95/><F95/><W3/><G3/><T90/><D87/><N who="1" m="52287" /><E46/><V80/><F78/><W128/><G128/><T16/><D120/><U5/><E23/><V27/><F125/><W105/><G105/><T115/><D115/><U126/><E126/><V45/><F45/><W117/><G117/><T132/><D132/><U122/><E122/><V114/><F114/><W83/><G104/><T57/><D16/><N who="1" m="10255" /><E1/><V9/><F31/><W107/><G107/><T14/><D14/><U91/><E91/><V127/><F127/><W29/><G29/><T22/><D22/><U0/><E18/><V84/><F72/><N who="1" m="27689" /><E0/><V118/><F118/><W130/><G130/><T54/><D67/><U19/><E19/><V103/><REACH who="2" step="1"/><F129/><REACH who="2" ten="273,248,257,212" step="2"/><W39/><G109/><T21/><D54/><AGARI ba="0,1" hai="5,7,49,54,56" m="27689,10255,52287" machi="54" ten="30,2000,0" yaku="25,1,54,1" doraHai="34" who="1" fromWho="0" sc="273,-20,248,30,257,0,212,0" /><INIT seed="7,0,0,0,5,133" ten="253,278,257,212" oya="3" hai0="112,27,83,55,23,115,76,101,90,56,125,22,2" hai1="20,66,87,104,107,12,59,42,37,29,14,135,119" hai2="39,71,8,33,15,86,24,111,11,123,95,58,45" hai3="108,44,88,120,16,17,69,79,65,121,38,53,110"/><W34/><G34/><T72/><D125/><U4/><E135/><V48/><F71/><W91/><G79/><T102/><D2/><U30/><E87/><V40/><F111/><N who="3" m="42539" /><G65/><T62/><D90/><N who="3" m="34345" /><G69/><T127/><D127/><U6/><E66/><V116/><F86/><W18/><G53/><T67/><D55/><U92/><E92/><V84/><F84/><W36/><G44/><T77/><D77/><U100/><E59/><V99/><F58/><W94/><G94/><T103/><REACH who="0" step="1"/><D23/><REACH who="0" ten="243,278,257,212" step="2"/><U129/><E20/><V81/><F33/><W124/><G124/><T132/><D132/><U73/><E42/><V1/><F40/><W98/><G98/><T93/><D93/><U51/><E107/><V89/><F95/><W9/><G9/><T131/><D131/><U68/><E129/><V57/><F11/><W96/><G96/><T19/><AGARI ba="0,1" hai="19,22,27,56,62,67,72,76,83,101,102,103,112,115" machi="19" ten="30,2000,0" yaku="1,1,0,1,53,0" doraHai="133" doraHaiUra="82" who="0" fromWho="0" sc="243,30,278,-5,257,-5,212,-10" owari="273,37.3,273,7.3,252,-14.8,202,-29.8" /></mjloggm>