<mjloggm ver="2.3"><GO type="225" lobby="0"/><UN n0="%E8%B5%A4%E3%81%84%E8%9B%99%31%31" n1="%54%4F%52" n2="%33%74%72%65%65" n3="%E6%A1%9C%E8%8A%B1%E9%96%83%E3%80%85" dan="16,16,17,16" rate="2073.36,2147.24,2221.93,2169.81" sx="M,M,F,M"/><TAIKYOKU oya="0"/><INIT seed="0,0,0,3,0,63" ten="250,250,250,250" oya="0" hai0="30,75,46,42,106,7,94,135,101,111,117,12,28" hai1="98,90,132,125,1,52,127,16,44,83,19,112,25" hai2="65,6,123,47,62,110,57,71,131,107,77,21,91" hai3="121,59,103,96,67,119,120,68,31,29,129,115,8"/><T108/><D117/><U104/><E1/><V116/><F123/><N who="3" m="47179" /><G119/><T24/><D135/><U60/><E132/><V133/><F116/><W72/><G115/><T10/><D75/><U34/><E112/><V55/><F133/><W122/><N who="3" m="47187" /><W5/><DORA hai="14" /><G68/><T95/><D106/><U89/><E83/><V102/><F110/><N who="0" m="42026" /><D101/><N who="1" m="62519" /><E89/><V87/><F91/><W17/><G72/><T33/><D30/><N who="1" m="19791" /><E90/><V124/><F102/><W66/><G59/><T69/><D69/><U92/><E92/><V73/><F71/><W118/><G118/><T26/><D26/><U128/><E128/><V80/><F107/><N who="3" m="63975" /><G129/><T45/><D45/><U41/><E60/><V61/><F62/><W114/><G17/><T53/><D53/><U9/><E9/><V54/><F55/><W58/><G58/><T38/><AGARI ba="0,0" hai="7,10,12,24,28,33,38,42,46,94,95" m="42026" machi="38" ten="30,3000,0" yaku="14,1,10,1" doraHai="63,14" who="0" fromWho="0" sc="250,30,250,-10,250,-10,250,-10" /><INIT seed="0,1,0,2,3,18" ten="280,240,240,240" oya="0" hai0="48,53,45,59,114,54,25,98,57,56,65,91,69" hai1="34,88,37,101,124,74,134,93,121,24,122,64,120" hai2="1,42,84,22,116,117,107,3,9,12,110,127,43" hai3="73,44,95,108,111,58,96,15,87,113,29,115,28"/><T67/><D114/><U61/><E37/><V4/><F107/><W8/><G73/><T50/><D25/><U123/><N who="1" m="30720" /><DORA hai="125" /><U49/><E124/><V52/><F127/><W16/><G87/><T41/><D91/><U2/><E2/><V130/><F110/><N who="3" m="42027" /><G58/><N who="0" m="22635" /><D98/><U92/><E74/><V94/><F52/><N who="0" m="20074" /><D69/><N who="1" m="42127" /><E134/><V97/><F97/><W11/><G44/><N who="0" m="25615" /><D59/><U135/><E49/><V63/><F3/><W80/><G80/><T79/><D79/><U126/><E126/><V128/><F1/><W27/><G8/><T70/><D70/><U13/><E135/><V100/><F100/><N who="3" m="60447" /><G29/><T66/><D66/><U78/><E78/><V89/><F89/><W83/><G83/><T51/><D51/><U133/><E133/><V90/><F90/><W38/><G38/><T21/><D21/><AGARI ba="1,0" hai="11,15,16,21,27,28,113,115" m="60447,42027" machi="21" ten="30,3900,0" yaku="14,1,52,1,54,1" doraHai="18,125" who="3" fromWho="0" sc="280,-42,240,0,240,0,240,42" /><INIT seed="1,0,0,3,5,128" ten="238,240,240,282" oya="1" hai0="112,91,126,41,53,129,88,24,75,103,57,32,127" hai1="17,114,14,78,49,56,135,13,58,63,107,117,11" hai2="19,65,119,48,4,95,121,105,132,130,45,6,62" hai3="8,109,120,38,7,83,60,44,81,97,46,125,16"/><U9/><E114/><V30/><F105/><W85/><G120/><T25/><D112/><U87/><E117/><V27/><F121/><W12/><G109/><T80/><D103/><U74/><E107/><V100/><F119/><W67/><G125/><N who="0" m="47627" /><D41/><U116/><E116/><V3/><F19/><W29/><G29/><N who="0" m="19495" /><D25/><U70/><E74/><V64/><F130/><W115/><G115/><T42/><D42/><U90/><E78/><V110/><F110/><W50/><G38/><T92/><D129/><U124/><E124/><V104/><F104/><W131/><G97/><T69/><D69/><U72/><E72/><V77/><F27/><W54/><G131/><T52/><D57/><U61/><E135/><V33/><F100/><W23/><G46/><T59/><D59/><U15/><E49/><V133/><F48/><W106/><G106/><T113/><D113/><U26/><E70/><V31/><F45/><W99/><G99/><N who="0" m="57735" /><D91/><U18/><E26/><V66/><F33/><W5/><G5/><T34/><D34/><U123/><E123/><V122/><F4/><W43/><G43/><T28/><D28/><N who="2" m="10794" /><F122/><W10/><G7/><T40/><D40/><U84/><E15/><V37/><F37/><W73/><G73/><T76/><AGARI ba="0,0" hai="52,53,75,76,80" m="57735,19495,47627" machi="76" ten="30,4000,0" yaku="18,1,54,2" doraHai="128" who="0" fromWho="0" sc="238,40,240,-20,240,-10,282,-10" /><INIT seed="2,0,0,0,0,6" ten="278,220,230,272" oya="2" hai0="89,79,114,14,135,10,112,74,58,97,83,96,78" hai1="28,34,100,84,69,92,64,86,67,82,90,133,30" hai2="76,16,56,119,66,62,131,44,25,117,68,87,105" hai3="3,60,29,126,113,36,115,93,50,75,0,81,122"/><V127/><F127/><W95/><G36/><T65/><D135/><U8/><E133/><V21/><F131/><W31/><G122/><T52/><D65/><N who="1" m="25163" /><E69/><V98/><F68/><W130/><G60/><T46/><D46/><U22/><E34/><V48/><F76/><W27/><G50/><T33/><D33/><U7/><E100/><V121/><F121/><W15/><G15/><T43/><D43/><U80/><E92/><N who="3" m="35402" /><G126/><T12/><D12/><N who="1" m="5151" /><E22/><V77/><F105/><W63/><G130/><T2/><D2/><U59/><E59/><V41/><REACH who="2" step="1"/><F98/><REACH who="2" ten="278,220,220,272" step="2"/><W38/><G115/><T104/><D96/><U134/><E134/><V123/><F123/><W51/><G113/><T45/><D114/><U107/><E107/><V47/><F47/><W71/><G71/><T37/><D112/><U57/><E57/><V106/><F106/><W128/><G128/><T5/><D45/><U110/><E110/><V19/><F19/><W70/><G70/><T132/><D132/><U9/><E9/><V23/><F23/><W103/><G31/><T13/><D104/><U94/><E84/><V4/><F4/><W85/><G85/><T32/><D32/><U42/><E42/><V125/><F125/><W109/><G109/><T35/><D35/><U20/><E20/><V116/><F116/><W54/><G29/><AGARI ba="0,1" hai="28,29,30,80,82,86,90,94" m="5151,25163" machi="29" ten="30,2000,0" yaku="8,1,52,1" doraHai="6" who="1" fromWho="3" sc="278,0,220,30,220,0,272,-20" /><INIT seed="3,0,0,1,4,103" ten="278,250,220,252" oya="3" hai0="45,114,83,54,66,48,87,81,133,49,51,50,8" hai1="99,36,122,63,97,107,113,130,95,88,31,17,5" hai2="125,19,100,59,75,43,106,57,115,118,9,109,131" hai3="69,61,134,4,68,13,21,132,20,52,101,108,72"/><W79/><G101/><T84/><D133/><N who="3" m="51305" /><G108/><T62/><D114/><U56/><E113/><V33/><F115/><W119/><G119/><T85/><REACH who="0" step="1"/><D8/><REACH who="0" ten="268,250,220,252" step="2"/><U25/><E122/><V55/><F118/><W93/><G69/><AGARI ba="0,1" hai="45,48,49,50,51,54,62,66,69,81,83,84,85,87" machi="69" ten="40,2600,0" yaku="1,1,2,1,53,0" doraHai="103" doraHaiUra="71" who="0" fromWho="3" sc="268,36,250,0,220,0,252,-26" owari="304,40.4,250,5.0,220,-28.0,226,-17.4" /></mjloggm>