<mjloggm ver="2.3"><GO type="225" lobby="0"/><UN n0="%E7%B4%94%E6%BD%94%E3%83%94%E3%83%A9%E3%83%8B%E3%82%A2" n1="%E3%83%81%E3%83%83%E3%82%BF%E3%82%BD%E3%83%BC" n2="%E3%81%8B%E3%82%8F%E3%81%A1%E3%82%83%E3%82%93%35%38" n3="%33%74%72%65%65" dan="17,16,16,16" rate="2186.81,2193.56,2160.08,2064.20" sx="M,F,M,F"/><TAIKYOKU oya="0"/><INIT seed="0,0,0,3,5,45" ten="250,250,250,250" oya="0" hai0="98,57,114,77,134,79,55,120,4,21,35,103,94" hai1="30,16,115,12,34,0,50,23,80,71,121,111,92" hai2="46,127,128,82,67,60,64,15,68,76,58,8,131" hai3="84,70,53,48,61,81,62,43,112,19,27,32,20"/><T88/><D114/><U28/><E71/><V14/><F127/><W91/><G112/><T106/><D120/><U63/><E115/><V33/><F33/><W18/><G70/><T125/><D35/><U25/><E121/><V59/><F46/><N who="3" m="25695" /><G32/><T73/><D125/><U135/><E135/><V78/><F68/><W24/><G53/><T75/><D134/><U66/><E111/><V6/><F14/><W3/><G3/><T72/><D4/><U86/><E0/><V74/><REACH who="2" step="1"/><F78/><REACH who="2" ten="250,250,240,250" step="2"/><W17/><G27/><T85/><REACH who="0" step="1"/><D21/><REACH who="0" ten="240,250,240,250" step="2"/><U113/><E113/><V56/><F56/><W44/><G44/><T104/><D104/><U38/><E34/><V51/><F51/><AGARI ba="0,2" hai="51,55,57,72,73,75,77,79,85,88,94,98,103,106" machi="51" ten="40,12000,1" yaku="1,1,52,1,54,1,53,1" doraHai="45" doraHaiUra="97" who="0" fromWho="2" sc="240,140,250,0,240,-120,250,0" /><INIT seed="0,1,0,4,4,124" ten="380,250,120,250" oya="0" hai0="58,20,133,111,69,33,90,91,123,89,48,74,97" hai1="46,55,80,62,106,59,117,112,8,131,81,50,13" hai2="116,73,119,39,9,67,72,77,113,26,21,63,49" hai3="42,28,2,4,130,105,5,96,37,115,100,35,19"/><T85/><D33/><U12/><E131/><V76/><F39/><W110/><G115/><T121/><D69/><U102/><E112/><V31/><F113/><W32/><G19/><T98/><D74/><U56/><E117/><V95/><F49/><W30/><G110/><T127/><D127/><U1/><E1/><V45/><F45/><N who="3" m="23759" /><G5/><T38/><D38/><U25/><E56/><V29/><F9/><N who="3" m="2199" /><G28/><T70/><D70/><U60/><E62/><V101/><F95/><W64/><G64/><T3/><D3/><U57/><E57/><V65/><F101/><W104/><G104/><T47/><D58/><U40/><E25/><V0/><F0/><W68/><G68/><T61/><D61/><U54/><E54/><V36/><F36/><W10/><G10/><T128/><D111/><U122/><E13/><V94/><F94/><W41/><G41/><T135/><D20/><U52/><E55/><V82/><F63/><W125/><G125/><T44/><D89/><U7/><REACH who="1" step="1"/><E122/><REACH who="1" ten="380,240,120,250" step="2"/><V129/><F26/><N who="3" m="18519" /><G35/><T118/><D118/><U92/><E92/><V132/><F21/><W107/><G107/><T11/><D11/><U88/><E88/><V23/><F23/><W18/><G130/><T24/><D128/><U6/><E6/><V17/><F129/><W87/><G105/><T99/><D24/><U83/><E83/><V134/><REACH who="2" step="1"/><F82/><REACH who="2" ten="380,240,110,250" step="2"/><W66/><G100/><T109/><D109/><U108/><E108/><V93/><F93/><W114/><G114/><T75/><D121/><U16/><E16/><AGARI ba="1,2" hai="16,17,29,31,65,67,72,73,76,77,116,119,132,134" machi="16" ten="25,6400,0" yaku="1,1,22,2,54,1,53,0" doraHai="124" doraHaiUra="86" who="2" fromWho="1" sc="380,0,240,-67,110,87,250,0" /><INIT seed="1,0,0,0,2,33" ten="380,173,197,250" oya="1" hai0="121,99,35,130,111,56,23,42,85,34,114,76,119" hai1="61,18,57,129,73,60,68,4,93,92,87,135,13" hai2="86,115,41,128,131,1,70,120,82,26,84,66,134" hai3="89,94,0,112,101,97,48,96,63,95,30,72,59"/><U31/><E129/><V106/><F1/><W117/><G112/><T53/><D76/><U113/><E113/><V116/><F115/><W81/><G117/><T52/><D42/><U126/><E126/><V8/><F116/><W77/><G30/><T22/><D85/><U43/><E135/><V80/><F41/><W45/><G0/><T7/><D7/><U12/><E73/><V79/><F120/><W124/><G124/><T83/><D83/><U15/><E68/><V17/><F106/><W109/><G109/><T100/><D56/><U14/><E4/><V3/><F134/><W10/><G10/><T102/><D111/><U5/><E5/><V78/><F26/><W133/><G133/><T67/><D114/><U75/><E75/><V71/><F66/><W108/><G108/><T105/><D67/><U69/><E69/><V122/><F122/><W127/><G127/><T40/><D40/><U2/><E2/><V104/><F104/><W29/><G29/><T64/><D105/><U118/><E118/><V32/><F32/><W74/><G74/><T54/><D35/><U20/><E43/><V19/><F3/><W123/><G123/><T90/><D34/><U21/><E87/><V44/><F8/><W65/><G45/><AGARI ba="0,0" hai="17,19,44,45,70,71,78,79,80,82,84,86,128,131" machi="45" ten="25,1600,0" yaku="22,2" doraHai="33" who="2" fromWho="3" sc="380,0,173,0,197,16,250,-16" /><INIT seed="2,0,0,5,2,27" ten="380,173,213,234" oya="2" hai0="80,45,100,19,108,70,86,93,114,12,102,21,18" hai1="4,1,46,125,23,89,42,98,5,92,57,22,88" hai2="7,66,76,68,85,135,96,25,17,48,69,115,58" hai3="30,32,74,29,118,73,26,14,81,87,105,39,113"/><V38/><F38/><W117/><G105/><T56/><D70/><U60/><E125/><V121/><F115/><W65/><G39/><T31/><D114/><U55/><E89/><V52/><F121/><W112/><G65/><T128/><D108/><U110/><E110/><V107/><F135/><W15/><G26/><T116/><D128/><U37/><REACH who="1" step="1"/><E1/><REACH who="1" ten="380,163,213,234" step="2"/><V127/><F127/><W72/><G113/><T35/><D116/><U97/><E97/><V67/><F96/><W94/><G112/><T61/><D100/><U20/><AGARI ba="0,1" hai="4,5,20,22,23,37,42,46,55,57,60,88,92,98" machi="20" ten="30,4000,0" yaku="1,1,0,1,54,1,53,0" doraHai="27" doraHaiUra="13" who="1" fromWho="1" sc="380,-10,163,50,213,-20,234,-10" /><INIT seed="3,0,0,5,2,47" ten="370,213,193,224" oya="3" hai0="22,1,126,50,94,35,55,76,44,73,87,90,104" hai1="103,43,83,98,38,67,14,129,15,75,77,119,4" hai2="54,39,112,131,92,6,28,69,135,18,118,51,40" hai3="99,57,100,66,26,115,25,121,2,106,78,123,71"/><W5/><G115/><T127/><D35/><U111/><E111/><V56/><F112/><W27/><G71/><T80/><D1/><U79/><E129/><V91/><F118/><W48/><G78/><T33/><D33/><U74/><E119/><V72/><F131/><W8/><REACH who="3" step="1"/><G66/><REACH who="3" ten="370,213,193,214" step="2"/><T41/><D126/><U30/><E77/><V45/><F135/><W65/><G65/><T12/><D127/><U122/><E67/><V88/><F72/><W101/><G101/><T58/><D104/><U114/><E114/><V85/><F69/><W97/><G97/><T102/><D102/><U134/><E74/><V109/><F109/><W64/><G64/><T19/><D73/><U21/><E98/><V120/><F120/><W81/><G81/><T3/><D3/><U89/><E103/><V133/><F133/><W53/><AGARI ba="0,1" hai="2,5,8,25,26,27,48,53,57,99,100,106,121,123" machi="53" ten="30,6000,0" yaku="1,1,0,1,52,1,53,0" doraHai="47" doraHaiUra="36" who="3" fromWho="3" sc="370,-20,213,-20,193,-20,214,70" /><INIT seed="3,1,0,1,4,11" ten="350,193,173,284" oya="3" hai0="23,75,8,26,33,15,108,60,6,50,99,92,84" hai1="134,122,103,24,94,104,71,114,135,47,17,43,113" hai2="25,63,55,79,93,38,109,62,81,53,129,88,111" hai3="107,49,64,46,36,48,74,13,120,78,125,2,30"/><W72/><G2/><T96/><D75/><U16/><E122/><V31/><F38/><W34/><G120/><T102/><D33/><U126/><E104/><V19/><F19/><W83/><G125/><T52/><D108/><N who="2" m="41546" /><F129/><W54/><G107/><T118/><D118/><U86/><E71/><V59/><F63/><W41/><G64/><T95/><D84/><U101/><E126/><V22/><F59/><W0/><G0/><T35/><D35/><U119/><E119/><V90/><F62/><W69/><G69/><T123/><D123/><U44/><E94/><N who="0" m="35881" /><D102/><U4/><E4/><V20/><F20/><W85/><G36/><T1/><D1/><U131/><E86/><N who="2" m="52375" /><F90/><W32/><G32/><T28/><D60/><U21/><E131/><V66/><F66/><W5/><G30/><T73/><D73/><AGARI ba="1,0" hai="22,25,31,53,55,73,79,81" m="52375,41546" machi="73" ten="30,2000,0" yaku="14,1,54,1" doraHai="11" who="2" fromWho="0" sc="350,-23,193,0,173,23,284,0" owari="327,42.7,193,-30.7,196,-20.4,284,8.4" /></mjloggm>