<mjloggm ver="2.3"><GO type="225" lobby="0"/><UN n0="%E6%81%A5%E6%99%92%E3%81%97" n1="%6C%65%74%69%74%62%65" n2="%E4%BF%BA%E3%81%A8%E5%A6%96%E5%A4%A2" n3="%E3%83%81%E3%83%83%E3%82%BF%E3%82%BD%E3%83%BC" dan="17,16,16,16" rate="2195.41,2096.46,2239.36,2109.29" sx="M,M,F,F"/><TAIKYOKU oya="0"/><INIT seed="0,0,0,0,4,89" ten="250,250,250,250" oya="0" hai0="85,52,65,27,109,36,14,23,110,13,15,100,102" hai1="126,68,59,39,38,16,49,10,99,87,0,93,29" hai2="24,7,42,84,25,55,92,67,31,132,129,63,90" hai3="3,12,17,133,66,33,107,71,20,35,9,130,53"/><T5/><D36/><U95/><E68/><V131/><F132/><W79/><G107/><T111/><D65/><U117/><E117/><V103/><F42/><W61/><G130/><N who="2" m="49673" /><F55/><W70/><G133/><T127/><D127/><U46/><E0/><V18/><F18/><W22/><G70/><T37/><D37/><U101/><E126/><V98/><F7/><W115/><G115/><T54/><D5/><U88/><E29/><V123/><F31/><W118/><G118/><T125/><D85/><U122/><E122/><V81/><F123/><W56/><G79/><T74/><D74/><U57/><E38/><V19/><F19/><W6/><REACH who="3" step="1"/><G20/><REACH who="3" ten="250,250,250,240" step="2"/><T40/><D125/><U43/><E39/><V105/><F105/><W32/><G32/><T134/><D134/><U120/><E120/><V78/><F78/><W75/><G75/><T119/><D119/><U76/><E76/><V64/><F64/><W51/><AGARI ba="0,1" hai="3,6,9,12,17,22,33,35,51,53,56,61,66,71" machi="51" ten="20,5200,0" yaku="1,1,0,1,7,1,53,1" doraHai="89" doraHaiUra="2" who="3" fromWho="3" sc="250,-26,250,-13,250,-13,240,62" /><INIT seed="1,0,0,1,4,96" ten="224,237,237,302" oya="1" hai0="87,45,111,62,94,97,109,91,78,52,72,54,107" hai1="9,98,50,40,93,24,90,22,89,10,110,80,68" hai2="118,73,124,12,33,60,25,32,28,57,53,23,36" hai3="27,55,100,81,71,17,41,65,14,85,113,95,1"/><U83/><E68/><V130/><F118/><W88/><G113/><T2/><D2/><U108/><E40/><V6/><F73/><W92/><G1/><T112/><D112/><U127/><E127/><V37/><F124/><W119/><G119/><T75/><D62/><U106/><E106/><V8/><REACH who="2" step="1"/><F130/><REACH who="2" ten="224,237,227,302" step="2"/><W46/><G71/><T34/><D72/><U42/><E108/><N who="0" m="41545" /><D34/><AGARI ba="0,1" hai="6,8,12,23,25,28,32,33,34,36,37,53,57,60" machi="34" ten="40,1300,0" yaku="1,1,53,0" doraHai="96" doraHaiUra="121" who="2" fromWho="0" sc="224,-13,237,0,227,23,302,0" /><INIT seed="2,0,0,3,0,11" ten="211,237,250,302" oya="2" hai0="77,2,41,52,9,74,57,109,48,21,39,28,53" hai1="19,61,93,79,116,100,43,127,38,82,27,133,102" hai2="107,123,51,125,126,69,104,122,132,17,42,84,92" hai3="64,72,75,103,6,31,85,50,49,70,24,58,129"/><V105/><F69/><W115/><G103/><T134/><D109/><U55/><E116/><V124/><F42/><W131/><G115/><T35/><D35/><U89/><E133/><V15/><F51/><W117/><G117/><T26/><D134/><U81/><E127/><V120/><F132/><W4/><G70/><T33/><D39/><U99/><E43/><V65/><F65/><W97/><G97/><T135/><D135/><U23/><E38/><V91/><F17/><W95/><G75/><T1/><D41/><U68/><E81/><V108/><F15/><W80/><G95/><T7/><D77/><U34/><E34/><V46/><F46/><W60/><G72/><T94/><D74/><U90/><E90/><V20/><F20/><N who="3" m="15751" /><G129/><T37/><D37/><U118/><E118/><V29/><F29/><W10/><G131/><T96/><D53/><U45/><E45/><V5/><F5/><N who="3" m="2155" /><G10/><T128/><D128/><U54/><E68/><V71/><F71/><W98/><G98/><T119/><D119/><U62/><E100/><V18/><F18/><W67/><G64/><T30/><D33/><U78/><E102/><V56/><F56/><W112/><G112/><T40/><D40/><U66/><E66/><V63/><F63/><N who="1" m="24073" /><E82/><V25/><F25/><W130/><G130/><T47/><D30/><U12/><E27/><V22/><F22/><W106/><G106/><T32/><D32/><U83/><E83/><V114/><F114/><W101/><G101/><N who="0" m="60567" /><D1/><U44/><E44/><V13/><F13/><W87/><G80/><T88/><D47/><U3/><E3/><RYUUKYOKU ba="0,0" sc="211,0,237,0,250,0,302,0" hai0="2,7,9,21,26,28,48,52,57,88" hai1="12,19,23,54,55,78,79,89,93,99" hai2="84,91,92,104,105,107,108,120,122,123,124,125,126" hai3="49,50,58,60,67,85,87" /><INIT seed="2,1,0,0,2,28" ten="211,237,250,302" oya="2" hai0="81,127,20,72,80,68,83,102,114,108,62,134,41" hai1="66,39,50,45,89,93,110,11,4,27,79,132,16" hai2="30,100,120,14,104,37,124,78,122,34,65,6,99" hai3="29,48,84,12,54,64,86,8,129,87,56,63,31"/><V19/><F37/><W25/><G25/><T2/><D114/><U92/><E39/><V105/><F105/><W46/><REACH who="3" step="1"/><G129/><REACH who="3" ten="211,237,250,292" step="2"/><T43/><D127/><U112/><E27/><V118/><F124/><W32/><G32/><T119/><D72/><U115/><E112/><V21/><F34/><W123/><G123/><T103/><D119/><U61/><E115/><V101/><F118/><W67/><G67/><T17/><D103/><U23/><E66/><V59/><F100/><W82/><G82/><T107/><D102/><U10/><E110/><V47/><F65/><W113/><G113/><T76/><D83/><U38/><E132/><V75/><F75/><W111/><G111/><T97/><D81/><U88/><E92/><V109/><F109/><W52/><G52/><T58/><D134/><U24/><E93/><V13/><F101/><W33/><G33/><T53/><D108/><U1/><E24/><V77/><F104/><W116/><G116/><T121/><D121/><U7/><E89/><V73/><F122/><W3/><G3/><T126/><D2/><U26/><E88/><V117/><F120/><W0/><G0/><T42/><D126/><U85/><E1/><V128/><F117/><W98/><G98/><T69/><D97/><U131/><E131/><V15/><F99/><W90/><G90/><T95/><D95/><U96/><E96/><V91/><F91/><W9/><G9/><T60/><D107/><U133/><E133/><V125/><F128/><W44/><G44/><T18/><D80/><U22/><E45/><V74/><F47/><W135/><G135/><RYUUKYOKU ba="1,1" sc="211,-10,237,-10,250,-10,292,30" hai3="8,12,29,31,46,48,54,56,63,64,84,86,87" /><INIT seed="3,2,1,0,2,66" ten="201,227,240,322" oya="3" hai0="4,36,100,70,39,91,110,134,81,103,116,61,63" hai1="122,69,128,50,24,79,12,133,13,37,126,115,40" hai2="38,87,35,73,57,119,83,42,59,15,123,88,55" hai3="32,45,27,48,9,8,113,117,97,51,33,96,62"/><W21/><G113/><T29/><D116/><U131/><E115/><V14/><F119/><W78/><G117/><T19/><D4/><U135/><E122/><V53/><F35/><W18/><G78/><T95/><D134/><N who="1" m="51211" /><E126/><V25/><F123/><W94/><G32/><T124/><D124/><U130/><E37/><V43/><F25/><W46/><G33/><T132/><D132/><U82/><E24/><V89/><F73/><W16/><G62/><N who="0" m="23563" /><D36/><U49/><E69/><V76/><F38/><W6/><G6/><T10/><D39/><U77/><E77/><V106/><F106/><W2/><G2/><T28/><D110/><U90/><E90/><V41/><F76/><W64/><G64/><T52/><D70/><U86/><E49/><N who="3" m="19018" /><G97/><N who="0" m="57599" /><D81/><U121/><E121/><V92/><F57/><W112/><G112/><T44/><D52/><N who="2" m="20042" /><F59/><W93/><G93/><T98/><D44/><AGARI ba="2,1" hai="12,13,40,44,50,79,82,86,128,130,131" m="51211" machi="44" ten="40,2600,0" yaku="19,1,20,1" doraHai="66" who="1" fromWho="0" sc="201,-32,227,42,240,0,322,0" owari="169,-33.1,269,6.9,240,-16.0,322,42.2" /></mjloggm>