<mjloggm ver="2.3"><GO type="225" lobby="0"/><UN n0="%E3%81%BF%E3%81%BF%E3%81%9A" n1="%33%74%72%65%65" n2="%E6%81%A5%E6%99%92%E3%81%97" n3="%E6%98%93%E5%88%A9%E8%96%A9%E4%BC%AF" dan="17,16,17,17" rate="2181.14,2186.11,2189.82,2173.08" sx="M,F,M,F"/><TAIKYOKU oya="0"/><INIT seed="0,0,0,4,4,84" ten="250,250,250,250" oya="0" hai0="12,75,38,85,61,65,51,114,126,4,22,56,112" hai1="88,71,66,134,110,120,21,74,30,16,91,62,28" hai2="63,102,24,39,94,17,89,68,9,7,106,125,33" hai3="92,87,37,128,2,45,15,78,131,124,81,77,73"/><T79/><D126/><U95/><E120/><V107/><F39/><W20/><G2/><T117/><D38/><U122/><E122/><V121/><F121/><W54/><G124/><T69/><D75/><U26/><E110/><V86/><F125/><W25/><G15/><T48/><D117/><U76/><E134/><V135/><F135/><W1/><G1/><T108/><D108/><U18/><E30/><V130/><F130/><W57/><G92/><T23/><D114/><U27/><E18/><V127/><F127/><W99/><G99/><T11/><D69/><U47/><E47/><V104/><F63/><W14/><G14/><T64/><D64/><U133/><E133/><V119/><F68/><W41/><G73/><T59/><D112/><U80/><E95/><V90/><F119/><W82/><G82/><N who="0" m="47327" /><D59/><U40/><E40/><V96/><F9/><W31/><REACH who="3" step="1"/><G78/><REACH who="3" ten="250,250,250,240" step="2"/><T111/><D111/><U97/><REACH who="1" step="1"/><E97/><REACH who="1" ten="250,240,250,240" step="2"/><V109/><F109/><W6/><G6/><T50/><AGARI ba="0,2" hai="4,11,12,22,23,48,50,51,56,61,65" m="47327" machi="50" ten="30,1500,0" yaku="8,1" doraHai="84" who="0" fromWho="0" sc="250,35,240,-5,250,-5,240,-5" /><INIT seed="0,1,0,1,0,129" ten="285,235,245,235" oya="0" hai0="122,32,18,92,109,35,89,56,104,12,112,74,48" hai1="16,14,33,2,39,72,40,102,30,133,0,87,64" hai2="70,84,110,103,24,121,8,86,59,114,41,46,93" hai3="95,49,111,105,106,128,127,78,134,63,90,25,10"/><T118/><D112/><U113/><E72/><V22/><F114/><W67/><G128/><T19/><D118/><U66/><E113/><V34/><F121/><W82/><G111/><T101/><D122/><U77/><E102/><V98/><F70/><W135/><G49/><T5/><D74/><U125/><E125/><V99/><F34/><W88/><G127/><T100/><D109/><U17/><E33/><V81/><F110/><W115/><G25/><T75/><D75/><U71/><E30/><V57/><F8/><W126/><G115/><T83/><D83/><U85/><E71/><V130/><F130/><W61/><G126/><T80/><D80/><U119/><E40/><V54/><F98/><W131/><G131/><T62/><D48/><U15/><E77/><N who="2" m="46127" /><F86/><N who="3" m="48471" /><G10/><N who="0" m="4175" /><D104/><U36/><REACH who="1" step="1"/><E133/><REACH who="1" ten="285,225,245,235" step="2"/><N who="3" m="50698" /><G90/><T120/><D32/><U26/><E26/><V108/><F24/><W21/><G21/><T76/><D35/><U116/><AGARI ba="1,1" hai="0,2,14,15,16,17,36,39,64,66,85,87,116,119" machi="116" ten="25,8000,1" yaku="1,1,0,1,22,2,54,1,53,0" doraHai="129" doraHaiUra="50" who="1" fromWho="1" sc="285,-41,225,93,245,-21,235,-21" /><INIT seed="1,0,0,3,0,75" ten="244,318,224,214" oya="1" hai0="94,86,120,0,52,79,100,53,31,15,46,97,101" hai1="128,130,85,33,93,114,17,66,63,96,89,70,4" hai2="58,1,131,116,124,36,19,132,18,51,43,55,21" hai3="57,24,25,22,2,41,6,20,83,113,39,45,126"/><U88/><E114/><V61/><F116/><W62/><G113/><T112/><D0/><U134/><E134/><V121/><F1/><W47/><G126/><T7/><D112/><U44/><E33/><V9/><F121/><W109/><G109/><T104/><D120/><U87/><E4/><V65/><F124/><W77/><G45/><T12/><D31/><U122/><E122/><V103/><F132/><W26/><G6/><T54/><D7/><U13/><E44/><V119/><F119/><W35/><G35/><T49/><D101/><U84/><REACH who="1" step="1"/><E89/><REACH who="1" ten="244,308,224,214" step="2"/><V106/><F131/><W125/><G125/><T73/><D46/><U16/><E16/><V11/><F18/><W71/><G2/><T107/><D49/><U37/><E37/><V5/><F5/><W67/><REACH who="3" step="1"/><G57/><REACH who="3" ten="244,308,224,204" step="2"/><T27/><D100/><U69/><E69/><V28/><F58/><W133/><G133/><T90/><D90/><U30/><E30/><V59/><F103/><W50/><G50/><T72/><D107/><U99/><E99/><V102/><F106/><W3/><G3/><T14/><D104/><U81/><E81/><V42/><F102/><W23/><G23/><AGARI ba="0,2" hai="13,17,23,63,66,70,84,85,87,88,93,96,128,130" machi="23" ten="40,7700,0" yaku="1,1,54,1,53,1" doraHai="75" doraHaiUra="95" who="1" fromWho="3" sc="244,0,308,97,224,0,204,-77" /><INIT seed="1,1,0,2,3,54" ten="244,405,224,127" oya="1" hai0="57,31,33,8,125,96,18,74,135,2,88,12,5" hai1="100,92,44,121,37,107,83,52,56,17,114,134,59" hai2="26,32,110,22,89,131,4,30,82,46,109,42,1" hai3="72,11,93,64,39,123,24,63,124,49,69,16,23"/><U34/><E121/><V70/><F70/><W77/><G123/><T43/><D74/><U87/><E114/><V65/><F131/><W48/><G39/><T118/><D118/><U90/><E107/><V101/><F101/><W84/><G124/><T105/><D125/><U104/><E104/><V40/><F65/><W28/><G72/><T85/><D135/><U97/><E34/><V116/><F116/><W20/><G11/><T68/><D68/><U47/><E134/><V120/><F120/><W79/><G77/><T45/><D31/><U25/><E37/><V0/><F42/><W75/><G75/><T86/><D33/><U130/><E130/><V132/><F132/><W127/><G127/><T29/><D29/><U117/><E117/><V73/><F22/><W55/><G55/><T91/><D57/><N who="1" m="22091" /><E52/><V122/><F122/><W7/><G7/><T81/><D105/><U50/><E50/><N who="2" m="26951" /><F4/><W38/><G38/><T41/><D5/><U103/><E103/><V15/><F73/><W19/><G49/><T78/><D2/><U76/><E100/><V6/><F0/><W113/><G48/><T3/><D3/><U61/><E61/><V119/><F1/><W133/><G113/><T115/><D115/><U106/><E106/><V71/><F119/><W98/><G133/><T27/><D45/><U14/><E25/><V53/><F53/><W62/><G62/><T80/><D27/><U108/><E108/><V35/><F35/><W94/><G24/><T129/><D129/><U51/><E51/><V95/><F26/><W99/><G69/><T128/><D128/><RYUUKYOKU ba="1,0" sc="244,15,405,15,224,-15,127,-15" hai0="8,12,18,41,43,78,80,81,85,86,88,91,96" hai1="14,17,44,47,76,83,87,90,92,97" /><INIT seed="1,2,0,2,5,46" ten="259,420,209,112" oya="1" hai0="109,53,48,105,110,135,61,82,51,113,31,99,43" hai1="72,81,5,24,35,94,86,34,14,26,116,128,131" hai2="66,75,70,28,25,1,54,84,50,68,60,18,76" hai3="3,87,41,67,93,115,58,15,129,100,40,102,30"/><U119/><E94/><V7/><F75/><W71/><G3/><T38/><D113/><U23/><E72/><V62/><F18/><W92/><G71/><T59/><D135/><U77/><E5/><V37/><F37/><W63/><G129/><N who="1" m="49738" /><E14/><V52/><F7/><W64/><G115/><T69/><D31/><N who="1" m="19815" /><E35/><V39/><F39/><W11/><G30/><AGARI ba="2,0" hai="23,26,30,77,81,86,116,119" m="19815,49738" machi="30" ten="30,1500,0" yaku="19,1" doraHai="46" who="1" fromWho="3" sc="259,0,420,21,209,0,112,-21" /><INIT seed="1,3,0,0,4,28" ten="259,441,209,91" oya="1" hai0="4,2,100,80,119,1,78,86,20,94,91,21,26" hai1="106,5,70,103,85,41,104,61,46,40,25,111,112" hai2="48,47,14,98,130,18,71,113,110,16,115,131,69" hai3="49,59,7,128,102,9,109,116,95,43,65,129,23"/><U127/><E112/><N who="2" m="43083" /><F98/><W24/><G109/><T12/><D119/><U60/><E127/><V105/><F105/><W81/><G116/><T88/><D100/><U108/><E103/><V118/><F118/><W58/><G81/><T33/><D91/><U17/><E85/><V55/><F110/><N who="1" m="42025" /><E5/><V67/><F18/><W135/><G135/><T114/><D114/><U120/><E120/><V82/><F82/><W92/><G128/><N who="2" m="49193" /><F67/><W84/><G129/><T68/><D68/><U123/><E70/><V96/><F96/><W34/><G102/><T36/><D36/><U6/><E104/><V50/><F48/><W79/><G65/><T97/><D20/><AGARI ba="3,0" hai="14,16,20,47,50,55,69,71" m="49193,43083" machi="20" ten="30,3900,0" yaku="11,1,19,1,54,1" doraHai="28" who="2" fromWho="0" sc="259,-48,441,0,209,48,91,0" /><INIT seed="2,0,0,2,3,47" ten="211,441,257,91" oya="2" hai0="16,134,1,120,76,103,12,55,127,105,70,132,34" hai1="100,68,62,123,109,2,20,54,118,19,21,128,78" hai2="95,90,53,101,124,84,29,41,33,86,69,45,71" hai3="23,117,92,106,15,116,67,121,135,93,88,98,104"/><V26/><F124/><W59/><G121/><T119/><D120/><U114/><E123/><V3/><F3/><W49/><G135/><N who="0" m="51755" /><D1/><U30/><E2/><V4/><F4/><W7/><G117/><T130/><D70/><U38/><E38/><V17/><F101/><W35/><G35/><T83/><D34/><U56/><E68/><V102/><F53/><W43/><G116/><T48/><D127/><U74/><E114/><V64/><F102/><W24/><G67/><T122/><D122/><U111/><E118/><V25/><F64/><W115/><G115/><T6/><D6/><U107/><E107/><V89/><F17/><W46/><G59/><N who="0" m="33255" /><D130/><U110/><E128/><V50/><F25/><W77/><G77/><T72/><D119/><U65/><E65/><V37/><F37/><W60/><G60/><T82/><D83/><AGARI ba="0,0" hai="26,29,33,41,45,50,69,71,83,84,86,89,90,95" machi="83" ten="30,2900,0" yaku="7,1,52,1" doraHai="47" who="2" fromWho="0" sc="211,-29,441,0,257,29,91,0" /><INIT seed="2,1,0,5,3,109" ten="182,441,286,91" oya="2" hai0="135,13,16,47,22,104,20,117,70,131,132,72,64" hai1="101,134,86,40,43,83,102,39,36,67,130,0,30" hai2="53,59,50,81,80,110,29,7,9,58,23,46,6" hai3="107,105,125,52,128,8,94,1,14,71,111,76,65"/><V2/><F7/><W87/><G1/><T84/><D72/><U88/><E130/><V78/><F110/><W18/><G111/><T24/><D104/><U51/><E134/><N who="0" m="51241" /><D131/><U31/><E0/><V27/><REACH who="2" step="1"/><F81/><REACH who="2" ten="182,441,276,91" step="2"/><W93/><G128/><T48/><D117/><U100/><E67/><V96/><F96/><W5/><G5/><T3/><D3/><U97/><E97/><V35/><F35/><W89/><G125/><T54/><D84/><AGARI ba="1,1" hai="2,6,9,23,27,29,46,50,53,58,59,78,80,84" machi="84" ten="30,5800,0" yaku="1,1,7,1,53,1" doraHai="109" doraHaiUra="32" who="2" fromWho="0" sc="182,-61,441,0,276,71,91,0" /><INIT seed="2,2,0,5,0,81" ten="121,441,347,91" oya="2" hai0="114,62,43,115,64,5,1,58,2,68,71,39,16" hai1="75,106,33,60,28,15,30,59,63,107,54,84,13" hai2="80,122,101,21,61,128,88,78,22,109,112,79,116" hai3="110,66,29,95,91,46,73,26,124,131,12,32,48"/><V118/><F112/><W98/><G110/><T92/><D92/><U135/><E135/><V100/><F109/><W37/><G131/><T126/><D16/><U6/><E75/><V127/><F128/><W55/><G124/><T11/><D2/><U123/><E123/><V96/><F61/><W67/><G37/><T4/><D4/><U56/><E6/><V99/><F80/><W44/><G73/><T65/><D126/><U82/><E33/><V121/><REACH who="2" step="1"/><F88/><REACH who="2" ten="121,441,337,91" step="2"/><W102/><G46/><N who="0" m="23935" /><D115/><U35/><E63/><V108/><F108/><W70/><G70/><T94/><D114/><U42/><E60/><V74/><F74/><W130/><G130/><T133/><D58/><U38/><E59/><V31/><F31/><W50/><G91/><T25/><D71/><U51/><E56/><V77/><F77/><W117/><G117/><T119/><D119/><U132/><E30/><V9/><F9/><W93/><G29/><T24/><D65/><U53/><E82/><V134/><F134/><W90/><G66/><T129/><D133/><U0/><E28/><V125/><AGARI ba="2,1" hai="21,22,78,79,96,99,100,101,116,118,121,122,125,127" machi="125" ten="25,9600,0" yaku="1,1,0,1,22,2,53,0" doraHai="81" doraHaiUra="20" who="2" fromWho="2" sc="121,-34,441,-34,337,112,91,-34" /><INIT seed="2,3,0,1,1,59" ten="87,407,449,57" oya="2" hai0="13,31,117,126,108,50,109,82,72,89,26,97,123" hai1="115,71,64,20,4,100,91,134,92,65,19,127,62" hai2="118,43,79,8,68,110,129,28,3,7,120,49,23" hai3="47,75,102,83,114,81,135,121,21,113,116,103,93"/><V73/><F120/><W67/><G121/><T29/><D123/><U112/><E134/><V56/><F118/><W45/><G21/><T61/><D117/><U107/><E127/><V11/><F8/><W99/><G116/><T15/><D126/><U27/><E4/><V10/><F56/><W48/><G135/><T5/><D61/><U84/><REACH who="1" step="1"/><E65/><REACH who="1" ten="87,397,449,57" step="2"/><V55/><F7/><W41/><G67/><T111/><D5/><U69/><E69/><V25/><F68/><W32/><G113/><T70/><D70/><U78/><E78/><V33/><F79/><W37/><G114/><T133/><D133/><U130/><E130/><V94/><F129/><W87/><G75/><T1/><D109/><U30/><E30/><V35/><F73/><W122/><G122/><T46/><D31/><U119/><E119/><V39/><F110/><W131/><G131/><T22/><D111/><U125/><E125/><V0/><F28/><W34/><G103/><T44/><D108/><U77/><E77/><V104/><F0/><W105/><G105/><T63/><D1/><U24/><E24/><V101/><F104/><W95/><G34/><T106/><D26/><U124/><E124/><V128/><F128/><W51/><G32/><T38/><D29/><U96/><AGARI ba="3,1" hai="19,20,27,62,64,71,84,91,92,96,100,107,112,115" machi="96" ten="30,4000,0" yaku="1,1,0,1,52,1,53,0" doraHai="59" doraHaiUra="54" who="1" fromWho="1" sc="87,-13,397,59,449,-23,57,-13" /><INIT seed="3,0,0,0,2,62" ten="74,456,426,44" oya="3" hai0="61,121,0,109,32,110,92,33,84,45,63,101,79" hai1="90,56,132,116,16,6,67,17,83,7,26,66,20" hai2="27,5,129,114,37,28,29,111,4,131,89,38,78" hai3="96,46,55,119,94,88,81,123,91,8,57,93,117"/><W59/><G123/><T54/><D121/><U48/><E132/><V35/><F78/><W68/><G68/><T60/><D0/><U15/><E116/><V97/><F114/><W95/><G119/><T44/><D101/><U135/><E135/><V40/><F111/><N who="0" m="42506" /><D54/><N who="1" m="31815" /><E83/><V107/><F89/><W120/><G117/><T18/><D18/><U102/><E102/><N who="2" m="62927" /><F5/><N who="1" m="1545" /><E90/><N who="3" m="34346" /><G120/><T14/><D92/><U65/><E65/><V9/><F29/><W10/><G81/><N who="0" m="47167" /><D14/><U99/><E99/><V50/><F50/><N who="3" m="29143" /><G96/><T23/><D23/><AGARI ba="0,0" hai="15,16,17,20,23,26,66,67" m="1545,31815" machi="23" ten="30,7700,0" yaku="8,1,52,2,54,1" doraHai="62" who="1" fromWho="0" sc="74,-77,456,77,426,0,44,0" owari="-3,-50.3,533,63.3,426,22.6,44,-35.6" /></mjloggm>