<mjloggm ver="2.3"><GO type="225" lobby="0"/><UN n0="%E6%A3%AE%E5%B1%B1%E7%94%B0%E7%9B%B4%E5%A4%AA%E6%9C%97%E4%B9%8B%E4%BB%8B" n1="%E4%BF%BA%E3%81%A8%E5%A6%96%E5%A4%A2" n2="%E3%83%81%E3%83%A7%E3%83%99%E3%83%83%E3%82%AF" n3="%E5%B0%8F%E9%B3%A5%E9%81%8A%E7%B7%B4%E7%84%A1%32%31%E6%AD%B3" dan="16,16,16,16" rate="2161.15,2113.96,2101.89,2200.09" sx="M,F,M,F"/><TAIKYOKU oya="0"/><INIT seed="0,0,0,4,1,65" ten="250,250,250,250" oya="0" hai0="116,79,88,50,100,35,33,115,112,12,135,48,25" hai1="103,20,127,9,51,24,11,56,90,113,53,3,0" hai2="129,40,74,131,110,77,37,4,97,31,19,32,132" hai3="126,73,69,29,18,71,121,108,8,117,114,30,42"/><T63/><D116/><U98/><E127/><V94/><F4/><W99/><G126/><T78/><D12/><U55/><E113/><V122/><F122/><W83/><G114/><T123/><D100/><U1/><E90/><V72/><F77/><W2/><G117/><T23/><D63/><U80/><E80/><V118/><F110/><W43/><G99/><T106/><D23/><U13/><E53/><V85/><F85/><W76/><G108/><T92/><D92/><U28/><REACH who="1" step="1"/><E13/><REACH who="1" ten="250,240,250,250" step="2"/><V16/><F118/><W130/><G121/><T45/><D123/><U36/><E36/><V26/><F131/><W95/><G130/><T125/><D125/><U15/><E15/><V84/><F129/><W21/><G43/><T27/><D135/><U41/><E41/><V39/><F132/><W34/><G42/><T96/><D88/><U47/><E47/><V89/><F37/><W68/><G95/><AGARI ba="0,1" hai="0,1,3,9,11,20,24,28,51,55,56,95,98,103" machi="95" ten="40,5200,0" yaku="1,1,53,2" doraHai="65" doraHaiUra="5" who="1" fromWho="3" sc="250,0,240,62,250,0,250,-52" /><INIT seed="1,0,0,2,1,49" ten="250,302,250,198" oya="1" hai0="5,42,117,92,32,79,63,69,3,64,13,129,52" hai1="120,30,20,77,74,71,40,97,36,21,118,2,31" hai2="81,50,83,17,104,82,75,132,135,47,86,56,94" hai3="57,0,16,54,85,58,106,68,115,43,109,93,39"/><U55/><E118/><V126/><F104/><W87/><G106/><T1/><D117/><U72/><E71/><V61/><F126/><W70/><G0/><T8/><D32/><U60/><E2/><V10/><F94/><W38/><G115/><T62/><D129/><U124/><E97/><V111/><F75/><W84/><G93/><T35/><D42/><U19/><E77/><V11/><F111/><W114/><G109/><T103/><D79/><U34/><E34/><V22/><F135/><W99/><G99/><T45/><D35/><U37/><E40/><N who="2" m="24935" /><F86/><W18/><G43/><T105/><D105/><U66/><E66/><N who="2" m="39207" /><F132/><W90/><G90/><T7/><D7/><U128/><E60/><V107/><F107/><W15/><G114/><T100/><D45/><U33/><E33/><V4/><F4/><W113/><G113/><T121/><D121/><U88/><E88/><V27/><AGARI ba="0,0" hai="10,11,17,22,27,81,82,83" m="39207,24935" machi="27" ten="30,1100,0" yaku="8,1" doraHai="49" who="2" fromWho="2" sc="250,-3,302,-5,250,11,198,-3" /><INIT seed="2,0,0,5,5,24" ten="247,297,261,195" oya="2" hai0="77,16,127,31,118,120,42,38,131,46,47,116,122" hai1="72,57,17,60,21,113,71,25,130,102,63,65,74" hai2="119,22,111,67,104,29,62,20,64,126,7,5,90" hai3="110,19,55,0,10,114,96,97,49,53,40,98,123"/><V86/><F104/><W95/><G123/><N who="0" m="47147" /><D77/><U125/><E113/><V78/><F119/><N who="0" m="45610" /><D16/><U11/><E130/><V107/><F107/><W99/><G110/><T35/><D47/><U3/><E125/><V51/><F126/><W85/><G114/><T70/><D127/><U83/><E102/><V101/><F101/><W124/><G124/><T6/><D6/><N who="2" m="2058" /><F78/><W79/><G0/><T4/><D4/><U75/><E11/><V15/><F62/><W106/><G106/><T9/><D9/><U45/><E45/><V27/><F51/><W76/><G40/><T2/><D2/><U41/><E41/><V129/><F111/><W12/><G53/><T92/><D92/><U66/><REACH who="1" step="1"/><E3/><REACH who="1" ten="247,287,261,195" step="2"/><V52/><F129/><W132/><G132/><T128/><D70/><U134/><E134/><V44/><F22/><W115/><G115/><T135/><D135/><U61/><E61/><V81/><F44/><W23/><G10/><T93/><D131/><U56/><E56/><V1/><F1/><W80/><N who="3" m="24576" /><DORA hai="14" /><W103/><G103/><T112/><D128/><U108/><E108/><V50/><F20/><W59/><REACH who="3" step="1"/><G76/><AGARI ba="0,1" hai="17,21,25,57,60,63,65,66,71,72,74,75,76,83" machi="76" ten="40,5200,0" yaku="1,1,52,1,53,1" doraHai="24,14" doraHaiUra="69,73" who="1" fromWho="3" sc="247,0,287,62,261,0,195,-52" /><INIT seed="3,0,0,4,0,19" ten="247,349,261,143" oya="3" hai0="50,105,62,24,16,95,110,133,7,101,126,58,89" hai1="119,122,21,3,32,14,125,99,130,11,64,118,12" hai2="75,107,113,53,28,0,56,54,123,36,1,104,111" hai3="57,2,115,114,73,63,9,67,120,117,40,98,20"/><W5/><G117/><N who="1" m="44554" /><E64/><V25/><F113/><W27/><G120/><T85/><D133/><U109/><E32/><V124/><F75/><W103/><G73/><T52/><D126/><U83/><E122/><V49/><F36/><W79/><G40/><T39/><D110/><U15/><E109/><V112/><F112/><W8/><G79/><T37/><D7/><U41/><E125/><V55/><F124/><W61/><G8/><T86/><D86/><U128/><E41/><V4/><F111/><W68/><G63/><T30/><D50/><U84/><E99/><V88/><F0/><W51/><G51/><T18/><D37/><U96/><E96/><V78/><F1/><W29/><REACH who="3" step="1"/><G68/><REACH who="3" ten="247,349,261,133" step="2"/><T42/><D39/><U69/><E69/><V92/><F78/><W31/><G31/><T132/><D42/><U127/><E127/><V87/><F123/><W72/><G72/><T97/><REACH who="0" step="1"/><D132/><REACH who="0" ten="237,349,261,133" step="2"/><U17/><E130/><V116/><F116/><W60/><G60/><T121/><D121/><U77/><E128/><V94/><F49/><W34/><G34/><AGARI ba="0,2" hai="16,18,24,30,34,52,58,62,85,89,95,97,101,105" machi="34" ten="30,8000,1" yaku="1,1,7,1,54,2,53,1" doraHai="19" doraHaiUra="93" who="0" fromWho="3" sc="237,100,349,0,261,0,133,-80" owari="337,13.7,349,44.9,261,-13.9,53,-44.7" /></mjloggm>