<mjloggm ver="2.3"><GO type="225" lobby="0"/><UN n0="%EF%BC%AE%EF%BC%A1%EF%BC%AF%33%33%39" n1="%E5%91%A8%E6%9D%B1" n2="%E3%83%96%E3%83%83%E3%83%91%E3%82%AA%E3%83%96%E3%83%81%E3%82%AD%E3%83%B3" n3="%E3%83%8F%E3%83%B3%E3%83%89%E3%83%A9%E3%83%BC%E3%83%BB%E3%83%AF%E3%83%B3" dan="16,16,16,18" rate="2190.19,2162.55,2189.22,2276.27" sx="M,M,M,M"/><TAIKYOKU oya="0"/><INIT seed="0,0,0,0,4,12" ten="250,250,250,250" oya="0" hai0="46,134,21,79,28,109,74,41,64,31,23,24,124" hai1="121,2,7,44,29,122,108,11,87,113,86,73,40" hai2="58,90,102,125,63,111,59,129,99,95,47,36,96" hai3="119,76,3,35,57,101,103,22,128,107,4,68,118"/><T37/><D64/><U13/><E108/><V88/><F111/><W123/><G35/><T91/><D109/><U69/><E113/><V49/><F125/><W52/><G68/><T16/><D124/><U110/><E110/><V70/><F129/><W61/><G128/><T48/><D134/><U112/><E112/><V5/><F36/><W62/><G123/><T82/><D91/><U114/><E114/><V25/><F5/><W78/><G4/><T45/><REACH who="0" step="1"/><D23/><REACH who="0" ten="240,250,250,250" step="2"/><U117/><E122/><V55/><F90/><W56/><G22/><T60/><D60/><U66/><E121/><V80/><F70/><W84/><G61/><T54/><AGARI ba="0,1" hai="16,21,24,28,31,37,41,45,46,48,54,74,79,82" machi="54" ten="20,12000,1" yaku="1,1,0,1,7,1,52,1,54,1,53,0" doraHai="12" doraHaiUra="30" who="0" fromWho="0" sc="240,130,250,-40,250,-40,250,-40" /><INIT seed="0,1,0,1,4,107" ten="370,210,210,210" oya="0" hai0="120,128,117,71,91,77,114,109,31,59,88,29,6" hai1="105,55,37,52,36,76,108,33,115,60,127,7,13" hai2="97,57,111,46,49,53,56,24,92,30,28,61,121" hai3="83,48,10,94,50,69,4,2,102,66,72,18,95"/><T42/><D71/><U40/><E33/><V81/><F121/><W16/><G66/><T65/><D120/><U25/><E105/><V78/><F111/><W58/><G69/><T63/><D114/><U70/><E25/><V130/><F130/><W129/><G129/><T47/><D117/><U12/><E108/><V84/><F24/><W113/><G113/><T51/><D128/><U118/><E118/><V19/><F19/><W131/><G131/><T11/><D109/><U0/><E0/><V67/><REACH who="2" step="1"/><F46/><REACH who="2" ten="370,210,200,210" step="2"/><W126/><G16/><T62/><D31/><U122/><E122/><V39/><F39/><W101/><G18/><T64/><D29/><U96/><E37/><V79/><F79/><W74/><G126/><T104/><D77/><U27/><E76/><V89/><AGARI ba="1,1" hai="28,30,49,53,56,57,61,67,78,81,84,89,92,97" machi="89" ten="20,5200,0" yaku="1,1,0,1,7,1,8,1,53,0" doraHai="107" doraHaiUra="112" who="2" fromWho="2" sc="370,-27,210,-14,200,65,210,-14" /><INIT seed="1,0,0,0,1,49" ten="343,196,265,196" oya="1" hai0="0,60,82,95,93,15,10,39,131,96,66,84,74" hai1="3,134,99,50,62,94,9,120,21,4,117,111,5" hai2="7,65,25,44,109,90,64,112,123,126,91,42,59" hai3="70,35,38,24,72,47,105,115,122,8,51,71,53"/><U55/><E120/><V34/><F123/><W54/><G122/><T129/><D39/><U75/><E117/><V77/><F109/><W16/><G115/><T92/><D0/><U68/><E75/><V103/><F112/><W108/><G105/><T119/><D74/><U56/><E111/><V83/><F126/><W20/><G108/><T37/><D37/><U61/><E134/><V127/><F127/><W89/><G38/><T133/><D119/><U101/><E68/><V135/><F103/><W106/><G106/><T29/><D29/><U88/><E5/><V110/><F135/><W17/><G35/><T22/><D22/><U1/><E1/><V121/><F7/><W102/><G102/><T124/><D124/><U6/><E6/><V79/><F34/><W14/><G72/><T107/><D107/><U19/><REACH who="1" step="1"/><E101/><REACH who="1" ten="343,186,265,196" step="2"/><V63/><F121/><W128/><G128/><T86/><D133/><U80/><E80/><V18/><F83/><W100/><G100/><T13/><D82/><U113/><E113/><V73/><F73/><W116/><G116/><T36/><D129/><U125/><E125/><V118/><F118/><W58/><REACH who="3" step="1"/><G89/><REACH who="3" ten="343,186,265,186" step="2"/><T67/><D131/><U31/><E31/><V52/><F91/><W12/><G12/><AGARI ba="0,2" hai="3,4,9,12,19,21,50,55,56,61,62,88,94,99" machi="12" ten="30,12000,1" yaku="1,1,7,1,52,1,54,1,53,1" doraHai="49" doraHaiUra="11" who="1" fromWho="3" sc="343,0,186,140,265,0,186,-120" /><INIT seed="1,1,0,5,0,123" ten="343,326,265,66" oya="1" hai0="135,42,28,85,11,74,5,26,50,3,57,41,56" hai1="61,77,128,23,65,29,127,73,15,90,114,93,64" hai2="51,120,125,79,122,115,45,0,101,53,81,109,78" hai3="95,60,1,112,133,55,43,16,38,124,13,31,59"/><U33/><E114/><V9/><F115/><W98/><G112/><T131/><D74/><U80/><E127/><V36/><F125/><W76/><G124/><T14/><D131/><U70/><E128/><V35/><F35/><W63/><G1/><T10/><D135/><U19/><E65/><V46/><F101/><W134/><G31/><T100/><D100/><U68/><E29/><V27/><F27/><W97/><G76/><T48/><D85/><U130/><E130/><V118/><F79/><W129/><G129/><T22/><D50/><U113/><E113/><V30/><F118/><W8/><G63/><T111/><D111/><U108/><E33/><V96/><F96/><W119/><G119/><T126/><D126/><U12/><E108/><V72/><F30/><W17/><G17/><T107/><D107/><U67/><E67/><V88/><F88/><W99/><REACH who="3" step="1"/><G95/><REACH who="3" ten="343,326,265,56" step="2"/><T40/><D3/><U24/><REACH who="1" step="1"/><E70/><REACH who="1" ten="343,316,265,56" step="2"/><V49/><F122/><W117/><G117/><T34/><D28/><U75/><E75/><V84/><F120/><W91/><G91/><T121/><D121/><U58/><E58/><V104/><F72/><W6/><G6/><T110/><D5/><U20/><E20/><V71/><F71/><W32/><G32/><T102/><D34/><U69/><E69/><V7/><F7/><W4/><G4/><T37/><D56/><U86/><AGARI ba="1,2" hai="12,15,19,23,24,61,64,68,73,77,80,86,90,93" machi="86" ten="20,7800,0" yaku="1,1,0,1,7,1,53,1" doraHai="123" doraHaiUra="87" who="1" fromWho="1" sc="343,-27,316,101,265,-27,56,-27" /><INIT seed="1,2,0,5,3,115" ten="316,417,238,29" oya="1" hai0="89,56,43,11,82,65,126,121,3,135,78,88,125" hai1="87,55,2,84,74,38,22,92,45,58,19,37,16" hai2="41,100,99,12,105,44,120,112,48,29,72,42,111" hai3="34,21,117,62,49,86,18,131,129,98,70,96,59"/><U79/><E2/><V47/><F120/><W0/><G34/><T10/><D43/><U39/><E74/><V103/><F112/><W73/><G73/><T77/><D121/><U50/><E87/><V85/><F111/><W35/><G35/><T102/><D102/><U81/><E92/><V28/><F72/><W46/><G0/><T114/><D114/><U97/><E97/><V6/><F103/><W106/><G70/><T123/><D123/><U33/><E33/><V32/><F32/><W7/><G7/><T13/><D3/><U83/><E83/><V109/><F109/><W127/><G127/><N who="0" m="48651" /><D135/><U17/><REACH who="1" step="1"/><E45/><REACH who="1" ten="316,407,238,29" step="2"/><V15/><F85/><W1/><G1/><T14/><D82/><U36/><N who="1" m="9216" /><DORA hai="91" /><U118/><E118/><V128/><F47/><W132/><G86/><T54/><D78/><U40/><E40/><V69/><F42/><N who="3" m="24791" /><G117/><T110/><D77/><U27/><AGARI ba="2,1" hai="16,17,19,22,27,50,55,58,79,81,84" m="9216" machi="27" ten="60,18000,2" yaku="1,1,0,1,54,1,53,4" doraHai="115,91" doraHaiUra="122,71" who="1" fromWho="1" sc="316,-62,407,196,238,-62,29,-62" owari="254,5.4,603,70.3,176,-22.4,-33,-53.3" /></mjloggm>