<mjloggm ver="2.3"><GO type="225" lobby="0"/><UN n0="%E3%83%A9%E3%82%B9%E7%8E%87%EF%BC%93%E5%89%B2" n1="%41%6F%54" n2="%E3%83%A9%E3%83%BC%E3%83%A1%E3%83%B3%E4%BA%94%E9%83%8E" n3="%E5%A4%8F%E9%88%B4%E9%88%B4%E5%A4%8F" dan="16,16,16,16" rate="2174.58,2084.80,2112.73,2106.67" sx="F,M,M,F"/><TAIKYOKU oya="0"/><INIT seed="0,0,0,4,3,100" ten="250,250,250,250" oya="0" hai0="71,38,132,4,51,45,69,35,134,98,63,87,48" hai1="68,34,14,47,94,91,114,73,129,1,122,112,97" hai2="88,0,61,77,6,16,44,60,58,103,28,55,8" hai3="37,20,74,52,62,46,85,70,64,33,12,93,124"/><T110/><D35/><U109/><E1/><V5/><F77/><W106/><G33/><T39/><D4/><U84/><E122/><V65/><F28/><W116/><G116/><T105/><D87/><U83/><E109/><V118/><F118/><W7/><G74/><T104/><D98/><U67/><E34/><V119/><F119/><W32/><G32/><T13/><D13/><U89/><E129/><V23/><F103/><W27/><G106/><N who="0" m="41067" /><D110/><U66/><E73/><V10/><F44/><W99/><G124/><T95/><D95/><U130/><E130/><V81/><F8/><W18/><G85/><T43/><D51/><U121/><E121/><V113/><F113/><N who="1" m="43625" /><E68/><N who="0" m="26185" /><D63/><U108/><E108/><V11/><F6/><W76/><G7/><T126/><D126/><U135/><E14/><V54/><F5/><W42/><G12/><T92/><D92/><U15/><E15/><N who="2" m="9631" /><F0/><W102/><REACH who="3" step="1"/><G76/><REACH who="3" ten="250,250,250,240" step="2"/><T36/><D36/><U86/><E86/><N who="2" m="50255" /><F10/><W26/><G26/><T96/><D96/><U22/><E97/><V21/><F11/><W117/><G117/><T49/><D39/><U90/><E84/><V53/><F21/><W128/><G128/><T25/><D25/><U72/><E22/><V101/><F101/><W3/><G3/><T17/><D17/><U78/><E72/><V57/><AGARI ba="0,1" hai="53,54,55,57,58,60,61,65" m="50255,9631" machi="57" ten="30,4000,0" yaku="8,1,54,2" doraHai="100" who="2" fromWho="2" sc="250,-20,250,-10,250,50,240,-10" /><INIT seed="1,0,0,1,4,134" ten="230,240,300,230" oya="1" hai0="103,114,52,128,60,123,31,131,126,109,24,53,48" hai1="111,91,5,99,2,32,102,89,55,63,30,3,67" hai2="17,80,84,25,12,36,73,71,14,4,68,40,81" hai3="87,88,116,29,10,21,78,96,27,95,20,37,0"/><U26/><E111/><V97/><F73/><W83/><G116/><T16/><D109/><U90/><E5/><V69/><F4/><W100/><G37/><T108/><D108/><U45/><E45/><V1/><F1/><W38/><G38/><T47/><D114/><U121/><E121/><V124/><F97/><W65/><G65/><T82/><D123/><U79/><E79/><V46/><F80/><W75/><G10/><T35/><D103/><U70/><REACH who="1" step="1"/><E55/><REACH who="1" ten="230,230,300,230" step="2"/><V110/><F110/><W133/><G133/><T118/><D118/><U18/><E18/><V49/><F17/><W120/><G120/><T23/><D53/><U41/><E41/><V51/><F40/><W66/><G66/><T42/><D42/><U7/><E7/><V28/><F46/><W125/><G0/><T15/><D60/><U13/><E13/><V22/><F12/><W8/><G8/><T92/><D47/><U106/><AGARI ba="0,1" hai="2,3,26,30,32,63,67,70,89,90,91,99,102,106" machi="106" ten="30,18000,2" yaku="1,1,0,1,25,2,53,2" doraHai="134" doraHaiUra="34" who="1" fromWho="1" sc="230,-60,230,190,300,-60,230,-60" /><INIT seed="1,1,0,0,3,87" ten="170,420,240,170" oya="1" hai0="45,26,86,77,104,132,129,15,18,63,62,25,44" hai1="12,117,75,9,36,65,127,51,5,128,6,121,106" hai2="120,37,85,22,94,114,107,119,69,97,126,23,96" hai3="112,52,95,0,93,66,71,72,130,68,122,1,57"/><U21/><E117/><V60/><F37/><W70/><G112/><T74/><D104/><U99/><E36/><V79/><F119/><W81/><G122/><T58/><D74/><U33/><E33/><V4/><F4/><W92/><G130/><T13/><D129/><U98/><E75/><V29/><F29/><W67/><G81/><N who="0" m="47407" /><D132/><U131/><E65/><V88/><F120/><W61/><REACH who="3" step="1"/><G72/><REACH who="3" ten="170,420,240,160" step="2"/><T53/><D63/><U115/><E106/><V49/><F60/><W83/><G83/><T80/><D80/><U35/><E121/><V89/><F107/><W59/><G59/><T31/><D31/><U43/><E128/><V8/><F114/><W38/><G38/><T3/><D3/><AGARI ba="1,1" hai="0,1,3,52,57,61,66,67,68,70,71,92,93,95" machi="3" ten="50,3200,0" yaku="1,1,54,1,53,0" doraHai="87" doraHaiUra="103" who="3" fromWho="0" sc="170,-35,420,0,240,0,160,45" /><INIT seed="2,0,0,3,1,20" ten="135,420,240,205" oya="2" hai0="82,58,66,133,23,114,30,67,32,26,7,31,68" hai1="135,11,121,33,120,17,74,45,37,131,34,50,63" hai2="116,28,115,91,21,102,15,100,65,127,106,46,119" hai3="2,110,56,89,86,92,84,87,107,39,16,48,94"/><V99/><F115/><W62/><G107/><T35/><D114/><U112/><E112/><V29/><F127/><W1/><G39/><T41/><D133/><U55/><E74/><V51/><F102/><W14/><G110/><T90/><D68/><U85/><E135/><V83/><F65/><W27/><G48/><T97/><D7/><U80/><E37/><V105/><F105/><W19/><G27/><T64/><D41/><U61/><E131/><V70/><F70/><W104/><G104/><T81/><D58/><U134/><E134/><V52/><F29/><W71/><G71/><T129/><D129/><U18/><E34/><V6/><F6/><W9/><G19/><N who="1" m="7178" /><E33/><V43/><F15/><W128/><G128/><T101/><D90/><N who="1" m="51495" /><E11/><V13/><F119/><W111/><G111/><T59/><D59/><U93/><E93/><V78/><F116/><W69/><G94/><T98/><D23/><U60/><E120/><V42/><F91/><W57/><G56/><T117/><D117/><U22/><E22/><V76/><F76/><W38/><G69/><T77/><D101/><U24/><E121/><V103/><F103/><W72/><G72/><T125/><D125/><U40/><E24/><V53/><F42/><AGARI ba="0,0" hai="40,42,45,50,55,60,61,63" m="51495,7178" machi="42" ten="30,1000,0" yaku="8,1" doraHai="20" who="1" fromWho="2" sc="135,0,420,10,240,-10,205,0" /><INIT seed="3,0,0,1,2,33" ten="135,430,230,205" oya="3" hai0="28,17,122,16,119,4,134,53,50,129,91,58,117" hai1="56,86,90,61,101,114,9,35,116,31,103,102,3" hai2="10,52,66,126,76,41,11,100,68,42,48,54,46" hai3="111,123,65,108,72,83,120,112,81,82,18,37,24"/><W87/><G37/><T63/><D122/><N who="3" m="46633" /><G65/><T55/><D129/><U44/><E114/><V67/><F126/><W95/><G24/><T7/><D134/><U5/><E116/><V21/><F68/><W20/><G20/><T59/><D28/><U79/><E79/><V0/><F76/><N who="3" m="44167" /><G18/><T70/><D70/><U109/><E35/><V106/><F0/><W131/><G112/><T64/><D64/><U74/><E31/><V39/><F39/><W135/><G131/><T127/><D91/><U2/><E90/><V60/><F21/><W69/><G69/><T125/><REACH who="0" step="1"/><D50/><REACH who="0" ten="125,430,230,205" step="2"/><U98/><E61/><AGARI ba="0,1" hai="4,7,16,17,53,55,58,59,61,63,117,119,125,127" machi="61" ten="25,8000,1" yaku="1,1,2,1,22,2,54,1,53,0" doraHai="33" doraHaiUra="47" who="0" fromWho="1" sc="125,90,430,-80,230,0,205,0" owari="215,-18.5,350,45.0,230,3.0,205,-29.5" /></mjloggm>