<mjloggm ver="2.3"><GO type="225" lobby="0"/><UN n0="%E3%83%96%E3%83%83%E3%83%91%E3%82%AA%E3%83%96%E3%83%81%E3%82%AD%E3%83%B3" n1="%E5%91%A8%E6%9D%B1" n2="%E9%B7%B9%E5%80%89%E6%9D%8F%E9%88%B4" n3="%E6%A1%9C%E6%B2%A2%E5%A2%A8" dan="16,17,16,17" rate="2073.35,2218.70,2087.50,2186.25" sx="M,M,F,F"/><TAIKYOKU oya="0"/><INIT seed="0,0,0,0,5,56" ten="250,250,250,250" oya="0" hai0="76,46,122,11,92,64,25,82,129,28,112,88,67" hai1="109,43,2,69,21,121,124,47,135,57,93,86,6" hai2="116,50,125,102,103,16,41,62,35,99,119,126,54" hai3="66,48,131,120,87,106,23,81,51,90,42,111,30"/><T105/><D112/><U53/><E121/><V79/><F35/><W59/><G106/><T17/><D122/><U38/><E135/><V108/><F79/><W101/><G120/><T34/><D105/><U117/><E117/><N who="2" m="45131" /><F108/><W128/><G101/><N who="2" m="38409" /><F99/><W1/><G1/><T110/><D129/><N who="3" m="49737" /><G111/><T37/><D110/><U52/><E109/><V83/><F83/><W91/><G42/><T15/><D46/><U10/><E124/><V68/><F16/><W118/><G118/><T39/><D39/><U72/><E72/><V94/><F94/><W63/><G91/><T89/><D37/><U27/><E69/><V31/><F31/><W97/><G97/><T127/><D127/><U9/><E9/><V65/><F41/><W13/><G30/><T70/><D70/><U20/><E20/><V98/><F98/><W44/><G44/><AGARI ba="0,0" hai="44,50,54,62,65,68,125,126" m="38409,45131" machi="44" ten="30,2000,0" yaku="12,1,52,1" doraHai="56" who="2" fromWho="3" sc="250,0,250,0,250,20,250,-20" /><INIT seed="1,0,0,0,2,103" ten="250,250,270,230" oya="1" hai0="19,36,61,62,109,95,100,88,135,9,120,28,99" hai1="102,3,14,0,26,51,6,16,115,117,130,77,83" hai2="22,123,107,53,68,48,70,42,96,129,78,76,33" hai3="37,94,121,25,119,72,79,18,13,4,2,32,52"/><U93/><E117/><V74/><F33/><W67/><G121/><T35/><D36/><U106/><E115/><V60/><F123/><W116/><G37/><T82/><D120/><U131/><E93/><V73/><F42/><W90/><G67/><T126/><D109/><U43/><E26/><V66/><F70/><W20/><G79/><T125/><D135/><U111/><E111/><V91/><F129/><N who="1" m="49161" /><E6/><V97/><F97/><W58/><G72/><T44/><D28/><U98/><E51/><V7/><F7/><W12/><G2/><T45/><D35/><U54/><E54/><V118/><F118/><N who="3" m="45099" /><G32/><T86/><D125/><U132/><E43/><V1/><F1/><W122/><G4/><T87/><D126/><U85/><E132/><V101/><F91/><W17/><G17/><T57/><D86/><U50/><E50/><V59/><F78/><W5/><G5/><T134/><D134/><U128/><N who="1" m="49169" /><U56/><DORA hai="81" /><E56/><V46/><F76/><W10/><G122/><T23/><D57/><U104/><E104/><V41/><REACH who="2" step="1"/><F22/><AGARI ba="0,0" hai="0,3,14,16,22,77,83,85,98,102,106" m="49169" machi="22" ten="40,12000,1" yaku="19,1,52,2,54,1" doraHai="103,81" who="1" fromWho="2" sc="250,0,250,120,270,-120,230,0" /><INIT seed="1,1,0,5,0,53" ten="250,370,150,230" oya="1" hai0="70,49,91,126,17,97,16,118,127,93,117,14,112" hai1="120,96,20,33,123,41,76,132,66,131,100,60,15" hai2="19,125,59,89,110,101,10,81,108,3,44,129,58" hai3="107,23,130,102,27,69,84,72,1,48,87,51,7"/><U57/><E33/><V11/><F101/><W8/><G72/><T79/><D112/><U34/><E34/><V75/><F129/><W80/><G69/><T63/><D79/><U115/><E115/><V37/><F125/><N who="0" m="47626" /><D49/><U119/><E119/><N who="0" m="45577" /><D14/><U24/><E131/><V40/><F19/><W36/><G36/><T56/><D70/><U88/><E41/><V111/><F11/><W52/><G130/><T45/><D45/><U73/><E15/><V61/><F61/><W77/><G48/><T83/><D83/><U90/><E76/><N who="2" m="44191" /><F89/><W2/><G2/><T22/><D22/><U13/><E13/><V95/><F95/><W82/><G82/><T21/><D21/><U6/><E73/><V26/><F26/><W9/><G9/><T30/><D30/><U99/><E20/><V135/><F135/><W0/><G0/><T124/><N who="0" m="47634" /><T67/><AGARI ba="1,0" hai="16,17,56,63,67,91,93,97" m="45577,47634" machi="67" ten="50,8000,1" yaku="4,1,18,1,52,1,54,1" doraHai="53" who="0" fromWho="0" sc="250,83,370,-41,150,-21,230,-21" /><INIT seed="2,0,0,0,4,3" ten="333,329,129,209" oya="2" hai0="75,91,94,71,127,8,111,92,83,62,9,85,66" hai1="34,58,81,61,80,17,52,45,128,72,99,25,116" hai2="21,125,50,110,29,13,120,118,65,105,124,60,119" hai3="53,122,20,59,107,79,114,19,64,55,73,56,36"/><V28/><F120/><W131/><G122/><T30/><D111/><U69/><E116/><V103/><F110/><W6/><G36/><T112/><D112/><U57/><E69/><V87/><F105/><W126/><G107/><T90/><D127/><N who="2" m="48714" /><F103/><W46/><G126/><T101/><D101/><U86/><E128/><V26/><F29/><W1/><G131/><T113/><D113/><U82/><E72/><V54/><F87/><W106/><G106/><T49/><D30/><U96/><E34/><V39/><F39/><W84/><G73/><T24/><D24/><U89/><E45/><N who="2" m="27983" /><F13/><W88/><G79/><T108/><D108/><U10/><E58/><AGARI ba="0,0" hai="21,26,28,58,60,65,118,119" m="27983,48714" machi="58" ten="30,1500,0" yaku="18,1" doraHai="3" who="2" fromWho="1" sc="333,0,329,-15,129,15,209,0" /><INIT seed="2,1,0,0,2,67" ten="333,314,144,209" oya="2" hai0="25,68,89,91,17,24,134,21,23,64,11,99,128" hai1="82,54,38,129,61,9,107,86,119,45,123,49,26" hai2="4,124,78,8,30,66,18,31,39,102,98,56,65" hai3="16,63,52,133,88,10,92,53,122,118,50,112,132"/><V110/><F39/><W94/><G118/><T57/><D128/><U85/><E119/><V80/><F124/><W117/><G117/><T5/><D134/><N who="3" m="51817" /><G122/><T127/><D68/><U19/><E129/><V33/><F18/><W96/><G112/><T58/><D127/><U69/><E107/><V114/><F114/><W37/><G37/><T44/><D44/><U93/><E123/><V60/><F66/><W70/><G50/><T0/><D99/><U46/><E93/><V73/><F33/><W3/><G3/><T29/><D64/><U35/><E35/><V111/><F111/><W108/><G108/><T41/><D41/><U84/><E61/><V77/><F77/><W71/><G94/><T40/><D40/><U74/><E74/><V131/><F131/><W101/><G101/><T22/><D23/><U20/><E9/><V104/><REACH who="2" step="1"/><F110/><REACH who="2" ten="333,314,134,209" step="2"/><W7/><G7/><T28/><D17/><U81/><E38/><V32/><F32/><W47/><G16/><T120/><D120/><U75/><E19/><V55/><F55/><W125/><G125/><T62/><D5/><U14/><E54/><V135/><F135/><W109/><G109/><T115/><D115/><U90/><E20/><V103/><F103/><W2/><G53/><T130/><D22/><U36/><E36/><V43/><F43/><W12/><G52/><T121/><D130/><U72/><E26/><V105/><F105/><W34/><G34/><T126/><D24/><U42/><E42/><V87/><F87/><W100/><G100/><T106/><D25/><U59/><E85/><V83/><F83/><RYUUKYOKU ba="1,1" sc="333,-10,314,-10,134,30,209,-10" hai2="4,8,30,31,56,60,65,73,78,80,98,102,104" /><INIT seed="2,2,1,3,1,8" ten="323,304,164,199" oya="2" hai0="60,68,77,64,40,120,80,110,98,96,25,44,16" hai1="61,37,74,5,47,86,105,111,135,109,132,12,129" hai2="87,91,104,26,50,100,51,97,115,55,88,107,65" hai3="19,106,84,83,38,39,113,93,1,124,118,92,23"/><V52/><F115/><W94/><G118/><T122/><D110/><N who="1" m="41995" /><E74/><V6/><F65/><W101/><G1/><T78/><D98/><U28/><E105/><V134/><F134/><N who="1" m="51241" /><E61/><V75/><F75/><W112/><G124/><T22/><D96/><U131/><E86/><V0/><F107/><W95/><G106/><T103/><D103/><U54/><E28/><V63/><F26/><W114/><N who="3" m="23552" /><DORA hai="70" /><W7/><G7/><T72/><D78/><U59/><E5/><V14/><F0/><W127/><G127/><T31/><D31/><U42/><E12/><V102/><F63/><W30/><G30/><T21/><D21/><U117/><E117/><V89/><F87/><W125/><G125/><T4/><D4/><U36/><E36/><AGARI ba="2,1" hai="16,22,25,36,40,44,60,64,68,72,77,80,120,122" machi="36" ten="30,3900,0" yaku="7,1,52,1,54,1" doraHai="8,70" who="0" fromWho="1" sc="323,55,304,-45,164,0,199,0" /><INIT seed="3,0,0,5,2,93" ten="378,259,164,199" oya="3" hai0="35,96,74,69,122,118,46,111,77,106,47,126,42" hai1="11,85,101,37,81,0,34,91,84,30,131,29,55" hai2="38,10,68,113,112,86,25,123,114,7,45,26,82" hai3="135,8,22,76,83,103,17,66,36,50,5,32,121"/><W24/><G121/><T133/><RYUUKYOKU type="yao9" ba="0,0" sc="378,0,259,0,164,0,199,0" hai0="35,42,46,47,69,74,77,96,106,111,118,122,126,133" /><INIT seed="3,1,0,2,1,25" ten="378,259,164,199" oya="3" hai0="49,81,94,69,80,126,119,35,79,66,99,40,120" hai1="121,21,31,37,106,86,133,68,127,114,52,7,103" hai2="64,30,90,71,8,19,28,116,123,95,67,98,22" hai3="128,92,55,0,88,85,41,2,101,39,77,111,83"/><W10/><G128/><T42/><D119/><U59/><E68/><V43/><F116/><W12/><G101/><T110/><D120/><U6/><E37/><V109/><F109/><W53/><G111/><T74/><D110/><U129/><E114/><V108/><F108/><W13/><G0/><T117/><D117/><U38/><E38/><V15/><F123/><W82/><G82/><T134/><D35/><U23/><E106/><V93/><F43/><W70/><G70/><T107/><D134/><U124/><E103/><N who="2" m="60879" /><F71/><W16/><G2/><T54/><D126/><U20/><E121/><V87/><F8/><W36/><G36/><T73/><D107/><U62/><E129/><V125/><F125/><W102/><G102/><T51/><D66/><AGARI ba="1,0" hai="15,19,22,28,30,64,66,67,87,90,95" m="60879" machi="66" ten="30,3900,0" yaku="8,1,52,2" doraHai="25" who="2" fromWho="0" sc="378,-42,259,0,164,42,199,0" owari="336,43.6,259,5.9,206,-19.4,199,-30.1" /></mjloggm>