<mjloggm ver="2.3"><GO type="225" lobby="0"/><UN n0="%E6%81%A5%E6%99%92%E3%81%97" n1="%E9%B3%B3%E6%9D%B1%E3%81%AE%E3%81%86%E3%81%95%E3%81%8E%E3%81%95%E3%82%93" n2="%E3%81%8B%E3%82%8F%E3%81%A1%E3%82%83%E3%82%93%35%38" n3="%70%68%65%6E%6F%6D%65" dan="17,17,16,16" rate="2190.54,2189.51,2165.70,2154.55" sx="M,M,M,M"/><TAIKYOKU oya="0"/><INIT seed="0,0,0,0,0,12" ten="250,250,250,250" oya="0" hai0="110,114,126,17,90,122,23,48,40,58,28,16,70" hai1="57,25,22,119,72,117,21,54,50,69,74,121,1" hai2="2,113,7,95,35,39,9,101,80,44,55,27,42" hai3="36,94,97,71,47,116,63,78,6,4,92,0,102"/><T88/><D114/><U98/><E121/><V108/><F113/><W61/><G116/><T85/><D122/><U134/><E1/><V99/><F108/><W45/><G0/><T76/><D70/><U133/><E69/><V37/><F55/><W79/><G71/><T60/><D126/><U41/><E41/><V38/><REACH who="2" step="1"/><F80/><REACH who="2" ten="250,250,240,250" step="2"/><W81/><G81/><N who="0" m="47271" /><D110/><U75/><E119/><V120/><F120/><W8/><G61/><T128/><D128/><U13/><E117/><V112/><F112/><W68/><G63/><T59/><D28/><AGARI ba="0,1" hai="2,7,9,27,28,35,37,38,39,42,44,95,99,101" machi="28" ten="40,1300,0" yaku="1,1,53,0" doraHai="12" doraHaiUra="82" who="2" fromWho="0" sc="250,-13,250,0,240,23,250,0" /><INIT seed="1,0,0,5,4,20" ten="237,250,263,250" oya="1" hai0="124,10,54,121,32,78,7,64,125,111,72,27,71" hai1="48,116,89,59,76,21,83,98,40,36,12,119,84" hai2="11,126,63,135,105,108,95,94,70,1,79,69,129" hai3="29,104,114,8,16,46,86,67,97,35,9,81,51"/><U101/><E36/><V85/><F105/><W75/><G114/><T66/><D111/><U80/><E12/><V31/><F31/><W2/><G75/><T50/><D121/><U128/><E128/><V23/><F23/><W0/><G67/><T93/><D93/><U130/><E130/><V56/><F129/><W49/><G49/><T52/><D78/><U115/><E115/><V120/><F120/><W87/><G86/><T28/><D72/><U61/><E21/><V68/><F108/><W65/><G65/><N who="0" m="25195" /><D50/><U133/><E133/><V102/><F135/><W18/><G97/><T26/><D71/><U57/><E61/><V4/><F126/><N who="0" m="48746" /><D27/><U107/><E119/><V134/><F134/><W34/><G104/><T13/><AGARI ba="0,0" hai="7,10,13,26,28,32,52,54" m="48746,25195" machi="13" ten="30,4000,0" yaku="18,1,52,1,54,1" doraHai="20" who="0" fromWho="0" sc="237,40,250,-20,263,-10,250,-10" /><INIT seed="2,0,0,5,4,62" ten="277,230,253,240" oya="2" hai0="77,89,112,56,65,15,117,114,39,46,23,135,90" hai1="36,95,63,109,52,55,49,132,25,104,24,21,81" hai2="68,42,88,13,116,92,43,93,66,72,80,127,85" hai3="41,57,125,60,20,71,94,9,106,97,7,18,84"/><V86/><F116/><W37/><G125/><T126/><D126/><U87/><E104/><V128/><F127/><W16/><G71/><T1/><D1/><U12/><E109/><V102/><F72/><W17/><G106/><T5/><D117/><U26/><E132/><V51/><F128/><W50/><G37/><T103/><D135/><U54/><E36/><V83/><F68/><W11/><G84/><T70/><D77/><U78/><E49/><V121/><F121/><W96/><G20/><T53/><D103/><U105/><E105/><V113/><F113/><W129/><G129/><T73/><D73/><U122/><E122/><V27/><F27/><W47/><G7/><T130/><D130/><U76/><E95/><N who="2" m="36427" /><F102/><W8/><REACH who="3" step="1"/><G94/><REACH who="3" ten="277,230,253,230" step="2"/><T69/><D69/><U82/><E82/><V48/><F85/><W124/><G124/><T75/><D75/><U61/><E78/><V14/><F83/><W6/><G6/><T107/><D107/><U110/><E110/><V10/><F86/><W120/><G120/><T119/><D5/><U35/><E35/><V100/><F80/><W79/><G79/><T91/><D119/><U108/><E108/><V133/><F133/><W32/><G32/><T118/><D118/><U59/><E59/><V22/><F100/><W101/><G101/><T111/><D111/><U40/><E21/><V131/><F22/><W64/><AGARI ba="0,1" hai="8,9,11,16,17,18,41,47,50,57,60,64,96,97" machi="64" ten="30,12000,2" yaku="1,1,0,1,8,1,52,1,54,1,53,1" doraHai="62" doraHaiUra="45" who="3" fromWho="3" sc="277,-30,230,-30,253,-60,230,130" /><INIT seed="3,0,0,3,4,0" ten="247,200,193,360" oya="3" hai0="134,11,5,37,88,76,114,28,18,65,109,121,19" hai1="53,31,58,75,16,1,8,42,87,130,120,46,15" hai2="83,59,70,12,43,35,100,71,128,92,132,112,95" hai3="21,17,54,9,27,81,127,125,45,107,2,119,10"/><W85/><G107/><T51/><D121/><U67/><E120/><V74/><F112/><W4/><G119/><T94/><D37/><U73/><E67/><V62/><F35/><W25/><G10/><T99/><D114/><U57/><E1/><V61/><F70/><W26/><G54/><T30/><D109/><U124/><E31/><V78/><F71/><W111/><G45/><T133/><D76/><U89/><E130/><V135/><F128/><W36/><G36/><T77/><D77/><U47/><E124/><N who="3" m="47690" /><G111/><T33/><D51/><U40/><E53/><N who="2" m="34031" /><F43/><W110/><G110/><T93/><D65/><U44/><E42/><V103/><F62/><W116/><G116/><T123/><D123/><U129/><E129/><V102/><F12/><W105/><G105/><T104/><D104/><U131/><E131/><V64/><F64/><W98/><G98/><T3/><D99/><U56/><E40/><V63/><F63/><W79/><AGARI ba="0,0" hai="2,4,9,17,21,25,26,27,79,81,85" m="47690" machi="79" ten="30,3000,0" yaku="18,1,52,1" doraHai="0" who="3" fromWho="3" sc="247,-10,200,-10,193,-10,360,30" owari="237,3.7,190,-21.0,183,-31.7,390,49.0" /></mjloggm>