<mjloggm ver="2.3"><GO type="225" lobby="0"/><UN n0="%E3%81%90%E3%81%A1%E3%82%84%E3%81%BE" n1="%E3%81%BF%E3%81%BF%E3%81%9A" n2="%43%68%65" n3="%72%69%6F%75%63%68%61%6E" dan="16,18,16,16" rate="2139.73,2205.62,2147.67,2149.84" sx="M,M,M,M"/><TAIKYOKU oya="0"/><INIT seed="0,0,0,5,3,5" ten="250,250,250,250" oya="0" hai0="18,66,20,27,56,104,31,46,111,68,8,115,69" hai1="57,29,101,51,67,130,32,47,105,38,62,85,39" hai2="82,48,41,26,64,127,15,11,74,97,94,87,100" hai3="121,7,44,4,80,35,99,83,76,40,2,33,124"/><T28/><D115/><U73/><E73/><V16/><F127/><W55/><G124/><T6/><D104/><U49/><E130/><V58/><F74/><W112/><G112/><T3/><D46/><U96/><E49/><V135/><F135/><W24/><G121/><T52/><D111/><U42/><E85/><V14/><F41/><W120/><G120/><T79/><D79/><U98/><E96/><V43/><F26/><W25/><G55/><T10/><D66/><U30/><REACH who="1" step="1"/><E32/><REACH who="1" ten="250,240,250,250" step="2"/><V63/><F15/><W0/><G99/><T129/><D129/><U128/><E128/><V126/><F126/><W131/><G131/><T17/><D17/><U106/><E106/><V93/><F93/><W102/><G76/><T78/><D78/><U119/><E119/><V86/><F82/><W54/><G40/><T50/><REACH who="0" step="1"/><D31/><AGARI ba="0,1" hai="29,30,31,38,39,42,47,51,57,62,67,98,101,105" machi="31" ten="40,1300,0" yaku="1,1,53,0" doraHai="5" doraHaiUra="122" who="1" fromWho="0" sc="250,-13,240,23,250,0,250,0" /><INIT seed="1,0,0,3,4,132" ten="237,263,250,250" oya="1" hai0="105,78,130,124,131,51,73,117,43,40,13,56,39" hai1="134,103,84,42,85,65,128,86,69,108,97,30,95" hai2="54,112,118,27,8,16,19,5,89,75,74,34,90" hai3="83,125,133,50,32,72,21,59,129,98,70,79,127"/><U9/><E134/><V122/><F118/><W110/><G133/><T96/><D117/><U52/><E128/><N who="0" m="49193" /><D39/><U66/><E42/><N who="0" m="15913" /><D13/><U45/><E69/><V120/><F112/><W68/><G129/><T99/><D105/><U58/><E45/><V22/><F34/><W135/><G32/><T24/><D24/><U114/><E114/><V17/><F122/><W33/><G33/><T57/><D73/><U38/><E38/><V36/><F120/><W61/><G135/><T1/><D78/><U121/><E30/><V88/><F36/><W93/><G110/><T46/><D1/><U94/><E121/><V107/><F107/><W126/><G21/><T28/><D28/><U67/><E9/><V11/><F54/><N who="3" m="34039" /><G50/><T6/><D6/><U76/><E108/><V115/><F115/><W26/><G26/><T100/><D124/><U29/><E29/><V106/><F106/><W71/><G68/><T20/><D20/><U48/><REACH who="1" step="1"/><E76/><REACH who="1" ten="237,253,250,250" step="2"/><V35/><F11/><W101/><AGARI ba="0,1" hai="70,71,72,79,83,93,98,101,125,126,127" m="34039" machi="101" ten="30,7900,0" yaku="18,1,52,3" doraHai="132" who="3" fromWho="3" sc="237,-20,253,-39,250,-20,250,89" /><INIT seed="2,0,0,3,3,38" ten="217,214,230,339" oya="2" hai0="17,22,68,42,30,45,75,83,14,103,51,65,76" hai1="39,56,46,135,89,110,33,18,60,40,1,32,78" hai2="101,111,8,74,123,95,85,29,77,115,98,41,94" hai3="97,15,35,34,21,108,9,84,27,6,100,44,26"/><V49/><F115/><W5/><G108/><T120/><D120/><U90/><E110/><V0/><F111/><W61/><G84/><T20/><D103/><U133/><E1/><V2/><F123/><W93/><G5/><T79/><D79/><U53/><E78/><V57/><F74/><W118/><G118/><T28/><REACH who="0" step="1"/><D22/><REACH who="0" ten="207,214,230,339" step="2"/><U7/><E7/><V52/><F52/><W43/><G61/><AGARI ba="0,1" hai="14,17,20,28,30,42,45,51,61,65,68,75,76,83" machi="61" ten="40,5200,0" yaku="1,1,2,1,52,1,53,0" doraHai="38" doraHaiUra="116" who="0" fromWho="3" sc="207,62,214,0,230,0,339,-52" /><INIT seed="3,0,0,3,1,11" ten="269,214,230,287" oya="3" hai0="100,123,129,63,44,82,55,115,72,71,84,98,121" hai1="133,62,7,106,69,4,102,128,0,28,57,18,91" hai2="26,109,42,38,116,66,9,112,94,23,48,1,65" hai3="2,19,52,30,93,51,22,36,119,81,130,10,43"/><W90/><G119/><T47/><D72/><U120/><E120/><V39/><F116/><W118/><G118/><T45/><D129/><U86/><E69/><V107/><F107/><W5/><G130/><T101/><D115/><U20/><E128/><V75/><F75/><W8/><G10/><T103/><D98/><U124/><E28/><V31/><F112/><W50/><G30/><T95/><D95/><U68/><E68/><V35/><F109/><W117/><G117/><T89/><D71/><U87/><E124/><V24/><F39/><W17/><G81/><T61/><REACH who="0" step="1"/><D55/><REACH who="0" ten="259,214,230,287" step="2"/><U111/><E111/><V80/><F94/><W33/><G52/><T34/><D34/><U79/><E133/><V131/><F131/><W134/><G33/><T53/><D53/><N who="1" m="34095" /><E106/><V40/><F35/><W60/><G134/><T58/><D58/><U113/><E113/><V132/><F132/><W76/><G93/><T41/><D41/><U99/><E102/><V54/><F42/><W92/><G43/><T12/><D12/><N who="1" m="9287" /><E0/><V122/><F1/><W15/><G2/><T46/><N who="0" m="11264" /><DORA hai="77" /><T25/><D25/><U21/><E99/><V126/><F126/><W125/><G125/><T96/><D96/><U88/><E87/><V3/><F3/><W104/><G104/><T59/><D59/><U70/><E70/><V29/><F40/><W6/><G36/><T127/><D127/><U16/><E86/><V56/><F38/><W110/><G110/><T67/><D67/><U14/><E79/><V105/><F105/><W13/><G76/><T97/><D97/><U37/><E37/><RYUUKYOKU ba="0,1" sc="259,15,214,15,230,-15,287,-15" hai0="61,63,82,84,89,100,101,103,121,123" hai1="4,7,14,16,21,88,91" /><INIT seed="4,1,1,1,0,75" ten="274,229,215,272" oya="0" hai0="116,118,33,70,3,88,98,102,45,78,86,103,100" hai1="48,129,25,99,23,35,120,57,106,17,87,51,130" hai2="41,135,110,108,92,84,93,68,40,69,55,36,29" hai3="10,12,49,2,114,14,47,16,13,0,131,134,56"/><T85/><D3/><U104/><E120/><V54/><F29/><W11/><G114/><T90/><D33/><U20/><E35/><V128/><F84/><N who="0" m="32362" /><D45/><U52/><E87/><V65/><F65/><W37/><G131/><N who="1" m="50186" /><E99/><V32/><F32/><W5/><G134/><T123/><D70/><U59/><E23/><V105/><F128/><W76/><G76/><T7/><D7/><U115/><E115/><V82/><F82/><W22/><G56/><N who="1" m="21578" /><E48/><V18/><F18/><W124/><G37/><T61/><D61/><U24/><E25/><V50/><F50/><W74/><G124/><T66/><D66/><U72/><E72/><V96/><F96/><W42/><G74/><T126/><D126/><U111/><E111/><V81/><F81/><W53/><G53/><T1/><D1/><U62/><E62/><V71/><F36/><W101/><G101/><N who="0" m="39019" /><D78/><U109/><E109/><N who="2" m="42091" /><F135/><W34/><G34/><T132/><D132/><U15/><E24/><V97/><F97/><W31/><G31/><T46/><D46/><AGARI ba="1,1" hai="15,17,20,46,51,52,104,106" m="21578,50186" machi="46" ten="30,2000,0" yaku="19,1,54,1" doraHai="75" who="1" fromWho="0" sc="274,-23,229,33,215,0,272,0" /><INIT seed="5,0,0,4,1,113" ten="251,262,215,272" oya="1" hai0="55,33,88,108,131,35,12,85,49,118,28,107,44" hai1="133,45,123,111,21,34,15,105,40,1,116,9,30" hai2="92,84,64,16,96,24,48,39,54,81,63,129,102" hai3="47,71,78,110,36,74,32,114,80,22,135,8,70"/><U56/><E123/><V7/><F129/><W0/><G110/><T53/><D108/><U17/><E105/><V76/><F39/><W62/><G22/><T98/><D131/><U2/><E111/><V127/><F127/><W100/><G114/><T19/><D118/><U4/><E133/><V29/><F7/><N who="3" m="1127" /><G135/><T103/><D28/><U67/><E116/><V132/><F132/><W83/><G100/><T14/><D55/><U41/><E1/><V52/><F48/><W119/><G119/><T25/><D25/><N who="1" m="18767" /><E45/><V18/><F18/><W61/><G32/><T124/><D124/><U37/><E37/><V50/><F50/><W46/><G46/><T42/><D42/><N who="1" m="16491" /><E56/><N who="2" m="36967" /><F29/><W121/><G121/><T75/><D75/><U69/><E67/><V68/><F68/><AGARI ba="0,0" hai="2,4,9,15,17,21,68,69" m="16491,18767" machi="68" ten="30,1500,0" yaku="24,1" doraHai="113" who="1" fromWho="2" sc="251,0,262,15,215,-15,272,0" /><INIT seed="5,1,0,5,1,24" ten="251,277,200,272" oya="1" hai0="127,49,19,4,60,66,114,69,8,130,16,123,101" hai1="84,40,53,99,129,85,87,91,124,102,71,46,119" hai2="39,12,82,110,6,30,128,80,67,34,37,92,112" hai3="73,88,31,23,42,93,26,111,108,38,126,77,115"/><U14/><E119/><V104/><F104/><W41/><G38/><T62/><D114/><U120/><E120/><V109/><F112/><W100/><G115/><T5/><D123/><U97/><E71/><V106/><F106/><W81/><G126/><T64/><D127/><U35/><E124/><V28/><F67/><W68/><G68/><T51/><D69/><U27/><E129/><V86/><F92/><W1/><G1/><T94/><D130/><U25/><E53/><V44/><F128/><W33/><G100/><T72/><D94/><U20/><E91/><V17/><F6/><W9/><G9/><T135/><D8/><U103/><E35/><V133/><F133/><W54/><G54/><T55/><D55/><U52/><E40/><V13/><F17/><W121/><G121/><T98/><D72/><U95/><E14/><V105/><F105/><W113/><G113/><T2/><D2/><U47/><E25/><V76/><F34/><W58/><G58/><T50/><D50/><N who="1" m="28759" /><E47/><V7/><F7/><W90/><G90/><T118/><D101/><N who="1" m="38411" /><E95/><V125/><F125/><W65/><G65/><T3/><D3/><U61/><E61/><V48/><F44/><W21/><G41/><T11/><D11/><U18/><AGARI ba="1,0" hai="18,20,27,84,85,87,97,99" m="38411,28759" machi="18" ten="30,3000,0" yaku="8,1,54,1" doraHai="24" who="1" fromWho="1" sc="251,-11,277,33,200,-11,272,-11" owari="240,-16.0,310,41.0,189,-31.1,261,6.1" /></mjloggm>