<mjloggm ver="2.3"><GO type="225" lobby="0"/><UN n0="%79%75%72%69%6D%6F%67" n1="%E6%9C%88%E5%B3%B6%E5%9F%BA" n2="%4C%4F%4C%49%54%41" n3="%E3%83%A9%E3%83%BC%E3%83%A1%E3%83%B3%E4%BA%94%E9%83%8E" dan="16,16,16,16" rate="2141.44,2145.49,2095.16,2094.35" sx="F,M,F,M"/><TAIKYOKU oya="0"/><INIT seed="0,0,0,2,2,9" ten="250,250,250,250" oya="0" hai0="19,100,128,16,42,59,69,78,113,38,120,32,34" hai1="121,50,76,35,105,74,14,56,36,98,40,41,102" hai2="104,63,65,101,49,37,28,90,58,67,39,133,46" hai3="64,13,118,12,61,85,130,79,112,77,30,20,96"/><T7/><D113/><U8/><E121/><V60/><F133/><W93/><G112/><T57/><D69/><U86/><E35/><V27/><F90/><W123/><G118/><T10/><D120/><U68/><E68/><V45/><F45/><W43/><G43/><T54/><D100/><U92/><E36/><V132/><F132/><W107/><G107/><T116/><D116/><U62/><E74/><V114/><F114/><W44/><G44/><T1/><D42/><U117/><E117/><V25/><F25/><N who="3" m="16679" /><G123/><T91/><D38/><U126/><E50/><V87/><F87/><W73/><G73/><T109/><D78/><N who="3" m="29705" /><G85/><T21/><D34/><U48/><E126/><V23/><F104/><W111/><G111/><T88/><D32/><U106/><E106/><V115/><F115/><W51/><G51/><T80/><D109/><U33/><E48/><V124/><F124/><W55/><G130/><T94/><D128/><U2/><E2/><V47/><F47/><W89/><G64/><T15/><D80/><N who="1" m="47367" /><E33/><V82/><F82/><W71/><G71/><T122/><D94/><U129/><E105/><V26/><F65/><W75/><G75/><T131/><D122/><U103/><E129/><V66/><F66/><W24/><G24/><N who="0" m="14375" /><D131/><U97/><E41/><N who="2" m="24783" /><F60/><W4/><G4/><T6/><D59/><AGARI ba="0,0" hai="12,13,55,59,61,89,93,96" m="29705,16679" machi="59" ten="30,3900,0" yaku="8,1,52,2" doraHai="9" who="3" fromWho="0" sc="250,-39,250,0,250,0,250,39" /><INIT seed="1,0,0,1,5,50" ten="211,250,250,289" oya="1" hai0="96,22,21,44,104,8,125,80,54,31,1,70,129" hai1="113,39,116,83,61,35,32,13,29,84,76,19,77" hai2="0,66,110,73,107,40,14,118,46,94,75,102,5" hai3="105,25,98,17,123,30,27,43,57,28,85,109,58"/><U86/><E113/><V6/><F118/><W72/><G123/><T59/><D125/><U131/><E116/><V11/><F110/><W52/><G72/><T20/><D129/><U7/><E131/><V16/><F107/><W88/><G109/><T130/><D70/><U99/><E39/><V41/><F66/><W133/><G43/><T15/><D1/><U81/><E7/><V134/><F134/><W120/><G120/><T87/><D44/><U49/><E29/><V135/><F135/><W90/><G133/><T124/><D124/><U74/><E74/><V117/><F117/><W79/><G105/><T128/><D96/><U24/><E24/><N who="3" m="9290" /><G58/><T34/><D104/><U106/><E61/><V45/><F0/><W112/><G112/><T127/><D127/><U63/><E63/><V36/><F75/><W103/><G103/><T119/><D119/><U89/><E49/><V71/><F71/><W82/><G17/><N who="0" m="8423" /><D34/><U115/><E115/><V68/><F68/><W100/><G100/><T33/><D33/><U3/><E3/><V78/><F41/><W60/><G98/><T42/><D42/><U93/><REACH who="1" step="1"/><E106/><REACH who="1" ten="211,240,250,289" step="2"/><V91/><F73/><W62/><G62/><N who="0" m="36215" /><D130/><U9/><AGARI ba="0,1" hai="9,13,19,32,35,76,77,81,83,84,86,89,93,99" machi="9" ten="20,7800,0" yaku="1,1,0,1,7,1,9,1,53,0" doraHai="50" doraHaiUra="67" who="1" fromWho="1" sc="211,-26,240,88,250,-26,289,-26" /><INIT seed="1,1,0,3,3,76" ten="185,328,224,263" oya="1" hai0="67,125,58,12,53,111,112,37,51,0,10,32,75" hai1="30,92,104,54,18,78,118,39,91,132,49,115,50" hai2="108,88,15,107,117,77,116,3,4,130,8,24,122" hai3="119,95,94,5,16,96,43,27,120,36,85,71,72"/><U59/><E115/><V109/><F107/><W45/><G120/><T100/><D75/><U64/><E118/><V63/><F122/><W97/><G72/><T121/><D111/><N who="2" m="42570" /><F77/><W29/><G71/><T6/><D112/><U89/><E39/><V28/><F63/><W2/><G119/><N who="2" m="45641" /><F88/><W9/><G85/><T65/><D125/><U35/><E104/><V133/><F130/><W101/><G96/><T17/><D32/><U98/><E35/><N who="2" m="20871" /><F133/><W40/><G40/><T82/><D37/><U47/><E78/><V66/><F66/><W62/><G62/><T21/><D121/><U34/><E64/><V79/><F79/><W25/><G97/><T20/><D82/><U23/><E91/><V41/><F41/><W60/><G60/><T84/><D84/><U68/><E68/><V103/><F103/><W13/><G101/><T69/><D100/><U134/><E134/><V113/><F113/><W11/><G95/><T56/><D69/><U87/><E132/><V123/><F123/><W44/><G94/><T73/><D73/><U127/><E98/><V135/><F135/><W61/><G61/><N who="0" m="38055" /><D67/><U83/><E92/><V129/><F129/><W128/><G128/><T14/><D0/><AGARI ba="1,0" hai="0,3,4,8,15" m="20871,45641,42570" machi="0" ten="30,3900,0" yaku="14,1,34,2" doraHai="76" who="2" fromWho="0" sc="185,-42,328,0,224,42,263,0" /><INIT seed="2,0,0,4,0,7" ten="143,328,266,263" oya="2" hai0="50,57,2,28,68,21,89,54,126,51,128,32,9" hai1="113,63,0,102,48,97,26,11,38,118,121,132,40" hai2="65,119,41,104,101,44,66,108,70,33,5,10,43" hai3="84,134,129,15,62,24,124,60,64,135,18,115,59"/><V45/><F119/><W74/><G74/><T100/><D126/><U17/><E113/><V34/><F108/><W123/><G123/><T94/><D128/><U85/><E118/><V1/><F66/><W27/><G124/><T120/><D68/><U77/><E38/><N who="2" m="21559" /><F45/><W127/><G129/><T83/><D32/><U87/><E40/><V12/><F12/><W47/><G127/><T131/><D120/><U69/><E48/><V114/><F43/><W37/><G115/><T103/><D83/><U90/><E63/><N who="2" m="40255" /><F114/><W16/><G84/><T92/><D92/><U72/><E69/><V35/><F35/><W107/><G107/><T116/><D51/><U53/><E53/><V46/><F46/><W30/><G47/><T49/><D49/><U56/><E56/><V130/><F130/><W117/><G37/><T42/><D42/><U73/><E87/><V86/><F86/><W109/><G109/><T61/><D116/><U67/><E67/><V71/><F71/><W125/><G117/><T36/><D50/><U58/><E58/><V29/><F29/><W13/><G125/><T98/><D36/><U19/><E73/><V4/><F5/><W82/><G64/><T76/><D76/><U111/><E85/><V52/><F52/><W14/><G30/><T99/><D99/><AGARI ba="0,0" hai="1,4,10,33,34,99,101,104" m="40255,21559" machi="99" ten="30,5800,0" yaku="33,2,52,1" doraHai="7" who="2" fromWho="0" sc="143,-58,328,0,266,58,263,0" /><INIT seed="2,1,0,3,1,59" ten="85,328,324,263" oya="2" hai0="126,36,68,123,81,80,58,107,20,56,116,129,37" hai1="120,19,32,17,98,72,29,125,54,24,64,16,134" hai2="131,89,70,100,112,115,28,111,69,35,12,7,45" hai3="127,135,42,109,92,101,49,133,39,93,34,73,33"/><V79/><F100/><W124/><G73/><T53/><D107/><U86/><E72/><V13/><F79/><W1/><G1/><T78/><D20/><U119/><E119/><V82/><F131/><W46/><G109/><T71/><D129/><U90/><E125/><N who="3" m="48202" /><G39/><T44/><D126/><U3/><E134/><N who="3" m="51210" /><G101/><T10/><D123/><U96/><E120/><V87/><F111/><W103/><G103/><T63/><D116/><U113/><E113/><V51/><F70/><W43/><G43/><T30/><D10/><U50/><E64/><V67/><F35/><AGARI ba="1,0" hai="33,34,35,42,46,49,92,93" m="51210,48202" machi="35" ten="40,2600,0" yaku="18,1,20,1" doraHai="59" who="3" fromWho="2" sc="85,0,328,0,324,-29,263,29" /><INIT seed="3,0,0,5,3,125" ten="85,328,295,292" oya="3" hai0="17,128,84,58,37,1,108,131,9,95,12,69,5" hai1="120,129,89,126,44,77,15,39,101,62,61,83,111" hai2="103,24,112,74,21,48,35,86,4,56,41,11,116" hai3="13,18,134,90,51,97,0,7,76,2,43,23,119"/><W75/><G119/><T42/><D69/><U59/><E120/><V45/><F74/><W47/><G134/><T91/><D42/><U55/><E126/><V106/><F112/><W115/><G115/><T3/><D37/><U65/><E129/><V32/><F116/><W67/><G67/><T113/><D108/><U79/><E111/><V132/><F132/><W6/><G76/><N who="1" m="29258" /><E39/><V8/><F86/><W85/><G75/><T54/><D113/><U117/><E117/><V123/><F123/><W99/><G0/><T30/><D30/><U135/><E135/><V82/><F82/><N who="3" m="49463" /><G2/><T27/><D27/><U10/><E101/><V104/><F8/><W118/><G118/><T133/><D133/><U71/><E71/><V80/><F80/><W60/><G60/><T72/><D72/><U29/><E29/><V70/><F70/><W53/><G43/><T33/><D33/><U110/><E110/><V19/><F56/><W92/><G92/><T114/><D114/><U63/><E89/><V121/><F121/><W31/><G31/><T98/><D98/><AGARI ba="0,0" hai="6,7,13,18,23,47,51,53,97,98,99" m="49463" machi="98" ten="30,1500,0" yaku="8,1" doraHai="125" who="3" fromWho="0" sc="85,-15,328,0,295,0,292,15" /><INIT seed="3,1,0,5,0,110" ten="70,328,295,307" oya="3" hai0="23,73,120,29,19,129,30,97,105,125,64,104,24" hai1="128,61,33,7,79,107,4,57,37,48,71,117,135" hai2="39,82,34,59,20,63,1,16,126,25,17,38,76" hai3="127,74,54,99,62,77,69,13,102,12,84,22,51"/><W111/><G74/><T78/><D120/><U108/><E37/><V87/><F1/><W101/><G111/><T83/><D125/><U90/><E108/><V26/><F126/><W124/><G69/><T65/><D129/><U67/><E107/><V94/><F94/><N who="3" m="58615" /><G127/><T32/><D30/><U81/><E33/><V121/><F121/><W18/><G124/><T89/><D104/><U98/><E128/><V88/><F76/><W28/><G28/><T115/><D64/><U96/><E135/><V103/><F103/><W53/><G102/><T132/><D132/><U93/><E98/><V133/><F133/><W3/><G3/><T91/><D91/><U40/><E117/><V68/><F68/><W92/><G62/><T31/><D31/><U85/><E71/><V15/><F34/><W114/><G114/><T36/><D36/><U6/><E48/><V122/><F122/><W55/><G12/><T75/><D89/><U35/><E35/><V9/><F26/><W66/><G66/><AGARI ba="1,0" hai="9,15,16,17,20,25,38,39,59,63,66,82,87,88" machi="66" ten="30,3900,0" yaku="7,1,54,2" doraHai="110" who="2" fromWho="3" sc="70,0,328,0,295,42,307,-42" owari="70,-43.0,328,12.8,337,43.7,265,-13.5" /></mjloggm>