<mjloggm ver="2.3"><GO type="225" lobby="0"/><UN n0="%66%67%67%68%68%64%66" n1="%E3%82%AF%E3%82%A3%E3%82%A6" n2="%E9%BB%99%E8%81%B4%E3%81%AE%E3%81%99%E3%82%9D%E3%82%81" n3="%4E%49%4A%49%49%52%4F" dan="16,16,16,17" rate="2084.87,2058.08,2105.87,2261.03" sx="M,M,M,M"/><TAIKYOKU oya="0"/><INIT seed="0,0,0,3,1,31" ten="250,250,250,250" oya="0" hai0="112,37,7,54,46,110,134,114,73,113,60,52,70" hai1="124,90,44,20,61,84,131,130,107,93,17,42,45" hai2="98,64,62,121,66,99,29,118,78,108,126,32,25" hai3="100,75,50,65,123,12,48,72,86,104,128,96,22"/><T135/><D73/><U102/><E124/><V120/><F108/><W59/><G128/><N who="1" m="49194" /><E61/><V116/><F78/><W133/><G133/><N who="0" m="50699" /><D7/><U109/><E109/><V132/><F132/><W10/><G72/><T77/><D77/><U57/><E57/><V71/><F126/><W95/><G75/><T35/><D35/><U39/><E45/><V55/><F55/><N who="0" m="21034" /><D110/><U18/><E20/><V76/><F76/><W36/><G104/><T0/><D0/><U3/><E3/><V82/><F82/><W30/><G86/><T53/><N who="0" m="21042" /><T101/><DORA hai="125" /><D101/><U58/><E58/><V26/><F26/><W92/><G100/><T24/><D24/><U103/><E103/><V117/><REACH who="2" step="1"/><F66/><REACH who="2" ten="250,250,240,250" step="2"/><W56/><G65/><N who="0" m="41255" /><D114/><U68/><E68/><V1/><F1/><W105/><G105/><T115/><D113/><U69/><E69/><V9/><F9/><W122/><G10/><T89/><D89/><U47/><E107/><V11/><F11/><W85/><G95/><T106/><D106/><U34/><E47/><V83/><F83/><W111/><G92/><T2/><D2/><U79/><E79/><V19/><F19/><N who="1" m="7177" /><E102/><V38/><F38/><W88/><G36/><T51/><D37/><U15/><E15/><V5/><F5/><W21/><G12/><T33/><D33/><AGARI ba="0,1" hai="33,34,39,42,44,84,90,93" m="7177,49194" machi="33" ten="30,12000,2" yaku="19,1,52,5" doraHai="31,125" who="1" fromWho="0" sc="250,-120,250,130,240,0,250,0" /><INIT seed="1,0,0,0,5,5" ten="130,380,240,250" oya="1" hai0="76,79,51,34,87,108,24,98,33,110,64,86,82" hai1="77,80,55,16,11,125,97,2,49,42,70,47,50" hai2="135,95,116,1,88,74,69,91,133,13,17,67,45" hai3="43,20,38,40,26,103,83,123,6,54,59,122,99"/><U78/><E125/><V35/><F74/><W19/><G83/><T126/><D126/><U102/><E70/><V112/><F1/><W63/><G6/><T128/><D128/><U90/><E2/><V15/><F35/><W61/><G61/><T118/><D118/><U23/><E90/><V129/><F116/><W21/><G21/><T111/><D64/><U9/><E102/><V58/><F69/><W124/><G124/><T30/><D98/><U48/><E97/><V81/><F129/><W132/><G132/><N who="2" m="50761" /><F112/><W96/><G96/><T62/><D62/><U36/><E36/><V57/><F45/><W107/><REACH who="3" step="1"/><G38/><REACH who="3" ten="130,380,240,240" step="2"/><T32/><REACH who="0" step="1"/><D51/><REACH who="0" ten="120,380,240,240" step="2"/><N who="1" m="29183" /><E42/><AGARI ba="0,2" hai="19,20,26,40,42,43,54,59,63,99,103,107,122,123" machi="42" ten="40,5200,0" yaku="1,1,53,2" doraHai="5" doraHaiUra="119" who="3" fromWho="1" sc="120,0,380,-52,240,0,240,72" /><INIT seed="2,0,0,4,1,70" ten="120,328,240,312" oya="2" hai0="4,81,106,122,80,114,65,60,50,45,15,14,40" hai1="43,130,87,92,33,102,110,13,8,31,48,34,97" hai2="20,25,101,117,59,18,61,63,24,54,89,66,71" hai3="19,76,57,55,95,91,94,21,46,68,36,77,12"/><V75/><F117/><W22/><G68/><T105/><D122/><U49/><E110/><V23/><F75/><W99/><G36/><T128/><D114/><U1/><E130/><V121/><F121/><W52/><G46/><T2/><D128/><U37/><E1/><V104/><F104/><W135/><G135/><T132/><D132/><U62/><E31/><V107/><F107/><W119/><G119/><T41/><D2/><U88/><E62/><V78/><F78/><W56/><G22/><T129/><D129/><U26/><E26/><V82/><F101/><W0/><G0/><T73/><D73/><U125/><E125/><V126/><F126/><W98/><G56/><T30/><D30/><U86/><E37/><V74/><F74/><W127/><G127/><T108/><D108/><U51/><E86/><N who="2" m="50391" /><F71/><W96/><G55/><T7/><D45/><N who="1" m="25663" /><E33/><V47/><F47/><W39/><G39/><T28/><D28/><U120/><E34/><V72/><F72/><W35/><G35/><T83/><D83/><N who="1" m="49279" /><E120/><V16/><F63/><N who="3" m="36263" /><G99/><T10/><D60/><U5/><AGARI ba="0,0" hai="5,8,13,49,51,92,97,102" m="49279,25663" machi="5" ten="30,2000,0" yaku="8,1,54,1" doraHai="70" who="1" fromWho="1" sc="120,-5,328,20,240,-10,312,-5" /><INIT seed="3,0,0,4,4,135" ten="115,348,230,307" oya="3" hai0="3,19,57,113,48,105,23,108,81,60,86,45,29" hai1="16,47,6,46,85,73,65,0,7,52,25,103,80" hai2="129,75,13,26,126,77,128,61,62,117,34,37,125" hai3="5,110,134,132,83,44,102,67,84,92,72,71,33"/><W18/><G33/><T10/><D108/><U119/><E73/><V38/><F117/><W36/><G72/><T120/><D120/><U54/><E65/><V97/><F77/><W56/><G110/><T69/><D105/><U93/><E119/><V66/><F75/><W31/><G31/><T50/><D69/><U89/><E0/><V78/><F78/><W95/><G71/><T12/><D113/><U127/><E127/><N who="2" m="48651" /><F13/><W63/><G5/><N who="1" m="1546" /><E16/><V41/><F97/><W82/><G82/><T15/><D3/><U87/><E25/><V100/><F100/><W28/><G28/><T99/><D99/><N who="1" m="59887" /><E87/><V68/><F62/><W32/><G32/><T8/><D29/><U88/><E88/><V112/><F112/><W131/><G131/><N who="2" m="50249" /><F41/><N who="3" m="22567" /><G102/><T90/><D23/><U24/><E24/><V22/><F34/><W1/><G1/><T39/><D39/><U59/><E54/><V91/><F91/><N who="3" m="51615" /><G18/><AGARI ba="0,0" hai="18,22,26,37,38,61,66,68" m="50249,48651" machi="18" ten="30,8000,1" yaku="18,1,19,1,52,3" doraHai="135" who="2" fromWho="3" sc="115,0,348,0,230,80,307,-80" owari="115,-38.5,348,44.8,310,11.0,227,-17.3" /></mjloggm>