<mjloggm ver="2.3"><GO type="225" lobby="0"/><UN n0="%E6%98%93%E5%88%A9%E8%96%A9%E4%BC%AF" n1="%E5%AF%82%E5%AF%9E%E3%82%AE%E3%83%8D%E3%82%B9%E3%83%93%E3%83%BC%E3%83%AB" n2="%E3%81%8B%E3%82%8F%E3%81%A1%E3%82%83%E3%82%93%35%38" n3="%E3%81%BF%E3%81%BF%E3%81%9A" dan="17,16,16,18" rate="2165.03,2170.72,2131.00,2233.18" sx="F,M,M,M"/><TAIKYOKU oya="0"/><INIT seed="0,0,0,0,5,56" ten="250,250,250,250" oya="0" hai0="34,78,51,100,122,133,33,69,24,72,0,93,111" hai1="129,116,18,49,109,106,132,124,45,43,96,89,114" hai2="37,7,91,77,48,68,126,134,64,54,80,26,19" hai3="62,63,32,36,57,50,121,113,59,115,127,14,40"/><T21/><D122/><U65/><E116/><V102/><F126/><W58/><G32/><T4/><D133/><U16/><E124/><V52/><F37/><W60/><G14/><T9/><D69/><U47/><E109/><V98/><F134/><W30/><G30/><T101/><D111/><U119/><E119/><V29/><F7/><W105/><G105/><T82/><D51/><U6/><E132/><V3/><F3/><W131/><G127/><T31/><REACH who="0" step="1"/><D93/><REACH who="0" ten="240,250,250,250" step="2"/><U104/><E106/><V10/><F68/><W90/><G121/><T85/><D85/><U67/><E104/><V22/><F48/><W42/><G131/><T75/><D75/><U120/><E49/><V53/><F98/><W123/><G123/><T28/><D28/><U1/><E96/><V110/><F110/><W118/><G118/><T88/><D88/><U38/><E89/><V92/><F91/><W5/><G90/><T130/><D130/><U73/><E73/><V46/><F102/><AGARI ba="0,1" hai="0,4,9,21,24,31,33,34,72,78,82,100,101,102" machi="102" ten="40,3900,0" yaku="1,1,53,1" doraHai="56" doraHaiUra="76" who="0" fromWho="2" sc="240,49,250,0,250,-39,250,0" /><INIT seed="0,1,0,0,4,133" ten="289,250,211,250" oya="0" hai0="88,81,68,8,67,43,60,57,32,87,78,135,96" hai1="51,109,0,103,52,46,100,20,99,106,80,15,101" hai2="1,70,86,63,84,4,40,49,17,23,73,14,36" hai3="126,30,108,89,94,119,118,75,35,66,18,21,69"/><T123/><D123/><U110/><E0/><V10/><F73/><W130/><G75/><T125/><D135/><U76/><E20/><V132/><F132/><W104/><G104/><T58/><D32/><U25/><E25/><V27/><F36/><W39/><G39/><T33/><D33/><U47/><E15/><V77/><F1/><W107/><G107/><T91/><D43/><U64/><E64/><V45/><F70/><W9/><G9/><T122/><D122/><U116/><E46/><V13/><F63/><W114/><G30/><T37/><D37/><U74/><REACH who="1" step="1"/><E116/><REACH who="1" ten="289,240,211,250" step="2"/><V11/><REACH who="2" step="1"/><F77/><REACH who="2" ten="289,240,201,250" step="2"/><W65/><G119/><T102/><D78/><U19/><E19/><AGARI ba="1,2" hai="4,10,11,13,14,17,19,23,27,40,45,49,84,86" machi="19" ten="30,7700,0" yaku="1,1,2,1,7,1,8,1,53,0" doraHai="133" doraHaiUra="28" who="2" fromWho="1" sc="289,0,240,-80,201,100,250,0" /><INIT seed="1,0,0,0,4,133" ten="289,160,301,250" oya="1" hai0="11,49,123,75,105,1,21,4,26,129,85,106,68" hai1="89,33,121,64,3,24,134,128,72,59,60,108,82" hai2="114,52,118,104,117,55,44,83,47,22,10,124,40" hai3="43,0,56,27,100,23,8,51,122,103,78,112,30"/><U62/><E121/><V19/><F104/><W109/><G122/><T2/><D75/><U69/><E134/><V81/><F10/><W96/><G112/><T110/><D2/><U113/><E113/><V34/><F34/><W135/><G109/><T31/><D110/><U125/><E108/><V14/><F114/><W76/><G135/><T116/><D68/><U119/><E119/><V92/><F118/><W16/><G0/><T115/><D115/><U29/><E3/><V102/><F117/><W71/><G71/><T84/><D116/><U54/><E128/><V28/><F28/><W130/><G130/><T6/><D6/><U107/><E107/><V9/><F9/><W32/><G32/><T80/><D85/><U45/><E45/><N who="2" m="17483" /><F40/><W58/><G43/><T86/><D86/><U91/><REACH who="1" step="1"/><E125/><REACH who="1" ten="289,150,301,250" step="2"/><V61/><F124/><W126/><G126/><T131/><D123/><U111/><E111/><V127/><F127/><W53/><G58/><T38/><D106/><U66/><E66/><V88/><F102/><W97/><G103/><T70/><D105/><U42/><E42/><V63/><F55/><W20/><G100/><T50/><D131/><U36/><E36/><V5/><F52/><W57/><G56/><T7/><D38/><U18/><E18/><V48/><F5/><W94/><G57/><T17/><D7/><U37/><E37/><V13/><F19/><W120/><G53/><T46/><D129/><U77/><AGARI ba="0,1" hai="24,29,33,54,59,60,62,64,69,72,77,82,89,91" machi="77" ten="30,6000,0" yaku="1,1,0,1,53,1" doraHai="133" doraHaiUra="67" who="1" fromWho="1" sc="289,-20,150,70,301,-20,250,-20" /><INIT seed="1,1,0,0,3,95" ten="269,220,281,230" oya="1" hai0="133,1,60,52,132,16,46,125,131,76,73,40,49" hai1="21,109,123,89,84,43,9,33,55,74,119,47,5" hai2="63,75,94,92,61,8,101,27,86,83,37,97,41" hai3="80,32,35,34,4,15,23,91,118,44,111,24,28"/><U113/><E33/><V127/><F75/><W66/><G111/><T90/><D1/><U6/><E113/><V68/><F127/><W88/><G118/><T51/><D73/><U13/><E119/><V17/><F68/><W122/><G122/><T105/><D76/><U54/><E74/><V120/><F120/><W26/><G66/><T93/><D105/><U2/><E123/><V65/><F65/><W124/><G124/><T114/><D60/><U3/><E109/><V104/><F104/><W135/><G135/><N who="0" m="51787" /><D131/><U57/><E21/><N who="2" m="13743" /><F37/><W81/><G44/><N who="0" m="27687" /><D125/><U77/><E77/><N who="2" m="46447" /><F41/><W87/><G26/><T115/><D16/><U71/><E71/><V100/><F8/><W107/><G107/><T39/><D39/><U58/><E2/><V69/><F69/><W72/><G72/><T82/><D82/><U78/><E78/><V10/><F10/><W7/><G15/><T117/><D117/><U129/><E129/><V106/><F106/><W108/><G108/><T126/><D126/><U128/><E128/><V29/><F29/><W98/><G81/><T36/><D36/><N who="1" m="21991" /><E3/><V67/><F67/><W64/><REACH who="3" step="1"/><G64/><REACH who="3" ten="269,220,281,220" step="2"/><T112/><D115/><U99/><E13/><V0/><F0/><W38/><G38/><T48/><D112/><U130/><E130/><V96/><AGARI ba="1,1" hai="61,63,92,94,96,97,100,101" m="46447,13743" machi="96" ten="30,4000,0" yaku="8,1,52,2" doraHai="95" who="2" fromWho="2" sc="269,-11,220,-21,281,53,220,-11" /><INIT seed="2,0,0,2,3,56" ten="258,199,334,209" oya="2" hai0="73,65,6,16,95,48,74,102,99,76,81,30,35" hai1="83,13,86,66,38,87,62,114,97,40,78,68,103" hai2="9,108,59,42,132,91,45,115,23,31,100,26,92" hai3="41,77,88,67,37,69,94,43,52,109,121,128,101"/><V27/><F132/><W58/><G121/><T51/><D6/><U17/><E114/><V7/><F108/><W3/><G3/><T57/><D74/><U46/><E78/><V127/><F127/><W28/><G109/><T135/><D135/><U104/><REACH who="1" step="1"/><E83/><REACH who="1" ten="258,189,334,209" step="2"/><V1/><F115/><W106/><G77/><T96/><D81/><U80/><E80/><V36/><F100/><W134/><G134/><T5/><D76/><U32/><E32/><V54/><F23/><AGARI ba="0,1" hai="13,17,23,38,40,46,62,66,68,86,87,97,103,104" machi="23" ten="30,3900,0" yaku="1,1,7,1,52,1,53,0" doraHai="56" doraHaiUra="111" who="1" fromWho="2" sc="258,0,189,49,334,-39,209,0" /><INIT seed="3,0,0,2,1,95" ten="258,238,295,209" oya="3" hai0="89,88,14,91,60,110,121,10,112,31,129,19,102" hai1="133,50,23,29,114,111,17,22,119,92,84,53,80" hai2="115,87,99,49,45,85,41,98,61,93,118,56,104" hai3="24,55,120,101,42,74,15,34,79,63,27,67,20"/><W40/><G120/><T97/><D121/><U6/><E114/><V5/><F118/><W64/><G55/><T2/><D110/><U47/><E119/><V1/><F115/><W124/><G124/><T46/><D129/><U103/><E133/><V21/><F1/><W116/><G116/><T72/><D72/><U37/><E37/><V66/><F5/><W75/><G15/><T32/><D2/><U83/><E6/><V90/><F104/><W107/><G79/><T134/><D134/><U70/><E70/><V48/><F21/><W69/><G20/><T28/><D32/><U4/><E4/><V65/><F65/><W106/><G63/><T13/><D112/><U77/><E111/><V0/><F0/><W26/><G101/><T33/><D14/><U54/><E29/><V94/><F49/><W30/><G69/><T127/><D127/><U11/><E83/><V59/><F59/><W100/><G100/><AGARI ba="0,0" hai="41,45,48,56,61,66,85,87,90,93,94,98,99,100" machi="100" ten="30,7700,0" yaku="7,1,8,1,52,2" doraHai="95" who="2" fromWho="3" sc="258,0,238,0,295,77,209,-77" owari="258,5.8,238,-16.2,372,47.2,132,-36.8" /></mjloggm>