<mjloggm ver="2.3"><GO type="225" lobby="0"/><UN n0="%E3%81%AD%E3%82%80%E3%81%84%40%E9%9B%80%E9%B3%B4%E4%BC%9A" n1="%E3%81%95%E3%81%8D%E3%81%9F%E3%81%BE%E6%9E%97%E6%AA%8E" n2="%E5%86%B7%E5%87%8D%E3%82%AE%E3%83%A7%E3%83%BC%E3%82%B6" n3="%E6%9D%B1%E9%A2%A8%E3%81%AE%E3%81%8D%E3%82%83%E3%81%B7%E3%81%95%E3%82%93" dan="16,16,16,16" rate="2182.20,2103.39,2146.77,2185.27" sx="F,M,M,M"/><TAIKYOKU oya="0"/><INIT seed="0,0,0,3,0,117" ten="250,250,250,250" oya="0" hai0="11,66,51,48,133,96,95,83,101,28,13,128,89" hai1="120,23,109,58,135,99,3,63,64,74,105,35,49" hai2="111,17,86,54,125,57,106,56,55,50,69,22,32" hai3="53,27,76,91,78,113,127,59,36,122,77,124,92"/><T71/><D128/><U43/><E35/><V12/><F111/><W84/><G36/><T33/><D133/><U82/><E3/><V85/><F125/><N who="3" m="48203" /><G27/><T72/><D33/><U10/><E120/><V68/><F106/><W24/><G24/><T14/><D28/><U26/><E109/><V75/><F75/><W16/><G113/><T126/><D126/><U29/><E135/><V62/><REACH who="2" step="1"/><F32/><REACH who="2" ten="250,250,240,250" step="2"/><W39/><G39/><T110/><D72/><U0/><E74/><V30/><F30/><W90/><G122/><T8/><D110/><U103/><E29/><V97/><F97/><W131/><G131/><T44/><D96/><U37/><E105/><V15/><F15/><W60/><G16/><T25/><D14/><U132/><E99/><V98/><F98/><W114/><G114/><T112/><D13/><U119/><E0/><V73/><F73/><W118/><G118/><T19/><D112/><U94/><E119/><V1/><F1/><W18/><G18/><T4/><D19/><U2/><E2/><V80/><F80/><W108/><G108/><T47/><D83/><U102/><E82/><V115/><F115/><W45/><G91/><T34/><D89/><U107/><E107/><V123/><F123/><W121/><G121/><T88/><D88/><U7/><E132/><V21/><F21/><W81/><G81/><T9/><D34/><U67/><E23/><V104/><F104/><W93/><G93/><T5/><D95/><U38/><E94/><V134/><F134/><W100/><G100/><T130/><D101/><U31/><E102/><V46/><F46/><AGARI ba="0,1" hai="45,46,53,59,60,76,77,78,84,90,92" m="48203" machi="46" ten="30,2000,0" yaku="6,1,18,1" doraHai="117" who="3" fromWho="2" sc="250,0,250,0,240,-20,250,30" /><INIT seed="1,0,0,2,1,121" ten="250,250,220,280" oya="1" hai0="69,43,21,54,55,120,107,9,56,18,118,122,117" hai1="4,0,90,98,28,39,84,99,44,109,8,48,87" hai2="57,30,1,100,32,60,20,33,23,134,50,85,132" hai3="93,27,61,92,58,36,73,5,101,86,11,82,104"/><U111/><E39/><V127/><F1/><W14/><G36/><T112/><D107/><U94/><E28/><V114/><F127/><W71/><G73/><T128/><D9/><U31/><E87/><V63/><F114/><W16/><G71/><T42/><D21/><N who="2" m="8266" /><F100/><W81/><G81/><T62/><D18/><U7/><E31/><V105/><F105/><W108/><G108/><N who="1" m="41546" /><E7/><V96/><F96/><N who="3" m="59527" /><G104/><T76/><D112/><U65/><E65/><V70/><F85/><W52/><G27/><T74/><D74/><U68/><E68/><V12/><F70/><W29/><G29/><T113/><D113/><U37/><E37/><V75/><F75/><W72/><G72/><T102/><D69/><U83/><E83/><V79/><F30/><W67/><G93/><T125/><D125/><U124/><E124/><V116/><F32/><W10/><G67/><T34/><D34/><U106/><E106/><V91/><F33/><W97/><G97/><T123/><D123/><U80/><E80/><V6/><F6/><W35/><G35/><T103/><D120/><U26/><E26/><V119/><F116/><W45/><G86/><T2/><D122/><U89/><E89/><V77/><F91/><W17/><G82/><T25/><D117/><U41/><AGARI ba="0,0" hai="0,4,8,41,44,48,84,90,94,98,99" m="41546" machi="41" ten="30,12000,1" yaku="14,1,10,1,52,3" doraHai="121" who="1" fromWho="1" sc="250,-40,250,120,220,-40,280,-40" /><INIT seed="1,1,0,1,4,113" ten="210,370,180,240" oya="1" hai0="91,7,116,38,87,108,19,22,105,131,11,98,89" hai1="76,30,1,0,111,94,112,85,47,51,81,110,82" hai2="72,41,130,75,3,35,36,50,115,17,45,107,18" hai3="54,8,62,33,70,119,97,24,32,134,127,93,90"/><U114/><E30/><V15/><F115/><W132/><G8/><T126/><D38/><U78/><E94/><V84/><F3/><N who="1" m="1097" /><E82/><V59/><F130/><W92/><G127/><T71/><D71/><U88/><E78/><V117/><F107/><W52/><G93/><T73/><D73/><U31/><E31/><V6/><F35/><N who="3" m="13387" /><G24/><T20/><D108/><N who="1" m="41515" /><E76/><V23/><F72/><W39/><G39/><T67/><D126/><U12/><E12/><V42/><F75/><W128/><G128/><T68/><D131/><U121/><E121/><V56/><F36/><W135/><G70/><T55/><D68/><U28/><E28/><V66/><F6/><W29/><G29/><T46/><D7/><U74/><E74/><V120/><F15/><W86/><G97/><T109/><D98/><U58/><E58/><V4/><F56/><N who="3" m="35079" /><G54/><AGARI ba="1,0" hai="47,51,54,81,85,88,112,114" m="41515,1097" machi="54" ten="30,5800,0" yaku="14,1,10,1,54,1" doraHai="113" who="1" fromWho="3" sc="210,0,370,61,180,0,240,-61" /><INIT seed="1,2,0,1,5,48" ten="210,431,180,179" oya="1" hai0="77,67,27,88,69,134,102,121,91,100,74,89,32" hai1="111,0,54,10,36,6,20,71,68,105,87,39,18" hai2="132,86,116,37,3,117,96,76,1,33,109,106,127" hai3="73,133,38,45,128,78,26,47,2,124,110,63,135"/><U23/><E105/><V130/><RYUUKYOKU type="yao9" ba="2,0" sc="210,0,431,0,180,0,179,0" hai2="1,3,33,37,76,86,96,106,109,116,117,127,130,132" /><INIT seed="1,3,0,3,2,2" ten="210,431,180,179" oya="1" hai0="59,89,7,64,132,69,6,17,126,46,42,16,70" hai1="19,125,79,107,20,88,4,21,47,83,57,85,53" hai2="84,50,118,36,129,98,56,112,117,34,82,99,5" hai3="30,80,94,41,40,119,38,58,52,106,10,101,14"/><U102/><E125/><V27/><F36/><W81/><G119/><T130/><D126/><U123/><E123/><V23/><F34/><W35/><G106/><T127/><D127/><U124/><E124/><V110/><F110/><W105/><G105/><T74/><D74/><U108/><E108/><V109/><F109/><W28/><G38/><T96/><D130/><U93/><E47/><V92/><F129/><W61/><G35/><T95/><D132/><U115/><E115/><V131/><F131/><W62/><G101/><T114/><D69/><U66/><E66/><V73/><F73/><W48/><G94/><T128/><D70/><U32/><E32/><V1/><F112/><W15/><G48/><N who="0" m="26711" /><D114/><U68/><E68/><V67/><F98/><W116/><G10/><T18/><D128/><U11/><E102/><V43/><F43/><W13/><G116/><T97/><D97/><U72/><E107/><V24/><F117/><W25/><G15/><T91/><D89/><U31/><E31/><V65/><F99/><W75/><G75/><T71/><D71/><U3/><E19/><V77/><F77/><W111/><G111/><T135/><D135/><U55/><E55/><V12/><F65/><W76/><G76/><T113/><D113/><U8/><E8/><V33/><F67/><W122/><G122/><T103/><D103/><U37/><E37/><V44/><F44/><W134/><G134/><T0/><D0/><U100/><E100/><V104/><F104/><W121/><G121/><T78/><D78/><U120/><E120/><V90/><F118/><W29/><G29/><RYUUKYOKU ba="3,0" sc="210,15,431,15,180,-15,179,-15" hai0="6,7,16,17,18,59,64,91,95,96" hai1="3,4,11,20,21,53,57,72,79,83,85,88,93" /><INIT seed="1,4,0,3,1,87" ten="225,446,165,164" oya="1" hai0="60,102,78,74,118,125,18,130,131,95,104,47,117" hai1="39,51,27,22,120,29,134,62,79,76,32,121,84" hai2="54,129,57,56,63,7,42,96,66,35,31,61,114" hai3="28,119,105,2,135,49,83,50,38,21,59,58,37"/><U48/><E39/><N who="3" m="14858" /><G21/><T110/><D47/><U19/><E134/><V70/><F42/><W77/><G28/><T26/><D60/><U89/><E121/><V113/><F129/><N who="0" m="49162" /><D18/><U71/><E120/><V107/><F7/><W23/><G23/><T111/><D26/><U99/><E99/><V90/><F56/><N who="3" m="21547" /><G2/><T41/><D41/><U15/><E51/><N who="3" m="19466" /><G105/><T126/><D104/><U128/><E128/><V1/><F1/><W5/><G135/><T55/><D55/><U100/><E100/><N who="2" m="62855" /><F90/><W36/><G5/><T92/><D78/><U69/><E32/><V116/><F116/><N who="0" m="44650" /><D74/><U85/><E27/><AGARI ba="4,0" hai="27,31,35,54,57,61,63,66,70,113,114" m="62855" machi="27" ten="30,1000,0" yaku="25,1" doraHai="87" who="2" fromWho="1" sc="225,0,446,-22,165,22,164,0" /><INIT seed="2,0,0,3,2,9" ten="225,424,187,164" oya="2" hai0="74,82,116,134,73,36,122,18,68,131,119,54,80" hai1="114,61,10,111,93,79,97,40,95,45,41,0,89" hai2="127,21,98,124,59,15,5,43,44,39,24,29,101" hai3="85,66,16,96,64,33,125,130,110,56,23,1,128"/><V120/><F120/><W51/><G33/><T17/><D122/><U47/><E111/><V3/><F3/><W112/><G1/><T72/><D36/><U123/><E123/><V99/><F59/><W132/><G110/><T133/><D54/><U121/><E121/><V118/><F118/><N who="0" m="45098" /><D68/><U2/><E114/><V113/><F113/><W86/><G112/><T107/><D107/><U22/><E79/><V14/><F98/><W38/><G38/><T42/><D42/><U100/><E61/><V32/><F5/><W105/><G125/><N who="2" m="48201" /><F32/><W27/><G132/><N who="0" m="50795" /><D131/><N who="3" m="50217" /><G51/><T84/><D84/><N who="3" m="32361" /><G56/><T91/><D91/><U87/><E0/><V94/><AGARI ba="0,0" hai="14,15,21,24,29,39,43,44,94,99,101" m="48201" machi="94" ten="30,6000,0" yaku="18,1,52,2" doraHai="9" who="2" fromWho="2" sc="225,-20,424,-20,187,60,164,-20" /><INIT seed="2,1,0,5,3,25" ten="205,404,247,144" oya="2" hai0="43,107,134,64,109,111,58,75,121,14,22,51,70" hai1="114,78,42,13,88,40,95,24,94,12,115,73,118" hai2="86,99,133,4,61,68,53,101,129,110,26,85,6" hai3="29,15,38,9,91,67,74,55,37,62,65,34,28"/><V103/><F129/><W19/><G74/><T49/><D75/><U35/><E118/><V105/><F133/><W47/><G34/><T23/><D107/><U90/><E73/><V32/><F110/><N who="0" m="41994" /><D14/><U93/><E78/><V17/><F101/><W119/><G119/><T57/><D22/><U39/><E39/><V89/><F86/><W52/><G37/><T71/><D23/><U63/><E63/><V20/><F32/><W33/><G33/><T87/><D87/><U92/><E92/><V126/><F126/><W45/><G38/><T16/><D16/><U82/><E35/><V41/><F41/><W116/><G116/><T84/><D84/><U1/><E95/><V66/><REACH who="2" step="1"/><F53/><REACH who="2" ten="205,404,237,144" step="2"/><N who="3" m="20555" /><G91/><T8/><D134/><U112/><E88/><V128/><F128/><W123/><G123/><T97/><D121/><U79/><E90/><V96/><F96/><W0/><G0/><T132/><D97/><U36/><E1/><V2/><F2/><W117/><G117/><T21/><D132/><U60/><E115/><V69/><F69/><W50/><G47/><T100/><D71/><U44/><E44/><V72/><F72/><W125/><G125/><T76/><D70/><U10/><E114/><V80/><AGARI ba="1,1" hai="4,6,17,20,26,61,66,68,80,85,89,99,103,105" machi="80" ten="20,3900,0" yaku="1,1,0,1,7,1,53,0" doraHai="25" doraHaiUra="11" who="2" fromWho="2" sc="205,-14,404,-14,237,52,144,-14" /><INIT seed="2,2,0,2,2,21" ten="191,390,289,130" oya="2" hai0="33,95,84,74,96,114,76,6,79,92,107,75,113" hai1="93,22,65,52,78,86,80,1,40,48,125,108,89" hai2="57,129,130,121,54,18,120,71,91,106,67,83,123" hai3="135,103,126,101,32,14,5,116,47,119,38,44,72"/><V51/><F106/><W97/><G32/><T70/><D70/><U63/><E108/><V111/><F18/><W19/><G5/><T34/><D6/><U62/><E125/><V49/><F91/><W25/><G72/><N who="0" m="27691" /><D33/><U50/><E1/><V35/><F83/><W56/><G56/><T68/><D68/><U77/><E77/><N who="0" m="29769" /><D34/><U53/><E65/><V82/><F82/><W81/><G81/><T7/><D7/><U24/><E40/><V117/><F35/><W73/><G73/><T8/><D8/><U46/><E80/><V100/><F100/><W12/><G38/><T3/><D3/><U94/><E94/><N who="0" m="35881" /><D84/><U58/><E78/><V90/><F90/><W20/><G20/><T131/><D131/><N who="2" m="50186" /><F111/><W36/><G36/><T124/><D124/><U27/><E27/><V133/><F117/><W55/><G126/><T85/><D85/><U9/><E9/><V112/><F112/><N who="0" m="43114" /><D107/><U42/><E42/><V16/><F16/><AGARI ba="2,0" hai="16,22,24,46,48,50,52,53,58,62,63,86,89,93" machi="16" ten="30,8000,1" yaku="7,1,8,1,52,1,54,2" doraHai="21" who="1" fromWho="2" sc="191,0,390,86,289,-86,130,0" /><INIT seed="3,0,0,1,2,114" ten="191,476,203,130" oya="3" hai0="75,4,71,127,18,72,54,97,132,12,92,14,124" hai1="94,110,69,51,129,121,22,78,100,57,76,16,77" hai2="47,41,46,107,34,2,81,24,86,113,62,103,102" hai3="96,85,13,73,25,68,116,38,52,67,35,10,63"/><W106/><G73/><N who="0" m="28235" /><D71/><U130/><E110/><V74/><F74/><W117/><G85/><T40/><D132/><U65/><E121/><V56/><F2/><W84/><G84/><T50/><D40/><U23/><E69/><V88/><F107/><W31/><G38/><T61/><D61/><U87/><E23/><V80/><F80/><W27/><G27/><T99/><D4/><U9/><E9/><V131/><F131/><N who="1" m="50185" /><E100/><V33/><F113/><W49/><G96/><N who="0" m="36939" /><D92/><U20/><E20/><V8/><F8/><W101/><G101/><T17/><D54/><N who="1" m="31967" /><E65/><V90/><F47/><W58/><G106/><T133/><D50/><U126/><E126/><N who="0" m="48169" /><D133/><U36/><E36/><V91/><F102/><W43/><REACH who="3" step="1"/><G43/><REACH who="3" ten="191,476,203,120" step="2"/><T128/><D128/><U118/><E118/><V104/><F103/><W111/><G111/><T44/><D44/><U66/><E66/><V59/><F104/><W134/><G134/><T5/><D5/><AGARI ba="0,1" hai="5,10,13,25,31,35,49,52,58,63,67,68,116,117" machi="5" ten="30,18000,2" yaku="1,1,7,1,52,2,54,1,53,1" doraHai="114" doraHaiUra="45" who="3" fromWho="0" sc="191,-180,476,0,203,0,120,190" /><INIT seed="3,1,0,2,2,110" ten="11,476,203,310" oya="3" hai0="32,15,50,70,4,37,23,33,134,28,18,95,69" hai1="5,73,49,126,107,22,133,109,81,83,128,122,41" hai2="84,120,86,131,121,91,90,97,85,51,105,72,114" hai3="115,43,27,82,16,55,53,119,79,56,106,124,31"/><W21/><G106/><T108/><D50/><U87/><E109/><V7/><F51/><W2/><G2/><T25/><D95/><U112/><E112/><V0/><F7/><W94/><G119/><T88/><D88/><N who="2" m="33834" /><F0/><W113/><G43/><T92/><D92/><U135/><E122/><N who="2" m="47211" /><F72/><W100/><G124/><T59/><D59/><U30/><E128/><V80/><F131/><W76/><G31/><T64/><D64/><U67/><E5/><V130/><F130/><W61/><G55/><T102/><D102/><U42/><E42/><V10/><F10/><W93/><G76/><T58/><D58/><U111/><E22/><V11/><F11/><W65/><G65/><T54/><D54/><U39/><E67/><V117/><F117/><W38/><G38/><T1/><D37/><U62/><E87/><V60/><F60/><W3/><G3/><T34/><D69/><U8/><E83/><V104/><F80/><W14/><G27/><T71/><D70/><U74/><E107/><N who="2" m="41035" /><F97/><W77/><G77/><T29/><D71/><U36/><E62/><V24/><F24/><W96/><REACH who="3" step="1"/><G93/><REACH who="3" ten="11,476,203,300" step="2"/><T68/><D68/><U116/><E30/><N who="0" m="11881" /><D134/><U127/><E133/><V66/><F66/><W132/><G132/><T26/><D108/><U46/><E135/><V101/><F101/><W35/><G35/><N who="0" m="8963" /><T44/><DORA hai="99" /><D44/><U9/><E46/><V129/><F129/><W19/><G19/><T52/><D52/><U17/><E111/><V118/><F118/><W78/><G78/><T6/><D1/><U12/><E17/><V20/><F84/><AGARI ba="1,1" hai="14,16,21,53,56,61,79,82,84,94,96,100,113,115" machi="84" ten="30,24000,3" yaku="1,1,7,1,52,3,54,1,53,2" doraHai="110,99" doraHaiUra="75,98" who="3" fromWho="2" sc="11,0,476,0,203,-243,300,253" owari="11,-38.9,476,27.6,-40,-54.0,553,65.3" /></mjloggm>