<mjloggm ver="2.3"><GO type="225" lobby="0"/><UN n0="%E6%9C%88%E5%B3%B6%E5%9F%BA" n1="%77%72%77%72%77%72%77%72" n2="%E7%99%BD%E5%80%89%E5%AF%9B%E4%B9%8B" n3="%E5%8D%A0%E3%81%84%E5%B8%AB%E8%A3%8F%E3%81%AA%E3%81%84%E3%81%97" dan="16,17,16,17" rate="2126.18,2204.76,2171.25,2177.58" sx="M,M,M,M"/><TAIKYOKU oya="0"/><INIT seed="0,0,0,3,4,119" ten="250,250,250,250" oya="0" hai0="37,84,99,87,50,56,62,65,8,92,53,25,20" hai1="6,118,40,102,106,130,47,83,55,116,74,125,96" hai2="57,27,11,135,98,67,89,131,71,19,58,68,124" hai3="43,7,52,29,70,114,49,39,81,134,45,90,64"/><T9/><D37/><U73/><E130/><V28/><F131/><W66/><G114/><T79/><D79/><U80/><E125/><V105/><F124/><W77/><G134/><T34/><D34/><U103/><E55/><V107/><F135/><W133/><G133/><T38/><D38/><U12/><E12/><V115/><F115/><W23/><G7/><T44/><D87/><U69/><E69/><V60/><F71/><W88/><G29/><T78/><D84/><U2/><E103/><V111/><F111/><W100/><G100/><T46/><D46/><U120/><E120/><V121/><F121/><W95/><G23/><T13/><D78/><N who="1" m="44111" /><E83/><V36/><F36/><W112/><G112/><T18/><REACH who="0" step="1"/><D13/><REACH who="0" ten="240,250,250,250" step="2"/><U21/><E74/><V93/><F107/><W14/><G14/><T31/><D31/><U75/><E75/><V22/><F11/><W54/><G39/><T122/><D122/><U32/><E32/><V5/><F28/><W110/><G77/><T117/><D117/><U76/><E76/><V104/><F104/><W108/><G108/><T94/><D94/><U91/><E118/><V10/><F105/><W61/><G110/><T85/><D85/><U127/><E116/><V24/><F24/><W3/><G3/><AGARI ba="0,1" hai="3,5,10,19,22,27,57,58,60,67,68,89,93,98" machi="3" ten="30,1000,0" yaku="7,1" doraHai="119" who="2" fromWho="3" sc="240,0,250,0,250,20,250,-10" /><INIT seed="1,0,0,2,0,17" ten="240,250,270,240" oya="1" hai0="76,74,120,133,73,117,15,111,58,42,131,30,31" hai1="122,123,134,36,92,66,2,71,105,79,119,45,108" hai2="69,81,25,78,32,97,9,70,90,38,3,43,106" hai3="46,1,59,124,16,22,96,21,112,65,87,35,48"/><U93/><E119/><V18/><F90/><W37/><G112/><T49/><D117/><U91/><E105/><V63/><F63/><N who="3" m="38143" /><G35/><T84/><D111/><U103/><E108/><V83/><F83/><W102/><G1/><T89/><D131/><U68/><E2/><V56/><F56/><W26/><G37/><T77/><D133/><U60/><E134/><V116/><F116/><W88/><G124/><T23/><D120/><U127/><E127/><V5/><F97/><W86/><G102/><T7/><D74/><U64/><E79/><N who="0" m="30281" /><D73/><U67/><E103/><V101/><F101/><W51/><G22/><T39/><D39/><U94/><E91/><V75/><F106/><W130/><G130/><T126/><D126/><U28/><E28/><N who="2" m="19471" /><F18/><W27/><G27/><N who="0" m="16767" /><D31/><U29/><E29/><V99/><F99/><W12/><G26/><T6/><D15/><U95/><N who="1" m="23552" /><DORA hai="55" /><U54/><E36/><V24/><F24/><W129/><G129/><T14/><D14/><U52/><E45/><AGARI ba="0,0" hai="3,5,9,38,43,45,69,70,75,78,81" m="19471" machi="45" ten="30,3900,0" yaku="25,1,33,2" doraHai="17,55" who="2" fromWho="1" sc="240,0,250,-39,270,39,240,0" /><INIT seed="2,0,0,5,1,53" ten="240,211,309,240" oya="2" hai0="71,84,62,109,88,122,67,89,0,34,5,78,56" hai1="66,10,23,19,102,46,64,69,55,59,39,121,15" hai2="83,74,127,107,17,48,40,14,82,90,65,126,70" hai3="112,41,100,63,91,92,93,116,36,73,32,26,87"/><V123/><F107/><W16/><G116/><T58/><D122/><U105/><E69/><V76/><F123/><W42/><G73/><T11/><D34/><U95/><E105/><V29/><F29/><W79/><G79/><T114/><D114/><U77/><E121/><V108/><F108/><W128/><G112/><T22/><D109/><U81/><E39/><V51/><F65/><W132/><G32/><T7/><D7/><U61/><E46/><V101/><F70/><W1/><G1/><T44/><D22/><U30/><E102/><V43/><F101/><W85/><G36/><T130/><D130/><U103/><E103/><V20/><F90/><N who="3" m="53327" /><G128/><T117/><D117/><U12/><E95/><V45/><F82/><N who="3" m="49655" /><G63/><T49/><D78/><U33/><E33/><V13/><F13/><W120/><G132/><T94/><D89/><U25/><REACH who="1" step="1"/><E15/><REACH who="1" ten="240,201,309,240" step="2"/><V60/><F45/><W27/><G120/><T106/><D106/><U9/><E9/><V99/><F14/><W129/><G129/><T52/><AGARI ba="0,1" hai="0,5,11,44,49,52,56,58,62,67,71,84,88,94" machi="52" ten="20,12000,2" yaku="0,1,7,1,52,2,54,2" doraHai="53" who="0" fromWho="0" sc="240,130,201,-30,309,-60,240,-30" /><INIT seed="3,0,0,1,2,82" ten="370,171,249,210" oya="3" hai0="5,74,80,23,118,92,41,106,21,39,37,72,109" hai1="31,62,50,91,81,126,6,130,44,58,45,2,66" hai2="116,42,14,76,75,67,112,131,29,105,108,101,18" hai3="10,33,63,65,114,34,127,83,115,94,57,119,0"/><W120/><G119/><T110/><D106/><U30/><E130/><V51/><F131/><W102/><G120/><T98/><D5/><U59/><E126/><V64/><F76/><W55/><G127/><T86/><D23/><U26/><E2/><V60/><F75/><N who="0" m="28714" /><D21/><U28/><E6/><V3/><F112/><W27/><G83/><T19/><D19/><U15/><E15/><V122/><F108/><N who="0" m="41578" /><D41/><U69/><E26/><V95/><F42/><W133/><G55/><T9/><D9/><U88/><E69/><V17/><F105/><W123/><G123/><T56/><D56/><U43/><E45/><V99/><F3/><W134/><G27/><T103/><D118/><U90/><E58/><V46/><F116/><W71/><G57/><T7/><D7/><U107/><E107/><V121/><F18/><W79/><G10/><T89/><AGARI ba="0,0" hai="37,39,80,86,89,92,98,103" m="41578,28714" machi="89" ten="30,2000,0" yaku="14,1,52,1" doraHai="82" who="0" fromWho="0" sc="370,20,171,-5,249,-5,210,-10" owari="390,49.0,166,-33.4,244,4.4,200,-20.0" /></mjloggm>