<mjloggm ver="2.3"><GO type="225" lobby="0"/><UN n0="%6E%69%63%6F%6E%74%6F" n1="%E3%83%B4%E3%83%A0%EF%BC%99%E3%81%A6" n2="%E5%8D%A0%E3%81%84%E5%B8%AB%E8%A3%8F%E3%81%AA%E3%81%84%E3%81%97" n3="%E3%83%A9%E3%82%A4%E3%83%B3%E3%81%AE%E8%99%8E" dan="16,16,17,16" rate="2154.21,2162.70,2154.70,2137.36" sx="M,M,M,M"/><TAIKYOKU oya="0"/><INIT seed="0,0,0,1,0,12" ten="250,250,250,250" oya="0" hai0="133,81,20,16,21,94,4,31,87,39,14,121,64" hai1="59,43,27,55,50,35,65,62,112,69,88,98,15" hai2="1,132,73,49,117,5,41,123,70,103,82,96,60" hai3="114,29,33,72,77,66,92,86,99,93,85,89,57"/><T52/><D121/><U106/><E112/><V80/><F123/><W104/><G114/><T113/><D113/><U108/><E108/><V51/><F132/><W126/><G29/><T47/><D133/><U135/><E135/><V34/><F117/><W54/><G33/><T26/><D64/><U76/><E76/><V8/><F34/><W130/><G66/><T22/><D4/><U78/><E78/><V30/><F30/><W91/><G126/><T3/><D3/><U7/><E7/><V19/><F73/><W83/><G130/><T28/><D94/><U53/><E53/><V11/><F70/><W6/><G6/><T74/><D74/><U97/><E106/><V46/><F60/><W40/><G40/><T37/><D31/><U110/><E110/><V75/><F49/><W101/><G57/><T0/><D0/><U90/><E35/><V42/><F41/><W48/><G48/><N who="0" m="28703" /><D39/><U115/><E115/><V10/><F10/><W36/><REACH who="3" step="1"/><G54/><REACH who="3" ten="250,250,250,240" step="2"/><T38/><D38/><AGARI ba="0,1" hai="36,38,72,77,83,85,86,89,91,92,93,99,101,104" machi="38" ten="40,8000,1" yaku="1,1,2,1,9,1,24,2,53,0" doraHai="12" doraHaiUra="134" who="3" fromWho="0" sc="250,-80,250,0,250,0,240,90" /><INIT seed="1,0,0,4,2,99" ten="170,250,250,330" oya="1" hai0="120,97,128,49,21,54,133,1,47,98,4,93,59" hai1="71,94,40,76,6,31,78,69,13,34,116,106,135" hai2="105,84,23,46,110,33,72,85,90,52,41,19,81" hai3="7,45,86,14,53,12,104,75,70,51,35,43,111"/><U125/><E116/><V119/><F119/><W9/><G75/><T48/><D120/><U25/><E106/><V61/><F33/><W127/><G111/><T65/><D128/><U95/><E125/><V0/><F110/><W121/><G121/><T11/><D133/><U112/><E112/><V37/><F105/><W88/><G127/><T67/><D21/><U8/><E135/><V60/><F0/><W15/><G35/><T79/><D98/><U3/><E40/><V5/><F5/><W129/><G129/><T44/><D79/><U20/><E76/><V17/><F72/><W102/><G70/><T29/><D29/><U100/><E78/><V108/><F108/><W30/><G30/><T62/><D49/><U92/><REACH who="1" step="1"/><E100/><REACH who="1" ten="170,240,250,330" step="2"/><V130/><F130/><W118/><G118/><T74/><D74/><U96/><E96/><V32/><F41/><W42/><G102/><T107/><D107/><U89/><E89/><V58/><F90/><W26/><G104/><T114/><D114/><U126/><E126/><V113/><F113/><W68/><G43/><T39/><D39/><U82/><E82/><V131/><F81/><W91/><G42/><T115/><D115/><U124/><E124/><V109/><F131/><W16/><G91/><T117/><D117/><U50/><E50/><V122/><F109/><W80/><G68/><T56/><REACH who="0" step="1"/><D67/><REACH who="0" ten="160,240,250,330" step="2"/><U38/><E38/><V22/><F37/><W57/><G51/><T123/><D123/><U101/><E101/><AGARI ba="0,2" hai="1,4,11,44,47,48,54,56,59,62,65,93,97,101" machi="101" ten="30,3900,0" yaku="1,1,7,1,52,1,53,0" doraHai="99" doraHaiUra="36" who="0" fromWho="1" sc="160,59,240,-39,250,0,330,0" /><INIT seed="2,0,0,4,0,98" ten="219,201,250,330" oya="2" hai0="76,8,32,132,90,48,43,93,101,89,97,69,24" hai1="80,25,40,121,115,13,117,34,16,59,54,125,84" hai2="62,65,11,53,70,42,129,73,7,49,108,120,4" hai3="14,37,30,12,67,31,19,20,114,51,82,55,126"/><V91/><F120/><W77/><G37/><T39/><D69/><U63/><E115/><V50/><F73/><W79/><G126/><T61/><D39/><U134/><E117/><V105/><F105/><W102/><G114/><T111/><D61/><U5/><E125/><V81/><F129/><W130/><G130/><T75/><D111/><U38/><E121/><V94/><F81/><W21/><G67/><T47/><D132/><U29/><E134/><V64/><F64/><W44/><G102/><T99/><D8/><U86/><E5/><V119/><F119/><W74/><G79/><T96/><D76/><U22/><REACH who="1" step="1"/><E80/><REACH who="1" ten="219,191,250,330" step="2"/><V104/><F4/><W71/><G71/><T27/><D75/><U118/><E118/><V88/><F7/><W17/><AGARI ba="0,1" hai="12,14,17,19,20,21,30,31,44,51,55,74,77,82" machi="17" ten="30,2000,0" yaku="0,1,9,1" doraHai="98" who="3" fromWho="3" sc="219,-5,191,-5,250,-10,330,30" /><INIT seed="3,0,0,3,4,38" ten="214,186,240,360" oya="3" hai0="69,26,103,2,117,102,122,87,108,41,49,97,59" hai1="4,83,3,64,42,78,76,50,125,89,47,39,73" hai2="114,91,95,61,99,44,65,120,112,8,33,115,81" hai3="56,126,51,1,15,37,29,62,21,52,127,67,110"/><W80/><G1/><T24/><D117/><U128/><E128/><V40/><F33/><W53/><G37/><T28/><D122/><U72/><E125/><V96/><F120/><W48/><G110/><T63/><D108/><U101/><E101/><V12/><F81/><W68/><G80/><T70/><D2/><U93/><E64/><V98/><F12/><W54/><G15/><T124/><D87/><U43/><E76/><V16/><F16/><W106/><G106/><T6/><D6/><U121/><E121/><V109/><F8/><W7/><G7/><T25/><D28/><U9/><E72/><V100/><F100/><W13/><G54/><T17/><D17/><U90/><E93/><V71/><F109/><W35/><G35/><T46/><D124/><U23/><E23/><V66/><F66/><W75/><G75/><T88/><D88/><U79/><E79/><V14/><F14/><W45/><G13/><T58/><D58/><U22/><E22/><V133/><F65/><W113/><G113/><T55/><REACH who="0" step="1"/><D102/><REACH who="0" ten="204,186,240,360" step="2"/><U10/><E9/><V85/><F114/><W92/><G126/><T107/><AGARI ba="0,1" hai="24,25,26,41,46,49,55,59,63,69,70,97,103,107" machi="107" ten="30,8000,1" yaku="1,1,2,1,0,1,52,1,53,1" doraHai="38" doraHaiUra="94" who="0" fromWho="0" sc="204,90,186,-20,240,-20,360,-40" owari="294,9.4,166,-33.4,220,-18.0,320,42.0" /></mjloggm>