<mjloggm ver="2.3"><GO type="225" lobby="0"/><UN n0="%E3%82%AF%E3%82%A3%E3%82%A6" n1="%E5%91%A8%E6%9D%B1" n2="%E5%A4%8F%E9%88%B4%E9%88%B4%E5%A4%8F" n3="%66%67%67%68%68%64%66" dan="16,17,16,16" rate="2063.08,2231.08,2079.94,2088.00" sx="M,M,F,M"/><TAIKYOKU oya="0"/><INIT seed="0,0,0,2,5,62" ten="250,250,250,250" oya="0" hai0="88,44,103,86,18,96,49,67,16,19,46,23,28" hai1="70,135,104,7,77,90,110,54,106,5,131,40,97" hai2="41,130,95,133,123,14,116,127,73,111,10,17,115" hai3="56,20,100,57,39,61,36,3,1,85,119,132,102"/><T15/><D67/><U31/><E70/><V59/><F123/><W48/><G119/><T27/><D15/><U12/><E40/><V89/><F115/><W81/><G132/><T78/><D78/><U42/><E42/><V69/><F133/><W82/><G61/><T91/><D86/><U29/><E135/><V64/><F127/><W26/><G85/><T0/><D0/><U122/><E77/><V53/><F111/><W25/><G20/><T58/><D58/><U38/><E38/><V47/><F130/><W129/><REACH who="3" step="1"/><G48/><REACH who="3" ten="250,250,250,240" step="2"/><T45/><REACH who="0" step="1"/><D49/><REACH who="0" ten="240,250,250,240" step="2"/><U109/><E110/><V84/><F116/><W118/><G118/><T87/><D87/><U43/><E109/><V83/><F73/><W79/><G79/><T93/><AGARI ba="0,2" hai="16,18,19,23,27,28,44,45,46,88,91,93,96,103" machi="93" ten="30,12000,1" yaku="1,1,0,1,8,1,54,2,53,0" doraHai="62" doraHaiUra="68" who="0" fromWho="0" sc="240,140,250,-40,250,-40,240,-40" /><INIT seed="0,1,0,0,2,70" ten="380,210,210,200" oya="0" hai0="102,55,89,73,17,7,28,69,127,88,51,31,93" hai1="33,119,66,76,24,125,44,9,41,61,53,19,130" hai2="67,27,79,99,105,18,13,5,133,109,91,62,120" hai3="36,64,59,74,52,129,54,128,126,100,2,135,101"/><T117/><D73/><U48/><E119/><V1/><F120/><W116/><G2/><T11/><D69/><U124/><E130/><N who="3" m="50282" /><G74/><T114/><D114/><U103/><E76/><V132/><F109/><W106/><G116/><T57/><D127/><N who="1" m="48715" /><E103/><N who="3" m="39498" /><G106/><T6/><D117/><U16/><E9/><V20/><F105/><W121/><G126/><T81/><D17/><N who="1" m="6731" /><E33/><V39/><F79/><W47/><G135/><T46/><D102/><U118/><E24/><V35/><F27/><W134/><G134/><T26/><D46/><U108/><E118/><V40/><F18/><W56/><G121/><T49/><D49/><U98/><E98/><V115/><F99/><W43/><G64/><T82/><D89/><U3/><E3/><V68/><F91/><W21/><G21/><N who="0" m="15439" /><D31/><U94/><E94/><V8/><F67/><W10/><G10/><T87/><D11/><U131/><E131/><V83/><F8/><W72/><G72/><T84/><D84/><U104/><E104/><V75/><F75/><W22/><G22/><T14/><D14/><U90/><E90/><V30/><F20/><W95/><G95/><T4/><AGARI ba="1,0" hai="4,6,7,51,55,57,81,82,87,88,93" m="15439" machi="4" ten="30,3000,0" yaku="8,1,54,1" doraHai="70" who="0" fromWho="0" sc="380,33,210,-11,210,-11,200,-11" /><INIT seed="0,2,0,5,0,54" ten="413,199,199,189" oya="0" hai0="91,80,55,0,17,123,40,61,122,107,27,98,5" hai1="82,66,112,94,116,2,134,63,26,8,130,64,78" hai2="52,104,46,70,4,125,45,49,92,72,69,21,102" hai3="115,114,89,103,79,126,120,77,110,51,16,24,28"/><T67/><D55/><U87/><E116/><V129/><F104/><W76/><G110/><T39/><D91/><U108/><E108/><V41/><F72/><W65/><G126/><T117/><D17/><U101/><E112/><V106/><F106/><W19/><G120/><T132/><D117/><U10/><E134/><V1/><F125/><W12/><G103/><T121/><D132/><U85/><E130/><V71/><F129/><W81/><G65/><T31/><D80/><U124/><E2/><V25/><F4/><W83/><G51/><T7/><D7/><U99/><E124/><V29/><F1/><W75/><G89/><T34/><D40/><U105/><E66/><V42/><REACH who="2" step="1"/><F46/><REACH who="2" ten="413,199,189,189" step="2"/><W95/><G75/><T119/><D5/><U18/><E105/><V48/><F48/><W20/><G115/><T97/><D0/><U13/><E87/><V57/><F57/><W84/><G114/><T44/><D119/><U113/><E113/><V133/><F133/><W30/><G84/><T59/><D107/><U127/><E127/><V32/><F32/><W3/><G3/><T93/><D44/><U128/><E128/><V100/><F100/><W47/><G47/><T68/><D39/><U109/><E109/><V88/><F88/><W9/><REACH who="3" step="1"/><G95/><REACH who="3" ten="413,199,189,179" step="2"/><T14/><D93/><U62/><E94/><V111/><F111/><W37/><G37/><T74/><D74/><U135/><E101/><V118/><F118/><W73/><G73/><T90/><D90/><U131/><E135/><V96/><AGARI ba="2,2" hai="21,25,29,41,42,45,49,52,69,70,71,92,96,102" machi="96" ten="40,5200,0" yaku="1,1,0,1,54,1,53,0" doraHai="54" doraHaiUra="11" who="2" fromWho="2" sc="413,-28,199,-15,189,78,179,-15" /><INIT seed="1,0,0,2,3,29" ten="385,184,267,164" oya="1" hai0="118,74,121,52,78,94,109,68,12,120,41,90,42" hai1="14,17,116,36,130,135,26,38,89,11,85,67,108" hai2="87,127,5,70,32,125,113,51,75,63,92,2,134" hai3="96,49,101,58,82,56,10,57,59,64,97,50,126"/><U28/><E116/><V128/><F75/><W99/><G126/><T46/><D109/><U76/><E108/><V6/><F128/><W103/><G82/><N who="0" m="45399" /><D68/><U60/><E130/><V81/><F134/><W106/><G10/><T30/><D30/><U77/><E135/><V133/><F133/><W102/><G106/><T129/><D129/><U107/><E107/><V104/><F104/><W31/><G31/><T40/><D12/><U110/><E110/><V43/><F32/><W21/><G21/><T83/><D83/><U35/><E77/><V122/><F92/><W66/><G58/><T45/><D118/><U34/><E76/><V39/><F122/><N who="0" m="47210" /><D52/><U8/><E8/><V95/><F70/><W69/><G69/><T4/><D4/><U131/><E35/><V62/><F6/><W19/><G19/><T3/><D3/><U44/><E44/><N who="2" m="23679" /><F5/><W80/><G80/><T1/><D1/><U24/><E24/><V115/><F2/><W124/><G124/><N who="2" m="47689" /><F81/><W100/><N who="3" m="25600" /><DORA hai="9" /><W117/><G117/><T86/><AGARI ba="0,0" hai="40,41,42,45,46,86,90,94" m="47210,45399" machi="86" ten="30,1100,0" yaku="13,1" doraHai="29,9" who="0" fromWho="0" sc="385,11,184,-5,267,-3,164,-3" /><INIT seed="2,0,0,4,1,54" ten="396,179,264,161" oya="2" hai0="13,11,48,103,36,42,98,56,19,59,28,6,115" hai1="84,75,20,61,49,114,43,39,31,127,34,69,80" hai2="45,62,14,91,96,87,79,105,82,112,35,102,85" hai3="104,57,74,66,107,44,92,63,5,0,78,3,18"/><V88/><F35/><W67/><G67/><T65/><D115/><U52/><E114/><V4/><F112/><W73/><G92/><N who="0" m="58823" /><D65/><U53/><E75/><V70/><F45/><W30/><G30/><T128/><D36/><U58/><E127/><V26/><F70/><W27/><G44/><N who="0" m="25623" /><D128/><U1/><E1/><V135/><F62/><W125/><G125/><T51/><D28/><U129/><E34/><V134/><F26/><W21/><G73/><T97/><D97/><U99/><E99/><V64/><F64/><W110/><G110/><T38/><D38/><U116/><E129/><V83/><F14/><W12/><G12/><N who="0" m="5239" /><D51/><U72/><E72/><N who="2" m="43367" /><F4/><W117/><G117/><T89/><D89/><U90/><E39/><V132/><F132/><W101/><G101/><T7/><D7/><U68/><E43/><V113/><F113/><W60/><G60/><T123/><D123/><U8/><E116/><V126/><F126/><W106/><REACH who="3" step="1"/><G5/><REACH who="3" ten="396,179,264,151" step="2"/><T121/><D121/><U131/><E131/><V111/><F111/><W71/><G71/><T25/><D25/><N who="1" m="16807" /><E69/><V55/><F55/><W50/><G50/><T16/><D19/><U100/><E68/><V95/><AGARI ba="0,1" hai="83,85,87,88,91,95,96,102,105,134,135" m="43367" machi="95" ten="30,11700,0" yaku="24,1,34,2,54,1" doraHai="54" who="2" fromWho="2" sc="396,-39,179,-39,264,127,151,-39" /><INIT seed="2,1,0,2,5,111" ten="357,140,391,112" oya="2" hai0="1,93,104,18,24,75,100,89,47,133,40,3,58" hai1="73,87,69,61,8,119,45,35,6,94,105,116,38" hai2="114,43,20,0,5,110,107,60,21,129,44,132,124" hai3="134,15,12,39,57,65,46,126,55,50,135,33,48"/><V14/><F114/><W113/><G33/><T19/><D133/><N who="3" m="50697" /><G12/><T97/><D58/><U125/><E35/><V49/><F132/><W67/><G15/><T80/><D24/><U90/><E105/><V96/><F124/><W120/><G126/><T4/><D19/><U63/><E125/><V121/><F121/><W109/><G109/><T78/><D18/><U99/><E73/><V108/><F129/><W123/><G39/><N who="0" m="21919" /><D4/><U82/><E45/><V118/><F0/><W13/><G13/><T72/><D72/><U128/><E38/><V112/><F118/><W22/><G22/><T25/><D25/><U34/><E34/><V77/><F112/><W64/><G113/><T52/><D52/><AGARI ba="1,0" hai="46,48,50,52,55,57,64,65,67,120,123" m="50697" machi="52" ten="30,7700,0" yaku="20,1,34,2,54,1" doraHai="111" who="3" fromWho="0" sc="357,-80,140,0,391,0,112,80" /><INIT seed="3,0,0,0,3,133" ten="277,140,391,192" oya="3" hai0="58,11,116,18,111,119,40,14,123,92,65,98,24" hai1="131,73,76,1,115,23,81,17,9,29,57,96,41" hai2="88,2,13,71,38,0,21,32,118,99,120,45,16" hai3="30,54,62,93,56,19,100,69,68,122,91,102,114"/><W86/><G122/><T36/><D123/><U6/><E115/><V35/><F118/><W15/><G114/><T7/><D111/><U84/><E131/><V95/><F71/><W74/><G74/><T126/><D36/><U72/><E41/><V49/><F38/><W103/><REACH who="3" step="1"/><G30/><REACH who="3" ten="277,140,391,182" step="2"/><T85/><D119/><U77/><E29/><V4/><F120/><W135/><G135/><T50/><D116/><U70/><E73/><V124/><F124/><W34/><G34/><T97/><D126/><U130/><E72/><V87/><F35/><W27/><G27/><T37/><D37/><U78/><E130/><V80/><F32/><W107/><G107/><T132/><D132/><U110/><E110/><V134/><F134/><W26/><G26/><T106/><D106/><U128/><E128/><V125/><F125/><W60/><G60/><N who="0" m="38039" /><D24/><U43/><E70/><V10/><F49/><W104/><G104/><T5/><D50/><U108/><E108/><V8/><F45/><W127/><G127/><T22/><D40/><U75/><E75/><V31/><F31/><W42/><G42/><T67/><D67/><U20/><E43/><V112/><F112/><W52/><G52/><T12/><D5/><U28/><E28/><V47/><F47/><W113/><G113/><T61/><D61/><U89/><E57/><V53/><F53/><W33/><G33/><T109/><D109/><U101/><REACH who="1" step="1"/><E17/><REACH who="1" ten="277,130,391,182" step="2"/><V59/><F59/><W129/><G129/><T55/><D55/><U3/><E3/><N who="2" m="1067" /><F4/><W63/><G63/><T39/><D39/><U66/><E66/><V46/><F46/><RYUUKYOKU ba="0,2" sc="277,0,130,0,391,0,182,0" hai0="7,11,12,14,18,22,85,92,97,98" hai1="1,6,9,20,23,76,77,78,81,84,89,96,101" hai2="8,10,13,16,21,80,87,88,95,99" hai3="15,19,54,56,62,68,69,86,91,93,100,102,103" /><INIT seed="3,1,2,4,4,58" ten="277,130,391,182" oya="3" hai0="131,121,119,15,67,42,92,3,60,73,133,2,111" hai1="0,128,49,11,51,88,7,122,46,120,25,77,10" hai2="32,36,6,90,59,57,23,76,8,13,116,26,61" hai3="1,4,33,135,50,83,28,132,9,22,41,102,99"/><W118/><G118/><T91/><D119/><U104/><E104/><V21/><F36/><W123/><G123/><T20/><D121/><U24/><E128/><V66/><F32/><W53/><G41/><T34/><D34/><U81/><E11/><V82/><F90/><W17/><G83/><T93/><D111/><U68/><E68/><V106/><F106/><W114/><G114/><T43/><D131/><U54/><E49/><V74/><F116/><W71/><G71/><T39/><D73/><U97/><E122/><V95/><F26/><W18/><G33/><T56/><D133/><N who="3" m="51273" /><G22/><T105/><D105/><U125/><E120/><V40/><F95/><N who="0" m="36426" /><D39/><U72/><REACH who="1" step="1"/><E125/><REACH who="1" ten="277,120,391,182" step="2"/><V48/><F48/><W80/><G50/><T55/><D2/><U12/><E12/><V35/><F8/><W44/><G9/><T29/><D3/><U27/><E27/><V45/><F13/><W117/><G1/><T134/><D134/><U38/><E38/><V129/><F129/><W37/><G37/><T103/><D15/><U124/><E124/><V62/><F6/><W14/><G4/><T89/><D42/><U5/><E5/><V101/><F40/><W107/><G117/><T69/><D43/><U79/><E79/><V110/><F76/><W70/><G70/><T100/><D69/><U85/><E85/><V84/><F84/><W78/><G14/><T113/><D113/><U30/><E30/><V63/><F110/><W75/><G28/><T108/><D108/><U65/><E65/><V87/><F66/><W52/><G78/><T98/><D67/><U64/><E64/><RYUUKYOKU ba="1,3" sc="277,-10,120,30,391,-10,182,-10" hai1="0,7,10,24,25,46,51,54,72,77,81,88,97" owari="267,6.7,150,-35.0,411,51.1,172,-22.8" /></mjloggm>