<mjloggm ver="2.3"><GO type="225" lobby="0"/><UN n0="%E8%A8%88%E7%AE%97%E6%A9%9F%E8%87%AA%E7%84%B6" n1="%E6%98%93%E5%88%A9%E8%96%A9%E4%BC%AF" n2="%72%61%6B%33" n3="%6E%69%63%6F%6E%74%6F" dan="17,16,16,16" rate="2174.23,2107.81,2136.11,2112.18" sx="M,F,M,M"/><TAIKYOKU oya="0"/><INIT seed="0,0,0,3,0,96" ten="250,250,250,250" oya="0" hai0="44,13,111,26,2,125,38,57,43,36,90,113,80" hai1="93,24,100,101,3,23,97,129,64,77,127,109,133" hai2="66,14,91,29,39,110,114,35,122,55,6,105,94" hai3="123,11,67,82,10,86,50,83,9,71,85,69,132"/><T134/><D2/><U62/><E3/><V18/><F122/><W104/><G104/><T106/><D113/><U5/><E109/><V117/><F105/><W116/><G116/><T41/><D106/><U121/><E121/><V21/><F110/><W135/><G123/><T81/><D111/><U47/><E133/><N who="3" m="51274" /><G50/><T99/><D134/><U130/><E5/><V33/><F39/><W126/><G67/><T37/><D125/><U103/><E47/><V60/><F117/><W0/><G0/><T61/><D26/><U112/><E77/><V59/><F114/><W108/><G108/><T95/><D13/><U120/><E127/><V128/><F128/><N who="1" m="49257" /><E112/><V56/><F6/><W102/><G102/><T34/><D34/><U118/><E118/><V78/><F78/><W7/><G7/><T58/><D58/><N who="1" m="36951" /><E120/><V70/><F29/><AGARI ba="0,0" hai="23,24,29,93,97,100,101,103" m="36951,49257" machi="29" ten="30,8000,1" yaku="25,1,19,1,52,3" doraHai="96" who="1" fromWho="2" sc="250,0,250,80,250,-80,250,0" /><INIT seed="1,0,0,3,2,112" ten="250,330,170,250" oya="1" hai0="7,85,120,126,122,22,35,47,52,56,57,80,26" hai1="78,117,40,50,48,106,32,102,41,76,14,105,12" hai2="27,21,95,118,134,89,9,84,69,2,87,97,8" hai3="131,107,54,38,111,59,128,125,109,129,3,10,82"/><U13/><E32/><V39/><F134/><W37/><G107/><N who="1" m="40970" /><E102/><V101/><F39/><N who="3" m="14859" /><G82/><T29/><D126/><U18/><E18/><V83/><F69/><W17/><G17/><T77/><D7/><U67/><E67/><V16/><F118/><W24/><G24/><T133/><D133/><U93/><E93/><V98/><F2/><W71/><G10/><T64/><D64/><U6/><E6/><V68/><F68/><W19/><G19/><T61/><D56/><U58/><E58/><V11/><REACH who="2" step="1"/><F101/><REACH who="2" ten="250,330,160,250" step="2"/><W43/><G3/><T30/><D122/><U100/><E100/><V51/><F51/><N who="1" m="19497" /><E117/><V73/><F73/><W72/><G72/><T74/><D120/><U114/><E114/><V31/><F31/><W119/><G119/><T130/><D74/><U42/><AGARI ba="0,1" hai="12,13,14,40,41,42,76,78" m="19497,40970" machi="42" ten="40,3900,0" yaku="28,2" doraHai="112" who="1" fromWho="1" sc="250,-13,330,49,160,-13,250,-13" /><INIT seed="1,1,0,3,4,127" ten="237,379,147,237" oya="1" hai0="102,20,78,50,69,107,126,95,3,75,106,47,97" hai1="36,109,130,19,9,39,76,125,24,71,22,108,101" hai2="21,70,2,57,40,94,90,5,53,113,38,103,61" hai3="51,131,119,111,134,115,65,32,82,46,48,91,84"/><U98/><E71/><V23/><F113/><W41/><G115/><T105/><D69/><U93/><E125/><V100/><F5/><W16/><G32/><T74/><D3/><U14/><E76/><V123/><F2/><W135/><G111/><N who="1" m="42570" /><E130/><V25/><F123/><W29/><G29/><AGARI ba="1,0" hai="9,14,19,22,24,29,36,39,93,98,101" m="42570" machi="29" ten="30,2900,0" yaku="14,1,10,1" doraHai="127" who="1" fromWho="3" sc="237,0,379,32,147,0,237,-32" /><INIT seed="1,2,0,0,1,130" ten="237,411,147,205" oya="1" hai0="12,94,30,125,107,60,120,105,99,32,70,115,35" hai1="28,95,126,116,131,111,11,83,39,108,134,56,91" hai2="38,103,135,37,23,42,113,47,8,26,102,64,122" hai3="129,78,21,18,97,59,98,1,9,27,76,17,57"/><U80/><E116/><V90/><F122/><W13/><G129/><T29/><D115/><U36/><E131/><V40/><F113/><W24/><G1/><T16/><D120/><U10/><E28/><V106/><F64/><W93/><G27/><T45/><D125/><U62/><E126/><V6/><F90/><W68/><G68/><T63/><D45/><U55/><E36/><V46/><F106/><W20/><G9/><N who="1" m="3082" /><E39/><V48/><F48/><W2/><G2/><T89/><D70/><U22/><E22/><V43/><F43/><W31/><G31/><T67/><D67/><U85/><E134/><V54/><F54/><W4/><G4/><T51/><D51/><U110/><AGARI ba="2,0" hai="55,56,62,80,83,85,91,95,108,110,111" m="3082" machi="110" ten="40,3900,0" yaku="14,1,10,1" doraHai="130" who="1" fromWho="1" sc="237,-15,411,45,147,-15,205,-15" /><INIT seed="1,3,0,1,3,99" ten="222,456,132,190" oya="1" hai0="105,37,95,6,119,121,12,40,25,50,115,15,22" hai1="5,107,54,94,98,19,48,56,65,63,41,72,83" hai2="100,109,51,66,4,85,116,131,77,90,30,92,89" hai3="91,47,84,125,86,118,43,29,44,82,81,67,112"/><U59/><E107/><V70/><F116/><W122/><G112/><T133/><D105/><U134/><E134/><V34/><F109/><W1/><G122/><T93/><D37/><U2/><E41/><V124/><F124/><W76/><G1/><T0/><D0/><U17/><E5/><V102/><F131/><W57/><G125/><T135/><D115/><U55/><E2/><V32/><F77/><W52/><G118/><T114/><D114/><U96/><E96/><V20/><F4/><W21/><G67/><T113/><D113/><U68/><E83/><V42/><F20/><W53/><G53/><T26/><D119/><U88/><REACH who="1" step="1"/><E72/><REACH who="1" ten="222,446,132,190" step="2"/><V45/><F42/><W111/><G43/><T79/><D6/><U62/><AGARI ba="3,1" hai="17,19,48,54,55,56,59,62,63,65,68,88,94,98" machi="62" ten="20,12000,1" yaku="1,1,2,1,0,1,7,1,54,1,53,0" doraHai="99" doraHaiUra="103" who="1" fromWho="1" sc="222,-43,446,139,132,-43,190,-43" /><INIT seed="1,4,0,0,1,102" ten="179,585,89,147" oya="1" hai0="31,7,92,100,69,120,96,89,30,110,132,93,12" hai1="95,62,129,94,8,46,24,34,35,67,61,70,121" hai2="27,44,20,47,32,53,115,59,133,86,36,127,10" hai3="57,51,58,126,118,71,85,124,60,39,103,74,81"/><U11/><E121/><V50/><F127/><N who="3" m="48683" /><G118/><T5/><D69/><U130/><E46/><V104/><F133/><W113/><G113/><T17/><D110/><U66/><E70/><V134/><F134/><W131/><G131/><T6/><D120/><U26/><AGARI ba="4,0" hai="8,11,24,26,34,35,61,62,66,67,94,95,129,130" machi="26" ten="25,4800,0" yaku="0,1,22,2" doraHai="102" who="1" fromWho="1" sc="179,-20,585,60,89,-20,147,-20" /><INIT seed="1,5,0,2,4,126" ten="159,645,69,127" oya="1" hai0="54,25,107,19,130,85,91,60,104,3,86,2,67" hai1="51,0,125,17,41,87,63,50,133,113,106,93,24" hai2="110,94,102,76,109,108,80,28,116,43,16,58,27" hai3="6,114,72,101,36,100,129,30,62,88,37,1,73"/><U122/><E113/><V132/><F116/><W18/><G114/><T14/><D54/><U118/><E106/><V57/><F132/><W117/><G117/><T56/><D25/><U82/><E118/><V81/><F43/><W131/><G30/><T33/><D33/><U61/><E0/><V31/><F81/><W69/><G18/><T115/><D115/><U7/><E7/><V52/><F94/><W124/><G124/><T53/><D2/><U134/><E122/><V77/><F102/><W105/><G105/><T11/><D3/><U112/><E93/><V64/><F64/><W48/><G48/><T128/><D85/><U4/><E4/><V99/><F99/><W38/><G1/><T119/><D67/><U65/><E63/><V10/><F58/><W89/><G6/><T135/><D119/><U66/><E66/><V74/><F77/><W78/><G38/><T70/><D70/><U96/><E96/><V121/><F121/><W47/><G78/><T13/><D13/><U68/><E41/><V40/><F40/><W55/><G55/><T95/><D135/><N who="1" m="51723" /><E125/><V9/><F16/><W127/><G127/><T97/><REACH who="0" step="1"/><D107/><REACH who="0" ten="149,645,69,127" step="2"/><U75/><E112/><V12/><F12/><W90/><G69/><T79/><D79/><N who="1" m="44415" /><E87/><V46/><F109/><W32/><G73/><T49/><D49/><U59/><E68/><V120/><F110/><W8/><G72/><T103/><AGARI ba="5,1" hai="11,14,19,53,56,60,86,91,95,97,103,104,128,130" machi="103" ten="30,8000,1" yaku="1,1,0,1,52,2,53,1" doraHai="126" doraHaiUra="98" who="0" fromWho="0" sc="149,105,645,-45,69,-25,127,-25" /><INIT seed="2,0,0,5,2,71" ten="254,600,44,102" oya="2" hai0="78,39,94,8,116,56,20,72,27,46,83,103,63" hai1="65,60,51,0,61,134,73,130,68,77,129,125,121" hai2="24,67,10,29,21,111,108,80,58,62,50,53,117" hai3="5,120,23,131,49,55,91,6,105,34,9,98,112"/><V2/><F117/><W135/><G112/><T12/><D116/><U114/><E0/><V107/><F107/><W124/><G34/><T54/><D39/><U90/><E114/><V113/><F113/><W45/><G120/><T96/><D46/><U81/><E125/><V15/><F2/><W48/><G124/><T64/><D54/><U16/><E61/><V44/><REACH who="2" step="1"/><F80/><REACH who="2" ten="254,600,34,102" step="2"/><W119/><G119/><T70/><D83/><U3/><E81/><V1/><F1/><W118/><G118/><T95/><D95/><U69/><E3/><V128/><F128/><W109/><G131/><T19/><D72/><U102/><E73/><V4/><AGARI ba="0,1" hai="4,10,15,21,24,29,44,50,53,58,62,67,108,111" machi="4" ten="30,3000,0" yaku="1,1,0,1,53,0" doraHai="71" doraHaiUra="101" who="2" fromWho="2" sc="254,-10,600,-10,34,40,102,-10" /><INIT seed="2,1,0,1,5,133" ten="244,590,74,92" oya="2" hai0="54,31,28,79,38,49,5,131,91,121,105,116,135" hai1="60,45,13,102,111,55,84,59,23,107,26,103,114" hai2="25,128,9,89,101,90,65,70,61,109,129,113,48" hai3="0,124,40,100,33,118,63,41,44,58,27,17,39"/><V12/><F113/><W71/><G118/><T75/><D121/><U4/><E114/><V24/><F101/><W86/><G0/><T32/><D38/><U50/><E107/><V115/><F115/><W16/><G41/><T87/><D32/><U56/><E56/><V42/><F109/><W77/><G71/><T106/><D5/><U3/><E3/><V99/><F42/><W130/><G130/><N who="2" m="50281" /><F48/><W98/><G124/><T51/><D51/><U95/><E103/><V2/><F2/><W36/><G36/><T73/><D105/><U18/><E111/><V122/><F122/><W14/><G14/><T81/><D106/><U110/><E102/><V92/><F90/><W8/><G8/><T67/><D91/><U21/><E110/><V66/><F66/><W19/><G77/><T127/><D67/><U123/><E123/><V108/><F108/><W72/><G72/><T6/><D73/><U126/><E126/><V134/><F134/><W76/><G76/><T82/><D127/><U46/><E50/><V64/><F64/><W7/><G7/><AGARI ba="1,0" hai="7,9,12,24,25,61,65,70,89,92,99" m="50281" machi="7" ten="30,1500,0" yaku="19,1" doraHai="133" who="2" fromWho="3" sc="244,0,590,0,74,18,92,-18" /><INIT seed="2,2,0,4,4,29" ten="244,590,92,74" oya="2" hai0="65,126,26,10,33,11,130,108,34,121,105,66,113" hai1="86,78,118,119,51,70,49,134,106,59,52,21,103" hai2="76,77,131,25,96,4,104,3,74,64,120,30,68" hai3="82,102,56,114,92,19,14,75,32,94,71,67,85"/><V111/><F120/><W9/><G114/><T42/><D105/><U43/><E70/><V128/><F111/><W60/><G75/><T40/><D26/><U95/><E134/><V63/><F4/><W61/><G102/><T117/><D130/><N who="2" m="49706" /><F3/><W110/><G110/><T18/><D18/><U12/><E106/><V5/><F5/><W36/><G36/><T72/><D72/><U53/><E43/><V112/><F112/><W17/><G17/><T97/><D97/><U127/><E127/><V84/><F84/><W132/><G132/><T73/><D73/><U28/><E119/><V22/><F74/><W47/><G47/><T133/><D133/><U81/><E118/><V79/><F79/><W38/><G38/><T1/><D1/><U54/><E49/><V69/><F69/><W35/><G94/><T83/><D83/><U41/><E12/><V46/><F46/><W123/><G92/><T101/><D108/><U87/><E51/><V93/><F104/><W7/><G7/><T129/><D129/><U125/><E86/><V0/><F0/><W89/><G123/><T135/><D135/><U99/><E59/><V45/><F45/><W58/><G71/><T107/><D107/><U8/><E87/><V27/><F27/><W55/><AGARI ba="2,0" hai="9,14,19,32,35,55,56,58,60,61,67,82,85,89" machi="55" ten="20,5200,0" yaku="0,1,7,1,52,2" doraHai="29" who="3" fromWho="3" sc="244,-15,590,-15,92,-28,74,58" /><INIT seed="3,0,0,2,3,8" ten="229,575,64,132" oya="3" hai0="53,49,71,6,52,130,92,23,90,128,25,102,69" hai1="61,21,64,35,13,10,84,93,37,132,91,89,125" hai2="72,11,47,121,7,12,82,30,45,17,70,75,106" hai3="42,34,110,123,80,59,5,14,4,100,40,119,27"/><W39/><G119/><T50/><D102/><U44/><E35/><V38/><F106/><W87/><G123/><T73/><D73/><U56/><E132/><V134/><F121/><W78/><G110/><T62/><D6/><U105/><E105/><V127/><F134/><W88/><G100/><T98/><D50/><U48/><E37/><V54/><F127/><W22/><G34/><T94/><D94/><U107/><E107/><V111/><F111/><W0/><G0/><T51/><D51/><U85/><E21/><V55/><F70/><W96/><G39/><T2/><D2/><U63/><E63/><V20/><F30/><N who="3" m="17783" /><G59/><N who="0" m="35175" /><D53/><U99/><E125/><V41/><F45/><W122/><G5/><T19/><D49/><U133/><E133/><V32/><F32/><W81/><G81/><T124/><D124/><U3/><E3/><V118/><F118/><W129/><G129/><AGARI ba="0,0" hai="19,23,25,69,71,90,92,98,128,129,130" m="35175" machi="129" ten="30,3900,0" yaku="25,1,19,1,54,1" doraHai="8" who="0" fromWho="3" sc="229,39,575,0,64,0,132,-39" owari="268,6.8,575,67.5,64,-43.6,93,-30.7" /></mjloggm>