<mjloggm ver="2.3"><GO type="225" lobby="0"/><UN n0="%E5%91%A8%E6%9D%B1" n1="%6C%61%6D%62" n2="%E6%98%93%E5%88%A9%E8%96%A9%E4%BC%AF" n3="%E9%A6%AC%E5%BC%95%E7%81%AB%33" dan="16,16,16,16" rate="2172.18,2234.38,2118.41,2059.24" sx="M,M,F,M"/><TAIKYOKU oya="0"/><INIT seed="0,0,0,5,1,39" ten="250,250,250,250" oya="0" hai0="45,83,56,58,25,133,48,111,125,93,103,54,134" hai1="6,46,89,121,10,113,49,20,0,13,65,64,78" hai2="2,94,74,40,44,127,7,109,12,114,115,34,75" hai3="84,108,61,122,135,116,15,57,62,4,53,100,88"/><T97/><D125/><U99/><E121/><V27/><F109/><W67/><G116/><T32/><D111/><U59/><E113/><V11/><F127/><W71/><G108/><T130/><D130/><U79/><E0/><V29/><F94/><W105/><G135/><N who="0" m="51723" /><D83/><U26/><E89/><V92/><F92/><W87/><G122/><T16/><D16/><N who="1" m="12551" /><E99/><V124/><F12/><W3/><G3/><T117/><D117/><U85/><E59/><V119/><F119/><W43/><G43/><T30/><AGARI ba="0,0" hai="25,30,32,45,48,54,56,58,93,97,103" m="51723" machi="30" ten="30,1500,0" yaku="20,1" doraHai="39" who="0" fromWho="0" sc="250,15,250,-5,250,-5,250,-5" /><INIT seed="0,1,0,2,1,111" ten="265,245,245,245" oya="0" hai0="32,7,2,41,86,109,115,9,101,91,88,26,119" hai1="61,117,135,24,45,110,5,114,77,31,123,64,65" hai2="38,133,81,30,29,11,44,71,107,58,132,59,0" hai3="17,113,108,18,104,13,55,122,39,66,21,54,63"/><T129/><D119/><U70/><E117/><V47/><F107/><W93/><G108/><T94/><D109/><U85/><E110/><V34/><F71/><W3/><G104/><T103/><D115/><U127/><E123/><V35/><F11/><W124/><G113/><T95/><D129/><U89/><E114/><V46/><F81/><W25/><G124/><T72/><D72/><U121/><E121/><V51/><F38/><W98/><G3/><T74/><D74/><U52/><E135/><N who="2" m="51787" /><F0/><W40/><G40/><T112/><D112/><U50/><E5/><V36/><F51/><W130/><G39/><T19/><D41/><U28/><E127/><V62/><F62/><W79/><G79/><T126/><D126/><U131/><E131/><V73/><F73/><W56/><G122/><T105/><D105/><U87/><E65/><V118/><F118/><W27/><G130/><T83/><D83/><U42/><E77/><V128/><F36/><W99/><G99/><T15/><D32/><N who="2" m="12330" /><F128/><W23/><REACH who="3" step="1"/><G13/><REACH who="3" ten="265,245,245,235" step="2"/><T120/><D120/><U1/><E1/><V84/><F84/><W16/><G16/><T20/><D2/><U10/><E87/><AGARI ba="1,1" hai="7,9,15,19,20,26,86,87,88,91,94,95,101,103" machi="87" ten="30,11600,0" yaku="7,1,9,1,8,1,54,1" doraHai="111" who="0" fromWho="1" sc="265,129,245,-119,245,0,235,0" /><INIT seed="0,2,0,4,5,69" ten="394,126,245,235" oya="0" hai0="121,72,64,88,12,122,61,46,77,54,80,3,47" hai1="85,10,19,123,37,31,49,89,17,20,30,2,38" hai2="75,62,34,131,110,50,15,127,22,18,91,60,129" hai3="42,90,73,52,115,117,107,36,70,83,9,101,16"/><T97/><D3/><U81/><E123/><V120/><F75/><W68/><G115/><T0/><D0/><U39/><E49/><V92/><F120/><W109/><G117/><T43/><D12/><U26/><REACH who="1" step="1"/><E19/><REACH who="1" ten="394,116,245,235" step="2"/><V6/><F18/><W76/><G109/><T66/><D122/><U56/><E56/><V114/><F50/><W63/><G68/><T48/><D121/><U95/><E95/><V82/><F92/><W99/><G70/><T14/><D61/><U21/><E21/><V51/><F22/><W132/><G132/><T116/><D116/><U96/><E96/><V40/><F60/><W58/><G90/><T32/><D88/><U4/><AGARI ba="2,1" hai="2,4,10,17,20,26,30,31,37,38,39,81,85,89" machi="4" ten="40,8000,1" yaku="1,1,0,1,52,3,53,0" doraHai="69" doraHaiUra="41" who="1" fromWho="1" sc="394,-42,116,96,245,-22,235,-22" /><INIT seed="1,0,0,5,4,86" ten="352,212,223,213" oya="1" hai0="65,87,108,42,106,60,41,27,56,102,89,25,64" hai1="112,10,103,96,37,17,35,125,63,67,43,114,58" hai2="75,130,111,72,2,101,73,132,100,77,32,126,115" hai3="127,16,54,69,12,128,13,33,70,51,121,50,78"/><U61/><E35/><V98/><F2/><W9/><G121/><T109/><D65/><U122/><E122/><V29/><F29/><W21/><G33/><T45/><D102/><N who="2" m="39530" /><F32/><W94/><G127/><T124/><D106/><U49/><E125/><V59/><F59/><W129/><G78/><T107/><D107/><U1/><E37/><V55/><F55/><W79/><G79/><T18/><D124/><U0/><E0/><V83/><F126/><W120/><G94/><T80/><D41/><U119/><E119/><V23/><F23/><W134/><G134/><T117/><D117/><U34/><E34/><V24/><F24/><W84/><G84/><T14/><D108/><U93/><E63/><V123/><F123/><W8/><G21/><T5/><D5/><U53/><E43/><V113/><F111/><W19/><G120/><T85/><D85/><U46/><REACH who="1" step="1"/><E17/><REACH who="1" ten="352,202,223,213" step="2"/><V11/><F132/><W68/><REACH who="3" step="1"/><G51/><REACH who="3" ten="352,202,223,203" step="2"/><N who="0" m="27063" /><D109/><U76/><E76/><V82/><F77/><W22/><G22/><AGARI ba="0,2" hai="14,18,22,25,27,56,60,64,80,87,89" m="27063" machi="22" ten="30,2000,0" yaku="8,1,52,1" doraHai="86" who="0" fromWho="3" sc="352,40,202,0,223,0,203,-20" /><INIT seed="2,0,0,4,3,48" ten="392,202,223,183" oya="2" hai0="116,106,55,20,27,57,110,100,53,135,101,65,46" hai1="32,72,132,90,92,125,17,107,99,80,123,77,7" hai2="36,58,93,33,43,75,79,37,34,16,121,11,59" hai3="14,40,19,4,73,51,129,6,109,78,35,81,9"/><V10/><F121/><W87/><G109/><T38/><D110/><U130/><E32/><V103/><F75/><W122/><G129/><T133/><D116/><U89/><E130/><V98/><F79/><W84/><G122/><T50/><D106/><U127/><E7/><V39/><F43/><W119/><G35/><T1/><D65/><U8/><E8/><V126/><F126/><N who="1" m="48137" /><E17/><V56/><REACH who="2" step="1"/><F11/><REACH who="2" ten="392,202,213,183" step="2"/><W85/><REACH who="3" step="1"/><G119/><REACH who="3" ten="392,202,213,173" step="2"/><T21/><D135/><U49/><E123/><V24/><F24/><W108/><G108/><T45/><D133/><U25/><E132/><V0/><F0/><W62/><G62/><T86/><D1/><U97/><E25/><V26/><F26/><W28/><G28/><T134/><D27/><U104/><E49/><V117/><F117/><W70/><G70/><T88/><D50/><U15/><E15/><AGARI ba="0,2" hai="10,15,16,33,34,36,37,39,56,58,59,93,98,103" machi="15" ten="50,4800,0" yaku="1,1,54,1,53,0" doraHai="48" doraHaiUra="47" who="2" fromWho="1" sc="392,0,202,-48,213,68,173,0" /><INIT seed="2,1,0,1,3,5" ten="392,154,281,173" oya="2" hai0="9,50,40,2,56,16,107,54,128,44,10,73,67" hai1="14,66,11,101,82,26,47,88,95,63,45,108,55" hai2="112,72,48,69,124,65,106,36,8,98,17,131,118" hai3="31,12,7,105,30,89,37,96,53,0,52,62,77"/><V19/><F112/><W18/><G37/><T134/><D107/><U29/><E108/><V110/><F36/><W46/><G77/><T114/><D114/><U22/><E101/><V94/><F72/><W51/><G7/><T109/><D109/><U93/><E82/><V13/><F118/><W43/><G0/><T83/><D2/><U120/><E120/><V126/><F106/><W122/><G122/><T68/><D128/><U121/><E121/><V129/><F110/><W100/><G89/><T71/><D134/><U103/><E103/><V84/><F84/><W1/><G1/><T42/><D42/><U116/><E55/><V58/><F69/><W130/><G130/><N who="2" m="49673" /><F19/><W59/><REACH who="3" step="1"/><G43/><REACH who="3" ten="392,154,281,163" step="2"/><T99/><D40/><U33/><E116/><V34/><F126/><W125/><G125/><T20/><D73/><U86/><E33/><V97/><F34/><W32/><G32/><T123/><D123/><U75/><E75/><V21/><F124/><W74/><G74/><T23/><D71/><U38/><E38/><V85/><F85/><W119/><G119/><T15/><D68/><U79/><E79/><V60/><F98/><W70/><G70/><T113/><D99/><U3/><E3/><V102/><F48/><W78/><G78/><T92/><D50/><U61/><E86/><V87/><F87/><W132/><G132/><T57/><D113/><U80/><E80/><V76/><F76/><W4/><G4/><T104/><D83/><U41/><E41/><V28/><F97/><W91/><G91/><T135/><D104/><U81/><E81/><V39/><F39/><RYUUKYOKU ba="1,1" sc="392,-10,154,-10,281,-10,163,30" hai3="12,18,30,31,46,51,52,53,59,62,96,100,105" /><INIT seed="3,2,1,1,3,64" ten="382,144,271,193" oya="3" hai0="40,43,72,2,62,90,126,51,116,47,67,132,20" hai1="131,92,54,34,16,31,5,29,56,77,93,25,71" hai2="123,69,91,13,55,135,17,106,97,22,119,35,32" hai3="134,109,50,24,114,1,74,96,127,59,104,95,44"/><W39/><G1/><T61/><D116/><U33/><E5/><V46/><F119/><W68/><G74/><T99/><D72/><U60/><E131/><V23/><F69/><W130/><G68/><T53/><D2/><U73/><E73/><V0/><F0/><W129/><G114/><T3/><D3/><U117/><E117/><V112/><F135/><W128/><G127/><T78/><D78/><U15/><E77/><V89/><F123/><W105/><G109/><T21/><D126/><U88/><E71/><V122/><F23/><N who="0" m="8778" /><D132/><U48/><E60/><N who="0" m="23145" /><D67/><U111/><E111/><V120/><F112/><W101/><G24/><T118/><D118/><U84/><E93/><AGARI ba="2,1" hai="40,43,47,51,53,90,93,99" m="23145,8778" machi="93" ten="30,1000,0" yaku="8,1" doraHai="64" who="0" fromWho="1" sc="382,26,144,-16,271,0,193,0" owari="408,50.8,128,-37.2,271,7.1,193,-20.7" /></mjloggm>