<mjloggm ver="2.3"><GO type="225" lobby="0"/><UN n0="%E3%81%AD%E3%82%80%E3%81%84%40%E9%9B%80%E9%B3%B4%E4%BC%9A" n1="%E9%B3%B4%E8%8C%B6" n2="%E3%81%AF%E3%82%88%E3%81%8A%E3%81%98%E3%81%95%E3%82%93" n3="%E3%83%96%E3%83%83%E3%83%91%E3%82%AA%E3%83%96%E3%83%81%E3%82%AD%E3%83%B3" dan="16,16,17,16" rate="2207.33,2176.19,2169.62,2138.55" sx="F,M,M,M"/><TAIKYOKU oya="0"/><INIT seed="0,0,0,1,1,16" ten="250,250,250,250" oya="0" hai0="11,114,15,30,56,53,48,115,75,51,109,133,37" hai1="77,66,116,47,89,62,73,46,43,92,123,5,59" hai2="21,84,7,103,24,35,112,61,90,1,6,72,86" hai3="45,124,2,33,79,102,95,0,111,105,120,118,14"/><T71/><D75/><U28/><E123/><V127/><F72/><W23/><G118/><T128/><D37/><U100/><E116/><V12/><F112/><W96/><G120/><T29/><D71/><U67/><E100/><V82/><F127/><W108/><G33/><T64/><D128/><U26/><E5/><V135/><F135/><W74/><G124/><T91/><D133/><U36/><E47/><V94/><F1/><W131/><G131/><T31/><D109/><N who="3" m="42057" /><G45/><T119/><D119/><U132/><E132/><V44/><F35/><W18/><G105/><T19/><D64/><U134/><E134/><V52/><F12/><W104/><G104/><T39/><D39/><U106/><E106/><V130/><F130/><W27/><G14/><T97/><REACH who="0" step="1"/><D51/><REACH who="0" ten="240,250,250,250" step="2"/><U80/><E67/><V25/><F61/><W34/><G34/><T63/><D63/><U129/><E129/><V69/><F69/><W54/><G54/><T65/><D65/><U125/><E125/><V9/><F52/><W110/><G110/><T93/><AGARI ba="0,1" hai="11,15,19,29,30,31,48,53,56,91,93,97,114,115" machi="93" ten="30,3000,0" yaku="1,1,0,1,53,0" doraHai="16" doraHaiUra="98" who="0" fromWho="0" sc="240,40,250,-10,250,-10,250,-10" /><INIT seed="0,1,0,3,1,66" ten="280,240,240,240" oya="0" hai0="20,70,8,101,84,2,108,59,127,112,9,16,69" hai1="25,41,123,113,60,63,11,85,1,132,117,99,109" hai2="26,55,21,71,29,93,77,110,80,114,119,30,120" hai3="83,18,90,96,37,27,39,13,115,28,10,89,6"/><T126/><D112/><U103/><E117/><V130/><F114/><W46/><G115/><T23/><D108/><U45/><E123/><V72/><F120/><W106/><G46/><T62/><D101/><U65/><E109/><V3/><F110/><W51/><G51/><T76/><D76/><U105/><E132/><V86/><F3/><W97/><G106/><T131/><D84/><U14/><E1/><V124/><F119/><W36/><G6/><N who="0" m="1111" /><D9/><U7/><E113/><V33/><F71/><N who="0" m="27146" /><D16/><U34/><E85/><V75/><F93/><W91/><REACH who="3" step="1"/><G83/><REACH who="3" ten="280,240,240,230" step="2"/><T95/><D95/><U122/><E122/><V88/><F80/><W121/><G121/><T94/><D94/><U73/><E105/><V68/><F86/><W56/><G56/><T135/><D135/><U134/><E134/><V52/><F68/><W82/><G82/><T133/><D133/><U32/><E45/><V57/><F57/><W111/><G111/><T49/><D49/><U87/><E87/><V102/><F75/><W43/><G43/><T4/><D131/><U129/><E41/><V44/><F72/><W128/><G128/><T78/><D4/><U98/><E7/><V15/><F44/><W104/><G104/><T61/><D61/><U47/><E63/><V35/><F130/><W116/><G116/><T17/><D59/><U100/><E60/><V74/><F74/><W64/><G64/><T79/><D62/><U22/><E73/><V81/><F81/><W58/><G58/><T19/><D79/><U92/><E129/><V24/><F77/><W54/><G54/><T40/><D78/><RYUUKYOKU ba="1,1" sc="280,-10,240,-10,240,-10,230,30" hai3="10,13,18,27,28,36,37,39,89,90,91,96,97" /><INIT seed="1,2,1,4,1,36" ten="270,230,230,260" oya="1" hai0="101,57,91,115,64,61,111,123,106,47,129,32,15" hai1="42,31,9,55,40,92,18,26,119,62,50,67,46" hai2="127,35,85,116,78,75,88,121,71,104,52,113,30" hai3="28,87,48,125,59,132,99,38,49,10,69,107,97"/><U117/><E119/><V124/><F116/><W81/><G69/><T77/><D115/><U108/><E108/><V134/><F121/><W60/><G38/><T112/><D112/><U51/><E117/><V1/><F71/><W103/><G132/><T95/><D32/><U29/><E92/><V72/><F1/><W105/><G125/><N who="2" m="48201" /><F104/><W7/><G28/><N who="1" m="10826" /><E51/><V110/><F113/><W73/><G73/><N who="2" m="28233" /><F78/><W12/><G99/><T5/><D77/><U130/><E130/><V17/><F134/><W14/><G14/><T86/><D129/><U89/><E89/><V126/><N who="2" m="48209" /><V131/><DORA hai="66" /><F110/><W79/><REACH who="3" step="1"/><G107/><REACH who="3" ten="270,230,230,250" step="2"/><T84/><D106/><U44/><E46/><V41/><F131/><W100/><G100/><T96/><D47/><U133/><E133/><V58/><F58/><W43/><G43/><N who="1" m="16426" /><E26/><N who="2" m="18903" /><F41/><W24/><G24/><T45/><D45/><U23/><E9/><V16/><F52/><AGARI ba="2,2" hai="7,10,12,48,49,52,59,60,79,81,87,97,103,105" machi="52" ten="30,7700,0" yaku="1,1,7,1,54,1,53,1" doraHai="36,66" doraHaiUra="76,70" who="3" fromWho="2" sc="270,0,230,0,230,-83,250,103" /><INIT seed="2,0,0,0,0,113" ten="270,230,147,353" oya="2" hai0="60,42,58,79,107,52,94,44,2,48,81,84,108" hai1="22,4,20,90,91,132,9,112,69,32,102,51,23" hai2="59,121,56,85,75,62,117,53,65,104,114,101,97" hai3="134,57,7,13,64,8,100,12,16,119,111,45,123"/><V39/><F114/><W46/><G123/><T68/><D108/><U63/><E112/><V71/><F121/><W35/><G111/><T43/><D107/><U74/><E32/><V3/><F75/><W129/><G35/><T66/><D2/><U99/><E132/><V133/><F133/><W92/><G134/><T11/><D11/><U30/><E74/><V96/><F3/><W103/><G129/><T21/><D21/><U87/><E30/><V70/><F39/><W41/><G119/><T33/><D33/><U72/><E72/><V120/><F120/><W18/><G7/><T15/><D15/><U49/><E63/><V61/><F117/><W47/><G41/><T76/><D94/><U130/><E69/><V118/><F118/><W124/><G124/><T127/><D127/><U38/><E38/><V125/><F125/><W88/><G57/><T105/><D105/><U116/><E116/><V10/><F10/><N who="3" m="6167" /><G64/><T78/><REACH who="0" step="1"/><D42/><REACH who="0" ten="260,230,147,353" step="2"/><U17/><E130/><V26/><F26/><W126/><G126/><T6/><D6/><U67/><E9/><V106/><REACH who="2" step="1"/><F85/><AGARI ba="0,1" hai="8,13,18,45,46,47,85,88,92,100,103" m="6167" machi="85" ten="30,3900,0" yaku="8,1,54,2" doraHai="113" who="3" fromWho="2" sc="260,0,230,0,147,-39,353,49" /><INIT seed="3,0,0,4,1,130" ten="260,230,108,402" oya="3" hai0="8,35,57,65,48,80,87,81,30,127,108,55,26" hai1="106,70,112,86,51,56,115,129,79,12,114,21,5" hai2="23,47,118,2,132,1,53,117,58,9,43,103,59" hai3="83,131,39,99,33,15,125,46,111,54,100,102,73"/><W63/><G131/><T3/><D108/><U94/><E129/><V101/><F23/><W4/><G33/><T98/><D127/><U104/><E70/><V60/><F47/><W109/><G125/><T67/><D81/><U68/><E68/><V123/><F9/><W18/><G4/><T124/><D124/><U22/><E79/><V82/><F82/><W16/><G39/><T17/><D98/><U97/><E22/><V116/><F43/><W122/><G122/><T36/><D36/><U62/><E51/><V88/><F123/><W128/><G128/><T85/><D85/><U37/><E86/><V27/><F27/><W89/><G73/><T93/><D93/><U28/><E5/><V42/><F42/><W133/><G133/><T52/><D55/><U11/><E37/><V38/><F38/><W49/><G63/><T14/><D3/><U7/><E21/><V110/><F53/><W119/><G119/><T24/><D26/><U95/><E28/><V69/><F60/><W78/><G78/><AGARI ba="0,0" hai="8,14,17,24,30,35,48,52,57,65,67,78,80,87" machi="78" ten="30,2000,0" yaku="7,1,54,1" doraHai="130" who="0" fromWho="3" sc="260,20,230,0,108,0,402,-20" owari="280,8.0,230,-17.0,108,-39.2,382,48.2" /></mjloggm>