<mjloggm ver="2.3"><GO type="225" lobby="0"/><UN n0="%E3%83%96%E3%83%83%E3%83%91%E3%82%AA%E3%83%96%E3%83%81%E3%82%AD%E3%83%B3" n1="%E3%81%8B%E3%82%8F%E3%81%A1%E3%82%83%E3%82%93%35%38" n2="%E6%A1%9C%E8%8A%B1%E9%96%83%E3%80%85" n3="%E9%A6%AC%E5%BC%95%E7%81%AB%33" dan="17,16,17,16" rate="2208.27,2158.97,2267.75,2081.00" sx="M,M,M,M"/><TAIKYOKU oya="0"/><INIT seed="0,0,0,0,4,92" ten="250,250,250,250" oya="0" hai0="94,46,121,102,71,45,51,10,128,49,107,85,91" hai1="76,6,32,3,108,133,22,109,14,61,21,42,23" hai2="50,86,117,118,57,124,115,13,34,104,105,122,54" hai3="5,58,101,15,52,81,8,24,84,114,4,73,126"/><T80/><D121/><U88/><E76/><V35/><F122/><W60/><G126/><T17/><D128/><U12/><E42/><V65/><F115/><W113/><G73/><T98/><D71/><U119/><E61/><N who="2" m="38063" /><F86/><W134/><G134/><T112/><D112/><U83/><E83/><V39/><F13/><N who="1" m="5225" /><E88/><V38/><F124/><W63/><G24/><T78/><D10/><N who="1" m="2399" /><E133/><V25/><F25/><W99/><G4/><T68/><D17/><U87/><E87/><V95/><F95/><W131/><G131/><T67/><D68/><U70/><E70/><V40/><F40/><W7/><G63/><T18/><D18/><U29/><E119/><N who="2" m="45579" /><F105/><W36/><G5/><T47/><REACH who="0" step="1"/><D67/><REACH who="0" ten="240,250,250,250" step="2"/><U11/><E11/><V16/><F16/><W44/><G113/><T59/><D59/><U74/><E74/><AGARI ba="0,1" hai="45,46,47,49,51,74,78,80,85,91,94,98,102,107" machi="74" ten="40,12000,1" yaku="1,1,24,2,52,1,53,0" doraHai="92" doraHaiUra="120" who="0" fromWho="1" sc="240,130,250,-120,250,0,250,0" /><INIT seed="0,1,0,5,0,130" ten="370,130,250,250" oya="0" hai0="124,32,68,61,19,44,129,3,111,13,37,17,25" hai1="117,99,121,40,89,78,80,109,134,57,47,31,36" hai2="76,87,73,79,126,106,48,94,69,100,45,116,64" hai3="30,71,59,120,4,104,34,113,49,10,115,91,16"/><T81/><D129/><U42/><E117/><V84/><F116/><W131/><G71/><T54/><D3/><U9/><E121/><V43/><F126/><W50/><G131/><T112/><D112/><U97/><E109/><V12/><F106/><W33/><G104/><T7/><D124/><U8/><E31/><V74/><F74/><W75/><G75/><T56/><D111/><U118/><E118/><V53/><F73/><W72/><G72/><T55/><D68/><U52/><E42/><V102/><F12/><W21/><G120/><T85/><D32/><U14/><E14/><V107/><F107/><W103/><G103/><T38/><D25/><U27/><E134/><V6/><F6/><W105/><G105/><T5/><D38/><U128/><E99/><V125/><BYE who="1" /><F53/><W24/><G91/><UN n1="%E3%81%8B%E3%82%8F%E3%81%A1%E3%82%83%E3%82%93%35%38" /><T127/><D127/><U22/><E128/><V67/><F67/><W63/><G34/><T132/><D132/><U15/><E15/><V122/><F122/><W0/><G113/><T114/><D114/><U2/><E2/><V82/><F94/><W93/><G93/><T96/><D96/><U23/><E97/><V58/><F69/><W108/><G108/><T26/><D26/><U119/><E119/><V133/><F133/><W70/><G70/><T86/><D86/><N who="2" m="32810" /><F125/><W101/><G101/><N who="2" m="39017" /><F82/><W83/><G83/><T35/><D35/><U110/><E110/><V135/><F135/><W20/><G115/><T28/><D37/><U90/><E36/><N who="2" m="21735" /><F64/><N who="3" m="39039" /><G33/><T62/><D85/><U98/><E80/><V1/><F1/><W39/><G39/><T95/><D81/><RYUUKYOKU ba="1,0" sc="370,-15,130,-15,250,15,250,15" hai2="48,58,76,79" hai3="0,4,10,16,20,21,24,30,49,50" /><INIT seed="1,2,0,5,3,105" ten="355,115,265,265" oya="1" hai0="63,119,55,34,11,132,48,124,32,2,42,84,21" hai1="64,39,69,90,125,19,80,46,98,23,70,45,44" hai2="68,112,25,114,1,30,106,65,72,51,111,12,81" hai3="91,54,86,66,109,3,53,93,57,56,99,83,121"/><U14/><E125/><V36/><F1/><W27/><G109/><T126/><D119/><U78/><E39/><V110/><F36/><W104/><G3/><T100/><D132/><U50/><E50/><V129/><F129/><W115/><G121/><T29/><D100/><U59/><E59/><N who="3" m="22602" /><G104/><T0/><D63/><U26/><E64/><V17/><F106/><W15/><G115/><N who="2" m="44073" /><F51/><W58/><G15/><T135/><D42/><U120/><E120/><V43/><F43/><W134/><G27/><N who="0" m="16623" /><D84/><U60/><E60/><N who="2" m="39975" /><F17/><W76/><G134/><T113/><D135/><U123/><E123/><V8/><F8/><W95/><G95/><T94/><D94/><U79/><E70/><V107/><F12/><W101/><G101/><T10/><D113/><U77/><E69/><V13/><F13/><W88/><G91/><T35/><D48/><U97/><REACH who="1" step="1"/><E14/><REACH who="1" ten="355,105,265,265" step="2"/><V74/><F107/><W85/><G99/><T37/><D37/><U102/><E102/><V96/><F96/><W62/><AGARI ba="2,1" hai="53,54,58,62,66,76,83,85,86,88,93" m="22602" machi="62" ten="30,2000,0" yaku="8,1,54,1" doraHai="105" who="3" fromWho="3" sc="355,-7,105,-12,265,-7,265,36" /><INIT seed="2,0,0,0,0,120" ten="348,93,258,301" oya="2" hai0="23,16,78,85,3,122,21,108,53,1,42,131,134" hai1="102,34,60,12,100,117,4,58,43,101,129,55,11" hai2="50,37,109,91,7,8,49,19,114,64,106,90,92" hai3="110,15,6,130,123,61,77,67,124,5,74,57,45"/><V72/><F114/><W70/><G123/><T95/><D122/><U88/><E129/><V56/><F106/><W132/><G130/><T54/><D131/><U71/><E34/><V28/><F37/><W14/><G124/><T25/><D134/><U82/><E71/><V87/><F72/><W22/><G132/><T2/><D42/><U66/><E117/><V73/><F73/><W76/><G45/><T89/><D108/><U20/><E43/><V121/><F121/><W36/><G36/><T107/><D107/><U26/><E66/><V51/><F28/><W112/><G112/><T115/><D115/><U126/><E126/><V13/><F109/><W99/><G110/><T118/><D118/><U75/><E75/><V10/><F91/><W35/><G35/><T46/><D46/><U17/><REACH who="1" step="1"/><E101/><REACH who="1" ten="348,83,258,301" step="2"/><V47/><F64/><W119/><G67/><T59/><D54/><U111/><E111/><V81/><F56/><W104/><G57/><T48/><D53/><U68/><E68/><V83/><REACH who="2" step="1"/><F47/><REACH who="2" ten="348,83,248,301" step="2"/><W98/><G70/><T38/><D59/><U27/><E27/><V133/><F133/><W18/><G74/><T94/><D25/><U40/><E40/><V69/><F69/><W29/><G119/><T96/><D38/><U103/><E103/><V44/><F44/><W0/><G104/><T79/><D48/><U24/><E24/><V9/><F9/><W86/><G76/><T52/><D79/><U125/><E125/><V116/><F116/><W127/><G77/><T62/><D78/><U63/><E63/><V84/><F84/><AGARI ba="0,2" hai="4,11,12,17,20,26,55,58,60,82,84,88,100,102" machi="84" ten="40,5200,0" yaku="1,1,8,1,54,1,53,0" doraHai="120" doraHaiUra="65" who="1" fromWho="2" sc="348,0,83,72,248,-52,301,0" /><INIT seed="3,0,0,4,4,4" ten="348,155,196,301" oya="3" hai0="91,89,48,33,93,126,134,100,12,21,105,50,60" hai1="74,108,125,114,13,55,11,78,135,94,22,46,42" hai2="64,119,111,3,99,39,103,121,16,75,95,36,113" hai3="29,120,27,131,69,76,25,40,2,116,15,110,62"/><W117/><G120/><T24/><D126/><U38/><E114/><V61/><F119/><W10/><G2/><T115/><D115/><U86/><E125/><V84/><F113/><W65/><G131/><T104/><D134/><U53/><E108/><V31/><F75/><W85/><G110/><T0/><D0/><U57/><E135/><V101/><F111/><W26/><G29/><N who="0" m="17551" /><D33/><U5/><E74/><V82/><F121/><W122/><G122/><T73/><D105/><U79/><E55/><V77/><F3/><W18/><REACH who="3" step="1"/><G40/><REACH who="3" ten="348,155,196,291" step="2"/><T81/><D104/><U109/><E109/><V20/><F31/><W54/><G54/><T9/><D73/><U35/><E35/><V51/><F103/><W44/><G44/><T96/><D60/><U83/><E94/><V107/><F107/><W63/><G63/><T102/><D102/><U47/><E47/><V98/><F101/><W52/><G52/><T128/><D128/><U106/><E106/><V6/><F95/><W123/><G123/><T80/><D100/><U30/><E30/><V118/><F61/><W34/><G34/><T28/><D28/><U97/><E22/><V7/><F20/><W43/><G43/><T92/><D81/><AGARI ba="0,1" hai="10,15,18,25,26,27,62,65,69,76,81,85,116,117" machi="81" ten="40,3900,0" yaku="1,1,52,1,53,0" doraHai="4" doraHaiUra="71" who="3" fromWho="0" sc="348,-39,155,0,196,0,291,49" owari="309,10.9,155,-34.5,196,-20.4,340,44.0" /></mjloggm>