<mjloggm ver="2.3"><GO type="225" lobby="0"/><UN n0="%E3%81%A4%E3%81%A3%E3%81%B1%E3%82%8A%E3%83%9D%E3%83%BC%E3%83%AB" n1="%E5%91%A8%E6%9D%B1" n2="%E3%83%A9%E3%82%B9%E7%8E%87%EF%BC%93%E5%89%B2" n3="%E3%82%A4%E3%83%BC%E3%82%B1%E3%83%97%E3%83%A9" dan="17,17,17,16" rate="2139.17,2141.94,2201.52,2164.11" sx="M,M,F,M"/><TAIKYOKU oya="0"/><INIT seed="0,0,0,5,4,66" ten="250,250,250,250" oya="0" hai0="26,36,131,89,52,43,101,19,72,84,5,41,18" hai1="80,87,28,104,49,133,124,112,123,121,91,55,132" hai2="75,15,70,7,115,46,57,67,8,119,45,135,31" hai3="122,4,99,130,114,13,20,53,48,39,44,25,21"/><T93/><D131/><U92/><E28/><V74/><F115/><W3/><G3/><T110/><D72/><U83/><E104/><V38/><F135/><N who="1" m="51785" /><E112/><V125/><F125/><W61/><G114/><T35/><D110/><U42/><E42/><N who="0" m="15881" /><D35/><U86/><E124/><V50/><F38/><W63/><G39/><T62/><D36/><U6/><E6/><V54/><F31/><W103/><G122/><N who="1" m="46602" /><E87/><V113/><F119/><W12/><G130/><T68/><D68/><U94/><E94/><V128/><F128/><W95/><G21/><T71/><D71/><U127/><E127/><V60/><REACH who="2" step="1"/><F113/><REACH who="2" ten="250,250,240,250" step="2"/><W100/><G100/><T29/><D101/><U96/><E96/><V90/><F90/><W0/><G0/><T106/><D29/><U2/><E2/><V47/><AGARI ba="0,1" hai="7,8,15,45,46,47,50,54,57,60,67,70,74,75" machi="47" ten="30,4000,0" yaku="1,1,0,1,52,1,53,0" doraHai="66" doraHaiUra="79" who="2" fromWho="2" sc="250,-20,250,-10,240,50,250,-10" /><INIT seed="1,0,0,2,2,2" ten="230,240,290,240" oya="1" hai0="72,128,65,1,71,84,90,53,78,111,54,36,9" hai1="101,134,83,24,37,74,93,23,19,30,3,17,11" hai2="43,47,135,116,18,125,63,117,107,98,52,86,6" hai3="12,130,48,51,129,127,123,59,58,131,42,25,133"/><U126/><E37/><V99/><F135/><W69/><G123/><T44/><D111/><U26/><E134/><V114/><F125/><W29/><G133/><T68/><D128/><U76/><E126/><V55/><F114/><W35/><G127/><T4/><D71/><U85/><E26/><V13/><F107/><W0/><G0/><T122/><D122/><U49/><E49/><N who="3" m="19018" /><G69/><T95/><D65/><U33/><E33/><V73/><F73/><W46/><G12/><T28/><D28/><U8/><E8/><V91/><F116/><W100/><G100/><T57/><D57/><N who="3" m="21513" /><G46/><T16/><D16/><U113/><E113/><V79/><F18/><W27/><G27/><T106/><D106/><U110/><E110/><V41/><F13/><W56/><N who="3" m="21521" /><W61/><DORA hai="96" /><G42/><N who="0" m="22599" /><D68/><U32/><E32/><V20/><F47/><W50/><N who="3" m="19026" /><W82/><DORA hai="92" /><G82/><AGARI ba="0,0" hai="1,4,9,53,54,72,78,82,84,90,95" m="22599" machi="82" ten="30,2000,0" yaku="25,1,52,1" doraHai="2,96,92" who="0" fromWho="3" sc="230,20,240,0,290,0,240,-20" /><INIT seed="2,0,0,0,5,94" ten="250,240,290,220" oya="2" hai0="115,111,76,57,91,19,51,28,98,5,8,48,75" hai1="102,89,86,131,52,125,129,9,122,31,107,82,128" hai2="64,101,39,134,44,85,90,80,130,68,23,77,106" hai3="120,47,45,117,88,63,55,61,34,54,24,6,36"/><V108/><F130/><W87/><G117/><T93/><D115/><U56/><E125/><V114/><F114/><W14/><G120/><T71/><D71/><U100/><E122/><V105/><F134/><W113/><G113/><T50/><D111/><U72/><E31/><V35/><F35/><W15/><G34/><T67/><D28/><U38/><E38/><V0/><F64/><W70/><G70/><T18/><D76/><U132/><E132/><V119/><F68/><W59/><G24/><T12/><REACH who="0" step="1"/><D75/><REACH who="0" ten="240,240,290,220" step="2"/><U62/><E72/><V53/><F77/><W26/><G36/><T116/><D116/><U96/><E102/><V92/><F108/><W60/><G26/><T103/><D103/><U37/><E37/><V40/><F101/><W32/><G32/><T22/><D22/><U17/><E9/><V73/><F23/><W25/><G25/><T97/><D97/><U127/><E127/><V33/><F33/><W123/><G123/><T30/><D30/><U121/><E121/><V126/><F126/><W4/><G15/><T10/><D10/><U74/><E74/><V1/><F119/><W124/><G124/><T112/><D112/><U20/><REACH who="1" step="1"/><E131/><REACH who="1" ten="240,230,290,220" step="2"/><V3/><F73/><W46/><G14/><AGARI ba="0,2" hai="14,17,20,52,56,62,82,86,89,96,100,107,128,129" machi="14" ten="40,8000,1" yaku="1,1,2,1,52,1,54,1,53,0" doraHai="94" doraHaiUra="27" who="1" fromWho="3" sc="240,0,230,100,290,0,220,-80" /><INIT seed="3,0,0,4,5,86" ten="240,330,290,140" oya="3" hai0="52,107,64,23,20,60,48,119,43,2,124,113,6" hai1="17,111,33,69,100,97,36,125,42,35,135,27,87" hai2="108,93,115,51,72,95,67,62,117,41,101,61,82" hai3="65,31,45,38,78,18,110,75,12,1,25,4,106"/><W14/><G106/><T8/><D119/><U15/><E69/><V103/><F115/><W77/><G110/><T7/><D113/><U118/><E111/><V92/><F72/><W49/><G38/><T37/><D107/><U133/><E118/><V121/><F121/><W32/><G65/><T13/><D124/><U29/><E125/><V85/><F108/><W16/><G1/><T89/><D7/><U83/><E35/><V79/><F117/><W96/><G96/><T122/><D122/><U50/><E50/><V40/><F62/><W21/><G4/><T84/><D2/><U109/><E109/><V105/><F105/><W70/><G70/><T26/><D43/><U9/><E42/><V56/><F41/><W88/><G75/><T114/><D114/><U68/><E68/><V74/><F74/><W10/><REACH who="3" step="1"/><G88/><REACH who="3" ten="240,330,290,130" step="2"/><T44/><D37/><U94/><E36/><V30/><F103/><W132/><G132/><T24/><D64/><U130/><E130/><V3/><F3/><W5/><G5/><T47/><D89/><U102/><E102/><V134/><F101/><W53/><AGARI ba="0,1" hai="10,12,14,16,18,21,25,31,32,45,49,53,77,78" machi="53" ten="20,7800,0" yaku="1,1,0,1,7,1,54,1,53,0" doraHai="86" doraHaiUra="129" who="3" fromWho="3" sc="240,-26,330,-26,290,-26,130,88" /><INIT seed="3,1,0,5,2,59" ten="214,304,264,218" oya="3" hai0="58,116,91,25,52,36,48,99,4,56,133,66,0" hai1="21,11,84,9,20,82,106,112,120,23,64,34,103" hai2="90,73,12,42,104,79,13,107,125,75,53,131,129" hai3="132,123,95,67,7,49,81,127,117,43,102,3,78"/><W19/><G117/><T24/><D116/><U130/><E34/><V76/><F42/><W38/><G38/><T39/><D36/><U118/><E118/><V61/><F53/><W18/><G123/><T26/><D39/><U70/><E120/><V134/><F90/><W32/><G32/><T60/><D133/><U35/><E35/><V47/><F47/><N who="3" m="25855" /><G3/><T108/><D108/><U6/><E112/><V109/><F109/><W50/><G7/><T68/><D0/><U16/><E130/><V62/><F125/><W98/><G127/><T1/><D1/><U37/><E37/><V28/><F28/><W100/><G132/><AGARI ba="1,0" hai="12,13,61,62,73,75,76,79,104,107,129,131,132,134" machi="132" ten="25,6400,0" yaku="22,2,52,2" doraHai="59" who="2" fromWho="3" sc="214,0,304,0,264,67,218,-67" owari="214,-18.6,304,10.4,331,43.1,151,-34.9" /></mjloggm>