<mjloggm ver="2.3"><GO type="225" lobby="0"/><UN n0="%E3%81%8B%E3%82%8F%E3%81%A1%E3%82%83%E3%82%93%35%38" n1="%E3%83%81%E3%83%A7%E3%83%99%E3%83%83%E3%82%AF" n2="%E7%99%BD%E6%98%BC%E9%87%8C%E7%9A%84%E5%A4%9C" n3="%EF%BC%AE%EF%BC%A1%EF%BC%AF%33%33%39" dan="16,16,16,16" rate="2103.54,2126.25,2093.13,2118.89" sx="M,M,M,M"/><TAIKYOKU oya="0"/><INIT seed="0,0,0,0,0,69" ten="250,250,250,250" oya="0" hai0="72,53,82,27,55,32,118,64,108,8,35,26,44" hai1="5,100,78,17,85,115,83,88,68,132,122,57,10" hai2="2,70,58,60,54,49,25,41,59,12,103,97,11" hai3="110,43,65,120,52,95,7,21,135,48,51,61,134"/><T9/><D118/><U39/><E122/><V90/><F2/><W14/><G120/><T0/><D64/><U31/><E68/><V71/><F41/><W50/><G95/><T129/><D0/><U93/><E31/><V19/><F90/><W62/><G7/><T87/><D72/><U99/><E39/><V79/><F79/><W66/><G14/><T46/><D87/><U124/><E132/><N who="3" m="50730" /><G21/><T125/><D125/><U67/><E17/><V28/><F28/><W56/><G110/><T15/><D15/><N who="1" m="5583" /><E115/><V91/><F25/><W73/><G73/><T84/><D84/><U38/><E38/><V114/><F91/><W13/><G13/><T109/><REACH who="0" step="1"/><D129/><REACH who="0" ten="240,250,250,250" step="2"/><U40/><E124/><V102/><F114/><W133/><G133/><T101/><D101/><U116/><E116/><V130/><F102/><W77/><G77/><T121/><D121/><U75/><E75/><V107/><F130/><W16/><G43/><T24/><D24/><U126/><E126/><V37/><F37/><W127/><G127/><T45/><D45/><U96/><E40/><V81/><F81/><AGARI ba="0,1" hai="8,9,26,27,32,35,44,46,53,55,81,82,108,109" machi="81" ten="25,12000,1" yaku="1,1,22,2,53,2" doraHai="69" doraHaiUra="42" who="0" fromWho="2" sc="240,130,250,0,250,-120,250,0" /><INIT seed="0,1,0,5,5,77" ten="370,250,130,250" oya="0" hai0="58,110,83,12,97,101,124,44,20,88,63,70,116" hai1="69,74,119,94,14,29,107,56,48,117,21,42,99" hai2="125,41,128,9,52,6,98,109,37,87,79,80,54" hai3="103,65,61,106,32,43,16,7,50,86,72,82,112"/><T27/><D116/><U57/><E69/><V49/><F109/><W75/><G112/><T93/><D70/><U38/><E74/><V129/><F125/><W51/><G32/><T33/><D33/><U130/><E107/><V34/><F34/><W92/><G7/><T66/><D124/><U134/><E134/><V53/><F98/><W10/><G106/><T3/><D3/><U102/><E130/><V76/><F76/><W60/><G92/><T133/><D133/><U4/><E38/><V126/><F37/><W120/><G103/><T24/><D44/><N who="1" m="25623" /><E119/><V131/><F126/><W39/><G39/><T0/><D0/><U127/><E117/><V104/><F104/><W2/><G120/><T105/><D110/><U132/><E132/><V8/><F8/><W100/><G100/><T35/><D35/><U90/><E102/><V84/><F84/><W123/><G123/><T108/><D108/><U111/><E111/><V122/><F122/><W64/><G2/><T81/><D12/><U135/><E135/><V62/><F62/><W26/><G86/><T18/><D24/><N who="1" m="16527" /><E127/><V1/><REACH who="2" step="1"/><F41/><REACH who="2" ten="370,250,120,250" step="2"/><W11/><G43/><T45/><D105/><U67/><E67/><V85/><F85/><W121/><G65/><T96/><D96/><U31/><E99/><V95/><F95/><W91/><G64/><T55/><D101/><U78/><E94/><V13/><F13/><W71/><G121/><T46/><D66/><U115/><E78/><V25/><F25/><W59/><G26/><T113/><D113/><U118/><E115/><V68/><F68/><W114/><G71/><RYUUKYOKU ba="1,1" sc="370,15,250,-15,120,15,250,-15" hai0="18,20,27,45,46,55,58,63,81,83,88,93,97" hai2="1,6,9,49,52,53,54,79,80,87,128,129,131" /><INIT seed="0,2,1,0,0,19" ten="385,235,135,235" oya="0" hai0="29,105,46,26,68,41,83,43,116,53,22,73,89" hai1="57,65,52,50,51,90,77,36,114,113,3,40,134" hai2="95,103,98,79,1,94,14,56,31,54,24,2,108" hai3="106,129,63,35,8,13,37,61,121,102,104,93,27"/><T119/><D68/><U49/><E77/><V0/><F108/><W130/><G37/><T47/><D105/><U74/><E74/><V12/><F79/><W99/><G121/><T11/><D53/><U115/><E3/><V30/><F94/><W16/><G104/><T55/><D55/><U18/><E134/><V100/><F100/><W60/><G106/><T71/><D71/><U62/><E90/><V111/><F111/><W58/><G58/><T127/><D127/><U112/><E18/><V87/><F87/><W28/><AGARI ba="2,1" hai="8,13,16,27,28,35,60,61,63,93,99,102,129,130" machi="28" ten="30,2000,0" yaku="0,1,54,1" doraHai="19" who="3" fromWho="3" sc="385,-12,235,-7,135,-7,235,36" /><INIT seed="1,0,0,2,2,135" ten="373,228,128,271" oya="1" hai0="52,46,88,66,129,75,10,33,3,9,67,131,43" hai1="55,45,25,44,100,26,0,61,134,115,92,7,57" hai2="34,81,63,5,32,42,20,74,120,101,65,73,103" hai3="8,53,130,76,104,41,96,50,27,13,62,90,12"/><U47/><E115/><V6/><F42/><W30/><G76/><T86/><D75/><U85/><E134/><V126/><F20/><W98/><G41/><T16/><D33/><U54/><E0/><V31/><F31/><W84/><G62/><T94/><D52/><N who="1" m="33959" /><E7/><V111/><F63/><W2/><G2/><T93/><D93/><U113/><E113/><V99/><F99/><W1/><G1/><T69/><D69/><U89/><E100/><V87/><F87/><W109/><G130/><N who="0" m="49675" /><D3/><U121/><E121/><V36/><F120/><W59/><G104/><T125/><D125/><U105/><E105/><V58/><F58/><W117/><G117/><T118/><D118/><U18/><E25/><V64/><F111/><W112/><G109/><T79/><D79/><U78/><E78/><V17/><F17/><W95/><G13/><N who="0" m="7215" /><D10/><U11/><E11/><V114/><F114/><W72/><G72/><T133/><D133/><U35/><E35/><V68/><F68/><W24/><G112/><T83/><D94/><U110/><E110/><V29/><F29/><W71/><G71/><T77/><D77/><U132/><E132/><V80/><REACH who="2" step="1"/><F36/><AGARI ba="0,0" hai="36,43,46,66,67,83,86,88" m="7215,49675" machi="36" ten="30,3900,0" yaku="19,1,54,2" doraHai="135" who="0" fromWho="2" sc="373,39,228,0,128,-39,271,0" /><INIT seed="2,0,0,3,1,133" ten="412,228,89,271" oya="2" hai0="49,95,96,55,39,62,89,9,3,52,81,48,120" hai1="70,34,19,45,107,131,69,67,123,51,0,91,10" hai2="113,119,101,100,99,80,59,27,63,106,88,21,22" hai3="6,122,75,118,56,50,117,92,121,41,8,127,24"/><V129/><F119/><W126/><G75/><T110/><D39/><U108/><E108/><V29/><F113/><W109/><G92/><T130/><D120/><N who="3" m="46185" /><G109/><T31/><D31/><U44/><E123/><V42/><F129/><W111/><G111/><T53/><D110/><U17/><E107/><V35/><F42/><W105/><G105/><T65/><D130/><U66/><E34/><V72/><F101/><W104/><G104/><T36/><D36/><U12/><E0/><V37/><F37/><W5/><G56/><N who="0" m="37063" /><D3/><U115/><E115/><V68/><F68/><W85/><G85/><N who="0" m="50351" /><D9/><U60/><E44/><V43/><F43/><W7/><G50/><T54/><D54/><U13/><E91/><AGARI ba="0,0" hai="48,49,52,53,55,91,95,96" m="50351,37063" machi="91" ten="30,2000,0" yaku="8,1,54,1" doraHai="133" who="0" fromWho="1" sc="412,20,228,-20,89,0,271,0" /><INIT seed="3,0,0,1,1,120" ten="432,208,89,271" oya="3" hai0="115,23,33,98,114,51,63,129,91,111,113,26,110" hai1="131,92,77,32,35,85,71,109,72,116,16,74,49" hai2="78,57,2,36,133,50,15,6,4,99,21,39,20" hai3="84,105,82,9,43,62,42,53,13,112,38,30,7"/><W95/><G105/><T10/><D129/><U61/><E131/><V119/><F99/><W24/><G112/><T96/><D33/><U22/><E116/><V3/><F78/><W11/><G38/><T123/><D123/><U5/><E5/><V80/><F80/><W132/><G95/><N who="0" m="56447" /><D51/><U122/><E122/><V48/><F57/><N who="3" m="35119" /><G132/><T47/><D47/><U128/><E128/><V107/><F15/><N who="3" m="5567" /><G24/><T75/><D75/><U34/><E49/><V103/><F107/><W65/><G65/><T64/><D98/><U41/><E41/><V73/><F73/><W81/><G30/><N who="0" m="17759" /><D10/><U97/><E71/><AGARI ba="0,0" hai="63,64,71,110,111,113,114,115" m="17759,56447" machi="71" ten="30,3900,0" yaku="11,1,52,2" doraHai="120" who="0" fromWho="1" sc="432,39,208,-39,89,0,271,0" owari="471,57.1,169,-23.1,89,-41.1,271,7.1" /></mjloggm>