<mjloggm ver="2.3"><GO type="225" lobby="0"/><UN n0="%E6%98%BC%E4%B8%8B%E3%81%8C%E3%82%8A%E3%81%AE%E5%9B%A3%E5%9C%B0%E5%A6%BB" n1="%E3%81%8B%E3%82%8F%E3%81%A1%E3%82%83%E3%82%93%35%38" n2="%E3%81%BF%E3%81%BF%E3%81%9A" n3="%E3%81%90%E3%81%A1%E3%82%84%E3%81%BE" dan="16,16,18,16" rate="2142.36,2142.35,2243.30,2148.65" sx="F,M,M,M"/><TAIKYOKU oya="0"/><INIT seed="0,0,0,5,3,104" ten="250,250,250,250" oya="0" hai0="125,49,112,108,122,92,126,78,47,50,51,75,106" hai1="16,135,86,33,26,4,66,9,25,60,74,31,18" hai2="109,45,120,38,102,121,37,93,99,46,19,23,35" hai3="14,20,56,134,115,53,0,61,85,29,1,80,76"/><T70/><D106/><U54/><E135/><V22/><F35/><W41/><G115/><T48/><D112/><U32/><E54/><V58/><F109/><W7/><G134/><T69/><D122/><U103/><E103/><V36/><F58/><W8/><REACH who="3" step="1"/><G41/><REACH who="3" ten="250,250,250,240" step="2"/><T42/><D108/><U82/><E74/><V34/><F121/><W79/><G79/><T30/><D78/><U28/><E86/><V44/><F120/><W52/><G52/><T89/><D75/><U39/><E39/><V95/><F34/><W83/><G83/><T127/><REACH who="0" step="1"/><D30/><REACH who="0" ten="240,250,250,240" step="2"/><U24/><E82/><V116/><F116/><W101/><G101/><T40/><D40/><U67/><E26/><AGARI ba="0,2" hai="0,1,7,8,14,20,26,29,53,56,61,76,80,85" machi="26" ten="40,2600,0" yaku="1,1,53,1" doraHai="104" doraHaiUra="55" who="3" fromWho="1" sc="240,0,250,-26,250,0,240,46" /><INIT seed="1,0,0,4,5,25" ten="240,224,250,286" oya="1" hai0="102,82,90,108,11,116,55,23,63,3,31,29,133" hai1="78,128,123,95,39,57,83,120,69,10,99,42,5" hai2="14,64,105,111,92,13,8,80,34,84,87,135,115" hai3="127,56,113,60,119,107,118,131,109,22,54,93,91"/><U106/><E69/><V49/><F105/><W50/><G113/><T75/><D116/><N who="3" m="44585" /><G107/><T20/><D108/><U35/><E106/><V110/><F34/><W65/><G109/><N who="2" m="41481" /><F135/><W89/><G127/><T134/><D102/><U88/><E128/><V121/><F121/><W28/><G131/><T21/><D3/><N who="1" m="319" /><E57/><V61/><F115/><W17/><G93/><T36/><D36/><U112/><E35/><V2/><F49/><W41/><G41/><T67/><D55/><U81/><E81/><V132/><F132/><N who="0" m="50794" /><D11/><U94/><E94/><V122/><F122/><W4/><G4/><T98/><D98/><U24/><E24/><V117/><F117/><W66/><G28/><T114/><D114/><U101/><E101/><V9/><F92/><W71/><G66/><T58/><D75/><N who="1" m="43487" /><E112/><V38/><F38/><W1/><G1/><T15/><D15/><AGARI ba="0,0" hai="15,17,22,50,54,56,60,65,71,89,91" m="44585" machi="15" ten="30,1000,0" yaku="12,1" doraHai="25" who="3" fromWho="0" sc="240,-10,224,0,250,0,286,10" /><INIT seed="2,0,0,4,3,32" ten="230,224,250,296" oya="2" hai0="109,38,95,31,100,81,101,134,56,104,41,16,105" hai1="15,126,64,84,118,90,106,76,58,97,110,44,107" hai2="103,120,49,0,124,133,116,111,99,34,1,113,70" hai3="14,123,11,53,94,98,79,71,55,66,131,48,19"/><V108/><RYUUKYOKU type="yao9" ba="0,0" sc="230,0,224,0,250,0,296,0" hai2="0,1,34,49,70,99,103,108,111,113,116,120,124,133" /><INIT seed="2,1,0,1,4,130" ten="230,224,250,296" oya="2" hai0="29,74,117,53,19,114,25,97,110,2,22,101,94" hai1="31,47,79,85,131,23,125,40,86,21,88,87,52" hai2="55,112,12,109,9,78,35,67,58,7,76,71,123" hai3="41,59,65,103,113,8,80,111,124,115,99,100,81"/><V135/><F112/><N who="3" m="43083" /><G111/><T20/><D114/><U11/><E131/><V108/><F123/><W98/><G124/><T46/><D110/><N who="2" m="42602" /><F35/><W119/><G119/><T91/><D117/><U28/><E125/><V63/><F135/><W36/><G8/><T15/><D2/><U121/><E121/><V64/><F64/><W72/><G41/><T134/><D74/><U13/><E79/><V33/><F33/><W66/><G36/><T60/><D134/><U5/><E40/><V129/><F129/><W54/><G66/><T92/><D60/><AGARI ba="1,0" hai="7,9,12,55,58,60,63,67,71,76,78" m="42602" machi="60" ten="30,2900,0" yaku="14,1,10,1" doraHai="130" who="2" fromWho="0" sc="230,-32,224,0,250,32,296,0" /><INIT seed="2,2,0,1,4,4" ten="198,224,282,296" oya="2" hai0="123,82,19,64,83,119,75,15,53,110,76,32,129" hai1="107,108,21,71,62,6,37,44,90,31,87,58,100" hai2="42,7,118,94,27,29,66,45,35,54,117,77,125" hai3="112,131,36,78,2,13,11,28,73,8,61,80,85"/><V55/><F66/><W48/><G36/><T49/><D123/><U26/><E108/><V40/><F77/><W18/><G131/><T102/><D110/><U134/><E134/><V20/><F125/><W70/><G112/><T79/><D129/><U14/><E71/><V122/><F122/><W57/><G28/><T106/><D32/><U126/><E126/><V63/><F35/><W120/><G120/><T10/><D119/><U113/><E113/><V33/><F33/><W1/><G73/><T46/><D64/><U128/><E128/><V109/><F109/><W124/><G124/><T132/><D132/><U133/><E133/><V0/><F94/><W89/><G70/><T39/><D39/><U3/><E3/><V93/><F93/><W114/><G114/><T56/><D102/><U51/><E37/><V23/><F0/><W96/><G48/><T105/><REACH who="0" step="1"/><D56/><REACH who="0" ten="188,224,282,296" step="2"/><U17/><E100/><V84/><F117/><W60/><G57/><T24/><D24/><U34/><E107/><V30/><F27/><W81/><G1/><T111/><D111/><U121/><E121/><V68/><F118/><W115/><G2/><T67/><D67/><U92/><E58/><V25/><F68/><W47/><G115/><T98/><D98/><U86/><E34/><V38/><F25/><W91/><G96/><T103/><D103/><U88/><E31/><V16/><F38/><W101/><G101/><T130/><D130/><U95/><E26/><V97/><F29/><W72/><G13/><T69/><D69/><U52/><E62/><V41/><F63/><W127/><G61/><RYUUKYOKU ba="2,1" sc="188,15,224,15,282,-15,296,-15" hai0="10,15,19,46,49,53,75,76,79,82,83,105,106" hai1="6,14,17,21,44,51,52,86,87,88,90,92,95" /><INIT seed="3,3,1,3,1,49" ten="203,239,267,281" oya="3" hai0="110,109,81,105,57,132,108,9,79,64,39,115,59" hai1="17,36,94,68,22,70,96,77,44,65,6,76,131" hai2="84,19,119,47,61,91,1,2,103,82,10,34,73" hai3="80,48,28,129,0,43,67,50,23,89,24,124,30"/><W37/><G0/><T127/><D105/><U14/><E131/><V111/><F119/><W32/><G129/><T102/><D102/><U66/><E68/><V4/><F111/><W54/><G37/><T8/><D39/><U26/><E70/><V101/><F34/><W16/><G32/><T130/><D130/><U90/><E36/><V114/><F114/><W117/><G117/><T104/><D104/><U97/><E97/><V15/><F73/><W40/><G67/><N who="1" m="25610" /><E44/><V27/><F47/><N who="3" m="25703" /><G43/><T92/><D115/><U95/><E95/><V12/><F1/><W38/><G124/><T125/><D92/><U75/><E75/><V31/><F2/><W46/><G38/><T99/><D99/><U128/><E128/><V13/><F61/><W118/><G118/><T123/><D123/><U63/><E63/><V62/><F62/><W116/><G116/><T98/><D98/><U133/><E133/><V58/><F58/><N who="0" m="22026" /><D64/><U41/><E41/><V55/><F103/><W74/><G74/><N who="0" m="43255" /><D132/><U29/><E6/><V93/><F4/><W135/><G135/><T20/><D20/><AGARI ba="3,1" hai="14,17,20,22,26,29,76,77,90,94,96" m="25610" machi="20" ten="30,1000,0" yaku="8,1" doraHai="49" who="1" fromWho="0" sc="203,-19,239,29,267,0,281,0" /><INIT seed="4,0,0,1,1,55" ten="184,268,267,281" oya="0" hai0="65,59,134,82,100,61,72,4,48,95,0,131,53" hai1="14,18,39,42,98,33,104,26,88,110,109,58,119" hai2="54,107,32,106,17,66,38,111,93,129,12,8,62" hai3="37,2,49,68,77,24,64,10,123,16,89,76,34"/><T130/><D134/><U102/><E119/><V69/><F111/><W114/><G37/><T116/><D116/><U19/><E39/><V47/><F32/><W31/><G114/><T28/><D28/><U112/><E42/><V128/><F93/><W60/><G123/><T63/><D0/><U135/><E135/><V73/><F73/><W36/><G36/><T118/><D118/><U43/><E43/><N who="2" m="23031" /><F54/><W132/><G132/><T23/><D4/><U45/><E45/><V94/><F94/><W74/><G74/><T83/><D23/><U86/><E112/><V11/><F11/><W99/><G49/><T133/><D133/><U35/><E35/><V121/><F121/><W70/><G70/><T125/><D63/><U25/><E19/><V90/><F90/><W40/><G40/><T30/><D30/><U15/><E15/><V1/><F1/><W71/><G71/><T22/><D22/><U7/><E7/><V97/><F97/><W103/><G89/><T126/><D100/><U87/><E87/><V75/><F75/><W122/><G122/><T6/><D6/><U124/><E33/><V96/><F96/><W44/><G44/><N who="0" m="27783" /><D95/><N who="1" m="54679" /><E109/><V117/><F117/><W85/><G85/><T120/><D120/><U108/><E108/><V113/><F113/><W41/><G41/><T3/><D3/><U92/><E92/><V21/><F8/><W91/><G2/><T78/><D82/><U79/><E110/><V51/><F51/><W29/><G29/><T20/><D20/><U81/><E104/><N who="2" m="39979" /><F69/><W127/><G103/><T84/><D72/><N who="1" m="43239" /><E102/><V115/><F115/><RYUUKYOKU ba="0,0" sc="184,15,268,-15,267,15,281,-15" hai0="59,61,65,78,83,84,125,126,130,131" hai2="12,17,21,62,66,128,129" /><INIT seed="4,1,0,4,0,80" ten="199,253,282,266" oya="0" hai0="22,11,38,112,107,119,47,57,72,128,6,2,75" hai1="53,115,91,126,127,43,19,33,132,5,99,62,60" hai2="135,3,7,125,28,124,10,16,44,25,58,69,83" hai3="34,67,76,101,98,118,90,63,14,40,8,42,102"/><T104/><D119/><U92/><E33/><N who="2" m="20623" /><F69/><W15/><G34/><T37/><D112/><U29/><E29/><V97/><F135/><W95/><G118/><T78/><D128/><U131/><E43/><V106/><F58/><W129/><G129/><T108/><D108/><U105/><E131/><V73/><F44/><W48/><G76/><T51/><D22/><U116/><E116/><V46/><F46/><W18/><G15/><T59/><D38/><U85/><E132/><V121/><F16/><W94/><G48/><T110/><D110/><U32/><E32/><V114/><F114/><W123/><G123/><T27/><D27/><U30/><E5/><V21/><F21/><W82/><G82/><N who="0" m="45383" /><D75/><U23/><E30/><V122/><F83/><W35/><G35/><T0/><D0/><U52/><E115/><V31/><F73/><W74/><G74/><T87/><D87/><U9/><E9/><V56/><F56/><N who="0" m="21578" /><D51/><U134/><E134/><V89/><F31/><W88/><G63/><N who="1" m="24106" /><E105/><V49/><F49/><W13/><G67/><T93/><D93/><U103/><E53/><V12/><F12/><N who="3" m="7431" /><G42/><AGARI ba="1,0" hai="2,6,11,37,42,47,104,107" m="21578,45383" machi="42" ten="30,1500,0" yaku="25,1" doraHai="80" who="0" fromWho="3" sc="199,18,253,0,282,0,266,-18" /><INIT seed="4,2,0,0,1,97" ten="217,253,282,248" oya="0" hai0="46,27,21,74,129,134,0,115,107,63,122,25,71" hai1="59,7,131,13,16,17,76,81,93,43,108,51,116" hai2="84,96,85,12,52,78,39,24,80,37,91,98,47" hai3="57,69,106,111,114,26,86,88,65,133,89,118,58"/><T72/><D122/><U36/><E108/><V119/><F119/><W9/><G118/><T83/><D115/><U70/><E70/><V117/><F117/><W19/><G106/><T29/><D134/><U33/><E116/><V60/><F39/><W45/><G111/><T20/><D0/><U38/><E33/><V109/><F109/><W35/><G114/><T40/><D129/><U121/><E121/><V8/><F24/><W73/><G73/><T66/><D107/><U22/><E131/><V28/><F28/><W120/><G120/><T64/><D64/><U18/><E38/><V6/><F37/><W1/><G133/><T125/><D125/><U87/><E36/><V105/><F105/><W127/><G127/><T23/><D83/><U55/><E43/><V10/><F10/><W56/><G45/><T49/><REACH who="0" step="1"/><D20/><REACH who="0" ten="207,253,282,248" step="2"/><U15/><E93/><V132/><F132/><W67/><G69/><T77/><D77/><U112/><E112/><V113/><F113/><W34/><G34/><T42/><D42/><U75/><E75/><V130/><F130/><W44/><G35/><T124/><D124/><U50/><E76/><V5/><F78/><W3/><G67/><T31/><AGARI ba="2,1" hai="21,23,25,27,29,31,40,46,49,63,66,71,72,74" machi="31" ten="20,7800,0" yaku="1,1,0,1,7,1,9,1,53,0" doraHai="97" doraHaiUra="128" who="0" fromWho="0" sc="207,94,253,-28,282,-28,248,-28" owari="301,40.1,225,-17.5,254,5.4,220,-28.0" /></mjloggm>