<mjloggm ver="2.3"><GO type="225" lobby="0"/><UN n0="%E3%81%BE%E3%81%A8%E3%81%9F" n1="%E3%81%AF%E3%82%88%E3%81%8A%E3%81%98%E3%81%95%E3%82%93" n2="%E6%98%93%E5%88%A9%E8%96%A9%E4%BC%AF" n3="%E9%A6%AC%E5%BC%95%E7%81%AB%33" dan="16,17,17,16" rate="2093.52,2134.68,2156.48,2141.53" sx="M,M,F,M"/><TAIKYOKU oya="0"/><INIT seed="0,0,0,4,1,68" ten="250,250,250,250" oya="0" hai0="76,48,4,0,32,38,28,56,120,42,8,133,11" hai1="113,135,128,54,9,60,78,66,88,98,25,87,123" hai2="29,13,10,49,43,69,74,90,121,100,79,20,24" hai3="91,119,85,2,17,1,33,86,132,96,131,82,127"/><T35/><BYE who="1" /><D120/><U81/><E81/><UN n1="%E3%81%AF%E3%82%88%E3%81%8A%E3%81%98%E3%81%95%E3%82%93" /><V16/><F121/><W71/><G119/><T52/><D133/><U75/><E123/><V7/><F69/><W61/><G33/><T115/><D115/><U63/><E75/><V105/><F74/><W34/><G34/><T104/><D104/><U6/><E135/><V130/><F130/><W37/><G131/><T99/><D99/><U44/><E128/><V26/><F79/><W77/><G127/><T109/><D28/><U80/><E113/><V118/><F118/><W47/><G132/><T102/><D102/><U31/><E66/><V134/><F134/><W27/><G96/><T36/><D109/><U108/><E108/><V114/><F114/><W84/><G61/><T97/><D97/><U93/><E44/><V106/><F90/><W70/><G70/><T62/><D38/><U111/><E54/><V30/><F100/><W95/><G85/><T39/><D36/><U12/><REACH who="1" step="1"/><E111/><REACH who="1" ten="250,240,250,250" step="2"/><V65/><F65/><W92/><G82/><T124/><D124/><U46/><E46/><V22/><F7/><W3/><G47/><AGARI ba="0,1" hai="10,13,16,20,22,24,26,29,30,43,47,49,105,106" machi="47" ten="40,2600,0" yaku="9,1,54,1" doraHai="68" who="2" fromWho="3" sc="250,0,240,0,250,36,250,-26" /><INIT seed="1,0,0,0,2,29" ten="250,240,286,224" oya="1" hai0="94,14,18,85,10,46,95,55,101,127,49,30,27" hai1="130,7,128,44,67,107,79,105,75,135,115,61,12" hai2="45,132,131,47,32,92,106,33,37,121,15,20,64" hai3="68,119,78,48,77,59,84,66,69,118,110,57,43"/><U83/><E115/><V63/><F106/><W109/><G84/><T22/><D127/><U60/><E135/><V56/><F121/><W70/><G78/><T111/><D111/><N who="3" m="42505" /><G77/><T112/><D112/><U21/><E44/><V54/><F132/><W34/><G34/><T58/><D101/><U73/><E75/><V38/><F131/><N who="1" m="50217" /><E60/><V96/><F45/><N who="3" m="25663" /><G66/><T53/><REACH who="0" step="1"/><D85/><REACH who="0" ten="240,240,286,224" step="2"/><U114/><E114/><V3/><F96/><W16/><G16/><T86/><D86/><U120/><E120/><V23/><F92/><W74/><G74/><T100/><D100/><U41/><E105/><V65/><F38/><W40/><G40/><T90/><D90/><U123/><E41/><V6/><F37/><W42/><G42/><T11/><D11/><U2/><E107/><V80/><F80/><W89/><G89/><T24/><D24/><U126/><E126/><V25/><F25/><W133/><G133/><T17/><D17/><N who="1" m="10407" /><E123/><V50/><F6/><W113/><G113/><T103/><D103/><U72/><E73/><V26/><F26/><W51/><G51/><AGARI ba="0,1" hai="10,14,18,22,27,30,46,49,51,53,55,58,94,95" machi="51" ten="30,3900,0" yaku="1,1,7,1,8,1,53,0" doraHai="29" doraHaiUra="124" who="0" fromWho="3" sc="240,49,240,0,286,0,224,-39" /><INIT seed="2,0,0,4,4,99" ten="289,240,286,185" oya="2" hai0="11,52,101,53,111,118,91,87,116,25,26,74,133" hai1="113,80,104,82,65,35,27,3,114,122,70,36,77" hai2="1,30,29,84,44,131,47,22,42,15,37,73,33" hai3="6,24,8,119,21,9,7,68,92,108,14,69,109"/><V134/><F73/><W110/><G92/><T76/><D111/><U90/><E36/><V17/><F1/><W19/><REACH who="3" step="1"/><G119/><REACH who="3" ten="289,240,286,175" step="2"/><T95/><D116/><U67/><E113/><V66/><F134/><W71/><G71/><T97/><D133/><U123/><E70/><V28/><F131/><W46/><G46/><T16/><D118/><U103/><E114/><V48/><F47/><W83/><G83/><T112/><D112/><U34/><E80/><V107/><F44/><W10/><G10/><T20/><D11/><U50/><E82/><V55/><F107/><W61/><G61/><T56/><D74/><U63/><E63/><V106/><F106/><W59/><G59/><T117/><D117/><U51/><E104/><V86/><F86/><W2/><AGARI ba="0,1" hai="2,6,7,8,9,14,19,21,24,68,69,108,109,110" machi="2" ten="30,4000,0" yaku="1,1,0,1,14,1,53,0" doraHai="99" doraHaiUra="102" who="3" fromWho="3" sc="289,-10,240,-10,286,-20,175,50" /><INIT seed="3,0,0,3,3,67" ten="279,230,266,225" oya="3" hai0="42,0,96,100,31,111,115,80,22,1,108,123,6" hai1="24,41,69,132,25,129,9,79,131,76,35,47,55" hai2="28,78,43,53,59,36,133,128,48,12,105,70,90" hai3="7,11,101,118,125,113,66,29,82,38,33,52,46"/><W127/><G113/><T109/><D123/><U39/><E132/><V110/><F105/><W81/><G118/><T114/><D42/><U95/><E55/><V116/><F116/><W8/><G101/><T14/><D80/><N who="3" m="30825" /><G66/><T74/><D74/><U103/><E9/><V112/><F78/><W4/><G38/><T17/><D31/><U16/><E35/><V61/><F112/><N who="0" m="43050" /><D6/><N who="3" m="2089" /><G29/><T124/><D124/><N who="3" m="47689" /><G33/><T72/><D72/><U2/><E103/><V30/><F30/><W104/><G104/><AGARI ba="0,0" hai="0,1,14,17,22,96,100,104,108,109,111" m="43050" machi="104" ten="40,2600,0" yaku="14,1,11,1" doraHai="67" who="0" fromWho="3" sc="279,26,230,0,266,0,225,-26" owari="305,40.5,230,-17.0,266,6.6,199,-30.1" /></mjloggm>