<mjloggm ver="2.3"><GO type="225" lobby="0"/><UN n0="%E3%81%BF%E3%81%BF%E3%81%9A" n1="%E3%81%8B%E3%82%8F%E3%81%A1%E3%82%83%E3%82%93%35%38" n2="%E3%83%A9%E3%82%B9%E7%8E%87%EF%BC%93%E5%89%B2" n3="%E3%83%8F%E3%83%B3%E3%83%89%E3%83%A9%E3%83%BC%E3%83%BB%E3%83%AF%E3%83%B3" dan="18,16,17,17" rate="2236.88,2130.65,2216.83,2255.78" sx="M,M,F,M"/><TAIKYOKU oya="0"/><INIT seed="0,0,0,5,4,109" ten="250,250,250,250" oya="0" hai0="86,91,71,103,40,75,135,106,56,6,1,48,132" hai1="85,114,33,18,83,98,50,24,66,70,67,21,96" hai2="55,37,127,42,29,130,133,119,19,44,104,32,129" hai3="12,84,118,9,35,88,97,38,102,105,41,121,131"/><T92/><D71/><U90/><E33/><V3/><F3/><W43/><G118/><T99/><D1/><U64/><E70/><V107/><F29/><W16/><G35/><T77/><D6/><U79/><E114/><V11/><F19/><W110/><G110/><T123/><D56/><U80/><REACH who="1" step="1"/><E50/><REACH who="1" ten="250,240,250,250" step="2"/><V72/><F32/><W74/><G38/><T126/><D123/><U53/><E53/><V116/><F55/><W61/><G121/><T100/><D48/><U57/><E57/><V108/><F108/><W28/><G131/><T34/><D34/><U27/><E27/><V93/><F129/><W5/><G41/><T22/><D40/><U15/><E15/><V62/><F130/><W31/><G43/><T82/><D126/><U101/><E101/><V89/><F127/><W117/><G117/><T59/><D59/><U120/><E120/><V111/><F111/><W17/><G61/><T124/><D124/><U10/><E10/><V78/><F11/><W81/><REACH who="3" step="1"/><G74/><AGARI ba="0,1" hai="18,21,24,64,66,67,74,79,80,83,85,90,96,98" machi="74" ten="40,2600,0" yaku="1,1,53,1" doraHai="109" doraHaiUra="87" who="1" fromWho="3" sc="250,0,240,36,250,0,250,-26" /><INIT seed="1,0,0,3,0,111" ten="250,276,250,224" oya="1" hai0="5,52,89,13,45,115,92,74,120,0,118,25,130" hai1="23,124,108,56,129,49,127,38,63,24,35,62,51" hai2="85,57,87,54,75,53,2,42,73,64,105,8,76" hai3="68,9,113,4,106,77,11,55,119,47,29,104,59"/><U30/><E38/><V132/><F105/><W109/><G68/><T61/><D118/><U67/><E129/><V69/><F132/><W81/><G109/><T7/><D74/><U39/><E39/><V65/><F42/><W78/><G119/><T107/><D107/><U82/><E108/><V18/><F57/><W43/><G29/><T17/><D115/><U110/><E110/><V103/><F103/><W50/><G78/><T37/><D0/><U36/><E36/><V71/><F8/><W90/><G90/><T96/><D130/><U114/><E114/><V10/><F10/><W31/><G31/><T101/><D120/><U3/><E3/><V33/><F18/><W20/><G20/><N who="0" m="13455" /><D13/><U91/><E35/><V126/><F2/><W123/><G11/><T134/><D134/><U135/><E135/><V58/><F58/><W1/><G123/><T70/><D70/><U131/><E131/><V125/><REACH who="2" step="1"/><F76/><REACH who="2" ten="250,276,240,224" step="2"/><W46/><G46/><T22/><D101/><U14/><E63/><V117/><F117/><W28/><G28/><T15/><D37/><U40/><E40/><V94/><F94/><W88/><G104/><T27/><D15/><U16/><E51/><V12/><F12/><W122/><G106/><T48/><D61/><U116/><E49/><V98/><F98/><W97/><G122/><T93/><D92/><U84/><E116/><V133/><F133/><W34/><G77/><T32/><D32/><AGARI ba="0,1" hai="32,33,53,54,64,65,69,71,73,75,85,87,125,126" machi="32" ten="25,3200,0" yaku="1,1,22,2,53,0" doraHai="111" doraHaiUra="95" who="2" fromWho="0" sc="250,-32,276,0,240,42,224,0" /><INIT seed="2,0,0,4,0,58" ten="218,276,282,224" oya="2" hai0="99,6,59,64,43,119,124,33,25,130,35,0,121" hai1="108,11,15,111,72,29,112,97,40,127,19,49,78" hai2="105,9,91,36,103,89,3,76,17,80,50,16,46" hai3="1,114,84,117,133,8,5,68,38,109,107,51,24"/><V39/><F105/><W61/><G117/><T14/><D121/><U30/><E112/><V28/><F28/><N who="1" m="10857" /><E127/><V86/><F103/><W125/><G38/><T44/><D25/><U31/><E31/><V134/><F134/><W96/><G24/><T12/><D0/><U10/><E97/><V104/><F104/><W100/><G109/><N who="1" m="42058" /><E78/><V70/><F39/><W57/><G125/><T81/><D124/><U18/><E72/><V102/><F36/><W94/><G133/><T77/><D119/><U34/><E34/><V47/><F102/><W45/><G68/><T65/><D130/><U54/><E40/><V27/><F70/><W74/><G74/><T123/><D123/><U71/><E71/><V37/><F37/><W132/><G114/><T95/><D33/><U66/><E66/><V126/><F3/><W129/><G129/><T101/><D35/><U88/><E88/><N who="2" m="33867" /><F126/><W120/><G120/><T62/><D65/><U128/><E128/><V69/><F69/><W92/><G84/><N who="0" m="48175" /><D6/><N who="1" m="3543" /><E11/><V113/><F113/><W55/><REACH who="3" step="1"/><G132/><REACH who="3" ten="218,276,282,214" step="2"/><T20/><D20/><U83/><E83/><V4/><F80/><W13/><G13/><T21/><D21/><U48/><E18/><V106/><F17/><W122/><G122/><T90/><D101/><U52/><E19/><V23/><F16/><W98/><G98/><T22/><D22/><U60/><E54/><AGARI ba="0,1" hai="1,5,8,45,51,54,55,57,61,92,94,96,100,107" machi="54" ten="30,3900,0" yaku="1,1,7,1,52,1,53,0" doraHai="58" doraHaiUra="118" who="3" fromWho="1" sc="218,0,276,-39,282,0,214,49" /><INIT seed="3,0,0,2,1,8" ten="218,237,282,263" oya="3" hai0="1,78,24,35,73,39,57,114,15,85,6,44,103" hai1="49,18,46,29,102,121,21,120,119,100,98,92,9" hai2="128,69,61,68,71,87,40,36,88,19,4,2,25" hai3="37,99,104,83,66,27,48,42,74,84,63,117,13"/><W95/><G117/><T33/><D85/><U67/><E119/><V133/><F2/><W11/><G37/><T58/><D103/><U80/><E67/><V34/><F4/><W86/><G104/><T0/><D15/><N who="1" m="7535" /><E121/><V60/><F40/><W105/><G105/><T97/><D97/><U38/><E38/><V54/><F36/><W118/><G118/><T20/><D20/><U122/><E122/><V3/><F3/><W115/><G115/><T90/><D90/><N who="1" m="55575" /><E120/><V125/><F34/><W51/><G74/><T62/><D114/><U50/><E80/><V94/><F69/><W45/><G27/><T70/><D70/><U65/><E65/><V134/><F68/><W56/><G51/><N who="1" m="19466" /><E46/><V96/><F71/><W107/><G107/><T89/><D89/><U106/><E106/><V47/><F47/><W77/><G84/><T91/><D91/><U130/><E130/><V109/><F128/><W64/><G64/><T22/><D33/><U17/><E29/><V43/><F87/><W93/><G99/><T108/><D35/><U7/><E7/><AGARI ba="0,0" hai="7,11,13,42,45,48,56,63,66,77,83,86,93,95" machi="7" ten="30,12000,1" yaku="7,1,25,2,8,1,52,1" doraHai="8" who="3" fromWho="1" sc="218,0,237,-120,282,0,263,120" owari="218,-18.2,117,-38.3,282,8.2,383,48.3" /></mjloggm>