<mjloggm ver="2.3"><GO type="225" lobby="0"/><UN n0="%E5%8D%A0%E3%81%84%E5%B8%AB%E8%A3%8F%E3%81%AA%E3%81%84%E3%81%97" n1="%E3%80%93%E3%81%97%E3%83%BC%E3%82%89%E3%80%93" n2="%E3%81%BF%E3%81%BF%E3%81%9A" n3="%E3%81%82%E3%81%99%E3%81%AB%E3%82%83%E3%82%80" dan="17,16,18,16" rate="2201.75,2152.52,2232.26,2196.46" sx="M,M,M,F"/><TAIKYOKU oya="0"/><INIT seed="0,0,0,3,5,108" ten="250,250,250,250" oya="0" hai0="85,115,33,53,62,68,93,135,60,12,80,30,98" hai1="43,11,97,40,131,51,5,118,10,58,75,86,20" hai2="125,81,17,121,73,3,110,54,19,0,63,132,90" hai3="111,114,21,25,7,123,133,119,95,102,78,28,101"/><T76/><D135/><U67/><E75/><V94/><F121/><W49/><G119/><T71/><D115/><U77/><E118/><V72/><F110/><W106/><G111/><T74/><D74/><U130/><E97/><V47/><F132/><W55/><G133/><T52/><D33/><U105/><E105/><V36/><F125/><W1/><G106/><T96/><D30/><U15/><E11/><V22/><F36/><W65/><G123/><T122/><D122/><U117/><E117/><V2/><F19/><W100/><G65/><T18/><D68/><U79/><E20/><V27/><F81/><W92/><G78/><N who="1" m="29706" /><E86/><V31/><F31/><W127/><G127/><T83/><D83/><U107/><E107/><V41/><F41/><W126/><G126/><T8/><D98/><U113/><E113/><V109/><F109/><W82/><G82/><T57/><D71/><U4/><E4/><V23/><F23/><W88/><G114/><T112/><D112/><U35/><E35/><V61/><F73/><W38/><G38/><T64/><REACH who="0" step="1"/><D60/><REACH who="0" ten="240,250,250,250" step="2"/><N who="1" m="38295" /><E51/><N who="2" m="29055" /><F72/><W34/><G34/><T99/><D99/><U70/><E70/><V91/><F63/><W128/><G49/><T59/><D59/><U42/><E131/><V9/><F61/><W69/><G128/><T16/><D16/><U134/><E130/><V32/><F32/><W13/><G69/><T6/><D6/><U26/><E134/><V14/><F94/><W89/><G7/><T45/><D45/><U37/><E37/><V66/><F66/><W84/><G95/><T104/><D104/><U56/><E56/><RYUUKYOKU ba="0,1" sc="240,10,250,10,250,10,250,-30" hai0="8,12,18,52,53,57,62,64,76,80,85,93,96" hai1="5,10,15,26,40,42,43" hai2="0,2,3,9,14,17,22,27,90,91" /><INIT seed="0,1,1,3,5,6" ten="250,260,260,220" oya="0" hai0="80,47,3,28,135,13,94,127,17,10,34,61,41" hai1="77,83,122,54,86,22,79,111,101,15,2,87,97" hai2="126,21,129,29,49,84,7,69,30,48,35,68,107" hai3="51,75,92,43,64,56,85,24,62,5,132,44,78"/><T1/><D135/><U50/><E2/><V118/><F107/><W46/><G132/><T39/><D127/><U67/><E122/><V115/><F115/><W0/><G24/><T124/><D124/><U19/><E67/><V110/><F35/><W114/><G114/><T71/><D34/><U63/><E63/><V103/><F103/><W52/><G75/><T60/><D28/><U100/><E111/><V125/><F110/><W26/><G26/><T82/><D61/><U4/><E4/><V42/><F7/><W134/><G134/><T33/><D33/><U130/><E130/><V65/><F21/><W105/><G105/><T133/><D133/><U40/><E40/><V123/><F84/><N who="1" m="32297" /><E97/><V27/><F42/><W88/><G78/><N who="1" m="29706" /><E83/><V119/><F27/><W128/><G128/><T12/><D12/><U36/><E36/><V81/><F81/><W116/><G116/><T18/><D82/><U59/><AGARI ba="1,1" hai="15,19,22,50,54,59,100,101" m="29706,32297" machi="59" ten="30,1100,0" yaku="8,1" doraHai="6" who="1" fromWho="1" sc="250,-6,260,24,260,-4,220,-4" /><INIT seed="1,0,0,5,2,72" ten="244,284,256,216" oya="1" hai0="73,108,35,124,2,34,28,21,107,75,105,48,6" hai1="129,47,91,24,9,41,114,101,69,65,82,36,29" hai2="14,13,60,5,83,111,95,116,102,63,32,96,25" hai3="23,61,81,118,85,121,93,57,12,71,17,99,45"/><U122/><E114/><V22/><F116/><W100/><G118/><T86/><D86/><U128/><E122/><V51/><F111/><W117/><G117/><T103/><D48/><U39/><E101/><V53/><F32/><N who="0" m="12330" /><D21/><N who="1" m="15503" /><E9/><N who="2" m="4271" /><F83/><W62/><G121/><T18/><D18/><U3/><E3/><V46/><F14/><W113/><G113/><T125/><D28/><AGARI ba="0,0" hai="22,25,28,46,51,53,60,63,95,96,102" m="4271" machi="28" ten="30,1000,0" yaku="8,1" doraHai="72" who="2" fromWho="0" sc="244,-10,284,0,256,10,216,0" /><INIT seed="2,0,0,2,2,34" ten="234,284,266,216" oya="2" hai0="45,110,81,102,62,55,21,76,19,46,8,94,9" hai1="7,56,123,33,133,122,111,128,13,91,58,2,75" hai2="134,6,68,40,98,66,60,125,107,71,73,70,90" hai3="49,14,117,93,57,100,35,63,119,64,135,48,30"/><V126/><F73/><W59/><G135/><T120/><D120/><N who="1" m="46123" /><E33/><V27/><F134/><W129/><G129/><T26/><D110/><U116/><E75/><V104/><F27/><W11/><G35/><T43/><D102/><U132/><E128/><V112/><F112/><W50/><G30/><T86/><D94/><U37/><E37/><V74/><F74/><W10/><G57/><N who="1" m="22122" /><E111/><V114/><F114/><W0/><G0/><T84/><D62/><U52/><E116/><V113/><F113/><W78/><G78/><T51/><REACH who="0" step="1"/><D84/><REACH who="0" ten="224,284,266,216" step="2"/><U54/><E132/><V83/><F107/><W72/><G72/><T99/><D99/><U118/><E133/><V103/><F60/><W5/><REACH who="3" step="1"/><G10/><REACH who="3" ten="224,284,266,206" step="2"/><T109/><D109/><U87/><E118/><V82/><F70/><W131/><G131/><T36/><AGARI ba="0,2" hai="8,9,19,21,26,36,43,45,46,51,55,76,81,86" machi="36" ten="20,8000,1" yaku="1,1,0,1,7,1,53,2" doraHai="34" doraHaiUra="4" who="0" fromWho="0" sc="224,100,284,-20,266,-40,206,-20" /><INIT seed="3,0,0,5,0,7" ten="324,264,226,186" oya="3" hai0="88,101,82,15,80,6,90,39,74,40,119,78,102" hai1="10,118,62,37,75,57,34,89,45,18,20,31,87" hai2="47,49,95,69,100,56,21,110,0,131,43,3,60" hai3="117,64,134,105,19,58,52,17,99,109,84,55,5"/><W92/><G117/><T127/><D39/><U123/><E75/><V29/><F110/><W33/><G33/><T77/><D40/><U132/><E123/><V1/><F131/><W115/><G115/><T128/><D128/><U98/><E34/><V9/><F69/><W46/><G134/><T135/><D119/><U130/><E130/><V8/><F100/><N who="0" m="38506" /><D6/><U25/><E118/><V13/><F95/><W72/><G72/><N who="0" m="43047" /><D15/><U107/><E107/><V14/><F14/><W22/><G105/><T48/><D48/><U11/><E37/><V85/><F85/><W103/><G109/><T30/><D30/><U12/><E45/><V116/><F116/><W120/><G120/><T108/><D108/><U129/><E132/><V71/><F71/><W122/><G122/><T28/><D28/><U112/><E112/><V42/><F43/><W68/><G5/><T70/><D70/><U44/><E44/><V113/><F113/><W4/><G4/><T66/><D66/><U76/><E129/><V63/><F63/><N who="3" m="38007" /><G68/><T35/><D35/><U36/><E36/><V54/><REACH who="2" step="1"/><F13/><REACH who="2" ten="324,264,216,186" step="2"/><N who="3" m="9519" /><G84/><T125/><D135/><U32/><E87/><V59/><F59/><W73/><G73/><T65/><D74/><U94/><REACH who="1" step="1"/><E76/><REACH who="1" ten="324,254,216,186" step="2"/><V126/><F126/><W111/><G111/><T51/><D125/><U104/><E104/><V79/><F79/><W23/><G46/><T86/><D127/><U91/><E91/><V96/><F96/><W50/><G50/><T26/><D51/><U67/><AGARI ba="0,2" hai="10,11,12,18,20,25,31,32,57,62,67,89,94,98" machi="67" ten="20,8000,1" yaku="1,1,0,1,7,1,52,2,53,0" doraHai="7" doraHaiUra="121" who="1" fromWho="1" sc="324,-20,254,100,216,-20,186,-40" owari="304,10.4,354,45.4,196,-20.4,146,-35.4" /></mjloggm>