<mjloggm ver="2.3"><GO type="225" lobby="0"/><UN n0="%E3%80%90%E3%83%88%E3%83%AA%E3%83%A5%E3%83%95%E3%80%91" n1="%E4%BF%BA%E3%81%A8%E5%A6%96%E5%A4%A2" n2="%50%69%73%38" n3="%E9%BB%99%E8%81%B4%E3%81%AE%E3%81%99%E3%82%9D%E3%82%81" dan="16,16,16,16" rate="2052.22,2207.18,2098.35,2149.87" sx="M,F,M,M"/><TAIKYOKU oya="0"/><INIT seed="0,0,0,5,5,110" ten="250,250,250,250" oya="0" hai0="14,93,116,70,8,18,91,0,12,62,20,82,85" hai1="132,111,54,98,46,51,103,118,22,96,107,13,101" hai2="47,40,10,17,31,83,119,124,73,69,59,135,1" hai3="127,44,125,43,113,29,88,77,61,19,15,23,80"/><T42/><D0/><U25/><E111/><V30/><F69/><W86/><G113/><T112/><D116/><U49/><E118/><V131/><F119/><W52/><G29/><T71/><D42/><U57/><E132/><V3/><F3/><W84/><G61/><T16/><D112/><U95/><E13/><V35/><F17/><W72/><G72/><T81/><REACH who="0" step="1"/><D71/><REACH who="0" ten="240,250,250,250" step="2"/><U48/><REACH who="1" step="1"/><E46/><REACH who="1" ten="240,240,250,250" step="2"/><V90/><F47/><W41/><G127/><T74/><D74/><U38/><E38/><V33/><F73/><W100/><G125/><T130/><D130/><U128/><E128/><V5/><F131/><W78/><G44/><T24/><D24/><U26/><E26/><V28/><F124/><W55/><G15/><T126/><D126/><U45/><E45/><V102/><F135/><W114/><G43/><T36/><D36/><U104/><E104/><V87/><F40/><W97/><G41/><T89/><D89/><U94/><E94/><V108/><F108/><W133/><G133/><T53/><D53/><U50/><E50/><V66/><F102/><W121/><G100/><T39/><D39/><U76/><E76/><V120/><F33/><W64/><G88/><T21/><D21/><U122/><E122/><V123/><F35/><W27/><G121/><T67/><AGARI ba="0,2" hai="8,12,14,16,18,20,62,67,70,81,82,85,91,93" machi="67" ten="30,11700,0" yaku="1,1,0,1,54,1,53,1" doraHai="110" doraHaiUra="58" who="0" fromWho="0" sc="240,137,240,-39,250,-39,250,-39" /><INIT seed="0,1,0,1,2,110" ten="377,201,211,211" oya="0" hai0="101,58,119,121,16,91,56,36,116,106,100,13,15" hai1="123,51,99,30,67,49,54,45,24,103,112,82,135" hai2="132,96,59,88,109,44,10,41,122,115,26,130,95" hai3="48,129,12,126,25,85,20,50,62,75,118,134,86"/><T97/><D121/><U104/><E123/><V34/><F122/><W46/><G75/><T61/><D36/><U18/><E135/><V114/><F109/><W38/><G118/><T9/><D101/><U117/><E117/><V98/><F132/><W73/><G73/><T17/><D91/><U27/><E67/><V33/><F130/><W19/><G126/><T0/><D0/><U92/><E18/><V39/><F10/><W60/><G38/><T125/><D125/><U105/><E82/><V70/><F70/><W57/><G129/><T80/><D80/><U71/><E71/><V5/><F5/><W83/><G134/><T35/><D35/><U64/><E64/><V28/><F34/><W102/><G102/><T87/><D87/><U76/><E76/><V113/><REACH who="2" step="1"/><F59/><REACH who="2" ten="377,201,201,211" step="2"/><W7/><G7/><T78/><D56/><U89/><E45/><V52/><F52/><W69/><G69/><T107/><D116/><U8/><E54/><V23/><F23/><W6/><G57/><T32/><D32/><U53/><E53/><V72/><F72/><W65/><G6/><T127/><D127/><U29/><E8/><V1/><F1/><W66/><G46/><T42/><D119/><U111/><E111/><V131/><F131/><W79/><G20/><T128/><D128/><U22/><E22/><V84/><AGARI ba="1,1" hai="26,28,33,39,41,44,84,88,95,96,98,113,114,115" machi="84" ten="30,12000,2" yaku="1,1,0,1,52,3,54,1,53,0" doraHai="110" doraHaiUra="3" who="2" fromWho="2" sc="377,-61,201,-31,201,133,211,-31" /><INIT seed="1,0,0,2,5,118" ten="316,170,334,180" oya="1" hai0="6,59,62,74,124,77,133,94,112,134,52,41,76" hai1="18,96,46,86,54,30,132,83,81,42,34,49,29" hai2="131,119,27,72,11,120,36,57,129,68,91,128,55" hai3="20,113,110,1,65,82,15,64,26,89,127,75,115"/><U58/><E132/><V121/><F119/><W93/><G1/><T35/><D112/><U125/><E125/><V71/><F72/><W70/><G110/><T31/><D124/><U28/><E18/><V56/><F11/><W107/><G107/><T97/><D41/><U32/><E96/><V45/><F27/><W9/><G127/><T19/><D6/><U63/><REACH who="1" step="1"/><E81/><REACH who="1" ten="316,160,334,180" step="2"/><V17/><F17/><W92/><G115/><T4/><D19/><U0/><E0/><V16/><F16/><W111/><G82/><T98/><D98/><U8/><E8/><V130/><F128/><W109/><G9/><T69/><D133/><U53/><E53/><V87/><F55/><W79/><G113/><T7/><D134/><U12/><E12/><V102/><F130/><W14/><G14/><T40/><D7/><U5/><E5/><V104/><F129/><W106/><G15/><T22/><D4/><U48/><E48/><V90/><F131/><W10/><G10/><T66/><D97/><U37/><E37/><V123/><F36/><W13/><G13/><T126/><D52/><U85/><E85/><V61/><F87/><W50/><G50/><T114/><D126/><U73/><E73/><V2/><F2/><W117/><G75/><T103/><D74/><U21/><E21/><V67/><F121/><W84/><G84/><T105/><D22/><U108/><E108/><V33/><F120/><W47/><G20/><T24/><D35/><U101/><E101/><V88/><F123/><W38/><G111/><T39/><D39/><U51/><E51/><V25/><F33/><RYUUKYOKU ba="0,1" sc="316,-10,160,30,334,-10,180,-10" hai1="28,29,30,32,34,42,46,49,54,58,63,83,86" /><INIT seed="1,1,1,2,0,1" ten="306,190,324,170" oya="1" hai0="89,118,92,47,65,0,22,85,88,129,68,130,106" hai1="135,121,98,11,86,52,54,7,38,71,117,34,45" hai2="105,123,46,75,116,24,6,58,76,61,109,21,17" hai3="5,104,55,110,70,80,99,82,108,48,134,32,103"/><U83/><E117/><V125/><F116/><W63/><G32/><T111/><D0/><U2/><E121/><V97/><F123/><W51/><G134/><T25/><D106/><U84/><E34/><V41/><F109/><N who="3" m="42091" /><G5/><T132/><D132/><U131/><E135/><V66/><F125/><W67/><G48/><T36/><D111/><U20/><E71/><V4/><F76/><W28/><G28/><T18/><D118/><U53/><E131/><V87/><F75/><W30/><G30/><T112/><D112/><U114/><E114/><V78/><F105/><W9/><G9/><T115/><D115/><U93/><E83/><N who="2" m="47607" /><F97/><W119/><G119/><T35/><D35/><U39/><E20/><V133/><F133/><W15/><G15/><T69/><D89/><U64/><E64/><V42/><F46/><AGARI ba="1,1" hai="46,51,55,63,67,70,80,82,99,103,104" m="42091" machi="46" ten="30,1000,0" yaku="14,1" doraHai="1" who="3" fromWho="2" sc="306,0,190,0,324,-13,170,23" /><INIT seed="2,0,0,5,0,8" ten="306,190,311,193" oya="2" hai0="81,126,103,44,70,111,4,50,0,35,14,30,18" hai1="66,28,26,113,58,42,55,2,5,125,80,134,57" hai2="32,123,88,20,102,94,122,74,12,40,132,127,67" hai3="52,71,61,27,25,77,78,95,86,45,115,92,75"/><V106/><F32/><W15/><G71/><T109/><D70/><U72/><E113/><V19/><F127/><W59/><G75/><T93/><D81/><U24/><E125/><V120/><F67/><W6/><G115/><T60/><D60/><U41/><E134/><V68/><F68/><W46/><G27/><T114/><D114/><U135/><E135/><V1/><F1/><W11/><G25/><N who="0" m="18895" /><D93/><N who="3" m="35913" /><G86/><T21/><D103/><U97/><E97/><V62/><F132/><W117/><G117/><T37/><D37/><U101/><E101/><V73/><F40/><W9/><G9/><N who="0" m="2183" /><D126/><U107/><E107/><V100/><F62/><W10/><G10/><T79/><D79/><AGARI ba="0,0" hai="6,11,15,45,46,52,59,61,77,78,79" m="35913" machi="79" ten="30,3900,0" yaku="8,1,52,1,54,1" doraHai="8" who="3" fromWho="0" sc="306,-39,190,0,311,0,193,39" /><INIT seed="3,0,0,1,0,36" ten="267,190,311,232" oya="3" hai0="123,80,10,39,85,20,38,61,14,34,53,52,62" hai1="44,11,87,56,122,42,102,82,103,48,83,98,37" hai2="110,32,25,117,26,76,91,114,64,7,13,79,66" hai3="28,127,112,68,71,67,63,81,24,86,113,43,19"/><W12/><G127/><T8/><D34/><U88/><E122/><V99/><F114/><W45/><G71/><T134/><D134/><U33/><E33/><V49/><F110/><W57/><G68/><T46/><D20/><U18/><E82/><V35/><F117/><W16/><G24/><N who="2" m="9321" /><F49/><W93/><G93/><T100/><D100/><U129/><E129/><V108/><F108/><W126/><G28/><T69/><D123/><U72/><E72/><V125/><F125/><W124/><G124/><T17/><D8/><U120/><E120/><V23/><F35/><W96/><G96/><T94/><D94/><U31/><E31/><V55/><F55/><W58/><G58/><T75/><D75/><U4/><E18/><N who="2" m="10703" /><F7/><W105/><G105/><T121/><D38/><U30/><E30/><V41/><F41/><W9/><G19/><T5/><D121/><U27/><E27/><V90/><F99/><W104/><G104/><T60/><D69/><U59/><E98/><V89/><F32/><W40/><G126/><T130/><D130/><U116/><E116/><V135/><F135/><W132/><G132/><T84/><D84/><U65/><E56/><V22/><F22/><W128/><G128/><T47/><D17/><U97/><E97/><V78/><AGARI ba="0,0" hai="64,66,76,78,79,89,90,91" m="10703,9321" machi="78" ten="40,1500,0" yaku="8,1" doraHai="36" who="2" fromWho="2" sc="267,-4,190,-4,311,15,232,-7" owari="263,6.3,186,-31.4,326,42.6,225,-17.5" /></mjloggm>