<mjloggm ver="2.3"><GO type="225" lobby="0"/><UN n0="%E7%99%BD%E5%80%89%E5%AF%9B%E4%B9%8B" n1="%E9%B7%B9%E5%80%89%E6%9D%8F%E9%88%B4" n2="%E3%83%96%E3%83%83%E3%83%91%E3%82%AA%E3%83%96%E3%83%81%E3%82%AD%E3%83%B3" n3="%E5%8D%A0%E3%81%84%E5%B8%AB%E8%A3%8F%E3%81%AA%E3%81%84%E3%81%97" dan="16,16,16,17" rate="2131.58,2107.41,2141.92,2242.54" sx="M,F,M,M"/><TAIKYOKU oya="0"/><INIT seed="0,0,0,0,1,40" ten="250,250,250,250" oya="0" hai0="50,115,96,64,61,100,117,47,114,58,7,60,97" hai1="41,48,130,71,18,1,126,110,129,59,89,14,65" hai2="92,98,10,25,57,37,103,80,34,86,24,107,15" hai3="46,16,8,39,111,62,122,123,32,113,116,5,23"/><T12/><D117/><U94/><E1/><V112/><F112/><W33/><G113/><T104/><D97/><U95/><E110/><V49/><F37/><W118/><G62/><T75/><D75/><U76/><E76/><N who="2" m="46343" /><F107/><W102/><G102/><T82/><D82/><U20/><E126/><V78/><F78/><W68/><G68/><T63/><D63/><N who="1" m="40383" /><E89/><V45/><F57/><W51/><G39/><T120/><D120/><N who="3" m="46121" /><G111/><T28/><D28/><U128/><E59/><V29/><F34/><N who="3" m="13419" /><G46/><AGARI ba="0,0" hai="14,18,20,41,46,48,94,95,128,129,130" m="40383" machi="46" ten="30,2000,0" yaku="19,1,52,1" doraHai="40" who="1" fromWho="3" sc="250,0,250,20,250,0,250,-20" /><INIT seed="1,0,0,2,0,79" ten="250,270,250,230" oya="1" hai0="127,97,130,31,40,56,35,134,116,84,7,128,101" hai1="27,21,68,9,117,102,94,111,110,38,64,91,0" hai2="77,96,45,60,83,135,6,82,30,99,46,2,52" hai3="119,8,81,14,87,11,108,78,24,132,95,12,58"/><U71/><E38/><V72/><F135/><W13/><G108/><N who="1" m="41514" /><E117/><V100/><F2/><W63/><G132/><T42/><D134/><U20/><E102/><V123/><F123/><W112/><G119/><T50/><D116/><U122/><E122/><V62/><F6/><W48/><G112/><T53/><D7/><N who="1" m="1255" /><E64/><V109/><F109/><W49/><G24/><N who="0" m="18919" /><D84/><N who="1" m="52583" /><E20/><V39/><F72/><W125/><G125/><T66/><D127/><U17/><AGARI ba="0,0" hai="17,21,27,68,71" m="52583,1255,41514" machi="17" ten="30,3000,0" yaku="14,1,10,1" doraHai="79" who="1" fromWho="1" sc="250,-10,270,30,250,-10,230,-10" /><INIT seed="1,1,0,5,5,113" ten="240,300,240,220" oya="1" hai0="64,27,39,76,59,18,0,65,94,130,6,24,79" hai1="66,111,118,67,55,84,22,44,28,29,68,19,88" hai2="61,7,32,35,42,121,95,46,110,98,90,122,128" hai3="132,135,70,93,73,99,96,101,129,16,126,109,17"/><U8/><E118/><V106/><F110/><W116/><G70/><T103/><D39/><U134/><E134/><N who="3" m="51242" /><G109/><T85/><D130/><U108/><E108/><V114/><F114/><W26/><G73/><T117/><D117/><U107/><E107/><V69/><F128/><W21/><G129/><T133/><D133/><U124/><E124/><V45/><F7/><W81/><G126/><T62/><D0/><U100/><E100/><V40/><F106/><N who="3" m="63783" /><G81/><T78/><D6/><U12/><E111/><V104/><F104/><W58/><G58/><T30/><D65/><N who="1" m="24587" /><E68/><V92/><F61/><W72/><G72/><T105/><D105/><U15/><E44/><V9/><F69/><W120/><G120/><T14/><D30/><U131/><E55/><V60/><F60/><W2/><G2/><T3/><D3/><U115/><E115/><V87/><F98/><W125/><G125/><T119/><D119/><U5/><E131/><V41/><F41/><W4/><G4/><T123/><D123/><U1/><E1/><V77/><F77/><W54/><G54/><T83/><D103/><U47/><E47/><V49/><F90/><N who="3" m="55735" /><G116/><T89/><REACH who="0" step="1"/><D83/><AGARI ba="1,0" hai="5,8,12,15,19,22,28,29,83,84,88" m="24587" machi="83" ten="30,2900,0" yaku="8,1,54,1" doraHai="113" who="1" fromWho="0" sc="240,-32,300,32,240,0,220,0" /><INIT seed="1,2,0,5,2,43" ten="208,332,240,220" oya="1" hai0="21,86,109,2,116,118,14,53,55,37,59,123,27" hai1="94,58,30,85,12,9,120,36,28,38,62,47,121" hai2="97,122,110,87,45,7,78,80,93,124,81,18,107" hai3="44,100,60,23,66,57,25,3,48,135,99,103,20"/><U41/><E38/><V79/><F122/><W71/><G3/><T4/><D2/><U51/><E121/><V22/><F110/><W34/><G135/><T52/><D37/><U61/><E120/><V65/><F124/><W42/><G100/><T113/><D123/><U50/><E36/><V76/><F107/><W82/><G82/><T91/><D109/><U72/><E72/><V134/><F134/><W13/><G13/><T56/><D113/><U49/><E49/><V127/><F127/><W33/><G20/><T111/><D111/><U114/><E51/><V96/><F65/><W11/><G11/><N who="0" m="4455" /><D118/><U129/><E129/><V92/><F7/><W35/><G71/><T132/><D116/><U0/><E0/><V1/><F45/><W128/><G128/><T8/><D8/><U54/><E62/><V17/><F1/><W29/><REACH who="3" step="1"/><G34/><REACH who="3" ten="208,332,240,210" step="2"/><T95/><D132/><U112/><E112/><V26/><F81/><W88/><G88/><T10/><D10/><U75/><E114/><V6/><F6/><W119/><G119/><T108/><D108/><U125/><E125/><V83/><F83/><W102/><G102/><T131/><D131/><U19/><E75/><V105/><F105/><AGARI ba="2,1" hai="23,25,29,33,35,42,44,48,57,60,66,99,103,105" machi="105" ten="30,7700,0" yaku="1,1,7,1,52,1,53,1" doraHai="43" doraHaiUra="63" who="3" fromWho="2" sc="208,0,332,0,240,-83,210,93" /><INIT seed="2,0,0,2,5,4" ten="208,332,157,303" oya="2" hai0="96,9,122,11,58,80,54,48,6,102,89,68,27" hai1="91,63,44,22,20,38,16,26,106,78,119,62,105" hai2="30,75,42,111,31,23,8,134,79,17,95,76,14" hai3="24,52,40,97,71,3,112,49,43,83,60,18,129"/><V127/><F127/><W15/><G3/><T73/><D68/><U65/><E119/><V92/><F134/><W99/><G129/><T41/><D122/><U32/><E32/><V1/><F1/><W0/><G0/><T66/><D6/><U135/><E78/><N who="2" m="29739" /><F75/><W117/><G117/><T126/><D126/><U120/><E135/><V109/><F42/><W53/><G83/><T124/><D124/><U86/><E120/><V10/><F31/><W59/><G112/><T72/><D72/><U87/><E87/><V90/><F30/><W46/><G24/><T81/><D73/><U70/><E62/><V56/><F56/><W37/><G40/><T98/><D66/><U133/><E133/><V50/><F50/><W101/><G101/><T12/><D12/><U34/><E34/><V47/><F47/><W28/><G28/><T45/><D27/><U25/><E44/><V33/><F33/><W67/><G53/><T110/><D110/><N who="2" m="41994" /><F95/><W131/><G131/><T116/><D116/><U51/><E51/><V19/><F17/><W130/><G130/><T121/><D121/><U21/><E38/><V118/><F118/><W85/><G85/><AGARI ba="0,0" hai="8,10,14,19,23,85,90,92" m="41994,29739" machi="85" ten="30,11600,0" yaku="14,1,10,1,52,2" doraHai="4" who="2" fromWho="3" sc="208,0,332,0,157,116,303,-116" /><INIT seed="2,1,0,5,4,94" ten="208,332,273,187" oya="2" hai0="46,120,91,84,113,10,86,76,111,33,117,68,64" hai1="102,93,22,13,130,34,12,59,128,74,89,69,25" hai2="87,73,24,35,127,53,97,65,45,133,41,2,37" hai3="48,123,4,21,67,36,95,30,79,1,14,88,18"/><V98/><F73/><W109/><G36/><T54/><D33/><U17/><E69/><V114/><F114/><W6/><G123/><T29/><D29/><U103/><E74/><V50/><F2/><W124/><G109/><T52/><D113/><U70/><E70/><V20/><F133/><W126/><G79/><T60/><D120/><U51/><E51/><V80/><F65/><W122/><G122/><T104/><D104/><U16/><E59/><V72/><F127/><N who="3" m="48683" /><G67/><T44/><D111/><U101/><E34/><V43/><F72/><W75/><G75/><T26/><D26/><U83/><E83/><V119/><F119/><W58/><G30/><T23/><D23/><U78/><E78/><N who="2" m="46487" /><F35/><W40/><G1/><T110/><D117/><U0/><E0/><V108/><F37/><W81/><G81/><N who="0" m="47143" /><D68/><U105/><E105/><V7/><F7/><W56/><G56/><N who="0" m="36871" /><D10/><U131/><E17/><N who="2" m="12303" /><F108/><W63/><G63/><T39/><D39/><U49/><E49/><V90/><F90/><W99/><G58/><T66/><D66/><U132/><E132/><V96/><AGARI ba="1,0" hai="41,43,45,50,53,96,97,98" m="12303,46487" machi="96" ten="30,11700,0" yaku="8,1,52,3" doraHai="94" who="2" fromWho="2" sc="208,-40,332,-40,273,120,187,-40" /><INIT seed="2,2,0,4,1,131" ten="168,292,393,147" oya="2" hai0="77,111,91,81,73,58,69,114,61,107,38,94,25" hai1="129,89,120,72,29,104,60,97,79,36,5,13,4" hai2="55,48,30,65,86,112,130,110,62,95,88,16,43" hai3="105,116,53,40,47,50,2,74,35,57,45,70,126"/><V21/><F112/><W15/><G2/><T27/><D38/><U18/><E36/><V33/><F130/><W106/><G116/><T100/><D69/><U115/><E129/><V102/><F110/><W7/><G35/><T54/><D111/><U80/><E115/><V83/><F43/><W90/><G126/><T117/><D117/><U127/><E29/><V98/><F33/><W133/><G74/><T75/><D75/><U87/><E60/><V99/><F30/><W63/><G90/><T37/><D37/><U0/><E0/><V82/><F65/><W8/><G45/><T9/><D9/><N who="1" m="6447" /><E127/><V66/><F66/><W122/><G122/><T34/><D34/><U135/><E135/><V56/><F62/><W101/><G101/><T12/><D12/><U124/><E120/><V22/><F22/><W24/><G24/><T84/><REACH who="0" step="1"/><D114/><REACH who="0" ten="158,292,393,147" step="2"/><U108/><E108/><V44/><F44/><W23/><G133/><T6/><D6/><U68/><E68/><V31/><F31/><W19/><REACH who="3" step="1"/><G70/><REACH who="3" ten="158,292,393,137" step="2"/><T14/><D14/><U78/><E124/><V71/><F71/><W109/><G109/><T39/><D39/><U121/><E121/><V46/><F46/><W17/><G17/><T59/><D59/><U51/><E72/><V41/><F16/><W103/><G103/><T26/><D26/><U125/><E125/><V3/><F56/><W119/><G119/><T28/><D28/><U1/><E1/><V11/><F102/><W67/><G67/><T134/><D134/><U92/><E5/><V132/><F3/><W76/><G76/><N who="1" m="29226" /><E4/><V96/><F132/><RYUUKYOKU ba="2,2" sc="158,15,292,-15,393,-15,137,15" hai0="25,27,54,58,61,73,77,81,84,91,94,100,107" hai3="7,8,15,19,23,40,47,50,53,57,63,105,106" /><INIT seed="3,3,2,3,4,2" ten="173,277,378,152" oya="3" hai0="96,112,4,114,14,109,12,34,26,45,118,54,63" hai1="110,107,98,84,128,78,68,15,47,11,125,87,9" hai2="49,30,77,27,115,0,50,25,124,55,113,60,83" hai3="100,120,38,7,39,93,23,70,106,36,17,85,116"/><W24/><G116/><T102/><D118/><U135/><E68/><V65/><F0/><W51/><G120/><T90/><D109/><U121/><E121/><V99/><F124/><W8/><G70/><T126/><D126/><U53/><E125/><V79/><F99/><W18/><G106/><N who="0" m="63815" /><D4/><U44/><E128/><V86/><F77/><W81/><G100/><T52/><D90/><U40/><E135/><V101/><F49/><W119/><G119/><T31/><D45/><U66/><E66/><V80/><F80/><W117/><G117/><T61/><D61/><U10/><E98/><V73/><F25/><W105/><G105/><T22/><D22/><U46/><E107/><V71/><F73/><W95/><G51/><T64/><D14/><U37/><E110/><V111/><F101/><W19/><G81/><T1/><D12/><U122/><E122/><V35/><F111/><W94/><REACH who="3" step="1"/><G85/><REACH who="3" ten="173,277,378,142" step="2"/><T129/><D129/><U42/><E87/><V13/><F71/><W5/><G5/><T20/><D114/><U69/><E69/><N who="2" m="42151" /><F115/><W108/><G108/><T134/><D112/><U16/><E84/><V59/><F113/><W88/><G88/><T131/><D131/><U123/><E123/><V6/><F6/><W127/><G127/><T76/><D134/><U41/><E78/><V3/><F86/><W82/><G82/><T56/><D76/><U32/><E37/><V103/><F83/><W133/><G133/><T89/><D89/><U29/><E41/><V92/><F103/><W21/><G21/><T97/><D97/><U130/><E130/><V48/><F79/><RYUUKYOKU ba="3,3" sc="173,-10,277,-10,378,-10,142,30" hai3="7,8,17,18,19,23,24,36,38,39,93,94,95" /><INIT seed="3,4,3,1,1,5" ten="163,267,368,172" oya="3" hai0="34,41,60,117,107,10,29,33,125,85,72,16,110" hai1="106,30,36,74,21,15,101,57,27,70,8,113,1" hai2="3,55,39,73,56,69,90,11,17,133,2,58,45" hai3="78,47,95,77,23,13,54,49,26,109,92,75,112"/><W93/><G112/><T114/><D72/><U35/><E70/><V105/><F69/><W82/><G109/><T89/><D117/><U104/><E36/><V24/><F73/><W48/><G78/><T50/><D107/><U67/><E74/><V44/><F105/><W122/><G122/><T53/><D110/><U43/><E43/><V87/><F133/><W79/><G77/><T134/><D134/><U98/><E113/><V108/><F108/><W119/><G119/><T127/><D114/><U116/><E116/><V130/><F130/><W118/><G118/><T37/><D60/><N who="1" m="38287" /><E1/><N who="2" m="11" /><F24/><W4/><G48/><T40/><D16/><N who="1" m="8295" /><E35/><N who="0" m="13321" /><D10/><U31/><E31/><V76/><F76/><W28/><G4/><T123/><D29/><U59/><E59/><V132/><F44/><W9/><G13/><T7/><D7/><U129/><E129/><V6/><F39/><W65/><G65/><T128/><D37/><U91/><E91/><V111/><F6/><W12/><G12/><T46/><D123/><U120/><E120/><V83/><F132/><W97/><G9/><T51/><D128/><U19/><E19/><V66/><F66/><W68/><G68/><T18/><D18/><U80/><E80/><V124/><F83/><W115/><G115/><T22/><D22/><U0/><E0/><V52/><F111/><W61/><G61/><T25/><D25/><U42/><E42/><N who="0" m="16489" /><D50/><U126/><E126/><N who="0" m="48137" /><D89/><AGARI ba="4,3" hai="23,26,28,47,49,54,75,79,82,89,92,93,95,97" machi="89" ten="30,1500,0" yaku="7,1" doraHai="5" who="3" fromWho="0" sc="163,-27,267,0,368,0,172,57" /><INIT seed="3,5,0,3,4,48" ten="136,267,368,229" oya="3" hai0="15,134,66,28,35,106,33,60,128,64,83,100,129" hai1="71,111,8,7,3,25,76,0,53,63,112,11,90" hai2="44,104,115,91,16,125,94,27,87,96,26,92,31" hai3="105,75,1,85,13,38,84,93,117,39,5,81,36"/><W114/><G114/><T67/><D134/><U74/><E112/><V43/><F115/><W98/><G117/><T97/><D83/><U118/><E118/><V56/><F125/><W30/><G1/><T4/><D4/><U82/><E111/><V50/><F104/><W2/><G2/><T73/><D73/><U24/><E90/><N who="2" m="55383" /><F31/><W113/><G30/><T17/><D60/><U88/><E88/><V131/><F131/><W123/><G105/><T58/><D58/><U133/><E133/><V37/><F37/><W46/><G123/><T102/><D28/><U99/><E99/><V40/><F56/><W18/><G5/><T135/><D135/><U121/><E121/><V23/><F43/><W69/><G69/><T55/><D55/><U72/><E63/><V6/><F6/><W86/><G113/><T107/><D15/><AGARI ba="5,0" hai="15,16,23,26,27,40,44,50,87,91,92" m="55383" machi="15" ten="30,2000,0" yaku="8,1,54,1" doraHai="48" who="2" fromWho="0" sc="136,-35,267,0,368,35,229,0" owari="101,-39.9,267,6.7,403,50.3,229,-17.1" /></mjloggm>