<mjloggm ver="2.3"><GO type="225" lobby="0"/><UN n0="%43%55%4B%45%59" n1="%4B%2E%32%2E%4B%2E" n2="%E5%91%A8%E6%9D%B1" n3="%E3%83%96%E3%83%83%E3%83%91%E3%82%AA%E3%83%96%E3%83%81%E3%82%AD%E3%83%B3" dan="16,17,16,16" rate="2070.91,2207.78,2152.64,2187.00" sx="M,M,M,M"/><TAIKYOKU oya="0"/><INIT seed="0,0,0,3,0,60" ten="250,250,250,250" oya="0" hai0="1,70,36,50,117,43,118,57,59,68,113,32,107" hai1="109,131,24,103,73,82,126,38,89,31,128,96,22" hai2="8,33,53,2,83,111,121,14,55,9,47,81,69" hai3="122,64,75,129,19,30,88,95,112,78,72,106,3"/><T98/><D98/><U42/><E109/><V100/><F121/><W85/><G112/><T80/><D80/><U92/><E126/><V99/><F111/><W41/><G122/><T87/><D87/><U120/><E120/><V0/><F33/><W66/><G3/><T127/><D107/><U102/><E42/><V39/><F69/><N who="0" m="26730" /><D1/><U119/><E119/><N who="0" m="45577" /><D32/><U54/><E54/><V52/><F39/><W10/><G30/><T123/><D123/><U45/><E45/><V28/><F47/><W18/><G106/><T15/><D15/><U5/><E38/><V29/><F2/><W51/><G75/><T90/><D90/><U74/><E5/><V108/><F108/><W132/><G72/><N who="1" m="27754" /><E82/><N who="2" m="31243" /><F0/><W62/><G78/><T105/><D105/><U6/><E6/><N who="2" m="3351" /><F9/><W67/><G10/><T12/><D12/><U94/><E94/><AGARI ba="0,0" hai="28,29,52,53,55,94,99,100" m="3351,31243" machi="94" ten="30,2000,0" yaku="8,1,54,1" doraHai="60" who="2" fromWho="1" sc="250,0,250,-20,250,20,250,0" /><INIT seed="1,0,0,4,3,67" ten="250,230,270,250" oya="1" hai0="119,61,94,76,34,3,28,63,108,53,69,42,122" hai1="90,101,10,44,1,89,98,46,7,96,21,102,12" hai2="93,37,40,81,82,58,11,0,56,62,111,23,70" hai3="125,79,43,121,72,118,13,87,110,30,36,135,24"/><U133/><E133/><V39/><F111/><W6/><G121/><T17/><D119/><U8/><E21/><V92/><F23/><W15/><G110/><T124/><D122/><U41/><E41/><V130/><F62/><W97/><G135/><T109/><D124/><U73/><E73/><V66/><F40/><W25/><G125/><T134/><D3/><U83/><E83/><V18/><F66/><W51/><G36/><T105/><D134/><U29/><E29/><V68/><F18/><W54/><G72/><T14/><D105/><U91/><E1/><V71/><F0/><W123/><G123/><T106/><D106/><U132/><E132/><V114/><F71/><W60/><G97/><N who="1" m="37482" /><E10/><V112/><F11/><W38/><G118/><T129/><D129/><AGARI ba="0,0" hai="37,39,56,58,68,70,81,82,92,93,112,114,129,130" machi="129" ten="25,6400,0" yaku="22,2,52,2" doraHai="67" who="2" fromWho="0" sc="250,-64,230,0,270,64,250,0" /><INIT seed="2,0,0,4,2,85" ten="186,230,334,250" oya="2" hai0="121,60,106,125,99,130,107,87,82,135,20,128,70" hai1="13,15,78,134,33,25,71,51,108,65,4,6,111" hai2="11,10,104,120,76,72,118,133,37,57,52,23,18" hai3="61,1,47,86,119,100,132,81,79,131,103,112,94"/><V88/><F120/><W95/><G1/><T27/><D121/><U38/><E38/><V116/><F104/><W53/><G119/><T49/><D135/><U5/><E134/><V35/><F35/><W54/><G132/><T83/><D125/><U14/><E78/><V127/><F37/><W101/><G131/><T63/><D70/><U75/><E75/><V39/><F39/><W109/><G109/><N who="1" m="42058" /><E51/><V77/><F133/><W3/><G3/><T31/><D49/><U19/><E65/><V40/><F40/><W26/><G112/><T91/><D82/><U102/><E102/><V9/><F127/><W41/><G26/><T59/><D63/><U7/><E71/><V90/><F72/><W126/><G126/><T66/><REACH who="0" step="1"/><D99/><REACH who="0" ten="176,230,334,250" step="2"/><U93/><E93/><N who="3" m="35338" /><G61/><T123/><D123/><U44/><E44/><V89/><F118/><W32/><G32/><T62/><D62/><U92/><E92/><V36/><F36/><W45/><G45/><T43/><D43/><U58/><E58/><V22/><F116/><W113/><G113/><T17/><D17/><U55/><E33/><V115/><F115/><W67/><G41/><T74/><D74/><U42/><E42/><V105/><F105/><AGARI ba="0,1" hai="20,27,31,59,60,66,83,87,91,105,106,107,128,130" machi="105" ten="40,2600,0" yaku="1,1,52,1,53,0" doraHai="85" doraHaiUra="96" who="0" fromWho="2" sc="176,36,230,0,334,-26,250,0" /><INIT seed="3,0,0,1,2,18" ten="212,230,308,250" oya="3" hai0="54,135,39,8,10,122,13,76,86,75,108,0,116" hai1="87,85,65,36,74,4,80,40,35,45,20,99,16" hai2="26,98,77,129,72,49,21,134,55,105,57,19,89" hai3="66,47,53,17,123,133,100,68,22,92,106,60,81"/><W61/><G123/><T2/><D122/><U90/><E35/><V96/><F129/><W30/><G133/><T44/><D116/><U111/><E74/><V93/><F134/><W117/><G117/><T24/><D135/><U23/><E111/><V15/><F72/><W71/><G106/><T7/><D108/><U1/><E65/><V43/><F77/><W69/><G30/><T121/><D121/><U3/><E23/><V91/><F43/><W102/><G81/><T113/><D113/><U94/><E4/><V131/><F131/><W88/><G69/><T120/><D120/><U38/><E38/><V78/><F78/><W103/><G68/><T63/><D39/><U130/><E85/><V31/><F105/><W115/><G115/><T73/><D75/><U97/><E97/><N who="2" m="57519" /><F91/><W101/><G101/><T9/><D73/><U32/><E32/><V33/><F33/><W132/><G132/><T125/><D0/><U107/><E107/><V5/><F5/><W6/><G6/><T127/><D2/><U128/><E128/><V118/><F118/><W56/><G47/><T110/><D127/><U84/><E84/><V48/><F48/><W124/><G124/><T126/><D110/><U62/><E62/><V79/><F79/><W25/><G103/><T50/><D125/><U37/><E37/><V34/><F34/><W46/><G46/><T52/><D126/><U95/><E130/><V70/><F70/><W11/><G11/><T27/><D9/><U42/><E42/><V114/><F114/><W59/><G71/><T82/><D10/><U51/><E36/><RYUUKYOKU ba="0,0" sc="212,10,230,-30,308,10,250,10" hai0="7,8,13,24,27,44,50,52,54,63,76,82,86" hai2="15,19,21,26,31,49,55,57,96,98" hai3="17,22,25,53,56,59,60,61,66,88,92,100,102" /><INIT seed="3,1,0,2,3,126" ten="222,200,318,260" oya="3" hai0="125,83,113,134,19,124,2,103,81,76,22,93,97" hai1="132,36,64,129,24,27,60,47,51,8,62,80,135" hai2="128,17,10,74,109,73,54,87,106,122,98,46,121" hai3="0,29,63,15,28,37,92,115,16,89,45,6,61"/><W123/><G115/><T94/><D2/><U55/><E36/><V116/><F116/><W120/><G120/><N who="2" m="46185" /><F109/><W14/><G123/><T65/><D65/><U52/><E129/><V119/><F128/><W72/><G72/><N who="0" m="43143" /><D134/><N who="1" m="51243" /><E8/><V108/><F87/><N who="3" m="52287" /><G0/><T35/><D35/><U66/><E80/><V48/><F119/><W18/><G37/><T4/><D4/><U11/><E11/><V114/><F114/><W95/><G45/><T49/><D83/><U43/><E27/><V88/><F108/><W12/><G6/><T53/><D113/><U100/><E24/><V75/><F106/><W32/><G32/><T58/><D94/><U26/><E26/><V84/><F98/><W131/><G131/><T96/><D93/><U91/><E91/><V39/><F39/><W111/><G95/><T67/><D103/><U25/><E25/><V34/><F34/><W118/><G111/><T85/><D85/><U90/><E90/><V102/><F102/><W42/><G118/><T79/><D79/><U40/><E100/><V30/><F88/><W70/><G29/><T86/><D86/><U78/><E78/><V59/><F30/><W31/><G31/><T110/><D110/><U99/><E99/><N who="0" m="37961" /><D67/><N who="1" m="25643" /><E62/><N who="3" m="23562" /><G28/><T71/><D71/><U104/><E104/><V1/><F84/><W82/><G70/><T33/><D33/><U105/><E105/><V77/><F77/><W20/><G82/><T7/><D7/><U5/><E5/><N who="2" m="1327" /><F17/><N who="3" m="6763" /><G20/><T23/><D19/><U68/><E68/><V13/><F13/><W41/><AGARI ba="1,0" hai="12,14,15,41,42" m="6763,23562,52287" machi="41" ten="40,3900,0" yaku="8,1,54,1" doraHai="126" who="3" fromWho="3" sc="222,-14,200,-14,318,-14,260,42" /><INIT seed="3,2,0,4,2,39" ten="208,186,304,302" oya="3" hai0="81,94,117,67,25,122,78,35,119,102,105,82,113" hai1="4,126,10,103,131,54,55,51,26,52,53,93,20" hai2="95,66,57,74,14,29,71,128,49,114,47,16,6" hai3="0,106,17,118,135,127,22,24,121,62,79,48,65"/><W32/><G118/><T77/><D35/><U111/><E111/><V120/><F114/><W38/><G121/><T8/><D8/><U87/><E126/><V3/><F74/><W46/><G127/><T40/><D40/><U1/><E131/><V110/><F128/><W5/><G135/><T37/><D37/><U83/><E103/><V15/><F120/><W108/><G108/><T2/><D25/><U92/><N who="1" m="13312" /><DORA hai="34" /><U58/><E58/><V115/><F71/><W27/><G38/><T69/><D122/><U19/><REACH who="1" step="1"/><E51/><REACH who="1" ten="208,176,304,302" step="2"/><V85/><F57/><W70/><G48/><T64/><D113/><U133/><E133/><V99/><F49/><W75/><G46/><T129/><D129/><U50/><E50/><V98/><F47/><W21/><G70/><T23/><D69/><U30/><E30/><V125/><F29/><W13/><G62/><T109/><D109/><U132/><E132/><V33/><F125/><W45/><G45/><T9/><D117/><U116/><E116/><V12/><F110/><W134/><G134/><T56/><D119/><U7/><E7/><V73/><F6/><W36/><G36/><T18/><D56/><U91/><AGARI ba="2,1" hai="1,4,10,19,20,26,83,87,91,92,93" m="13312" machi="91" ten="40,8000,1" yaku="1,1,0,1,52,1,54,1,53,0" doraHai="39,34" doraHaiUra="107,41" who="1" fromWho="1" sc="208,-22,176,96,304,-22,302,-42" /><INIT seed="4,0,0,5,1,125" ten="186,272,282,260" oya="0" hai0="74,34,114,38,16,121,68,8,66,17,41,77,35" hai1="65,123,80,23,76,12,49,42,97,79,112,36,6" hai2="130,43,48,7,73,94,95,111,78,5,62,88,3" hai3="98,122,32,131,40,28,69,113,2,108,45,15,30"/><T24/><D121/><U118/><E123/><V0/><F111/><W96/><G122/><T51/><D38/><U22/><E118/><V107/><F107/><W100/><G108/><T115/><D66/><U47/><E65/><V106/><F106/><W72/><G15/><N who="0" m="7271" /><D68/><U21/><E112/><N who="0" m="43049" /><D77/><U124/><E124/><V128/><F78/><W87/><G69/><T58/><D74/><U75/><E97/><V4/><F73/><W132/><G72/><T20/><D58/><U85/><E36/><V26/><F26/><W61/><G113/><T84/><D84/><U10/><E75/><V53/><F62/><W129/><G87/><T119/><D119/><U82/><E82/><V83/><F43/><W13/><G96/><T64/><D64/><U89/><AGARI ba="0,0" hai="6,10,12,21,22,23,42,47,49,76,79,80,85,89" machi="89" ten="30,2000,0" yaku="0,1,8,1" doraHai="125" who="1" fromWho="1" sc="186,-10,272,20,282,-5,260,-5" /><INIT seed="5,0,0,2,4,104" ten="176,292,277,255" oya="1" hai0="60,22,98,1,135,85,24,130,106,80,102,119,12" hai1="50,129,75,67,55,76,16,84,44,78,53,51,27" hai2="47,25,99,49,81,108,34,92,2,7,39,33,117" hai3="6,71,116,79,36,124,132,8,56,111,77,68,89"/><U18/><E75/><V69/><F117/><W90/><G36/><T20/><D119/><U41/><E129/><V54/><F108/><W21/><G116/><T93/><D130/><U61/><E41/><V88/><F69/><W45/><G111/><T19/><D135/><U96/><E96/><V30/><F39/><W101/><G45/><T10/><D106/><U87/><E27/><V122/><F122/><W42/><G42/><T91/><D1/><U17/><E84/><V94/><F81/><W113/><G132/><T73/><D60/><U48/><E87/><V15/><F92/><W134/><G113/><T0/><D0/><U82/><E82/><V52/><F2/><W3/><G124/><T26/><D26/><U95/><E95/><V121/><F121/><W62/><G101/><T120/><D120/><U40/><E40/><V5/><F34/><W29/><G134/><T86/><D86/><U100/><E100/><V115/><F115/><W63/><G90/><T131/><D131/><U127/><E127/><V46/><F15/><W23/><G89/><T37/><D37/><U110/><E110/><V32/><F32/><W28/><G3/><T58/><D58/><N who="1" m="37303" /><E51/><AGARI ba="0,0" hai="5,7,25,30,33,46,47,49,51,52,54,88,94,99" machi="51" ten="40,5200,0" yaku="9,1,54,2" doraHai="104" who="2" fromWho="1" sc="176,0,292,-52,277,52,255,0" owari="176,-32.4,240,-16.0,329,42.9,255,5.5" /></mjloggm>