<mjloggm ver="2.3"><GO type="225" lobby="0"/><UN n0="%E6%A1%9C%E8%8A%B1%E9%96%83%E3%80%85" n1="%E3%81%AF%E3%82%88%E3%81%8A%E3%81%98%E3%81%95%E3%82%93" n2="%E3%81%8B%E3%82%8F%E3%81%A1%E3%82%83%E3%82%93%35%38" n3="%E3%83%81%E3%83%83%E3%82%BF%E3%82%BD%E3%83%BC" dan="16,17,16,16" rate="2106.69,2150.35,2133.38,2147.80" sx="M,M,M,F"/><TAIKYOKU oya="0"/><INIT seed="0,0,0,2,4,105" ten="250,250,250,250" oya="0" hai0="54,69,47,95,75,131,80,92,37,87,115,85,34" hai1="90,113,106,89,121,41,68,13,64,18,109,107,1" hai2="134,124,32,99,15,57,127,12,44,130,58,4,117" hai3="72,53,88,23,93,132,6,27,61,11,20,40,14"/><T116/><D115/><U3/><E121/><V129/><F99/><W42/><G132/><T30/><D116/><U10/><E113/><V43/><F32/><W119/><G72/><T0/><D0/><U128/><E109/><V2/><F2/><W96/><G119/><T104/><D104/><U118/><E118/><V135/><F117/><W45/><G20/><T36/><D69/><U114/><E114/><V78/><F78/><W110/><G110/><T91/><D131/><N who="2" m="50186" /><F12/><W86/><G86/><T123/><D123/><U73/><E128/><V60/><F4/><W26/><G26/><T56/><D75/><U46/><E106/><V28/><F15/><W33/><G33/><T103/><D47/><U67/><E107/><V16/><F16/><N who="3" m="12775" /><G45/><T59/><D34/><U100/><E100/><V39/><F28/><W101/><G101/><T71/><D30/><U111/><E111/><V122/><F122/><W83/><G83/><T8/><D8/><U70/><E73/><V55/><F58/><AGARI ba="0,0" hai="6,11,14,40,42,53,58,61,88,93,96" m="12775" machi="58" ten="30,7700,0" yaku="25,1,8,1,54,2" doraHai="105" who="3" fromWho="2" sc="250,0,250,0,250,-77,250,77" /><INIT seed="1,0,0,3,5,13" ten="250,250,173,327" oya="1" hai0="134,93,52,46,107,28,124,48,70,29,128,14,110" hai1="8,87,38,6,68,16,95,51,132,133,105,123,63" hai2="69,24,0,92,32,135,2,15,56,114,50,81,65" hai3="84,75,21,103,36,90,40,35,102,120,57,94,61"/><U71/><E38/><V4/><F69/><W125/><G120/><T126/><D107/><U22/><E123/><V59/><F135/><N who="1" m="51785" /><E105/><V91/><F114/><W129/><G35/><T98/><D134/><U85/><E51/><V121/><F121/><W100/><G75/><T67/><D110/><U34/><E34/><V42/><F81/><W111/><G111/><T27/><D128/><U37/><E37/><V43/><F32/><W116/><G125/><N who="0" m="48235" /><D27/><N who="1" m="14791" /><E95/><V11/><F24/><W53/><G116/><T119/><D119/><U39/><E39/><V19/><F0/><W99/><G129/><T104/><D104/><U96/><E96/><V20/><F65/><W113/><G113/><T76/><D93/><U122/><E122/><V31/><F31/><W49/><G36/><T25/><D98/><U106/><E106/><V12/><F2/><W55/><G40/><T33/><D29/><U44/><E44/><V88/><F91/><W62/><G99/><T73/><D67/><N who="1" m="41087" /><E71/><V47/><REACH who="2" step="1"/><F43/><REACH who="2" ten="250,250,163,327" step="2"/><W58/><G84/><AGARI ba="0,1" hai="4,11,12,15,19,20,42,47,50,56,59,84,88,92" machi="84" ten="30,12000,2" yaku="1,1,2,1,7,1,8,1,52,1,54,1,53,0" doraHai="13" doraHaiUra="127" who="2" fromWho="3" sc="250,0,250,0,163,130,327,-120" /><INIT seed="2,0,0,3,2,86" ten="250,250,293,207" oya="2" hai0="51,52,122,38,23,101,2,119,66,108,103,92,133" hai1="4,20,110,48,113,49,115,105,112,129,100,41,12" hai2="29,17,61,57,22,8,5,0,39,62,60,53,28" hai3="11,95,42,56,74,94,107,130,14,126,134,3,75"/><V54/><F39/><W55/><G107/><T78/><D122/><U128/><E110/><V7/><F7/><W109/><G109/><T44/><D108/><U10/><E41/><V116/><F116/><W19/><G126/><T131/><D119/><U102/><E20/><V73/><F73/><W47/><G134/><T123/><D123/><U96/><REACH who="1" step="1"/><E102/><REACH who="1" ten="250,240,293,207" step="2"/><V16/><F22/><W43/><G130/><AGARI ba="0,1" hai="4,10,12,48,49,96,100,105,112,113,115,128,129,130" machi="130" ten="50,8000,1" yaku="1,1,2,1,19,1,53,1" doraHai="86" doraHaiUra="97" who="1" fromWho="3" sc="250,0,240,90,293,0,207,-80" /><INIT seed="3,0,0,2,5,35" ten="250,330,293,127" oya="3" hai0="74,105,122,112,15,52,89,30,133,83,111,116,78" hai1="23,72,5,64,11,36,46,42,32,10,109,20,123" hai2="131,43,106,12,90,98,126,21,28,50,85,60,16" hai3="128,125,135,107,53,121,49,62,31,38,119,81,44"/><W54/><G121/><T37/><D122/><U25/><E123/><V103/><F131/><W79/><G107/><T68/><D116/><U41/><E41/><V48/><F126/><W69/><G119/><T67/><D111/><U132/><E109/><V82/><F43/><W56/><G125/><T95/><D37/><U100/><E11/><V113/><F113/><W127/><G128/><T99/><D112/><U110/><E110/><V19/><F28/><W51/><G127/><T7/><D133/><U124/><E124/><V101/><F101/><W39/><G135/><T92/><D30/><U118/><E132/><V94/><F60/><W14/><G31/><T2/><D15/><U93/><E64/><V3/><F3/><W129/><G129/><T57/><D68/><U77/><E93/><V58/><F58/><W9/><G62/><T80/><D67/><U17/><E100/><V73/><F19/><W120/><G69/><T104/><D83/><N who="1" m="45479" /><E118/><V66/><F66/><W1/><G1/><T8/><REACH who="0" step="1"/><D95/><REACH who="0" ten="240,330,293,127" step="2"/><U24/><E25/><V87/><REACH who="2" step="1"/><F73/><REACH who="2" ten="240,330,283,127" step="2"/><W59/><G120/><T91/><D91/><AGARI ba="0,2" hai="12,16,21,48,50,82,85,87,90,91,94,98,103,106" machi="91" ten="30,7700,0" yaku="1,1,2,1,7,1,54,1,53,0" doraHai="35" doraHaiUra="40" who="2" fromWho="0" sc="240,-77,330,0,283,97,127,0" owari="163,-23.7,330,13.0,380,48.0,127,-37.3" /></mjloggm>