<mjloggm ver="2.3"><GO type="225" lobby="0"/><UN n0="%E3%81%82%E3%81%84%E3%81%82%E3%81%8A%E3%81%84" n1="%E3%82%8C%E3%81%99%E3%81%93" n2="%E3%81%AF%E3%82%88%E3%81%8A%E3%81%98%E3%81%95%E3%82%93" n3="%E9%B3%B4%E8%8C%B6" dan="18,17,16,16" rate="2185.04,2150.58,2171.10,2153.68" sx="M,F,M,M"/><TAIKYOKU oya="0"/><INIT seed="0,0,0,3,4,32" ten="250,250,250,250" oya="0" hai0="67,93,106,57,41,12,108,60,46,43,53,42,121" hai1="115,49,17,69,44,81,118,36,26,20,100,123,58" hai2="45,14,102,47,31,98,78,63,70,95,116,90,131" hai3="54,105,68,29,0,9,11,113,117,110,128,88,23"/><T111/><D106/><U18/><E118/><V77/><F116/><W96/><G117/><T8/><D121/><U127/><E123/><V132/><F131/><W74/><G113/><T73/><D73/><U75/><E69/><V27/><F132/><W109/><G74/><T89/><D67/><U85/><E115/><V104/><F14/><W16/><G29/><T5/><REACH who="0" step="1"/><D46/><REACH who="0" ten="240,250,250,250" step="2"/><U30/><E75/><V79/><F47/><W6/><G105/><T129/><D129/><U119/><E119/><V83/><F45/><W86/><G128/><T122/><D122/><U94/><E44/><V33/><F70/><W55/><G68/><T103/><D103/><U135/><E100/><V4/><F104/><W76/><G55/><T10/><D10/><U50/><E135/><V51/><F102/><W87/><G11/><T62/><D62/><U97/><E58/><V101/><F63/><W22/><G54/><T66/><D66/><U40/><E40/><V25/><F101/><W38/><G38/><T37/><D37/><U21/><E36/><V7/><F51/><W120/><G120/><T24/><D24/><N who="1" m="14351" /><E49/><V28/><REACH who="2" step="1"/><F83/><REACH who="2" ten="240,250,240,250" step="2"/><W65/><G65/><T92/><D92/><U133/><E133/><V124/><F124/><W134/><G134/><T126/><D126/><U52/><E127/><V80/><F80/><W91/><G9/><T82/><D82/><U13/><E81/><V15/><F15/><W71/><G71/><T56/><D56/><U130/><E130/><V84/><F84/><AGARI ba="0,2" hai="5,8,12,41,42,43,53,57,60,84,89,93,108,111" machi="84" ten="40,2000,0" yaku="1,1,53,0" doraHai="32" doraHaiUra="64" who="0" fromWho="2" sc="240,40,250,0,240,-20,250,0" /><INIT seed="0,1,0,4,1,126" ten="280,250,220,250" oya="0" hai0="86,22,63,98,61,92,95,90,60,75,36,47,129" hai1="6,42,56,45,91,41,19,135,49,114,46,124,96" hai2="37,94,112,2,115,7,104,39,27,0,35,17,82" hai3="8,117,23,107,40,5,25,97,73,118,14,85,103"/><T50/><D75/><U10/><E124/><V58/><F104/><W48/><G73/><T100/><D36/><U72/><E72/><V110/><F82/><W89/><G40/><T62/><N who="0" m="15360" /><DORA hai="134" /><T43/><REACH who="0" step="1"/><D22/><REACH who="0" ten="270,250,220,250" step="2"/><U119/><E135/><V68/><F37/><W26/><G48/><T87/><D87/><U52/><E49/><V81/><F39/><W84/><G85/><T29/><D29/><U9/><E119/><V65/><F112/><W131/><G131/><AGARI ba="1,1" hai="43,47,50,86,90,92,95,98,100,129,131" m="15360" machi="131" ten="50,9600,0" yaku="1,1,52,2,53,0" doraHai="126,134" doraHaiUra="74,21" who="0" fromWho="3" sc="270,109,250,0,220,0,250,-99" /><INIT seed="0,2,0,0,1,7" ten="379,250,220,151" oya="0" hai0="28,47,31,36,70,130,4,85,46,113,53,39,117" hai1="103,96,10,81,90,2,115,75,101,33,65,16,58" hai2="100,95,14,129,89,62,135,40,32,86,17,23,67" hai3="110,1,41,37,92,79,93,111,118,24,63,94,27"/><T51/><D113/><U87/><E33/><V88/><F32/><W74/><G118/><T18/><D70/><U12/><E115/><V124/><F124/><W30/><G1/><T66/><D66/><U77/><E2/><V127/><F127/><W42/><G63/><T54/><D4/><U71/><E71/><V13/><F129/><W50/><G37/><T3/><D3/><U132/><E132/><V116/><F135/><W43/><G50/><T38/><D117/><U19/><E19/><V64/><F116/><W114/><G114/><T21/><D130/><U99/><E99/><N who="2" m="59519" /><F40/><W60/><G60/><T84/><D84/><U11/><E11/><V109/><F109/><N who="3" m="41483" /><G30/><T133/><D133/><U57/><E65/><N who="2" m="25163" /><F62/><W45/><G45/><T98/><D98/><U29/><E29/><V126/><F126/><W35/><G35/><T82/><D47/><U112/><E112/><V119/><F119/><W91/><G91/><N who="2" m="34889" /><F86/><W6/><G6/><T49/><D38/><U8/><E8/><V128/><F128/><W121/><G121/><T5/><D39/><U72/><E72/><V83/><F83/><AGARI ba="2,0" hai="24,27,41,42,43,74,79,83,92,93,94" m="41483" machi="83" ten="40,1300,0" yaku="14,1" doraHai="7" who="3" fromWho="2" sc="379,0,250,0,220,-19,151,19" /><INIT seed="1,0,0,2,1,17" ten="379,250,201,170" oya="1" hai0="65,71,109,15,1,99,8,6,107,118,122,55,128" hai1="105,132,81,69,133,111,77,113,108,45,129,40,126" hai2="83,59,134,39,89,121,82,3,23,78,7,112,119" hai3="88,94,106,47,92,95,102,63,21,84,79,53,117"/><U57/><E113/><V61/><F119/><W72/><G117/><T67/><D118/><U43/><E69/><V54/><F121/><W38/><G106/><T66/><D109/><N who="1" m="42059" /><E129/><V125/><F39/><W98/><G38/><T5/><D128/><U103/><E126/><V32/><F32/><W19/><G72/><T135/><D122/><U124/><E124/><V24/><F125/><W25/><G79/><T62/><D135/><N who="1" m="51787" /><E57/><V14/><F134/><W44/><G94/><T46/><D71/><U51/><E103/><V131/><F131/><W30/><G30/><T29/><D67/><U48/><E105/><V20/><F3/><W11/><G11/><T64/><D64/><U104/><E104/><V37/><F37/><W31/><REACH who="3" step="1"/><G19/><REACH who="3" ten="379,250,201,160" step="2"/><T12/><D107/><U73/><E51/><V18/><F112/><W130/><G130/><T115/><D115/><U35/><E35/><V116/><F116/><W120/><G120/><T42/><D62/><U76/><E76/><V85/><F7/><W74/><G74/><T34/><D6/><U100/><E100/><V33/><F33/><W52/><G52/><AGARI ba="0,1" hai="40,43,45,48,52,73,77,81" m="51787,42059" machi="52" ten="30,11600,0" yaku="14,1,10,1,20,1,54,1" doraHai="17" who="1" fromWho="3" sc="379,0,250,126,201,0,160,-116" /><INIT seed="1,1,0,3,0,92" ten="379,376,201,44" oya="1" hai0="40,111,46,129,109,114,117,48,101,66,44,94,98" hai1="86,58,6,19,59,83,60,71,65,78,11,26,73" hai2="36,91,134,39,108,64,95,106,53,80,130,118,68" hai3="75,85,32,16,1,125,76,89,123,107,29,10,116"/><U20/><REACH who="1" step="1"/><E73/><REACH who="1" ten="379,366,201,44" step="2"/><V15/><F118/><W115/><G116/><T69/><D117/><U132/><E132/><V41/><F134/><W90/><G123/><T54/><D114/><U56/><E56/><V7/><F68/><W128/><G115/><T99/><D129/><U131/><E131/><V47/><F130/><W3/><G128/><T42/><D69/><U103/><E103/><V88/><F108/><N who="0" m="41546" /><D66/><U23/><E23/><V133/><F64/><W87/><G125/><T82/><D46/><U27/><E27/><V17/><F47/><W121/><G121/><T110/><D110/><U97/><E97/><V43/><F133/><W49/><G107/><N who="0" m="63927" /><D82/><U21/><E21/><V2/><F80/><W18/><G75/><T102/><AGARI ba="1,1" hai="40,42,44,48,54,94,99,102" m="63927,41546" machi="102" ten="30,4000,0" yaku="14,1,52,2" doraHai="92" who="0" fromWho="0" sc="379,53,366,-21,201,-11,44,-11" /><INIT seed="2,0,0,1,4,19" ten="432,345,190,33" oya="2" hai0="112,42,104,52,108,9,65,94,132,118,135,48,20" hai1="69,128,106,62,124,11,76,6,99,44,30,77,47" hai2="80,3,66,96,41,60,68,92,8,110,4,101,25" hai3="27,53,85,123,79,50,97,120,131,22,15,39,81"/><V51/><F110/><W116/><G39/><T61/><D104/><U117/><E117/><V119/><F119/><W7/><G116/><T16/><D118/><U23/><E128/><V59/><F80/><W73/><G131/><T91/><D42/><U29/><E124/><V103/><F68/><W122/><G97/><T98/><D9/><U31/><E106/><V67/><F66/><W64/><G64/><T90/><D112/><U49/><E99/><V95/><F25/><W36/><G36/><T5/><D5/><U109/><E109/><V134/><F134/><N who="0" m="51242" /><D108/><U126/><E126/><V100/><F95/><W70/><G70/><N who="0" m="42287" /><D94/><U40/><E47/><V21/><F41/><W2/><G2/><T63/><D63/><U17/><E62/><V71/><F51/><W121/><N who="3" m="30720" /><DORA hai="28" /><W102/><G102/><T0/><D0/><U125/><E69/><V115/><F115/><W32/><G73/><T130/><D98/><U87/><E87/><V133/><F71/><W10/><G50/><T14/><D130/><U105/><E105/><V58/><F58/><AGARI ba="0,0" hai="14,16,20,48,52,58,90,91" m="42287,51242" machi="58" ten="30,7700,0" yaku="20,1,52,1,54,2" doraHai="19,28" who="0" fromWho="2" sc="432,77,345,0,190,-77,33,0" /><INIT seed="3,0,0,5,4,60" ten="509,345,113,33" oya="3" hai0="49,134,87,30,123,92,130,77,78,118,96,28,110" hai1="127,132,67,105,72,1,80,21,65,85,10,17,109" hai2="122,114,62,93,84,89,124,95,117,126,12,115,75" hai3="101,24,41,43,58,15,104,113,128,135,83,7,125"/><W56/><G113/><T88/><D118/><U103/><E109/><V25/><F117/><W0/><G0/><T76/><D123/><U108/><E108/><V98/><F75/><W53/><G104/><T97/><D110/><U38/><E38/><V4/><F122/><W66/><G128/><T133/><D130/><U68/><E72/><V14/><F25/><W55/><G135/><N who="0" m="51723" /><D49/><U13/><E68/><V121/><F121/><W102/><G125/><N who="2" m="48233" /><F62/><W106/><G106/><T79/><D79/><U131/><E127/><V57/><F57/><N who="3" m="22123" /><G83/><N who="0" m="49279" /><D97/><U71/><E132/><V46/><F46/><W47/><G24/><T70/><D70/><U42/><E71/><V23/><F14/><W111/><G111/><T86/><D86/><U82/><E131/><V129/><F129/><W120/><G120/><T31/><D77/><U90/><E82/><V26/><F12/><W50/><G66/><T9/><D9/><U48/><E10/><V22/><F4/><W39/><G39/><T11/><D11/><U116/><E1/><V45/><F45/><W37/><G37/><T34/><D34/><U91/><E105/><V40/><F40/><N who="3" m="15435" /><G55/><T27/><D27/><U36/><E36/><V2/><F2/><W44/><G44/><T59/><D59/><U5/><E42/><V100/><F26/><W74/><G74/><T99/><D99/><U16/><E80/><V32/><F32/><W69/><G69/><T94/><D94/><U119/><E65/><V18/><F18/><N who="1" m="7273" /><E67/><V6/><F6/><W51/><G51/><T20/><D20/><AGARI ba="0,0" hai="20,22,23,84,89,93,95,98,100,114,115" m="48233" machi="20" ten="30,1000,0" yaku="18,1" doraHai="60" who="2" fromWho="0" sc="509,-10,345,0,113,10,33,0" owari="499,59.9,345,14.5,123,-27.7,33,-46.7" /></mjloggm>