<mjloggm ver="2.3"><GO type="225" lobby="0"/><UN n0="%50%69%73%38" n1="%E6%9C%88%E5%B3%B6%E5%9F%BA" n2="%E6%98%93%E5%88%A9%E8%96%A9%E4%BC%AF" n3="%74%61%6B%65%2D%79%6F%75" dan="16,16,17,16" rate="2154.75,2032.54,2192.19,2102.91" sx="M,M,F,M"/><TAIKYOKU oya="0"/><INIT seed="0,0,0,2,2,135" ten="250,250,250,250" oya="0" hai0="60,123,100,109,85,4,42,130,8,46,0,132,23" hai1="12,39,67,104,66,75,79,17,124,106,55,36,117" hai2="108,20,41,48,77,51,63,15,58,121,70,6,102" hai3="118,74,59,9,11,84,18,30,71,91,114,21,53"/><T87/><D123/><U120/><E120/><V126/><F121/><W5/><G114/><T38/><D132/><U43/><E117/><V31/><F108/><W116/><G74/><T57/><D130/><U73/><E12/><V86/><F70/><W56/><G71/><T14/><D109/><U25/><E25/><V99/><F126/><W32/><G32/><T62/><D62/><U83/><E17/><V111/><F41/><W107/><G107/><T76/><D100/><U13/><E13/><V131/><F131/><W93/><G30/><T1/><D76/><U49/><E43/><V69/><F69/><W44/><G44/><T110/><D110/><U81/><E79/><V122/><F6/><W97/><G84/><T37/><D38/><U64/><E55/><V88/><F77/><W129/><G129/><T98/><D98/><U96/><E96/><V78/><F78/><W134/><G134/><T28/><D28/><U133/><E133/><V61/><F61/><W34/><G34/><T35/><D35/><U82/><E49/><V24/><F15/><N who="3" m="9439" /><G9/><T90/><D23/><U27/><E27/><V125/><F125/><W40/><G40/><T65/><REACH who="0" step="1"/><D85/><REACH who="0" ten="240,250,250,250" step="2"/><U89/><E124/><V7/><F122/><W54/><G118/><T3/><D3/><U112/><E39/><V33/><F33/><W72/><G116/><T127/><D127/><U22/><E36/><V113/><F99/><W128/><G128/><T80/><AGARI ba="0,1" hai="0,1,4,8,14,37,42,46,57,60,65,80,87,90" machi="80" ten="20,3900,0" yaku="1,1,0,1,7,1,53,0" doraHai="135" doraHaiUra="92" who="0" fromWho="0" sc="240,49,250,-13,250,-13,250,-13" /><INIT seed="0,1,0,5,3,29" ten="289,237,237,237" oya="0" hai0="103,93,71,126,109,53,92,4,95,69,9,119,86" hai1="67,7,65,117,107,32,74,52,91,34,68,50,13" hai2="48,62,26,24,41,83,100,3,63,51,12,124,14" hai3="116,70,38,134,84,15,114,30,122,35,49,110,90"/><T31/><D119/><U80/><E117/><V27/><F3/><W121/><G116/><T113/><D113/><U98/><E7/><V54/><F124/><W5/><G114/><T94/><D126/><U118/><E118/><V44/><F100/><W21/><G38/><T99/><D109/><U2/><E2/><V106/><F106/><W47/><G70/><T17/><D31/><U1/><E1/><V104/><F104/><W18/><G110/><T11/><D86/><U40/><E13/><N who="2" m="5227" /><F83/><W39/><G39/><T20/><D4/><U46/><E40/><V59/><AGARI ba="1,0" hai="24,26,27,41,44,48,51,54,59,62,63" m="5227" machi="59" ten="30,1100,0" yaku="8,1" doraHai="29" who="2" fromWho="2" sc="289,-6,237,-4,237,14,237,-4" /><INIT seed="1,0,0,1,4,17" ten="283,233,251,233" oya="1" hai0="37,58,117,112,7,108,36,97,133,3,103,93,27" hai1="126,113,79,43,119,134,51,130,19,66,34,115,29" hai2="107,67,123,62,88,49,116,44,30,8,32,41,94" hai3="86,102,135,33,83,98,95,101,82,26,9,121,40"/><U16/><E119/><V65/><F107/><W71/><G121/><T63/><D117/><U53/><E126/><V56/><F123/><W10/><G135/><T84/><D112/><U47/><E134/><V109/><F109/><W132/><G132/><T42/><D133/><U124/><E124/><V125/><F125/><W73/><G71/><T127/><D127/><U76/><E115/><V31/><F116/><W81/><G73/><T57/><D108/><U87/><E113/><V120/><F32/><W99/><G40/><T22/><D42/><U96/><E130/><V122/><F67/><W105/><REACH who="3" step="1"/><G86/><REACH who="3" ten="283,233,251,223" step="2"/><T35/><D84/><U4/><E87/><V59/><F122/><W1/><G1/><T70/><D3/><U0/><E43/><V20/><F120/><W111/><G111/><T2/><D2/><U50/><E0/><V80/><F80/><W52/><G52/><T85/><D70/><U46/><E53/><V60/><F8/><W6/><G6/><T78/><D85/><U74/><E4/><V114/><F114/><W64/><G64/><T28/><D7/><U45/><E74/><V129/><F129/><W23/><G23/><T106/><D22/><U69/><E69/><V18/><F65/><W15/><G15/><T39/><D36/><U118/><E66/><V5/><F5/><W38/><G38/><T92/><D37/><U54/><E54/><V48/><F41/><W11/><G11/><T72/><D39/><U89/><E118/><V21/><F21/><W75/><G75/><T61/><D72/><U131/><E131/><V90/><F20/><RYUUKYOKU ba="0,1" sc="283,-10,233,-10,251,-10,223,30" hai3="9,10,26,33,81,82,83,95,98,99,101,102,105" /><INIT seed="2,1,1,3,5,58" ten="273,223,241,253" oya="2" hai0="39,94,126,89,36,125,82,114,61,7,62,68,60" hai1="92,52,69,56,44,49,93,19,124,12,80,70,131" hai2="11,24,51,14,120,74,21,110,47,26,32,31,65" hai3="30,103,3,129,85,117,1,121,54,33,108,27,109"/><V35/><F120/><W20/><G121/><T118/><D114/><U25/><E124/><N who="0" m="47721" /><D118/><U116/><E116/><V75/><F110/><N who="3" m="42603" /><G117/><T50/><D7/><U18/><E131/><V107/><F65/><W78/><G129/><T13/><D82/><U10/><E70/><V134/><F107/><W22/><G103/><T66/><D50/><N who="1" m="30743" /><E69/><V2/><F2/><N who="3" m="523" /><G54/><T37/><D13/><N who="1" m="7479" /><E25/><V123/><F26/><W41/><G41/><T8/><D8/><N who="1" m="6535" /><E80/><AGARI ba="1,1" hai="20,22,27,30,33,78,80,85" m="523,42603" machi="80" ten="30,1000,0" yaku="14,1" doraHai="58" who="3" fromWho="1" sc="273,0,223,-13,241,0,253,23" /><INIT seed="3,0,0,2,0,131" ten="273,210,241,276" oya="3" hai0="106,83,66,37,103,12,69,105,133,112,81,57,70" hai1="132,1,52,63,94,67,14,6,79,114,28,127,125" hai2="111,113,35,87,108,31,117,45,27,107,86,7,130" hai3="74,55,3,89,15,44,120,122,23,121,56,92,33"/><W82/><G3/><T95/><D95/><U110/><E114/><V119/><F107/><W68/><G68/><T102/><D12/><U123/><E123/><V11/><F113/><W118/><G118/><N who="2" m="45065" /><F45/><W104/><G33/><T116/><D112/><U62/><E1/><N who="2" m="495" /><F87/><W42/><G104/><T4/><D4/><U34/><E110/><N who="2" m="42027" /><F86/><W8/><G44/><T80/><D116/><U21/><E79/><V85/><F85/><W76/><G121/><T90/><D80/><U59/><E132/><V38/><F38/><W77/><G82/><T96/><D37/><U39/><E39/><V100/><F100/><W78/><G76/><T64/><D57/><U2/><E2/><V109/><F109/><W71/><G56/><T24/><D96/><U126/><E94/><V10/><F10/><W41/><G8/><T30/><D90/><U49/><E6/><V60/><F60/><W58/><G77/><T48/><D48/><U46/><E63/><V128/><AGARI ba="0,0" hai="27,31,35,128,130" m="42027,495,45065" machi="128" ten="40,8000,1" yaku="14,1,23,1,34,2" doraHai="131" who="2" fromWho="2" sc="273,-20,210,-20,241,80,276,-40" owari="253,5.3,190,-31.0,321,42.1,236,-16.4" /></mjloggm>