<mjloggm ver="2.3"><GO type="225" lobby="0"/><UN n0="%E4%BC%8A%E9%81%94%E6%9C%B1%E9%87%8C%E7%B4%97" n1="%E9%BB%99%E8%81%B4%E3%81%AE%E3%81%99%E3%82%9D%E3%82%81" n2="%E3%83%96%E3%83%83%E3%83%91%E3%82%AA%E3%83%96%E3%83%81%E3%82%AD%E3%83%B3" n3="%E3%81%99%E3%81%84%E3%81%BE%E3%81%9B%E3%83%BC%E3%82%93" dan="16,16,16,18" rate="2114.43,2073.17,2132.54,2236.20" sx="F,M,M,M"/><TAIKYOKU oya="0"/><INIT seed="0,0,0,3,4,125" ten="250,250,250,250" oya="0" hai0="79,64,62,27,88,20,95,103,55,35,60,26,39" hai1="53,46,108,94,75,77,57,17,15,16,37,72,11" hai2="93,84,24,36,132,21,78,51,76,119,128,4,83" hai3="130,31,45,25,67,126,120,98,49,43,117,59,123"/><T40/><D79/><U48/><E108/><V121/><F121/><N who="3" m="46667" /><G117/><T28/><D103/><U42/><E77/><V19/><F119/><W5/><G126/><T134/><D134/><U104/><E104/><V22/><F132/><W89/><G5/><T30/><D55/><U100/><REACH who="1" step="1"/><E17/><REACH who="1" ten="250,240,250,250" step="2"/><V85/><F19/><W7/><G7/><T1/><D1/><U109/><E109/><V101/><F78/><W14/><G130/><T38/><D40/><U112/><E112/><V129/><F4/><W9/><G43/><T34/><D34/><U58/><E58/><V74/><F74/><W70/><G59/><T0/><D0/><U82/><E82/><V86/><F83/><W3/><G3/><T61/><REACH who="0" step="1"/><D64/><REACH who="0" ten="240,240,250,250" step="2"/><U32/><E32/><V69/><F76/><W115/><G67/><T54/><D54/><U110/><E110/><V12/><F128/><W8/><G115/><T124/><D124/><U44/><E44/><V23/><F129/><W10/><G45/><T13/><D13/><U91/><E91/><V96/><F12/><W127/><G14/><T102/><D102/><U33/><E33/><V50/><F101/><W113/><G113/><T133/><D133/><U87/><E87/><AGARI ba="0,2" hai="20,26,27,28,30,35,38,39,60,61,62,87,88,95" machi="87" ten="40,3900,0" yaku="1,1,54,1,53,0" doraHai="125" doraHaiUra="116" who="0" fromWho="1" sc="240,59,240,-39,250,0,250,0" /><INIT seed="0,1,0,4,2,83" ten="299,201,250,250" oya="0" hai0="122,69,125,38,114,98,9,59,130,4,14,58,22" hai1="15,84,63,12,21,11,17,115,123,119,54,3,36" hai2="120,62,5,2,108,26,56,102,103,118,73,79,50" hai3="27,124,0,77,10,82,51,104,126,72,87,101,107"/><T60/><D114/><U46/><E119/><V76/><F120/><W52/><G72/><T57/><D122/><U6/><E123/><V91/><F108/><W133/><G133/><T18/><D38/><U32/><E32/><V96/><F118/><W93/><G27/><T112/><D112/><U128/><E128/><V34/><F50/><W29/><G29/><T113/><D113/><U121/><E121/><V129/><F129/><W61/><G61/><T24/><D130/><U48/><E115/><V64/><F91/><W81/><G81/><T92/><D69/><U66/><E36/><V132/><F132/><W95/><G10/><T23/><D23/><U65/><E84/><V42/><F42/><W1/><G1/><T78/><D78/><U25/><REACH who="1" step="1"/><E66/><REACH who="1" ten="299,191,250,250" step="2"/><V31/><F64/><W70/><G87/><T16/><D125/><U13/><E13/><V110/><F34/><W99/><G126/><T71/><D71/><AGARI ba="1,1" hai="3,6,11,12,15,17,21,25,46,48,54,63,65,71" machi="71" ten="30,2000,0" yaku="1,1,7,1,53,0" doraHai="83" doraHaiUra="111" who="1" fromWho="0" sc="299,-23,191,33,250,0,250,0" /><INIT seed="1,0,0,5,3,3" ten="276,224,250,250" oya="1" hai0="106,134,0,40,20,63,95,10,9,123,31,99,132" hai1="62,57,45,21,112,51,1,91,109,101,33,120,53" hai2="85,27,56,116,71,35,98,41,25,15,84,125,7" hai3="14,46,29,121,94,30,48,117,61,135,19,114,68"/><U75/><E112/><V52/><F71/><W82/><G121/><T5/><D106/><U97/><E120/><V90/><F116/><W129/><G114/><T67/><D123/><U79/><E33/><V17/><F125/><W96/><G117/><T13/><D40/><U60/><E109/><V86/><F41/><W66/><G82/><T70/><D31/><U49/><E1/><V93/><F35/><W58/><G68/><T81/><D20/><U22/><E75/><V110/><F110/><W43/><G135/><T37/><D81/><U80/><E91/><V72/><F72/><W119/><G129/><T39/><D134/><U78/><E51/><N who="2" m="30751" /><F7/><W44/><G44/><T6/><REACH who="0" step="1"/><D132/><REACH who="0" ten="266,224,250,250" step="2"/><U100/><E80/><V128/><F128/><W59/><G119/><T38/><D38/><U32/><E32/><V4/><F4/><W69/><G30/><T92/><D92/><U124/><E21/><AGARI ba="0,1" hai="15,17,21,25,27,84,85,86,90,93,98" m="30751" machi="21" ten="30,2000,0" yaku="8,1,54,1" doraHai="3" who="2" fromWho="1" sc="266,0,224,-20,250,30,250,0" /><INIT seed="2,0,0,4,4,107" ten="266,204,280,250" oya="2" hai0="126,118,128,84,86,57,135,53,99,108,125,65,14" hai1="109,1,63,119,74,127,105,56,83,50,52,116,35" hai2="46,82,76,103,26,32,31,73,34,6,80,29,115" hai3="104,70,100,130,13,92,12,134,67,19,102,120,72"/><V94/><F115/><W64/><G120/><T98/><D108/><U54/><E35/><V121/><F121/><W36/><G104/><T89/><D65/><U68/><E1/><V59/><F6/><W45/><G72/><T110/><D110/><U41/><E105/><V30/><F59/><W15/><G134/><T25/><D135/><U79/><E109/><V75/><F26/><W81/><G130/><T4/><D128/><U7/><E7/><V61/><F61/><W0/><G0/><T85/><D118/><U42/><E127/><N who="0" m="48649" /><D25/><U78/><E78/><V113/><F113/><W33/><G33/><T23/><D89/><U117/><REACH who="1" step="1"/><E68/><REACH who="1" ten="266,194,280,250" step="2"/><V24/><F34/><W90/><G70/><T106/><D106/><U2/><E2/><V55/><F32/><W131/><G131/><T77/><D77/><U69/><E69/><V9/><F76/><W87/><G90/><T111/><D111/><U71/><E71/><V51/><F103/><W88/><G102/><T17/><D4/><U10/><E10/><V44/><F9/><W49/><G100/><T133/><D133/><U66/><E66/><V40/><F31/><W5/><G5/><T18/><D18/><U27/><E27/><V58/><F24/><W38/><G19/><T43/><D17/><U93/><E93/><V95/><F29/><W101/><G67/><T48/><D23/><U3/><E3/><V97/><F30/><W62/><G101/><T22/><D22/><U16/><E16/><V123/><F95/><W39/><G92/><T96/><D14/><N who="3" m="3585" /><W37/><N who="3" m="9216" /><DORA hai="124" /><DORA hai="60" /><W21/><G21/><RYUUKYOKU ba="0,1" sc="266,15,194,15,280,-15,250,-15" hai0="43,48,53,57,84,85,86,96,98,99" hai1="41,42,50,52,54,56,63,74,79,83,116,117,119" /><INIT seed="3,1,1,3,5,6" ten="281,209,265,235" oya="3" hai0="39,35,70,73,119,32,31,79,108,11,127,61,58" hai1="130,50,14,62,28,97,64,100,38,10,33,115,83" hai2="30,18,71,69,107,66,21,76,101,117,98,17,123" hai3="91,92,1,27,3,103,46,74,110,49,121,2,23"/><W8/><G121/><T26/><D119/><U80/><E38/><V54/><F117/><W82/><G110/><T113/><D108/><U67/><E115/><V85/><F123/><W99/><G74/><T87/><D39/><U48/><E130/><V44/><F30/><W88/><G82/><N who="1" m="31274" /><E33/><V25/><F76/><W131/><G8/><T51/><D113/><U109/><E28/><V52/><F85/><W111/><G131/><T128/><D87/><U37/><E37/><V94/><F107/><W102/><G102/><T63/><D11/><U7/><E109/><V77/><F77/><W59/><G59/><T133/><D35/><U29/><E29/><V134/><F134/><W116/><G116/><T114/><D58/><N who="1" m="36951" /><E67/><V53/><F66/><W104/><G104/><T124/><D32/><U129/><E129/><V112/><F112/><W24/><G111/><T65/><D128/><U9/><E9/><V20/><REACH who="2" step="1"/><F44/><REACH who="2" ten="281,209,255,235" step="2"/><W93/><G46/><T22/><D79/><U86/><E86/><V40/><F40/><W75/><G75/><T13/><D73/><U84/><E84/><V105/><F105/><W16/><G99/><T90/><D133/><U106/><E106/><V15/><AGARI ba="1,2" hai="15,17,18,20,21,25,52,53,54,69,71,94,98,101" machi="15" ten="30,4000,0" yaku="1,1,0,1,54,1,53,0" doraHai="6" doraHaiUra="68" who="2" fromWho="2" sc="281,-11,209,-11,255,63,235,-21" owari="270,7.0,198,-30.2,318,41.8,214,-18.6" /></mjloggm>