<mjloggm ver="2.3"><GO type="225" lobby="0"/><UN n0="%72%69%6F%75%63%68%61%6E" n1="%E3%81%99%E3%81%84%E3%81%BE%E3%81%9B%E3%83%BC%E3%82%93" n2="%E3%81%BF%E3%81%BF%E3%81%9A" n3="%E3%80%93%E3%81%97%E3%83%BC%E3%82%89%E3%80%93" dan="16,18,18,16" rate="2195.37,2185.03,2235.00,2139.46" sx="M,M,M,M"/><TAIKYOKU oya="0"/><INIT seed="0,0,0,4,4,0" ten="250,250,250,250" oya="0" hai0="91,78,5,100,24,115,107,123,35,45,80,135,53" hai1="104,122,56,105,37,52,97,14,90,19,77,63,120" hai2="49,93,68,82,127,44,3,131,4,67,47,61,121" hai3="39,51,133,84,32,46,13,108,2,89,71,81,60"/><T26/><D115/><U73/><E37/><V38/><F121/><W92/><G2/><T40/><D123/><U79/><E105/><V118/><F127/><W50/><G32/><T74/><D135/><U70/><E70/><V16/><F131/><W27/><G108/><T18/><D35/><U6/><E73/><V125/><F125/><W43/><G27/><T72/><D74/><U101/><E6/><V102/><F118/><W57/><G71/><T64/><D64/><U62/><E63/><V33/><F33/><W1/><G1/><T8/><D53/><U98/><E122/><V88/><F102/><W117/><G133/><T66/><D66/><U132/><E132/><V130/><F82/><W94/><G117/><T25/><D91/><U11/><REACH who="1" step="1"/><E120/><REACH who="1" ten="250,240,250,250" step="2"/><V106/><F106/><W54/><G39/><N who="0" m="21663" /><D107/><U109/><E109/><V83/><F38/><W114/><G114/><T15/><D5/><U85/><E85/><V112/><F4/><W124/><G124/><T21/><D72/><U69/><E69/><V99/><F112/><W126/><G126/><T22/><D100/><U76/><E76/><V30/><F61/><W116/><G116/><T65/><D65/><U113/><E113/><V23/><F67/><W75/><G75/><T12/><D78/><U129/><E129/><V17/><F130/><W59/><G60/><T96/><D96/><U48/><E48/><V7/><F68/><W9/><G59/><T20/><D80/><U28/><E28/><V34/><F3/><W134/><G134/><T10/><D18/><AGARI ba="0,1" hai="9,13,18,43,46,50,51,54,57,81,84,89,92,94" machi="18" ten="30,2000,0" yaku="7,1,8,1" doraHai="0" who="3" fromWho="0" sc="250,-20,240,0,250,0,250,30" /><INIT seed="1,0,0,0,0,130" ten="230,240,250,280" oya="1" hai0="45,102,14,90,125,9,122,35,12,29,69,129,87" hai1="67,1,86,28,70,43,23,26,57,103,60,33,135" hai2="77,73,76,117,95,17,134,80,114,127,106,44,24" hai3="104,41,81,66,11,83,59,38,51,65,116,98,3"/><U34/><E1/><V39/><F117/><W18/><G38/><T91/><D129/><U42/><E135/><V111/><F106/><W64/><G116/><T74/><D74/><U131/><E131/><V128/><F128/><W108/><G108/><T100/><D125/><U63/><E103/><V15/><F111/><W16/><G104/><T119/><D119/><U96/><E96/><V36/><F127/><W7/><G98/><T132/><D132/><U105/><E105/><V53/><F134/><W20/><G18/><T46/><D69/><U121/><E86/><V118/><F118/><W52/><REACH who="3" step="1"/><G41/><REACH who="3" ten="230,240,250,270" step="2"/><T89/><D122/><U123/><E121/><V88/><F36/><W37/><G37/><T19/><D102/><U25/><E123/><V49/><F39/><W13/><AGARI ba="0,1" hai="3,7,11,13,16,20,51,52,59,64,65,66,81,83" machi="13" ten="30,7900,0" yaku="1,1,0,1,54,2,53,0" doraHai="130" doraHaiUra="133" who="3" fromWho="3" sc="230,-20,240,-39,250,-20,270,89" /><INIT seed="2,0,0,0,2,56" ten="210,201,230,359" oya="2" hai0="15,19,104,34,93,106,14,6,17,112,54,73,21" hai1="96,53,33,64,130,134,61,76,44,126,1,40,7" hai2="120,101,30,68,49,35,47,135,83,25,66,41,121" hai3="5,9,116,97,20,77,16,119,113,18,69,67,90"/><V22/><F135/><W122/><G122/><T127/><D112/><U58/><E33/><V52/><F83/><W86/><G113/><T71/><D34/><U80/><E134/><V92/><F22/><W103/><G77/><T46/><D127/><U45/><E126/><V42/><F92/><W79/><G79/><T37/><D71/><U50/><E130/><V27/><F27/><W123/><G123/><T13/><D73/><U75/><E96/><V78/><F78/><W84/><G84/><T128/><D128/><U57/><REACH who="1" step="1"/><E40/><REACH who="1" ten="210,191,230,359" step="2"/><V105/><F41/><W39/><G97/><T59/><D106/><U48/><E48/><V31/><F31/><W36/><G36/><T100/><D104/><U0/><E0/><V114/><F114/><W133/><G39/><T89/><D100/><U3/><E3/><V62/><F42/><W125/><G103/><T10/><D37/><U55/><E55/><V115/><F115/><W72/><G125/><T118/><D118/><U95/><E95/><V43/><F43/><W74/><G133/><T109/><D109/><U26/><E26/><V32/><F35/><W63/><G119/><T94/><D94/><U60/><E60/><V99/><AGARI ba="0,1" hai="25,30,32,47,49,52,62,66,68,99,101,105,120,121" machi="99" ten="30,12000,1" yaku="0,1,25,2,52,1,54,1" doraHai="56" who="2" fromWho="2" sc="210,-40,191,-40,230,130,359,-40" /><INIT seed="2,1,0,2,3,4" ten="170,151,360,319" oya="2" hai0="21,50,48,59,123,129,79,20,92,7,124,2,104" hai1="53,109,5,10,61,74,100,35,41,117,134,99,80" hai2="116,11,51,40,60,0,46,55,25,121,71,54,122" hai3="70,85,108,9,91,81,32,75,43,119,23,1,127"/><V45/><F25/><W72/><G32/><T30/><D123/><U84/><E117/><V12/><F0/><W82/><G70/><T94/><D104/><U88/><E109/><V130/><F116/><W101/><G119/><T22/><D124/><U115/><E115/><V57/><F130/><W64/><G64/><T90/><D129/><U56/><E134/><V86/><F86/><W111/><G127/><T37/><D37/><U19/><E35/><V120/><F71/><W78/><G101/><T105/><D105/><U15/><E74/><V89/><F89/><W96/><G96/><T34/><D79/><U110/><E41/><V33/><F33/><W112/><G112/><T16/><D94/><N who="1" m="58487" /><E110/><N who="3" m="42026" /><G23/><N who="0" m="8779" /><D34/><U107/><E107/><V14/><F14/><W76/><G43/><T18/><D2/><U83/><E80/><V3/><F3/><W28/><G28/><T67/><D30/><U125/><E125/><V132/><F132/><W36/><G36/><T68/><D68/><U8/><E8/><V69/><F69/><W77/><G75/><T62/><D7/><AGARI ba="1,0" hai="5,7,10,15,19,53,56,61,83,84,88" m="58487" machi="7" ten="30,3900,0" yaku="8,1,52,1,54,1" doraHai="4" who="1" fromWho="0" sc="170,-42,151,42,360,0,319,0" /><AGARI ba="1,0" hai="1,7,9,72,76,77,78,81,82,85,91" m="42026" machi="7" ten="30,2000,0" yaku="14,1,52,1" doraHai="4" who="3" fromWho="0" sc="128,-20,193,0,360,0,319,20" /><INIT seed="3,0,0,0,2,128" ten="108,193,360,339" oya="3" hai0="131,13,96,32,107,48,116,8,68,1,77,123,109" hai1="121,16,97,14,58,52,36,62,118,35,6,46,34" hai2="5,15,72,61,9,44,126,63,4,119,31,24,65" hai3="42,110,133,94,49,29,3,53,103,127,20,91,51"/><W88/><G3/><T106/><D116/><U47/><E121/><V19/><F119/><W21/><G133/><T111/><D68/><U70/><E118/><V66/><F72/><W115/><G115/><T27/><D123/><U74/><E74/><V10/><F126/><W101/><G127/><T50/><D131/><U17/><E70/><V98/><F98/><N who="3" m="57671" /><G110/><T122/><D122/><U92/><E36/><V108/><F108/><W129/><G129/><T57/><D1/><U130/><E130/><V59/><F44/><N who="1" m="16937" /><E35/><V28/><F9/><W45/><G91/><T30/><D107/><U54/><E34/><V125/><F125/><W11/><G11/><T105/><D105/><U89/><E54/><V60/><F31/><W87/><G87/><T2/><D2/><U84/><E84/><V85/><F85/><W67/><G67/><N who="2" m="25609" /><F59/><N who="3" m="33199" /><G29/><T134/><D134/><U37/><E37/><V90/><F90/><W86/><G86/><T0/><D0/><U22/><E17/><V93/><F93/><W117/><G117/><T71/><D106/><U64/><E64/><V25/><F28/><W12/><G12/><T83/><D71/><U124/><E124/><V78/><F78/><W73/><G73/><T79/><D32/><U41/><E41/><V33/><F33/><W55/><G42/><T7/><D111/><U113/><E113/><V135/><F135/><W82/><G82/><T112/><D112/><U43/><E58/><V120/><F120/><W114/><G114/><T23/><D109/><U38/><E6/><AGARI ba="0,0" hai="4,5,6,10,15,19,24,25,60,61,63" m="25609" machi="6" ten="30,1000,0" yaku="8,1" doraHai="128" who="2" fromWho="1" sc="108,0,193,-10,360,10,339,0" owari="108,-39.2,183,-21.7,370,47.0,339,13.9" /></mjloggm>