<mjloggm ver="2.3"><GO type="225" lobby="0"/><UN n0="%E3%82%A4%E3%83%BC%E3%82%B1%E3%83%97%E3%83%A9" n1="%E3%83%A9%E3%82%A4%E3%83%B3%E3%81%AE%E8%99%8E" n2="%E9%AD%94%E7%A5%9E%E2%80%A0%E6%B8%8B%E5%B7%9D%E6%9D%B1%E5%A0%B4%E2%80%A0" n3="%E7%99%BD%E5%80%89%E5%AF%9B%E4%B9%8B" dan="16,16,16,16" rate="2113.03,2169.65,2187.61,2172.96" sx="M,M,M,M"/><TAIKYOKU oya="0"/><INIT seed="0,0,0,3,1,42" ten="250,250,250,250" oya="0" hai0="4,114,10,73,77,41,76,103,126,108,2,101,5" hai1="43,88,71,68,90,6,128,125,104,98,52,106,36" hai2="40,78,62,47,56,24,122,89,115,46,54,79,26" hai3="102,49,30,123,83,17,38,132,109,11,95,66,99"/><T118/><D114/><U65/><E125/><V81/><F115/><W14/><G38/><T116/><D126/><U111/><E111/><V80/><F122/><W110/><G123/><T63/><D108/><U18/><E128/><V105/><F105/><W15/><G132/><T33/><D33/><U35/><E35/><V39/><F89/><W57/><G30/><T48/><D5/><U60/><E71/><V27/><REACH who="2" step="1"/><F46/><REACH who="2" ten="250,250,240,250" step="2"/><W3/><G109/><T94/><D118/><U127/><E90/><V86/><F86/><W82/><G110/><T124/><D116/><U7/><E88/><V70/><F70/><W16/><G3/><T1/><D1/><U130/><E68/><V87/><F87/><W117/><G117/><T44/><D124/><U55/><E104/><V91/><F91/><W113/><G113/><T134/><D134/><U8/><E106/><V19/><F19/><W45/><G57/><T34/><D2/><U64/><E18/><V13/><F13/><W92/><G92/><T59/><D94/><U120/><E120/><V53/><F53/><N who="3" m="29871" /><G66/><T37/><D44/><U69/><E64/><V85/><F85/><W100/><G100/><T29/><D101/><U21/><E65/><V135/><F135/><W84/><G84/><T9/><D103/><U20/><E69/><V28/><F28/><W51/><G51/><T67/><D29/><U0/><E0/><V119/><F119/><W31/><G31/><T93/><D67/><U58/><E127/><V121/><F121/><W133/><G133/><T131/><D93/><U32/><E32/><V107/><F107/><RYUUKYOKU ba="0,1" sc="250,-15,250,-15,240,15,250,15" hai2="24,26,27,39,40,47,54,56,62,78,79,80,81" hai3="11,14,15,16,17,82,83,95,99,102" /><INIT seed="1,1,1,1,4,36" ten="235,235,255,265" oya="1" hai0="126,62,89,45,134,90,120,6,16,133,37,23,99" hai1="24,15,71,18,100,50,124,94,22,32,81,33,26" hai2="104,113,83,29,43,103,84,131,61,72,54,13,128" hai3="74,111,97,73,65,19,87,106,105,42,118,122,56"/><U58/><E71/><V11/><F72/><W31/><G122/><T2/><D120/><U95/><E124/><V20/><F113/><W116/><G31/><T9/><D126/><U127/><E127/><V98/><F43/><W85/><G19/><T4/><D4/><U125/><E125/><V47/><F20/><W28/><G28/><T10/><D10/><U44/><E58/><V75/><F75/><N who="3" m="28683" /><G56/><T67/><D45/><U93/><E81/><V25/><F61/><W77/><G65/><T79/><D79/><U39/><E100/><V57/><F47/><W123/><G42/><T52/><D37/><U8/><E39/><V30/><F25/><W60/><G60/><T46/><D46/><U40/><REACH who="1" step="1"/><E26/><REACH who="1" ten="235,225,255,265" step="2"/><V135/><F57/><W49/><G123/><T0/><D67/><U80/><E80/><V86/><F83/><W112/><G112/><T63/><D62/><U107/><E107/><V12/><F104/><W68/><G106/><T51/><D63/><U130/><E130/><V48/><F131/><W92/><G68/><T117/><D51/><U27/><E27/><V102/><F102/><W14/><G105/><T115/><D115/><U21/><E21/><V82/><F103/><W96/><G49/><T66/><D23/><U55/><E55/><V91/><F54/><W132/><G116/><T38/><D117/><U108/><E108/><V121/><F128/><W101/><G111/><T35/><D52/><U69/><E69/><V53/><F53/><W59/><G118/><T76/><D66/><U109/><E109/><V5/><F48/><W114/><G114/><RYUUKYOKU ba="1,2" sc="235,-10,225,30,255,-10,265,-10" hai1="8,15,18,22,24,32,33,40,44,50,93,94,95" /><INIT seed="1,2,2,5,3,9" ten="225,255,245,255" oya="1" hai0="15,82,93,96,77,27,59,73,24,122,36,19,43" hai1="99,71,22,115,118,134,70,44,56,53,55,90,110" hai2="124,37,132,133,94,52,61,67,113,3,74,128,26" hai3="47,119,109,101,38,87,91,111,68,129,98,108,23"/><U135/><E115/><V14/><F3/><W81/><G68/><N who="1" m="26154" /><E22/><V112/><F37/><W105/><G129/><T123/><D59/><U97/><E90/><V11/><F128/><W13/><G119/><T88/><D43/><U121/><E97/><V80/><F124/><W8/><G23/><N who="0" m="11775" /><D36/><U50/><E99/><V66/><F26/><W21/><G21/><T89/><D89/><U64/><E118/><V100/><F100/><W2/><G2/><T1/><D1/><U95/><E95/><V78/><F94/><W0/><G0/><T63/><D63/><N who="1" m="37991" /><E121/><AGARI ba="2,2" hai="24,27,73,77,82,88,93,96,121,122,123" m="11775" machi="121" ten="30,3900,0" yaku="13,1,52,1,54,1" doraHai="9" who="0" fromWho="1" sc="225,65,255,-45,245,0,255,0" /><INIT seed="2,0,0,5,5,91" ten="290,210,245,255" oya="2" hai0="17,57,14,123,84,115,47,55,1,11,116,122,24" hai1="118,102,34,110,72,78,80,98,37,10,26,65,71" hai2="53,76,6,104,30,22,100,32,43,0,35,58,114" hai3="130,44,21,105,99,89,19,97,45,90,132,48,3"/><V124/><F114/><W77/><G3/><T126/><D115/><U121/><E10/><V27/><F124/><W38/><G132/><T109/><D109/><U131/><E110/><V95/><F104/><W31/><G130/><T73/><D73/><U8/><E8/><V111/><F111/><W51/><G31/><T129/><D1/><U13/><E13/><V41/><F76/><W101/><G77/><T4/><D129/><U127/><E131/><V128/><F128/><W23/><G38/><T15/><D126/><U67/><E127/><V70/><F70/><W60/><G60/><T107/><D107/><U29/><E118/><V18/><F6/><W119/><G119/><T113/><D113/><U40/><E121/><V50/><F0/><W61/><G61/><T54/><D116/><U9/><E9/><V125/><F125/><W62/><G62/><T36/><D24/><U74/><E74/><V68/><F68/><W66/><G66/><T94/><D36/><U108/><E108/><V83/><F83/><W5/><G5/><T64/><D64/><U28/><E28/><V63/><F63/><W56/><G56/><T33/><D33/><U25/><E25/><V69/><F69/><W82/><G82/><T87/><D57/><U134/><E134/><V117/><F117/><W88/><G97/><T103/><D122/><U46/><REACH who="1" step="1"/><E71/><REACH who="1" ten="290,200,245,255" step="2"/><V96/><F32/><W135/><G135/><T59/><D123/><U133/><E133/><V93/><F35/><W42/><G19/><T81/><D17/><U2/><E2/><V16/><F18/><W7/><G7/><RYUUKYOKU ba="0,1" sc="290,-15,200,15,245,-15,255,15" hai1="26,29,34,37,40,46,65,67,72,78,80,98,102" hai3="21,23,42,44,45,48,51,88,89,90,99,101,105" /><INIT seed="3,1,1,5,0,123" ten="275,215,230,270" oya="3" hai0="53,32,37,30,45,116,43,101,61,52,34,82,6" hai1="131,85,26,115,86,1,60,132,126,11,94,104,76" hai2="96,74,20,39,127,92,38,107,106,31,9,15,120" hai3="24,56,51,22,27,14,111,50,47,66,130,78,40"/><W79/><G111/><T91/><D116/><U110/><E104/><V83/><F120/><W88/><G130/><T44/><D101/><U64/><E115/><V112/><F112/><W49/><G14/><T36/><D6/><U59/><E131/><V108/><F108/><W42/><G27/><T29/><D34/><U89/><E126/><V125/><F31/><W28/><G66/><T46/><D32/><U33/><E132/><V109/><F20/><W133/><G133/><T114/><D114/><U103/><E103/><N who="2" m="60807" /><F109/><W102/><G102/><T100/><D100/><U23/><E33/><V75/><F39/><W54/><G88/><T13/><D13/><U122/><E110/><V5/><F38/><W81/><G81/><T129/><D129/><U70/><E122/><V67/><F67/><W7/><G7/><T58/><D37/><U2/><E70/><V48/><F48/><W72/><G72/><N who="2" m="27689" /><F83/><W8/><G8/><T62/><D82/><U105/><E105/><V18/><F5/><W118/><G118/><T25/><D25/><U93/><E11/><V41/><F41/><W10/><G10/><T16/><D16/><U121/><E121/><V3/><F3/><W21/><G21/><T98/><D29/><N who="1" m="17631" /><E76/><V117/><F117/><W84/><G84/><T97/><D30/><U63/><E63/><V77/><F77/><W95/><G95/><T57/><D91/><N who="1" m="53487" /><E1/><V69/><F69/><W35/><G35/><T80/><D80/><U0/><E0/><V119/><F119/><W19/><G28/><T135/><D36/><U87/><E2/><V4/><F4/><RYUUKYOKU ba="1,1" sc="275,-30,215,10,230,10,270,10" hai1="59,60,64,86,87,89,94" hai2="9,15,18,106,107,125,127" hai3="19,22,24,40,42,47,49,50,51,54,56,78,79" /><INIT seed="3,2,1,3,2,112" ten="245,225,240,280" oya="3" hai0="45,48,69,121,28,98,76,8,71,10,68,116,26" hai1="38,2,65,64,110,25,49,75,24,93,67,16,78" hai2="129,132,109,133,47,32,101,134,27,62,119,124,0" hai3="23,103,118,126,14,56,105,11,41,81,30,29,82"/><W40/><G118/><T37/><D121/><U20/><E38/><V44/><F109/><W31/><G126/><T5/><D37/><U42/><E110/><V58/><F0/><W92/><G105/><T4/><D116/><U84/><E2/><V85/><F101/><W7/><G23/><T108/><D108/><U128/><E75/><V130/><F85/><W60/><G103/><T50/><D76/><U9/><E128/><N who="2" m="49259" /><F119/><W122/><G92/><T35/><D98/><U131/><E131/><V86/><F86/><W17/><G7/><T91/><D91/><U97/><E97/><V100/><BYE who="1" /><F100/><W19/><G19/><T36/><D36/><U39/><E39/><V3/><F3/><W53/><G122/><T113/><D113/><U96/><E96/><V77/><F77/><W57/><G57/><T79/><D79/><UN n1="%E3%83%A9%E3%82%A4%E3%83%B3%E3%81%AE%E8%99%8E" /><U125/><E125/><V12/><F12/><W88/><G88/><T54/><REACH who="0" step="1"/><D48/><REACH who="0" ten="235,225,240,280" step="2"/><U73/><E73/><V6/><F124/><W52/><G53/><T99/><D99/><U46/><E78/><V80/><F132/><W135/><G135/><T72/><D72/><U120/><E120/><V51/><F51/><W22/><G11/><AGARI ba="2,2" hai="4,5,8,10,11,26,28,35,45,50,54,68,69,71" machi="11" ten="40,1300,0" yaku="1,1,53,0" doraHai="112" doraHaiUra="70" who="0" fromWho="3" sc="235,39,225,0,240,0,280,-19" /><INIT seed="4,0,0,3,3,112" ten="274,225,240,261" oya="0" hai0="84,126,65,128,0,77,26,31,4,75,92,99,129" hai1="86,20,33,53,35,80,7,46,66,91,23,3,85" hai2="32,29,43,61,97,113,60,73,95,106,21,63,52" hai3="72,55,107,67,51,22,8,116,69,121,133,127,76"/><T50/><D75/><U12/><E66/><V56/><F106/><W83/><G107/><T14/><D0/><U44/><E44/><V88/><BYE who="1" /><F113/><W54/><G121/><T34/><D126/><U59/><E59/><V18/><F73/><W87/><G127/><UN n1="%E3%83%A9%E3%82%A4%E3%83%B3%E3%81%AE%E8%99%8E" /><T115/><D115/><U28/><E3/><V64/><F43/><W114/><G114/><T82/><D65/><U58/><E46/><V104/><F104/><W16/><G116/><T90/><REACH who="0" step="1"/><D50/><REACH who="0" ten="264,225,240,261" step="2"/><U70/><E70/><V105/><F64/><W134/><G67/><T125/><D125/><U38/><E38/><V109/><F63/><W37/><G69/><T5/><D5/><U117/><E117/><V57/><F61/><W101/><G37/><T93/><D93/><U41/><E7/><V47/><F60/><W49/><G72/><T94/><D94/><U81/><E81/><V96/><F95/><W40/><G51/><T122/><D122/><U42/><E80/><V10/><F105/><W111/><G49/><T19/><D19/><U68/><E68/><V1/><F18/><W124/><G16/><T9/><AGARI ba="0,1" hai="4,9,14,26,31,34,77,82,84,90,92,99,128,129" machi="9" ten="30,3000,0" yaku="1,1,0,1,53,0" doraHai="112" doraHaiUra="119" who="0" fromWho="0" sc="264,40,225,-10,240,-10,261,-10" owari="304,40.4,215,-28.5,230,-17.0,251,5.1" /></mjloggm>