<mjloggm ver="2.3"><GO type="225" lobby="0"/><UN n0="%E5%91%A8%E6%9D%B1" n1="%E7%99%BD%E5%80%89%E5%AF%9B%E4%B9%8B" n2="%E3%81%A4%E3%81%A3%E3%81%B1%E3%82%8A%E3%83%9D%E3%83%BC%E3%83%AB" n3="%E5%A4%8F%E9%88%B4%E9%88%B4%E5%A4%8F" dan="17,16,17,16" rate="2171.48,2154.26,2107.58,2091.28" sx="M,M,M,M"/><TAIKYOKU oya="0"/><INIT seed="0,0,0,5,2,130" ten="250,250,250,250" oya="0" hai0="25,55,87,40,106,132,116,36,83,78,22,15,94" hai1="95,86,127,45,71,24,115,34,13,101,62,63,135" hai2="72,19,6,120,18,8,35,60,21,17,16,74,70" hai3="82,61,20,102,125,76,41,54,28,11,42,30,107"/><T91/><D106/><U73/><E73/><V9/><F120/><W5/><G125/><T118/><D132/><U117/><E127/><V84/><F35/><W27/><G30/><T69/><D69/><U66/><E117/><V51/><F51/><W96/><G54/><T49/><D15/><U128/><E128/><V46/><F46/><W3/><REACH who="3" step="1"/><G61/><REACH who="3" ten="250,250,250,240" step="2"/><T44/><D55/><U79/><E63/><V88/><F60/><W47/><G47/><T32/><D32/><U90/><E45/><V126/><F126/><W100/><G100/><T108/><D108/><U23/><E101/><V10/><F6/><W75/><AGARI ba="0,1" hai="3,5,11,20,27,28,41,42,75,76,82,96,102,107" machi="75" ten="20,8000,1" yaku="1,1,0,1,7,1,53,2" doraHai="130" doraHaiUra="39" who="3" fromWho="3" sc="250,-40,250,-20,250,-20,240,90" /><INIT seed="1,0,0,0,3,93" ten="210,230,230,330" oya="1" hai0="9,128,51,35,48,22,122,82,36,104,11,21,41" hai1="42,64,81,129,134,88,57,2,46,34,112,13,126" hai2="120,19,32,103,91,95,135,17,67,25,108,111,114" hai3="28,43,38,121,117,99,116,71,40,29,125,102,31"/><U15/><E112/><V24/><F120/><W66/><G121/><T107/><D122/><U106/><E2/><V14/><F135/><W132/><G125/><T89/><D35/><U123/><E123/><V105/><F114/><W77/><G132/><T1/><D36/><U75/><E34/><V20/><F67/><W58/><G71/><T92/><D82/><U33/><E33/><V6/><F6/><W94/><G77/><T78/><D78/><U39/><E134/><V0/><F0/><W30/><N who="3" m="7168" /><DORA hai="61" /><W12/><G38/><T86/><D128/><U18/><E106/><V76/><F76/><W79/><G79/><T23/><D1/><U45/><E75/><V56/><F32/><W7/><G58/><T73/><D73/><U97/><E129/><V113/><F113/><W60/><G12/><T127/><D127/><U65/><E126/><V74/><F74/><W124/><G7/><T55/><D104/><U98/><E15/><V44/><F56/><N who="3" m="37127" /><G124/><T109/><D107/><U62/><E64/><V49/><F19/><W118/><AGARI ba="0,0" hai="40,43,94,99,102,116,117,118" m="37127,7168" machi="118" ten="50,6400,0" yaku="12,1,52,2" doraHai="93,61" who="3" fromWho="3" sc="210,-16,230,-32,230,-16,330,64" /><INIT seed="2,0,0,2,3,112" ten="194,198,214,394" oya="2" hai0="14,25,12,17,51,30,82,126,78,57,98,86,91" hai1="9,55,47,92,73,33,122,26,41,129,43,18,2" hai2="71,31,99,40,32,23,114,29,45,113,38,60,64" hai3="131,13,134,46,3,107,127,58,70,81,109,53,97"/><V42/><F42/><W66/><G3/><T84/><D126/><U65/><E73/><V35/><F23/><W69/><G127/><T132/><D132/><U106/><E106/><V119/><F119/><W67/><G109/><T62/><D51/><U94/><E129/><V89/><F89/><W124/><G124/><T11/><D98/><U39/><E43/><V121/><F121/><W28/><G28/><T118/><D14/><U54/><E65/><N who="3" m="24586" /><G13/><T96/><D96/><U104/><E104/><V59/><F99/><W44/><G81/><T115/><D115/><U85/><E122/><V21/><F21/><W6/><G6/><T10/><D10/><U133/><E133/><V87/><F87/><W36/><G97/><T74/><D91/><U116/><E116/><V111/><F111/><W4/><G4/><T76/><D76/><U24/><E2/><V8/><F8/><W56/><G107/><T19/><D19/><U93/><E85/><V102/><F102/><W16/><G16/><T15/><D15/><N who="1" m="7535" /><E33/><V80/><F80/><W1/><G1/><T103/><D103/><U135/><E135/><V37/><F37/><W49/><G131/><T61/><D118/><U128/><E128/><V83/><F83/><W48/><G134/><T79/><D79/><U100/><E100/><V34/><F71/><N who="3" m="27147" /><G36/><T7/><D84/><U63/><E26/><V117/><F117/><W5/><G5/><T125/><D7/><U88/><E24/><V22/><F31/><W95/><G95/><N who="1" m="36426" /><E63/><N who="0" m="24073" /><D125/><U52/><E94/><V105/><F105/><W101/><G101/><T120/><D86/><RYUUKYOKU ba="0,0" sc="194,-30,198,10,214,10,394,10" hai1="39,41,47,52,54,55,88" hai2="22,29,32,34,35,38,40,45,59,60,64,113,114" hai3="44,46,48,49,53,56,58" /><INIT seed="2,1,0,4,1,101" ten="164,208,224,404" oya="2" hai0="44,65,34,107,42,25,30,15,57,1,112,96,61" hai1="9,95,12,80,46,93,55,73,14,68,50,7,53" hai2="6,105,5,122,82,62,21,52,51,135,8,125,77" hai3="69,129,134,54,72,133,27,60,109,131,118,76,38"/><V35/><F35/><W85/><G72/><T49/><D112/><U120/><E68/><V86/><F122/><W113/><G76/><T16/><D1/><U24/><E120/><V98/><F135/><N who="3" m="51723" /><G85/><T23/><REACH who="0" step="1"/><D96/><REACH who="0" ten="154,208,224,404" step="2"/><U127/><E127/><V22/><F98/><W91/><G113/><T126/><D126/><U33/><E73/><V29/><F125/><W132/><G132/><T56/><D56/><U13/><E80/><V26/><F82/><W0/><G131/><T19/><D19/><U41/><E33/><V97/><F97/><W79/><G0/><T130/><D130/><U2/><REACH who="1" step="1"/><E24/><REACH who="1" ten="154,198,224,404" step="2"/><V70/><F26/><W104/><G27/><T103/><D103/><U39/><E39/><V111/><F5/><W36/><G38/><T59/><D59/><U32/><E32/><V71/><F6/><W78/><G36/><T11/><D11/><U108/><E108/><V119/><F8/><W100/><G109/><T81/><D81/><U102/><E102/><V10/><F111/><W48/><G100/><T99/><D99/><U47/><E47/><V63/><F10/><W89/><G129/><T43/><D43/><U84/><E84/><V106/><F86/><W94/><G69/><T123/><D123/><U28/><E28/><V3/><F29/><W45/><G45/><T110/><D110/><U74/><E74/><V116/><F71/><W117/><G118/><T66/><D66/><U115/><E115/><V67/><F70/><W87/><G117/><T4/><D4/><U114/><E114/><V17/><F119/><W92/><G87/><T90/><D90/><RYUUKYOKU ba="1,2" sc="154,15,198,15,224,-15,404,-15" hai0="15,16,23,25,30,34,42,44,49,57,61,65,107" hai1="2,7,9,12,13,14,41,46,50,53,55,93,95" /><INIT seed="3,2,2,2,0,16" ten="169,213,209,389" oya="3" hai0="36,62,33,9,73,53,8,103,56,41,107,5,83" hai1="51,111,29,128,98,6,0,1,124,14,31,89,64" hai2="92,102,30,19,50,54,40,91,39,49,126,84,43" hai3="129,86,4,109,123,15,90,74,76,97,28,20,25"/><W99/><G123/><T80/><D33/><U44/><E111/><V32/><F126/><W131/><G74/><T59/><D73/><U68/><E124/><V42/><F39/><W82/><G109/><T94/><D107/><U95/><E128/><N who="3" m="49226" /><G76/><T108/><D108/><U87/><E68/><V115/><F115/><W38/><G38/><T11/><D5/><U114/><E64/><V69/><F69/><W88/><G90/><T18/><D36/><U72/><E72/><V48/><F30/><W34/><G34/><T45/><D41/><N who="1" m="24975" /><E0/><V134/><F32/><W58/><G58/><T112/><D112/><U105/><E1/><V125/><F134/><W12/><G4/><T52/><D45/><U70/><E70/><V2/><F2/><W71/><G71/><T119/><D119/><U67/><E67/><V77/><F77/><W100/><G99/><N who="0" m="59895" /><D18/><U118/><E118/><V57/><F125/><W35/><G35/><T7/><D7/><U46/><E46/><V66/><F66/><W96/><G97/><T106/><D106/><AGARI ba="2,2" hai="12,15,20,25,28,82,86,88,96,100,106" m="49226" machi="106" ten="30,5800,0" yaku="19,1,52,1,54,1" doraHai="16" who="3" fromWho="0" sc="169,-64,213,0,209,0,389,84" owari="105,-39.5,213,1.3,209,-19.1,473,57.3" /></mjloggm>