<mjloggm ver="2.3"><GO type="225" lobby="0"/><UN n0="%E3%83%96%E3%83%83%E3%83%91%E3%82%AA%E3%83%96%E3%83%81%E3%82%AD%E3%83%B3" n1="%77%72%77%72%77%72%77%72" n2="%E3%83%9D%E3%83%B3%E3%83%9D%E3%82%B3%E5%95%86%E4%BA%8B" n3="%6B%69%72%61%64%6F%6B%69" dan="16,17,16,16" rate="2196.16,2154.80,2175.39,2174.05" sx="M,M,M,M"/><TAIKYOKU oya="0"/><INIT seed="0,0,0,0,0,28" ten="250,250,250,250" oya="0" hai0="114,81,54,116,45,106,12,68,3,26,100,75,51" hai1="41,134,76,33,99,46,53,30,17,105,25,69,83" hai2="10,65,101,95,122,6,78,126,131,85,109,58,98" hai3="108,48,63,38,44,21,42,71,15,35,107,1,16"/><T117/><D3/><U79/><E134/><V20/><F122/><W127/><G1/><T92/><D114/><U4/><E53/><V113/><F113/><W111/><G107/><T5/><D68/><U13/><E4/><V132/><F132/><W56/><G127/><T18/><D106/><U62/><E83/><V66/><F126/><W86/><G86/><T123/><D123/><U128/><E128/><V84/><F131/><W124/><G124/><T9/><D100/><U87/><E87/><V55/><F20/><W74/><G74/><T130/><D130/><U64/><E99/><V40/><F40/><W115/><G115/><T120/><D120/><U2/><E105/><V82/><F85/><W60/><G35/><T0/><D92/><U49/><REACH who="1" step="1"/><E2/><REACH who="1" ten="250,240,250,250" step="2"/><V94/><F94/><W129/><G129/><T14/><D117/><U22/><AGARI ba="0,1" hai="13,17,22,25,30,33,41,46,49,62,64,69,76,79" machi="22" ten="20,8000,1" yaku="1,1,2,1,0,1,7,1,52,1,53,0" doraHai="28" doraHaiUra="102" who="1" fromWho="1" sc="250,-40,240,90,250,-20,250,-20" /><INIT seed="1,0,0,0,4,68" ten="210,330,230,230" oya="1" hai0="114,109,84,79,24,30,132,116,59,103,27,110,25" hai1="100,11,18,80,129,65,107,26,70,35,127,7,4" hai2="1,61,106,38,117,0,98,82,36,78,50,22,81" hai3="76,34,115,95,89,123,122,64,57,40,37,83,135"/><U44/><E129/><V86/><F117/><W69/><G34/><T90/><D114/><U9/><E127/><V8/><F61/><W53/><G115/><T39/><D116/><U55/><E80/><V32/><F32/><W41/><G64/><T133/><D103/><U49/><E11/><V54/><F22/><W15/><G69/><T94/><D79/><U6/><E18/><V134/><F134/><N who="0" m="51818" /><D59/><U88/><E88/><V105/><F82/><W72/><G15/><T66/><D66/><U99/><E9/><V19/><F0/><W111/><G111/><N who="0" m="42507" /><D39/><U14/><E14/><V31/><F31/><AGARI ba="0,0" hai="24,25,27,30,31,84,90,94" m="42507,51818" machi="31" ten="40,2600,0" yaku="20,1,14,1" doraHai="68" who="0" fromWho="2" sc="210,26,330,0,230,-26,230,0" /><INIT seed="2,0,0,5,0,92" ten="236,330,204,230" oya="2" hai0="68,100,36,91,37,7,95,65,58,124,20,54,87" hai1="45,48,110,60,10,83,115,34,108,59,120,61,29" hai2="66,113,121,28,49,77,129,86,133,106,1,111,50" hai3="38,41,8,107,25,101,32,14,80,70,96,18,44"/><V93/><F106/><W105/><G70/><T17/><D124/><U30/><E115/><V46/><F113/><W130/><G80/><T57/><D7/><U75/><E120/><V97/><F121/><W64/><G64/><T33/><D33/><U134/><E134/><V5/><F133/><W82/><G82/><T73/><D73/><U103/><E103/><V3/><F129/><W39/><G130/><T88/><D68/><U114/><E114/><V72/><F72/><W51/><REACH who="3" step="1"/><G105/><REACH who="3" ten="236,330,204,220" step="2"/><T116/><D116/><U132/><E83/><V16/><F66/><W71/><G71/><T24/><D65/><U94/><E132/><V122/><F122/><W15/><G15/><T27/><D37/><U126/><E126/><V0/><F0/><W31/><AGARI ba="0,1" hai="8,14,18,25,31,32,38,39,41,44,51,96,101,107" machi="31" ten="30,4000,0" yaku="1,1,0,1,52,1,53,0" doraHai="92" doraHaiUra="118" who="3" fromWho="3" sc="236,-10,330,-10,204,-20,220,50" /><INIT seed="3,0,0,5,3,89" ten="226,320,184,270" oya="3" hai0="12,94,68,116,18,53,34,88,123,4,39,98,111" hai1="36,27,52,83,1,59,7,9,24,23,87,35,100" hai2="108,74,76,5,22,92,90,69,37,119,107,77,21" hai3="81,10,31,120,8,55,75,62,117,114,103,44,3"/><W101/><G114/><T135/><D116/><U133/><E133/><V70/><F119/><W20/><G117/><T16/><D123/><U134/><E134/><V63/><F108/><W42/><G120/><T50/><D135/><U54/><E36/><V80/><F107/><W38/><G31/><T46/><D111/><U86/><E100/><V28/><F37/><W64/><G20/><T57/><D34/><U13/><E35/><V48/><F77/><N who="3" m="44223" /><G55/><N who="0" m="30167" /><D68/><U118/><E118/><V45/><F5/><N who="3" m="1087" /><G10/><N who="0" m="4167" /><D39/><U106/><E106/><V11/><F11/><W109/><G109/><T43/><D43/><U121/><E121/><V128/><F128/><W0/><G0/><T95/><D95/><U110/><E110/><V65/><F28/><W15/><G15/><T30/><D30/><U113/><E113/><V122/><F70/><AGARI ba="0,0" hai="38,42,44,62,64,70,101,103" m="1087,44223" machi="70" ten="30,1500,0" yaku="25,1" doraHai="89" who="3" fromWho="2" sc="226,0,320,0,184,-15,270,15" /><INIT seed="3,1,0,5,3,132" ten="226,320,169,285" oya="3" hai0="16,87,54,116,113,4,2,126,11,95,48,86,66" hai1="7,68,26,129,94,106,131,28,22,107,85,79,72" hai2="35,81,84,21,73,77,90,133,83,59,120,82,23" hai3="39,105,100,98,18,44,88,20,104,57,52,74,15"/><W67/><G74/><T78/><D116/><U13/><E68/><V122/><F133/><W112/><G112/><T41/><D113/><U17/><E7/><V96/><F35/><W34/><G34/><T6/><D126/><U63/><E72/><V102/><F59/><W1/><G1/><T9/><D66/><U123/><E123/><V32/><F32/><W69/><G104/><T92/><D41/><U121/><E121/><N who="2" m="46699" /><F21/><W58/><G67/><T125/><D125/><U97/><E85/><N who="0" m="32265" /><D78/><U75/><E79/><V47/><F23/><W29/><G69/><T50/><D2/><U60/><E60/><V89/><F47/><W99/><G29/><T76/><D76/><U64/><E75/><V117/><F117/><W91/><G99/><T61/><D61/><U53/><E53/><V71/><F71/><W70/><G70/><T8/><D16/><U0/><E0/><V30/><F30/><W62/><REACH who="3" step="1"/><G57/><REACH who="3" ten="226,320,169,275" step="2"/><N who="0" m="32967" /><D50/><U3/><E3/><V45/><F45/><W36/><G36/><T43/><D43/><AGARI ba="1,1" hai="15,18,20,39,43,44,52,58,62,88,91,98,100,105" machi="43" ten="40,12000,1" yaku="1,1,54,2,53,1" doraHai="132" doraHaiUra="40" who="3" fromWho="0" sc="226,-123,320,0,169,0,275,133" owari="103,-39.7,320,12.0,169,-23.1,408,50.8" /></mjloggm>