<mjloggm ver="2.3"><GO type="225" lobby="0"/><UN n0="%E6%B7%91%E5%A5%B3%E3%81%AE%E5%97%9C%E3%81%BF" n1="%E3%83%A9%E3%83%BC%E3%83%A1%E3%83%B3%E4%BA%94%E9%83%8E" n2="%33%74%72%65%65" n3="%E3%83%81%E3%83%83%E3%82%BF%E3%82%BD%E3%83%BC" dan="16,16,17,16" rate="2134.88,2113.42,2146.63,2139.49" sx="M,M,F,F"/><TAIKYOKU oya="0"/><INIT seed="0,0,0,1,3,84" ten="250,250,250,250" oya="0" hai0="50,127,37,44,111,126,120,76,97,1,95,61,109" hai1="102,15,64,36,98,94,83,135,113,114,53,38,10" hai2="6,103,75,104,92,106,134,8,54,130,33,47,115" hai3="40,117,124,41,88,68,55,56,79,73,19,7,23"/><T110/><D120/><U133/><E64/><V60/><F115/><N who="1" m="44041" /><E53/><V70/><F75/><W82/><G117/><T14/><D1/><U0/><E0/><V43/><F33/><W112/><G112/><T27/><D76/><U17/><E83/><V22/><F130/><W89/><G124/><N who="0" m="47659" /><D61/><U90/><E102/><V32/><F60/><W81/><G7/><T11/><D27/><U4/><E4/><V67/><F6/><W107/><G107/><T72/><D72/><U105/><E105/><V18/><F104/><W80/><G68/><T132/><D132/><AGARI ba="0,0" hai="10,15,17,36,38,90,94,98,132,133,135" m="44041" machi="132" ten="30,3900,0" yaku="20,1,11,1,52,1" doraHai="84" who="1" fromWho="0" sc="250,-39,250,39,250,0,250,0" /><INIT seed="1,0,0,4,1,81" ten="211,289,250,250" oya="1" hai0="85,82,50,6,123,66,31,89,53,18,70,87,51" hai1="103,125,23,80,108,35,45,15,83,5,98,67,97" hai2="55,52,46,29,120,96,60,1,115,124,58,43,92" hai3="57,79,100,30,0,129,8,122,41,117,34,28,93"/><U76/><E35/><V114/><F120/><W32/><G122/><T118/><D118/><U105/><E125/><V78/><F124/><W74/><G117/><T121/><D6/><U14/><E67/><V49/><F1/><W2/><G129/><T38/><D38/><U27/><E108/><V56/><F29/><W44/><G57/><T7/><D7/><U77/><E98/><V10/><F10/><W72/><G93/><T110/><D110/><U36/><E36/><V61/><REACH who="2" step="1"/><F78/><REACH who="2" ten="211,289,240,250" step="2"/><W12/><G30/><T128/><D31/><U131/><E77/><V94/><F94/><W48/><G2/><T132/><D121/><U47/><E76/><V65/><F65/><W73/><G0/><T25/><D66/><U42/><E105/><V104/><F104/><W75/><G28/><T106/><D106/><U22/><E22/><V86/><F86/><W119/><G119/><T102/><D87/><U19/><E23/><V4/><F4/><W39/><G79/><T13/><D85/><U9/><E5/><V37/><F37/><W109/><G109/><T62/><D123/><U88/><E9/><V116/><F116/><W107/><G39/><T59/><D128/><U17/><E83/><V63/><F63/><W112/><G72/><T95/><D62/><U33/><E80/><V26/><F26/><W71/><G73/><T21/><D82/><U91/><E27/><V16/><F16/><W135/><G74/><T101/><D25/><U99/><E131/><V133/><F133/><W69/><G135/><T54/><D132/><U134/><E134/><V84/><F84/><RYUUKYOKU ba="0,1" sc="211,-10,289,-10,240,30,250,-10" hai2="43,46,49,52,55,56,58,60,61,92,96,114,115" /><INIT seed="2,1,1,5,2,14" ten="201,279,270,240" oya="2" hai0="17,119,59,24,80,92,87,21,109,13,22,54,12" hai1="96,35,100,31,111,34,88,85,76,40,116,72,114" hai2="108,125,47,130,128,58,65,90,66,122,55,70,102" hai3="132,5,62,11,134,126,2,23,78,39,64,69,46"/><V84/><F122/><W106/><G126/><T82/><D109/><U27/><E114/><V73/><F125/><W103/><G23/><T117/><D117/><U30/><E116/><V36/><F73/><W98/><REACH who="3" step="1"/><G78/><REACH who="3" ten="201,279,270,230" step="2"/><T77/><D119/><U60/><E76/><V61/><F108/><W113/><G113/><T26/><D82/><U74/><E111/><V63/><F130/><W43/><AGARI ba="1,2" hai="2,5,11,39,43,46,62,64,69,98,103,106,132,134" machi="43" ten="30,8000,1" yaku="1,1,0,1,23,2,53,1" doraHai="14" doraHaiUra="97" who="3" fromWho="3" sc="201,-21,279,-21,270,-41,230,103" /><INIT seed="3,0,0,3,5,56" ten="180,258,229,333" oya="3" hai0="117,103,104,67,73,106,130,60,39,31,126,10,62" hai1="99,12,54,105,79,5,132,50,17,49,46,91,80" hai2="85,34,69,68,94,47,26,0,96,37,30,51,21" hai3="89,13,122,40,71,52,76,119,66,23,83,115,93"/><W43/><G115/><T48/><D117/><U128/><E5/><V8/><F37/><W53/><G119/><T77/><D39/><U88/><E128/><V42/><F85/><N who="3" m="48359" /><G71/><T109/><D130/><U123/><E123/><V15/><F0/><W44/><G66/><T107/><D109/><U112/><E112/><V135/><F135/><W78/><G78/><T95/><D126/><U33/><E33/><V101/><F34/><W18/><G122/><T57/><D31/><U65/><E132/><V100/><F100/><W86/><G53/><T82/><D10/><U125/><E125/><V124/><F124/><W35/><G35/><T87/><D67/><U92/><E105/><V98/><F98/><W16/><G18/><AGARI ba="0,0" hai="8,15,18,21,26,30,42,47,51,68,69,94,96,101" machi="18" ten="30,1000,0" yaku="7,1" doraHai="56" who="2" fromWho="3" sc="180,0,258,0,229,10,333,-10" owari="180,-32.0,258,5.8,239,-16.1,323,42.3" /></mjloggm>