<mjloggm ver="2.3"><GO type="225" lobby="0"/><UN n0="%E6%9C%88%E5%B3%B6%E5%9F%BA" n1="%E3%81%BF%E3%81%BF%E3%81%9A" n2="%E4%B8%AD%E5%B9%B4%E3%81%AE%E5%8D%B1%E6%A9%9F" n3="%E6%98%93%E5%88%A9%E8%96%A9%E4%BC%AF" dan="16,17,16,17" rate="2041.36,2169.68,2122.57,2207.11" sx="M,M,M,F"/><TAIKYOKU oya="0"/><INIT seed="0,0,0,3,2,65" ten="250,250,250,250" oya="0" hai0="83,10,59,5,6,97,31,35,119,126,71,129,39" hai1="94,117,20,41,118,62,125,85,45,87,14,114,76" hai2="124,93,40,17,44,26,55,28,23,88,63,70,61" hai3="132,89,38,133,127,7,75,78,66,51,11,15,36"/><T53/><D119/><U68/><E125/><V72/><F72/><W100/><G127/><T123/><D126/><U135/><E135/><V99/><F124/><W8/><G100/><T58/><D129/><U47/><E114/><V82/><F82/><W30/><G30/><T18/><D39/><U95/><E62/><V131/><F131/><W73/><G89/><T122/><D97/><U9/><E20/><V128/><F128/><W112/><G112/><T107/><D107/><U79/><E14/><V22/><F70/><W115/><G51/><T56/><D71/><U24/><E24/><V86/><F86/><W46/><G115/><T106/><D106/><U109/><E109/><V102/><F102/><W12/><G66/><T96/><D96/><U80/><E68/><V0/><F0/><W19/><G78/><T111/><D83/><U57/><E80/><V103/><F103/><W130/><G130/><T84/><D84/><U90/><E57/><N who="0" m="22121" /><D111/><U25/><E25/><N who="2" m="14543" /><F40/><W69/><G69/><T105/><D105/><U116/><E116/><V50/><AGARI ba="0,0" hai="23,26,28,44,50,55,61,63,88,93,99" m="14543" machi="50" ten="30,2000,0" yaku="8,1,54,1" doraHai="65" who="2" fromWho="2" sc="250,-10,250,-5,250,20,250,-5" /><INIT seed="1,0,0,3,4,78" ten="240,245,270,245" oya="1" hai0="47,81,109,87,26,55,54,65,50,103,67,89,31" hai1="69,18,63,86,0,115,71,30,23,28,131,17,127" hai2="64,128,20,76,12,7,21,90,107,45,120,22,34" hai3="24,4,118,39,129,79,61,72,35,41,117,106,95"/><U66/><E115/><V102/><F120/><W52/><G106/><T123/><D123/><U42/><E0/><V29/><F90/><W49/><G4/><T97/><D109/><U85/><E42/><V44/><F128/><W16/><G61/><T83/><D54/><U135/><E131/><V126/><F126/><W48/><G35/><T40/><D55/><U37/><E37/><V14/><F64/><W13/><G24/><T88/><D89/><U27/><E127/><V132/><F132/><W80/><G129/><T53/><D53/><U93/><E135/><V5/><F107/><W99/><G39/><T130/><D130/><U46/><E46/><N who="2" m="18027" /><F34/><W74/><G41/><T108/><D83/><U104/><E104/><V92/><F76/><W73/><G49/><T119/><D119/><N who="3" m="45577" /><G95/><N who="0" m="58815" /><D108/><U75/><E93/><V25/><F92/><W96/><G73/><T15/><D15/><N who="2" m="5674" /><F102/><W113/><G74/><T133/><D133/><U98/><E75/><V2/><F2/><W62/><G62/><T33/><D33/><U110/><E110/><V101/><F101/><W43/><G43/><T10/><D10/><U124/><E124/><V51/><F51/><W116/><G113/><T84/><D84/><N who="1" m="32363" /><E98/><V36/><F36/><W100/><G100/><T9/><D9/><U112/><E112/><V3/><F3/><W6/><G116/><T105/><D105/><U59/><E71/><V82/><F82/><W94/><G94/><T57/><D57/><U1/><E1/><V70/><F70/><W114/><G114/><T68/><D68/><U111/><E69/><V58/><F58/><RYUUKYOKU ba="0,0" sc="240,15,245,-15,270,15,245,-15" hai0="26,31,40,47,50,65,67,81,87,88" hai2="5,7,20,21,22,25,29" /><INIT seed="2,1,0,1,4,90" ten="255,230,285,230" oya="2" hai0="9,103,87,98,108,25,47,3,125,112,59,73,67" hai1="118,15,132,133,135,82,30,52,127,64,61,27,122" hai2="26,72,63,60,109,54,0,23,48,117,106,65,102" hai3="57,130,32,8,6,105,17,97,86,104,51,18,42"/><V5/><F117/><W62/><G32/><T100/><D112/><U81/><E118/><V74/><F109/><W85/><G130/><T134/><D73/><U10/><E127/><V55/><F0/><W37/><G37/><T40/><D108/><U33/><E122/><V115/><F115/><W24/><G105/><T99/><D125/><U128/><E128/><V131/><F5/><W71/><G71/><T70/><D70/><N who="1" m="42255" /><E52/><N who="2" m="20011" /><F106/><W95/><G104/><T113/><D134/><N who="1" m="34307" /><U20/><DORA hai="76" /><E33/><V46/><F74/><W53/><G42/><T107/><D59/><U94/><E94/><V129/><F72/><W14/><G51/><T119/><D67/><U120/><E120/><V34/><F34/><W77/><G24/><T56/><D25/><U111/><E111/><V126/><F126/><W2/><G77/><T75/><D56/><U7/><AGARI ba="1,0" hai="7,10,15,20,27,30,81,82" m="34307,42255" machi="7" ten="40,5200,0" yaku="20,1,52,2" doraHai="90,76" who="1" fromWho="1" sc="255,-14,230,55,285,-27,230,-14" /><INIT seed="3,0,0,3,2,127" ten="241,285,258,216" oya="3" hai0="84,45,10,121,12,92,103,24,110,55,129,80,6" hai1="116,35,81,67,48,16,75,51,52,43,132,94,115" hai2="25,117,100,7,109,107,50,61,2,104,4,86,56" hai3="3,134,27,62,114,82,122,89,37,39,91,32,22"/><W66/><G114/><T88/><D121/><U49/><E115/><V87/><F117/><W125/><G122/><T28/><D110/><U90/><E35/><V123/><F123/><W47/><G125/><T40/><D55/><U120/><E120/><V113/><F113/><W93/><G3/><T31/><D129/><U119/><E67/><V83/><F109/><W112/><G112/><T85/><D24/><U65/><E65/><V131/><F131/><W70/><G134/><T54/><D54/><U68/><E68/><V19/><F50/><W15/><G32/><T76/><REACH who="0" step="1"/><D103/><REACH who="0" ten="231,285,258,216" step="2"/><U99/><E132/><V53/><F100/><W59/><G70/><T79/><D79/><N who="1" m="44287" /><E43/><V95/><F25/><W118/><G118/><N who="1" m="45098" /><E16/><V69/><F19/><W34/><G34/><T111/><D111/><U11/><E11/><V96/><F69/><W0/><G66/><T73/><D73/><U13/><E13/><V71/><F71/><W105/><G15/><T78/><D78/><U106/><E106/><V63/><F104/><W64/><G105/><T74/><D74/><U23/><E23/><V124/><F107/><W133/><G133/><T108/><D108/><U29/><E29/><V20/><F20/><W135/><G135/><T77/><D77/><U128/><E128/><V9/><F124/><W98/><G0/><T17/><D17/><U41/><E41/><V26/><F26/><W30/><G47/><AGARI ba="0,1" hai="47,48,49,51,52,90,94,99" m="45098,44287" machi="47" ten="30,2000,0" yaku="12,1,54,1" doraHai="127" who="1" fromWho="3" sc="231,0,285,30,258,0,216,-20" owari="231,-16.9,315,41.5,258,5.8,196,-30.4" /></mjloggm>