<mjloggm ver="2.3"><GO type="225" lobby="0"/><UN n0="%E6%A3%AE%E5%B1%B1%E7%94%B0%E7%9B%B4%E5%A4%AA%E6%9C%97%E4%B9%8B%E4%BB%8B" n1="%E5%B0%8F%E9%B3%A5%E9%81%8A%E7%B7%B4%E7%84%A1%32%31%E6%AD%B3" n2="%E3%82%A2%E3%83%9E%E3%83%9D%EF%BD%9E%EF%BD%9E%E3%83%A9" n3="%4C%4F%4C%49%54%41" dan="16,16,17,16" rate="2172.36,2188.32,2128.10,2082.40" sx="M,F,M,F"/><TAIKYOKU oya="0"/><INIT seed="0,0,0,4,1,0" ten="250,250,250,250" oya="0" hai0="55,63,44,120,92,118,91,68,98,124,96,127,11" hai1="77,79,25,119,107,45,125,130,95,87,41,75,70" hai2="111,135,64,13,129,73,57,29,16,24,47,17,128" hai3="10,108,53,115,67,39,72,36,31,104,121,37,123"/><T97/><D120/><N who="3" m="46153" /><G104/><T19/><D118/><U9/><E119/><V54/><F111/><W59/><G72/><T66/><D44/><U85/><E70/><V23/><F73/><W52/><G31/><T86/><D55/><N who="3" m="21065" /><G10/><T56/><D68/><U117/><E117/><V114/><F135/><W106/><G106/><T1/><REACH who="0" step="1"/><D19/><REACH who="0" ten="240,250,250,250" step="2"/><U28/><E45/><V134/><F47/><W76/><G115/><T80/><D80/><U30/><E30/><V126/><F114/><W84/><G108/><T110/><D110/><U38/><E28/><V100/><F29/><W15/><G59/><T113/><D113/><U93/><E41/><V2/><F17/><W62/><G67/><T88/><D88/><U81/><E81/><V43/><F64/><W58/><G58/><T132/><D132/><U82/><E82/><V32/><F134/><W94/><G76/><T18/><D18/><U27/><E77/><V131/><F43/><W26/><G39/><T4/><AGARI ba="0,1" hai="1,4,11,56,63,66,86,91,92,96,97,98,124,127" machi="4" ten="30,6000,0" yaku="1,1,0,1,52,1,53,0" doraHai="0" doraHaiUra="46" who="0" fromWho="0" sc="240,70,250,-20,250,-20,250,-20" /><INIT seed="0,1,0,5,1,63" ten="310,230,230,230" oya="0" hai0="93,26,98,88,38,124,47,126,48,3,55,122,80" hai1="76,9,101,57,73,16,24,134,97,53,108,10,25" hai2="23,113,0,17,37,7,28,119,50,129,59,130,22" hai3="64,56,70,84,109,95,29,66,41,111,54,127,92"/><T132/><D3/><U96/><E134/><V100/><F37/><W79/><G127/><N who="0" m="48683" /><D132/><U68/><E108/><N who="3" m="41546" /><G41/><T35/><D38/><U40/><E40/><V61/><F100/><W34/><G70/><T110/><D110/><U33/><E68/><V71/><F113/><W44/><G44/><T85/><D122/><U123/><E123/><V116/><F50/><N who="3" m="30807" /><G29/><N who="0" m="19895" /><D80/><U87/><E33/><V135/><F71/><W62/><G34/><T43/><D43/><U2/><E2/><V19/><F135/><W77/><G62/><T90/><D85/><U6/><E87/><V18/><F59/><W8/><G8/><T58/><D47/><U13/><E9/><N who="2" m="2279" /><F61/><W30/><G30/><T99/><D99/><U102/><E97/><V31/><F31/><W114/><G114/><T94/><D94/><N who="3" m="35881" /><G84/><T115/><D115/><U51/><E96/><V4/><F28/><W21/><G21/><T49/><D49/><U75/><E75/><V32/><F32/><W12/><G12/><T27/><D27/><U67/><E25/><V11/><F23/><W5/><G5/><T52/><D55/><U72/><E24/><V39/><F22/><W103/><G103/><AGARI ba="1,0" hai="48,52,58,88,90,93,98,103" m="19895,48683" machi="103" ten="30,5800,0" yaku="18,1,54,2" doraHai="63" who="0" fromWho="3" sc="310,61,230,0,230,0,230,-61" /><INIT seed="0,2,0,3,4,64" ten="371,230,230,169" oya="0" hai0="124,38,125,134,1,2,11,80,45,81,61,127,13" hai1="23,25,129,31,84,82,15,3,19,43,55,68,69" hai2="135,59,0,24,62,115,46,60,52,132,79,29,9" hai3="73,48,77,86,90,47,117,102,83,92,126,14,74"/><T111/><D61/><U51/><E43/><V49/><F115/><W44/><G117/><T40/><D134/><N who="2" m="51242" /><F79/><W12/><G126/><T6/><D111/><U21/><E3/><AGARI ba="2,0" hai="1,2,3,6,11,13,38,40,45,80,81,124,125,127" machi="3" ten="50,2400,0" yaku="18,1" doraHai="64" who="0" fromWho="1" sc="371,30,230,-30,230,0,169,0" /><INIT seed="0,3,0,1,4,112" ten="401,200,230,169" oya="0" hai0="102,1,38,106,63,86,126,76,77,49,80,95,99" hai1="19,59,57,54,111,26,55,41,50,97,122,56,60" hai2="35,115,128,71,92,134,62,15,105,12,131,132,120" hai3="67,101,70,74,5,21,113,30,11,121,32,135,104"/><T22/><D38/><U82/><E122/><V87/><F105/><W52/><G113/><T44/><D1/><U40/><E111/><V118/><F115/><W78/><G21/><T9/><D126/><U33/><E33/><V73/><F73/><W36/><G36/><T13/><D106/><U24/><E82/><V46/><F46/><W6/><G135/><N who="2" m="51753" /><F35/><W129/><G129/><N who="2" m="49737" /><F120/><W127/><G121/><T4/><D22/><U107/><E107/><V27/><F27/><N who="1" m="10281" /><E19/><V123/><F123/><W83/><G32/><T84/><D63/><N who="1" m="36247" /><E97/><V47/><F47/><W130/><G74/><T98/><D98/><U93/><E93/><V88/><F118/><W42/><G130/><T96/><D96/><U103/><E103/><V75/><F75/><W94/><G101/><T8/><D8/><U100/><E100/><V69/><F62/><W58/><G104/><T109/><D109/><U91/><E91/><V68/><AGARI ba="3,0" hai="12,15,68,69,71,87,88,92" m="49737,51753" machi="68" ten="40,5200,0" yaku="20,1,19,1,54,1" doraHai="112" who="2" fromWho="2" sc="401,-29,200,-16,230,61,169,-16" /><INIT seed="1,0,0,0,2,122" ten="372,184,291,153" oya="1" hai0="130,14,10,86,110,58,12,68,41,83,31,62,114" hai1="64,17,87,63,3,105,89,38,55,56,7,35,107" hai2="102,72,92,60,44,118,33,24,95,8,108,117,0" hai3="115,2,96,100,123,112,57,103,120,109,121,5,4"/><U135/><E38/><V113/><F72/><W42/><G42/><T81/><D68/><U23/><E35/><V49/><F60/><W91/><G109/><T46/><D31/><U65/><E135/><V48/><F108/><W61/><G91/><T11/><D110/><U127/><E127/><V94/><F102/><W6/><G2/><T71/><D71/><U52/><E7/><V88/><F88/><W134/><G134/><T15/><D130/><U101/><E3/><V22/><F33/><W128/><G128/><T50/><D114/><U66/><E55/><V111/><F113/><W40/><G103/><T76/><D83/><U98/><E107/><V13/><F0/><W125/><G40/><T79/><D79/><U29/><E29/><V97/><F97/><W43/><G43/><T99/><D99/><U39/><E39/><V28/><F111/><W47/><G47/><T20/><D20/><U9/><E9/><V106/><F106/><W119/><G119/><T45/><D45/><U82/><REACH who="1" step="1"/><E66/><AGARI ba="0,0" hai="10,11,12,14,15,41,46,50,58,62,66,76,81,86" machi="66" ten="40,1300,0" yaku="8,1" doraHai="122" who="0" fromWho="1" sc="372,13,184,-13,291,0,153,0" /><INIT seed="2,0,0,1,2,56" ten="385,171,291,153" oya="2" hai0="74,16,36,114,72,29,77,86,109,81,125,48,44" hai1="78,38,108,64,133,122,27,123,117,92,28,69,43" hai2="94,13,41,70,35,17,8,101,6,85,42,21,54" hai3="1,10,20,71,65,76,52,37,129,2,58,47,102"/><V80/><F70/><W115/><G129/><T9/><D36/><U132/><E92/><V46/><F35/><W32/><G32/><T30/><D114/><U113/><E78/><V11/><F11/><W84/><G115/><T53/><D125/><U83/><E83/><V7/><F7/><W79/><G102/><T104/><D104/><U55/><E113/><V95/><F54/><W22/><G71/><T67/><D67/><U110/><E55/><V5/><F5/><W88/><G65/><T60/><D109/><N who="1" m="42091" /><E117/><V90/><F42/><W105/><G105/><T118/><D118/><U99/><E99/><V111/><F101/><W98/><G98/><T127/><D127/><U12/><E12/><V24/><REACH who="2" step="1"/><F111/><REACH who="2" ten="385,171,281,153" step="2"/><W130/><G1/><T34/><D9/><U15/><E43/><V45/><F45/><W18/><G2/><T121/><D34/><U3/><E3/><V63/><F63/><N who="3" m="36295" /><G47/><T66/><D60/><N who="1" m="40071" /><E38/><AGARI ba="0,1" hai="6,8,13,17,21,24,38,41,46,80,85,90,94,95" machi="38" ten="30,2900,0" yaku="1,1,7,1,53,0" doraHai="56" doraHaiUra="62" who="2" fromWho="1" sc="385,0,171,-29,281,39,153,0" /><INIT seed="2,1,0,4,5,57" ten="385,142,320,153" oya="2" hai0="7,33,76,19,74,89,124,12,98,80,131,41,93" hai1="121,87,129,105,112,20,44,92,82,72,78,10,26" hai2="99,11,91,1,35,34,120,16,118,113,42,119,60" hai3="29,2,115,97,67,62,132,45,4,116,24,128,130"/><V9/><F42/><W77/><G116/><T95/><D131/><N who="3" m="50217" /><G132/><T122/><D124/><U18/><E129/><V65/><F113/><W3/><G115/><T86/><D122/><U64/><E112/><V52/><F120/><W28/><G77/><T83/><D33/><U85/><E121/><V37/><F37/><W15/><G45/><T0/><D41/><U69/><E105/><V117/><F1/><N who="3" m="11" /><G97/><T125/><D125/><U101/><E44/><V17/><F35/><W68/><G24/><T6/><D0/><U63/><REACH who="1" step="1"/><E10/><AGARI ba="1,0" hai="4,10,15,28,29,62,67,68" m="11,50217" machi="10" ten="30,2000,0" yaku="19,1,52,1" doraHai="57" who="3" fromWho="1" sc="385,0,142,-23,320,0,153,23" /><INIT seed="3,0,0,3,1,84" ten="385,119,320,176" oya="3" hai0="12,131,81,106,75,6,9,38,70,108,59,31,8" hai1="26,98,37,110,92,135,73,105,43,103,57,49,19" hai2="129,60,124,104,74,27,48,18,39,76,55,97,50" hai3="3,7,33,125,86,109,66,44,71,63,69,61,17"/><W47/><G33/><T96/><D70/><U45/><E110/><V32/><F39/><W30/><G30/><T120/><D38/><U89/><E135/><V56/><F124/><W77/><G125/><T117/><D31/><U134/><E134/><V52/><F129/><W90/><G77/><T65/><D9/><U35/><E73/><V115/><F115/><W119/><G119/><T132/><D59/><U5/><E5/><V34/><F76/><W80/><G109/><T82/><D65/><U64/><E37/><V91/><F74/><W51/><G17/><T128/><D75/><U67/><E57/><V2/><F2/><W114/><G114/><T0/><D132/><U28/><REACH who="1" step="1"/><E19/><REACH who="1" ten="385,109,320,176" step="2"/><V127/><F18/><W25/><G7/><T111/><D6/><U85/><AGARI ba="0,1" hai="26,28,35,43,45,49,64,67,85,89,92,98,103,105" machi="85" ten="20,12000,2" yaku="1,1,2,1,0,1,7,1,52,1,53,1" doraHai="84" doraHaiUra="88" who="1" fromWho="1" sc="385,-30,109,130,320,-30,176,-60" owari="355,45.5,239,-16.1,290,9.0,116,-38.4" /></mjloggm>