<mjloggm ver="2.3"><GO type="225" lobby="0"/><UN n0="%E3%81%BF%E3%81%BF%E3%81%9A" n1="%E9%A6%AC%E5%BC%95%E7%81%AB%33" n2="%73%68%75%6D%70" n3="%72%61%6B%33" dan="18,16,16,16" rate="2257.01,2134.15,2128.55,2076.11" sx="M,M,M,M"/><TAIKYOKU oya="0"/><INIT seed="0,0,0,2,1,5" ten="250,250,250,250" oya="0" hai0="81,85,110,46,7,26,124,19,61,49,82,90,129" hai1="66,128,14,20,58,101,122,45,2,21,77,38,12" hai2="64,62,130,33,105,56,43,0,57,18,22,4,91" hai3="109,9,117,93,25,131,11,84,115,51,1,103,114"/><T113/><D113/><U71/><E122/><V17/><F105/><W96/><G117/><T55/><D110/><U108/><E2/><V36/><F33/><W79/><G109/><T80/><D124/><U121/><E71/><V67/><F130/><W112/><G131/><T99/><D129/><U75/><E121/><V126/><F126/><W52/><G1/><T31/><D99/><U116/><E116/><V10/><F91/><W27/><G27/><T134/><D134/><U44/><E101/><V54/><F64/><W119/><G119/><T59/><D7/><U104/><E104/><V37/><F43/><W89/><G25/><T48/><D19/><U94/><E94/><V107/><F107/><W106/><REACH who="3" step="1"/><G79/><REACH who="3" ten="250,250,250,240" step="2"/><T69/><D69/><U74/><E77/><V70/><F70/><W28/><G28/><T102/><D102/><U125/><E128/><V72/><F72/><W3/><G3/><T15/><D15/><U92/><E75/><V132/><F132/><W30/><G30/><T24/><D24/><U39/><E74/><V60/><REACH who="2" step="1"/><F18/><REACH who="2" ten="250,250,240,240" step="2"/><W73/><G73/><T78/><D78/><U95/><E125/><V98/><F98/><W16/><G16/><T13/><D31/><U23/><E108/><V53/><F53/><W100/><G100/><T42/><D26/><AGARI ba="0,2" hai="0,4,10,17,22,26,36,37,54,56,57,60,62,67" machi="26" ten="30,3900,0" yaku="1,1,7,1,52,1,53,0" doraHai="5" doraHaiUra="87" who="2" fromWho="0" sc="250,-39,250,0,240,59,240,0" /><INIT seed="1,0,0,5,3,15" ten="211,250,299,240" oya="1" hai0="134,73,56,88,39,44,9,87,47,93,108,71,27" hai1="64,133,49,24,123,91,81,23,112,13,79,131,97" hai2="20,16,41,121,102,104,61,120,122,117,109,82,127" hai3="59,99,129,126,68,98,83,31,115,54,4,132,6"/><U29/><E112/><V50/><F117/><W55/><G68/><T42/><D71/><U3/><E3/><V38/><F38/><W85/><G115/><T111/><D134/><U110/><E123/><V22/><F61/><W1/><G126/><T34/><D73/><U2/><E2/><V33/><F33/><W17/><G129/><T103/><D56/><U0/><E0/><V75/><F127/><W128/><G31/><T135/><D135/><U19/><E133/><V45/><F22/><W58/><G128/><T60/><D60/><U69/><E131/><V105/><F102/><W95/><G1/><T46/><D9/><U63/><E110/><N who="0" m="42025" /><D103/><U124/><E124/><V67/><F67/><W40/><G58/><T119/><D119/><U35/><E49/><V12/><REACH who="2" step="1"/><F109/><REACH who="2" ten="211,250,289,240" step="2"/><W94/><G132/><T80/><D80/><U48/><E48/><V8/><F8/><W21/><G83/><T76/><D76/><AGARI ba="0,1" hai="12,16,20,41,45,50,75,76,82,104,105,120,121,122" machi="76" ten="40,5200,0" yaku="1,1,52,1,54,1,53,0" doraHai="15" doraHaiUra="26" who="2" fromWho="0" sc="211,-52,250,0,289,62,240,0" /><INIT seed="2,0,0,5,1,60" ten="159,250,351,240" oya="2" hai0="104,29,108,126,38,135,54,28,115,73,32,121,18" hai1="125,26,101,78,87,91,120,65,76,30,96,116,8" hai2="62,52,85,122,131,83,43,84,133,88,70,77,48" hai3="22,100,98,99,23,12,2,53,63,112,3,61,45"/><V69/><F131/><W13/><G45/><T9/><RYUUKYOKU type="yao9" ba="0,0" sc="159,0,250,0,351,0,240,0" hai0="9,18,28,29,32,38,54,73,104,108,115,121,126,135" /><INIT seed="2,1,0,1,5,7" ten="159,250,351,240" oya="2" hai0="25,65,113,135,81,23,97,71,75,43,70,12,45" hai1="72,115,11,53,47,16,131,59,76,3,92,14,9" hai2="82,2,78,90,34,126,1,99,77,124,64,35,119" hai3="106,39,102,37,69,89,8,44,98,17,68,93,27"/><V32/><F119/><W84/><G27/><T111/><D113/><U80/><E115/><V26/><F64/><W121/><G121/><T87/><D111/><U22/><E131/><V116/><F116/><W74/><G74/><T13/><D135/><U54/><E3/><V36/><F36/><W56/><G56/><T28/><D75/><U29/><E29/><V42/><F42/><W96/><G44/><T101/><D65/><U127/><E127/><N who="2" m="48683" /><F90/><W63/><G63/><T110/><D110/><U5/><E5/><V83/><F26/><W58/><G58/><T107/><D71/><U38/><E92/><V20/><F20/><W67/><G67/><T51/><REACH who="0" step="1"/><D70/><REACH who="0" ten="149,250,351,240" step="2"/><U46/><E38/><V61/><F77/><AGARI ba="1,1" hai="12,13,23,25,28,43,45,51,77,81,87,97,101,107" machi="77" ten="30,3900,0" yaku="1,1,2,1,7,1,53,0" doraHai="7" doraHaiUra="120" who="0" fromWho="2" sc="149,52,250,0,351,-42,240,0" /><INIT seed="3,0,0,3,4,131" ten="201,250,309,240" oya="3" hai0="88,32,63,13,68,67,58,54,95,29,127,118,82" hai1="24,74,108,128,6,101,117,77,33,66,93,110,39" hai2="130,16,100,92,70,19,94,79,73,22,37,120,99" hai3="89,18,49,25,87,11,119,90,116,5,36,86,106"/><W31/><G36/><T65/><D118/><U9/><E128/><V124/><F37/><W123/><G106/><T81/><D127/><U64/><E117/><V72/><F130/><W59/><G123/><T60/><D13/><U115/><E115/><V52/><F70/><W30/><G18/><T109/><D109/><N who="1" m="42091" /><E39/><V85/><F124/><W126/><G126/><T28/><D54/><U48/><E48/><V4/><F4/><W3/><G49/><T62/><D62/><U35/><E77/><V71/><F71/><W20/><G31/><T75/><D75/><U134/><E74/><V23/><F52/><W51/><G59/><T121/><D121/><U103/><E24/><V135/><F79/><W1/><G1/><T21/><D32/><N who="1" m="12363" /><E93/><V78/><F78/><W12/><G3/><T56/><D68/><U0/><E134/><V84/><F120/><W69/><G51/><T107/><D107/><U15/><E15/><V97/><F100/><AGARI ba="0,0" hai="0,6,9,64,66,100,101,103" m="12363,42091" machi="100" ten="30,1000,0" yaku="14,1" doraHai="131" who="1" fromWho="2" sc="201,0,250,10,309,-10,240,0" /><INIT seed="4,0,0,3,0,60" ten="201,260,299,240" oya="0" hai0="2,35,10,7,129,131,53,96,84,27,94,32,49" hai1="3,1,95,114,77,74,70,104,120,37,21,30,26" hai2="81,90,79,20,54,103,39,51,125,116,9,110,130" hai3="134,121,123,56,50,135,115,100,111,38,31,112,15"/><T86/><D86/><U55/><E120/><N who="3" m="46154" /><G100/><T105/><D84/><U62/><E104/><V36/><F110/><W33/><G38/><T91/><D105/><U24/><E37/><V45/><F125/><W88/><G111/><T4/><D4/><U82/><E114/><N who="3" m="43562" /><G50/><T8/><D8/><U106/><E106/><V23/><F103/><W42/><G42/><T48/><D48/><U64/><E55/><V107/><F107/><W93/><G56/><T122/><D122/><U68/><E68/><V44/><F90/><W75/><G15/><T99/><D96/><U127/><E127/><V66/><F45/><W46/><G46/><T132/><D132/><U58/><E95/><V18/><F116/><W97/><G75/><T128/><REACH who="0" step="1"/><D27/><AGARI ba="0,0" hai="27,31,33,88,93,97,134,135" m="43562,46154" machi="27" ten="40,5200,0" yaku="13,1,15,1,54,1" doraHai="60" who="3" fromWho="0" sc="201,-52,260,0,299,0,240,52" /><INIT seed="5,0,0,2,0,125" ten="149,260,299,292" oya="1" hai0="86,39,111,11,31,25,123,117,119,41,129,43,4" hai1="17,14,65,80,67,106,8,64,97,46,28,70,15" hai2="26,16,98,53,82,134,58,72,40,103,100,38,6" hai3="3,62,54,76,50,85,68,2,42,108,18,90,94"/><U55/><E28/><V83/><F134/><W37/><G108/><T45/><D111/><U93/><E106/><V59/><F6/><W105/><G105/><T122/><D86/><U101/><E70/><V126/><F126/><W1/><G76/><T32/><D43/><U131/><E131/><V104/><F59/><W61/><G68/><T66/><D66/><U127/><E127/><V47/><F103/><W135/><G135/><T95/><D95/><U44/><E14/><V118/><F118/><W124/><G124/><T87/><D87/><U132/><E132/><V49/><F72/><W77/><G77/><T57/><D57/><U7/><E7/><V27/><REACH who="2" step="1"/><F16/><REACH who="2" ten="149,260,289,292" step="2"/><W12/><G18/><T96/><D96/><U35/><E35/><V113/><F113/><W120/><G1/><N who="0" m="399" /><D129/><U75/><E75/><V78/><F78/><W20/><G2/><T116/><AGARI ba="0,1" hai="25,31,32,39,41,45,116,117,119,122,123" m="399" machi="116" ten="40,1500,0" yaku="23,1" doraHai="125" who="0" fromWho="0" sc="149,25,260,-7,289,-4,292,-4" /><INIT seed="6,0,0,4,5,133" ten="174,253,285,288" oya="2" hai0="37,134,105,39,65,71,88,6,76,16,13,120,24" hai1="113,57,93,9,121,61,99,26,123,17,126,29,63" hai2="50,5,51,79,103,124,70,129,2,32,94,72,55" hai3="66,15,110,18,19,46,128,40,42,112,67,135,62"/><V119/><F119/><W122/><G110/><T56/><D120/><N who="1" m="46155" /><E126/><V117/><F117/><W118/><G122/><T7/><D134/><U90/><E113/><V44/><F124/><W131/><G118/><T10/><D105/><U21/><E57/><V1/><F32/><W115/><G135/><T41/><D71/><U97/><E97/><V104/><F70/><W82/><G82/><T125/><D125/><U77/><E77/><V36/><F36/><W95/><G95/><T80/><D39/><U54/><E54/><V47/><F104/><W87/><G87/><N who="0" m="50279" /><D37/><U114/><E114/><N who="3" m="43562" /><G67/><T102/><D41/><N who="3" m="15977" /><G46/><T132/><D132/><U83/><E83/><V86/><F72/><W84/><G84/><T48/><D76/><U25/><E9/><V92/><F79/><W14/><G62/><N who="0" m="38087" /><D102/><U98/><E98/><V96/><F96/><W69/><G66/><T111/><D111/><U106/><E106/><V23/><F103/><W60/><G60/><T8/><D48/><U101/><E101/><V35/><F51/><W34/><G69/><T0/><D0/><U59/><E59/><V28/><F1/><W53/><G53/><T4/><D24/><U31/><E31/><V30/><F2/><W75/><G75/><T3/><D3/><U127/><E127/><V12/><F30/><W107/><G107/><T109/><D109/><U91/><E91/><V130/><F28/><W73/><G73/><T85/><D85/><U89/><E89/><V11/><F86/><W81/><G81/><T78/><D78/><U38/><E38/><V43/><F50/><W27/><G27/><RYUUKYOKU ba="0,0" sc="174,15,253,15,285,-15,288,-15" hai0="4,6,7,8,10,13,16" hai1="17,21,25,26,29,61,63,90,93,99" /><INIT seed="7,1,0,5,3,23" ten="189,268,270,273" oya="3" hai0="131,34,101,104,27,37,127,125,1,129,16,6,17" hai1="117,18,52,57,105,8,130,13,28,47,29,48,112" hai2="107,102,68,78,83,62,89,49,50,2,134,9,38" hai3="39,32,97,59,110,42,51,133,76,82,94,118,93"/><W75/><G118/><T92/><D37/><U100/><E117/><V41/><F134/><W88/><G133/><T11/><D104/><U96/><E112/><V12/><F89/><W95/><G110/><T80/><D80/><U22/><E130/><N who="0" m="49673" /><D92/><U55/><E8/><V90/><F90/><W65/><G32/><T44/><D101/><U58/><E58/><V64/><F107/><W66/><G39/><T111/><D44/><U60/><AGARI ba="1,0" hai="13,18,22,28,29,47,48,52,55,57,60,96,100,105" machi="60" ten="20,2700,0" yaku="0,1,7,1,54,1" doraHai="23" who="1" fromWho="1" sc="189,-8,268,30,270,-8,273,-14" owari="181,-31.9,298,39.8,262,6.2,259,-14.1" /></mjloggm>