<mjloggm ver="2.3"><GO type="225" lobby="0"/><UN n0="%E3%81%AF%E3%82%88%E3%81%8A%E3%81%98%E3%81%95%E3%82%93" n1="%E7%89%B9%E6%9D%B1%E3%81%AF%E4%B8%96%E7%95%8C%E3%82%92%E6%95%91%E3%81%86" n2="%E3%81%BE%E3%81%8B%E3%81%B7%E3%82%93" n3="%E5%A4%8F%E9%88%B4%E9%88%B4%E5%A4%8F" dan="17,16,16,16" rate="2152.28,2190.81,2085.78,2124.33" sx="M,M,M,F"/><TAIKYOKU oya="0"/><INIT seed="0,0,0,1,4,6" ten="250,250,250,250" oya="0" hai0="108,89,127,72,110,94,26,68,23,111,24,2,43" hai1="82,61,84,102,129,47,122,134,104,95,107,35,49" hai2="98,37,57,18,80,45,115,86,30,70,28,1,38" hai3="65,75,3,99,77,109,34,27,20,9,4,17,100"/><T92/><D127/><U105/><E122/><V66/><F115/><W133/><G109/><T63/><D2/><U60/><E35/><V88/><F70/><W56/><G133/><T78/><D43/><U96/><E129/><V58/><F1/><W125/><G125/><T130/><D130/><U76/><REACH who="1" step="1"/><E134/><REACH who="1" ten="250,240,250,250" step="2"/><V126/><F126/><W13/><G34/><T117/><D117/><U31/><E31/><V128/><F128/><W52/><G65/><N who="0" m="41023" /><D26/><U83/><E83/><V119/><F30/><W120/><G120/><T135/><D135/><U114/><E114/><V69/><F28/><W81/><G3/><T59/><D110/><U15/><E15/><V132/><F66/><W79/><G81/><T10/><D24/><U103/><E103/><V74/><F80/><W67/><G67/><T53/><D108/><U118/><E118/><V14/><F119/><W90/><G75/><T121/><D72/><U11/><E11/><V5/><F14/><W39/><G39/><T123/><D10/><U71/><E71/><V42/><F69/><W12/><G13/><T21/><D111/><U29/><E29/><V36/><F74/><W55/><G100/><T116/><D116/><U46/><E46/><V85/><F132/><W124/><G124/><T41/><D123/><U91/><E91/><V101/><F38/><W8/><G9/><T97/><D121/><U19/><E19/><V106/><F37/><W0/><G0/><T22/><D89/><U64/><E64/><V50/><F36/><W73/><G73/><T40/><D21/><U44/><E44/><V87/><F45/><RYUUKYOKU ba="0,1" sc="250,-10,240,30,250,-10,250,-10" hai1="47,49,60,61,76,82,84,95,96,102,104,105,107" /><INIT seed="1,1,1,1,1,106" ten="240,270,240,240" oya="1" hai0="24,1,11,3,10,127,93,113,70,14,105,111,38" hai1="40,55,94,116,109,23,95,4,22,92,28,32,33" hai2="17,62,118,103,13,79,58,27,29,83,20,61,35" hai3="9,90,45,12,56,41,129,130,71,132,126,86,120"/><U122/><E116/><V74/><F118/><W39/><G120/><T96/><D113/><U48/><E122/><V76/><F103/><W75/><G71/><T73/><D70/><U124/><E40/><V135/><F135/><W99/><G126/><T44/><D105/><U26/><E124/><V25/><F79/><W101/><G132/><T59/><D127/><U16/><E4/><V102/><F102/><W87/><G75/><T107/><D73/><U89/><E109/><V57/><F57/><W21/><G21/><T53/><D107/><U77/><E77/><V82/><F82/><W68/><G68/><T63/><D111/><U98/><E33/><V81/><F81/><W0/><G0/><T119/><D119/><U110/><E32/><V125/><F125/><W31/><G31/><T51/><D24/><U54/><E54/><V50/><REACH who="2" step="1"/><F27/><REACH who="2" ten="240,270,230,240" step="2"/><W7/><G101/><T65/><D93/><U97/><E110/><V131/><F131/><N who="3" m="50187" /><G56/><T128/><D59/><N who="1" m="33255" /><E97/><V49/><F49/><W60/><G60/><T91/><D51/><U100/><E100/><V52/><AGARI ba="1,2" hai="13,17,20,25,29,35,50,52,58,61,62,74,76,83" machi="52" ten="30,8000,1" yaku="1,1,0,1,52,1,54,1,53,1" doraHai="106" doraHaiUra="19" who="2" fromWho="2" sc="240,-21,270,-41,230,103,240,-21" /><INIT seed="2,0,0,1,5,50" ten="219,229,333,219" oya="2" hai0="85,100,31,76,21,15,105,106,24,5,108,72,7" hai1="98,14,86,10,123,34,97,135,59,94,116,79,99" hai2="96,66,8,87,36,9,39,54,47,115,22,118,43" hai3="81,128,51,57,40,32,91,27,55,129,29,125,84"/><V65/><F118/><W75/><G125/><T53/><D72/><U64/><E116/><V63/><F115/><W45/><REACH who="3" step="1"/><G75/><REACH who="3" ten="219,229,333,209" step="2"/><T12/><D108/><U132/><E132/><V23/><F39/><AGARI ba="0,1" hai="27,29,32,39,40,45,51,55,57,81,84,91,128,129" machi="39" ten="40,5200,0" yaku="1,1,2,1,52,1,53,0" doraHai="50" doraHaiUra="122" who="3" fromWho="2" sc="219,0,229,0,333,-52,209,62" /><INIT seed="3,0,0,3,3,125" ten="219,229,281,271" oya="3" hai0="128,116,81,16,58,83,15,77,30,13,123,52,73" hai1="89,91,7,61,75,97,23,21,111,44,95,29,38" hai2="94,56,113,104,24,25,110,99,90,19,39,121,36" hai3="10,34,96,65,42,49,84,85,62,76,31,79,9"/><W20/><G34/><T35/><D116/><U2/><E75/><V101/><F113/><W109/><G109/><T32/><D123/><U82/><E111/><V27/><F110/><W6/><G49/><T14/><D128/><U51/><E38/><V74/><F121/><W93/><G42/><T55/><D81/><U40/><E29/><V88/><F74/><W78/><G20/><T106/><D106/><U3/><E3/><V131/><F131/><W112/><G31/><T70/><D70/><U43/><E43/><V127/><F127/><W126/><G126/><T37/><D37/><U26/><E26/><V114/><F114/><W18/><G18/><T132/><D132/><U12/><E2/><V48/><F19/><W100/><G112/><T133/><D133/><U54/><E61/><V57/><F90/><W135/><G135/><T105/><D105/><U86/><REACH who="1" step="1"/><E40/><REACH who="1" ten="219,219,281,271" step="2"/><V8/><F39/><W117/><G117/><T5/><D5/><U129/><E129/><V71/><F36/><W134/><G134/><T124/><D124/><U80/><E80/><V60/><F60/><W66/><G62/><N who="0" m="36167" /><D55/><U28/><E28/><V53/><F27/><W46/><G6/><T33/><D30/><U107/><E107/><V0/><F25/><W103/><G65/><T119/><D119/><U69/><E69/><V87/><F71/><W59/><G66/><T47/><D47/><U108/><E108/><V92/><F24/><W50/><G46/><T41/><D41/><U122/><E122/><V115/><F115/><W72/><G59/><T64/><D64/><U45/><E45/><RYUUKYOKU ba="0,1" sc="219,15,219,15,281,-15,271,-15" hai0="13,14,15,16,32,33,35,73,77,83" hai1="7,12,21,23,44,51,54,82,86,89,91,95,97" /><INIT seed="4,1,1,0,5,92" ten="234,234,266,256" oya="0" hai0="68,42,80,131,46,0,59,49,116,124,67,99,7" hai1="64,65,29,78,103,122,58,115,85,91,125,53,41" hai2="34,129,112,26,32,108,21,135,82,2,30,113,120" hai3="39,14,77,100,76,51,93,73,28,81,48,66,104"/><T55/><D116/><U101/><E122/><V84/><F108/><W75/><G39/><T83/><D124/><U74/><E125/><V111/><F111/><W60/><G28/><T19/><D131/><U61/><E115/><N who="2" m="44107" /><F120/><W105/><G14/><T86/><D19/><U3/><E3/><V79/><F2/><W12/><G12/><T126/><D126/><U88/><E41/><V130/><F135/><W71/><G93/><T109/><D109/><U25/><E74/><V118/><F118/><W87/><G87/><T40/><D68/><U50/><E78/><V97/><F97/><W106/><G100/><T133/><D133/><U18/><E18/><V56/><F56/><W98/><REACH who="3" step="1"/><G98/><REACH who="3" ten="234,234,266,246" step="2"/><T31/><D31/><U38/><E38/><V57/><F57/><W47/><G47/><T43/><D99/><U134/><E134/><V8/><F8/><W33/><G33/><AGARI ba="1,2" hai="21,26,30,32,33,34,79,82,84,129,130" m="44107" machi="33" ten="30,1000,0" yaku="15,1" doraHai="92" who="2" fromWho="3" sc="234,0,234,0,266,33,246,-13" /><INIT seed="5,0,0,3,4,68" ten="234,234,299,233" oya="1" hai0="129,28,116,62,112,31,91,37,8,126,67,9,33" hai1="101,99,133,59,41,51,18,96,23,48,13,47,94" hai2="122,20,57,78,38,89,111,45,16,65,113,39,30" hai3="52,102,12,114,115,117,53,14,79,36,75,118,127"/><U49/><E133/><V29/><F111/><W92/><G36/><T103/><D116/><N who="3" m="44649" /><G127/><T76/><D37/><U3/><E3/><V60/><F122/><W77/><G92/><T71/><D126/><U134/><E134/><V69/><F113/><N who="3" m="43019" /><G102/><T64/><D103/><U61/><REACH who="1" step="1"/><E99/><REACH who="1" ten="234,224,299,233" step="2"/><V90/><F30/><W123/><G123/><T128/><D31/><U63/><E63/><V1/><F29/><W66/><G66/><AGARI ba="0,1" hai="13,18,23,41,47,48,49,51,59,61,66,94,96,101" machi="66" ten="30,5800,0" yaku="1,1,7,1,8,1,53,0" doraHai="68" doraHaiUra="74" who="1" fromWho="3" sc="234,0,224,68,299,0,233,-58" /><INIT seed="5,1,0,3,1,40" ten="234,292,299,175" oya="1" hai0="103,19,92,32,34,69,6,128,35,23,117,18,85" hai1="2,51,127,130,8,121,112,109,33,87,65,100,90" hai2="116,57,17,37,99,79,134,74,98,22,59,46,131" hai3="39,75,95,86,67,125,129,77,76,93,1,94,38"/><U97/><E121/><V88/><F116/><W29/><G29/><T119/><D69/><U73/><E73/><V50/><F37/><N who="3" m="13835" /><G86/><T15/><D128/><U44/><E33/><V54/><F131/><W36/><N who="3" m="13843" /><W5/><DORA hai="30" /><G129/><T113/><D113/><U78/><E78/><N who="3" m="30314" /><G75/><T96/><D6/><N who="1" m="1111" /><E65/><V48/><F134/><W123/><G67/><T60/><D60/><U72/><E72/><V58/><F74/><W12/><G12/><T80/><REACH who="0" step="1"/><D19/><REACH who="0" ten="224,292,299,175" step="2"/><U45/><E130/><V9/><F79/><AGARI ba="1,1" hai="15,18,23,32,34,35,79,80,85,92,96,103,117,119" machi="79" ten="40,8000,1" yaku="1,1,2,1,52,3,53,0" doraHai="40,30" doraHaiUra="63,68" who="0" fromWho="2" sc="224,93,292,0,299,-83,175,0" owari="317,41.7,292,9.2,216,-18.4,175,-32.5" /></mjloggm>