<mjloggm ver="2.3"><GO type="225" lobby="0"/><UN n0="%64%65%62" n1="%70%68%65%6E%6F%6D%65" n2="%E5%B0%8F%E9%B3%A5%E9%81%8A%E7%B7%B4%E7%84%A1%32%31%E6%AD%B3" n3="%E3%81%BF%E3%81%BF%E3%81%9A" dan="16,16,16,18" rate="2062.32,2166.93,2205.24,2215.64" sx="M,M,F,M"/><TAIKYOKU oya="0"/><INIT seed="0,0,0,3,1,14" ten="250,250,250,250" oya="0" hai0="12,36,79,19,121,50,129,11,54,106,2,70,60" hai1="114,125,133,110,8,61,100,25,98,128,76,3,64" hai2="83,134,7,130,80,40,18,75,111,105,49,71,0" hai3="42,108,89,15,78,4,96,56,47,132,37,27,41"/><T126/><D121/><U97/><E110/><V99/><F111/><W93/><G108/><T115/><D115/><U39/><E39/><V62/><F18/><W124/><G124/><T28/><D126/><U135/><E125/><V16/><F130/><W112/><G112/><T32/><D36/><U55/><E128/><V113/><F75/><W45/><G132/><N who="1" m="50762" /><E114/><V90/><F113/><W118/><G78/><T91/><D106/><U17/><E76/><V23/><F134/><W117/><G27/><T6/><D79/><U85/><E85/><V127/><F127/><W73/><G73/><T101/><D101/><U5/><E55/><V22/><F22/><W72/><G72/><T119/><D119/><U122/><E100/><V69/><F69/><W10/><REACH who="3" step="1"/><G56/><REACH who="3" ten="250,250,250,240" step="2"/><T9/><D129/><U38/><E122/><V13/><F71/><W123/><G123/><T44/><D32/><U52/><E38/><AGARI ba="0,1" hai="4,10,15,37,38,41,42,45,47,89,93,96,117,118" machi="38" ten="30,3900,0" yaku="1,1,7,1,9,1,53,0" doraHai="14" doraHaiUra="82" who="3" fromWho="1" sc="250,0,250,-39,250,0,240,49" /><INIT seed="1,0,0,3,1,53" ten="250,211,250,289" oya="1" hai0="120,19,33,88,28,22,84,11,121,59,100,26,31" hai1="55,3,34,66,81,74,14,57,98,50,83,29,25" hai2="52,89,128,39,62,38,5,105,7,129,40,107,35" hai3="51,75,102,118,10,21,9,64,106,114,108,76,13"/><U0/><E66/><V78/><F35/><W60/><G114/><T110/><D110/><U91/><E14/><V85/><F78/><W48/><G108/><T42/><D100/><U16/><E16/><V103/><F103/><W95/><G106/><N who="2" m="40457" /><F40/><W82/><G118/><T37/><D11/><U49/><E50/><V71/><F71/><W123/><G123/><N who="0" m="47179" /><D37/><N who="2" m="13834" /><F89/><W30/><G9/><T41/><D59/><U27/><E27/><V46/><F85/><W20/><G102/><T111/><D111/><U8/><E74/><V117/><F117/><W93/><G48/><T87/><D87/><U115/><E115/><V80/><F80/><W61/><G51/><T130/><D130/><N who="2" m="50282" /><F46/><W69/><G61/><T56/><D56/><AGARI ba="0,0" hai="5,7,52,56,62" m="50282,13834,40457" machi="56" ten="40,5200,0" yaku="19,1,52,1,54,1" doraHai="53" who="2" fromWho="0" sc="250,-52,211,0,250,52,289,0" /><INIT seed="2,0,0,0,5,63" ten="198,211,302,289" oya="2" hai0="97,49,130,89,38,79,117,110,123,20,124,19,134" hai1="111,33,0,56,24,3,128,40,17,127,52,126,8" hai2="4,18,108,60,10,37,76,48,129,75,14,67,23" hai3="87,101,80,46,93,103,113,22,34,90,82,73,16"/><V104/><F104/><W125/><G34/><T85/><D123/><U5/><E111/><V95/><F37/><W32/><G32/><T7/><D38/><U55/><E128/><V69/><F129/><W44/><G125/><N who="1" m="47626" /><E40/><V81/><F95/><W107/><G113/><T92/><D130/><U25/><E3/><V2/><REACH who="2" step="1"/><F48/><REACH who="2" ten="198,211,292,289" step="2"/><W51/><G107/><T84/><D49/><U102/><E102/><N who="3" m="38922" /><G73/><T99/><D124/><U9/><E33/><V100/><F100/><W131/><G131/><T70/><D110/><AGARI ba="0,1" hai="2,4,10,14,18,23,60,67,69,75,76,81,108,110" machi="110" ten="40,3900,0" yaku="1,1,52,1,53,0" doraHai="63" doraHaiUra="42" who="2" fromWho="0" sc="198,-39,211,0,292,49,289,0" /><INIT seed="2,1,0,2,2,122" ten="159,211,341,289" oya="2" hai0="17,31,28,125,103,93,63,34,73,37,6,36,88" hai1="30,22,127,130,4,123,47,32,102,43,10,134,98" hai2="101,5,14,21,46,119,26,70,117,105,66,40,75" hai3="129,85,92,60,106,69,50,39,9,13,42,87,104"/><V120/><F75/><W115/><G39/><T96/><D125/><U76/><E127/><V82/><F120/><W58/><G129/><T41/><D73/><U74/><E130/><V79/><F66/><W65/><G115/><T45/><D6/><U118/><E22/><V64/><F64/><W29/><G29/><T113/><D113/><U1/><E123/><V48/><F70/><W12/><G12/><T23/><D37/><N who="1" m="21999" /><E118/><V89/><F89/><W71/><G71/><T112/><D112/><U18/><E18/><V128/><F128/><W20/><G20/><T72/><D72/><U84/><E84/><N who="2" m="48223" /><F101/><W97/><G104/><T99/><D63/><U86/><E86/><V109/><F105/><W38/><G106/><T111/><D34/><U83/><E134/><V52/><F117/><W107/><G107/><T25/><D103/><U77/><E77/><V2/><F119/><W135/><G38/><T0/><D0/><U35/><E30/><V126/><F2/><W68/><G68/><T67/><D67/><U56/><E56/><V100/><F100/><N who="3" m="60455" /><G135/><T57/><D99/><U3/><E3/><V15/><F126/><W24/><G24/><T27/><D31/><U90/><E102/><V53/><F26/><W54/><G42/><T116/><D116/><U44/><E98/><V114/><F114/><W91/><G91/><T33/><REACH who="0" step="1"/><D57/><REACH who="0" ten="149,211,341,289" step="2"/><U94/><E35/><V108/><F5/><N who="3" m="3247" /><G87/><T19/><D19/><U78/><E32/><V59/><F59/><W61/><G85/><T51/><D51/><U8/><E74/><V95/><F48/><W7/><G50/><RYUUKYOKU ba="1,1" sc="149,15,211,-15,341,-15,289,15" hai0="17,23,25,27,28,33,36,41,45,88,93,96,111" hai3="7,54,58,60,61,65,69" /><INIT seed="3,2,1,0,3,118" ten="164,196,326,304" oya="3" hai0="19,106,28,133,111,93,40,92,2,8,58,31,23" hai1="14,135,7,83,49,91,30,126,37,52,59,130,3" hai2="24,32,114,127,76,73,5,90,53,107,65,63,79" hai3="16,54,70,45,74,132,57,75,15,105,44,81,13"/><W50/><G105/><T1/><D106/><U22/><E37/><V97/><F114/><W20/><G132/><T72/><D72/><U125/><E135/><V124/><F53/><W71/><G71/><T34/><D133/><U68/><E68/><N who="2" m="42047" /><F5/><W27/><G70/><T89/><D111/><U25/><E130/><V69/><F69/><W104/><G104/><T121/><D121/><U35/><E3/><V62/><F62/><W36/><G74/><T17/><D40/><U123/><E123/><V112/><F112/><W129/><G129/><T116/><D116/><U119/><E119/><V101/><F90/><W46/><REACH who="3" step="1"/><G36/><REACH who="3" ten="164,196,326,294" step="2"/><T66/><D34/><U47/><E35/><V64/><F73/><W109/><G109/><T88/><D66/><U61/><E125/><N who="2" m="48203" /><F64/><W43/><G43/><T9/><D23/><U115/><E115/><V10/><F10/><W102/><G102/><T131/><D131/><U120/><E120/><V67/><F67/><W77/><AGARI ba="2,2" hai="13,15,16,20,27,44,45,46,50,54,57,75,77,81" machi="77" ten="30,6000,0" yaku="1,1,0,1,54,1,53,0" doraHai="118" doraHaiUra="56" who="3" fromWho="3" sc="164,-22,196,-22,326,-22,294,86" owari="142,-35.8,174,-22.6,304,10.4,380,48.0" /></mjloggm>