<mjloggm ver="2.3"><GO type="225" lobby="0"/><UN n0="%6D%61%74%69%67%75%73%61" n1="%E9%A6%AC%E5%BC%95%E7%81%AB%33" n2="%E3%82%8F%E3%81%8B%E3%81%B0%2A%E3%82%AC%E3%83%BC%E3%83%AB" n3="%E8%A8%88%E7%AE%97%E6%A9%9F%E8%87%AA%E7%84%B6" dan="17,16,16,17" rate="2103.85,2077.61,2102.08,2137.44" sx="M,M,M,M"/><TAIKYOKU oya="0"/><INIT seed="0,0,0,3,4,33" ten="250,250,250,250" oya="0" hai0="42,19,120,82,93,20,98,65,84,100,7,115,39" hai1="47,1,104,86,62,52,101,22,80,122,99,36,25" hai2="114,27,53,128,92,96,95,21,106,50,13,58,49" hai3="28,46,135,116,75,83,64,51,97,81,5,37,127"/><T118/><D115/><U87/><E122/><V70/><F114/><W54/><G116/><T88/><D120/><U35/><E35/><V131/><F70/><W8/><G127/><T63/><D118/><U18/><E1/><V112/><F112/><W41/><G135/><T130/><D130/><N who="2" m="49706" /><F13/><W111/><G28/><T34/><D34/><U126/><E126/><V73/><F73/><W117/><G111/><T55/><D55/><U16/><E18/><N who="2" m="12727" /><F50/><W2/><G75/><T4/><D42/><U71/><E36/><V102/><AGARI ba="0,0" hai="49,53,58,92,95,96,102,106" m="12727,49706" machi="102" ten="30,1100,0" yaku="19,1" doraHai="33" who="2" fromWho="2" sc="250,-5,250,-3,250,11,250,-3" /><INIT seed="1,0,0,4,4,106" ten="245,247,261,247" oya="1" hai0="135,1,61,67,49,46,48,8,30,0,60,70,122" hai1="117,102,57,133,9,120,125,73,59,116,76,100,134" hai2="68,78,104,131,16,82,91,64,7,37,42,75,103" hai3="41,31,43,115,21,79,87,96,2,53,112,27,44"/><U123/><E9/><V99/><F131/><W23/><G2/><T107/><D107/><U20/><E20/><V77/><F77/><W80/><G41/><T36/><D135/><N who="1" m="51723" /><E125/><V63/><F7/><W51/><G96/><T89/><D122/><N who="1" m="46635" /><E59/><V113/><F91/><W71/><G71/><T33/><D8/><U90/><E57/><V65/><F65/><W97/><G97/><T55/><D67/><U132/><E90/><V4/><F4/><W12/><G21/><T10/><D89/><U124/><E124/><V35/><F16/><W26/><G27/><T13/><D10/><U69/><E69/><V47/><F113/><W34/><G23/><T101/><D70/><U85/><E85/><V14/><REACH who="2" step="1"/><F14/><REACH who="2" ten="245,247,251,247" step="2"/><W52/><G12/><T28/><D13/><U11/><E11/><V111/><F111/><W92/><G115/><T84/><D1/><U119/><E132/><V94/><F94/><W108/><G92/><T114/><D0/><U128/><E128/><V130/><F130/><W83/><G112/><T109/><D114/><U72/><E76/><V24/><F24/><W126/><G108/><T88/><D109/><U56/><E56/><V6/><F6/><W110/><G110/><T58/><D58/><U5/><E5/><V121/><F121/><W29/><G126/><T19/><D19/><U54/><E54/><N who="3" m="21098" /><G79/><T93/><D88/><U3/><E3/><V17/><F17/><W40/><G26/><T38/><D55/><U118/><E118/><V39/><F39/><W50/><G51/><T95/><D36/><U105/><E105/><V15/><F15/><RYUUKYOKU ba="0,1" sc="245,-15,247,15,251,15,247,-15" hai1="72,73,100,102,116,117,119" hai2="35,37,42,47,63,64,68,75,78,82,99,103,104" /><INIT seed="1,1,1,2,0,4" ten="230,262,266,232" oya="1" hai0="78,2,13,6,63,112,59,126,90,19,67,52,17" hai1="34,68,31,102,11,119,73,22,10,3,14,24,18" hai2="122,49,28,41,124,16,27,38,55,81,91,104,118" hai3="99,54,86,60,69,36,46,133,111,57,70,77,128"/><U75/><E119/><V74/><F118/><W110/><G99/><T131/><D112/><U103/><E68/><N who="3" m="26218" /><G86/><T82/><D131/><U115/><E115/><V101/><F122/><W107/><G77/><T61/><D126/><U33/><E33/><V26/><F124/><W9/><G9/><N who="0" m="4279" /><D2/><U72/><REACH who="1" step="1"/><E3/><REACH who="1" ten="230,252,266,232" step="2"/><V89/><F104/><W8/><G107/><T85/><D78/><U121/><E121/><V120/><F120/><W98/><G128/><T84/><D85/><U29/><E29/><V100/><F28/><W1/><G1/><T50/><D67/><U7/><E7/><V0/><F0/><W62/><G111/><T132/><D132/><U83/><E83/><V44/><F81/><W32/><G32/><T88/><D90/><U106/><E106/><V47/><F74/><W109/><G133/><T15/><D17/><U71/><E71/><V21/><F89/><W35/><G35/><T96/><D96/><U127/><E127/><V5/><F5/><W39/><G98/><T129/><D129/><U43/><E43/><V105/><F105/><W58/><G110/><T93/><D82/><U135/><E135/><V117/><F117/><W134/><G109/><T79/><D79/><U108/><E108/><V40/><F91/><W23/><G134/><T76/><D76/><U30/><E30/><V80/><F80/><W56/><G36/><T25/><D25/><U65/><E65/><V12/><REACH who="2" step="1"/><F40/><REACH who="2" ten="230,252,256,232" step="2"/><W113/><G113/><T51/><D88/><U45/><E45/><V48/><F48/><N who="3" m="30791" /><G46/><T87/><D50/><U20/><E20/><V95/><F95/><RYUUKYOKU ba="1,3" sc="230,-15,252,15,256,15,232,-15" hai1="10,11,14,18,22,24,31,34,72,73,75,102,103" hai2="12,16,21,26,27,38,41,44,47,49,55,100,101" /><INIT seed="1,2,3,5,5,11" ten="215,267,271,217" oya="1" hai0="134,91,49,118,14,57,37,125,62,30,61,26,67" hai1="25,114,92,1,124,87,132,18,109,66,58,59,79" hai2="34,53,110,89,60,116,71,115,127,8,74,108,93" hai3="7,51,94,81,84,76,24,122,41,131,20,6,52"/><U40/><E114/><V70/><F115/><W63/><G131/><T10/><D118/><U47/><E1/><V54/><F116/><W12/><G122/><T83/><D37/><U102/><E124/><V17/><F127/><W29/><G41/><T72/><D125/><U19/><E132/><V129/><F129/><W44/><G63/><T105/><D105/><U128/><E128/><V9/><F34/><W90/><REACH who="3" step="1"/><G12/><REACH who="3" ten="215,267,271,207" step="2"/><T98/><D61/><U103/><E40/><V15/><F60/><W120/><G120/><T123/><D123/><U75/><E109/><V77/><F108/><W43/><G43/><T85/><D134/><U111/><E111/><V104/><F110/><W28/><G28/><T95/><D49/><U2/><E2/><V42/><F42/><W96/><AGARI ba="2,4" hai="6,7,20,24,29,44,51,52,76,81,84,90,94,96" machi="96" ten="20,12000,2" yaku="1,1,0,1,7,1,8,1,54,1,53,1" doraHai="11" doraHaiUra="73" who="3" fromWho="3" sc="215,-32,267,-62,271,-32,207,166" /><INIT seed="2,0,0,4,0,102" ten="183,205,239,373" oya="2" hai0="12,32,19,56,88,92,69,40,121,53,1,49,16" hai1="127,106,30,90,47,33,80,3,57,6,131,4,107" hai2="43,98,117,5,62,124,108,83,89,91,118,10,103" hai3="78,63,132,111,76,9,27,84,116,15,34,31,7"/><V87/><F124/><W126/><G116/><T38/><D121/><U66/><E47/><V101/><F43/><W64/><G126/><T48/><D1/><U0/><E127/><V135/><F135/><W51/><G132/><T37/><D69/><U13/><E13/><V68/><F108/><W105/><G105/><N who="1" m="39946" /><E57/><V45/><F45/><W100/><G100/><T14/><D32/><U52/><E33/><V67/><F91/><W20/><G111/><T54/><D40/><U86/><E30/><V59/><F68/><W60/><G84/><T44/><D12/><U109/><E66/><V75/><F75/><W28/><G28/><T122/><D122/><U93/><E109/><V77/><F117/><W39/><G60/><T29/><D29/><U23/><E23/><V11/><F118/><W71/><G39/><T130/><D130/><U104/><E104/><V17/><F17/><N who="3" m="10303" /><G51/><T99/><REACH who="0" step="1"/><D19/><REACH who="0" ten="173,205,239,373" step="2"/><U129/><E0/><AGARI ba="0,1" hai="0,7,9,27,31,34,63,64,71,76,78" m="10303" machi="0" ten="30,1000,0" yaku="24,1" doraHai="102" who="3" fromWho="1" sc="173,0,205,-10,239,0,373,20" /><INIT seed="3,0,0,4,5,12" ten="173,195,239,393" oya="3" hai0="118,64,0,123,1,114,99,107,40,30,55,56,3" hai1="111,78,87,134,48,127,92,83,31,53,101,89,24" hai2="36,6,66,50,59,109,9,86,58,112,62,91,4" hai3="10,34,20,76,135,110,46,94,79,95,75,126,90"/><W29/><G34/><T15/><D118/><U68/><E68/><V98/><F112/><W43/><G75/><T21/><D114/><U130/><E111/><V93/><F36/><W74/><G74/><T39/><D123/><U26/><E127/><V49/><F109/><W42/><G95/><T129/><D129/><U132/><E130/><V13/><F4/><W41/><G46/><T108/><D108/><U17/><E101/><N who="2" m="60623" /><F58/><W97/><G42/><T103/><D64/><U35/><E26/><V72/><F72/><W120/><G41/><T69/><D69/><U57/><REACH who="1" step="1"/><E17/><REACH who="1" ten="173,185,239,393" step="2"/><V14/><F14/><W25/><G25/><T61/><D30/><U77/><E77/><V100/><F100/><W23/><G76/><T128/><D128/><U44/><E44/><V121/><F121/><W54/><G79/><T11/><D0/><U45/><E45/><V119/><F119/><W88/><G110/><T117/><D117/><U22/><E22/><V60/><F60/><W33/><G20/><T84/><D21/><U28/><E28/><V63/><F62/><W81/><G29/><T131/><D131/><U73/><AGARI ba="0,1" hai="24,31,35,48,53,57,73,78,83,87,89,92,132,134" machi="73" ten="30,2000,0" yaku="1,1,0,1,53,0" doraHai="12" doraHaiUra="71" who="1" fromWho="1" sc="173,-5,185,30,239,-5,393,-10" owari="168,-33.2,215,-18.5,234,3.4,383,48.3" /></mjloggm>