<mjloggm ver="2.3"><GO type="225" lobby="0"/><UN n0="%E3%83%96%E3%83%83%E3%83%91%E3%82%AA%E3%83%96%E3%83%81%E3%82%AD%E3%83%B3" n1="%E5%91%A8%E6%9D%B1" n2="%E3%81%AF%E3%82%88%E3%81%8A%E3%81%98%E3%81%95%E3%82%93" n3="%E6%81%A5%E6%99%92%E3%81%97" dan="16,17,17,16" rate="2144.66,2145.53,2128.13,2125.23" sx="M,M,M,M"/><TAIKYOKU oya="0"/><INIT seed="0,0,0,1,4,110" ten="250,250,250,250" oya="0" hai0="119,101,74,52,105,15,47,6,55,125,90,92,114" hai1="38,79,40,115,106,31,93,107,98,103,44,64,63" hai2="95,2,73,29,57,130,1,109,82,120,91,13,66" hai3="36,34,27,126,26,123,102,117,89,22,131,69,124"/><T71/><D119/><U65/><E79/><V62/><F120/><W81/><G117/><T128/><D71/><U112/><E31/><V70/><F109/><W122/><G69/><T7/><D74/><U25/><E25/><V3/><F130/><W46/><G131/><T43/><D128/><U111/><E111/><V127/><F127/><N who="3" m="48683" /><G102/><T32/><D114/><N who="1" m="43563" /><E65/><V118/><F118/><W135/><G135/><T87/><D32/><U49/><E38/><V11/><F29/><N who="3" m="19767" /><G46/><T41/><D125/><U17/><E17/><V48/><F73/><W108/><G36/><T80/><D7/><U30/><E30/><V45/><F82/><W8/><G108/><T53/><D105/><U5/><E5/><V97/><F70/><AGARI ba="0,0" hai="40,44,49,63,64,70,93,98,103,106,107" m="43563" machi="70" ten="30,7700,0" yaku="11,1,52,3" doraHai="110" who="1" fromWho="2" sc="250,0,250,77,250,-77,250,0" /><INIT seed="1,0,0,2,3,81" ten="250,327,173,250" oya="1" hai0="60,63,69,47,79,41,132,59,57,7,38,105,73" hai1="75,78,27,55,93,133,66,32,2,76,18,77,85" hai2="70,100,15,6,31,119,20,61,92,111,109,117,0" hai3="1,5,101,130,125,126,36,22,39,43,86,42,82"/><U103/><E2/><V13/><F100/><W12/><G1/><T135/><D105/><U88/><E133/><N who="0" m="51273" /><D7/><U19/><E75/><V108/><F92/><W120/><G120/><T102/><D102/><U45/><E66/><V28/><F61/><N who="0" m="23626" /><D69/><U64/><E64/><V121/><F70/><W67/><G67/><T65/><D65/><U80/><E32/><V97/><F97/><W106/><G106/><T128/><D128/><U53/><E27/><V112/><F121/><W96/><G130/><T33/><D33/><U17/><E45/><V71/><F71/><W50/><G101/><T26/><D26/><U123/><E123/><V58/><F58/><N who="0" m="22026" /><D79/><U68/><E68/><V115/><F0/><W29/><G29/><N who="2" m="11337" /><F6/><W94/><G5/><T25/><D25/><U40/><E40/><V9/><F20/><W49/><G42/><T46/><D73/><U54/><E103/><V134/><F134/><W72/><G72/><T127/><D47/><U4/><E4/><N who="2" m="3239" /><F15/><W99/><G12/><T110/><D127/><U113/><E113/><AGARI ba="0,0" hai="108,109,111,112,113,115,117,119" m="3239,11337" machi="113" ten="40,8000,1" yaku="14,1,11,1,34,2" doraHai="81" who="2" fromWho="1" sc="250,0,327,-80,173,80,250,0" /><INIT seed="2,0,0,4,3,46" ten="250,247,253,250" oya="2" hai0="58,108,73,70,85,90,80,25,125,37,49,27,74" hai1="26,19,60,98,88,15,20,118,107,119,13,129,76" hai2="89,130,93,134,131,128,109,5,110,29,51,122,34" hai3="10,121,22,111,92,95,132,24,14,16,35,50,52"/><V2/><F122/><W32/><G121/><T102/><D108/><N who="2" m="41578" /><F134/><W120/><G120/><T17/><D37/><U78/><E129/><V126/><F126/><W124/><G111/><T115/><D115/><U96/><E107/><V133/><F133/><W53/><G132/><T42/><D70/><U31/><E119/><V68/><F68/><W83/><G53/><N who="0" m="32047" /><D74/><U113/><E113/><V127/><F127/><W71/><G71/><T38/><D38/><U104/><E104/><V82/><F82/><W39/><G39/><T67/><D73/><U62/><E118/><V3/><F5/><N who="3" m="3407" /><G124/><T64/><D42/><U59/><E62/><V28/><F51/><W91/><G32/><T45/><D125/><U103/><E103/><V99/><F34/><W123/><G35/><T61/><D102/><U54/><E13/><V101/><F101/><W79/><G79/><T75/><D75/><U84/><E78/><V8/><F8/><W44/><G123/><T6/><D6/><U48/><E76/><V114/><F114/><W30/><G30/><AGARI ba="0,0" hai="2,3,28,29,30,89,93,99,128,130,131" m="41578" machi="30" ten="40,7700,0" yaku="19,1,14,1,10,1" doraHai="46" who="2" fromWho="3" sc="250,0,247,0,253,77,250,-77" /><INIT seed="2,1,0,0,4,78" ten="250,247,330,173" oya="2" hai0="4,79,27,62,60,89,127,51,48,98,42,35,86" hai1="23,129,44,28,87,57,69,115,9,58,112,19,91" hai2="46,88,81,90,119,6,24,123,16,11,55,80,82" hai3="43,68,116,126,76,95,134,117,104,39,110,26,31"/><V101/><F119/><W10/><G104/><T73/><D127/><U7/><E69/><V84/><F123/><W12/><G68/><T70/><D4/><U18/><E129/><V128/><F128/><W125/><G95/><N who="0" m="56687" /><D73/><U120/><E120/><V8/><F101/><W65/><G65/><T49/><D35/><U17/><E112/><V14/><F90/><W75/><G43/><T114/><D70/><U83/><E115/><V133/><F133/><W74/><G74/><T56/><D114/><U1/><REACH who="1" step="1"/><E44/><REACH who="1" ten="250,237,330,173" step="2"/><V92/><F46/><W105/><G116/><T131/><D131/><U118/><E118/><V106/><F106/><W77/><G105/><T124/><D124/><U33/><E33/><V96/><F55/><W0/><G117/><T72/><D42/><U130/><E130/><V41/><F41/><W97/><G125/><T111/><D111/><U93/><E93/><V53/><F53/><W2/><G110/><T20/><D56/><U132/><E132/><V36/><F36/><W13/><G39/><T22/><D72/><U15/><E15/><N who="2" m="7271" /><F24/><AGARI ba="1,1" hai="1,7,9,17,18,19,23,24,28,57,58,83,87,91" machi="24" ten="40,2600,0" yaku="1,1,52,1,53,0" doraHai="78" doraHaiUra="40" who="1" fromWho="2" sc="250,0,237,39,330,-29,173,0" /><INIT seed="3,0,0,0,3,125" ten="250,276,301,173" oya="3" hai0="93,82,103,77,62,41,127,101,9,55,86,51,47" hai1="30,23,61,63,20,83,89,95,64,80,40,2,108" hai2="128,78,1,126,105,24,28,36,25,107,57,35,113" hai3="21,12,50,72,131,34,42,110,58,102,90,22,74"/><W7/><G34/><T65/><D127/><U111/><E2/><V116/><F126/><W79/><G102/><T46/><D93/><U94/><E40/><V59/><F116/><W104/><G104/><T37/><REACH who="0" step="1"/><D9/><REACH who="0" ten="240,276,301,173" step="2"/><U53/><E95/><V123/><F105/><W43/><G110/><T115/><D115/><U98/><E111/><V121/><F113/><W114/><G114/><T15/><D15/><U27/><E108/><V5/><F107/><W3/><G3/><T109/><D109/><U133/><E133/><V87/><F1/><W88/><G7/><T112/><D112/><U32/><E32/><V69/><F35/><W70/><G12/><T33/><D33/><U11/><E11/><V67/><F5/><W49/><G70/><AGARI ba="0,1" hai="37,41,46,47,51,55,62,65,70,77,82,86,101,103" machi="70" ten="30,2000,0" yaku="1,1,7,1,53,0" doraHai="125" doraHaiUra="8" who="0" fromWho="3" sc="240,30,276,0,301,0,173,-20" owari="270,-13.0,276,7.6,301,40.1,153,-34.7" /></mjloggm>