<mjloggm ver="2.3"><GO type="225" lobby="0"/><UN n0="%E3%81%BF%E3%81%BF%E3%81%9A" n1="%E6%A1%9C%E8%8A%B1%E9%96%83%E3%80%85" n2="%E3%83%96%E3%83%83%E3%83%91%E3%82%AA%E3%83%96%E3%83%81%E3%82%AD%E3%83%B3" n3="%33%74%72%65%65" dan="17,16,16,17" rate="2228.39,2131.77,2159.73,2205.61" sx="M,M,M,F"/><TAIKYOKU oya="0"/><INIT seed="0,0,0,4,5,55" ten="250,250,250,250" oya="0" hai0="112,104,132,34,25,41,49,129,71,84,46,90,83" hai1="6,27,82,116,98,30,1,11,29,122,8,67,12" hai2="20,17,73,58,133,60,47,85,108,7,26,121,81" hai3="93,38,103,23,109,77,70,61,57,76,52,43,63"/><T69/><D112/><U18/><E116/><V56/><F121/><W89/><G109/><T114/><D114/><U9/><E122/><V59/><F108/><W37/><G103/><T111/><D111/><U75/><E67/><V92/><F133/><W131/><G131/><T117/><D104/><U87/><E75/><V86/><F73/><W2/><G2/><T36/><D117/><U32/><E98/><V124/><F124/><W79/><G43/><T72/><D129/><U68/><E68/><V126/><F126/><W95/><G95/><T123/><D123/><U127/><E127/><V88/><F47/><W53/><G23/><T19/><D132/><U105/><E105/><V102/><F7/><W35/><G35/><T62/><D72/><U107/><E107/><V91/><REACH who="2" step="1"/><F102/><REACH who="2" ten="250,250,240,250" step="2"/><W4/><G4/><T45/><D45/><U110/><E110/><V100/><F100/><W64/><REACH who="3" step="1"/><G53/><AGARI ba="0,1" hai="17,20,26,53,56,58,59,60,81,85,86,88,91,92" machi="53" ten="30,12000,2" yaku="1,1,7,1,8,1,52,3,54,1,53,0" doraHai="55" doraHaiUra="3" who="2" fromWho="3" sc="250,0,250,0,240,130,250,-120" /><INIT seed="1,0,0,0,0,71" ten="250,250,370,130" oya="1" hai0="96,122,37,111,60,10,110,130,13,8,86,30,14" hai1="39,25,36,135,83,1,4,41,112,79,72,132,5" hai2="121,24,44,82,64,45,118,27,59,67,76,95,94" hai3="133,68,20,101,80,34,92,114,56,51,113,57,9"/><U47/><E112/><V98/><F118/><W89/><G34/><T106/><D130/><U108/><E108/><N who="0" m="41513" /><D122/><U50/><E25/><N who="2" m="9803" /><F121/><W100/><G68/><T62/><D30/><U116/><E116/><V35/><F35/><W81/><G133/><N who="1" m="51274" /><E1/><V77/><F95/><W93/><G9/><N who="0" m="3691" /><D86/><U38/><AGARI ba="0,0" hai="4,5,36,38,39,41,47,50,72,79,83" m="51274" machi="38" ten="40,12000,1" yaku="20,1,52,3" doraHai="71" who="1" fromWho="1" sc="250,-40,250,120,370,-40,130,-40" /><INIT seed="1,1,0,0,0,98" ten="210,370,330,90" oya="1" hai0="15,23,86,110,117,53,63,101,91,40,87,105,61" hai1="99,52,62,26,83,54,68,118,55,44,64,128,125" hai2="80,34,94,19,88,7,115,41,9,4,109,103,57" hai3="20,122,0,31,97,90,8,11,96,37,48,24,72"/><U42/><E118/><V66/><F109/><W121/><G37/><T5/><D117/><U100/><E125/><V119/><F119/><W59/><G72/><T129/><D110/><U132/><E132/><V30/><F115/><W116/><G116/><T135/><D129/><U92/><E128/><V47/><F34/><W65/><G122/><T35/><D35/><U1/><E1/><V93/><F30/><W76/><G121/><T107/><D135/><U21/><E83/><V104/><F104/><W38/><G38/><T45/><D87/><U85/><E85/><N who="2" m="50215" /><F41/><W28/><G76/><T106/><D53/><U74/><E74/><V70/><F47/><W102/><G31/><T89/><D89/><U46/><REACH who="1" step="1"/><E42/><REACH who="1" ten="210,360,330,90" step="2"/><V126/><F126/><W78/><G0/><T112/><D86/><U73/><E73/><V124/><F124/><W114/><G114/><T69/><D40/><U2/><E2/><V16/><F70/><W60/><G78/><T123/><D69/><U29/><AGARI ba="1,1" hai="21,26,29,44,46,52,54,55,62,64,68,92,99,100" machi="29" ten="30,11700,0" yaku="1,1,0,1,52,1,54,1,53,0" doraHai="98" doraHaiUra="71" who="1" fromWho="1" sc="210,-40,360,130,330,-40,90,-40" /><INIT seed="1,2,0,4,5,30" ten="170,490,290,50" oya="1" hai0="104,39,72,7,87,65,14,20,81,85,27,62,124" hai1="13,111,118,4,112,125,31,55,95,24,60,2,132" hai2="130,82,36,22,83,84,56,100,37,1,89,99,21" hai3="40,76,15,97,29,61,25,18,44,6,54,88,32"/><U53/><E112/><V116/><F116/><W115/><G115/><T135/><D104/><U45/><E118/><V109/><F1/><W38/><G76/><T110/><D39/><U69/><E125/><V0/><F0/><W107/><G6/><T106/><D106/><U108/><E2/><V96/><F109/><N who="1" m="42057" /><E132/><V73/><F130/><W41/><G41/><T79/><D124/><U121/><E121/><V129/><F129/><W101/><G88/><T123/><D135/><U33/><E95/><N who="2" m="58495" /><F36/><W46/><G46/><T78/><D78/><U19/><E4/><V105/><F105/><W102/><G102/><T114/><D114/><U16/><E45/><V134/><F73/><W64/><G54/><N who="1" m="20490" /><E13/><V117/><F37/><W34/><G34/><T131/><D123/><U51/><E51/><V120/><F120/><W67/><REACH who="3" step="1"/><G61/><REACH who="3" ten="170,490,290,40" step="2"/><T92/><D110/><U57/><E69/><V127/><F134/><W77/><G77/><T93/><D131/><U98/><E98/><V128/><F128/><W70/><G70/><T119/><D119/><U5/><E5/><V23/><F127/><W8/><AGARI ba="2,1" hai="8,15,18,25,29,32,38,40,44,64,67,97,101,107" machi="8" ten="20,5200,0" yaku="1,1,0,1,7,1,52,1,53,0" doraHai="30" doraHaiUra="122" who="3" fromWho="3" sc="170,-15,490,-28,290,-15,40,68" /><INIT seed="2,0,0,5,5,134" ten="155,462,275,108" oya="2" hai0="96,31,80,55,27,29,45,8,76,103,98,6,123" hai1="69,99,114,44,16,53,49,122,94,15,77,19,57" hai2="20,65,67,14,84,121,0,129,119,36,2,131,130" hai3="4,86,72,63,125,58,38,71,50,70,61,62,107"/><V52/><F119/><W126/><G72/><T110/><D110/><U46/><E114/><V91/><F121/><W111/><G111/><T93/><D123/><U26/><E122/><V124/><F36/><W10/><G38/><T59/><D45/><U35/><E69/><N who="3" m="26122" /><G107/><T127/><D98/><U17/><E77/><V33/><F33/><W74/><G74/><T128/><D128/><U22/><E35/><V105/><F105/><W3/><G86/><T12/><D27/><U75/><E75/><V135/><F135/><W34/><G34/><T9/><D127/><N who="3" m="48649" /><G50/><N who="0" m="31223" /><D8/><N who="1" m="6247" /><E17/><N who="2" m="10295" /><F124/><W56/><AGARI ba="0,0" hai="3,4,10,56,58,61,62,63" m="48649,26122" machi="56" ten="40,8000,1" yaku="18,1,52,3" doraHai="134" who="3" fromWho="3" sc="155,-20,462,-20,275,-40,108,80" /><INIT seed="3,0,0,3,2,85" ten="135,442,235,188" oya="3" hai0="72,46,88,61,14,131,15,8,69,12,79,110,100" hai1="33,45,62,59,89,125,71,3,106,54,99,68,31" hai2="55,63,34,70,96,57,77,118,18,24,111,107,104" hai3="103,0,64,122,117,7,9,19,114,32,87,6,60"/><W116/><G114/><T130/><D100/><U109/><E3/><V132/><F118/><W47/><G122/><T66/><D46/><U16/><E109/><V119/><F119/><W11/><G32/><T78/><D110/><U112/><E112/><V29/><F111/><W25/><G103/><T58/><D69/><U126/><E16/><V80/><F132/><W83/><G47/><T123/><D123/><U135/><E135/><V101/><F18/><W129/><G129/><N who="0" m="49163" /><D8/><U48/><E31/><V98/><F70/><W39/><G39/><T21/><D21/><U43/><E33/><V73/><F98/><W35/><G35/><T41/><D41/><U37/><E106/><AGARI ba="0,0" hai="24,29,34,55,57,63,73,77,80,96,101,104,106,107" machi="106" ten="30,1000,0" yaku="7,1" doraHai="85" who="2" fromWho="1" sc="135,0,442,-10,235,10,188,0" owari="135,-36.5,432,53.2,245,4.5,188,-21.2" /></mjloggm>