<mjloggm ver="2.3"><GO type="225" lobby="0"/><UN n0="%E5%91%A8%E6%9D%B1" n1="%E3%81%8B%E3%82%8F%E3%81%A1%E3%82%83%E3%82%93%35%38" n2="%41%6F%54" n3="%E3%83%96%E3%83%83%E3%83%91%E3%82%AA%E3%83%96%E3%83%81%E3%82%AD%E3%83%B3" dan="17,16,16,16" rate="2143.36,2134.13,2092.40,2158.46" sx="M,M,M,M"/><TAIKYOKU oya="0"/><INIT seed="0,0,0,1,1,81" ten="250,250,250,250" oya="0" hai0="25,115,82,18,37,54,15,87,90,103,120,121,51" hai1="135,86,116,10,27,69,30,106,34,9,104,4,36" hai2="117,66,52,124,75,12,71,99,61,13,96,113,79" hai3="50,53,40,133,119,58,110,111,83,8,105,129,28"/><T3/><D3/><U130/><E116/><V64/><F113/><W67/><G119/><T109/><D115/><U6/><E36/><V84/><F117/><W78/><G105/><T107/><D37/><U73/><E73/><V16/><F75/><W132/><G28/><T100/><D109/><N who="3" m="41481" /><G8/><T88/><D25/><U56/><E69/><V102/><F12/><W77/><G129/><T63/><D63/><U98/><E130/><V62/><F124/><W112/><G112/><T74/><D74/><U26/><E135/><N who="3" m="51786" /><G67/><T32/><D32/><U55/><E27/><V11/><F102/><N who="0" m="38954" /><D107/><U70/><E70/><V5/><F5/><W95/><G83/><T14/><D121/><U19/><E106/><V131/><F131/><W47/><G95/><T24/><D120/><U49/><E104/><V89/><F79/><W20/><G20/><N who="0" m="13335" /><D90/><U60/><E34/><V126/><F126/><W45/><G45/><AGARI ba="0,0" hai="14,15,45,51,54,82,87,88" m="13335,38954" machi="45" ten="30,5800,0" yaku="8,1,52,1,54,1" doraHai="81" who="0" fromWho="3" sc="250,58,250,0,250,0,250,-58" /><INIT seed="0,1,0,4,4,135" ten="308,250,250,192" oya="0" hai0="59,132,77,78,68,98,51,49,5,25,23,121,40" hai1="13,87,101,133,36,21,29,50,134,118,96,60,3" hai2="103,94,8,39,129,61,32,125,123,10,57,58,31" hai3="19,4,74,70,113,85,67,106,82,65,130,1,119"/><T108/><D68/><U37/><E118/><V44/><F123/><W54/><G113/><T102/><D121/><U62/><E3/><V35/><F129/><W38/><G119/><T90/><D132/><N who="1" m="50795" /><E87/><V53/><F103/><W93/><G106/><T12/><D90/><U122/><E122/><V27/><F32/><W126/><G38/><N who="1" m="14954" /><E50/><V24/><F24/><W116/><G85/><T9/><D51/><U14/><E29/><V97/><F58/><W28/><G28/><T92/><D108/><U99/><E21/><V89/><F39/><W107/><G1/><T41/><D40/><U56/><E62/><V80/><F44/><W16/><G116/><T84/><D84/><U76/><E76/><V52/><F80/><W115/><G82/><T124/><D41/><U95/><E99/><V18/><F53/><AGARI ba="1,0" hai="13,14,53,56,60,95,96,101" m="14954,50795" machi="53" ten="30,1000,0" yaku="20,1" doraHai="135" who="1" fromWho="2" sc="308,0,250,13,250,-13,192,0" /><INIT seed="1,0,0,5,3,119" ten="308,263,237,192" oya="1" hai0="129,8,68,74,18,115,124,0,133,52,25,37,36" hai1="92,44,46,88,122,30,73,113,64,108,54,91,80" hai2="16,2,95,94,13,50,55,131,20,81,123,61,11" hai3="112,120,5,71,23,15,85,132,53,89,93,58,9"/><U57/><E113/><V51/><F131/><W49/><G132/><T97/><D97/><U100/><E122/><V43/><F123/><W35/><G112/><T134/><D74/><U24/><E108/><V28/><F2/><W59/><G35/><T60/><D115/><U6/><E6/><V83/><F61/><W47/><G71/><T67/><D129/><U40/><E64/><V69/><F69/><W110/><G110/><T105/><D105/><U26/><E100/><V10/><F43/><W75/><G75/><T17/><D124/><U111/><E111/><V1/><F51/><W116/><G116/><T98/><D98/><U14/><E14/><V19/><F28/><W130/><G130/><T99/><D99/><N who="1" m="57735" /><E73/><V104/><F104/><W118/><G118/><T12/><D0/><U114/><E114/><V27/><F10/><W84/><G120/><T7/><D7/><U86/><E40/><V79/><F1/><W106/><G106/><T96/><D96/><U31/><E24/><V126/><F126/><W65/><G65/><T72/><D72/><U39/><E39/><V77/><F77/><W87/><REACH who="3" step="1"/><G23/><REACH who="3" ten="308,263,237,182" step="2"/><N who="0" m="13551" /><D134/><U70/><E70/><V90/><F20/><W103/><G103/><T21/><D21/><N who="1" m="15695" /><E31/><V3/><F79/><W109/><G109/><T121/><D133/><U56/><E54/><V107/><F55/><W128/><G128/><T34/><D34/><U45/><AGARI ba="0,1" hai="44,45,46,56,57,80,86,91" m="15695,57735" machi="45" ten="30,3000,0" yaku="8,1,54,1" doraHai="119" who="1" fromWho="1" sc="308,-10,263,40,237,-10,182,-10" /><INIT seed="1,1,0,5,2,74" ten="298,303,227,172" oya="1" hai0="95,19,51,124,23,122,4,11,9,87,120,55,20" hai1="76,85,68,103,98,72,118,31,37,5,58,8,42" hai2="39,115,53,119,35,1,41,60,46,28,43,108,83" hai3="93,13,104,101,61,29,117,3,7,92,48,50,91"/><U129/><E85/><V14/><F119/><W116/><G3/><T12/><D124/><U63/><E58/><V54/><F1/><W70/><G29/><T96/><D87/><U2/><E31/><V107/><F107/><W125/><G7/><T105/><D105/><N who="1" m="63735" /><E63/><V94/><F108/><W123/><G13/><T36/><D36/><U132/><E132/><V38/><F115/><W18/><G18/><T49/><D49/><U80/><E129/><V121/><F121/><N who="0" m="46698" /><D20/><U59/><E59/><V113/><F113/><W34/><G125/><T15/><D15/><U47/><E118/><V6/><F28/><W109/><G109/><T75/><D75/><U84/><E84/><V90/><F83/><W127/><G127/><T30/><D4/><U71/><AGARI ba="1,0" hai="2,5,8,37,42,47,68,71,72,76,80" m="63735" machi="71" ten="30,11700,0" yaku="25,1,33,2,52,1" doraHai="74" who="1" fromWho="1" sc="298,-40,303,120,227,-40,172,-40" /><INIT seed="1,2,0,4,0,4" ten="258,423,187,132" oya="1" hai0="80,43,74,69,110,73,47,95,37,66,86,135,119" hai1="27,87,59,51,46,132,64,70,53,2,102,113,108" hai2="65,10,121,81,6,82,30,50,24,40,58,68,90" hai3="84,75,71,92,127,85,129,21,16,134,96,97,62"/><U120/><E2/><V100/><F121/><W88/><G75/><T116/><D135/><U13/><E120/><V63/><F100/><W124/><G134/><T101/><D110/><U107/><E107/><V5/><F5/><W111/><G111/><T15/><D69/><U105/><E105/><V115/><F115/><W1/><G1/><T133/><D66/><U130/><E102/><V104/><F104/><W48/><G129/><T39/><D39/><U38/><E87/><V25/><F90/><W18/><G48/><T98/><D133/><U52/><E27/><V61/><F50/><W117/><G117/><T118/><REACH who="0" step="1"/><D15/><REACH who="0" ten="248,423,187,132" step="2"/><U114/><E13/><V42/><F68/><W128/><G128/><T67/><D67/><U79/><E130/><V44/><F65/><W33/><G71/><T89/><AGARI ba="2,1" hai="37,43,47,73,74,80,86,89,95,98,101,116,118,119" machi="89" ten="30,2000,0" yaku="1,1,0,1,53,0" doraHai="4" doraHaiUra="72" who="0" fromWho="0" sc="248,36,423,-12,187,-7,132,-7" /><INIT seed="2,0,0,3,2,129" ten="284,411,180,125" oya="2" hai0="131,134,65,95,27,53,78,114,60,3,116,120,63" hai1="38,20,29,16,24,86,119,15,35,109,56,125,23" hai2="73,21,32,43,10,18,133,107,122,113,101,5,70" hai3="47,6,30,39,42,110,106,12,115,90,49,104,75"/><V59/><F113/><W91/><G115/><T68/><D3/><U61/><E38/><V41/><F70/><W77/><G110/><T132/><D114/><U124/><E119/><V123/><F73/><W0/><G12/><T62/><D120/><U33/><E86/><V105/><F32/><W88/><G49/><T46/><D78/><U118/><E118/><V126/><F59/><W58/><G30/><T26/><D116/><U31/><E109/><V92/><F92/><W28/><G28/><T34/><D131/><U17/><E31/><V130/><F130/><W22/><G22/><T1/><D1/><U4/><E4/><V9/><F21/><W14/><G14/><T8/><D8/><U51/><E51/><V36/><F101/><W72/><G58/><T127/><D95/><U98/><E98/><V108/><F108/><W82/><REACH who="3" step="1"/><G72/><REACH who="3" ten="284,411,180,115" step="2"/><T67/><D34/><N who="1" m="12811" /><E56/><V112/><F112/><W44/><G44/><T96/><D46/><U80/><E61/><V55/><F122/><W40/><G40/><T19/><D62/><U25/><E29/><V79/><F41/><W111/><G111/><T71/><D60/><U128/><E15/><V103/><F43/><W121/><G121/><T69/><D63/><U100/><E128/><V81/><F123/><W93/><G93/><T87/><D69/><U102/><E23/><V11/><F105/><W94/><G94/><T45/><D71/><U97/><E20/><V64/><F107/><W37/><G37/><T54/><D45/><U135/><E24/><V85/><F36/><W84/><G84/><T117/><D87/><RYUUKYOKU ba="0,1" sc="284,-10,411,-10,180,-10,115,30" hai3="0,6,39,42,47,75,77,82,88,90,91,104,106" /><INIT seed="3,1,1,3,0,88" ten="274,401,170,145" oya="3" hai0="115,131,129,3,38,132,35,113,41,102,5,101,100" hai1="124,6,130,92,18,127,67,96,104,11,107,128,123" hai2="117,37,0,135,112,72,80,14,81,52,61,44,68" hai3="21,57,91,122,66,24,82,48,62,116,51,43,109"/><W22/><G116/><T47/><D35/><U114/><E67/><V40/><F117/><W97/><G122/><T108/><D108/><U4/><E18/><V103/><F112/><N who="0" m="43082" /><D132/><U76/><E76/><V58/><F0/><W31/><G109/><T74/><D74/><U126/><E123/><V75/><F135/><W125/><G125/><T16/><D16/><U39/><E39/><V32/><F32/><W12/><G43/><T93/><D93/><U26/><E26/><V87/><F81/><W59/><G59/><T2/><D5/><N who="1" m="2155" /><E11/><V110/><F110/><W42/><G42/><T34/><D34/><U28/><E28/><V77/><F14/><W8/><G22/><T118/><D118/><U86/><E86/><V9/><F9/><W60/><G60/><T30/><D30/><U46/><E46/><V85/><F72/><W133/><G133/><T33/><D33/><U111/><E111/><V23/><F23/><W55/><G66/><T119/><D119/><U64/><E64/><V10/><F10/><W63/><G63/><T65/><D65/><U105/><E114/><V50/><F68/><W13/><G13/><T19/><D19/><U53/><E53/><V106/><F40/><W54/><G54/><T7/><D7/><U45/><E45/><V56/><F44/><W70/><G70/><T36/><D36/><U78/><E78/><V73/><F37/><W20/><G20/><T29/><D29/><U120/><E120/><V89/><F52/><W71/><G71/><T15/><D15/><U83/><E83/><V121/><F121/><W79/><G82/><RYUUKYOKU ba="1,1" sc="274,15,401,15,170,-15,145,-15" hai0="2,3,38,41,47,100,101,102,129,131" hai1="92,96,104,105,107,124,126,127,128,130" owari="289,8.9,426,52.6,155,-24.5,130,-37.0" /></mjloggm>