<mjloggm ver="2.3"><GO type="225" lobby="0"/><UN n0="%E3%81%A4%E3%81%A3%E3%81%B1%E3%82%8A%E3%83%9D%E3%83%BC%E3%83%AB" n1="%E6%A1%9C%E8%8A%B1%E9%96%83%E3%80%85" n2="%E7%99%BD%E5%80%89%E5%AF%9B%E4%B9%8B" n3="%E6%81%A5%E6%99%92%E3%81%97" dan="17,16,16,16" rate="2174.16,2173.65,2185.37,2081.36" sx="M,M,M,M"/><TAIKYOKU oya="0"/><INIT seed="0,0,0,0,4,34" ten="250,250,250,250" oya="0" hai0="76,38,45,89,10,7,18,35,48,73,105,26,53" hai1="114,125,124,36,56,29,80,135,60,83,87,77,103" hai2="122,63,97,131,42,102,84,52,65,106,12,107,110" hai3="54,15,68,66,61,82,30,55,75,57,121,41,20"/><T39/><D105/><U98/><E36/><V16/><F110/><W127/><G127/><N who="1" m="48714" /><E135/><V5/><F131/><W91/><G121/><T130/><D130/><U59/><E114/><V88/><F122/><W100/><G100/><T117/><D117/><U132/><E132/><V25/><F42/><W99/><G41/><T93/><D76/><N who="1" m="46471" /><E29/><V96/><F5/><W27/><G68/><T116/><D73/><N who="1" m="43439" /><E60/><V3/><F25/><W8/><G75/><T109/><D116/><U86/><E86/><V104/><F97/><W6/><G99/><T17/><D109/><U22/><E22/><V123/><F123/><W113/><G113/><T58/><D39/><U4/><E4/><V115/><F115/><W43/><G43/><T71/><D38/><U74/><E74/><V0/><F107/><AGARI ba="0,0" hai="56,59,98,103,107" m="43439,46471,48714" machi="107" ten="30,1000,0" yaku="18,1" doraHai="34" who="1" fromWho="2" sc="250,0,250,10,250,-10,250,0" /><INIT seed="1,0,0,1,1,80" ten="250,260,240,250" oya="1" hai0="99,75,22,41,78,52,103,37,57,24,36,114,128" hai1="15,53,54,119,115,87,100,49,59,69,130,32,50" hai2="65,33,38,35,12,58,8,70,51,29,6,98,104" hai3="117,34,19,9,39,86,96,42,134,135,11,20,129"/><U7/><E115/><V71/><F38/><W101/><G34/><T63/><D114/><U83/><E119/><V21/><F71/><W111/><G117/><T95/><D128/><U126/><E130/><V79/><F70/><W67/><G129/><T2/><D2/><U97/><E126/><V64/><F35/><W30/><G30/><T131/><D131/><U84/><E69/><V73/><F33/><W112/><G112/><T92/><D41/><U107/><E32/><V44/><F73/><W120/><G67/><T13/><D13/><U31/><E31/><V55/><F79/><W123/><G111/><T118/><D118/><U132/><E83/><V90/><F104/><W72/><G72/><T4/><D4/><U14/><E132/><N who="3" m="50730" /><G42/><T43/><D43/><U17/><E7/><V102/><F102/><W127/><G39/><T82/><REACH who="0" step="1"/><D95/><REACH who="0" ten="240,260,240,250" step="2"/><N who="1" m="58431" /><E14/><V74/><F12/><W26/><G127/><T27/><D27/><U93/><E93/><V113/><F6/><W10/><G120/><T88/><D88/><U66/><E107/><V81/><F90/><W46/><G123/><T122/><D122/><U133/><E133/><V76/><F113/><W1/><G1/><T108/><D108/><U3/><E3/><V106/><F106/><N who="3" m="63783" /><G46/><T0/><D0/><U124/><E124/><V56/><F44/><W94/><G9/><T105/><D105/><U48/><E15/><V109/><F8/><W40/><G40/><T116/><D116/><U47/><E47/><V77/><F109/><W85/><G94/><T5/><D5/><U45/><E45/><V121/><F121/><RYUUKYOKU ba="0,1" sc="240,15,260,-15,240,-15,250,15" hai0="22,24,36,37,52,57,63,75,78,82,92,99,103" hai3="10,11,19,20,26,85,86" /><INIT seed="2,1,1,1,0,119" ten="255,245,225,265" oya="2" hai0="11,62,29,47,63,64,88,48,100,114,83,26,25" hai1="129,45,82,72,7,70,118,110,66,103,5,39,73" hai2="32,106,15,17,87,93,9,126,28,122,92,19,107" hai3="81,2,13,18,133,131,75,69,113,31,21,124,50"/><V123/><F32/><W111/><G113/><T85/><D114/><U23/><E118/><V35/><F35/><W6/><G69/><T95/><D11/><U16/><E103/><V51/><F28/><W127/><G111/><T1/><D1/><U24/><E110/><V97/><F126/><N who="3" m="48171" /><G131/><T101/><D64/><U30/><E129/><V36/><F36/><W65/><G133/><T104/><D104/><U60/><E30/><V67/><F67/><W46/><G65/><T98/><D101/><U74/><REACH who="1" step="1"/><E82/><REACH who="1" ten="255,235,225,265" step="2"/><V8/><F15/><W121/><G31/><T115/><D115/><U89/><E89/><V37/><F37/><W61/><G13/><T128/><D128/><U44/><E44/><V96/><F51/><W38/><G50/><T79/><D100/><U57/><E57/><V56/><F56/><W132/><G38/><T99/><D26/><U4/><E4/><V22/><F22/><W77/><G6/><T105/><D25/><U90/><E90/><V68/><F68/><W125/><G125/><T40/><D29/><U27/><E27/><V55/><F55/><W43/><G46/><T130/><D130/><U10/><E10/><V14/><F14/><W76/><G21/><T116/><D116/><U42/><AGARI ba="1,2" hai="5,7,16,23,24,39,42,45,60,66,70,72,73,74" machi="42" ten="40,8000,1" yaku="1,1,0,1,54,1,53,1" doraHai="119" doraHaiUra="71" who="1" fromWho="1" sc="255,-21,235,103,225,-41,265,-21" /><INIT seed="3,0,0,2,4,13" ten="234,338,184,244" oya="3" hai0="112,5,77,54,56,74,68,50,118,76,18,44,64" hai1="57,14,123,22,71,130,12,35,36,39,95,113,101" hai2="34,103,116,133,8,33,6,37,96,120,72,109,104" hai3="4,63,80,2,127,26,19,81,91,11,67,58,90"/><W70/><G127/><T48/><D118/><U92/><E71/><V45/><F116/><W111/><G111/><T51/><D112/><U107/><E35/><V3/><F109/><W7/><G70/><T124/><D124/><U100/><E57/><V29/><F133/><W23/><REACH who="3" step="1"/><G7/><REACH who="3" ten="234,338,184,234" step="2"/><T131/><D68/><U84/><E113/><V0/><F120/><W121/><G121/><T41/><D5/><U135/><E123/><V32/><F0/><W31/><G31/><T60/><D131/><U114/><E130/><V27/><F72/><W87/><G87/><T10/><D74/><U20/><E84/><V82/><F82/><AGARI ba="0,1" hai="2,4,11,19,23,26,58,63,67,80,81,82,90,91" machi="82" ten="40,3900,0" yaku="1,1,52,1,53,0" doraHai="13" doraHaiUra="128" who="3" fromWho="2" sc="234,0,338,0,184,-39,234,49" /><INIT seed="3,1,0,5,1,30" ten="234,338,145,283" oya="3" hai0="65,41,0,73,22,104,23,88,11,76,119,80,24" hai1="21,27,43,62,130,89,135,49,121,31,51,2,38" hai2="29,50,85,95,58,53,96,34,3,25,134,52,110" hai3="18,75,60,59,94,61,4,70,77,46,5,92,87"/><W64/><G75/><T9/><D119/><U40/><E121/><V69/><F134/><W126/><G126/><T67/><D104/><U122/><E122/><V109/><F3/><W112/><G112/><T84/><D41/><U37/><E2/><V47/><F69/><W124/><G124/><T98/><D98/><U15/><E135/><V45/><F85/><W91/><G77/><T108/><D108/><U123/><E130/><V63/><REACH who="2" step="1"/><F47/><REACH who="2" ten="234,338,135,283" step="2"/><W56/><G46/><T131/><D0/><U35/><E123/><V42/><F42/><W113/><G70/><T12/><D131/><U133/><E43/><V106/><F106/><W17/><G87/><T16/><D73/><U81/><E40/><V86/><F86/><W114/><G113/><T8/><D76/><U44/><E44/><V128/><F128/><W7/><G114/><T129/><D129/><U101/><E133/><V127/><F127/><W100/><G59/><T36/><D36/><U57/><E57/><V99/><F99/><W97/><G56/><T39/><D39/><U125/><E38/><V111/><F111/><W78/><G78/><T118/><D118/><U68/><E37/><V115/><F115/><W48/><G97/><T33/><D33/><U19/><E35/><V132/><F132/><W83/><G94/><T82/><D82/><U116/><E81/><V10/><F10/><W28/><G83/><T90/><D11/><U20/><E116/><V105/><F105/><W13/><G92/><T55/><D9/><U74/><E125/><V54/><F54/><W32/><G32/><T26/><D80/><RYUUKYOKU ba="1,1" sc="234,-10,338,-10,135,30,283,-10" hai2="25,29,34,45,50,52,53,58,63,95,96,109,110" owari="224,-17.6,338,43.8,165,-33.5,273,7.3" /></mjloggm>