<mjloggm ver="2.3"><GO type="225" lobby="0"/><UN n0="%E6%9D%B1%E9%A2%A8%E3%81%AE%E3%81%8D%E3%82%83%E3%81%B7%E3%81%95%E3%82%93" n1="%E7%99%BD%E5%80%89%E5%AF%9B%E4%B9%8B" n2="%70%6F%69%73%6F%6E%30%32" n3="%E7%9A%AE%E3%80%85" dan="16,16,16,16" rate="2199.68,2134.93,2087.16,2169.55" sx="M,M,M,F"/><TAIKYOKU oya="0"/><INIT seed="0,0,0,3,1,76" ten="250,250,250,250" oya="0" hai0="34,63,102,134,70,98,106,124,81,121,80,112,58" hai1="99,52,89,91,73,95,114,72,79,122,50,85,62" hai2="87,0,96,67,111,84,66,109,105,77,2,113,117" hai3="71,103,123,42,86,37,132,64,97,94,92,101,4"/><T39/><D39/><U82/><E122/><V21/><F113/><W51/><G123/><T118/><D70/><U115/><E62/><V119/><F21/><W44/><G132/><T12/><D34/><U18/><E18/><V75/><F75/><N who="1" m="28745" /><E52/><V68/><F68/><W31/><G31/><T5/><D112/><N who="1" m="43051" /><E50/><V93/><F105/><W24/><G24/><T1/><D118/><N who="2" m="45066" /><F77/><AGARI ba="0,0" hai="77,79,82,85,89,91,95,99" m="43051,28745" machi="77" ten="30,7700,0" yaku="11,1,34,2,52,1" doraHai="76" who="1" fromWho="2" sc="250,0,250,77,250,-77,250,0" /><INIT seed="1,0,0,2,3,40" ten="250,327,173,250" oya="1" hai0="11,72,41,113,70,71,33,59,92,5,132,31,102" hai1="9,4,74,93,84,114,81,118,60,121,0,133,12" hai2="49,57,17,30,129,45,88,131,1,14,107,37,63" hai3="99,53,97,86,69,105,34,28,20,62,104,77,87"/><U73/><E118/><V65/><F1/><W35/><G20/><T80/><D132/><U122/><E114/><V55/><F107/><W19/><G19/><T100/><D113/><U25/><E133/><V56/><F30/><W110/><G53/><T79/><D92/><U64/><E25/><V76/><F76/><W32/><G28/><T43/><D59/><U16/><E93/><V6/><F6/><W21/><G21/><T123/><D123/><U10/><E122/><V127/><F127/><W47/><G77/><T38/><D43/><U61/><E121/><V98/><F37/><W29/><G29/><T106/><D102/><U116/><E116/><V23/><F98/><W103/><G110/><T82/><D82/><U124/><E124/><V15/><F15/><W46/><G62/><T90/><D90/><U91/><REACH who="1" step="1"/><E61/><REACH who="1" ten="250,317,173,250" step="2"/><V112/><F112/><W39/><G39/><T67/><D106/><U78/><E78/><V22/><F88/><W8/><G34/><T2/><D100/><U89/><E89/><V135/><F135/><W58/><G103/><T68/><D33/><U44/><E44/><V54/><REACH who="2" step="1"/><F23/><REACH who="2" ten="250,317,163,250" step="2"/><W83/><G104/><T117/><D117/><U50/><E50/><AGARI ba="0,2" hai="14,17,22,45,49,50,54,55,56,57,63,65,129,131" machi="50" ten="40,5200,0" yaku="1,1,2,1,52,1,53,0" doraHai="40" doraHaiUra="7" who="2" fromWho="1" sc="250,0,317,-52,163,72,250,0" /><INIT seed="2,0,0,4,4,19" ten="250,265,235,250" oya="2" hai0="9,50,36,30,105,71,61,114,17,120,134,20,62" hai1="33,48,67,21,44,131,27,126,51,95,99,125,29" hai2="43,47,1,52,18,42,2,34,6,12,60,54,115" hai3="100,31,25,45,10,118,87,85,26,14,129,53,82"/><V79/><F115/><W133/><G118/><T24/><D105/><U32/><E131/><V23/><F34/><W56/><G129/><T0/><D36/><U41/><E67/><V111/><F111/><W4/><G133/><T107/><D107/><U127/><REACH who="1" step="1"/><E48/><REACH who="1" ten="250,255,235,250" step="2"/><N who="2" m="28703" /><F2/><W113/><G113/><T38/><D114/><U68/><E68/><V7/><F1/><W3/><G3/><T84/><D0/><U35/><E35/><V112/><F112/><W83/><G100/><AGARI ba="0,1" hai="21,27,29,32,33,41,44,51,95,99,100,125,126,127" machi="100" ten="40,8000,1" yaku="1,1,18,1,52,1,53,1" doraHai="19" doraHaiUra="93" who="1" fromWho="3" sc="250,0,255,90,235,0,250,-80" /><INIT seed="3,0,0,3,4,63" ten="250,345,235,170" oya="3" hai0="9,86,34,26,104,56,95,98,42,59,74,49,45" hai1="88,101,29,18,20,3,38,65,6,73,117,10,71" hai2="99,62,87,37,134,96,24,123,122,94,84,111,102" hai3="107,51,15,19,125,36,57,91,17,23,126,93,50"/><W68/><G107/><T79/><D74/><U58/><E73/><V30/><F37/><W67/><G36/><T81/><D104/><U89/><E38/><V113/><F113/><W135/><G135/><T127/><D127/><N who="3" m="48649" /><G68/><T55/><D34/><U78/><E71/><V72/><F72/><W97/><G19/><T83/><D83/><U31/><E78/><V109/><F62/><AGARI ba="0,0" hai="15,17,23,50,51,57,62,67,91,93,97" m="48649" machi="62" ten="30,2900,0" yaku="18,1,52,1" doraHai="63" who="3" fromWho="2" sc="250,0,345,0,235,-29,170,29" /><INIT seed="3,1,0,3,2,19" ten="250,345,206,199" oya="3" hai0="39,44,3,61,83,30,106,58,112,2,66,45,107" hai1="38,9,56,57,134,14,79,110,35,111,31,125,92" hai2="48,120,6,60,128,81,8,11,74,103,84,55,80" hai3="65,124,63,108,26,43,105,62,121,117,101,86,133"/><W109/><G117/><T97/><D112/><U36/><E79/><V68/><F128/><W27/><G121/><T130/><D130/><U53/><E125/><V12/><F120/><W7/><G124/><T98/><D30/><U18/><E134/><V10/><F103/><W104/><G43/><T127/><D83/><U29/><E92/><V70/><F74/><W25/><G7/><T41/><D45/><U22/><E35/><V78/><F81/><W71/><G133/><T40/><D40/><U91/><E91/><V115/><F115/><W113/><G113/><T23/><D23/><U129/><E56/><N who="2" m="34847" /><F70/><W122/><G122/><T93/><D127/><U24/><E31/><V13/><F68/><W114/><G114/><T34/><D34/><U99/><E99/><V0/><F0/><W54/><G86/><T37/><D37/><U73/><E73/><V20/><F48/><W28/><G28/><T32/><D32/><U116/><E116/><V42/><F42/><W94/><G94/><T46/><D46/><U67/><E67/><V132/><F132/><W69/><G101/><T51/><D39/><U119/><E119/><V59/><F59/><N who="3" m="35191" /><G71/><T47/><D47/><U82/><E82/><V15/><F6/><W76/><G76/><T131/><D131/><U50/><E129/><V87/><F87/><W123/><G123/><T102/><D107/><U49/><E49/><V72/><F72/><W100/><G100/><AGARI ba="1,0" hai="2,3,41,44,51,58,61,66,93,97,98,100,102,106" machi="100" ten="30,1000,0" yaku="7,1" doraHai="19" who="0" fromWho="3" sc="250,13,345,0,206,0,199,-13" owari="263,6.3,345,44.5,206,-19.4,186,-31.4" /></mjloggm>