<mjloggm ver="2.3"><GO type="225" lobby="0"/><UN n0="%E6%A1%9C%E8%8A%B1%E9%96%83%E3%80%85" n1="%E6%9C%88%E5%B3%B6%E5%9F%BA" n2="%E3%81%A4%E3%81%A3%E3%81%B1%E3%82%8A%E3%83%9D%E3%83%BC%E3%83%AB" n3="%E3%81%B2%E3%81%AA%E3%81%AE%E3%82%8A%E3%81%8F" dan="17,18,17,16" rate="2191.43,2233.58,2260.81,2096.41" sx="M,M,M,M"/><TAIKYOKU oya="0"/><INIT seed="0,0,0,0,4,116" ten="250,250,250,250" oya="0" hai0="130,68,72,80,5,3,115,93,16,85,110,49,131" hai1="30,62,14,13,101,100,52,78,127,104,48,118,122" hai2="133,21,81,64,57,123,34,28,43,77,1,97,121" hai3="31,0,108,10,73,59,99,132,96,55,50,40,44"/><T65/><D115/><U79/><E118/><V58/><F1/><W53/><G132/><T106/><D106/><U112/><E104/><V70/><F34/><W75/><G108/><T90/><D110/><U8/><E112/><V61/><F133/><W135/><G135/><T15/><D3/><U117/><E117/><V76/><F43/><W83/><G31/><T89/><D5/><U102/><E127/><V11/><F11/><W124/><G55/><T37/><D37/><U39/><E39/><V17/><F28/><W26/><G26/><T47/><D68/><U33/><E122/><V94/><F58/><W4/><G124/><T42/><D65/><U119/><E119/><V107/><F70/><W114/><G114/><T56/><D56/><U25/><E62/><V41/><F41/><W86/><G86/><T38/><D38/><U82/><E82/><V69/><F69/><W113/><G113/><T92/><D72/><U66/><E66/><V24/><F107/><W54/><G54/><T20/><REACH who="0" step="1"/><D80/><REACH who="0" ten="240,250,250,250" step="2"/><U125/><E125/><V35/><F35/><W51/><G75/><T98/><AGARI ba="0,1" hai="15,16,20,42,47,49,85,89,90,92,93,98,130,131" machi="98" ten="30,12000,1" yaku="1,1,2,1,0,1,54,1,53,1" doraHai="116" doraHaiUra="9" who="0" fromWho="0" sc="240,130,250,-40,250,-40,250,-40" /><INIT seed="0,1,0,5,0,58" ten="370,210,210,210" oya="0" hai0="82,37,87,42,92,71,33,9,21,70,7,75,117" hai1="84,113,36,4,3,131,14,134,41,13,79,121,51" hai2="25,120,27,112,31,118,32,16,62,57,65,108,55" hai3="34,93,26,46,129,10,126,20,102,128,52,12,63"/><T1/><D117/><U110/><E121/><V76/><F120/><W68/><G34/><T80/><D21/><U49/><E36/><V30/><F112/><W104/><G104/><T11/><D11/><N who="1" m="4327" /><E3/><V19/><F118/><W59/><G126/><T50/><D50/><U5/><E110/><V130/><F108/><W6/><G68/><T97/><D33/><U105/><E105/><V116/><F116/><W44/><G93/><T109/><D109/><U107/><E107/><V127/><F127/><W0/><G102/><T135/><D135/><U88/><E131/><N who="3" m="50250" /><G0/><T91/><D82/><N who="1" m="49175" /><E79/><V22/><F130/><W43/><G43/><T122/><D122/><U99/><E99/><V77/><F77/><W83/><G83/><T100/><REACH who="0" step="1"/><D75/><REACH who="0" ten="360,210,210,210" step="2"/><U45/><E134/><V133/><F133/><W23/><G23/><T29/><D29/><AGARI ba="1,1" hai="6,10,12,20,26,29,44,46,52,59,63" m="50250" machi="29" ten="30,3900,0" yaku="19,1,52,1,54,1" doraHai="58" who="3" fromWho="0" sc="360,-42,210,0,210,0,210,52" /><INIT seed="1,0,0,2,5,38" ten="318,210,210,262" oya="1" hai0="31,46,93,101,43,76,4,15,40,68,72,96,125" hai1="112,57,134,16,114,126,22,98,97,104,86,7,21" hai2="37,67,89,17,129,50,44,62,65,47,132,34,110" hai3="18,83,116,75,63,9,25,28,122,92,73,99,108"/><U55/><E126/><V29/><F110/><W120/><G108/><T69/><D125/><U90/><E134/><V123/><F123/><W10/><G116/><T87/><D72/><U52/><E7/><V61/><F132/><W71/><G75/><T35/><D35/><U128/><E128/><V59/><F129/><W49/><G49/><N who="0" m="26823" /><D31/><U127/><E127/><V27/><F37/><W119/><G119/><T48/><D48/><N who="1" m="30855" /><E104/><V91/><F17/><W23/><G83/><N who="0" m="47591" /><D43/><U109/><E109/><V1/><F1/><W45/><G73/><T58/><D58/><U103/><E103/><V74/><F74/><W82/><G45/><T13/><D13/><N who="1" m="9359" /><E114/><V133/><F133/><W107/><G107/><T88/><D101/><U130/><E112/><V102/><F102/><W77/><G120/><T41/><D41/><U8/><E130/><V113/><F47/><W121/><G121/><T6/><D6/><U81/><E8/><AGARI ba="0,0" hai="4,8,15,68,69,88,93,96" m="47591,26823" machi="8" ten="30,3900,0" yaku="25,1,52,1,54,1" doraHai="38" who="0" fromWho="1" sc="318,39,210,-39,210,0,262,0" /><INIT seed="2,0,0,4,0,37" ten="357,171,210,262" oya="2" hai0="99,47,30,114,22,65,80,31,68,108,55,38,120" hai1="73,91,121,42,71,135,125,58,106,46,57,14,24" hai2="39,41,15,93,76,54,9,84,4,115,134,29,26" hai3="50,21,94,85,133,72,83,77,59,5,92,96,131"/><V43/><F115/><W35/><G35/><T18/><D114/><U1/><E1/><V104/><F104/><W126/><G126/><T63/><D120/><U75/><E106/><V32/><F134/><W3/><G133/><T62/><D108/><U8/><E135/><V51/><F39/><W103/><G131/><T7/><D7/><U95/><E71/><V44/><REACH who="2" step="1"/><F93/><REACH who="2" ten="357,171,200,262" step="2"/><W116/><G94/><T52/><D38/><U10/><E125/><V98/><F98/><W111/><G92/><T128/><D99/><U0/><E121/><V129/><F129/><W20/><G96/><T66/><D128/><U89/><E95/><V117/><F117/><W48/><G116/><T122/><D122/><U102/><E102/><V67/><F67/><W118/><G103/><T82/><D65/><U6/><E89/><V27/><F27/><W45/><G118/><T13/><D80/><AGARI ba="0,1" hai="4,9,15,26,29,32,41,43,44,51,54,76,80,84" machi="80" ten="40,7700,0" yaku="1,1,52,2,53,0" doraHai="37" doraHaiUra="124" who="2" fromWho="0" sc="357,-77,171,0,200,87,262,0" /><INIT seed="2,1,0,4,1,63" ten="280,171,287,262" oya="2" hai0="82,106,96,67,4,66,95,107,22,44,12,43,75" hai1="100,99,46,109,68,61,45,2,103,89,39,52,101" hai2="9,7,83,70,135,21,19,73,32,42,112,64,88" hai3="92,130,74,34,24,30,132,118,59,54,36,6,93"/><V5/><F112/><W125/><G118/><T14/><D75/><U71/><E2/><V65/><F32/><W60/><G74/><T123/><D123/><U69/><E109/><V114/><F70/><W86/><G125/><T105/><D82/><U35/><E35/><V134/><F114/><W26/><G36/><T0/><D0/><U87/><E99/><V28/><F42/><W102/><G132/><N who="2" m="50729" /><F28/><W8/><G130/><T77/><D77/><U62/><E39/><V116/><F116/><W108/><G108/><T40/><D22/><U27/><E27/><N who="2" m="14783" /><F73/><W10/><G26/><T31/><D31/><U120/><E120/><V94/><F83/><W56/><G102/><T38/><D43/><U55/><E87/><N who="2" m="52511" /><F5/><W129/><G129/><T85/><D4/><U18/><E89/><V127/><F127/><W90/><G6/><T121/><D121/><U110/><E18/><V84/><F84/><W49/><REACH who="3" step="1"/><G93/><REACH who="3" ten="280,171,287,252" step="2"/><T20/><D95/><U97/><E110/><V128/><F128/><W57/><G57/><T117/><D117/><U126/><E126/><V133/><F133/><W104/><G104/><T98/><D106/><U113/><E113/><V50/><F50/><W124/><G124/><T131/><D105/><U17/><E17/><V1/><AGARI ba="1,1" hai="1,7,9,64,65" m="52511,14783,50729" machi="1" ten="30,11700,0" yaku="20,1,52,2,54,1" doraHai="63" who="2" fromWho="2" sc="280,-40,171,-40,287,130,252,-40" /><INIT seed="2,2,0,0,4,59" ten="240,131,417,212" oya="2" hai0="40,99,93,50,27,12,36,60,69,55,45,105,126" hai1="32,4,9,64,52,125,116,87,66,88,74,97,101" hai2="70,75,38,67,19,57,1,24,123,83,119,43,132" hai3="80,111,79,7,21,13,44,29,129,109,94,68,71"/><V96/><F123/><W134/><G134/><T85/><D105/><U120/><E116/><V37/><F1/><W0/><G129/><T61/><D126/><U89/><E32/><V127/><F70/><W53/><G94/><T112/><D112/><U77/><E125/><V73/><F43/><W106/><G106/><T46/><D69/><U54/><E120/><V78/><F75/><W30/><G30/><T23/><D85/><U11/><E74/><V17/><F17/><W25/><G0/><T16/><REACH who="0" step="1"/><D27/><REACH who="0" ten="230,131,417,212" step="2"/><U58/><E77/><V35/><F24/><W49/><G71/><T42/><D42/><U34/><E34/><V31/><F78/><W135/><G68/><T86/><D86/><U39/><E87/><V8/><F35/><W115/><G115/><T92/><D92/><U62/><E39/><V114/><F38/><W95/><G95/><T107/><D107/><U72/><E72/><V131/><F37/><W81/><G79/><T63/><D63/><U104/><E54/><V100/><F73/><W113/><G113/><T76/><D76/><U41/><E41/><V82/><F114/><W65/><G53/><T20/><D20/><U10/><REACH who="1" step="1"/><E4/><REACH who="1" ten="230,121,417,212" step="2"/><V56/><F127/><W28/><G7/><T121/><D121/><U124/><E124/><V2/><F119/><W110/><G109/><T133/><D133/><U51/><E51/><V103/><F132/><W122/><G110/><T33/><D33/><U108/><E108/><V47/><F131/><W26/><G111/><T48/><D48/><U14/><E14/><V22/><F2/><W91/><G135/><RYUUKYOKU ba="2,2" sc="230,15,121,15,417,-15,212,-15" hai0="12,16,23,36,40,45,46,50,55,60,61,93,99" hai1="9,10,11,52,58,62,64,66,88,89,97,101,104" /><INIT seed="3,3,2,5,1,81" ten="245,136,402,197" oya="3" hai0="95,24,23,25,104,15,128,52,44,79,107,41,57" hai1="3,68,121,36,61,6,131,135,10,122,47,16,84" hai2="70,97,126,27,1,110,67,73,118,8,124,4,46" hai3="100,37,113,74,63,28,62,18,132,85,35,22,69"/><W125/><G74/><T109/><D109/><U17/><E68/><V114/><F110/><W71/><G37/><T102/><D128/><U38/><E61/><N who="2" m="40303" /><F114/><W83/><G113/><T56/><D79/><U50/><E131/><V34/><F118/><W48/><G71/><T86/><D57/><U33/><E33/><V123/><F123/><W98/><G125/><T105/><D15/><U19/><E135/><V75/><F97/><W66/><G63/><T11/><D11/><U130/><E130/><V129/><F46/><W92/><G48/><T93/><D86/><U90/><E121/><V42/><F42/><W94/><G132/><T59/><D59/><U88/><E122/><V99/><F99/><W108/><G108/><T20/><D20/><U5/><E5/><V77/><F77/><W14/><G28/><T87/><D87/><U64/><E64/><V58/><F58/><W0/><G35/><T13/><D13/><U49/><E49/><V21/><F129/><W127/><G0/><T134/><D102/><U51/><E51/><V76/><F76/><W96/><G127/><N who="2" m="48681" /><F34/><W133/><G133/><T65/><D24/><U80/><REACH who="1" step="1"/><E90/><REACH who="1" ten="245,126,402,197" step="2"/><V120/><F120/><W101/><G69/><T31/><D65/><U60/><E60/><V30/><AGARI ba="3,3" hai="1,4,8,21,27,30,73,75" m="48681,40303" machi="30" ten="30,1100,0" yaku="18,1" doraHai="81" who="2" fromWho="2" sc="245,-6,126,-6,402,50,197,-8" owari="239,3.9,120,-38.0,452,55.2,189,-21.1" /></mjloggm>