<mjloggm ver="2.3"><GO type="225" lobby="0"/><UN n0="%E3%81%95%E3%81%8D%E3%81%9F%E3%81%BE%E6%9E%97%E6%AA%8E" n1="%72%69%6F%75%63%68%61%6E" n2="%E6%9D%B1%E9%A2%A8%E3%81%AE%E3%81%8D%E3%82%83%E3%81%B7%E3%81%95%E3%82%93" n3="%70%68%65%6E%6F%6D%65" dan="16,16,16,16" rate="2089.24,2116.06,2171.00,2161.45" sx="M,M,M,M"/><TAIKYOKU oya="0"/><INIT seed="0,0,0,3,5,129" ten="250,250,250,250" oya="0" hai0="80,10,113,97,52,38,114,132,29,124,92,37,25" hai1="54,75,65,58,64,55,2,59,40,116,24,91,50" hai2="3,28,110,86,120,17,66,127,26,69,98,21,108" hai3="105,102,14,95,112,83,51,18,107,30,111,88,62"/><T131/><D131/><U42/><E2/><V103/><F120/><W96/><G112/><T93/><D124/><U68/><E75/><V11/><F127/><W100/><G111/><N who="2" m="42537" /><F86/><W74/><G30/><T104/><D104/><U77/><E77/><V31/><F66/><N who="1" m="25705" /><E91/><V27/><F69/><W41/><G62/><T4/><D80/><U126/><E24/><N who="2" m="14383" /><F98/><W19/><G18/><T16/><D93/><U33/><E33/><N who="2" m="20631" /><F103/><W9/><G102/><T84/><D84/><U101/><E101/><V49/><F49/><W12/><G100/><T67/><D97/><U79/><E79/><V5/><F27/><W78/><G41/><N who="1" m="15978" /><E126/><V128/><F31/><W117/><G51/><T1/><D25/><U118/><E68/><V44/><F44/><W15/><G105/><T32/><D29/><U34/><E34/><V53/><F53/><N who="1" m="19977" /><E50/><V122/><F122/><W115/><G107/><T35/><D32/><U85/><E85/><V36/><F36/><W45/><G74/><T119/><D35/><U133/><E58/><V134/><F128/><W121/><G121/><T6/><D92/><U135/><E59/><V61/><F61/><W72/><G45/><T76/><D76/><U71/><E71/><V39/><F39/><W23/><G72/><T43/><D43/><U46/><E46/><V47/><F47/><W60/><G78/><T70/><D70/><U89/><E89/><V7/><F7/><N who="3" m="3135" /><G83/><T63/><D4/><U90/><E90/><V130/><F130/><W99/><G96/><T57/><D6/><U82/><E82/><V73/><F73/><W22/><G99/><RYUUKYOKU ba="0,0" sc="250,-15,250,15,250,15,250,-15" hai1="116,118,133,135" hai2="3,5,11,134" /><INIT seed="1,1,0,3,4,1" ten="235,265,265,235" oya="1" hai0="33,11,87,81,104,65,92,110,128,90,109,120,46" hai1="91,117,49,64,18,51,19,22,103,69,67,37,124" hai2="8,47,114,96,98,52,70,83,38,58,100,115,45" hai3="118,133,57,62,127,21,36,131,56,17,134,88,14"/><U97/><E117/><V82/><F70/><W53/><G118/><T7/><D33/><U130/><E124/><V85/><F8/><W93/><G127/><T43/><D104/><U78/><E130/><V15/><F15/><W79/><G131/><T30/><D128/><U4/><E37/><V55/><F100/><W63/><G36/><T28/><D120/><U101/><E78/><V77/><F38/><W66/><REACH who="3" step="1"/><G79/><REACH who="3" ten="235,265,265,225" step="2"/><T71/><D110/><U13/><E69/><V89/><F77/><W10/><G10/><T48/><D109/><U129/><E129/><V125/><F125/><W122/><G122/><T132/><D132/><U9/><E91/><V0/><F89/><W35/><G35/><T31/><D71/><U108/><E108/><V84/><F58/><W119/><G119/><T75/><D75/><U80/><E103/><V60/><F60/><W95/><G95/><T25/><D92/><N who="1" m="58535" /><E80/><V94/><F94/><W72/><G72/><T68/><D68/><U2/><E2/><AGARI ba="1,1" hai="0,2,45,47,52,55,82,83,84,85,96,98,114,115" machi="2" ten="25,3200,0" yaku="22,2,54,1" doraHai="1" who="2" fromWho="1" sc="235,0,265,-35,265,45,225,0" /><INIT seed="2,0,0,3,4,84" ten="235,230,310,225" oya="2" hai0="18,104,44,14,8,21,17,122,32,57,107,131,22" hai1="35,118,3,134,109,38,97,42,126,20,92,114,91" hai2="51,28,53,63,34,98,105,116,49,67,73,64,129" hai3="95,120,70,60,74,90,111,103,55,117,1,106,45"/><V128/><F73/><W83/><G117/><T99/><D122/><U88/><E114/><V130/><F28/><W102/><G120/><T68/><D68/><U87/><E118/><V79/><F34/><W123/><G123/><T81/><D32/><U85/><E35/><V46/><F79/><N who="3" m="44535" /><G1/><T59/><D131/><U77/><E3/><V54/><F116/><W48/><G60/><T86/><D44/><U75/><E109/><V37/><F98/><N who="3" m="61783" /><G70/><T12/><D8/><U40/><E126/><V66/><F105/><W65/><G103/><T50/><D99/><U108/><E108/><V94/><F94/><W113/><G111/><T15/><D15/><U31/><E134/><V101/><F101/><W135/><G65/><T16/><D18/><U72/><E72/><V96/><F96/><W23/><G23/><T100/><D100/><U2/><E2/><V4/><F4/><W110/><G110/><T6/><D6/><U119/><E119/><V69/><F37/><W82/><G82/><T61/><D50/><U76/><E38/><V89/><F89/><N who="1" m="34377" /><E75/><V132/><F132/><W47/><G135/><T41/><D107/><U13/><E97/><V127/><F127/><W93/><G93/><T10/><D104/><U29/><E92/><V56/><AGARI ba="0,0" hai="46,49,51,53,54,56,63,64,66,67,69,128,129,130" machi="56" ten="30,12000,1" yaku="0,1,19,1,34,3" doraHai="84" who="2" fromWho="2" sc="235,-40,230,-40,310,120,225,-40" /><INIT seed="2,1,0,2,1,117" ten="195,190,430,185" oya="2" hai0="45,38,126,84,71,29,43,89,62,112,18,88,72" hai1="8,106,80,79,53,64,26,109,13,78,83,128,0" hai2="7,14,47,102,81,42,66,92,125,61,19,124,59" hai3="118,9,15,100,104,74,4,97,23,11,50,55,121"/><V16/><F81/><W2/><G118/><T70/><D112/><U33/><E0/><V115/><F115/><W93/><G74/><T3/><D72/><U32/><E106/><V46/><F7/><W35/><G35/><T28/><D3/><U49/><E109/><V132/><F132/><W119/><G119/><T6/><D126/><U85/><E128/><V58/><F58/><W39/><G39/><T103/><D103/><U116/><E116/><V27/><F27/><W25/><G121/><T127/><D127/><N who="2" m="48714" /><F14/><W48/><G104/><T12/><D6/><U54/><E64/><V113/><F113/><W122/><G122/><T52/><D71/><U82/><E26/><V134/><F134/><W135/><G135/><T95/><D89/><U30/><E30/><V105/><F105/><W44/><G50/><T40/><D40/><U94/><E53/><V75/><F75/><W22/><G25/><T1/><D1/><U76/><E94/><V63/><F63/><W133/><G133/><T108/><D108/><U129/><E129/><V123/><F123/><W111/><G111/><T5/><D5/><AGARI ba="1,0" hai="2,4,5,9,11,15,22,23,44,48,55,93,97,100" machi="5" ten="30,1000,0" yaku="7,1" doraHai="117" who="3" fromWho="0" sc="195,-13,190,0,430,0,185,13" /><INIT seed="3,0,0,3,3,113" ten="182,190,430,198" oya="3" hai0="28,23,95,50,90,40,61,73,84,125,118,109,78" hai1="25,55,106,1,79,97,8,135,58,56,19,115,5" hai2="21,129,57,11,35,71,70,87,32,15,117,86,42" hai3="105,31,64,7,134,76,36,92,37,62,100,121,83"/><W94/><G121/><T127/><D118/><U93/><E115/><V20/><F117/><W77/><G105/><T128/><D109/><U75/><E106/><V107/><F107/><W88/><G7/><T52/><D128/><U112/><E112/><V6/><F42/><W29/><G134/><T48/><D40/><U72/><E135/><V24/><F21/><W81/><G100/><T103/><D103/><U18/><E56/><V66/><F57/><N who="3" m="36943" /><G36/><T99/><D73/><U98/><E98/><V38/><F129/><W53/><G37/><T17/><D28/><N who="3" m="10825" /><G94/><T46/><D61/><U41/><E41/><V74/><F74/><W51/><G81/><N who="0" m="47159" /><D50/><U65/><E65/><V14/><F38/><W110/><G83/><T126/><D17/><U47/><E79/><V43/><F43/><W63/><G63/><T12/><D12/><U16/><E25/><V119/><F15/><W27/><G27/><T69/><D69/><U33/><E33/><V39/><F39/><W49/><G49/><T96/><D96/><U114/><E114/><V22/><F119/><W85/><G110/><T60/><D60/><N who="1" m="35935" /><E75/><V89/><F71/><W2/><G2/><T34/><D34/><U26/><E72/><V9/><F70/><W13/><G13/><T0/><D0/><U116/><E116/><V80/><F6/><W131/><G131/><T123/><D123/><U104/><E104/><V101/><F101/><W124/><G124/><T4/><D4/><U30/><E30/><V59/><F80/><W111/><G111/><T122/><D122/><U82/><E26/><V67/><F24/><RYUUKYOKU ba="0,0" sc="182,15,190,-15,430,-15,198,15" hai0="23,46,48,52,90,95,99,125,126,127" hai3="51,53,76,77,85,88,92" /><INIT seed="3,1,0,5,2,45" ten="197,175,415,213" oya="3" hai0="86,130,24,124,78,58,40,132,88,32,106,71,30" hai1="76,105,75,26,57,80,43,44,119,128,51,4,14" hai2="68,5,110,89,113,17,61,103,84,55,39,98,21" hai3="3,48,108,9,11,2,15,59,74,54,79,69,13"/><W92/><G69/><T0/><D71/><U67/><E105/><V111/><F39/><W35/><G35/><T117/><D117/><U12/><E119/><V135/><F5/><W112/><G112/><T7/><D106/><U41/><E128/><V20/><F113/><W10/><G108/><N who="2" m="41513" /><F135/><W104/><G104/><T73/><D132/><U1/><E41/><V6/><F6/><W49/><G74/><T93/><D124/><U19/><E1/><V52/><F68/><W53/><G79/><T100/><D100/><U56/><E67/><V109/><N who="2" m="41521" /><V96/><DORA hai="63" /><F103/><W99/><G2/><T126/><D126/><U77/><E77/><V95/><F21/><W83/><G83/><T50/><D130/><U23/><REACH who="1" step="1"/><E4/><REACH who="1" ten="197,165,415,213" step="2"/><V66/><F66/><W121/><G3/><T62/><D78/><U97/><E97/><N who="2" m="37483" /><F61/><W101/><G121/><T36/><D62/><U122/><E122/><V38/><F38/><W120/><G120/><T82/><D36/><U25/><E25/><AGARI ba="1,1" hai="17,20,25,52,55,84,89,95" m="37483,41521" machi="25" ten="40,2600,0" yaku="14,1,54,1" doraHai="45,63" who="2" fromWho="1" sc="197,0,165,-29,415,39,213,0" owari="197,-20.3,136,-36.4,454,55.4,213,1.3" /></mjloggm>