<mjloggm ver="2.3"><GO type="225" lobby="0"/><UN n0="%E7%B4%94%E6%BD%94%E3%83%94%E3%83%A9%E3%83%8B%E3%82%A2" n1="%33%74%72%65%65" n2="%E6%97%A5%E6%9B%9C%E6%97%A5%E3%82%88%E3%82%8A%E3%81%AE%E4%BD%BF%E8%80%85" n3="%E7%99%BD%E5%80%89%E5%AF%9B%E4%B9%8B" dan="17,17,17,16" rate="2216.29,2117.48,2224.07,2141.95" sx="M,F,M,M"/><TAIKYOKU oya="0"/><INIT seed="0,0,0,0,3,134" ten="250,250,250,250" oya="0" hai0="21,34,63,108,37,79,56,22,46,83,88,4,75" hai1="47,121,130,44,126,51,54,123,30,10,9,16,40" hai2="107,89,132,43,12,38,13,70,45,118,66,24,92" hai3="104,85,6,55,3,98,53,49,31,57,14,35,116"/><T19/><D34/><U97/><E130/><V67/><F107/><W133/><G133/><T42/><D108/><U28/><E126/><V129/><F129/><W5/><G3/><T115/><D115/><U120/><E97/><V90/><F132/><W99/><G116/><T18/><D18/><U103/><E103/><V78/><F118/><W80/><G35/><T59/><D22/><U72/><E72/><V86/><F78/><W101/><G31/><T76/><D76/><U25/><E30/><V62/><F67/><W131/><G131/><T71/><D71/><U8/><E28/><V50/><F24/><W100/><G14/><T105/><D105/><U102/><E102/><V58/><REACH who="2" step="1"/><F90/><REACH who="2" ten="250,250,240,250" step="2"/><W81/><G104/><T128/><D128/><U11/><E120/><V113/><F113/><W127/><G101/><T117/><D117/><U73/><E73/><V124/><F124/><W87/><G100/><T135/><D135/><U2/><E2/><V125/><F125/><W96/><G127/><T111/><D111/><U33/><E33/><V23/><F23/><W7/><G55/><AGARI ba="0,1" hai="12,13,38,43,45,50,55,58,62,66,70,86,89,92" machi="55" ten="40,5200,0" yaku="1,1,24,2,53,0" doraHai="134" doraHaiUra="1" who="2" fromWho="3" sc="250,0,250,0,240,62,250,-52" /><INIT seed="1,0,0,2,3,82" ten="250,250,302,198" oya="1" hai0="112,2,17,124,11,91,46,78,132,117,18,72,120" hai1="60,64,88,22,32,28,10,69,71,15,61,111,129" hai2="1,40,44,133,48,75,126,6,63,34,101,51,83" hai3="104,113,33,84,74,29,107,68,50,9,53,108,76"/><U12/><E129/><V54/><F34/><W57/><G68/><T59/><D59/><U95/><E111/><V38/><F126/><W94/><G108/><T62/><D62/><U99/><E32/><V67/><F101/><W109/><G109/><T103/><D46/><U134/><E134/><V100/><F100/><W23/><G113/><T45/><D45/><U128/><E128/><V31/><F31/><W30/><G33/><T127/><D78/><U66/><REACH who="1" step="1"/><E10/><REACH who="1" ten="250,240,302,198" step="2"/><N who="2" m="2383" /><F133/><W4/><G9/><T85/><D11/><U86/><E86/><V35/><F35/><W80/><G74/><T65/><D85/><U0/><E0/><V52/><F52/><W97/><G4/><T27/><D2/><U105/><E105/><V20/><F54/><W19/><G107/><T92/><D72/><U21/><E21/><V96/><F20/><W115/><G104/><T130/><D130/><U7/><E7/><V5/><F5/><W55/><G55/><T14/><D132/><U119/><E119/><V93/><F67/><W36/><G115/><T131/><D65/><U122/><E122/><V87/><F87/><W123/><G123/><T56/><D131/><U98/><E98/><V42/><F75/><W16/><G36/><T135/><D135/><U125/><E125/><V79/><F38/><W121/><G121/><T73/><D73/><U114/><E114/><V26/><F96/><W41/><G23/><T58/><D124/><U106/><E106/><V24/><F42/><W13/><G41/><T49/><D127/><U90/><E90/><V118/><F40/><W70/><G97/><RYUUKYOKU ba="0,1" sc="250,-10,240,30,302,-10,198,-10" hai1="12,15,22,28,60,61,64,66,69,71,88,95,99" /><INIT seed="1,1,1,0,5,84" ten="240,270,292,188" oya="1" hai0="127,44,57,22,129,58,39,87,99,28,66,108,53" hai1="90,35,93,100,15,38,112,120,16,101,69,82,62" hai2="119,56,13,17,117,45,75,134,81,76,21,0,80" hai3="96,51,49,3,115,83,104,116,111,61,102,1,94"/><U98/><E112/><V73/><F0/><W18/><G115/><T10/><D108/><U37/><E120/><V122/><F122/><W72/><G111/><T109/><D127/><U40/><E35/><V9/><F134/><W43/><G116/><T27/><D129/><U59/><E69/><V50/><F56/><W97/><G61/><T131/><D131/><U65/><E40/><V91/><F21/><W8/><G43/><T105/><D105/><U89/><E38/><V12/><F12/><W54/><G51/><T78/><D39/><U52/><E37/><V60/><F60/><W55/><G55/><T23/><D99/><U29/><E29/><V46/><F46/><W133/><G133/><T71/><D71/><U125/><E125/><V113/><F113/><W114/><G114/><T24/><D10/><N who="1" m="6263" /><E65/><V86/><F75/><W130/><G130/><T47/><D66/><U20/><E20/><V126/><F126/><W118/><G118/><T63/><D58/><U77/><E77/><V110/><F110/><W26/><G72/><T48/><D63/><U79/><E79/><V41/><AGARI ba="1,1" hai="9,13,17,41,45,50,73,76,80,81,86,91,117,119" machi="41" ten="20,2700,0" yaku="0,1,7,1,52,1" doraHai="84" who="2" fromWho="2" sc="240,-8,270,-14,292,40,188,-8" /><INIT seed="2,0,0,4,1,66" ten="232,256,332,180" oya="2" hai0="119,104,68,24,88,2,59,28,7,13,78,72,129" hai1="97,4,25,87,63,36,109,99,83,8,115,22,70" hai2="73,19,82,91,20,79,67,62,95,90,50,127,84" hai3="18,89,112,6,94,40,75,29,65,0,113,46,9"/><V117/><F117/><W100/><G100/><T1/><D104/><U43/><E115/><V126/><F50/><W14/><G75/><T118/><D78/><U44/><E109/><V17/><F90/><W102/><G102/><T57/><D72/><U106/><E106/><V37/><F37/><W49/><G65/><T21/><D68/><U128/><E128/><V33/><F33/><W11/><REACH who="3" step="1"/><G29/><REACH who="3" ten="232,256,332,170" step="2"/><T108/><D108/><U47/><E47/><V15/><F67/><W42/><G42/><T124/><D119/><U80/><E44/><V114/><F73/><W35/><G35/><T48/><D118/><U74/><E43/><V34/><F34/><W103/><G103/><T105/><D105/><U133/><E74/><V125/><F125/><W76/><G76/><T31/><D124/><U30/><E30/><V98/><F126/><W86/><AGARI ba="0,1" hai="0,6,9,11,14,18,40,46,49,86,89,94,112,113" machi="86" ten="30,2000,0" yaku="1,1,0,1,53,0" doraHai="66" doraHaiUra="93" who="3" fromWho="3" sc="232,-5,256,-5,332,-10,170,30" /><INIT seed="3,0,0,5,1,15" ten="227,251,322,200" oya="3" hai0="128,43,111,47,89,39,35,18,59,19,87,135,46" hai1="44,50,124,101,115,104,2,8,91,49,86,55,45" hai2="54,0,96,134,112,60,74,88,4,9,56,92,26" hai3="94,97,132,37,127,82,62,129,10,24,117,110,99"/><W120/><G117/><T23/><D35/><U90/><E115/><V123/><F112/><W84/><G120/><T36/><D111/><U95/><E124/><V71/><F74/><W118/><G118/><T7/><D128/><U126/><E126/><V20/><F123/><W114/><G37/><T11/><D135/><U125/><E125/><V93/><F134/><W76/><G127/><T21/><D59/><U68/><E68/><V81/><F71/><W108/><G114/><T13/><D46/><U22/><E90/><V73/><F73/><W102/><G132/><T41/><D43/><U63/><E63/><V27/><F81/><W34/><G129/><T133/><D36/><U65/><E65/><V83/><F83/><W48/><G62/><T53/><D53/><U79/><E79/><V38/><F38/><W122/><G122/><T100/><D100/><U109/><E109/><N who="3" m="42090" /><G48/><T77/><D77/><U69/><E50/><V28/><F60/><W58/><G58/><T116/><D133/><U121/><E49/><V17/><F56/><W33/><G10/><T107/><D107/><U119/><E104/><V40/><F40/><W103/><G24/><T1/><D116/><U131/><E69/><V75/><F27/><W64/><G64/><T61/><D61/><U29/><E119/><V51/><F51/><W130/><G130/><T3/><D11/><U66/><E8/><V106/><F54/><W67/><G67/><T6/><D3/><U32/><E66/><V12/><F106/><AGARI ba="0,0" hai="33,34,76,82,84,94,97,99,102,103,106" m="42090" machi="106" ten="30,2900,0" yaku="14,1,10,1" doraHai="15" who="3" fromWho="2" sc="227,0,251,0,322,-29,200,29" /><INIT seed="3,1,0,1,4,42" ten="227,251,293,229" oya="3" hai0="34,88,114,117,128,78,134,56,38,112,20,12,71" hai1="23,49,105,65,91,84,82,95,62,131,52,13,125" hai2="37,53,39,8,47,73,16,86,45,35,59,50,58" hai3="63,36,126,1,99,0,102,66,25,100,19,7,115"/><W18/><G115/><N who="0" m="44075" /><D117/><U123/><E123/><V113/><F73/><W127/><G36/><T85/><D71/><U93/><E105/><V96/><F35/><W79/><G79/><T14/><D34/><U70/><E125/><N who="3" m="47626" /><G7/><T122/><D122/><U110/><E110/><V130/><F113/><W40/><G40/><T60/><D38/><U51/><E51/><N who="2" m="28911" /><F39/><W98/><G63/><T32/><D32/><U119/><E131/><V97/><F37/><W5/><G66/><N who="0" m="39175" /><D128/><U28/><E119/><V48/><F130/><W4/><G4/><T92/><D134/><U64/><E64/><V124/><F124/><W21/><G5/><T72/><D20/><U57/><E28/><V74/><F74/><W22/><G22/><T24/><D24/><U129/><E129/><V83/><F58/><W30/><G1/><T33/><D33/><U135/><E135/><V61/><F59/><W104/><G0/><T76/><D76/><U43/><E43/><N who="2" m="24703" /><F50/><W81/><G81/><AGARI ba="1,0" hai="12,14,72,78,81,85,88,92" m="39175,44075" machi="81" ten="30,2000,0" yaku="11,1,54,1" doraHai="42" who="0" fromWho="3" sc="227,23,251,0,293,0,229,-23" /><INIT seed="4,0,0,0,1,64" ten="250,251,293,206" oya="0" hai0="124,24,46,108,125,66,91,132,115,12,87,10,81" hai1="35,103,77,17,90,45,55,102,113,89,23,39,67" hai2="25,101,28,79,19,26,5,117,111,32,133,129,61" hai3="85,49,57,6,4,47,83,2,21,52,22,98,116"/><T14/><D115/><U13/><E35/><V110/><F79/><W38/><G116/><T44/><D132/><U97/><E113/><V72/><F72/><W15/><G2/><T86/><D108/><U7/><E77/><V70/><F5/><N who="3" m="2155" /><G38/><T63/><D24/><U29/><E7/><V75/><F75/><W71/><G71/><T62/><D10/><U131/><E131/><V76/><F76/><N who="3" m="46311" /><G15/><N who="0" m="5675" /><D86/><U107/><E102/><V51/><F133/><W99/><G57/><N who="0" m="37199" /><D63/><U11/><E67/><N who="2" m="41327" /><F51/><W48/><G48/><T54/><D54/><U106/><E106/><V126/><F117/><W109/><G109/><T93/><D81/><U41/><E55/><V92/><F111/><W58/><G58/><T68/><D68/><U65/><E65/><V119/><F110/><W74/><G74/><T60/><D60/><U105/><E105/><V73/><F73/><W123/><G123/><T96/><D87/><U122/><E122/><V128/><F119/><W118/><G118/><T82/><D82/><U1/><E1/><V88/><F32/><W104/><G104/><T31/><D31/><U3/><E3/><V112/><F28/><W20/><AGARI ba="0,0" hai="20,21,22,47,49,52,98,99" m="46311,2155" machi="20" ten="30,2000,0" yaku="8,1,54,1" doraHai="64" who="3" fromWho="3" sc="250,-10,251,-5,293,-5,206,20" /><INIT seed="5,0,0,4,2,99" ten="240,246,288,226" oya="1" hai0="69,33,133,20,98,129,40,92,101,88,103,132,1" hai1="135,64,35,5,74,72,62,50,45,57,116,44,21" hai2="117,0,51,84,111,106,61,23,3,70,34,58,4" hai3="32,96,94,78,16,112,55,52,134,18,93,120,126"/><U81/><E116/><V11/><F34/><W38/><G32/><T12/><D33/><U2/><E35/><V123/><F106/><W127/><G38/><T85/><D129/><U36/><E135/><N who="0" m="51785" /><D69/><U113/><E113/><V86/><F70/><W67/><G134/><T68/><D68/><U26/><E81/><V115/><F0/><W95/><G67/><T53/><D1/><U29/><E36/><V75/><F75/><W119/><G119/><T107/><D40/><U6/><E44/><V91/><F111/><W130/><G130/><T47/><D47/><U128/><E128/><V125/><F123/><W49/><G112/><T7/><D53/><N who="3" m="20553" /><G49/><T19/><D7/><U15/><E2/><V24/><F51/><W104/><G120/><T46/><D46/><U9/><REACH who="1" step="1"/><E6/><REACH who="1" ten="240,236,288,226" step="2"/><V42/><F4/><W108/><G108/><T39/><D39/><U25/><E25/><V114/><F24/><W14/><G78/><T13/><D12/><U97/><E97/><V63/><F3/><W71/><G14/><T110/><D110/><U60/><E60/><V90/><F63/><W76/><G76/><T30/><D98/><U121/><E121/><V124/><F114/><W66/><G71/><T31/><D107/><U87/><E87/><V102/><F115/><W122/><G122/><T83/><D83/><U77/><E77/><V73/><F117/><W79/><G79/><T54/><D54/><AGARI ba="0,1" hai="5,9,15,21,26,29,45,50,54,57,62,64,72,74" machi="54" ten="30,5800,0" yaku="1,1,7,1,53,1" doraHai="99" doraHaiUra="43" who="1" fromWho="0" sc="240,-58,236,68,288,0,226,0" owari="182,-31.8,304,40.4,288,8.8,226,-17.4" /></mjloggm>