<mjloggm ver="2.3"><GO type="225" lobby="0"/><UN n0="%E9%A6%AC%E5%BC%95%E7%81%AB%33" n1="%E6%A1%9C%E8%8A%B1%E9%96%83%E3%80%85" n2="%E3%83%96%E3%83%83%E3%83%91%E3%82%AA%E3%83%96%E3%83%81%E3%82%AD%E3%83%B3" n3="%E3%83%A9%E3%82%B9%E7%8E%87%EF%BC%93%E5%89%B2" dan="16,16,16,17" rate="2148.59,2167.61,2188.49,2220.34" sx="M,M,M,F"/><TAIKYOKU oya="0"/><INIT seed="0,0,0,5,2,96" ten="250,250,250,250" oya="0" hai0="63,54,41,98,102,62,53,70,99,134,117,50,49" hai1="122,69,56,93,112,119,58,16,110,113,109,74,111" hai2="13,31,126,44,57,2,35,64,1,130,125,67,47" hai3="66,15,84,120,23,60,106,24,83,127,85,11,48"/><T45/><D117/><U76/><E122/><V73/><F73/><W135/><G135/><T108/><D134/><U21/><E69/><V79/><F79/><W61/><G127/><N who="2" m="48649" /><F130/><W90/><G106/><T46/><D108/><U68/><E68/><V88/><F13/><W5/><G120/><T6/><D6/><U10/><E10/><V77/><F77/><W3/><G3/><N who="2" m="1033" /><F35/><W103/><G103/><T37/><D70/><U104/><E104/><V14/><F31/><W17/><G66/><N who="2" m="25129" /><F14/><W19/><G85/><T28/><D28/><U22/><E76/><V128/><F128/><W81/><G81/><T18/><D18/><U118/><E74/><V82/><F57/><N who="1" m="22121" /><E93/><V100/><F100/><W34/><G34/><T91/><D91/><U116/><E16/><V101/><F101/><W114/><G114/><AGARI ba="0,0" hai="21,22,109,110,111,112,113,114,116,118,119" m="22121" machi="114" ten="50,8000,1" yaku="28,2,14,1,11,1" doraHai="96" who="1" fromWho="3" sc="250,0,250,80,250,0,250,-80" /><INIT seed="1,0,0,3,1,48" ten="250,330,250,170" oya="1" hai0="81,111,56,24,61,57,46,85,135,10,31,115,22" hai1="39,62,95,119,54,30,134,16,86,114,40,26,38" hai2="0,127,91,132,123,101,122,103,11,36,124,42,14" hai3="97,44,18,4,131,13,89,93,133,64,41,70,79"/><U99/><E114/><V73/><F73/><W50/><G131/><T94/><D115/><U108/><E119/><V15/><F36/><W9/><G133/><T34/><D135/><U120/><E134/><V66/><F42/><W47/><G70/><T77/><D111/><U113/><E113/><V8/><F132/><W75/><G75/><T43/><D10/><U49/><E120/><V118/><F66/><W88/><G64/><T19/><D94/><U121/><E121/><V92/><F92/><W6/><G79/><T109/><D109/><U110/><E86/><V35/><F35/><W63/><G63/><T96/><D96/><U51/><E39/><V125/><F91/><W112/><G112/><T67/><D57/><N who="1" m="35127" /><E30/><V59/><F59/><W28/><G28/><T17/><D34/><U53/><E38/><AGARI ba="0,0" hai="17,19,22,24,31,38,43,46,56,61,67,77,81,85" machi="38" ten="30,1000,0" yaku="7,1" doraHai="48" who="0" fromWho="1" sc="250,10,330,-10,250,0,170,0" /><INIT seed="2,0,0,5,0,85" ten="260,320,250,170" oya="2" hai0="114,31,79,98,76,127,96,125,28,9,20,119,99" hai1="10,87,19,78,81,106,110,135,33,92,30,29,82" hai2="133,89,60,74,111,0,129,83,11,107,46,68,75" hai3="23,24,63,32,44,113,95,66,97,2,38,13,56"/><V12/><F107/><W62/><G113/><T43/><D114/><U14/><E106/><V124/><F0/><W17/><G2/><T42/><D9/><U39/><E39/><V118/><F118/><W123/><G123/><T7/><D7/><U41/><E110/><V121/><F121/><W105/><G105/><T134/><D134/><U104/><E104/><V93/><F133/><W90/><G63/><T71/><D71/><U48/><E33/><V100/><F129/><W34/><REACH who="3" step="1"/><G24/><REACH who="3" ten="260,320,250,160" step="2"/><T86/><D119/><U55/><E135/><V120/><F60/><W128/><G128/><T40/><D127/><U53/><E29/><V91/><F124/><W52/><G52/><T16/><D31/><U115/><E30/><V54/><F120/><W25/><G25/><T112/><D28/><U70/><E55/><V27/><F54/><W49/><G49/><T67/><D112/><U1/><E53/><V59/><F27/><W15/><G15/><T72/><D125/><U116/><E1/><V108/><F12/><W77/><G77/><T57/><D79/><U50/><E50/><V69/><F111/><W47/><G47/><T88/><D76/><U4/><E78/><V21/><F46/><W61/><G61/><T126/><D126/><U131/><E131/><V84/><F108/><W26/><G26/><T51/><D51/><U73/><E48/><V36/><F36/><W122/><G122/><T6/><D40/><AGARI ba="0,1" hai="13,17,23,32,34,38,40,44,56,62,66,90,95,97" machi="40" ten="40,5200,0" yaku="1,1,52,1,53,1" doraHai="85" doraHaiUra="8" who="3" fromWho="0" sc="260,-52,320,0,250,0,160,62" /><INIT seed="3,0,0,1,3,1" ten="208,320,250,222" oya="3" hai0="40,119,20,21,113,38,118,99,59,84,133,77,56" hai1="13,81,58,37,25,48,51,24,83,11,125,107,27" hai2="66,42,96,55,87,23,71,46,35,6,92,8,0" hai3="12,4,116,44,78,62,34,41,60,45,3,105,98"/><W117/><G34/><T122/><D122/><U88/><E37/><V132/><F132/><W26/><G3/><T17/><D133/><U101/><E125/><V95/><F35/><W129/><G129/><T15/><D113/><U64/><E107/><V97/><F55/><W114/><G114/><T120/><D120/><U128/><E101/><V104/><F104/><W49/><G26/><T74/><D74/><U32/><E128/><V76/><F76/><W7/><G12/><T109/><D109/><U79/><E88/><V68/><F87/><W90/><G105/><T2/><D2/><U82/><E79/><V89/><F66/><W130/><G78/><T52/><D99/><U50/><E64/><V86/><F23/><W67/><G130/><T5/><D5/><N who="3" m="2121" /><G117/><T9/><D20/><U22/><E22/><V36/><REACH who="2" step="1"/><F86/><REACH who="2" ten="208,320,240,222" step="2"/><W47/><G116/><T80/><D21/><U30/><E32/><V63/><F63/><N who="3" m="24107" /><G67/><T65/><D65/><U94/><E30/><V91/><AGARI ba="0,1" hai="0,6,8,36,42,46,68,71,89,91,92,95,96,97" machi="91" ten="20,8000,1" yaku="1,1,0,1,7,1,9,1,52,1,53,0" doraHai="1" doraHaiUra="110" who="2" fromWho="2" sc="208,-20,320,-20,240,90,222,-40" owari="188,-21.2,300,10.0,330,43.0,182,-31.8" /></mjloggm>