<mjloggm ver="2.3"><GO type="225" lobby="0"/><UN n0="%E3%83%B4%E3%83%A0%EF%BC%99%E3%81%A6" n1="%E3%83%A9%E3%82%B9%E7%8E%87%EF%BC%93%E5%89%B2" n2="%79%75%72%69%6D%6F%67" n3="%E9%B3%B3%E6%9D%B1%E3%81%AE%E3%81%BF%E3%81%91%E3%81%AB%E3%82%83%E3%82%93" dan="16,17,16,16" rate="2192.14,2204.59,2190.19,2172.56" sx="M,F,F,F"/><TAIKYOKU oya="0"/><INIT seed="0,0,0,5,4,17" ten="250,250,250,250" oya="0" hai0="60,4,14,72,128,88,92,71,89,31,77,2,124" hai1="91,87,86,25,41,83,51,104,16,3,63,67,28" hai2="58,76,123,21,61,122,133,43,56,113,46,11,42" hai3="117,108,62,95,75,29,1,39,102,130,40,26,116"/><T99/><D2/><U73/><E104/><V85/><F113/><W135/><G75/><T82/><D124/><U84/><E3/><V79/><F11/><W107/><G107/><T47/><D128/><U127/><E127/><V105/><F105/><W10/><G40/><T20/><D47/><U59/><E73/><V50/><F133/><W96/><G39/><T110/><D110/><U119/><E119/><V90/><F43/><W36/><G36/><T64/><D4/><U120/><E120/><V98/><F98/><W34/><G135/><T0/><D0/><U18/><E18/><V68/><F68/><W8/><G130/><T19/><REACH who="0" step="1"/><D31/><REACH who="0" ten="240,250,250,250" step="2"/><U24/><E28/><V131/><F123/><W54/><G108/><T132/><D132/><U6/><E6/><V55/><F131/><W49/><G1/><T12/><D12/><U97/><E25/><V23/><F122/><W30/><G30/><T15/><D15/><U38/><E38/><V114/><F114/><W65/><G116/><T27/><D27/><U32/><E32/><V126/><F126/><W52/><G117/><T121/><D121/><U9/><E24/><V129/><F129/><W45/><REACH who="3" step="1"/><G54/><REACH who="3" ten="240,250,250,240" step="2"/><T69/><D69/><AGARI ba="0,2" hai="8,10,26,29,34,45,49,52,62,65,69,95,96,102" machi="69" ten="30,8000,1" yaku="1,1,2,1,7,1,54,1,53,1" doraHai="17" doraHaiUra="48" who="3" fromWho="0" sc="240,-80,250,0,250,0,240,100" /><INIT seed="1,0,0,0,0,119" ten="160,250,250,340" oya="1" hai0="92,67,88,81,8,22,66,49,55,28,69,105,59" hai1="70,123,79,111,127,95,40,115,62,103,45,32,96" hai2="15,7,51,72,106,30,46,56,87,133,64,65,47" hai3="39,80,14,77,37,31,125,134,21,90,135,34,130"/><U1/><E115/><V83/><F72/><W131/><G90/><T129/><D129/><N who="3" m="49161" /><G34/><T9/><D105/><U114/><E114/><V84/><F106/><W71/><G71/><T25/><D81/><U117/><E117/><V97/><F97/><W126/><G14/><T20/><D20/><U82/><E127/><N who="3" m="48650" /><G21/><T93/><D93/><U16/><E111/><V33/><F133/><N who="3" m="50699" /><G31/><T43/><D69/><U78/><E32/><V58/><F30/><W102/><G102/><T17/><D28/><U116/><E70/><V76/><F15/><W54/><G54/><T60/><D22/><U27/><E103/><V6/><F33/><W29/><G29/><T11/><D88/><U112/><E112/><V98/><F83/><W107/><G107/><T57/><D92/><U26/><E82/><V42/><F98/><W13/><G13/><T24/><D55/><U23/><E95/><V4/><F76/><W75/><AGARI ba="0,0" hai="37,39,75,77,80" m="50699,48650,49161" machi="75" ten="40,32000,5" yakuman="39" doraHai="119" who="3" fromWho="3" paoWho="2" sc="160,0,250,0,250,-320,340,320" owari="160,-24.0,250,5.0,-70,-57.0,660,76.0" /></mjloggm>