<mjloggm ver="2.3"><GO type="225" lobby="0"/><UN n0="%E6%98%93%E5%88%A9%E8%96%A9%E4%BC%AF" n1="%72%61%6B%33" n2="%E6%9C%88%E5%B3%B6%E5%9F%BA" n3="%E6%B4%BE%E9%81%A3%E3%81%AE%E3%82%B8%E3%83%A3%E3%83%83%E3%82%AF" dan="17,16,17,17" rate="2204.58,2102.40,2208.52,2163.71" sx="F,M,M,M"/><TAIKYOKU oya="0"/><INIT seed="0,0,0,3,1,2" ten="250,250,250,250" oya="0" hai0="102,14,51,108,32,12,71,122,62,113,47,118,115" hai1="16,41,9,104,29,45,127,59,18,80,67,121,93" hai2="77,4,74,50,92,109,1,84,24,130,106,100,55" hai3="96,43,6,119,124,42,82,65,57,81,8,98,25"/><T90/><D118/><U5/><E104/><V128/><F109/><W60/><G119/><T63/><D122/><U88/><E121/><V85/><F74/><W68/><G68/><T89/><D32/><U125/><E29/><V53/><F106/><W75/><G124/><N who="1" m="47690" /><E80/><N who="3" m="30826" /><G25/><T101/><D51/><N who="1" m="27055" /><E59/><V129/><F77/><W10/><G10/><T117/><D117/><U91/><E67/><V95/><F95/><W15/><G75/><T49/><D49/><U70/><E70/><V120/><F50/><W40/><AGARI ba="0,0" hai="6,8,15,40,42,43,57,60,65,96,98" m="30826" machi="40" ten="30,2000,0" yaku="8,1,52,1" doraHai="2" who="3" fromWho="3" sc="250,-10,250,-5,250,-5,250,20" /><INIT seed="1,0,0,3,3,15" ten="240,245,245,270" oya="1" hai0="125,37,65,84,77,93,8,119,47,120,67,114,75" hai1="99,18,7,61,102,131,64,71,27,54,46,91,12" hai2="89,74,42,9,117,66,96,21,104,31,63,79,59" hai3="40,44,85,4,132,62,45,123,11,33,100,3,68"/><U95/><E131/><V23/><F117/><W118/><G123/><T35/><D114/><U112/><E112/><V41/><F74/><W98/><G132/><T129/><D119/><U105/><E27/><N who="2" m="16879" /><F104/><W76/><G33/><T115/><D35/><U29/><E29/><V55/><F79/><W83/><G118/><T56/><D115/><U58/><E7/><V108/><F108/><W110/><G110/><T48/><D37/><U106/><E46/><V86/><F96/><W2/><G2/><T50/><D120/><U121/><E121/><V24/><F9/><W122/><G122/><T97/><D125/><U88/><E106/><V53/><F42/><W34/><G34/><T39/><D75/><U90/><E105/><V92/><F41/><W111/><G111/><T124/><D39/><U57/><REACH who="1" step="1"/><E54/><REACH who="1" ten="240,235,245,270" step="2"/><V69/><F55/><W16/><G40/><T1/><D47/><U14/><E14/><V38/><F53/><W22/><G44/><T10/><D129/><U127/><E127/><V0/><F0/><W70/><G45/><T134/><D1/><U101/><E101/><V94/><F38/><W43/><G43/><T133/><D124/><U135/><E135/><V78/><F24/><W17/><G100/><T5/><D5/><U80/><E80/><V49/><F92/><W25/><G4/><T116/><D134/><U60/><E60/><V130/><F130/><W51/><G3/><T128/><D133/><U126/><E126/><V26/><F94/><W81/><G62/><T20/><D116/><U6/><E6/><V82/><F63/><W36/><G36/><RYUUKYOKU ba="0,1" sc="240,-10,235,30,245,-10,270,-10" hai1="12,18,57,58,61,64,71,88,90,91,95,99,102" /><INIT seed="1,1,1,3,0,104" ten="230,265,235,260" oya="1" hai0="99,124,56,29,11,92,16,17,91,35,7,79,120" hai1="94,37,46,95,33,54,14,83,71,50,85,23,53" hai2="67,28,3,93,18,27,48,123,107,125,32,97,113" hai3="63,96,49,41,24,88,21,100,134,90,0,70,38"/><U8/><E33/><V61/><F123/><W13/><G0/><T36/><D120/><U89/><E71/><N who="2" m="42479" /><F3/><W43/><G38/><T78/><D36/><U66/><E66/><V82/><F125/><W118/><G134/><T133/><D133/><U69/><E69/><V102/><F113/><W76/><G76/><T122/><D122/><U19/><E37/><V130/><F130/><W25/><G118/><T98/><D124/><U74/><E74/><V45/><F18/><N who="3" m="10447" /><G63/><T64/><D99/><U111/><E111/><V106/><F106/><W22/><G70/><T47/><D47/><U119/><E119/><V10/><F93/><N who="3" m="58383" /><G24/><T126/><D126/><U9/><E53/><N who="2" m="29839" /><F82/><W103/><G103/><T52/><D64/><U68/><E68/><V1/><F1/><W30/><G49/><N who="0" m="30735" /><D29/><U129/><E129/><V117/><F117/><W6/><G6/><T121/><D121/><U55/><E55/><V62/><F62/><W116/><G116/><T20/><D35/><U128/><E128/><V132/><F132/><W81/><G90/><T127/><D127/><U101/><E101/><V80/><F80/><W60/><G60/><T15/><D7/><U57/><E57/><V77/><F77/><W44/><G44/><T58/><D58/><U86/><REACH who="1" step="1"/><E95/><REACH who="1" ten="230,255,235,260" step="2"/><V110/><F110/><W87/><AGARI ba="1,2" hai="22,25,30,41,43,81,87,88" m="58383,10447" machi="87" ten="30,2000,0" yaku="8,1,54,1" doraHai="104" who="3" fromWho="3" sc="230,-6,255,-11,235,-6,260,43" /><INIT seed="2,0,0,2,3,117" ten="224,244,229,303" oya="2" hai0="89,45,4,25,135,64,80,50,56,13,6,110,97" hai1="88,107,92,54,68,41,91,7,103,69,31,108,105" hai2="123,22,85,5,1,38,23,119,131,111,126,51,39" hai3="58,78,81,57,98,59,9,8,60,112,93,20,29"/><V40/><F119/><W17/><G29/><T77/><D110/><U128/><E108/><V90/><F111/><W100/><G112/><T73/><D135/><U132/><E132/><V18/><F131/><W63/><G81/><T21/><D13/><U42/><E31/><V134/><F134/><W66/><G78/><T83/><D56/><N who="3" m="21609" /><G60/><T122/><D64/><U26/><E103/><V118/><F118/><W28/><G28/><T27/><D122/><U46/><E46/><V84/><F123/><W49/><G49/><T47/><D27/><AGARI ba="0,0" hai="8,9,17,20,27,59,63,66,93,98,100" m="21609" machi="27" ten="30,1000,0" yaku="8,1" doraHai="117" who="3" fromWho="0" sc="224,-10,244,0,229,0,303,10" /><INIT seed="3,0,0,5,4,74" ten="214,244,229,313" oya="3" hai0="116,78,49,56,23,47,99,129,66,72,16,71,104" hai1="121,76,111,97,30,117,36,89,68,120,88,134,39" hai2="60,80,59,37,113,124,90,98,75,62,19,58,38" hai3="107,42,105,24,26,40,87,33,69,44,50,46,13"/><W106/><G69/><T52/><D116/><U130/><E68/><V95/><F113/><W12/><G87/><T133/><D71/><U118/><E30/><V54/><F124/><W32/><G106/><T93/><D104/><U135/><E97/><V1/><F1/><W9/><G50/><T65/><D133/><N who="1" m="50699" /><E76/><V55/><F19/><W64/><G9/><T35/><D35/><U79/><E79/><AGARI ba="0,0" hai="37,38,54,55,58,59,60,62,75,79,80,90,95,98" machi="79" ten="40,2600,0" yaku="9,1,52,1" doraHai="74" who="2" fromWho="1" sc="214,0,244,-26,229,26,313,0" owari="214,-28.6,218,-18.2,255,5.5,313,41.3" /></mjloggm>