<mjloggm ver="2.3"><GO type="225" lobby="0"/><UN n0="%70%68%65%6E%6F%6D%65" n1="%E3%83%96%E3%83%83%E3%83%91%E3%82%AA%E3%83%96%E3%83%81%E3%82%AD%E3%83%B3" n2="%E3%83%A9%E3%83%BC%E3%83%A1%E3%83%B3%E4%BA%94%E9%83%8E" n3="%E3%81%BF%E3%81%BF%E3%81%9A" dan="16,16,16,17" rate="2176.77,2223.53,2097.38,2176.80" sx="M,M,M,M"/><TAIKYOKU oya="0"/><INIT seed="0,0,0,4,4,81" ten="250,250,250,250" oya="0" hai0="8,120,122,92,47,134,117,84,45,72,1,48,86" hai1="104,126,22,74,4,44,49,125,53,69,32,30,65" hai2="91,94,19,88,59,97,112,113,110,12,40,46,39" hai3="63,55,23,115,70,133,71,38,76,56,58,14,103"/><T11/><D117/><U77/><E104/><V6/><F110/><W41/><G115/><T26/><D72/><U129/><E32/><V21/><F6/><W116/><G116/><T105/><D105/><U24/><E129/><V87/><REACH who="2" step="1"/><F59/><REACH who="2" ten="250,250,240,250" step="2"/><W107/><G70/><T101/><D122/><U18/><E4/><V123/><F123/><W106/><G71/><T108/><D120/><U128/><E128/><V102/><F102/><W90/><G103/><T33/><D108/><U89/><E69/><V37/><F37/><W62/><G58/><T60/><D101/><U124/><E124/><V82/><AGARI ba="0,1" hai="12,19,21,39,40,46,82,87,88,91,94,97,112,113" machi="82" ten="20,12000,2" yaku="1,1,0,1,7,1,52,1,54,1,53,1" doraHai="81" doraHaiUra="83" who="2" fromWho="2" sc="250,-60,250,-30,240,130,250,-30" /><INIT seed="1,0,0,4,1,75" ten="190,220,370,220" oya="1" hai0="51,36,30,10,9,80,122,81,8,55,61,126,117" hai1="39,134,76,102,93,28,119,47,116,125,66,58,71" hai2="69,131,112,67,120,32,97,107,14,0,133,110,103" hai3="65,49,41,23,44,18,123,91,87,7,105,42,124"/><U34/><E71/><V2/><RYUUKYOKU type="yao9" ba="0,0" sc="190,0,220,0,370,0,220,0" hai2="0,2,14,32,67,69,97,103,107,110,112,120,131,133" /><INIT seed="1,1,0,0,4,54" ten="190,220,370,220" oya="1" hai0="115,10,135,112,5,124,127,59,4,20,47,104,34" hai1="116,66,117,14,43,98,134,62,90,50,125,58,45" hai2="78,12,92,36,23,76,95,107,22,126,33,82,53" hai3="93,132,40,91,57,85,120,105,68,129,110,16,114"/><U41/><E14/><V24/><F107/><W131/><G68/><T39/><D104/><U42/><E90/><V122/><F36/><W106/><G114/><N who="0" m="43563" /><D47/><N who="1" m="25967" /><E98/><V35/><F122/><W81/><G120/><T18/><D39/><N who="1" m="21727" /><E134/><V102/><F33/><W61/><G132/><T133/><D59/><U13/><E13/><V15/><F35/><W75/><G110/><T96/><D96/><U79/><E79/><V55/><F82/><W72/><G40/><T108/><D34/><U123/><E123/><V71/><F24/><W38/><G38/><T27/><D108/><U48/><E125/><N who="0" m="48201" /><D4/><U37/><E37/><V99/><F126/><W121/><G121/><T94/><D94/><U28/><E28/><V73/><F99/><W103/><G16/><T30/><D30/><U100/><E100/><V26/><F102/><W89/><G106/><T11/><D11/><U32/><E32/><V2/><F2/><AGARI ba="1,0" hai="2,5,10,18,20,27,133,135" m="48201,43563" machi="2" ten="30,3900,0" yaku="18,1,34,2" doraHai="54" who="0" fromWho="2" sc="190,42,220,0,370,-42,220,0" /><INIT seed="2,0,0,4,1,34" ten="232,220,328,220" oya="2" hai0="74,96,61,72,82,20,80,27,40,102,18,47,107" hai1="52,15,17,119,56,30,127,90,110,60,24,36,23" hai2="63,39,14,50,1,32,49,53,111,45,25,62,108" hai3="71,116,121,0,21,125,73,37,124,89,51,117,54"/><V4/><F39/><W46/><G73/><T5/><D5/><U57/><E110/><N who="2" m="42027" /><F14/><W91/><G121/><T86/><D61/><U101/><E127/><N who="3" m="48714" /><G71/><T79/><REACH who="0" step="1"/><D80/><REACH who="0" ten="222,220,328,220" step="2"/><U128/><E119/><V9/><F50/><AGARI ba="0,1" hai="18,20,27,40,47,50,72,74,79,82,86,96,102,107" machi="50" ten="30,7700,0" yaku="1,1,2,1,7,1,53,1" doraHai="34" doraHaiUra="78" who="0" fromWho="2" sc="222,87,220,0,328,-77,220,0" /><INIT seed="3,0,0,1,2,100" ten="309,220,251,220" oya="3" hai0="84,102,98,90,13,79,67,8,135,97,126,58,124" hai1="71,18,93,103,118,16,111,41,68,43,127,32,52" hai2="26,69,89,44,50,91,64,95,0,63,94,37,48" hai3="105,38,66,83,74,7,128,117,104,14,28,115,24"/><W23/><G115/><T86/><D79/><U123/><E123/><V132/><F0/><W81/><G117/><T133/><D67/><U61/><E32/><V17/><F37/><W45/><G128/><T101/><D58/><N who="1" m="35015" /><E71/><V49/><F132/><N who="0" m="50762" /><D101/><U130/><E68/><V73/><F73/><W87/><G66/><T114/><D97/><N who="1" m="59823" /><E130/><V22/><F44/><W54/><G74/><T99/><D98/><U20/><E118/><V6/><REACH who="2" step="1"/><F6/><REACH who="2" ten="309,220,241,220" step="2"/><W70/><G70/><T35/><D114/><U57/><E111/><V2/><F2/><W19/><G7/><T110/><D110/><U10/><E127/><V53/><F53/><W75/><G75/><T76/><D126/><U109/><E109/><V33/><F33/><W36/><G36/><T96/><D35/><U120/><E120/><V112/><F112/><W31/><G38/><T39/><D39/><U51/><E57/><V40/><F40/><W113/><G113/><T106/><D124/><U46/><E43/><V5/><F5/><W85/><G45/><T9/><D102/><U122/><E122/><V119/><F119/><W15/><G54/><T47/><D47/><U88/><E41/><V78/><F78/><N who="3" m="46263" /><G105/><T59/><D106/><U34/><E46/><V12/><F12/><N who="3" m="4651" /><G104/><T131/><D131/><U29/><E34/><V55/><F55/><W4/><G4/><T3/><D3/><U121/><E121/><V65/><F65/><W72/><G72/><T30/><D13/><U108/><E108/><V56/><F56/><W134/><G134/><T11/><D59/><U27/><E10/><N who="0" m="4201" /><D76/><AGARI ba="0,1" hai="19,23,24,28,31,76,83,87" m="4651,46263" machi="76" ten="30,1500,0" yaku="8,1" doraHai="100" who="3" fromWho="0" sc="309,-15,220,0,241,0,220,25" /><INIT seed="3,1,0,3,2,35" ten="294,220,241,245" oya="3" hai0="32,13,11,19,97,94,4,5,121,89,6,118,47" hai1="125,38,16,132,84,113,58,75,64,78,68,120,111" hai2="20,69,55,119,87,1,129,33,40,115,82,96,128" hai3="10,92,83,109,15,53,54,14,134,18,3,86,103"/><W59/><G3/><T76/><D118/><U126/><E120/><V95/><F115/><W106/><G106/><T60/><D121/><U31/><E113/><V42/><F33/><W27/><G27/><T101/><D32/><U46/><E111/><V17/><F69/><W9/><G109/><T36/><D76/><U52/><E31/><V63/><F119/><W25/><G25/><T28/><D28/><U12/><E75/><V57/><F1/><W43/><G43/><T41/><REACH who="0" step="1"/><D60/><REACH who="0" ten="284,220,241,245" step="2"/><N who="1" m="39943" /><E132/><V88/><F129/><W135/><G134/><T90/><AGARI ba="1,1" hai="4,5,6,11,13,19,36,41,47,89,90,94,97,101" machi="90" ten="30,2000,0" yaku="1,1,0,1,53,0" doraHai="35" doraHaiUra="66" who="0" fromWho="0" sc="284,33,220,-6,241,-6,245,-11" owari="317,41.7,214,-28.6,235,3.5,234,-16.6" /></mjloggm>