<mjloggm ver="2.3"><GO type="225" lobby="0"/><UN n0="%E3%83%96%E3%83%83%E3%83%91%E3%82%AA%E3%83%96%E3%83%81%E3%82%AD%E3%83%B3" n1="%E6%A5%93%E4%BB%8B" n2="%79%75%72%69%6D%6F%67" n3="%E7%9A%AE%E3%80%85" dan="16,16,16,16" rate="2241.91,2108.94,2193.77,2124.55" sx="M,M,F,F"/><TAIKYOKU oya="0"/><INIT seed="0,0,0,5,3,91" ten="250,250,250,250" oya="0" hai0="51,28,32,68,90,54,60,11,116,113,47,5,82" hai1="129,45,81,6,128,3,1,135,9,55,4,39,115" hai2="56,73,53,19,126,124,96,118,104,69,0,130,44" hai3="48,66,41,35,85,22,62,89,63,29,65,15,122"/><T121/><D113/><U34/><E55/><V76/><F69/><W61/><G35/><T57/><D116/><U27/><E81/><V23/><F0/><W119/><G119/><T88/><D121/><U94/><E94/><V98/><F130/><N who="1" m="50281" /><E45/><V84/><F73/><W92/><G122/><T86/><D68/><U132/><E39/><V112/><F112/><W16/><G29/><T30/><D32/><U120/><E120/><V93/><F44/><AGARI ba="0,0" hai="15,16,22,41,44,48,61,62,63,65,66,85,89,92" machi="44" ten="40,5200,0" yaku="8,1,52,1,54,1" doraHai="91" who="3" fromWho="2" sc="250,0,250,0,250,-52,250,52" /><INIT seed="1,0,0,3,2,31" ten="250,250,198,302" oya="1" hai0="22,115,6,8,47,103,112,81,59,51,17,18,133" hai1="113,80,16,86,123,107,74,12,127,21,114,73,1" hai2="120,52,97,131,119,70,0,40,68,46,116,134,43" hai3="25,26,24,57,14,56,55,28,36,45,13,61,48"/><U20/><E123/><V27/><F120/><W23/><G36/><T67/><D133/><U108/><E107/><V77/><F0/><W4/><G57/><T82/><D103/><U100/><E100/><V130/><F77/><W9/><REACH who="3" step="1"/><G14/><REACH who="3" ten="250,250,198,292" step="2"/><N who="0" m="7367" /><D115/><U101/><E114/><V132/><F27/><W58/><G58/><T102/><D112/><U65/><E113/><V44/><F97/><W78/><G78/><T94/><D59/><U87/><E12/><V106/><F106/><W35/><G35/><T30/><D67/><AGARI ba="0,1" hai="4,9,13,23,24,25,26,28,45,48,55,56,61,67" machi="67" ten="30,7700,0" yaku="1,1,7,1,8,1,53,1" doraHai="31" doraHaiUra="7" who="3" fromWho="0" sc="250,-77,250,0,198,0,292,87" /><INIT seed="2,0,0,0,2,133" ten="173,250,198,379" oya="2" hai0="128,83,99,26,77,11,33,8,21,56,87,84,101" hai1="31,58,114,70,64,6,20,23,12,29,9,22,79" hai2="107,93,80,3,48,78,66,53,96,75,50,91,86" hai3="112,14,127,81,4,42,106,88,117,113,37,82,89"/><V105/><F3/><W7/><G117/><T124/><D33/><U102/><E70/><V0/><F0/><W15/><G89/><T73/><D128/><U19/><E114/><N who="3" m="44138" /><G106/><T85/><D56/><U49/><E79/><V98/><F66/><W94/><G127/><T135/><D135/><U129/><E129/><V119/><F119/><W100/><G100/><T97/><D124/><U2/><E102/><N who="2" m="62663" /><F53/><W27/><G27/><T65/><D65/><U55/><REACH who="1" step="1"/><E64/><REACH who="1" ten="173,240,198,379" step="2"/><V69/><F69/><W68/><G68/><T61/><D61/><U51/><E51/><V17/><F17/><W1/><G37/><T62/><D62/><U35/><E35/><V24/><F24/><W59/><G1/><T111/><D111/><U126/><E126/><V110/><F110/><W71/><G71/><T123/><D123/><U120/><E120/><V45/><F45/><W76/><G76/><T54/><D26/><U115/><E115/><V34/><F34/><W16/><G42/><T121/><D77/><U30/><AGARI ba="0,1" hai="2,6,9,12,19,20,22,23,29,30,31,49,55,58" machi="30" ten="30,2000,0" yaku="1,1,0,1,53,0" doraHai="133" doraHaiUra="28" who="1" fromWho="1" sc="173,-5,240,30,198,-10,379,-5" /><INIT seed="3,0,0,5,4,16" ten="168,270,188,374" oya="3" hai0="3,10,133,94,92,132,112,7,83,106,78,90,39" hai1="91,76,117,66,20,42,4,14,111,68,43,31,45" hai2="102,108,85,50,57,75,48,29,131,54,64,77,93" hai3="41,21,12,44,95,35,33,6,89,99,17,2,71"/><W109/><G71/><T25/><D106/><U34/><E111/><V32/><F75/><W127/><G109/><T70/><D70/><U129/><E129/><V49/><F32/><W125/><G6/><T36/><D112/><U82/><E117/><V47/><F131/><W120/><G120/><T56/><D56/><U121/><E121/><V123/><F123/><W74/><G74/><T30/><D39/><U22/><E91/><V73/><F73/><W51/><REACH who="3" step="1"/><G2/><REACH who="3" ten="168,270,188,364" step="2"/><T19/><D36/><U135/><E68/><V11/><F108/><W58/><G58/><T104/><D104/><U97/><E4/><V28/><F57/><W23/><G23/><N who="0" m="13567" /><D30/><U8/><E31/><V27/><F11/><W15/><G15/><T9/><D9/><U80/><E14/><V37/><F28/><W101/><G101/><T24/><D24/><U105/><E8/><V126/><F102/><W55/><G55/><T18/><D18/><U124/><E105/><V81/><F64/><W52/><G52/><T116/><D116/><U60/><E66/><V96/><F126/><AGARI ba="0,1" hai="12,17,21,33,35,41,44,51,89,95,99,125,126,127" machi="126" ten="40,12000,1" yaku="1,1,18,1,52,1,53,1" doraHai="16" doraHaiUra="13" who="3" fromWho="2" sc="168,0,270,0,188,-120,364,130" owari="168,-23.2,270,7.0,68,-43.2,494,59.4" /></mjloggm>