<mjloggm ver="2.3"><GO type="225" lobby="0"/><UN n0="%E6%A1%9C%E8%8A%B1%E9%96%83%E3%80%85" n1="%E3%81%BF%E3%81%BF%E3%81%9A" n2="%E7%99%BD%E5%80%89%E5%AF%9B%E4%B9%8B" n3="%E3%83%B4%E3%82%A3%E3%83%AF%E3%82%B3%E3%82%B0%E3%83%8B" dan="16,18,16,17" rate="2163.04,2241.99,2124.21,2211.48" sx="M,M,M,M"/><TAIKYOKU oya="0"/><INIT seed="0,0,0,4,1,133" ten="250,250,250,250" oya="0" hai0="108,72,35,74,34,96,52,65,5,81,12,67,85" hai1="83,120,88,25,10,61,54,11,41,110,57,131,68" hai2="76,0,79,106,121,128,62,9,20,3,105,24,26" hai3="2,46,59,49,90,16,92,98,100,77,125,115,126"/><T40/><D40/><U123/><E110/><V93/><F62/><W28/><G115/><T13/><D108/><U14/><E131/><V63/><F63/><W130/><G130/><T21/><D96/><U29/><E68/><V113/><F128/><W45/><G2/><T114/><D114/><U129/><E129/><V32/><F113/><W75/><G28/><T27/><D72/><U116/><E116/><V135/><F93/><W47/><G16/><N who="0" m="12711" /><D74/><U104/><E104/><V44/><F44/><W19/><G19/><T102/><D35/><U118/><E118/><V101/><F20/><W55/><REACH who="3" step="1"/><G100/><REACH who="3" ten="250,250,250,240" step="2"/><T36/><D102/><U58/><E10/><V87/><F101/><W31/><G31/><T119/><D34/><U42/><E29/><V73/><F32/><W132/><G132/><T86/><D119/><U99/><E25/><V78/><F26/><W84/><G84/><T48/><D85/><N who="1" m="50239" /><E123/><V95/><F24/><W122/><G122/><T80/><D13/><U7/><E120/><V8/><F121/><W127/><G127/><T51/><D86/><U22/><E22/><V134/><F87/><W124/><G124/><T71/><D12/><U18/><E18/><V50/><F79/><W97/><G97/><T30/><D30/><U23/><E23/><V39/><F73/><W109/><G109/><T4/><D4/><U89/><E99/><V17/><F17/><W56/><G56/><N who="1" m="21610" /><E89/><V112/><F112/><W6/><G6/><T43/><D5/><U37/><E37/><V33/><F33/><W111/><G111/><T82/><D36/><U66/><E66/><RYUUKYOKU ba="0,1" sc="250,-15,250,15,250,-15,240,15" hai1="7,11,14,41,42,54,61" hai3="45,46,47,49,55,59,75,77,90,92,98,125,126" /><INIT seed="1,1,1,0,3,84" ten="235,265,235,255" oya="1" hai0="134,1,14,58,129,108,86,82,57,72,133,5,46" hai1="132,118,79,98,67,74,17,88,0,48,49,19,105" hai2="96,100,78,4,23,110,3,35,121,95,65,104,109" hai3="111,81,91,26,13,106,39,20,50,69,127,92,128"/><U29/><E118/><V21/><F35/><W126/><G111/><N who="2" m="42505" /><F121/><W62/><G128/><T56/><D108/><U89/><E0/><V55/><F65/><W16/><G106/><T10/><D72/><U24/><E74/><V76/><F55/><W107/><G107/><T9/><D46/><U59/><E79/><N who="2" m="30251" /><F104/><W2/><G2/><T117/><D117/><U47/><E132/><N who="0" m="50793" /><D129/><U42/><E105/><V63/><F63/><W87/><G39/><T34/><D34/><U120/><E120/><V94/><F94/><W123/><G123/><T7/><D57/><U113/><E113/><V37/><F37/><W30/><G50/><T71/><D71/><U12/><E98/><V122/><F122/><W83/><G62/><T53/><D53/><N who="1" m="32167" /><E67/><V66/><F66/><W119/><G119/><T85/><D85/><U52/><E42/><V80/><F80/><W97/><G69/><T22/><D22/><N who="1" m="13391" /><E29/><V101/><F101/><W31/><G31/><T103/><D103/><U15/><E15/><V70/><F70/><W32/><REACH who="3" step="1"/><G97/><REACH who="3" ten="235,265,235,245" step="2"/><T73/><D73/><U54/><E54/><V60/><F60/><W115/><G115/><T114/><D114/><U40/><E40/><V112/><F112/><W8/><G8/><AGARI ba="1,2" hai="8,12,19,47,49,52,88,89" m="13391,32167" machi="8" ten="30,12000,1" yaku="8,1,52,2,54,2" doraHai="84" who="1" fromWho="3" sc="235,0,265,143,235,0,245,-123" /><AGARI ba="1,0" hai="3,4,8,21,23,95,96,100" m="30251,42505" machi="8" ten="30,1000,0" yaku="14,1" doraHai="84" who="2" fromWho="3" sc="235,0,408,0,235,10,122,-10" /><INIT seed="1,2,0,1,2,107" ten="235,408,245,112" oya="1" hai0="46,22,95,92,87,128,106,101,23,102,78,75,131" hai1="120,112,119,59,110,35,127,5,97,88,69,94,9" hai2="24,81,100,96,45,109,66,52,12,71,0,103,83" hai3="26,10,51,25,124,93,105,20,99,115,84,104,118"/><U126/><E112/><V117/><F0/><W11/><G115/><T39/><D39/><U48/><E69/><V63/><F117/><W67/><G118/><T1/><D46/><U57/><E119/><V123/><F123/><W116/><G116/><T85/><D1/><U91/><E120/><V7/><F109/><W89/><G124/><N who="1" m="47658" /><E35/><V61/><F103/><N who="0" m="39434" /><D23/><U6/><E110/><V21/><F12/><W32/><G67/><T86/><D22/><U134/><E134/><V55/><F7/><N who="1" m="2569" /><E9/><V122/><F122/><W15/><G32/><T62/><D62/><U27/><E27/><V125/><F125/><W72/><G25/><T36/><D36/><U129/><E129/><N who="0" m="49737" /><D106/><U108/><E108/><V54/><F63/><W65/><G105/><T30/><D30/><U80/><E48/><V16/><REACH who="2" step="1"/><F45/><REACH who="2" ten="235,408,235,112" step="2"/><W70/><G104/><AGARI ba="2,1" hai="16,21,24,52,54,55,61,66,71,81,83,96,100,104" machi="104" ten="40,8000,1" yaku="1,1,2,1,54,2,53,0" doraHai="107" doraHaiUra="135" who="2" fromWho="3" sc="235,0,408,0,235,96,112,-86" /><INIT seed="2,0,0,0,1,2" ten="235,408,331,26" oya="2" hai0="125,24,51,77,97,124,103,45,116,8,20,3,18" hai1="134,11,53,101,66,1,14,135,29,132,114,56,58" hai2="105,52,68,65,30,5,112,88,4,74,67,42,130" hai3="83,108,46,59,50,96,71,76,107,17,102,91,82"/><V131/><F74/><W80/><G108/><T37/><D37/><U70/><E114/><V104/><F112/><W121/><G121/><T90/><D77/><U127/><E127/><V44/><F30/><W63/><G71/><T34/><D90/><U19/><E101/><V120/><F120/><W10/><G76/><T129/><D129/><N who="2" m="49162" /><F88/><W7/><G17/><T81/><D81/><U84/><E29/><V9/><F9/><W55/><G91/><T106/><D34/><U126/><E126/><V73/><F73/><W78/><G78/><T31/><D116/><U117/><E117/><V54/><F68/><W47/><REACH who="3" step="1"/><G63/><REACH who="3" ten="235,408,331,16" step="2"/><T6/><REACH who="0" step="1"/><D18/><REACH who="0" ten="225,408,331,16" step="2"/><U93/><E19/><V35/><F35/><W38/><G38/><T39/><D39/><U23/><E134/><V118/><F118/><W41/><G41/><AGARI ba="0,2" hai="3,6,8,20,24,31,41,45,51,97,103,106,124,125" machi="41" ten="40,2600,0" yaku="1,1,52,1,53,0" doraHai="2" doraHaiUra="60" who="0" fromWho="3" sc="225,46,408,0,331,0,16,-26" owari="271,-12.9,408,50.8,331,13.1,-10,-51.0" /></mjloggm>