<mjloggm ver="2.3"><GO type="225" lobby="0"/><UN n0="%77%72%77%72%77%72%77%72" n1="%E5%91%A8%E6%9D%B1" n2="%E3%83%96%E3%83%83%E3%83%91%E3%82%AA%E3%83%96%E3%83%81%E3%82%AD%E3%83%B3" n3="%E6%9C%88%E5%B3%B6%E5%9F%BA" dan="16,16,16,17" rate="2127.79,2193.78,2216.47,2204.20" sx="M,M,M,M"/><TAIKYOKU oya="0"/><INIT seed="0,0,0,4,0,89" ten="250,250,250,250" oya="0" hai0="92,41,56,24,21,96,32,16,60,90,49,134,3" hai1="125,83,40,95,46,77,50,61,97,109,30,117,79" hai2="98,42,9,129,1,13,127,100,115,65,104,94,36" hai3="78,47,116,4,108,18,88,112,85,118,48,76,57"/><T93/><D134/><U66/><E109/><V55/><F115/><W114/><G108/><T102/><D3/><U82/><E125/><V81/><F127/><W103/><G103/><T67/><D32/><U71/><E117/><V113/><F113/><W73/><G73/><T69/><D69/><U62/><E30/><V107/><F129/><W38/><G38/><T27/><D49/><U133/><E133/><V37/><F65/><W52/><G114/><T72/><D72/><U15/><E15/><V87/><F1/><W51/><G112/><T19/><D41/><U2/><E2/><V31/><F55/><N who="3" m="31975" /><G118/><T128/><D128/><U11/><E11/><V101/><F31/><W68/><G68/><T99/><D24/><U22/><E22/><V6/><F101/><W91/><G91/><T124/><D124/><U123/><E123/><V35/><F35/><W119/><G119/><T105/><D105/><U84/><E66/><V12/><F12/><W39/><G39/><T43/><D43/><U111/><E71/><V17/><F6/><W44/><G4/><T29/><AGARI ba="0,0" hai="16,19,21,27,29,56,60,67,90,92,93,96,99,102" machi="29" ten="20,24000,3" yaku="0,1,7,1,25,2,8,1,52,2,54,1" doraHai="89" who="0" fromWho="0" sc="250,240,250,-80,250,-80,250,-80" /><INIT seed="0,1,0,5,4,41" ten="490,170,170,170" oya="0" hai0="52,43,56,26,19,122,97,124,44,48,35,18,130" hai1="89,66,69,117,133,14,85,59,21,13,29,55,36" hai2="129,8,100,70,125,33,106,80,98,6,25,118,77" hai3="62,128,63,11,91,30,32,94,90,113,49,72,78"/><T34/><D122/><U114/><E36/><V0/><F125/><W76/><G113/><T83/><D124/><U50/><E117/><V95/><F118/><W86/><G128/><T60/><D130/><U120/><E114/><V2/><F129/><W105/><G105/><T23/><D83/><U39/><E39/><V119/><F119/><W73/><G32/><T103/><REACH who="0" step="1"/><D18/><REACH who="0" ten="480,170,170,170" step="2"/><U15/><E120/><V115/><F80/><W71/><G73/><T82/><D82/><U107/><E133/><V131/><F131/><W24/><G72/><T74/><D74/><U28/><E107/><AGARI ba="1,1" hai="19,23,26,34,35,43,44,48,52,56,60,97,103,107" machi="107" ten="30,12000,1" yaku="1,1,7,1,52,1,54,1,53,1" doraHai="41" doraHaiUra="22" who="0" fromWho="1" sc="480,133,170,-123,170,0,170,0" /><INIT seed="0,2,0,5,1,121" ten="613,47,170,170" oya="0" hai0="125,104,85,52,9,134,46,74,88,47,41,102,99" hai1="86,135,62,129,40,92,72,7,4,63,77,11,128" hai2="26,101,2,65,82,37,98,22,87,50,38,5,70" hai3="69,119,105,51,36,61,32,124,95,24,35,58,106"/><T53/><D74/><U111/><E135/><V78/><F50/><W91/><G119/><T110/><D134/><U76/><E40/><V71/><F2/><W126/><G36/><T89/><D125/><N who="3" m="48233" /><G51/><T120/><D120/><U10/><E86/><V130/><F5/><W30/><G35/><T97/><D110/><U29/><E92/><V115/><F115/><W42/><G69/><T108/><D108/><U17/><E17/><V64/><F130/><W79/><G79/><T112/><D112/><U131/><E29/><V73/><F73/><W75/><G42/><T132/><D132/><U18/><E18/><V123/><F123/><W116/><G116/><T49/><D9/><N who="1" m="3083" /><E72/><V54/><F71/><W28/><G28/><T94/><REACH who="0" step="1"/><D47/><REACH who="0" ten="603,47,170,170" step="2"/><U1/><E111/><V93/><F70/><W59/><G75/><T8/><D8/><N who="1" m="2063" /><E7/><V100/><F38/><W44/><G44/><T39/><D39/><U33/><E33/><V56/><F37/><W0/><G0/><T55/><D55/><U21/><E21/><V114/><F114/><W81/><G32/><T6/><D6/><U113/><E113/><V14/><F22/><W122/><G122/><T3/><D3/><U12/><E12/><V27/><F14/><W66/><G59/><T19/><D19/><U67/><E67/><V57/><F57/><W45/><G45/><T15/><D15/><U103/><E131/><V34/><F64/><W13/><G13/><T133/><D133/><U118/><E129/><V107/><F65/><W96/><G66/><T43/><D43/><U60/><E128/><V20/><F34/><RYUUKYOKU ba="2,1" sc="603,30,47,-10,170,-10,170,-10" hai0="41,46,49,52,53,85,88,89,94,97,99,102,104" /><INIT seed="0,3,1,2,2,112" ten="633,37,160,160" oya="0" hai0="8,46,99,59,90,134,19,98,25,87,127,101,34" hai1="51,75,18,126,52,108,76,96,97,89,38,5,74" hai2="42,63,24,106,111,135,47,1,117,105,45,114,82" hai3="43,14,118,80,2,64,10,107,44,48,92,31,32"/><T0/><D134/><U72/><E38/><V67/><F114/><W30/><G107/><T57/><D127/><U65/><E126/><V20/><F135/><W15/><G118/><T41/><D98/><U109/><E65/><V66/><F1/><W40/><G2/><T13/><D0/><U121/><E121/><V28/><F111/><N who="1" m="42569" /><E76/><V49/><F117/><W93/><G32/><T81/><D25/><U102/><E5/><V7/><F7/><N who="3" m="3423" /><G64/><T3/><D34/><U115/><E115/><V83/><F67/><W27/><G80/><T84/><D84/><U39/><E39/><V128/><F128/><W36/><G36/><T68/><D68/><U91/><E18/><V61/><F61/><W70/><G70/><T21/><D8/><U78/><E78/><V60/><F63/><W55/><G15/><T86/><D86/><U6/><E6/><V50/><F106/><W12/><G12/><T79/><D79/><U29/><E29/><N who="3" m="10762" /><G27/><T119/><D119/><U100/><E102/><V131/><F105/><W9/><G9/><T56/><D3/><U132/><E132/><V26/><F26/><W11/><G11/><T16/><D19/><U37/><E37/><V120/><F120/><W133/><G133/><T122/><D122/><U53/><E100/><V73/><F131/><W113/><G113/><T77/><D77/><U33/><E33/><V124/><F124/><W85/><G85/><T94/><REACH who="0" step="1"/><D41/><AGARI ba="3,1" hai="40,41,43,44,48,55,92,93" m="10762,3423" machi="41" ten="30,1000,0" yaku="8,1" doraHai="112" who="3" fromWho="0" sc="633,-19,37,0,160,0,160,29" /><INIT seed="1,0,0,4,4,60" ten="614,37,160,189" oya="1" hai0="17,135,46,72,89,82,26,35,12,83,16,50,47" hai1="38,23,101,102,116,114,54,78,41,42,10,68,48" hai2="94,1,0,56,86,18,106,133,120,100,117,53,44" hai3="103,77,45,115,24,39,25,85,8,80,15,65,113"/><U69/><E116/><V76/><F117/><W96/><G65/><T2/><D2/><U71/><E114/><V93/><F120/><W31/><G25/><T29/><D135/><U125/><E125/><V22/><F133/><W112/><G45/><T121/><D121/><U62/><E78/><V43/><F106/><W59/><G59/><T20/><D72/><U108/><E108/><V104/><F104/><W122/><G39/><T13/><D89/><U51/><E10/><V131/><F131/><W33/><G122/><T66/><D66/><U81/><E81/><N who="2" m="47399" /><F0/><W27/><G27/><T128/><D128/><U132/><E132/><V109/><F1/><W30/><G30/><T70/><D70/><U7/><E7/><V134/><F100/><N who="1" m="38505" /><E23/><V3/><F3/><W79/><G79/><T97/><D97/><U11/><E11/><V91/><F134/><W28/><G28/><T118/><D118/><U4/><E4/><V5/><F5/><W63/><G113/><T57/><D57/><N who="1" m="35127" /><E38/><V129/><F129/><W88/><G77/><T64/><D64/><U67/><E67/><V14/><F109/><W74/><G74/><T73/><D73/><U32/><E32/><V34/><F91/><W110/><G110/><T90/><D90/><U126/><E126/><V92/><F34/><W36/><G36/><T61/><D61/><U124/><E124/><V130/><F130/><W127/><G63/><T84/><D50/><U58/><E51/><N who="2" m="27039" /><F93/><N who="3" m="58767" /><G127/><T123/><D123/><U9/><E9/><V49/><AGARI ba="0,0" hai="14,18,22,49,53,56,92,94" m="27039,47399" machi="49" ten="30,1100,0" yaku="8,1" doraHai="60" who="2" fromWho="2" sc="614,-3,37,-5,160,11,189,-3" /><INIT seed="2,0,0,5,2,93" ten="611,32,171,186" oya="2" hai0="33,75,11,2,95,84,90,50,97,45,42,51,76" hai1="118,83,65,113,49,34,28,62,3,120,124,53,109" hai2="89,105,0,115,46,37,54,20,14,31,132,17,35" hai3="24,47,61,112,122,134,123,103,110,125,1,79,52"/><V104/><F115/><W5/><G112/><T30/><D75/><U18/><E113/><V73/><F73/><W114/><G114/><T27/><D2/><U117/><E3/><V92/><F132/><W71/><G103/><T85/><D11/><U25/><E120/><V108/><F0/><W68/><G5/><T88/><D76/><U13/><E124/><V40/><F108/><W63/><G1/><T135/><D135/><U7/><E7/><V60/><F35/><W129/><G24/><T99/><D50/><U91/><E109/><V55/><F31/><W87/><G87/><T8/><D8/><U130/><E130/><V107/><REACH who="2" step="1"/><F60/><REACH who="2" ten="611,32,161,186" step="2"/><W111/><G134/><T69/><D69/><U36/><E117/><V44/><F44/><W133/><G133/><T72/><D72/><U57/><E118/><V67/><F67/><W86/><G47/><T59/><D59/><U32/><E32/><V81/><F81/><AGARI ba="0,1" hai="27,30,33,42,45,51,81,84,85,88,90,95,97,99" machi="81" ten="30,7700,0" yaku="7,1,52,2,54,1" doraHai="93" who="0" fromWho="2" sc="611,87,32,0,161,-77,186,0" /><INIT seed="3,0,0,3,2,9" ten="698,32,84,186" oya="3" hai0="85,135,125,76,132,47,101,124,114,34,57,89,113" hai1="75,107,2,0,103,100,22,39,119,45,87,46,55" hai2="56,15,73,120,12,105,83,26,10,40,128,24,62" hai3="28,36,25,20,129,86,67,16,37,81,95,104,42"/><W74/><G104/><T112/><D34/><U111/><E75/><V13/><F105/><W117/><G117/><T52/><D47/><U58/><E119/><V60/><F128/><W31/><G129/><T131/><D131/><U84/><E107/><V134/><F134/><N who="0" m="51242" /><D76/><U133/><E133/><V8/><F120/><W64/><G95/><N who="0" m="54703" /><D101/><U118/><E118/><V88/><F40/><W93/><G25/><N who="2" m="9833" /><F73/><W38/><G20/><T68/><D68/><U44/><E39/><V33/><F33/><W65/><G16/><T35/><D35/><U14/><E111/><V6/><F6/><W94/><G42/><T21/><D21/><U122/><E122/><V41/><F41/><W109/><G109/><T127/><D127/><U115/><E115/><V110/><F110/><W82/><G74/><T78/><D78/><U48/><E0/><V1/><F1/><W53/><G53/><T123/><D123/><U51/><E2/><V11/><F56/><W43/><G43/><T18/><D18/><U7/><E22/><V91/><F83/><W106/><G106/><T92/><D92/><U69/><E69/><V72/><F72/><W32/><G32/><T27/><D27/><U23/><E23/><V63/><AGARI ba="0,0" hai="8,10,11,12,13,15,60,62,63,88,91" m="9833" machi="63" ten="40,16000,3" yaku="29,2,28,2,8,1,52,3,54,1" doraHai="9" who="2" fromWho="2" sc="698,-40,32,-40,84,160,186,-80" owari="658,75.8,-8,-50.8,244,4.4,106,-29.4" /></mjloggm>