<mjloggm ver="2.3"><GO type="225" lobby="0"/><UN n0="%E6%98%93%E5%88%A9%E8%96%A9%E4%BC%AF" n1="%72%65%6E%6B%75%6E" n2="%E3%83%A9%E3%82%B9%E7%8E%87%EF%BC%93%E5%89%B2" n3="%E3%82%8C%E3%81%99%E3%81%93" dan="17,17,17,17" rate="2246.55,2204.11,2206.25,2139.71" sx="F,M,F,F"/><TAIKYOKU oya="0"/><INIT seed="0,0,0,3,2,60" ten="250,250,250,250" oya="0" hai0="35,61,3,24,95,6,112,36,132,75,57,93,11" hai1="115,68,87,105,126,39,109,103,135,70,28,2,101" hai2="43,74,118,58,63,77,54,50,117,94,18,114,5" hai3="16,41,56,32,52,20,131,34,17,10,90,99,0"/><T83/><D112/><U104/><E28/><V123/><F114/><W92/><G131/><T96/><D36/><U76/><E87/><V26/><F123/><W122/><G122/><T80/><D95/><U53/><E53/><V111/><F111/><W30/><G41/><T102/><D75/><U88/><E76/><V55/><F43/><W21/><G30/><T12/><D3/><U108/><E115/><V47/><F5/><W97/><G97/><T116/><D132/><U130/><E88/><V89/><F77/><W31/><G31/><T110/><D116/><U46/><E46/><V133/><F74/><W14/><G20/><T64/><D110/><U45/><E45/><V86/><F133/><W72/><G72/><T37/><D37/><U48/><E48/><V67/><REACH who="2" step="1"/><F55/><REACH who="2" ten="250,250,240,250" step="2"/><W91/><G91/><T65/><D35/><U128/><E135/><V51/><F51/><W66/><G32/><T40/><D40/><U59/><E39/><V98/><F98/><W81/><G34/><T19/><REACH who="0" step="1"/><D64/><REACH who="0" ten="240,250,240,250" step="2"/><U129/><E129/><V100/><F100/><W49/><G66/><T9/><D9/><U73/><E73/><V8/><F8/><W23/><G0/><T1/><D1/><U106/><E2/><V124/><F124/><W7/><G81/><T4/><D4/><U29/><E126/><V27/><F27/><W107/><G107/><T119/><D119/><U71/><E128/><V38/><F38/><W78/><G7/><T113/><D113/><U121/><E130/><V69/><F69/><W22/><G10/><T13/><D13/><U84/><E109/><RYUUKYOKU ba="0,2" sc="240,15,250,-15,240,15,250,-15" hai0="6,11,12,19,24,57,61,65,80,83,93,96,102" hai2="18,26,47,50,54,58,63,67,86,89,94,117,118" /><INIT seed="0,1,2,4,4,75" ten="255,235,255,235" oya="0" hai0="101,67,84,4,119,98,58,17,47,55,40,70,65" hai1="79,59,68,36,2,121,60,123,63,90,127,9,129" hai2="114,112,86,88,80,42,50,92,25,61,133,81,71" hai3="6,131,69,33,8,89,120,94,72,29,24,107,105"/><T18/><D119/><U126/><E36/><V13/><F133/><W76/><G69/><T128/><D128/><U109/><E129/><V113/><F25/><W132/><G132/><T106/><D4/><N who="1" m="1175" /><E90/><V100/><F100/><W124/><G124/><N who="1" m="47658" /><E109/><V108/><F108/><W83/><G120/><N who="1" m="46154" /><E68/><V62/><F13/><W91/><G131/><T73/><D73/><U56/><E79/><V39/><F39/><W7/><G91/><T0/><D0/><U28/><E28/><V14/><F14/><W52/><G6/><T93/><D84/><U115/><E115/><V118/><F118/><W1/><REACH who="3" step="1"/><G52/><REACH who="3" ten="255,235,255,225" step="2"/><T78/><D55/><U77/><E77/><V134/><F134/><W117/><G117/><T15/><D70/><U3/><E3/><V87/><F71/><W110/><G110/><T35/><D67/><U82/><E82/><V96/><F81/><W31/><G31/><T104/><D65/><U32/><E32/><V46/><REACH who="2" step="1"/><F96/><AGARI ba="1,3" hai="1,7,8,24,29,33,72,76,83,89,94,96,105,107" machi="96" ten="30,3900,0" yaku="1,1,7,1,52,1,53,0" doraHai="75" doraHaiUra="48" who="3" fromWho="2" sc="255,0,235,0,255,-42,225,72" /><INIT seed="1,0,0,3,2,36" ten="255,235,213,297" oya="1" hai0="4,60,51,123,112,104,110,83,125,57,70,74,49" hai1="98,59,38,41,72,33,63,80,116,113,93,47,107" hai2="48,2,69,105,128,101,118,89,17,5,121,87,50" hai3="108,15,81,27,30,86,78,13,18,28,103,76,91"/><U120/><E113/><V75/><F69/><W23/><G108/><T82/><D112/><U95/><E116/><V3/><F118/><W44/><G103/><T71/><D104/><U6/><E33/><V129/><F75/><W106/><G106/><T135/><D135/><U32/><E32/><V9/><F121/><W34/><G30/><T62/><D4/><U90/><E120/><V126/><F126/><W21/><G44/><T109/><D123/><U1/><E107/><V99/><F17/><AGARI ba="0,0" hai="13,15,17,18,21,23,27,28,34,76,78,81,86,91" machi="17" ten="40,1300,0" yaku="9,1" doraHai="36" who="3" fromWho="2" sc="255,0,235,0,213,-13,297,13" /><INIT seed="2,0,0,3,4,75" ten="255,235,200,310" oya="2" hai0="34,12,23,111,62,28,39,109,27,81,14,127,2" hai1="7,57,0,83,87,90,134,1,118,108,41,18,125" hai2="130,30,20,79,67,17,110,16,26,40,47,103,101" hai3="59,119,121,132,112,50,32,88,44,13,29,64,97"/><V58/><F130/><W95/><G119/><T82/><D2/><U37/><E118/><V46/><F110/><N who="0" m="41994" /><D39/><U21/><E108/><V15/><F17/><W33/><G121/><T55/><D127/><U106/><E106/><V31/><F31/><W99/><G132/><T102/><D102/><U6/><E125/><V98/><F79/><W86/><G112/><T35/><D62/><U36/><E134/><V92/><F101/><W126/><G126/><T11/><D55/><U76/><E0/><V105/><F105/><W93/><G29/><T61/><D61/><U53/><E1/><V70/><F70/><W128/><G128/><T5/><D14/><U116/><E116/><V68/><F68/><W107/><G107/><T91/><D91/><U69/><E69/><V131/><F131/><W80/><G13/><T9/><D9/><U120/><E120/><V52/><F67/><W117/><G117/><T72/><D82/><U114/><E114/><V42/><F42/><W45/><G64/><T133/><D133/><U123/><E90/><V25/><F40/><W48/><G59/><T104/><D104/><U122/><E122/><V38/><F38/><W84/><G80/><T113/><D113/><U66/><E66/><V10/><F26/><W100/><G100/><T71/><D71/><U54/><E54/><V24/><F25/><W65/><G65/><T3/><D3/><U124/><E124/><V73/><F73/><W77/><G88/><T60/><D60/><AGARI ba="0,0" hai="10,15,16,20,24,30,46,47,52,58,60,92,98,103" machi="60" ten="30,11600,0" yaku="7,1,8,1,54,2" doraHai="75" who="2" fromWho="0" sc="255,-116,235,0,200,116,310,0" /><INIT seed="2,1,0,2,1,26" ten="139,235,316,310" oya="2" hai0="1,16,91,126,108,47,104,63,120,68,90,39,92" hai1="51,46,29,22,100,36,61,124,0,117,3,99,24" hai2="53,13,28,6,107,55,109,114,84,74,98,33,125" hai3="94,34,7,20,43,65,4,19,82,119,115,15,87"/><V11/><F114/><W67/><G119/><T54/><D120/><U88/><E117/><V113/><F74/><W97/><G34/><T73/><D104/><U105/><E124/><V75/><F75/><W25/><G115/><T70/><D126/><U132/><E36/><V57/><F125/><W85/><G43/><T12/><D1/><U134/><E61/><V101/><F113/><W110/><G110/><T71/><D73/><U103/><E103/><V21/><F33/><W96/><G15/><T111/><D39/><U60/><E60/><V123/><F123/><W37/><G37/><T35/><D35/><U95/><E134/><V89/><F57/><W14/><G85/><T80/><D80/><U5/><E5/><N who="3" m="2122" /><G14/><T81/><D81/><U10/><E10/><V131/><F109/><W27/><G27/><T130/><D130/><U133/><E133/><V69/><F69/><W2/><G2/><T38/><D38/><U77/><E77/><V48/><F48/><W128/><G128/><T121/><D121/><U18/><E18/><V129/><F131/><W112/><G112/><T72/><D72/><U50/><E50/><V86/><F86/><W59/><G59/><T58/><D47/><U83/><E132/><V79/><F79/><N who="3" m="46559" /><G97/><T106/><D106/><U44/><E44/><V23/><F129/><W78/><G78/><T64/><D54/><N who="2" m="20490" /><F84/><W31/><G19/><T9/><REACH who="0" step="1"/><D91/><AGARI ba="1,0" hai="20,25,31,65,67,91,94,96" m="46559,2122" machi="91" ten="30,2000,0" yaku="8,1,52,1" doraHai="26" who="3" fromWho="0" sc="139,-23,235,0,316,0,310,23" /><INIT seed="3,0,0,5,2,110" ten="116,235,316,333" oya="3" hai0="6,81,64,98,66,68,17,90,84,51,93,22,127" hai1="26,91,105,125,129,99,77,102,73,82,40,18,21" hai2="35,95,14,75,46,118,20,116,86,114,113,55,85" hai3="53,100,132,126,104,19,5,120,69,130,88,112,62"/><W70/><G120/><T119/><D119/><U33/><E129/><V48/><F35/><W52/><G5/><T79/><D127/><U56/><E125/><V80/><F75/><W128/><G126/><T34/><D34/><U23/><E40/><V39/><F39/><W97/><G132/><T29/><D68/><N who="3" m="26217" /><G112/><T124/><D124/><U57/><E33/><V4/><F118/><W121/><G121/><T131/><D131/><N who="3" m="50217" /><G62/><T15/><D29/><U87/><REACH who="1" step="1"/><E23/><REACH who="1" ten="116,225,316,333" step="2"/><V2/><F116/><W65/><G65/><T123/><D123/><U92/><AGARI ba="0,1" hai="18,21,26,56,57,73,77,82,87,91,92,99,102,105" machi="92" ten="20,12000,2" yaku="1,1,2,1,0,1,7,1,24,2,53,1" doraHai="110" doraHaiUra="13" who="1" fromWho="1" sc="116,-30,225,130,316,-30,333,-60" owari="86,-41.4,355,45.5,286,8.6,273,-12.7" /></mjloggm>