<mjloggm ver="2.3"><GO type="225" lobby="0"/><UN n0="%E5%8D%A0%E3%81%84%E5%B8%AB%E8%A3%8F%E3%81%AA%E3%81%84%E3%81%97" n1="%E3%80%93%E3%81%97%E3%83%BC%E3%82%89%E3%80%93" n2="%E5%B8%86%E7%AB%8B%E5%A4%8F%E8%A1%A3" n3="%70%6F%69%73%75%2D" dan="17,16,17,16" rate="2152.69,2178.46,2172.08,2024.04" sx="M,M,M,M"/><TAIKYOKU oya="0"/><INIT seed="0,0,0,4,4,6" ten="250,250,250,250" oya="0" hai0="36,94,27,105,71,50,100,86,18,52,32,9,41" hai1="5,88,99,40,1,55,130,2,53,116,17,104,75" hai2="69,85,127,66,33,31,63,43,39,21,44,38,49" hai3="57,132,74,81,110,125,42,23,78,93,19,0,133"/><T124/><D105/><U37/><E75/><V76/><F127/><W11/><G125/><T122/><D71/><U16/><E116/><V51/><F33/><W13/><G110/><T106/><D124/><U3/><E5/><V103/><F103/><W119/><G119/><T68/><D68/><U35/><E35/><V14/><F31/><W60/><G42/><T128/><D128/><U131/><E40/><N who="2" m="24711" /><F14/><W12/><G93/><T118/><D106/><U109/><E37/><N who="2" m="13835" /><F21/><W28/><G0/><T134/><D122/><U58/><E109/><V83/><F85/><W8/><G28/><T80/><D32/><U107/><E2/><V108/><F83/><W115/><G115/><T90/><D134/><N who="3" m="51817" /><G13/><N who="0" m="7471" /><D118/><U46/><E99/><V7/><F76/><W10/><G23/><T91/><D36/><U64/><E130/><V87/><F87/><W97/><G97/><N who="0" m="59447" /><D41/><U45/><E131/><V67/><F7/><W25/><G25/><T129/><D129/><U24/><E24/><V79/><F79/><W29/><G29/><T26/><D91/><U77/><E88/><V111/><F111/><W135/><G135/><T101/><D101/><U62/><E77/><V30/><F30/><W48/><G48/><T89/><D89/><U121/><E1/><V59/><F108/><W70/><G70/><T114/><D114/><U123/><E3/><V72/><F72/><W4/><G4/><T56/><AGARI ba="0,0" hai="26,27,50,52,56,80,86,90" m="59447,7471" machi="56" ten="30,6000,0" yaku="8,1,52,1,54,1" doraHai="6" who="0" fromWho="0" sc="250,60,250,-20,250,-20,250,-20" /><INIT seed="0,1,0,3,3,1" ten="310,230,230,230" oya="0" hai0="51,4,131,91,13,108,100,101,40,54,33,50,19" hai1="73,88,102,133,106,92,68,104,23,103,120,84,22" hai2="115,52,126,47,34,31,118,15,82,60,122,29,7" hai3="3,127,44,95,62,69,25,66,124,99,14,109,38"/><T132/><D33/><U36/><E68/><V32/><F122/><W83/><G3/><T64/><D132/><U134/><E36/><V111/><F115/><W107/><G109/><T42/><D131/><U10/><E23/><V75/><F34/><W17/><G107/><N who="1" m="41002" /><E22/><V67/><F111/><W76/><G25/><T94/><D64/><U63/><E63/><V105/><F105/><W11/><G38/><T58/><D108/><U119/><E10/><N who="2" m="4575" /><F75/><W5/><G44/><N who="0" m="25863" /><D42/><U121/><E73/><V77/><F32/><W27/><G27/><T37/><D37/><U18/><E18/><V53/><F126/><W8/><G8/><N who="0" m="4231" /><D19/><U24/><E24/><V97/><F118/><W74/><REACH who="3" step="1"/><G17/><REACH who="3" ten="310,230,230,220" step="2"/><T129/><D129/><U6/><E119/><V87/><F47/><W81/><G81/><T96/><AGARI ba="1,1" hai="51,54,58,91,94,96,100,101" m="4231,25863" machi="96" ten="30,3000,0" yaku="8,1,52,1" doraHai="1" who="0" fromWho="0" sc="310,43,230,-11,230,-11,220,-11" /><INIT seed="0,2,0,0,1,46" ten="353,219,219,209" oya="0" hai0="87,125,106,118,126,108,38,11,124,51,30,111,80" hai1="79,14,131,2,105,34,58,16,120,84,91,6,26" hai2="130,93,97,39,115,110,4,113,66,122,1,135,67" hai3="71,81,78,85,54,12,96,92,49,88,127,70,23"/><T112/><D38/><U40/><E105/><V102/><F122/><W69/><G127/><T24/><D112/><U5/><E120/><V52/><F110/><N who="0" m="42026" /><D11/><U33/><E79/><V72/><F130/><W116/><G116/><T22/><D106/><U104/><E104/><V76/><F135/><W109/><G109/><T132/><D132/><U117/><E117/><V36/><F115/><W133/><G133/><T114/><D118/><U28/><E34/><V32/><F32/><W27/><G12/><T107/><D107/><U13/><E13/><V98/><F113/><W128/><G128/><T10/><D114/><U82/><E2/><V43/><F39/><W65/><G65/><T60/><D60/><U45/><E58/><V62/><F4/><W63/><G63/><T90/><D10/><U44/><E44/><V123/><F1/><W68/><G68/><T121/><D121/><U48/><REACH who="1" step="1"/><E131/><REACH who="1" ten="353,209,219,209" step="2"/><V17/><F123/><W3/><G3/><T100/><D126/><U73/><E73/><V53/><F72/><W101/><G78/><T19/><D125/><U25/><E25/><V0/><F76/><W7/><G7/><T86/><D24/><U55/><E55/><V89/><F53/><W64/><G64/><T50/><D124/><U8/><AGARI ba="2,1" hai="5,6,8,14,16,26,28,33,40,45,48,82,84,91" machi="8" ten="20,12000,2" yaku="1,1,0,1,7,1,52,1,54,1,53,1" doraHai="46" doraHaiUra="20" who="1" fromWho="1" sc="353,-62,209,136,219,-32,209,-32" /><INIT seed="1,0,0,5,2,115" ten="291,345,187,177" oya="1" hai0="18,64,96,54,117,74,56,44,105,12,3,121,103" hai1="26,78,22,83,79,116,72,48,113,39,67,111,73" hai2="126,32,100,131,65,108,88,1,58,124,97,94,77" hai3="23,45,118,29,85,6,82,24,10,135,98,13,46"/><U36/><E113/><V89/><F32/><W0/><G135/><T38/><D121/><U75/><E67/><V35/><F35/><W133/><G133/><T104/><D3/><U4/><E4/><V101/><F1/><W50/><G46/><T9/><D74/><U92/><E116/><V41/><F41/><W62/><G62/><T114/><D114/><U106/><E106/><V60/><F108/><W55/><G0/><T28/><D28/><U20/><E20/><V8/><F131/><W93/><G118/><T63/><D117/><U84/><E79/><V33/><F33/><W37/><G37/><T107/><D38/><U47/><E92/><V59/><F77/><W25/><G25/><T70/><REACH who="0" step="1"/><D44/><REACH who="0" ten="281,345,187,177" step="2"/><U53/><REACH who="1" step="1"/><E111/><REACH who="1" ten="281,335,187,177" step="2"/><V68/><F126/><W119/><G119/><T34/><D34/><U127/><E127/><V76/><F124/><W123/><G123/><T86/><D86/><U95/><E95/><V61/><F94/><W27/><G93/><T51/><AGARI ba="0,2" hai="9,12,18,51,54,56,63,64,70,96,103,104,105,107" machi="51" ten="20,2700,0" yaku="1,1,0,1,7,1,53,0" doraHai="115" doraHaiUra="122" who="0" fromWho="0" sc="281,47,335,-13,187,-7,177,-7" /><INIT seed="2,0,0,1,0,76" ten="328,322,180,170" oya="2" hai0="35,37,64,119,25,133,63,135,33,84,102,17,38" hai1="74,44,87,46,124,83,57,23,93,94,2,18,100" hai2="91,68,113,70,29,123,117,52,59,21,127,54,90" hai3="11,126,19,112,86,43,13,51,58,101,20,107,125"/><V105/><F113/><W111/><G112/><T97/><D119/><U22/><E74/><V30/><F117/><W53/><G107/><N who="0" m="63951" /><D17/><U9/><E124/><V66/><F123/><W47/><G101/><T109/><D84/><U80/><E2/><V85/><F105/><W10/><G111/><T81/><D81/><N who="1" m="31307" /><E57/><V82/><F127/><N who="3" m="48651" /><G86/><T60/><D60/><AGARI ba="0,0" hai="10,11,13,19,20,43,47,51,53,58,60" m="48651" machi="60" ten="30,1000,0" yaku="18,1" doraHai="76" who="3" fromWho="0" sc="328,-10,322,0,180,0,170,10" /><INIT seed="3,0,0,3,5,6" ten="318,322,180,180" oya="3" hai0="93,30,28,69,110,46,107,10,131,47,74,29,75" hai1="108,135,62,77,1,23,12,31,116,63,109,92,114" hai2="49,98,58,132,17,87,72,66,83,133,55,99,68" hai3="121,13,43,117,76,22,115,130,44,54,65,79,20"/><W101/><G115/><T96/><D107/><U102/><E1/><V85/><F72/><W100/><G117/><T7/><D69/><U27/><E114/><V5/><F5/><W33/><G33/><T50/><D110/><N who="1" m="42603" /><E116/><V15/><F68/><W60/><G121/><T112/><D112/><U82/><E135/><N who="2" m="51787" /><F66/><W111/><G130/><T59/><D131/><U90/><E12/><V73/><F73/><W4/><G111/><T18/><D18/><U32/><E102/><N who="3" m="39530" /><G65/><T81/><D75/><N who="1" m="43327" /><E32/><V16/><F17/><W78/><G43/><T71/><D71/><U40/><E40/><V2/><F2/><W103/><N who="3" m="39538" /><W94/><DORA hai="53" /><G94/><T57/><D74/><U19/><E19/><V45/><F16/><W95/><G95/><T11/><D29/><U14/><E14/><V70/><F15/><W64/><G64/><T61/><D28/><U38/><E38/><V48/><F70/><W104/><G104/><T134/><D30/><U9/><E9/><V35/><F35/><W67/><G67/><T118/><D134/><U39/><E39/><V129/><F129/><W97/><G97/><AGARI ba="0,0" hai="23,27,31,62,63,90,92,97" m="43327,42603" machi="97" ten="30,1000,0" yaku="14,1" doraHai="6,53" who="1" fromWho="3" sc="318,0,322,10,180,0,180,-10" owari="318,11.8,332,43.2,180,-22.0,170,-33.0" /></mjloggm>