<mjloggm ver="2.3"><GO type="225" lobby="0"/><UN n0="%E7%89%B9%E6%9D%B1%E3%81%AF%E4%B8%96%E7%95%8C%E3%82%92%E6%95%91%E3%81%86" n1="%E3%83%96%E3%83%83%E3%83%91%E3%82%AA%E3%83%96%E3%83%81%E3%82%AD%E3%83%B3" n2="%E4%B8%89%E5%88%86%E5%B0%8F%E5%83%A7" n3="%70%68%65%6E%6F%6D%65" dan="16,16,16,16" rate="2200.24,2091.27,2066.24,2145.79" sx="M,M,M,M"/><TAIKYOKU oya="0"/><INIT seed="0,0,0,3,2,24" ten="250,250,250,250" oya="0" hai0="58,47,68,45,40,44,110,135,120,103,82,134,53" hai1="57,59,25,37,121,132,81,20,1,93,6,99,129" hai2="65,18,36,123,62,124,79,13,2,73,77,98,54" hai3="85,83,7,105,100,106,75,89,14,80,56,122,30"/><T113/><D103/><U72/><E121/><V116/><F2/><W126/><G122/><T28/><D82/><U118/><E118/><V133/><F124/><W51/><G126/><T29/><D120/><U111/><E37/><V95/><F133/><N who="0" m="50698" /><D113/><U46/><E111/><V61/><F36/><W23/><G7/><T9/><D68/><U128/><E46/><N who="0" m="18025" /><D9/><N who="1" m="2255" /><E81/><V71/><F73/><W17/><G100/><T74/><D74/><U60/><E72/><V101/><F116/><W131/><G131/><N who="1" m="50250" /><E60/><V130/><F123/><W69/><G69/><T92/><D92/><U22/><E132/><V104/><F95/><W35/><G80/><T49/><D110/><U55/><E55/><V32/><F130/><W38/><G75/><T31/><D29/><N who="1" m="17575" /><E22/><V97/><F54/><W94/><G83/><T127/><D127/><U67/><E67/><V63/><F65/><W0/><G38/><AGARI ba="0,0" hai="28,31,38,40,47,49,53,58" m="18025,50698" machi="38" ten="30,5800,0" yaku="20,1,52,2" doraHai="24" who="0" fromWho="3" sc="250,58,250,0,250,0,250,-58" /><INIT seed="0,1,0,2,3,43" ten="308,250,250,192" oya="0" hai0="130,77,123,46,134,108,127,55,83,60,105,69,40" hai1="75,111,103,87,117,8,29,13,131,1,35,88,59" hai2="119,132,49,18,2,14,23,24,12,116,104,47,128" hai3="92,54,94,41,113,27,126,17,78,112,135,26,121"/><T102/><D123/><U56/><E117/><N who="2" m="45131" /><F104/><W4/><G121/><T45/><D130/><U97/><E75/><V95/><F2/><W19/><G126/><T93/><D105/><U62/><E1/><V39/><F39/><W20/><G135/><T84/><D134/><U73/><E73/><V33/><F128/><W21/><G41/><T81/><D127/><U37/><E37/><V89/><F33/><W3/><G78/><T44/><D108/><U74/><E74/><V22/><F22/><W99/><G54/><T50/><D81/><U9/><E131/><V7/><F7/><W118/><G118/><T67/><REACH who="0" step="1"/><D40/><REACH who="0" ten="298,250,250,192" step="2"/><U63/><E111/><V115/><F132/><W52/><G94/><T114/><D114/><U58/><E63/><V71/><F115/><W82/><G82/><T11/><D11/><U15/><E62/><V61/><F61/><W66/><G66/><T30/><D30/><U86/><E9/><V100/><F71/><W48/><G3/><T65/><D65/><U36/><E8/><V125/><F125/><W5/><G112/><T120/><D120/><U109/><E29/><V79/><F95/><W98/><G113/><T25/><D25/><U38/><E109/><V80/><F80/><W64/><G64/><T16/><D16/><U53/><E53/><V70/><F18/><W110/><G110/><T32/><D32/><U129/><E35/><V42/><F24/><W72/><G72/><T76/><D76/><U6/><E129/><V57/><F79/><W124/><G124/><T96/><AGARI ba="1,1" hai="44,45,46,50,55,60,67,69,77,83,84,93,96,102" machi="96" ten="30,18000,2" yaku="1,1,0,1,52,3,53,1" doraHai="43" doraHaiUra="51" who="0" fromWho="0" sc="298,193,250,-61,250,-61,192,-61" /><INIT seed="0,2,0,2,5,134" ten="491,189,189,131" oya="0" hai0="131,28,66,51,77,35,69,115,74,21,67,64,81" hai1="110,116,52,88,80,82,42,104,112,127,95,53,111" hai2="122,100,59,86,92,117,46,22,128,121,91,102,41" hai3="31,15,89,119,109,96,34,27,57,63,56,55,5"/><T97/><D115/><U65/><E116/><V98/><F117/><W20/><G119/><T75/><D35/><U60/><E104/><V30/><F128/><W2/><G109/><N who="1" m="41482" /><E42/><V108/><F102/><W126/><G126/><T72/><D131/><U133/><E133/><V40/><F40/><W38/><G38/><T13/><D69/><N who="1" m="42151" /><E112/><V44/><F108/><W12/><G34/><T130/><D130/><U68/><E68/><V113/><F59/><W11/><G89/><T83/><D77/><U73/><E127/><V85/><F46/><W8/><G96/><T48/><D97/><N who="1" m="57575" /><E73/><V106/><F113/><W14/><REACH who="3" step="1"/><G56/><REACH who="3" ten="491,189,189,121" step="2"/><T107/><D107/><U0/><E0/><V32/><F32/><W33/><G33/><T6/><D83/><AGARI ba="2,1" hai="52,53,80,82,83" m="57575,42151,41482" machi="83" ten="30,3900,0" yaku="14,1,54,2" doraHai="134" who="1" fromWho="0" sc="491,-45,189,55,189,0,121,0" /><INIT seed="1,0,0,2,5,74" ten="446,244,189,121" oya="1" hai0="0,69,7,100,113,56,128,116,43,48,132,81,121" hai1="42,78,95,53,60,99,25,33,6,85,71,9,37" hai2="10,29,76,59,114,24,21,44,68,14,13,8,91" hai3="135,64,31,47,32,79,54,87,101,39,65,88,45"/><U86/><E37/><V23/><F68/><W107/><G135/><T120/><D69/><U119/><E42/><V12/><F114/><W73/><G32/><T84/><D113/><U66/><E119/><V4/><F91/><W58/><G31/><T117/><D100/><U134/><E134/><V109/><F109/><W67/><G39/><T18/><D132/><U104/><E104/><V36/><F59/><W93/><G107/><T22/><D7/><U103/><E53/><V98/><F98/><W123/><G101/><T133/><D0/><U62/><E62/><V118/><F118/><W90/><G90/><N who="0" m="51471" /><D128/><U28/><REACH who="1" step="1"/><E78/><REACH who="1" ten="446,234,189,121" step="2"/><V115/><F76/><W41/><G41/><T51/><D133/><U34/><E34/><V127/><F115/><W15/><G123/><N who="0" m="47179" /><D51/><U20/><E20/><V110/><F36/><W125/><G125/><T17/><D43/><U83/><E83/><V63/><F63/><W89/><G89/><T61/><D22/><U129/><E129/><V130/><F130/><W105/><G105/><T57/><D117/><U97/><E97/><V77/><F77/><W26/><G79/><T131/><D116/><U82/><E82/><V106/><F106/><W1/><G73/><T108/><D131/><U80/><E80/><V19/><F127/><W52/><G54/><N who="0" m="31815" /><D108/><U49/><E49/><V5/><F110/><W122/><G122/><T70/><D70/><U46/><E46/><AGARI ba="0,1" hai="4,5,8,10,12,13,14,19,21,23,24,29,44,46" machi="46" ten="40,2600,0" yaku="9,1,8,1" doraHai="74" who="2" fromWho="1" sc="446,0,234,-26,189,36,121,0" /><INIT seed="2,0,0,3,3,135" ten="446,208,225,121" oya="2" hai0="17,36,7,129,116,30,55,117,61,100,54,38,127" hai1="79,119,87,16,62,120,103,27,75,109,45,50,69" hai2="101,90,24,59,52,42,99,130,115,73,102,35,110" hai3="98,134,39,125,43,122,94,65,32,60,95,53,97"/><V9/><F115/><W6/><G122/><T40/><D129/><U124/><E119/><N who="0" m="45641" /><D127/><U4/><E75/><V111/><F73/><W58/><G134/><T121/><D121/><U70/><E120/><V82/><F42/><W89/><G32/><T131/><D131/><U104/><E109/><N who="2" m="41483" /><F130/><W105/><G6/><T64/><D30/><U92/><E124/><V133/><F133/><W57/><G105/><T47/><D7/><U67/><E70/><V34/><F9/><W20/><G125/><T23/><D100/><N who="2" m="38506" /><F24/><W86/><G39/><T44/><D38/><U78/><E104/><V74/><F99/><W48/><G43/><T80/><D40/><U49/><E27/><V71/><F71/><W66/><G66/><T31/><D36/><U128/><E69/><V56/><F56/><W13/><REACH who="3" step="1"/><G94/><REACH who="3" ten="446,208,225,111" step="2"/><T88/><D64/><U29/><E92/><V113/><F113/><W19/><AGARI ba="0,1" hai="13,19,20,48,53,57,58,60,65,86,89,95,97,98" machi="19" ten="30,12000,2" yaku="1,1,2,1,0,1,25,2,8,1,53,0" doraHai="135" doraHaiUra="126" who="3" fromWho="3" sc="446,-30,208,-30,225,-60,111,130" /><INIT seed="3,0,0,2,3,95" ten="416,178,165,241" oya="3" hai0="1,34,124,20,44,42,68,55,70,21,66,110,84" hai1="64,31,114,45,69,133,8,99,49,86,65,13,73" hai2="61,58,39,93,91,77,56,7,33,19,98,121,120" hai3="25,59,14,22,41,101,76,97,28,100,53,118,16"/><W125/><G118/><T79/><D34/><U113/><E73/><V94/><F39/><W52/><G125/><T103/><D1/><U6/><E133/><V46/><F33/><W123/><G123/><N who="2" m="47177" /><F46/><W30/><G41/><T32/><D32/><U67/><E69/><V81/><F7/><W72/><G100/><T12/><D21/><U27/><E99/><N who="2" m="57791" /><F19/><W37/><G37/><T36/><D66/><U122/><E122/><V63/><F63/><W109/><G109/><T9/><D9/><U26/><E86/><N who="2" m="48431" /><F61/><W116/><G116/><T80/><D103/><AGARI ba="0,0" hai="56,58,94,98,103" m="48431,57791,47177" machi="103" ten="30,3900,0" yaku="13,1,52,2" doraHai="95" who="2" fromWho="0" sc="416,-39,178,0,165,39,241,0" owari="377,47.7,178,-32.2,204,-19.6,241,4.1" /></mjloggm>