<mjloggm ver="2.3"><GO type="225" lobby="0"/><UN n0="%E9%BB%99%E8%81%B4%E3%81%AE%E3%81%99%E3%82%9D%E3%82%81" n1="%61%6D%69%61%6D%69" n2="%E5%A4%8F%E9%88%B4%E9%88%B4%E5%A4%8F" n3="%E3%83%A9%E3%82%B9%E7%8E%87%EF%BC%93%E5%89%B2" dan="16,16,16,17" rate="2088.88,2121.55,2134.91,2206.68" sx="M,M,F,F"/><TAIKYOKU oya="0"/><INIT seed="0,0,0,1,4,132" ten="250,250,250,250" oya="0" hai0="32,73,72,57,5,26,33,9,63,119,23,81,35" hai1="120,19,116,14,96,39,22,106,76,41,82,86,108" hai2="129,58,123,70,87,68,125,80,45,21,117,104,27" hai3="133,0,43,15,4,47,101,3,126,52,64,97,25"/><T7/><D119/><U54/><E116/><V110/><F123/><W83/><G133/><T84/><D73/><U59/><E120/><V65/><F117/><W78/><G64/><T1/><D72/><U114/><E114/><V124/><F104/><W128/><G25/><T79/><D5/><U122/><E122/><V28/><F110/><W118/><G128/><T31/><REACH who="0" step="1"/><D35/><REACH who="0" ten="240,250,250,250" step="2"/><U92/><E108/><V34/><F129/><W67/><G4/><T8/><D8/><U105/><E39/><V40/><F34/><W61/><G118/><T127/><D127/><N who="2" m="48714" /><F65/><AGARI ba="0,1" hai="1,7,9,23,26,31,32,33,57,63,65,79,81,84" machi="65" ten="30,2900,0" yaku="1,1,7,1,53,0" doraHai="132" doraHaiUra="13" who="0" fromWho="2" sc="240,39,250,0,250,-29,250,0" /><INIT seed="0,1,0,4,1,79" ten="279,250,221,250" oya="0" hai0="32,15,24,12,133,49,19,34,112,116,135,87,22" hai1="14,100,80,67,64,132,106,126,83,31,35,4,46" hai2="48,43,117,21,20,56,30,76,130,7,124,17,28" hai3="3,53,37,52,104,103,36,120,26,91,59,105,98"/><T2/><D116/><U122/><E122/><V23/><F117/><W68/><G68/><T127/><D112/><U60/><E132/><N who="0" m="50761" /><D49/><U41/><E126/><V58/><F124/><W121/><G3/><T25/><D87/><U101/><E14/><V27/><F130/><W118/><G118/><T45/><D45/><U92/><E4/><V73/><F7/><W44/><G104/><T39/><D39/><U61/><E106/><V1/><F1/><W119/><G119/><T6/><D127/><U29/><E35/><N who="0" m="13353" /><D2/><U18/><E46/><V8/><F43/><W128/><G44/><T82/><D82/><U38/><E92/><V78/><F73/><W62/><G37/><T115/><D115/><U11/><E41/><V70/><F70/><W55/><G36/><T77/><D77/><N who="2" m="29802" /><F27/><W134/><G26/><T40/><D40/><U129/><E38/><V131/><F131/><W108/><G128/><T74/><D74/><U16/><REACH who="1" step="1"/><E129/><REACH who="1" ten="279,240,221,250" step="2"/><V65/><F58/><W102/><G134/><T42/><D42/><U66/><E66/><V113/><F113/><W95/><G121/><T96/><D96/><U86/><E86/><V69/><F69/><W63/><G120/><T81/><D81/><U109/><E109/><V75/><F75/><W88/><G108/><T89/><D89/><N who="3" m="34377" /><G59/><T125/><D125/><U10/><AGARI ba="1,1" hai="10,11,16,18,29,31,60,61,64,67,80,83,100,101" machi="10" ten="25,16000,3" yaku="1,1,0,1,22,2,8,1,52,2,54,1,53,0" doraHai="79" doraHaiUra="9" who="1" fromWho="1" sc="279,-81,240,173,221,-41,250,-41" /><INIT seed="1,0,0,3,3,55" ten="198,413,180,209" oya="1" hai0="13,107,10,62,74,48,119,122,135,5,37,32,64" hai1="14,12,24,53,6,59,46,11,109,121,85,18,126" hai2="133,66,9,77,19,84,125,76,42,61,82,20,118" hai3="88,67,112,96,17,110,44,2,131,36,56,25,111"/><U49/><E121/><V28/><F118/><W113/><G2/><T92/><D119/><U103/><E126/><V7/><F125/><W3/><G3/><T29/><D135/><U114/><E114/><V57/><F133/><W106/><G131/><T41/><D74/><U51/><E109/><N who="3" m="41482" /><G17/><T38/><D107/><U58/><E103/><V98/><F98/><W129/><G25/><T75/><D75/><U90/><E51/><V128/><F128/><W0/><G0/><T69/><D122/><U130/><E24/><V68/><F68/><W134/><G134/><T80/><D32/><U39/><E39/><V94/><F94/><N who="3" m="56391" /><G106/><T127/><D127/><U73/><E73/><V31/><F42/><N who="3" m="22599" /><G129/><T8/><D29/><U45/><E130/><V65/><F77/><W50/><G50/><T89/><D80/><N who="1" m="49447" /><E46/><V1/><REACH who="2" step="1"/><F66/><REACH who="2" ten="198,413,170,209" step="2"/><W78/><G78/><T123/><D123/><U91/><E91/><V102/><F102/><W71/><G71/><T54/><D92/><U100/><E100/><V83/><F83/><W86/><G86/><T99/><D41/><U15/><E14/><AGARI ba="0,1" hai="1,7,9,14,19,20,28,31,57,61,65,76,82,84" machi="14" ten="30,3900,0" yaku="1,1,7,1,52,1,53,0" doraHai="55" doraHaiUra="116" who="2" fromWho="1" sc="198,0,413,-39,170,49,209,0" /><INIT seed="2,0,0,0,3,19" ten="198,374,219,209" oya="2" hai0="12,79,113,103,17,13,86,15,78,133,36,46,112" hai1="131,75,120,123,11,42,62,65,14,115,89,6,130" hai2="49,20,50,114,59,81,33,98,39,121,85,7,41" hai3="119,22,55,80,45,96,72,66,108,102,95,18,71"/><V1/><F121/><N who="1" m="46665" /><E75/><V37/><F33/><W30/><G119/><T5/><D133/><U58/><E115/><V90/><F7/><W129/><G129/><N who="1" m="49162" /><E42/><V104/><F1/><W106/><G108/><T57/><D103/><U110/><E89/><V32/><F32/><W111/><G111/><AGARI ba="0,0" hai="6,11,14,58,62,65,110,111" m="49162,46665" machi="111" ten="40,2600,0" yaku="13,1,19,1" doraHai="19" who="1" fromWho="3" sc="198,0,374,26,219,0,209,-26" /><INIT seed="3,0,0,2,0,125" ten="198,400,219,183" oya="3" hai0="98,10,32,36,107,24,56,11,67,4,41,130,20" hai1="72,35,123,18,104,78,26,120,119,40,90,15,111" hai2="45,0,88,34,17,122,94,31,53,54,62,49,42" hai3="135,66,58,85,93,28,89,114,57,76,7,113,75"/><W19/><G135/><T86/><D32/><U134/><E119/><V69/><F0/><W14/><G28/><T129/><D36/><U116/><E116/><V106/><F106/><W91/><G7/><T102/><D41/><U96/><E111/><V110/><F110/><W100/><G75/><T77/><D67/><U118/><E118/><V132/><F132/><W83/><G113/><T44/><D44/><U61/><E40/><V48/><F122/><W68/><G68/><T1/><D56/><N who="3" m="21609" /><G114/><T87/><D10/><U22/><E134/><V37/><F17/><W8/><G66/><T6/><D6/><U55/><E78/><V30/><F34/><W5/><G5/><T133/><D133/><U97/><E72/><V70/><F30/><W105/><G105/><T64/><D64/><U112/><E112/><V81/><F31/><W51/><G51/><T103/><D103/><U27/><E104/><V115/><F62/><W25/><G25/><T3/><D3/><U79/><E27/><V101/><F37/><W65/><G65/><T13/><D1/><U128/><E35/><V50/><F115/><W73/><G73/><T2/><D2/><U39/><E39/><N who="2" m="21727" /><F70/><W127/><G127/><T126/><D126/><U131/><E26/><V43/><F69/><W124/><G124/><T60/><D60/><U33/><E33/><V21/><F43/><W108/><G108/><T82/><REACH who="0" step="1"/><D86/><REACH who="0" ten="188,400,219,183" step="2"/><U16/><E123/><V29/><F50/><W9/><G9/><T63/><D63/><U117/><E61/><V95/><F49/><W59/><N who="3" m="21617" /><W84/><DORA hai="92" /><G84/><RYUUKYOKU ba="0,1" sc="188,15,400,-15,219,-15,183,15" hai0="4,11,13,20,24,77,82,87,98,102,107,129,130" hai3="8,14,19,76,83,85,89,91,93,100" /><INIT seed="3,1,1,1,0,50" ten="203,385,204,198" oya="3" hai0="119,98,71,63,112,34,116,83,95,49,9,59,15" hai1="99,2,17,133,26,131,39,122,41,4,74,29,129" hai2="58,73,70,123,67,88,19,62,12,87,22,43,27" hai3="6,65,10,79,11,55,85,16,125,5,37,36,35"/><W103/><G125/><T106/><D34/><U72/><E122/><V68/><F73/><W86/><G35/><T93/><D106/><U51/><E39/><V120/><F43/><W38/><G65/><T52/><D112/><U47/><E133/><V44/><F44/><W92/><G79/><T94/><D83/><U18/><E99/><V33/><F27/><W1/><G16/><N who="1" m="6250" /><E2/><V121/><F33/><W20/><G20/><T114/><D114/><U76/><E4/><V115/><F115/><W89/><G103/><T100/><D71/><U127/><E76/><V48/><REACH who="2" step="1"/><F48/><REACH who="2" ten="203,385,194,198" step="2"/><W40/><G40/><T90/><D119/><U134/><E134/><V113/><F113/><W24/><G24/><T57/><D116/><U60/><E127/><V31/><F31/><W128/><G128/><N who="1" m="49226" /><E60/><V64/><F64/><W111/><G111/><T126/><D126/><U0/><E0/><V117/><F117/><W104/><G104/><T69/><D49/><U23/><AGARI ba="1,2" hai="23,26,29,41,47,51,72,74" m="49226,6250" machi="23" ten="30,2000,0" yaku="19,1,54,1" doraHai="50" who="1" fromWho="1" sc="203,-6,385,43,194,-6,198,-11" owari="197,-0.3,428,52.8,188,-21.2,187,-31.3" /></mjloggm>