<mjloggm ver="2.3"><GO type="225" lobby="0"/><UN n0="%70%6F%69%73%6F%6E%30%32" n1="%E3%81%AD%E3%82%80%E3%81%84%40%E9%9B%80%E9%B3%B4%E4%BC%9A" n2="%E3%81%BF%E3%81%BF%E3%81%9A" n3="%E5%B6%BA%E4%B8%8A%E5%92%B2" dan="16,16,17,16" rate="2053.99,2191.63,2238.60,2146.68" sx="M,F,M,F"/><TAIKYOKU oya="0"/><INIT seed="0,0,0,0,0,125" ten="250,250,250,250" oya="0" hai0="57,122,43,112,67,59,115,17,3,4,30,80,8" hai1="129,26,121,107,19,24,25,35,71,12,13,52,33" hai2="69,84,6,50,73,126,1,103,5,56,49,91,7" hai3="101,110,48,21,10,31,2,68,93,29,135,15,118"/><T63/><D122/><U128/><E71/><V37/><F37/><W131/><G118/><T113/><D43/><U22/><E107/><V41/><F69/><W78/><G68/><T99/><D30/><U74/><E74/><V96/><F73/><W61/><G110/><T94/><D80/><U81/><E81/><V133/><F126/><W132/><G2/><T89/><D17/><N who="1" m="10543" /><E52/><N who="2" m="31759" /><F1/><W55/><G78/><T87/><D99/><U79/><E79/><V75/><F75/><W98/><G61/><T20/><D20/><N who="1" m="11367" /><E121/><V127/><F133/><N who="3" m="51275" /><G21/><T108/><D108/><U23/><E23/><V18/><F127/><W46/><G131/><AGARI ba="0,0" hai="24,25,26,33,35,128,129,131" m="11367,10543" machi="131" ten="30,12000,2" yaku="19,1,34,2,52,3" doraHai="125" who="1" fromWho="3" sc="250,0,250,120,250,0,250,-120" /><INIT seed="1,0,0,2,3,93" ten="250,370,250,130" oya="1" hai0="39,34,81,127,57,105,56,113,50,65,70,38,95" hai1="0,33,100,85,94,8,78,114,110,89,129,109,118" hai2="62,84,17,99,126,119,121,60,107,49,87,20,44" hai3="54,43,48,72,101,5,12,29,128,10,86,28,37"/><U130/><E33/><V102/><F119/><W92/><G72/><T25/><D105/><U51/><E118/><V98/><F121/><W14/><G128/><N who="1" m="49258" /><E114/><V123/><F123/><W63/><G37/><T30/><D113/><U96/><E51/><V3/><F3/><W22/><G43/><T18/><D127/><U120/><E120/><V132/><F132/><W133/><G63/><N who="2" m="24105" /><F102/><W76/><G133/><T21/><D70/><U53/><E53/><N who="2" m="29863" /><F107/><W11/><G76/><T19/><D65/><U88/><E78/><V124/><F124/><W6/><G22/><T36/><D50/><U61/><E61/><V83/><F126/><W13/><G13/><T31/><D31/><U116/><E116/><V4/><F4/><W104/><G104/><T32/><D81/><N who="1" m="49199" /><E100/><V134/><F134/><W26/><G101/><T24/><D34/><U66/><E66/><V131/><F131/><W41/><G41/><T2/><D2/><U117/><E117/><V80/><F84/><W42/><G42/><T52/><D52/><U46/><E46/><V125/><F125/><W108/><G86/><T40/><D40/><U73/><E73/><V23/><F83/><W97/><G54/><T112/><D112/><U103/><E103/><V7/><F87/><W106/><G48/><T15/><REACH who="0" step="1"/><D95/><REACH who="0" ten="240,370,250,130" step="2"/><U79/><E79/><V27/><F80/><W111/><G106/><T35/><D35/><U90/><E0/><V71/><F71/><W77/><G92/><T58/><D58/><U45/><E45/><V59/><F59/><W74/><G77/><T115/><D115/><U9/><E90/><RYUUKYOKU ba="0,1" sc="240,15,370,15,250,-15,130,-15" hai0="15,18,19,21,24,25,30,32,36,38,39,56,57" hai1="8,9,89,94,96,109,110" /><INIT seed="1,1,1,2,4,119" ten="255,385,235,115" oya="1" hai0="29,131,93,12,33,112,3,84,126,54,8,122,124" hai1="22,134,115,111,52,18,74,30,44,42,9,26,101" hai2="55,15,123,120,116,73,135,121,88,28,106,10,96" hai3="109,130,127,114,78,20,110,27,25,125,75,14,50"/><U72/><E115/><V71/><F116/><W80/><G114/><T89/><D112/><U86/><E134/><V99/><F73/><W83/><G130/><T24/><D3/><U68/><E68/><V97/><F135/><W77/><G50/><T76/><D131/><U104/><E111/><N who="3" m="42506" /><G14/><T23/><D122/><U19/><E104/><V61/><F28/><W17/><G27/><T21/><D76/><U108/><E101/><V59/><F71/><W41/><G41/><T132/><D54/><U92/><E108/><V6/><REACH who="2" step="1"/><F88/><REACH who="2" ten="255,385,225,115" step="2"/><W133/><G133/><T87/><D132/><U64/><E74/><AGARI ba="1,2" hai="17,20,25,74,75,77,78,80,83,125,127" m="42506" machi="74" ten="30,1000,0" yaku="14,1" doraHai="119" who="3" fromWho="1" sc="255,0,385,-13,225,0,115,33" /><INIT seed="2,0,0,5,0,103" ten="255,372,225,148" oya="2" hai0="61,30,107,110,67,14,31,120,89,109,18,91,102" hai1="52,25,40,63,94,87,100,33,54,88,134,15,77" hai2="126,44,114,41,117,90,17,130,6,118,20,56,24" hai3="10,22,69,66,8,128,71,111,75,83,76,70,115"/><V29/><F114/><W131/><G115/><T13/><D120/><U79/><E134/><V97/><F126/><W1/><G10/><T47/><D47/><U129/><E129/><V57/><F130/><N who="3" m="49707" /><G22/><T53/><D53/><U3/><E3/><V21/><F6/><N who="3" m="1103" /><G66/><T9/><D14/><U45/><E33/><V81/><F118/><W98/><G98/><N who="0" m="61911" /><D31/><U32/><E32/><V36/><F117/><W133/><G111/><N who="0" m="42507" /><D30/><U26/><E100/><V43/><F43/><W35/><G35/><T73/><D73/><U127/><E127/><V2/><F2/><W121/><G121/><T112/><D112/><U105/><E15/><V125/><F125/><W62/><G62/><T99/><D99/><U58/><E54/><V39/><F39/><W64/><G64/><T11/><D9/><U104/><E25/><V4/><F4/><W65/><G65/><T123/><D123/><U116/><E26/><V23/><F97/><W50/><G50/><T92/><D92/><U0/><E116/><V101/><F101/><W12/><G12/><T34/><D34/><U46/><E0/><V5/><F5/><W16/><G16/><T84/><D84/><U37/><REACH who="1" step="1"/><E46/><REACH who="1" ten="255,362,225,148" step="2"/><V59/><F29/><W124/><G124/><T42/><D42/><U85/><E85/><N who="2" m="50479" /><F24/><W96/><G96/><T106/><D106/><AGARI ba="0,1" hai="37,40,45,52,58,63,77,79,87,88,94,104,105,106" machi="106" ten="40,16000,3" yaku="1,1,52,3,54,2,53,2" doraHai="103" doraHaiUra="72" who="1" fromWho="0" sc="255,-160,362,170,225,0,148,0" /><INIT seed="3,0,0,1,4,59" ten="95,532,225,148" oya="3" hai0="63,81,114,88,102,51,103,6,87,110,19,23,128" hai1="39,38,7,118,30,109,135,105,9,60,20,2,47" hai2="133,127,92,33,84,85,77,18,71,15,116,61,22" hai3="62,68,126,72,32,131,11,113,1,132,13,35,57"/><W97/><G113/><T37/><D110/><U12/><E109/><V50/><F116/><W49/><G131/><T107/><D37/><U31/><E135/><V122/><F33/><W45/><G126/><T27/><D114/><U117/><E105/><V100/><F133/><W90/><G72/><T106/><D128/><U17/><E60/><V4/><F127/><W21/><G68/><T74/><D74/><U95/><E95/><V76/><F122/><W10/><G1/><T83/><D6/><U43/><E39/><V96/><F71/><W79/><G79/><N who="2" m="30281" /><F61/><W14/><G32/><T115/><D83/><U8/><E8/><N who="2" m="4487" /><F50/><W129/><G35/><T53/><D115/><U29/><AGARI ba="0,0" hai="2,7,9,12,17,20,29,30,31,38,43,47,117,118" machi="29" ten="30,1100,0" yaku="0,1" doraHai="59" who="1" fromWho="1" sc="95,-3,532,11,225,-3,148,-5" owari="92,-40.8,543,64.3,222,2.2,143,-25.7" /></mjloggm>