<mjloggm ver="2.3"><GO type="225" lobby="0"/><UN n0="%E6%A1%9C%E8%8A%B1%E9%96%83%E3%80%85" n1="%70%6F%69%73%6F%6E%30%32" n2="%E5%82%8D%E8%8B%A5%E7%84%A1%E4%BA%BA%35%31" n3="%E3%83%B4%E3%83%A0%EF%BC%99%E3%81%A6" dan="17,16,16,17" rate="2251.71,2067.10,2190.26,2132.26" sx="M,M,M,M"/><TAIKYOKU oya="0"/><INIT seed="0,0,0,4,0,127" ten="250,250,250,250" oya="0" hai0="63,121,36,72,20,56,114,84,86,40,115,43,129" hai1="99,34,21,81,91,51,30,116,125,18,49,108,94" hai2="100,60,19,67,47,53,15,106,39,132,109,54,75" hai3="69,1,117,35,62,70,27,26,73,2,28,45,37"/><T101/><D121/><U0/><E108/><V38/><F109/><W44/><G117/><T74/><D101/><U82/><E116/><V130/><F75/><W25/><G25/><T57/><D20/><U119/><E0/><V5/><F5/><W83/><G27/><T126/><D63/><U96/><E125/><V9/><F132/><W76/><G44/><T61/><D61/><U89/><E30/><V88/><F106/><W98/><G98/><T92/><D92/><N who="1" m="56335" /><E34/><V124/><F100/><W105/><G105/><T64/><D126/><U134/><E134/><V133/><F133/><W80/><G80/><N who="1" m="30826" /><E119/><V7/><F7/><W55/><G55/><T8/><D8/><U46/><E46/><V29/><F54/><W50/><G50/><T71/><D64/><U110/><E110/><V95/><F29/><W16/><G62/><T97/><D97/><U13/><AGARI ba="0,0" hai="13,18,21,49,51,91,94,99" m="30826,56335" machi="13" ten="30,1100,0" yaku="8,1" doraHai="127" who="1" fromWho="1" sc="250,-5,250,11,250,-3,250,-3" /><INIT seed="1,0,0,0,0,47" ten="245,261,247,247" oya="1" hai0="0,62,119,93,46,94,123,102,18,104,20,51,88" hai1="66,84,95,99,59,54,10,11,118,56,103,31,3" hai2="126,135,89,130,78,96,45,8,82,106,76,83,109" hai3="15,112,125,73,121,61,127,85,4,17,25,22,41"/><U71/><E118/><V5/><F109/><W77/><G73/><T69/><D119/><U108/><E31/><V16/><F130/><W53/><G112/><T39/><D39/><U134/><E134/><V14/><F135/><W81/><G121/><T52/><D0/><U49/><E3/><V105/><F126/><N who="3" m="48139" /><G41/><T75/><D75/><U6/><E6/><V97/><F105/><W1/><G1/><T90/><D104/><U36/><E36/><V124/><F124/><W110/><G110/><T43/><D123/><U55/><E108/><V2/><F106/><W116/><G116/><T37/><D37/><U27/><E27/><V91/><F96/><W19/><G61/><T120/><D120/><U32/><E32/><V50/><F97/><W111/><G53/><T57/><D69/><U28/><E28/><V23/><F82/><W107/><G107/><T30/><D30/><U115/><E84/><V44/><F44/><W101/><G101/><T117/><D117/><U35/><E35/><V132/><F132/><W70/><G70/><T21/><D102/><U113/><E113/><V24/><F2/><W128/><G111/><T63/><D63/><N who="1" m="40415" /><E115/><V26/><F26/><W64/><G128/><T12/><D21/><U7/><E7/><V38/><F38/><W42/><G4/><T58/><D58/><U40/><E40/><N who="2" m="24871" /><F78/><W65/><G42/><T60/><D60/><U87/><E87/><AGARI ba="0,0" hai="5,8,14,16,23,24,76,83,87,89,91" m="24871" machi="87" ten="30,7700,0" yaku="25,1,8,1,52,1,54,1" doraHai="47" who="2" fromWho="1" sc="245,0,261,-77,247,77,247,0" /><INIT seed="2,0,0,2,1,30" ten="245,184,324,247" oya="2" hai0="4,92,22,95,47,57,44,84,45,40,36,69,88" hai1="23,59,100,112,10,81,31,114,34,7,43,15,46" hai2="33,128,135,71,80,58,2,115,76,111,104,0,130" hai3="127,38,78,12,65,133,75,67,62,52,53,8,86"/><V93/><F104/><W94/><G38/><T97/><D69/><U28/><E34/><V82/><F71/><W26/><G75/><T109/><D109/><U74/><E100/><V5/><F115/><W68/><G127/><T131/><D131/><N who="2" m="50218" /><F33/><W66/><G133/><T99/><D4/><U125/><E125/><V134/><F93/><W123/><G123/><T17/><D57/><U20/><E59/><V51/><F82/><N who="3" m="47447" /><G68/><T60/><D60/><U132/><E132/><N who="2" m="50731" /><F5/><N who="3" m="3087" /><G62/><T101/><REACH who="0" step="1"/><D97/><REACH who="0" ten="235,184,324,247" step="2"/><U49/><E114/><V122/><F111/><W121/><G121/><T42/><D42/><U35/><E112/><V120/><F122/><W55/><G67/><T103/><D103/><U39/><E39/><V13/><F120/><W61/><G61/><T83/><D83/><U6/><E6/><V27/><F80/><W3/><G3/><T91/><D91/><U79/><REACH who="1" step="1"/><E31/><REACH who="1" ten="235,174,324,247" step="2"/><V54/><F2/><W9/><G66/><T70/><D70/><U50/><E50/><V11/><F0/><W16/><G65/><T126/><D126/><U63/><E63/><V37/><F37/><W24/><G55/><T117/><D117/><U64/><E64/><V14/><F54/><W106/><G52/><T41/><D41/><U108/><E108/><V98/><F51/><W25/><G53/><T113/><D113/><U119/><E119/><V18/><F58/><W85/><G85/><T77/><D77/><U89/><E89/><V21/><F76/><W87/><G87/><T32/><D32/><U72/><E72/><V110/><F110/><W102/><G102/><T96/><D96/><RYUUKYOKU ba="0,2" sc="235,15,174,15,324,-15,247,-15" hai0="17,22,36,40,44,45,47,84,88,92,95,99,101" hai1="7,10,15,20,23,28,35,43,46,49,74,79,81" /><INIT seed="3,1,2,0,5,24" ten="250,189,309,232" oya="3" hai0="8,36,60,127,93,15,23,57,82,121,89,129,70" hai1="37,87,98,16,101,53,132,51,49,10,75,26,76" hai2="86,125,56,27,58,50,126,67,52,100,38,41,33" hai3="109,19,118,135,88,117,110,2,74,1,111,134,124"/><W55/><G74/><T79/><D121/><U96/><E37/><V90/><F100/><W122/><G122/><T47/><D70/><U46/><E75/><V103/><F103/><W29/><G124/><N who="2" m="47721" /><F33/><W119/><G55/><T130/><D23/><U68/><E68/><V61/><F27/><W14/><G29/><T91/><D47/><U95/><E132/><N who="3" m="50730" /><G88/><T59/><D89/><U65/><E65/><V31/><F31/><W54/><G54/><T5/><D127/><U18/><E98/><V107/><F107/><W112/><G112/><T28/><D28/><U64/><E64/><V92/><F41/><W7/><G7/><T80/><D80/><N who="1" m="47495" /><E51/><V66/><F38/><W113/><G113/><T39/><D39/><U102/><E102/><V25/><F25/><W21/><AGARI ba="1,2" hai="1,2,14,19,21,109,110,111,117,118,119" m="50730" machi="21" ten="50,12000,1" yaku="14,1,10,1,20,1,34,2" doraHai="24" who="3" fromWho="3" sc="250,-41,189,-41,309,-41,232,143" owari="209,-19.1,148,-35.2,268,6.8,375,47.5" /></mjloggm>