<mjloggm ver="2.3"><GO type="225" lobby="0"/><UN n0="%E3%83%81%E3%83%83%E3%82%BF%E3%82%BD%E3%83%BC" n1="%E3%83%A9%E3%83%BC%E3%83%A1%E3%83%B3%E4%BA%94%E9%83%8E" n2="%E6%A3%AE%E5%B1%B1%E7%94%B0%E7%9B%B4%E5%A4%AA%E6%9C%97%E4%B9%8B%E4%BB%8B" n3="%77%72%77%72%77%72%77%72" dan="16,16,16,16" rate="2153.95,2161.49,2157.05,2200.15" sx="F,M,M,M"/><TAIKYOKU oya="0"/><INIT seed="0,0,0,0,5,93" ten="250,250,250,250" oya="0" hai0="108,18,39,77,104,98,34,92,49,54,128,120,1" hai1="12,67,111,20,57,25,112,127,69,0,72,119,85" hai2="118,78,47,50,43,9,58,31,123,74,22,107,45" hai3="94,26,52,71,33,11,81,91,86,21,96,51,56"/><T3/><D120/><U46/><E119/><V76/><F123/><W101/><G71/><T41/><D128/><U19/><E72/><V87/><F74/><W13/><G33/><T113/><D113/><U80/><E0/><V117/><F107/><W44/><G56/><T114/><D114/><U55/><E112/><V133/><F133/><W122/><G122/><T35/><D104/><U64/><E111/><V75/><F75/><W29/><G13/><T90/><D108/><U83/><E69/><V7/><F58/><W6/><G11/><T132/><D132/><U14/><E46/><V99/><F99/><W27/><G27/><T65/><D65/><N who="1" m="25163" /><E127/><V84/><F76/><W70/><G70/><T95/><D77/><N who="1" m="46223" /><E83/><V135/><F135/><W5/><AGARI ba="0,0" hai="5,6,21,26,29,44,51,52,81,86,91,94,96,101" machi="5" ten="30,7900,0" yaku="0,1,8,1,52,1,54,1" doraHai="93" who="3" fromWho="3" sc="250,-39,250,-20,250,-20,250,79" /><INIT seed="1,0,0,3,5,8" ten="211,230,230,329" oya="1" hai0="30,115,97,110,80,99,41,123,118,22,56,25,39" hai1="31,113,45,16,43,133,116,89,26,94,14,49,60" hai2="119,33,65,36,102,86,103,112,109,88,114,122,95" hai3="9,34,48,72,66,57,15,82,108,77,70,2,69"/><U106/><E113/><N who="2" m="43627" /><F36/><W58/><G2/><T29/><D115/><U3/><E116/><V129/><F65/><W73/><G73/><T74/><D110/><U52/><E106/><V121/><F33/><W19/><G108/><T78/><D118/><U111/><E3/><V107/><F109/><W126/><G126/><T90/><D123/><N who="2" m="47114" /><F119/><W7/><G34/><T6/><D30/><U37/><E111/><V83/><F129/><W67/><G7/><T125/><D125/><U23/><E133/><V28/><F28/><W54/><REACH who="3" step="1"/><G57/><REACH who="3" ten="211,230,230,319" step="2"/><T135/><D6/><U59/><E37/><V68/><F68/><AGARI ba="0,1" hai="9,15,19,48,54,58,66,67,68,69,70,72,77,82" machi="68" ten="40,5200,0" yaku="1,1,2,1,52,1,53,0" doraHai="8" doraHaiUra="127" who="3" fromWho="2" sc="211,0,230,0,230,-52,319,62" /><INIT seed="2,0,0,5,4,112" ten="211,230,178,381" oya="2" hai0="5,70,100,95,10,114,66,50,102,128,68,0,42" hai1="58,73,131,48,3,49,90,38,1,107,116,134,2" hai2="11,15,113,39,82,78,24,55,133,123,125,14,104" hai3="87,60,105,83,13,40,117,88,63,79,57,132,120"/><V22/><F104/><W47/><G117/><T96/><D114/><U36/><E90/><V27/><F113/><W34/><G120/><T124/><D128/><U93/><E93/><V31/><F123/><W98/><G34/><T110/><D110/><U8/><E8/><V29/><F39/><N who="1" m="14889" /><E131/><V115/><F115/><W69/><G69/><T97/><D124/><U46/><E58/><V86/><F125/><W53/><G132/><T94/><D66/><U92/><E92/><V109/><F109/><W16/><G105/><T32/><D32/><U99/><E134/><V51/><F133/><W129/><G129/><T122/><D122/><U44/><E99/><V52/><F51/><N who="1" m="19529" /><E107/><V33/><REACH who="2" step="1"/><F14/><REACH who="2" ten="211,230,168,381" step="2"/><W54/><G13/><T64/><D64/><U25/><E1/><V61/><F61/><W89/><G60/><T118/><D118/><U91/><E2/><V28/><F28/><W126/><G63/><T62/><D62/><U80/><E3/><V12/><F12/><W9/><G126/><T108/><D108/><U20/><E116/><V72/><F72/><W85/><G40/><T101/><D100/><U56/><E73/><V6/><AGARI ba="0,1" hai="6,11,15,22,24,27,29,31,33,52,55,78,82,86" machi="6" ten="20,7800,0" yaku="1,1,0,1,7,1,54,1,53,0" doraHai="112" doraHaiUra="65" who="2" fromWho="2" sc="211,-26,230,-26,168,88,381,-26" /><INIT seed="2,1,0,0,2,134" ten="185,204,256,355" oya="2" hai0="92,74,68,28,83,60,79,33,12,122,29,107,63" hai1="82,52,10,20,24,97,118,2,35,48,129,25,105" hai2="58,19,116,11,46,62,77,104,40,125,119,42,23" hai3="4,57,37,90,9,3,88,56,93,8,128,114,106"/><V111/><F104/><W30/><G106/><T43/><D122/><U135/><E118/><V32/><F32/><W75/><G75/><T113/><D113/><U17/><E135/><V124/><F77/><W18/><G114/><T64/><D107/><U101/><E129/><V115/><F11/><W14/><G128/><T26/><D28/><U13/><E2/><V54/><F115/><W96/><G37/><T95/><D43/><U31/><E82/><V47/><F111/><W131/><G131/><T1/><D1/><U130/><E130/><V55/><F23/><W65/><G65/><T127/><D60/><U69/><E69/><V38/><F19/><W133/><G133/><T7/><REACH who="0" step="1"/><D127/><REACH who="0" ten="175,204,256,355" step="2"/><N who="2" m="48714" /><F54/><W91/><G30/><T45/><D45/><U67/><E67/><V39/><AGARI ba="1,1" hai="38,39,40,42,46,47,55,58,62,116,119" m="48714" machi="39" ten="30,18000,2" yaku="18,1,34,2,52,3" doraHai="134" who="2" fromWho="2" sc="175,-61,204,-61,256,193,355,-61" /><INIT seed="2,2,0,5,3,9" ten="114,143,449,294" oya="2" hai0="109,106,57,33,30,118,81,51,77,73,129,104,48" hai1="32,53,58,121,42,112,71,52,80,14,83,61,124" hai2="82,17,10,0,38,36,29,55,25,96,67,41,37" hai3="94,46,119,84,21,74,45,62,47,8,122,31,27"/><V91/><F67/><W93/><G119/><T131/><D109/><U113/><E32/><V54/><F41/><W40/><G74/><T60/><D118/><U75/><E71/><V4/><F17/><W120/><G40/><T69/><D48/><U20/><E75/><V23/><REACH who="2" step="1"/><F82/><REACH who="2" ten="114,143,439,294" step="2"/><W89/><G122/><T86/><D69/><U103/><E80/><V43/><F43/><W3/><G120/><T49/><D73/><U64/><E42/><V68/><F68/><W125/><G125/><T128/><D49/><U90/><E124/><V70/><F70/><W102/><G62/><T99/><D51/><U115/><E121/><V88/><F88/><W111/><G111/><T135/><D135/><U97/><E90/><V39/><N who="2" m="9216" /><DORA hai="127" /><V56/><F56/><W26/><G89/><T117/><D117/><U2/><E83/><V95/><AGARI ba="2,1" hai="0,4,10,23,25,29,54,55,91,95,96" m="9216" machi="95" ten="60,6000,0" yaku="1,1,0,1,53,0" doraHai="9,127" doraHaiUra="107,98" who="2" fromWho="2" sc="114,-22,143,-22,439,76,294,-22" /><INIT seed="2,3,0,2,5,45" ten="92,121,515,272" oya="2" hai0="133,37,50,77,29,38,9,34,119,132,85,35,93" hai1="122,135,32,28,64,66,81,41,111,129,71,26,1" hai2="112,40,128,54,3,83,11,121,33,125,73,89,120" hai3="27,25,36,99,62,20,46,16,10,123,70,105,101"/><V114/><F40/><W22/><G123/><N who="2" m="47177" /><F54/><W57/><G10/><T75/><D119/><U78/><E122/><V6/><F89/><W4/><G4/><T21/><D9/><U104/><E104/><V31/><F83/><W23/><G70/><T98/><D75/><U106/><E106/><V103/><F103/><W107/><G107/><T131/><D131/><U15/><E1/><V74/><F128/><W0/><G0/><T24/><D35/><U43/><E129/><V59/><F59/><W108/><G108/><T47/><D34/><U84/><E111/><V58/><F58/><W116/><G116/><T17/><D29/><U56/><E71/><V12/><F12/><W113/><G113/><N who="2" m="43625" /><F125/><W86/><G86/><T91/><D85/><U52/><E41/><V48/><F48/><W53/><G36/><T110/><D77/><U92/><E43/><V95/><F95/><W94/><G105/><T79/><D79/><U88/><E64/><V5/><F5/><W42/><G42/><N who="0" m="24951" /><D110/><U30/><E66/><V124/><F124/><W96/><G96/><T134/><AGARI ba="3,0" hai="17,21,24,37,38,91,93,98,132,133,134" m="24951" machi="134" ten="30,2000,0" yaku="20,1,52,1" doraHai="45" who="0" fromWho="0" sc="92,29,121,-8,515,-13,272,-8" /><INIT seed="3,0,0,1,1,63" ten="121,113,502,264" oya="3" hai0="60,84,129,50,135,130,106,1,81,111,32,105,34" hai1="16,18,3,40,89,117,73,39,93,53,125,96,116" hai2="92,33,78,69,14,42,5,99,2,9,30,29,108" hai3="113,126,38,128,54,87,12,0,98,131,4,51,127"/><W85/><G0/><T26/><D111/><U41/><E125/><N who="3" m="47626" /><G4/><T35/><D135/><U132/><E132/><V120/><F120/><W119/><G12/><T83/><D1/><U58/><E73/><V102/><F33/><W91/><G38/><T46/><D26/><U114/><E3/><V25/><F108/><W11/><G11/><T100/><D60/><N who="1" m="35919" /><E114/><V22/><F69/><W121/><G54/><T134/><D134/><U20/><E39/><V109/><F109/><W124/><G51/><T15/><D15/><N who="1" m="9247" /><E18/><N who="2" m="12503" /><F2/><W52/><G52/><N who="0" m="29783" /><D100/><U17/><E17/><V65/><F42/><W36/><G36/><T104/><D84/><N who="3" m="32329" /><G124/><T76/><D76/><U13/><E13/><V68/><F78/><W67/><G113/><T10/><D10/><U61/><E61/><V37/><F37/><W23/><G23/><T27/><D27/><U71/><E71/><V80/><F68/><W123/><G119/><AGARI ba="0,0" hai="40,41,89,93,96,116,117,119" m="9247,35919" machi="119" ten="30,2000,0" yaku="12,1,54,1" doraHai="63" who="1" fromWho="3" sc="121,0,113,20,502,0,264,-20" owari="121,-37.9,133,-26.7,502,60.2,244,4.4" /></mjloggm>