<mjloggm ver="2.3"><GO type="225" lobby="0"/><UN n0="%E3%81%8B%E3%82%8F%E3%81%A1%E3%82%83%E3%82%93%35%38" n1="%E7%99%BD%E5%80%89%E5%AF%9B%E4%B9%8B" n2="%E3%81%A8%E3%82%89%E3%81%84%E3%81%A1" n3="%E3%82%8F%E3%81%8B%E3%81%B0%2A%E3%82%AC%E3%83%BC%E3%83%AB" dan="16,16,16,16" rate="2180.80,2151.80,2144.88,2144.83" sx="M,M,M,M"/><TAIKYOKU oya="0"/><INIT seed="0,0,0,5,1,4" ten="250,250,250,250" oya="0" hai0="21,17,78,29,86,22,32,125,91,38,66,81,26" hai1="69,57,99,103,116,1,6,9,13,30,51,12,36" hai2="97,98,100,61,16,119,19,41,3,96,52,55,54" hai3="127,80,76,126,33,104,39,24,15,73,44,110,50"/><T77/><D38/><U83/><E36/><V37/><F119/><W48/><G110/><T7/><D125/><N who="3" m="47625" /><G104/><T75/><D66/><U72/><E69/><V102/><F3/><W134/><G134/><T58/><D58/><U18/><E116/><V0/><F0/><W118/><G118/><T85/><D75/><U120/><E120/><V107/><F61/><W129/><G129/><T117/><D117/><U132/><E132/><V123/><F123/><W20/><G15/><T115/><D115/><U108/><E108/><V93/><REACH who="2" step="1"/><F98/><REACH who="2" ten="250,250,240,250" step="2"/><W87/><G73/><T23/><D7/><U5/><E5/><V60/><F60/><W131/><G131/><T34/><D34/><U114/><E1/><V53/><N who="2" m="13312" /><DORA hai="65" /><V88/><F88/><W71/><G33/><T43/><D43/><U82/><E99/><V62/><F62/><W130/><G130/><T70/><D70/><U111/><E6/><V94/><F94/><W92/><G92/><T64/><D64/><U35/><E111/><V109/><F109/><W128/><G71/><T84/><D91/><U14/><E57/><V63/><F63/><W105/><G128/><T31/><D32/><U2/><E35/><V45/><AGARI ba="0,1" hai="16,19,37,41,45,93,96,97,100,102,107" m="13312" machi="45" ten="40,16000,3" yaku="1,1,0,1,54,2,53,4" doraHai="4,65" doraHaiUra="49,59" who="2" fromWho="2" sc="250,-80,250,-40,240,170,250,-40" /><INIT seed="1,0,0,2,2,3" ten="170,210,410,210" oya="1" hai0="100,6,39,8,4,118,109,30,117,93,135,96,56" hai1="77,14,35,40,126,127,122,65,68,7,80,89,64" hai2="125,108,19,128,10,31,33,15,55,104,105,129,13" hai3="69,76,97,115,44,49,16,88,18,133,86,42,121"/><U87/><E35/><V103/><F108/><W62/><G121/><T116/><D109/><U20/><E122/><V58/><F125/><N who="1" m="47625" /><E68/><V12/><F31/><W66/><G115/><T94/><D39/><U123/><E123/><V29/><F29/><W82/><REACH who="3" step="1"/><G133/><REACH who="3" ten="170,210,410,200" step="2"/><T106/><D135/><U119/><E119/><V134/><F134/><W102/><G102/><T131/><D131/><U26/><E40/><V50/><F103/><W60/><G60/><T28/><D56/><U81/><E65/><V92/><F58/><W73/><G73/><T59/><D59/><U78/><E64/><V79/><F128/><W91/><G91/><T27/><D30/><N who="1" m="17735" /><E81/><V17/><F129/><W90/><G90/><T51/><D51/><U32/><E32/><V52/><F50/><W45/><G45/><T67/><D67/><U71/><E71/><V22/><F33/><W70/><G70/><T74/><D74/><U53/><E53/><V75/><F55/><W110/><G110/><T84/><D117/><U111/><E111/><V130/><F130/><W112/><G112/><T47/><D118/><U36/><E36/><V107/><F52/><W24/><G24/><T72/><D116/><U61/><E61/><V34/><F34/><W113/><G113/><T114/><D114/><U101/><E101/><V43/><F43/><W54/><G54/><T21/><D72/><U85/><E85/><V95/><F75/><W25/><G25/><T63/><D63/><U1/><E1/><V132/><F132/><W120/><G120/><T9/><D84/><U41/><E41/><V48/><F48/><RYUUKYOKU ba="0,1" sc="170,-15,210,15,410,-15,200,15" hai1="7,14,77,78,80,87,89" hai3="16,18,42,44,49,62,66,69,76,82,86,88,97" /><INIT seed="1,1,1,5,1,130" ten="155,225,395,215" oya="1" hai0="135,104,95,87,48,105,12,33,85,38,57,116,68" hai1="11,49,84,6,115,17,101,81,14,10,100,18,114" hai2="113,62,110,121,37,23,8,22,45,122,119,126,40" hai3="66,4,9,120,91,69,117,129,31,79,78,19,70"/><U109/><E109/><V36/><F119/><W50/><G120/><T63/><D38/><U61/><E115/><V125/><F110/><W72/><G129/><T108/><D116/><U65/><E114/><V118/><F118/><W29/><G117/><T13/><D108/><U97/><E49/><V67/><F37/><W54/><G19/><T43/><D33/><U99/><E99/><V71/><F113/><W58/><G91/><T94/><D68/><U51/><E51/><V34/><F34/><W83/><G78/><T127/><D48/><U59/><E97/><V56/><F71/><W5/><G5/><T3/><D43/><U102/><REACH who="1" step="1"/><E11/><REACH who="1" ten="155,215,395,215" step="2"/><V53/><F8/><W77/><G9/><T106/><D106/><U107/><E107/><V134/><F121/><W111/><G111/><T73/><D105/><U42/><E42/><V21/><F122/><W80/><G50/><T90/><D104/><U75/><E75/><V35/><F40/><W2/><G72/><T98/><D73/><U7/><E7/><V131/><F131/><W47/><G47/><T124/><D98/><U44/><E44/><V52/><F45/><W39/><G4/><T88/><D3/><U93/><E93/><V132/><F36/><W55/><G39/><T28/><D28/><U16/><E16/><V46/><F46/><W123/><G2/><T20/><D135/><U27/><E27/><V86/><F132/><W89/><G123/><T76/><D76/><AGARI ba="1,2" hai="6,10,14,17,18,59,61,65,76,81,84,100,101,102" machi="76" ten="40,3900,0" yaku="1,1,8,1,53,0" doraHai="130" doraHaiUra="64" who="1" fromWho="0" sc="155,-42,215,62,395,0,215,0" /><BYE who="0" /><INIT seed="1,2,0,4,1,17" ten="113,277,395,215" oya="1" hai0="82,19,64,59,119,79,34,124,43,113,27,80,125" hai1="76,20,106,23,49,63,47,87,18,91,96,42,92" hai2="134,133,41,126,131,84,69,45,36,104,78,75,44" hai3="98,48,116,117,94,128,135,33,130,38,90,56,129"/><U73/><E73/><UN n0="%E3%81%8B%E3%82%8F%E3%81%A1%E3%82%83%E3%82%93%35%38" /><V85/><F126/><W40/><G135/><N who="2" m="51721" /><F104/><W5/><G33/><T65/><D43/><U102/><E76/><V60/><F45/><N who="3" m="23703" /><G5/><T95/><D95/><U122/><E122/><V101/><F101/><W74/><G74/><T26/><D19/><U110/><E110/><V70/><F60/><W111/><G111/><T112/><D59/><U6/><E6/><V121/><F131/><W52/><AGARI ba="2,0" hai="48,52,56,90,94,98,116,117,128,129,130" m="23703" machi="52" ten="40,2700,0" yaku="19,1,54,1" doraHai="17" who="3" fromWho="3" sc="113,-9,277,-15,395,-9,215,33" /><INIT seed="2,0,0,5,1,3" ten="104,262,386,248" oya="2" hai0="82,25,122,95,125,74,73,56,62,93,123,15,135" hai1="126,111,2,16,68,103,133,79,65,115,94,76,102" hai2="104,130,114,112,5,110,51,106,127,41,52,71,98" hai3="101,129,55,22,96,48,7,37,85,60,44,63,128"/><V30/><F71/><W75/><G75/><T108/><D25/><U89/><E2/><V97/><F41/><W132/><G132/><T105/><D56/><U20/><E115/><V59/><F30/><W91/><G37/><T99/><D62/><U83/><E133/><V81/><F130/><N who="3" m="50283" /><G22/><T12/><D135/><U19/><E111/><V9/><F81/><N who="3" m="49583" /><G7/><T87/><D12/><U66/><E126/><V120/><F120/><W70/><G70/><T36/><D15/><N who="1" m="9247" /><E19/><V49/><F127/><W47/><G44/><T0/><D0/><U18/><E18/><V8/><F110/><W116/><G116/><T14/><D14/><U27/><E27/><V38/><F38/><W6/><G6/><T26/><D36/><U86/><E68/><V84/><F5/><W29/><G29/><T40/><D26/><U17/><E17/><V58/><F84/><W131/><N who="3" m="50291" /><W11/><DORA hai="117" /><G11/><T13/><D13/><U72/><E72/><N who="0" m="27753" /><D108/><U119/><E119/><V57/><F57/><W46/><G46/><T32/><D32/><U39/><E39/><V64/><F8/><W23/><G23/><T134/><D134/><U118/><E118/><V31/><F9/><W88/><G101/><N who="1" m="38410" /><E83/><V113/><F31/><W121/><G121/><N who="0" m="46091" /><D125/><U124/><E124/><V45/><F113/><W90/><G60/><T50/><D50/><U100/><E66/><V28/><F28/><W34/><G34/><T53/><D40/><U10/><E65/><V35/><F64/><W78/><G63/><T109/><D109/><U67/><E67/><V4/><F114/><W80/><G96/><RYUUKYOKU ba="0,0" sc="104,-10,262,-10,386,-10,248,30" hai3="47,48,55,78,80,88,90" /><INIT seed="3,1,0,4,5,94" ten="94,252,376,278" oya="3" hai0="57,123,69,106,2,121,39,31,50,87,8,6,53" hai1="52,48,134,85,28,54,118,105,128,74,81,112,29" hai2="68,0,131,27,15,90,17,61,12,34,82,19,32" hai3="72,49,124,108,24,20,89,76,75,58,114,44,14"/><W95/><G114/><T79/><D87/><U41/><E74/><V59/><F0/><W42/><G124/><T97/><D57/><U77/><E105/><V55/><F131/><W16/><G108/><T84/><D53/><U64/><E112/><V91/><F68/><W18/><G76/><T110/><D50/><U93/><E128/><V103/><F103/><W125/><G125/><T63/><D84/><U113/><E134/><V1/><F1/><W107/><G107/><T13/><D13/><U117/><E113/><V129/><F129/><W92/><G92/><T127/><D127/><U38/><E38/><V66/><F66/><W116/><G116/><T73/><D110/><U43/><E64/><V100/><F100/><W130/><G58/><T119/><D119/><U51/><E85/><V133/><F27/><W46/><G46/><T126/><D126/><U40/><E117/><V120/><F120/><W9/><G130/><T78/><D78/><U111/><E111/><V70/><F70/><W26/><G26/><T47/><D31/><U80/><E118/><V102/><F102/><W35/><G35/><T22/><D22/><U115/><E115/><V4/><F32/><W71/><REACH who="3" step="1"/><G71/><REACH who="3" ten="94,252,376,268" step="2"/><T96/><D106/><U33/><E33/><V109/><F34/><W65/><G65/><N who="0" m="41151" /><D79/><U83/><E77/><V88/><F59/><W98/><AGARI ba="1,1" hai="9,14,16,18,20,24,42,44,49,72,75,89,95,98" machi="98" ten="20,12000,1" yaku="1,1,0,1,7,1,52,1,54,1,53,0" doraHai="94" doraHaiUra="67" who="3" fromWho="3" sc="94,-41,252,-41,376,-41,268,133" owari="53,-44.7,211,-18.9,335,13.5,401,50.1" /></mjloggm>