<mjloggm ver="2.3"><GO type="225" lobby="0"/><UN n0="%E3%82%8F%E3%81%8B%E3%81%B0%2A%E3%82%AC%E3%83%BC%E3%83%AB" n1="%E3%82%A2%E3%83%9E%E3%83%9D%EF%BD%9E%EF%BD%9E%E3%83%A9" n2="%E4%BC%8A%E7%B9%94%E3%82%82%E3%81%88" n3="%E8%A8%88%E7%AE%97%E6%A9%9F%E8%87%AA%E7%84%B6" dan="16,17,16,17" rate="2126.90,2068.85,2128.58,2136.57" sx="M,M,M,M"/><TAIKYOKU oya="0"/><INIT seed="0,0,0,1,3,11" ten="250,250,250,250" oya="0" hai0="103,16,119,90,53,69,55,82,35,51,107,98,38" hai1="58,57,42,48,132,76,30,105,115,93,83,87,14" hai2="97,120,15,33,22,128,125,13,3,32,46,52,59" hai3="77,39,10,88,50,63,121,89,25,41,23,12,79"/><T72/><D38/><U124/><E105/><V101/><F120/><W114/><G114/><T123/><D123/><U54/><E115/><V95/><F3/><W2/><G2/><T73/><D119/><U29/><E132/><V92/><F128/><W110/><G110/><T9/><D69/><U85/><E124/><V45/><F125/><W118/><G39/><T80/><D35/><U75/><E42/><V134/><F134/><W131/><G118/><T21/><D9/><U86/><E93/><N who="2" m="58543" /><F32/><W96/><G63/><T129/><D55/><U113/><E113/><V1/><F1/><W7/><G131/><T62/><D62/><U66/><E66/><V43/><F33/><W109/><G109/><T108/><D108/><U37/><E57/><V56/><F22/><W70/><G70/><T6/><D6/><U4/><REACH who="1" step="1"/><E37/><REACH who="1" ten="250,240,250,250" step="2"/><V122/><F122/><W127/><G127/><T91/><D129/><U40/><E40/><V116/><F56/><W64/><G64/><T60/><D60/><U31/><E31/><V102/><F116/><W135/><G135/><T61/><D61/><U106/><E106/><V84/><F43/><W26/><G121/><T0/><D107/><U111/><E111/><V78/><F95/><W130/><G130/><T28/><D28/><U20/><E20/><V104/><F104/><W17/><G41/><T18/><D21/><U19/><E19/><V117/><F117/><W27/><G50/><T65/><D51/><U74/><E74/><V133/><F133/><W8/><G23/><T81/><D65/><U34/><E34/><V24/><F59/><RYUUKYOKU ba="0,1" sc="250,-10,240,30,250,-10,250,-10" hai1="4,14,29,30,48,54,58,75,76,83,85,86,87" /><INIT seed="1,1,1,1,4,28" ten="240,270,240,240" oya="1" hai0="46,84,36,16,65,98,23,45,124,68,37,35,93" hai1="91,67,130,134,69,51,120,108,8,17,95,83,75" hai2="92,86,4,9,0,21,42,3,126,114,39,18,80" hai3="30,119,19,40,79,99,89,5,48,100,57,43,107"/><U104/><E104/><V97/><F126/><W74/><G119/><T25/><D124/><U62/><E120/><V82/><F114/><W58/><G5/><T81/><D68/><U1/><E130/><V56/><F80/><W121/><G121/><T53/><D65/><U70/><E134/><V15/><F56/><W96/><G19/><T41/><D35/><U88/><E108/><V2/><F42/><W50/><G30/><T132/><D132/><U32/><E32/><V33/><F39/><W13/><G13/><T128/><D128/><U110/><E110/><V63/><F63/><W49/><G79/><T10/><D10/><U20/><E70/><V64/><F64/><W44/><G74/><T38/><D53/><U60/><E60/><V129/><F33/><W115/><G115/><T6/><D6/><N who="1" m="1103" /><E51/><V116/><F116/><W94/><G49/><T127/><D46/><AGARI ba="1,1" hai="40,43,44,46,48,50,57,58,89,94,96,99,100,107" machi="46" ten="40,1300,0" yaku="9,1" doraHai="28" who="3" fromWho="0" sc="240,-16,270,0,240,0,240,26" /><INIT seed="2,0,0,1,1,91" ten="224,270,240,266" oya="2" hai0="89,10,75,122,112,131,78,52,88,32,121,14,9" hai1="54,111,74,57,68,93,105,66,34,6,43,70,132" hai2="58,60,79,84,69,8,100,63,51,56,50,98,67" hai3="19,65,36,80,41,47,1,38,2,76,39,134,64"/><V27/><F8/><W109/><G109/><T103/><D112/><U107/><E111/><V101/><F101/><W30/><G134/><T94/><D131/><U0/><E43/><V45/><F27/><W124/><G124/><T72/><D32/><U108/><E108/><V110/><F110/><W99/><G30/><T85/><D103/><U37/><E37/><V97/><F97/><W40/><G19/><T129/><D129/><U86/><E74/><V25/><F25/><W46/><G38/><T61/><D89/><U123/><E34/><V115/><F115/><W95/><G1/><T104/><D104/><U18/><E18/><V20/><F20/><W106/><G2/><T71/><D9/><U55/><E132/><V62/><F69/><W126/><G106/><T90/><D90/><U17/><E17/><V5/><F5/><W44/><G44/><T11/><D11/><U127/><E127/><V128/><F128/><W92/><G126/><T29/><D29/><U12/><E0/><V113/><F113/><W4/><G4/><T13/><D13/><U49/><E12/><V42/><F51/><W23/><G23/><T35/><D35/><U73/><E6/><V22/><F22/><W130/><G130/><T59/><D71/><U120/><E68/><V7/><F7/><W116/><G99/><T21/><D10/><U118/><E107/><N who="2" m="63895" /><F67/><N who="3" m="25675" /><G116/><T117/><D117/><U96/><E118/><V28/><F28/><W81/><G81/><N who="0" m="45255" /><D75/><U119/><E119/><V125/><F125/><W31/><G31/><T135/><D135/><U3/><E3/><V53/><F42/><RYUUKYOKU ba="0,0" sc="224,10,270,-30,240,10,266,10" hai0="14,21,52,59,61,85,88,94,121,122" hai2="45,50,53,56,58,60,62,63,79,84" hai3="36,39,40,41,46,47,76,80,92,95" /><INIT seed="2,1,0,1,0,111" ten="234,240,250,276" oya="2" hai0="35,130,121,115,38,56,91,71,87,8,4,68,28" hai1="76,131,134,120,109,49,44,33,94,100,85,80,15" hai2="95,18,62,106,41,14,123,65,21,37,117,30,64" hai3="25,39,119,23,70,47,2,53,74,17,110,43,133"/><V59/><F123/><W88/><G119/><T42/><D121/><U75/><E109/><V113/><F117/><W135/><G110/><T127/><D130/><U0/><E0/><V60/><F106/><W29/><G74/><T1/><D127/><U27/><E131/><V114/><F30/><W6/><G70/><T108/><D108/><U54/><E134/><N who="3" m="51210" /><G53/><T83/><D115/><U50/><E120/><V107/><F107/><W89/><G6/><T118/><D118/><U99/><E33/><V3/><F3/><W66/><G66/><T116/><D116/><U112/><E112/><V16/><F95/><W5/><G17/><T90/><D90/><U101/><E27/><V22/><F41/><W51/><G39/><T36/><D56/><N who="1" m="32847" /><E15/><V122/><F37/><W40/><G43/><T12/><D1/><U20/><E20/><V132/><F132/><W103/><G103/><T26/><REACH who="0" step="1"/><D36/><REACH who="0" ten="224,240,250,276" step="2"/><U48/><E101/><V98/><F122/><W69/><G69/><T86/><D86/><U7/><E75/><V67/><F98/><W78/><G78/><T104/><D104/><U82/><E76/><V79/><F79/><W128/><G128/><T13/><D13/><U84/><E85/><V11/><F114/><W92/><G92/><T72/><D72/><U34/><E84/><V126/><F113/><W63/><G63/><N who="2" m="24105" /><F126/><W10/><AGARI ba="1,1" hai="2,5,10,23,25,29,40,47,51,88,89" m="51210" machi="10" ten="30,2000,0" yaku="20,1,54,1" doraHai="111" who="3" fromWho="3" sc="224,-6,240,-6,250,-11,276,33" /><INIT seed="3,0,0,5,0,60" ten="218,234,239,309" oya="3" hai0="7,55,2,124,30,74,38,126,119,25,39,58,32" hai1="40,121,131,82,71,132,14,19,9,3,62,27,135" hai2="51,31,90,110,54,42,118,78,125,108,85,24,117" hai3="104,47,102,21,114,122,83,70,34,37,23,20,69"/><W80/><G34/><T86/><D119/><U116/><E116/><V13/><F125/><N who="0" m="48234" /><D74/><U93/><E121/><V96/><F42/><W35/><G35/><T77/><D2/><U79/><E131/><V18/><F78/><W134/><G114/><T11/><D77/><U16/><E40/><V4/><F4/><W103/><G122/><T56/><D86/><N who="1" m="48479" /><E3/><V57/><F96/><W107/><G134/><N who="1" m="51242" /><E93/><N who="2" m="54479" /><F24/><W112/><G112/><T72/><D72/><U97/><E97/><V76/><F76/><W111/><G37/><T109/><D109/><N who="2" m="42090" /><F31/><W100/><G111/><T5/><D58/><U101/><E101/><V75/><F75/><W115/><G47/><T28/><D28/><U33/><E33/><V130/><F130/><W41/><G41/><T17/><D17/><N who="1" m="8399" /><E27/><V67/><F118/><W127/><G115/><T15/><D5/><U94/><E94/><V89/><F117/><W8/><G127/><T12/><D12/><U52/><E71/><N who="3" m="27146" /><G8/><T22/><D32/><U10/><E10/><N who="2" m="6455" /><F89/><W106/><AGARI ba="0,0" hai="20,21,23,80,83,100,102,103,104,106,107" m="27146" machi="106" ten="50,12000,1" yaku="29,2,28,2" doraHai="60" who="3" fromWho="3" sc="218,-40,234,-40,239,-40,309,120" owari="178,-32.2,194,-20.6,199,-0.1,429,52.9" /></mjloggm>