<mjloggm ver="2.3"><GO type="225" lobby="0"/><UN n0="%E3%83%96%E3%83%83%E3%83%91%E3%82%AA%E3%83%96%E3%83%81%E3%82%AD%E3%83%B3" n1="%33%74%72%65%65" n2="%E3%83%A9%E3%83%BC%E3%83%A1%E3%83%B3%E4%BA%94%E9%83%8E" n3="%E7%89%B9%E6%9D%B1%E3%81%AF%E4%B8%96%E7%95%8C%E3%82%92%E6%95%91%E3%81%86" dan="16,17,16,16" rate="2166.24,2217.58,2105.31,2193.65" sx="M,F,M,M"/><TAIKYOKU oya="0"/><INIT seed="0,0,0,2,2,103" ten="250,250,250,250" oya="0" hai0="125,3,133,120,99,59,76,45,4,37,73,36,85" hai1="89,7,92,31,69,109,108,118,87,30,14,134,47" hai2="16,124,51,43,127,78,95,71,98,91,39,110,102" hai3="65,22,115,93,46,41,49,86,114,74,63,6,129"/><T42/><D120/><U18/><E118/><V128/><F71/><W54/><G74/><T117/><D117/><U79/><E134/><V119/><F119/><W77/><G129/><T106/><D133/><U15/><E69/><V9/><F39/><W131/><G131/><T35/><D125/><N who="2" m="48202" /><F128/><W68/><G6/><T58/><D37/><U104/><E79/><V32/><F32/><W97/><G22/><T48/><D85/><U132/><E132/><V20/><F110/><N who="1" m="42601" /><E104/><N who="2" m="63575" /><F78/><W135/><G135/><T94/><D35/><U75/><E75/><V2/><F2/><W72/><G72/><T1/><D106/><U52/><E7/><V50/><F9/><W8/><G8/><N who="0" m="2063" /><D48/><N who="1" m="28703" /><E14/><N who="2" m="9239" /><F43/><W21/><G41/><T60/><D3/><U80/><E92/><V61/><F61/><W26/><G77/><T105/><D60/><U83/><E83/><V27/><F27/><W56/><G68/><T11/><D105/><U17/><E17/><V66/><F66/><W121/><G121/><T57/><D94/><U64/><E64/><V82/><F82/><W24/><G24/><T130/><D130/><U0/><E0/><V62/><F62/><W33/><G33/><T90/><D36/><U70/><E70/><V28/><F28/><W25/><G25/><T101/><D76/><U40/><E40/><V19/><F19/><W38/><G38/><T111/><D42/><U5/><E5/><V10/><F10/><AGARI ba="0,0" hai="10,15,18,30,31,80,87,89" m="28703,42601" machi="10" ten="30,3900,0" yaku="25,1,14,1,54,1" doraHai="103" who="1" fromWho="2" sc="250,0,250,39,250,-39,250,0" /><INIT seed="1,0,0,0,5,63" ten="250,289,211,250" oya="1" hai0="116,129,42,23,124,15,110,83,66,52,123,20,27" hai1="70,44,37,25,122,24,57,78,39,67,69,65,46" hai2="131,17,43,101,128,38,2,7,1,86,134,132,16" hai3="32,96,104,79,121,6,35,113,3,51,40,33,12"/><U30/><E122/><V26/><F101/><W120/><G79/><T4/><D116/><U36/><E78/><V11/><F86/><W75/><G75/><T14/><D123/><N who="3" m="47177" /><G51/><T22/><D110/><U76/><E76/><V108/><F43/><W31/><G40/><T34/><D124/><U29/><E37/><V87/><F87/><W18/><G96/><T99/><D129/><N who="2" m="49738" /><F38/><W135/><G104/><T41/><D34/><U73/><REACH who="1" step="1"/><E57/><REACH who="1" ten="250,279,211,250" step="2"/><V92/><F108/><W95/><G35/><T98/><D41/><U84/><E84/><V72/><F72/><AGARI ba="0,1" hai="24,25,29,30,36,39,44,46,65,67,69,70,72,73" machi="72" ten="25,12000,1" yaku="1,1,22,2,52,2,53,0" doraHai="63" doraHaiUra="0" who="1" fromWho="2" sc="250,0,279,130,211,-120,250,0" /><INIT seed="1,1,0,3,1,13" ten="250,409,91,250" oya="1" hai0="102,96,99,127,65,10,55,106,24,89,71,113,42" hai1="12,110,100,122,92,74,77,26,116,1,47,68,112" hai2="117,90,4,61,126,35,135,43,108,107,103,28,29" hai3="58,44,38,23,17,88,70,85,54,114,121,124,20"/><U120/><E112/><V6/><F117/><W66/><G114/><T64/><D113/><U22/><E116/><V51/><F108/><W48/><G121/><T67/><D127/><U73/><E1/><V0/><F126/><W86/><G124/><T40/><D71/><U84/><E68/><V94/><F135/><W123/><G123/><T72/><D72/><U82/><E110/><V30/><F107/><W133/><G133/><T59/><D10/><U132/><E132/><V27/><F103/><W104/><G104/><T5/><D5/><U118/><E118/><V3/><F61/><N who="3" m="40271" /><G17/><T76/><D76/><U80/><E12/><V41/><F0/><W62/><G62/><T56/><D56/><U131/><E131/><V105/><F105/><W119/><G119/><T50/><D99/><U16/><E73/><V69/><F69/><W8/><G8/><T101/><D101/><U11/><E11/><V128/><F128/><W115/><G115/><T39/><D39/><U33/><E33/><V83/><F3/><W109/><G86/><T91/><REACH who="0" step="1"/><D24/><REACH who="0" ten="240,409,91,250" step="2"/><U57/><E57/><V9/><F27/><W79/><G79/><T37/><D37/><U36/><E36/><V129/><F9/><W111/><G109/><T93/><D93/><U32/><E120/><V98/><F129/><W2/><G111/><T78/><D78/><U21/><E77/><V19/><F4/><W49/><G38/><T14/><D14/><U52/><E122/><V18/><F6/><W45/><G2/><T15/><D15/><U60/><E74/><V63/><F94/><N who="3" m="54543" /><G58/><T125/><D125/><RYUUKYOKU ba="1,1" sc="240,15,409,-15,91,-15,250,15" hai0="40,42,50,55,59,64,65,67,89,91,96,102,106" hai3="20,23,44,45,48,49,54" /><INIT seed="2,2,1,4,4,108" ten="255,394,76,265" oya="2" hai0="37,9,17,80,59,6,16,13,55,94,134,84,0" hai1="45,115,19,57,135,133,121,101,98,87,43,46,127" hai2="106,95,132,4,3,117,35,111,69,122,66,124,49" hai3="97,109,125,30,64,1,51,110,28,61,11,15,91"/><V107/><RYUUKYOKU type="yao9" ba="2,1" sc="255,0,394,0,76,0,265,0" hai2="3,4,35,49,66,69,95,106,107,111,117,122,124,132" /><INIT seed="2,3,1,5,0,4" ten="255,394,76,265" oya="2" hai0="77,33,88,13,86,133,63,0,59,113,90,17,116" hai1="40,98,76,31,5,132,14,23,37,10,129,9,130" hai2="11,73,118,91,115,32,101,42,70,65,126,61,51" hai3="97,16,108,50,128,106,39,111,100,69,8,62,74"/><V20/><F115/><W79/><G39/><T48/><D113/><U104/><E132/><V7/><F118/><W27/><G128/><N who="1" m="49258" /><E76/><V34/><F73/><W67/><G50/><T119/><D33/><U72/><E72/><V28/><F126/><W134/><G134/><T2/><D48/><U105/><E98/><V41/><F101/><W110/><G27/><T29/><D29/><U89/><E89/><V75/><F75/><W87/><G74/><T44/><D44/><N who="1" m="23567" /><E10/><V131/><F131/><W54/><G54/><T56/><D56/><U45/><E45/><V94/><F32/><W52/><G52/><N who="0" m="34279" /><D77/><U107/><E23/><V49/><F34/><W83/><G8/><N who="0" m="6311" /><D90/><U112/><E31/><V120/><F120/><W93/><REACH who="3" step="1"/><G16/><REACH who="3" ten="255,394,76,255" step="2"/><T103/><D133/><U6/><E112/><V15/><F41/><W47/><G47/><T53/><D53/><U78/><E5/><V114/><F42/><W127/><G127/><T92/><D2/><U121/><E121/><V66/><F114/><W46/><G46/><T35/><D0/><U68/><E6/><V85/><REACH who="2" step="1"/><F66/><REACH who="2" ten="255,394,66,255" step="2"/><W26/><G26/><AGARI ba="3,3" hai="7,11,15,20,26,28,49,51,61,65,70,85,91,94" machi="26" ten="40,12000,1" yaku="1,1,2,1,52,1,53,1" doraHai="4" doraHaiUra="60" who="2" fromWho="3" sc="255,0,394,0,66,159,255,-129" /><INIT seed="2,4,0,0,3,55" ten="255,394,225,126" oya="2" hai0="126,73,125,13,74,78,107,75,39,8,57,81,103" hai1="37,64,85,62,32,108,66,33,131,53,65,128,117" hai2="59,50,17,116,24,25,127,109,2,27,89,93,9" hai3="76,88,105,18,23,84,90,110,133,28,86,114,121"/><V98/><F116/><W70/><G110/><T52/><D39/><U68/><E108/><V7/><F109/><W111/><G111/><T115/><D115/><U83/><E117/><V130/><F127/><N who="0" m="48650" /><D103/><U0/><E0/><V22/><REACH who="2" step="1"/><F130/><REACH who="2" ten="255,394,215,126" step="2"/><W97/><G121/><T122/><D122/><U21/><E131/><V124/><F124/><W96/><G114/><T14/><D107/><U29/><E128/><V134/><F134/><W113/><G113/><T26/><D26/><U6/><E68/><V58/><F58/><W10/><G70/><T43/><D43/><U12/><E33/><V49/><F49/><W30/><G105/><T72/><D8/><N who="1" m="4119" /><E32/><V99/><F99/><N who="3" m="37963" /><G10/><T91/><D91/><N who="3" m="34857" /><G133/><T77/><D77/><U119/><E119/><V5/><F5/><W102/><G102/><T54/><D57/><U48/><E48/><V101/><F101/><W95/><G95/><T82/><D82/><U4/><E83/><V79/><F79/><W118/><G118/><T41/><D81/><U3/><E37/><V104/><F104/><W60/><G76/><T135/><D78/><U38/><E38/><V123/><F123/><W11/><G11/><T35/><D135/><U45/><E62/><V100/><F100/><W106/><G106/><T19/><D35/><U1/><E85/><N who="3" m="32874" /><G60/><T15/><D75/><U69/><E69/><V80/><F80/><W20/><G18/><T87/><D19/><U94/><E4/><V40/><F40/><W61/><G61/><T120/><D41/><U132/><E132/><V42/><F42/><W46/><G46/><T67/><D120/><RYUUKYOKU ba="4,1" sc="255,-15,394,-15,215,15,126,15" hai2="2,7,9,17,22,24,25,27,50,59,89,93,98" hai3="20,23,28,30" /><INIT seed="2,5,1,0,3,65" ten="240,379,230,141" oya="2" hai0="99,90,95,88,20,91,41,133,2,52,45,98,35" hai1="64,92,118,68,125,3,113,100,84,60,120,74,10" hai2="4,48,43,31,21,104,62,110,94,33,129,9,72" hai3="6,58,26,81,15,57,36,131,79,11,116,128,55"/><V123/><F123/><W30/><G116/><T103/><D35/><U73/><E113/><V27/><F104/><W102/><G36/><T8/><D133/><U59/><E118/><V121/><F121/><W66/><G102/><T29/><D2/><U46/><E120/><V13/><F72/><W40/><G40/><T112/><D112/><U96/><E125/><V119/><F119/><W86/><G66/><T28/><D8/><U49/><E59/><V70/><F129/><W17/><G6/><T106/><D52/><U42/><REACH who="1" step="1"/><E84/><REACH who="1" ten="240,369,230,141" step="2"/><V51/><F110/><W12/><G12/><T101/><REACH who="0" step="1"/><D20/><REACH who="0" ten="230,369,230,141" step="2"/><U126/><E126/><V34/><F21/><W32/><REACH who="3" step="1"/><G58/><REACH who="3" ten="230,369,230,131" step="2"/><T78/><D78/><U89/><E89/><V97/><F34/><W47/><G47/><T67/><D67/><U71/><E71/><V5/><F70/><W83/><G83/><T87/><D87/><U114/><E114/><V37/><F33/><W39/><G39/><AGARI ba="5,4" hai="28,29,39,41,45,88,90,91,95,98,99,101,103,106" machi="39" ten="40,2600,0" yaku="1,1,54,1,53,0" doraHai="65" doraHaiUra="76" who="0" fromWho="3" sc="230,81,369,0,230,0,131,-41" /><INIT seed="3,0,0,0,4,34" ten="311,369,230,90" oya="3" hai0="73,35,81,109,51,115,45,15,14,50,98,131,17" hai1="120,11,6,89,0,67,31,107,53,87,69,52,5" hai2="117,104,40,59,55,80,100,7,10,4,22,49,118" hai3="86,116,90,91,105,112,79,122,64,19,134,128,110"/><W36/><G112/><T68/><D109/><U25/><E120/><V93/><F104/><W9/><G122/><T70/><D115/><U78/><E107/><V18/><F117/><W102/><G116/><T71/><D131/><U72/><E6/><V84/><F118/><W58/><G36/><T20/><D35/><U125/><E125/><V126/><F40/><W77/><G128/><T82/><D73/><U132/><E132/><V47/><F126/><W23/><G134/><T21/><D98/><U96/><E96/><N who="2" m="59407" /><F10/><W101/><G9/><T37/><D37/><U28/><E28/><V24/><F47/><W88/><G110/><T48/><D45/><U94/><E78/><AGARI ba="0,0" hai="4,7,18,22,24,49,55,59,78,80,84" m="59407" machi="78" ten="30,1000,0" yaku="8,1" doraHai="34" who="2" fromWho="1" sc="311,0,369,-10,230,10,90,0" owari="311,11.1,359,45.9,240,-16.0,90,-41.0" /></mjloggm>