<mjloggm ver="2.3"><GO type="225" lobby="0"/><UN n0="%E3%83%94%E3%83%B3%E3%82%B5%E3%83%AD%E5%BA%97%E5%93%A1" n1="%E7%9A%AE%E3%80%85" n2="%E7%8D%A3%E8%87%AD%E3%81%84%E8%82%89%E7%90%83" n3="%E3%83%A9%E3%82%A4%E3%83%B3%E3%81%AE%E8%99%8E" dan="16,16,16,16" rate="2159.36,2076.09,2116.10,2138.79" sx="M,F,M,M"/><TAIKYOKU oya="0"/><INIT seed="0,0,0,1,4,38" ten="250,250,250,250" oya="0" hai0="85,2,31,51,84,71,49,43,110,36,40,73,98" hai1="69,114,15,22,30,35,79,61,11,101,6,18,3" hai2="104,42,125,121,80,119,82,95,90,77,53,122,0" hai3="58,26,13,133,93,86,34,83,127,9,19,41,33"/><T135/><D73/><U105/><E79/><V78/><F125/><W63/><G127/><T129/><D71/><U52/><E114/><V117/><F0/><W28/><G133/><T56/><D2/><U21/><E21/><V130/><F53/><W39/><G93/><T134/><D36/><U20/><E20/><V14/><F14/><W44/><G26/><T57/><D31/><U109/><E109/><V65/><F65/><W50/><G39/><T89/><D98/><U81/><E81/><N who="2" m="31339" /><F104/><W27/><G27/><T112/><D129/><U74/><E74/><V72/><F42/><W131/><G28/><T115/><REACH who="0" step="1"/><D89/><REACH who="0" ten="240,250,250,250" step="2"/><U107/><E101/><V99/><F130/><W25/><G131/><T116/><D116/><N who="2" m="44618" /><F72/><W7/><G33/><T97/><D97/><U76/><E30/><V48/><F48/><W62/><G34/><T55/><D55/><U47/><E52/><V59/><F59/><W66/><G66/><T68/><D68/><U60/><E69/><V70/><F70/><W29/><G58/><T5/><D5/><U124/><E6/><V91/><F91/><N who="3" m="51679" /><G29/><T106/><D106/><U75/><E107/><V64/><F64/><W45/><G45/><T88/><D88/><U128/><E47/><V54/><F54/><W108/><G108/><AGARI ba="0,1" hai="40,43,49,51,56,57,84,85,108,110,112,115,134,135" machi="108" ten="25,18000,2" yaku="1,1,22,2,52,2,53,2" doraHai="38" doraHaiUra="37" who="0" fromWho="3" sc="240,190,250,0,250,0,250,-180" /><INIT seed="0,1,0,3,0,10" ten="430,250,250,70" oya="0" hai0="97,125,19,9,121,106,56,118,65,114,61,99,134" hai1="111,70,88,79,89,46,22,129,16,68,135,37,101" hai2="124,34,35,90,24,12,17,48,40,76,107,36,120" hai3="67,5,54,85,25,128,3,109,58,21,62,103,8"/><T51/><D114/><U52/><E111/><V7/><F120/><W14/><G109/><T87/><D118/><U60/><E129/><V83/><F124/><W80/><G128/><T84/><D121/><U42/><E135/><V96/><F7/><W127/><G127/><T130/><D125/><U4/><E4/><V59/><F36/><W30/><G103/><T33/><D33/><U0/><E0/><V53/><F40/><W78/><REACH who="3" step="1"/><G3/><REACH who="3" ten="430,250,250,60" step="2"/><T77/><D130/><U115/><E101/><V94/><F107/><W116/><G116/><T112/><D106/><U2/><E2/><V122/><F122/><W119/><G119/><T18/><D112/><U71/><E115/><V73/><REACH who="2" step="1"/><F24/><REACH who="2" ten="430,250,240,60" step="2"/><W74/><G74/><T13/><D134/><U20/><E37/><V26/><F26/><W105/><G105/><T81/><D13/><U66/><E42/><V27/><F27/><W63/><G63/><T23/><D61/><U43/><E60/><V108/><F108/><W47/><G47/><T110/><D110/><U15/><E43/><V41/><F41/><W6/><G6/><T123/><D123/><U91/><E46/><V117/><F117/><W57/><G57/><T1/><D56/><U45/><E45/><V69/><F69/><W29/><G29/><T49/><D1/><U100/><E70/><V55/><F55/><AGARI ba="1,2" hai="5,8,14,21,25,30,54,55,58,62,67,78,80,85" machi="55" ten="40,5200,0" yaku="1,1,8,1,52,1,53,0" doraHai="10" doraHaiUra="39" who="3" fromWho="2" sc="430,0,250,0,240,-55,60,75" /><INIT seed="1,0,0,4,4,128" ten="430,250,185,135" oya="1" hai0="26,31,32,55,106,65,97,11,108,18,68,3,125" hai1="56,54,12,118,119,27,58,101,38,71,72,52,51" hai2="57,21,120,130,132,107,86,76,22,103,15,23,60" hai3="88,105,9,91,90,122,39,124,28,110,49,13,67"/><U42/><E72/><V8/><F120/><W69/><G39/><T113/><D113/><U36/><E101/><V100/><F130/><W33/><G122/><T123/><D123/><U127/><E27/><V1/><F1/><W61/><G110/><T2/><D108/><U82/><E82/><V96/><F103/><W30/><G124/><T129/><D129/><U126/><E12/><V80/><F132/><W19/><G33/><T87/><D125/><N who="1" m="47627" /><E71/><V74/><F74/><W112/><G112/><T44/><D26/><U104/><E104/><V111/><F111/><W134/><G105/><T92/><D68/><U63/><E42/><V81/><F81/><W47/><REACH who="3" step="1"/><G134/><REACH who="3" ten="430,250,185,125" step="2"/><T135/><D106/><U0/><E0/><V7/><REACH who="2" step="1"/><F23/><REACH who="2" ten="430,250,175,125" step="2"/><W94/><G94/><T29/><D92/><U109/><E109/><V5/><F5/><W17/><G17/><T14/><D18/><U43/><E43/><AGARI ba="0,2" hai="9,13,19,28,30,43,47,49,61,67,69,88,90,91" machi="43" ten="40,5200,0" yaku="1,1,54,1,53,1" doraHai="128" doraHaiUra="46" who="3" fromWho="1" sc="430,0,250,-52,175,0,125,72" /><INIT seed="2,0,0,1,1,75" ten="430,198,175,197" oya="2" hai0="48,66,79,36,33,85,131,113,17,123,24,78,67" hai1="102,69,26,101,105,39,103,43,15,89,53,72,27" hai2="104,71,5,22,98,2,68,57,51,0,129,111,34" hai3="95,29,32,107,1,77,121,122,132,16,135,73,21"/><V127/><F34/><W47/><G107/><T41/><D123/><U110/><E69/><V31/><F129/><W9/><G95/><T94/><D36/><U80/><E105/><V11/><F2/><W106/><G106/><T44/><D113/><U63/><E110/><V12/><F111/><W118/><G118/><T88/><D131/><U28/><E15/><V6/><F127/><W56/><G56/><T38/><D38/><U134/><E134/><N who="3" m="51242" /><G47/><T62/><D33/><U7/><E7/><V130/><F130/><W65/><G65/><N who="0" m="24587" /><D62/><U60/><E53/><V23/><F6/><N who="3" m="1231" /><G73/><T54/><D41/><U50/><E39/><V4/><F4/><W25/><G77/><T124/><D124/><U125/><E125/><V83/><F83/><W55/><G55/><T37/><D37/><U74/><E74/><V35/><F22/><AGARI ba="0,0" hai="17,22,24,44,48,54,78,79,85,88,94" m="24587" machi="22" ten="30,7700,0" yaku="8,1,52,2,54,1" doraHai="75" who="0" fromWho="2" sc="430,77,198,0,175,-77,197,0" /><INIT seed="3,0,0,4,4,105" ten="507,198,98,197" oya="3" hai0="37,82,50,57,45,98,104,96,52,71,46,80,63" hai1="76,120,53,108,0,88,122,31,83,103,61,20,24" hai2="56,48,112,114,25,119,110,78,79,100,84,19,8" hai3="128,2,4,92,118,66,95,17,68,121,16,89,18"/><W23/><G118/><T41/><D71/><U62/><E0/><V1/><F119/><W94/><G121/><T14/><D14/><U11/><E103/><V102/><F110/><W134/><G128/><T44/><D44/><U75/><E108/><V106/><F25/><W86/><G134/><T77/><D104/><U10/><E88/><V29/><F29/><W126/><G126/><T47/><D47/><U129/><E129/><V90/><F19/><W55/><G55/><T132/><D82/><U38/><E38/><V111/><F111/><W127/><G127/><T101/><D101/><U43/><E43/><V72/><F102/><W21/><G68/><T81/><D81/><U93/><E93/><V22/><F22/><W124/><G66/><T9/><D9/><U109/><E109/><V40/><F79/><W115/><G115/><T133/><D133/><U73/><E73/><V36/><F36/><W74/><G74/><T12/><D12/><U123/><E53/><V13/><F1/><W85/><G124/><T35/><D35/><U69/><E69/><V99/><F40/><W51/><G51/><T28/><D28/><U39/><E39/><V27/><F48/><W135/><G135/><T32/><D32/><U26/><E26/><V130/><F130/><W42/><G42/><T97/><D132/><U67/><E67/><V15/><F27/><W5/><G2/><T34/><D37/><U70/><E70/><V117/><F117/><W30/><G30/><T49/><D41/><U113/><E113/><V59/><F112/><W7/><G89/><T125/><D50/><RYUUKYOKU ba="0,0" sc="507,-15,198,15,98,-15,197,15" hai1="10,11,20,24,31,61,62,75,76,83,120,122,123" hai3="4,5,7,16,17,18,21,23,85,86,92,94,95" /><INIT seed="3,1,0,5,2,26" ten="492,213,83,212" oya="3" hai0="105,122,46,1,53,24,68,56,42,58,14,5,112" hai1="16,64,86,41,94,54,72,52,128,73,95,39,55" hai2="127,116,36,35,33,114,99,49,8,79,38,84,102" hai3="89,113,78,63,37,88,31,115,3,6,125,100,132"/><W45/><G100/><T109/><D122/><U108/><E64/><V87/><F116/><W92/><G78/><T69/><D105/><U123/><E123/><V50/><F114/><W110/><G125/><T93/><D1/><U129/><E108/><V97/><F8/><W0/><G89/><T13/><D109/><U82/><E16/><V67/><F67/><W29/><G110/><T83/><D24/><U91/><E41/><V12/><F12/><W48/><G37/><T19/><D93/><N who="1" m="35339" /><E39/><V133/><F102/><W71/><G115/><T40/><D83/><U120/><E120/><V131/><F79/><W119/><G119/><T85/><D85/><U9/><E9/><V28/><F127/><W60/><G113/><T7/><D46/><U126/><E126/><V25/><F25/><W4/><G132/><T70/><D70/><U121/><E121/><V104/><F104/><W59/><G71/><T43/><D43/><U75/><E82/><V134/><REACH who="2" step="1"/><F131/><REACH who="2" ten="492,213,73,212" step="2"/><W20/><G0/><T96/><D112/><U81/><E129/><V10/><F10/><W51/><G3/><T130/><D130/><U76/><E76/><V111/><F111/><W103/><G103/><T118/><D118/><U34/><E128/><V77/><F77/><W23/><G88/><T30/><D69/><U66/><E66/><V21/><F21/><W15/><G15/><T65/><D68/><U2/><E2/><V44/><F44/><W107/><G45/><T22/><D14/><U135/><E135/><V32/><F32/><W62/><G107/><T106/><D106/><U47/><E34/><RYUUKYOKU ba="1,1" sc="492,-15,213,15,73,15,212,-15" hai1="47,52,54,55,72,73,75,81,86,91" hai2="28,33,35,36,38,49,50,84,87,97,99,133,134" owari="487,58.7,228,2.8,88,-41.2,197,-20.3" /></mjloggm>