<mjloggm ver="2.3"><GO type="225" lobby="0"/><UN n0="%E3%81%BE%E3%81%A8%E3%81%9F" n1="%E6%B4%BE%E9%81%A3%E3%81%AE%E3%82%B8%E3%83%A3%E3%83%83%E3%82%AF" n2="%E3%83%96%E3%83%83%E3%83%91%E3%82%AA%E3%83%96%E3%83%81%E3%82%AD%E3%83%B3" n3="%E5%8F%AF%E5%85%90%E9%82%A3%E7%94%B1%E5%A4%9A" dan="16,17,16,16" rate="2113.54,2188.08,2152.64,2096.72" sx="M,M,M,F"/><TAIKYOKU oya="0"/><INIT seed="0,0,0,1,3,50" ten="250,250,250,250" oya="0" hai0="110,14,73,75,76,47,102,90,27,12,68,17,44" hai1="119,67,33,124,21,8,23,38,40,28,7,122,29" hai2="18,51,36,114,89,94,53,9,4,3,10,1,87" hai3="128,57,131,37,26,101,123,81,2,64,39,66,85"/><T46/><D68/><U49/><E119/><V78/><F114/><W111/><G2/><T96/><D110/><U88/><E38/><V107/><F107/><W113/><G113/><T120/><D120/><U77/><E77/><V55/><F36/><W97/><G111/><T99/><D27/><U116/><E116/><V132/><F132/><W41/><G123/><T19/><D90/><U16/><E67/><N who="3" m="25642" /><G41/><T0/><D0/><U59/><E122/><V25/><F78/><N who="3" m="46263" /><G57/><T58/><D58/><U71/><E71/><V42/><F25/><W22/><G22/><T60/><D76/><U30/><E124/><V82/><F82/><W91/><G91/><T130/><D47/><U69/><E69/><V127/><F127/><W106/><G26/><T117/><D117/><U63/><E33/><V6/><REACH who="2" step="1"/><F18/><REACH who="2" ten="250,250,240,250" step="2"/><W48/><G39/><T95/><D95/><U11/><E16/><V98/><F98/><W125/><G37/><T84/><D99/><U20/><E30/><V135/><F135/><W13/><G125/><T32/><D96/><U15/><E29/><V31/><F31/><W108/><G108/><T72/><D19/><U74/><E28/><V109/><F109/><W34/><G34/><T133/><D17/><U65/><E21/><V35/><F35/><W129/><G106/><T5/><D32/><U24/><E24/><V118/><F118/><W70/><G97/><T93/><D133/><U126/><E23/><V83/><F83/><W92/><G129/><T43/><D14/><U100/><E15/><V62/><F62/><W45/><G131/><T80/><D60/><RYUUKYOKU ba="0,1" sc="250,-10,250,-10,240,30,250,-10" hai2="1,3,4,6,9,10,42,51,53,55,87,89,94" /><INIT seed="1,1,1,3,0,48" ten="240,240,270,240" oya="1" hai0="1,109,6,99,67,124,31,52,65,129,26,4,58" hai1="59,107,72,118,9,102,132,134,39,7,97,11,69" hai2="96,116,90,93,100,44,18,111,127,79,0,85,125" hai3="73,16,36,113,37,119,22,5,43,89,56,121,122"/><U25/><E69/><V55/><F0/><W30/><G73/><T80/><D109/><U114/><E114/><V110/><F116/><W40/><G113/><T46/><D129/><U24/><E118/><V76/><F18/><W61/><G119/><T128/><D128/><U47/><E72/><V63/><F44/><W45/><G5/><T32/><D46/><U14/><E11/><V66/><F55/><W98/><G30/><T23/><D124/><N who="2" m="47690" /><F63/><W21/><G21/><T103/><D80/><U35/><E59/><V82/><F66/><W12/><G43/><T130/><D130/><U2/><E14/><V19/><F19/><W77/><G77/><AGARI ba="1,1" hai="76,77,79,82,85,90,93,96,100,110,111" m="47690" machi="77" ten="30,3900,0" yaku="18,1,34,2" doraHai="48" who="2" fromWho="3" sc="240,0,240,0,270,52,240,-42" /><INIT seed="2,0,0,1,1,107" ten="240,240,322,198" oya="2" hai0="61,74,14,64,73,78,67,15,6,62,22,48,118" hai1="76,132,96,111,33,51,117,104,45,102,77,100,113" hai2="0,103,37,13,88,1,18,68,9,46,72,25,59" hai3="131,90,40,65,34,35,36,92,89,27,16,21,135"/><V26/><F68/><W20/><G131/><T19/><D78/><U29/><E113/><V120/><F120/><W43/><G135/><T98/><D48/><U11/><E117/><V91/><F103/><W127/><G127/><T101/><D6/><U75/><E111/><V60/><F37/><W114/><G114/><T133/><D118/><U128/><E128/><V55/><F46/><W24/><G65/><T123/><D123/><U44/><E132/><V108/><F108/><W119/><G119/><T58/><D14/><U94/><E104/><V87/><F72/><W71/><G71/><T32/><D32/><U115/><E115/><V49/><F60/><W84/><G36/><T50/><D50/><U83/><E11/><V130/><F130/><W53/><G53/><T124/><D124/><U106/><E77/><V47/><F59/><W116/><G116/><T41/><D41/><U69/><E69/><V56/><F56/><W126/><G126/><T80/><D80/><U105/><E100/><V122/><F91/><W85/><REACH who="3" step="1"/><G92/><REACH who="3" ten="240,240,322,188" step="2"/><T112/><D112/><U86/><E105/><V82/><REACH who="2" step="1"/><F122/><REACH who="2" ten="240,240,312,188" step="2"/><W5/><G5/><T97/><D133/><U17/><E106/><V2/><AGARI ba="0,2" hai="0,1,2,9,13,18,25,26,47,49,55,82,87,88" machi="2" ten="30,18000,2" yaku="1,1,2,1,0,1,25,2,54,1,53,1" doraHai="107" doraHaiUra="10" who="2" fromWho="2" sc="240,-60,240,-60,312,200,188,-60" /><INIT seed="2,1,0,2,0,113" ten="180,180,512,128" oya="2" hai0="41,37,5,86,33,13,73,39,2,132,43,80,106" hai1="29,101,0,89,66,24,68,1,64,83,26,126,35" hai2="119,130,81,22,15,131,18,111,32,51,95,20,123" hai3="88,117,61,74,76,118,53,4,10,69,54,75,19"/><V82/><F123/><W90/><G19/><T78/><D106/><U58/><E68/><V71/><F32/><W110/><G110/><T3/><D33/><U108/><E101/><V34/><F34/><W40/><G40/><T72/><D13/><U50/><E108/><V121/><F71/><W14/><G69/><T129/><D129/><U52/><E126/><V12/><F95/><W70/><G70/><T49/><D49/><U77/><E89/><V47/><F51/><W102/><G102/><T135/><D5/><U56/><E26/><V128/><F47/><W98/><G90/><T79/><D80/><U8/><E8/><V87/><F121/><W134/><G134/><T100/><D100/><U93/><E93/><V116/><F111/><W11/><G11/><T17/><D17/><U124/><E124/><V59/><F59/><W120/><G120/><T7/><D7/><U103/><E103/><V122/><F122/><W63/><G76/><T67/><D86/><U46/><E58/><V125/><F125/><W105/><G105/><T107/><D107/><U96/><E96/><V94/><F22/><W6/><G88/><T84/><D84/><N who="1" m="48239" /><E56/><V62/><F62/><W28/><G98/><T133/><D133/><U104/><E104/><V9/><F94/><W109/><G109/><T36/><D36/><U65/><E65/><AGARI ba="1,0" hai="2,3,37,39,41,43,65,67,72,73,78,79,132,135" machi="65" ten="25,1600,0" yaku="22,2" doraHai="113" who="0" fromWho="1" sc="180,19,180,-19,512,0,128,0" /><INIT seed="3,0,0,4,0,104" ten="199,161,512,128" oya="3" hai0="56,71,93,120,92,57,80,41,85,83,43,22,129" hai1="78,130,26,72,18,35,133,31,116,105,55,25,46" hai2="47,70,5,79,122,51,32,75,8,81,100,23,11" hai3="9,112,115,125,1,66,124,107,29,134,73,17,99"/><W24/><G66/><T50/><D71/><U103/><E130/><V118/><F118/><W7/><G134/><T69/><D69/><U126/><E133/><V106/><F122/><W61/><G61/><T44/><D43/><U86/><E72/><V30/><F70/><W13/><G73/><T94/><D129/><U113/><E113/><N who="3" m="43594" /><G99/><T59/><D120/><U68/><E68/><V102/><F106/><W117/><G107/><T74/><D74/><U14/><E116/><V91/><F102/><W37/><G37/><T89/><D22/><U3/><E3/><V19/><F100/><W84/><G84/><N who="0" m="52263" /><D80/><N who="1" m="47383" /><E26/><V96/><F91/><AGARI ba="0,0" hai="41,44,50,56,57,59,83,85,91,93,94" m="52263" machi="91" ten="30,1000,0" yaku="8,1" doraHai="104" who="0" fromWho="2" sc="199,10,161,0,512,-10,128,0" owari="209,0.9,161,-23.9,502,60.2,128,-37.2" /></mjloggm>