<mjloggm ver="2.3"><GO type="225" lobby="0"/><UN n0="%33%74%72%65%65" n1="%E6%B7%91%E5%A5%B3%E3%81%AE%E5%97%9C%E3%81%BF" n2="%E7%89%B9%E6%9D%B1%E3%81%AF%E4%B8%96%E7%95%8C%E3%82%92%E6%95%91%E3%81%86" n3="%E6%98%93%E5%88%A9%E8%96%A9%E4%BC%AF" dan="16,16,16,17" rate="2166.18,2085.59,2176.51,2187.02" sx="F,M,M,F"/><TAIKYOKU oya="0"/><INIT seed="0,0,0,5,5,120" ten="250,250,250,250" oya="0" hai0="3,10,79,5,61,110,130,53,1,60,39,57,118" hai1="59,8,2,83,70,27,100,112,66,37,72,99,22" hai2="111,23,11,46,71,47,34,73,76,91,19,54,82" hai3="127,69,21,24,119,31,7,56,133,64,35,58,20"/><T78/><D118/><U115/><E70/><V43/><F34/><W102/><G119/><T36/><D130/><U108/><E37/><V116/><F116/><W129/><G133/><T134/><D134/><U51/><E83/><V114/><F114/><N who="1" m="43561" /><E72/><V90/><F71/><W103/><G127/><T106/><D106/><U50/><E66/><V101/><F101/><W0/><G69/><T32/><D32/><U87/><E87/><V48/><F11/><W98/><G103/><T74/><D74/><U131/><E59/><V65/><F65/><W121/><G121/><T17/><D39/><U14/><E2/><V55/><F111/><W123/><G129/><T12/><D36/><U124/><E108/><V128/><F128/><W92/><G58/><T4/><D110/><U33/><E124/><V6/><F6/><W125/><G125/><T84/><D84/><U109/><E33/><V88/><REACH who="2" step="1"/><F47/><REACH who="2" ten="250,250,240,250" step="2"/><W41/><G35/><T96/><D5/><N who="1" m="3343" /><E109/><V132/><F132/><W62/><G123/><T135/><D135/><U67/><E67/><V40/><F40/><W126/><G41/><T52/><D4/><U26/><E131/><V94/><F94/><W75/><G126/><T93/><D93/><N who="1" m="58479" /><E27/><AGARI ba="0,1" hai="19,23,27,43,46,48,54,55,73,76,82,88,90,91" machi="27" ten="40,5200,0" yaku="1,1,54,1,53,1" doraHai="120" doraHaiUra="44" who="2" fromWho="1" sc="250,0,250,-52,240,62,250,0" /><INIT seed="1,0,0,3,5,96" ten="250,198,302,250" oya="1" hai0="43,82,115,64,39,42,74,10,2,89,7,110,135" hai1="79,114,50,46,36,90,34,47,107,29,99,86,84" hai2="92,41,127,33,134,53,60,118,97,71,17,38,40" hai3="73,77,98,56,95,129,131,124,51,116,30,31,11"/><U12/><E114/><V26/><F118/><W24/><G116/><T6/><D115/><U63/><E36/><V111/><F38/><W44/><G56/><T69/><D110/><U102/><E63/><V94/><F111/><W78/><G11/><T55/><D135/><U65/><E65/><V122/><F122/><W133/><G124/><T0/><D55/><U101/><E12/><V16/><F134/><W87/><G73/><T66/><D89/><U14/><E14/><V59/><F127/><W117/><G31/><T28/><D28/><U113/><E113/><V13/><F92/><W3/><G3/><T18/><D18/><U15/><E15/><V130/><F130/><N who="3" m="49675" /><G87/><T108/><D2/><U21/><E34/><V83/><F33/><N who="3" m="20679" /><G117/><T68/><D10/><U123/><E123/><V121/><F17/><W20/><G20/><T52/><D74/><U49/><E101/><V100/><F100/><N who="3" m="60511" /><G133/><T8/><D8/><U25/><E79/><V48/><F121/><W125/><G125/><T27/><D0/><U126/><E126/><V119/><F119/><W62/><G62/><T23/><D23/><U93/><REACH who="1" step="1"/><E84/><REACH who="1" ten="250,188,302,250" step="2"/><V72/><F60/><W4/><G4/><T19/><D7/><U1/><E1/><V112/><F72/><W22/><G22/><T103/><D6/><U85/><E85/><V80/><F112/><W32/><G32/><T105/><D108/><U106/><E106/><V104/><F104/><W37/><G37/><T45/><D39/><U76/><E76/><V109/><F109/><W70/><G70/><N who="0" m="27243" /><D105/><U54/><E54/><AGARI ba="0,1" hai="44,51,54,77,78" m="60511,20679,49675" machi="54" ten="30,2000,0" yaku="19,1,52,1" doraHai="96" who="3" fromWho="1" sc="250,0,188,-20,302,0,250,30" /><INIT seed="2,0,0,4,1,72" ten="250,168,302,280" oya="2" hai0="99,11,123,70,21,27,30,108,20,57,135,75,31" hai1="14,38,78,124,96,130,79,83,35,133,15,1,22" hai2="85,50,2,118,60,104,74,102,106,63,127,28,46" hai3="95,103,59,91,84,109,53,68,111,126,56,64,42"/><V7/><F118/><W33/><G33/><T16/><D123/><U134/><E35/><V12/><F74/><W132/><G132/><N who="1" m="50794" /><E1/><V5/><F2/><W114/><G126/><T40/><D70/><U47/><E124/><V101/><F127/><W107/><G114/><T29/><D135/><U58/><E130/><V73/><F73/><W125/><G42/><T89/><D108/><N who="3" m="41545" /><G125/><T4/><D40/><N who="1" m="22935" /><E83/><V36/><F85/><W90/><G107/><T86/><D75/><U34/><E34/><V54/><F12/><N who="1" m="4649" /><E22/><V94/><F36/><W26/><G26/><T65/><D21/><U18/><E18/><V77/><F7/><W10/><G10/><T25/><D11/><U6/><E6/><V44/><F5/><W131/><G131/><T117/><D4/><U0/><E0/><V120/><F120/><W113/><G113/><T49/><D117/><U121/><E121/><V92/><F28/><W61/><G103/><T69/><D30/><U45/><E45/><V87/><F44/><W105/><G91/><T8/><D29/><U81/><E81/><N who="2" m="47535" /><F101/><W23/><G23/><T76/><D20/><U93/><E58/><V66/><F102/><AGARI ba="0,0" hai="78,79,93,96,102" m="4649,22935,50794" machi="102" ten="30,3900,0" yaku="20,1,52,2" doraHai="72" who="1" fromWho="2" sc="250,0,168,39,302,-39,280,0" /><INIT seed="3,0,0,4,1,25" ten="250,207,263,280" oya="3" hai0="131,135,108,100,133,9,113,23,84,54,62,89,75" hai1="35,78,67,99,115,36,71,69,32,39,70,55,127" hai2="129,102,87,123,28,59,65,10,90,2,76,105,80" hai3="14,17,37,107,92,91,53,4,51,110,27,19,42"/><W47/><G107/><T22/><D75/><U44/><E78/><V93/><F129/><W1/><G1/><T114/><D131/><U112/><E99/><V132/><F132/><N who="0" m="50762" /><D100/><U5/><E5/><V94/><F123/><W72/><G72/><T13/><D62/><N who="1" m="40183" /><E32/><V79/><F105/><W73/><G73/><T81/><D54/><U128/><E35/><V38/><F38/><N who="1" m="14377" /><E128/><V50/><F28/><W43/><G110/><T124/><D108/><U61/><E127/><V11/><F2/><W106/><G37/><T104/><D104/><U33/><E33/><V97/><F93/><W7/><G106/><T85/><D85/><U134/><E134/><V60/><F50/><W24/><G7/><N who="0" m="3263" /><D124/><U86/><E86/><V40/><F40/><W52/><G43/><T88/><D89/><U77/><E77/><AGARI ba="0,0" hai="10,11,59,60,65,76,77,79,80,87,90,94,97,102" machi="77" ten="40,1300,0" yaku="8,1" doraHai="25" who="2" fromWho="1" sc="250,0,207,-13,263,13,280,0" /><INIT seed="4,0,0,3,0,49" ten="250,194,276,280" oya="0" hai0="77,63,55,0,123,59,105,80,22,66,95,6,109" hai1="42,3,52,118,104,48,130,31,54,35,111,76,62" hai2="131,134,1,68,121,58,128,135,39,9,115,107,40" hai3="17,129,19,84,14,125,114,96,38,82,8,94,75"/><T103/><D123/><U74/><E118/><V29/><F107/><W5/><G75/><T45/><D109/><U116/><E111/><V57/><F121/><W51/><G38/><T11/><D105/><U126/><E116/><V81/><F68/><W34/><G34/><T36/><D22/><U122/><E122/><V108/><F108/><W20/><G114/><T87/><D36/><U28/><E104/><V23/><F115/><W89/><G129/><N who="2" m="49737" /><F81/><W24/><G125/><T2/><D2/><U78/><E130/><V53/><F40/><W132/><G132/><N who="2" m="50729" /><F39/><W4/><G51/><T61/><D95/><U65/><E126/><V67/><F67/><W117/><G117/><T50/><D103/><AGARI ba="0,0" hai="4,5,8,14,17,19,20,24,82,84,89,94,96,103" machi="103" ten="30,2000,0" yaku="7,1,8,1" doraHai="49" who="3" fromWho="0" sc="250,-20,194,0,276,0,280,20" owari="230,-17.0,194,-30.6,276,7.6,300,40.0" /></mjloggm>