<mjloggm ver="2.3"><GO type="225" lobby="0"/><UN n0="%E3%81%8C%E3%81%9F" n1="%E6%B4%BE%E9%81%A3%E3%81%AE%E3%82%B8%E3%83%A3%E3%83%83%E3%82%AF" n2="%5C%28%E2%89%A7%E2%96%BD%E2%89%A6%29%2F" n3="%E3%81%BF%E3%81%BF%E3%81%9A" dan="17,17,16,17" rate="2186.06,2193.63,2054.14,2239.62" sx="F,M,M,M"/><TAIKYOKU oya="0"/><INIT seed="0,0,0,2,2,69" ten="250,250,250,250" oya="0" hai0="32,107,119,133,28,37,9,53,90,24,113,124,75" hai1="73,99,42,111,77,35,38,5,3,98,106,80,58" hai2="127,21,49,2,54,25,8,89,36,121,71,51,1" hai3="45,46,112,129,7,85,104,19,72,108,116,30,101"/><T40/><D113/><U126/><E111/><V128/><F121/><W86/><G112/><T56/><D119/><U68/><E58/><V0/><F71/><W114/><G114/><T52/><D107/><U63/><E126/><V123/><F123/><W16/><G30/><T50/><D75/><U10/><E35/><V64/><F127/><W26/><G72/><T88/><D124/><U95/><E95/><V76/><F64/><W22/><G7/><T96/><D133/><U62/><E62/><V57/><F76/><W83/><G116/><T17/><D53/><U12/><E12/><V65/><F65/><W79/><G108/><T109/><D109/><U135/><E135/><V115/><F115/><W130/><G86/><T67/><D67/><N who="1" m="41087" /><E106/><V27/><F27/><W100/><G19/><T91/><D96/><U125/><E125/><V132/><F132/><W103/><REACH who="3" step="1"/><G104/><REACH who="3" ten="250,250,250,240" step="2"/><T15/><REACH who="0" step="1"/><D40/><REACH who="0" ten="240,250,250,240" step="2"/><U43/><E42/><V20/><F54/><W48/><G48/><T23/><D23/><U60/><E60/><V33/><F21/><W122/><G122/><T118/><D118/><U70/><E70/><V18/><F20/><W55/><G55/><T82/><D82/><U94/><E94/><V74/><F51/><W29/><G29/><T97/><D97/><U59/><E99/><V39/><F49/><W44/><AGARI ba="0,2" hai="16,22,26,44,45,46,79,83,85,100,101,103,129,130" machi="44" ten="40,5200,0" yaku="1,1,0,1,54,1,53,0" doraHai="69" doraHaiUra="92" who="3" fromWho="3" sc="240,-26,250,-13,250,-13,240,72" /><INIT seed="1,0,0,1,5,74" ten="214,237,237,312" oya="1" hai0="7,95,135,128,116,130,109,45,110,124,3,4,61" hai1="55,103,31,85,73,119,69,70,121,97,93,42,77" hai2="104,89,19,90,58,20,39,53,80,125,51,28,101" hai3="43,14,24,47,23,65,84,126,0,92,71,10,78"/><U13/><E121/><V132/><F39/><W129/><G0/><T37/><D116/><U96/><E119/><V8/><F125/><W87/><G126/><T113/><D113/><U6/><E31/><V18/><F132/><W33/><G33/><T82/><D124/><U57/><E42/><V25/><F104/><W2/><G2/><T1/><D95/><U52/><E96/><V105/><F105/><W62/><G129/><N who="0" m="49771" /><D61/><U36/><E36/><V21/><F101/><W112/><G112/><T59/><D59/><U79/><E73/><V67/><F67/><W133/><G133/><T118/><D118/><U75/><E75/><V16/><F8/><W68/><G68/><T94/><D94/><N who="1" m="58807" /><E70/><V86/><REACH who="2" step="1"/><F89/><REACH who="2" ten="214,237,227,312" step="2"/><W64/><G64/><T17/><D135/><U127/><E127/><V34/><AGARI ba="0,1" hai="16,18,19,20,21,25,28,34,51,53,58,80,86,90" machi="34" ten="30,7900,0" yaku="1,1,2,1,0,1,54,1,53,0" doraHai="74" doraHaiUra="114" who="2" fromWho="2" sc="214,-20,237,-39,227,89,312,-20" /><INIT seed="2,0,0,0,5,17" ten="194,198,316,292" oya="2" hai0="54,117,75,113,121,80,57,20,91,124,119,2,127" hai1="30,118,135,24,63,67,122,78,38,49,50,15,112" hai2="128,83,47,55,59,44,90,102,79,7,69,116,103" hai3="114,126,134,92,22,100,18,3,6,96,37,95,16"/><V129/><F69/><W65/><G37/><T125/><D2/><U71/><E118/><N who="0" m="45065" /><D121/><U89/><E112/><V123/><F116/><W4/><G114/><T111/><D113/><U28/><E38/><V9/><F123/><W98/><G134/><T12/><D111/><U14/><E78/><V104/><F90/><W27/><G126/><T48/><D75/><U11/><E122/><V42/><F104/><W82/><G3/><T5/><D5/><U23/><E135/><V26/><F26/><W66/><G82/><T0/><D0/><U85/><E30/><V70/><F70/><W39/><G39/><T115/><D115/><U25/><E25/><V131/><F9/><W45/><G45/><N who="2" m="17481" /><F7/><N who="3" m="2603" /><G18/><N who="0" m="10311" /><D80/><U21/><E11/><V13/><F13/><W74/><G74/><T40/><D91/><AGARI ba="0,0" hai="16,22,27,65,66,91,92,95,96,98,100" m="2603" machi="91" ten="30,3900,0" yaku="8,1,52,1,54,1" doraHai="17" who="3" fromWho="0" sc="194,-39,198,0,316,0,292,39" /><INIT seed="3,0,0,3,3,16" ten="155,198,316,331" oya="3" hai0="51,30,113,89,106,0,133,134,81,4,68,42,75" hai1="7,118,112,45,69,52,41,61,46,63,29,132,82" hai2="48,13,17,97,104,72,98,128,9,64,135,5,33" hai3="124,23,125,40,19,18,122,38,44,39,24,111,54"/><W87/><G122/><T93/><D106/><U94/><E112/><V58/><F72/><W35/><G111/><T116/><D116/><U119/><E7/><V76/><F128/><W99/><G35/><T129/><D68/><U117/><E82/><V12/><F135/><W56/><G38/><T120/><D120/><U57/><E132/><V60/><F33/><W84/><G18/><T92/><D129/><U31/><E94/><V14/><F104/><W49/><G99/><N who="2" m="37897" /><F76/><W101/><REACH who="3" step="1"/><G101/><REACH who="3" ten="155,198,316,321" step="2"/><T20/><D113/><U71/><E117/><V2/><F2/><W80/><G80/><T15/><D133/><U50/><E119/><V74/><F74/><W96/><G96/><T25/><D134/><U65/><E118/><V10/><F13/><W8/><G8/><T66/><D66/><U85/><E65/><V22/><F10/><W109/><G109/><T102/><D102/><U123/><E123/><V36/><F36/><W114/><G114/><T121/><D121/><U62/><E29/><V115/><F115/><W70/><G70/><T26/><D0/><U77/><E31/><V108/><F108/><W47/><G47/><N who="0" m="26103" /><D75/><U78/><E69/><V105/><F105/><W91/><G91/><T88/><D25/><U34/><E71/><V37/><F37/><W130/><G130/><T83/><D83/><U27/><E27/><V28/><F28/><W95/><G95/><N who="0" m="36427" /><D81/><U43/><E34/><V21/><F21/><W126/><AGARI ba="0,1" hai="19,23,24,39,40,44,49,54,56,84,87,124,125,126" machi="126" ten="30,11700,0" yaku="1,1,0,1,18,1,52,1,53,0" doraHai="16" doraHaiUra="86" who="3" fromWho="3" sc="155,-39,198,-39,316,-39,321,127" owari="116,-38.4,159,-24.1,277,7.7,448,54.8" /></mjloggm>