<mjloggm ver="2.3"><GO type="225" lobby="0"/><UN n0="%E3%81%A0%E3%81%8A" n1="%77%72%77%72%77%72%77%72" n2="%E6%81%A5%E6%99%92%E3%81%97" n3="%E5%82%8D%E8%8B%A5%E7%84%A1%E4%BA%BA%35%31" dan="17,17,16,16" rate="2071.86,2187.83,2119.65,2179.27" sx="M,M,M,M"/><TAIKYOKU oya="0"/><INIT seed="0,0,0,0,3,71" ten="250,250,250,250" oya="0" hai0="106,127,66,65,59,14,19,103,68,50,9,56,95" hai1="94,121,108,73,133,55,20,120,129,116,25,40,0" hai2="6,75,93,23,11,79,67,77,1,15,132,32,13" hai3="86,81,82,99,21,49,2,125,42,98,134,4,18"/><T90/><D127/><U12/><E116/><V91/><F132/><W64/><G134/><T74/><D74/><U62/><E0/><V113/><F113/><W102/><G125/><T26/><D68/><U45/><E133/><V54/><F32/><W87/><G64/><T52/><D59/><U16/><E108/><V58/><F67/><W80/><G4/><T30/><D103/><U57/><E129/><V35/><F35/><W10/><G10/><T104/><D106/><U110/><E110/><V107/><F107/><W105/><G2/><T34/><REACH who="0" step="1"/><D104/><REACH who="0" ten="240,250,250,250" step="2"/><U78/><E73/><V135/><F75/><W27/><REACH who="3" step="1"/><G98/><AGARI ba="0,1" hai="9,14,19,26,30,34,50,52,56,65,66,90,95,98" machi="98" ten="30,11600,0" yaku="1,1,2,1,7,1,54,1,53,0" doraHai="71" doraHaiUra="112" who="0" fromWho="3" sc="240,126,250,0,250,0,250,-116" /><INIT seed="0,1,0,3,4,118" ten="366,250,250,134" oya="0" hai0="89,66,116,125,38,119,94,42,129,41,98,51,97" hai1="43,22,57,96,105,100,95,107,73,90,74,120,72" hai2="44,12,30,92,69,67,19,86,17,36,49,15,47" hai3="75,39,78,46,2,121,28,31,115,83,82,108,27"/><T55/><D66/><U4/><E22/><V33/><F36/><W10/><G83/><T53/><D125/><U79/><E57/><V63/><F30/><W104/><G31/><T122/><D129/><U29/><E4/><V24/><F33/><W20/><G115/><T45/><D42/><U64/><E43/><V135/><F135/><W60/><G60/><T130/><D130/><U131/><E64/><V88/><F24/><W127/><G127/><T99/><D122/><U123/><E29/><V128/><F128/><W52/><G104/><N who="1" m="40010" /><E131/><V124/><F124/><W18/><G121/><N who="1" m="46666" /><E79/><V50/><F15/><W59/><G108/><T16/><D41/><U84/><E74/><V7/><F7/><W25/><G39/><T103/><D38/><U54/><E54/><V133/><F133/><W6/><G46/><T61/><D53/><U112/><E112/><V1/><F47/><W14/><REACH who="3" step="1"/><G28/><REACH who="3" ten="366,250,250,124" step="2"/><T76/><D45/><U126/><E126/><V68/><F44/><W114/><G114/><T58/><D61/><U8/><E8/><V0/><F63/><W134/><G134/><T62/><D62/><U80/><AGARI ba="1,1" hai="72,73,80,84,90,95,96,100" m="46666,40010" machi="80" ten="30,8000,1" yaku="34,2,52,3" doraHai="118" who="1" fromWho="1" sc="366,-41,250,93,250,-21,124,-21" /><INIT seed="1,0,0,4,2,2" ten="325,343,229,103" oya="1" hai0="21,30,116,102,31,75,0,46,64,10,113,94,130" hai1="68,92,87,59,78,126,60,110,133,13,26,57,83" hai2="128,117,98,135,14,51,18,7,52,129,32,17,65" hai3="89,131,70,95,120,37,53,122,63,88,66,5,84"/><U86/><E133/><V6/><F135/><W90/><G131/><N who="2" m="50249" /><F117/><W20/><G37/><T85/><D75/><U50/><E126/><V28/><F65/><W80/><G53/><T44/><D113/><U8/><E110/><V74/><F74/><W99/><G20/><T24/><D116/><U91/><E91/><BYE who="1" /><V81/><F81/><W69/><G69/><UN n1="%77%72%77%72%77%72%77%72" /><T72/><D72/><U132/><E132/><V38/><F38/><W73/><G73/><T125/><D31/><U77/><E26/><N who="2" m="18455" /><F98/><W47/><G47/><T124/><D64/><U67/><E50/><V9/><F18/><W119/><G119/><T71/><D71/><U79/><E92/><V48/><F48/><W82/><REACH who="3" step="1"/><G5/><REACH who="3" ten="325,343,229,93" step="2"/><T49/><D130/><U11/><E68/><V76/><F76/><W34/><G34/><T115/><D124/><U15/><E77/><V58/><AGARI ba="0,1" hai="6,7,9,14,17,51,52,58" m="18455,50249" machi="58" ten="30,7900,0" yaku="19,1,52,2,54,1" doraHai="2" who="2" fromWho="2" sc="325,-20,343,-39,229,89,93,-20" /><INIT seed="2,0,0,4,0,55" ten="305,304,318,73" oya="2" hai0="62,42,79,4,74,49,122,126,134,96,67,127,92" hai1="0,33,60,65,3,17,121,20,111,101,87,41,78" hai2="91,100,86,37,1,7,107,119,61,2,23,73,131" hai3="106,12,18,89,11,35,19,25,52,21,105,83,22"/><V24/><F119/><W45/><G35/><T116/><D122/><U72/><E72/><V76/><F37/><W30/><G21/><T27/><D116/><U132/><E33/><V9/><F131/><W110/><G110/><T125/><D134/><U80/><E132/><V38/><F38/><W56/><G45/><N who="0" m="25783" /><D4/><U117/><E117/><V59/><F76/><W69/><G69/><N who="0" m="42231" /><D27/><U58/><E111/><V120/><F73/><W44/><G44/><T103/><D74/><U47/><E121/><V36/><F36/><W84/><REACH who="3" step="1"/><G19/><REACH who="3" ten="305,304,318,63" step="2"/><T113/><D113/><U123/><E123/><V135/><F120/><W71/><G71/><T93/><D79/><U43/><E47/><V31/><F135/><W46/><G46/><T57/><D57/><U32/><E32/><V70/><F59/><W8/><G8/><T51/><D51/><AGARI ba="0,1" hai="11,12,18,22,25,30,51,52,56,83,84,89,105,106" machi="51" ten="30,7700,0" yaku="1,1,7,1,52,1,54,1,53,0" doraHai="55" doraHaiUra="68" who="3" fromWho="0" sc="305,-77,304,0,318,0,63,87" /><INIT seed="3,0,0,4,2,13" ten="228,304,318,150" oya="3" hai0="35,11,78,67,50,41,10,43,76,87,117,96,66" hai1="59,126,56,60,39,28,18,33,17,112,111,30,100" hai2="73,90,65,77,95,24,20,109,55,82,106,131,133" hai3="38,134,70,121,135,123,108,68,15,62,12,127,98"/><W16/><G38/><T44/><D35/><U88/><E112/><V91/><F106/><W7/><G127/><T128/><D117/><U120/><E120/><N who="3" m="46154" /><G62/><T51/><D128/><U34/><E39/><V29/><F131/><W58/><G58/><T115/><D96/><U53/><E126/><V49/><F109/><W105/><G7/><T75/><D75/><U92/><E100/><V83/><F133/><N who="3" m="50699" /><G108/><T79/><D115/><U118/><E118/><V4/><F65/><N who="0" m="24586" /><D87/><N who="1" m="52255" /><E33/><V125/><F4/><W47/><G47/><AGARI ba="0,0" hai="10,11,41,43,44,47,50,51,76,78,79" m="24586" machi="47" ten="30,1000,0" yaku="8,1" doraHai="13" who="0" fromWho="3" sc="228,10,304,0,318,0,150,-10" owari="238,-16.2,304,10.4,318,41.8,140,-36.0" /></mjloggm>