<mjloggm ver="2.3"><GO type="225" lobby="0"/><UN n0="%E3%81%BF%E3%81%BF%E3%81%9A" n1="%E5%86%B7%E5%87%8D%E3%82%AE%E3%83%A7%E3%83%BC%E3%82%B6" n2="%E6%9C%88%E5%B3%B6%E5%9F%BA" n3="%E3%81%BD%E3%81%A1%E3%81%9F%E3%81%93%E3%82%84" dan="17,16,17,16" rate="2191.34,2131.20,2203.34,2151.01" sx="M,M,M,M"/><TAIKYOKU oya="0"/><INIT seed="0,0,0,2,3,133" ten="250,250,250,250" oya="0" hai0="129,78,57,112,50,49,63,30,127,22,18,37,54" hai1="34,70,36,47,115,128,119,5,31,130,102,135,6" hai2="85,69,104,122,126,91,20,46,48,71,100,11,131" hai3="16,58,111,25,73,10,89,95,61,38,32,82,75"/><T0/><D112/><U19/><E70/><V121/><F131/><N who="1" m="50217" /><E102/><V86/><F20/><W60/><G111/><T72/><D129/><U14/><E47/><V96/><F11/><W132/><G132/><T65/><D0/><U3/><E36/><V79/><F79/><W53/><G38/><T40/><D127/><U94/><E94/><V87/><F91/><W2/><G32/><T98/><D30/><U74/><E74/><V113/><F113/><W45/><G45/><T124/><D124/><U107/><E107/><V116/><F116/><W101/><G101/><T92/><D37/><U29/><E115/><V62/><F126/><W39/><G39/><T41/><D72/><U23/><E135/><V33/><F33/><W8/><G61/><T99/><D78/><U67/><E67/><V77/><F77/><N who="3" m="44335" /><G2/><T97/><D92/><U4/><E119/><V123/><REACH who="2" step="1"/><F62/><REACH who="2" ten="250,250,240,250" step="2"/><W117/><G117/><T27/><REACH who="0" step="1"/><D49/><REACH who="0" ten="240,250,240,250" step="2"/><U17/><E34/><V93/><F93/><W125/><G125/><T55/><D55/><AGARI ba="0,2" hai="46,48,55,69,71,85,86,87,96,100,104,121,122,123" machi="55" ten="50,8000,1" yaku="1,1,53,3" doraHai="133" doraHaiUra="81" who="2" fromWho="0" sc="240,-80,250,0,240,100,250,0" /><INIT seed="1,0,0,1,1,132" ten="160,250,340,250" oya="1" hai0="16,20,107,61,123,116,66,93,13,37,68,97,112" hai1="99,88,84,35,75,104,135,131,50,52,2,101,0" hai2="72,63,81,76,126,23,117,11,100,56,6,31,129" hai3="19,51,62,118,53,10,22,121,60,133,48,44,26"/><U67/><E135/><V21/><F117/><W64/><G133/><T70/><D116/><U15/><E131/><V105/><F129/><W111/><G121/><T103/><D112/><U91/><E35/><V49/><F126/><W73/><G111/><T86/><D123/><U94/><E75/><V8/><F105/><W14/><G73/><T82/><D37/><U47/><E67/><V110/><F110/><W78/><G78/><T74/><D74/><U113/><E113/><V92/><F49/><W39/><G39/><T59/><REACH who="0" step="1"/><D107/><REACH who="0" ten="150,250,340,250" step="2"/><U36/><E36/><V46/><F72/><W83/><G118/><T102/><D102/><U45/><E45/><V90/><F100/><W29/><G64/><T25/><D25/><U3/><E3/><V109/><F46/><N who="3" m="27799" /><G83/><T122/><D122/><U79/><E15/><V32/><F81/><W34/><G34/><T134/><D134/><U120/><E120/><V43/><F109/><W106/><G106/><T12/><D12/><U125/><E0/><V128/><F128/><W69/><G69/><T57/><D57/><U77/><E2/><V17/><F56/><W115/><G115/><T85/><D85/><U124/><E104/><V42/><F32/><W7/><G7/><T58/><D58/><U130/><E130/><V55/><F92/><W87/><G87/><T5/><D5/><U1/><E1/><V96/><F6/><W30/><G44/><T41/><D41/><U24/><E24/><V98/><F43/><W71/><G71/><T4/><D4/><U119/><E119/><V18/><F42/><W27/><G27/><RYUUKYOKU ba="0,1" sc="150,30,250,-10,340,-10,250,-10" hai0="13,16,20,59,61,66,68,70,82,86,93,97,103" /><INIT seed="2,1,1,2,2,44" ten="180,240,330,240" oya="2" hai0="76,35,25,87,6,114,135,122,127,133,88,7,101" hai1="0,123,48,27,67,37,93,111,128,3,91,83,19" hai2="134,97,64,68,56,41,109,43,59,132,98,85,4" hai3="23,61,14,32,11,82,94,110,30,57,22,39,8"/><V50/><F4/><W121/><G121/><T33/><D122/><U89/><E37/><V58/><F85/><W20/><G110/><T16/><D101/><U49/><E123/><V12/><F12/><W75/><G39/><T81/><D114/><U119/><E119/><V92/><F109/><W129/><G129/><T86/><D127/><U42/><E42/><N who="2" m="15883" /><F92/><W117/><G117/><T9/><D35/><U62/><E128/><V34/><F34/><W15/><G75/><T77/><D33/><U65/><E111/><V78/><F78/><W96/><G82/><T118/><D118/><U5/><E5/><N who="0" m="1545" /><D87/><N who="1" m="50431" /><E0/><V73/><F73/><W28/><G32/><T45/><D45/><U103/><E103/><V38/><F38/><W69/><G69/><T80/><D80/><U10/><E3/><V40/><F97/><W125/><G125/><T21/><D9/><N who="3" m="3657" /><G14/><T18/><D18/><U104/><E104/><V113/><F98/><W47/><G47/><T130/><D130/><U90/><E90/><V112/><F112/><W31/><G15/><T115/><D115/><U29/><E29/><V24/><F113/><W54/><G30/><T106/><D106/><U60/><E10/><V79/><F68/><W46/><G46/><T66/><D66/><N who="1" m="25099" /><E19/><V2/><F64/><W99/><G99/><T51/><D51/><N who="1" m="19531" /><E27/><V105/><F24/><W126/><G126/><T84/><D84/><AGARI ba="1,1" hai="60,62,84,91,93" m="19531,25099,50431" machi="84" ten="30,7700,0" yaku="8,1,52,3" doraHai="44" who="1" fromWho="0" sc="180,-80,240,90,330,0,240,0" /><INIT seed="3,0,0,5,3,26" ten="100,330,330,240" oya="3" hai0="109,73,135,24,125,56,80,55,128,28,44,116,126" hai1="83,61,41,2,57,76,27,12,94,106,81,22,118" hai2="91,59,86,7,1,21,14,62,10,67,50,45,38" hai3="102,111,70,43,49,36,115,88,13,8,47,66,11"/><W65/><G115/><T98/><D116/><U32/><E106/><V0/><F38/><W23/><G111/><T99/><D109/><U107/><E107/><V119/><F119/><W123/><G123/><T87/><D73/><U33/><E2/><V53/><F21/><W90/><G102/><T84/><D44/><U69/><E69/><V103/><F103/><W95/><G36/><T4/><D4/><U34/><E118/><V40/><F40/><W113/><G113/><T5/><D5/><U63/><E41/><V131/><F131/><W51/><G70/><T6/><D6/><U100/><E12/><V114/><F114/><W110/><G110/><T133/><D56/><U121/><E121/><V35/><F35/><W25/><G49/><T129/><D55/><U134/><E134/><N who="0" m="51209" /><D24/><U39/><E39/><V19/><F7/><N who="3" m="3231" /><G11/><T77/><D84/><U20/><E57/><V72/><F72/><W31/><G90/><T54/><D54/><U42/><E42/><V48/><F48/><W79/><G79/><T68/><D68/><U60/><E76/><V29/><F1/><W74/><G74/><T89/><D28/><U85/><E85/><AGARI ba="0,0" hai="23,25,31,43,47,51,65,66,85,88,95" m="3231" machi="85" ten="30,5800,0" yaku="8,1,52,1,54,1" doraHai="26" who="3" fromWho="1" sc="100,0,330,-58,330,0,240,58" /><INIT seed="3,1,0,0,5,112" ten="100,272,330,298" oya="3" hai0="5,63,107,128,12,64,37,1,110,114,42,70,124" hai1="40,117,33,62,27,132,22,29,94,46,125,127,121" hai2="3,19,109,89,20,54,13,44,8,131,28,49,84" hai3="53,45,75,2,15,92,87,95,36,113,79,83,52"/><W101/><G2/><T0/><D114/><U77/><E121/><V99/><F109/><W118/><G113/><T105/><D12/><U100/><E132/><V55/><F131/><W11/><G118/><T88/><D110/><U97/><E77/><V73/><F73/><W26/><G26/><T17/><D128/><U74/><E74/><V31/><F99/><W96/><G36/><T59/><D17/><U98/><E33/><V57/><F8/><W67/><G67/><T102/><D124/><U116/><E62/><N who="2" m="36151" /><F3/><W86/><G45/><T39/><D88/><N who="1" m="55495" /><E46/><V35/><F35/><W134/><G134/><T119/><D119/><N who="1" m="45643" /><E40/><V58/><F44/><W9/><G9/><T41/><D102/><U4/><E4/><V68/><F68/><W129/><G129/><T85/><D85/><U65/><E65/><V43/><F43/><W6/><G75/><T48/><D5/><U115/><E115/><V47/><F47/><W93/><REACH who="3" step="1"/><G87/><REACH who="3" ten="100,272,330,288" step="2"/><T25/><D25/><U76/><E76/><V24/><F24/><W18/><G18/><T81/><D41/><U123/><E123/><V34/><F34/><W82/><G82/><AGARI ba="1,1" hai="13,19,20,28,31,49,55,58,82,84,89" m="36151" machi="82" ten="30,1000,0" yaku="8,1" doraHai="112" who="2" fromWho="3" sc="100,0,272,0,330,23,288,-13" owari="100,-40.0,272,-12.8,353,45.3,275,7.5" /></mjloggm>