<mjloggm ver="2.3"><GO type="225" lobby="0"/><UN n0="%E6%9C%88%E5%B3%B6%E5%9F%BA" n1="%E4%B8%8B%E6%AE%B5%E3%83%81%E3%82%A7%E3%83%AA%E3%83%BC" n2="%4D%2E%61%72%74%65%74%61" n3="%72%69%6F%75%63%68%61%6E" dan="18,16,17,16" rate="2232.89,2154.13,2215.21,2124.88" sx="M,M,M,M"/><TAIKYOKU oya="0"/><INIT seed="0,0,0,2,1,101" ten="250,250,250,250" oya="0" hai0="38,35,133,93,68,42,76,64,131,61,114,84,87" hai1="97,2,27,46,78,59,79,11,118,83,96,75,72" hai2="52,124,56,4,103,5,55,45,125,121,130,122,128" hai3="30,92,119,135,85,8,47,94,77,40,53,73,70"/><T13/><D114/><U31/><E118/><V10/><F103/><W104/><G119/><T67/><D35/><U34/><E59/><V60/><F10/><W115/><G115/><T6/><D131/><N who="2" m="50218" /><F5/><W22/><G135/><T58/><D133/><U9/><E9/><V86/><F86/><W129/><G70/><T1/><D1/><U74/><E79/><V37/><F4/><W12/><G129/><T62/><D6/><U20/><E11/><V127/><F55/><W100/><G73/><T29/><D13/><U43/><E2/><V81/><F81/><N who="3" m="47279" /><G53/><T14/><D14/><U28/><E28/><V7/><F7/><N who="3" m="3103" /><G30/><T41/><D29/><U69/><E20/><V132/><F132/><W102/><G22/><T110/><D76/><U116/><E116/><V107/><F107/><W80/><G80/><T26/><D87/><U109/><E109/><V126/><F126/><W95/><G104/><T32/><D110/><U24/><E24/><V17/><F17/><W123/><G100/><T15/><D15/><U111/><E111/><V57/><F57/><W23/><G102/><T89/><D26/><U105/><E105/><V88/><F88/><W134/><G23/><T50/><D32/><U120/><E120/><V99/><F99/><N who="1" m="37961" /><E69/><V112/><F112/><W3/><G123/><T54/><D68/><U113/><E113/><V18/><F18/><W25/><G134/><T90/><D90/><U63/><E63/><N who="0" m="24073" /><D42/><AGARI ba="0,0" hai="37,42,45,52,56,60,121,122,124,125,127" m="50218" machi="42" ten="40,8000,1" yaku="18,1,19,1,34,2,54,1" doraHai="101" who="2" fromWho="0" sc="250,-80,250,0,250,80,250,0" /><INIT seed="1,0,0,4,1,115" ten="170,250,330,250" oya="1" hai0="74,85,108,13,81,37,51,67,62,40,127,58,118" hai1="124,109,53,88,102,16,50,9,44,98,133,29,101" hai2="106,61,107,18,75,78,27,28,134,12,41,122,83" hai3="73,42,92,126,119,5,24,125,19,46,39,38,87"/><U99/><E124/><N who="3" m="47722" /><G73/><T47/><D108/><U117/><E117/><V80/><F122/><W54/><G5/><T68/><D74/><U89/><E109/><V114/><F114/><W120/><G120/><T90/><D127/><U116/><E116/><V86/><F134/><W94/><G38/><T8/><D118/><U3/><E133/><V25/><F41/><W82/><G119/><T105/><D105/><U79/><E79/><V21/><F61/><W110/><G110/><T123/><D123/><U56/><E29/><V36/><F36/><W10/><G54/><T33/><D33/><U1/><E1/><V26/><REACH who="2" step="1"/><F28/><REACH who="2" ten="170,250,320,250" step="2"/><W70/><G42/><T97/><D97/><N who="1" m="36875" /><E3/><V84/><F84/><W91/><G39/><T55/><D13/><N who="1" m="7215" /><E44/><V111/><F111/><W128/><G46/><T7/><D8/><U72/><E72/><V77/><AGARI ba="0,1" hai="12,18,21,25,26,27,75,77,78,80,83,86,106,107" machi="77" ten="30,2000,0" yaku="1,1,0,1,53,0" doraHai="115" doraHaiUra="63" who="2" fromWho="2" sc="170,-5,250,-10,320,30,250,-5" /><INIT seed="2,0,0,0,0,90" ten="165,240,350,245" oya="2" hai0="76,32,78,81,47,80,129,79,3,130,1,83,9" hai1="7,126,95,56,84,0,6,104,92,73,52,124,114" hai2="110,127,100,22,43,118,40,113,45,20,5,65,87" hai3="67,27,91,97,109,58,86,134,38,26,116,102,31"/><V50/><F113/><W122/><G116/><T16/><D47/><U111/><E73/><V61/><F118/><W8/><G122/><T70/><D32/><U135/><E114/><V39/><F127/><N who="1" m="48681" /><E104/><V77/><F40/><W106/><G38/><T57/><D57/><U44/><E135/><V63/><F110/><W133/><G109/><T36/><D36/><U108/><E44/><V69/><F100/><W34/><G26/><T119/><D119/><U103/><E111/><V25/><F63/><W85/><G8/><T74/><D74/><U101/><E108/><V131/><F131/><W23/><G23/><T64/><D64/><U37/><E37/><V55/><F5/><N who="1" m="1545" /><E0/><V94/><F25/><W96/><G96/><T48/><D48/><N who="1" m="30727" /><E84/><V117/><F117/><W105/><G106/><T49/><D49/><U132/><E132/><V2/><F2/><W11/><G85/><T59/><D59/><U21/><E21/><V53/><F20/><W128/><G11/><T15/><REACH who="0" step="1"/><D70/><REACH who="0" ten="155,240,350,245" step="2"/><U120/><E120/><V54/><F50/><W18/><G134/><T115/><D115/><U17/><E17/><V89/><F69/><W93/><G133/><T41/><D41/><U19/><E19/><V30/><F65/><W62/><G18/><T72/><D72/><U71/><E71/><V68/><F68/><W123/><G123/><T35/><D35/><U98/><E98/><V88/><F39/><W24/><G24/><T42/><D42/><U28/><E28/><V112/><F30/><W12/><G12/><T125/><D125/><U75/><E75/><V4/><F112/><RYUUKYOKU ba="0,1" sc="155,10,240,10,350,-30,245,10" hai0="1,3,9,15,16,76,78,79,80,81,83,129,130" hai1="92,95,101,103" hai3="27,31,34,58,62,67,86,91,93,97,102,105,128" /><INIT seed="3,1,1,2,5,19" ten="165,250,320,255" oya="3" hai0="113,35,80,2,131,106,109,60,100,71,67,73,82" hai1="65,122,128,117,92,81,37,69,62,78,104,98,63" hai2="111,114,86,88,22,47,112,6,51,39,70,32,75" hai3="101,96,133,103,76,7,79,84,10,68,28,130,118"/><W1/><G118/><T97/><D109/><U54/><E122/><V102/><F32/><W115/><G115/><T124/><D113/><U119/><E37/><V129/><F75/><W64/><G130/><T105/><D131/><U125/><E128/><V66/><F129/><W91/><G133/><T121/><D82/><U49/><E104/><V34/><F34/><W57/><G68/><T4/><D121/><U50/><E125/><V23/><F39/><W29/><G76/><T36/><D124/><U38/><E38/><V55/><F111/><W44/><G79/><T132/><D132/><U24/><E24/><V90/><F102/><W89/><G44/><T30/><D105/><U120/><E120/><V116/><F116/><N who="1" m="44617" /><E62/><V110/><F6/><W87/><G87/><T134/><D134/><U77/><E54/><V94/><F110/><W18/><G18/><T33/><D30/><U8/><E8/><V20/><F90/><W123/><G123/><T31/><D36/><U56/><E69/><V42/><F55/><W48/><G91/><T59/><D59/><U93/><E78/><V83/><F83/><N who="3" m="49311" /><G103/><T3/><D80/><U40/><E40/><V61/><AGARI ba="1,1" hai="20,22,23,42,47,51,61,66,70,86,88,94,112,114" machi="61" ten="30,8000,1" yaku="0,1,52,3,54,1" doraHai="19" who="2" fromWho="2" sc="165,-21,250,-21,320,93,255,-41" owari="144,-35.6,229,2.9,413,51.3,214,-18.6" /></mjloggm>