<mjloggm ver="2.3"><GO type="225" lobby="0"/><UN n0="%E6%A0%B9%E5%85%83%E3%81%8B%E3%82%89%E5%90%B9%E3%81%A3%E9%A3%9B%E3%81%B6" n1="%E9%A6%AC%E5%BC%95%E7%81%AB%33" n2="%E6%A1%9C%E6%B2%A2%E5%A2%A8" n3="%E5%91%A8%E6%9D%B1" dan="16,16,17,17" rate="2131.74,2098.83,2133.58,2133.29" sx="F,M,F,M"/><TAIKYOKU oya="0"/><INIT seed="0,0,0,3,1,57" ten="250,250,250,250" oya="0" hai0="45,86,129,71,34,134,126,85,84,68,65,54,12" hai1="42,107,46,117,96,18,128,20,78,100,70,10,99" hai2="4,55,92,26,119,97,59,1,35,56,13,16,44" hai3="122,121,113,72,112,49,29,114,64,130,39,94,0"/><T87/><D126/><U60/><E117/><V105/><F119/><W11/><G72/><T118/><D129/><U120/><E120/><N who="3" m="46186" /><G94/><T2/><D134/><U15/><E128/><V125/><F125/><W51/><G130/><T81/><D2/><U89/><E78/><V115/><F115/><W111/><G29/><T28/><D118/><U75/><E75/><V24/><F105/><W104/><G104/><T58/><D45/><U123/><E123/><V91/><F1/><W40/><G11/><T127/><D127/><U50/><E10/><V124/><F124/><W62/><G0/><T48/><D65/><U8/><E8/><N who="2" m="6183" /><F35/><W66/><G111/><T27/><REACH who="0" step="1"/><D12/><REACH who="0" ten="240,250,250,250" step="2"/><U106/><E15/><V19/><F44/><N who="3" m="23583" /><G66/><T73/><D73/><U79/><E46/><V33/><F55/><W116/><G116/><T76/><AGARI ba="0,1" hai="27,28,34,48,54,58,68,71,76,81,84,85,86,87" machi="76" ten="30,3000,0" yaku="1,1,0,1,53,0" doraHai="57" doraHaiUra="102" who="0" fromWho="0" sc="240,40,250,-10,250,-10,250,-10" /><INIT seed="0,1,0,2,2,30" ten="280,240,240,240" oya="0" hai0="82,50,38,33,131,24,27,91,46,9,28,95,72" hai1="7,75,68,86,102,62,88,23,110,11,63,100,81" hai2="13,55,56,51,34,134,85,135,78,104,103,108,61" hai3="16,43,32,14,74,92,70,29,93,66,112,1,54"/><T106/><D131/><U2/><E110/><V79/><F108/><W37/><G112/><T44/><D106/><U8/><E75/><V99/><F34/><W115/><G115/><T58/><D27/><U119/><E119/><V0/><F0/><W39/><G74/><T107/><D107/><U22/><E8/><V5/><F85/><W118/><G1/><T133/><D133/><N who="2" m="50698" /><F61/><W71/><G118/><T64/><D38/><U52/><E68/><V67/><F67/><W26/><G54/><T94/><D9/><AGARI ba="1,0" hai="5,9,13,51,55,56,78,79,99,103,104" m="50698" machi="9" ten="30,1000,0" yaku="20,1" doraHai="30" who="2" fromWho="0" sc="280,-13,240,0,240,13,240,0" /><INIT seed="1,0,0,5,5,43" ten="267,240,253,240" oya="1" hai0="75,112,70,14,53,124,100,47,59,35,64,102,24" hai1="72,74,84,3,107,125,15,25,10,30,81,28,50" hai2="92,55,63,12,33,104,132,8,127,36,99,13,21" hai3="89,38,111,62,31,1,26,7,16,60,116,93,80"/><U106/><E3/><V77/><F33/><W98/><G111/><T44/><D75/><U105/><E125/><V46/><F127/><W69/><G116/><T110/><D110/><U22/><E28/><V88/><F132/><W19/><G38/><T51/><D112/><U118/><E118/><V58/><F104/><W54/><G1/><T32/><D70/><U103/><E103/><N who="0" m="39465" /><D35/><U45/><E15/><V20/><F77/><W134/><G7/><T101/><D32/><U5/><E10/><V27/><F8/><W117/><G117/><T23/><D124/><U90/><REACH who="1" step="1"/><E5/><REACH who="1" ten="267,230,253,240" step="2"/><V119/><F119/><W68/><G134/><T122/><D14/><U61/><E61/><V2/><F2/><W115/><G115/><T123/><D101/><U67/><E67/><V83/><F21/><W129/><G62/><T57/><D122/><U114/><E114/><V120/><F120/><W76/><G60/><N who="0" m="37903" /><D123/><U37/><E37/><V109/><F109/><W95/><G31/><AGARI ba="0,1" hai="23,24,31,44,47,51,53,59" m="37903,39465" machi="31" ten="30,3900,0" yaku="8,1,52,2" doraHai="43" who="0" fromWho="3" sc="267,49,230,0,253,0,240,-39" /><INIT seed="2,0,0,2,3,65" ten="316,230,253,201" oya="2" hai0="38,93,126,35,115,101,57,10,98,78,103,0,95" hai1="66,40,70,61,25,9,92,60,3,56,41,133,39" hai2="15,67,132,120,81,44,87,130,129,1,86,13,12" hai3="45,106,17,71,127,85,29,22,18,42,105,80,30"/><V51/><F120/><W47/><G127/><T7/><D115/><U113/><E113/><V116/><F116/><W26/><G71/><T69/><D69/><U20/><E133/><V28/><F1/><W99/><G30/><T79/><D38/><U110/><E110/><V112/><F112/><W104/><G99/><T96/><D35/><U90/><E39/><V77/><F132/><W114/><G114/><T108/><D108/><U63/><E9/><V14/><N who="2" m="3072" /><DORA hai="122" /><V27/><F67/><W72/><G72/><T59/><D126/><U100/><E3/><V32/><REACH who="2" step="1"/><F87/><REACH who="2" ten="316,230,243,201" step="2"/><W119/><G119/><T19/><D0/><U36/><E66/><V68/><F68/><W134/><G134/><T23/><D10/><U135/><E70/><V111/><F111/><W94/><G94/><T2/><D2/><U31/><E135/><V8/><F8/><W73/><G73/><T58/><D7/><U4/><E4/><V24/><F24/><AGARI ba="0,1" hai="19,23,24,57,58,59,78,79,93,95,96,98,101,103" machi="24" ten="40,2600,0" yaku="9,1,8,1" doraHai="65,122" who="0" fromWho="2" sc="316,36,230,0,243,-26,201,0" /><INIT seed="3,0,0,1,4,74" ten="352,230,217,201" oya="3" hai0="2,72,12,0,93,59,26,103,76,33,134,54,40" hai1="91,82,21,112,111,84,50,126,77,49,60,7,10" hai2="89,116,28,119,109,68,22,124,108,70,71,8,80" hai3="16,41,122,15,114,6,75,79,95,57,38,130,44"/><W31/><G122/><T62/><D40/><U58/><E112/><V100/><F100/><W113/><G130/><T53/><D53/><N who="1" m="33871" /><E111/><N who="2" m="42571" /><F124/><W36/><G36/><T65/><D134/><U101/><E126/><V97/><F8/><W132/><G132/><T17/><D33/><U35/><E35/><V9/><F9/><W55/><G6/><T118/><D26/><U48/><E101/><V14/><F97/><W30/><G95/><T39/><D39/><U129/><E129/><V1/><F1/><W24/><G24/><T96/><D118/><U47/><E21/><V51/><F51/><W81/><G114/><T56/><D17/><U23/><E23/><V67/><F67/><W63/><REACH who="3" step="1"/><G113/><REACH who="3" ten="352,230,217,191" step="2"/><T99/><D93/><U64/><E7/><V115/><F115/><W105/><G105/><T133/><D133/><U45/><E45/><V32/><F32/><W69/><G69/><T88/><D0/><U27/><E27/><N who="2" m="16503" /><F14/><W3/><G3/><T73/><D12/><U102/><E47/><V34/><F34/><W5/><G5/><T4/><D4/><U43/><E43/><V127/><F127/><W121/><G121/><T25/><D2/><U106/><E106/><V83/><F119/><W107/><G107/><T11/><D25/><U98/><E102/><V42/><F116/><W117/><G117/><T135/><D103/><U37/><E37/><V90/><F42/><W85/><G85/><T78/><D135/><U131/><E131/><V66/><F66/><W128/><G128/><T104/><D104/><U52/><E64/><V18/><F18/><W46/><G46/><RYUUKYOKU ba="0,1" sc="352,-15,230,-15,217,15,191,15" hai2="68,70,71,80,83,89,90" hai3="15,16,30,31,38,41,44,55,57,63,75,79,81" /><INIT seed="3,1,1,5,1,10" ten="337,215,232,206" oya="3" hai0="93,118,29,64,27,68,119,79,9,28,53,66,33" hai1="21,102,96,88,56,16,122,100,123,19,11,124,71" hai2="97,52,57,65,129,15,106,72,45,116,22,111,50" hai3="36,92,126,25,112,8,84,23,83,7,47,131,51"/><W78/><G126/><T90/><D79/><U114/><E71/><V74/><F116/><W54/><G131/><T73/><D73/><U12/><E114/><V104/><F129/><W76/><G36/><T63/><D29/><U70/><E70/><V1/><F1/><W37/><G37/><T13/><D53/><U24/><E124/><V38/><F111/><W108/><G108/><T105/><D66/><U91/><E122/><V85/><F74/><W26/><G112/><T3/><D105/><U61/><E123/><V99/><F72/><W49/><G92/><T39/><D3/><U87/><E96/><V42/><F85/><W20/><G78/><T103/><D103/><N who="1" m="39467" /><E87/><V121/><F121/><W31/><G51/><T17/><D39/><U30/><E30/><V82/><F82/><W132/><G132/><T128/><D128/><U80/><E80/><V135/><F135/><W59/><G59/><T115/><D115/><U67/><AGARI ba="1,1" hai="11,12,16,19,21,24,56,61,67,88,91" m="39467" machi="67" ten="30,7900,0" yaku="8,1,52,1,54,2" doraHai="10" who="1" fromWho="1" sc="337,-21,215,92,232,-21,206,-40" owari="316,41.6,307,10.7,211,-18.9,166,-33.4" /></mjloggm>