<mjloggm ver="2.3"><GO type="225" lobby="0"/><UN n0="%E6%9C%88%E5%B3%B6%E5%9F%BA" n1="%72%69%6F%75%63%68%61%6E" n2="%E5%8D%A0%E3%81%84%E5%B8%AB%E8%A3%8F%E3%81%AA%E3%81%84%E3%81%97" n3="%E3%83%A9%E3%82%A4%E3%83%B3%E3%81%AE%E8%99%8E" dan="16,16,17,16" rate="2019.03,2113.46,2192.49,2084.12" sx="M,M,M,M"/><TAIKYOKU oya="0"/><INIT seed="0,0,0,0,3,30" ten="250,250,250,250" oya="0" hai0="105,121,60,43,99,127,19,54,128,71,94,56,133" hai1="58,34,134,81,78,15,36,44,106,40,32,85,16" hai2="92,47,126,4,108,50,87,80,14,1,125,118,101" hai3="29,82,64,104,74,23,37,89,42,45,91,77,112"/><T83/><D121/><U5/><E106/><V31/><F108/><W0/><G112/><T84/><D105/><U65/><E134/><V59/><F1/><W46/><G104/><T120/><D120/><U41/><E5/><V67/><F118/><W18/><G64/><T11/><D133/><U107/><E107/><V3/><F3/><W8/><G29/><T25/><D71/><U109/><E109/><V110/><F110/><W131/><G46/><T33/><D127/><U53/><E40/><V26/><F4/><N who="3" m="1031" /><G131/><T12/><D128/><U10/><E65/><V69/><F69/><W57/><G57/><T98/><D43/><U70/><E70/><V111/><F14/><AGARI ba="0,0" hai="14,18,23,37,42,45,74,77,82,89,91" m="1031" machi="14" ten="30,1000,0" yaku="25,1" doraHai="30" who="3" fromWho="2" sc="250,0,250,0,250,-10,250,10" /><INIT seed="1,0,0,1,1,23" ten="250,250,240,260" oya="1" hai0="26,10,6,93,133,95,29,81,92,101,108,34,73" hai1="97,130,30,38,15,128,25,41,74,46,36,50,125" hai2="132,75,32,82,106,71,103,16,24,63,1,21,114" hai3="4,134,51,100,20,37,65,8,88,131,79,18,14"/><U48/><E125/><V117/><F117/><W9/><G37/><T107/><D133/><U17/><E74/><V129/><F132/><W49/><G131/><N who="1" m="50218" /><E97/><N who="2" m="61807" /><F129/><W61/><G100/><T31/><D108/><U126/><E126/><V127/><F127/><W78/><G134/><T47/><D31/><U111/><E111/><V60/><F1/><W121/><G9/><T64/><D64/><U12/><E36/><V11/><F11/><W39/><G39/><T42/><D107/><U80/><E80/><V52/><F60/><W62/><G121/><T90/><D101/><U123/><E123/><V135/><F135/><W112/><G112/><T66/><D66/><U109/><E109/><V22/><F82/><W55/><G49/><N who="1" m="19050" /><E17/><V53/><F75/><W59/><G62/><T2/><D47/><U105/><E105/><V120/><F120/><W96/><G96/><T35/><D42/><U7/><E7/><V94/><F94/><W28/><G88/><T87/><REACH who="0" step="1"/><D73/><REACH who="0" ten="240,250,240,260" step="2"/><U45/><E46/><V5/><F114/><W83/><G28/><T44/><D44/><U67/><E67/><N who="2" m="41471" /><F5/><W119/><G119/><T40/><D40/><U77/><E77/><V57/><F57/><N who="3" m="33023" /><G79/><T102/><D102/><U86/><E86/><V113/><F113/><W43/><G43/><T0/><D0/><U68/><E68/><V3/><F3/><N who="3" m="31" /><G78/><T89/><D89/><U118/><E118/><V124/><F124/><W69/><G69/><T98/><D98/><U91/><E91/><V104/><F104/><W99/><G99/><T33/><AGARI ba="0,1" hai="2,6,10,26,29,33,34,35,81,87,90,92,93,95" machi="33" ten="30,7900,0" yaku="1,1,0,1,52,1,53,1" doraHai="23" doraHaiUra="84" who="0" fromWho="0" sc="240,89,250,-39,240,-20,260,-20" /><INIT seed="2,0,0,2,0,101" ten="329,211,220,240" oya="2" hai0="57,1,84,71,39,42,100,107,11,35,55,83,131" hai1="87,95,43,45,99,48,8,104,96,93,86,16,127" hai2="124,110,25,24,41,80,38,116,47,123,114,0,3" hai3="133,34,10,15,32,129,92,30,91,106,54,79,115"/><V128/><F114/><W98/><G129/><T126/><D71/><U9/><E127/><V50/><F116/><W63/><G133/><T119/><D35/><U122/><E122/><V44/><F123/><W5/><G115/><T27/><D27/><U117/><E117/><V60/><F124/><W65/><G30/><T58/><D58/><U59/><E104/><V77/><F128/><W40/><G40/><T74/><D74/><U103/><E59/><V18/><F110/><W69/><G79/><T56/><D56/><U82/><E16/><V37/><F60/><W85/><REACH who="3" step="1"/><G54/><REACH who="3" ten="329,211,220,230" step="2"/><T26/><D55/><U112/><E112/><V22/><F37/><W53/><G53/><T88/><D42/><U76/><REACH who="1" step="1"/><E86/><REACH who="1" ten="329,201,220,230" step="2"/><V17/><F44/><W23/><G23/><T2/><D84/><U81/><E81/><V20/><F38/><W6/><G6/><T125/><D83/><U46/><E46/><V49/><REACH who="2" step="1"/><F50/><REACH who="2" ten="329,201,210,230" step="2"/><W105/><G105/><T78/><D107/><U97/><E97/><V108/><F108/><W28/><G28/><T130/><D39/><U67/><E67/><V51/><F51/><W102/><AGARI ba="0,3" hai="5,10,15,32,34,63,65,69,85,91,92,98,102,106" machi="102" ten="30,4000,0" yaku="1,1,0,1,52,1,53,0" doraHai="101" doraHaiUra="109" who="3" fromWho="3" sc="329,-10,201,-10,210,-20,230,70" /><INIT seed="3,0,0,5,3,131" ten="319,191,190,300" oya="3" hai0="103,42,127,134,129,33,115,107,21,101,71,75,61" hai1="72,95,77,11,110,41,123,2,66,5,7,18,113" hai2="105,88,57,38,1,16,48,12,8,108,49,117,25" hai3="28,32,73,78,19,67,64,85,81,94,47,83,3"/><W98/><G3/><T59/><D75/><U114/><E123/><V109/><F117/><W17/><G32/><T52/><D33/><U34/><E34/><V130/><F38/><W80/><G28/><T112/><D129/><U99/><E7/><V27/><F130/><W79/><G83/><T132/><D127/><U13/><E110/><N who="2" m="42603" /><F105/><W44/><G17/><T104/><D71/><U128/><E128/><V0/><F88/><W10/><G10/><T62/><D42/><U133/><E133/><N who="0" m="51305" /><D62/><U30/><E30/><V96/><F96/><W135/><G135/><T87/><D87/><U14/><E41/><V84/><F84/><N who="3" m="48151" /><G19/><T116/><D116/><U6/><E2/><N who="2" m="1131" /><F57/><W68/><G68/><T126/><D126/><U45/><E114/><N who="0" m="43561" /><D21/><U124/><E113/><V90/><F90/><N who="3" m="55639" /><G73/><T122/><D122/><U121/><E121/><V43/><F43/><W50/><G50/><AGARI ba="0,0" hai="8,12,16,25,27,48,49,50" m="1131,42603" machi="50" ten="30,2000,0" yaku="14,1,54,1" doraHai="131" who="2" fromWho="3" sc="319,0,191,0,190,20,300,-20" owari="319,41.9,191,-30.9,210,-19.0,280,8.0" /></mjloggm>