<mjloggm ver="2.3"><GO type="225" lobby="0"/><UN n0="%33%74%72%65%65" n1="%E3%83%94%E3%83%B3%E3%82%B5%E3%83%AD%E5%BA%97%E5%93%A1" n2="%E3%83%8F%E3%83%B3%E3%83%89%E3%83%A9%E3%83%BC%E3%83%BB%E3%83%AF%E3%83%B3" n3="%72%69%6F%75%63%68%61%6E" dan="16,17,16,16" rate="2183.17,2223.78,2149.87,2136.86" sx="F,M,M,M"/><TAIKYOKU oya="0"/><INIT seed="0,0,0,4,3,33" ten="250,250,250,250" oya="0" hai0="103,3,1,68,119,98,97,62,86,60,80,20,2" hai1="77,95,93,36,65,113,51,71,48,74,79,75,132" hai2="102,66,64,17,25,4,126,0,72,101,104,99,34" hai3="6,125,12,59,117,52,84,108,9,37,83,90,57"/><T76/><D119/><U49/><E36/><V11/><F72/><N who="1" m="27689" /><E65/><V63/><F126/><W21/><G108/><T40/><D40/><U128/><E71/><V124/><F124/><W92/><G125/><T47/><D47/><U129/><E132/><V127/><F127/><W112/><G112/><T8/><D8/><U118/><E118/><V7/><F101/><W24/><G117/><T67/><D62/><U111/><E111/><V82/><F82/><W38/><G83/><T42/><D42/><U39/><E39/><V35/><F7/><W89/><G89/><T69/><D69/><U31/><E31/><V100/><F100/><W106/><G106/><T41/><D41/><U27/><E27/><V56/><REACH who="2" step="1"/><F66/><REACH who="2" ten="250,250,240,250" step="2"/><W23/><G23/><AGARI ba="0,1" hai="0,4,11,17,23,25,34,35,56,63,64,99,102,104" machi="23" ten="40,8000,1" yaku="1,1,2,1,52,1,53,1" doraHai="33" doraHaiUra="13" who="2" fromWho="3" sc="250,0,250,0,240,90,250,-80" /><INIT seed="1,0,0,0,0,90" ten="250,250,330,170" oya="1" hai0="86,75,57,43,40,53,3,47,87,15,103,9,13" hai1="50,121,129,41,132,20,36,67,55,2,106,119,84" hai2="110,93,97,131,111,102,70,52,1,25,114,60,48" hai3="65,80,99,46,19,130,61,135,69,14,104,58,12"/><U76/><E119/><V89/><F1/><W133/><G130/><T5/><D75/><U112/><E112/><V6/><F6/><W17/><G80/><T30/><D30/><U56/><E121/><V88/><F131/><W116/><G116/><T26/><D26/><U49/><E106/><V62/><F25/><W105/><G46/><T79/><D103/><U8/><E129/><V42/><F42/><W39/><G39/><T81/><D86/><U115/><E115/><V66/><F60/><W109/><G109/><N who="2" m="41481" /><F114/><W11/><G69/><T44/><D43/><U91/><E132/><N who="3" m="50762" /><G99/><T72/><D72/><U125/><E36/><V123/><F123/><W82/><G82/><T38/><REACH who="0" step="1"/><D47/><AGARI ba="0,0" hai="47,48,52,62,66,70,88,89,93,97,102" m="41481" machi="47" ten="30,7700,0" yaku="14,1,52,1,54,2" doraHai="90" who="2" fromWho="0" sc="250,-77,250,0,330,77,170,0" /><INIT seed="2,0,0,3,5,124" ten="173,250,407,170" oya="2" hai0="28,76,115,100,70,133,127,27,40,33,61,125,54" hai1="83,117,0,81,88,42,128,47,16,132,50,4,82" hai2="116,24,126,129,53,102,58,52,41,44,110,66,1" hai3="89,78,86,10,118,49,36,38,7,63,72,134,12"/><V121/><F1/><W99/><G134/><T45/><D115/><U87/><E117/><V51/><F102/><W114/><G118/><T57/><D133/><U3/><E132/><V80/><F116/><W15/><G114/><T93/><D76/><U71/><E71/><V123/><F80/><W62/><G99/><T101/><D70/><U92/><E4/><V135/><F24/><W112/><G112/><T111/><D111/><U94/><E128/><V60/><F129/><W20/><G49/><T18/><D18/><U35/><E35/><V96/><F96/><W2/><G72/><T64/><D93/><U105/><E105/><V95/><F95/><W32/><G32/><T5/><D5/><U119/><E119/><V34/><F34/><W130/><G78/><T104/><D104/><U22/><REACH who="1" step="1"/><E94/><REACH who="1" ten="173,240,407,170" step="2"/><V23/><F135/><W65/><G130/><T68/><D127/><U109/><E109/><V48/><F110/><W113/><G113/><T19/><D125/><U84/><E84/><V122/><F126/><W67/><G2/><T69/><D69/><U77/><E77/><V17/><F122/><W73/><G73/><T91/><D91/><U30/><E30/><V90/><F90/><W26/><G89/><T98/><D19/><U11/><E11/><V9/><F9/><W25/><G86/><T120/><D120/><U85/><E85/><V55/><F123/><W29/><G10/><T6/><D6/><U14/><AGARI ba="0,1" hai="0,3,14,16,22,42,47,50,81,82,83,87,88,92" machi="14" ten="30,7900,0" yaku="1,1,0,1,54,2,53,0" doraHai="124" doraHaiUra="103" who="1" fromWho="1" sc="173,-20,240,89,407,-39,170,-20" /><INIT seed="3,0,0,3,1,132" ten="153,329,368,150" oya="3" hai0="2,26,31,76,93,37,79,14,56,110,59,115,28" hai1="46,73,122,116,114,7,121,36,71,25,119,85,4" hai2="63,35,41,51,91,120,101,10,98,1,17,78,42" hai3="43,108,19,106,0,102,62,11,57,109,9,118,92"/><W113/><G113/><T134/><D2/><U87/><E25/><V30/><F78/><W90/><G118/><N who="1" m="45098" /><E114/><V60/><F120/><N who="1" m="46185" /><E71/><V15/><F1/><W12/><G43/><N who="2" m="16393" /><F35/><W127/><G102/><T70/><D26/><U75/><E46/><V18/><F101/><W53/><G106/><T88/><D70/><U117/><N who="1" m="45106" /><U44/><DORA hai="64" /><E44/><V21/><F30/><W103/><G103/><T125/><D28/><U82/><E82/><V6/><F51/><W48/><G127/><T123/><D31/><U94/><E94/><N who="2" m="56671" /><F6/><N who="1" m="2089" /><E36/><V34/><F34/><W54/><G0/><T99/><D37/><U13/><E13/><AGARI ba="0,0" hai="10,13,15,17,18,21,60,63" m="56671,16393" machi="13" ten="30,1000,0" yaku="8,1" doraHai="132,64" who="2" fromWho="1" sc="153,0,329,-10,368,10,150,0" owari="153,-24.7,319,11.9,378,47.8,150,-35.0" /></mjloggm>