<mjloggm ver="2.3"><GO type="225" lobby="0"/><UN n0="%E6%80%AA%E3%81%97%E3%81%99%E3%81%8E%E3%82%8B%E3%83%81%E3%83%BC" n1="%E3%81%BF%E3%81%BF%E3%81%9A" n2="%E3%81%8B%E3%82%8F%E3%81%A1%E3%82%83%E3%82%93%35%38" n3="%E3%81%95%E3%81%8D%E3%81%9F%E3%81%BE%E6%9E%97%E6%AA%8E" dan="16,17,16,16" rate="2081.66,2218.87,2153.10,2075.73" sx="M,M,M,M"/><TAIKYOKU oya="0"/><INIT seed="0,0,0,5,0,2" ten="250,250,250,250" oya="0" hai0="11,67,7,39,133,112,99,27,31,134,83,85,96" hai1="8,90,105,45,61,78,111,81,64,5,74,103,108" hai2="55,12,71,102,54,23,79,46,114,36,132,18,126" hai3="17,80,125,1,129,73,49,34,115,82,124,59,93"/><T101/><D112/><U117/><E117/><V116/><F114/><W127/><G115/><T38/><D67/><U66/><E90/><V3/><F71/><W37/><G37/><T92/><D99/><N who="1" m="61695" /><E61/><V135/><F116/><W107/><G107/><T98/><D98/><U56/><E56/><V97/><F126/><W28/><G129/><T29/><D29/><U130/><E45/><V106/><F79/><W77/><G80/><T32/><D38/><U122/><E122/><V35/><F35/><W131/><G131/><T89/><REACH who="0" step="1"/><D39/><REACH who="0" ten="240,250,250,250" step="2"/><U91/><E130/><V48/><F36/><W9/><G28/><T68/><D68/><U21/><E64/><V41/><REACH who="2" step="1"/><F3/><AGARI ba="0,1" hai="3,7,11,27,31,32,83,85,89,92,96,101,133,134" machi="3" ten="40,7700,0" yaku="1,1,52,1,53,1" doraHai="2" doraHaiUra="87" who="0" fromWho="2" sc="240,87,250,0,250,-77,250,0" /><INIT seed="0,1,0,0,3,55" ten="327,250,173,250" oya="0" hai0="22,127,118,3,71,46,42,108,34,62,20,94,54" hai1="83,7,81,14,99,67,56,35,13,74,25,43,0" hai2="77,38,58,26,52,135,116,120,88,41,40,78,33" hai3="76,2,93,51,131,63,69,65,39,11,37,8,31"/><T1/><D34/><U80/><E74/><V100/><F120/><W82/><G131/><T4/><D118/><U101/><E43/><V90/><F116/><W10/><G93/><T17/><D127/><U133/><E133/><V124/><F124/><W115/><G115/><T96/><D108/><U16/><E0/><V134/><F100/><W125/><G125/><T27/><D4/><U110/><E110/><V36/><F33/><W132/><G132/><N who="2" m="50729" /><F26/><W18/><G2/><T104/><D104/><U103/><E35/><V50/><F41/><W66/><G31/><T117/><D117/><U32/><E32/><V70/><F70/><W23/><G66/><T73/><D71/><U5/><E25/><V121/><F121/><W102/><G102/><N who="1" m="38922" /><E99/><V111/><F111/><W45/><G82/><N who="1" m="20994" /><U122/><DORA hai="126" /><E122/><V47/><F36/><W87/><G87/><T28/><D96/><U19/><E13/><V113/><F113/><W128/><G76/><AGARI ba="1,0" hai="38,40,47,50,52,58,76,77,78,88,90" m="50729" machi="76" ten="30,7700,0" yaku="20,1,52,1,54,2" doraHai="55,126" who="2" fromWho="3" sc="327,0,250,0,173,80,250,-80" /><INIT seed="1,0,0,1,1,113" ten="327,250,253,170" oya="1" hai0="18,83,61,112,48,97,33,105,125,93,129,126,7" hai1="35,60,118,63,12,89,111,115,15,82,8,80,3" hai2="120,95,90,106,103,45,75,79,34,110,54,130,133" hai3="135,84,17,114,68,107,57,44,28,72,78,27,100"/><U42/><E115/><V37/><F34/><W11/><G114/><T108/><D108/><U131/><E35/><V88/><F54/><W52/><G68/><T16/><D129/><U23/><E118/><V31/><F31/><W30/><G72/><T66/><D105/><U62/><E3/><V123/><F45/><W25/><G135/><T53/><D7/><U124/><E131/><V58/><F58/><W70/><G70/><N who="0" m="42319" /><D83/><U29/><E124/><N who="0" m="47721" /><D33/><U0/><E0/><V55/><F130/><W51/><G107/><T132/><D132/><U9/><E111/><V101/><F110/><W102/><G11/><N who="1" m="4170" /><E42/><V49/><F106/><W2/><G2/><T26/><D26/><N who="3" m="9737" /><G17/><T5/><D5/><U6/><E6/><V46/><F133/><W19/><G19/><T41/><D41/><U64/><E64/><V14/><F75/><W119/><G30/><T128/><D128/><U21/><E29/><V86/><F14/><N who="1" m="5161" /><E89/><V67/><F90/><W71/><G28/><T13/><D13/><U38/><E38/><V116/><F37/><W96/><G78/><T32/><D32/><U73/><E73/><V99/><F67/><W39/><G39/><T134/><D134/><U94/><E94/><N who="2" m="54551" /><F79/><W127/><G127/><T104/><D104/><U24/><E24/><V98/><F116/><W76/><G119/><T122/><D122/><U4/><E4/><V91/><F91/><W36/><G36/><T59/><D112/><U50/><E50/><V87/><F87/><W81/><G84/><T10/><D10/><U74/><E74/><V77/><F77/><W22/><G76/><RYUUKYOKU ba="0,0" sc="327,10,250,10,253,10,170,-30" hai0="16,18,48,53,59,93,97" hai1="21,23,60,62,63,80,82" hai2="46,49,55,95,98,99,101,103,120,123" /><INIT seed="1,1,0,0,1,18" ten="337,260,263,140" oya="1" hai0="89,83,94,74,110,8,65,5,134,107,111,135,29" hai1="93,112,119,39,98,91,9,43,10,126,85,2,59" hai2="44,45,25,70,108,14,66,127,128,82,26,131,48" hai3="63,130,46,56,69,40,88,52,117,129,86,81,132"/><U125/><E112/><V97/><F108/><N who="0" m="41514" /><D107/><U32/><E119/><V102/><F127/><N who="1" m="48649" /><E32/><V33/><F45/><W47/><G132/><N who="0" m="50731" /><D29/><U78/><E2/><V31/><F82/><W7/><G117/><T13/><D65/><U104/><E59/><V120/><F14/><W73/><G73/><T75/><D83/><N who="1" m="47351" /><E104/><N who="2" m="63567" /><F25/><W90/><G90/><T16/><D5/><U22/><E22/><V24/><F24/><W42/><G7/><T123/><D123/><U55/><E55/><N who="2" m="30087" /><F120/><W17/><G17/><T4/><D4/><U68/><E68/><V34/><F34/><W3/><G3/><T62/><D62/><AGARI ba="1,0" hai="26,31,33,62,66,70,128,131" m="30087,63567" machi="62" ten="30,1000,0" yaku="25,1" doraHai="18" who="2" fromWho="0" sc="337,-13,260,0,263,13,140,0" /><INIT seed="2,0,0,4,0,31" ten="324,260,276,140" oya="2" hai0="111,60,77,94,117,8,34,134,54,114,113,105,52" hai1="5,118,71,115,131,6,46,119,28,78,135,122,96" hai2="57,87,3,93,37,50,14,38,67,9,123,68,92" hai3="32,30,129,0,97,110,58,48,128,25,40,44,55"/><V4/><F123/><W45/><G110/><T65/><D34/><U75/><E71/><V108/><F108/><W43/><G0/><T61/><D105/><U81/><E115/><V82/><F68/><W64/><G64/><T120/><D120/><U63/><E122/><V35/><F35/><W85/><G85/><T62/><D77/><U124/><E124/><V66/><F3/><W1/><G1/><T17/><D134/><U16/><E135/><V112/><F112/><W90/><G90/><T126/><D126/><U91/><E131/><V133/><F133/><W98/><G45/><T12/><D117/><U53/><E28/><V76/><F38/><W29/><G29/><T88/><D65/><N who="2" m="24586" /><F37/><W73/><G73/><T72/><D72/><U130/><E130/><N who="3" m="50282" /><G43/><T95/><D95/><N who="1" m="56447" /><E119/><V70/><F70/><W26/><G26/><T33/><D33/><U79/><E79/><V89/><F89/><W51/><AGARI ba="0,0" hai="25,30,32,40,44,48,51,55,58,97,98" m="50282" machi="51" ten="30,2000,0" yaku="19,1,52,1" doraHai="31" who="3" fromWho="3" sc="324,-5,260,-5,276,-10,140,20" /><INIT seed="3,0,0,1,1,123" ten="319,255,266,160" oya="3" hai0="49,50,10,87,68,116,41,6,35,9,105,67,83" hai1="126,92,69,109,46,78,21,81,73,122,90,91,47" hai2="19,29,39,36,101,118,24,52,113,117,57,11,5" hai3="102,74,99,94,75,127,64,27,42,0,66,54,48"/><W22/><G127/><T62/><D105/><U98/><E122/><V106/><F113/><W70/><G0/><T72/><D35/><U8/><E126/><V12/><F39/><W7/><G7/><T114/><D72/><U120/><E120/><V34/><F36/><W26/><G42/><T43/><D116/><U111/><E69/><V135/><F135/><W1/><G1/><T79/><D10/><U38/><E8/><V37/><F37/><W55/><G70/><T18/><D18/><U134/><E134/><V17/><F17/><W97/><G48/><T58/><D114/><U108/><E38/><V100/><F100/><W20/><REACH who="3" step="1"/><G102/><REACH who="3" ten="319,255,266,150" step="2"/><T16/><D6/><U85/><E21/><N who="2" m="11495" /><F101/><W15/><G15/><N who="0" m="7279" /><D68/><U3/><E3/><N who="2" m="447" /><F106/><W51/><G51/><AGARI ba="0,1" hai="41,43,49,50,51,58,62,67,79,83,87" m="7279" machi="51" ten="30,2000,0" yaku="8,1,54,1" doraHai="123" who="0" fromWho="3" sc="319,30,255,0,266,0,150,-20" /><AGARI ba="0,0" hai="24,29,34,51,52,57,117,118" m="447,11495" machi="51" ten="30,2000,0" yaku="24,1,54,1" doraHai="123" who="2" fromWho="3" sc="349,0,255,0,266,20,130,-20" owari="349,44.9,255,-14.5,286,8.6,110,-39.0" /></mjloggm>