<mjloggm ver="2.3"><GO type="225" lobby="0"/><UN n0="%E3%81%95%E3%81%8D%E3%81%9F%E3%81%BE%E6%9E%97%E6%AA%8E" n1="%E7%9A%AE%E3%80%85" n2="%E3%82%A4%E3%82%AD%E3%83%AA" n3="%E3%81%94%E3%83%BC%E3%81%A9%E3%82%93" dan="16,16,16,16" rate="2124.86,2175.83,2058.94,2095.11" sx="M,M,M,M"/><TAIKYOKU oya="0"/><INIT seed="0,0,0,3,3,86" ten="250,250,250,250" oya="0" hai0="37,90,45,1,31,16,44,70,101,27,93,133,81" hai1="121,49,22,129,106,87,7,107,12,41,64,59,128" hai2="53,124,58,25,63,21,11,47,36,127,23,66,76" hai3="51,131,33,46,99,94,74,13,72,100,112,60,55"/><T24/><D70/><U5/><E121/><V85/><F11/><W39/><G112/><T17/><D1/><U113/><E113/><V122/><F122/><W105/><G131/><N who="1" m="50250" /><E64/><V57/><F47/><N who="0" m="17994" /><D37/><U119/><E41/><V96/><F36/><W84/><G33/><T116/><D116/><U109/><E109/><V104/><F96/><W52/><G39/><T32/><D32/><U102/><E119/><V75/><F75/><W19/><G55/><T15/><D133/><U8/><E5/><V43/><F104/><W9/><REACH who="3" step="1"/><G60/><REACH who="3" ten="250,250,250,240" step="2"/><T69/><D69/><U2/><E49/><V29/><F43/><W92/><G92/><T3/><D93/><U73/><E107/><V120/><F120/><W48/><G48/><T71/><D71/><U132/><E106/><V110/><F63/><W103/><G103/><T115/><D101/><U0/><E102/><V126/><F53/><W54/><G54/><T89/><D115/><U30/><E132/><V111/><F111/><W98/><G98/><T42/><D42/><U79/><E59/><V18/><F110/><W130/><G130/><T82/><D82/><N who="1" m="47583" /><E73/><V26/><F66/><W95/><G95/><T77/><D81/><AGARI ba="0,1" hai="18,21,23,25,26,29,57,58,76,81,85,124,126,127" machi="81" ten="40,1300,0" yaku="18,1" doraHai="86" who="2" fromWho="0" sc="250,-13,250,0,250,23,240,0" /><INIT seed="1,0,0,5,0,76" ten="237,250,273,240" oya="1" hai0="69,92,49,67,33,51,57,38,27,90,83,54,37" hai1="56,21,109,14,81,24,20,42,32,58,35,125,134" hai2="88,102,36,80,116,4,103,28,0,60,31,127,110" hai3="115,98,34,70,105,62,108,13,5,97,53,82,50"/><U118/><E118/><V19/><F116/><W75/><G115/><T8/><D69/><U7/><E134/><V61/><F36/><W41/><G34/><T48/><D67/><U17/><E125/><V29/><F110/><W122/><G122/><T18/><D33/><U119/><E119/><V131/><F131/><W45/><G108/><T64/><D64/><U120/><E120/><V123/><F127/><W94/><G105/><T121/><D121/><U12/><E109/><V2/><F123/><W130/><G130/><T66/><D66/><U113/><E113/><V68/><F19/><W26/><G70/><T117/><D117/><U65/><E42/><V95/><F68/><W96/><G26/><T11/><D38/><U89/><E32/><V78/><F4/><W87/><G75/><T22/><D37/><U91/><E35/><V74/><F2/><W6/><G94/><T3/><D3/><U100/><E100/><V23/><F23/><W135/><G13/><T72/><D72/><U126/><E126/><V73/><F0/><W55/><G135/><T84/><REACH who="0" step="1"/><D92/><REACH who="0" ten="227,250,273,240" step="2"/><U1/><E1/><V111/><F74/><W15/><G15/><T106/><D106/><U129/><E129/><V93/><F111/><W114/><G114/><T63/><AGARI ba="0,1" hai="8,11,18,22,27,48,49,51,54,57,63,83,84,90" machi="63" ten="30,7900,0" yaku="1,1,0,1,8,1,52,1,53,0" doraHai="76" doraHaiUra="133" who="0" fromWho="0" sc="227,89,250,-39,273,-20,240,-20" /><INIT seed="2,0,0,2,3,30" ten="316,211,253,220" oya="2" hai0="74,123,110,106,103,132,60,129,63,95,46,12,134" hai1="83,28,56,39,92,48,36,76,93,99,81,101,38" hai2="111,80,89,119,4,114,133,13,90,115,73,100,54" hai3="131,70,51,11,84,0,55,45,121,3,49,127,79"/><V15/><F119/><W98/><G121/><T23/><D74/><U27/><E76/><V65/><F65/><W32/><G70/><T67/><D106/><U126/><E126/><V10/><F133/><W50/><G131/><T97/><D110/><U44/><E56/><V5/><F111/><W7/><G127/><T24/><D123/><U35/><REACH who="1" step="1"/><E93/><REACH who="1" ten="316,201,253,220" step="2"/><V71/><F115/><W2/><G32/><T29/><D129/><U86/><E86/><V77/><F77/><W94/><G79/><T68/><D134/><U78/><E78/><V88/><F114/><W40/><G84/><T57/><D132/><U105/><E105/><V52/><F73/><W87/><G87/><T107/><D107/><U26/><E26/><V53/><F71/><W25/><G25/><T59/><D46/><U31/><E31/><V75/><F75/><W18/><G18/><T72/><D72/><U69/><E69/><V118/><F118/><W62/><G62/><T20/><D63/><U108/><E108/><V47/><F80/><W85/><G85/><T37/><D68/><U135/><E135/><V9/><F100/><W42/><G42/><AGARI ba="0,1" hai="27,28,35,36,38,39,42,44,48,81,83,92,99,101" machi="42" ten="40,5200,0" yaku="1,1,52,1,53,1" doraHai="30" doraHaiUra="91" who="1" fromWho="3" sc="316,0,201,62,253,0,220,-52" /><INIT seed="3,0,0,2,5,73" ten="316,263,253,168" oya="3" hai0="122,111,63,102,18,27,80,129,45,39,130,13,58" hai1="108,51,70,22,91,119,33,117,113,94,121,48,125" hai2="124,87,25,115,29,112,101,41,81,107,6,60,100" hai3="131,55,132,116,56,44,71,50,82,2,9,49,7"/><W37/><G116/><N who="1" m="44618" /><E121/><V21/><F124/><W14/><G132/><T104/><D111/><U79/><E33/><V88/><F41/><W126/><G126/><T59/><D122/><U98/><E113/><V57/><F6/><W66/><G131/><T68/><D68/><U120/><E120/><V19/><F107/><W5/><G37/><T16/><D27/><U69/><E125/><V30/><F115/><W84/><G71/><N who="1" m="27146" /><E108/><V61/><F61/><W38/><G38/><T95/><D39/><U96/><E79/><V134/><F134/><W52/><G66/><T76/><D63/><U103/><E22/><V3/><F3/><W86/><REACH who="3" step="1"/><G82/><REACH who="3" ten="316,263,253,158" step="2"/><T36/><D80/><U28/><E28/><N who="2" m="10859" /><F112/><W97/><G97/><T65/><D36/><U46/><E46/><V90/><F90/><W53/><G53/><AGARI ba="0,1" hai="19,21,25,53,57,60,81,87,88,100,101" m="10859" machi="53" ten="30,2000,0" yaku="8,1,54,1" doraHai="73" who="2" fromWho="3" sc="316,0,263,0,253,30,158,-20" owari="316,41.6,263,-13.7,283,8.3,138,-36.2" /></mjloggm>