<mjloggm ver="2.3"><GO type="225" lobby="0"/><UN n0="%6C%65%74%69%74%62%65" n1="%4B%2E%32%2E%4B%2E" n2="%E6%81%A5%E6%99%92%E3%81%97" n3="%E5%84%AA%40%41%42%43" dan="16,17,17,17" rate="2114.99,2200.07,2117.52,2143.10" sx="M,M,M,M"/><TAIKYOKU oya="0"/><INIT seed="0,0,0,4,5,16" ten="250,250,250,250" oya="0" hai0="58,90,119,118,54,89,64,117,130,71,113,134,123" hai1="28,12,87,26,47,43,132,70,32,30,86,77,60" hai2="105,35,85,131,104,25,2,14,92,0,27,36,103" hai3="23,100,94,82,39,101,109,96,127,97,128,10,74"/><T15/><D123/><U83/><E132/><V7/><F36/><W24/><G39/><T62/><D113/><U93/><E12/><V3/><F131/><W19/><G128/><T133/><D130/><U42/><E30/><V107/><F35/><W76/><G109/><T9/><D71/><U79/><E47/><V31/><F31/><W129/><G129/><T50/><D64/><U20/><E32/><V125/><F125/><W33/><G33/><T57/><D57/><U66/><REACH who="1" step="1"/><E93/><REACH who="1" ten="250,240,250,250" step="2"/><V67/><F14/><W121/><G121/><T72/><D118/><U22/><E22/><V4/><F92/><W55/><G127/><T112/><D117/><U59/><E59/><V102/><F3/><W91/><G10/><T6/><D119/><U106/><E106/><V126/><F107/><W11/><G11/><T114/><D15/><U68/><E68/><V69/><F69/><W51/><G97/><T13/><D133/><U40/><E40/><V78/><F126/><W95/><G94/><T99/><D134/><U115/><E115/><V48/><F104/><W52/><G55/><N who="0" m="34143" /><D99/><U37/><E37/><V17/><F105/><W34/><G34/><T53/><D112/><U73/><E73/><V84/><F0/><W111/><G111/><T81/><D114/><U56/><E56/><AGARI ba="0,1" hai="19,23,24,51,52,56,74,76,82,91,95,96,100,101" machi="56" ten="30,3900,0" yaku="7,1,52,1,54,1" doraHai="16" who="3" fromWho="1" sc="250,0,240,-39,250,0,250,49" /><INIT seed="1,0,0,1,4,34" ten="250,201,250,299" oya="1" hai0="22,94,66,47,116,86,108,52,82,0,78,111,123" hai1="16,15,61,12,32,27,122,100,4,101,24,5,73" hai2="40,91,133,17,135,126,7,102,9,56,114,83,3" hai3="112,30,107,63,42,1,95,69,36,49,134,54,127"/><U45/><E122/><V28/><F126/><W60/><G107/><T50/><D116/><U93/><E73/><V115/><F102/><N who="1" m="39529" /><E32/><V79/><F28/><W19/><G30/><T29/><D123/><U132/><E132/><N who="2" m="50763" /><F91/><W81/><G95/><T57/><D94/><U76/><E76/><V80/><F17/><W33/><G19/><T130/><D130/><U6/><E61/><V31/><F31/><W85/><G33/><T99/><D99/><U46/><E93/><V98/><F56/><N who="3" m="32847" /><G60/><T77/><D77/><U131/><E131/><V8/><F8/><W71/><G1/><T53/><D0/><U96/><E96/><V35/><F35/><W119/><G71/><T121/><D121/><U105/><E105/><V88/><F40/><W113/><G127/><T118/><D118/><U51/><E51/><V65/><F65/><N who="3" m="41151" /><G119/><T124/><D66/><U14/><E16/><V21/><F21/><W87/><G134/><T104/><D104/><U62/><E62/><V25/><F25/><AGARI ba="0,0" hai="4,5,6,12,14,15,24,25,27,45,46" m="39529" machi="25" ten="40,7700,0" yaku="28,2,8,1" doraHai="34" who="1" fromWho="2" sc="250,0,201,77,250,-77,299,0" /><INIT seed="1,1,0,1,4,55" ten="250,278,173,299" oya="1" hai0="17,10,11,48,16,21,108,78,41,40,135,45,72" hai1="23,62,6,105,61,102,88,14,90,114,64,81,124" hai2="83,69,60,3,119,100,74,131,71,70,110,129,58" hai3="94,15,20,123,36,42,111,52,82,104,26,99,85"/><U50/><E114/><V126/><F119/><W30/><G123/><T116/><D116/><U76/><E124/><V128/><F3/><W117/><G117/><T89/><D108/><U49/><E105/><V7/><F7/><W120/><G120/><T86/><D135/><U109/><E102/><V106/><F110/><W103/><G111/><T133/><D133/><U27/><E109/><V125/><F100/><W57/><G36/><T37/><D72/><U1/><E1/><V43/><F106/><W24/><G42/><T34/><D34/><U12/><E50/><V130/><N who="2" m="32768" /><DORA hai="22" /><V127/><F43/><W59/><G104/><T4/><D78/><U44/><E6/><V46/><F46/><W77/><G15/><N who="1" m="5674" /><E76/><N who="2" m="44439" /><F71/><W18/><G52/><AGARI ba="1,0" hai="52,58,60,69,70,125,126,127" m="44439,32768" machi="52" ten="60,8000,1" yaku="18,1,19,1,52,1,54,1" doraHai="55,22" who="2" fromWho="3" sc="250,0,278,0,173,83,299,-83" /><INIT seed="2,0,0,2,2,66" ten="250,278,256,216" oya="2" hai0="99,28,53,123,13,61,76,90,104,52,45,59,42" hai1="37,50,73,119,131,60,94,1,32,132,14,72,81" hai2="93,22,34,44,126,117,27,114,107,74,15,41,54" hai3="124,36,38,78,98,0,102,97,70,65,83,85,58"/><V111/><F114/><W40/><G124/><T68/><D123/><U130/><E1/><V129/><F117/><W125/><G125/><T100/><D76/><U46/><E37/><V57/><F126/><W18/><G0/><T89/><D28/><U75/><E32/><V108/><F107/><W71/><G97/><T43/><D68/><U120/><E119/><V10/><F74/><W48/><G18/><T80/><D13/><U11/><E120/><V84/><F129/><N who="1" m="49161" /><E132/><V105/><F105/><W7/><G7/><T127/><D127/><U121/><E121/><V56/><F34/><W110/><G110/><T26/><D26/><U67/><E94/><V20/><F54/><W64/><G64/><T122/><D122/><U51/><E81/><V5/><F93/><W3/><G3/><T134/><D134/><U106/><E46/><V77/><F108/><W82/><G82/><T12/><D12/><U69/><E106/><V49/><F111/><W62/><G36/><T109/><D109/><U91/><E91/><V35/><F35/><W16/><G38/><T2/><D2/><U55/><E55/><V23/><F27/><W30/><G30/><T33/><D33/><U6/><AGARI ba="0,0" hai="6,11,14,50,51,60,67,69,72,73,75" m="49161" machi="6" ten="40,2700,0" yaku="19,1,52,1" doraHai="66" who="1" fromWho="1" sc="250,-7,278,27,256,-13,216,-7" /><INIT seed="3,0,0,5,4,103" ten="243,305,243,209" oya="3" hai0="54,52,60,29,89,125,76,101,1,112,40,70,106" hai1="94,65,110,62,23,19,18,124,132,50,9,45,24" hai2="87,102,115,39,131,75,37,28,127,84,78,83,27" hai3="16,105,130,72,121,134,49,8,3,81,74,100,2"/><W66/><G121/><T42/><D1/><U82/><E110/><V98/><F115/><W97/><G130/><T4/><D4/><U68/><E124/><V33/><F131/><W128/><G128/><T26/><D76/><U63/><E132/><V44/><F127/><W118/><G118/><T96/><D89/><U38/><E38/><V6/><F6/><W79/><G134/><T104/><D104/><U7/><E94/><V95/><F44/><W67/><G72/><T114/><D125/><U111/><E111/><V17/><F17/><W5/><G2/><T57/><D54/><U80/><E62/><V107/><F87/><W71/><G71/><T116/><D70/><U35/><E35/><V10/><F10/><W21/><REACH who="3" step="1"/><G49/><REACH who="3" ten="243,305,243,199" step="2"/><T119/><D116/><U55/><E68/><V133/><F133/><W120/><G120/><T92/><D119/><U129/><E129/><V91/><AGARI ba="0,1" hai="27,28,33,37,39,75,78,83,84,91,95,98,102,107" machi="91" ten="30,7900,0" yaku="0,1,24,2,52,1" doraHai="103" who="2" fromWho="2" sc="243,-20,305,-20,243,89,199,-39" owari="223,-17.7,285,8.5,332,43.2,160,-34.0" /></mjloggm>