<mjloggm ver="2.3"><GO type="225" lobby="0"/><UN n0="%E9%A6%AC%E5%BC%95%E7%81%AB%33" n1="%72%65%6E%6B%75%6E" n2="%E3%83%96%E3%83%83%E3%83%91%E3%82%AA%E3%83%96%E3%83%81%E3%82%AD%E3%83%B3" n3="%6B%75%72%69%73%75" dan="16,17,17,16" rate="2090.07,2167.30,2216.10,2165.34" sx="M,M,M,M"/><TAIKYOKU oya="0"/><INIT seed="0,0,0,3,4,109" ten="250,250,250,250" oya="0" hai0="64,45,57,120,117,121,126,29,133,96,105,98,13" hai1="25,7,53,52,40,97,6,11,59,23,18,88,69" hai2="19,16,54,71,39,72,118,56,93,77,9,108,111" hai3="76,8,114,37,89,91,92,106,0,75,30,28,35"/><T41/><D117/><U58/><E69/><V124/><F118/><W15/><G106/><T104/><D126/><U67/><E40/><V55/><F124/><W78/><G0/><T21/><D133/><U48/><E67/><V65/><F39/><W68/><G37/><T34/><D34/><U125/><E11/><V10/><F71/><W113/><G68/><T3/><D3/><U5/><E125/><V42/><F42/><W130/><G130/><T128/><D128/><U123/><E123/><V36/><F36/><W102/><G102/><T60/><D105/><U43/><E43/><V119/><F119/><W63/><G63/><T26/><D13/><U84/><E97/><V101/><F72/><W1/><G1/><T38/><REACH who="0" step="1"/><D104/><REACH who="0" ten="240,250,250,250" step="2"/><U85/><REACH who="1" step="1"/><E88/><REACH who="1" ten="240,240,250,250" step="2"/><V86/><F108/><W135/><G89/><T73/><D73/><U129/><E129/><V122/><F111/><W100/><G135/><T14/><D14/><U24/><E24/><V22/><F122/><AGARI ba="0,2" hai="21,26,29,38,41,45,57,60,64,96,98,120,121,122" machi="122" ten="40,7700,0" yaku="1,1,53,2" doraHai="109" doraHaiUra="94" who="0" fromWho="2" sc="240,97,240,0,250,-77,250,0" /><INIT seed="0,1,0,3,5,120" ten="337,240,173,250" oya="0" hai0="73,6,121,57,65,95,98,128,126,47,71,96,124" hai1="80,72,59,68,108,22,112,5,103,30,94,8,100" hai2="85,52,51,53,135,19,48,15,23,74,90,18,41" hai3="12,44,69,125,66,133,99,129,56,13,43,9,14"/><T127/><D121/><U117/><E68/><V11/><F135/><W31/><G69/><T27/><D71/><U123/><E123/><V26/><F74/><W131/><G133/><T62/><D128/><N who="3" m="49225" /><G31/><T113/><D113/><U132/><E117/><V105/><F105/><W21/><G125/><T114/><D114/><U87/><E72/><V70/><F70/><W37/><G21/><T42/><D73/><U1/><E132/><V110/><F110/><W78/><G78/><T35/><D6/><U55/><E108/><V83/><REACH who="2" step="1"/><F51/><REACH who="2" ten="337,240,163,250" step="2"/><W63/><G99/><T50/><D98/><U102/><E112/><V24/><F24/><W89/><G89/><N who="0" m="55407" /><D27/><U130/><E130/><V109/><F109/><W64/><G64/><T134/><D134/><U115/><E115/><V67/><F67/><W88/><G88/><T20/><D65/><U77/><E102/><V40/><F40/><W34/><G34/><T119/><D42/><U93/><E103/><V101/><F101/><W29/><G29/><T17/><D35/><U75/><E100/><V36/><F36/><W86/><G86/><T58/><D127/><U92/><E75/><V25/><F25/><W33/><G33/><T0/><D126/><U104/><E104/><V122/><F122/><W61/><G61/><T79/><D62/><N who="1" m="36223" /><E30/><V107/><F107/><W118/><G118/><T3/><D119/><U60/><E60/><V39/><F39/><W45/><G45/><AGARI ba="1,1" hai="11,15,18,19,23,26,41,45,48,52,53,83,85,90" machi="45" ten="40,5200,0" yaku="1,1,8,1,54,1,53,0" doraHai="120" doraHaiUra="54" who="2" fromWho="3" sc="337,0,240,0,163,65,250,-55" /><INIT seed="1,0,0,5,1,22" ten="337,240,228,195" oya="1" hai0="128,134,113,83,105,122,43,7,57,3,48,28,65" hai1="115,96,72,26,93,94,116,1,84,125,95,5,92" hai2="79,60,67,6,133,130,39,88,53,2,77,69,14" hai3="11,114,98,62,81,118,46,74,59,110,58,47,107"/><U4/><E115/><V100/><F39/><W80/><G114/><T123/><D113/><U91/><E116/><V19/><F130/><W64/><G74/><T20/><D128/><U131/><E72/><V75/><F133/><W90/><G118/><T32/><D134/><U29/><E131/><V126/><F126/><W18/><G110/><T63/><D105/><U13/><E1/><V36/><F100/><W135/><G135/><T8/><D32/><U85/><E125/><V50/><F36/><W55/><G107/><T61/><D61/><U89/><E13/><V82/><F2/><W0/><G0/><T86/><D43/><U129/><E129/><V68/><F6/><W49/><G81/><T42/><D42/><U112/><E112/><V10/><F69/><W102/><G102/><T44/><D48/><U103/><REACH who="1" step="1"/><E94/><REACH who="1" ten="337,230,228,195" step="2"/><V132/><F132/><W70/><G70/><T51/><D3/><U21/><AGARI ba="0,1" hai="4,5,21,26,29,84,85,89,91,92,93,95,96,103" machi="21" ten="20,18000,2" yaku="1,1,2,1,0,1,7,1,9,1,8,1,52,1,53,0" doraHai="22" doraHaiUra="111" who="1" fromWho="1" sc="337,-60,230,190,228,-60,195,-60" /><INIT seed="1,1,0,2,4,117" ten="277,420,168,135" oya="1" hai0="9,97,63,48,60,75,32,85,91,27,71,5,40" hai1="82,112,106,6,30,96,123,28,81,0,19,125,95" hai2="110,15,93,111,41,58,46,45,59,11,124,8,108" hai3="50,20,38,10,92,62,2,122,105,56,98,14,36"/><U66/><E123/><V83/><F124/><W79/><G105/><T52/><D75/><U70/><E112/><V129/><F129/><W121/><G79/><T67/><D40/><U55/><E106/><V89/><F83/><W31/><G50/><T109/><D109/><U94/><E55/><V24/><F24/><N who="3" m="16775" /><G2/><T23/><D63/><U128/><E19/><V135/><F135/><W118/><G118/><T13/><D32/><U4/><E96/><V69/><F69/><W53/><G38/><T113/><D97/><U29/><E125/><V74/><F74/><W65/><G53/><T102/><D102/><U47/><E66/><V44/><F41/><W90/><G90/><T132/><D132/><U116/><E0/><V51/><F51/><W22/><G22/><T33/><D33/><U21/><E21/><V114/><F114/><W25/><G25/><T73/><D73/><U130/><E29/><V115/><F115/><W119/><G36/><T127/><D127/><U57/><E70/><V131/><F131/><W84/><G84/><T16/><D113/><U61/><E61/><V80/><F11/><W76/><G76/><T1/><D1/><U100/><E100/><V34/><F34/><W26/><G26/><T126/><D126/><U133/><E133/><V18/><REACH who="2" step="1"/><F80/><REACH who="2" ten="277,420,158,135" step="2"/><W86/><G119/><T37/><D37/><U3/><E116/><V72/><F72/><W17/><G86/><AGARI ba="1,1" hai="8,15,18,44,45,46,58,59,86,89,93,108,110,111" machi="86" ten="50,6400,0" yaku="1,1,14,1,53,1" doraHai="117" doraHaiUra="88" who="2" fromWho="3" sc="277,0,420,0,158,77,135,-67" /><INIT seed="2,0,0,0,1,2" ten="277,420,235,68" oya="2" hai0="28,34,20,50,129,58,61,8,26,105,9,36,5" hai1="51,1,18,66,79,113,94,125,89,35,21,111,119" hai2="63,71,14,3,29,68,44,124,132,41,10,115,24" hai3="130,127,108,60,43,123,131,54,27,109,72,16,128"/><V4/><F115/><W120/><G72/><T37/><D105/><U114/><E35/><V73/><F124/><W133/><G43/><T59/><D129/><U90/><E1/><V69/><F132/><W96/><G96/><T112/><D112/><U102/><E119/><V76/><F14/><W100/><G100/><T95/><D34/><U117/><E117/><V103/><F103/><W78/><G78/><T99/><D50/><U83/><E125/><V134/><F134/><W19/><G127/><T104/><D104/><U116/><E66/><V122/><F122/><N who="3" m="46635" /><G133/><T40/><D40/><U22/><E22/><V31/><F63/><W46/><G27/><T81/><D81/><U126/><E111/><N who="3" m="42570" /><G60/><T106/><D106/><U77/><E102/><V17/><F24/><W11/><G11/><T53/><D9/><U0/><E126/><V47/><F41/><W57/><G57/><T80/><D59/><U121/><E121/><V110/><F110/><W55/><G46/><T118/><D118/><U65/><E79/><V62/><F62/><W92/><G92/><T25/><D80/><U91/><E77/><V107/><F107/><W23/><G23/><T48/><D61/><U38/><E90/><V87/><F73/><W13/><G13/><N who="0" m="5263" /><D25/><U85/><E116/><V52/><F76/><W33/><G33/><T101/><D36/><U64/><E38/><V30/><F47/><W70/><G70/><T49/><D37/><U45/><E0/><V86/><F44/><W32/><G32/><T42/><D42/><N who="1" m="25015" /><E114/><V74/><F74/><W6/><G6/><T75/><D75/><RYUUKYOKU ba="0,0" sc="277,15,420,-15,235,-15,68,15" hai0="20,26,28,48,49,53,58,95,99,101" hai3="16,19,54,55,128,130,131" /><INIT seed="3,1,0,2,4,77" ten="292,405,220,83" oya="3" hai0="38,32,114,31,72,84,27,88,68,134,80,48,135" hai1="110,15,47,29,117,98,83,28,58,22,86,93,12" hai2="64,36,130,24,10,129,127,4,118,60,131,26,81" hai3="52,108,50,122,23,14,39,100,2,79,0,132,17"/><W70/><G122/><T112/><D38/><U103/><E110/><V87/><F118/><W37/><G70/><T75/><D68/><U35/><E35/><V67/><F127/><W90/><G100/><T6/><D6/><U105/><E105/><V25/><F36/><W21/><G79/><T125/><D125/><U97/><E117/><V85/><F60/><W126/><G126/><T111/><D111/><U42/><E97/><V104/><F104/><W53/><G108/><T78/><D48/><N who="1" m="26743" /><E58/><V69/><F69/><W74/><G74/><T73/><REACH who="0" step="1"/><D78/><REACH who="0" ten="282,405,220,83" step="2"/><N who="1" m="46455" /><E28/><V119/><F119/><W30/><G132/><AGARI ba="1,1" hai="27,31,32,72,73,75,80,84,88,112,114,132,134,135" machi="132" ten="50,8000,1" yaku="1,1,20,1,52,1,54,1,53,0" doraHai="77" doraHaiUra="8" who="0" fromWho="3" sc="282,93,405,0,220,0,83,-83" owari="375,17.5,405,50.5,220,-18.0,0,-50.0" /></mjloggm>