<mjloggm ver="2.3"><GO type="225" lobby="0"/><UN n0="%E7%B4%94%E6%BD%94%E3%83%94%E3%83%A9%E3%83%8B%E3%82%A2" n1="%E3%81%AF%E3%82%88%E3%81%8A%E3%81%98%E3%81%95%E3%82%93" n2="%E3%83%A9%E3%82%B9%E7%8E%87%EF%BC%93%E5%89%B2" n3="%63%68%78%66%66" dan="16,17,17,16" rate="2170.57,2199.61,2213.15,2079.09" sx="M,M,F,M"/><TAIKYOKU oya="0"/><INIT seed="0,0,0,5,1,17" ten="250,250,250,250" oya="0" hai0="131,101,29,91,39,105,130,109,64,85,11,52,83" hai1="106,115,23,77,8,80,21,7,134,103,34,98,2" hai2="119,42,43,75,81,48,128,97,19,94,25,57,49" hai3="20,35,44,96,99,66,28,0,86,92,61,54,121"/><T71/><D39/><U127/><E34/><V27/><F128/><N who="0" m="49194" /><D64/><U84/><E127/><V3/><F3/><W100/><G0/><T63/><D71/><U135/><REACH who="1" step="1"/><E115/><REACH who="1" ten="250,240,250,250" step="2"/><V37/><F119/><W60/><G35/><T14/><D109/><U129/><E129/><V55/><F37/><W46/><G121/><T38/><D38/><U1/><E1/><V87/><F75/><W16/><G28/><T89/><D29/><U120/><E120/><V18/><F43/><W125/><G125/><T56/><D105/><U32/><E32/><V116/><F42/><W51/><G86/><T4/><D101/><U9/><E9/><V30/><F116/><W68/><G99/><T114/><D114/><U22/><AGARI ba="0,1" hai="2,7,8,21,22,23,77,80,84,98,103,106,134,135" machi="22" ten="30,8000,1" yaku="1,1,0,1,52,3,53,0" doraHai="17" doraHaiUra="24" who="1" fromWho="1" sc="250,-40,240,90,250,-20,250,-20" /><INIT seed="1,0,0,2,2,119" ten="210,330,230,230" oya="1" hai0="122,110,74,54,114,67,115,132,1,32,52,111,83" hai1="34,133,18,121,41,126,7,62,120,35,109,9,26" hai2="6,104,73,84,116,99,53,37,60,13,5,86,70" hai3="125,78,94,25,69,134,127,4,27,49,8,65,76"/><U92/><E62/><V135/><F73/><W42/><G69/><T129/><D1/><U28/><E41/><V43/><F135/><W39/><G65/><T24/><D132/><U90/><E133/><V130/><F130/><W97/><G39/><T20/><D32/><N who="1" m="20503" /><E90/><V14/><F116/><W113/><G113/><T96/><D96/><U51/><E51/><V107/><F99/><W0/><G27/><T100/><D100/><U10/><E92/><V61/><F70/><W3/><G25/><T103/><D103/><U56/><E56/><V22/><F53/><N who="0" m="20586" /><D67/><U117/><E117/><V102/><F102/><N who="3" m="60727" /><G0/><T128/><D83/><U31/><E31/><V58/><F58/><W50/><G50/><T124/><D122/><N who="1" m="47211" /><E126/><N who="3" m="48138" /><G134/><T101/><D124/><U46/><E46/><AGARI ba="0,0" hai="3,4,8,42,46,49,76,78" m="48138,60727" machi="46" ten="30,1000,0" yaku="18,1" doraHai="119" who="3" fromWho="1" sc="210,0,330,-10,230,0,230,10" /><INIT seed="2,0,0,3,2,113" ten="210,320,230,240" oya="2" hai0="132,93,33,109,129,81,60,71,4,17,126,37,135" hai1="9,46,48,100,21,19,0,103,83,35,16,74,23" hai2="31,22,115,101,57,116,55,27,107,61,131,45,73" hai3="5,34,24,39,72,82,117,87,79,65,2,25,98"/><V54/><F115/><W63/><G87/><T90/><D37/><U118/><E118/><V59/><F73/><W47/><G98/><T114/><D114/><U88/><E35/><V51/><F131/><W13/><G13/><T36/><D36/><U124/><E124/><V122/><F122/><W134/><G134/><N who="0" m="51243" /><D33/><U38/><E38/><V111/><F111/><W15/><G15/><T56/><D109/><U110/><E110/><V91/><F116/><W26/><G117/><T95/><D71/><U99/><E74/><V42/><F107/><W18/><G18/><N who="1" m="6698" /><E0/><V44/><F101/><N who="1" m="38985" /><E9/><V52/><F91/><W67/><G34/><T125/><D17/><U92/><E83/><V128/><F128/><W108/><G63/><T84/><D4/><U94/><E92/><N who="0" m="35401" /><D129/><U102/><N who="1" m="38993" /><U120/><DORA hai="62" /><E120/><V8/><F8/><N who="3" m="2103" /><G108/><T80/><D81/><U64/><E64/><AGARI ba="0,0" hai="56,60,64,80,84,90,125,126" m="35401,51243" machi="64" ten="30,2000,0" yaku="20,1,52,1" doraHai="113,62" who="0" fromWho="1" sc="210,20,320,-20,230,0,240,0" /><INIT seed="3,0,0,0,2,22" ten="230,300,230,240" oya="3" hai0="21,112,59,124,47,71,23,1,83,33,60,125,14" hai1="119,10,72,104,87,102,45,94,35,58,7,11,65" hai2="108,91,128,114,30,25,62,100,27,15,36,86,107" hai3="8,117,77,0,19,113,127,51,89,43,135,98,92"/><W2/><G113/><T133/><D112/><U24/><E72/><V79/><F114/><W50/><G117/><T3/><D33/><U63/><E119/><V44/><F108/><W129/><G129/><T109/><D71/><U38/><E104/><V97/><F128/><W93/><G135/><T37/><D109/><U48/><E38/><V96/><F30/><W70/><G70/><T16/><D23/><U99/><E87/><V49/><F36/><W78/><G0/><T68/><D68/><U90/><E90/><V34/><F34/><W95/><G2/><T12/><D12/><U61/><E63/><V110/><F110/><W111/><G127/><N who="0" m="48715" /><D83/><U53/><E7/><V118/><F118/><W5/><G5/><T46/><D46/><U115/><E115/><V18/><F62/><W106/><G106/><T116/><D133/><U103/><E102/><V32/><F79/><N who="3" m="30219" /><G111/><T122/><D122/><U56/><E45/><V42/><F32/><W132/><G43/><N who="0" m="23023" /><D116/><U41/><E41/><V81/><REACH who="2" step="1"/><F97/><REACH who="2" ten="230,300,220,240" step="2"/><W82/><G132/><T134/><D134/><U67/><E35/><V9/><AGARI ba="0,1" hai="9,15,18,25,27,42,44,49,81,86,91,96,100,107" machi="9" ten="20,12000,2" yaku="1,1,2,1,0,1,7,1,52,2,53,0" doraHai="22" doraHaiUra="57" who="2" fromWho="2" sc="230,-30,300,-30,220,130,240,-60" owari="200,-20.0,270,7.0,350,45.0,180,-32.0" /></mjloggm>