<mjloggm ver="2.3"><GO type="225" lobby="0"/><UN n0="%E3%82%BC%E3%83%AB%E3%83%80%E3%81%AE%E4%BC%9D%E8%AA%AC" n1="%E3%81%95%E3%81%8D%E3%81%9F%E3%81%BE%E6%9E%97%E6%AA%8E" n2="%E3%82%86%E3%81%86%E3%82%8C%E3%81%84%E3%81%84%E3%81%8B" n3="%E5%8F%AF%E5%85%90%E9%82%A3%E7%94%B1%E5%A4%9A" dan="17,16,18,16" rate="2125.11,2081.20,2267.84,2089.00" sx="M,M,M,F"/><TAIKYOKU oya="0"/><INIT seed="0,0,0,2,3,24" ten="250,250,250,250" oya="0" hai0="30,58,14,133,17,117,3,124,41,84,36,15,45" hai1="6,108,52,104,65,85,95,113,107,118,110,39,37" hai2="4,101,80,61,44,132,122,75,48,116,11,10,135" hai3="97,98,127,119,19,38,78,114,102,55,46,23,76"/><T8/><D117/><U106/><E118/><V60/><F122/><W72/><G119/><T74/><D124/><U126/><E126/><V123/><F101/><W99/><G127/><T69/><D69/><U22/><E65/><V34/><F34/><W53/><G114/><T105/><D133/><N who="2" m="51274" /><F123/><W128/><G128/><T77/><D105/><U5/><E113/><V109/><F109/><N who="1" m="42089" /><E22/><V79/><F116/><W12/><G102/><T86/><D58/><U1/><E1/><N who="2" m="271" /><F11/><W42/><REACH who="3" step="1"/><G72/><REACH who="3" ten="250,250,250,240" step="2"/><T87/><D74/><U59/><E6/><V63/><F63/><W131/><G131/><T83/><D3/><U56/><E5/><V70/><F70/><W90/><G90/><T81/><D77/><AGARI ba="0,1" hai="12,19,23,38,42,46,53,55,76,77,78,97,98,99" machi="77" ten="40,1300,0" yaku="1,1,53,0" doraHai="24" doraHaiUra="62" who="3" fromWho="0" sc="250,-13,250,0,250,0,240,23" /><INIT seed="1,0,0,4,3,67" ten="237,250,250,263" oya="1" hai0="105,46,90,78,104,120,111,0,9,82,55,14,79" hai1="80,121,65,112,3,109,64,37,85,63,102,123,108" hai2="24,32,74,57,70,53,20,98,99,116,92,4,28" hai3="61,17,42,23,10,115,56,89,131,8,77,29,93"/><U113/><E3/><V103/><F116/><W41/><G131/><T81/><D0/><U88/><E37/><V135/><F135/><W16/><G77/><T5/><D111/><N who="1" m="42571" /><E102/><V106/><F74/><W127/><G127/><T72/><D120/><N who="1" m="46155" /><E65/><V95/><F4/><W117/><G29/><T44/><D90/><U36/><E36/><V48/><F70/><AGARI ba="0,0" hai="63,64,70,80,85,88,112,113" m="46155,42571" machi="70" ten="30,11600,0" yaku="14,1,10,1,52,1,54,1" doraHai="67" who="1" fromWho="2" sc="237,0,250,116,250,-116,263,0" /><INIT seed="1,1,0,5,3,35" ten="237,366,134,263" oya="1" hai0="48,58,126,115,5,114,130,128,54,131,121,110,6" hai1="67,109,103,97,101,53,2,92,71,99,116,15,89" hai2="87,24,96,90,129,60,79,4,21,106,105,104,107" hai3="83,1,111,51,132,41,8,91,108,69,23,78,117"/><U50/><E116/><V62/><F129/><W86/><G69/><T40/><D6/><U73/><E73/><V19/><N who="2" m="26624" /><DORA hai="94" /><V47/><F79/><W34/><G34/><T118/><D5/><U44/><E2/><V10/><F47/><W95/><G117/><T22/><D118/><U29/><E29/><V74/><F74/><W70/><G70/><T32/><D32/><U3/><E3/><V75/><F75/><W119/><G119/><T72/><D72/><U88/><E109/><N who="3" m="42058" /><G132/><T68/><D110/><U113/><E113/><N who="0" m="43017" /><D22/><U42/><E42/><V66/><F66/><W134/><G134/><T135/><D135/><U98/><E71/><V112/><F112/><W33/><G33/><T12/><D12/><U26/><E26/><V27/><F27/><W65/><G65/><T93/><D68/><U64/><E64/><V18/><F18/><W9/><G23/><T122/><D126/><U57/><E67/><V25/><F25/><W16/><G16/><T52/><D40/><U125/><E125/><V28/><F28/><W63/><G1/><T124/><D124/><U55/><E15/><V61/><F87/><N who="3" m="48631" /><G63/><N who="0" m="36295" /><D93/><N who="1" m="56487" /><E99/><V38/><F38/><W37/><G37/><T49/><D49/><AGARI ba="1,0" hai="44,49,50,53,55,57,89,92,98,101,103" m="56487" machi="49" ten="30,11600,0" yaku="8,1,52,2,54,1" doraHai="35,94" who="1" fromWho="0" sc="237,-119,366,119,134,0,263,0" /><INIT seed="1,2,0,0,4,2" ten="118,485,134,263" oya="1" hai0="38,77,111,116,98,114,73,7,106,19,52,117,86" hai1="89,12,129,65,60,72,22,29,104,64,53,88,120" hai2="81,5,134,85,26,31,132,99,46,21,93,83,118" hai3="131,3,126,124,58,16,66,41,95,105,74,84,78"/><U67/><E120/><V1/><F118/><W27/><G105/><T10/><D114/><U49/><E72/><V36/><F36/><W110/><G3/><T32/><D32/><U63/><E104/><V42/><F42/><W92/><G110/><T55/><D111/><U20/><E129/><V25/><F46/><W79/><G74/><T33/><D33/><U15/><E29/><V130/><F26/><W82/><G131/><T70/><D19/><U57/><E22/><V35/><F21/><N who="3" m="13735" /><G41/><T122/><D70/><U6/><E20/><V112/><F112/><W127/><G79/><T107/><D122/><U108/><E108/><V30/><F30/><W0/><G0/><T13/><D38/><U37/><E37/><V121/><F121/><W14/><G14/><T9/><D73/><U100/><E15/><V125/><F125/><W103/><G103/><T113/><D113/><U50/><E100/><V45/><F45/><W80/><G80/><N who="0" m="47375" /><D10/><N who="1" m="4183" /><E50/><V94/><F130/><W56/><G56/><T11/><D11/><U109/><E109/><V47/><F47/><W44/><G44/><T40/><D40/><U71/><E71/><V90/><F132/><W101/><G101/><N who="0" m="62775" /><D107/><U18/><E18/><V75/><F134/><W8/><G8/><T87/><D116/><U91/><AGARI ba="2,0" hai="49,53,57,60,63,64,65,67,88,89,91" m="4183" machi="91" ten="30,6000,0" yaku="8,1,52,1,54,1" doraHai="2" who="1" fromWho="1" sc="118,-22,485,66,134,-22,263,-22" /><INIT seed="1,3,0,3,4,53" ten="96,551,112,241" oya="1" hai0="107,92,134,6,128,70,7,78,24,11,87,81,117" hai1="19,114,98,57,129,40,59,73,104,36,74,116,133" hai2="94,135,67,20,22,45,122,109,39,95,115,18,9" hai3="127,82,77,34,12,69,132,47,106,28,37,27,89"/><U15/><E114/><V3/><F122/><W96/><G132/><T121/><D117/><U65/><E116/><V51/><F39/><W108/><G108/><T101/><D70/><U61/><E36/><V111/><F135/><W49/><G127/><T125/><D134/><U86/><E133/><V100/><F67/><W23/><G69/><T68/><D68/><U33/><E33/><V90/><F100/><W55/><G37/><T131/><D125/><U99/><E104/><V76/><F76/><W126/><G126/><T29/><D107/><U8/><E73/><V85/><F95/><W43/><G43/><T71/><D71/><U4/><E74/><V58/><F58/><W14/><G34/><N who="0" m="20775" /><D121/><U0/><E40/><N who="2" m="24999" /><F18/><W75/><G106/><T21/><D21/><U46/><E46/><V112/><F20/><W97/><G97/><N who="1" m="36874" /><E0/><V91/><F22/><W2/><G2/><N who="0" m="471" /><D7/><U5/><E5/><N who="2" m="1215" /><F91/><W32/><G32/><T10/><D10/><U79/><E4/><V41/><F41/><W63/><G89/><T83/><D83/><N who="1" m="47487" /><E129/><N who="0" m="49737" /><D101/><U130/><E130/><V119/><F119/><W16/><G23/><T17/><D17/><U113/><E113/><AGARI ba="3,0" hai="85,90,94,109,111,112,113,115" m="1215,24999" machi="113" ten="30,1000,0" yaku="11,1" doraHai="53" who="2" fromWho="1" sc="96,0,551,-19,112,19,241,0" /><INIT seed="2,0,0,2,4,100" ten="96,532,131,241" oya="2" hai0="69,3,4,108,15,134,96,132,79,92,78,116,107" hai1="9,104,1,35,111,135,46,74,109,94,76,31,17" hai2="72,0,95,114,103,130,80,39,88,124,23,87,125" hai3="118,36,68,58,12,16,66,45,60,41,119,21,7"/><V30/><F39/><W33/><G33/><T34/><D34/><U73/><E135/><N who="0" m="51753" /><D69/><U81/><E104/><V127/><F114/><W82/><G7/><T53/><D3/><U50/><E94/><V122/><F0/><W44/><G44/><T18/><D4/><U93/><E93/><V55/><F130/><W70/><REACH who="3" step="1"/><G82/><REACH who="3" ten="96,532,131,231" step="2"/><T49/><D116/><AGARI ba="0,1" hai="12,16,21,36,41,45,58,60,66,68,70,116,118,119" machi="116" ten="40,8000,1" yaku="1,1,2,1,54,1,53,1" doraHai="100" doraHaiUra="14" who="3" fromWho="0" sc="96,-80,532,0,131,0,231,90" /><INIT seed="3,0,0,2,4,103" ten="16,532,131,321" oya="3" hai0="108,54,110,85,9,14,2,42,66,123,92,112,96" hai1="97,94,117,68,0,80,67,59,41,121,104,11,84" hai2="39,106,13,55,127,3,38,45,75,109,89,82,125" hai3="100,48,1,130,18,32,50,118,15,21,20,53,46"/><W69/><G118/><T62/><D123/><U119/><E104/><V25/><F109/><W6/><G32/><T71/><D2/><U126/><E126/><N who="2" m="48139" /><F3/><W40/><G69/><T30/><D112/><U51/><E41/><V26/><F106/><W102/><G130/><T29/><D42/><U16/><E97/><V27/><F13/><W128/><G128/><T98/><D54/><U101/><E67/><V47/><F89/><W83/><G1/><T131/><D85/><U7/><E51/><N who="2" m="29167" /><F47/><W86/><G6/><T74/><D74/><U35/><E68/><V124/><F124/><W111/><G21/><T17/><D131/><U22/><E16/><V60/><F60/><W43/><G111/><T72/><D72/><U5/><E80/><V44/><F44/><N who="3" m="27847" /><G43/><T37/><D37/><U23/><E22/><V99/><F99/><W78/><AGARI ba="0,0" hai="15,18,20,40,46,48,78,83,86,100,102" m="27847" machi="78" ten="30,1500,0" yaku="8,1" doraHai="103" who="3" fromWho="3" sc="16,-5,532,-5,131,-5,321,15" /><INIT seed="3,1,0,5,2,71" ten="11,527,126,336" oya="3" hai0="95,16,5,109,96,63,108,47,103,4,135,118,70" hai1="85,25,34,99,126,52,128,72,59,124,132,129,86" hai2="28,1,20,127,97,30,93,92,32,35,98,107,78" hai3="83,75,8,134,90,123,131,77,19,60,12,111,112"/><W117/><G117/><T9/><D118/><U51/><E72/><V11/><F107/><W94/><G112/><T17/><D135/><U26/><E132/><V65/><F78/><W27/><G134/><T36/><D70/><U46/><E99/><V76/><F76/><W44/><G123/><T0/><D5/><U53/><E86/><V120/><F65/><W43/><G131/><N who="1" m="50250" /><E85/><V91/><F127/><N who="1" m="48681" /><E34/><V57/><F120/><W45/><G111/><T23/><D63/><AGARI ba="1,0" hai="25,26,46,51,52,53,59,63" m="48681,50250" machi="63" ten="30,3900,0" yaku="19,1,18,1,54,1" doraHai="71" who="1" fromWho="0" sc="11,-42,527,42,126,0,336,0" owari="-31,-53.1,569,66.9,126,-27.4,336,13.6" /></mjloggm>