<mjloggm ver="2.3"><GO type="225" lobby="0"/><UN n0="%E6%98%93%E5%88%A9%E8%96%A9%E4%BC%AF" n1="%E3%81%90%E3%81%A1%E3%82%84%E3%81%BE" n2="%6C%61%6D%62" n3="%6E%69%63%6F%6E%74%6F" dan="17,16,16,16" rate="2206.26,2140.02,2235.88,2147.27" sx="F,M,M,M"/><TAIKYOKU oya="0"/><INIT seed="0,0,0,2,2,94" ten="250,250,250,250" oya="0" hai0="21,122,27,90,68,59,11,26,14,97,32,10,1" hai1="6,119,48,23,101,57,125,87,41,16,65,127,40" hai2="8,118,126,50,133,31,135,116,22,102,93,130,60" hai3="113,89,46,123,30,58,12,3,54,36,77,95,25"/><T28/><D68/><U51/><E119/><N who="2" m="45611" /><F60/><W73/><G113/><T103/><D122/><U18/><E6/><V64/><F64/><W5/><G3/><T88/><D59/><U112/><E112/><V47/><F102/><W106/><G106/><T96/><D11/><U74/><E74/><V72/><F72/><W62/><G77/><T17/><D1/><U109/><E109/><V66/><F93/><W56/><G73/><T117/><D117/><U49/><E87/><V69/><F8/><W42/><G58/><T107/><REACH who="0" step="1"/><D97/><REACH who="0" ten="240,250,250,250" step="2"/><U34/><E57/><V84/><F69/><W55/><G123/><T131/><D131/><U86/><E125/><V120/><F120/><W134/><G5/><AGARI ba="0,1" hai="5,10,14,17,21,26,27,28,32,88,90,96,103,107" machi="5" ten="30,12000,1" yaku="1,1,7,1,52,1,54,1,53,1" doraHai="94" doraHaiUra="9" who="0" fromWho="3" sc="240,130,250,0,250,0,250,-120" /><INIT seed="0,1,0,0,2,95" ten="370,250,250,130" oya="0" hai0="96,117,78,112,90,52,13,21,108,109,57,29,92" hai1="70,43,56,82,83,100,63,27,6,22,131,81,74" hai2="49,126,77,48,9,4,118,20,123,3,25,127,5" hai3="10,65,93,72,101,110,12,8,51,111,26,19,104"/><T45/><D112/><U119/><E119/><V135/><F123/><W69/><G72/><T71/><D71/><U2/><E131/><V24/><F77/><W79/><G79/><T50/><D117/><U66/><E74/><V47/><F118/><W76/><G76/><T36/><D78/><U40/><E100/><V44/><F9/><W88/><G104/><T39/><D13/><U130/><E130/><V122/><F122/><W16/><G101/><T41/><REACH who="0" step="1"/><D39/><REACH who="0" ten="360,250,250,130" step="2"/><U64/><E70/><V46/><F126/><W102/><G51/><T113/><D113/><U86/><E2/><V61/><F127/><W37/><G37/><T67/><D67/><U14/><E64/><V58/><F3/><W15/><G102/><T23/><D23/><U28/><E14/><V60/><F20/><W1/><G1/><T115/><D115/><U134/><E134/><V98/><F135/><W73/><G73/><T30/><D30/><U75/><E75/><V132/><F132/><W35/><G65/><T42/><D42/><U68/><E68/><V59/><F46/><W17/><G69/><T32/><D32/><U53/><E66/><V129/><F129/><W84/><REACH who="3" step="1"/><G19/><REACH who="3" ten="360,250,250,120" step="2"/><T114/><D114/><U105/><E63/><V31/><F31/><AGARI ba="1,2" hai="8,10,12,15,16,17,26,31,35,84,88,93,110,111" machi="31" ten="40,8000,1" yaku="1,1,2,1,9,1,54,2,53,0" doraHai="95" doraHaiUra="18" who="3" fromWho="2" sc="360,0,250,0,250,-83,120,103" /><INIT seed="1,0,0,0,2,76" ten="360,250,167,223" oya="1" hai0="66,20,30,118,125,2,15,17,1,92,26,3,24" hai1="53,89,104,35,12,116,74,38,83,50,78,101,59" hai2="19,11,81,127,45,68,39,108,33,91,27,44,134" hai3="0,82,69,132,79,131,13,65,58,135,60,111,114"/><U40/><E116/><V90/><F68/><W97/><G114/><T105/><D105/><U71/><E35/><V42/><F108/><W62/><G111/><T100/><D118/><U21/><E71/><V86/><F127/><W113/><G113/><T93/><D125/><U96/><E89/><V34/><F134/><N who="3" m="51243" /><G0/><T10/><D66/><U22/><REACH who="1" step="1"/><E12/><REACH who="1" ten="360,240,167,223" step="2"/><V32/><F90/><W109/><G13/><T36/><D100/><U88/><E88/><V119/><F119/><W54/><G109/><T16/><REACH who="0" step="1"/><D36/><REACH who="0" ten="350,240,167,223" step="2"/><U5/><E5/><V117/><F117/><W121/><G69/><T23/><AGARI ba="0,2" hai="1,2,3,10,15,16,17,20,23,24,26,30,92,93" machi="23" ten="40,8000,1" yaku="1,1,2,1,0,1,54,1,53,0" doraHai="76" doraHaiUra="52" who="0" fromWho="0" sc="350,100,240,-40,167,-20,223,-20" /><INIT seed="2,0,0,3,0,13" ten="450,200,147,203" oya="2" hai0="123,117,45,38,85,99,91,119,98,50,107,112,124" hai1="73,92,94,128,5,25,102,43,56,53,44,42,129" hai2="12,33,57,27,110,79,113,48,58,106,108,81,52" hai3="18,1,11,46,49,26,84,19,24,114,126,130,116"/><V47/><F113/><W104/><G116/><N who="0" m="44619" /><D124/><U20/><E73/><V23/><F106/><W0/><G104/><T100/><D123/><U35/><E5/><V61/><F33/><W3/><G126/><T121/><D121/><U131/><E35/><V51/><F12/><W74/><G74/><T93/><D112/><U30/><E102/><V15/><F15/><W14/><G114/><T101/><D38/><N who="1" m="21591" /><E43/><V86/><F51/><AGARI ba="0,0" hai="20,25,30,51,53,56,92,94,128,129,131" m="21591" machi="51" ten="30,1000,0" yaku="19,1" doraHai="13" who="1" fromWho="2" sc="450,0,200,10,147,-10,203,0" /><INIT seed="3,0,0,3,0,19" ten="450,210,137,203" oya="3" hai0="84,70,11,38,44,134,1,95,5,31,32,79,60" hai1="26,92,17,7,6,34,53,33,104,54,25,114,107" hai2="133,132,115,24,73,83,103,48,28,69,10,52,18" hai3="21,80,68,51,91,57,128,97,50,96,98,58,13"/><W3/><G3/><T93/><D134/><N who="2" m="51818" /><F103/><W20/><G68/><T65/><D32/><U42/><E17/><V29/><F69/><W78/><G128/><T81/><D31/><N who="2" m="11850" /><F73/><W82/><G13/><T116/><D116/><U127/><E92/><V94/><F83/><N who="3" m="31787" /><G91/><T9/><D9/><U39/><E127/><V123/><F94/><W109/><G109/><T122/><D122/><U49/><E114/><V131/><F115/><W117/><G117/><T135/><D135/><U30/><E30/><V121/><F48/><N who="3" m="18475" /><G78/><T14/><D1/><U43/><E49/><V47/><F52/><W88/><G88/><T74/><D74/><U102/><E102/><V15/><F47/><W61/><G61/><T59/><D70/><U40/><E40/><V12/><F131/><W8/><G8/><T37/><D37/><AGARI ba="0,0" hai="6,7,25,26,33,34,37,39,42,43,53,54,104,107" machi="37" ten="25,1600,0" yaku="22,2" doraHai="19" who="1" fromWho="0" sc="450,-16,210,16,137,0,203,0" owari="434,53.4,226,2.6,137,-36.3,203,-19.7" /></mjloggm>