<mjloggm ver="2.3"><GO type="225" lobby="0"/><UN n0="%E6%81%A5%E6%99%92%E3%81%97" n1="%E8%B5%A4%E3%81%84%E8%9B%99%31%31" n2="%E3%83%96%E3%83%83%E3%83%91%E3%82%AA%E3%83%96%E3%83%81%E3%82%AD%E3%83%B3" n3="%E3%81%99%E3%81%84%E3%81%BE%E3%81%9B%E3%83%BC%E3%82%93" dan="16,16,16,18" rate="2098.96,2094.95,2199.38,2227.68" sx="M,M,M,M"/><TAIKYOKU oya="0"/><INIT seed="0,0,0,2,5,85" ten="250,250,250,250" oya="0" hai0="70,116,61,4,123,45,88,100,52,42,97,6,130" hai1="121,91,133,67,21,3,109,102,93,64,9,51,127" hai2="72,13,12,57,36,39,33,5,31,115,11,8,110" hai3="81,86,56,77,90,16,128,59,20,122,92,27,44"/><T47/><D116/><U112/><E121/><V65/><F115/><W75/><G122/><T19/><D123/><U131/><E112/><V79/><F110/><W60/><G128/><T37/><D130/><U34/><E34/><V30/><F72/><W50/><REACH who="3" step="1"/><G60/><REACH who="3" ten="250,250,250,240" step="2"/><T108/><D61/><U118/><E131/><V101/><F65/><W83/><G83/><T89/><D108/><U96/><E109/><V111/><F111/><W124/><G124/><T28/><D70/><U48/><E127/><V107/><F39/><W55/><AGARI ba="0,1" hai="16,20,27,44,50,55,56,59,75,77,81,86,90,92" machi="55" ten="20,8000,1" yaku="1,1,0,1,7,1,52,1,54,1,53,0" doraHai="85" doraHaiUra="103" who="3" fromWho="3" sc="250,-40,250,-20,250,-20,240,90" /><INIT seed="1,0,0,5,0,30" ten="210,230,230,330" oya="1" hai0="69,70,55,83,39,33,27,124,46,58,111,75,113" hai1="51,19,64,8,15,78,67,106,77,123,92,57,2" hai2="71,122,91,68,79,53,14,48,20,45,81,88,41" hai3="7,50,102,121,93,10,127,3,72,99,97,43,13"/><U26/><E106/><V18/><F122/><W90/><G121/><T1/><D113/><U12/><E2/><V134/><F134/><W105/><G72/><T59/><D111/><U119/><E119/><V32/><F32/><W126/><G3/><T66/><D59/><U62/><E123/><V131/><F131/><W29/><G29/><N who="0" m="19647" /><D55/><U118/><E118/><V34/><F34/><W89/><G89/><T128/><D58/><U21/><E67/><V52/><F71/><N who="0" m="27146" /><D66/><U84/><E51/><V103/><F68/><W85/><G85/><T133/><D128/><U31/><REACH who="1" step="1"/><E15/><REACH who="1" ten="210,220,230,330" step="2"/><V36/><F103/><W5/><G50/><T112/><D1/><U80/><E80/><V54/><REACH who="2" step="1"/><F48/><REACH who="2" ten="210,220,220,330" step="2"/><W60/><G102/><T35/><D39/><U74/><E74/><AGARI ba="0,2" hai="14,18,20,36,41,45,52,53,54,74,79,81,88,91" machi="74" ten="40,8000,1" yaku="1,1,2,1,54,2,53,1" doraHai="30" doraHaiUra="17" who="2" fromWho="1" sc="210,0,220,-80,220,100,330,0" /><INIT seed="2,0,0,5,0,16" ten="210,140,320,330" oya="2" hai0="68,29,90,106,2,38,64,110,95,33,30,83,129" hai1="103,13,108,107,97,12,72,35,25,39,42,71,85" hai2="37,0,67,127,75,54,76,93,57,31,104,119,24" hai3="78,22,60,32,114,128,8,135,65,9,46,28,80"/><V70/><F119/><W115/><G135/><T17/><D110/><U99/><E85/><V27/><F104/><W112/><G128/><T111/><D111/><U34/><E108/><V89/><F127/><W62/><G32/><T91/><D2/><U77/><E97/><V18/><F37/><W5/><G46/><T109/><D109/><U41/><E41/><V94/><F0/><N who="3" m="39" /><G9/><T66/><D38/><U47/><E71/><V61/><F18/><W92/><G92/><T63/><D106/><U4/><E4/><V98/><F94/><W100/><G100/><T58/><D33/><U73/><E73/><V55/><F70/><W131/><G131/><T116/><D129/><U52/><E52/><V82/><REACH who="2" step="1"/><F24/><REACH who="2" ten="210,140,310,330" step="2"/><N who="3" m="16407" /><G65/><T118/><D66/><U11/><E25/><V120/><F120/><W123/><G123/><T15/><D64/><U133/><E133/><V6/><F6/><W88/><G115/><T125/><D116/><U84/><E39/><V81/><F81/><W105/><G105/><T26/><D83/><U53/><E107/><V96/><F96/><W10/><G114/><T130/><D118/><U36/><E99/><V86/><F86/><W101/><G80/><T56/><D130/><U40/><E84/><V79/><F79/><W134/><G78/><T1/><D1/><U3/><E3/><V122/><F122/><W50/><G112/><T69/><D68/><U124/><E77/><V87/><F87/><W20/><G134/><T19/><D69/><U48/><E36/><V43/><F43/><W44/><G101/><T117/><D117/><U126/><E103/><RYUUKYOKU ba="0,1" sc="210,-10,140,-10,310,30,330,-10" hai2="27,31,54,55,57,61,67,75,76,82,89,93,98" /><INIT seed="2,1,1,4,3,135" ten="200,130,340,320" oya="2" hai0="15,114,133,130,64,80,91,47,50,40,107,105,71" hai1="37,110,25,82,68,16,21,69,119,96,102,49,101" hai2="63,132,127,41,38,134,86,109,75,6,46,32,111" hai3="52,85,65,22,78,106,39,55,97,36,118,116,48"/><V113/><F75/><W115/><G65/><T35/><D114/><U112/><E119/><V14/><F32/><W61/><G115/><T11/><D35/><U104/><E37/><V70/><F113/><W58/><G22/><T103/><D133/><N who="2" m="51306" /><F86/><W121/><G121/><T88/><D130/><U92/><E112/><V1/><F1/><W59/><G36/><T28/><D28/><U0/><E110/><N who="2" m="41995" /><F127/><W62/><G39/><T30/><D30/><U2/><E82/><V56/><F70/><W20/><G85/><T87/><D91/><U108/><E108/><V74/><F74/><W51/><G78/><T26/><D71/><U79/><E79/><V8/><F56/><W72/><G72/><T17/><D103/><U7/><E69/><V100/><F63/><W124/><G62/><T83/><D87/><U131/><E68/><V19/><F100/><W77/><G61/><T23/><D83/><U99/><E131/><V33/><F33/><W73/><G118/><T45/><D80/><U18/><E7/><AGARI ba="1,1" hai="6,7,8,14,19,38,41,46" m="41995,51306" machi="7" ten="30,5800,0" yaku="20,1,14,1,10,1" doraHai="135" who="2" fromWho="1" sc="200,0,130,-61,340,71,320,0" /><INIT seed="2,2,0,2,2,43" ten="200,69,411,320" oya="2" hai0="14,84,9,11,114,135,103,40,98,2,130,115,94" hai1="77,72,102,41,69,110,20,87,116,91,82,61,63" hai2="12,13,109,108,81,90,111,92,32,37,104,35,95" hai3="74,123,54,25,46,50,112,3,132,76,31,66,93"/><V44/><F104/><W73/><G123/><T19/><D130/><U133/><E116/><V17/><F81/><W7/><G132/><T64/><D135/><U10/><E133/><V126/><F126/><W56/><G112/><T89/><D64/><U97/><E110/><V60/><F60/><W101/><G76/><T22/><D11/><U122/><E122/><V23/><F12/><W30/><G30/><T8/><D8/><U75/><E75/><V0/><F0/><W53/><G66/><T58/><D58/><U121/><E121/><V79/><F79/><W113/><G7/><T1/><D1/><U80/><E41/><N who="2" m="22575" /><F95/><W125/><G3/><T5/><REACH who="0" step="1"/><D40/><REACH who="0" ten="190,69,411,320" step="2"/><U55/><E10/><V88/><F90/><W120/><G120/><T131/><D131/><U29/><E69/><V28/><F28/><W21/><G31/><T26/><D26/><U51/><E20/><V70/><F70/><W38/><G21/><T45/><D45/><U18/><E18/><V6/><F6/><W68/><G46/><T15/><D15/><U134/><E134/><V33/><F33/><W42/><G25/><T85/><D85/><AGARI ba="2,1" hai="13,17,23,32,35,85,88,92,108,109,111" m="22575" machi="85" ten="30,11600,0" yaku="14,1,10,1,52,1,54,1" doraHai="43" who="2" fromWho="0" sc="190,-122,69,0,411,132,320,0" /><INIT seed="2,3,0,1,1,78" ten="68,69,543,320" oya="2" hai0="22,28,29,96,111,117,63,67,118,34,51,129,81" hai1="1,11,92,83,88,101,86,105,20,102,25,115,109" hai2="46,99,42,8,31,30,116,57,6,66,114,7,58" hai3="94,87,108,14,121,103,27,49,19,70,15,112,120"/><V132/><F114/><W130/><G70/><T93/><D111/><U123/><E115/><V23/><F116/><N who="0" m="44650" /><D129/><U45/><E109/><V106/><F132/><W47/><G130/><T95/><D34/><U2/><E123/><V17/><F106/><W44/><G108/><T90/><D51/><U62/><E105/><V53/><F99/><W72/><G72/><T54/><D54/><U127/><E127/><V39/><F66/><W80/><G47/><T110/><D95/><U16/><E45/><V135/><F135/><W43/><G112/><T9/><D22/><U97/><E102/><V104/><F104/><W35/><G35/><T74/><D9/><U61/><REACH who="1" step="1"/><E11/><REACH who="1" ten="68,59,543,320" step="2"/><V48/><F8/><W77/><G103/><T75/><D110/><U12/><E12/><V59/><F31/><W21/><G121/><T33/><D28/><U107/><E107/><V113/><F30/><W3/><G120/><T134/><D134/><U50/><E50/><V52/><F113/><W125/><G125/><T36/><D36/><U68/><E68/><V10/><F10/><W37/><G37/><T85/><D29/><U4/><E4/><N who="2" m="1579" /><F39/><W18/><G3/><AGARI ba="3,1" hai="1,2,3,16,20,25,61,62,83,86,88,92,97,101" machi="3" ten="40,8000,1" yaku="1,1,52,1,54,2,53,1" doraHai="78" doraHaiUra="89" who="1" fromWho="3" sc="68,0,59,99,543,0,320,-89" /><INIT seed="3,0,0,2,0,84" ten="68,158,543,231" oya="3" hai0="92,117,71,119,94,53,52,40,75,26,18,123,69" hai1="41,111,80,8,11,99,120,17,22,39,58,37,38" hai2="25,91,63,87,67,35,16,116,86,21,88,6,61" hai3="23,62,115,107,7,34,43,50,55,113,29,124,103"/><W33/><G124/><T77/><D40/><U89/><E120/><V0/><F116/><W28/><G103/><T46/><D77/><U12/><E111/><V20/><F35/><W54/><G107/><T5/><D26/><U47/><E58/><N who="2" m="37303" /><F0/><W36/><G23/><T65/><D65/><U14/><E22/><N who="2" m="13511" /><F6/><W128/><G7/><T13/><D5/><U97/><E97/><V101/><F101/><W9/><G36/><T106/><D123/><U100/><E100/><V60/><F60/><W78/><G62/><T135/><D46/><U48/><E39/><V108/><F108/><W51/><G29/><T126/><D18/><U44/><E99/><V98/><F98/><W85/><G34/><T131/><D13/><U134/><E134/><V90/><F63/><W118/><G33/><T32/><D32/><U79/><E38/><V105/><F105/><W19/><G118/><T104/><D135/><U127/><E79/><V42/><F42/><W96/><G43/><T133/><D133/><U59/><E41/><V66/><F66/><W68/><G96/><T15/><D15/><U70/><E14/><V83/><F91/><W72/><G78/><T3/><D3/><U109/><E12/><V45/><F45/><W130/><G19/><T82/><D126/><U2/><E127/><V93/><AGARI ba="0,0" hai="20,21,83,86,87,88,90,93" m="13511,37303" machi="93" ten="30,8000,1" yaku="8,1,52,2,54,2" doraHai="84" who="2" fromWho="2" sc="68,-20,158,-20,543,80,231,-40" owari="48,-45.2,138,-26.2,623,72.3,191,-0.9" /></mjloggm>