<mjloggm ver="2.3"><GO type="225" lobby="0"/><UN n0="%E3%81%BF%E3%81%BF%E3%81%9A" n1="%E3%80%93%E3%81%97%E3%83%BC%E3%82%89%E3%80%93" n2="%4B%2E%32%2E%4B%2E" n3="%E3%83%81%E3%83%83%E3%82%BF%E3%82%BD%E3%83%BC" dan="18,17,17,17" rate="2248.11,2140.60,2176.61,2118.76" sx="M,M,M,F"/><TAIKYOKU oya="0"/><INIT seed="0,0,0,3,2,36" ten="250,250,250,250" oya="0" hai0="83,42,106,32,25,35,103,109,81,26,46,4,97" hai1="85,59,8,111,101,68,98,10,11,37,129,5,134" hai2="96,92,112,38,123,99,53,115,86,22,41,72,43" hai3="94,119,95,131,15,13,114,28,6,24,107,61,67"/><T126/><D126/><U66/><E134/><V108/><F72/><W135/><G131/><T100/><D4/><U90/><E129/><V55/><F38/><W30/><G135/><T23/><D109/><U31/><E37/><V82/><F123/><W50/><G107/><T105/><D46/><U63/><E31/><V87/><F108/><W118/><G50/><T120/><D23/><U110/><E68/><V77/><F112/><W33/><G114/><T45/><D45/><U40/><E40/><N who="2" m="15435" /><F115/><W117/><G28/><T125/><D42/><U2/><E111/><V76/><F22/><W1/><G1/><T104/><D104/><U12/><E110/><V69/><F69/><W16/><G6/><T132/><D132/><U78/><E78/><V65/><F65/><W29/><G13/><T89/><D125/><U122/><E122/><V70/><F70/><W56/><REACH who="3" step="1"/><G30/><REACH who="3" ten="250,250,250,240" step="2"/><T121/><REACH who="0" step="1"/><D97/><REACH who="0" ten="240,250,250,240" step="2"/><U80/><REACH who="1" step="1"/><E2/><REACH who="1" ten="240,240,250,240" step="2"/><V20/><F99/><W84/><G84/><T9/><D9/><AGARI ba="0,3" hai="9,15,16,24,29,33,56,61,67,94,95,117,118,119" machi="9" ten="40,2600,0" yaku="1,1,54,1,53,0" doraHai="36" doraHaiUra="74" who="3" fromWho="0" sc="240,-26,240,0,250,0,240,56" /><INIT seed="1,0,0,5,1,59" ten="214,240,250,296" oya="1" hai0="75,64,22,106,122,37,26,4,8,27,127,69,129" hai1="40,44,131,3,29,105,67,76,20,89,46,51,6" hai2="50,9,114,74,32,130,63,128,70,62,92,30,45" hai3="94,108,31,17,84,38,1,18,86,55,68,82,12"/><U34/><E105/><V10/><F74/><W41/><G108/><T99/><D75/><U71/><E131/><N who="2" m="50219" /><F114/><W33/><G1/><T115/><D129/><U36/><E34/><V13/><F70/><W58/><G68/><T97/><D115/><U85/><E76/><V24/><F92/><W81/><G94/><T48/><D37/><U25/><E6/><N who="2" m="3255" /><F10/><W43/><G31/><T123/><D127/><U77/><E77/><V109/><F109/><W111/><G111/><T104/><D69/><U57/><E3/><V54/><AGARI ba="0,0" hai="24,30,32,45,50,54,62,63" m="3255,50219" machi="54" ten="30,4000,0" yaku="19,1,52,2" doraHai="59" who="2" fromWho="2" sc="214,-10,240,-20,250,40,296,-10" /><INIT seed="2,0,0,1,4,41" ten="204,220,290,286" oya="2" hai0="36,121,91,32,135,33,67,64,22,119,78,113,120" hai1="50,101,8,125,84,110,25,18,127,29,73,72,28" hai2="105,129,103,130,97,0,70,90,123,54,17,16,79" hai3="126,98,118,112,124,117,111,132,52,58,35,12,104"/><V69/><F123/><N who="0" m="47178" /><D22/><N who="1" m="13527" /><E110/><V61/><F0/><W134/><G35/><N who="0" m="13387" /><D91/><U114/><E114/><V88/><F79/><W9/><G112/><T66/><D113/><U107/><E8/><V56/><F70/><W48/><G111/><T26/><D78/><U30/><E84/><V11/><F69/><W44/><G58/><T109/><D109/><U92/><E92/><V122/><F122/><W65/><G65/><T82/><D26/><U40/><E101/><V95/><F90/><W15/><G98/><T89/><D89/><U39/><E39/><V131/><F11/><W85/><G104/><T108/><D108/><U63/><E63/><V76/><F76/><W133/><G85/><AGARI ba="0,0" hai="16,17,54,56,61,85,88,95,97,103,105,129,130,131" machi="85" ten="40,7700,0" yaku="19,1,54,2" doraHai="41" who="2" fromWho="3" sc="204,0,220,0,290,77,286,-77" /><INIT seed="2,1,0,2,1,73" ten="204,220,367,209" oya="2" hai0="118,48,101,91,79,106,96,113,0,110,47,43,44" hai1="127,37,114,131,12,46,52,82,5,26,128,17,32" hai2="30,88,20,2,74,1,117,56,49,65,129,133,58" hai3="38,107,80,13,24,45,64,66,63,95,92,78,29"/><V116/><F74/><W10/><G107/><T105/><D113/><U126/><E114/><V132/><F129/><N who="1" m="49737" /><E5/><V18/><F30/><W4/><G45/><T15/><D0/><U98/><E98/><V84/><F65/><W61/><G38/><T16/><D110/><U104/><E104/><V50/><F20/><W14/><G13/><T40/><D118/><U75/><E26/><V85/><F18/><W86/><G64/><T70/><D70/><U36/><E32/><V111/><REACH who="2" step="1"/><F88/><REACH who="2" ten="204,220,357,209" step="2"/><W3/><G66/><T59/><D91/><U11/><E127/><V31/><F31/><W120/><G120/><T28/><D28/><U89/><E126/><V33/><F33/><W109/><G109/><AGARI ba="1,1" hai="1,2,49,50,56,58,84,85,109,111,116,117,132,133" machi="109" ten="25,4800,0" yaku="1,1,22,2,53,0" doraHai="73" doraHaiUra="27" who="2" fromWho="3" sc="204,0,220,0,357,61,209,-51" /><INIT seed="2,2,0,5,4,52" ten="204,220,418,158" oya="2" hai0="57,90,91,101,45,11,119,82,1,99,120,130,88" hai1="29,97,134,22,121,39,27,51,126,38,34,40,107" hai2="77,9,86,47,127,36,132,17,53,75,15,43,104" hai3="56,96,102,7,26,65,19,44,78,70,114,95,31"/><V111/><F104/><W131/><G114/><T94/><D120/><U122/><E126/><V24/><F75/><W25/><G131/><T124/><D130/><U135/><E22/><V98/><F98/><W14/><G70/><T64/><D124/><U117/><E51/><V5/><F132/><N who="1" m="50729" /><E117/><V48/><F111/><W100/><G7/><T67/><D119/><U10/><E10/><V28/><F36/><N who="1" m="13865" /><E40/><V54/><F5/><W3/><G3/><T18/><D45/><U13/><E13/><V85/><F127/><W35/><G25/><T46/><D46/><U84/><E84/><V80/><REACH who="2" step="1"/><F86/><REACH who="2" ten="204,220,408,158" step="2"/><W116/><G116/><T23/><D99/><U89/><E107/><V42/><F42/><W21/><G35/><AGARI ba="2,1" hai="9,15,17,24,28,35,43,47,48,53,54,77,80,85" machi="35" ten="30,2900,0" yaku="1,1,7,1,53,0" doraHai="52" doraHaiUra="63" who="2" fromWho="3" sc="204,0,220,0,408,45,158,-35" /><INIT seed="2,3,0,0,4,126" ten="204,220,453,123" oya="2" hai0="0,94,9,15,135,116,47,1,69,77,95,40,81" hai1="129,28,97,24,25,52,13,5,113,107,100,43,103" hai2="58,93,71,48,75,117,34,96,91,31,65,90,55" hai3="86,89,133,20,29,98,134,64,45,36,124,127,54"/><V72/><F117/><W92/><G64/><T108/><D69/><U102/><E113/><V59/><F71/><W11/><G11/><T120/><D120/><U130/><E43/><V19/><F19/><W121/><G121/><T82/><D82/><U56/><E5/><V8/><F8/><W74/><G74/><T41/><D41/><U3/><E13/><V101/><F31/><W33/><G33/><T83/><D83/><U112/><E3/><V35/><F35/><W27/><G86/><T78/><D78/><U18/><E18/><V12/><F12/><W123/><G123/><T17/><D108/><U42/><E42/><V60/><F34/><W44/><G36/><T14/><D135/><U38/><E38/><V39/><F39/><W105/><G105/><T62/><D62/><N who="1" m="36103" /><E112/><V61/><F48/><W37/><G37/><T84/><D116/><U67/><E67/><V104/><REACH who="2" step="1"/><F91/><REACH who="2" ten="204,220,443,123" step="2"/><W114/><G114/><T122/><D122/><U68/><E68/><V73/><F73/><W26/><G27/><N who="1" m="10314" /><E28/><V109/><F109/><W115/><G115/><T111/><D111/><U53/><E103/><V76/><F76/><W106/><G133/><T7/><D7/><U128/><BYE who="0" /><E102/><V85/><AGARI ba="3,1" hai="55,58,59,60,61,65,72,75,85,90,93,96,101,104" machi="85" ten="20,3900,0" yaku="1,1,0,1,7,1,53,0" doraHai="126" doraHaiUra="22" who="2" fromWho="2" sc="204,-16,220,-16,443,58,123,-16" /><INIT seed="2,4,0,5,4,122" ten="188,204,501,107" oya="2" hai0="55,42,32,108,63,119,11,50,67,86,124,101,135" hai1="130,120,34,66,91,26,105,102,128,75,69,114,109" hai2="7,74,65,9,81,78,17,64,48,59,0,57,123" hai3="99,46,22,36,89,18,127,54,28,129,113,117,104"/><V52/><F123/><W133/><G117/><T51/><D51/><U77/><E120/><V14/><REACH who="2" step="1"/><F59/><REACH who="2" ten="188,204,491,107" step="2"/><UN n0="%E3%81%BF%E3%81%BF%E3%81%9A" /><W56/><G113/><T88/><D32/><U27/><E114/><V96/><F96/><W97/><G56/><T134/><D119/><U132/><E69/><V2/><F2/><W107/><G99/><T19/><D134/><U84/><E132/><V73/><F73/><W92/><G97/><T72/><D135/><U98/><E98/><V35/><F35/><W131/><G133/><T37/><D72/><U76/><E75/><V61/><F61/><W106/><G107/><T41/><D63/><U6/><E34/><V85/><F85/><W121/><G121/><T103/><D86/><U93/><E84/><V45/><F45/><W31/><G46/><T44/><D44/><U16/><E105/><V24/><F24/><W40/><G106/><T43/><D43/><U112/><E27/><V87/><F87/><W30/><G40/><T125/><D42/><U79/><E26/><V10/><AGARI ba="4,1" hai="0,7,9,10,14,17,48,52,57,64,65,74,78,81" machi="10" ten="20,18000,2" yaku="1,1,0,1,7,1,54,1,53,2" doraHai="122" doraHaiUra="5" who="2" fromWho="2" sc="188,-64,204,-64,491,202,107,-64" /><INIT seed="2,5,0,1,4,106" ten="124,140,693,43" oya="2" hai0="119,61,5,42,95,38,41,115,58,108,77,44,37" hai1="118,55,107,93,85,104,45,19,47,75,66,101,0" hai2="21,116,80,11,94,129,54,51,135,122,88,15,113" hai3="133,12,40,134,4,96,67,34,1,27,87,2,92"/><V43/><F43/><W46/><G87/><T105/><D105/><U68/><E0/><V6/><F80/><W89/><G67/><T123/><D115/><U91/><E118/><V120/><F113/><W127/><G127/><T56/><D123/><U52/><E75/><V63/><F63/><W32/><G12/><T33/><D33/><U9/><E68/><V35/><F35/><W18/><G34/><T83/><D119/><U84/><E66/><V97/><F129/><W24/><G24/><T98/><D108/><U71/><E71/><V132/><F21/><W25/><G25/><T30/><D30/><U8/><E101/><V100/><F100/><W109/><G109/><T13/><D41/><U57/><E104/><V26/><F26/><W103/><G103/><T112/><D112/><U31/><E31/><V7/><F7/><W62/><G62/><T39/><D13/><N who="1" m="7591" /><E107/><V69/><F69/><W90/><G89/><T49/><D5/><U124/><E124/><V50/><F50/><N who="3" m="26951" /><G4/><T22/><D22/><U16/><E85/><V76/><F116/><W78/><G78/><T131/><D131/><U14/><E55/><V59/><F76/><W28/><G18/><T29/><D29/><U130/><E130/><V121/><AGARI ba="5,0" hai="6,11,15,51,54,59,88,94,97,120,121,122,132,135" machi="121" ten="40,3900,0" yaku="0,1,54,1" doraHai="106" who="2" fromWho="2" sc="124,-18,140,-18,693,54,43,-18" /><INIT seed="2,6,0,5,2,72" ten="106,122,747,25" oya="2" hai0="27,61,117,19,66,121,55,21,14,58,70,110,107" hai1="104,109,26,85,131,112,75,102,78,23,80,35,8" hai2="133,2,30,12,71,129,37,64,95,31,28,7,6" hai3="87,52,118,68,49,73,10,114,29,16,39,124,116"/><V32/><F37/><W50/><G39/><T20/><D121/><U91/><E112/><V76/><F2/><W53/><G73/><T22/><D107/><U69/><E69/><V11/><F32/><W33/><G68/><T88/><D110/><U127/><E109/><V25/><F25/><W86/><G114/><T89/><D117/><U126/><E35/><V60/><F6/><W44/><G124/><N who="1" m="47658" /><E8/><V83/><F129/><W99/><G99/><T9/><REACH who="0" step="1"/><D27/><REACH who="0" ten="96,122,747,25" step="2"/><U63/><E131/><V122/><F122/><W132/><G132/><T51/><AGARI ba="6,1" hai="9,14,19,20,21,22,51,55,58,61,66,70,88,89" machi="51" ten="30,7900,0" yaku="1,1,2,1,0,1,54,1,53,0" doraHai="72" doraHaiUra="96" who="0" fromWho="0" sc="96,107,122,-26,747,-45,25,-26" owari="203,0.3,96,-30.4,702,80.2,-1,-50.1" /></mjloggm>