<mjloggm ver="2.3"><GO type="225" lobby="0"/><UN n0="%E3%81%92%E3%81%A3%E3%81%A1" n1="%E3%81%A4%E3%81%A3%E3%81%B1%E3%82%8A%E3%83%9D%E3%83%BC%E3%83%AB" n2="%E5%B0%8F%E9%B3%A5%E9%81%8A%E7%B7%B4%E7%84%A1%32%31%E6%AD%B3" n3="%E3%81%BF%E3%81%BF%E3%81%9A" dan="17,17,17,17" rate="2204.60,2166.87,2214.10,2175.80" sx="M,M,F,M"/><TAIKYOKU oya="0"/><INIT seed="0,0,0,5,4,28" ten="250,250,250,250" oya="0" hai0="134,76,125,37,22,17,74,115,77,130,56,84,86" hai1="92,59,69,133,57,81,112,1,98,135,63,9,12" hai2="87,119,19,55,99,8,27,66,102,4,6,91,72" hai3="96,85,53,35,33,70,83,2,26,118,45,62,111"/><T73/><D115/><U21/><E112/><V95/><F119/><W79/><G118/><T48/><D37/><U5/><E81/><V108/><F108/><W42/><G2/><T16/><D134/><N who="1" m="51211" /><E69/><V123/><F123/><W7/><G7/><T94/><D130/><U13/><E21/><V121/><F121/><W114/><G114/><T88/><D125/><U116/><E116/><V109/><F109/><W65/><G111/><T23/><D56/><N who="1" m="21579" /><E63/><V126/><F126/><W105/><G53/><T78/><D48/><U89/><AGARI ba="0,0" hai="1,5,9,12,13,89,92,98" m="21579,51211" machi="89" ten="30,1100,0" yaku="20,1" doraHai="28" who="1" fromWho="1" sc="250,-5,250,11,250,-3,250,-3" /><INIT seed="1,0,0,1,5,92" ten="245,261,247,247" oya="1" hai0="46,0,69,98,6,123,21,43,4,17,10,22,79" hai1="45,59,9,103,16,78,132,85,110,90,121,63,116" hai2="8,48,33,124,112,127,5,95,97,56,11,20,49" hai3="87,1,44,114,2,89,24,105,53,47,57,111,102"/><U122/><E116/><V67/><F33/><W35/><G114/><T72/><D69/><U117/><E117/><V129/><F112/><W60/><G111/><T88/><D123/><U64/><E110/><V81/><F81/><W70/><G70/><T100/><D6/><U108/><E108/><V73/><F73/><W107/><G35/><T36/><D88/><U128/><E128/><V109/><F20/><W23/><G1/><T15/><D22/><U51/><E132/><V12/><F8/><W104/><G2/><T42/><D42/><U84/><E103/><V58/><F129/><W38/><G38/><T40/><D40/><U91/><E78/><V26/><F26/><W134/><G134/><T118/><D118/><U83/><E122/><V77/><F77/><W119/><G119/><T82/><REACH who="0" step="1"/><D98/><REACH who="0" ten="235,261,247,247" step="2"/><U131/><E121/><V34/><F109/><W13/><G102/><AGARI ba="0,1" hai="0,4,10,15,17,21,36,43,46,72,79,82,100,102" machi="102" ten="40,8000,1" yaku="1,1,2,1,25,2,53,0" doraHai="92" doraHaiUra="120" who="0" fromWho="3" sc="235,90,261,0,247,0,247,-80" /><INIT seed="2,0,0,3,2,31" ten="325,261,247,167" oya="2" hai0="107,119,10,68,127,56,70,129,58,110,112,121,36" hai1="40,14,62,120,45,131,16,30,54,102,17,51,124" hai2="33,132,41,9,122,4,84,46,44,5,35,78,134" hai3="109,92,47,65,18,108,118,59,34,63,74,80,21"/><V52/><F122/><W79/><G118/><T55/><RYUUKYOKU type="yao9" ba="0,0" sc="325,0,261,0,247,0,167,0" hai0="10,36,55,56,58,68,70,107,110,112,119,121,127,129" /><INIT seed="2,1,0,0,5,45" ten="325,261,247,167" oya="2" hai0="39,35,30,126,134,75,84,36,19,53,114,79,78" hai1="110,52,34,101,133,22,21,81,132,97,111,98,38" hai2="86,29,31,3,23,67,41,70,73,24,51,17,25" hai3="68,100,72,55,66,128,44,108,1,131,92,26,5"/><V130/><F73/><W88/><G72/><T56/><D75/><U11/><E34/><V103/><F3/><W121/><G121/><T117/><D114/><U13/><E38/><V14/><F130/><N who="3" m="49707" /><G100/><T119/><D126/><U83/><E52/><V95/><F70/><W63/><G26/><N who="2" m="10345" /><F67/><W54/><G108/><N who="1" m="41514" /><E22/><V7/><F7/><W96/><G44/><T113/><D30/><N who="2" m="11274" /><F41/><W120/><G120/><T60/><D35/><U42/><E21/><V6/><F6/><W99/><G99/><N who="1" m="37898" /><E42/><V112/><F112/><W127/><G127/><T104/><D113/><U2/><E2/><V57/><F103/><W89/><G89/><T59/><D36/><U64/><E64/><V0/><F0/><W76/><G76/><T85/><D78/><U90/><E101/><V61/><F61/><W122/><G122/><T105/><D60/><U80/><E90/><N who="2" m="53719" /><F57/><W107/><G107/><T9/><D104/><U65/><E65/><V47/><F47/><W94/><G92/><T135/><D105/><U87/><E87/><V77/><F77/><W115/><G115/><T20/><D39/><U46/><E46/><V27/><N who="2" m="10353" /><V69/><DORA hai="49" /><F69/><W124/><G124/><T37/><D37/><U12/><E12/><V50/><AGARI ba="1,0" hai="14,17,23,50,51" m="53719,11274,10353" machi="50" ten="40,7800,0" yaku="8,1,52,2" doraHai="45,49" who="2" fromWho="2" sc="325,-27,261,-27,247,81,167,-27" /><INIT seed="2,2,0,4,4,99" ten="298,234,328,140" oya="2" hai0="31,11,83,56,122,54,67,64,4,72,48,22,27" hai1="63,32,125,41,37,43,73,14,12,89,25,115,128" hai2="40,20,30,2,3,102,75,77,61,97,100,124,24" hai3="69,35,10,71,105,18,132,62,39,16,90,42,38"/><V120/><F120/><W52/><G35/><T21/><D122/><U114/><E73/><V91/><F124/><W86/><G105/><T46/><D21/><U66/><E125/><V6/><F40/><W127/><G127/><T123/><D123/><U33/><E89/><V59/><F91/><W29/><G29/><T130/><D130/><U110/><E128/><V13/><F13/><W9/><G132/><T96/><D96/><U81/><E81/><V1/><F6/><W121/><G121/><T53/><D83/><U19/><E25/><V135/><F135/><W101/><G42/><T8/><D72/><U15/><E19/><V118/><F118/><W98/><G90/><T36/><D36/><U44/><E41/><V84/><F75/><W95/><G86/><T70/><D70/><U23/><E23/><V28/><F28/><W76/><G76/><T92/><D92/><U113/><REACH who="1" step="1"/><E110/><REACH who="1" ten="298,224,328,140" step="2"/><V109/><F109/><W116/><G116/><T104/><D22/><U126/><E126/><V134/><F134/><W85/><G85/><T106/><D27/><U50/><E50/><V45/><F84/><W82/><G82/><T129/><D129/><U60/><E60/><V55/><F77/><W34/><G34/><T0/><D48/><U65/><E65/><V111/><F111/><W108/><G108/><T79/><D64/><U57/><AGARI ba="2,1" hai="12,14,15,32,33,37,43,44,57,63,66,113,114,115" machi="57" ten="40,2700,0" yaku="1,1,0,1,53,0" doraHai="99" doraHaiUra="112" who="1" fromWho="1" sc="298,-9,224,43,328,-15,140,-9" /><INIT seed="3,0,0,4,4,38" ten="289,267,313,131" oya="3" hai0="58,24,1,3,109,69,57,19,7,56,75,20,106" hai1="33,68,37,121,78,116,47,13,131,107,87,53,81" hai2="54,97,26,103,128,95,119,80,52,5,40,4,124" hai3="55,41,133,102,11,114,14,29,61,127,117,88,111"/><W132/><G114/><T8/><D106/><U67/><E121/><V66/><F119/><W10/><G117/><T108/><D75/><U94/><E107/><V65/><F128/><W74/><G102/><T34/><D69/><U60/><E116/><V123/><F40/><W73/><G127/><T18/><D1/><U63/><E33/><V79/><F124/><W23/><G41/><T64/><D64/><N who="2" m="24682" /><F26/><N who="3" m="16607" /><G111/><N who="0" m="42571" /><D34/><U71/><E131/><V85/><F123/><W93/><G61/><T122/><D122/><U115/><E115/><V9/><F9/><W36/><G36/><T82/><D82/><U46/><E37/><V62/><F62/><W44/><G44/><T28/><AGARI ba="0,0" hai="3,7,8,18,19,20,24,28,56,57,58" m="42571" machi="28" ten="30,1100,0" yaku="14,1" doraHai="38" who="0" fromWho="0" sc="289,11,267,-3,313,-3,131,-5" owari="300,10.0,264,-13.6,310,41.0,126,-37.4" /></mjloggm>