<mjloggm ver="2.3"><GO type="225" lobby="0"/><UN n0="%E6%A1%9C%E8%8A%B1%E9%96%83%E3%80%85" n1="%E6%B4%BE%E9%81%A3%E3%81%AE%E3%82%B8%E3%83%A3%E3%83%83%E3%82%AF" n2="%E3%83%94%E3%83%B3%E3%82%B5%E3%83%AD%E5%BA%97%E5%93%A1" n3="%E6%98%93%E5%88%A9%E8%96%A9%E4%BC%AF" dan="16,17,16,17" rate="2101.68,2203.48,2126.63,2167.21" sx="M,M,M,F"/><TAIKYOKU oya="0"/><INIT seed="0,0,0,5,4,72" ten="250,250,250,250" oya="0" hai0="111,57,103,39,41,3,60,105,126,34,31,61,94" hai1="66,109,21,48,10,117,26,28,29,56,68,91,6" hai2="8,120,15,53,38,18,30,86,83,119,5,16,2" hai3="104,64,98,85,44,76,135,115,42,47,114,54,129"/><T11/><D105/><U23/><E117/><V124/><F120/><W123/><G129/><T100/><D126/><U99/><E109/><V19/><F124/><W67/><G135/><T93/><D111/><U27/><E68/><V125/><F125/><W84/><G123/><T43/><D34/><U22/><E66/><V40/><F119/><W13/><G54/><T49/><D39/><U101/><E91/><V133/><F133/><W127/><G127/><T17/><D31/><U128/><E128/><V45/><F53/><W73/><G73/><T55/><D3/><U71/><E71/><V121/><F30/><W35/><G35/><T110/><D94/><U7/><E21/><V102/><F102/><N who="0" m="38954" /><D93/><N who="1" m="58607" /><E10/><V33/><F33/><W81/><G104/><T0/><D0/><U97/><E97/><V24/><F24/><W130/><G98/><T132/><D132/><U90/><E90/><V112/><F121/><W14/><G130/><T107/><D107/><U82/><E82/><V113/><REACH who="2" step="1"/><F2/><REACH who="2" ten="250,250,240,250" step="2"/><W87/><G115/><T89/><D110/><U118/><E118/><V80/><F80/><W4/><G114/><T36/><D43/><U92/><E92/><V77/><AGARI ba="0,1" hai="5,8,15,16,18,19,38,40,45,77,83,86,112,113" machi="77" ten="30,7900,0" yaku="1,1,0,1,52,1,54,1,53,0" doraHai="72" doraHaiUra="58" who="2" fromWho="2" sc="250,-39,250,-20,240,89,250,-20" /><INIT seed="1,0,0,1,0,41" ten="211,230,329,230" oya="1" hai0="49,39,59,108,73,126,118,124,122,69,58,77,132" hai1="43,42,28,97,17,53,13,83,47,33,34,90,70" hai2="52,54,71,4,101,133,94,45,123,55,75,72,81" hai3="64,130,67,128,30,110,117,12,95,111,76,16,96"/><U36/><E70/><V2/><F123/><W25/><G76/><T87/><D73/><U56/><E28/><V40/><F71/><W15/><G117/><T92/><D118/><U127/><E127/><V11/><F133/><W107/><G107/><T60/><D122/><U106/><E43/><V38/><REACH who="2" step="1"/><F81/><REACH who="2" ten="211,230,319,230" step="2"/><W100/><G111/><T82/><D69/><U74/><E83/><V27/><F27/><W61/><G110/><T99/><D108/><U19/><E74/><V8/><F8/><W44/><G130/><T48/><D132/><U18/><E13/><V98/><AGARI ba="0,1" hai="2,4,11,38,40,45,52,54,55,72,75,94,98,101" machi="98" ten="30,7900,0" yaku="1,1,0,1,52,1,54,1,53,0" doraHai="41" doraHaiUra="85" who="2" fromWho="2" sc="211,-20,230,-39,319,89,230,-20" /><INIT seed="2,0,0,5,4,79" ten="191,191,408,210" oya="2" hai0="114,12,62,5,39,73,98,0,1,92,104,115,91" hai1="95,59,124,11,120,76,129,47,43,16,110,36,66" hai2="69,3,42,60,83,111,25,90,101,56,134,71,32" hai3="94,35,4,46,48,49,23,13,131,127,68,45,58"/><V63/><F3/><W132/><G68/><T6/><D39/><U105/><E105/><V125/><F134/><W78/><G35/><T103/><D1/><U121/><E110/><V99/><F125/><W96/><G131/><T113/><D0/><U100/><E129/><V126/><F126/><W80/><G132/><T133/><D133/><U54/><E66/><V51/><F111/><W106/><G106/><T41/><D41/><U82/><E124/><V117/><F117/><W108/><G108/><T31/><D73/><U97/><E11/><V14/><F14/><W112/><G112/><T123/><D123/><U21/><E59/><V67/><F60/><W75/><G58/><T64/><D31/><U86/><REACH who="1" step="1"/><E54/><REACH who="1" ten="191,181,408,210" step="2"/><V119/><F56/><W57/><G57/><T93/><D104/><U37/><E37/><V130/><F67/><W10/><G127/><T122/><D122/><U116/><E116/><V61/><F119/><W81/><G46/><T50/><D50/><U85/><E85/><V30/><F51/><W65/><G65/><T70/><REACH who="0" step="1"/><D12/><AGARI ba="0,1" hai="12,16,21,36,43,47,76,82,86,95,97,100,120,121" machi="12" ten="40,8000,1" yaku="1,1,52,1,54,1,53,1" doraHai="79" doraHaiUra="74" who="1" fromWho="0" sc="191,-80,181,90,408,0,210,0" /><INIT seed="3,0,0,2,4,4" ten="111,271,408,210" oya="3" hai0="22,82,41,61,119,6,99,60,133,66,8,13,26" hai1="23,12,42,64,47,19,15,111,53,92,46,63,29" hai2="108,51,79,73,94,44,83,104,102,34,10,91,21" hai3="123,112,59,5,117,57,39,113,54,24,107,17,105"/><W32/><G117/><T9/><D133/><U48/><E111/><V35/><F108/><W110/><G123/><T90/><D119/><U103/><E29/><V31/><F10/><N who="0" m="4202" /><D6/><U62/><E15/><V98/><F21/><W33/><G39/><T36/><D36/><U125/><E125/><V30/><F30/><W68/><G5/><T7/><D41/><U135/><E135/><V101/><F31/><W80/><G33/><T77/><D7/><U132/><E132/><V2/><F102/><W50/><G32/><T52/><D66/><U27/><E27/><V100/><F100/><W65/><G65/><T127/><D127/><U81/><E81/><V38/><F38/><W71/><G71/><T74/><D74/><U67/><E67/><V86/><F2/><W40/><G68/><T129/><D129/><U122/><E122/><V93/><F104/><W84/><G40/><AGARI ba="0,0" hai="34,35,40,44,51,73,79,83,86,91,93,94,98,101" machi="40" ten="30,1000,0" yaku="7,1" doraHai="4" who="2" fromWho="3" sc="111,0,271,0,408,10,210,-10" owari="111,-38.9,271,7.1,418,51.8,200,-20.0" /></mjloggm>