<mjloggm ver="2.3"><GO type="225" lobby="0"/><UN n0="%33%74%72%65%65" n1="%E7%8D%85%E5%AD%90%E5%BA%A7%E3%81%8B%E3%81%A3%E3%81%B4%E3%83%BC" n2="%E3%83%81%E3%83%83%E3%82%BF%E3%82%BD%E3%83%BC" n3="%72%69%6F%75%63%68%61%6E" dan="17,16,16,16" rate="2115.31,2113.56,2173.64,2093.05" sx="F,M,F,M"/><TAIKYOKU oya="0"/><INIT seed="0,0,0,1,5,118" ten="250,250,250,250" oya="0" hai0="132,29,81,39,111,83,13,72,37,73,128,98,9" hai1="25,126,133,14,89,7,74,64,30,15,113,26,106" hai2="53,10,122,71,97,48,1,22,58,101,52,2,63" hai3="19,57,4,88,20,16,104,68,12,70,93,99,82"/><T109/><D29/><U124/><E74/><N who="0" m="28777" /><D13/><N who="1" m="4619" /><E106/><V56/><F71/><W33/><G104/><T0/><D9/><U51/><E51/><V24/><F10/><W103/><G33/><T69/><D69/><U78/><E78/><V135/><F135/><W107/><G82/><N who="0" m="31243" /><D98/><U125/><E64/><V54/><F54/><W60/><G19/><T17/><D17/><U92/><E133/><V55/><F55/><W134/><G4/><T90/><D132/><U66/><E66/><V42/><F122/><W61/><G134/><T117/><D117/><U91/><E7/><V5/><F42/><W44/><G44/><T45/><D45/><U46/><E46/><V67/><F5/><W21/><G21/><T127/><D0/><U120/><E113/><V129/><F53/><W65/><REACH who="3" step="1"/><G61/><REACH who="3" ten="250,250,250,240" step="2"/><T50/><D109/><U116/><E116/><V130/><F1/><W23/><G23/><T123/><D111/><U85/><E30/><V131/><F2/><W76/><G76/><T40/><D123/><U114/><E120/><V77/><F77/><W96/><AGARI ba="0,1" hai="12,16,20,57,60,65,68,70,88,93,96,99,103,107" machi="96" ten="20,8000,1" yaku="1,1,0,1,7,1,54,2,53,0" doraHai="118" doraHaiUra="110" who="3" fromWho="3" sc="250,-40,250,-20,250,-20,240,90" /><INIT seed="1,0,0,5,0,19" ten="210,230,230,330" oya="1" hai0="103,91,68,1,10,118,94,98,123,79,26,16,4" hai1="96,124,43,95,31,84,39,32,60,7,111,9,56" hai2="42,75,133,85,134,15,107,45,49,2,87,83,63" hai3="21,80,113,30,22,23,90,93,97,57,28,72,48"/><U110/><E124/><V78/><F2/><W115/><G113/><T37/><D118/><U44/><E84/><V70/><F107/><W88/><G115/><T14/><D123/><U3/><E31/><N who="3" m="11818" /><G72/><T112/><D112/><U86/><E86/><V6/><F75/><W106/><G106/><T24/><D37/><U8/><E8/><V76/><F63/><W74/><G74/><T66/><D79/><U126/><E32/><V52/><F70/><W131/><G131/><T47/><D47/><U62/><E126/><V132/><F87/><N who="3" m="50279" /><G57/><T130/><D130/><U20/><E20/><N who="3" m="5122" /><W120/><DORA hai="59" /><G120/><T33/><D33/><U13/><E3/><V104/><F104/><W41/><G48/><T18/><D68/><U122/><E122/><V36/><F76/><W55/><G41/><T117/><D1/><U127/><E127/><V82/><F83/><W25/><G55/><T101/><D117/><U64/><REACH who="1" step="1"/><E62/><REACH who="1" ten="210,220,230,330" step="2"/><V53/><F132/><W35/><G35/><T135/><D135/><U128/><E128/><V29/><F133/><W51/><G51/><T40/><D26/><AGARI ba="0,1" hai="25,26,90,93,97" m="5122,50279,11818" machi="26" ten="40,12000,2" yaku="8,1,52,4,54,1" doraHai="19,59" who="3" fromWho="0" sc="210,-120,220,0,230,0,330,130" /><INIT seed="2,0,0,2,0,94" ten="90,220,230,460" oya="2" hai0="28,5,70,101,1,43,131,50,79,133,65,91,125" hai1="120,56,40,47,15,75,105,103,4,22,126,95,99" hai2="130,107,86,33,123,45,102,6,129,72,132,51,60" hai3="109,71,84,73,108,36,2,62,31,83,57,66,89"/><V93/><F123/><W52/><G2/><T18/><D18/><U121/><E75/><V122/><F122/><N who="1" m="47209" /><E126/><V76/><F33/><W55/><G31/><T44/><D125/><U41/><E56/><V135/><F6/><W59/><G36/><T92/><D131/><N who="2" m="50186" /><F60/><W7/><G7/><T80/><D133/><N who="2" m="51274" /><F51/><W85/><G73/><T13/><D1/><U115/><E115/><V54/><F54/><N who="3" m="20523" /><G84/><N who="0" m="48159" /><D70/><U90/><E47/><V49/><F49/><W78/><G78/><T74/><D74/><U119/><E119/><V77/><F45/><W38/><G38/><T97/><D65/><U26/><E15/><V81/><F72/><W116/><G116/><T25/><D28/><N who="1" m="17495" /><E4/><V39/><F39/><W30/><G30/><T48/><D48/><U68/><E68/><V98/><F76/><W124/><G71/><T19/><D25/><U37/><E37/><V58/><F58/><W11/><G57/><T34/><D34/><U111/><E40/><V64/><F64/><W134/><G66/><T128/><D128/><U8/><E41/><V96/><F96/><W127/><G59/><T12/><D5/><U106/><E99/><V88/><F77/><W10/><G124/><T82/><D19/><U67/><E67/><V14/><F14/><W23/><G134/><T104/><D104/><AGARI ba="0,0" hai="81,86,88,93,98,102,104,107" m="51274,50186" machi="104" ten="30,18000,2" yaku="19,1,20,1,34,2,52,1,54,1" doraHai="94" who="2" fromWho="0" sc="90,-180,220,0,230,180,460,0" owari="-90,-59.0,220,-18.0,410,21.0,460,56.0" /></mjloggm>