<mjloggm ver="2.3"><GO type="225" lobby="0"/><UN n0="%E7%99%BD%E5%80%89%E5%AF%9B%E4%B9%8B" n1="%45%6C%79%73%69%75%6D" n2="%33%74%72%65%65" n3="%E3%83%96%E3%83%83%E3%83%91%E3%82%AA%E3%83%96%E3%83%81%E3%82%AD%E3%83%B3" dan="16,16,17,16" rate="2077.09,2140.35,2212.30,2206.39" sx="M,M,F,M"/><TAIKYOKU oya="0"/><INIT seed="0,0,0,4,5,59" ten="250,250,250,250" oya="0" hai0="50,126,100,88,64,68,29,25,34,54,47,72,23" hai1="83,117,108,81,19,31,0,87,85,58,62,102,43" hai2="96,28,52,71,2,40,27,110,32,91,123,78,99" hai3="89,84,61,114,9,56,3,104,51,48,1,45,75"/><T94/><D72/><U113/><E117/><V22/><F123/><W63/><G114/><T38/><D126/><U116/><E113/><V134/><F110/><W132/><G104/><T26/><D100/><U98/><E116/><V21/><F134/><W82/><G132/><T8/><D38/><U97/><E0/><V44/><F2/><W92/><G51/><T70/><D8/><U90/><E108/><V4/><F4/><W127/><G127/><T101/><D101/><U14/><E31/><V60/><F78/><W57/><G9/><T46/><D46/><U39/><E43/><V111/><F111/><W17/><G17/><T65/><D70/><U16/><E39/><V67/><F52/><N who="3" m="29711" /><G1/><T24/><D68/><U69/><E69/><V77/><F77/><N who="3" m="46159" /><G3/><T33/><D33/><U106/><E98/><V79/><F79/><W6/><G6/><T86/><REACH who="0" step="1"/><D26/><REACH who="0" ten="240,250,250,250" step="2"/><U12/><E12/><V122/><F122/><W74/><G74/><T36/><D36/><U53/><E14/><V120/><F120/><W135/><G75/><T5/><D5/><U73/><E73/><V103/><F103/><W30/><G135/><T66/><D66/><U37/><E37/><V18/><F32/><W131/><G131/><T41/><D41/><U35/><E35/><V55/><F40/><W119/><G119/><T118/><D118/><U13/><E13/><V105/><F71/><W7/><G7/><T76/><D76/><AGARI ba="0,1" hai="16,19,53,58,62,76,81,83,85,87,90,97,102,106" machi="76" ten="30,3900,0" yaku="7,1,52,1,54,1" doraHai="59" who="1" fromWho="0" sc="240,-39,250,49,250,0,250,0" /><INIT seed="1,0,0,4,1,75" ten="201,299,250,250" oya="1" hai0="18,101,32,37,21,6,124,35,71,133,24,20,8" hai1="65,103,118,96,40,16,13,80,86,111,3,10,15" hai2="25,28,19,94,91,106,82,73,74,63,26,12,90" hai3="88,109,122,77,22,123,126,47,7,116,107,36,76"/><U98/><E118/><V83/><F106/><W128/><G107/><T110/><D71/><U81/><E111/><V87/><F63/><W99/><G109/><T14/><D37/><U117/><E3/><V120/><F120/><N who="3" m="46123" /><G22/><T44/><D110/><U70/><E117/><V93/><F73/><W62/><G62/><T66/><D66/><U108/><E108/><V102/><F102/><W39/><G7/><T119/><D119/><U4/><E40/><V113/><F113/><W64/><G64/><T38/><D101/><U54/><E70/><V104/><F104/><W56/><G56/><T100/><D100/><U69/><E69/><V48/><F48/><W53/><G53/><T55/><D124/><U89/><E65/><V78/><F28/><W31/><G31/><T5/><D133/><U125/><E125/><V57/><F57/><W50/><G116/><T131/><D131/><U85/><E54/><V2/><F2/><W112/><G126/><T84/><D84/><U61/><E103/><V41/><F41/><N who="3" m="24943" /><G112/><T33/><D21/><N who="1" m="11407" /><E61/><V1/><F1/><W130/><G36/><T132/><D132/><U30/><E30/><V9/><REACH who="2" step="1"/><F94/><REACH who="2" ten="201,299,240,250" step="2"/><N who="3" m="56775" /><G39/><T42/><REACH who="0" step="1"/><D55/><REACH who="0" ten="191,299,240,250" step="2"/><U115/><E115/><V27/><F27/><W29/><G29/><AGARI ba="0,2" hai="5,6,8,14,18,20,24,29,32,33,35,38,42,44" machi="29" ten="40,2600,0" yaku="1,1,2,1,53,0" doraHai="75" doraHaiUra="114" who="0" fromWho="3" sc="191,46,299,0,240,0,250,-26" /><INIT seed="2,0,0,3,5,41" ten="237,299,240,224" oya="2" hai0="19,39,46,29,101,74,66,35,81,132,129,17,49" hai1="12,97,91,34,116,90,85,83,89,21,133,9,117" hai2="14,68,16,26,118,107,121,94,128,112,119,76,105" hai3="69,27,108,33,79,120,67,25,106,99,18,54,78"/><V2/><F112/><W59/><G120/><T0/><D0/><U84/><E34/><V72/><F121/><W62/><G108/><T30/><D39/><U61/><E133/><V36/><F2/><W51/><G25/><T47/><D132/><U113/><E113/><V96/><F128/><W53/><G53/><T75/><D129/><U63/><E21/><V37/><F68/><W103/><REACH who="3" step="1"/><G18/><REACH who="3" ten="237,299,240,214" step="2"/><T64/><D35/><U58/><E116/><V98/><F26/><W87/><G87/><T95/><D74/><U4/><E117/><V60/><F119/><W111/><G111/><T23/><D75/><U71/><E85/><V52/><F118/><W31/><AGARI ba="0,1" hai="27,31,33,51,54,59,62,67,69,78,79,99,103,106" machi="31" ten="30,7900,0" yaku="1,1,0,1,25,2,53,0" doraHai="41" doraHaiUra="114" who="3" fromWho="3" sc="237,-20,299,-20,240,-39,214,89" /><INIT seed="3,0,0,5,2,38" ten="217,279,201,303" oya="3" hai0="79,98,63,123,111,58,15,121,70,8,92,24,112" hai1="56,88,96,99,32,91,132,76,43,78,20,133,23" hai2="50,100,103,46,57,125,105,81,90,42,130,75,37" hai3="35,33,19,1,116,129,22,64,11,109,41,48,21"/><W6/><G116/><T44/><D70/><U39/><E56/><V13/><F130/><W71/><G129/><T12/><D111/><U77/><E32/><V85/><F125/><W0/><G109/><T104/><D104/><U82/><E82/><V101/><F75/><W52/><G1/><T55/><D112/><U86/><E86/><V114/><F114/><W73/><G73/><T93/><D79/><U108/><E108/><V45/><F57/><W122/><G41/><T26/><D121/><U120/><E77/><V80/><F13/><W36/><G22/><T127/><D123/><U66/><E66/><V31/><F31/><W68/><G36/><T69/><D69/><U128/><E39/><V83/><REACH who="2" step="1"/><F105/><REACH who="2" ten="217,279,191,303" step="2"/><W28/><G28/><T117/><D127/><U84/><E128/><V29/><F29/><W34/><G122/><T61/><D117/><U110/><E120/><V134/><F134/><W60/><G71/><T106/><D106/><U7/><E110/><V27/><F27/><N who="0" m="10282" /><D15/><U115/><E115/><V54/><AGARI ba="0,1" hai="37,42,45,46,50,54,80,81,83,85,90,100,101,103" machi="54" ten="30,4000,0" yaku="1,1,0,1,52,1,53,0" doraHai="38" doraHaiUra="10" who="2" fromWho="2" sc="217,-10,279,-10,191,50,303,-20" /><INIT seed="4,0,0,0,1,11" ten="207,269,241,283" oya="0" hai0="41,75,76,122,25,42,28,27,54,111,123,119,100" hai1="116,113,103,93,83,50,133,114,101,7,128,117,51" hai2="99,10,59,96,56,38,88,29,106,62,37,132,45" hai3="23,135,55,126,14,32,130,70,69,89,8,108,129"/><T20/><D119/><N who="1" m="45643" /><E7/><V12/><F29/><W81/><G32/><T68/><D68/><U121/><E121/><V92/><F132/><W21/><G108/><T102/><D111/><U16/><E133/><V22/><F22/><N who="3" m="8203" /><G135/><T120/><D27/><U49/><E128/><N who="3" m="49258" /><G126/><T43/><REACH who="0" step="1"/><D54/><REACH who="0" ten="197,269,241,283" step="2"/><U0/><E114/><V66/><F59/><W48/><G55/><T67/><D67/><U63/><E113/><V57/><F57/><W39/><G39/><T134/><D134/><U33/><E33/><V73/><F73/><W13/><G69/><T46/><D46/><U82/><E63/><V107/><F38/><W40/><G70/><T115/><D115/><U53/><E53/><V112/><F112/><W52/><G52/><T65/><D65/><U18/><E49/><V109/><F109/><W4/><G48/><T90/><D90/><U30/><E50/><V6/><F45/><W77/><G89/><T74/><D74/><U97/><E51/><V80/><F37/><W61/><G61/><T47/><D47/><U98/><E103/><V124/><F124/><W86/><G40/><T24/><D24/><U3/><E101/><V79/><F66/><W85/><G85/><T127/><D127/><U17/><E30/><V44/><F44/><W72/><G72/><T15/><D15/><AGARI ba="0,1" hai="4,8,13,14,15,77,81,86" m="49258,8203" machi="15" ten="30,7700,0" yaku="19,1,52,3" doraHai="11" who="3" fromWho="0" sc="197,-77,269,0,241,0,283,87" owari="120,-38.0,269,6.9,241,-15.9,370,47.0" /></mjloggm>