<mjloggm ver="2.3"><GO type="225" lobby="0"/><UN n0="%E5%91%A8%E6%9D%B1" n1="%E3%81%A4%E3%81%A3%E3%81%B1%E3%82%8A%E3%83%9D%E3%83%BC%E3%83%AB" n2="%6C%65%74%69%74%62%65" n3="%6D%61%6A%69%6B%75%7A%75" dan="17,17,16,17" rate="2204.89,2131.36,2107.68,2207.02" sx="M,M,M,M"/><TAIKYOKU oya="0"/><INIT seed="0,0,0,1,4,51" ten="250,250,250,250" oya="0" hai0="119,99,125,24,94,10,46,71,35,1,102,135,96" hai1="45,15,132,14,37,85,77,121,39,73,134,92,48" hai2="120,57,22,74,12,25,107,50,11,44,116,69,95" hai3="68,41,6,88,131,42,76,23,30,29,17,101,127"/><T19/><D119/><U126/><E73/><V115/><F107/><W133/><G68/><T8/><D71/><U33/><E33/><V65/><F115/><W112/><G112/><T31/><D135/><N who="1" m="51755" /><E121/><V13/><F120/><W32/><G133/><T3/><D125/><U60/><E126/><V86/><F74/><W91/><G127/><T72/><D72/><U52/><E60/><N who="2" m="38031" /><F69/><W89/><G131/><T122/><D122/><U28/><E28/><N who="3" m="10858" /><G32/><T114/><D114/><U64/><E64/><V84/><F116/><W105/><G105/><T43/><D99/><U5/><E5/><N who="2" m="3183" /><F13/><N who="1" m="4617" /><E92/><V129/><F95/><W34/><G34/><T4/><D10/><U2/><E2/><V59/><F59/><W103/><G6/><T111/><D3/><U21/><E21/><V9/><F9/><W61/><G76/><T118/><D118/><U67/><E67/><V108/><F108/><W100/><G61/><T54/><D111/><U27/><E27/><AGARI ba="0,0" hai="17,23,27,41,42,88,89,91,100,101,103" m="10858" machi="27" ten="30,2000,0" yaku="8,1,54,1" doraHai="51" who="3" fromWho="1" sc="250,0,250,-20,250,0,250,20" /><INIT seed="1,0,0,0,2,75" ten="250,230,250,270" oya="1" hai0="78,37,134,1,89,81,30,93,53,123,76,49,3" hai1="91,54,57,115,80,92,39,66,114,36,35,112,135" hai2="64,127,13,94,33,40,26,47,29,20,70,14,51" hai3="110,71,107,25,18,0,82,116,73,4,102,31,2"/><U45/><E135/><V106/><F127/><W12/><G71/><T38/><D134/><U28/><E66/><V8/><F94/><W32/><G102/><T55/><D30/><U65/><E65/><V108/><F108/><W86/><G107/><T126/><D126/><U128/><E128/><V67/><F106/><W48/><G73/><T19/><D19/><U15/><E15/><V17/><REACH who="2" step="1"/><F70/><REACH who="2" ten="250,230,240,270" step="2"/><W63/><G110/><T103/><D93/><U9/><E92/><V131/><F131/><W133/><G133/><T117/><D117/><U10/><E115/><V11/><F11/><W6/><G116/><T21/><D123/><U52/><E114/><V125/><F125/><W5/><G63/><T74/><D103/><U100/><E100/><V61/><F61/><W77/><REACH who="3" step="1"/><G48/><REACH who="3" ten="250,230,240,260" step="2"/><T119/><D49/><N who="1" m="28719" /><E112/><V83/><F83/><W46/><G46/><T23/><D81/><U56/><E80/><V22/><F22/><AGARI ba="0,2" hai="0,2,4,5,6,12,18,22,25,31,32,77,82,86" machi="22" ten="40,2600,0" yaku="1,1,52,1,53,0" doraHai="75" doraHaiUra="113" who="3" fromWho="2" sc="250,0,230,0,240,-26,260,46" /><INIT seed="2,0,0,3,5,20" ten="250,230,214,306" oya="2" hai0="89,80,101,121,132,92,41,111,57,31,1,38,117" hai1="74,85,10,115,23,114,87,103,13,2,83,54,61" hai2="28,5,71,15,9,128,124,6,52,32,126,70,64" hai3="35,40,37,104,79,17,133,25,46,36,53,11,123"/><V135/><F128/><W65/><G123/><T66/><D1/><U49/><E2/><V47/><F135/><W4/><G104/><T48/><D121/><U30/><E74/><V33/><F5/><W125/><G133/><T110/><D132/><U39/><E39/><V120/><F120/><W86/><G125/><N who="2" m="48233" /><F64/><W34/><G37/><T118/><D38/><U21/><E115/><V59/><F47/><W96/><G96/><T106/><D31/><U7/><E114/><V90/><F90/><W69/><G53/><N who="0" m="31911" /><D41/><U16/><E103/><V99/><F99/><W26/><G65/><T131/><D66/><U107/><E107/><V24/><F32/><W42/><G69/><T50/><D131/><U8/><E30/><V51/><AGARI ba="0,0" hai="6,9,15,24,28,33,51,52,59,70,71" m="48233" machi="51" ten="30,6000,0" yaku="18,1,52,1,54,1" doraHai="20" who="2" fromWho="2" sc="250,-20,230,-20,214,60,306,-20" /><INIT seed="2,1,0,4,5,58" ten="230,210,274,286" oya="2" hai0="68,3,29,122,128,78,22,88,63,134,25,18,31" hai1="94,49,7,131,59,39,85,107,42,36,106,46,70" hai2="126,71,50,80,90,104,54,103,28,127,23,12,97" hai3="19,133,37,121,21,47,83,62,112,102,55,92,27"/><V115/><F71/><W2/><G121/><T93/><D122/><U116/><E116/><V96/><F115/><W60/><G2/><T124/><D3/><U30/><E131/><V34/><F34/><W91/><G112/><T51/><D128/><U125/><E125/><V132/><F132/><W135/><G102/><T5/><D124/><N who="2" m="47658" /><F80/><W15/><G83/><T89/><D134/><N who="3" m="51209" /><G15/><T26/><D5/><U101/><E30/><N who="0" m="11273" /><D68/><U6/><E70/><V99/><F90/><N who="0" m="34922" /><D78/><U100/><E6/><V44/><F28/><W123/><G123/><T117/><D93/><U64/><E7/><V13/><F13/><W84/><G37/><T98/><D98/><U77/><E36/><V81/><F81/><W1/><G1/><T76/><D76/><U16/><E39/><V110/><F110/><W0/><G0/><T32/><D32/><U35/><E35/><V73/><F73/><W33/><G33/><T14/><D117/><U105/><E77/><V118/><F118/><W108/><G108/><T87/><D87/><U11/><E85/><V57/><F96/><W38/><G38/><T45/><D63/><N who="1" m="38015" /><E94/><V74/><F97/><W72/><G72/><T43/><AGARI ba="1,0" hai="14,18,22,25,26,43,45,51" m="34922,11273" machi="43" ten="30,2000,0" yaku="8,1,54,1" doraHai="58" who="0" fromWho="0" sc="230,23,210,-6,274,-11,286,-6" /><INIT seed="3,0,0,3,0,57" ten="253,204,263,280" oya="3" hai0="78,64,62,2,126,80,43,108,59,51,44,24,22" hai1="34,37,60,110,41,71,116,135,19,123,131,109,61" hai2="114,58,3,104,101,75,10,89,97,128,85,132,13" hai3="52,8,86,79,100,33,35,118,92,134,29,36,67"/><W20/><G118/><T16/><D108/><N who="1" m="41579" /><E116/><V91/><F3/><W94/><G36/><T120/><D126/><U38/><E34/><V87/><F75/><W129/><G129/><T122/><REACH who="0" step="1"/><D2/><REACH who="0" ten="243,204,263,280" step="2"/><U125/><E125/><V66/><F128/><W70/><G134/><T74/><AGARI ba="0,1" hai="16,22,24,43,44,51,59,62,64,74,78,80,120,122" machi="74" ten="20,12000,2" yaku="1,1,2,1,0,1,7,1,52,1,54,1,53,1" doraHai="57" doraHaiUra="73" who="0" fromWho="0" sc="243,130,204,-30,263,-30,280,-60" owari="373,47.3,174,-32.6,233,3.3,220,-18.0" /></mjloggm>