<mjloggm ver="2.3"><GO type="225" lobby="0"/><UN n0="%E9%AD%94%E7%A5%9E%E2%80%A0%E6%B8%8B%E5%B7%9D%E6%9D%B1%E5%A0%B4%E2%80%A0" n1="%E3%83%96%E3%83%83%E3%83%91%E3%82%AA%E3%83%96%E3%83%81%E3%82%AD%E3%83%B3" n2="%E7%99%BD%E5%80%89%E5%AF%9B%E4%B9%8B" n3="%E9%BB%99%E8%81%B4%E3%81%AE%E3%81%99%E3%82%9D%E3%82%81" dan="16,16,16,16" rate="2165.00,2136.48,2182.47,2066.52" sx="M,M,M,M"/><TAIKYOKU oya="0"/><INIT seed="0,0,0,4,2,38" ten="250,250,250,250" oya="0" hai0="90,135,106,37,104,79,94,134,60,2,101,72,13" hai1="21,126,131,92,117,108,100,115,98,8,39,80,19" hai2="40,48,52,67,77,107,32,28,5,25,51,12,69" hai3="3,70,123,102,27,85,116,62,83,76,22,91,125"/><T11/><D2/><U24/><E117/><V119/><F107/><W68/><G116/><T112/><D112/><U0/><E108/><V128/><F119/><W58/><G3/><T47/><D60/><U7/><E126/><V99/><F99/><W110/><G110/><T87/><D37/><U1/><E131/><V26/><F77/><W93/><G125/><T127/><D127/><U33/><E115/><V4/><F67/><W14/><G14/><T54/><D54/><U56/><E39/><V71/><F12/><W66/><G123/><T57/><D57/><U118/><E118/><V75/><F75/><W121/><G121/><T23/><D23/><U55/><E33/><V86/><F86/><W111/><G111/><T30/><D30/><U16/><E80/><V20/><F128/><W44/><G44/><T6/><D47/><U15/><REACH who="1" step="1"/><E7/><REACH who="1" ten="250,240,250,250" step="2"/><V78/><F4/><W49/><G49/><AGARI ba="0,1" hai="0,1,8,15,16,19,21,24,49,55,56,92,98,100" machi="49" ten="30,8000,1" yaku="1,1,2,1,7,1,54,1,53,1" doraHai="38" doraHaiUra="17" who="1" fromWho="3" sc="250,0,240,90,250,0,250,-80" /><INIT seed="1,0,0,2,1,14" ten="250,330,250,170" oya="1" hai0="108,109,36,37,133,51,101,77,96,97,47,94,8" hai1="50,26,3,7,98,52,44,102,99,89,103,57,62" hai2="42,9,1,11,56,46,86,110,55,87,72,25,41" hai3="116,35,132,130,135,0,2,21,27,75,54,66,23"/><U119/><E119/><V118/><F72/><W123/><G75/><T30/><D133/><N who="3" m="51273" /><G66/><T29/><D77/><U63/><E3/><N who="3" m="1066" /><G54/><T115/><D115/><U28/><E7/><V5/><F110/><N who="0" m="42602" /><D8/><U38/><E38/><N who="0" m="14953" /><D96/><U104/><E89/><V93/><F11/><W120/><G130/><T71/><D71/><U20/><REACH who="1" step="1"/><E44/><REACH who="1" ten="250,320,250,170" step="2"/><V81/><F46/><W68/><G116/><T70/><D70/><U128/><E128/><V83/><F118/><W95/><G68/><T69/><D69/><U122/><E122/><N who="3" m="46634" /><G95/><AGARI ba="0,1" hai="20,26,28,50,52,57,62,63,95,98,99,102,103,104" machi="95" ten="30,11600,0" yaku="1,1,7,1,54,1,53,1" doraHai="14" doraHaiUra="45" who="1" fromWho="3" sc="250,0,320,126,250,0,170,-116" /><INIT seed="1,1,0,1,5,115" ten="250,446,250,54" oya="1" hai0="110,77,81,23,94,50,52,21,49,87,5,12,7" hai1="85,41,22,16,39,59,8,129,75,3,56,25,135" hai2="53,55,104,100,82,106,131,32,38,42,122,2,68" hai3="99,11,19,31,113,92,84,102,112,24,125,40,93"/><U134/><E75/><V108/><F42/><W114/><G125/><T116/><D110/><U132/><E129/><V78/><F82/><W91/><G40/><T71/><D71/><U37/><E85/><V127/><F78/><W83/><G11/><N who="0" m="4207" /><D116/><U9/><E9/><V111/><F100/><W1/><G1/><T34/><D34/><U124/><E124/><V76/><F76/><W63/><G63/><T90/><D49/><U130/><E130/><V30/><F30/><W35/><REACH who="3" step="1"/><G19/><REACH who="3" ten="250,446,250,44" step="2"/><T118/><D7/><N who="1" m="1151" /><E41/><V51/><F2/><W70/><G70/><T46/><D118/><U133/><E133/><V96/><F68/><W47/><G47/><T48/><D50/><U61/><E61/><V62/><F51/><W64/><G64/><T69/><D69/><U128/><E128/><V72/><F62/><W67/><G67/><T26/><D46/><U44/><E44/><V54/><F131/><W120/><G120/><T89/><D48/><U28/><E16/><V6/><F122/><W117/><G117/><T15/><D52/><U103/><E134/><V43/><F55/><W86/><G86/><T97/><D87/><U57/><E135/><V17/><F54/><W98/><G98/><T27/><D97/><U126/><E132/><V73/><F53/><W74/><G74/><T109/><D109/><U60/><E126/><V33/><F127/><W105/><AGARI ba="1,1" hai="24,31,35,83,84,91,92,93,99,102,105,112,113,114" machi="105" ten="30,4000,0" yaku="1,1,0,1,53,1" doraHai="115" doraHaiUra="20" who="3" fromWho="3" sc="250,-11,446,-21,250,-11,44,53" /><INIT seed="2,0,0,3,4,126" ten="239,425,239,97" oya="2" hai0="81,24,60,11,109,94,12,70,102,63,125,107,135" hai1="80,53,27,9,45,7,22,131,119,78,57,10,79" hai2="95,0,14,120,1,133,130,3,77,75,122,51,65" hai3="83,92,124,21,52,99,86,90,56,113,31,42,112"/><V43/><F133/><W105/><G124/><T46/><D107/><U128/><E119/><V61/><F95/><W32/><G32/><T36/><D70/><U25/><E45/><V66/><F43/><W50/><G105/><T129/><D125/><U37/><E37/><V93/><F51/><W104/><G104/><T118/><D24/><N who="1" m="9291" /><E22/><V39/><F93/><W6/><G31/><T106/><D94/><U84/><E7/><V33/><F39/><W64/><G21/><T28/><D46/><U127/><E79/><V5/><F33/><W110/><G110/><T82/><D36/><U20/><E20/><V4/><F77/><W44/><G6/><N who="2" m="2665" /><F14/><W29/><G29/><T35/><D28/><U16/><E16/><V58/><F75/><W103/><REACH who="3" step="1"/><G64/><REACH who="3" ten="239,425,239,87" step="2"/><T69/><D35/><U100/><E127/><V54/><F66/><W48/><AGARI ba="0,1" hai="42,44,48,50,52,56,83,86,90,92,99,103,112,113" machi="48" ten="30,8000,1" yaku="1,1,2,1,0,1,54,1,53,1" doraHai="126" doraHaiUra="55" who="3" fromWho="3" sc="239,-20,425,-20,239,-40,87,90" /><INIT seed="3,0,0,1,5,51" ten="219,405,199,177" oya="3" hai0="96,23,113,135,42,128,85,64,38,27,110,133,91" hai1="92,62,41,1,127,74,104,11,20,82,105,44,31" hai2="17,129,3,36,18,29,66,94,16,103,12,102,56" hai3="52,97,72,124,119,73,25,33,53,22,112,63,118"/><W90/><G112/><T45/><D110/><U83/><E92/><V69/><F36/><W8/><G33/><T34/><D128/><U35/><E83/><V40/><F3/><W46/><G124/><T76/><D34/><U100/><E35/><V107/><F107/><W117/><G8/><T68/><D76/><N who="1" m="44311" /><E100/><N who="2" m="38443" /><F69/><W120/><G120/><T49/><D96/><U87/><E87/><V81/><F129/><W99/><G46/><T59/><D68/><U30/><E62/><N who="2" m="38215" /><F40/><W121/><G121/><T122/><D122/><U48/><E48/><V130/><F130/><W55/><G63/><N who="0" m="38015" /><D49/><U77/><E77/><V14/><F81/><W116/><N who="3" m="29696" /><DORA hai="5" /><W10/><G10/><T125/><D113/><U9/><E20/><V70/><F70/><W0/><G0/><T28/><D125/><U21/><E21/><V84/><F29/><N who="1" m="10761" /><E11/><N who="2" m="6175" /><F14/><W131/><G131/><T134/><D85/><U109/><E109/><V19/><F84/><W79/><G79/><T126/><D126/><U89/><E89/><AGARI ba="0,0" hai="23,27,28,38,42,45,89,91,133,134,135" m="38015" machi="89" ten="30,1000,0" yaku="20,1" doraHai="51,5" who="0" fromWho="1" sc="219,10,405,-10,199,0,177,0" owari="229,2.9,395,49.5,199,-20.1,177,-32.3" /></mjloggm>