<mjloggm ver="2.3"><GO type="225" lobby="0"/><UN n0="%E3%83%96%E3%83%83%E3%83%91%E3%82%AA%E3%83%96%E3%83%81%E3%82%AD%E3%83%B3" n1="%E5%B6%BA%E4%B8%8A%E5%92%B2" n2="%E6%9C%88%E5%B3%B6%E5%9F%BA" n3="%E6%81%A5%E6%99%92%E3%81%97" dan="16,16,16,16" rate="2214.12,2103.62,2080.35,2074.40" sx="M,F,M,M"/><TAIKYOKU oya="0"/><INIT seed="0,0,0,1,2,4" ten="250,250,250,250" oya="0" hai0="3,5,127,84,86,37,35,55,108,39,101,47,110" hai1="15,34,124,45,115,75,11,133,83,20,81,129,73" hai2="87,19,96,7,121,10,63,71,106,51,93,27,1" hai3="95,114,98,0,50,24,119,21,105,42,68,29,64"/><T59/><D35/><U99/><E34/><V77/><F121/><W74/><G114/><T28/><D28/><U117/><E117/><V38/><F38/><N who="0" m="14346" /><D101/><U57/><E129/><V30/><F106/><W43/><G74/><T130/><D47/><U80/><E133/><V132/><F132/><W103/><G119/><T111/><D130/><U78/><E124/><V66/><F51/><W48/><G0/><T2/><D127/><U12/><E115/><V65/><F65/><W49/><G68/><T128/><D128/><U69/><E69/><V82/><F19/><W135/><G135/><T94/><D94/><U88/><E45/><V122/><F122/><W72/><G72/><T56/><D56/><U17/><E57/><V97/><REACH who="2" step="1"/><F93/><REACH who="2" ten="250,250,240,250" step="2"/><W26/><G64/><T32/><D5/><N who="1" m="3183" /><E73/><V25/><F25/><N who="3" m="16559" /><G105/><T113/><D113/><U13/><E75/><V70/><F70/><W112/><G112/><T54/><D110/><U123/><E123/><V60/><F60/><W118/><G118/><T116/><D111/><U92/><E78/><V120/><F120/><W16/><G26/><AGARI ba="0,1" hai="13,15,17,20,26,80,81,83,88,92,99" m="3183" machi="26" ten="30,3900,0" yaku="8,1,52,1,54,1" doraHai="4" who="1" fromWho="3" sc="250,0,250,49,240,0,250,-39" /><INIT seed="1,0,0,4,0,103" ten="250,299,240,211" oya="1" hai0="19,120,2,50,17,134,43,129,66,91,104,131,108" hai1="125,16,47,94,55,45,3,86,14,132,41,126,46" hai2="56,93,112,115,62,114,116,26,88,8,113,6,122" hai3="22,49,90,18,72,97,92,124,39,15,105,35,65"/><U24/><E3/><V119/><N who="2" m="28672" /><DORA hai="7" /><V81/><F81/><W9/><G39/><T51/><D108/><U79/><E132/><V71/><F26/><W27/><G72/><T96/><D134/><U101/><E24/><V28/><F28/><W54/><G124/><N who="1" m="47722" /><E55/><N who="2" m="34079" /><F71/><W109/><G109/><T36/><D120/><U34/><E34/><V74/><F74/><W57/><G65/><T1/><D66/><U82/><E41/><V87/><F122/><W31/><REACH who="3" step="1"/><G105/><REACH who="3" ten="250,299,240,201" step="2"/><T38/><D104/><U135/><E135/><V42/><F42/><W130/><G130/><T80/><D43/><U78/><E78/><V99/><F87/><W64/><G64/><T30/><D131/><U102/><E94/><V13/><AGARI ba="0,1" hai="6,8,13,88,93,99,116,119" m="34079,28672" machi="13" ten="60,7900,0" yaku="11,1,52,1,54,1" doraHai="103,7" who="2" fromWho="2" sc="250,-20,299,-39,240,89,201,-20" /><INIT seed="2,0,0,1,5,35" ten="230,260,329,181" oya="2" hai0="91,24,109,70,37,75,31,95,9,92,3,77,89" hai1="21,32,120,5,97,117,112,33,62,108,4,60,38" hai2="54,59,42,106,103,125,74,65,36,129,27,64,57" hai3="13,131,101,66,96,110,118,68,14,28,43,122,46"/><V56/><F74/><W114/><G118/><T41/><D70/><U44/><E112/><V45/><F27/><W53/><G122/><T128/><D109/><U34/><E117/><V10/><F10/><W115/><G110/><T7/><D128/><U80/><E120/><V49/><F103/><W78/><G28/><T30/><D95/><U113/><E113/><N who="3" m="43018" /><G78/><T84/><D91/><U79/><E108/><V98/><F98/><W12/><G96/><T8/><D8/><U116/><E116/><V61/><F106/><W1/><G101/><T82/><REACH who="0" step="1"/><D24/><REACH who="0" ten="220,260,329,181" step="2"/><U87/><E97/><V58/><F129/><W135/><G131/><T132/><D132/><U130/><E130/><V22/><F125/><W83/><G135/><T23/><D23/><U25/><E33/><V67/><F22/><W26/><G26/><T85/><D85/><U16/><E32/><V47/><AGARI ba="0,1" hai="36,42,45,47,49,54,56,57,58,59,61,64,65,67" machi="47" ten="30,18000,2" yaku="0,1,35,6" doraHai="35" who="2" fromWho="2" sc="220,-60,260,-60,329,190,181,-60" /><INIT seed="2,1,0,2,4,85" ten="160,200,519,121" oya="2" hai0="53,24,30,73,90,111,70,102,95,63,77,98,86" hai1="42,51,35,6,127,114,131,43,28,83,123,38,20" hai2="67,82,1,125,108,47,61,126,93,11,0,33,106" hai3="88,5,45,3,40,87,80,101,120,55,64,124,14"/><V81/><F106/><W58/><G120/><T71/><D111/><U75/><E35/><V116/><F33/><W60/><G124/><N who="2" m="47721" /><F116/><W100/><G3/><N who="2" m="1097" /><F108/><W8/><REACH who="3" step="1"/><G64/><REACH who="3" ten="160,200,519,111" step="2"/><T92/><D63/><U115/><E123/><V128/><F67/><W41/><G41/><T37/><D53/><U36/><E43/><V91/><F61/><W96/><G96/><T89/><D37/><AGARI ba="1,1" hai="5,8,14,37,40,45,55,58,60,80,87,88,100,101" machi="37" ten="30,8000,1" yaku="1,1,7,1,52,1,54,1,53,1" doraHai="85" doraHaiUra="59" who="3" fromWho="0" sc="160,-83,200,0,519,0,111,93" /><INIT seed="3,0,0,0,3,116" ten="77,200,519,204" oya="3" hai0="110,76,60,131,123,57,51,77,73,20,119,117,18" hai1="43,12,101,53,128,84,93,38,118,100,109,8,125" hai2="0,74,7,121,5,86,95,103,50,92,79,27,132" hai3="39,46,133,96,13,15,58,34,55,21,4,19,56"/><W102/><G133/><T16/><D110/><U1/><E109/><V29/><F74/><W130/><G130/><T44/><D131/><U71/><E125/><V122/><F0/><W115/><G115/><T37/><D37/><U14/><E71/><V120/><F132/><W81/><G34/><T90/><D73/><U65/><E1/><V126/><F126/><W47/><G81/><T68/><D68/><U28/><E65/><V113/><F113/><W33/><G58/><T105/><D105/><U87/><E28/><V129/><F129/><W63/><G33/><T107/><D107/><U75/><E75/><V70/><F70/><W2/><G2/><T114/><D114/><U108/><E108/><V23/><F50/><W32/><G32/><T99/><D123/><U82/><E43/><V59/><F59/><W111/><G39/><T31/><D119/><U67/><E38/><V49/><F49/><W61/><G61/><T85/><D117/><U83/><E67/><V45/><F45/><W42/><G42/><T135/><D135/><U91/><E53/><V6/><F103/><W36/><G36/><T62/><D31/><U89/><E118/><V72/><F72/><W30/><G30/><T97/><D77/><N who="1" m="46159" /><E128/><V9/><F9/><N who="3" m="4263" /><G111/><T64/><D76/><U10/><E100/><V52/><F52/><W11/><G11/><N who="1" m="4138" /><E101/><V17/><F29/><W35/><G35/><T106/><D106/><U40/><E40/><V41/><F41/><W88/><G102/><T112/><D112/><U66/><E66/><V80/><AGARI ba="0,0" hai="5,6,7,17,23,27,79,80,86,92,95,120,121,122" machi="80" ten="40,8000,1" yaku="0,1,13,1,52,3" doraHai="116" who="2" fromWho="2" sc="77,-20,200,-20,519,80,204,-40" owari="57,-44.3,180,-2.0,599,69.9,164,-23.6" /></mjloggm>