<mjloggm ver="2.3"><GO type="225" lobby="0"/><UN n0="%E3%81%90%E3%81%A1%E3%82%84%E3%81%BE" n1="%6E%69%63%6F%6E%74%6F" n2="%E5%A4%8F%E9%88%B4%E9%88%B4%E5%A4%8F" n3="%E3%83%A9%E3%82%A4%E3%83%B3%E3%81%AE%E8%99%8E" dan="16,16,16,16" rate="2127.35,2143.40,2172.79,2177.72" sx="M,M,F,M"/><TAIKYOKU oya="0"/><INIT seed="0,0,0,3,0,27" ten="250,250,250,250" oya="0" hai0="71,57,102,109,87,8,24,95,113,88,1,74,23" hai1="48,125,99,16,118,120,30,93,3,107,123,43,51" hai2="15,129,6,98,76,63,18,97,39,106,61,117,10" hai3="60,131,45,32,42,19,86,82,70,65,132,104,26"/><T96/><D113/><U73/><E118/><V110/><F110/><W91/><G131/><T41/><D71/><U20/><E73/><V5/><F129/><W38/><G132/><T36/><D74/><U17/><E3/><V101/><F39/><W47/><G104/><T72/><D72/><U126/><E107/><V94/><F76/><W135/><G135/><T103/><D109/><U128/><E128/><V49/><F49/><N who="1" m="19017" /><E43/><V133/><F117/><W7/><G47/><T50/><D36/><U77/><E77/><V66/><F61/><W92/><G7/><T0/><D8/><U114/><E114/><V62/><F63/><W134/><G134/><T81/><D103/><N who="1" m="60911" /><E123/><V59/><REACH who="2" step="1"/><F133/><REACH who="2" ten="250,250,240,250" step="2"/><W115/><G115/><T79/><D79/><U40/><E120/><V46/><F46/><W53/><G53/><T56/><D41/><U58/><E40/><V78/><F78/><W33/><G38/><T52/><REACH who="0" step="1"/><D57/><REACH who="0" ten="240,250,240,250" step="2"/><U127/><E58/><V111/><F111/><W12/><G42/><T75/><D75/><U25/><AGARI ba="0,2" hai="16,17,20,25,30,125,126,127" m="60911,19017" machi="25" ten="40,5200,0" yaku="18,1,52,1,54,1" doraHai="27" who="1" fromWho="1" sc="240,-26,250,72,240,-13,250,-13" /><INIT seed="1,0,0,5,3,41" ten="214,322,227,237" oya="1" hai0="15,67,100,55,6,123,78,79,115,135,69,124,52" hai1="63,17,114,27,33,70,89,35,101,25,24,37,45" hai2="23,102,80,98,86,36,10,40,103,30,44,125,122" hai3="49,96,7,22,90,88,106,104,12,109,46,121,128"/><U97/><E114/><V99/><F122/><W66/><G121/><T61/><D123/><U39/><E89/><V71/><F125/><W14/><G109/><T2/><D115/><U112/><E17/><V132/><F132/><W64/><G128/><T129/><D129/><U28/><E112/><V34/><F71/><W118/><G118/><T117/><D117/><U76/><E76/><V134/><F134/><W48/><G96/><T47/><D124/><U20/><E20/><V127/><F127/><W8/><G22/><T54/><D2/><U42/><E39/><V120/><F120/><W92/><G92/><T130/><D130/><U95/><E35/><V0/><F34/><W18/><G18/><T105/><D135/><U60/><E60/><V74/><F23/><W11/><REACH who="3" step="1"/><G7/><REACH who="3" ten="214,322,227,227" step="2"/><T84/><D6/><U13/><E95/><V43/><F99/><W21/><G21/><T73/><D105/><U53/><E97/><V58/><F98/><W19/><G19/><T31/><D31/><U75/><E28/><V82/><F30/><W133/><G133/><T9/><D100/><U72/><E101/><V65/><F103/><W51/><G51/><T50/><D73/><U93/><E72/><V116/><F102/><W62/><G62/><T4/><REACH who="0" step="1"/><D84/><REACH who="0" ten="204,322,227,227" step="2"/><U110/><E75/><V126/><F74/><W29/><G29/><T5/><D5/><U131/><E131/><V85/><F126/><W107/><G107/><T68/><D68/><U111/><E70/><V94/><F86/><W108/><G108/><T81/><D81/><N who="2" m="31338" /><F85/><W91/><G91/><T32/><D32/><RYUUKYOKU ba="0,2" sc="204,15,322,-15,227,-15,227,15" hai0="4,9,15,47,50,52,54,55,61,67,69,78,79" hai3="8,11,12,14,46,48,49,64,66,88,90,104,106" /><INIT seed="2,1,2,3,4,53" ten="219,307,212,242" oya="2" hai0="125,100,11,56,95,62,3,85,49,16,21,91,81" hai1="51,124,132,127,19,55,133,120,23,65,12,7,13" hai2="25,35,82,84,93,10,63,73,86,115,47,131,50" hai3="30,22,54,110,8,90,114,107,1,33,41,57,77"/><V118/><F115/><W102/><G110/><T40/><D125/><N who="1" m="48203" /><E120/><V97/><F118/><W113/><G33/><T2/><D11/><N who="1" m="4223" /><E65/><V101/><F131/><W123/><G77/><T104/><D104/><U70/><E70/><V58/><F73/><W87/><G41/><T67/><D100/><U26/><E26/><V36/><F36/><W92/><G123/><T69/><D95/><U0/><E0/><V96/><F96/><W116/><G116/><T14/><REACH who="0" step="1"/><D69/><REACH who="0" ten="209,307,212,242" step="2"/><U79/><E79/><V71/><F10/><W94/><G94/><T4/><D4/><U135/><E135/><V44/><F71/><W111/><G102/><T42/><D42/><U15/><E15/><V83/><F82/><W99/><G107/><T89/><D89/><U122/><E122/><V66/><F83/><W103/><G8/><T43/><D43/><U34/><E133/><V74/><F74/><W61/><G1/><T28/><D28/><U64/><E132/><V20/><F35/><W68/><G68/><T129/><D129/><U17/><E34/><V18/><REACH who="2" step="1"/><F47/><AGARI ba="1,3" hai="2,3,14,16,21,40,47,49,56,62,67,81,85,91" machi="47" ten="40,8000,1" yaku="1,1,52,1,54,1,53,1" doraHai="53" doraHaiUra="46" who="0" fromWho="2" sc="209,113,307,0,212,-83,242,0" /><INIT seed="3,0,0,2,2,81" ten="322,307,129,242" oya="3" hai0="19,100,121,29,71,16,80,4,37,114,105,96,117" hai1="31,24,36,75,90,53,44,21,7,60,104,116,6" hai2="26,72,51,67,95,82,58,18,108,54,109,88,3" hai3="97,70,61,94,47,14,59,78,63,101,124,134,65"/><W87/><BYE who="1" /><G124/><T12/><D117/><U113/><E113/><V125/><F125/><W15/><G134/><T9/><D121/><U91/><E91/><V68/><F3/><W85/><G47/><T50/><D37/><U48/><E48/><V41/><F41/><W17/><G78/><T119/><D119/><U118/><E118/><V32/><F67/><UN n1="%6E%69%63%6F%6E%74%6F" /><W45/><G45/><T8/><D71/><U38/><E116/><V106/><F106/><W27/><G27/><T127/><D127/><U64/><E104/><V76/><F68/><W83/><G83/><T120/><D120/><U107/><E75/><V49/><F49/><W126/><G126/><T115/><D29/><U22/><E22/><V102/><F102/><W2/><G2/><T20/><D19/><U93/><E107/><V11/><F32/><W69/><G14/><T52/><D80/><U55/><E38/><V92/><F92/><W66/><G59/><N who="0" m="33175" /><D4/><U123/><E123/><V42/><F42/><W129/><G129/><T43/><D43/><U111/><E111/><V40/><F40/><W28/><G28/><T122/><D122/><U112/><E112/><AGARI ba="0,0" hai="8,9,12,16,20,96,100,105,112,114,115" m="33175" machi="112" ten="30,3900,0" yaku="11,1,54,2" doraHai="81" who="0" fromWho="1" sc="322,39,307,-39,129,0,242,0" owari="361,46.1,268,6.8,129,-37.1,242,-15.8" /></mjloggm>