<mjloggm ver="2.3"><GO type="225" lobby="0"/><UN n0="%E6%A1%9C%E8%8A%B1%E9%96%83%E3%80%85" n1="%E4%BF%BA%E3%81%A8%E5%A6%96%E5%A4%A2" n2="%E5%91%A8%E6%9D%B1" n3="%E7%99%BD%E5%80%89%E5%AF%9B%E4%B9%8B" dan="17,16,16,16" rate="2261.90,2262.08,2188.07,2183.92" sx="M,F,M,M"/><TAIKYOKU oya="0"/><INIT seed="0,0,0,1,2,60" ten="250,250,250,250" oya="0" hai0="6,94,57,80,128,32,15,108,62,72,78,61,18" hai1="45,74,129,24,70,133,43,71,123,35,47,63,9" hai2="20,89,101,26,4,59,84,114,102,5,127,51,36" hai3="38,50,2,117,3,22,115,104,28,21,37,29,23"/><T86/><D128/><U39/><E123/><V65/><F36/><W118/><G50/><T54/><D32/><U75/><E129/><V130/><F130/><W95/><G95/><T106/><D106/><U8/><E133/><V107/><F114/><W68/><G68/><T105/><D105/><U100/><E100/><N who="2" m="38507" /><F107/><W33/><G104/><T12/><D108/><U16/><E47/><V135/><F135/><W73/><G73/><T53/><D72/><U92/><E92/><V124/><F127/><W44/><G44/><T30/><D30/><N who="3" m="11881" /><G33/><T120/><D120/><U52/><E71/><V10/><F124/><W119/><G115/><T125/><D125/><U116/><E116/><V88/><F10/><W27/><G27/><T93/><D61/><U98/><E35/><V91/><F84/><W81/><G81/><T83/><D83/><U87/><E87/><V97/><F97/><W132/><G132/><T25/><D25/><U131/><E98/><V69/><F69/><W56/><G56/><T99/><D99/><U46/><E131/><V77/><F77/><W31/><N who="3" m="11889" /><W66/><DORA hai="55" /><G66/><N who="0" m="39247" /><D94/><U79/><E75/><V13/><F65/><W42/><G42/><T109/><D93/><U96/><E96/><V113/><F113/><W1/><AGARI ba="0,0" hai="1,2,3,21,22,23,37,38,117,118,119" m="11889" machi="1" ten="50,8000,1" yaku="29,2,28,2" doraHai="60,55" who="3" fromWho="3" sc="250,-40,250,-20,250,-20,250,80" /><INIT seed="1,0,0,0,3,74" ten="210,230,230,330" oya="1" hai0="20,98,32,2,126,3,117,65,39,86,99,66,33" hai1="123,114,57,23,36,134,13,72,104,53,21,12,59" hai2="8,128,41,92,22,37,6,7,26,122,15,35,60" hai3="10,71,48,45,112,88,62,121,28,63,82,100,49"/><U95/><E114/><V93/><F122/><W85/><G112/><T115/><D115/><U67/><E123/><V34/><F128/><W44/><G121/><T40/><D20/><N who="1" m="7755" /><E104/><V55/><F6/><W89/><G28/><T14/><D14/><N who="1" m="5739" /><E36/><V75/><F75/><W68/><G100/><T17/><D17/><U108/><E72/><V11/><F11/><W132/><G10/><T30/><D30/><U50/><E134/><V52/><F37/><W118/><G85/><T54/><D86/><U77/><E108/><V97/><F41/><W16/><G16/><T133/><D39/><U64/><E77/><V102/><F93/><W94/><G94/><T103/><D117/><U129/><E129/><V119/><F119/><W27/><G118/><T38/><D38/><U105/><E105/><V107/><F107/><W51/><G51/><T110/><D110/><U135/><E135/><V96/><F96/><W19/><G19/><T109/><D109/><U58/><E95/><V0/><F0/><W73/><G73/><T131/><D131/><U113/><E113/><V81/><F35/><W29/><G29/><T91/><D133/><U1/><E1/><V90/><F34/><W106/><G106/><T84/><D2/><U127/><E127/><V9/><F9/><W83/><REACH who="3" step="1"/><G132/><REACH who="3" ten="210,230,230,320" step="2"/><T25/><D103/><U78/><E78/><V125/><F102/><W116/><G116/><T101/><D101/><U56/><AGARI ba="0,1" hai="50,53,56,57,58,59,64,67" m="5739,7755" machi="56" ten="30,1500,0" yaku="8,1" doraHai="74" who="1" fromWho="1" sc="210,-5,230,25,230,-5,320,-5" /><INIT seed="1,1,0,3,2,78" ten="205,255,225,315" oya="1" hai0="109,2,116,133,81,122,71,15,83,88,4,11,18" hai1="6,104,57,80,27,63,3,105,86,41,125,53,8" hai2="0,85,43,34,54,5,1,36,56,38,89,35,127" hai3="98,59,62,119,94,32,131,130,99,64,21,115,16"/><U48/><E125/><V87/><F127/><W106/><G32/><T74/><D116/><U93/><E93/><V30/><F30/><W37/><G37/><T77/><D109/><U114/><E114/><V79/><F79/><W97/><G115/><T67/><D133/><U84/><E84/><V69/><F69/><W75/><G75/><T28/><D122/><U111/><E111/><V100/><F100/><W52/><G119/><T39/><D39/><U40/><E27/><V7/><F56/><W95/><G106/><T33/><D67/><U44/><REACH who="1" step="1"/><E41/><REACH who="1" ten="205,245,225,315" step="2"/><V108/><F108/><W132/><G132/><T82/><D88/><AGARI ba="1,1" hai="3,6,8,40,44,48,53,57,63,80,86,88,104,105" machi="88" ten="30,18000,2" yaku="1,1,2,1,7,1,52,1,54,1,53,1" doraHai="78" doraHaiUra="42" who="1" fromWho="0" sc="205,-183,245,193,225,0,315,0" /><INIT seed="1,2,0,4,4,32" ten="22,438,225,315" oya="1" hai0="43,70,50,28,71,5,131,2,8,61,60,22,99" hai1="29,42,67,112,85,89,83,24,79,118,105,95,116" hai2="34,12,15,37,91,58,18,125,103,44,68,126,16" hai3="86,13,76,19,47,23,52,130,1,66,72,64,84"/><U7/><E112/><V69/><F34/><W54/><G130/><T49/><D131/><U55/><E105/><V10/><F103/><W33/><G33/><T14/><D99/><U62/><E55/><N who="3" m="21034" /><G1/><T56/><D56/><U78/><E78/><V102/><F102/><W53/><G72/><T122/><D122/><U35/><E42/><V114/><F114/><W111/><G111/><T17/><D28/><U36/><E36/><V132/><F58/><W92/><G92/><T135/><D135/><U100/><E100/><V11/><F132/><W4/><G4/><T107/><D107/><U9/><E67/><N who="3" m="25642" /><G76/><T73/><D73/><U30/><E30/><V110/><F110/><W25/><G25/><T57/><D57/><U39/><E62/><V6/><F6/><W98/><G98/><T3/><D3/><U27/><E27/><V113/><F113/><W20/><G20/><T74/><D74/><U108/><E39/><V80/><F37/><W63/><G63/><T45/><REACH who="0" step="1"/><D50/><AGARI ba="2,0" hai="13,19,23,47,50,53,84,86" m="25642,21034" machi="50" ten="30,2000,0" yaku="8,1,54,1" doraHai="32" who="3" fromWho="0" sc="22,-26,438,0,225,0,315,26" owari="-4,-50.4,438,53.8,225,-17.5,341,14.1" /></mjloggm>