<mjloggm ver="2.3"><GO type="225" lobby="0"/><UN n0="%E5%8C%97%E6%AC%A7%E3%81%AE%E3%82%82%E3%81%93%E3%81%86" n1="%E3%82%B3%E3%83%90%E3%83%AC%E3%82%A4" n2="%41%6F%54" n3="%E3%83%B4%E3%83%A0%EF%BC%99%E3%81%A6" dan="16,16,16,16" rate="2113.58,2153.56,2096.83,2159.65" sx="M,M,M,M"/><TAIKYOKU oya="0"/><INIT seed="0,0,0,3,0,100" ten="250,250,250,250" oya="0" hai0="89,15,29,52,39,33,84,107,11,50,98,96,4" hai1="24,131,111,72,57,73,82,23,85,68,110,21,77" hai2="127,130,59,25,32,56,47,67,102,6,55,74,126" hai3="70,27,115,109,71,8,121,20,94,7,134,114,105"/><T64/><D39/><U22/><E68/><V106/><F74/><W80/><G109/><N who="1" m="41482" /><E131/><V43/><F130/><W90/><G80/><T17/><D64/><U58/><E24/><V66/><F6/><W108/><G108/><T1/><D33/><U122/><E122/><V99/><F32/><W132/><G121/><T119/><D29/><U40/><E40/><V88/><F25/><W113/><G105/><T125/><D119/><U95/><E95/><V81/><F81/><W75/><G75/><AGARI ba="0,0" hai="21,22,23,57,58,72,73,75,77,82,85" m="41482" machi="75" ten="40,1300,0" yaku="14,1" doraHai="100" who="1" fromWho="3" sc="250,0,250,13,250,0,250,-13" /><INIT seed="1,0,0,2,5,104" ten="250,263,250,237" oya="1" hai0="45,11,79,47,128,60,54,85,1,114,44,49,90" hai1="68,102,71,30,87,97,65,15,24,32,12,92,113" hai2="13,123,105,73,125,66,108,101,40,36,86,74,132" hai3="56,118,91,120,100,50,116,41,10,126,6,119,76"/><U48/><E113/><V96/><F123/><W21/><G120/><T130/><D114/><U3/><E3/><V131/><F13/><W33/><G33/><T75/><D75/><N who="2" m="28682" /><F86/><W69/><G69/><T17/><D79/><U121/><E121/><V26/><F26/><W51/><G76/><T81/><D60/><U31/><E31/><V25/><F108/><W0/><G100/><T27/><D27/><U23/><E71/><V67/><F67/><W59/><G21/><T115/><D115/><U2/><E2/><V8/><F8/><W52/><G126/><T88/><D90/><U124/><E124/><V103/><F103/><W80/><G41/><T89/><D89/><U107/><E23/><V99/><F99/><W84/><REACH who="3" step="1"/><G51/><REACH who="3" ten="250,263,250,227" step="2"/><T58/><D49/><U62/><E48/><V61/><F125/><W98/><G98/><T122/><D122/><U72/><E72/><V53/><F40/><W20/><G20/><T28/><D128/><U111/><E111/><V94/><F131/><W43/><G43/><T109/><D130/><U106/><E106/><V83/><F105/><W22/><G22/><T55/><D109/><U77/><E77/><V127/><F127/><W63/><G63/><T19/><D11/><U57/><E87/><V16/><F96/><W110/><G110/><T29/><D85/><U93/><E107/><V82/><F61/><W64/><G64/><T78/><D88/><N who="1" m="55431" /><E68/><V5/><F101/><W14/><G14/><T112/><D112/><U9/><E9/><V129/><F129/><W39/><G39/><T95/><D78/><U37/><E37/><RYUUKYOKU ba="0,1" sc="250,-15,263,15,250,-15,227,15" hai1="12,15,24,30,32,57,62,65,93,102" hai3="0,6,10,50,52,56,59,80,84,91,116,118,119" /><INIT seed="1,1,1,1,2,29" ten="235,278,235,242" oya="1" hai0="101,122,31,73,1,61,115,100,116,80,33,120,134" hai1="41,2,124,51,56,65,13,46,9,99,117,59,70" hai2="82,113,49,91,30,12,87,37,77,19,85,8,84" hai3="71,126,60,6,54,102,95,42,38,35,21,72,74"/><U7/><E117/><V96/><F113/><W114/><G21/><T62/><D116/><U133/><E124/><V22/><F37/><W98/><G114/><T55/><D115/><U3/><E133/><V107/><F107/><W109/><G126/><T132/><D1/><U128/><E128/><V69/><F69/><W5/><G109/><T108/><D108/><U4/><E99/><V118/><F118/><W135/><G135/><N who="0" m="51755" /><D73/><U103/><E103/><N who="0" m="39497" /><D80/><U104/><E104/><V32/><F32/><W112/><G35/><T127/><D127/><U75/><E75/><V111/><F111/><W79/><G112/><T23/><D23/><U58/><REACH who="1" step="1"/><E7/><REACH who="1" ten="235,268,235,242" step="2"/><V16/><F96/><W36/><G5/><T88/><D120/><U26/><E26/><N who="2" m="16727" /><F91/><W106/><G72/><T10/><D122/><U66/><E66/><V44/><F19/><W78/><G106/><T14/><D88/><U43/><E43/><AGARI ba="1,2" hai="8,12,16,43,44,49,77,82,84,85,87" m="16727" machi="43" ten="30,2000,0" yaku="8,1,54,1" doraHai="29" who="2" fromWho="1" sc="235,0,268,-23,235,43,242,0" /><INIT seed="2,0,0,5,5,46" ten="235,245,278,242" oya="2" hai0="114,48,20,28,130,19,3,74,12,77,83,129,121" hai1="11,118,93,26,123,6,22,37,82,18,92,65,125" hai2="7,36,9,51,101,75,68,38,34,76,5,64,132" hai3="52,21,27,108,4,63,94,30,71,58,13,8,0"/><V116/><F116/><W79/><G108/><T126/><D114/><U135/><E118/><V1/><F34/><W112/><G112/><T55/><D3/><U70/><E123/><V97/><F132/><W80/><G71/><T96/><D121/><U40/><E135/><V42/><F5/><W87/><G0/><T67/><D126/><U10/><E125/><V23/><F23/><W117/><G117/><T15/><D67/><U120/><E11/><V85/><F85/><W17/><REACH who="3" step="1"/><G94/><REACH who="3" ten="235,245,278,232" step="2"/><T62/><D129/><U95/><E120/><V91/><F68/><W84/><G84/><T122/><D130/><U57/><E70/><V78/><F1/><W111/><G111/><T16/><D122/><U47/><E82/><V69/><F69/><W24/><G24/><T41/><D96/><U98/><E98/><V90/><F97/><W2/><G2/><T66/><D83/><U56/><E95/><V107/><F75/><W127/><G127/><T49/><D74/><U32/><E93/><V50/><F107/><W113/><G113/><T100/><D12/><U45/><E92/><V134/><F134/><W106/><G106/><T25/><D15/><U33/><E26/><V105/><F105/><W29/><AGARI ba="0,1" hai="4,8,13,17,21,27,29,30,52,58,63,79,80,87" machi="29" ten="30,7900,0" yaku="1,1,0,1,8,1,54,1,53,0" doraHai="46" doraHaiUra="44" who="3" fromWho="3" sc="235,-20,245,-20,278,-39,232,89" /><INIT seed="3,0,0,5,5,91" ten="215,225,239,321" oya="3" hai0="108,73,63,123,49,38,24,48,130,122,13,78,41" hai1="109,93,98,66,96,124,44,80,88,53,33,28,97" hai2="107,71,51,34,101,77,84,54,125,100,0,8,47" hai3="64,35,67,3,32,46,57,11,81,45,50,120,19"/><W86/><G120/><T69/><D73/><U26/><E124/><V99/><F100/><W18/><G32/><T17/><D78/><U7/><E109/><V87/><F71/><W115/><G35/><T29/><D108/><U75/><E7/><V129/><F34/><W79/><G115/><T127/><D127/><U5/><E5/><V85/><F125/><W12/><G3/><T10/><D130/><U56/><E66/><N who="3" m="25130" /><G19/><T59/><D69/><U70/><E44/><V89/><F129/><W40/><G46/><T23/><D38/><U128/><E70/><V119/><F119/><W83/><G81/><T72/><D72/><U131/><E128/><V25/><F25/><W20/><G57/><T132/><D132/><U39/><E39/><V9/><F0/><W94/><G94/><T76/><D76/><U134/><E134/><V30/><F77/><W110/><G110/><T1/><D1/><U111/><E111/><V112/><F112/><W90/><G79/><T52/><REACH who="0" step="1"/><D41/><REACH who="0" ten="205,225,239,321" step="2"/><U36/><E36/><V16/><F54/><W113/><G113/><T22/><D22/><AGARI ba="0,1" hai="11,12,18,20,22,40,45,50,83,86,90" m="25130" machi="22" ten="30,1500,0" yaku="8,1" doraHai="91" who="3" fromWho="0" sc="205,-15,225,0,239,0,321,25" owari="190,-31.0,225,-17.5,239,3.9,346,44.6" /></mjloggm>