<mjloggm ver="2.3"><GO type="225" lobby="0"/><UN n0="%E5%A4%8F%E9%88%B4%E9%88%B4%E5%A4%8F" n1="%E7%99%BD%E5%80%89%E5%AF%9B%E4%B9%8B" n2="%E3%83%96%E3%83%83%E3%83%91%E3%82%AA%E3%83%96%E3%83%81%E3%82%AD%E3%83%B3" n3="%E6%B4%BE%E9%81%A3%E3%81%AE%E3%82%B8%E3%83%A3%E3%83%83%E3%82%AF" dan="16,16,16,17" rate="2101.67,2117.02,2229.04,2175.06" sx="M,M,M,M"/><TAIKYOKU oya="0"/><INIT seed="0,0,0,0,3,106" ten="250,250,250,250" oya="0" hai0="100,92,61,122,104,5,75,13,19,30,80,126,42" hai1="81,97,26,0,10,128,98,16,82,15,125,18,96" hai2="108,73,119,91,132,66,88,72,133,113,32,131,123" hai3="117,2,93,11,105,59,102,63,39,7,70,115,86"/><T56/><D122/><U124/><E128/><V3/><F123/><W24/><G115/><T4/><D126/><N who="1" m="48747" /><E0/><V29/><F113/><W34/><G117/><T69/><D104/><U20/><AGARI ba="0,0" hai="10,15,16,18,20,26,81,82,96,97,98" m="48747" machi="20" ten="40,2700,0" yaku="18,1,54,1" doraHai="106" who="1" fromWho="1" sc="250,-13,250,27,250,-7,250,-7" /><INIT seed="1,0,0,1,4,110" ten="237,277,243,243" oya="1" hai0="14,79,35,54,116,114,70,49,134,47,122,53,46" hai1="74,43,39,7,73,48,69,63,89,100,66,45,86" hai2="40,128,9,30,23,82,124,104,113,51,12,102,61" hai3="71,6,84,126,119,17,20,50,108,32,55,5,93"/><U44/><E100/><V78/><F124/><W94/><G108/><T37/><D35/><U133/><E7/><V62/><F128/><W95/><G71/><T13/><D79/><U64/><E64/><V26/><F102/><W16/><G32/><T24/><D116/><U52/><REACH who="1" step="1"/><E133/><REACH who="1" ten="237,267,243,243" step="2"/><V123/><F123/><W29/><G119/><T115/><D134/><U131/><E131/><V129/><F129/><W1/><G126/><T99/><D122/><U118/><E118/><V3/><F3/><W83/><G1/><T92/><D70/><U117/><E117/><V59/><F104/><W68/><G68/><T75/><D75/><U125/><E125/><V103/><F103/><W135/><G135/><T90/><D24/><U85/><E85/><V42/><F26/><N who="3" m="16583" /><G6/><T96/><D99/><U112/><E112/><V97/><F113/><W36/><G5/><T106/><D106/><U58/><E58/><V0/><F97/><W10/><G36/><T132/><D132/><U109/><E109/><V91/><F59/><N who="3" m="33271" /><G10/><T8/><D37/><U72/><E72/><V76/><F9/><W21/><G21/><T25/><D25/><U105/><E105/><V31/><F23/><W120/><G120/><T88/><D115/><U34/><E34/><V87/><F0/><W60/><G60/><T22/><D114/><U18/><E18/><V33/><F62/><W101/><G101/><N who="0" m="60551" /><D22/><U19/><E19/><V77/><F61/><W107/><G107/><T56/><D56/><U121/><E121/><V28/><F33/><W130/><G130/><T65/><D8/><U41/><E41/><RYUUKYOKU ba="0,1" sc="237,-15,267,15,243,-15,243,15" hai1="39,43,44,45,48,52,63,66,69,73,74,86,89" hai3="16,17,83,84,93,94,95" /><INIT seed="1,1,1,0,1,133" ten="222,282,228,258" oya="1" hai0="55,101,86,38,13,64,1,129,26,124,73,11,94" hai1="114,6,130,19,74,23,49,97,100,63,54,70,20" hai2="134,43,61,67,135,24,102,83,120,44,126,125,98" hai3="87,32,40,96,132,59,28,48,60,45,29,39,34"/><U115/><E74/><V2/><F2/><W52/><G132/><N who="2" m="50729" /><F83/><W104/><G87/><T81/><D38/><U72/><E72/><V121/><F24/><W113/><G113/><T131/><D1/><U76/><E76/><V107/><F120/><W92/><G104/><T103/><D73/><U62/><E130/><N who="0" m="49673" /><D124/><N who="2" m="47722" /><F121/><W88/><REACH who="3" step="1"/><G39/><REACH who="3" ten="222,282,228,248" step="2"/><T118/><D118/><U84/><E114/><V109/><F109/><W51/><G51/><T8/><D81/><U37/><E49/><N who="2" m="26783" /><F61/><W58/><G58/><T16/><D86/><U108/><E84/><V0/><F0/><W71/><G71/><T33/><D94/><U42/><E70/><V68/><F68/><W77/><G77/><T14/><D101/><U5/><E100/><V79/><F79/><W25/><G25/><T95/><D26/><U15/><E63/><V57/><F57/><W31/><AGARI ba="1,2" hai="28,29,31,32,34,40,45,48,52,59,60,88,92,96" machi="31" ten="30,7900,0" yaku="1,1,0,1,54,2,53,0" doraHai="133" doraHaiUra="111" who="3" fromWho="3" sc="222,-21,282,-40,228,-21,248,102" /><INIT seed="2,0,0,2,4,91" ten="201,242,207,350" oya="2" hai0="86,75,55,3,53,5,122,40,119,124,89,54,83" hai1="90,71,134,112,87,7,48,132,103,129,107,50,57" hai2="19,81,60,24,125,73,13,106,65,0,96,110,130" hai3="74,39,127,49,44,78,26,66,121,135,27,20,29"/><V30/><F0/><W34/><G121/><T6/><D122/><U16/><E71/><V69/><F125/><W117/><G117/><T113/><D124/><U22/><E112/><V46/><F130/><W70/><G127/><T12/><D113/><U100/><E129/><V15/><F110/><W2/><G2/><T21/><D119/><U114/><E7/><V31/><F46/><W59/><G70/><T98/><D40/><U42/><E114/><V18/><F73/><W36/><G135/><N who="1" m="51754" /><E42/><V94/><F81/><W102/><G102/><N who="1" m="38954" /><E57/><N who="2" m="37007" /><F106/><W97/><G59/><T25/><D3/><U47/><E47/><V64/><F64/><W123/><G66/><T105/><D105/><U58/><E58/><V38/><F38/><W133/><G123/><T68/><D68/><U63/><E63/><V115/><F69/><W28/><G133/><T45/><D45/><U9/><E9/><N who="2" m="6447" /><F24/><W72/><G39/><T82/><D25/><N who="1" m="14535" /><E107/><V104/><F104/><W101/><G36/><T111/><D111/><U131/><E131/><V11/><F115/><W51/><G44/><T23/><D55/><U79/><E79/><V95/><F96/><W10/><G78/><N who="0" m="44383" /><D98/><U1/><E1/><V88/><F88/><W41/><G41/><T80/><D54/><U43/><E43/><V62/><F62/><W61/><G61/><T93/><D53/><U56/><E56/><V120/><F120/><W4/><G51/><T128/><D128/><U118/><E118/><V99/><F99/><W92/><G49/><T17/><D23/><U8/><E8/><V32/><F32/><W108/><G108/><RYUUKYOKU ba="0,0" sc="201,0,242,0,207,0,350,0" hai0="5,6,12,17,21,80,83,86,89,93" hai1="48,50,87,90" hai2="11,15,19,30,31,94,95" hai3="4,10,20,26,27,28,29,34,72,74,92,97,101" /><INIT seed="2,1,0,0,5,86" ten="201,242,207,350" oya="2" hai0="10,124,122,19,121,54,42,114,80,110,106,14,39" hai1="62,88,130,50,123,103,95,128,135,102,49,129,38" hai2="108,73,105,55,8,2,97,84,4,58,21,74,30" hai3="34,69,96,132,68,131,20,44,46,3,111,125,56"/><V27/><F108/><W72/><G34/><T32/><D114/><U16/><E38/><V120/><F120/><W48/><G72/><T83/><D110/><U71/><E123/><V87/><F105/><W53/><G20/><T91/><D122/><U1/><E1/><V24/><F97/><W134/><G3/><T23/><D32/><U104/><E135/><V76/><F87/><W81/><G81/><T93/><D106/><U61/><E104/><V41/><F41/><W127/><G96/><T65/><D65/><N who="1" m="41391" /><E62/><V89/><F27/><W13/><G131/><T35/><D35/><U11/><E103/><V0/><F76/><W31/><G13/><T117/><D117/><U115/><E102/><V59/><F59/><W66/><G31/><T5/><D121/><U40/><E40/><V60/><REACH who="2" step="1"/><F0/><REACH who="2" ten="201,242,197,350" step="2"/><W82/><G82/><AGARI ba="1,1" hai="2,4,8,21,24,30,55,58,60,73,74,82,84,89" machi="82" ten="30,12000,1" yaku="1,1,2,1,7,1,52,1,53,1" doraHai="86" doraHaiUra="79" who="2" fromWho="3" sc="201,0,242,0,197,133,350,-123" /><INIT seed="2,2,0,5,2,133" ten="201,242,330,227" oya="2" hai0="51,119,76,109,75,16,5,134,52,92,11,135,118" hai1="46,81,105,79,18,36,24,95,121,8,21,124,43" hai2="17,9,2,77,39,22,34,45,38,0,78,111,82" hai3="89,60,56,41,130,90,86,64,123,88,65,122,7"/><V131/><F34/><W67/><G130/><T53/><D109/><U27/><E105/><V100/><F131/><W50/><G7/><T87/><D75/><U31/><E121/><V37/><F111/><W33/><G33/><T99/><D87/><U93/><E124/><V15/><F100/><W116/><G116/><N who="0" m="44587" /><D76/><U32/><REACH who="1" step="1"/><E8/><REACH who="1" ten="201,232,330,227" step="2"/><V35/><F35/><W80/><G122/><T6/><D6/><U104/><E104/><V70/><F70/><W83/><G123/><T14/><D5/><U66/><E66/><V58/><F78/><W55/><G80/><T117/><N who="0" m="44595" /><T114/><DORA hai="59" /><D114/><U129/><E129/><V61/><F9/><W20/><G20/><T96/><D96/><U1/><E1/><V74/><REACH who="2" step="1"/><F45/><AGARI ba="2,1" hai="41,45,50,55,56,60,64,65,67,83,86,88,89,90" machi="45" ten="40,5200,0" yaku="8,1,52,1,54,1" doraHai="133,59" who="3" fromWho="2" sc="201,0,232,0,330,-58,227,68" /><INIT seed="3,0,0,4,5,73" ten="201,232,272,295" oya="3" hai0="60,119,17,95,125,79,110,74,105,54,1,29,28" hai1="66,45,10,100,51,20,82,62,70,26,91,61,33" hai2="98,59,127,122,0,57,128,81,86,80,31,32,111" hai3="53,23,120,115,64,112,50,121,38,16,6,55,93"/><W72/><G38/><T63/><D119/><U3/><E33/><V129/><F0/><W22/><G6/><T37/><D105/><U30/><E100/><V96/><F111/><W84/><G72/><T114/><D37/><U83/><E3/><V9/><F9/><W134/><G134/><T2/><D110/><U132/><E132/><V56/><F127/><W14/><G64/><T34/><D17/><U11/><E62/><V35/><F122/><W130/><G130/><N who="2" m="50281" /><F31/><W85/><G93/><T69/><D95/><U75/><E83/><N who="2" m="31819" /><F86/><W117/><G117/><T41/><D1/><U104/><E104/><V5/><F5/><W94/><G94/><T65/><D2/><U99/><E99/><AGARI ba="0,0" hai="32,35,56,57,59,96,98,99" m="31819,50281" machi="99" ten="40,5200,0" yaku="28,2,19,1" doraHai="73" who="2" fromWho="1" sc="201,0,232,-52,272,52,295,0" owari="201,-19.9,180,-32.0,324,42.4,295,9.5" /></mjloggm>