<mjloggm ver="2.3"><GO type="225" lobby="0"/><UN n0="%72%61%6B%33" n1="%E6%80%AA%E3%81%97%E3%81%99%E3%81%8E%E3%82%8B%E3%83%81%E3%83%BC" n2="%E3%83%96%E3%83%83%E3%83%91%E3%82%AA%E3%83%96%E3%83%81%E3%82%AD%E3%83%B3" n3="%E3%83%A9%E3%83%BC%E3%83%A1%E3%83%B3%E4%BA%94%E9%83%8E" dan="16,16,16,16" rate="2130.81,2091.72,2131.59,2154.93" sx="M,M,M,M"/><TAIKYOKU oya="0"/><INIT seed="0,0,0,2,0,93" ten="250,250,250,250" oya="0" hai0="43,49,90,2,35,125,83,91,25,85,52,0,129" hai1="110,6,13,3,115,44,127,37,101,54,100,62,67" hai2="106,133,41,76,59,55,23,97,86,28,63,19,89" hai3="81,50,38,80,128,51,104,39,118,57,103,20,108"/><T95/><D125/><U31/><E3/><V60/><F133/><W42/><G118/><T71/><D71/><U105/><E127/><V107/><F41/><W65/><G108/><T66/><D66/><U21/><E110/><V15/><F28/><W84/><G128/><T40/><D129/><U11/><E115/><V126/><F126/><W4/><G4/><T87/><D2/><U109/><E109/><V69/><F76/><W24/><G80/><T36/><D36/><U92/><E105/><V134/><F134/><W94/><G104/><T111/><D0/><U26/><E92/><V73/><F73/><W53/><G65/><T12/><D111/><U120/><E120/><V79/><F79/><W82/><G39/><T102/><D102/><U30/><E30/><V122/><F122/><W7/><G7/><T116/><D116/><U74/><E74/><V5/><F5/><W131/><G38/><T17/><D25/><U99/><E99/><V22/><F22/><W124/><G131/><T114/><D35/><U29/><E29/><V34/><F34/><W58/><G124/><T72/><D72/><U130/><E130/><V46/><F107/><W88/><G103/><T121/><D114/><U119/><E119/><V112/><F106/><W1/><G1/><T113/><D113/><U48/><REACH who="1" step="1"/><E37/><REACH who="1" ten="250,240,250,250" step="2"/><V77/><F97/><W9/><G94/><T98/><D121/><U64/><E64/><V61/><F112/><W68/><G82/><T70/><D98/><U33/><E33/><V16/><F86/><W132/><G84/><N who="0" m="52679" /><D83/><U117/><E117/><V14/><F69/><AGARI ba="0,1" hai="6,11,13,21,26,31,44,48,54,62,67,69,100,101" machi="69" ten="30,7700,0" yaku="1,1,6,1,7,1,53,1" doraHai="93" doraHaiUra="18" who="1" fromWho="2" sc="250,0,240,87,250,-77,250,0" /><INIT seed="1,0,0,4,5,31" ten="250,327,173,250" oya="1" hai0="73,23,65,27,74,4,102,56,123,135,37,103,6" hai1="48,115,71,77,93,22,99,121,51,12,109,100,69" hai2="29,14,79,72,70,122,40,78,54,7,2,113,91" hai3="110,131,25,64,132,20,44,108,117,46,21,104,111"/><U88/><E121/><V92/><F122/><W53/><G104/><T128/><D37/><U129/><E115/><V26/><F113/><W13/><G131/><T28/><D123/><U62/><E129/><V49/><F70/><W35/><G132/><T125/><D128/><U58/><E77/><V0/><F40/><W15/><G117/><T55/><D65/><U127/><E69/><V83/><F78/><W87/><G64/><T38/><D38/><U66/><E127/><V47/><F14/><N who="3" m="5131" /><G87/><T19/><D135/><U30/><E109/><V10/><F10/><W45/><G53/><T90/><D74/><U18/><E71/><V105/><F105/><W106/><G106/><T67/><D67/><U112/><E112/><V107/><F107/><W86/><G86/><T75/><D75/><U33/><REACH who="1" step="1"/><E100/><REACH who="1" ten="250,317,173,250" step="2"/><V134/><F134/><W52/><G110/><T80/><D103/><U32/><E32/><V81/><F79/><W24/><G111/><T89/><D102/><U9/><E9/><V101/><F101/><W126/><G108/><T98/><D125/><U76/><E76/><V5/><F72/><W50/><G35/><T68/><D68/><U34/><E34/><V119/><F119/><W94/><G126/><T16/><D73/><U3/><E3/><V8/><F0/><W63/><G20/><T60/><D90/><U36/><E36/><V116/><F116/><W57/><G21/><T41/><D89/><U95/><E95/><V1/><F1/><W130/><G130/><T97/><D23/><U114/><E114/><V82/><F2/><W120/><G120/><RYUUKYOKU ba="0,1" sc="250,-10,317,30,173,-10,250,-10" hai1="12,18,22,30,33,48,51,58,62,66,88,93,99" /><INIT seed="1,1,1,4,4,118" ten="240,347,163,240" oya="1" hai0="90,81,29,17,134,35,39,123,8,44,28,131,45" hai1="115,74,7,18,76,104,40,73,129,31,14,108,41" hai2="96,103,30,57,53,48,12,102,66,109,62,127,110" hai3="88,54,93,19,20,135,80,132,82,120,32,13,133"/><U0/><E115/><V22/><F127/><W125/><G125/><T36/><D90/><U99/><E129/><V107/><F103/><W21/><G32/><T65/><D81/><N who="3" m="31337" /><G120/><T112/><D65/><U42/><E76/><V4/><F4/><W71/><G71/><T56/><D56/><U97/><E31/><V105/><F105/><W95/><G54/><T9/><D17/><U124/><E124/><V52/><F12/><N who="3" m="9319" /><G88/><T37/><D35/><U94/><E104/><V6/><F6/><W106/><G106/><T24/><D131/><U98/><E108/><V5/><F5/><W67/><G67/><T1/><D1/><U27/><E94/><V51/><F53/><W116/><G116/><T122/><D112/><U64/><E64/><V126/><F126/><W34/><G34/><T85/><D85/><U121/><E0/><V72/><F72/><W49/><G49/><T23/><D134/><U11/><E121/><N who="0" m="46089" /><D28/><U78/><E78/><V16/><F51/><W75/><G75/><T26/><D26/><U86/><E86/><V33/><F33/><W43/><G43/><N who="0" m="22631" /><D39/><U119/><E119/><V50/><F30/><W117/><G117/><T15/><D15/><U2/><REACH who="1" step="1"/><E27/><REACH who="1" ten="240,337,163,240" step="2"/><N who="2" m="14791" /><F66/><W84/><G84/><T25/><D25/><U92/><E92/><V89/><F89/><W111/><G95/><T70/><D70/><U68/><E68/><V61/><F110/><W100/><G111/><T58/><D58/><U114/><E114/><V3/><F109/><W128/><G135/><T63/><D29/><U77/><E77/><V113/><F113/><W69/><G133/><RYUUKYOKU ba="1,2" sc="240,-10,337,30,163,-10,240,-10" hai1="2,7,11,14,18,40,41,42,73,74,97,98,99" /><INIT seed="1,2,2,0,3,7" ten="230,367,153,230" oya="1" hai0="97,36,26,135,87,112,132,75,102,56,41,89,122" hai1="18,23,63,80,11,125,78,17,90,61,116,126,49" hai2="79,16,43,130,133,57,39,24,91,21,5,37,99" hai3="104,107,113,128,134,12,98,76,120,127,73,69,38"/><U1/><E116/><V48/><F130/><W88/><RYUUKYOKU type="yao9" ba="2,2" sc="230,0,367,0,153,0,230,0" hai3="12,38,69,73,76,88,98,104,107,113,120,127,128,134" /><INIT seed="1,3,2,3,4,27" ten="230,367,153,230" oya="1" hai0="77,57,98,33,8,41,64,49,12,124,104,36,67" hai1="58,73,16,99,50,60,131,79,47,114,2,117,85" hai2="133,101,32,82,87,26,126,15,44,22,70,76,128" hai3="39,96,69,109,5,3,90,45,92,35,91,56,25"/><U1/><E117/><V30/><F128/><W94/><G69/><T63/><D33/><U89/><E131/><V23/><F126/><W68/><G68/><T120/><D124/><U84/><E99/><V6/><F133/><W4/><G3/><T24/><D120/><U31/><E31/><V18/><F70/><W21/><G35/><T100/><D36/><U111/><E73/><V110/><F110/><W51/><G39/><T130/><D130/><U80/><E114/><V38/><F101/><W54/><G45/><T106/><D77/><U28/><E28/><V74/><F6/><W103/><G109/><T55/><D104/><U102/><E16/><V113/><F113/><W122/><G122/><T108/><D24/><U42/><E102/><V40/><F32/><W134/><G134/><T135/><D135/><U43/><E43/><V7/><REACH who="2" step="1"/><F7/><REACH who="2" ten="230,367,143,230" step="2"/><N who="3" m="2635" /><G94/><T116/><D108/><U17/><E111/><V10/><F10/><W132/><G132/><T52/><D41/><U115/><E115/><V48/><F48/><W86/><G103/><T127/><D127/><U37/><E50/><V118/><F118/><W83/><G51/><T19/><REACH who="0" step="1"/><D116/><REACH who="0" ten="220,367,143,230" step="2"/><U107/><E2/><V93/><F93/><W11/><G92/><T13/><D13/><U66/><E1/><V129/><F129/><W46/><G83/><T121/><D121/><U53/><E107/><V78/><F78/><W125/><G125/><T20/><D20/><U123/><E123/><V34/><F34/><W61/><G21/><T62/><D62/><U105/><E105/><V95/><F95/><W29/><G61/><RYUUKYOKU ba="3,4" sc="220,15,367,-15,143,15,230,-15" hai0="8,12,19,49,52,55,57,63,64,67,98,100,106" hai2="15,18,22,23,26,30,38,40,44,74,76,82,87" /><INIT seed="2,4,4,0,1,92" ten="235,352,158,215" oya="2" hai0="73,62,45,103,69,89,99,12,111,70,33,19,2" hai1="86,100,110,72,133,41,102,49,116,13,59,22,97" hai2="87,3,90,129,38,66,68,67,82,130,85,77,135" hai3="48,16,58,114,52,11,30,124,1,80,54,24,106"/><V84/><F135/><W64/><G106/><T120/><D2/><U43/><E72/><V47/><F3/><W20/><G124/><T83/><D120/><U91/><E110/><V55/><F68/><W118/><G118/><T76/><D33/><U112/><E112/><V39/><F39/><W88/><G114/><T28/><D28/><U75/><E75/><V31/><F31/><W96/><G1/><T60/><D111/><U21/><E102/><V6/><F6/><W10/><G64/><N who="2" m="24617" /><F77/><W8/><G54/><T94/><D45/><U74/><E74/><V95/><F82/><W0/><G0/><T134/><D134/><U127/><E116/><V131/><F55/><W37/><G37/><T78/><D78/><U40/><E127/><V29/><F29/><W115/><G115/><T44/><D44/><U105/><E133/><V4/><F4/><W107/><G107/><T9/><REACH who="0" step="1"/><D103/><REACH who="0" ten="225,352,158,215" step="2"/><U117/><E100/><V25/><F25/><W26/><G26/><T108/><D108/><U61/><E117/><V5/><F5/><W79/><G79/><T132/><D132/><U65/><E13/><V27/><F27/><W42/><G30/><T125/><D125/><U56/><E91/><V126/><F126/><W113/><G113/><T57/><D57/><U7/><E56/><V121/><F121/><W32/><G32/><T34/><D34/><U14/><E59/><V93/><F90/><W18/><G88/><T46/><D46/><U128/><E7/><V23/><F23/><W109/><G20/><T81/><D81/><U63/><E21/><V104/><F104/><RYUUKYOKU ba="4,5" sc="225,15,352,-15,158,15,215,-15" hai0="9,12,19,60,62,69,70,73,76,83,89,94,99" hai2="38,47,84,85,87,93,95,129,130,131" /><INIT seed="2,5,5,0,4,101" ten="240,337,173,200" oya="2" hai0="91,64,105,120,22,100,90,15,77,131,86,67,85" hai1="32,49,60,44,133,37,47,59,3,73,39,65,48" hai2="10,28,23,33,19,50,66,127,9,62,31,18,6" hai3="61,56,27,97,126,68,40,11,132,20,75,55,94"/><V119/><F119/><W63/><G75/><T104/><D100/><U92/><E3/><V93/><F127/><W125/><G132/><T76/><D15/><U114/><E32/><V34/><F50/><N who="1" m="19561" /><E92/><V95/><F62/><W4/><G40/><T84/><D22/><U25/><E25/><N who="2" m="14591" /><F66/><N who="0" m="25130" /><D131/><U36/><E73/><V121/><F121/><W113/><G113/><T30/><D30/><N who="2" m="11306" /><F95/><W110/><G68/><T116/><D120/><U52/><E133/><V82/><F82/><W45/><G45/><N who="1" m="17482" /><E65/><V135/><F93/><W79/><G126/><T107/><D116/><U0/><E0/><N who="2" m="199" /><F135/><W43/><G125/><T103/><D103/><U42/><E114/><V71/><F71/><W53/><G94/><T72/><D72/><U88/><E88/><AGARI ba="5,5" hai="76,77,84,85,86,88,90,91,104,105,107" m="25130" machi="88" ten="40,12000,2" yaku="28,2,52,3,54,1" doraHai="101" who="0" fromWho="1" sc="240,185,337,-135,173,0,200,0" /><INIT seed="3,0,0,0,0,30" ten="425,202,173,200" oya="3" hai0="89,56,96,7,55,120,0,110,90,60,41,93,76" hai1="9,123,115,135,8,106,133,128,131,43,26,10,11" hai2="46,87,82,118,64,75,28,74,117,122,112,124,13" hai3="42,25,31,108,105,3,23,27,20,98,73,62,113"/><W49/><G113/><T51/><D120/><U63/><E115/><V35/><F112/><W126/><G73/><N who="2" m="27657" /><F13/><W22/><G3/><T29/><D76/><U24/><E123/><V21/><F21/><W50/><G126/><T125/><D110/><U119/><E119/><N who="2" m="45579" /><F46/><W52/><G108/><T85/><D125/><U15/><E106/><V33/><F64/><W95/><G105/><T129/><D129/><N who="1" m="49739" /><E63/><V81/><F28/><N who="3" m="17447" /><G22/><T88/><D29/><U16/><E43/><V37/><F37/><W12/><G12/><T39/><D39/><U70/><E70/><V17/><F124/><W104/><G104/><T67/><D41/><U47/><E47/><V84/><F122/><W54/><G42/><T57/><REACH who="0" step="1"/><D96/><REACH who="0" ten="415,202,173,200" step="2"/><U44/><E135/><V36/><F36/><W79/><G79/><T58/><D58/><U116/><E133/><V45/><F45/><W134/><G134/><T80/><D80/><N who="2" m="30826" /><F17/><W102/><G54/><T34/><D34/><AGARI ba="0,1" hai="33,34,35,84,87" m="30826,45579,27657" machi="34" ten="40,8000,1" yaku="28,2,52,3" doraHai="30" who="2" fromWho="0" sc="415,-80,202,0,173,90,200,0" owari="335,43.5,202,-19.8,263,6.3,200,-30.0" /></mjloggm>