<mjloggm ver="2.3"><GO type="225" lobby="0"/><UN n0="%4B%2E%32%2E%4B%2E" n1="%E6%A1%9C%E8%8A%B1%E9%96%83%E3%80%85" n2="%E3%83%A9%E3%82%B9%E7%8E%87%EF%BC%93%E5%89%B2" n3="%E6%9D%B1%E9%A2%A8%E3%81%AE%E3%81%8D%E3%82%83%E3%81%B7%E3%81%95%E3%82%93" dan="16,17,17,16" rate="2152.12,2258.93,2225.14,2148.82" sx="M,M,F,M"/><TAIKYOKU oya="0"/><INIT seed="0,0,0,2,3,8" ten="250,250,250,250" oya="0" hai0="92,15,59,54,127,86,18,87,113,94,19,64,22" hai1="38,83,77,60,105,103,79,47,72,80,108,10,23" hai2="125,96,114,120,20,44,30,36,21,76,35,11,5" hai3="82,53,62,2,32,69,46,88,124,28,45,112,97"/><T130/><D113/><U84/><E108/><V81/><F114/><W131/><G112/><T12/><D127/><U43/><E23/><V122/><F125/><W42/><G124/><T63/><D130/><U95/><E105/><V73/><F96/><W115/><G131/><T6/><D6/><U34/><E34/><V33/><F21/><W71/><G2/><T100/><D64/><U49/><E60/><V99/><F20/><W85/><G115/><T93/><D100/><U98/><REACH who="1" step="1"/><E10/><AGARI ba="0,0" hai="10,12,15,18,19,22,54,59,63,86,87,92,93,94" machi="10" ten="40,7700,0" yaku="8,1,52,2" doraHai="8" who="0" fromWho="1" sc="250,77,250,-77,250,0,250,0" /><INIT seed="0,1,0,2,3,14" ten="327,173,250,250" oya="0" hai0="41,21,122,129,34,91,2,59,52,30,69,97,45" hai1="55,3,112,98,117,23,101,51,58,75,32,53,121" hai2="31,61,109,73,114,48,128,92,124,89,67,63,43" hai3="20,85,15,60,22,132,86,37,26,99,33,9,119"/><T28/><D69/><U12/><E117/><V5/><F73/><W40/><G119/><T0/><D34/><U7/><E32/><V16/><F114/><W57/><G132/><T81/><D122/><U19/><E121/><V133/><F133/><W62/><G33/><T70/><D70/><U84/><E75/><V135/><F135/><W105/><G37/><T47/><D129/><U103/><E112/><V113/><F113/><W95/><G40/><T54/><D97/><U64/><E64/><V44/><F109/><W107/><G107/><T116/><D116/><U27/><E3/><V106/><F106/><W25/><G105/><T39/><D91/><U100/><E84/><V13/><F124/><W96/><G15/><T79/><D47/><U36/><E36/><V50/><F128/><W68/><G9/><T10/><D54/><U11/><REACH who="1" step="1"/><E53/><REACH who="1" ten="327,163,250,250" step="2"/><V123/><F123/><W46/><G86/><T78/><D0/><U111/><E111/><V127/><F67/><W80/><G85/><T18/><D2/><U130/><E130/><V72/><F72/><W17/><G99/><AGARI ba="1,1" hai="7,11,12,19,23,27,51,55,58,98,99,100,101,103" machi="99" ten="40,5200,0" yaku="1,1,8,1,52,1,53,0" doraHai="14" doraHaiUra="76" who="1" fromWho="3" sc="327,0,163,65,250,0,250,-55" /><INIT seed="1,0,0,4,1,29" ten="327,228,250,195" oya="1" hai0="5,25,22,10,96,131,58,19,75,68,1,44,89" hai1="41,20,81,104,101,124,46,110,64,31,6,57,85" hai2="79,99,94,115,28,30,71,54,15,88,52,126,13" hai3="38,73,2,4,18,113,106,51,128,62,78,65,49"/><U32/><E124/><V76/><F71/><W11/><G113/><T98/><D75/><U86/><E6/><V9/><F126/><W55/><G128/><T21/><D68/><U100/><E110/><V67/><F115/><W7/><G106/><T91/><D131/><U17/><E31/><N who="2" m="11819" /><F67/><W80/><G7/><T134/><D134/><U120/><E85/><V14/><F9/><W45/><G18/><T123/><D123/><U133/><E32/><V72/><F72/><W42/><REACH who="3" step="1"/><G55/><AGARI ba="0,0" hai="13,14,15,52,54,55,76,79,88,94,99" m="11819" machi="55" ten="30,3900,0" yaku="8,1,54,2" doraHai="29" who="2" fromWho="3" sc="327,0,228,0,250,39,195,-39" /><INIT seed="2,0,0,0,0,106" ten="327,228,289,156" oya="2" hai0="83,122,53,81,78,26,123,132,135,51,112,99,2" hai1="64,100,77,134,15,63,97,87,86,4,113,12,129" hai2="48,22,57,119,118,67,94,0,10,8,1,50,35" hai3="39,101,7,116,89,46,54,60,108,76,82,95,130"/><V68/><F35/><W24/><G116/><T107/><D2/><U29/><E113/><V11/><F68/><W17/><G130/><T42/><D42/><U80/><E129/><V93/><F22/><W30/><G108/><T121/><D112/><U21/><E134/><N who="0" m="51241" /><D26/><N who="1" m="16591" /><E87/><V128/><F57/><W127/><G127/><T55/><D78/><U31/><E31/><V19/><F19/><W103/><G7/><T34/><D34/><U16/><E4/><V62/><F62/><W105/><G17/><T92/><D107/><U131/><E131/><V115/><F128/><W102/><G105/><T58/><D55/><U114/><E114/><V43/><F115/><W20/><G39/><T25/><D25/><U73/><E73/><V28/><F43/><W45/><G60/><T75/><D75/><U84/><E84/><V32/><F32/><W69/><G69/><T125/><D125/><U85/><E85/><V38/><F11/><W33/><G33/><T70/><D70/><U96/><E100/><AGARI ba="0,0" hai="51,53,58,81,83,92,99,100,121,122,123" m="51241" machi="100" ten="40,1300,0" yaku="20,1" doraHai="106" who="0" fromWho="1" sc="327,13,228,-13,289,0,156,0" /><INIT seed="3,0,0,1,3,58" ten="340,215,289,156" oya="3" hai0="46,32,111,17,9,6,41,122,25,33,28,18,73" hai1="19,11,75,2,59,38,48,68,127,66,61,36,133" hai2="112,89,40,87,4,94,99,69,63,39,70,104,107" hai3="123,34,3,130,116,109,65,95,23,62,54,131,108"/><W96/><G34/><T52/><D122/><U83/><E127/><V113/><F4/><W121/><G23/><T93/><D73/><U85/><E75/><V24/><F70/><N who="3" m="42295" /><G3/><T64/><D33/><U84/><E84/><V92/><F24/><W77/><G77/><T13/><D111/><N who="3" m="42569" /><G54/><T20/><D20/><U30/><E30/><V82/><F113/><W42/><G42/><T103/><D41/><U5/><E19/><V35/><F112/><W14/><G14/><T91/><D13/><U56/><E2/><V1/><F1/><W88/><G116/><T49/><D17/><U125/><E11/><V71/><F35/><W134/><G134/><T7/><D18/><U37/><E133/><V98/><F40/><W29/><G29/><T119/><D119/><U43/><E5/><V117/><F117/><W135/><G135/><T132/><D7/><U26/><E26/><V50/><F69/><W129/><AGARI ba="0,0" hai="88,95,96,121,123,129,130,131" m="42569,42295" machi="129" ten="40,12000,1" yaku="19,1,14,1,10,1,52,1,54,1" doraHai="58" who="3" fromWho="3" sc="340,-40,215,-40,289,-40,156,120" /><INIT seed="3,1,0,0,5,115" ten="300,175,249,276" oya="3" hai0="122,12,93,66,23,2,133,20,65,48,102,76,100" hai1="55,13,114,116,19,34,10,79,6,41,118,7,46" hai2="69,18,94,87,131,75,108,71,32,110,117,128,105" hai3="106,54,38,113,0,92,95,134,101,77,15,67,22"/><W27/><G38/><T16/><D2/><U33/><E79/><V3/><F75/><W74/><G0/><T58/><D122/><U61/><E114/><V130/><F105/><W83/><G113/><T132/><D76/><U37/><E55/><V39/><F3/><W4/><G67/><N who="0" m="25611" /><D93/><U28/><E61/><V49/><F39/><W52/><G134/><N who="0" m="51819" /><D23/><U35/><REACH who="1" step="1"/><E28/><REACH who="1" ten="300,165,249,276" step="2"/><V44/><F130/><W53/><G101/><T25/><D100/><U45/><E45/><V109/><F131/><W64/><G64/><T82/><D102/><U62/><E62/><V81/><F128/><W51/><G106/><T125/><D125/><U14/><E14/><V86/><F71/><W50/><G15/><T129/><D129/><U119/><AGARI ba="1,1" hai="6,7,10,13,19,33,34,35,37,41,46,116,118,119" machi="119" ten="40,12000,2" yaku="1,1,0,1,12,1,52,3,53,0" doraHai="115" doraHaiUra="56" who="1" fromWho="1" sc="300,-31,165,133,249,-31,276,-61" /><INIT seed="4,0,0,0,3,88" ten="269,298,218,215" oya="0" hai0="105,13,84,10,49,67,113,55,96,112,91,46,135" hai1="93,12,40,6,129,64,110,8,130,28,62,81,70" hai2="117,21,43,39,104,23,131,36,31,125,126,78,30" hai3="11,92,122,99,42,4,22,86,79,119,87,132,133"/><T59/><D105/><U89/><E110/><V37/><F104/><W16/><G42/><T24/><D96/><U5/><E28/><N who="2" m="10795" /><F43/><W94/><G119/><T120/><D120/><U127/><E127/><N who="2" m="48651" /><F78/><W58/><G58/><T25/><D135/><N who="3" m="51785" /><G122/><T53/><D67/><U98/><E40/><V103/><F103/><W100/><G79/><T111/><D111/><U9/><REACH who="1" step="1"/><E81/><REACH who="1" ten="269,288,218,215" step="2"/><V101/><F117/><W128/><G128/><T73/><D112/><U97/><E97/><V71/><F131/><W68/><G68/><T107/><D113/><U76/><E76/><V90/><F71/><W114/><G114/><T63/><D107/><U50/><E50/><V83/><F39/><W124/><G124/><T29/><D73/><U75/><E75/><V74/><F37/><W33/><G33/><T95/><D29/><U19/><E19/><AGARI ba="0,1" hai="10,13,19,24,25,46,49,53,55,59,63,84,91,95" machi="19" ten="30,5800,0" yaku="7,1,8,1,52,1" doraHai="88" who="0" fromWho="1" sc="269,68,288,-58,218,0,215,0" owari="337,43.7,230,3.0,218,-18.2,215,-28.5" /></mjloggm>