<mjloggm ver="2.3"><GO type="225" lobby="0"/><UN n0="%E3%83%96%E3%83%83%E3%83%91%E3%82%AA%E3%83%96%E3%83%81%E3%82%AD%E3%83%B3" n1="%E3%81%AF%E3%82%88%E3%81%8A%E3%81%98%E3%81%95%E3%82%93" n2="%E7%B4%94%E6%BD%94%E3%83%94%E3%83%A9%E3%83%8B%E3%82%A2" n3="%E6%A1%9C%E8%8A%B1%E9%96%83%E3%80%85" dan="16,16,17,16" rate="2223.40,2206.87,2235.85,2199.61" sx="M,M,M,M"/><TAIKYOKU oya="0"/><INIT seed="0,0,0,4,0,50" ten="250,250,250,250" oya="0" hai0="41,108,8,11,29,123,83,21,75,43,116,1,131" hai1="84,101,102,129,26,107,12,114,16,130,40,88,37" hai2="105,96,94,6,2,106,15,60,10,53,125,80,85" hai3="117,48,27,133,119,64,99,7,56,20,35,109,65"/><T82/><D116/><U126/><E126/><V49/><F60/><W9/><G35/><T124/><D123/><U62/><E114/><V89/><F2/><W59/><G109/><T111/><D124/><U128/><E107/><V110/><F110/><N who="0" m="42026" /><D131/><U118/><E118/><V120/><F120/><W63/><G133/><T45/><D75/><U36/><E26/><V90/><REACH who="2" step="1"/><F125/><REACH who="2" ten="250,250,240,250" step="2"/><W22/><G119/><T104/><D1/><U31/><E62/><V100/><F100/><W135/><G117/><T68/><D68/><U74/><E101/><V5/><F5/><W97/><G135/><T3/><D3/><U25/><E102/><V55/><F55/><N who="3" m="31847" /><G65/><T77/><D43/><U57/><E40/><V18/><F18/><N who="3" m="12695" /><G22/><T58/><D21/><U95/><E128/><V19/><F19/><W134/><G134/><T28/><D41/><U103/><E129/><V34/><F34/><W98/><G7/><T17/><D17/><U47/><E130/><V54/><F54/><W30/><G9/><T79/><D8/><U23/><E23/><V81/><F81/><W73/><G73/><T121/><D11/><U127/><E74/><V78/><F78/><W0/><G0/><T115/><D79/><U46/><E127/><V69/><F69/><W14/><G30/><T33/><D28/><U13/><E31/><V72/><F72/><W44/><G14/><T24/><D29/><U39/><E103/><V42/><F42/><W76/><G76/><T61/><D77/><U122/><E122/><V38/><F38/><N who="1" m="14953" /><E12/><V71/><F71/><W112/><G112/><T32/><D115/><RYUUKYOKU ba="0,1" sc="250,-15,250,-15,240,15,250,15" hai2="6,10,15,49,53,80,85,89,90,94,96,105,106" hai3="44,59,63,64,97,98,99" /><INIT seed="1,1,1,4,0,60" ten="235,235,255,265" oya="1" hai0="114,99,127,128,78,122,97,61,131,64,46,4,8" hai1="45,15,10,89,3,37,85,115,26,44,48,21,43" hai2="76,75,91,90,49,112,118,53,41,77,13,81,129" hai3="6,30,108,101,55,107,94,95,98,25,34,126,100"/><U16/><E115/><V23/><F118/><W24/><G108/><T52/><D114/><U79/><E3/><V59/><F112/><W87/><G126/><T68/><D127/><U73/><E73/><V84/><F129/><N who="0" m="49738" /><D122/><U116/><E116/><V57/><F41/><W71/><G71/><T117/><D117/><U135/><E135/><V18/><F75/><W19/><G6/><T17/><D17/><U111/><E111/><V63/><REACH who="2" step="1"/><F76/><REACH who="2" ten="235,235,245,265" step="2"/><W27/><G34/><T121/><D78/><U65/><E79/><V29/><F29/><W62/><G30/><T72/><D72/><U133/><E133/><V80/><F80/><W22/><G107/><T123/><D123/><U86/><E89/><V109/><F109/><W74/><G74/><T47/><D121/><U88/><E88/><V42/><F42/><W93/><G100/><T51/><D47/><U2/><E45/><V58/><F58/><N who="3" m="35167" /><G94/><T7/><D7/><U54/><E43/><V130/><F130/><W103/><G101/><T124/><D124/><U38/><E37/><V14/><F14/><AGARI ba="1,2" hai="4,8,14,46,51,52,61,64,68,97,99" m="49738" machi="14" ten="30,3900,0" yaku="19,1,52,1,54,1" doraHai="60" who="0" fromWho="2" sc="235,62,235,0,245,-42,265,0" /><INIT seed="2,0,0,1,5,37" ten="297,235,203,265" oya="2" hai0="44,92,112,66,48,115,127,32,24,113,122,69,110" hai1="135,26,7,19,80,12,13,121,14,132,95,74,76" hai2="30,119,98,84,57,53,79,100,2,91,61,68,60" hai3="47,107,67,96,120,22,70,25,15,83,85,59,34"/><V126/><F119/><W11/><G120/><T54/><D122/><U90/><E121/><V63/><F2/><W42/><G70/><T4/><D110/><U58/><E7/><V106/><F126/><W101/><G34/><T73/><D127/><U29/><E58/><V17/><F30/><W65/><G59/><T8/><D73/><U39/><E39/><V36/><F36/><W77/><G22/><T82/><D82/><U102/><E102/><V40/><F40/><W99/><G25/><T55/><D92/><U45/><E45/><V131/><F131/><W56/><G99/><T49/><D69/><U103/><E103/><V123/><F123/><W118/><G56/><T50/><D66/><U6/><E19/><V1/><F68/><W108/><G108/><T72/><D72/><U27/><E6/><V23/><F79/><W35/><G35/><T94/><D94/><U134/><REACH who="1" step="1"/><E29/><REACH who="1" ten="297,225,203,265" step="2"/><V109/><F109/><W130/><G47/><T18/><D44/><U46/><E46/><V124/><F124/><W38/><G38/><T28/><REACH who="0" step="1"/><D18/><REACH who="0" ten="287,225,203,265" step="2"/><U9/><E9/><V5/><F5/><W10/><G11/><T78/><D78/><U41/><E41/><V104/><F106/><W128/><G42/><T75/><D75/><U116/><E116/><V16/><F17/><N who="3" m="8439" /><G118/><T43/><D43/><U31/><E31/><V3/><F60/><W51/><G51/><T64/><D64/><N who="3" m="24649" /><G130/><T125/><D125/><U93/><E93/><N who="2" m="54503" /><F61/><W0/><G128/><T111/><D111/><U33/><E33/><V87/><F87/><AGARI ba="0,2" hai="12,13,14,26,27,74,76,80,87,90,95,132,134,135" machi="87" ten="50,3200,0" yaku="1,1,20,1,53,0" doraHai="37" doraHaiUra="117" who="1" fromWho="2" sc="287,0,225,52,203,-32,265,0" /><INIT seed="3,0,0,4,5,27" ten="287,277,171,265" oya="3" hai0="129,9,98,132,123,48,0,19,96,53,46,49,36" hai1="24,85,50,29,16,79,22,82,92,42,21,114,47" hai2="112,10,39,43,40,71,94,4,91,110,6,61,130" hai3="69,81,135,125,134,18,95,101,66,60,75,88,62"/><W13/><G125/><T12/><D123/><U56/><E114/><V74/><F112/><W78/><G101/><T108/><D36/><U41/><E56/><V128/><F74/><W87/><REACH who="3" step="1"/><G62/><REACH who="3" ten="287,277,171,255" step="2"/><T127/><D127/><U131/><E131/><N who="2" m="50219" /><F110/><W118/><G118/><T37/><D129/><U63/><E63/><V7/><F39/><W107/><G107/><T100/><D37/><U8/><E92/><V77/><F77/><W38/><G38/><T119/><D100/><U57/><E57/><V25/><F10/><AGARI ba="0,1" hai="10,13,18,60,66,69,75,78,81,87,88,95,134,135" machi="10" ten="40,3900,0" yaku="1,1,54,1,53,0" doraHai="27" doraHaiUra="55" who="3" fromWho="2" sc="287,0,277,0,171,-39,255,49" owari="287,8.7,277,-12.3,132,-36.8,304,40.4" /></mjloggm>