<mjloggm ver="2.3"><GO type="225" lobby="0"/><UN n0="%E5%AF%82%E5%AF%9E%E3%82%AE%E3%83%8D%E3%82%B9%E3%83%93%E3%83%BC%E3%83%AB" n1="%41%6F%54" n2="%E6%B7%91%E5%A5%B3%E3%81%AE%E5%97%9C%E3%81%BF" n3="%E6%98%93%E5%88%A9%E8%96%A9%E4%BC%AF" dan="16,16,16,17" rate="2182.01,2073.56,2095.00,2177.59" sx="M,M,M,F"/><TAIKYOKU oya="0"/><INIT seed="0,0,0,4,3,110" ten="250,250,250,250" oya="0" hai0="3,82,114,11,120,41,48,15,127,95,78,64,93" hai1="101,112,115,5,131,26,119,102,135,72,111,13,50" hai2="121,58,66,2,73,28,25,16,92,75,99,0,33" hai3="104,8,107,18,74,36,42,129,65,96,123,1,130"/><T47/><D114/><N who="1" m="43563" /><E119/><V51/><F121/><W97/><G74/><T49/><D120/><U132/><E111/><V116/><F116/><W90/><G65/><T35/><D127/><U100/><E131/><V118/><F118/><W88/><G42/><T67/><D35/><U84/><E72/><V125/><F125/><W19/><G8/><T91/><D3/><U126/><E126/><V10/><F0/><W34/><G1/><T70/><D70/><U22/><E50/><V55/><F66/><N who="0" m="25130" /><D49/><U89/><E13/><V56/><F56/><W32/><REACH who="3" step="1"/><G123/><REACH who="3" ten="250,250,250,240" step="2"/><T57/><D11/><U69/><E69/><V87/><F2/><W46/><G46/><T80/><D47/><U109/><E109/><V113/><F113/><W108/><G108/><T45/><D45/><U134/><E5/><V81/><F73/><W94/><G94/><T122/><D122/><U76/><E76/><V105/><F75/><W98/><G98/><T68/><D78/><U71/><E71/><V39/><F92/><W30/><G30/><T12/><D95/><N who="1" m="54695" /><E135/><V53/><F39/><AGARI ba="0,1" hai="18,19,32,34,36,39,88,90,96,97,104,107,129,130" machi="39" ten="25,6400,0" yaku="1,1,22,2,54,1,53,0" doraHai="110" doraHaiUra="83" who="3" fromWho="2" sc="250,0,250,0,250,-64,240,74" /><INIT seed="1,0,0,2,3,61" ten="250,250,186,314" oya="1" hai0="6,109,41,129,54,94,115,59,89,8,14,95,112" hai1="113,5,17,67,86,80,47,45,114,37,31,128,62" hai2="75,2,7,107,123,71,66,77,125,117,15,58,83" hai3="122,124,38,63,4,42,85,20,48,16,44,35,110"/><U87/><E128/><V105/><F117/><W111/><G122/><T60/><D129/><U12/><E5/><V76/><F123/><W118/><G35/><T53/><D109/><N who="3" m="41481" /><G124/><T28/><D41/><U46/><E31/><V9/><F125/><W74/><G74/><T23/><D95/><U18/><E37/><V68/><F76/><W88/><G4/><T134/><D134/><U52/><E86/><V19/><F58/><W102/><G102/><T100/><D100/><U98/><E98/><V82/><F82/><N who="3" m="49207" /><G63/><T57/><D23/><U106/><E106/><V81/><F81/><W120/><G120/><T78/><D28/><U24/><E113/><V27/><F71/><W51/><G118/><T34/><D34/><U121/><E114/><V11/><REACH who="2" step="1"/><F27/><AGARI ba="0,0" hai="16,20,27,38,42,44,48,51" m="49207,41481" machi="27" ten="30,3900,0" yaku="14,1,54,2" doraHai="61" who="3" fromWho="2" sc="250,0,250,0,186,-39,314,39" /><INIT seed="2,0,0,4,4,100" ten="250,250,147,353" oya="2" hai0="43,52,45,91,86,125,30,118,88,103,50,63,51" hai1="21,108,116,41,90,75,82,15,36,119,37,97,71" hai2="130,80,76,128,33,120,35,19,117,58,123,14,70" hai3="83,121,25,27,40,47,61,93,42,95,133,72,20"/><V96/><F70/><W34/><G121/><T57/><D125/><U24/><E71/><V56/><F117/><W54/><G133/><T109/><D118/><U22/><E108/><V112/><F112/><W65/><G54/><T53/><D109/><U77/><E37/><V132/><F132/><W17/><G42/><T6/><D103/><U98/><E41/><V62/><F96/><W10/><G10/><T111/><D111/><U127/><E36/><V78/><F14/><W28/><G83/><T55/><D30/><U73/><E73/><V110/><F19/><W114/><G72/><T38/><D6/><U46/><E46/><V92/><F110/><W81/><G81/><T79/><D79/><U69/><E69/><V8/><F80/><W74/><G74/><T11/><D11/><U0/><E0/><V48/><F8/><W49/><G114/><T12/><D12/><U5/><E98/><V105/><F92/><W135/><G135/><T29/><D29/><U124/><E119/><V1/><F48/><W32/><G32/><T59/><D86/><U104/><E116/><V107/><REACH who="2" step="1"/><F62/><REACH who="2" ten="250,250,137,353" step="2"/><W134/><G134/><T68/><D68/><AGARI ba="0,1" hai="17,20,25,27,28,34,40,47,49,61,65,68,93,95" machi="68" ten="30,1000,0" yaku="7,1" doraHai="100" who="3" fromWho="0" sc="250,-10,250,0,137,0,353,20" /><INIT seed="3,0,0,5,3,49" ten="240,250,137,373" oya="3" hai0="11,37,17,25,1,48,54,72,34,8,51,80,79" hai1="28,52,29,64,134,112,53,91,20,15,35,71,114" hai2="103,66,9,87,123,107,67,116,63,74,106,40,7" hai3="102,13,82,3,113,118,50,46,23,133,58,101,120"/><W24/><G113/><T10/><D37/><U93/><E134/><V99/><F116/><W30/><G3/><T110/><D110/><U97/><E64/><V42/><F123/><W26/><G120/><T124/><D124/><U4/><E71/><V135/><F135/><W132/><G58/><T5/><D48/><U111/><E111/><V105/><F67/><W12/><G118/><T100/><D100/><U44/><E44/><V47/><F87/><W31/><G82/><T0/><D0/><U98/><E35/><V108/><F74/><W38/><G38/><T19/><D19/><U68/><E68/><V18/><F18/><W69/><G69/><T122/><D122/><U94/><E4/><V127/><F127/><W57/><G57/><T85/><D72/><U88/><E15/><V6/><F108/><W104/><G13/><T126/><D126/><U2/><E2/><V84/><F84/><W89/><G12/><T16/><D17/><U119/><E119/><V95/><F9/><W121/><G121/><T21/><D34/><U59/><E59/><AGARI ba="0,0" hai="1,5,8,10,11,16,21,25,51,54,59,79,80,85" machi="59" ten="30,3900,0" yaku="7,1,52,1,54,1" doraHai="49" who="0" fromWho="1" sc="240,39,250,-39,137,0,373,0" owari="279,7.9,211,-18.9,137,-36.3,373,47.3" /></mjloggm>