<mjloggm ver="2.3"><GO type="225" lobby="0"/><UN n0="%E3%81%AF%E3%82%88%E3%81%8A%E3%81%98%E3%81%95%E3%82%93" n1="%E3%81%BD%E3%81%A1%E3%81%9F%E3%81%93%E3%82%84" n2="%E4%B8%89%E5%88%86%E5%B0%8F%E5%83%A7" n3="%E6%98%93%E5%88%A9%E8%96%A9%E4%BC%AF" dan="17,17,16,17" rate="2136.74,2251.66,2074.47,2133.57" sx="M,M,M,F"/><TAIKYOKU oya="0"/><INIT seed="0,0,0,3,5,56" ten="250,250,250,250" oya="0" hai0="79,85,2,34,25,129,50,11,102,68,48,127,96" hai1="55,30,70,13,51,9,116,16,64,21,37,123,84" hai2="74,132,104,135,118,72,1,0,54,103,94,117,122" hai3="82,33,18,107,41,46,59,38,97,109,28,112,130"/><T14/><D68/><U65/><E116/><N who="2" m="44651" /><F54/><W42/><G109/><T66/><D2/><N who="2" m="1130" /><F94/><W61/><G130/><T87/><D129/><U119/><E119/><V49/><F49/><W93/><G112/><T125/><D66/><U92/><E37/><V75/><F122/><W99/><G42/><T78/><D25/><N who="1" m="16687" /><E70/><V29/><F29/><W32/><G28/><T128/><D34/><U58/><E123/><V39/><F39/><W114/><G114/><T8/><D128/><U113/><E113/><V7/><F7/><W77/><G18/><T19/><D11/><U131/><E131/><V86/><F86/><W83/><G107/><T98/><D98/><AGARI ba="0,0" hai="72,74,75,98,103,104,132,135" m="1130,44651" machi="98" ten="40,2600,0" yaku="12,1,23,1" doraHai="56" who="2" fromWho="0" sc="250,-26,250,0,250,26,250,0" /><INIT seed="1,0,0,1,1,58" ten="224,250,276,250" oya="1" hai0="42,85,80,16,66,90,70,10,98,114,76,48,89" hai1="100,84,54,117,55,113,93,45,132,126,110,72,25" hai2="63,50,46,33,37,31,120,41,68,19,69,4,28" hai3="102,32,109,24,91,130,104,121,13,95,78,94,51"/><U134/><E72/><V122/><F4/><W21/><G109/><T2/><D114/><U79/><E113/><V53/><F19/><W39/><G39/><T71/><D2/><U56/><E117/><V133/><F33/><W86/><G130/><T29/><D29/><U0/><E0/><V64/><F69/><W27/><G32/><T1/><D1/><U81/><E110/><V128/><F128/><W22/><G78/><T7/><D7/><U116/><E116/><V74/><F74/><W65/><G13/><N who="0" m="7223" /><D71/><U35/><E126/><V107/><F107/><W62/><G51/><T40/><D70/><U47/><E35/><V36/><F36/><W129/><G121/><T38/><D38/><U6/><E6/><V5/><F5/><W112/><G112/><T88/><D66/><U61/><E25/><V101/><F101/><W23/><G104/><T96/><D48/><U97/><REACH who="1" step="1"/><E54/><REACH who="1" ten="224,240,276,250" step="2"/><V43/><F122/><W60/><G129/><T12/><D12/><U59/><E59/><N who="2" m="33207" /><F120/><W15/><G15/><T75/><D75/><U99/><E99/><AGARI ba="0,1" hai="40,42,76,80,85,88,89,90,96,98,99" m="7223" machi="99" ten="30,3900,0" yaku="8,1,54,2" doraHai="58" who="0" fromWho="1" sc="224,49,240,-39,276,0,250,0" /><INIT seed="2,0,0,2,3,31" ten="273,201,276,250" oya="2" hai0="117,11,64,95,14,82,28,84,75,131,98,29,65" hai1="30,1,48,103,58,41,8,54,80,123,106,46,66" hai2="51,32,128,86,93,36,78,35,33,59,76,44,23" hai3="42,20,109,50,116,39,111,27,12,57,108,24,60"/><V68/><F68/><W92/><G39/><T96/><D75/><U19/><E123/><V69/><F69/><W102/><G116/><T47/><D117/><U21/><E66/><N who="0" m="25705" /><D131/><U7/><E30/><N who="0" m="11881" /><D47/><U124/><E124/><V5/><F36/><W104/><G104/><T88/><D82/><U90/><E103/><V70/><F70/><W85/><G60/><T97/><D84/><U37/><E106/><V119/><F5/><AGARI ba="0,0" hai="5,11,14,88,95,96,97,98" m="11881,25705" machi="5" ten="30,2000,0" yaku="8,1,54,1" doraHai="31" who="0" fromWho="2" sc="273,20,201,0,276,-20,250,0" /><INIT seed="3,0,0,3,5,11" ten="293,201,256,250" oya="3" hai0="122,92,6,134,49,97,103,125,34,120,0,5,65" hai1="56,81,61,42,44,57,126,74,60,40,96,48,85" hai2="17,41,64,110,68,104,101,78,26,12,123,105,131" hai3="128,23,9,127,39,29,93,52,129,114,72,89,90"/><W20/><G114/><T21/><D34/><U8/><E74/><V113/><F113/><W106/><G39/><T87/><D125/><U94/><E126/><V130/><F110/><W7/><G106/><T30/><D134/><U28/><E28/><V46/><F26/><W71/><G71/><T75/><D75/><U4/><E42/><V88/><F78/><W13/><G72/><T86/><D0/><U15/><E61/><N who="2" m="39951" /><F101/><W66/><G66/><T18/><D120/><U35/><E35/><V118/><F118/><W14/><G127/><T45/><D30/><U119/><E119/><V82/><F123/><W99/><G90/><T77/><D65/><U53/><E57/><V51/><F82/><W132/><G132/><T59/><D59/><U117/><E117/><V55/><F41/><W70/><G70/><T47/><D122/><U100/><E81/><V121/><F88/><W24/><REACH who="3" step="1"/><G52/><REACH who="3" ten="293,201,256,240" step="2"/><N who="0" m="29743" /><D47/><U98/><E98/><V80/><F121/><W16/><AGARI ba="0,1" hai="7,9,13,14,16,20,23,24,29,89,93,99,128,129" machi="16" ten="30,12000,1" yaku="1,1,0,1,52,2,54,1,53,0" doraHai="11" doraHaiUra="115" who="3" fromWho="3" sc="293,-40,201,-40,256,-40,240,130" owari="253,5.3,161,-33.9,216,-18.4,370,47.0" /></mjloggm>