<mjloggm ver="2.3"><GO type="225" lobby="0"/><UN n0="%E3%81%BE%E3%81%A8%E3%81%9F" n1="%E6%9C%88%E5%B3%B6%E5%9F%BA" n2="%E3%82%A4%E3%83%BC%E3%82%B1%E3%83%97%E3%83%A9" n3="%E5%8F%AF%E5%85%90%E9%82%A3%E7%94%B1%E5%A4%9A" dan="16,16,17,16" rate="2081.01,2169.60,2202.01,2079.26" sx="M,M,M,F"/><TAIKYOKU oya="0"/><INIT seed="0,0,0,3,0,105" ten="250,250,250,250" oya="0" hai0="35,11,63,45,71,120,86,27,23,103,123,121,3" hai1="52,2,127,82,81,1,75,128,38,33,26,5,87" hai2="104,54,106,60,78,77,98,117,19,62,68,118,110" hai3="108,47,57,111,41,125,134,84,13,135,12,131,61"/><T67/><D35/><U31/><E38/><V124/><F110/><N who="3" m="42027" /><G84/><T93/><D45/><U25/><E127/><V7/><F7/><W88/><G88/><T20/><D3/><U97/><E128/><V51/><F124/><W115/><G125/><T95/><D11/><U89/><E97/><V116/><F19/><W24/><G24/><T43/><D43/><U14/><E26/><V101/><F106/><W126/><G126/><T91/><REACH who="0" step="1"/><D27/><REACH who="0" ten="240,250,250,250" step="2"/><U44/><E2/><V39/><F39/><W36/><G131/><T16/><D16/><U50/><E1/><V46/><REACH who="2" step="1"/><F68/><REACH who="2" ten="240,250,240,250" step="2"/><W9/><G36/><T58/><D58/><U109/><E109/><V42/><F42/><W21/><G41/><T122/><N who="0" m="30720" /><DORA hai="10" /><T90/><D90/><U100/><E5/><V69/><F69/><W55/><G47/><T29/><D29/><U18/><E44/><V22/><F22/><W112/><G21/><T53/><D53/><U34/><E52/><V80/><F80/><W96/><G9/><T15/><D15/><N who="3" m="5705" /><G96/><AGARI ba="0,2" hai="20,23,63,67,71,86,91,93,95,96,103" m="30720" machi="96" ten="70,3400,0" yaku="1,1,53,0" doraHai="105,10" doraHaiUra="130,70" who="0" fromWho="3" sc="240,54,250,0,240,0,250,-34" /><INIT seed="0,1,0,2,3,74" ten="294,250,240,216" oya="0" hai0="73,132,40,54,15,50,92,51,70,65,20,27,122" hai1="79,10,86,58,63,89,6,80,120,85,108,44,38" hai2="124,115,36,0,14,104,17,18,88,62,121,55,60" hai3="93,106,81,102,35,61,7,123,31,134,4,34,72"/><T98/><D122/><U125/><E120/><V16/><F121/><W3/><G123/><RYUUKYOKU type="kaze4" ba="1,0" sc="294,0,250,0,240,0,216,0" /><INIT seed="0,2,0,2,4,44" ten="294,250,240,216" oya="0" hai0="4,48,99,110,116,12,107,75,85,93,123,100,88" hai1="102,13,90,64,55,113,24,111,31,98,61,40,59" hai2="38,33,19,128,105,124,47,84,7,16,3,132,122" hai3="9,39,2,71,63,87,91,125,10,0,89,115,130"/><T41/><D116/><U25/><E111/><V106/><F122/><W43/><G115/><T77/><D123/><U129/><E129/><V82/><F33/><W57/><G130/><T120/><D120/><U76/><E113/><V51/><F128/><W22/><G71/><T135/><D110/><U23/><E40/><V46/><F132/><W50/><G125/><T119/><D119/><U52/><E76/><V29/><F124/><W114/><G114/><T95/><D135/><U1/><E1/><V17/><F29/><W15/><G39/><T34/><D34/><U30/><E13/><V8/><F38/><W96/><G0/><T37/><D37/><U62/><E90/><V35/><F35/><W109/><G2/><T94/><D94/><N who="1" m="58711" /><E62/><V72/><F72/><W104/><G109/><T21/><D95/><U86/><E86/><V108/><F108/><W11/><G104/><T126/><D126/><U103/><E103/><V49/><F47/><N who="3" m="25983" /><G96/><T20/><D75/><U112/><E112/><V101/><F101/><W78/><G78/><T73/><D77/><U83/><E83/><V32/><F32/><AGARI ba="2,0" hai="23,24,25,30,31,32,52,55,59,61,64" m="58711" machi="32" ten="30,2000,0" yaku="25,1,54,1" doraHai="44" who="1" fromWho="2" sc="294,0,250,26,240,-26,216,0" /><INIT seed="1,0,0,4,1,50" ten="294,276,214,216" oya="1" hai0="49,96,46,123,21,95,131,84,52,30,77,68,33" hai1="42,31,132,16,117,125,75,47,89,32,27,130,41" hai2="20,97,98,83,38,90,73,56,71,7,78,10,43" hai3="107,104,6,0,86,80,48,34,106,1,92,108,119"/><U62/><E117/><V24/><F71/><W63/><G34/><T120/><D68/><U13/><E75/><V51/><F38/><W79/><G119/><T37/><D33/><U28/><E28/><V45/><F56/><W99/><G108/><T67/><D67/><U115/><E115/><V58/><F58/><W94/><G63/><T124/><D124/><U4/><E125/><V134/><F90/><W112/><G112/><T22/><D37/><U74/><E74/><V133/><F133/><W72/><G6/><T87/><D131/><U65/><E132/><V128/><F128/><W15/><G15/><T36/><D36/><U82/><E130/><V11/><F134/><W126/><G126/><T8/><D8/><U14/><E4/><V102/><F7/><W111/><G111/><T53/><D77/><U116/><E14/><V88/><F88/><N who="3" m="53271" /><G48/><N who="0" m="28695" /><D30/><U19/><E116/><V61/><F61/><W3/><G94/><T29/><D29/><U18/><E62/><V127/><F98/><W60/><G60/><T55/><D49/><U103/><E65/><V113/><F127/><W91/><G91/><N who="0" m="55423" /><D87/><U100/><E32/><V109/><F109/><W35/><G35/><T105/><D84/><N who="1" m="50327" /><E13/><V44/><F44/><W17/><G17/><T5/><D5/><U25/><E47/><V101/><F113/><W9/><G9/><N who="2" m="3081" /><F97/><W23/><G99/><T85/><D85/><U39/><E39/><V66/><F66/><W70/><G70/><T135/><D135/><U93/><E93/><V54/><F43/><N who="1" m="16393" /><E31/><N who="2" m="17799" /><F73/><W26/><G0/><T59/><D105/><U12/><E12/><RYUUKYOKU ba="0,0" sc="294,-30,276,10,214,10,216,10" hai1="16,18,19,25,27,100,103" hai2="45,51,54,78,83,101,102" hai3="1,3,23,26,72,79,80,104,106,107" /><INIT seed="1,1,0,1,3,81" ten="264,286,224,226" oya="1" hai0="130,44,23,101,108,103,73,123,127,17,32,100,68" hai1="67,95,89,76,58,36,134,66,74,92,82,63,79" hai2="72,26,65,86,120,128,30,56,64,29,118,34,61" hai3="43,106,80,59,126,117,27,28,37,111,102,114,1"/><U11/><E36/><V121/><F72/><W33/><G114/><T69/><D108/><U0/><E134/><V110/><F118/><W50/><G1/><T19/><D32/><U122/><E122/><V135/><F110/><W15/><G111/><T132/><D73/><U88/><E79/><V6/><F135/><W124/><G117/><T78/><D78/><U24/><E24/><V91/><F128/><W133/><G133/><T46/><D132/><U7/><E67/><V60/><F6/><W113/><G113/><T22/><D103/><U109/><E109/><V35/><F30/><W54/><G15/><T97/><D97/><U45/><E45/><V83/><REACH who="2" step="1"/><F35/><REACH who="2" ten="264,286,214,226" step="2"/><W125/><G125/><T21/><D127/><U49/><E74/><V20/><F20/><W131/><G131/><T119/><D22/><U104/><E7/><V42/><F42/><W10/><G126/><T3/><D119/><U14/><E11/><V87/><F87/><W112/><G10/><T38/><D130/><U57/><E0/><V18/><F18/><W93/><G124/><T47/><D3/><U25/><E25/><V75/><F75/><W70/><G112/><T85/><D85/><N who="1" m="48327" /><E14/><V48/><F48/><W94/><G43/><T71/><D38/><U9/><E9/><V105/><F105/><W12/><G37/><T62/><D123/><U98/><E104/><V39/><F39/><W8/><G12/><T16/><D62/><U107/><E107/><V51/><F51/><W129/><G8/><T90/><D21/><U99/><E49/><V40/><F40/><W77/><G129/><RYUUKYOKU ba="1,1" sc="264,-15,286,15,214,15,226,-15" hai1="57,58,63,66,88,89,92,95,98,99" hai2="26,29,34,56,60,61,64,65,83,86,91,120,121" /><INIT seed="1,2,1,5,0,100" ten="249,301,229,211" oya="1" hai0="39,6,13,135,48,65,75,128,66,17,59,20,129" hai1="19,77,86,103,0,31,8,57,38,105,36,126,87" hai2="90,37,70,58,109,67,51,47,73,99,2,4,72" hai3="117,84,34,71,33,111,80,11,64,97,121,89,124"/><U118/><E118/><V133/><F2/><W54/><G121/><T42/><D75/><U134/><E31/><V41/><F4/><W16/><G117/><T24/><D39/><U27/><E126/><V22/><F109/><W60/><G124/><T29/><D6/><U45/><E27/><V14/><F133/><W30/><G111/><T44/><D135/><U74/><E19/><N who="2" m="10615" /><F90/><W120/><G120/><T83/><D83/><N who="1" m="45495" /><E57/><V1/><F99/><W101/><G30/><T110/><D110/><U5/><E38/><V53/><F1/><W108/><G54/><T25/><D25/><U96/><E134/><V43/><F43/><AGARI ba="2,1" hai="0,5,8,36,43,45,86,87,96,103,105" m="45495" machi="43" ten="30,2900,0" yaku="25,1,52,1" doraHai="100" who="1" fromWho="2" sc="249,0,301,45,229,-35,211,0" /><INIT seed="1,3,0,3,4,130" ten="249,346,194,211" oya="1" hai0="34,83,12,24,76,20,104,44,42,32,28,4,118" hai1="117,31,67,107,97,66,82,25,102,7,124,54,93" hai2="8,85,87,127,126,29,40,111,13,62,9,129,88" hai3="64,11,63,17,6,5,128,132,26,92,47,75,60"/><U22/><E117/><V80/><F129/><W50/><G128/><T0/><D104/><U81/><E124/><N who="2" m="47659" /><F111/><W58/><G75/><T89/><D89/><U55/><E107/><V27/><F40/><W39/><G39/><T103/><D103/><U65/><E7/><V106/><F106/><W10/><G63/><T105/><D105/><U48/><REACH who="1" step="1"/><E55/><REACH who="1" ten="249,336,194,211" step="2"/><V70/><F70/><W15/><G5/><T125/><D125/><U33/><E33/><N who="2" m="20671" /><F62/><W94/><G6/><T61/><D34/><U38/><E38/><V36/><F36/><W57/><G60/><T114/><D32/><U95/><E95/><N who="2" m="54671" /><F13/><W16/><G15/><T121/><D12/><U72/><E72/><V134/><F134/><W116/><G132/><T14/><D14/><U2/><E2/><V131/><F131/><W122/><G116/><T119/><D118/><U23/><E23/><V123/><F123/><W84/><G122/><T37/><D121/><U135/><E135/><V30/><F30/><W77/><G94/><T112/><D119/><U100/><E100/><V86/><F80/><W52/><G92/><T45/><D61/><U68/><E68/><V69/><F69/><W18/><G52/><T96/><D0/><U49/><E49/><V51/><F51/><W109/><G50/><N who="0" m="26903" /><D4/><U53/><E53/><V19/><F19/><W98/><G17/><T120/><D120/><U59/><AGARI ba="3,1" hai="22,25,31,48,54,59,65,66,67,81,82,93,97,102" machi="59" ten="30,6000,0" yaku="1,1,0,1,8,1,53,0" doraHai="130" doraHaiUra="43" who="1" fromWho="1" sc="249,-23,336,79,194,-23,211,-23" /><INIT seed="1,4,0,3,0,66" ten="226,415,171,188" oya="1" hai0="103,91,30,37,89,110,58,104,50,98,26,33,20" hai1="67,48,63,108,69,1,40,17,94,114,52,115,35" hai2="119,120,15,116,126,133,101,90,78,93,25,82,14" hai3="16,71,85,132,54,5,43,7,88,31,46,135,70"/><U12/><E35/><V8/><F120/><W99/><G31/><T42/><D37/><U49/><E1/><V117/><F133/><N who="3" m="51275" /><G99/><T102/><D102/><U32/><E32/><V57/><F126/><W112/><G112/><T86/><D110/><U77/><E108/><V128/><F128/><W19/><G54/><T36/><D36/><U79/><E40/><V130/><F130/><W38/><G5/><T121/><D121/><U80/><E49/><V125/><F125/><W53/><G7/><T9/><D9/><U105/><E94/><V100/><F25/><W95/><G53/><T131/><D131/><U45/><E105/><V65/><F65/><W18/><AGARI ba="4,0" hai="16,18,19,38,43,46,70,71,85,88,95" m="51275" machi="18" ten="30,8000,1" yaku="20,1,52,2,54,2" doraHai="66" who="3" fromWho="3" sc="226,-24,415,-44,171,-24,188,92" /><INIT seed="2,0,0,2,1,42" ten="202,371,147,280" oya="2" hai0="33,15,100,135,22,108,104,12,105,101,41,115,94" hai1="48,111,56,96,91,51,74,18,31,7,133,36,65" hai2="28,119,5,73,3,79,95,75,69,11,26,120,62" hai3="57,85,35,122,121,76,134,58,32,50,55,8,118"/><V59/><F119/><W102/><G118/><T9/><D33/><U49/><E74/><V130/><F120/><W131/><G131/><T116/><D116/><U70/><E36/><V2/><F130/><W23/><G134/><T93/><D41/><U87/><E70/><V30/><F2/><W4/><G102/><T126/><D22/><U61/><E111/><V67/><F30/><W82/><G23/><T44/><D9/><U68/><E31/><V90/><F79/><W40/><G32/><T124/><D108/><U24/><E68/><V107/><F107/><W132/><G35/><T78/><D78/><U43/><E96/><V106/><F106/><W13/><G132/><T125/><D125/><U89/><E7/><V52/><F26/><W128/><G128/><T27/><D135/><U77/><E43/><V129/><F28/><W14/><G14/><T60/><D60/><U99/><E99/><V86/><REACH who="2" step="1"/><F129/><REACH who="2" ten="202,371,137,280" step="2"/><W83/><G122/><T37/><D27/><U80/><E133/><V16/><F16/><W81/><G121/><T98/><D105/><U19/><E24/><V0/><F0/><W25/><G25/><T46/><D104/><U113/><E113/><V20/><F20/><W71/><G76/><T47/><D115/><U21/><E21/><V114/><F114/><W45/><G8/><T123/><D123/><U110/><E110/><V103/><F103/><W117/><G117/><T66/><D101/><U53/><E19/><V97/><F97/><W112/><G112/><T34/><D100/><U84/><E18/><V10/><F10/><W88/><G4/><RYUUKYOKU ba="0,1" sc="202,-10,371,-10,137,30,280,-10" hai2="3,5,11,52,59,62,67,69,73,75,86,90,95" /><INIT seed="2,1,1,2,4,47" ten="192,361,167,270" oya="2" hai0="23,69,46,96,39,29,9,105,104,103,32,21,26" hai1="115,78,108,59,81,45,11,134,18,90,50,42,72" hai2="64,125,82,97,10,110,13,38,79,86,56,111,114" hai3="84,73,53,44,1,33,99,92,41,65,95,2,76"/><V20/><F114/><W6/><G33/><T25/><D69/><U85/><E115/><V40/><F125/><W43/><G73/><T22/><D9/><U0/><E108/><N who="2" m="41515" /><F97/><W83/><G65/><T107/><REACH who="0" step="1"/><D25/><REACH who="0" ten="182,361,167,270" step="2"/><U4/><E11/><V51/><F38/><W127/><G127/><T133/><D133/><U30/><E134/><V91/><F20/><W75/><G1/><T112/><D112/><U24/><E0/><V16/><F79/><W122/><G2/><T55/><D55/><U15/><E78/><V63/><F40/><AGARI ba="1,2" hai="21,22,23,26,29,32,39,40,46,96,103,104,105,107" machi="40" ten="40,8000,1" yaku="1,1,53,3" doraHai="47" doraHaiUra="19" who="0" fromWho="2" sc="182,103,361,0,167,-83,270,0" /><INIT seed="3,0,0,0,4,47" ten="285,361,84,270" oya="3" hai0="98,56,87,88,50,70,135,82,45,131,106,89,38" hai1="90,60,49,36,117,4,17,76,92,5,43,110,112" hai2="7,11,121,21,59,51,125,108,27,62,113,79,114" hai3="95,8,57,86,126,124,94,78,2,34,128,37,130"/><W101/><G34/><T68/><D131/><N who="3" m="50217" /><G37/><T102/><D135/><U97/><E112/><V63/><F108/><W19/><G57/><T14/><D38/><U10/><E110/><V48/><F121/><W104/><G19/><T0/><D0/><U84/><E36/><V111/><F111/><W74/><G8/><T73/><D56/><U53/><E117/><V93/><F125/><N who="3" m="48235" /><G2/><T61/><D61/><U100/><E76/><V83/><F114/><W44/><G44/><T3/><D3/><U13/><E43/><V23/><F113/><W77/><G74/><T69/><D73/><U28/><E28/><V129/><F129/><W105/><G77/><T55/><D14/><U22/><E60/><V75/><F63/><W123/><G123/><T80/><REACH who="0" step="1"/><D89/><REACH who="0" ten="275,361,84,270" step="2"/><U18/><E90/><V132/><F62/><W81/><G101/><T127/><D127/><U29/><E13/><V41/><F59/><W122/><G122/><T120/><D120/><U72/><E72/><V30/><F75/><W67/><G67/><T65/><D65/><U46/><E100/><V24/><F24/><W66/><G66/><T71/><N who="0" m="17408" /><DORA hai="96" /><T12/><D12/><U20/><E46/><V133/><F27/><W119/><G119/><T109/><D109/><U33/><E10/><V107/><F11/><W54/><G54/><T115/><D115/><U9/><E53/><V32/><F133/><W39/><G39/><T116/><D116/><U52/><E52/><V6/><F132/><W118/><G118/><T103/><D103/><U91/><E9/><V31/><F41/><W25/><G25/><RYUUKYOKU ba="0,1" sc="275,15,361,-15,84,-15,270,15" hai0="45,50,55,80,82,87,88,98,102,106" hai3="78,81,86,94,95,104,105" /><INIT seed="3,1,1,3,5,84" ten="290,346,69,285" oya="3" hai0="7,5,110,48,35,63,31,90,97,127,87,9,62" hai1="64,60,69,4,76,55,119,120,22,123,121,51,72" hai2="54,134,12,19,3,52,82,26,0,75,81,135,85" hai3="96,13,125,105,128,124,91,21,89,114,101,49,102"/><W30/><G114/><T2/><D110/><U109/><E4/><V6/><F75/><W78/><G128/><T34/><D127/><N who="3" m="48713" /><G78/><T28/><D97/><U70/><E109/><V111/><F111/><W115/><G115/><T131/><D131/><U116/><E22/><V32/><F6/><N who="0" m="2058" /><D34/><U93/><E93/><V74/><F74/><W67/><G102/><T38/><D38/><U18/><E18/><V61/><F19/><N who="3" m="10479" /><G67/><T95/><D35/><U132/><E132/><V126/><F32/><W94/><G30/><N who="0" m="11307" /><D2/><U46/><E76/><V113/><F126/><W118/><G118/><N who="1" m="45098" /><E72/><V107/><F113/><W15/><G105/><T10/><D48/><U25/><E25/><V36/><F107/><W44/><G15/><T92/><D92/><U58/><AGARI ba="1,1" hai="46,51,55,58,60,64,69,70,120,121,123" m="45098" machi="58" ten="40,5200,0" yaku="12,1,34,2" doraHai="84" who="1" fromWho="1" sc="290,-14,346,65,69,-14,285,-27" owari="276,7.6,411,51.1,55,-44.5,258,-14.2" /></mjloggm>