<mjloggm ver="2.3"><GO type="225" lobby="0"/><UN n0="%E7%B4%94%E6%BD%94%E3%83%94%E3%83%A9%E3%83%8B%E3%82%A2" n1="%E3%83%96%E3%83%83%E3%83%91%E3%82%AA%E3%83%96%E3%83%81%E3%82%AD%E3%83%B3" n2="%E9%A6%AC%E5%BC%95%E7%81%AB%33" n3="%E6%98%93%E5%88%A9%E8%96%A9%E4%BC%AF" dan="17,16,16,17" rate="2197.80,2198.83,2140.84,2223.51" sx="M,M,M,F"/><TAIKYOKU oya="0"/><INIT seed="0,0,0,5,5,88" ten="250,250,250,250" oya="0" hai0="108,95,84,24,56,23,67,78,14,72,42,97,112" hai1="121,18,73,60,98,29,7,110,28,87,115,40,2" hai2="80,133,58,15,30,54,17,83,11,19,134,53,77" hai3="75,22,66,57,93,94,59,116,9,65,128,135,129"/><T79/><D72/><U86/><E121/><V82/><F30/><N who="1" m="11881" /><E73/><V85/><F19/><W105/><G105/><T36/><D112/><U68/><E2/><V126/><F126/><W103/><G75/><T89/><D36/><U35/><E35/><V131/><F131/><N who="3" m="50251" /><G135/><N who="2" m="51721" /><F54/><W92/><G116/><T34/><D42/><U26/><E68/><V13/><F13/><W109/><G109/><T101/><D108/><U6/><E110/><V69/><F69/><W41/><G9/><T91/><D14/><U49/><E115/><V31/><F31/><W52/><G41/><T62/><D34/><U32/><E32/><V76/><F85/><N who="1" m="32265" /><E60/><AGARI ba="0,0" hai="11,15,17,53,58,60,76,77,80,82,83" m="51721" machi="60" ten="30,1000,0" yaku="20,1" doraHai="88" who="2" fromWho="1" sc="250,0,250,-10,250,10,250,0" /><INIT seed="1,0,0,3,4,39" ten="250,240,260,250" oya="1" hai0="52,93,3,36,74,129,128,15,49,81,64,112,105" hai1="130,63,114,115,14,99,90,104,10,8,98,110,67" hai2="16,97,34,56,58,50,12,106,40,26,54,68,27" hai3="47,88,100,72,69,21,80,9,116,42,89,102,120"/><U82/><E130/><N who="0" m="50281" /><D36/><U122/><E122/><V37/><F68/><W79/><G120/><T96/><D3/><U65/><E110/><V28/><F27/><W127/><G69/><T117/><D64/><U55/><E104/><V24/><F24/><W70/><G70/><T23/><D105/><U134/><E134/><V135/><F135/><W22/><G127/><T77/><D15/><U113/><E55/><V20/><F58/><W29/><G116/><T25/><D117/><U5/><E67/><V19/><F19/><W1/><G29/><N who="0" m="17599" /><D112/><U131/><E131/><V59/><F59/><W124/><G22/><T6/><D6/><U73/><E10/><V2/><F2/><W41/><G21/><T125/><D125/><U121/><E121/><V7/><F7/><N who="3" m="1263" /><G42/><T123/><D123/><U86/><REACH who="1" step="1"/><E73/><REACH who="1" ten="250,230,260,250" step="2"/><V30/><F30/><W31/><G124/><T53/><D53/><U13/><E13/><V108/><F108/><W32/><G31/><T71/><D52/><U78/><E78/><V18/><F18/><W119/><G119/><T87/><D71/><AGARI ba="0,1" hai="5,8,14,63,65,71,82,86,90,98,99,113,114,115" machi="71" ten="40,7700,0" yaku="1,1,53,2" doraHai="39" doraHaiUra="92" who="1" fromWho="0" sc="250,-77,230,87,260,0,250,0" /><INIT seed="1,1,0,3,2,60" ten="173,317,260,250" oya="1" hai0="12,93,102,85,4,9,83,27,75,32,118,5,87" hai1="128,34,97,111,31,108,6,131,59,0,23,28,24" hai2="44,1,113,8,47,40,120,110,62,130,119,57,98" hai3="17,112,50,100,116,51,25,79,18,20,41,92,125"/><U81/><E81/><V36/><F119/><W95/><G112/><T73/><D118/><U58/><E97/><V117/><F117/><W30/><G125/><T42/><D42/><U14/><E59/><V49/><F120/><W106/><G106/><T72/><D5/><U43/><E43/><N who="2" m="22631" /><F8/><W90/><G79/><T105/><D105/><U66/><E0/><V35/><F98/><N who="3" m="59463" /><G116/><T104/><D104/><U13/><E58/><V107/><F35/><W89/><G89/><T88/><D102/><U101/><E66/><N who="2" m="39247" /><F107/><W74/><G74/><T124/><D124/><U10/><E101/><V67/><F1/><W135/><G135/><T3/><D3/><U123/><E123/><V33/><F33/><W129/><G41/><T94/><REACH who="0" step="1"/><D85/><REACH who="0" ten="163,317,260,250" step="2"/><U69/><E69/><V39/><F39/><W133/><G133/><T86/><D86/><U15/><E128/><V54/><F130/><W68/><G129/><T115/><D115/><U7/><E131/><V71/><F113/><W80/><G68/><T65/><D65/><U22/><E7/><V63/><F40/><W114/><G114/><T53/><D53/><U126/><E126/><V70/><F71/><W122/><G122/><T29/><AGARI ba="1,1" hai="4,9,12,27,29,32,72,73,75,83,87,88,93,94" machi="29" ten="40,8000,1" yaku="1,1,0,1,54,1,53,1" doraHai="60" doraHaiUra="2" who="0" fromWho="0" sc="163,93,317,-41,260,-21,250,-21" /><INIT seed="2,0,0,0,1,91" ten="256,276,239,229" oya="2" hai0="121,60,97,131,90,116,75,99,49,132,120,71,15" hai1="102,103,41,53,44,37,95,59,109,7,74,105,13" hai2="9,70,89,58,127,26,21,17,52,51,107,83,61" hai3="104,22,38,84,43,73,98,86,93,68,76,33,110"/><V122/><F122/><W130/><G33/><T125/><D75/><U133/><E109/><V34/><F107/><W57/><G68/><T92/><D116/><U85/><E133/><V128/><F127/><W134/><G110/><T80/><D132/><U81/><E74/><V119/><F119/><W0/><G0/><T79/><D131/><U35/><E105/><V112/><F112/><W88/><G134/><T55/><D99/><U123/><E35/><V100/><F128/><W48/><G130/><T117/><D125/><U11/><E123/><V115/><F100/><W6/><G6/><T28/><D28/><U106/><E106/><V16/><F34/><W32/><G32/><T63/><D15/><U72/><E72/><V25/><F115/><W1/><G1/><T45/><D63/><U82/><E95/><V46/><F70/><W124/><G124/><T20/><D20/><U5/><E82/><V108/><F108/><W31/><G38/><T87/><REACH who="0" step="1"/><D117/><REACH who="0" ten="246,276,239,229" step="2"/><U114/><E114/><V111/><F111/><W96/><G31/><T3/><D3/><U77/><E7/><V129/><F129/><W64/><G22/><T101/><D101/><U56/><E103/><V65/><F9/><W23/><G23/><T8/><D8/><U12/><E102/><V69/><F69/><W47/><G98/><T67/><AGARI ba="0,1" hai="45,49,55,60,67,71,79,80,87,90,92,97,120,121" machi="67" ten="30,7900,0" yaku="1,1,0,1,52,1,53,1" doraHai="91" doraHaiUra="62" who="0" fromWho="0" sc="246,89,276,-20,239,-39,229,-20" /><INIT seed="3,0,0,0,0,106" ten="335,256,200,209" oya="3" hai0="43,78,128,11,25,51,99,29,80,113,129,47,69" hai1="91,50,67,17,125,110,119,123,45,134,1,52,66" hai2="92,31,122,30,2,46,85,62,33,111,95,8,107" hai3="4,20,0,82,131,103,48,56,49,77,24,15,114"/><W14/><G114/><T75/><D69/><U40/><E123/><V55/><F107/><W57/><G131/><N who="0" m="50251" /><D99/><U65/><E1/><V28/><F122/><W9/><G103/><T109/><D11/><U6/><E110/><V36/><F33/><W44/><G0/><T70/><D70/><U90/><E134/><V97/><F111/><W101/><G15/><T88/><D88/><N who="1" m="33835" /><E125/><V27/><F27/><W105/><G101/><T41/><D109/><U71/><E71/><V21/><F21/><W37/><G37/><T16/><D16/><U96/><E119/><V120/><F120/><W86/><G105/><T89/><D89/><U127/><E127/><V116/><F116/><W102/><G102/><T73/><D43/><U108/><E108/><V7/><F85/><W12/><G12/><T13/><D13/><U81/><E6/><V68/><F97/><W135/><G135/><T61/><D61/><U117/><E117/><V39/><F95/><W26/><G26/><T121/><D121/><U63/><E17/><V130/><F92/><W115/><G115/><T32/><D113/><U104/><E104/><V124/><F124/><W74/><G74/><AGARI ba="0,0" hai="25,29,32,41,47,51,73,74,75,78,80" m="50251" machi="74" ten="30,7700,0" yaku="19,1,52,3" doraHai="106" who="0" fromWho="3" sc="335,77,256,0,200,0,209,-77" owari="412,51.2,256,5.6,200,-20.0,132,-36.8" /></mjloggm>