<mjloggm ver="2.3"><GO type="225" lobby="0"/><UN n0="%E6%98%93%E5%88%A9%E8%96%A9%E4%BC%AF" n1="%E7%99%BD%E5%80%89%E5%AF%9B%E4%B9%8B" n2="%E3%83%B4%E3%82%A3%E3%83%AF%E3%82%B3%E3%82%B0%E3%83%8B" n3="%E5%84%AA%40%41%42%43" dan="17,16,17,17" rate="2102.27,2124.20,2218.83,2137.05" sx="F,M,M,M"/><TAIKYOKU oya="0"/><INIT seed="0,0,0,0,3,92" ten="250,250,250,250" oya="0" hai0="2,100,38,6,79,81,121,124,108,125,75,87,118" hai1="61,116,66,13,120,49,104,67,12,110,113,28,48" hai2="8,41,135,43,129,46,94,44,73,101,50,133,62" hai3="96,58,103,27,22,98,95,21,26,35,17,54,9"/><T20/><D38/><U56/><E116/><V80/><F129/><W25/><G35/><T122/><D2/><U93/><E104/><V126/><F126/><N who="0" m="48746" /><D6/><U85/><E120/><N who="0" m="46185" /><D20/><U74/><E110/><V1/><F62/><N who="3" m="36183" /><G98/><T114/><D118/><U57/><E113/><V128/><F128/><W15/><AGARI ba="0,0" hai="9,15,17,21,22,25,26,27,95,96,103" m="36183" machi="15" ten="30,2000,0" yaku="8,1,52,1" doraHai="92" who="3" fromWho="3" sc="250,-10,250,-5,250,-5,250,20" /><INIT seed="1,0,0,0,2,70" ten="240,245,245,270" oya="1" hai0="84,97,135,54,45,74,82,109,40,73,6,83,4" hai1="96,33,79,115,133,78,48,57,127,75,3,120,28" hai2="134,123,65,10,126,62,26,19,108,129,103,95,89" hai3="41,94,105,63,52,125,86,36,49,131,7,124,23"/><U67/><E3/><V59/><F108/><W50/><G105/><T66/><D109/><U102/><E120/><V43/><F134/><W16/><G7/><T15/><D135/><U132/><E115/><V42/><F123/><W35/><G35/><T87/><D66/><U107/><E127/><N who="3" m="48714" /><G131/><T14/><D97/><U68/><E57/><V18/><F103/><W21/><G21/><T31/><D31/><U117/><E48/><V46/><F129/><W113/><G113/><T13/><D54/><U11/><E11/><V85/><F126/><W116/><G116/><T39/><D74/><U27/><E117/><V77/><F77/><N who="1" m="29193" /><E75/><V51/><F42/><W5/><G5/><T91/><REACH who="0" step="1"/><D73/><REACH who="0" ten="230,245,245,270" step="2"/><U34/><E34/><V22/><REACH who="2" step="1"/><F10/><REACH who="2" ten="230,245,235,270" step="2"/><W9/><G9/><T24/><D24/><U118/><E118/><V71/><F71/><W69/><G69/><T93/><D93/><U32/><E32/><V61/><F61/><AGARI ba="0,2" hai="27,28,33,61,67,68,96,102,107,132,133" m="29193" machi="61" ten="30,1500,0" yaku="25,1" doraHai="70" who="1" fromWho="2" sc="230,0,245,35,235,-15,270,0" /><INIT seed="1,1,0,2,5,8" ten="230,280,220,270" oya="1" hai0="113,72,94,101,3,31,43,107,23,17,69,110,50" hai1="7,34,64,36,126,99,115,135,19,68,88,29,24" hai2="86,44,114,70,65,14,41,12,89,63,13,120,0" hai3="57,40,130,45,134,15,98,4,80,104,76,1,71"/><U22/><E36/><V132/><F132/><W122/><G122/><T97/><D110/><U91/><E115/><V6/><F120/><W16/><G71/><T75/><D3/><U2/><E135/><V95/><F114/><W109/><G134/><T60/><D113/><U67/><E126/><V47/><F0/><W5/><G1/><T11/><D107/><U131/><E131/><V87/><F6/><W61/><G104/><T32/><D32/><U77/><E77/><V25/><F25/><W48/><G98/><T105/><D105/><U81/><E68/><V53/><F53/><W133/><G109/><T90/><D101/><U37/><E37/><V102/><F102/><W111/><G130/><T62/><D11/><N who="1" m="2551" /><E99/><V129/><F129/><W26/><G26/><T27/><D31/><U83/><E83/><V51/><REACH who="2" step="1"/><F47/><REACH who="2" ten="230,280,210,270" step="2"/><W100/><G100/><T21/><D27/><U20/><E24/><V56/><F56/><W78/><G111/><T92/><D69/><U49/><E34/><V55/><F55/><W119/><G133/><T128/><D128/><U30/><E30/><V73/><F73/><W82/><G4/><T10/><D75/><U33/><E29/><V108/><F108/><W93/><G5/><T79/><D72/><U96/><E33/><V118/><F118/><W58/><G119/><T39/><D17/><U66/><E19/><V123/><F123/><W124/><G57/><T121/><D121/><U42/><E67/><V117/><F117/><W46/><G16/><T112/><D112/><U54/><E66/><V127/><F127/><W59/><G124/><RYUUKYOKU ba="1,1" sc="230,-10,280,-10,210,30,270,-10" hai2="12,13,14,41,44,51,63,65,70,86,87,89,95" /><INIT seed="2,2,1,5,5,131" ten="220,270,240,260" oya="2" hai0="14,79,124,82,96,111,72,32,105,36,62,61,29" hai1="13,91,70,123,113,57,92,108,75,68,88,28,52" hai2="48,118,39,74,107,24,27,5,120,78,112,117,125" hai3="1,8,40,86,50,65,83,66,85,30,104,3,58"/><V133/><F112/><W20/><G104/><T59/><D111/><U46/><E75/><V53/><F120/><W115/><G115/><T129/><D129/><U76/><E76/><V6/><F107/><W106/><G106/><T114/><D114/><U15/><E113/><V126/><F39/><W73/><G73/><T77/><D124/><N who="2" m="47722" /><F74/><W127/><G127/><T97/><D36/><U37/><E108/><V81/><F81/><W64/><G85/><T130/><D130/><U116/><E116/><N who="2" m="44651" /><F78/><W34/><G34/><T19/><D79/><U95/><E123/><V11/><F133/><W18/><G86/><T71/><D71/><U44/><E37/><V119/><N who="2" m="44659" /><V26/><DORA hai="98" /><F11/><W109/><G83/><T7/><D105/><U134/><E134/><V38/><F38/><W25/><G109/><T128/><D128/><U2/><E95/><V4/><F4/><W49/><G8/><T89/><D7/><U0/><E92/><V135/><F135/><W110/><G110/><T63/><D89/><U35/><E88/><V33/><F33/><W43/><G43/><T80/><D80/><U102/><E91/><V87/><F87/><W12/><G40/><T41/><D41/><U16/><E35/><V60/><F60/><W93/><G93/><T103/><D103/><U56/><E102/><V23/><F23/><N who="3" m="11719" /><G49/><T99/><D32/><U31/><E70/><V69/><F69/><W42/><G42/><T54/><REACH who="0" step="1"/><D29/><REACH who="0" ten="210,270,240,260" step="2"/><U84/><E68/><V122/><F122/><W90/><G90/><T55/><D55/><U9/><E52/><V121/><F121/><RYUUKYOKU ba="2,2" sc="210,10,270,-30,240,10,260,10" hai0="14,19,54,59,61,62,63,72,77,82,96,97,99" hai2="5,6,24,26,27,48,53" hai3="1,3,20,25,30,50,58,64,65,66" /><INIT seed="2,3,2,0,5,79" ten="220,240,250,270" oya="2" hai0="36,52,68,25,86,60,58,33,9,24,67,76,66" hai1="48,0,123,13,103,116,88,119,62,19,59,72,91" hai2="74,27,99,54,93,21,23,47,20,69,42,104,46" hai3="8,61,115,131,112,55,32,53,49,121,70,64,78"/><V65/><F74/><W85/><G121/><T22/><D36/><U12/><E0/><V80/><F104/><W15/><G32/><T110/><D110/><U57/><E72/><V44/><F69/><W51/><G131/><T40/><D40/><U16/><E123/><V31/><F65/><W129/><G129/><T2/><D33/><U126/><E103/><V117/><F117/><W6/><G51/><T101/><D101/><U105/><E105/><V94/><F42/><W73/><G73/><T108/><D108/><U10/><E126/><V114/><F114/><N who="3" m="43563" /><G49/><T14/><D2/><U34/><E34/><V71/><F71/><W118/><G118/><T1/><D1/><U134/><E134/><V35/><F80/><AGARI ba="3,2" hai="6,8,15,53,55,61,64,70,78,80,85" m="43563" machi="80" ten="30,2000,0" yaku="11,1,52,1" doraHai="79" who="3" fromWho="2" sc="220,0,240,0,250,-29,270,49" /><INIT seed="3,0,0,3,0,85" ten="220,240,221,319" oya="3" hai0="84,129,43,126,127,53,65,101,81,73,83,46,96" hai1="90,89,18,54,91,132,117,23,87,77,104,15,99" hai2="128,62,106,68,120,113,97,38,109,20,11,42,37" hai3="125,103,19,123,10,67,119,61,107,118,95,33,133"/><W131/><G95/><T88/><D65/><U112/><E112/><V124/><F113/><W40/><G19/><T47/><D129/><U13/><E132/><V93/><F106/><W71/><G10/><T111/><D111/><U122/><E122/><V28/><F109/><W66/><G67/><T82/><D53/><U92/><E117/><V0/><F42/><W69/><G123/><T98/><D98/><U50/><E13/><V56/><F68/><N who="3" m="42063" /><G125/><N who="0" m="47627" /><D73/><U1/><E1/><V30/><F124/><W14/><G14/><T21/><D21/><U108/><E108/><V134/><F120/><W59/><G40/><T8/><D8/><U6/><E6/><N who="2" m="1479" /><F134/><W29/><G131/><T2/><D2/><U115/><E115/><V116/><F116/><W80/><G69/><T78/><D78/><U16/><E18/><V45/><F128/><W130/><G71/><T52/><D52/><U72/><E72/><V9/><F9/><W114/><G114/><T105/><D46/><N who="1" m="27991" /><E104/><V63/><F45/><W100/><G107/><T36/><AGARI ba="0,0" hai="36,43,47,81,82,83,84,88,96,101,105" m="47627" machi="36" ten="30,4000,0" yaku="18,1,52,1,54,1" doraHai="85" who="0" fromWho="0" sc="220,40,240,-10,221,-10,319,-20" /><INIT seed="4,0,0,4,1,84" ten="260,230,211,299" oya="0" hai0="25,8,11,116,132,83,70,13,126,99,109,128,66" hai1="68,27,44,69,93,65,67,92,42,71,122,94,52" hai2="133,54,26,18,19,123,130,64,101,17,82,119,89" hai3="74,110,97,37,39,134,49,55,34,117,105,58,112"/><T56/><D116/><U29/><E122/><V36/><F123/><W91/><G110/><T38/><D38/><U106/><E106/><V0/><F36/><W50/><G117/><T40/><D40/><U61/><E42/><V2/><F119/><W30/><G74/><T59/><D128/><U46/><E52/><V90/><F130/><W78/><G78/><T75/><D132/><U60/><REACH who="1" step="1"/><E71/><REACH who="1" ten="260,220,211,299" step="2"/><V125/><F133/><W16/><G55/><T32/><D70/><U41/><E41/><V88/><F125/><W107/><G105/><T115/><D126/><U79/><E79/><V53/><F101/><W3/><G107/><T80/><D59/><U127/><E127/><V73/><F26/><W23/><G58/><T129/><D56/><U121/><E121/><V45/><F64/><W33/><G134/><T31/><D25/><U72/><E72/><V76/><REACH who="2" step="1"/><F54/><REACH who="2" ten="260,220,201,299" step="2"/><W85/><G39/><T28/><D66/><U108/><E108/><V111/><F111/><W51/><G37/><T24/><D109/><U43/><E43/><V1/><F1/><W114/><G3/><T47/><D24/><U7/><E7/><V81/><F81/><W135/><G135/><T104/><D83/><U6/><E6/><V21/><F21/><AGARI ba="0,2" hai="21,27,29,44,46,60,61,65,67,68,69,92,93,94" machi="21" ten="40,2600,0" yaku="1,1,9,1,53,0" doraHai="84" doraHaiUra="86" who="1" fromWho="2" sc="260,0,220,46,201,-26,299,0" /><INIT seed="5,0,0,4,0,134" ten="260,266,175,299" oya="1" hai0="74,8,128,4,96,58,40,61,69,89,83,107,1" hai1="117,20,14,104,10,111,122,112,108,54,39,11,119" hai2="80,85,59,75,125,55,99,101,73,19,6,70,50" hai3="120,102,132,81,21,79,46,98,129,49,63,28,87"/><U53/><E104/><V2/><F70/><W67/><G120/><T43/><D69/><U24/><E39/><V88/><F125/><W113/><G113/><T12/><D1/><U32/><E54/><V30/><F30/><W91/><G132/><T84/><D74/><U97/><E97/><V56/><F56/><N who="3" m="37351" /><G129/><T48/><D48/><U52/><E53/><V77/><F19/><W62/><G62/><T121/><D121/><U126/><E52/><V71/><F71/><W0/><G0/><T131/><D96/><U42/><E42/><V25/><F25/><N who="3" m="16431" /><G102/><T65/><D107/><U103/><E103/><V22/><F22/><W47/><G49/><T90/><D90/><U60/><E60/><V100/><F100/><W105/><G105/><T15/><D15/><U118/><E126/><V57/><F57/><W72/><G72/><T114/><D114/><U133/><E133/><V109/><F109/><N who="1" m="42057" /><E122/><V23/><F23/><W7/><G7/><T13/><D43/><U26/><E112/><V82/><F73/><W41/><G41/><T93/><D40/><U51/><E51/><V16/><F16/><W64/><G64/><T95/><D65/><U34/><E11/><V130/><F130/><W135/><G135/><T31/><D61/><U66/><E66/><V37/><F37/><W106/><G106/><T27/><D58/><U45/><E45/><V17/><F17/><W76/><G98/><T18/><D128/><U35/><E20/><V29/><F99/><W9/><G9/><N who="0" m="4135" /><D131/><U3/><E3/><V5/><F2/><W33/><G33/><N who="1" m="8450" /><U94/><DORA hai="115" /><E94/><RYUUKYOKU ba="0,0" sc="260,10,266,10,175,-30,299,10" hai0="8,13,18,27,31,83,84,89,93,95" hai1="10,14,24,26,117,118,119" hai3="46,47,76,79,81,87,91" /><INIT seed="5,1,0,2,1,78" ten="270,276,145,309" oya="1" hai0="119,129,41,107,95,31,77,54,27,134,101,84,30" hai1="57,33,8,123,128,132,29,36,73,121,65,105,4" hai2="89,3,42,124,7,93,38,12,53,118,44,131,86" hai3="90,133,15,24,76,17,47,94,100,125,83,114,110"/><U69/><E57/><V62/><F131/><W2/><G2/><T0/><D119/><U21/><E105/><V117/><F124/><W108/><G125/><T120/><D0/><N who="1" m="7" /><E128/><V79/><F3/><W88/><G100/><T18/><D129/><U122/><E21/><V130/><F130/><W74/><G90/><T46/><D54/><U70/><E132/><V98/><F7/><W6/><G133/><T63/><D120/><U80/><E65/><V40/><F12/><W28/><G47/><T64/><D107/><U22/><E22/><V13/><F13/><W9/><G6/><T112/><D112/><U71/><E36/><V104/><F40/><W127/><G114/><T16/><D101/><U14/><E14/><V91/><F79/><W99/><G127/><T102/><D102/><U113/><E113/><V67/><F53/><W81/><G83/><T72/><D72/><U109/><E109/><V26/><F26/><W59/><G59/><T111/><D31/><U68/><E68/><V66/><F104/><W19/><G17/><T34/><D111/><U35/><E29/><V96/><F66/><W82/><G82/><T48/><D134/><U103/><E103/><V52/><F98/><W5/><G19/><T116/><D116/><U87/><E87/><V75/><F75/><W1/><G1/><T11/><D11/><U20/><E20/><AGARI ba="1,0" hai="5,9,15,20,24,28,74,76,81,88,94,99,108,110" machi="20" ten="30,3900,0" yaku="7,1,52,1,54,1" doraHai="78" who="3" fromWho="1" sc="270,0,276,-42,145,0,309,42" owari="270,7.0,234,-16.6,145,-35.5,351,45.1" /></mjloggm>