<mjloggm ver="2.3"><GO type="225" lobby="0"/><UN n0="%E3%83%A9%E3%83%BC%E3%83%A1%E3%83%B3%E4%BA%94%E9%83%8E" n1="%E7%B4%94%E6%BD%94%E3%83%94%E3%83%A9%E3%83%8B%E3%82%A2" n2="%E3%81%BD%E3%81%A1%E3%81%9F%E3%81%93%E3%82%84" n3="%72%69%6F%75%63%68%61%6E" dan="16,17,16,16" rate="2102.78,2223.56,2161.53,2128.37" sx="M,M,M,M"/><TAIKYOKU oya="0"/><INIT seed="0,0,0,5,4,107" ten="250,250,250,250" oya="0" hai0="13,11,130,83,31,132,115,51,43,16,63,28,108" hai1="0,109,116,113,59,71,6,80,53,120,32,72,49" hai2="42,131,133,66,106,110,99,15,62,78,21,38,87" hai3="90,19,50,44,58,12,3,23,93,36,68,86,20"/><T55/><D115/><U29/><E59/><V84/><F110/><W98/><G68/><T123/><D123/><U95/><E95/><V17/><F131/><W77/><G3/><T128/><D108/><U41/><E49/><V24/><F133/><W14/><G36/><T2/><D132/><U45/><E53/><V65/><F106/><W48/><G58/><N who="0" m="35295" /><D2/><U40/><E40/><V57/><F99/><W1/><G1/><T54/><D83/><U118/><E71/><V104/><F104/><W60/><G60/><T52/><D43/><U39/><E120/><V127/><F127/><W112/><G112/><T75/><D54/><U125/><E125/><V91/><F66/><W46/><G50/><T22/><D11/><N who="1" m="2503" /><E113/><V103/><F103/><W47/><G48/><T76/><D76/><N who="1" m="44039" /><E109/><V85/><F78/><W88/><G77/><T82/><D82/><U114/><E114/><V37/><F91/><W73/><G73/><T25/><D75/><U92/><E92/><V129/><F129/><N who="0" m="49770" /><D13/><U67/><E67/><V9/><REACH who="2" step="1"/><F42/><REACH who="2" ten="250,250,240,250" step="2"/><W97/><G90/><T111/><D111/><U79/><E79/><V124/><F124/><W101/><G101/><T64/><D64/><U105/><E105/><V35/><F35/><W119/><G119/><T5/><D5/><AGARI ba="0,1" hai="5,9,15,17,21,24,37,38,57,62,65,84,85,87" machi="5" ten="40,1300,0" yaku="1,1,53,0" doraHai="107" doraHaiUra="34" who="2" fromWho="0" sc="250,-13,250,0,240,23,250,0" /><INIT seed="1,0,0,0,3,50" ten="237,250,263,250" oya="1" hai0="102,55,7,9,15,40,19,72,25,101,31,95,67" hai1="122,60,91,121,39,30,89,80,128,21,42,51,4" hai2="59,24,23,65,56,107,33,93,57,58,14,22,16" hai3="37,96,130,104,8,36,63,74,135,124,27,2,77"/><U35/><E35/><V85/><F107/><W82/><G130/><T38/><D72/><U29/><E39/><V100/><F33/><W90/><G124/><T134/><D134/><U108/><E128/><V115/><F115/><W49/><G135/><T112/><D112/><U87/><E4/><V6/><F6/><W88/><G63/><T32/><D67/><U116/><E116/><V92/><F100/><W113/><G113/><T26/><D95/><U46/><E108/><V64/><N who="2" m="14336" /><DORA hai="18" /><V17/><REACH who="2" step="1"/><F85/><REACH who="2" ten="237,250,253,250" step="2"/><W20/><G104/><T86/><D86/><U68/><E121/><V53/><F53/><W12/><G96/><T5/><D55/><U94/><E122/><V109/><F109/><W70/><G70/><T79/><D5/><U3/><E3/><V117/><F117/><W69/><G69/><T103/><D7/><U28/><E68/><V45/><F45/><W11/><G2/><T62/><D103/><U132/><E132/><V97/><F97/><W10/><G12/><T114/><D114/><U84/><REACH who="1" step="1"/><E60/><REACH who="1" ten="237,240,253,250" step="2"/><V44/><F44/><W0/><G0/><T34/><D62/><U47/><E47/><V126/><F126/><W52/><G37/><T98/><D38/><U1/><E1/><V83/><F83/><W41/><G36/><T133/><D133/><U125/><E125/><V105/><F105/><W118/><G118/><T111/><D111/><U48/><E48/><V129/><F129/><W78/><G82/><T71/><D34/><U106/><E106/><V110/><F110/><W131/><G49/><T66/><D32/><U120/><E120/><RYUUKYOKU ba="0,2" sc="237,-15,240,15,253,15,250,-15" hai1="21,28,29,30,42,46,51,80,84,87,89,91,94" hai2="14,16,17,22,23,24,64,65,92,93" /><INIT seed="1,1,2,2,5,51" ten="222,255,268,235" oya="1" hai0="123,131,3,113,52,10,115,110,81,79,104,12,135" hai1="14,59,112,43,42,106,33,19,67,62,53,55,94" hai2="71,37,7,117,119,23,34,26,133,128,72,6,107" hai3="89,100,80,102,118,27,2,25,60,103,101,82,13"/><U73/><E106/><V129/><F72/><W92/><G2/><T57/><D104/><U47/><E33/><V105/><F37/><W16/><G118/><N who="2" m="45065" /><F71/><W4/><G4/><N who="2" m="1577" /><F34/><W116/><G116/><T77/><D3/><U111/><E73/><V90/><F90/><W122/><G122/><T28/><D123/><U88/><E112/><V108/><F108/><W98/><N who="3" m="25600" /><DORA hai="87" /><W39/><G39/><T64/><D110/><U120/><E120/><V66/><F66/><W35/><G60/><T96/><D64/><U78/><E78/><V74/><F74/><W9/><REACH who="3" step="1"/><G35/><REACH who="3" ten="222,255,268,225" step="2"/><T121/><D121/><U41/><E111/><V84/><F107/><W91/><G91/><T65/><D113/><U93/><E47/><V49/><F105/><W75/><G75/><T126/><D115/><U24/><E93/><V70/><F128/><W8/><G8/><T38/><D131/><U18/><E94/><V0/><F0/><W1/><G1/><T5/><D10/><N who="1" m="6487" /><E88/><V32/><F32/><W125/><G125/><T45/><D126/><U134/><E134/><V61/><F133/><W127/><G127/><T31/><D135/><U68/><E68/><V63/><F70/><W22/><G22/><AGARI ba="1,3" hai="19,22,24,41,42,43,53,55,59,62,67" m="6487" machi="22" ten="30,5800,0" yaku="8,1,52,2" doraHai="51,87" who="1" fromWho="3" sc="222,0,255,91,268,0,225,-61" /><INIT seed="1,2,0,1,4,59" ten="222,346,268,164" oya="1" hai0="77,22,23,90,1,133,53,116,61,43,51,78,130" hai1="41,31,32,42,91,105,18,44,122,4,84,111,29" hai2="100,117,108,55,39,28,7,128,9,110,96,60,66" hai3="38,37,10,50,112,81,103,56,3,113,24,88,74"/><U27/><E122/><V6/><F117/><W67/><G103/><T63/><D116/><U45/><E105/><V93/><F128/><W17/><G24/><T58/><D1/><U83/><E4/><V46/><F28/><W123/><G123/><T135/><D130/><U54/><E111/><N who="2" m="42539" /><F9/><W87/><G74/><T33/><D33/><U131/><E131/><V125/><F125/><W20/><G37/><T5/><D5/><U0/><E0/><V48/><F39/><W97/><G38/><T47/><D90/><U35/><E54/><V99/><F96/><W26/><G97/><T119/><D119/><U21/><E32/><V124/><F124/><W104/><G104/><T2/><D2/><U57/><E57/><AGARI ba="2,0" hai="6,7,46,48,55,57,60,66,93,99,100" m="42539" machi="57" ten="30,2000,0" yaku="14,1,52,1" doraHai="59" who="2" fromWho="1" sc="222,0,346,-26,268,26,164,0" /><INIT seed="2,0,0,2,4,43" ten="222,320,294,164" oya="2" hai0="21,78,67,56,71,34,31,48,50,113,61,74,106" hai1="128,77,20,83,121,10,94,104,15,120,95,44,125" hai2="130,131,84,97,105,133,28,93,49,115,103,112,35" hai3="80,42,69,4,134,53,88,68,116,23,22,51,129"/><V111/><F35/><W62/><G116/><T58/><D113/><N who="2" m="43594" /><F28/><W124/><G124/><T18/><D106/><U65/><E125/><V90/><F49/><W19/><G129/><N who="2" m="49161" /><F111/><W54/><G134/><AGARI ba="0,0" hai="84,90,93,97,103,105,133,134" m="49161,43594" machi="134" ten="40,7700,0" yaku="19,1,34,2" doraHai="43" who="2" fromWho="3" sc="222,0,320,0,294,77,164,-77" /><INIT seed="2,1,0,3,4,119" ten="222,320,371,87" oya="2" hai0="76,18,60,91,98,89,115,111,130,26,64,36,34" hai1="70,75,77,132,67,94,135,120,50,69,95,23,86" hai2="12,0,44,35,83,90,53,19,4,129,48,32,87" hai3="133,11,122,105,114,100,62,82,97,78,8,63,30"/><V134/><F129/><W51/><G133/><N who="1" m="51274" /><E67/><V29/><F134/><W65/><G114/><T113/><D130/><U71/><E75/><V27/><F0/><W43/><G62/><T20/><D36/><U68/><N who="1" m="17408" /><DORA hai="66" /><U14/><E120/><V45/><F4/><W96/><G122/><T2/><D111/><U13/><E50/><V37/><F35/><W124/><G124/><T57/><D34/><U59/><E59/><V17/><REACH who="2" step="1"/><F12/><REACH who="2" ten="222,320,361,87" step="2"/><N who="1" m="4713" /><E23/><V28/><F28/><W81/><G30/><T24/><D20/><U92/><E77/><V84/><F84/><AGARI ba="1,1" hai="84,86,92,94,95" m="4713,17408,51274" machi="84" ten="70,12000,2" yaku="28,2,20,1,52,4" doraHai="119,66" who="1" fromWho="2" sc="222,0,320,133,361,-123,87,0" /><INIT seed="3,0,0,1,4,13" ten="222,453,238,87" oya="3" hai0="61,134,31,64,72,83,36,80,30,101,67,92,79" hai1="90,71,132,2,102,68,16,58,25,109,135,129,123" hai2="98,53,93,43,113,117,110,121,112,81,88,126,4" hai3="37,41,48,106,3,75,120,124,130,128,8,12,104"/><W111/><G120/><T87/><D36/><U77/><E109/><V5/><F117/><W27/><G37/><T29/><D134/><N who="1" m="51243" /><E129/><N who="3" m="49770" /><G124/><T107/><D107/><N who="3" m="41001" /><G75/><T86/><D61/><U94/><E102/><V63/><F110/><W1/><G111/><T125/><D125/><U65/><E2/><N who="3" m="522" /><G27/><T51/><D51/><U0/><E0/><V52/><F126/><W96/><G96/><N who="0" m="59527" /><D72/><U22/><E123/><V78/><F121/><W28/><G28/><N who="0" m="7171" /><T40/><DORA hai="33" /><D40/><U50/><E77/><AGARI ba="0,0" hai="64,67,77,79,80,83,86,87" m="7171,59527" machi="77" ten="30,1000,0" yaku="8,1" doraHai="13,33" who="0" fromWho="1" sc="222,10,453,-10,238,0,87,0" owari="232,-16.8,443,54.3,238,3.8,87,-41.3" /></mjloggm>