<mjloggm ver="2.3"><GO type="225" lobby="0"/><UN n0="%E6%9C%88%E5%B3%B6%E5%9F%BA" n1="%72%65%6E%6B%75%6E" n2="%E6%B4%BE%E9%81%A3%E3%81%AE%E3%82%B8%E3%83%A3%E3%83%83%E3%82%AF" n3="%E3%81%95%E3%81%8D%E3%81%9F%E3%81%BE%E6%9E%97%E6%AA%8E" dan="17,17,17,16" rate="2192.45,2187.85,2187.36,2109.50" sx="M,M,M,M"/><TAIKYOKU oya="0"/><INIT seed="0,0,0,0,3,45" ten="250,250,250,250" oya="0" hai0="64,77,93,84,98,13,12,123,106,2,9,46,101" hai1="36,88,104,20,37,49,48,94,11,22,58,134,126" hai2="53,30,44,19,43,129,121,65,51,28,56,7,39" hai3="117,90,131,97,57,69,113,0,96,85,16,108,70"/><T52/><D123/><U62/><E104/><V4/><F121/><W32/><G113/><T100/><D64/><U26/><E37/><V3/><F129/><W27/><G117/><T25/><D2/><U124/><E36/><V119/><F119/><W6/><G131/><T59/><D46/><U83/><E83/><V33/><F19/><W61/><G108/><T99/><D25/><U105/><E105/><V87/><F33/><W47/><G47/><T5/><D13/><U1/><E134/><V31/><F3/><W115/><G115/><T118/><D118/><U112/><E112/><V95/><F65/><W109/><G109/><T81/><D106/><U133/><E11/><V82/><REACH who="2" step="1"/><F95/><REACH who="2" ten="250,250,240,250" step="2"/><W79/><G0/><T111/><D111/><U110/><E1/><V76/><AGARI ba="0,1" hai="4,7,28,30,31,39,43,44,51,53,56,76,82,87" machi="76" ten="30,8000,1" yaku="1,1,2,1,0,1,52,1,53,1" doraHai="45" doraHaiUra="50" who="2" fromWho="2" sc="250,-40,250,-20,240,90,250,-20" /><INIT seed="1,0,0,3,3,79" ten="210,230,330,230" oya="1" hai0="95,114,44,45,12,118,0,131,115,9,19,82,53" hai1="110,15,96,46,1,80,28,65,133,27,7,135,57" hai2="122,38,112,40,56,8,75,74,120,36,88,61,125" hai3="130,72,70,107,89,17,78,103,108,123,106,81,94"/><U63/><E1/><V18/><F125/><W116/><G70/><T92/><D118/><U59/><E110/><V119/><F119/><W93/><G116/><T22/><D131/><U97/><E46/><V77/><F40/><W87/><G17/><T64/><D64/><U33/><E59/><V3/><F18/><W47/><G47/><T30/><D114/><U54/><E54/><V124/><F124/><W4/><G4/><T68/><D68/><U2/><E2/><V51/><F51/><W104/><G123/><T5/><D115/><U100/><E80/><V66/><F112/><W29/><G29/><T128/><D128/><U6/><E96/><V58/><F8/><W49/><G49/><T109/><D109/><U121/><E121/><V13/><F3/><W23/><G23/><T11/><D82/><U35/><E35/><V26/><F66/><W48/><G48/><T50/><REACH who="0" step="1"/><D45/><REACH who="0" ten="200,230,330,230" step="2"/><U85/><E135/><V101/><F122/><W134/><G130/><T113/><D113/><U43/><E133/><V84/><F120/><W62/><G134/><T71/><D71/><U25/><E65/><V39/><F56/><W69/><G69/><T126/><D126/><U14/><E57/><V20/><F58/><W67/><G108/><T127/><D127/><U129/><E63/><V102/><F61/><W34/><G62/><T41/><D41/><U37/><E129/><V91/><F74/><W52/><G67/><T10/><D10/><U76/><E43/><V83/><F75/><W98/><G52/><T31/><D31/><U90/><E28/><V105/><F83/><RYUUKYOKU ba="0,1" sc="200,15,230,-15,330,-15,230,15" hai0="0,5,9,11,12,19,22,30,44,50,53,92,95" hai3="34,72,78,81,87,89,93,94,98,103,104,106,107" /><INIT seed="2,1,1,2,3,102" ten="215,215,315,245" oya="2" hai0="82,41,10,38,30,97,69,86,103,76,121,78,104" hai1="46,8,26,122,115,130,83,91,17,118,31,6,52" hai2="94,93,35,3,133,9,29,64,81,101,67,12,13" hai3="113,65,49,60,42,131,90,63,70,4,2,44,43"/><V116/><F116/><W21/><G131/><T51/><D121/><U79/><E118/><V123/><F123/><W111/><G111/><T109/><D109/><U100/><E115/><V15/><F133/><W112/><G2/><T59/><D69/><U85/><E122/><V110/><F110/><W33/><G33/><T117/><D117/><U105/><E130/><V84/><F35/><W75/><G75/><T128/><D128/><U77/><E17/><V134/><F29/><W107/><G4/><T54/><D30/><U20/><E100/><V25/><F25/><W27/><G90/><T92/><D10/><U87/><E105/><V71/><F134/><W55/><G107/><T66/><D66/><U73/><E73/><V11/><F3/><W22/><G22/><T124/><D124/><U45/><E52/><V56/><F71/><W68/><G21/><T127/><D127/><U5/><E79/><V135/><F135/><W34/><G34/><T108/><D108/><U132/><E132/><V40/><F40/><N who="3" m="15403" /><G27/><T16/><D16/><U88/><E77/><N who="2" m="46127" /><F101/><W129/><G129/><T47/><D78/><U32/><E32/><V114/><F114/><N who="3" m="44139" /><G63/><T72/><REACH who="0" step="1"/><D72/><REACH who="0" ten="205,215,315,245" step="2"/><U119/><E119/><V98/><F9/><W14/><G70/><T28/><D28/><U48/><E8/><V74/><F74/><W19/><G19/><T7/><D7/><U61/><E6/><V1/><F11/><W126/><G126/><T0/><D0/><U99/><E5/><V37/><F1/><W120/><G120/><T106/><AGARI ba="1,2" hai="38,41,47,51,54,59,76,82,86,92,97,103,104,106" machi="106" ten="30,8000,1" yaku="1,1,0,1,52,2,53,1" doraHai="102" doraHaiUra="36" who="0" fromWho="0" sc="205,103,215,-21,315,-41,245,-21" /><INIT seed="3,0,0,5,1,15" ten="308,194,274,224" oya="3" hai0="34,127,46,14,89,126,105,123,97,98,117,16,50" hai1="42,56,54,59,63,69,125,24,80,104,66,129,41" hai2="8,38,32,112,21,121,19,3,62,49,64,99,43" hai3="35,51,85,7,57,116,82,29,31,28,5,111,18"/><W4/><G116/><T26/><D123/><U76/><E104/><V113/><F32/><W55/><G111/><T74/><D74/><U133/><E133/><V10/><F38/><W94/><G35/><T73/><D73/><U128/><E24/><V120/><F99/><W27/><G94/><T86/><D117/><U11/><E11/><V77/><F77/><W6/><N who="3" m="1024" /><DORA hai="22" /><W108/><G108/><T102/><D98/><U93/><E93/><V100/><F100/><W90/><G31/><N who="0" m="19831" /><D50/><U135/><E135/><V122/><F3/><W72/><G72/><T132/><D46/><U44/><E80/><V45/><F112/><W58/><G58/><N who="1" m="22058" /><E76/><V84/><F84/><W9/><G9/><N who="0" m="6223" /><D86/><U33/><E33/><V30/><F30/><W83/><G83/><T88/><D132/><U103/><E103/><V87/><F87/><W25/><G25/><T115/><D115/><U12/><E12/><N who="2" m="9447" /><F113/><W70/><G70/><AGARI ba="0,0" hai="8,10,43,45,49,62,64,70,120,121,122" m="9447" machi="70" ten="30,2000,0" yaku="13,1,52,1" doraHai="15,22" who="2" fromWho="3" sc="308,0,194,0,274,20,224,-20" owari="308,40.8,194,-30.6,294,9.4,204,-19.6" /></mjloggm>