<mjloggm ver="2.3"><GO type="225" lobby="0"/><UN n0="%E5%91%A8%E6%9D%B1" n1="%70%68%65%6E%6F%6D%65" n2="%E3%81%BF%E3%81%BF%E3%81%9A" n3="%E3%83%96%E3%83%83%E3%83%91%E3%82%AA%E3%83%96%E3%83%81%E3%82%AD%E3%83%B3" dan="16,16,18,16" rate="2136.27,2157.23,2212.63,2193.98" sx="M,M,M,M"/><TAIKYOKU oya="0"/><INIT seed="0,0,0,4,5,123" ten="250,250,250,250" oya="0" hai0="60,11,31,34,99,23,24,4,88,74,134,5,94" hai1="25,133,128,81,76,9,97,108,2,46,42,58,87" hai2="82,27,41,8,120,6,48,119,77,117,54,22,35" hai3="1,45,68,92,100,63,124,111,61,12,95,83,105"/><T112/><D134/><U84/><E133/><V132/><F132/><W39/><G1/><T98/><D112/><U75/><E128/><V56/><F120/><W114/><G114/><T53/><D74/><U59/><E97/><V93/><F35/><W18/><G124/><T135/><D135/><U43/><E43/><V107/><F107/><W129/><G129/><T40/><D40/><U13/><E25/><V125/><F125/><W52/><G105/><T69/><D34/><U29/><E29/><V14/><F93/><N who="3" m="35915" /><G68/><T72/><D72/><U80/><E2/><V121/><F121/><W36/><G36/><T102/><D102/><U90/><E75/><V64/><F64/><W32/><G39/><T10/><D99/><U86/><E86/><V104/><F104/><W127/><G111/><T66/><REACH who="0" step="1"/><D53/><REACH who="0" ten="240,250,250,250" step="2"/><U113/><E113/><V116/><F41/><W21/><G32/><T38/><D38/><U110/><E108/><V78/><REACH who="2" step="1"/><F82/><REACH who="2" ten="240,250,240,250" step="2"/><W91/><G127/><T71/><D71/><U57/><E110/><V15/><F15/><W96/><G100/><T79/><D79/><U85/><E81/><V65/><F65/><W103/><G103/><T122/><D122/><U16/><REACH who="1" step="1"/><E76/><REACH who="1" ten="240,240,240,250" step="2"/><V7/><F7/><AGARI ba="0,3" hai="4,5,7,10,11,23,24,31,60,66,69,88,94,98" machi="7" ten="40,3900,0" yaku="1,1,54,1,53,0" doraHai="123" doraHaiUra="109" who="0" fromWho="2" sc="240,69,240,0,240,-39,250,0" /><INIT seed="0,1,0,3,0,123" ten="309,240,201,250" oya="0" hai0="45,83,94,97,31,120,67,129,95,44,122,96,51" hai1="92,8,114,39,84,111,16,87,38,49,25,32,37" hai2="26,62,133,56,48,81,98,46,90,50,110,73,64" hai3="70,36,79,3,112,80,101,121,63,60,28,128,54"/><T22/><D129/><U134/><E134/><V119/><F133/><W20/><G112/><T82/><D22/><U17/><E114/><V103/><F119/><W108/><G3/><T5/><D5/><U40/><E111/><V85/><F73/><W93/><G121/><T126/><D67/><U0/><E0/><V21/><F46/><W69/><G36/><T117/><D126/><U30/><E92/><V10/><F10/><W13/><G128/><T7/><D7/><U135/><E135/><V55/><F55/><W89/><G101/><T59/><D59/><U75/><E75/><V24/><F24/><W27/><G108/><T65/><D65/><U4/><E4/><V53/><F53/><W91/><G13/><T76/><D51/><U19/><REACH who="1" step="1"/><E8/><REACH who="1" ten="309,230,201,250" step="2"/><V124/><F110/><W43/><G93/><T99/><D95/><U127/><E127/><V105/><REACH who="2" step="1"/><F124/><REACH who="2" ten="309,230,191,250" step="2"/><W72/><G72/><N who="0" m="43271" /><D122/><U106/><E106/><V131/><F131/><W35/><G70/><T130/><D120/><U77/><E77/><V113/><F113/><W102/><G69/><T9/><D130/><U115/><E115/><V41/><F41/><W52/><G43/><T14/><D9/><U12/><E12/><V61/><F61/><W66/><G63/><T15/><D14/><U33/><E33/><V100/><F100/><W2/><G102/><T74/><D15/><U47/><AGARI ba="1,2" hai="16,17,19,25,30,32,37,38,39,40,47,49,84,87" machi="47" ten="40,8000,1" yaku="1,1,0,1,54,1,53,1" doraHai="123" doraHaiUra="29" who="1" fromWho="1" sc="309,-41,230,103,191,-21,250,-21" /><INIT seed="1,0,0,0,0,5" ten="268,333,170,229" oya="1" hai0="126,9,32,116,106,127,29,104,131,4,86,33,44" hai1="90,107,21,125,39,71,60,25,47,112,22,87,88" hai2="53,111,91,89,97,98,34,122,120,17,41,40,49" hai3="36,50,130,3,118,61,109,63,67,30,69,79,59"/><U124/><E107/><V77/><F77/><W119/><G3/><T100/><D116/><N who="3" m="44585" /><G79/><T132/><D132/><U133/><E112/><V54/><F49/><W23/><G36/><T14/><D131/><U7/><E7/><V83/><F83/><W12/><G130/><T68/><D68/><U28/><E133/><V13/><F13/><W18/><G109/><T92/><D44/><U11/><E22/><V84/><F84/><W48/><G30/><T135/><D135/><U70/><E11/><V82/><F82/><W74/><G74/><T114/><D114/><U2/><E2/><V26/><F26/><W38/><G38/><T55/><D55/><AGARI ba="0,0" hai="12,18,23,48,50,55,59,61,63,67,69" m="44585" machi="55" ten="30,1000,0" yaku="12,1" doraHai="5" who="3" fromWho="0" sc="268,-10,333,0,170,0,229,10" /><INIT seed="2,0,0,1,5,77" ten="258,333,170,239" oya="2" hai0="4,115,13,105,83,8,35,100,58,23,74,93,122" hai1="81,50,55,15,72,7,41,18,73,84,78,37,28" hai2="101,61,80,91,34,6,67,33,2,99,112,133,85" hai3="130,44,127,134,82,31,95,119,54,1,76,125,86"/><V135/><F112/><W22/><G119/><T40/><D115/><U5/><E28/><V17/><F17/><W65/><G1/><T106/><D122/><U98/><E37/><V129/><F129/><W59/><G130/><T66/><D35/><U102/><E41/><V108/><F6/><W19/><G31/><T69/><D69/><U45/><E73/><V87/><F2/><W104/><G104/><T117/><D117/><U79/><E79/><V49/><F49/><W39/><G134/><N who="2" m="51209" /><F108/><W109/><G109/><T70/><D4/><U123/><E72/><V113/><F113/><W57/><G65/><T42/><D74/><U16/><E18/><V12/><F12/><W111/><G111/><T48/><D66/><U24/><E24/><V90/><F99/><W132/><G132/><T14/><D14/><U110/><E123/><V126/><F101/><W10/><G10/><T3/><D100/><U92/><E110/><V43/><F43/><W9/><G9/><AGARI ba="0,0" hai="5,7,9,15,16,45,50,55,78,81,84,92,98,102" machi="9" ten="30,7700,0" yaku="7,1,8,1,52,1,54,1" doraHai="77" who="1" fromWho="3" sc="258,0,333,77,170,0,239,-77" /><INIT seed="3,0,0,1,0,99" ten="258,410,170,162" oya="3" hai0="128,72,108,102,5,43,28,66,41,87,114,97,69" hai1="86,111,120,73,6,54,40,64,129,78,92,133,88" hai2="89,57,8,26,38,130,85,105,24,80,33,132,91" hai3="2,101,122,56,90,59,55,11,115,0,7,49,53"/><W45/><G115/><T27/><D108/><U77/><E120/><V93/><F105/><W50/><G122/><T44/><D128/><U95/><E73/><V74/><F38/><W58/><G0/><T70/><D72/><U63/><E111/><V17/><F130/><W19/><G19/><T3/><D114/><U9/><E40/><V82/><F132/><W23/><G23/><T68/><D87/><U117/><E117/><V46/><F46/><W127/><G127/><T21/><D66/><U71/><E133/><V131/><F131/><W4/><G4/><T48/><D43/><U125/><E125/><V35/><F74/><W18/><G18/><T14/><D3/><U83/><E54/><V61/><F33/><W47/><REACH who="3" step="1"/><G90/><REACH who="3" ten="258,410,170,152" step="2"/><T13/><D5/><U121/><E121/><V94/><F35/><W123/><G123/><T62/><D21/><U67/><E129/><V76/><F8/><W42/><G42/><T96/><D41/><U112/><E88/><N who="2" m="33867" /><F82/><W116/><G116/><T79/><D28/><U75/><E6/><V134/><F134/><W30/><G30/><T10/><D10/><U126/><E9/><V110/><F110/><W36/><G36/><T52/><D27/><N who="2" m="10282" /><F17/><W34/><G34/><T84/><D14/><U22/><E126/><V20/><F20/><W100/><AGARI ba="0,1" hai="2,7,11,45,47,49,50,53,55,56,58,59,100,101" machi="100" ten="30,12000,1" yaku="1,1,0,1,9,1,52,2,53,0" doraHai="99" doraHaiUra="31" who="3" fromWho="3" sc="258,-40,410,-40,170,-40,152,130" /><INIT seed="3,1,0,3,0,54" ten="218,370,130,282" oya="3" hai0="126,33,23,9,112,98,110,36,4,82,62,53,64" hai1="123,87,68,22,105,111,117,12,56,31,44,94,77" hai2="81,118,89,72,106,5,69,10,70,39,97,28,61" hai3="113,43,65,18,100,73,55,32,8,75,90,119,88"/><W76/><G113/><T49/><D36/><U92/><E123/><V127/><F118/><W47/><G119/><T102/><D112/><U83/><E68/><V13/><F127/><W46/><G32/><T133/><D126/><U57/><E105/><V74/><F28/><W96/><G65/><T48/><D33/><U50/><E111/><V109/><F109/><W19/><G76/><T26/><D82/><U71/><E71/><V124/><F124/><W35/><G35/><T122/><D110/><U78/><E78/><V67/><F39/><W34/><G34/><T66/><D133/><U121/><E121/><V128/><F128/><W107/><G75/><T85/><D85/><U86/><E12/><V115/><F115/><W42/><G73/><T11/><D49/><U20/><E20/><V59/><F74/><W130/><G130/><T40/><D40/><N who="3" m="15401" /><G107/><T17/><D66/><U129/><E117/><V95/><F72/><W6/><G100/><T101/><D101/><U103/><E87/><V132/><F81/><W91/><G96/><T15/><D98/><N who="1" m="59847" /><E94/><V93/><F106/><W104/><G104/><T80/><D102/><U24/><E129/><V134/><REACH who="2" step="1"/><F95/><REACH who="2" ten="218,370,120,282" step="2"/><W37/><G37/><T0/><D80/><U84/><E77/><V120/><F120/><W114/><G114/><T27/><D122/><U1/><E83/><V99/><F99/><W25/><G91/><T7/><D0/><U45/><E1/><V135/><AGARI ba="1,1" hai="5,10,13,59,61,67,69,70,89,93,97,132,134,135" machi="135" ten="30,7900,0" yaku="1,1,0,1,20,1,52,1,53,0" doraHai="54" doraHaiUra="79" who="2" fromWho="2" sc="218,-21,370,-21,120,92,282,-40" owari="197,-30.3,349,44.9,212,-18.8,242,4.2" /></mjloggm>