<mjloggm ver="2.3"><GO type="225" lobby="0"/><UN n0="%E3%81%AF%E3%82%88%E3%81%8A%E3%81%98%E3%81%95%E3%82%93" n1="%E3%82%AF%E3%82%A3%E3%82%A6" n2="%E4%B8%89%E5%88%86%E5%B0%8F%E5%83%A7" n3="%E9%A6%AC%E5%BC%95%E7%81%AB%33" dan="17,16,16,16" rate="2144.38,2085.94,2061.82,2081.87" sx="M,M,M,M"/><TAIKYOKU oya="0"/><INIT seed="0,0,0,4,3,80" ten="250,250,250,250" oya="0" hai0="59,40,88,89,32,83,29,36,67,65,101,125,19" hai1="61,87,81,37,93,60,123,118,103,110,113,66,17" hai2="95,73,69,121,52,20,92,28,15,14,47,124,129" hai3="108,127,41,23,25,57,11,18,4,55,49,82,85"/><T117/><D117/><U53/><E118/><V75/><F121/><W122/><G108/><T111/><D111/><U0/><E113/><V39/><F69/><W77/><G127/><T96/><D125/><U72/><E123/><V38/><F124/><W97/><G122/><T24/><D19/><U133/><E110/><V132/><F129/><W131/><G131/><T115/><D115/><U8/><E37/><V79/><F132/><W84/><G41/><T68/><D68/><U44/><E133/><V98/><F79/><W22/><G22/><T76/><D40/><U62/><E72/><V27/><F39/><W1/><REACH who="3" step="1"/><G97/><REACH who="3" ten="250,250,250,240" step="2"/><T64/><D36/><U56/><E0/><V104/><F38/><W99/><G99/><T119/><D119/><U105/><E105/><V2/><F104/><W112/><G112/><T43/><D43/><U94/><E103/><V9/><F98/><W48/><G48/><T33/><D33/><U45/><E94/><V106/><F95/><W34/><G34/><T100/><D100/><U51/><E93/><V30/><F92/><W135/><G135/><T71/><D71/><U126/><E126/><V5/><F106/><W50/><G50/><T90/><D101/><U12/><REACH who="1" step="1"/><E66/><REACH who="1" ten="250,240,250,240" step="2"/><V70/><F75/><AGARI ba="0,2" hai="1,4,11,18,23,25,49,55,57,75,77,82,84,85" machi="75" ten="30,7700,0" yaku="1,1,7,1,52,2,53,0" doraHai="80" doraHaiUra="86" who="3" fromWho="2" sc="250,0,240,0,250,-77,240,97" /><INIT seed="1,0,0,1,0,51" ten="250,240,173,337" oya="1" hai0="93,104,16,40,11,69,77,99,52,5,42,7,84" hai1="44,112,45,18,39,66,43,49,108,91,116,111,71" hai2="134,64,29,109,86,22,127,46,27,58,36,20,31" hai3="87,129,17,124,76,103,26,62,117,1,89,33,73"/><U106/><E106/><V113/><F109/><N who="1" m="42057" /><E116/><V119/><F119/><W13/><G1/><T101/><D69/><U14/><E112/><V135/><F113/><W6/><G6/><T54/><D104/><U48/><E91/><V78/><F127/><W68/><G117/><T107/><D107/><U98/><E98/><V0/><F0/><W96/><G124/><T85/><D5/><U35/><E35/><V133/><F78/><W90/><G129/><T105/><D105/><U130/><E130/><V2/><F2/><W12/><G73/><T56/><D7/><U55/><E18/><V125/><F125/><W97/><G103/><T118/><D118/><U126/><E126/><V74/><F74/><W23/><G33/><T4/><D4/><U95/><E95/><V63/><F86/><N who="0" m="33386" /><D77/><U75/><E14/><N who="3" m="5738" /><G68/><T50/><D16/><U80/><E80/><V37/><REACH who="2" step="1"/><F46/><REACH who="2" ten="250,240,163,337" step="2"/><W82/><G76/><T128/><D128/><U83/><E83/><V100/><F100/><W110/><G82/><T121/><D121/><U28/><E75/><V115/><F115/><W3/><G3/><T24/><D11/><U10/><E10/><V59/><F59/><W41/><G110/><T67/><D101/><U65/><E71/><V123/><F123/><W122/><G122/><T70/><D70/><U81/><E81/><V19/><F19/><W15/><N who="3" m="5746" /><W57/><DORA hai="132" /><G17/><T79/><D79/><U25/><E39/><V8/><F8/><W47/><G57/><T131/><D131/><U72/><E72/><V61/><F61/><W30/><G62/><T114/><D114/><RYUUKYOKU ba="0,1" sc="250,-15,240,15,163,15,337,-15" hai1="25,28,43,44,45,48,49,55,65,66" hai2="20,22,27,29,31,36,37,58,63,64,133,134,135" /><INIT seed="1,1,1,5,3,117" ten="235,255,178,322" oya="1" hai0="103,50,31,119,33,128,36,42,75,14,85,11,69" hai1="20,94,15,4,70,63,34,96,67,122,112,56,98" hai2="81,84,97,38,37,88,113,47,121,116,7,29,105" hai3="58,126,54,73,111,101,45,13,120,68,48,133,106"/><U130/><E112/><V17/><F116/><W71/><G120/><T25/><D119/><U24/><E130/><V80/><F113/><W62/><G73/><T41/><D75/><U107/><E122/><V102/><F121/><W86/><G111/><T78/><D69/><U115/><E115/><V8/><F29/><W16/><G126/><T87/><D36/><U2/><E70/><V125/><F125/><W39/><G39/><T108/><D108/><U64/><E34/><V129/><F129/><W123/><G123/><T127/><D127/><U95/><E2/><V76/><F17/><W92/><G133/><T46/><D128/><U21/><E67/><V59/><F59/><W100/><G106/><T30/><D30/><U27/><E107/><V51/><F51/><W77/><G71/><T124/><D103/><U82/><E82/><V55/><F55/><W19/><G19/><T114/><D114/><U89/><E4/><V12/><REACH who="2" step="1"/><F47/><REACH who="2" ten="235,255,168,322" step="2"/><W74/><G68/><T132/><D124/><U32/><E32/><V109/><F109/><W26/><G16/><T53/><D132/><U44/><E44/><V90/><F90/><W104/><G48/><T93/><D53/><U79/><E79/><V65/><F65/><W5/><G54/><T61/><D50/><U72/><E20/><V28/><F28/><W60/><G77/><T9/><D46/><U99/><E21/><V83/><F83/><W23/><G23/><T52/><D78/><U66/><E66/><V135/><F135/><W134/><G134/><T10/><D33/><U1/><E64/><V22/><F22/><RYUUKYOKU ba="1,2" sc="235,-10,255,-10,168,30,322,-10" hai2="7,8,12,37,38,76,80,81,84,88,97,102,105" /><INIT seed="2,2,2,2,5,75" ten="225,245,198,312" oya="2" hai0="49,33,90,91,41,98,76,43,68,4,1,83,101" hai1="55,29,65,62,42,32,21,122,0,111,110,126,131" hai2="109,74,134,105,8,96,37,84,106,67,77,9,119" hai3="27,78,59,30,18,100,19,54,107,97,47,116,50"/><V70/><F119/><W7/><G116/><T73/><D68/><U85/><E32/><V102/><F105/><W2/><G78/><T31/><D33/><U128/><E0/><V87/><F37/><W135/><G135/><T120/><D120/><U17/><E29/><V39/><F39/><W57/><G57/><T88/><D31/><U38/><E126/><V12/><F134/><W94/><G94/><T15/><D1/><U103/><E122/><V127/><F127/><W118/><G118/><T3/><D3/><U45/><E103/><V132/><F132/><W64/><G64/><T44/><D43/><U40/><E85/><V5/><F9/><W117/><G117/><T113/><D113/><U80/><E80/><V71/><F109/><N who="1" m="41481" /><E42/><V72/><F87/><W46/><G46/><T23/><D4/><U130/><E55/><V92/><F106/><W35/><G7/><T115/><D115/><U22/><E17/><V114/><F114/><W11/><G11/><T14/><REACH who="0" step="1"/><D23/><REACH who="0" ten="215,245,198,312" step="2"/><U36/><E38/><V89/><F71/><AGARI ba="2,3" hai="21,22,36,40,45,62,65,71,128,130,131" m="41481" machi="71" ten="40,2600,0" yaku="19,1,14,1" doraHai="75" who="1" fromWho="2" sc="215,0,245,62,198,-32,312,0" /><INIT seed="3,0,0,3,0,12" ten="215,307,166,312" oya="3" hai0="50,124,8,123,88,131,101,24,135,92,63,112,113" hai1="60,110,97,51,46,17,31,134,11,37,20,55,64" hai2="73,127,76,36,77,132,89,62,19,28,56,33,74" hai3="35,21,9,10,61,3,75,114,96,29,2,107,71"/><W26/><G114/><N who="0" m="44139" /><D123/><U95/><E110/><V106/><F36/><W69/><G21/><T23/><D124/><U72/><E72/><V103/><F127/><W67/><G75/><T79/><D79/><U5/><E134/><V7/><F132/><W65/><G65/><T84/><D135/><U109/><E109/><V53/><F74/><W22/><G22/><T13/><D131/><U85/><E85/><V91/><F7/><W58/><G58/><T4/><D101/><U49/><E49/><V78/><F73/><W87/><G87/><T117/><D50/><U48/><E48/><V18/><F33/><W94/><G94/><T126/><D126/><U104/><E104/><V115/><F28/><W14/><G71/><T99/><D63/><U120/><E120/><V66/><F66/><W133/><G133/><T15/><D117/><U82/><E37/><V111/><F111/><W70/><G70/><T102/><D15/><N who="1" m="5615" /><E31/><V32/><F32/><W81/><G81/><T129/><D129/><U83/><E60/><V1/><F1/><N who="3" m="11" /><G14/><T45/><D45/><U38/><E38/><V43/><F43/><W130/><G130/><T40/><D40/><U86/><E86/><V16/><REACH who="2" step="1"/><F115/><REACH who="2" ten="215,307,156,312" step="2"/><W39/><G39/><T118/><D118/><U25/><E64/><V44/><F44/><W47/><G47/><T57/><D4/><U27/><E46/><V125/><F125/><W119/><G119/><T80/><D8/><U41/><E41/><V93/><F93/><W121/><G121/><T42/><D42/><U68/><E95/><V100/><F100/><AGARI ba="0,1" hai="9,10,26,29,35,61,67,69,96,100,107" m="11" machi="100" ten="30,1500,0" yaku="25,1" doraHai="12" who="3" fromWho="2" sc="215,0,307,0,156,-15,312,25" owari="215,-18.5,307,10.7,141,-35.9,337,43.7" /></mjloggm>