<mjloggm ver="2.3"><GO type="225" lobby="0"/><UN n0="%E3%81%BD%E3%81%A1%E3%81%9F%E3%81%93%E3%82%84" n1="%72%69%6F%75%63%68%61%6E" n2="%E6%98%93%E5%88%A9%E8%96%A9%E4%BC%AF" n3="%43%68%65" dan="17,16,17,16" rate="2214.20,2105.11,2200.60,2178.81" sx="M,M,F,M"/><TAIKYOKU oya="0"/><INIT seed="0,0,0,3,5,103" ten="250,250,250,250" oya="0" hai0="59,40,130,99,73,14,71,31,69,18,112,7,105" hai1="81,108,104,117,85,9,65,28,68,58,27,43,6" hai2="88,25,109,57,47,72,102,36,50,87,91,128,51" hai3="8,15,29,63,82,0,106,22,17,3,84,62,74"/><T16/><D112/><U78/><E117/><V19/><F72/><W83/><G74/><T55/><D73/><U98/><E108/><V114/><F114/><W61/><G106/><T100/><D130/><U11/><E58/><V70/><F70/><W110/><G110/><T5/><D31/><U93/><E43/><V96/><F128/><W45/><G83/><T2/><D2/><U125/><E125/><V37/><F109/><W13/><G45/><T56/><D40/><U122/><E122/><V24/><F57/><W120/><G120/><T126/><D126/><U54/><E54/><V41/><F51/><W116/><G116/><T4/><D59/><U34/><E6/><V30/><F19/><W89/><REACH who="3" step="1"/><G29/><REACH who="3" ten="250,250,250,240" step="2"/><T20/><REACH who="0" step="1"/><D18/><AGARI ba="0,1" hai="0,3,8,13,15,17,18,22,61,62,63,82,84,89" machi="18" ten="40,2600,0" yaku="1,1,2,1,53,0" doraHai="103" doraHaiUra="134" who="3" fromWho="0" sc="250,-26,250,0,250,0,240,36" /><INIT seed="1,0,0,4,3,134" ten="224,250,250,276" oya="1" hai0="21,18,9,51,39,112,78,77,86,133,55,44,76" hai1="38,34,43,108,125,111,70,110,61,68,41,129,113" hai2="69,5,80,116,28,54,49,30,6,95,15,11,12" hai3="87,79,96,33,81,35,10,52,132,107,73,32,135"/><U48/><E125/><V120/><F69/><N who="1" m="26729" /><E34/><V53/><F116/><W119/><G119/><T72/><D133/><N who="3" m="51273" /><G10/><T75/><D112/><U82/><E82/><V23/><F120/><W66/><G66/><T102/><D39/><U94/><E113/><V37/><F37/><W104/><G96/><T88/><D102/><U123/><E94/><V106/><F106/><N who="3" m="40491" /><G52/><T90/><D9/><U115/><E115/><V22/><F80/><W64/><G64/><T25/><REACH who="0" step="1"/><D86/><AGARI ba="0,0" hai="32,33,35,73,79,81,86,87" m="40491,51273" machi="86" ten="40,1300,0" yaku="20,1" doraHai="134" who="3" fromWho="0" sc="224,-13,250,0,250,0,276,13" /><INIT seed="2,0,0,4,5,124" ten="211,250,250,289" oya="2" hai0="83,101,93,12,52,49,16,95,86,106,87,9,76" hai1="111,65,129,25,128,88,126,2,108,3,85,104,62" hai2="92,94,99,27,66,14,30,71,78,105,13,113,39" hai3="31,119,23,21,70,130,117,29,35,61,73,132,58"/><V89/><F113/><W115/><G70/><T28/><D28/><U123/><E126/><V34/><F39/><W57/><G73/><T5/><D106/><U37/><E104/><V68/><F68/><W56/><G61/><T51/><D101/><U36/><E123/><V69/><F69/><W26/><G115/><T74/><D49/><U6/><E25/><V81/><F105/><W80/><G132/><T131/><D131/><N who="1" m="50251" /><E36/><V1/><F1/><N who="1" m="9" /><E6/><V10/><F10/><W17/><G130/><T133/><D133/><U33/><E33/><V43/><F43/><W22/><G35/><T24/><D74/><U47/><E47/><V53/><F27/><W118/><G26/><T91/><D95/><N who="1" m="54671" /><E37/><V82/><F34/><W40/><G118/><T121/><D121/><U60/><E60/><V18/><F92/><W42/><G117/><T11/><D24/><U102/><E102/><V41/><F94/><W120/><G120/><T45/><D9/><U15/><E15/><V50/><F14/><W32/><G32/><T110/><D110/><U98/><E98/><V134/><F13/><W116/><G116/><T77/><REACH who="0" step="1"/><D5/><REACH who="0" ten="201,250,250,289" step="2"/><U84/><E84/><V19/><F134/><W90/><G119/><T8/><D8/><U135/><E135/><V100/><F99/><W114/><G114/><T4/><D4/><U7/><E7/><V122/><F100/><W109/><G109/><T59/><D59/><AGARI ba="0,1" hai="59,62,65,108,111" m="54671,9,50251" machi="59" ten="30,8000,1" yaku="19,1,52,3,54,1" doraHai="124" who="1" fromWho="0" sc="201,-80,250,90,250,0,289,0" /><INIT seed="3,0,0,2,1,37" ten="121,340,250,289" oya="3" hai0="63,60,20,6,115,52,45,17,27,51,38,101,133" hai1="61,4,134,70,64,18,118,88,48,22,30,122,5" hai2="128,68,11,35,106,104,8,112,99,103,132,34,102" hai3="47,24,119,95,93,58,83,75,114,94,117,127,55"/><W2/><G114/><T54/><D133/><U39/><E122/><V14/><F68/><W123/><G123/><T62/><D115/><U96/><E39/><V82/><F112/><W12/><G2/><T116/><D116/><U126/><E30/><V69/><F69/><W107/><G107/><T130/><D130/><U113/><E113/><V56/><F128/><W129/><G129/><T72/><D72/><U32/><E32/><V76/><F11/><W125/><G24/><T77/><D77/><U100/><E134/><V44/><F56/><W98/><G12/><T89/><D38/><U10/><E126/><N who="3" m="48138" /><G47/><T29/><D101/><U15/><E118/><N who="3" m="45066" /><G55/><T131/><D6/><U66/><E66/><V65/><F65/><W86/><G75/><T13/><D131/><U57/><E10/><V7/><F44/><W25/><G58/><T124/><D124/><U31/><E31/><V1/><F1/><W74/><G25/><T9/><REACH who="0" step="1"/><D89/><REACH who="0" ten="111,340,250,289" step="2"/><U36/><E88/><V3/><F132/><W109/><G74/><T33/><D33/><U108/><E4/><V81/><F35/><W135/><G135/><T110/><D110/><U59/><E108/><V40/><F34/><W97/><G109/><T111/><D111/><U67/><E5/><V105/><F103/><W79/><AGARI ba="0,1" hai="79,83,86,93,94,95,97,98" m="45066,48138" machi="79" ten="40,7800,0" yaku="18,1,34,2" doraHai="37" who="3" fromWho="3" sc="111,-26,340,-26,250,-26,289,88" owari="85,-41.5,314,11.4,224,-17.6,377,47.7" /></mjloggm>