<mjloggm ver="2.3"><GO type="225" lobby="0"/><UN n0="%E3%83%A9%E3%82%A4%E3%83%B3%E3%81%AE%E8%99%8E" n1="%E5%8D%A0%E3%81%84%E5%B8%AB%E8%A3%8F%E3%81%AA%E3%81%84%E3%81%97" n2="%E3%81%8B%E3%82%8F%E3%81%A1%E3%82%83%E3%82%93%35%38" n3="%E6%81%A5%E6%99%92%E3%81%97" dan="16,17,16,17" rate="2122.58,2184.55,2147.07,2208.83" sx="M,M,M,M"/><TAIKYOKU oya="0"/><INIT seed="0,0,0,3,5,77" ten="250,250,250,250" oya="0" hai0="90,94,65,57,20,30,86,114,18,6,107,46,42" hai1="53,113,14,13,89,80,73,118,102,62,11,128,117" hai2="95,126,72,16,23,2,87,5,84,9,58,64,120" hai3="70,55,63,43,83,121,85,109,48,15,19,100,135"/><T74/><D114/><U82/><E113/><V133/><F120/><W88/><G109/><T40/><D107/><U68/><E128/><V130/><F72/><W91/><G135/><T26/><D74/><U99/><E73/><V115/><F115/><W79/><G121/><T10/><D46/><U4/><E89/><V41/><F133/><W75/><G100/><T134/><D134/><U32/><E32/><V69/><F69/><W52/><G75/><T8/><D8/><U56/><E68/><V97/><F41/><W31/><G31/><T12/><REACH who="0" step="1"/><D30/><REACH who="0" ten="240,250,250,250" step="2"/><U38/><E38/><V35/><F130/><W3/><G3/><T61/><AGARI ba="0,1" hai="6,10,12,18,20,26,40,42,57,61,65,86,90,94" machi="61" ten="30,11700,0" yaku="1,1,2,1,0,1,8,1,53,0" doraHai="77" doraHaiUra="25" who="0" fromWho="0" sc="240,127,250,-39,250,-39,250,-39" /><INIT seed="0,1,0,4,0,5" ten="367,211,211,211" oya="0" hai0="84,108,119,125,0,26,2,34,50,69,27,3,80" hai1="68,100,49,48,82,87,107,74,63,17,76,73,96" hai2="10,11,53,133,47,18,86,29,123,40,14,105,23" hai3="116,124,66,43,99,72,31,113,21,44,13,9,115"/><T103/><D69/><U1/><E1/><V90/><F123/><W46/><G116/><T6/><D119/><U60/><E63/><V120/><F120/><W93/><G72/><T24/><D125/><U64/><E73/><V131/><F105/><W110/><G110/><T56/><D103/><U19/><E19/><V129/><F53/><W91/><G124/><T16/><D34/><U75/><E75/><V59/><F59/><W51/><G66/><T109/><D56/><U58/><E68/><V36/><F133/><W70/><G70/><T102/><D50/><U39/><E39/><V55/><F55/><W97/><G97/><T22/><D102/><U62/><E62/><V78/><F78/><W37/><G21/><T118/><D118/><U126/><E126/><V32/><F32/><W135/><G31/><T88/><REACH who="0" step="1"/><D6/><REACH who="0" ten="357,211,211,211" step="2"/><U15/><REACH who="1" step="1"/><E74/><REACH who="1" ten="357,201,211,211" step="2"/><V7/><F29/><W61/><G61/><T35/><D35/><U25/><E25/><AGARI ba="1,2" hai="0,2,3,16,22,24,25,26,27,80,84,88,108,109" machi="25" ten="50,9600,0" yaku="1,1,54,2,53,0" doraHai="5" doraHaiUra="28" who="0" fromWho="1" sc="357,119,201,-99,211,0,211,0" /><INIT seed="0,2,0,1,1,30" ten="476,102,211,211" oya="0" hai0="11,79,39,3,51,132,31,111,81,26,52,21,118" hai1="76,123,88,13,0,24,98,95,29,33,97,91,28" hai2="65,37,42,78,82,112,92,22,46,69,18,17,38" hai3="72,84,100,62,96,121,127,54,23,114,8,44,135"/><T109/><D39/><U40/><E123/><V61/><F112/><W108/><G114/><T74/><D118/><U68/><E0/><V4/><F38/><W20/><G121/><T119/><D119/><U133/><E68/><V1/><F92/><W104/><G72/><T36/><D36/><U25/><E133/><V94/><F94/><W71/><G135/><T128/><D132/><U64/><E64/><V77/><F77/><W124/><G108/><N who="0" m="41547" /><D128/><U56/><E76/><V48/><F22/><W63/><G84/><T113/><D113/><U110/><E110/><V85/><REACH who="2" step="1"/><F37/><REACH who="2" ten="476,102,201,211" step="2"/><W66/><G20/><T43/><D21/><U2/><E2/><V89/><F89/><W106/><G23/><T7/><D26/><U93/><E13/><V12/><F12/><W103/><G8/><AGARI ba="2,1" hai="1,4,8,17,18,42,46,48,61,65,69,78,82,85" machi="8" ten="40,2600,0" yaku="1,1,53,1" doraHai="30" doraHaiUra="41" who="2" fromWho="3" sc="476,0,102,0,201,42,211,-32" /><INIT seed="1,0,0,3,1,127" ten="476,102,243,179" oya="1" hai0="120,23,123,133,46,75,110,14,73,112,26,96,111" hai1="86,49,132,28,11,115,121,90,119,16,83,76,48" hai2="74,91,116,24,21,125,57,44,117,95,60,71,77" hai3="100,39,5,64,67,8,43,32,41,56,13,47,53"/><U58/><E115/><V19/><F125/><W66/><G32/><T40/><D14/><U52/><E119/><V84/><F71/><W130/><G100/><T6/><D6/><U102/><E121/><N who="0" m="46665" /><D96/><U82/><E132/><V94/><F74/><N who="0" m="28170" /><D133/><U54/><E102/><V97/><F44/><W105/><G41/><T98/><D98/><U42/><E28/><V72/><F72/><W17/><G105/><T129/><D129/><U51/><E82/><V50/><F50/><W135/><G135/><T93/><D93/><U88/><E42/><V4/><F4/><W81/><G81/><T108/><D112/><U104/><E104/><V113/><F113/><W15/><G130/><T45/><D40/><U85/><E85/><V33/><F33/><W68/><G13/><T103/><D103/><U131/><E131/><V18/><F18/><AGARI ba="0,0" hai="18,23,26,45,46,108,110,111" m="28170,46665" machi="18" ten="40,2600,0" yaku="14,1,13,1" doraHai="127" who="0" fromWho="2" sc="476,26,102,0,243,-26,179,0" /><INIT seed="2,0,0,1,1,134" ten="502,102,217,179" oya="2" hai0="55,33,19,88,63,27,105,24,111,70,91,45,7" hai1="80,59,115,68,4,92,41,2,126,52,51,99,15" hai2="89,21,90,69,71,66,3,123,8,60,36,50,32" hai3="62,14,43,93,9,84,109,56,100,129,128,57,44"/><V28/><F123/><W77/><G109/><T113/><D111/><U38/><E115/><V54/><F32/><W25/><G25/><T64/><D7/><U81/><E2/><V0/><F69/><W13/><G100/><T26/><D113/><U58/><E68/><V10/><F36/><W67/><G57/><T40/><D105/><U46/><E59/><N who="2" m="37151" /><F0/><W78/><G14/><T119/><D119/><U120/><E120/><V53/><F53/><W122/><G122/><T6/><D33/><U74/><E74/><V47/><F71/><W11/><G11/><N who="2" m="4137" /><F3/><W42/><G42/><T35/><D6/><U95/><E4/><V65/><F65/><W117/><G117/><T96/><D35/><U23/><E126/><V133/><F133/><W121/><G121/><T16/><D55/><U1/><E1/><V83/><F83/><W18/><G128/><T103/><D19/><U75/><E75/><V125/><F125/><W131/><G129/><T39/><D16/><U72/><E72/><V107/><F107/><W22/><G9/><T76/><D76/><U104/><E104/><V30/><F30/><W110/><G131/><T17/><D17/><N who="1" m="10687" /><E95/><V12/><F12/><W101/><G110/><T94/><AGARI ba="0,0" hai="24,26,27,39,40,45,63,64,70,88,91,94,96,103" machi="94" ten="30,2000,0" yaku="0,1,54,1" doraHai="134" who="0" fromWho="0" sc="502,20,102,-5,217,-10,179,-5" /><INIT seed="3,0,0,4,5,45" ten="522,97,207,174" oya="3" hai0="124,56,128,26,91,3,89,97,39,50,78,20,13" hai1="68,106,27,129,134,32,127,59,116,75,108,92,126" hai2="61,23,123,29,113,2,105,76,5,110,66,118,95" hai3="36,11,119,73,22,38,122,18,93,63,51,40,15"/><W99/><G119/><T94/><D39/><U74/><RYUUKYOKU type="yao9" ba="0,0" sc="522,0,97,0,207,0,174,0" hai1="27,32,59,68,74,75,92,106,108,116,126,127,129,134" /><INIT seed="3,1,0,4,3,60" ten="522,97,207,174" oya="3" hai0="80,78,110,116,125,4,12,120,62,106,28,24,2" hai1="97,85,74,104,49,98,105,114,111,51,13,27,61" hai2="36,112,135,25,10,103,48,20,43,92,73,5,88" hai3="96,122,57,83,118,91,53,131,121,86,11,93,113"/><W89/><G118/><T42/><D120/><U69/><E114/><V119/><F73/><W65/><G113/><T39/><D12/><U107/><E74/><V3/><F112/><W123/><G131/><T19/><D19/><U133/><E111/><V59/><F119/><W99/><G11/><T68/><D125/><U90/><E133/><V130/><F130/><W67/><REACH who="3" step="1"/><G99/><REACH who="3" ten="522,97,207,164" step="2"/><T46/><D116/><U108/><E108/><V14/><F135/><W84/><G84/><T101/><D110/><U115/><E115/><V32/><F10/><W23/><G23/><T0/><D0/><U126/><E126/><V63/><F20/><W94/><G94/><T8/><D8/><U75/><E75/><V41/><F92/><W77/><G77/><T79/><D79/><U102/><E105/><V56/><F3/><W66/><G66/><T52/><D2/><U29/><E13/><V87/><F14/><W21/><G21/><T33/><D78/><U35/><E98/><V129/><F129/><W76/><G76/><T6/><D106/><U128/><E107/><V16/><F87/><W40/><G40/><T54/><D42/><U26/><E128/><V18/><F41/><W9/><G9/><T127/><D127/><U44/><E26/><V82/><F25/><W95/><G95/><T55/><D24/><U124/><E124/><V47/><F43/><W38/><G38/><T22/><D22/><U132/><E132/><V72/><F36/><W1/><G1/><T64/><D64/><N who="1" m="41103" /><E44/><V71/><F47/><W37/><G37/><T31/><D46/><U117/><E117/><RYUUKYOKU ba="1,1" sc="522,-15,97,15,207,-15,164,15" hai1="27,29,35,49,51,85,90,97,102,104" hai3="53,57,65,67,83,86,89,91,93,96,121,122,123" /><INIT seed="3,2,1,3,3,105" ten="507,112,192,179" oya="3" hai0="28,128,127,14,47,120,121,37,18,59,9,61,66" hai1="114,33,107,45,6,102,49,78,70,52,48,135,24" hai2="46,60,94,123,22,4,84,91,133,124,11,74,42" hai3="39,3,71,90,12,131,25,79,10,23,0,96,76"/><W116/><G116/><T65/><D28/><U93/><E114/><V97/><F74/><W125/><G39/><T119/><D119/><U7/><E135/><V104/><F133/><W30/><G71/><T100/><D100/><U20/><E107/><V17/><F104/><W122/><G122/><T40/><D127/><U21/><E70/><V81/><F124/><W62/><G131/><T34/><D34/><U75/><E33/><V92/><F60/><W58/><G125/><T15/><D128/><U56/><E78/><V41/><F123/><W87/><G96/><T68/><D66/><U26/><E75/><V98/><F11/><W83/><G3/><T80/><D80/><U53/><E102/><N who="2" m="60711" /><F46/><W95/><G95/><T112/><D112/><U113/><E113/><V43/><F4/><W69/><G0/><T63/><D63/><U89/><E21/><V109/><F109/><W64/><G69/><T99/><D99/><U126/><E126/><V106/><F106/><W77/><G79/><T27/><D27/><U8/><E8/><V132/><F132/><W117/><G117/><T44/><D44/><U130/><E130/><V35/><F35/><W55/><G64/><T38/><D38/><U67/><E67/><V5/><F5/><AGARI ba="2,1" hai="5,10,12,23,25,30,55,58,62,76,77,83,87,90" machi="5" ten="30,2900,0" yaku="7,1,8,1" doraHai="105" who="3" fromWho="2" sc="507,0,112,0,192,-35,179,45" /><INIT seed="3,3,0,2,1,117" ten="507,112,157,224" oya="3" hai0="38,46,31,82,93,21,89,10,133,19,1,79,58" hai1="129,44,91,119,33,77,4,22,6,108,97,106,57" hai2="42,110,62,47,37,72,48,76,120,71,27,25,73" hai3="8,128,135,112,0,113,66,28,121,116,7,64,115"/><W51/><G116/><T126/><D126/><U69/><E119/><V84/><F73/><W105/><G105/><T59/><D133/><U53/><E69/><V68/><F72/><W56/><G135/><T88/><D31/><U83/><E33/><V32/><F32/><W98/><G98/><T75/><D89/><U70/><E70/><V134/><F134/><W29/><G128/><T23/><D23/><U67/><E108/><V87/><F71/><W104/><G64/><T17/><D17/><U109/><E109/><V61/><F68/><W52/><G66/><T95/><D95/><U92/><E129/><V63/><F37/><W125/><G104/><T49/><D38/><U20/><E106/><V114/><F114/><W74/><G74/><T3/><D3/><U96/><E96/><V111/><F111/><W65/><G28/><T36/><D36/><U14/><E67/><V99/><F110/><W118/><G29/><T45/><D45/><U130/><E44/><V2/><F2/><W131/><G0/><T41/><D10/><U124/><E124/><V100/><F120/><W86/><G118/><T123/><D123/><U102/><E102/><V107/><F107/><W127/><G121/><T85/><D1/><U81/><E130/><V122/><F122/><W18/><G131/><T54/><D41/><U11/><E4/><V15/><F99/><W39/><G115/><T24/><AGARI ba="3,0" hai="19,21,24,46,49,54,58,59,75,79,82,85,88,93" machi="24" ten="20,2700,0" yaku="0,1,7,1,54,1" doraHai="117" who="0" fromWho="0" sc="507,36,112,-10,157,-10,224,-16" owari="543,64.3,102,-39.8,147,-25.3,208,0.8" /></mjloggm>