<mjloggm ver="2.3"><GO type="225" lobby="0"/><UN n0="%E7%99%BD%E5%80%89%E5%AF%9B%E4%B9%8B" n1="%E5%B8%86%E7%AB%8B%E5%A4%8F%E8%A1%A3" n2="%E6%A1%9C%E8%8A%B1%E9%96%83%E3%80%85" n3="%4C%C3%97%57%C3%97%4C" dan="16,17,16,17" rate="2138.01,2195.10,2120.32,2163.44" sx="M,M,M,M"/><TAIKYOKU oya="0"/><INIT seed="0,0,0,4,1,110" ten="250,250,250,250" oya="0" hai0="15,63,94,24,0,79,14,106,23,100,61,17,35" hai1="101,98,120,42,91,83,86,65,69,97,40,54,123" hai2="116,77,99,76,118,59,66,70,22,11,89,1,117" hai3="68,80,18,95,28,8,111,62,85,124,126,71,109"/><T53/><D0/><U74/><E69/><V48/><F70/><W60/><G28/><T3/><D106/><U90/><E65/><V128/><F128/><W39/><G95/><T20/><D35/><U12/><E54/><N who="2" m="32199" /><F66/><W133/><G133/><T45/><D3/><U132/><E12/><V67/><F67/><W75/><G75/><T37/><D79/><N who="2" m="30282" /><F22/><W2/><G39/><T50/><D37/><U52/><E52/><V73/><F73/><W36/><G36/><T127/><D127/><N who="3" m="48681" /><G71/><T26/><D100/><U6/><E6/><N who="2" m="1487" /><F89/><N who="3" m="51367" /><G68/><T107/><D107/><U131/><E131/><V19/><F19/><W34/><G34/><T9/><D94/><U96/><E74/><V134/><F99/><W43/><G43/><T112/><D112/><U56/><E42/><V78/><F78/><W81/><G81/><T21/><REACH who="0" step="1"/><D15/><REACH who="0" ten="240,250,250,250" step="2"/><U84/><E101/><V125/><F125/><W108/><G2/><T58/><D58/><U49/><E56/><V13/><F13/><AGARI ba="0,1" hai="8,13,18,60,62,108,109,111" m="51367,48681" machi="13" ten="40,2600,0" yaku="14,1,18,1" doraHai="110" who="3" fromWho="2" sc="240,0,250,0,250,-26,250,36" /><INIT seed="1,0,0,5,2,102" ten="240,250,224,286" oya="1" hai0="24,39,37,1,67,6,108,134,94,11,29,107,62" hai1="0,87,121,76,12,66,56,84,53,116,85,61,19" hai2="28,42,77,41,46,8,120,100,98,96,40,119,90" hai3="132,21,133,7,86,3,99,105,47,63,45,122,89"/><U20/><E116/><V117/><F120/><W75/><G75/><T15/><D108/><U27/><E121/><V23/><F77/><W10/><G122/><T101/><D134/><N who="3" m="51817" /><G21/><T54/><D54/><U110/><E0/><V68/><F68/><W71/><G99/><N who="0" m="61887" /><D15/><U103/><E110/><V130/><F130/><W125/><G105/><T51/><D51/><U17/><E103/><V55/><F8/><W111/><G111/><T38/><D94/><U9/><REACH who="1" step="1"/><E76/><REACH who="1" ten="240,240,224,286" step="2"/><V18/><F100/><W69/><G125/><T58/><D1/><U36/><E36/><V97/><F119/><W82/><G71/><N who="0" m="42487" /><D38/><U115/><E115/><V70/><F117/><W2/><G3/><N who="0" m="479" /><D58/><U44/><E44/><V26/><F70/><W31/><G45/><T22/><D39/><U79/><E79/><V106/><F106/><W78/><G47/><T74/><D37/><U49/><E49/><N who="2" m="29111" /><F90/><W64/><G89/><T33/><D74/><U32/><E32/><V91/><F91/><W81/><G82/><T35/><D35/><U129/><E129/><V88/><F88/><W118/><G118/><T60/><D60/><U104/><E104/><V127/><F127/><W4/><G78/><T95/><D95/><U73/><E73/><V34/><F34/><W57/><G81/><T109/><D109/><U72/><E72/><V50/><F50/><W30/><G69/><T128/><D128/><U112/><E112/><V113/><F113/><W48/><G48/><T83/><D83/><U135/><E135/><V43/><F43/><W93/><G63/><T5/><D33/><U92/><E92/><RYUUKYOKU ba="0,1" sc="240,10,240,10,224,10,286,-30" hai0="5,22,24,29" hai1="9,12,17,19,20,27,53,56,61,66,84,85,87" hai2="18,23,26,28,40,41,42,96,97,98" /><INIT seed="1,1,1,1,4,81" ten="250,250,234,256" oya="1" hai0="133,116,92,114,109,83,131,127,32,58,82,73,2" hai1="135,68,99,94,71,7,84,106,19,122,44,100,134" hai2="1,39,63,53,98,86,31,40,96,119,62,90,128" hai3="89,95,113,15,18,20,76,23,66,126,3,115,12"/><U50/><E122/><V60/><F119/><W29/><G3/><T45/><RYUUKYOKU type="yao9" ba="1,1" sc="250,0,250,0,234,0,256,0" hai0="2,32,45,58,73,82,83,92,109,114,116,127,131,133" /><INIT seed="1,2,1,5,0,58" ten="250,250,234,256" oya="1" hai0="64,131,48,49,121,63,88,54,112,12,22,86,67" hai1="85,2,38,103,66,126,50,70,119,18,55,10,96" hai2="81,83,17,45,28,33,90,129,23,20,75,128,78" hai3="135,37,118,16,56,125,101,69,94,34,116,102,134"/><U57/><E119/><N who="3" m="45610" /><G69/><T44/><D121/><U32/><E126/><V5/><F5/><W99/><G125/><T24/><D112/><U91/><E32/><V92/><F81/><W3/><G3/><T71/><D131/><N who="2" m="50250" /><F45/><W98/><G37/><T52/><D12/><U114/><E114/><V8/><F8/><W111/><G34/><T123/><D123/><U127/><E38/><V35/><F28/><W72/><G72/><T14/><D14/><U87/><E127/><V122/><F23/><W79/><G79/><T46/><D63/><U7/><E18/><V59/><F59/><W124/><G124/><T68/><D68/><U65/><E70/><V1/><F1/><W36/><G36/><T110/><D71/><U0/><E87/><N who="2" m="52319" /><F122/><W25/><G56/><T133/><D133/><U27/><E2/><V130/><N who="2" m="50258" /><V93/><DORA hai="43" /><F93/><N who="3" m="58575" /><G111/><T31/><D110/><U107/><REACH who="1" step="1"/><E27/><AGARI ba="2,1" hai="17,20,27,33,35,75,78,83" m="52319,50258" machi="27" ten="40,1300,0" yaku="19,1" doraHai="58,43" who="2" fromWho="1" sc="250,0,250,-19,234,29,256,0" /><INIT seed="2,0,0,0,5,93" ten="250,231,263,256" oya="2" hai0="46,13,32,5,19,16,131,86,122,132,83,103,87" hai1="2,51,17,128,101,88,62,11,53,24,91,12,39" hai2="56,50,34,97,3,76,92,95,126,118,81,15,134" hai3="99,120,102,9,61,22,73,104,94,85,75,36,108"/><V14/><F118/><W65/><G120/><T37/><D32/><U119/><E39/><V40/><F3/><W66/><G36/><T25/><D122/><U113/><E119/><V10/><F126/><W71/><G108/><T100/><D131/><U105/><E113/><V67/><F34/><W116/><G116/><T111/><D111/><U4/><E128/><V84/><F134/><W121/><G121/><T59/><D132/><U78/><E24/><V42/><F92/><W114/><G114/><T74/><D74/><U38/><E38/><V135/><F135/><W21/><G66/><T6/><D46/><U68/><E78/><V57/><F15/><W90/><REACH who="3" step="1"/><G9/><REACH who="3" ten="250,231,263,246" step="2"/><T47/><D37/><U112/><E112/><V8/><F8/><W130/><G130/><T127/><D127/><U124/><E124/><V44/><F67/><W107/><G107/><T28/><D5/><U96/><E68/><V109/><F109/><W58/><G58/><T55/><D59/><U7/><E7/><N who="2" m="3423" /><F40/><W89/><G89/><AGARI ba="0,1" hai="42,44,50,56,57,76,81,84,89,95,97" m="3423" machi="89" ten="30,5800,0" yaku="25,1,8,1,52,1" doraHai="93" who="2" fromWho="3" sc="250,0,231,0,263,68,246,-58" /><INIT seed="2,1,0,5,2,87" ten="250,231,331,188" oya="2" hai0="9,56,97,100,76,48,108,30,50,104,102,33,123" hai1="40,53,58,65,0,131,122,62,115,61,19,14,135" hai2="126,15,7,63,2,94,85,4,5,16,127,116,22" hai3="113,28,8,105,24,109,32,103,81,128,36,13,1"/><V49/><F63/><W98/><G109/><T130/><D108/><U38/><E115/><V114/><F49/><W72/><G13/><T51/><D130/><U35/><E131/><V67/><F67/><W93/><G128/><T37/><D37/><U78/><E135/><V118/><F114/><W17/><G113/><T59/><D76/><U73/><E35/><V66/><F66/><W129/><G129/><T25/><D123/><U120/><E0/><V111/><F111/><W42/><G17/><T57/><D9/><U23/><E78/><V34/><F2/><W82/><G72/><T92/><REACH who="0" step="1"/><D104/><REACH who="0" ten="240,231,331,188" step="2"/><U11/><E11/><V106/><F106/><W54/><G8/><T70/><D70/><U101/><E120/><V3/><F3/><W47/><G1/><T112/><D112/><U31/><E122/><V119/><REACH who="2" step="1"/><F34/><REACH who="2" ten="240,231,321,188" step="2"/><W96/><REACH who="3" step="1"/><G54/><REACH who="3" ten="240,231,321,178" step="2"/><T10/><D10/><U71/><E53/><V77/><F77/><W89/><AGARI ba="1,3" hai="24,28,32,36,42,47,81,82,89,93,96,98,103,105" machi="89" ten="20,8000,1" yaku="1,1,2,1,0,1,7,1,52,1,53,0" doraHai="87" doraHaiUra="60" who="3" fromWho="3" sc="240,-21,231,-21,321,-41,178,113" /><INIT seed="3,0,0,1,2,41" ten="219,210,280,291" oya="3" hai0="52,126,12,37,18,58,32,22,0,24,94,50,80" hai1="116,56,19,114,101,74,85,9,106,87,79,95,8" hai2="76,65,1,27,117,135,48,15,131,62,23,31,127" hai3="86,53,134,26,40,71,21,98,61,97,10,14,121"/><W49/><G121/><T125/><D37/><U68/><E68/><V42/><F117/><W90/><G71/><T133/><D133/><U132/><E114/><V110/><F1/><W96/><G40/><T7/><D80/><N who="1" m="47263" /><E106/><V69/><F110/><W16/><G61/><T99/><D0/><U72/><E72/><V70/><F135/><W78/><G78/><T25/><D7/><U35/><E35/><V129/><F76/><W102/><G102/><T4/><D4/><U6/><E74/><V128/><F127/><N who="0" m="48650" /><D32/><U17/><E132/><V84/><F84/><W104/><G104/><T47/><D58/><U36/><E36/><V63/><F15/><W124/><G134/><T81/><D81/><U122/><E122/><V54/><F70/><W88/><G86/><T89/><AGARI ba="0,0" hai="12,18,22,24,25,47,50,52,89,94,99" m="48650" machi="89" ten="30,4000,0" yaku="18,1,52,1,54,1" doraHai="41" who="0" fromWho="0" sc="219,40,210,-10,280,-10,291,-20" /><INIT seed="4,0,0,5,2,104" ten="259,200,270,271" oya="0" hai0="59,70,105,83,111,48,81,89,69,93,29,36,0" hai1="7,100,60,47,28,46,103,53,129,78,20,95,107" hai2="63,123,113,118,55,3,67,62,126,82,68,115,79" hai3="65,88,76,52,90,19,17,9,42,96,117,92,133"/><T122/><D0/><U121/><E107/><V61/><F3/><W77/><G117/><T22/><D105/><U35/><E121/><V45/><F123/><W31/><G133/><T130/><D36/><U80/><E35/><V23/><F23/><W119/><G119/><T18/><D29/><U12/><E129/><V72/><F118/><W135/><G135/><T64/><D130/><U75/><E28/><V41/><F126/><W4/><G65/><T15/><D111/><U37/><E37/><V40/><F40/><W8/><G42/><T26/><D26/><U91/><E47/><V97/><F97/><W71/><G71/><T109/><D109/><U43/><E43/><V116/><F116/><W33/><G90/><T16/><D18/><N who="3" m="6665" /><G31/><T85/><D122/><U66/><E20/><V50/><REACH who="2" step="1"/><F41/><REACH who="2" ten="259,200,260,271" step="2"/><W125/><G125/><T24/><D24/><U49/><E12/><V73/><F73/><W84/><G96/><T2/><D2/><U128/><E128/><V21/><F21/><W120/><G120/><T5/><D5/><U134/><E7/><V6/><F6/><W11/><G4/><T56/><D70/><U102/><E134/><V131/><F131/><W14/><G14/><T51/><D69/><U87/><REACH who="1" step="1"/><E100/><REACH who="1" ten="259,190,260,271" step="2"/><V38/><F38/><W1/><G1/><T30/><D22/><U99/><E99/><V10/><F10/><W98/><G33/><T39/><D39/><U94/><E94/><V44/><F44/><W58/><G98/><T108/><D15/><U106/><E106/><V114/><AGARI ba="0,2" hai="45,50,55,61,62,63,67,68,72,79,82,113,114,115" machi="114" ten="30,7900,0" yaku="1,1,0,1,15,1,52,1,53,0" doraHai="104" doraHaiUra="101" who="2" fromWho="2" sc="259,-39,190,-20,260,99,271,-20" owari="220,-18.0,170,-33.0,359,45.9,251,5.1" /></mjloggm>