<mjloggm ver="2.3"><GO type="225" lobby="0"/><UN n0="%E3%83%81%E3%83%83%E3%82%BF%E3%82%BD%E3%83%BC" n1="%E3%83%A9%E3%82%A4%E3%83%B3%E3%81%AE%E8%99%8E" n2="%E3%83%8F%E3%83%B3%E3%83%89%E3%83%A9%E3%83%BC%E3%83%BB%E3%83%AF%E3%83%B3" n3="%E6%98%93%E5%88%A9%E8%96%A9%E4%BC%AF" dan="16,16,17,16" rate="2086.57,2127.55,2196.52,2162.96" sx="F,M,M,F"/><TAIKYOKU oya="0"/><INIT seed="0,0,0,1,0,3" ten="250,250,250,250" oya="0" hai0="116,93,133,127,26,27,21,99,60,35,120,95,124" hai1="34,70,113,130,20,81,63,98,83,129,48,108,96" hai2="87,6,47,10,80,76,73,132,12,131,103,112,125" hai3="119,135,92,65,49,55,134,104,118,37,0,24,2"/><T59/><D133/><N who="3" m="50697" /><G104/><T25/><D116/><N who="3" m="44585" /><G37/><T62/><D120/><U126/><E34/><V102/><F132/><W78/><G65/><T5/><D35/><U91/><E48/><V105/><F112/><W94/><G78/><T77/><D77/><U31/><E113/><V86/><F131/><N who="1" m="50185" /><E108/><V40/><F125/><N who="0" m="48202" /><D21/><U42/><E42/><V82/><F105/><W14/><G14/><T74/><D74/><U123/><E123/><V89/><REACH who="2" step="1"/><F73/><REACH who="2" ten="250,250,240,250" step="2"/><W71/><G71/><T22/><D22/><U39/><E70/><V107/><F107/><W79/><G79/><T97/><D59/><U69/><E20/><V88/><F88/><W109/><G109/><T128/><D128/><U29/><E91/><V46/><F46/><N who="3" m="28087" /><G24/><T51/><D27/><U54/><E69/><V18/><F18/><W57/><G57/><T56/><D26/><U122/><E126/><V17/><F17/><W53/><G2/><T30/><D25/><U68/><E68/><V111/><F111/><W23/><G0/><T64/><D30/><U61/><E122/><V19/><F19/><W90/><G23/><T38/><D56/><U84/><E29/><V36/><AGARI ba="0,1" hai="6,10,12,36,40,47,76,80,82,86,87,89,102,103" machi="36" ten="20,5200,0" yaku="1,1,0,1,7,1,52,1,53,0" doraHai="3" doraHaiUra="100" who="2" fromWho="2" sc="250,-26,250,-13,240,62,250,-13" /><INIT seed="1,0,0,3,5,28" ten="224,237,302,237" oya="1" hai0="50,73,134,51,68,108,20,110,41,67,37,31,132" hai1="54,16,98,95,26,21,6,135,84,93,10,103,97" hai2="114,49,122,81,14,128,56,102,101,13,112,0,59" hai3="15,105,60,80,130,120,9,44,2,126,106,39,27"/><U61/><E135/><N who="0" m="51753" /><D73/><U115/><E115/><N who="2" m="44075" /><F0/><W17/><G120/><T29/><D20/><U7/><E84/><V23/><F122/><W22/><G130/><T88/><D88/><N who="1" m="55463" /><E10/><V79/><F128/><W94/><G126/><T85/><D85/><U64/><E64/><V90/><F90/><W1/><G80/><T89/><D89/><U58/><AGARI ba="0,0" hai="6,7,16,21,26,54,58,61,95,98,103" m="55463" machi="58" ten="30,11700,0" yaku="25,1,8,1,54,2" doraHai="28" who="1" fromWho="1" sc="224,-39,237,117,302,-39,237,-39" /><INIT seed="1,1,0,1,3,41" ten="185,354,263,198" oya="1" hai0="49,84,107,74,122,90,67,26,4,110,105,2,44" hai1="102,36,7,60,48,5,18,22,109,123,56,132,104" hai2="50,66,72,57,11,100,52,94,112,87,116,131,24" hai3="61,38,0,1,30,77,32,37,92,95,68,124,28"/><U40/><E123/><V113/><F116/><W14/><G124/><T118/><D110/><U10/><E36/><V53/><F72/><W35/><G14/><T125/><D118/><U76/><E132/><V75/><F75/><W21/><G21/><T99/><D125/><U134/><E76/><V126/><F126/><W58/><G58/><T85/><D122/><U3/><E5/><V71/><F131/><W65/><G77/><T59/><D74/><U88/><E104/><V89/><F100/><W42/><G42/><T27/><D4/><U63/><E102/><V80/><F71/><W119/><G119/><T19/><D2/><U29/><E29/><V82/><F66/><W130/><G61/><N who="0" m="38335" /><D105/><U62/><E134/><V47/><F24/><N who="0" m="9258" /><D19/><U45/><E109/><V97/><F11/><W117/><G65/><T6/><D107/><U127/><E127/><V121/><F121/><W81/><G68/><T34/><D6/><U73/><E73/><V8/><F8/><W12/><G117/><T16/><D16/><U103/><E103/><V91/><REACH who="2" step="1"/><F82/><REACH who="2" ten="185,354,253,198" step="2"/><W93/><G81/><T69/><D69/><U98/><E10/><V15/><F15/><W70/><G12/><T20/><D34/><U108/><E108/><V64/><F64/><W54/><G70/><T111/><D111/><U25/><E3/><V55/><F55/><W86/><G0/><T39/><D20/><U79/><E7/><V17/><F17/><W51/><G1/><T129/><D129/><U101/><E101/><V106/><F106/><W114/><G130/><T46/><D39/><U33/><E22/><RYUUKYOKU ba="1,1" sc="185,-10,354,-10,253,30,198,-10" hai2="47,50,52,53,57,80,87,89,91,94,97,112,113" /><INIT seed="2,2,1,1,2,117" ten="175,344,283,188" oya="2" hai0="46,26,132,126,120,122,33,74,131,54,110,94,72" hai1="124,50,84,96,4,16,61,47,43,76,112,101,49" hai2="8,128,1,88,20,81,69,6,109,99,18,57,62" hai3="42,11,41,10,56,113,118,67,97,66,25,106,27"/><V125/><F128/><W121/><G118/><T108/><D131/><U127/><E112/><V59/><F125/><N who="1" m="48201" /><E4/><V44/><F109/><N who="0" m="42090" /><D126/><U7/><E7/><V103/><F44/><W65/><G113/><T116/><D132/><U38/><E61/><V53/><F69/><W78/><G78/><T22/><D33/><U34/><E34/><V64/><F81/><W133/><G133/><T111/><D111/><U93/><E16/><V83/><F83/><AGARI ba="2,1" hai="38,43,47,49,50,76,83,84,93,96,101" m="48201" machi="83" ten="30,1000,0" yaku="18,1" doraHai="117" who="1" fromWho="2" sc="175,0,344,26,283,-16,188,0" /><INIT seed="3,0,0,3,5,124" ten="175,370,267,188" oya="3" hai0="59,60,77,106,46,64,12,27,115,68,127,3,78" hai1="129,31,8,61,19,10,18,116,25,79,69,132,56" hai2="50,93,36,54,133,7,122,123,110,97,49,88,21" hai3="102,48,112,15,107,37,26,2,94,82,114,4,66"/><W100/><G107/><T1/><D106/><U99/><E129/><V84/><F36/><W104/><G104/><T120/><D120/><N who="2" m="46122" /><F110/><W57/><G2/><T20/><D127/><U80/><E69/><V6/><F133/><W101/><G37/><T9/><D115/><U14/><E99/><V74/><F74/><W5/><G26/><T22/><D3/><U128/><E128/><V130/><F130/><W96/><G112/><T118/><D1/><U105/><E105/><V34/><F34/><W44/><G82/><T109/><D109/><U89/><E89/><N who="2" m="55471" /><F21/><N who="0" m="8298" /><D118/><U23/><E132/><V63/><F63/><N who="3" m="38255" /><G114/><T76/><D68/><U55/><E116/><V33/><F33/><W52/><G15/><T73/><D73/><U29/><E29/><V85/><F85/><W47/><G47/><T30/><D46/><U131/><E131/><V103/><F103/><AGARI ba="0,0" hai="4,5,44,48,52,94,96,100,101,102,103" m="38255" machi="103" ten="30,2900,0" yaku="8,1,54,1" doraHai="124" who="3" fromWho="2" sc="175,0,370,0,267,-29,188,29" /><INIT seed="3,1,0,1,3,51" ten="175,370,238,217" oya="3" hai0="135,71,0,12,25,1,109,86,87,31,9,47,5" hai1="8,120,134,88,2,11,99,116,131,111,97,126,98" hai2="64,63,76,96,103,53,19,125,24,6,59,104,52" hai3="35,113,55,67,110,70,77,23,14,50,16,124,105"/><W45/><G113/><T65/><D109/><U100/><E116/><V57/><F125/><W69/><G105/><T91/><D135/><U21/><E111/><V38/><F38/><W101/><G110/><T60/><D86/><U30/><E131/><V114/><F114/><W122/><G122/><T40/><D91/><U17/><E134/><V37/><F37/><W83/><G35/><T127/><D87/><U32/><E100/><V29/><F6/><W61/><G124/><T81/><D81/><U123/><E88/><V133/><F133/><W43/><G101/><T27/><D27/><N who="1" m="18527" /><E11/><V10/><F76/><W132/><G132/><T119/><D127/><U44/><E44/><V93/><F104/><W130/><G130/><T112/><D112/><U102/><E102/><V13/><F59/><W3/><G3/><T33/><REACH who="0" step="1"/><D119/><REACH who="0" ten="165,370,238,217" step="2"/><U128/><E126/><V46/><F46/><W48/><G83/><T84/><D84/><U26/><E26/><V89/><F89/><W54/><G77/><T39/><AGARI ba="1,1" hai="0,1,5,9,12,25,31,33,39,40,47,60,65,71" machi="39" ten="20,2700,0" yaku="1,1,0,1,7,1,53,0" doraHai="51" doraHaiUra="129" who="0" fromWho="0" sc="165,40,370,-8,238,-8,217,-14" owari="205,-19.5,362,46.2,230,3.0,203,-29.7" /></mjloggm>