<mjloggm ver="2.3"><GO type="225" lobby="0"/><UN n0="%E6%A1%9C%E8%8A%B1%E9%96%83%E3%80%85" n1="%E6%B7%91%E5%A5%B3%E3%81%AE%E5%97%9C%E3%81%BF" n2="%E3%83%96%E3%83%83%E3%83%91%E3%82%AA%E3%83%96%E3%83%81%E3%82%AD%E3%83%B3" n3="%E3%81%A1%E3%82%83%E3%81%93%E3%81%93" dan="17,16,16,16" rate="2230.12,2163.73,2217.65,2152.18" sx="M,M,M,F"/><TAIKYOKU oya="0"/><INIT seed="0,0,0,3,2,106" ten="250,250,250,250" oya="0" hai0="77,109,93,35,27,55,76,5,37,118,40,103,124" hai1="36,117,4,120,101,74,22,78,89,102,34,82,80" hai2="135,26,30,125,18,95,23,57,31,131,17,2,69" hai3="127,33,47,49,72,45,9,111,114,54,116,6,1"/><T128/><D118/><U112/><E117/><V16/><F69/><W92/><G114/><T108/><D5/><U107/><E120/><V13/><F2/><W42/><G116/><T51/><D37/><U97/><E34/><V0/><F0/><W126/><G111/><N who="0" m="42571" /><D40/><U24/><E112/><V64/><F125/><N who="3" m="47627" /><G33/><T56/><D124/><U79/><E36/><V19/><F135/><W90/><G72/><T43/><D43/><U28/><E4/><V67/><F131/><W15/><G1/><T41/><D41/><U39/><E39/><V99/><F57/><N who="3" m="32975" /><G42/><T85/><D128/><U98/><E89/><V50/><F50/><W38/><G38/><T59/><D59/><U52/><E52/><V115/><F115/><W14/><G15/><T91/><D103/><U94/><E80/><V32/><REACH who="2" step="1"/><F31/><AGARI ba="0,0" hai="27,31,35,51,55,56,76,77,85,91,93" m="42571" machi="31" ten="30,2900,0" yaku="14,1,10,1" doraHai="106" who="0" fromWho="2" sc="250,29,250,0,250,-29,250,0" /><INIT seed="0,1,0,3,1,110" ten="279,250,221,250" oya="0" hai0="114,28,111,81,128,108,40,21,113,132,41,51,17" hai1="14,7,50,56,117,89,11,45,33,29,107,16,30" hai2="75,49,69,98,105,27,88,46,116,61,58,60,36" hai3="38,47,84,118,85,127,71,80,73,54,57,25,12"/><T120/><D28/><U131/><E117/><V134/><F116/><W34/><G118/><T24/><D120/><U119/><E119/><V121/><F121/><W101/><G71/><T52/><D128/><U74/><E131/><V35/><F75/><W18/><G101/><T2/><D2/><U129/><E129/><V93/><F134/><W1/><G1/><T109/><D81/><U39/><E107/><V23/><F36/><W82/><G127/><T4/><D4/><U53/><E74/><V104/><F35/><W44/><G38/><T65/><D65/><U26/><E30/><V133/><F61/><W42/><G42/><N who="0" m="16491" /><D132/><U76/><E39/><V103/><F69/><W86/><G34/><T13/><D24/><U20/><E89/><V67/><F133/><W122/><G25/><T94/><D94/><U3/><REACH who="1" step="1"/><E76/><REACH who="1" ten="279,240,221,250" step="2"/><V66/><F88/><W59/><G122/><T68/><D68/><U8/><E8/><V62/><F46/><AGARI ba="1,1" hai="13,17,21,46,51,52,108,109,111,113,114" m="16491" machi="46" ten="30,12000,1" yaku="14,1,10,1,52,2,54,1" doraHai="110" who="0" fromWho="2" sc="279,133,240,0,221,-123,250,0" /><AGARI ba="1,0" hai="3,7,11,14,16,20,26,29,33,45,46,50,53,56" machi="46" ten="40,8000,1" yaku="1,1,24,2,54,1,53,0" doraHai="110" doraHaiUra="102" who="1" fromWho="2" sc="412,0,240,80,98,-80,250,0" /><INIT seed="0,2,0,2,4,66" ten="412,320,18,250" oya="0" hai0="117,15,51,92,112,12,115,106,99,32,135,4,24" hai1="131,8,16,110,34,55,83,105,39,5,64,65,122" hai2="27,127,14,26,62,68,19,53,60,11,7,94,37" hai3="93,72,56,82,125,46,2,58,52,88,43,49,67"/><T30/><D117/><U98/><E122/><V123/><F123/><W25/><G125/><T126/><D106/><U107/><E34/><V0/><F37/><W40/><G2/><T134/><D51/><U74/><E110/><V81/><F127/><W63/><G72/><T86/><D86/><U70/><E39/><V95/><F81/><W109/><G109/><T124/><D124/><U61/><E131/><V69/><F0/><W96/><G82/><T108/><D126/><U101/><E65/><V77/><F77/><W118/><G118/><T130/><D108/><U85/><E55/><V87/><F7/><W13/><G25/><T129/><D92/><U71/><E74/><V128/><F128/><N who="0" m="49258" /><D99/><U100/><E100/><V79/><F87/><W116/><G116/><T38/><D38/><U3/><E16/><V80/><F19/><W48/><REACH who="3" step="1"/><G13/><REACH who="3" ten="412,320,18,240" step="2"/><N who="0" m="5195" /><D4/><U10/><E10/><V59/><F11/><W121/><G121/><T89/><D89/><U41/><E105/><V28/><F80/><W91/><G91/><T9/><D9/><U23/><E23/><V104/><F104/><W113/><G113/><AGARI ba="2,1" hai="24,30,32,112,113,115,134,135" m="5195,49258" machi="113" ten="40,7700,0" yaku="19,1,34,2" doraHai="66" who="0" fromWho="3" sc="412,93,320,0,18,0,240,-83" /><INIT seed="0,3,0,3,5,122" ten="505,320,18,157" oya="0" hai0="128,0,135,123,87,79,74,10,55,8,24,105,36" hai1="57,125,21,66,69,103,86,121,111,127,93,67,3" hai2="133,130,85,20,114,46,26,54,59,33,119,84,115" hai3="124,132,98,58,48,110,71,108,89,52,7,120,31"/><T97/><D123/><U61/><E121/><V95/><F130/><W65/><G120/><T23/><D74/><U116/><E116/><V75/><F75/><W62/><G31/><T64/><D128/><U42/><E3/><V28/><F119/><W134/><G7/><T45/><D135/><N who="3" m="51753" /><G98/><T82/><D64/><U25/><E42/><V76/><F133/><W43/><G89/><T117/><D117/><U68/><E111/><N who="3" m="42538" /><G43/><T32/><D97/><U17/><E103/><V92/><F33/><W113/><G124/><T49/><D32/><U38/><E127/><V100/><F115/><AGARI ba="3,0" hai="48,52,58,62,65,71,113,115" m="42538,51753" machi="115" ten="30,16000,3" yaku="20,1,14,1,34,2,52,3,54,1" doraHai="122" who="3" fromWho="2" sc="505,0,320,0,18,-169,157,169" owari="505,60.5,320,-8.0,-151,-65.1,326,12.6" /></mjloggm>