<mjloggm ver="2.3"><GO type="225" lobby="0"/><UN n0="%E3%81%94%E3%81%BE%E6%B2%B9%E9%A3%B2%E3%81%BF%E5%A4%AA%E9%83%8E" n1="%E7%89%B9%E6%9D%B1%E3%81%AF%E4%B8%96%E7%95%8C%E3%82%92%E6%95%91%E3%81%86" n2="%E3%83%B4%E3%83%A0%EF%BC%99%E3%81%A6" n3="%E5%A4%8F%E9%88%B4%E9%88%B4%E5%A4%8F" dan="16,16,16,16" rate="2099.53,2188.71,2163.67,2097.69" sx="M,M,M,F"/><TAIKYOKU oya="0"/><INIT seed="0,0,0,5,1,74" ten="250,250,250,250" oya="0" hai0="132,23,134,31,20,56,90,72,99,40,35,86,103" hai1="9,98,87,107,21,71,55,78,60,131,10,22,112" hai2="120,39,93,7,36,92,63,116,0,43,26,125,16" hai3="25,29,119,57,101,135,85,49,124,30,13,106,80"/><T133/><D72/><U77/><E131/><V33/><F120/><W32/><G119/><T41/><D56/><N who="1" m="34847" /><E107/><V117/><F125/><W48/><G124/><T123/><D123/><U6/><E71/><V1/><F63/><W129/><G135/><T51/><D35/><U104/><E104/><V28/><F43/><N who="0" m="16458" /><D51/><U126/><E126/><V109/><F109/><W59/><G129/><T96/><D31/><U42/><E42/><V5/><F28/><W38/><G38/><T110/><D110/><U4/><E98/><N who="0" m="37417" /><D103/><U65/><E65/><V19/><F26/><W91/><G101/><T127/><D127/><U2/><E2/><V3/><F0/><W76/><G106/><T46/><D46/><U52/><E52/><V111/><F111/><W45/><G49/><T94/><AGARI ba="0,0" hai="20,23,86,90,94,132,133,134" m="37417,16458" machi="94" ten="40,2100,0" yaku="20,1" doraHai="74" who="0" fromWho="0" sc="250,21,250,-7,250,-7,250,-7" /><INIT seed="0,1,0,0,5,28" ten="271,243,243,243" oya="0" hai0="49,91,115,51,95,39,87,72,50,19,12,46,102" hai1="111,121,105,47,108,114,38,58,80,48,84,74,66" hai2="1,21,2,104,70,29,132,82,31,78,34,88,65" hai3="83,101,116,126,25,33,32,17,63,10,92,41,23"/><T131/><D115/><U36/><E121/><V81/><F104/><W26/><G116/><T62/><D72/><U99/><E74/><V8/><F132/><W6/><G41/><T37/><D131/><U117/><E117/><V54/><F21/><W106/><G106/><T9/><D102/><N who="1" m="62687" /><E58/><V18/><F54/><W44/><G126/><T86/><D86/><U113/><E66/><V43/><F43/><W16/><G44/><T59/><REACH who="0" step="1"/><D46/><REACH who="0" ten="261,243,243,243" step="2"/><U133/><E113/><V15/><F78/><W68/><G101/><T5/><D5/><U97/><E47/><V109/><F88/><W3/><G83/><T76/><D76/><U56/><E80/><V20/><F81/><W55/><G92/><T11/><D11/><U40/><E114/><V90/><F90/><W61/><G10/><T85/><D85/><U14/><E84/><V77/><F82/><W120/><G6/><T130/><D130/><U119/><E97/><V57/><F77/><W30/><G120/><T60/><D60/><U98/><E98/><V103/><F103/><W129/><G63/><T112/><D112/><U53/><E119/><V107/><F8/><W73/><G129/><T110/><D110/><U93/><E93/><V64/><F109/><W27/><G73/><T71/><D71/><U94/><E94/><V124/><F107/><W69/><G68/><T134/><D134/><U135/><E111/><V128/><F70/><W89/><G69/><T67/><AGARI ba="1,1" hai="9,12,19,37,39,49,50,51,59,62,67,87,91,95" machi="67" ten="30,3000,0" yaku="1,1,0,1,53,0" doraHai="28" doraHaiUra="79" who="0" fromWho="0" sc="261,43,243,-11,243,-11,243,-11" /><INIT seed="0,2,0,2,4,87" ten="304,232,232,232" oya="0" hai0="105,98,125,25,4,103,120,63,38,96,76,135,88" hai1="121,128,36,66,46,40,122,12,65,14,78,79,34" hai2="42,110,86,19,33,100,41,32,39,134,26,20,104" hai3="0,31,22,44,62,28,77,1,118,92,23,81,10"/><T119/><D119/><U113/><E34/><V49/><F39/><W131/><G118/><T73/><D120/><U50/><E128/><V112/><F112/><W116/><G116/><T29/><D38/><U102/><E102/><V16/><F110/><W43/><G131/><T60/><D125/><U68/><E113/><V91/><F134/><W80/><G92/><T72/><D4/><U30/><E30/><V95/><F19/><W93/><G93/><T127/><D127/><U108/><E36/><V109/><F109/><W84/><G62/><T130/><D130/><U58/><E58/><V56/><F42/><W94/><G94/><T18/><D98/><U117/><E117/><V61/><F49/><W75/><G28/><T9/><D135/><U82/><E108/><V13/><F41/><W97/><G97/><T48/><D48/><U67/><E68/><V111/><F111/><W106/><G106/><T47/><D72/><U129/><E129/><V101/><F13/><W69/><G69/><T8/><D73/><U21/><E21/><V55/><REACH who="2" step="1"/><F100/><REACH who="2" ten="304,232,222,232" step="2"/><W70/><G0/><T114/><D103/><U89/><E122/><V17/><F17/><W107/><G1/><T99/><D18/><U7/><E121/><V27/><F27/><W51/><G51/><T133/><D25/><U52/><E40/><V35/><F35/><W85/><G43/><T115/><D133/><U53/><E12/><V2/><F2/><W5/><G5/><T11/><D115/><U83/><E7/><V15/><F15/><W124/><G124/><T90/><D114/><U132/><E132/><RYUUKYOKU ba="2,1" sc="304,-10,232,-10,222,30,232,-10" hai2="16,20,26,32,33,55,56,61,86,91,95,101,104" /><INIT seed="1,3,1,4,3,90" ten="294,222,252,222" oya="1" hai0="18,130,28,13,122,49,16,94,126,32,23,46,56" hai1="5,110,125,50,24,115,21,112,19,127,7,118,74" hai2="135,38,102,3,55,86,40,60,72,116,20,52,26" hai3="81,73,93,113,43,68,128,75,62,66,64,2,114"/><U29/><E74/><V59/><F72/><W15/><G128/><T25/><D130/><U109/><E118/><V95/><F116/><W39/><G2/><T45/><D126/><N who="1" m="48139" /><E50/><V30/><F3/><W69/><G93/><T119/><D119/><U88/><E88/><N who="2" m="53655" /><F38/><W6/><G6/><N who="1" m="2058" /><E29/><V8/><F135/><W34/><G34/><T84/><D32/><U12/><E24/><V98/><F8/><W120/><G15/><T103/><D28/><U134/><E134/><V99/><F40/><W82/><G120/><T133/><D133/><U107/><E107/><V0/><F0/><W33/><G33/><T76/><D49/><U80/><E80/><V31/><F31/><W14/><G14/><T124/><D13/><U87/><E87/><V27/><F27/><W123/><G123/><T89/><D84/><U48/><E48/><V83/><F83/><W91/><G43/><T108/><D25/><U96/><E96/><N who="2" m="36907" /><F102/><W9/><G9/><T51/><D103/><U61/><E61/><V17/><F30/><W41/><G41/><T42/><D122/><U100/><E100/><V58/><F60/><W132/><G62/><T35/><D42/><U4/><N who="1" m="2066" /><U44/><DORA hai="131" /><E44/><V105/><F105/><W104/><G104/><T37/><D45/><U63/><E63/><V22/><F22/><W78/><G132/><T117/><D46/><U111/><AGARI ba="3,1" hai="12,19,21,109,110,111,112,115" m="2066,48139" machi="111" ten="50,12000,1" yaku="14,1,10,1,18,1,34,2" doraHai="90,131" who="1" fromWho="1" sc="294,-43,222,139,252,-43,222,-43" /><INIT seed="1,4,0,4,5,64" ten="251,361,209,179" oya="1" hai0="23,61,72,110,34,56,17,103,77,28,112,120,131" hai1="25,115,67,96,91,53,21,19,117,134,95,9,86" hai2="62,39,1,73,104,90,99,76,128,83,66,11,114" hai3="121,60,49,16,85,57,5,24,32,108,122,42,41"/><U70/><E115/><V98/><F114/><W105/><G108/><T4/><D110/><U135/><E117/><V55/><F55/><W75/><G75/><T101/><D131/><U78/><E53/><V50/><F50/><W127/><G127/><T12/><D120/><U6/><E78/><V26/><F128/><W74/><G74/><T48/><D48/><U54/><E54/><V27/><F39/><W88/><G105/><T129/><D129/><U52/><E52/><V45/><F45/><W37/><G37/><T111/><D111/><U93/><E93/><V14/><F1/><W46/><G5/><T82/><D112/><U132/><E96/><V126/><F126/><W116/><G116/><T102/><D4/><U89/><E89/><V3/><F3/><W81/><G42/><T107/><D61/><N who="1" m="40303" /><E9/><V68/><F98/><W109/><G109/><T113/><D56/><U10/><E10/><V65/><F65/><W0/><G0/><T123/><D113/><U97/><E97/><V20/><F20/><W2/><G2/><T84/><D123/><U58/><E6/><V80/><F80/><W106/><G106/><T87/><D107/><U100/><E100/><V79/><F79/><W43/><G41/><T69/><D69/><U118/><E118/><V63/><F63/><W51/><G49/><T47/><D47/><U59/><AGARI ba="4,0" hai="19,21,25,58,59,86,91,95,132,134,135" m="40303" machi="59" ten="40,3900,0" yaku="20,1,52,1" doraHai="64" who="1" fromWho="1" sc="251,-17,361,51,209,-17,179,-17" /><INIT seed="1,5,0,2,1,70" ten="234,412,192,162" oya="1" hai0="72,12,91,58,21,20,100,127,38,24,26,53,1" hai1="115,71,132,45,67,113,84,134,98,75,2,118,109" hai2="122,90,56,78,82,0,7,50,92,105,66,54,102" hai3="13,106,89,87,17,83,41,81,55,36,65,126,112"/><U11/><E2/><V18/><F122/><W119/><G112/><N who="1" m="43082" /><E11/><V27/><F66/><W14/><G119/><T19/><D72/><U97/><E45/><V64/><F64/><W121/><G121/><T80/><D38/><U35/><E67/><V95/><F105/><W63/><G106/><T29/><D127/><U3/><E35/><V129/><F129/><W42/><G126/><T104/><D104/><U32/><E32/><V52/><F102/><W31/><G31/><T51/><D100/><U60/><E60/><V79/><F79/><W114/><G114/><T22/><D1/><U25/><E25/><V94/><F0/><W116/><G55/><T120/><D120/><U101/><E71/><V16/><F7/><W125/><G125/><T33/><D24/><U15/><E15/><V68/><F68/><W49/><G49/><T46/><D58/><U110/><E75/><V124/><F124/><W47/><G42/><T57/><D57/><U128/><E3/><V6/><F6/><W5/><G116/><T23/><D33/><U86/><E118/><V111/><F54/><W76/><G17/><N who="2" m="6761" /><F27/><W48/><G48/><T108/><D29/><U4/><E4/><V44/><F56/><W37/><G37/><T88/><D12/><U8/><E8/><V131/><F131/><W123/><G5/><T40/><D53/><U43/><E43/><V10/><F10/><W62/><G123/><T28/><D28/><U103/><E128/><V93/><N who="2" m="23552" /><DORA hai="85" /><V133/><F52/><W130/><G130/><T9/><D26/><U135/><E103/><V77/><F50/><RYUUKYOKU ba="5,0" sc="234,0,412,0,192,0,162,0" /><INIT seed="2,6,0,5,4,65" ten="234,412,192,162" oya="2" hai0="76,77,87,96,99,21,58,95,16,94,106,74,102" hai1="69,11,114,97,125,79,38,80,84,104,116,73,25" hai2="43,12,126,29,13,59,3,40,78,27,122,33,4" hai3="71,42,75,81,10,100,68,63,129,23,41,93,22"/><V85/><F122/><W46/><G10/><T61/><D74/><U35/><E38/><V111/><F126/><W133/><G133/><T66/><D106/><U121/><E114/><V119/><F119/><W92/><G129/><T49/><D49/><U34/><E116/><V89/><F111/><W19/><G63/><T48/><D48/><U14/><E69/><V124/><F124/><W51/><G42/><T60/><D60/><U117/><E117/><V0/><F78/><W67/><G67/><T86/><D77/><U120/><E125/><V88/><F89/><W90/><G100/><N who="0" m="60439" /><D76/><U32/><E73/><V115/><F115/><W55/><G41/><T47/><D47/><U45/><E45/><V17/><F59/><W128/><G128/><T30/><D30/><N who="1" m="19535" /><E97/><V1/><F4/><W83/><G23/><T132/><D132/><U91/><E104/><V52/><F52/><W135/><G93/><T82/><D82/><U103/><E103/><V9/><REACH who="2" step="1"/><F13/><AGARI ba="6,0" hai="13,16,21,58,61,66,86,87,95,99,102" m="60439" machi="13" ten="30,2000,0" yaku="8,1,54,1" doraHai="65" who="0" fromWho="2" sc="234,38,412,0,192,-38,162,0" /><INIT seed="3,0,0,1,4,74" ten="272,412,154,162" oya="3" hai0="76,89,88,59,25,133,98,14,9,68,119,13,104" hai1="16,128,4,126,31,19,132,17,5,72,85,116,40" hai2="32,44,102,121,6,77,65,115,82,36,45,91,75" hai3="67,52,117,58,63,131,33,96,60,80,105,101,26"/><W29/><G117/><T23/><D68/><U49/><E72/><V71/><F115/><W22/><G80/><T113/><D119/><U83/><E116/><V62/><F32/><W35/><REACH who="3" step="1"/><G131/><REACH who="3" ten="272,412,154,152" step="2"/><T38/><D113/><U110/><E128/><V1/><F121/><W10/><G10/><T39/><D9/><U87/><E83/><V54/><F82/><W125/><G125/><T135/><D135/><U78/><E126/><V7/><F77/><W48/><G48/><T129/><D133/><U93/><E78/><V64/><F36/><W107/><G107/><T51/><D76/><U109/><E132/><V46/><F75/><W2/><G2/><T70/><D104/><U57/><E49/><V86/><F1/><W134/><G134/><T8/><D39/><U53/><E93/><V43/><F43/><W15/><G15/><T124/><D14/><U30/><E40/><V127/><F127/><W28/><G28/><T61/><D13/><U100/><E30/><V34/><F6/><W122/><G122/><T94/><D51/><U95/><E31/><V20/><F7/><W0/><G0/><T111/><D129/><U114/><E114/><V41/><F41/><W103/><G103/><T21/><D124/><U69/><E4/><V37/><F102/><W118/><G118/><T56/><D8/><U12/><E12/><V66/><F37/><W18/><G18/><T50/><D50/><U3/><E3/><V97/><F91/><W112/><G112/><T99/><D88/><U79/><E5/><V47/><F62/><W73/><G73/><T106/><D61/><RYUUKYOKU ba="0,1" sc="272,-10,412,-10,154,-10,152,30" hai3="22,26,29,33,35,52,58,60,63,67,96,101,105" /><INIT seed="3,1,1,4,1,127" ten="262,402,144,182" oya="3" hai0="15,13,49,25,62,78,23,117,27,90,75,59,83" hai1="135,91,19,134,114,48,56,121,100,66,4,6,51" hai2="0,28,130,36,43,69,116,41,126,129,26,33,38" hai3="113,111,65,77,85,97,115,18,12,82,53,46,133"/><W16/><G133/><N who="1" m="50698" /><E121/><V96/><F116/><W93/><G111/><T50/><D75/><U31/><E114/><V80/><F126/><W76/><G65/><T47/><D78/><U74/><E74/><V37/><F69/><W84/><G18/><N who="0" m="12535" /><D27/><U118/><E118/><V35/><F0/><W88/><G85/><N who="0" m="50495" /><D117/><U87/><E100/><V106/><F80/><W110/><G110/><T120/><D120/><U54/><E31/><V7/><F7/><N who="1" m="2601" /><E66/><V14/><F14/><N who="0" m="5130" /><D47/><U107/><E107/><V71/><F71/><W1/><G1/><T105/><D105/><U79/><E79/><V61/><F33/><W109/><G109/><T34/><D34/><U131/><E19/><V5/><F5/><W122/><G122/><T102/><D102/><U68/><E48/><V3/><F3/><W119/><G119/><T42/><D42/><U95/><E68/><V73/><F73/><W67/><G67/><AGARI ba="1,1" hai="49,50,59,62,67" m="5130,50495,12535" machi="67" ten="30,1000,0" yaku="8,1" doraHai="127" who="0" fromWho="3" sc="262,23,402,0,144,0,182,-13" owari="285,8.5,402,50.2,144,-35.6,169,-23.1" /></mjloggm>