<mjloggm ver="2.3"><GO type="225" lobby="0"/><UN n0="%54%4F%52" n1="%E3%83%96%E3%83%83%E3%83%91%E3%82%AA%E3%83%96%E3%83%81%E3%82%AD%E3%83%B3" n2="%E6%97%A5%E6%9B%9C%E6%97%A5%E3%82%88%E3%82%8A%E3%81%AE%E4%BD%BF%E8%80%85" n3="%E3%81%8B%E3%82%8F%E3%81%A1%E3%82%83%E3%82%93%35%38" dan="16,16,17,16" rate="2159.22,2219.30,2192.38,2154.70" sx="M,M,M,M"/><TAIKYOKU oya="0"/><INIT seed="0,0,0,0,5,16" ten="250,250,250,250" oya="0" hai0="68,104,9,41,126,10,116,73,66,71,64,87,59" hai1="40,110,92,118,67,79,30,20,106,69,115,77,125" hai2="90,84,113,43,44,119,135,112,25,131,28,108,98" hai3="96,91,74,80,24,57,121,53,101,50,122,60,65"/><T62/><D73/><U21/><E118/><V42/><F108/><W12/><G12/><T7/><D116/><U33/><E106/><V54/><F98/><W18/><G74/><T15/><D104/><U14/><E110/><V51/><F119/><W89/><G80/><T78/><D126/><U130/><E69/><V38/><F131/><W19/><G19/><T111/><D111/><U76/><E67/><V107/><F107/><W133/><G133/><T23/><D41/><U75/><E75/><V124/><F124/><W88/><G18/><N who="0" m="10719" /><D71/><U117/><E125/><V52/><F43/><W70/><REACH who="3" step="1"/><G24/><REACH who="3" ten="250,250,250,240" step="2"/><T72/><D72/><U94/><E14/><V0/><F135/><W27/><G27/><T26/><D26/><N who="1" m="18647" /><E117/><V17/><F17/><W35/><G35/><T61/><D7/><U58/><E130/><V63/><F0/><W129/><G129/><T13/><D13/><U36/><E79/><V5/><F5/><W3/><G3/><T1/><D1/><U120/><E77/><V56/><F25/><W114/><G114/><T100/><D78/><U86/><E76/><V34/><F34/><W103/><G103/><T81/><D100/><U11/><E115/><V123/><F28/><W31/><G31/><T47/><D81/><U105/><E11/><V102/><F102/><W55/><G55/><T97/><D9/><U48/><E40/><V45/><REACH who="2" step="1"/><F123/><REACH who="2" ten="250,250,240,240" step="2"/><W32/><G32/><T8/><D10/><U109/><E120/><V22/><F22/><W95/><AGARI ba="0,2" hai="50,53,57,60,65,70,88,89,91,95,96,101,121,122" machi="95" ten="30,7900,0" yaku="1,1,0,1,54,1,53,1" doraHai="16" doraHaiUra="99" who="3" fromWho="3" sc="250,-39,250,-20,240,-20,240,99" /><INIT seed="1,0,0,2,4,20" ten="211,230,220,339" oya="1" hai0="23,133,24,64,8,100,0,90,109,77,43,13,29" hai1="58,104,85,17,48,62,49,112,121,66,28,63,35" hai2="69,51,37,1,31,56,98,47,9,87,71,25,119" hai3="60,44,16,120,26,33,134,38,18,96,75,97,91"/><U57/><E112/><V94/><F119/><W72/><G120/><T125/><D109/><U5/><E121/><V42/><F87/><W50/><G38/><T52/><D133/><U15/><E104/><V127/><F127/><W76/><G134/><T11/><D125/><U113/><E113/><V126/><F126/><W102/><G91/><T83/><D43/><U68/><E5/><V81/><F81/><W21/><G33/><T40/><D40/><U89/><E68/><V61/><F37/><W80/><G75/><T116/><D116/><U73/><E73/><V93/><F9/><W132/><G132/><T4/><D64/><U118/><E118/><V114/><F1/><W10/><G60/><T32/><D100/><U129/><E129/><V59/><F94/><W101/><G101/><T39/><D39/><U41/><E41/><V110/><F59/><W67/><G67/><T99/><D52/><N who="1" m="34119" /><E28/><V117/><F117/><W108/><G108/><T82/><D32/><U84/><E35/><V131/><F131/><W65/><G65/><T2/><D11/><N who="1" m="6399" /><E85/><V22/><F110/><W103/><G97/><T79/><D0/><U7/><E7/><V3/><F3/><W45/><G96/><T6/><D2/><U14/><E14/><V115/><F115/><W123/><G123/><T128/><D4/><U74/><E74/><V19/><F31/><W46/><G50/><T122/><D122/><U106/><E106/><V95/><F114/><W124/><G124/><T107/><D128/><U70/><E70/><N who="2" m="26635" /><F98/><W34/><G34/><T130/><D130/><U12/><E57/><RYUUKYOKU ba="0,0" sc="211,-15,230,-15,220,15,339,15" hai2="19,22,25,42,47,51,56,61,93,95" hai3="10,16,18,21,26,44,45,46,72,76,80,102,103" /><INIT seed="2,1,0,1,1,93" ten="196,215,235,354" oya="2" hai0="65,130,104,83,110,116,92,117,69,8,90,55,101" hai1="126,77,129,52,29,79,62,51,19,99,49,58,37" hai2="18,70,94,131,73,80,41,16,74,75,87,59,42" hai3="30,15,48,34,36,112,122,109,95,135,43,12,0"/><V132/><F70/><W98/><G0/><T38/><D38/><U39/><E39/><V71/><F71/><W17/><G36/><T47/><D110/><U78/><E37/><V113/><F113/><W11/><G122/><T121/><D121/><U107/><E129/><V9/><F131/><W84/><G34/><T82/><D130/><U28/><E126/><V128/><F128/><W88/><G30/><N who="1" m="11882" /><E107/><V13/><F132/><W134/><G109/><T119/><D104/><U45/><E99/><V32/><F32/><W60/><G60/><N who="0" m="40103" /><D101/><U105/><E105/><V91/><F59/><W40/><G112/><T133/><D8/><U81/><E81/><V67/><F67/><W7/><G48/><N who="1" m="18506" /><E19/><V24/><REACH who="2" step="1"/><F80/><REACH who="2" ten="196,215,225,354" step="2"/><N who="3" m="49159" /><G135/><T127/><D133/><U54/><E54/><V63/><F63/><W103/><G134/><T23/><D55/><U115/><E115/><V56/><F56/><W2/><G2/><T27/><D83/><U86/><E86/><V106/><F106/><W53/><G53/><T123/><D82/><U33/><E33/><V96/><F96/><W61/><G61/><T50/><D123/><U3/><E3/><V44/><F44/><AGARI ba="1,1" hai="44,45,52,58,62,77,78,79" m="18506,11882" machi="44" ten="30,2000,0" yaku="8,1,54,1" doraHai="93" who="1" fromWho="2" sc="196,0,215,33,225,-23,354,0" /><INIT seed="3,0,0,2,5,115" ten="196,248,202,354" oya="3" hai0="82,65,2,25,132,0,58,66,18,112,26,24,73" hai1="56,94,23,83,53,40,59,124,134,100,86,72,76" hai2="28,34,126,69,120,96,4,78,44,12,47,50,57" hai3="27,129,61,101,92,93,123,64,116,133,125,107,21"/><W102/><G107/><T81/><D112/><U1/><E1/><V30/><F69/><W89/><G123/><T135/><D18/><U84/><E124/><V77/><F34/><W104/><G21/><T42/><D42/><U41/><E134/><N who="0" m="51241" /><D58/><U122/><E122/><V75/><F75/><W43/><G93/><T62/><D62/><N who="1" m="36111" /><E72/><V121/><F126/><W10/><G89/><T3/><D73/><U109/><E109/><V85/><F96/><W55/><G27/><T31/><D31/><N who="2" m="11818" /><F121/><W131/><G10/><T17/><D17/><U130/><E59/><V97/><F97/><W35/><G92/><T111/><D111/><U22/><E94/><V49/><F120/><W13/><G104/><T6/><D6/><U118/><E41/><N who="2" m="24719" /><F57/><W5/><G125/><T87/><D87/><U60/><E86/><V74/><F85/><W113/><G113/><T119/><D119/><U33/><E84/><V105/><F105/><W29/><G116/><T7/><D7/><U95/><E118/><V67/><F74/><W103/><G5/><T114/><D114/><U88/><E40/><N who="2" m="24935" /><F67/><AGARI ba="0,0" hai="0,2,3,24,25,26,65,66,67,81,82" m="51241" machi="67" ten="40,5200,0" yaku="28,2,20,1" doraHai="115" who="0" fromWho="2" sc="196,52,248,0,202,-52,354,0" owari="248,4.8,248,-15.2,150,-35.0,354,45.4" /></mjloggm>