<mjloggm ver="2.3"><GO type="225" lobby="0"/><UN n0="%E3%81%95%E3%81%8D%E3%81%9F%E3%81%BE%E6%9E%97%E6%AA%8E" n1="%E3%81%BF%E3%81%BF%E3%81%9A" n2="%E9%B3%B3%E6%9D%B1%E3%81%AE%E3%81%86%E3%81%95%E3%81%8E%E3%81%95%E3%82%93" n3="%E3%81%88%E3%81%8C%E3%82%8F%E3%82%8A%E3%81%8A" dan="16,18,17,16" rate="2114.64,2240.04,2189.41,2087.23" sx="M,M,M,M"/><TAIKYOKU oya="0"/><INIT seed="0,0,0,4,0,130" ten="250,250,250,250" oya="0" hai0="97,82,7,124,103,73,11,47,105,21,48,117,14" hai1="56,40,64,57,87,49,31,59,37,76,38,125,119" hai2="3,114,101,4,42,26,41,70,8,79,104,43,61" hai3="6,62,67,75,15,127,99,0,134,20,78,129,102"/><T1/><D117/><U68/><E31/><V30/><F114/><W29/><G129/><T66/><D124/><U27/><E27/><V33/><F79/><W50/><G127/><T71/><D71/><U44/><E87/><V123/><F123/><W36/><G36/><N who="1" m="13930" /><E76/><V106/><REACH who="2" step="1"/><F101/><REACH who="2" ten="250,250,240,250" step="2"/><W90/><G78/><T118/><D103/><U46/><E125/><V65/><AGARI ba="0,1" hai="3,4,8,26,30,33,41,42,43,61,65,70,104,106" machi="65" ten="30,4000,0" yaku="1,1,2,1,0,1,53,0" doraHai="130" doraHaiUra="98" who="2" fromWho="2" sc="250,-20,250,-10,240,50,250,-10" /><INIT seed="1,0,0,4,1,40" ten="230,240,290,240" oya="1" hai0="67,37,129,104,116,28,9,64,54,117,77,53,91" hai1="26,128,48,43,107,81,105,125,44,15,95,123,58" hai2="52,108,84,82,110,6,19,130,34,5,30,33,83" hai3="22,106,90,35,14,68,25,78,2,92,112,101,103"/><U99/><E123/><V45/><F19/><W47/><G112/><T56/><D77/><U86/><E125/><V79/><F83/><W61/><G2/><T49/><D104/><U66/><E128/><V111/><F130/><W114/><G114/><T23/><D129/><U97/><E26/><N who="2" m="18647" /><F34/><W89/><G78/><T20/><D37/><U135/><E135/><V59/><F45/><W124/><G124/><T134/><D134/><U50/><E99/><V102/><F102/><W85/><G35/><T127/><D127/><U94/><E94/><V119/><F119/><W29/><G106/><T31/><D9/><U21/><E21/><V76/><F76/><W63/><G14/><T65/><D116/><U98/><E98/><V57/><F57/><W51/><G90/><T126/><D126/><U46/><E15/><V74/><F74/><W38/><G38/><T11/><D11/><U55/><E66/><V100/><F100/><N who="3" m="38475" /><G68/><T93/><D117/><U80/><E107/><V3/><F3/><W113/><G113/><T75/><D75/><U71/><E71/><V122/><F122/><W27/><G27/><T118/><D118/><U0/><E0/><V18/><F18/><W16/><G29/><T1/><D1/><U36/><E86/><V4/><F4/><W72/><G72/><T10/><D10/><U69/><E69/><V96/><F96/><W131/><G131/><T24/><D31/><U7/><E7/><V17/><F17/><W120/><G120/><T42/><D28/><U62/><E105/><V73/><F73/><W115/><G115/><T121/><D121/><RYUUKYOKU ba="0,0" sc="230,-15,240,-15,290,15,240,15" hai2="5,6,52,59,79,82,84,108,110,111" hai3="16,22,25,47,51,61,63,85,89,92" /><INIT seed="2,1,0,1,4,16" ten="215,225,305,255" oya="2" hai0="89,103,34,43,40,101,27,122,61,126,6,90,18" hai1="55,51,28,59,91,107,132,19,72,134,116,0,54" hai2="120,118,108,64,104,42,71,52,133,8,97,2,37" hai3="127,13,70,33,1,105,96,114,50,128,95,21,76"/><V24/><F118/><W85/><G128/><T123/><D126/><U82/><E116/><V36/><F120/><N who="0" m="46122" /><D6/><U10/><E107/><V57/><F133/><N who="1" m="51305" /><E28/><V15/><F2/><W75/><G1/><T124/><D18/><U29/><E29/><V31/><F108/><W20/><G70/><T41/><D27/><U121/><E121/><V113/><F113/><W69/><G69/><T111/><D34/><U86/><E72/><V106/><F42/><W25/><G50/><T68/><D124/><U93/><E54/><V79/><F79/><W73/><G127/><T119/><D119/><U74/><E19/><V84/><F52/><W92/><G114/><T56/><D68/><U99/><E74/><V109/><F104/><W3/><G3/><T9/><D9/><U110/><E110/><V112/><F106/><W7/><G33/><T65/><D111/><U30/><E30/><V98/><F31/><W4/><G13/><T26/><D26/><U44/><E0/><V130/><F24/><W60/><G25/><T23/><D23/><U80/><E10/><V117/><F8/><W81/><G105/><T53/><D53/><N who="1" m="29927" /><E86/><V66/><F84/><W135/><G135/><T39/><D39/><U45/><E45/><V83/><F37/><W87/><G73/><T63/><D63/><AGARI ba="1,0" hai="55,59,63,80,82,91,93,99" m="29927,51305" machi="63" ten="30,1000,0" yaku="20,1" doraHai="16" who="1" fromWho="0" sc="215,-13,225,13,305,0,255,0" /><INIT seed="3,0,0,3,2,96" ten="202,238,305,255" oya="3" hai0="89,113,13,19,131,69,66,121,44,58,132,94,61" hai1="119,11,15,83,98,123,86,39,35,48,41,18,93" hai2="100,22,24,105,33,124,26,54,107,37,97,36,72" hai3="16,127,110,31,9,133,75,3,2,118,115,116,106"/><W55/><G106/><T79/><D121/><U103/><E123/><V129/><F107/><W77/><G75/><T0/><D0/><N who="3" m="41" /><G77/><T5/><D113/><U111/><E111/><V6/><F72/><W109/><G55/><T23/><D132/><U63/><E119/><N who="3" m="45610" /><G133/><T74/><D131/><U102/><E35/><V52/><F129/><W27/><G115/><T108/><D108/><N who="3" m="41577" /><G127/><T87/><D74/><U135/><E135/><V1/><F52/><W112/><G112/><T28/><D79/><N who="1" m="46463" /><E39/><V8/><F124/><W81/><G81/><T76/><D76/><U14/><E63/><V68/><F54/><W4/><G16/><N who="0" m="10639" /><D69/><U46/><E15/><V134/><F68/><W51/><G51/><T101/><D19/><U122/><E122/><V38/><F134/><W84/><G84/><T47/><D5/><U128/><E128/><V60/><F37/><W20/><G9/><T29/><D101/><AGARI ba="0,0" hai="11,14,18,41,46,48,93,98,101,102,103" m="46463" machi="101" ten="30,7700,0" yaku="8,1,52,3" doraHai="96" who="1" fromWho="0" sc="202,-77,238,77,305,0,255,0" owari="125,-37.5,315,41.5,305,10.5,255,-14.5" /></mjloggm>