<mjloggm ver="2.3"><GO type="225" lobby="0"/><UN n0="%E9%B7%B9%E5%80%89%E6%9D%8F%E9%88%B4" n1="%E6%A1%9C%E8%8A%B1%E9%96%83%E3%80%85" n2="%E3%81%99%E3%83%BC%5F%E9%88%B4%E6%9C%A8%E6%B5%A9%E5%B9%B3" n3="%6C%61%6D%62" dan="16,16,16,16" rate="2102.73,2126.88,2053.30,2190.23" sx="F,M,M,M"/><TAIKYOKU oya="0"/><INIT seed="0,0,0,3,3,111" ten="250,250,250,250" oya="0" hai0="38,120,123,55,26,103,65,64,130,90,32,23,29" hai1="21,129,52,107,57,20,127,51,42,102,86,118,61" hai2="76,58,35,56,100,16,12,14,47,84,6,40,81" hai3="8,37,62,88,44,59,66,110,121,0,53,78,132"/><T54/><D38/><U80/><E118/><V105/><F35/><W75/><G110/><T91/><D103/><U33/><E33/><V5/><F105/><W67/><G132/><T79/><D79/><U71/><E129/><V27/><F27/><W46/><G121/><T22/><D32/><U77/><E127/><V108/><F100/><W99/><G75/><T128/><D26/><U95/><E107/><V82/><F82/><W13/><G78/><T116/><REACH who="0" step="1"/><D29/><REACH who="0" ten="240,250,250,250" step="2"/><U83/><E102/><V7/><F108/><W28/><G28/><T3/><D3/><U39/><E83/><V9/><REACH who="2" step="1"/><F12/><REACH who="2" ten="240,250,240,250" step="2"/><W4/><G0/><T41/><D41/><U17/><E95/><V122/><F122/><W72/><G13/><T10/><D10/><U70/><E21/><V134/><F134/><W126/><G8/><T2/><D2/><U101/><E101/><V18/><F18/><W109/><G109/><T135/><D135/><U34/><E34/><V133/><F133/><W1/><G1/><T112/><D112/><U104/><E104/><V113/><F113/><W48/><G126/><T36/><D36/><AGARI ba="0,2" hai="5,6,7,9,14,16,36,40,47,56,58,76,81,84" machi="36" ten="40,2600,0" yaku="1,1,54,1,53,0" doraHai="111" doraHaiUra="31" who="2" fromWho="0" sc="240,-26,250,0,240,46,250,0" /><INIT seed="1,0,0,5,0,21" ten="214,250,286,250" oya="1" hai0="94,15,119,124,39,123,131,60,0,40,41,122,24" hai1="103,102,43,107,54,100,116,9,55,32,84,19,45" hai2="118,99,42,26,64,112,7,36,56,58,31,46,63" hai3="120,34,133,35,5,67,62,68,6,71,25,8,104"/><U91/><E116/><V50/><F118/><W48/><G120/><T11/><D119/><U101/><E32/><V47/><F7/><W121/><G121/><N who="0" m="46091" /><D0/><U95/><N who="1" m="25600" /><DORA hai="59" /><U128/><E128/><V89/><F112/><W135/><G104/><T69/><D131/><U86/><E107/><V75/><F75/><W92/><G6/><T22/><D94/><U70/><E70/><V93/><F58/><W10/><G10/><T80/><D80/><U90/><E19/><V51/><REACH who="2" step="1"/><F46/><REACH who="2" ten="214,250,276,250" step="2"/><W73/><G73/><T2/><D124/><U108/><E108/><V79/><F79/><W105/><G105/><T27/><D2/><U61/><E61/><V127/><F127/><W18/><G71/><T114/><D114/><U13/><E45/><V129/><F129/><W85/><G68/><T76/><D76/><U16/><REACH who="1" step="1"/><E43/><REACH who="1" ten="214,240,276,250" step="2"/><V96/><F96/><W117/><G117/><T81/><D41/><U23/><E23/><AGARI ba="0,2" hai="23,26,31,36,42,47,50,51,56,63,64,89,93,99" machi="23" ten="30,7700,0" yaku="1,1,7,1,52,2,53,0" doraHai="21,59" doraHaiUra="98,3" who="2" fromWho="1" sc="214,0,240,-77,276,97,250,0" /><INIT seed="2,0,0,1,5,83" ten="214,163,373,250" oya="2" hai0="116,67,127,105,17,38,93,49,18,73,117,24,50" hai1="68,48,4,54,134,44,104,124,63,40,95,130,113" hai2="21,19,56,41,133,114,108,37,62,101,92,6,97" hai3="8,39,121,26,10,100,12,128,34,98,120,79,46"/><V135/><F108/><W89/><G128/><T86/><D105/><U58/><E104/><V115/><F6/><W57/><G79/><T43/><D73/><U118/><E130/><V32/><F32/><W55/><G89/><N who="0" m="53431" /><D67/><U72/><E72/><V119/><F119/><N who="0" m="45642" /><D127/><U7/><E118/><V52/><F41/><W29/><G46/><N who="0" m="23927" /><D24/><U36/><E113/><V96/><F37/><W76/><G39/><T125/><D125/><U66/><E124/><V85/><F85/><W122/><G76/><T81/><D81/><U131/><E131/><V47/><F97/><W5/><G8/><T42/><D42/><U27/><E134/><N who="2" m="51211" /><F47/><W99/><REACH who="3" step="1"/><G100/><REACH who="3" ten="214,163,373,240" step="2"/><T45/><D45/><U61/><E36/><V11/><F11/><W60/><AGARI ba="0,1" hai="5,10,12,26,29,34,55,57,60,98,99,120,121,122" machi="60" ten="30,4000,0" yaku="1,1,2,1,0,1,53,0" doraHai="83" doraHaiUra="107" who="3" fromWho="3" sc="214,-10,163,-10,373,-20,240,50" /><INIT seed="3,0,0,2,4,17" ten="204,153,353,290" oya="3" hai0="39,54,12,65,81,11,38,77,120,33,62,70,128" hai1="89,58,13,98,94,126,116,119,118,66,88,8,80" hai2="121,55,9,15,1,93,5,84,35,135,99,18,108" hai3="3,115,56,57,28,45,105,75,23,21,67,10,100"/><W87/><G115/><T26/><D120/><U40/><E126/><V95/><F35/><W68/><G75/><N who="0" m="43199" /><D54/><U14/><E40/><V106/><F121/><W29/><G68/><T134/><D12/><U44/><E44/><V122/><F135/><W53/><G105/><T46/><D11/><U96/><E80/><V60/><F108/><W72/><G72/><T63/><D134/><U31/><E31/><N who="3" m="11850" /><G100/><T43/><D63/><U82/><E82/><V73/><F73/><W32/><G32/><T48/><D48/><U111/><E111/><V90/><F106/><W49/><G3/><T41/><D26/><U103/><E96/><V102/><F122/><W85/><G10/><T6/><D6/><U50/><E14/><V117/><F117/><W124/><G124/><T30/><D30/><U37/><E37/><V129/><F129/><W27/><G27/><T132/><D33/><U131/><E131/><V22/><F1/><W24/><G24/><T83/><D83/><U113/><E113/><V51/><F60/><N who="3" m="38279" /><G57/><T97/><D132/><U52/><E66/><V110/><F110/><W114/><G114/><T133/><D133/><U78/><E78/><V74/><F74/><W123/><G123/><T130/><D130/><U25/><E25/><V0/><F0/><W59/><G59/><T34/><D34/><U64/><E64/><V69/><F69/><W20/><AGARI ba="0,0" hai="20,21,23,45,49,53,85,87" m="38279,11850" machi="20" ten="30,11700,0" yaku="8,1,52,3" doraHai="17" who="3" fromWho="3" sc="204,-39,153,-39,353,-39,290,117" owari="165,-23.5,114,-38.6,314,11.4,407,50.7" /></mjloggm>