<mjloggm ver="2.3"><GO type="225" lobby="0"/><UN n0="%E3%81%95%E3%81%8D%E3%81%9F%E3%81%BE%E6%9E%97%E6%AA%8E" n1="%E6%9C%88%E5%B3%B6%E5%9F%BA" n2="%E4%BF%BA%E3%81%A8%E5%A6%96%E5%A4%A2" n3="%6B%69%72%61%64%6F%6B%69" dan="16,17,16,16" rate="2098.87,2173.77,2248.32,2159.92" sx="M,M,F,M"/><TAIKYOKU oya="0"/><INIT seed="0,0,0,2,2,25" ten="250,250,250,250" oya="0" hai0="60,24,17,14,48,62,22,97,134,6,115,20,109" hai1="120,37,91,46,132,103,131,98,104,77,124,38,4" hai2="133,41,73,11,127,7,119,105,78,8,36,59,19" hai3="65,112,27,89,33,129,95,74,57,34,117,92,84"/><T114/><D134/><U70/><E120/><V82/><F105/><W118/><G112/><T128/><D128/><U130/><E70/><V64/><F133/><W39/><G74/><T13/><D97/><U10/><E132/><V63/><F127/><W99/><G39/><T126/><D126/><U93/><E124/><V32/><F119/><W101/><G129/><N who="1" m="49162" /><E77/><V1/><F11/><W80/><G33/><T76/><D76/><U121/><E46/><N who="2" m="23847" /><F19/><W106/><G65/><T31/><D48/><U49/><E49/><V96/><F96/><W52/><G117/><T58/><D62/><U108/><E108/><V72/><F72/><W40/><G40/><T53/><REACH who="0" step="1"/><D109/><REACH who="0" ten="240,250,250,250" step="2"/><U29/><E37/><V94/><F63/><W67/><G118/><T12/><D12/><U3/><E38/><V83/><F78/><W123/><G123/><T135/><D135/><U107/><E121/><V113/><F113/><W26/><G67/><T90/><D90/><U54/><E91/><V69/><F64/><W110/><G110/><T44/><D44/><U81/><E98/><V125/><F125/><W88/><G89/><T21/><D21/><U100/><E100/><V85/><F32/><W35/><G34/><T61/><D61/><U16/><E103/><V42/><F1/><W122/><G122/><T18/><D18/><U111/><E16/><V47/><F47/><W15/><G15/><T5/><D5/><U75/><E4/><V68/><F7/><W87/><G35/><T102/><D102/><U28/><E3/><V30/><F73/><W116/><G116/><T2/><D2/><RYUUKYOKU ba="0,1" sc="240,30,250,-10,250,-10,250,-10" hai0="6,13,14,17,20,22,24,31,53,58,60,114,115" /><INIT seed="0,1,1,0,3,46" ten="270,240,240,240" oya="0" hai0="50,45,130,77,10,6,29,120,33,59,82,51,126" hai1="103,119,118,18,83,116,12,49,57,76,101,4,64" hai2="66,22,108,41,90,7,105,11,61,53,1,42,28" hai3="124,128,16,91,43,27,52,98,78,39,73,87,80"/><T70/><D120/><U132/><E132/><V85/><F105/><W115/><G115/><T86/><D70/><U72/><E4/><V129/><F108/><W123/><G123/><T30/><D130/><U106/><E106/><V31/><F129/><W63/><G128/><T0/><D33/><U48/><E64/><V125/><F125/><W79/><G124/><T20/><D126/><U24/><E24/><V36/><F53/><W131/><G131/><T32/><D32/><U60/><E60/><V97/><F97/><W21/><G39/><T47/><D59/><U37/><E37/><V68/><F36/><W122/><G122/><T15/><D0/><U81/><E81/><V71/><F71/><W89/><G43/><N who="0" m="24895" /><D20/><U104/><E57/><V38/><F38/><W84/><G73/><T99/><D99/><U2/><E2/><V109/><F109/><W25/><G25/><T23/><D23/><U26/><E26/><V135/><F135/><W134/><G134/><T5/><D5/><U102/><REACH who="1" step="1"/><E104/><REACH who="1" ten="270,230,240,240" step="2"/><V107/><F107/><W65/><G65/><T69/><D69/><U88/><E88/><V111/><F90/><W110/><G110/><T14/><D14/><U40/><E40/><AGARI ba="1,2" hai="6,10,15,29,30,40,47,51,77,82,86" m="24895" machi="40" ten="30,11600,0" yaku="25,1,8,1,52,2" doraHai="46" who="0" fromWho="1" sc="270,139,230,-119,240,0,240,0" /><INIT seed="0,2,0,1,5,10" ten="409,111,240,240" oya="0" hai0="4,119,82,98,44,12,0,39,28,83,3,59,94" hai1="84,106,67,33,56,13,126,46,50,115,69,101,120" hai2="89,68,2,22,64,118,42,65,48,121,27,49,90" hai3="20,116,75,132,107,60,62,95,32,41,113,110,109"/><T73/><D119/><U104/><E120/><V16/><F121/><W58/><G116/><T130/><D28/><U9/><E126/><V1/><F118/><W131/><G113/><T81/><D73/><U99/><E115/><V129/><F129/><W17/><G107/><T31/><D130/><U117/><E117/><V74/><F74/><W92/><G131/><T7/><D31/><U133/><E133/><V34/><F34/><W37/><G132/><T105/><D105/><U11/><E33/><V122/><F122/><W23/><G32/><T108/><D108/><N who="3" m="41577" /><G75/><T76/><D76/><U21/><E69/><V97/><F68/><W111/><N who="3" m="41585" /><W57/><DORA hai="86" /><G41/><T14/><D59/><N who="3" m="22537" /><G37/><T51/><D39/><U123/><E123/><V19/><F42/><W77/><G77/><T61/><D61/><N who="3" m="23657" /><G17/><T36/><D36/><U102/><E56/><V124/><F124/><W134/><G134/><T114/><D114/><U88/><E67/><N who="2" m="25675" /><F1/><W71/><G71/><T135/><D135/><U66/><E66/><V38/><F2/><W55/><G55/><N who="0" m="30183" /><D0/><U128/><E128/><V47/><F38/><W24/><G24/><T93/><D3/><U8/><E104/><V29/><F47/><W18/><G18/><N who="2" m="6697" /><F97/><W35/><G35/><T45/><D45/><U52/><E21/><AGARI ba="2,0" hai="20,21,23,92,95" m="23657,22537,41585" machi="21" ten="50,6400,0" yaku="28,2,14,1" doraHai="10,86" who="3" fromWho="1" sc="409,0,111,-70,240,0,240,70" /><INIT seed="1,0,0,0,3,47" ten="409,41,240,310" oya="1" hai0="83,58,71,129,84,43,21,75,53,133,2,120,105" hai1="90,18,91,27,81,1,60,33,42,112,121,102,50" hai2="0,49,10,16,6,62,57,98,127,109,70,106,13" hai3="118,23,123,51,117,66,34,122,114,14,46,26,25"/><U95/><E112/><V39/><F39/><W12/><G114/><T86/><D105/><U4/><E121/><N who="3" m="46090" /><G66/><T85/><D120/><U94/><E102/><V37/><F37/><W110/><G110/><T93/><D71/><U82/><E1/><V9/><F109/><W96/><G96/><T72/><D2/><U104/><E104/><V44/><F127/><W38/><G38/><T19/><D43/><U119/><E119/><N who="3" m="45578" /><G34/><T116/><D116/><U56/><E4/><V40/><F70/><W65/><G65/><T79/><D75/><U69/><E69/><V103/><F0/><W17/><G25/><T134/><D129/><U11/><E33/><V124/><F124/><W108/><G108/><T35/><D35/><U76/><E76/><V92/><F106/><W15/><G26/><N who="0" m="14655" /><D72/><U29/><E29/><V7/><REACH who="2" step="1"/><F9/><REACH who="2" ten="409,41,230,310" step="2"/><W8/><G8/><T24/><D79/><U61/><E11/><V54/><AGARI ba="0,1" hai="6,7,10,13,16,40,44,49,54,57,62,92,98,103" machi="54" ten="20,12000,2" yaku="1,1,2,1,0,1,7,1,8,1,52,1,54,1,53,0" doraHai="47" doraHaiUra="100" who="2" fromWho="2" sc="409,-30,41,-60,230,130,310,-30" owari="379,47.9,-19,-51.9,360,16.0,280,-12.0" /></mjloggm>