<mjloggm ver="2.3"><GO type="225" lobby="0"/><UN n0="%E7%9A%AE%E3%80%85" n1="%E3%81%BF%E3%81%BF%E3%81%9A" n2="%E5%A4%8F%E9%88%B4%E9%88%B4%E5%A4%8F" n3="%77%72%77%72%77%72%77%72" dan="16,17,16,16" rate="2132.17,2173.55,2098.75,2119.04" sx="F,M,F,M"/><TAIKYOKU oya="0"/><INIT seed="0,0,0,1,1,126" ten="250,250,250,250" oya="0" hai0="83,84,105,117,18,68,1,34,131,120,43,123,115" hai1="16,94,41,66,5,53,56,132,133,39,108,109,44" hai2="2,12,17,62,86,65,40,25,107,11,113,57,92" hai3="119,77,42,32,96,8,4,76,99,98,0,93,45"/><T127/><RYUUKYOKU type="yao9" ba="0,0" sc="250,0,250,0,250,0,250,0" hai0="1,18,34,43,68,83,84,105,115,117,120,123,127,131" /><INIT seed="0,1,0,2,5,74" ten="250,250,250,250" oya="0" hai0="39,67,78,20,121,54,103,52,24,115,133,99,37" hai1="120,13,38,110,47,132,88,75,26,73,126,91,83" hai2="89,48,101,102,31,130,41,97,66,112,55,124,22" hai3="113,84,8,53,92,62,96,27,64,57,1,125,68"/><T12/><D115/><U33/><E120/><V60/><F112/><W17/><G113/><T77/><D121/><U30/><E110/><V15/><F124/><W28/><G125/><T76/><D67/><U3/><E126/><V131/><F41/><W72/><G72/><T93/><D133/><U107/><E3/><V85/><F130/><W111/><G111/><T10/><D37/><U5/><E107/><V36/><F36/><W108/><G108/><T21/><D39/><U49/><E38/><V58/><F131/><W43/><G43/><T81/><D81/><U18/><E5/><V105/><F102/><W95/><G84/><T35/><D35/><U9/><E132/><V116/><F116/><W109/><G109/><T71/><D71/><U70/><E70/><V127/><F127/><W40/><G40/><T114/><D114/><U98/><E98/><V87/><F87/><W90/><G95/><T44/><D44/><U45/><E45/><V59/><F15/><W32/><G17/><N who="0" m="12335" /><D20/><U16/><E18/><AGARI ba="1,0" hai="10,12,18,52,54,76,77,78,93,99,103" m="12335" machi="18" ten="30,12000,1" yaku="8,1,52,3,54,1" doraHai="74" who="0" fromWho="1" sc="250,123,250,-123,250,0,250,0" /><INIT seed="0,2,0,0,3,51" ten="373,127,250,250" oya="0" hai0="80,134,38,54,24,112,32,7,53,61,21,99,86" hai1="63,44,39,0,72,68,37,48,23,130,46,84,119" hai2="77,5,41,89,12,83,14,107,59,125,118,9,122" hai3="113,35,60,3,98,73,2,114,28,91,26,104,27"/><T42/><D112/><N who="3" m="43113" /><G91/><N who="0" m="51655" /><D32/><U92/><E72/><V70/><F122/><W6/><G60/><T128/><D38/><U10/><E119/><V75/><F118/><W58/><G58/><T131/><D42/><U31/><E130/><N who="0" m="49705" /><D7/><U43/><E10/><V17/><F125/><W33/><G73/><T34/><D34/><U88/><E0/><V115/><F115/><W81/><G81/><T103/><D61/><U40/><E48/><V4/><F41/><W97/><G97/><T96/><D134/><U13/><E13/><V90/><F107/><W79/><G79/><T45/><D45/><U15/><E31/><V85/><F70/><W117/><G117/><T55/><D103/><U64/><E15/><V102/><F102/><N who="3" m="62551" /><G6/><T30/><AGARI ba="2,0" hai="21,24,30,53,54,55,96,99" m="49705,51655" machi="30" ten="30,11700,0" yaku="19,1,52,3" doraHai="51" who="0" fromWho="0" sc="373,123,127,-41,250,-41,250,-41" /><INIT seed="0,3,0,0,2,64" ten="496,86,209,209" oya="0" hai0="36,93,51,133,13,94,113,14,80,135,123,99,120" hai1="69,108,131,59,28,68,115,67,23,134,81,6,91" hai2="11,103,55,96,124,15,33,85,7,39,3,26,66" hai3="90,35,56,50,29,41,83,34,53,18,107,45,82"/><T49/><D36/><U74/><E108/><V73/><F39/><W9/><G107/><T128/><D80/><U77/><E131/><V19/><F73/><W79/><G29/><T24/><D24/><U16/><E134/><V86/><F124/><W87/><G18/><T0/><D0/><U121/><E121/><V54/><F66/><W88/><G9/><T98/><REACH who="0" step="1"/><D128/><REACH who="0" ten="486,86,209,209" step="2"/><U95/><E115/><AGARI ba="3,1" hai="13,14,49,51,93,94,98,99,113,115,120,123,133,135" machi="115" ten="25,9600,0" yaku="1,1,2,1,22,2,53,0" doraHai="64" doraHaiUra="48" who="0" fromWho="1" sc="486,115,86,-105,209,0,209,0" owari="601,70.1,-19,-51.9,209,0.9,209,-19.1" /></mjloggm>