<mjloggm ver="2.3"><GO type="225" lobby="0"/><UN n0="%70%68%65%6E%6F%6D%65" n1="%E5%82%8D%E8%8B%A5%E7%84%A1%E4%BA%BA%35%31" n2="%70%6F%69%73%6F%6E%30%32" n3="%E6%98%93%E5%88%A9%E8%96%A9%E4%BC%AF" dan="16,16,16,17" rate="2181.36,2174.64,2111.33,2232.04" sx="M,M,M,F"/><TAIKYOKU oya="0"/><INIT seed="0,0,0,2,2,48" ten="250,250,250,250" oya="0" hai0="4,72,57,107,69,29,2,71,27,65,115,102,80" hai1="76,18,54,15,121,111,83,127,60,109,41,39,36" hai2="100,129,85,55,88,124,99,91,17,19,66,92,131" hai3="110,10,68,79,63,98,73,37,117,16,42,51,61"/><T7/><D115/><U45/><E121/><V53/><F66/><W123/><G37/><T86/><D72/><U6/><E127/><V104/><F124/><W75/><G117/><T114/><D114/><U9/><E18/><N who="2" m="6667" /><F91/><W116/><G116/><T52/><D102/><U90/><E90/><V43/><F43/><W32/><G32/><T120/><D107/><U20/><E20/><V46/><F46/><W21/><G10/><T130/><D120/><U47/><E39/><V8/><F8/><W31/><G31/><T96/><D96/><U49/><REACH who="1" step="1"/><E60/><REACH who="1" ten="250,240,250,250" step="2"/><V14/><F14/><W34/><G63/><T23/><D2/><U5/><E5/><V125/><F125/><W95/><G61/><T89/><D65/><U78/><E78/><V13/><F13/><W113/><G79/><T11/><D4/><U12/><E12/><V64/><F64/><W133/><G123/><T134/><D7/><U22/><E22/><V70/><F70/><W1/><G21/><T30/><D69/><U67/><E67/><V126/><F126/><W26/><G1/><T62/><D71/><U74/><AGARI ba="0,1" hai="6,9,15,36,41,45,47,49,54,74,76,83,109,111" machi="74" ten="30,4000,0" yaku="1,1,0,1,52,1,53,0" doraHai="48" doraHaiUra="132" who="1" fromWho="1" sc="250,-20,240,50,250,-10,250,-10" /><INIT seed="1,0,0,3,0,128" ten="230,290,240,240" oya="1" hai0="17,13,43,34,52,31,85,76,96,7,9,36,29" hai1="72,81,95,102,3,97,118,25,91,84,116,30,66" hai2="105,127,87,22,135,108,100,92,109,73,24,88,70" hai3="32,101,61,65,130,80,120,8,63,58,124,44,71"/><U41/><E3/><V50/><F70/><W117/><G120/><T121/><D121/><U11/><E11/><V48/><F135/><W51/><G32/><T28/><D36/><U99/><E41/><V78/><F127/><W57/><G130/><T23/><D43/><U5/><E5/><V49/><F100/><W35/><G35/><T98/><D34/><U37/><E37/><V129/><F105/><W125/><G101/><T39/><D39/><U46/><E46/><V67/><F67/><N who="3" m="39343" /><G80/><T122/><D122/><U79/><E66/><V68/><F68/><W132/><G8/><T54/><D76/><U86/><E30/><V1/><F1/><W112/><G112/><T20/><D85/><N who="1" m="32875" /><E25/><V107/><F107/><AGARI ba="0,0" hai="72,79,81,91,95,97,99,102,107,116,118" m="32875" machi="107" ten="30,2900,0" yaku="34,2" doraHai="128" who="1" fromWho="2" sc="230,0,290,29,240,-29,240,0" /><INIT seed="1,1,0,4,1,69" ten="230,319,211,240" oya="1" hai0="44,114,129,101,108,110,117,2,118,130,66,74,122" hai1="112,35,6,79,125,95,37,7,13,91,105,131,19" hai2="45,39,102,49,93,20,116,71,123,120,85,77,27" hai3="92,18,4,22,46,100,31,63,50,16,25,14,28"/><U51/><E112/><V62/><F116/><N who="0" m="44650" /><D2/><U83/><E35/><V59/><F71/><W52/><G4/><T84/><D74/><U115/><E105/><V124/><F124/><W65/><G100/><T135/><D114/><U89/><E125/><V86/><F77/><W10/><REACH who="3" step="1"/><G92/><REACH who="3" ten="230,319,211,230" step="2"/><T87/><D101/><U113/><E95/><V60/><F123/><W119/><G119/><T11/><D122/><U90/><E6/><V17/><F120/><W132/><G132/><T99/><D135/><U5/><E7/><V1/><F1/><W128/><G128/><T88/><D129/><U106/><E5/><V48/><F102/><W41/><G41/><T47/><D130/><U30/><E131/><V133/><F93/><W107/><G107/><T134/><D134/><U36/><E106/><V94/><F133/><W9/><G9/><T12/><D11/><U54/><E115/><V72/><F94/><W109/><G109/><T73/><D99/><U43/><E43/><V58/><F72/><W98/><G98/><T82/><D73/><U53/><E113/><V111/><F111/><N who="0" m="42538" /><D84/><U96/><E96/><V56/><F86/><W80/><G80/><T23/><D66/><U78/><E83/><V32/><F85/><W68/><AGARI ba="1,1" hai="10,14,16,18,22,25,28,31,46,50,52,63,65,68" machi="68" ten="20,8000,1" yaku="1,1,0,1,7,1,54,2,53,0" doraHai="69" doraHaiUra="3" who="3" fromWho="3" sc="230,-21,319,-41,211,-21,230,93" /><INIT seed="2,0,0,1,0,16" ten="209,278,190,323" oya="2" hai0="107,36,2,6,125,51,111,3,80,35,127,20,75" hai1="63,54,108,56,10,50,5,120,130,91,45,93,49" hai2="96,62,11,1,32,105,46,60,31,39,83,67,95" hai3="17,19,87,89,131,104,73,64,55,52,110,97,69"/><V86/><F105/><W14/><G110/><T7/><D36/><U71/><E108/><V70/><F62/><W134/><G73/><T9/><D107/><U132/><E130/><V103/><F32/><W77/><G134/><T114/><D111/><U57/><E132/><V68/><F31/><W37/><G37/><T58/><D35/><U66/><E120/><V113/><F113/><W27/><G77/><N who="0" m="44095" /><D114/><U76/><E76/><V112/><F112/><W122/><G122/><T117/><D117/><U48/><E71/><V118/><F118/><W106/><G27/><T128/><D128/><U28/><E28/><V33/><F33/><W85/><G19/><T84/><D84/><U121/><E121/><V109/><F70/><W53/><G97/><T18/><D58/><U100/><E100/><V81/><F109/><W59/><G69/><T61/><D51/><U133/><E56/><V101/><F101/><W94/><G87/><T24/><D61/><U21/><E133/><V47/><F39/><W38/><G38/><T135/><D135/><U72/><E72/><V30/><F30/><W0/><G0/><N who="0" m="43" /><D9/><U65/><E65/><V44/><REACH who="2" step="1"/><F86/><REACH who="2" ten="209,278,180,323" step="2"/><W4/><G106/><T23/><D23/><U99/><E21/><V25/><F25/><W22/><G104/><T41/><D41/><U42/><E42/><V34/><F34/><W116/><G116/><T82/><D82/><U102/><E102/><V98/><F98/><W126/><G131/><T15/><D24/><U119/><E119/><V13/><F13/><AGARI ba="0,1" hai="5,10,13,45,48,49,50,54,57,63,66,91,93,99" machi="13" ten="30,2000,0" yaku="7,1,8,1" doraHai="16" who="1" fromWho="2" sc="209,0,278,30,180,-20,323,0" /><INIT seed="3,0,0,0,2,26" ten="209,308,160,323" oya="3" hai0="62,127,129,107,77,124,18,23,8,19,118,36,94" hai1="78,42,80,20,133,91,104,50,89,28,44,38,52" hai2="125,48,120,68,85,97,40,134,32,83,135,65,14" hai3="4,102,108,7,71,67,114,54,116,10,72,115,128"/><W1/><G116/><T57/><D107/><U16/><E104/><V15/><F68/><W103/><G7/><T27/><D118/><U33/><E133/><V6/><F65/><W117/><G117/><T59/><D36/><U46/><E33/><V131/><F131/><W87/><G72/><T2/><D129/><U22/><E28/><V31/><F120/><W132/><G128/><T24/><D77/><U105/><E105/><V73/><F73/><W39/><G39/><T47/><D47/><U49/><E22/><V84/><F125/><W113/><G132/><T25/><D94/><U106/><E106/><V123/><F123/><W29/><G29/><T96/><D96/><U92/><E92/><V88/><F97/><W99/><G108/><T34/><D59/><U64/><E64/><V112/><F112/><W90/><G54/><T109/><D109/><U53/><E42/><V35/><F35/><W17/><G99/><T126/><D34/><U121/><E38/><V41/><F6/><W55/><G55/><N who="0" m="34111" /><D2/><U69/><E69/><V76/><F135/><W66/><G71/><T37/><D37/><U93/><E93/><V11/><F11/><N who="3" m="2447" /><G67/><T58/><D58/><U12/><E121/><V98/><F98/><W45/><G45/><T13/><AGARI ba="0,0" hai="8,13,18,19,23,24,25,27,124,126,127" m="34111" machi="13" ten="40,1500,0" yaku="18,1" doraHai="26" who="0" fromWho="0" sc="209,15,308,-4,160,-4,323,-7" owari="224,-17.6,304,10.4,156,-34.4,316,41.6" /></mjloggm>