<mjloggm ver="2.3"><GO type="225" lobby="0"/><UN n0="%E3%81%BF%E3%81%BF%E3%81%9A" n1="%41%6F%54" n2="%E3%81%A4%E3%81%A3%E3%81%B1%E3%82%8A%E3%83%9D%E3%83%BC%E3%83%AB" n3="%4C%4F%4C%49%54%41" dan="17,16,17,16" rate="2170.35,2097.21,2120.80,2082.18" sx="M,M,M,F"/><TAIKYOKU oya="0"/><INIT seed="0,0,0,2,5,110" ten="250,250,250,250" oya="0" hai0="42,6,22,5,27,9,122,104,80,29,39,76,116" hai1="36,1,114,19,59,119,102,79,87,126,99,93,63" hai2="78,75,70,15,43,44,49,52,53,130,10,125,96" hai3="120,74,98,17,86,28,26,32,37,94,121,115,133"/><T135/><D116/><U61/><E119/><V107/><F130/><W109/><G74/><T57/><D122/><N who="3" m="47209" /><G109/><T123/><D123/><U134/><E134/><V85/><F125/><W58/><G37/><T55/><D135/><U111/><E111/><V30/><F70/><W18/><G133/><T60/><D104/><U108/><E108/><V118/><F75/><W45/><G45/><T100/><D100/><U51/><E36/><V105/><F118/><W89/><G115/><T112/><D112/><U54/><E1/><V62/><F30/><W35/><G35/><T0/><D6/><U71/><E71/><V88/><F62/><W72/><G72/><T24/><D22/><U33/><E33/><V11/><F11/><W82/><G58/><T12/><D29/><U23/><E126/><V50/><F78/><AGARI ba="0,0" hai="17,18,26,28,32,78,82,86,89,94,98" m="47209" machi="78" ten="30,1000,0" yaku="13,1" doraHai="110" who="3" fromWho="2" sc="250,0,250,0,250,-10,250,10" /><INIT seed="1,0,0,5,4,110" ten="250,250,240,260" oya="1" hai0="8,107,98,39,33,59,42,6,18,5,36,85,34" hai1="73,10,111,55,118,89,72,103,15,14,17,32,69" hai2="71,113,4,131,20,114,13,99,47,1,0,52,100" hai3="104,37,7,117,53,50,66,93,135,115,3,74,125"/><U79/><E118/><V25/><F71/><W67/><G104/><T121/><D121/><U24/><E69/><V19/><F131/><W26/><G37/><T12/><D85/><U54/><E111/><V44/><F25/><W16/><G74/><T49/><D39/><U70/><E70/><V64/><F64/><W86/><G135/><T106/><D36/><U21/><E103/><V51/><F47/><W91/><G125/><T58/><D58/><U90/><E14/><V101/><F101/><W35/><G115/><N who="2" m="44041" /><F4/><W127/><G127/><T124/><D124/><U29/><E32/><V84/><F84/><W78/><G35/><T92/><D33/><U120/><E120/><V95/><AGARI ba="0,0" hai="0,1,13,19,20,44,51,52,95,99,100" m="44041" machi="95" ten="30,8000,1" yaku="11,1,52,3,54,1" doraHai="110" who="2" fromWho="2" sc="250,-20,250,-40,240,80,260,-20" /><INIT seed="2,0,0,4,4,115" ten="230,210,320,240" oya="2" hai0="121,82,42,32,47,22,132,58,19,78,122,94,106" hai1="90,34,98,63,54,24,16,118,91,80,97,7,126" hai2="0,31,105,20,36,5,74,101,37,62,110,112,8" hai3="15,114,131,57,92,76,70,83,52,68,27,53,59"/><V107/><F112/><W89/><G114/><T96/><D106/><U100/><E126/><V134/><F74/><W128/><G15/><T75/><D75/><U51/><BYE who="0" /><E118/><V86/><F134/><W95/><G27/><UN n0="%E3%81%BF%E3%81%BF%E3%81%9A" /><T50/><D132/><U116/><E116/><V85/><F110/><W6/><G6/><T10/><D32/><U127/><E127/><V38/><F62/><W117/><G117/><T17/><D10/><U2/><E7/><V109/><F109/><W49/><G70/><T65/><D121/><U102/><E2/><V99/><REACH who="2" step="1"/><F107/><REACH who="2" ten="230,210,310,240" step="2"/><W9/><G128/><T12/><D122/><U25/><E63/><V79/><F79/><W4/><G131/><T41/><D78/><U26/><E34/><V30/><F30/><W46/><G76/><T69/><D69/><U103/><E16/><V11/><F11/><W129/><G9/><T108/><D19/><U64/><E64/><V55/><F55/><W77/><G68/><T130/><D108/><U1/><E1/><V61/><F61/><N who="3" m="36007" /><G129/><T60/><D130/><U87/><REACH who="1" step="1"/><E91/><REACH who="1" ten="230,200,310,240" step="2"/><V113/><F113/><W3/><G89/><N who="0" m="55375" /><D42/><U123/><E123/><V40/><F40/><N who="3" m="24775" /><G3/><T14/><D14/><U133/><E133/><V81/><F81/><AGARI ba="0,2" hai="12,17,22,41,47,50,58,60,65,81,82" m="55375" machi="81" ten="30,1000,0" yaku="8,1" doraHai="115" who="0" fromWho="2" sc="230,30,200,0,310,-10,240,0" /><INIT seed="3,0,0,0,1,109" ten="260,200,300,240" oya="3" hai0="38,79,94,111,122,60,14,87,16,26,80,56,106" hai1="100,30,131,120,69,130,66,20,97,45,92,27,104" hai2="42,134,21,74,61,53,46,24,37,8,49,5,128" hai3="78,71,44,93,28,132,133,1,86,67,76,77,103"/><W57/><G1/><T83/><D106/><U96/><E120/><V110/><F110/><W108/><G108/><T81/><D111/><U113/><E45/><V90/><F74/><W29/><G71/><T55/><D38/><U117/><E117/><V9/><F134/><N who="3" m="51819" /><G44/><T127/><D127/><U58/><E113/><V95/><F128/><W52/><G67/><T7/><D122/><U99/><E69/><V10/><F37/><W101/><G86/><T70/><D70/><U135/><E135/><V63/><F5/><W125/><G125/><T112/><D112/><U114/><E114/><V34/><F34/><W11/><G11/><T98/><D7/><U121/><E121/><V54/><F54/><W50/><G93/><T124/><D124/><U36/><BYE who="0" /><E36/><V23/><F53/><UN n0="%E3%81%BF%E3%81%BF%E3%81%9A" /><W73/><G73/><T4/><D4/><U41/><E41/><V35/><F35/><W68/><G68/><T40/><D40/><U22/><E22/><N who="2" m="8203" /><F24/><W107/><G107/><T13/><D26/><U47/><E47/><V82/><F82/><N who="0" m="31850" /><D16/><U31/><E31/><AGARI ba="0,0" hai="28,29,31,50,52,57,76,77,78,101,103" m="51819" machi="31" ten="30,2900,0" yaku="20,1,54,1" doraHai="109" who="3" fromWho="1" sc="260,0,200,-29,300,0,240,29" /><INIT seed="3,1,0,1,2,105" ten="260,171,300,269" oya="3" hai0="1,110,4,16,29,91,37,120,68,129,97,66,84" hai1="126,6,93,12,103,22,90,63,101,83,35,26,65" hai2="79,38,32,134,18,85,132,43,40,55,76,78,45" hai3="3,117,48,111,56,8,77,62,86,0,87,99,64"/><W58/><G117/><T5/><D120/><U21/><E126/><V112/><F112/><W51/><G111/><T131/><D37/><U127/><E127/><V75/><F75/><W20/><G99/><T113/><D110/><U53/><E35/><V69/><F69/><W60/><G20/><T28/><D97/><U49/><E83/><N who="2" m="47335" /><F32/><W57/><G57/><T121/><D16/><N who="1" m="10375" /><E63/><V122/><F122/><W47/><G77/><T31/><D121/><U102/><E65/><V59/><F40/><W44/><REACH who="3" step="1"/><G64/><REACH who="3" ten="260,171,300,259" step="2"/><T42/><D113/><U33/><E33/><V95/><F79/><W46/><G46/><T96/><D96/><N who="1" m="57399" /><E6/><V9/><F132/><W80/><G80/><T11/><D66/><U34/><E34/><V124/><F134/><W15/><G15/><T82/><D68/><U2/><E2/><V73/><F124/><W25/><G25/><T128/><D4/><U114/><E114/><V24/><F24/><W19/><G19/><T135/><D135/><U94/><E94/><V89/><F18/><W81/><G81/><T50/><D29/><N who="1" m="17623" /><E103/><V23/><F95/><W39/><G39/><T109/><D109/><U30/><E30/><V88/><F38/><W7/><G7/><T98/><D98/><U54/><E49/><N who="2" m="26815" /><F23/><W17/><G17/><T14/><D1/><U116/><E116/><V52/><F9/><AGARI ba="1,1" hai="0,3,8,9,44,47,48,51,56,58,60,62,86,87" machi="9" ten="25,4800,0" yaku="1,1,22,2,53,0" doraHai="105" doraHaiUra="72" who="3" fromWho="2" sc="260,0,171,0,300,-51,259,61" owari="260,6.0,171,-32.9,249,-15.1,320,42.0" /></mjloggm>