<mjloggm ver="2.3"><GO type="225" lobby="0"/><UN n0="%77%72%77%72%77%72%77%72" n1="%E3%83%96%E3%83%83%E3%83%91%E3%82%AA%E3%83%96%E3%83%81%E3%82%AD%E3%83%B3" n2="%E6%81%A5%E6%99%92%E3%81%97" n3="%79%75%72%69%6D%6F%67" dan="17,16,16,16" rate="2198.59,2190.48,2123.32,2191.56" sx="M,M,M,F"/><TAIKYOKU oya="0"/><INIT seed="0,0,0,5,0,41" ten="250,250,250,250" oya="0" hai0="42,57,106,52,7,22,108,34,23,120,9,19,59" hai1="73,54,2,27,48,107,83,20,15,29,24,114,93" hai2="75,112,99,46,39,69,115,64,78,96,130,50,35" hai3="104,8,70,28,95,38,133,94,43,116,21,89,123"/><T33/><D120/><U92/><E114/><V91/><F130/><W128/><G104/><T61/><D106/><U49/><E107/><V65/><F39/><W105/><G70/><T134/><D134/><U119/><E2/><V74/><F35/><W103/><G105/><T110/><D42/><U1/><E1/><V102/><F91/><W125/><G116/><T0/><D59/><U53/><E119/><V60/><F65/><W87/><G128/><T40/><D40/><U17/><E83/><V84/><F84/><W67/><G133/><T37/><D37/><U25/><E73/><V51/><F51/><W100/><G125/><T72/><D72/><U82/><E82/><V58/><F69/><W79/><G67/><T44/><D44/><N who="1" m="27783" /><E29/><V127/><F75/><W97/><G79/><T13/><REACH who="0" step="1"/><D22/><REACH who="0" ten="240,250,250,250" step="2"/><U129/><E129/><V77/><F74/><W36/><G43/><T101/><D101/><U124/><E124/><V85/><F127/><W12/><G123/><T118/><D118/><U56/><AGARI ba="0,1" hai="15,17,20,24,25,27,49,54,56,92,93" m="27783" machi="56" ten="30,2000,0" yaku="8,1,52,1" doraHai="41" who="1" fromWho="1" sc="240,-10,250,30,250,-5,250,-5" /><INIT seed="1,0,0,1,1,14" ten="230,280,245,245" oya="1" hai0="108,133,126,21,10,92,91,2,13,121,100,96,104" hai1="57,20,82,85,33,11,65,49,78,97,29,38,68" hai2="90,3,76,81,124,132,18,118,105,9,73,35,103" hai3="22,119,128,117,98,113,61,110,42,64,23,116,47"/><U0/><E38/><V28/><F118/><W114/><G98/><T39/><D108/><U106/><E33/><V111/><F111/><W30/><G110/><T72/><D39/><U19/><E68/><V52/><F124/><W125/><G125/><T1/><D126/><U83/><E29/><V99/><F132/><W60/><G128/><T93/><D72/><U71/><E71/><V55/><F3/><W41/><G30/><T16/><D133/><U5/><E83/><V134/><F134/><W54/><G23/><T26/><D121/><U127/><E127/><V131/><F131/><W24/><G22/><T120/><D120/><U37/><E37/><V53/><F90/><W70/><G24/><T94/><REACH who="0" step="1"/><D91/><REACH who="0" ten="220,280,245,245" step="2"/><U56/><E65/><V77/><F76/><W12/><G114/><T89/><D89/><U80/><E49/><V130/><F130/><W27/><G113/><T107/><D107/><U40/><E82/><V32/><F81/><W46/><G116/><T86/><D86/><U62/><E106/><V109/><F109/><W44/><G117/><T69/><D69/><U50/><E80/><V4/><F77/><W79/><G119/><T31/><AGARI ba="0,1" hai="1,2,10,13,16,21,26,31,92,93,94,96,100,104" machi="31" ten="30,7900,0" yaku="1,1,0,1,52,1,54,1,53,0" doraHai="14" doraHaiUra="135" who="0" fromWho="0" sc="220,89,280,-39,245,-20,245,-20" /><INIT seed="2,0,0,5,0,50" ten="309,241,225,225" oya="2" hai0="70,59,125,104,116,96,71,37,1,76,16,51,113" hai1="91,27,32,9,87,40,83,126,124,12,65,79,13" hai2="86,26,21,77,98,88,120,66,25,14,44,127,118" hai3="36,52,123,67,134,17,132,100,53,112,30,89,131"/><V94/><F118/><W45/><G123/><T46/><D113/><U2/><E40/><V122/><F127/><N who="1" m="48681" /><E65/><V133/><F133/><N who="3" m="51307" /><G131/><T4/><D125/><U69/><E69/><V33/><F33/><W73/><G73/><T56/><D116/><U54/><E2/><V108/><F108/><W84/><G100/><T61/><D37/><U28/><E9/><V10/><F66/><W107/><G107/><T38/><D38/><U80/><E54/><V0/><F0/><W68/><G30/><T117/><D117/><U3/><E3/><V60/><F60/><N who="3" m="40039" /><G17/><T6/><D6/><U43/><E43/><V22/><F120/><W110/><G110/><T128/><D4/><U106/><E106/><V62/><F62/><W99/><G99/><T115/><D61/><U20/><E32/><V103/><F77/><W81/><G112/><T15/><D104/><U5/><E5/><N who="2" m="3407" /><F122/><W35/><G35/><T97/><D1/><U23/><E23/><N who="2" m="8715" /><F44/><W41/><AGARI ba="0,0" hai="36,41,45,52,53,81,84,89" m="40039,51307" machi="41" ten="30,7900,0" yaku="20,1,52,2,54,1" doraHai="50" who="3" fromWho="3" sc="309,-20,241,-20,225,-39,225,79" /><INIT seed="3,0,0,4,4,22" ten="289,221,186,304" oya="3" hai0="57,5,36,94,112,46,40,91,21,44,119,14,85" hai1="89,62,70,10,47,88,25,2,51,4,26,29,52" hai2="9,80,125,130,103,27,99,84,34,124,45,55,69" hai3="67,11,96,41,110,75,6,37,31,90,0,134,56"/><W19/><G75/><T132/><D119/><U48/><E29/><N who="2" m="19775" /><F130/><W135/><G31/><T16/><D132/><N who="3" m="50729" /><G19/><T17/><D112/><U93/><E89/><V63/><F9/><W109/><G41/><T50/><D57/><U105/><E105/><N who="2" m="63743" /><F55/><W72/><G72/><T117/><D117/><U12/><E2/><V104/><F45/><W53/><G67/><T128/><D128/><U35/><E35/><V78/><F104/><W71/><G71/><T107/><D107/><U87/><REACH who="1" step="1"/><E51/><REACH who="1" ten="289,211,186,304" step="2"/><V98/><F98/><W86/><G37/><T133/><D133/><U73/><E73/><V123/><F123/><W33/><G96/><T79/><D79/><U42/><E42/><V58/><F58/><W122/><G33/><T108/><D108/><U102/><E102/><V81/><F80/><N who="3" m="49479" /><G122/><T114/><D114/><U126/><E126/><V74/><F74/><W121/><G121/><T59/><D59/><U38/><E38/><V120/><F120/><W7/><G7/><T82/><D82/><U118/><E118/><V24/><F24/><W68/><G68/><T113/><D113/><U60/><E60/><AGARI ba="0,1" hai="0,6,11,53,56,60,109,110" m="49479,50729" machi="60" ten="30,1500,0" yaku="20,1" doraHai="22" who="3" fromWho="1" sc="289,0,211,-15,186,0,304,25" owari="289,8.9,196,-20.4,186,-31.4,329,42.9" /></mjloggm>