<mjloggm ver="2.3"><GO type="225" lobby="0"/><UN n0="%E7%B4%94%E6%BD%94%E3%83%94%E3%83%A9%E3%83%8B%E3%82%A2" n1="%E3%81%AF%E3%82%88%E3%81%8A%E3%81%98%E3%81%95%E3%82%93" n2="%E3%82%8F%E3%81%8B%E3%81%B0%2A%E3%82%AC%E3%83%BC%E3%83%AB" n3="%72%69%6F%75%63%68%61%6E" dan="16,17,16,16" rate="2165.31,2196.49,2082.58,2134.65" sx="M,M,M,M"/><TAIKYOKU oya="0"/><INIT seed="0,0,0,1,1,88" ten="250,250,250,250" oya="0" hai0="129,64,111,92,53,58,67,44,5,85,122,77,66" hai1="100,98,42,106,79,16,78,128,21,114,15,83,97" hai2="135,131,72,110,63,35,59,65,39,48,96,108,1" hai3="56,38,89,29,19,112,7,101,104,80,20,46,57"/><T103/><D122/><U61/><E128/><V109/><F131/><W68/><G112/><T60/><D129/><U9/><E114/><V47/><F135/><W26/><G68/><T14/><D111/><U54/><E42/><V3/><F35/><W86/><G7/><T95/><D103/><U24/><E97/><V52/><F72/><W120/><G120/><T125/><D125/><U41/><E41/><V49/><F39/><W82/><G38/><T51/><D77/><U123/><E123/><V133/><F133/><W71/><G71/><T62/><D85/><U127/><E127/><V33/><F33/><W69/><G69/><T116/><D116/><U25/><E25/><V115/><F115/><W81/><G46/><T27/><D27/><U70/><E83/><V32/><F32/><W12/><G101/><T18/><D5/><U45/><E45/><V102/><REACH who="2" step="1"/><F49/><REACH who="2" ten="250,250,240,250" step="2"/><W73/><G73/><T43/><REACH who="0" step="1"/><D62/><REACH who="0" ten="240,250,240,250" step="2"/><U28/><E61/><V105/><AGARI ba="0,2" hai="1,3,47,48,52,59,63,65,96,102,105,108,109,110" machi="105" ten="30,12000,2" yaku="1,1,2,1,0,1,14,1,54,1,53,1" doraHai="88" doraHaiUra="40" who="2" fromWho="2" sc="240,-60,250,-30,240,140,250,-30" /><INIT seed="1,0,0,3,5,33" ten="180,220,380,220" oya="1" hai0="109,58,6,110,54,52,106,20,128,62,134,97,11" hai1="23,55,82,2,57,40,133,50,96,83,99,117,44" hai2="47,46,29,34,66,71,80,5,118,88,0,76,89" hai3="17,39,51,105,3,81,59,4,69,68,24,10,56"/><U93/><E117/><V94/><F118/><W37/><G105/><T49/><D134/><U91/><E133/><V127/><F127/><W74/><G69/><T115/><D115/><U25/><E96/><V16/><F34/><W85/><G68/><T130/><D20/><U126/><E126/><V120/><F29/><W14/><G74/><T122/><D97/><U73/><E73/><V107/><F107/><W95/><G24/><T19/><D19/><U102/><E102/><V131/><F120/><W112/><G112/><T60/><D106/><U90/><E91/><V63/><F131/><N who="0" m="50218" /><D122/><U135/><E135/><V26/><F5/><W32/><G32/><T124/><D124/><U64/><E64/><V104/><F0/><W67/><G95/><T12/><D54/><U43/><E2/><V86/><F104/><W75/><G75/><T72/><D72/><U31/><REACH who="1" step="1"/><E40/><REACH who="1" ten="180,210,380,220" step="2"/><V36/><F89/><N who="3" m="51375" /><G67/><T7/><D7/><U132/><E132/><V123/><F123/><W116/><G116/><T38/><D38/><AGARI ba="0,1" hai="23,25,31,38,43,44,50,55,57,82,83,90,93,99" machi="38" ten="30,2900,0" yaku="1,1,7,1,53,0" doraHai="33" doraHaiUra="100" who="1" fromWho="0" sc="180,-29,210,39,380,0,220,0" /><INIT seed="1,1,0,3,4,22" ten="151,249,380,220" oya="1" hai0="118,64,124,87,13,91,33,105,21,60,37,102,48" hai1="129,23,133,121,119,24,51,36,53,39,83,70,100" hai2="101,57,90,135,56,2,6,35,45,28,11,79,85" hai3="55,117,120,109,110,128,29,69,95,1,72,84,15"/><U49/><E121/><V50/><F135/><W17/><G120/><T10/><D37/><U67/><E119/><V111/><F111/><N who="3" m="42507" /><G1/><T78/><D118/><U106/><E133/><V123/><F101/><W59/><G69/><T115/><D115/><U12/><E129/><V18/><F123/><W44/><G117/><T125/><D33/><U65/><E12/><V41/><F18/><W58/><G72/><T130/><D130/><U92/><E106/><V19/><F79/><W74/><G74/><T77/><D48/><U134/><E134/><V43/><F43/><W31/><G128/><T42/><D42/><U86/><E39/><V5/><F5/><W98/><G44/><T8/><D102/><U108/><E36/><V82/><REACH who="2" step="1"/><F19/><REACH who="2" ten="151,249,370,220" step="2"/><W116/><G116/><T20/><D78/><U7/><E7/><V14/><F14/><W68/><G17/><T97/><D77/><U38/><E100/><V88/><F88/><N who="3" m="55655" /><G15/><T32/><D13/><U94/><E108/><V66/><F66/><W81/><G55/><T26/><D64/><U3/><E65/><V62/><F62/><W112/><G112/><T80/><D91/><U131/><E53/><V132/><F132/><W54/><G54/><T75/><D60/><U104/><E67/><V127/><F127/><W73/><G68/><T114/><D114/><U0/><E70/><V126/><F126/><W47/><G73/><T63/><D75/><U34/><E131/><V4/><F4/><W61/><G61/><T76/><D124/><U25/><E38/><V46/><F46/><W30/><G47/><T89/><D125/><RYUUKYOKU ba="1,1" sc="151,-15,249,-15,370,15,220,15" hai2="2,6,11,28,35,41,45,50,56,57,82,85,90" hai3="29,30,31,58,59,81,84" /><INIT seed="2,2,1,4,5,33" ten="136,234,385,235" oya="2" hai0="60,116,61,28,42,62,76,77,19,25,51,59,113" hai1="31,55,134,6,131,18,29,109,95,65,32,48,56" hai2="122,17,20,7,121,54,117,74,93,114,100,104,14" hai3="36,13,69,10,22,132,110,89,12,30,106,105,86"/><V71/><F117/><W79/><G110/><T101/><D113/><U67/><E32/><V72/><F104/><W127/><G127/><T129/><D129/><U47/><E109/><V128/><F114/><W81/><G132/><T37/><D116/><U21/><E134/><V87/><F128/><W49/><G36/><T0/><D37/><U24/><E131/><V83/><F71/><W4/><G69/><T16/><D101/><U91/><E6/><V57/><F7/><W135/><G135/><T112/><D112/><U84/><E47/><V64/><F64/><AGARI ba="2,1" hai="18,21,24,29,31,48,55,56,64,65,67,84,91,95" machi="64" ten="40,1300,0" yaku="8,1" doraHai="33" who="1" fromWho="2" sc="136,0,234,29,385,-19,235,0" /><INIT seed="3,0,0,4,2,1" ten="136,263,366,235" oya="3" hai0="58,10,43,126,107,70,80,7,117,94,26,114,38" hai1="88,27,22,39,62,133,112,0,89,71,79,54,97" hai2="78,67,129,35,115,49,134,110,15,6,101,106,14" hai3="102,12,8,131,86,135,55,119,92,16,109,18,128"/><W57/><G119/><T19/><D117/><U122/><E112/><V29/><F115/><W82/><G135/><T9/><D114/><U37/><E122/><V30/><F67/><W25/><G109/><T44/><D70/><U75/><E0/><V73/><F35/><W99/><G25/><T41/><D107/><U48/><E133/><V127/><F106/><W3/><G3/><T4/><D126/><U33/><E33/><V96/><F78/><W113/><G113/><T123/><D123/><U121/><E121/><V5/><F73/><W120/><G120/><T53/><D80/><U111/><E111/><V108/><F110/><W47/><G47/><T74/><D74/><U104/><E62/><V98/><F108/><W124/><G124/><T61/><D41/><U17/><E71/><V91/><F91/><N who="3" m="51671" /><G131/><T13/><D10/><U20/><E22/><V32/><F32/><W52/><G128/><T11/><D11/><U87/><E75/><V76/><F129/><W31/><G31/><T69/><D26/><U100/><E89/><V65/><F76/><W68/><G68/><T59/><D69/><U64/><E64/><V83/><F83/><W24/><G57/><T66/><REACH who="0" step="1"/><D94/><REACH who="0" ten="126,263,366,235" step="2"/><N who="1" m="54559" /><E104/><V90/><F127/><W23/><AGARI ba="0,1" hai="8,12,16,18,23,24,52,55,92,99,102" m="51671" machi="23" ten="30,6000,0" yaku="8,1,54,2" doraHai="1" who="3" fromWho="3" sc="126,-20,263,-20,366,-20,235,70" /><INIT seed="3,1,0,4,1,3" ten="106,243,346,305" oya="3" hai0="113,102,50,73,94,124,41,89,56,21,54,7,39" hai1="23,35,127,71,117,82,72,83,38,8,134,60,106" hai2="131,57,4,1,24,26,128,114,74,122,63,132,14" hai3="93,47,119,86,96,27,52,75,5,30,16,40,37"/><W111/><G119/><T17/><D73/><U36/><E35/><V103/><F114/><W130/><G75/><T68/><D113/><U67/><E106/><V85/><F74/><W104/><G130/><N who="2" m="49705" /><F132/><W115/><G115/><T0/><D68/><U62/><E134/><V129/><F1/><W121/><G121/><T101/><D124/><U109/><E127/><V42/><F122/><W34/><G111/><T31/><D31/><U46/><E109/><V11/><F42/><W78/><G104/><T2/><D2/><U44/><E117/><V81/><F103/><W110/><G110/><T12/><D41/><U51/><E60/><V76/><F129/><W49/><G5/><T59/><D39/><U70/><E71/><V133/><F133/><W20/><G86/><T84/><D0/><U95/><E95/><V112/><F112/><W32/><G78/><T28/><D28/><U13/><E23/><V108/><F108/><W22/><G22/><T126/><D126/><U77/><E46/><V19/><F19/><W18/><G32/><T120/><D120/><U9/><E82/><V92/><F92/><W33/><G34/><T25/><D25/><U15/><E8/><V64/><AGARI ba="1,0" hai="4,11,14,24,26,57,63,64,76,81,85" m="49705" machi="64" ten="30,2000,0" yaku="19,1,52,1" doraHai="3" who="2" fromWho="2" sc="106,-6,243,-6,346,23,305,-11" owari="100,-40.0,237,-16.3,369,46.9,294,9.4" /></mjloggm>