<mjloggm ver="2.3"><GO type="225" lobby="0"/><UN n0="%E5%91%A8%E6%9D%B1" n1="%E4%BF%BA%E3%81%A8%E5%A6%96%E5%A4%A2" n2="%E9%A6%AC%E5%BC%95%E7%81%AB%33" n3="%E3%83%96%E3%83%83%E3%83%91%E3%82%AA%E3%83%96%E3%83%81%E3%82%AD%E3%83%B3" dan="16,16,17,16" rate="2152.42,2113.24,2133.77,2196.62" sx="M,F,M,M"/><TAIKYOKU oya="0"/><INIT seed="0,0,0,3,4,30" ten="250,250,250,250" oya="0" hai0="128,111,64,100,73,83,66,31,9,8,91,90,46" hai1="96,7,122,105,85,16,93,130,22,53,112,101,25" hai2="124,54,114,86,1,34,131,121,110,113,49,57,2" hai3="79,78,17,72,36,45,69,104,62,51,63,41,71"/><T29/><D128/><U99/><E122/><V102/><F121/><W129/><G104/><T60/><D111/><U103/><E130/><V74/><F74/><W127/><G129/><T135/><D135/><U26/><E112/><V89/><F131/><W32/><G127/><T120/><D120/><U35/><E7/><V118/><F110/><W67/><G17/><T70/><D73/><U126/><E126/><V55/><F124/><W117/><G117/><T28/><D83/><U56/><E85/><V108/><F108/><W4/><G4/><T77/><D77/><U39/><E39/><V0/><F118/><W125/><G125/><T13/><D100/><U76/><E76/><V42/><F102/><W47/><G72/><T65/><D46/><U14/><REACH who="1" step="1"/><E35/><REACH who="1" ten="250,240,250,250" step="2"/><V6/><F6/><W98/><G32/><T38/><D38/><U134/><E134/><V92/><F34/><W40/><REACH who="3" step="1"/><G98/><REACH who="3" ten="250,240,250,240" step="2"/><T33/><D33/><U106/><E106/><V123/><F123/><W37/><G37/><T115/><D115/><U109/><E109/><V84/><F114/><W43/><G43/><T24/><D70/><U15/><E15/><V80/><F42/><W59/><G59/><T58/><D24/><U95/><E95/><V75/><F113/><W81/><G81/><T18/><REACH who="0" step="1"/><D8/><REACH who="0" ten="240,240,250,240" step="2"/><U50/><AGARI ba="0,3" hai="14,16,22,25,26,50,53,56,93,96,99,101,103,105" machi="50" ten="20,5200,0" yaku="1,1,0,1,7,1,54,1,53,0" doraHai="30" doraHaiUra="133" who="1" fromWho="1" sc="240,-26,240,82,250,-13,240,-13" /><INIT seed="1,0,0,1,5,124" ten="214,322,237,227" oya="1" hai0="103,11,74,83,90,7,42,19,116,47,39,21,52" hai1="121,127,43,68,113,48,95,9,99,135,89,64,88" hai2="50,119,32,130,132,71,59,28,37,112,98,92,106" hai3="118,14,77,57,44,36,65,25,41,72,80,111,110"/><U81/><E121/><V131/><F119/><W8/><G118/><T93/><D103/><U38/><E113/><V33/><F37/><W115/><G115/><T13/><D116/><U86/><E127/><V134/><F71/><W105/><G105/><T23/><D52/><U5/><E135/><N who="2" m="51755" /><F106/><W91/><G91/><T24/><D23/><U85/><E38/><V75/><F75/><W100/><G100/><T107/><D107/><U101/><E64/><V70/><F70/><W104/><G104/><T2/><D74/><U67/><E67/><V87/><F112/><W61/><REACH who="3" step="1"/><G25/><REACH who="3" ten="214,322,237,217" step="2"/><T133/><D133/><U117/><E117/><V54/><F87/><W34/><G34/><N who="2" m="13417" /><F28/><W94/><G94/><T56/><D83/><U45/><E86/><V97/><F97/><W125/><G125/><T128/><D24/><U79/><REACH who="1" step="1"/><E68/><REACH who="1" ten="214,312,237,217" step="2"/><V62/><F62/><W78/><G78/><T30/><D30/><U12/><AGARI ba="0,2" hai="5,9,12,43,45,48,79,81,85,88,89,95,99,101" machi="12" ten="20,24000,3" yaku="1,1,2,1,0,1,7,1,25,2,8,1,54,1,53,0" doraHai="124" doraHaiUra="63" who="1" fromWho="1" sc="214,-80,312,260,237,-80,217,-80" /><INIT seed="1,1,0,3,5,102" ten="134,572,157,137" oya="1" hai0="26,75,86,7,126,2,48,74,97,18,43,34,124" hai1="134,119,4,89,66,1,95,57,73,30,132,13,65" hai2="109,38,111,91,105,10,84,112,20,42,59,44,94" hai3="47,78,68,17,81,6,51,87,98,22,52,96,70"/><U131/><E119/><V88/><F112/><W49/><G6/><T99/><D2/><U121/><E121/><V129/><F129/><W72/><G72/><N who="0" m="27691" /><D7/><U60/><E131/><V127/><F127/><N who="0" m="48682" /><D86/><U118/><E118/><V108/><F91/><W45/><G70/><T16/><D43/><U77/><E1/><V35/><F35/><W39/><G68/><T62/><D62/><U115/><E115/><V9/><F105/><W107/><G39/><T71/><D48/><U0/><E0/><V106/><F106/><W113/><G107/><T90/><D71/><U56/><E77/><V54/><F20/><W53/><REACH who="3" step="1"/><G113/><REACH who="3" ten="134,572,157,127" step="2"/><T19/><D90/><U76/><E4/><V83/><F94/><W69/><G69/><T79/><D79/><U63/><E76/><V15/><F15/><AGARI ba="1,1" hai="15,17,22,45,47,49,51,52,53,78,81,87,96,98" machi="15" ten="30,8000,1" yaku="1,1,7,1,9,1,8,1,54,1,53,0" doraHai="102" doraHaiUra="130" who="3" fromWho="2" sc="134,0,572,0,157,-83,127,93" /><INIT seed="2,0,0,0,3,115" ten="134,572,74,220" oya="2" hai0="108,31,125,82,25,20,29,93,50,76,57,45,63" hai1="124,18,74,22,129,114,58,92,28,33,128,100,69" hai2="59,103,49,96,127,38,106,83,102,90,8,32,51" hai3="75,97,84,30,21,0,87,91,60,131,15,27,66"/><V17/><F38/><W78/><G131/><N who="1" m="50250" /><E114/><V35/><F127/><W71/><G0/><T95/><D125/><U85/><E124/><V53/><F103/><W37/><G37/><T121/><D31/><U34/><E74/><V110/><F110/><W5/><G75/><T81/><D108/><U105/><E69/><V7/><F17/><W14/><G5/><T62/><D121/><U52/><E28/><V112/><F112/><W88/><G97/><T67/><D63/><N who="1" m="36295" /><E105/><V118/><F118/><W64/><G78/><T109/><D109/><U12/><E100/><V68/><F68/><W122/><G122/><T24/><D24/><U19/><E19/><V77/><F90/><AGARI ba="0,0" hai="12,18,22,33,34,85,90,92" m="36295,50250" machi="90" ten="30,2000,0" yaku="19,1,54,1" doraHai="115" who="1" fromWho="2" sc="134,0,572,20,74,-20,220,0" /><INIT seed="3,0,0,1,0,69" ten="134,592,54,220" oya="3" hai0="77,50,17,21,2,73,42,116,114,111,53,86,135" hai1="61,19,108,130,36,35,89,68,109,15,63,41,40" hai2="46,3,71,76,51,132,28,78,112,120,119,30,113" hai3="105,79,99,122,32,84,104,38,26,62,91,94,13"/><W127/><G13/><T45/><D116/><U80/><E35/><V129/><F71/><W81/><G62/><T93/><D2/><U107/><E107/><N who="3" m="41034" /><G26/><T1/><D1/><U67/><E63/><V75/><F76/><N who="3" m="46119" /><G38/><T31/><D31/><U98/><E36/><V102/><F102/><N who="3" m="60791" /><G32/><T34/><D34/><U128/><E41/><V66/><F78/><W49/><G49/><T9/><D42/><U60/><E60/><V64/><F75/><W12/><G12/><T0/><D73/><U57/><E40/><V110/><F120/><W25/><G25/><T59/><D0/><U18/><E18/><V10/><F10/><W123/><G127/><T22/><D9/><U87/><E68/><V58/><F58/><W121/><G79/><T24/><D77/><U74/><E74/><V90/><F64/><W37/><G37/><T88/><D21/><U72/><E72/><V23/><F51/><W65/><G65/><T47/><D47/><U8/><E98/><V118/><F66/><W82/><G82/><T134/><D59/><U92/><E80/><V48/><F46/><W131/><G131/><AGARI ba="0,0" hai="8,15,19,57,61,67,87,89,92,108,109,128,130,131" machi="131" ten="40,1300,0" yaku="19,1" doraHai="69" who="1" fromWho="3" sc="134,0,592,13,54,0,220,-13" owari="134,-26.6,605,70.5,54,-44.6,207,0.7" /></mjloggm>