<mjloggm ver="2.3"><GO type="225" lobby="0"/><UN n0="%E5%A4%9C%E5%85%89%E5%A4%A9%E6%A5%BC" n1="%E3%82%AF%E3%82%A3%E3%82%A6" n2="%E3%81%82%E3%81%99%E3%81%AA%E3%82%8D%E3%83%A9%E3%82%A4%E3%83%80%E3%83%BC" n3="%E9%BB%99%E8%81%B4%E3%81%AE%E3%81%99%E3%82%9D%E3%82%81" dan="16,16,16,16" rate="2044.23,2055.89,2166.61,2107.94" sx="M,M,M,M"/><TAIKYOKU oya="0"/><INIT seed="0,0,0,1,2,33" ten="250,250,250,250" oya="0" hai0="0,26,45,93,54,53,61,28,52,132,117,1,119" hai1="32,48,49,133,31,97,85,57,10,125,39,127,113" hai2="11,81,79,92,21,90,14,3,7,40,24,124,71" hai3="4,118,110,12,67,43,75,44,66,70,13,107,78"/><T103/><D132/><U95/><E39/><V72/><F124/><N who="1" m="47689" /><E133/><V22/><F71/><W15/><G118/><T114/><D114/><U73/><E73/><V102/><F102/><W5/><G107/><T104/><D104/><U63/><E113/><V56/><F40/><W88/><G110/><T86/><D117/><U116/><E116/><V46/><F46/><W94/><G78/><T99/><D119/><U35/><E85/><V25/><F56/><W37/><G75/><T59/><D45/><U106/><E106/><V134/><F134/><W68/><G68/><T108/><D86/><U105/><E105/><V100/><F100/><W121/><G121/><T65/><REACH who="0" step="1"/><D108/><REACH who="0" ten="240,250,250,250" step="2"/><U122/><E122/><V16/><REACH who="2" step="1"/><F22/><AGARI ba="0,1" hai="0,1,22,26,28,52,53,54,59,61,65,93,99,103" machi="22" ten="40,24000,3" yaku="1,1,2,1,25,2,52,2,54,1,53,1" doraHai="33" doraHaiUra="27" who="0" fromWho="2" sc="240,250,250,0,250,-240,250,0" /><INIT seed="0,1,0,3,3,41" ten="490,250,10,250" oya="0" hai0="68,50,93,8,115,97,79,111,98,16,134,20,96" hai1="133,80,56,29,15,107,85,75,72,77,5,63,18" hai2="17,45,33,35,123,1,131,99,92,74,38,100,86" hai3="113,87,95,19,4,34,132,90,25,60,32,51,43"/><T110/><D115/><U70/><E107/><V49/><F123/><W7/><G113/><T118/><D118/><U24/><E133/><V62/><F74/><W36/><G36/><T114/><D114/><U9/><E70/><V27/><F131/><W44/><G132/><T52/><D134/><U117/><E117/><V26/><F38/><W59/><G32/><T120/><D68/><U3/><E56/><V42/><F1/><W129/><G129/><T125/><D120/><U135/><E63/><V55/><F86/><W101/><G101/><T119/><D119/><U11/><REACH who="1" step="1"/><E135/><REACH who="1" ten="490,240,10,250" step="2"/><V73/><F73/><W124/><G124/><T28/><D125/><U88/><E88/><V121/><F121/><W112/><G112/><T67/><D79/><U22/><AGARI ba="1,1" hai="3,5,9,11,15,18,22,24,29,72,75,77,80,85" machi="22" ten="20,2700,0" yaku="1,1,0,1,7,1,53,0" doraHai="41" doraHaiUra="126" who="1" fromWho="1" sc="490,-14,240,40,10,-8,250,-8" /><INIT seed="1,0,0,4,5,38" ten="476,280,2,242" oya="1" hai0="109,53,94,11,2,3,17,115,88,133,86,97,93" hai1="82,54,108,62,96,104,66,106,27,14,43,79,130" hai2="127,77,69,37,89,51,52,123,36,99,128,48,35" hai3="24,44,87,107,10,4,135,105,101,70,68,134,45"/><U76/><E130/><V15/><F123/><W103/><G87/><T13/><D115/><U75/><E54/><V65/><F35/><W60/><G24/><T84/><D109/><U91/><E108/><V118/><F77/><W80/><G80/><T8/><D133/><U42/><E79/><V113/><F118/><W73/><G60/><T30/><D30/><U119/><E119/><V124/><F113/><W129/><G10/><T19/><D53/><U100/><E104/><V33/><F33/><W18/><G18/><T22/><D11/><U31/><E14/><V7/><F128/><W23/><G23/><T56/><D56/><U110/><E110/><V111/><F111/><W125/><G4/><T50/><D50/><U74/><E74/><V114/><F114/><W29/><G29/><T90/><D97/><U0/><E0/><V5/><F51/><W92/><G92/><T78/><D78/><U122/><E122/><V95/><F65/><W63/><G63/><T21/><D21/><U126/><E126/><N who="2" m="48171" /><F69/><W71/><G71/><T46/><D46/><U59/><REACH who="1" step="1"/><E91/><REACH who="1" ten="476,270,2,242" step="2"/><V61/><F61/><W6/><G125/><T116/><D116/><U120/><E120/><V16/><F7/><W34/><G6/><T25/><AGARI ba="0,1" hai="2,3,8,13,17,19,22,25,84,86,88,90,93,94" machi="25" ten="20,5200,0" yaku="0,1,7,1,9,1,54,1" doraHai="38" who="0" fromWho="0" sc="476,62,270,-26,2,-13,242,-13" owari="538,63.8,244,4.4,-11,-51.1,229,-17.1" /></mjloggm>