<mjloggm ver="2.3"><GO type="225" lobby="0"/><UN n0="%E3%81%99%E3%81%84%E3%81%BE%E3%81%9B%E3%83%BC%E3%82%93" n1="%E9%B7%B9%E5%80%89%E6%9D%8F%E9%88%B4" n2="%4C%4F%4C%49%54%41" n3="%E6%81%A5%E6%99%92%E3%81%97" dan="18,16,16,16" rate="2239.74,2153.43,2090.85,2147.19" sx="M,F,F,M"/><TAIKYOKU oya="0"/><INIT seed="0,0,0,0,5,3" ten="250,250,250,250" oya="0" hai0="20,111,14,63,21,34,134,47,81,71,80,89,6" hai1="95,44,128,101,74,90,86,114,67,28,83,117,29" hai2="87,49,48,13,2,135,133,64,24,77,79,4,62" hai3="93,60,96,31,75,78,102,120,73,51,121,42,11"/><T59/><D34/><U116/><E128/><V124/><F2/><W129/><G129/><T1/><D71/><U76/><E114/><V82/><F124/><W105/><G31/><T72/><D134/><N who="2" m="51210" /><F79/><W65/><G93/><T56/><D1/><U27/><E67/><V100/><F100/><W103/><G103/><T132/><D132/><U50/><E101/><V130/><F130/><W33/><G33/><T119/><D119/><U46/><E46/><V104/><F24/><W127/><G127/><T55/><D111/><U88/><E90/><V94/><F94/><W7/><G51/><T12/><D72/><U37/><E37/><V32/><F104/><W61/><G61/><N who="0" m="35999" /><D47/><U30/><REACH who="1" step="1"/><E27/><REACH who="1" ten="250,240,250,250" step="2"/><V131/><F131/><W115/><G115/><T22/><D89/><U45/><E45/><V112/><F112/><W68/><G42/><AGARI ba="0,1" hai="28,29,30,42,44,50,74,76,83,86,88,95,116,117" machi="42" ten="40,5200,0" yaku="1,1,54,1,53,1" doraHai="3" doraHaiUra="43" who="1" fromWho="3" sc="250,0,240,62,250,0,250,-52" /><INIT seed="1,0,0,3,5,64" ten="250,302,250,198" oya="1" hai0="113,90,132,58,25,121,11,110,127,94,75,86,41" hai1="82,135,83,47,108,29,124,67,1,81,123,61,97" hai2="115,112,28,50,100,19,4,42,5,126,103,9,57" hai3="87,36,23,68,52,12,17,18,38,8,27,98,14"/><U99/><E123/><V35/><F126/><W79/><G98/><T44/><D113/><N who="2" m="43594" /><F19/><W107/><G107/><T55/><D127/><U69/><E124/><V3/><F5/><W84/><G38/><T56/><D75/><U2/><E29/><V32/><F42/><W120/><G120/><T129/><D121/><U134/><E108/><V130/><F130/><W59/><G36/><T114/><D114/><U131/><E131/><V128/><F128/><W31/><G79/><T92/><D110/><U111/><E111/><V46/><F57/><W89/><G89/><T96/><D56/><U77/><E47/><V72/><F72/><W48/><REACH who="3" step="1"/><G68/><REACH who="3" ten="250,302,250,188" step="2"/><T60/><D129/><U74/><E99/><V71/><F71/><W45/><G45/><T21/><D44/><U7/><E97/><V104/><F104/><W116/><G116/><T105/><D105/><U16/><E77/><V125/><F125/><W54/><G54/><T15/><D55/><U33/><E69/><V10/><F46/><W66/><G66/><T30/><D41/><U34/><E67/><V119/><F119/><W93/><G93/><T6/><D94/><U70/><E70/><V73/><F103/><W76/><G76/><T40/><D40/><U43/><E43/><V102/><F100/><W22/><AGARI ba="0,1" hai="8,12,14,17,18,22,23,27,31,48,52,59,84,87" machi="22" ten="20,8000,1" yaku="1,1,0,1,7,1,8,1,54,1,53,0" doraHai="64" doraHaiUra="91" who="3" fromWho="3" sc="250,-20,302,-40,250,-20,188,90" /><INIT seed="2,0,0,3,1,105" ten="230,262,230,278" oya="2" hai0="36,73,59,34,19,22,2,120,13,51,82,116,124" hai1="21,46,18,119,3,94,128,20,44,64,81,61,107" hai2="41,109,96,54,52,4,125,35,131,12,78,10,14" hai3="126,86,47,89,71,28,27,33,29,80,32,111,92"/><V69/><F35/><W88/><G111/><T110/><D120/><U40/><E107/><V68/><F41/><W5/><G126/><T66/><D34/><U103/><E3/><V115/><F115/><W132/><G132/><T106/><D106/><U63/><E119/><V16/><F125/><W113/><G113/><T48/><D36/><U133/><E128/><V127/><F127/><W77/><G71/><T98/><D2/><U56/><E21/><V74/><F131/><W118/><G118/><T129/><D129/><U55/><E40/><V91/><F109/><W101/><G5/><T53/><D110/><U83/><E46/><V135/><F135/><W112/><G112/><T65/><D116/><U121/><E121/><V25/><F25/><W117/><G117/><T76/><D124/><U99/><E133/><V38/><F38/><W79/><G101/><T70/><D70/><U7/><E7/><V114/><F114/><W62/><G47/><T11/><D98/><U8/><E8/><N who="2" m="4103" /><F74/><W43/><G62/><T67/><REACH who="0" step="1"/><D11/><REACH who="0" ten="220,262,230,278" step="2"/><U42/><E42/><V39/><F39/><W100/><G43/><T24/><D24/><U108/><E108/><V58/><F69/><W90/><G32/><T9/><D9/><U122/><E122/><V75/><F68/><W60/><G27/><T72/><D72/><U134/><E134/><V130/><F130/><W97/><G33/><T93/><D93/><U84/><E99/><V123/><F123/><W85/><G97/><T50/><AGARI ba="0,1" hai="13,19,22,48,50,51,53,59,65,66,67,73,76,82" machi="50" ten="30,12000,2" yaku="1,1,0,1,52,1,53,3" doraHai="105" doraHaiUra="45" who="0" fromWho="0" sc="220,130,262,-30,230,-60,278,-30" /><INIT seed="3,0,0,0,4,39" ten="350,232,170,248" oya="3" hai0="15,54,129,12,61,24,72,63,58,8,111,59,120" hai1="113,114,103,45,33,106,50,74,104,125,85,84,65" hai2="35,75,4,48,78,47,17,41,22,112,94,27,93" hai3="29,97,64,91,67,118,135,52,128,131,83,25,77"/><W62/><G118/><T101/><D72/><U23/><E33/><V2/><F112/><W70/><G135/><T57/><D120/><U109/><E74/><V7/><F35/><W53/><G67/><T68/><D68/><U134/><E65/><V28/><F75/><W121/><G77/><T117/><D117/><U92/><E109/><V56/><F78/><W76/><G76/><T13/><D111/><U9/><E9/><V30/><F2/><W73/><G73/><T36/><D36/><U40/><E23/><V38/><F38/><W42/><G42/><T6/><D129/><U60/><E60/><N who="0" m="23113" /><D101/><U108/><E125/><V100/><F56/><N who="0" m="21610" /><D24/><U130/><E130/><V110/><F110/><W11/><G121/><T82/><D82/><U116/><E116/><V49/><F49/><AGARI ba="0,0" hai="6,8,12,13,15,49,54,59" m="21610,23113" machi="49" ten="30,1000,0" yaku="8,1" doraHai="39" who="0" fromWho="2" sc="350,10,232,0,170,-10,248,0" owari="360,46.0,232,-16.8,160,-34.0,248,4.8" /></mjloggm>