<mjloggm ver="2.3"><GO type="225" lobby="0"/><UN n0="%E5%B6%BA%E4%B8%8A%E5%92%B2" n1="%E6%81%AC%E6%B7%A1%E5%AF%82%E5%AF%9E" n2="%E3%83%96%E3%83%83%E3%83%91%E3%82%AA%E3%83%96%E3%83%81%E3%82%AD%E3%83%B3" n3="%E3%81%8B%E3%82%8F%E3%81%A1%E3%82%83%E3%82%93%35%38" dan="16,16,17,16" rate="2135.23,2129.57,2192.02,2183.38" sx="F,F,M,M"/><TAIKYOKU oya="0"/><INIT seed="0,0,0,5,3,108" ten="250,250,250,250" oya="0" hai0="32,105,5,80,38,120,74,43,72,31,79,116,19" hai1="56,50,64,130,2,98,93,68,62,60,128,37,21" hai2="109,49,0,71,12,39,131,35,27,30,121,55,129" hai3="73,4,110,36,85,134,84,59,82,112,28,22,26"/><T48/><D116/><U45/><E2/><V81/><F121/><W6/><G36/><T51/><D120/><U127/><E21/><V100/><F109/><W119/><G110/><T103/><D5/><U33/><E33/><V124/><F0/><W75/><G119/><T95/><D19/><U97/><E93/><V86/><F124/><W40/><G134/><T3/><D95/><U89/><E89/><V69/><F39/><W92/><G40/><T16/><D3/><U99/><E127/><V125/><F100/><W115/><G92/><T20/><D72/><U42/><E62/><V29/><F29/><W106/><G106/><T118/><D118/><U133/><E133/><V61/><F125/><W117/><G117/><T102/><D38/><U14/><E14/><V83/><F12/><W77/><G59/><T1/><D1/><U114/><E114/><V87/><F61/><W113/><REACH who="3" step="1"/><G84/><REACH who="3" ten="250,250,250,240" step="2"/><N who="0" m="48159" /><D105/><U67/><E67/><V70/><F87/><W90/><G90/><T23/><D43/><U91/><E91/><V123/><F123/><W13/><G13/><N who="0" m="9231" /><D74/><AGARI ba="0,1" hai="4,6,22,26,28,73,74,75,77,82,85,112,113,115" machi="74" ten="50,12000,2" yaku="1,1,52,3,53,3" doraHai="108" doraHaiUra="107" who="3" fromWho="0" sc="250,-120,250,0,250,0,240,130" /><INIT seed="1,0,0,0,1,19" ten="130,250,250,370" oya="1" hai0="120,78,52,29,25,70,87,82,127,47,21,26,101" hai1="0,119,130,93,16,90,121,53,83,39,11,51,6" hai2="4,31,118,98,20,95,64,41,114,54,37,124,126" hai3="105,44,81,132,125,91,14,68,71,84,85,17,9"/><U112/><E39/><V18/><F118/><W108/><G105/><T32/><D70/><U92/><E119/><V115/><F64/><W61/><G108/><T96/><D127/><N who="2" m="48682" /><F4/><W72/><G72/><T22/><D120/><U80/><E112/><N who="2" m="43051" /><F54/><W15/><G125/><T36/><D36/><U110/><E130/><V131/><F131/><W23/><G132/><T12/><D12/><U86/><E121/><V69/><F69/><W35/><G35/><T38/><D38/><U33/><E33/><V79/><F79/><W55/><G85/><T56/><D47/><U3/><E3/><V123/><F123/><W62/><G71/><T133/><D133/><U122/><E122/><V104/><F104/><W128/><G68/><T116/><D116/><U24/><E110/><V30/><F41/><W2/><G2/><T48/><REACH who="0" step="1"/><D26/><REACH who="0" ten="120,250,250,370" step="2"/><U94/><E24/><N who="2" m="14359" /><F37/><W57/><G44/><T76/><D76/><U74/><E0/><V67/><F67/><W50/><G128/><T117/><D117/><U27/><E27/><V5/><F5/><AGARI ba="0,1" hai="5,9,14,15,17,23,50,55,57,61,62,81,84,91" machi="5" ten="30,3900,0" yaku="7,1,8,1,52,1" doraHai="19" who="3" fromWho="2" sc="120,0,250,0,250,-39,370,49" /><INIT seed="2,0,0,5,5,76" ten="120,250,211,419" oya="2" hai0="26,62,44,5,54,11,108,86,23,132,29,99,122" hai1="30,40,50,35,130,48,78,69,110,60,13,121,114" hai2="1,12,113,85,36,80,39,7,71,59,18,117,4" hai3="41,106,125,95,15,27,79,98,111,102,52,47,104"/><V73/><F113/><W82/><G111/><T19/><D122/><U58/><E110/><V93/><F117/><W0/><G0/><T32/><D108/><U68/><E35/><V131/><F71/><W83/><G125/><T20/><D132/><U21/><E78/><V77/><F131/><W90/><G52/><T107/><D107/><U133/><E30/><V64/><F1/><W134/><G134/><T105/><D105/><U91/><E13/><V109/><F109/><W72/><G15/><T34/><D99/><U42/><E21/><V43/><F43/><N who="1" m="16425" /><E91/><V94/><F39/><W3/><G3/><T123/><D123/><U129/><E133/><V92/><F36/><W74/><G27/><T55/><D86/><U112/><E121/><V89/><F73/><N who="3" m="43375" /><G47/><T46/><D46/><U124/><E124/><V63/><REACH who="2" step="1"/><F77/><REACH who="2" ten="120,250,201,419" step="2"/><N who="3" m="44455" /><G74/><T22/><D34/><U135/><E135/><V9/><AGARI ba="0,1" hai="4,7,9,12,18,59,63,64,80,85,89,92,93,94" machi="9" ten="30,11700,0" yaku="1,1,0,1,8,1,52,1,53,0" doraHai="76" doraHaiUra="120" who="2" fromWho="2" sc="120,-39,250,-39,201,127,419,-39" /><INIT seed="2,1,0,5,1,129" ten="81,211,328,380" oya="2" hai0="30,116,46,123,102,115,53,130,26,6,95,37,31" hai1="122,39,35,63,105,114,56,110,97,25,45,40,88" hai2="75,111,2,82,62,78,23,60,79,112,41,135,5" hai3="10,89,107,69,27,20,24,52,59,73,117,48,118"/><V109/><F112/><W66/><G73/><T12/><D115/><U76/><E114/><V16/><F79/><W68/><G107/><T94/><D123/><U113/><E113/><V54/><F41/><W4/><G24/><T87/><D130/><U22/><E35/><V32/><F32/><W83/><G83/><T92/><D116/><U58/><E110/><N who="2" m="41995" /><F54/><W7/><G7/><T67/><D67/><U131/><E76/><V36/><F36/><W18/><G89/><T42/><D53/><U49/><E88/><V119/><F119/><W0/><G69/><T132/><D132/><U104/><E122/><V57/><F57/><W34/><G34/><T81/><D102/><U99/><E58/><V43/><F43/><W127/><G127/><T65/><D65/><U93/><E56/><V84/><F75/><W90/><REACH who="3" step="1"/><G90/><REACH who="3" ten="81,211,328,370" step="2"/><T29/><D6/><U13/><E131/><V106/><F106/><W96/><G96/><T121/><D121/><U15/><E99/><V77/><F77/><W85/><G85/><T126/><D126/><U47/><E97/><V80/><F80/><W101/><G101/><T21/><REACH who="0" step="1"/><D12/><REACH who="0" ten="71,211,328,370" step="2"/><U71/><E13/><N who="2" m="9615" /><F135/><W134/><G134/><T8/><D8/><AGARI ba="1,2" hai="2,5,8,60,62,78,82,84" m="9615,41995" machi="8" ten="30,5800,0" yaku="14,1,10,1,54,1" doraHai="129" who="2" fromWho="0" sc="71,-61,211,0,328,81,370,0" /><INIT seed="2,2,0,3,0,37" ten="10,211,409,370" oya="2" hai0="17,9,0,74,104,112,60,109,129,85,73,51,75" hai1="68,2,115,61,59,58,94,36,134,55,131,91,122" hai2="62,49,135,119,117,96,90,71,40,39,4,118,126" hai3="5,99,121,123,21,32,31,77,110,50,53,64,54"/><V22/><F126/><W81/><G32/><T29/><D29/><U12/><E2/><V34/><F34/><W30/><G121/><T125/><D17/><U14/><E68/><V43/><F4/><W103/><G123/><T84/><D9/><U101/><E101/><V72/><F72/><W105/><G110/><T82/><D51/><U114/><E36/><V102/><F135/><W83/><G64/><T113/><D60/><U111/><E111/><V18/><F39/><W127/><G127/><T89/><D0/><U46/><E46/><V80/><F49/><W124/><G124/><T86/><D125/><U57/><E134/><V93/><F80/><W16/><G5/><T19/><D19/><U26/><E131/><V69/><F102/><W116/><G83/><T24/><D24/><U100/><E26/><V130/><F130/><W13/><G116/><T132/><D129/><U23/><E100/><V79/><F79/><W63/><G63/><T66/><D66/><U108/><E108/><V7/><F7/><W10/><G10/><T78/><D109/><U98/><E115/><V87/><F96/><W47/><REACH who="3" step="1"/><G53/><REACH who="3" ten="10,211,409,360" step="2"/><T106/><D132/><U120/><E55/><V76/><F76/><W1/><G1/><T48/><D48/><U15/><E61/><V20/><F20/><W33/><G33/><T28/><D28/><U11/><E23/><V133/><F133/><W92/><G92/><T67/><D67/><U44/><E11/><V97/><F97/><W56/><G56/><N who="1" m="14338" /><U70/><DORA hai="25" /><E122/><V35/><F35/><W42/><G42/><N who="2" m="15913" /><F62/><W45/><G45/><RYUUKYOKU ba="2,1" sc="10,-15,211,-15,409,15,360,15" hai2="18,22,69,71,87,90,93,117,118,119" hai3="13,16,21,30,31,47,50,54,77,81,99,103,105" owari="-5,-50.5,196,-20.4,434,53.4,375,17.5" /></mjloggm>