<mjloggm ver="2.3"><GO type="225" lobby="0"/><UN n0="%E5%B0%8F%E9%B3%A5%E9%81%8A%E7%B7%B4%E7%84%A1%32%31%E6%AD%B3" n1="%E6%98%BC%E4%B8%8B%E3%81%8C%E3%82%8A%E3%81%AE%E5%9B%A3%E5%9C%B0%E5%A6%BB" n2="%E6%B4%BE%E9%81%A3%E3%81%AE%E3%82%B8%E3%83%A3%E3%83%83%E3%82%AF" n3="%E6%9C%88%E5%B3%B6%E5%9F%BA" dan="16,16,17,17" rate="2183.43,2150.97,2195.30,2187.80" sx="F,F,M,M"/><TAIKYOKU oya="0"/><INIT seed="0,0,0,1,4,33" ten="250,250,250,250" oya="0" hai0="86,126,67,74,54,45,19,48,131,25,123,40,117" hai1="29,10,93,13,44,124,26,109,53,105,27,6,115" hai2="125,82,78,133,101,98,89,102,2,41,70,30,31" hai3="46,5,79,24,128,55,110,20,75,92,11,121,62"/><T52/><D74/><U95/><E109/><V87/><F70/><W108/><G128/><T129/><D123/><U97/><E124/><V66/><F125/><W39/><G121/><T107/><D107/><U103/><E115/><V1/><F66/><W58/><G92/><T77/><D117/><U91/><E29/><V64/><F64/><W3/><G20/><N who="0" m="13471" /><D126/><U114/><E114/><V100/><F41/><N who="3" m="22847" /><G24/><T18/><D18/><U111/><E111/><V88/><F133/><W16/><G16/><T130/><D67/><U72/><E72/><V119/><F119/><W8/><G8/><T132/><D132/><U49/><REACH who="1" step="1"/><E105/><REACH who="1" ten="250,240,250,250" step="2"/><V94/><REACH who="2" step="1"/><F78/><REACH who="2" ten="250,240,240,250" step="2"/><W112/><G112/><T81/><AGARI ba="0,2" hai="40,45,48,52,54,77,81,86,129,130,131" m="13471" machi="81" ten="40,3900,0" yaku="19,1,54,1" doraHai="33" who="0" fromWho="0" sc="250,59,240,-13,240,-13,250,-13" /><INIT seed="0,1,0,1,3,77" ten="309,227,227,237" oya="0" hai0="108,39,34,129,6,71,54,7,20,116,5,13,19" hai1="23,38,90,117,93,68,114,25,17,8,128,48,22" hai2="59,91,105,47,46,126,83,51,119,31,70,81,16" hai3="65,60,41,111,9,66,64,63,2,100,58,95,87"/><T96/><D71/><U44/><E117/><V94/><F105/><W12/><G111/><T86/><D39/><U1/><E68/><V0/><F0/><W45/><G2/><T61/><D116/><U82/><E128/><V103/><F70/><W106/><G106/><T121/><D121/><U130/><E130/><V118/><F31/><W11/><G11/><T89/><D34/><U97/><E38/><V80/><F126/><W98/><G87/><T35/><D35/><U115/><E23/><V33/><F103/><W101/><G101/><T36/><D36/><U50/><E82/><V24/><F118/><W62/><G45/><T37/><D37/><U79/><E79/><V76/><F76/><W55/><REACH who="3" step="1"/><G41/><REACH who="3" ten="309,227,227,227" step="2"/><T88/><D129/><U40/><E1/><V28/><F119/><W124/><G124/><T99/><D108/><U113/><E8/><V43/><F47/><W30/><G30/><T67/><D54/><U26/><E40/><V73/><F73/><W120/><G120/><T133/><D86/><U110/><E110/><V85/><REACH who="2" step="1"/><F16/><AGARI ba="1,1" hai="9,12,16,55,58,60,62,63,64,65,66,95,98,100" machi="16" ten="40,5200,0" yaku="1,1,8,1,54,1,53,0" doraHai="77" doraHaiUra="104" who="3" fromWho="2" sc="309,0,227,0,227,-55,227,65" /><INIT seed="1,0,0,2,1,26" ten="309,227,172,292" oya="1" hai0="11,3,69,14,110,83,28,73,134,17,7,87,42" hai1="75,4,49,64,21,0,101,20,50,52,40,122,126" hai2="114,102,34,62,41,54,127,90,124,115,131,9,92" hai3="47,15,25,125,97,81,5,123,129,67,80,65,60"/><U96/><E122/><V27/><F41/><W93/><G123/><T105/><D105/><U58/><E75/><V109/><F9/><N who="3" m="4527" /><G129/><T91/><D69/><U1/><E126/><N who="2" m="48171" /><F102/><N who="3" m="60719" /><G125/><T74/><D110/><U84/><E64/><N who="3" m="24650" /><G60/><T135/><D42/><U43/><E43/><V19/><F109/><W113/><G113/><N who="2" m="43017" /><F131/><W16/><G47/><T23/><D74/><U10/><E0/><V37/><F37/><W76/><G76/><T13/><D73/><U36/><E36/><V116/><F116/><W30/><G30/><T6/><D6/><U39/><E39/><V118/><F118/><W61/><G61/><T22/><REACH who="0" step="1"/><D28/><REACH who="0" ten="299,227,172,292" step="2"/><U8/><E40/><V77/><F77/><W45/><G45/><T111/><D111/><U120/><E120/><V133/><F133/><W44/><G44/><T79/><D79/><U48/><E4/><V121/><F121/><W35/><G35/><T128/><D128/><U132/><E132/><V53/><F34/><W24/><G16/><AGARI ba="0,1" hai="3,7,11,13,14,16,17,22,23,83,87,91,134,135" machi="16" ten="40,5200,0" yaku="1,1,9,1,54,1,53,0" doraHai="26" doraHaiUra="112" who="0" fromWho="3" sc="299,62,227,0,172,0,292,-52" /><INIT seed="2,0,0,2,3,132" ten="361,227,172,240" oya="2" hai0="126,57,42,21,9,120,129,48,122,63,83,27,15" hai1="44,43,84,118,26,29,85,89,77,87,117,58,41" hai2="45,68,76,128,71,106,5,79,131,75,127,62,67" hai3="50,81,33,25,116,1,114,19,134,0,100,6,66"/><V35/><F35/><W12/><G116/><T56/><D129/><N who="2" m="49738" /><F106/><W115/><G134/><T86/><D126/><U37/><E43/><V64/><F5/><W24/><G66/><N who="2" m="25129" /><F45/><W11/><G100/><T7/><D122/><U105/><E105/><V99/><F99/><W95/><G95/><T49/><D120/><U110/><E110/><V112/><F112/><N who="3" m="43051" /><G81/><T10/><D10/><U32/><E117/><V31/><F31/><N who="3" m="19687" /><G50/><T93/><D48/><U8/><E118/><V113/><F113/><W60/><G60/><T72/><D49/><U39/><E39/><V17/><F17/><W46/><G46/><T14/><D63/><U47/><E47/><V65/><F71/><W98/><G98/><T20/><D42/><U109/><E109/><V135/><F135/><W13/><G25/><T55/><D27/><U16/><E41/><V40/><F40/><W54/><G54/><T119/><D55/><U73/><E37/><V23/><F23/><AGARI ba="0,0" hai="0,1,6,11,12,13,19,23" m="19687,43051" machi="23" ten="30,3900,0" yaku="11,1,34,2" doraHai="132" who="3" fromWho="2" sc="361,0,227,0,172,-39,240,39" /><INIT seed="3,0,0,0,1,25" ten="361,227,133,279" oya="3" hai0="51,85,4,107,52,19,66,2,21,20,13,26,87" hai1="12,47,117,55,80,8,126,18,56,101,93,92,60" hai2="45,104,76,100,53,88,106,129,103,7,0,46,32" hai3="115,116,72,69,48,59,3,97,1,79,130,131,124"/><W67/><G115/><T83/><D107/><U42/><E126/><V15/><F76/><W95/><G116/><T108/><D108/><U134/><E134/><V54/><F0/><W96/><G124/><T39/><D39/><U133/><E133/><V23/><F32/><W121/><G121/><T91/><D66/><U73/><E117/><V58/><F129/><N who="3" m="49163" /><G69/><T74/><D74/><U71/><E71/><V11/><F23/><W127/><G127/><T5/><D87/><U68/><E68/><V37/><F37/><W84/><G72/><T65/><D65/><U24/><E101/><V135/><F135/><W9/><G9/><T14/><D14/><U113/><E113/><V61/><F11/><W70/><G70/><T82/><D82/><U49/><E73/><V35/><F35/><W50/><G97/><T34/><D34/><U63/><E63/><V77/><F77/><W112/><G112/><T6/><D2/><U98/><E98/><V109/><F109/><W10/><G10/><N who="0" m="6583" /><D26/><U75/><E24/><V81/><F15/><W94/><G94/><T16/><D20/><U57/><E75/><V36/><F7/><W31/><G84/><T119/><D4/><U62/><E80/><V120/><F120/><W111/><G111/><T102/><D119/><U105/><E105/><N who="2" m="40555" /><F36/><W114/><G3/><T17/><D5/><U28/><E8/><V64/><F64/><W123/><G67/><T33/><D6/><U99/><E12/><V125/><F125/><W40/><G1/><T44/><D33/><U122/><E122/><V89/><F81/><W38/><G123/><RYUUKYOKU ba="0,0" sc="361,0,227,0,133,0,279,0" owari="361,46.1,227,-17.3,133,-36.7,279,7.9" /></mjloggm>