<mjloggm ver="2.3"><GO type="225" lobby="0"/><UN n0="%30%2E%31%32%30" n1="%E5%8D%A0%E3%81%84%E5%B8%AB%E8%A3%8F%E3%81%AA%E3%81%84%E3%81%97" n2="%E6%B7%91%E5%A5%B3%E3%81%AE%E5%97%9C%E3%81%BF" n3="%E6%B4%BE%E9%81%A3%E3%81%AE%E3%82%B8%E3%83%A3%E3%83%83%E3%82%AF" dan="16,17,16,17" rate="2113.85,2148.14,2084.72,2195.47" sx="M,M,M,M"/><TAIKYOKU oya="0"/><INIT seed="0,0,0,2,1,37" ten="250,250,250,250" oya="0" hai0="30,46,58,129,42,38,32,66,127,86,8,53,25" hai1="119,0,113,81,101,28,89,120,112,49,60,125,115" hai2="10,83,67,27,78,36,106,77,76,134,35,111,110" hai3="65,47,16,20,118,94,123,43,96,24,88,51,59"/><T92/><D129/><U75/><E0/><V108/><F106/><W103/><G118/><T69/><D127/><U14/><E119/><V19/><F134/><W79/><G123/><T124/><D124/><U57/><E125/><V29/><F67/><W87/><G79/><T23/><D8/><U9/><E120/><V95/><F36/><W73/><G73/><T133/><D133/><U114/><E101/><V12/><REACH who="2" step="1"/><F95/><REACH who="2" ten="250,250,240,250" step="2"/><N who="3" m="54687" /><G59/><T93/><D66/><AGARI ba="0,1" hai="16,20,24,43,47,51,65,66,94,96,103" m="54687" machi="66" ten="30,7700,0" yaku="8,1,52,1,54,2" doraHai="37" who="3" fromWho="0" sc="250,-77,250,0,240,0,250,87" /><INIT seed="1,0,0,0,1,91" ten="173,250,240,337" oya="1" hai0="104,133,117,61,125,12,53,126,72,17,11,9,134" hai1="84,100,114,37,92,94,75,99,119,50,40,85,56" hai2="111,122,39,36,78,27,58,34,41,77,22,124,8" hai3="89,108,43,21,88,25,31,106,74,130,1,55,42"/><U107/><E37/><V81/><F122/><W90/><G106/><T115/><D72/><U0/><E0/><V105/><F105/><W33/><G74/><T4/><D104/><U3/><E3/><V97/><F34/><W54/><G1/><N who="0" m="143" /><D53/><U69/><E69/><V123/><F123/><W95/><G108/><T6/><D61/><U79/><E40/><N who="3" m="15402" /><G130/><T112/><D117/><U73/><E50/><V71/><F71/><W63/><G33/><T29/><D29/><U83/><E56/><V13/><F124/><N who="0" m="47722" /><D6/><U121/><E121/><V2/><F41/><W19/><G31/><T45/><D45/><U82/><E119/><V49/><F58/><N who="3" m="35287" /><G55/><T52/><D52/><U132/><E114/><AGARI ba="0,0" hai="11,12,17,112,114,115,133,134" m="47722,143" machi="114" ten="30,3900,0" yaku="18,1,34,2" doraHai="91" who="0" fromWho="1" sc="173,39,250,-39,240,0,337,0" /><INIT seed="2,0,0,1,0,30" ten="212,211,240,337" oya="2" hai0="66,9,23,117,57,28,98,53,10,86,12,112,109" hai1="88,106,76,74,32,84,77,78,17,41,92,85,34" hai2="68,134,124,133,132,19,70,11,100,131,0,73,87" hai3="48,118,128,103,44,37,122,64,67,15,107,1,52"/><V99/><F73/><W33/><G122/><T39/><D39/><U27/><E74/><V59/><F131/><W13/><G1/><T71/><D117/><U18/><E106/><V90/><F124/><W62/><G33/><T49/><D112/><U72/><E72/><V21/><F59/><W36/><G118/><T83/><D109/><U81/><E41/><V20/><F0/><W46/><G128/><T56/><D71/><N who="2" m="27178" /><F11/><W113/><G113/><T26/><D98/><U91/><REACH who="1" step="1"/><E27/><REACH who="1" ten="212,201,240,337" step="2"/><V135/><F135/><W45/><G107/><T31/><D31/><U14/><E14/><V65/><F133/><W60/><G13/><T61/><REACH who="0" step="1"/><D12/><REACH who="0" ten="202,201,240,337" step="2"/><U82/><E82/><V97/><F134/><W4/><G15/><T114/><D114/><U115/><E115/><V102/><F132/><W75/><G36/><T119/><D119/><U22/><E22/><V121/><F21/><W54/><G37/><T16/><D16/><AGARI ba="0,2" hai="16,17,18,32,34,76,77,78,81,84,85,88,91,92" machi="16" ten="40,8000,1" yaku="1,1,52,2,54,2,53,0" doraHai="30" doraHaiUra="63" who="1" fromWho="0" sc="202,-80,201,100,240,0,337,0" /><INIT seed="3,0,0,4,4,8" ten="122,301,240,337" oya="3" hai0="1,125,67,12,36,129,120,24,132,43,16,14,104" hai1="89,77,108,74,135,69,96,49,50,59,65,76,126" hai2="0,73,131,3,66,15,46,102,11,52,109,10,20" hai3="32,79,88,86,113,35,91,117,64,17,112,115,37"/><W106/><G117/><T105/><D120/><U53/><E108/><V85/><F73/><W38/><G106/><N who="0" m="41067" /><D67/><U78/><E74/><V48/><F109/><W118/><G64/><T34/><D43/><U90/><E135/><V70/><F131/><W44/><G118/><T22/><D129/><U60/><E126/><V110/><F102/><W87/><G17/><T28/><D36/><N who="3" m="13929" /><G79/><T56/><D56/><U62/><E96/><V100/><F100/><W63/><G63/><T114/><D16/><U25/><E25/><V55/><F110/><W7/><G7/><T26/><D132/><U2/><E2/><V61/><F85/><N who="3" m="32267" /><G44/><T127/><D1/><U39/><E39/><V133/><F133/><W80/><G80/><T123/><D28/><U13/><E49/><V124/><F48/><W27/><G27/><N who="0" m="10283" /><D22/><U71/><E71/><V5/><F20/><W128/><G128/><T29/><D29/><U94/><E94/><V82/><F3/><W130/><G130/><T92/><D92/><U103/><E103/><V40/><F82/><W31/><G31/><T45/><D45/><U119/><E119/><V18/><F46/><W21/><G21/><T30/><D30/><U121/><E121/><V72/><F0/><W107/><G107/><T101/><D123/><U97/><E97/><V116/><F66/><W84/><G84/><T83/><D83/><U81/><E81/><V75/><F116/><W68/><G68/><T95/><D95/><U33/><E50/><V134/><F18/><W6/><G6/><T47/><D47/><U42/><E65/><V9/><F134/><RYUUKYOKU ba="0,0" sc="122,-10,301,-10,240,-10,337,30" hai3="32,35,88,91,112,113,115" owari="112,-38.8,291,9.1,230,-17.0,367,46.7" /></mjloggm>