<mjloggm ver="2.3"><GO type="225" lobby="0"/><UN n0="%E6%B4%BE%E9%81%A3%E3%81%AE%E3%82%B8%E3%83%A3%E3%83%83%E3%82%AF" n1="%73%69%67%65%6E%6F%72%69" n2="%E6%A1%9C%E8%8A%B1%E9%96%83%E3%80%85" n3="%E3%81%BE%E3%81%A8%E3%81%9F" dan="17,18,16,16" rate="2201.77,2242.28,2123.27,2083.08" sx="M,M,M,M"/><TAIKYOKU oya="0"/><INIT seed="0,0,0,5,0,30" ten="250,250,250,250" oya="0" hai0="61,54,102,57,56,81,103,46,41,68,133,125,43" hai1="96,110,1,64,122,39,132,53,95,104,118,109,67" hai2="80,28,35,75,119,116,98,108,23,88,76,77,37" hai3="45,24,97,78,34,42,17,112,114,105,49,111,126"/><T121/><D121/><U40/><E118/><N who="2" m="45099" /><F37/><W14/><G111/><N who="1" m="42506" /><E122/><V12/><F108/><W60/><G126/><T135/><D81/><U55/><E104/><V63/><F77/><W8/><G78/><T29/><D29/><U92/><E1/><V26/><F63/><W70/><G24/><T87/><D87/><U128/><E132/><N who="0" m="50761" /><D103/><U0/><E0/><V113/><F113/><W16/><G112/><T52/><D102/><U100/><E95/><N who="2" m="56679" /><F12/><W72/><G105/><T2/><D2/><U117/><E39/><V65/><F65/><W50/><G14/><T9/><D125/><U15/><E67/><V83/><F83/><W93/><G72/><T27/><D27/><U82/><E64/><V31/><F31/><W106/><G106/><T85/><D85/><U69/><E117/><V124/><F124/><W5/><G70/><T4/><D68/><U99/><E82/><V32/><AGARI ba="0,0" hai="23,26,28,32,35,75,76,80" m="56679,45099" machi="32" ten="30,7900,0" yaku="12,1,52,2,54,1" doraHai="30" who="2" fromWho="2" sc="250,-39,250,-20,250,79,250,-20" /><INIT seed="1,0,0,0,3,2" ten="211,230,329,230" oya="1" hai0="119,87,29,129,109,21,39,20,13,50,135,102,112" hai1="5,52,34,75,98,4,124,19,44,105,85,65,49" hai2="95,56,81,107,93,11,30,110,115,40,38,28,86" hai3="23,92,68,84,80,61,130,100,73,48,8,57,59"/><U69/><E75/><V88/><F110/><W91/><G130/><T53/><D39/><U120/><E120/><V131/><F131/><W111/><G111/><T45/><D119/><U99/><E34/><V22/><F107/><W26/><G68/><T116/><D116/><U24/><E124/><V94/><F115/><W72/><G57/><T46/><D109/><U132/><E132/><V70/><F70/><W114/><G114/><T78/><D129/><U6/><E105/><V79/><F38/><W33/><G33/><T17/><D135/><U55/><E69/><V58/><F40/><W118/><G48/><T63/><D112/><U15/><E65/><V103/><F103/><W108/><G8/><T90/><D78/><U47/><E24/><N who="2" m="16407" /><F30/><N who="3" m="17759" /><G108/><T32/><D32/><U66/><E66/><V27/><F27/><W10/><G10/><T0/><D0/><U74/><E74/><V128/><F128/><W16/><G16/><N who="0" m="10255" /><D102/><U96/><E85/><N who="2" m="48319" /><F11/><W37/><G37/><T41/><D29/><U104/><E104/><V25/><F25/><W62/><G118/><T31/><D31/><U51/><E19/><V36/><F36/><W97/><G72/><T43/><D43/><N who="1" m="24735" /><E15/><V89/><F94/><W125/><G125/><T122/><D122/><U3/><E3/><V18/><F18/><W54/><G73/><T106/><D106/><U35/><E35/><V126/><F126/><W82/><G82/><N who="0" m="49527" /><D41/><AGARI ba="0,0" hai="4,5,6,41,47,51,52,55,96,98,99" m="24735" machi="41" ten="30,12000,1" yaku="8,1,52,3,54,1" doraHai="2" who="1" fromWho="0" sc="211,-120,230,120,329,0,230,0" /><INIT seed="1,1,0,3,0,16" ten="91,350,329,230" oya="1" hai0="19,121,78,60,107,122,73,13,37,48,2,109,93" hai1="62,38,3,36,33,59,90,129,98,113,124,40,105" hai2="10,54,92,45,132,99,72,71,116,43,84,1,63" hai3="130,47,26,67,111,102,101,46,30,32,28,96,50"/><U55/><E113/><V117/><F72/><W87/><G111/><T133/><D107/><U11/><E33/><V14/><F1/><W126/><G126/><T83/><D37/><U128/><E124/><V24/><F132/><W135/><G67/><T77/><D2/><U56/><E3/><V0/><F0/><W94/><G130/><N who="1" m="50282" /><E11/><V80/><F24/><W27/><G87/><T106/><D106/><U100/><E40/><V42/><F42/><W120/><G135/><T79/><D133/><U53/><E90/><V103/><F43/><W35/><G120/><T49/><D109/><U88/><E88/><V8/><F8/><W74/><G74/><T12/><D60/><AGARI ba="1,0" hai="36,38,53,55,56,59,60,62,98,100,105" m="50282" machi="60" ten="30,1500,0" yaku="19,1" doraHai="16" who="1" fromWho="0" sc="91,-18,350,18,329,0,230,0" /><INIT seed="1,2,0,1,0,20" ten="73,368,329,230" oya="1" hai0="133,65,131,8,118,96,11,34,87,62,21,64,127" hai1="117,114,19,104,54,61,4,63,116,32,122,108,41" hai2="51,123,56,91,59,25,110,22,58,72,53,81,80" hai3="119,94,38,92,29,106,47,42,128,39,67,69,40"/><U101/><E101/><V10/><F123/><W44/><G128/><T103/><D118/><U125/><E104/><V1/><F110/><W132/><G132/><T129/><D133/><U24/><E122/><V37/><F37/><W70/><G106/><T0/><D127/><U77/><E77/><V36/><F36/><W66/><REACH who="3" step="1"/><G29/><REACH who="3" ten="73,368,329,220" step="2"/><T2/><D87/><U7/><E116/><AGARI ba="2,1" hai="38,39,40,42,44,47,66,67,69,70,92,94,116,119" machi="116" ten="25,6400,0" yaku="1,1,2,1,22,2,53,0" doraHai="20" doraHaiUra="18" who="3" fromWho="1" sc="73,0,368,-70,329,0,220,80" /><INIT seed="2,0,0,3,5,134" ten="73,298,329,300" oya="2" hai0="69,1,65,84,19,62,21,85,71,133,82,14,100" hai1="54,4,76,48,104,28,16,87,80,127,51,38,73" hai2="60,10,22,106,119,116,94,67,12,115,118,93,52" hai3="72,20,24,29,113,56,108,61,86,30,125,34,122"/><V43/><F115/><W37/><G72/><T107/><D133/><U41/><E104/><V74/><F106/><W57/><G122/><T5/><D71/><U36/><E28/><V81/><F43/><W49/><G37/><T131/><D131/><U111/><E111/><V53/><F22/><W47/><G108/><T121/><D121/><U96/><E4/><V66/><F94/><W35/><G30/><T63/><D63/><U130/><E130/><V64/><F93/><W31/><G29/><T92/><D92/><U27/><E96/><V109/><F109/><W95/><G57/><T83/><D5/><U110/><E73/><V128/><F128/><W78/><G125/><T23/><D1/><U0/><E0/><V98/><F98/><W103/><G103/><T97/><REACH who="0" step="1"/><D23/><REACH who="0" ten="63,298,329,300" step="2"/><U129/><E129/><V102/><F60/><W91/><G95/><T89/><D89/><U7/><E7/><V8/><F102/><W114/><G91/><T46/><D46/><U2/><E2/><V11/><F12/><W124/><G113/><T99/><D99/><U32/><E110/><V50/><F118/><W6/><G114/><T39/><D39/><U126/><E36/><V101/><F101/><W120/><G120/><T3/><D3/><U117/><E38/><V33/><F119/><W25/><G47/><T42/><D42/><U15/><E117/><V132/><F116/><W112/><G112/><T26/><D26/><U88/><E41/><V68/><F132/><W55/><G25/><T40/><D40/><U90/><E90/><V17/><F68/><W75/><G61/><RYUUKYOKU ba="0,1" sc="63,30,298,-10,329,-10,300,-10" hai0="14,19,21,62,65,69,82,83,84,85,97,100,107" /><INIT seed="3,1,1,4,5,39" ten="93,288,319,290" oya="3" hai0="81,128,120,89,64,108,112,22,91,63,95,48,70" hai1="60,83,127,8,103,18,54,94,84,31,52,79,126" hai2="38,88,125,71,49,41,129,51,74,77,16,26,61" hai3="85,69,47,36,6,5,15,34,17,92,42,20,104"/><W110/><G104/><T131/><D120/><U33/><E33/><V27/><F125/><N who="1" m="47625" /><E31/><V107/><F107/><W28/><G69/><T105/><D105/><U101/><E60/><V98/><F129/><W65/><G65/><T12/><D108/><U99/><E103/><V78/><F38/><W82/><G110/><T72/><D112/><U123/><E123/><V24/><F74/><W11/><G92/><T3/><D3/><U86/><E86/><V37/><F61/><W135/><G135/><T35/><D35/><U109/><E109/><V59/><F71/><W32/><G28/><T68/><D68/><U111/><E111/><V80/><F98/><W53/><G53/><T133/><D133/><U19/><E18/><V55/><F16/><W87/><G87/><T106/><D106/><U46/><E46/><N who="2" m="25807" /><F37/><W122/><G122/><T23/><D72/><U0/><E0/><V9/><F9/><W96/><G96/><T118/><D70/><U119/><E119/><V102/><F102/><W115/><G115/><T66/><D118/><U44/><E44/><V40/><F40/><W67/><G5/><T97/><D128/><U114/><E114/><V56/><F56/><W4/><G4/><T45/><D131/><U73/><E73/><V7/><F7/><W1/><G67/><N who="0" m="25643" /><D63/><U121/><E121/><V134/><F134/><W130/><G130/><T90/><D90/><AGARI ba="1,1" hai="1,6,11,15,17,20,32,34,36,42,47,82,85,90" machi="90" ten="30,2900,0" yaku="7,1,52,1" doraHai="39" who="3" fromWho="0" sc="93,-32,288,0,319,0,290,42" owari="61,-43.9,288,-11.2,319,11.9,332,43.2" /></mjloggm>