<mjloggm ver="2.3"><GO type="225" lobby="0"/><UN n0="%E3%83%B4%E3%82%A3%E3%83%AF%E3%82%B3%E3%82%B0%E3%83%8B" n1="%E3%81%A9%E3%82%93%E3%82%88%E3%81%8F%4D%6B%2E%32" n2="%E3%83%81%E3%83%A7%E3%83%99%E3%83%83%E3%82%AF" n3="%E3%81%8B%E3%82%8F%E3%81%A1%E3%82%83%E3%82%93%35%38" dan="17,16,16,16" rate="2209.36,2137.05,2129.23,2171.19" sx="M,M,M,M"/><TAIKYOKU oya="0"/><INIT seed="0,0,0,0,2,64" ten="250,250,250,250" oya="0" hai0="54,0,107,21,81,29,52,79,53,88,130,49,39" hai1="101,132,26,124,133,48,78,33,87,37,70,109,43" hai2="69,32,51,85,13,71,116,134,66,123,102,72,84" hai3="135,113,56,131,94,42,62,67,126,80,25,128,120"/><T98/><D39/><U76/><E109/><V10/><F66/><W83/><G113/><T12/><D0/><U44/><E101/><V75/><F32/><W99/><G135/><N who="1" m="51786" /><E124/><V105/><F134/><W16/><G42/><T118/><D118/><U19/><E70/><N who="2" m="26635" /><F123/><W89/><G126/><T30/><D107/><U95/><E37/><V114/><F51/><W104/><G104/><T18/><D130/><N who="3" m="49705" /><G120/><T96/><D49/><U82/><E95/><V93/><F105/><W73/><G73/><N who="2" m="28233" /><F114/><W24/><G24/><T34/><D34/><U9/><E9/><V106/><F106/><W58/><G58/><T92/><REACH who="0" step="1"/><D98/><REACH who="0" ten="240,250,250,250" step="2"/><U110/><E110/><V97/><F116/><W57/><G57/><T2/><D2/><U47/><E33/><V7/><F97/><W90/><G90/><T68/><D68/><U59/><E59/><V103/><F103/><W115/><G115/><T46/><D46/><N who="1" m="25695" /><E78/><V3/><F3/><W108/><G108/><T22/><D22/><AGARI ba="0,1" hai="19,22,26,44,47,76,82,87" m="25695,51786" machi="22" ten="30,1000,0" yaku="20,1" doraHai="64" who="1" fromWho="0" sc="240,-10,250,20,250,0,250,0" /><AGARI ba="0,0" hai="16,22,25,56,62,67,80,83,89,94,99" m="49705" machi="22" ten="30,2000,0" yaku="19,1,54,1" doraHai="64" who="3" fromWho="0" sc="230,-20,270,0,250,0,250,20" /><INIT seed="1,0,0,5,3,56" ten="210,270,250,270" oya="1" hai0="9,17,44,55,10,77,132,97,135,15,102,47,107" hai1="46,96,133,33,67,95,123,98,49,79,85,89,26" hai2="128,65,61,72,64,37,45,25,24,109,21,23,75" hai3="125,93,59,87,51,63,53,115,38,74,29,124,78"/><U114/><E123/><V104/><F128/><W28/><G38/><T126/><D126/><N who="3" m="48745" /><G115/><T5/><D77/><U90/><E114/><V118/><F104/><W8/><G74/><T58/><D135/><U103/><E133/><V71/><F118/><W130/><G130/><T117/><D117/><U19/><E79/><V84/><F109/><W16/><G93/><T122/><D122/><U39/><E39/><V48/><F37/><W88/><G78/><T20/><D132/><U60/><E19/><V1/><F1/><W54/><G54/><T113/><D9/><U70/><E26/><V36/><F36/><W31/><G51/><T106/><D107/><U41/><E33/><V62/><F84/><W2/><G2/><T111/><D111/><U7/><E7/><V86/><F86/><W27/><G8/><T131/><D113/><U14/><E14/><V127/><F127/><W3/><G3/><T134/><D131/><U13/><E13/><V4/><F4/><W100/><G100/><T94/><D106/><U121/><E121/><V120/><F120/><W52/><G53/><T30/><D30/><U105/><REACH who="1" step="1"/><E85/><REACH who="1" ten="210,260,250,270" step="2"/><V108/><F108/><W110/><G110/><T11/><D134/><U80/><E80/><V101/><F75/><W92/><G16/><T83/><D83/><U129/><E129/><V69/><F72/><W73/><G73/><T40/><D5/><U42/><E42/><V22/><REACH who="2" step="1"/><F101/><AGARI ba="0,1" hai="41,46,49,60,67,70,89,90,95,96,98,101,103,105" machi="101" ten="30,5800,0" yaku="1,1,7,1,52,1,53,0" doraHai="56" doraHaiUra="18" who="1" fromWho="2" sc="210,0,260,68,250,-58,270,0" /><INIT seed="1,1,0,2,0,118" ten="210,328,192,270" oya="1" hai0="38,87,54,112,103,120,121,94,57,18,81,96,40" hai1="6,69,119,68,62,89,31,21,2,56,42,78,27" hai2="105,59,32,125,44,0,43,25,99,133,83,10,110" hai3="50,108,61,117,23,130,35,76,46,14,20,67,92"/><U111/><E119/><V72/><F59/><W64/><G117/><T128/><D112/><U113/><E113/><V12/><F110/><W13/><G35/><T16/><D128/><U116/><E116/><V127/><F133/><W53/><G108/><T100/><D100/><U107/><E78/><N who="2" m="44487" /><F12/><W93/><G76/><T65/><D65/><N who="3" m="25161" /><G61/><T49/><D40/><U51/><E107/><V5/><F99/><W98/><G130/><T80/><D80/><U70/><E111/><V101/><F101/><N who="3" m="60615" /><G93/><T24/><D38/><U114/><E114/><V63/><F63/><W41/><G53/><T1/><D1/><U84/><E62/><V7/><F7/><W126/><G126/><N who="2" m="48137" /><F105/><W86/><G86/><T122/><D24/><U39/><E39/><N who="2" m="21631" /><F25/><W88/><G88/><AGARI ba="1,0" hai="16,18,49,54,57,81,87,88,94,96,103,120,121,122" machi="88" ten="40,12000,2" yaku="13,1,52,3,54,2" doraHai="118" who="0" fromWho="3" sc="210,123,328,0,192,0,270,-123" /><INIT seed="2,0,0,1,2,46" ten="333,328,192,147" oya="2" hai0="101,39,75,113,23,45,18,91,48,16,66,40,74" hai1="29,70,30,41,104,33,52,89,125,12,77,15,72" hai2="81,21,90,27,5,43,133,76,6,7,19,28,78" hai3="13,32,20,55,42,84,79,80,69,105,8,124,22"/><V119/><F119/><W134/><G124/><T118/><D113/><U106/><E70/><V10/><F133/><W93/><G134/><T96/><D118/><U108/><E41/><V126/><F126/><W86/><G105/><T26/><D66/><U54/><E125/><V92/><F43/><W35/><G69/><T56/><D91/><U68/><E68/><V128/><F128/><W116/><G116/><T94/><REACH who="0" step="1"/><D18/><REACH who="0" ten="323,328,192,147" step="2"/><U111/><E89/><V73/><F78/><W25/><G79/><T87/><D87/><U95/><E77/><V127/><F127/><W103/><G86/><T11/><D11/><U67/><E67/><V121/><F121/><W14/><G84/><T115/><D115/><U4/><E72/><V62/><F62/><W109/><G8/><T58/><D58/><U3/><E4/><V2/><REACH who="2" step="1"/><F19/><REACH who="2" ten="323,328,182,147" step="2"/><W102/><G42/><T112/><D112/><U17/><E17/><V64/><F64/><W57/><G55/><AGARI ba="0,2" hai="16,23,26,39,40,45,48,55,56,74,75,94,96,101" machi="55" ten="40,8000,1" yaku="1,1,52,1,54,1,53,1" doraHai="46" doraHaiUra="71" who="0" fromWho="3" sc="323,100,328,0,182,0,147,-80" /><INIT seed="3,0,0,5,4,39" ten="423,328,182,67" oya="3" hai0="77,38,116,134,26,117,61,0,127,123,87,33,132" hai1="118,24,88,23,125,124,101,11,56,50,102,51,34" hai2="27,131,10,63,67,54,41,6,128,78,66,2,85" hai3="119,21,112,46,100,111,53,12,72,114,18,35,121"/><W52/><G119/><T31/><D0/><U36/><E36/><V122/><F122/><W47/><G121/><T45/><D123/><U95/><E34/><V74/><F54/><W13/><G35/><T79/><D127/><U76/><E76/><V32/><F67/><W94/><G72/><T135/><D61/><U4/><E118/><N who="0" m="45673" /><D87/><U89/><E56/><V83/><F85/><W71/><G71/><T64/><D64/><U81/><E81/><V93/><F93/><W75/><G75/><T17/><D17/><U40/><E95/><V8/><F8/><W19/><G94/><T104/><D104/><U68/><E68/><V49/><F49/><W90/><G111/><T15/><D15/><U110/><E110/><V22/><F22/><W60/><G21/><T16/><D16/><N who="1" m="12391" /><E51/><V113/><F113/><W25/><G25/><T7/><D7/><U115/><E115/><V91/><F91/><N who="1" m="34889" /><E11/><V130/><F63/><W1/><G90/><T29/><D29/><U92/><E92/><V107/><F107/><W59/><G60/><T14/><D14/><U37/><E4/><V126/><F126/><N who="1" m="48745" /><E37/><V20/><F66/><W70/><G70/><T43/><AGARI ba="0,0" hai="26,31,33,38,43,45,77,79,132,134,135" m="45673" machi="43" ten="40,2700,0" yaku="20,1,52,1" doraHai="39" who="0" fromWho="0" sc="423,27,328,-7,182,-7,67,-13" owari="450,55.0,321,12.1,175,-22.5,54,-44.6" /></mjloggm>