<mjloggm ver="2.3"><GO type="225" lobby="0"/><UN n0="%E3%81%BF%E3%81%BF%E3%81%9A" n1="%E7%99%BD%E5%80%89%E5%AF%9B%E4%B9%8B" n2="%E9%A6%AC%E5%BC%95%E7%81%AB%33" n3="%E5%B8%86%E7%AB%8B%E5%A4%8F%E8%A1%A3" dan="17,16,16,17" rate="2258.26,2136.73,2140.54,2194.10" sx="M,M,M,M"/><TAIKYOKU oya="0"/><INIT seed="0,0,0,5,3,5" ten="250,250,250,250" oya="0" hai0="117,26,129,31,100,135,64,110,29,118,11,85,57" hai1="50,92,66,131,52,109,0,84,38,40,42,59,73" hai2="98,10,107,111,96,21,67,90,46,114,48,78,51" hai3="87,16,22,112,74,132,13,12,61,102,37,72,9"/><T63/><D129/><U65/><E73/><V25/><F114/><W34/><G112/><T20/><D135/><U119/><E0/><V24/><F78/><W3/><G132/><T116/><D110/><U133/><E133/><V62/><F111/><W39/><G3/><T41/><D41/><N who="1" m="15979" /><E38/><V27/><F21/><W130/><G34/><T60/><D31/><U86/><E109/><V82/><F107/><W76/><G130/><T125/><D125/><U83/><E131/><V23/><F23/><W80/><G102/><T56/><D85/><N who="1" m="32875" /><E119/><V88/><F82/><W94/><G61/><T104/><D104/><U18/><E83/><V103/><F103/><W28/><G28/><T17/><D100/><U99/><E18/><V81/><F81/><W124/><G124/><T115/><D115/><U30/><E30/><V134/><F134/><W75/><REACH who="3" step="1"/><G94/><REACH who="3" ten="250,250,250,240" step="2"/><T44/><D117/><U127/><E127/><V108/><F108/><W6/><AGARI ba="0,1" hai="6,9,12,13,16,22,37,39,72,74,75,76,80,87" machi="6" ten="30,8000,1" yaku="1,1,2,1,0,1,52,1,54,1,53,0" doraHai="5" doraHaiUra="126" who="3" fromWho="3" sc="250,-40,250,-20,250,-20,240,90" /><INIT seed="1,0,0,5,5,20" ten="210,230,230,330" oya="1" hai0="101,70,111,12,94,103,89,34,82,135,102,10,112" hai1="115,41,69,35,27,0,44,91,19,122,124,65,33" hai2="18,54,45,121,116,79,109,17,99,64,31,86,37" hai3="22,50,2,21,4,42,63,59,67,84,25,131,74"/><U24/><E122/><V36/><F121/><W39/><G74/><T16/><D112/><U105/><E115/><V120/><F120/><W92/><G131/><T129/><D70/><U126/><E105/><V76/><F116/><W130/><G39/><T117/><D117/><U49/><E0/><V75/><F75/><W23/><G130/><T80/><D129/><U93/><E19/><V3/><F3/><W8/><G42/><T32/><D111/><U85/><E65/><V58/><F109/><W26/><G50/><T87/><REACH who="0" step="1"/><D135/><REACH who="0" ten="200,230,230,330" step="2"/><U108/><E69/><V55/><F36/><W43/><G43/><T52/><D52/><U61/><E108/><V133/><F64/><W15/><G2/><T51/><D51/><U60/><E60/><V29/><F55/><W113/><G113/><T30/><D30/><U62/><E62/><V7/><F29/><W107/><G107/><T71/><D71/><U6/><E61/><V72/><F54/><W104/><G104/><T123/><D123/><U13/><E35/><AGARI ba="0,1" hai="10,12,16,32,34,35,80,82,87,89,94,101,102,103" machi="35" ten="40,5200,0" yaku="1,1,54,1,53,1" doraHai="20" doraHaiUra="81" who="0" fromWho="1" sc="200,62,230,-52,230,0,330,0" /><INIT seed="2,0,0,4,2,11" ten="262,178,230,330" oya="2" hai0="111,126,88,27,40,83,5,122,4,51,131,50,112" hai1="86,105,132,103,82,58,19,28,107,96,10,0,89" hai2="123,98,128,114,31,119,124,42,21,115,69,6,47" hai3="95,129,62,101,36,118,104,71,39,91,48,74,9"/><V113/><F119/><W45/><G118/><T99/><D122/><U30/><E132/><V32/><F123/><W94/><G74/><T23/><D112/><U53/><E107/><V121/><F121/><W44/><G129/><T54/><D131/><U116/><E116/><V13/><F128/><W87/><G104/><T68/><D68/><U81/><E81/><V46/><F69/><W55/><G45/><N who="0" m="25895" /><D111/><U70/><E70/><V20/><F32/><W35/><G35/><T93/><D83/><U100/><E100/><V117/><F117/><W25/><G25/><T22/><D126/><U37/><E37/><V16/><F6/><N who="0" m="2666" /><D27/><U97/><E97/><V1/><F1/><W17/><G71/><T73/><D73/><U63/><REACH who="1" step="1"/><E0/><REACH who="1" ten="262,168,230,330" step="2"/><V109/><F98/><N who="3" m="59607" /><G39/><T84/><D99/><U92/><E92/><V3/><F3/><W72/><G36/><T38/><D38/><U52/><E52/><V29/><F124/><W135/><G135/><T61/><D61/><U57/><E57/><AGARI ba="0,1" hai="22,23,51,54,57,84,88,93" m="2666,25895" machi="57" ten="30,2000,0" yaku="8,1,54,1" doraHai="11" who="0" fromWho="1" sc="262,30,168,-20,230,0,330,0" /><INIT seed="3,0,0,4,1,69" ten="292,148,230,330" oya="3" hai0="102,62,118,56,55,122,100,8,98,7,37,42,26" hai1="44,22,75,126,132,70,73,11,15,83,2,80,99" hai2="82,0,66,18,110,21,112,68,77,119,111,47,58" hai3="43,53,64,95,14,93,59,5,94,105,123,25,79"/><W121/><G105/><T10/><D118/><U35/><E35/><V133/><F133/><W92/><G121/><T84/><D122/><U40/><E70/><V67/><F67/><W45/><G123/><T78/><D26/><U17/><E132/><V134/><F134/><W52/><G79/><T9/><D7/><U106/><E126/><V30/><F30/><W109/><G109/><T16/><D98/><U113/><E113/><V127/><F127/><W20/><G64/><T81/><REACH who="0" step="1"/><D16/><REACH who="0" ten="282,148,230,330" step="2"/><U32/><E32/><V117/><F117/><W19/><G5/><T50/><D50/><U34/><E34/><V89/><F89/><W116/><G25/><T104/><D104/><U57/><E2/><V107/><F107/><W85/><G116/><T6/><D6/><U130/><E130/><V48/><F48/><BYE who="2" /><W1/><G1/><T23/><D23/><U24/><E106/><V91/><F91/><W46/><G20/><T125/><D125/><U12/><E99/><V33/><F33/><W101/><G101/><T96/><D96/><U49/><E15/><V129/><F129/><W103/><G14/><T128/><D128/><U39/><E75/><V27/><F27/><W54/><G19/><T97/><D97/><U120/><E73/><V61/><F61/><W124/><G103/><T72/><D72/><U74/><E74/><V90/><F90/><W108/><G124/><T76/><D76/><U88/><E120/><V51/><F51/><W65/><G85/><T38/><D38/><U63/><E39/><V86/><F86/><W3/><N who="3" m="23552" /><DORA hai="36" /><W135/><G3/><RYUUKYOKU ba="0,1" sc="282,30,148,-10,230,-10,330,-10" hai0="8,9,10,37,42,55,56,62,78,81,84,100,102" owari="312,11.2,138,-36.2,220,-18.0,330,43.0" /></mjloggm>