<mjloggm ver="2.3"><GO type="225" lobby="0"/><UN n0="%74%75%72%74%6C%65%2E" n1="%E3%83%9D%E3%83%B3%E3%83%9D%E3%82%B3%E5%95%86%E4%BA%8B" n2="%E6%81%A5%E6%99%92%E3%81%97" n3="%E7%B4%94%E6%BD%94%E3%83%94%E3%83%A9%E3%83%8B%E3%82%A2" dan="16,16,16,17" rate="2050.99,2202.76,2118.09,2220.77" sx="M,M,M,M"/><TAIKYOKU oya="0"/><INIT seed="0,0,0,0,0,33" ten="250,250,250,250" oya="0" hai0="111,134,29,100,9,114,129,36,47,93,78,94,20" hai1="16,80,4,70,65,131,11,46,119,87,121,21,1" hai2="6,25,122,135,73,104,41,50,116,77,14,53,18" hai3="34,61,128,101,83,12,71,28,79,30,45,22,81"/><T118/><D118/><U42/><E121/><V127/><F122/><W74/><G128/><T24/><D114/><U109/><E119/><V115/><F115/><W133/><G34/><T72/><D129/><U2/><E131/><V55/><F116/><W57/><G71/><T8/><D134/><U39/><E109/><V10/><F135/><W99/><G81/><T112/><D112/><U49/><E70/><V75/><F127/><W60/><G60/><T85/><D72/><U97/><E97/><V19/><F104/><W68/><G68/><T7/><D111/><U40/><E65/><V126/><F126/><W32/><G32/><T88/><D78/><N who="1" m="46487" /><E42/><V92/><F92/><W108/><G45/><T48/><D36/><U82/><E82/><V76/><F75/><W17/><G108/><T95/><D100/><U123/><E39/><V98/><F98/><W5/><G5/><T13/><REACH who="0" step="1"/><D9/><REACH who="0" ten="240,250,250,250" step="2"/><U37/><E37/><V59/><F73/><W120/><G133/><T58/><D58/><U90/><E123/><V44/><F76/><W106/><REACH who="3" step="1"/><G120/><REACH who="3" ten="240,250,250,240" step="2"/><T0/><D0/><U91/><E2/><V110/><F110/><W89/><G89/><T84/><D84/><U124/><E124/><V64/><F77/><W86/><G86/><T66/><D66/><AGARI ba="0,2" hai="12,17,22,28,30,57,61,66,74,79,83,99,101,106" machi="66" ten="30,3900,0" yaku="1,1,7,1,53,1" doraHai="33" doraHaiUra="96" who="3" fromWho="0" sc="240,-39,250,0,250,0,240,59" /><INIT seed="1,0,0,1,3,109" ten="201,250,250,299" oya="1" hai0="46,20,60,102,49,33,135,31,126,123,130,114,59" hai1="6,73,118,128,127,22,5,133,122,76,131,124,37" hai2="97,72,95,87,92,86,55,27,67,2,103,116,26" hai3="134,82,48,15,99,38,7,93,34,100,65,42,98"/><U120/><E37/><V129/><F116/><W119/><G34/><T58/><D33/><U10/><E76/><V70/><F72/><W56/><G119/><T91/><D123/><N who="1" m="47147" /><E73/><V45/><F2/><W112/><G134/><T69/><D135/><U90/><E90/><V51/><F129/><N who="1" m="49737" /><E118/><V35/><F35/><W121/><G38/><T105/><D130/><U12/><E133/><V50/><F70/><W21/><G112/><T30/><D114/><U11/><E22/><V61/><F51/><W3/><G3/><AGARI ba="0,0" hai="3,5,6,10,11,12,124,127" m="49737,47147" machi="3" ten="30,5800,0" yaku="19,1,34,2" doraHai="109" who="1" fromWho="3" sc="201,0,250,58,250,0,299,-58" /><INIT seed="1,1,0,1,0,37" ten="201,308,250,241" oya="1" hai0="134,5,57,123,27,113,32,36,18,125,40,109,74" hai1="117,28,75,77,56,65,53,50,102,91,16,52,68" hai2="73,129,29,133,44,79,45,21,121,59,26,76,15" hai3="34,11,94,20,80,51,19,90,17,23,99,105,63"/><U55/><E117/><V122/><F129/><W114/><G105/><T97/><D113/><U41/><E28/><V128/><F128/><W110/><G110/><T85/><D74/><U120/><E120/><V31/><F133/><W107/><G107/><T9/><D109/><U71/><E102/><V112/><F112/><W98/><G34/><T132/><D123/><U103/><E103/><V115/><F115/><W104/><G104/><T64/><D97/><U82/><E91/><V106/><F106/><W101/><G63/><T54/><D64/><U38/><E38/><V61/><F15/><W131/><G131/><T7/><D125/><U135/><E135/><V62/><F21/><W47/><G114/><T70/><D70/><U96/><E96/><V14/><F14/><N who="3" m="7391" /><G19/><T22/><D32/><U33/><E33/><V95/><F95/><N who="3" m="56695" /><G80/><T81/><D134/><U88/><E16/><V49/><F73/><W46/><G46/><T30/><D132/><U69/><E88/><V12/><F59/><W108/><G108/><T127/><D127/><U84/><E75/><V43/><F121/><W58/><G58/><T126/><D126/><U78/><E78/><N who="2" m="29739" /><F45/><W3/><G3/><T87/><D30/><U130/><E130/><V86/><F31/><W118/><G118/><T39/><D39/><U66/><REACH who="1" step="1"/><E56/><REACH who="1" ten="201,298,250,241" step="2"/><V35/><F122/><W92/><G92/><T42/><D36/><U2/><E2/><V93/><F93/><W10/><G10/><T116/><D116/><U60/><E60/><N who="2" m="23147" /><F86/><W100/><G101/><T124/><D124/><U111/><E111/><V48/><F35/><RYUUKYOKU ba="1,1" sc="201,-15,298,15,250,-15,241,15" hai1="41,50,52,53,55,65,66,68,69,71,77,82,84" hai3="20,23,47,51,94,99,100" /><INIT seed="1,2,1,5,5,75" ten="186,313,235,256" oya="1" hai0="80,35,107,9,100,124,21,133,24,129,96,57,74" hai1="63,102,34,22,119,113,116,17,23,89,104,64,46" hai2="32,68,43,109,110,115,39,98,69,15,4,16,52" hai3="58,76,3,45,94,90,108,134,13,105,5,70,37"/><U77/><E34/><V31/><F4/><W42/><G105/><T71/><D71/><U111/><E113/><V51/><F43/><W41/><G41/><T123/><D123/><U78/><E104/><V62/><F39/><W8/><G70/><T20/><D133/><U38/><E102/><V1/><F1/><W130/><G108/><N who="2" m="41577" /><F115/><W93/><G130/><T72/><D129/><U53/><E89/><V49/><F98/><W19/><G134/><T30/><D124/><U27/><E111/><V55/><F68/><W95/><G58/><T66/><D9/><U135/><E135/><V88/><F31/><W25/><G25/><T81/><D66/><U106/><E106/><V97/><F32/><W48/><G37/><T67/><D81/><U60/><E64/><N who="2" m="41111" /><F51/><W6/><G3/><T28/><D74/><U54/><E38/><V12/><F12/><W112/><G112/><T0/><D0/><U128/><E128/><V103/><F103/><W82/><REACH who="3" step="1"/><G90/><REACH who="3" ten="186,313,235,246" step="2"/><T132/><D132/><U117/><E117/><V114/><F114/><W84/><AGARI ba="2,2" hai="5,6,8,13,19,42,45,48,76,82,84,93,94,95" machi="84" ten="30,12000,2" yaku="1,1,2,1,0,1,8,1,52,1,53,2" doraHai="75" doraHaiUra="2" who="3" fromWho="3" sc="186,-32,313,-62,235,-32,246,146" /><INIT seed="2,0,0,3,5,61" ten="154,251,203,392" oya="2" hai0="37,20,11,14,78,36,46,85,121,50,82,118,96" hai1="125,80,109,84,123,22,120,62,67,30,107,81,97" hai2="128,70,9,23,24,98,83,60,64,35,130,41,2" hai3="113,86,131,73,26,126,5,1,45,72,56,39,99"/><V17/><F41/><W71/><G71/><T57/><D121/><N who="1" m="46667" /><E109/><V119/><F119/><W74/><G131/><N who="2" m="50217" /><F83/><W124/><G86/><T34/><D34/><U90/><E125/><N who="3" m="48234" /><G56/><T27/><D118/><U122/><N who="1" m="46675" /><U54/><DORA hai="94" /><E54/><V117/><F117/><W89/><G26/><T87/><D57/><N who="1" m="37327" /><E81/><V114/><F114/><W10/><G113/><T32/><D32/><U65/><E65/><V47/><F35/><W129/><G129/><T28/><D85/><U100/><E22/><V103/><F47/><W52/><G39/><T13/><D13/><U18/><E18/><V7/><F103/><W0/><G1/><T40/><REACH who="0" step="1"/><D96/><AGARI ba="0,0" hai="2,7,9,17,23,24,60,64,70,96,98" m="50217" machi="96" ten="30,11600,0" yaku="19,1,52,3" doraHai="61,94" who="2" fromWho="0" sc="154,-116,251,0,203,116,392,0" /><INIT seed="2,1,0,2,0,31" ten="38,251,319,392" oya="2" hai0="93,97,60,83,2,21,52,90,100,47,62,55,14" hai1="67,36,71,54,41,45,135,38,123,128,122,108,101" hai2="75,121,44,43,15,73,120,116,66,76,13,19,42" hai3="77,89,18,58,56,80,85,26,12,22,1,34,105"/><V23/><F116/><W104/><G1/><T72/><D2/><U10/><E10/><V59/><F43/><W33/><G104/><T6/><D72/><U57/><E101/><V28/><F28/><W82/><G105/><T106/><D106/><U11/><E11/><V117/><F117/><W5/><G5/><T68/><D68/><U84/><E84/><V87/><F75/><W69/><G69/><T115/><D115/><U65/><E36/><V111/><F73/><W25/><G25/><T92/><D83/><U125/><E108/><V16/><F111/><W17/><G58/><T48/><D55/><U124/><E128/><V9/><F87/><W74/><G56/><T40/><D40/><U95/><E95/><V126/><F76/><W3/><G3/><T63/><D6/><U113/><E135/><V109/><F126/><N who="1" m="48745" /><E113/><V35/><F35/><W133/><G133/><T64/><D64/><N who="1" m="24651" /><E71/><V119/><F119/><W98/><G98/><T46/><D46/><U78/><E78/><V30/><F30/><W132/><G132/><T29/><D29/><U61/><AGARI ba="1,0" hai="38,41,45,54,57,61,122,123" m="24651,48745" machi="61" ten="30,4000,0" yaku="18,1,34,2" doraHai="31" who="1" fromWho="1" sc="38,-11,251,43,319,-21,392,-11" /><INIT seed="3,0,0,2,1,61" ten="27,294,298,381" oya="3" hai0="72,97,113,134,43,115,77,36,81,1,32,60,110" hai1="106,68,121,17,133,52,127,105,108,95,10,90,124" hai2="63,131,112,34,67,87,41,118,40,5,135,45,31" hai3="9,13,66,27,103,126,24,93,96,100,69,120,28"/><W128/><G128/><T38/><D97/><U111/><E10/><V3/><F118/><W92/><G126/><N who="1" m="48170" /><E17/><V26/><F112/><W83/><G120/><T8/><D36/><U16/><E68/><V86/><F131/><W49/><G83/><T101/><D101/><U50/><E121/><V74/><F74/><W29/><G49/><T6/><D134/><U25/><E133/><V75/><F75/><W117/><G117/><T11/><D11/><U58/><E25/><V55/><F135/><W37/><G37/><T2/><D2/><U23/><E23/><N who="2" m="15839" /><F3/><W125/><G125/><T20/><D20/><U89/><E16/><V39/><F34/><W82/><G82/><T35/><D110/><N who="1" m="42027" /><E90/><V85/><F39/><W109/><G109/><T104/><D104/><U42/><E42/><N who="2" m="16491" /><F5/><W48/><G29/><T46/><REACH who="0" step="1"/><D60/><REACH who="0" ten="17,294,298,381" step="2"/><U33/><E33/><AGARI ba="0,1" hai="1,6,8,32,33,35,38,43,46,72,77,81,113,115" machi="33" ten="40,12000,2" yaku="1,1,2,1,25,2,23,2,53,0" doraHai="61" doraHaiUra="80" who="0" fromWho="1" sc="17,130,294,-120,298,0,381,0" owari="147,-35.3,174,-22.6,298,9.8,381,48.1" /></mjloggm>