<mjloggm ver="2.3"><GO type="225" lobby="0"/><UN n0="%E6%9C%88%E5%B3%B6%E5%9F%BA" n1="%E5%91%A8%E6%9D%B1" n2="%E3%82%B7%E3%83%B3%E5%A4%AA%E6%9C%97" n3="%77%72%77%72%77%72%77%72" dan="16,17,16,16" rate="2136.90,2133.56,2124.21,2167.02" sx="M,M,M,M"/><TAIKYOKU oya="0"/><INIT seed="0,0,0,2,1,8" ten="250,250,250,250" oya="0" hai0="102,90,34,134,82,128,74,89,14,42,61,68,23" hai1="33,104,131,25,27,19,0,48,76,7,95,2,38" hai2="40,30,6,31,98,50,113,126,121,18,110,16,100" hai3="47,53,80,1,78,12,3,29,46,72,73,86,120"/><T87/><D34/><U62/><E104/><V118/><F121/><W4/><G120/><T114/><D114/><U94/><E38/><V96/><F113/><W92/><G29/><T130/><D134/><U70/><E76/><V13/><F110/><W9/><G46/><T109/><D74/><U135/><E70/><V5/><F126/><W39/><G39/><T28/><D109/><U54/><E62/><V63/><F63/><W116/><G116/><T97/><D42/><U85/><E131/><N who="0" m="50217" /><D89/><N who="1" m="53551" /><E33/><V45/><F118/><W84/><G72/><T101/><D97/><N who="2" m="37482" /><F100/><W57/><G47/><T106/><D106/><U83/><E95/><V119/><F119/><W66/><G66/><N who="0" m="41039" /><D28/><N who="2" m="10794" /><F18/><AGARI ba="0,0" hai="14,18,23,82,87,90,101,102" m="41039,50217" machi="18" ten="30,2900,0" yaku="19,1,52,1" doraHai="8" who="0" fromWho="2" sc="250,29,250,0,250,-29,250,0" /><INIT seed="0,1,0,2,0,61" ten="279,250,221,250" oya="0" hai0="91,115,26,95,57,80,36,112,93,8,2,134,128" hai1="120,106,41,109,52,96,94,99,0,101,118,7,75" hai2="85,90,68,97,92,89,84,24,46,22,23,51,5" hai3="123,21,34,32,113,130,17,18,43,45,87,104,131"/><T110/><D36/><U125/><E118/><V10/><F68/><W29/><G104/><T49/><D128/><N who="3" m="49193" /><G113/><T67/><D134/><U15/><E120/><V114/><F114/><W30/><G123/><T71/><D71/><U132/><E109/><V31/><F22/><W3/><G87/><T69/><D69/><U60/><E75/><V135/><F135/><W133/><G133/><T37/><D37/><U81/><E132/><V39/><F39/><W1/><G45/><T107/><D107/><U56/><E125/><V129/><F129/><W83/><G83/><T102/><D80/><U116/><E41/><V79/><F79/><W121/><G43/><T33/><D95/><U50/><E81/><V64/><F64/><W25/><G121/><T6/><D110/><U12/><E116/><V82/><F97/><W70/><G70/><T54/><D102/><U11/><REACH who="1" step="1"/><E50/><REACH who="1" ten="279,240,221,250" step="2"/><V78/><F78/><W20/><G34/><T74/><D74/><U59/><E59/><V119/><F119/><W103/><G32/><T88/><D112/><U47/><E47/><V27/><F31/><N who="3" m="11787" /><G103/><AGARI ba="1,1" hai="0,7,11,12,15,52,56,60,94,96,99,101,103,106" machi="103" ten="30,3900,0" yaku="1,1,7,1,54,1,53,0" doraHai="61" doraHaiUra="105" who="1" fromWho="3" sc="279,0,240,52,221,0,250,-42" /><INIT seed="1,0,0,2,3,32" ten="279,292,221,208" oya="1" hai0="51,13,89,26,111,115,7,97,17,66,78,105,63" hai1="129,68,57,79,19,85,65,29,88,119,106,70,18" hai2="21,28,58,15,127,6,102,39,69,61,8,113,38" hai3="10,121,125,114,91,84,0,94,95,124,36,92,14"/><U34/><E119/><V16/><F127/><N who="3" m="48715" /><G114/><T59/><D115/><U48/><E106/><V86/><F113/><W40/><G121/><T43/><D111/><U71/><E129/><V82/><F102/><W64/><G64/><T83/><D26/><U81/><E79/><V31/><F69/><W104/><G104/><T53/><D7/><U56/><E29/><V132/><F132/><W77/><G77/><T109/><D43/><U5/><E34/><V122/><F122/><W49/><G36/><T93/><D105/><U11/><E57/><V52/><F39/><W23/><G23/><T117/><D109/><U12/><REACH who="1" step="1"/><E48/><REACH who="1" ten="279,282,221,208" step="2"/><V108/><F108/><W3/><G49/><T133/><D117/><U80/><E80/><V118/><F118/><W131/><G131/><T72/><D133/><U9/><E9/><V35/><F35/><W20/><G20/><T1/><D83/><U75/><E75/><V60/><F38/><W116/><G116/><T46/><D78/><U4/><E4/><V41/><F61/><AGARI ba="0,1" hai="5,11,12,18,19,56,61,65,68,70,71,81,85,88" machi="61" ten="40,12000,1" yaku="1,1,54,1,53,3" doraHai="32" doraHaiUra="67" who="1" fromWho="2" sc="279,0,282,130,221,-120,208,0" /><INIT seed="1,1,0,2,2,96" ten="279,412,101,208" oya="1" hai0="76,14,129,25,30,88,85,49,122,38,57,103,46" hai1="109,108,112,13,106,107,95,73,62,56,18,130,42" hai2="133,52,81,86,74,89,59,45,41,20,64,123,72" hai3="8,91,102,21,36,132,63,75,5,111,17,135,82"/><U97/><E73/><V6/><F133/><N who="3" m="51275" /><G36/><T119/><D119/><U100/><E42/><V117/><F117/><W94/><G111/><N who="1" m="42570" /><E130/><V1/><F123/><W22/><G63/><T32/><D129/><U121/><E112/><V128/><F64/><W125/><G125/><T77/><D122/><U11/><E121/><V39/><F128/><W37/><G37/><T87/><D87/><U28/><E28/><V2/><F20/><W131/><G131/><T7/><D57/><U61/><E61/><V69/><F69/><W58/><G58/><T71/><D38/><U55/><AGARI ba="1,0" hai="11,13,18,55,56,62,95,97,100,106,107" m="42570" machi="55" ten="30,6000,0" yaku="14,1,10,1,52,1" doraHai="96" who="1" fromWho="1" sc="279,-21,412,63,101,-21,208,-21" /><INIT seed="1,2,0,5,3,113" ten="258,475,80,187" oya="1" hai0="10,57,79,46,14,30,1,76,17,62,129,0,20" hai1="121,112,111,109,4,21,25,66,132,88,100,69,60" hai2="54,73,16,37,55,52,8,75,34,83,127,118,32" hai3="45,58,93,5,28,19,120,41,74,81,119,102,31"/><U18/><E112/><V51/><F37/><W78/><G120/><T128/><D46/><U124/><E121/><V56/><F127/><W38/><G5/><N who="0" m="1319" /><D30/><U9/><E124/><V44/><F118/><W24/><G119/><T33/><D33/><U36/><E36/><V29/><F29/><W64/><G19/><T92/><D92/><U105/><E132/><V27/><F75/><W115/><G115/><T84/><D84/><U108/><E88/><V97/><F97/><W104/><G104/><T103/><D1/><U65/><E65/><V107/><F107/><W23/><G28/><T96/><D96/><U11/><REACH who="1" step="1"/><E4/><REACH who="1" ten="258,465,80,187" step="2"/><V80/><F83/><W114/><G114/><T85/><D128/><U91/><E91/><V89/><F89/><W101/><G93/><T43/><D129/><U6/><E6/><V95/><F95/><W86/><G64/><T116/><D116/><U15/><E15/><V126/><F126/><W40/><G81/><T12/><D12/><U99/><AGARI ba="2,1" hai="9,11,18,21,25,60,66,69,99,100,105,108,109,111" machi="99" ten="40,12000,1" yaku="1,1,0,1,14,1,10,1,53,0" doraHai="113" doraHaiUra="77" who="1" fromWho="1" sc="258,-42,465,136,80,-42,187,-42" /><INIT seed="1,3,0,4,3,41" ten="216,601,38,145" oya="1" hai0="62,81,93,94,119,104,116,56,99,127,71,69,96" hai1="84,67,121,87,110,76,115,42,130,0,14,68,126" hai2="3,46,107,131,9,112,20,80,4,38,74,135,36" hai3="64,95,124,60,23,34,128,133,31,5,61,10,32"/><U8/><E121/><V49/><F131/><W58/><G128/><T30/><D104/><U27/><E115/><V134/><F107/><W109/><G109/><T63/><D127/><U97/><E110/><V123/><F123/><W73/><G73/><T48/><D30/><U85/><E126/><V12/><F112/><W102/><G124/><T52/><D81/><U18/><E130/><V89/><F20/><W70/><G133/><N who="2" m="50697" /><F3/><W83/><G83/><T44/><D63/><U114/><E0/><V72/><F89/><W101/><G23/><T22/><D22/><N who="1" m="13783" /><E68/><V54/><F74/><W59/><G70/><T28/><D28/><U118/><E118/><V82/><F80/><W86/><G31/><T105/><D105/><U1/><E1/><V88/><F72/><W17/><G32/><T78/><D78/><U108/><E108/><V7/><F7/><W90/><G17/><T11/><D11/><U2/><E2/><V75/><F75/><W129/><G34/><T113/><D113/><U16/><E114/><V25/><F25/><W117/><G117/><T132/><D132/><U98/><E76/><V103/><F103/><W13/><REACH who="3" step="1"/><G129/><REACH who="3" ten="216,601,38,135" step="2"/><T6/><D116/><U79/><E16/><V29/><F29/><W66/><AGARI ba="3,1" hai="5,10,13,58,59,60,61,64,66,86,90,95,101,102" machi="66" ten="20,16000,3" yaku="1,1,2,1,0,1,7,1,9,1,8,1,53,2" doraHai="41" doraHaiUra="53" who="3" fromWho="3" sc="216,-43,601,-83,38,-43,135,179" owari="173,-22.7,518,61.8,-5,-50.5,314,11.4" /></mjloggm>