<mjloggm ver="2.3"><GO type="225" lobby="0"/><UN n0="%E3%83%96%E3%83%83%E3%83%91%E3%82%AA%E3%83%96%E3%83%81%E3%82%AD%E3%83%B3" n1="%E6%A1%9C%E8%8A%B1%E9%96%83%E3%80%85" n2="%E3%83%9D%E3%82%B1%E3%83%83%E3%83%88" n3="%E8%81%B7%E6%A5%AD%E3%80%81%E9%A2%A8%32" dan="16,16,16,16" rate="2163.97,2086.18,2048.05,2144.00" sx="M,M,M,M"/><TAIKYOKU oya="0"/><INIT seed="0,0,0,5,1,81" ten="250,250,250,250" oya="0" hai0="24,67,7,89,11,88,45,121,127,107,33,59,125" hai1="110,106,4,76,0,97,36,87,15,54,108,13,69" hai2="126,37,129,26,38,100,82,72,84,77,18,42,40" hai3="101,78,20,105,22,58,43,103,29,132,63,30,19"/><T130/><D121/><U128/><E69/><V117/><F126/><N who="0" m="48138" /><D107/><U71/><E71/><V39/><F129/><W56/><G132/><T73/><D73/><U32/><E32/><V93/><F117/><W94/><G105/><T16/><D130/><U17/><E36/><V120/><F120/><W114/><G114/><T21/><D33/><U99/><E128/><V112/><F112/><W1/><G1/><N who="0" m="495" /><D45/><U28/><E106/><V46/><F42/><W86/><G43/><T47/><D47/><U119/><E119/><V3/><F3/><W118/><G118/><T133/><D133/><U14/><E28/><N who="3" m="10858" /><G58/><T65/><D59/><U57/><E0/><V124/><F124/><W74/><G74/><T31/><D31/><U68/><E4/><V23/><REACH who="2" step="1"/><F72/><REACH who="2" ten="250,250,240,250" step="2"/><W113/><G113/><T111/><D111/><U64/><E110/><V55/><F55/><N who="3" m="34207" /><G78/><T49/><D49/><U98/><E108/><V5/><F5/><W6/><G6/><T25/><D25/><U135/><E135/><V48/><F48/><W79/><G79/><T2/><D2/><U90/><E76/><V104/><F104/><W61/><G61/><T62/><D62/><N who="1" m="39959" /><E14/><V53/><F53/><W8/><G8/><T75/><D75/><U134/><E134/><V44/><F44/><W80/><G20/><T123/><D123/><U52/><E13/><V12/><F12/><N who="3" m="9575" /><G80/><T109/><D109/><U96/><N who="1" m="24576" /><DORA hai="60" /><U66/><E15/><V41/><F41/><W51/><G51/><T9/><D9/><U27/><E54/><V102/><F102/><W91/><AGARI ba="0,1" hai="86,91,94,101,103" m="9575,34207,10858" machi="91" ten="30,2000,0" yaku="8,1,52,1" doraHai="81,60" who="3" fromWho="3" sc="250,-10,250,-5,240,-5,250,30" /><INIT seed="1,0,0,1,3,71" ten="240,245,235,280" oya="1" hai0="23,124,48,103,87,111,88,128,82,39,27,17,15" hai1="46,52,81,13,90,59,99,43,53,57,12,14,84" hai2="55,112,97,118,86,68,64,108,50,119,62,18,95" hai3="77,25,72,22,131,40,80,10,120,127,101,94,29"/><U1/><E1/><V92/><F108/><W24/><G120/><T133/><D111/><U125/><E125/><V38/><F112/><W69/><G127/><T104/><D124/><U11/><E99/><V134/><F134/><W70/><G131/><T83/><D133/><U58/><REACH who="1" step="1"/><E11/><REACH who="1" ten="240,235,235,280" step="2"/><V51/><F97/><W67/><G10/><T63/><D128/><U35/><E35/><V106/><F119/><W42/><G22/><T110/><D110/><U93/><E93/><V78/><F118/><W132/><G94/><T113/><D113/><U20/><E20/><V135/><F135/><W33/><G33/><T30/><D103/><U74/><E74/><V85/><F95/><W116/><G72/><T114/><D114/><U115/><E115/><V121/><F92/><W0/><G0/><T89/><D104/><U117/><E117/><V91/><F106/><W6/><G101/><T123/><D123/><U44/><E44/><V19/><F121/><W5/><G116/><T100/><D100/><U37/><AGARI ba="0,1" hai="12,13,14,37,43,46,52,53,57,58,59,81,84,90" machi="37" ten="30,11700,0" yaku="1,1,0,1,52,1,54,1,53,0" doraHai="71" doraHaiUra="98" who="1" fromWho="1" sc="240,-39,235,127,235,-39,280,-39" /><INIT seed="1,1,0,2,2,126" ten="201,362,196,241" oya="1" hai0="38,30,84,19,112,52,117,93,47,99,14,63,125" hai1="121,134,15,104,35,55,28,12,107,85,101,123,34" hai2="118,95,92,130,88,71,33,70,132,82,94,18,58" hai3="111,64,100,31,103,49,32,13,106,29,65,37,69"/><U67/><E67/><N who="3" m="25674" /><G32/><N who="1" m="12330" /><E85/><V116/><F33/><W119/><G37/><T77/><D125/><U81/><E81/><V24/><F132/><W45/><G69/><T25/><D112/><U113/><E55/><V16/><F130/><W61/><G106/><T57/><D117/><U115/><E101/><N who="3" m="38986" /><G119/><N who="2" m="45609" /><F24/><W110/><G13/><N who="1" m="5194" /><E28/><N who="3" m="10826" /><G61/><T36/><D84/><U17/><E134/><V89/><F58/><W131/><G131/><T27/><D77/><U6/><E17/><N who="2" m="6763" /><F82/><W42/><AGARI ba="1,0" hai="42,45,49,110,111" m="10826,38986,25674" machi="42" ten="30,2000,0" yaku="26,2" doraHai="126" who="3" fromWho="3" sc="201,-6,362,-11,196,-6,241,23" /><INIT seed="2,0,0,5,1,34" ten="195,351,190,264" oya="2" hai0="16,130,52,43,126,33,85,120,48,84,9,6,60" hai1="15,39,116,89,102,108,105,49,14,74,76,115,104" hai2="79,4,124,45,63,44,91,71,70,82,72,58,22" hai3="10,77,31,66,113,119,88,109,99,27,12,100,25"/><V7/><F124/><W2/><G109/><T28/><D120/><U11/><E39/><V67/><F91/><W30/><G119/><T112/><D112/><U117/><E115/><V1/><F22/><N who="3" m="15671" /><G2/><T80/><D126/><U125/><E108/><V3/><F7/><N who="3" m="3167" /><G113/><T131/><D33/><U50/><E15/><V68/><REACH who="2" step="1"/><F3/><REACH who="2" ten="195,351,180,264" step="2"/><W18/><G88/><T46/><D6/><U75/><E89/><V17/><F17/><W38/><G18/><T21/><D28/><U36/><E125/><V47/><F47/><W69/><G31/><T123/><D123/><U5/><E5/><V78/><F78/><W32/><G77/><T94/><D9/><AGARI ba="0,1" hai="1,4,9,44,45,58,63,67,68,70,71,72,79,82" machi="9" ten="40,3900,0" yaku="1,1,52,1,53,0" doraHai="34" doraHaiUra="134" who="2" fromWho="0" sc="195,-39,351,0,180,49,264,0" /><INIT seed="2,1,0,5,4,84" ten="156,351,229,264" oya="2" hai0="45,51,88,33,24,101,63,40,114,9,68,77,95" hai1="19,132,25,83,61,79,91,28,124,39,18,72,47" hai2="66,108,12,85,119,0,115,16,130,133,116,48,27" hai3="35,69,81,36,4,87,57,110,96,125,54,44,50"/><V120/><F115/><W128/><G110/><T10/><D114/><U59/><E132/><V29/><F133/><W26/><G128/><T46/><D77/><U93/><E124/><V55/><F0/><W17/><G125/><T80/><D33/><U92/><E92/><V65/><F120/><W30/><G69/><T89/><D24/><U21/><E47/><V2/><F2/><W99/><G4/><T56/><D46/><U131/><E39/><V90/><F130/><W20/><G36/><T73/><D68/><U121/><E121/><V14/><F108/><W111/><G44/><T22/><D22/><U109/><E109/><V123/><F123/><W105/><G105/><T58/><D73/><U117/><E117/><V64/><F116/><W135/><G111/><T75/><D75/><U71/><E71/><V94/><F119/><W32/><G32/><T43/><D43/><U38/><E38/><V13/><F29/><W118/><G135/><T104/><D104/><U60/><E60/><V23/><F27/><W1/><G1/><T112/><D112/><U107/><E107/><V6/><F6/><W31/><G118/><T86/><D101/><U37/><E37/><V74/><F74/><W49/><G49/><T113/><D113/><U103/><E103/><V97/><F97/><N who="3" m="37451" /><G35/><T100/><D100/><U126/><E126/><V129/><F129/><W53/><G53/><N who="0" m="34255" /><D56/><AGARI ba="1,0" hai="12,13,14,16,23,48,55,56,64,65,66,85,90,94" machi="56" ten="40,12000,1" yaku="25,2,8,1,52,1,54,1" doraHai="84" who="2" fromWho="0" sc="156,-123,351,0,229,123,264,0" /><INIT seed="2,2,0,5,5,72" ten="33,351,352,264" oya="2" hai0="70,68,120,48,88,2,59,79,102,107,10,83,8" hai1="111,106,44,60,0,123,76,21,89,30,65,39,9" hai2="26,7,80,87,127,94,114,31,90,51,12,95,23" hai3="37,121,42,52,74,20,104,66,110,122,116,50,135"/><V75/><F127/><W105/><G116/><T6/><D120/><N who="3" m="46185" /><G74/><T108/><D108/><U73/><E123/><V67/><F114/><W98/><G20/><T69/><D8/><U43/><E111/><V62/><F75/><W24/><G24/><T133/><D133/><U91/><E106/><V14/><F51/><W125/><G98/><T99/><D59/><N who="1" m="37023" /><E21/><V134/><F134/><W131/><G110/><T54/><D54/><U1/><E30/><V18/><F7/><W27/><G27/><T53/><D53/><U25/><E25/><V13/><REACH who="2" step="1"/><F31/><REACH who="2" ten="33,351,342,264" step="2"/><W132/><G125/><T4/><D48/><U56/><E73/><V109/><F109/><W40/><G50/><T101/><D4/><U118/><E118/><V17/><F17/><W96/><G132/><T41/><D41/><U38/><E43/><V16/><F16/><W15/><G135/><T3/><D3/><U11/><E0/><V84/><F84/><W46/><G42/><T117/><D117/><U82/><E1/><V33/><F33/><W129/><G40/><T55/><D55/><U34/><E34/><V19/><F19/><W47/><G52/><T57/><D57/><AGARI ba="2,1" hai="12,13,14,18,23,26,57,62,67,80,87,90,94,95" machi="57" ten="40,3900,0" yaku="1,1,8,1,53,0" doraHai="72" doraHaiUra="64" who="2" fromWho="0" sc="33,-45,351,0,342,55,264,0" owari="-12,-51.2,351,15.1,397,49.7,264,-13.6" /></mjloggm>