<mjloggm ver="2.3"><GO type="225" lobby="0"/><UN n0="%E5%85%83%E3%82%AB%E3%83%8E%E7%B3%BB%E3%83%92%E3%83%AD%E3%82%A4%E3%83%B3" n1="%E5%91%A8%E6%9D%B1" n2="%E3%83%A4%E3%83%89%E3%83%B3%E4%B8%B8" n3="%E3%83%96%E3%83%83%E3%83%91%E3%82%AA%E3%83%96%E3%83%81%E3%82%AD%E3%83%B3" dan="16,17,16,16" rate="2144.18,2177.62,2053.90,2231.76" sx="M,M,M,M"/><TAIKYOKU oya="0"/><INIT seed="0,0,0,5,2,27" ten="250,250,250,250" oya="0" hai0="97,8,60,35,33,39,74,43,45,16,64,36,26" hai1="67,87,135,134,6,21,115,32,49,41,68,83,56" hai2="86,48,95,52,96,2,133,9,63,84,119,75,121" hai3="22,108,18,131,5,69,107,24,37,54,17,112,126"/><T102/><D74/><U62/><E32/><V51/><F121/><W19/><G112/><T55/><D36/><U28/><E6/><V114/><F75/><W7/><G37/><T82/><D82/><U79/><E115/><V40/><F133/><N who="1" m="50697" /><E41/><V29/><F119/><W44/><G107/><T38/><D38/><U73/><E73/><V30/><F2/><W89/><G69/><T103/><D55/><N who="1" m="31855" /><E21/><V128/><F9/><W15/><G108/><T34/><D97/><U81/><E83/><V53/><F128/><W78/><G131/><T20/><REACH who="0" step="1"/><D8/><REACH who="0" ten="240,250,250,250" step="2"/><U120/><E120/><V59/><F114/><W94/><G54/><T98/><D98/><U116/><E116/><V90/><F40/><W117/><G117/><T61/><D61/><U50/><E50/><N who="2" m="18987" /><F53/><W104/><G44/><T91/><D91/><U99/><E99/><V125/><F125/><W76/><G89/><T57/><AGARI ba="0,1" hai="16,20,26,33,34,35,39,43,45,57,60,64,102,103" machi="57" ten="30,6000,0" yaku="1,1,0,1,54,1,53,0" doraHai="27" doraHaiUra="77" who="0" fromWho="0" sc="240,70,250,-20,250,-20,250,-20" /><INIT seed="0,1,0,4,3,93" ten="310,230,230,230" oya="0" hai0="119,124,27,56,64,47,127,26,89,112,101,81,28" hai1="80,113,100,88,125,15,94,46,41,77,73,35,62" hai2="117,33,60,48,9,129,104,98,10,92,116,109,67" hai3="43,61,18,130,71,31,13,59,58,53,106,23,96"/><T102/><D112/><U20/><E125/><N who="0" m="48201" /><D119/><N who="2" m="45642" /><F104/><W51/><G130/><T121/><D121/><U103/><E113/><V70/><F109/><W39/><G71/><T87/><D47/><U134/><E35/><V37/><F37/><W5/><G39/><T29/><D64/><U128/><E128/><V3/><F33/><W0/><G43/><T30/><D56/><U52/><E134/><V123/><F129/><W111/><G111/><T22/><D26/><U84/><E15/><V105/><F105/><W131/><G131/><T55/><D55/><U74/><E20/><V115/><F115/><W135/><G135/><T2/><D2/><U42/><E74/><V8/><F48/><W110/><G110/><T54/><D54/><U133/><E133/><V45/><F45/><W50/><G31/><AGARI ba="1,0" hai="22,27,28,29,30,31,81,87,89,101,102" m="48201" machi="31" ten="30,1500,0" yaku="18,1" doraHai="93" who="0" fromWho="3" sc="310,18,230,0,230,0,230,-18" /><INIT seed="0,2,0,2,5,133" ten="328,230,230,212" oya="0" hai0="66,82,109,45,117,8,24,32,57,53,87,124,14" hai1="116,29,46,54,123,79,112,110,106,105,73,68,103" hai2="61,69,1,21,96,91,42,58,113,85,13,11,76" hai3="119,47,64,134,122,48,65,51,20,101,52,102,90"/><T125/><D117/><U80/><E68/><V18/><F69/><W2/><G134/><T74/><D74/><U93/><E29/><V75/><F113/><W95/><G119/><T23/><D32/><U25/><E25/><V5/><F42/><W129/><G2/><T22/><D66/><N who="3" m="25705" /><G129/><T84/><D45/><U40/><E116/><V12/><F96/><N who="3" m="57463" /><G122/><T118/><D118/><U33/><E33/><V17/><F76/><W37/><G37/><T98/><D98/><U111/><E123/><V63/><F58/><N who="3" m="33031" /><G20/><T31/><D22/><U43/><E112/><V56/><F56/><W30/><G30/><T34/><D34/><U104/><E54/><AGARI ba="2,0" hai="47,51,54,101,102" m="33031,57463,25705" machi="54" ten="30,2000,0" yaku="8,1,54,1" doraHai="133" who="3" fromWho="1" sc="328,0,230,-26,230,0,212,26" /><INIT seed="1,0,0,5,4,115" ten="328,204,230,238" oya="1" hai0="15,96,20,59,4,45,11,65,92,106,100,95,12" hai1="133,114,108,7,29,49,85,123,82,93,13,110,76" hai2="60,111,118,25,69,22,61,79,86,3,68,81,40" hai3="8,97,94,120,128,112,119,102,50,19,37,54,31"/><U134/><E114/><V83/><F111/><N who="1" m="42537" /><E123/><V35/><F3/><W131/><G112/><T64/><D45/><U6/><E29/><V24/><F40/><W77/><G120/><T91/><D59/><U98/><E49/><V67/><F35/><W103/><G37/><T109/><D109/><U80/><E13/><V14/><F14/><N who="3" m="7623" /><G77/><T104/><D104/><U10/><E10/><V129/><F129/><N who="3" m="49739" /><G31/><T99/><D106/><U47/><E47/><V52/><F79/><W51/><G119/><T101/><D91/><N who="1" m="51623" /><E7/><V113/><F118/><W116/><G116/><T18/><AGARI ba="0,0" hai="4,11,12,15,18,20,64,65,92,95,96,99,100,101" machi="18" ten="30,4000,0" yaku="0,1,9,1,8,1" doraHai="115" who="0" fromWho="0" sc="328,40,204,-20,230,-10,238,-10" /><INIT seed="2,0,0,5,5,128" ten="368,184,220,228" oya="2" hai0="16,121,54,97,70,28,8,56,62,84,10,7,18" hai1="126,17,37,99,101,72,71,50,26,86,64,102,100" hai2="112,21,24,122,107,83,116,134,47,41,13,119,130" hai3="81,91,4,46,59,25,32,111,58,108,55,45,1"/><V98/><F112/><W22/><G32/><T48/><D121/><U23/><E126/><V19/><F122/><W67/><G1/><T15/><D28/><U52/><E37/><V69/><F130/><W27/><G4/><T34/><D34/><U12/><E72/><V30/><F69/><W120/><G120/><T77/><D97/><U49/><E49/><V92/><F83/><W118/><G118/><T113/><D113/><U44/><E64/><V96/><F134/><W133/><G133/><T5/><D70/><U76/><E71/><V6/><F6/><W90/><G67/><T87/><D62/><U60/><E60/><V38/><F107/><W51/><G81/><N who="0" m="47151" /><D87/><U85/><E76/><V88/><REACH who="2" step="1"/><F96/><REACH who="2" ten="368,184,210,228" step="2"/><W103/><G111/><T106/><D106/><U123/><E123/><V74/><F74/><W125/><G108/><T57/><D57/><U89/><E99/><V39/><F39/><W132/><G59/><T135/><D135/><U9/><REACH who="1" step="1"/><E89/><REACH who="1" ten="368,174,210,228" step="2"/><V117/><F117/><W105/><G90/><T109/><D109/><U3/><E3/><V115/><F115/><W73/><G91/><T129/><D129/><U43/><E43/><V124/><F124/><W75/><G125/><T80/><D80/><U63/><E63/><V53/><F53/><W110/><G55/><T114/><D114/><U65/><E65/><V35/><AGARI ba="0,2" hai="13,19,21,24,30,35,38,41,47,88,92,98,116,119" machi="35" ten="20,12000,1" yaku="1,1,0,1,7,1,54,1,53,1" doraHai="128" doraHaiUra="68" who="2" fromWho="2" sc="368,-40,174,-40,210,140,228,-40" /><INIT seed="2,1,0,0,3,59" ten="328,134,350,188" oya="2" hai0="69,74,109,91,19,119,97,58,56,7,130,80,46" hai1="92,2,105,107,111,33,101,70,73,21,117,133,123" hai2="126,125,83,9,128,93,4,54,76,124,72,66,100" hai3="43,5,77,24,17,41,48,39,110,38,15,68,85"/><V44/><F128/><W65/><G110/><T25/><D69/><U99/><RYUUKYOKU type="yao9" ba="1,0" sc="328,0,134,0,350,0,188,0" hai1="2,21,33,70,73,92,99,101,105,107,111,117,123,133" /><INIT seed="2,2,0,3,4,31" ten="328,134,350,188" oya="2" hai0="39,22,2,60,102,129,81,50,9,108,37,38,63" hai1="67,17,24,44,52,83,27,122,74,69,111,13,47" hai2="15,126,45,14,101,133,33,78,106,109,71,61,80" hai3="64,26,112,82,117,120,91,124,113,89,84,132,23"/><V7/><F126/><W110/><G117/><T34/><D108/><U118/><E111/><V8/><F133/><W77/><G110/><T97/><D129/><U131/><E131/><V86/><F33/><W68/><G120/><T130/><D130/><U98/><E122/><V104/><F101/><W19/><G124/><T35/><D22/><U56/><E118/><V114/><F114/><N who="3" m="44139" /><G132/><T40/><D81/><U10/><E69/><V62/><F45/><W119/><G119/><T88/><D88/><N who="3" m="33865" /><G68/><T125/><D125/><U107/><E67/><AGARI ba="2,0" hai="19,23,26,64,67,77,82,84" m="33865,44139" machi="67" ten="30,2000,0" yaku="11,1,54,1" doraHai="31" who="3" fromWho="1" sc="328,0,134,-26,350,0,188,26" /><INIT seed="3,0,0,0,3,74" ten="328,108,350,214" oya="3" hai0="104,26,48,46,106,68,81,123,125,127,23,3,14" hai1="15,80,128,4,12,117,114,69,105,44,122,9,63" hai2="52,129,76,57,13,31,75,30,73,124,2,22,126" hai3="42,62,41,84,134,72,93,24,121,17,11,60,61"/><W94/><G121/><T16/><D123/><U99/><E122/><V54/><F2/><W112/><G72/><T85/><D3/><U98/><E114/><V6/><F129/><W66/><G112/><T71/><D26/><U108/><E128/><V116/><F116/><W25/><G134/><T18/><D18/><U27/><E108/><V77/><F6/><W135/><G135/><T35/><D35/><U79/><E117/><V113/><F113/><W39/><G39/><T51/><D104/><U88/><E105/><V45/><F45/><W28/><G66/><T50/><D106/><U100/><E27/><N who="3" m="10314" /><G28/><N who="2" m="10793" /><F75/><W65/><G65/><T109/><D46/><U40/><E69/><V131/><F73/><W97/><G84/><T91/><REACH who="0" step="1"/><D109/><REACH who="0" ten="318,108,350,214" step="2"/><U133/><E133/><V32/><F32/><W86/><G86/><T7/><D7/><U37/><E15/><V10/><F131/><W20/><G11/><T110/><D110/><U120/><E120/><V118/><F118/><W8/><G8/><T70/><AGARI ba="0,1" hai="14,16,23,48,50,51,68,70,71,81,85,91,125,127" machi="70" ten="40,5200,0" yaku="1,1,0,1,54,1,53,0" doraHai="74" doraHaiUra="21" who="0" fromWho="0" sc="318,62,108,-13,350,-13,214,-26" owari="380,48.0,95,-40.5,337,13.7,188,-21.2" /></mjloggm>