<mjloggm ver="2.3"><GO type="225" lobby="0"/><UN n0="%E6%97%A5%E6%9B%9C%E6%97%A5%E3%82%88%E3%82%8A%E3%81%AE%E4%BD%BF%E8%80%85" n1="%E6%A1%9C%E8%8A%B1%E9%96%83%E3%80%85" n2="%E5%B0%8F%E9%B3%A5%E9%81%8A%E7%B7%B4%E7%84%A1%32%31%E6%AD%B3" n3="%E3%81%A9%E3%82%93%E3%82%88%E3%81%8F%4D%6B%2E%32" dan="17,17,17,16" rate="2198.67,2199.56,2158.39,2143.23" sx="M,M,F,M"/><TAIKYOKU oya="0"/><INIT seed="0,0,0,3,4,29" ten="250,250,250,250" oya="0" hai0="46,40,44,77,85,12,7,70,133,55,95,54,15" hai1="43,11,130,75,121,4,33,3,76,13,45,14,93" hai2="79,27,30,48,78,104,17,49,61,42,111,53,92" hai3="41,88,126,110,74,20,28,89,114,100,58,109,10"/><T106/><D106/><U83/><E121/><V22/><F104/><W25/><G114/><T2/><D70/><U34/><E130/><V66/><F111/><N who="3" m="42507" /><G74/><T81/><D133/><U127/><E127/><V32/><F42/><W52/><G126/><T47/><D2/><U37/><E93/><V94/><F78/><W86/><G41/><T16/><D40/><U1/><E1/><V97/><F79/><W5/><G86/><T98/><D7/><U82/><E82/><V120/><F53/><W71/><G100/><N who="0" m="60511" /><D15/><AGARI ba="0,0" hai="3,4,11,13,14,15,33,34,37,43,45,75,76,83" machi="15" ten="40,8000,1" yaku="25,2,52,2" doraHai="29" who="1" fromWho="0" sc="250,-80,250,80,250,0,250,0" /><INIT seed="1,0,0,4,5,3" ten="170,330,250,250" oya="1" hai0="100,75,48,116,50,79,16,25,19,86,118,68,40" hai1="84,27,128,45,0,2,106,96,6,13,81,94,44" hai2="88,80,83,31,105,17,108,33,135,29,110,122,97" hai3="102,53,129,78,9,46,66,134,15,92,49,34,28"/><U56/><E106/><V120/><F33/><W58/><G34/><T23/><D75/><U126/><E126/><V1/><F1/><W107/><G107/><T117/><D68/><U20/><E128/><V7/><F17/><W39/><G129/><T99/><D19/><N who="1" m="12703" /><E0/><V18/><F18/><W52/><G134/><T38/><D38/><U111/><E2/><V41/><F41/><W61/><G78/><T62/><D62/><U73/><E56/><V22/><F105/><W32/><G39/><T71/><D71/><U131/><E73/><V69/><F69/><W76/><G76/><T26/><D26/><U55/><E55/><V74/><F74/><W67/><G28/><T51/><D40/><U133/><E111/><N who="2" m="42539" /><F135/><W11/><G11/><T60/><D60/><U63/><E63/><V104/><F31/><W8/><G8/><T36/><D36/><U85/><E85/><V54/><F54/><W119/><G32/><T124/><D124/><U90/><E133/><V115/><F104/><W112/><G119/><T93/><REACH who="0" step="1"/><D118/><REACH who="0" ten="160,330,250,250" step="2"/><U98/><E131/><V91/><F120/><W77/><G53/><T89/><D89/><N who="1" m="51343" /><E98/><V127/><F97/><N who="3" m="59687" /><G77/><T64/><D64/><U101/><E90/><V47/><F91/><W57/><G67/><T70/><D70/><U10/><AGARI ba="0,1" hai="6,10,13,44,45,94,96,101" m="51343,12703" machi="10" ten="30,3000,0" yaku="8,1,52,1" doraHai="3" who="1" fromWho="1" sc="160,-10,330,40,250,-10,250,-10" /><INIT seed="1,1,0,2,4,59" ten="150,370,240,240" oya="1" hai0="50,104,40,11,82,108,134,58,25,98,37,6,111" hai1="114,100,9,90,28,69,132,121,93,66,81,65,70" hai2="109,72,34,36,128,18,10,67,1,44,4,135,33" hai3="5,22,2,7,42,125,101,51,80,85,21,112,23"/><U91/><E114/><V62/><F109/><N who="0" m="42058" /><D134/><U47/><E121/><V110/><F110/><W48/><G112/><T131/><D131/><U122/><E122/><V64/><F135/><W32/><G32/><T105/><D37/><U68/><E132/><V55/><F18/><W123/><G123/><T56/><D25/><U73/><E28/><V63/><F128/><W124/><G101/><N who="0" m="62519" /><D105/><U76/><E47/><V133/><F133/><W60/><G2/><N who="0" m="471" /><D82/><U24/><E24/><V39/><F36/><W49/><G42/><T119/><D119/><U130/><E9/><V127/><F39/><W17/><G17/><T38/><D38/><U16/><E16/><V57/><F34/><W83/><G85/><T77/><D77/><U45/><E130/><V54/><F33/><W52/><G5/><T30/><D30/><U84/><E91/><V35/><F35/><W99/><G7/><T53/><D40/><U106/><E106/><V96/><F4/><W94/><G83/><T97/><D97/><U27/><E27/><V79/><F96/><W115/><G80/><T116/><D116/><U46/><E100/><V41/><F41/><W15/><G15/><T12/><D12/><U75/><E75/><V95/><F72/><W120/><G120/><T117/><D117/><U102/><E102/><V86/><F1/><W74/><G74/><T3/><D3/><U31/><E31/><V0/><F0/><W87/><G115/><T14/><D14/><U78/><E78/><V113/><F79/><W19/><G99/><T71/><D71/><U92/><E92/><V129/><F129/><RYUUKYOKU ba="1,0" sc="150,15,370,15,240,-15,240,-15" hai0="50,53,56,58" hai1="45,46,65,66,68,69,70,73,76,81,84,90,93" /><INIT seed="1,2,0,4,3,15" ten="165,385,225,225" oya="1" hai0="37,112,122,26,52,73,9,7,41,118,131,47,42" hai1="30,32,31,108,125,69,77,34,109,54,107,75,55" hai2="89,53,51,96,17,98,23,67,78,49,66,135,62" hai3="5,13,64,6,22,84,61,11,4,56,36,99,123"/><U58/><E69/><V57/><F135/><W132/><G132/><T133/><D133/><U79/><E58/><V117/><F78/><N who="1" m="29705" /><E107/><V116/><F116/><W10/><G36/><T100/><D118/><U113/><E75/><V80/><F117/><W126/><G123/><T115/><D73/><U50/><E50/><N who="2" m="18955" /><F80/><W76/><G126/><T39/><D100/><U119/><E119/><V74/><F74/><W97/><G76/><T2/><D122/><U130/><E113/><V19/><F23/><W124/><G124/><T94/><D131/><U120/><E120/><V8/><F8/><W103/><G84/><T105/><D105/><U20/><E20/><V70/><F70/><W21/><G6/><T25/><D94/><U128/><E125/><V65/><F89/><W24/><G24/><T114/><REACH who="0" step="1"/><D52/><REACH who="0" ten="155,385,225,225" step="2"/><N who="1" m="20011" /><E130/><V3/><F3/><W0/><G99/><AGARI ba="2,1" hai="17,19,53,57,62,65,66,67,96,98,99" m="18955" machi="99" ten="30,3900,0" yaku="8,1,52,2" doraHai="15" who="2" fromWho="3" sc="155,0,385,0,225,55,225,-45" /><INIT seed="2,0,0,5,3,5" ten="155,385,280,180" oya="2" hai0="108,98,93,117,70,100,4,8,0,14,1,104,112" hai1="54,49,65,73,25,132,24,18,75,129,85,3,127" hai2="101,44,113,57,37,53,89,82,12,16,45,133,120" hai3="86,56,90,51,119,58,80,35,38,131,43,9,110"/><V96/><F120/><W88/><G119/><T74/><D112/><U107/><E107/><V83/><F37/><W33/><G131/><T17/><D70/><U124/><E3/><V106/><F133/><W55/><G110/><T102/><D108/><U92/><E65/><V6/><F6/><W32/><G38/><T125/><D117/><U40/><E40/><V39/><F39/><W10/><G43/><T61/><D125/><N who="1" m="48203" /><E129/><V27/><F27/><N who="1" m="10313" /><E18/><V115/><F115/><W36/><G36/><T34/><D34/><U69/><E69/><V109/><F109/><W2/><G2/><T99/><D74/><U7/><E7/><V11/><F113/><W79/><G58/><T87/><D4/><U105/><E105/><V19/><F19/><W72/><REACH who="3" step="1"/><G90/><REACH who="3" ten="155,385,280,170" step="2"/><T95/><REACH who="0" step="1"/><D61/><REACH who="0" ten="145,385,280,170" step="2"/><U76/><E132/><V29/><F89/><AGARI ba="0,2" hai="0,1,8,14,17,87,89,93,95,98,99,100,102,104" machi="89" ten="40,5200,0" yaku="1,1,2,1,52,1,53,0" doraHai="5" doraHaiUra="121" who="0" fromWho="2" sc="145,72,385,0,280,-52,170,0" /><INIT seed="3,0,0,5,1,102" ten="217,385,228,170" oya="3" hai0="132,51,66,15,111,68,79,126,119,100,23,58,11" hai1="53,75,97,84,91,27,12,67,81,87,60,9,94" hai2="73,1,24,38,103,74,4,64,54,123,65,92,48" hai3="105,6,120,131,45,72,33,109,46,116,8,89,37"/><W83/><G120/><T47/><D119/><U55/><E27/><V90/><F38/><W26/><G116/><T134/><D111/><U96/><E75/><V125/><F103/><W5/><G5/><T85/><D68/><U36/><E36/><V113/><F123/><W28/><G131/><T41/><D100/><U101/><E96/><V44/><F113/><W59/><G109/><T77/><D23/><U62/><E87/><V43/><F24/><W31/><G31/><T21/><D21/><U25/><E25/><V104/><F104/><W106/><G59/><T78/><D126/><U133/><E133/><N who="0" m="51305" /><D85/><U82/><E82/><V18/><F125/><W86/><G72/><T29/><D29/><U93/><E81/><V118/><F74/><W10/><G10/><T30/><D30/><U32/><E32/><V42/><F73/><W124/><G124/><T20/><D20/><U107/><E107/><V98/><F118/><W49/><G37/><T112/><D112/><U76/><E76/><V16/><F4/><W0/><REACH who="3" step="1"/><G45/><REACH who="3" ten="217,385,228,160" step="2"/><T128/><D128/><U57/><E57/><V61/><F44/><W17/><G17/><N who="0" m="8447" /><D58/><N who="1" m="37335" /><E60/><V127/><F61/><W35/><G35/><T50/><D66/><U19/><AGARI ba="0,1" hai="9,12,19,53,55,84,91,93,94,97,101" m="37335" machi="19" ten="30,1100,0" yaku="8,1" doraHai="102" who="1" fromWho="1" sc="217,-3,385,21,228,-3,160,-5" owari="214,-18.6,406,50.6,225,2.5,155,-34.5" /></mjloggm>