<mjloggm ver="2.3"><GO type="225" lobby="0"/><UN n0="%E3%81%90%E3%81%A1%E3%82%84%E3%81%BE" n1="%E6%A1%9C%E8%8A%B1%E9%96%83%E3%80%85" n2="%E3%83%A9%E3%82%A4%E3%83%B3%E3%81%AE%E8%99%8E" n3="%E6%98%93%E5%88%A9%E8%96%A9%E4%BC%AF" dan="16,16,16,17" rate="2118.10,2112.36,2146.30,2143.47" sx="M,M,M,F"/><TAIKYOKU oya="0"/><INIT seed="0,0,0,3,4,75" ten="250,250,250,250" oya="0" hai0="76,130,22,60,124,9,97,101,24,21,12,134,102" hai1="47,70,52,77,43,127,116,0,56,89,50,99,73" hai2="84,5,100,93,25,121,109,117,31,131,95,79,30" hai3="111,133,90,62,49,126,120,59,74,29,46,2,92"/><T78/><D130/><U125/><E116/><V63/><F121/><W17/><G111/><T42/><D124/><N who="1" m="47691" /><E0/><V15/><F109/><W6/><G126/><T69/><D134/><U105/><E70/><V110/><F110/><W87/><G133/><T80/><D42/><U53/><E89/><V37/><F37/><W64/><G74/><T27/><D69/><U83/><E56/><V8/><F131/><W119/><G119/><T1/><D1/><U39/><E39/><V18/><F117/><W85/><G29/><N who="2" m="10761" /><F100/><AGARI ba="0,0" hai="43,47,50,52,53,73,77,83,99,100,105" m="47691" machi="100" ten="30,3900,0" yaku="18,1,52,1,54,1" doraHai="75" who="1" fromWho="2" sc="250,0,250,39,250,-39,250,0" /><INIT seed="1,0,0,3,2,12" ten="250,289,211,250" oya="1" hai0="8,130,83,52,45,102,53,110,43,96,116,17,50" hai1="27,10,114,88,118,63,131,117,41,122,26,76,33" hai2="22,135,87,113,14,111,86,16,62,71,89,49,6" hai3="67,99,77,79,132,28,38,20,107,32,93,105,59"/><U56/><E114/><V66/><F111/><W46/><G32/><T103/><D116/><U74/><E122/><V42/><F135/><W65/><G38/><T55/><D110/><U36/><E131/><V2/><F113/><W127/><G127/><T19/><D130/><U29/><E10/><V80/><F2/><W31/><G46/><T68/><D68/><U57/><E26/><V81/><F6/><W126/><G126/><T11/><D83/><U92/><E76/><V85/><REACH who="2" step="1"/><F89/><REACH who="2" ten="250,289,201,250" step="2"/><W101/><G132/><T40/><D40/><U69/><E41/><V15/><F15/><W58/><G107/><T108/><D108/><U30/><E118/><V7/><F7/><W120/><G105/><T104/><REACH who="0" step="1"/><D103/><REACH who="0" ten="240,289,201,250" step="2"/><U90/><E117/><V121/><F121/><W5/><G101/><T47/><D47/><AGARI ba="0,2" hai="14,16,22,42,47,49,62,66,71,80,81,85,86,87" machi="47" ten="40,8000,1" yaku="1,1,52,1,54,1,53,1" doraHai="12" doraHaiUra="9" who="2" fromWho="0" sc="240,-80,289,0,201,100,250,0" /><INIT seed="2,0,0,0,0,127" ten="160,289,301,250" oya="2" hai0="63,32,30,122,77,16,23,130,55,11,59,58,12" hai1="103,81,134,45,78,14,71,39,106,79,13,101,44" hai2="9,4,21,49,7,64,108,85,86,65,96,60,128" hai3="131,113,104,74,68,82,43,111,47,112,24,67,89"/><V115/><F115/><N who="3" m="44107" /><G104/><T109/><D122/><U135/><E106/><V125/><F125/><W98/><G111/><T120/><D120/><U53/><E71/><V31/><F108/><W129/><G24/><T42/><D109/><U54/><E81/><V99/><F49/><N who="3" m="26879" /><G68/><T126/><D126/><U8/><E8/><V10/><F21/><W88/><G67/><T51/><D77/><U93/><E93/><V15/><F31/><W35/><G35/><T66/><D42/><U18/><E18/><V29/><F29/><W69/><G69/><T48/><D130/><N who="3" m="49673" /><G98/><T132/><D132/><U52/><E54/><V41/><F128/><W57/><G57/><T61/><REACH who="0" step="1"/><D32/><REACH who="0" ten="150,289,301,250" step="2"/><U3/><E39/><V100/><F41/><W92/><G92/><T50/><D50/><U26/><E134/><V19/><F60/><W116/><G116/><T37/><D37/><U119/><E135/><V27/><F100/><W75/><G75/><T107/><D107/><U36/><E36/><V123/><F123/><W6/><G6/><T105/><D105/><U87/><E103/><V22/><F4/><W46/><G46/><T73/><D73/><U72/><E101/><V5/><F7/><W20/><G74/><T25/><AGARI ba="0,1" hai="11,12,16,23,25,30,48,51,55,58,59,61,63,66" machi="25" ten="30,7900,0" yaku="1,1,0,1,8,1,54,1,53,0" doraHai="127" doraHaiUra="2" who="0" fromWho="0" sc="150,89,289,-20,301,-39,250,-20" /><INIT seed="3,0,0,4,2,0" ten="239,269,262,230" oya="3" hai0="32,98,14,83,56,63,59,39,20,74,58,30,119" hai1="60,44,85,94,118,78,82,23,13,46,26,29,53" hai2="48,104,134,86,115,96,55,49,8,80,97,99,62" hai3="111,43,9,124,72,18,17,37,16,127,21,102,101"/><W105/><G72/><T75/><D119/><U15/><E118/><V3/><F104/><W109/><G21/><T25/><D39/><U121/><E121/><V87/><F115/><W1/><G37/><T33/><D63/><U108/><E108/><N who="3" m="41546" /><G43/><T11/><D98/><U100/><E60/><V35/><F35/><W79/><G79/><T71/><D71/><U103/><E53/><V12/><F3/><W130/><G130/><T112/><D112/><U47/><E94/><V65/><F134/><W122/><G122/><T77/><REACH who="0" step="1"/><D74/><REACH who="0" ten="229,269,262,230" step="2"/><U7/><E103/><N who="3" m="39434" /><G105/><T70/><D70/><U106/><E106/><V22/><F97/><W50/><G50/><T91/><D91/><U38/><E100/><V107/><F99/><W89/><G89/><T116/><D116/><U73/><E38/><V19/><F96/><W40/><G40/><T68/><D68/><U2/><E73/><V42/><F107/><W90/><G90/><T5/><AGARI ba="0,1" hai="5,11,14,20,25,30,32,33,56,58,59,75,77,83" machi="5" ten="30,8000,1" yaku="1,1,0,1,52,1,53,2" doraHai="0" doraHaiUra="31" who="0" fromWho="0" sc="229,90,269,-20,262,-20,230,-40" owari="319,41.9,249,4.9,242,-15.8,190,-31.0" /></mjloggm>