<mjloggm ver="2.3"><GO type="225" lobby="0"/><UN n0="%E3%82%A4%E3%83%BC%E3%82%B1%E3%83%97%E3%83%A9" n1="%E7%99%BD%E5%80%89%E5%AF%9B%E4%B9%8B" n2="%79%7A%68%61%6E%67" n3="%E3%83%81%E3%83%A7%E3%83%99%E3%83%83%E3%82%AF" dan="17,16,17,16" rate="2216.22,2129.10,2187.67,2113.99" sx="M,M,M,M"/><TAIKYOKU oya="0"/><INIT seed="0,0,0,4,1,27" ten="250,250,250,250" oya="0" hai0="24,88,90,18,30,126,39,97,116,4,75,111,49" hai1="31,91,46,128,122,76,55,109,104,133,42,96,19" hai2="62,1,66,71,112,44,123,108,21,53,135,73,59" hai3="25,61,47,105,119,23,63,48,95,124,37,125,121"/><T41/><D116/><U115/><E122/><V6/><F123/><W101/><G37/><T69/><D69/><U85/><E109/><V87/><F73/><W3/><G3/><T98/><D75/><U120/><E133/><V34/><F34/><W81/><G105/><T45/><D126/><N who="3" m="48745" /><G81/><T103/><D4/><U89/><E128/><V33/><F33/><W52/><G119/><T77/><D77/><U129/><E129/><V12/><F108/><W57/><G121/><T13/><D39/><U68/><E68/><V10/><F135/><W16/><G47/><T65/><D65/><U2/><E2/><V15/><F112/><W86/><G86/><T134/><D111/><U32/><E85/><V38/><F87/><W93/><G93/><N who="0" m="58799" /><D98/><AGARI ba="0,0" hai="16,23,25,48,52,57,61,63,95,98,101" m="48745" machi="98" ten="30,3900,0" yaku="18,1,54,2" doraHai="27" who="3" fromWho="0" sc="250,-39,250,0,250,0,250,39" /><INIT seed="1,0,0,4,2,125" ten="211,250,250,289" oya="1" hai0="66,75,35,81,40,6,67,83,34,134,106,44,80" hai1="110,33,111,30,130,93,7,47,82,32,5,68,116" hai2="20,84,94,120,105,77,133,27,3,78,123,86,18" hai3="14,103,45,96,70,1,74,59,57,41,102,55,73"/><U8/><E68/><V91/><F105/><W69/><G1/><T109/><D106/><U112/><E116/><V72/><F133/><W127/><G69/><T19/><D134/><U12/><E112/><V115/><F115/><W98/><G70/><T29/><D75/><U37/><E93/><V63/><F3/><W53/><G14/><T21/><D6/><N who="1" m="3095" /><E82/><V97/><F72/><W132/><G132/><T11/><D11/><U108/><E47/><V50/><F50/><W9/><G9/><T15/><D109/><U58/><E58/><V31/><F63/><W28/><G45/><T39/><REACH who="0" step="1"/><D29/><REACH who="0" ten="201,250,250,289" step="2"/><U25/><E37/><V22/><F120/><W122/><G28/><T117/><D117/><U24/><E33/><AGARI ba="0,1" hai="15,19,21,33,34,35,39,40,44,66,67,80,81,83" machi="33" ten="40,2600,0" yaku="1,1,53,1" doraHai="125" doraHaiUra="43" who="0" fromWho="1" sc="201,36,250,-26,250,0,289,0" /><INIT seed="2,0,0,3,1,33" ten="237,224,250,289" oya="2" hai0="88,105,80,48,125,19,79,41,53,1,35,120,117" hai1="110,129,72,61,130,56,11,93,2,94,36,83,104" hai2="92,13,84,124,27,98,45,115,91,59,73,90,15" hai3="119,58,96,46,78,32,133,52,82,10,14,50,121"/><V76/><F115/><W42/><G121/><T111/><D120/><U63/><E104/><V0/><F0/><W123/><G32/><T102/><D35/><U23/><E36/><V49/><F124/><W65/><G133/><T40/><D111/><U107/><E107/><V34/><F59/><W51/><G119/><T29/><D1/><U118/><E118/><V122/><F122/><W26/><G26/><T21/><D29/><U30/><E110/><V25/><F76/><W70/><G70/><T55/><D102/><U77/><E30/><V66/><F66/><W8/><G65/><T89/><D105/><U9/><E23/><V67/><F67/><W47/><G96/><T97/><D125/><U113/><E113/><V31/><F73/><W126/><G126/><T131/><D55/><N who="1" m="33951" /><E63/><V43/><REACH who="2" step="1"/><F27/><REACH who="2" ten="237,224,240,289" step="2"/><W81/><G78/><T6/><D79/><U5/><E11/><V116/><F116/><W127/><G8/><T106/><D117/><U99/><E99/><V114/><F114/><W112/><G112/><T17/><D97/><U85/><E72/><V54/><F54/><N who="3" m="32087" /><G127/><T128/><D53/><U57/><E57/><V101/><F101/><W44/><G123/><T75/><D75/><U4/><E77/><V3/><F3/><W135/><G135/><T20/><D131/><U100/><E130/><V86/><F86/><W64/><G64/><T12/><D128/><U109/><E129/><V71/><F71/><W38/><G46/><T108/><D108/><U39/><E109/><V7/><F7/><N who="3" m="3423" /><G44/><N who="0" m="25607" /><D6/><U68/><E5/><V132/><F132/><W95/><G47/><RYUUKYOKU ba="0,1" sc="237,-10,224,-10,240,30,289,-10" hai2="13,15,25,31,34,43,45,49,84,90,91,92,98" /><INIT seed="2,1,1,1,2,70" ten="227,214,270,279" oya="2" hai0="114,95,7,64,119,91,47,31,62,5,103,18,59" hai1="117,69,130,56,21,84,128,23,48,34,2,33,90" hai2="115,116,106,58,60,87,49,24,32,81,65,77,44" hai3="125,112,50,51,67,13,12,93,68,35,83,82,66"/><V37/><F116/><W104/><G68/><T14/><D114/><U74/><E69/><V55/><F115/><W85/><G104/><T101/><D31/><U127/><E74/><V118/><F118/><W92/><G112/><T89/><D119/><U20/><E2/><V27/><F106/><W107/><G107/><T57/><D47/><U3/><E3/><V79/><F32/><W75/><G75/><T86/><D91/><U102/><E102/><N who="0" m="38921" /><D59/><U38/><E38/><V9/><F37/><W36/><G36/><T108/><D108/><U41/><E117/><V15/><REACH who="2" step="1"/><F77/><REACH who="2" ten="227,214,260,279" step="2"/><W10/><G35/><T8/><AGARI ba="1,2" hai="5,7,8,14,18,57,62,64,86,89,95" m="38921" machi="8" ten="30,1100,0" yaku="8,1" doraHai="70" who="0" fromWho="0" sc="227,34,214,-4,260,-6,279,-4" /><INIT seed="3,0,0,4,0,11" ten="261,210,254,275" oya="3" hai0="37,51,40,45,3,35,71,61,81,129,12,128,60" hai1="33,76,98,95,78,126,58,92,44,53,125,97,32" hai2="99,28,57,25,0,66,36,43,15,13,117,108,42" hai3="46,17,124,31,116,62,56,64,7,9,105,24,130"/><W50/><G105/><T85/><D3/><U94/><E44/><V107/><F117/><W120/><G130/><N who="0" m="50283" /><D35/><N who="1" m="13387" /><E58/><V102/><F0/><W55/><G124/><N who="1" m="47722" /><E53/><V113/><F113/><W114/><G114/><T29/><D29/><U21/><E21/><N who="2" m="15407" /><F107/><W96/><G120/><T74/><D74/><U26/><E26/><V89/><F89/><W52/><G116/><T133/><D133/><U80/><E80/><V93/><F108/><W104/><G31/><T100/><D100/><U131/><E131/><V121/><F121/><W30/><G30/><T119/><D119/><U27/><E27/><V4/><F4/><W127/><G127/><T84/><D37/><U106/><E106/><V109/><F109/><W18/><G24/><T38/><D38/><U68/><E68/><V14/><F36/><W54/><G104/><T112/><D112/><U8/><E8/><V87/><F87/><N who="0" m="33354" /><D81/><U91/><E91/><V82/><F82/><W65/><G96/><AGARI ba="0,0" hai="76,78,92,94,95,96,97,98" m="47722,13387" machi="96" ten="40,5200,0" yaku="28,2,18,1" doraHai="11" who="1" fromWho="3" sc="261,0,210,52,254,0,275,-52" /><INIT seed="4,0,0,2,1,111" ten="261,262,254,223" oya="0" hai0="15,103,123,119,89,78,48,100,132,122,21,68,50" hai1="77,7,81,61,60,55,127,102,88,110,117,31,53" hai2="19,90,10,39,63,30,107,42,113,71,62,92,94" hai3="108,0,16,131,2,34,29,26,20,59,115,38,28"/><T83/><D119/><U43/><E117/><V75/><F107/><W12/><G38/><T13/><D68/><U24/><E110/><V65/><F113/><W99/><G108/><T85/><D132/><U11/><E102/><V129/><F75/><W33/><G99/><T128/><D128/><U57/><E43/><V47/><F129/><W41/><G41/><T87/><D123/><U46/><E127/><V121/><F121/><W6/><G59/><T32/><D32/><N who="3" m="12393" /><G131/><T23/><D122/><U27/><E31/><N who="3" m="11850" /><G115/><T14/><D103/><U116/><E116/><V86/><F30/><N who="3" m="17735" /><G6/><T52/><D100/><U64/><E46/><V67/><F92/><W93/><G93/><N who="0" m="54447" /><D50/><U4/><E4/><V54/><F54/><W106/><G106/><T73/><D73/><U35/><E55/><V101/><F101/><W8/><AGARI ba="0,0" hai="0,2,8,12,16" m="17735,11850,12393" machi="8" ten="30,12000,2" yaku="35,5,54,1" doraHai="111" who="3" fromWho="3" sc="261,-60,262,-30,254,-30,223,120" owari="201,-29.9,232,3.2,224,-17.6,343,44.3" /></mjloggm>