<mjloggm ver="2.3"><GO type="225" lobby="0"/><UN n0="%41%6F%54" n1="%E3%83%A9%E3%83%BC%E3%83%A1%E3%83%B3%E4%BA%94%E9%83%8E" n2="%E3%83%A9%E3%82%B9%E7%8E%87%EF%BC%93%E5%89%B2" n3="%E3%81%BF%E3%81%BF%E3%81%9A" dan="16,16,16,18" rate="2070.20,2125.65,2213.52,2204.73" sx="M,M,F,M"/><TAIKYOKU oya="0"/><INIT seed="0,0,0,2,2,74" ten="250,250,250,250" oya="0" hai0="54,48,110,92,76,81,118,31,51,114,82,30,96" hai1="68,130,60,65,20,14,23,45,107,36,98,85,88" hai2="97,27,62,7,128,111,100,78,134,95,47,129,29" hai3="93,115,66,91,35,55,10,63,46,52,133,37,26"/><T67/><D114/><U99/><E130/><N who="2" m="50283" /><F7/><W131/><G115/><T38/><D118/><U80/><E107/><V87/><F47/><W3/><G131/><T109/><D38/><U108/><E108/><N who="0" m="41577" /><D67/><U101/><E14/><V83/><F62/><W0/><G133/><T61/><D82/><U126/><E126/><V6/><F6/><W121/><G121/><T24/><D61/><U39/><E98/><V15/><F15/><W41/><G10/><T53/><D48/><U40/><REACH who="1" step="1"/><E39/><REACH who="1" ten="250,240,250,250" step="2"/><V28/><F111/><W33/><G0/><T72/><D51/><U103/><E103/><V44/><F134/><W1/><G3/><T106/><D106/><U18/><E18/><V94/><F97/><W4/><G1/><T90/><D30/><U34/><E34/><AGARI ba="0,1" hai="24,31,34,53,54,72,76,81,90,92,96" m="41577" machi="34" ten="30,5800,0" yaku="14,1,10,1,52,1" doraHai="74" who="0" fromWho="1" sc="250,68,240,-58,250,0,250,0" /><INIT seed="0,1,0,3,4,76" ten="318,182,250,250" oya="0" hai0="47,85,124,132,7,16,67,123,105,11,108,39,27" hai1="61,56,78,89,2,75,36,5,51,103,110,12,83" hai2="4,96,23,117,101,66,121,8,129,116,30,125,50" hai3="118,26,21,48,126,9,20,0,95,62,60,119,38"/><T107/><D123/><U114/><E110/><V13/><F66/><W99/><G38/><T32/><D67/><U10/><E114/><V44/><F121/><W37/><G37/><T45/><D124/><U25/><E103/><V122/><F122/><W70/><G126/><T94/><D132/><U19/><E36/><V87/><F129/><W82/><G20/><T120/><D120/><U81/><E51/><V69/><F69/><W127/><G127/><T54/><D47/><U98/><E25/><V100/><F23/><W77/><G48/><T58/><D32/><U35/><E35/><V88/><F30/><W72/><G9/><T33/><D33/><U18/><E2/><V40/><F125/><W135/><G0/><T52/><D27/><U64/><REACH who="1" step="1"/><E98/><REACH who="1" ten="318,172,250,250" step="2"/><V90/><F101/><W109/><G109/><T111/><D39/><U34/><E34/><V128/><F128/><W68/><G135/><T91/><D108/><U134/><E134/><V93/><REACH who="2" step="1"/><F100/><REACH who="2" ten="318,172,240,250" step="2"/><N who="3" m="60543" /><G119/><T131/><D111/><U130/><E130/><V31/><F31/><W102/><G102/><T74/><D131/><U46/><E46/><V22/><F22/><W17/><G118/><T49/><D45/><U84/><AGARI ba="1,2" hai="5,10,12,18,19,56,61,64,75,78,81,83,84,89" machi="84" ten="30,7900,0" yaku="1,1,0,1,52,2,53,0" doraHai="76" doraHaiUra="71" who="1" fromWho="1" sc="318,-40,172,102,240,-21,250,-21" /><INIT seed="1,0,0,1,5,9" ten="278,274,219,229" oya="1" hai0="50,1,31,124,82,100,73,24,36,17,88,57,123" hai1="7,81,6,121,72,109,44,99,5,128,30,113,11" hai2="45,23,134,14,35,0,106,115,58,95,120,46,54" hai3="78,62,76,28,80,56,96,15,92,33,61,40,103"/><U75/><E113/><V107/><F0/><W77/><G40/><T3/><D36/><U68/><E121/><V19/><F35/><W22/><G33/><T18/><D123/><U98/><E68/><V79/><F120/><W93/><G93/><T10/><D124/><U39/><E128/><V4/><F4/><W84/><G61/><T135/><D100/><U111/><E30/><V116/><F116/><W104/><G104/><T91/><D73/><N who="1" m="28235" /><E81/><V83/><F134/><W119/><G119/><T110/><D110/><N who="1" m="41995" /><E11/><V25/><F115/><W16/><REACH who="3" step="1"/><G28/><REACH who="3" ten="278,274,219,219" step="2"/><T47/><D135/><U66/><E66/><AGARI ba="0,1" hai="15,16,22,56,62,66,76,77,78,80,84,92,96,103" machi="66" ten="30,12000,2" yaku="1,1,2,1,7,1,8,1,52,1,54,1,53,1" doraHai="9" doraHaiUra="94" who="3" fromWho="1" sc="278,0,274,-120,219,0,219,130" /><INIT seed="2,0,0,3,2,59" ten="278,154,219,349" oya="2" hai0="117,97,66,10,13,62,99,104,41,127,126,74,134" hai1="88,56,4,58,49,132,85,29,128,103,107,43,25" hai2="37,22,26,71,115,28,89,121,65,14,64,39,68" hai3="30,114,32,111,35,78,63,2,124,75,11,70,112"/><V94/><F115/><W17/><G111/><T15/><D74/><U76/><E132/><V119/><F119/><W82/><G124/><N who="0" m="47659" /><D117/><U44/><E128/><V80/><F121/><W96/><G96/><T45/><D134/><U125/><E125/><V67/><F80/><W9/><G17/><N who="0" m="8375" /><D15/><U52/><E4/><V122/><F122/><W12/><G12/><T47/><D47/><U109/><E109/><V118/><F118/><W24/><G32/><T113/><D104/><U0/><E0/><V3/><F3/><W108/><G108/><T129/><D129/><U83/><E107/><V135/><F135/><W131/><G131/><T106/><D106/><U77/><E103/><V19/><F39/><W93/><G93/><T105/><D105/><U50/><REACH who="1" step="1"/><E58/><REACH who="1" ten="278,144,219,349" step="2"/><V51/><F71/><W98/><G2/><T116/><D116/><U20/><AGARI ba="0,1" hai="20,25,29,43,44,49,50,52,56,76,77,83,85,88" machi="20" ten="20,12000,2" yaku="1,1,2,1,0,1,7,1,8,1,54,2,53,0" doraHai="59" doraHaiUra="101" who="1" fromWho="1" sc="278,-30,144,130,219,-60,349,-30" /><INIT seed="3,0,0,0,2,89" ten="248,274,159,319" oya="3" hai0="22,105,80,85,23,39,77,111,15,101,126,87,121" hai1="95,94,91,0,27,48,51,29,47,42,92,36,24" hai2="10,54,79,114,56,86,3,37,100,73,32,98,49" hai3="90,20,78,81,14,120,68,107,45,64,133,127,35"/><W38/><G120/><T106/><D121/><U67/><E0/><V88/><F37/><W1/><G35/><T76/><D111/><U62/><E91/><V43/><F32/><W122/><G1/><T7/><D39/><U82/><E82/><V53/><F114/><W8/><G107/><T28/><D126/><U12/><E12/><V9/><F3/><W72/><G20/><T103/><D80/><U113/><E113/><V104/><F43/><W30/><G30/><T108/><D108/><U116/><E116/><V21/><F21/><W96/><G122/><T63/><D63/><U74/><E74/><V118/><F118/><W124/><G64/><T31/><REACH who="0" step="1"/><D15/><REACH who="0" ten="238,274,159,319" step="2"/><U33/><REACH who="1" step="1"/><E24/><REACH who="1" ten="238,264,159,319" step="2"/><V69/><F69/><AGARI ba="0,2" hai="27,29,33,36,42,47,48,51,62,67,69,92,94,95" machi="69" ten="40,8000,1" yaku="1,1,2,1,52,3,53,0" doraHai="89" doraHaiUra="93" who="1" fromWho="2" sc="238,0,264,100,159,-80,319,0" owari="238,-16.2,364,46.4,79,-42.1,319,11.9" /></mjloggm>