<mjloggm ver="2.3"><GO type="225" lobby="0"/><UN n0="%5C%28%E2%89%A7%E2%96%BD%E2%89%A6%29%2F" n1="%E3%81%BF%E3%81%BF%E3%81%9A" n2="%33%74%72%65%65" n3="%E6%A1%9C%E8%8A%B1%E9%96%83%E3%80%85" dan="16,17,17,16" rate="2047.59,2236.43,2209.10,2132.31" sx="M,M,F,M"/><TAIKYOKU oya="0"/><INIT seed="0,0,0,1,1,60" ten="250,250,250,250" oya="0" hai0="62,38,128,58,118,68,97,126,99,110,55,98,106" hai1="17,133,82,29,89,93,121,108,13,80,7,15,76" hai2="102,4,12,90,91,61,79,45,31,77,130,6,132" hai3="101,51,49,25,131,83,41,65,14,44,26,74,135"/><T21/><D118/><U11/><E121/><V109/><F130/><W81/><G131/><T57/><D128/><U122/><E122/><V115/><F115/><W119/><G119/><T5/><D68/><U35/><E108/><V70/><F132/><W111/><G111/><T78/><D110/><U10/><E133/><V20/><F102/><W3/><G3/><T8/><D126/><U66/><E76/><N who="2" m="29259" /><F70/><W71/><G74/><T28/><D38/><U33/><E66/><V9/><F109/><W84/><G135/><T114/><D114/><U24/><REACH who="1" step="1"/><E35/><REACH who="1" ten="250,240,250,250" step="2"/><V125/><F125/><W34/><G34/><T40/><D78/><U48/><E48/><V37/><F37/><W95/><G51/><T47/><D106/><U85/><AGARI ba="0,1" hai="7,10,11,13,15,17,24,29,33,80,82,85,89,93" machi="85" ten="20,2700,0" yaku="1,1,0,1,7,1,53,0" doraHai="60" doraHaiUra="50" who="1" fromWho="1" sc="250,-13,240,37,250,-7,250,-7" /><INIT seed="1,0,0,3,4,83" ten="237,277,243,243" oya="1" hai0="20,122,99,54,29,78,65,44,21,49,117,114,8" hai1="47,48,62,5,25,22,111,130,116,81,40,64,75" hai2="119,129,50,43,88,28,19,135,109,42,126,128,58" hai3="14,121,73,51,80,131,36,118,108,134,123,92,85"/><U124/><E116/><V132/><F119/><W133/><G36/><T115/><D117/><U37/><E124/><V104/><F104/><W110/><G118/><T84/><D122/><N who="3" m="46601" /><G14/><T52/><D65/><U55/><E130/><N who="2" m="50283" /><F28/><W102/><G51/><N who="0" m="28775" /><D115/><U96/><E111/><N who="3" m="42538" /><G131/><T56/><D114/><U97/><E5/><V17/><F109/><W10/><G10/><T71/><D71/><U34/><E34/><V32/><F32/><W127/><G73/><T95/><D8/><U72/><E72/><V2/><F2/><W93/><G127/><T63/><D49/><U113/><E113/><V27/><F126/><W68/><G68/><T61/><D63/><U106/><E106/><V3/><F3/><W26/><G26/><T38/><D38/><U1/><E1/><V79/><F27/><W35/><G35/><T0/><D0/><U46/><E62/><V12/><F12/><W45/><G45/><T24/><D21/><U6/><E64/><V9/><F9/><W59/><G59/><T120/><D120/><U87/><E75/><V11/><F11/><W74/><G74/><T13/><D13/><U82/><E6/><V31/><F58/><W107/><G134/><T100/><D78/><N who="1" m="46519" /><E22/><V101/><F135/><W53/><G133/><T94/><D94/><U103/><E25/><V39/><F132/><W4/><G4/><T23/><D20/><U30/><E37/><V86/><F39/><W112/><G112/><T33/><D33/><U105/><E47/><V7/><F7/><W18/><G107/><T76/><D76/><U67/><E105/><V16/><F79/><RYUUKYOKU ba="0,0" sc="237,30,277,-10,243,-10,243,-10" hai0="23,24,29,54,56,61,84,95,99,100" /><INIT seed="2,1,0,5,5,122" ten="267,267,233,233" oya="2" hai0="51,40,34,0,62,102,47,21,22,98,128,66,111" hai1="88,86,64,3,84,11,8,72,125,95,29,6,80" hai2="131,106,101,135,104,50,41,10,9,82,117,126,42" hai3="96,56,74,4,61,93,118,90,81,91,2,71,108"/><V68/><F117/><W58/><G118/><T100/><D0/><U121/><E121/><V35/><F35/><W114/><G114/><T109/><D34/><U67/><E125/><V94/><F68/><W12/><G2/><T124/><D124/><U18/><E72/><V60/><F60/><W130/><G130/><T17/><D128/><U5/><E29/><V120/><F120/><W63/><G108/><N who="0" m="41547" /><D17/><U69/><E69/><V97/><F131/><W112/><G74/><T27/><D27/><U99/><E86/><V83/><F126/><W43/><G43/><T115/><D115/><U107/><E107/><V52/><F104/><W123/><G123/><T7/><D7/><U132/><E132/><V75/><F106/><W110/><G112/><T46/><D46/><U129/><E129/><V13/><F135/><W45/><G45/><T78/><D78/><U134/><E134/><V119/><F42/><W37/><G110/><T54/><D40/><U23/><E8/><V33/><F9/><W79/><G79/><T48/><D51/><U92/><E6/><N who="2" m="3287" /><F41/><W89/><G4/><T133/><D133/><U38/><E18/><V39/><F119/><W32/><G32/><T77/><D77/><U14/><E3/><V53/><F33/><W15/><G15/><T19/><D98/><U31/><E23/><N who="0" m="8713" /><D19/><U49/><E11/><V44/><F75/><W16/><G16/><T87/><D87/><U116/><E5/><V25/><F25/><W30/><G96/><T127/><D127/><U28/><E116/><V73/><F73/><W36/><G12/><T1/><D1/><RYUUKYOKU ba="1,0" sc="267,30,267,-10,233,-10,233,-10" hai0="47,48,54,62,66,100,102" /><INIT seed="3,2,0,4,5,37" ten="297,257,223,223" oya="3" hai0="112,98,101,18,132,45,14,75,114,23,97,110,65" hai1="22,91,118,85,73,89,52,28,54,126,111,107,69" hai2="80,81,4,36,105,30,48,43,125,0,128,102,88" hai3="44,100,121,67,53,117,103,83,20,64,9,108,46"/><W66/><G117/><T99/><D110/><U79/><E69/><V32/><F36/><W40/><G121/><T130/><D130/><U8/><E107/><V38/><F38/><W26/><G108/><T58/><D132/><U19/><E111/><V135/><F128/><W33/><G33/><T120/><D120/><U51/><E73/><V2/><F80/><W6/><G53/><T74/><D45/><N who="3" m="17513" /><G83/><T11/><D11/><U25/><E126/><V62/><F43/><W31/><G40/><T68/><D101/><N who="3" m="38985" /><G9/><T3/><D3/><U106/><E106/><V115/><F2/><W35/><G35/><T27/><D68/><U47/><E118/><V61/><F0/><W16/><G6/><T129/><D129/><U123/><E123/><V87/><F4/><W55/><G55/><T93/><D93/><U12/><E54/><V90/><F135/><W76/><G76/><T59/><D14/><U134/><E134/><V29/><F32/><W96/><G96/><T10/><D10/><U119/><E119/><V1/><F1/><W56/><G31/><T127/><D127/><U21/><E8/><V92/><F125/><W95/><G95/><T49/><D59/><AGARI ba="2,0" hai="16,20,26,56,59,64,66,67" m="38985,17513" machi="59" ten="30,2900,0" yaku="8,1,54,1" doraHai="37" who="3" fromWho="0" sc="297,-35,257,0,223,0,223,35" /><INIT seed="3,3,0,2,0,26" ten="262,257,223,258" oya="3" hai0="15,50,0,46,43,70,27,93,25,10,117,56,11" hai1="108,133,58,94,48,68,30,79,39,123,14,111,42" hai2="54,24,63,86,28,78,55,37,116,18,77,115,19" hai3="134,101,9,122,80,97,120,40,7,104,59,44,124"/><W125/><G59/><T36/><D117/><U128/><E123/><V112/><F116/><W87/><G134/><T4/><D70/><U67/><E133/><V65/><F37/><W62/><G62/><T17/><D93/><U129/><E79/><V8/><F115/><W20/><G20/><T60/><REACH who="0" step="1"/><D36/><REACH who="0" ten="252,257,223,258" step="2"/><U131/><E94/><V121/><F112/><W61/><G124/><T66/><AGARI ba="3,1" hai="0,4,10,11,15,17,25,27,43,46,50,56,60,66" machi="66" ten="20,5200,0" yaku="1,1,2,1,0,1,7,1,53,0" doraHai="26" doraHaiUra="96" who="0" fromWho="0" sc="252,71,257,-16,223,-16,258,-29" owari="323,42.3,241,4.1,207,-29.3,229,-17.1" /></mjloggm>