<mjloggm ver="2.3"><GO type="225" lobby="0"/><UN n0="%E6%A1%9C%E6%B2%A2%E5%A2%A8" n1="%E3%83%B4%E3%82%A3%E3%83%AF%E3%82%B3%E3%82%B0%E3%83%8B" n2="%E6%A1%9C%E8%8A%B1%E9%96%83%E3%80%85" n3="%E7%99%BD%E5%80%89%E5%AF%9B%E4%B9%8B" dan="17,17,16,16" rate="2164.11,2247.24,2146.21,2122.57" sx="F,M,M,M"/><TAIKYOKU oya="0"/><INIT seed="0,0,0,1,1,26" ten="250,250,250,250" oya="0" hai0="37,126,89,50,38,11,74,87,49,69,96,102,71" hai1="20,129,98,23,90,88,13,54,24,7,133,113,44" hai2="57,110,56,12,53,117,107,124,135,85,65,40,123" hai3="104,25,43,73,32,41,67,29,21,119,114,91,10"/><T101/><D74/><U120/><E120/><V46/><F107/><W132/><G73/><T97/><D89/><U66/><E133/><V42/><F123/><W14/><G104/><T27/><D27/><U86/><E129/><V112/><F112/><W106/><G106/><T2/><D11/><N who="1" m="4351" /><E113/><V28/><F135/><W16/><G114/><T1/><REACH who="0" step="1"/><D87/><REACH who="0" ten="240,250,250,250" step="2"/><U72/><E72/><V84/><F84/><W9/><G132/><T134/><D134/><U78/><E78/><V17/><F85/><W80/><G119/><T39/><D39/><U19/><E98/><V15/><F117/><W51/><G91/><T58/><D58/><U31/><E86/><V128/><F57/><W0/><G80/><T8/><D8/><U103/><E103/><V18/><F56/><W45/><G67/><T48/><D48/><N who="1" m="28935" /><E66/><V30/><F65/><W131/><G131/><T81/><D81/><U33/><E33/><V130/><F128/><W76/><G76/><T64/><D64/><U109/><E109/><V93/><F110/><W122/><G122/><T99/><D99/><U62/><E62/><V60/><F60/><W108/><G108/><T92/><D92/><U105/><E105/><V55/><F93/><W3/><G10/><T118/><D118/><U47/><E47/><V70/><F46/><W22/><REACH who="3" step="1"/><G43/><REACH who="3" ten="240,250,250,240" step="2"/><T34/><D34/><U36/><E36/><V79/><F130/><W94/><G94/><T61/><D61/><U83/><E83/><V77/><F70/><W63/><G63/><T121/><D121/><U75/><E75/><V100/><F100/><W82/><G82/><RYUUKYOKU ba="0,2" sc="240,0,250,0,250,0,240,0" hai0="1,2,37,38,49,50,69,71,96,97,101,102,126" hai1="19,20,23,24,31,88,90" hai2="12,15,17,18,28,30,40,42,53,55,77,79,124" hai3="0,3,9,14,16,21,22,25,29,32,41,45,51" /><INIT seed="0,1,2,1,4,106" ten="240,250,250,240" oya="0" hai0="43,50,116,126,119,124,110,15,69,14,53,10,41" hai1="71,107,123,16,72,59,35,4,7,105,128,103,74" hai2="99,31,79,56,29,40,68,2,26,36,94,23,97" hai3="63,39,25,3,65,12,28,113,84,17,54,55,20"/><T49/><D10/><U42/><E123/><V1/><F68/><W45/><G3/><T9/><D9/><U34/><E42/><N who="0" m="15881" /><D69/><U88/><E59/><V127/><F127/><N who="0" m="48682" /><D110/><U70/><E103/><V67/><F36/><W77/><G113/><T37/><D37/><U120/><E88/><V132/><F40/><W125/><G39/><T11/><D14/><U5/><E5/><V0/><F0/><W85/><G125/><T112/><D112/><U91/><E91/><V24/><F1/><W8/><G77/><T22/><D22/><U92/><E120/><V61/><F79/><W30/><G30/><T73/><D73/><U76/><E76/><V57/><F29/><W96/><G96/><T52/><D15/><U115/><E115/><V118/><F99/><W13/><G13/><T100/><D100/><U21/><E21/><V48/><F2/><W86/><REACH who="3" step="1"/><G45/><REACH who="3" ten="240,250,250,230" step="2"/><N who="0" m="27695" /><D11/><U58/><E34/><V33/><F33/><W102/><G102/><T109/><D109/><U98/><E35/><V51/><F31/><W83/><G83/><T64/><D64/><U19/><E4/><V90/><F67/><W6/><G6/><T130/><D130/><U47/><E7/><V18/><F26/><W78/><G78/><T75/><D75/><U93/><E128/><V133/><F24/><W80/><G80/><T135/><D135/><U122/><E72/><V111/><F133/><W60/><G60/><T66/><D66/><U89/><E74/><V95/><F61/><W44/><G44/><AGARI ba="1,3" hai="44,50,53,116,119" m="27695,48682,15881" machi="44" ten="30,11600,0" yaku="18,1,34,2,54,1" doraHai="106" who="0" fromWho="3" sc="240,149,250,0,250,0,230,-119" /><INIT seed="0,2,0,2,2,119" ten="389,250,250,111" oya="0" hai0="103,68,26,5,134,28,89,73,15,114,105,113,32" hai1="112,34,39,81,135,58,33,60,115,95,31,19,66" hai2="46,14,40,42,97,44,38,0,18,109,74,94,41" hai3="107,92,59,57,77,35,4,87,2,70,17,49,12"/><T9/><D73/><U91/><E39/><V71/><F0/><W50/><G70/><T43/><D134/><U1/><E135/><V101/><F109/><W61/><G107/><T84/><D43/><U116/><E116/><V129/><F129/><W90/><G35/><T130/><D130/><U96/><E1/><V72/><F71/><W54/><G2/><T69/><D69/><U3/><E3/><V98/><F98/><W127/><G127/><T102/><D68/><U62/><E31/><V120/><F120/><W13/><G77/><T25/><D25/><U88/><E60/><V55/><F55/><W99/><G4/><T47/><D47/><U108/><E108/><V36/><REACH who="2" step="1"/><F41/><REACH who="2" ten="389,250,240,111" step="2"/><W63/><G99/><T24/><D114/><U37/><E115/><V80/><F80/><W83/><G83/><T128/><D113/><U20/><E112/><V118/><F118/><W21/><REACH who="3" step="1"/><G12/><REACH who="3" ten="389,250,240,101" step="2"/><T122/><D15/><U23/><E81/><V48/><F48/><W82/><G82/><T45/><D128/><U53/><E96/><V123/><F123/><W79/><G79/><T131/><D122/><U121/><E121/><V11/><AGARI ba="2,2" hai="11,14,18,36,38,40,42,44,46,72,74,94,97,101" machi="11" ten="20,5200,0" yaku="1,1,0,1,7,1,9,1,53,0" doraHai="119" doraHaiUra="78" who="2" fromWho="2" sc="389,-28,250,-15,240,78,101,-15" /><INIT seed="1,0,0,3,2,19" ten="361,235,318,86" oya="1" hai0="80,62,114,21,27,23,41,113,5,3,102,94,123" hai1="55,70,6,126,96,67,33,131,37,84,87,50,108" hai2="127,8,117,95,66,99,25,71,47,63,90,121,78" hai3="10,30,104,103,32,86,107,20,112,73,59,72,88"/><U135/><E33/><V18/><F117/><W45/><G112/><T53/><D41/><U54/><E37/><V81/><F121/><W7/><G32/><T97/><D123/><U85/><E135/><V101/><F127/><W130/><G130/><T9/><D80/><U1/><E126/><V100/><F47/><W4/><G59/><T15/><D3/><U109/><E131/><V111/><F111/><N who="1" m="42569" /><E96/><V12/><REACH who="2" step="1"/><F25/><REACH who="2" ten="361,235,308,86" step="2"/><W26/><G45/><T65/><D27/><U125/><E125/><V14/><F14/><W46/><G46/><T82/><D114/><U92/><E92/><V36/><F36/><W119/><G119/><T38/><D113/><U124/><E124/><V133/><F133/><W129/><G129/><T89/><D38/><U16/><E50/><V128/><F128/><W22/><G26/><T115/><D115/><U60/><E16/><V28/><F28/><W51/><G51/><T68/><REACH who="0" step="1"/><D53/><REACH who="0" ten="351,235,308,86" step="2"/><U134/><E134/><V24/><F24/><W79/><G30/><T132/><D132/><U106/><E106/><V122/><F122/><W57/><G107/><T17/><D17/><U64/><E54/><V83/><F83/><W31/><G104/><T93/><D93/><U39/><E39/><V48/><F48/><W118/><G31/><T2/><D2/><U110/><E110/><V49/><F49/><W77/><G118/><T58/><D58/><N who="1" m="34911" /><E70/><V56/><F56/><W69/><G57/><T120/><D120/><U76/><E76/><V98/><F98/><W61/><G69/><T116/><D116/><U0/><E0/><V42/><F42/><RYUUKYOKU ba="0,2" sc="351,10,235,10,308,10,86,-30" hai0="5,9,15,21,23,62,65,68,82,89,94,97,102" hai1="1,6,64,67,84,85,87" hai2="8,12,18,63,66,71,78,81,90,95,99,100,101" /><INIT seed="1,1,2,3,2,52" ten="361,245,318,56" oya="1" hai0="31,0,40,48,29,123,99,105,74,126,27,13,88" hai1="6,72,80,76,51,115,122,20,11,125,41,22,113" hai2="97,5,117,101,49,107,73,33,130,39,1,57,47" hai3="87,121,89,55,96,38,83,95,81,36,12,98,108"/><U64/><E122/><V2/><F117/><W116/><G121/><T86/><D0/><U53/><E125/><V78/><F130/><W112/><G116/><T34/><D74/><U17/><E64/><V25/><F57/><W56/><G112/><T120/><D126/><U8/><E41/><N who="2" m="22975" /><F49/><W127/><G127/><T15/><D31/><U92/><E92/><V32/><F25/><W59/><G108/><T131/><D131/><U111/><E111/><V82/><F1/><W135/><G135/><T9/><D15/><U35/><E35/><V18/><F18/><W91/><G55/><T70/><D70/><U4/><E22/><V102/><F101/><W44/><G44/><T16/><D48/><U94/><E94/><V114/><F114/><W7/><G38/><T24/><D24/><U30/><E30/><V93/><F93/><N who="3" m="56367" /><G36/><T109/><D40/><U124/><E124/><V133/><F133/><W63/><G63/><T26/><D109/><U23/><E115/><V129/><F129/><W66/><G66/><T106/><D26/><U62/><E62/><V54/><F54/><W118/><G118/><T58/><D123/><U21/><E113/><V42/><F42/><W45/><G45/><T100/><D120/><U60/><E60/><V65/><F65/><W134/><G134/><T19/><D19/><U90/><E90/><V77/><F77/><N who="3" m="46511" /><G83/><N who="0" m="49247" /><D58/><N who="1" m="33087" /><E17/><V68/><F68/><W10/><AGARI ba="1,2" hai="7,10,12,56,59,91,95,98" m="46511,56367" machi="10" ten="30,4000,0" yaku="8,1,52,2" doraHai="52" who="3" fromWho="3" sc="361,-11,245,-21,318,-11,56,63" /><INIT seed="2,0,0,3,0,10" ten="350,224,307,119" oya="2" hai0="120,41,108,98,93,32,37,49,40,95,110,54,85" hai1="126,25,103,125,83,134,129,66,72,109,48,107,3" hai2="68,42,76,26,1,34,91,99,57,88,2,132,117" hai3="73,77,105,39,64,114,43,71,97,70,14,84,44"/><V4/><F117/><W65/><G114/><T63/><D120/><U6/><E109/><N who="0" m="42089" /><D32/><U52/><E66/><V122/><F68/><W23/><G73/><T61/><D85/><U116/><E116/><V59/><F122/><W121/><G121/><T36/><D95/><U133/><E6/><V106/><F76/><W92/><G105/><T60/><D93/><U30/><E3/><V127/><F42/><N who="0" m="16490" /><D98/><N who="1" m="61943" /><E83/><V94/><F106/><W87/><G71/><T18/><D18/><U128/><E72/><V111/><F91/><W56/><G70/><T17/><D17/><U115/><E115/><V22/><F34/><W96/><G77/><T78/><D78/><U123/><E123/><V100/><F100/><W31/><G97/><T7/><D7/><U33/><E48/><V90/><F90/><W5/><G96/><T51/><D51/><U67/><E67/><V119/><F4/><W55/><G92/><T19/><D19/><U79/><E52/><V135/><F119/><W53/><G65/><T15/><D15/><U28/><E28/><N who="2" m="17495" /><F111/><W131/><G64/><T8/><D8/><U58/><E58/><AGARI ba="0,0" hai="36,37,49,54,58,60,61,63" m="16490,42089" machi="58" ten="30,3900,0" yaku="14,1,34,2" doraHai="10" who="0" fromWho="1" sc="350,39,224,-39,307,0,119,0" /><INIT seed="3,0,0,1,2,120" ten="389,185,307,119" oya="3" hai0="68,132,131,86,110,2,35,45,9,63,83,18,81" hai1="87,16,47,22,96,85,88,53,7,99,54,21,0" hai2="114,40,64,70,55,78,73,67,25,121,48,50,94" hai3="37,3,10,107,51,5,123,27,128,58,124,72,65"/><W111/><G123/><T115/><D35/><U135/><E135/><V108/><F121/><W69/><G72/><T46/><D132/><U20/><E0/><V104/><F104/><W95/><G107/><T42/><D131/><U125/><E7/><V116/><F116/><W41/><G128/><T44/><D115/><U57/><E125/><V90/><F114/><W129/><G129/><T52/><D110/><U8/><E47/><V29/><F40/><W4/><G124/><T38/><D83/><N who="1" m="49215" /><E87/><V19/><F19/><W113/><G113/><T26/><D26/><U82/><E82/><V11/><F11/><W133/><G133/><T60/><D60/><N who="1" m="35887" /><E54/><V89/><F50/><W6/><G111/><T98/><D18/><U24/><E24/><V106/><F89/><W102/><G27/><T127/><D9/><U71/><E71/><V92/><F92/><W119/><G119/><T97/><D97/><U74/><E74/><V66/><F70/><W56/><G95/><T12/><D2/><U126/><E126/><V79/><F106/><W103/><G37/><T13/><D98/><U80/><E80/><V84/><F73/><W49/><G69/><T105/><D105/><U61/><E61/><V77/><F108/><W122/><G122/><T109/><D109/><U130/><E130/><V1/><F1/><W30/><G30/><T75/><D75/><U33/><E33/><N who="2" m="20655" /><F78/><W76/><G76/><N who="0" m="46375" /><D127/><U91/><E91/><V34/><F34/><W15/><G3/><T93/><D93/><U112/><E112/><V62/><F62/><N who="3" m="38087" /><G41/><T17/><D12/><AGARI ba="0,0" hai="8,12,16,20,21,22,96,99" m="35887,49215" machi="12" ten="30,3900,0" yaku="8,1,54,2" doraHai="120" who="1" fromWho="0" sc="389,-39,185,39,307,0,119,0" owari="350,45.0,224,-17.6,307,10.7,119,-38.1" /></mjloggm>