<mjloggm ver="2.3"><GO type="225" lobby="0"/><UN n0="%E4%BC%8A%E7%B9%94%E3%82%82%E3%81%88" n1="%72%65%6E%6B%75%6E" n2="%E3%83%A9%E3%82%B9%E7%8E%87%EF%BC%93%E5%89%B2" n3="%E3%81%94%E3%83%BC%E3%81%A9%E3%82%93" dan="16,17,17,16" rate="2132.93,2195.05,2188.29,2100.14" sx="M,M,F,M"/><TAIKYOKU oya="0"/><INIT seed="0,0,0,5,4,33" ten="250,250,250,250" oya="0" hai0="131,112,36,51,8,77,4,44,124,75,29,38,91" hai1="104,62,68,47,35,41,53,115,88,10,1,111,133" hai2="61,113,83,6,107,102,26,117,103,99,100,86,72" hai3="80,125,27,114,89,45,132,93,42,30,95,94,7"/><T126/><D112/><U128/><E104/><V73/><F26/><W122/><G114/><T16/><D131/><U13/><E35/><V57/><F6/><W5/><G132/><T14/><D29/><U20/><E115/><V21/><F113/><W108/><G125/><N who="0" m="48235" /><D91/><U98/><E20/><V101/><F21/><W85/><G108/><T15/><D77/><U79/><E79/><N who="2" m="46463" /><F57/><W50/><REACH who="3" step="1"/><G122/><REACH who="3" ten="250,250,250,240" step="2"/><T69/><D75/><N who="2" m="28746" /><F61/><W84/><G84/><T24/><D69/><U23/><E62/><V134/><F117/><W71/><G71/><T31/><D36/><U78/><E111/><V19/><F19/><W17/><G17/><T11/><D38/><U2/><E133/><AGARI ba="0,1" hai="99,100,101,102,103,107,133,134" m="28746,46463" machi="133" ten="40,2600,0" yaku="34,2" doraHai="33" who="2" fromWho="1" sc="250,0,250,-26,250,36,240,0" /><INIT seed="1,0,0,0,0,76" ten="250,224,286,240" oya="1" hai0="44,27,82,21,7,45,105,104,115,69,89,74,36" hai1="39,37,30,14,135,26,33,23,52,103,50,24,106" hai2="122,90,47,109,43,1,51,123,66,127,5,111,71" hai3="72,59,31,28,79,96,68,121,64,18,10,129,12"/><U15/><E135/><V80/><F5/><W77/><G121/><N who="2" m="46089" /><F1/><W130/><G68/><T125/><D115/><U85/><E85/><V25/><F25/><W132/><G132/><T118/><D118/><U35/><E35/><V16/><F16/><W67/><G96/><T93/><D69/><U17/><E39/><V49/><F90/><W3/><G3/><T133/><D133/><U22/><E37/><N who="2" m="21999" /><F80/><N who="3" m="45095" /><G79/><T113/><D113/><U128/><E128/><N who="3" m="49258" /><G59/><T61/><D61/><U81/><E81/><V95/><F95/><W120/><G120/><T131/><D7/><U114/><E114/><V73/><F73/><W91/><G91/><T97/><D131/><U99/><REACH who="1" step="1"/><E33/><REACH who="1" ten="250,214,286,240" step="2"/><V83/><F83/><W92/><G92/><T70/><D36/><U87/><E87/><V86/><F86/><W58/><G58/><AGARI ba="0,1" hai="14,15,17,22,23,24,26,30,50,52,58,99,103,106" machi="58" ten="30,11600,0" yaku="1,1,7,1,54,1,53,1" doraHai="76" doraHaiUra="46" who="1" fromWho="3" sc="250,0,214,126,286,0,240,-116" /><INIT seed="1,1,0,1,1,10" ten="250,340,286,124" oya="1" hai0="2,69,83,18,33,102,48,134,84,77,37,117,89" hai1="118,4,129,65,36,56,103,7,55,30,59,121,113" hai2="51,72,39,53,75,108,42,86,132,78,73,67,70" hai3="63,31,123,87,79,17,40,125,85,24,27,68,101"/><U115/><E103/><V21/><F108/><W131/><G123/><T26/><D117/><U61/><E36/><V76/><F132/><W71/><G131/><T94/><D37/><U0/><E118/><V62/><F86/><W23/><G125/><T41/><D69/><U13/><E121/><V8/><F21/><W126/><G126/><T124/><D124/><U104/><E104/><V99/><F99/><W28/><G40/><T128/><D2/><U47/><E47/><N who="2" m="24031" /><F8/><W74/><G74/><T54/><D41/><U97/><E97/><V44/><F44/><W3/><G3/><T91/><D134/><U32/><E0/><V66/><F66/><W88/><G101/><T52/><D128/><U14/><E129/><V81/><F81/><W43/><G43/><T11/><D33/><U98/><E98/><V34/><F34/><W22/><G17/><T15/><D26/><U105/><E105/><V109/><F109/><W29/><G29/><T111/><D111/><U106/><E106/><V110/><F110/><W6/><G6/><T19/><D19/><U130/><E130/><V16/><F16/><W49/><G49/><T35/><D35/><U9/><E30/><V93/><F93/><W122/><G122/><T57/><D54/><U82/><E32/><V38/><F38/><W116/><G116/><T119/><D119/><U135/><E82/><V100/><F100/><W90/><REACH who="3" step="1"/><G63/><REACH who="3" ten="250,340,286,114" step="2"/><T1/><D1/><U96/><E135/><V45/><F75/><W46/><G46/><T12/><D102/><U50/><E7/><V5/><F5/><W114/><G114/><RYUUKYOKU ba="1,1" sc="250,-15,340,-15,286,15,114,15" hai2="45,51,53,62,67,70,72,73,76,78" hai3="22,23,24,27,28,31,68,71,79,85,87,88,90" /><INIT seed="2,2,1,2,3,86" ten="235,325,301,129" oya="2" hai0="135,101,46,62,110,70,72,131,18,111,35,80,3" hai1="2,17,15,34,104,30,19,32,68,60,51,132,82" hai2="58,63,102,112,100,73,53,71,29,75,79,21,38" hai3="91,28,22,130,33,97,95,40,123,14,13,47,4"/><V39/><F112/><W127/><G123/><T115/><D115/><U66/><E104/><V84/><F71/><W98/><G130/><T24/><D131/><U49/><E2/><V50/><F39/><W8/><G127/><T90/><D135/><U10/><E132/><V61/><F38/><W87/><G33/><T55/><D101/><U117/><E117/><V52/><F75/><W42/><G42/><T1/><D70/><U67/><E67/><V31/><F73/><W6/><G28/><N who="2" m="10825" /><F21/><W124/><G124/><T92/><D35/><U56/><E30/><V106/><F106/><W118/><G118/><T105/><D105/><U134/><E134/><V37/><F37/><W96/><G22/><N who="0" m="13399" /><D80/><U26/><E68/><V41/><F41/><W43/><REACH who="3" step="1"/><G47/><REACH who="3" ten="235,325,301,119" step="2"/><T133/><D133/><U108/><E32/><V85/><F79/><W12/><G12/><T116/><D116/><U20/><E34/><V9/><F9/><AGARI ba="2,2" hai="4,6,8,9,13,14,40,43,87,91,95,96,97,98" machi="9" ten="40,8000,1" yaku="1,1,9,1,8,1,52,1,53,1" doraHai="86" doraHaiUra="83" who="3" fromWho="2" sc="235,0,325,0,301,-86,119,106" /><INIT seed="3,0,0,4,3,83" ten="235,325,215,225" oya="3" hai0="76,94,116,130,61,105,49,88,63,30,32,19,97" hai1="51,25,50,14,131,87,35,123,89,46,78,29,13" hai2="101,3,118,54,23,39,110,7,125,47,99,70,114" hai3="127,48,71,41,53,21,69,42,67,65,79,11,2"/><W0/><G79/><T98/><D116/><U60/><E131/><V100/><F70/><N who="3" m="26635" /><G21/><T81/><D130/><U18/><E123/><V95/><F118/><W52/><G11/><T121/><D121/><U58/><E78/><V109/><F114/><W86/><G86/><N who="0" m="48423" /><D105/><U92/><E46/><V8/><F125/><W115/><G115/><T56/><D32/><U117/><E13/><V34/><F34/><W4/><G4/><T26/><D30/><U36/><E36/><V74/><F74/><W133/><G133/><T28/><D28/><U62/><E62/><N who="0" m="23561" /><D26/><U5/><E5/><V24/><F100/><W40/><G127/><T38/><D38/><U122/><E122/><V113/><F113/><W17/><G17/><T82/><D82/><U72/><E72/><V77/><F77/><W75/><G75/><T64/><D64/><N who="3" m="24649" /><G48/><T16/><D98/><U128/><E128/><V96/><F96/><W106/><G106/><T120/><D120/><U9/><E117/><V66/><F66/><AGARI ba="0,0" hai="9,14,18,25,29,35,50,51,58,60,66,87,89,92" machi="66" ten="30,2000,0" yaku="7,1,52,1" doraHai="83" who="1" fromWho="2" sc="235,0,325,20,215,-20,225,0" owari="235,3.5,345,44.5,195,-30.5,225,-17.5" /></mjloggm>