<mjloggm ver="2.3"><GO type="225" lobby="0"/><UN n0="%E9%80%86%E9%80%A3%E5%B8%AF%E3%81%AE%E9%AC%BC" n1="%E3%80%93%E3%81%97%E3%83%BC%E3%82%89%E3%80%93" n2="%E6%98%93%E5%88%A9%E8%96%A9%E4%BC%AF" n3="%72%69%6F%75%63%68%61%6E" dan="17,16,17,16" rate="2114.53,2204.64,2196.48,2144.65" sx="M,M,F,M"/><TAIKYOKU oya="0"/><INIT seed="0,0,0,5,4,131" ten="250,250,250,250" oya="0" hai0="20,42,57,52,123,85,110,33,92,59,121,22,46" hai1="3,109,116,86,96,7,54,132,101,87,43,105,5" hai2="41,99,1,104,113,94,14,31,82,127,70,39,91" hai3="62,64,4,71,67,75,30,2,63,108,58,79,125"/><T119/><D119/><U8/><E116/><V106/><F1/><W81/><G108/><T78/><D33/><U60/><E109/><V83/><F70/><W130/><G125/><T23/><D110/><U55/><E43/><V89/><F31/><W56/><G30/><T17/><D59/><U44/><E44/><V25/><F25/><W35/><G35/><T24/><D123/><U36/><E36/><V95/><F14/><W135/><G135/><T0/><D0/><U98/><E60/><V9/><F9/><W28/><G28/><T49/><D121/><U32/><E32/><V11/><F11/><W124/><G124/><T128/><D128/><U16/><E8/><V65/><F65/><W51/><G130/><T73/><D73/><U118/><E3/><V107/><F127/><W10/><REACH who="3" step="1"/><G51/><REACH who="3" ten="250,250,250,240" step="2"/><T111/><D111/><U38/><E118/><V27/><F39/><W115/><G115/><T120/><D120/><U12/><E38/><V74/><F113/><W40/><G40/><T129/><D129/><U26/><E132/><V68/><F41/><W34/><G34/><T13/><D24/><U48/><E26/><V103/><F68/><AGARI ba="0,1" hai="2,4,10,56,58,62,63,64,67,68,71,75,79,81" machi="68" ten="30,3900,0" yaku="1,1,7,1,9,1,53,0" doraHai="131" doraHaiUra="133" who="3" fromWho="2" sc="250,0,250,0,250,-39,240,49" /><INIT seed="1,0,0,2,5,15" ten="250,250,211,289" oya="1" hai0="90,59,46,114,11,19,13,57,103,102,39,2,16" hai1="100,75,23,92,104,99,35,94,0,74,38,63,133" hai2="127,118,28,115,42,124,9,134,111,37,17,41,76" hai3="27,121,54,73,5,108,101,84,44,34,48,122,125"/><U33/><E0/><V109/><F76/><W7/><G73/><T95/><D114/><U66/><E38/><V1/><F37/><W106/><G108/><N who="2" m="41545" /><F42/><W52/><G125/><N who="2" m="48201" /><F41/><W65/><G65/><T22/><D2/><U113/><E133/><V47/><F47/><W107/><G101/><N who="0" m="38411" /><D46/><U130/><E113/><V4/><F115/><W105/><G84/><N who="0" m="52679" /><D39/><U131/><E75/><V58/><F134/><W91/><G91/><T71/><D71/><N who="1" m="42463" /><E74/><V3/><F118/><W132/><G132/><T56/><D56/><U120/><E104/><V67/><F28/><W30/><REACH who="3" step="1"/><G54/><REACH who="3" ten="250,250,211,279" step="2"/><T26/><AGARI ba="0,1" hai="11,13,16,19,22,26,57,59" m="52679,38411" machi="26" ten="30,7900,0" yaku="8,1,52,2,54,1" doraHai="15" who="0" fromWho="0" sc="250,89,250,-39,211,-20,279,-20" /><INIT seed="2,0,0,4,0,70" ten="339,211,191,259" oya="2" hai0="92,112,21,13,74,90,16,133,17,91,50,93,4" hai1="130,69,55,26,102,120,126,131,110,37,122,22,12" hai2="125,94,44,81,15,48,71,118,65,58,101,23,68" hai3="28,14,106,84,33,99,20,35,3,2,51,134,76"/><V62/><F118/><W59/><G134/><T114/><D74/><U77/><E69/><V79/><F125/><W61/><G51/><T88/><D133/><U63/><E126/><V105/><F105/><W100/><G33/><T116/><D116/><U85/><E110/><V104/><F104/><W80/><G35/><T34/><D34/><U46/><E102/><V115/><F115/><W49/><G49/><T64/><D4/><U6/><E63/><V75/><F101/><W108/><G108/><T103/><D64/><U27/><E55/><V135/><F135/><W128/><G128/><N who="1" m="49194" /><E85/><V117/><F94/><W127/><G127/><T82/><D82/><U132/><E77/><V113/><F113/><W10/><G20/><T32/><D32/><U18/><E132/><V52/><REACH who="2" step="1"/><F117/><REACH who="2" ten="339,211,181,259" step="2"/><W107/><G106/><T72/><D103/><U121/><E6/><V66/><F66/><W129/><G129/><T40/><D114/><U87/><E87/><V45/><F45/><W31/><G100/><T89/><D112/><U57/><E57/><V29/><F29/><W60/><G28/><T9/><D93/><U97/><E97/><V42/><F42/><AGARI ba="0,1" hai="12,18,22,26,27,37,42,46,120,121,122" m="49194" machi="42" ten="40,5200,0" yaku="13,1,19,1,52,1" doraHai="70" who="1" fromWho="2" sc="339,0,211,62,181,-52,259,0" /><INIT seed="3,0,0,1,4,133" ten="339,273,129,259" oya="3" hai0="44,128,104,23,103,61,114,66,68,101,96,12,99" hai1="43,109,97,27,67,134,78,76,118,83,53,52,58" hai2="62,111,110,38,34,36,87,123,85,26,37,33,55" hai3="84,59,127,22,9,51,39,91,65,81,42,135,72"/><W124/><G135/><T50/><D128/><U45/><E134/><V29/><F62/><W49/><G72/><T102/><D114/><U7/><E109/><V18/><F55/><W112/><G112/><T57/><D68/><U2/><E118/><V79/><F79/><W121/><G121/><T4/><D104/><U54/><E97/><V74/><F74/><W90/><G9/><N who="0" m="4135" /><D23/><U15/><E2/><V73/><F73/><W125/><G22/><T63/><D63/><U116/><E27/><V130/><F130/><W107/><G107/><T75/><D75/><U0/><E0/><V131/><F131/><W93/><G65/><T47/><D47/><U88/><E116/><V89/><F89/><N who="3" m="51343" /><G59/><T10/><D10/><N who="1" m="4575" /><E58/><V105/><F105/><W32/><G32/><T108/><D108/><U21/><E21/><V20/><F123/><W120/><G120/><T115/><D115/><U17/><E17/><V86/><F34/><W132/><G132/><T70/><D70/><U92/><E67/><V64/><F64/><W14/><G14/><T6/><D6/><U24/><E24/><V122/><F122/><W126/><N who="3" m="31744" /><DORA hai="40" /><W25/><G25/><T106/><D106/><U35/><E35/><V31/><F33/><W48/><G93/><T41/><AGARI ba="0,0" hai="41,44,50,57,61,66,96,99,101,102,103" m="4135" machi="41" ten="30,2000,0" yaku="8,1,52,1" doraHai="133,40" who="0" fromWho="0" sc="339,20,273,-5,129,-5,259,-10" owari="359,45.9,268,6.8,124,-37.6,249,-15.1" /></mjloggm>