<mjloggm ver="2.3"><GO type="225" lobby="0"/><UN n0="%E5%96%9C%E7%9B%B8%E9%80%A2" n1="%E3%82%BC%E3%83%AB%E3%83%80%E3%81%AE%E4%BC%9D%E8%AA%AC" n2="%E3%83%A9%E3%82%A4%E3%83%B3%E3%81%AE%E8%99%8E" n3="%E5%B8%86%E7%AB%8B%E5%A4%8F%E8%A1%A3" dan="16,17,16,17" rate="2066.18,2179.95,2143.16,2164.92" sx="M,M,M,M"/><TAIKYOKU oya="0"/><INIT seed="0,0,0,1,5,90" ten="250,250,250,250" oya="0" hai0="17,84,12,100,26,45,3,49,48,86,24,89,79" hai1="53,92,37,127,61,87,54,73,7,19,74,46,56" hai2="68,10,121,132,93,4,104,13,88,101,111,40,80" hai3="51,18,36,78,55,0,75,115,81,34,43,11,128"/><T21/><D3/><U126/><E7/><V60/><F121/><W134/><G128/><T14/><D100/><U23/><E87/><V28/><F111/><W114/><G134/><T120/><D120/><U98/><E37/><V123/><F123/><W129/><G34/><T107/><D107/><U113/><E113/><V8/><F132/><W32/><G32/><T65/><D65/><U76/><E46/><V63/><F68/><W44/><G129/><T39/><D39/><U5/><E5/><V83/><F28/><W133/><G133/><T47/><D12/><U25/><E53/><V117/><F117/><W69/><G69/><T64/><D64/><U82/><REACH who="1" step="1"/><E74/><REACH who="1" ten="250,240,250,250" step="2"/><V67/><F67/><W1/><G1/><T116/><D116/><U66/><E66/><V118/><F118/><W106/><G0/><T109/><D79/><U31/><E31/><V122/><F122/><W91/><G75/><T58/><D84/><U71/><E71/><V70/><F70/><W29/><G36/><T77/><D77/><U38/><E38/><V57/><F40/><W59/><G115/><T9/><D58/><U22/><E22/><V99/><F10/><W35/><G114/><T72/><D9/><U20/><E20/><V42/><F42/><W85/><G35/><T16/><D72/><U50/><E50/><V125/><F57/><W27/><G78/><T94/><D109/><U96/><E96/><N who="2" m="57383" /><F63/><N who="3" m="36351" /><G29/><T2/><D2/><U112/><E112/><V102/><F60/><W105/><G11/><T103/><D48/><U108/><E108/><V131/><F8/><W15/><G15/><RYUUKYOKU ba="0,1" sc="250,-15,240,15,250,-15,250,15" hai1="19,23,25,54,56,61,73,76,82,92,98,126,127" hai3="18,27,43,44,51,81,85,91,105,106" /><INIT seed="1,1,1,1,2,22" ten="235,255,235,265" oya="1" hai0="110,91,123,63,125,87,134,121,124,20,17,64,127" hai1="122,3,131,92,60,55,111,13,58,101,45,19,76" hai2="77,78,51,85,117,120,40,74,27,82,24,25,39" hai3="46,103,37,109,0,71,23,6,5,81,135,54,94"/><U102/><E3/><V4/><F117/><W129/><G71/><T107/><D107/><U32/><E122/><N who="0" m="46601" /><D110/><U119/><E119/><V99/><F120/><W21/><G129/><T41/><D41/><U31/><E131/><V15/><F39/><W65/><G135/><T108/><D108/><U73/><E111/><V9/><F99/><W84/><G109/><T113/><D113/><U80/><E92/><V70/><F70/><W97/><G65/><T100/><D100/><U50/><E31/><V34/><F34/><W57/><G46/><T132/><D91/><U95/><E95/><V68/><F68/><W98/><G37/><T106/><D87/><U89/><E89/><N who="2" m="51383" /><F74/><W43/><G43/><T10/><D10/><U28/><E28/><V83/><F83/><W93/><G0/><T61/><D106/><U36/><E32/><V8/><F9/><W52/><G84/><T47/><D47/><AGARI ba="1,1" hai="4,8,15,24,25,27,40,47,51,77,78" m="51383" machi="47" ten="30,7700,0" yaku="8,1,52,3" doraHai="22" who="2" fromWho="0" sc="235,-80,255,0,235,90,265,0" /><INIT seed="2,0,0,1,0,127" ten="155,255,325,265" oya="2" hai0="53,9,82,30,32,73,98,115,114,5,96,52,3" hai1="120,57,51,13,25,65,38,106,10,39,34,4,99" hai2="80,133,60,125,36,109,31,100,94,102,23,117,37" hai3="19,21,71,130,47,27,72,18,1,131,112,95,128"/><V123/><F117/><W28/><G112/><T103/><D30/><U92/><E106/><V42/><F123/><W46/><G72/><T33/><D33/><U43/><E120/><V0/><F0/><W108/><G108/><T29/><D29/><U129/><E34/><V22/><F133/><W86/><G71/><T15/><D32/><U55/><E129/><V74/><F125/><W116/><G1/><T126/><D126/><U75/><E75/><V6/><F6/><W50/><G116/><T84/><D73/><U107/><E107/><V119/><F60/><W97/><G86/><T134/><D96/><U88/><E65/><V85/><F31/><W64/><G64/><T91/><D134/><U44/><REACH who="1" step="1"/><E25/><REACH who="1" ten="155,245,325,265" step="2"/><V76/><F74/><W14/><G50/><AGARI ba="0,1" hai="4,10,13,38,39,43,44,50,51,55,57,88,92,99" machi="50" ten="30,8000,1" yaku="1,1,2,1,7,1,54,1,53,1" doraHai="127" doraHaiUra="49" who="1" fromWho="3" sc="155,0,245,90,325,0,265,-80" /><INIT seed="3,0,0,1,5,110" ten="155,335,325,185" oya="3" hai0="56,79,44,71,38,83,107,40,109,131,7,18,62" hai1="61,128,118,52,112,36,64,29,124,57,66,134,74" hai2="117,72,11,115,132,93,63,41,48,81,75,105,135" hai3="30,35,68,47,4,104,3,26,0,23,28,17,90"/><W85/><G68/><T99/><D109/><U100/><E74/><V58/><F105/><W51/><G104/><T87/><D131/><U108/><E112/><V60/><F115/><W46/><G4/><T13/><D71/><U10/><E108/><V19/><F93/><W39/><G39/><T1/><D1/><U121/><E121/><V96/><F96/><W43/><G47/><T102/><D7/><U80/><E36/><V70/><F117/><W73/><G73/><N who="2" m="28233" /><F81/><W33/><G33/><T2/><D2/><U103/><E128/><V114/><F114/><W24/><G17/><T53/><D18/><U106/><E118/><V120/><F70/><W65/><G65/><T55/><REACH who="0" step="1"/><D13/><REACH who="0" ten="145,335,325,185" step="2"/><U88/><E124/><V45/><F120/><W6/><REACH who="3" step="1"/><G6/><REACH who="3" ten="145,335,325,175" step="2"/><T77/><D77/><U9/><E106/><V129/><F129/><W89/><G89/><T92/><D92/><AGARI ba="0,2" hai="0,3,23,24,26,28,30,35,43,46,51,85,90,92" machi="92" ten="30,11600,0" yaku="1,1,7,1,53,2" doraHai="110" doraHaiUra="20" who="3" fromWho="0" sc="145,-116,335,0,325,0,175,136" /><INIT seed="3,1,0,4,5,24" ten="29,335,325,311" oya="3" hai0="129,70,35,0,62,34,21,39,103,40,81,56,106" hai1="20,91,89,41,82,1,9,87,122,42,88,98,10" hai2="72,76,77,8,65,47,120,51,124,36,107,83,26" hai3="96,93,135,32,119,33,25,111,110,54,59,132,12"/><W52/><G119/><T15/><D0/><U43/><E122/><V108/><F120/><W67/><G67/><T30/><D129/><U115/><E115/><V130/><F130/><W80/><G80/><T92/><D106/><U31/><E1/><V123/><F123/><W13/><G25/><T66/><D70/><U48/><E48/><V61/><F108/><N who="3" m="41515" /><G13/><T74/><D40/><U46/><E46/><V127/><F107/><W126/><G12/><T7/><D39/><U94/><E89/><V5/><F26/><AGARI ba="1,0" hai="9,10,20,26,31,41,42,43,82,87,88,91,94,98" machi="26" ten="40,5200,0" yaku="8,1,52,1,54,1" doraHai="24" who="1" fromWho="2" sc="29,0,335,55,325,-55,311,0" owari="29,-47.1,390,49.0,270,-13.0,311,11.1" /></mjloggm>