<mjloggm ver="2.3"><GO type="225" lobby="0"/><UN n0="%E3%80%90%E8%92%BC%E7%90%89%E3%80%91" n1="%E6%A1%9C%E8%8A%B1%E9%96%83%E3%80%85" n2="%E6%81%A5%E6%99%92%E3%81%97" n3="%E7%9A%AE%E3%80%85" dan="16,16,16,16" rate="2188.64,2129.89,2140.89,2131.75" sx="F,M,M,M"/><TAIKYOKU oya="0"/><INIT seed="0,0,0,3,0,96" ten="250,250,250,250" oya="0" hai0="74,62,30,54,2,57,20,72,115,122,95,63,110" hai1="22,39,6,31,114,70,51,90,53,113,36,124,24" hai2="18,25,91,105,8,84,107,120,134,102,17,128,108" hai3="75,127,5,10,71,61,52,125,41,112,15,109,101"/><T135/><D115/><N who="1" m="44043" /><E124/><N who="3" m="47690" /><G112/><T132/><D122/><U43/><E70/><V123/><F108/><W23/><G75/><T12/><D2/><U130/><E130/><V46/><F128/><W56/><G109/><T129/><D129/><U92/><E6/><V13/><F134/><N who="0" m="51242" /><D110/><U86/><E43/><V9/><F46/><AGARI ba="0,0" hai="22,24,31,36,39,46,51,53,86,90,92" m="44043" machi="46" ten="30,1000,0" yaku="11,1" doraHai="96" who="1" fromWho="2" sc="250,0,250,10,250,-10,250,0" /><INIT seed="1,0,0,3,0,64" ten="250,260,240,250" oya="1" hai0="88,97,121,28,3,8,54,57,29,9,96,21,58" hai1="105,31,134,46,40,18,59,115,16,67,30,12,6" hai2="63,83,117,131,112,47,70,43,73,65,123,39,86" hai3="87,133,61,4,33,60,98,79,74,94,50,127,41"/><U53/><E115/><V27/><F117/><W36/><G33/><T35/><D35/><U68/><E105/><V128/><F123/><W2/><G133/><T24/><D121/><U100/><E100/><V103/><F112/><W45/><G127/><T44/><D28/><N who="1" m="10795" /><E134/><V99/><F27/><W51/><G87/><T34/><D34/><U78/><E78/><N who="2" m="44495" /><F86/><W110/><G110/><T17/><D3/><U81/><E81/><V92/><F92/><W126/><G126/><T84/><D44/><U82/><E82/><V26/><F26/><W10/><G79/><T135/><D135/><U124/><E124/><V32/><F32/><W5/><G5/><T122/><D122/><U111/><E111/><V77/><F77/><W49/><REACH who="3" step="1"/><G74/><REACH who="3" ten="250,260,240,240" step="2"/><T14/><D84/><U15/><E6/><V93/><F99/><W108/><G108/><T19/><D97/><U85/><E85/><V1/><F1/><W113/><G113/><T72/><D72/><U71/><E12/><V119/><F119/><W56/><G56/><T89/><D96/><U91/><E15/><V101/><F93/><W22/><G22/><T69/><D57/><U37/><E71/><V75/><F75/><W95/><G95/><T62/><D69/><U114/><E114/><V0/><F0/><W23/><G23/><T7/><D8/><U132/><E132/><V90/><F90/><AGARI ba="0,1" hai="2,4,10,36,41,45,49,50,51,60,61,90,94,98" machi="90" ten="40,1300,0" yaku="1,1,53,0" doraHai="64" doraHaiUra="102" who="3" fromWho="2" sc="250,0,260,0,240,-13,240,23" /><AGARI ba="0,0" hai="7,9,14,17,19,21,24,29,54,58,62,88,89,90" machi="90" ten="40,2600,0" yaku="8,1,54,1" doraHai="64" who="0" fromWho="2" sc="250,26,260,0,227,-26,263,0" /><INIT seed="2,0,0,2,0,79" ten="276,260,201,263" oya="2" hai0="60,49,89,113,62,77,100,125,78,44,31,7,12" hai1="126,13,130,99,8,59,103,104,6,57,58,115,120" hai2="41,94,92,27,111,114,98,118,26,47,39,131,71" hai3="5,36,53,32,45,70,121,54,0,29,28,135,128"/><V16/><F118/><W48/><G121/><T87/><D113/><U101/><E115/><V86/><F114/><W112/><G112/><T88/><D125/><U11/><E126/><V80/><F131/><W56/><G70/><T2/><D2/><U51/><E130/><V132/><F132/><W50/><G128/><T23/><D100/><U34/><E34/><V15/><F71/><W74/><G74/><T106/><D106/><U122/><E101/><V91/><F111/><W85/><G135/><T97/><D31/><U63/><E51/><N who="2" m="27119" /><F94/><W52/><G36/><T66/><D97/><U4/><REACH who="1" step="1"/><E63/><REACH who="1" ten="276,250,201,263" step="2"/><V30/><F39/><W38/><G38/><T55/><D60/><U102/><E102/><N who="2" m="60743" /><F30/><W25/><G29/><T110/><D110/><U127/><E127/><V10/><AGARI ba="0,1" hai="10,15,16,26,27,80,86,91" m="60743,27119" machi="10" ten="30,6000,0" yaku="8,1,52,1,54,1" doraHai="79" who="2" fromWho="2" sc="276,-20,250,-20,201,70,263,-20" /><INIT seed="2,1,0,5,2,102" ten="256,230,271,243" oya="2" hai0="80,34,131,7,116,4,92,27,96,64,49,52,97" hai1="81,48,111,62,94,18,21,37,51,123,46,68,132" hai2="83,109,58,76,67,55,127,8,113,59,11,17,36" hai3="90,118,91,16,77,35,133,65,61,42,130,100,120"/><V12/><F113/><W122/><G118/><T79/><D116/><U107/><E111/><V60/><F127/><W101/><G35/><T106/><D131/><U114/><E114/><V50/><F36/><W31/><G31/><T104/><D64/><U117/><E117/><V40/><F109/><W47/><G130/><T69/><D69/><U86/><E132/><V10/><REACH who="2" step="1"/><F40/><REACH who="2" ten="256,230,261,243" step="2"/><W82/><G42/><T45/><D4/><U32/><E37/><V5/><F5/><W63/><G122/><T57/><D7/><U25/><E123/><V19/><F19/><W41/><G16/><T13/><D45/><U115/><E46/><V84/><AGARI ba="1,1" hai="8,10,11,12,17,50,55,58,59,60,67,76,83,84" machi="84" ten="20,7800,0" yaku="1,1,0,1,7,1,8,1,53,0" doraHai="102" doraHaiUra="3" who="2" fromWho="2" sc="256,-27,230,-27,261,91,243,-27" /><INIT seed="2,2,0,4,5,16" ten="229,203,352,216" oya="2" hai0="31,4,92,117,97,95,19,53,10,13,125,39,23" hai1="51,100,129,93,75,52,82,58,44,124,108,64,25" hai2="119,66,46,54,112,70,94,28,128,15,106,121,83" hai3="120,27,109,68,7,127,38,17,32,134,57,61,118"/><V86/><F106/><W132/><G118/><T76/><D39/><U29/><E108/><V104/><F66/><W80/><G120/><T73/><D125/><U24/><E124/><V50/><F70/><W55/><G127/><T114/><D114/><U111/><E111/><V71/><F71/><W69/><G109/><T56/><D117/><U79/><E129/><V18/><F104/><W45/><G7/><T35/><D73/><U0/><E0/><V6/><F128/><W62/><G62/><T116/><D116/><U36/><E64/><V65/><F65/><W8/><G80/><T99/><D76/><U81/><E81/><V88/><F112/><W90/><G90/><T26/><D99/><U12/><E12/><V60/><F6/><W21/><G8/><T49/><REACH who="0" step="1"/><D97/><REACH who="0" ten="219,203,352,216" step="2"/><U41/><E100/><V48/><F119/><W102/><G102/><T110/><D110/><U115/><E115/><V87/><F121/><W84/><G84/><T14/><AGARI ba="2,1" hai="4,10,13,14,19,23,26,31,35,49,53,56,92,95" machi="14" ten="20,8000,1" yaku="1,1,0,1,7,1,52,1,53,1" doraHai="16" doraHaiUra="20" who="0" fromWho="0" sc="219,96,203,-22,352,-42,216,-22" /><INIT seed="3,0,0,0,3,135" ten="315,181,310,194" oya="3" hai0="72,125,82,22,24,99,104,69,51,134,6,67,102" hai1="21,88,49,111,108,84,83,132,101,38,77,56,50" hai2="133,16,45,37,92,120,71,3,29,127,20,66,76" hai3="14,13,118,41,78,10,36,44,96,81,26,126,55"/><W130/><G118/><T42/><D125/><U46/><E132/><V43/><F133/><W60/><G126/><T58/><D134/><U54/><E38/><V90/><F127/><W116/><G116/><T8/><D69/><U65/><E101/><V59/><F3/><W105/><G130/><T53/><D67/><U75/><E21/><V131/><F131/><W52/><G26/><T109/><D109/><N who="1" m="42059" /><E65/><V89/><F120/><W62/><G105/><T48/><D82/><N who="1" m="49175" /><E46/><V100/><F71/><W34/><G34/><T119/><D72/><U124/><E124/><V31/><F76/><W28/><G96/><T117/><D48/><AGARI ba="0,0" hai="48,49,50,54,56,75,77,83" m="49175,42059" machi="48" ten="30,2000,0" yaku="14,1,54,1" doraHai="135" who="1" fromWho="0" sc="315,-20,181,20,310,0,194,0" owari="295,9.5,201,-19.9,310,41.0,194,-30.6" /></mjloggm>