<mjloggm ver="2.3"><GO type="225" lobby="0"/><UN n0="%E3%81%B2%E3%81%AA%E3%81%AE%E3%82%8A%E3%81%8F" n1="%E6%98%93%E5%88%A9%E8%96%A9%E4%BC%AF" n2="%E3%82%8A%E3%81%93%E3%82%8A%E3%82%93%E3%81%94" n3="%47%68%6F%73%74%55%30" dan="16,17,17,16" rate="2083.38,2172.08,2203.09,2116.91" sx="M,F,M,F"/><TAIKYOKU oya="0"/><INIT seed="0,0,0,0,3,98" ten="250,250,250,250" oya="0" hai0="38,84,30,22,111,45,58,74,8,86,88,19,101" hai1="116,102,7,89,81,54,91,42,90,13,112,72,61" hai2="65,62,25,40,16,93,53,95,34,10,132,75,121" hai3="0,130,20,83,32,105,1,47,94,128,9,2,50"/><T56/><D74/><U17/><E116/><V41/><F121/><W33/><G105/><T57/><D30/><U69/><E112/><V117/><F75/><W113/><G113/><T36/><D111/><U44/><E7/><V6/><F132/><W110/><G110/><T120/><D120/><U14/><E14/><V68/><F117/><W125/><G125/><T126/><D126/><U133/><E133/><V100/><F53/><W114/><G114/><T124/><D124/><U71/><E54/><V70/><F70/><W135/><G135/><T5/><D101/><U85/><E72/><V106/><F106/><W60/><G32/><T99/><D99/><U115/><E102/><V122/><F122/><W55/><G33/><T12/><D84/><U118/><E118/><V63/><F63/><W82/><G1/><T27/><REACH who="0" step="1"/><D45/><REACH who="0" ten="240,250,250,250" step="2"/><U76/><E115/><V131/><F100/><W26/><G128/><T48/><D48/><U104/><E104/><V51/><F51/><W92/><G130/><T109/><D109/><U39/><REACH who="1" step="1"/><E61/><REACH who="1" ten="240,240,250,250" step="2"/><V15/><F131/><W127/><G127/><T43/><D43/><U3/><E3/><V97/><F40/><W46/><G0/><T23/><D23/><AGARI ba="0,2" hai="13,17,23,39,42,44,69,71,76,81,85,89,90,91" machi="23" ten="40,2600,0" yaku="1,1,53,1" doraHai="98" doraHaiUra="78" who="1" fromWho="0" sc="240,-26,240,46,250,0,250,0" /><INIT seed="1,0,0,1,2,54" ten="214,286,250,250" oya="1" hai0="81,79,106,104,19,69,97,132,27,90,42,41,17" hai1="4,115,73,15,107,85,0,22,74,89,63,46,8" hai2="112,111,121,126,133,3,128,125,68,60,91,134,113" hai3="129,21,45,56,71,88,61,16,44,33,47,6,43"/><U32/><E107/><V25/><F3/><W34/><G71/><T23/><D69/><U117/><E115/><N who="2" m="44107" /><F91/><W123/><G123/><T59/><D132/><N who="2" m="50794" /><F25/><W48/><G129/><T12/><D90/><U99/><E32/><V119/><F121/><W93/><G6/><T1/><D1/><U40/><E99/><V36/><F119/><W26/><G33/><T86/><D104/><U108/><E108/><V130/><F36/><W122/><G34/><T95/><D106/><U100/><E100/><V49/><F49/><W131/><G131/><N who="2" m="50217" /><F111/><W94/><G122/><T92/><D92/><U30/><E117/><V31/><F31/><W38/><G38/><T72/><D95/><N who="3" m="36361" /><G88/><T116/><D116/><U11/><E30/><V70/><F60/><W7/><G7/><T98/><D72/><U67/><E74/><V39/><F39/><W77/><G77/><T87/><D87/><U127/><E73/><V114/><N who="2" m="44115" /><V103/><DORA hai="102" /><F103/><W101/><G101/><T135/><D135/><U118/><E85/><V55/><F55/><AGARI ba="0,0" hai="16,21,26,43,44,45,47,48,55,56,61" m="36361" machi="55" ten="30,3900,0" yaku="8,1,52,1,54,1" doraHai="54,102" who="3" fromWho="2" sc="214,0,286,0,250,-39,250,39" /><INIT seed="2,0,0,5,3,86" ten="214,286,211,289" oya="2" hai0="33,6,3,77,37,0,73,118,19,88,134,54,94" hai1="51,119,105,130,74,10,115,30,89,14,61,55,21" hai2="62,101,107,78,31,127,65,75,44,97,8,42,128" hai3="12,79,53,49,90,112,34,81,71,63,40,82,135"/><V99/><F128/><W15/><G34/><T56/><D37/><U109/><E115/><V16/><F127/><W47/><G135/><T102/><D134/><U113/><E113/><V104/><F31/><W76/><G112/><T22/><D33/><U39/><E39/><V50/><F78/><N who="3" m="29739" /><G71/><T35/><D35/><U66/><E105/><V2/><F75/><W125/><G125/><T131/><D102/><U9/><E74/><V83/><F83/><N who="3" m="31755" /><G90/><T5/><D77/><U58/><E109/><V48/><F48/><N who="3" m="26727" /><G63/><T52/><D73/><U92/><E119/><V68/><F2/><W24/><G24/><T59/><D131/><U13/><E130/><V106/><REACH who="2" step="1"/><F101/><REACH who="2" ten="214,286,201,289" step="2"/><W111/><G111/><T124/><D124/><U18/><E30/><V72/><F72/><W29/><G29/><T116/><D3/><U38/><E38/><V23/><F23/><W103/><G103/><T70/><D0/><U45/><REACH who="1" step="1"/><E14/><AGARI ba="0,1" hai="8,14,16,42,44,50,62,65,68,97,99,104,106,107" machi="14" ten="40,7700,0" yaku="1,1,54,1,53,1" doraHai="86" doraHaiUra="7" who="2" fromWho="1" sc="214,0,286,-77,201,87,289,0" /><INIT seed="2,1,0,5,3,86" ten="214,209,288,289" oya="2" hai0="131,74,60,47,78,73,10,120,30,112,82,75,68" hai1="67,36,110,116,29,119,101,111,50,114,33,12,130" hai2="3,28,6,26,20,125,40,21,93,54,133,43,100" hai3="104,103,135,65,23,72,64,118,32,9,129,16,98"/><V97/><F125/><W115/><G118/><T69/><D120/><U55/><E36/><V84/><F133/><W63/><G32/><T17/><D112/><U4/><E114/><V5/><F54/><W76/><G115/><T79/><D131/><U95/><E130/><V42/><F3/><W58/><G129/><T53/><D30/><U134/><E134/><V19/><F84/><W61/><G135/><T56/><D47/><U45/><E67/><V80/><F80/><W108/><G9/><T38/><D38/><U62/><E62/><V124/><F124/><W44/><G44/><T0/><D78/><U77/><E77/><V94/><F94/><W51/><G51/><T2/><D17/><U35/><E29/><V90/><F100/><W27/><G108/><N who="1" m="41514" /><E4/><V123/><REACH who="2" step="1"/><F123/><REACH who="2" ten="214,209,278,289" step="2"/><W13/><G76/><T37/><D73/><U96/><E12/><AGARI ba="1,1" hai="5,6,12,19,20,21,26,28,40,42,43,90,93,97" machi="12" ten="40,12000,1" yaku="1,1,2,1,8,1,52,1,53,0" doraHai="86" doraHaiUra="7" who="2" fromWho="1" sc="214,0,209,-123,278,133,289,0" /><INIT seed="2,2,0,2,2,63" ten="214,86,411,289" oya="2" hai0="79,129,108,41,111,71,130,95,122,116,119,57,81" hai1="69,126,40,97,84,12,33,110,14,3,30,9,90" hai2="120,99,35,47,73,102,44,37,31,91,10,93,72" hai3="115,22,105,98,83,124,131,28,16,109,82,88,32"/><V55/><F120/><W5/><G109/><N who="0" m="42059" /><D71/><U15/><E110/><V96/><F10/><W125/><G5/><T80/><D41/><U132/><E126/><N who="3" m="48746" /><G131/><N who="0" m="50187" /><D122/><U100/><E132/><V106/><F47/><W123/><G123/><T121/><D121/><U101/><E40/><V117/><F117/><N who="0" m="45130" /><D79/><U1/><E69/><V43/><F55/><W39/><G39/><T128/><D128/><U6/><E3/><V75/><F75/><W94/><G32/><T51/><D51/><U4/><E4/><V38/><F38/><W135/><G28/><T0/><D0/><U20/><E33/><V67/><F43/><W36/><G36/><T118/><D118/><U29/><E20/><V114/><F73/><W50/><G50/><T49/><D95/><U133/><E133/><V59/><F72/><W92/><G92/><T87/><D87/><U25/><E25/><V11/><F93/><W61/><G135/><T65/><D49/><U19/><E19/><V86/><F86/><N who="3" m="52503" /><G61/><AGARI ba="2,0" hai="57,61,65,80,81" m="45130,50187,42059" machi="61" ten="40,8000,1" yaku="14,1,19,1,12,1,52,1" doraHai="63" who="0" fromWho="3" sc="214,86,86,0,411,0,289,-86" /><INIT seed="3,0,0,5,4,98" ten="300,86,411,203" oya="3" hai0="35,10,1,111,130,37,73,27,86,92,5,124,78" hai1="62,91,89,116,128,56,135,18,100,34,94,22,36" hai2="21,110,82,32,126,9,120,129,121,13,101,107,7" hai3="84,95,47,44,71,90,39,28,14,51,64,59,132"/><W24/><G132/><T80/><D111/><U74/><E36/><V31/><F32/><W29/><G71/><T19/><D124/><U38/><E38/><V104/><F126/><W50/><G39/><T61/><D37/><U133/><E34/><V97/><F110/><W70/><G70/><T6/><D6/><U15/><E128/><V0/><F129/><W117/><G117/><T65/><D130/><U125/><E125/><V40/><F40/><W96/><G14/><T42/><D42/><U113/><E113/><V11/><F82/><W48/><G48/><T12/><D92/><U72/><E116/><V87/><F87/><W54/><G24/><T127/><D127/><U93/><E74/><V114/><F114/><W112/><G112/><T4/><D4/><U52/><E72/><V43/><F43/><N who="3" m="24863" /><G96/><T99/><D99/><U103/><E133/><V81/><F81/><W88/><G90/><N who="1" m="34314" /><E135/><V23/><F107/><W41/><G41/><T57/><D73/><U53/><E53/><V68/><F68/><W17/><G17/><T58/><D35/><U46/><E46/><V115/><F115/><W77/><G77/><T108/><D108/><U67/><E67/><V30/><F30/><N who="3" m="11883" /><G64/><T106/><D106/><U63/><E62/><V55/><F31/><W105/><G105/><T75/><D27/><U76/><E76/><V134/><F134/><W79/><G79/><T102/><D75/><U26/><E26/><V3/><F3/><W45/><AGARI ba="0,0" hai="45,47,51,54,59,84,88,95" m="11883,24863" machi="45" ten="30,3000,0" yaku="8,1,54,1" doraHai="98" who="3" fromWho="3" sc="300,-10,86,-10,411,-10,203,30" /><INIT seed="3,1,0,5,5,5" ten="290,76,401,233" oya="3" hai0="9,7,3,75,45,84,116,115,50,120,4,10,2" hai1="47,89,76,23,60,71,49,32,29,94,33,53,58" hai2="111,52,14,100,102,78,108,31,130,124,27,109,133" hai3="127,42,105,104,121,15,66,134,73,70,30,123,83"/><W65/><G42/><T36/><D116/><U57/><E33/><V11/><F130/><W90/><G30/><T77/><D120/><U99/><E32/><N who="2" m="20607" /><F124/><W68/><G73/><T67/><D67/><N who="3" m="25609" /><G15/><T16/><D115/><U51/><E71/><N who="3" m="27178" /><G83/><T74/><D36/><U82/><E29/><V28/><F133/><W87/><G87/><T98/><D98/><U62/><E47/><V117/><F117/><W129/><G90/><T112/><D112/><U22/><E76/><V91/><F78/><W55/><G129/><T131/><D16/><U1/><E1/><V126/><F126/><W95/><G95/><T122/><D122/><N who="3" m="46601" /><G127/><T25/><D25/><U38/><E38/><V64/><F28/><W106/><G55/><T13/><D13/><U110/><E110/><V103/><F91/><W107/><N who="3" m="26624" /><DORA hai="88" /><W97/><G97/><T113/><D113/><U26/><E82/><V63/><F64/><W46/><G46/><T48/><D131/><U54/><REACH who="1" step="1"/><E23/><REACH who="1" ten="290,66,401,233" step="2"/><V0/><F111/><W69/><N who="3" m="27186" /><W80/><DORA hai="17" /><G80/><T125/><D125/><U128/><E128/><V19/><F109/><W101/><G134/><T96/><D45/><U61/><E61/><V37/><F63/><W34/><G34/><T20/><D77/><U24/><E24/><V93/><F108/><W41/><G41/><T135/><D135/><U114/><E114/><V132/><F132/><W35/><G35/><T81/><D81/><U8/><E8/><V119/><F11/><W18/><G101/><T92/><D10/><U85/><E85/><V43/><F102/><W118/><G118/><RYUUKYOKU ba="1,1" sc="290,-15,66,15,401,-15,233,15" hai1="22,26,49,51,53,54,57,58,60,62,89,94,99" hai3="18" /><INIT seed="3,2,1,1,1,112" ten="275,81,386,248" oya="3" hai0="100,129,21,17,24,49,105,94,3,56,102,15,27" hai1="5,16,116,36,22,119,108,117,8,28,132,67,121" hai2="50,106,92,6,75,101,35,38,131,68,26,135,33" hai3="84,79,130,20,57,66,9,7,86,91,37,111,55"/><W115/><G115/><T98/><D3/><N who="1" m="63" /><E36/><V18/><F106/><W109/><G37/><T134/><D134/><U77/><E67/><V74/><F38/><W45/><G130/><T34/><D129/><U31/><E77/><V61/><F131/><W25/><G45/><T103/><D105/><U87/><E87/><V42/><F6/><W19/><G66/><T126/><D126/><U40/><E40/><V11/><F68/><W52/><G79/><T97/><D34/><U107/><E107/><V83/><F61/><W73/><G73/><T72/><D72/><U44/><E44/><V133/><F35/><W54/><G57/><T80/><D80/><U64/><E64/><V32/><F33/><W113/><G113/><T78/><D78/><U82/><E82/><V128/><F32/><W63/><G63/><T125/><D125/><U89/><E89/><V88/><F88/><W30/><G30/><N who="1" m="11306" /><E121/><V39/><F74/><W81/><REACH who="3" step="1"/><G86/><REACH who="3" ten="275,81,386,238" step="2"/><T10/><D56/><U4/><E4/><V62/><F75/><W58/><G58/><T29/><D49/><U99/><E99/><V76/><F62/><W120/><G120/><T93/><D98/><U0/><E108/><V51/><F76/><W41/><G41/><T13/><D97/><U70/><E70/><V60/><F42/><W114/><G114/><T2/><D103/><U69/><E69/><V123/><F60/><W96/><G96/><T14/><D102/><U127/><E127/><V23/><F39/><W59/><G59/><T43/><D43/><U12/><E132/><N who="2" m="50763" /><F128/><W118/><G118/><N who="1" m="30210" /><U122/><DORA hai="53" /><E122/><RYUUKYOKU ba="2,2" sc="275,-15,81,15,386,-15,238,15" hai1="0,12,16,22" hai3="7,9,19,20,25,52,54,55,81,84,91,109,111" /><INIT seed="3,3,2,1,5,119" ten="260,96,371,253" oya="3" hai0="64,43,76,85,65,61,90,60,135,67,0,103,19" hai1="120,32,50,39,21,37,16,24,115,6,124,36,79" hai2="106,132,87,111,80,129,33,82,48,13,12,116,18" hai3="63,17,8,71,104,118,57,47,133,97,96,131,5"/><W40/><G118/><T45/><D0/><U73/><E115/><V117/><F106/><W100/><G131/><T128/><D128/><U81/><E124/><V126/><F129/><W69/><G133/><T125/><D125/><U75/><E32/><V121/><F126/><W88/><G17/><T92/><D76/><U62/><E75/><V108/><F132/><W130/><G130/><T49/><D49/><U123/><BYE who="0" /><E50/><V46/><F33/><W110/><G110/><N who="2" m="42025" /><F121/><W99/><G69/><T98/><D98/><U101/><E101/><V94/><F94/><W66/><G71/><T30/><D30/><U102/><E6/><V86/><F86/><W109/><G109/><T29/><D29/><U78/><E78/><N who="2" m="46487" /><F82/><W26/><G26/><T2/><D2/><U107/><REACH who="1" step="1"/><E62/><REACH who="1" ten="260,86,371,253" step="2"/><V91/><F48/><W14/><REACH who="3" step="1"/><G88/><REACH who="3" ten="260,86,371,243" step="2"/><T56/><D56/><U1/><E1/><V11/><F91/><W68/><G68/><T20/><D20/><U84/><E84/><V74/><F117/><W10/><G10/><T51/><D51/><AGARI ba="3,4" hai="5,8,14,40,47,51,57,63,66,96,97,99,100,104" machi="51" ten="30,5800,0" yaku="1,1,7,1,53,1" doraHai="119" doraHaiUra="59" who="3" fromWho="0" sc="260,-67,86,0,371,0,243,107" /><UN n0="%E3%81%B2%E3%81%AA%E3%81%AE%E3%82%8A%E3%81%8F" /><INIT seed="3,4,0,5,5,104" ten="193,86,371,350" oya="3" hai0="79,24,92,77,13,4,121,119,126,47,26,133,37" hai1="42,0,130,62,127,87,113,35,115,51,131,9,82" hai2="7,17,120,80,99,118,128,116,10,75,81,69,63" hai3="94,83,1,96,105,54,38,33,32,2,27,106,110"/><W28/><G33/><T65/><D65/><U90/><E35/><V48/><F128/><W23/><G38/><T55/><D92/><U8/><E127/><V58/><F69/><W56/><G110/><T71/><D55/><U70/><E70/><V14/><F120/><W15/><G83/><T20/><D26/><U125/><E125/><V76/><F48/><W36/><G36/><T34/><D47/><U102/><E102/><V85/><F99/><W84/><G84/><T117/><D13/><U88/><E62/><V64/><F7/><W112/><G112/><T135/><D20/><U57/><E90/><AGARI ba="4,0" hai="10,14,17,58,63,64,75,76,80,81,85,90,116,118" machi="90" ten="30,2000,0" yaku="7,1,52,1" doraHai="104" who="2" fromWho="1" sc="193,0,86,-32,371,32,350,0" owari="193,-20.7,54,-44.6,403,50.3,350,15.0" /></mjloggm>