<mjloggm ver="2.3"><GO type="225" lobby="0"/><UN n0="%E3%83%A9%E3%83%BC%E3%83%A1%E3%83%B3%E4%BA%94%E9%83%8E" n1="%E3%83%96%E3%83%83%E3%83%91%E3%82%AA%E3%83%96%E3%83%81%E3%82%AD%E3%83%B3" n2="%E6%81%A5%E6%99%92%E3%81%97" n3="%72%61%6B%33" dan="16,16,16,16" rate="2084.46,2214.29,2100.76,2091.69" sx="M,M,M,M"/><TAIKYOKU oya="0"/><INIT seed="0,0,0,2,5,108" ten="250,250,250,250" oya="0" hai0="75,92,45,12,76,39,121,73,81,67,118,28,30" hai1="82,65,19,21,27,106,123,95,42,22,84,126,115" hai2="46,96,85,38,54,23,99,100,1,29,89,72,134" hai3="68,20,91,41,9,87,5,25,4,13,16,53,37"/><T79/><D118/><U7/><E123/><V18/><F72/><W83/><G68/><T113/><D121/><U80/><E106/><V128/><F1/><W2/><G37/><T120/><D120/><U125/><E42/><V88/><F128/><W104/><G104/><T52/><D67/><U133/><E133/><V35/><F134/><W40/><G5/><T131/><D131/><U62/><E7/><V114/><F114/><W6/><G6/><T47/><D113/><U17/><E115/><V112/><F112/><W32/><REACH who="3" step="1"/><G53/><REACH who="3" ten="250,250,250,240" step="2"/><T77/><D39/><U97/><E126/><V110/><F38/><W70/><G70/><T71/><D71/><U64/><E125/><V119/><F54/><W58/><G58/><T98/><D52/><U31/><E65/><V74/><F46/><W111/><G111/><T15/><D45/><U43/><E64/><V24/><F110/><W26/><G26/><T93/><D47/><U60/><E27/><V55/><F55/><W33/><G33/><T59/><D59/><U14/><E43/><V105/><F35/><W56/><G56/><T135/><D135/><U49/><E49/><V69/><F69/><W61/><G61/><T116/><D116/><U63/><E63/><V94/><F119/><W107/><G107/><T36/><D36/><U86/><E62/><V90/><F29/><AGARI ba="0,1" hai="2,4,9,13,16,20,25,29,32,40,41,83,87,91" machi="29" ten="40,8000,1" yaku="1,1,24,2,54,1,53,0" doraHai="108" doraHaiUra="50" who="3" fromWho="2" sc="250,0,250,0,250,-80,240,90" /><INIT seed="1,0,0,1,4,123" ten="250,250,170,330" oya="1" hai0="134,57,55,94,64,1,10,39,20,108,26,53,107" hai1="97,106,84,42,28,29,22,38,124,16,25,85,45" hai2="36,21,63,77,34,49,126,33,90,12,51,60,37" hai3="88,92,67,4,46,87,2,80,110,23,125,103,132"/><U75/><E75/><V76/><F12/><W66/><G110/><T56/><D107/><U43/><E124/><V50/><F21/><W82/><G125/><T93/><D39/><N who="2" m="14922" /><F90/><W0/><G132/><T114/><D114/><U128/><E128/><V54/><F54/><W79/><G46/><T130/><D130/><U19/><E43/><V129/><F126/><W72/><G23/><T11/><D134/><U69/><E69/><V102/><F102/><W73/><G4/><T15/><D1/><U119/><E119/><V96/><F96/><W131/><G131/><T89/><D64/><U13/><E19/><V91/><F91/><W121/><G121/><T105/><D105/><U14/><E13/><V116/><F116/><W98/><G72/><T71/><D71/><U65/><E65/><V112/><F112/><W8/><G8/><T99/><D15/><U74/><E74/><V24/><F24/><W40/><G40/><T58/><D94/><U115/><E115/><V104/><F104/><N who="3" m="63607" /><G82/><T62/><D10/><U6/><E106/><V109/><F129/><W135/><G135/><T17/><D11/><N who="1" m="4471" /><E97/><V3/><F3/><AGARI ba="0,0" hai="0,2,3,66,67,73,79,80,87,88,92" m="63607" machi="3" ten="30,2000,0" yaku="24,1,54,1" doraHai="123" who="3" fromWho="2" sc="250,0,250,0,170,-20,330,20" /><INIT seed="2,0,0,3,5,111" ten="250,250,150,350" oya="2" hai0="51,33,127,86,134,28,68,104,18,17,50,131,11" hai1="19,108,8,58,3,114,102,75,121,73,118,133,84" hai2="124,37,125,6,60,93,43,103,48,110,42,16,105" hai3="119,41,67,79,53,130,54,85,26,21,101,65,72"/><V128/><F105/><W66/><G119/><T5/><D68/><U29/><E118/><V76/><F110/><W74/><G74/><T135/><D104/><U30/><E108/><V23/><F128/><W123/><G72/><T106/><D106/><U61/><E102/><V31/><F37/><W57/><G123/><T59/><D127/><N who="2" m="48714" /><F6/><W112/><G112/><T77/><D131/><U89/><E133/><N who="0" m="50697" /><D77/><U91/><E114/><V27/><F76/><W47/><G101/><T64/><D86/><U7/><E121/><V90/><F60/><W20/><G20/><T107/><D107/><U24/><E91/><V49/><F31/><W87/><G87/><T36/><D36/><U39/><E39/><V9/><F9/><W70/><G70/><T94/><D28/><U96/><E30/><V2/><F2/><W126/><G130/><T95/><D11/><U52/><E75/><V55/><F103/><W99/><G57/><T92/><D5/><U113/><E73/><V78/><F78/><W69/><G69/><T45/><D33/><U14/><E113/><V34/><F34/><W120/><G126/><T97/><D50/><N who="2" m="19562" /><F55/><W98/><G53/><N who="0" m="29935" /><D97/><AGARI ba="0,0" hai="16,23,27,42,43,90,93,97" m="19562,48714" machi="97" ten="30,2900,0" yaku="18,1,54,1" doraHai="111" who="2" fromWho="0" sc="250,-29,250,0,150,29,350,0" /><INIT seed="2,1,0,0,5,56" ten="221,250,179,350" oya="2" hai0="57,131,0,112,52,129,6,84,40,24,63,127,46" hai1="68,116,106,66,113,11,13,122,124,20,50,26,72" hai2="134,30,103,82,14,104,101,39,99,7,83,70,22" hai3="64,79,12,86,76,36,107,59,88,98,115,67,123"/><V121/><F121/><W92/><G36/><N who="0" m="21767" /><D112/><U16/><E116/><V81/><F39/><W53/><G123/><T126/><D84/><U51/><E122/><V119/><F119/><W1/><G1/><T9/><D24/><U125/><E113/><V35/><F134/><W32/><G32/><T120/><D120/><U71/><E72/><V47/><F47/><W44/><G44/><T128/><AGARI ba="1,0" hai="0,6,9,52,57,63,126,127,128,129,131" m="21767" machi="128" ten="40,5200,0" yaku="19,1,52,1,54,1" doraHai="56" who="0" fromWho="0" sc="221,55,250,-14,179,-27,350,-14" /><INIT seed="3,0,0,2,2,133" ten="276,236,152,336" oya="3" hai0="28,78,121,120,104,64,116,58,30,10,100,117,69" hai1="103,15,126,63,123,112,74,17,96,62,73,77,113" hai2="102,19,44,115,71,99,105,94,38,25,2,36,92" hai3="48,101,35,131,4,72,90,12,98,66,135,5,65"/><W16/><G35/><T67/><D69/><U79/><E123/><V86/><F115/><N who="1" m="44105" /><E17/><V39/><F2/><W1/><G72/><N who="1" m="27754" /><E15/><V11/><F71/><W23/><G131/><T21/><D10/><U89/><E62/><V13/><F105/><W124/><G90/><T6/><D21/><U82/><E63/><V20/><F86/><W41/><G66/><T95/><D6/><U40/><E40/><V81/><F81/><W43/><G65/><T52/><D58/><U59/><E59/><V32/><F32/><W56/><G5/><T57/><D52/><U87/><E126/><V55/><F94/><AGARI ba="0,0" hai="77,79,82,87,89,94,96,103" m="27754,44105" machi="94" ten="30,2000,0" yaku="34,2" doraHai="133" who="1" fromWho="2" sc="276,0,236,20,152,-20,336,0" owari="276,7.6,256,-14.4,132,-36.8,336,43.6" /></mjloggm>