<mjloggm ver="2.3"><GO type="225" lobby="0"/><UN n0="%E4%BF%BA%E3%81%A8%E5%A6%96%E5%A4%A2" n1="%E8%81%B7%E6%A5%AD%E3%80%81%E9%A2%A8%32" n2="%E3%81%8B%E3%82%8F%E3%81%A1%E3%82%83%E3%82%93%35%38" n3="%72%69%6F%75%63%68%61%6E" dan="16,16,16,16" rate="2262.85,2153.34,2150.80,2091.25" sx="F,M,M,M"/><TAIKYOKU oya="0"/><INIT seed="0,0,0,0,0,128" ten="250,250,250,250" oya="0" hai0="39,82,13,57,63,11,7,5,124,110,111,129,60" hai1="90,92,106,86,62,27,78,1,65,75,43,134,133" hai2="28,0,10,25,68,88,71,112,17,125,80,123,67" hai3="122,64,23,87,73,97,72,30,34,61,15,107,132"/><T109/><D39/><U31/><E1/><V76/><F112/><W42/><G132/><N who="1" m="50794" /><E106/><V135/><F123/><W45/><G122/><T98/><D129/><U53/><E43/><V4/><F135/><W6/><G87/><T93/><D124/><U16/><E53/><V126/><F17/><W113/><G113/><T99/><D82/><N who="1" m="45407" /><E16/><V56/><F125/><W12/><G6/><T70/><D5/><U44/><E44/><V22/><F126/><W83/><G107/><T103/><D98/><U116/><E116/><V24/><F4/><W47/><G97/><T91/><D70/><U19/><E19/><V119/><F0/><W2/><G2/><T33/><D33/><N who="1" m="20735" /><E62/><N who="2" m="38343" /><F71/><W35/><G61/><T130/><D130/><U89/><E90/><V55/><F88/><W41/><G41/><T118/><D118/><U50/><E50/><V81/><F55/><W20/><G42/><T95/><D63/><U58/><E58/><V101/><F68/><W26/><G45/><T32/><D32/><U40/><E40/><V14/><F119/><W29/><G47/><T79/><D91/><U131/><E131/><V21/><F76/><W46/><G46/><T52/><D79/><U59/><E59/><V108/><F81/><W114/><G83/><T8/><D8/><U38/><E65/><V74/><F74/><W104/><G64/><T94/><AGARI ba="0,0" hai="7,11,13,52,57,60,93,94,95,99,103,109,110,111" machi="94" ten="40,12000,1" yaku="0,1,14,1,10,1,54,1" doraHai="128" who="0" fromWho="0" sc="250,120,250,-40,250,-40,250,-40" /><INIT seed="0,1,0,3,3,30" ten="370,210,210,210" oya="0" hai0="59,70,71,66,4,47,35,45,125,88,113,106,72" hai1="17,111,86,3,11,112,27,12,8,6,118,75,124" hai2="57,28,103,48,84,39,42,76,69,25,131,2,92" hai3="24,10,127,77,133,15,5,33,38,63,132,134,55"/><T0/><D113/><U116/><E75/><V41/><F69/><W129/><G38/><T32/><D72/><U56/><E112/><V26/><F39/><W120/><G120/><T73/><D73/><U122/><E122/><V126/><F2/><W90/><G77/><T99/><D59/><U50/><E111/><V87/><F131/><W60/><G129/><T104/><D4/><U102/><E124/><V7/><F7/><W61/><G127/><T21/><D21/><U115/><E115/><V31/><F126/><W19/><G90/><T78/><D78/><U97/><E86/><V101/><F76/><W82/><G82/><T34/><D0/><U119/><E27/><V36/><F36/><W110/><G110/><T83/><D125/><U74/><E74/><V62/><F57/><W43/><G43/><T49/><D66/><U117/><N who="1" m="29696" /><DORA hai="64" /><U135/><E135/><V58/><F58/><N who="3" m="34911" /><G19/><T65/><D65/><U53/><REACH who="1" step="1"/><E97/><REACH who="1" ten="370,200,210,210" step="2"/><V14/><F87/><W23/><G24/><T52/><D99/><U121/><E121/><V44/><F84/><W22/><G33/><T80/><D35/><U18/><E18/><V91/><F26/><W94/><G134/><T96/><D96/><U29/><E29/><V13/><F25/><W9/><G133/><T95/><D34/><U100/><AGARI ba="1,1" hai="3,6,8,11,12,17,50,53,56,100,102" m="29696" machi="100" ten="60,4000,0" yaku="1,1,0,1,53,0" doraHai="30,64" doraHaiUra="67,16" who="1" fromWho="1" sc="370,-21,200,53,210,-11,210,-11" /><INIT seed="1,0,0,3,0,129" ten="349,253,199,199" oya="1" hai0="31,79,10,1,26,99,6,73,61,113,46,121,17" hai1="120,14,107,132,5,53,81,135,78,41,130,16,106" hai2="100,128,110,2,117,39,69,112,20,111,131,105,92" hai3="23,3,98,59,13,119,19,86,44,38,66,51,85"/><U87/><E120/><V96/><F2/><W75/><G75/><T11/><D113/><U133/><E130/><N who="2" m="49707" /><F69/><W89/><G119/><T56/><D121/><U60/><E41/><V15/><F39/><W48/><G3/><T49/><D73/><U134/><E5/><V114/><F15/><W126/><G126/><T72/><D72/><U116/><E116/><V7/><F20/><W102/><G38/><T124/><D79/><U127/><E127/><V109/><F7/><W67/><G59/><T97/><D17/><U91/><E78/><V42/><F42/><W33/><G33/><T74/><D74/><U125/><E125/><V45/><F45/><W118/><G118/><T40/><D11/><N who="1" m="6239" /><E133/><V50/><F50/><W101/><G51/><T65/><D124/><U12/><E12/><V47/><F47/><W80/><G86/><T8/><D8/><U115/><E115/><N who="2" m="44075" /><F117/><W21/><G21/><AGARI ba="0,0" hai="1,6,10,21,26,31,40,46,49,56,61,65,97,99" machi="21" ten="30,1000,0" yaku="7,1" doraHai="129" who="0" fromWho="3" sc="349,10,253,0,199,0,199,-10" /><INIT seed="2,0,0,3,2,55" ten="359,253,199,189" oya="2" hai0="84,65,89,61,48,4,44,91,2,74,108,130,1" hai1="3,6,52,75,76,43,70,67,121,102,97,47,123" hai2="87,92,54,66,64,20,101,112,100,71,58,128,17" hai3="122,49,82,10,127,11,22,51,96,40,14,39,115"/><V53/><F112/><W41/><G122/><N who="1" m="46602" /><E52/><N who="2" m="20075" /><F71/><W60/><G127/><T26/><D74/><U13/><E13/><N who="2" m="9263" /><F128/><W29/><G115/><T77/><D130/><U15/><E15/><V126/><F126/><W23/><G39/><T85/><D108/><U62/><E76/><V31/><F31/><W46/><G60/><T5/><D77/><U18/><E18/><V42/><F42/><W16/><G82/><N who="0" m="49303" /><D26/><U9/><E75/><V83/><F92/><W99/><G29/><T0/><D0/><U124/><E124/><V109/><F109/><W57/><G57/><N who="0" m="37039" /><D2/><U114/><E114/><V111/><F111/><W34/><G34/><T45/><D1/><U32/><E32/><V105/><F105/><W90/><G22/><T134/><D45/><U80/><E80/><V118/><F118/><W117/><G117/><T8/><D8/><U19/><E19/><V37/><F37/><W79/><G10/><T25/><D25/><U59/><E70/><V50/><F50/><W63/><G11/><T12/><D12/><U21/><E43/><V94/><F94/><N who="3" m="56407" /><G63/><T95/><D5/><U73/><E73/><V98/><F58/><W110/><G110/><T135/><D4/><U125/><E125/><V132/><F132/><N who="0" m="50730" /><D44/><U35/><E47/><V56/><F56/><W119/><G119/><T88/><D91/><U104/><E35/><V120/><F120/><W113/><G113/><T81/><D81/><U86/><E21/><V7/><F7/><W116/><G116/><T129/><D129/><U78/><E78/><N who="2" m="46583" /><F98/><W93/><G46/><T30/><D48/><N who="3" m="18505" /><G79/><T72/><D72/><RYUUKYOKU ba="0,0" sc="359,0,253,0,199,0,189,0" hai0="30,85,88,95" hai1="3,6,9,59,62,67,86,97,102,104" hai2="64,66,100,101" hai3="14,16,23,40,41,93,99" /><INIT seed="2,1,0,5,5,71" ten="359,253,199,189" oya="2" hai0="58,117,49,41,56,65,99,110,66,15,134,45,96" hai1="37,40,111,78,81,63,46,59,97,20,9,122,102" hai2="23,95,79,14,73,130,75,124,85,128,80,0,70" hai3="105,86,6,54,74,10,94,119,21,47,60,132,1"/><V32/><F32/><W84/><G105/><T103/><D110/><U13/><E111/><V92/><F70/><W5/><G132/><T126/><D134/><U82/><E122/><V55/><F0/><W106/><G106/><T67/><D126/><U24/><E78/><V50/><F124/><W38/><G119/><T88/><D117/><U120/><E120/><V115/><F115/><W11/><G74/><N who="2" m="28169" /><F14/><W34/><G34/><T68/><D68/><U116/><E116/><V113/><F23/><W4/><G21/><T2/><D2/><U30/><E13/><V8/><F8/><W100/><G38/><T91/><D103/><U135/><E9/><N who="3" m="3082" /><G1/><T127/><D127/><U114/><E114/><V89/><F113/><W16/><G16/><T48/><D15/><U44/><E135/><V90/><F50/><N who="3" m="29023" /><G60/><T69/><D69/><U61/><E61/><V35/><F55/><W101/><G100/><T17/><D17/><U52/><REACH who="1" step="1"/><E46/><REACH who="1" ten="359,243,199,189" step="2"/><V25/><F25/><W123/><G123/><T26/><D45/><U18/><E18/><V36/><F35/><W87/><G101/><T76/><D26/><U12/><E12/><V29/><F29/><W112/><G112/><T131/><D76/><U19/><E19/><V109/><F109/><W43/><G43/><T83/><D41/><U98/><E98/><N who="2" m="57615" /><F36/><W57/><G57/><T22/><D58/><U3/><E3/><V121/><F121/><W133/><G133/><T62/><D56/><U31/><E31/><V33/><F33/><W93/><AGARI ba="1,1" hai="4,5,6,84,86,87,93,94" m="29023,3082" machi="93" ten="40,1500,0" yaku="8,1" doraHai="71" who="3" fromWho="3" sc="359,-5,243,-5,199,-8,189,28" /><INIT seed="3,0,0,3,0,40" ten="354,238,191,217" oya="3" hai0="123,4,105,52,67,63,61,44,83,91,132,55,118" hai1="0,38,81,28,72,71,128,114,37,73,9,64,89" hai2="103,49,131,34,62,75,95,109,47,20,88,2,36" hai3="101,92,51,3,93,80,111,39,10,119,59,86,125"/><W50/><G119/><T106/><D118/><U121/><E114/><V43/><F34/><W99/><G125/><T117/><D117/><U134/><E121/><V31/><F2/><W12/><G39/><T122/><D4/><U78/><E73/><V56/><F75/><W108/><G3/><T23/><D132/><U1/><E128/><V77/><F109/><N who="3" m="42059" /><G92/><T21/><D91/><U97/><E134/><V74/><F74/><W100/><G101/><T76/><D67/><U127/><E127/><V126/><F126/><W7/><G59/><T94/><D94/><U129/><E129/><V116/><F116/><W24/><G24/><T32/><D83/><U54/><E81/><V45/><F131/><W107/><G107/><T60/><D60/><U87/><E38/><V82/><F103/><W13/><G12/><T53/><D53/><U113/><E37/><V66/><F82/><W85/><G85/><T17/><D106/><U110/><E54/><V6/><F6/><W112/><G112/><T22/><D105/><U42/><E113/><V98/><F77/><AGARI ba="0,0" hai="7,10,13,50,51,77,80,86,93,99,100" m="42059" machi="77" ten="30,2900,0" yaku="14,1,10,1" doraHai="40" who="3" fromWho="2" sc="354,0,238,0,191,-29,217,29" /><INIT seed="3,1,0,1,0,128" ten="354,238,162,246" oya="3" hai0="2,88,72,61,22,34,123,46,17,4,105,59,102" hai1="106,24,15,51,118,38,97,29,90,107,5,80,53" hai2="131,52,7,78,76,100,57,85,84,41,94,121,42" hai3="133,45,112,13,14,35,103,32,63,91,16,96,0"/><W104/><G133/><T39/><D123/><U92/><E38/><V58/><F131/><W122/><G122/><T77/><D34/><U135/><E135/><V20/><F121/><W68/><G0/><T108/><D108/><U87/><E118/><V27/><F7/><W110/><G112/><T36/><D46/><U120/><E15/><V115/><F115/><W86/><G110/><T64/><D77/><U30/><E30/><V69/><F69/><W75/><G75/><T9/><D72/><U73/><E5/><V132/><F132/><W79/><G79/><T81/><D102/><U130/><E73/><V126/><F126/><W127/><G127/><T114/><D105/><U3/><E3/><V95/><F20/><W28/><G45/><T124/><D114/><U21/><E130/><V12/><F12/><W70/><G13/><T54/><D64/><U117/><E117/><V48/><F27/><W83/><G63/><T10/><D10/><U93/><E93/><V62/><F100/><W101/><G103/><T40/><D40/><U55/><E55/><V71/><F71/><W116/><G116/><T67/><D54/><U23/><E21/><V47/><F47/><W25/><G32/><T125/><D125/><U66/><E66/><V56/><F56/><W99/><G99/><T26/><D124/><U1/><E1/><V82/><F62/><W65/><G65/><T74/><D74/><U18/><E120/><V43/><F58/><W8/><AGARI ba="1,0" hai="8,14,16,25,28,35,68,70,83,86,91,96,101,104" machi="8" ten="20,3900,0" yaku="0,1,7,1,54,1" doraHai="128" who="3" fromWho="3" sc="354,-14,238,-14,162,-14,246,42" /><INIT seed="3,2,0,4,3,2" ten="340,224,148,288" oya="3" hai0="60,7,0,8,98,72,11,88,135,108,95,31,119" hai1="100,54,57,77,81,4,127,3,12,13,89,122,101" hai2="19,38,131,63,43,71,14,28,83,117,41,118,59" hai3="39,99,113,78,34,48,29,66,86,96,27,10,32"/><W47/><G113/><T114/><D119/><U15/><E122/><V76/><F131/><W37/><G34/><T55/><D114/><U82/><E127/><V23/><F71/><W116/><G116/><T1/><D72/><U69/><E69/><V85/><F38/><W35/><G35/><T44/><D108/><U124/><E124/><V61/><F118/><W24/><G66/><T121/><D121/><U16/><E89/><V79/><F117/><W25/><G32/><T132/><D31/><U65/><E65/><V52/><F28/><W50/><G29/><T123/><D123/><U58/><E58/><V104/><F104/><W107/><G107/><T73/><D73/><U90/><E90/><V17/><F76/><W40/><G50/><T112/><D112/><U26/><E3/><V46/><F46/><W70/><G70/><T6/><D60/><N who="1" m="35895" /><E4/><V129/><F129/><W110/><G110/><T20/><D20/><N who="1" m="13575" /><E77/><V74/><F74/><W105/><G105/><T5/><D5/><U56/><E56/><V130/><F130/><W68/><G68/><T21/><D21/><U93/><E93/><V102/><F102/><AGARI ba="2,0" hai="12,13,15,81,82,100,101,102" m="13575,35895" machi="102" ten="30,2000,0" yaku="8,1,54,1" doraHai="2" who="1" fromWho="2" sc="340,0,224,26,148,-26,288,0" owari="340,44.0,250,-15.0,122,-37.8,288,8.8" /></mjloggm>