<mjloggm ver="2.3"><GO type="225" lobby="0"/><UN n0="%E5%82%8D%E8%8B%A5%E7%84%A1%E4%BA%BA%35%31" n1="%72%61%6B%33" n2="%E5%B0%8F%E9%B3%A5%E9%81%8A%E7%B7%B4%E7%84%A1%32%31%E6%AD%B3" n3="%E3%83%A9%E3%82%B9%E7%8E%87%EF%BC%93%E5%89%B2" dan="16,16,17,17" rate="2166.42,2139.73,2156.77,2191.02" sx="M,M,F,F"/><TAIKYOKU oya="0"/><INIT seed="0,0,0,5,4,60" ten="250,250,250,250" oya="0" hai0="38,85,67,44,56,94,22,40,48,32,59,0,88" hai1="87,27,61,53,134,121,90,104,5,10,91,36,96" hai2="51,122,52,78,47,2,66,132,58,64,33,55,86" hai3="41,12,73,128,71,24,30,115,8,101,11,26,16"/><T93/><D32/><U3/><E121/><V82/><F122/><W25/><G73/><T83/><D0/><U65/><E134/><V80/><F132/><W29/><G71/><T99/><D93/><U109/><E109/><V13/><F2/><W62/><G41/><T110/><D110/><U57/><E36/><V119/><F119/><W23/><G62/><N who="0" m="38343" /><D38/><U37/><E37/><V9/><F82/><W39/><G39/><T123/><D123/><U127/><E127/><V98/><F98/><W89/><G101/><N who="0" m="60663" /><D59/><U15/><E3/><V28/><F28/><N who="3" m="10859" /><G89/><T46/><D46/><U95/><E104/><V81/><F81/><W112/><G128/><T7/><D7/><U77/><E77/><V114/><F33/><W103/><G103/><T84/><D84/><U50/><E87/><V18/><F114/><AGARI ba="0,0" hai="8,11,12,16,23,24,25,26,112,114,115" m="10859" machi="114" ten="30,3900,0" yaku="34,2,54,1" doraHai="60" who="3" fromWho="2" sc="250,0,250,0,250,-39,250,39" /><INIT seed="1,0,0,3,5,108" ten="250,250,211,289" oya="1" hai0="112,75,86,117,123,52,89,49,93,107,84,80,105" hai1="4,22,116,40,32,9,56,72,14,28,47,64,83" hai2="30,121,68,23,95,20,128,62,66,50,1,98,109" hai3="5,35,115,118,91,134,78,90,94,57,51,67,19"/><U122/><E116/><V100/><F109/><W69/><G35/><T46/><D117/><U11/><E122/><V8/><F128/><W18/><G69/><T127/><D127/><U85/><E72/><V120/><F50/><W96/><G134/><T73/><D123/><U54/><E32/><V26/><F23/><W34/><G34/><T71/><D71/><U99/><E99/><V113/><F113/><W125/><G115/><T6/><D112/><U55/><E11/><V42/><F42/><W43/><G5/><T36/><D6/><U33/><E33/><V133/><F133/><W97/><G78/><T106/><REACH who="0" step="1"/><D36/><REACH who="0" ten="240,250,211,289" step="2"/><U76/><E64/><V15/><F1/><W53/><G125/><T102/><D102/><U16/><E28/><V135/><F135/><W130/><G67/><T41/><D41/><U29/><E29/><V38/><F38/><W10/><G43/><T7/><D7/><AGARI ba="0,1" hai="7,8,15,20,26,30,62,66,68,95,98,100,120,121" machi="7" ten="30,1000,0" yaku="7,1" doraHai="108" who="2" fromWho="0" sc="240,-10,250,0,211,20,289,0" /><INIT seed="2,0,0,2,3,114" ten="230,250,231,289" oya="2" hai0="63,49,7,0,85,78,116,2,69,45,16,27,26" hai1="120,87,70,106,123,72,64,57,75,82,52,71,40" hai2="8,86,111,67,107,28,1,39,68,89,77,130,36" hai3="21,58,98,47,23,90,20,100,44,29,104,37,56"/><V74/><F107/><W50/><G29/><T131/><D131/><U66/><E106/><V113/><F113/><W53/><REACH who="3" step="1"/><G90/><REACH who="3" ten="230,250,231,279" step="2"/><T121/><D121/><U93/><E123/><V30/><F89/><W115/><G115/><T134/><D7/><U11/><E120/><V51/><F30/><W18/><G18/><T6/><D16/><U132/><E132/><V92/><F28/><W3/><G3/><T108/><D6/><U42/><E71/><V14/><F1/><W24/><G24/><T128/><D69/><U135/><E70/><V22/><F68/><W41/><AGARI ba="0,1" hai="20,21,23,37,41,44,47,50,53,56,58,98,100,104" machi="41" ten="30,2000,0" yaku="1,1,0,1,53,0" doraHai="114" doraHaiUra="80" who="3" fromWho="3" sc="230,-5,250,-5,231,-10,279,30" /><INIT seed="3,0,0,0,1,92" ten="225,245,221,309" oya="3" hai0="0,135,132,24,108,31,17,134,14,51,63,107,57" hai1="39,15,100,67,111,3,114,91,105,44,103,23,2" hai2="4,101,36,90,117,30,125,22,46,7,50,128,56" hai3="124,13,53,70,85,102,29,71,94,54,18,127,106"/><W119/><G119/><T77/><D108/><U80/><E114/><V109/><F117/><W5/><G5/><T95/><D107/><U48/><E39/><V55/><F109/><W116/><G29/><T52/><D0/><U74/><E67/><V87/><F125/><N who="3" m="48203" /><G106/><T75/><D95/><U97/><E103/><V89/><F128/><W20/><G116/><T60/><D77/><U69/><E69/><N who="3" m="26122" /><G85/><T49/><D75/><U16/><E111/><V62/><F36/><W130/><G130/><T96/><D96/><AGARI ba="0,0" hai="13,18,20,53,54,94,96,102" m="26122,48203" machi="96" ten="30,2900,0" yaku="18,1,52,1" doraHai="92" who="3" fromWho="0" sc="225,-29,245,0,221,0,309,29" owari="196,-30.4,245,4.5,221,-17.9,338,43.8" /></mjloggm>