<mjloggm ver="2.3"><GO type="225" lobby="0"/><UN n0="%72%69%6F%75%63%68%61%6E" n1="%E9%A6%AC%E5%BC%95%E7%81%AB%33" n2="%E6%98%BC%E4%B8%8B%E3%81%8C%E3%82%8A%E3%81%AE%E5%9B%A3%E5%9C%B0%E5%A6%BB" n3="%E3%82%8C%E3%81%99%E3%81%93" dan="16,16,16,17" rate="2077.00,2118.65,2138.78,2149.13" sx="M,M,F,F"/><TAIKYOKU oya="0"/><INIT seed="0,0,0,5,1,30" ten="250,250,250,250" oya="0" hai0="90,110,53,108,33,1,11,129,111,97,23,50,134" hai1="6,87,96,38,118,120,93,84,133,81,56,47,5" hai2="28,70,46,41,127,67,34,119,57,48,66,85,94" hai3="107,79,69,80,101,71,88,126,68,128,25,98,112"/><T31/><D129/><U27/><E118/><V74/><F74/><W18/><G112/><T113/><D134/><U4/><E120/><V59/><F119/><W26/><G128/><T54/><D113/><U8/><E133/><V95/><F127/><W100/><G126/><T92/><D23/><U82/><E38/><V65/><F70/><W44/><G101/><T77/><D77/><U17/><E47/><V39/><F85/><N who="1" m="32841" /><E56/><V24/><REACH who="2" step="1"/><F39/><REACH who="2" ten="250,250,240,250" step="2"/><W135/><G135/><T14/><D1/><U75/><E75/><V62/><F62/><W122/><G122/><T16/><D50/><U22/><E8/><V117/><F117/><W2/><G69/><T9/><D11/><U125/><E125/><V35/><F35/><W15/><G68/><T124/><D124/><U52/><E22/><V123/><F123/><W91/><G71/><T63/><D63/><U19/><E81/><V115/><F115/><W116/><G80/><T86/><D86/><U78/><E82/><V43/><F43/><W132/><G116/><T109/><D108/><U36/><E36/><V114/><F114/><W131/><G132/><T103/><D90/><U45/><E78/><V55/><F55/><W3/><G79/><T60/><D60/><U106/><E52/><V32/><F32/><W64/><G91/><T10/><D10/><U105/><E105/><V61/><F61/><W89/><G88/><T102/><D103/><U49/><E106/><V73/><F73/><W99/><G107/><T7/><D7/><U104/><E104/><V12/><F12/><W13/><G15/><T72/><D72/><RYUUKYOKU ba="0,1" sc="250,15,250,-15,240,15,250,-15" hai0="9,14,16,31,33,53,54,92,97,102,109,110,111" hai2="24,28,34,41,46,48,57,59,65,66,67,94,95" /><INIT seed="0,1,1,1,5,57" ten="265,235,255,235" oya="0" hai0="74,95,15,1,73,32,113,115,96,111,124,16,65" hai1="86,128,101,5,131,125,52,100,70,75,44,28,46" hai2="39,102,79,84,12,21,50,38,91,9,81,72,30" hai3="66,41,118,129,10,89,40,112,135,42,29,0,122"/><T99/><D1/><U14/><E125/><V24/><F102/><N who="1" m="39529" /><E75/><V25/><F25/><W97/><G112/><T45/><D124/><U43/><E70/><V76/><F76/><W51/><G118/><T132/><D32/><U7/><E28/><V108/><F108/><W107/><G135/><T116/><D116/><U68/><E68/><V82/><REACH who="2" step="1"/><F50/><REACH who="2" ten="265,235,245,235" step="2"/><W59/><G51/><T123/><D111/><U119/><E119/><V3/><F3/><W109/><G0/><T37/><D115/><U27/><E27/><V31/><F31/><W104/><G29/><T53/><D113/><U83/><E14/><V93/><F93/><W36/><G109/><T6/><D95/><U80/><E80/><V49/><F49/><W23/><G107/><T78/><D78/><U77/><E83/><V87/><F87/><W121/><G104/><T85/><D85/><U105/><E105/><V98/><F98/><W134/><G97/><T69/><D99/><U67/><E86/><V130/><F130/><W117/><G129/><T110/><D96/><U4/><E77/><V61/><F61/><W8/><G117/><T56/><D110/><U133/><E131/><V103/><F103/><W58/><G121/><T13/><D123/><U114/><E128/><V20/><F20/><W35/><G23/><T63/><D74/><U60/><E60/><V120/><F120/><W88/><G122/><T62/><D73/><U33/><E114/><V34/><F34/><W92/><G35/><T90/><D15/><U54/><E33/><V22/><F22/><W17/><G134/><T26/><D132/><RYUUKYOKU ba="1,2" sc="265,-10,235,-10,245,30,235,-10" hai2="9,12,21,24,30,38,39,72,79,81,82,84,91" /><INIT seed="1,2,2,5,0,44" ten="255,225,275,225" oya="1" hai0="85,132,97,92,1,122,114,123,67,69,22,106,59" hai1="127,89,119,101,11,32,118,68,70,60,93,56,21" hai2="79,116,14,51,83,7,24,42,50,54,57,103,8" hai3="33,105,55,19,115,61,47,112,35,23,65,39,134"/><U117/><E32/><V62/><F116/><W104/><G134/><T13/><D132/><U102/><E127/><V100/><F24/><W78/><G78/><T48/><D114/><U63/><E11/><V2/><F2/><W41/><G35/><T90/><D1/><U0/><E0/><V64/><F42/><W99/><G33/><T15/><D69/><U98/><E21/><V52/><F54/><W76/><G76/><T96/><D106/><U80/><E80/><V40/><F40/><W45/><G104/><T82/><D96/><U133/><E133/><V108/><F108/><W58/><G99/><T120/><D22/><U130/><E130/><V3/><F3/><W135/><G105/><T31/><D31/><U26/><E26/><V10/><F10/><W30/><G30/><T72/><D72/><U73/><E73/><V95/><F95/><W128/><G128/><T20/><D20/><U84/><E98/><V86/><REACH who="2" step="1"/><F51/><REACH who="2" ten="255,225,265,225" step="2"/><W74/><G135/><T9/><D9/><U25/><E25/><V87/><F87/><W131/><G131/><T75/><D75/><U129/><E129/><V124/><F124/><W109/><G74/><T46/><D48/><U16/><E118/><V107/><F107/><W28/><G109/><T121/><D121/><U110/><E110/><V29/><F29/><W34/><G28/><T12/><D85/><N who="1" m="52399" /><E119/><V53/><F53/><W37/><G55/><T4/><D123/><U126/><E117/><V43/><F43/><N who="3" m="22767" /><G34/><T111/><D122/><U18/><E126/><V71/><AGARI ba="2,3" hai="7,8,14,50,52,57,62,64,71,79,83,86,100,103" machi="71" ten="20,8000,1" yaku="1,1,0,1,7,1,52,1,54,1,53,0" doraHai="44" doraHaiUra="27" who="2" fromWho="2" sc="255,-22,225,-42,265,116,225,-22" /><INIT seed="2,0,0,1,0,62" ten="233,183,381,203" oya="2" hai0="111,78,73,65,119,90,103,63,135,28,75,109,107" hai1="84,87,54,128,18,66,69,51,30,48,16,132,131" hai2="88,115,46,43,74,77,71,36,4,98,3,52,58" hai3="11,114,7,125,17,129,35,116,41,60,117,101,95"/><V82/><F115/><W122/><G122/><T130/><D130/><N who="1" m="49707" /><E132/><V96/><F71/><W49/><G35/><T25/><D135/><U124/><E124/><V113/><F113/><W5/><G114/><T39/><D39/><U97/><E30/><V47/><F47/><W32/><G32/><N who="0" m="20495" /><D90/><U67/><E97/><V133/><F133/><W102/><G125/><T110/><D119/><U80/><E69/><V38/><F38/><W21/><G129/><T34/><D78/><N who="1" m="46103" /><E87/><V0/><F88/><W50/><G117/><T108/><D34/><U94/><E94/><V64/><F3/><W57/><G116/><T29/><D29/><U99/><E99/><V106/><F106/><W120/><G120/><T91/><D91/><U123/><E48/><N who="3" m="18538" /><G41/><T20/><D108/><U14/><E123/><V27/><F43/><W9/><G95/><T81/><D81/><U104/><E18/><V53/><F82/><W85/><G85/><T19/><D103/><N who="3" m="39433" /><G5/><T10/><D107/><U92/><E92/><V1/><F4/><W15/><G7/><T61/><D73/><U72/><E72/><V93/><F74/><W26/><G26/><N who="0" m="14623" /><D75/><U24/><E24/><V56/><F93/><W89/><G89/><T12/><D110/><U31/><E31/><V86/><F27/><W13/><G13/><T45/><D45/><N who="1" m="28015" /><E104/><V121/><F121/><W33/><G33/><T2/><D2/><U68/><E68/><V100/><F0/><W83/><G83/><T79/><D111/><U127/><E127/><V76/><F1/><W22/><G9/><AGARI ba="0,0" hai="9,14,16,66,67" m="28015,46103,49707" machi="9" ten="30,7700,0" yaku="19,1,52,2,54,1" doraHai="62" who="1" fromWho="3" sc="233,0,183,77,381,0,203,-77" /><INIT seed="3,0,0,5,2,72" ten="233,260,381,126" oya="3" hai0="39,38,106,116,109,91,27,92,5,79,124,35,77" hai1="93,107,17,47,7,40,81,95,98,57,73,42,61" hai2="111,24,11,15,84,133,101,46,60,16,114,110,90" hai3="37,122,6,88,13,30,97,117,43,62,118,94,0"/><W18/><G122/><T20/><D116/><U36/><E40/><V54/><F114/><W127/><G127/><T1/><D106/><U83/><E107/><V21/><F101/><W25/><G62/><T99/><D35/><U70/><E70/><V74/><F74/><W120/><G120/><T104/><D124/><U68/><E68/><V89/><F133/><W80/><G80/><T63/><D109/><N who="2" m="41482" /><F84/><W44/><G6/><T130/><D130/><U135/><E17/><N who="2" m="12335" /><F46/><W76/><G0/><T115/><D115/><U48/><E48/><V4/><F4/><W9/><REACH who="3" step="1"/><G76/><REACH who="3" ten="233,260,381,116" step="2"/><N who="0" m="29259" /><D1/><U75/><E61/><V126/><F126/><W65/><G65/><T121/><D121/><U129/><E83/><V31/><F60/><W26/><G26/><T105/><D5/><U34/><E81/><V56/><F15/><W8/><G8/><T55/><D38/><U33/><E36/><V128/><F11/><W58/><G58/><N who="0" m="35295" /><D39/><U19/><E7/><V50/><F56/><W86/><G86/><T10/><D10/><U53/><E57/><V125/><F125/><W51/><G51/><T85/><D85/><U131/><E73/><V41/><F50/><W14/><G14/><T64/><D64/><U52/><E75/><V96/><F128/><W66/><G66/><T12/><D12/><U59/><E131/><V29/><F96/><W23/><AGARI ba="0,1" hai="9,13,18,23,25,30,37,43,44,88,94,97,117,118" machi="23" ten="20,7800,0" yaku="1,1,0,1,7,1,54,1,53,0" doraHai="72" doraHaiUra="134" who="3" fromWho="3" sc="233,-26,260,-26,381,-26,116,88" /><INIT seed="3,1,0,0,1,84" ten="207,234,355,204" oya="3" hai0="91,101,81,44,86,71,134,46,47,102,111,26,68" hai1="9,115,60,59,52,10,30,116,106,122,6,53,56" hai2="67,123,72,54,90,98,118,13,41,33,75,7,49" hai3="57,124,40,133,74,117,0,121,39,12,25,129,48"/><W5/><G117/><T55/><D111/><U65/><E115/><V82/><F33/><W135/><G121/><T78/><D134/><N who="3" m="51209" /><G129/><T95/><D26/><U130/><E106/><V35/><F35/><W36/><G124/><T89/><D89/><U69/><E122/><V77/><F67/><W88/><G0/><T43/><D43/><U125/><E130/><V103/><F90/><W94/><G74/><T18/><D18/><U76/><E76/><V100/><F72/><W37/><G25/><T20/><D20/><U132/><E30/><V66/><F75/><W128/><G128/><T96/><REACH who="0" step="1"/><D55/><REACH who="0" ten="197,234,355,204" step="2"/><U19/><E53/><V22/><F22/><W28/><G28/><T58/><D58/><U109/><E52/><V93/><F54/><N who="3" m="31943" /><G5/><T45/><N who="0" m="11264" /><DORA hai="85" /><T73/><D73/><U4/><E4/><V1/><F7/><W64/><G40/><T70/><AGARI ba="1,1" hai="68,70,71,78,81,86,91,95,96,101,102" m="11264" machi="70" ten="50,8000,1" yaku="1,1,0,1,52,2,53,0" doraHai="84,85" doraHaiUra="21,107" who="0" fromWho="0" sc="197,93,234,-21,355,-21,204,-41" owari="290,9.0,213,-18.7,334,43.4,163,-33.7" /></mjloggm>