<mjloggm ver="2.3"><GO type="225" lobby="0"/><UN n0="%E3%82%B3%E3%83%90%E3%83%AC%E3%82%A4" n1="%E3%82%A2%E3%83%9E%E3%83%9D%EF%BD%9E%EF%BD%9E%E3%83%A9" n2="%E6%A1%9C%E8%8A%B1%E9%96%83%E3%80%85" n3="%E3%81%A4%E3%81%A3%E3%81%B1%E3%82%8A%E3%83%9D%E3%83%BC%E3%83%AB" dan="16,17,17,17" rate="2141.78,2070.98,2171.59,2224.26" sx="M,M,M,M"/><TAIKYOKU oya="0"/><INIT seed="0,0,0,3,2,31" ten="250,250,250,250" oya="0" hai0="1,25,66,36,79,82,16,115,132,19,125,129,33" hai1="99,124,47,76,121,9,109,70,61,2,117,23,12" hai2="102,96,111,21,55,80,119,69,44,62,40,34,4" hai3="18,91,90,0,42,5,45,67,97,110,65,106,56"/><T53/><D36/><U89/><E117/><V93/><F119/><W3/><G110/><T113/><D129/><U15/><E76/><V77/><F111/><W26/><G106/><T78/><D1/><U133/><E121/><V87/><F4/><W48/><G3/><T41/><D41/><U130/><E47/><V11/><F11/><W75/><G75/><T27/><D66/><U38/><E61/><V105/><F21/><N who="3" m="13623" /><G5/><T84/><D132/><U17/><E70/><V128/><F128/><W13/><G13/><T118/><D118/><U83/><E38/><V37/><F93/><N who="3" m="56503" /><G0/><T95/><D125/><U24/><E124/><V52/><REACH who="2" step="1"/><F34/><REACH who="2" ten="250,250,240,250" step="2"/><W123/><G123/><T114/><D33/><U103/><E130/><V28/><F28/><W71/><G71/><T86/><D95/><U54/><E109/><V74/><F74/><W20/><G20/><T72/><D72/><U81/><E23/><V108/><F108/><W88/><G67/><AGARI ba="0,1" hai="37,40,44,52,55,62,67,69,77,80,87,96,102,105" machi="67" ten="40,5200,0" yaku="1,1,54,1,53,1" doraHai="31" doraHaiUra="94" who="2" fromWho="3" sc="250,0,250,0,240,62,250,-52" /><INIT seed="1,0,0,4,0,113" ten="250,250,302,198" oya="1" hai0="101,40,135,74,48,27,9,17,1,70,131,44,105" hai1="13,32,23,52,64,57,59,80,97,10,85,130,2" hai2="75,25,0,125,63,53,8,100,114,91,11,96,56" hai3="61,33,72,20,93,6,102,7,16,111,21,29,109"/><U90/><E130/><V86/><F114/><W103/><G72/><T119/><D74/><U120/><E32/><V73/><F125/><W35/><G93/><T117/><D70/><U38/><E38/><V12/><F0/><W28/><REACH who="3" step="1"/><G61/><REACH who="3" ten="250,250,302,188" step="2"/><T5/><D131/><U19/><E120/><V82/><F75/><W87/><G87/><T112/><D112/><U43/><E97/><V94/><F73/><W37/><G37/><T62/><D135/><U78/><E2/><V98/><F98/><W79/><G79/><T129/><D129/><U39/><E78/><V126/><F126/><W99/><G99/><T15/><D105/><U18/><E39/><V49/><F63/><W42/><G42/><T26/><D62/><N who="1" m="37967" /><E43/><V92/><F92/><W51/><G51/><T116/><REACH who="0" step="1"/><D101/><REACH who="0" ten="240,250,302,188" step="2"/><U67/><E67/><V89/><F100/><W134/><G134/><T123/><D123/><U3/><E3/><V76/><F76/><W45/><G45/><T50/><D50/><N who="1" m="31127" /><E90/><V14/><F91/><W54/><G54/><T30/><D30/><U69/><E69/><V22/><F53/><W133/><G133/><T77/><D77/><U46/><E46/><V68/><F68/><W124/><G124/><T66/><D66/><U104/><E104/><V84/><F89/><W110/><G110/><T88/><D88/><U95/><E95/><V60/><F94/><W83/><G83/><T106/><D106/><U127/><E127/><V81/><F82/><W128/><G128/><T34/><D34/><U108/><E108/><V31/><F81/><W65/><G65/><T71/><D71/><RYUUKYOKU ba="0,2" sc="240,15,250,-15,302,-15,188,15" hai0="1,5,9,15,17,26,27,40,44,48,116,117,119" hai3="6,7,16,20,21,28,29,33,35,102,103,109,111" /><INIT seed="2,1,2,3,3,46" ten="255,235,287,203" oya="2" hai0="29,22,91,20,56,6,54,33,47,71,104,129,134" hai1="126,19,111,60,9,113,17,50,127,120,27,4,109" hai2="65,23,118,108,90,8,101,62,79,14,39,128,45" hai3="106,114,43,102,36,132,105,3,66,121,31,103,0"/><V73/><F118/><W95/><G121/><T59/><D71/><U72/><E113/><V107/><F23/><W83/><G114/><T98/><D134/><U88/><E120/><V100/><F128/><W89/><G132/><T135/><D129/><U21/><E72/><V28/><F28/><W57/><G31/><T35/><D135/><U84/><E60/><V55/><F90/><W80/><G43/><T13/><D33/><U49/><E19/><V32/><F32/><W123/><G123/><T70/><D35/><U61/><E61/><V112/><F108/><N who="1" m="41545" /><E127/><V15/><F65/><W34/><G34/><T38/><D70/><U86/><E126/><V5/><F14/><W130/><G0/><T25/><D104/><U63/><E63/><V64/><F107/><W42/><G3/><T40/><D54/><U18/><E18/><V110/><F112/><W117/><G130/><T92/><D22/><U48/><E88/><V125/><F125/><W68/><G68/><T52/><D52/><U81/><E81/><N who="3" m="31306" /><G117/><T77/><D77/><U87/><E87/><V96/><F110/><W76/><G76/><T37/><D37/><U133/><E133/><V58/><F39/><W2/><G106/><T119/><D119/><U24/><E27/><V53/><F79/><W85/><G105/><T7/><D7/><U44/><E44/><V16/><F45/><N who="3" m="23751" /><G57/><T74/><D74/><U75/><E75/><V93/><F5/><W131/><G131/><T1/><D1/><AGARI ba="1,2" hai="1,4,9,17,21,24,48,49,50,84,86" m="41545" machi="1" ten="30,7700,0" yaku="14,1,52,3" doraHai="46" who="1" fromWho="0" sc="255,-80,235,100,287,0,203,0" /><INIT seed="3,0,0,0,4,94" ten="175,335,287,203" oya="3" hai0="5,85,58,23,0,8,7,72,115,12,117,101,113" hai1="91,79,75,129,98,49,107,65,1,19,31,112,104" hai2="54,40,60,6,70,95,35,86,41,3,114,69,62" hai3="92,51,55,13,10,61,108,131,9,14,27,32,77"/><W110/><G131/><T73/><D117/><U120/><E112/><V127/><F35/><W125/><G125/><T53/><D73/><U121/><E129/><V47/><F6/><W48/><G77/><T56/><D72/><U66/><E31/><V26/><F3/><W124/><G124/><T39/><D39/><U97/><E49/><N who="3" m="19018" /><G92/><T100/><D100/><U99/><E91/><V46/><F127/><W105/><G105/><N who="1" m="40522" /><E79/><V90/><F114/><W33/><G55/><T45/><D113/><U18/><E1/><V135/><F135/><W88/><G61/><N who="2" m="23657" /><F70/><W83/><G27/><T38/><D115/><U57/><E57/><V17/><F69/><W133/><G133/><T34/><D34/><N who="3" m="13417" /><G88/><T82/><D101/><U84/><E84/><V87/><F87/><W126/><G83/><T25/><D7/><U130/><E75/><V43/><F54/><W11/><G126/><T42/><D0/><U16/><E130/><V123/><F123/><AGARI ba="0,0" hai="16,18,19,65,66,97,98,99,120,121,123" m="40522" machi="123" ten="40,12000,2" yaku="28,2,52,3,54,1" doraHai="94" who="1" fromWho="2" sc="175,0,335,120,287,-120,203,0" owari="175,-22.5,455,55.5,167,-33.3,203,0.3" /></mjloggm>