<mjloggm ver="2.3"><GO type="225" lobby="0"/><UN n0="%E5%A4%8F%E9%88%B4%E9%88%B4%E5%A4%8F" n1="%43%68%65" n2="%E6%98%93%E5%88%A9%E8%96%A9%E4%BC%AF" n3="%41%6F%54" dan="16,16,17,16" rate="2172.71,2208.61,2178.96,2076.18" sx="F,M,F,M"/><TAIKYOKU oya="0"/><INIT seed="0,0,0,4,4,49" ten="250,250,250,250" oya="0" hai0="95,81,19,56,12,41,114,78,33,0,37,66,117" hai1="52,118,65,84,68,28,58,110,62,54,34,132,20" hai2="124,53,55,27,91,39,122,104,26,99,80,32,74" hai3="116,7,134,50,2,61,127,16,96,6,135,98,107"/><T133/><D117/><U64/><E118/><V10/><F122/><W67/><G116/><T42/><D0/><U112/><E34/><V109/><F39/><W90/><G127/><T46/><D33/><U21/><E110/><V83/><F124/><W45/><G2/><T113/><D133/><N who="3" m="50697" /><G90/><T125/><D125/><U38/><E38/><V13/><F109/><W29/><G29/><T92/><D42/><U9/><E132/><V11/><F74/><W129/><G129/><T51/><D95/><U14/><E112/><V70/><F70/><N who="3" m="42351" /><G16/><T5/><D92/><U4/><E68/><V111/><F111/><W105/><G98/><T131/><D5/><N who="3" m="1545" /><G96/><T106/><D131/><U1/><E1/><V123/><F123/><W79/><G79/><T108/><D108/><U77/><E65/><V63/><F32/><W121/><G121/><T44/><D114/><U73/><E73/><V101/><F11/><W93/><G93/><T69/><D113/><U82/><E21/><V40/><F40/><AGARI ba="0,0" hai="40,45,50,105,107" m="1545,42351,50697" machi="40" ten="30,1000,0" yaku="20,1" doraHai="49" who="3" fromWho="2" sc="250,0,250,0,250,-10,250,10" /><INIT seed="1,0,0,3,2,73" ten="250,250,240,260" oya="1" hai0="10,3,70,120,59,58,94,29,16,22,86,93,66" hai1="56,28,124,8,61,60,20,71,76,46,47,55,14" hai2="7,30,132,134,1,52,85,48,9,32,102,127,91" hai3="42,36,15,5,35,34,98,90,81,117,11,77,83"/><U45/><E124/><V49/><F127/><W121/><G121/><T0/><D29/><U25/><E71/><V131/><F102/><W78/><G117/><T84/><D70/><U50/><REACH who="1" step="1"/><E76/><REACH who="1" ten="250,240,240,260" step="2"/><V23/><F132/><W18/><G77/><T111/><D120/><U57/><E57/><V79/><F134/><W133/><G78/><T106/><D59/><U41/><E41/><V109/><F79/><W100/><G42/><T87/><D58/><U13/><E13/><V51/><F131/><W82/><G133/><T125/><D125/><U110/><E110/><V92/><F109/><W75/><G75/><T118/><D111/><U12/><E12/><V89/><F32/><W128/><G128/><T43/><D43/><U26/><E26/><V19/><F1/><W64/><G15/><N who="0" m="9503" /><D0/><U130/><E130/><V44/><F44/><W37/><G34/><T108/><D3/><U17/><AGARI ba="0,1" hai="8,14,17,20,25,28,45,46,47,50,55,56,60,61" machi="17" ten="30,6000,0" yaku="1,1,0,1,8,1,53,0" doraHai="73" doraHaiUra="31" who="1" fromWho="1" sc="250,-20,240,70,240,-20,260,-20" /><INIT seed="1,1,0,1,4,85" ten="230,310,220,240" oya="1" hai0="28,117,66,127,40,1,71,83,29,30,92,131,61" hai1="19,2,63,23,46,42,51,113,128,10,31,58,104" hai2="110,18,17,135,95,65,93,107,94,34,124,52,90" hai3="4,133,78,25,111,11,72,27,49,80,8,126,76"/><U36/><E113/><V37/><F107/><W89/><G111/><T121/><D117/><U106/><E128/><V44/><F34/><W129/><G129/><T108/><D108/><U9/><E36/><V33/><F110/><W91/><G126/><T6/><D127/><U77/><E31/><V119/><F33/><W70/><G70/><T21/><D121/><U86/><E106/><V132/><F119/><W109/><G109/><T47/><D92/><N who="2" m="35434" /><F37/><W7/><G72/><T45/><D21/><U100/><E2/><V123/><F65/><W14/><G133/><N who="2" m="51273" /><F123/><W118/><G118/><T35/><D131/><U96/><E77/><V99/><F124/><W67/><G67/><T24/><D83/><U56/><E86/><V73/><F73/><W68/><G68/><T84/><D84/><U79/><E79/><V122/><F122/><W39/><G39/><T22/><D35/><U105/><E105/><V103/><F103/><W16/><G80/><T64/><D66/><U20/><E20/><V75/><F75/><W43/><G76/><T116/><D22/><U134/><E134/><V12/><F12/><N who="3" m="7175" /><G78/><T102/><D116/><U130/><E130/><V62/><F62/><W54/><G4/><T112/><D112/><U101/><E101/><V87/><F99/><W120/><G120/><T53/><D102/><U97/><E97/><V38/><F38/><W60/><G60/><T5/><D61/><U15/><E63/><V48/><AGARI ba="1,0" hai="17,18,44,48,52,87,90,95" m="51273,35434" machi="48" ten="30,4000,0" yaku="20,1,52,1,54,1" doraHai="85" who="2" fromWho="2" sc="230,-11,310,-21,220,43,240,-11" /><INIT seed="2,0,0,2,2,36" ten="219,289,263,229" oya="2" hai0="50,91,131,62,12,72,120,119,23,22,16,9,5" hai1="135,122,18,104,85,106,61,68,92,97,59,81,48" hai2="1,130,15,3,96,52,74,80,79,31,132,129,63" hai3="103,125,71,46,73,82,127,69,94,126,101,90,4"/><V6/><F31/><W77/><G4/><T76/><D120/><U49/><E122/><V70/><F70/><W57/><G57/><T24/><D131/><N who="2" m="50186" /><F132/><W64/><G46/><T78/><D119/><U30/><E135/><V83/><F83/><W37/><G37/><T116/><D72/><U41/><E68/><N who="3" m="26186" /><G64/><T118/><D62/><U111/><E111/><V58/><F96/><AGARI ba="0,0" hai="73,77,82,90,94,96,101,103,125,126,127" m="26186" machi="96" ten="40,1300,0" yaku="18,1" doraHai="36" who="3" fromWho="2" sc="219,0,289,0,263,-13,229,13" /><INIT seed="3,0,0,5,2,101" ten="219,289,250,242" oya="3" hai0="47,41,42,39,33,135,11,44,119,57,127,106,114" hai1="10,133,117,103,14,107,0,128,17,68,54,80,27" hai2="60,94,16,112,129,95,122,83,79,89,26,36,120" hai3="92,29,25,5,116,35,2,91,124,21,31,40,9"/><W67/><G116/><T59/><D119/><U63/><E117/><V56/><F36/><W43/><G124/><T8/><D127/><U125/><E125/><V132/><F132/><W64/><G29/><T7/><D135/><U48/><E133/><V93/><F129/><W12/><G40/><T3/><D114/><U108/><E128/><V81/><F112/><W85/><REACH who="3" step="1"/><G43/><REACH who="3" ten="219,289,250,232" step="2"/><T88/><D33/><U18/><E108/><V126/><F126/><W86/><G86/><T52/><D52/><U96/><E54/><V62/><F122/><W51/><G51/><T30/><D30/><U4/><E48/><V34/><F120/><W100/><G100/><T75/><D75/><U102/><E102/><V50/><F50/><W45/><G45/><T104/><D39/><U99/><E103/><V37/><F37/><W38/><G38/><T23/><D88/><U87/><E87/><V66/><F89/><W111/><G111/><T84/><D84/><U73/><E73/><V19/><F62/><W15/><G15/><T65/><D3/><U105/><E0/><V49/><F49/><W22/><G22/><T46/><D46/><U123/><E123/><V118/><F118/><W71/><G71/><T130/><D130/><U58/><E68/><V28/><F79/><W74/><G74/><T77/><D77/><U76/><E76/><V61/><F60/><W55/><G55/><T115/><D115/><U121/><E121/><V98/><F98/><W70/><G70/><T78/><D78/><U1/><E99/><V20/><F34/><W13/><G13/><T69/><D69/><RYUUKYOKU ba="0,1" sc="219,-15,289,-15,250,15,232,15" hai2="16,19,20,26,28,56,61,66,81,83,93,94,95" hai3="2,5,9,12,21,25,31,35,64,67,85,91,92" /><INIT seed="3,1,1,5,3,22" ten="204,274,265,247" oya="3" hai0="47,111,61,48,65,72,58,52,125,29,73,64,92" hai1="14,130,115,56,68,119,2,24,88,84,79,81,34" hai2="10,30,124,129,113,25,106,133,80,117,78,4,15" hai3="20,95,83,28,98,91,134,82,46,77,19,63,101"/><W85/><G134/><T16/><D111/><U105/><E115/><V51/><F113/><W18/><G46/><T23/><D125/><U41/><E68/><V31/><F117/><W37/><G37/><T45/><D29/><U13/><E2/><V62/><F106/><W127/><G127/><T87/><D47/><U32/><E119/><V135/><F124/><W39/><G39/><T43/><D92/><U6/><E105/><V26/><F51/><W131/><G131/><T54/><D87/><U49/><E130/><V35/><F62/><W11/><G63/><T3/><D3/><U59/><E34/><N who="2" m="20815" /><F129/><W12/><G28/><T86/><D86/><U57/><E32/><V116/><F116/><W1/><G1/><T50/><D54/><U60/><E79/><V112/><F112/><W118/><G118/><T121/><D121/><U126/><E126/><V132/><F80/><W128/><G128/><T94/><D94/><U8/><E14/><V36/><F36/><W0/><G0/><T44/><REACH who="0" step="1"/><D65/><REACH who="0" ten="194,274,265,247" step="2"/><U21/><E41/><V67/><F67/><W122/><G122/><T74/><D74/><U55/><E49/><V70/><F78/><W90/><G83/><T5/><D5/><U76/><E76/><V120/><F120/><W104/><G104/><T96/><D96/><U107/><E107/><V66/><F66/><W71/><G71/><AGARI ba="1,2" hai="4,10,15,26,31,35,70,71,132,133,135" m="20815" machi="71" ten="30,3900,0" yaku="20,1,52,2" doraHai="22" who="2" fromWho="3" sc="194,0,274,0,265,62,247,-42" owari="194,-30.6,274,7.4,327,42.7,205,-19.5" /></mjloggm>