<mjloggm ver="2.3"><GO type="225" lobby="0"/><UN n0="%E3%81%8B%E3%82%8F%E3%81%A1%E3%82%83%E3%82%93%35%38" n1="%E3%83%A9%E3%82%B9%E7%8E%87%EF%BC%93%E5%89%B2" n2="%E9%B4%A8%4E%45%47%49" n3="%E9%BB%99%E8%81%B4%E3%81%AE%E3%81%99%E3%82%9D%E3%82%81" dan="16,16,16,16" rate="2145.43,2221.39,2095.98,2154.33" sx="M,F,M,M"/><TAIKYOKU oya="0"/><INIT seed="0,0,0,0,5,64" ten="250,250,250,250" oya="0" hai0="26,34,20,69,106,93,60,55,79,32,47,83,78" hai1="1,87,0,49,8,109,21,44,53,135,130,29,43" hai2="45,54,18,123,65,76,107,72,52,102,94,7,117" hai3="81,96,126,75,111,92,116,46,17,33,2,105,6"/><T11/><D106/><U108/><E130/><V98/><F123/><W61/><G33/><T133/><D133/><U128/><E128/><V129/><F129/><W99/><G111/><N who="1" m="42570" /><E135/><V28/><F7/><W39/><G126/><T113/><D113/><U70/><E8/><V25/><F117/><W30/><G30/><T59/><D79/><U37/><E87/><V3/><F3/><W31/><G31/><T127/><D127/><U24/><E70/><V101/><F18/><W90/><G17/><T9/><D93/><U120/><E120/><V40/><F102/><W12/><G12/><T58/><D47/><AGARI ba="0,0" hai="0,1,21,24,29,37,43,44,47,49,53" m="42570" machi="47" ten="30,1000,0" yaku="14,1" doraHai="64" who="1" fromWho="0" sc="250,-10,250,10,250,0,250,0" /><INIT seed="1,0,0,5,5,53" ten="240,260,250,250" oya="1" hai0="111,13,77,42,40,112,39,14,32,49,119,79,106" hai1="128,84,135,73,102,98,56,133,74,64,90,88,8" hai2="54,5,19,110,75,29,36,82,38,72,22,103,65" hai3="0,45,105,20,62,96,43,116,131,67,76,34,118"/><U16/><E128/><V130/><F130/><W114/><G114/><T125/><D112/><U93/><E64/><V57/><F110/><W2/><G34/><T12/><D106/><N who="1" m="63831" /><E56/><V10/><F65/><W27/><G76/><N who="0" m="29259" /><D119/><N who="3" m="45609" /><G96/><T129/><D39/><U109/><E16/><V94/><F29/><N who="3" m="17639" /><G105/><T3/><D3/><U86/><E8/><V4/><F82/><W59/><G131/><T117/><D32/><U52/><E52/><V23/><F10/><W121/><G121/><T104/><D129/><U21/><E21/><V100/><F54/><W127/><G127/><T113/><D104/><U97/><E109/><V51/><F19/><W28/><G28/><T1/><D1/><U35/><E35/><V124/><F124/><W66/><G66/><T33/><D33/><U61/><E61/><V123/><F123/><W71/><G71/><T50/><D125/><U85/><E90/><V99/><F51/><AGARI ba="0,0" hai="0,2,43,45,51,59,62,67" m="17639,45609" machi="51" ten="30,2000,0" yaku="12,1,52,1" doraHai="53" who="3" fromWho="2" sc="240,0,260,0,250,-20,250,20" /><INIT seed="2,0,0,5,1,116" ten="240,260,230,270" oya="2" hai0="57,43,52,53,122,95,30,41,111,20,70,134,60" hai1="8,25,59,24,64,92,62,91,3,128,1,125,42" hai2="44,38,114,54,46,105,106,63,130,10,11,61,49" hai3="65,112,56,104,101,19,45,66,124,133,12,97,67"/><V102/><F114/><W117/><G117/><T14/><D70/><U47/><E128/><V15/><F130/><W94/><G133/><T131/><D122/><U40/><E125/><V2/><F2/><W75/><G75/><T33/><D131/><U83/><E83/><V84/><F84/><W21/><G124/><T4/><D33/><U96/><E42/><N who="0" m="15881" /><D111/><U26/><REACH who="1" step="1"/><E8/><REACH who="1" ten="240,250,230,270" step="2"/><V108/><F108/><W135/><G112/><T113/><D113/><U118/><E118/><V90/><F11/><W127/><G127/><T73/><D134/><U115/><E115/><V18/><F38/><AGARI ba="0,1" hai="1,3,24,25,26,38,40,47,59,62,64,91,92,96" machi="38" ten="40,2600,0" yaku="1,1,53,1" doraHai="116" doraHaiUra="71" who="1" fromWho="2" sc="240,0,250,36,230,-26,270,0" /><INIT seed="3,0,0,1,1,86" ten="240,286,204,270" oya="3" hai0="75,90,20,46,122,85,12,24,77,105,19,63,131" hai1="7,101,23,119,21,37,43,129,99,40,36,9,76" hai2="1,17,8,89,71,73,28,60,10,121,134,83,2" hai3="66,91,64,57,50,97,45,0,115,100,113,95,112"/><W120/><G0/><T11/><D131/><U3/><E129/><V29/><F121/><W135/><G120/><T61/><D122/><U109/><E109/><V98/><F134/><W27/><G135/><T93/><D105/><U32/><E32/><V88/><F73/><W111/><G111/><T92/><D75/><U18/><E76/><V104/><F104/><W107/><G27/><T132/><D132/><U79/><E79/><V123/><F123/><W6/><G6/><T114/><D114/><U47/><E119/><V54/><F71/><W30/><G30/><N who="2" m="11881" /><F2/><W133/><G133/><T65/><D77/><U14/><E43/><V49/><F1/><W78/><G78/><T16/><D46/><U39/><REACH who="1" step="1"/><E23/><REACH who="1" ten="240,276,204,270" step="2"/><V69/><F69/><W117/><G117/><T25/><D25/><U58/><E58/><N who="2" m="33103" /><F60/><N who="0" m="23114" /><D65/><U55/><E55/><V127/><F127/><W124/><G124/><T4/><D4/><U110/><E110/><V68/><F68/><W80/><G57/><T87/><D87/><U108/><E108/><V74/><F74/><W84/><G66/><T106/><D106/><AGARI ba="0,1" hai="3,7,9,14,18,21,36,37,39,40,47,99,101,106" machi="106" ten="30,3900,0" yaku="1,1,7,1,53,1" doraHai="86" doraHaiUra="103" who="1" fromWho="0" sc="240,-39,276,49,204,0,270,0" owari="201,-29.9,325,42.5,204,-19.6,270,7.0" /></mjloggm>