<mjloggm ver="2.3"><GO type="225" lobby="0"/><UN n0="%E3%81%90%E3%81%A1%E3%82%84%E3%81%BE" n1="%6E%69%63%6F%6E%74%6F" n2="%E9%BB%99%E8%81%B4%E3%81%AE%E3%81%99%E3%82%9D%E3%82%81" n3="%E3%81%99%E3%81%84%E3%81%BE%E3%81%9B%E3%83%BC%E3%82%93" dan="16,16,16,18" rate="2098.85,2134.38,2130.59,2186.62" sx="M,M,M,M"/><TAIKYOKU oya="0"/><INIT seed="0,0,0,3,5,32" ten="250,250,250,250" oya="0" hai0="22,28,128,15,49,100,11,80,73,47,106,35,110" hai1="90,24,79,54,97,33,64,31,116,8,130,58,113" hai2="105,87,104,99,131,112,59,84,40,74,62,30,118" hai3="69,119,12,68,3,96,107,94,53,48,44,88,27"/><T86/><D35/><U45/><E116/><V52/><F74/><W43/><G119/><T108/><D73/><U50/><E130/><V37/><F112/><W129/><G129/><T26/><D128/><U93/><E113/><V83/><F118/><W46/><G3/><T39/><D39/><U13/><E79/><V82/><F131/><W4/><G107/><T122/><D122/><U135/><E135/><V133/><F133/><W127/><G127/><T103/><D106/><U76/><E76/><V98/><F30/><W16/><G27/><T25/><D25/><U81/><E81/><V5/><F5/><W23/><REACH who="3" step="1"/><G4/><REACH who="3" ten="250,250,250,240" step="2"/><T7/><D110/><U41/><E64/><V55/><F105/><W125/><G125/><T114/><D108/><U71/><E71/><V57/><F104/><W42/><G42/><N who="0" m="24823" /><D114/><U85/><E41/><V123/><F40/><W72/><G72/><T111/><D111/><U67/><E67/><V120/><REACH who="2" step="1"/><F62/><REACH who="2" ten="250,250,240,240" step="2"/><W10/><G10/><T70/><D70/><U132/><E132/><V63/><F63/><W117/><G117/><T1/><D1/><U89/><E8/><V91/><F91/><AGARI ba="0,2" hai="7,11,15,22,26,28,80,86,91,100,103" m="24823" machi="91" ten="30,1500,0" yaku="8,1" doraHai="32" who="0" fromWho="2" sc="250,35,250,0,240,-15,240,0" /><INIT seed="0,1,0,0,5,44" ten="285,250,225,240" oya="0" hai0="29,101,95,96,78,9,54,123,124,24,115,35,16" hai1="88,105,25,5,42,70,4,62,86,55,2,33,20" hai2="79,13,45,116,34,61,65,28,37,104,109,22,0" hai3="118,110,67,107,87,75,112,18,71,19,3,14,131"/><T121/><D115/><U31/><E105/><V51/><F109/><W6/><G75/><T17/><D124/><U80/><E42/><V36/><F0/><W92/><G112/><T113/><D113/><U128/><E128/><V10/><F34/><W43/><G118/><T63/><D78/><U39/><E39/><V1/><F104/><W73/><G73/><T50/><D63/><U120/><E120/><V83/><F1/><W111/><G107/><T119/><D119/><U72/><E72/><V30/><F22/><W48/><G131/><T40/><D40/><U11/><E5/><V90/><F37/><W99/><G87/><T81/><D81/><U77/><E77/><V74/><F90/><W68/><G3/><T85/><D85/><U76/><E76/><V129/><F36/><W108/><G67/><T125/><D125/><U91/><E91/><V15/><F15/><W93/><G6/><T47/><REACH who="0" step="1"/><D9/><REACH who="0" ten="275,250,225,240" step="2"/><U114/><E114/><V84/><F116/><W103/><G111/><T126/><D126/><U64/><REACH who="1" step="1"/><E55/><REACH who="1" ten="275,240,225,240" step="2"/><N who="2" m="30191" /><F74/><W32/><G110/><T135/><D135/><U52/><E52/><V23/><F129/><W49/><G108/><T106/><D106/><U127/><E127/><V132/><F79/><W82/><G43/><T41/><D41/><U12/><E12/><V66/><F13/><W7/><G14/><T117/><D117/><U60/><E60/><V53/><F53/><W122/><G122/><AGARI ba="1,2" hai="16,17,24,29,35,47,50,54,95,96,101,121,122,123" machi="122" ten="40,7700,0" yaku="1,1,52,1,54,1,53,0" doraHai="44" doraHaiUra="102" who="0" fromWho="3" sc="275,100,240,0,225,0,240,-80" /><INIT seed="0,2,0,0,4,36" ten="375,240,225,160" oya="0" hai0="104,79,11,43,46,116,13,115,29,10,107,4,95" hai1="24,87,6,73,112,91,90,127,37,16,50,83,60" hai2="1,17,96,62,9,32,102,76,23,135,106,132,81" hai3="114,86,122,19,120,118,77,119,80,41,63,48,92"/><T71/><D115/><U97/><E37/><V3/><F32/><W34/><G114/><T98/><D116/><U22/><E112/><V123/><F62/><W35/><G63/><T85/><D71/><U70/><E127/><V101/><F101/><W68/><G68/><T109/><D29/><U82/><E6/><V51/><F51/><W88/><G19/><T78/><D109/><U108/><E108/><V113/><F123/><N who="3" m="47147" /><G119/><T130/><D130/><U53/><E73/><V8/><F1/><W42/><G118/><T58/><D58/><U100/><E70/><V126/><F126/><W105/><G105/><T2/><D85/><U57/><E50/><V33/><F33/><N who="3" m="12299" /><G48/><T47/><D107/><U38/><E38/><V27/><F113/><W129/><G129/><T69/><D104/><U30/><E30/><V40/><F40/><W131/><G131/><T55/><D69/><U15/><E15/><V54/><F54/><W56/><G56/><T84/><D55/><U94/><REACH who="1" step="1"/><E83/><REACH who="1" ten="375,230,225,160" step="2"/><V110/><F110/><W117/><G117/><T72/><D13/><U124/><E124/><V111/><F111/><W103/><G103/><AGARI ba="2,1" hai="16,22,24,53,57,60,82,87,90,91,94,97,100,103" machi="103" ten="40,8000,1" yaku="1,1,25,2,8,1,54,1,53,0" doraHai="36" doraHaiUra="75" who="1" fromWho="3" sc="375,0,230,96,225,0,160,-86" /><INIT seed="1,0,0,3,3,127" ten="375,326,225,74" oya="1" hai0="59,110,50,37,106,118,65,117,30,17,15,81,64" hai1="2,101,18,133,100,25,91,53,112,95,38,42,134" hai2="105,74,84,11,36,55,26,51,97,29,113,115,86" hai3="60,70,68,82,73,49,90,130,21,120,39,87,57"/><U75/><E2/><V85/><F74/><W41/><G120/><T1/><D37/><U45/><E75/><V111/><F36/><W72/><G39/><T79/><D1/><U80/><E80/><V47/><F111/><W129/><G73/><T27/><D106/><U98/><E112/><N who="2" m="43083" /><F11/><W28/><G72/><T56/><D110/><U5/><E5/><V135/><F135/><N who="1" m="51721" /><E53/><V61/><F61/><W126/><G126/><T24/><D81/><U125/><E125/><V124/><F124/><W33/><G33/><T92/><D79/><U114/><E114/><V67/><F67/><W89/><G90/><T43/><D43/><U123/><E123/><V77/><F97/><W32/><G32/><T96/><D65/><U104/><E104/><V132/><F132/><W109/><G109/><T48/><D64/><U93/><E93/><V7/><F7/><W40/><G40/><T52/><D92/><U94/><E94/><V12/><F12/><W107/><G107/><T131/><D131/><N who="3" m="50185" /><G41/><T88/><D118/><U108/><E108/><V62/><F105/><W103/><G103/><T122/><D117/><U69/><E101/><V4/><F77/><W63/><G49/><T128/><D128/><U8/><E100/><V71/><F51/><W76/><G76/><T58/><D122/><U54/><E42/><V99/><F62/><N who="3" m="23595" /><G57/><T19/><D58/><U0/><E91/><V14/><F71/><W34/><G34/><T102/><D88/><U116/><E69/><V121/><F121/><W16/><G28/><T9/><D102/><U35/><E116/><V23/><F29/><RYUUKYOKU ba="0,0" sc="375,-10,326,-10,225,-10,74,30" hai3="16,21,68,70,82,87,89" /><INIT seed="2,1,0,1,5,26" ten="365,316,215,104" oya="2" hai0="135,57,39,23,28,19,70,4,63,117,74,81,48" hai1="15,108,128,6,100,20,36,16,10,54,67,78,120" hai2="110,91,38,114,11,27,112,92,109,89,72,51,2" hai3="90,46,52,77,45,102,123,113,68,40,32,127,126"/><V43/><F38/><W7/><G123/><T95/><D39/><U49/><E108/><N who="2" m="41579" /><F72/><W133/><G133/><T44/><D135/><U124/><E124/><N who="3" m="47658" /><G113/><T84/><D28/><U121/><E128/><V97/><F43/><W25/><G68/><T21/><D70/><U106/><E36/><V50/><F27/><W47/><G77/><T107/><D107/><U64/><E78/><V17/><F91/><W56/><G102/><T30/><D117/><U94/><E106/><V60/><F60/><N who="3" m="35847" /><G7/><T53/><D4/><U98/><E121/><V1/><F17/><W9/><G9/><T80/><D74/><U115/><E120/><V96/><F96/><W119/><G119/><T105/><D105/><U111/><E115/><N who="2" m="44075" /><F11/><W134/><G134/><T24/><D84/><U65/><E111/><V75/><F75/><W61/><G61/><T125/><D95/><U130/><E130/><V122/><F122/><W69/><G69/><T86/><D86/><U79/><E79/><V37/><F37/><N who="3" m="21647" /><G90/><T132/><D125/><U42/><E42/><V33/><F33/><W62/><G62/><T101/><D132/><U8/><REACH who="1" step="1"/><E6/><REACH who="1" ten="365,306,215,104" step="2"/><V71/><F71/><W34/><G34/><T82/><D101/><U66/><N who="1" m="16384" /><DORA hai="73" /><U131/><E131/><V88/><F89/><W0/><G0/><AGARI ba="1,1" hai="0,1,2,50,51,88,92,97" m="44075,41579" machi="0" ten="40,7700,0" yaku="14,1,10,1,54,1" doraHai="26,73" who="2" fromWho="3" sc="365,0,306,0,215,90,104,-80" /><INIT seed="2,2,0,3,0,104" ten="365,306,305,24" oya="2" hai0="49,113,18,17,1,15,47,34,103,48,78,60,9" hai1="33,42,97,50,121,96,80,55,95,8,0,19,26" hai2="61,68,128,65,28,3,123,75,51,107,135,44,27" hai3="62,93,10,13,30,119,4,41,21,71,56,58,66"/><V102/><F128/><W54/><G119/><T35/><D113/><U83/><E121/><V82/><F135/><W87/><G41/><T63/><D1/><U67/><E67/><V98/><F123/><W45/><G45/><T77/><D103/><U131/><E131/><V101/><F101/><W73/><G73/><T112/><D112/><U36/><E36/><V40/><F3/><W92/><G87/><T106/><D106/><U115/><E42/><V116/><F116/><W46/><G46/><T16/><D34/><U53/><E115/><V5/><F5/><W122/><G71/><T84/><D35/><U31/><E55/><V70/><F70/><W129/><G122/><T79/><D84/><U14/><E0/><V125/><F125/><W25/><REACH who="3" step="1"/><G129/><REACH who="3" ten="365,306,305,14" step="2"/><T22/><D47/><U94/><E97/><V88/><F75/><W12/><G12/><T57/><D15/><U72/><E72/><V118/><F118/><W91/><G91/><T114/><D79/><U110/><E96/><V127/><F88/><W59/><G59/><T117/><D78/><U90/><E90/><V11/><F40/><W64/><G64/><T132/><D117/><U39/><E39/><V120/><F120/><W109/><G109/><T105/><D77/><U100/><E100/><V2/><F44/><W99/><G99/><T124/><D114/><U108/><E108/><V32/><F65/><W89/><G89/><T43/><D43/><U6/><E110/><V85/><F68/><W29/><G29/><T74/><D74/><U7/><E31/><N who="2" m="19583" /><F85/><W133/><G133/><T111/><D132/><RYUUKYOKU ba="2,1" sc="365,-10,306,-10,305,-10,14,30" hai3="4,10,13,21,25,30,54,56,58,62,66,92,93" /><INIT seed="3,3,1,4,2,120" ten="355,296,295,44" oya="3" hai0="75,38,119,47,53,117,64,70,113,95,101,114,96" hai1="32,19,89,9,121,31,122,126,78,76,12,40,102" hai2="23,15,25,51,34,61,14,36,6,88,30,50,130" hai3="16,5,87,4,90,62,104,59,124,0,91,29,84"/><W128/><G124/><T22/><D75/><U107/><E122/><V110/><F36/><W7/><G128/><T92/><D64/><U24/><E121/><V60/><F130/><W42/><G104/><T103/><D70/><U46/><E126/><V68/><F110/><W73/><G73/><T58/><D22/><U74/><E74/><V65/><F61/><W45/><G29/><T1/><D1/><U98/><REACH who="1" step="1"/><E89/><REACH who="1" ten="355,286,295,44" step="2"/><N who="3" m="33802" /><G0/><T86/><D114/><U125/><E125/><V54/><F6/><N who="3" m="1539" /><W132/><DORA hai="81" /><G132/><T77/><D113/><U111/><E111/><V123/><F123/><W93/><G93/><T56/><D95/><U112/><E112/><V79/><F79/><W10/><G42/><T118/><D92/><U43/><E43/><V21/><F51/><AGARI ba="3,2" hai="9,12,19,24,31,32,40,46,51,76,78,98,102,107" machi="51" ten="30,2000,0" yaku="1,1,7,1,53,0" doraHai="120,81" doraHaiUra="17,3" who="1" fromWho="2" sc="355,0,286,49,295,-29,44,0" owari="355,45.5,335,13.5,266,-13.4,44,-45.6" /></mjloggm>