<mjloggm ver="2.3"><GO type="225" lobby="0"/><UN n0="%E3%81%BF%E3%81%BF%E3%81%9A" n1="%33%74%72%65%65" n2="%E3%81%99%E3%83%BC%5F%E9%88%B4%E6%9C%A8%E6%B5%A9%E5%B9%B3" n3="%E3%81%AF%E3%82%88%E3%81%8A%E3%81%98%E3%81%95%E3%82%93" dan="17,17,16,17" rate="2219.07,2224.52,2088.87,2156.63" sx="M,F,M,M"/><TAIKYOKU oya="0"/><INIT seed="0,0,0,4,4,62" ten="250,250,250,250" oya="0" hai0="105,13,7,2,5,135,49,110,55,16,31,61,92" hai1="84,107,12,134,35,100,40,68,95,118,93,78,123" hai2="104,36,126,18,81,70,45,111,82,3,122,131,124" hai3="14,41,75,6,121,117,101,103,96,0,85,38,33"/><T83/><D105/><U29/><E118/><V114/><RYUUKYOKU type="yao9" ba="0,0" sc="250,0,250,0,250,0,250,0" hai2="3,18,36,45,70,81,82,104,111,114,122,124,126,131" /><INIT seed="0,1,0,0,2,53" ten="250,250,250,250" oya="0" hai0="88,132,112,30,60,129,47,36,127,23,61,43,116" hai1="3,21,120,119,92,55,58,50,28,71,46,25,59" hai2="109,135,2,114,93,42,31,37,82,85,67,62,22" hai3="45,69,44,34,68,4,0,1,40,78,33,111,48"/><T126/><D112/><U35/><E119/><V94/><F114/><W13/><G111/><T16/><D116/><U118/><E118/><V83/><F2/><W107/><G107/><T10/><D132/><U81/><E120/><V124/><F109/><W5/><G13/><N who="0" m="7223" /><D129/><U80/><E71/><V56/><F135/><W108/><G108/><T73/><D73/><U26/><E3/><V103/><F124/><N who="0" m="47658" /><D88/><U105/><E105/><V125/><F125/><W7/><G78/><T87/><D87/><U29/><REACH who="1" step="1"/><E92/><REACH who="1" ten="250,240,250,250" step="2"/><V38/><F93/><W17/><G0/><T9/><D9/><U96/><E96/><V86/><F94/><W134/><G1/><T84/><D84/><U24/><E24/><AGARI ba="1,1" hai="23,24,30,36,43,47,60,61" m="47658,7223" machi="24" ten="30,2900,0" yaku="18,1,54,1" doraHai="53" who="0" fromWho="1" sc="250,42,240,-32,250,0,250,0" /><INIT seed="0,2,0,0,5,26" ten="292,208,250,250" oya="0" hai0="0,5,119,71,100,93,16,67,20,64,131,120,18" hai1="35,50,13,110,130,42,72,101,7,49,133,107,103" hai2="46,111,8,113,63,88,87,81,60,23,105,73,122" hai3="21,134,24,112,2,89,3,91,56,30,44,94,75"/><T15/><D119/><U12/><E110/><V127/><F113/><W99/><G112/><T59/><D120/><U117/><E117/><V95/><F122/><W92/><G134/><T51/><D71/><U39/><E133/><V55/><F105/><W79/><G79/><T62/><D131/><U1/><E130/><V40/><F111/><W14/><G75/><T22/><D0/><U121/><E121/><V78/><F127/><W36/><G56/><T132/><D132/><U66/><E35/><V19/><F55/><W34/><G36/><T128/><D128/><U102/><E107/><V124/><F8/><W27/><G14/><T109/><D5/><U45/><E72/><V43/><F124/><W83/><G83/><T53/><D109/><U70/><E1/><V97/><F73/><W135/><G44/><T31/><D31/><U57/><E7/><V86/><F87/><W4/><G4/><T108/><D108/><U82/><E82/><V115/><F115/><W9/><G9/><T114/><D114/><U74/><E74/><V98/><F97/><W11/><G11/><T25/><D62/><N who="2" m="23594" /><F46/><W28/><G135/><T129/><D129/><U10/><E10/><V6/><F6/><W33/><G21/><T116/><D116/><U29/><E70/><V118/><F118/><W52/><G52/><T90/><D100/><U37/><E103/><V76/><F76/><W48/><G48/><N who="1" m="18538" /><E101/><V104/><F104/><W41/><G41/><T77/><D77/><U54/><E102/><V106/><F106/><W125/><G125/><T96/><AGARI ba="2,0" hai="15,16,18,20,22,25,51,53,59,64,67,90,93,96" machi="96" ten="20,7800,0" yaku="0,1,7,1,8,1,54,1" doraHai="26" who="0" fromWho="0" sc="292,84,208,-28,250,-28,250,-28" /><INIT seed="0,3,0,4,4,117" ten="376,180,222,222" oya="0" hai0="120,101,28,128,10,33,102,79,110,46,94,44,53" hai1="100,38,20,21,54,40,73,9,61,88,125,51,65" hai2="111,89,2,3,34,25,82,72,84,71,56,95,18" hai3="78,121,135,52,87,109,99,5,48,103,124,14,92"/><T42/><D79/><U60/><E73/><V85/><F71/><W75/><G75/><T37/><D10/><U43/><E125/><V106/><F72/><W45/><G124/><T104/><D104/><U96/><E38/><V132/><F106/><W17/><G109/><T83/><D83/><U8/><E100/><V36/><F36/><W115/><G115/><T114/><D114/><U4/><E21/><V126/><F126/><W49/><G135/><T68/><D68/><U41/><E20/><V30/><F111/><W118/><G118/><T32/><D110/><U1/><E9/><V98/><F85/><W91/><G121/><T63/><D120/><U133/><E133/><V6/><F6/><W90/><G5/><T0/><D0/><U130/><E130/><V86/><F86/><W7/><G7/><T31/><D94/><U129/><E129/><V97/><F97/><W27/><G27/><T29/><D128/><U50/><E65/><V57/><F132/><W119/><G119/><T12/><D12/><N who="1" m="5127" /><E50/><V80/><F82/><N who="3" m="47575" /><G49/><T116/><D116/><U113/><E1/><V26/><F2/><W59/><G59/><T19/><D19/><U69/><E69/><V16/><F3/><W105/><G105/><T66/><D66/><U15/><E15/><V74/><F74/><W122/><G122/><T123/><D123/><U64/><E64/><V127/><F127/><W62/><G62/><N who="1" m="24170" /><E113/><V11/><F26/><W70/><G70/><T47/><D63/><U22/><E51/><V13/><F18/><W131/><G131/><T67/><D37/><U112/><E112/><RYUUKYOKU ba="3,0" sc="376,-15,180,-15,222,15,222,15" hai2="11,13,16,25,30,34,56,57,80,84,89,95,98" hai3="14,17,45,48,52,90,91,92,99,103" /><INIT seed="1,4,0,1,3,27" ten="361,165,237,237" oya="1" hai0="84,35,92,29,34,117,124,33,32,94,118,30,119" hai1="60,50,37,135,112,96,56,87,71,126,39,90,2" hai2="20,132,79,102,24,129,63,7,115,130,19,70,31" hai3="23,17,121,97,83,55,98,21,66,1,106,15,109"/><U113/><E2/><V5/><F132/><W8/><G121/><T89/><N who="0" m="8192" /><DORA hai="128" /><T103/><REACH who="0" step="1"/><D124/><REACH who="0" ten="351,165,237,237" step="2"/><U108/><E126/><V95/><F129/><W77/><G109/><T99/><AGARI ba="4,1" hai="29,30,84,89,92,94,99,103,117,118,119" m="8192" machi="99" ten="70,8000,1" yaku="1,1,2,1,0,1,52,2,53,0" doraHai="27,128" doraHaiUra="67,62" who="0" fromWho="0" sc="351,102,165,-44,237,-24,237,-24" /><INIT seed="2,0,0,5,1,114" ten="453,121,213,213" oya="2" hai0="90,64,40,35,124,58,86,6,110,130,89,119,43" hai1="75,60,55,47,117,17,133,72,77,5,19,0,22" hai2="33,134,82,24,25,131,74,8,4,31,20,14,32" hai3="125,99,29,16,1,50,80,66,11,92,132,112,57"/><V45/><F134/><W79/><G132/><T34/><D6/><U52/><E133/><V69/><F69/><W68/><G68/><T44/><D110/><U2/><E5/><V95/><F131/><W21/><G112/><T48/><D130/><U7/><E7/><V118/><F118/><W27/><G125/><T76/><D124/><U135/><E135/><V30/><F95/><W62/><G50/><T37/><D119/><U121/><E117/><V101/><F101/><W120/><G120/><T94/><D76/><U59/><E121/><V107/><F107/><W39/><G39/><T54/><D40/><U100/><E100/><V49/><F82/><W97/><G1/><T46/><D46/><U91/><E91/><V102/><F102/><W73/><G92/><T10/><D10/><U36/><E19/><V78/><F78/><W18/><G18/><T63/><D90/><U85/><E85/><V105/><F105/><W41/><G41/><T53/><D53/><U28/><E28/><V129/><F74/><W103/><G103/><T9/><D9/><U115/><E115/><V113/><F113/><W128/><G128/><T122/><D122/><U71/><E71/><V126/><F126/><W106/><G106/><T123/><D123/><U23/><E36/><V84/><F84/><W108/><G108/><T96/><REACH who="0" step="1"/><D86/><REACH who="0" ten="443,121,213,213" step="2"/><U61/><E77/><V3/><F129/><W38/><G38/><T13/><D13/><U70/><E47/><V88/><F88/><W81/><G80/><T116/><D116/><U87/><E87/><V12/><F33/><W93/><G93/><RYUUKYOKU ba="0,1" sc="443,10,121,-30,213,10,213,10" hai0="34,35,37,43,44,48,54,58,63,64,89,94,96" hai2="3,4,8,12,14,20,24,25,30,31,32,45,49" hai3="11,16,21,27,29,57,62,66,73,79,81,97,99" /><INIT seed="2,1,1,1,1,108" ten="453,91,223,223" oya="2" hai0="107,12,57,93,116,96,134,24,16,115,30,63,104" hai1="9,19,105,42,81,1,34,121,101,132,99,72,75" hai2="28,89,91,131,67,65,36,82,102,43,78,47,35" hai3="79,8,41,27,61,133,106,130,55,85,29,117,76"/><V53/><F131/><W39/><G106/><T10/><D115/><U46/><E132/><V126/><F126/><W21/><G117/><T23/><D134/><U40/><E121/><V6/><F102/><W59/><G133/><T20/><D116/><U37/><E34/><V5/><F53/><W103/><G103/><N who="0" m="60815" /><D20/><U112/><E42/><V86/><F35/><W129/><G8/><T123/><D123/><U68/><E68/><V83/><F28/><W45/><G85/><T71/><D71/><U54/><E54/><V94/><F65/><W90/><G90/><T33/><D33/><U51/><E51/><V58/><F89/><W49/><G79/><T111/><D111/><U113/><E19/><V0/><F0/><W100/><G76/><T118/><D118/><U3/><E81/><V69/><F83/><W25/><G100/><T73/><D73/><N who="1" m="28235" /><E9/><V62/><REACH who="2" step="1"/><F69/><REACH who="2" ten="453,91,213,223" step="2"/><W125/><G125/><T38/><D38/><U95/><E95/><V4/><F4/><W97/><G39/><T2/><D2/><AGARI ba="1,2" hai="1,2,3,37,40,46,99,101,105,112,113" m="28235" machi="2" ten="30,3900,0" yaku="23,1,52,2" doraHai="108" who="1" fromWho="0" sc="453,-42,91,62,213,0,223,0" /><INIT seed="3,0,0,1,4,125" ten="411,153,213,223" oya="3" hai0="82,63,110,65,100,68,89,30,16,31,106,2,41" hai1="88,62,132,42,127,46,56,37,84,38,78,10,104" hai2="85,1,11,43,49,113,103,67,8,107,51,19,47" hai3="6,75,117,72,21,123,33,129,24,26,74,90,119"/><W76/><G33/><T25/><D2/><U116/><E127/><V12/><F113/><W70/><G123/><T50/><D110/><U121/><E121/><V111/><F111/><W45/><G70/><T18/><D31/><U83/><E116/><V73/><F73/><W87/><G76/><T55/><D41/><U91/><E132/><V32/><F32/><W115/><G115/><T44/><D89/><U86/><E104/><V128/><F67/><W27/><G6/><T57/><D82/><U94/><E38/><V126/><F126/><W118/><G45/><T96/><D44/><U4/><E78/><V131/><F85/><W35/><G35/><AGARI ba="0,0" hai="16,18,25,30,35,50,55,57,63,65,68,96,100,106" machi="35" ten="30,7700,0" yaku="7,1,25,2,54,1" doraHai="125" who="0" fromWho="3" sc="411,77,153,0,213,0,223,-77" owari="488,58.8,153,-24.7,213,1.3,146,-35.4" /></mjloggm>