<mjloggm ver="2.3"><GO type="225" lobby="0"/><UN n0="%E4%BF%BA%E3%81%A8%E5%A6%96%E5%A4%A2" n1="%72%69%6F%75%63%68%61%6E" n2="%E6%A1%9C%E8%8A%B1%E9%96%83%E3%80%85" n3="%E3%81%8B%E3%82%8F%E3%81%A1%E3%82%83%E3%82%93%35%38" dan="16,16,17,16" rate="2266.93,2095.05,2269.55,2153.75" sx="F,M,M,M"/><TAIKYOKU oya="0"/><INIT seed="0,0,0,1,3,63" ten="250,250,250,250" oya="0" hai0="103,33,35,46,80,74,32,59,66,0,134,102,130" hai1="112,107,93,116,129,90,118,125,96,100,72,69,62" hai2="13,42,50,18,99,52,41,89,53,68,17,39,94" hai3="95,38,6,27,114,36,104,79,60,97,83,85,45"/><T75/><D0/><U126/><E129/><V40/><F39/><W88/><G114/><T55/><D130/><U91/><E72/><V106/><F68/><W25/><G6/><T3/><D3/><U31/><E31/><V64/><F106/><W131/><G131/><T21/><D134/><U86/><E69/><V14/><F64/><W9/><G9/><T133/><D133/><U87/><E62/><V26/><F26/><W77/><G77/><T1/><D1/><U122/><E122/><V92/><F92/><W119/><G119/><N who="1" m="45610" /><E112/><V73/><F73/><W132/><G132/><T127/><D21/><U110/><E110/><V16/><REACH who="2" step="1"/><F52/><REACH who="2" ten="250,250,240,250" step="2"/><W128/><G128/><T22/><D55/><U113/><E113/><V23/><F23/><W65/><G104/><T108/><D22/><U84/><E84/><V115/><F115/><W121/><G121/><T105/><D75/><U15/><E15/><V28/><F28/><W44/><G38/><T47/><D74/><U11/><E11/><V51/><F51/><W109/><G109/><T117/><D108/><U2/><E2/><V43/><N who="2" m="10240" /><DORA hai="5" /><V135/><F135/><W70/><REACH who="3" step="1"/><G36/><REACH who="3" ten="250,250,240,240" step="2"/><T56/><D105/><U7/><E107/><V20/><F20/><W76/><G76/><T34/><D117/><U71/><E126/><V48/><F48/><W101/><G101/><T81/><D34/><U49/><E125/><V4/><F4/><W29/><G29/><T12/><D33/><U98/><E7/><V78/><F78/><W82/><G82/><T61/><D127/><U57/><E100/><N who="0" m="38441" /><D32/><U111/><E111/><RYUUKYOKU ba="0,2" sc="250,-15,250,-15,240,15,240,15" hai2="13,14,16,17,18,50,53,89,94,99" hai3="25,27,44,45,60,65,70,79,83,85,88,95,97" /><INIT seed="1,1,2,4,0,36" ten="235,235,255,255" oya="1" hai0="1,5,80,68,48,47,22,133,50,40,130,59,63" hai1="99,9,114,103,108,75,16,67,73,62,30,74,129" hai2="134,121,10,52,3,39,27,33,112,66,13,127,53" hai3="26,29,46,19,93,109,81,96,83,124,87,8,85"/><U120/><E114/><V49/><F121/><W123/><G123/><T115/><D115/><U20/><E120/><V126/><F112/><W100/><G109/><T88/><D133/><U118/><E118/><V101/><F39/><W18/><G124/><N who="2" m="47657" /><F134/><W45/><G85/><N who="0" m="50215" /><D1/><U95/><E129/><V15/><F66/><W79/><G83/><T106/><D106/><U11/><E108/><V111/><F101/><W98/><G98/><T37/><D37/><U76/><E30/><N who="2" m="19679" /><F111/><W35/><REACH who="3" step="1"/><G8/><REACH who="3" ten="235,235,255,245" step="2"/><T0/><D130/><U65/><E76/><V34/><F34/><W25/><G25/><T42/><D68/><U125/><E125/><V17/><F3/><W135/><G135/><T58/><D0/><U113/><E113/><V97/><F97/><W43/><G43/><N who="0" m="24703" /><D5/><U116/><E116/><V6/><F6/><W71/><G71/><T44/><D22/><U31/><E9/><V84/><F84/><W32/><G32/><T70/><D70/><U60/><E11/><V4/><F4/><W64/><G64/><N who="0" m="39031" /><D40/><U122/><E122/><V91/><F53/><W110/><G110/><T90/><D90/><U128/><E128/><V54/><F91/><W55/><G55/><T23/><D23/><U38/><E65/><V105/><F54/><W131/><G131/><T107/><D107/><U14/><E67/><V94/><F105/><W69/><G69/><T61/><D59/><U28/><E38/><V78/><F78/><W104/><G104/><T7/><D7/><U2/><E2/><V57/><F94/><W77/><G77/><T102/><D102/><U12/><E12/><AGARI ba="1,3" hai="10,12,13,15,17,49,52,57" m="19679,47657" machi="12" ten="30,3900,0" yaku="6,1,18,1,54,1" doraHai="36" who="2" fromWho="1" sc="235,0,235,-42,255,72,245,0" /><INIT seed="2,0,0,1,0,121" ten="235,193,327,245" oya="2" hai0="116,54,98,7,132,99,89,106,59,113,66,8,114" hai1="10,87,124,90,126,40,84,97,134,133,30,76,3" hai2="130,92,110,95,44,111,117,118,69,82,23,105,108" hai3="93,85,119,43,49,15,112,100,128,21,2,62,77"/><V52/><F130/><W9/><G119/><N who="2" m="45577" /><F105/><W51/><G2/><T46/><D116/><U120/><E120/><V129/><F129/><W20/><G128/><T63/><D132/><N who="1" m="50795" /><E30/><V67/><F82/><W56/><G112/><T26/><D26/><U80/><E40/><V29/><F23/><W17/><G43/><T127/><D127/><N who="1" m="48683" /><E3/><V57/><F44/><W125/><G125/><T60/><D99/><U37/><E37/><V18/><F18/><W94/><G17/><T31/><D31/><U64/><E64/><V19/><F19/><W53/><G53/><T79/><D79/><U58/><E58/><V123/><F29/><W0/><G56/><T131/><D131/><U65/><E65/><V48/><F123/><W74/><G77/><T122/><D122/><U38/><E38/><V71/><F71/><W109/><G0/><T32/><D32/><U42/><E42/><V28/><F28/><W102/><G20/><T68/><D46/><U70/><E70/><V115/><F115/><W78/><G21/><T81/><D114/><U96/><E10/><V35/><F35/><W11/><G9/><T104/><D113/><U75/><E75/><V5/><F5/><W22/><G11/><T34/><D34/><U36/><E36/><V6/><F6/><W13/><G22/><T27/><D8/><U72/><E72/><V83/><F69/><W41/><G74/><T14/><D7/><U4/><E4/><V61/><F67/><W1/><G1/><T33/><D33/><U16/><E16/><V24/><F57/><W101/><G41/><T39/><D68/><RYUUKYOKU ba="0,0" sc="235,-10,193,30,327,-10,245,-10" hai1="76,80,84,87,90,96,97" /><INIT seed="3,1,0,1,3,117" ten="225,223,317,235" oya="3" hai0="69,26,125,89,74,35,121,77,40,119,48,76,24" hai1="1,106,112,33,78,120,13,32,37,115,113,72,10" hai2="114,131,85,17,19,109,79,21,39,96,107,127,58" hai3="110,91,73,54,4,30,95,66,22,57,46,6,104"/><W11/><G104/><T87/><D119/><U92/><E106/><V135/><F114/><N who="1" m="29185" /><U70/><DORA hai="18" /><E70/><V134/><F109/><W62/><G73/><T25/><D69/><U60/><E60/><V75/><F17/><W31/><G110/><T34/><D121/><U41/><E92/><V81/><F127/><W16/><G46/><T128/><D125/><U2/><E13/><V61/><F39/><W43/><G43/><T27/><D74/><U53/><E53/><V129/><F85/><N who="3" m="52719" /><G66/><T97/><D97/><U14/><E14/><N who="2" m="9463" /><F96/><W55/><G55/><T126/><D126/><U86/><E86/><V100/><F100/><W124/><G124/><T111/><D111/><U98/><E98/><V28/><F107/><W103/><G103/><T29/><D35/><N who="1" m="13387" /><E120/><V42/><F42/><W44/><G44/><T64/><D64/><U93/><E93/><V23/><F58/><W50/><G62/><T105/><D105/><U52/><E52/><V68/><F61/><W108/><G108/><T56/><D56/><U12/><E41/><V20/><F68/><W3/><G4/><T65/><D65/><U94/><E94/><V5/><F5/><W84/><G84/><T80/><D40/><U63/><E63/><V82/><F82/><W36/><G36/><T99/><D99/><U49/><E49/><V123/><F123/><W59/><G59/><T15/><D48/><U0/><E37/><V133/><F28/><W45/><G45/><T47/><D47/><U132/><E132/><V83/><F81/><W67/><G67/><T7/><D128/><AGARI ba="1,0" hai="20,23,75,79,83,128,129,131,133,134,135" m="9463" machi="128" ten="40,8000,1" yaku="19,1,20,1,52,3" doraHai="117,18" who="2" fromWho="0" sc="225,-83,223,0,317,83,235,0" owari="142,-35.8,223,-17.7,400,50.0,235,3.5" /></mjloggm>