<mjloggm ver="2.3"><GO type="225" lobby="0"/><UN n0="%E3%81%BF%E3%81%BF%E3%81%9A" n1="%E3%81%90%E3%81%A1%E3%82%84%E3%81%BE" n2="%E3%82%8C%E3%81%99%E3%81%93" n3="%E7%89%B9%E6%9D%B1%E3%81%AF%E4%B8%96%E7%95%8C%E3%82%92%E6%95%91%E3%81%86" dan="18,16,17,16" rate="2269.12,2127.04,2258.69,2146.76" sx="M,M,F,M"/><TAIKYOKU oya="0"/><INIT seed="0,0,0,3,1,104" ten="250,250,250,250" oya="0" hai0="70,82,16,89,130,122,44,58,112,88,31,133,110" hai1="45,52,79,63,33,21,129,40,10,117,8,97,13" hai2="41,6,66,76,87,37,55,111,100,96,2,107,91" hai3="59,62,83,32,74,43,35,71,80,9,5,20,135"/><T53/><D112/><U34/><E117/><V42/><F111/><W90/><G71/><T131/><D70/><U19/><E129/><N who="0" m="49161" /><D122/><U68/><E79/><V67/><F76/><W98/><G135/><T48/><D133/><U114/><E114/><V81/><F41/><W69/><G69/><T56/><D110/><U26/><E97/><V120/><F120/><W25/><G43/><T22/><D31/><U57/><E68/><V93/><F107/><W47/><G47/><T108/><D108/><U109/><E8/><V61/><F42/><W72/><G35/><T36/><D36/><U125/><E125/><V102/><F37/><W15/><G32/><T86/><D89/><U39/><REACH who="1" step="1"/><E109/><REACH who="1" ten="250,240,250,250" step="2"/><V11/><F102/><W23/><G98/><T27/><AGARI ba="0,1" hai="16,22,27,44,48,53,56,58,82,86,88" m="49161" machi="27" ten="30,6000,0" yaku="19,1,54,2" doraHai="104" who="0" fromWho="0" sc="250,70,240,-20,250,-20,250,-20" /><INIT seed="0,1,0,3,0,56" ten="320,220,230,230" oya="0" hai0="88,7,0,54,23,96,83,105,55,24,36,133,130" hai1="81,62,53,60,29,131,99,91,57,21,5,19,66" hai2="79,71,102,80,6,31,27,115,64,135,68,42,93" hai3="98,44,132,1,33,61,11,38,109,9,75,32,76"/><T28/><D36/><U13/><E131/><V95/><F115/><W85/><G85/><T3/><D130/><U87/><E29/><V74/><F135/><W111/><G132/><T63/><D133/><U120/><E120/><V41/><F6/><N who="3" m="1231" /><G11/><T107/><D7/><U69/><E5/><V49/><F42/><N who="3" m="22615" /><G98/><T47/><D54/><U2/><REACH who="1" step="1"/><E99/><REACH who="1" ten="320,210,230,230" step="2"/><V128/><F128/><W123/><G123/><T35/><D96/><U59/><E59/><V58/><F58/><W97/><G97/><T89/><D28/><U52/><E52/><V103/><F71/><W67/><G33/><T77/><D35/><U39/><E39/><V122/><F122/><W40/><G32/><T118/><D55/><U25/><E25/><V37/><F37/><W51/><G40/><T104/><D24/><U90/><E90/><V12/><F68/><N who="3" m="42095" /><G51/><T45/><D89/><U50/><E50/><V113/><F49/><W26/><G26/><T22/><D88/><U10/><E10/><V101/><F41/><W125/><G125/><T119/><D105/><U106/><E106/><V116/><F27/><W20/><G20/><T43/><D107/><U30/><E30/><V134/><F31/><W82/><AGARI ba="1,1" hai="75,76,82,109,111" m="42095,22615,1231" machi="82" ten="30,4000,0" yaku="25,1,23,1,52,1" doraHai="56" who="3" fromWho="3" sc="320,-21,210,-11,230,-11,230,53" /><INIT seed="1,0,0,1,1,113" ten="299,199,219,283" oya="1" hai0="30,4,120,17,16,83,27,88,127,29,23,131,36" hai1="134,2,110,47,55,108,8,69,57,41,105,81,74" hai2="98,26,75,60,45,129,89,92,118,73,11,63,10" hai3="76,62,87,22,13,94,99,61,43,101,122,34,135"/><U38/><E105/><V40/><F129/><W128/><G122/><T6/><D36/><U48/><E74/><V53/><F118/><W95/><G34/><T126/><D126/><U115/><BYE who="0" /><E81/><V114/><F114/><W119/><G128/><T85/><D85/><U72/><E115/><V54/><F75/><W49/><G135/><T106/><D106/><U37/><E72/><V67/><F73/><W109/><G109/><N who="1" m="42090" /><E2/><V59/><F26/><W42/><G119/><T133/><D133/><U102/><E8/><V104/><F104/><W112/><G112/><T68/><D68/><U100/><E134/><V28/><F28/><W7/><G49/><T19/><D19/><U46/><E102/><V116/><F116/><W5/><G22/><T78/><D78/><U65/><E100/><V103/><F103/><W125/><G125/><T25/><D25/><U20/><E20/><V96/><F96/><W0/><G0/><T123/><D123/><U31/><E31/><V18/><F18/><W79/><G101/><UN n0="%E3%81%BF%E3%81%BF%E3%81%9A" /><T24/><D127/><U97/><E97/><V3/><F3/><W66/><G99/><T111/><D131/><U70/><E65/><V39/><F67/><W117/><G117/><T121/><D111/><U44/><E37/><V9/><F9/><W124/><G124/><T58/><D83/><U77/><E77/><V12/><F12/><W15/><G66/><T35/><D23/><U71/><AGARI ba="0,0" hai="38,41,44,46,47,48,55,57,69,70,71" m="42090" machi="71" ten="40,12000,1" yaku="14,1,10,1,34,2" doraHai="113" who="1" fromWho="1" sc="299,-40,199,120,219,-40,283,-40" /><INIT seed="1,1,0,1,2,34" ten="259,319,179,243" oya="1" hai0="115,73,8,79,3,1,116,29,57,131,15,100,84" hai1="48,49,58,17,74,59,9,75,89,63,87,86,82" hai2="121,16,53,97,111,27,76,39,61,109,71,33,96" hai3="98,38,123,107,114,65,30,62,94,81,105,66,83"/><U12/><E75/><V69/><F39/><W102/><G123/><T70/><D115/><U7/><E74/><V37/><F37/><W117/><G114/><T31/><D70/><U77/><E7/><V106/><F121/><W0/><G38/><T124/><D73/><U110/><E110/><N who="2" m="41995" /><F76/><W128/><G0/><T108/><D116/><U50/><REACH who="1" step="1"/><E63/><REACH who="1" ten="259,309,179,243" step="2"/><V23/><F33/><W11/><G62/><T101/><D108/><U36/><E36/><V32/><F32/><W35/><G35/><T56/><D131/><U126/><E126/><V13/><F61/><W22/><G128/><T41/><D124/><U132/><E132/><V127/><F127/><W99/><G117/><T68/><D68/><U92/><AGARI ba="1,1" hai="9,12,17,48,49,50,58,59,77,82,86,87,89,92" machi="92" ten="30,6000,0" yaku="1,1,0,1,8,1,53,0" doraHai="34" doraHaiUra="112" who="1" fromWho="1" sc="259,-21,309,73,179,-21,243,-21" /><INIT seed="1,2,0,3,1,95" ten="238,382,158,222" oya="1" hai0="9,61,114,102,53,46,71,118,107,88,0,40,84" hai1="92,5,119,43,41,55,128,127,85,32,13,59,38" hai2="45,18,108,116,3,65,6,103,50,123,130,135,16" hai3="81,104,78,64,34,97,94,126,87,19,31,68,86"/><U101/><E119/><V27/><F116/><W48/><G126/><T70/><D118/><U117/><E117/><V122/><F108/><W112/><G112/><T15/><D114/><U91/><E32/><V74/><F74/><W51/><G104/><T129/><D0/><U49/><E38/><V47/><F135/><W17/><G68/><T33/><D33/><U54/><E128/><V109/><F109/><W80/><G64/><T52/><D129/><U2/><E2/><V63/><F130/><W75/><G31/><T8/><D8/><U4/><E127/><V77/><F77/><N who="3" m="46351" /><G75/><T57/><D53/><U7/><E13/><V113/><F113/><W42/><G34/><T120/><D102/><U39/><E39/><V37/><F37/><W105/><G105/><T56/><D56/><U133/><E133/><V44/><F50/><N who="3" m="18987" /><G42/><T99/><D120/><U69/><E69/><V14/><F3/><W82/><G82/><T60/><D60/><U115/><E115/><V79/><F79/><W125/><G125/><T1/><D1/><U110/><E110/><V134/><F134/><W30/><G30/><T24/><D40/><U36/><E36/><V93/><F123/><W83/><G83/><N who="0" m="49183" /><D46/><U132/><E132/><V73/><F122/><W28/><G28/><T96/><D107/><U72/><E72/><V89/><F73/><W21/><G21/><T58/><D58/><N who="1" m="33103" /><E101/><AGARI ba="2,0" hai="17,19,78,81,87,94,97,101" m="18987,46351" machi="101" ten="30,2000,0" yaku="8,1,52,1" doraHai="95" who="3" fromWho="1" sc="238,0,382,-26,158,0,222,26" /><INIT seed="2,0,0,0,1,57" ten="238,356,158,248" oya="2" hai0="41,5,58,16,112,132,61,46,80,51,10,92,128" hai1="30,99,82,110,115,8,114,78,98,97,111,108,69" hai2="40,54,6,34,68,39,50,124,113,38,134,91,131" hai3="105,27,36,89,66,17,35,75,74,9,73,116,77"/><V25/><F113/><N who="1" m="43017" /><E69/><V84/><F131/><W67/><G116/><T59/><D112/><U3/><E30/><V120/><F120/><W94/><G105/><T2/><D128/><U64/><E64/><V135/><F124/><W20/><G36/><T102/><D132/><N who="2" m="50730" /><F40/><W101/><G101/><T72/><D59/><U32/><E32/><V43/><F43/><W85/><G77/><T133/><D133/><U127/><E127/><V1/><F68/><W88/><G35/><T52/><D102/><U22/><E22/><V48/><F34/><W42/><G42/><T81/><D72/><N who="1" m="43335" /><E8/><N who="2" m="2127" /><F25/><W86/><REACH who="3" step="1"/><G9/><REACH who="3" ten="238,356,158,238" step="2"/><T28/><D41/><U100/><E3/><V107/><F107/><AGARI ba="0,1" hai="97,98,99,100,107,108,110,111" m="43335,43017" machi="107" ten="40,5200,0" yaku="14,1,34,2" doraHai="57" who="1" fromWho="2" sc="238,0,356,62,158,-52,238,0" /><INIT seed="3,0,0,3,2,125" ten="238,418,106,238" oya="3" hai0="57,88,128,111,130,70,119,82,28,38,3,24,115" hai1="11,86,100,58,92,43,78,40,105,113,122,55,81" hai2="54,63,97,118,77,74,36,60,72,18,132,123,87" hai3="65,46,12,91,101,51,131,69,84,17,95,14,16"/><W37/><G37/><T99/><D70/><U15/><E122/><V135/><F118/><W80/><G131/><N who="0" m="50219" /><D111/><U121/><E121/><V41/><F123/><W20/><G69/><T52/><D119/><U30/><E105/><V133/><F36/><W45/><G65/><T4/><D38/><U10/><E113/><V83/><F41/><W94/><G101/><T79/><D115/><U0/><E0/><V35/><F35/><W49/><G51/><T67/><D67/><U22/><E10/><V26/><F54/><W42/><REACH who="3" step="1"/><G45/><REACH who="3" ten="238,418,106,228" step="2"/><T71/><D71/><U5/><E100/><V33/><F63/><W117/><G117/><T129/><D129/><U1/><E92/><V47/><F47/><W127/><G127/><T89/><D57/><U2/><E2/><V50/><F50/><W90/><G90/><T6/><D3/><U48/><E1/><V93/><F60/><W32/><G32/><T75/><D89/><U56/><E56/><V108/><F108/><W68/><G68/><T124/><D124/><U61/><E61/><V116/><F116/><W104/><G104/><T25/><D88/><U59/><E58/><V110/><F110/><W98/><G98/><T9/><D99/><U13/><E59/><V112/><F112/><W29/><G29/><T85/><D28/><U134/><E48/><V27/><F33/><W107/><G107/><T120/><D120/><U31/><E31/><V21/><REACH who="2" step="1"/><F27/><REACH who="2" ten="238,418,96,228" step="2"/><W44/><G44/><T106/><D25/><U8/><E30/><V53/><F53/><W62/><G62/><T109/><D24/><U64/><E55/><RYUUKYOKU ba="0,2" sc="238,-15,418,-15,96,15,228,15" hai2="18,21,26,72,74,77,83,87,93,97,132,133,135" hai3="12,14,16,17,20,42,46,49,80,84,91,94,95" /><INIT seed="3,1,2,3,5,81" ten="223,403,111,243" oya="3" hai0="70,49,17,40,101,133,80,75,5,119,61,2,100" hai1="93,65,37,98,86,110,63,14,129,22,128,43,105" hai2="107,50,74,66,121,71,1,91,89,108,111,85,78" hai3="52,113,44,46,67,104,134,64,117,114,42,87,112"/><W3/><G104/><T47/><D119/><U36/><E110/><N who="2" m="42027" /><F50/><W57/><G3/><T31/><D133/><U82/><E105/><V132/><F66/><W7/><G7/><T96/><D31/><U127/><E127/><V51/><F51/><N who="3" m="27031" /><G87/><T0/><D17/><N who="1" m="10551" /><E86/><V55/><F55/><W6/><G6/><T83/><D101/><N who="1" m="60623" /><E82/><N who="2" m="45399" /><F71/><W26/><G26/><T56/><D70/><N who="1" m="42303" /><E43/><V103/><F1/><W130/><G117/><T41/><D41/><U34/><E34/><V33/><F33/><W27/><G27/><T109/><D109/><U11/><E11/><V131/><F121/><W106/><G106/><T24/><D24/><U25/><E25/><V20/><F20/><W35/><G35/><T79/><D80/><U118/><E118/><V120/><F120/><W23/><G23/><T30/><D5/><U94/><E94/><N who="2" m="54575" /><F132/><W38/><G134/><T21/><D21/><U72/><E72/><V124/><F124/><W69/><G69/><T59/><D30/><U29/><E29/><V48/><F48/><N who="3" m="30855" /><G130/><AGARI ba="1,2" hai="36,37,128,129,130" m="42303,60623,10551" machi="130" ten="30,1000,0" yaku="19,1" doraHai="81" who="1" fromWho="3" sc="223,0,403,33,111,0,243,-13" owari="223,-17.7,436,53.6,111,-38.9,230,3.0" /></mjloggm>