<mjloggm ver="2.3"><GO type="225" lobby="0"/><UN n0="%E7%9A%AE%E3%80%85" n1="%E3%82%A2%E3%82%A4%E3%82%B9%E3%83%86%E3%82%A3%E3%83%BC%E3%81%82%E3%81%B9" n2="%E3%81%8B%E3%82%8F%E3%81%A1%E3%82%83%E3%82%93%35%38" n3="%E3%81%BF%E3%81%BF%E3%81%9A" dan="16,16,16,17" rate="2138.74,2079.27,2149.20,2183.96" sx="F,M,M,M"/><TAIKYOKU oya="0"/><INIT seed="0,0,0,4,0,117" ten="250,250,250,250" oya="0" hai0="47,83,55,27,36,113,81,40,35,106,63,29,6" hai1="121,1,105,80,51,32,112,82,111,108,130,76,7" hai2="50,18,84,135,49,58,95,75,10,85,89,54,126" hai3="52,38,43,34,2,99,72,12,13,101,56,96,26"/><T8/><D106/><U48/><E32/><V88/><F126/><W41/><G2/><T42/><D113/><U9/><E105/><V122/><F135/><W46/><G72/><T98/><D98/><U23/><E112/><V90/><F75/><W33/><G43/><T4/><D42/><U5/><E130/><V93/><F90/><W87/><G87/><T92/><D92/><U107/><E107/><V116/><F116/><W37/><G37/><T31/><D31/><U73/><E7/><V24/><F122/><W28/><G33/><T129/><D4/><U100/><E100/><V97/><F97/><W45/><G45/><T0/><REACH who="0" step="1"/><D129/><REACH who="0" ten="240,250,250,250" step="2"/><U132/><E5/><V91/><F91/><W17/><G101/><T11/><D11/><U74/><E9/><V57/><F10/><W19/><G99/><T15/><D15/><U127/><E1/><V109/><F24/><W44/><G96/><T134/><D134/><U133/><E23/><V14/><F14/><W77/><G12/><T123/><D123/><U66/><E121/><V30/><F30/><W59/><G13/><T69/><D69/><U61/><E132/><V118/><F118/><W22/><G22/><T102/><D102/><U53/><E133/><V67/><F93/><W120/><G120/><T131/><D131/><U16/><E76/><V25/><F95/><W64/><G77/><T86/><D86/><U20/><E74/><V70/><F85/><W79/><G79/><T119/><D119/><U71/><E71/><V68/><F84/><W124/><G28/><T104/><D104/><U62/><E73/><RYUUKYOKU ba="0,1" sc="240,30,250,-10,250,-10,250,-10" hai0="0,6,8,27,29,35,36,40,47,55,63,81,83" /><INIT seed="0,1,1,3,0,57" ten="270,240,240,240" oya="0" hai0="45,117,105,59,48,15,72,133,96,99,58,18,28" hai1="69,131,111,42,130,1,34,3,95,54,26,46,0" hai2="128,127,47,53,89,51,112,6,104,114,88,65,50" hai3="5,116,78,7,100,17,35,4,52,126,33,134,19"/><T107/><D117/><U61/><E111/><V90/><F127/><W49/><G116/><T20/><D72/><U66/><E54/><V38/><F38/><W56/><G126/><T41/><D133/><U22/><E95/><V135/><F135/><W102/><G134/><T2/><D2/><U75/><E75/><V86/><F128/><W39/><G39/><T23/><D105/><U124/><E124/><V73/><F73/><W27/><G78/><T120/><D120/><U85/><E85/><V122/><F122/><W70/><G70/><T32/><D32/><U60/><E61/><V76/><F104/><W92/><G35/><T132/><D132/><U77/><E77/><V103/><F103/><N who="3" m="39467" /><G33/><T36/><D107/><U129/><E34/><V24/><F114/><W12/><G27/><N who="0" m="16511" /><D36/><U121/><E121/><V74/><F74/><W83/><G83/><T125/><D125/><U97/><E97/><AGARI ba="1,1" hai="15,18,20,41,45,48,58,59,96,97,99" m="16511" machi="97" ten="30,1500,0" yaku="8,1" doraHai="57" who="0" fromWho="1" sc="270,28,240,-18,240,0,240,0" /><INIT seed="0,2,0,4,1,73" ten="298,222,240,240" oya="0" hai0="2,27,85,35,9,5,67,105,0,118,10,74,91" hai1="101,104,106,115,131,82,98,49,107,134,96,111,130" hai2="87,56,81,117,55,86,83,48,21,61,62,37,88" hai3="36,68,133,63,54,3,71,53,11,18,28,33,29"/><T8/><D74/><U30/><E30/><V46/><F117/><W103/><G36/><T77/><D118/><U7/><E7/><V113/><F113/><W108/><G108/><T70/><D105/><N who="1" m="63655" /><E49/><V44/><F21/><W124/><G133/><T52/><D67/><U112/><E134/><V14/><F14/><W100/><G124/><T99/><D70/><U89/><E111/><V90/><F37/><W78/><G18/><T17/><D2/><U116/><E116/><V129/><F129/><N who="1" m="49161" /><E98/><V43/><F43/><W13/><G3/><T79/><D99/><U42/><E42/><V92/><F92/><W25/><G28/><T31/><D9/><U24/><E24/><V69/><F69/><W12/><G100/><T110/><D110/><U64/><E64/><V94/><F94/><W40/><G103/><T121/><D121/><U58/><E58/><V39/><F39/><W60/><G40/><T4/><D52/><N who="3" m="20073" /><G68/><T59/><D59/><U123/><E123/><V6/><F6/><N who="3" m="3191" /><G13/><T32/><D32/><U120/><E120/><V97/><F97/><W16/><G71/><T66/><D66/><U47/><E47/><AGARI ba="2,0" hai="44,46,47,48,55,56,61,62,81,83,86,87,88,90" machi="47" ten="40,5200,0" yaku="9,1,8,1,54,1" doraHai="73" who="2" fromWho="1" sc="298,0,222,-58,240,58,240,0" /><INIT seed="1,0,0,0,4,135" ten="298,164,298,240" oya="1" hai0="69,19,130,53,11,88,81,4,7,117,73,119,86" hai1="29,64,20,23,57,31,79,37,61,43,48,18,106" hai2="24,92,102,39,118,12,34,15,45,21,77,46,52" hai3="35,68,5,126,121,66,75,28,114,105,125,13,71"/><U44/><E106/><V128/><F118/><W100/><G121/><T132/><D132/><U56/><E79/><V32/><F77/><W104/><G75/><T70/><D73/><U55/><REACH who="1" step="1"/><E23/><REACH who="1" ten="298,154,298,240" step="2"/><V6/><F21/><W47/><G104/><T85/><D119/><U36/><E36/><V14/><F39/><W96/><G114/><T82/><D117/><U74/><E74/><V3/><F32/><W51/><G35/><T99/><D130/><U124/><E124/><N who="3" m="47722" /><G28/><T38/><D38/><U8/><E8/><V129/><F129/><W40/><G66/><T1/><D11/><AGARI ba="0,1" hai="5,11,13,40,47,51,68,71,96,100,105" m="47722" machi="11" ten="30,7700,0" yaku="18,1,52,3" doraHai="135" who="3" fromWho="0" sc="298,-77,154,0,298,0,240,87" /><INIT seed="2,0,0,1,4,86" ten="221,154,298,327" oya="2" hai0="82,130,32,13,77,111,104,125,50,45,56,57,6" hai1="5,79,9,31,124,20,89,80,60,37,47,14,44" hai2="61,83,70,8,30,84,4,132,129,2,15,123,42" hai3="72,40,59,112,55,103,101,98,71,38,66,113,108"/><V3/><F123/><W99/><G72/><T105/><D32/><U109/><E109/><V49/><F129/><W119/><G119/><T19/><D111/><U97/><E124/><V93/><F132/><W23/><G108/><T35/><D125/><U133/><E133/><V122/><F122/><W7/><G7/><T58/><D35/><U52/><E37/><V107/><F107/><W10/><G10/><T135/><D135/><U36/><E36/><V46/><F30/><W118/><G118/><T67/><D67/><U33/><E33/><V88/><F70/><W16/><G66/><T26/><D26/><U48/><E60/><V121/><F121/><W27/><G71/><T92/><D92/><U69/><E69/><V120/><F120/><W54/><G40/><T63/><D63/><U41/><E79/><N who="2" m="46207" /><F61/><W76/><G76/><T90/><D6/><U53/><E47/><V75/><F75/><W74/><G74/><T28/><D28/><U68/><E68/><V11/><F11/><W127/><G38/><T0/><D0/><U116/><E116/><V128/><F128/><W17/><G127/><T131/><D131/><U115/><E115/><V51/><F51/><W94/><G17/><T114/><D114/><N who="3" m="44137" /><G59/><T81/><D77/><U91/><E80/><V134/><F134/><W39/><G39/><T65/><D130/><U78/><E78/><V87/><AGARI ba="0,0" hai="2,3,4,8,15,42,46,49,87,88,93" m="46207" machi="87" ten="30,6000,0" yaku="25,1,52,1,54,1" doraHai="86" who="2" fromWho="2" sc="221,-20,154,-20,298,60,327,-20" /><INIT seed="2,1,0,4,4,28" ten="201,134,358,307" oya="2" hai0="119,37,73,43,36,4,91,98,97,33,81,134,44" hai1="88,61,109,132,87,14,27,7,64,42,84,41,115" hai2="110,76,120,60,31,32,80,56,90,94,39,112,107" hai3="99,8,66,100,19,126,124,12,123,102,0,15,72"/><V17/><F112/><W55/><G123/><T101/><D134/><U23/><E115/><V127/><F107/><W82/><G66/><T69/><D69/><U54/><E109/><V135/><F120/><W103/><G0/><T59/><D37/><U130/><E132/><V78/><F135/><W53/><G99/><T21/><D4/><U68/><E130/><V24/><F39/><W106/><G106/><T52/><D119/><U63/><E87/><V35/><F127/><N who="3" m="48683" /><G15/><T117/><D117/><U38/><E38/><V74/><F110/><W58/><G58/><T29/><D21/><U51/><E63/><V122/><F122/><W86/><G72/><T62/><D101/><N who="3" m="25857" /><W30/><DORA hai="116" /><G30/><T89/><D73/><U113/><E113/><V75/><F17/><W1/><G1/><T11/><D11/><U114/><E114/><V128/><F128/><W108/><G108/><T93/><D81/><U121/><E121/><V16/><F16/><W118/><G118/><T20/><D20/><U26/><E27/><V47/><F47/><W125/><N who="3" m="48691" /><W50/><DORA hai="67" /><G50/><T70/><D70/><U83/><E14/><V25/><F25/><W9/><G8/><T10/><D10/><U105/><E7/><V5/><F5/><W2/><G2/><T92/><D29/><U96/><E96/><N who="2" m="57431" /><F24/><W85/><G85/><T46/><D46/><U129/><E105/><V40/><F31/><W22/><G9/><T131/><D131/><U65/><E129/><V104/><F104/><W57/><G57/><T133/><D133/><U95/><E84/><V111/><F75/><RYUUKYOKU ba="1,0" sc="201,15,134,-15,358,-15,307,15" hai0="33,36,43,44,52,59,62,89,91,92,93,97,98" hai3="12,19,22,53,55,82,86" /><INIT seed="3,2,0,0,0,63" ten="216,119,343,322" oya="3" hai0="15,54,111,72,122,62,2,41,8,94,24,101,4" hai1="74,128,119,105,30,58,12,83,32,47,85,64,48" hai2="53,92,88,61,21,52,121,19,67,57,35,123,45" hai3="78,82,66,126,51,55,131,11,17,77,115,31,124"/><W125/><G115/><T102/><D122/><N who="2" m="46602" /><F35/><W98/><G131/><T39/><D111/><U29/><E105/><V7/><F7/><W42/><G42/><T13/><D72/><U116/><E74/><V50/><F21/><W107/><G31/><T75/><D75/><U132/><E132/><V133/><F19/><W37/><G37/><T5/><D24/><U34/><E128/><V56/><F133/><W109/><G109/><T103/><D2/><U60/><E12/><V117/><F117/><W96/><G66/><T87/><D41/><U113/><E113/><V0/><F0/><W6/><G17/><T22/><D22/><U16/><BYE who="0" /><E16/><V108/><F108/><W14/><G107/><T18/><D18/><U80/><E30/><V9/><F9/><W40/><G40/><T114/><D114/><U79/><E83/><V106/><F106/><W1/><G1/><T38/><D38/><U93/><E93/><V81/><F81/><W100/><G100/><T44/><D44/><U118/><REACH who="1" step="1"/><E29/><REACH who="1" ten="216,109,343,322" step="2"/><V25/><F25/><W28/><G28/><T70/><D70/><U84/><E84/><N who="2" m="52231" /><F53/><UN n0="%E7%9A%AE%E3%80%85" /><W3/><G3/><N who="0" m="31" /><D87/><U104/><E104/><V69/><AGARI ba="2,1" hai="45,50,52,56,57,61,67,69" m="52231,46602" machi="69" ten="30,7900,0" yaku="13,1,52,1,54,2" doraHai="63" who="2" fromWho="2" sc="216,-22,109,-22,343,95,322,-41" owari="194,-20.6,87,-41.3,438,53.8,281,8.1" /></mjloggm>