<mjloggm ver="2.3"><GO type="225" lobby="0"/><UN n0="%E3%83%81%E3%83%83%E3%82%BF%E3%82%BD%E3%83%BC" n1="%E3%83%B4%E3%83%A0%EF%BC%99%E3%81%A6" n2="%E5%A4%8F%E9%88%B4%E9%88%B4%E5%A4%8F" n3="%E3%81%99%E3%81%84%E3%81%BE%E3%81%9B%E3%83%BC%E3%82%93" dan="16,16,16,18" rate="2122.74,2140.23,2106.37,2186.30" sx="F,M,F,M"/><TAIKYOKU oya="0"/><INIT seed="0,0,0,0,1,55" ten="250,250,250,250" oya="0" hai0="6,134,48,119,128,121,89,5,105,37,74,99,26" hai1="67,115,42,28,126,84,54,23,130,135,78,82,7" hai2="106,44,16,9,17,59,109,94,104,57,103,79,24" hai3="77,21,110,11,87,25,58,10,19,20,132,117,75"/><T46/><D119/><U80/><E126/><V107/><F109/><W112/><G117/><T111/><D128/><U123/><E123/><V129/><F79/><W31/><G112/><T15/><D134/><U102/><E130/><V76/><F76/><W45/><G75/><T93/><D37/><U8/><E135/><V1/><F129/><W35/><G110/><T100/><D111/><U113/><E67/><V56/><F44/><W27/><G132/><T124/><D124/><U4/><E42/><V96/><REACH who="2" step="1"/><F24/><REACH who="2" ten="250,250,240,250" step="2"/><W34/><G45/><T125/><D121/><U70/><E78/><V118/><F118/><W52/><G35/><T51/><D125/><U83/><E115/><V2/><F2/><W122/><G34/><T14/><D74/><U18/><E113/><V68/><F68/><W43/><G122/><T47/><D26/><U29/><E70/><V53/><F53/><W101/><G43/><T39/><D46/><U3/><E54/><V73/><F73/><W63/><G101/><T114/><D114/><U13/><E102/><V108/><F108/><W98/><G98/><T65/><D39/><U120/><E120/><V50/><F50/><W30/><G31/><N who="1" m="11850" /><E84/><V131/><F131/><W85/><G77/><T62/><D47/><U90/><E90/><V97/><F97/><W38/><G38/><T0/><D0/><U61/><E61/><V71/><F71/><W95/><G87/><N who="0" m="52415" /><D51/><U33/><E33/><V49/><F49/><W64/><G52/><T86/><D86/><U60/><E60/><V88/><F88/><AGARI ba="0,1" hai="10,11,19,20,21,25,27,30,58,63,64,85,88,95" machi="88" ten="40,5200,0" yaku="8,1,52,1,54,1" doraHai="55" who="3" fromWho="2" sc="250,0,250,0,240,-52,250,62" /><INIT seed="1,0,0,5,0,72" ten="250,250,188,312" oya="1" hai0="34,116,46,65,60,8,43,113,2,3,105,69,14" hai1="31,101,95,84,38,83,61,7,40,96,112,93,29" hai2="75,59,12,71,48,104,102,131,68,36,86,22,123" hai3="26,57,81,120,103,119,107,16,10,70,0,73,27"/><U56/><E112/><V30/><F123/><W133/><G70/><T109/><D109/><U9/><E93/><V87/><F36/><W35/><G120/><T111/><D111/><U19/><E19/><V78/><F131/><W97/><G133/><T110/><D110/><U47/><E61/><V21/><F75/><W25/><G119/><T42/><D113/><U124/><E124/><V37/><F37/><W28/><G57/><T39/><D116/><U77/><REACH who="1" step="1"/><E56/><REACH who="1" ten="250,240,188,312" step="2"/><V114/><F104/><W6/><G16/><T55/><D105/><U45/><E45/><V85/><F114/><W62/><G62/><T24/><D60/><U64/><E64/><V18/><F71/><W91/><G107/><T23/><D65/><U54/><E54/><V53/><F68/><W5/><G5/><T99/><D69/><U117/><E117/><V11/><F102/><W41/><G103/><T108/><D108/><U50/><E50/><V106/><F106/><W121/><G121/><T66/><D66/><U32/><E32/><V134/><F134/><W51/><G51/><T63/><D34/><U135/><E135/><V127/><F127/><W126/><G126/><T20/><D63/><U115/><E115/><V88/><F30/><W79/><G41/><T1/><D42/><U118/><E118/><V33/><F33/><W92/><AGARI ba="0,1" hai="0,6,10,25,26,27,28,35,73,79,81,91,92,97" machi="92" ten="30,2000,0" yaku="0,1,52,1" doraHai="72" who="3" fromWho="3" sc="250,-5,240,-10,188,-5,312,30" /><INIT seed="2,0,0,3,5,63" ten="245,230,183,342" oya="2" hai0="78,52,82,59,47,71,101,30,85,49,123,88,23" hai1="16,86,104,31,4,77,40,84,21,67,130,34,12" hai2="62,2,128,117,120,98,36,48,102,26,74,22,131" hai3="105,99,39,7,5,42,45,96,8,83,121,51,60"/><V79/><F120/><W122/><G39/><T70/><D123/><U109/><E104/><V38/><F117/><W110/><G110/><T6/><D101/><U114/><E114/><V66/><F2/><W113/><G113/><T115/><D115/><U27/><E109/><V81/><F48/><W107/><G5/><T14/><D47/><U91/><E130/><V11/><F11/><W64/><G83/><T127/><D127/><U46/><E67/><V43/><F43/><W90/><G121/><T135/><D135/><U108/><E108/><V61/><F61/><W65/><G65/><T18/><D30/><U37/><E77/><V75/><F75/><W0/><G122/><T112/><D112/><U1/><E91/><V73/><F73/><W133/><G133/><T76/><REACH who="0" step="1"/><D6/><REACH who="0" ten="235,230,183,342" step="2"/><U41/><E40/><V69/><F131/><W132/><G132/><T92/><D92/><U32/><E32/><V97/><F128/><W103/><G103/><T134/><D134/><U13/><E34/><V55/><F55/><W93/><G99/><T68/><AGARI ba="0,1" hai="14,18,23,49,52,59,68,70,71,76,78,82,85,88" machi="68" ten="30,7900,0" yaku="1,1,0,1,54,2,53,0" doraHai="63" doraHaiUra="126" who="0" fromWho="0" sc="235,89,230,-20,183,-39,342,-20" /><INIT seed="3,0,0,4,0,42" ten="324,210,144,322" oya="3" hai0="3,56,15,36,134,0,128,68,129,18,79,85,117" hai1="4,78,46,130,54,2,109,20,133,6,5,32,74" hai2="116,66,120,69,96,57,39,114,101,24,65,48,72" hai3="64,89,13,95,47,27,105,100,91,19,111,127,23"/><W7/><G127/><T25/><D68/><U81/><E32/><V10/><F114/><W80/><G105/><T40/><D134/><U76/><E133/><V52/><F116/><W132/><G132/><T60/><D117/><U86/><E109/><V102/><F120/><W14/><G111/><T106/><D106/><U84/><E130/><N who="0" m="50281" /><D25/><U77/><E2/><V67/><F39/><W41/><G64/><N who="0" m="38919" /><D40/><U26/><E74/><V1/><F72/><W93/><G80/><N who="0" m="47263" /><D36/><U121/><E84/><V103/><F69/><W55/><G55/><T71/><D71/><U50/><REACH who="1" step="1"/><E121/><REACH who="1" ten="324,200,144,322" step="2"/><V90/><F24/><W123/><G123/><T125/><D125/><U97/><E97/><V75/><F75/><W135/><G135/><T70/><D70/><U62/><E62/><V45/><F1/><W16/><G27/><T29/><D29/><AGARI ba="0,1" hai="4,5,6,20,26,29,46,50,54,76,77,78,81,86" machi="29" ten="40,5200,0" yaku="1,1,8,1,52,1,53,0" doraHai="42" doraHaiUra="108" who="1" fromWho="0" sc="324,-52,200,62,144,0,322,0" owari="272,7.2,262,-13.8,144,-35.6,322,42.2" /></mjloggm>