<mjloggm ver="2.3"><GO type="225" lobby="0"/><UN n0="%E3%81%A4%E3%81%AE%E3%81%A0%E2%98%86%E3%81%B2%E3%82%8D" n1="%E3%82%B3%E3%83%90%E3%83%AC%E3%82%A4" n2="%E6%A1%9C%E8%8A%B1%E9%96%83%E3%80%85" n3="%E3%81%A4%E3%81%A3%E3%81%B1%E3%82%8A%E3%83%9D%E3%83%BC%E3%83%AB" dan="16,16,17,17" rate="2169.84,2156.68,2196.13,2237.47" sx="M,M,M,M"/><TAIKYOKU oya="0"/><INIT seed="0,0,0,3,1,135" ten="250,250,250,250" oya="0" hai0="58,71,69,63,80,32,70,42,86,52,64,132,62" hai1="95,30,110,108,134,4,8,85,65,98,92,125,54" hai2="103,46,79,123,117,113,122,35,115,56,1,24,97" hai3="111,120,106,124,109,7,50,130,33,38,91,48,88"/><T84/><D32/><U17/><E134/><V82/><F1/><W61/><G130/><T104/><D104/><U21/><E30/><N who="2" m="19911" /><F56/><W27/><G120/><N who="2" m="46121" /><F46/><W127/><G106/><T34/><D34/><U105/><E65/><V131/><F131/><W87/><G38/><T29/><D29/><U68/><E68/><V6/><F6/><W49/><G7/><T133/><D42/><U128/><E128/><V43/><F43/><W20/><G61/><T40/><D40/><U73/><E73/><N who="2" m="43375" /><F117/><W112/><G33/><T126/><D86/><U13/><E54/><V119/><F119/><W118/><G118/><T31/><D31/><U78/><E105/><AGARI ba="0,0" hai="97,103,105,113,115" m="43375,46121,19911" machi="105" ten="30,1000,0" yaku="23,1" doraHai="135" who="2" fromWho="1" sc="250,0,250,-10,250,10,250,0" /><INIT seed="1,0,0,0,4,42" ten="250,240,260,250" oya="1" hai0="68,5,94,31,73,35,87,120,20,67,79,1,24" hai1="75,41,119,29,78,83,58,118,16,3,46,49,55" hai2="134,131,109,37,33,76,126,128,132,77,97,81,105" hai3="71,57,53,110,113,117,116,21,86,129,25,22,36"/><U8/><E29/><V44/><F33/><W56/><G113/><T133/><D133/><N who="2" m="51306" /><F109/><W45/><G110/><T135/><D135/><U2/><E2/><V100/><F126/><W96/><G71/><T101/><D120/><U114/><E114/><V47/><F37/><W51/><G129/><N who="2" m="49737" /><F77/><W63/><G86/><AGARI ba="0,0" hai="44,47,76,81,86,97,100,105" m="49737,51306" machi="86" ten="30,7700,0" yaku="20,1,19,1,52,2" doraHai="42" who="2" fromWho="3" sc="250,0,240,0,260,77,250,-77" /><INIT seed="2,0,0,2,4,126" ten="250,240,337,173" oya="2" hai0="77,125,48,51,103,90,88,38,89,9,122,107,133" hai1="82,115,99,94,105,49,4,24,96,20,79,131,39" hai2="134,129,40,76,119,111,22,3,78,100,97,15,132" hai3="124,130,43,41,112,62,75,17,26,87,68,114,7"/><V55/><F3/><W91/><G75/><T110/><D38/><U58/><E39/><V80/><F40/><W47/><G124/><T93/><D125/><U109/><E115/><N who="3" m="44074" /><G7/><T19/><D122/><U64/><E4/><V45/><F119/><W57/><G68/><T73/><D107/><U50/><E109/><V63/><F111/><W116/><G116/><T70/><D70/><U74/><E105/><V65/><F55/><N who="3" m="34111" /><G17/><T60/><D60/><U31/><E99/><V102/><F97/><W27/><G27/><T135/><D110/><U21/><E64/><V104/><F63/><W28/><G47/><T84/><D73/><U120/><E120/><V59/><F45/><W52/><G52/><T71/><D71/><U12/><E58/><V33/><F59/><W14/><G14/><T101/><D19/><U108/><E108/><V5/><F15/><W123/><G123/><T16/><D16/><U66/><E66/><V23/><F65/><W8/><G8/><T30/><D9/><U18/><E50/><V37/><F5/><W128/><G91/><N who="0" m="53479" /><D51/><U85/><E49/><V121/><F37/><W118/><G87/><T53/><D53/><U29/><E31/><V127/><F121/><W117/><G117/><T46/><D48/><U95/><E74/><V2/><F127/><W32/><G118/><T86/><D46/><U44/><E44/><V34/><F76/><W56/><G56/><T81/><D77/><U10/><E10/><V72/><F78/><W25/><G25/><T83/><D30/><U36/><E36/><V6/><F6/><W92/><G92/><RYUUKYOKU ba="0,0" sc="250,-10,240,-10,337,-10,173,30" hai3="26,28,32,41,43,128,130" /><INIT seed="3,1,0,5,1,102" ten="240,230,327,203" oya="3" hai0="46,101,34,35,121,14,30,48,65,0,8,134,132" hai1="1,26,45,62,93,84,16,13,124,96,32,94,53" hai2="106,87,116,71,56,24,23,78,107,10,130,38,2" hai3="59,47,103,133,113,67,51,3,105,90,27,12,43"/><W81/><G3/><T120/><D65/><U126/><E1/><V69/><F38/><W25/><G113/><T80/><D80/><U97/><E32/><N who="0" m="12329" /><D101/><U7/><E7/><V110/><F110/><W49/><G133/><N who="0" m="51307" /><D30/><U60/><E26/><V5/><F24/><W66/><G66/><T83/><D83/><U92/><E84/><V28/><F87/><N who="3" m="50543" /><G103/><T4/><D0/><U37/><E37/><V19/><F28/><W17/><G105/><T20/><D20/><U21/><E45/><V89/><F107/><W31/><G31/><T131/><D131/><U58/><REACH who="1" step="1"/><E60/><REACH who="1" ten="240,220,327,203" step="2"/><V39/><F2/><W61/><G51/><T44/><D44/><U114/><E114/><V74/><F5/><W111/><G111/><T91/><D46/><U36/><E36/><V95/><F39/><W55/><G43/><T73/><D48/><U64/><E64/><V115/><F115/><W122/><G122/><T33/><D33/><U50/><E50/><V77/><F130/><W68/><G68/><T22/><D121/><U63/><E63/><V135/><F71/><W40/><G40/><T9/><D120/><U118/><E118/><V108/><F69/><W98/><G98/><AGARI ba="1,1" hai="13,16,21,53,58,62,92,93,94,96,97,98,124,126" machi="98" ten="40,2600,0" yaku="1,1,54,1,53,0" doraHai="102" doraHaiUra="70" who="1" fromWho="3" sc="240,0,220,39,327,0,203,-29" owari="240,-16.0,259,5.9,327,42.7,174,-32.6" /></mjloggm>