<mjloggm ver="2.3"><GO type="225" lobby="0"/><UN n0="%4B%2E%32%2E%4B%2E" n1="%E3%81%BF%E3%81%BF%E3%81%9A" n2="%E6%98%93%E5%88%A9%E8%96%A9%E4%BC%AF" n3="%E5%B8%86%E7%AB%8B%E5%A4%8F%E8%A1%A3" dan="17,18,16,17" rate="2176.80,2247.90,2138.84,2140.83" sx="M,M,F,M"/><TAIKYOKU oya="0"/><INIT seed="0,0,0,0,2,21" ten="250,250,250,250" oya="0" hai0="110,35,59,29,37,6,49,22,96,24,128,87,102" hai1="88,119,54,84,27,19,9,106,55,5,97,67,68" hai2="71,46,30,83,124,130,115,94,43,126,129,8,89" hai3="65,121,123,34,122,101,113,48,17,79,40,15,85"/><T76/><D37/><U7/><E119/><V70/><F83/><N who="3" m="47359" /><G113/><T80/><D128/><N who="2" m="49258" /><F8/><N who="3" m="6375" /><G34/><T13/><D110/><U33/><E67/><V12/><F12/><W117/><G117/><T135/><D135/><U112/><E68/><N who="2" m="26155" /><F30/><W78/><G78/><T11/><D35/><U23/><E112/><V3/><F3/><W0/><G0/><T72/><D72/><U44/><E33/><V105/><F105/><W63/><G101/><T127/><D127/><U82/><E44/><V125/><F115/><W58/><G48/><T50/><REACH who="0" step="1"/><D59/><REACH who="0" ten="240,250,250,250" step="2"/><U2/><REACH who="1" step="1"/><E5/><REACH who="1" ten="240,240,250,250" step="2"/><V134/><F134/><W4/><G4/><T75/><D75/><U95/><E95/><AGARI ba="0,2" hai="6,11,13,22,24,29,49,50,76,80,87,95,96,102" machi="95" ten="30,11600,0" yaku="1,1,7,1,8,1,52,1,53,0" doraHai="21" doraHaiUra="52" who="0" fromWho="1" sc="240,136,240,-116,250,0,250,0" /><INIT seed="0,1,0,5,4,47" ten="376,124,250,250" oya="0" hai0="113,132,104,10,99,109,126,83,28,6,115,63,73" hai1="71,76,59,60,118,85,98,122,94,120,97,9,70" hai2="134,34,54,128,29,30,135,96,105,100,42,58,48" hai3="21,86,117,40,127,80,91,5,4,43,81,46,51"/><T19/><D126/><U31/><E118/><V74/><F74/><W72/><G127/><T102/><D132/><N who="2" m="50730" /><F34/><W11/><G117/><T36/><D36/><U130/><E31/><N who="2" m="11787" /><F42/><W89/><G43/><T108/><D19/><U37/><E130/><AGARI ba="1,0" hai="48,54,58,96,100,105,128,130" m="11787,50730" machi="130" ten="30,2000,0" yaku="20,1,52,1" doraHai="47" who="2" fromWho="1" sc="376,0,124,-23,250,23,250,0" /><INIT seed="1,0,0,1,5,68" ten="376,101,273,250" oya="1" hai0="92,131,53,108,87,36,9,12,51,24,1,94,29" hai1="59,104,69,93,4,130,76,126,117,113,10,50,101" hai2="114,88,77,52,70,135,110,32,134,35,79,42,30" hai3="115,44,65,60,34,75,8,38,19,15,102,95,25"/><U118/><E113/><V119/><F119/><W17/><G115/><T13/><D36/><U37/><E69/><V47/><F70/><W61/><G75/><T90/><D1/><U82/><E104/><V85/><F110/><W129/><G129/><T127/><D108/><U7/><E130/><V74/><F114/><W86/><G34/><T123/><D131/><U20/><E37/><V40/><F40/><W83/><G65/><T26/><D127/><U45/><E126/><V81/><F52/><W55/><G95/><T96/><D29/><U62/><E20/><V46/><F46/><W5/><G102/><N who="0" m="60679" /><D123/><U57/><E118/><V78/><F74/><W58/><G61/><T133/><D133/><N who="2" m="50698" /><F30/><W84/><G25/><N who="0" m="9835" /><D9/><U54/><E117/><V14/><F14/><W103/><G103/><T6/><D6/><U11/><E11/><V125/><F125/><W124/><G124/><T132/><D132/><U39/><E39/><AGARI ba="0,0" hai="32,35,39,42,47,77,78,79,81,85,88" m="50698" machi="39" ten="30,3900,0" yaku="20,1,52,1,54,1" doraHai="68" who="2" fromWho="1" sc="376,0,101,-39,273,39,250,0" /><INIT seed="2,0,0,4,4,93" ten="376,62,312,250" oya="2" hai0="84,53,21,62,80,45,52,89,12,119,33,18,91" hai1="39,7,124,126,90,114,8,55,36,118,82,70,120" hai2="99,32,9,13,108,110,27,95,64,37,30,96,25" hai3="47,81,115,98,132,31,63,107,92,4,127,41,51"/><V131/><F37/><W101/><G127/><T85/><D33/><U17/><E118/><V0/><F0/><W134/><G115/><T128/><D128/><U125/><E120/><V102/><F131/><W16/><G4/><T100/><D119/><U76/><E114/><V46/><F64/><W133/><G31/><T35/><D35/><U129/><E70/><V103/><F46/><W78/><G63/><T122/><D122/><U28/><E129/><V67/><F67/><W26/><G26/><T10/><D100/><U34/><E17/><V23/><F9/><W44/><G44/><T14/><D62/><U54/><E90/><V104/><REACH who="2" step="1"/><F13/><REACH who="2" ten="376,62,302,250" step="2"/><W111/><G111/><T59/><D45/><U56/><E39/><V2/><F2/><W66/><G66/><T11/><D11/><U20/><E36/><V117/><F117/><W123/><G123/><T94/><D59/><U49/><E54/><V87/><F87/><W75/><REACH who="3" step="1"/><G16/><AGARI ba="0,1" hai="10,12,14,16,18,21,52,53,80,84,85,89,91,94" machi="16" ten="30,7700,0" yaku="7,1,8,1,54,2" doraHai="93" who="0" fromWho="3" sc="376,87,62,0,302,0,250,-77" /><AGARI ba="0,0" hai="16,23,25,27,30,32,95,96,99,102,103,104,108,110" machi="16" ten="40,12000,1" yaku="1,1,52,2,54,1,53,0" doraHai="93" doraHaiUra="113" who="2" fromWho="3" sc="463,0,62,0,302,120,173,-120" /><INIT seed="2,1,0,0,5,42" ten="463,62,422,53" oya="2" hai0="25,36,40,38,134,116,32,128,7,60,131,122,10" hai1="46,61,88,133,37,23,74,59,109,19,110,62,27" hai2="123,47,132,11,34,17,29,101,5,73,115,130,104" hai3="18,14,75,48,121,70,95,125,120,20,43,106,44"/><V99/><F115/><W85/><G106/><T105/><D122/><U2/><E133/><V94/><F123/><W114/><G114/><T21/><D32/><U77/><E2/><V58/><F132/><W79/><G70/><T117/><D134/><U8/><E8/><V135/><F135/><W22/><G125/><T96/><D60/><U126/><E126/><V86/><F73/><W93/><G75/><T92/><D105/><U9/><E9/><V50/><F130/><N who="0" m="49706" /><D40/><N who="1" m="22799" /><E88/><V129/><F58/><W83/><G120/><T119/><D92/><U39/><E39/><N who="0" m="14889" /><D96/><U6/><E61/><V57/><F57/><W113/><G113/><T81/><D81/><U90/><E59/><V52/><F129/><W1/><G1/><N who="0" m="367" /><D119/><U82/><E62/><V91/><F17/><AGARI ba="1,0" hai="17,21,25,116,117" m="367,14889,49706" machi="17" ten="30,1000,0" yaku="19,1" doraHai="42" who="0" fromWho="2" sc="463,13,62,0,422,-13,53,0" /><INIT seed="3,0,0,5,3,106" ten="476,62,409,53" oya="3" hai0="30,29,9,108,32,17,49,83,110,50,129,105,66" hai1="131,87,60,46,1,20,70,115,26,81,90,78,25" hai2="102,72,101,2,27,34,116,69,130,22,118,13,43" hai3="53,99,86,119,52,117,4,113,89,44,84,76,41"/><W57/><G113/><T121/><D121/><U64/><E115/><V65/><F43/><W103/><G117/><T127/><D105/><U93/><E131/><V58/><F69/><W31/><G119/><T8/><D127/><U39/><E1/><V88/><F130/><W109/><G109/><N who="0" m="42091" /><D129/><U73/><REACH who="1" step="1"/><E20/><REACH who="1" ten="476,52,409,53" step="2"/><V63/><F2/><W68/><G68/><T14/><D32/><U111/><E111/><V38/><F34/><W104/><G31/><T126/><D126/><U10/><E10/><V6/><F22/><W124/><G124/><T79/><D9/><U74/><E74/><V0/><F72/><W71/><G71/><T59/><D29/><U77/><E77/><V96/><F0/><W92/><G4/><T48/><D30/><U21/><E21/><V94/><F118/><W82/><REACH who="3" step="1"/><G57/><REACH who="3" ten="476,52,409,43" step="2"/><T61/><D59/><U91/><E91/><V97/><F116/><W55/><G55/><T54/><D54/><U37/><E37/><AGARI ba="0,2" hai="37,41,44,52,53,76,82,84,86,89,92,99,103,104" machi="37" ten="30,5800,0" yaku="1,1,7,1,54,1,53,0" doraHai="106" doraHaiUra="112" who="3" fromWho="1" sc="476,0,52,-58,409,0,43,78" owari="476,57.6,-6,-50.6,409,20.9,121,-27.9" /></mjloggm>