<mjloggm ver="2.3"><GO type="225" lobby="0"/><UN n0="%E3%83%81%E3%83%83%E3%82%BF%E3%82%BD%E3%83%BC" n1="%E3%81%95%E3%81%8D%E3%81%9F%E3%81%BE%E6%9E%97%E6%AA%8E" n2="%E3%83%96%E3%83%83%E3%83%91%E3%82%AA%E3%83%96%E3%83%81%E3%82%AD%E3%83%B3" n3="%72%65%6E%6B%75%6E" dan="16,16,17,17" rate="2189.17,2084.18,2180.49,2180.90" sx="F,M,M,M"/><TAIKYOKU oya="0"/><INIT seed="0,0,0,0,1,24" ten="250,250,250,250" oya="0" hai0="13,114,120,33,37,129,44,83,67,39,43,75,9" hai1="78,31,85,64,8,105,102,61,36,12,32,131,133" hai2="55,30,38,19,125,1,6,22,96,17,66,60,69" hai3="121,118,109,56,115,135,25,90,107,23,62,88,73"/><T77/><D129/><U111/><E111/><V27/><F125/><W99/><G115/><T3/><D114/><U91/><E36/><V16/><F38/><W5/><G118/><T14/><D120/><U76/><E131/><V82/><F55/><W21/><G121/><T98/><D37/><U57/><E133/><V93/><F82/><W97/><G73/><T71/><D98/><N who="3" m="37385" /><G107/><T40/><D40/><U51/><E105/><V113/><F113/><W20/><G109/><T63/><REACH who="0" step="1"/><D33/><REACH who="0" ten="240,250,250,250" step="2"/><U134/><E134/><V48/><F48/><W49/><G135/><T104/><D104/><U100/><E51/><V95/><REACH who="2" step="1"/><F96/><REACH who="2" ten="240,250,240,250" step="2"/><W124/><G124/><T11/><D11/><AGARI ba="0,2" hai="1,6,11,16,17,19,22,27,30,60,66,69,93,95" machi="11" ten="40,8000,1" yaku="1,1,2,1,52,1,54,1,53,0" doraHai="24" doraHaiUra="28" who="2" fromWho="0" sc="240,-80,250,0,240,100,250,0" /><INIT seed="1,0,0,3,1,11" ten="160,250,340,250" oya="1" hai0="103,39,78,89,21,93,88,71,125,124,108,53,82" hai1="106,49,62,117,127,111,77,17,25,118,97,73,129" hai2="58,113,44,41,13,10,75,31,119,18,37,27,94" hai3="40,122,110,50,126,36,5,51,2,123,34,55,95"/><U20/><E127/><N who="0" m="48713" /><D39/><U9/><E129/><V72/><F113/><W35/><G95/><T132/><D71/><U47/><E73/><V65/><F119/><W16/><G126/><T67/><D67/><U70/><E77/><V23/><REACH who="2" step="1"/><F94/><REACH who="2" ten="160,250,330,250" step="2"/><W69/><G122/><T84/><D108/><U56/><E111/><V114/><F114/><W42/><G110/><T100/><D53/><U28/><E118/><V79/><F79/><W87/><G55/><T43/><D43/><N who="1" m="24831" /><E117/><V133/><F133/><W130/><G123/><T22/><D132/><U81/><E106/><V26/><F26/><W134/><G134/><T85/><D78/><U45/><E25/><V120/><F120/><W7/><G130/><T6/><D6/><U60/><E81/><V104/><F104/><W102/><G7/><T46/><D46/><U80/><E45/><V19/><F19/><W105/><G5/><T38/><D38/><U64/><E17/><V57/><F57/><W121/><G36/><T112/><D112/><U52/><E80/><V116/><F116/><W98/><G121/><T33/><D33/><U24/><E52/><V8/><F8/><W96/><G40/><T0/><D0/><U54/><E9/><V61/><AGARI ba="0,1" hai="10,13,18,23,27,31,37,41,44,58,61,65,72,75" machi="61" ten="30,4000,0" yaku="1,1,0,1,52,1,53,0" doraHai="11" doraHaiUra="83" who="2" fromWho="2" sc="160,-10,250,-20,330,50,250,-10" /><INIT seed="2,0,0,5,0,108" ten="150,230,380,240" oya="2" hai0="118,111,113,31,40,55,0,131,67,128,50,84,25" hai1="82,126,22,83,1,122,75,80,94,24,29,32,86" hai2="2,5,21,27,104,120,57,121,45,130,68,99,109" hai3="43,53,19,18,10,132,14,23,127,6,105,100,17"/><V59/><F68/><W70/><G70/><T115/><D118/><U36/><E36/><V114/><F130/><N who="0" m="49706" /><D111/><U34/><E1/><V81/><F109/><W58/><G127/><T37/><D0/><U125/><E122/><V38/><F81/><W135/><G43/><T8/><D8/><U46/><E75/><V87/><F87/><W30/><G105/><T52/><D67/><U93/><E46/><V12/><F59/><W3/><G100/><T124/><D124/><N who="1" m="47723" /><E86/><V41/><F57/><W89/><G89/><T85/><D37/><U79/><E79/><V63/><F2/><W90/><G90/><T112/><D40/><U119/><E119/><V64/><F45/><W42/><G42/><T11/><D11/><U48/><E48/><V103/><F41/><W7/><G7/><T117/><D117/><U74/><E74/><V4/><F5/><W13/><G58/><N who="0" m="33047" /><D55/><U88/><E88/><V101/><F38/><W102/><G102/><T60/><D60/><U56/><E56/><V106/><F63/><W28/><G53/><T76/><D76/><U47/><E47/><V107/><F103/><W15/><REACH who="3" step="1"/><G23/><AGARI ba="0,0" hai="23,25,31,84,85,112,113,115" m="33047,49706" machi="23" ten="40,8000,1" yaku="19,1,52,3,54,1" doraHai="108" who="0" fromWho="3" sc="150,80,230,0,380,0,240,-80" /><INIT seed="3,0,0,3,3,3" ten="230,230,380,160" oya="3" hai0="33,100,110,1,23,89,46,34,82,38,19,54,85" hai1="24,21,49,35,114,31,59,55,26,118,58,130,53" hai2="133,97,11,75,6,18,69,111,102,8,101,43,99" hai3="51,127,128,84,2,115,126,15,65,73,48,103,93"/><W109/><G2/><T57/><D110/><U42/><E114/><V112/><F112/><W64/><G73/><T134/><D134/><U131/><E118/><V74/><F69/><W44/><G115/><T28/><D1/><U5/><E5/><V63/><F63/><W79/><G109/><T66/><D100/><U76/><E76/><V105/><F111/><W94/><G128/><N who="1" m="49194" /><E42/><V27/><F133/><W62/><G15/><T61/><D28/><N who="1" m="19847" /><E55/><V72/><F43/><N who="3" m="24607" /><G51/><T113/><D113/><U60/><E60/><V107/><F6/><W56/><G103/><T13/><D38/><U71/><E71/><V81/><F74/><W92/><G126/><T78/><D78/><U91/><E91/><V90/><F75/><W50/><G50/><T68/><D46/><AGARI ba="0,0" hai="21,26,31,46,49,53,58,59" m="19847,49194" machi="46" ten="30,1000,0" yaku="19,1" doraHai="3" who="1" fromWho="0" sc="230,-10,230,10,380,0,160,0" owari="220,-18.0,240,4.0,380,48.0,160,-34.0" /></mjloggm>