<mjloggm ver="2.3"><GO type="225" lobby="0"/><UN n0="%E6%80%AA%E3%81%97%E3%81%99%E3%81%8E%E3%82%8B%E3%83%81%E3%83%BC" n1="%E3%81%95%E3%81%8D%E3%81%9F%E3%81%BE%E6%9E%97%E6%AA%8E" n2="%E5%B8%86%E7%AB%8B%E5%A4%8F%E8%A1%A3" n3="%E3%83%B4%E3%83%A0%EF%BC%99%E3%81%A6" dan="16,16,17,17" rate="2072.94,2087.50,2184.20,2143.98" sx="M,M,M,M"/><TAIKYOKU oya="0"/><INIT seed="0,0,0,2,5,11" ten="250,250,250,250" oya="0" hai0="3,2,135,52,5,99,88,97,119,45,77,78,84" hai1="15,55,113,43,105,26,92,123,13,6,125,40,102" hai2="93,120,56,118,98,107,116,87,122,62,130,68,51" hai3="115,89,17,80,8,18,114,73,60,42,108,94,28"/><T65/><D119/><N who="2" m="45610" /><F130/><W72/><G108/><T30/><D135/><U85/><E123/><N who="2" m="47147" /><F87/><W82/><G28/><T7/><D65/><U16/><E113/><V127/><F107/><W134/><G42/><T19/><D30/><U64/><E125/><V63/><F127/><W121/><G60/><N who="2" m="23081" /><F93/><W22/><G94/><N who="0" m="54535" /><D3/><U129/><E129/><V29/><F98/><N who="0" m="37386" /><D2/><U91/><E105/><V74/><F74/><W132/><G72/><T131/><D131/><U76/><E76/><N who="0" m="29289" /><D19/><U128/><E128/><V112/><F29/><W61/><G73/><T67/><D67/><U54/><E64/><V90/><F90/><W1/><G89/><T36/><D36/><U23/><E102/><V83/><F83/><W31/><G80/><T71/><D71/><U104/><E104/><V66/><F112/><W10/><G82/><T32/><D32/><U111/><E111/><V53/><F66/><W86/><G31/><T14/><D14/><N who="1" m="5131" /><E6/><V57/><F68/><W27/><G121/><T44/><D52/><AGARI ba="0,0" hai="16,23,26,40,43,52,54,55,85,91,92" m="5131" machi="52" ten="30,12000,2" yaku="8,1,52,3,54,2" doraHai="11" who="1" fromWho="0" sc="250,-120,250,120,250,0,250,0" /><INIT seed="1,0,0,5,5,48" ten="130,370,250,250" oya="1" hai0="55,125,121,4,124,128,132,75,88,103,50,106,97" hai1="3,59,84,85,118,56,2,68,0,66,100,72,57" hai2="83,70,98,18,49,87,39,131,111,20,30,7,60" hai3="105,86,22,19,96,16,69,52,77,117,120,35,101"/><U79/><E118/><V71/><F39/><W113/><G35/><T78/><D121/><U110/><E110/><V46/><F111/><W108/><G120/><T63/><D128/><U29/><E29/><V122/><F131/><W15/><G108/><T28/><D132/><U76/><E100/><V31/><F122/><W14/><G113/><T129/><D129/><U9/><E9/><V27/><F7/><W93/><G69/><T40/><D28/><U10/><E10/><V12/><F98/><W119/><G105/><T5/><D63/><U116/><E116/><N who="3" m="44618" /><G86/><N who="1" m="33386" /><E72/><V37/><F37/><W32/><G77/><N who="1" m="29770" /><E66/><V67/><F71/><AGARI ba="0,0" hai="0,2,3,56,57,59,68,71" m="29770,33386" machi="71" ten="40,3900,0" yaku="28,2" doraHai="48" who="1" fromWho="2" sc="130,0,370,39,250,-39,250,0" /><INIT seed="1,1,0,0,2,71" ten="130,409,211,250" oya="1" hai0="130,73,131,60,35,2,53,122,90,125,12,117,81" hai1="70,38,105,17,118,14,135,106,134,23,63,124,29" hai2="3,86,66,98,21,9,28,127,32,115,74,58,5" hai3="65,39,91,128,76,121,107,52,50,36,40,22,10"/><U31/><E118/><V129/><F74/><W26/><G121/><T109/><D2/><U72/><E72/><V37/><F37/><W0/><G107/><T33/><D117/><U51/><E51/><V77/><F32/><W11/><G40/><T116/><D116/><U82/><E82/><V85/><F127/><W114/><G114/><T110/><D125/><U92/><E124/><V24/><F129/><N who="0" m="49162" /><D122/><U119/><E119/><V27/><F77/><W68/><G128/><T101/><D101/><U83/><E38/><V41/><F41/><W113/><G113/><T104/><D104/><U34/><E34/><N who="0" m="12809" /><D12/><U6/><E14/><V13/><F115/><W93/><G76/><N who="0" m="44175" /><D90/><U94/><E106/><V102/><F3/><W123/><G123/><T18/><D18/><U16/><E17/><V20/><F102/><W62/><G0/><T55/><D60/><U99/><E105/><V120/><F120/><W57/><G10/><T61/><D61/><U43/><E63/><N who="2" m="38263" /><F98/><W96/><G11/><T132/><D132/><U44/><E99/><V47/><F86/><W95/><G95/><T7/><D7/><U103/><E94/><V59/><F85/><W97/><G96/><T15/><D15/><N who="1" m="9631" /><E92/><V67/><F27/><W54/><G54/><AGARI ba="1,0" hai="53,54,55,109,110" m="44175,12809,49162" machi="54" ten="40,1300,0" yaku="19,1" doraHai="71" who="0" fromWho="3" sc="130,16,409,0,211,0,250,-16" /><INIT seed="2,0,0,0,2,6" ten="146,409,211,234" oya="2" hai0="55,65,91,107,54,57,39,16,37,10,88,48,111" hai1="123,122,110,14,22,67,38,134,61,74,101,13,130" hai2="59,79,133,50,117,89,92,60,129,4,128,31,82" hai3="34,64,135,119,104,132,56,25,85,23,63,53,26"/><V58/><F117/><W105/><G119/><T96/><D111/><U95/><E110/><V72/><F133/><N who="3" m="51275" /><G34/><T75/><D75/><U86/><E130/><N who="2" m="50283" /><F31/><N who="3" m="17855" /><G26/><T120/><D120/><U78/><E74/><V18/><F4/><W41/><G41/><T40/><D65/><U76/><E38/><V121/><F121/><W124/><G124/><T11/><D40/><U109/><E109/><V113/><F113/><W45/><G85/><T103/><D55/><U98/><E134/><V17/><F50/><AGARI ba="0,0" hai="45,50,53,56,63,64,104,105" m="17855,51275" machi="50" ten="30,1000,0" yaku="20,1" doraHai="6" who="3" fromWho="2" sc="146,0,409,0,211,-10,234,10" /><INIT seed="3,0,0,2,1,48" ten="146,409,201,244" oya="3" hai0="28,68,75,111,3,108,69,27,6,56,83,1,104" hai1="91,39,130,112,0,10,123,73,51,97,23,92,59" hai2="11,105,98,62,94,90,72,128,26,129,16,7,110" hai3="31,116,89,122,49,30,85,120,70,60,47,65,15"/><W84/><G116/><T13/><D104/><U12/><E39/><V37/><F37/><W96/><G96/><T46/><D46/><U79/><E0/><N who="0" m="73" /><D83/><U95/><E112/><V81/><F62/><W9/><G120/><T14/><D75/><U102/><E130/><N who="2" m="50283" /><F110/><N who="0" m="42026" /><D68/><U134/><E123/><V99/><F7/><W101/><G101/><T114/><D69/><U50/><E134/><V5/><F5/><W19/><G122/><T74/><D74/><U125/><E73/><V41/><F41/><W54/><G84/><T71/><D71/><U115/><E79/><N who="2" m="44263" /><F11/><W4/><G4/><T34/><D56/><U124/><E59/><V131/><F131/><W118/><G118/><T109/><N who="0" m="42034" /><T119/><DORA hai="121" /><D119/><U127/><E95/><AGARI ba="0,0" hai="9,15,19,30,31,47,49,54,60,65,70,85,89,95" machi="95" ten="30,2900,0" yaku="7,1,52,1" doraHai="48,121" who="3" fromWho="1" sc="146,0,409,-29,201,0,244,29" /><INIT seed="3,1,0,1,5,103" ten="146,380,201,273" oya="3" hai0="32,96,43,39,17,73,108,20,7,12,36,126,120" hai1="106,51,25,130,100,80,98,88,2,68,112,76,97" hai2="111,94,105,93,0,67,44,60,30,64,125,77,83" hai3="109,22,91,92,65,63,132,46,85,49,10,117,55"/><W8/><G117/><T123/><D73/><U82/><E68/><V42/><F105/><W104/><G132/><T62/><D62/><U134/><E134/><V133/><F0/><W57/><G109/><T86/><D108/><U121/><E121/><V66/><F125/><W84/><G104/><T118/><D118/><U114/><E130/><V21/><F111/><W129/><G129/><T59/><D126/><U89/><E2/><V79/><F60/><W24/><REACH who="3" step="1"/><G84/><REACH who="3" ten="146,380,201,263" step="2"/><T45/><D86/><N who="1" m="50247" /><E114/><V56/><F133/><W11/><G11/><T70/><D120/><U16/><E112/><V19/><F67/><W116/><G116/><T29/><D123/><U9/><E106/><V35/><F66/><W87/><G87/><T122/><D122/><U50/><E9/><V135/><F64/><W115/><G115/><T131/><D131/><U101/><E98/><V6/><F135/><W48/><G48/><T72/><D96/><U71/><E51/><V95/><F95/><W14/><G14/><T31/><D72/><U54/><E97/><V23/><F94/><W127/><G127/><T75/><D75/><U52/><E50/><V13/><F93/><W18/><AGARI ba="1,1" hai="8,10,18,22,24,46,49,55,57,63,65,85,91,92" machi="18" ten="20,7800,0" yaku="1,1,0,1,7,1,8,1,53,0" doraHai="103" doraHaiUra="78" who="3" fromWho="3" sc="146,-27,380,-27,201,-27,263,91" owari="119,-38.1,353,15.3,174,-22.6,354,45.4" /></mjloggm>