<mjloggm ver="2.3"><GO type="225" lobby="0"/><UN n0="%E3%82%AF%E3%82%A3%E3%82%A6" n1="%6C%65%74%69%74%62%65" n2="%E4%BC%8A%E9%81%94%E6%9C%B1%E9%87%8C%E7%B4%97" n3="%E5%A4%8F%E9%88%B4%E9%88%B4%E5%A4%8F" dan="16,16,16,16" rate="2054.98,2115.76,2137.35,2074.37" sx="M,M,F,F"/><TAIKYOKU oya="0"/><INIT seed="0,0,0,5,1,108" ten="250,250,250,250" oya="0" hai0="23,66,4,12,52,94,57,3,111,91,104,89,125" hai1="102,115,93,74,5,34,106,69,84,82,77,60,126" hai2="62,42,55,26,103,67,75,99,37,21,98,86,24" hai3="43,119,100,70,27,132,79,64,40,130,56,39,114"/><T76/><D104/><U127/><E5/><V109/><F109/><W28/><G119/><T30/><D111/><U71/><E34/><V97/><F75/><W122/><G130/><T73/><D125/><N who="1" m="47627" /><E60/><V53/><F86/><W92/><G132/><T15/><D3/><U68/><E93/><V48/><F37/><W6/><G122/><T35/><D35/><U58/><E58/><V80/><F80/><W19/><G70/><T14/><D66/><U134/><E134/><V50/><F103/><W117/><G117/><T135/><D135/><U49/><E49/><V44/><F21/><W81/><G19/><T128/><D128/><U72/><E115/><V22/><F22/><W83/><G39/><T10/><D73/><U101/><E101/><V133/><F133/><W18/><G18/><T105/><D105/><U47/><E47/><V116/><F116/><W61/><G6/><T112/><D112/><U46/><E46/><V9/><F9/><W51/><G51/><N who="0" m="30879" /><D76/><U54/><E54/><V113/><F113/><W29/><G114/><T110/><D110/><U129/><E129/><V36/><F36/><W0/><G0/><T121/><D121/><U33/><E33/><V123/><F123/><W95/><G100/><T65/><D65/><U118/><E118/><V13/><F53/><W45/><G79/><T8/><D94/><N who="3" m="35881" /><G45/><T32/><D32/><U131/><E131/><V63/><F63/><W124/><G124/><T88/><D4/><U85/><E72/><V25/><F62/><W7/><G7/><T38/><D38/><U31/><E31/><N who="3" m="11850" /><G27/><AGARI ba="0,0" hai="8,10,12,14,15,23,27,30,88,89,91" m="30879" machi="27" ten="30,5800,0" yaku="8,1,54,2" doraHai="108" who="0" fromWho="3" sc="250,58,250,0,250,0,250,-58" /><INIT seed="0,1,0,1,5,14" ten="308,250,250,192" oya="0" hai0="47,72,84,92,28,49,48,94,64,116,107,89,12" hai1="91,7,34,4,63,50,80,134,45,30,100,88,135" hai2="56,39,75,53,82,98,42,110,112,128,76,46,102" hai3="21,57,83,29,36,77,122,66,121,87,0,130,1"/><T19/><D107/><U5/><E100/><V61/><F110/><W11/><G36/><T133/><D72/><U16/><E63/><V3/><F112/><W65/><G57/><T115/><D115/><U51/><E34/><V24/><F128/><W35/><G35/><T127/><D116/><U95/><E30/><V22/><F3/><N who="3" m="1099" /><G11/><T97/><D127/><U60/><E60/><V54/><F54/><W124/><G124/><T37/><D133/><U123/><E123/><N who="3" m="47114" /><G130/><T23/><D64/><U33/><E33/><V59/><F59/><W111/><G111/><T120/><D120/><U74/><E45/><V2/><F2/><W126/><G126/><T55/><D28/><U70/><E70/><V26/><F22/><W132/><G132/><T113/><D113/><U31/><E134/><V43/><F43/><W15/><G29/><T27/><D37/><U118/><E31/><V8/><F8/><W131/><G131/><T18/><D49/><U6/><E118/><V20/><F20/><W117/><G117/><T125/><D125/><U62/><E62/><V32/><F32/><W81/><G81/><N who="0" m="49295" /><D97/><N who="1" m="57575" /><E50/><V71/><F71/><W129/><G129/><T114/><D114/><U41/><E51/><V67/><F67/><W52/><G52/><T68/><D68/><U10/><E41/><V101/><F98/><W78/><G78/><T38/><D38/><U58/><E135/><V106/><F106/><W96/><G96/><T79/><D79/><N who="1" m="44151" /><E58/><V99/><F99/><W90/><G77/><T108/><D108/><U85/><N who="1" m="1024" /><DORA hai="13" /><U44/><E44/><V40/><F40/><RYUUKYOKU ba="1,0" sc="308,10,250,-30,250,10,192,10" hai0="12,18,19,23,27,47,48,55,92,94" hai2="24,26,39,42,46,53,56,61,75,76,82,101,102" hai3="15,21,65,66,83,87,90" /><INIT seed="0,2,0,0,4,100" ten="318,220,260,202" oya="0" hai0="99,4,18,64,121,106,67,56,69,21,31,19,1" hai1="6,84,27,111,80,62,128,38,42,24,78,75,37" hai2="66,74,45,127,60,116,44,73,83,59,33,10,90" hai3="93,105,48,104,0,88,12,112,46,9,29,16,120"/><T15/><D121/><U47/><E111/><V63/><F33/><W50/><G112/><T5/><D69/><U110/><E110/><V51/><F116/><W72/><G72/><T129/><D129/><U134/><E128/><V52/><F127/><W68/><G120/><T54/><D1/><U23/><E134/><V82/><F10/><W94/><G68/><T132/><D132/><U58/><E6/><V92/><F74/><W11/><G29/><T40/><D40/><U98/><E98/><V117/><F117/><W86/><G94/><T118/><D118/><U22/><E75/><V41/><F73/><W89/><G89/><T14/><D31/><U124/><E37/><V43/><F43/><W133/><G133/><T8/><D67/><U36/><E36/><V87/><REACH who="2" step="1"/><F44/><REACH who="2" ten="318,220,250,202" step="2"/><W35/><G35/><T131/><D131/><U70/><E47/><V126/><F126/><W81/><G81/><T76/><D8/><U61/><E42/><V85/><F85/><W97/><G46/><T130/><D130/><U107/><E80/><V49/><F49/><W101/><REACH who="3" step="1"/><G105/><REACH who="3" ten="318,220,250,192" step="2"/><T71/><D106/><U103/><E107/><V39/><F39/><W34/><G34/><T122/><D122/><U20/><E38/><V28/><F28/><W115/><G115/><T109/><D109/><U30/><E30/><V96/><F96/><W123/><G123/><T53/><D99/><U25/><E124/><V65/><F65/><W77/><G77/><T7/><D76/><U119/><E78/><V108/><F108/><W91/><G91/><T114/><D114/><U57/><E119/><RYUUKYOKU ba="2,2" sc="318,-15,220,-15,250,15,192,15" hai2="41,45,51,52,59,60,63,66,82,83,87,90,92" hai3="0,9,11,12,16,48,50,86,88,93,97,101,104" /><INIT seed="1,3,2,0,4,96" ten="303,205,265,207" oya="1" hai0="76,130,102,129,64,61,8,133,125,88,1,119,62" hai1="91,66,72,67,131,120,45,55,71,100,5,93,3" hai2="79,73,34,127,118,58,86,50,103,92,59,70,19" hai3="47,32,0,122,126,56,110,97,39,17,9,134,16"/><U109/><E120/><V69/><F118/><W41/><G122/><T63/><D119/><U82/><E131/><N who="0" m="50185" /><D125/><U89/><E71/><V33/><F19/><W48/><G110/><T30/><D133/><U80/><E3/><V25/><F50/><W111/><G126/><T24/><D76/><U135/><E5/><V37/><F37/><W104/><G111/><T49/><D49/><N who="1" m="29103" /><E72/><V27/><F79/><W99/><G134/><T81/><D102/><U94/><E135/><V20/><F20/><W124/><G32/><N who="0" m="20551" /><D8/><U43/><E43/><V57/><F127/><W101/><G124/><T95/><D81/><N who="1" m="31339" /><E109/><V83/><F73/><W90/><G9/><T26/><D26/><U117/><E100/><V107/><F25/><W74/><G74/><T78/><D78/><U115/><E115/><V18/><F33/><W60/><G39/><T31/><D31/><U14/><E14/><V42/><F34/><W40/><G41/><T29/><D29/><U44/><E117/><V28/><F42/><W132/><G0/><T35/><D35/><U52/><E89/><V75/><F28/><W51/><G132/><T113/><D113/><U38/><E38/><V121/><F121/><W6/><G6/><T21/><D1/><U53/><E91/><N who="2" m="53367" /><F75/><W10/><G10/><T112/><D21/><U87/><E44/><V106/><F103/><W128/><G128/><T65/><D112/><U46/><E46/><V4/><F4/><W36/><G36/><T2/><D2/><U22/><E22/><N who="2" m="13783" /><F83/><W13/><G90/><T11/><D11/><U68/><E87/><AGARI ba="3,2" hai="61,62,63,64,65,87,88,95" m="20551,50185" machi="87" ten="30,2000,0" yaku="19,1,54,1" doraHai="96" who="0" fromWho="1" sc="303,49,205,-29,265,0,207,0" /><INIT seed="2,0,0,2,4,31" ten="352,176,265,207" oya="2" hai0="91,84,43,8,80,60,64,35,129,66,81,38,4" hai1="22,57,15,78,59,89,56,69,130,106,131,68,98" hai2="0,52,67,102,126,113,99,115,72,96,122,40,12" hai3="123,107,24,21,118,28,46,42,51,26,70,19,133"/><V55/><F122/><W100/><G123/><T76/><D129/><N who="1" m="49163" /><E78/><V132/><F0/><W75/><G118/><T83/><D35/><U128/><N who="1" m="49171" /><U1/><DORA hai="74" /><E1/><V2/><F2/><W85/><G133/><T82/><D38/><U65/><E65/><V44/><F67/><W111/><G111/><T7/><D43/><U45/><E45/><V97/><F102/><W34/><G70/><N who="1" m="27242" /><E106/><V6/><F72/><W54/><G75/><T93/><D66/><U101/><E101/><V47/><F132/><W71/><G71/><T16/><D76/><U120/><E120/><V104/><F104/><W41/><REACH who="3" step="1"/><G85/><REACH who="3" ten="352,176,265,197" step="2"/><T20/><D84/><U37/><E37/><V10/><F115/><W92/><G92/><T103/><D93/><N who="1" m="56623" /><E59/><V117/><F113/><W119/><G119/><T77/><D77/><U116/><E116/><V109/><F117/><W27/><G27/><T53/><D91/><U134/><E134/><V33/><F109/><W29/><G29/><T3/><D103/><U86/><E86/><V49/><F44/><W108/><G108/><T127/><D4/><U73/><E73/><V36/><F47/><W110/><G110/><T61/><D64/><U135/><E135/><V5/><F6/><W62/><G62/><T9/><D61/><U50/><E50/><V105/><F49/><W17/><G17/><AGARI ba="0,1" hai="15,17,22,56,57" m="56623,27242,49171" machi="17" ten="50,1600,0" yaku="19,1" doraHai="31,74" who="1" fromWho="3" sc="352,0,176,26,265,0,197,-16" /><INIT seed="3,0,0,0,4,121" ten="352,202,265,181" oya="3" hai0="94,8,32,58,87,122,6,38,21,40,99,104,119" hai1="31,103,28,83,130,60,12,133,69,24,112,27,89" hai2="0,114,128,111,101,78,88,131,37,92,86,102,53" hai3="7,63,108,72,51,29,52,110,1,4,85,74,107"/><W115/><G107/><T55/><D119/><U82/><E112/><V113/><F37/><W61/><G115/><N who="2" m="44041" /><F0/><W75/><G29/><T73/><D32/><U33/><E103/><V79/><F53/><W66/><G85/><T124/><D55/><U134/><E12/><V59/><F59/><N who="3" m="33183" /><G1/><T67/><D58/><U18/><E18/><V76/><F111/><N who="3" m="42539" /><G63/><T43/><D87/><U106/><E106/><V118/><F118/><W11/><G11/><T120/><D8/><U13/><E130/><AGARI ba="0,0" hai="76,78,79,86,88,92,101,102,128,130,131" m="44041" machi="130" ten="40,8000,1" yaku="19,1,34,2,54,1" doraHai="121" who="2" fromWho="1" sc="352,0,202,-80,265,80,181,0" owari="352,45.2,122,-37.8,345,14.5,181,-21.9" /></mjloggm>