<mjloggm ver="2.3"><GO type="225" lobby="0"/><UN n0="%EF%BC%AE%EF%BC%A1%EF%BC%AF%33%33%39" n1="%70%68%65%6E%6F%6D%65" n2="%E5%91%A8%E6%9D%B1" n3="%E3%81%BF%E3%81%BF%E3%81%9A" dan="16,16,16,17" rate="2127.32,2166.67,2146.85,2217.95" sx="M,M,M,M"/><TAIKYOKU oya="0"/><INIT seed="0,0,0,4,1,78" ten="250,250,250,250" oya="0" hai0="52,49,34,23,77,104,79,71,6,21,3,110,60" hai1="82,37,26,124,19,9,123,57,67,98,119,2,48" hai2="106,43,112,122,128,84,44,54,36,50,129,16,100" hai3="92,126,76,63,45,55,88,83,125,30,4,27,95"/><T5/><D34/><U75/><E123/><V131/><F122/><W107/><G107/><T113/><D104/><U72/><E37/><V47/><F112/><W14/><G4/><T133/><D113/><U13/><E119/><V70/><F70/><W91/><G14/><T111/><D133/><U11/><E124/><N who="3" m="47722" /><G63/><T0/><D60/><U103/><E26/><V31/><F31/><W65/><G65/><T39/><D39/><U53/><E67/><V99/><F84/><N who="3" m="48231" /><G55/><T56/><D71/><U12/><E2/><V97/><F97/><W32/><G45/><T10/><D5/><U51/><E82/><V40/><F54/><W58/><G58/><T135/><D135/><U17/><REACH who="1" step="1"/><E51/><REACH who="1" ten="250,240,250,250" step="2"/><V35/><F35/><W130/><G130/><T109/><D3/><U73/><E73/><V28/><F28/><W81/><G91/><T7/><D79/><U85/><E85/><AGARI ba="0,1" hai="27,30,32,81,85,88,92,95" m="48231,47722" machi="85" ten="30,7700,0" yaku="18,1,52,2,54,1" doraHai="78" who="3" fromWho="1" sc="250,0,240,-77,250,0,250,87" /><INIT seed="1,0,0,3,2,103" ten="250,163,250,337" oya="1" hai0="72,105,102,35,53,126,116,108,93,87,85,22,68" hai1="134,110,36,21,52,12,34,119,7,88,129,39,82" hai2="28,90,81,16,43,38,45,115,73,10,49,30,117" hai3="55,32,66,40,111,118,58,100,104,122,6,61,17"/><U23/><E119/><V56/><F115/><W71/><G122/><T101/><D35/><U120/><E34/><V24/><F117/><W83/><G118/><T64/><D116/><U33/><E120/><V80/><F73/><W75/><G111/><T46/><D72/><U79/><E33/><V8/><F38/><W78/><G6/><T26/><D64/><U84/><E110/><V92/><F56/><W98/><G17/><T91/><D68/><U27/><E129/><V14/><F8/><W133/><G133/><T123/><D123/><U18/><E134/><V59/><F59/><W69/><G40/><T4/><D4/><U47/><E79/><V25/><F24/><W2/><G2/><T31/><D105/><U95/><E82/><N who="2" m="31851" /><F25/><W74/><G74/><T131/><D131/><U63/><E7/><V99/><AGARI ba="0,0" hai="10,14,16,28,30,43,45,49,90,92,99" m="31851" machi="99" ten="30,2000,0" yaku="8,1,54,1" doraHai="103" who="2" fromWho="2" sc="250,-5,163,-10,250,20,337,-5" /><INIT seed="2,0,0,1,1,29" ten="245,153,270,332" oya="2" hai0="77,65,26,14,68,72,106,10,103,100,21,111,66" hai1="74,16,105,38,122,7,87,2,131,80,56,130,20" hai2="36,126,67,82,64,13,107,117,60,90,134,32,113" hai3="12,33,28,23,57,123,40,54,93,73,24,52,46"/><V97/><F117/><W110/><G123/><T78/><D111/><U27/><E122/><V62/><F113/><W127/><G110/><T44/><D44/><U4/><E74/><V6/><F36/><W45/><G127/><T3/><D3/><U25/><E38/><V63/><F126/><W118/><G73/><T132/><D132/><U48/><E105/><V59/><F134/><W85/><G118/><T115/><D115/><U76/><E25/><V50/><F32/><W34/><G12/><T18/><D68/><U120/><E120/><V31/><F31/><W128/><G128/><T37/><D37/><U124/><E124/><V109/><F109/><W61/><G54/><T39/><D39/><U133/><E133/><V84/><F97/><W9/><G9/><T86/><D72/><U91/><E2/><V41/><F107/><W17/><G40/><T95/><D106/><U102/><E102/><N who="0" m="38953" /><D95/><U43/><E91/><V5/><F13/><W92/><G92/><T112/><D112/><U94/><E94/><V89/><F89/><W116/><G116/><T47/><D47/><N who="1" m="25727" /><E56/><N who="2" m="36871" /><F63/><W88/><G33/><T8/><D8/><U71/><E71/><V35/><F35/><W114/><REACH who="3" step="1"/><G114/><REACH who="3" ten="245,153,270,322" step="2"/><T83/><D66/><U96/><E96/><V81/><F41/><W79/><G79/><N who="0" m="46463" /><D65/><U125/><E125/><V119/><F119/><W99/><G99/><T121/><D121/><U53/><E53/><N who="2" m="32183" /><F82/><W70/><G70/><T75/><D75/><U58/><E58/><V42/><F42/><W135/><G135/><T0/><D0/><U22/><E20/><V108/><F108/><RYUUKYOKU ba="0,1" sc="245,0,153,0,270,0,322,0" hai0="10,14,18,21,26,77,78" hai1="4,7,16,22,27,76,80,87,130,131" hai2="5,6,62,67,81,84,90" hai3="17,23,24,28,34,45,46,52,57,61,85,88,93" /><INIT seed="2,1,1,0,0,91" ten="245,153,270,322" oya="2" hai0="114,110,31,11,42,82,112,129,73,133,92,117,79" hai1="62,108,22,70,2,27,46,80,25,115,64,4,21" hai2="132,10,56,119,95,125,111,134,68,74,69,109,122" hai3="29,83,135,12,32,123,84,98,101,51,55,38,81"/><V17/><F122/><W75/><G38/><T24/><D42/><U19/><E108/><N who="2" m="41547" /><F119/><W93/><G123/><T124/><D110/><U6/><E115/><V72/><F56/><W130/><G135/><N who="2" m="51753" /><F125/><W106/><G130/><T28/><D133/><U85/><E46/><V30/><F30/><W23/><G32/><T66/><D66/><U13/><E2/><V100/><F10/><W116/><G116/><T87/><D117/><U58/><E70/><N who="2" m="27243" /><F17/><W76/><G29/><T9/><D31/><U45/><E45/><V18/><F18/><W47/><G12/><T37/><D124/><U77/><REACH who="1" step="1"/><E13/><REACH who="1" ten="245,143,270,322" step="2"/><V60/><F60/><W53/><G47/><T90/><D114/><U102/><E102/><V34/><F34/><W127/><G101/><T3/><D112/><U86/><E86/><V107/><F107/><W54/><G84/><T99/><D87/><U16/><AGARI ba="1,2" hai="4,6,16,19,21,22,25,27,58,62,64,77,80,85" machi="16" ten="20,12000,2" yaku="1,1,0,1,7,1,9,1,8,1,54,1,53,0" doraHai="91" doraHaiUra="104" who="1" fromWho="1" sc="245,-31,143,143,270,-61,322,-31" /><INIT seed="3,0,0,0,3,86" ten="214,286,209,291" oya="3" hai0="94,81,38,119,0,24,28,100,42,4,32,41,89" hai1="109,54,80,33,101,130,125,49,103,11,17,1,83" hai2="126,13,85,75,79,107,134,133,12,106,66,76,27" hai3="128,53,93,19,69,57,105,95,45,48,20,65,29"/><W78/><G105/><N who="2" m="39945" /><F126/><W7/><G128/><T18/><D119/><U113/><E109/><V43/><F43/><W37/><G78/><N who="2" m="29737" /><F75/><W67/><G7/><T73/><D100/><N who="1" m="38475" /><E33/><V60/><F85/><W92/><G29/><T117/><D117/><U74/><E1/><V62/><F27/><N who="3" m="14751" /><G69/><T44/><D42/><U46/><E113/><V123/><F123/><W110/><G110/><T30/><D30/><U47/><E74/><V64/><F64/><N who="3" m="24651" /><G37/><T87/><D73/><U52/><E125/><V34/><F34/><W88/><G45/><N who="1" m="16906" /><E130/><V9/><F66/><W15/><G15/><N who="2" m="5705" /><F9/><W129/><G129/><T115/><D115/><U97/><E11/><V90/><F90/><AGARI ba="0,0" hai="48,53,57,88,90,92,93,95" m="24651,14751" machi="90" ten="30,11600,0" yaku="8,1,52,2,54,1" doraHai="86" who="3" fromWho="2" sc="214,0,286,0,209,-116,291,116" owari="214,-18.6,286,8.6,93,-40.7,407,50.7" /></mjloggm>