<mjloggm ver="2.3"><GO type="225" lobby="0"/><UN n0="%65%76%69%61%6E%36%31%39" n1="%E9%A6%AC%E5%BC%95%E7%81%AB%33" n2="%E3%81%A4%E3%81%A3%E3%81%B1%E3%82%8A%E3%83%9D%E3%83%BC%E3%83%AB" n3="%E5%A4%8F%E9%88%B4%E9%88%B4%E5%A4%8F" dan="16,16,17,16" rate="2014.17,2080.53,2174.01,2144.84" sx="M,M,M,F"/><TAIKYOKU oya="0"/><INIT seed="0,0,0,3,4,23" ten="250,250,250,250" oya="0" hai0="80,56,90,28,32,79,66,19,107,114,110,11,117" hai1="72,0,104,83,121,133,48,69,46,96,38,51,10" hai2="2,62,36,123,115,77,42,18,68,31,84,120,44" hai3="86,112,91,13,75,116,30,4,125,65,103,35,126"/><T111/><D117/><U85/><E121/><V78/><F115/><W127/><G112/><T119/><D114/><U129/><E69/><V34/><F2/><W108/><G116/><T29/><D119/><U109/><E109/><N who="0" m="41481" /><D107/><U39/><E129/><V20/><F31/><W97/><G108/><T99/><D11/><U21/><E133/><V132/><F34/><W45/><G127/><T17/><D99/><U124/><E124/><V24/><F132/><W58/><G97/><T25/><D90/><U14/><E0/><V122/><REACH who="2" step="1"/><F84/><REACH who="2" ten="250,250,240,250" step="2"/><W49/><G86/><N who="0" m="48415" /><D29/><U131/><E85/><V73/><F73/><W6/><G30/><T81/><D81/><U41/><E83/><V3/><F3/><W63/><G75/><T94/><D94/><U55/><E72/><V100/><F100/><W92/><G103/><T37/><D37/><U52/><E39/><V12/><F12/><W40/><G13/><T8/><D8/><U67/><E10/><V76/><F76/><W22/><G92/><T61/><AGARI ba="0,1" hai="17,19,25,28,32,56,61,66" m="48415,41481" machi="61" ten="30,6000,0" yaku="14,1,10,1,52,1" doraHai="23" who="0" fromWho="0" sc="250,70,250,-20,240,-20,250,-20" /><INIT seed="0,1,0,1,4,108" ten="320,230,220,230" oya="0" hai0="22,89,27,103,58,125,50,44,123,60,98,55,131" hai1="7,100,114,84,94,26,122,77,70,117,124,88,53" hai2="59,43,37,39,90,96,104,34,81,67,17,16,85" hai3="20,24,56,86,135,8,95,4,126,19,68,62,64"/><T32/><D123/><U82/><E122/><V132/><F34/><W69/><G135/><T129/><D32/><U12/><E117/><V65/><F132/><W127/><G95/><T10/><D10/><U42/><E70/><V51/><F39/><W119/><G119/><T101/><D125/><N who="3" m="47625" /><G86/><T11/><D11/><U40/><E124/><V49/><F37/><W121/><G121/><T105/><D89/><U118/><E118/><V13/><F104/><W63/><G63/><T111/><D103/><U66/><E66/><N who="2" m="25099" /><F96/><W76/><G76/><T120/><D120/><U6/><E114/><V52/><F13/><AGARI ba="1,0" hai="4,8,13,19,20,24,56,62,64,68,69" m="47625" machi="13" ten="30,1000,0" yaku="18,1" doraHai="108" who="3" fromWho="2" sc="320,0,230,0,220,-13,230,13" /><INIT seed="1,0,0,0,1,23" ten="320,230,207,243" oya="1" hai0="5,12,77,116,90,96,106,95,37,123,111,66,97" hai1="52,25,89,16,38,39,107,28,22,6,104,114,128" hai2="118,127,113,10,45,21,53,68,32,4,65,125,101" hai3="86,131,47,48,41,87,92,102,119,57,108,58,33"/><U26/><E114/><V74/><F118/><W19/><G33/><T13/><D111/><U8/><E128/><V115/><F32/><W121/><G108/><T51/><D37/><U60/><E89/><V134/><F74/><W78/><G121/><T20/><D77/><U1/><E39/><V105/><F134/><W3/><G3/><T124/><D124/><N who="2" m="47690" /><F53/><W100/><G131/><T64/><D13/><U35/><REACH who="1" step="1"/><E38/><REACH who="1" ten="320,220,207,243" step="2"/><V94/><F113/><W73/><G102/><T135/><D90/><U11/><E11/><V30/><F115/><W40/><G100/><T34/><D123/><U122/><E122/><V29/><F101/><W49/><G78/><T2/><D116/><U79/><E79/><V62/><F105/><W80/><G119/><T76/><D106/><U93/><E93/><V63/><F94/><W109/><G92/><T91/><D95/><U71/><E71/><V46/><F21/><W88/><G109/><T24/><D20/><U103/><E103/><V130/><F130/><W18/><G88/><T69/><D91/><U112/><E112/><V43/><F68/><W0/><G80/><T42/><D69/><U55/><E55/><V54/><F54/><W99/><G99/><T98/><D76/><U117/><E117/><V133/><F133/><W85/><G40/><T36/><D135/><U9/><E9/><V15/><F43/><W70/><G41/><T67/><D36/><U44/><E44/><N who="2" m="17003" /><F65/><W83/><G70/><T56/><D67/><U129/><E129/><V120/><F120/><W61/><G47/><N who="0" m="26103" /><D66/><U14/><E14/><V17/><F4/><RYUUKYOKU ba="0,1" sc="320,-15,220,15,207,15,243,-15" hai1="1,6,8,16,22,25,26,28,35,52,60,104,107" hai2="10,15,17,29,30,62,63" /><INIT seed="1,1,1,4,0,76" ten="305,235,222,228" oya="1" hai0="101,58,116,98,22,38,44,128,23,112,71,132,105" hai1="88,13,133,104,72,43,113,74,57,83,135,0,35" hai2="114,49,84,107,99,36,17,37,70,56,127,85,126" hai3="10,11,81,6,117,68,97,39,100,124,5,50,21"/><U51/><E113/><V2/><F70/><W129/><G68/><T61/><D116/><U93/><E0/><V33/><F2/><W87/><G39/><N who="2" m="14921" /><F33/><W18/><G124/><N who="2" m="47657" /><F114/><W115/><G129/><T79/><D132/><N who="1" m="50763" /><E104/><V118/><F118/><W77/><G115/><T52/><D128/><U110/><E35/><V27/><F49/><W45/><G117/><T8/><D112/><U62/><E110/><V31/><F56/><W96/><G5/><T53/><D8/><U60/><E13/><V20/><F31/><W65/><G65/><T64/><D22/><U80/><E74/><V55/><F55/><W29/><G29/><T131/><D53/><N who="1" m="33839" /><E62/><V95/><F107/><W103/><G6/><T54/><D131/><U111/><E72/><V41/><F41/><N who="3" m="24879" /><G10/><T40/><D54/><U15/><E15/><V9/><F9/><W28/><G11/><T123/><D23/><U42/><E111/><V14/><F14/><N who="3" m="9431" /><G28/><T63/><D52/><U91/><E91/><AGARI ba="1,1" hai="17,20,27,84,85,91,95,99" m="47657,14921" machi="91" ten="30,1000,0" yaku="18,1" doraHai="76" who="2" fromWho="1" sc="305,0,235,-13,222,23,228,0" /><INIT seed="2,0,0,3,4,63" ten="305,222,245,228" oya="2" hai0="18,88,7,31,29,32,114,64,10,98,135,116,15" hai1="58,75,126,44,19,9,92,80,76,20,102,107,51" hai2="70,33,113,35,125,11,79,34,85,66,39,100,87" hai3="121,52,101,129,124,38,24,134,0,82,59,130,112"/><V1/><F113/><W74/><G121/><T108/><D108/><U105/><E126/><V17/><F39/><W110/><G112/><T96/><D114/><U30/><E30/><N who="0" m="11273" /><D32/><U106/><E9/><V36/><F36/><W45/><G0/><T69/><D69/><U81/><E58/><V48/><F125/><W37/><G24/><T8/><D135/><U89/><E80/><V16/><F100/><W41/><G124/><T117/><D64/><U109/><E109/><V22/><F48/><N who="3" m="31111" /><G101/><T42/><D88/><U23/><E19/><V93/><F79/><N who="3" m="44407" /><G110/><T127/><D42/><U122/><E122/><V49/><F1/><W27/><G27/><T86/><D86/><U6/><E6/><V131/><F87/><W40/><G134/><T53/><D53/><U77/><E77/><V2/><F2/><W104/><G104/><T83/><D83/><U4/><E4/><V28/><F85/><W60/><G40/><T3/><D127/><U120/><E120/><V57/><F70/><W56/><G37/><T71/><D71/><U128/><E102/><V84/><F35/><W54/><G130/><T72/><D72/><U50/><E50/><V132/><F131/><W133/><G129/><T26/><D26/><U90/><E128/><V65/><F132/><W43/><G41/><T5/><D5/><U61/><E61/><V119/><F34/><W25/><G25/><T21/><D10/><U115/><E115/><V97/><F33/><W46/><G133/><T99/><D3/><U47/><E92/><V95/><F28/><W73/><G73/><T91/><D91/><RYUUKYOKU ba="0,0" sc="305,15,222,-15,245,-15,228,15" hai0="7,8,15,18,21,96,98,99,116,117" hai3="38,43,45,46,54,56,60" /><INIT seed="3,1,0,1,3,98" ten="320,207,230,243" oya="3" hai0="113,14,74,81,39,41,118,34,94,70,52,10,99" hai1="46,36,109,45,60,71,124,21,28,55,54,63,44" hai2="32,105,3,72,128,18,75,47,40,48,123,27,121" hai3="50,61,65,130,135,107,43,62,134,96,103,112,133"/><W90/><G130/><T120/><D118/><U111/><E21/><N who="2" m="13751" /><F128/><W108/><G112/><T87/><D34/><U66/><E28/><V8/><F105/><W33/><G33/><T17/><D74/><U9/><E9/><V24/><F24/><W119/><G119/><T67/><D52/><N who="1" m="20011" /><E124/><V16/><F32/><W125/><G125/><T89/><D120/><N who="2" m="46154" /><F3/><W38/><G38/><T22/><D10/><U115/><E115/><V15/><AGARI ba="1,0" hai="8,15,16,40,47,48,72,75" m="46154,13751" machi="15" ten="30,2000,0" yaku="13,1,54,1" doraHai="98" who="2" fromWho="2" sc="320,-6,207,-6,230,23,243,-11" owari="314,41.4,201,-29.9,253,5.3,232,-16.8" /></mjloggm>