<mjloggm ver="2.3"><GO type="225" lobby="0"/><UN n0="%E3%81%BF%E3%81%BF%E3%81%9A" n1="%E3%82%A2%E3%83%9E%E3%83%9D%EF%BD%9E%EF%BD%9E%E3%83%A9" n2="%E5%B6%BA%E4%B8%8A%E5%92%B2" n3="%E8%B5%A4%E3%81%84%E8%9B%99%31%31" dan="18,17,16,16" rate="2191.92,2097.10,2139.11,2103.75" sx="M,M,F,M"/><TAIKYOKU oya="0"/><INIT seed="0,0,0,4,3,120" ten="250,250,250,250" oya="0" hai0="67,13,125,128,116,96,89,102,93,60,37,105,58" hai1="100,111,68,126,34,74,84,62,101,1,33,123,39" hai2="121,90,19,81,117,135,14,112,2,99,31,57,27" hai3="118,133,46,53,52,97,87,23,107,38,25,134,119"/><T20/><D116/><N who="3" m="44585" /><G87/><T50/><D125/><U110/><E123/><V28/><F112/><W85/><G85/><T5/><D37/><U88/><E74/><V29/><F2/><W82/><G82/><T0/><D128/><U51/><E39/><V22/><F135/><N who="3" m="51723" /><G107/><T95/><D0/><U71/><E51/><V66/><F121/><W10/><G97/><N who="0" m="57519" /><D105/><U83/><E126/><V49/><F117/><W108/><G10/><N who="0" m="4303" /><D50/><U130/><E130/><V109/><F81/><W63/><G63/><T129/><D129/><U35/><E1/><V21/><F99/><W26/><G108/><N who="1" m="41514" /><E62/><N who="2" m="38223" /><F109/><W48/><G38/><T61/><D60/><U76/><E76/><V6/><F49/><N who="3" m="28727" /><G23/><AGARI ba="0,0" hai="20,23,58,61,67,95,96,102" m="4303,57519" machi="23" ten="30,1500,0" yaku="8,1" doraHai="120" who="0" fromWho="3" sc="250,15,250,0,250,0,250,-15" /><INIT seed="0,1,0,2,0,112" ten="265,250,250,235" oya="0" hai0="132,74,15,121,78,99,8,25,21,50,12,100,49" hai1="107,29,131,130,118,54,43,87,36,10,89,93,0" hai2="30,41,69,72,9,18,96,27,57,34,1,102,28" hai3="91,98,47,119,110,40,73,44,81,16,125,56,46"/><T126/><D121/><U84/><E107/><V58/><F69/><W6/><G125/><T92/><D126/><U127/><E29/><V90/><F72/><W26/><G6/><T39/><D39/><U19/><E127/><V113/><F30/><W33/><G33/><T85/><D74/><U88/><E54/><V103/><F113/><W51/><G110/><T71/><D71/><U122/><E122/><V22/><F41/><W94/><G119/><T4/><D15/><N who="1" m="7671" /><E43/><V114/><F114/><W106/><G106/><T14/><D14/><U86/><E36/><V31/><F31/><W24/><G56/><T134/><D132/><U11/><E11/><V13/><F90/><N who="1" m="34921" /><E93/><N who="2" m="58639" /><F103/><W129/><G129/><N who="1" m="49162" /><E0/><V62/><F62/><W116/><G116/><AGARI ba="1,0" hai="84,86,87,116,118" m="49162,34921,7671" machi="116" ten="40,8000,1" yaku="19,1,52,2,54,1" doraHai="112" who="1" fromWho="3" sc="265,0,250,83,250,0,235,-83" /><INIT seed="1,0,0,4,4,130" ten="265,333,250,152" oya="1" hai0="25,72,46,52,89,114,71,100,104,68,19,122,117" hai1="8,115,120,69,9,62,63,40,13,91,84,94,22" hai2="113,56,108,38,80,36,135,44,121,0,4,125,7" hai3="45,134,39,50,61,101,74,48,14,34,70,85,93"/><U87/><E115/><V118/><F56/><W107/><G74/><T116/><D114/><U16/><E120/><V60/><F60/><W29/><G39/><T37/><D72/><U58/><E40/><V97/><F44/><W15/><G85/><T24/><D89/><N who="1" m="53543" /><E63/><V35/><F80/><W103/><G50/><T77/><D77/><U86/><E86/><V47/><F47/><W75/><G75/><T119/><D122/><U132/><E132/><V33/><F97/><W109/><G109/><T17/><D104/><U54/><E69/><V106/><F4/><W41/><G134/><T23/><D100/><U28/><E28/><V18/><F7/><W102/><G93/><AGARI ba="0,0" hai="8,9,13,16,22,54,58,62,87,91,93" m="53543" machi="93" ten="30,2900,0" yaku="8,1,54,1" doraHai="130" who="1" fromWho="3" sc="265,0,333,29,250,0,152,-29" /><INIT seed="1,1,0,1,0,124" ten="265,362,250,123" oya="1" hai0="118,58,111,54,116,56,126,86,110,91,1,40,33" hai1="95,57,48,20,77,108,16,50,72,17,94,134,30" hai2="63,60,121,65,106,80,132,93,67,87,19,81,64" hai3="68,112,105,61,133,107,24,2,39,104,55,43,83"/><U76/><E134/><V131/><F106/><W84/><G112/><T13/><D1/><U18/><E108/><N who="0" m="41513" /><D126/><U92/><E72/><V27/><F121/><W79/><G133/><T9/><D33/><U31/><E20/><N who="2" m="13727" /><F132/><W129/><G2/><T71/><D40/><U23/><E23/><V113/><F113/><W128/><G24/><T75/><D71/><U47/><E57/><N who="0" m="22121" /><D54/><U6/><E6/><V100/><F131/><N who="3" m="50251" /><G55/><T98/><D98/><U41/><E50/><V103/><F93/><W59/><G59/><T74/><D116/><U4/><E4/><V38/><F38/><W49/><G39/><T36/><D118/><U53/><E53/><V89/><F81/><W14/><G14/><T117/><D117/><U0/><E0/><V82/><F80/><W34/><G34/><T119/><D119/><U101/><E101/><AGARI ba="1,0" hai="60,63,64,65,67,82,87,89,100,101,103" m="13727" machi="101" ten="30,1000,0" yaku="8,1" doraHai="124" who="2" fromWho="1" sc="265,0,362,-13,250,13,123,0" /><INIT seed="2,0,0,5,3,17" ten="265,349,263,123" oya="2" hai0="41,54,64,7,55,129,130,16,39,132,70,14,96" hai1="97,78,108,118,24,29,10,61,50,94,28,8,135" hai2="83,103,128,113,95,25,37,131,46,69,15,33,123" hai3="85,66,45,47,92,80,52,125,60,3,117,90,106"/><V119/><F113/><W30/><G125/><T87/><D7/><U84/><E118/><V51/><F119/><W127/><G127/><T100/><D132/><U76/><E108/><V110/><F69/><W126/><G126/><T93/><D39/><U13/><E135/><V49/><F123/><W35/><G106/><T63/><D41/><U105/><E105/><V107/><F107/><W124/><G124/><T44/><D87/><U134/><E61/><V32/><F83/><W34/><G3/><T18/><D18/><U19/><E8/><V102/><F110/><W73/><G117/><T6/><D6/><U62/><E62/><V1/><F1/><W89/><G73/><T31/><D31/><N who="1" m="11851" /><E24/><V65/><F65/><W71/><G30/><T111/><D111/><U38/><E38/><V72/><F72/><W101/><G101/><T122/><D122/><U48/><E134/><V116/><F116/><W79/><G79/><N who="1" m="30250" /><E84/><V59/><F37/><W114/><G114/><T22/><REACH who="0" step="1"/><D44/><REACH who="0" ten="255,349,263,123" step="2"/><U26/><E19/><V88/><F46/><W67/><G47/><T86/><D86/><U23/><E97/><V27/><F33/><W5/><G5/><T12/><D12/><U81/><E13/><V40/><F15/><W68/><G68/><T53/><AGARI ba="0,1" hai="14,16,22,53,54,55,63,64,70,93,96,100,129,130" machi="53" ten="30,8000,1" yaku="1,1,0,1,52,1,54,1,53,1" doraHai="17" doraHaiUra="57" who="0" fromWho="0" sc="255,90,349,-20,263,-40,123,-20" /><INIT seed="3,0,0,5,5,33" ten="345,329,223,103" oya="3" hai0="3,118,73,102,109,61,85,53,82,98,72,124,79" hai1="87,7,1,134,81,18,45,10,37,104,29,92,66" hai2="69,121,40,132,16,6,130,11,4,88,131,12,55" hai3="19,128,68,31,5,107,126,63,32,21,30,35,84"/><W36/><G107/><T64/><D118/><U57/><E104/><V58/><F69/><W59/><G36/><T96/><D3/><U39/><E29/><V93/><F132/><W34/><G126/><T114/><D114/><U9/><E92/><V74/><F74/><W24/><G68/><T17/><D109/><U25/><E45/><V105/><F105/><W115/><G115/><T27/><D53/><U26/><E26/><V0/><F40/><W70/><G70/><T119/><D119/><U95/><E95/><V15/><F121/><W97/><G97/><T38/><D38/><U78/><E134/><V52/><F55/><W51/><G128/><T90/><D124/><U86/><E86/><V108/><F108/><W113/><G113/><T54/><D54/><U103/><E103/><V125/><F125/><W46/><G84/><T76/><D73/><U112/><E112/><V62/><F0/><W77/><G77/><N who="0" m="29771" /><D102/><U13/><E25/><V67/><F67/><W23/><G5/><T65/><D72/><U49/><E49/><V44/><F44/><W127/><G127/><T28/><D28/><U14/><E1/><V123/><F123/><W120/><G120/><T129/><D129/><N who="2" m="49162" /><F15/><W50/><G23/><N who="0" m="13807" /><D65/><U22/><E22/><V122/><F122/><W8/><G8/><T135/><D135/><U47/><E47/><V56/><F56/><AGARI ba="0,0" hai="56,61,64,82,85,90,96,98" m="13807,29771" machi="56" ten="30,1000,0" yaku="8,1" doraHai="33" who="0" fromWho="2" sc="345,10,329,0,223,-10,103,0" owari="355,45.5,329,12.9,213,-18.7,103,-39.7" /></mjloggm>