<mjloggm ver="2.3"><GO type="225" lobby="0"/><UN n0="%E6%9C%88%E5%B3%B6%E5%9F%BA" n1="%E3%80%90%E3%83%88%E3%83%AA%E3%83%A5%E3%83%95%E3%80%91" n2="%E3%83%A9%E3%82%B9%E7%8E%87%EF%BC%93%E5%89%B2" n3="%E3%83%A9%E3%82%A4%E3%83%B3%E3%81%AE%E8%99%8E" dan="16,16,16,16" rate="2020.17,2057.78,2224.26,2114.54" sx="M,M,F,M"/><TAIKYOKU oya="0"/><INIT seed="0,0,0,5,1,128" ten="250,250,250,250" oya="0" hai0="129,43,131,101,6,122,69,2,39,114,89,133,62" hai1="87,83,40,0,103,107,99,51,100,119,8,102,96" hai2="17,80,91,22,59,41,27,58,71,25,92,18,48" hai3="135,108,1,109,86,12,115,93,121,85,4,113,5"/><T117/><D89/><N who="1" m="51455" /><E8/><V29/><F71/><W64/><G64/><N who="0" m="41111" /><D101/><N who="1" m="62887" /><E51/><V90/><F80/><W46/><G46/><N who="0" m="23935" /><D6/><U24/><E40/><V98/><F91/><W23/><G93/><T65/><D2/><U21/><E21/><N who="2" m="13487" /><F29/><W61/><G61/><T28/><D28/><U7/><E24/><V127/><F127/><W124/><G124/><T82/><D82/><U32/><E32/><V70/><F70/><W77/><G77/><T36/><D117/><U132/><E7/><V106/><F106/><W10/><G1/><T49/><D122/><U37/><E37/><V88/><F90/><W33/><G33/><T31/><D31/><U94/><E0/><V126/><F126/><W120/><G23/><T130/><D36/><U55/><E119/><V112/><F112/><W118/><G118/><T3/><D3/><U78/><E78/><V97/><F97/><W84/><G12/><T111/><D114/><U66/><E66/><V11/><F11/><W125/><G10/><T53/><D65/><U45/><E45/><AGARI ba="0,0" hai="18,22,27,41,45,48,58,59,88,92,98" m="13487" machi="45" ten="30,2000,0" yaku="8,1,54,1" doraHai="128" who="2" fromWho="1" sc="250,0,250,-20,250,20,250,0" /><INIT seed="1,0,0,0,1,19" ten="250,230,270,250" oya="1" hai0="37,114,27,51,48,18,41,29,86,105,63,125,96" hai1="57,97,2,58,53,21,81,69,133,76,107,28,95" hai2="22,50,12,14,103,17,92,126,71,55,128,79,54" hai3="111,47,118,104,25,99,10,80,120,82,84,64,109"/><U44/><E69/><V134/><F128/><W75/><G120/><T42/><D114/><U16/><E2/><V89/><F134/><W115/><G115/><T0/><D0/><U93/><E28/><V60/><F126/><W123/><G123/><T90/><D125/><U113/><E113/><V23/><F71/><W7/><G64/><T59/><D18/><U56/><E107/><V24/><F79/><W30/><G118/><T131/><D131/><U74/><E133/><V46/><F103/><N who="3" m="62591" /><G75/><T121/><D96/><U112/><E112/><V4/><F4/><W61/><G61/><T85/><D105/><U72/><E72/><V70/><F23/><N who="3" m="15679" /><G84/><T68/><D86/><U11/><E11/><V32/><F32/><W108/><G47/><T62/><D121/><U129/><E129/><V83/><F83/><W106/><G106/><T26/><D63/><U91/><E44/><V100/><F100/><W65/><G65/><T3/><D62/><N who="1" m="36111" /><E95/><V98/><F70/><W20/><G20/><T9/><D68/><U88/><E91/><V33/><F33/><W52/><G52/><T49/><D90/><U13/><E74/><V1/><F1/><AGARI ba="0,0" hai="1,7,10,80,82,108,109,111" m="15679,62591" machi="1" ten="30,2000,0" yaku="14,1,52,1" doraHai="19" who="3" fromWho="2" sc="250,0,230,0,270,-20,250,20" /><INIT seed="2,0,0,5,0,13" ten="250,230,250,270" oya="2" hai0="26,2,52,84,33,62,118,4,36,66,61,124,130" hai1="114,85,109,51,120,108,32,25,28,129,47,10,119" hai2="105,39,103,79,12,101,90,70,49,31,21,121,14" hai3="64,18,63,53,83,1,89,74,88,50,113,93,15"/><V35/><F121/><W133/><G1/><T57/><D36/><U132/><E114/><V27/><F39/><W123/><G123/><T126/><D130/><U58/><E120/><V125/><F70/><W134/><G113/><T5/><D118/><U81/><E119/><V78/><F125/><N who="0" m="48234" /><D2/><U117/><E117/><V55/><F90/><W91/><G74/><T34/><D84/><U20/><E129/><V110/><F110/><W41/><G41/><T17/><D34/><U77/><E58/><V59/><F105/><W80/><G93/><T22/><D33/><U44/><E32/><V46/><F59/><AGARI ba="0,0" hai="4,5,17,22,26,52,57,59,61,62,66" m="48234" machi="59" ten="30,3900,0" yaku="18,1,52,1,54,1" doraHai="13" who="0" fromWho="2" sc="250,39,230,0,250,-39,270,0" /><INIT seed="3,0,0,5,1,81" ten="289,230,211,270" oya="3" hai0="79,19,104,113,73,22,3,69,63,85,37,121,26" hai1="74,86,52,102,0,101,127,8,33,25,106,57,24" hai2="80,21,65,45,67,58,11,110,16,126,115,122,93" hai3="71,117,32,105,47,1,103,100,133,6,46,36,111"/><W13/><G117/><T77/><D121/><U68/><E74/><V51/><F115/><W114/><G114/><T48/><D73/><U39/><E68/><V23/><F122/><W5/><G71/><T72/><D72/><U38/><E127/><V12/><F110/><W40/><G32/><T30/><D37/><U84/><E33/><V88/><F80/><W66/><G66/><N who="2" m="25097" /><F58/><W59/><G59/><T76/><D3/><U120/><E120/><V64/><N who="2" m="25105" /><V134/><DORA hai="41" /><F134/><W92/><G105/><T116/><D104/><U35/><E35/><V17/><F17/><W97/><G133/><T128/><D116/><U108/><E106/><V112/><F126/><W42/><G1/><T18/><D18/><U135/><E135/><V75/><F75/><W60/><G60/><T124/><D63/><N who="1" m="36263" /><E8/><V91/><F112/><W27/><G27/><N who="1" m="10314" /><E0/><V119/><F119/><W44/><G111/><T95/><D69/><U130/><E39/><V15/><F15/><W90/><G13/><T55/><D26/><U98/><E38/><V14/><F14/><W96/><G36/><T9/><D9/><U4/><E4/><N who="3" m="1642" /><G97/><T43/><D124/><U125/><E125/><V2/><F2/><W28/><G28/><T87/><D30/><U131/><E98/><N who="2" m="57639" /><F91/><W78/><G78/><T109/><D79/><U10/><E10/><V82/><F82/><W61/><G61/><T50/><D77/><U94/><E108/><V107/><F107/><W89/><G89/><T29/><D109/><U49/><E102/><AGARI ba="0,0" hai="40,42,44,46,47,90,92,96,100,102,103" m="1642" machi="102" ten="30,11600,0" yaku="8,1,52,3" doraHai="81,41" who="3" fromWho="1" sc="289,0,230,-116,211,0,270,116" owari="289,8.9,114,-38.6,211,-18.9,386,48.6" /></mjloggm>