<mjloggm ver="2.3"><GO type="225" lobby="0"/><UN n0="%E5%8D%A0%E3%81%84%E5%B8%AB%E8%A3%8F%E3%81%AA%E3%81%84%E3%81%97" n1="%E3%81%99%E3%81%84%E3%81%BE%E3%81%9B%E3%83%BC%E3%82%93" n2="%E6%B8%A9%E2%98%85%E6%83%85%E2%98%85%E6%8E%AA%E2%98%85%E7%BD%AE" n3="%E6%A1%9C%E8%8A%B1%E9%96%83%E3%80%85" dan="17,18,17,16" rate="2166.98,2174.02,2178.80,2108.02" sx="M,M,M,M"/><TAIKYOKU oya="0"/><INIT seed="0,0,0,5,4,20" ten="250,250,250,250" oya="0" hai0="4,96,31,116,58,100,12,115,19,41,85,94,29" hai1="61,27,33,97,77,30,54,18,114,65,64,83,35" hai2="9,23,84,118,131,101,60,38,14,45,91,51,109" hai3="56,13,39,130,124,95,104,8,16,125,71,81,44"/><T78/><D115/><U106/><E114/><V26/><F109/><W32/><G104/><T126/><D116/><U52/><E35/><V25/><F118/><W47/><G71/><T15/><D126/><N who="3" m="48745" /><G130/><T6/><D41/><U46/><E18/><N who="2" m="8527" /><F38/><W66/><G32/><T132/><D132/><U123/><E123/><V99/><F131/><W11/><G95/><T7/><D15/><U134/><E134/><V1/><F1/><W82/><G11/><N who="0" m="6559" /><D58/><U88/><E46/><N who="3" m="17450" /><G39/><T73/><D73/><U74/><E65/><V37/><F37/><W112/><G112/><T40/><D40/><U120/><E120/><V119/><F119/><W69/><G69/><T110/><D110/><U80/><E106/><V28/><F60/><AGARI ba="0,0" hai="8,13,16,56,60,66,81,82" m="17450,48745" machi="60" ten="30,2000,0" yaku="18,1,54,1" doraHai="20" who="3" fromWho="2" sc="250,0,250,0,250,-20,250,20" /><INIT seed="1,0,0,4,5,90" ten="250,250,230,270" oya="1" hai0="3,126,111,20,38,50,97,62,128,91,41,63,72" hai1="65,83,23,113,11,59,28,64,1,58,4,43,85" hai2="100,110,121,10,12,79,80,116,46,67,94,107,13" hai3="32,16,115,119,31,118,101,77,117,93,114,27,68"/><U6/><E113/><N who="3" m="43018" /><G68/><T98/><D72/><U52/><E43/><V88/><F116/><W53/><G77/><T99/><D38/><U57/><E6/><V74/><F121/><W129/><G53/><T103/><D111/><U120/><E120/><V132/><F110/><W66/><G66/><T7/><D128/><U130/><E130/><V104/><F132/><W30/><G129/><T106/><D126/><U5/><E5/><V95/><F67/><W29/><G101/><T134/><D134/><U24/><REACH who="1" step="1"/><E52/><REACH who="1" ten="250,240,230,270" step="2"/><V17/><F46/><W87/><G118/><T89/><D7/><U124/><E124/><V19/><F100/><W22/><G119/><T0/><D41/><U122/><E122/><V18/><F18/><W55/><G117/><T34/><D62/><U47/><E47/><V86/><REACH who="2" step="1"/><F95/><REACH who="2" ten="250,240,220,270" step="2"/><W21/><G93/><T45/><D103/><U48/><E48/><V37/><F37/><W15/><G16/><T127/><D50/><U112/><E112/><V26/><F26/><W61/><G27/><T123/><D45/><U84/><E84/><V44/><F44/><W76/><G61/><T109/><D63/><U8/><E8/><AGARI ba="0,2" hai="8,10,12,13,17,19,74,79,80,86,88,94,104,107" machi="8" ten="30,8000,1" yaku="1,1,7,1,9,1,52,1,54,1,53,0" doraHai="90" doraHaiUra="36" who="2" fromWho="1" sc="250,0,240,-80,220,100,270,0" /><INIT seed="2,0,0,4,1,73" ten="250,160,320,270" oya="2" hai0="134,67,61,130,133,19,43,87,96,63,38,97,32" hai1="37,11,98,113,122,114,127,94,60,105,95,6,85" hai2="77,48,115,86,100,13,124,21,14,71,99,26,50" hai3="53,104,12,70,34,59,45,36,9,69,20,57,17"/><V135/><F115/><W101/><G34/><T102/><D32/><U106/><E37/><V83/><F71/><W64/><G104/><N who="1" m="40042" /><E60/><V118/><F118/><W68/><G101/><T74/><D74/><U66/><E66/><V109/><F135/><N who="0" m="51722" /><D130/><U52/><E11/><V120/><F120/><W24/><G64/><T4/><D4/><U49/><E6/><V29/><F124/><W131/><G131/><T42/><D61/><U28/><E28/><V103/><F109/><W51/><REACH who="3" step="1"/><G36/><REACH who="3" ten="250,160,320,260" step="2"/><T80/><D38/><U16/><E122/><V54/><F103/><W75/><G75/><T44/><D102/><U82/><E127/><V111/><F111/><W0/><G0/><T72/><D72/><U88/><E114/><V23/><F100/><W40/><G40/><T90/><D42/><U5/><E113/><V79/><F54/><W27/><G27/><T10/><D43/><U39/><E39/><V107/><F107/><W116/><G116/><T93/><D67/><U56/><E5/><AGARI ba="0,1" hai="5,9,12,17,20,24,45,51,53,57,59,68,69,70" machi="5" ten="40,1300,0" yaku="1,1,53,0" doraHai="73" doraHaiUra="62" who="3" fromWho="1" sc="250,0,160,-13,320,0,260,23" /><INIT seed="3,0,0,3,3,89" ten="250,147,320,283" oya="3" hai0="9,86,40,19,100,52,95,64,44,58,56,42,82" hai1="99,20,92,129,11,2,57,15,106,78,132,110,93" hai2="130,94,26,98,21,39,76,107,109,83,38,128,4" hai3="105,79,24,28,77,117,54,122,34,33,61,5,127"/><W108/><G117/><T27/><D64/><U116/><E116/><V10/><F107/><W90/><G122/><T45/><D58/><U51/><E110/><V22/><F109/><W133/><G108/><T124/><D124/><U29/><E129/><N who="2" m="49771" /><F94/><W36/><G127/><T135/><D135/><U134/><E2/><N who="2" m="279" /><F98/><W32/><G133/><T59/><D56/><U131/><E131/><V6/><F6/><W37/><G105/><T12/><D27/><U71/><E71/><V101/><F101/><W118/><G90/><N who="0" m="51543" /><D44/><U62/><E78/><V55/><F55/><W121/><G61/><N who="0" m="36071" /><D45/><U70/><E70/><V3/><F3/><W48/><G34/><T80/><D80/><U53/><E62/><V60/><F60/><W125/><G37/><N who="2" m="13833" /><F26/><W113/><G33/><T23/><D9/><U50/><E51/><V73/><AGARI ba="0,0" hai="21,22,73,76,83" m="13833,279,49771" machi="73" ten="30,1100,0" yaku="19,1" doraHai="89" who="2" fromWho="2" sc="250,-3,147,-3,320,11,283,-5" owari="247,-15.3,144,-35.6,331,43.1,278,7.8" /></mjloggm>