<mjloggm ver="2.3"><GO type="225" lobby="0"/><UN n0="%E6%A1%9C%E8%8A%B1%E9%96%83%E3%80%85" n1="%77%72%77%72%77%72%77%72" n2="%72%69%6F%75%63%68%61%6E" n3="%E3%81%B2%E3%81%AA%E3%81%AE%E3%82%8A%E3%81%8F" dan="17,16,16,16" rate="2202.79,2116.95,2136.54,2120.88" sx="M,M,M,M"/><TAIKYOKU oya="0"/><INIT seed="0,0,0,5,1,111" ten="250,250,250,250" oya="0" hai0="37,35,121,2,122,108,118,14,9,31,55,131,53" hai1="28,46,126,10,65,91,81,125,6,34,135,119,71" hai2="78,124,120,123,94,60,99,4,45,85,134,67,32" hai3="18,130,133,86,92,64,5,100,25,50,103,21,27"/><T7/><D53/><U56/><E119/><V115/><F115/><W68/><G133/><T77/><D55/><U128/><E135/><V22/><F124/><N who="1" m="47721" /><E128/><V0/><F32/><W97/><G5/><T39/><D14/><U41/><E71/><V24/><F134/><W88/><G130/><T95/><D95/><U3/><E34/><V76/><F45/><W19/><G50/><T49/><D49/><U98/><E28/><V26/><F26/><W73/><G73/><T113/><D131/><U23/><E23/><V42/><F42/><W8/><G100/><T117/><D77/><U51/><E98/><V84/><F78/><W114/><G114/><T58/><D58/><U69/><E69/><V96/><F99/><W127/><G127/><T70/><D70/><U66/><E56/><N who="2" m="37255" /><F76/><W107/><G68/><T40/><D108/><U12/><E3/><V101/><F120/><N who="0" m="46186" /><D113/><U102/><E102/><V17/><F123/><W74/><G74/><T47/><D37/><U129/><E129/><V33/><F33/><W105/><G105/><T16/><D16/><U20/><E20/><V80/><F0/><W72/><G72/><T90/><D90/><U36/><E36/><V79/><F4/><W54/><G97/><T59/><D59/><U82/><E91/><V44/><F84/><W61/><G86/><T43/><D43/><U11/><E11/><V116/><F116/><N who="0" m="44650" /><D31/><U62/><E65/><V106/><F106/><W52/><G64/><T48/><D35/><U75/><E75/><V57/><F57/><W15/><G107/><T83/><D39/><U93/><E93/><RYUUKYOKU ba="0,0" sc="250,10,250,10,250,10,250,-30" hai0="2,7,9,40,47,48,83" hai1="6,10,12,41,46,51,62,66,81,82" hai2="17,22,24,44,79,80,85,94,96,101" /><INIT seed="0,1,0,3,1,48" ten="260,260,260,220" oya="0" hai0="26,37,80,77,64,109,131,66,117,42,119,102,27" hai1="103,132,84,45,73,38,69,63,110,74,87,8,120" hai2="88,20,39,12,18,44,57,90,105,35,92,36,133" hai3="100,70,50,118,91,123,3,114,29,81,67,56,83"/><T16/><D102/><U113/><E120/><V54/><F105/><W40/><G3/><T11/><D131/><U21/><E110/><V104/><F104/><W72/><G100/><T61/><D109/><U62/><E103/><V97/><F35/><W78/><G118/><T24/><D37/><U99/><E99/><V55/><F133/><W86/><G114/><T112/><D112/><U127/><E132/><V94/><F44/><W124/><G124/><T53/><D42/><U60/><E113/><V108/><F108/><W111/><G111/><T7/><D7/><U75/><E69/><V71/><F71/><W134/><G134/><T93/><D93/><U32/><E32/><V6/><F6/><W122/><G29/><T58/><D119/><U28/><E8/><V95/><F95/><W43/><G70/><T47/><D47/><U135/><E135/><V22/><F22/><W23/><G23/><T14/><REACH who="0" step="1"/><D117/><REACH who="0" ten="250,260,260,220" step="2"/><U17/><E127/><V4/><F4/><W98/><G43/><T15/><D15/><U65/><E38/><V128/><F128/><W51/><G40/><T85/><AGARI ba="1,1" hai="11,14,16,24,26,27,53,58,61,64,66,77,80,85" machi="85" ten="30,12000,1" yaku="1,1,0,1,8,1,52,1,54,1,53,0" doraHai="48" doraHaiUra="34" who="0" fromWho="0" sc="250,133,260,-41,260,-41,220,-41" /><INIT seed="0,2,0,2,1,54" ten="383,219,219,179" oya="0" hai0="100,63,48,57,41,92,64,58,71,49,107,55,66" hai1="73,102,33,104,115,114,31,3,34,77,19,37,112" hai2="24,87,135,21,61,90,105,119,62,9,86,127,111" hai3="0,133,56,80,129,130,81,45,78,70,95,82,32"/><T108/><D107/><U106/><E3/><V11/><F111/><W10/><G70/><T38/><D92/><U14/><E37/><V6/><F127/><W8/><G32/><N who="1" m="12394" /><E31/><V52/><F135/><W83/><G133/><T42/><D100/><U23/><E102/><V128/><F128/><N who="3" m="49259" /><G95/><T35/><D35/><U40/><E40/><N who="0" m="15465" /><D108/><U39/><E39/><V20/><F119/><W101/><G45/><T79/><D79/><U124/><E124/><V13/><F105/><N who="1" m="40553" /><E77/><V131/><F131/><W88/><G101/><T18/><D18/><U84/><E84/><V47/><F86/><N who="3" m="50271" /><G0/><T123/><D123/><U98/><E98/><V22/><F24/><W16/><G78/><T91/><D91/><U74/><AGARI ba="2,0" hai="14,19,23,73,74,112,114,115" m="40553,12394" machi="74" ten="40,1500,0" yaku="11,1" doraHai="54" who="1" fromWho="1" sc="383,-9,219,21,219,-6,179,-6" /><INIT seed="1,0,0,1,3,129" ten="374,240,213,173" oya="1" hai0="115,18,1,133,15,91,87,30,105,74,92,72,94" hai1="53,123,9,11,97,44,78,50,83,65,26,24,80" hai2="48,3,33,75,114,34,89,96,25,19,106,39,58" hai3="98,112,132,79,56,59,61,23,42,62,67,55,117"/><U104/><E123/><V4/><F39/><W27/><G112/><T6/><D115/><U52/><E65/><V134/><F134/><W12/><G117/><T84/><D133/><U135/><E135/><V111/><F114/><W108/><G108/><T81/><D105/><U102/><E53/><V99/><F75/><W20/><G132/><T100/><D30/><U69/><E69/><V40/><F111/><W70/><G42/><T0/><D6/><U43/><E43/><V130/><F130/><W7/><G79/><T45/><D45/><U101/><E101/><V109/><F109/><W36/><G36/><T131/><D131/><U103/><E103/><V14/><F106/><W57/><G98/><T90/><D100/><U47/><E47/><N who="2" m="25703" /><F58/><W76/><G76/><T88/><D74/><U32/><E32/><V22/><F89/><W5/><G23/><T116/><D116/><U29/><E83/><V38/><F38/><W85/><G85/><T119/><D119/><U31/><E31/><N who="2" m="19695" /><F34/><W118/><G118/><T77/><D91/><U125/><E125/><V82/><F82/><W107/><G107/><T54/><D54/><U35/><REACH who="1" step="1"/><E26/><REACH who="1" ten="374,230,213,173" step="2"/><V51/><F51/><W60/><G60/><T37/><D37/><U21/><E21/><AGARI ba="0,1" hai="0,1,15,18,21,72,77,81,84,87,88,90,92,94" machi="21" ten="30,3900,0" yaku="7,1,9,1,54,1" doraHai="129" who="0" fromWho="1" sc="374,49,230,-39,213,0,173,0" /><INIT seed="2,0,0,1,5,13" ten="423,191,213,173" oya="2" hai0="68,23,1,134,131,104,32,75,57,90,10,8,40" hai1="59,135,41,30,126,129,58,55,84,45,99,105,65" hai2="107,86,20,77,69,47,24,16,88,116,114,109,73" hai3="36,132,19,133,106,42,83,81,5,118,72,80,56"/><V43/><F114/><W60/><G118/><T62/><D32/><U53/><E129/><V124/><F116/><W7/><G106/><T14/><D75/><U63/><E135/><N who="3" m="51786" /><G72/><T100/><D68/><U3/><E126/><V50/><F124/><W87/><G87/><T27/><D134/><U122/><E122/><V64/><F107/><W103/><G103/><T52/><D131/><U31/><E3/><V22/><F109/><W18/><G42/><T6/><D40/><U33/><E84/><V82/><F22/><W101/><G101/><T94/><D100/><U91/><E105/><V25/><F69/><W12/><G36/><T95/><D90/><U35/><E35/><V85/><F64/><N who="3" m="38919" /><G12/><T110/><D110/><U48/><E33/><V112/><F112/><W130/><G130/><T74/><D74/><U111/><E111/><V0/><F0/><W66/><G66/><T17/><D104/><U9/><E65/><V120/><F120/><W61/><G61/><T4/><AGARI ba="0,0" hai="1,4,6,8,10,14,17,23,27,52,57,62,94,95" machi="4" ten="20,5200,0" yaku="0,1,7,1,52,1,54,1" doraHai="13" who="0" fromWho="0" sc="423,52,191,-13,213,-26,173,-13" /><INIT seed="3,0,0,3,1,118" ten="475,178,187,160" oya="3" hai0="17,14,26,122,2,79,59,22,102,87,129,16,89" hai1="133,45,72,1,70,126,13,134,85,7,11,96,105" hai2="46,23,62,21,28,90,32,41,5,53,95,107,12" hai3="49,63,38,69,93,39,20,66,91,81,84,34,131"/><W103/><G34/><T83/><D122/><U60/><E72/><V4/><F107/><W30/><G131/><T31/><D2/><U71/><E1/><V98/><F32/><W123/><G123/><T88/><D129/><U124/><E45/><V92/><F92/><W104/><G104/><T6/><D102/><N who="1" m="62663" /><E85/><V24/><F53/><W115/><G115/><T130/><D130/><U128/><E128/><V18/><F62/><W117/><G117/><T54/><D6/><U44/><E44/><V51/><AGARI ba="0,0" hai="4,5,12,18,21,23,24,28,41,46,51,90,95,98" machi="51" ten="20,2700,0" yaku="0,1,7,1,8,1" doraHai="118" who="2" fromWho="2" sc="475,-7,178,-7,187,27,160,-13" owari="468,56.8,171,-22.9,214,1.4,147,-35.3" /></mjloggm>