<mjloggm ver="2.3"><GO type="225" lobby="0"/><UN n0="%E3%81%AF%E3%82%88%E3%81%8A%E3%81%98%E3%81%95%E3%82%93" n1="%E5%A4%8F%E9%88%B4%E9%88%B4%E5%A4%8F" n2="%E3%80%90%E8%92%BC%E7%90%89%E3%80%91" n3="%6C%61%6D%62" dan="17,16,16,16" rate="2137.48,2106.45,2177.25,2231.51" sx="M,F,F,M"/><TAIKYOKU oya="0"/><INIT seed="0,0,0,3,2,15" ten="250,250,250,250" oya="0" hai0="38,24,68,128,25,72,94,22,90,51,43,13,98" hai1="40,71,122,69,106,82,91,52,16,74,75,121,29" hai2="114,61,95,39,34,85,120,70,57,27,45,124,87" hai3="18,41,115,88,89,6,7,65,83,54,100,59,5"/><T19/><D128/><U49/><E106/><V36/><F114/><W23/><G115/><T81/><D68/><U3/><E3/><V31/><F120/><W134/><G134/><T108/><D38/><U58/><E29/><V79/><F124/><W103/><G41/><T131/><D131/><U132/><E132/><V8/><F70/><W17/><G65/><T73/><D108/><U102/><E69/><V12/><F79/><W4/><N who="3" m="1024" /><DORA hai="104" /><W2/><G2/><T67/><D67/><U93/><E71/><V110/><F110/><W66/><G66/><T50/><D81/><U96/><E40/><V33/><F33/><W126/><G17/><T46/><REACH who="0" step="1"/><D50/><REACH who="0" ten="240,250,250,250" step="2"/><U123/><E82/><V60/><F36/><W21/><G83/><T109/><D109/><U30/><E30/><V20/><F60/><N who="3" m="35959" /><G126/><T37/><D37/><U112/><E112/><V55/><F39/><W14/><G23/><T130/><D130/><U44/><E44/><V84/><F45/><W125/><G125/><T63/><D63/><U53/><E53/><V11/><F34/><W133/><G133/><T1/><D1/><U127/><E127/><V86/><F8/><W92/><G89/><T80/><D80/><U42/><E91/><N who="2" m="53735" /><F11/><W28/><G28/><T32/><D32/><U129/><E129/><V118/><F31/><W10/><G10/><T76/><D76/><U35/><E35/><V113/><F113/><W64/><G64/><T48/><D48/><U135/><E135/><V116/><F61/><W101/><G88/><T119/><D119/><U97/><E49/><V111/><F118/><RYUUKYOKU ba="0,1" sc="240,15,250,-15,250,-15,250,15" hai0="13,19,22,24,25,43,46,51,72,73,90,94,98" hai3="14,18,21,92,100,101,103" /><INIT seed="0,1,1,0,5,22" ten="255,235,235,265" oya="0" hai0="134,49,14,34,74,114,105,35,133,48,102,11,37" hai1="55,58,82,76,84,1,117,56,47,68,81,126,124" hai2="19,103,45,73,6,39,16,109,61,46,80,13,100" hai3="2,121,40,62,106,66,5,71,120,30,86,107,64"/><T113/><D37/><U20/><E117/><V28/><F109/><W104/><G40/><T4/><D74/><U79/><E1/><V85/><F73/><W9/><G64/><T99/><D34/><U27/><E68/><V43/><F45/><W115/><G115/><T77/><D35/><U110/><E110/><V108/><F108/><W44/><G44/><T57/><D77/><U129/><E47/><V50/><F39/><W122/><G86/><T59/><D49/><U25/><E129/><V26/><F6/><W130/><REACH who="3" step="1"/><G30/><REACH who="3" ten="255,235,235,255" step="2"/><T75/><D75/><U101/><E126/><V116/><F116/><W96/><G96/><T89/><D114/><U53/><E124/><V123/><F123/><W38/><G38/><T33/><D113/><U17/><E101/><V12/><F100/><W127/><G127/><T60/><D102/><U78/><E84/><V111/><F103/><W94/><G94/><T91/><D99/><U88/><E88/><V65/><F111/><W0/><G0/><T125/><D125/><U21/><E79/><V70/><F85/><W63/><G63/><T42/><D91/><U31/><E17/><V41/><F41/><W8/><G8/><T69/><D89/><U98/><E98/><V67/><F67/><W23/><G23/><T132/><D33/><U7/><E31/><V52/><F43/><W3/><G3/><T95/><D95/><U15/><E7/><V97/><F97/><W32/><G32/><T135/><D135/><U36/><E36/><V131/><F28/><W112/><G112/><T128/><D133/><U51/><E51/><RYUUKYOKU ba="1,2" sc="255,-15,235,15,235,-15,255,15" hai1="15,20,21,25,27,53,55,56,58,76,78,81,82" hai3="2,5,9,62,66,71,104,106,107,120,121,122,130" /><INIT seed="1,2,2,2,2,16" ten="240,250,220,270" oya="1" hai0="95,5,35,117,18,23,100,112,71,130,101,22,86" hai1="90,132,44,133,126,28,0,52,49,37,40,42,55" hai2="41,135,48,61,124,80,14,93,134,4,96,103,46" hai3="43,98,47,75,113,104,3,129,122,58,38,19,24"/><U114/><E0/><V7/><F124/><W120/><G113/><T85/><D112/><U15/><E114/><V105/><F105/><W110/><G75/><T84/><D117/><U78/><E126/><V99/><F99/><W127/><G127/><T8/><D35/><U89/><E78/><V6/><F61/><W21/><G110/><T74/><D74/><U45/><E28/><V62/><F62/><W25/><G129/><T31/><D71/><U128/><E15/><V102/><F102/><N who="0" m="39530" /><D130/><U27/><E27/><V20/><REACH who="2" step="1"/><F80/><REACH who="2" ten="240,250,210,270" step="2"/><W73/><G98/><T60/><D60/><U88/><REACH who="1" step="1"/><E128/><REACH who="1" ten="240,240,210,270" step="2"/><V36/><F36/><W65/><G38/><T39/><D39/><U13/><E13/><V57/><F57/><W79/><G58/><T97/><D31/><U81/><E81/><V77/><F77/><W10/><G79/><T108/><D108/><U50/><E50/><V94/><F94/><W32/><G104/><T109/><D109/><U131/><E131/><V72/><F72/><W68/><G73/><T63/><D63/><U69/><E69/><V33/><F33/><W125/><G68/><T26/><D95/><U59/><E59/><V53/><F53/><AGARI ba="2,4" hai="37,40,42,44,45,49,52,53,55,88,89,90,132,133" machi="53" ten="40,7700,0" yaku="1,1,54,2,53,0" doraHai="16" doraHaiUra="82" who="1" fromWho="2" sc="240,0,240,123,210,-83,270,0" /><INIT seed="1,3,0,0,2,73" ten="240,363,127,270" oya="1" hai0="69,105,109,90,49,46,18,97,20,134,122,66,3" hai1="89,77,37,75,64,129,65,96,11,110,92,103,107" hai2="125,6,101,118,104,58,108,35,38,116,94,43,86" hai3="22,8,130,34,40,67,29,117,62,10,113,72,100"/><U99/><E37/><V45/><F35/><W88/><G113/><T23/><D3/><U17/><E129/><V115/><F108/><W5/><G72/><T91/><D109/><U123/><E123/><V112/><F125/><W53/><G130/><T31/><D122/><U63/><E110/><V56/><F6/><W28/><G117/><T36/><D36/><U54/><E54/><V70/><F70/><W26/><G40/><T133/><D69/><U16/><E11/><V126/><F126/><W83/><G100/><T131/><D66/><U52/><E52/><V0/><F0/><W121/><G53/><T132/><D131/><U59/><REACH who="1" step="1"/><E65/><REACH who="1" ten="240,353,127,270" step="2"/><V128/><F128/><W78/><G10/><T60/><D49/><U80/><AGARI ba="3,1" hai="16,17,59,63,64,75,77,80,89,92,96,99,103,107" machi="80" ten="30,12000,1" yaku="1,1,2,1,0,1,52,1,54,1,53,0" doraHai="73" doraHaiUra="68" who="1" fromWho="1" sc="240,-43,353,139,127,-43,270,-43" /><INIT seed="1,4,0,1,0,103" ten="197,492,84,227" oya="1" hai0="33,0,62,13,22,16,88,127,84,81,106,2,8" hai1="48,107,132,67,101,71,4,39,40,49,28,118,73" hai2="26,36,46,91,113,75,85,34,134,69,79,98,19" hai3="114,55,56,11,115,135,120,110,76,31,94,129,83"/><U35/><E118/><V5/><F69/><W77/><G120/><T54/><D33/><U131/><E132/><V63/><F134/><W15/><G135/><T82/><D106/><U25/><E131/><V38/><F113/><W74/><G129/><T27/><D127/><U104/><E73/><V23/><F75/><W50/><G110/><T99/><D99/><N who="1" m="61503" /><E4/><V44/><F34/><W124/><G124/><T128/><D128/><U10/><E10/><V57/><F5/><W1/><G77/><T108/><D108/><U68/><E68/><V61/><F36/><W7/><G31/><T42/><D42/><U133/><E133/><V29/><F38/><W53/><G1/><T126/><D126/><U86/><E86/><V119/><F119/><W41/><G41/><T93/><D0/><U117/><E117/><V122/><F29/><W112/><G55/><T109/><D109/><U125/><E125/><V111/><F111/><W72/><G94/><T97/><D84/><U64/><E64/><V102/><F79/><W90/><G90/><T95/><D93/><U70/><E70/><V21/><F21/><W52/><G53/><T100/><D100/><U51/><E107/><N who="2" m="63959" /><F122/><W14/><G74/><T116/><D2/><U130/><E130/><V45/><F57/><W47/><REACH who="3" step="1"/><G15/><REACH who="3" ten="197,492,84,217" step="2"/><T92/><D116/><U12/><E12/><V121/><F121/><W78/><G78/><T58/><D95/><U65/><E71/><V89/><F89/><W20/><G20/><T66/><D54/><U96/><E96/><V3/><F3/><W30/><G30/><AGARI ba="4,1" hai="8,13,16,22,27,30,58,62,66,81,82,88,92,97" machi="30" ten="30,7700,0" yaku="7,1,8,1,54,2" doraHai="103" who="0" fromWho="3" sc="197,99,492,0,84,0,217,-89" /><INIT seed="2,0,0,4,4,106" ten="296,492,84,128" oya="2" hai0="92,125,73,41,49,5,59,128,87,15,68,60,77" hai1="75,118,43,126,104,39,19,119,29,79,28,122,13" hai2="33,90,99,132,36,91,98,9,62,25,20,101,61" hai3="1,129,102,7,8,96,47,64,80,17,88,12,2"/><V110/><F36/><W45/><G129/><T54/><D128/><U67/><E104/><V95/><F33/><W4/><G64/><T85/><D125/><U131/><E67/><V56/><F132/><W63/><G63/><T78/><D73/><U0/><E0/><V51/><F110/><W108/><G108/><T34/><D34/><U55/><E55/><N who="2" m="31871" /><F9/><W50/><G2/><T65/><D41/><U135/><E43/><V37/><F37/><W117/><G117/><T3/><D3/><U10/><E39/><V58/><F98/><W113/><G113/><T94/><D68/><U111/><E135/><V105/><F105/><W23/><G7/><T130/><D130/><U103/><E111/><V57/><F57/><W6/><G6/><T76/><D5/><U121/><E131/><V30/><F61/><W26/><G1/><T112/><D15/><U18/><E103/><V69/><F69/><W40/><G45/><N who="0" m="27951" /><D112/><U44/><E44/><V86/><F86/><AGARI ba="0,0" hai="59,60,65,76,77,78,85,86,87,92,94" m="27951" machi="86" ten="30,1000,0" yaku="8,1" doraHai="106" who="0" fromWho="2" sc="296,10,492,0,84,-10,128,0" /><INIT seed="3,0,0,1,3,45" ten="306,492,74,128" oya="3" hai0="35,8,52,107,24,101,58,1,13,2,63,85,39" hai1="90,33,29,61,71,94,117,76,99,69,41,30,6" hai2="93,118,37,36,42,11,109,130,23,127,44,21,119" hai3="74,72,68,82,17,79,43,5,133,59,4,95,46"/><W18/><G68/><T116/><D39/><U3/><E41/><V81/><F109/><W26/><G72/><T100/><D116/><U102/><E76/><V65/><F36/><W28/><G133/><T0/><D107/><U64/><E71/><V103/><F130/><W84/><G74/><T113/><D113/><U115/><E33/><V83/><F127/><W120/><G120/><T60/><D60/><U123/><E115/><V12/><F65/><W10/><G59/><T54/><D54/><U9/><E123/><V135/><F135/><W14/><G5/><T128/><D128/><U96/><E117/><V16/><F118/><W105/><G95/><AGARI ba="0,0" hai="3,6,9,29,30,61,64,69,90,94,95,96,99,102" machi="95" ten="30,1000,0" yaku="7,1" doraHai="45" who="1" fromWho="3" sc="306,0,492,10,74,0,128,-10" owari="306,10.6,502,60.2,74,-42.6,118,-28.2" /></mjloggm>