<mjloggm ver="2.3"><GO type="225" lobby="0"/><UN n0="%33%74%72%65%65" n1="%E3%81%BF%E3%81%BF%E3%81%9A" n2="%E7%B4%94%E6%BD%94%E3%83%94%E3%83%A9%E3%83%8B%E3%82%A2" n3="%E6%98%93%E5%88%A9%E8%96%A9%E4%BC%AF" dan="17,17,17,17" rate="2157.39,2192.68,2221.31,2182.05" sx="M,M,M,F"/><TAIKYOKU oya="0"/><INIT seed="0,0,0,3,5,41" ten="250,250,250,250" oya="0" hai0="65,106,60,48,31,5,44,59,127,115,6,49,47" hai1="107,68,26,70,25,77,36,126,76,124,135,125,17" hai2="1,66,15,129,43,133,19,83,67,108,11,40,131" hai3="57,117,96,73,34,93,8,9,45,120,114,128,72"/><T79/><D115/><U46/><E107/><V24/><F108/><W53/><G114/><T38/><D38/><U81/><E135/><V78/><F133/><W0/><G34/><T82/><D106/><U75/><E77/><V105/><F1/><W89/><G117/><T123/><D123/><U99/><E99/><V42/><F24/><N who="1" m="9321" /><E17/><V90/><F90/><W110/><G110/><T91/><D31/><U13/><E13/><V50/><F50/><N who="0" m="19562" /><D79/><U54/><E54/><V102/><F102/><W20/><G128/><N who="2" m="49225" /><F105/><W56/><G120/><T103/><D103/><U63/><E63/><V22/><F11/><W10/><G0/><T116/><D116/><U39/><E39/><V2/><F2/><W111/><G111/><T118/><D118/><U16/><E16/><V29/><F29/><W113/><G113/><T122/><D122/><U3/><E3/><V84/><AGARI ba="0,0" hai="15,19,22,40,42,43,66,67,78,83,84" m="49225" machi="84" ten="30,1100,0" yaku="19,1" doraHai="41" who="2" fromWho="2" sc="250,-5,250,-3,250,11,250,-3" /><INIT seed="1,0,0,3,5,50" ten="245,247,261,247" oya="1" hai0="23,86,16,45,76,42,125,54,113,5,65,127,7" hai1="58,79,4,69,57,64,123,112,103,70,100,108,19" hai2="46,52,124,32,67,132,71,83,34,126,14,53,95" hai3="87,56,129,31,13,105,89,97,61,35,98,78,47"/><U85/><E112/><V102/><F132/><W115/><G129/><T128/><D65/><U92/><E123/><V41/><F83/><W82/><G115/><T114/><D128/><U20/><E4/><N who="0" m="1609" /><D76/><U131/><E131/><V10/><F67/><W133/><G133/><T116/><D86/><U84/><E108/><V134/><F71/><W73/><G47/><T91/><D91/><N who="1" m="53351" /><E69/><V106/><F106/><W2/><G2/><T38/><D116/><U27/><E70/><V109/><F109/><W66/><G13/><N who="0" m="9615" /><D54/><N who="2" m="21098" /><F95/><W0/><G0/><T26/><D114/><U80/><E64/><V60/><F60/><W81/><G105/><T18/><D113/><U96/><E96/><V117/><F102/><AGARI ba="0,0" hai="19,20,27,57,58,79,80,85,100,102,103" m="53351" machi="102" ten="30,1500,0" yaku="8,1" doraHai="50" who="1" fromWho="2" sc="245,0,247,15,261,-15,247,0" /><INIT seed="1,1,0,5,5,86" ten="245,262,246,247" oya="1" hai0="9,115,104,93,47,57,66,133,95,27,45,74,34" hai1="107,52,50,122,23,72,61,18,4,82,60,67,111" hai2="39,94,36,30,99,124,48,53,65,112,120,26,31" hai3="7,106,70,8,64,103,28,56,105,130,13,58,63"/><U44/><E122/><V2/><F2/><W38/><G38/><T69/><D69/><U100/><E111/><V16/><F120/><W75/><G130/><T110/><D104/><U40/><E4/><V119/><F119/><W43/><G75/><T59/><D115/><U35/><E35/><V113/><F124/><W78/><G78/><T108/><D74/><U21/><E107/><V42/><F65/><W3/><G43/><T102/><D9/><U33/><E33/><V20/><F42/><W92/><G28/><N who="0" m="19743" /><D133/><U37/><E100/><V55/><F36/><W25/><G25/><T128/><D128/><U5/><E5/><V117/><F39/><W73/><G73/><T29/><D29/><N who="2" m="10762" /><F48/><W96/><G70/><T32/><D32/><U89/><E23/><V6/><F6/><W123/><G123/><T62/><D59/><U101/><E101/><N who="2" m="60663" /><F117/><W17/><G58/><T83/><D102/><U127/><E127/><V11/><F11/><AGARI ba="1,0" hai="3,7,8,11,13,17,56,63,64,92,96,103,105,106" machi="11" ten="30,1000,0" yaku="7,1" doraHai="86" who="3" fromWho="2" sc="245,0,262,0,246,-13,247,13" /><INIT seed="2,0,0,4,4,52" ten="245,262,233,260" oya="2" hai0="74,39,55,13,77,121,125,70,115,127,132,80,61" hai1="84,85,71,33,118,21,35,8,49,22,60,98,27" hai2="112,69,107,82,18,99,113,109,104,97,5,64,37" hai3="40,58,81,53,87,124,101,57,73,17,24,7,83"/><V108/><F37/><W4/><G124/><N who="0" m="47691" /><D115/><N who="2" m="44106" /><F69/><W6/><G73/><T46/><D121/><U110/><E118/><V47/><F64/><W106/><G40/><N who="0" m="22815" /><D132/><U51/><E110/><N who="2" m="42603" /><F47/><W30/><G17/><T129/><D129/><U88/><E71/><V14/><F5/><W117/><G117/><T111/><D111/><U59/><E8/><N who="2" m="6471" /><F82/><W34/><G83/><T63/><D70/><U79/><E35/><V116/><F116/><W45/><G45/><T31/><D55/><N who="1" m="33919" /><E33/><V75/><F75/><W32/><G53/><T11/><D31/><N who="1" m="17903" /><E22/><V105/><AGARI ba="0,0" hai="97,99,104,105,107" m="6471,42603,44106" machi="105" ten="40,3900,0" yaku="14,1,10,1" doraHai="52" who="2" fromWho="2" sc="245,-13,262,-13,233,39,260,-13" /><INIT seed="2,1,0,2,2,117" ten="232,249,272,247" oya="2" hai0="118,79,33,3,69,54,25,27,68,109,125,107,83" hai1="96,41,124,14,11,42,67,97,55,76,31,48,47" hai2="56,133,91,18,85,122,51,106,43,81,82,53,112" hai3="94,90,104,61,12,49,88,9,16,40,35,45,132"/><V100/><F112/><W58/><G104/><T127/><D118/><U120/><E124/><N who="0" m="47689" /><D109/><U36/><E31/><V70/><F70/><N who="0" m="27242" /><D107/><U34/><E34/><V111/><F111/><W130/><G130/><T108/><D108/><U92/><E67/><V101/><F133/><W62/><G132/><T1/><D54/><U52/><E120/><V28/><F122/><W116/><G116/><T98/><D98/><U77/><E96/><V46/><F106/><W128/><G35/><T86/><D33/><U15/><E15/><V65/><F65/><W89/><G128/><T4/><D4/><U57/><E55/><V39/><F28/><W71/><G71/><T24/><AGARI ba="1,0" hai="1,3,24,25,27,79,83,86" m="27242,47689" machi="24" ten="40,1500,0" yaku="18,1" doraHai="117" who="0" fromWho="0" sc="232,18,249,-5,272,-8,247,-5" /><INIT seed="3,0,0,1,1,30" ten="250,244,264,242" oya="3" hai0="42,69,105,83,4,117,133,82,92,85,0,21,57" hai1="125,2,15,36,109,64,28,124,22,111,87,18,20" hai2="51,80,121,81,127,130,68,53,99,34,25,70,96" hai3="45,13,129,60,63,102,94,74,75,107,132,97,128"/><W71/><G132/><T78/><D69/><U38/><E64/><V100/><F127/><N who="1" m="48713" /><E87/><V50/><F130/><N who="3" m="50283" /><G107/><T47/><D85/><U48/><E48/><V67/><F121/><W119/><G119/><T37/><D117/><U46/><E46/><V55/><F25/><W61/><G71/><T43/><D47/><U88/><E88/><V24/><F24/><W16/><G45/><T59/><D133/><U17/><E2/><V66/><F100/><W131/><N who="3" m="50291" /><W7/><DORA hai="95" /><G7/><T23/><D4/><U90/><E90/><V115/><F34/><W29/><G29/><T32/><D0/><U6/><E6/><V113/><AGARI ba="0,0" hai="50,51,53,55,66,67,68,70,80,81,96,99,113,115" machi="113" ten="25,8000,1" yaku="0,1,22,2,52,2" doraHai="30,95" who="2" fromWho="2" sc="250,-20,244,-20,264,80,242,-40" owari="230,3.0,224,-17.6,344,44.4,202,-29.8" /></mjloggm>