<mjloggm ver="2.3"><GO type="225" lobby="0"/><UN n0="%E3%81%93%E3%81%9F%E3%82%8D%E3%81%86%E3%81%8F%E3%82%93" n1="%E3%81%95%E3%81%8D%E3%81%9F%E3%81%BE%E6%9E%97%E6%AA%8E" n2="%E5%B8%86%E7%AB%8B%E5%A4%8F%E8%A1%A3" n3="%E3%81%AF%E3%82%88%E3%81%8A%E3%81%98%E3%81%95%E3%82%93" dan="16,16,17,17" rate="2043.08,2103.05,2247.28,2151.44" sx="M,M,M,M"/><TAIKYOKU oya="0"/><INIT seed="0,0,0,2,5,125" ten="250,250,250,250" oya="0" hai0="65,3,56,82,104,109,92,118,18,124,59,37,58" hai1="30,34,26,114,22,51,44,13,31,68,74,11,97" hai2="121,47,29,133,6,71,75,39,19,90,129,89,48" hai3="4,10,66,24,116,14,40,86,62,102,7,77,135"/><T38/><D124/><U20/><E74/><V63/><F121/><W0/><G116/><T49/><D118/><U96/><E68/><V50/><F133/><W115/><G115/><T35/><D104/><U67/><E114/><V1/><F75/><W9/><G135/><T113/><D113/><U69/><E69/><V73/><F73/><W83/><G102/><T79/><D35/><U16/><E67/><V122/><F122/><W134/><G134/><T64/><D3/><U54/><REACH who="1" step="1"/><E34/><REACH who="1" ten="250,240,250,250" step="2"/><V132/><F71/><W91/><G66/><T131/><D64/><U100/><E100/><V123/><F132/><W80/><G62/><T85/><D65/><U126/><E126/><V105/><F63/><W130/><G130/><T52/><D131/><U32/><E32/><V111/><F129/><W17/><G40/><T27/><D109/><U53/><E53/><V45/><F111/><W46/><G46/><T93/><D38/><U95/><E95/><N who="0" m="36425" /><D37/><U101/><E101/><V119/><F123/><W98/><G98/><T60/><D60/><U70/><E70/><V43/><F39/><W21/><REACH who="3" step="1"/><G83/><REACH who="3" ten="250,240,250,240" step="2"/><T84/><D82/><U42/><E42/><V87/><F43/><W36/><G36/><T76/><D59/><U106/><E106/><V41/><F105/><W81/><G81/><T99/><D56/><U55/><E55/><V108/><F41/><W117/><G117/><T2/><D52/><U107/><E107/><V72/><F119/><W88/><AGARI ba="0,2" hai="0,4,7,9,10,14,17,21,24,77,80,86,88,91" machi="88" ten="30,4000,0" yaku="1,1,0,1,54,1,53,0" doraHai="125" doraHaiUra="61" who="3" fromWho="3" sc="250,-20,240,-10,250,-10,240,60" /><INIT seed="1,0,0,2,4,105" ten="230,230,240,300" oya="1" hai0="94,46,119,73,93,67,103,131,35,81,63,86,12" hai1="68,126,90,16,53,111,62,132,36,96,7,21,129" hai2="115,78,85,43,83,23,1,20,40,3,70,61,88" hai3="121,101,55,32,104,123,29,9,6,84,15,125,8"/><U135/><E36/><V28/><F115/><W37/><G37/><T108/><D119/><U124/><E7/><V38/><F1/><W91/><G125/><N who="1" m="48234" /><E111/><V2/><F3/><W133/><G133/><N who="1" m="51274" /><E53/><V107/><F107/><W22/><G32/><T33/><D33/><U48/><E48/><V71/><F2/><W30/><G55/><T122/><D35/><U118/><E118/><V130/><F130/><W52/><G52/><T100/><D131/><U59/><E59/><V54/><F38/><W80/><G9/><T74/><D122/><U51/><E51/><V65/><F71/><W27/><G30/><T56/><D46/><U58/><E58/><V69/><F69/><W112/><G112/><T134/><D134/><U14/><E129/><V45/><F54/><W127/><G127/><T98/><D108/><U102/><E90/><V19/><F45/><W31/><G29/><T39/><D39/><U47/><E47/><V4/><F4/><W42/><G42/><T76/><D12/><U13/><E13/><V109/><F109/><W18/><G6/><T11/><D11/><U25/><E14/><V82/><F43/><W89/><G91/><T41/><D41/><U17/><E17/><V87/><F40/><W116/><G116/><T49/><D49/><U57/><E57/><V77/><F88/><W72/><G123/><T117/><D117/><U99/><E102/><V0/><F0/><W66/><G121/><T97/><AGARI ba="0,0" hai="56,63,67,73,74,76,81,86,93,94,97,98,100,103" machi="97" ten="30,7900,0" yaku="0,1,9,1,52,2" doraHai="105" who="0" fromWho="0" sc="230,79,230,-39,240,-20,300,-20" /><INIT seed="2,0,0,3,1,82" ten="309,191,220,280" oya="2" hai0="98,24,48,108,133,79,33,1,44,29,118,2,21" hai1="6,68,112,74,27,28,90,25,64,53,107,88,110" hai2="43,62,119,114,73,4,124,34,54,105,99,128,40" hai3="94,37,19,96,5,103,95,86,66,46,135,69,77"/><V17/><F114/><W72/><G135/><T113/><D133/><U57/><E107/><V123/><F119/><W26/><G72/><T42/><D113/><U45/><E112/><V132/><F34/><W91/><G77/><T129/><D118/><U15/><E110/><V89/><F73/><W51/><G37/><T102/><D108/><U52/><E74/><V80/><F123/><W22/><G69/><T84/><D129/><U121/><E121/><V101/><F124/><W131/><G131/><T47/><D33/><U104/><E104/><V116/><F116/><W10/><G66/><T67/><D67/><U109/><E109/><V71/><F128/><W92/><G92/><T63/><D63/><N who="1" m="37999" /><E68/><V75/><F132/><W117/><G117/><T85/><D44/><U32/><E32/><V38/><F38/><W49/><REACH who="3" step="1"/><G46/><REACH who="3" ten="309,191,220,270" step="2"/><T39/><D39/><U127/><E45/><V31/><F71/><W7/><G7/><T76/><D76/><U18/><E6/><V35/><F75/><W100/><G100/><T0/><REACH who="0" step="1"/><D79/><REACH who="0" ten="299,191,220,270" step="2"/><U111/><E111/><V106/><F106/><AGARI ba="0,2" hai="0,1,2,21,24,29,42,47,48,84,85,98,102,106" machi="106" ten="40,8000,1" yaku="1,1,2,1,52,2,53,1" doraHai="82" doraHaiUra="36" who="0" fromWho="2" sc="299,100,191,0,220,-80,270,0" /><INIT seed="3,0,0,0,3,47" ten="399,191,140,270" oya="3" hai0="5,84,87,90,42,9,45,131,75,118,114,32,10" hai1="71,37,52,73,36,101,57,50,35,34,132,27,40" hai2="29,108,124,6,120,28,11,82,100,80,99,23,48" hai3="62,60,16,94,15,53,41,33,103,113,77,24,102"/><W20/><G113/><T126/><D118/><U3/><E73/><V30/><F108/><W123/><G123/><T4/><D75/><U49/><E3/><V22/><F124/><W69/><G41/><T104/><D126/><U134/><E101/><V59/><F120/><W89/><G77/><T1/><D104/><U85/><E71/><V54/><F11/><W97/><G69/><T76/><D32/><U31/><E34/><V106/><F6/><W105/><G102/><T67/><D67/><U72/><E72/><V115/><F115/><W135/><G135/><N who="1" m="51754" /><E85/><V26/><REACH who="2" step="1"/><F30/><REACH who="2" ten="399,191,130,270" step="2"/><W70/><G70/><T13/><D114/><U125/><E125/><V39/><F39/><W2/><G2/><T43/><D131/><U91/><E91/><V19/><F19/><W63/><G89/><T7/><D7/><U25/><E25/><AGARI ba="0,1" hai="22,23,25,26,28,29,48,54,59,80,82,99,100,106" machi="25" ten="40,5200,0" yaku="1,1,9,1,52,1,53,0" doraHai="47" doraHaiUra="107" who="2" fromWho="1" sc="399,0,191,-52,130,62,270,0" owari="399,49.9,139,-36.1,192,-20.8,270,7.0" /></mjloggm>