<mjloggm ver="2.3"><GO type="225" lobby="0"/><UN n0="%E7%B4%94%E6%BD%94%E3%83%94%E3%83%A9%E3%83%8B%E3%82%A2" n1="%E3%81%95%E3%81%8D%E3%81%9F%E3%81%BE%E6%9E%97%E6%AA%8E" n2="%70%6F%69%73%6F%6E%30%32" n3="%E3%81%BF%E3%81%BF%E3%81%9A" dan="17,16,16,17" rate="2189.53,2097.82,2073.61,2199.12" sx="M,M,M,M"/><TAIKYOKU oya="0"/><INIT seed="0,0,0,2,5,128" ten="250,250,250,250" oya="0" hai0="51,131,72,8,43,5,123,127,115,103,95,87,109" hai1="38,27,110,17,76,4,32,79,135,86,54,6,15" hai2="2,36,108,59,61,68,10,107,31,78,90,133,102" hai3="42,3,69,101,84,33,55,44,21,97,28,24,20"/><T119/><D115/><U34/><E110/><V73/><F108/><W12/><G3/><T29/><D119/><U96/><E38/><V125/><F68/><W129/><G129/><T45/><D123/><U66/><E66/><V124/><F36/><W53/><G69/><T116/><D116/><U121/><E121/><V98/><F31/><W35/><G84/><T132/><D72/><U71/><E71/><V25/><F25/><W77/><G77/><T117/><D117/><U94/><E54/><V13/><F2/><W85/><G85/><T56/><D127/><N who="2" m="48714" /><F90/><W60/><G20/><T37/><D29/><U23/><E34/><V39/><F39/><W93/><G12/><T22/><D22/><U52/><E32/><V0/><F0/><W16/><G60/><T7/><D8/><U91/><E79/><V126/><F133/><W64/><G64/><T18/><D132/><U30/><E135/><V70/><F70/><W65/><G65/><T11/><D131/><U75/><E75/><V134/><F134/><W120/><G120/><T92/><D56/><U50/><E76/><V48/><F48/><N who="3" m="26647" /><G33/><T49/><D49/><U14/><E96/><V83/><F126/><W40/><G40/><T88/><D37/><U1/><E1/><V80/><F80/><W112/><G112/><T58/><D58/><N who="1" m="33047" /><E30/><V57/><F61/><W114/><G114/><T99/><D109/><U105/><E105/><V89/><F89/><W74/><G74/><T67/><D67/><U46/><E46/><V122/><F122/><W113/><G113/><T19/><D11/><U118/><E118/><RYUUKYOKU ba="0,0" sc="250,0,250,0,250,0,250,0" hai0="5,7,18,19,43,45,51,87,88,92,95,99,103" hai1="4,6,14,15,17,23,27,86,91,94" hai2="10,13,57,59,73,78,83,98,102,107" hai3="16,21,24,28,35,53,55,93,97,101" /><INIT seed="0,1,0,3,2,23" ten="250,250,250,250" oya="0" hai0="72,64,122,52,4,79,75,20,13,30,80,33,3" hai1="65,104,84,133,109,11,123,26,113,2,34,40,91" hai2="106,81,48,73,60,45,128,126,121,89,14,16,101" hai3="15,92,18,41,99,62,31,70,130,58,8,1,71"/><T17/><D122/><U21/><E123/><V51/><F121/><W35/><G130/><T25/><D64/><U115/><E104/><V110/><F110/><W88/><G41/><T63/><D72/><U83/><E34/><V67/><F128/><W68/><G1/><T74/><D75/><U19/><E109/><V86/><F73/><W105/><G105/><T9/><REACH who="0" step="1"/><D52/><REACH who="0" ten="240,250,250,250" step="2"/><U77/><E65/><V134/><F67/><W116/><G116/><T38/><D38/><U111/><E111/><V93/><F60/><AGARI ba="1,1" hai="3,4,9,13,17,20,25,30,33,60,63,74,79,80" machi="60" ten="40,12000,1" yaku="1,1,24,2,52,1,53,0" doraHai="23" doraHaiUra="132" who="0" fromWho="2" sc="240,133,250,0,250,-123,250,0" /><INIT seed="0,2,0,1,4,124" ten="373,250,127,250" oya="0" hai0="5,24,134,6,99,58,55,36,56,87,25,8,92" hai1="41,104,103,53,35,85,131,125,75,4,67,27,100" hai2="88,98,71,64,50,60,48,130,69,119,94,0,121" hai3="126,74,129,133,116,105,45,1,38,51,77,63,113"/><T39/><D134/><U49/><E125/><V40/><F119/><W135/><RYUUKYOKU type="yao9" ba="2,0" sc="373,0,250,0,127,0,250,0" hai3="1,38,45,51,63,74,77,105,113,116,126,129,133,135" /><INIT seed="0,3,0,4,1,96" ten="373,250,127,250" oya="0" hai0="44,83,69,80,57,15,109,1,127,99,73,33,98" hai1="135,91,107,115,51,72,45,58,49,2,104,100,108" hai2="125,55,76,64,77,48,129,4,111,122,114,102,21" hai3="118,20,19,47,8,79,37,121,94,133,14,30,123"/><T29/><D1/><U59/><E108/><V68/><F111/><W105/><G105/><T46/><D69/><U66/><E72/><V74/><F122/><N who="3" m="46603" /><G118/><T117/><D117/><U38/><E2/><V50/><F114/><W3/><G133/><T22/><D127/><U131/><E38/><V56/><F125/><W11/><G79/><T13/><D33/><U101/><E135/><V18/><F129/><W25/><G94/><T31/><D73/><U16/><E91/><V7/><F68/><W116/><G116/><T71/><D71/><U65/><E45/><V54/><F64/><W10/><G47/><T110/><D57/><U106/><E106/><V75/><F21/><AGARI ba="3,0" hai="13,15,21,22,29,31,44,46,80,83,98,99,109,110" machi="21" ten="25,2400,0" yaku="22,2" doraHai="96" who="0" fromWho="2" sc="373,33,250,0,127,-33,250,0" /><INIT seed="0,4,0,5,3,94" ten="406,250,94,250" oya="0" hai0="90,30,72,121,122,41,2,106,98,125,22,16,8" hai1="58,117,43,5,60,28,87,123,95,111,42,50,9" hai2="75,44,124,0,109,21,31,68,96,46,86,81,3" hai3="64,57,1,61,126,105,104,56,10,83,12,97,79"/><T40/><D72/><U130/><E123/><V119/><F68/><W88/><G1/><T4/><D30/><U131/><E117/><V15/><F119/><W82/><G126/><T34/><D34/><U132/><E132/><V91/><F109/><W17/><G56/><T39/><D125/><U101/><E111/><V53/><F124/><W85/><REACH who="3" step="1"/><G97/><REACH who="3" ten="406,250,94,240" step="2"/><T49/><D98/><N who="1" m="59615" /><E131/><V127/><F127/><W35/><G35/><T25/><D121/><U134/><E130/><V51/><F3/><W71/><G71/><T102/><D2/><U89/><E134/><V48/><F0/><W78/><G78/><T29/><D122/><U55/><E28/><V70/><F70/><W14/><G14/><T103/><D29/><U47/><E5/><V116/><F116/><W37/><G37/><T84/><D39/><U114/><E114/><V76/><F96/><W92/><G92/><T59/><D106/><U67/><E9/><V11/><F11/><W63/><G63/><T99/><D99/><U52/><E67/><V27/><F15/><W120/><G120/><T66/><D8/><U65/><E65/><V36/><F36/><W93/><G93/><AGARI ba="4,1" hai="42,43,47,50,52,55,58,60,87,89,93" m="59615" machi="93" ten="30,3900,0" yaku="8,1,52,1,54,1" doraHai="94" who="1" fromWho="3" sc="406,0,250,61,94,0,240,-51" /><INIT seed="1,0,0,3,2,87" ten="406,311,94,189" oya="1" hai0="75,40,14,107,65,116,132,119,58,6,68,130,3" hai1="114,39,126,47,28,106,84,22,135,32,13,110,8" hai2="60,72,31,15,59,94,71,127,36,113,44,50,67" hai3="38,92,20,109,129,64,26,88,122,66,95,120,52"/><U104/><E114/><V35/><F72/><W99/><G38/><T131/><D75/><U0/><E32/><V83/><F113/><W61/><G109/><T78/><D78/><U41/><E0/><V12/><F127/><W37/><G37/><T86/><D107/><U25/><E126/><V24/><F83/><W123/><G129/><N who="0" m="49163" /><D68/><U89/><E135/><V115/><F115/><W76/><G76/><T23/><D86/><U53/><E53/><V55/><REACH who="2" step="1"/><F94/><REACH who="2" ten="406,311,84,189" step="2"/><W97/><G122/><T51/><D132/><U49/><E110/><V125/><F125/><W96/><G123/><T56/><D119/><U29/><E106/><V73/><F73/><W124/><G120/><T111/><D116/><U10/><E104/><V9/><F9/><W98/><G124/><T128/><D128/><U1/><E8/><V101/><F101/><W2/><G95/><T27/><D111/><U11/><E10/><V81/><F81/><W108/><G108/><T16/><D3/><U7/><E1/><V5/><F5/><W117/><G2/><T121/><D121/><U54/><E7/><V79/><F79/><W118/><G117/><T102/><D102/><U21/><E11/><V42/><AGARI ba="0,1" hai="12,15,24,31,35,36,42,44,50,55,59,60,67,71" machi="42" ten="30,7900,0" yaku="1,1,0,1,24,2,53,0" doraHai="87" doraHaiUra="85" who="2" fromWho="2" sc="406,-20,311,-39,84,89,189,-20" /><INIT seed="2,0,0,1,1,63" ten="386,272,173,169" oya="2" hai0="8,47,84,107,95,5,10,93,46,130,26,24,92" hai1="129,34,104,2,83,21,119,135,75,3,32,48,102" hai2="88,59,117,79,15,80,57,71,7,68,106,6,100" hai3="122,9,118,30,81,39,76,1,82,49,36,134,98"/><V128/><F117/><W16/><G118/><T61/><D107/><U23/><E119/><V96/><F128/><W87/><G122/><T94/><D130/><U115/><E115/><V52/><F59/><W74/><G134/><T58/><D84/><U113/><E113/><V89/><F71/><W120/><G120/><T108/><D94/><U116/><E129/><V90/><F68/><W25/><G98/><T73/><D73/><U33/><E135/><V110/><F110/><W22/><G49/><T105/><D105/><U72/><E116/><V51/><REACH who="2" step="1"/><F15/><REACH who="2" ten="386,272,163,169" step="2"/><W11/><G11/><T69/><D69/><U27/><E2/><V12/><F12/><W114/><G114/><T133/><D133/><U85/><E3/><V111/><F111/><W64/><G64/><N who="0" m="38967" /><D108/><U86/><E75/><AGARI ba="0,1" hai="6,7,51,52,57,75,79,80,88,89,90,96,100,106" machi="75" ten="40,7700,0" yaku="1,1,54,2,53,0" doraHai="63" doraHaiUra="132" who="2" fromWho="1" sc="386,0,272,-77,163,87,169,0" /><INIT seed="2,1,0,1,5,108" ten="386,195,250,169" oya="2" hai0="112,15,80,94,119,64,91,36,74,102,92,101,97" hai1="115,37,9,98,59,135,128,32,6,90,63,42,100" hai2="44,72,107,41,50,116,95,58,56,131,130,35,20" hai3="21,2,103,16,3,109,84,40,81,71,124,120,104"/><V11/><F35/><W10/><G120/><T4/><D36/><U52/><E115/><V0/><F107/><W118/><G118/><T26/><D112/><U57/><E32/><V25/><F72/><W29/><G109/><T70/><D119/><U123/><E135/><V38/><F116/><W106/><G71/><T30/><D70/><U83/><E123/><V7/><F95/><W88/><G124/><T49/><D64/><U39/><E128/><N who="2" m="49195" /><F38/><W86/><G40/><T114/><D114/><U27/><E39/><V125/><F125/><W75/><G75/><T28/><D49/><U62/><E37/><V121/><F121/><W87/><G29/><AGARI ba="1,0" hai="0,7,11,20,25,29,41,44,50,56,58" m="49195" machi="29" ten="30,1500,0" yaku="19,1" doraHai="108" who="2" fromWho="3" sc="386,0,195,0,250,18,169,-18" /><INIT seed="2,2,0,4,3,106" ten="386,195,268,151" oya="2" hai0="92,22,126,61,60,28,133,17,131,10,2,64,93" hai1="6,99,75,30,71,21,49,9,90,98,81,26,11" hai2="12,37,111,83,132,36,127,80,112,94,86,72,100" hai3="34,130,103,102,104,55,65,85,8,40,77,101,38"/><V67/><F112/><W78/><G34/><T25/><D126/><U128/><E71/><V66/><F127/><W124/><G104/><T89/><D131/><U7/><E128/><V96/><F132/><W73/><G130/><T27/><D133/><U39/><E39/><V1/><F1/><W45/><G124/><T68/><D60/><U4/><E49/><V118/><F118/><W116/><G116/><T62/><D62/><U51/><E51/><V16/><F83/><W123/><G123/><T5/><D89/><U0/><E75/><V48/><F48/><W109/><G65/><T3/><D3/><U84/><REACH who="1" step="1"/><E7/><REACH who="1" ten="386,185,268,151" step="2"/><V35/><F37/><W82/><G109/><T13/><D25/><U125/><E125/><V15/><F36/><W41/><G41/><T18/><D17/><U114/><E114/><V134/><F134/><W120/><G120/><T47/><D47/><U54/><E54/><V76/><F111/><W31/><G55/><T44/><D44/><U95/><E95/><V42/><F72/><W50/><G38/><T63/><D61/><U19/><E19/><V79/><F42/><W87/><G31/><T20/><AGARI ba="2,1" hai="2,5,10,13,18,20,22,27,28,63,64,68,92,93" machi="20" ten="20,1500,0" yaku="0,1,7,1" doraHai="106" who="0" fromWho="0" sc="386,31,185,-6,268,-9,151,-6" /><INIT seed="3,0,0,0,5,91" ten="417,179,259,145" oya="3" hai0="97,26,106,22,4,81,28,77,98,127,70,130,18" hai1="61,135,42,107,90,108,131,82,76,93,20,133,19" hai2="123,27,66,69,3,24,39,104,88,114,52,30,121" hai3="37,120,65,17,85,10,102,15,7,116,111,126,78"/><W71/><G116/><T79/><D70/><U36/><E108/><V43/><F114/><W59/><G120/><N who="2" m="46153" /><F104/><W109/><G37/><T103/><D127/><U8/><E131/><V110/><F110/><N who="3" m="41995" /><G126/><T21/><D130/><U34/><E107/><V80/><F3/><W119/><G119/><T115/><D97/><N who="1" m="57527" /><E34/><V29/><F43/><W99/><G71/><T125/><D22/><U89/><E89/><V35/><F39/><W84/><G78/><T132/><D18/><U58/><E8/><V25/><F66/><W41/><G41/><T2/><D26/><N who="2" m="10346" /><F30/><W1/><G59/><T55/><D28/><U51/><E36/><V63/><F69/><W54/><G65/><T13/><D79/><U12/><E42/><V11/><F63/><W122/><G122/><T31/><D77/><U0/><E51/><V57/><F11/><N who="3" m="2543" /><G54/><T33/><D55/><N who="1" m="34015" /><E0/><V56/><F52/><W40/><G40/><T96/><D2/><U38/><E38/><V105/><F105/><AGARI ba="0,0" hai="10,15,17,84,85,99,102,105" m="2543,41995" machi="105" ten="30,2900,0" yaku="14,1,10,1" doraHai="91" who="3" fromWho="2" sc="417,0,179,0,259,-29,145,29" /><INIT seed="3,1,0,2,4,127" ten="417,179,230,174" oya="3" hai0="25,51,46,35,40,92,70,55,63,34,131,14,71" hai1="3,89,57,78,54,98,15,5,76,129,117,19,68" hai2="56,49,44,8,112,82,58,123,11,121,26,48,20" hai3="107,43,52,80,10,18,50,100,33,84,69,81,106"/><W105/><G33/><T47/><D131/><U66/><E129/><V113/><F82/><W108/><G69/><T116/><D116/><U61/><E117/><V74/><F74/><W118/><G118/><T115/><D115/><U32/><E32/><V2/><F2/><W22/><G108/><T91/><D14/><U72/><E72/><V6/><F6/><W128/><G128/><T125/><D125/><U86/><E98/><V24/><F44/><W102/><G43/><T9/><D9/><U111/><E111/><V53/><F20/><W0/><G10/><T124/><D124/><U30/><E30/><V97/><F97/><W38/><G38/><T135/><D135/><U39/><E39/><V73/><F73/><W83/><G84/><T65/><D25/><U77/><E3/><V13/><F13/><W87/><G87/><T27/><D27/><U45/><E5/><V130/><F53/><W96/><G0/><T110/><D70/><U114/><E114/><V94/><F130/><W28/><G28/><T23/><D23/><N who="1" m="11775" /><E68/><V36/><F94/><W104/><G102/><T21/><D21/><U101/><E101/><V126/><F126/><W134/><G134/><T90/><D40/><U95/><E78/><V67/><F36/><W29/><G29/><T64/><D90/><U132/><E132/><V17/><F17/><W1/><G1/><T41/><D110/><U99/><E86/><V103/><F67/><W119/><G119/><T122/><D65/><U59/><E45/><V12/><F103/><W4/><N who="3" m="26624" /><DORA hai="93" /><W37/><G37/><N who="0" m="21807" /><D122/><U16/><E16/><RYUUKYOKU ba="1,0" sc="417,10,179,10,230,10,174,-30" hai0="34,35,47,51,55,63,64,71,91,92" hai1="54,57,59,61,66,76,77,89,95,99" hai2="8,11,12,24,26,48,49,56,58,112,113,121,123" owari="427,52.7,189,-21.1,240,4.0,144,-35.6" /></mjloggm>