<mjloggm ver="2.3"><GO type="225" lobby="0"/><UN n0="%72%65%6E%6B%75%6E" n1="%E3%83%B4%E3%82%A3%E3%83%AF%E3%82%B3%E3%82%B0%E3%83%8B" n2="%73%68%75%6D%70" n3="%6C%61%6D%62" dan="17,17,16,16" rate="2219.88,2202.44,2128.43,2246.26" sx="M,M,M,M"/><TAIKYOKU oya="0"/><INIT seed="0,0,0,4,3,45" ten="250,250,250,250" oya="0" hai0="37,93,81,120,41,122,57,125,62,109,115,117,53" hai1="15,34,86,19,83,36,106,135,55,20,87,129,40" hai2="103,31,56,43,104,110,2,48,80,116,39,64,75" hai3="33,30,114,134,63,92,105,130,29,85,121,5,68"/><T66/><D81/><U1/><E135/><V9/><F110/><W35/><G114/><T28/><D28/><U107/><E129/><V6/><F116/><W18/><G105/><T72/><D72/><U96/><E1/><V65/><F31/><W10/><G134/><T89/><D115/><U100/><E34/><V133/><F103/><W98/><G130/><T46/><D117/><U91/><E36/><V44/><F104/><W70/><G29/><T126/><D109/><U94/><E40/><V118/><F118/><W16/><G85/><T51/><D89/><U74/><E74/><V12/><F12/><W50/><G121/><T84/><D84/><U112/><E112/><V59/><F133/><W128/><G128/><T102/><D93/><U49/><REACH who="1" step="1"/><E87/><REACH who="1" ten="250,240,250,250" step="2"/><V11/><F39/><W69/><G35/><T60/><D102/><U131/><E131/><V24/><F43/><W23/><G33/><T127/><REACH who="0" step="1"/><D60/><REACH who="0" ten="240,240,250,250" step="2"/><U90/><E90/><V14/><F75/><W0/><G63/><T7/><D7/><U111/><E111/><V3/><F6/><W123/><G5/><T97/><D97/><U52/><E52/><V32/><F32/><W82/><G98/><T76/><D76/><U58/><AGARI ba="0,2" hai="15,19,20,49,55,58,83,86,91,94,96,100,106,107" machi="58" ten="20,8000,1" yaku="1,1,0,1,7,1,52,1,53,1" doraHai="45" doraHaiUra="95" who="1" fromWho="1" sc="240,-40,240,100,250,-20,250,-20" /><INIT seed="1,0,0,0,0,27" ten="200,340,230,230" oya="1" hai0="8,59,17,88,79,45,69,124,111,102,20,68,2" hai1="119,86,38,47,55,132,85,112,50,128,30,66,42" hai2="14,107,52,51,11,37,60,104,33,75,106,4,56" hai3="0,89,34,95,22,98,71,53,129,96,91,92,120"/><U73/><E112/><V110/><F110/><W5/><G129/><T82/><D111/><U29/><E119/><V90/><F37/><W46/><G120/><T81/><D124/><U103/><E73/><V25/><F75/><W21/><G34/><T130/><D130/><U134/><E128/><V65/><F90/><W35/><G35/><T76/><D102/><U23/><E66/><V16/><F33/><W131/><G71/><T58/><D45/><U135/><E103/><V122/><F122/><W10/><G131/><T28/><D2/><U1/><E1/><V39/><F39/><W78/><G78/><T109/><D109/><U83/><E23/><V19/><REACH who="2" step="1"/><F25/><REACH who="2" ten="200,340,220,230" step="2"/><W41/><REACH who="3" step="1"/><G53/><REACH who="3" ten="200,340,220,220" step="2"/><T117/><D79/><N who="1" m="46335" /><E86/><V31/><F31/><W93/><G93/><T100/><D76/><U123/><E123/><V18/><F18/><W36/><AGARI ba="0,2" hai="0,5,10,21,22,36,41,46,89,91,92,95,96,98" machi="36" ten="20,5200,0" yaku="1,1,0,1,7,1,9,1,53,0" doraHai="27" doraHaiUra="54" who="3" fromWho="3" sc="200,-13,340,-26,220,-13,220,72" /><INIT seed="2,0,0,2,1,74" ten="187,314,207,292" oya="2" hai0="50,42,30,109,70,59,61,78,23,62,26,2,122" hai1="47,67,41,45,20,6,11,105,19,35,96,123,129" hai2="49,83,68,73,69,29,80,34,31,17,87,36,32" hai3="127,75,43,55,86,103,88,64,58,52,101,8,46"/><V1/><F36/><W130/><G75/><T53/><D122/><U119/><E119/><V100/><F1/><W97/><G130/><T95/><D109/><U37/><E35/><V65/><F100/><W21/><G127/><T89/><D2/><U77/><E129/><V113/><F113/><W60/><G8/><T112/><D112/><U79/><E123/><V66/><F49/><N who="3" m="26847" /><G21/><T5/><D5/><U27/><E67/><V93/><F73/><W135/><G135/><T25/><D70/><U99/><E45/><V85/><F93/><N who="3" m="58543" /><G103/><T126/><D42/><U9/><E9/><V44/><F44/><W94/><AGARI ba="0,0" hai="52,55,58,60,64,86,88,94" m="58543,26847" machi="94" ten="30,4000,0" yaku="8,1,54,2" doraHai="74" who="3" fromWho="3" sc="187,-10,314,-10,207,-20,292,40" /><INIT seed="3,0,0,3,2,10" ten="177,304,187,332" oya="3" hai0="14,53,133,52,64,92,41,39,116,49,13,118,120" hai1="20,126,34,55,69,51,32,1,23,2,57,125,78" hai2="129,5,115,21,15,113,70,85,132,101,96,77,87" hai3="134,124,121,7,94,17,93,130,12,47,28,123,56"/><W80/><G7/><T65/><D120/><U104/><E104/><V37/><F37/><W63/><G134/><T79/><D39/><U99/><E69/><V105/><F70/><W103/><G130/><T8/><D133/><U81/><E99/><V22/><F129/><W131/><G131/><T67/><D79/><U71/><E71/><V74/><F132/><W122/><G28/><T50/><D41/><U117/><E117/><V66/><F66/><W62/><G124/><N who="1" m="47722" /><E32/><V112/><F74/><W30/><G30/><T90/><D116/><U61/><E34/><V86/><F77/><W110/><G110/><T24/><D24/><U0/><E51/><N who="0" m="19465" /><D118/><U91/><E91/><V111/><F111/><W59/><G103/><T44/><D44/><U43/><E43/><V16/><F5/><W88/><G47/><T68/><D68/><U58/><E57/><N who="3" m="22090" /><G123/><T83/><D83/><U135/><E135/><V11/><AGARI ba="0,0" hai="11,15,16,21,22,85,86,87,96,101,105,112,113,115" machi="11" ten="40,5200,0" yaku="0,1,52,1,54,1" doraHai="10" who="2" fromWho="2" sc="177,-13,304,-13,187,52,332,-26" owari="164,-33.6,291,9.1,239,-16.1,306,40.6" /></mjloggm>