<mjloggm ver="2.3"><GO type="225" lobby="0"/><UN n0="%E9%B4%A8%4E%45%47%49" n1="%77%72%77%72%77%72%77%72" n2="%E7%9A%AE%E3%80%85" n3="%4B%2E%32%2E%4B%2E" dan="16,17,16,17" rate="2073.42,2174.81,2100.60,2178.74" sx="M,M,M,M"/><TAIKYOKU oya="0"/><INIT seed="0,0,0,1,4,100" ten="250,250,250,250" oya="0" hai0="108,133,95,4,36,1,29,13,81,98,45,109,94" hai1="33,124,50,35,53,80,44,65,113,93,118,61,131" hai2="51,73,101,17,107,7,64,111,28,83,0,59,122" hai3="41,110,112,97,8,11,63,10,12,26,56,39,114"/><T88/><D1/><U48/><E118/><V77/><F122/><W119/><G119/><T125/><D29/><U75/><E131/><V14/><F28/><W21/><G110/><N who="0" m="42603" /><D133/><U25/><E124/><V58/><F111/><W121/><G121/><T106/><D125/><U46/><E113/><V116/><F116/><W24/><G41/><N who="0" m="22695" /><D13/><U135/><E135/><V3/><F7/><W115/><G39/><T129/><D4/><U91/><E25/><V87/><F87/><W55/><G12/><T27/><D27/><U40/><E80/><V6/><F6/><W42/><G42/><T84/><D129/><U22/><E75/><V90/><F90/><W57/><G21/><T103/><AGARI ba="0,0" hai="81,84,88,94,95,98,103,106" m="22695,42603" machi="103" ten="30,11700,0" yaku="14,1,10,1,52,1,54,1" doraHai="100" who="0" fromWho="0" sc="250,117,250,-39,250,-39,250,-39" /><INIT seed="0,1,0,2,0,54" ten="367,211,211,211" oya="0" hai0="71,15,134,39,40,127,121,66,33,9,51,108,30" hai1="85,11,64,28,53,8,73,3,37,29,132,135,13" hai2="59,128,83,56,20,86,70,61,7,84,38,96,57" hai3="65,118,88,75,81,23,111,106,25,89,50,63,4"/><T27/><D121/><U78/><E73/><V125/><F38/><W67/><G118/><T52/><D134/><N who="1" m="51243" /><E37/><V12/><F128/><W117/><G117/><T10/><D127/><U102/><E64/><N who="2" m="38951" /><F70/><W131/><G106/><T122/><D122/><U1/><E102/><V101/><F125/><W130/><G111/><T90/><D108/><U14/><E53/><V31/><F86/><W80/><G4/><T114/><D114/><U98/><E98/><V91/><F7/><W68/><G50/><T113/><D39/><U95/><E95/><N who="2" m="58527" /><F12/><N who="1" m="4713" /><E85/><V124/><F124/><W103/><G103/><T93/><D40/><U109/><E78/><V115/><F115/><W72/><G67/><T129/><D66/><U2/><E109/><V79/><F79/><W76/><G75/><T126/><D71/><U69/><E69/><V92/><F92/><W18/><REACH who="3" step="1"/><G81/><REACH who="3" ten="367,211,211,201" step="2"/><T100/><D113/><U32/><E32/><V116/><F116/><W34/><G34/><T16/><D100/><U49/><E49/><V17/><F17/><W55/><G55/><T0/><D126/><U35/><E35/><V97/><F97/><W133/><G133/><T104/><D104/><U74/><E74/><V87/><F87/><W60/><G60/><T120/><D120/><U123/><E123/><V36/><F36/><W21/><G21/><T19/><D52/><U110/><E110/><V5/><F5/><W22/><G22/><T46/><D51/><U44/><E44/><V26/><AGARI ba="1,1" hai="20,26,31,57,59,83,84,91" m="58527,38951" machi="26" ten="30,8000,1" yaku="25,1,8,1,52,3" doraHai="54" who="2" fromWho="2" sc="367,-41,211,-21,211,93,201,-21" /><INIT seed="1,0,0,5,0,77" ten="326,190,304,180" oya="1" hai0="9,90,34,110,106,49,135,130,121,102,67,76,80" hai1="128,39,120,23,86,125,13,75,108,119,95,33,116" hai2="107,59,27,55,72,115,88,79,109,64,131,81,31" hai3="11,37,12,40,24,19,63,15,78,18,89,48,113"/><U54/><E120/><V62/><F109/><W82/><G113/><T124/><D34/><U10/><E33/><V32/><F131/><W7/><G37/><T17/><D67/><U96/><E75/><V8/><F107/><W16/><G89/><T38/><D38/><U66/><E128/><V133/><F133/><W101/><G101/><T21/><D9/><U30/><E39/><V65/><F115/><W117/><G117/><T0/><D0/><U123/><E123/><V36/><F36/><W51/><G24/><T97/><D130/><U58/><E108/><V68/><F8/><W28/><G28/><T118/><D110/><U60/><E125/><V98/><REACH who="2" step="1"/><F68/><REACH who="2" ten="326,190,294,180" step="2"/><W53/><G11/><T61/><D124/><U45/><E119/><V70/><F70/><W71/><G71/><T132/><D118/><U73/><E116/><V87/><F87/><N who="3" m="48599" /><G7/><T85/><D132/><U74/><E86/><V92/><AGARI ba="0,1" hai="27,31,32,55,59,62,64,65,72,79,81,88,92,98" machi="92" ten="30,7900,0" yaku="1,1,0,1,52,1,54,1,53,0" doraHai="77" doraHaiUra="126" who="2" fromWho="2" sc="326,-20,190,-39,294,89,180,-20" /><INIT seed="2,0,0,3,5,56" ten="306,151,383,160" oya="2" hai0="108,103,70,76,25,43,15,133,111,45,72,107,14" hai1="128,62,47,33,18,17,95,65,20,98,46,2,68" hai2="117,63,91,60,32,130,123,38,52,55,5,84,49" hai3="110,39,83,28,34,86,77,41,71,116,50,89,35"/><V75/><F75/><W48/><G116/><T93/><D70/><U51/><E128/><V85/><F117/><W132/><G71/><T118/><D118/><U66/><E33/><V124/><F123/><W92/><G110/><T30/><D133/><U59/><E2/><V61/><F32/><W97/><G132/><T67/><D107/><U29/><E29/><V54/><F130/><W81/><G39/><T127/><D127/><U64/><E17/><V79/><F124/><W69/><G69/><T129/><D129/><U82/><E82/><N who="2" m="49559" /><F5/><W106/><G35/><T80/><D67/><N who="1" m="39391" /><E68/><V16/><F38/><W119/><G119/><T9/><D108/><U125/><E125/><V22/><F85/><W96/><G41/><T114/><D114/><U73/><E51/><V53/><F79/><W134/><G134/><T115/><D115/><U10/><E10/><V112/><F112/><W26/><REACH who="3" step="1"/><G83/><REACH who="3" ten="306,151,383,150" step="2"/><T101/><D111/><U19/><E73/><V36/><F36/><W120/><G120/><T122/><D80/><U78/><E78/><V90/><F54/><W0/><G0/><T31/><D76/><U57/><E64/><V109/><F109/><W94/><G94/><T58/><D93/><U100/><E65/><V74/><F74/><W23/><G23/><T126/><D72/><U131/><E131/><V121/><F121/><W21/><G21/><T44/><D122/><U99/><E20/><V12/><F90/><W13/><G13/><T37/><D126/><U87/><E66/><V104/><F104/><W88/><G88/><T3/><D3/><U24/><E95/><RYUUKYOKU ba="0,1" sc="306,-15,151,-15,383,15,150,15" hai2="12,16,22,49,52,53,55,60,61,63" hai3="26,28,34,48,50,77,81,86,89,92,96,97,106" /><INIT seed="2,1,1,4,4,83" ten="291,136,398,165" oya="2" hai0="120,108,41,82,112,34,105,18,114,109,77,39,119" hai1="37,5,84,48,58,98,87,128,42,117,13,33,14" hai2="118,7,6,31,11,54,28,102,123,2,59,72,107" hai3="52,44,125,23,133,99,21,1,10,124,56,47,66"/><V63/><F118/><W130/><G130/><T35/><D18/><U49/><E117/><V36/><F123/><W73/><G73/><N who="0" m="43311" /><D119/><U81/><E128/><V127/><F72/><W97/><G133/><T91/><D91/><U74/><E33/><N who="0" m="12297" /><D120/><U116/><E116/><V70/><F70/><W104/><G66/><T64/><D64/><U129/><E129/><V115/><F36/><W96/><G104/><T19/><D19/><U122/><E122/><V9/><F107/><W50/><G21/><T8/><D8/><U29/><E29/><V134/><F31/><W106/><G106/><T46/><D105/><U121/><E121/><V26/><F28/><W53/><G23/><T86/><D86/><N who="1" m="32811" /><E98/><V55/><F115/><AGARI ba="1,1" hai="39,41,46,108,109,112,114,115" m="12297,43311" machi="115" ten="30,1000,0" yaku="23,1" doraHai="83" who="0" fromWho="2" sc="291,23,136,0,398,-13,165,0" /><INIT seed="3,0,0,4,3,133" ten="314,136,385,165" oya="3" hai0="13,131,108,33,41,73,29,98,12,59,15,77,54" hai1="26,55,46,120,113,45,109,49,5,134,37,76,89" hai2="47,56,50,122,44,9,103,94,69,65,2,63,132" hai3="87,48,128,101,72,36,10,92,61,25,96,80,4"/><W111/><G36/><T22/><D108/><U71/><E109/><V30/><F132/><W35/><G111/><T11/><D131/><U18/><E134/><V51/><F122/><W135/><G135/><T23/><D41/><U14/><E120/><V129/><F129/><W106/><G128/><T68/><D68/><U88/><E113/><V102/><F69/><W43/><G72/><T40/><D40/><U110/><E71/><V19/><F30/><W112/><G112/><T90/><D73/><U99/><E110/><V66/><F66/><W70/><G70/><T17/><D77/><U38/><E76/><V1/><F1/><W27/><G61/><T20/><D98/><U83/><E5/><V64/><F64/><W125/><G125/><T67/><D90/><U107/><E26/><V74/><F74/><W85/><G106/><T60/><D67/><U118/><E118/><V34/><F34/><W42/><G87/><T81/><D81/><U0/><E0/><V84/><F2/><W105/><G105/><T31/><D33/><U126/><E126/><V3/><F3/><N who="3" m="287" /><G48/><N who="2" m="18473" /><F84/><W6/><G6/><T93/><D93/><N who="1" m="56743" /><E107/><V127/><F127/><W114/><G114/><T24/><D24/><N who="3" m="9289" /><G35/><T121/><D121/><U86/><E45/><N who="2" m="17483" /><F94/><W130/><G130/><T52/><REACH who="0" step="1"/><D54/><REACH who="0" ten="304,136,385,165" step="2"/><U53/><E53/><V21/><F65/><W75/><G75/><T97/><D97/><U32/><E32/><V82/><F82/><W16/><G16/><T28/><AGARI ba="0,1" hai="11,12,13,15,17,20,22,23,28,29,31,52,59,60" machi="28" ten="30,7900,0" yaku="1,1,0,1,8,1,54,1,53,0" doraHai="133" doraHaiUra="116" who="0" fromWho="0" sc="304,89,136,-20,385,-20,165,-39" owari="393,49.3,116,-38.4,365,16.5,126,-27.4" /></mjloggm>