<mjloggm ver="2.3"><GO type="225" lobby="0"/><UN n0="%E3%81%82%E3%81%84%E3%81%82%E3%81%8A%E3%81%84" n1="%E8%81%B7%E6%A5%AD%E3%80%81%E9%A2%A8%32" n2="%E5%91%A8%E6%9D%B1" n3="%E4%BC%8A%E7%B9%94%E3%82%82%E3%81%88" dan="18,16,16,16" rate="2188.98,2154.18,2193.63,2112.55" sx="M,M,M,M"/><TAIKYOKU oya="0"/><INIT seed="0,0,0,1,0,58" ten="250,250,250,250" oya="0" hai0="18,122,109,69,21,112,101,79,42,121,119,97,81" hai1="37,53,0,117,90,80,14,20,126,47,133,41,30" hai2="134,67,27,85,111,76,135,39,132,12,49,83,105" hai3="70,46,128,3,120,104,28,127,60,5,75,95,8"/><T61/><D112/><U55/><E117/><V68/><F39/><W87/><G104/><T24/><D119/><U22/><E126/><V94/><F105/><W102/><G75/><T82/><D42/><U74/><E133/><V15/><F111/><W16/><G28/><T50/><D109/><U17/><E0/><V56/><F27/><W91/><G127/><T123/><D50/><U33/><E33/><V99/><F68/><W103/><G128/><T36/><D36/><U11/><E90/><V77/><F77/><W38/><G120/><T118/><D118/><U23/><REACH who="1" step="1"/><E30/><REACH who="1" ten="250,240,250,250" step="2"/><V40/><F134/><W19/><G103/><T116/><D116/><U100/><E100/><V131/><F135/><W6/><G102/><T84/><D82/><U65/><E65/><V129/><F132/><W7/><G3/><T66/><REACH who="0" step="1"/><D122/><REACH who="0" ten="240,240,250,250" step="2"/><U89/><E89/><N who="2" m="55759" /><F131/><W54/><G91/><T92/><AGARI ba="0,2" hai="18,21,24,61,66,69,79,81,84,92,97,101,121,123" machi="92" ten="20,12000,1" yaku="1,1,0,1,7,1,52,1,53,1" doraHai="58" doraHaiUra="63" who="0" fromWho="0" sc="240,140,240,-40,250,-40,250,-40" /><INIT seed="0,1,0,1,4,134" ten="380,200,210,210" oya="0" hai0="62,26,16,93,55,122,6,80,45,77,95,24,85" hai1="70,97,64,119,114,34,21,4,52,67,59,133,29" hai2="104,9,96,3,17,14,33,72,132,20,49,5,36" hai3="1,7,30,53,8,73,82,57,69,120,50,37,12"/><T92/><D122/><U61/><E119/><V66/><F132/><W11/><G69/><T135/><D135/><U63/><E133/><V32/><F36/><W121/><G37/><T111/><D111/><U87/><E114/><V48/><F72/><W41/><G41/><T113/><D113/><U106/><E4/><V60/><F104/><W89/><G30/><T19/><D6/><U2/><E2/><V88/><F33/><W79/><REACH who="3" step="1"/><G89/><REACH who="3" ten="380,200,210,200" step="2"/><T129/><D129/><U46/><E34/><V117/><F32/><W42/><G42/><T18/><D45/><U22/><E46/><V83/><F117/><W75/><G75/><T94/><N who="0" m="23552" /><DORA hai="103" /><T31/><D31/><U13/><E29/><V90/><F90/><W28/><G28/><T68/><D68/><U98/><E70/><V100/><F96/><W110/><G110/><T107/><D107/><U54/><E106/><V86/><REACH who="2" step="1"/><F100/><REACH who="2" ten="380,200,200,200" step="2"/><W128/><G128/><T27/><D27/><U51/><E97/><V25/><F25/><W108/><G108/><T84/><D84/><U39/><E98/><V116/><F116/><W125/><G125/><T23/><D26/><U126/><E87/><V91/><F91/><W131/><G131/><T0/><D24/><U40/><E126/><V123/><F123/><W65/><G65/><T109/><D109/><U124/><E124/><V58/><AGARI ba="1,2" hai="3,5,9,14,17,20,48,49,58,60,66,83,86,88" machi="58" ten="20,12000,2" yaku="1,1,0,1,7,1,54,1,53,3" doraHai="134,103" doraHaiUra="47,15" who="2" fromWho="2" sc="380,-61,200,-31,200,143,200,-31" /><INIT seed="1,0,0,3,1,13" ten="319,169,343,169" oya="1" hai0="40,89,26,127,25,43,63,99,116,131,44,80,129" hai1="50,74,49,17,42,27,78,0,55,36,118,60,113" hai2="108,16,114,73,18,88,128,119,92,47,85,87,84" hai3="45,133,65,52,122,29,30,35,41,68,10,103,126"/><U9/><E118/><V38/><F73/><W54/><G122/><T23/><D116/><U125/><E113/><V123/><F123/><W101/><G133/><T111/><D111/><U96/><E125/><V130/><F119/><W53/><G126/><T104/><D127/><U6/><E96/><N who="2" m="57351" /><F108/><W37/><G10/><T67/><D80/><N who="1" m="45143" /><E60/><V24/><F24/><W94/><G35/><T69/><D26/><U28/><E55/><V79/><F79/><W3/><G3/><T57/><D69/><U71/><E71/><V76/><F76/><W58/><G68/><T48/><D43/><U33/><E17/><V66/><F66/><W98/><REACH who="3" step="1"/><G101/><REACH who="3" ten="319,169,343,159" step="2"/><T14/><D129/><U1/><E0/><V117/><F128/><W34/><G34/><T105/><D131/><U93/><E93/><V109/><F130/><W124/><G124/><T31/><D105/><U70/><E70/><V51/><F117/><W56/><G56/><T81/><D104/><U95/><E95/><V4/><F109/><W12/><G12/><T15/><D81/><U110/><E110/><V86/><F114/><W120/><G120/><T46/><D46/><AGARI ba="0,1" hai="1,6,9,27,28,33,36,42,46,49,50" m="45143" machi="46" ten="30,1500,0" yaku="25,1" doraHai="13" who="1" fromWho="0" sc="319,-15,169,25,343,0,159,0" /><INIT seed="1,1,0,1,5,44" ten="304,194,343,159" oya="1" hai0="68,20,48,39,99,76,66,90,127,46,113,103,112" hai1="108,100,81,22,77,49,129,133,106,10,65,95,11" hai2="15,35,105,8,29,7,47,85,17,14,53,24,3" hai3="135,118,126,109,86,83,36,72,0,116,37,84,91"/><U2/><E129/><V19/><F105/><W32/><G32/><T21/><D39/><U5/><E133/><V104/><F104/><W97/><G0/><T119/><D119/><N who="3" m="45609" /><G36/><T107/><D127/><U111/><E106/><V50/><F85/><N who="3" m="50623" /><G37/><T70/><D76/><U31/><E65/><V87/><F3/><W69/><G69/><T114/><D90/><U1/><E100/><V57/><F87/><N who="3" m="33323" /><G126/><T115/><D115/><U110/><E95/><V4/><F57/><W92/><G135/><T75/><D66/><U13/><E31/><V60/><F60/><W59/><G59/><T80/><D70/><U67/><E67/><V73/><F73/><W120/><G109/><T28/><D68/><U121/><E1/><V18/><F18/><W9/><G9/><AGARI ba="1,0" hai="4,7,8,9,14,15,17,19,24,29,35,47,50,53" machi="9" ten="30,3900,0" yaku="7,1,9,1,52,1" doraHai="44" who="2" fromWho="3" sc="304,0,194,0,343,42,159,-42" /><INIT seed="2,0,0,4,4,129" ten="304,194,385,117" oya="2" hai0="27,113,86,99,133,44,49,4,53,134,68,42,110" hai1="26,54,102,91,94,120,15,73,70,126,14,28,33" hai2="9,97,59,104,80,64,123,8,5,96,114,10,51" hai3="118,93,62,95,55,121,108,24,36,115,78,20,52"/><V61/><F123/><W29/><G118/><T112/><D4/><U58/><E70/><V19/><F114/><W105/><G121/><T87/><D68/><U63/><E73/><V117/><F117/><W100/><G115/><T38/><D99/><U37/><E37/><V56/><F104/><W119/><G119/><T128/><D128/><U6/><E102/><V21/><F5/><W125/><G108/><T48/><D110/><U132/><E120/><V79/><F51/><W75/><G36/><T106/><D106/><U11/><E126/><V47/><F47/><W92/><G125/><T69/><D69/><U41/><E41/><V16/><F19/><W23/><G23/><T122/><D122/><U135/><REACH who="1" step="1"/><E15/><REACH who="1" ten="304,184,385,117" step="2"/><N who="2" m="9375" /><F59/><W88/><G105/><T107/><D107/><U35/><E35/><V7/><F7/><W30/><G30/><T124/><D124/><U2/><E2/><V39/><F39/><W89/><G100/><T3/><D3/><U116/><E116/><V84/><AGARI ba="0,1" hai="8,9,10,56,61,64,79,80,84,96,97" m="9375" machi="84" ten="30,3000,0" yaku="8,1,54,1" doraHai="129" who="2" fromWho="2" sc="304,-10,184,-10,385,40,117,-10" /><INIT seed="2,1,0,0,1,68" ten="294,174,425,107" oya="2" hai0="0,93,109,119,135,11,15,40,123,55,97,9,96" hai1="57,27,39,59,25,89,132,87,90,76,131,124,120" hai2="128,36,104,41,74,8,20,24,86,78,71,118,126" hai3="49,88,35,48,69,81,111,102,65,134,5,33,63"/><V67/><F104/><W3/><G134/><T84/><D123/><U42/><E132/><V31/><F118/><W51/><G111/><T46/><D135/><U99/><E120/><V79/><F74/><W26/><G102/><T129/><D109/><U22/><E124/><V28/><F126/><W83/><G83/><T125/><D125/><U21/><E131/><V66/><F128/><W100/><G100/><T95/><D129/><U70/><E70/><V54/><F36/><W4/><G26/><T64/><D64/><U18/><E42/><V2/><F41/><W7/><REACH who="3" step="1"/><G3/><REACH who="3" ten="294,174,425,97" step="2"/><T16/><D0/><U75/><E90/><V110/><F24/><W92/><G92/><T121/><D95/><U38/><E25/><V116/><F2/><W117/><G117/><T103/><D93/><U23/><E89/><V62/><F116/><W85/><AGARI ba="1,1" hai="4,5,7,33,35,48,49,51,63,65,69,81,85,88" machi="85" ten="40,5200,0" yaku="1,1,0,1,54,1,53,0" doraHai="68" doraHaiUra="115" who="3" fromWho="3" sc="294,-14,174,-14,425,-27,97,65" /><INIT seed="3,0,0,4,0,93" ten="280,160,398,162" oya="3" hai0="100,92,32,85,111,82,103,2,112,16,122,86,113" hai1="25,10,67,47,87,64,22,59,90,126,6,95,83" hai2="20,70,115,54,114,129,76,106,49,45,116,79,91" hai3="84,14,39,55,124,110,43,78,13,66,18,33,1"/><W37/><G1/><T29/><D2/><U65/><E126/><V120/><F116/><W48/><G124/><T125/><D125/><U133/><E133/><V3/><F70/><W35/><G66/><T61/><D122/><U130/><E130/><V57/><F3/><W7/><G7/><T23/><D111/><U46/><E10/><V132/><F106/><W81/><G110/><T9/><D9/><U73/><E6/><V71/><F71/><W68/><G68/><T77/><D61/><U40/><E59/><V17/><F79/><W123/><G123/><T15/><D86/><N who="1" m="52695" /><E40/><V56/><F76/><W131/><G131/><T72/><D72/><U128/><E73/><V98/><F20/><W5/><G5/><T4/><D4/><U42/><E42/><V69/><F132/><W104/><G104/><T117/><D117/><U127/><E128/><V134/><F69/><W99/><G99/><T135/><D135/><U44/><E127/><V30/><F115/><N who="0" m="44106" /><D92/><U105/><E105/><V31/><F120/><W60/><G60/><T121/><D121/><U80/><E87/><V11/><F11/><N who="3" m="6463" /><G14/><T38/><D38/><N who="3" m="14345" /><G43/><T108/><D108/><U58/><E58/><V109/><F56/><W75/><G75/><T74/><D74/><U52/><E52/><V118/><F118/><W62/><G62/><T94/><D94/><U41/><E41/><V34/><F129/><W28/><G28/><AGARI ba="0,0" hai="22,25,28,44,46,47,64,65,67,80,83" m="52695" machi="28" ten="30,1000,0" yaku="8,1" doraHai="93" who="1" fromWho="3" sc="280,0,160,10,398,0,162,-10" owari="280,8.0,170,-23.0,398,49.8,152,-34.8" /></mjloggm>