<mjloggm ver="2.3"><GO type="225" lobby="0"/><UN n0="%EF%BC%AE%EF%BC%A1%EF%BC%AF%33%33%39" n1="%E3%83%A9%E3%82%A4%E3%83%B3%E3%81%AE%E8%99%8E" n2="%E3%83%81%E3%83%83%E3%82%BF%E3%82%BD%E3%83%BC" n3="%E9%A6%AC%E5%BC%95%E7%81%AB%33" dan="16,16,16,16" rate="2102.95,2165.78,2176.37,2127.60" sx="M,M,F,M"/><TAIKYOKU oya="0"/><INIT seed="0,0,0,1,0,14" ten="250,250,250,250" oya="0" hai0="25,54,83,39,113,57,62,34,21,9,108,102,99" hai1="126,121,4,82,72,43,48,5,89,59,20,41,10" hai2="84,71,75,131,76,79,56,36,69,2,110,81,112" hai3="3,53,47,46,119,66,111,85,18,44,28,90,109"/><T40/><D113/><U38/><E121/><V123/><F123/><W32/><G119/><T16/><D34/><U97/><E126/><V8/><F112/><W133/><G133/><T0/><D108/><N who="3" m="41545" /><G3/><T103/><D83/><U132/><E38/><V125/><F110/><W116/><G116/><T92/><D39/><U88/><E132/><V61/><F125/><W94/><G66/><T55/><D40/><U87/><E72/><V80/><F36/><W42/><G53/><T1/><D102/><U17/><E59/><V100/><F131/><W117/><G117/><T30/><D55/><U91/><E10/><V77/><F77/><W68/><G68/><T129/><D129/><U33/><E33/><V52/><REACH who="2" step="1"/><F100/><REACH who="2" ten="250,250,240,250" step="2"/><W45/><G42/><T22/><REACH who="0" step="1"/><D9/><REACH who="0" ten="240,250,240,250" step="2"/><U107/><E43/><V64/><F64/><W96/><G90/><T13/><AGARI ba="0,2" hai="0,1,13,16,21,22,25,30,54,57,62,92,99,103" machi="13" ten="20,18000,2" yaku="1,1,2,1,0,1,7,1,52,1,54,1,53,0" doraHai="14" doraHaiUra="114" who="0" fromWho="0" sc="240,200,250,-60,240,-60,250,-60" /><INIT seed="0,1,0,1,0,1" ten="440,190,180,190" oya="0" hai0="13,35,72,9,133,47,18,81,43,131,25,83,50" hai1="126,120,93,41,31,7,28,79,20,59,129,118,48" hai2="60,82,101,65,123,100,29,110,76,70,51,56,24" hai3="113,87,0,128,26,115,49,105,11,68,61,102,63"/><T117/><D117/><U34/><E118/><V122/><F110/><W86/><G49/><T90/><D72/><U84/><E120/><V107/><F122/><W8/><G0/><T58/><D131/><U10/><E34/><V30/><F123/><W22/><G22/><T134/><D58/><U55/><E126/><V112/><F112/><W104/><G102/><T19/><D90/><U78/><E41/><V52/><F107/><W53/><G26/><T109/><D109/><U64/><E64/><V96/><F96/><W67/><G53/><T94/><D94/><U27/><E31/><V88/><F30/><W42/><G42/><T73/><D73/><U135/><E135/><N who="0" m="51721" /><D19/><U62/><E62/><V14/><F14/><W85/><G85/><T75/><D75/><U77/><E129/><V108/><F108/><W37/><G128/><T40/><D43/><U124/><E124/><V74/><REACH who="2" step="1"/><F88/><REACH who="2" ten="440,190,170,190" step="2"/><W132/><G132/><T66/><D13/><N who="1" m="5343" /><E93/><V39/><F39/><W125/><G37/><T99/><D99/><U114/><E114/><V119/><F119/><W32/><G125/><T45/><D83/><AGARI ba="1,1" hai="20,27,28,48,55,59,77,78,79,83,84" m="5343" machi="83" ten="30,2000,0" yaku="8,1,52,1" doraHai="1" who="1" fromWho="0" sc="440,-23,190,33,170,0,190,0" /><INIT seed="1,0,0,2,2,123" ten="417,223,170,190" oya="1" hai0="75,63,122,71,35,58,93,121,54,9,108,111,6" hai1="135,78,128,28,114,92,74,95,4,55,83,115,1" hai2="37,21,61,51,82,119,90,49,48,3,32,68,91" hai3="132,126,26,56,72,116,52,41,65,22,2,17,102"/><U70/><E70/><V67/><F32/><W89/><G2/><T36/><D36/><U62/><E28/><V97/><F119/><W110/><G72/><T7/><D35/><U27/><E27/><V42/><F3/><W107/><G116/><T100/><D75/><U18/><E18/><V77/><F97/><W118/><G118/><T11/><D71/><U98/><E55/><V40/><F21/><W57/><G126/><T59/><D100/><U113/><E62/><V31/><F31/><W38/><G132/><T101/><D101/><U79/><E4/><N who="0" m="1577" /><D93/><U53/><E53/><V94/><F37/><W133/><G133/><T84/><D84/><U44/><E44/><V25/><F25/><W80/><G102/><T64/><D11/><U46/><E46/><V16/><F16/><W23/><G107/><T0/><D9/><U109/><E1/><V29/><F29/><W124/><G124/><T30/><D30/><U103/><E135/><V106/><F106/><W8/><G8/><T43/><D43/><U45/><E45/><V127/><F127/><W5/><G5/><T60/><D0/><U13/><E13/><V86/><REACH who="2" step="1"/><F91/><REACH who="2" ten="417,223,160,190" step="2"/><W104/><G104/><T85/><D85/><U81/><E98/><V50/><N who="2" m="12288" /><DORA hai="66" /><V130/><F130/><W125/><G23/><T73/><D73/><U99/><E128/><V112/><F112/><W87/><G125/><T120/><AGARI ba="0,1" hai="54,58,59,60,63,64,108,111,120,121,122" m="1577" machi="120" ten="40,5200,0" yaku="13,1,52,2" doraHai="123,66" who="0" fromWho="0" sc="417,62,223,-26,160,-13,190,-13" /><INIT seed="2,0,0,4,5,27" ten="479,197,147,177" oya="2" hai0="119,40,57,72,129,75,117,84,28,100,89,51,13" hai1="101,67,5,77,108,24,130,17,73,135,74,36,14" hai2="60,46,32,20,56,61,116,49,3,111,63,128,52" hai3="79,8,118,43,71,124,126,62,112,15,68,122,30"/><V127/><F32/><W41/><G118/><T31/><D100/><U92/><E36/><V42/><F3/><W48/><G122/><T7/><D129/><U59/><E77/><V54/><F116/><N who="0" m="44618" /><D13/><U81/><E81/><V6/><F6/><W106/><G106/><T65/><D7/><U53/><E67/><N who="2" m="39303" /><F128/><W22/><G79/><T58/><D65/><U103/><E5/><V37/><F20/><W95/><G95/><N who="0" m="54695" /><D57/><U113/><E130/><V104/><F104/><W64/><G71/><T80/><D80/><U93/><E93/><V1/><F1/><W88/><G112/><T96/><D96/><U123/><E92/><V94/><F94/><W99/><G99/><T26/><D26/><U86/><E103/><V44/><F127/><W121/><G121/><T114/><D114/><U4/><E101/><V10/><F10/><W98/><G98/><T97/><D97/><U33/><E4/><V131/><F131/><W29/><G88/><T76/><D76/><U70/><E113/><V2/><F2/><W91/><G91/><T39/><D39/><U9/><E9/><V11/><F11/><W115/><G115/><T25/><D25/><U102/><E24/><V38/><F111/><W35/><G35/><T132/><D132/><U105/><E108/><V0/><F0/><W23/><G8/><T134/><D134/><U120/><E33/><V34/><F34/><W82/><G82/><T125/><D125/><N who="3" m="48233" /><G15/><T55/><D40/><U85/><E135/><V107/><F107/><W19/><G41/><T87/><D87/><N who="1" m="33291" /><E105/><V12/><F37/><W45/><G23/><RYUUKYOKU ba="0,0" sc="479,15,197,-15,147,-15,177,15" hai0="28,31,51,55,58,72,75" hai3="19,22,29,30,43,45,48,62,64,68" /><INIT seed="3,1,0,4,1,98" ten="494,182,132,192" oya="3" hai0="112,82,54,75,43,108,97,106,104,51,92,116,93" hai1="88,118,48,73,18,122,53,84,78,7,119,105,2" hai2="30,41,71,111,44,114,69,6,31,77,36,89,50" hai3="45,74,68,42,40,5,109,29,33,19,12,81,63"/><W117/><G117/><N who="1" m="44554" /><E122/><V38/><F111/><W129/><G5/><T123/><D116/><U134/><E134/><V80/><F114/><W28/><G129/><T3/><D3/><U131/><E105/><V113/><F113/><W34/><G109/><T133/><D123/><U10/><E131/><V126/><F126/><W25/><G74/><T11/><D43/><U67/><E67/><V64/><F89/><W87/><G68/><T4/><D93/><N who="1" m="54407" /><E18/><V94/><F94/><W22/><G63/><T86/><D75/><U70/><E70/><V55/><F36/><W23/><G42/><T102/><D108/><U62/><E62/><V35/><F6/><W128/><G29/><T57/><D133/><U59/><E73/><V107/><F107/><W1/><G1/><T20/><D20/><U66/><E66/><V46/><F71/><W79/><G128/><T13/><D112/><U120/><E120/><V115/><F35/><W110/><G110/><T135/><D135/><U100/><E78/><AGARI ba="1,0" hai="4,11,13,51,54,57,78,82,86,92,97,102,104,106" machi="78" ten="30,2000,0" yaku="7,1,52,1" doraHai="98" who="0" fromWho="1" sc="494,23,182,-23,132,0,192,0" owari="517,61.7,159,-24.1,132,-36.8,192,-0.8" /></mjloggm>