<mjloggm ver="2.3"><GO type="225" lobby="0"/><UN n0="%E6%98%93%E5%88%A9%E8%96%A9%E4%BC%AF" n1="%E6%9C%88%E5%B3%B6%E5%9F%BA" n2="%E5%91%A8%E6%9D%B1" n3="%4C%4F%4C%49%54%41" dan="17,16,17,16" rate="2158.09,2112.14,2145.09,2097.43" sx="F,M,M,F"/><TAIKYOKU oya="0"/><INIT seed="0,0,0,2,5,103" ten="250,250,250,250" oya="0" hai0="88,21,8,132,108,35,106,80,127,12,11,122,60" hai1="133,61,34,65,18,135,2,59,116,48,45,71,47" hai2="95,4,78,46,84,1,125,43,37,3,36,28,74" hai3="49,114,112,85,9,67,32,41,121,83,27,26,100"/><T79/><D122/><U109/><E34/><V105/><F125/><W115/><G121/><T56/><D35/><U120/><E2/><V96/><F28/><W63/><G32/><T38/><D38/><U89/><E120/><V33/><F37/><W111/><G111/><T42/><D42/><U17/><E116/><V117/><F117/><W68/><G100/><T126/><D132/><N who="1" m="50763" /><E109/><V24/><F24/><W62/><G9/><T124/><D108/><U119/><E119/><V55/><F55/><W7/><G7/><T77/><D21/><U54/><E89/><N who="2" m="53671" /><F4/><W10/><G10/><N who="0" m="3627" /><D12/><U113/><E113/><V97/><F97/><W19/><G19/><AGARI ba="0,0" hai="17,18,19,45,47,48,54,59,61,65,71" m="50763" machi="19" ten="30,1000,0" yaku="20,1" doraHai="103" who="1" fromWho="3" sc="250,0,250,10,250,0,250,-10" /><INIT seed="1,0,0,2,5,72" ten="250,260,250,240" oya="1" hai0="104,63,87,80,92,30,48,60,68,71,65,117,12" hai1="106,19,94,122,37,70,77,133,27,130,103,96,123" hai2="93,35,95,82,100,38,8,75,0,124,81,47,20" hai3="113,101,109,132,105,118,11,5,45,108,116,16,126"/><U31/><E130/><V49/><F35/><W56/><G113/><T17/><D104/><U111/><E133/><V54/><F124/><W53/><G126/><T44/><D92/><U114/><E114/><V4/><F38/><W85/><G132/><T10/><D30/><U58/><E37/><V127/><F127/><W22/><G45/><T74/><D74/><U43/><E43/><V107/><F20/><W119/><G85/><T40/><D117/><U36/><E36/><V112/><F112/><W25/><G101/><T13/><D13/><U115/><E115/><V42/><F54/><W59/><G105/><T50/><D50/><U102/><E70/><V24/><F24/><W39/><G39/><T18/><D63/><U34/><E111/><N who="3" m="42570" /><G53/><T3/><D3/><AGARI ba="0,0" hai="3,5,11,16,22,25,56,59,116,118,119" m="42570" machi="3" ten="40,5200,0" yaku="12,1,14,1,54,1" doraHai="72" who="3" fromWho="0" sc="250,-52,260,0,250,0,240,52" /><INIT seed="2,0,0,1,2,13" ten="198,260,250,292" oya="2" hai0="38,11,32,121,60,23,71,42,110,68,107,126,95" hai1="98,43,2,102,36,16,96,48,113,31,117,61,74" hai2="6,21,91,97,103,88,59,85,130,127,45,14,94" hai3="12,65,55,112,30,67,33,15,41,18,40,100,10"/><V24/><F127/><W73/><G73/><T105/><D121/><U57/><E113/><V129/><F45/><W111/><G111/><T58/><D110/><U78/><E117/><V106/><F59/><W76/><G112/><T62/><D32/><U72/><E2/><V53/><F53/><W75/><G100/><T8/><D126/><U114/><E36/><V132/><F132/><W44/><G75/><T92/><D42/><N who="3" m="16489" /><G33/><T89/><D38/><U125/><E74/><V81/><F6/><N who="3" m="3159" /><G76/><T122/><D23/><U90/><E78/><V108/><F14/><W80/><G80/><T66/><D122/><U116/><E72/><V135/><F135/><W118/><G30/><T115/><D115/><U63/><E31/><V93/><F108/><W52/><G118/><T104/><D95/><U27/><E116/><V9/><F9/><N who="3" m="6511" /><G44/><T131/><D131/><N who="2" m="50186" /><F91/><W70/><G70/><T124/><D124/><U17/><E90/><V22/><F22/><W87/><G65/><T26/><D26/><U49/><E27/><V1/><F1/><W50/><G67/><T46/><D46/><U7/><E125/><V123/><F123/><W19/><G50/><T84/><REACH who="0" step="1"/><D71/><REACH who="0" ten="188,260,250,292" step="2"/><U109/><E109/><V77/><F77/><W4/><G55/><AGARI ba="0,1" hai="8,11,55,58,60,62,66,68,84,89,92,104,105,107" machi="55" ten="40,2600,0" yaku="1,1,2,1,53,0" doraHai="13" doraHaiUra="20" who="0" fromWho="3" sc="188,36,260,0,250,0,292,-26" /><INIT seed="3,0,0,3,3,61" ten="224,260,250,266" oya="3" hai0="12,73,5,81,132,6,85,41,7,82,80,89,13" hai1="125,53,36,47,22,90,129,92,117,71,9,67,88" hai2="115,99,45,93,91,95,32,1,70,83,110,57,111" hai3="49,0,62,74,4,135,79,84,8,130,133,66,124"/><W21/><G124/><T69/><D132/><N who="3" m="50761" /><G130/><T126/><D126/><U3/><E125/><V96/><F70/><W46/><G74/><T102/><D73/><U63/><E129/><V40/><F115/><W48/><G21/><T116/><D116/><U25/><E117/><V23/><F32/><W105/><G105/><T56/><D69/><U20/><E20/><V108/><F1/><W50/><G84/><T78/><D102/><U128/><E128/><V100/><F23/><W107/><G79/><T43/><D56/><U10/><E3/><V64/><F83/><W123/><G107/><T60/><D60/><U77/><E77/><V112/><F112/><W52/><G123/><T87/><REACH who="0" step="1"/><D80/><REACH who="0" ten="214,260,250,266" step="2"/><U11/><E71/><AGARI ba="0,1" hai="0,4,8,46,48,49,50,52,62,66,71" m="50761" machi="71" ten="30,5800,0" yaku="20,1,52,1,54,1" doraHai="61" who="3" fromWho="1" sc="214,0,260,-58,250,0,266,68" owari="214,-18.6,202,-29.8,250,5.0,334,43.4" /></mjloggm>