<mjloggm ver="2.3"><GO type="225" lobby="0"/><UN n0="%EF%BC%AE%EF%BC%A1%EF%BC%AF%33%33%39" n1="%6B%61%7A%75%73%61" n2="%E3%83%96%E3%83%83%E3%83%91%E3%82%AA%E3%83%96%E3%83%81%E3%82%AD%E3%83%B3" n3="%E3%81%BF%E3%81%BF%E3%81%9A" dan="16,17,16,18" rate="2110.00,2217.13,2186.73,2242.55" sx="M,F,M,M"/><TAIKYOKU oya="0"/><INIT seed="0,0,0,2,5,111" ten="250,250,250,250" oya="0" hai0="58,79,60,102,110,66,36,84,20,52,2,30,54" hai1="57,0,132,1,134,26,128,114,86,89,107,45,8" hai2="91,94,70,64,97,46,90,40,127,3,15,135,68" hai3="76,95,63,10,4,130,72,11,115,24,25,131,105"/><T41/><D2/><U80/><E107/><V37/><F127/><W81/><G105/><T47/><D102/><U104/><E104/><V62/><F135/><N who="1" m="51753" /><E128/><N who="3" m="49194" /><G115/><T85/><D110/><U59/><E26/><N who="3" m="10346" /><G4/><T61/><D30/><U101/><E101/><V116/><F116/><W14/><G14/><T93/><D20/><U121/><E121/><V50/><F3/><N who="1" m="1097" /><E8/><N who="3" m="3114" /><G95/><T42/><D42/><U34/><E34/><V133/><F133/><W109/><G63/><T92/><D54/><U129/><E129/><V53/><F15/><W29/><G109/><T119/><D119/><U108/><E108/><V7/><F7/><W27/><N who="3" m="10354" /><W96/><DORA hai="44" /><G96/><T55/><D55/><U16/><E114/><V113/><F113/><W56/><G56/><N who="1" m="21578" /><E45/><V6/><F6/><W48/><G29/><T100/><D100/><U126/><E126/><V124/><F124/><W73/><G73/><T118/><D118/><U112/><E112/><V18/><F46/><W125/><G125/><T38/><D47/><U21/><E21/><V123/><F40/><W33/><G33/><T43/><D58/><U65/><E65/><V77/><F64/><W13/><G13/><T22/><D22/><U35/><E35/><V9/><F9/><W74/><G74/><T98/><D52/><U12/><E12/><V122/><F53/><W39/><G39/><T78/><D66/><U49/><E16/><V83/><F18/><W5/><G5/><T120/><D98/><U71/><E71/><V87/><F97/><W69/><G69/><T82/><D43/><U103/><E103/><V67/><F70/><RYUUKYOKU ba="0,0" sc="250,-15,250,15,250,-15,250,15" hai1="49,80,86,89" hai3="48,72,76,81" /><INIT seed="1,1,0,4,2,47" ten="235,265,235,265" oya="1" hai0="24,108,68,72,134,10,104,8,112,27,3,30,89" hai1="49,106,52,37,41,39,84,96,117,109,107,133,13" hai2="102,17,67,5,77,55,63,126,45,2,90,121,81" hai3="125,43,40,66,103,22,70,82,71,69,11,98,21"/><U60/><E117/><V19/><F121/><W100/><G66/><T94/><D112/><U111/><E133/><V73/><F126/><W105/><G125/><T132/><D68/><U79/><E60/><V7/><F102/><W15/><G82/><T46/><D72/><U16/><E41/><V36/><F90/><W12/><G103/><T124/><D104/><U4/><E4/><V42/><F55/><W35/><G35/><T127/><D46/><N who="1" m="27703" /><E96/><V78/><F78/><W34/><G34/><T58/><D58/><U93/><E107/><V51/><F7/><W131/><G131/><T14/><D3/><U83/><E106/><V28/><F28/><W50/><G15/><T31/><D89/><N who="1" m="51359" /><E93/><V101/><F101/><W118/><G118/><T129/><D94/><U18/><E79/><V32/><F32/><W1/><G1/><T135/><D135/><U115/><E115/><V61/><F61/><W110/><G43/><T116/><D116/><U74/><E74/><V91/><F91/><W128/><G40/><T9/><D129/><U99/><E99/><V122/><F122/><W38/><G128/><T29/><D132/><U80/><E80/><V59/><REACH who="2" step="1"/><F51/><REACH who="2" ten="235,265,225,265" step="2"/><W87/><G50/><T57/><D134/><U44/><E18/><V114/><F114/><W86/><G38/><N who="1" m="14346" /><E44/><V0/><F0/><W88/><G88/><T85/><D127/><U23/><E111/><V26/><F26/><W95/><G110/><T33/><D108/><U76/><E109/><V130/><F130/><W75/><G105/><T64/><D124/><U97/><E76/><V123/><F123/><RYUUKYOKU ba="1,1" sc="235,-15,265,15,225,15,265,-15" hai1="13,16,23,97" hai2="2,5,17,19,36,42,45,59,63,67,73,77,81" /><INIT seed="1,2,1,3,5,44" ten="220,280,240,250" oya="1" hai0="66,35,41,118,124,93,49,89,117,100,84,9,23" hai1="128,3,74,78,88,125,4,2,12,134,29,102,82" hai2="72,47,21,91,5,15,63,104,103,19,40,33,67" hai3="71,130,6,10,112,20,77,54,34,87,13,52,99"/><U109/><E125/><V26/><F72/><W69/><G112/><T80/><D35/><U59/><E128/><V31/><F5/><W133/><G34/><T105/><D66/><U51/><E102/><V98/><F91/><W132/><G130/><T58/><D124/><U106/><E134/><N who="3" m="51818" /><G99/><T114/><D114/><U50/><E106/><V64/><REACH who="2" step="1"/><F63/><REACH who="2" ten="220,280,230,250" step="2"/><W56/><G77/><T107/><D117/><U17/><E4/><V119/><F119/><W73/><G73/><T27/><D118/><U60/><E109/><V48/><AGARI ba="2,2" hai="15,19,21,26,31,33,40,47,48,64,67,98,103,104" machi="48" ten="20,5200,0" yaku="1,1,0,1,7,1,52,1,53,0" doraHai="44" doraHaiUra="7" who="2" fromWho="2" sc="220,-15,280,-28,230,78,250,-15" /><INIT seed="2,0,0,2,3,40" ten="205,252,308,235" oya="2" hai0="72,113,127,77,132,69,109,68,133,49,21,105,65" hai1="37,74,95,81,39,121,61,87,98,15,43,76,84" hai2="70,97,93,11,30,6,56,1,79,122,23,19,59" hai3="9,60,62,123,124,89,41,45,128,22,115,119,16"/><V58/><F122/><W130/><G119/><T47/><D105/><U18/><E121/><V86/><F70/><W7/><G123/><T17/><D113/><U8/><E37/><V80/><F30/><W31/><G31/><T28/><D28/><U38/><E38/><V51/><F51/><N who="3" m="27055" /><G124/><T116/><D65/><U5/><E61/><V64/><F64/><W118/><G118/><T24/><D116/><U92/><E92/><V112/><F112/><W63/><G115/><T108/><D127/><U100/><REACH who="1" step="1"/><E5/><REACH who="1" ten="205,242,308,235" step="2"/><V83/><F83/><W42/><G130/><T106/><D106/><U36/><E36/><V99/><REACH who="2" step="1"/><F93/><REACH who="2" ten="205,242,298,235" step="2"/><W73/><G128/><T35/><D68/><U114/><E114/><V52/><F52/><W125/><G125/><T46/><D69/><U48/><E48/><V2/><F2/><W111/><G42/><T54/><D54/><U85/><E85/><V101/><F101/><W25/><G73/><T78/><D49/><U90/><E90/><V53/><F53/><W102/><G89/><T71/><D71/><U29/><E29/><V10/><F10/><W96/><G102/><T107/><D107/><U12/><E12/><AGARI ba="0,2" hai="1,6,11,12,19,23,56,58,59,79,80,86,97,99" machi="12" ten="40,3900,0" yaku="1,1,53,1" doraHai="40" doraHaiUra="0" who="2" fromWho="1" sc="205,0,242,-39,298,59,235,0" /><INIT seed="2,1,0,4,5,127" ten="205,203,357,235" oya="2" hai0="17,109,122,110,16,60,9,111,38,40,118,75,23" hai1="50,99,117,76,61,129,51,47,88,73,28,7,32" hai2="59,57,114,130,133,93,116,5,6,0,113,132,115" hai3="36,27,105,42,91,89,126,29,66,52,41,70,78"/><V120/><F116/><W12/><G126/><T10/><D75/><U92/><E117/><V112/><F120/><W98/><G78/><T54/><D118/><U21/><E129/><V62/><F115/><W56/><G12/><T103/><D103/><U2/><E32/><V48/><F0/><W87/><G105/><T82/><D82/><U43/><E61/><V128/><F93/><W22/><G70/><T25/><D122/><U106/><E106/><V14/><F48/><W64/><G98/><T18/><D40/><N who="3" m="15465" /><G36/><T26/><D38/><U83/><E51/><V123/><F123/><W49/><G91/><T37/><D37/><U101/><E2/><V68/><F68/><W79/><G79/><T31/><D54/><U131/><E131/><N who="2" m="50219" /><F59/><W100/><G100/><T45/><D45/><U90/><REACH who="1" step="1"/><E7/><REACH who="1" ten="205,193,357,235" step="2"/><N who="2" m="2571" /><F14/><W121/><G121/><T84/><D60/><U86/><E86/><V35/><F35/><W107/><G107/><T104/><D84/><U80/><E80/><AGARI ba="1,1" hai="22,27,29,49,52,56,64,66,80,87,89" m="15465" machi="80" ten="30,2000,0" yaku="8,1,54,1" doraHai="127" who="3" fromWho="1" sc="205,0,193,-23,357,0,235,33" /><INIT seed="3,0,0,5,2,8" ten="205,170,357,268" oya="3" hai0="73,63,121,5,96,133,47,72,53,108,24,100,125" hai1="58,110,111,102,59,48,64,129,81,79,86,61,39" hai2="92,78,1,22,4,66,13,11,52,3,40,45,98" hai3="31,94,70,28,87,35,49,135,117,84,93,65,74"/><W76/><G74/><T25/><D121/><U116/><E116/><V71/><F78/><W27/><G117/><T124/><D5/><U37/><E129/><V2/><F71/><W99/><G135/><T77/><D133/><U51/><E102/><V36/><F66/><W21/><G70/><T127/><D108/><N who="1" m="41515" /><E86/><V56/><F22/><W80/><G65/><T68/><D68/><N who="1" m="41999" /><E81/><V120/><F120/><W105/><G105/><N who="0" m="63623" /><D77/><U118/><E79/><V103/><F2/><W122/><G122/><T54/><D72/><U82/><E82/><V85/><F85/><W60/><G60/><AGARI ba="0,0" hai="1,3,4,11,13,36,40,45,52,56,60,92,98,103" machi="60" ten="30,3900,0" yaku="7,1,52,1,54,1" doraHai="8" who="2" fromWho="3" sc="205,0,170,0,357,39,268,-39" owari="205,-19.5,170,-33.0,396,49.6,229,2.9" /></mjloggm>