<mjloggm ver="2.3"><GO type="225" lobby="0"/><UN n0="%E5%91%89%E5%AF%8C%E6%98%A5" n1="%E4%BB%8A%E6%97%A5%E4%B8%80" n2="%E5%91%A8%E6%9D%B1" n3="%47%48%4F%53%54" dan="16,17,16,18" rate="2099.64,2200.91,2132.35,2193.83" sx="M,F,M,M"/><TAIKYOKU oya="0"/><INIT seed="0,0,0,3,4,4" ten="250,250,250,250" oya="0" hai0="129,91,88,5,59,3,51,96,70,43,112,9,102" hai1="95,126,116,27,60,18,55,15,120,128,31,66,127" hai2="131,82,109,14,106,134,34,16,26,73,38,58,54" hai3="110,29,105,10,72,92,117,101,25,19,6,20,94"/><T99/><D112/><U11/><E120/><V62/><F109/><W107/><G117/><T41/><D70/><U40/><E116/><V23/><F131/><W56/><G110/><T42/><D129/><U122/><E122/><V97/><F134/><W69/><G69/><T49/><D99/><U123/><E123/><V46/><F73/><W2/><G72/><T52/><REACH who="0" step="1"/><D49/><REACH who="0" ten="240,250,250,250" step="2"/><U63/><E128/><V130/><F130/><W39/><G39/><T125/><D125/><U13/><E127/><V93/><F106/><AGARI ba="0,1" hai="3,5,9,41,42,43,51,52,59,88,91,96,102,106" machi="106" ten="40,12000,1" yaku="1,1,52,1,54,2,53,0" doraHai="4" doraHaiUra="114" who="0" fromWho="2" sc="240,130,250,0,250,-120,250,0" /><INIT seed="0,1,0,5,1,112" ten="370,250,130,250" oya="0" hai0="122,26,74,2,121,43,86,35,11,34,80,55,44" hai1="25,39,131,49,124,14,59,18,127,111,51,6,41" hai2="97,95,53,135,129,73,118,63,114,105,24,101,130" hai3="7,89,72,8,115,117,4,46,48,83,42,125,54"/><T113/><D113/><U93/><E111/><V100/><F24/><W85/><G115/><T106/><D55/><U38/><E131/><N who="2" m="50187" /><F53/><W103/><G125/><N who="1" m="48202" /><E6/><V120/><F63/><W104/><G72/><T30/><D106/><U52/><E25/><V31/><F114/><W82/><G117/><T19/><D35/><U78/><E78/><V66/><F66/><W56/><G83/><T1/><D1/><U32/><E32/><V36/><F36/><W90/><G90/><T75/><D122/><U5/><E5/><V77/><F31/><W76/><G89/><T33/><D33/><U126/><N who="1" m="48210" /><U15/><DORA hai="94" /><E93/><V45/><F45/><W92/><G104/><T10/><D2/><U13/><E18/><V128/><N who="2" m="50195" /><V102/><DORA hai="98" /><F120/><W16/><G16/><T57/><D19/><U132/><E132/><V99/><F135/><W12/><G7/><T69/><D34/><U116/><E116/><V58/><F58/><W27/><G27/><T64/><D26/><U91/><E91/><N who="2" m="55551" /><F118/><W110/><G4/><T9/><D30/><U47/><AGARI ba="1,0" hai="13,14,15,38,39,41,47,49,51,52,59" m="48210" machi="47" ten="50,3200,0" yaku="18,1,54,1" doraHai="112,94,98" who="1" fromWho="1" sc="370,-17,250,35,130,-9,250,-9" /><INIT seed="1,0,0,2,1,20" ten="353,285,121,241" oya="1" hai0="105,83,106,34,107,112,37,81,25,82,55,51,31" hai1="27,77,22,75,17,76,45,3,91,84,12,129,121" hai2="64,71,26,44,79,54,36,90,96,72,38,115,56" hai3="33,131,65,62,10,133,29,80,69,101,9,7,74"/><U125/><E121/><V60/><F115/><W135/><G131/><T16/><D112/><U122/><E122/><V53/><F79/><N who="3" m="44151" /><G101/><T109/><D37/><N who="2" m="14442" /><F26/><N who="3" m="18615" /><G10/><T0/><D0/><AGARI ba="0,0" hai="0,7,9,62,65,69,133,135" m="18615,44151" machi="0" ten="30,2000,0" yaku="23,1,52,1" doraHai="20" who="3" fromWho="0" sc="353,-20,285,0,121,0,241,20" /><INIT seed="2,0,0,2,5,76" ten="333,285,121,261" oya="2" hai0="87,119,74,104,11,51,90,125,112,114,66,123,59" hai1="131,108,101,85,38,25,30,86,70,0,133,96,120" hai2="15,52,20,121,80,107,65,58,91,2,93,8,47" hai3="21,88,22,89,32,82,44,53,6,5,16,130,79"/><V27/><F121/><W118/><G118/><T126/><D123/><U57/><E70/><V111/><F107/><W34/><G130/><T31/><D119/><U50/><E38/><V33/><F111/><W10/><G34/><T94/><D104/><U106/><E0/><V23/><F2/><W19/><G32/><T1/><D74/><U98/><E120/><V135/><F135/><W64/><G64/><T54/><D31/><U92/><E131/><V78/><F47/><W73/><G53/><T36/><D36/><U115/><E115/><V26/><F65/><W103/><G103/><T40/><D40/><U69/><E69/><V62/><F33/><W4/><G10/><T13/><D66/><U63/><E108/><V56/><F56/><W12/><REACH who="3" step="1"/><G44/><REACH who="3" ten="333,285,121,251" step="2"/><T100/><D100/><U9/><E9/><V48/><F23/><W105/><G105/><T45/><D45/><U84/><E133/><V129/><F20/><W71/><G71/><T3/><D114/><U29/><E106/><V67/><F129/><W41/><G41/><T72/><D112/><U24/><E101/><V109/><F109/><W7/><N who="3" m="1024" /><DORA hai="43" /><W128/><G128/><T83/><D1/><U55/><E55/><V99/><F67/><W42/><G42/><T102/><D102/><U28/><E57/><V35/><F35/><W132/><G132/><T81/><D3/><U61/><E61/><V75/><REACH who="2" step="1"/><F62/><REACH who="2" ten="333,285,111,251" step="2"/><W113/><G113/><T68/><D68/><U95/><E63/><V122/><F122/><W124/><G124/><T116/><D126/><U49/><E49/><V117/><F117/><RYUUKYOKU ba="0,2" sc="333,-15,285,-15,111,15,251,15" hai2="8,15,26,27,48,52,58,75,78,80,91,93,99" hai3="12,16,19,21,22,73,79,82,88,89" /><INIT seed="2,1,2,3,5,127" ten="318,270,126,266" oya="2" hai0="83,22,118,108,14,90,97,2,92,95,125,54,26" hai1="110,45,44,20,58,32,59,84,38,31,53,104,122" hai2="114,48,66,50,24,112,28,68,86,41,74,65,126" hai3="33,113,47,82,63,87,72,43,56,15,107,79,37"/><V23/><F74/><W25/><G107/><T39/><D2/><U49/><E32/><V35/><F126/><W61/><G113/><T29/><D125/><U105/><E110/><V4/><F4/><W124/><G124/><T85/><D108/><U60/><E122/><V5/><F5/><W62/><G15/><T1/><D1/><U123/><E123/><V78/><F112/><W67/><REACH who="3" step="1"/><G72/><REACH who="3" ten="318,270,126,256" step="2"/><T21/><D14/><U71/><E105/><V70/><F114/><W17/><G17/><T135/><D26/><U117/><E104/><V111/><F111/><W57/><G57/><T42/><D118/><U102/><E59/><V52/><F70/><W80/><G80/><T77/><D83/><U115/><E58/><N who="2" m="33031" /><F68/><W34/><G34/><T100/><D95/><U91/><E71/><V3/><F35/><W119/><G119/><T19/><D92/><U129/><E117/><V103/><F3/><W109/><G109/><T128/><D19/><U116/><E115/><V0/><F0/><W40/><G40/><T76/><D42/><U69/><E69/><V18/><F18/><W64/><G64/><N who="2" m="24681" /><F103/><W12/><G12/><T11/><D100/><U10/><E102/><V16/><F28/><AGARI ba="1,3" hai="25,28,33,37,43,47,56,61,62,63,67,79,82,87" machi="28" ten="40,1300,0" yaku="1,1,53,0" doraHai="127" doraHaiUra="88" who="3" fromWho="2" sc="318,0,270,0,126,-16,256,46" /><INIT seed="3,0,0,3,0,129" ten="318,270,110,302" oya="3" hai0="64,76,47,55,27,15,120,97,107,53,66,121,96" hai1="100,7,113,90,62,59,122,17,72,131,43,126,8" hai2="0,124,78,38,1,74,127,82,85,6,98,12,92" hai3="115,51,112,80,89,50,45,75,44,3,4,73,42"/><W22/><G22/><T57/><D107/><U68/><E113/><V77/><F12/><W118/><G118/><T132/><D132/><U119/><E122/><V52/><F52/><W111/><G111/><T95/><D120/><U31/><E119/><V116/><F6/><W29/><G29/><T109/><D109/><U81/><E31/><V86/><F38/><W128/><G128/><T65/><D121/><U104/><E68/><V56/><F56/><W13/><G75/><T26/><D76/><U102/><E43/><V133/><F116/><W41/><G3/><T108/><D108/><U87/><E126/><V83/><F74/><W105/><G105/><T93/><D15/><U117/><E117/><V32/><F32/><W130/><G130/><T99/><D47/><U63/><E72/><V5/><F5/><W79/><G89/><N who="0" m="55343" /><D55/><U69/><E104/><V18/><F18/><W54/><G54/><T114/><D114/><U14/><E7/><V20/><F20/><W46/><G45/><T67/><N who="0" m="16384" /><DORA hai="60" /><T84/><D84/><U36/><E36/><V34/><F34/><W49/><G49/><N who="0" m="30895" /><D99/><U39/><E39/><V88/><F0/><W25/><G25/><T71/><D71/><U37/><E37/><V110/><F1/><W35/><G35/><T70/><D70/><U23/><E69/><V40/><F40/><W10/><AGARI ba="0,0" hai="4,10,13,41,42,44,46,50,51,73,79,80,112,115" machi="10" ten="30,3000,0" yaku="0,1,9,1" doraHai="129,60" who="3" fromWho="3" sc="318,-10,270,-10,110,-10,302,30" owari="308,10.8,260,-14.0,100,-40.0,332,43.2" /></mjloggm>