<mjloggm ver="2.3"><GO type="225" lobby="0"/><UN n0="%E5%91%A8%E6%9D%B1" n1="%E3%81%9F%E3%81%8B%E3%81%AE%E3%81%99%E3%81%91" n2="%70%68%65%6E%6F%6D%65" n3="%E3%83%96%E3%83%83%E3%83%91%E3%82%AA%E3%83%96%E3%83%81%E3%82%AD%E3%83%B3" dan="17,16,16,16" rate="2171.68,2075.76,2157.51,2230.11" sx="M,M,M,M"/><TAIKYOKU oya="0"/><INIT seed="0,0,0,5,0,97" ten="250,250,250,250" oya="0" hai0="108,22,111,91,99,8,12,107,53,43,9,23,114" hai1="125,66,6,40,74,5,67,115,73,132,121,100,90" hai2="68,11,34,88,35,81,84,42,15,71,20,94,13" hai3="65,38,59,131,31,54,72,95,78,116,109,37,44"/><T123/><D123/><U62/><E40/><V113/><F113/><W96/><G116/><T70/><D114/><U57/><E115/><V110/><F110/><N who="0" m="42026" /><D70/><U98/><E121/><V103/><F42/><W16/><G109/><T10/><D43/><U25/><E90/><V129/><F129/><W69/><G131/><T83/><D12/><U2/><E67/><V7/><F68/><W87/><G31/><T19/><D19/><U51/><E125/><V86/><F71/><W92/><G44/><T21/><D53/><U80/><E51/><V63/><F63/><W101/><G65/><T50/><D50/><U56/><E56/><V82/><F82/><W18/><G69/><T127/><D127/><U4/><E2/><V128/><F128/><W77/><G72/><T89/><D83/><U24/><E132/><V3/><F3/><W47/><G47/><T106/><D99/><U85/><E73/><V49/><F49/><N who="3" m="31183" /><G38/><T61/><D61/><U112/><E112/><V135/><F135/><W104/><G37/><T58/><D58/><U48/><E74/><V119/><F119/><W79/><G104/><AGARI ba="0,0" hai="8,9,10,21,22,23,89,91,104,106,107" m="42026" machi="104" ten="40,12000,1" yaku="28,2,14,1,10,1" doraHai="97" who="0" fromWho="3" sc="250,120,250,0,250,0,250,-120" /><INIT seed="0,1,0,4,2,95" ten="370,250,250,130" oya="0" hai0="17,67,58,110,26,125,7,87,94,76,24,16,130" hai1="70,9,51,85,88,90,113,41,40,112,22,13,103" hai2="62,98,61,124,59,20,74,31,73,79,92,101,1" hai3="10,71,64,39,35,120,23,33,68,19,119,38,14"/><T135/><D125/><U82/><E70/><V53/><F124/><W134/><G119/><T29/><D135/><U69/><E69/><V129/><F129/><W43/><G134/><T49/><D130/><U108/><E108/><V86/><F1/><W42/><G120/><T99/><D7/><U97/><E22/><V122/><F122/><W28/><G43/><T80/><D110/><U63/><E63/><V18/><F31/><W116/><G116/><T132/><D132/><U115/><E90/><V127/><F127/><W84/><G64/><T104/><D104/><U102/><E97/><V60/><F86/><W77/><G39/><T30/><D30/><U44/><E40/><V54/><F79/><W126/><G126/><T32/><D26/><U47/><E47/><V37/><F37/><W2/><G35/><T81/><D81/><U21/><E21/><V52/><REACH who="2" step="1"/><F59/><REACH who="2" ten="370,250,240,130" step="2"/><W3/><G3/><T106/><D58/><U27/><REACH who="1" step="1"/><E27/><AGARI ba="1,1" hai="18,20,27,52,53,54,60,61,62,73,74,92,98,101" machi="27" ten="40,8000,1" yaku="1,1,2,1,52,1,54,1,53,1" doraHai="95" doraHaiUra="93" who="2" fromWho="1" sc="370,0,250,-83,240,93,130,0" /><INIT seed="1,0,0,3,1,73" ten="370,167,333,130" oya="1" hai0="69,42,1,52,40,76,64,104,5,20,87,113,79" hai1="92,91,49,108,121,35,114,107,116,63,47,78,27" hai2="24,105,15,12,62,83,90,37,126,22,55,118,128" hai3="124,106,80,120,44,51,131,58,72,84,95,112,2"/><U9/><E107/><V13/><F37/><W132/><G120/><T82/><D104/><U127/><E121/><V133/><F118/><W77/><G112/><T68/><D113/><U25/><E116/><V60/><F105/><W41/><G132/><T117/><D117/><U89/><E114/><V134/><F128/><W50/><G131/><T110/><D110/><U61/><E35/><V74/><F126/><W18/><G124/><T16/><D68/><U8/><E127/><V7/><F7/><W100/><G2/><T0/><D76/><U33/><E33/><V101/><F101/><W97/><G18/><T98/><D98/><U19/><E108/><V123/><F123/><W119/><G119/><T109/><D109/><U21/><E25/><V57/><F62/><N who="1" m="23561" /><E78/><V56/><F56/><W129/><G129/><T75/><D75/><U125/><E125/><V122/><F122/><W14/><G14/><T70/><D69/><U86/><E89/><V30/><F74/><W48/><G58/><T10/><D0/><U102/><E102/><V99/><F99/><W130/><G130/><T45/><D64/><U43/><AGARI ba="0,0" hai="8,9,19,21,27,43,47,49,86,91,92" m="23561" machi="43" ten="30,1500,0" yaku="8,1" doraHai="73" who="1" fromWho="1" sc="370,-5,167,15,333,-5,130,-5" /><INIT seed="1,1,0,1,2,49" ten="365,182,328,125" oya="1" hai0="14,71,28,117,95,78,110,12,30,88,20,1,16" hai1="122,15,8,48,100,109,47,92,11,106,79,45,119" hai2="99,9,23,82,13,108,40,42,54,7,134,121,94" hai3="57,56,80,61,10,46,52,29,120,37,86,35,34"/><U131/><E119/><V0/><F121/><W25/><G120/><T68/><D1/><U132/><E122/><V115/><F108/><W93/><G93/><T102/><D117/><U87/><E106/><V53/><F134/><W101/><G101/><T6/><D110/><U113/><E113/><V124/><F124/><W21/><G10/><N who="0" m="4183" /><D68/><U77/><E131/><V22/><F82/><W24/><G24/><T59/><D71/><U67/><E132/><V123/><F123/><W19/><G29/><T5/><D78/><N who="1" m="29707" /><E67/><V70/><F70/><W17/><G17/><T44/><D102/><U31/><E31/><V116/><F115/><W18/><G18/><T65/><D5/><N who="1" m="3471" /><E109/><V127/><F127/><W60/><G37/><T33/><D33/><U98/><E11/><V125/><F0/><W135/><G46/><N who="1" m="17418" /><E48/><V72/><F72/><W69/><G69/><T43/><D44/><U55/><E87/><V2/><F2/><W63/><G135/><T89/><D43/><N who="2" m="16426" /><F125/><W38/><G38/><T64/><D64/><U27/><E27/><V90/><F116/><W112/><G112/><T130/><D130/><U96/><E96/><V74/><F74/><W26/><G26/><T62/><D89/><U129/><E129/><V105/><F105/><W66/><REACH who="3" step="1"/><G63/><REACH who="3" ten="365,182,328,115" step="2"/><T133/><D133/><U111/><E111/><V3/><F3/><W39/><G39/><T118/><D118/><U36/><E36/><V103/><F103/><W114/><G114/><T73/><D73/><U50/><E50/><V85/><F7/><W104/><G104/><T107/><D107/><U91/><E100/><RYUUKYOKU ba="1,1" sc="365,10,182,10,328,-30,115,10" hai0="14,16,20,28,30,59,62,65,88,95" hai1="55,91,92,98" hai3="19,21,25,34,35,52,56,57,60,61,66,80,86" /><INIT seed="1,2,1,0,5,40" ten="375,192,298,125" oya="1" hai0="96,100,99,129,78,116,63,104,117,44,52,37,62" hai1="7,18,58,122,29,1,56,50,128,82,71,9,75" hai2="86,48,74,110,132,31,64,115,79,80,6,14,91" hai3="85,19,103,27,8,109,22,11,33,15,20,69,36"/><U59/><E71/><V123/><F123/><W25/><G69/><T107/><D78/><U49/><E122/><V135/><F31/><N who="3" m="19711" /><G85/><T111/><D111/><U124/><E124/><V46/><F110/><W65/><G103/><T72/><D72/><U130/><E29/><V53/><F64/><W133/><G65/><T23/><D23/><U97/><E97/><V57/><F115/><W134/><G36/><T38/><D129/><N who="1" m="49771" /><E18/><V41/><F14/><N who="3" m="9335" /><G109/><T51/><D37/><U12/><E1/><V47/><F6/><N who="3" m="3575" /><G8/><T28/><D38/><U77/><AGARI ba="2,1" hai="7,9,12,49,50,56,58,59,75,77,82" m="49771" machi="77" ten="40,2100,0" yaku="19,1" doraHai="40" who="1" fromWho="1" sc="375,-9,192,37,298,-9,125,-9" /><INIT seed="1,3,0,2,4,49" ten="366,229,289,116" oya="1" hai0="116,77,127,44,37,13,12,129,18,100,80,84,9" hai1="67,16,92,134,5,117,39,115,69,41,121,24,130" hai2="23,76,106,89,22,1,65,86,79,81,43,15,55" hai3="110,50,122,103,112,113,4,62,54,70,94,108,135"/><U34/><E5/><V120/><F1/><W60/><G4/><T10/><D127/><U114/><E92/><V131/><F120/><W133/><G122/><T68/><D129/><U66/><E16/><N who="2" m="10527" /><F106/><W72/><G72/><T2/><D68/><U11/><E11/><V35/><F35/><W33/><G103/><T123/><D2/><U19/><E19/><V104/><F104/><W99/><G99/><T6/><D123/><U27/><E27/><V7/><F131/><W29/><G94/><T74/><D116/><U87/><E87/><N who="2" m="50415" /><F43/><W26/><G26/><T31/><D31/><U32/><E24/><V95/><F65/><N who="3" m="41255" /><G62/><T21/><D74/><U25/><E25/><V98/><F7/><W75/><G75/><T47/><D37/><U17/><E41/><V126/><F126/><W96/><G96/><T73/><D73/><U36/><E117/><V30/><F86/><W46/><G33/><T56/><D10/><U105/><E121/><V3/><F3/><W38/><G29/><T102/><D100/><U57/><E105/><V51/><F23/><W64/><G64/><T78/><D102/><U14/><E69/><V71/><F71/><W132/><G38/><T52/><D78/><U107/><E107/><V40/><F40/><W63/><G63/><AGARI ba="3,0" hai="6,9,12,13,18,21,44,47,52,56,63,77,80,84" machi="63" ten="30,7700,0" yaku="7,1,8,1,52,1,54,1" doraHai="49" who="0" fromWho="3" sc="366,86,229,0,289,0,116,-86" /><INIT seed="2,0,0,2,4,113" ten="452,229,289,30" oya="2" hai0="9,45,133,121,5,34,101,25,19,48,127,20,99" hai1="132,46,37,29,10,0,42,118,68,81,3,36,92" hai2="38,85,60,97,54,4,24,58,124,116,96,53,105" hai3="7,94,73,130,16,126,91,67,75,8,123,56,66"/><V14/><F38/><W72/><G123/><T21/><D127/><U80/><E68/><V18/><F124/><W15/><G126/><T50/><D133/><U90/><E132/><V26/><F116/><W35/><G130/><T1/><D121/><U61/><E36/><V117/><F117/><W82/><G35/><T28/><D45/><U109/><E118/><V65/><F4/><W98/><G56/><T135/><D21/><U134/><E109/><V49/><F85/><W55/><G55/><T87/><D87/><U12/><E134/><V83/><F83/><W64/><REACH who="3" step="1"/><G7/><REACH who="3" ten="452,229,289,20" step="2"/><T93/><D135/><U33/><E61/><V2/><F54/><W119/><G119/><T71/><D71/><U27/><E0/><V115/><F53/><W41/><G41/><T51/><D34/><U100/><E3/><V70/><F58/><W32/><G32/><T120/><D120/><U23/><E33/><V89/><F2/><W63/><G63/><T103/><D5/><U6/><REACH who="1" step="1"/><E100/><REACH who="1" ten="452,219,289,20" step="2"/><V129/><F60/><W95/><G95/><T74/><D103/><U44/><E44/><V84/><F70/><W59/><G59/><T40/><D93/><U11/><E11/><V122/><F122/><W17/><G17/><T22/><D19/><U77/><E77/><AGARI ba="0,2" hai="8,15,16,64,66,67,72,73,75,77,82,91,94,98" machi="77" ten="40,5200,0" yaku="1,1,54,1,53,1" doraHai="113" doraHaiUra="88" who="3" fromWho="1" sc="452,0,219,-52,289,0,20,72" /><INIT seed="3,0,0,0,5,23" ten="452,167,289,92" oya="3" hai0="105,81,37,57,9,48,0,4,107,69,128,85,87" hai1="54,114,117,27,92,93,22,124,68,18,36,110,8" hai2="53,122,133,89,76,109,30,45,111,75,20,118,58" hai3="72,28,40,43,63,56,97,120,112,119,44,24,78"/><W73/><G112/><T12/><D37/><U116/><E114/><V100/><F118/><N who="1" m="45673" /><E68/><V1/><F1/><W104/><G119/><T3/><D87/><U60/><E36/><V113/><F100/><W51/><G120/><T11/><D57/><N who="1" m="34871" /><E124/><V70/><F70/><W42/><G104/><T83/><D11/><U38/><E110/><V115/><F45/><W94/><G78/><T135/><D12/><N who="1" m="7431" /><E38/><V65/><F65/><W55/><G73/><T99/><D83/><U49/><E49/><V129/><F122/><W33/><REACH who="3" step="1"/><G72/><REACH who="3" ten="452,167,289,82" step="2"/><T15/><D105/><U35/><E35/><V98/><F76/><W103/><AGARI ba="0,1" hai="24,28,33,40,42,43,44,51,55,56,63,94,97,103" machi="103" ten="20,18000,2" yaku="1,1,2,1,0,1,7,1,52,1,53,1" doraHai="23" doraHaiUra="95" who="3" fromWho="3" sc="452,-60,167,-60,289,-60,82,190" /><INIT seed="3,1,0,0,2,130" ten="392,107,229,272" oya="3" hai0="58,128,62,107,117,80,78,126,121,43,0,65,83" hai1="11,95,10,81,6,70,113,14,52,127,108,17,112" hai2="32,42,9,33,1,64,37,123,134,27,111,12,5" hai3="71,79,94,119,57,72,47,76,16,92,39,13,69"/><W129/><G119/><T87/><D128/><U101/><E70/><V96/><F64/><W84/><G129/><T114/><D117/><U53/><E108/><V4/><F42/><W124/><G124/><T133/><D126/><U25/><E127/><V102/><F37/><W48/><G39/><T61/><D0/><U2/><E112/><V68/><F68/><W105/><G105/><T24/><D107/><U85/><E113/><V40/><F40/><N who="3" m="24679" /><G72/><T93/><D43/><U132/><E25/><V20/><F96/><W86/><G69/><T88/><D121/><U110/><E110/><V104/><F102/><W99/><G71/><T89/><D114/><U46/><E46/><V98/><F98/><W59/><G86/><T55/><D24/><U63/><E63/><V125/><F104/><W8/><G92/><T34/><D34/><N who="2" m="13418" /><F125/><W91/><G79/><T74/><D62/><U21/><E10/><N who="2" m="2319" /><F123/><W26/><G26/><T23/><D65/><U15/><E2/><V109/><F134/><W60/><G60/><T90/><D133/><U122/><E122/><V73/><F73/><W45/><G45/><T30/><D93/><U54/><E132/><V75/><F75/><W116/><G116/><T35/><D74/><U22/><E22/><V131/><F131/><W41/><G41/><T100/><D78/><U97/><REACH who="1" step="1"/><E53/><REACH who="1" ten="392,97,229,272" step="2"/><V36/><F36/><W3/><G3/><T120/><D55/><U31/><E31/><AGARI ba="1,1" hai="5,9,12,20,27,31,109,111" m="2319,13418" machi="31" ten="30,2000,0" yaku="34,2" doraHai="130" who="2" fromWho="1" sc="392,0,97,-23,229,33,272,0" owari="392,49.2,74,-42.6,262,-13.8,272,7.2" /></mjloggm>