<mjloggm ver="2.3"><GO type="225" lobby="0"/><UN n0="%E3%83%A9%E3%82%B9%E7%8E%87%EF%BC%93%E5%89%B2" n1="%E5%A4%8F%E9%88%B4%E9%88%B4%E5%A4%8F" n2="%E7%89%B9%E6%9D%B1%E3%81%AF%E4%B8%96%E7%95%8C%E3%82%92%E6%95%91%E3%81%86" n3="%E3%82%AF%E3%82%A3%E3%82%A6" dan="16,16,16,16" rate="2192.38,2112.34,2173.63,2074.27" sx="F,F,M,M"/><TAIKYOKU oya="0"/><INIT seed="0,0,0,5,3,70" ten="250,250,250,250" oya="0" hai0="94,24,119,5,40,38,83,135,34,27,50,21,86" hai1="118,75,82,84,20,35,89,134,28,65,85,54,57" hai2="55,30,15,41,114,6,97,37,3,66,129,36,18" hai3="19,26,1,67,117,22,93,2,125,104,98,33,100"/><T80/><D119/><U49/><E118/><V101/><F114/><W92/><G117/><T91/><D135/><U39/><E35/><V60/><F41/><W122/><G125/><T132/><D132/><U107/><E107/><V90/><F30/><W11/><G122/><T44/><D5/><U81/><E75/><V46/><F129/><W4/><G2/><T131/><D131/><U29/><E39/><V52/><F90/><W116/><G116/><T13/><D50/><U133/><E133/><V56/><F6/><W14/><REACH who="3" step="1"/><G67/><REACH who="3" ten="250,250,250,240" step="2"/><T9/><D34/><U62/><E134/><V123/><F3/><W25/><G25/><T16/><REACH who="0" step="1"/><D27/><REACH who="0" ten="240,250,250,240" step="2"/><U87/><E20/><V96/><F123/><W111/><G111/><T99/><D99/><U59/><REACH who="1" step="1"/><E87/><REACH who="1" ten="240,240,250,240" step="2"/><V130/><F130/><W102/><G102/><T127/><D127/><U115/><E115/><V109/><F109/><W78/><G78/><AGARI ba="0,3" hai="28,29,49,54,57,59,62,65,78,81,82,84,85,89" machi="78" ten="30,3900,0" yaku="1,1,7,1,8,1,53,0" doraHai="70" doraHaiUra="113" who="1" fromWho="3" sc="240,0,240,69,250,0,240,-39" /><INIT seed="1,0,0,0,0,37" ten="240,309,250,201" oya="1" hai0="122,26,31,0,48,67,23,24,101,44,124,88,30" hai1="132,92,126,55,68,107,95,123,6,60,1,35,112" hai2="20,40,83,91,96,90,74,2,46,4,15,19,80" hai3="106,81,97,127,51,115,98,73,22,114,34,82,27"/><U102/><E123/><V18/><F2/><W28/><G127/><T113/><D124/><U38/><E112/><V16/><F74/><W85/><G34/><T42/><D113/><U103/><E126/><V130/><F130/><W65/><G73/><T36/><D122/><U3/><E35/><V131/><F131/><W134/><G134/><T63/><D0/><U12/><E38/><V110/><F110/><W70/><G70/><T10/><D36/><U25/><E25/><V121/><F121/><W59/><G106/><T94/><D10/><U76/><E76/><V108/><F108/><W119/><G119/><T58/><D101/><U93/><E12/><V100/><F91/><W109/><G109/><T43/><D26/><U41/><E41/><V11/><F90/><W49/><G114/><T89/><D89/><U111/><E111/><V79/><F20/><W56/><G115/><T39/><D39/><U72/><E72/><V53/><F53/><W54/><G81/><T52/><D31/><U45/><E6/><V87/><F83/><W62/><REACH who="3" step="1"/><G51/><REACH who="3" ten="240,309,250,191" step="2"/><T9/><REACH who="0" step="1"/><D9/><REACH who="0" ten="230,309,250,191" step="2"/><U125/><E125/><V117/><F117/><W50/><G50/><T33/><D33/><U104/><E132/><V84/><F80/><W105/><G105/><T129/><D129/><U69/><E107/><V57/><F11/><W118/><G118/><T7/><D7/><U99/><E104/><V77/><F4/><W61/><G61/><T128/><D128/><U133/><E60/><V29/><F77/><AGARI ba="0,2" hai="22,27,28,49,54,56,59,62,65,77,82,85,97,98" machi="77" ten="30,7700,0" yaku="1,1,7,1,8,1,53,1" doraHai="37" doraHaiUra="47" who="3" fromWho="2" sc="230,0,309,0,250,-77,191,97" /><INIT seed="2,0,0,3,1,22" ten="230,309,173,288" oya="2" hai0="78,116,14,125,30,104,61,60,117,84,67,7,135" hai1="83,23,10,103,0,76,33,35,128,5,39,54,70" hai2="8,40,132,90,113,4,29,1,95,75,118,88,105" hai3="24,66,32,34,2,89,42,55,110,46,41,106,63"/><V53/><F113/><W82/><G110/><T65/><D104/><U91/><E70/><V109/><F118/><N who="0" m="45674" /><D135/><U26/><E39/><V15/><F105/><W114/><G106/><T133/><D133/><U28/><E103/><V6/><F132/><W16/><G2/><T44/><D125/><U107/><E107/><V94/><F75/><W58/><G114/><T43/><D30/><U73/><E128/><V111/><F40/><W101/><G101/><T19/><D7/><U121/><E121/><V20/><F53/><W25/><G34/><T86/><D61/><U38/><E38/><V80/><F80/><W123/><G32/><T68/><D78/><U48/><REACH who="1" step="1"/><E91/><REACH who="1" ten="230,299,173,288" step="2"/><N who="2" m="34859" /><F6/><W102/><G102/><T127/><D127/><U115/><E115/><V112/><F112/><W130/><G130/><T11/><D67/><U57/><AGARI ba="0,1" hai="0,5,10,23,26,28,33,35,48,54,57,73,76,83" machi="57" ten="20,8000,1" yaku="1,1,0,1,7,1,52,1,53,1" doraHai="22" doraHaiUra="50" who="1" fromWho="1" sc="230,-20,299,90,173,-40,288,-20" /><INIT seed="3,0,0,2,5,15" ten="210,389,133,268" oya="3" hai0="9,65,67,38,92,122,112,12,10,132,70,108,113" hai1="66,84,118,8,100,117,31,128,120,13,91,45,44" hai2="36,95,37,20,124,60,16,21,58,119,88,54,62" hai3="19,40,49,18,73,103,107,48,2,127,101,51,52"/><W76/><G127/><T125/><D38/><U75/><E120/><V78/><F124/><W134/><G2/><T46/><D125/><U80/><E128/><V93/><F119/><N who="1" m="45577" /><E100/><N who="3" m="38474" /><G107/><T11/><D92/><N who="1" m="54375" /><E66/><V43/><F78/><W98/><G73/><T32/><D46/><U35/><E31/><V28/><F43/><W29/><G134/><T96/><D122/><U131/><E35/><V26/><F62/><W24/><G76/><T83/><D32/><U42/><E42/><V0/><F0/><W114/><G114/><T23/><D132/><U47/><E131/><V104/><F104/><W30/><G40/><T17/><D70/><U6/><E80/><V94/><REACH who="2" step="1"/><F88/><REACH who="2" ten="210,389,123,268" step="2"/><W129/><G129/><T89/><D113/><U41/><E75/><V1/><F1/><W68/><G68/><T123/><D112/><U4/><E41/><V63/><F63/><W69/><G69/><T50/><D123/><U72/><E72/><V57/><F57/><W27/><G98/><T34/><D96/><U71/><E71/><V90/><F90/><W87/><G87/><T22/><D89/><U115/><E115/><V105/><F105/><W81/><G81/><T74/><D83/><U99/><E99/><V111/><F111/><W5/><G51/><T56/><D50/><U39/><E39/><V85/><F85/><W130/><G49/><T55/><D74/><U77/><E77/><V135/><F135/><W7/><G130/><T109/><D108/><U110/><E110/><V14/><AGARI ba="0,1" hai="14,16,20,21,26,28,36,37,54,58,60,93,94,95" machi="14" ten="30,7900,0" yaku="1,1,0,1,52,1,54,1,53,0" doraHai="15" doraHaiUra="116" who="2" fromWho="2" sc="210,-20,389,-20,123,89,268,-39" owari="190,-31.0,369,46.9,212,-18.8,229,2.9" /></mjloggm>