<mjloggm ver="2.3"><GO type="225" lobby="0"/><UN n0="%72%69%6F%75%63%68%61%6E" n1="%E9%B3%B3%E6%9D%B1%E3%81%AE%E3%81%BF%E3%81%91%E3%81%AB%E3%82%83%E3%82%93" n2="%E6%B7%91%E5%A5%B3%E3%81%AE%E5%97%9C%E3%81%BF" n3="%E3%83%81%E3%83%83%E3%82%BF%E3%82%BD%E3%83%BC" dan="16,16,16,16" rate="2142.07,2125.04,2101.50,2192.35" sx="M,F,M,F"/><TAIKYOKU oya="0"/><INIT seed="0,0,0,1,1,77" ten="250,250,250,250" oya="0" hai0="42,132,129,113,31,115,26,13,91,122,117,52,16" hai1="24,30,94,41,8,116,54,80,90,2,76,82,125" hai2="78,22,39,15,128,96,73,65,28,50,135,130,55" hai3="40,32,4,101,10,102,104,11,112,103,81,29,66"/><T108/><D117/><U131/><E116/><V83/><F39/><W89/><G112/><T109/><D122/><U111/><E111/><N who="0" m="42569" /><D129/><N who="2" m="49770" /><F135/><W63/><G40/><T119/><D119/><U85/><E131/><V107/><F65/><W71/><G104/><T95/><D132/><U69/><E125/><V99/><F107/><W58/><G71/><T118/><D42/><U19/><E69/><V56/><F28/><W7/><G32/><N who="0" m="20599" /><D118/><U105/><E105/><V36/><F36/><W75/><G29/><T35/><D35/><U120/><E120/><V106/><F106/><W93/><G75/><T121/><D121/><U48/><E41/><V64/><F64/><W110/><G110/><T114/><D52/><U123/><E123/><V34/><F34/><W53/><G66/><T98/><D113/><U27/><E54/><V67/><F67/><W46/><G46/><T43/><D43/><U38/><E38/><V57/><F57/><W20/><G20/><AGARI ba="0,0" hai="13,16,20,91,95,98,114,115" m="20599,42569" machi="20" ten="30,5800,0" yaku="14,1,10,1,54,1" doraHai="77" who="0" fromWho="3" sc="250,58,250,0,250,0,250,-58" /><INIT seed="0,1,0,2,2,73" ten="308,250,250,192" oya="0" hai0="11,46,14,9,10,112,37,100,79,33,101,31,74" hai1="28,15,44,88,95,92,27,13,59,118,110,22,49" hai2="25,121,89,21,7,81,134,32,93,36,52,43,130" hai3="58,16,114,5,17,61,72,78,90,128,98,64,19"/><T124/><D112/><U67/><E118/><V8/><F121/><W115/><G128/><T41/><D124/><U131/><E110/><V108/><F130/><W106/><G5/><T126/><D126/><U107/><E107/><V53/><F108/><W132/><G132/><T55/><D14/><U94/><E131/><V122/><F32/><W4/><G4/><T12/><D12/><U83/><E59/><V29/><F134/><W77/><G72/><T69/><D69/><U123/><E67/><V87/><F122/><W97/><G97/><T135/><D135/><U111/><E111/><V24/><F24/><W133/><G133/><T45/><D45/><U86/><REACH who="1" step="1"/><E123/><REACH who="1" ten="308,240,250,192" step="2"/><V91/><F36/><W23/><G106/><T129/><D129/><U65/><E65/><V75/><F43/><AGARI ba="1,1" hai="13,15,22,27,28,43,44,49,83,86,88,92,94,95" machi="43" ten="40,5200,0" yaku="1,1,8,1,54,1,53,0" doraHai="73" doraHaiUra="6" who="1" fromWho="2" sc="308,0,240,65,250,-55,192,0" /><INIT seed="1,0,0,3,2,113" ten="308,305,195,192" oya="1" hai0="95,130,1,68,58,97,129,32,0,116,90,110,20" hai1="9,96,79,36,44,82,67,46,29,88,75,91,81" hai2="12,107,25,22,59,48,98,5,6,72,52,7,57" hai3="106,89,117,86,62,24,99,11,63,14,47,100,41"/><U105/><E67/><V124/><F72/><W28/><G117/><T8/><D68/><U71/><E71/><V43/><F124/><W53/><G53/><T123/><D32/><U80/><E29/><V15/><F43/><W35/><G89/><N who="1" m="34378" /><E9/><V121/><F121/><W33/><G86/><T51/><D110/><U133/><E46/><V83/><F83/><N who="1" m="31817" /><E44/><V39/><F39/><W38/><REACH who="3" step="1"/><G33/><REACH who="3" ten="308,305,195,182" step="2"/><T69/><D116/><U115/><E115/><V3/><F3/><W103/><G103/><T54/><D0/><U26/><E36/><V85/><F85/><W42/><G42/><T78/><D1/><U135/><E26/><V4/><N who="2" m="1024" /><DORA hai="60" /><V70/><F70/><W65/><G65/><T118/><D69/><U77/><E77/><V112/><F112/><W119/><G119/><T27/><D118/><U131/><E131/><V23/><F52/><W102/><G102/><AGARI ba="0,1" hai="75,79,82,96,102,105,133,135" m="31817,34378" machi="102" ten="30,5800,0" yaku="34,2,54,1" doraHai="113,60" who="1" fromWho="3" sc="308,0,305,68,195,0,182,-58" /><INIT seed="1,1,0,3,0,132" ten="308,373,195,124" oya="1" hai0="106,55,9,16,53,52,38,70,91,65,24,33,131" hai1="117,62,57,41,108,1,29,18,39,47,99,128,58" hai2="8,44,113,66,51,7,37,49,25,80,14,82,86" hai3="121,32,79,122,81,87,10,42,135,12,74,83,95"/><U21/><E117/><V64/><F37/><W133/><G32/><T22/><D131/><U85/><E128/><V123/><F123/><W119/><G42/><T72/><D38/><U48/><E1/><V127/><F113/><W3/><G3/><T43/><D72/><U96/><E29/><V78/><F127/><W110/><G110/><T69/><D106/><U11/><E108/><V100/><F100/><W124/><G119/><T77/><D77/><U0/><E0/><V50/><F25/><W116/><G116/><T102/><D102/><U27/><E11/><V88/><REACH who="2" step="1"/><F44/><REACH who="2" ten="308,373,185,124" step="2"/><W97/><G124/><T13/><D33/><U59/><E39/><V114/><F114/><W89/><G133/><T30/><D43/><U36/><E36/><V109/><F109/><W6/><REACH who="3" step="1"/><G135/><REACH who="3" ten="308,373,185,114" step="2"/><T76/><D76/><AGARI ba="1,2" hai="6,10,12,74,76,79,81,83,87,89,95,97,121,122" machi="76" ten="30,7700,0" yaku="1,1,2,1,7,1,53,1" doraHai="132" doraHaiUra="84" who="3" fromWho="0" sc="308,-80,373,0,185,0,114,100" /><INIT seed="2,0,0,3,4,117" ten="228,373,185,214" oya="2" hai0="8,81,66,56,10,132,78,103,43,113,116,41,109" hai1="36,67,45,72,105,28,106,23,30,102,25,0,86" hai2="114,24,94,26,134,2,82,101,15,95,118,111,100" hai3="29,79,92,68,7,39,63,115,75,88,22,119,90"/><V32/><F114/><W59/><G119/><T50/><D113/><U84/><E72/><V16/><F118/><W87/><G68/><T80/><D116/><U42/><E0/><V18/><F2/><W130/><G130/><T20/><D109/><U122/><E122/><V97/><F111/><W133/><G133/><T49/><D132/><U31/><E67/><V129/><F134/><W19/><G39/><T4/><D103/><U108/><E108/><V12/><F82/><N who="0" m="31850" /><D78/><U38/><E38/><V89/><F129/><W48/><G75/><T121/><D121/><U99/><REACH who="1" step="1"/><E106/><REACH who="1" ten="228,363,185,214" step="2"/><V11/><F32/><W110/><G110/><T127/><D66/><U128/><E128/><V58/><F58/><W61/><G59/><T55/><D56/><U13/><E13/><V64/><F64/><W14/><G14/><T33/><D127/><U76/><E76/><V93/><F101/><W21/><G79/><T53/><D41/><U35/><E35/><V131/><F131/><W71/><G115/><T123/><D43/><U107/><E107/><V17/><F100/><W46/><G71/><T44/><D55/><U126/><E126/><V104/><F104/><W9/><G90/><T5/><D53/><U3/><E3/><V57/><F57/><W62/><G88/><T51/><D123/><U37/><E37/><V85/><F15/><W27/><G27/><N who="2" m="10281" /><F85/><AGARI ba="0,1" hai="23,25,28,30,31,36,42,45,84,85,86,99,102,105" machi="85" ten="40,2600,0" yaku="1,1,53,1" doraHai="117" doraHaiUra="70" who="1" fromWho="2" sc="228,0,363,36,185,-26,214,0" /><INIT seed="3,0,0,3,1,3" ten="228,399,159,214" oya="3" hai0="108,120,128,18,51,13,42,71,50,0,95,53,85" hai1="46,14,9,40,84,105,20,87,6,113,129,11,32" hai2="52,112,99,74,66,72,111,78,48,118,89,93,134" hai3="104,133,56,132,41,28,31,121,106,37,123,76,54"/><W122/><G76/><T124/><D120/><U79/><E32/><V55/><F112/><W77/><G77/><T10/><D71/><U101/><E113/><V4/><F118/><W12/><G12/><T17/><D108/><U49/><E129/><V16/><F111/><W59/><G41/><T64/><D124/><U22/><E105/><N who="3" m="40554" /><G37/><T115/><D128/><U2/><E101/><V35/><F134/><N who="3" m="51819" /><G54/><T47/><D115/><U135/><E135/><V75/><F55/><W19/><G19/><N who="0" m="8631" /><D0/><U102/><E102/><V27/><F66/><W91/><G91/><N who="0" m="53743" /><D64/><U60/><E60/><V110/><F110/><W34/><G34/><T5/><D5/><N who="1" m="3375" /><E87/><V21/><F4/><W1/><G1/><T82/><D82/><AGARI ba="0,0" hai="2,6,11,20,22,40,46,49,79,82,84" m="3375" machi="82" ten="30,3900,0" yaku="25,1,52,2" doraHai="3" who="1" fromWho="0" sc="228,-39,399,39,159,0,214,0" owari="189,-21.1,438,53.8,159,-34.1,214,1.4" /></mjloggm>