<mjloggm ver="2.3"><GO type="225" lobby="0"/><UN n0="%E3%82%B3%E3%83%90%E3%83%AC%E3%82%A4" n1="%E3%81%8B%E3%82%8F%E3%81%A1%E3%82%83%E3%82%93%35%38" n2="%E3%83%96%E3%83%83%E3%83%91%E3%82%AA%E3%83%96%E3%83%81%E3%82%AD%E3%83%B3" n3="%E3%81%93%E3%81%9F%E3%82%8D%E3%81%86%E3%81%8F%E3%82%93" dan="16,16,16,16" rate="2146.53,2148.36,2158.18,2067.68" sx="M,M,M,M"/><TAIKYOKU oya="0"/><INIT seed="0,0,0,3,1,68" ten="250,250,250,250" oya="0" hai0="134,115,56,135,96,32,97,86,118,77,22,63,88" hai1="43,99,61,98,78,16,74,64,89,19,122,92,58" hai2="103,84,66,11,46,9,94,114,5,14,100,52,116" hai3="25,62,120,28,95,12,35,1,51,20,110,132,8"/><T45/><D32/><U105/><E122/><V75/><F114/><W129/><G120/><T104/><D118/><U117/><E117/><V41/><F116/><W50/><G110/><T36/><D77/><U111/><E111/><V60/><F75/><W39/><G132/><N who="0" m="50731" /><D104/><U101/><REACH who="1" step="1"/><E43/><REACH who="1" ten="250,240,250,250" step="2"/><V57/><F41/><W71/><G129/><T91/><D115/><U49/><E49/><N who="2" m="28727" /><F11/><W108/><G108/><T7/><D7/><U24/><E24/><V90/><AGARI ba="0,1" hai="5,9,14,57,60,66,84,90,94,100,103" m="28727" machi="90" ten="30,2000,0" yaku="8,1,54,1" doraHai="68" who="2" fromWho="2" sc="250,-10,240,-5,250,30,250,-5" /><INIT seed="1,0,0,3,5,57" ten="240,235,280,245" oya="1" hai0="2,92,45,77,65,131,83,87,51,42,58,25,61" hai1="118,55,95,0,134,88,107,29,96,54,119,47,80" hai2="106,36,37,117,15,68,64,76,116,78,89,7,46" hai3="35,108,43,126,18,33,67,94,102,30,10,49,39"/><U111/><E0/><V73/><F106/><W3/><G39/><T4/><D131/><U48/><E134/><V82/><F78/><W62/><G108/><T21/><D2/><U99/><E111/><V109/><F109/><W9/><G126/><T60/><D4/><U105/><E29/><V24/><F89/><W75/><G75/><T133/><D133/><U32/><E32/><V63/><F37/><W130/><G130/><T135/><D135/><U22/><E22/><V86/><F86/><W70/><G30/><T74/><D74/><U17/><E17/><V91/><F91/><W72/><G72/><T110/><D110/><U50/><E80/><V123/><F123/><W114/><G114/><T113/><D113/><U12/><BYE who="0" /><E12/><V128/><F128/><W100/><G100/><T16/><D16/><U101/><REACH who="1" step="1"/><E107/><REACH who="1" ten="240,225,280,245" step="2"/><V19/><F24/><W31/><G18/><T23/><D23/><U6/><E6/><V1/><F15/><UN n0="%E3%82%B3%E3%83%90%E3%83%AC%E3%82%A4" /><W125/><G31/><T85/><D92/><U81/><E81/><V59/><F19/><W122/><G3/><T84/><D21/><U79/><E79/><V120/><F120/><W69/><G122/><T56/><D25/><U132/><E132/><V104/><F104/><W34/><G34/><T53/><AGARI ba="0,1" hai="42,45,51,53,56,58,60,61,65,77,83,84,85,87" machi="53" ten="20,8000,1" yaku="0,1,7,1,8,1,52,2" doraHai="57" who="0" fromWho="0" sc="240,90,225,-40,280,-20,245,-20" /><INIT seed="2,0,0,4,5,17" ten="330,185,260,225" oya="2" hai0="20,6,97,0,112,93,39,108,46,25,102,85,18" hai1="47,81,65,95,87,31,69,58,32,74,23,100,80" hai2="55,103,5,13,111,94,50,118,113,134,125,49,107" hai3="37,119,36,35,120,86,99,38,61,128,40,110,22"/><V72/><F113/><W91/><G120/><T132/><D112/><U75/><E32/><V60/><F118/><W114/><G114/><T98/><D132/><U71/><E71/><V67/><F72/><W48/><G119/><T131/><D131/><U116/><E69/><V96/><F134/><W7/><G128/><T1/><D108/><U29/><E116/><V21/><F111/><W127/><G110/><T122/><D122/><U73/><E47/><V33/><F125/><W70/><G35/><T115/><D6/><U92/><E31/><V101/><F33/><W84/><G7/><T43/><D115/><U117/><E117/><V106/><F103/><W129/><G129/><T124/><D124/><U77/><E58/><V54/><F54/><W12/><G127/><T78/><D98/><N who="1" m="59463" /><E23/><V135/><F50/><W11/><G11/><T89/><REACH who="0" step="1"/><D78/><REACH who="0" ten="320,185,260,225" step="2"/><N who="1" m="46487" /><E29/><V88/><F5/><W130/><G130/><T30/><D30/><U14/><E14/><V51/><F13/><W56/><G12/><T79/><D79/><U63/><E65/><V68/><F67/><W34/><G70/><T2/><D2/><U9/><E9/><V28/><F68/><W64/><G64/><T24/><D24/><U44/><E44/><V41/><F28/><W4/><G4/><T90/><D90/><U45/><E45/><V52/><F88/><W10/><G91/><T15/><D15/><U123/><E123/><V109/><F109/><W53/><G10/><T8/><D8/><U16/><E16/><V76/><F76/><W59/><G59/><T26/><D26/><U121/><E121/><RYUUKYOKU ba="0,1" sc="320,30,185,-10,260,-10,225,-10" hai0="0,1,18,20,25,39,43,46,85,89,93,97,102" /><INIT seed="3,1,1,4,4,28" ten="350,175,250,215" oya="3" hai0="77,36,48,103,39,29,111,115,74,7,101,75,51" hai1="102,76,19,104,61,89,87,41,63,94,86,128,121" hai2="108,131,32,66,58,6,50,119,68,99,45,81,0" hai3="113,95,38,82,122,67,16,55,23,26,9,4,53"/><W20/><G113/><T129/><D29/><U27/><E121/><V78/><F119/><W25/><G122/><T1/><D7/><U21/><E128/><V118/><F118/><W15/><G38/><T31/><D31/><U46/><E104/><V91/><F131/><W126/><G126/><T84/><D129/><U127/><E127/><V112/><F112/><W30/><G67/><T56/><D84/><U24/><E24/><V8/><F108/><W96/><REACH who="3" step="1"/><G82/><REACH who="3" ten="350,175,250,205" step="2"/><T65/><D115/><U97/><E76/><V11/><F66/><W79/><G79/><T114/><D77/><U100/><E87/><V109/><F81/><W106/><G106/><T18/><D114/><U57/><E86/><V44/><F78/><W105/><G105/><T13/><D65/><N who="1" m="39087" /><E63/><V14/><F109/><W132/><G132/><T88/><D111/><U59/><E59/><V133/><F58/><W17/><G17/><T117/><D56/><U93/><E93/><V92/><F92/><W52/><G52/><T64/><D64/><U98/><E98/><V107/><F99/><W85/><G85/><T124/><D124/><U34/><E34/><V37/><F32/><W123/><G123/><T42/><D39/><U116/><E116/><V120/><F107/><W12/><G12/><T125/><D36/><U62/><E62/><V43/><F120/><W134/><G134/><T47/><D125/><U5/><E5/><V10/><F6/><W80/><G80/><T35/><D117/><U130/><E130/><V54/><F133/><W40/><G40/><T69/><D42/><U49/><AGARI ba="1,2" hai="19,21,27,41,46,49,89,94,97,100,102" m="39087" machi="49" ten="30,2000,0" yaku="5,1,8,1" doraHai="28" who="1" fromWho="1" sc="350,-6,175,43,250,-6,205,-11" owari="344,44.4,218,-18.2,244,4.4,194,-30.6" /></mjloggm>