<mjloggm ver="2.3"><GO type="225" lobby="0"/><UN n0="%E3%81%A4%E3%81%A3%E3%81%B1%E3%82%8A%E3%83%9D%E3%83%BC%E3%83%AB" n1="%70%68%65%6E%6F%6D%65" n2="%E9%A6%AC%E5%BC%95%E7%81%AB%33" n3="%77%72%77%72%77%72%77%72" dan="17,16,16,17" rate="2155.09,2182.40,2144.59,2122.72" sx="M,M,M,M"/><TAIKYOKU oya="0"/><INIT seed="0,0,0,5,5,39" ten="250,250,250,250" oya="0" hai0="15,55,67,11,119,97,34,112,91,118,64,98,28" hai1="89,130,0,93,61,111,88,36,5,72,31,57,69" hai2="14,47,107,33,43,9,63,66,51,22,126,62,12" hai3="120,52,46,128,70,6,35,27,114,73,101,7,44"/><T80/><D112/><U71/><E36/><V102/><F33/><W124/><G114/><T58/><D34/><U113/><E113/><V25/><F126/><W77/><G124/><T32/><D32/><U100/><E72/><V16/><F107/><W75/><G70/><T135/><D28/><U110/><E31/><V68/><F102/><W37/><G128/><T99/><D135/><U132/><E132/><V129/><F129/><W38/><G120/><T45/><D45/><U85/><E100/><V117/><F117/><W17/><G101/><T30/><D30/><U10/><E89/><V81/><F9/><W3/><G35/><T123/><D123/><U59/><E59/><V134/><F134/><W79/><G27/><T18/><D119/><U94/><E94/><V53/><F81/><W131/><G131/><T86/><REACH who="0" step="1"/><D118/><REACH who="0" ten="240,250,250,250" step="2"/><U133/><E133/><V60/><REACH who="2" step="1"/><F53/><REACH who="2" ten="240,250,240,250" step="2"/><W83/><G52/><T109/><D109/><N who="1" m="41483" /><E130/><V1/><F1/><W106/><G3/><T104/><D104/><U26/><E26/><V54/><F54/><AGARI ba="0,2" hai="0,5,10,54,57,61,69,71,85,88,93" m="41483" machi="54" ten="30,2000,0" yaku="14,1,54,1" doraHai="39" who="1" fromWho="2" sc="240,0,250,40,240,-20,250,0" /><INIT seed="1,0,0,5,5,87" ten="240,290,220,250" oya="1" hai0="123,120,73,108,56,97,51,3,80,11,7,38,16" hai1="85,100,115,22,103,9,117,29,65,28,14,113,127" hai2="57,129,31,55,44,69,4,26,83,68,72,40,6" hai3="78,19,119,63,25,32,64,17,134,12,41,99,125"/><U116/><E65/><V42/><F129/><W34/><G134/><T50/><D38/><U53/><E127/><V121/><F121/><N who="0" m="46666" /><D108/><U81/><E53/><V37/><F42/><W88/><G125/><T5/><D5/><U135/><E135/><V114/><F114/><W49/><G119/><T133/><D133/><U18/><E116/><V67/><F69/><W104/><G78/><N who="0" m="44111" /><D97/><U23/><E117/><V36/><F36/><W82/><G104/><T102/><D102/><U61/><E61/><V122/><F122/><W35/><G25/><T46/><D56/><U126/><E126/><V128/><F128/><W92/><G82/><T71/><D71/><U124/><E124/><V24/><F24/><W107/><G107/><T21/><D46/><U84/><E113/><V132/><F132/><W76/><G76/><T90/><D90/><N who="1" m="51471" /><E85/><V74/><F74/><W106/><G106/><T8/><D8/><U93/><E115/><V111/><F68/><W47/><REACH who="3" step="1"/><G12/><AGARI ba="0,0" hai="3,7,11,12,16,21,50,51" m="44111,46666" machi="12" ten="30,2000,0" yaku="13,1,54,1" doraHai="87" who="0" fromWho="3" sc="240,20,290,0,220,0,250,-20" /><INIT seed="2,0,0,2,0,116" ten="260,290,220,230" oya="2" hai0="1,131,96,113,118,15,66,74,73,124,81,135,79" hai1="134,127,100,84,108,82,40,48,92,70,29,50,114" hai2="56,59,86,64,101,19,65,12,129,9,95,123,133" hai3="104,8,16,68,20,25,37,76,107,119,26,36,43"/><V10/><F123/><W125/><G119/><T38/><D1/><U67/><E114/><V33/><F33/><W30/><G68/><T18/><D118/><U35/><E70/><V128/><F133/><W4/><G125/><T115/><D38/><U112/><E67/><N who="2" m="25675" /><F10/><W13/><G76/><T103/><D124/><U110/><E112/><V71/><F71/><W97/><G43/><T47/><D47/><U6/><E6/><V21/><F21/><W55/><G55/><T106/><D66/><U98/><E134/><V17/><F17/><W60/><G60/><T122/><D135/><U72/><E72/><V5/><F5/><W7/><G7/><T11/><D122/><U34/><E127/><V28/><F28/><W89/><G107/><T85/><D131/><N who="2" m="50250" /><F86/><W41/><G41/><T49/><D74/><U46/><E29/><V130/><N who="2" m="50258" /><V83/><DORA hai="51" /><F83/><W0/><G25/><T91/><D49/><U14/><E48/><V57/><F95/><AGARI ba="0,0" hai="11,15,18,73,79,81,85,91,95,96,103,106,113,115" machi="95" ten="30,3900,0" yaku="7,1,24,2" doraHai="116,51" who="0" fromWho="2" sc="260,39,290,0,220,-39,230,0" /><INIT seed="3,0,0,0,1,3" ten="299,290,181,230" oya="3" hai0="43,101,30,83,28,123,111,46,20,91,85,15,55" hai1="5,19,89,80,34,17,66,51,129,121,6,29,134" hai2="57,72,124,12,113,11,105,65,86,96,52,32,110" hai3="21,44,98,107,25,31,116,88,10,59,1,131,18"/><W41/><G131/><T70/><D70/><U67/><E121/><V26/><F113/><W68/><G116/><T87/><D123/><U132/><E129/><V109/><F124/><W122/><G122/><T82/><D111/><N who="2" m="42506" /><F72/><W2/><G68/><T77/><D101/><U40/><E29/><N who="2" m="19511" /><F86/><W99/><G59/><T84/><D84/><N who="1" m="50311" /><E34/><V14/><F65/><N who="1" m="24585" /><E134/><V47/><F47/><W13/><G99/><T39/><D55/><U38/><E38/><V71/><F71/><W54/><G54/><T75/><D75/><U97/><E97/><V100/><F11/><W117/><G117/><T119/><D119/><U127/><E132/><V133/><F133/><W95/><REACH who="3" step="1"/><G107/><REACH who="3" ten="299,290,181,220" step="2"/><T130/><D130/><U48/><E127/><V135/><F135/><W103/><G103/><T53/><D53/><U60/><E40/><V16/><F16/><W69/><G69/><T78/><D43/><U118/><E118/><V50/><AGARI ba="0,1" hai="12,14,50,52,57,96,100,105" m="19511,42506" machi="50" ten="30,2000,0" yaku="14,1,54,1" doraHai="3" who="2" fromWho="2" sc="299,-5,290,-5,181,30,220,-10" /><INIT seed="4,0,0,5,3,80" ten="294,285,211,210" oya="0" hai0="87,63,77,119,79,89,59,97,42,29,73,103,22" hai1="15,135,44,113,106,67,7,98,26,92,95,126,128" hai2="120,45,14,76,124,9,8,123,5,25,21,11,10" hai3="94,127,12,57,6,71,117,40,122,16,33,20,18"/><T2/><D2/><U86/><E126/><V93/><F76/><W108/><G117/><T114/><D119/><U83/><E128/><V43/><F93/><W53/><G108/><T36/><D114/><U3/><E3/><V101/><F101/><W52/><G127/><T96/><D42/><U99/><E113/><V23/><F124/><W84/><G71/><T17/><D29/><U1/><E1/><V68/><F68/><W41/><G33/><T105/><D36/><U64/><E106/><V48/><REACH who="2" step="1"/><F23/><REACH who="2" ten="294,285,201,210" step="2"/><N who="3" m="11655" /><G122/><T111/><D111/><U129/><E95/><V49/><F49/><N who="3" m="30863" /><G6/><T91/><D105/><U19/><E92/><V102/><F102/><W121/><G121/><T85/><D103/><U82/><E82/><V32/><F32/><W116/><G116/><T88/><D73/><U130/><E129/><V60/><F60/><W65/><G65/><N who="0" m="39167" /><D97/><U131/><E98/><V107/><F107/><W4/><G4/><T39/><D96/><U24/><E99/><V112/><F112/><W51/><G94/><T58/><D39/><U74/><E7/><V28/><AGARI ba="0,1" hai="5,8,9,10,11,14,21,25,28,43,45,48,120,123" machi="28" ten="30,2000,0" yaku="1,1,0,1,53,0" doraHai="80" doraHaiUra="62" who="2" fromWho="2" sc="294,-10,285,-5,201,30,210,-5" /><INIT seed="5,0,0,0,5,98" ten="284,280,231,205" oya="1" hai0="78,38,2,63,13,43,39,76,61,18,11,73,134" hai1="27,0,8,90,22,122,77,128,53,97,44,81,102" hai2="106,15,93,127,24,121,131,42,124,126,51,96,100" hai3="88,35,118,34,120,40,9,32,28,125,91,86,47"/><U114/><E122/><V103/><F121/><W62/><G125/><T75/><D2/><U59/><E114/><V1/><F1/><W55/><G120/><T29/><D29/><U66/><E128/><V112/><F131/><W71/><G118/><T89/><D89/><U85/><E0/><V70/><F70/><W58/><G9/><T113/><D113/><U49/><E8/><V12/><F112/><W79/><G71/><T26/><D26/><U57/><E66/><V19/><F24/><W69/><G69/><T129/><D129/><U82/><E81/><V56/><F19/><W36/><REACH who="3" step="1"/><G28/><REACH who="3" ten="284,280,231,195" step="2"/><T119/><D11/><U72/><BYE who="2" /><E72/><UN n2="%E9%A6%AC%E5%BC%95%E7%81%AB%33" /><V10/><F127/><W17/><G17/><T16/><D119/><U3/><E3/><V130/><F10/><W6/><G6/><T48/><D75/><U74/><E74/><V132/><F126/><W46/><G46/><N who="0" m="25695" /><D18/><N who="1" m="12759" /><E77/><V135/><F124/><W21/><G21/><N who="0" m="11407" /><D78/><U115/><E115/><V80/><F130/><W83/><AGARI ba="0,1" hai="32,34,35,36,40,47,55,58,62,79,83,86,88,91" machi="83" ten="40,5200,0" yaku="1,1,0,1,54,1,53,0" doraHai="98" doraHaiUra="45" who="3" fromWho="3" sc="284,-13,280,-26,231,-13,195,62" /><INIT seed="6,0,0,3,1,29" ten="271,254,218,257" oya="2" hai0="91,73,74,25,77,83,118,56,15,13,104,133,79" hai1="128,132,89,14,121,114,3,60,55,54,44,71,47" hai2="21,72,61,22,27,81,0,6,9,99,90,122,112" hai3="12,20,36,68,39,26,8,17,92,124,48,129,23"/><V111/><F122/><W40/><G129/><T66/><D104/><U102/><E3/><V70/><F112/><W120/><G120/><T127/><D127/><U37/><E102/><V82/><F111/><W52/><G68/><T65/><D133/><U50/><E121/><V78/><F27/><W19/><G124/><T67/><D118/><U62/><E89/><V100/><F82/><W42/><G92/><T119/><D119/><U113/><E14/><N who="0" m="5129" /><D74/><U105/><E105/><V28/><F28/><W1/><G36/><T34/><D34/><U76/><E76/><N who="0" m="29257" /><D25/><U117/><E117/><V84/><F78/><W85/><G85/><N who="0" m="50623" /><D73/><U33/><E33/><V126/><F72/><W94/><G94/><T53/><D67/><N who="1" m="41447" /><E128/><V130/><F130/><W97/><G97/><T116/><D116/><U115/><E132/><V4/><F126/><W64/><G64/><T11/><D11/><U7/><E7/><V59/><F4/><W35/><G39/><T135/><D135/><U58/><E37/><V2/><F2/><W51/><G35/><T30/><D30/><U45/><AGARI ba="0,0" hai="44,45,47,50,54,55,58,62,113,114,115" m="41447" machi="45" ten="40,5200,0" yaku="15,1,34,2" doraHai="29" who="1" fromWho="1" sc="271,-13,254,52,218,-26,257,-13" owari="258,5.8,306,40.6,192,-30.8,244,-15.6" /></mjloggm>