<mjloggm ver="2.3"><GO type="225" lobby="0"/><UN n0="%E5%B8%86%E7%AB%8B%E5%A4%8F%E8%A1%A3" n1="%E6%A1%9C%E8%8A%B1%E9%96%83%E3%80%85" n2="%E9%9B%80%E6%A5%B5%E3%81%AE%E3%81%B8" n3="%E6%9C%88%E5%B3%B6%E5%9F%BA" dan="17,17,16,18" rate="2225.59,2208.61,2136.96,2213.43" sx="M,M,M,M"/><TAIKYOKU oya="0"/><INIT seed="0,0,0,1,0,97" ten="250,250,250,250" oya="0" hai0="33,8,84,6,85,79,127,96,22,100,19,42,71" hai1="5,2,59,37,26,9,20,90,18,114,126,17,72" hai2="47,102,82,61,130,36,109,44,14,135,73,98,35" hai3="104,65,39,74,48,63,91,64,111,56,89,92,53"/><T133/><D127/><U108/><E37/><V38/><F35/><W124/><G104/><T121/><D121/><U52/><E126/><V43/><F109/><W75/><G111/><T103/><D133/><U51/><E108/><V15/><F130/><W134/><G124/><T11/><D33/><U113/><E72/><V115/><F115/><W94/><G39/><T80/><D71/><U29/><REACH who="1" step="1"/><E90/><REACH who="1" ten="250,240,250,250" step="2"/><V88/><F73/><W57/><G75/><T66/><D96/><U10/><E10/><N who="0" m="3625" /><D6/><U86/><E86/><V93/><F135/><W25/><G74/><T77/><D42/><U129/><E129/><V120/><F120/><W132/><G132/><T34/><D34/><U95/><E95/><V28/><F43/><W60/><G94/><T99/><D99/><U118/><E118/><V131/><F131/><W30/><G92/><T62/><D84/><U12/><E12/><V24/><F14/><W21/><REACH who="3" step="1"/><G134/><REACH who="3" ten="250,240,250,240" step="2"/><T106/><D106/><U116/><E116/><V45/><F93/><W128/><G128/><T70/><D85/><U81/><E81/><V83/><F82/><W122/><G122/><T76/><D80/><U41/><E41/><V4/><F83/><W27/><G27/><T31/><D77/><U68/><E68/><AGARI ba="0,2" hai="21,25,30,48,53,56,57,60,63,64,65,68,89,91" machi="68" ten="30,7700,0" yaku="1,1,7,1,53,2" doraHai="97" doraHaiUra="54" who="3" fromWho="1" sc="250,0,240,-77,250,0,240,97" /><INIT seed="1,0,0,2,5,77" ten="250,163,250,337" oya="1" hai0="105,93,5,40,36,10,51,103,48,91,37,96,32" hai1="34,98,67,87,128,132,133,118,11,70,73,115,3" hai2="19,69,26,130,104,111,114,14,7,129,99,57,78" hai3="22,63,27,47,106,71,1,107,116,28,21,29,46"/><U80/><E34/><V79/><F69/><W44/><G1/><T20/><D32/><U17/><E115/><V56/><F7/><W35/><G116/><T0/><D20/><U109/><E118/><V108/><F26/><W82/><G35/><T117/><D117/><U122/><E122/><V38/><F38/><W92/><G92/><T61/><D61/><N who="1" m="40303" /><E73/><V2/><F2/><W6/><G6/><T74/><D74/><U76/><E98/><V33/><F33/><W89/><G71/><T12/><D0/><U62/><E62/><V88/><F114/><W113/><G63/><T4/><D4/><N who="1" m="1439" /><E17/><V52/><F57/><W102/><G113/><T42/><D37/><U94/><E94/><N who="2" m="56775" /><F78/><W83/><G29/><T119/><D119/><U9/><E9/><N who="2" m="6607" /><F79/><W97/><G106/><T66/><D36/><U45/><E45/><V124/><F104/><W30/><G89/><T53/><D91/><U65/><E65/><V125/><F124/><W112/><G112/><T120/><D66/><U49/><E49/><N who="2" m="30735" /><F125/><W60/><G60/><T95/><D120/><U31/><E31/><V101/><F101/><W126/><G126/><T24/><D24/><AGARI ba="0,0" hai="21,22,24,27,28,30,44,46,47,82,83,97,102,107" machi="24" ten="40,5200,0" yaku="9,1,52,2" doraHai="77" who="3" fromWho="0" sc="250,-52,163,0,250,0,337,52" /><INIT seed="2,0,0,2,5,24" ten="198,163,250,389" oya="2" hai0="77,111,75,96,10,11,19,40,20,89,109,17,23" hai1="16,114,66,126,133,76,41,51,50,33,78,63,36" hai2="67,84,28,64,79,3,72,1,15,47,71,42,101" hai3="68,18,94,107,88,52,97,73,65,30,22,113,122"/><V120/><F72/><W26/><G122/><T55/><D40/><U31/><E114/><V4/><F101/><W90/><G113/><T12/><D55/><U21/><E36/><V128/><F71/><W112/><G112/><T108/><D77/><U83/><E126/><V6/><F128/><W34/><G73/><T54/><D54/><U92/><E133/><V27/><F1/><W119/><G119/><T56/><D56/><N who="1" m="37223" /><E33/><V62/><F3/><W134/><G134/><T49/><D49/><N who="1" m="18443" /><E41/><V9/><F6/><W43/><G52/><T103/><D89/><U48/><N who="1" m="18451" /><U70/><DORA hai="45" /><E70/><V60/><F42/><W130/><G107/><T58/><D58/><U102/><E31/><V123/><F28/><W93/><G43/><T125/><D75/><U0/><E0/><V25/><F120/><W86/><G65/><T105/><REACH who="0" step="1"/><D125/><REACH who="0" ten="188,163,250,389" step="2"/><U81/><E78/><V98/><F79/><W118/><G68/><T39/><D39/><U14/><E76/><V46/><F123/><W7/><G90/><T5/><D5/><U32/><E32/><V69/><F4/><W85/><G88/><T100/><D100/><U87/><E87/><V115/><F84/><W129/><G86/><T121/><D121/><U135/><E135/><V38/><F115/><W29/><G85/><T95/><D95/><U106/><E106/><V131/><F38/><W132/><G94/><T127/><D127/><U91/><E91/><V74/><F69/><W99/><G93/><T116/><D116/><U124/><E124/><V82/><F74/><W53/><G118/><T35/><D35/><RYUUKYOKU ba="0,1" sc="188,15,163,15,250,-15,389,-15" hai0="10,11,12,17,19,20,23,96,103,105,108,109,111" hai1="14,16,21,81,83,92,102" /><INIT seed="3,1,1,0,5,58" ten="203,178,235,374" oya="3" hai0="48,105,95,112,62,70,55,75,118,93,111,61,12" hai1="17,103,100,65,26,15,128,19,35,67,122,92,1" hai2="29,66,33,91,14,43,4,41,7,97,73,63,49" hai3="99,80,82,51,84,38,135,109,115,78,9,10,90"/><W8/><G115/><T56/><D118/><U28/><E122/><V77/><F73/><W113/><G38/><T130/><D105/><U2/><E128/><V126/><F77/><W11/><G113/><T53/><D75/><U37/><E37/><V18/><F33/><W20/><G109/><T6/><D112/><U0/><E19/><V79/><F29/><W30/><G135/><T121/><D121/><U110/><E110/><V3/><F79/><W39/><G39/><T36/><D36/><U87/><E87/><V44/><F43/><W117/><G99/><T46/><D130/><U88/><E88/><V60/><F3/><W69/><G69/><T120/><D120/><U68/><E92/><N who="0" m="35401" /><D70/><U45/><E45/><V107/><F107/><W76/><G11/><N who="0" m="4215" /><D111/><U25/><E25/><V106/><F106/><W102/><G102/><T24/><D24/><U42/><E42/><V54/><F41/><W131/><G10/><T83/><D83/><U108/><E108/><V32/><F97/><W34/><G117/><T94/><D94/><U72/><E72/><V31/><F4/><W40/><G131/><T59/><D46/><U23/><REACH who="1" step="1"/><E68/><REACH who="1" ten="203,168,235,374" step="2"/><N who="2" m="42055" /><F44/><W47/><G47/><T125/><D125/><U96/><E96/><V71/><F126/><W133/><G90/><T81/><D81/><U5/><E5/><V101/><F7/><W16/><G82/><T132/><D132/><U13/><E13/><V50/><F14/><W98/><G80/><T124/><D124/><U27/><E27/><N who="2" m="18559" /><F71/><W52/><G133/><T21/><D21/><U64/><AGARI ba="1,2" hai="0,1,2,15,17,23,26,28,35,64,65,67,100,103" machi="64" ten="40,2700,0" yaku="1,1,0,1,53,0" doraHai="58" doraHaiUra="86" who="1" fromWho="1" sc="203,-8,168,50,235,-8,374,-14" owari="195,-30.5,218,-18.2,227,2.7,360,46.0" /></mjloggm>