<mjloggm ver="2.3"><GO type="225" lobby="0"/><UN n0="%4C%4F%4C%49%54%41" n1="%E6%98%93%E5%88%A9%E8%96%A9%E4%BC%AF" n2="%E3%83%A9%E3%83%BC%E3%83%A1%E3%83%B3%E4%BA%94%E9%83%8E" n3="%E5%A4%8F%E9%88%B4%E9%88%B4%E5%A4%8F" dan="16,17,16,16" rate="2102.31,2140.81,2140.52,2101.00" sx="F,F,M,F"/><TAIKYOKU oya="0"/><INIT seed="0,0,0,3,0,90" ten="250,250,250,250" oya="0" hai0="100,115,132,66,1,125,131,19,77,86,104,42,109" hai1="16,111,51,65,81,43,76,95,56,58,47,126,40" hai2="93,89,5,63,14,71,127,26,50,2,29,105,48" hai3="84,79,64,108,73,17,122,22,20,91,28,30,106"/><T21/><D115/><U9/><E111/><V114/><F114/><W99/><G108/><T96/><D109/><U39/><E126/><V92/><F105/><W54/><G64/><T97/><D1/><U34/><E34/><V75/><F75/><W112/><G112/><T82/><D132/><U123/><E123/><V102/><F2/><W98/><G79/><T135/><D135/><U67/><E39/><V12/><F127/><W113/><G73/><T62/><D131/><U110/><E43/><V52/><F71/><W124/><G124/><T119/><D125/><U13/><E110/><V78/><F78/><W37/><G37/><T55/><D97/><U80/><E95/><N who="2" m="36427" /><F102/><W101/><G99/><T4/><D42/><U72/><E80/><V35/><F35/><W103/><G101/><T118/><D4/><U70/><REACH who="1" step="1"/><E65/><REACH who="1" ten="250,240,250,250" step="2"/><V8/><F89/><W57/><G122/><T15/><REACH who="0" step="1"/><D55/><REACH who="0" ten="240,240,250,250" step="2"/><U38/><E38/><V130/><F52/><W117/><G54/><T61/><D61/><AGARI ba="0,2" hai="9,13,16,40,47,51,56,58,61,67,70,72,76,81" machi="61" ten="40,5200,0" yaku="1,1,54,1,53,1" doraHai="90" doraHaiUra="11" who="1" fromWho="0" sc="240,-52,240,72,250,0,250,0" /><INIT seed="1,0,0,0,4,116" ten="188,312,250,250" oya="1" hai0="24,92,90,5,102,112,130,45,59,91,39,107,128" hai1="51,129,32,106,38,57,12,87,125,122,43,10,9" hai2="131,31,35,85,2,23,27,115,4,58,8,36,127" hai3="71,67,135,65,111,44,13,17,41,68,109,18,16"/><U114/><E106/><V69/><F69/><N who="3" m="26699" /><G13/><T61/><D112/><U63/><E114/><V75/><F75/><W20/><G20/><T74/><D74/><U88/><E122/><V83/><F115/><W81/><G81/><T123/><D5/><U95/><E32/><V119/><F119/><W110/><G135/><T113/><D113/><U62/><E129/><N who="0" m="49769" /><D107/><U108/><E125/><V118/><F127/><W100/><G100/><T0/><D0/><U104/><E104/><V7/><F118/><W126/><G126/><T80/><D24/><U37/><E10/><V132/><F132/><W11/><G11/><T105/><D105/><U103/><E63/><V33/><F131/><W48/><AGARI ba="0,0" hai="16,17,18,41,44,48,65,67,109,110,111" m="26699" machi="48" ten="40,2700,0" yaku="14,1,54,1" doraHai="116" who="3" fromWho="3" sc="188,-7,312,-13,250,-7,250,27" /><INIT seed="2,0,0,4,0,71" ten="181,299,243,277" oya="2" hai0="48,109,27,43,12,103,113,16,93,135,117,68,35" hai1="28,32,6,95,41,22,2,39,132,125,4,129,42" hai2="122,56,18,11,115,20,25,8,5,31,96,13,0" hai3="75,19,17,80,99,105,74,106,98,36,84,40,108"/><V101/><F115/><W51/><G51/><T67/><D113/><U15/><E42/><V72/><F72/><N who="3" m="27691" /><G17/><T7/><D109/><U92/><E125/><V86/><F122/><W49/><G19/><T124/><D124/><U64/><E64/><V23/><F56/><W62/><G49/><T77/><D77/><U61/><E61/><V65/><F65/><W33/><G62/><T90/><D135/><U82/><E82/><V123/><F123/><W58/><G33/><T128/><D103/><U53/><E22/><V37/><F37/><W102/><G36/><T83/><D83/><U30/><E15/><V54/><F54/><W81/><G40/><T134/><D128/><U44/><E53/><V89/><F25/><W79/><G58/><T104/><D104/><N who="3" m="40041" /><G102/><T66/><D7/><U14/><E6/><V100/><F31/><W45/><G45/><T73/><D27/><U70/><E44/><V29/><F29/><W112/><G112/><T76/><D35/><U120/><E30/><V87/><F101/><W59/><G59/><T63/><D43/><U107/><E41/><V50/><F50/><W38/><G38/><T69/><D48/><U131/><E39/><V97/><F100/><W57/><G108/><T85/><D67/><U121/><E4/><V110/><F110/><W78/><G57/><T24/><D68/><U55/><E70/><V130/><F130/><W34/><G34/><T3/><D69/><U10/><E129/><V116/><F5/><W133/><G133/><T1/><D134/><U118/><E132/><V119/><F0/><W91/><G78/><RYUUKYOKU ba="0,0" sc="181,-10,299,-10,243,-10,277,30" hai3="79,80,81,84,91,98,99" /><INIT seed="3,1,0,1,0,20" ten="171,289,233,307" oya="3" hai0="130,32,96,79,92,38,33,81,9,107,0,98,126" hai1="62,36,103,10,25,124,42,132,15,47,106,60,77" hai2="133,123,51,19,22,66,52,112,17,91,6,61,7" hai3="131,64,34,86,113,63,58,118,4,39,29,84,1"/><W90/><G118/><T120/><D120/><U13/><E132/><V14/><F112/><W104/><G113/><T35/><D38/><U85/><E124/><V111/><F133/><W31/><G104/><T108/><D126/><U121/><E15/><V117/><F117/><W40/><G34/><T27/><D108/><U11/><E11/><V30/><F30/><W54/><G84/><T26/><D130/><U87/><E103/><V57/><F111/><W93/><G131/><T83/><D107/><U37/><E37/><V119/><F119/><W76/><G76/><T97/><D92/><U89/><E106/><V18/><F123/><W56/><G4/><N who="2" m="1577" /><F91/><W53/><G1/><T101/><D0/><U5/><E121/><V43/><F43/><W102/><G102/><T21/><D9/><U44/><E44/><AGARI ba="1,0" hai="14,17,18,19,22,44,51,52,57,61,66" m="1577" machi="44" ten="30,2000,0" yaku="8,1,54,1" doraHai="20" who="2" fromWho="1" sc="171,0,289,-23,233,23,307,0" owari="171,-32.9,266,6.6,256,-14.4,307,40.7" /></mjloggm>