<mjloggm ver="2.3"><GO type="225" lobby="0"/><UN n0="%72%69%6F%75%63%68%61%6E" n1="%E6%A1%9C%E8%8A%B1%E9%96%83%E3%80%85" n2="%E6%98%93%E5%88%A9%E8%96%A9%E4%BC%AF" n3="%E3%83%96%E3%83%83%E3%83%91%E3%82%AA%E3%83%96%E3%83%81%E3%82%AD%E3%83%B3" dan="16,17,16,16" rate="2149.11,2177.96,2121.59,2152.79" sx="M,M,F,M"/><TAIKYOKU oya="0"/><INIT seed="0,0,0,0,3,65" ten="250,250,250,250" oya="0" hai0="97,106,88,109,122,99,19,30,35,77,48,5,51" hai1="34,4,52,33,59,0,82,84,123,12,108,43,81" hai2="107,128,25,127,71,1,92,110,57,69,76,96,18" hai3="46,62,85,17,60,44,55,94,31,21,135,64,80"/><T102/><D122/><U73/><E123/><V124/><F110/><W28/><G135/><T79/><D109/><U8/><E108/><V58/><F1/><W14/><G94/><T67/><D5/><U91/><E43/><V129/><F107/><W101/><G101/><T125/><D125/><N who="2" m="48202" /><F76/><W16/><G17/><T95/><D67/><U89/><E0/><V120/><F120/><W113/><G113/><T74/><D19/><U54/><E54/><V39/><F39/><W86/><G86/><T32/><D77/><U131/><E131/><N who="2" m="50251" /><F25/><W70/><G62/><T3/><D3/><U93/><E73/><V63/><F18/><W75/><G75/><T133/><D133/><U53/><E53/><N who="2" m="34223" /><F58/><W22/><G22/><T20/><D20/><U104/><E104/><V103/><AGARI ba="0,0" hai="69,71,92,96,103" m="34223,50251,48202" machi="103" ten="30,7900,0" yaku="18,1,19,1,52,2" doraHai="65" who="2" fromWho="2" sc="250,-39,250,-20,250,79,250,-20" /><INIT seed="1,0,0,1,5,126" ten="211,230,329,230" oya="1" hai0="34,22,40,0,115,77,7,125,119,89,53,107,73" hai1="26,5,43,79,30,46,72,101,105,4,75,11,68" hai2="129,50,64,128,93,59,14,113,49,131,80,99,45" hai3="76,118,133,6,71,39,134,32,67,78,91,85,20"/><U58/><E68/><V114/><F80/><W65/><G32/><T9/><D115/><N who="2" m="44042" /><F14/><W83/><G39/><T18/><D119/><U38/><E58/><V15/><F15/><W103/><G118/><T108/><D108/><U123/><E123/><V62/><F45/><W17/><G6/><T116/><D116/><U56/><E56/><V121/><F121/><W111/><G103/><AGARI ba="0,0" hai="49,50,59,62,64,93,99,103,128,129,131" m="44042" machi="103" ten="40,8000,1" yaku="19,1,11,1,52,3" doraHai="126" who="2" fromWho="3" sc="211,0,230,0,329,80,230,-80" /><INIT seed="2,0,0,2,1,31" ten="211,230,409,150" oya="2" hai0="102,107,70,68,53,73,71,18,23,117,62,63,121" hai1="38,3,32,111,19,89,64,72,59,135,42,96,97" hai2="7,124,108,109,15,1,123,98,30,80,37,110,126" hai3="103,106,65,93,43,58,95,54,61,39,115,69,114"/><V2/><F37/><W87/><G106/><T92/><D121/><U56/><E3/><N who="2" m="1035" /><F123/><W88/><G103/><T78/><D117/><U46/><E111/><V13/><F98/><W116/><G95/><T57/><D107/><U131/><E131/><V27/><F80/><W50/><REACH who="3" step="1"/><G116/><REACH who="3" ten="211,230,409,140" step="2"/><T118/><D118/><U75/><E97/><V105/><F105/><W34/><G34/><T51/><D92/><U100/><E32/><N who="2" m="20575" /><F7/><W90/><G90/><T20/><D102/><U113/><E89/><V10/><F10/><W128/><G128/><T4/><D4/><U84/><E96/><V22/><F22/><W83/><G83/><T55/><D23/><U44/><E100/><V134/><F134/><W0/><G0/><T101/><D101/><U119/><E135/><V25/><F25/><W12/><G12/><AGARI ba="0,1" hai="12,13,15,108,109,110,124,126" m="20575,1035" machi="12" ten="40,12000,1" yaku="14,1,10,1,34,2,52,1" doraHai="31" who="2" fromWho="3" sc="211,0,230,0,409,130,140,-120" /><INIT seed="2,1,0,0,1,127" ten="211,230,539,20" oya="2" hai0="55,74,17,106,38,131,45,113,37,61,69,108,35" hai1="123,94,77,63,99,52,59,79,119,10,34,73,2" hai2="9,124,50,60,128,57,130,54,90,6,32,129,93" hai3="95,126,36,76,91,72,68,53,87,82,20,80,58"/><V56/><F32/><W104/><G126/><T81/><D131/><U0/><E119/><V27/><F27/><W78/><G36/><T64/><D113/><U42/><E34/><V100/><F100/><W84/><G68/><T30/><D108/><U121/><E42/><V51/><F124/><W14/><G14/><T103/><D17/><U97/><E97/><N who="2" m="57527" /><F56/><W44/><G44/><T98/><D55/><U89/><E10/><V21/><F21/><W1/><G1/><AGARI ba="1,0" hai="1,6,9,50,51,54,57,60,128,129,130" m="57527" machi="1" ten="30,11600,0" yaku="19,1,52,3" doraHai="127" who="2" fromWho="3" sc="211,0,230,0,539,119,20,-119" owari="211,-18.9,230,3.0,658,75.8,-99,-59.9" /></mjloggm>