<mjloggm ver="2.3"><GO type="225" lobby="0"/><UN n0="%E3%83%A9%E3%82%A4%E3%83%B3%E3%81%AE%E8%99%8E" n1="%70%6F%69%73%6F%6E%30%32" n2="%E3%83%81%E3%83%83%E3%82%BF%E3%82%BD%E3%83%BC" n3="%E5%8F%AF%E5%85%90%E9%82%A3%E7%94%B1%E5%A4%9A" dan="16,16,16,16" rate="2165.42,2116.52,2176.01,2123.58" sx="M,M,F,F"/><TAIKYOKU oya="0"/><INIT seed="0,0,0,2,2,61" ten="250,250,250,250" oya="0" hai0="55,21,104,101,15,131,17,30,44,25,90,100,119" hai1="51,135,64,115,129,76,95,52,78,84,65,87,89" hai2="85,67,132,75,127,14,7,72,0,130,39,6,62" hai3="33,125,60,68,36,134,124,99,46,106,26,19,116"/><T83/><D119/><U71/><E71/><V58/><F39/><W91/><G116/><T37/><D104/><U63/><E135/><V13/><F127/><N who="3" m="48715" /><G134/><T34/><D131/><U114/><E63/><V126/><F126/><W27/><G19/><T108/><D108/><U103/><E103/><V111/><F132/><W96/><G91/><T42/><REACH who="0" step="1"/><D55/><REACH who="0" ten="240,250,250,250" step="2"/><U93/><E129/><V16/><F111/><W56/><G106/><T92/><D92/><U41/><E115/><V73/><F130/><W122/><G122/><T80/><D80/><U12/><E114/><V11/><F0/><W20/><G68/><T48/><D48/><U98/><E95/><V32/><F32/><W123/><G123/><T107/><D107/><U4/><E78/><V9/><REACH who="2" step="1"/><F85/><AGARI ba="0,1" hai="15,17,21,25,30,34,37,42,44,83,85,90,100,101" machi="85" ten="40,3900,0" yaku="1,1,53,1" doraHai="61" doraHaiUra="10" who="0" fromWho="2" sc="240,49,250,0,250,-39,250,0" /><INIT seed="0,1,0,5,3,54" ten="289,250,211,250" oya="0" hai0="130,135,110,59,75,48,92,36,98,102,46,16,57" hai1="28,3,112,122,34,50,29,33,123,126,35,1,88" hai2="128,105,78,124,133,77,15,13,74,20,97,51,95" hai3="11,12,14,83,66,44,72,38,65,52,18,62,42"/><T8/><D75/><U91/><E50/><V69/><F105/><W115/><G115/><T68/><D68/><U118/><E112/><V134/><F124/><W100/><G100/><T108/><D36/><U87/><E118/><V0/><F0/><N who="1" m="73" /><E87/><V73/><F128/><W26/><G26/><T84/><D130/><U53/><E53/><V24/><F51/><W106/><G106/><T109/><D135/><N who="2" m="51722" /><F74/><W55/><G14/><N who="2" m="5129" /><F73/><W114/><G114/><T23/><D8/><U125/><E125/><V22/><F69/><W120/><G120/><N who="1" m="46122" /><E126/><V79/><F24/><W113/><G113/><T131/><D84/><U82/><E82/><V27/><F27/><W111/><G66/><T103/><D103/><AGARI ba="1,0" hai="20,22,77,78,79,95,97,103" m="5129,51722" machi="103" ten="30,1000,0" yaku="20,1" doraHai="54" who="2" fromWho="0" sc="289,-13,250,0,211,13,250,0" /><INIT seed="1,0,0,2,4,20" ten="276,250,224,250" oya="1" hai0="124,96,101,116,133,128,102,6,134,108,60,54,33" hai1="17,2,69,132,59,8,105,28,64,78,70,117,106" hai2="29,62,56,21,42,91,74,123,14,90,111,12,127" hai3="50,61,109,39,110,16,107,126,98,53,118,10,35"/><U31/><E117/><V13/><F111/><N who="3" m="42507" /><G39/><T4/><D108/><U77/><E132/><N who="0" m="50793" /><D116/><U115/><E115/><V81/><F127/><W121/><G118/><T25/><D124/><U85/><E70/><V47/><F123/><W88/><G126/><T36/><D36/><U38/><E69/><V5/><F5/><N who="0" m="2154" /><D128/><U0/><E38/><V22/><F74/><W82/><G35/><T58/><D96/><U103/><E2/><V72/><F72/><W27/><G121/><T79/><D79/><U11/><E0/><V104/><F104/><W113/><G113/><T51/><D51/><U75/><E75/><V130/><F130/><W24/><G61/><T3/><D3/><U52/><E103/><V93/><F81/><W76/><G76/><T71/><D71/><U92/><E78/><V129/><F129/><W23/><G10/><T18/><D18/><U100/><E77/><V26/><F21/><W84/><G98/><T40/><D40/><U45/><E106/><V48/><REACH who="2" step="1"/><F93/><REACH who="2" ten="276,250,214,250" step="2"/><W57/><G107/><T63/><D63/><U9/><E105/><V30/><F30/><AGARI ba="0,1" hai="25,30,33,54,58,60,101,102" m="2154,50793" machi="30" ten="30,2000,0" yaku="20,1,52,1" doraHai="20" who="0" fromWho="2" sc="276,30,250,0,214,-20,250,0" /><INIT seed="2,0,0,4,2,9" ten="306,250,194,250" oya="2" hai0="69,41,51,100,23,53,28,131,25,54,21,18,52" hai1="75,118,85,74,84,98,8,90,33,16,99,22,135" hai2="78,123,133,24,39,103,42,76,38,104,15,77,115" hai3="43,132,87,1,128,40,68,91,4,70,65,82,56"/><V6/><F115/><W10/><G128/><T95/><D69/><U32/><E118/><V94/><F104/><W119/><G119/><T5/><D131/><U60/><E135/><V58/><F133/><W79/><G132/><T109/><D109/><U47/><E85/><V71/><F71/><W112/><G112/><T126/><D126/><U107/><E8/><V19/><F123/><W101/><G101/><T36/><D5/><U81/><E60/><V30/><F6/><W134/><G134/><T11/><D11/><U66/><E66/><V59/><F103/><W114/><G114/><T93/><D36/><U127/><E47/><V105/><F105/><W2/><G2/><T92/><D41/><U34/><E127/><V12/><F94/><W3/><G3/><T17/><D100/><U7/><E7/><V55/><F59/><W37/><G43/><T120/><D120/><U35/><N who="1" m="8192" /><DORA hai="106" /><U80/><E80/><V29/><F24/><W48/><G37/><N who="2" m="13833" /><F42/><W108/><G68/><T116/><D116/><U67/><E67/><V130/><F130/><W97/><G70/><T27/><D28/><N who="2" m="10858" /><F19/><W110/><G65/><T96/><D96/><U72/><REACH who="1" step="1"/><E107/><REACH who="1" ten="306,240,194,250" step="2"/><V73/><F73/><W20/><G87/><T88/><D51/><U62/><E62/><V46/><F46/><W26/><G82/><T63/><D63/><U113/><E113/><V117/><F117/><W64/><G64/><T83/><D83/><U124/><E124/><V50/><F50/><W102/><G48/><T57/><D57/><U111/><E111/><V125/><F125/><W14/><G108/><RYUUKYOKU ba="0,1" sc="306,10,240,10,194,10,250,-30" hai0="17,18,21,23,25,27,52,53,54,88,92,93,95" hai1="16,22,72,74,75,81,84,90,98,99" hai2="12,15,55,58,76,77,78" /><INIT seed="2,1,1,4,3,27" ten="316,250,204,220" oya="2" hai0="10,12,105,125,77,82,114,3,80,21,96,76,33" hai1="11,67,15,49,25,48,111,43,29,73,16,126,104" hai2="2,95,121,119,70,6,74,92,115,112,68,118,19" hai3="53,71,98,113,117,86,130,97,81,108,24,41,28"/><V84/><F74/><W83/><G117/><N who="2" m="44553" /><F6/><W106/><G71/><N who="2" m="27177" /><F2/><W135/><G108/><T51/><D33/><U85/><E111/><V107/><F107/><W131/><G135/><T34/><D34/><U45/><E73/><V30/><F19/><W1/><G1/><T7/><D105/><U17/><E104/><V56/><F121/><W38/><G113/><N who="2" m="43593" /><F84/><W32/><G83/><T37/><D82/><U14/><E126/><V129/><F56/><W102/><G98/><T122/><D96/><U55/><E85/><V62/><F62/><W0/><G0/><T57/><D57/><U93/><E93/><N who="2" m="35915" /><F129/><W8/><G8/><T22/><D10/><U35/><E67/><V66/><F66/><W47/><REACH who="3" step="1"/><G53/><REACH who="3" ten="316,250,204,210" step="2"/><T18/><D3/><U40/><E49/><V123/><F123/><W94/><G94/><T89/><D51/><U39/><E39/><V75/><F75/><W58/><G58/><T26/><D37/><U36/><E36/><V59/><F59/><W101/><G101/><T109/><D122/><U50/><E50/><V44/><F44/><W23/><G23/><AGARI ba="1,2" hai="11,14,15,16,17,23,25,29,35,40,43,45,48,55" machi="23" ten="30,3900,0" yaku="7,1,52,1,54,1" doraHai="27" who="1" fromWho="3" sc="316,0,250,62,204,0,210,-42" /><INIT seed="3,0,0,1,4,91" ten="316,312,204,168" oya="3" hai0="18,123,82,124,57,4,90,23,71,31,39,34,45" hai1="7,99,104,106,132,16,10,125,22,32,65,44,33" hai2="133,38,114,51,128,50,110,41,112,80,134,64,70" hai3="36,17,116,101,79,127,12,111,76,1,122,83,100"/><W81/><G116/><T29/><D71/><U9/><E132/><N who="2" m="50795" /><F80/><W78/><G122/><T97/><D123/><U73/><E125/><V63/><F110/><W108/><G1/><T103/><D4/><U129/><E73/><V62/><F128/><W68/><G68/><T0/><D0/><U6/><E65/><N who="2" m="41271" /><F38/><W69/><G69/><T75/><D34/><U85/><E129/><V46/><F51/><W28/><G28/><T89/><D39/><U107/><E44/><V27/><F27/><W43/><G127/><T60/><D45/><U87/><E99/><V20/><F20/><N who="3" m="11303" /><G43/><T131/><D75/><U13/><E33/><V8/><F8/><W109/><G36/><T74/><D74/><U30/><E32/><V117/><F117/><W15/><G15/><T119/><D119/><U115/><E115/><V5/><F5/><W21/><G21/><T118/><D118/><U113/><E113/><V88/><F63/><W47/><G47/><T54/><D124/><U42/><E42/><V92/><F64/><W59/><G59/><T25/><D131/><U67/><E67/><V56/><F56/><W40/><G40/><T48/><D60/><U77/><E7/><V14/><F14/><W37/><G37/><T135/><D135/><U130/><E130/><V96/><AGARI ba="0,0" hai="41,46,50,88,92,96,112,114" m="41271,50795" machi="96" ten="30,4000,0" yaku="20,1,52,1,54,1" doraHai="91" who="2" fromWho="2" sc="316,-10,312,-10,204,40,168,-20" owari="306,40.6,302,10.2,244,-15.6,148,-35.2" /></mjloggm>