<mjloggm ver="2.3"><GO type="225" lobby="0"/><UN n0="%E3%83%96%E3%83%83%E3%83%91%E3%82%AA%E3%83%96%E3%83%81%E3%82%AD%E3%83%B3" n1="%E4%BF%BA%E3%81%A8%E5%A6%96%E5%A4%A2" n2="%E7%B4%94%E6%BD%94%E3%83%94%E3%83%A9%E3%83%8B%E3%82%A2" n3="%E3%83%8F%E3%82%A4%E3%83%91%E3%83%BC%E3%83%84%E3%83%8A%E7%BC%B6" dan="16,16,17,16" rate="2170.44,2160.92,2243.24,2102.22" sx="M,F,M,M"/><TAIKYOKU oya="0"/><INIT seed="0,0,0,0,5,77" ten="250,250,250,250" oya="0" hai0="31,50,97,88,80,9,10,25,102,85,3,38,41" hai1="19,121,90,67,34,86,135,84,128,6,12,93,4" hai2="59,17,57,29,101,129,120,89,114,37,20,49,11" hai3="66,78,21,0,87,18,72,104,63,24,127,15,52"/><T79/><D38/><U28/><E121/><V39/><F114/><W94/><G0/><T33/><D3/><U109/><E109/><V134/><F120/><W36/><G36/><T75/><D50/><U119/><E119/><V106/><F106/><W13/><G104/><T111/><D41/><U68/><E135/><V47/><F101/><W103/><G127/><T43/><D43/><U53/><E128/><V56/><F134/><W117/><G72/><T42/><D42/><U27/><E67/><V113/><F113/><W116/><G116/><T105/><REACH who="0" step="1"/><D111/><REACH who="0" ten="240,250,250,250" step="2"/><U123/><E123/><V55/><F39/><W110/><G110/><T22/><D22/><U32/><E34/><V126/><F37/><W125/><G117/><T40/><D40/><U48/><E32/><V2/><F2/><W95/><G125/><T81/><AGARI ba="0,1" hai="9,10,25,31,33,75,79,80,81,85,88,97,102,105" machi="81" ten="20,18000,2" yaku="1,1,0,1,7,1,52,2,54,1,53,1" doraHai="77" doraHaiUra="73" who="0" fromWho="0" sc="240,190,250,-60,250,-60,250,-60" /><INIT seed="0,1,0,2,2,39" ten="430,190,190,190" oya="0" hai0="42,74,34,1,69,105,89,56,12,100,11,95,130" hai1="37,48,124,46,133,40,123,112,120,31,90,13,26" hai2="72,109,27,14,99,18,80,92,52,43,85,25,128" hai3="47,64,122,110,21,67,106,44,98,126,66,17,15"/><T75/><D69/><U45/><E133/><V10/><F72/><W8/><G110/><T96/><D34/><U104/><E104/><V68/><F68/><W0/><G122/><T125/><D125/><U38/><E124/><V135/><F128/><W108/><G108/><T78/><D130/><U59/><E112/><V51/><F135/><W60/><G126/><T119/><D119/><U132/><E132/><V84/><F109/><W117/><G117/><T65/><D1/><U73/><E73/><V91/><F43/><W71/><G71/><T79/><D75/><U127/><E127/><V97/><F85/><W94/><G106/><T57/><D42/><U113/><E113/><V41/><F41/><W4/><REACH who="3" step="1"/><G60/><REACH who="3" ten="430,190,190,180" step="2"/><T9/><D105/><U24/><E123/><V88/><REACH who="2" step="1"/><F97/><REACH who="2" ten="430,190,180,180" step="2"/><W76/><G76/><T87/><D96/><U23/><E120/><V134/><F134/><W54/><G54/><T55/><D79/><U77/><E38/><V118/><F118/><W116/><G116/><T3/><D55/><U102/><E37/><V111/><F111/><W49/><G49/><T6/><D78/><U33/><E77/><V115/><F115/><W131/><G131/><T107/><D74/><U114/><E114/><V36/><F36/><W129/><G129/><T82/><D87/><U32/><E40/><V63/><F63/><W50/><G50/><T93/><D107/><U20/><E48/><V28/><F28/><W58/><G58/><AGARI ba="1,2" hai="10,14,18,25,27,51,52,58,80,84,88,91,92,99" machi="58" ten="30,8000,1" yaku="1,1,7,1,8,1,54,2,53,0" doraHai="39" doraHaiUra="61" who="2" fromWho="3" sc="430,0,190,0,180,103,180,-83" /><INIT seed="1,0,0,4,1,29" ten="430,190,283,97" oya="1" hai0="96,113,10,66,135,15,117,65,61,49,108,42,133" hai1="46,8,129,99,32,104,57,35,28,126,34,71,59" hai2="23,119,114,68,47,106,127,132,4,86,16,69,64" hai3="123,134,95,48,73,43,51,84,131,77,53,109,107"/><U7/><E71/><V14/><F119/><W67/><G123/><T45/><D113/><U105/><E28/><V111/><F111/><W116/><G116/><T19/><D117/><U110/><E110/><V130/><F114/><W63/><G109/><T112/><D112/><U91/><E129/><V98/><F130/><W89/><G131/><T103/><D108/><U124/><E46/><V58/><F127/><N who="1" m="48681" /><E91/><V120/><F120/><W26/><G107/><N who="1" m="41034" /><E99/><V87/><F68/><W100/><G134/><N who="0" m="51211" /><D61/><U12/><AGARI ba="0,0" hai="7,8,12,32,34,35,57,59" m="41034,48681" machi="12" ten="40,12000,1" yaku="18,1,52,3" doraHai="29" who="1" fromWho="1" sc="430,-40,190,120,283,-40,97,-40" /><INIT seed="1,1,0,2,2,14" ten="390,310,243,57" oya="1" hai0="17,74,109,40,116,61,112,1,36,43,107,37,77" hai1="13,22,86,52,23,84,59,80,103,11,41,113,118" hai2="53,95,31,55,12,51,60,129,123,8,6,4,16" hai3="121,25,94,105,119,120,75,0,83,39,101,135,93"/><U70/><E113/><V58/><F123/><W26/><G39/><N who="0" m="14923" /><D112/><U111/><E118/><V72/><F72/><W130/><G0/><T97/><D1/><U78/><E70/><V9/><F129/><W65/><G65/><T91/><D116/><U96/><E41/><V71/><F71/><W106/><G119/><T2/><D2/><U57/><E57/><V50/><F31/><W82/><G75/><T114/><D114/><U90/><E111/><V32/><F32/><W110/><G110/><T54/><D109/><U56/><E56/><V64/><F95/><W38/><G38/><T24/><D77/><U100/><E23/><V76/><F76/><W81/><G130/><T68/><D107/><U29/><E22/><V30/><F30/><W48/><G48/><N who="2" m="18473" /><F9/><W66/><G66/><T134/><D134/><U20/><E20/><V46/><F46/><W18/><G82/><T79/><D79/><U89/><E29/><V7/><AGARI ba="1,0" hai="4,6,7,8,12,16,53,55,58,60,64" m="18473" machi="7" ten="30,4000,0" yaku="8,1,52,1,54,1" doraHai="14" who="2" fromWho="2" sc="390,-11,310,-21,243,43,57,-11" /><INIT seed="2,0,0,0,4,106" ten="379,289,286,46" oya="2" hai0="79,20,119,134,32,31,0,126,21,113,57,15,86" hai1="73,116,26,87,71,128,96,130,133,13,98,114,72" hai2="29,55,115,8,75,54,94,43,36,45,24,132,121" hai3="117,89,120,108,131,93,39,110,18,101,58,33,104"/><V88/><F115/><W48/><G39/><T14/><D113/><U127/><E114/><V56/><F121/><W109/><G120/><T82/><D126/><U81/><E71/><V41/><F132/><W122/><G122/><T30/><D134/><U34/><E133/><V103/><F103/><W107/><G33/><T100/><D0/><U84/><E13/><N who="0" m="4617" /><D32/><U69/><E69/><V80/><F8/><W90/><G117/><T40/><D119/><U97/><E116/><V16/><F41/><W61/><G48/><T25/><D40/><U83/><E34/><V1/><F1/><W92/><G18/><N who="0" m="12439" /><D100/><U12/><E12/><V91/><F29/><N who="0" m="10762" /><D57/><U62/><E26/><V9/><F9/><W125/><G125/><T129/><D129/><N who="1" m="49771" /><E127/><V77/><F56/><W76/><G131/><T52/><D52/><U23/><E23/><AGARI ba="0,0" hai="21,23,79,82,86" m="10762,12439,4617" machi="23" ten="30,1000,0" yaku="8,1" doraHai="106" who="0" fromWho="1" sc="379,10,289,-10,286,0,46,0" /><INIT seed="3,0,0,1,3,115" ten="389,279,286,46" oya="3" hai0="37,49,38,56,120,11,105,28,24,22,19,124,91" hai1="1,50,30,73,51,77,10,59,94,92,20,14,88" hai2="96,27,69,16,7,108,114,47,111,2,39,64,72" hai3="95,55,52,132,75,127,93,78,116,119,33,48,15"/><W90/><G33/><T89/><D105/><U58/><E1/><V83/><F114/><W61/><G132/><T40/><D120/><U71/><E71/><V104/><F69/><W25/><G25/><T79/><D124/><U65/><E73/><V135/><F64/><W106/><G106/><T80/><D37/><U67/><E77/><N who="2" m="44455" /><F135/><W57/><G127/><T82/><D38/><U76/><E76/><V107/><F16/><W125/><G125/><T12/><D82/><U4/><E67/><V101/><F27/><W9/><G78/><T23/><D11/><U6/><E6/><V44/><F104/><W21/><G21/><T86/><D40/><U41/><E94/><V112/><F112/><W129/><G75/><T17/><D17/><U3/><E65/><V131/><F131/><W29/><G29/><T128/><D128/><U103/><E103/><V102/><F102/><W113/><G113/><T36/><D36/><U35/><E35/><V117/><F117/><W45/><G129/><T74/><D74/><U5/><E5/><V109/><F39/><W81/><G81/><T32/><D32/><U133/><E133/><V46/><F7/><W87/><G95/><T121/><D121/><U43/><E43/><V110/><F110/><W68/><G68/><T60/><D49/><N who="1" m="18443" /><E41/><V34/><F34/><W62/><G62/><T130/><D130/><U85/><E3/><AGARI ba="0,0" hai="2,3,44,46,47,96,101,107,108,109,111" m="44455" machi="3" ten="40,1300,0" yaku="14,1" doraHai="115" who="2" fromWho="1" sc="389,0,279,-13,286,13,46,0" owari="389,48.9,266,-13.4,299,9.9,46,-45.4" /></mjloggm>