<mjloggm ver="2.3"><GO type="225" lobby="0"/><UN n0="%E3%83%96%E3%83%83%E3%83%91%E3%82%AA%E3%83%96%E3%83%81%E3%82%AD%E3%83%B3" n1="%E5%A4%8F%E9%88%B4%E9%88%B4%E5%A4%8F" n2="%E7%99%BD%E5%80%89%E5%AF%9B%E4%B9%8B" n3="%E3%82%B3%E3%83%90%E3%83%AC%E3%82%A4" dan="16,16,16,16" rate="2083.48,2104.12,2133.75,2192.91" sx="M,F,M,M"/><TAIKYOKU oya="0"/><INIT seed="0,0,0,3,4,113" ten="250,250,250,250" oya="0" hai0="42,34,127,130,25,86,27,65,7,73,29,8,62" hai1="107,59,100,66,97,96,67,11,39,12,106,21,76" hai2="132,41,105,16,103,91,90,75,9,118,18,116,125" hai3="82,3,88,80,13,46,35,126,128,94,53,63,30"/><T2/><D127/><U112/><E39/><V115/><F125/><W43/><G3/><T52/><D130/><U77/><E21/><V81/><F115/><W23/><G128/><T37/><D73/><U83/><E59/><V123/><F123/><W40/><G35/><T15/><D86/><U57/><E57/><V10/><F41/><N who="3" m="15947" /><G126/><T101/><D101/><U111/><E111/><V22/><F132/><W74/><G74/><T38/><D42/><U71/><E71/><V1/><F103/><W110/><G110/><T47/><D27/><U117/><E117/><N who="2" m="45163" /><F105/><W124/><G124/><T6/><D6/><U129/><E129/><V5/><F10/><W72/><G72/><T20/><D65/><U135/><E11/><V95/><F22/><W26/><G13/><T51/><REACH who="0" step="1"/><D62/><REACH who="0" ten="240,250,250,250" step="2"/><U58/><E66/><V121/><F121/><W93/><G63/><T98/><D98/><U99/><E97/><N who="2" m="57591" /><F75/><W108/><G108/><T68/><D68/><U44/><E100/><V104/><F104/><W114/><G114/><T92/><D92/><U49/><E107/><V120/><F120/><W102/><G94/><T32/><D32/><U133/><E106/><V64/><F64/><W84/><G102/><T48/><D48/><AGARI ba="0,1" hai="23,26,30,46,48,53,80,82,84,88,93" m="15947" machi="48" ten="30,2000,0" yaku="8,1,54,1" doraHai="113" who="3" fromWho="0" sc="240,-20,250,0,250,0,250,30" /><INIT seed="1,0,0,3,1,39" ten="220,250,250,280" oya="1" hai0="20,1,42,43,0,74,37,50,10,25,18,79,76" hai1="108,121,49,34,118,107,114,16,19,59,47,24,126" hai2="69,5,21,29,83,64,100,71,98,85,67,127,17" hai3="58,128,7,95,97,106,102,120,70,48,38,134,62"/><U60/><E121/><V93/><F127/><W54/><G38/><T15/><D37/><U104/><E118/><V11/><F29/><W109/><G120/><T61/><D74/><U116/><E114/><V63/><F71/><W112/><G112/><T124/><D124/><U115/><E116/><V84/><F67/><W77/><G134/><T81/><D61/><U82/><E115/><V35/><F35/><W23/><G77/><N who="0" m="29771" /><D0/><U135/><E126/><V117/><F83/><W91/><G128/><T123/><D1/><U131/><E82/><V22/><F117/><W130/><G7/><N who="0" m="3551" /><D123/><U89/><E135/><V92/><F92/><W73/><G73/><T111/><D111/><U53/><E131/><V86/><REACH who="2" step="1"/><F17/><REACH who="2" ten="220,250,240,280" step="2"/><W87/><G130/><T94/><D81/><U46/><E19/><V3/><AGARI ba="0,1" hai="3,5,11,21,22,63,64,69,84,85,86,93,98,100" machi="3" ten="30,4000,0" yaku="1,1,2,1,0,1,53,0" doraHai="39" doraHaiUra="13" who="2" fromWho="2" sc="220,-10,250,-20,240,50,280,-10" /><INIT seed="2,0,0,1,1,97" ten="210,230,290,270" oya="2" hai0="30,33,116,43,82,103,28,93,125,87,84,114,96" hai1="50,13,131,53,26,69,68,107,120,81,21,11,118" hai2="115,54,76,83,85,56,22,1,74,128,25,63,104" hai3="15,32,78,3,10,5,58,41,35,44,45,48,123"/><V20/><F1/><W65/><G123/><T132/><D114/><U98/><E118/><V129/><F115/><W64/><G3/><T49/><D125/><U59/><E131/><N who="2" m="50251" /><F104/><W100/><G35/><T89/><D132/><U92/><E81/><N who="2" m="45207" /><F25/><W72/><G32/><T130/><D130/><U62/><E50/><V90/><AGARI ba="0,0" hai="20,22,54,56,63,83,85,90" m="45207,50251" machi="90" ten="30,1500,0" yaku="19,1" doraHai="97" who="2" fromWho="2" sc="210,-5,230,-5,290,15,270,-5" /><INIT seed="2,1,0,2,2,57" ten="205,225,305,265" oya="2" hai0="65,85,70,74,134,95,34,20,113,100,56,125,131" hai1="81,103,75,90,107,10,115,88,55,67,45,108,2" hai2="64,32,17,48,29,123,91,132,24,82,3,78,13" hai3="8,62,37,105,124,60,54,101,80,47,12,31,44"/><V14/><F123/><W83/><G124/><T86/><D113/><U40/><E108/><V63/><F3/><W79/><G105/><T41/><D34/><U53/><E115/><V119/><F119/><W76/><G101/><T25/><D74/><U15/><E103/><V96/><F132/><W93/><G93/><T18/><D70/><U102/><E102/><V118/><F118/><W110/><G31/><T129/><D125/><U4/><E107/><V6/><F6/><W39/><G110/><T97/><D41/><U87/><E75/><V77/><F48/><W111/><G111/><T22/><D134/><U117/><E117/><V71/><F13/><W92/><G92/><T46/><D46/><N who="3" m="17449" /><G54/><T36/><D22/><U23/><E90/><V9/><REACH who="2" step="1"/><F96/><REACH who="2" ten="205,225,295,265" step="2"/><W98/><G98/><T43/><D36/><U104/><E104/><V61/><F61/><N who="3" m="23659" /><G39/><T109/><D109/><U1/><E2/><V19/><F19/><N who="3" m="8583" /><G37/><T94/><D97/><U28/><E1/><V30/><F30/><W16/><G16/><T84/><D18/><U38/><REACH who="1" step="1"/><E67/><REACH who="1" ten="205,215,295,265" step="2"/><V5/><F5/><W33/><G33/><T126/><D65/><U112/><E112/><V27/><F27/><AGARI ba="1,2" hai="4,10,15,23,27,28,38,40,45,53,55,81,87,88" machi="27" ten="40,8000,1" yaku="1,1,54,1,53,2" doraHai="57" doraHaiUra="50" who="1" fromWho="2" sc="205,0,215,103,295,-83,265,0" /><INIT seed="3,0,0,5,2,22" ten="205,318,212,265" oya="3" hai0="75,79,26,60,52,113,72,63,99,67,68,98,129" hai1="36,89,59,8,58,119,3,102,61,29,57,38,10" hai2="81,64,65,87,125,14,107,41,85,80,16,71,48" hai3="103,17,40,49,7,83,82,1,33,105,121,108,122"/><W106/><G33/><T20/><D129/><U27/><E102/><V0/><F0/><W54/><G108/><T53/><D113/><U123/><E123/><V115/><F107/><W101/><G7/><T11/><D11/><U116/><E61/><V18/><F125/><W15/><G1/><T134/><D134/><U37/><E3/><V47/><F115/><W104/><G40/><T126/><D126/><U34/><E89/><N who="2" m="51367" /><F71/><W97/><G103/><T28/><D79/><U124/><E124/><V35/><F35/><W55/><G55/><T109/><D109/><U69/><E69/><V23/><F18/><W133/><G133/><T118/><D118/><AGARI ba="0,0" hai="8,10,27,29,34,36,37,38,57,58,59,116,118,119" machi="118" ten="50,3200,0" yaku="12,1,52,1" doraHai="22" who="1" fromWho="0" sc="205,-32,318,32,212,0,265,0" owari="173,-32.7,350,45.0,212,-18.8,265,6.5" /></mjloggm>