<mjloggm ver="2.3"><GO type="225" lobby="0"/><UN n0="%E3%83%A9%E3%82%B9%E7%8E%87%EF%BC%93%E5%89%B2" n1="%E3%81%B7%E3%82%8B%E3%81%B7%E3%82%8B%E3%81%A0%E3%81%9E" n2="%E5%B0%8F%E9%B3%A5%E9%81%8A%E7%B7%B4%E7%84%A1%32%31%E6%AD%B3" n3="%E3%82%8C%E3%81%99%E3%81%93" dan="17,16,17,17" rate="2198.79,2099.10,2208.86,2154.66" sx="F,M,F,F"/><TAIKYOKU oya="0"/><INIT seed="0,0,0,0,0,8" ten="250,250,250,250" oya="0" hai0="26,62,124,121,99,126,6,41,5,68,22,32,63" hai1="21,46,14,92,25,60,65,33,64,103,48,40,28" hai2="66,96,116,30,130,11,71,42,115,54,73,129,132" hai3="23,31,9,72,34,53,45,117,97,78,102,2,51"/><T36/><D32/><U83/><E83/><V55/><F115/><W82/><G117/><T113/><D113/><U133/><E133/><V4/><F73/><W81/><G34/><T15/><D121/><U86/><E33/><V12/><F42/><W19/><G82/><T112/><D112/><U84/><E64/><V87/><F30/><W131/><G131/><N who="2" m="50185" /><F132/><W61/><G61/><N who="0" m="23051" /><D68/><U128/><E128/><V106/><F71/><W79/><G79/><T127/><D99/><U70/><E103/><N who="2" m="62823" /><F66/><W107/><G31/><N who="0" m="17879" /><D15/><U0/><E0/><V88/><F116/><W75/><G2/><T24/><D24/><U77/><E77/><V85/><F85/><W93/><G9/><T35/><D35/><U58/><E70/><V125/><F125/><N who="0" m="32002" /><T37/><DORA hai="50" /><D41/><U120/><E120/><V95/><AGARI ba="0,0" hai="4,11,12,54,55,87,88,95" m="62823,50185" machi="95" ten="30,8000,1" yaku="19,1,52,3,54,1" doraHai="8,50" who="2" fromWho="2" sc="250,-40,250,-20,250,80,250,-20" /><INIT seed="1,0,0,5,2,86" ten="210,230,330,230" oya="1" hai0="53,132,61,73,98,124,18,84,134,4,21,75,50" hai1="44,123,110,88,12,71,52,91,31,32,5,48,17" hai2="25,117,105,0,111,109,85,43,29,121,38,82,35" hai3="102,80,92,118,15,112,57,45,65,59,27,77,114"/><U19/><E123/><V126/><F117/><W56/><G118/><T103/><D4/><U106/><E71/><V20/><F121/><W51/><G65/><T46/><D124/><U135/><E106/><V74/><F74/><W125/><G125/><T101/><D101/><U28/><E135/><N who="0" m="51753" /><D61/><U70/><E70/><V120/><F120/><W69/><G69/><T116/><D116/><U11/><E110/><N who="2" m="41995" /><F105/><W93/><G27/><N who="0" m="14775" /><D84/><U104/><E104/><AGARI ba="0,0" hai="46,50,53,73,75,98,103,104" m="14775,51753" machi="104" ten="30,1000,0" yaku="20,1" doraHai="86" who="0" fromWho="1" sc="210,10,230,-10,330,0,230,0" /><INIT seed="2,0,0,1,1,122" ten="220,220,330,230" oya="2" hai0="15,105,20,96,99,68,34,4,47,114,107,70,33" hai1="133,24,103,67,36,16,54,60,14,128,82,87,129" hai2="97,79,29,101,120,32,10,13,42,55,83,91,22" hai3="23,35,51,88,125,73,131,43,116,37,38,126,40"/><V102/><F32/><N who="0" m="12394" /><D47/><U26/><E133/><V53/><F42/><W72/><G35/><T7/><D20/><N who="1" m="11287" /><E54/><V89/><F120/><W118/><G23/><T86/><D86/><U65/><E103/><V1/><F1/><W18/><G18/><T21/><D21/><U66/><E60/><V8/><F29/><W17/><G17/><T75/><D75/><U9/><E9/><V56/><F22/><W132/><G51/><T44/><D44/><U62/><E62/><V27/><F27/><W28/><G28/><T3/><D15/><U109/><E36/><V69/><F69/><N who="0" m="26730" /><D114/><U85/><E85/><V123/><F123/><W93/><G93/><T0/><D96/><U39/><E39/><V134/><F55/><W78/><G78/><T45/><D45/><U59/><E59/><V80/><F8/><W58/><G58/><T46/><D99/><U94/><E94/><V64/><F10/><W57/><G57/><T124/><D46/><U104/><E104/><N who="0" m="40009" /><D124/><U25/><E87/><V6/><F13/><W95/><G95/><T106/><D106/><U31/><E31/><V63/><F97/><W84/><G84/><T76/><D76/><U2/><E24/><V130/><F79/><W119/><G119/><T52/><D52/><U50/><E25/><V121/><F53/><W5/><G132/><T115/><D115/><U19/><E26/><V71/><F134/><W41/><G41/><T48/><D48/><U90/><E19/><V61/><F121/><W108/><G38/><T81/><D81/><U49/><E82/><V113/><F80/><W98/><G37/><RYUUKYOKU ba="0,0" sc="220,30,220,-10,330,-10,230,-10" hai0="0,3,4,7" /><INIT seed="3,1,0,5,2,23" ten="250,210,320,220" oya="3" hai0="97,15,126,124,132,74,98,86,108,135,19,70,14" hai1="3,52,9,51,75,107,37,69,53,105,131,101,90" hai2="56,129,63,17,58,89,42,54,45,128,130,43,22" hai3="65,84,5,50,92,10,29,62,83,71,39,64,127"/><W109/><G127/><N who="0" m="48683" /><D74/><U72/><E37/><V88/><F58/><W111/><G39/><T113/><D70/><U114/><E69/><V68/><F68/><W27/><G65/><T122/><D122/><U78/><E114/><V66/><F54/><W26/><G92/><T30/><D113/><U104/><E101/><V16/><F17/><W96/><G96/><N who="0" m="36971" /><D108/><N who="3" m="41545" /><G50/><T100/><D100/><U125/><E125/><V133/><F133/><N who="0" m="51274" /><D30/><U35/><E131/><V12/><F43/><W73/><G73/><T8/><D15/><U59/><E75/><V47/><F45/><W34/><G29/><T6/><D86/><U87/><E72/><V121/><F121/><W119/><G119/><T103/><D103/><U106/><N who="1" m="26624" /><DORA hai="57" /><U61/><E78/><V95/><F95/><W85/><G34/><T46/><D46/><U81/><E35/><V116/><F116/><W49/><G49/><AGARI ba="1,0" hai="12,16,22,42,47,49,56,63,66,88,89,128,129,130" machi="49" ten="40,8000,1" yaku="19,1,52,1,54,2" doraHai="23,57" who="2" fromWho="3" sc="250,0,210,0,320,83,220,-83" owari="250,5.0,210,-19.0,403,50.3,137,-36.3" /></mjloggm>