<mjloggm ver="2.3"><GO type="225" lobby="0"/><UN n0="%E7%89%B9%E6%9D%B1%E3%81%AF%E4%B8%96%E7%95%8C%E3%82%92%E6%95%91%E3%81%86" n1="%E3%83%A9%E3%82%A4%E3%83%B3%E3%81%AE%E8%99%8E" n2="%E3%80%90%E3%83%88%E3%83%AA%E3%83%A5%E3%83%95%E3%80%91" n3="%E6%A0%B9%E5%85%83%E3%81%8B%E3%82%89%E5%90%B9%E3%81%A3%E9%A3%9B%E3%81%B6" dan="16,16,16,17" rate="2163.96,2135.82,2119.97,2115.59" sx="M,M,M,F"/><TAIKYOKU oya="0"/><INIT seed="0,0,0,3,0,24" ten="250,250,250,250" oya="0" hai0="117,16,116,11,44,115,35,42,7,1,57,53,22" hai1="89,110,0,20,90,43,32,33,50,67,55,128,68" hai2="125,6,54,8,12,41,79,104,63,23,26,127,75" hai3="93,91,86,30,107,27,96,135,82,14,85,122,118"/><T100/><D115/><U106/><E0/><V78/><F104/><W4/><G135/><T13/><D100/><U10/><E106/><V18/><F41/><W132/><G132/><T74/><D74/><U123/><E123/><V58/><REACH who="2" step="1"/><F75/><REACH who="2" ten="250,250,240,250" step="2"/><W98/><G107/><T61/><REACH who="0" step="1"/><D35/><REACH who="0" ten="240,250,240,250" step="2"/><U102/><E33/><V76/><AGARI ba="0,2" hai="6,8,12,18,23,26,54,58,63,76,78,79,125,127" machi="76" ten="30,4000,0" yaku="1,1,2,1,0,1,53,0" doraHai="24" doraHaiUra="71" who="2" fromWho="2" sc="240,-20,250,-10,240,60,250,-10" /><INIT seed="1,0,0,0,0,20" ten="220,240,300,240" oya="1" hai0="21,2,97,95,70,33,94,18,27,130,55,37,114" hai1="84,123,78,19,86,60,124,108,4,121,91,99,48" hai2="43,118,98,44,79,62,38,57,83,107,120,110,119" hai3="113,103,32,11,89,41,66,109,68,23,65,88,80"/><U75/><E4/><V54/><F110/><W61/><G113/><T111/><D114/><U87/><E60/><V100/><REACH who="2" step="1"/><F120/><REACH who="2" ten="220,240,290,240" step="2"/><W45/><G109/><T58/><D111/><U74/><E108/><V132/><F132/><W30/><G68/><T92/><D70/><U6/><E121/><V42/><F42/><W126/><G41/><T5/><D37/><U9/><E123/><V16/><F16/><W127/><G127/><T0/><D130/><U85/><E124/><V135/><F135/><W49/><G126/><T56/><D5/><U24/><E78/><V115/><F115/><W46/><G89/><T51/><D97/><U1/><E99/><V50/><F50/><W93/><G88/><T53/><REACH who="0" step="1"/><D33/><REACH who="0" ten="210,240,290,240" step="2"/><U117/><E117/><V17/><F17/><W67/><G32/><T8/><D8/><U3/><E19/><V69/><F69/><W52/><G11/><T105/><D105/><U35/><E35/><V82/><F82/><W63/><G80/><T122/><D122/><U129/><E129/><V131/><F131/><W36/><G36/><T39/><D39/><U104/><E104/><V22/><F22/><W47/><G23/><T96/><D96/><U7/><E9/><V31/><F31/><W40/><G30/><T73/><D73/><AGARI ba="0,2" hai="38,43,44,54,57,62,73,79,83,98,100,107,118,119" machi="73" ten="30,2000,0" yaku="1,1,7,1,53,0" doraHai="20" doraHaiUra="133" who="2" fromWho="0" sc="210,-20,240,0,290,40,240,0" /><INIT seed="2,0,0,4,5,57" ten="190,240,330,240" oya="2" hai0="67,103,69,70,26,96,10,97,45,39,127,113,27" hai1="9,95,66,36,91,94,53,104,7,120,79,22,122" hai2="51,116,4,24,129,134,130,20,43,88,132,110,17" hai3="108,72,109,44,60,80,31,58,74,5,55,114,21"/><V15/><F116/><W71/><G114/><T119/><D113/><U59/><E104/><V28/><F88/><W65/><G5/><T105/><D119/><U121/><E36/><V48/><F4/><W83/><G44/><T23/><D127/><U47/><E79/><V13/><F43/><W81/><G31/><T61/><D10/><U125/><E125/><V85/><F85/><W77/><G21/><T68/><D97/><U6/><E22/><N who="2" m="15383" /><F48/><N who="3" m="31079" /><G74/><T107/><D107/><U92/><E91/><V56/><F56/><W37/><G37/><T112/><D112/><U42/><E66/><V123/><F51/><W133/><G133/><N who="2" m="51305" /><F123/><W3/><G3/><T16/><REACH who="0" step="1"/><D27/><REACH who="0" ten="180,240,330,240" step="2"/><U93/><E9/><V11/><F110/><AGARI ba="0,1" hai="60,65,71,72,77,80,81,83,108,109,110" m="31079" machi="110" ten="30,2000,0" yaku="14,1,52,1" doraHai="57" who="3" fromWho="2" sc="180,0,240,0,330,-20,240,30" /><INIT seed="3,0,0,2,5,93" ten="180,240,310,270" oya="3" hai0="104,48,99,18,58,123,88,131,43,69,61,22,70" hai1="59,112,116,38,60,82,45,68,24,5,100,42,11" hai2="49,109,7,115,119,96,94,39,97,132,21,106,62" hai3="33,26,87,77,113,101,98,95,27,83,6,85,84"/><W65/><G113/><T4/><D123/><U55/><E112/><V92/><F109/><W9/><G65/><T72/><D72/><U63/><E116/><V53/><F39/><W32/><G32/><T35/><D35/><U54/><E68/><V103/><F106/><W50/><G50/><T56/><D131/><U3/><E100/><N who="2" m="60423" /><F132/><W44/><G44/><T29/><D4/><U14/><E24/><V126/><F7/><W121/><G121/><T120/><D120/><U80/><E3/><V122/><F126/><W0/><REACH who="3" step="1"/><G33/><REACH who="3" ten="180,240,310,260" step="2"/><T75/><D48/><U37/><E38/><V105/><F115/><W10/><G10/><T114/><D114/><U19/><E5/><V129/><F122/><W130/><G130/><T90/><D70/><U118/><E118/><V125/><F119/><W20/><G20/><T108/><D22/><U57/><AGARI ba="0,1" hai="11,14,19,37,42,45,54,55,57,59,60,63,80,82" machi="57" ten="30,2000,0" yaku="0,1,9,1" doraHai="93" who="1" fromWho="1" sc="180,-5,240,30,310,-5,260,-10" owari="175,-32.5,270,7.0,305,40.5,250,-15.0" /></mjloggm>