<mjloggm ver="2.3"><GO type="225" lobby="0"/><UN n0="%E5%91%A8%E6%9D%B1" n1="%E3%83%96%E3%83%83%E3%83%91%E3%82%AA%E3%83%96%E3%83%81%E3%82%AD%E3%83%B3" n2="%E9%A6%AC%E5%BC%95%E7%81%AB%33" n3="%E3%83%81%E3%83%83%E3%82%BF%E3%82%BD%E3%83%BC" dan="17,16,16,16" rate="2195.45,2190.96,2136.95,2120.66" sx="M,M,M,F"/><TAIKYOKU oya="0"/><INIT seed="0,0,0,1,2,78" ten="250,250,250,250" oya="0" hai0="77,92,17,75,41,121,8,14,36,40,90,37,12" hai1="106,76,109,98,88,38,120,2,108,87,118,23,30" hai2="4,46,112,123,28,67,133,43,81,130,61,26,84" hai3="64,31,21,9,48,33,83,79,69,74,127,101,86"/><T59/><D121/><U107/><E118/><V3/><F123/><W89/><G127/><T55/><D37/><U129/><E120/><V49/><F112/><W47/><G33/><T114/><D114/><U113/><E38/><V11/><F130/><W60/><G101/><T6/><D36/><U100/><E113/><V66/><F133/><W134/><G134/><T70/><D70/><U19/><E2/><V20/><REACH who="2" step="1"/><F61/><REACH who="2" ten="250,250,240,250" step="2"/><W45/><G48/><N who="0" m="31207" /><D75/><U10/><E129/><V57/><F57/><W93/><REACH who="3" step="1"/><G9/><REACH who="3" ten="250,250,240,240" step="2"/><N who="0" m="4151" /><D77/><AGARI ba="0,2" hai="3,4,11,20,26,28,43,46,49,66,67,77,81,84" machi="77" ten="30,3900,0" yaku="1,1,7,1,52,1,53,0" doraHai="78" doraHaiUra="110" who="2" fromWho="0" sc="250,-39,250,0,240,59,240,0" /><INIT seed="1,0,0,3,3,3" ten="211,250,299,240" oya="1" hai0="101,116,22,25,34,129,82,45,30,81,8,72,53" hai1="86,35,69,102,32,119,67,20,55,64,18,106,97" hai2="95,74,7,73,78,41,84,112,43,90,6,130,80" hai3="117,57,15,89,113,49,36,62,96,13,28,107,21"/><U59/><E119/><V65/><F73/><W38/><G113/><T9/><D116/><U52/><E55/><V33/><F33/><W56/><G117/><T120/><D120/><U121/><E121/><V40/><F112/><W98/><G107/><T12/><D129/><U27/><E86/><V126/><F130/><W61/><G49/><N who="0" m="28847" /><D34/><U104/><E104/><V109/><F109/><W66/><G28/><T133/><D72/><U31/><E69/><V48/><F126/><W14/><G21/><T85/><D133/><U88/><E88/><V135/><F135/><W103/><G89/><N who="0" m="51375" /><D101/><U68/><E68/><V79/><F65/><W76/><G76/><T123/><D123/><U128/><E128/><V83/><F48/><W122/><G122/><T105/><D105/><U131/><E131/><V99/><AGARI ba="0,0" hai="6,7,40,41,43,74,78,79,80,83,84,90,95,99" machi="99" ten="30,4000,0" yaku="0,1,52,2" doraHai="3" who="2" fromWho="2" sc="211,-10,250,-20,299,40,240,-10" /><INIT seed="2,0,0,2,1,20" ten="201,230,339,230" oya="2" hai0="4,49,32,106,36,119,110,55,1,113,79,125,41" hai1="98,66,61,47,114,54,104,71,102,24,2,73,57" hai2="116,93,60,135,76,120,112,53,128,67,111,3,133" hai3="103,25,27,42,63,12,126,58,13,127,80,45,38"/><V18/><F3/><W109/><G109/><T30/><D113/><U10/><E114/><V9/><F120/><W132/><G103/><T75/><D106/><U105/><E73/><V51/><F112/><W33/><G33/><T117/><D110/><U95/><E47/><V0/><F116/><N who="0" m="44618" /><D125/><N who="3" m="47625" /><G80/><N who="0" m="45183" /><D41/><U94/><E105/><V131/><F93/><W118/><G132/><T7/><D1/><U107/><E107/><V87/><F76/><W72/><G72/><T56/><D36/><U65/><E65/><V11/><F111/><W14/><G118/><T8/><D8/><U46/><E46/><V130/><F0/><W15/><N who="3" m="3072" /><DORA hai="96" /><W6/><G6/><T59/><D59/><U68/><E68/><V77/><F9/><W22/><G22/><T16/><D16/><U52/><E54/><AGARI ba="0,0" hai="25,27,38,42,45,54,58,63" m="3072,47625" machi="54" ten="40,5200,0" yaku="18,1,52,2" doraHai="20,96" who="3" fromWho="1" sc="201,0,230,-52,339,0,230,52" /><INIT seed="3,0,0,1,5,16" ten="201,178,339,282" oya="3" hai0="89,73,44,61,39,46,25,0,7,130,129,111,6" hai1="97,87,41,60,121,94,70,14,63,58,124,9,69" hai2="24,77,80,12,134,62,114,92,83,51,56,99,35" hai3="57,126,119,38,10,88,53,84,106,127,74,18,50"/><W116/><G106/><T15/><D73/><U78/><E121/><V110/><F114/><W29/><G74/><T101/><D111/><U21/><E41/><V81/><F110/><W109/><G38/><T95/><D101/><U36/><E36/><V27/><F134/><W37/><G37/><T115/><D115/><U85/><E124/><N who="3" m="47658" /><G109/><T90/><D0/><U2/><E2/><V93/><F35/><W113/><G113/><T33/><D61/><N who="1" m="23627" /><E70/><V117/><F117/><W76/><G76/><T107/><D107/><U86/><E69/><V45/><F77/><W5/><G18/><T67/><D67/><U13/><E58/><V34/><F34/><W31/><G116/><T22/><D39/><U23/><E78/><V40/><F12/><N who="1" m="4713" /><E9/><V133/><F133/><W20/><G119/><T102/><D33/><U55/><E55/><N who="2" m="34079" /><F93/><N who="3" m="54407" /><G10/><N who="0" m="4567" /><D7/><U125/><E125/><V123/><F123/><W42/><G5/><T4/><D4/><U68/><E68/><V98/><F98/><W132/><G132/><T79/><D79/><U64/><E64/><V71/><F71/><W3/><G3/><T122/><D122/><U75/><E75/><V26/><F83/><W59/><G59/><T100/><D46/><U66/><E66/><V128/><F81/><W54/><G42/><T52/><D44/><U47/><E47/><V30/><F80/><W103/><G54/><T72/><D52/><U118/><E118/><V91/><F40/><W19/><G103/><AGARI ba="0,0" hai="21,23,85,86,87,94,97,103" m="4713,23627" machi="103" ten="30,3900,0" yaku="8,1,52,2" doraHai="16" who="1" fromWho="3" sc="201,0,178,39,339,0,282,-39" owari="201,-29.9,217,-18.3,339,43.9,243,4.3" /></mjloggm>