<mjloggm ver="2.3"><GO type="225" lobby="0"/><UN n0="%E9%B3%B3%E6%9D%B1%E3%81%AE%E3%81%86%E3%81%95%E3%81%8E%E3%81%95%E3%82%93" n1="%E3%81%A4%E3%81%A3%E3%81%B1%E3%82%8A%E3%83%9D%E3%83%BC%E3%83%AB" n2="%E7%99%BD%E5%80%89%E5%AF%9B%E4%B9%8B" n3="%E3%81%8B%E3%82%8F%E3%81%A1%E3%82%83%E3%82%93%35%38" dan="17,17,16,16" rate="2203.13,2122.60,2128.11,2114.14" sx="M,M,M,M"/><TAIKYOKU oya="0"/><INIT seed="0,0,0,5,3,76" ten="250,250,250,250" oya="0" hai0="28,59,120,1,116,107,31,57,106,30,61,44,85" hai1="124,89,20,12,95,131,75,77,92,91,21,4,70" hai2="123,40,42,127,71,24,111,126,112,90,5,128,41" hai3="122,29,54,22,66,15,27,3,135,96,115,45,10"/><T60/><D116/><U100/><E70/><V63/><F5/><W43/><G115/><T36/><D1/><U69/><E69/><V56/><F24/><W88/><G135/><T129/><D120/><U23/><E131/><V110/><F90/><W35/><G122/><T37/><D85/><U81/><E124/><N who="2" m="47659" /><F123/><W55/><G66/><T130/><D30/><U98/><REACH who="1" step="1"/><E95/><REACH who="1" ten="250,240,250,250" step="2"/><V14/><F128/><W117/><G117/><T104/><D104/><U102/><E102/><V132/><F132/><W84/><G96/><T16/><REACH who="0" step="1"/><D44/><REACH who="0" ten="240,240,250,250" step="2"/><U73/><E73/><V78/><F112/><W34/><G45/><T49/><D49/><U53/><E53/><V0/><F42/><W105/><G43/><T97/><D97/><U13/><E13/><V118/><F41/><W17/><G105/><T62/><D62/><U52/><E52/><V67/><F40/><W109/><G54/><T108/><D108/><U79/><E79/><V121/><F78/><W83/><G109/><T125/><D125/><U74/><E74/><V51/><F111/><W47/><G3/><T82/><D82/><U19/><E19/><AGARI ba="0,2" hai="16,19,28,31,36,37,57,59,60,61,106,107,129,130" machi="19" ten="25,9600,0" yaku="1,1,22,2,54,1,53,0" doraHai="76" doraHaiUra="119" who="0" fromWho="1" sc="240,116,240,-96,250,0,250,0" /><INIT seed="0,1,0,1,4,66" ten="356,144,250,250" oya="0" hai0="49,95,112,82,23,31,36,38,19,52,60,96,121" hai1="90,81,114,35,71,33,119,41,63,9,59,12,98" hai2="24,126,122,40,6,127,30,8,54,20,133,77,27" hai3="131,65,32,14,130,18,104,110,109,73,115,42,1"/><T74/><D112/><U10/><E119/><V15/><F77/><W16/><G73/><T120/><D31/><U108/><E114/><V39/><F40/><W89/><G115/><T61/><D74/><U88/><E108/><N who="3" m="41578" /><G104/><T135/><D82/><U56/><E41/><V47/><F54/><W64/><G1/><T83/><D83/><U70/><E81/><V125/><F47/><W78/><G78/><T2/><D2/><U67/><E12/><V7/><F39/><W92/><G42/><T48/><D135/><U87/><E67/><N who="3" m="25674" /><G32/><T69/><D52/><U105/><E87/><V134/><F122/><W124/><G124/><T57/><D38/><U100/><E98/><V103/><F103/><W55/><G55/><T128/><D96/><U106/><E63/><V58/><F58/><W62/><G62/><T132/><D57/><U97/><E97/><V75/><F75/><W118/><G118/><T44/><D36/><U76/><E76/><V123/><F123/><W99/><G18/><T17/><D44/><U94/><E94/><V68/><F68/><W25/><G25/><T45/><D45/><U5/><E5/><N who="2" m="3471" /><F27/><W37/><G37/><T29/><D69/><U21/><E21/><AGARI ba="1,0" hai="14,16,21,89,92,99,130,131" m="25674,41578" machi="21" ten="30,2000,0" yaku="14,1,54,1" doraHai="66" who="3" fromWho="1" sc="356,0,144,-23,250,0,250,23" /><INIT seed="1,0,0,5,3,106" ten="356,121,250,273" oya="1" hai0="118,134,131,29,43,2,25,42,108,121,103,26,10" hai1="59,65,54,98,16,89,41,132,40,7,86,72,5" hai2="102,30,92,70,84,64,135,81,126,19,93,124,57" hai3="15,71,49,24,44,66,109,76,58,67,116,11,68"/><U129/><E129/><V28/><F70/><W45/><G76/><T9/><D118/><U83/><E132/><V33/><F135/><W12/><G24/><T6/><D134/><U123/><E123/><V88/><F19/><W73/><G58/><T39/><D121/><U74/><E65/><V114/><F114/><W133/><G133/><T77/><D108/><U80/><E98/><N who="2" m="59719" /><F33/><W78/><G78/><T27/><D131/><U31/><E31/><V34/><F34/><W120/><G120/><T96/><D9/><U17/><E59/><V14/><F14/><W0/><G49/><T119/><D119/><U128/><E128/><V105/><F105/><W125/><G116/><T63/><D77/><U52/><E89/><V37/><F37/><W122/><G122/><T56/><D39/><U100/><E100/><V50/><F93/><W112/><G11/><T61/><D29/><U23/><E86/><V82/><F82/><W69/><G69/><T101/><D101/><U62/><E23/><V47/><F57/><W75/><G0/><T95/><REACH who="0" step="1"/><D63/><AGARI ba="0,0" hai="5,7,16,17,40,41,52,54,62,63,72,74,80,83" machi="63" ten="25,18000,2" yaku="22,2,52,2,54,2" doraHai="106" who="1" fromWho="0" sc="356,-180,121,180,250,0,273,0" /><INIT seed="1,1,0,1,4,11" ten="176,301,250,273" oya="1" hai0="13,50,45,71,15,78,81,55,10,65,82,14,103" hai1="96,49,111,70,80,107,1,131,24,112,134,37,30" hai2="115,67,128,119,59,87,43,2,113,116,86,28,125" hai3="25,3,92,105,31,4,74,75,85,126,6,117,36"/><U69/><E112/><N who="2" m="43083" /><F2/><W57/><G105/><T58/><D71/><U101/><E37/><V5/><F5/><W108/><G36/><T94/><D10/><U118/><E118/><V132/><F43/><W99/><G75/><T110/><D110/><U97/><E1/><V20/><F125/><W122/><G74/><T53/><D65/><U98/><E111/><V64/><F128/><W135/><G3/><T33/><D33/><U27/><E131/><V34/><F34/><W102/><G122/><T39/><D78/><U133/><E49/><V44/><F44/><W77/><G108/><T120/><D120/><U41/><E41/><V19/><F28/><W104/><G104/><T83/><D39/><U109/><E109/><V76/><F132/><N who="1" m="50793" /><E80/><N who="2" m="47367" /><F87/><W48/><G135/><T47/><D53/><U29/><E101/><V18/><F18/><W12/><G117/><N who="2" m="45129" /><F59/><W84/><G126/><T0/><D0/><U121/><E121/><V22/><F22/><N who="3" m="15799" /><G4/><T123/><D123/><U63/><E69/><V8/><F8/><N who="3" m="4119" /><G77/><T54/><D54/><AGARI ba="1,0" hai="48,54,57,84,85,92,99,102" m="4119,15799" machi="54" ten="30,2000,0" yaku="8,1,52,1" doraHai="11" who="3" fromWho="0" sc="176,-23,301,0,250,0,273,23" /><INIT seed="2,0,0,1,3,1" ten="153,301,250,296" oya="2" hai0="20,63,119,48,76,15,25,40,7,59,126,66,38" hai1="62,99,0,79,37,35,106,50,135,112,82,28,84" hai2="120,102,81,55,123,95,91,19,41,14,51,13,132" hai3="72,33,96,125,86,74,105,88,32,39,104,9,97"/><V24/><F132/><W65/><G65/><T89/><D126/><U18/><E37/><V36/><F36/><W47/><G39/><T130/><D130/><U27/><E112/><V31/><F41/><W71/><G47/><T17/><D119/><U108/><E0/><V131/><F102/><W56/><G56/><T49/><D76/><U116/><E116/><V133/><F13/><W23/><G23/><T64/><D64/><U29/><E29/><V8/><F133/><W110/><G9/><T127/><D127/><U6/><E6/><V98/><F131/><W10/><G10/><N who="0" m="4575" /><D38/><U21/><E50/><N who="0" m="19561" /><D89/><U67/><E135/><V109/><F109/><W124/><G71/><T53/><D66/><U16/><E21/><V58/><REACH who="2" step="1"/><F81/><REACH who="2" ten="153,301,240,296" step="2"/><W42/><G42/><AGARI ba="0,1" hai="17,20,25,40,42,53,59,63" m="19561,4575" machi="42" ten="30,2000,0" yaku="8,1,52,1" doraHai="1" who="0" fromWho="3" sc="153,30,301,0,240,0,296,-20" /><INIT seed="3,0,0,4,3,103" ten="183,301,240,276" oya="3" hai0="82,36,47,113,104,72,53,84,61,97,56,80,95" hai1="112,49,130,125,110,41,96,38,129,101,83,7,68" hai2="3,43,0,71,128,114,89,34,22,92,42,107,44" hai3="39,123,100,76,17,64,62,16,120,127,133,51,4"/><W5/><G39/><T35/><D35/><U31/><E112/><V6/><F34/><W108/><G123/><T91/><D113/><U73/><E110/><V50/><F71/><W15/><G120/><T79/><D36/><U8/><E125/><V26/><F114/><W57/><G127/><T11/><D11/><U28/><E68/><V59/><F128/><N who="1" m="49257" /><E38/><V46/><F59/><W116/><G116/><T124/><D47/><N who="1" m="25839" /><E83/><V37/><F6/><W32/><G32/><T90/><REACH who="0" step="1"/><D124/><REACH who="0" ten="173,301,240,276" step="2"/><U131/><E131/><V25/><F46/><W99/><G108/><T33/><D33/><U105/><E73/><V2/><F37/><W102/><G4/><T14/><D14/><AGARI ba="0,1" hai="7,8,14,28,31,96,101,105" m="25839,49257" machi="14" ten="30,2000,0" yaku="19,1,52,1" doraHai="103" who="1" fromWho="0" sc="173,-20,301,30,240,0,276,0" owari="153,-34.7,331,43.1,240,-16.0,276,7.6" /></mjloggm>