<mjloggm ver="2.3"><GO type="225" lobby="0"/><UN n0="%E5%A4%8F%E9%88%B4%E9%88%B4%E5%A4%8F" n1="%E5%91%A8%E6%9D%B1" n2="%E7%99%BD%E5%80%89%E5%AF%9B%E4%B9%8B" n3="%E9%A6%AC%E5%BC%95%E7%81%AB%33" dan="16,17,16,16" rate="2142.64,2129.26,2128.29,2074.65" sx="F,M,M,M"/><TAIKYOKU oya="0"/><INIT seed="0,0,0,3,0,16" ten="250,250,250,250" oya="0" hai0="12,61,42,134,33,73,77,57,92,64,71,118,107" hai1="89,14,94,76,13,19,84,74,9,133,0,86,98" hai2="129,69,45,62,101,54,60,70,106,50,36,135,4" hai3="1,93,114,95,122,113,117,81,26,2,34,44,109"/><T66/><D118/><U82/><E133/><V108/><F4/><W65/><G117/><T15/><D107/><U75/><E0/><V31/><F31/><W125/><G122/><T52/><D33/><U88/><REACH who="1" step="1"/><E14/><REACH who="1" ten="250,240,250,250" step="2"/><V63/><F135/><W130/><G1/><T123/><D12/><U67/><E67/><V25/><F129/><W22/><G2/><T39/><D123/><U132/><E132/><V11/><F108/><W87/><G130/><T115/><D134/><U30/><E30/><V105/><F70/><W32/><G109/><T3/><D3/><U68/><E68/><V119/><F69/><W90/><G65/><T99/><D15/><U40/><E40/><V85/><F119/><W102/><G114/><T38/><D115/><U103/><E103/><V97/><F101/><W72/><G113/><T104/><D42/><U111/><E111/><V20/><F54/><W112/><G112/><T18/><D66/><U51/><E51/><V6/><F50/><W78/><G125/><T35/><D64/><U7/><E7/><V8/><F6/><W100/><G100/><N who="0" m="60519" /><D71/><U126/><E126/><V83/><F36/><W29/><REACH who="3" step="1"/><G44/><REACH who="3" ten="250,240,250,240" step="2"/><T53/><D104/><U5/><E5/><V56/><F105/><W110/><G110/><T28/><D38/><U41/><E41/><V47/><F106/><W17/><G17/><T96/><D39/><U121/><E121/><V43/><F43/><W124/><G124/><T80/><D18/><U27/><E27/><V127/><F25/><W46/><G46/><N who="2" m="17417" /><F127/><W23/><G23/><T49/><D28/><U120/><E120/><RYUUKYOKU ba="0,2" sc="250,-15,240,15,250,-15,240,15" hai1="9,13,19,74,75,76,82,84,86,88,89,94,98" hai3="22,26,29,32,34,72,78,81,87,90,93,95,102" /><INIT seed="1,1,2,2,0,117" ten="235,255,235,255" oya="1" hai0="51,13,134,33,77,113,89,28,71,3,64,20,15" hai1="85,118,96,27,88,38,73,11,133,66,107,17,30" hai2="5,35,54,75,8,4,92,31,59,61,135,122,52" hai3="68,21,84,110,60,87,78,34,90,49,116,69,123"/><U72/><E118/><V6/><F75/><W99/><G116/><T29/><D113/><U128/><E38/><V48/><F135/><W115/><G34/><T114/><D3/><U102/><E133/><V125/><F125/><W55/><G115/><T12/><D114/><U74/><E128/><V98/><F122/><W79/><G123/><T23/><D77/><U65/><E17/><V83/><F83/><W127/><G127/><T2/><D51/><U119/><E11/><V67/><F31/><W19/><G110/><T97/><D64/><U81/><REACH who="1" step="1"/><E119/><REACH who="1" ten="235,245,235,255" step="2"/><V130/><F130/><W39/><G39/><T132/><D134/><U94/><E94/><V24/><F24/><W42/><G19/><T101/><D132/><U40/><E40/><V82/><F82/><W70/><G42/><T1/><D29/><U57/><E57/><V100/><F35/><AGARI ba="1,3" hai="27,30,35,65,66,72,73,74,81,85,88,96,102,107" machi="35" ten="40,3900,0" yaku="1,1,54,1,53,0" doraHai="117" doraHaiUra="32" who="1" fromWho="2" sc="235,0,245,72,235,-42,255,0" /><INIT seed="1,2,0,2,5,35" ten="235,317,193,255" oya="1" hai0="23,25,12,89,91,70,44,108,123,73,127,65,82" hai1="24,92,55,85,129,114,59,80,29,64,26,67,10" hai2="121,38,1,132,99,79,51,102,93,50,104,107,21" hai3="31,45,48,63,52,117,68,135,78,19,8,62,40"/><U3/><E114/><V28/><F38/><W6/><G135/><T87/><D108/><U53/><E129/><V126/><F132/><W69/><G31/><T42/><D127/><U77/><E92/><V46/><F126/><W98/><G78/><T94/><D73/><U86/><E86/><V41/><F121/><W5/><G19/><T111/><D111/><U61/><E67/><V2/><F79/><W34/><G34/><T112/><D112/><U39/><E39/><V32/><F32/><W118/><G98/><T17/><D65/><U22/><REACH who="1" step="1"/><E24/><REACH who="1" ten="235,307,193,255" step="2"/><V125/><F125/><W74/><G74/><T49/><D123/><U109/><E109/><V57/><F107/><W11/><G118/><T20/><D70/><U16/><E16/><V101/><F104/><W9/><G117/><T43/><D94/><U88/><E88/><V124/><F124/><W119/><G119/><T97/><D97/><U56/><E56/><V0/><F102/><W115/><G115/><T76/><D91/><U47/><E47/><V54/><REACH who="2" step="1"/><F28/><REACH who="2" ten="235,307,183,255" step="2"/><W15/><G69/><T100/><D76/><U60/><E60/><V72/><F72/><W113/><G113/><T103/><D100/><U131/><E131/><V130/><F130/><W13/><G68/><T4/><D103/><U30/><E30/><V81/><F81/><W71/><G71/><T33/><D82/><U7/><AGARI ba="2,2" hai="3,7,10,22,26,29,53,55,59,61,64,77,80,85" machi="7" ten="30,6000,0" yaku="1,1,0,1,52,1,53,0" doraHai="35" doraHaiUra="134" who="1" fromWho="1" sc="235,-22,307,86,183,-22,255,-22" /><INIT seed="1,3,0,3,3,94" ten="213,393,161,233" oya="1" hai0="99,37,112,119,129,67,17,7,8,35,56,85,131" hai1="126,95,82,47,88,13,86,65,75,114,135,91,60" hai2="111,130,14,105,11,16,106,107,121,58,49,22,101" hai3="0,9,104,32,96,61,78,125,68,97,28,15,109"/><U54/><E114/><V117/><F117/><W133/><G0/><T24/><D112/><U102/><E126/><V77/><F121/><W134/><G125/><T25/><D37/><U39/><E135/><N who="3" m="51722" /><G109/><T69/><D119/><U115/><E115/><V62/><F111/><W74/><G104/><T19/><D69/><U73/><E102/><V38/><F38/><W59/><G68/><T48/><D85/><U34/><E34/><V52/><F130/><N who="0" m="49674" /><D99/><N who="3" m="37961" /><G28/><N who="0" m="19847" /><D25/><U108/><E39/><V51/><F101/><W6/><G32/><T41/><D67/><U36/><E65/><V100/><F100/><W79/><G74/><T128/><N who="0" m="49682" /><T89/><DORA hai="127" /><D89/><U43/><E91/><V5/><REACH who="2" step="1"/><F77/><REACH who="2" ten="213,393,151,233" step="2"/><W57/><G79/><T31/><D31/><U66/><E108/><V44/><F44/><W118/><G78/><T50/><D56/><U21/><E36/><V12/><AGARI ba="3,1" hai="5,11,12,14,16,22,49,51,52,58,62,105,106,107" machi="12" ten="30,7900,0" yaku="1,1,0,1,54,2,53,0" doraHai="94,127" doraHaiUra="42,26" who="2" fromWho="2" sc="213,-23,393,-42,151,98,233,-23" /><INIT seed="2,0,0,1,2,115" ten="190,351,249,210" oya="2" hai0="80,120,116,106,97,76,40,35,20,29,126,90,2" hai1="127,96,47,64,66,94,49,73,95,102,34,14,28" hai2="91,110,1,134,98,78,9,51,118,71,18,43,39" hai3="111,11,15,122,128,32,60,56,72,86,8,59,50"/><V123/><F71/><W124/><G122/><T79/><D120/><U129/><E73/><V7/><F123/><W131/><G72/><T53/><D126/><U70/><E70/><V114/><F114/><W57/><G32/><T77/><D2/><U46/><E127/><V44/><F134/><W61/><G124/><T63/><D35/><U67/><E129/><N who="3" m="49738" /><G111/><T75/><D40/><U12/><E34/><V23/><F110/><W117/><G117/><T84/><D116/><U130/><E28/><V55/><F118/><W5/><G50/><T74/><D20/><U65/><E65/><V89/><F98/><W92/><G8/><T132/><D29/><U113/><E130/><V108/><F78/><N who="0" m="30314" /><D53/><U103/><E113/><V109/><F109/><W19/><G5/><T99/><D63/><U17/><E49/><V100/><F100/><W10/><G10/><T16/><D16/><U33/><E33/><V69/><F69/><W25/><G25/><T0/><D0/><U52/><E17/><V135/><F135/><W26/><G26/><T37/><D37/><U104/><E104/><V42/><F108/><W62/><G62/><T3/><D3/><U45/><E52/><V36/><F43/><W112/><G112/><T41/><D41/><U85/><E103/><V24/><REACH who="2" step="1"/><F39/><REACH who="2" ten="190,351,239,210" step="2"/><W121/><G121/><T22/><D132/><U119/><E119/><V48/><F48/><W87/><G87/><T6/><D74/><U58/><E85/><V107/><F107/><W38/><G38/><T82/><D106/><U31/><E102/><V21/><F21/><W93/><G86/><RYUUKYOKU ba="0,1" sc="190,-15,351,-15,239,15,210,15" hai2="1,7,9,18,23,24,36,42,44,51,55,89,91" hai3="11,15,19,56,57,59,60,61,92,93" /><INIT seed="2,1,1,3,3,15" ten="175,336,254,225" oya="2" hai0="92,23,12,94,67,85,65,58,89,97,99,76,74" hai1="62,125,35,106,78,117,36,19,109,28,8,112,25" hai2="134,18,5,33,1,114,30,98,81,34,84,96,49" hai3="72,71,21,10,87,54,29,131,27,40,80,102,47"/><V129/><F114/><W101/><G72/><T68/><D68/><U51/><E106/><V70/><F70/><W83/><G131/><T120/><D120/><U73/><E36/><V77/><F129/><W32/><G71/><T37/><D37/><U79/><E112/><V86/><F134/><W66/><G66/><T69/><D69/><U9/><E117/><V45/><F5/><W116/><G116/><T39/><D39/><U64/><E125/><V113/><F1/><W119/><G32/><T60/><D74/><U124/><E124/><V48/><F30/><W16/><G40/><T42/><D76/><U43/><E9/><V91/><F113/><W53/><G83/><T107/><D42/><U108/><E73/><V122/><F122/><W13/><G119/><T130/><D107/><U63/><E64/><V44/><F81/><W31/><G31/><T93/><D67/><U11/><E11/><V6/><F6/><W20/><G10/><T95/><REACH who="0" step="1"/><D130/><REACH who="0" ten="165,336,254,225" step="2"/><U118/><E79/><V75/><F77/><N who="3" m="46479" /><G47/><T50/><D50/><U103/><E78/><V135/><F45/><W121/><G121/><T132/><D132/><U46/><E118/><V126/><F44/><W127/><G127/><T115/><D115/><U4/><E46/><V123/><F126/><W104/><G104/><T38/><D38/><U88/><E43/><V128/><F135/><W17/><G29/><T133/><D133/><U90/><E28/><V105/><F128/><W52/><AGARI ba="1,2" hai="13,16,17,20,21,27,52,53,54,101,102" m="46479" machi="52" ten="30,8000,1" yaku="8,1,52,2,54,2" doraHai="15" who="3" fromWho="3" sc="165,-21,336,-21,254,-41,225,103" /><INIT seed="3,0,0,3,5,39" ten="144,315,213,328" oya="3" hai0="128,23,10,50,84,67,86,112,134,92,93,127,29" hai1="41,64,77,74,36,89,124,0,107,101,61,130,53" hai2="129,49,27,95,37,118,71,32,54,113,1,111,46" hai3="4,68,115,90,21,123,35,31,38,16,94,30,105"/><W73/><G115/><T88/><D134/><U108/><E0/><V114/><F1/><W44/><G105/><T106/><D128/><U34/><E34/><V69/><F118/><W57/><G123/><T8/><D127/><U59/><E130/><V85/><F129/><W9/><G68/><T20/><D112/><U55/><E124/><V78/><F111/><W132/><G73/><T63/><D106/><U26/><E108/><V19/><F71/><W109/><G109/><T48/><D63/><U79/><E26/><V22/><F69/><W100/><G100/><T33/><D33/><U117/><E117/><V97/><F32/><W125/><G125/><T60/><D60/><U56/><E74/><V40/><F85/><W104/><G104/><T110/><D110/><U15/><E101/><V119/><F78/><N who="1" m="29705" /><E107/><V103/><F119/><W99/><G132/><T76/><D76/><U47/><E59/><AGARI ba="0,0" hai="19,22,27,37,40,46,49,54,59,95,97,103,113,114" machi="59" ten="30,2000,0" yaku="7,1,52,1" doraHai="39" who="2" fromWho="1" sc="144,0,315,-20,213,20,328,0" owari="144,-35.6,295,9.5,233,-16.7,328,42.8" /></mjloggm>