<mjloggm ver="2.3"><GO type="225" lobby="0"/><UN n0="%E5%A4%A7%E5%A4%A7%E5%B2%A1%E5%B1%B1%EF%BC%A0%E6%A8%AA%E6%B5%9C" n1="%72%61%6B%33" n2="%E3%82%A4%E3%83%BC%E3%82%B1%E3%83%97%E3%83%A9" n3="%E3%83%96%E3%83%83%E3%83%91%E3%82%AA%E3%83%96%E3%83%81%E3%82%AD%E3%83%B3" dan="16,16,17,16" rate="2112.93,2070.26,2233.50,2184.63" sx="M,M,M,M"/><TAIKYOKU oya="0"/><INIT seed="0,0,0,5,3,106" ten="250,250,250,250" oya="0" hai0="23,33,95,58,47,88,82,53,2,1,87,30,6" hai1="108,7,38,102,21,86,119,66,48,91,19,17,125" hai2="20,97,28,93,120,46,77,135,127,110,14,57,26" hai3="129,100,59,3,4,117,121,89,63,101,113,133,76"/><T131/><D33/><U60/><E38/><V122/><F110/><W96/><G113/><T134/><D6/><U34/><E34/><V67/><F135/><W92/><G117/><T124/><D134/><U90/><E108/><V107/><F107/><W43/><G133/><T70/><D70/><U45/><E125/><V5/><F127/><W51/><G129/><T83/><D124/><U103/><E7/><V112/><F112/><W126/><G126/><T50/><D131/><U42/><E91/><V71/><F71/><W8/><G121/><T64/><D2/><U49/><E49/><V56/><F77/><W55/><REACH who="3" step="1"/><G76/><REACH who="3" ten="250,250,250,240" step="2"/><T35/><D35/><U130/><E130/><V114/><F114/><W74/><G74/><T73/><D73/><U84/><E119/><V16/><F122/><W69/><G69/><T11/><D1/><U54/><E86/><V0/><F120/><W115/><G115/><T109/><D109/><U18/><E21/><V41/><F0/><W25/><G25/><N who="0" m="16703" /><D11/><U61/><E66/><V85/><F67/><W79/><G79/><T94/><D82/><U118/><E118/><V72/><F72/><W75/><G75/><T99/><D99/><U37/><E61/><AGARI ba="0,1" hai="47,50,53,58,61,64,83,87,88,94,95" m="16703" machi="61" ten="30,2900,0" yaku="8,1,54,1" doraHai="106" who="0" fromWho="1" sc="250,39,250,-29,250,0,240,0" /><INIT seed="0,1,0,5,4,8" ten="289,221,250,240" oya="0" hai0="109,14,93,125,17,119,9,38,37,83,82,25,28" hai1="65,54,127,52,106,58,111,68,6,26,46,60,67" hai2="70,131,81,105,4,77,29,108,74,115,40,95,132" hai3="107,84,61,97,30,12,57,112,124,73,134,75,89"/><T117/><D125/><U91/><E106/><V33/><F115/><W66/><G112/><T55/><D109/><U79/><E111/><V122/><F122/><W1/><G1/><T48/><D38/><U56/><E127/><V11/><F108/><W20/><G124/><T22/><D37/><U39/><E79/><V102/><F131/><W87/><G134/><T98/><D119/><U35/><E6/><V78/><F78/><W64/><G64/><N who="1" m="24650" /><E26/><V62/><F95/><W129/><G129/><T44/><REACH who="0" step="1"/><D117/><REACH who="0" ten="279,221,250,240" step="2"/><U42/><E35/><V100/><F33/><W18/><G30/><T32/><D32/><U21/><E21/><V92/><F29/><W71/><G71/><T96/><D96/><U118/><E118/><V85/><F70/><W86/><REACH who="3" step="1"/><G89/><AGARI ba="1,1" hai="9,14,17,22,25,28,44,48,55,82,83,89,93,98" machi="89" ten="30,12000,1" yaku="1,1,7,1,8,1,52,1,53,1" doraHai="8" doraHaiUra="94" who="0" fromWho="3" sc="279,133,221,0,250,0,240,-123" /><INIT seed="0,2,0,3,5,30" ten="412,221,250,117" oya="0" hai0="131,61,22,0,41,77,118,122,104,76,54,130,58" hai1="26,13,99,60,46,11,32,52,133,115,128,56,86" hai2="114,29,102,21,68,43,80,16,71,65,74,67,127" hai3="132,95,107,38,40,89,59,4,126,36,120,2,33"/><T47/><D104/><U93/><E128/><N who="0" m="49193" /><D0/><U45/><E133/><V1/><F1/><W62/><G107/><T7/><D7/><U117/><E117/><V23/><F114/><W51/><G132/><T100/><D100/><U134/><E115/><V25/><F102/><W17/><G126/><T49/><D118/><U8/><E8/><V123/><F123/><W94/><G120/><T101/><D101/><U129/><E134/><V50/><F127/><W92/><G89/><T18/><D122/><U27/><E86/><V5/><F5/><W121/><G121/><T91/><D91/><N who="1" m="55743" /><E32/><V113/><F113/><W97/><G97/><T12/><AGARI ba="2,0" hai="12,18,22,41,47,49,54,58,61,76,77" m="49193" machi="12" ten="30,1500,0" yaku="19,1" doraHai="30" who="0" fromWho="0" sc="412,21,221,-7,250,-7,117,-7" /><INIT seed="0,3,0,0,1,106" ten="433,214,243,110" oya="0" hai0="5,35,85,15,57,33,79,105,7,24,60,75,61" hai1="32,4,72,69,89,112,115,124,67,129,55,77,37" hai2="126,17,26,116,19,111,56,108,22,127,135,51,52" hai3="28,53,102,71,1,66,29,123,18,12,110,49,95"/><T11/><D105/><U10/><E55/><V98/><F135/><W48/><G1/><T65/><D85/><U128/><E89/><V121/><F121/><W0/><G0/><T46/><D46/><U131/><E32/><V25/><F116/><W62/><G123/><T83/><D5/><U88/><E37/><V73/><F73/><W31/><G110/><N who="2" m="42025" /><F98/><W82/><G82/><T42/><D42/><U74/><E124/><N who="2" m="47659" /><F26/><W45/><G49/><T59/><REACH who="0" step="1"/><D24/><REACH who="0" ten="423,214,243,110" step="2"/><U113/><E77/><V8/><F8/><W104/><G104/><T90/><D90/><U43/><E88/><V64/><F64/><AGARI ba="3,1" hai="7,11,15,33,35,57,59,60,61,64,65,75,79,83" machi="64" ten="30,11600,0" yaku="1,1,7,1,9,1,52,1,53,0" doraHai="106" doraHaiUra="38" who="0" fromWho="2" sc="423,135,214,0,243,-125,110,0" /><INIT seed="0,4,0,1,2,47" ten="558,214,118,110" oya="0" hai0="70,109,75,127,52,3,13,131,39,77,97,134,38" hai1="7,44,1,113,121,46,4,48,112,89,11,67,135" hai2="85,51,124,83,80,118,31,103,86,90,21,2,15" hai3="105,42,27,123,22,100,72,104,128,133,0,35,40"/><T81/><D3/><U132/><E121/><V79/><F2/><W20/><G72/><T59/><D70/><U120/><E120/><V87/><F124/><W101/><G0/><T102/><D127/><U99/><E7/><V98/><F118/><W71/><G123/><T66/><D66/><U43/><E67/><V8/><F51/><W130/><G35/><T117/><D117/><U18/><E18/><V125/><F125/><W45/><G71/><T61/><D131/><N who="3" m="50217" /><G133/><N who="1" m="51274" /><E89/><V65/><F65/><W84/><G84/><T57/><D134/><U10/><E10/><V111/><F111/><W122/><G122/><T88/><D59/><U29/><E99/><V68/><F68/><W34/><G34/><T107/><D109/><U110/><E110/><V25/><F87/><W106/><G27/><T32/><D32/><U93/><E93/><V5/><F98/><W62/><G62/><T96/><REACH who="0" step="1"/><D13/><REACH who="0" ten="548,214,118,110" step="2"/><U36/><E1/><V94/><F83/><W53/><G105/><T63/><D63/><U69/><E69/><V60/><F60/><W28/><G106/><T9/><D9/><U41/><E11/><V116/><F116/><W91/><G104/><T115/><D115/><U78/><E113/><V64/><F64/><W114/><G114/><T129/><D129/><U74/><E112/><V16/><REACH who="2" step="1"/><F103/><REACH who="2" ten="548,214,108,110" step="2"/><W119/><G101/><T49/><D49/><U24/><E48/><V26/><F26/><W56/><G100/><T108/><D108/><U17/><E24/><V92/><F92/><AGARI ba="4,2" hai="38,39,52,57,61,75,77,81,88,92,96,97,102,107" machi="92" ten="40,7700,0" yaku="1,1,54,2,53,0" doraHai="47" doraHaiUra="6" who="0" fromWho="2" sc="548,109,214,0,108,-89,110,0" /><INIT seed="0,5,0,1,2,94" ten="657,214,19,110" oya="0" hai0="61,117,52,34,100,86,89,80,15,111,55,16,60" hai1="49,107,11,76,36,13,115,57,35,128,91,88,116" hai2="70,38,69,48,9,32,20,74,131,84,62,73,10" hai3="133,81,101,27,42,85,92,2,106,22,25,126,53"/><T77/><D34/><U118/><E36/><V56/><F38/><W46/><G126/><T23/><D117/><U44/><E107/><V50/><F32/><W14/><G133/><T0/><D0/><U7/><E35/><V103/><F131/><W95/><G106/><T113/><D113/><U123/><E123/><V18/><F103/><W134/><G2/><T96/><D89/><U108/><E128/><V6/><F70/><W83/><G134/><T122/><D122/><U41/><E108/><V93/><F69/><W72/><G53/><T135/><D135/><U51/><E115/><V121/><F121/><W90/><G72/><T21/><D21/><U65/><E76/><V1/><F10/><W98/><G14/><T119/><D119/><U64/><E116/><V5/><F5/><W130/><G130/><T43/><D43/><U109/><E109/><V104/><F104/><W58/><G58/><T79/><D79/><U68/><E118/><V47/><F84/><W37/><G27/><T19/><D19/><AGARI ba="5,0" hai="19,22,25,37,42,46,81,83,85,90,92,95,98,101" machi="19" ten="30,2000,0" yaku="7,1,52,1" doraHai="94" who="3" fromWho="0" sc="657,-35,214,0,19,0,110,35" /><INIT seed="1,0,0,0,1,123" ten="622,214,19,145" oya="1" hai0="84,89,79,72,73,24,9,77,5,15,53,92,93" hai1="67,128,121,80,61,19,87,101,30,3,54,52,28" hai2="43,51,100,34,132,59,117,1,129,60,135,11,122" hai3="126,25,29,102,48,104,8,12,22,17,33,133,111"/><U36/><E121/><V118/><F34/><W45/><G126/><T66/><D66/><U98/><E128/><V21/><F100/><W10/><G133/><N who="2" m="51273" /><F122/><W90/><G111/><T97/><D73/><U70/><E36/><V95/><F95/><W114/><G114/><T35/><D72/><U86/><E3/><V4/><F129/><W27/><G90/><T75/><D75/><U112/><E112/><V37/><F37/><W2/><G2/><T40/><D40/><U58/><E19/><V82/><F82/><W32/><G102/><T109/><D109/><U0/><E0/><V50/><F21/><N who="3" m="11431" /><G48/><N who="2" m="18473" /><F43/><W134/><G45/><T130/><D130/><U20/><E70/><V106/><F106/><W127/><G104/><T69/><D69/><U23/><E23/><V74/><F74/><W62/><G134/><T94/><D24/><U125/><E125/><V13/><F1/><W14/><G127/><T18/><D35/><N who="3" m="13385" /><G62/><T99/><D18/><U46/><E46/><V64/><AGARI ba="0,0" hai="4,11,13,59,60,64,117,118" m="18473,51273" machi="64" ten="30,1100,0" yaku="20,1" doraHai="123" who="2" fromWho="2" sc="622,-3,214,-5,19,11,145,-3" /><INIT seed="2,0,0,4,5,34" ten="619,209,30,142" oya="2" hai0="6,74,71,129,113,112,124,10,87,4,89,75,132" hai1="130,98,101,2,119,39,107,85,79,120,40,96,70" hai2="115,135,116,67,27,91,17,13,51,65,82,83,25" hai3="128,114,31,122,15,3,20,66,21,38,5,24,7"/><V50/><F115/><W33/><G38/><T123/><D71/><U126/><E70/><V55/><F116/><W133/><G66/><T0/><D123/><U35/><E35/><V99/><F135/><W105/><G105/><T58/><D132/><U127/><E119/><V90/><F99/><W29/><G133/><T26/><D6/><N who="3" m="2057" /><G122/><T68/><D68/><U14/><E14/><V104/><F104/><W62/><G62/><T111/><D111/><U118/><E118/><V57/><F57/><W93/><G93/><T76/><D76/><U28/><E40/><V80/><F55/><W45/><G45/><T23/><D129/><U30/><E39/><V63/><F13/><W94/><G94/><T56/><D124/><U134/><E130/><V60/><F83/><W46/><G46/><T16/><D58/><U19/><E107/><V42/><REACH who="2" step="1"/><F17/><REACH who="2" ten="619,209,20,142" step="2"/><N who="3" m="10303" /><G114/><T32/><D112/><U59/><E98/><V95/><F95/><W12/><G128/><T73/><D113/><U77/><E96/><V69/><F69/><W11/><G3/><T97/><D56/><U125/><E134/><V47/><F47/><W52/><G52/><T121/><D97/><U43/><E126/><V78/><F78/><W22/><G31/><N who="0" m="19575" /><D121/><U1/><E120/><V88/><F88/><W48/><G48/><T37/><D37/><U36/><E36/><V9/><F9/><W106/><G106/><T18/><D89/><U117/><E127/><V103/><F103/><W100/><G100/><T84/><D18/><AGARI ba="0,1" hai="11,12,18,21,22,24,29,33" m="10303,2057" machi="18" ten="30,8000,1" yaku="35,5" doraHai="34" who="3" fromWho="0" sc="619,-80,209,0,20,0,142,90" /><INIT seed="3,0,0,5,5,86" ten="539,209,20,232" oya="3" hai0="16,123,133,0,102,32,10,96,106,15,83,29,35" hai1="126,63,41,110,88,49,68,81,85,14,69,6,77" hai2="39,78,8,98,28,54,100,122,108,124,99,120,52" hai3="19,25,127,72,53,48,9,82,7,94,118,55,61"/><W116/><G127/><T21/><D123/><U114/><E114/><V31/><F8/><W60/><G72/><T59/><D133/><U121/><E121/><V125/><F100/><W87/><G94/><T113/><D113/><U57/><E126/><V4/><F78/><W89/><G118/><T37/><D37/><U65/><E110/><V12/><F12/><N who="3" m="5183" /><G116/><T109/><D109/><U104/><E104/><V111/><F4/><W2/><G2/><T131/><D131/><U107/><E107/><V128/><F39/><W24/><G55/><T1/><D59/><U95/><E6/><V62/><F62/><N who="3" m="24171" /><G19/><T26/><REACH who="0" step="1"/><D83/><REACH who="0" ten="529,209,20,232" step="2"/><U67/><E67/><V119/><REACH who="2" step="1"/><F119/><REACH who="2" ten="529,209,10,232" step="2"/><W80/><G80/><T70/><D70/><U33/><E68/><V93/><F93/><W134/><G134/><T112/><D112/><U38/><E69/><V18/><F18/><W43/><G43/><T58/><D58/><AGARI ba="0,2" hai="24,25,48,53,58,82,87,89" m="24171,5183" machi="58" ten="30,2900,0" yaku="8,1,52,1" doraHai="86" who="3" fromWho="0" sc="529,-29,209,0,10,0,232,49" /><INIT seed="3,1,0,2,3,99" ten="500,209,10,281" oya="3" hai0="58,22,16,117,25,32,132,121,91,85,10,24,94" hai1="87,20,11,51,61,23,134,83,75,67,92,13,101" hai2="97,7,45,36,96,102,111,113,106,56,82,50,74" hai3="103,105,80,131,35,118,44,55,42,54,128,4,30"/><W125/><G118/><T43/><D117/><U59/><E134/><V107/><F56/><W5/><G80/><T1/><D121/><U98/><E51/><V100/><F50/><N who="3" m="26903" /><G35/><T2/><D43/><U93/><E93/><V89/><F45/><W114/><G30/><T46/><D46/><U17/><REACH who="1" step="1"/><E75/><REACH who="1" ten="500,199,10,281" step="2"/><V49/><F49/><W66/><G114/><T69/><D132/><U109/><E109/><V28/><F28/><W133/><G133/><T60/><D69/><U18/><E18/><V33/><F7/><W124/><G4/><T70/><D70/><U19/><E19/><V15/><F15/><W47/><G5/><T135/><D135/><U27/><E27/><V88/><F33/><W112/><G112/><T73/><D73/><U72/><E72/><V123/><F36/><W52/><G47/><T53/><REACH who="0" step="1"/><D10/><REACH who="0" ten="490,199,10,281" step="2"/><U95/><E95/><V12/><F12/><W41/><G41/><T34/><D34/><U68/><E68/><V115/><F123/><W14/><G125/><T8/><D8/><U63/><E63/><V116/><F116/><W104/><G124/><T119/><D119/><U57/><E57/><V79/><REACH who="2" step="1"/><F111/><REACH who="2" ten="490,199,0,281" step="2"/><W9/><G9/><T26/><D26/><U21/><E21/><V120/><F120/><W126/><G126/><T127/><D127/><U0/><E0/><V48/><F48/><W64/><G14/><T110/><D110/><U76/><AGARI ba="1,3" hai="11,13,17,20,23,59,61,67,76,83,87,92,98,101" machi="76" ten="20,12000,2" yaku="1,1,0,1,7,1,8,1,52,1,53,1" doraHai="99" doraHaiUra="6" who="1" fromWho="1" sc="490,-31,199,153,0,-31,281,-61" owari="459,55.9,352,15.2,-31,-53.1,220,-18.0" /></mjloggm>