<mjloggm ver="2.3"><GO type="225" lobby="0"/><UN n0="%E3%82%BC%E3%83%AB%E3%83%80%E3%81%AE%E4%BC%9D%E8%AA%AC" n1="%E3%82%8F%E3%81%8B%E3%81%B0%2A%E3%82%AC%E3%83%BC%E3%83%AB" n2="%E3%81%BF%E3%81%BF%E3%81%9A" n3="%E5%B8%86%E7%AB%8B%E5%A4%8F%E8%A1%A3" dan="17,16,17,17" rate="2151.06,2128.09,2218.68,2255.51" sx="M,M,M,M"/><TAIKYOKU oya="0"/><INIT seed="0,0,0,2,5,96" ten="250,250,250,250" oya="0" hai0="12,75,108,61,87,98,27,23,51,38,7,44,112" hai1="8,72,68,85,104,80,29,120,106,28,90,56,82" hai2="15,54,9,0,63,77,31,62,66,97,32,69,4" hai3="115,119,135,121,110,111,67,19,79,5,132,59,76"/><T16/><D112/><U129/><E68/><V6/><F77/><N who="3" m="29771" /><G115/><T113/><D113/><U65/><E120/><V123/><F123/><W20/><G5/><T122/><D75/><U35/><E72/><V48/><F63/><N who="3" m="38399" /><G121/><T11/><D122/><U71/><E71/><V70/><F70/><W102/><G119/><T117/><D117/><U134/><E134/><N who="3" m="51242" /><G102/><T17/><D38/><U100/><E100/><V91/><F4/><W30/><G30/><T116/><D116/><U42/><E29/><V18/><F31/><W3/><G3/><T24/><D108/><U39/><E28/><V83/><F32/><W46/><G46/><T14/><D87/><U37/><E85/><V125/><F125/><W103/><G103/><T43/><D98/><U131/><E35/><V89/><F97/><W109/><G109/><T88/><D7/><U52/><E65/><V57/><REACH who="2" step="1"/><F83/><REACH who="2" ten="250,250,240,250" step="2"/><W128/><G128/><T99/><D61/><U10/><E82/><V133/><F133/><W1/><G1/><T22/><D11/><AGARI ba="0,1" hai="0,6,9,11,15,18,48,54,57,62,66,69,89,91" machi="11" ten="30,2000,0" yaku="1,1,7,1,53,0" doraHai="96" doraHaiUra="21" who="2" fromWho="0" sc="250,-20,250,0,240,30,250,0" /><INIT seed="1,0,0,5,2,101" ten="230,250,270,250" oya="1" hai0="93,18,76,80,121,122,64,40,127,47,48,108,129" hai1="29,45,89,62,23,128,90,54,31,91,106,96,111" hai2="51,84,5,71,39,79,26,49,134,131,46,35,100" hai3="63,38,41,0,102,27,28,17,115,88,34,117,85"/><U43/><E128/><V25/><F71/><W69/><G115/><T55/><D129/><U94/><E111/><V32/><F39/><W114/><G114/><T120/><D108/><U52/><E106/><V113/><F131/><W15/><G0/><T87/><D127/><U1/><E1/><V6/><F113/><W9/><G117/><T13/><D64/><U10/><E10/><V123/><F100/><W77/><G102/><T11/><REACH who="0" step="1"/><D93/><REACH who="0" ten="220,250,270,250" step="2"/><U60/><E94/><V66/><F66/><W24/><G69/><T12/><D12/><U59/><E96/><V42/><F123/><W110/><G110/><T68/><D68/><U75/><E75/><V2/><F2/><W126/><G126/><T8/><D8/><U112/><E112/><V133/><F134/><W36/><G9/><T95/><D95/><U116/><E116/><V21/><F133/><W53/><G15/><T86/><D86/><U124/><E124/><V105/><F84/><W44/><G85/><T98/><D98/><U78/><E78/><V109/><F79/><W7/><G77/><T99/><D99/><U67/><E67/><V19/><F109/><W58/><G27/><T3/><D3/><U119/><E119/><V56/><F25/><W107/><G24/><T4/><D4/><N who="2" m="1642" /><F105/><W14/><G107/><T83/><D83/><U125/><E125/><V104/><F104/><W16/><G7/><T22/><D22/><U72/><E72/><V57/><F32/><W81/><G14/><T92/><D92/><U97/><E23/><V33/><F57/><W30/><G34/><N who="2" m="12809" /><F56/><N who="3" m="35215" /><G81/><T20/><D20/><RYUUKYOKU ba="0,1" sc="220,15,250,-15,270,15,250,-15" hai0="11,13,18,40,47,48,55,76,80,87,120,121,122" hai2="19,21,26,42,46,49,51" /><INIT seed="2,1,1,3,0,57" ten="235,235,285,235" oya="2" hai0="133,102,95,118,2,85,18,104,129,115,119,20,108" hai1="67,99,82,63,42,113,124,22,120,92,77,90,83" hai2="54,56,33,97,96,52,14,60,125,16,24,37,130" hai3="30,10,132,51,69,49,38,9,36,103,70,29,94"/><V34/><F37/><W25/><G94/><T128/><D2/><U134/><E113/><V111/><F125/><W40/><G40/><T6/><D115/><U46/><E124/><V15/><F130/><N who="0" m="50282" /><D6/><U12/><E134/><V76/><F111/><W32/><G25/><N who="0" m="14487" /><D133/><U74/><E120/><V80/><F33/><W121/><G132/><T101/><D108/><U131/><E131/><V68/><F68/><W5/><G5/><T88/><D104/><U78/><E22/><N who="2" m="13383" /><F34/><W89/><G32/><T31/><D31/><U79/><E12/><N who="2" m="4651" /><F54/><W106/><G106/><T0/><D0/><U19/><E19/><V91/><F76/><W13/><G13/><T126/><D126/><U55/><E55/><V48/><F48/><W26/><G26/><T58/><D58/><N who="1" m="37367" /><E74/><V114/><F114/><W105/><G105/><T72/><D72/><U112/><E112/><V17/><F17/><W41/><G41/><T27/><D27/><U35/><E35/><V65/><F65/><W122/><G122/><T81/><D81/><U117/><E117/><AGARI ba="1,1" hai="85,88,95,101,102,117,118,119" m="14487,50282" machi="117" ten="30,3900,0" yaku="12,1,19,1,54,1" doraHai="57" who="0" fromWho="1" sc="235,52,235,-42,285,0,235,0" /><INIT seed="3,0,0,1,4,46" ten="287,193,285,235" oya="3" hai0="86,81,73,66,89,17,135,31,13,133,60,58,99" hai1="61,59,44,39,24,100,71,49,93,28,48,80,109" hai2="6,124,19,14,1,12,129,91,33,118,11,22,106" hai3="37,88,117,30,45,97,40,79,101,20,8,27,56"/><W82/><G117/><T43/><D31/><U108/><E71/><V122/><F106/><W116/><G116/><T85/><D73/><U32/><E80/><V55/><F118/><W78/><G8/><T128/><D128/><U125/><E125/><V52/><F129/><W110/><G110/><N who="1" m="42602" /><E100/><V75/><F124/><W7/><G7/><T98/><D43/><N who="1" m="22655" /><E93/><V0/><F75/><W54/><G82/><T36/><D36/><U74/><E74/><V25/><F122/><W119/><G119/><T47/><D47/><U64/><AGARI ba="0,0" hai="24,28,32,48,49,59,61,64" m="22655,42602" machi="64" ten="30,4000,0" yaku="14,1,52,2" doraHai="46" who="1" fromWho="1" sc="287,-10,193,40,285,-10,235,-20" /><INIT seed="4,0,0,0,0,92" ten="277,233,275,215" oya="0" hai0="85,62,100,116,22,6,24,95,75,122,23,135,7" hai1="34,43,47,0,132,61,99,25,8,17,74,15,76" hai2="39,20,77,82,101,1,56,18,78,14,28,134,41" hai3="94,60,5,63,59,111,89,36,120,93,54,83,48"/><T21/><D75/><U64/><E132/><V26/><F134/><W30/><G111/><T69/><D135/><U42/><E0/><V96/><F1/><W51/><G36/><T70/><D116/><U9/><E9/><V125/><F125/><W105/><G105/><T31/><D122/><U12/><E12/><V73/><F78/><W16/><G120/><T35/><D85/><U119/><E119/><V104/><F56/><N who="3" m="34839" /><G5/><T44/><D44/><U2/><E2/><V112/><F112/><W45/><G30/><T102/><D102/><U50/><E42/><V115/><F115/><W97/><G83/><T37/><D37/><U117/><E117/><V65/><F65/><N who="3" m="39167" /><G45/><T38/><D38/><U66/><E34/><V29/><REACH who="2" step="1"/><F26/><REACH who="2" ten="277,233,265,215" step="2"/><W4/><G4/><T49/><D7/><U68/><E25/><V52/><F52/><W127/><G127/><T124/><D6/><U3/><E3/><V71/><F71/><W90/><G16/><T121/><D124/><U10/><E66/><V114/><F114/><W129/><G129/><T87/><D121/><U72/><E68/><V130/><F130/><W80/><G80/><T53/><D70/><U13/><E64/><V33/><F33/><W79/><G79/><T128/><D128/><U58/><E76/><V81/><F81/><W27/><G27/><T103/><D69/><U98/><E72/><V19/><F19/><W84/><AGARI ba="0,1" hai="48,51,84,89,90,93,94,97" m="39167,34839" machi="84" ten="30,2000,0" yaku="8,1,52,1" doraHai="92" who="3" fromWho="3" sc="277,-10,233,-5,265,-5,215,30" /><INIT seed="5,0,0,3,4,132" ten="267,228,260,245" oya="1" hai0="54,98,106,70,88,38,128,37,64,105,67,14,48" hai1="3,78,40,62,61,73,21,81,58,68,93,96,109" hai2="31,55,63,123,94,116,15,18,76,10,56,121,35" hai3="118,2,0,131,45,17,46,77,19,69,44,117,87"/><U89/><E3/><N who="3" m="1066" /><G69/><T126/><D128/><U57/><E109/><V97/><F116/><N who="3" m="44651" /><G131/><T32/><D126/><U83/><E40/><V86/><F35/><W84/><G77/><T110/><D110/><U23/><E68/><V119/><F119/><W125/><G125/><T9/><D32/><U47/><E47/><V124/><F124/><W130/><G130/><T101/><D106/><U6/><E6/><V72/><F72/><W134/><G134/><T59/><D88/><U80/><E78/><V90/><F31/><W52/><G52/><T113/><D113/><U114/><E73/><V107/><F107/><W129/><G129/><T4/><REACH who="0" step="1"/><D70/><REACH who="0" ten="257,228,260,245" step="2"/><U108/><E108/><V51/><F76/><W34/><G34/><T115/><D115/><U91/><E114/><V133/><F133/><W7/><G7/><T20/><D20/><N who="1" m="7755" /><E89/><V24/><F121/><W33/><G33/><T8/><D8/><U36/><E36/><AGARI ba="0,1" hai="4,9,14,36,37,38,48,54,59,64,67,98,101,105" machi="36" ten="40,1300,0" yaku="1,1,53,0" doraHai="132" doraHaiUra="104" who="0" fromWho="1" sc="257,23,228,-13,260,0,245,0" /><INIT seed="6,0,0,0,2,38" ten="280,215,260,245" oya="2" hai0="79,102,63,30,135,56,72,50,60,25,97,96,84" hai1="0,113,70,24,5,41,124,11,15,34,83,1,62" hai2="18,7,91,2,31,54,4,46,128,20,106,8,47" hai3="27,37,52,19,36,116,6,86,69,117,23,126,121"/><V119/><F119/><W134/><G69/><T61/><D72/><U59/><E70/><V21/><F106/><W9/><G121/><T49/><D135/><U131/><E113/><V93/><F128/><W87/><G126/><T109/><D109/><U89/><E124/><V103/><F103/><W40/><G134/><T94/><D97/><U127/><E127/><V82/><F82/><W3/><G37/><T81/><REACH who="0" step="1"/><D56/><REACH who="0" ten="270,215,260,245" step="2"/><U58/><E131/><V51/><F2/><W44/><G87/><T108/><D108/><U129/><E129/><V14/><F47/><W95/><G86/><T17/><D17/><U104/><E104/><V66/><F31/><W74/><G74/><T105/><D105/><U55/><E59/><V114/><F114/><W107/><G107/><T73/><D73/><U85/><REACH who="1" step="1"/><E41/><REACH who="1" ten="270,205,260,245" step="2"/><V65/><F65/><W12/><G117/><T101/><D101/><U10/><E10/><V75/><F66/><W42/><G116/><T112/><D112/><U118/><E118/><V99/><F75/><W35/><G40/><T22/><AGARI ba="0,2" hai="22,25,30,49,50,60,61,63,79,81,84,94,96,102" machi="22" ten="30,7900,0" yaku="1,1,0,1,8,1,53,1" doraHai="38" doraHaiUra="76" who="0" fromWho="0" sc="270,99,205,-20,260,-39,245,-20" owari="369,46.9,185,-31.5,221,-17.9,225,2.5" /></mjloggm>