<mjloggm ver="2.3"><GO type="225" lobby="0"/><UN n0="%E3%83%B4%E3%83%A0%EF%BC%99%E3%81%A6" n1="%E3%81%BF%E3%81%BF%E3%81%9A" n2="%28%EF%BF%A3%E2%96%BD%EF%BF%A3%29%CE%B4%E2%8C%92%E3%83%BB" n3="%72%69%6F%75%63%68%61%6E" dan="16,18,17,16" rate="2166.10,2246.76,2277.47,2107.41" sx="M,M,M,M"/><TAIKYOKU oya="0"/><INIT seed="0,0,0,4,2,89" ten="250,250,250,250" oya="0" hai0="62,24,19,31,8,61,16,65,46,1,27,21,50" hai1="127,134,39,109,126,33,18,7,45,57,77,6,84" hai2="40,96,91,25,97,122,101,93,3,5,104,73,100" hai3="135,124,78,67,29,119,20,17,69,105,38,80,12"/><T82/><D82/><N who="1" m="47183" /><E33/><V53/><F73/><W107/><G124/><N who="1" m="47658" /><E109/><V130/><F122/><W60/><G135/><T64/><D1/><U55/><E134/><V79/><F79/><W87/><G119/><T99/><D99/><U110/><E18/><N who="0" m="6697" /><D8/><U113/><E110/><V66/><F130/><W4/><G38/><T88/><D27/><U71/><E71/><V70/><F25/><W28/><REACH who="3" step="1"/><G4/><REACH who="3" ten="250,250,250,240" step="2"/><T2/><D2/><U94/><E113/><V56/><F5/><W49/><G49/><T9/><D9/><U43/><E94/><V47/><F3/><W22/><G22/><T95/><D61/><AGARI ba="0,1" hai="6,7,39,43,45,55,57,61" m="47658,47183" machi="61" ten="30,1000,0" yaku="18,1" doraHai="89" who="1" fromWho="0" sc="250,-10,250,20,250,0,240,0" /><INIT seed="1,0,0,2,2,89" ten="240,270,250,240" oya="1" hai0="69,90,75,115,41,86,45,66,101,125,81,4,14" hai1="12,129,60,131,30,97,88,118,33,17,95,19,73" hai2="3,65,84,87,80,111,27,99,59,124,9,132,135" hai3="122,55,40,121,8,2,114,77,48,94,22,57,13"/><U76/><E118/><V112/><F111/><W128/><G114/><T83/><D115/><U113/><E113/><V126/><F112/><W96/><G128/><N who="1" m="49226" /><E60/><N who="2" m="38047" /><F27/><W23/><G2/><T127/><D101/><U82/><E12/><V93/><F9/><W44/><G77/><T20/><D69/><U24/><AGARI ba="0,0" hai="17,19,24,30,33,73,76,82,88,95,97" m="49226" machi="24" ten="30,6000,0" yaku="19,1,52,1,54,1" doraHai="89" who="1" fromWho="1" sc="240,-20,270,60,250,-20,240,-20" /><INIT seed="1,1,0,2,0,63" ten="220,330,230,220" oya="1" hai0="64,58,70,102,129,86,110,83,52,49,46,8,53" hai1="125,73,85,95,13,126,117,108,123,133,11,23,37" hai2="9,60,65,130,67,88,56,38,55,116,12,61,32" hai3="118,0,96,3,115,28,89,91,119,16,100,109,92"/><U39/><E117/><N who="3" m="44554" /><G109/><T105/><D110/><U81/><E123/><V90/><F32/><W87/><G115/><T112/><D112/><U80/><E108/><V71/><F116/><W20/><G28/><T62/><D129/><U1/><E1/><N who="3" m="586" /><G87/><T132/><D132/><U30/><E133/><V94/><F130/><W59/><G59/><T82/><D8/><U103/><E73/><V36/><F55/><W104/><G104/><T5/><D5/><U7/><E95/><V122/><F122/><W33/><G33/><T17/><D17/><U25/><E103/><V99/><F90/><W128/><G128/><T34/><D34/><U93/><E93/><V107/><F107/><W19/><G19/><AGARI ba="1,0" hai="9,12,19,36,38,56,60,61,65,67,71,88,94,99" machi="19" ten="30,7700,0" yaku="7,1,52,2,54,1" doraHai="63" who="2" fromWho="3" sc="220,0,330,0,230,80,220,-80" /><INIT seed="2,0,0,5,1,59" ten="220,330,310,140" oya="2" hai0="60,76,113,33,5,79,111,72,43,54,83,14,112" hai1="13,80,103,133,123,36,94,100,134,0,50,65,109" hai2="119,47,20,55,62,69,63,99,6,38,22,31,126" hai3="90,85,96,89,21,66,19,34,88,95,70,101,11"/><V108/><F119/><W98/><G34/><T117/><D33/><U41/><E0/><V131/><F69/><W53/><G11/><T42/><D117/><U8/><E36/><V17/><F38/><W127/><G127/><T71/><D111/><U125/><E109/><V73/><F73/><W10/><G10/><T120/><D120/><U128/><E125/><V58/><F6/><W115/><G115/><T106/><D106/><U2/><E2/><V118/><F118/><W116/><G116/><T1/><D1/><U129/><E65/><V130/><F47/><W102/><G53/><T16/><D5/><U27/><E27/><N who="2" m="16871" /><F99/><W86/><G66/><T40/><D76/><U68/><E68/><V45/><F45/><W122/><G70/><T23/><REACH who="0" step="1"/><D54/><REACH who="0" ten="210,330,310,140" step="2"/><U67/><E123/><V35/><F35/><W39/><G122/><T105/><D105/><U29/><E67/><AGARI ba="0,1" hai="14,16,23,40,42,43,60,67,71,72,79,83,112,113" machi="67" ten="40,5200,0" yaku="1,1,52,1,54,1,53,0" doraHai="59" doraHaiUra="46" who="0" fromWho="1" sc="210,62,330,-52,310,0,140,0" /><INIT seed="3,0,0,4,2,32" ten="272,278,310,140" oya="3" hai0="62,84,17,50,10,70,46,75,96,64,37,107,44" hai1="41,132,56,45,124,95,115,48,12,135,49,82,54" hai2="71,2,85,42,131,14,101,94,53,83,126,73,123" hai3="67,40,122,76,109,11,0,97,3,7,72,100,110"/><W59/><G122/><T80/><D75/><U60/><E95/><V98/><F2/><N who="3" m="503" /><G40/><T112/><D112/><U86/><E12/><V51/><F71/><W6/><G6/><T24/><D37/><U22/><E22/><V105/><F123/><W79/><G67/><T61/><D61/><U116/><E115/><V21/><F42/><W65/><G65/><T114/><D114/><U81/><E124/><V19/><F126/><W128/><G59/><T55/><D46/><U58/><E116/><V108/><F73/><W23/><G23/><T99/><D107/><U90/><REACH who="1" step="1"/><E82/><REACH who="1" ten="272,268,310,140" step="2"/><V39/><F83/><N who="3" m="45447" /><G79/><T33/><D33/><U25/><E25/><V63/><F94/><N who="3" m="58423" /><G128/><T117/><D117/><U74/><E74/><V133/><F131/><W102/><G102/><T43/><D24/><U69/><E69/><V119/><F101/><W34/><G34/><T36/><D10/><U93/><E93/><V134/><F119/><W38/><G38/><T26/><D26/><U66/><AGARI ba="0,1" hai="41,45,48,49,54,56,58,60,66,81,86,90,132,135" machi="66" ten="30,2000,0" yaku="1,1,0,1,53,0" doraHai="32" doraHaiUra="1" who="1" fromWho="1" sc="272,-5,268,30,310,-5,140,-10" owari="267,-13.3,298,9.8,305,40.5,130,-37.0" /></mjloggm>