<mjloggm ver="2.3"><GO type="225" lobby="0"/><UN n0="%72%61%6B%33" n1="%E6%9D%B1%E9%A2%A8%E3%81%AE%E3%81%8D%E3%82%83%E3%81%B7%E3%81%95%E3%82%93" n2="%E3%81%A4%E3%81%A3%E3%81%B1%E3%82%8A%E3%83%9D%E3%83%BC%E3%83%AB" n3="%E3%83%96%E3%83%83%E3%83%91%E3%82%AA%E3%83%96%E3%83%81%E3%82%AD%E3%83%B3" dan="16,16,17,17" rate="2140.69,2199.77,2210.41,2202.92" sx="M,M,M,M"/><TAIKYOKU oya="0"/><INIT seed="0,0,0,1,1,74" ten="250,250,250,250" oya="0" hai0="29,67,77,52,55,47,90,51,12,16,53,43,36" hai1="70,22,21,105,44,2,57,94,25,108,98,24,1" hai2="78,15,11,26,96,45,102,124,23,107,42,56,79" hai3="4,112,95,120,132,131,17,122,104,0,99,73,20"/><T8/><D29/><U72/><E72/><V129/><F124/><W28/><G112/><T111/><D111/><U58/><E105/><V5/><F129/><W86/><G73/><T130/><D130/><U97/><E70/><V83/><F56/><W84/><G131/><T35/><D35/><U134/><E94/><V7/><F7/><W59/><G104/><T30/><D30/><U9/><E9/><V3/><F3/><W27/><G132/><T81/><D67/><U41/><E41/><V18/><REACH who="2" step="1"/><F83/><REACH who="2" ten="250,250,240,250" step="2"/><W69/><G69/><T91/><REACH who="0" step="1"/><D36/><AGARI ba="0,1" hai="5,11,15,18,23,26,36,42,45,78,79,96,102,107" machi="36" ten="30,8000,1" yaku="1,1,2,1,7,1,52,2,53,0" doraHai="74" doraHaiUra="61" who="2" fromWho="0" sc="250,-80,250,0,240,90,250,0" /><INIT seed="1,0,0,0,1,45" ten="170,250,330,250" oya="1" hai0="102,85,104,105,38,111,98,48,15,106,0,62,64" hai1="47,12,57,90,49,4,55,43,135,130,82,68,83" hai2="17,59,46,75,40,35,91,100,25,9,67,6,95" hai3="54,18,115,2,10,36,96,70,107,126,80,132,118"/><U53/><E68/><V24/><F75/><W30/><G115/><T112/><D38/><U110/><E135/><V1/><F100/><W50/><G132/><T61/><D0/><U123/><E123/><V28/><F25/><W69/><G126/><T114/><D111/><U120/><E110/><V88/><F17/><W11/><G36/><T5/><D85/><U27/><E120/><V51/><REACH who="2" step="1"/><F95/><REACH who="2" ten="170,250,320,250" step="2"/><W66/><G18/><T101/><D101/><U119/><E119/><V121/><F121/><W108/><G118/><T94/><D94/><U13/><E130/><V125/><F125/><W52/><G108/><T76/><D102/><U109/><E109/><V20/><F20/><W97/><G107/><T133/><D105/><U99/><E27/><V74/><F74/><W29/><G29/><T16/><D106/><U71/><E71/><V22/><F22/><W92/><G30/><T72/><D104/><U19/><E4/><V127/><F127/><W23/><G23/><T77/><D72/><U93/><E12/><V44/><F44/><W84/><G69/><T87/><D15/><U79/><E57/><V60/><AGARI ba="0,1" hai="1,6,9,24,28,35,40,46,51,59,60,67,88,91" machi="60" ten="30,8000,1" yaku="1,1,0,1,52,1,54,1,53,1" doraHai="45" doraHaiUra="39" who="2" fromWho="2" sc="170,-20,250,-40,320,90,250,-20" /><INIT seed="2,0,0,2,1,61" ten="150,210,410,230" oya="2" hai0="10,2,6,14,32,120,112,54,133,12,25,1,92" hai1="100,56,107,66,110,69,115,58,88,99,130,104,39" hai2="17,82,111,27,89,129,52,128,72,122,63,7,41" hai3="15,51,30,26,48,119,118,91,74,20,132,105,108"/><V19/><F122/><W87/><G105/><T75/><D75/><U101/><E39/><V29/><F111/><W77/><G108/><T65/><D54/><U113/><E110/><V71/><F7/><W33/><G132/><T94/><D120/><U47/><E47/><V28/><F41/><W57/><G51/><T16/><D112/><U60/><E130/><N who="2" m="50283" /><F89/><W131/><G131/><T31/><D133/><U40/><E40/><V46/><F46/><W83/><G48/><T106/><D106/><U50/><E88/><V62/><F62/><W86/><G57/><T64/><D12/><U37/><E37/><V18/><F27/><W55/><G55/><T98/><D2/><U21/><E21/><V78/><F71/><W24/><G15/><T84/><D84/><U102/><E50/><V80/><F82/><W53/><G26/><T68/><D68/><U70/><E102/><V5/><F5/><W79/><G24/><T0/><D0/><U95/><E69/><V34/><F34/><W93/><G33/><T85/><D85/><U97/><REACH who="1" step="1"/><E95/><REACH who="1" ten="150,200,410,230" step="2"/><N who="0" m="36393" /><D98/><U35/><E35/><V9/><F9/><W45/><G45/><T103/><D103/><U4/><E4/><V23/><F23/><AGARI ba="0,1" hai="1,6,10,14,16,23,25,31,32,64,65" m="36393" machi="23" ten="30,7700,0" yaku="24,1,52,2,54,1" doraHai="61" who="0" fromWho="2" sc="150,87,200,0,410,-77,230,0" /><INIT seed="3,0,0,0,4,68" ten="237,200,333,230" oya="3" hai0="53,70,17,63,72,131,135,103,95,82,16,97,4" hai1="38,123,78,12,8,106,21,9,84,30,43,0,83" hai2="54,50,15,130,87,32,111,81,126,44,51,37,74" hai3="7,133,36,14,69,49,29,22,67,101,27,98,58"/><W23/><G133/><T75/><D4/><U45/><E123/><V116/><F116/><W64/><G36/><T76/><D135/><U86/><E106/><V71/><F71/><W115/><G115/><T66/><D131/><U20/><E30/><V11/><F74/><W10/><G69/><T42/><D75/><U124/><E124/><V13/><F32/><W56/><G23/><T94/><D53/><U99/><E99/><V105/><F105/><W28/><G28/><T62/><D62/><U6/><REACH who="1" step="1"/><E86/><REACH who="1" ten="237,190,333,230" step="2"/><V129/><F87/><W33/><G33/><T114/><D114/><U79/><E79/><V119/><F126/><W113/><G113/><T52/><D97/><U3/><E3/><V55/><F129/><W46/><G67/><T73/><D73/><U35/><E35/><V108/><F130/><W1/><G64/><T93/><D72/><U18/><AGARI ba="0,1" hai="0,6,8,9,12,18,20,21,38,43,45,78,83,84" machi="18" ten="20,5200,0" yaku="1,1,0,1,7,1,52,1,53,0" doraHai="68" doraHaiUra="122" who="1" fromWho="1" sc="237,-13,190,62,333,-13,230,-26" owari="224,-17.6,252,5.2,320,42.0,204,-29.6" /></mjloggm>