<mjloggm ver="2.3"><GO type="225" lobby="0"/><UN n0="%E3%81%AF%E3%82%88%E3%81%8A%E3%81%98%E3%81%95%E3%82%93" n1="%E3%81%95%E3%81%8D%E3%81%9F%E3%81%BE%E6%9E%97%E6%AA%8E" n2="%E3%83%96%E3%83%83%E3%83%91%E3%82%AA%E3%83%96%E3%83%81%E3%82%AD%E3%83%B3" n3="%E4%B8%8B%E6%AE%B5%E3%83%81%E3%82%A7%E3%83%AA%E3%83%BC" dan="17,16,17,16" rate="2228.85,2105.47,2163.91,2122.74" sx="M,M,M,M"/><TAIKYOKU oya="0"/><INIT seed="0,0,0,1,5,55" ten="250,250,250,250" oya="0" hai0="36,101,69,24,79,95,32,89,76,121,135,100,21" hai1="114,25,116,132,8,61,119,58,0,9,13,26,62" hai2="87,85,67,73,99,20,130,74,60,19,4,90,106" hai3="12,122,28,134,86,125,56,107,3,129,80,44,40"/><T54/><D36/><U66/><E132/><V38/><F38/><W45/><G3/><T29/><D69/><U6/><E114/><V48/><F130/><W18/><G107/><T30/><D121/><U11/><E119/><V47/><F4/><W2/><G2/><T22/><D135/><U1/><E116/><V91/><F106/><W43/><G134/><T53/><D32/><U93/><E93/><V110/><F99/><W71/><G71/><T14/><D14/><U109/><E109/><V103/><F103/><N who="0" m="39498" /><D21/><U49/><E49/><V65/><F110/><W64/><G28/><T112/><D29/><U96/><E96/><V35/><F35/><W82/><G125/><T17/><D30/><U34/><E34/><V41/><F87/><W68/><G68/><T81/><D112/><U94/><E94/><V102/><F91/><N who="3" m="51655" /><G82/><T70/><D70/><U84/><E84/><V46/><F102/><W78/><G78/><N who="0" m="29739" /><D81/><U39/><E39/><V33/><F33/><W23/><G129/><T83/><D83/><U27/><E0/><V111/><F111/><W16/><G18/><T88/><D89/><U123/><E123/><V5/><F90/><W7/><G7/><T115/><D115/><U127/><E127/><V10/><F74/><W113/><G113/><T108/><D108/><U128/><E128/><V72/><F72/><W50/><G122/><T52/><D54/><N who="1" m="34007" /><E1/><V120/><F73/><W117/><G117/><T133/><D133/><U97/><E97/><AGARI ba="0,0" hai="17,22,24,52,53,88,95,97" m="29739,39498" machi="97" ten="30,5800,0" yaku="8,1,54,2" doraHai="55" who="0" fromWho="1" sc="250,58,250,-58,250,0,250,0" /><INIT seed="0,1,0,5,2,42" ten="308,192,250,250" oya="0" hai0="131,72,118,116,123,23,112,104,14,75,47,133,25" hai1="20,30,55,8,43,110,94,99,109,57,54,134,132" hai2="34,92,19,80,32,63,2,5,35,58,101,17,45" hai3="62,41,46,88,18,130,61,86,113,53,128,6,69"/><T96/><D14/><U115/><E115/><V90/><F2/><W121/><G113/><T126/><D112/><U31/><E8/><V78/><F5/><W16/><G6/><T95/><D23/><U119/><E119/><N who="0" m="45609" /><D25/><U122/><E122/><V74/><F101/><W60/><G53/><N who="1" m="19978" /><E57/><V124/><F124/><W11/><G69/><T102/><D47/><U100/><E43/><V108/><F108/><N who="1" m="41577" /><E20/><V44/><F17/><W97/><G97/><N who="0" m="61519" /><D123/><U114/><E114/><V82/><F19/><W59/><G59/><T48/><D48/><U135/><AGARI ba="1,0" hai="30,31,94,99,100,132,134,135" m="41577,19978" machi="135" ten="40,2700,0" yaku="20,1,14,1" doraHai="42" who="1" fromWho="1" sc="308,-14,192,30,250,-8,250,-8" /><INIT seed="1,0,0,1,2,5" ten="294,222,242,242" oya="1" hai0="22,41,88,90,25,35,126,108,113,58,33,48,128" hai1="107,83,92,85,97,75,135,63,40,103,115,125,8" hai2="29,47,104,105,72,114,130,110,61,57,100,19,109" hai3="46,44,99,71,45,81,7,111,21,134,101,4,116"/><U1/><E115/><V55/><F72/><W28/><G71/><T18/><D113/><U13/><E125/><V122/><F114/><W73/><G116/><T120/><D126/><U87/><E135/><V65/><F122/><W23/><G134/><T34/><D120/><U62/><E1/><V112/><F112/><W42/><G42/><T82/><D108/><N who="2" m="41578" /><F130/><W52/><G111/><T56/><D128/><U37/><E37/><V53/><F29/><W106/><G23/><T69/><D69/><U20/><E20/><V67/><F100/><W60/><G81/><T84/><REACH who="0" step="1"/><D90/><REACH who="0" ten="284,222,242,242" step="2"/><N who="1" m="51519" /><E107/><V121/><F121/><W50/><G106/><T132/><D132/><U133/><E133/><V0/><F105/><W14/><G101/><T66/><D66/><U78/><E75/><V9/><F104/><W79/><G73/><T16/><D16/><N who="1" m="8231" /><E40/><V39/><F19/><W77/><G77/><T26/><D26/><U117/><E117/><V119/><F119/><W80/><G79/><T74/><D74/><U59/><E59/><V38/><F57/><W89/><G89/><T54/><D54/><U24/><E24/><V2/><F55/><W12/><G52/><T3/><D3/><U11/><E11/><V31/><F53/><W86/><G46/><AGARI ba="0,1" hai="18,22,25,33,34,35,41,46,48,56,58,82,84,88" machi="46" ten="40,2600,0" yaku="1,1,54,1,53,0" doraHai="5" doraHaiUra="118" who="0" fromWho="3" sc="284,36,222,0,242,0,242,-26" /><INIT seed="2,0,0,2,1,77" ten="320,222,242,216" oya="2" hai0="72,16,122,81,70,89,35,94,53,69,50,1,27" hai1="60,34,132,44,99,48,41,20,116,13,135,0,62" hai2="10,56,107,130,82,18,111,119,30,15,21,23,78" hai3="24,46,125,79,87,127,29,4,110,40,11,2,51"/><V43/><F119/><W96/><G110/><T12/><D1/><U3/><E116/><V120/><F120/><W95/><G79/><T114/><D114/><U37/><E34/><V61/><F130/><W97/><G87/><T121/><D69/><U67/><E37/><V73/><F111/><W113/><G113/><T75/><D70/><U106/><E20/><V38/><F107/><W109/><G109/><T80/><D75/><U49/><E49/><V91/><F30/><W85/><G85/><N who="0" m="52527" /><D72/><U25/><E25/><V36/><F91/><W32/><REACH who="3" step="1"/><G95/><REACH who="3" ten="320,222,242,206" step="2"/><T22/><D122/><U42/><E106/><V105/><F105/><W100/><G100/><T59/><D121/><U5/><E99/><AGARI ba="0,1" hai="2,4,11,24,29,32,40,46,51,96,97,99,125,127" machi="99" ten="40,1300,0" yaku="1,1,53,0" doraHai="77" doraHaiUra="76" who="3" fromWho="1" sc="320,0,222,-13,242,0,206,23" /><INIT seed="3,0,0,1,4,44" ten="320,209,242,229" oya="3" hai0="98,97,30,52,20,35,99,84,106,111,92,112,42" hai1="39,103,29,116,105,133,122,85,107,77,109,4,102" hai2="18,25,48,96,37,6,27,8,45,90,127,104,19" hai3="114,1,113,115,9,75,61,22,123,78,40,134,125"/><W46/><G123/><T31/><D35/><U54/><E39/><V23/><F37/><N who="3" m="21775" /><G22/><T5/><D106/><N who="1" m="40459" /><E4/><V43/><F127/><W67/><G125/><T81/><D111/><U7/><E7/><V11/><F104/><W132/><G9/><N who="2" m="3657" /><F6/><W68/><G1/><T69/><D112/><N who="3" m="28673" /><W49/><DORA hai="32" /><G49/><T76/><D69/><U128/><E29/><N who="0" m="10761" /><D42/><U47/><E122/><V62/><F62/><W28/><G28/><T53/><D5/><U36/><E36/><V131/><F131/><W100/><G100/><N who="1" m="38442" /><E128/><V66/><F66/><W91/><G91/><N who="0" m="55455" /><D20/><U101/><N who="1" m="38450" /><U82/><DORA hai="17" /><E47/><V72/><F19/><W0/><G0/><T70/><D70/><U55/><E109/><V34/><F34/><W135/><G78/><T21/><D21/><U2/><E2/><V63/><F18/><W16/><G16/><T86/><D86/><U10/><E10/><V121/><F23/><W126/><G126/><T110/><D110/><U14/><E14/><V13/><F13/><W79/><G79/><T74/><D74/><AGARI ba="0,0" hai="61,67,68,74,75,132,134,135" m="28673,21775" machi="74" ten="50,4800,0" yaku="20,1,23,1" doraHai="44,32,17" who="3" fromWho="0" sc="320,-48,209,0,242,0,229,48" /><INIT seed="3,1,0,3,0,128" ten="272,209,242,277" oya="3" hai0="73,75,93,127,45,35,3,117,116,15,25,2,46" hai1="59,77,53,34,7,97,43,54,131,78,33,58,57" hai2="50,22,48,49,125,105,109,120,92,14,107,6,32" hai3="70,21,129,74,79,108,60,9,19,84,100,62,134"/><W76/><G129/><T4/><D15/><U91/><E131/><V40/><F32/><W86/><G74/><T16/><D93/><U47/><E7/><V130/><F130/><W27/><G108/><T11/><D2/><U42/><E97/><V95/><F109/><W119/><G119/><T67/><D67/><U122/><E122/><V10/><F40/><N who="1" m="15401" /><E91/><V87/><F120/><W65/><G100/><T104/><D104/><U51/><E51/><N who="2" m="19531" /><F107/><W20/><G9/><T63/><D63/><N who="3" m="24105" /><G65/><T126/><D35/><N who="1" m="13323" /><E47/><V0/><F105/><W132/><G70/><T18/><D3/><U44/><E44/><N who="0" m="17001" /><D4/><U52/><AGARI ba="1,0" hai="52,53,54,57,58,59,77,78" m="13323,15401" machi="52" ten="40,5200,0" yaku="28,2,54,1" doraHai="128" who="1" fromWho="1" sc="272,-14,209,55,242,-14,277,-27" /><INIT seed="4,0,0,1,1,0" ten="258,264,228,250" oya="0" hai0="79,101,111,110,24,20,58,5,47,134,125,99,69" hai1="86,115,78,59,39,122,48,90,67,70,119,60,104" hai2="31,18,117,29,74,87,6,66,10,127,27,123,114" hai3="38,95,75,73,53,68,36,124,81,15,105,35,1"/><T118/><D69/><U45/><E122/><V98/><F74/><N who="3" m="28171" /><G15/><T71/><D71/><U7/><E119/><V8/><F123/><W9/><G53/><T77/><D118/><U93/><E104/><V13/><F117/><W26/><G95/><N who="0" m="58623" /><D125/><U65/><E65/><V28/><F127/><W63/><G81/><T57/><D134/><U76/><E115/><V120/><F120/><W44/><G44/><T107/><D107/><U131/><E131/><V129/><F129/><W11/><G11/><T46/><D110/><U42/><E7/><V82/><F114/><W16/><G16/><N who="0" m="12295" /><D111/><U88/><E90/><V55/><F66/><N who="3" m="41055" /><G105/><T51/><D47/><U108/><E108/><V89/><F98/><W17/><G17/><T33/><D33/><U41/><E41/><V91/><F55/><AGARI ba="0,0" hai="39,42,45,48,55,59,60,67,70,76,78,86,88,93" machi="55" ten="40,5200,0" yaku="24,2,54,1" doraHai="0" who="1" fromWho="2" sc="258,0,264,52,228,-52,250,0" owari="258,5.8,316,41.6,176,-32.4,250,-15.0" /></mjloggm>