<mjloggm ver="2.3"><GO type="225" lobby="0"/><UN n0="%E6%81%A5%E6%99%92%E3%81%97" n1="%E9%80%86%E9%80%A3%E5%B8%AF%E3%81%AE%E9%AC%BC" n2="%E3%83%B4%E3%83%A0%EF%BC%99%E3%81%A6" n3="%65%78%69%73%74%2D%79" dan="16,17,17,16" rate="2081.96,2011.38,2193.95,2088.31" sx="M,M,M,M"/><TAIKYOKU oya="0"/><INIT seed="0,0,0,1,2,57" ten="250,250,250,250" oya="0" hai0="95,68,27,103,23,102,17,13,55,105,21,107,110" hai1="77,1,121,90,6,20,128,89,101,30,106,7,135" hai2="2,80,43,96,129,124,19,24,111,48,85,99,65" hai3="0,66,50,25,115,79,62,109,76,12,92,118,46"/><T133/><D68/><U4/><E121/><V75/><F2/><W114/><G109/><T126/><D110/><U45/><E135/><V74/><F111/><W52/><G118/><T94/><D126/><U83/><E1/><V49/><F129/><W18/><G0/><T58/><D133/><U37/><E128/><V54/><F74/><W91/><G25/><T73/><D73/><U67/><E67/><V93/><F75/><W112/><G92/><T117/><D117/><U123/><E123/><V97/><F65/><W26/><G26/><T69/><D69/><U44/><E101/><N who="0" m="38409" /><D105/><U71/><E106/><V119/><F124/><W14/><G91/><T131/><D107/><U108/><E71/><V32/><F32/><W56/><REACH who="3" step="1"/><G18/><REACH who="3" ten="250,250,250,240" step="2"/><N who="0" m="10447" /><D131/><U42/><E108/><V9/><F93/><W8/><G8/><T64/><D64/><U78/><E90/><V10/><F10/><W28/><G28/><T29/><D29/><U47/><E89/><V40/><F9/><W87/><G87/><T122/><D122/><U70/><E78/><AGARI ba="0,1" hai="12,14,46,50,52,56,62,66,76,78,79,112,114,115" machi="78" ten="40,5200,0" yaku="1,1,52,1,54,1,53,0" doraHai="57" doraHaiUra="88" who="3" fromWho="1" sc="250,0,250,-52,250,0,240,62" /><INIT seed="1,0,0,5,2,50" ten="250,198,250,302" oya="1" hai0="9,90,93,117,122,83,120,74,119,36,13,101,69" hai1="21,105,95,67,7,40,87,19,4,17,45,51,112" hai2="130,49,85,70,64,34,88,118,38,114,113,48,77" hai3="41,128,14,84,134,37,133,62,22,82,5,59,98"/><U26/><E105/><V46/><F34/><W55/><G128/><T107/><D36/><U131/><E131/><V28/><F130/><W80/><G98/><N who="0" m="61879" /><D69/><U53/><E112/><N who="2" m="43115" /><F28/><W100/><G100/><T99/><D13/><U24/><E67/><V79/><F118/><N who="0" m="45066" /><D9/><U15/><E40/><N who="2" m="22807" /><F64/><W66/><G66/><T61/><D61/><U115/><E115/><V39/><F39/><W54/><G41/><T121/><D83/><N who="3" m="31785" /><G37/><T43/><D43/><U102/><E26/><V12/><F12/><W33/><G33/><T20/><D20/><U25/><E25/><V103/><F103/><W6/><G84/><T111/><D111/><U11/><REACH who="1" step="1"/><E87/><REACH who="1" ten="250,188,250,302" step="2"/><V1/><F70/><W127/><G133/><T60/><D74/><U110/><E110/><V81/><F1/><W78/><G134/><T89/><D60/><U125/><E125/><V44/><F79/><W96/><G78/><T42/><D42/><U58/><E58/><V126/><F126/><W92/><G127/><T32/><D32/><U65/><E65/><V106/><F106/><W52/><G5/><T71/><D71/><U97/><AGARI ba="0,1" hai="4,7,11,15,17,19,21,24,45,51,53,95,97,102" machi="97" ten="30,12000,1" yaku="1,1,0,1,8,1,52,1,53,1" doraHai="50" doraHaiUra="91" who="1" fromWho="1" sc="250,-40,188,130,250,-40,302,-40" /><INIT seed="1,1,0,1,0,117" ten="210,318,210,262" oya="1" hai0="77,129,45,52,57,63,31,118,89,116,99,62,41" hai1="55,93,61,28,88,50,83,65,10,46,121,68,71" hai2="44,92,127,9,56,29,106,102,14,64,80,58,18" hai3="54,78,96,53,33,74,128,49,100,87,1,67,47"/><U34/><E121/><V42/><F127/><W20/><G1/><T105/><D129/><U95/><E71/><V32/><F106/><W38/><G33/><T0/><D0/><U107/><E107/><V12/><F32/><W59/><G74/><T108/><D108/><U15/><E34/><V16/><F29/><W101/><G128/><T7/><D77/><U82/><E28/><V3/><F3/><W75/><G75/><T6/><D31/><U2/><E2/><V133/><F133/><W8/><G8/><T135/><D135/><U17/><REACH who="1" step="1"/><E95/><REACH who="1" ten="210,308,210,262" step="2"/><V24/><F92/><N who="3" m="58375" /><G38/><T109/><D105/><U110/><E110/><V43/><F56/><W36/><G36/><T5/><D109/><U98/><AGARI ba="1,1" hai="10,15,17,46,50,55,61,65,68,82,83,88,93,98" machi="98" ten="20,12000,1" yaku="1,1,0,1,7,1,54,1,53,1" doraHai="117" doraHaiUra="84" who="1" fromWho="1" sc="210,-41,308,133,210,-41,262,-41" /><INIT seed="1,2,0,4,0,20" ten="169,441,169,221" oya="1" hai0="82,38,27,122,46,85,70,91,5,28,128,130,3" hai1="49,111,103,29,69,6,118,31,96,36,81,92,10" hai2="104,107,43,134,50,110,21,35,52,83,93,0,19" hai3="119,32,89,47,34,88,115,100,44,75,11,13,22"/><U24/><E118/><V63/><F35/><W7/><G75/><T74/><D70/><U25/><E36/><V66/><F0/><W53/><G115/><T73/><D3/><U121/><E121/><V51/><F110/><W39/><G119/><T86/><D5/><U101/><E69/><V54/><F134/><W99/><G39/><T133/><D133/><U112/><E112/><V48/><F43/><W113/><G113/><T95/><D122/><U77/><E111/><V65/><F83/><W9/><G34/><T23/><D46/><N who="3" m="17449" /><G32/><T33/><D38/><U60/><E60/><V117/><F117/><W98/><G53/><N who="2" m="20585" /><F104/><W120/><G120/><T80/><D80/><U72/><E49/><V59/><F107/><W76/><G76/><N who="0" m="46279" /><D33/><U127/><E127/><V57/><F93/><N who="3" m="58447" /><G9/><T116/><D116/><U78/><E103/><V12/><F63/><W41/><G41/><T87/><D87/><U84/><E77/><V2/><F2/><W62/><G62/><T109/><D109/><U15/><E72/><V129/><F129/><W114/><G114/><T30/><D74/><U26/><AGARI ba="2,0" hai="6,10,15,24,25,26,29,31,78,81,84,92,96,101" machi="26" ten="30,12000,1" yaku="0,1,8,1,52,3" doraHai="20" who="1" fromWho="1" sc="169,-42,441,126,169,-42,221,-42" /><INIT seed="1,3,0,5,3,25" ten="127,567,127,179" oya="1" hai0="84,65,117,58,23,107,108,116,1,29,38,82,120" hai1="130,69,106,72,119,39,42,43,78,22,34,73,113" hai2="49,114,118,94,70,5,30,26,24,53,60,56,36" hai3="28,121,77,86,129,92,112,50,7,95,48,11,57"/><U101/><E22/><V109/><F118/><W98/><G129/><T3/><D107/><U133/><E43/><V76/><F109/><W79/><G112/><T74/><D74/><U41/><E41/><V13/><F114/><W31/><G121/><T111/><D38/><U18/><E18/><V105/><F105/><W66/><G7/><T15/><D65/><U115/><E78/><N who="3" m="29706" /><G11/><T20/><D58/><U8/><E8/><V102/><F76/><W2/><G2/><N who="0" m="523" /><D120/><U47/><E119/><N who="0" m="45641" /><D84/><U40/><E40/><V88/><F102/><N who="3" m="60743" /><G50/><T125/><D82/><U46/><E115/><V128/><F128/><W19/><G19/><N who="0" m="10367" /><D125/><U55/><E113/><V134/><F36/><W90/><G48/><T51/><D51/><U135/><E69/><V68/><F68/><W87/><G87/><T91/><D91/><U89/><E73/><V63/><F70/><W124/><G124/><T80/><D80/><U9/><E72/><V71/><F71/><W10/><G10/><T99/><D99/><U123/><E89/><V61/><F49/><W35/><G35/><T103/><D103/><U67/><E123/><V12/><F88/><W93/><G95/><T62/><D62/><AGARI ba="3,0" hai="28,31,57,62,66,86,90,93" m="60743,29706" machi="62" ten="30,3900,0" yaku="8,1,52,2" doraHai="25" who="3" fromWho="0" sc="127,-48,567,0,127,0,179,48" /><INIT seed="2,0,0,4,4,49" ten="79,567,127,227" oya="2" hai0="117,99,7,68,128,87,35,93,66,125,77,5,24" hai1="91,130,10,74,70,11,124,63,111,69,107,32,98" hai2="2,1,105,43,40,115,8,20,18,16,118,53,33" hai3="4,78,108,50,52,126,71,131,104,134,127,44,29"/><V101/><F118/><W79/><G104/><T34/><D117/><U97/><E74/><V58/><F115/><W59/><G4/><T56/><D68/><U95/><E32/><V30/><F18/><W37/><G29/><T48/><D125/><N who="3" m="47625" /><G108/><T114/><D114/><U28/><E130/><V65/><F65/><W57/><G71/><T61/><D128/><U89/><E28/><V51/><F101/><W94/><G131/><T122/><D122/><U88/><E111/><V83/><F83/><W80/><G134/><T62/><D34/><U113/><E113/><V6/><F1/><W67/><G94/><T102/><D62/><U12/><E124/><V96/><F96/><W31/><G31/><T60/><D35/><U13/><E107/><V15/><F105/><W90/><G37/><T38/><D38/><U120/><E95/><V17/><F17/><W22/><G22/><T3/><D24/><AGARI ba="0,0" hai="2,6,8,15,16,20,24,30,33,40,43,51,53,58" machi="24" ten="40,12000,1" yaku="24,2,52,1,54,1" doraHai="49" who="2" fromWho="0" sc="79,-120,567,0,127,120,227,0" owari="-41,-54.1,567,66.7,247,4.7,227,-17.3" /></mjloggm>