<mjloggm ver="2.3"><GO type="225" lobby="0"/><UN n0="%77%72%77%72%77%72%77%72" n1="%E3%81%AF%E3%82%88%E3%81%8A%E3%81%98%E3%81%95%E3%82%93" n2="%E7%99%BD%E5%80%89%E5%AF%9B%E4%B9%8B" n3="%E4%BF%BA%E3%81%A8%E5%A6%96%E5%A4%A2" dan="16,17,16,16" rate="2116.35,2142.64,2147.82,2146.28" sx="M,M,M,F"/><TAIKYOKU oya="0"/><INIT seed="0,0,0,1,0,21" ten="250,250,250,250" oya="0" hai0="132,55,51,91,45,67,127,110,70,92,1,36,41" hai1="5,26,61,122,130,52,8,56,78,33,87,80,32" hai2="125,131,6,121,96,57,105,11,29,53,49,120,76" hai3="123,48,74,103,134,10,112,119,43,114,19,38,40"/><T30/><D1/><U22/><E130/><V77/><F131/><W93/><G119/><T0/><D0/><U34/><E122/><V73/><F125/><W2/><G38/><T128/><D128/><U106/><E106/><V20/><F105/><W72/><G123/><T12/><D127/><U35/><E35/><V126/><F126/><W46/><G2/><T88/><D132/><U86/><E8/><V18/><F29/><W39/><G39/><T58/><D110/><U44/><E44/><V101/><F73/><W63/><G63/><N who="0" m="40319" /><D30/><U60/><E5/><V9/><F121/><W17/><G10/><T83/><D83/><U107/><E107/><V24/><F120/><W62/><G62/><T116/><D116/><U28/><REACH who="1" step="1"/><E61/><REACH who="1" ten="250,240,250,250" step="2"/><V25/><F6/><W15/><G46/><T37/><D37/><U13/><E13/><V124/><F124/><W7/><G15/><T97/><D12/><U111/><E111/><V23/><F9/><W85/><G7/><T129/><D129/><U3/><E3/><V99/><F11/><W100/><G134/><T64/><D64/><U82/><E82/><V95/><F23/><W117/><G117/><T113/><D113/><U66/><E66/><V108/><F108/><W59/><G114/><T71/><D71/><U16/><E16/><V90/><F25/><W75/><G112/><T135/><D135/><U109/><E109/><V104/><AGARI ba="0,1" hai="18,20,24,49,53,57,76,77,90,95,96,99,101,104" machi="104" ten="20,2700,0" yaku="0,1,7,1,52,1" doraHai="21" who="2" fromWho="2" sc="250,-13,240,-7,250,37,250,-7" /><INIT seed="1,0,0,0,5,47" ten="237,233,287,243" oya="1" hai0="26,79,94,0,85,42,117,112,75,19,7,86,14" hai1="59,135,93,32,124,62,122,9,8,83,100,40,57" hai2="72,38,36,90,15,105,43,56,133,17,35,71,74" hai3="31,69,3,110,51,106,68,87,111,134,1,99,33"/><U46/><E122/><V22/><F71/><N who="3" m="27211" /><G87/><T77/><D117/><U115/><E115/><V125/><F105/><W70/><N who="3" m="27219" /><W5/><DORA hai="64" /><G134/><T66/><D0/><N who="3" m="73" /><G5/><T24/><D75/><U41/><E32/><V55/><F35/><W49/><G33/><T23/><D66/><U73/><E135/><V126/><F133/><W109/><G31/><T121/><D121/><U20/><E73/><N who="2" m="28267" /><F90/><W89/><G89/><N who="0" m="53551" /><D112/><U82/><E20/><V76/><F43/><W54/><G54/><T104/><D104/><U132/><E132/><V81/><F81/><W80/><G80/><N who="0" m="47375" /><D79/><U61/><E93/><V113/><F76/><W53/><G53/><T45/><D7/><U65/><E65/><V12/><F113/><W116/><G116/><T21/><D21/><U34/><E34/><V120/><F120/><W130/><G130/><T91/><D91/><U84/><E84/><V6/><F6/><W27/><G27/><T108/><D26/><U97/><E97/><V129/><F129/><W48/><G106/><T25/><D24/><U88/><E88/><V4/><F4/><W50/><N who="3" m="12288" /><DORA hai="52" /><W58/><G58/><T16/><D25/><U13/><E59/><V101/><F56/><W114/><G114/><T127/><D23/><U11/><E57/><V44/><F55/><W102/><G99/><T107/><D107/><U103/><E83/><V29/><F29/><W118/><G118/><T96/><D96/><U60/><E82/><V18/><F22/><W28/><G28/><T123/><D123/><U119/><E119/><V95/><F95/><W39/><G39/><RYUUKYOKU ba="0,0" sc="237,-10,233,-10,287,-10,243,30" hai3="102,109,110,111" /><INIT seed="2,1,0,1,0,109" ten="227,223,277,273" oya="2" hai0="63,13,83,81,14,17,75,2,55,129,130,32,56" hai1="33,53,132,103,82,70,123,107,116,114,52,5,38" hai2="120,51,62,24,20,29,84,8,128,16,39,36,3" hai3="57,34,97,28,12,127,22,69,68,100,135,73,86"/><V35/><F128/><N who="0" m="49258" /><D2/><U118/><E114/><V0/><F120/><W102/><G73/><T122/><D122/><U9/><E123/><V50/><F84/><W47/><G34/><T19/><D32/><U111/><E33/><V105/><F62/><W7/><G135/><T121/><D121/><U133/><E38/><N who="2" m="14379" /><F0/><W30/><G127/><T108/><D108/><U11/><E111/><V26/><F26/><W104/><G100/><T93/><D93/><U72/><E70/><V1/><F1/><W48/><G57/><T98/><D98/><N who="1" m="61943" /><E82/><V59/><F59/><W119/><G119/><N who="1" m="45610" /><E72/><V92/><F92/><W78/><G78/><T110/><D75/><U87/><E87/><V4/><F105/><W23/><G86/><T131/><N who="0" m="49266" /><T31/><DORA hai="71" /><D31/><U58/><E58/><V43/><F43/><W112/><G112/><T113/><D113/><U46/><E46/><V79/><F79/><W10/><G69/><T96/><D96/><U45/><E45/><V94/><F94/><W125/><G68/><T67/><D55/><N who="1" m="21067" /><E5/><V49/><F49/><W65/><G30/><T99/><D99/><U21/><E133/><V115/><F115/><W74/><G74/><T106/><D106/><U42/><E42/><V15/><AGARI ba="1,0" hai="3,4,8,15,16,20,24,29,35,50,51" m="14379" machi="15" ten="30,12000,1" yaku="24,1,52,3,54,1" doraHai="109,71" who="2" fromWho="2" sc="227,-41,223,-41,277,123,273,-41" /><INIT seed="2,2,0,2,0,128" ten="186,182,400,232" oya="2" hai0="87,60,80,48,112,85,8,135,119,63,53,57,82" hai1="98,22,133,96,95,19,79,93,89,35,51,37,50" hai2="64,117,132,109,25,34,105,56,120,70,1,2,16" hai3="9,14,7,10,30,11,44,42,17,86,68,13,91"/><V15/><F105/><W38/><G68/><T130/><D135/><U46/><E35/><V18/><F70/><W69/><G69/><T100/><D130/><U12/><E79/><V4/><F117/><W77/><G77/><T62/><D112/><U52/><E37/><V76/><F76/><W134/><G30/><T125/><D125/><U97/><E133/><V121/><F56/><W66/><G66/><T92/><D119/><U67/><E67/><V116/><F64/><W108/><G108/><T65/><D65/><U45/><E95/><V6/><F116/><W47/><G47/><T23/><D8/><U55/><AGARI ba="2,0" hai="12,19,22,45,46,50,51,52,55,89,93,96,97,98" machi="55" ten="20,8000,1" yaku="0,1,7,1,9,1,8,1,54,1" doraHai="128" who="1" fromWho="1" sc="186,-22,182,86,400,-42,232,-22" /><INIT seed="3,0,0,4,3,32" ten="164,268,358,210" oya="3" hai0="100,114,24,37,89,35,117,23,50,47,69,63,36" hai1="21,98,103,125,26,58,73,112,14,25,2,67,113" hai2="130,123,1,19,104,40,119,70,128,8,135,84,3" hai3="85,88,43,65,42,59,57,15,68,111,93,53,77"/><W79/><G68/><T22/><D117/><U45/><E2/><V105/><F70/><W87/><G111/><T102/><D114/><U124/><E73/><V121/><F119/><W118/><G118/><T80/><D35/><U134/><E134/><V20/><F40/><W96/><G65/><T95/><D80/><U106/><E45/><V82/><F135/><W54/><G15/><T91/><D69/><U86/><E86/><N who="3" m="32778" /><G57/><T66/><D66/><U62/><E26/><N who="2" m="14623" /><F8/><W27/><G27/><T16/><D63/><U56/><E56/><V133/><F133/><W29/><G29/><T55/><D89/><U12/><E12/><V116/><F116/><W46/><G46/><T76/><D76/><N who="3" m="29257" /><G54/><T18/><D37/><U78/><E78/><N who="2" m="46167" /><F1/><W11/><G11/><T110/><D36/><U94/><E14/><V132/><F3/><W48/><AGARI ba="0,0" hai="42,43,48,53,59,88,93,96" m="29257,32778" machi="48" ten="30,3000,0" yaku="8,1,54,1" doraHai="32" who="3" fromWho="3" sc="164,-10,268,-10,358,-10,210,30" /><INIT seed="3,1,0,0,3,113" ten="154,258,348,240" oya="3" hai0="99,61,54,59,46,21,14,20,78,12,58,86,106" hai1="55,123,17,121,62,81,75,114,47,116,35,19,37" hai2="34,24,80,18,43,48,112,105,42,101,68,72,52" hai3="96,67,28,125,63,89,79,40,135,120,1,3,65"/><W129/><G120/><T71/><D71/><U22/><E35/><V11/><F68/><W132/><G79/><T128/><D128/><U107/><E107/><V4/><F112/><W0/><G129/><T92/><D106/><U104/><E104/><V30/><F18/><W93/><G125/><T103/><D46/><U16/><E22/><V90/><F101/><W87/><G40/><T6/><D6/><U66/><E114/><V76/><F90/><W83/><G28/><T127/><D127/><U10/><E10/><V45/><F105/><W109/><G109/><T32/><D32/><U38/><E116/><V108/><F108/><W126/><G126/><T124/><D124/><U82/><E55/><V56/><F56/><W122/><G122/><T50/><D21/><U15/><E15/><AGARI ba="1,0" hai="4,11,15,24,30,34,42,43,45,48,52,72,76,80" machi="15" ten="30,2000,0" yaku="7,1,54,1" doraHai="113" who="2" fromWho="1" sc="154,0,258,-23,348,23,240,0" owari="154,-34.6,235,-16.5,371,47.1,240,4.0" /></mjloggm>