<mjloggm ver="2.3"><GO type="225" lobby="0"/><UN n0="%E3%82%A2%E3%83%9E%E3%83%9D%EF%BD%9E%EF%BD%9E%E3%83%A9" n1="%E3%81%95%E3%81%8D%E3%81%9F%E3%81%BE%E6%9E%97%E6%AA%8E" n2="%E3%83%81%E3%83%83%E3%82%BF%E3%82%BD%E3%83%BC" n3="%E3%82%BC%E3%83%AB%E3%83%80%E3%81%AE%E4%BC%9D%E8%AA%AC" dan="17,16,17,17" rate="2073.38,2101.54,2207.12,2149.92" sx="M,M,F,M"/><TAIKYOKU oya="0"/><INIT seed="0,0,0,2,3,108" ten="250,250,250,250" oya="0" hai0="38,131,84,110,19,29,97,107,70,60,67,17,31" hai1="73,24,123,92,77,22,75,132,78,94,42,87,13" hai2="103,105,128,55,53,115,1,109,79,127,112,104,111" hai3="8,129,34,126,18,5,117,30,7,114,71,28,27"/><T32/><D110/><N who="2" m="41994" /><F1/><W96/><G71/><T62/><D131/><U106/><E42/><V100/><F79/><W93/><G117/><T59/><D38/><U120/><E13/><V133/><F128/><W44/><G129/><T116/><D116/><U98/><E22/><V64/><F64/><W16/><G114/><N who="2" m="43561" /><F133/><W4/><G126/><T0/><D0/><U41/><E41/><V33/><F33/><W72/><G72/><T25/><D31/><U50/><E132/><V90/><F90/><W11/><G30/><T39/><D39/><U56/><E78/><V20/><F20/><W135/><G135/><T130/><D130/><U124/><E124/><V40/><F40/><W15/><G11/><T49/><D49/><U85/><E50/><V61/><F127/><W23/><G34/><T74/><D74/><U95/><E77/><V63/><F63/><W134/><G134/><T26/><D62/><U10/><E10/><V83/><F83/><W119/><G119/><T52/><D60/><U3/><E3/><V51/><F61/><W122/><G122/><T102/><D67/><U125/><E125/><V36/><F36/><W86/><G8/><T76/><D76/><U48/><E75/><V121/><F121/><W45/><G23/><T14/><D32/><U35/><E35/><V101/><F55/><W9/><G9/><T91/><D52/><U89/><E73/><V2/><F2/><W47/><G7/><T88/><D91/><U21/><E89/><V54/><F53/><W66/><G5/><T57/><D88/><N who="1" m="53263" /><E123/><V82/><F82/><W81/><G81/><RYUUKYOKU ba="0,0" sc="250,-10,250,-10,250,30,250,-10" hai2="51,54,100,101,103,104,105" /><INIT seed="1,1,0,2,3,87" ten="240,240,280,240" oya="1" hai0="97,84,101,79,67,104,102,130,89,46,47,116,95" hai1="66,110,21,19,59,85,106,96,14,80,75,78,55" hai2="71,72,125,11,17,6,73,52,86,117,63,108,56" hai3="51,42,81,0,128,29,113,8,48,13,26,65,30"/><U57/><E75/><V4/><F117/><W44/><G113/><T16/><D116/><U24/><E110/><V98/><F125/><W45/><G128/><T60/><D130/><U92/><E106/><V38/><F38/><W15/><G0/><T83/><D16/><N who="1" m="12327" /><E66/><V35/><F35/><W31/><G65/><T118/><D118/><U69/><E69/><V64/><F108/><W90/><G26/><T5/><D5/><U135/><E55/><V3/><F4/><W76/><G8/><T82/><D82/><U43/><E43/><V10/><F98/><W62/><G62/><T119/><D102/><N who="1" m="60679" /><E135/><V41/><F41/><W32/><G32/><T120/><D120/><U54/><E54/><V61/><REACH who="2" step="1"/><F86/><REACH who="2" ten="240,240,270,240" step="2"/><W88/><G42/><T49/><D119/><U12/><E12/><AGARI ba="1,1" hai="3,6,10,11,12,17,52,56,61,63,64,71,72,73" machi="12" ten="40,8000,1" yaku="1,1,2,1,54,1,53,2" doraHai="87" doraHaiUra="7" who="2" fromWho="1" sc="240,0,240,-83,270,93,240,0" /><INIT seed="2,0,0,3,1,97" ten="240,157,363,240" oya="2" hai0="134,73,95,92,16,74,1,110,9,120,32,5,79" hai1="35,33,43,11,127,106,91,29,38,46,84,8,70" hai2="49,67,123,102,50,105,20,65,113,42,58,30,80" hai3="130,94,28,108,56,55,101,27,72,44,69,85,126"/><V131/><F123/><W135/><G72/><T53/><D120/><U61/><E127/><V7/><F131/><W36/><G69/><T62/><D32/><U100/><E35/><V66/><F113/><W71/><G71/><T4/><D4/><U10/><E10/><V23/><F7/><W78/><G130/><T57/><D110/><U51/><E38/><V82/><F42/><W118/><G118/><T116/><D134/><U132/><E132/><V122/><F122/><W125/><G135/><T107/><D107/><U64/><E91/><V25/><F20/><W40/><G108/><T60/><D116/><U115/><E84/><V34/><F34/><W39/><G39/><T2/><D2/><U77/><E77/><V124/><F124/><N who="3" m="47723" /><G78/><T52/><D16/><U76/><E76/><V26/><F26/><W103/><G94/><T63/><D79/><U18/><E18/><V6/><F6/><W41/><G41/><T19/><D19/><U59/><E59/><V93/><F105/><W99/><G99/><T22/><D22/><U83/><E83/><N who="2" m="31787" /><F58/><W45/><G85/><T133/><D133/><U117/><E117/><V12/><F12/><W17/><G17/><T111/><D111/><U98/><E115/><V75/><F75/><N who="0" m="28682" /><D57/><U87/><E87/><V86/><F86/><W48/><G56/><T47/><D47/><U0/><E0/><V24/><F24/><AGARI ba="0,0" hai="8,11,24,29,33,43,46,51,61,64,70,98,100,106" machi="24" ten="40,5200,0" yaku="25,2,52,1" doraHai="97" who="1" fromWho="2" sc="240,0,157,52,363,-52,240,0" /><INIT seed="3,0,0,4,1,114" ten="240,209,311,240" oya="3" hai0="95,69,31,105,55,86,124,22,129,42,32,99,29" hai1="77,54,28,7,23,27,104,111,73,89,30,71,57" hai2="67,83,133,92,96,101,38,14,93,120,18,49,51" hai3="135,117,8,58,98,47,4,112,26,119,65,25,100"/><W46/><G112/><T66/><D124/><U87/><E71/><V62/><F133/><W84/><G135/><T11/><D129/><U113/><E113/><V19/><F120/><W132/><G132/><T131/><D131/><U102/><E111/><V59/><F38/><W78/><G47/><T9/><D42/><U97/><E7/><V106/><F83/><W134/><G134/><T91/><D55/><U75/><E28/><V43/><F19/><W20/><G46/><T53/><D53/><U50/><E50/><BYE who="1" /><V10/><F43/><W5/><G84/><T68/><D22/><U103/><E103/><V56/><F49/><W110/><G78/><T72/><D31/><U64/><E64/><V15/><F15/><UN n1="%E3%81%95%E3%81%8D%E3%81%9F%E3%81%BE%E6%9E%97%E6%AA%8E" /><W13/><G5/><T1/><D1/><U76/><E75/><V74/><F74/><W33/><G25/><N who="0" m="18479" /><D69/><U109/><E73/><V125/><F125/><W121/><G33/><T48/><D48/><U17/><E30/><V45/><F45/><W60/><G110/><T123/><D123/><U44/><E44/><V40/><F40/><W2/><G2/><T24/><D24/><U80/><REACH who="1" step="1"/><E109/><REACH who="1" ten="240,199,311,240" step="2"/><V0/><F0/><W21/><G121/><T37/><D72/><U107/><E107/><V122/><F122/><W94/><G65/><T35/><D66/><U79/><E79/><V63/><F51/><W52/><G100/><T39/><D68/><U88/><E88/><V108/><F108/><W118/><G4/><T116/><D91/><U12/><E12/><V3/><F3/><W34/><G13/><T36/><D105/><U130/><E130/><RYUUKYOKU ba="0,1" sc="240,-15,199,15,311,15,240,-15" hai1="17,23,27,54,57,76,77,80,87,89,97,102,104" hai2="10,14,18,56,59,62,63,67,92,93,96,101,106" owari="225,2.5,214,-28.6,336,43.6,225,-17.5" /></mjloggm>