<mjloggm ver="2.3"><GO type="225" lobby="0"/><UN n0="%E3%83%96%E3%83%83%E3%83%91%E3%82%AA%E3%83%96%E3%83%81%E3%82%AD%E3%83%B3" n1="%E3%81%AF%E3%82%88%E3%81%8A%E3%81%98%E3%81%95%E3%82%93" n2="%E3%83%A9%E3%83%BC%E3%83%A1%E3%83%B3%E4%BA%94%E9%83%8E" n3="%E3%81%90%E3%81%A1%E3%82%84%E3%81%BE" dan="16,17,16,16" rate="2148.34,2151.23,2106.59,2127.62" sx="M,M,M,M"/><TAIKYOKU oya="0"/><INIT seed="0,0,0,5,0,60" ten="250,250,250,250" oya="0" hai0="67,25,90,112,96,36,64,35,94,127,30,95,102" hai1="70,108,55,73,133,98,91,0,10,63,3,1,44" hai2="21,124,131,75,100,134,81,83,24,68,109,104,4" hai3="54,88,120,116,20,31,16,128,99,85,45,118,48"/><T42/><D112/><U78/><E108/><V41/><F68/><W121/><G128/><T105/><D127/><U82/><E133/><V43/><F109/><W5/><G5/><T34/><D34/><U39/><E91/><V125/><F131/><W74/><G31/><T11/><D11/><U79/><E98/><N who="2" m="61463" /><F4/><W46/><G74/><T52/><D52/><U76/><E79/><N who="2" m="44287" /><F83/><N who="3" m="49215" /><G99/><T57/><D57/><U117/><E76/><V22/><F134/><W32/><G46/><T29/><D29/><U37/><E117/><V58/><F58/><W89/><G89/><T28/><D28/><U77/><E78/><V62/><F62/><W12/><G32/><T87/><REACH who="0" step="1"/><D105/><REACH who="0" ten="240,250,250,250" step="2"/><U50/><E10/><V122/><F122/><AGARI ba="0,1" hai="12,16,20,45,48,54,116,118,120,121,122" m="49215" machi="122" ten="30,3900,0" yaku="13,1,54,2" doraHai="60" who="3" fromWho="2" sc="240,0,250,0,250,-39,250,49" /><INIT seed="1,0,0,3,0,116" ten="240,250,211,299" oya="1" hai0="98,35,26,84,3,38,61,49,103,36,127,123,43" hai1="110,28,121,29,124,10,24,134,16,34,0,94,4" hai2="128,95,30,69,39,23,91,107,126,115,79,114,20" hai3="47,17,93,80,62,42,57,37,88,108,5,27,113"/><U44/><E94/><V15/><F39/><W86/><G108/><T40/><D3/><U109/><E44/><V33/><F69/><W100/><G113/><N who="2" m="43017" /><F107/><W56/><G5/><T135/><D84/><U13/><E29/><V92/><F126/><W21/><G100/><T104/><D127/><U125/><E134/><V11/><F128/><W7/><G7/><T99/><D135/><U118/><E118/><V19/><F79/><W59/><REACH who="3" step="1"/><G93/><REACH who="3" ten="240,250,211,289" step="2"/><N who="2" m="35913" /><F91/><W74/><G74/><T111/><D103/><U64/><E121/><V6/><F6/><W73/><G73/><T75/><D111/><N who="1" m="42507" /><E64/><AGARI ba="0,1" hai="17,21,27,37,42,47,56,57,59,62,64,80,86,88" machi="64" ten="30,7700,0" yaku="1,1,7,1,54,1,53,1" doraHai="116" doraHaiUra="14" who="3" fromWho="1" sc="240,0,250,-77,211,0,289,87" /><INIT seed="2,0,0,5,2,96" ten="240,173,211,376" oya="2" hai0="61,124,89,2,116,21,59,94,41,128,83,135,97" hai1="24,46,44,92,16,12,53,123,109,11,121,132,87" hai2="55,95,62,125,71,107,38,45,129,60,100,82,6" hai3="66,14,126,93,118,48,0,106,67,80,20,5,101"/><V131/><F107/><W112/><G118/><T86/><D116/><U3/><E109/><V88/><F125/><W133/><G106/><T52/><D124/><U78/><E132/><V34/><F34/><W40/><G126/><T22/><D135/><U117/><E117/><V26/><F26/><W108/><G133/><T99/><D128/><N who="2" m="49226" /><F6/><W72/><G0/><T74/><D2/><U10/><E24/><V37/><F82/><W105/><G105/><T32/><D32/><U70/><E70/><V76/><F76/><W110/><G112/><T122/><D122/><N who="1" m="46603" /><E53/><V81/><F81/><W58/><G80/><T25/><D41/><U130/><E130/><V84/><F100/><W64/><G72/><T134/><D134/><U98/><E87/><V104/><F104/><W23/><G101/><T114/><D114/><U69/><E69/><V27/><F27/><W8/><G93/><T1/><D1/><U115/><E78/><V47/><F71/><W68/><G68/><T29/><REACH who="0" step="1"/><D22/><REACH who="0" ten="230,173,211,376" step="2"/><U91/><E115/><V31/><F31/><W127/><G127/><T57/><D57/><U36/><E36/><N who="2" m="13931" /><F45/><N who="1" m="17513" /><E3/><V35/><F35/><W9/><G108/><T28/><D28/><U13/><E13/><V50/><AGARI ba="0,1" hai="47,50,55,60,62,84,88,95" m="13931,49226" machi="50" ten="40,3900,0" yaku="19,1,54,1" doraHai="96" who="2" fromWho="2" sc="230,-13,173,-13,211,49,376,-13" /><INIT seed="2,1,0,5,2,56" ten="217,160,260,363" oya="2" hai0="7,121,60,58,103,51,52,53,33,81,70,49,133" hai1="98,23,116,54,31,47,135,68,57,45,122,38,107" hai2="92,50,11,72,90,129,35,105,25,111,61,36,22" hai3="24,63,15,19,42,10,112,13,131,34,102,71,1"/><V66/><F72/><W27/><G131/><T114/><D121/><U100/><E116/><V78/><F36/><W76/><G1/><T6/><D114/><U134/><E68/><V123/><F123/><W120/><G120/><T126/><D33/><U21/><E122/><V67/><F105/><W32/><G42/><T62/><D126/><U94/><E107/><V65/><F35/><W97/><G76/><T12/><D133/><U115/><E115/><V9/><F129/><W118/><G118/><T69/><D103/><U89/><E100/><V77/><F111/><W73/><G73/><T127/><D127/><U18/><E31/><N who="2" m="17847" /><F50/><W4/><G112/><T91/><D70/><U55/><E23/><V26/><F26/><W104/><G34/><T83/><D69/><U113/><E113/><V74/><F61/><N who="0" m="23658" /><D91/><U85/><E38/><V28/><F74/><W95/><G104/><T29/><D29/><U3/><E3/><V82/><F28/><W130/><G32/><T109/><D109/><U80/><E134/><V2/><F2/><W48/><G130/><T93/><D93/><U59/><E135/><V30/><F30/><W99/><G71/><T17/><D83/><U117/><E117/><V79/><F82/><W110/><G110/><T119/><D81/><U20/><E80/><V8/><F92/><W39/><G95/><T37/><D37/><U0/><E0/><V44/><F90/><W46/><G39/><T125/><D125/><U101/><E89/><V124/><F124/><W14/><G102/><T132/><D119/><U96/><E101/><V75/><F75/><RYUUKYOKU ba="1,0" sc="217,-10,160,-10,260,30,363,-10" hai2="8,9,11,44,65,66,67,77,78,79" /><INIT seed="2,2,0,3,3,57" ten="207,150,290,353" oya="2" hai0="3,73,23,0,49,126,25,116,13,135,130,37,70" hai1="113,72,27,93,42,71,83,102,118,84,7,38,97" hai2="54,76,106,80,105,8,11,10,99,55,19,34,107" hai3="35,122,47,62,85,128,29,17,9,6,100,28,108"/><V46/><F34/><W90/><G122/><T32/><RYUUKYOKU type="yao9" ba="2,0" sc="207,0,150,0,290,0,353,0" hai0="0,3,13,23,25,32,37,49,70,73,116,126,130,135" /><INIT seed="2,3,0,3,2,30" ten="207,150,290,353" oya="2" hai0="53,26,108,93,50,95,24,82,39,40,25,8,0" hai1="20,64,44,105,61,128,35,16,32,14,38,74,103" hai2="42,15,63,91,58,122,5,60,81,69,100,33,41" hai3="102,126,90,28,106,98,62,27,12,120,110,55,59"/><V89/><F122/><W94/><G110/><T92/><D108/><U88/><E74/><V22/><F69/><W104/><G126/><T68/><D68/><U121/><E121/><V57/><F100/><W10/><G120/><T2/><D8/><U65/><E65/><N who="2" m="39055" /><F33/><W29/><G102/><T118/><D118/><U9/><E128/><V134/><F134/><W67/><G67/><T131/><D131/><U51/><E38/><V23/><F5/><W6/><G29/><T17/><D17/><U127/><E127/><V117/><F117/><W123/><G123/><T111/><D111/><U124/><E124/><V101/><F101/><W1/><G1/><T112/><D112/><U79/><E79/><V115/><F115/><W76/><G76/><T87/><D40/><N who="2" m="15466" /><F81/><W21/><AGARI ba="3,0" hai="6,10,12,21,27,28,55,59,62,90,94,98,104,106" machi="21" ten="20,1500,0" yaku="0,1,7,1" doraHai="30" who="3" fromWho="3" sc="207,-7,150,-7,290,-10,353,24" /><INIT seed="3,0,0,1,3,25" ten="200,143,280,377" oya="3" hai0="91,60,110,4,86,72,117,43,57,47,81,121,122" hai1="113,97,62,30,58,90,89,46,50,41,125,1,76" hai2="82,68,92,12,37,80,96,52,133,28,17,36,112" hai3="83,124,13,59,20,34,55,95,131,93,84,104,134"/><W108/><G34/><T35/><D117/><U111/><E113/><V49/><F68/><W109/><G104/><T61/><D110/><N who="3" m="42601" /><G131/><T127/><D127/><U15/><E111/><V8/><F133/><W64/><G64/><T88/><D35/><U103/><E125/><V132/><F36/><W42/><G42/><T79/><D4/><U107/><E1/><V115/><F37/><W100/><G100/><T75/><D61/><U135/><E135/><V6/><F80/><W51/><G134/><T26/><D26/><U114/><E114/><V5/><F17/><N who="3" m="10287" /><G124/><T9/><D43/><U44/><E76/><AGARI ba="0,0" hai="51,55,59,76,83,84,93,95" m="10287,42601" machi="76" ten="30,2900,0" yaku="14,1,10,1" doraHai="25" who="3" fromWho="1" sc="200,0,143,-29,280,0,377,29" owari="200,-20.0,114,-38.6,280,8.0,406,50.6" /></mjloggm>