<mjloggm ver="2.3"><GO type="225" lobby="0"/><UN n0="%73%79%75%70%6F%6E" n1="%E9%A6%AC%E5%BC%95%E7%81%AB%33" n2="%E7%89%B9%E6%9D%B1%E3%81%AF%E4%B8%96%E7%95%8C%E3%82%92%E6%95%91%E3%81%86" n3="%E3%81%BF%E3%81%BF%E3%81%9A" dan="17,17,16,18" rate="2199.56,2192.02,2165.97,2221.33" sx="M,M,M,M"/><TAIKYOKU oya="0"/><INIT seed="0,0,0,1,3,102" ten="250,250,250,250" oya="0" hai0="45,113,97,65,48,33,28,74,4,61,42,106,46" hai1="41,120,6,17,60,99,98,55,72,76,133,29,105" hai2="35,13,83,10,31,90,66,132,86,56,40,130,59" hai3="26,103,34,58,112,122,78,36,95,104,119,129,11"/><T23/><D113/><U121/><E133/><V118/><F132/><W15/><G112/><T85/><D74/><U81/><E6/><V1/><F1/><W124/><G119/><T14/><D33/><U110/><E110/><V5/><F118/><W111/><G122/><T53/><D85/><U134/><E134/><V75/><F130/><W69/><G69/><T49/><D28/><U51/><E41/><V135/><F135/><W19/><G36/><T127/><D127/><U123/><E29/><V32/><F75/><W20/><G124/><T84/><D84/><U47/><E105/><V87/><F40/><W8/><G111/><T88/><D106/><U22/><REACH who="1" step="1"/><E60/><REACH who="1" ten="250,240,250,250" step="2"/><V94/><F31/><W30/><G104/><T108/><D108/><U38/><E38/><V68/><F32/><W3/><G129/><T126/><D126/><U52/><E52/><V57/><F35/><W62/><G3/><T80/><D4/><U92/><E92/><V128/><F128/><W12/><G34/><T37/><D37/><U115/><E115/><V73/><F66/><W114/><G114/><T71/><D61/><U101/><E101/><V70/><REACH who="2" step="1"/><F73/><REACH who="2" ten="250,240,240,250" step="2"/><W91/><G30/><T64/><D65/><U16/><E16/><V9/><F9/><W50/><G8/><T18/><D64/><U0/><E0/><V100/><F100/><W107/><G11/><T109/><D109/><U117/><E117/><V116/><F116/><W2/><G2/><T27/><D23/><U21/><E21/><V77/><AGARI ba="0,2" hai="5,10,13,56,57,59,68,70,77,83,86,87,90,94" machi="77" ten="30,2000,0" yaku="1,1,0,1,53,0" doraHai="102" doraHaiUra="25" who="2" fromWho="2" sc="250,-10,240,-5,240,40,250,-5" /><INIT seed="1,0,0,2,2,41" ten="240,235,280,245" oya="1" hai0="51,12,118,37,86,78,59,106,9,111,90,132,75" hai1="13,14,85,67,0,26,31,74,76,28,18,50,4" hai2="124,72,10,103,87,110,117,93,57,128,88,84,123" hai3="102,107,83,125,15,6,22,63,127,130,116,35,112"/><U104/><E74/><V46/><F117/><W29/><G112/><T60/><D37/><U80/><E104/><V58/><F123/><W62/><G116/><T48/><D118/><U40/><E67/><V34/><F72/><W77/><G130/><T96/><D111/><U1/><E1/><V47/><F110/><W5/><G35/><T38/><D38/><U66/><E66/><V126/><F34/><W115/><G102/><T82/><D132/><U64/><E64/><V134/><F128/><W105/><G115/><T119/><D119/><U91/><E91/><N who="2" m="53479" /><F103/><W8/><G22/><T114/><D114/><U45/><E0/><V69/><F69/><W16/><G29/><N who="1" m="11338" /><E4/><N who="3" m="1642" /><G107/><T113/><D113/><U135/><E135/><V65/><F10/><W100/><G100/><T71/><D71/><U42/><E42/><V3/><F3/><W23/><G8/><T56/><D106/><U43/><E43/><V61/><F134/><W89/><G89/><T24/><D75/><U52/><E40/><V129/><F129/><W49/><G105/><T27/><D9/><U36/><E36/><V44/><F58/><W33/><G33/><T7/><D56/><U108/><E108/><V81/><F57/><W79/><G49/><N who="0" m="19019" /><D59/><U109/><E109/><V32/><F32/><W54/><G54/><T68/><D68/><U70/><E70/><V95/><F65/><W92/><G92/><N who="0" m="56343" /><D60/><N who="3" m="23081" /><G83/><T20/><D7/><U101/><E101/><V94/><F61/><W120/><G120/><T25/><D20/><AGARI ba="0,0" hai="13,14,18,20,26,45,50,52,76,80,85" m="11338" machi="20" ten="30,5800,0" yaku="8,1,52,1,54,1" doraHai="41" who="1" fromWho="0" sc="240,-58,235,58,280,0,245,0" /><INIT seed="1,1,0,3,5,49" ten="182,293,280,245" oya="1" hai0="39,88,34,16,8,112,45,28,94,102,57,135,18" hai1="80,103,17,20,10,60,76,51,79,69,44,1,32" hai2="71,91,84,130,37,22,125,105,114,24,106,19,89" hai3="55,127,118,129,120,126,131,117,59,38,21,7,113"/><U74/><E32/><V119/><F119/><N who="3" m="45579" /><G7/><T116/><D116/><U2/><E103/><V53/><F37/><W0/><G0/><T81/><D112/><U104/><E104/><V133/><F114/><W6/><G6/><T110/><D110/><U13/><E79/><V31/><F71/><W99/><G38/><T78/><D135/><U109/><E109/><V64/><F64/><W108/><G108/><T82/><D102/><U70/><E70/><V124/><F133/><W4/><G4/><T87/><D57/><U50/><E50/><V100/><F130/><N who="3" m="49675" /><G113/><T42/><D8/><U35/><E35/><V90/><F31/><W11/><G11/><T121/><D121/><U115/><E115/><V33/><F33/><W43/><G99/><T25/><REACH who="0" step="1"/><D81/><REACH who="0" ten="172,293,280,245" step="2"/><U48/><E80/><V3/><F124/><W40/><G120/><T5/><D5/><U132/><E69/><V52/><F125/><N who="3" m="47627" /><G21/><T46/><D46/><U65/><E132/><V62/><F22/><W128/><G128/><T107/><D107/><U72/><E1/><V86/><F3/><W97/><G97/><AGARI ba="1,1" hai="16,18,25,28,34,39,42,45,78,82,87,88,94,97" machi="97" ten="30,7700,0" yaku="1,1,7,1,54,2,53,0" doraHai="49" doraHaiUra="56" who="0" fromWho="3" sc="172,90,293,0,280,0,245,-80" /><INIT seed="2,0,0,4,3,133" ten="262,293,280,165" oya="2" hai0="46,65,127,80,9,37,0,89,55,12,74,106,18" hai1="97,87,88,30,77,56,60,67,75,135,15,125,47" hai2="40,26,118,132,104,64,21,131,69,103,78,16,32" hai3="101,128,82,50,124,116,110,29,96,84,66,95,7"/><V76/><F118/><W79/><G116/><T17/><D106/><U59/><E135/><V14/><F132/><W3/><G110/><T5/><D65/><U22/><E125/><V70/><F40/><W91/><G124/><T19/><D127/><U10/><E75/><V25/><F131/><W51/><G128/><T4/><D4/><U102/><E77/><V107/><F14/><W11/><G29/><T115/><D89/><U2/><E2/><V105/><F103/><W54/><G66/><T73/><D55/><U122/><E122/><V49/><F49/><W48/><REACH who="3" step="1"/><G101/><REACH who="3" ten="262,293,280,155" step="2"/><T114/><D114/><U6/><E30/><V108/><F108/><W20/><G20/><T134/><D115/><U23/><E23/><V100/><F100/><W44/><AGARI ba="0,1" hai="3,7,11,44,48,50,51,54,79,82,84,91,95,96" machi="44" ten="20,2700,0" yaku="1,1,0,1,7,1,53,0" doraHai="133" doraHaiUra="27" who="3" fromWho="3" sc="262,-7,293,-7,280,-13,155,37" /><INIT seed="3,0,0,2,0,113" ten="255,286,267,192" oya="3" hai0="37,56,105,45,59,100,132,85,5,35,119,88,40" hai1="8,24,44,19,26,48,93,72,61,125,96,22,102" hai2="122,30,9,29,33,2,15,13,73,75,97,106,21" hai3="60,82,95,135,98,127,76,107,78,117,6,116,124"/><W70/><G6/><T133/><D35/><U120/><E120/><V63/><F122/><W129/><G107/><T131/><D131/><U130/><E130/><V23/><F63/><W80/><G129/><T128/><D128/><U31/><E125/><N who="3" m="48202" /><G135/><N who="0" m="51787" /><D5/><U91/><E72/><V79/><F106/><W87/><G60/><T74/><D74/><U108/><E108/><V109/><F109/><W34/><G34/><T64/><D64/><U58/><E91/><V134/><F134/><W110/><G70/><T126/><D126/><U50/><E44/><V86/><F33/><W99/><G110/><T41/><D41/><U18/><E18/><V12/><F2/><W121/><G121/><T25/><D25/><U84/><E84/><V81/><F9/><W28/><G28/><T89/><D85/><U68/><E68/><V10/><F10/><W115/><G115/><T69/><D69/><U101/><E101/><V32/><F32/><W0/><G0/><T20/><D20/><N who="2" m="7754" /><F75/><N who="3" m="43039" /><G98/><T55/><D105/><U52/><E26/><V46/><F73/><W7/><G7/><T94/><D94/><U77/><E77/><V17/><F97/><W43/><G43/><T66/><D66/><U36/><E36/><V67/><F67/><W49/><G49/><T112/><D40/><U47/><E47/><V118/><F17/><W62/><G62/><T92/><D37/><U51/><E61/><V57/><F46/><W16/><G16/><T54/><D112/><U27/><E27/><V103/><F57/><W4/><G4/><T42/><D45/><U65/><E65/><V71/><F71/><RYUUKYOKU ba="0,0" sc="255,-15,286,15,267,-15,192,15" hai1="8,19,22,24,31,48,50,51,52,58,93,96,102" hai3="78,82,87,95,99,116,117" /><INIT seed="3,1,0,1,3,83" ten="240,301,252,207" oya="3" hai0="37,72,20,4,21,13,9,98,56,121,65,91,116" hai1="93,85,119,130,19,89,43,53,134,97,7,49,46" hai2="94,74,105,14,108,122,81,102,129,76,8,42,29" hai3="26,61,127,109,92,22,25,12,23,128,39,50,60"/><W75/><G39/><T86/><D37/><U0/><E130/><V33/><F129/><W36/><G36/><T110/><D110/><U30/><E134/><V55/><F108/><W41/><G75/><T118/><D72/><U96/><E119/><V120/><F42/><W64/><G128/><T10/><D121/><N who="2" m="46698" /><F105/><W63/><G109/><T28/><D98/><U24/><E19/><V68/><F68/><W47/><G127/><T38/><D38/><U48/><E7/><V54/><F102/><W115/><G115/><T131/><D131/><U16/><E16/><N who="2" m="8263" /><F94/><W95/><G12/><T67/><D9/><U62/><E62/><V27/><AGARI ba="1,0" hai="27,29,33,54,55,74,76,81" m="8263,46698" machi="27" ten="30,2000,0" yaku="13,1,54,1" doraHai="83" who="2" fromWho="2" sc="240,-6,301,-6,252,23,207,-11" /><INIT seed="4,0,0,0,5,70" ten="234,295,275,196" oya="0" hai0="54,28,31,83,78,36,53,118,2,75,11,96,65" hai1="32,58,113,5,37,26,69,14,30,47,67,126,63" hai2="17,91,52,107,68,80,100,50,86,94,135,61,38" hai3="116,130,4,0,85,43,123,131,88,10,112,89,121"/><T16/><D118/><U24/><E126/><V82/><F38/><W13/><G116/><T64/><D36/><U127/><E127/><V124/><F124/><W109/><G109/><T56/><D96/><U48/><E113/><V6/><F135/><W55/><G112/><T18/><D2/><U62/><E37/><V20/><F6/><W42/><G55/><T74/><D11/><U35/><E5/><V41/><F41/><N who="3" m="15371" /><G0/><T8/><D8/><U84/><E84/><V76/><F107/><W60/><G60/><T49/><D49/><U22/><E14/><V45/><F100/><W108/><G108/><T34/><D83/><U19/><E48/><V21/><F82/><W46/><G46/><T12/><D12/><U87/><E87/><V23/><F68/><W79/><G79/><T99/><D99/><U57/><E69/><V104/><F61/><W98/><G98/><T72/><D72/><U105/><E105/><V103/><F103/><W92/><G89/><T3/><D3/><U40/><E40/><V122/><F122/><AGARI ba="0,0" hai="4,10,13,85,88,92,121,122,123,130,131" m="15371" machi="122" ten="30,2000,0" yaku="13,1,54,1" doraHai="70" who="3" fromWho="2" sc="234,0,295,0,275,-20,196,20" /><INIT seed="5,0,0,0,4,120" ten="234,295,255,216" oya="1" hai0="55,95,126,50,3,30,6,34,101,121,81,107,79" hai1="63,27,78,103,58,37,93,77,21,22,86,16,73" hai2="49,110,123,113,8,97,5,43,0,28,68,38,29" hai3="116,42,15,102,12,89,44,74,84,23,122,46,35"/><U87/><E37/><V64/><F123/><W82/><G122/><T10/><D121/><U134/><E134/><V66/><F38/><W83/><G35/><T17/><D126/><U99/><E22/><V4/><F4/><W131/><G131/><T40/><D107/><U75/><E75/><V47/><F110/><W98/><G116/><T127/><D127/><U54/><E73/><V67/><F68/><W60/><G74/><T31/><D40/><U105/><E105/><V80/><F80/><W25/><G83/><T117/><D117/><U65/><E65/><V13/><F0/><W118/><G60/><T51/><D17/><U1/><E1/><V41/><F113/><W104/><G118/><T88/><D101/><U57/><E57/><V24/><F41/><W59/><G59/><T69/><D69/><U36/><E36/><V130/><F130/><W85/><G85/><AGARI ba="0,0" hai="16,21,27,54,58,63,77,78,85,86,87,93,99,103" machi="85" ten="40,3900,0" yaku="8,1,54,1" doraHai="120" who="1" fromWho="3" sc="234,0,295,39,255,0,216,-39" owari="234,-16.6,334,43.4,255,5.5,177,-32.3" /></mjloggm>