<mjloggm ver="2.3"><GO type="225" lobby="0"/><UN n0="%E5%91%A8%E6%9D%B1" n1="%E5%8C%97%E6%AC%A7%E3%81%AE%E3%82%82%E3%81%93%E3%81%86" n2="%E3%83%96%E3%83%83%E3%83%91%E3%82%AA%E3%83%96%E3%83%81%E3%82%AD%E3%83%B3" n3="%E3%82%A4%E3%83%BC%E3%82%B1%E3%83%97%E3%83%A9" dan="17,16,16,17" rate="2200.26,2098.14,2199.49,2232.00" sx="M,M,M,M"/><TAIKYOKU oya="0"/><INIT seed="0,0,0,5,1,120" ten="250,250,250,250" oya="0" hai0="99,92,78,72,15,16,84,0,90,106,11,95,68" hai1="39,110,77,69,116,31,88,43,57,17,34,123,41" hai2="22,105,89,74,19,45,131,6,42,66,2,101,33" hai3="55,94,115,130,56,133,96,40,28,70,67,3,46"/><T87/><D68/><U44/><E116/><V13/><F131/><W30/><G115/><T109/><D0/><U112/><E123/><V47/><F74/><W37/><G3/><T10/><D109/><U53/><E69/><V32/><F66/><W8/><G133/><T51/><D106/><U108/><E41/><V26/><F89/><W14/><G67/><T97/><D11/><U54/><E77/><V7/><F47/><W73/><G73/><T83/><REACH who="0" step="1"/><D51/><REACH who="0" ten="240,250,250,250" step="2"/><U126/><E112/><V61/><F105/><W103/><G70/><T135/><D135/><U107/><E107/><V128/><F2/><W36/><G130/><T59/><D59/><U4/><E126/><V63/><F128/><W124/><G124/><T80/><D80/><U98/><E4/><V132/><F6/><W134/><G134/><T119/><D119/><U121/><E121/><V48/><F7/><W18/><REACH who="3" step="1"/><G37/><REACH who="3" ten="240,250,250,240" step="2"/><T64/><D64/><U27/><E39/><V24/><F132/><W79/><G79/><T49/><D49/><AGARI ba="0,2" hai="8,14,18,28,30,36,40,46,49,55,56,94,96,103" machi="49" ten="30,2000,0" yaku="1,1,7,1,53,0" doraHai="120" doraHaiUra="85" who="3" fromWho="0" sc="240,-20,250,0,250,0,240,40" /><INIT seed="1,0,0,4,0,28" ten="220,250,250,280" oya="1" hai0="94,114,104,95,62,132,46,68,5,97,51,49,22" hai1="1,125,99,100,87,75,129,77,65,115,64,53,29" hai2="54,26,73,127,16,123,37,19,79,63,2,20,67" hai3="91,39,128,30,35,78,83,14,31,69,92,90,76"/><U70/><E115/><V74/><F123/><W18/><G69/><T10/><D114/><U116/><E116/><V50/><F37/><W60/><G39/><T118/><D118/><U105/><E129/><V133/><F2/><W120/><G120/><T34/><D132/><U135/><E135/><V56/><F133/><W121/><G121/><T47/><D104/><U110/><E125/><V40/><F127/><W55/><G128/><T12/><D34/><U13/><E1/><V48/><F79/><W85/><G78/><T4/><D4/><U96/><E75/><V27/><F40/><W0/><G0/><T57/><D22/><U131/><E70/><V7/><F7/><W59/><G35/><T84/><D84/><U11/><E99/><V122/><F48/><W130/><G91/><T89/><D95/><U38/><E38/><V82/><F82/><W80/><G80/><T117/><D68/><U102/><E102/><V113/><F113/><W58/><G58/><T61/><D61/><U25/><E131/><V41/><F41/><W21/><REACH who="3" step="1"/><G130/><REACH who="3" ten="220,250,250,270" step="2"/><T106/><D117/><U6/><E77/><V32/><F122/><W36/><G36/><T86/><D47/><U24/><E100/><V124/><F32/><W33/><G33/><T42/><D46/><U126/><E126/><V66/><F124/><W111/><G111/><T134/><D134/><U9/><E110/><V44/><F67/><W52/><G52/><N who="0" m="34087" /><D42/><U88/><E53/><V81/><F81/><W72/><AGARI ba="0,1" hai="14,18,21,30,31,55,59,60,72,76,83,85,90,92" machi="72" ten="20,5200,0" yaku="1,1,0,1,7,1,53,1" doraHai="28" doraHaiUra="17" who="3" fromWho="3" sc="220,-13,250,-26,250,-13,270,62" /><INIT seed="2,0,0,5,4,100" ten="207,224,237,332" oya="2" hai0="27,63,11,59,98,4,37,114,20,92,132,108,55" hai1="45,120,18,62,57,67,91,113,16,26,94,95,28" hai2="119,19,17,65,96,129,115,2,72,125,22,135,46" hai3="8,38,54,84,56,73,36,86,33,80,44,106,39"/><V70/><F115/><W35/><G106/><T126/><D126/><U5/><E113/><V97/><F119/><W87/><G44/><T112/><D108/><U23/><E120/><V1/><F72/><W52/><G8/><T29/><D132/><U7/><E45/><V127/><F46/><W82/><G73/><T99/><D99/><N who="2" m="37962" /><F135/><W134/><G134/><T131/><D37/><U75/><E75/><V130/><F65/><W71/><G71/><T64/><D55/><N who="3" m="21033" /><G56/><T77/><D77/><U102/><E102/><V93/><F93/><N who="1" m="35337" /><E91/><V25/><F70/><W121/><G121/><T49/><D49/><U40/><E40/><V53/><F53/><W124/><G124/><N who="2" m="47689" /><F1/><W42/><G42/><T10/><D131/><N who="2" m="50186" /><F2/><W24/><G24/><T105/><D105/><U66/><E66/><V48/><F48/><W122/><G122/><T43/><D43/><U21/><E28/><AGARI ba="0,0" hai="17,19,22,25,28" m="50186,47689,37962" machi="28" ten="30,2900,0" yaku="18,1,19,1" doraHai="100" who="2" fromWho="1" sc="207,0,224,-29,237,29,332,0" /><INIT seed="2,1,0,2,5,10" ten="207,195,266,332" oya="2" hai0="72,97,58,18,36,85,132,101,94,100,66,67,83" hai1="86,15,25,74,109,49,50,20,130,71,65,30,41" hai2="53,135,119,99,120,70,108,122,21,63,22,38,118" hai3="78,81,102,31,89,87,116,33,43,113,117,7,73"/><V2/><F2/><W76/><G113/><T39/><D132/><U90/><E109/><V12/><F38/><W32/><G78/><T68/><D68/><U126/><E130/><V48/><F99/><W14/><G43/><T129/><D129/><U128/><E126/><V46/><F12/><W98/><G14/><T80/><D58/><U13/><E74/><V125/><F21/><W56/><G56/><T23/><D72/><U52/><E128/><V131/><F22/><W55/><G55/><T35/><D35/><U16/><E71/><V112/><F131/><W88/><G7/><T24/><D101/><U82/><E65/><N who="2" m="41279" /><F135/><W54/><G54/><T47/><D83/><U3/><E3/><V106/><F106/><N who="3" m="63831" /><G89/><T1/><D1/><U28/><E49/><V42/><F125/><W8/><G8/><T110/><D110/><U57/><E41/><V37/><F108/><W27/><G33/><T93/><D39/><U92/><E92/><AGARI ba="1,0" hai="27,31,32,73,76,81,87,88,92,116,117" m="63831" machi="92" ten="30,2000,0" yaku="24,1,54,1" doraHai="10" who="3" fromWho="1" sc="207,0,195,-23,266,0,332,23" /><INIT seed="3,0,0,1,3,113" ten="207,172,266,355" oya="3" hai0="76,123,63,37,131,31,29,94,91,104,22,89,57" hai1="99,75,35,15,127,125,20,45,7,97,128,53,116" hai2="51,36,110,107,55,26,56,44,68,39,0,3,17" hai3="115,47,83,120,16,134,74,124,4,2,95,73,132"/><W67/><G115/><T8/><D104/><U121/><E121/><V114/><F107/><W109/><G120/><T71/><D71/><U117/><E35/><V90/><F114/><W43/><G124/><N who="1" m="47690" /><E75/><V112/><F112/><W79/><G74/><T50/><D123/><U21/><E128/><V72/><F90/><W130/><G130/><T78/><D37/><N who="2" m="14410" /><F17/><W60/><G16/><T66/><D131/><U86/><E86/><V81/><F26/><W10/><G95/><T28/><D8/><N who="1" m="4511" /><E53/><N who="2" m="29927" /><F3/><W84/><G84/><N who="0" m="52519" /><D22/><N who="1" m="8811" /><E45/><V119/><F0/><W12/><G47/><T34/><D34/><U105/><E97/><V30/><F30/><W5/><G73/><T25/><D25/><U129/><E129/><V88/><F72/><W100/><G2/><T108/><D91/><U77/><E77/><N who="0" m="29801" /><D108/><U6/><E6/><V42/><F88/><W85/><G4/><T65/><D65/><U27/><E27/><V96/><F96/><W1/><G5/><T133/><D133/><U32/><E32/><V41/><F110/><W24/><G109/><T101/><D101/><AGARI ba="0,0" hai="99,101,105,116,117" m="8811,4511,47690" machi="101" ten="30,3900,0" yaku="18,1,52,2" doraHai="113" who="1" fromWho="0" sc="207,-39,172,39,266,0,355,0" owari="168,-33.2,211,-18.9,266,6.6,355,45.5" /></mjloggm>