<mjloggm ver="2.3"><GO type="225" lobby="0"/><UN n0="%E6%98%93%E5%88%A9%E8%96%A9%E4%BC%AF" n1="%E3%83%A9%E3%83%BC%E3%83%A1%E3%83%B3%E4%BA%94%E9%83%8E" n2="%E5%A4%8F%E9%88%B4%E9%88%B4%E5%A4%8F" n3="%E9%BB%99%E8%81%B4%E3%81%AE%E3%81%99%E3%82%9D%E3%82%81" dan="17,16,16,16" rate="2108.93,2148.54,2139.04,2091.13" sx="F,M,F,M"/><TAIKYOKU oya="0"/><INIT seed="0,0,0,2,3,17" ten="250,250,250,250" oya="0" hai0="73,94,107,88,29,87,26,22,63,108,31,34,38" hai1="84,100,37,128,134,18,20,78,58,68,104,8,12" hai2="33,114,121,111,79,5,4,105,30,59,71,129,70" hai3="15,102,91,21,98,93,57,109,3,55,119,0,115"/><T82/><D107/><U83/><E68/><V75/><F121/><W116/><G115/><T89/><D38/><U112/><E112/><V130/><F114/><W50/><G109/><T85/><D108/><U32/><E32/><V76/><F105/><W9/><G21/><T133/><D133/><U47/><E128/><V101/><F101/><W16/><REACH who="3" step="1"/><G102/><REACH who="3" ten="250,250,250,240" step="2"/><T23/><D31/><U90/><E100/><V62/><F111/><W127/><G127/><T14/><D73/><U125/><E125/><V40/><F75/><W103/><G103/><T39/><D39/><U126/><E104/><V122/><F130/><W132/><G132/><T13/><REACH who="0" step="1"/><D63/><REACH who="0" ten="240,250,250,240" step="2"/><U28/><E134/><V97/><F62/><W43/><G43/><T113/><D113/><U53/><E126/><V110/><F40/><W48/><G48/><T60/><D60/><N who="1" m="35919" /><E37/><V124/><F124/><W106/><G106/><T72/><D72/><U1/><E28/><V11/><F110/><W67/><G67/><T52/><D52/><U81/><E78/><V135/><F79/><W45/><G45/><T25/><D25/><U56/><E47/><V131/><F76/><W95/><G95/><T117/><D117/><AGARI ba="0,2" hai="0,3,9,15,16,50,55,57,91,93,98,116,117,119" machi="117" ten="40,2600,0" yaku="1,1,54,1,53,0" doraHai="17" doraHaiUra="99" who="3" fromWho="0" sc="240,-26,250,0,250,0,240,46" /><INIT seed="1,0,0,5,3,26" ten="214,250,250,286" oya="1" hai0="120,76,30,82,128,83,6,67,27,19,110,135,91" hai1="34,33,132,60,55,74,35,59,77,31,123,58,109" hai2="68,133,53,37,112,61,131,92,73,75,101,88,8" hai3="54,72,56,122,47,3,50,48,119,114,7,78,66"/><U105/><E123/><V0/><F37/><W21/><G114/><T107/><D120/><U111/><E105/><V23/><F101/><W32/><G32/><T126/><D110/><N who="1" m="41995" /><E132/><V5/><F112/><W28/><G122/><T4/><D128/><U45/><E45/><V43/><F133/><W134/><G119/><T46/><D107/><U96/><E96/><V84/><F131/><W62/><G134/><T121/><D126/><U63/><E77/><V39/><F23/><W10/><G72/><T90/><D121/><U16/><E16/><V104/><F104/><W127/><G78/><T52/><D67/><N who="1" m="39319" /><E74/><V93/><F75/><W2/><G127/><T118/><D118/><U65/><E65/><V117/><F73/><W103/><G103/><T94/><D135/><U64/><E64/><V49/><F117/><W106/><G106/><T81/><D19/><U108/><N who="1" m="42003" /><U13/><DORA hai="102" /><E13/><V115/><F115/><W70/><G2/><T14/><D76/><U20/><E20/><V24/><F24/><AGARI ba="0,0" hai="24,31,33,34,35,55,59,63" m="39319,42003" machi="24" ten="40,7700,0" yaku="14,1,10,1,52,1" doraHai="26,102" who="1" fromWho="2" sc="214,0,250,77,250,-77,286,0" /><INIT seed="1,1,0,2,0,87" ten="214,327,173,286" oya="1" hai0="128,46,71,94,3,106,121,79,47,31,6,78,44" hai1="26,43,107,72,11,13,102,83,113,24,124,53,127" hai2="19,69,2,32,77,114,16,91,40,103,70,30,89" hai3="110,57,100,54,10,97,22,126,48,125,95,23,63"/><U119/><E113/><V92/><F2/><W73/><G73/><T8/><D106/><U132/><E119/><V64/><F40/><W35/><G35/><T81/><D121/><U118/><E118/><V27/><F77/><W55/><G110/><T17/><D71/><U45/><E53/><V122/><F122/><W34/><G34/><T0/><D128/><U65/><E65/><V120/><F120/><W36/><G36/><T105/><D105/><U25/><E132/><V134/><F134/><W12/><G126/><N who="1" m="48170" /><E72/><V39/><F39/><W86/><G86/><T33/><D17/><N who="1" m="8383" /><E83/><V90/><F114/><W75/><G75/><T18/><D18/><U133/><E133/><V14/><F64/><W116/><G116/><T1/><D94/><U38/><E107/><V61/><F61/><W68/><G125/><T82/><D81/><U108/><E102/><V28/><F19/><N who="3" m="8599" /><G68/><T101/><D101/><U41/><E41/><V104/><F30/><W112/><G112/><T37/><D37/><U93/><E93/><V60/><F60/><W66/><G66/><T98/><D98/><U80/><E80/><V115/><F115/><W117/><G117/><T7/><D79/><U109/><AGARI ba="1,0" hai="24,25,26,38,43,45,108,109" m="8383,48170" machi="109" ten="40,2100,0" yaku="18,1" doraHai="87" who="1" fromWho="1" sc="214,-8,327,24,173,-8,286,-8" /><INIT seed="1,2,0,2,3,63" ten="206,351,165,278" oya="1" hai0="127,119,14,48,16,17,90,102,118,109,122,123,114" hai1="56,34,5,81,29,76,130,24,4,35,84,111,98" hai2="45,59,38,37,97,108,105,30,46,10,50,107,74" hai3="124,96,47,69,116,91,78,79,135,112,58,66,3"/><U12/><E130/><V0/><F108/><W39/><G112/><T19/><D102/><U33/><E111/><V11/><F74/><W36/><G3/><T92/><D109/><U106/><E56/><V103/><F30/><W49/><G135/><T13/><D48/><U131/><E131/><V67/><F0/><W126/><G116/><N who="0" m="44587" /><D92/><U121/><E121/><N who="0" m="46089" /><D90/><U8/><REACH who="1" step="1"/><E4/><REACH who="1" ten="206,341,165,278" step="2"/><V1/><F59/><W80/><G58/><T20/><D114/><U25/><E25/><V64/><F1/><W51/><G69/><T133/><D133/><U6/><E6/><V23/><F50/><W101/><G51/><T70/><D70/><U44/><E44/><V22/><REACH who="2" step="1"/><F103/><AGARI ba="2,1" hai="5,8,12,24,29,33,34,35,76,81,84,98,103,106" machi="103" ten="40,2000,0" yaku="1,1,53,0" doraHai="63" doraHaiUra="60" who="1" fromWho="2" sc="206,0,341,36,165,-26,278,0" /><INIT seed="1,3,0,2,0,30" ten="206,377,139,278" oya="1" hai0="37,108,87,35,1,9,26,83,21,31,22,25,77" hai1="12,111,122,110,36,47,90,128,78,11,130,19,82" hai2="28,72,74,109,27,134,96,52,20,67,10,53,4" hai3="14,116,56,70,2,40,99,23,68,43,127,32,98"/><U75/><E122/><V60/><F109/><N who="1" m="41481" /><E90/><V62/><F134/><W93/><G2/><T73/><D108/><U17/><E17/><V7/><F7/><W89/><G32/><T112/><D112/><U132/><E132/><V29/><F29/><W86/><G70/><T115/><D115/><U88/><E88/><V126/><F126/><W39/><G68/><T45/><D87/><U85/><E85/><V76/><F96/><N who="3" m="36907" /><G39/><T59/><D59/><U41/><AGARI ba="3,0" hai="11,12,19,36,41,47,75,78,82,128,130" m="41481" machi="41" ten="30,3000,0" yaku="14,1,10,1" doraHai="30" who="1" fromWho="1" sc="206,-13,377,39,139,-13,278,-13" /><INIT seed="1,4,0,2,0,125" ten="193,416,126,265" oya="1" hai0="75,82,32,12,10,52,33,4,90,23,36,37,16" hai1="89,81,133,59,126,11,123,19,83,88,35,68,106" hai2="105,94,84,117,112,110,57,41,48,102,56,73,80" hai3="130,27,55,3,77,22,15,114,53,34,134,132,38"/><U120/><E68/><V101/><F117/><W122/><G38/><T115/><D115/><U119/><E106/><V78/><F112/><W104/><G104/><T128/><D128/><U25/><E119/><V64/><F110/><W79/><G122/><T51/><D37/><U46/><E126/><V129/><F129/><W86/><G3/><T20/><D36/><U44/><E35/><V28/><F28/><W2/><G2/><T92/><D82/><U9/><E133/><N who="3" m="51306" /><G130/><T76/><D76/><N who="3" m="29257" /><G114/><T50/><D50/><U127/><E127/><V43/><F48/><W66/><G66/><T93/><D23/><U107/><E107/><V0/><F64/><W65/><G65/><T67/><D67/><U14/><E25/><V54/><F0/><W60/><G60/><T30/><D30/><U13/><E19/><V40/><F105/><W71/><G71/><T87/><D93/><U26/><E26/><V124/><F124/><W49/><G86/><T131/><D75/><U116/><E116/><V8/><F73/><W96/><G96/><T98/><D98/><U61/><E61/><V95/><F94/><W109/><G109/><T5/><D5/><U118/><E118/><V63/><F95/><W74/><G74/><T42/><D42/><U91/><E91/><V39/><F39/><W62/><G62/><T111/><D111/><U135/><E135/><V69/><F69/><W103/><G103/><N who="2" m="39433" /><F8/><W70/><G70/><T113/><D131/><U47/><E9/><V121/><F121/><W108/><G108/><T1/><D113/><U58/><E123/><V97/><F97/><RYUUKYOKU ba="4,0" sc="193,15,416,-15,126,15,265,-15" hai0="1,4,10,12,16,20,32,33,51,52,87,90,92" hai2="40,41,43,54,56,57,63,78,80,84" /><INIT seed="2,5,0,2,3,60" ten="208,401,141,250" oya="2" hai0="21,1,6,73,61,56,24,84,32,120,48,20,78" hai1="76,31,72,63,94,58,99,25,96,113,119,46,29" hai2="57,134,50,36,3,9,45,43,68,122,51,34,30" hai3="15,5,70,77,126,118,18,112,71,10,127,105,33"/><V17/><F122/><W117/><G105/><T28/><D120/><U87/><E113/><V116/><F116/><N who="3" m="44651" /><G77/><T0/><D73/><U39/><E72/><V4/><F134/><W40/><G40/><T65/><D48/><U114/><E114/><V35/><F68/><W103/><G103/><T128/><D128/><U98/><E39/><V2/><F2/><W130/><G112/><T95/><D95/><U111/><E46/><V7/><F7/><W81/><G81/><T97/><D97/><N who="1" m="37483" /><E25/><V88/><F17/><W8/><G71/><T115/><D115/><U67/><E111/><V38/><F30/><W12/><G70/><T44/><D44/><U89/><E119/><V41/><F41/><W104/><G104/><T47/><D47/><U82/><AGARI ba="5,0" hai="29,31,58,63,67,76,82,87,89,94,99" m="37483" machi="82" ten="30,2000,0" yaku="8,1,52,1" doraHai="60" who="1" fromWho="1" sc="208,-10,401,35,141,-15,250,-10" /><INIT seed="3,0,0,1,4,6" ten="198,436,126,240" oya="3" hai0="128,30,130,100,48,133,93,106,37,124,12,103,118" hai1="36,5,32,90,45,40,80,52,109,24,102,23,28" hai2="114,96,72,18,38,43,95,8,79,77,67,9,69" hai3="61,1,60,134,129,115,121,105,112,68,31,91,113"/><W94/><G105/><T13/><D118/><U87/><E102/><V131/><F114/><W26/><G121/><T10/><D106/><U99/><E99/><V104/><F131/><N who="0" m="50218" /><D37/><U92/><E109/><V0/><F104/><W81/><G134/><T57/><D133/><U39/><E39/><V11/><F67/><W101/><G129/><T49/><D124/><U54/><E80/><N who="2" m="45095" /><F79/><W85/><G1/><T20/><D93/><U119/><E119/><V64/><F18/><W41/><G41/><T84/><D84/><U71/><E71/><V47/><F64/><W29/><G29/><T97/><D57/><U22/><E5/><N who="2" m="1063" /><F69/><W111/><G68/><T107/><D103/><AGARI ba="0,0" hai="9,11,38,43,47,95,96,103" m="1063,45095" machi="103" ten="30,7700,0" yaku="25,1,52,3" doraHai="6" who="2" fromWho="0" sc="198,-77,436,0,126,77,240,0" owari="121,-37.9,436,53.6,203,-19.7,240,4.0" /></mjloggm>