<mjloggm ver="2.3"><GO type="225" lobby="0"/><UN n0="%E3%81%8B%E3%82%8F%E3%81%A1%E3%82%83%E3%82%93%35%38" n1="%E3%81%95%E3%81%8D%E3%81%9F%E3%81%BE%E6%9E%97%E6%AA%8E" n2="%E6%9C%88%E5%B3%B6%E5%9F%BA" n3="%E3%83%96%E3%83%83%E3%83%91%E3%82%AA%E3%83%96%E3%83%81%E3%82%AD%E3%83%B3" dan="16,16,17,17" rate="2155.23,2116.24,2179.32,2182.21" sx="M,M,M,M"/><TAIKYOKU oya="0"/><INIT seed="0,0,0,2,1,7" ten="250,250,250,250" oya="0" hai0="77,135,97,72,47,20,16,123,87,128,2,68,58" hai1="78,104,122,9,21,34,59,110,95,83,25,131,100" hai2="94,50,74,70,56,63,107,36,12,18,26,109,62" hai3="61,81,40,116,6,79,67,91,71,3,96,15,13"/><T46/><D123/><U51/><E122/><V43/><F107/><W41/><G116/><T35/><D68/><U84/><E104/><V85/><F74/><W69/><G69/><T130/><D35/><U64/><E110/><V90/><F109/><W125/><G125/><T75/><D135/><U24/><E131/><N who="0" m="50217" /><D2/><U39/><E39/><V11/><F70/><W106/><G3/><T33/><D33/><U30/><E34/><V76/><F76/><W111/><G111/><T133/><D133/><U14/><E25/><V117/><F117/><W118/><G118/><T103/><D58/><U31/><E31/><V129/><F129/><W105/><G71/><T98/><D87/><U60/><E51/><V108/><F108/><W82/><G41/><T93/><D98/><U44/><E44/><N who="0" m="16937" /><D77/><U80/><E80/><V102/><F36/><W10/><G96/><T92/><D92/><U66/><E95/><V121/><F121/><W127/><G40/><T17/><D17/><N who="1" m="8399" /><E100/><V27/><F102/><W101/><G82/><T32/><D32/><U37/><E37/><V49/><F43/><W28/><G81/><T52/><D52/><AGARI ba="0,0" hai="21,24,30,52,59,60,64,66,78,83,84" m="8399" machi="52" ten="30,3900,0" yaku="8,1,52,1,54,1" doraHai="7" who="1" fromWho="0" sc="250,-39,250,39,250,0,250,0" /><INIT seed="1,0,0,3,1,16" ten="211,289,250,250" oya="1" hai0="120,54,126,13,30,15,112,105,32,43,115,29,47" hai1="104,79,56,103,65,57,59,35,78,100,132,102,49" hai2="133,75,86,41,63,98,128,27,119,39,110,130,21" hai3="60,6,34,8,58,81,28,25,106,11,73,31,50"/><U76/><E132/><V134/><F75/><W108/><G106/><T89/><D105/><U91/><E104/><V69/><F119/><W107/><G107/><T36/><D126/><U113/><E113/><V70/><F110/><W40/><G108/><T1/><D1/><U2/><E2/><V64/><F98/><W125/><G125/><T12/><D120/><U53/><E35/><V44/><F86/><W5/><G31/><T9/><D9/><U131/><E131/><N who="2" m="50219" /><F70/><W51/><G73/><T88/><D54/><U23/><E65/><V116/><F116/><W101/><G101/><T127/><D127/><U117/><E117/><V38/><F38/><W84/><G40/><T42/><D42/><U67/><BYE who="0" /><E67/><UN n0="%E3%81%8B%E3%82%8F%E3%81%A1%E3%82%83%E3%82%93%35%38" /><V95/><F95/><W123/><G123/><T17/><D17/><AGARI ba="0,0" hai="17,21,27,39,41,44,63,64,69,133,134" m="50219" machi="17" ten="30,2000,0" yaku="19,1,52,1" doraHai="16" who="2" fromWho="0" sc="211,-20,289,0,250,20,250,0" /><INIT seed="2,0,0,3,0,124" ten="191,289,270,250" oya="2" hai0="98,97,100,95,78,62,25,135,71,34,83,47,89" hai1="108,12,27,132,126,107,112,18,130,26,92,15,133" hai2="131,93,30,11,42,86,9,4,39,46,6,104,50" hai3="120,45,35,106,28,91,29,54,99,123,73,1,85"/><V87/><F104/><W14/><G1/><T94/><D135/><N who="1" m="51787" /><E107/><V117/><F117/><W8/><G73/><T101/><D47/><U40/><E40/><V52/><F131/><W61/><G106/><T63/><D71/><U121/><E92/><V10/><F30/><W111/><G99/><T122/><D122/><U58/><E58/><V72/><F72/><W43/><G111/><T16/><D89/><U7/><E121/><V118/><F118/><W129/><G129/><T67/><D67/><U37/><E37/><V128/><F128/><W66/><G54/><T20/><REACH who="0" step="1"/><D34/><REACH who="0" ten="181,289,270,250" step="2"/><U88/><E130/><V38/><F38/><W114/><G66/><T44/><D44/><U76/><E88/><N who="2" m="53399" /><F39/><W105/><G91/><T134/><D134/><U19/><E112/><V80/><F42/><W51/><G43/><T102/><D102/><U127/><E76/><AGARI ba="0,1" hai="4,6,9,10,11,46,50,52,76,80,87" m="53399" machi="76" ten="30,5800,0" yaku="8,1,54,2" doraHai="124" who="2" fromWho="1" sc="181,0,289,-58,270,68,250,0" /><INIT seed="2,1,0,0,1,61" ten="181,231,338,250" oya="2" hai0="133,29,118,4,108,91,105,128,77,12,65,7,127" hai1="39,34,35,25,90,50,60,0,98,42,114,123,115" hai2="1,113,134,26,31,32,84,6,68,23,3,18,86" hai3="63,131,47,85,64,74,120,62,11,22,38,9,14"/><V104/><F104/><W76/><G120/><T49/><D105/><U19/><E123/><V92/><F113/><W54/><G131/><T41/><D77/><U36/><E0/><V51/><F68/><W24/><G74/><T17/><D128/><U55/><E39/><V100/><F134/><W87/><G38/><T16/><D133/><U135/><E36/><V121/><F121/><W119/><G119/><T88/><D118/><U83/><E135/><V30/><F51/><N who="3" m="29055" /><G76/><T110/><D29/><U78/><E42/><V21/><F100/><W8/><G14/><T103/><D103/><U79/><E79/><V97/><F97/><W116/><G116/><T69/><D127/><U82/><E82/><V48/><F92/><W124/><G124/><T5/><D49/><U109/><E60/><N who="3" m="23082" /><G64/><T73/><D41/><U58/><E35/><V27/><F6/><W93/><G93/><T101/><D101/><U13/><E115/><V122/><F122/><W20/><G20/><T125/><D125/><U129/><E129/><V102/><F102/><W75/><G75/><T117/><D73/><U57/><E34/><V66/><F66/><W130/><G130/><T2/><D2/><U107/><E107/><V45/><F3/><W28/><AGARI ba="1,0" hai="8,9,11,22,24,28,85,87" m="23082,29055" machi="28" ten="30,1100,0" yaku="8,1" doraHai="61" who="3" fromWho="3" sc="181,-4,231,-4,338,-6,250,14" /><INIT seed="3,0,0,1,4,78" ten="177,227,332,264" oya="3" hai0="111,25,116,101,85,1,127,82,12,8,114,46,89" hai1="40,41,43,88,15,133,120,103,48,56,83,79,21" hai2="65,55,33,121,93,71,106,105,95,2,58,11,122" hai3="125,30,91,61,94,110,112,19,86,52,104,130,49"/><W53/><G112/><T14/><D111/><U73/><E120/><N who="2" m="46187" /><F33/><W26/><G110/><T99/><D127/><U115/><E115/><V124/><F124/><W63/><G125/><T29/><D116/><U75/><E103/><V16/><F65/><W54/><G130/><T70/><D70/><U59/><E133/><V87/><F71/><W23/><G104/><N who="2" m="40041" /><F87/><W81/><G30/><T18/><D114/><U20/><E75/><V38/><F38/><W126/><G126/><T0/><D14/><U3/><E3/><V34/><F34/><W131/><G131/><T123/><D123/><U5/><E5/><N who="2" m="1463" /><F16/><W39/><G39/><T9/><D9/><U76/><E76/><V134/><F134/><W22/><G22/><T117/><D117/><U72/><E72/><V84/><F84/><N who="3" m="52583" /><G49/><AGARI ba="0,0" hai="49,55,58,93,95" m="1463,40041,46187" machi="49" ten="30,1000,0" yaku="13,1" doraHai="78" who="2" fromWho="3" sc="177,0,227,0,332,10,264,-10" owari="177,-32.3,227,-17.3,342,44.2,254,5.4" /></mjloggm>