<mjloggm ver="2.3"><GO type="225" lobby="0"/><UN n0="%E3%81%A4%E3%81%A3%E3%81%B1%E3%82%8A%E3%83%9D%E3%83%BC%E3%83%AB" n1="%E3%81%8B%E3%82%8F%E3%81%A1%E3%82%83%E3%82%93%35%38" n2="%6D%61%74%69%67%75%73%61" n3="%72%61%6B%33" dan="17,16,17,16" rate="2197.75,2192.86,2113.30,2149.19" sx="M,M,M,M"/><TAIKYOKU oya="0"/><INIT seed="0,0,0,4,4,122" ten="250,250,250,250" oya="0" hai0="118,85,23,99,135,102,47,113,34,54,8,48,112" hai1="90,70,58,9,75,13,30,87,38,42,31,12,130" hai2="100,7,72,24,27,134,29,125,78,36,79,120,15" hai3="126,110,39,65,131,61,37,4,28,62,91,69,68"/><T92/><D118/><U133/><E70/><V49/><F36/><W107/><G107/><T53/><D34/><U74/><E133/><V57/><F120/><W89/><G4/><T117/><D117/><U88/><E130/><V105/><F125/><W35/><G126/><T106/><D135/><U116/><E116/><V132/><F105/><W52/><G131/><T95/><D8/><U43/><E58/><V3/><F15/><W32/><G28/><T63/><D23/><U55/><E87/><V19/><F100/><W60/><G60/><T129/><D129/><U103/><E103/><V44/><F57/><W64/><G52/><T127/><D127/><U33/><E55/><V2/><F44/><W123/><G123/><T67/><D54/><U1/><E9/><V76/><F49/><W5/><G5/><T66/><D66/><U26/><E26/><V56/><F27/><W25/><G25/><T17/><D17/><U40/><E38/><V86/><F24/><W81/><G81/><T82/><D113/><U104/><E104/><V101/><F134/><W50/><G50/><T115/><D115/><U94/><E94/><V98/><F132/><W10/><G10/><T108/><D108/><AGARI ba="0,0" hai="32,35,37,39,61,62,64,65,68,69,89,91,108,110" machi="108" ten="25,6400,0" yaku="22,2,52,2" doraHai="122" who="3" fromWho="0" sc="250,-64,250,0,250,0,250,64" /><INIT seed="1,0,0,0,1,8" ten="186,250,250,314" oya="1" hai0="105,131,61,51,135,106,122,78,57,71,5,60,100" hai1="36,66,86,129,72,115,42,128,85,81,110,53,21" hai2="95,97,44,17,26,70,15,43,133,89,67,19,119" hai3="134,48,99,47,111,46,63,102,68,2,14,107,27"/><U37/><E115/><V0/><F0/><W24/><G2/><T108/><D108/><U83/><E72/><V59/><F119/><W120/><G120/><T114/><D114/><U16/><E66/><V75/><F133/><W98/><G111/><T79/><D135/><U82/><E110/><V118/><F75/><W38/><G134/><T121/><D5/><U28/><E28/><V55/><F118/><W33/><G99/><T52/><D131/><N who="1" m="50251" /><E53/><V10/><F67/><W126/><G126/><T74/><D74/><U35/><E35/><V77/><F77/><N who="0" m="29194" /><D100/><U56/><E56/><V84/><F70/><W13/><G38/><N who="1" m="14954" /><E42/><V92/><F44/><W76/><G46/><N who="0" m="27767" /><D71/><U132/><E132/><V62/><F43/><W65/><G76/><T116/><D116/><U29/><E29/><V127/><F127/><W94/><G33/><T80/><D61/><U88/><E86/><V41/><F41/><W39/><G39/><T91/><D57/><U50/><E50/><V49/><F49/><W6/><G48/><T58/><D58/><U69/><E69/><V117/><F117/><W40/><G47/><T20/><D60/><U22/><E22/><N who="2" m="13663" /><F84/><W9/><G40/><T34/><D20/><U130/><N who="1" m="50259" /><U18/><DORA hai="11" /><E18/><V112/><F112/><W7/><G68/><T90/><D34/><U124/><E124/><V45/><F45/><W96/><G65/><T109/><D109/><U103/><E103/><V87/><F87/><W73/><G73/><T32/><D32/><U123/><E123/><N who="0" m="47113" /><D90/><U93/><E21/><V30/><F30/><W1/><G102/><RYUUKYOKU ba="0,0" sc="186,10,250,10,250,10,314,-30" hai0="80,91,105,106" hai1="16,81,82,83,85,88,93" hai2="10,15,17,55,59,62,89,92,95,97" /><INIT seed="1,1,0,5,2,78" ten="196,260,260,284" oya="1" hai0="33,133,80,111,34,44,110,12,43,62,27,114,97" hai1="91,124,93,75,63,59,83,74,6,70,2,84,53" hai2="25,41,0,129,102,54,23,73,66,128,134,28,115" hai3="122,21,69,55,105,17,85,71,42,40,106,118,89"/><U113/><E124/><V95/><F0/><W60/><G122/><T90/><D114/><U38/><E113/><V101/><F115/><W15/><G118/><T65/><D133/><U108/><E38/><V37/><F73/><W87/><G71/><T76/><D12/><U57/><E70/><V26/><F66/><W8/><G106/><T58/><D90/><U19/><E108/><N who="0" m="41513" /><D97/><U132/><E132/><V86/><F134/><W117/><G105/><T119/><D27/><U18/><E75/><V92/><F25/><W14/><G117/><T77/><D77/><U112/><E112/><V51/><F26/><W127/><G127/><T67/><D65/><U45/><E45/><V125/><F102/><W103/><G103/><T1/><D1/><U20/><E2/><V46/><F46/><W10/><G21/><T22/><D22/><U82/><E74/><V35/><F23/><W88/><G87/><N who="0" m="48519" /><D119/><U98/><E6/><V130/><F125/><W61/><G89/><T36/><AGARI ba="1,0" hai="33,34,36,43,44,58,62,67" m="48519,41513" machi="36" ten="30,2000,0" yaku="14,1,52,1" doraHai="78" who="0" fromWho="0" sc="196,23,260,-11,260,-6,284,-6" /><INIT seed="2,0,0,1,4,133" ten="219,249,254,278" oya="2" hai0="109,89,48,123,19,11,14,126,128,4,8,67,90" hai1="108,15,119,5,34,53,3,74,6,26,93,29,92" hai2="104,114,70,46,42,75,80,55,0,35,31,86,71" hai3="116,87,64,82,39,41,101,115,38,95,56,22,24"/><V32/><F114/><W72/><G116/><T7/><D123/><U36/><E119/><V28/><F55/><W69/><G69/><T73/><D73/><U20/><E74/><V78/><F86/><W12/><G12/><T85/><D109/><U65/><E36/><V66/><F0/><W25/><G25/><T105/><D105/><U84/><E65/><V131/><F131/><W100/><G115/><T17/><D128/><U62/><E108/><V120/><F104/><W107/><G107/><T50/><D67/><U44/><E34/><V106/><F106/><W2/><G2/><T18/><D126/><U57/><E3/><V121/><F46/><W132/><G132/><T13/><REACH who="0" step="1"/><D90/><REACH who="0" ten="209,249,254,278" step="2"/><N who="1" m="53319" /><E44/><V27/><F66/><W76/><G72/><T77/><D77/><U21/><E93/><AGARI ba="0,1" hai="4,7,8,11,13,14,17,18,19,48,50,85,89,93" machi="93" ten="40,5200,0" yaku="1,1,9,1,8,1,53,0" doraHai="133" doraHaiUra="60" who="0" fromWho="1" sc="209,62,249,-52,254,0,278,0" /><INIT seed="3,0,0,5,0,109" ten="271,197,254,278" oya="3" hai0="50,60,24,1,132,34,21,61,33,41,79,126,77" hai1="37,51,98,6,122,56,65,100,106,81,131,133,128" hai2="69,119,11,108,38,29,67,71,49,48,121,0,95" hai3="43,104,93,87,64,105,70,23,63,26,110,78,103"/><W15/><G110/><T2/><D132/><U32/><E37/><V112/><F29/><W113/><G113/><T52/><D41/><U68/><E32/><V73/><F95/><W107/><G43/><T115/><D115/><U124/><E122/><V19/><F19/><W17/><G78/><T4/><D4/><U7/><E133/><V116/><F11/><W97/><REACH who="3" step="1"/><G26/><REACH who="3" ten="271,197,254,268" step="2"/><T99/><D24/><U46/><E124/><V28/><F112/><W80/><G80/><T18/><D77/><U13/><E68/><V101/><F108/><W72/><G72/><T123/><D79/><U5/><E81/><V83/><F83/><W88/><AGARI ba="0,1" hai="15,17,23,63,64,70,87,88,93,97,103,104,105,107" machi="88" ten="30,6000,0" yaku="1,1,0,1,54,1,53,0" doraHai="109" doraHaiUra="54" who="3" fromWho="3" sc="271,-20,197,-20,254,-20,268,70" owari="251,5.1,177,-32.3,234,-16.6,338,43.8" /></mjloggm>