<mjloggm ver="2.3"><GO type="225" lobby="0"/><UN n0="%E3%83%B4%E3%82%A3%E3%83%AF%E3%82%B3%E3%82%B0%E3%83%8B" n1="%E3%81%AF%E3%81%BE%E3%81%A1%E3%83%AA%E3%83%BC%E3%82%B0" n2="%E3%81%BF%E3%81%BF%E3%81%9A" n3="%E3%81%AF%E3%82%88%E3%81%8A%E3%81%98%E3%81%95%E3%82%93" dan="17,16,17,16" rate="2227.58,2096.64,2187.46,2165.07" sx="M,M,M,M"/><TAIKYOKU oya="0"/><INIT seed="0,0,0,4,5,29" ten="250,250,250,250" oya="0" hai0="78,120,50,90,22,62,114,8,82,32,74,2,126" hai1="109,20,122,124,72,70,118,95,75,130,30,34,27" hai2="129,51,47,89,44,37,98,13,103,4,105,0,28" hai3="68,125,119,127,35,111,83,112,12,42,6,45,135"/><T106/><D126/><N who="3" m="48137" /><G68/><T76/><D120/><U113/><E122/><V81/><F129/><W132/><G83/><T64/><D114/><U58/><E124/><V121/><F121/><W133/><G112/><T128/><D128/><U3/><E130/><V92/><F0/><W53/><G119/><T104/><D76/><U107/><E118/><V26/><F37/><N who="3" m="21711" /><G111/><T87/><D50/><U31/><E109/><V101/><F81/><W7/><G53/><T38/><D22/><U110/><E107/><V14/><F47/><W102/><G102/><T65/><D38/><U56/><E113/><V115/><F115/><W24/><G12/><T60/><D74/><U49/><E3/><V94/><F105/><W71/><G71/><T59/><D78/><U116/><E70/><V123/><F123/><W17/><G17/><T16/><D2/><U99/><E116/><V23/><F4/><W57/><G57/><T97/><D106/><U54/><E56/><V108/><F108/><W67/><G67/><N who="0" m="25675" /><D59/><U19/><E31/><AGARI ba="0,0" hai="6,7,24,31,35,132,133,135" m="21711,48137" machi="31" ten="40,5200,0" yaku="20,1,18,1,52,1" doraHai="29" who="3" fromWho="1" sc="250,0,250,-52,250,0,250,52" /><INIT seed="1,0,0,2,1,111" ten="250,198,250,302" oya="1" hai0="75,19,105,94,28,120,125,31,71,74,30,88,121" hai1="116,124,70,78,21,59,103,34,37,13,63,110,51" hai2="95,38,33,128,23,81,77,27,10,18,130,1,118" hai3="90,20,42,69,67,41,17,109,16,66,117,49,3"/><U35/><E116/><V15/><F118/><W135/><G117/><T52/><D105/><U106/><E37/><V127/><F127/><W134/><G3/><T50/><D71/><U44/><E124/><V2/><F38/><W92/><G109/><T87/><D125/><U54/><E70/><V0/><F95/><W62/><G66/><T112/><D19/><U25/><E110/><V26/><F81/><W102/><G102/><T93/><D93/><U46/><E78/><V98/><F98/><W12/><G17/><T79/><D112/><U36/><E13/><V48/><F48/><W131/><G131/><N who="2" m="50217" /><F77/><W84/><REACH who="3" step="1"/><G49/><REACH who="3" ten="250,198,250,292" step="2"/><T96/><D121/><U53/><E36/><V58/><F58/><W114/><G114/><T55/><D120/><U47/><E103/><V101/><F101/><W123/><G123/><T65/><D65/><U89/><E106/><V64/><F64/><W108/><G108/><T43/><D50/><U76/><E44/><V4/><F27/><W56/><G56/><T22/><D74/><U29/><E46/><V107/><F107/><W7/><G7/><T8/><D75/><U91/><REACH who="1" step="1"/><E76/><REACH who="1" ten="250,188,250,292" step="2"/><V83/><F1/><W24/><G24/><T11/><D79/><U115/><E115/><V122/><F122/><W97/><G97/><T5/><D96/><U99/><E99/><V73/><F0/><W100/><G100/><T80/><D5/><U6/><E6/><V119/><F119/><W133/><AGARI ba="0,2" hai="12,16,20,41,42,62,67,69,84,90,92,133,134,135" machi="133" ten="30,12000,2" yaku="1,1,0,1,20,1,54,1,53,3" doraHai="111" doraHaiUra="129" who="3" fromWho="3" sc="250,-30,188,-60,250,-30,292,140" /><INIT seed="2,0,0,2,4,36" ten="220,128,220,432" oya="2" hai0="123,128,30,127,83,35,61,42,64,69,47,78,41" hai1="99,43,130,110,21,108,118,109,114,65,120,107,14" hai2="66,106,56,131,8,62,6,134,124,46,58,50,39" hai3="88,89,81,3,19,32,93,116,28,97,24,86,9"/><V38/><F106/><W27/><G116/><T60/><D123/><U29/><E65/><V44/><F124/><W34/><G19/><T82/><D127/><U4/><E107/><V98/><F131/><W104/><G104/><T48/><D128/><U84/><E99/><V40/><F134/><W2/><REACH who="3" step="1"/><G9/><REACH who="3" ten="220,128,220,422" step="2"/><T68/><D30/><AGARI ba="0,1" hai="2,3,24,27,28,30,32,34,81,86,88,89,93,97" machi="30" ten="40,8000,1" yaku="1,1,2,1,9,1,54,1,53,0" doraHai="36" doraHaiUra="51" who="3" fromWho="0" sc="220,-80,128,0,220,0,422,90" /><INIT seed="3,0,0,0,5,40" ten="140,128,220,512" oya="3" hai0="1,75,131,71,106,109,121,124,38,37,12,115,25" hai1="83,58,135,67,133,0,18,111,77,104,94,50,105" hai2="52,99,42,123,88,2,10,48,41,57,120,21,51" hai3="4,96,97,7,90,122,59,86,9,82,63,17,84"/><W26/><G122/><N who="2" m="46633" /><F48/><W6/><G86/><T114/><D25/><U44/><E0/><V65/><F65/><W49/><G49/><T125/><D12/><U89/><E111/><V28/><F28/><W116/><G116/><T79/><D121/><U31/><E31/><V30/><F21/><N who="3" m="13615" /><G9/><T70/><D1/><U27/><E58/><V129/><F129/><W19/><G19/><T56/><D109/><U73/><E67/><AGARI ba="0,0" hai="4,6,7,59,63,67,82,84,90,96,97" m="13615" machi="67" ten="30,1500,0" yaku="8,1" doraHai="40" who="3" fromWho="1" sc="140,0,128,-15,220,0,512,15" owari="140,-26.0,113,-38.7,220,2.0,527,62.7" /></mjloggm>