<mjloggm ver="2.3"><GO type="225" lobby="0"/><UN n0="%E4%BF%BA%E3%81%A8%E5%A6%96%E5%A4%A2" n1="%E3%81%82%E3%81%99%E3%81%AB%E3%82%83%E3%82%80" n2="%E3%81%A4%E3%81%A3%E3%81%B1%E3%82%8A%E3%83%9D%E3%83%BC%E3%83%AB" n3="%E3%83%81%E3%83%83%E3%82%BF%E3%82%BD%E3%83%BC" dan="16,18,17,16" rate="2234.25,2272.33,2180.50,2195.83" sx="F,F,M,F"/><TAIKYOKU oya="0"/><INIT seed="0,0,0,0,2,24" ten="250,250,250,250" oya="0" hai0="58,129,119,76,91,48,43,126,14,70,133,98,45" hai1="8,90,57,10,33,121,63,60,28,54,86,93,21" hai2="112,105,39,4,38,96,9,83,52,26,62,11,18" hai3="102,75,113,81,116,122,89,73,124,1,7,84,51"/><T67/><D119/><U95/><E33/><V31/><F112/><W106/><G7/><T127/><D76/><U80/><E121/><V78/><F18/><W74/><G1/><T3/><D3/><U132/><E132/><V128/><F128/><W42/><G51/><T56/><D98/><U72/><E60/><V103/><F62/><W12/><G12/><T37/><D91/><U36/><E36/><V120/><F52/><W29/><G42/><T110/><D14/><U25/><E72/><V30/><F120/><W17/><G17/><T23/><D23/><U53/><E53/><V6/><F11/><AGARI ba="0,0" hai="8,10,11,21,25,28,54,57,63,80,86,90,93,95" machi="11" ten="40,2600,0" yaku="8,1,52,1" doraHai="24" who="1" fromWho="2" sc="250,0,250,26,250,-26,250,0" /><INIT seed="1,0,0,5,5,91" ten="250,276,224,250" oya="1" hai0="79,119,117,84,1,103,134,44,122,19,112,111,41" hai1="105,73,87,29,83,66,4,23,123,128,90,113,121" hai2="92,9,40,86,130,108,129,33,95,13,116,124,52" hai3="110,58,94,18,2,75,39,55,0,8,24,133,107"/><U77/><E113/><V49/><F33/><W125/><G107/><T25/><D112/><U10/><E105/><V80/><F116/><W51/><G75/><T17/><D1/><U5/><E128/><N who="2" m="49259" /><F40/><W89/><G110/><T106/><D111/><U131/><E131/><V72/><F72/><W38/><G125/><T68/><D68/><U43/><E66/><V109/><F124/><W20/><G133/><T53/><D53/><U22/><E43/><V11/><F109/><W31/><G0/><T50/><D134/><U34/><E34/><V120/><F120/><W65/><G65/><T64/><D64/><U126/><E4/><N who="2" m="3239" /><F11/><W104/><G104/><T93/><D122/><U76/><E126/><V78/><F108/><W21/><G8/><T98/><D17/><U59/><E73/><V56/><AGARI ba="0,0" hai="49,52,56,78,80,86,92,95" m="3239,49259" machi="56" ten="30,7900,0" yaku="19,1,52,2,54,1" doraHai="91" who="2" fromWho="2" sc="250,-20,276,-39,224,79,250,-20" /><INIT seed="2,0,0,0,2,120" ten="230,237,303,230" oya="2" hai0="107,4,35,32,90,113,72,24,65,16,2,116,41" hai1="126,5,74,95,91,93,12,127,56,18,10,108,43" hai2="33,0,102,96,125,115,112,50,132,97,83,76,92" hai3="9,40,11,66,7,114,19,3,22,121,42,20,63"/><V81/><F33/><W31/><G121/><T128/><D107/><U86/><E74/><N who="2" m="43159" /><F50/><W44/><G114/><T17/><D72/><U129/><E129/><V70/><F70/><W57/><G31/><N who="0" m="19559" /><D65/><U87/><E43/><V21/><F21/><W135/><G135/><T123/><D41/><U54/><E108/><V110/><F0/><W23/><REACH who="3" step="1"/><G44/><REACH who="3" ten="230,237,303,220" step="2"/><T98/><D113/><U94/><E126/><V67/><F132/><W79/><G79/><T51/><D123/><U6/><E127/><V47/><F47/><W25/><G25/><T15/><D128/><U36/><E36/><V85/><F125/><W48/><G48/><T75/><D51/><N who="1" m="30815" /><E86/><V122/><F85/><W119/><G119/><T88/><D75/><U78/><E78/><V118/><F122/><W111/><G111/><T106/><D116/><U38/><E38/><V37/><F110/><W69/><G69/><T133/><D133/><U61/><E61/><V104/><F37/><W101/><G101/><T13/><D35/><U59/><E59/><V62/><F118/><W77/><G77/><T80/><D90/><U64/><E64/><V73/><F115/><W28/><G28/><T46/><D46/><U131/><E131/><V109/><F112/><W30/><G30/><T39/><D39/><U45/><E45/><V71/><F109/><W130/><G130/><T103/><D88/><U49/><E49/><V8/><F73/><W52/><G52/><T82/><D103/><U34/><E34/><V55/><F102/><W26/><G26/><T117/><D117/><U53/><E53/><V99/><F55/><RYUUKYOKU ba="0,1" sc="230,-15,237,15,303,-15,220,15" hai1="5,6,10,12,18,87,91,93,94,95" hai3="3,7,9,11,19,20,22,23,40,42,57,63,66" /><INIT seed="3,1,1,4,0,13" ten="215,252,288,235" oya="3" hai0="57,134,80,7,15,91,71,61,25,53,110,94,1" hai1="104,135,60,59,33,58,35,55,96,103,22,24,116" hai2="31,21,16,129,79,112,132,84,127,125,56,107,39" hai3="11,88,113,77,14,130,41,10,105,75,70,32,50"/><W48/><G113/><T73/><D1/><U20/><E135/><V49/><F112/><W114/><G114/><T131/><D134/><U4/><E116/><V5/><F132/><W89/><G32/><T121/><D121/><U99/><E4/><V18/><F39/><W97/><G70/><T42/><D71/><U19/><E99/><V106/><F5/><W34/><G34/><T111/><D131/><U124/><E124/><N who="2" m="47691" /><F31/><W27/><G27/><T83/><D73/><U85/><E85/><V9/><F9/><W117/><G10/><N who="0" m="4575" /><D42/><U67/><REACH who="1" step="1"/><E22/><REACH who="1" ten="215,242,288,235" step="2"/><V81/><F21/><W95/><G117/><T54/><D111/><U62/><AGARI ba="1,2" hai="19,20,24,33,35,55,58,59,60,62,67,96,103,104" machi="62" ten="20,8000,1" yaku="1,1,2,1,0,1,7,1,52,1,53,0" doraHai="13" doraHaiUra="44" who="1" fromWho="1" sc="215,-21,242,103,288,-21,235,-41" owari="194,-20.6,345,44.5,267,6.7,194,-30.6" /></mjloggm>