<mjloggm ver="2.3"><GO type="225" lobby="0"/><UN n0="%E4%BF%BA%E3%81%A8%E5%A6%96%E5%A4%A2" n1="%47%48%4F%53%54" n2="%77%72%77%72%77%72%77%72" n3="%6E%65%6F%E3%82%BD%E3%83%83%E3%82%AF%E3%82%B9%E2%99%AA" dan="16,18,16,16" rate="2136.01,2208.56,2184.09,2141.47" sx="F,M,M,M"/><TAIKYOKU oya="0"/><INIT seed="0,0,0,3,0,28" ten="250,250,250,250" oya="0" hai0="80,59,129,84,114,48,19,98,6,7,135,54,87" hai1="97,50,99,15,116,81,128,53,12,49,104,33,45" hai2="62,56,132,108,78,100,0,20,96,110,74,37,29" hai3="34,121,13,120,71,44,67,118,2,101,61,64,69"/><T60/><D114/><U77/><E116/><V31/><F37/><W90/><G2/><T38/><D129/><U131/><E33/><V17/><F0/><W22/><G118/><T113/><D113/><U4/><E50/><V92/><F132/><W30/><G101/><T94/><D38/><U41/><E41/><V82/><F17/><N who="3" m="10543" /><G44/><T11/><D135/><U123/><E123/><N who="3" m="47178" /><G90/><T93/><D19/><U102/><E99/><V26/><REACH who="2" step="1"/><F29/><REACH who="2" ten="250,250,240,250" step="2"/><W127/><G127/><T25/><D7/><U24/><E4/><V126/><F126/><W5/><G5/><T133/><D133/><U9/><E131/><V130/><F130/><W8/><G8/><T72/><D11/><U83/><E9/><V10/><F10/><W58/><G64/><AGARI ba="0,1" hai="20,26,31,56,62,64,74,78,82,92,96,100,108,110" machi="64" ten="40,5200,0" yaku="1,1,25,2,53,0" doraHai="28" doraHaiUra="43" who="2" fromWho="3" sc="250,0,250,0,240,62,250,-52" /><INIT seed="1,0,0,0,4,18" ten="250,250,302,198" oya="1" hai0="69,107,86,135,114,105,84,108,121,70,46,85,104" hai1="75,30,58,1,103,35,23,115,76,22,110,21,6" hai2="91,98,66,117,55,99,60,72,19,14,129,27,118" hai3="20,133,111,87,49,36,52,5,122,43,125,93,82"/><U100/><E115/><V120/><F120/><W134/><G122/><T8/><D121/><U101/><E110/><V17/><F72/><W89/><G111/><T123/><D123/><U33/><E30/><V95/><F129/><W44/><G125/><T80/><D108/><U77/><E58/><V124/><F124/><W4/><G134/><T7/><D114/><U97/><E97/><V119/><F55/><W106/><G106/><T61/><D135/><U130/><E130/><V74/><F74/><W57/><G133/><T102/><D102/><U39/><E39/><V65/><F65/><W10/><G10/><T34/><D34/><N who="1" m="12811" /><E75/><V112/><F112/><W42/><G42/><T64/><D46/><U24/><E24/><V51/><F51/><W31/><REACH who="3" step="1"/><G93/><REACH who="3" ten="250,250,302,188" step="2"/><T3/><REACH who="0" step="1"/><D70/><REACH who="0" ten="240,250,302,188" step="2"/><U40/><E40/><V29/><F119/><W132/><G132/><T113/><D113/><U0/><E6/><V28/><F118/><W92/><G92/><T50/><D50/><U81/><E81/><AGARI ba="0,2" hai="3,7,8,61,64,69,80,81,84,85,86,104,105,107" machi="81" ten="50,1600,0" yaku="1,1,53,0" doraHai="18" doraHaiUra="90" who="0" fromWho="1" sc="240,36,250,-16,302,0,188,0" /><INIT seed="2,0,0,0,5,28" ten="276,234,302,188" oya="2" hai0="8,100,64,110,52,5,34,105,59,131,81,12,45" hai1="4,119,117,63,95,1,106,61,11,90,82,83,3" hai2="129,130,47,97,16,0,33,40,48,51,134,115,22" hai3="38,103,68,104,109,46,102,99,55,114,13,123,88"/><V20/><F115/><W118/><G118/><T57/><D110/><U43/><E106/><V15/><F33/><W125/><G123/><T21/><D131/><N who="2" m="50186" /><F134/><W66/><G109/><T29/><D105/><U25/><E43/><V27/><F0/><W74/><G114/><T128/><D100/><U107/><E107/><V86/><F86/><W67/><G125/><T32/><D128/><U7/><E25/><V65/><F65/><W35/><G102/><T96/><D96/><U72/><E72/><V98/><F51/><W37/><G74/><T24/><D45/><U14/><E14/><V87/><F87/><W113/><G113/><T73/><D59/><U42/><E42/><V58/><F58/><W71/><G13/><T30/><D30/><AGARI ba="0,0" hai="15,16,20,22,27,30,40,47,48,97,98" m="50186" machi="30" ten="30,2900,0" yaku="19,1,54,1" doraHai="28" who="2" fromWho="0" sc="276,-29,234,0,302,29,188,0" /><INIT seed="2,1,0,0,1,9" ten="247,234,331,188" oya="2" hai0="65,24,97,101,124,11,40,114,16,0,52,71,83" hai1="12,57,42,92,78,45,91,90,3,28,48,69,118" hai2="82,1,117,14,54,129,113,131,18,89,72,7,62" hai3="37,33,126,77,50,38,34,4,29,111,30,98,70"/><V51/><F113/><W119/><G119/><T104/><D114/><U31/><E118/><V133/><F117/><W73/><G70/><T103/><D124/><U121/><E3/><V99/><F133/><W109/><G77/><T130/><D130/><N who="2" m="49674" /><F62/><W15/><G98/><T46/><D101/><U123/><E69/><V23/><F1/><W25/><G50/><T32/><D71/><U22/><E78/><N who="2" m="44359" /><F7/><W2/><G2/><T86/><D65/><U36/><E91/><V68/><F68/><W61/><G61/><T88/><D0/><U19/><E121/><V85/><F99/><W79/><G79/><T84/><D84/><N who="1" m="52295" /><E123/><V93/><F51/><W110/><G73/><T58/><D40/><U49/><E36/><V64/><F54/><AGARI ba="1,0" hai="12,19,22,28,31,42,45,48,49,54,57" m="52295" machi="54" ten="30,3900,0" yaku="25,1,8,1,52,1" doraHai="9" who="1" fromWho="2" sc="247,0,234,42,331,-42,188,0" /><INIT seed="3,0,0,0,5,20" ten="247,276,289,188" oya="3" hai0="58,105,0,54,109,74,24,44,84,3,4,70,131" hai1="104,39,111,120,115,80,51,134,60,128,15,31,123" hai2="114,47,59,96,101,10,72,12,33,16,34,66,5" hai3="17,110,113,89,18,94,29,135,68,21,41,64,38"/><W22/><G113/><T50/><D74/><U36/><E104/><V28/><F72/><W81/><G135/><T62/><D105/><U86/><E134/><V100/><F114/><W46/><G110/><T56/><D109/><U30/><E111/><V98/><F47/><W43/><G81/><T75/><D75/><U82/><E15/><N who="2" m="5583" /><F33/><W117/><G117/><T118/><D118/><U63/><E86/><V93/><F28/><W8/><G8/><T1/><D131/><U99/><E99/><N who="2" m="59503" /><F34/><W122/><G122/><T106/><D106/><U76/><E51/><V124/><F124/><W2/><G2/><T32/><D4/><U112/><REACH who="1" step="1"/><E76/><REACH who="1" ten="247,266,289,188" step="2"/><V49/><F49/><W57/><G43/><T71/><D84/><U90/><E90/><V19/><F98/><W79/><G79/><T95/><D0/><U85/><E85/><V132/><F96/><W13/><G89/><T126/><D126/><U37/><E37/><V102/><F101/><W77/><G77/><T73/><D73/><U88/><E88/><V97/><F102/><W127/><G127/><T129/><D3/><U92/><E92/><V23/><F97/><W14/><G94/><T103/><D1/><U91/><E91/><V35/><F132/><W6/><G6/><T125/><D125/><U53/><E53/><V40/><F40/><W7/><G7/><T67/><D95/><U45/><E45/><V11/><F12/><W25/><G14/><T27/><D103/><U130/><AGARI ba="0,1" hai="30,31,36,39,60,63,80,82,112,115,120,123,128,130" machi="130" ten="25,12000,2" yaku="1,1,0,1,22,2,53,2" doraHai="20" doraHaiUra="119" who="1" fromWho="1" sc="247,-30,266,130,289,-30,188,-60" owari="217,-18.3,396,49.6,259,5.9,128,-37.2" /></mjloggm>