<mjloggm ver="2.3"><GO type="225" lobby="0"/><UN n0="%E3%83%96%E3%83%83%E3%83%91%E3%82%AA%E3%83%96%E3%83%81%E3%82%AD%E3%83%B3" n1="%E3%81%99%E3%81%84%E3%81%BE%E3%81%9B%E3%83%BC%E3%82%93" n2="%E3%81%95%E3%81%8D%E3%81%9F%E3%81%BE%E6%9E%97%E6%AA%8E" n3="%E6%98%93%E5%88%A9%E8%96%A9%E4%BC%AF" dan="16,18,16,17" rate="2172.27,2198.41,2115.62,2143.24" sx="M,M,M,F"/><TAIKYOKU oya="0"/><INIT seed="0,0,0,1,1,61" ten="250,250,250,250" oya="0" hai0="71,25,115,53,132,105,74,62,20,45,41,23,27" hai1="31,42,12,100,15,84,135,73,6,76,3,46,34" hai2="97,26,116,48,50,24,51,111,118,54,43,96,33" hai3="128,16,78,98,99,119,1,55,35,80,39,89,91"/><T77/><D115/><U13/><E135/><V106/><F106/><W123/><G35/><T125/><D105/><U113/><E113/><V5/><F5/><W107/><G1/><T57/><D132/><U126/><E126/><V122/><F122/><W108/><G119/><N who="2" m="45609" /><F43/><W21/><G39/><T109/><D125/><U8/><E100/><V120/><F120/><W68/><G123/><T18/><D109/><U101/><E101/><V66/><F111/><W124/><G124/><T104/><D104/><U64/><E84/><V127/><F127/><W29/><G29/><T10/><D71/><U88/><E88/><N who="3" m="33866" /><G68/><T47/><D10/><U11/><E8/><V22/><F33/><W133/><G128/><T134/><D134/><U38/><E31/><V103/><F103/><W63/><G107/><T4/><D4/><U83/><E34/><V85/><F85/><N who="3" m="48279" /><G108/><T59/><D41/><U110/><E110/><V2/><F2/><W19/><G19/><T81/><REACH who="0" step="1"/><D59/><REACH who="0" ten="240,250,250,250" step="2"/><U131/><E131/><V69/><F69/><W36/><G133/><T95/><D95/><U93/><E93/><V65/><F97/><W90/><G99/><T44/><D44/><U129/><E129/><V0/><F96/><W112/><G98/><T79/><D79/><U56/><E56/><N who="2" m="32839" /><F0/><W28/><G112/><T58/><D58/><U14/><E3/><V17/><F26/><W114/><G114/><T70/><D70/><U86/><E13/><V94/><F94/><W75/><G90/><T37/><D37/><U92/><E6/><V30/><F17/><AGARI ba="0,1" hai="17,18,20,23,25,27,45,47,53,57,62,74,77,81" machi="17" ten="30,5800,0" yaku="1,1,7,1,9,1,53,0" doraHai="61" doraHaiUra="60" who="0" fromWho="2" sc="240,68,250,0,250,-58,250,0" /><INIT seed="0,1,0,2,3,20" ten="308,250,192,250" oya="0" hai0="25,92,79,130,38,98,131,71,34,135,97,13,58" hai1="116,85,129,83,14,53,17,4,15,125,66,123,109" hai2="19,44,3,9,26,50,48,36,86,52,76,61,128" hai3="100,134,108,73,117,60,87,75,49,24,110,67,33"/><T78/><D71/><U40/><E116/><V115/><F115/><W113/><G117/><T5/><D38/><U43/><E123/><V96/><F128/><N who="0" m="49194" /><D135/><U104/><E129/><V133/><F133/><W59/><G113/><T0/><D0/><U82/><E104/><V46/><F36/><W91/><G100/><N who="0" m="60455" /><D58/><U12/><E109/><N who="3" m="42090" /><G134/><T84/><D98/><U2/><E125/><V99/><F3/><W111/><N who="3" m="42098" /><W31/><DORA hai="119" /><G49/><T51/><D51/><U120/><E2/><V95/><F61/><W114/><G114/><T118/><D118/><U47/><E120/><V42/><F9/><W23/><G33/><T30/><D84/><U74/><E85/><V37/><F37/><W102/><G102/><T29/><D29/><U6/><E74/><V39/><F39/><W121/><G121/><T41/><D41/><U28/><E43/><V8/><F8/><AGARI ba="1,0" hai="5,8,13,25,30,34,78,79" m="60455,49194" machi="8" ten="30,2900,0" yaku="19,1,52,1" doraHai="20,119" who="0" fromWho="2" sc="308,32,250,0,192,-32,250,0" /><INIT seed="0,2,0,4,2,53" ten="340,250,160,250" oya="0" hai0="91,86,134,46,129,36,124,37,127,16,43,40,31" hai1="94,1,83,119,65,47,87,74,109,60,125,122,113" hai2="68,112,44,133,106,77,26,64,9,17,80,19,131" hai3="15,110,12,70,98,75,32,67,100,10,79,13,8"/><T88/><D31/><U71/><E119/><V29/><F112/><W41/><G32/><T69/><D69/><U5/><E122/><V56/><F68/><W135/><G110/><T30/><D30/><U11/><E109/><V54/><F106/><W39/><G135/><T50/><D134/><U4/><E125/><N who="0" m="48201" /><D129/><U132/><E132/><V51/><F133/><W14/><G41/><T95/><D43/><U104/><E104/><V27/><F131/><W78/><G39/><T81/><D16/><N who="2" m="6218" /><F29/><W114/><G114/><T33/><D33/><U21/><E113/><V49/><F9/><W18/><G75/><T92/><D92/><U55/><E94/><V73/><F73/><W24/><G24/><N who="2" m="9257" /><F80/><W48/><G10/><T130/><D130/><U118/><E74/><V76/><F51/><W97/><G48/><T93/><D93/><U45/><E11/><V3/><F3/><W101/><G8/><T120/><D120/><U85/><E1/><V62/><AGARI ba="2,0" hai="44,49,54,56,62,64,76,77" m="9257,6218" machi="62" ten="30,4000,0" yaku="8,1,52,1,54,1" doraHai="53" who="2" fromWho="2" sc="340,-22,250,-12,160,46,250,-12" /><INIT seed="1,0,0,0,1,114" ten="318,238,206,238" oya="1" hai0="100,58,43,121,102,46,77,69,8,122,80,119,29" hai1="26,85,78,101,127,55,53,12,1,34,22,21,126" hai2="2,25,83,39,27,64,113,3,95,103,88,111,109" hai3="131,82,112,134,30,133,40,118,14,94,72,33,51"/><U130/><E1/><V90/><F39/><W15/><G112/><T59/><D69/><U91/><E130/><V117/><F113/><W13/><G131/><T128/><D128/><U41/><E78/><V107/><F107/><W96/><G82/><T23/><D8/><U110/><E110/><N who="2" m="41995" /><F64/><W67/><G67/><T31/><D119/><U16/><E101/><N who="0" m="39017" /><D59/><U7/><E41/><V47/><F47/><W89/><G72/><T0/><D58/><U115/><E34/><V44/><F44/><W10/><G10/><T66/><D23/><U74/><E74/><V20/><F20/><W125/><G125/><N who="1" m="47626" /><E7/><V93/><F103/><W24/><G40/><T106/><D0/><N who="2" m="42" /><F83/><W56/><G56/><T75/><D106/><U70/><E70/><V45/><F45/><W48/><G134/><T11/><D43/><U54/><E115/><V68/><F68/><W97/><G133/><T73/><D73/><U38/><E38/><V105/><F105/><W84/><G118/><T50/><D75/><U76/><E76/><V35/><F117/><W37/><G37/><T5/><D77/><U4/><E4/><V71/><F71/><W86/><G89/><N who="2" m="34409" /><F35/><W98/><G94/><AGARI ba="0,0" hai="25,27,93,94,95" m="34409,42,41995" machi="94" ten="40,8000,1" yaku="28,2,14,1,54,1" doraHai="114" who="2" fromWho="3" sc="318,0,238,0,206,80,238,-80" /><INIT seed="2,0,0,2,2,124" ten="318,238,286,158" oya="2" hai0="25,59,4,38,28,80,67,33,125,19,119,54,106" hai1="18,76,5,55,9,12,62,97,47,27,36,35,66" hai2="11,98,132,88,112,45,22,21,99,102,26,14,134" hai3="103,117,127,83,118,77,113,2,39,75,114,91,43"/><V0/><F112/><N who="3" m="43115" /><G43/><T116/><D125/><U105/><E76/><V128/><F0/><W16/><G39/><T107/><D38/><U71/><E35/><V78/><F78/><W3/><G16/><T31/><D4/><U109/><E109/><V50/><F102/><W1/><G127/><T44/><D31/><U79/><E79/><V56/><F56/><W104/><G91/><T108/><D108/><U10/><E27/><V61/><F61/><W13/><G13/><T41/><D80/><U81/><E81/><V85/><F99/><AGARI ba="0,0" hai="1,2,3,75,77,83,99,103,104,117,118" m="43115" machi="99" ten="40,2600,0" yaku="11,1,23,1" doraHai="124" who="3" fromWho="2" sc="318,0,238,0,286,-26,158,26" /><INIT seed="3,0,0,2,0,110" ten="318,238,260,184" oya="3" hai0="43,133,134,41,99,86,46,123,81,31,107,84,15" hai1="76,62,122,108,10,85,14,3,23,57,16,92,89" hai2="52,48,69,118,32,97,64,74,79,100,96,125,44" hai3="19,60,25,91,51,28,116,105,24,103,59,90,65"/><W53/><G116/><T119/><D123/><U40/><E108/><V104/><F118/><W35/><G24/><T0/><D119/><U58/><E122/><V71/><F125/><W129/><G129/><T126/><D0/><U124/><E124/><V7/><F7/><W45/><REACH who="3" step="1"/><G19/><REACH who="3" ten="318,238,260,174" step="2"/><T67/><D126/><U128/><E128/><V77/><F32/><W132/><G132/><T50/><D134/><U12/><E16/><V55/><F74/><W82/><G82/><T109/><D81/><U47/><E14/><V26/><F26/><W22/><G22/><T95/><D133/><U38/><E23/><V42/><F71/><W20/><G20/><T106/><D109/><U30/><E12/><V70/><F69/><W131/><G131/><T72/><D15/><U2/><E2/><V1/><F1/><W34/><G34/><T66/><D72/><U8/><E3/><V39/><F70/><W93/><G93/><T9/><D95/><U78/><E30/><V98/><F104/><W73/><G73/><T56/><D31/><U13/><E13/><V113/><F100/><W54/><G54/><T88/><D107/><U18/><E18/><V36/><F55/><W112/><G112/><T21/><D106/><U101/><E101/><V75/><F113/><W83/><G83/><T17/><D21/><U111/><E111/><V6/><F75/><W61/><G61/><T121/><D17/><U94/><E92/><V5/><F52/><W37/><G37/><T114/><D114/><U11/><E62/><V63/><F39/><W80/><G80/><N who="0" m="49159" /><D121/><U29/><E29/><RYUUKYOKU ba="0,1" sc="318,-15,238,15,260,-15,174,15" hai1="8,10,11,38,40,47,57,58,76,78,85,89,94" hai3="25,28,35,45,51,53,59,60,65,90,91,103,105" /><INIT seed="3,1,1,0,1,15" ten="303,253,245,189" oya="3" hai0="125,5,131,61,44,85,83,91,127,68,78,19,111" hai1="52,62,66,122,10,6,113,107,39,87,128,108,16" hai2="67,0,20,100,22,95,27,34,8,105,4,133,72" hai3="14,18,106,50,43,13,60,117,38,103,2,81,92"/><W77/><G117/><T28/><D111/><U7/><E122/><V112/><F112/><W74/><G2/><T84/><D131/><U51/><E113/><V132/><F72/><W33/><G106/><T70/><D5/><U37/><E107/><V57/><F105/><W55/><G33/><T79/><D28/><U114/><E114/><V134/><F34/><W101/><G60/><T11/><D44/><U98/><E108/><V90/><F100/><W104/><G104/><T94/><D78/><U71/><E98/><V53/><F67/><W121/><G121/><T56/><D11/><U69/><E71/><V115/><F115/><W59/><G14/><T73/><D19/><U42/><E128/><V12/><F0/><W46/><REACH who="3" step="1"/><G92/><REACH who="3" ten="303,253,245,179" step="2"/><T129/><D129/><U99/><E62/><N who="2" m="36143" /><F27/><W124/><G124/><N who="0" m="47691" /><D73/><U88/><E69/><V82/><F82/><W80/><G80/><T26/><D26/><U96/><E66/><AGARI ba="1,2" hai="56,61,66,68,70,79,83,84,85,91,94" m="47691" machi="66" ten="30,1000,0" yaku="18,1" doraHai="15" who="0" fromWho="1" sc="303,33,253,-13,245,0,179,0" owari="336,43.6,240,-16.0,245,4.5,179,-32.1" /></mjloggm>