<mjloggm ver="2.3"><GO type="225" lobby="0"/><UN n0="%E3%81%B2%E3%81%AA%E3%81%AE%E3%82%8A%E3%81%8F" n1="%E4%B8%8B%E6%AE%B5%E3%83%81%E3%82%A7%E3%83%AA%E3%83%BC" n2="%E9%A6%AC%E5%BC%95%E7%81%AB%33" n3="%E6%97%A5%E6%9B%9C%E6%97%A5%E3%82%88%E3%82%8A%E3%81%AE%E4%BD%BF%E8%80%85" dan="16,16,16,17" rate="2112.80,2156.32,2071.02,2225.37" sx="M,M,M,M"/><TAIKYOKU oya="0"/><INIT seed="0,0,0,0,0,21" ten="250,250,250,250" oya="0" hai0="106,31,66,14,54,131,55,130,29,20,46,101,39" hai1="28,120,129,65,17,53,121,116,134,4,32,9,84" hai2="92,95,52,90,64,59,69,43,122,98,81,57,127" hai3="103,94,89,34,118,48,86,88,3,60,61,75,105"/><T37/><D66/><U74/><E74/><V25/><F122/><N who="1" m="47209" /><E65/><V109/><F109/><W87/><G75/><T47/><D101/><U132/><E84/><V51/><F127/><W45/><G3/><T30/><D106/><U115/><E53/><N who="0" m="19977" /><D14/><N who="1" m="5415" /><E116/><V38/><F81/><W125/><G118/><T80/><D20/><U50/><E50/><V26/><F92/><W27/><G125/><T128/><D80/><U40/><E40/><V83/><F59/><W110/><G110/><T108/><D108/><U100/><E100/><V0/><F0/><W124/><G124/><T123/><D123/><U117/><E117/><V72/><F83/><W79/><G79/><T36/><AGARI ba="0,0" hai="29,30,31,36,37,39,46,47,128,130,131" m="19977" machi="36" ten="50,12000,1" yaku="29,2,28,2,19,1" doraHai="21" who="0" fromWho="0" sc="250,120,250,-40,250,-40,250,-40" /><INIT seed="0,1,0,1,3,59" ten="370,210,210,210" oya="0" hai0="1,15,42,57,7,45,64,28,70,97,49,34,52" hai1="125,72,129,30,54,51,31,38,82,85,69,11,66" hai2="79,80,107,86,104,128,16,24,40,35,99,117,32" hai3="87,124,108,55,122,134,29,119,60,19,13,102,76"/><T105/><D1/><U91/><E72/><V68/><F128/><W33/><G119/><T36/><D34/><U126/><E129/><V63/><F117/><W39/><G39/><T26/><D15/><U62/><E38/><V92/><F40/><W41/><G41/><T53/><D7/><U78/><E78/><V74/><F74/><W131/><G131/><T27/><D28/><U46/><REACH who="1" step="1"/><E11/><REACH who="1" ten="370,200,210,210" step="2"/><V18/><F32/><W65/><G76/><T4/><D36/><U109/><E109/><V120/><F120/><W111/><G122/><T73/><D73/><U71/><E71/><V116/><F116/><W84/><G108/><T113/><D70/><U20/><E20/><V48/><F35/><W21/><G111/><T77/><D77/><U56/><E56/><V123/><F123/><W6/><G33/><T9/><D57/><U17/><E17/><V3/><F18/><W5/><G19/><T10/><D9/><U37/><E37/><V101/><F3/><W2/><G21/><T106/><D10/><U94/><E94/><V12/><F107/><W103/><G2/><T121/><D106/><U98/><E98/><V14/><F104/><W83/><G6/><T44/><D97/><U130/><E130/><V43/><F92/><W132/><G5/><T135/><D105/><U58/><E58/><V90/><F99/><W112/><G29/><AGARI ba="1,1" hai="29,30,31,46,51,54,62,66,69,82,85,91,125,126" machi="29" ten="40,2600,0" yaku="1,1,52,1,53,0" doraHai="59" doraHaiUra="75" who="1" fromWho="3" sc="370,0,200,39,210,0,210,-29" /><INIT seed="1,0,0,1,5,62" ten="370,239,210,181" oya="1" hai0="41,86,36,128,134,118,120,24,131,29,33,59,19" hai1="50,52,37,113,47,79,119,35,72,7,97,82,51" hai2="111,88,25,102,76,92,44,71,16,56,112,98,104" hai3="115,116,34,81,69,11,30,13,49,31,105,85,95"/><U93/><E119/><V38/><F71/><W114/><G105/><T126/><D118/><U3/><E35/><V70/><F70/><W101/><G116/><T110/><D110/><U103/><E113/><V83/><F111/><W91/><G69/><T132/><D120/><U53/><E37/><V21/><F112/><W64/><G34/><T10/><D126/><U109/><E109/><V65/><F38/><W27/><G114/><T117/><D117/><U122/><E122/><V90/><F44/><W22/><G115/><T20/><D10/><U18/><E18/><V99/><F90/><W12/><G31/><T100/><D100/><U58/><E7/><V74/><REACH who="2" step="1"/><F56/><REACH who="2" ten="370,239,200,181" step="2"/><W1/><G91/><T123/><D123/><U107/><REACH who="1" step="1"/><E3/><REACH who="1" ten="370,229,200,181" step="2"/><V5/><F5/><W68/><G1/><T57/><D36/><U28/><E28/><V67/><AGARI ba="0,2" hai="16,21,25,65,67,74,76,83,88,92,98,99,102,104" machi="67" ten="30,12000,2" yaku="1,1,0,1,52,2,54,2,53,0" doraHai="62" doraHaiUra="108" who="2" fromWho="2" sc="370,-30,229,-60,200,140,181,-30" /><INIT seed="2,0,0,2,4,39" ten="340,169,340,151" oya="2" hai0="85,112,3,88,42,87,122,46,13,56,20,73,5" hai1="126,11,47,101,120,49,55,121,38,76,93,105,17" hai2="74,57,16,44,19,27,51,67,82,54,10,110,43" hai3="63,64,48,31,127,41,59,77,26,8,58,108,104"/><V106/><F106/><W28/><G104/><T102/><D73/><U117/><E117/><V96/><F96/><W94/><G108/><T32/><D32/><U30/><E126/><V34/><F67/><W70/><G127/><T18/><D122/><N who="1" m="47211" /><E105/><V0/><F110/><W89/><G77/><T60/><D102/><U53/><E76/><N who="2" m="44311" /><F27/><W135/><G135/><T133/><D133/><U33/><E38/><N who="2" m="21623" /><F34/><W99/><G8/><T86/><D5/><AGARI ba="0,0" hai="0,5,10,16,19,51,54,57" m="21623,44311" machi="5" ten="30,5800,0" yaku="25,1,52,1,54,1" doraHai="39" who="2" fromWho="0" sc="340,-58,169,0,340,58,151,0" /><INIT seed="2,1,0,0,1,123" ten="282,169,398,151" oya="2" hai0="88,32,66,30,24,55,84,38,115,48,102,65,85" hai1="95,101,92,107,20,29,76,3,117,121,52,59,135" hai2="120,126,51,70,89,54,50,110,96,127,41,132,82" hai3="81,68,71,98,129,124,19,74,125,114,0,83,106"/><V1/><F120/><W53/><G0/><T14/><D38/><U37/><E117/><V44/><F1/><W26/><G53/><T93/><D102/><U69/><E121/><V21/><F70/><W79/><G83/><T103/><D103/><U97/><E135/><V122/><F122/><W62/><G129/><T22/><D115/><U94/><E69/><V34/><F34/><W11/><G114/><T113/><D85/><U133/><E133/><V72/><F132/><W111/><G111/><T108/><D108/><U87/><E3/><V12/><F110/><W25/><G11/><T45/><D113/><U35/><E35/><V23/><F96/><W118/><G118/><T57/><REACH who="0" step="1"/><D45/><REACH who="0" ten="272,169,398,151" step="2"/><U80/><E37/><V61/><F44/><W109/><G109/><T60/><D60/><N who="1" m="35943" /><E107/><V116/><F116/><W13/><G62/><T119/><D119/><U27/><AGARI ba="1,1" hai="20,27,29,76,80,87,92,94,95,97,101" m="35943" machi="27" ten="30,2000,0" yaku="8,1,54,1" doraHai="123" who="1" fromWho="1" sc="272,-6,169,33,398,-11,151,-6" /><INIT seed="3,0,0,2,0,35" ten="266,202,387,145" oya="3" hai0="94,46,0,134,64,113,100,63,65,44,54,120,87" hai1="17,116,30,67,111,27,126,85,118,70,119,37,101" hai2="48,6,104,11,47,1,42,21,39,3,115,124,76" hai3="112,72,82,93,89,79,127,33,110,55,90,114,86"/><W123/><G123/><T80/><D120/><U13/><E37/><V20/><F104/><W32/><G127/><T125/><D125/><U97/><E126/><V71/><F115/><W12/><G110/><T23/><D0/><U28/><E111/><V43/><F71/><W56/><G12/><T60/><D134/><U130/><E130/><V62/><F62/><N who="0" m="23594" /><D23/><U16/><E67/><N who="0" m="25673" /><D54/><U74/><E70/><V92/><F1/><W61/><REACH who="3" step="1"/><G90/><REACH who="3" ten="266,202,387,135" step="2"/><N who="0" m="51559" /><D113/><AGARI ba="0,1" hai="32,33,55,56,61,72,79,82,86,89,93,112,113,114" machi="113" ten="40,2000,0" yaku="1,1,53,0" doraHai="35" doraHaiUra="36" who="3" fromWho="0" sc="266,-20,202,0,387,0,135,30" /><INIT seed="3,1,0,3,5,1" ten="246,202,387,165" oya="3" hai0="5,34,88,60,134,42,48,122,92,131,22,78,96" hai1="113,71,56,73,26,0,121,110,72,24,98,58,100" hai2="118,102,12,114,47,61,69,116,66,130,124,33,81" hai3="23,41,128,32,44,94,80,64,54,18,99,15,117"/><W103/><G117/><T10/><D34/><U38/><E38/><V28/><F114/><W11/><G128/><T53/><D122/><U79/><E121/><V19/><F130/><W95/><G32/><T55/><D131/><U106/><E71/><V70/><F70/><W46/><G64/><T104/><D104/><U119/><E113/><V107/><F81/><W90/><G80/><T43/><D78/><U45/><E0/><V93/><F93/><W112/><G112/><T6/><D22/><U126/><E119/><V27/><F47/><W105/><G54/><T7/><D134/><U84/><E126/><V39/><F39/><W97/><G105/><T14/><D60/><U2/><E2/><V65/><F65/><W63/><G63/><T36/><D36/><U133/><E133/><V135/><F124/><W25/><REACH who="3" step="1"/><G41/><REACH who="3" ten="246,202,387,155" step="2"/><N who="0" m="15371" /><D55/><U30/><E106/><V89/><F66/><W132/><G132/><T59/><AGARI ba="1,1" hai="5,6,7,10,14,48,53,59,88,92,96" m="15371" machi="59" ten="30,8000,1" yaku="8,1,52,3,54,1" doraHai="1" who="0" fromWho="0" sc="246,93,202,-21,387,-21,155,-41" owari="339,13.9,181,-21.9,366,46.6,114,-38.6" /></mjloggm>