<mjloggm ver="2.3"><GO type="225" lobby="0"/><UN n0="%E3%81%BF%E3%81%BF%E3%81%9A" n1="%30%2E%31%32%30" n2="%E3%83%A9%E3%82%A4%E3%83%B3%E3%81%AE%E8%99%8E" n3="%E3%81%90%E3%81%A1%E3%82%84%E3%81%BE" dan="18,16,16,16" rate="2230.45,2123.70,2142.08,2141.26" sx="M,M,M,M"/><TAIKYOKU oya="0"/><INIT seed="0,0,0,3,2,85" ten="250,250,250,250" oya="0" hai0="127,44,18,25,0,4,17,108,117,47,88,71,28" hai1="106,29,33,19,48,97,87,104,81,52,92,50,69" hai2="118,10,75,35,5,70,93,72,89,38,36,34,56" hai3="61,22,115,43,39,111,49,135,126,83,76,134,60"/><T41/><D117/><U51/><E69/><V121/><F70/><W90/><G115/><T94/><D71/><U3/><E3/><V84/><F121/><W21/><G111/><T62/><D127/><U14/><E106/><V58/><F118/><W23/><G39/><T98/><D108/><U133/><E104/><V42/><F56/><W91/><G126/><T31/><D62/><N who="3" m="24169" /><G49/><N who="1" m="19050" /><E33/><V68/><F58/><W24/><G43/><T95/><D47/><N who="1" m="27775" /><E133/><N who="3" m="50698" /><G24/><T131/><D131/><U59/><E59/><V54/><F54/><W7/><G7/><T82/><D44/><U74/><E74/><AGARI ba="0,0" hai="21,22,23,74,76,83,90,91" m="50698,24169" machi="74" ten="30,3900,0" yaku="20,1,52,2" doraHai="85" who="3" fromWho="1" sc="250,0,250,-39,250,0,250,39" /><INIT seed="1,0,0,4,4,35" ten="250,211,250,289" oya="1" hai0="88,17,38,134,108,28,93,65,40,109,13,120,5" hai1="60,133,52,10,4,97,59,18,91,63,56,44,128" hai2="117,87,3,55,49,47,115,119,103,101,29,105,26" hai3="82,114,129,45,8,121,122,123,76,23,20,131,66"/><U98/><E133/><V39/><F115/><W92/><G114/><T125/><D134/><U67/><E128/><N who="3" m="49226" /><G66/><T83/><D125/><U11/><E91/><V43/><F3/><W51/><G92/><T68/><D120/><U1/><REACH who="1" step="1"/><E44/><REACH who="1" ten="250,201,250,289" step="2"/><V89/><F89/><W41/><G8/><T118/><D88/><U12/><AGARI ba="0,1" hai="1,4,10,11,12,18,52,56,59,60,63,67,97,98" machi="12" ten="30,18000,2" yaku="1,1,2,1,0,1,52,1,54,1,53,2" doraHai="35" doraHaiUra="7" who="1" fromWho="1" sc="250,-60,201,190,250,-60,289,-60" /><INIT seed="1,1,0,3,0,126" ten="190,391,190,229" oya="1" hai0="51,16,110,5,3,52,107,70,26,92,81,127,97" hai1="133,48,23,22,121,58,119,31,113,135,40,61,118" hai2="76,79,108,33,125,13,41,83,120,50,10,65,75" hai3="74,27,105,134,95,94,1,69,114,2,6,11,8"/><U128/><E31/><V129/><F108/><W71/><G105/><T54/><D127/><U57/><E22/><V55/><F125/><W90/><G74/><T111/><D107/><U25/><E23/><V91/><F120/><W4/><G114/><T102/><D70/><U45/><E25/><V89/><F33/><W49/><G134/><N who="1" m="51210" /><E121/><V34/><F34/><W28/><G49/><T80/><D3/><U100/><E100/><V12/><F41/><W63/><G63/><T123/><D5/><U39/><E113/><V112/><F112/><W37/><G37/><T53/><D123/><U24/><E24/><V87/><F65/><W0/><G0/><T42/><D111/><U86/><E86/><V60/><F60/><W62/><G62/><T44/><D110/><U20/><E20/><AGARI ba="1,0" hai="16,20,26,42,44,51,52,53,54,80,81,92,97,102" machi="20" ten="40,5200,0" yaku="8,1,54,2" doraHai="126" who="0" fromWho="1" sc="190,55,391,-55,190,0,229,0" /><INIT seed="2,0,0,0,4,39" ten="245,336,190,229" oya="2" hai0="131,134,108,9,49,72,121,126,132,123,32,89,55" hai1="80,11,114,90,71,119,35,111,24,25,107,124,5" hai2="15,105,130,61,103,92,23,63,116,4,125,86,10" hai3="26,129,38,62,122,69,40,73,112,41,12,6,88"/><V3/><F116/><W118/><G122/><T85/><D32/><U75/><E107/><V7/><F125/><W98/><G118/><T30/><D72/><U13/><E71/><V1/><F130/><W16/><G73/><T117/><D30/><U20/><E119/><V28/><F105/><W34/><G38/><T14/><D117/><U46/><E114/><V95/><F103/><W43/><G129/><T29/><D29/><U100/><E100/><V99/><F99/><W64/><G112/><T18/><D108/><U67/><E67/><V44/><F44/><W79/><G79/><T106/><D106/><U78/><E111/><V113/><F113/><W101/><G34/><T68/><D68/><U21/><E124/><V84/><F28/><W2/><G2/><T65/><D65/><U94/><E46/><V56/><F56/><N who="3" m="36935" /><G101/><T110/><D110/><U66/><E66/><V37/><F37/><W57/><G57/><N who="0" m="33007" /><D126/><U91/><E35/><V87/><F23/><N who="3" m="13671" /><G69/><T128/><D123/><U109/><E109/><V60/><REACH who="2" step="1"/><F7/><REACH who="2" ten="245,336,180,229" step="2"/><W58/><G58/><T93/><D121/><U50/><E5/><V104/><F104/><W120/><G120/><T96/><D96/><U59/><E59/><V115/><F115/><W31/><G31/><T54/><D54/><U53/><E53/><V22/><F22/><W17/><G6/><T127/><D127/><U97/><E21/><V52/><F52/><W81/><G98/><T74/><D128/><U77/><E97/><V8/><F8/><N who="3" m="6279" /><G43/><T82/><D131/><U36/><E20/><V45/><F45/><W27/><G27/><RYUUKYOKU ba="0,1" sc="245,10,336,-30,180,10,229,10" hai0="9,14,18,74,82,85,89,93,132,134" hai2="1,3,4,10,15,60,61,63,84,86,87,92,95" hai3="40,41,81,88" /><INIT seed="2,1,1,1,0,31" ten="255,306,190,239" oya="2" hai0="129,108,0,73,7,114,81,24,71,84,69,30,125" hai1="135,48,67,107,15,93,122,29,90,94,1,92,8" hai2="103,49,51,123,110,95,27,101,39,59,131,76,36" hai3="11,13,126,79,127,75,80,41,12,25,112,105,121"/><V46/><F123/><W28/><G121/><T70/><D114/><U98/><E1/><V35/><F76/><W117/><G117/><T128/><D108/><U85/><E122/><V4/><F4/><W47/><G105/><T72/><D125/><N who="3" m="47625" /><G11/><N who="0" m="2535" /><D84/><U34/><E135/><V97/><F110/><W44/><G112/><T57/><D57/><U23/><E29/><V64/><F131/><N who="0" m="50250" /><D81/><U100/><E34/><AGARI ba="1,1" hai="24,30,34,69,70,71,72,73" m="50250,2535" machi="34" ten="40,5200,0" yaku="19,1,23,1,52,1" doraHai="31" who="0" fromWho="1" sc="255,65,306,-55,190,0,239,0" /><INIT seed="3,0,0,4,5,15" ten="320,251,190,239" oya="3" hai0="11,49,122,36,86,47,51,43,66,76,115,119,82" hai1="90,31,74,113,104,108,27,129,112,116,89,65,4" hai2="111,56,53,72,96,20,97,42,48,23,79,73,134" hai3="16,52,34,22,12,75,30,118,101,24,71,35,10"/><W132/><G118/><T121/><D119/><U38/><E116/><V102/><F111/><W125/><G71/><T85/><D115/><U88/><E108/><V1/><F1/><W26/><G75/><T120/><D66/><U100/><E74/><V55/><F134/><W54/><G132/><T45/><D11/><U78/><E78/><V41/><F79/><W40/><G125/><T25/><D25/><U114/><E129/><V8/><F8/><W28/><G40/><T6/><D6/><U21/><E38/><V68/><F56/><W60/><G60/><T107/><D107/><U80/><E65/><V109/><F109/><W64/><G64/><T81/><D45/><U50/><E50/><V105/><F48/><W123/><G123/><T77/><AGARI ba="0,0" hai="36,43,47,49,51,76,77,81,82,85,86,120,121,122" machi="77" ten="30,2000,0" yaku="0,1,9,1" doraHai="15" who="0" fromWho="0" sc="320,20,251,-5,190,-5,239,-10" owari="340,44.0,246,4.6,185,-31.5,229,-17.1" /></mjloggm>