<mjloggm ver="2.3"><GO type="225" lobby="0"/><UN n0="%E3%83%94%E3%83%B3%E3%82%B5%E3%83%AD%E5%BA%97%E5%93%A1" n1="%E3%83%8F%E3%83%B3%E3%83%89%E3%83%A9%E3%83%BC%E3%83%BB%E3%83%AF%E3%83%B3" n2="%72%69%6F%75%63%68%61%6E" n3="%E3%83%9D%E3%82%B1%E3%83%83%E3%83%88" dan="16,17,16,16" rate="2142.24,2182.49,2198.02,2073.57" sx="M,M,M,M"/><TAIKYOKU oya="0"/><INIT seed="0,0,0,0,4,99" ten="250,250,250,250" oya="0" hai0="60,101,93,12,36,47,110,26,33,94,49,128,90" hai1="112,16,88,67,117,95,68,86,0,107,124,44,31" hai2="85,131,98,63,28,52,130,8,35,13,14,62,43" hai3="46,61,97,53,111,64,120,84,126,127,73,57,42"/><T105/><D36/><U4/><E117/><V23/><F43/><W83/><G111/><T134/><D128/><N who="2" m="49194" /><F35/><W106/><G73/><T74/><D74/><U59/><E124/><N who="3" m="47658" /><G120/><T123/><D123/><U6/><E112/><V50/><F85/><W41/><G106/><T18/><D134/><U15/><E68/><V38/><F38/><W58/><G97/><T19/><D110/><U69/><E69/><V48/><F98/><W17/><G17/><T114/><D114/><U51/><E31/><V29/><F48/><N who="3" m="30887" /><G46/><T32/><D105/><U37/><E107/><V113/><F113/><W133/><G133/><T39/><D39/><U109/><E109/><V118/><F118/><W3/><G3/><T70/><D47/><U89/><E0/><V82/><F14/><W24/><G24/><T9/><D26/><U30/><E30/><N who="2" m="11883" /><F23/><W20/><G20/><T125/><D125/><U54/><E89/><AGARI ba="0,0" hai="41,42,58,61,64,83,84,89" m="30887,47658" machi="89" ten="30,1000,0" yaku="18,1" doraHai="99" who="3" fromWho="1" sc="250,0,250,-10,250,0,250,10" /><INIT seed="1,0,0,3,3,21" ten="250,240,250,260" oya="1" hai0="86,75,49,88,104,23,135,84,122,42,106,61,19" hai1="17,51,107,83,13,101,58,48,89,71,69,92,90" hai2="99,33,112,125,59,30,102,119,67,65,124,3,66" hai3="5,80,6,113,111,4,133,37,12,56,94,132,117"/><U24/><E107/><V54/><F119/><W134/><G117/><T116/><D75/><U1/><E1/><V98/><F3/><W15/><G113/><T8/><D116/><U35/><E101/><V109/><F112/><W74/><G37/><T43/><D135/><U123/><E123/><V131/><F109/><W73/><G111/><T47/><D122/><U77/><E71/><V79/><F131/><W91/><G56/><T76/><D43/><U78/><E69/><V22/><F33/><W55/><G55/><T110/><D110/><U53/><E51/><V108/><F108/><W127/><G127/><N who="2" m="48713" /><F79/><N who="3" m="44143" /><G74/><T64/><D8/><U10/><E83/><V118/><F118/><W7/><N who="3" m="1024" /><DORA hai="41" /><W93/><G93/><T0/><D86/><AGARI ba="0,0" hai="12,15,86,91,94,132,133,134" m="1024,44143" machi="86" ten="50,1600,0" yaku="20,1" doraHai="21,41" who="3" fromWho="0" sc="250,-16,240,0,250,0,260,16" /><INIT seed="2,0,0,0,1,75" ten="234,240,250,276" oya="2" hai0="91,126,39,9,12,47,7,120,53,17,123,23,38" hai1="106,3,43,67,11,20,58,4,114,27,83,25,108" hai2="131,116,32,101,72,31,15,102,49,51,128,1,97" hai3="127,44,35,22,19,24,122,88,37,13,64,92,60"/><V56/><F116/><W125/><G122/><T73/><D126/><N who="3" m="48137" /><G37/><T63/><D73/><U112/><E106/><V29/><F1/><W82/><G44/><T52/><D91/><U124/><E124/><V0/><F0/><W78/><G35/><T70/><D39/><U100/><E100/><V62/><F72/><N who="3" m="43335" /><G60/><T61/><D61/><U130/><E108/><V66/><F102/><W135/><G64/><T99/><D99/><U2/><E2/><V18/><F49/><W41/><G41/><T85/><D85/><U30/><E43/><V103/><F103/><W50/><G50/><T121/><D38/><U119/><E119/><V74/><F74/><W71/><G71/><T42/><D42/><U79/><E130/><N who="2" m="49707" /><F51/><W113/><G135/><T55/><D47/><U10/><E10/><N who="2" m="6519" /><F32/><W84/><G113/><T105/><D105/><AGARI ba="0,0" hai="29,31,56,62,66,97,101,105" m="6519,49707" machi="105" ten="30,1500,0" yaku="19,1" doraHai="75" who="2" fromWho="0" sc="234,-15,240,0,250,15,276,0" /><INIT seed="2,1,0,3,5,58" ten="219,240,265,276" oya="2" hai0="66,1,15,114,32,57,48,110,56,23,88,59,63" hai1="78,35,52,6,100,101,50,86,106,75,67,74,36" hai2="19,99,49,18,98,17,22,26,68,94,72,92,64" hai3="5,3,39,80,125,43,118,84,91,16,10,62,132"/><V127/><F127/><W121/><G118/><T107/><D114/><U2/><E36/><V130/><F130/><W135/><G121/><T122/><D122/><U89/><E35/><V109/><F72/><W93/><G125/><T87/><D1/><U83/><E67/><V90/><F109/><W111/><G111/><T11/><D32/><U41/><E41/><V30/><F49/><W12/><G62/><N who="0" m="38215" /><D107/><U31/><E31/><V76/><F76/><W126/><G126/><T113/><D113/><U42/><E42/><V81/><F81/><W112/><G112/><T128/><D110/><U44/><E106/><V65/><REACH who="2" step="1"/><F68/><REACH who="2" ten="219,240,255,276" step="2"/><W69/><G69/><T7/><D128/><U108/><E75/><V131/><F131/><W97/><G39/><T27/><D48/><U115/><E108/><V96/><F96/><W21/><REACH who="3" step="1"/><G43/><REACH who="3" ten="219,240,255,266" step="2"/><T33/><D63/><U40/><E40/><V71/><F71/><W47/><G47/><T34/><D34/><U120/><E115/><V117/><F117/><W105/><G105/><T104/><D33/><U4/><E120/><V55/><F55/><W133/><G133/><T123/><D104/><U61/><E52/><V24/><F24/><W20/><G20/><T134/><D123/><U14/><E44/><V103/><AGARI ba="1,2" hai="17,18,19,22,26,30,64,65,90,92,94,98,99,103" machi="103" ten="30,6000,0" yaku="1,1,0,1,8,1,53,0" doraHai="58" doraHaiUra="54" who="2" fromWho="2" sc="219,-21,240,-21,255,83,266,-21" /><INIT seed="2,2,0,3,2,50" ten="198,219,338,245" oya="2" hai0="70,105,116,90,134,49,15,112,44,128,40,111,94" hai1="67,100,109,93,13,120,4,51,47,82,114,48,31" hai2="1,2,102,11,119,118,57,85,18,92,3,80,117" hai3="123,25,124,21,20,127,0,29,75,129,43,46,22"/><V104/><F104/><W87/><G75/><T99/><D112/><U88/><E114/><V53/><F102/><W72/><G72/><T32/><D32/><U26/><E109/><V126/><F126/><N who="3" m="48171" /><G123/><T35/><D35/><U30/><E120/><V16/><F92/><W45/><G129/><T110/><D70/><U108/><E67/><V52/><F11/><W97/><G0/><T41/><D128/><U17/><E4/><V63/><REACH who="2" step="1"/><F53/><REACH who="2" ten="198,219,328,245" step="2"/><W113/><G113/><T12/><D105/><U9/><E100/><V65/><F65/><W28/><G28/><T23/><D111/><U81/><E31/><V79/><AGARI ba="2,1" hai="1,2,3,16,18,52,57,63,79,80,85,117,118,119" machi="79" ten="40,12000,1" yaku="1,1,0,1,52,1,54,2,53,0" doraHai="50" doraHaiUra="39" who="2" fromWho="2" sc="198,-42,219,-42,328,136,245,-42" /><INIT seed="2,3,0,0,2,17" ten="156,177,464,203" oya="2" hai0="24,123,53,48,109,83,36,50,87,107,116,0,38" hai1="11,92,127,79,67,113,128,89,125,34,117,85,84" hai2="21,108,90,51,134,100,56,18,35,75,22,73,52" hai3="6,43,121,76,115,130,8,14,99,88,45,80,105"/><V71/><F35/><W86/><G121/><T19/><D123/><U98/><E34/><V81/><F71/><W126/><G130/><T114/><D114/><U122/><E122/><V23/><F134/><W29/><G115/><T12/><D0/><U26/><E113/><V70/><F70/><W59/><G126/><N who="1" m="48138" /><E117/><V63/><F108/><W61/><G29/><T37/><D107/><U58/><E79/><V64/><F100/><W66/><G105/><T96/><D109/><U135/><E135/><V27/><F75/><W97/><G76/><T133/><D133/><U41/><E41/><V60/><F73/><W39/><AGARI ba="3,0" hai="6,8,14,39,43,45,59,61,66,80,86,88,97,99" machi="39" ten="20,2700,0" yaku="0,1,7,1,54,1" doraHai="17" who="3" fromWho="3" sc="156,-10,177,-10,464,-16,203,36" /><INIT seed="3,0,0,5,5,119" ten="146,167,448,239" oya="3" hai0="22,15,3,37,12,48,20,6,77,106,2,41,109" hai1="62,46,18,68,57,83,98,1,25,99,116,67,94" hai2="126,40,51,134,78,81,80,7,132,45,50,31,82" hai3="92,129,23,72,95,135,124,111,112,28,59,42,17"/><W38/><G72/><T64/><D106/><U100/><E1/><V108/><F108/><W73/><G73/><T88/><D37/><U0/><E0/><V39/><F126/><W103/><G28/><T91/><D77/><U9/><E116/><V121/><F121/><W114/><G95/><T70/><D109/><U117/><E117/><V96/><F78/><W60/><G129/><T35/><D35/><U53/><E83/><V21/><F7/><W93/><G135/><N who="2" m="51753" /><F96/><W123/><G93/><T85/><D70/><U130/><E46/><V36/><F51/><W115/><G92/><T74/><D74/><U101/><E94/><V113/><F113/><W52/><G111/><T24/><D64/><U54/><E67/><V66/><F66/><W79/><G79/><T69/><D69/><U133/><E25/><AGARI ba="0,0" hai="21,25,31,36,39,40,45,50,80,81,82" m="51753" machi="25" ten="30,1000,0" yaku="20,1" doraHai="119" who="2" fromWho="1" sc="146,0,167,-10,448,10,239,0" owari="146,-35.4,157,-24.3,458,55.8,239,3.9" /></mjloggm>