<mjloggm ver="2.3"><GO type="225" lobby="0"/><UN n0="%E3%83%A9%E3%82%B9%E7%8E%87%EF%BC%93%E5%89%B2" n1="%E5%B8%86%E7%AB%8B%E5%A4%8F%E8%A1%A3" n2="%E3%83%96%E3%83%83%E3%83%91%E3%82%AA%E3%83%96%E3%83%81%E3%82%AD%E3%83%B3" n3="%E3%81%BF%E3%81%BF%E3%81%9A" dan="17,17,16,17" rate="2196.79,2247.66,2122.47,2251.26" sx="F,M,M,M"/><TAIKYOKU oya="0"/><INIT seed="0,0,0,5,1,77" ten="250,250,250,250" oya="0" hai0="71,43,44,47,7,92,74,48,2,129,59,60,15" hai1="6,31,72,75,58,67,97,105,37,123,56,66,11" hai2="5,69,119,83,40,90,110,73,100,122,132,32,34" hai3="4,128,17,21,86,99,62,116,1,0,39,125,91"/><T124/><D129/><U13/><E123/><V78/><F122/><W28/><G116/><T104/><D104/><U121/><E121/><V42/><F119/><W80/><G39/><T35/><D35/><U127/><E37/><V118/><F118/><W82/><G128/><T25/><D124/><U117/><E117/><V108/><F69/><W120/><G120/><T38/><D2/><U112/><E112/><V29/><F100/><W89/><G125/><T106/><D106/><U50/><E127/><V22/><F5/><W103/><G28/><T84/><D74/><U135/><E135/><V14/><F132/><W45/><G4/><T87/><D25/><U8/><E31/><V130/><F130/><W54/><G0/><T93/><D71/><U26/><E26/><N who="2" m="16599" /><F90/><W19/><G1/><T111/><D111/><N who="2" m="42538" /><F14/><W53/><G103/><T94/><D15/><U70/><E70/><V102/><F102/><W23/><G99/><T3/><D7/><U95/><E6/><V36/><F36/><W131/><G131/><T98/><D98/><U33/><E13/><V68/><F68/><W101/><G101/><T12/><D12/><U61/><E105/><V41/><AGARI ba="0,0" hai="32,34,40,41,42,73,78,83" m="42538,16599" machi="41" ten="30,2000,0" yaku="14,1,52,1" doraHai="77" who="2" fromWho="2" sc="250,-10,250,-5,250,20,250,-5" /><INIT seed="1,0,0,1,1,95" ten="240,245,270,245" oya="1" hai0="11,103,64,117,126,13,7,25,131,23,55,26,109" hai1="15,116,84,74,31,17,52,20,135,49,79,104,91" hai2="35,71,12,19,80,32,102,39,10,112,94,36,24" hai3="129,93,33,85,68,90,14,78,75,77,48,38,111"/><U2/><E135/><V92/><F71/><W4/><G38/><T66/><D117/><U98/><E116/><V123/><F123/><W114/><G33/><T81/><D109/><U34/><E2/><V67/><F112/><W105/><G68/><T115/><D115/><U50/><E74/><V97/><F67/><W96/><G114/><T89/><D131/><U41/><E34/><V65/><F65/><W46/><G129/><T125/><D25/><U62/><E104/><V87/><F35/><W69/><G69/><T59/><D103/><U57/><E41/><V73/><F92/><N who="3" m="54351" /><G75/><T127/><D89/><U118/><E118/><V120/><F73/><W6/><G105/><T99/><D99/><U83/><E31/><V132/><F132/><W119/><G111/><T21/><D21/><U70/><E70/><V100/><F100/><N who="3" m="60431" /><G119/><T51/><REACH who="0" step="1"/><D81/><REACH who="0" ten="230,245,270,245" step="2"/><U28/><E28/><AGARI ba="0,1" hai="7,11,13,23,26,28,51,55,59,64,66,125,126,127" machi="28" ten="40,5200,0" yaku="1,1,2,1,18,1,53,0" doraHai="95" doraHaiUra="108" who="0" fromWho="1" sc="230,62,245,-52,270,0,245,0" /><INIT seed="2,0,0,1,5,37" ten="292,193,270,245" oya="2" hai0="125,82,70,122,48,14,61,86,127,12,51,77,116" hai1="9,6,59,45,17,130,32,88,39,1,18,55,3" hai2="40,57,43,101,28,29,119,128,97,113,33,102,58" hai3="126,81,110,42,63,89,35,53,121,87,10,47,133"/><V49/><F113/><W66/><G121/><T105/><D105/><U62/><E130/><V27/><F119/><W73/><G110/><T109/><D122/><U111/><E111/><V118/><F118/><W22/><G35/><T85/><D109/><U107/><E107/><V52/><F128/><W64/><G126/><N who="0" m="48139" /><D116/><U95/><E32/><V94/><F29/><W99/><G133/><T106/><D106/><U98/><REACH who="1" step="1"/><E3/><REACH who="1" ten="292,183,270,245" step="2"/><V44/><REACH who="2" step="1"/><F102/><REACH who="2" ten="292,183,260,245" step="2"/><W75/><G75/><N who="0" m="43327" /><D14/><U0/><E0/><V117/><F117/><W72/><G73/><T114/><D12/><U16/><E16/><V78/><F78/><W11/><G72/><T103/><D103/><U108/><E108/><V36/><F36/><W20/><G89/><T23/><D114/><U115/><E115/><V60/><F60/><W67/><G63/><T21/><D61/><U38/><E38/><V92/><F92/><W2/><G2/><T24/><D51/><U112/><E112/><V19/><F19/><W96/><G20/><T74/><D48/><U4/><E4/><V71/><F71/><W30/><G22/><T8/><D70/><U56/><E56/><AGARI ba="0,2" hai="27,28,33,40,43,44,49,52,56,57,58,94,97,101" machi="56" ten="40,12000,1" yaku="1,1,52,2,54,1,53,1" doraHai="37" doraHaiUra="41" who="2" fromWho="1" sc="292,0,183,-120,260,140,245,0" /><INIT seed="2,1,0,0,0,67" ten="292,63,400,245" oya="2" hai0="114,63,94,2,105,4,82,107,104,130,90,6,35" hai1="50,84,39,106,64,97,117,81,62,76,131,96,127" hai2="55,86,134,69,34,17,31,12,78,68,36,122,79" hai3="25,45,123,20,1,60,98,22,27,115,5,71,3"/><V125/><F122/><W59/><G123/><T44/><D114/><U57/><E39/><V111/><F36/><W13/><G115/><T7/><D130/><U58/><E117/><V30/><F125/><W133/><G133/><T51/><D35/><U75/><E127/><V113/><F113/><W74/><G74/><T26/><D26/><U128/><E106/><V118/><F118/><W109/><G109/><T32/><D32/><U124/><E124/><V18/><F134/><W66/><G45/><T19/><D19/><U65/><E75/><V73/><F73/><W120/><G120/><T72/><D63/><U92/><E131/><V47/><F34/><W102/><G13/><T91/><D2/><U101/><E128/><V53/><F86/><W56/><G22/><T29/><D29/><U135/><E135/><V83/><F83/><W126/><G27/><T33/><D33/><U49/><REACH who="1" step="1"/><E96/><REACH who="1" ten="292,53,400,245" step="2"/><V100/><F111/><W129/><G126/><T95/><D72/><U80/><E80/><V46/><F100/><W110/><G129/><T121/><D121/><U61/><AGARI ba="1,1" hai="49,50,57,58,61,62,64,65,76,81,84,92,97,101" machi="61" ten="30,7900,0" yaku="1,1,0,1,9,1,8,1,53,0" doraHai="67" doraHaiUra="0" who="1" fromWho="1" sc="292,-21,53,92,400,-40,245,-21" /><INIT seed="3,0,0,5,1,27" ten="271,145,360,224" oya="3" hai0="9,132,61,3,108,105,95,133,10,47,36,16,57" hai1="30,114,18,6,88,81,50,32,45,70,52,40,51" hai2="69,64,73,71,125,33,39,55,22,2,14,121,8" hai3="4,131,43,119,62,76,68,74,116,80,54,79,134"/><W11/><G131/><T124/><D105/><U94/><E70/><V83/><F33/><W42/><G134/><N who="0" m="51819" /><D108/><U53/><E114/><V48/><F39/><W60/><G54/><T84/><D124/><U100/><E6/><V135/><F125/><W75/><G4/><T123/><D3/><U86/><E18/><V103/><F103/><W17/><G11/><T44/><D123/><U106/><E106/><V118/><F118/><W23/><G23/><T65/><D36/><U92/><E100/><V49/><F64/><W93/><G93/><T102/><D16/><U24/><E40/><V7/><F49/><W1/><G17/><T107/><D107/><U72/><E72/><V29/><F121/><W90/><G80/><T58/><D58/><AGARI ba="0,0" hai="24,30,32,45,50,51,52,53,58,81,86,88,92,94" machi="58" ten="30,7700,0" yaku="7,1,52,1,54,2" doraHai="27" who="1" fromWho="0" sc="271,-77,145,77,360,0,224,0" owari="194,-30.6,222,-17.8,360,46.0,224,2.4" /></mjloggm>