<mjloggm ver="2.3"><GO type="225" lobby="0"/><UN n0="%E3%83%8F%E3%83%B3%E3%83%89%E3%83%A9%E3%83%BC%E3%83%BB%E3%83%AF%E3%83%B3" n1="%E6%B8%A9%E2%98%85%E6%83%85%E2%98%85%E6%8E%AA%E2%98%85%E7%BD%AE" n2="%E7%AC%B9%E9%A4%85" n3="%E3%80%93%E3%81%97%E3%83%BC%E3%82%89%E3%80%93" dan="17,17,18,16" rate="2149.77,2182.57,2238.30,2208.24" sx="M,M,M,M"/><TAIKYOKU oya="0"/><INIT seed="0,0,0,1,3,131" ten="250,250,250,250" oya="0" hai0="21,121,57,34,22,75,47,129,32,124,74,29,3" hai1="16,9,87,113,109,5,56,31,104,62,78,77,71" hai2="101,135,69,27,38,50,73,6,119,36,44,11,114" hai3="125,130,96,89,61,105,92,15,19,76,63,8,39"/><T118/><D118/><U64/><E109/><V112/><F119/><W33/><G39/><T18/><D121/><U66/><E113/><V134/><F69/><W54/><G125/><T79/><D3/><U24/><E104/><V72/><F101/><W67/><G33/><T37/><D129/><U117/><E117/><V111/><F111/><W65/><G105/><T123/><D123/><U45/><E45/><V70/><F70/><W43/><G43/><T28/><D57/><U51/><E87/><V48/><F27/><W103/><G76/><T40/><D124/><U55/><E66/><N who="3" m="25098" /><G130/><T49/><D37/><N who="2" m="14442" /><F44/><W20/><G103/><T0/><D0/><U110/><E110/><V120/><F120/><W80/><G80/><T42/><D47/><U82/><E82/><V116/><F116/><W99/><G99/><T107/><D107/><U10/><E10/><V52/><F52/><W133/><G54/><T95/><D95/><U26/><E26/><V128/><F128/><W83/><G83/><T85/><D85/><U17/><E78/><V102/><F102/><W1/><G1/><T86/><D86/><U60/><E77/><V81/><F81/><W132/><G8/><T93/><D79/><U46/><E71/><V88/><F112/><W23/><G23/><T97/><D93/><U91/><E62/><V126/><F114/><W35/><G35/><T25/><D97/><U108/><E108/><V122/><F126/><W127/><G127/><T30/><D22/><N who="1" m="15767" /><E91/><V98/><F122/><W14/><G14/><AGARI ba="0,0" hai="5,9,14,16,17,46,51,55,56,60,64" m="15767" machi="14" ten="30,2000,0" yaku="8,1,54,1" doraHai="131" who="1" fromWho="3" sc="250,0,250,20,250,0,250,-20" /><INIT seed="1,0,0,0,5,76" ten="250,270,250,230" oya="1" hai0="62,12,37,85,89,55,70,59,39,82,118,0,90" hai1="122,21,130,74,66,22,102,31,49,54,94,23,56" hai2="73,88,68,98,119,129,47,121,115,3,114,25,104" hai3="43,15,109,40,132,24,63,45,44,110,77,69,65"/><U4/><E122/><V126/><RYUUKYOKU type="yao9" ba="0,0" sc="250,0,270,0,250,0,230,0" hai2="3,25,47,68,73,88,98,104,114,115,119,121,126,129" /><INIT seed="1,1,0,2,3,64" ten="250,270,250,230" oya="1" hai0="53,115,125,67,92,22,63,45,133,114,5,112,105" hai1="61,127,82,93,24,80,126,18,17,71,72,110,91" hai2="30,101,120,7,31,106,119,135,88,33,6,134,20" hai3="69,13,121,9,11,50,102,48,104,37,46,16,8"/><U26/><E110/><V42/><F119/><W29/><G121/><T95/><D105/><U77/><E82/><V70/><F120/><W41/><G29/><T97/><D125/><N who="1" m="47627" /><E61/><V68/><F33/><W89/><G69/><N who="2" m="26729" /><F42/><W15/><G89/><T96/><D5/><N who="2" m="1546" /><F20/><W27/><G27/><N who="1" m="10282" /><E71/><V84/><F101/><W73/><G73/><T43/><D63/><U107/><E107/><V116/><F106/><W28/><G28/><T109/><D114/><U103/><E103/><V40/><F40/><W14/><REACH who="3" step="1"/><G16/><REACH who="3" ten="250,270,250,220" step="2"/><T74/><D115/><U52/><E18/><V128/><F116/><W122/><G122/><T55/><D112/><U3/><E17/><V111/><F111/><W76/><G76/><T75/><D75/><U19/><E19/><V117/><F117/><W113/><G113/><T100/><D74/><U23/><E23/><V47/><F31/><W32/><G32/><T49/><D22/><U87/><E3/><V123/><F30/><W108/><G108/><T36/><D109/><U34/><E34/><V57/><F123/><W12/><N who="3" m="3072" /><DORA hai="2" /><W78/><G78/><T58/><D100/><U25/><E25/><V65/><F88/><W130/><G130/><T4/><D4/><U129/><E129/><V79/><F128/><W132/><G132/><T10/><D133/><U56/><E72/><V39/><F79/><W59/><G59/><T62/><D58/><U94/><E77/><V60/><F84/><W1/><G1/><T51/><D97/><AGARI ba="1,1" hai="8,9,11,37,41,46,48,50,97,102,104" m="3072" machi="97" ten="60,2000,0" yaku="1,1,53,0" doraHai="64,2" doraHaiUra="90,35" who="3" fromWho="0" sc="250,-23,270,0,250,0,220,33" /><INIT seed="2,0,0,4,5,58" ten="227,270,250,253" oya="2" hai0="66,111,42,27,41,118,11,82,0,70,122,19,100" hai1="35,83,117,79,20,37,50,38,8,64,72,15,57" hai2="74,60,63,16,104,39,1,44,75,123,18,85,14" hai3="13,114,17,134,124,12,51,23,29,76,43,9,28"/><V6/><F104/><W125/><G76/><T56/><D122/><U32/><E117/><V133/><F123/><W94/><G94/><T103/><D70/><U96/><E20/><V121/><F121/><W34/><G43/><N who="0" m="16395" /><D0/><U3/><E3/><V99/><F99/><W45/><G51/><T109/><D82/><U65/><E96/><V69/><F1/><W81/><G45/><T52/><D66/><U68/><E68/><V105/><F105/><W127/><G81/><T22/><D11/><U101/><E101/><V102/><F102/><W93/><G93/><T49/><D118/><U115/><E115/><V95/><F39/><W113/><G134/><T91/><D91/><U90/><E90/><N who="2" m="53711" /><F69/><W86/><G86/><T129/><D129/><U110/><E38/><V132/><F44/><W126/><N who="3" m="31744" /><DORA hai="5" /><W54/><G54/><T10/><D10/><U62/><E37/><V116/><F116/><W112/><G34/><T55/><D55/><U98/><E35/><V87/><F87/><W31/><G31/><T26/><D26/><U119/><E32/><V106/><F106/><W73/><G73/><T59/><D59/><U36/><E36/><V24/><F75/><W84/><G84/><T53/><D53/><N who="1" m="34095" /><E119/><V107/><F74/><W131/><G131/><T89/><D89/><U21/><E72/><V78/><F107/><W128/><G128/><T71/><D71/><U92/><E79/><V80/><F78/><W135/><G135/><N who="2" m="51785" /><F80/><W97/><G97/><T4/><D4/><AGARI ba="0,0" hai="4,9,12,13,17,23,28,29,112,113,114" m="31744" machi="4" ten="70,12000,2" yaku="11,1,18,1,34,3,52,1" doraHai="58,5" who="3" fromWho="0" sc="227,-120,270,0,250,0,253,120" /><INIT seed="3,0,0,1,5,60" ten="107,270,250,373" oya="3" hai0="82,122,98,95,86,9,100,36,12,20,120,25,105" hai1="71,29,77,68,81,124,3,56,31,102,30,35,64" hai2="40,42,75,89,104,47,121,130,85,23,59,1,34" hai3="101,6,11,53,38,48,87,73,125,63,69,37,41"/><W55/><G73/><T19/><D36/><U115/><E115/><V57/><F75/><W66/><G101/><T28/><D105/><U127/><E35/><V78/><F34/><W132/><G55/><T111/><D111/><U106/><E3/><V22/><F104/><W32/><G32/><T33/><D122/><U5/><E5/><V90/><F121/><W10/><G10/><T62/><D120/><U21/><E21/><V8/><F130/><W7/><G41/><T112/><D112/><U67/><E56/><V50/><F42/><W118/><G7/><T65/><D33/><U44/><E44/><V84/><F78/><W133/><G87/><T26/><D26/><U52/><E52/><V2/><F8/><W110/><G110/><T129/><D129/><U123/><E123/><V27/><F2/><N who="3" m="471" /><G125/><N who="1" m="48202" /><E102/><V14/><F1/><W24/><G24/><T16/><D19/><U94/><E94/><V61/><F14/><W43/><G43/><T119/><D119/><U92/><E92/><V58/><F61/><W103/><G118/><T45/><D45/><U74/><E106/><V15/><F15/><W46/><G103/><T128/><D128/><U72/><E74/><V88/><F23/><W51/><G51/><T83/><D86/><U97/><E97/><V79/><F79/><W49/><G49/><T109/><D109/><U93/><E93/><V113/><F113/><W108/><G108/><T13/><D13/><U39/><E39/><V126/><F126/><W18/><G38/><T107/><D107/><U0/><E0/><V70/><F70/><AGARI ba="0,0" hai="29,30,31,64,67,68,70,71,72,77,81" m="48202" machi="70" ten="40,5200,0" yaku="18,1,52,2" doraHai="60" who="1" fromWho="2" sc="107,0,270,52,250,-52,373,0" owari="107,-39.3,322,12.2,198,-20.2,373,47.3" /></mjloggm>