<mjloggm ver="2.3"><GO type="225" lobby="0"/><UN n0="%E3%83%A9%E3%82%B9%E7%8E%87%EF%BC%93%E5%89%B2" n1="%E6%A1%9C%E8%8A%B1%E9%96%83%E3%80%85" n2="%E6%A0%B9%E5%85%83%E3%81%8B%E3%82%89%E5%90%B9%E3%81%A3%E9%A3%9B%E3%81%B6" n3="%E5%91%A8%E6%9D%B1" dan="17,16,16,17" rate="2227.18,2082.45,2159.03,2159.81" sx="F,M,F,M"/><TAIKYOKU oya="0"/><INIT seed="0,0,0,0,1,13" ten="250,250,250,250" oya="0" hai0="101,126,81,56,127,0,30,131,90,5,92,3,133" hai1="18,63,128,80,43,57,77,9,47,23,52,7,49" hai2="122,20,91,85,108,15,96,120,134,39,25,112,97" hai3="83,124,10,58,67,117,48,104,98,84,32,34,28"/><T12/><D12/><BYE who="0" /><U93/><E128/><V107/><F112/><W60/><G117/><UN n0="%E3%83%A9%E3%82%B9%E7%8E%87%EF%BC%93%E5%89%B2" /><T8/><D131/><U129/><E129/><V75/><F75/><W36/><G36/><T27/><D133/><U72/><E93/><V118/><F118/><W110/><G110/><T74/><D101/><U135/><E135/><V102/><F108/><W71/><G124/><N who="0" m="47659" /><D56/><U21/><REACH who="1" step="1"/><E18/><REACH who="1" ten="250,240,250,250" step="2"/><V115/><F134/><W95/><G104/><T78/><D5/><U55/><E55/><V35/><F115/><W14/><G28/><T33/><D8/><U51/><E51/><V53/><F53/><W89/><G48/><T1/><D1/><AGARI ba="0,1" hai="1,7,9,21,23,43,47,49,52,57,63,72,77,80" machi="1" ten="30,3900,0" yaku="1,1,7,1,54,1,53,0" doraHai="13" doraHaiUra="70" who="1" fromWho="0" sc="250,-39,240,49,250,0,250,0" /><INIT seed="1,0,0,3,3,84" ten="211,289,250,250" oya="1" hai0="92,14,85,44,38,55,28,30,126,15,103,128,8" hai1="105,88,2,50,19,39,47,69,123,46,135,52,124" hai2="58,66,89,90,111,61,118,6,24,83,35,63,22" hai3="34,60,72,102,110,64,112,97,40,36,73,56,54"/><U134/><E123/><V49/><F118/><W96/><G112/><T21/><D128/><U41/><E105/><V16/><F111/><W53/><G110/><T127/><D21/><U122/><E122/><V86/><F35/><W1/><G1/><T33/><D15/><U115/><E115/><V42/><F6/><W74/><G34/><T130/><D130/><U91/><E124/><N who="0" m="47657" /><D33/><U17/><E69/><V119/><F119/><W98/><REACH who="3" step="1"/><G102/><REACH who="3" ten="211,289,250,240" step="2"/><T0/><D103/><U31/><E2/><V133/><F133/><N who="1" m="50697" /><E31/><V59/><F42/><W3/><G3/><T11/><D28/><U99/><E99/><V100/><F100/><W82/><G82/><T26/><D30/><U109/><E109/><V57/><F63/><W51/><G51/><T7/><D0/><U10/><E17/><V68/><REACH who="2" step="1"/><F49/><REACH who="2" ten="211,289,240,240" step="2"/><W132/><G132/><T106/><D7/><U65/><E50/><V80/><F80/><W78/><G78/><AGARI ba="0,2" hai="16,22,24,57,58,59,61,66,68,78,83,86,89,90" machi="78" ten="40,8000,1" yaku="1,1,52,2,54,1,53,0" doraHai="84" doraHaiUra="37" who="2" fromWho="3" sc="211,0,289,0,240,100,240,-80" /><INIT seed="2,0,0,5,2,112" ten="211,289,340,160" oya="2" hai0="126,128,129,24,122,125,50,70,135,64,16,99,2" hai1="23,84,5,20,4,96,19,48,113,39,124,105,61" hai2="37,92,63,87,65,74,13,26,49,0,36,76,73" hai3="35,109,52,9,68,123,72,40,134,51,111,69,75"/><V79/><F13/><W66/><G35/><T43/><D2/><U60/><E113/><V107/><F49/><W120/><G9/><T21/><D122/><N who="3" m="46633" /><G75/><T1/><D1/><U117/><E117/><V42/><F42/><W115/><G72/><T83/><D83/><U57/><E124/><N who="0" m="47721" /><D99/><U91/><E39/><V12/><F63/><N who="1" m="24137" /><E105/><V38/><F65/><W53/><G115/><T108/><D64/><U55/><E96/><V14/><F0/><W81/><G81/><T119/><D70/><N who="3" m="27241" /><G66/><T44/><D119/><U47/><E20/><V31/><F74/><W7/><G7/><T56/><D56/><U71/><E57/><V82/><F107/><W110/><G134/><T130/><D135/><U67/><E67/><V80/><REACH who="2" step="1"/><F92/><REACH who="2" ten="211,289,330,160" step="2"/><W106/><G106/><T102/><D130/><U15/><E71/><V121/><F121/><W18/><G18/><T41/><D129/><U27/><E15/><V45/><F45/><AGARI ba="0,1" hai="40,45,51,52,53,109,110,111" m="27241,46633" machi="45" ten="40,8000,1" yaku="14,1,34,2,54,1" doraHai="112" who="3" fromWho="2" sc="211,0,289,0,330,-80,160,90" /><INIT seed="3,0,0,0,4,100" ten="211,289,250,250" oya="3" hai0="104,126,55,14,5,31,18,120,91,61,135,17,82" hai1="109,30,42,73,113,7,60,51,22,72,101,80,127" hai2="15,79,71,107,16,88,63,21,125,134,89,56,118" hai3="43,64,76,35,81,3,83,45,58,52,67,33,112"/><W26/><G112/><T62/><D120/><U95/><E113/><V69/><F118/><W1/><G26/><T90/><D135/><U129/><E109/><V66/><F79/><W124/><G124/><T19/><D126/><U54/><E127/><V0/><F0/><W74/><G83/><T131/><D131/><U53/><E7/><V93/><F134/><W59/><G1/><T44/><D31/><U128/><E60/><V57/><F107/><W99/><G3/><T92/><D104/><U110/><E42/><V28/><F28/><W36/><G99/><T77/><D5/><U123/><E54/><V13/><F13/><W27/><G59/><T24/><D24/><N who="1" m="16663" /><E80/><V133/><F133/><W132/><G132/><T106/><D106/><U68/><E68/><V97/><F125/><W2/><G2/><T111/><D111/><U96/><E123/><V70/><REACH who="2" step="1"/><F57/><REACH who="2" ten="211,289,240,250" step="2"/><W46/><G46/><T114/><D114/><U29/><E29/><V105/><F105/><W130/><G130/><N who="1" m="50282" /><E110/><V116/><F116/><W20/><G35/><T85/><D14/><U41/><E73/><V25/><F25/><W38/><G33/><T78/><D78/><U50/><E72/><V94/><F94/><W40/><G27/><T37/><D77/><U12/><E12/><V6/><F6/><W75/><G74/><T65/><D92/><U86/><E95/><V87/><F87/><W84/><G75/><T103/><D85/><U49/><E86/><V9/><F9/><W119/><G119/><T47/><D44/><N who="1" m="27879" /><E41/><V10/><F10/><W117/><G117/><T98/><D47/><RYUUKYOKU ba="0,1" sc="211,-15,289,15,240,15,250,-15" hai1="49,50,96,101" hai2="15,16,21,56,63,66,69,70,71,88,89,93,97" owari="196,-30.4,314,41.4,255,5.5,235,-16.5" /></mjloggm>