<mjloggm ver="2.3"><GO type="225" lobby="0"/><UN n0="%E3%83%B4%E3%82%A3%E3%83%AF%E3%82%B3%E3%82%B0%E3%83%8B" n1="%E3%81%A4%E3%81%A3%E3%81%B1%E3%82%8A%E3%83%9D%E3%83%BC%E3%83%AB" n2="%E6%98%93%E5%88%A9%E8%96%A9%E4%BC%AF" n3="%E3%81%AF%E3%82%88%E3%81%8A%E3%81%98%E3%81%95%E3%82%93" dan="17,17,17,16" rate="2206.92,2103.59,2143.70,2123.26" sx="M,M,F,M"/><TAIKYOKU oya="0"/><INIT seed="0,0,0,0,3,16" ten="250,250,250,250" oya="0" hai0="124,28,47,43,35,125,102,92,11,62,20,50,127" hai1="90,114,118,111,1,76,109,18,3,135,48,60,98" hai2="83,81,2,113,87,89,94,99,75,63,121,36,123" hai3="84,119,33,110,38,103,126,96,69,24,106,45,68"/><T130/><D130/><U21/><E118/><V131/><F2/><W8/><G119/><T51/><D11/><U108/><E135/><V29/><F36/><W26/><G110/><T32/><D62/><U5/><E114/><V65/><F113/><W129/><G129/><T88/><D102/><U25/><E76/><V58/><F131/><W39/><G126/><T66/><D66/><U74/><E74/><V23/><F75/><W115/><G115/><T6/><D6/><U54/><E5/><V97/><F97/><W13/><G84/><N who="0" m="52231" /><D50/><U122/><E122/><V80/><REACH who="2" step="1"/><F87/><REACH who="2" ten="250,250,240,250" step="2"/><W116/><G96/><T52/><D43/><U107/><E107/><V61/><F61/><W70/><G39/><T104/><D104/><U56/><E48/><V46/><F46/><W134/><G45/><T117/><D117/><U101/><E101/><V34/><F34/><W31/><G38/><T4/><D4/><U30/><E30/><V14/><F14/><W112/><G112/><T120/><D120/><U105/><E105/><V79/><F79/><W49/><G116/><T44/><D47/><U37/><E37/><V91/><F91/><W82/><G106/><T17/><D28/><U41/><E41/><V12/><F12/><AGARI ba="0,1" hai="12,17,20,32,35,44,51,52,124,125,127" m="52231" machi="12" ten="30,11600,0" yaku="18,1,52,1,54,2" doraHai="16" who="0" fromWho="2" sc="250,126,250,0,240,-116,250,0" /><INIT seed="0,1,0,2,3,74" ten="376,250,124,250" oya="0" hai0="116,38,118,17,20,77,70,46,51,122,57,5,4" hai1="90,42,15,73,72,25,128,100,41,126,21,117,49" hai2="55,28,0,133,9,2,75,22,96,131,56,83,135" hai3="109,66,132,123,105,78,88,45,125,93,61,69,14"/><T98/><D122/><U7/><E117/><V99/><F131/><W6/><G105/><T60/><D70/><U102/><E128/><V33/><F33/><W97/><G123/><T91/><D38/><U134/><E134/><N who="2" m="51211" /><F28/><W80/><G132/><T124/><D124/><U36/><E36/><V104/><F22/><W37/><G125/><T101/><D91/><U81/><E126/><V121/><F121/><W103/><G109/><T130/><D130/><U71/><E71/><V87/><F75/><W82/><G103/><T110/><D110/><U114/><E73/><V92/><F104/><W13/><G82/><T18/><D18/><U29/><E114/><V65/><F65/><W23/><G6/><T35/><D35/><U11/><E72/><V48/><F9/><W53/><G23/><T27/><D77/><U63/><E63/><V19/><F19/><W86/><REACH who="3" step="1"/><G53/><REACH who="3" ten="376,250,124,240" step="2"/><N who="0" m="33839" /><D118/><U50/><E102/><N who="2" m="60679" /><F99/><W43/><AGARI ba="1,1" hai="13,14,37,43,45,61,66,69,78,80,86,88,93,97" machi="43" ten="30,7900,0" yaku="1,1,0,1,52,1,54,1,53,0" doraHai="74" doraHaiUra="113" who="3" fromWho="3" sc="376,-40,250,-21,124,-21,240,92" /><INIT seed="1,0,0,0,3,69" ten="336,229,103,332" oya="1" hai0="43,49,64,26,123,75,81,0,16,66,104,118,78" hai1="33,56,112,6,40,76,124,135,19,83,103,55,99" hai2="105,31,130,97,57,90,48,44,120,67,32,70,21" hai3="53,39,113,109,54,72,107,28,30,98,22,65,85"/><U2/><E112/><V38/><F120/><W73/><G113/><T122/><D118/><U37/><E135/><V10/><F130/><W20/><G85/><T17/><D104/><U1/><E33/><V58/><F21/><W15/><G107/><T35/><D0/><U91/><E124/><V80/><F10/><W3/><G65/><N who="0" m="25195" /><D49/><U111/><E111/><V125/><F125/><W131/><G98/><T84/><D43/><U102/><E19/><V100/><F80/><W47/><G15/><T86/><D75/><N who="1" m="43423" /><E91/><V126/><F90/><W45/><G3/><T106/><D106/><U50/><E99/><V27/><F126/><W77/><G77/><T110/><D84/><U115/><E2/><V34/><F34/><W5/><G5/><T8/><D110/><U7/><E7/><V92/><F92/><W87/><G87/><T52/><D35/><U108/><E108/><V13/><F13/><W18/><G109/><T60/><D26/><U23/><E23/><V93/><F93/><W9/><G9/><T12/><D17/><U134/><E134/><V114/><F114/><W62/><G18/><T24/><D24/><U42/><E42/><V117/><F117/><W71/><G20/><T79/><D79/><U128/><E128/><V51/><F51/><W25/><G131/><T61/><D52/><N who="3" m="20073" /><G28/><T101/><D101/><U116/><E116/><V119/><F119/><W95/><G95/><T59/><D59/><U14/><E115/><V129/><F129/><W121/><G121/><AGARI ba="0,0" hai="8,12,16,60,61,78,81,86,121,122,123" m="25195" machi="121" ten="30,2000,0" yaku="13,1,54,1" doraHai="69" who="0" fromWho="3" sc="336,20,229,0,103,0,332,-20" /><INIT seed="2,0,0,5,2,92" ten="356,229,103,312" oya="2" hai0="103,85,128,107,68,12,102,77,89,82,76,59,11" hai1="113,135,28,2,123,114,87,120,10,131,39,6,74" hai2="50,127,79,118,110,57,105,124,9,1,20,17,32" hai3="100,3,101,133,93,121,53,112,108,27,132,19,36"/><V65/><F118/><W115/><G121/><N who="1" m="46666" /><E74/><V13/><F32/><W84/><G108/><T5/><D68/><U106/><E39/><V73/><F105/><W81/><G3/><T33/><D128/><U116/><E106/><V47/><F110/><W95/><G53/><T126/><D126/><N who="2" m="48170" /><F73/><W83/><G19/><T31/><D33/><U43/><E116/><V134/><F134/><N who="3" m="51819" /><G27/><T69/><D69/><U64/><E135/><V63/><F79/><N who="0" m="30282" /><D107/><U130/><E64/><V90/><F90/><N who="3" m="53447" /><G36/><T66/><D31/><U8/><E28/><V111/><F111/><W0/><G0/><T86/><D86/><U54/><E87/><V52/><F1/><W58/><G58/><T16/><D5/><N who="1" m="1079" /><E54/><V109/><F109/><W125/><G125/><T122/><D122/><U97/><E43/><V41/><F20/><W45/><G45/><T99/><D66/><AGARI ba="0,0" hai="9,13,17,41,47,50,52,57,63,65,66" m="48170" machi="66" ten="30,2900,0" yaku="18,1,54,1" doraHai="92" who="2" fromWho="0" sc="356,-29,229,0,103,29,312,0" /><INIT seed="2,1,0,3,1,45" ten="327,229,132,312" oya="2" hai0="123,53,12,72,120,129,16,29,84,74,128,17,54" hai1="10,61,55,47,2,25,96,23,76,132,109,117,0" hai2="4,38,125,33,21,75,65,119,5,1,60,42,71" hai3="113,34,68,103,110,69,41,79,70,89,67,43,28"/><V39/><F119/><W26/><G110/><T100/><D29/><U94/><E117/><V40/><F125/><W107/><G113/><T32/><D100/><U18/><E109/><V77/><F21/><W11/><G79/><T30/><D30/><U90/><E132/><V56/><F5/><W63/><G89/><T78/><D84/><U114/><E114/><V80/><F56/><W105/><G11/><T35/><D78/><U116/><E116/><V82/><F82/><W3/><G3/><T22/><D22/><U98/><E76/><V81/><F81/><W20/><G20/><T97/><D97/><U111/><E111/><V36/><REACH who="2" step="1"/><F33/><REACH who="2" ten="327,229,122,312" step="2"/><W126/><G126/><T118/><D118/><U134/><E23/><V14/><F14/><AGARI ba="1,1" hai="12,14,16,17,32,35,53,54,72,74,120,123,128,129" machi="14" ten="25,3200,0" yaku="22,2,54,1" doraHai="45" who="0" fromWho="2" sc="327,45,229,0,122,-35,312,0" /><INIT seed="3,0,0,1,2,92" ten="372,229,87,312" oya="3" hai0="127,24,91,32,103,41,3,47,97,4,81,1,110" hai1="124,116,125,34,75,107,68,96,77,49,54,104,76" hai2="17,61,102,87,15,132,36,64,108,50,84,98,53" hai3="29,46,100,66,133,20,2,63,23,83,109,79,60"/><W106/><G2/><T115/><D110/><U42/><E68/><V40/><F108/><W51/><G109/><T5/><D127/><N who="1" m="48715" /><E42/><V105/><F132/><W130/><G133/><T55/><D4/><U126/><E34/><V120/><F120/><W67/><G130/><T121/><D121/><U86/><E126/><V119/><F119/><W112/><G112/><T65/><D91/><U43/><E43/><V25/><F25/><W52/><G106/><T94/><D94/><U38/><E38/><V33/><F33/><W99/><G29/><T59/><D81/><N who="1" m="45215" /><E54/><V129/><F129/><W90/><G90/><T11/><D11/><U12/><E49/><V0/><F0/><W37/><G37/><T9/><D115/><U31/><E12/><V27/><F27/><W95/><G63/><T13/><D65/><N who="3" m="24585" /><G60/><T30/><D1/><U39/><E39/><V35/><F35/><W82/><G82/><T111/><D111/><U28/><E116/><V135/><F135/><W45/><G45/><T8/><D3/><U128/><E128/><V118/><F118/><W62/><G62/><T58/><D41/><U123/><E123/><V71/><F40/><W122/><G122/><T72/><D47/><U114/><E114/><V80/><F80/><W6/><G6/><T69/><D55/><U56/><E28/><V134/><F36/><W18/><G18/><T22/><D5/><U93/><E56/><N who="2" m="32823" /><F134/><W78/><G83/><T89/><D30/><U19/><E31/><V88/><F88/><W26/><G26/><T44/><D24/><U57/><E107/><V14/><F17/><RYUUKYOKU ba="0,0" sc="372,-15,229,-15,87,15,312,15" hai2="14,15,61,64,71,84,87,98,102,105" hai3="20,23,46,51,52,78,79,95,99,100" /><INIT seed="3,1,0,2,0,79" ten="357,214,102,327" oya="3" hai0="95,115,128,36,76,41,69,17,125,92,12,80,18" hai1="89,65,31,123,118,26,78,19,124,6,110,77,49" hai2="38,81,43,11,99,0,111,116,112,102,103,34,73" hai3="83,44,90,63,27,37,93,132,64,75,113,70,30"/><W32/><G113/><T40/><D69/><U114/><E123/><V42/><F42/><W72/><G132/><T50/><D36/><U24/><E114/><V8/><F103/><W94/><G94/><T45/><D115/><U135/><E135/><V68/><F11/><W119/><G119/><T10/><D128/><U28/><E118/><V131/><F112/><W85/><REACH who="3" step="1"/><G93/><REACH who="3" ten="357,214,102,317" step="2"/><N who="0" m="35915" /><D125/><U33/><E124/><V53/><F131/><W122/><G122/><T55/><D17/><U108/><E19/><V46/><F116/><W109/><G109/><T51/><D51/><U107/><E49/><V22/><F111/><W4/><G4/><T52/><D40/><AGARI ba="1,1" hai="27,30,32,37,40,44,63,64,70,72,75,83,85,90" machi="40" ten="40,3900,0" yaku="1,1,52,1,53,0" doraHai="79" doraHaiUra="130" who="3" fromWho="0" sc="357,-42,214,0,102,0,317,52" owari="315,11.5,214,-18.6,102,-39.8,369,46.9" /></mjloggm>