<mjloggm ver="2.3"><GO type="225" lobby="0"/><UN n0="%E3%83%A9%E3%82%A4%E3%83%B3%E3%81%AE%E8%99%8E" n1="%E3%81%9B%E3%81%9B%E3%81%9B%E3%81%9B%E3%81%96%E3%82%80%E3%82%89%E3%81%84" n2="%72%69%6F%75%63%68%61%6E" n3="%E5%B0%8F%E9%B3%A5%E9%81%8A%E7%B7%B4%E7%84%A1%32%31%E6%AD%B3" dan="16,16,16,16" rate="2168.12,2140.95,2085.75,2158.01" sx="M,M,M,F"/><TAIKYOKU oya="0"/><INIT seed="0,0,0,0,2,113" ten="250,250,250,250" oya="0" hai0="99,77,31,51,53,7,86,5,13,110,0,82,64" hai1="98,39,101,91,54,124,4,122,29,33,15,130,71" hai2="81,119,79,90,63,21,85,20,3,96,70,72,87" hai3="107,56,35,25,61,114,36,100,126,83,59,89,62"/><T42/><D0/><U55/><E122/><V76/><F3/><W6/><G114/><T118/><D118/><U32/><E130/><V10/><F119/><W49/><G36/><T125/><D125/><U48/><E39/><V14/><F96/><W57/><G6/><T41/><D64/><U111/><E111/><V43/><F43/><W17/><G126/><T105/><D110/><U1/><E1/><V2/><F2/><W18/><G100/><T47/><D31/><U97/><E71/><V45/><F45/><W8/><G107/><T104/><D105/><U93/><E54/><V58/><F70/><W23/><G35/><T88/><D104/><U121/><E29/><V67/><F72/><W28/><G49/><T116/><D116/><U19/><E4/><N who="0" m="1609" /><D13/><U117/><E117/><V80/><REACH who="2" step="1"/><F90/><REACH who="2" ten="250,250,240,250" step="2"/><W94/><G89/><T131/><D131/><U22/><E124/><V134/><F134/><W112/><G112/><T133/><D133/><U11/><E121/><V26/><F26/><W135/><G25/><T74/><D74/><U44/><REACH who="1" step="1"/><E11/><REACH who="1" ten="250,240,240,250" step="2"/><V128/><F128/><W78/><G8/><T108/><D108/><U24/><E24/><V92/><F92/><AGARI ba="0,2" hai="41,42,47,51,53,77,82,86,88,92,99" m="1609" machi="92" ten="30,2900,0" yaku="8,1,54,1" doraHai="113" who="0" fromWho="2" sc="250,49,240,0,240,-29,250,0" /><AGARI ba="0,0" hai="15,19,22,32,33,44,48,55,91,92,93,97,98,101" machi="92" ten="30,2000,0" yaku="1,1,7,1,53,0" doraHai="113" doraHaiUra="129" who="1" fromWho="2" sc="299,0,240,20,211,-20,250,0" /><INIT seed="0,1,0,0,4,98" ten="299,260,191,250" oya="0" hai0="93,120,25,23,121,91,80,58,78,73,67,55,12" hai1="8,24,41,49,31,133,15,53,18,60,111,99,135" hai2="47,84,94,61,132,63,57,30,13,66,56,134,68" hai3="6,36,128,130,122,76,127,74,27,90,7,65,4"/><T11/><D67/><U71/><E111/><V113/><F113/><W26/><G36/><T69/><D69/><U86/><E41/><V59/><F30/><W85/><G65/><T125/><D125/><U75/><E75/><V82/><F94/><W92/><G127/><T64/><D64/><U19/><E19/><V117/><F117/><W1/><G1/><T101/><D101/><U20/><E86/><V115/><F115/><W46/><G46/><T5/><D91/><U104/><E60/><N who="2" m="40007" /><F13/><W124/><G124/><T106/><D93/><U97/><E71/><V95/><F95/><W14/><G14/><T107/><D107/><U34/><E34/><V109/><F109/><W123/><G76/><T9/><D9/><U88/><E99/><V54/><F84/><W32/><G74/><T105/><D105/><U108/><E108/><V110/><F82/><W77/><G77/><T119/><D106/><U3/><E88/><V33/><F33/><W83/><G92/><T22/><D22/><U29/><E29/><V48/><F110/><W112/><G32/><T10/><D10/><U28/><E28/><V87/><F87/><W129/><REACH who="3" step="1"/><G112/><REACH who="3" ten="299,260,191,240" step="2"/><T38/><D38/><U100/><REACH who="1" step="1"/><E3/><REACH who="1" ten="299,250,191,240" step="2"/><V70/><F70/><W89/><G89/><T52/><D73/><U116/><E116/><V114/><F114/><W0/><G0/><T43/><D119/><U16/><E16/><V45/><F134/><W72/><G72/><T17/><D17/><U102/><E102/><V96/><F132/><W2/><G2/><T50/><D78/><U62/><E62/><N who="2" m="23563" /><F96/><W79/><G79/><RYUUKYOKU ba="1,2" sc="299,-30,250,10,191,10,240,10" hai1="8,15,18,20,24,31,49,53,97,100,104,133,135" hai2="45,47,48,54,56,57,59" hai3="4,6,7,26,27,83,85,90,122,123,128,129,130" /><INIT seed="1,2,2,2,3,44" ten="269,260,201,250" oya="1" hai0="61,91,103,43,12,11,130,17,100,37,15,63,99" hai1="110,23,34,114,66,27,78,75,26,96,119,13,46" hai2="86,3,52,108,87,121,93,50,98,58,65,48,54" hai3="28,8,70,112,118,89,21,106,6,47,32,57,41"/><U125/><E119/><V53/><F121/><W123/><G112/><T38/><D130/><U79/><E114/><V35/><F3/><W131/><G123/><T101/><D38/><U84/><E125/><V67/><F35/><W116/><G70/><T1/><D1/><U81/><E66/><N who="2" m="25099" /><F108/><W0/><G57/><T18/><D43/><U107/><E110/><V126/><F126/><W40/><G131/><T22/><D37/><U69/><E69/><V134/><F134/><W10/><G106/><T60/><REACH who="0" step="1"/><D91/><REACH who="0" ten="259,260,201,250" step="2"/><N who="1" m="51599" /><E75/><V97/><F97/><AGARI ba="2,3" hai="11,12,15,17,18,22,60,61,63,97,99,100,101,103" machi="97" ten="40,2600,0" yaku="1,1,8,1,53,0" doraHai="44" doraHaiUra="133" who="0" fromWho="2" sc="259,62,260,0,201,-32,250,0" /><INIT seed="2,0,0,3,5,135" ten="321,260,169,250" oya="2" hai0="6,40,55,49,71,3,20,73,72,50,38,126,23" hai1="115,128,5,21,123,122,62,77,116,11,127,29,32" hai2="96,12,48,117,22,70,111,30,61,8,118,102,59" hai3="4,36,33,65,43,133,81,56,28,13,88,37,80"/><V105/><F111/><W53/><G133/><T14/><D71/><U9/><E62/><V124/><F70/><W47/><G65/><T10/><D38/><U74/><E77/><V131/><F131/><W16/><G4/><T132/><D132/><U19/><E74/><V1/><F124/><W66/><G66/><T100/><D100/><U110/><E116/><V18/><F48/><W67/><G67/><T106/><D106/><U44/><E44/><V89/><F89/><W79/><G36/><T0/><D126/><U121/><E115/><V45/><F45/><W57/><G28/><T83/><D83/><U69/><E69/><V46/><F46/><W109/><G33/><T84/><D84/><U134/><E134/><V87/><F87/><W108/><G79/><T120/><D120/><U39/><E39/><V97/><F97/><W64/><G64/><T34/><D34/><U107/><E107/><V101/><F101/><W15/><G15/><T113/><D14/><N who="1" m="9463" /><E127/><V31/><F31/><W90/><G80/><T35/><D35/><U112/><E112/><V78/><F78/><W129/><G129/><T114/><D40/><U86/><E128/><V119/><F30/><W125/><G125/><T93/><D73/><U68/><E68/><V75/><F75/><W41/><G41/><T104/><D72/><U2/><E11/><V58/><REACH who="2" step="1"/><F61/><REACH who="2" ten="321,260,159,250" step="2"/><W42/><G90/><T130/><D50/><U51/><E51/><V26/><F26/><W60/><G109/><T24/><D49/><U99/><E110/><V85/><F85/><W63/><G108/><T98/><D130/><RYUUKYOKU ba="0,1" sc="321,-10,260,-10,159,30,250,-10" hai2="1,8,12,18,22,58,59,96,102,105,117,118,119" /><INIT seed="2,1,1,0,1,95" ten="311,250,189,240" oya="2" hai0="57,79,56,55,26,121,39,35,36,128,134,114,44" hai1="98,53,22,38,76,129,12,67,48,70,8,72,77" hai2="28,78,10,49,127,66,116,2,13,119,85,60,14" hai3="126,31,82,37,18,47,118,19,7,23,90,120,6"/><V33/><F2/><W43/><G120/><T21/><D121/><U71/><E38/><V93/><F127/><W109/><G126/><T9/><D35/><U42/><E42/><V46/><F14/><W29/><G118/><T108/><D114/><U75/><E129/><V102/><F102/><W34/><G109/><T80/><D108/><U5/><E22/><V62/><F62/><W41/><G34/><T115/><D134/><U103/><E76/><V122/><F122/><W17/><G43/><T0/><D128/><U125/><E125/><V112/><F112/><W61/><G61/><T107/><D107/><U113/><E113/><V11/><F11/><W84/><REACH who="3" step="1"/><G23/><REACH who="3" ten="311,250,189,230" step="2"/><T89/><D21/><U131/><E131/><V110/><F110/><W58/><G58/><T87/><D56/><U124/><E124/><V135/><F135/><W30/><AGARI ba="1,2" hai="6,7,17,18,19,29,30,31,37,41,47,82,84,90" machi="30" ten="30,2000,0" yaku="1,1,0,1,53,0" doraHai="95" doraHaiUra="97" who="3" fromWho="3" sc="311,-6,250,-6,189,-11,230,43" /><INIT seed="3,0,0,1,0,49" ten="305,244,178,273" oya="3" hai0="38,83,39,108,12,51,32,7,85,64,128,34,66" hai1="67,107,115,110,88,125,75,103,106,24,71,27,8" hai2="111,14,135,28,11,36,109,84,22,62,29,60,91" hai3="79,5,31,77,55,19,4,129,120,122,118,124,94"/><W96/><G118/><T58/><D108/><N who="2" m="41546" /><F36/><W25/><G124/><T41/><D128/><U35/><E110/><V89/><F135/><W16/><G129/><T50/><D50/><U72/><E115/><V131/><F131/><W45/><G122/><T57/><D57/><U68/><E125/><V9/><F22/><N who="3" m="15799" /><G120/><T48/><D48/><U93/><E8/><N who="2" m="3147" /><F14/><W26/><G4/><T13/><D13/><U78/><E35/><V6/><F84/><W47/><G5/><T114/><D12/><U10/><E10/><V23/><F6/><W52/><G79/><T1/><D7/><U20/><E78/><V82/><F82/><W33/><G77/><T76/><D1/><U86/><E75/><V97/><F97/><W104/><G104/><T0/><D0/><U17/><E72/><V99/><F99/><W132/><G132/><T87/><D114/><U134/><E134/><V74/><F74/><W70/><G33/><N who="0" m="12907" /><D87/><U63/><E71/><V56/><F23/><N who="3" m="13671" /><G70/><T30/><D38/><U80/><E27/><V133/><F133/><W40/><G19/><T90/><D39/><U130/><E130/><V126/><F126/><W102/><G40/><T15/><D76/><U73/><E73/><V81/><F81/><W100/><G100/><T43/><D15/><U61/><E103/><V101/><F101/><W18/><G18/><T65/><D30/><N who="2" m="11882" /><F56/><W53/><AGARI ba="0,0" hai="45,47,52,53,55,94,96,102" m="13671,15799" machi="53" ten="30,18000,2" yaku="8,1,52,3,54,2" doraHai="49" who="3" fromWho="3" sc="305,-60,244,-60,178,-60,273,180" owari="245,4.5,184,-21.6,118,-38.2,453,55.3" /></mjloggm>