<mjloggm ver="2.3"><GO type="225" lobby="0"/><UN n0="%4C%4F%4C%49%54%41" n1="%E3%81%BD%E3%81%A1%E3%81%9F%E3%81%93%E3%82%84" n2="%E3%83%B4%E3%82%A3%E3%83%AF%E3%82%B3%E3%82%B0%E3%83%8B" n3="%E3%80%90%E3%83%88%E3%83%AA%E3%83%A5%E3%83%95%E3%80%91" dan="16,17,16,16" rate="2216.70,2214.19,2212.60,2132.45" sx="F,M,M,M"/><TAIKYOKU oya="0"/><INIT seed="0,0,0,4,2,28" ten="250,250,250,250" oya="0" hai0="54,118,49,94,75,92,20,30,70,85,21,45,106" hai1="8,58,95,79,47,52,33,121,103,63,124,107,133" hai2="131,0,6,91,122,74,101,35,110,38,100,81,59" hai3="24,19,87,125,99,98,82,57,80,89,25,34,9"/><T83/><D118/><U93/><E121/><V40/><F122/><W39/><G39/><T127/><D106/><U88/><E133/><V109/><F131/><W105/><G105/><T4/><D70/><U41/><E124/><V116/><F116/><W26/><G34/><T3/><D75/><U29/><E79/><N who="2" m="44279" /><F59/><W37/><G37/><T53/><D3/><U14/><E107/><V36/><F91/><W51/><G80/><T44/><D4/><U43/><E103/><N who="2" m="39499" /><F35/><W126/><G57/><T2/><D2/><U13/><E95/><N who="0" m="36393" /><D127/><N who="3" m="48649" /><G51/><N who="0" m="28903" /><D30/><U61/><E61/><V114/><F114/><W1/><G1/><T115/><D115/><U119/><E119/><V32/><F32/><W86/><G86/><T42/><D42/><U84/><E43/><V56/><F56/><W129/><G129/><T60/><D60/><U73/><E73/><V78/><F38/><W22/><G9/><T10/><D10/><U50/><REACH who="1" step="1"/><E8/><REACH who="1" ten="250,240,250,250" step="2"/><N who="2" m="2119" /><F78/><AGARI ba="0,1" hai="20,21,45,49,54,78,83,85" m="28903,36393" machi="78" ten="30,1500,0" yaku="8,1" doraHai="28" who="0" fromWho="2" sc="250,25,240,0,250,-15,250,0" /><INIT seed="0,1,0,5,4,35" ten="275,240,235,250" oya="0" hai0="99,10,56,72,122,108,51,66,123,118,26,95,65" hai1="12,67,80,45,46,15,3,49,21,85,13,34,27" hai2="117,93,135,9,129,119,23,39,42,55,133,126,120" hai3="107,90,6,111,2,14,83,22,11,0,50,47,28"/><T38/><D38/><U115/><E115/><V92/><F120/><W84/><G107/><T54/><D118/><N who="2" m="45066" /><F126/><W48/><G111/><T59/><D72/><U60/><E34/><V44/><F129/><W7/><G50/><T104/><D104/><U132/><E132/><N who="2" m="50763" /><F23/><W19/><G28/><T81/><D108/><U1/><E46/><V97/><F55/><N who="3" m="30111" /><G22/><T96/><D10/><U77/><E60/><V64/><F64/><W70/><G70/><T62/><D66/><U82/><E67/><V110/><F110/><W37/><G37/><T57/><D57/><U130/><E82/><V16/><F97/><W73/><G73/><T134/><D99/><U17/><REACH who="1" step="1"/><E130/><REACH who="1" ten="275,230,235,250" step="2"/><V33/><F33/><W103/><G103/><T127/><D134/><U105/><E105/><V63/><F63/><W20/><G20/><T36/><D62/><U30/><E30/><V58/><F58/><W71/><G71/><T78/><D59/><U124/><E124/><V91/><F91/><W102/><G102/><N who="0" m="60703" /><D127/><U89/><E89/><V106/><F106/><W52/><G52/><AGARI ba="1,1" hai="1,3,12,13,15,17,21,27,45,49,52,77,80,85" machi="52" ten="40,8000,1" yaku="1,1,52,2,54,1,53,0" doraHai="35" doraHaiUra="4" who="1" fromWho="3" sc="275,0,230,93,235,0,250,-83" /><INIT seed="1,0,0,1,3,75" ten="275,323,235,167" oya="1" hai0="2,23,41,18,67,103,108,37,88,112,125,12,129" hai1="6,71,119,106,115,59,30,56,123,32,65,46,58" hai2="128,48,19,35,33,34,62,73,43,45,79,78,54" hai3="51,83,25,100,91,96,101,124,121,39,38,13,8"/><U92/><E106/><V94/><F73/><W111/><G121/><T63/><D112/><U3/><E6/><V117/><F117/><W11/><G111/><T105/><D2/><U31/><E3/><V26/><F128/><W130/><G130/><T49/><D129/><U40/><E32/><V28/><F19/><W9/><G124/><T98/><D37/><N who="1" m="21775" /><E92/><V68/><F94/><W85/><G25/><T120/><D125/><U69/><E30/><V93/><F93/><W21/><G51/><T64/><D108/><U17/><E17/><V135/><F135/><W52/><G21/><T131/><D131/><U27/><E27/><V1/><F1/><W47/><G13/><T114/><D114/><U55/><E31/><V86/><F86/><W24/><G24/><T104/><D104/><U133/><E119/><V50/><F62/><W102/><G96/><T82/><D63/><N who="1" m="38119" /><E123/><V42/><F68/><N who="1" m="26185" /><E115/><V90/><F90/><W15/><G15/><T60/><D120/><U36/><E133/><V97/><F97/><W81/><G81/><T122/><D122/><U44/><E55/><V74/><F54/><W22/><G22/><T61/><D82/><U76/><E76/><N who="2" m="29227" /><F74/><W14/><G14/><T29/><D88/><U89/><E89/><V10/><F10/><W53/><G53/><T116/><D116/><U134/><E134/><V5/><F5/><W132/><G132/><T110/><D98/><U127/><E127/><V99/><F99/><W4/><G4/><T57/><D105/><U113/><E113/><V80/><F80/><W20/><G20/><T84/><D23/><RYUUKYOKU ba="0,0" sc="275,-30,323,10,235,10,167,10" hai1="36,44,58,59" hai2="26,28,33,34,35,42,43,45,48,50" hai3="8,9,11,38,39,47,52,83,85,91,100,101,102" /><INIT seed="1,1,0,0,4,94" ten="245,333,245,177" oya="1" hai0="114,39,38,48,63,89,45,97,21,15,17,60,87" hai1="62,40,111,135,18,52,32,131,51,128,69,25,3" hai2="117,133,36,13,54,56,2,71,16,27,26,84,7" hai3="23,75,11,91,19,112,43,126,72,28,79,70,73"/><U90/><E3/><V121/><F121/><W64/><G112/><T55/><D114/><U127/><E135/><V95/><F117/><W35/><G126/><T122/><D122/><U108/><E127/><V118/><F118/><W88/><G43/><T105/><D38/><U65/><E40/><V34/><F71/><W4/><G79/><T50/><D39/><U92/><E18/><V24/><F36/><W12/><G64/><T113/><D113/><U1/><E1/><V124/><F124/><W67/><G67/><T37/><D37/><U99/><E25/><V81/><F95/><W115/><G70/><T129/><D129/><N who="1" m="49739" /><E32/><V74/><F74/><W20/><G115/><T120/><D120/><U125/><E125/><V33/><F7/><W106/><G106/><T10/><D50/><U96/><E96/><V77/><F2/><N who="3" m="407" /><G23/><T119/><D119/><U110/><E110/><V49/><REACH who="2" step="1"/><F133/><REACH who="2" ten="245,333,235,177" step="2"/><W58/><G72/><T100/><REACH who="0" step="1"/><D10/><AGARI ba="1,1" hai="10,13,16,24,26,27,33,34,49,54,56,77,81,84" machi="10" ten="40,8000,1" yaku="1,1,2,1,54,1,53,1" doraHai="94" doraHaiUra="78" who="2" fromWho="0" sc="245,-83,333,0,235,93,177,0" /><INIT seed="2,0,0,1,0,86" ten="162,333,328,177" oya="2" hai0="105,95,85,43,108,10,19,67,103,34,37,72,107" hai1="82,79,50,115,121,48,129,73,65,122,35,88,22" hai2="69,47,18,134,3,45,98,14,16,81,124,77,110" hai3="125,117,93,128,59,0,101,63,123,84,66,12,4"/><V29/><F134/><W5/><G117/><T20/><D34/><U135/><E35/><V51/><F124/><W90/><G125/><T100/><D72/><U131/><E115/><V104/><F3/><W61/><G123/><N who="1" m="47114" /><E65/><V70/><F29/><W32/><G32/><T58/><D108/><U53/><E135/><V118/><F118/><W106/><G128/><N who="1" m="49226" /><E22/><V49/><F104/><W96/><G0/><T74/><D74/><U21/><E21/><V75/><F98/><W24/><G24/><T31/><D105/><U42/><E42/><V80/><F110/><W13/><REACH who="3" step="1"/><G63/><REACH who="3" ten="162,333,328,167" step="2"/><N who="0" m="38391" /><D107/><U132/><E132/><V68/><F14/><AGARI ba="0,1" hai="4,5,12,13,14,59,61,66,84,90,93,96,101,106" machi="14" ten="40,2600,0" yaku="1,1,52,1,53,0" doraHai="86" doraHaiUra="109" who="3" fromWho="2" sc="162,0,333,0,328,-26,167,36" /><INIT seed="3,0,0,5,3,14" ten="162,333,302,203" oya="3" hai0="3,77,70,127,105,119,79,36,132,110,81,67,123" hai1="47,57,12,33,109,65,44,63,111,59,72,28,6" hai2="49,60,115,122,23,101,133,7,48,108,85,102,124" hai3="9,128,103,78,54,100,56,98,11,80,21,73,135"/><W86/><G128/><T83/><RYUUKYOKU type="yao9" ba="0,0" sc="162,0,333,0,302,0,203,0" hai0="3,36,67,70,77,79,81,83,105,110,119,123,127,132" /><INIT seed="3,1,0,4,3,67" ten="162,333,302,203" oya="3" hai0="84,72,130,60,18,23,98,87,104,106,97,19,5" hai1="4,51,83,50,59,58,12,33,37,135,46,117,99" hai2="124,47,55,91,115,126,26,61,109,17,32,95,129" hai3="133,82,89,132,75,78,0,112,36,40,45,90,9"/><W2/><G112/><T65/><D72/><U93/><E33/><V123/><F115/><W85/><G0/><T110/><D110/><U52/><E135/><N who="3" m="51786" /><G85/><T119/><D130/><U86/><E37/><V31/><F109/><W14/><G14/><T3/><D119/><U57/><E117/><V28/><F129/><W11/><G11/><T13/><D3/><U121/><E121/><V107/><F107/><W120/><G120/><T15/><D5/><AGARI ba="1,0" hai="2,5,9,36,40,45,75,78,82,89,90" m="51786" machi="5" ten="30,2900,0" yaku="25,1,20,1" doraHai="67" who="3" fromWho="0" sc="162,-32,333,0,302,0,203,32" /><INIT seed="3,2,0,0,5,89" ten="130,333,302,235" oya="3" hai0="15,128,18,78,100,42,109,28,80,92,22,54,2" hai1="131,129,102,6,60,38,79,20,43,97,16,103,132" hai2="12,119,25,35,85,104,11,76,70,37,45,49,40" hai3="5,48,116,33,46,108,120,56,44,134,75,121,26"/><W50/><G116/><T77/><D2/><U88/><E132/><V68/><F119/><W82/><G134/><T114/><D109/><U8/><E79/><V57/><F104/><W27/><G108/><T51/><D128/><N who="1" m="49227" /><E60/><V101/><F37/><W125/><G56/><T74/><D114/><U65/><E65/><V95/><F57/><W58/><G58/><T41/><D28/><U53/><E53/><V105/><F105/><W83/><G5/><T96/><REACH who="0" step="1"/><D78/><REACH who="0" ten="120,333,302,235" step="2"/><U113/><E113/><V3/><F3/><W39/><G120/><T107/><D107/><U133/><E133/><V34/><F34/><W23/><G33/><T69/><D69/><U52/><E103/><V4/><F35/><W91/><G121/><T14/><D14/><U13/><E102/><V117/><F117/><W64/><G27/><T127/><D127/><U32/><E13/><V59/><F25/><W0/><G26/><T87/><D87/><U61/><E32/><V63/><F101/><W98/><G0/><T73/><D73/><U19/><E97/><V112/><F112/><W24/><G24/><T123/><D123/><U1/><E1/><V124/><F124/><W72/><G72/><T135/><D135/><U7/><E61/><V110/><F110/><W86/><G75/><T90/><D90/><U130/><E88/><N who="2" m="53647" /><F76/><W93/><G125/><T106/><D106/><U31/><E130/><V84/><F84/><W71/><G86/><T10/><D10/><U99/><E99/><V36/><F36/><W118/><G39/><T55/><D55/><U94/><E38/><V30/><F30/><RYUUKYOKU ba="2,1" sc="120,15,333,-15,302,15,235,-15" hai0="15,18,22,41,42,51,54,74,77,80,92,96,100" hai2="4,11,12,40,45,49,59,63,68,70" owari="135,-36.5,328,42.8,317,11.7,220,-18.0" /></mjloggm>