<mjloggm ver="2.3"><GO type="225" lobby="0"/><UN n0="%E3%83%B4%E3%83%A0%EF%BC%99%E3%81%A6" n1="%E3%83%81%E3%83%83%E3%82%BF%E3%82%BD%E3%83%BC" n2="%E3%81%8B%E3%82%8F%E3%81%A1%E3%82%83%E3%82%93%35%38" n3="%73%69%67%65%6E%6F%72%69" dan="16,16,16,18" rate="2177.61,2130.32,2159.57,2275.28" sx="M,F,M,M"/><TAIKYOKU oya="0"/><INIT seed="0,0,0,0,3,110" ten="250,250,250,250" oya="0" hai0="95,77,69,17,46,88,98,7,70,91,117,28,133" hai1="47,67,134,115,31,55,86,83,105,58,89,118,14" hai2="122,78,87,68,106,27,5,71,10,73,108,128,37" hai3="72,2,3,23,119,26,80,12,41,20,90,112,125"/><T13/><D117/><U101/><E118/><V52/><F122/><W51/><G119/><T64/><D133/><U124/><E134/><V39/><F106/><W21/><G41/><T0/><D77/><U102/><E124/><V94/><F52/><W85/><G72/><T114/><D114/><U113/><E67/><V62/><F62/><W6/><G125/><T4/><D28/><U63/><E47/><V29/><F94/><W36/><G36/><N who="2" m="13897" /><F87/><W129/><G51/><T111/><D111/><U79/><E89/><V132/><F128/><W96/><G96/><T42/><D91/><U123/><E123/><V33/><F108/><W32/><G129/><T50/><D0/><U116/><E116/><V93/><F93/><W121/><G121/><T74/><D74/><U48/><E63/><V104/><F104/><W97/><G97/><T65/><D69/><U61/><E61/><V66/><F66/><W53/><G53/><T126/><D126/><U59/><E58/><V54/><F54/><W99/><G99/><T131/><D131/><U25/><E14/><N who="2" m="5455" /><F132/><W100/><G100/><T49/><D49/><U81/><E83/><N who="2" m="45519" /><F71/><W9/><REACH who="3" step="1"/><G112/><REACH who="3" ten="250,250,250,240" step="2"/><N who="1" m="43082" /><E105/><V38/><F38/><W109/><G109/><T127/><D127/><U82/><E82/><V18/><F68/><W135/><G135/><T11/><D70/><U75/><E75/><V76/><F76/><W107/><G107/><T34/><D64/><U120/><E120/><V84/><F84/><W40/><G40/><T30/><D65/><U130/><E130/><V57/><F57/><W19/><G19/><T1/><D42/><RYUUKYOKU ba="0,1" sc="250,-30,250,10,250,10,240,10" hai1="25,31,48,55,59,79,81,86,101,102" hai2="18,27,29,33" hai3="2,3,6,9,12,20,21,23,26,32,80,85,90" /><INIT seed="1,1,1,3,0,10" ten="220,260,260,250" oya="1" hai0="63,12,133,112,7,51,50,68,29,93,71,27,121" hai1="36,78,30,135,84,80,100,110,40,18,87,69,92" hai2="52,3,66,104,45,37,73,64,48,86,49,107,77" hai3="35,6,11,65,16,34,21,75,4,115,62,2,0"/><U53/><E135/><V109/><F3/><N who="3" m="1067" /><G75/><T126/><D112/><U96/><E69/><V72/><F37/><W70/><G62/><T39/><D39/><U46/><E110/><V33/><F33/><N who="3" m="12299" /><G65/><T120/><D133/><U124/><E124/><V125/><F125/><W131/><G70/><T61/><D126/><U15/><E30/><V79/><F86/><W118/><G115/><T98/><D68/><U17/><E53/><V94/><F94/><W76/><G76/><T25/><D71/><U41/><E40/><V23/><F45/><W22/><G118/><T60/><D29/><U32/><E32/><V129/><F52/><W9/><G131/><T99/><D93/><U20/><REACH who="1" step="1"/><E18/><REACH who="1" ten="220,250,260,250" step="2"/><V130/><F109/><W83/><G21/><AGARI ba="1,2" hai="21,23,48,49,64,66,72,73,77,79,104,107,129,130" machi="21" ten="25,1600,0" yaku="22,2" doraHai="10" who="2" fromWho="3" sc="220,0,250,0,260,39,250,-19" /><INIT seed="2,0,0,3,3,64" ten="220,250,299,231" oya="2" hai0="18,88,66,122,39,33,72,90,119,14,29,23,71" hai1="50,49,1,37,80,56,93,6,103,42,106,62,63" hai2="92,57,73,12,135,111,35,28,43,86,55,84,22" hai3="26,36,107,101,98,67,128,0,132,16,78,85,59"/><V15/><F73/><W108/><G0/><T87/><D122/><U123/><E106/><V81/><F35/><W47/><G108/><T125/><D72/><U91/><E123/><V41/><F135/><W53/><G132/><T124/><D39/><U7/><E37/><V27/><F111/><W116/><G116/><T97/><D119/><U112/><E112/><V38/><F38/><W104/><G104/><T113/><D113/><U8/><E6/><V24/><F24/><W34/><G128/><T30/><D97/><U127/><E127/><N who="0" m="48713" /><D33/><U40/><E103/><V114/><F114/><W95/><G34/><T32/><D32/><U65/><E80/><V11/><F92/><W76/><G36/><T75/><D75/><U120/><E120/><V102/><F12/><W117/><G117/><T134/><D134/><U9/><E9/><V77/><F86/><W68/><G85/><T51/><D51/><U74/><E74/><V20/><F20/><N who="3" m="13575" /><G107/><T46/><D46/><U79/><E79/><V105/><F105/><W100/><G100/><T13/><D13/><U25/><E25/><V21/><F21/><W2/><G2/><T4/><D4/><U129/><E129/><V54/><F102/><W110/><G110/><T52/><D52/><N who="1" m="34055" /><E49/><N who="2" m="30927" /><F55/><W60/><G47/><T130/><D130/><U70/><E50/><V118/><F118/><W3/><G3/><T58/><D58/><U126/><E126/><V61/><F15/><W10/><G10/><T94/><D90/><U17/><E17/><V44/><F11/><W69/><G53/><T109/><D109/><U121/><E121/><RYUUKYOKU ba="0,0" sc="220,10,250,10,299,-30,231,10" hai0="14,18,23,29,30,66,71,87,88,94" hai1="1,7,8,40,42,63,65,70,91,93" hai3="59,60,67,68,69,76,78,95,98,101" /><INIT seed="3,1,0,2,4,6" ten="230,260,269,241" oya="3" hai0="69,124,17,33,61,117,55,56,108,67,41,63,105" hai1="74,76,118,73,80,131,72,122,29,40,87,132,70" hai2="113,135,84,46,44,0,22,36,23,62,96,58,71" hai3="66,106,99,120,1,93,48,94,85,42,134,110,112"/><W127/><G1/><T26/><D105/><U130/><E122/><V123/><F113/><W121/><G112/><T7/><D117/><U34/><E118/><V15/><F0/><W37/><G37/><T12/><D108/><U79/><E132/><V3/><F3/><W95/><G134/><T90/><D124/><U14/><E70/><V98/><F71/><W19/><G127/><T53/><D41/><U2/><E2/><V126/><F126/><W5/><G5/><T83/><D7/><U38/><E76/><V32/><F32/><W45/><G110/><T119/><D119/><U13/><E29/><V133/><F123/><W4/><G4/><T59/><D83/><U54/><E54/><V82/><F133/><W35/><G35/><T103/><D103/><U78/><E78/><V91/><F36/><W114/><G85/><T92/><D33/><U21/><E34/><V129/><F22/><W51/><G114/><T10/><D26/><U75/><N who="1" m="18432" /><DORA hai="50" /><U25/><E25/><V57/><F57/><W18/><G51/><T109/><D109/><U52/><E52/><N who="2" m="34119" /><F135/><W28/><G66/><N who="0" m="39207" /><D69/><U9/><E21/><V16/><F129/><N who="1" m="49161" /><E9/><V125/><F125/><W104/><G121/><T30/><D30/><U115/><E115/><V27/><F27/><W100/><G120/><T11/><D10/><U65/><E65/><V47/><AGARI ba="1,0" hai="15,16,23,44,46,47,82,84,91,96,98" m="34119" machi="47" ten="30,7900,0" yaku="8,1,52,1,54,2" doraHai="6,50" who="2" fromWho="2" sc="230,-21,260,-21,269,82,241,-40" owari="209,-19.1,239,3.9,351,45.1,201,-29.9" /></mjloggm>