<mjloggm ver="2.3"><GO type="225" lobby="0"/><UN n0="%E3%83%96%E3%83%83%E3%83%91%E3%82%AA%E3%83%96%E3%83%81%E3%82%AD%E3%83%B3" n1="%E3%81%A4%E3%81%A3%E3%81%B1%E3%82%8A%E3%83%9D%E3%83%BC%E3%83%AB" n2="%EF%BC%AE%EF%BC%A1%EF%BC%AF%33%33%39" n3="%E7%B4%94%E6%BD%94%E3%83%94%E3%83%A9%E3%83%8B%E3%82%A2" dan="16,17,16,17" rate="2195.62,2148.23,2215.74,2194.40" sx="M,M,M,M"/><TAIKYOKU oya="0"/><INIT seed="0,0,0,2,3,48" ten="250,250,250,250" oya="0" hai0="81,105,71,59,20,18,57,25,132,11,75,112,102" hai1="38,99,4,10,108,40,79,86,9,74,93,6,7" hai2="13,43,17,33,85,109,29,67,80,90,110,12,116" hai3="44,37,65,135,106,69,103,119,34,51,42,91,128"/><T24/><D112/><U27/><E108/><V92/><F116/><W88/><G119/><T133/><D71/><U3/><E86/><V14/><F67/><W30/><G128/><T83/><D11/><U50/><E27/><V89/><F43/><W73/><G73/><T66/><D66/><U47/><E50/><V53/><F29/><W31/><G31/><T115/><D115/><U60/><E60/><V95/><F33/><W100/><G100/><T28/><D102/><U70/><E70/><V15/><F80/><W64/><G64/><T134/><D105/><U77/><E10/><V76/><F76/><W16/><G37/><T122/><D122/><U111/><E79/><V118/><F118/><W32/><G32/><T63/><D75/><U61/><E61/><V98/><REACH who="2" step="1"/><F53/><REACH who="2" ten="250,250,240,250" step="2"/><N who="3" m="29927" /><G65/><T62/><D81/><N who="1" m="45239" /><E111/><V114/><F114/><W54/><G69/><T117/><D83/><U101/><AGARI ba="0,1" hai="3,4,6,7,9,38,40,47,93,99,101" m="45239" machi="101" ten="30,1100,0" yaku="25,1" doraHai="48" who="1" fromWho="1" sc="250,-5,250,21,240,-3,250,-3" /><INIT seed="1,0,0,0,2,114" ten="245,271,237,247" oya="1" hai0="62,93,6,97,105,19,59,31,46,89,117,121,103" hai1="107,12,1,106,15,64,120,90,69,91,49,43,4" hai2="119,48,77,88,134,135,29,44,96,63,85,108,47" hai3="74,73,87,84,71,126,16,72,83,9,37,67,132"/><U33/><E120/><V36/><F29/><W21/><G37/><T109/><D121/><U82/><E33/><V27/><F27/><W75/><G126/><T32/><D109/><U5/><E1/><V100/><F77/><W94/><G132/><N who="2" m="50729" /><F108/><W110/><G110/><T130/><D130/><U57/><E69/><V116/><F63/><W98/><G9/><T20/><D6/><U3/><E3/><V104/><F36/><W11/><G11/><T76/><D76/><U39/><E39/><V78/><F78/><W60/><N who="3" m="18432" /><DORA hai="25" /><W40/><G40/><T125/><D125/><U68/><E68/><V127/><F127/><W14/><REACH who="3" step="1"/><G83/><REACH who="3" ten="245,271,237,237" step="2"/><T2/><D2/><U131/><E82/><N who="2" m="49207" /><F47/><W99/><G99/><T80/><D46/><U34/><E131/><V41/><AGARI ba="0,1" hai="41,44,48,96,100,104,116,119" m="49207,50729" machi="41" ten="30,7900,0" yaku="20,1,52,2,54,1" doraHai="114,25" who="2" fromWho="2" sc="245,-20,271,-39,237,89,237,-20" /><INIT seed="2,0,0,3,5,99" ten="225,232,326,217" oya="2" hai0="82,31,17,22,133,40,114,36,13,97,101,54,120" hai1="7,109,27,3,102,100,73,86,85,71,88,6,69" hai2="14,122,42,62,35,11,131,44,112,92,113,66,39" hai3="79,108,81,135,65,90,124,29,51,53,74,50,123"/><V57/><F122/><W107/><G123/><T2/><D120/><U49/><E73/><V55/><F35/><W72/><G108/><T119/><D114/><U61/><E3/><V104/><F104/><W98/><G124/><T134/><D2/><U9/><E109/><V10/><F131/><W21/><G135/><N who="0" m="51723" /><D119/><U4/><E9/><V117/><F117/><W121/><G121/><T80/><D54/><U129/><E129/><V56/><F92/><W28/><G74/><T93/><D31/><U12/><E69/><V23/><F23/><W105/><G65/><T95/><D95/><N who="1" m="54671" /><E71/><V60/><REACH who="2" step="1"/><F11/><REACH who="2" ten="225,232,316,217" step="2"/><W18/><G105/><T126/><D126/><U20/><E20/><V64/><F64/><W37/><G107/><T127/><D127/><U30/><E30/><V125/><F125/><W48/><G28/><T132/><N who="0" m="51731" /><T77/><DORA hai="96" /><D77/><U91/><E27/><V128/><F128/><W130/><G79/><T83/><D83/><U63/><E12/><V94/><F94/><W1/><G81/><T32/><D32/><U58/><E86/><V89/><F89/><W70/><G90/><T84/><D84/><U45/><E91/><V87/><F87/><W0/><G29/><T41/><D41/><N who="1" m="24751" /><E102/><V115/><F115/><W103/><G103/><T75/><D75/><U78/><E100/><V8/><F8/><W25/><G72/><T110/><D110/><U15/><E78/><V33/><F33/><W52/><G0/><T34/><D34/><U47/><E15/><V24/><F24/><W19/><G1/><T67/><D67/><U118/><E118/><RYUUKYOKU ba="0,1" sc="225,15,232,-15,316,15,217,-15" hai0="13,17,22,36,40,80,82,93,97,101" hai2="10,14,39,42,44,55,56,57,60,62,66,112,113" /><INIT seed="2,1,1,2,0,83" ten="240,217,331,202" oya="2" hai0="121,117,0,46,72,43,30,45,132,51,61,66,70" hai1="27,105,125,18,12,129,135,110,108,107,109,118,39" hai2="85,26,60,78,89,114,13,40,123,50,64,134,16" hai3="20,127,38,67,100,101,34,116,29,22,94,99,73"/><V95/><F114/><W106/><G73/><T96/><D121/><U37/><E118/><V111/><F123/><W115/><G38/><N who="1" m="14346" /><E135/><V75/><F134/><W8/><G127/><T10/><D132/><U62/><E125/><V47/><F111/><N who="1" m="28417" /><U5/><DORA hai="68" /><E129/><V3/><F3/><W79/><G79/><T131/><D131/><U4/><E62/><V2/><F2/><W90/><G101/><T104/><D61/><U52/><E27/><V24/><F78/><W55/><G67/><T59/><D0/><U88/><E52/><V76/><F76/><W102/><G102/><T119/><D66/><U7/><E88/><V41/><F75/><W63/><G115/><T86/><D72/><U19/><E12/><V71/><REACH who="2" step="1"/><F41/><REACH who="2" ten="240,217,321,202" step="2"/><W74/><G74/><T80/><D43/><U93/><E93/><V130/><F130/><W11/><G94/><T97/><D119/><U17/><AGARI ba="1,2" hai="4,5,7,17,18,19,105,107" m="28417,14346" machi="17" ten="50,12000,2" yaku="28,2,14,1,52,3" doraHai="83,68" who="1" fromWho="1" sc="240,-31,217,143,321,-61,202,-31" /><INIT seed="3,0,0,2,4,66" ten="209,360,260,171" oya="3" hai0="68,56,47,9,99,27,44,126,119,78,20,30,117" hai1="84,1,127,38,51,64,133,33,15,61,54,87,110" hai2="21,118,123,29,6,115,112,73,75,95,45,108,50" hai3="10,102,72,121,124,83,82,23,62,111,53,0,57"/><W34/><G34/><T60/><D68/><U58/><E1/><V71/><F71/><W90/><G121/><T85/><D126/><U52/><E33/><V93/><F6/><W100/><G124/><T32/><D32/><U89/><E38/><V94/><F118/><W8/><G111/><T4/><D119/><U134/><E127/><V22/><F29/><W2/><G72/><T49/><D117/><U131/><E110/><V25/><F108/><W18/><G0/><T70/><D70/><N who="1" m="42255" /><E131/><V91/><F91/><W80/><G90/><T105/><D105/><U19/><E52/><V98/><F98/><W40/><G40/><T79/><D99/><U88/><E88/><V113/><F123/><W43/><G43/><T74/><D74/><U106/><E106/><V109/><F109/><W46/><G46/><T67/><D85/><U39/><E39/><V77/><F77/><N who="0" m="29194" /><D49/><U86/><E89/><V3/><F3/><W7/><REACH who="3" step="1"/><G8/><REACH who="3" ten="209,360,260,161" step="2"/><T103/><D103/><U76/><E76/><V116/><F116/><W129/><G129/><T28/><D28/><U26/><E87/><V96/><F75/><W69/><G69/><T135/><D135/><U36/><E86/><V114/><F73/><W5/><G5/><T35/><D35/><U24/><E84/><V92/><F115/><W65/><G65/><T12/><AGARI ba="0,1" hai="4,9,12,20,27,30,44,47,56,60,67" m="29194" machi="12" ten="30,1100,0" yaku="8,1" doraHai="66" who="0" fromWho="0" sc="209,21,360,-3,260,-3,161,-5" owari="230,-17.0,357,45.7,257,5.7,156,-34.4" /></mjloggm>