<mjloggm ver="2.3"><GO type="225" lobby="0"/><UN n0="%E6%9C%88%E5%B3%B6%E5%9F%BA" n1="%E3%81%A8%E3%82%89%E3%81%84%E3%81%A1" n2="%E3%81%BD%E3%81%A1%E3%81%9F%E3%81%93%E3%82%84" n3="%E3%83%A9%E3%82%A4%E3%83%B3%E3%81%AE%E8%99%8E" dan="16,16,17,16" rate="2028.83,2135.42,2230.22,2154.70" sx="M,M,M,M"/><TAIKYOKU oya="0"/><INIT seed="0,0,0,4,0,123" ten="250,250,250,250" oya="0" hai0="66,86,61,2,110,129,69,1,28,96,3,63,68" hai1="114,30,80,119,46,126,59,20,7,51,6,58,107" hai2="131,77,106,44,84,45,95,47,53,113,112,85,100" hai3="79,13,97,56,43,75,18,25,93,21,57,17,22"/><T99/><D129/><U89/><E119/><V104/><F131/><W0/><G0/><T65/><D110/><U29/><E107/><V42/><F42/><W90/><G75/><T27/><REACH who="0" step="1"/><D86/><REACH who="0" ten="240,250,250,250" step="2"/><N who="1" m="50375" /><E114/><V120/><F84/><W15/><G79/><T132/><D132/><U40/><E126/><V23/><F85/><W109/><G109/><T72/><D72/><U101/><E101/><V133/><F77/><W4/><G43/><T92/><D92/><U115/><E115/><V105/><F95/><W26/><REACH who="3" step="1"/><G4/><REACH who="3" ten="240,250,250,240" step="2"/><T67/><D67/><U74/><E74/><V37/><F113/><W117/><G117/><T11/><D11/><U76/><E76/><V130/><F112/><W70/><G70/><T41/><D41/><U9/><E9/><V60/><F133/><W98/><G98/><T33/><AGARI ba="0,2" hai="1,2,3,27,28,33,61,63,65,66,68,69,96,99" machi="33" ten="30,6000,0" yaku="1,1,0,1,9,1,53,0" doraHai="123" doraHaiUra="118" who="0" fromWho="0" sc="240,80,250,-20,250,-20,240,-20" /><INIT seed="0,1,0,2,1,66" ten="320,230,230,220" oya="0" hai0="124,117,2,38,76,104,59,86,123,103,42,26,6" hai1="132,71,7,101,114,10,44,70,67,5,81,21,13" hai2="35,87,33,46,130,116,98,133,19,50,127,82,61" hai3="105,18,80,45,92,89,55,64,111,43,37,78,54"/><T135/><D59/><U15/><E132/><V90/><F133/><W75/><G111/><T24/><D86/><U79/><E114/><V85/><F130/><W122/><G122/><T113/><D76/><U93/><E44/><V94/><F127/><W97/><G18/><T118/><D103/><U27/><E67/><V108/><F108/><W62/><REACH who="3" step="1"/><G105/><REACH who="3" ten="320,230,230,210" step="2"/><T88/><D104/><U14/><E7/><V125/><F19/><W83/><G83/><T58/><D123/><U39/><E93/><V30/><F94/><W129/><G129/><T106/><D106/><U60/><E5/><V109/><F82/><W23/><G23/><T9/><D6/><U63/><E81/><V107/><F107/><W36/><G36/><T52/><D38/><U49/><E39/><V28/><F109/><W29/><G29/><T91/><D135/><U8/><E21/><V20/><F28/><W3/><G3/><T17/><D17/><U99/><E10/><V57/><F20/><W65/><G65/><T96/><D2/><U95/><E8/><V112/><F30/><W11/><G11/><T128/><D9/><U100/><E95/><N who="2" m="56695" /><F112/><W126/><G126/><T69/><D128/><U53/><E100/><V73/><F125/><W41/><G41/><T68/><D42/><U25/><E101/><V74/><F33/><W32/><G32/><T102/><D102/><U4/><E4/><V121/><F35/><W134/><G134/><T115/><D124/><U1/><E1/><V22/><F22/><W34/><G34/><T110/><D110/><U40/><E40/><V119/><F121/><RYUUKYOKU ba="1,1" sc="320,-10,230,-10,230,-10,210,30" hai3="37,43,45,54,55,62,64,75,78,80,89,92,97" /><INIT seed="1,2,1,0,1,29" ten="310,220,220,240" oya="1" hai0="111,72,126,75,5,66,33,28,120,94,106,65,13" hai1="128,96,10,82,108,8,63,27,16,87,100,76,35" hai2="64,32,131,24,46,62,102,12,30,113,119,47,23" hai3="31,123,85,17,15,103,58,1,70,130,25,121,99"/><U14/><E128/><V132/><F119/><W2/><G70/><T78/><D106/><U112/><E112/><V61/><F131/><W88/><G130/><T127/><D111/><U3/><E108/><V110/><F113/><W129/><G129/><T56/><D120/><U11/><E3/><V105/><F132/><W118/><G118/><T69/><D69/><U67/><E27/><V83/><F62/><W6/><G58/><T98/><D28/><U4/><E4/><V133/><F133/><W122/><G6/><T59/><D33/><U135/><E35/><V114/><F83/><W115/><G115/><T117/><D117/><U134/><E134/><V125/><F125/><N who="0" m="47626" /><D78/><U7/><E7/><V19/><F110/><W51/><G51/><T20/><D59/><U43/><E43/><V104/><F114/><W48/><G48/><T80/><D80/><U18/><E18/><V109/><F109/><W93/><G17/><N who="0" m="10287" /><D5/><U95/><REACH who="1" step="1"/><E135/><REACH who="1" ten="310,210,220,240" step="2"/><V45/><REACH who="2" step="1"/><F102/><REACH who="2" ten="310,210,210,240" step="2"/><W37/><G103/><N who="0" m="60887" /><D66/><U22/><E22/><V55/><F55/><W52/><G52/><T81/><D81/><U68/><AGARI ba="2,3" hai="8,10,11,14,16,63,67,68,76,82,87,95,96,100" machi="68" ten="20,12000,1" yaku="1,1,0,1,7,1,54,1,53,1" doraHai="29" doraHaiUra="57" who="1" fromWho="1" sc="310,-42,210,156,210,-42,240,-42" /><INIT seed="1,3,0,4,2,1" ten="268,366,168,198" oya="1" hai0="43,27,118,59,115,77,117,36,72,63,133,113,67" hai1="106,121,26,81,38,92,94,3,116,4,82,61,104" hai2="39,96,132,122,68,41,112,32,20,66,17,111,50" hai3="114,58,89,22,76,19,11,125,0,100,108,51,6"/><U110/><E116/><N who="0" m="44649" /><D27/><U53/><E121/><V64/><F122/><W47/><G108/><T86/><D86/><U60/><E38/><V21/><F32/><W70/><G125/><T31/><D31/><U5/><E26/><V120/><F120/><W75/><G70/><N who="0" m="42367" /><D133/><U123/><E123/><V55/><F111/><W131/><G114/><T103/><D103/><U7/><E3/><V107/><F132/><W46/><G100/><T8/><D8/><U119/><E119/><V101/><F112/><W135/><G135/><T13/><D13/><U45/><E110/><V56/><F68/><W74/><G89/><T16/><D16/><U84/><E104/><V90/><F90/><W130/><G76/><T14/><D14/><U105/><E105/><V30/><F30/><W109/><G109/><T29/><D59/><U34/><E34/><V134/><F134/><W126/><G75/><T12/><D12/><U93/><E106/><V15/><REACH who="2" step="1"/><F21/><REACH who="2" ten="268,366,158,198" step="2"/><W127/><G22/><T49/><D29/><U52/><E82/><V80/><F80/><W25/><G127/><T124/><D124/><U2/><E81/><V54/><F54/><W57/><G126/><T33/><D33/><U62/><E53/><V99/><F99/><W73/><G130/><T23/><D115/><U95/><E52/><V42/><F42/><W128/><G128/><T24/><D23/><U40/><E40/><V37/><F37/><W28/><G131/><T44/><D36/><U88/><E2/><V129/><F129/><W48/><G0/><T102/><D113/><U78/><E78/><V97/><F97/><RYUUKYOKU ba="3,1" sc="268,-15,366,15,158,15,198,-15" hai1="4,5,7,45,60,61,62,84,88,92,93,94,95" hai2="15,17,20,39,41,50,55,56,64,66,96,101,107" /><INIT seed="1,4,1,4,2,77" ten="253,381,173,183" oya="1" hai0="53,43,4,113,87,68,42,76,2,122,6,18,88" hai1="83,130,102,44,59,110,23,49,81,16,22,134,98" hai2="32,89,47,126,106,10,8,115,72,28,36,40,61" hai3="117,45,73,48,105,85,0,99,55,52,19,111,25"/><U131/><E134/><V104/><F126/><W33/><G73/><T108/><D113/><U66/><E59/><V123/><F123/><W121/><G121/><T71/><D122/><U11/><E11/><V54/><F115/><W129/><G0/><T46/><D108/><U133/><E66/><V57/><F72/><W60/><G111/><T109/><D109/><U84/><E23/><V64/><F32/><W30/><G129/><N who="1" m="49162" /><E84/><V15/><F28/><W20/><G117/><T112/><D71/><U65/><E65/><V14/><F89/><W94/><G105/><T27/><D68/><U29/><E29/><V26/><F26/><W62/><G85/><T24/><D76/><U90/><E90/><V93/><F93/><W78/><G78/><T41/><D2/><U125/><E133/><V80/><F80/><W119/><G119/><T135/><D135/><U56/><E56/><V21/><F21/><N who="3" m="15663" /><G55/><T5/><D112/><U97/><E125/><V75/><F75/><W128/><G33/><T63/><D18/><U82/><E102/><V86/><F86/><W69/><G69/><T101/><D101/><U67/><E67/><V51/><F64/><W34/><G34/><T74/><D74/><U114/><E114/><V17/><REACH who="2" step="1"/><F61/><REACH who="2" ten="253,381,163,183" step="2"/><W79/><G128/><T127/><D63/><U95/><E95/><V116/><F116/><W70/><G70/><T35/><D35/><U124/><E124/><V31/><F31/><W39/><G62/><T103/><D127/><U120/><E110/><V92/><F92/><W1/><G60/><T7/><N who="0" m="1024" /><DORA hai="107" /><T13/><D103/><RYUUKYOKU ba="4,2" sc="253,-10,381,-10,163,30,183,-10" hai2="8,10,14,15,17,36,40,47,51,54,57,104,106" /><INIT seed="2,5,2,1,4,14" ten="243,371,193,173" oya="2" hai0="100,87,5,88,11,80,6,48,96,41,67,50,72" hai1="73,29,7,129,61,79,44,76,37,45,34,33,124" hai2="84,111,64,99,123,21,89,42,130,47,52,71,66" hai3="113,18,92,134,69,55,59,30,82,28,133,108,97"/><V74/><F123/><W115/><G69/><T83/><D67/><U121/><E121/><V81/><F130/><W65/><G65/><T68/><D68/><U127/><E7/><V93/><F111/><W12/><G82/><T90/><D41/><U10/><E10/><V85/><F74/><W3/><G3/><T101/><D72/><U38/><E61/><V114/><F114/><N who="3" m="43531" /><G108/><T120/><D120/><U4/><E4/><N who="0" m="1641" /><D11/><U62/><E62/><V60/><F66/><W15/><G15/><T77/><D77/><U46/><E73/><V53/><F21/><N who="3" m="11463" /><G28/><T57/><D83/><U119/><E29/><V31/><F31/><W131/><G30/><T104/><D104/><U16/><E129/><V24/><F24/><W117/><G117/><T128/><D128/><U106/><E119/><V20/><F20/><W125/><G125/><T70/><D70/><U23/><E106/><V36/><REACH who="2" step="1"/><F85/><REACH who="2" ten="243,371,183,173" step="2"/><W98/><G131/><T22/><D22/><U35/><E124/><V102/><AGARI ba="5,3" hai="36,42,47,52,53,60,64,71,81,84,89,93,99,102" machi="102" ten="20,12000,1" yaku="1,1,2,1,0,1,7,1,54,1,53,0" doraHai="14" doraHaiUra="2" who="2" fromWho="2" sc="243,-45,371,-45,183,165,173,-45" /><INIT seed="2,6,0,1,5,34" ten="198,326,348,128" oya="2" hai0="40,21,29,130,59,79,22,90,54,60,95,88,106" hai1="31,46,133,124,112,82,113,93,72,26,108,17,98" hai2="83,92,37,115,102,85,8,75,24,91,1,16,122" hai3="116,103,50,68,127,49,43,126,53,117,14,39,120"/><V28/><F115/><W52/><G103/><T87/><D106/><U13/><E108/><V56/><F122/><W67/><G14/><T104/><D104/><U129/><E124/><N who="3" m="47658" /><G120/><T25/><D130/><U63/><E129/><V114/><F114/><W131/><G131/><T55/><D40/><U0/><E133/><V135/><F37/><W58/><G43/><T74/><D74/><U76/><E0/><V42/><F42/><W84/><G84/><N who="0" m="52615" /><D22/><U125/><E125/><V11/><F135/><W35/><G35/><T77/><D55/><U71/><E112/><V4/><F75/><W105/><G105/><T134/><D134/><U20/><E113/><V69/><F1/><W12/><G12/><T19/><D29/><U36/><E31/><V132/><F28/><W111/><G39/><T38/><D38/><U101/><E36/><V48/><F132/><W128/><G128/><T89/><D89/><U9/><E13/><V45/><F91/><W99/><G99/><T47/><D47/><U5/><E46/><V15/><F45/><N who="3" m="27695" /><G111/><T94/><AGARI ba="6,0" hai="19,21,25,54,59,60,77,79,87,90,94" m="52615" machi="94" ten="30,2000,0" yaku="8,1,54,1" doraHai="34" who="0" fromWho="0" sc="198,38,326,-11,348,-16,128,-11" /><INIT seed="3,0,0,5,2,37" ten="236,315,332,117" oya="3" hai0="42,121,114,55,60,83,102,49,39,99,75,133,77" hai1="52,10,111,101,84,54,62,0,40,14,36,38,129" hai2="18,115,46,92,128,125,100,82,85,68,88,76,135" hai3="57,127,17,89,118,74,34,123,44,29,104,96,112"/><W28/><G112/><T33/><D121/><U3/><E111/><V93/><F68/><W94/><G118/><T103/><D114/><U86/><E101/><V120/><F115/><W117/><G117/><T6/><D33/><U20/><E20/><V11/><F128/><W12/><G127/><T26/><D133/><U70/><E129/><V16/><F135/><W71/><G71/><T116/><D116/><U87/><E36/><V24/><F120/><W8/><G123/><T53/><D26/><U48/><E38/><V35/><F100/><W67/><G34/><T27/><D27/><U80/><E80/><V15/><F125/><W78/><G104/><T23/><D23/><U50/><E3/><V47/><F18/><W73/><G44/><T13/><D55/><N who="1" m="21035" /><E40/><V45/><REACH who="2" step="1"/><F76/><REACH who="2" ten="236,315,322,117" step="2"/><W64/><G64/><T59/><D6/><N who="1" m="3415" /><E70/><V131/><F131/><W19/><G19/><T30/><D99/><U9/><E0/><V41/><F41/><W130/><G130/><T126/><D77/><U58/><E9/><V90/><F90/><W5/><G17/><T119/><D83/><U69/><E69/><V97/><F97/><W66/><G66/><AGARI ba="0,1" hai="48,50,58,62,66,84,86,87" m="3415,21035" machi="66" ten="30,2000,0" yaku="8,1,54,1" doraHai="37" who="1" fromWho="3" sc="236,0,315,30,322,0,117,-20" owari="236,-16.4,345,44.5,322,12.2,97,-40.3" /></mjloggm>