<mjloggm ver="2.3"><GO type="225" lobby="0"/><UN n0="%6E%69%63%6F%6E%74%6F" n1="%E7%89%B9%E6%9D%B1%E3%81%AF%E4%B8%96%E7%95%8C%E3%82%92%E6%95%91%E3%81%86" n2="%E5%A4%8F%E9%88%B4%E9%88%B4%E5%A4%8F" n3="%E5%A4%96%E5%B7%9D%E7%AB%9C%E6%88%90" dan="16,16,16,16" rate="2135.74,2222.13,2159.08,2094.48" sx="M,M,F,M"/><TAIKYOKU oya="0"/><INIT seed="0,0,0,2,5,65" ten="250,250,250,250" oya="0" hai0="37,14,62,77,126,92,6,118,41,120,87,105,104" hai1="72,116,123,31,22,48,38,113,26,78,125,66,82" hai2="131,99,111,88,25,59,128,34,73,83,21,94,69" hai3="15,19,0,10,3,1,29,16,110,17,102,12,60"/><T44/><D118/><U74/><E116/><V97/><F111/><W32/><G102/><T4/><D120/><U52/><E123/><V42/><F34/><W56/><G110/><T63/><D126/><U91/><E125/><V115/><F115/><W54/><REACH who="3" step="1"/><G15/><REACH who="3" ten="250,250,250,240" step="2"/><T106/><D14/><U81/><E113/><V119/><F119/><W133/><G133/><T101/><D101/><U64/><E38/><V49/><F131/><W71/><G71/><T39/><D39/><U129/><E129/><V108/><F69/><W55/><G55/><T85/><D77/><U107/><E107/><V58/><F128/><W24/><AGARI ba="0,1" hai="0,1,3,10,12,16,17,19,24,29,32,54,56,60" machi="24" ten="40,5200,0" yaku="1,1,0,1,54,1,53,0" doraHai="65" doraHaiUra="47" who="3" fromWho="3" sc="250,-26,250,-13,250,-13,240,62" /><INIT seed="1,0,0,4,1,5" ten="224,237,237,302" oya="1" hai0="28,33,47,71,68,65,37,132,104,50,78,86,53" hai1="76,91,38,1,9,112,116,64,113,55,39,105,94" hai2="11,74,35,8,121,36,115,90,118,98,134,135,99" hai3="23,66,52,106,111,32,81,83,3,109,102,19,85"/><U130/><E116/><V72/><F118/><W18/><G32/><T2/><D2/><U20/><E105/><V27/><F121/><W128/><G3/><T79/><D132/><N who="2" m="50730" /><F36/><W31/><G66/><T120/><D120/><U125/><E76/><V131/><F131/><W67/><G67/><T88/><D104/><U13/><E130/><V15/><F115/><W108/><G128/><T51/><D37/><U75/><E75/><N who="2" m="28715" /><F90/><W30/><G102/><T84/><D28/><U101/><E101/><V129/><F129/><W97/><G97/><N who="2" m="36873" /><F15/><W95/><G106/><T49/><D33/><U41/><E1/><V6/><F6/><W119/><G119/><T59/><D71/><U43/><E39/><V45/><F45/><W103/><G103/><T73/><D68/><U58/><E38/><V57/><F57/><W10/><G111/><T63/><D73/><U82/><E113/><V7/><F7/><W117/><G109/><T21/><D86/><U60/><E91/><V4/><F4/><W123/><G123/><T133/><D133/><U22/><E58/><V62/><F62/><W48/><G117/><T46/><D46/><U42/><E60/><V29/><AGARI ba="0,0" hai="8,11,27,29,35" m="36873,28715,50730" machi="29" ten="40,5200,0" yaku="20,1,52,2" doraHai="5" who="2" fromWho="2" sc="224,-13,237,-26,237,52,302,-13" /><INIT seed="2,0,0,0,3,36" ten="211,211,289,289" oya="2" hai0="57,106,84,117,52,109,71,102,95,121,114,128,123" hai1="87,72,99,62,43,6,35,67,53,58,97,85,28" hai2="90,17,24,132,92,54,115,130,33,122,12,18,32" hai3="68,94,7,78,48,51,124,113,40,34,64,107,126"/><V41/><F122/><W5/><G107/><T133/><D114/><U60/><E72/><V4/><F115/><W75/><G34/><T119/><D71/><U21/><E35/><V91/><F130/><W80/><G113/><T10/><D128/><U11/><E43/><V134/><F41/><W82/><G94/><T96/><D133/><U19/><E28/><V131/><F131/><W14/><G64/><T112/><D112/><U98/><E19/><V50/><F4/><W83/><G78/><T110/><D10/><U3/><REACH who="1" step="1"/><E21/><REACH who="1" ten="211,201,289,289" step="2"/><V111/><F33/><W39/><G75/><T86/><D123/><U29/><E29/><V129/><F32/><W27/><G40/><T77/><D121/><U89/><E89/><V20/><F129/><W63/><G126/><T56/><D77/><U104/><E104/><V47/><F134/><W100/><G124/><T76/><D76/><U31/><E31/><V23/><F132/><W45/><G5/><T101/><D106/><U0/><E0/><V15/><F23/><W37/><G7/><T66/><D119/><U8/><E8/><V125/><F20/><W46/><G100/><T70/><D117/><U38/><E38/><V59/><F125/><W16/><G39/><T55/><D102/><U116/><E116/><V2/><F91/><W13/><G13/><T105/><D105/><U42/><E42/><N who="2" m="24951" /><F2/><W108/><G37/><T9/><D9/><U74/><E74/><V1/><F1/><W135/><G135/><T26/><D101/><U81/><E81/><N who="3" m="20738" /><W69/><DORA hai="61" /><G14/><T25/><D25/><U93/><E93/><RYUUKYOKU ba="0,1" sc="211,-10,201,30,289,-10,289,-10" hai1="3,6,11,53,58,60,62,67,85,87,97,98,99" /><INIT seed="3,1,1,0,5,32" ten="201,231,279,279" oya="3" hai0="102,69,11,81,135,100,39,132,90,37,104,117,43" hai1="120,30,99,103,116,57,54,41,111,67,16,110,49" hai2="40,72,10,80,122,62,119,23,64,91,22,108,18" hai3="89,93,51,112,63,0,78,45,52,42,82,68,125"/><W60/><G112/><T83/><D117/><U56/><E120/><V46/><F119/><W77/><G125/><T133/><D69/><U126/><E116/><V129/><F108/><N who="1" m="41513" /><E126/><V86/><F122/><W55/><G0/><T106/><D11/><U48/><E30/><V95/><F129/><W73/><G78/><T5/><D5/><U131/><E131/><V29/><F29/><W87/><G68/><T88/><D43/><U19/><E67/><V118/><F10/><W6/><G6/><T121/><REACH who="0" step="1"/><D132/><REACH who="0" ten="191,231,279,279" step="2"/><U53/><E41/><V36/><F40/><W105/><G42/><T8/><D8/><U76/><E76/><V92/><F118/><W21/><G77/><T97/><D97/><U3/><E3/><V27/><F36/><W94/><G55/><T128/><D128/><U24/><E24/><V134/><F27/><W96/><G96/><T98/><D98/><U113/><E113/><V75/><F64/><W28/><G52/><T127/><D127/><U14/><E14/><V59/><F134/><W15/><G15/><T115/><D115/><U20/><E99/><V33/><F22/><W9/><G9/><T38/><D38/><U66/><E20/><V71/><F23/><W85/><G21/><T107/><D107/><U2/><E2/><V74/><F71/><W25/><G105/><T70/><D70/><U26/><E26/><V109/><F33/><N who="3" m="20623" /><G73/><T31/><D31/><U101/><E66/><N who="2" m="39263" /><F109/><W1/><G1/><T44/><D44/><U114/><E114/><V34/><F46/><W79/><G94/><N who="2" m="35881" /><F34/><W61/><G45/><T124/><D124/><RYUUKYOKU ba="1,2" sc="191,0,231,0,279,0,279,0" hai0="37,39,81,83,88,90,100,102,104,106,121,133,135" hai1="16,19,48,49,53,54,56,57,101,103" hai2="18,72,74,75,80,86,91" hai3="51,60,61,63,79,82,85,87,89,93" /><INIT seed="3,2,2,1,0,68" ten="191,231,279,279" oya="3" hai0="87,12,28,10,34,101,60,80,71,86,38,57,64" hai1="97,65,107,125,72,58,127,103,90,91,45,85,112" hai2="77,129,84,33,22,13,114,108,26,121,124,116,88" hai3="74,30,19,61,1,62,66,20,118,75,36,79,100"/><W55/><G118/><T111/><D111/><U32/><E32/><V70/><F114/><W40/><G1/><T99/><D38/><U102/><E112/><V2/><F116/><W98/><G40/><T82/><D82/><U135/><E72/><V9/><F108/><W56/><G36/><T81/><D81/><U6/><E135/><V52/><F129/><W67/><G79/><T39/><D39/><U44/><E6/><V128/><F70/><N who="3" m="42319" /><G19/><T51/><D51/><U133/><E133/><V43/><F124/><N who="1" m="47689" /><E103/><V132/><F132/><W123/><G55/><T15/><D57/><U69/><E69/><V105/><F105/><W25/><G123/><T117/><D117/><U24/><E24/><V37/><F77/><W96/><G96/><T27/><D10/><U131/><E131/><V104/><F104/><W78/><G78/><N who="0" m="46359" /><D87/><U50/><E85/><V17/><F121/><W0/><G0/><T115/><D115/><U7/><E7/><N who="2" m="1271" /><F128/><W3/><G3/><T73/><D73/><U126/><E126/><V31/><F43/><W134/><G134/><T21/><D21/><U92/><E107/><AGARI ba="2,2" hai="12,15,27,28,34,60,64,71,99,101,107" m="46359" machi="107" ten="30,1000,0" yaku="25,1" doraHai="68" who="0" fromWho="1" sc="191,36,231,-16,279,0,279,0" /><INIT seed="4,0,0,5,3,58" ten="227,215,279,279" oya="0" hai0="132,87,18,82,39,113,71,70,46,83,99,76,40" hai1="90,124,95,21,92,35,20,63,128,131,93,9,0" hai2="108,32,41,122,57,75,23,64,134,56,114,107,66" hai3="130,10,119,53,101,51,47,14,69,115,118,5,54"/><T94/><D113/><U73/><E35/><V91/><F23/><W15/><G115/><T126/><D126/><U106/><E106/><V30/><F91/><W61/><G130/><N who="1" m="49706" /><E73/><V100/><F100/><W111/><G111/><T22/><D132/><U112/><E112/><V88/><F88/><W28/><G101/><T52/><D83/><U13/><E0/><V98/><F98/><W29/><G15/><T121/><D121/><U43/><E43/><V8/><F57/><W110/><G110/><T105/><D105/><U1/><E1/><V24/><F56/><W44/><G69/><T33/><D33/><U27/><E124/><V123/><F75/><W102/><G102/><T120/><D120/><U133/><E133/><V62/><F114/><W116/><G61/><T42/><D42/><U59/><E90/><V7/><F108/><W89/><G89/><T60/><D94/><N who="1" m="24067" /><U84/><DORA hai="81" /><E84/><V104/><F107/><W79/><G79/><T72/><D99/><U17/><E27/><V67/><F104/><W68/><G68/><T11/><D87/><U45/><E45/><V50/><F134/><W96/><G96/><T12/><REACH who="0" step="1"/><D22/><REACH who="0" ten="217,215,279,279" step="2"/><U34/><E34/><N who="2" m="20807" /><F123/><W65/><G118/><T3/><D3/><U38/><E38/><V78/><F32/><W55/><G119/><T4/><D4/><U109/><E109/><V127/><F122/><W48/><G116/><T129/><D129/><U117/><E117/><V49/><F127/><W25/><G5/><T37/><D37/><U86/><E86/><V77/><F41/><W36/><G36/><T26/><D26/><RYUUKYOKU ba="0,1" sc="217,15,215,15,279,-15,279,-15" hai0="11,12,18,39,40,46,52,60,70,71,72,76,82" hai1="9,13,17,20,21,59,63" /><INIT seed="4,1,1,3,1,6" ten="232,230,264,264" oya="0" hai0="64,47,0,59,119,94,92,122,49,12,19,77,54" hai1="85,90,2,43,88,100,116,11,111,78,31,82,131" hai2="95,80,32,132,30,74,133,96,107,67,41,48,98" hai3="50,22,17,1,10,25,108,20,113,89,105,126,97"/><T124/><D119/><U53/><E111/><V44/><F67/><W52/><G108/><T87/><D122/><U76/><E116/><V70/><F70/><W34/><G126/><T14/><D124/><U109/><E109/><V37/><F107/><W39/><G39/><T23/><D0/><U99/><E131/><V117/><F117/><W93/><G105/><T26/><D14/><U3/><E43/><V28/><F37/><W21/><G34/><T129/><D129/><U130/><E130/><V121/><F98/><W128/><G113/><T36/><D36/><U27/><E53/><V51/><F48/><W18/><G128/><T42/><D64/><U16/><E90/><V40/><F41/><W57/><G1/><T125/><D125/><U86/><E16/><N who="3" m="6250" /><G10/><N who="0" m="6551" /><D42/><U15/><E15/><V61/><F32/><W135/><G135/><T9/><D9/><U38/><E38/><V71/><F121/><W81/><G81/><N who="0" m="47535" /><D47/><U73/><E73/><V66/><F133/><W13/><G13/><T65/><D65/><U106/><E11/><V123/><F132/><W114/><G114/><T127/><D127/><U8/><E8/><V72/><F123/><W45/><G45/><T55/><D55/><U7/><E7/><V60/><F74/><W110/><G110/><T33/><D33/><U58/><E3/><V29/><F66/><W4/><G4/><T134/><D134/><U24/><E2/><V101/><F71/><W5/><G5/><T103/><D103/><U46/><E106/><V84/><F72/><W69/><G69/><T91/><D91/><AGARI ba="1,1" hai="28,29,30,40,44,51,60,61,80,84,91,95,96,101" machi="91" ten="40,1300,0" yaku="8,1" doraHai="6" who="2" fromWho="0" sc="232,-16,230,0,264,26,264,0" /><INIT seed="5,0,0,3,4,16" ten="216,230,290,264" oya="1" hai0="122,114,88,68,39,14,31,40,119,43,65,61,93" hai1="45,132,56,51,20,133,33,115,77,18,129,106,135" hai2="81,6,100,44,82,85,58,57,64,86,41,102,3" hai3="90,7,8,38,79,9,126,47,30,98,70,23,111"/><U22/><E115/><V63/><F3/><W124/><G70/><T62/><D114/><U130/><E33/><V26/><F6/><W109/><G79/><T107/><D119/><U49/><E106/><V83/><F26/><N who="3" m="16735" /><G38/><T17/><D107/><U84/><E56/><V125/><F125/><N who="3" m="48235" /><G47/><T99/><D122/><U50/><E45/><V0/><F0/><N who="3" m="103" /><G90/><T103/><D31/><U121/><E121/><V34/><F58/><W54/><G54/><T29/><D29/><U46/><E46/><V74/><F74/><W105/><G9/><T48/><D39/><U110/><E110/><V71/><F71/><W72/><G72/><T28/><D28/><U60/><E60/><V10/><F10/><W76/><G76/><T92/><D62/><U116/><E77/><V11/><F11/><W27/><G27/><T21/><REACH who="0" step="1"/><D48/><REACH who="0" ten="206,230,290,264" step="2"/><U32/><E51/><N who="2" m="27023" /><F34/><W113/><G113/><T120/><D120/><U53/><E50/><V108/><F108/><W123/><G123/><T75/><D75/><U25/><E49/><V95/><F63/><W24/><G111/><T89/><D89/><U35/><E35/><V112/><F112/><W55/><G109/><T13/><D13/><N who="1" m="9295" /><E32/><V67/><F102/><N who="3" m="62679" /><G55/><T36/><D36/><U104/><E53/><V59/><F64/><W87/><G24/><T12/><D12/><U118/><E104/><V127/><F67/><W117/><G117/><N who="1" m="45162" /><E135/><V15/><F15/><W134/><G134/><T19/><D19/><N who="1" m="12511" /><E133/><V66/><F127/><W73/><G73/><T128/><D128/><N who="1" m="49259" /><E132/><V91/><F66/><W37/><G37/><T5/><D5/><RYUUKYOKU ba="0,1" sc="206,10,230,10,290,-30,264,10" hai0="14,17,21,40,43,61,65,68,88,92,93,99,103" hai1="84" hai3="87" /><INIT seed="5,1,1,0,1,67" ten="216,240,260,274" oya="1" hai0="60,13,72,123,57,68,19,15,14,96,61,124,86" hai1="132,45,21,84,95,134,112,62,27,76,69,90,111" hai2="35,100,29,129,117,66,118,109,58,94,121,32,6" hai3="131,133,10,54,31,80,108,23,43,44,53,37,63"/><U34/><E34/><V106/><F121/><W92/><G108/><T82/><D72/><U65/><E111/><V114/><F109/><W91/><G131/><T46/><D124/><U125/><E125/><V93/><F6/><W5/><G133/><N who="1" m="51306" /><E112/><V87/><F129/><W30/><G80/><T135/><D135/><U130/><E130/><V71/><F58/><W26/><G63/><T127/><D127/><U49/><E76/><V51/><F51/><W78/><G78/><T115/><D115/><U18/><E49/><V1/><F32/><W126/><G31/><T74/><D123/><U40/><E45/><V97/><F1/><W75/><G75/><T103/><D74/><U64/><E40/><V107/><F114/><W41/><G41/><T73/><D73/><U24/><E64/><V101/><F35/><W105/><G105/><N who="2" m="39945" /><F66/><W99/><REACH who="3" step="1"/><G126/><REACH who="3" ten="216,240,260,264" step="2"/><T77/><D61/><U28/><E28/><V104/><F29/><W119/><G119/><T48/><D68/><U110/><E110/><V102/><N who="2" m="39953" /><V52/><DORA hai="56" /><F117/><W25/><G25/><AGARI ba="1,2" hai="18,21,24,25,27,62,65,69,84,90,95" m="51306" machi="25" ten="30,5800,0" yaku="20,1,52,2" doraHai="67,56" who="1" fromWho="3" sc="216,0,240,81,260,0,264,-61" owari="216,-18.4,321,42.1,260,6.0,203,-29.7" /></mjloggm>