<mjloggm ver="2.3"><GO type="225" lobby="0"/><UN n0="%E3%83%A9%E3%83%BC%E3%83%A1%E3%83%B3%E4%BA%94%E9%83%8E" n1="%E5%A4%8F%E9%88%B4%E9%88%B4%E5%A4%8F" n2="%E3%81%A4%E3%81%A3%E3%81%B1%E3%82%8A%E3%83%9D%E3%83%BC%E3%83%AB" n3="%E6%81%A5%E6%99%92%E3%81%97" dan="16,16,17,17" rate="2118.41,2151.08,2147.47,2194.42" sx="M,F,M,M"/><TAIKYOKU oya="0"/><INIT seed="0,0,0,5,1,4" ten="250,250,250,250" oya="0" hai0="44,95,123,103,117,53,57,85,40,96,132,72,131" hai1="118,26,102,69,8,45,70,61,119,78,89,101,67" hai2="56,111,10,13,107,100,130,24,106,115,104,79,126" hai3="31,16,91,21,77,55,17,3,108,5,1,133,125"/><T122/><D117/><U11/><E89/><V86/><F115/><W92/><G108/><T87/><D131/><U42/><E26/><V6/><F111/><W135/><G77/><T84/><D132/><N who="3" m="50761" /><G55/><T58/><D72/><U12/><E78/><V68/><F130/><W105/><G105/><T41/><D41/><U48/><E70/><V23/><F68/><W63/><G63/><T64/><D64/><U2/><E119/><V22/><F126/><W60/><G60/><T62/><REACH who="0" step="1"/><D58/><REACH who="0" ten="240,250,250,250" step="2"/><U27/><E118/><V35/><F56/><W120/><G125/><T88/><D88/><U28/><E102/><V134/><F134/><W109/><G109/><T46/><D46/><U65/><E101/><V33/><F100/><W75/><G75/><T93/><D93/><U49/><E67/><V94/><F94/><W113/><G91/><T59/><D59/><U99/><E45/><V18/><F79/><W110/><G92/><T112/><D112/><U97/><E42/><V30/><REACH who="2" step="1"/><F86/><REACH who="2" ten="240,250,240,250" step="2"/><W15/><G110/><T76/><D76/><U73/><E73/><V7/><F7/><W114/><G113/><T9/><D9/><U29/><E11/><V83/><F83/><W37/><G114/><T43/><D43/><U71/><E8/><V14/><AGARI ba="0,2" hai="6,10,13,14,18,22,23,24,30,33,35,104,106,107" machi="14" ten="30,4000,0" yaku="1,1,0,1,52,1,53,0" doraHai="4" doraHaiUra="121" who="2" fromWho="2" sc="240,-20,250,-10,240,60,250,-10" /><INIT seed="1,0,0,0,3,35" ten="220,240,300,240" oya="1" hai0="91,108,62,24,19,55,47,81,52,57,90,1,45" hai1="94,98,25,82,34,89,3,79,5,127,102,88,30" hai2="74,68,99,113,61,23,49,39,66,131,95,43,2" hai3="84,78,109,73,86,12,83,69,10,14,72,11,21"/><U110/><E127/><V106/><F106/><W42/><G69/><T0/><D108/><U92/><E110/><V132/><F74/><W27/><G109/><T85/><D24/><U53/><E53/><V115/><F132/><W104/><G104/><T31/><D19/><U32/><E32/><V13/><F131/><W119/><G119/><T22/><D22/><U71/><E71/><V107/><F107/><W33/><G33/><T46/><D31/><U101/><E5/><V134/><F39/><W125/><G125/><T120/><D120/><U37/><E37/><V38/><F38/><W118/><G118/><T100/><D100/><U9/><E9/><V123/><F123/><W97/><G97/><T117/><D117/><U122/><E3/><V8/><F2/><W65/><G65/><T121/><D121/><U50/><E50/><V15/><F23/><W41/><G21/><T133/><D133/><U126/><E126/><V63/><F63/><W70/><G70/><T6/><D6/><U17/><E17/><V130/><F130/><W4/><G27/><T28/><D28/><U75/><REACH who="1" step="1"/><E122/><REACH who="1" ten="220,230,300,240" step="2"/><V112/><F8/><W87/><G73/><T76/><D55/><U26/><E26/><V51/><F134/><W96/><G72/><T124/><D124/><U40/><E40/><V80/><F43/><W103/><G42/><T60/><D60/><U93/><E93/><V129/><F129/><W59/><G41/><T20/><D20/><U135/><E135/><V114/><F114/><W64/><G4/><T77/><D0/><U54/><E54/><V18/><F115/><RYUUKYOKU ba="0,1" sc="220,-10,230,30,300,-10,240,-10" hai1="25,30,34,75,79,82,88,89,92,94,98,101,102" /><INIT seed="1,1,1,3,0,76" ten="210,260,290,230" oya="1" hai0="63,18,124,11,26,5,37,131,84,132,12,127,92" hai1="94,80,87,85,66,86,35,29,109,125,108,50,90" hai2="134,74,118,22,40,46,112,95,106,48,43,6,1" hai3="15,83,39,38,14,130,117,70,17,100,111,116,30"/><U126/><E66/><V105/><F118/><N who="3" m="45675" /><G70/><T4/><D37/><U133/><E133/><V122/><F122/><W78/><G111/><N who="1" m="42570" /><E50/><V33/><F33/><W91/><G130/><T96/><D132/><U72/><E29/><V82/><F134/><W123/><G123/><T34/><D131/><U104/><E104/><V67/><F67/><W7/><G91/><T93/><D63/><U101/><E101/><V77/><F112/><W41/><G41/><T32/><D32/><U89/><E35/><V2/><F43/><W81/><G100/><T10/><D34/><U23/><E23/><V65/><F65/><W99/><G30/><T36/><D36/><N who="3" m="13865" /><G99/><T64/><D64/><U102/><E102/><V27/><F95/><W45/><G45/><T19/><D92/><N who="1" m="54319" /><E72/><V110/><F110/><W16/><G7/><T62/><D4/><U42/><E42/><V3/><REACH who="2" step="1"/><F6/><REACH who="2" ten="210,260,280,230" step="2"/><W47/><G47/><T59/><D5/><U88/><AGARI ba="1,2" hai="80,86,87,88,90,94,125,126" m="54319,42570" machi="88" ten="30,18000,2" yaku="14,1,10,1,34,2,52,1,54,1" doraHai="76" who="1" fromWho="1" sc="210,-61,260,203,280,-61,230,-61" /><INIT seed="1,2,0,2,2,34" ten="149,463,219,169" oya="1" hai0="19,70,61,78,89,115,26,62,73,15,101,113,92" hai1="47,120,2,10,72,13,69,45,129,108,64,130,102" hai2="126,49,35,23,134,52,121,55,105,107,122,132,27" hai3="111,28,65,80,6,16,43,93,41,125,95,124,97"/><U38/><E120/><N who="2" m="46187" /><F35/><W60/><G28/><T82/><D26/><U81/><E102/><V25/><F126/><N who="3" m="48747" /><G111/><T84/><D70/><U39/><E108/><V96/><F96/><W119/><G119/><T131/><D131/><U8/><E38/><V12/><F12/><W54/><G54/><N who="2" m="20521" /><F49/><W1/><G80/><T24/><D24/><N who="2" m="9290" /><F23/><W40/><G97/><T30/><D30/><U71/><E13/><V46/><F46/><W135/><G93/><T36/><D36/><U29/><E47/><V3/><F3/><W106/><G95/><T21/><REACH who="0" step="1"/><D101/><REACH who="0" ten="139,463,219,169" step="2"/><U4/><E39/><V32/><F32/><W74/><G106/><AGARI ba="2,1" hai="105,106,107,132,134" m="9290,20521,46187" machi="106" ten="40,5200,0" yaku="28,2,54,1" doraHai="34" who="2" fromWho="3" sc="139,0,463,0,219,68,169,-58" /><INIT seed="2,0,0,0,5,89" ten="139,463,287,111" oya="2" hai0="55,114,54,107,62,46,101,82,71,26,128,27,15" hai1="10,85,93,94,74,33,22,56,124,20,37,4,68" hai2="123,44,9,129,131,19,32,49,77,50,88,23,51" hai3="17,41,69,28,2,104,96,35,127,52,115,135,120"/><V12/><F32/><W79/><G120/><T72/><D114/><U84/><E74/><V38/><F123/><W53/><G115/><T117/><D117/><U108/><E68/><V25/><F77/><W73/><G2/><T100/><D128/><U119/><E33/><V34/><F34/><W36/><G17/><T61/><D72/><U16/><E37/><V59/><F59/><W99/><G127/><T126/><D126/><U66/><E119/><V98/><F38/><W7/><G7/><T75/><D75/><U76/><E108/><V64/><F64/><W30/><G41/><T133/><D133/><U97/><E97/><V8/><F8/><W47/><G47/><T90/><D71/><U0/><E22/><V110/><F110/><W58/><G69/><T48/><D107/><U3/><E0/><V60/><F60/><N who="0" m="23146" /><D15/><U45/><E56/><V121/><F121/><W109/><G36/><T130/><D55/><U24/><E45/><V81/><F44/><W86/><G109/><T122/><D130/><U65/><E124/><V103/><F131/><W95/><G73/><T80/><D122/><U105/><E105/><N who="2" m="63735" /><F129/><W116/><G116/><T43/><D43/><U40/><E40/><V113/><F113/><W14/><G104/><T67/><D67/><N who="1" m="25611" /><E76/><V42/><F42/><W6/><G79/><T5/><D5/><U1/><E1/><V102/><F12/><W132/><G14/><T87/><D80/><U18/><E18/><V31/><F19/><W39/><G39/><T29/><D29/><N who="3" m="11369" /><G35/><T106/><D106/><U112/><E112/><V111/><F31/><RYUUKYOKU ba="0,0" sc="139,15,463,15,287,-15,111,-15" hai0="26,27,46,48,54,82,87,90,100,101" hai1="3,4,10,16,20,24,84,85,93,94" /><INIT seed="3,1,0,2,2,73" ten="154,478,272,96" oya="3" hai0="35,66,14,95,64,91,31,130,112,117,134,13,98" hai1="18,87,47,109,135,50,52,100,86,16,48,10,25" hai2="111,6,88,96,115,15,101,8,119,30,17,102,123" hai3="67,131,76,56,113,33,74,43,41,9,45,99,12"/><W7/><G113/><T70/><D117/><U38/><E109/><V80/><F115/><W20/><G33/><T3/><D112/><U124/><E38/><V128/><F119/><W58/><G131/><T68/><D3/><U19/><E124/><V34/><F111/><W107/><G107/><T2/><D2/><U92/><E135/><V60/><F128/><W97/><G41/><T69/><D130/><U133/><E10/><V4/><F123/><W75/><G20/><T27/><D134/><U39/><E25/><V5/><F30/><W81/><G75/><T118/><D118/><U29/><E29/><V71/><F34/><W49/><REACH who="3" step="1"/><G58/><REACH who="3" ten="154,478,272,86" step="2"/><T53/><D70/><U105/><E105/><V59/><F71/><W90/><G90/><T122/><D68/><U42/><E133/><V44/><F88/><W85/><G85/><T54/><D69/><U55/><E87/><V40/><F101/><W83/><G83/><T65/><D122/><U106/><E106/><V32/><F80/><W51/><G51/><T21/><D35/><U78/><E50/><V37/><F32/><W110/><G110/><T1/><D21/><U126/><E39/><V120/><F120/><W0/><G0/><T63/><D1/><U108/><E108/><V28/><F37/><W77/><G77/><T61/><D91/><N who="1" m="53367" /><E126/><V94/><F102/><W129/><G129/><T93/><D93/><U72/><E100/><V46/><F40/><W103/><G103/><T116/><D116/><U132/><E132/><V62/><F8/><W127/><G127/><T23/><D95/><U125/><E125/><RYUUKYOKU ba="1,1" sc="154,-15,478,15,272,-15,86,15" hai1="16,18,19,42,47,48,52,55,72,78" hai3="7,9,12,43,45,49,56,67,74,76,81,97,99" /><INIT seed="3,2,1,2,1,63" ten="139,493,257,101" oya="3" hai0="22,133,27,118,124,23,74,73,5,67,115,90,57" hai1="64,84,82,34,21,100,71,129,40,97,134,65,92" hai2="72,51,70,78,1,39,49,15,19,94,114,25,48" hai3="104,12,0,96,122,76,79,13,105,36,24,10,131"/><W54/><G122/><T77/><D118/><U81/><E34/><V108/><F114/><W103/><G36/><T111/><D73/><U106/><E71/><V116/><F116/><W89/><G105/><T132/><D115/><U20/><E134/><N who="0" m="51817" /><D111/><U56/><E56/><V55/><F70/><W45/><G0/><T86/><D124/><U69/><E69/><V123/><F123/><W17/><G131/><T47/><D5/><U121/><E82/><V109/><F1/><W4/><G24/><T101/><D101/><U62/><E20/><N who="0" m="7721" /><D27/><U42/><E21/><N who="2" m="11519" /><F25/><W16/><G89/><T35/><D35/><U3/><E92/><V68/><F72/><W2/><G2/><T91/><D74/><U126/><E84/><V83/><F109/><W41/><G54/><T58/><D47/><U7/><E62/><V99/><F68/><W88/><G88/><N who="0" m="33835" /><D67/><U37/><E65/><V30/><F108/><W29/><G29/><T85/><D77/><U66/><E81/><V75/><F75/><W95/><G104/><T9/><D9/><U119/><E37/><V110/><F83/><W102/><G103/><T135/><D135/><U107/><E97/><V60/><F78/><N who="3" m="29739" /><G12/><T120/><D120/><U31/><E40/><V61/><F39/><W43/><G45/><T46/><D46/><U87/><E100/><N who="2" m="60535" /><F30/><W112/><G112/><T125/><D125/><U117/><E31/><V18/><F110/><W127/><G127/><T32/><D32/><U130/><E42/><AGARI ba="2,1" hai="4,10,13,16,17,41,42,43,95,96,102" m="29739" machi="42" ten="30,2900,0" yaku="8,1,54,1" doraHai="63" who="3" fromWho="1" sc="139,0,493,-35,257,0,101,45" /><INIT seed="3,3,0,5,3,116" ten="139,458,257,146" oya="3" hai0="54,56,41,114,18,35,44,53,28,110,4,48,58" hai1="104,97,71,86,65,3,120,117,29,84,12,75,55" hai2="7,27,67,128,135,1,94,61,36,92,14,47,119" hai3="100,123,62,130,2,115,121,103,32,113,57,96,126"/><W60/><G2/><T76/><D35/><U69/><E86/><V40/><F1/><W129/><G32/><T11/><D110/><U89/><E84/><V39/><F119/><W134/><G134/><T70/><D70/><U127/><E89/><V73/><F39/><W124/><G57/><N who="0" m="22123" /><D4/><U19/><E55/><N who="0" m="21001" /><D114/><U24/><E19/><V64/><F73/><W108/><G96/><T85/><D28/><U105/><E12/><V98/><F98/><W111/><AGARI ba="3,0" hai="60,62,100,103,108,111,113,115,121,123,124,126,129,130" machi="111" ten="25,12000,1" yaku="0,1,22,2,52,2" doraHai="116" who="3" fromWho="3" sc="139,-43,458,-43,257,-43,146,129" /><INIT seed="3,4,0,1,0,65" ten="96,415,214,275" oya="3" hai0="47,11,10,49,131,132,106,124,95,100,38,34,26" hai1="12,135,45,88,59,85,42,89,126,8,33,120,44" hai2="63,117,129,16,118,3,6,108,82,66,15,103,90" hai3="2,78,37,67,93,64,72,50,111,46,29,92,5"/><W99/><G111/><T122/><D122/><U19/><E120/><V91/><F108/><W94/><G29/><T112/><D106/><U127/><E33/><V0/><F129/><W9/><G50/><T102/><D38/><U55/><E135/><V79/><F103/><W28/><G28/><T134/><D95/><N who="1" m="54671" /><E89/><V56/><F6/><W97/><G99/><T23/><D112/><U48/><E42/><V68/><F56/><W30/><G30/><T14/><D100/><U18/><E18/><V86/><F3/><W110/><G97/><T104/><D102/><U96/><E96/><V121/><F0/><W73/><G73/><T32/><D104/><U109/><E109/><V7/><F7/><W52/><G110/><T60/><D60/><U77/><E77/><V71/><F71/><W31/><G37/><T75/><D75/><U39/><E39/><V130/><F130/><W101/><G2/><T133/><D131/><U20/><E8/><V62/><F62/><W36/><G36/><T35/><D124/><AGARI ba="4,0" hai="12,19,20,44,45,48,55,59,124,126,127" m="54671" machi="124" ten="30,3900,0" yaku="25,1,18,1,54,1" doraHai="65" who="1" fromWho="0" sc="96,-51,415,51,214,0,275,0" owari="45,-45.5,466,56.6,214,-18.6,275,7.5" /></mjloggm>