<mjloggm ver="2.3"><GO type="225" lobby="0"/><UN n0="%E7%99%BD%E5%80%89%E5%AF%9B%E4%B9%8B" n1="%79%75%72%69%6D%6F%67" n2="%4C%4F%4C%49%54%41" n3="%E3%81%BF%E3%81%BF%E3%81%9A" dan="16,16,16,18" rate="2122.19,2133.32,2090.57,2193.16" sx="M,F,F,M"/><TAIKYOKU oya="0"/><INIT seed="0,0,0,1,3,31" ten="250,250,250,250" oya="0" hai0="12,62,15,120,16,10,5,74,71,17,114,129,89" hai1="32,127,95,83,9,8,22,81,44,113,1,99,105" hai2="125,55,50,61,78,90,93,64,75,2,123,7,118" hai3="48,94,122,19,76,41,33,108,73,115,107,52,0"/><T58/><D114/><U116/><E32/><V119/><F123/><W121/><G115/><T6/><D120/><N who="3" m="46185" /><G108/><T40/><D74/><U3/><E116/><N who="2" m="44587" /><F125/><W82/><G107/><T25/><D129/><U24/><E127/><V49/><F7/><W101/><G0/><T37/><D71/><U103/><E105/><V14/><F14/><W88/><G41/><T43/><D89/><U13/><E113/><V18/><F18/><W21/><G101/><T56/><D56/><U130/><E3/><V27/><F27/><W46/><G33/><T128/><D128/><U79/><E1/><V69/><F55/><W65/><G65/><T11/><D37/><U109/><E109/><V35/><F35/><W38/><G38/><T51/><D25/><U106/><E106/><V23/><F23/><W53/><G48/><T97/><D97/><U98/><E9/><V66/><F66/><W126/><G46/><N who="0" m="26055" /><D43/><U60/><E44/><V80/><F2/><W124/><G126/><T85/><D85/><AGARI ba="0,0" hai="49,50,61,64,69,75,78,80,85,90,93" m="44587" machi="85" ten="30,1000,0" yaku="12,1" doraHai="31" who="2" fromWho="0" sc="250,-10,250,0,250,10,250,0" /><INIT seed="1,0,0,2,3,101" ten="240,250,260,250" oya="1" hai0="93,42,17,30,100,98,28,56,7,104,111,115,39" hai1="118,105,133,20,50,119,107,125,35,57,75,43,117" hai2="80,95,83,49,21,27,37,113,87,130,68,71,41" hai3="8,2,32,52,58,24,94,34,103,132,116,77,79"/><U134/><E35/><V81/><F37/><W92/><G132/><N who="1" m="50794" /><E75/><V135/><F135/><W15/><G2/><T54/><D115/><U5/><E125/><V76/><F130/><W84/><G116/><T36/><D111/><U62/><E5/><V89/><F113/><W29/><G34/><T120/><D120/><U112/><E112/><V131/><F131/><W86/><G86/><T72/><D72/><U126/><E126/><V45/><REACH who="2" step="1"/><F76/><REACH who="2" ten="240,250,250,250" step="2"/><W44/><G79/><T108/><D39/><U10/><E10/><V96/><F96/><W74/><G77/><T121/><D108/><U46/><E20/><V122/><F122/><W124/><G124/><T70/><D121/><U102/><E102/><V64/><F64/><AGARI ba="0,1" hai="43,46,50,57,62,64,105,107,117,118,119" m="50794" machi="64" ten="40,7700,0" yaku="20,1,52,2" doraHai="101" who="1" fromWho="2" sc="240,0,250,87,250,-77,250,0" /><INIT seed="1,1,0,1,4,96" ten="240,337,173,250" oya="1" hai0="17,117,79,100,123,30,69,133,115,7,35,4,9" hai1="47,52,103,34,88,81,13,87,104,113,31,54,128" hai2="26,119,121,131,29,37,82,58,118,46,120,108,91" hai3="116,95,8,40,6,2,126,73,67,11,10,49,125"/><U111/><E113/><V5/><F82/><W66/><G73/><T93/><D69/><U129/><E31/><V20/><F91/><W1/><G116/><N who="2" m="44585" /><F58/><W130/><G130/><N who="1" m="50282" /><E34/><V71/><F71/><W42/><G95/><T72/><D117/><U74/><E111/><V43/><F131/><W33/><G33/><T99/><D115/><U124/><E124/><N who="3" m="47722" /><G49/><T3/><D133/><U63/><E74/><V92/><F92/><W106/><G106/><T19/><D123/><U101/><E104/><V134/><F5/><W135/><G135/><T110/><D7/><U132/><E132/><V18/><F134/><W89/><G89/><T107/><D110/><U12/><E63/><V44/><F108/><W77/><G77/><T127/><D127/><U25/><E25/><V97/><F29/><W22/><G22/><T24/><REACH who="0" step="1"/><D93/><REACH who="0" ten="230,337,173,250" step="2"/><U45/><E45/><V15/><F44/><W70/><G6/><T78/><D78/><U32/><E32/><V55/><F121/><W56/><G70/><T53/><D53/><N who="1" m="20587" /><E47/><V59/><F120/><W83/><G56/><T102/><D102/><AGARI ba="1,1" hai="12,13,81,87,88,101,102,103" m="20587,50282" machi="102" ten="30,18000,2" yaku="19,1,52,3,54,2" doraHai="96" who="1" fromWho="0" sc="230,-183,337,193,173,0,250,0" /><INIT seed="1,2,0,5,5,78" ten="47,530,173,250" oya="1" hai0="40,132,123,131,36,125,25,83,52,17,60,105,28" hai1="110,111,93,53,4,95,27,39,41,130,126,7,80" hai2="11,21,3,100,56,73,54,99,134,85,114,42,87" hai3="50,91,108,46,13,51,34,19,24,127,133,1,0"/><U116/><E53/><V113/><F73/><W18/><G108/><T75/><D105/><U2/><E41/><V26/><F134/><W61/><G133/><T122/><D132/><U117/><E39/><V96/><F42/><W12/><G127/><T30/><D125/><U103/><E126/><V43/><F43/><W86/><G61/><T109/><D109/><N who="1" m="41483" /><E130/><V101/><F11/><N who="3" m="6431" /><G34/><T107/><D107/><U45/><E45/><V8/><F8/><N who="3" m="6567" /><G50/><T79/><D131/><U66/><E66/><V112/><F3/><W9/><G24/><T104/><D104/><U120/><E120/><N who="0" m="46121" /><D40/><U44/><E44/><V98/><F101/><W97/><G97/><T64/><D36/><U32/><E2/><V72/><F72/><W15/><G0/><T38/><D38/><U67/><E67/><V121/><F100/><W59/><G1/><T14/><D25/><U68/><E68/><V57/><F121/><W82/><G46/><T81/><D64/><U118/><E103/><V106/><F106/><W31/><G51/><T47/><D47/><U119/><E27/><V16/><REACH who="2" step="1"/><F57/><REACH who="2" ten="47,530,163,250" step="2"/><W37/><G59/><N who="0" m="34919" /><D81/><U20/><E80/><V76/><F76/><W70/><G37/><T48/><D48/><AGARI ba="2,1" hai="16,21,26,48,54,56,85,87,96,98,99,112,113,114" machi="48" ten="50,6400,0" yaku="1,1,11,1,54,1,53,0" doraHai="78" doraHaiUra="63" who="2" fromWho="0" sc="47,-70,530,0,163,80,250,0" owari="-23,-52.3,530,63.0,243,-15.7,250,5.0" /></mjloggm>