<mjloggm ver="2.3"><GO type="225" lobby="0"/><UN n0="%70%6F%69%73%6F%6E%30%32" n1="%E6%A1%9C%E8%8A%B1%E9%96%83%E3%80%85" n2="%E5%91%A8%E6%9D%B1" n3="%33%74%72%65%65" dan="16,16,16,17" rate="2093.84,2231.62,2200.88,2164.70" sx="M,M,M,F"/><TAIKYOKU oya="0"/><INIT seed="0,0,0,4,3,33" ten="250,250,250,250" oya="0" hai0="30,107,18,119,9,47,135,113,130,69,7,55,95" hai1="122,35,62,28,66,70,11,60,93,101,17,71,61" hai2="39,129,96,133,13,0,64,32,116,49,6,105,110" hai3="97,10,81,125,50,2,86,57,67,117,42,131,82"/><T123/><D107/><U56/><E122/><V46/><F110/><W134/><G117/><T21/><D69/><U99/><E70/><V106/><F13/><W15/><G134/><T72/><D113/><U73/><E73/><V94/><F133/><W83/><G131/><T51/><D130/><U100/><E100/><V44/><F32/><W22/><G125/><T108/><D30/><U115/><E115/><V48/><F39/><W98/><G86/><T3/><D123/><U78/><E78/><V92/><F64/><W68/><G68/><T19/><D119/><U102/><E102/><V36/><F36/><W14/><G2/><T104/><D104/><U40/><E40/><V24/><F24/><W111/><G111/><T118/><D118/><U124/><E124/><V85/><F85/><W1/><G1/><T45/><D108/><U4/><E17/><V43/><F129/><W12/><G10/><T74/><D135/><U65/><E61/><V121/><F121/><W8/><G8/><T79/><D79/><U75/><E75/><V54/><F116/><W88/><G88/><T80/><D80/><U34/><REACH who="1" step="1"/><E28/><REACH who="1" ten="250,240,250,250" step="2"/><V91/><F43/><W63/><REACH who="3" step="1"/><G22/><REACH who="3" ten="250,240,250,240" step="2"/><T53/><D74/><U37/><E37/><V128/><F128/><W109/><G109/><T112/><D72/><U41/><E41/><V52/><F91/><W87/><G87/><T29/><D112/><U127/><E127/><V90/><F90/><W120/><G120/><T27/><D95/><U38/><E38/><V76/><F94/><W26/><G26/><T84/><D84/><U25/><E25/><RYUUKYOKU ba="0,2" sc="250,10,240,10,250,-30,240,10" hai0="3,7,9,18,19,21,27,29,45,47,51,53,55" hai1="4,11,34,35,56,60,62,65,66,71,93,99,101" hai3="12,14,15,42,50,57,63,67,81,82,83,97,98" /><INIT seed="0,1,2,2,4,39" ten="260,250,220,250" oya="0" hai0="55,25,86,22,74,48,96,81,82,24,77,68,92" hai1="128,131,35,101,12,50,72,122,46,66,11,94,84" hai2="95,4,105,17,36,33,123,67,30,109,83,129,19" hai3="89,51,26,106,125,108,21,127,1,42,56,85,53"/><T69/><D82/><U37/><E122/><V52/><F105/><W40/><G106/><T113/><D74/><U120/><E120/><V47/><F123/><W32/><G1/><T133/><D133/><U57/><E35/><V23/><F4/><W60/><G32/><T73/><D73/><U9/><E37/><V99/><F129/><N who="1" m="49737" /><E72/><V0/><F0/><W88/><G108/><T126/><D126/><N who="3" m="48137" /><G60/><T124/><D113/><U5/><E9/><V8/><F109/><W79/><G79/><T76/><D76/><U135/><E135/><V13/><F33/><W34/><G34/><T44/><D25/><U117/><E117/><V64/><F30/><N who="3" m="17743" /><G89/><T132/><D132/><U49/><E101/><V71/><F71/><W110/><G110/><T20/><D20/><U70/><E70/><V103/><F83/><AGARI ba="1,2" hai="40,42,51,53,56,83,85,88" m="17743,48137" machi="83" ten="30,7700,0" yaku="18,1,52,2,54,1" doraHai="39" who="3" fromWho="2" sc="260,0,250,0,220,-80,250,100" /><INIT seed="1,0,0,3,5,98" ten="260,250,140,350" oya="1" hai0="68,24,102,39,7,34,48,131,110,126,103,35,92" hai1="25,119,87,8,51,9,61,70,14,26,53,73,57" hai2="42,114,129,82,49,17,12,55,19,56,86,88,113" hai3="132,99,3,123,33,59,117,100,78,116,112,43,115"/><U75/><E119/><N who="3" m="45642" /><G123/><T20/><D39/><U85/><E73/><V83/><F129/><W74/><G132/><T94/><D68/><U71/><E75/><V44/><F83/><N who="3" m="45527" /><G3/><T52/><D7/><U54/><E71/><V32/><F32/><W128/><G128/><T47/><D110/><U2/><E2/><V69/><F69/><W122/><G122/><T45/><D126/><U109/><E109/><V46/><F19/><W118/><G118/><T133/><D35/><U62/><E70/><V91/><F91/><W125/><G125/><T89/><D34/><U27/><E8/><V58/><F114/><W76/><G76/><T18/><D94/><U4/><REACH who="1" step="1"/><E62/><REACH who="1" ten="260,240,140,350" step="2"/><V67/><F113/><W79/><G115/><T107/><D131/><U38/><E38/><V84/><F84/><W65/><G112/><T50/><D133/><U93/><E93/><V77/><F77/><W81/><G79/><T30/><D107/><U31/><E31/><V40/><F40/><W29/><G43/><N who="0" m="24639" /><D30/><U111/><E111/><V90/><F90/><W80/><G29/><T28/><D28/><U60/><E60/><V0/><F0/><W1/><G1/><T21/><D21/><U41/><E41/><V13/><F42/><W135/><G135/><T108/><D108/><U127/><E127/><V121/><F121/><W96/><G33/><T97/><AGARI ba="0,1" hai="18,20,24,47,50,52,89,92,97,102,103" m="24639" machi="97" ten="30,7900,0" yaku="8,1,52,2,54,1" doraHai="98" who="0" fromWho="0" sc="260,89,240,-39,140,-20,350,-20" /><INIT seed="2,0,0,2,4,131" ten="349,201,120,330" oya="2" hai0="93,50,118,84,46,6,107,37,75,91,86,57,135" hai1="1,66,38,99,94,35,122,48,23,95,14,124,63" hai2="117,36,106,47,39,0,123,134,30,119,17,32,80" hai3="58,120,109,87,132,130,78,105,125,114,83,74,24"/><V112/><F123/><W92/><G120/><T72/><D107/><U49/><E122/><V88/><F112/><W2/><G2/><T61/><D37/><U3/><E35/><V26/><F106/><W5/><G5/><T27/><D6/><U41/><E38/><V68/><F68/><W79/><G130/><T62/><D62/><U33/><E33/><V76/><F0/><W8/><G8/><T111/><D111/><U10/><E124/><V20/><F134/><W19/><G109/><T82/><D135/><U115/><E23/><V110/><F110/><W67/><G125/><T65/><D27/><U98/><E115/><V54/><F88/><N who="3" m="53279" /><G132/><T11/><D11/><U43/><E10/><V7/><F7/><W100/><G78/><T89/><D118/><U77/><E14/><V73/><F36/><W116/><G116/><T55/><AGARI ba="0,0" hai="46,50,55,57,61,65,72,75,82,84,86,89,91,93" machi="55" ten="20,1500,0" yaku="0,1,7,1" doraHai="131" who="0" fromWho="0" sc="349,15,201,-4,120,-7,330,-4" /><INIT seed="3,0,0,0,2,42" ten="364,197,113,326" oya="3" hai0="20,79,85,54,101,45,1,27,73,102,114,84,100" hai1="31,57,106,4,3,61,107,92,37,63,76,133,52" hai2="131,19,13,36,58,48,26,89,47,93,90,28,87" hai3="91,135,11,41,80,66,94,51,15,72,74,88,59"/><W130/><G130/><T64/><D1/><U108/><E37/><V115/><F131/><W22/><G135/><T6/><D6/><U110/><E133/><V116/><F115/><W82/><G74/><T96/><D64/><U24/><E76/><V49/><F116/><W120/><G120/><T104/><D85/><U7/><E92/><V118/><F118/><W121/><G121/><T125/><D73/><U122/><E63/><V34/><F58/><W103/><G22/><T8/><D125/><U10/><E7/><V2/><F2/><W56/><G72/><T40/><D40/><U0/><E0/><V43/><REACH who="2" step="1"/><F90/><REACH who="2" ten="364,197,103,326" step="2"/><N who="3" m="34347" /><G59/><T21/><D114/><U98/><E122/><V23/><AGARI ba="0,1" hai="13,19,23,26,28,34,36,43,47,48,49,87,89,93" machi="23" ten="20,5200,0" yaku="1,1,0,1,7,1,52,1,53,0" doraHai="42" doraHaiUra="35" who="2" fromWho="2" sc="364,-13,197,-13,103,62,326,-26" owari="351,45.1,184,-21.6,165,-33.5,300,10.0" /></mjloggm>