<mjloggm ver="2.3"><GO type="225" lobby="0"/><UN n0="%E7%AB%8B%E8%8A%B1%E9%9F%BF" n1="%E3%83%81%E3%83%83%E3%82%BF%E3%82%BD%E3%83%BC" n2="%E3%81%8A%E3%81%AB%E3%82%83%E3%81%8A%E3%81%A1%E3%82%83" n3="%72%65%6E%6B%75%6E" dan="17,16,16,17" rate="2183.78,2174.06,2053.40,2187.22" sx="F,F,M,M"/><TAIKYOKU oya="0"/><INIT seed="0,0,0,2,2,22" ten="250,250,250,250" oya="0" hai0="99,108,11,89,64,33,133,29,111,113,60,127,88" hai1="39,24,109,95,71,68,1,49,120,18,10,85,34" hai2="123,97,62,132,53,3,110,28,100,82,8,114,119" hai3="106,6,12,47,122,135,51,91,131,107,125,43,73"/><T7/><D113/><U44/><E109/><N who="0" m="42057" /><D133/><U17/><E120/><V40/><F53/><W128/><G135/><T72/><D72/><U81/><E39/><V103/><F62/><W14/><G122/><T55/><D127/><U48/><E95/><V0/><F40/><W129/><G125/><T92/><D55/><U65/><E49/><V35/><F8/><N who="3" m="4119" /><G73/><T130/><D130/><U2/><E65/><V56/><F28/><W67/><G67/><T50/><D50/><U37/><E37/><V15/><F56/><W58/><G58/><N who="0" m="36887" /><D89/><U116/><E116/><V102/><F103/><W30/><G30/><T41/><D41/><U4/><E1/><V78/><F102/><W93/><G14/><N who="0" m="5503" /><D29/><U112/><E112/><V16/><F100/><W9/><G9/><T38/><D38/><U52/><E68/><V32/><F110/><W31/><G31/><T20/><D20/><U69/><E71/><V36/><F36/><W94/><G94/><T124/><D124/><U134/><E69/><V46/><F132/><W101/><G101/><T70/><D70/><U118/><E134/><V105/><F114/><W13/><G13/><T21/><D21/><N who="1" m="13359" /><E34/><AGARI ba="0,0" hai="33,34,88,92,99" m="5503,36887,42057" machi="34" ten="30,5800,0" yaku="14,1,10,1,54,1" doraHai="22" who="0" fromWho="1" sc="250,58,250,-58,250,0,250,0" /><INIT seed="0,1,0,1,5,69" ten="308,192,250,250" oya="0" hai0="77,39,27,127,49,56,101,75,131,92,51,25,18" hai1="108,24,107,100,11,90,125,73,133,36,94,59,1" hai2="5,61,102,29,35,67,85,22,0,112,119,46,99" hai3="38,34,19,126,44,57,93,87,20,32,74,47,106"/><T121/><D121/><U26/><E108/><V135/><F112/><W4/><G106/><T88/><D131/><U45/><E125/><V12/><F135/><W60/><G74/><T116/><D116/><U118/><E133/><V43/><F119/><W68/><G68/><T6/><D127/><U53/><E118/><V37/><F85/><W3/><G126/><T66/><D101/><U113/><E73/><V95/><F0/><W23/><G23/><T33/><D39/><U30/><E113/><V117/><F117/><W96/><G87/><T83/><D6/><U81/><E81/><V14/><F5/><W122/><G122/><T132/><D132/><U130/><E130/><V17/><F35/><W134/><G3/><T50/><D33/><U71/><E71/><V58/><REACH who="2" step="1"/><F17/><REACH who="2" ten="308,192,240,250" step="2"/><W80/><G4/><T103/><D18/><U42/><E1/><V40/><F40/><N who="3" m="22551" /><G34/><T8/><D75/><U84/><E30/><V115/><F115/><W86/><G32/><T31/><D31/><U105/><E11/><V21/><F21/><W104/><G86/><T97/><D8/><U123/><E123/><V64/><F64/><N who="3" m="38927" /><G20/><T98/><D77/><U52/><E24/><AGARI ba="1,1" hai="12,14,22,24,29,37,43,46,58,61,67,95,99,102" machi="24" ten="40,8000,1" yaku="1,1,25,2,52,1,53,0" doraHai="69" doraHaiUra="82" who="2" fromWho="1" sc="308,0,192,-83,240,93,250,0" /><INIT seed="1,0,0,1,2,24" ten="308,109,333,250" oya="1" hai0="42,83,41,135,70,45,36,25,95,57,59,87,76" hai1="67,93,21,99,80,92,69,60,38,78,55,0,77" hai2="58,30,3,124,46,2,111,129,11,10,62,27,26" hai3="72,73,71,89,17,53,13,75,4,131,107,34,48"/><U1/><E38/><V5/><F111/><W28/><G131/><T127/><D127/><U97/><E55/><V109/><F109/><W19/><G107/><T112/><D112/><U12/><E12/><V110/><F110/><W128/><G71/><T130/><D130/><U52/><E21/><V8/><F129/><W125/><G125/><T82/><D135/><U88/><E52/><V29/><F124/><W40/><G40/><T102/><D70/><U51/><E51/><V56/><F46/><W81/><G81/><T16/><D41/><U134/><E134/><V122/><F122/><W65/><G89/><T94/><D83/><U108/><E108/><V100/><F100/><W6/><G65/><T15/><D25/><N who="2" m="9226" /><F62/><W7/><G128/><T63/><D102/><U120/><E120/><V104/><F104/><W32/><G28/><N who="2" m="10857" /><F5/><W113/><G113/><T119/><D119/><U18/><E18/><V37/><F37/><W101/><G101/><T43/><D43/><U133/><E133/><V115/><F115/><W114/><G114/><T79/><D57/><AGARI ba="0,0" hai="2,3,8,10,11,56,57,58" m="10857,9226" machi="57" ten="30,8000,1" yaku="28,2,52,3" doraHai="24" who="2" fromWho="0" sc="308,-80,109,0,333,80,250,0" /><INIT seed="2,0,0,2,3,78" ten="228,109,413,250" oya="2" hai0="51,32,34,120,57,56,5,27,15,23,48,72,79" hai1="129,46,7,93,50,52,39,71,124,58,37,55,84" hai2="103,41,90,108,125,18,113,88,31,118,36,104,22" hai3="106,98,69,87,123,99,30,86,35,85,77,2,92"/><V17/><F113/><W126/><G2/><T19/><D120/><U127/><E7/><V75/><F118/><W1/><G1/><T112/><D112/><U62/><E93/><V26/><F75/><W135/><G69/><T68/><D68/><U0/><E84/><N who="3" m="32362" /><G30/><T47/><D48/><U64/><E0/><V115/><F115/><W132/><G35/><T29/><D34/><U105/><E105/><V97/><F125/><N who="1" m="48201" /><E129/><V65/><F65/><W9/><G9/><T66/><D66/><U114/><E114/><V3/><F3/><W133/><G126/><T122/><D5/><U25/><E25/><V91/><F108/><W101/><G123/><T44/><D122/><U24/><E24/><V100/><F103/><N who="3" m="60871" /><G87/><T20/><D32/><U131/><E131/><V134/><F17/><W38/><G38/><T13/><D13/><U95/><E95/><V107/><F18/><W12/><G12/><T80/><REACH who="0" step="1"/><D47/><REACH who="0" ten="218,109,413,250" step="2"/><U128/><E128/><V130/><F130/><W70/><G70/><T6/><D6/><U76/><E76/><AGARI ba="0,1" hai="76,77,99,101,106,132,133,135" m="60871,32362" machi="76" ten="40,5200,0" yaku="20,1,34,2" doraHai="78" who="3" fromWho="1" sc="218,0,109,-52,413,0,250,62" /><INIT seed="3,0,0,0,4,46" ten="218,57,413,312" oya="3" hai0="19,129,133,21,67,31,28,76,16,42,18,60,92" hai1="26,110,58,17,4,104,134,25,115,27,50,33,5" hai2="118,23,107,111,61,86,103,120,112,102,79,74,88" hai3="106,22,109,32,97,10,122,80,20,72,40,114,121"/><W3/><G114/><T2/><D133/><U7/><E104/><V15/><F112/><W68/><G22/><T119/><D119/><U126/><E115/><V11/><F118/><W55/><G55/><T113/><D113/><U35/><E58/><V34/><F34/><N who="1" m="12809" /><E50/><V24/><F120/><W135/><G20/><T75/><D129/><U43/><E43/><V105/><F107/><W123/><G32/><T38/><D2/><U12/><E110/><V53/><F111/><W63/><G109/><T6/><D6/><N who="1" m="1539" /><U45/><DORA hai="84" /><E45/><V82/><F105/><W89/><G10/><T54/><D54/><U131/><E134/><V90/><F53/><W95/><G3/><T125/><D42/><U47/><E47/><V56/><F56/><W81/><G40/><T91/><D38/><U116/><E131/><V30/><F61/><W99/><G135/><T66/><D66/><U0/><E116/><V37/><F37/><W65/><REACH who="3" step="1"/><G72/><REACH who="3" ten="218,57,413,302" step="2"/><T94/><D75/><U36/><E36/><V39/><F39/><W9/><G9/><T44/><D67/><U93/><E93/><V101/><F74/><W73/><G73/><T117/><D94/><U69/><E69/><V130/><F130/><W13/><G13/><T98/><D92/><U108/><E108/><V83/><F83/><W127/><G127/><T64/><D125/><U51/><E126/><V132/><F132/><W100/><AGARI ba="0,1" hai="63,65,68,80,81,89,95,97,99,100,106,121,122,123" machi="100" ten="40,7800,0" yaku="1,1,0,1,52,1,53,0" doraHai="46,84" doraHaiUra="41,70" who="3" fromWho="3" sc="218,-26,57,-26,413,-26,302,88" owari="192,-20.8,31,-46.9,387,18.7,390,49.0" /></mjloggm>