<mjloggm ver="2.3"><GO type="225" lobby="0"/><UN n0="%E3%80%90%E3%83%88%E3%83%AA%E3%83%A5%E3%83%95%E3%80%91" n1="%77%72%77%72%77%72%77%72" n2="%E3%81%BF%E3%81%BF%E3%81%9A" n3="%E3%81%90%E3%81%A1%E3%82%84%E3%81%BE" dan="16,17,18,16" rate="2121.91,2154.44,2247.96,2127.56" sx="M,M,M,M"/><TAIKYOKU oya="0"/><INIT seed="0,0,0,0,2,1" ten="250,250,250,250" oya="0" hai0="35,21,29,130,103,52,46,14,82,22,116,60,105" hai1="59,71,10,36,4,69,6,24,87,9,135,110,121" hai2="3,91,100,127,0,123,19,55,33,11,61,63,95" hai3="80,44,72,17,18,67,23,8,34,129,68,30,128"/><T114/><D114/><U131/><E121/><V85/><F123/><W88/><G68/><T84/><D116/><U58/><E36/><V75/><F33/><W31/><G67/><T42/><D35/><U51/><E110/><V27/><F75/><W65/><G65/><T77/><D130/><N who="3" m="50281" /><G34/><T99/><D29/><U5/><E131/><V112/><F112/><W93/><G44/><T113/><D113/><U79/><E135/><V37/><F37/><W7/><G80/><T64/><D14/><U90/><E79/><V117/><F127/><W50/><G50/><T96/><D96/><U53/><E59/><V43/><F43/><W62/><G62/><T86/><D86/><U125/><E125/><V108/><F108/><W45/><G45/><T15/><D15/><U2/><E24/><V132/><F0/><N who="3" m="103" /><G72/><T118/><D118/><U98/><E2/><V32/><F63/><W70/><G70/><T107/><D107/><U38/><E38/><V102/><F3/><W48/><G48/><T119/><D119/><U126/><E126/><V89/><F132/><W74/><G74/><T122/><D122/><U104/><E71/><V12/><F117/><W124/><G124/><T109/><D109/><U40/><E69/><V115/><F115/><W111/><G111/><T97/><D97/><U39/><E98/><N who="2" m="57711" /><F61/><W49/><G49/><N who="0" m="26839" /><D64/><U73/><E104/><V134/><F134/><W41/><G41/><T13/><D13/><U25/><E73/><V101/><F55/><W26/><G31/><T57/><D105/><U83/><E25/><V133/><F133/><W78/><G78/><RYUUKYOKU ba="0,0" sc="250,10,250,10,250,-30,250,10" hai0="21,22,52,57,60,77,82,84,99,103" hai1="4,5,6,9,10,39,40,51,53,58,83,87,90" hai3="17,18,23,26,30,88,93" /><INIT seed="0,1,0,0,1,92" ten="260,260,220,260" oya="0" hai0="82,25,64,126,8,39,38,0,83,127,5,54,124" hai1="10,122,31,134,68,18,14,71,36,114,28,91,112" hai2="133,109,75,111,103,69,123,116,99,3,104,79,20" hai3="49,128,96,30,117,53,60,23,15,110,52,72,61"/><T7/><D64/><U125/><E122/><V100/><F3/><W51/><G117/><T78/><D25/><U47/><E134/><V26/><F69/><W35/><G72/><T67/><D67/><U21/><E125/><V87/><F123/><W13/><G110/><N who="2" m="41993" /><F133/><W108/><G108/><T1/><D54/><U101/><E101/><N who="2" m="62527" /><F116/><W2/><G2/><T16/><D16/><U119/><E119/><V84/><F20/><W106/><G35/><T55/><D55/><U27/><E28/><V70/><F26/><W11/><G128/><T22/><D22/><U107/><E107/><V9/><F9/><W135/><G135/><T93/><D93/><U121/><E121/><V29/><F70/><W118/><G118/><T129/><D129/><U4/><E91/><V132/><F29/><W12/><G11/><N who="0" m="2471" /><D83/><U48/><E36/><V32/><F32/><W66/><G106/><T115/><D115/><N who="1" m="44075" /><E31/><V58/><F58/><W102/><G30/><T33/><D33/><U44/><E44/><V94/><F132/><W97/><G23/><T88/><D88/><U6/><E4/><V50/><F50/><N who="3" m="18955" /><G102/><N who="2" m="38953" /><F94/><W63/><G66/><T73/><AGARI ba="1,0" hai="1,7,8,38,39,73,78,82,124,126,127" m="2471" machi="73" ten="30,3000,0" yaku="18,1,23,1" doraHai="92" who="0" fromWho="0" sc="260,33,260,-11,220,-11,260,-11" /><INIT seed="0,2,0,3,4,68" ten="293,249,209,249" oya="0" hai0="101,100,116,114,122,132,97,23,12,26,53,60,18" hai1="37,75,14,34,10,113,52,45,55,33,61,118,48" hai2="99,91,98,72,73,44,76,0,35,89,94,6,59" hai3="79,40,124,107,27,111,115,129,30,63,54,21,103"/><T83/><D116/><U134/><E118/><V16/><F35/><W131/><G115/><T80/><D122/><U112/><E75/><V65/><F76/><W105/><G111/><T9/><D114/><N who="1" m="44139" /><E134/><V106/><F0/><W87/><G124/><T42/><D42/><N who="1" m="22735" /><E61/><V102/><F6/><W86/><G40/><T66/><D53/><N who="1" m="20555" /><E48/><V78/><F44/><W109/><G109/><T5/><D132/><U74/><E74/><V95/><F78/><W84/><G79/><T120/><D120/><U15/><E15/><V32/><F32/><W123/><G123/><T92/><REACH who="0" step="1"/><D101/><REACH who="0" ten="283,249,209,249" step="2"/><U3/><E3/><V81/><F65/><W82/><G103/><T117/><D117/><U93/><E93/><V110/><F110/><W31/><G54/><T4/><D4/><AGARI ba="2,1" hai="4,10,14,33,34" m="20555,22735,44139" machi="4" ten="30,3900,0" yaku="11,1,52,1,54,1" doraHai="68" who="1" fromWho="0" sc="283,-45,249,55,209,0,249,0" /><INIT seed="1,0,0,2,2,85" ten="238,304,209,249" oya="1" hai0="28,52,108,66,51,107,7,133,24,70,18,115,83" hai1="76,60,124,101,43,90,105,78,118,33,56,135,19" hai2="47,112,68,57,113,127,4,0,80,110,74,125,97" hai3="23,11,20,67,9,48,32,45,106,22,109,65,3"/><U71/><E118/><V81/><F68/><W120/><G120/><T50/><D115/><N who="2" m="44106" /><F57/><W63/><G106/><T96/><D108/><U42/><E71/><V12/><F0/><W69/><G32/><T99/><D7/><U126/><E33/><V58/><F58/><W54/><G109/><T55/><D18/><U116/><E116/><V134/><F47/><W117/><G117/><T77/><D133/><U29/><E135/><V6/><F134/><W30/><G30/><T98/><D107/><U73/><E29/><V26/><F26/><W27/><G27/><T16/><D66/><U5/><E5/><N who="2" m="2155" /><F12/><W62/><REACH who="3" step="1"/><G3/><REACH who="3" ten="238,304,209,239" step="2"/><T130/><D28/><U41/><E105/><V8/><F110/><W15/><G15/><T119/><D119/><U17/><E126/><N who="2" m="48139" /><F8/><W40/><G40/><T102/><D102/><U103/><E101/><V129/><F129/><W132/><G132/><T61/><D130/><U64/><E103/><V79/><F97/><W10/><G10/><T13/><D24/><U104/><E41/><V92/><F92/><W93/><G93/><T89/><D99/><U59/><E42/><V131/><F131/><W44/><G44/><T34/><D34/><U75/><E43/><V38/><F38/><W1/><G1/><T21/><D98/><U87/><E104/><V121/><F121/><W72/><G72/><T37/><D37/><U49/><E124/><V31/><F31/><W114/><G114/><T91/><D96/><U122/><E73/><V94/><F94/><W123/><G123/><T39/><D39/><U111/><E75/><V86/><F74/><RYUUKYOKU ba="0,1" sc="238,-15,304,-15,209,15,239,15" hai2="79,80,81,86" hai3="9,11,20,22,23,45,48,54,62,63,65,67,69" /><INIT seed="2,1,1,0,1,131" ten="223,289,224,254" oya="2" hai0="81,61,91,66,75,112,100,47,2,133,1,92,68" hai1="114,87,115,19,55,28,36,109,42,77,8,84,70" hai2="111,39,122,117,14,30,32,31,108,33,63,43,18" hai3="74,57,27,65,90,80,13,45,73,120,10,110,88"/><V38/><F117/><W85/><G120/><T96/><D112/><U9/><E70/><V35/><F122/><W106/><G106/><T23/><D133/><U103/><E109/><N who="2" m="42059" /><F63/><W67/><G110/><T5/><D47/><U79/><E28/><N who="2" m="10795" /><F43/><W135/><G135/><T62/><D62/><U53/><E103/><V102/><F102/><W118/><G118/><T69/><D69/><U52/><E19/><V49/><F49/><W123/><G123/><T95/><D5/><U15/><E15/><V29/><N who="2" m="10803" /><V12/><DORA hai="78" /><F12/><W129/><G129/><T6/><D6/><U101/><E101/><V20/><AGARI ba="1,1" hai="14,18,20,32,33,35,38,39" m="10803,42059" machi="20" ten="50,4800,0" yaku="14,1,10,1" doraHai="131,78" who="2" fromWho="2" sc="223,-17,289,-17,224,61,254,-17" /><INIT seed="2,2,0,0,4,93" ten="206,272,285,237" oya="2" hai0="31,132,110,44,35,28,130,87,105,64,10,120,88" hai1="65,122,124,43,125,127,16,92,60,134,111,17,101" hai2="9,66,117,72,129,20,49,104,2,123,46,26,51" hai3="15,1,113,135,103,7,112,6,115,133,73,107,79"/><V40/><F117/><W56/><G1/><T108/><D120/><U39/><E122/><V84/><F123/><W4/><G15/><T119/><D130/><U48/><E39/><V76/><F72/><W99/><REACH who="3" step="1"/><G56/><REACH who="3" ten="206,272,285,227" step="2"/><T30/><D119/><U58/><E111/><N who="0" m="42537" /><D35/><U57/><E134/><V32/><F2/><W97/><G97/><T42/><D132/><U109/><E109/><V45/><F32/><W94/><G94/><N who="0" m="54559" /><D105/><U14/><E14/><V11/><F104/><W54/><G54/><T18/><D64/><U114/><E114/><V21/><F66/><W69/><G69/><T5/><D18/><U86/><E57/><V102/><F129/><W12/><G12/><N who="0" m="5199" /><D31/><U118/><E118/><V77/><F9/><W90/><G90/><T41/><D41/><U95/><E43/><V47/><F11/><W98/><G98/><T8/><D8/><U63/><E65/><V82/><F40/><W71/><G71/><T96/><D96/><N who="1" m="59527" /><E16/><V3/><F3/><W50/><G50/><AGARI ba="2,1" hai="28,30,42,44,50" m="5199,54559,42537" machi="50" ten="30,2000,0" yaku="14,1,54,1" doraHai="93" who="0" fromWho="3" sc="206,36,272,0,285,0,227,-26" /><INIT seed="3,0,0,4,3,9" ten="242,272,285,201" oya="3" hai0="36,59,80,124,56,130,15,96,127,65,33,28,88" hai1="113,110,134,0,16,8,133,60,35,66,39,111,25" hai2="51,48,14,19,109,71,41,77,104,114,12,85,22" hai3="11,49,34,131,72,83,108,86,3,74,40,120,46"/><W132/><G120/><T99/><D36/><U62/><E113/><V4/><F104/><W61/><G34/><T47/><D47/><U52/><E39/><V98/><F71/><W92/><G131/><T73/><D130/><U122/><E122/><V94/><F114/><W129/><G129/><T27/><D73/><U84/><E84/><V64/><F109/><N who="1" m="41481" /><E0/><V116/><F64/><W29/><G108/><T6/><D65/><U95/><E95/><V53/><F116/><W101/><G132/><N who="1" m="50794" /><E35/><V70/><F70/><W45/><G29/><T55/><D99/><U90/><E90/><V68/><F68/><W79/><G61/><T123/><D123/><U102/><E102/><V20/><F41/><W75/><G46/><T42/><D42/><U76/><E76/><V18/><F4/><W100/><REACH who="3" step="1"/><G92/><REACH who="3" ten="242,272,285,191" step="2"/><N who="0" m="56327" /><D80/><U24/><E62/><V57/><F94/><W112/><G112/><T54/><D33/><U81/><E81/><N who="2" m="47279" /><F98/><W67/><G67/><T1/><D124/><U38/><E66/><V31/><F31/><W2/><G2/><T103/><D1/><U121/><E121/><V135/><F135/><W89/><G89/><T115/><D115/><U87/><E60/><AGARI ba="0,1" hai="12,14,18,19,20,22,48,51,53,57,60" m="47279" machi="60" ten="30,3900,0" yaku="8,1,52,2" doraHai="9" who="2" fromWho="1" sc="242,0,272,-39,285,49,191,0" owari="242,4.2,233,-16.7,334,43.4,191,-30.9" /></mjloggm>