<mjloggm ver="2.3"><GO type="225" lobby="0"/><UN n0="%E6%A1%9C%E8%8A%B1%E9%96%83%E3%80%85" n1="%E3%83%B4%E3%83%A0%EF%BC%99%E3%81%A6" n2="%E3%81%BE%E3%81%A8%E3%81%9F" n3="%E3%81%82%E3%81%84%E3%81%82%E3%81%8A%E3%81%84" dan="17,17,16,18" rate="2276.94,2133.98,2081.54,2184.15" sx="M,M,M,M"/><TAIKYOKU oya="0"/><INIT seed="0,0,0,5,5,132" ten="250,250,250,250" oya="0" hai0="90,51,125,14,45,59,116,61,24,10,39,0,34" hai1="15,122,108,127,57,81,80,79,84,86,12,11,106" hai2="105,9,91,64,99,1,44,23,46,121,102,87,95" hai3="41,58,113,50,3,74,47,62,104,2,40,53,131"/><T118/><D0/><U76/><E122/><V4/><F121/><W129/><G104/><T112/><D112/><U135/><E106/><V71/><REACH who="2" step="1"/><F23/><REACH who="2" ten="250,250,240,250" step="2"/><W26/><G113/><T42/><D118/><U29/><E135/><V117/><F117/><W82/><G131/><T35/><D116/><U54/><E108/><V36/><F36/><W25/><G129/><T120/><D39/><U31/><E127/><V6/><F6/><W134/><G134/><T115/><D120/><U98/><E98/><V30/><F30/><W119/><G119/><T63/><D115/><U37/><E37/><V75/><F75/><W133/><G133/><T27/><D125/><U89/><E29/><V94/><F94/><W17/><G74/><T114/><D114/><U109/><E31/><V93/><F93/><W66/><G82/><T126/><D126/><U107/><E107/><V77/><F77/><W5/><G5/><T69/><D35/><U73/><E109/><V110/><F110/><W88/><G17/><T22/><D22/><U48/><E11/><V96/><F96/><W67/><G2/><T21/><D21/><U38/><E38/><V124/><F124/><W43/><G3/><T18/><D34/><U111/><E111/><V28/><F28/><W101/><G101/><T32/><D32/><U72/><E89/><V68/><F68/><W16/><G16/><T70/><D90/><U92/><E92/><V8/><F8/><W83/><G88/><T13/><D70/><U85/><AGARI ba="0,1" hai="12,15,48,54,57,72,73,76,79,80,81,84,85,86" machi="85" ten="30,2000,0" yaku="0,1,9,1" doraHai="132" who="1" fromWho="1" sc="250,-10,250,30,240,-5,250,-5" /><INIT seed="1,0,0,5,3,85" ten="240,280,235,245" oya="1" hai0="88,135,34,17,6,11,109,5,90,97,104,54,51" hai1="26,133,105,74,129,123,131,110,118,16,47,13,61" hai2="33,53,98,15,9,89,130,59,120,72,103,37,22" hai3="84,32,73,4,42,25,100,41,18,23,93,79,94"/><U0/><E0/><V114/><F33/><W28/><G4/><N who="0" m="1643" /><D104/><U14/><E118/><V127/><F37/><W80/><G73/><T71/><D71/><U86/><E123/><V2/><F2/><W65/><G65/><T40/><D34/><U12/><E74/><V55/><F72/><W20/><G32/><T122/><D122/><U96/><E133/><V125/><F9/><W75/><G75/><T121/><D121/><U36/><E61/><V29/><F120/><W43/><REACH who="3" step="1"/><G100/><REACH who="3" ten="240,280,235,235" step="2"/><T19/><D135/><U92/><E129/><V50/><F103/><W101/><G101/><T107/><D107/><U124/><E131/><V99/><F130/><W1/><G1/><T31/><D109/><U3/><E3/><V38/><F125/><W48/><G48/><T60/><D60/><U45/><E110/><V115/><F50/><W66/><G66/><T58/><D40/><U63/><E124/><V113/><F127/><W132/><G132/><T108/><D108/><U24/><E63/><V117/><F115/><W62/><G62/><T39/><D39/><U64/><E64/><V76/><F38/><W69/><G69/><T56/><D51/><U106/><E106/><V46/><F114/><W116/><G116/><T44/><D54/><U30/><E36/><V102/><F53/><W87/><G87/><T10/><D97/><N who="2" m="36874" /><F117/><W83/><G83/><T95/><D95/><U134/><E134/><V70/><F113/><W126/><G126/><T77/><D10/><U7/><E105/><V27/><F55/><W78/><G78/><T57/><D11/><U128/><E128/><RYUUKYOKU ba="0,1" sc="240,-10,280,-10,235,-10,235,30" hai3="18,20,23,25,28,41,42,43,79,80,84,93,94" /><INIT seed="2,1,1,3,3,29" ten="230,270,225,265" oya="2" hai0="105,128,70,51,84,27,28,14,103,109,78,112,9" hai1="46,132,20,31,135,64,13,59,89,30,99,119,88" hai2="54,106,44,115,39,4,3,111,110,21,73,104,120" hai3="8,32,76,124,34,131,17,122,56,130,81,12,26"/><V134/><F115/><W118/><G118/><T11/><D112/><U68/><E119/><V80/><F120/><W82/><G122/><T92/><D70/><U57/><E68/><V133/><F21/><N who="3" m="13615" /><G56/><N who="1" m="21578" /><E64/><V58/><F4/><N who="3" m="3079" /><G82/><T25/><D92/><N who="1" m="56711" /><E46/><V22/><F22/><W15/><G124/><T121/><D109/><N who="2" m="41482" /><F3/><W18/><G81/><T55/><D121/><U23/><E23/><V24/><F24/><W10/><G76/><T87/><D27/><U66/><E66/><V1/><F1/><W42/><G42/><T65/><D25/><U7/><E7/><V49/><F80/><W2/><G2/><T63/><D65/><U116/><E116/><V50/><F73/><W36/><G36/><T16/><D9/><U6/><E6/><V62/><F39/><W38/><G38/><T5/><D11/><U91/><E13/><V45/><F50/><W97/><G97/><T69/><D51/><U129/><E20/><V127/><F127/><W77/><G77/><T101/><D78/><U94/><E30/><V102/><F102/><W85/><G85/><T98/><D101/><U37/><E31/><V90/><F90/><W0/><G0/><T19/><D103/><U60/><E91/><V35/><F45/><W93/><G93/><T67/><D28/><U113/><E89/><V40/><F35/><AGARI ba="1,1" hai="10,15,18,32,34,35,130,131" m="3079,13615" machi="35" ten="30,8000,1" yaku="34,2,52,3" doraHai="29" who="3" fromWho="2" sc="230,0,270,0,225,-83,265,93" /><INIT seed="3,0,0,1,4,124" ten="230,270,142,358" oya="3" hai0="113,78,100,45,39,35,118,108,104,49,28,20,102" hai1="81,88,115,71,67,64,51,86,111,120,43,105,15" hai2="116,18,11,90,83,40,121,89,96,91,6,97,25" hai3="46,7,95,5,57,58,29,82,107,93,13,41,14"/><W44/><G107/><T114/><D118/><U98/><E115/><N who="0" m="44041" /><D108/><U87/><E120/><V103/><F116/><W26/><G82/><T12/><D39/><U123/><E123/><V94/><F121/><W130/><G26/><N who="0" m="18839" /><D78/><U27/><E111/><V66/><F66/><W68/><G29/><T70/><D104/><U37/><E37/><V56/><F40/><W125/><G41/><N who="0" m="24751" /><D70/><U132/><E71/><V60/><F83/><W119/><G119/><T21/><D12/><U101/><E15/><V129/><F129/><W117/><G5/><T10/><D10/><U22/><E86/><V34/><F34/><W92/><G57/><T128/><D128/><U61/><E61/><V74/><F74/><W85/><G85/><T62/><D62/><U32/><E32/><V106/><F6/><W122/><G93/><T48/><D48/><U69/><E69/><V47/><F47/><W63/><G44/><T79/><D79/><U8/><E51/><V17/><F11/><W59/><G46/><T9/><D9/><U55/><E43/><V109/><F109/><W50/><G7/><T4/><D4/><U77/><E8/><V31/><F31/><W99/><G130/><T42/><D42/><U127/><E77/><V30/><F30/><W16/><G122/><T53/><D53/><U19/><E55/><V36/><F36/><W3/><G3/><T84/><D84/><U24/><E67/><V52/><F18/><W38/><G16/><T131/><D131/><U1/><E64/><V73/><F73/><W2/><G38/><T134/><D134/><U133/><E133/><RYUUKYOKU ba="0,0" sc="230,15,270,-15,142,15,358,-15" hai0="20,21,100,102" hai2="17,25,52,56,60,89,90,91,94,96,97,103,106" owari="245,-15.5,255,5.5,157,-34.3,343,44.3" /></mjloggm>