<mjloggm ver="2.3"><GO type="225" lobby="0"/><UN n0="%E3%81%A4%E3%81%A3%E3%81%B1%E3%82%8A%E3%83%9D%E3%83%BC%E3%83%AB" n1="%E5%A4%8F%E9%88%B4%E9%88%B4%E5%A4%8F" n2="%E7%99%BD%E5%80%89%E5%AF%9B%E4%B9%8B" n3="%E4%B8%89%E5%88%86%E5%B0%8F%E5%83%A7" dan="17,16,16,16" rate="2192.70,2120.93,2128.69,2041.60" sx="M,F,M,M"/><TAIKYOKU oya="0"/><INIT seed="0,0,0,2,1,34" ten="250,250,250,250" oya="0" hai0="76,45,63,65,98,3,56,105,33,72,99,94,53" hai1="57,8,23,80,85,7,87,60,11,26,6,36,67" hai2="113,51,14,50,107,4,126,135,79,86,121,24,112" hai3="116,82,39,40,90,114,43,108,101,5,93,64,83"/><T0/><D33/><U1/><E36/><V131/><F107/><W123/><G114/><T20/><D105/><U18/><REACH who="1" step="1"/><E80/><REACH who="1" ten="250,240,250,250" step="2"/><N who="2" m="47391" /><F113/><W32/><G39/><T41/><D76/><U115/><E115/><V68/><F112/><W22/><G116/><T61/><D72/><U111/><E111/><V69/><F121/><W89/><G108/><T118/><D118/><U74/><E74/><V9/><F126/><W62/><G123/><T70/><D20/><U125/><E125/><V66/><F135/><W128/><G32/><T127/><D127/><U109/><E109/><V31/><F131/><W17/><G128/><T120/><D120/><U29/><E29/><V119/><F119/><W21/><G83/><T52/><D99/><U81/><E81/><V73/><F73/><W12/><G82/><T58/><D70/><U84/><E84/><V97/><F69/><W132/><G22/><T92/><D65/><U48/><E48/><V19/><F68/><W71/><G132/><T130/><D130/><U103/><E103/><V100/><F66/><W88/><REACH who="3" step="1"/><G5/><REACH who="3" ten="250,240,250,240" step="2"/><T129/><D129/><U2/><AGARI ba="0,2" hai="1,2,6,7,8,11,18,23,26,57,60,67,85,87" machi="2" ten="20,12000,2" yaku="1,1,0,1,7,1,9,1,52,2,53,0" doraHai="34" doraHaiUra="42" who="1" fromWho="1" sc="250,-60,240,140,250,-30,240,-30" /><INIT seed="1,0,0,1,0,107" ten="190,380,220,210" oya="1" hai0="119,38,110,58,93,102,1,101,5,103,54,35,120" hai1="122,19,131,40,133,86,15,10,2,113,82,50,77" hai2="97,83,105,17,123,11,20,109,84,62,25,126,87" hai3="46,0,124,32,57,28,27,128,118,22,34,127,14"/><U96/><E122/><V30/><F123/><W24/><G57/><T106/><D120/><U33/><E113/><V73/><F109/><W51/><G0/><T90/><D119/><U68/><E68/><V42/><F126/><N who="3" m="48171" /><G118/><T9/><D110/><U48/><E33/><V12/><F42/><N who="3" m="25047" /><G14/><T21/><D35/><N who="3" m="13353" /><G27/><T104/><D38/><U116/><E116/><V37/><F37/><W72/><G72/><T44/><D44/><U121/><E121/><V59/><F73/><W89/><G89/><T112/><D112/><U29/><E133/><V80/><F105/><W45/><G45/><T95/><D21/><U67/><E131/><AGARI ba="0,0" hai="22,24,28,128,131" m="13353,25047,48171" machi="131" ten="40,1300,0" yaku="18,1" doraHai="107" who="3" fromWho="1" sc="190,0,380,-13,220,0,210,13" /><INIT seed="2,0,0,1,2,61" ten="190,367,220,223" oya="2" hai0="16,28,77,80,87,106,72,1,117,92,36,97,10" hai1="75,93,98,58,119,53,20,132,15,78,9,37,60" hai2="79,118,73,122,12,107,95,135,47,125,51,25,38" hai3="46,88,102,134,50,2,19,90,23,63,62,54,56"/><V71/><F107/><W3/><G134/><T99/><D117/><U70/><E119/><V67/><F118/><W49/><G102/><T123/><D123/><U110/><E37/><V17/><F38/><W39/><G39/><T124/><D124/><U130/><E110/><V115/><F115/><W5/><G5/><T31/><D36/><U32/><E32/><V27/><F122/><W43/><G2/><T55/><D55/><U42/><E42/><V91/><F125/><W65/><G3/><T121/><D121/><U104/><E104/><V21/><F135/><W41/><G41/><T105/><D105/><U7/><E130/><V14/><F79/><W4/><G4/><T128/><D128/><U22/><E70/><V101/><F73/><W100/><G100/><N who="0" m="62751" /><D97/><U126/><E126/><V59/><F101/><W66/><G63/><T114/><D1/><U24/><E132/><V108/><F14/><N who="3" m="9719" /><G62/><T96/><D96/><U131/><E131/><V44/><F71/><W69/><G69/><T57/><D114/><U129/><E129/><V86/><F108/><W30/><G30/><T81/><D57/><U8/><E75/><V68/><F68/><W85/><G90/><N who="0" m="53343" /><D81/><AGARI ba="0,0" hai="43,46,49,50,54,56,65,66,81,85,88" m="9719" machi="81" ten="30,7700,0" yaku="8,1,52,2,54,1" doraHai="61" who="3" fromWho="0" sc="190,-77,367,0,220,0,223,77" /><INIT seed="3,0,0,4,4,8" ten="113,367,220,300" oya="3" hai0="27,11,122,134,76,111,88,131,62,96,72,1,93" hai1="49,115,105,58,53,114,128,133,6,5,61,71,10" hai2="101,100,43,47,83,2,132,57,74,60,98,55,59" hai3="117,106,39,45,108,86,30,18,12,116,110,124,32"/><W46/><G106/><T99/><D122/><U16/><E105/><V82/><F2/><W121/><G121/><T29/><D111/><N who="3" m="42537" /><G124/><T68/><D131/><U123/><E123/><V81/><F132/><W107/><G107/><T113/><D134/><U13/><E133/><V77/><F59/><W37/><G86/><T38/><D38/><N who="3" m="14345" /><G30/><T67/><D113/><U42/><E128/><V102/><F98/><W17/><G32/><T35/><D76/><U75/><E75/><V0/><F0/><W40/><G40/><T90/><D72/><U89/><E89/><V69/><F69/><W26/><G26/><T91/><D1/><U65/><REACH who="1" step="1"/><E42/><REACH who="1" ten="113,357,220,300" step="2"/><V25/><F74/><W126/><G126/><T73/><D73/><U34/><E34/><V21/><F77/><W50/><G50/><T129/><D129/><U130/><E130/><V70/><F70/><W135/><G135/><T78/><D78/><U28/><E28/><N who="2" m="17455" /><F101/><W92/><G92/><T54/><D99/><U109/><E109/><V95/><F95/><W56/><G56/><T9/><REACH who="0" step="1"/><D54/><REACH who="0" ten="103,357,220,300" step="2"/><U20/><E20/><V3/><F3/><W51/><G117/><T119/><D119/><U41/><E41/><V23/><F43/><W80/><G116/><T4/><D4/><AGARI ba="0,2" hai="4,5,6,10,13,16,49,53,58,61,65,71,114,115" machi="4" ten="40,8000,1" yaku="1,1,52,1,54,1,53,1" doraHai="8" doraHaiUra="14" who="1" fromWho="0" sc="103,-80,357,100,220,0,300,0" owari="23,-47.7,457,55.7,220,-18.0,300,10.0" /></mjloggm>