<mjloggm ver="2.3"><GO type="225" lobby="0"/><UN n0="%E4%BF%BA%E3%81%A8%E5%A6%96%E5%A4%A2" n1="%E6%81%A5%E6%99%92%E3%81%97" n2="%E3%83%96%E3%83%83%E3%83%91%E3%82%AA%E3%83%96%E3%83%81%E3%82%AD%E3%83%B3" n3="%6B%65%6E%6E%64%69" dan="16,17,16,16" rate="2110.88,2119.59,2090.86,2163.45" sx="F,M,M,M"/><TAIKYOKU oya="0"/><INIT seed="0,0,0,3,5,25" ten="250,250,250,250" oya="0" hai0="17,22,60,45,13,5,54,46,83,129,101,35,108" hai1="89,38,61,119,131,74,100,132,72,110,24,6,68" hai2="106,59,69,90,50,65,111,107,55,26,1,134,97" hai3="39,12,33,70,79,57,84,135,28,30,80,117,120"/><T113/><D113/><U48/><E119/><V16/><F1/><W103/><G70/><T118/><D118/><U121/><E38/><V130/><F111/><W3/><G3/><T14/><D108/><U52/><E110/><V77/><F134/><W112/><G112/><T56/><D129/><U63/><E131/><V99/><F130/><W125/><G33/><T123/><D123/><U47/><E121/><V73/><F73/><W86/><G117/><T36/><D36/><U76/><E132/><V32/><F77/><W21/><G39/><T2/><D35/><U128/><E6/><V126/><F126/><W95/><G125/><T75/><D101/><U9/><E100/><V53/><F97/><N who="3" m="59839" /><G120/><T7/><D2/><U49/><E9/><V40/><F40/><W92/><G57/><T34/><D34/><U43/><E128/><V11/><F65/><W66/><G66/><T71/><D71/><U124/><E124/><V23/><F69/><W44/><G44/><T27/><D83/><U122/><E122/><V29/><F11/><W109/><G135/><T8/><D75/><U114/><E114/><V18/><F107/><W0/><G0/><T67/><D67/><U93/><E68/><V15/><F106/><W37/><G37/><T78/><D78/><U82/><E24/><V96/><F90/><N who="3" m="53319" /><G109/><T98/><D98/><N who="1" m="57647" /><E74/><V88/><F88/><W115/><G115/><T19/><REACH who="0" step="1"/><D5/><REACH who="0" ten="240,250,250,250" step="2"/><U102/><E102/><V10/><F32/><W41/><G41/><T58/><D58/><N who="1" m="33031" /><E72/><V42/><F59/><W133/><G133/><T104/><D104/><U127/><E127/><RYUUKYOKU ba="0,1" sc="240,10,250,10,250,-30,250,10" hai0="7,8,13,14,17,19,22,27,45,46,54,56,60" hai1="43,47,49,61,63,76,82" hai3="12,21,28,30,79,80,86" /><INIT seed="0,1,1,2,2,111" ten="250,260,220,260" oya="0" hai0="1,126,100,45,80,43,32,86,16,130,14,92,34" hai1="4,17,102,72,108,81,23,39,105,121,59,71,119" hai2="21,95,89,36,28,131,70,79,27,33,62,117,107" hai3="116,65,104,134,94,109,30,114,91,3,7,15,124"/><T93/><D1/><U74/><E119/><V84/><F131/><W115/><G65/><T67/><D130/><U98/><E71/><V61/><F117/><W29/><G104/><T57/><D126/><U73/><E121/><V50/><F36/><W103/><G116/><T133/><D133/><U38/><E108/><V9/><F70/><W122/><G103/><T106/><D106/><U42/><E4/><V2/><F107/><W55/><G109/><T101/><D34/><U19/><E19/><V96/><F2/><W66/><G66/><T41/><D32/><U129/><E129/><V6/><F33/><W110/><G110/><T77/><D57/><U8/><E8/><V35/><F35/><W113/><G3/><T56/><D56/><U78/><E59/><V13/><REACH who="2" step="1"/><F50/><REACH who="2" ten="250,260,210,260" step="2"/><W52/><G134/><T68/><D68/><U87/><REACH who="1" step="1"/><E42/><REACH who="1" ten="250,250,210,260" step="2"/><V83/><AGARI ba="1,3" hai="6,9,13,21,27,28,61,62,79,83,84,89,95,96" machi="83" ten="30,7900,0" yaku="1,1,2,1,0,1,8,1,53,0" doraHai="111" doraHaiUra="51" who="2" fromWho="2" sc="250,-40,250,-21,210,112,260,-21" /><INIT seed="1,0,0,1,2,93" ten="210,229,322,239" oya="1" hai0="131,118,106,99,45,95,60,71,31,7,33,57,127" hai1="100,28,12,68,121,70,105,16,94,82,30,92,124" hai2="64,61,1,89,97,42,84,117,32,85,96,4,78" hai3="104,90,17,69,5,18,72,20,50,55,79,81,77"/><U52/><E121/><V119/><F32/><W63/><G104/><T25/><D118/><U135/><E105/><V134/><F42/><W130/><G130/><T80/><D131/><U129/><E129/><V65/><F1/><W62/><G5/><T116/><D116/><U113/><E113/><V14/><F134/><W44/><G79/><T133/><D133/><U107/><E135/><V67/><F61/><W24/><G69/><T109/><D106/><U48/><E107/><V54/><F54/><W15/><REACH who="3" step="1"/><G90/><REACH who="3" ten="210,229,322,229" step="2"/><T103/><D71/><U37/><E70/><V83/><F119/><W34/><G34/><T58/><D7/><U35/><E68/><V22/><F117/><W41/><G41/><T8/><D33/><U74/><E35/><V125/><F4/><W122/><G122/><T73/><D109/><U66/><E100/><V120/><F120/><W46/><G46/><T3/><D45/><U86/><E74/><V9/><F89/><W108/><G108/><T56/><D73/><U128/><E128/><V102/><F78/><W27/><G27/><T51/><D103/><U13/><E124/><V115/><F102/><W126/><G126/><T10/><D127/><U132/><E132/><V112/><F125/><W88/><G88/><N who="0" m="55783" /><D25/><U26/><E26/><V36/><F115/><W49/><G49/><T98/><D51/><U43/><E48/><V101/><F112/><W23/><AGARI ba="0,1" hai="15,17,18,20,23,24,44,50,55,62,63,72,77,81" machi="23" ten="20,2700,0" yaku="1,1,0,1,7,1,53,0" doraHai="93" doraHaiUra="6" who="3" fromWho="3" sc="210,-7,229,-13,322,-7,229,37" /><INIT seed="2,0,0,5,1,48" ten="203,216,315,266" oya="2" hai0="93,42,47,112,78,108,25,115,77,132,6,119,98" hai1="122,2,99,24,26,0,134,101,69,114,52,50,22" hai2="73,17,89,54,28,123,83,3,75,32,116,30,10" hai3="15,5,125,105,82,107,81,121,11,126,113,16,63"/><V31/><F116/><W49/><G121/><T128/><D119/><U88/><E114/><V21/><F123/><W40/><G113/><T56/><D108/><U4/><E69/><V66/><F66/><W104/><G63/><T33/><D132/><U106/><E122/><V38/><F38/><W51/><G51/><T13/><D128/><U64/><E64/><V39/><F39/><W35/><G35/><T79/><D47/><U129/><E134/><V124/><F124/><N who="3" m="47723" /><G5/><T100/><D42/><U86/><E26/><V68/><F68/><W27/><G27/><T92/><D92/><U80/><E4/><V95/><F83/><W94/><G94/><T55/><D13/><U76/><E129/><V45/><F32/><W59/><G59/><T9/><D9/><U110/><E110/><V103/><F10/><W23/><G11/><T18/><D6/><U90/><E0/><V117/><F21/><W91/><G91/><T120/><D120/><U97/><E2/><V70/><F89/><N who="1" m="34409" /><E101/><V111/><F103/><W53/><G53/><T67/><D67/><U1/><E1/><V19/><F54/><W61/><G61/><T135/><D135/><U46/><E106/><V74/><F3/><W62/><G62/><T37/><D37/><U57/><E57/><V133/><F70/><W96/><G96/><T131/><D131/><U118/><E118/><V127/><F117/><W130/><G130/><T20/><REACH who="0" step="1"/><D33/><REACH who="0" ten="193,216,315,266" step="2"/><U29/><AGARI ba="0,1" hai="22,24,29,46,50,52,76,80,86,97,99" m="34409" machi="29" ten="30,7900,0" yaku="8,1,52,1,54,2" doraHai="48" who="1" fromWho="1" sc="193,-20,216,89,315,-39,266,-20" /><INIT seed="3,0,0,3,4,15" ten="173,305,276,246" oya="3" hai0="54,135,26,102,64,103,99,73,23,5,104,65,112" hai1="8,101,4,125,43,33,121,116,117,17,57,56,10" hai2="45,36,37,7,29,44,108,98,69,90,30,91,74" hai3="66,85,83,32,39,2,97,119,93,80,6,16,47"/><W106/><G119/><N who="1" m="45642" /><E125/><V71/><F74/><W86/><G32/><T78/><D135/><U79/><E121/><V105/><F7/><W114/><G114/><T120/><D120/><U70/><E70/><V25/><F105/><W18/><G106/><T118/><D118/><U51/><E33/><V13/><F13/><W94/><G2/><T76/><D112/><U88/><E79/><V24/><REACH who="2" step="1"/><F98/><REACH who="2" ten="173,305,266,246" step="2"/><W41/><G6/><T27/><D73/><U61/><E4/><V12/><F12/><W122/><G122/><T111/><D5/><U11/><E101/><V134/><F134/><W48/><G39/><T124/><D104/><U128/><E128/><V28/><F28/><W46/><G97/><T49/><D124/><U84/><E17/><N who="3" m="6762" /><G66/><N who="0" m="25707" /><D111/><AGARI ba="0,1" hai="24,25,29,30,36,37,44,45,69,71,90,91,108,111" machi="111" ten="25,3200,0" yaku="1,1,22,2,53,0" doraHai="15" doraHaiUra="58" who="2" fromWho="0" sc="173,-32,305,0,266,42,246,0" owari="141,-35.9,305,10.5,308,40.8,246,-15.4" /></mjloggm>