<mjloggm ver="2.3"><GO type="225" lobby="0"/><UN n0="%79%75%72%69%6D%6F%67" n1="%E3%83%96%E3%83%83%E3%83%91%E3%82%AA%E3%83%96%E3%83%81%E3%82%AD%E3%83%B3" n2="%E7%99%BD%E5%80%89%E5%AF%9B%E4%B9%8B" n3="%45%6C%79%73%69%75%6D" dan="16,16,16,16" rate="2157.67,2217.05,2071.06,2132.67" sx="F,M,M,M"/><TAIKYOKU oya="0"/><INIT seed="0,0,0,5,1,53" ten="250,250,250,250" oya="0" hai0="34,67,37,46,48,38,83,40,88,108,16,14,125" hai1="9,105,117,30,4,123,87,98,51,59,44,114,23" hai2="27,57,21,94,70,92,119,36,19,56,78,55,52" hai3="113,24,89,97,58,85,102,135,47,74,5,43,3"/><T1/><D34/><U66/><E117/><V126/><F119/><W111/><G74/><T8/><D67/><U129/><E123/><V60/><F36/><W133/><G113/><T20/><D125/><U130/><E114/><V115/><F115/><W77/><G77/><T103/><D103/><U101/><E87/><V73/><F70/><W118/><G118/><T68/><D68/><U31/><E23/><V124/><F78/><W39/><G111/><T0/><D108/><U25/><E66/><V33/><F33/><W100/><G24/><T50/><D50/><U49/><E49/><N who="2" m="30831" /><F73/><W41/><G41/><T29/><D29/><U26/><E59/><V75/><F75/><W22/><G22/><T32/><D32/><U82/><E82/><V63/><F60/><W84/><G5/><T131/><D131/><N who="1" m="50187" /><E31/><V61/><F61/><W6/><G6/><T54/><D38/><U110/><E30/><V93/><F126/><W12/><G3/><T107/><D107/><U10/><E110/><V120/><F120/><W132/><G132/><T2/><D20/><U96/><E96/><V99/><F124/><W71/><G97/><AGARI ba="0,0" hai="19,21,27,52,57,63,92,93,94,97,99" m="30831" machi="97" ten="30,7700,0" yaku="8,1,52,2,54,1" doraHai="53" who="2" fromWho="3" sc="250,0,250,0,250,77,250,-77" /><INIT seed="1,0,0,0,4,51" ten="250,250,327,173" oya="1" hai0="80,67,18,128,35,3,121,116,54,11,78,16,123" hai1="39,48,65,91,53,60,61,56,29,108,64,22,118" hai2="113,82,114,73,7,33,36,17,96,111,88,103,105" hai3="50,83,10,86,5,26,28,84,70,62,42,72,20"/><U130/><E118/><V57/><F36/><W63/><G72/><T95/><D18/><U127/><E127/><V12/><F33/><W122/><G122/><N who="0" m="46603" /><D35/><U90/><E39/><V2/><F111/><W94/><G94/><T4/><D116/><U110/><E130/><V6/><F2/><W24/><G24/><T49/><D67/><U126/><E126/><V25/><F25/><W132/><G70/><T131/><D95/><U85/><E29/><V109/><F109/><N who="1" m="42089" /><E22/><N who="2" m="11559" /><F73/><W14/><G132/><T101/><D101/><U41/><E41/><V21/><F21/><W75/><G75/><T134/><D134/><U98/><E98/><V32/><F57/><W120/><G120/><T1/><D1/><U125/><E125/><V27/><F27/><W124/><G124/><T52/><D49/><U46/><E85/><N who="2" m="50231" /><F32/><W100/><G100/><T31/><D31/><U133/><E133/><V68/><F68/><AGARI ba="0,0" hai="46,48,53,56,60,61,64,65,68,90,91" m="42089" machi="68" ten="30,5800,0" yaku="14,1,10,1,52,1" doraHai="51" who="1" fromWho="2" sc="250,0,250,58,327,-58,173,0" /><INIT seed="1,1,0,5,2,84" ten="250,308,269,173" oya="1" hai0="34,35,88,17,120,111,27,66,134,37,114,0,44" hai1="100,46,68,69,115,60,121,87,89,28,92,65,32" hai2="49,59,80,16,7,23,19,105,25,117,94,82,130" hai3="74,126,118,62,106,31,52,8,124,33,125,128,10"/><U4/><E115/><V20/><F105/><W26/><G74/><T77/><D114/><U40/><E121/><V73/><F73/><W90/><G128/><T14/><D77/><U91/><E4/><V119/><F130/><W9/><G106/><T48/><D0/><U1/><E1/><V110/><F110/><W21/><G118/><T116/><D37/><U3/><E3/><V85/><F7/><W18/><G90/><T131/><D111/><U29/><E69/><V13/><F119/><W67/><G52/><T75/><D75/><U61/><E61/><V108/><F108/><W36/><G36/><T41/><D116/><U72/><E72/><V133/><F133/><W122/><G122/><T47/><D131/><U15/><E15/><V132/><F132/><W51/><G51/><T5/><D5/><U103/><E91/><N who="2" m="53615" /><F117/><W22/><REACH who="3" step="1"/><G18/><REACH who="3" ten="250,308,269,163" step="2"/><T54/><D120/><U30/><REACH who="1" step="1"/><E32/><REACH who="1" ten="250,298,269,163" step="2"/><V81/><F49/><AGARI ba="1,2" hai="28,29,30,40,46,49,60,65,68,87,89,92,100,103" machi="49" ten="40,12000,1" yaku="1,1,2,1,52,1,53,1" doraHai="84" doraHaiUra="38" who="1" fromWho="2" sc="250,0,298,143,269,-123,163,0" /><INIT seed="1,2,0,3,0,109" ten="250,441,146,163" oya="1" hai0="72,118,44,98,56,117,110,66,54,22,2,116,18" hai1="32,90,70,75,15,129,5,11,83,114,39,17,60" hai2="123,113,87,85,106,135,125,91,77,132,13,33,50" hai3="34,57,21,97,84,127,16,82,23,9,19,20,35"/><U76/><E129/><V29/><F123/><W122/><G122/><T36/><D110/><U128/><E128/><V95/><F33/><W80/><G127/><T65/><D72/><U105/><E39/><V52/><F29/><W10/><G97/><T24/><D2/><U134/><E134/><N who="2" m="51243" /><F106/><W124/><G124/><T4/><D4/><U89/><E105/><V107/><F107/><W31/><G57/><T53/><D53/><U55/><E32/><N who="3" m="12330" /><G84/><T51/><REACH who="0" step="1"/><D98/><REACH who="0" ten="240,441,146,163" step="2"/><U104/><E55/><V111/><F111/><W68/><G80/><T120/><D120/><U100/><E83/><N who="2" m="47343" /><F125/><W103/><G82/><T8/><D8/><U81/><E11/><V0/><F0/><W14/><G9/><T74/><D74/><U62/><E75/><V121/><F121/><W40/><G10/><T59/><D59/><U115/><E81/><V102/><F102/><W30/><G103/><T1/><D1/><U92/><E100/><V88/><F91/><W28/><G68/><T126/><D126/><U6/><E6/><V7/><F7/><W86/><G86/><T58/><D58/><U42/><E89/><V25/><F52/><W101/><G101/><T41/><AGARI ba="2,1" hai="18,22,24,36,41,44,51,54,56,65,66,116,117,118" machi="41" ten="40,2700,0" yaku="1,1,0,1,53,0" doraHai="109" doraHaiUra="78" who="0" fromWho="0" sc="240,43,441,-15,146,-9,163,-9" /><INIT seed="2,0,0,2,3,44" ten="283,426,137,154" oya="2" hai0="125,116,82,124,67,68,23,74,60,83,117,22,1" hai1="84,126,131,47,8,12,75,95,41,97,50,128,57" hai2="73,81,34,87,71,52,65,107,29,69,127,129,66" hai3="119,55,102,46,94,105,92,14,70,109,100,36,120"/><V39/><F107/><W112/><G119/><N who="0" m="45643" /><D1/><U86/><E75/><V77/><F39/><W18/><G120/><T90/><D90/><U53/><E126/><N who="0" m="48745" /><D83/><U61/><E128/><V16/><F127/><W17/><G70/><T51/><D51/><U5/><E131/><V111/><F129/><W78/><G78/><AGARI ba="0,0" hai="22,23,60,67,68,74,78,82" m="48745,45643" machi="78" ten="30,2000,0" yaku="12,1,18,1" doraHai="44" who="0" fromWho="3" sc="283,20,426,0,137,0,154,-20" /><INIT seed="3,0,0,3,2,31" ten="303,426,137,134" oya="3" hai0="36,114,40,66,64,8,61,68,59,129,30,103,77" hai1="75,78,57,124,88,85,87,106,15,95,9,17,91" hai2="90,126,62,117,55,60,108,21,130,72,20,112,2" hai3="50,101,116,93,123,86,79,24,41,98,80,121,65"/><W96/><G116/><T102/><D77/><U73/><E124/><V39/><F39/><W128/><G128/><T131/><D8/><U104/><E78/><V4/><F72/><W56/><G41/><T18/><D18/><U37/><E37/><V119/><F112/><W26/><G121/><T70/><D30/><U89/><E89/><V44/><F126/><W52/><G123/><T127/><D127/><U84/><E84/><V23/><F130/><W125/><G125/><T69/><D114/><U29/><E29/><V47/><F108/><W71/><REACH who="3" step="1"/><G98/><REACH who="3" ten="303,426,137,124" step="2"/><T5/><D129/><U135/><E135/><V99/><F117/><W3/><G3/><T82/><D131/><U111/><E111/><V25/><F119/><W51/><G51/><T34/><D40/><U53/><E75/><V107/><F2/><W81/><G81/><T16/><D82/><U83/><E73/><V54/><F25/><W94/><G94/><T11/><D36/><U27/><E27/><V92/><F107/><W1/><G1/><T38/><D38/><U120/><E120/><V45/><F4/><W110/><G110/><T28/><D69/><U132/><E132/><V113/><F113/><W42/><G42/><T134/><D70/><U109/><E109/><V48/><F55/><W115/><G115/><T32/><D68/><U7/><E7/><V100/><F100/><W122/><G122/><T0/><D102/><U10/><E10/><V105/><F105/><W19/><G19/><T76/><D103/><U22/><E9/><V67/><F67/><W46/><G46/><AGARI ba="0,1" hai="20,21,23,44,45,46,47,48,54,60,62,90,92,99" machi="46" ten="40,1300,0" yaku="8,1" doraHai="31" who="2" fromWho="3" sc="303,0,426,0,137,23,124,-13" owari="303,10.3,426,52.6,160,-24.0,111,-38.9" /></mjloggm>