<mjloggm ver="2.3"><GO type="225" lobby="0"/><UN n0="%E3%82%8A%E3%81%93%E3%82%8A%E3%82%93%E3%81%94" n1="%E6%98%93%E5%88%A9%E8%96%A9%E4%BC%AF" n2="%E5%91%A8%E6%9D%B1" n3="%72%69%6F%75%63%68%61%6E" dan="17,17,17,16" rate="2222.95,2192.92,2238.55,2181.66" sx="M,F,M,M"/><TAIKYOKU oya="0"/><INIT seed="0,0,0,0,2,3" ten="250,250,250,250" oya="0" hai0="88,56,68,100,30,115,74,87,83,107,61,133,130" hai1="19,2,122,27,82,117,123,114,116,128,21,84,15" hai2="91,73,16,63,77,119,32,75,96,92,67,31,94" hai3="22,29,35,17,4,25,118,120,89,0,105,49,85"/><T101/><D115/><U47/><E47/><V43/><F119/><N who="1" m="45641" /><E84/><V103/><F43/><W70/><G118/><T102/><D68/><U104/><E82/><V81/><F31/><W40/><G70/><T12/><D130/><U55/><E55/><V80/><F32/><W76/><G105/><T108/><D108/><U34/><E104/><V41/><F41/><W99/><G120/><N who="1" m="46122" /><E128/><V5/><F5/><W52/><G40/><T7/><D133/><U46/><E46/><V26/><F81/><W1/><G4/><T109/><D109/><U69/><E69/><V98/><F26/><W42/><G99/><T23/><D74/><U45/><E45/><V65/><F75/><W8/><G8/><N who="0" m="4127" /><D107/><U129/><E129/><V66/><REACH who="2" step="1"/><F16/><REACH who="2" ten="250,250,240,250" step="2"/><W135/><G42/><T36/><D36/><U53/><E34/><V106/><F106/><W59/><G135/><T28/><D23/><U71/><E21/><V111/><F111/><W51/><G76/><T57/><D57/><AGARI ba="0,1" hai="57,63,65,66,67,73,77,80,91,92,94,96,98,103" machi="57" ten="30,2000,0" yaku="1,1,7,1,53,0" doraHai="3" doraHaiUra="44" who="2" fromWho="0" sc="250,-20,250,0,240,30,250,0" /><INIT seed="1,0,0,1,1,107" ten="230,250,270,250" oya="1" hai0="18,17,71,44,0,79,34,132,100,121,72,35,124" hai1="42,62,10,67,75,68,119,64,98,127,101,74,14" hai2="103,102,43,110,94,59,53,3,93,4,90,39,26" hai3="54,7,36,69,45,128,31,105,2,120,20,57,83"/><U108/><E119/><V118/><F118/><W37/><G120/><T47/><D71/><U40/><E127/><V58/><F110/><W73/><G69/><T25/><D0/><U129/><E67/><V27/><F3/><W78/><G128/><T70/><D70/><U112/><E112/><V77/><F4/><W91/><G105/><T61/><D124/><U87/><E87/><V19/><F77/><W65/><G91/><T30/><D132/><U22/><E22/><V21/><F39/><W96/><G96/><T80/><D121/><U24/><E24/><V63/><F43/><W81/><G81/><T88/><D100/><U32/><E32/><V51/><F27/><W126/><G126/><T106/><D106/><U97/><E129/><V1/><F1/><W33/><G33/><T46/><D35/><U29/><E29/><V8/><F8/><N who="3" m="2167" /><G20/><T109/><D109/><U116/><E116/><V11/><F11/><W6/><G6/><T50/><D61/><U111/><E111/><V5/><F5/><W56/><G31/><T84/><REACH who="0" step="1"/><D50/><REACH who="0" ten="220,250,270,250" step="2"/><U52/><E101/><V135/><F135/><W123/><G123/><T66/><D66/><U133/><E64/><V104/><F104/><W114/><G114/><T134/><D134/><U95/><E62/><V12/><F103/><W9/><G65/><T113/><D113/><U130/><E133/><V76/><F102/><W117/><G117/><T86/><D86/><U13/><E108/><V48/><F48/><N who="3" m="28943" /><G9/><T89/><D89/><U115/><E10/><N who="2" m="6551" /><F90/><W16/><G36/><T38/><D38/><U125/><E115/><RYUUKYOKU ba="0,1" sc="220,30,250,-10,270,-10,250,-10" hai0="17,18,25,30,34,44,46,47,72,79,80,84,88" /><INIT seed="2,1,1,3,1,132" ten="250,240,260,240" oya="2" hai0="41,69,13,11,89,60,86,87,111,54,1,29,74" hai1="5,38,36,8,126,106,127,42,84,73,101,15,88" hai2="92,59,53,118,80,96,31,129,90,102,63,112,21" hai3="62,125,124,48,18,9,76,77,17,123,46,37,14"/><V44/><F118/><W100/><G123/><T115/><D115/><U33/><E73/><V35/><F112/><W25/><G37/><T75/><D1/><U104/><E33/><V93/><F129/><W99/><G62/><T32/><D111/><U116/><E116/><V105/><F35/><W51/><G51/><T61/><D41/><U23/><E23/><V30/><F105/><W2/><G2/><T7/><D61/><U72/><E72/><V121/><F121/><W3/><G3/><T134/><D87/><U85/><E85/><V16/><F44/><W22/><G77/><T135/><D29/><U28/><E28/><V56/><F56/><W45/><G76/><T83/><D32/><U26/><E26/><V91/><F80/><W20/><G20/><T79/><D54/><U0/><E0/><V66/><F66/><W27/><G27/><T94/><D75/><U109/><E109/><V131/><F102/><W4/><G4/><T103/><D103/><U120/><E120/><V119/><F131/><W40/><REACH who="3" step="1"/><G45/><REACH who="3" ten="250,240,260,230" step="2"/><T65/><AGARI ba="1,2" hai="7,11,13,60,65,69,74,79,83,86,89,94,134,135" machi="65" ten="30,1100,0" yaku="0,1" doraHai="132" who="0" fromWho="0" sc="250,34,240,-4,260,-6,230,-4" /><INIT seed="3,0,0,0,4,89" ten="284,236,254,226" oya="3" hai0="7,129,131,133,69,105,29,21,38,107,31,74,118" hai1="28,113,124,119,24,76,1,96,98,9,75,18,16" hai2="13,30,106,86,128,108,12,82,92,67,48,33,6" hai3="40,122,32,135,19,73,115,49,0,25,46,132,3"/><W130/><G115/><T104/><D118/><U99/><E113/><V61/><F106/><W78/><G122/><T2/><D74/><U35/><E124/><V103/><F108/><W54/><G130/><T55/><D38/><U95/><E119/><V11/><F128/><N who="0" m="49226" /><D69/><U39/><E39/><V93/><F103/><W121/><G121/><T100/><D100/><U53/><E53/><V37/><F37/><W97/><G97/><T59/><D133/><N who="3" m="51273" /><G40/><T34/><D34/><U52/><E76/><V36/><F36/><W70/><G70/><T117/><D117/><U44/><E75/><V63/><F48/><W72/><G72/><T68/><D68/><U64/><E64/><V80/><F80/><N who="3" m="45135" /><G19/><T15/><D2/><N who="3" m="553" /><G32/><T84/><D107/><U42/><E42/><V50/><F50/><W26/><AGARI ba="0,0" hai="25,26,46,49,54" m="553,45135,51273" machi="26" ten="40,2100,0" yaku="20,1" doraHai="89" who="3" fromWho="3" sc="284,-7,236,-7,254,-7,226,21" /><INIT seed="3,1,0,2,5,80" ten="277,229,247,247" oya="3" hai0="32,99,111,16,13,4,95,52,54,34,5,66,116" hai1="126,90,62,87,101,72,76,12,100,37,11,19,113" hai2="103,75,8,57,132,23,26,84,92,108,43,114,118" hai3="9,60,59,29,123,22,130,31,117,74,134,30,40"/><W20/><G117/><T70/><D116/><U27/><E113/><V38/><F118/><W28/><G123/><T109/><D66/><U35/><E126/><V68/><F114/><W107/><G130/><T61/><D70/><U36/><E72/><V63/><F68/><W0/><G134/><T15/><D61/><U55/><E76/><V135/><F75/><W83/><G107/><T94/><D16/><N who="1" m="8223" /><E35/><V67/><F108/><W51/><N who="3" m="7168" /><DORA hai="127" /><W25/><G25/><T89/><D89/><U21/><E37/><V41/><F8/><W119/><G119/><T1/><D99/><U85/><E36/><V50/><F50/><W3/><G3/><AGARI ba="1,0" hai="1,3,4,5,13,15,32,34,52,54,94,95,109,111" machi="3" ten="25,3200,0" yaku="22,2,54,1" doraHai="80,127" who="0" fromWho="3" sc="277,35,229,0,247,0,247,-35" owari="312,41.2,229,-17.1,247,4.7,212,-28.8" /></mjloggm>