<mjloggm ver="2.3"><GO type="225" lobby="0"/><UN n0="%E6%98%93%E5%88%A9%E8%96%A9%E4%BC%AF" n1="%E3%81%BE%E3%81%A8%E3%81%9F" n2="%E3%81%AF%E3%82%88%E3%81%8A%E3%81%98%E3%81%95%E3%82%93" n3="%E9%A6%AC%E5%BC%95%E7%81%AB%33" dan="17,16,17,16" rate="2158.36,2099.72,2132.67,2135.49" sx="F,M,M,M"/><TAIKYOKU oya="0"/><INIT seed="0,0,0,0,1,107" ten="250,250,250,250" oya="0" hai0="84,16,63,102,125,129,6,24,130,3,116,30,109" hai1="10,58,100,78,80,88,50,37,39,20,65,64,40" hai2="69,70,94,34,115,44,9,113,101,62,127,35,22" hai3="7,36,49,98,61,28,103,8,106,104,76,90,97"/><T79/><D116/><U25/><E100/><V112/><F127/><W128/><G36/><T131/><D125/><U17/><E39/><V95/><F101/><W81/><G128/><T92/><D109/><U60/><E37/><V122/><F22/><W68/><G28/><T51/><D63/><U93/><E10/><V72/><F62/><W52/><G61/><T45/><D3/><U124/><E124/><V114/><F9/><W85/><G68/><T27/><D6/><U119/><E119/><V18/><F113/><W123/><G123/><T1/><D1/><U120/><E120/><V135/><F122/><W66/><G66/><T4/><D4/><U53/><E40/><V56/><F56/><W105/><G90/><T67/><D67/><U13/><E25/><V110/><F18/><W59/><REACH who="3" step="1"/><G98/><REACH who="3" ten="250,250,250,240" step="2"/><T133/><D30/><U126/><E126/><V89/><F89/><W71/><G71/><T87/><D130/><U5/><E60/><V26/><F114/><W41/><G41/><T55/><D129/><U38/><E38/><V108/><F112/><W46/><G46/><T121/><D131/><U117/><E117/><V86/><F44/><W99/><G99/><T42/><D121/><U29/><E29/><V134/><F115/><W47/><G47/><T15/><D45/><U132/><E65/><V31/><F31/><W57/><G57/><T111/><D42/><U83/><E64/><V33/><F33/><W82/><G82/><T14/><D51/><U75/><E80/><V54/><F35/><W77/><G77/><T96/><D79/><U2/><E78/><RYUUKYOKU ba="0,1" sc="250,-10,250,-10,250,-10,240,30" hai3="7,8,49,52,59,76,81,85,97,103,104,105,106" /><INIT seed="1,1,1,4,2,81" ten="240,240,240,270" oya="1" hai0="96,25,33,42,9,21,123,74,88,65,130,133,115" hai1="20,63,0,121,30,7,99,78,126,54,17,49,122" hai2="117,116,43,76,53,1,51,66,29,94,8,113,101" hai3="119,27,128,132,64,127,23,62,118,47,105,90,103"/><U15/><E126/><V134/><F134/><W80/><G127/><T40/><D115/><U13/><E78/><V83/><F113/><W32/><G132/><T98/><D74/><U107/><E0/><V114/><F114/><W22/><G128/><T5/><D33/><U129/><E129/><V82/><F82/><W36/><G32/><T38/><D130/><U57/><E30/><V3/><F29/><W10/><G10/><T39/><D65/><U18/><E7/><V93/><F43/><N who="3" m="23015" /><G27/><T6/><D123/><U71/><E71/><V124/><F66/><W56/><G103/><T14/><D6/><U72/><E72/><V48/><F48/><W4/><G4/><T111/><D111/><U89/><E49/><V69/><F69/><W59/><G59/><T24/><D24/><U91/><E91/><V50/><F51/><W100/><G100/><T44/><D133/><U120/><E89/><V125/><F124/><W12/><G12/><T109/><D109/><U79/><E79/><V108/><F108/><W55/><G64/><T77/><D77/><U106/><REACH who="1" step="1"/><E99/><REACH who="1" ten="240,230,240,270" step="2"/><N who="2" m="59631" /><F125/><W95/><G80/><T112/><D112/><U41/><E41/><V67/><F1/><W19/><G19/><T60/><D40/><U84/><E84/><V110/><F110/><W31/><G31/><N who="0" m="17839" /><D98/><U92/><E92/><V87/><F94/><W97/><G105/><T34/><D96/><U35/><E35/><V58/><F3/><W131/><G131/><T28/><D34/><U26/><E26/><V70/><F83/><W68/><G68/><T61/><D28/><U104/><E104/><RYUUKYOKU ba="1,2" sc="240,-15,230,15,240,-15,270,15" hai1="13,15,17,18,20,54,57,63,106,107,120,121,122" hai3="22,23,55,56,62,90,95,97,118,119" /><INIT seed="1,2,2,5,0,110" ten="225,245,225,285" oya="1" hai0="99,53,45,97,38,75,68,66,95,84,98,12,37" hai1="14,26,133,17,5,85,129,104,16,29,116,11,76" hai2="4,33,13,102,23,36,0,58,49,92,112,93,27" hai3="34,60,3,1,6,15,56,124,28,54,127,39,107"/><U44/><E116/><V51/><F36/><W121/><G121/><T105/><D75/><U35/><E104/><V78/><F112/><W40/><G107/><T135/><D135/><U32/><E133/><V90/><F33/><W123/><G123/><T20/><D105/><U100/><E100/><V117/><F117/><W46/><G15/><T63/><D53/><U91/><E76/><V132/><F0/><W109/><G109/><T79/><D45/><U101/><E101/><V2/><F2/><W10/><G1/><T43/><D43/><U50/><E35/><V122/><F122/><W62/><G62/><T64/><D64/><U111/><E129/><V115/><F115/><W119/><G119/><T131/><D131/><U73/><E73/><V106/><F106/><W55/><G55/><T67/><D67/><U120/><E120/><V59/><F78/><W70/><G70/><T80/><REACH who="0" step="1"/><D95/><REACH who="0" ten="215,245,225,285" step="2"/><U118/><E111/><V61/><F132/><W57/><G57/><T89/><D89/><U126/><E118/><V31/><F102/><W24/><AGARI ba="2,3" hai="3,6,10,24,28,34,39,40,46,54,56,60,124,127" machi="24" ten="30,1100,0" yaku="0,1" doraHai="110" who="3" fromWho="3" sc="215,-5,245,-7,225,-5,285,47" /><INIT seed="2,0,0,4,5,131" ten="210,238,220,332" oya="2" hai0="120,134,60,116,70,129,37,8,67,95,65,98,83" hai1="86,10,125,14,101,2,85,25,82,106,81,112,59" hai2="79,45,36,75,115,23,17,133,87,58,118,32,96" hai3="114,26,88,57,124,28,15,127,123,89,105,20,84"/><V51/><F118/><W122/><G105/><T1/><D120/><U64/><E112/><V92/><F115/><W7/><G114/><T40/><D116/><U53/><E2/><V121/><F121/><W63/><G89/><T43/><D129/><U128/><E128/><V108/><F32/><W38/><G38/><T19/><D37/><U24/><E64/><V78/><F75/><W74/><G74/><T9/><D67/><U13/><E106/><V94/><F108/><W100/><G100/><T18/><D134/><U16/><E101/><N who="2" m="60551" /><F36/><W27/><G27/><T73/><D43/><U76/><E14/><N who="2" m="9655" /><F58/><W104/><G104/><T99/><D40/><U103/><E103/><V35/><F35/><W21/><G21/><T31/><D31/><U61/><REACH who="1" step="1"/><E125/><REACH who="1" ten="210,228,220,332" step="2"/><V117/><F117/><W6/><G123/><T0/><D65/><U5/><E5/><V135/><F133/><W90/><G6/><T113/><D113/><U4/><E4/><V22/><F135/><W109/><G7/><T33/><D0/><U80/><E80/><V47/><F94/><W34/><G124/><T56/><D95/><U3/><E3/><V130/><F130/><W126/><G122/><T48/><D1/><U30/><E30/><V44/><F22/><W93/><G20/><T50/><D33/><U102/><E102/><V68/><F68/><W71/><G126/><T41/><D70/><U46/><E46/><V91/><F44/><W62/><G71/><T111/><D83/><U97/><E97/><V66/><F66/><N who="3" m="39247" /><G127/><T72/><D98/><U11/><E11/><V110/><F45/><RYUUKYOKU ba="0,1" sc="210,-10,228,30,220,-10,332,-10" hai1="10,13,16,24,25,53,59,61,76,81,82,85,86" /><INIT seed="3,1,1,0,5,59" ten="200,258,210,322" oya="3" hai0="11,111,41,85,24,68,46,57,18,6,89,25,51" hai1="81,19,38,47,17,105,23,76,114,92,54,26,112" hai2="75,117,103,72,15,43,60,88,69,70,120,53,129" hai3="31,133,32,116,115,100,2,97,125,63,52,128,33"/><W44/><G116/><T49/><D68/><U101/><E105/><V4/><F117/><W122/><G2/><T79/><D111/><U45/><E38/><V29/><F103/><W66/><G122/><T50/><D79/><U84/><E19/><V109/><F109/><W27/><G115/><T104/><D104/><U110/><E110/><V106/><F106/><W34/><G125/><T134/><D134/><U64/><E64/><V73/><F120/><W39/><G128/><T58/><D18/><U67/><E67/><V35/><F129/><W130/><G130/><T108/><D108/><U87/><E47/><V12/><F43/><W135/><G39/><T113/><D113/><U42/><E42/><V8/><F15/><W10/><G10/><T126/><D126/><U132/><E132/><N who="3" m="50762" /><G52/><T5/><D5/><U1/><E1/><V16/><F4/><W86/><G86/><T102/><D102/><U127/><E127/><V77/><F77/><W74/><G44/><T95/><D46/><U0/><E0/><V13/><F88/><W48/><G48/><N who="0" m="12291" /><T9/><DORA hai="65" /><D41/><U78/><E45/><V93/><F53/><W107/><G74/><T22/><D25/><U99/><E54/><V98/><F13/><W21/><G33/><T7/><D11/><U55/><E55/><V82/><F60/><W131/><G131/><T90/><D90/><U80/><AGARI ba="1,1" hai="17,23,26,76,78,80,81,84,87,92,99,101,112,114" machi="80" ten="30,2000,0" yaku="0,1,9,1" doraHai="59,65" who="1" fromWho="1" sc="200,-6,258,33,210,-6,322,-11" owari="194,-30.6,291,9.1,204,-19.6,311,41.1" /></mjloggm>