<mjloggm ver="2.3"><GO type="225" lobby="0"/><UN n0="%E3%83%96%E3%83%83%E3%83%91%E3%82%AA%E3%83%96%E3%83%81%E3%82%AD%E3%83%B3" n1="%74%75%72%74%6C%65%2E" n2="%E7%89%B9%E6%9D%B1%E3%81%AF%E4%B8%96%E7%95%8C%E3%82%92%E6%95%91%E3%81%86" n3="%E3%83%A9%E3%83%BC%E3%83%A1%E3%83%B3%E4%BA%94%E9%83%8E" dan="16,16,16,16" rate="2173.31,2043.53,2191.91,2103.64" sx="M,M,M,M"/><TAIKYOKU oya="0"/><INIT seed="0,0,0,0,3,1" ten="250,250,250,250" oya="0" hai0="106,127,100,108,48,96,15,9,83,62,57,125,116" hai1="41,124,98,68,6,42,54,35,86,45,66,46,78" hai2="89,97,87,14,36,29,5,114,111,63,34,32,75" hai3="133,118,13,64,91,31,74,95,81,3,30,112,50"/><T4/><D116/><U79/><E35/><V56/><F114/><W55/><G112/><T53/><D108/><U84/><E124/><V19/><F75/><W134/><G3/><T69/><REACH who="0" step="1"/><D83/><REACH who="0" ten="240,250,250,250" step="2"/><U65/><E68/><V43/><F111/><W104/><G118/><T92/><D92/><U47/><E42/><V101/><F43/><W52/><G81/><T18/><D18/><U105/><E41/><V82/><F19/><W85/><G95/><T102/><D102/><U33/><E105/><V23/><F101/><W21/><G104/><T11/><D11/><U37/><E37/><V132/><F36/><W60/><G134/><T119/><D119/><U67/><E6/><V38/><F82/><W70/><G133/><T99/><D99/><U28/><E98/><V77/><F97/><W129/><G31/><T130/><D130/><U0/><E28/><V103/><F103/><W58/><G129/><T90/><D90/><U123/><E123/><V121/><F38/><W49/><G30/><T80/><D80/><U39/><E39/><V113/><F121/><W122/><G122/><T25/><D25/><U128/><E128/><V2/><F132/><W115/><G91/><T117/><D117/><U10/><E10/><V71/><F29/><W76/><G115/><T22/><D22/><U24/><E24/><V93/><F113/><W73/><G21/><T88/><D88/><U110/><E110/><V26/><F26/><W131/><G131/><T16/><D16/><U107/><E107/><V7/><F23/><W27/><G27/><T61/><D61/><U135/><E135/><RYUUKYOKU ba="0,1" sc="240,30,250,-10,250,-10,250,-10" hai0="4,9,15,48,53,57,62,69,96,100,106,125,127" /><INIT seed="0,1,1,3,5,90" ten="270,240,240,240" oya="0" hai0="64,107,115,58,79,126,88,5,81,73,114,57,20" hai1="23,18,112,129,92,53,86,95,100,77,109,62,40" hai2="6,17,51,19,4,44,41,119,22,37,123,38,28" hai3="29,67,63,9,61,16,56,42,10,117,96,3,43"/><T27/><D126/><U32/><E32/><V71/><F123/><W69/><G117/><T111/><D107/><U102/><E112/><V45/><F71/><W66/><G29/><T85/><D111/><U47/><E109/><V33/><F119/><W83/><G3/><T135/><D5/><U113/><E113/><V31/><F33/><W78/><G96/><T127/><D127/><U120/><E120/><V133/><F133/><W14/><REACH who="3" step="1"/><G9/><REACH who="3" ten="270,240,240,230" step="2"/><T8/><D8/><U108/><E108/><V89/><F31/><W128/><G128/><T54/><D135/><U48/><E129/><V2/><F28/><W74/><AGARI ba="1,2" hai="10,14,16,42,43,56,61,63,66,67,69,74,78,83" machi="74" ten="20,8000,1" yaku="1,1,0,1,7,1,54,1,53,1" doraHai="90" doraHaiUra="106" who="3" fromWho="3" sc="270,-41,240,-21,240,-21,230,103" /><INIT seed="1,0,0,2,0,16" ten="229,219,219,333" oya="1" hai0="90,31,19,20,114,93,42,47,74,73,85,97,60" hai1="7,27,66,36,106,130,115,18,13,81,52,86,22" hai2="51,71,109,77,128,126,53,44,82,55,135,6,35" hai3="89,116,110,12,56,104,49,40,88,129,30,11,78"/><U43/><E115/><V25/><F109/><W119/><G104/><T132/><D114/><U80/><E106/><V131/><F71/><W0/><G110/><T75/><D132/><U50/><E130/><N who="2" m="49707" /><F6/><W76/><G0/><T32/><D60/><U41/><E36/><V38/><F38/><W72/><G30/><T125/><D125/><U94/><E66/><V99/><F99/><W118/><G129/><T10/><D10/><N who="1" m="4319" /><E94/><V124/><F135/><W134/><G134/><T84/><D31/><U112/><E112/><V46/><F25/><W23/><G72/><T2/><D32/><U58/><E81/><V4/><F4/><W28/><G76/><AGARI ba="0,0" hai="18,22,27,41,43,50,52,58,76,80,86" m="4319" machi="76" ten="30,5800,0" yaku="8,1,52,1,54,1" doraHai="16" who="1" fromWho="3" sc="229,0,219,58,219,0,333,-58" /><INIT seed="1,1,0,0,2,87" ten="229,277,219,275" oya="1" hai0="77,113,41,121,20,70,50,29,56,24,21,3,68" hai1="62,130,34,19,111,124,5,8,58,110,33,71,22" hai2="27,39,25,122,32,36,64,89,35,61,43,82,107" hai3="101,76,95,123,106,105,83,31,2,88,125,120,117"/><U16/><E71/><V85/><F122/><N who="3" m="46635" /><G31/><T128/><D121/><U108/><E130/><V42/><F107/><N who="3" m="40971" /><G2/><T126/><D128/><U67/><E124/><V100/><F100/><W96/><G125/><T102/><D126/><U37/><E37/><V79/><F79/><W45/><G45/><T92/><D113/><U7/><E7/><V86/><F82/><W52/><G52/><T75/><D3/><U59/><E59/><V63/><REACH who="2" step="1"/><F64/><REACH who="2" ten="229,277,209,275" step="2"/><W97/><G117/><T112/><D77/><U4/><E4/><V69/><F69/><W84/><G101/><T9/><D102/><U116/><E116/><V55/><F55/><W17/><G17/><T129/><D129/><U28/><E28/><V54/><F54/><W99/><AGARI ba="1,1" hai="76,83,84,88,95,96,97,99" m="40971,46635" machi="99" ten="40,8000,1" yaku="34,2,52,1,54,1" doraHai="87" who="3" fromWho="3" sc="229,-21,277,-41,209,-21,275,93" /><INIT seed="2,0,0,2,1,30" ten="208,236,188,368" oya="2" hai0="28,45,74,115,114,7,58,78,79,16,23,67,3" hai1="24,122,33,71,63,32,103,119,19,51,42,91,12" hai2="35,50,9,105,54,10,83,8,101,6,27,107,38" hai3="39,93,60,81,113,96,90,25,57,75,100,132,117"/><V4/><F38/><W128/><G39/><T5/><D74/><U111/><E119/><V84/><F27/><W62/><G117/><T82/><D3/><U14/><E103/><V47/><F35/><W127/><G132/><T48/><D28/><U69/><E111/><V99/><REACH who="2" step="1"/><F107/><REACH who="2" ten="208,236,178,368" step="2"/><W46/><G25/><N who="0" m="14567" /><D115/><U85/><E122/><V88/><AGARI ba="0,1" hai="4,6,8,9,10,47,50,54,83,84,88,99,101,105" machi="88" ten="30,11700,0" yaku="1,1,0,1,54,1,53,1" doraHai="30" doraHaiUra="86" who="2" fromWho="2" sc="208,-39,236,-39,178,127,368,-39" /><INIT seed="2,1,0,3,4,7" ten="169,197,305,329" oya="2" hai0="75,129,112,77,34,43,64,22,0,38,9,56,32" hai1="47,82,25,130,76,81,107,128,69,50,118,79,73" hai2="19,36,24,15,78,31,8,52,3,14,17,51,86" hai3="131,135,100,21,2,13,37,126,1,53,109,111,123"/><V35/><F36/><W66/><G123/><T120/><D120/><U115/><E115/><V42/><F42/><W91/><G37/><T23/><D112/><U121/><E121/><V133/><F133/><W59/><G100/><T92/><D129/><U49/><E69/><V74/><F74/><W93/><G66/><T96/><D75/><U58/><E107/><V29/><F3/><W113/><G131/><T114/><D77/><U95/><E118/><V88/><F78/><W11/><G21/><N who="0" m="7691" /><D32/><U97/><E25/><V89/><F29/><W108/><G126/><T134/><D34/><U90/><E58/><V104/><F104/><W6/><G113/><T72/><D0/><U84/><REACH who="1" step="1"/><E50/><REACH who="1" ten="169,187,305,329" step="2"/><V132/><F132/><W105/><G105/><T5/><D134/><U99/><E99/><V71/><F71/><W127/><G135/><T27/><D114/><U16/><E16/><V122/><F122/><W44/><G127/><T65/><D27/><U117/><E117/><V116/><F116/><W68/><G68/><T18/><D18/><U60/><E60/><V63/><F63/><N who="3" m="36335" /><G44/><N who="0" m="23671" /><D56/><U48/><E48/><V61/><F61/><W67/><G67/><T119/><D119/><U70/><E70/><V98/><F98/><AGARI ba="1,1" hai="1,2,6,11,13,91,93,98,108,109,111" m="36335" machi="98" ten="30,2000,0" yaku="14,1,52,1" doraHai="7" who="3" fromWho="2" sc="169,0,187,0,305,-23,329,33" /><INIT seed="3,0,0,0,0,55" ten="169,187,282,362" oya="3" hai0="37,53,20,9,68,16,112,2,110,6,43,80,33" hai1="88,106,129,101,123,96,72,23,32,83,127,59,124" hai2="28,47,111,40,114,113,42,126,60,108,15,133,131" hai3="98,50,34,71,99,35,100,90,3,89,82,119,115"/><W12/><G3/><T70/><D33/><U44/><E32/><V26/><F131/><W74/><G71/><T27/><D110/><N who="2" m="42026" /><F133/><W94/><G115/><T39/><D112/><U122/><E129/><V102/><F126/><N who="1" m="48169" /><E44/><V65/><F102/><W11/><G119/><T56/><D80/><U64/><E23/><N who="2" m="15455" /><F15/><W49/><G100/><T17/><D17/><U25/><E25/><V128/><F42/><W76/><G12/><T7/><D7/><U109/><E109/><V48/><F128/><W62/><G74/><T1/><D1/><U22/><E22/><V97/><F97/><W61/><G35/><T21/><D21/><U125/><E125/><V107/><F107/><W14/><G34/><T66/><D43/><U116/><E116/><V8/><F8/><W51/><G99/><T31/><D31/><U0/><E0/><V95/><F95/><W79/><G98/><T75/><D75/><U73/><E73/><V78/><F78/><W41/><G41/><T81/><D81/><U29/><E29/><V57/><AGARI ba="0,0" hai="40,47,48,57,60,65,113,114" m="15455,42026" machi="57" ten="30,2000,0" yaku="14,1,52,1" doraHai="55" who="2" fromWho="2" sc="169,-5,187,-5,282,20,362,-10" owari="164,-33.6,182,-21.8,302,10.2,352,45.2" /></mjloggm>