<mjloggm ver="2.3"><GO type="225" lobby="0"/><UN n0="%E9%A6%AC%E5%BC%95%E7%81%AB%33" n1="%77%72%77%72%77%72%77%72" n2="%E6%98%93%E5%88%A9%E8%96%A9%E4%BC%AF" n3="%E3%82%AF%E3%82%A3%E3%82%A6" dan="16,17,17,16" rate="2122.99,2191.90,2108.64,2094.34" sx="M,M,F,M"/><TAIKYOKU oya="0"/><INIT seed="0,0,0,0,5,32" ten="250,250,250,250" oya="0" hai0="29,106,131,107,96,98,117,92,20,89,36,104,77" hai1="3,74,78,25,68,54,8,10,24,37,124,91,123" hai2="61,73,122,19,79,46,34,50,57,65,80,83,95" hai3="9,101,70,111,128,53,63,12,2,62,108,110,7"/><T105/><D117/><U43/><E123/><V121/><F34/><W42/><G128/><T60/><D36/><U129/><E68/><V109/><F109/><W30/><G30/><T116/><D116/><U22/><E129/><V84/><F95/><W55/><G42/><T26/><D131/><U66/><E124/><V4/><F4/><W120/><G120/><T112/><D112/><U56/><E66/><V69/><F69/><W16/><G101/><T13/><D77/><U81/><E91/><V125/><F125/><W18/><G18/><T33/><D60/><N who="3" m="23081" /><G70/><T11/><N who="0" m="26624" /><DORA hai="71" /><T75/><D75/><U126/><E126/><V47/><F47/><W103/><G103/><T85/><REACH who="0" step="1"/><D33/><REACH who="0" ten="240,250,250,250" step="2"/><U86/><E74/><V14/><F73/><W15/><G15/><T0/><D0/><U67/><E3/><V35/><F35/><W59/><G59/><T1/><D1/><U45/><E67/><V90/><F79/><W49/><G49/><T64/><D64/><U51/><REACH who="1" step="1"/><E25/><REACH who="1" ten="240,240,250,250" step="2"/><V94/><F122/><W76/><G76/><T58/><D58/><U6/><E6/><AGARI ba="0,2" hai="6,11,13,20,26,29,85,89,92,96,98" m="26624" machi="6" ten="70,12000,1" yaku="1,1,53,4" doraHai="32,71" doraHaiUra="102,52" who="0" fromWho="1" sc="240,140,240,-120,250,0,250,0" /><INIT seed="0,1,0,2,5,84" ten="380,120,250,250" oya="0" hai0="95,26,35,21,125,78,99,113,22,72,116,120,97" hai1="103,48,57,98,101,46,81,117,100,87,32,42,106" hai2="29,93,52,108,70,133,86,19,107,75,132,94,82" hai3="79,14,55,126,53,102,27,15,128,33,39,0,71"/><T12/><D113/><U68/><E117/><V20/><F70/><W8/><G39/><T44/><D116/><U49/><E68/><V122/><F107/><W92/><G71/><T130/><D120/><U76/><E32/><V77/><F108/><W83/><G126/><T124/><D130/><U59/><E106/><V67/><F67/><W118/><G118/><T109/><D35/><U123/><E123/><V41/><F41/><W18/><G128/><T31/><D109/><U25/><E25/><V43/><F43/><W5/><G102/><T7/><D44/><U96/><REACH who="1" step="1"/><E49/><REACH who="1" ten="380,110,250,250" step="2"/><V127/><F122/><W30/><G33/><T40/><D26/><U121/><E121/><V58/><F127/><W105/><G105/><T28/><D125/><U36/><E36/><V13/><F29/><W2/><G30/><T9/><D124/><U66/><E66/><V37/><F37/><W115/><G27/><T47/><D28/><U74/><E74/><V114/><F114/><W90/><G115/><T11/><D72/><U17/><E17/><V64/><F64/><W63/><G18/><T38/><D31/><U4/><E4/><V89/><REACH who="2" step="1"/><F93/><REACH who="2" ten="380,110,240,250" step="2"/><W110/><G92/><T61/><D95/><U65/><E65/><V111/><F111/><W112/><G110/><T88/><D38/><U119/><E119/><V80/><F80/><W56/><G112/><T69/><D69/><U6/><E6/><V85/><F85/><W34/><G83/><T10/><D7/><U91/><E91/><V54/><F54/><N who="3" m="34199" /><G90/><T50/><D88/><U104/><E104/><V24/><F24/><RYUUKYOKU ba="1,2" sc="380,-15,110,15,240,15,250,-15" hai1="42,46,48,57,59,76,81,87,96,98,100,101,103" hai2="13,19,20,52,58,75,77,82,86,89,94,132,133" /><INIT seed="1,2,2,3,3,103" ten="365,125,255,235" oya="1" hai0="84,1,11,17,73,102,112,19,51,4,36,128,71" hai1="124,86,104,105,67,16,89,75,6,61,42,114,78" hai2="101,99,95,24,76,110,15,97,45,79,48,119,7" hai3="58,30,31,38,123,65,82,132,92,72,21,107,121"/><U13/><E114/><V116/><F110/><W135/><G38/><T27/><D36/><U26/><E124/><V127/><F127/><W111/><G111/><T54/><D73/><U134/><E134/><N who="3" m="51242" /><G107/><T100/><D71/><U70/><E42/><V52/><F24/><W18/><G92/><T90/><D128/><U122/><E122/><N who="3" m="46602" /><G65/><T41/><D41/><U8/><E78/><V60/><F60/><W28/><G58/><T96/><D27/><U118/><E75/><V106/><F7/><W43/><G43/><T47/><D102/><U69/><E69/><V85/><F15/><N who="3" m="9439" /><G82/><T109/><D112/><U22/><E118/><V3/><F3/><W87/><G87/><T25/><D25/><U94/><AGARI ba="2,2" hai="6,8,13,16,22,26,61,67,70,86,89,94,104,105" machi="94" ten="20,12000,1" yaku="0,1,7,1,52,2,54,1" doraHai="103" who="1" fromWho="1" sc="365,-42,125,146,255,-42,235,-42" /><INIT seed="1,3,0,3,0,91" ten="323,271,213,193" oya="1" hai0="64,119,12,7,56,86,35,129,124,36,16,2,22" hai1="39,26,8,79,10,24,68,33,53,96,62,61,45" hai2="130,131,99,98,74,19,77,5,75,93,107,90,40" hai3="60,17,49,67,100,28,122,71,97,37,80,117,115"/><U32/><E79/><V46/><F5/><W66/><G115/><T104/><D119/><U133/><E133/><V58/><F58/><W84/><G122/><T108/><D104/><U51/><E39/><V123/><F19/><W65/><G37/><T25/><D36/><U23/><E26/><V81/><F123/><W105/><G117/><T83/><D108/><U3/><E3/><V85/><F46/><W15/><G28/><T63/><D129/><N who="2" m="49162" /><F40/><W11/><REACH who="3" step="1"/><G49/><REACH who="3" ten="323,271,213,183" step="2"/><T88/><D124/><U0/><E51/><V1/><F1/><W59/><G59/><T78/><D2/><U127/><E0/><V20/><F20/><W128/><G128/><T42/><D35/><U38/><E23/><V30/><F30/><W125/><G125/><T114/><D114/><U106/><E32/><V73/><F107/><W70/><G70/><T112/><D112/><U120/><E120/><V54/><F54/><W57/><G57/><T121/><D121/><U101/><E127/><V14/><F14/><W29/><G29/><T41/><D12/><U72/><E38/><V89/><F99/><W44/><G44/><T82/><D7/><U21/><E33/><V48/><F48/><W6/><G6/><T111/><D22/><U52/><E45/><V43/><F43/><W92/><G92/><AGARI ba="3,1" hai="73,74,75,77,81,85,89,90,92,93,98" m="49162" machi="92" ten="30,8000,1" yaku="19,1,34,2,52,2" doraHai="91" who="2" fromWho="3" sc="323,0,271,0,213,99,183,-89" /><INIT seed="2,0,0,0,5,48" ten="323,271,312,94" oya="2" hai0="55,135,89,107,40,45,116,103,56,77,27,19,58" hai1="57,126,5,110,85,124,28,29,51,113,65,36,128" hai2="82,97,133,6,41,132,7,23,9,102,127,108,115" hai3="129,54,33,131,83,24,118,75,59,117,11,86,105"/><V52/><F115/><W104/><G11/><T134/><D116/><N who="3" m="44649" /><G33/><T101/><D77/><U10/><E113/><V122/><F122/><W98/><G24/><T1/><D1/><U119/><E119/><V66/><F66/><W73/><G59/><N who="0" m="22571" /><D89/><U13/><E36/><V17/><F41/><W84/><G54/><T47/><D107/><N who="3" m="41033" /><G98/><T87/><D55/><U78/><E10/><V3/><F7/><W16/><G83/><T96/><D87/><U95/><E85/><V100/><F82/><W20/><G20/><N who="0" m="13727" /><D96/><U44/><E65/><V39/><F39/><W43/><G43/><T34/><D34/><U38/><E38/><V69/><F69/><W79/><G16/><T21/><D21/><U121/><E28/><V72/><F52/><W8/><G8/><T71/><D71/><U125/><E29/><V91/><F102/><W25/><G25/><T60/><D60/><U88/><E5/><V80/><F80/><W92/><G92/><T67/><D67/><U2/><E57/><V94/><F100/><W18/><G18/><T99/><D99/><U30/><E30/><V74/><F17/><W70/><G79/><T12/><D12/><U50/><E13/><V112/><F23/><W37/><G37/><N who="0" m="21647" /><D47/><U32/><E78/><V130/><F94/><W53/><G53/><T4/><D4/><U42/><E95/><V106/><F97/><W31/><G70/><T62/><D62/><U26/><E32/><V90/><F9/><W114/><G31/><T109/><D109/><U22/><E110/><V15/><F108/><W46/><G46/><T61/><D61/><RYUUKYOKU ba="0,0" sc="323,30,271,-10,312,-10,94,-10" hai0="101,103,134,135" /><INIT seed="3,1,0,5,0,117" ten="353,261,302,84" oya="3" hai0="84,21,63,10,12,80,96,69,90,26,83,109,39" hai1="68,45,100,116,104,2,3,8,1,61,106,29,108" hai2="56,127,128,70,134,133,43,131,71,111,119,50,73" hai3="91,112,76,78,35,41,103,54,81,121,79,49,93"/><W77/><G35/><T60/><D109/><U30/><E116/><V5/><F119/><W129/><G112/><T59/><D39/><U125/><E108/><V118/><F111/><W88/><G129/><N who="2" m="49737" /><F73/><N who="3" m="43151" /><G41/><T122/><D122/><U23/><E23/><V58/><F118/><W101/><G54/><T20/><D69/><N who="2" m="26122" /><F5/><W113/><G49/><T9/><D96/><U75/><E45/><N who="2" m="25919" /><F127/><W19/><G19/><N who="0" m="10343" /><D83/><U18/><E61/><N who="0" m="23625" /><D59/><AGARI ba="1,0" hai="56,58,59,133,134" m="25919,26122,49737" machi="59" ten="40,5200,0" yaku="19,1,34,2" doraHai="117" who="2" fromWho="0" sc="353,-55,261,0,302,55,84,0" owari="298,9.8,261,-13.9,357,45.7,84,-41.6" /></mjloggm>