<mjloggm ver="2.3"><GO type="225" lobby="0"/><UN n0="%E6%9C%88%E5%B3%B6%E5%9F%BA" n1="%E3%83%96%E3%83%83%E3%83%91%E3%82%AA%E3%83%96%E3%83%81%E3%82%AD%E3%83%B3" n2="%54%4F%52" n3="%72%61%6B%33" dan="17,16,16,16" rate="2204.25,2216.31,2161.17,2096.91" sx="M,M,M,M"/><TAIKYOKU oya="0"/><INIT seed="0,0,0,2,0,29" ten="250,250,250,250" oya="0" hai0="32,38,24,7,122,109,3,71,2,105,73,11,78" hai1="98,48,83,28,90,70,111,65,25,12,55,93,115" hai2="87,53,81,97,35,60,6,134,121,85,131,133,47" hai3="75,31,68,67,120,124,126,92,4,10,132,82,113"/><T39/><D122/><U89/><E111/><V86/><F121/><W54/><G120/><T0/><D109/><U76/><E115/><V135/><F131/><W50/><G113/><T37/><D105/><U26/><E70/><V107/><F6/><W15/><G132/><T84/><D84/><U30/><E65/><V43/><F35/><W36/><G36/><T45/><D71/><U46/><E90/><V117/><F117/><W57/><G92/><T18/><D18/><U16/><E28/><V8/><F8/><W5/><G5/><T77/><D77/><U91/><E91/><V118/><F118/><W102/><G102/><T61/><D61/><U1/><E1/><V80/><F53/><W23/><G75/><T123/><D45/><U58/><E30/><V14/><F14/><W22/><G82/><N who="0" m="45391" /><D123/><U106/><E46/><V88/><F60/><N who="3" m="40039" /><G31/><AGARI ba="0,0" hai="0,2,3,7,11,24,31,32,37,38,39" m="45391" machi="31" ten="30,5800,0" yaku="33,2,52,1" doraHai="29" who="0" fromWho="3" sc="250,58,250,0,250,0,250,-58" /><INIT seed="0,1,0,0,3,118" ten="308,250,250,192" oya="0" hai0="18,80,110,75,129,89,77,58,54,98,26,82,109" hai1="48,13,131,44,53,93,88,27,49,14,7,100,112" hai2="67,3,105,32,51,20,11,22,16,31,86,64,5" hai3="92,39,8,79,45,66,60,6,0,111,90,70,37"/><T52/><D129/><U104/><E131/><V83/><F105/><W68/><G111/><N who="0" m="42507" /><D58/><U1/><E112/><V24/><F51/><W47/><G70/><T102/><D82/><U125/><E125/><V97/><F97/><W116/><G116/><T135/><D89/><U59/><E104/><V101/><F101/><W103/><G103/><T71/><D71/><U87/><E100/><V40/><F40/><W42/><G79/><T124/><D135/><U56/><E56/><V127/><F22/><W35/><G35/><T113/><D113/><U108/><E108/><V46/><F46/><W10/><G10/><T123/><D123/><U33/><E1/><V134/><F127/><W126/><G126/><T84/><D84/><U15/><E33/><V30/><F134/><W50/><REACH who="3" step="1"/><G47/><REACH who="3" ten="308,250,250,182" step="2"/><T2/><D124/><U25/><REACH who="1" step="1"/><E7/><REACH who="1" ten="308,240,250,182" step="2"/><V34/><F34/><W91/><G91/><T96/><D102/><U38/><E38/><V94/><F32/><W57/><G57/><T81/><D2/><U120/><E120/><V114/><F114/><W65/><G65/><T61/><D77/><U62/><E62/><V132/><F132/><W43/><G43/><AGARI ba="1,2" hai="13,14,15,25,27,43,44,48,49,53,59,87,88,93" machi="43" ten="40,5200,0" yaku="1,1,8,1,54,1,53,0" doraHai="118" doraHaiUra="4" who="1" fromWho="3" sc="308,0,240,75,250,0,182,-55" /><INIT seed="1,0,0,5,4,64" ten="308,315,250,127" oya="1" hai0="105,86,39,109,8,76,18,40,54,114,43,29,57" hai1="102,53,89,111,19,21,65,66,134,30,95,20,80" hai2="113,49,84,119,44,59,3,28,71,81,27,99,72" hai3="17,98,132,67,82,58,133,79,55,131,1,112,108"/><U97/><E134/><V33/><F119/><W100/><G112/><T25/><D105/><U26/><E111/><V124/><F113/><W48/><G108/><T2/><D39/><U128/><E128/><V135/><F135/><N who="3" m="51787" /><G1/><T101/><D101/><U38/><E38/><V0/><F71/><W74/><G17/><T63/><D114/><U5/><E5/><V129/><F129/><W110/><G110/><T10/><D109/><U106/><E106/><V6/><F124/><W78/><G78/><T70/><D70/><U120/><E120/><V69/><F69/><W91/><G131/><T115/><D115/><U88/><E102/><V104/><F72/><W92/><G67/><T123/><D2/><U41/><E41/><N who="0" m="15945" /><D29/><U42/><E42/><V117/><F117/><W4/><G4/><T9/><D123/><U36/><E36/><V118/><F118/><W90/><AGARI ba="0,0" hai="48,55,58,74,79,82,90,91,92,98,100" m="51787" machi="90" ten="30,1100,0" yaku="20,1" doraHai="64" who="3" fromWho="3" sc="308,-3,315,-5,250,-3,127,11" /><INIT seed="2,0,0,3,1,116" ten="305,310,247,138" oya="2" hai0="88,47,122,108,5,33,53,68,90,79,102,125,12" hai1="134,115,69,97,129,43,110,120,98,104,63,93,82" hai2="83,29,24,44,46,87,60,3,57,28,55,10,7" hai3="36,64,1,75,76,17,127,132,41,16,62,37,133"/><V9/><F9/><W45/><G37/><T39/><D68/><U56/><E115/><V84/><F29/><W121/><G1/><T42/><D33/><U106/><E110/><V135/><F135/><N who="3" m="51787" /><G127/><T107/><D122/><U111/><E111/><V99/><F99/><W130/><G130/><T96/><D108/><U119/><E134/><V35/><REACH who="2" step="1"/><F87/><REACH who="2" ten="305,310,237,138" step="2"/><W72/><G121/><T34/><D96/><U95/><E98/><V50/><F50/><W49/><G49/><T19/><D39/><U20/><E97/><V92/><F92/><W58/><G76/><AGARI ba="0,1" hai="3,7,10,24,28,35,44,46,55,57,60,76,83,84" machi="76" ten="30,2900,0" yaku="1,1,7,1,53,0" doraHai="116" doraHaiUra="103" who="2" fromWho="3" sc="305,0,310,0,237,39,138,-29" /><INIT seed="2,1,0,5,3,3" ten="305,310,276,109" oya="2" hai0="93,73,108,22,9,67,95,47,55,127,8,109,24" hai1="119,20,83,41,99,76,2,120,98,96,40,61,71" hai2="91,124,57,113,117,70,16,39,19,48,54,35,25" hai3="46,5,105,29,34,33,12,110,112,122,80,49,43"/><V68/><F113/><W28/><G112/><T129/><D73/><U85/><E119/><V86/><F117/><W13/><G122/><T116/><D116/><U31/><E120/><V4/><F39/><W100/><G110/><N who="0" m="42603" /><D129/><U74/><E2/><V118/><F118/><W94/><G105/><T92/><D127/><U23/><E74/><V128/><F128/><W38/><G38/><T69/><D67/><U106/><E106/><V63/><F124/><W111/><G111/><T7/><D69/><U60/><E71/><V51/><F4/><W101/><G80/><T84/><D84/><U133/><E133/><V87/><F70/><W18/><G34/><T1/><D9/><U78/><E31/><V97/><F35/><W121/><G121/><T107/><D107/><U15/><E15/><V62/><F68/><W50/><G50/><N who="2" m="18985" /><F63/><N who="1" m="24137" /><E76/><V59/><F59/><W90/><G33/><T26/><D22/><AGARI ba="1,0" hai="20,22,23,40,41,78,83,85,96,98,99" m="24137" machi="22" ten="30,1000,0" yaku="8,1" doraHai="3" who="1" fromWho="0" sc="305,-13,310,13,276,0,109,0" /><INIT seed="3,0,0,4,1,98" ten="292,323,276,109" oya="3" hai0="48,122,6,51,61,105,47,116,100,132,77,93,66" hai1="46,59,111,42,9,4,133,128,30,126,130,8,13" hai2="112,31,89,119,108,65,109,91,87,17,49,81,22" hai3="76,34,32,97,63,110,37,75,0,18,101,33,56"/><W55/><G37/><T20/><D116/><U52/><E111/><N who="2" m="42571" /><F119/><W35/><G110/><T60/><D122/><U39/><E126/><V106/><F112/><W113/><N who="3" m="8192" /><DORA hai="78" /><W45/><G113/><T83/><D105/><U120/><E120/><V26/><F106/><W115/><G115/><T62/><D132/><U27/><E133/><V29/><F65/><W129/><G129/><N who="1" m="49770" /><E9/><V79/><F49/><W99/><G0/><T124/><D124/><U2/><E2/><V123/><F123/><W24/><G45/><T69/><D69/><U10/><E10/><V14/><F26/><W53/><G53/><T58/><D6/><U43/><E43/><V96/><F96/><W3/><G3/><T125/><D51/><N who="1" m="31135" /><E27/><V1/><F1/><W80/><REACH who="3" step="1"/><G101/><REACH who="3" ten="292,323,276,99" step="2"/><T36/><D36/><U134/><E134/><V25/><F31/><AGARI ba="0,1" hai="4,8,13,30,31,39,42,46" m="31135,49770" machi="31" ten="30,2000,0" yaku="19,1,54,1" doraHai="98,78" who="1" fromWho="2" sc="292,0,323,30,276,-20,99,0" owari="292,9.2,353,45.3,256,-14.4,99,-40.1" /></mjloggm>