<mjloggm ver="2.3"><GO type="225" lobby="0"/><UN n0="%E3%83%96%E3%83%83%E3%83%91%E3%82%AA%E3%83%96%E3%83%81%E3%82%AD%E3%83%B3" n1="%E3%83%A9%E3%83%BC%E3%83%A1%E3%83%B3%E4%BA%94%E9%83%8E" n2="%EF%BC%AE%EF%BC%A1%EF%BC%AF%33%33%39" n3="%E7%99%BD%E5%80%89%E5%AF%9B%E4%B9%8B" dan="16,16,16,16" rate="2159.39,2113.54,2126.47,2115.51" sx="M,M,M,M"/><TAIKYOKU oya="0"/><INIT seed="0,0,0,4,5,123" ten="250,250,250,250" oya="0" hai0="53,13,26,2,0,40,22,30,27,39,31,97,91" hai1="60,47,92,28,43,99,61,44,24,70,133,19,77" hai2="66,55,36,8,102,107,68,46,90,116,105,111,50" hai3="17,103,25,81,78,48,41,18,3,75,84,42,85"/><T94/><D13/><U129/><E133/><V62/><F102/><W33/><G3/><T23/><REACH who="0" step="1"/><D53/><REACH who="0" ten="240,250,250,250" step="2"/><U45/><E129/><V72/><F55/><W79/><G25/><T110/><D110/><U37/><E24/><V32/><F111/><W20/><G42/><T16/><D16/><U14/><E43/><V109/><F109/><W29/><G41/><T73/><D73/><U52/><E52/><V63/><F72/><W5/><G75/><T122/><D122/><U95/><E19/><V89/><F116/><W35/><G18/><T108/><D108/><U82/><E14/><V74/><F74/><W131/><G17/><T86/><D86/><U56/><E28/><V12/><F12/><W34/><G29/><T64/><D64/><U132/><E132/><V135/><F66/><W54/><G84/><T59/><D59/><U15/><E15/><V130/><F135/><W7/><G85/><T6/><D6/><U118/><E118/><V96/><F130/><W71/><G131/><T1/><D1/><U128/><E128/><V4/><F4/><W65/><G5/><T51/><D51/><U112/><E56/><V67/><F67/><W93/><G7/><T106/><D106/><U100/><E37/><V21/><F36/><W115/><G65/><T57/><D57/><U87/><E87/><V120/><F120/><W58/><G58/><T134/><D134/><U117/><E117/><V88/><F107/><W101/><G54/><T114/><D114/><U9/><E112/><V98/><F105/><W119/><G115/><T121/><D121/><U127/><E70/><RYUUKYOKU ba="0,1" sc="240,30,250,-10,250,-10,250,-10" hai0="0,2,22,23,26,27,30,31,39,40,91,94,97" /><INIT seed="0,1,1,3,2,102" ten="270,240,240,240" oya="0" hai0="72,94,46,56,101,11,110,62,78,111,97,61,79" hai1="41,116,112,2,44,36,34,35,89,37,5,121,66" hai2="4,99,83,76,50,91,77,25,92,69,126,64,100" hai3="53,103,85,115,65,125,7,43,17,16,84,68,40"/><T93/><D46/><U29/><E116/><V3/><F3/><W8/><G115/><T82/><D79/><U27/><E121/><V71/><F4/><W106/><G125/><T113/><D113/><U134/><E112/><V54/><F77/><W67/><G53/><T21/><D11/><N who="1" m="2487" /><E89/><V51/><F126/><W124/><G124/><T74/><D74/><U131/><E131/><V123/><F123/><W24/><G7/><T70/><D70/><U30/><E66/><V90/><F51/><W28/><G8/><T47/><D47/><U104/><E104/><V98/><F25/><W15/><G15/><T55/><D62/><U127/><E127/><V14/><F14/><W117/><G117/><T81/><D81/><U10/><E10/><V86/><F64/><W52/><G52/><T6/><D6/><U32/><E134/><V22/><F22/><W60/><G67/><T73/><D73/><U75/><E75/><V18/><F18/><N who="3" m="7275" /><G43/><T58/><D58/><U108/><E37/><V118/><F118/><W119/><G40/><T133/><D133/><U57/><E57/><V19/><F19/><W59/><G59/><T63/><D63/><U49/><E108/><N who="0" m="41513" /><D21/><N who="1" m="15599" /><E36/><V96/><F71/><W130/><G130/><T23/><D23/><U31/><E41/><V0/><F69/><W105/><G119/><T39/><D39/><U9/><E9/><V42/><F42/><W26/><G26/><T122/><D122/><U13/><E13/><V88/><F0/><W80/><G80/><T114/><D114/><U128/><E128/><V120/><F120/><W12/><G12/><RYUUKYOKU ba="1,1" sc="270,10,240,10,240,10,240,-30" hai0="55,56,61,72,78,82,93,94,97,101" hai1="30,31,32,34,35,44,49" hai2="50,54,76,83,86,88,90,91,92,96,98,99,100" /><INIT seed="0,2,1,2,5,18" ten="280,250,250,210" oya="0" hai0="125,77,15,69,8,0,27,127,81,22,74,45,134" hai1="48,7,35,83,106,101,79,30,66,116,124,129,37" hai2="121,12,29,92,9,85,107,51,76,91,82,58,63" hai3="93,11,41,70,43,61,59,16,75,57,128,73,135"/><T86/><D69/><U10/><E116/><V2/><F121/><W97/><G70/><T36/><D134/><U31/><E37/><V99/><F2/><W68/><G68/><T62/><D62/><U119/><E119/><V123/><F123/><W49/><G135/><T122/><D122/><U131/><E124/><N who="0" m="47689" /><D0/><U25/><E66/><V4/><F107/><W39/><G128/><N who="1" m="49226" /><E48/><V126/><F126/><W23/><G11/><T109/><D109/><U14/><E31/><V96/><F29/><W100/><G39/><T64/><D64/><U117/><E117/><V55/><REACH who="2" step="1"/><F63/><REACH who="2" ten="280,250,240,210" step="2"/><W115/><G115/><T118/><D118/><U71/><E106/><V130/><F130/><W98/><G73/><AGARI ba="2,2" hai="4,9,12,51,55,58,73,76,82,85,91,92,96,99" machi="73" ten="30,3900,0" yaku="1,1,7,1,53,1" doraHai="18" doraHaiUra="50" who="2" fromWho="3" sc="280,0,250,0,240,65,210,-45" /><INIT seed="1,0,0,4,2,67" ten="280,250,305,165" oya="1" hai0="23,14,48,71,44,130,114,32,81,61,66,40,79" hai1="18,34,21,58,76,19,119,64,110,133,63,15,104" hai2="54,135,24,29,82,69,98,129,78,47,37,127,45" hai3="105,113,51,22,121,101,118,30,6,73,39,131,97"/><U65/><E119/><V41/><F135/><W72/><G39/><T42/><D130/><U132/><E104/><V25/><F129/><W80/><G131/><T126/><D126/><U85/><E34/><V91/><F69/><W12/><G118/><T46/><D114/><U20/><E110/><V99/><F127/><W89/><G113/><T124/><D124/><U102/><E102/><V77/><F77/><W134/><G121/><T115/><D115/><U95/><E65/><V10/><F25/><W103/><G134/><T1/><D1/><U108/><E108/><V9/><F54/><W31/><G103/><T57/><D32/><U74/><E74/><V128/><F45/><W0/><G0/><T55/><D23/><U38/><E38/><V90/><F98/><W86/><G51/><N who="0" m="27031" /><D14/><U2/><E2/><V7/><F99/><W4/><G4/><T8/><D8/><U111/><E111/><V93/><F93/><W125/><G125/><T52/><D81/><N who="1" m="47271" /><E133/><V70/><F9/><W17/><REACH who="3" step="1"/><G6/><REACH who="3" ten="280,250,305,155" step="2"/><T84/><D79/><U16/><E132/><V112/><F78/><W75/><AGARI ba="0,1" hai="12,17,22,30,31,72,73,75,80,86,89,97,101,105" machi="75" ten="30,4000,0" yaku="1,1,2,1,0,1,53,0" doraHai="67" doraHaiUra="36" who="3" fromWho="3" sc="280,-10,250,-20,305,-10,155,50" /><INIT seed="2,0,0,3,0,38" ten="270,230,295,205" oya="2" hai0="23,124,125,103,47,48,5,43,114,91,4,33,71" hai1="100,31,57,101,42,107,3,56,134,105,60,6,72" hai2="18,132,110,35,44,97,66,92,49,76,67,121,73" hai3="21,111,135,63,81,130,52,102,77,78,39,128,36"/><V7/><F35/><W25/><G111/><T40/><D114/><U104/><E72/><V64/><F121/><W123/><G123/><T94/><D33/><U82/><E82/><V113/><F113/><W118/><G118/><T30/><D71/><U50/><E31/><V14/><F7/><W86/><G135/><T99/><D125/><U108/><E134/><V120/><F120/><W27/><G102/><T58/><D124/><U122/><E122/><V115/><F115/><W90/><G90/><T119/><D119/><U28/><E28/><V24/><F24/><W17/><G27/><N who="0" m="16767" /><D58/><U19/><E108/><V37/><F37/><W131/><REACH who="3" step="1"/><G77/><REACH who="3" ten="270,230,295,195" step="2"/><T98/><D103/><U80/><E100/><V62/><F110/><W51/><G51/><N who="0" m="27111" /><D99/><U106/><E101/><V55/><F132/><W85/><G85/><T15/><D91/><U133/><E133/><V45/><F76/><W84/><G84/><T53/><D98/><U9/><E104/><V69/><F97/><W20/><G20/><T22/><D48/><U13/><E105/><V26/><F49/><W1/><G1/><T70/><D22/><U2/><E2/><V93/><F26/><W74/><G74/><T10/><D94/><U46/><E106/><V41/><F73/><W65/><G65/><T29/><D15/><U32/><E107/><V54/><F92/><W8/><G8/><T83/><D10/><N who="1" m="6583" /><E32/><V109/><F93/><W127/><G127/><T95/><D95/><U75/><E60/><V12/><F62/><W129/><N who="3" m="32768" /><DORA hai="61" /><W34/><G34/><T88/><D88/><U87/><E75/><RYUUKYOKU ba="0,1" sc="270,-15,230,15,295,-15,195,15" hai1="3,6,9,42,46,50,56,57,80,87" hai3="17,21,25,36,39,52,63,78,81,86" /><INIT seed="3,1,1,0,5,106" ten="255,245,280,210" oya="3" hai0="8,83,110,80,32,64,121,122,93,129,85,5,45" hai1="90,25,54,26,46,98,101,47,6,76,67,1,2" hai2="44,124,34,38,105,96,115,23,117,112,33,50,18" hai3="72,20,125,118,58,75,116,103,63,28,91,66,99"/><W97/><G125/><T120/><D32/><U92/><E67/><V57/><F38/><W135/><G135/><T95/><D110/><U109/><E109/><V43/><F117/><W29/><G91/><T53/><D129/><U70/><E70/><V22/><F22/><W35/><G35/><T17/><D64/><U88/><E76/><V89/><F57/><W65/><G58/><T73/><D17/><U74/><E74/><V130/><F34/><W14/><G20/><T62/><D73/><U119/><E119/><V40/><F40/><W15/><REACH who="3" step="1"/><G63/><REACH who="3" ten="255,245,280,200" step="2"/><T133/><D62/><U126/><E126/><V132/><F33/><W61/><G61/><T16/><D133/><U84/><E90/><V3/><F132/><W100/><AGARI ba="1,2" hai="14,15,28,29,65,66,72,75,97,99,100,103,116,118" machi="100" ten="25,18000,2" yaku="1,1,0,1,22,2,52,2,53,0" doraHai="106" doraHaiUra="49" who="3" fromWho="3" sc="255,-61,245,-61,280,-61,200,203" owari="194,-20.6,184,-31.6,219,1.9,403,50.3" /></mjloggm>