<mjloggm ver="2.3"><GO type="225" lobby="0"/><UN n0="%E3%81%BF%E3%81%BF%E3%81%9A" n1="%E5%85%88%E7%89%A9%E3%81%AF%74%72%61%73%68" n2="%E3%83%81%E3%83%83%E3%82%BF%E3%82%BD%E3%83%BC" n3="%E5%85%83%E3%82%AB%E3%83%8E%E7%B3%BB%E3%83%92%E3%83%AD%E3%82%A4%E3%83%B3" dan="17,17,16,16" rate="2224.97,2129.53,2117.10,2181.64" sx="M,M,F,M"/><TAIKYOKU oya="0"/><INIT seed="0,0,0,3,4,45" ten="250,250,250,250" oya="0" hai0="115,56,119,95,10,102,106,122,52,40,75,129,64" hai1="135,70,17,57,9,104,49,4,108,46,31,2,8" hai2="87,12,123,114,36,62,28,29,103,111,68,14,6" hai3="50,39,90,16,97,41,51,74,15,120,53,107,20"/><T48/><D115/><U125/><E70/><V0/><F114/><W134/><G74/><T78/><D119/><U37/><E108/><V117/><F111/><W133/><G120/><T42/><D122/><U116/><E116/><V83/><F36/><W86/><G39/><T89/><D129/><U13/><E104/><V110/><F110/><W99/><G41/><T113/><D113/><U92/><E135/><N who="3" m="51722" /><G107/><T128/><D128/><U118/><E118/><V44/><F117/><W94/><G51/><T5/><D102/><U47/><E125/><V71/><F103/><W85/><G85/><T100/><D100/><U33/><E37/><V1/><F87/><W21/><G21/><T121/><D106/><U80/><E92/><V81/><F123/><W72/><G72/><T124/><D124/><U55/><REACH who="1" step="1"/><E80/><REACH who="1" ten="250,240,250,250" step="2"/><V38/><F38/><W105/><G105/><T132/><D121/><U26/><AGARI ba="0,1" hai="2,4,8,9,13,17,26,31,33,46,47,49,55,57" machi="26" ten="30,7900,0" yaku="1,1,2,1,0,1,52,1,53,0" doraHai="45" doraHaiUra="60" who="1" fromWho="1" sc="250,-39,240,89,250,-20,250,-20" /><INIT seed="1,0,0,4,4,90" ten="211,329,230,230" oya="1" hai0="44,91,102,51,38,35,105,12,61,88,13,54,68" hai1="66,112,81,125,98,52,64,130,34,36,42,93,114" hai2="84,113,33,100,133,67,11,47,101,89,1,123,49" hai3="39,4,22,20,134,25,107,119,104,28,126,85,16"/><U127/><E34/><V18/><F123/><W2/><G39/><T79/><D35/><U31/><E31/><V32/><F133/><W92/><G134/><T110/><D110/><U7/><E7/><V86/><F67/><W24/><G126/><N who="1" m="48138" /><E130/><V77/><F113/><N who="1" m="43625" /><E81/><N who="2" m="47151" /><F1/><W17/><G119/><T124/><D124/><U97/><E97/><V53/><F32/><W120/><G120/><T76/><D105/><U46/><E52/><N who="2" m="29759" /><F33/><W70/><G70/><T63/><D68/><U95/><E95/><N who="2" m="54711" /><F53/><W10/><G28/><T5/><D102/><AGARI ba="0,0" hai="36,42,46,64,66,93,98,102" m="43625,48138" machi="102" ten="30,2900,0" yaku="18,1,52,1" doraHai="90" who="1" fromWho="0" sc="211,-29,329,29,230,0,230,0" /><INIT seed="1,1,0,4,3,117" ten="182,358,230,230" oya="1" hai0="31,129,37,26,53,34,110,66,9,18,81,29,35" hai1="131,130,118,75,111,67,101,6,57,19,60,103,36" hai2="83,12,3,82,46,61,7,13,15,86,20,96,56" hai3="16,62,113,68,92,135,10,14,27,73,122,123,87"/><U48/><E118/><V63/><F3/><W105/><G105/><T49/><D37/><U125/><E36/><V24/><F46/><W17/><G73/><T95/><D110/><U76/><E6/><V107/><F7/><W65/><G113/><T11/><D129/><N who="1" m="49163" /><E125/><V71/><F71/><W44/><G135/><T70/><D81/><N who="1" m="45215" /><E111/><V21/><F96/><W28/><G17/><T32/><D95/><U126/><E126/><V108/><F107/><W22/><REACH who="3" step="1"/><G44/><REACH who="3" ten="182,358,230,220" step="2"/><T64/><D18/><U97/><E19/><N who="2" m="12319" /><F108/><W132/><G132/><T104/><D104/><U58/><E97/><V47/><F47/><W39/><G39/><T42/><D42/><U74/><E74/><V8/><F86/><W114/><G114/><T94/><D29/><U43/><E43/><V4/><F4/><W41/><G41/><T2/><D31/><U91/><E57/><V5/><F56/><W134/><G134/><T40/><D40/><U1/><E58/><V54/><F5/><W124/><G124/><T112/><D112/><U100/><E1/><V72/><F72/><W85/><G85/><T102/><D2/><U45/><E45/><V0/><F0/><W84/><G84/><T93/><D70/><U23/><E48/><V119/><F119/><W51/><G51/><T116/><D116/><U120/><E60/><V38/><F63/><W133/><G133/><T50/><D53/><U25/><E67/><V88/><F38/><W80/><G80/><T52/><D52/><U30/><E30/><V121/><F54/><W98/><G98/><T79/><D66/><U33/><E25/><RYUUKYOKU ba="1,1" sc="182,-10,358,-10,230,-10,220,30" hai3="10,14,16,22,27,28,62,65,68,87,92,122,123" /><INIT seed="2,2,1,4,3,36" ten="172,348,220,250" oya="2" hai0="5,12,106,99,69,129,112,78,18,70,74,109,66" hai1="23,26,81,27,96,72,47,111,33,25,90,135,8" hai2="75,0,84,41,114,57,73,16,83,32,122,59,13" hai3="31,58,34,130,61,11,133,44,95,3,42,9,29"/><V126/><F126/><W24/><G133/><T103/><D112/><U38/><E135/><V116/><F114/><W124/><G124/><T20/><D109/><U2/><E111/><V64/><F116/><W93/><G130/><T85/><D129/><U125/><E125/><V79/><F122/><W54/><G29/><T71/><D5/><N who="1" m="1079" /><E33/><V107/><F107/><W56/><G56/><T108/><D108/><U14/><E90/><V92/><F0/><W121/><G121/><T76/><D74/><U119/><E14/><V30/><F30/><W91/><G3/><T10/><D66/><U127/><E96/><V51/><F32/><W67/><G67/><T43/><D85/><U115/><E119/><V17/><F73/><W128/><G128/><T15/><REACH who="0" step="1"/><D43/><REACH who="0" ten="162,348,220,250" step="2"/><N who="1" m="23031" /><E115/><V131/><F131/><W21/><G34/><T89/><D89/><U49/><E127/><V52/><F41/><W101/><G101/><T104/><D104/><U37/><E37/><V123/><F123/><W68/><G91/><T113/><D113/><U60/><E49/><V28/><F84/><W86/><G86/><T19/><AGARI ba="2,2" hai="10,12,15,18,19,20,69,70,71,76,78,99,103,106" machi="19" ten="40,2700,0" yaku="1,1,0,1,53,0" doraHai="36" doraHaiUra="80" who="0" fromWho="0" sc="162,53,348,-9,220,-15,250,-9" /><INIT seed="3,0,0,4,2,44" ten="215,339,205,241" oya="3" hai0="6,119,85,90,26,11,125,7,54,35,58,57,31" hai1="27,123,100,97,104,87,43,1,130,53,13,34,68" hai2="66,0,39,71,98,81,61,33,74,23,12,80,132" hai3="24,45,64,129,18,4,113,92,134,118,128,99,79"/><W114/><G118/><T67/><D119/><U88/><E123/><V65/><F132/><W46/><G134/><T17/><D125/><U42/><E130/><N who="3" m="50282" /><G4/><T38/><D38/><U69/><E1/><V127/><F127/><W105/><G105/><T2/><D67/><U102/><E102/><V62/><F0/><W91/><G64/><T60/><D58/><U126/><E13/><V76/><F33/><W8/><G79/><T55/><D55/><U82/><E53/><V37/><F81/><W101/><G101/><T107/><D107/><U21/><E34/><V103/><F23/><N who="3" m="13431" /><G8/><T108/><D108/><U111/><E111/><V94/><REACH who="2" step="1"/><F12/><REACH who="2" ten="215,339,195,241" step="2"/><W10/><G10/><T89/><D7/><U73/><E82/><V48/><F48/><W52/><G113/><T121/><D121/><U112/><E21/><V75/><F75/><W36/><G114/><T19/><D89/><U110/><E88/><V30/><F30/><W124/><G124/><T9/><D11/><U70/><E112/><V41/><F41/><W56/><G36/><T49/><D49/><AGARI ba="0,1" hai="45,46,49,52,56,91,92,99" m="13431,50282" machi="49" ten="30,5800,0" yaku="19,1,52,1,54,1" doraHai="44" who="3" fromWho="0" sc="215,-58,339,0,195,0,241,68" /><INIT seed="3,1,0,5,0,50" ten="157,339,195,309" oya="3" hai0="133,0,9,124,82,38,111,7,52,99,115,31,84" hai1="125,80,79,102,21,98,59,90,11,112,89,13,91" hai2="18,41,83,5,78,56,116,48,107,19,121,67,26" hai3="53,118,24,44,77,37,6,88,1,73,131,72,117"/><W123/><G123/><T46/><D111/><U70/><E70/><V60/><F116/><W109/><G109/><T106/><D124/><U54/><E125/><V42/><F107/><W100/><G100/><T39/><D133/><U16/><E112/><V27/><F121/><W17/><G72/><T35/><D115/><U120/><E120/><V61/><F5/><W113/><G113/><T68/><D68/><U75/><E11/><V66/><F26/><W135/><G135/><T4/><D4/><U47/><E47/><V63/><F63/><W69/><G69/><T62/><D35/><U28/><E28/><V57/><F48/><W32/><G17/><T93/><D106/><U64/><E64/><V25/><F83/><N who="3" m="45487" /><G88/><T127/><D31/><U76/><E76/><AGARI ba="1,0" hai="18,19,25,27,41,42,56,57,60,61,66,67,76,78" machi="76" ten="25,3200,0" yaku="22,2,8,1" doraHai="50" who="2" fromWho="1" sc="157,0,339,-35,195,35,309,0" owari="157,-34.3,304,10.4,230,-17.0,309,40.9" /></mjloggm>