<mjloggm ver="2.3"><GO type="225" lobby="0"/><UN n0="%E3%82%AF%E3%82%A3%E3%82%A6" n1="%E3%81%90%E3%81%A1%E3%82%84%E3%81%BE" n2="%E6%98%93%E5%88%A9%E8%96%A9%E4%BC%AF" n3="%74%61%6B%65%2D%79%6F%75" dan="16,16,17,16" rate="2072.36,2146.94,2212.07,2118.26" sx="M,M,F,M"/><TAIKYOKU oya="0"/><INIT seed="0,0,0,2,2,79" ten="250,250,250,250" oya="0" hai0="95,49,23,114,74,7,117,39,78,70,62,91,12" hai1="113,115,55,77,90,51,48,102,130,104,34,21,101" hai2="96,116,33,133,16,43,82,40,108,3,25,20,126" hai3="97,72,134,99,19,2,103,35,83,105,18,22,45"/><T122/><D117/><U10/><E34/><V124/><F3/><W121/><G134/><T123/><D114/><N who="1" m="43531" /><E130/><V4/><F4/><W24/><G121/><T132/><D39/><U125/><E125/><N who="2" m="48235" /><F116/><W38/><G35/><T54/><D132/><U120/><E120/><V36/><F133/><W59/><G2/><T53/><D74/><U47/><E104/><V93/><F108/><W81/><G59/><N who="0" m="35191" /><D70/><U1/><E77/><V9/><F9/><W111/><G111/><T67/><D78/><U42/><E21/><V29/><F36/><W41/><G72/><T31/><D31/><U76/><E76/><V69/><F82/><W28/><REACH who="3" step="1"/><G97/><REACH who="3" ten="250,250,250,240" step="2"/><T32/><D32/><U57/><E90/><N who="2" m="55351" /><F69/><W66/><G66/><T84/><D67/><U50/><E50/><V56/><F56/><W61/><G61/><T17/><D7/><AGARI ba="0,1" hai="1,7,10,42,47,48,51,55,57,101,102" m="43531" machi="7" ten="30,1000,0" yaku="11,1" doraHai="79" who="1" fromWho="0" sc="250,-10,250,20,250,0,240,0" /><INIT seed="1,0,0,2,2,58" ten="240,270,250,240" oya="1" hai0="26,25,76,134,41,98,36,8,66,35,114,91,21" hai1="9,67,115,103,108,13,111,68,69,82,102,70,37" hai2="10,87,122,14,55,79,99,105,71,93,43,74,130" hai3="132,109,44,59,125,0,30,39,40,90,47,126,51"/><U116/><E115/><V95/><F122/><W29/><G109/><N who="1" m="42058" /><E116/><V129/><F43/><W60/><G0/><T61/><D114/><U6/><E37/><V97/><F71/><N who="1" m="27209" /><E82/><N who="2" m="45431" /><F55/><N who="3" m="33919" /><G90/><T42/><D134/><U18/><E6/><V53/><F53/><N who="3" m="29927" /><G132/><T110/><D110/><U117/><E117/><V38/><F38/><W24/><G24/><T11/><D36/><U77/><E77/><V89/><F95/><W46/><G47/><T45/><D76/><U52/><E52/><V104/><F99/><W107/><G107/><T78/><D78/><U80/><E80/><V118/><F118/><W124/><AGARI ba="0,0" hai="29,30,39,40,46,124,125,126" m="29927,33919" machi="124" ten="30,2000,0" yaku="18,1,52,1" doraHai="58" who="3" fromWho="3" sc="240,-5,270,-10,250,-5,240,20" /><INIT seed="2,0,0,2,3,135" ten="235,260,245,260" oya="2" hai0="30,99,114,22,26,102,95,59,84,49,75,39,6" hai1="0,117,7,83,106,24,69,80,134,115,1,110,73" hai2="130,82,31,68,122,51,53,91,32,79,65,123,70" hai3="132,3,66,124,5,14,15,97,13,47,41,92,104"/><V120/><F130/><W119/><G119/><T77/><D39/><U126/><RYUUKYOKU type="yao9" ba="0,0" sc="235,0,260,0,245,0,260,0" hai1="0,1,7,24,69,73,80,83,106,110,115,117,126,134" /><INIT seed="2,1,0,0,5,126" ten="235,260,245,260" oya="2" hai0="59,115,89,71,4,29,69,10,30,98,114,72,109" hai1="49,83,50,42,27,23,31,70,45,91,16,78,113" hai2="13,127,11,128,84,6,65,51,107,81,119,86,111" hai3="135,88,56,0,25,60,19,57,94,129,100,134,1"/><V43/><F119/><W28/><G100/><T35/><D59/><U121/><E113/><N who="0" m="43017" /><D89/><U32/><E70/><N who="0" m="26633" /><D98/><U77/><E121/><V21/><F107/><W92/><G56/><T104/><D104/><U41/><E91/><V54/><F127/><W5/><G94/><T38/><D38/><U34/><E31/><V9/><F65/><W110/><G28/><T105/><D105/><U93/><E93/><V103/><F103/><W99/><G92/><T7/><D109/><U122/><E122/><V37/><F37/><W133/><G88/><T24/><D29/><U40/><E78/><V118/><F111/><W58/><G99/><T124/><D4/><U12/><E27/><V33/><F33/><W55/><G5/><T8/><D8/><U80/><E80/><V61/><F118/><W125/><G25/><T123/><D123/><U76/><E76/><V48/><F84/><W39/><G39/><T53/><D53/><U22/><E22/><V79/><F21/><W47/><G110/><T132/><D132/><U52/><REACH who="1" step="1"/><E49/><REACH who="1" ten="235,250,245,260" step="2"/><V20/><F20/><W36/><G125/><T46/><D124/><U68/><E68/><V63/><F51/><W64/><G36/><T87/><D72/><AGARI ba="1,1" hai="12,16,23,32,34,40,41,42,45,50,52,72,77,83" machi="72" ten="40,8000,1" yaku="1,1,54,2,53,1" doraHai="126" doraHaiUra="106" who="1" fromWho="0" sc="235,-83,250,93,245,0,260,0" /><INIT seed="3,0,0,0,1,62" ten="152,343,245,260" oya="3" hai0="104,67,90,65,9,132,41,72,73,63,100,13,39" hai1="77,119,123,131,83,75,7,3,32,10,44,69,38" hai2="79,12,18,71,59,121,76,135,26,43,11,115,55" hai3="110,111,108,30,70,46,4,35,94,51,98,97,25"/><W8/><G70/><T127/><D90/><U22/><E123/><V61/><F115/><W36/><G36/><T107/><D39/><U14/><E32/><V124/><F121/><W96/><G94/><T2/><D41/><N who="1" m="22583" /><E131/><V134/><F124/><W37/><G37/><T92/><D2/><U126/><E126/><V95/><F43/><W21/><G35/><T19/><D127/><U113/><E113/><V133/><F71/><W47/><G51/><T57/><D132/><U112/><E112/><V56/><F95/><W45/><G98/><T102/><D92/><U16/><E69/><V89/><F89/><W82/><G82/><T118/><D118/><AGARI ba="0,0" hai="3,7,10,14,16,22,75,77,83,118,119" m="22583" machi="118" ten="30,2000,0" yaku="25,1,54,1" doraHai="62" who="1" fromWho="0" sc="152,-20,343,20,245,0,260,0" owari="132,-36.8,363,46.3,245,-15.5,260,6.0" /></mjloggm>