<mjloggm ver="2.3"><GO type="225" lobby="0"/><UN n0="%E5%91%A8%E6%9D%B1" n1="%E6%9C%88%E5%B3%B6%E5%9F%BA" n2="%E6%B4%BE%E9%81%A3%E3%81%AE%E3%82%B8%E3%83%A3%E3%83%83%E3%82%AF" n3="%E3%80%93%E3%81%97%E3%83%BC%E3%82%89%E3%80%93" dan="17,16,17,16" rate="2186.40,2067.90,2188.54,2228.43" sx="M,M,M,M"/><TAIKYOKU oya="0"/><INIT seed="0,0,0,1,0,20" ten="250,250,250,250" oya="0" hai0="28,130,117,89,57,69,103,101,77,5,91,124,13" hai1="123,16,61,76,125,60,8,66,10,58,73,121,97" hai2="104,94,27,38,135,31,81,29,21,33,93,116,59" hai3="114,115,129,95,37,32,85,52,88,18,75,9,122"/><T39/><D117/><U99/><E125/><V1/><F104/><W71/><G71/><T53/><D69/><U47/><E73/><V118/><F38/><W67/><G67/><T90/><D124/><U40/><E76/><V128/><F1/><W98/><G37/><T12/><D39/><U11/><E61/><V110/><F110/><W51/><G75/><T92/><D130/><U120/><REACH who="1" step="1"/><E16/><REACH who="1" ten="250,240,250,250" step="2"/><V109/><F128/><W131/><G131/><T82/><D5/><U72/><E72/><V134/><F109/><W30/><G129/><T64/><D64/><U36/><AGARI ba="0,1" hai="8,10,11,36,40,47,58,60,66,97,99,120,121,123" machi="36" ten="40,2700,0" yaku="1,1,0,1,53,0" doraHai="20" doraHaiUra="14" who="1" fromWho="1" sc="250,-13,240,37,250,-7,250,-7" /><INIT seed="1,0,0,1,3,103" ten="237,277,243,243" oya="1" hai0="39,131,115,3,41,70,111,1,16,64,20,120,25" hai1="49,53,33,129,134,9,45,66,15,81,50,87,118" hai2="77,2,99,82,101,100,130,80,102,22,75,7,78" hai3="18,95,113,84,71,8,86,112,79,10,96,58,116"/><U68/><E118/><V21/><F130/><W73/><G71/><T4/><D70/><U133/><E33/><V63/><F63/><W48/><G116/><T106/><D64/><U62/><E50/><V97/><F7/><W119/><G73/><T32/><D41/><U46/><E46/><V38/><F2/><W43/><G119/><T44/><D44/><U83/><E129/><V109/><F38/><W35/><G35/><T40/><D40/><U42/><E53/><V30/><F109/><W47/><G58/><T126/><D39/><U90/><REACH who="1" step="1"/><E83/><REACH who="1" ten="237,267,243,243" step="2"/><V37/><F37/><W67/><G48/><T55/><D131/><U26/><E26/><V76/><F75/><W88/><G47/><T29/><D55/><U5/><AGARI ba="0,1" hai="5,9,15,42,45,49,62,66,68,81,87,90,133,134" machi="5" ten="30,3000,0" yaku="1,1,0,1,53,0" doraHai="103" doraHaiUra="24" who="1" fromWho="1" sc="237,-10,267,40,243,-10,243,-10" /><INIT seed="1,1,0,2,5,102" ten="227,307,233,233" oya="1" hai0="117,57,49,79,3,115,1,39,6,51,48,56,53" hai1="31,124,28,54,113,131,118,81,106,18,29,89,96" hai2="129,2,121,46,27,135,88,71,70,17,116,108,62" hai3="47,66,119,25,120,35,91,107,0,85,11,134,24"/><U122/><E113/><V36/><F121/><W99/><G120/><T59/><D115/><U43/><E122/><V44/><F116/><W82/><G119/><T93/><D117/><U132/><E118/><V60/><F2/><W69/><G134/><T128/><D79/><U5/><E132/><V23/><F135/><W133/><G133/><T55/><D39/><U9/><E124/><V14/><F108/><W125/><G47/><T33/><D33/><U52/><E131/><V103/><F103/><W127/><G11/><T32/><D32/><U105/><E43/><V73/><F73/><W94/><G0/><N who="0" m="75" /><D93/><U83/><E5/><V86/><F129/><W40/><G40/><T126/><D128/><U19/><E96/><V13/><F70/><W20/><G35/><T100/><D100/><U8/><E31/><V74/><F74/><W76/><G107/><T112/><D6/><U84/><E89/><V95/><F71/><W65/><G25/><T92/><D92/><U111/><E84/><V130/><F130/><W63/><REACH who="3" step="1"/><G66/><REACH who="3" ten="227,307,233,223" step="2"/><T30/><D112/><U10/><E9/><V7/><F36/><W58/><G58/><T101/><D126/><U22/><E22/><V77/><F44/><W67/><G67/><T109/><D109/><AGARI ba="1,1" hai="8,10,18,19,28,29,52,54,81,83,105,106,109,111" machi="109" ten="25,12000,1" yaku="22,2,52,2,54,1" doraHai="102" who="1" fromWho="0" sc="227,-123,307,133,233,0,223,0" /><INIT seed="1,2,0,4,3,23" ten="104,440,233,223" oya="1" hai0="44,113,127,1,60,64,3,115,104,25,16,20,42" hai1="74,117,125,4,7,78,37,19,129,85,72,5,135" hai2="120,83,70,130,55,121,26,17,15,38,41,30,33" hai3="61,56,132,128,63,126,108,29,18,34,122,79,98"/><U97/><E117/><V51/><F70/><W27/><G122/><T81/><D104/><U111/><E37/><V14/><F130/><W52/><G128/><T57/><D127/><U103/><E125/><V45/><F83/><W22/><G126/><T77/><D115/><U102/><E135/><V8/><REACH who="2" step="1"/><F15/><REACH who="2" ten="104,440,223,223" step="2"/><W123/><G132/><T31/><D113/><U112/><E112/><V6/><F6/><W100/><G123/><T35/><D81/><U86/><E129/><V0/><F0/><W118/><G118/><T59/><D77/><U110/><E78/><V71/><F71/><W107/><G79/><T47/><D59/><AGARI ba="2,1" hai="8,14,17,26,30,33,38,41,45,51,55,59,120,121" machi="59" ten="30,3900,0" yaku="1,1,7,1,52,1,53,0" doraHai="23" doraHaiUra="84" who="2" fromWho="0" sc="104,-45,440,0,223,55,223,0" /><INIT seed="2,0,0,2,0,19" ten="59,440,278,223" oya="2" hai0="2,58,48,84,5,132,129,65,101,109,97,77,20" hai1="9,131,113,122,3,75,13,95,46,112,32,22,103" hai2="31,37,47,23,128,54,27,25,120,76,117,125,79" hai3="78,24,15,34,41,123,40,116,135,71,14,6,80"/><V69/><F117/><W104/><G104/><T45/><D109/><U39/><E32/><V62/><F120/><W56/><G71/><T111/><D111/><U1/><E75/><V91/><F125/><W108/><G108/><T8/><D129/><U26/><E131/><V52/><F128/><W12/><G123/><T106/><D132/><U49/><E39/><V124/><F124/><W127/><G6/><T115/><D115/><U86/><E122/><V42/><F91/><W4/><G4/><T51/><D77/><U89/><E103/><V73/><F76/><W33/><G127/><T118/><D84/><U105/><E105/><V63/><F27/><W67/><G135/><T44/><D118/><U36/><E36/><V60/><REACH who="2" step="1"/><F69/><REACH who="2" ten="59,440,268,223" step="2"/><W93/><G116/><T99/><D101/><U28/><E112/><V16/><F16/><W92/><G24/><T83/><D5/><U119/><E113/><V11/><F11/><W110/><G110/><T68/><D8/><U100/><E119/><V30/><F30/><W98/><G78/><T134/><D68/><U102/><E102/><V121/><F121/><W35/><G35/><T55/><D134/><U66/><E100/><V70/><F70/><W114/><G34/><T85/><D106/><U7/><E28/><V72/><F72/><W64/><G33/><T57/><D2/><U88/><E3/><V107/><F107/><W18/><G114/><T21/><D21/><U74/><E74/><V10/><F10/><W96/><G18/><T133/><D20/><U53/><E22/><V17/><F17/><W61/><G14/><RYUUKYOKU ba="0,1" sc="59,-10,440,-10,268,30,223,-10" hai2="23,25,31,37,42,47,52,54,60,62,63,73,79" /><INIT seed="2,1,1,4,4,97" ten="49,430,298,213" oya="2" hai0="21,118,100,79,54,17,18,130,20,39,104,102,57" hai1="116,60,94,92,101,7,35,32,34,74,50,95,10" hai2="123,83,122,82,49,4,19,28,70,47,66,103,112" hai3="43,126,56,51,6,87,90,26,48,119,129,125,11"/><V5/><F112/><W71/><G71/><T36/><D104/><U38/><E38/><V46/><F28/><W85/><G119/><T80/><D118/><U69/><E74/><V42/><F19/><W76/><G129/><T68/><D68/><U45/><E116/><V120/><F47/><W133/><G133/><T73/><D130/><U59/><E69/><V72/><F72/><W135/><G135/><T29/><D29/><U127/><E127/><V117/><F117/><W67/><G26/><T114/><D114/><U55/><E101/><V98/><F82/><N who="3" m="47303" /><G67/><T134/><D134/><U3/><REACH who="1" step="1"/><E35/><REACH who="1" ten="49,420,298,213" step="2"/><V53/><F70/><W15/><G125/><T106/><D39/><U77/><E77/><V9/><F122/><W44/><G126/><T64/><D36/><U30/><E30/><V1/><F123/><W14/><G90/><T52/><D106/><U41/><AGARI ba="1,2" hai="3,7,10,32,34,41,45,50,55,59,60,92,94,95" machi="41" ten="30,2000,0" yaku="1,1,0,1,53,0" doraHai="97" doraHaiUra="65" who="1" fromWho="1" sc="49,-6,420,43,298,-11,213,-6" /><INIT seed="3,0,0,2,2,90" ten="43,463,287,207" oya="3" hai0="50,132,43,62,126,95,105,80,83,112,118,87,78" hai1="121,1,99,11,75,85,109,39,88,22,3,73,70" hai2="17,30,131,8,46,0,40,68,19,27,37,65,98" hai3="96,103,61,49,32,100,51,25,29,119,115,134,93"/><W7/><G115/><T111/><D118/><U135/><E70/><V44/><F131/><W60/><G119/><T54/><D112/><U36/><E121/><V81/><F81/><W67/><G134/><T127/><D105/><U79/><E79/><V10/><F44/><W2/><G61/><T125/><D132/><U72/><E99/><V57/><F68/><W102/><G7/><T104/><D104/><U47/><E109/><V23/><F98/><W117/><G2/><T130/><D111/><U41/><E135/><V4/><F8/><W20/><G32/><T16/><D130/><U18/><E11/><V82/><F82/><W133/><G117/><T64/><D43/><U66/><E39/><V123/><F123/><W15/><G15/><T113/><D83/><U114/><E66/><V31/><F31/><W97/><G133/><T122/><D122/><U116/><E114/><V6/><F6/><W13/><G13/><T107/><D107/><U56/><E116/><V34/><F34/><W24/><G24/><T59/><D113/><U33/><E33/><V91/><F91/><W12/><G12/><T58/><REACH who="0" step="1"/><D16/><REACH who="0" ten="33,463,287,207" step="2"/><U76/><E18/><V110/><F110/><W21/><G103/><T128/><D128/><U5/><E5/><V84/><F4/><W53/><G102/><T63/><D63/><U28/><E3/><V55/><F0/><W77/><G60/><T26/><D26/><U14/><E1/><V106/><F27/><N who="3" m="16615" /><G100/><T71/><D71/><U45/><E14/><V92/><F10/><W48/><G25/><T108/><D108/><U129/><E129/><RYUUKYOKU ba="0,1" sc="33,30,463,-10,287,-10,207,-10" hai0="50,54,58,59,62,64,78,80,87,95,125,126,127" owari="63,-43.7,463,56.3,277,7.7,197,-20.3" /></mjloggm>