<mjloggm ver="2.3"><GO type="225" lobby="0"/><UN n0="%E3%83%B4%E3%83%A0%EF%BC%99%E3%81%A6" n1="%72%69%6F%75%63%68%61%6E" n2="%E7%8D%85%E5%AD%90%E5%BA%A7%E3%81%8B%E3%81%A3%E3%81%B4%E3%83%BC" n3="%72%61%6B%33" dan="17,16,16,16" rate="2169.10,2122.33,2147.80,2131.60" sx="M,M,M,M"/><TAIKYOKU oya="0"/><INIT seed="0,0,0,1,0,97" ten="250,250,250,250" oya="0" hai0="81,59,106,15,109,7,52,63,37,44,60,126,5" hai1="3,22,49,128,86,40,24,92,8,123,14,108,127" hai2="0,117,99,13,101,73,76,29,112,95,46,78,21" hai3="68,85,124,62,130,34,18,57,48,104,35,53,19"/><T133/><D133/><U66/><E108/><V131/><F112/><W121/><G124/><T58/><D126/><U56/><E128/><V119/><F0/><W25/><G130/><T28/><D109/><U36/><E127/><V132/><F131/><W67/><G121/><T82/><D106/><U118/><E118/><N who="2" m="45067" /><F132/><W11/><G104/><T102/><D28/><U79/><E123/><V10/><F73/><W71/><G71/><T41/><D102/><U64/><E36/><V45/><F21/><W111/><G111/><T42/><D42/><U54/><E3/><V17/><F29/><W125/><G125/><T1/><D1/><U55/><E40/><V69/><F69/><W47/><G11/><T39/><D39/><U129/><E129/><V120/><F120/><W61/><G85/><T115/><D115/><U103/><E54/><V113/><F113/><W116/><G116/><T122/><D122/><U16/><E79/><AGARI ba="0,0" hai="10,13,17,45,46,76,78,79,95,99,101" m="45067" machi="79" ten="30,2000,0" yaku="12,1,52,1" doraHai="97" who="2" fromWho="1" sc="250,0,250,-20,250,20,250,0" /><INIT seed="1,0,0,5,0,91" ten="250,230,270,250" oya="1" hai0="30,22,4,45,116,63,128,20,96,87,61,7,42" hai1="31,113,124,53,10,48,1,106,101,82,43,40,16" hai2="123,50,0,33,104,90,27,60,35,122,105,26,68" hai3="5,29,76,84,65,15,25,24,73,46,126,93,86"/><U39/><E113/><V103/><F90/><N who="3" m="53447" /><G73/><T110/><D116/><U80/><E124/><V28/><F50/><W21/><G126/><T12/><D110/><U121/><E121/><V37/><F37/><W8/><G65/><T92/><D87/><U94/><E106/><V11/><F27/><N who="3" m="16623" /><G46/><T85/><D85/><U67/><E31/><V74/><F35/><W32/><G32/><T125/><D128/><U120/><E120/><V100/><F74/><W41/><G41/><N who="1" m="15946" /><E1/><V64/><F100/><W54/><G54/><T77/><D125/><U49/><E67/><V133/><F133/><W115/><G115/><T69/><D69/><U118/><E118/><V70/><F70/><W57/><G57/><T98/><D30/><U3/><E3/><V18/><F18/><W108/><G108/><T71/><D42/><U127/><E39/><V23/><F23/><W66/><G66/><T44/><D71/><U89/><E101/><V17/><F17/><W55/><G55/><T6/><D45/><N who="1" m="27791" /><E49/><V34/><F34/><W88/><G76/><T51/><D77/><U2/><E127/><V58/><F58/><W135/><G135/><T109/><D109/><U114/><E114/><V107/><REACH who="2" step="1"/><F103/><REACH who="2" ten="250,230,260,250" step="2"/><W79/><G79/><T112/><D112/><U129/><E129/><V102/><F102/><W132/><G132/><T134/><D134/><U83/><E16/><V14/><F14/><W52/><G52/><T111/><D12/><U97/><E2/><V56/><F56/><W59/><G59/><T95/><D111/><U47/><E47/><V36/><F36/><W78/><G78/><RYUUKYOKU ba="0,1" sc="250,-30,230,10,260,10,250,10" hai1="10,80,82,83,89,94,97" hai2="0,11,26,28,33,60,64,68,104,105,107,122,123" hai3="5,8,15,24,25,86,88" /><INIT seed="1,1,1,1,5,31" ten="220,240,270,260" oya="1" hai0="38,84,73,59,92,30,95,34,79,53,58,121,87" hai1="35,51,14,104,55,116,74,19,65,111,46,11,135" hai2="70,81,91,1,50,102,133,24,61,49,132,117,60" hai3="99,68,54,131,56,26,110,23,96,57,80,88,66"/><U122/><E135/><N who="2" m="51787" /><F117/><W48/><G110/><T97/><D38/><U114/><E114/><V103/><F1/><W29/><G131/><T89/><D121/><U13/><E122/><V94/><F81/><W82/><G68/><T77/><D73/><U106/><E116/><V109/><F109/><W134/><G134/><T64/><D64/><U63/><E111/><V112/><F112/><W27/><G27/><T15/><D15/><U43/><E74/><V78/><F78/><W5/><G5/><T107/><D107/><U16/><E35/><V67/><F60/><N who="3" m="38151" /><G82/><T123/><D123/><U32/><E32/><V125/><F125/><W28/><G28/><T86/><D92/><U71/><REACH who="1" step="1"/><E43/><REACH who="1" ten="220,230,270,260" step="2"/><V105/><F105/><W93/><G80/><T22/><D34/><U47/><E47/><V0/><F0/><W128/><G128/><T2/><D2/><U118/><E118/><V52/><F49/><W7/><G7/><T39/><D39/><U41/><E41/><V119/><F119/><W113/><G113/><T4/><D4/><U83/><E83/><V108/><F108/><W129/><G129/><T127/><D127/><U10/><AGARI ba="1,2" hai="10,11,13,14,16,19,46,51,55,63,65,71,104,106" machi="10" ten="20,18000,2" yaku="1,1,0,1,7,1,9,1,54,1,53,2" doraHai="31" doraHaiUra="6" who="1" fromWho="1" sc="220,-61,230,203,270,-61,260,-61" /><INIT seed="1,2,0,4,5,11" ten="159,433,209,199" oya="1" hai0="19,121,112,60,4,65,25,40,95,22,98,20,1" hai1="118,125,3,42,92,116,115,31,80,21,10,79,57" hai2="75,30,32,85,28,15,52,23,51,24,41,110,8" hai3="36,126,124,5,62,72,127,26,73,108,46,122,114"/><U133/><E115/><V44/><F75/><W2/><G114/><T74/><D112/><U66/><E125/><V53/><F110/><W18/><G108/><T109/><D109/><U27/><E133/><V113/><F113/><W45/><G122/><T43/><D74/><N who="3" m="28777" /><G36/><T107/><D107/><U7/><E42/><V59/><F32/><W34/><G62/><T33/><D33/><U94/><E80/><V106/><F106/><W0/><G18/><T96/><D121/><U63/><REACH who="1" step="1"/><E79/><REACH who="1" ten="159,423,209,199" step="2"/><V128/><F128/><W132/><G132/><T55/><D40/><U76/><E76/><V102/><F102/><W37/><G127/><T9/><D43/><U130/><E130/><V88/><F30/><W101/><G101/><T91/><D55/><U61/><E61/><V69/><F69/><W117/><G126/><T104/><D60/><U105/><E105/><V103/><F103/><W89/><G124/><T78/><D78/><U120/><E120/><V29/><F29/><W82/><G82/><T134/><D134/><U86/><E86/><V81/><REACH who="2" step="1"/><F59/><REACH who="2" ten="159,423,199,199" step="2"/><W87/><G117/><AGARI ba="2,2" hai="3,7,10,21,27,31,57,63,66,92,94,116,117,118" machi="117" ten="40,2000,0" yaku="1,1,53,0" doraHai="11" doraHaiUra="99" who="1" fromWho="3" sc="159,0,423,46,199,0,199,-26" /><INIT seed="1,3,0,0,4,38" ten="159,469,199,173" oya="1" hai0="33,57,44,42,105,49,118,96,7,6,115,112,133" hai1="125,55,40,0,27,130,90,110,31,10,60,132,1" hai2="123,85,129,80,127,111,30,88,41,2,72,78,95" hai3="83,120,43,93,14,39,102,9,4,69,99,37,75"/><U87/><E125/><V81/><F2/><W89/><G120/><T97/><D118/><U8/><E130/><V126/><F30/><W20/><G69/><T86/><D33/><U94/><E132/><V47/><F123/><W121/><G121/><T67/><D133/><U114/><E114/><V16/><F129/><W108/><G108/><T91/><D112/><U51/><E110/><V128/><F128/><W101/><G20/><T117/><D117/><U50/><E0/><V100/><F111/><W48/><G48/><T109/><D109/><U134/><E134/><V79/><F100/><W107/><G102/><T23/><D23/><U59/><E1/><V82/><F16/><W135/><G43/><T17/><D17/><U46/><REACH who="1" step="1"/><E60/><REACH who="1" ten="159,459,199,173" step="2"/><V68/><F68/><W11/><G135/><T25/><D115/><U66/><E66/><V29/><F29/><W45/><G9/><T34/><D67/><U52/><E52/><V15/><F15/><W103/><G11/><T76/><D25/><U26/><E26/><V73/><REACH who="2" step="1"/><F80/><REACH who="2" ten="159,459,189,173" step="2"/><W77/><G14/><T22/><D34/><AGARI ba="3,2" hai="8,10,27,31,34,40,46,50,51,55,59,87,90,94" machi="34" ten="30,5800,0" yaku="1,1,7,1,52,1,53,0" doraHai="38" doraHaiUra="113" who="1" fromWho="0" sc="159,-67,459,87,189,0,173,0" /><INIT seed="1,4,0,1,5,56" ten="92,546,189,173" oya="1" hai0="77,35,89,26,42,129,88,101,9,94,69,38,100" hai1="49,48,128,130,107,34,63,8,61,132,118,113,85" hai2="109,99,119,80,72,19,105,20,122,21,46,14,90" hai3="44,54,125,110,84,124,62,33,5,93,111,31,10"/><U64/><E34/><V96/><F119/><W65/><G31/><T86/><D129/><N who="1" m="49771" /><E107/><V74/><F122/><W73/><G73/><T98/><D69/><N who="1" m="42127" /><E113/><V7/><F109/><W23/><G23/><T82/><D9/><U92/><E118/><V45/><F7/><W103/><G33/><T134/><D134/><U52/><E8/><V66/><F66/><W40/><G54/><T16/><D35/><U70/><E132/><V36/><F36/><W115/><G115/><T78/><D38/><U47/><E48/><V41/><F105/><W53/><G10/><T39/><D39/><U51/><E49/><N who="2" m="26799" /><F72/><W24/><G111/><T71/><D42/><U32/><E32/><V3/><F3/><W58/><G40/><T4/><D4/><U126/><E126/><V30/><F74/><W55/><G5/><T0/><D0/><U87/><E92/><V106/><F106/><W60/><G124/><T83/><D71/><U1/><E1/><V102/><F46/><W121/><G44/><T116/><D116/><U25/><E25/><N who="2" m="16679" /><F102/><W37/><G103/><T131/><D131/><U114/><E114/><V135/><F135/><W68/><G125/><T6/><D6/><U13/><E13/><V117/><F117/><W15/><G15/><T28/><D101/><U27/><E27/><V2/><F2/><W120/><G24/><T127/><D127/><U67/><AGARI ba="4,0" hai="47,51,52,63,67,70,85,87" m="42127,49771" machi="67" ten="30,11700,0" yaku="19,1,52,2,54,1" doraHai="56" who="1" fromWho="1" sc="92,-43,546,129,189,-43,173,-43" /><INIT seed="1,5,0,3,5,82" ten="49,675,146,130" oya="1" hai0="105,7,115,45,81,102,96,52,54,31,88,56,49" hai1="91,89,117,18,135,67,60,78,98,75,133,84,29" hai2="4,28,19,16,10,93,48,20,108,110,85,99,114" hai3="107,70,68,112,1,120,71,100,22,34,59,43,64"/><U32/><E117/><V116/><F116/><W131/><G22/><T63/><D115/><U80/><E18/><V13/><F48/><W121/><G1/><T106/><D7/><U134/><E98/><V40/><F40/><W14/><G34/><T126/><D126/><U58/><REACH who="1" step="1"/><E75/><REACH who="1" ten="49,665,146,130" step="2"/><V24/><F114/><W41/><G112/><T25/><D105/><U61/><E61/><V44/><F110/><W113/><G107/><T39/><D39/><U92/><E92/><V53/><F108/><W42/><G113/><T119/><D119/><U118/><E118/><V122/><F122/><W33/><G121/><T30/><REACH who="0" step="1"/><D25/><AGARI ba="5,1" hai="25,29,32,58,60,67,78,80,84,89,91,133,134,135" machi="25" ten="40,7700,0" yaku="1,1,20,1,52,1,53,0" doraHai="82" doraHaiUra="6" who="1" fromWho="0" sc="49,-92,665,102,146,0,130,0" owari="-43,-54.3,767,86.7,146,-5.4,130,-27.0" /></mjloggm>