<mjloggm ver="2.3"><GO type="225" lobby="0"/><UN n0="%E3%83%B4%E3%83%A0%EF%BC%99%E3%81%A6" n1="%E3%81%BF%E3%81%BF%E3%81%9A" n2="%E7%9A%AE%E3%80%85" n3="%E3%82%AF%E3%82%A3%E3%82%A6" dan="16,18,16,16" rate="2129.80,2242.51,2074.65,2068.79" sx="M,M,F,M"/><TAIKYOKU oya="0"/><INIT seed="0,0,0,0,5,132" ten="250,250,250,250" oya="0" hai0="102,89,126,51,25,2,27,125,105,43,81,13,52" hai1="131,71,120,134,57,85,118,35,119,94,88,121,111" hai2="0,14,100,19,114,29,33,11,130,12,56,26,82" hai3="93,22,76,9,67,24,135,116,86,113,103,79,122"/><T70/><D2/><U77/><E71/><V5/><F100/><W98/><G116/><N who="1" m="44586" /><E35/><V45/><F45/><W87/><G113/><T15/><D70/><U133/><E57/><V59/><F82/><W84/><G135/><N who="1" m="51722" /><E111/><V55/><F114/><W107/><G122/><N who="1" m="47210" /><E131/><V49/><F14/><N who="0" m="5130" /><D43/><U6/><E6/><V54/><F130/><W48/><G67/><T7/><D7/><U23/><E23/><V44/><REACH who="2" step="1"/><F55/><REACH who="2" ten="250,250,240,250" step="2"/><W101/><G101/><T62/><D102/><U97/><E77/><V73/><F73/><W90/><G9/><AGARI ba="0,1" hai="0,5,9,11,12,19,26,29,33,44,49,54,56,59" machi="9" ten="30,2000,0" yaku="1,1,7,1,53,0" doraHai="132" doraHaiUra="66" who="2" fromWho="3" sc="250,0,250,0,240,30,250,-20" /><INIT seed="1,0,0,4,3,17" ten="250,250,270,230" oya="1" hai0="29,19,51,52,73,84,0,123,104,81,116,112,22" hai1="115,78,70,94,67,74,46,129,2,13,4,119,16" hai2="14,25,27,80,53,118,71,5,121,45,110,21,99" hai3="66,62,83,3,135,113,40,54,92,34,44,65,30"/><U79/><E115/><V28/><F118/><W61/><G3/><T131/><D116/><U126/><E119/><V106/><F121/><W7/><G7/><T20/><D112/><U100/><E126/><V128/><F71/><W133/><G83/><T89/><D104/><U41/><E129/><V24/><F128/><W47/><G113/><T120/><D131/><U77/><E2/><V42/><F110/><W75/><G75/><T88/><D0/><U111/><E4/><V38/><F53/><W130/><G130/><T85/><D73/><U103/><E74/><V82/><F25/><N who="3" m="18767" /><G92/><N who="0" m="54311" /><D29/><U87/><E111/><V93/><F106/><W98/><G98/><T114/><D19/><U132/><E132/><N who="3" m="50762" /><G47/><N who="0" m="27775" /><D114/><U101/><E67/><N who="3" m="25610" /><G54/><T11/><D11/><U55/><E55/><V31/><F5/><W95/><G95/><T134/><D134/><U117/><E70/><V43/><F43/><W49/><AGARI ba="0,0" hai="40,44,49,61,62" m="25610,50762,18767" machi="49" ten="30,1100,0" yaku="20,1" doraHai="17" who="3" fromWho="3" sc="250,-3,250,-5,270,-3,230,11" /><INIT seed="2,0,0,5,3,57" ten="247,245,267,241" oya="2" hai0="58,126,52,98,33,50,115,101,40,38,35,124,97" hai1="47,26,62,48,102,123,28,90,132,42,66,32,113" hai2="80,106,49,45,5,105,10,83,104,6,1,53,18" hai3="122,70,133,121,95,76,64,7,120,134,19,59,23"/><V56/><F18/><W51/><G76/><T84/><D115/><U34/><E113/><V4/><REACH who="2" step="1"/><F45/><REACH who="2" ten="247,245,257,241" step="2"/><W44/><G7/><AGARI ba="0,1" hai="1,4,5,6,7,10,49,53,56,80,83,104,105,106" machi="7" ten="50,4800,0" yaku="1,1,2,1,53,0" doraHai="57" doraHaiUra="127" who="2" fromWho="3" sc="247,0,245,0,257,58,241,-48" /><INIT seed="2,1,0,2,1,8" ten="247,245,315,193" oya="2" hai0="100,9,106,58,79,121,3,55,85,64,92,45,111" hai1="27,105,94,108,131,125,107,77,99,83,57,11,91" hai2="76,60,29,38,104,130,133,65,118,48,96,52,87" hai3="20,73,46,2,14,67,84,128,116,54,82,49,74"/><V86/><F118/><W31/><G116/><T117/><D117/><U90/><E108/><V71/><F130/><W115/><G115/><T98/><D121/><U119/><E119/><V21/><F133/><W23/><G128/><T103/><D111/><U59/><E131/><V72/><F38/><W13/><G2/><T122/><D122/><U41/><E125/><V24/><F72/><W7/><G67/><T124/><D124/><U80/><E41/><V70/><F70/><W113/><G113/><T19/><D64/><U16/><E105/><V26/><F76/><N who="3" m="46151" /><G74/><T88/><D79/><U47/><E47/><V32/><F96/><W39/><G39/><T15/><D3/><U75/><E107/><V135/><F104/><W22/><G73/><T51/><D103/><U44/><E44/><V37/><F37/><W62/><G62/><T25/><D25/><U6/><E90/><V127/><F135/><W56/><G31/><T5/><REACH who="0" step="1"/><D58/><REACH who="0" ten="237,245,315,193" step="2"/><U123/><E123/><V28/><F127/><W126/><G126/><T40/><D40/><U69/><E69/><V66/><F65/><W81/><G56/><AGARI ba="1,1" hai="21,24,26,28,29,32,48,52,56,60,66,71,86,87" machi="56" ten="30,2900,0" yaku="7,1,54,1" doraHai="8" who="2" fromWho="3" sc="237,0,245,0,315,42,193,-32" /><INIT seed="2,2,0,3,1,25" ten="237,245,357,161" oya="2" hai0="46,79,57,72,17,110,45,44,58,10,104,14,63" hai1="35,70,43,77,86,92,113,0,20,18,111,49,53" hai2="127,68,56,15,87,66,19,81,5,102,83,115,59" hai3="103,74,6,69,123,65,51,82,24,33,2,125,128"/><V64/><F115/><W85/><G123/><T34/><D104/><U40/><E113/><V62/><F127/><W76/><G125/><T108/><D34/><U38/><E35/><V78/><F102/><W11/><G128/><T8/><D8/><U118/><E118/><V117/><F117/><W28/><G51/><T54/><REACH who="0" step="1"/><D57/><REACH who="0" ten="227,245,357,161" step="2"/><N who="1" m="32943" /><E70/><V135/><F68/><W106/><G85/><T107/><D107/><U133/><E133/><V41/><F135/><W130/><G130/><T101/><D101/><U132/><E132/><V67/><F59/><W98/><REACH who="3" step="1"/><G69/><REACH who="3" ten="227,245,357,151" step="2"/><T129/><D129/><U61/><E86/><V105/><F87/><W1/><G1/><T48/><D48/><U4/><E0/><V99/><F99/><W96/><G96/><T47/><N who="0" m="11264" /><DORA hai="116" /><T36/><D36/><U26/><E38/><V32/><F41/><W23/><G23/><T95/><D95/><U121/><E92/><V52/><F105/><W50/><G50/><T119/><D119/><U13/><E40/><V89/><F32/><W120/><G120/><T88/><D88/><U39/><E121/><V134/><F89/><W122/><G122/><T31/><D31/><U90/><E90/><V124/><F124/><W60/><G60/><T131/><D131/><U94/><E61/><V55/><F134/><W73/><G73/><T9/><D9/><N who="1" m="4263" /><E94/><V80/><F62/><W7/><G7/><T84/><D84/><U21/><E21/><N who="2" m="11519" /><F5/><W71/><G71/><T42/><D42/><U12/><E43/><V29/><F29/><W91/><G91/><T97/><D97/><U114/><E114/><RYUUKYOKU ba="2,2" sc="227,15,245,-15,357,-15,151,15" hai0="10,14,17,54,58,63,72,79,108,110" hai3="2,6,11,24,28,33,65,74,76,82,98,103,106" /><INIT seed="3,3,2,2,5,8" ten="242,230,342,166" oya="3" hai0="112,78,110,106,59,107,105,16,24,44,7,115,127" hai1="80,6,90,135,58,52,51,133,88,50,57,116,114" hai2="17,100,96,2,38,130,11,98,5,26,4,19,128" hai3="111,43,104,25,94,124,118,40,14,55,53,15,30"/><W70/><G104/><T33/><D110/><U102/><E114/><N who="0" m="43561" /><D127/><U0/><E102/><V41/><F5/><W62/><G118/><T46/><D7/><U95/><E116/><V117/><F117/><W36/><G124/><T32/><D78/><U10/><E80/><V37/><F98/><W86/><G111/><T92/><D92/><U87/><E90/><V13/><F26/><W120/><G120/><T81/><D59/><U48/><REACH who="1" step="1"/><E58/><REACH who="1" ten="242,220,342,166" step="2"/><V60/><F100/><W134/><G134/><AGARI ba="3,3" hai="0,6,10,48,50,51,52,57,87,88,95,133,134,135" machi="134" ten="40,16000,3" yaku="1,1,2,1,20,1,54,2,53,3" doraHai="8" doraHaiUra="131" who="1" fromWho="3" sc="242,0,220,199,342,0,166,-169" owari="242,-15.8,419,51.9,342,14.2,-3,-50.3" /></mjloggm>