<mjloggm ver="2.3"><GO type="225" lobby="0"/><UN n0="%E3%83%96%E3%83%83%E3%83%91%E3%82%AA%E3%83%96%E3%83%81%E3%82%AD%E3%83%B3" n1="%E7%91%9E%E5%8E%9F%E3%83%B4%E3%82%A1%E3%82%AE%E3%83%8A" n2="%E3%83%9D%E3%83%B3%E3%83%9D%E3%82%B3%E5%95%86%E4%BA%8B" n3="%E7%99%BD%E5%80%89%E5%AF%9B%E4%B9%8B" dan="17,16,16,16" rate="2197.45,2084.80,2160.14,2145.26" sx="M,M,M,M"/><TAIKYOKU oya="0"/><INIT seed="0,0,0,3,0,48" ten="250,250,250,250" oya="0" hai0="39,37,89,14,86,38,13,47,50,10,101,73,9" hai1="135,31,40,52,1,75,28,44,133,81,90,54,134" hai2="95,43,20,105,35,127,126,7,77,30,21,33,114" hai3="110,132,29,93,131,3,88,42,17,130,0,12,11"/><T85/><D73/><U22/><E1/><V100/><F105/><W112/><G112/><T68/><D68/><U122/><E122/><V25/><F43/><W64/><G110/><T19/><D101/><U109/><E109/><V56/><F77/><W92/><G132/><T120/><D120/><U70/><E70/><V113/><F95/><W26/><G64/><T5/><REACH who="0" step="1"/><D89/><REACH who="0" ten="240,250,250,250" step="2"/><U46/><E90/><V61/><F100/><W78/><G78/><T106/><D106/><U55/><E22/><V117/><F21/><W53/><G88/><T69/><D69/><U51/><E46/><V102/><F102/><W45/><G130/><T107/><D107/><U18/><E18/><V6/><F20/><W129/><G131/><T118/><D118/><U123/><E123/><V96/><F117/><W49/><G129/><T34/><D34/><U4/><E4/><N who="2" m="1579" /><F33/><W80/><G17/><T63/><D63/><U62/><E62/><V60/><F60/><W91/><G91/><T2/><D2/><U103/><E103/><V119/><F119/><W16/><G3/><T23/><D23/><U58/><E58/><V74/><F74/><W82/><G0/><T72/><D72/><U104/><E104/><V67/><F96/><W15/><G16/><T8/><D8/><U94/><E94/><V128/><F128/><W32/><G93/><T124/><D124/><AGARI ba="0,1" hai="25,30,35,56,61,67,113,114,124,126,127" m="1579" machi="124" ten="30,1000,0" yaku="18,1" doraHai="48" who="2" fromWho="0" sc="240,-10,250,0,250,20,250,0" /><INIT seed="1,0,0,2,2,116" ten="230,250,270,250" oya="1" hai0="131,55,35,48,80,6,95,83,52,44,91,98,33" hai1="53,15,51,65,97,87,64,120,126,93,26,17,85" hai2="58,70,41,2,115,118,84,102,134,92,89,133,37" hai3="43,57,106,18,40,103,76,42,20,32,79,46,23"/><U50/><E126/><V135/><F118/><W60/><G32/><T113/><D113/><U38/><E38/><V122/><F70/><W14/><G106/><T110/><D110/><U130/><E130/><V8/><F115/><W71/><G71/><T94/><D131/><U77/><E26/><V111/><F111/><W45/><G103/><T69/><D69/><U68/><E120/><V67/><F102/><W100/><G100/><T129/><D129/><U105/><E105/><V27/><F27/><W62/><G23/><T82/><D6/><U101/><E51/><V63/><F2/><W16/><G18/><T86/><REACH who="0" step="1"/><D55/><REACH who="0" ten="220,250,270,250" step="2"/><U99/><E68/><V39/><F41/><W10/><G43/><T123/><D123/><U73/><E65/><V13/><REACH who="2" step="1"/><F122/><REACH who="2" ten="220,250,260,250" step="2"/><W108/><G42/><T132/><D132/><U11/><E64/><V47/><F47/><W109/><G40/><T21/><D21/><U96/><E53/><V117/><F117/><W124/><G20/><T128/><D128/><U78/><E11/><V75/><F75/><W19/><G109/><T72/><D72/><U36/><E73/><V66/><F66/><W9/><G108/><T56/><D56/><U24/><E36/><V104/><F104/><W121/><G57/><T90/><AGARI ba="0,2" hai="33,35,44,48,52,80,82,83,86,90,91,94,95,98" machi="90" ten="30,4000,0" yaku="1,1,0,1,54,1,53,0" doraHai="116" doraHaiUra="119" who="0" fromWho="0" sc="220,60,250,-20,260,-10,250,-10" /><INIT seed="2,0,0,3,3,135" ten="280,230,250,240" oya="2" hai0="80,16,9,48,134,13,74,94,78,109,54,43,52" hai1="92,84,19,104,125,23,100,90,106,56,133,72,35" hai2="62,10,73,29,55,45,67,18,68,93,42,71,27" hai3="8,123,53,89,85,60,129,115,119,65,47,57,96"/><V105/><F73/><W113/><G119/><T22/><D134/><U83/><E133/><V76/><F76/><W38/><G123/><T127/><D109/><U6/><E35/><V32/><F68/><W101/><G129/><T69/><D69/><U21/><E6/><V3/><F93/><W30/><G30/><T61/><D127/><U12/><E125/><V15/><F105/><W110/><G110/><T70/><D43/><U116/><E116/><V108/><F108/><W75/><G75/><T64/><D94/><U2/><E2/><V112/><F112/><W111/><G111/><T86/><D74/><U131/><E131/><V7/><F55/><W88/><G8/><T77/><D77/><N who="1" m="44455" /><E23/><V4/><REACH who="2" step="1"/><F3/><REACH who="2" ten="280,230,240,240" step="2"/><W121/><G53/><T82/><D82/><U97/><E106/><V50/><AGARI ba="0,1" hai="4,7,10,15,18,27,29,32,42,45,50,62,67,71" machi="50" ten="20,7800,0" yaku="1,1,2,1,0,1,7,1,53,0" doraHai="135" doraHaiUra="95" who="2" fromWho="2" sc="280,-26,230,-26,240,88,240,-26" /><INIT seed="2,1,0,4,2,42" ten="254,204,328,214" oya="2" hai0="116,72,6,127,55,129,102,39,100,26,93,108,94" hai1="12,40,59,96,29,43,22,134,76,135,38,113,60" hai2="122,27,75,77,124,78,112,62,123,67,92,50,20" hai3="73,31,87,99,30,56,103,89,3,63,65,131,5"/><V37/><F37/><W17/><G73/><T130/><D39/><U1/><E1/><V64/><F112/><W128/><G5/><T107/><D6/><U80/><E113/><V46/><F124/><W9/><G3/><T16/><D127/><U48/><E38/><V34/><F34/><W104/><G17/><T66/><D66/><U45/><E43/><V83/><F78/><W33/><G9/><T121/><D121/><U53/><E96/><V125/><F92/><N who="0" m="35434" /><D107/><U91/><E91/><V119/><F119/><W97/><G97/><T19/><D116/><U44/><E45/><V35/><F35/><W114/><G114/><T11/><D108/><U32/><E32/><V57/><F64/><W126/><G126/><T110/><D72/><U0/><E0/><V70/><F70/><W23/><G23/><N who="0" m="13671" /><D55/><U58/><E59/><V133/><F125/><W115/><G115/><T49/><D49/><U7/><E7/><V111/><F111/><W8/><G8/><T101/><D110/><U98/><E98/><V90/><F90/><W86/><G33/><T41/><D41/><U10/><E10/><V118/><F118/><W71/><G71/><T79/><D79/><U15/><E134/><V36/><F36/><W61/><G89/><T120/><D120/><U117/><E135/><V105/><F105/><W84/><REACH who="3" step="1"/><G63/><REACH who="3" ten="254,204,328,204" step="2"/><T13/><D11/><U88/><E88/><V2/><F2/><W21/><G21/><N who="0" m="11503" /><D102/><U28/><E117/><V85/><F75/><W69/><G69/><T54/><D101/><U47/><E22/><V81/><F122/><W25/><G25/><RYUUKYOKU ba="1,1" sc="254,-10,204,-10,328,-10,204,30" hai3="30,31,56,61,65,84,86,87,99,103,104,128,131" /><INIT seed="3,2,1,0,2,90" ten="244,194,318,234" oya="3" hai0="44,39,41,52,20,75,103,129,14,3,82,16,102" hai1="131,123,92,81,77,46,30,80,34,114,118,49,109" hai2="40,55,122,60,10,25,115,78,69,33,45,19,128" hai3="107,43,124,1,125,72,113,70,117,108,62,68,95"/><W15/><G107/><T51/><D129/><U31/><E123/><V132/><F115/><W87/><G1/><T79/><REACH who="0" step="1"/><D3/><REACH who="0" ten="234,194,318,234" step="2"/><U105/><E131/><V66/><F128/><W106/><G113/><T64/><D64/><U91/><E114/><V67/><F66/><W53/><G124/><T96/><D96/><U134/><E109/><V127/><F127/><W133/><G108/><T71/><D71/><U88/><E134/><V17/><F132/><W21/><G70/><T86/><D86/><N who="1" m="48399" /><E118/><V32/><F67/><W83/><G68/><T27/><D27/><U9/><E105/><V116/><F25/><W42/><G106/><T94/><D94/><U119/><E119/><V111/><F69/><W98/><G95/><T22/><D22/><U63/><E34/><V112/><F32/><W73/><G117/><T4/><D4/><U2/><E2/><V37/><F33/><W130/><G130/><T135/><D135/><U58/><E9/><V100/><F10/><W47/><G133/><T5/><D5/><U126/><E126/><V101/><F111/><W74/><G125/><T57/><AGARI ba="2,2" hai="14,16,20,39,41,44,51,52,57,75,79,82,102,103" machi="57" ten="20,8000,1" yaku="1,1,0,1,7,1,54,2,53,0" doraHai="90" doraHaiUra="7" who="0" fromWho="0" sc="234,106,194,-22,318,-22,234,-42" owari="340,44.0,172,-32.8,296,9.6,192,-20.8" /></mjloggm>