<mjloggm ver="2.3"><GO type="225" lobby="0"/><UN n0="%68%75%69%68%75%69" n1="%E5%8C%97%E6%AC%A7%E3%81%AE%E3%82%82%E3%81%93%E3%81%86" n2="%45%6C%79%73%69%75%6D" n3="%E3%82%B3%E3%83%90%E3%83%AC%E3%82%A4" dan="16,16,16,16" rate="2105.12,2103.64,2106.04,2163.29" sx="M,M,M,M"/><TAIKYOKU oya="0"/><INIT seed="0,0,0,1,3,103" ten="250,250,250,250" oya="0" hai0="129,133,97,63,29,101,51,59,22,119,112,117,114" hai1="53,127,93,128,68,43,110,98,8,96,82,30,108" hai2="132,105,57,78,52,92,75,95,37,7,115,46,131" hai3="94,12,125,25,23,40,19,9,27,65,86,84,33"/><T5/><D5/><U69/><E128/><V118/><F115/><W109/><G125/><T31/><D129/><U15/><E127/><V48/><F131/><W90/><G109/><N who="1" m="42090" /><E43/><V4/><F132/><W34/><G40/><T88/><D133/><U21/><E82/><V10/><F105/><W73/><G73/><T3/><D3/><U122/><E122/><V14/><F4/><W60/><G86/><T56/><D114/><U71/><E53/><V45/><F118/><W67/><G27/><T26/><D112/><U80/><E80/><V17/><F37/><W89/><G90/><T111/><D111/><U74/><E74/><V2/><F78/><W100/><G100/><T50/><D31/><U120/><E120/><V55/><F75/><W20/><G20/><T85/><D59/><U104/><E104/><V116/><F116/><W36/><G36/><T54/><D119/><U81/><E81/><V62/><REACH who="2" step="1"/><F46/><REACH who="2" ten="250,250,240,250" step="2"/><W130/><G130/><T76/><D76/><U42/><E69/><V77/><F77/><W121/><G121/><T135/><D135/><U39/><E71/><V126/><F126/><W66/><REACH who="3" step="1"/><G60/><REACH who="3" ten="250,250,240,240" step="2"/><T1/><D117/><U72/><E39/><V0/><F0/><W41/><G41/><T102/><D1/><U134/><E42/><V16/><F16/><AGARI ba="0,2" hai="9,12,16,19,23,25,33,34,65,66,67,84,89,94" machi="16" ten="40,2600,0" yaku="1,1,54,1,53,0" doraHai="103" doraHaiUra="107" who="3" fromWho="2" sc="250,0,250,0,240,-26,240,46" /><INIT seed="1,0,0,5,1,128" ten="250,250,214,286" oya="1" hai0="109,46,81,102,132,2,97,121,92,48,42,12,105" hai1="66,41,106,0,16,129,119,23,93,103,130,40,8" hai2="83,131,26,10,82,74,67,11,35,99,72,133,1" hai3="44,95,47,59,78,75,39,32,101,22,96,28,91"/><U4/><E119/><V94/><F131/><N who="1" m="50185" /><E106/><V64/><F1/><W123/><G32/><T65/><D109/><U100/><E66/><V27/><F35/><W18/><G28/><T87/><D2/><U122/><E122/><V14/><F14/><W52/><G123/><T3/><D3/><U60/><E60/><V73/><F73/><W108/><G108/><T70/><D121/><U89/><E103/><V15/><F15/><W50/><G39/><T110/><D110/><U126/><E100/><V30/><F30/><W56/><G56/><T53/><D105/><U9/><E9/><V84/><F84/><W6/><G6/><T33/><D33/><U58/><E58/><V76/><F94/><W124/><G124/><T43/><D70/><U68/><E68/><V34/><F34/><W24/><G75/><T38/><D65/><U49/><E49/><V118/><F99/><W7/><G7/><T36/><D36/><U117/><E117/><V21/><F118/><W29/><G29/><T71/><D71/><U57/><E57/><V37/><F37/><W17/><G44/><T115/><D38/><U31/><E31/><V112/><F21/><W79/><G47/><T116/><D116/><U107/><E107/><V54/><F54/><W62/><G50/><T51/><D51/><U111/><E126/><V63/><F63/><W134/><G101/><T98/><D102/><U80/><E80/><V113/><F76/><N who="3" m="29227" /><G17/><T61/><D48/><U69/><E111/><V127/><F127/><W88/><G91/><T114/><D46/><U25/><E69/><V135/><AGARI ba="0,0" hai="10,11,26,27,64,67,72,74,82,83,112,113,133,135" machi="135" ten="25,12000,2" yaku="5,1,0,1,22,2,52,2" doraHai="128" who="2" fromWho="2" sc="250,-30,250,-60,214,120,286,-30" /><INIT seed="2,0,0,0,4,38" ten="220,190,334,256" oya="2" hai0="27,32,74,67,135,26,80,93,35,34,87,43,22" hai1="118,20,6,50,132,58,103,33,116,7,81,113,129" hai2="57,2,89,36,101,18,28,117,84,53,102,41,21" hai3="14,64,44,133,70,77,85,69,115,60,25,114,61"/><V55/><F2/><W121/><G25/><T99/><D74/><U8/><E33/><V92/><F28/><W72/><G14/><T76/><D135/><U83/><E113/><N who="3" m="43018" /><G72/><T86/><D86/><U11/><E132/><V127/><F127/><W91/><G77/><T42/><D67/><U59/><E50/><V29/><F29/><W107/><G107/><T111/><D111/><U39/><E39/><V66/><F36/><W63/><G133/><T46/><D46/><U79/><E103/><V90/><F90/><W100/><G100/><T1/><D1/><U16/><E129/><V122/><F101/><W9/><G9/><N who="1" m="3658" /><E118/><V15/><F102/><W4/><G4/><N who="1" m="1578" /><E116/><V62/><F117/><W52/><G121/><T5/><D5/><U12/><E79/><V73/><F122/><W54/><G64/><T24/><REACH who="0" step="1"/><D22/><REACH who="0" ten="210,190,334,256" step="2"/><U56/><AGARI ba="0,1" hai="12,16,20,56,58,59,81,83" m="1578,3658" machi="56" ten="30,2000,0" yaku="8,1,54,1" doraHai="38" who="1" fromWho="1" sc="210,-5,190,30,334,-10,256,-5" /><INIT seed="3,0,0,3,3,29" ten="205,220,324,251" oya="3" hai0="88,47,127,63,65,112,118,126,23,85,115,91,122" hai1="46,55,44,110,36,8,96,34,1,121,17,75,19" hai2="70,125,135,33,97,67,84,60,20,40,81,61,52" hai3="13,82,72,12,3,83,39,117,106,104,35,53,27"/><W130/><G117/><T111/><D111/><U30/><E75/><V87/><F135/><W69/><G39/><T108/><D108/><U64/><E121/><V5/><F125/><N who="0" m="47626" /><D118/><U105/><E110/><V42/><F20/><W7/><G69/><N who="0" m="42175" /><D122/><U78/><E78/><V120/><F5/><W50/><G3/><T38/><D23/><U131/><E55/><V37/><F97/><W95/><G106/><T57/><D57/><U99/><E64/><V41/><F87/><W51/><G104/><T124/><N who="0" m="47634" /><T90/><DORA hai="134" /><D85/><U15/><E1/><V16/><F84/><W4/><G72/><T94/><D94/><U59/><E131/><V101/><F120/><W58/><G95/><T128/><D128/><U109/><E109/><V73/><F73/><W28/><G130/><T103/><D103/><U68/><E68/><V119/><F101/><W25/><G58/><T71/><D71/><U2/><E2/><V133/><F119/><W76/><G76/><T32/><D32/><U21/><E59/><V56/><F33/><W14/><G35/><T107/><D107/><U0/><E105/><V74/><F133/><W10/><G10/><T9/><D9/><U86/><E86/><V18/><F74/><W102/><G102/><T62/><D62/><U66/><E66/><V116/><F116/><W98/><G98/><N who="1" m="37418" /><E36/><V123/><F123/><W129/><G129/><T43/><AGARI ba="0,0" hai="38,43,47,88,90,91,112,115" m="42175,47634" machi="43" ten="50,12000,2" yaku="18,1,52,4,54,1" doraHai="29,134" who="0" fromWho="0" sc="205,120,220,-30,324,-30,251,-60" owari="325,42.5,190,-31.0,294,9.4,191,-20.9" /></mjloggm>