<mjloggm ver="2.3"><GO type="225" lobby="0"/><UN n0="%E5%AF%82%E5%AF%9E%E3%82%AE%E3%83%8D%E3%82%B9%E3%83%93%E3%83%BC%E3%83%AB" n1="%E3%83%B4%E3%83%A0%EF%BC%99%E3%81%A6" n2="%33%74%72%65%65" n3="%E6%98%93%E5%88%A9%E8%96%A9%E4%BC%AF" dan="16,16,16,17" rate="2183.77,2176.69,2178.78,2183.37" sx="M,M,F,F"/><TAIKYOKU oya="0"/><INIT seed="0,0,0,4,1,77" ten="250,250,250,250" oya="0" hai0="115,73,126,82,92,106,16,107,54,63,119,103,35" hai1="111,79,22,2,37,55,0,121,3,129,94,36,97" hai2="98,83,71,117,80,26,70,1,31,114,44,72,41" hai3="133,29,86,8,89,91,51,74,123,85,102,12,53"/><T46/><D115/><U127/><E121/><V88/><F114/><W38/><G38/><T27/><D119/><U104/><E104/><V78/><F1/><W132/><G74/><T6/><D6/><U21/><E111/><V9/><F9/><W90/><G123/><T47/><D126/><U116/><E116/><V28/><F117/><W67/><G67/><T135/><D135/><N who="3" m="51785" /><G29/><T130/><D130/><U131/><E127/><V100/><F31/><W45/><G102/><T118/><D92/><U10/><E79/><V61/><F61/><W30/><G30/><T34/><D103/><U110/><E10/><V49/><F100/><W65/><G65/><T13/><D118/><U93/><E0/><V17/><F17/><AGARI ba="0,0" hai="8,12,17,45,51,53,85,86,89,90,91" m="51785" machi="17" ten="30,1000,0" yaku="20,1" doraHai="77" who="3" fromWho="2" sc="250,0,250,0,250,-10,250,10" /><INIT seed="1,0,0,0,1,118" ten="250,250,240,260" oya="1" hai0="67,76,133,0,13,90,79,95,108,48,53,66,63" hai1="93,39,110,21,22,33,81,4,101,70,11,50,131" hai2="41,6,17,59,29,51,123,130,49,37,58,61,1" hai3="12,106,97,107,31,64,89,38,86,109,54,112,69"/><U98/><E39/><V55/><F130/><W9/><G38/><T117/><D0/><U78/><E131/><V120/><F29/><W92/><G109/><T42/><D117/><U16/><E110/><V114/><F17/><W96/><G31/><T68/><D108/><U85/><E70/><V124/><F6/><W23/><G23/><T15/><D133/><U103/><E33/><V8/><F8/><W122/><G122/><N who="2" m="46633" /><F1/><W5/><G112/><T71/><D42/><U102/><E50/><N who="2" m="31095" /><F114/><W60/><G54/><T91/><D53/><U132/><E132/><V65/><F124/><W116/><G116/><T125/><D48/><U74/><E74/><V30/><F30/><W20/><G20/><T56/><D95/><U14/><REACH who="1" step="1"/><E22/><REACH who="1" ten="250,240,240,260" step="2"/><V7/><F7/><W10/><G10/><T25/><D125/><U44/><E44/><AGARI ba="0,1" hai="37,41,44,49,51,59,61,65" m="31095,46633" machi="44" ten="30,8000,1" yaku="34,2,52,3" doraHai="118" who="2" fromWho="1" sc="250,0,240,-80,240,90,260,0" /><INIT seed="2,0,0,5,3,9" ten="250,160,330,260" oya="2" hai0="84,100,83,126,10,62,59,27,67,22,73,97,127" hai1="21,6,61,28,117,60,107,124,91,95,40,8,31" hai2="109,101,111,128,134,25,12,87,75,0,41,81,116" hai3="118,77,55,56,34,52,115,16,13,85,66,129,5"/><V113/><F113/><W125/><G118/><T1/><D73/><U33/><E107/><V4/><F116/><W131/><G34/><T2/><D10/><U24/><E117/><V130/><F0/><W103/><G5/><T43/><D43/><U132/><E124/><N who="0" m="47657" /><D84/><U94/><E132/><V53/><F41/><W71/><G103/><T122/><D83/><U82/><E40/><V104/><F75/><W64/><G115/><T112/><D122/><U98/><E82/><V42/><F42/><W68/><G77/><T102/><D102/><U72/><E72/><V32/><F87/><W19/><G85/><T51/><D51/><U70/><E70/><V119/><F81/><W133/><G133/><T23/><D23/><U38/><E38/><V110/><F134/><W46/><G46/><T120/><D120/><U80/><E80/><V39/><F39/><W93/><G93/><N who="0" m="58415" /><D112/><U74/><E74/><V57/><F101/><W29/><G125/><T78/><D78/><U99/><E33/><V123/><F119/><W35/><G35/><T92/><D92/><U108/><E108/><V90/><F104/><W30/><G56/><T47/><D47/><U106/><E106/><V48/><F123/><W86/><G86/><T17/><AGARI ba="0,0" hai="1,2,17,22,27,59,62,67" m="58415,47657" machi="17" ten="30,1100,0" yaku="18,1" doraHai="9" who="0" fromWho="0" sc="250,11,160,-3,330,-5,260,-3" /><INIT seed="3,0,0,1,2,129" ten="261,157,325,257" oya="3" hai0="14,56,16,105,47,111,103,59,42,82,29,63,23" hai1="54,79,34,100,25,116,43,50,118,101,112,102,66" hai2="132,117,1,37,51,18,39,6,88,30,68,12,99" hai3="24,64,93,87,10,11,104,109,74,33,65,44,108"/><W17/><G104/><T95/><D105/><U40/><E112/><V3/><F68/><W98/><G74/><T123/><D123/><U97/><E97/><V61/><F30/><W90/><G44/><T45/><D111/><N who="3" m="42569" /><G87/><T76/><D29/><U58/><E25/><V94/><F132/><W55/><G55/><T36/><D47/><U124/><E34/><V48/><F117/><W73/><G73/><T86/><D63/><U4/><E4/><V70/><F61/><W131/><G131/><T2/><D2/><U80/><E66/><N who="3" m="25706" /><G17/><T92/><D92/><U128/><E128/><V7/><F70/><W127/><G127/><T67/><D67/><U77/><E124/><V115/><F115/><W134/><G134/><T72/><D72/><U53/><E80/><V78/><F18/><W21/><G21/><T119/><D119/><U122/><E122/><V52/><F52/><W84/><G84/><T0/><D0/><U15/><E15/><V96/><F12/><W91/><G91/><T19/><D19/><U75/><E75/><V83/><F88/><W69/><G69/><T85/><D86/><U89/><E89/><V26/><F83/><W57/><G57/><T130/><D130/><U114/><E114/><V106/><F106/><W20/><G20/><T8/><D23/><U27/><E27/><V49/><F26/><W13/><G13/><T9/><D9/><U62/><E118/><V41/><F1/><W121/><G121/><T5/><D16/><U133/><E116/><V28/><F3/><W31/><AGARI ba="0,0" hai="10,11,24,31,33,90,93,98" m="25706,42569" machi="31" ten="30,3000,0" yaku="14,1,10,1" doraHai="129" who="3" fromWho="3" sc="261,-10,157,-10,325,-10,257,30" /><INIT seed="3,1,0,0,0,23" ten="251,147,315,287" oya="3" hai0="8,59,70,105,63,82,50,131,69,64,120,67,54" hai1="77,101,88,78,61,97,102,113,135,119,100,90,111" hai2="1,72,26,52,65,87,15,74,28,91,106,66,44" hai3="75,10,114,11,83,6,93,57,76,94,112,33,116"/><W34/><G116/><T84/><D105/><N who="1" m="63631" /><E61/><V7/><F1/><W36/><G11/><T45/><D120/><U62/><E62/><V25/><F106/><W18/><G57/><T58/><D131/><U24/><E24/><N who="2" m="9323" /><F74/><W68/><G18/><T55/><D8/><U22/><E22/><V92/><F72/><W125/><G68/><T127/><D127/><U133/><E113/><V47/><F28/><W43/><G125/><T0/><D0/><U16/><E16/><V122/><F122/><W96/><G94/><T4/><D4/><U126/><E126/><V108/><F108/><W31/><G31/><T86/><D86/><U110/><E119/><V71/><F71/><W19/><G19/><T104/><D104/><U32/><E32/><V60/><F15/><W80/><G34/><T48/><D67/><N who="2" m="25610" /><F7/><W115/><G33/><T130/><D130/><U103/><E78/><AGARI ba="1,0" hai="45,48,50,54,55,58,59,63,64,69,70,78,82,84" machi="78" ten="30,1000,0" yaku="7,1" doraHai="23" who="0" fromWho="1" sc="251,13,147,-13,315,0,287,0" owari="264,-13.6,134,-36.6,315,41.5,287,8.7" /></mjloggm>