<mjloggm ver="2.3"><GO type="225" lobby="0"/><UN n0="%E3%83%96%E3%83%83%E3%83%91%E3%82%AA%E3%83%96%E3%83%81%E3%82%AD%E3%83%B3" n1="%72%61%6B%33" n2="%4E%6F%2E%30%30%30%31" n3="%E7%B4%94%E6%BD%94%E3%83%94%E3%83%A9%E3%83%8B%E3%82%A2" dan="16,16,18,17" rate="2205.22,2091.63,2210.49,2227.47" sx="M,M,M,M"/><TAIKYOKU oya="0"/><INIT seed="0,0,0,2,5,28" ten="250,250,250,250" oya="0" hai0="43,128,86,97,118,4,20,60,5,81,101,107,121" hai1="39,102,54,126,45,31,109,119,21,18,130,78,114" hai2="41,125,23,115,49,124,3,48,116,61,84,75,66" hai3="90,131,67,88,111,117,6,16,76,82,89,26,57"/><T85/><D118/><U93/><E119/><V77/><F116/><W8/><G117/><RYUUKYOKU type="kaze4" ba="0,0" sc="250,0,250,0,250,0,250,0" /><INIT seed="0,1,0,2,2,33" ten="250,250,250,250" oya="0" hai0="130,126,74,11,102,123,13,43,95,90,52,50,27" hai1="20,79,120,88,122,34,14,53,73,87,116,51,89" hai2="109,81,128,46,108,75,19,39,42,21,15,121,114" hai3="3,25,129,84,127,104,23,92,1,132,61,110,47"/><T70/><D123/><U100/><E116/><V60/><F121/><W86/><G104/><T135/><D126/><U117/><E117/><V58/><F114/><W62/><G127/><T54/><D130/><U40/><E34/><V68/><F68/><W101/><G129/><T16/><D135/><U113/><E113/><V66/><REACH who="2" step="1"/><F128/><REACH who="2" ten="250,250,240,250" step="2"/><W96/><G132/><T125/><D125/><U17/><E122/><V28/><F28/><W56/><G110/><T45/><D70/><U97/><E120/><V29/><F29/><N who="3" m="17599" /><G62/><T18/><D74/><U83/><E73/><V55/><F55/><W80/><G47/><T63/><D63/><U67/><E67/><V105/><F105/><W5/><G5/><T99/><D102/><U10/><E40/><V9/><F9/><W12/><G12/><T0/><D0/><N who="3" m="73" /><G80/><T6/><REACH who="0" step="1"/><D6/><REACH who="0" ten="240,250,240,250" step="2"/><U69/><E69/><V82/><F82/><W31/><G31/><T64/><D64/><AGARI ba="1,2" hai="56,61,64,84,86,92,96,101" m="73,17599" machi="64" ten="30,7700,0" yaku="25,1,52,3" doraHai="33" who="3" fromWho="0" sc="240,-80,250,0,240,0,250,100" /><INIT seed="1,0,0,2,0,79" ten="160,250,240,350" oya="1" hai0="95,59,118,18,1,89,44,3,74,27,8,77,101" hai1="38,2,63,80,84,117,4,7,87,107,71,132,30" hai2="25,126,81,102,104,112,17,23,94,60,47,82,70" hai3="50,24,113,46,92,124,120,45,122,133,62,105,6"/><U91/><E117/><V20/><F104/><W29/><G105/><T96/><D118/><U15/><E132/><V28/><F126/><W16/><G113/><T69/><D69/><U53/><E107/><V41/><F112/><W76/><G124/><T64/><D101/><U86/><E38/><V32/><F32/><W36/><G133/><T129/><D129/><U54/><E2/><V51/><F70/><W123/><G6/><N who="1" m="2090" /><E71/><V109/><F60/><W42/><G62/><T103/><D103/><U35/><E35/><V85/><F109/><W78/><G92/><T106/><D106/><U125/><E125/><V130/><F130/><W13/><G29/><T108/><D108/><U55/><E30/><V97/><F85/><N who="1" m="32873" /><E15/><AGARI ba="0,0" hai="15,17,20,23,25,28,41,47,51,81,82,94,97,102" machi="15" ten="30,7700,0" yaku="7,1,8,1,52,2" doraHai="79" who="2" fromWho="1" sc="160,0,250,-77,240,77,350,0" /><INIT seed="2,0,0,5,2,33" ten="160,173,317,350" oya="2" hai0="107,36,113,87,134,25,55,116,53,37,44,115,66" hai1="23,83,49,51,30,123,96,106,80,77,85,75,132" hai2="64,21,131,124,29,65,112,2,63,14,13,8,17" hai3="7,72,60,19,117,86,97,120,0,31,20,38,74"/><V94/><F112/><N who="0" m="43082" /><D107/><U130/><E132/><V54/><F131/><W32/><G117/><T24/><D87/><U58/><E130/><V52/><F124/><W18/><G120/><T50/><D24/><U5/><E123/><V121/><F121/><W118/><G38/><N who="0" m="14955" /><D25/><U89/><E58/><N who="2" m="35271" /><F2/><W92/><G60/><T10/><D10/><U48/><E5/><N who="2" m="3215" /><F29/><W16/><G32/><T95/><D95/><U135/><E135/><V40/><F40/><W125/><G125/><T26/><D26/><U93/><E30/><V35/><F35/><W15/><G118/><T98/><D98/><U46/><E23/><V47/><F94/><W101/><G31/><T76/><D134/><U45/><REACH who="1" step="1"/><E106/><REACH who="1" ten="160,163,317,350" step="2"/><V99/><F21/><W114/><G114/><T128/><D128/><U111/><E111/><V28/><F28/><W1/><G7/><T68/><D116/><U105/><E105/><V43/><F17/><W27/><G18/><T127/><D127/><U39/><E39/><V73/><F14/><W133/><G133/><T56/><D76/><AGARI ba="0,1" hai="45,46,48,49,51,75,76,77,80,83,85,89,93,96" machi="76" ten="40,2600,0" yaku="1,1,53,1" doraHai="33" doraHaiUra="88" who="1" fromWho="0" sc="160,-26,163,36,317,0,350,0" /><INIT seed="3,0,0,3,5,92" ten="134,199,317,350" oya="3" hai0="78,134,100,14,85,63,34,121,123,58,62,88,26" hai1="125,70,69,15,54,128,61,3,126,80,110,6,27" hai2="5,81,53,95,83,19,118,40,30,42,87,45,51" hai3="41,115,117,8,28,111,82,9,43,76,18,101,124"/><W91/><G115/><T72/><D134/><U49/><E110/><V17/><F118/><W31/><G117/><T84/><D84/><U37/><E37/><V103/><F30/><N who="3" m="11307" /><G111/><T97/><D26/><U29/><E128/><V22/><F5/><W35/><G35/><T105/><D34/><U13/><E80/><V107/><F107/><W24/><G101/><T79/><D79/><U4/><E61/><V48/><F17/><W68/><G68/><T23/><D63/><U86/><E86/><V112/><F112/><W131/><G76/><T96/><D96/><U21/><E70/><V133/><F133/><W36/><G36/><T106/><D106/><U113/><E69/><V65/><F65/><W98/><G131/><T12/><D12/><N who="1" m="4683" /><E113/><V90/><F103/><W25/><G82/><T47/><D47/><N who="1" m="27967" /><E3/><V119/><F119/><W77/><G77/><T104/><D104/><U130/><E130/><V135/><F135/><W50/><G50/><T55/><D78/><U0/><E0/><V46/><F53/><W64/><G64/><T67/><D72/><U7/><E126/><V102/><F102/><W120/><G124/><T132/><D67/><U73/><E73/><V89/><F89/><W71/><G71/><T114/><D114/><U99/><E125/><V129/><F129/><W116/><G116/><T2/><D2/><U57/><E57/><V74/><F74/><W108/><G108/><T93/><REACH who="0" step="1"/><D132/><REACH who="0" ten="124,199,317,350" step="2"/><U38/><E99/><V122/><F122/><W66/><G120/><T39/><D39/><U109/><E109/><V1/><F1/><W52/><G66/><RYUUKYOKU ba="0,1" sc="124,10,199,10,317,10,350,-30" hai0="14,23,55,58,62,85,88,93,97,100,105,121,123" hai1="4,6,7,21,27,29,38" hai2="19,22,40,42,45,46,48,51,81,83,87,90,95" owari="134,-36.6,209,-19.1,337,43.7,320,12.0" /></mjloggm>