<mjloggm ver="2.3"><GO type="225" lobby="0"/><UN n0="%72%69%6F%75%63%68%61%6E" n1="%E3%81%AF%E3%82%88%E3%81%8A%E3%81%98%E3%81%95%E3%82%93" n2="%6C%61%6D%62" n3="%E3%81%82%E3%81%84%E3%81%82%E3%81%8A%E3%81%84" dan="16,16,16,18" rate="2087.66,2188.77,2255.13,2191.93" sx="M,M,M,M"/><TAIKYOKU oya="0"/><INIT seed="0,0,0,5,0,69" ten="250,250,250,250" oya="0" hai0="26,15,93,105,35,39,118,72,16,128,81,129,20" hai1="95,27,12,83,87,120,25,76,9,89,112,85,124" hai2="66,19,3,100,70,64,133,132,29,34,131,56,6" hai3="61,28,24,79,68,22,122,127,23,115,75,59,36"/><T104/><D118/><U126/><E120/><V62/><F131/><N who="0" m="50250" /><D39/><U73/><E112/><V8/><F19/><W113/><G68/><T99/><D35/><U91/><E124/><V65/><F100/><W45/><G127/><T74/><D26/><U110/><E110/><V46/><F46/><W31/><G122/><T4/><D4/><U44/><E126/><V121/><F121/><W41/><G75/><N who="0" m="28715" /><D81/><U119/><E119/><V98/><F98/><W130/><G130/><T80/><D80/><U33/><E33/><V116/><F116/><W37/><G79/><T47/><D47/><U30/><E30/><V71/><F29/><W18/><G37/><T48/><D48/><U94/><REACH who="1" step="1"/><E44/><REACH who="1" ten="250,240,250,250" step="2"/><V57/><F34/><W101/><G31/><T0/><D0/><U40/><E40/><V114/><F114/><W5/><G113/><T63/><D63/><U17/><AGARI ba="0,1" hai="9,12,17,25,27,73,76,83,85,87,89,91,94,95" machi="17" ten="20,5200,0" yaku="1,1,0,1,7,1,9,1,53,0" doraHai="69" doraHaiUra="117" who="1" fromWho="1" sc="250,-26,240,62,250,-13,250,-13" /><INIT seed="1,0,0,2,2,123" ten="224,302,237,237" oya="1" hai0="75,32,43,111,16,28,0,108,93,87,98,120,38" hai1="72,50,65,6,122,27,127,24,101,85,107,71,82" hai2="84,29,47,39,91,135,119,61,10,115,133,12,1" hai3="124,114,95,21,18,2,67,131,81,128,78,64,109"/><U44/><E122/><V19/><F119/><W45/><G114/><T60/><D75/><U55/><E72/><V13/><F1/><W25/><G2/><T92/><D120/><U46/><E127/><V103/><F115/><W105/><G105/><T118/><D118/><U86/><E6/><V57/><F103/><W132/><G124/><T125/><D0/><U83/><E71/><V36/><F29/><W69/><G132/><T121/><D121/><U130/><E130/><N who="3" m="49706" /><G69/><T80/><D125/><U106/><E65/><N who="2" m="39087" /><F47/><W11/><G11/><T62/><D16/><U100/><E55/><V79/><F79/><W90/><G45/><N who="0" m="23799" /><D28/><U37/><REACH who="1" step="1"/><E50/><REACH who="1" ten="224,292,237,237" step="2"/><V70/><F70/><W126/><G126/><T22/><D60/><U35/><E35/><V34/><F34/><W3/><G3/><T14/><D62/><U56/><E56/><V53/><F53/><W23/><G67/><T110/><D32/><U15/><E15/><V4/><F13/><W68/><G64/><T58/><D58/><U116/><E116/><V51/><F51/><W102/><G68/><T113/><D113/><U117/><E117/><V48/><F48/><W88/><G25/><T89/><D14/><U74/><E74/><V42/><F4/><W8/><G23/><T7/><D22/><U9/><E9/><V76/><F10/><W54/><G21/><T49/><D7/><U33/><E33/><V96/><F12/><W17/><G8/><T30/><D49/><U112/><E112/><V31/><F36/><AGARI ba="0,1" hai="24,27,36,37,44,46,82,83,85,86,100,101,106,107" machi="36" ten="25,4800,0" yaku="1,1,22,2,53,0" doraHai="123" doraHaiUra="104" who="1" fromWho="2" sc="224,0,292,58,237,-48,237,0" /><INIT seed="1,1,0,5,4,55" ten="224,350,189,237" oya="1" hai0="43,92,121,48,103,84,35,46,66,107,69,127,4" hai1="62,22,115,135,10,60,12,58,119,129,1,77,9" hai2="125,42,51,97,108,78,85,79,17,80,83,117,27" hai3="86,21,106,105,32,95,40,70,71,114,75,88,23"/><U90/><E115/><V128/><F117/><W59/><G32/><T68/><D35/><U98/><E119/><V118/><F118/><W24/><G75/><T123/><D127/><U52/><E1/><V100/><F125/><W2/><G2/><T122/><D4/><U130/><E135/><V18/><F128/><N who="1" m="49257" /><E77/><V33/><F108/><W134/><G114/><T56/><D107/><U30/><E62/><V20/><F33/><W110/><G110/><T44/><D44/><U126/><E126/><V31/><F42/><W34/><G34/><T5/><D5/><U133/><E133/><V15/><F51/><W41/><G134/><T6/><D6/><U19/><E30/><V3/><F15/><W50/><G21/><T7/><D7/><U94/><AGARI ba="1,0" hai="9,10,12,19,22,52,58,60,90,94,98" m="49257" machi="94" ten="30,6000,0" yaku="19,1,52,1,54,1" doraHai="55" who="1" fromWho="1" sc="224,-21,350,63,189,-21,237,-21" /><INIT seed="1,2,0,0,5,98" ten="203,413,168,216" oya="1" hai0="44,71,104,33,86,115,62,106,64,100,48,77,59" hai1="51,2,55,6,88,37,49,40,24,96,34,114,125" hai2="54,99,36,66,14,118,10,9,108,60,18,72,19" hai3="123,42,1,76,17,57,105,94,95,101,63,78,117"/><U75/><E75/><V13/><F118/><W52/><G123/><T29/><D115/><U132/><E114/><V31/><F108/><W91/><G117/><T41/><D100/><U81/><E37/><V56/><F72/><W83/><G1/><T119/><D119/><U93/><E125/><V90/><F36/><W15/><G105/><T65/><D65/><U80/><E132/><V128/><F128/><W16/><G42/><T61/><D33/><U112/><E112/><V129/><F129/><W30/><G30/><T82/><REACH who="0" step="1"/><D29/><REACH who="0" ten="193,413,168,216" step="2"/><U79/><E34/><V8/><F31/><W32/><G32/><T58/><D58/><U69/><E69/><V53/><REACH who="2" step="1"/><F9/><REACH who="2" ten="193,413,158,216" step="2"/><W89/><G101/><T21/><D21/><U73/><E73/><V0/><F0/><W11/><G11/><T27/><D27/><U110/><E24/><V87/><F87/><N who="3" m="52543" /><G15/><T84/><D84/><U50/><E2/><V45/><F45/><W20/><G20/><T103/><D103/><U74/><E74/><V43/><F43/><W7/><G7/><T102/><D102/><U25/><E40/><V47/><F47/><W133/><G133/><T38/><D38/><U131/><E6/><V120/><F120/><W97/><G17/><T113/><D113/><U130/><E25/><V28/><F28/><W67/><G16/><T124/><D124/><U116/><E131/><V5/><F5/><W4/><G4/><T109/><D109/><U39/><E110/><V3/><F3/><W35/><G35/><T135/><D135/><U92/><E130/><V121/><F121/><W111/><G111/><RYUUKYOKU ba="2,2" sc="193,15,413,-15,158,15,216,-15" hai0="41,44,48,59,61,62,64,71,77,82,86,104,106" hai2="8,10,13,14,18,19,53,54,56,60,66,90,99" /><INIT seed="2,3,2,1,0,116" ten="208,398,173,201" oya="2" hai0="40,22,4,25,42,61,62,118,121,67,43,89,63" hai1="58,47,124,88,26,16,91,17,87,86,31,72,76" hai2="49,30,95,114,115,83,70,77,104,44,13,33,19" hai3="51,113,133,82,3,35,38,125,122,110,107,69,10"/><V117/><F117/><W112/><G82/><T108/><D121/><U123/><E72/><V96/><F104/><W109/><G51/><T48/><D108/><U15/><E124/><V128/><F70/><W94/><G94/><T134/><D134/><U75/><E75/><V7/><F33/><W37/><G10/><T36/><D36/><U11/><E123/><V132/><F128/><W28/><G28/><T46/><D118/><U1/><E1/><V45/><F30/><W0/><G0/><T85/><D4/><U71/><E71/><V66/><F66/><W90/><G90/><T27/><D67/><U55/><E47/><V135/><F7/><W18/><G18/><N who="0" m="12503" /><D27/><U80/><E87/><N who="2" m="48623" /><F44/><W102/><G110/><T59/><D59/><U9/><E31/><V120/><F120/><W81/><G113/><T50/><D46/><U74/><E74/><V106/><F106/><W84/><G112/><T101/><D101/><U20/><E9/><N who="2" m="6575" /><F114/><W8/><G107/><T57/><D57/><U12/><E26/><V52/><F115/><W5/><G69/><T21/><D21/><U105/><E105/><V53/><F53/><W98/><G109/><T130/><D130/><U79/><E79/><V6/><F6/><W29/><G5/><T41/><N who="0" m="10240" /><DORA hai="126" /><T92/><AGARI ba="3,2" hai="48,50,61,62,63,85,89,92" m="10240,12503" machi="92" ten="50,3200,0" yaku="4,1,8,1" doraHai="116,126" who="0" fromWho="0" sc="208,61,398,-11,173,-19,201,-11" /><INIT seed="3,0,0,3,3,14" ten="269,387,154,190" oya="3" hai0="52,5,70,116,33,123,87,48,80,135,29,43,37" hai1="77,53,76,88,128,78,25,94,24,73,82,45,120" hai2="32,106,119,105,129,13,71,34,51,126,85,65,132" hai3="118,81,27,66,101,86,134,17,131,59,10,100,23"/><W122/><G122/><T107/><D123/><U84/><E128/><V83/><F51/><W72/><G118/><T57/><D116/><U91/><E73/><V39/><F119/><W63/><G131/><T16/><D107/><N who="2" m="40970" /><F129/><W98/><G72/><T64/><D135/><U58/><E45/><V47/><F13/><N who="3" m="7351" /><G98/><T117/><D117/><U6/><E6/><V124/><F85/><W44/><G44/><N who="0" m="23663" /><D5/><U54/><E120/><V55/><F55/><N who="1" m="21001" /><E58/><V108/><F83/><W97/><G97/><AGARI ba="0,0" hai="24,25,76,77,78,82,84,88,91,94,97" m="21001" machi="97" ten="30,2000,0" yaku="8,1,54,1" doraHai="14" who="1" fromWho="3" sc="269,0,387,20,154,0,190,-20" owari="269,6.9,407,50.7,154,-34.6,170,-23.0" /></mjloggm>