<mjloggm ver="2.3"><GO type="225" lobby="0"/><UN n0="%E5%A4%8F%E9%88%B4%E9%88%B4%E5%A4%8F" n1="%E6%9C%88%E5%B3%B6%E5%9F%BA" n2="%E3%82%89%E3%81%84%E3%81%B5%E3%81%8C%E3%83%BC%E3%81%A9%E3%81%99%E3%81%8D" n3="%E3%81%90%E3%81%A1%E3%82%84%E3%81%BE" dan="16,16,17,16" rate="2148.53,2065.62,2133.05,2122.44" sx="F,M,M,M"/><TAIKYOKU oya="0"/><INIT seed="0,0,0,4,4,132" ten="250,250,250,250" oya="0" hai0="32,83,50,22,42,43,86,16,26,80,134,97,7" hai1="102,48,110,25,60,100,47,84,121,23,71,113,106" hai2="67,90,54,81,35,74,129,31,78,77,125,65,92" hai3="62,53,123,52,85,18,4,24,105,41,44,9,36"/><T89/><D134/><U119/><E121/><V28/><F129/><W79/><G105/><T115/><D115/><U30/><E119/><V70/><F125/><W122/><G18/><T5/><D32/><U120/><E120/><N who="3" m="46122" /><G24/><T98/><D83/><U17/><E113/><V112/><F112/><W57/><G85/><T66/><D66/><U124/><E110/><V93/><F70/><W103/><G103/><T12/><D50/><U34/><E71/><V20/><F35/><W75/><G79/><T109/><D109/><U73/><E60/><V61/><F61/><W69/><G75/><T14/><D14/><U58/><E58/><V63/><F63/><W127/><G69/><T133/><D133/><U111/><E73/><V94/><F77/><W82/><G82/><T0/><D0/><U131/><E106/><V39/><F78/><W27/><G27/><T108/><D108/><U107/><E107/><V72/><F81/><W68/><G68/><T91/><D91/><U6/><E111/><V117/><F90/><W51/><G9/><N who="0" m="4143" /><D7/><U21/><E6/><V2/><F74/><W46/><G4/><T10/><D10/><U95/><E34/><V3/><F72/><W118/><G118/><T56/><D56/><U76/><E76/><V99/><F117/><W126/><AGARI ba="0,0" hai="36,41,44,46,51,52,53,57,62,126,127" m="46122" machi="126" ten="30,12000,2" yaku="13,1,34,2,52,2,54,1" doraHai="132" who="3" fromWho="3" sc="250,-60,250,-30,250,-30,250,120" /><INIT seed="1,0,0,3,5,79" ten="190,220,220,370" oya="1" hai0="98,67,22,123,94,36,42,44,9,43,90,51,132" hai1="95,28,66,71,130,10,92,135,131,83,59,133,120" hai2="50,91,121,6,30,4,69,31,65,74,0,126,118" hai3="77,39,102,20,72,85,35,107,86,38,111,97,68"/><U7/><E120/><V113/><F121/><W87/><G35/><T8/><D123/><U13/><E71/><V70/><F118/><W124/><G68/><T61/><D132/><N who="1" m="50763" /><E28/><V47/><F74/><W112/><G112/><T12/><D43/><U117/><E117/><V100/><F113/><W57/><G111/><T127/><D127/><U29/><E29/><V41/><F100/><W45/><G124/><T129/><D129/><N who="1" m="49163" /><E83/><V25/><F126/><W75/><G20/><T46/><D46/><U106/><E106/><V18/><F31/><W64/><G45/><T26/><D12/><U81/><E81/><V3/><F70/><W54/><G107/><T84/><D36/><U115/><E115/><V101/><F30/><W128/><G38/><T73/><D73/><U110/><E110/><V23/><F0/><W82/><G39/><T49/><D49/><U53/><E66/><V63/><F3/><W96/><G64/><T114/><D114/><U108/><E108/><V17/><F65/><W80/><G128/><T119/><D119/><U40/><E40/><V48/><F69/><W21/><G80/><N who="0" m="49415" /><D67/><U2/><E2/><V34/><F41/><W1/><G1/><T32/><D32/><U93/><E93/><V37/><F34/><W60/><G75/><T103/><D61/><AGARI ba="0,0" hai="7,10,13,53,59,61,92,95" m="49163,50763" machi="61" ten="30,2900,0" yaku="20,1,19,1" doraHai="79" who="1" fromWho="0" sc="190,-29,220,29,220,0,370,0" /><INIT seed="1,1,0,2,3,20" ten="161,249,220,370" oya="1" hai0="29,93,13,17,28,53,61,129,118,45,113,50,78" hai1="85,2,96,19,119,94,116,89,127,128,14,0,43" hai2="30,103,77,84,8,41,97,52,107,131,80,100,102" hai3="90,74,111,67,15,98,10,81,47,88,6,18,34"/><U104/><E127/><V33/><F131/><W9/><G34/><T35/><D113/><U40/><E128/><V112/><F112/><W49/><G111/><T56/><D118/><U12/><E116/><V105/><F41/><W11/><G67/><T122/><D129/><U130/><E130/><V26/><F105/><W135/><G135/><T59/><D122/><U91/><E119/><V1/><REACH who="2" step="1"/><F52/><REACH who="2" ten="161,249,210,370" step="2"/><W121/><G47/><T69/><D69/><U101/><E43/><V32/><F32/><W4/><G121/><T58/><D35/><U7/><E40/><V73/><F73/><W62/><G74/><T124/><D124/><U70/><E70/><V16/><F16/><W42/><G18/><T123/><D123/><U3/><E7/><AGARI ba="1,1" hai="1,7,8,26,30,33,77,80,84,97,100,102,103,107" machi="7" ten="40,5200,0" yaku="1,1,52,1,53,1" doraHai="20" doraHaiUra="76" who="2" fromWho="1" sc="161,0,249,-55,210,65,370,0" /><INIT seed="2,0,0,5,0,101" ten="161,194,275,370" oya="2" hai0="9,26,33,37,113,63,56,17,66,112,119,94,6" hai1="99,77,11,128,83,18,110,92,89,39,55,4,121" hai2="45,107,98,86,28,111,88,126,79,43,41,23,13" hai3="52,100,114,78,48,22,44,1,68,80,35,118,40"/><V12/><F126/><W61/><G35/><T54/><D119/><U117/><E117/><V36/><F43/><W51/><G118/><T106/><D37/><U90/><E39/><V85/><F79/><W93/><G1/><T0/><D94/><U72/><E110/><V129/><F111/><W5/><G114/><T81/><D81/><U70/><E70/><V32/><F32/><W59/><G5/><T109/><D109/><U75/><E128/><V108/><F129/><W76/><G68/><T19/><D19/><U134/><E134/><V102/><F108/><W135/><G135/><T131/><D131/><U132/><E132/><V58/><F58/><W42/><G80/><T64/><D64/><U115/><E115/><V2/><F2/><W3/><G3/><T24/><D24/><U104/><E75/><V57/><F57/><W46/><G22/><T30/><D106/><U15/><E104/><V21/><F86/><W10/><G10/><T34/><D34/><U53/><E121/><V133/><F133/><W95/><G95/><T50/><REACH who="0" step="1"/><D17/><REACH who="0" ten="151,194,275,370" step="2"/><U74/><E18/><V7/><F36/><W122/><G122/><T124/><D124/><U20/><E92/><V97/><F107/><W125/><G125/><T130/><D130/><U91/><E83/><V38/><F38/><W127/><G127/><T120/><D120/><U31/><E31/><V84/><F28/><W73/><G73/><T69/><AGARI ba="0,1" hai="0,6,9,26,30,33,50,54,56,63,66,69,112,113" machi="69" ten="20,2700,0" yaku="1,1,0,1,7,1,53,0" doraHai="101" doraHaiUra="116" who="0" fromWho="0" sc="151,37,194,-7,275,-13,370,-7" /><INIT seed="3,0,0,2,0,85" ten="188,187,262,363" oya="3" hai0="15,135,84,9,111,81,107,94,64,57,79,101,91" hai1="31,120,129,7,13,96,113,12,49,97,25,70,1" hai2="36,51,93,65,0,82,100,115,131,16,89,109,41" hai3="62,19,60,124,74,88,87,42,6,48,17,45,105"/><W32/><G105/><T56/><D111/><U22/><E70/><V63/><F0/><W121/><G121/><T28/><D135/><U35/><E120/><V68/><F109/><W90/><G74/><T92/><D28/><U114/><E129/><V75/><F115/><W37/><G32/><T83/><D64/><U106/><E113/><V130/><F36/><W43/><G124/><T125/><D125/><U29/><E114/><V127/><F127/><W20/><G6/><N who="0" m="3511" /><D107/><U30/><E106/><V76/><F100/><W27/><G37/><T11/><D11/><N who="1" m="4223" /><E1/><V71/><F71/><W69/><G69/><T24/><D24/><U132/><E35/><V26/><F41/><W4/><G4/><T103/><D94/><U5/><E132/><V112/><F51/><W118/><G118/><T23/><D23/><U66/><E66/><V40/><F112/><W33/><G33/><T8/><D8/><N who="1" m="4239" /><E49/><V39/><F131/><W53/><G17/><AGARI ba="0,0" hai="17,22,25,29,30,31,96,97" m="4239,4223" machi="17" ten="30,1000,0" yaku="8,1" doraHai="85" who="1" fromWho="3" sc="188,0,187,10,262,0,363,-10" owari="188,-31.2,197,-20.3,262,6.2,353,45.3" /></mjloggm>