<mjloggm ver="2.3"><GO type="225" lobby="0"/><UN n0="%E3%81%BE%E3%81%A8%E3%81%9F" n1="%E6%A1%9C%E8%8A%B1%E9%96%83%E3%80%85" n2="%E3%81%82%E3%81%84%E3%81%82%E3%81%8A%E3%81%84" n3="%E3%83%B4%E3%83%A0%EF%BC%99%E3%81%A6" dan="16,17,18,17" rate="2070.28,2274.41,2191.81,2142.16" sx="M,M,M,M"/><TAIKYOKU oya="0"/><INIT seed="0,0,0,2,0,59" ten="250,250,250,250" oya="0" hai0="117,114,29,11,122,95,52,131,42,128,1,35,86" hai1="10,16,119,27,88,47,43,33,74,72,127,8,113" hai2="120,78,21,15,63,58,83,61,0,100,123,20,133" hai3="87,75,44,55,67,65,135,37,112,46,64,2,105"/><T94/><D114/><U91/><E119/><V121/><F0/><W19/><G75/><T6/><D117/><U28/><E113/><V84/><F133/><W49/><G105/><T124/><D122/><U68/><E68/><V54/><F100/><W106/><G106/><T73/><D73/><U45/><E127/><V85/><F15/><W110/><G112/><T107/><D107/><U71/><E71/><V9/><F9/><W60/><G2/><T103/><D124/><U3/><E3/><V129/><F129/><N who="0" m="49738" /><D42/><U14/><E8/><V134/><F134/><W12/><G135/><T38/><D38/><U23/><E74/><V115/><F115/><W32/><G32/><T50/><D103/><U57/><E72/><V101/><F101/><W97/><G97/><T40/><D40/><U90/><E43/><V36/><F36/><W96/><G96/><T62/><D86/><U92/><E92/><N who="0" m="35369" /><D29/><U18/><REACH who="1" step="1"/><E57/><REACH who="1" ten="250,240,250,250" step="2"/><V81/><REACH who="2" step="1"/><F63/><REACH who="2" ten="250,240,240,250" step="2"/><W56/><G56/><N who="0" m="35079" /><D35/><U53/><E53/><V30/><F30/><W22/><G55/><T70/><D70/><U39/><E39/><V132/><F132/><W118/><G37/><T66/><D66/><U102/><E102/><V98/><F98/><W17/><G118/><T80/><D50/><U5/><E5/><V130/><F130/><W116/><G116/><T109/><D6/><U77/><E77/><AGARI ba="0,2" hai="20,21,54,58,61,77,78,81,83,84,85,120,121,123" machi="77" ten="40,8000,1" yaku="1,1,9,1,52,1,53,2" doraHai="59" doraHaiUra="82" who="2" fromWho="1" sc="250,0,240,-80,240,100,250,0" /><INIT seed="1,0,0,0,1,47" ten="250,160,340,250" oya="1" hai0="48,29,40,60,92,54,99,53,39,96,113,95,22" hai1="82,90,7,89,71,59,75,5,24,108,115,51,88" hai2="109,122,26,50,84,67,114,20,8,78,23,57,133" hai3="16,132,56,116,64,112,37,97,46,1,111,86,65"/><U44/><E115/><V9/><F122/><W19/><G112/><T129/><D113/><U21/><E71/><V33/><F114/><W36/><G1/><T123/><D123/><U83/><E108/><V110/><F33/><W68/><G111/><N who="2" m="42505" /><F133/><W27/><G68/><T98/><D39/><U62/><E75/><V76/><F23/><W106/><G132/><T81/><D129/><U72/><E72/><V118/><F118/><W69/><G69/><T73/><D60/><U63/><E83/><N who="2" m="47207" /><F78/><W102/><G116/><T32/><D81/><U134/><E82/><V13/><F13/><W100/><G100/><T35/><D32/><U43/><E134/><V117/><F117/><W12/><G86/><T94/><D35/><U4/><REACH who="1" step="1"/><E59/><REACH who="1" ten="250,150,340,250" step="2"/><V17/><F57/><W125/><G56/><T3/><D73/><U105/><E105/><V126/><F126/><W77/><G125/><T121/><D121/><U34/><E34/><V101/><F101/><W107/><G107/><T15/><D3/><U130/><E130/><V135/><F135/><W91/><G106/><T52/><D40/><U58/><E58/><V104/><F104/><W120/><G102/><T128/><D128/><U103/><E103/><V87/><F67/><W0/><G0/><T131/><D131/><U85/><E85/><V6/><F87/><W42/><G64/><T55/><D95/><U70/><E70/><V10/><F6/><W119/><G65/><T14/><D94/><U25/><E25/><V38/><F26/><W31/><G119/><T80/><D92/><U93/><E93/><V127/><F127/><RYUUKYOKU ba="0,1" sc="250,-10,150,30,340,-10,250,-10" hai1="4,5,7,21,24,43,44,51,62,63,88,89,90" /><INIT seed="1,1,1,0,2,111" ten="240,180,330,240" oya="1" hai0="52,91,113,105,58,30,6,133,38,95,9,98,33" hai1="39,108,48,10,84,80,51,25,85,122,21,90,61" hai2="130,72,121,123,110,55,63,27,0,62,94,126,36" hai3="89,53,101,114,17,78,12,23,65,44,99,49,34"/><U22/><E122/><V56/><F0/><W7/><G34/><T50/><D133/><U112/><E108/><V66/><F72/><W119/><G119/><T131/><D131/><U60/><E39/><V83/><F83/><W124/><G124/><T1/><D38/><U18/><E112/><V104/><F104/><W127/><G127/><T59/><D105/><U67/><E10/><V41/><F126/><W47/><G78/><T19/><D113/><U70/><E61/><V3/><F3/><W20/><G65/><T103/><D19/><U28/><REACH who="1" step="1"/><E85/><REACH who="1" ten="240,170,330,240" step="2"/><V134/><F63/><W92/><G114/><T16/><D103/><U118/><E118/><V102/><F62/><W8/><G101/><T75/><D75/><U57/><E57/><V88/><F56/><W29/><G47/><T40/><D59/><U35/><E35/><V76/><F36/><W116/><G116/><T37/><D33/><U26/><AGARI ba="1,2" hai="18,21,22,25,26,28,48,51,60,67,70,80,84,90" machi="26" ten="20,3900,0" yaku="1,1,0,1,7,1,53,0" doraHai="111" doraHaiUra="11" who="1" fromWho="1" sc="240,-14,170,62,330,-14,240,-14" /><INIT seed="1,2,0,1,2,118" ten="226,232,316,226" oya="1" hai0="97,95,133,83,21,31,27,33,7,135,72,85,59" hai1="115,109,11,130,22,26,132,74,87,67,2,99,98" hai2="119,17,75,52,36,56,82,96,108,44,92,38,13" hai3="93,3,71,28,131,110,78,1,6,54,125,84,4"/><U49/><E74/><V123/><F108/><W90/><G71/><T0/><D72/><U81/><E115/><V50/><F123/><W58/><G110/><T66/><D33/><U91/><E109/><V12/><F119/><W70/><G70/><T64/><D7/><U116/><E116/><V5/><F5/><W35/><G125/><T100/><D0/><U128/><E67/><V29/><F29/><W114/><G114/><T37/><D37/><U61/><E61/><V18/><F56/><W32/><G131/><N who="1" m="50218" /><E132/><V55/><F55/><W10/><G28/><T60/><REACH who="0" step="1"/><D64/><REACH who="0" ten="216,232,316,226" step="2"/><U112/><E112/><V48/><F75/><W113/><G113/><T16/><D16/><N who="1" m="12615" /><E49/><V94/><F50/><W20/><G6/><AGARI ba="2,1" hai="2,6,11,81,87,91,98,99" m="12615,50218" machi="6" ten="30,2900,0" yaku="19,1,54,1" doraHai="118" who="1" fromWho="3" sc="216,0,232,45,316,0,226,-35" /><INIT seed="1,3,0,2,0,91" ten="216,277,316,191" oya="1" hai0="109,42,134,97,122,88,75,103,2,38,41,82,135" hai1="60,62,100,3,61,46,11,4,66,12,107,131,132" hai2="22,96,20,123,98,33,124,72,130,74,39,13,35" hai3="111,65,77,47,80,19,9,5,76,127,85,78,15"/><U128/><E132/><N who="0" m="50729" /><D2/><U31/><E31/><V18/><F39/><W1/><G111/><T32/><D32/><U129/><E46/><V45/><F123/><W84/><G127/><T24/><D24/><U121/><E121/><V102/><F124/><W83/><G65/><T113/><D122/><U37/><E37/><V48/><F130/><W6/><G1/><T57/><D113/><U118/><E118/><V126/><F126/><W28/><G28/><T117/><D117/><U49/><E49/><V101/><F48/><W104/><G104/><T63/><D109/><U40/><E40/><V119/><F45/><W59/><G47/><T50/><D50/><U112/><E112/><V81/><F119/><W16/><G59/><T54/><D38/><U29/><E29/><V70/><F70/><W14/><G76/><N who="0" m="44319" /><D88/><U110/><E110/><V36/><F36/><W116/><G116/><T67/><D67/><U26/><E26/><V94/><F22/><AGARI ba="3,0" hai="5,6,9,14,15,16,19,22,77,78,80,83,84,85" machi="22" ten="30,7700,0" yaku="7,1,9,1,8,1,54,1" doraHai="91" who="3" fromWho="2" sc="216,0,277,0,316,-86,191,86" /><INIT seed="2,0,0,1,3,106" ten="216,277,230,277" oya="2" hai0="101,11,22,89,125,130,127,126,58,29,49,56,99" hai1="12,59,84,27,57,78,72,63,39,37,82,69,14" hai2="67,43,4,0,28,40,64,117,54,47,32,118,108" hai3="16,109,19,18,26,20,71,52,134,120,65,62,112"/><V98/><F108/><W75/><G120/><T97/><D130/><U66/><E27/><V15/><F0/><W135/><G109/><T60/><D49/><U104/><E104/><V34/><F98/><W1/><G1/><T7/><D56/><U111/><E111/><V87/><F87/><W90/><G112/><T103/><D89/><U13/><REACH who="1" step="1"/><E84/><REACH who="1" ten="216,267,230,277" step="2"/><V122/><F118/><W91/><G75/><T46/><D103/><U105/><E105/><V119/><F117/><W21/><G26/><N who="0" m="16599" /><D101/><U114/><E114/><V45/><F119/><W133/><G90/><T42/><D127/><U10/><E10/><V116/><F116/><W51/><G91/><T36/><D126/><U74/><E74/><V53/><F122/><W76/><G76/><T123/><D125/><U23/><E23/><V38/><F34/><W41/><G41/><T17/><D123/><U44/><E44/><AGARI ba="0,1" hai="16,18,19,20,21,44,51,52,62,65,71,133,134,135" machi="44" ten="50,6400,0" yaku="20,1,54,2" doraHai="106" who="3" fromWho="1" sc="216,0,267,-64,230,0,277,74" /><INIT seed="3,0,0,3,4,109" ten="216,203,230,351" oya="3" hai0="5,1,128,101,92,118,113,85,105,116,10,60,119" hai1="56,67,19,98,110,4,122,33,82,14,18,46,108" hai2="16,36,48,7,81,6,126,62,131,70,134,112,130" hai3="34,103,123,117,87,84,15,27,61,41,78,89,72"/><W52/><G123/><T17/><D128/><N who="2" m="49194" /><F36/><W39/><G117/><T106/><D17/><N who="1" m="6155" /><E122/><V124/><F112/><W47/><G103/><T100/><D113/><U55/><E33/><V83/><F48/><W90/><G15/><T20/><D20/><U64/><E46/><V65/><F134/><W76/><G72/><T93/><D60/><N who="1" m="35871" /><E98/><V9/><F16/><W42/><G42/><T49/><D49/><U77/><E108/><V104/><F104/><W127/><G127/><N who="2" m="48681" /><F6/><W73/><G39/><T45/><D45/><U40/><E40/><V96/><F96/><W23/><G47/><T28/><D106/><U69/><E69/><V121/><F121/><W38/><G38/><T31/><D105/><U79/><E110/><V114/><F114/><W120/><G41/><T88/><REACH who="0" step="1"/><D93/><REACH who="0" ten="206,203,230,351" step="2"/><U135/><E135/><V71/><F71/><W26/><G120/><T30/><AGARI ba="0,1" hai="1,5,10,28,30,31,85,88,92,100,101,116,118,119" machi="30" ten="40,8000,1" yaku="1,1,2,1,0,1,54,1,53,0" doraHai="109" doraHaiUra="57" who="0" fromWho="0" sc="206,90,203,-20,230,-20,351,-40" owari="296,9.6,183,-31.7,210,-19.0,311,41.1" /></mjloggm>