<mjloggm ver="2.3"><GO type="225" lobby="0"/><UN n0="%E3%83%A9%E3%82%B9%E7%8E%87%EF%BC%93%E5%89%B2" n1="%E7%B4%94%E6%BD%94%E3%83%94%E3%83%A9%E3%83%8B%E3%82%A2" n2="%72%61%6B%33" n3="%EF%BC%AE%EF%BC%A1%EF%BC%AF%33%33%39" dan="17,17,16,16" rate="2187.13,2217.99,2121.09,2170.86" sx="F,M,M,M"/><TAIKYOKU oya="0"/><INIT seed="0,0,0,2,4,134" ten="250,250,250,250" oya="0" hai0="77,32,92,14,85,51,99,52,43,10,103,82,3" hai1="95,9,67,128,36,5,33,79,53,101,57,132,42" hai2="47,71,30,40,21,123,48,113,109,18,93,4,68" hai3="120,110,97,35,118,6,122,41,56,63,80,87,20"/><T125/><D125/><U7/><E33/><V1/><F113/><W114/><G114/><T119/><D32/><U75/><E67/><V59/><F123/><W108/><G35/><T102/><D119/><U16/><E36/><V2/><F109/><N who="3" m="42091" /><G41/><T28/><D3/><U38/><E38/><V65/><F30/><W37/><G37/><T116/><D116/><U11/><E42/><V130/><F130/><W100/><G6/><T8/><D28/><U12/><E75/><V50/><F71/><W131/><G20/><T34/><D34/><U94/><E79/><V105/><F105/><N who="3" m="63631" /><G118/><T106/><D43/><U127/><E128/><V90/><F68/><W64/><G131/><T88/><D106/><U55/><E101/><N who="0" m="38409" /><D14/><U115/><E12/><V112/><F112/><W60/><G60/><T61/><D61/><U107/><E107/><V76/><F2/><W135/><G135/><T39/><D39/><U83/><E132/><V13/><F1/><W58/><G58/><AGARI ba="0,0" hai="8,10,51,52,58,77,82,85,88,92,99" m="38409" machi="58" ten="30,5800,0" yaku="8,1,54,2" doraHai="134" who="0" fromWho="3" sc="250,58,250,0,250,0,250,-58" /><INIT seed="0,1,0,0,5,11" ten="308,250,250,192" oya="0" hai0="125,118,5,64,85,76,91,2,89,120,46,7,52" hai1="117,82,101,110,67,77,42,69,128,63,13,36,94" hai2="23,109,97,12,43,15,88,58,104,107,113,90,130" hai3="22,44,38,122,131,92,111,126,47,132,40,18,59"/><T50/><D118/><U112/><E117/><V39/><F113/><W103/><G111/><T86/><D120/><U75/><E110/><V98/><F109/><W29/><G29/><T31/><D125/><U102/><E128/><V9/><F58/><W0/><G0/><T105/><D105/><U14/><E112/><V65/><F65/><W80/><G80/><T45/><D64/><U3/><E3/><V60/><F60/><W71/><G71/><T57/><D31/><U83/><E83/><V119/><F119/><W127/><G59/><T66/><D76/><U61/><E61/><V34/><F34/><W10/><G10/><T121/><D121/><U133/><E133/><V123/><F123/><W17/><G122/><T4/><D2/><U33/><E33/><V95/><F130/><W30/><G47/><N who="0" m="17931" /><D66/><U135/><E135/><V106/><F43/><W55/><G55/><T1/><D1/><U32/><E42/><V27/><F9/><W78/><G78/><T100/><D100/><U6/><E6/><V26/><F39/><W41/><G41/><T20/><D20/><U73/><E36/><V54/><F54/><W28/><G131/><T96/><D96/><N who="1" m="59543" /><E102/><V84/><F98/><N who="3" m="59847" /><G132/><T62/><D62/><U68/><E32/><V99/><F97/><W56/><G56/><T51/><D51/><U70/><E75/><V108/><F108/><W134/><G134/><T124/><D124/><N who="3" m="47657" /><G30/><T114/><D114/><U115/><E115/><V87/><F99/><W53/><G53/><T93/><D5/><U49/><E49/><V79/><F107/><W37/><G37/><RYUUKYOKU ba="1,0" sc="308,10,250,10,250,-30,192,10" hai0="4,7,50,52,57,85,86,89,91,93" hai1="13,14,63,67,68,69,70,73,77,82" hai3="17,18,22,28,38,40,44" /><INIT seed="0,2,0,5,5,85" ten="318,260,220,202" oya="0" hai0="51,34,74,40,7,127,90,82,91,32,45,56,89" hai1="92,0,80,4,64,98,1,24,42,106,103,108,27" hai2="94,120,5,10,46,47,129,31,135,101,95,122,23" hai3="57,131,128,76,17,49,100,63,72,65,107,41,14"/><T96/><D7/><U115/><E42/><V43/><F129/><W111/><G111/><T50/><D96/><U66/><E108/><V110/><F110/><W3/><G3/><T18/><D127/><U114/><E80/><V6/><F135/><W78/><G72/><T58/><D18/><U79/><E79/><V69/><F69/><W54/><G41/><T19/><D19/><U125/><E106/><V88/><F23/><W105/><G78/><T36/><D82/><U73/><E73/><V84/><F31/><W33/><G33/><T59/><REACH who="0" step="1"/><D74/><REACH who="0" ten="308,260,220,202" step="2"/><U71/><E125/><V75/><F75/><W25/><G100/><T68/><D68/><U15/><E0/><V22/><F6/><W39/><G128/><T112/><D112/><N who="1" m="43051" /><E1/><V20/><F5/><W29/><G131/><T21/><D21/><U26/><E71/><V62/><F20/><W2/><G2/><T126/><D126/><U118/><E118/><V55/><F22/><W102/><G102/><T130/><D130/><U133/><E133/><V132/><F132/><W30/><G30/><T121/><D121/><U67/><E4/><V16/><F122/><W81/><G29/><T117/><D117/><U12/><AGARI ba="2,1" hai="12,15,24,26,27,64,66,67,92,98,103" m="43051" machi="12" ten="40,1500,0" yaku="11,1" doraHai="85" who="1" fromWho="1" sc="308,-9,260,31,220,-6,202,-6" /><INIT seed="1,0,0,1,1,125" ten="299,291,214,196" oya="1" hai0="116,37,22,89,4,74,120,117,20,133,62,26,104" hai1="97,51,5,124,68,8,49,34,16,2,114,40,131" hai2="94,47,119,118,45,108,46,12,3,121,30,83,10" hai3="0,28,127,122,18,44,36,134,75,98,69,15,99"/><U126/><E114/><V58/><F121/><W135/><G122/><T106/><D120/><U80/><E68/><V27/><F108/><W53/><G75/><T6/><D74/><U92/><E34/><V130/><F3/><W7/><G69/><T71/><D71/><U33/><E33/><V35/><F83/><W78/><G78/><T112/><D62/><U76/><E16/><V25/><F25/><W73/><G73/><T100/><D26/><U23/><E23/><V64/><F94/><W84/><G84/><T81/><D81/><U48/><E40/><V79/><F79/><W54/><G28/><T57/><D57/><U132/><E132/><N who="3" m="50730" /><G0/><T43/><D133/><U123/><E123/><V77/><F77/><W67/><G67/><T39/><D112/><U93/><E93/><V63/><REACH who="2" step="1"/><F130/><REACH who="2" ten="299,291,204,196" step="2"/><W61/><G127/><N who="1" m="48682" /><E80/><V1/><F1/><W87/><G98/><T38/><D106/><U86/><E86/><V17/><AGARI ba="0,1" hai="10,12,17,27,30,35,45,46,47,58,63,64,118,119" machi="17" ten="30,4000,0" yaku="1,1,0,1,53,1" doraHai="125" doraHaiUra="59" who="2" fromWho="2" sc="299,-10,291,-20,204,50,196,-10" /><INIT seed="2,0,0,3,3,85" ten="289,271,254,186" oya="2" hai0="73,80,121,91,31,126,64,1,15,82,101,135,77" hai1="90,87,59,79,117,58,25,35,61,13,5,30,130" hai2="51,131,93,9,83,18,112,116,100,39,124,96,71" hai3="2,86,0,107,6,75,132,57,67,12,106,32,63"/><V81/><F112/><W99/><G75/><T34/><D1/><U109/><E117/><V44/><F116/><W66/><G32/><T133/><D121/><U113/><E109/><V3/><F71/><W65/><G132/><N who="0" m="50763" /><D126/><U129/><E113/><V52/><F124/><W36/><G36/><T53/><D64/><U21/><E79/><V119/><F119/><W104/><G99/><T110/><D101/><U118/><E118/><V11/><F131/><N who="1" m="50185" /><E5/><V8/><F3/><W94/><G2/><T54/><D15/><U76/><E76/><V95/><F39/><W115/><G0/><T24/><D110/><U43/><E43/><V45/><F45/><W103/><G115/><T42/><D42/><U123/><E123/><V7/><F7/><W28/><G28/><T68/><D68/><U114/><E114/><V98/><F18/><W60/><G103/><AGARI ba="0,0" hai="8,9,11,44,51,52,81,83,93,95,96,98,100,103" machi="103" ten="40,7700,0" yaku="9,1,8,1,54,1" doraHai="85" who="2" fromWho="3" sc="289,0,271,0,254,77,186,-77" /><INIT seed="2,1,0,2,5,49" ten="289,271,331,109" oya="2" hai0="21,33,20,98,109,83,60,59,92,78,88,91,107" hai1="65,34,120,27,13,28,125,51,19,44,108,129,126" hai2="115,56,102,11,2,57,53,80,116,85,112,119,14" hai3="62,38,32,10,42,113,81,101,131,0,39,9,41"/><V122/><F122/><W130/><G32/><T94/><D109/><U50/><E108/><V111/><F2/><W4/><G101/><T67/><D107/><U37/><E120/><V1/><F1/><W45/><G10/><T18/><D33/><U105/><E105/><V23/><F111/><W36/><G113/><T87/><REACH who="0" step="1"/><D18/><REACH who="0" ten="279,271,331,109" step="2"/><U75/><E19/><V86/><F115/><W121/><G121/><T73/><AGARI ba="1,1" hai="20,21,59,60,67,73,78,83,87,88,91,92,94,98" machi="73" ten="20,12000,2" yaku="1,1,2,1,0,1,7,1,54,1,53,2" doraHai="49" doraHaiUra="89" who="0" fromWho="0" sc="279,133,271,-31,331,-61,109,-31" /><INIT seed="3,0,0,4,1,60" ten="412,240,270,78" oya="3" hai0="15,113,89,80,18,82,71,19,125,95,73,99,61" hai1="67,77,70,6,97,57,105,106,126,114,9,48,118" hai2="128,58,78,93,127,20,76,94,75,55,101,40,120" hai3="22,43,110,64,117,51,123,46,1,62,100,12,103"/><W90/><G1/><T35/><D35/><U24/><E114/><V88/><F127/><W28/><G117/><T39/><D39/><U38/><E38/><V124/><F124/><W83/><G123/><T87/><D113/><U65/><E70/><V47/><F128/><W29/><G110/><T16/><D73/><U5/><E126/><V130/><F130/><W33/><G33/><T109/><D109/><U98/><E77/><V32/><F75/><W79/><G90/><N who="0" m="55799" /><D71/><U2/><E118/><V119/><F32/><W108/><G108/><T96/><D61/><U134/><E134/><V49/><F120/><W45/><G45/><T50/><D96/><N who="1" m="36971" /><E2/><V52/><F101/><W133/><G133/><T91/><D50/><U135/><E135/><V115/><F115/><W69/><G29/><T92/><D125/><U122/><E106/><V17/><F119/><W3/><G3/><T21/><D91/><U8/><E24/><V27/><F55/><W102/><G28/><T86/><D86/><U74/><E74/><V34/><F34/><W36/><G36/><T0/><D0/><U53/><E105/><V81/><F81/><AGARI ba="0,0" hai="15,16,18,19,21,80,81,82,87,89,92" m="55799" machi="81" ten="30,2000,0" yaku="8,1,54,1" doraHai="60" who="0" fromWho="2" sc="412,20,240,0,270,-20,78,0" owari="432,53.2,240,-16.0,250,5.0,78,-42.2" /></mjloggm>