<mjloggm ver="2.3"><GO type="225" lobby="0"/><UN n0="%5C%28%E2%89%A7%E2%96%BD%E2%89%A6%29%2F" n1="%E6%B5%81%E3%82%8C%EF%BC%9F%53%4F%41" n2="%72%65%6E%6B%75%6E" n3="%E3%83%96%E3%83%83%E3%83%91%E3%82%AA%E3%83%96%E3%83%81%E3%82%AD%E3%83%B3" dan="16,17,17,16" rate="2083.47,2238.80,2207.21,2205.60" sx="M,M,M,M"/><TAIKYOKU oya="0"/><INIT seed="0,0,0,3,4,15" ten="250,250,250,250" oya="0" hai0="28,41,70,76,101,38,90,80,46,77,16,37,66" hai1="102,25,85,104,88,48,0,103,65,7,17,135,81" hai2="106,32,56,113,121,111,82,84,19,55,134,124,1" hai3="92,53,128,26,95,44,78,30,100,42,99,23,115"/><T61/><D101/><N who="1" m="38411" /><E104/><V45/><F106/><W47/><G128/><T34/><D38/><U98/><E0/><V122/><F113/><W108/><G108/><T133/><D133/><U72/><E72/><V9/><F134/><W68/><G115/><T112/><D112/><U83/><E7/><V109/><F32/><W24/><G68/><T20/><D28/><U54/><E65/><V97/><F124/><W126/><G126/><T14/><REACH who="0" step="1"/><D34/><REACH who="0" ten="240,250,250,250" step="2"/><U114/><E114/><V129/><F121/><W119/><G100/><T29/><D29/><U94/><E135/><V91/><F122/><W79/><G30/><T13/><D13/><U18/><E25/><V49/><F111/><W64/><G26/><T86/><AGARI ba="0,1" hai="14,16,20,37,41,46,61,66,70,76,77,80,86,90" machi="86" ten="30,12000,1" yaku="1,1,0,1,52,1,54,1,53,1" doraHai="15" doraHaiUra="60" who="0" fromWho="0" sc="240,130,250,-40,250,-40,250,-40" /><INIT seed="0,1,0,5,0,65" ten="370,210,210,210" oya="0" hai0="30,16,70,134,44,118,52,48,58,96,83,85,63" hai1="107,56,130,62,90,10,99,75,79,87,116,6,127" hai2="113,21,55,29,68,40,24,47,38,77,103,80,101" hai3="112,2,18,3,26,46,22,34,119,135,13,74,102"/><T23/><D118/><U92/><E116/><V32/><F113/><W1/><G119/><T100/><D134/><U105/><E130/><V25/><F55/><W7/><G74/><T33/><D33/><U4/><E127/><V49/><F38/><W14/><G102/><T59/><D30/><U117/><E117/><V54/><F40/><W121/><G112/><T104/><D70/><U89/><E79/><V50/><F50/><W111/><G46/><T19/><D23/><U43/><E75/><V67/><F67/><W84/><G84/><T94/><D104/><U106/><E43/><V131/><F68/><W9/><G111/><T81/><D59/><U35/><E35/><V128/><F128/><W133/><G121/><T88/><D81/><U114/><E10/><V60/><F60/><W109/><G109/><T57/><D57/><U78/><E78/><V73/><REACH who="2" step="1"/><F131/><REACH who="2" ten="370,210,200,210" step="2"/><W126/><G126/><T11/><D11/><U53/><REACH who="1" step="1"/><E114/><REACH who="1" ten="370,200,200,210" step="2"/><V82/><F82/><AGARI ba="1,2" hai="4,6,53,56,62,82,87,89,90,92,99,105,106,107" machi="82" ten="40,2600,0" yaku="1,1,2,1,53,0" doraHai="65" doraHaiUra="5" who="1" fromWho="2" sc="370,0,200,49,200,-29,210,0" /><INIT seed="1,0,0,5,0,127" ten="370,249,171,210" oya="1" hai0="132,26,57,74,134,72,83,96,25,48,18,103,75" hai1="112,8,20,5,78,65,68,49,9,4,22,69,3" hai2="14,109,56,13,46,63,7,115,15,19,6,117,67" hai3="133,113,82,58,95,71,97,40,93,32,114,79,84"/><U54/><E112/><V131/><F117/><W73/><G71/><T94/><D18/><U47/><E78/><V101/><F115/><W30/><G133/><N who="0" m="51307" /><D83/><U34/><E34/><V11/><F109/><W85/><G40/><T39/><D39/><U116/><E116/><V76/><F76/><W102/><G58/><T38/><D38/><U87/><E87/><N who="3" m="33354" /><G30/><T33/><D33/><U55/><E55/><AGARI ba="0,0" hai="25,26,48,55,57,72,74,75,94,96,103" m="51307" machi="55" ten="40,1300,0" yaku="20,1" doraHai="127" who="0" fromWho="1" sc="370,13,249,-13,171,0,210,0" /><INIT seed="2,0,0,2,3,33" ten="383,236,171,210" oya="2" hai0="35,123,80,30,111,21,20,114,85,40,127,117,62" hai1="17,34,31,29,44,81,36,88,120,84,12,75,45" hai2="130,24,87,119,97,27,100,104,60,94,95,51,6" hai3="108,54,98,16,86,3,37,115,71,110,25,112,68"/><V7/><F119/><W82/><G37/><T116/><D114/><N who="3" m="43561" /><G54/><T55/><D123/><U5/><E75/><V124/><F124/><W2/><G98/><T13/><D40/><U72/><E72/><V42/><F130/><W133/><G133/><T49/><D127/><U92/><E34/><V10/><F60/><W67/><G25/><N who="2" m="9801" /><F104/><W28/><G16/><N who="0" m="10255" /><D21/><U61/><E36/><V113/><F113/><W39/><G28/><N who="1" m="10826" /><E5/><N who="2" m="1547" /><F10/><W128/><G39/><T109/><D62/><U73/><E73/><V52/><F42/><W9/><G9/><T19/><D30/><U77/><E120/><V48/><F52/><W32/><G32/><T122/><D35/><U99/><E61/><V18/><F18/><W131/><G67/><T65/><D19/><U69/><E69/><N who="3" m="26698" /><G131/><T121/><D65/><U23/><AGARI ba="0,0" hai="12,17,23,44,45,77,81,84,88,92,99" m="10826" machi="23" ten="30,2000,0" yaku="8,1,54,1" doraHai="33" who="1" fromWho="1" sc="383,-5,236,20,171,-10,210,-5" /><INIT seed="3,0,0,1,5,24" ten="378,256,161,205" oya="3" hai0="108,8,95,132,39,99,70,48,122,69,58,28,13" hai1="81,54,0,34,59,43,121,73,86,87,41,90,80" hai2="5,3,49,17,133,22,65,78,21,42,125,126,47" hai3="97,30,9,72,131,123,18,6,96,103,11,110,115"/><W102/><G115/><T68/><D39/><U1/><E34/><V7/><F65/><W119/><G119/><T4/><D122/><U114/><E114/><V118/><F78/><W83/><G123/><T66/><D28/><U38/><E73/><V50/><F47/><W35/><G131/><T37/><D37/><U104/><E104/><V53/><F53/><W20/><G110/><T32/><D32/><U120/><E120/><V33/><F33/><W12/><G72/><T62/><D108/><U112/><E112/><V61/><F61/><W82/><G35/><T100/><D132/><U36/><E36/><V105/><F17/><W44/><G44/><T85/><D85/><U23/><E121/><V93/><F93/><W31/><G20/><T29/><D29/><N who="3" m="10761" /><G97/><T55/><AGARI ba="0,0" hai="4,8,13,48,55,58,62,66,68,69,70,95,99,100" machi="55" ten="30,1100,0" yaku="0,1" doraHai="24" who="0" fromWho="0" sc="378,11,256,-3,161,-3,205,-5" owari="389,48.9,253,5.3,158,-34.2,200,-20.0" /></mjloggm>