<mjloggm ver="2.3"><GO type="225" lobby="0"/><UN n0="%68%75%69%68%75%69" n1="%E9%A6%AC%E5%BC%95%E7%81%AB%33" n2="%45%6C%79%73%69%75%6D" n3="%E7%99%BD%E6%97%A5%E9%9B%AA%E8%8F%9C" dan="16,16,16,17" rate="2116.18,2163.69,2090.91,2161.74" sx="M,M,M,M"/><TAIKYOKU oya="0"/><INIT seed="0,0,0,3,4,60" ten="250,250,250,250" oya="0" hai0="62,27,109,107,104,49,106,81,21,131,84,46,134" hai1="25,72,103,89,37,116,23,24,20,127,102,80,78" hai2="96,64,128,30,19,8,132,67,50,5,38,83,16" hai3="36,42,133,119,88,28,95,6,74,35,68,99,125"/><T118/><D118/><U31/><E116/><V108/><F38/><W69/><G119/><T4/><D131/><U135/><E127/><V51/><F128/><W57/><G74/><T1/><D134/><U32/><E135/><V47/><F132/><W105/><G133/><T44/><D109/><U61/><E37/><V120/><F120/><W122/><G125/><T115/><D115/><U63/><E32/><V59/><F108/><W65/><G6/><T17/><D4/><U26/><E26/><V71/><F71/><W13/><G13/><T10/><D10/><U113/><E113/><V92/><F30/><W34/><G122/><T2/><D62/><U101/><REACH who="1" step="1"/><E89/><REACH who="1" ten="250,240,250,250" step="2"/><N who="2" m="55311" /><F83/><W87/><G35/><T41/><REACH who="0" step="1"/><D46/><REACH who="0" ten="240,240,250,250" step="2"/><U121/><E121/><V129/><F129/><W33/><G33/><T54/><D54/><U40/><E40/><V130/><F130/><W126/><G34/><T58/><D58/><U111/><E111/><V73/><F59/><W22/><G57/><T112/><D112/><U53/><E53/><V0/><F47/><W70/><G42/><T86/><D86/><U82/><E82/><V110/><F110/><W124/><G87/><T114/><D114/><U79/><E79/><AGARI ba="0,2" hai="1,2,17,21,27,41,44,49,79,81,84,104,106,107" machi="79" ten="40,3900,0" yaku="1,1,53,1" doraHai="60" doraHaiUra="18" who="0" fromWho="1" sc="240,59,240,-39,250,0,250,0" /><INIT seed="0,1,0,1,1,91" ten="299,201,250,250" oya="0" hai0="36,90,126,41,25,8,10,101,103,19,99,49,115" hai1="39,118,69,59,16,22,43,123,112,18,62,92,135" hai2="38,77,13,111,67,48,27,71,81,68,51,97,7" hai3="14,76,114,73,23,61,85,34,65,31,35,53,5"/><T132/><D115/><U28/><E118/><V110/><F38/><W54/><G114/><T134/><D36/><U94/><E123/><V45/><F27/><W75/><G75/><T88/><D126/><U58/><E112/><V50/><F45/><W57/><G73/><T127/><D127/><U86/><E69/><V3/><F3/><W122/><G122/><T120/><D120/><U96/><E135/><N who="0" m="51753" /><D103/><U30/><E39/><V130/><F130/><W60/><G35/><T24/><D41/><U4/><E4/><V116/><F116/><W56/><G34/><T104/><D49/><U105/><E105/><V95/><F13/><W78/><G85/><T125/><D125/><U109/><E109/><N who="2" m="41483" /><F67/><W17/><G31/><N who="1" m="11818" /><E43/><V21/><F21/><W124/><G124/><T79/><D79/><N who="3" m="30249" /><G5/><T55/><D55/><AGARI ba="1,0" hai="14,17,23,53,54,55,56,57,60,61,65" m="30249" machi="55" ten="30,1000,0" yaku="8,1" doraHai="91" who="3" fromWho="0" sc="299,-13,201,0,250,0,250,13" /><INIT seed="1,0,0,0,5,58" ten="286,201,250,263" oya="1" hai0="109,70,99,36,124,2,17,83,134,29,100,30,38" hai1="28,51,43,42,13,14,69,18,79,57,32,85,1" hai2="44,113,59,108,53,27,119,16,7,12,89,66,84" hai3="81,86,5,111,60,72,118,87,0,24,104,47,23"/><U41/><E69/><V9/><F119/><W52/><G104/><T63/><D2/><U50/><E1/><V6/><F108/><W61/><G111/><T21/><D109/><U67/><E32/><V129/><F129/><W64/><G72/><T37/><D124/><U49/><E28/><V110/><F110/><W105/><G105/><T33/><D134/><U25/><E25/><V88/><F113/><W10/><G118/><T128/><D128/><U56/><E67/><V97/><F97/><W130/><G130/><T117/><D117/><U114/><E114/><V116/><F116/><W80/><G80/><T68/><D83/><N who="1" m="47359" /><E13/><V65/><F44/><W4/><G4/><N who="2" m="1577" /><F27/><W39/><G64/><N who="2" m="24681" /><F84/><W132/><G132/><T76/><D33/><U82/><E82/><V126/><F126/><W62/><G81/><T122/><D70/><U101/><E101/><V77/><F77/><W90/><G90/><T112/><D76/><U125/><E125/><V71/><F71/><W54/><G39/><T92/><D112/><U94/><E94/><V40/><F40/><N who="1" m="10241" /><U95/><DORA hai="20" /><E95/><V8/><F8/><AGARI ba="0,0" hai="8,14,18,49,50,51,56,57" m="10241,47359" machi="8" ten="40,2000,0" yaku="8,1" doraHai="58,20" who="1" fromWho="2" sc="286,0,201,20,250,-20,263,0" /><INIT seed="1,1,0,0,1,75" ten="286,221,230,263" oya="1" hai0="131,52,18,72,28,63,79,67,103,122,34,40,117" hai1="96,24,90,132,115,9,106,89,57,130,48,133,38" hai2="116,77,50,4,2,41,101,127,36,88,118,17,100" hai3="61,45,125,39,111,112,97,98,46,121,69,82,134"/><U74/><E115/><V109/><F109/><W29/><G112/><T60/><D117/><U59/><E38/><V26/><F127/><W104/><G121/><T66/><D40/><U62/><E130/><V44/><F2/><W3/><G3/><T0/><D0/><U81/><E9/><V110/><F110/><W86/><G111/><T5/><D5/><U78/><E24/><V43/><F4/><W128/><G134/><N who="1" m="51818" /><E48/><V27/><F36/><W99/><G125/><T19/><D34/><U42/><E42/><V107/><F107/><W120/><G120/><T113/><D28/><U105/><E57/><V51/><F17/><W73/><G104/><N who="1" m="40042" /><E96/><V30/><F30/><W91/><G99/><T108/><D108/><U10/><BYE who="0" /><E10/><UN n0="%68%75%69%68%75%69" /><V15/><F15/><W55/><G98/><T58/><D58/><U53/><BYE who="0" /><AGARI ba="1,0" hai="53,59,62,74,78,81,89,90" m="40042,51818" machi="53" ten="30,3000,0" yaku="20,1,52,1" doraHai="75" who="1" fromWho="1" sc="286,-11,221,33,230,-11,263,-11" /><UN n0="%68%75%69%68%75%69" /><INIT seed="1,2,0,1,1,112" ten="275,254,219,252" oya="1" hai0="134,111,131,92,51,85,67,110,13,76,68,38,23" hai1="20,98,61,56,77,12,1,17,18,42,121,117,88" hai2="80,99,81,7,71,64,33,54,84,114,125,105,129" hai3="122,96,21,73,79,59,130,26,91,128,70,60,48"/><U32/><E117/><V82/><F33/><W37/><G122/><T44/><D38/><U102/><E121/><V31/><F129/><N who="3" m="49771" /><G37/><T55/><D131/><U27/><E1/><V16/><F31/><W46/><G70/><T28/><D134/><U43/><E77/><V35/><F35/><W2/><G2/><T50/><D67/><U8/><E32/><V25/><F114/><W118/><G79/><T15/><D68/><U83/><E102/><V107/><F7/><W101/><G73/><T93/><D28/><U74/><E74/><V94/><F125/><W120/><G91/><T34/><D34/><U53/><E83/><V69/><F64/><N who="3" m="38943" /><G120/><T126/><D126/><U57/><E57/><V104/><F54/><N who="3" m="29975" /><G118/><T115/><D115/><U123/><E123/><V100/><REACH who="2" step="1"/><F84/><REACH who="2" ten="275,254,209,252" step="2"/><W9/><G9/><T0/><D85/><U36/><E36/><V63/><F63/><W41/><G41/><T119/><D119/><U10/><E8/><V97/><F97/><W30/><G96/><T45/><D51/><U78/><E78/><V6/><F6/><W72/><G72/><T87/><D76/><U4/><E4/><V3/><F3/><W11/><G11/><T40/><D0/><U24/><E43/><V90/><F90/><W108/><G101/><T66/><D40/><U89/><E42/><V124/><F124/><W103/><G103/><T39/><D66/><U19/><E98/><V29/><F29/><W133/><G133/><T106/><D39/><U62/><E62/><V95/><F95/><W22/><G21/><AGARI ba="2,1" hai="10,12,17,18,19,20,21,24,27,53,56,61,88,89" machi="21" ten="40,7700,0" yaku="9,1,8,1,54,1" doraHai="112" who="1" fromWho="3" sc="275,0,254,93,209,0,252,-83" /><AGARI ba="2,0" hai="16,21,25,69,71,80,81,82,94,99,100,104,105,107" machi="21" ten="50,3200,0" yaku="1,1,54,1,53,0" doraHai="112" doraHaiUra="132" who="2" fromWho="3" sc="275,0,347,0,209,32,169,-32" /><INIT seed="1,3,0,3,2,112" ten="275,347,241,137" oya="1" hai0="131,67,106,125,52,11,9,121,32,95,70,3,2" hai1="87,113,6,110,127,75,92,80,93,14,73,27,1" hai2="41,107,88,34,46,50,128,26,83,72,55,48,79" hai3="42,33,29,10,4,97,85,66,7,104,81,111,122"/><U65/><E113/><V89/><F107/><W124/><G122/><T40/><D106/><U118/><E118/><V28/><REACH who="2" step="1"/><F128/><REACH who="2" ten="275,347,231,137" step="2"/><W78/><G111/><T96/><D131/><U31/><E110/><V61/><F61/><W58/><G124/><T15/><D125/><U108/><E108/><V35/><F35/><W16/><G33/><T63/><D32/><U44/><E127/><V21/><F21/><W13/><G104/><T23/><D121/><U99/><E75/><V135/><F135/><W76/><G29/><T126/><D126/><U39/><E73/><V36/><F36/><W45/><G97/><T30/><D30/><U17/><E39/><V57/><AGARI ba="3,1" hai="26,28,34,41,46,48,50,55,57,72,79,83,88,89" machi="57" ten="20,8000,1" yaku="1,1,0,1,7,1,54,1,53,1" doraHai="112" doraHaiUra="37" who="2" fromWho="2" sc="275,-23,347,-43,231,99,137,-23" /><INIT seed="2,0,0,4,4,94" ten="252,304,330,114" oya="2" hai0="100,64,80,19,116,62,124,108,27,134,95,135,39" hai1="99,91,44,68,49,35,93,63,130,77,12,60,74" hai2="20,5,38,110,86,34,119,45,0,58,87,107,6" hai3="111,28,79,25,29,90,133,18,47,15,42,132,75"/><V105/><F34/><W36/><G111/><T23/><D39/><U103/><E35/><V83/><F119/><W123/><G123/><T8/><D108/><U24/><E130/><V109/><F20/><W50/><G75/><T71/><D124/><U82/><E24/><V48/><F38/><W127/><G79/><T57/><D116/><U128/><E128/><V13/><F58/><W37/><G127/><T17/><D80/><U73/><E73/><V78/><F86/><W16/><G90/><T59/><D8/><U129/><E129/><V4/><F13/><W113/><G50/><T11/><D11/><U21/><E68/><V120/><F0/><W46/><G15/><T40/><D40/><U131/><E131/><V3/><F3/><W118/><G118/><T92/><D19/><U31/><E12/><V54/><REACH who="2" step="1"/><F120/><REACH who="2" ten="252,304,320,114" step="2"/><W96/><G113/><T10/><D59/><U101/><E21/><V53/><F53/><W102/><G25/><T55/><D10/><U69/><E31/><V30/><F30/><W114/><G114/><T2/><D2/><U51/><E51/><V41/><F41/><W112/><G112/><T26/><D26/><U52/><REACH who="1" step="1"/><E69/><REACH who="1" ten="252,294,320,114" step="2"/><V117/><F117/><W7/><G42/><T98/><D71/><U70/><E70/><V85/><F85/><W43/><G43/><T67/><D67/><U121/><E121/><V56/><F56/><W22/><G22/><T106/><D64/><U1/><E1/><V61/><F61/><AGARI ba="0,2" hai="44,49,52,60,61,63,74,77,82,91,93,99,101,103" machi="61" ten="40,8000,1" yaku="1,1,52,1,54,1,53,1" doraHai="94" doraHaiUra="84" who="1" fromWho="2" sc="252,0,294,100,320,-80,114,0" /><INIT seed="3,0,0,4,1,129" ten="252,394,240,114" oya="3" hai0="28,50,84,58,127,110,63,100,25,123,72,88,33" hai1="82,12,86,133,24,40,9,104,55,38,11,124,85" hai2="75,77,5,74,134,60,66,135,98,113,70,117,6" hai3="71,59,122,95,125,67,103,35,128,57,43,8,10"/><W29/><G122/><T130/><D123/><U114/><E104/><V62/><F113/><W101/><G128/><T39/><D39/><U64/><E114/><V81/><F117/><W32/><G43/><T116/><D130/><U120/><E120/><V19/><F75/><W2/><G71/><T118/><D72/><U56/><E64/><V37/><F37/><W97/><G2/><T54/><D110/><U53/><E124/><V65/><F98/><W107/><G125/><T90/><D127/><U21/><E21/><V79/><F19/><W105/><G67/><T47/><D100/><U51/><E24/><V121/><F121/><W89/><G89/><T4/><D4/><U99/><E12/><V26/><F26/><W119/><G97/><T76/><D76/><U109/><E56/><V131/><F131/><W61/><G61/><T1/><D1/><U45/><E45/><V102/><F102/><W27/><G27/><T48/><D48/><U20/><E82/><V3/><F3/><W30/><REACH who="3" step="1"/><G95/><REACH who="3" ten="252,394,240,104" step="2"/><T91/><REACH who="0" step="1"/><D84/><REACH who="0" ten="242,394,240,104" step="2"/><U31/><E86/><V15/><F70/><W49/><G49/><T106/><D106/><U78/><E85/><V14/><F74/><W111/><G111/><T7/><D7/><U126/><E109/><V94/><F94/><W13/><G13/><T83/><D83/><AGARI ba="0,2" hai="5,6,14,15,60,62,65,66,77,79,81,83,134,135" machi="83" ten="25,6400,0" yaku="22,2,52,2" doraHai="129" who="2" fromWho="0" sc="242,-64,394,0,240,84,104,0" owari="178,-22.2,394,49.4,324,12.4,104,-39.6" /></mjloggm>