<mjloggm ver="2.3"><GO type="225" lobby="0"/><UN n0="%E3%83%A9%E3%82%B9%E7%8E%87%EF%BC%93%E5%89%B2" n1="%E3%83%A9%E3%83%BC%E3%83%A1%E3%83%B3%E4%BA%94%E9%83%8E" n2="%E3%81%8B%E3%82%8F%E3%81%A1%E3%82%83%E3%82%93%35%38" n3="%72%65%6E%6B%75%6E" dan="17,16,16,17" rate="2190.66,2162.15,2154.79,2176.13" sx="F,M,M,M"/><TAIKYOKU oya="0"/><INIT seed="0,0,0,4,0,106" ten="250,250,250,250" oya="0" hai0="22,13,116,4,92,7,10,126,63,29,41,84,56" hai1="81,9,42,47,77,98,97,17,108,66,33,44,5" hai2="114,6,113,37,94,122,125,46,75,58,28,36,112" hai3="51,79,25,3,80,119,123,134,16,27,52,1,93"/><T53/><D116/><U21/><E33/><V49/><F94/><W57/><G119/><T87/><D126/><U34/><E34/><V31/><F6/><W74/><G134/><T35/><D35/><U64/><E108/><V83/><F122/><W8/><G123/><T105/><D105/><U85/><E64/><V78/><F125/><W38/><G38/><T48/><D7/><U82/><E66/><V128/><F58/><W95/><G25/><N who="0" m="16567" /><D92/><U67/><E67/><V59/><F59/><W55/><G55/><N who="0" m="34207" /><D41/><U110/><E110/><V131/><F28/><W71/><G71/><T50/><D50/><U14/><E82/><V99/><F31/><W86/><G95/><T103/><D103/><U117/><E117/><V124/><F124/><W23/><REACH who="3" step="1"/><G8/><REACH who="3" ten="250,250,250,240" step="2"/><T89/><D89/><AGARI ba="0,1" hai="1,3,16,23,27,51,52,57,74,79,80,86,89,93" machi="89" ten="40,12000,2" yaku="1,1,2,1,52,1,54,2,53,1" doraHai="106" doraHaiUra="91" who="3" fromWho="0" sc="250,-120,250,0,250,0,240,130" /><INIT seed="1,0,0,4,4,14" ten="130,250,250,370" oya="1" hai0="104,56,119,42,125,86,67,73,66,116,88,47,132" hai1="13,105,11,99,59,45,89,95,100,64,103,79,50" hai2="3,118,124,129,63,39,60,0,26,62,31,120,32" hai3="87,106,44,135,33,46,78,80,82,8,110,126,24"/><U28/><E28/><V131/><F120/><W5/><G106/><T117/><D104/><U21/><E21/><V92/><F118/><W58/><G110/><T115/><D115/><U22/><E22/><V68/><F39/><W94/><G135/><T107/><D107/><U27/><E27/><V93/><F68/><W72/><G94/><N who="2" m="36457" /><F124/><W113/><G113/><T108/><D125/><U81/><E105/><V130/><AGARI ba="0,0" hai="0,3,26,31,32,60,62,63,129,130,131" m="36457" machi="130" ten="40,1500,0" yaku="19,1" doraHai="14" who="2" fromWho="2" sc="130,-4,250,-7,250,15,370,-4" /><INIT seed="2,0,0,0,0,127" ten="126,243,265,366" oya="2" hai0="75,84,71,63,90,39,41,25,101,82,72,70,60" hai1="124,85,14,80,58,116,34,122,96,51,68,32,27" hai2="109,98,33,112,5,26,18,31,3,4,45,107,52" hai3="106,23,15,103,132,21,92,47,11,37,67,42,100"/><V36/><F112/><W113/><G106/><T74/><D101/><U87/><E116/><V93/><F107/><W134/><G67/><T114/><D114/><U64/><E68/><V29/><F109/><W97/><G103/><T16/><D41/><U115/><E115/><V65/><F65/><W76/><G76/><T22/><REACH who="0" step="1"/><D39/><REACH who="0" ten="116,243,265,366" step="2"/><U20/><E124/><V55/><F36/><W0/><G0/><T88/><D88/><U108/><E108/><V30/><F3/><W128/><G113/><T110/><D110/><U95/><E122/><V89/><F33/><W77/><G77/><T8/><D8/><U118/><E32/><V48/><F55/><W43/><G43/><T59/><D59/><U24/><E34/><V91/><F89/><W35/><G35/><T50/><D50/><U133/><E51/><V129/><F129/><W126/><G128/><T28/><D28/><U46/><E58/><V104/><F104/><W99/><G126/><T17/><D17/><U44/><E46/><V53/><F53/><W121/><G47/><T19/><D19/><U73/><E44/><V6/><F18/><N who="3" m="8575" /><G121/><T125/><D125/><U57/><E57/><V7/><N who="2" m="1024" /><DORA hai="40" /><V1/><F1/><W119/><G42/><T61/><AGARI ba="0,1" hai="16,22,25,60,61,63,70,71,72,74,75,82,84,90" machi="61" ten="40,8000,1" yaku="1,1,0,1,54,1,53,2" doraHai="127,40" doraHaiUra="49,66" who="0" fromWho="0" sc="116,90,243,-20,265,-40,366,-20" /><INIT seed="3,0,0,0,0,36" ten="206,223,225,346" oya="3" hai0="112,14,24,127,86,59,85,5,96,75,91,40,114" hai1="8,58,25,116,45,0,104,133,69,10,89,31,93" hai2="65,53,134,55,38,103,18,57,46,60,102,20,6" hai3="50,41,81,118,107,94,67,128,77,108,12,28,17"/><W72/><G107/><T54/><D75/><U100/><E69/><V4/><F134/><W7/><G118/><T42/><D127/><U33/><E133/><V56/><F46/><W132/><G67/><T3/><D3/><U48/><E116/><V120/><F38/><W16/><G28/><T35/><D96/><U23/><E0/><V79/><F79/><W97/><G128/><T119/><D119/><U61/><E33/><V26/><F65/><W129/><G129/><T1/><D1/><U111/><E100/><N who="2" m="38443" /><F120/><W88/><G108/><T9/><D24/><U99/><E104/><V71/><F71/><W62/><G62/><AGARI ba="0,0" hai="4,6,18,20,26,53,55,56,57,60,62" m="38443" machi="62" ten="30,1000,0" yaku="8,1" doraHai="36" who="2" fromWho="3" sc="206,0,223,0,225,10,346,-10" owari="206,-29.4,223,-17.7,235,3.5,336,43.6" /></mjloggm>