<mjloggm ver="2.3"><GO type="225" lobby="0"/><UN n0="%E3%80%90%E3%83%88%E3%83%AA%E3%83%A5%E3%83%95%E3%80%91" n1="%E6%A1%9C%E8%8A%B1%E9%96%83%E3%80%85" n2="%E6%97%A5%E6%9B%9C%E6%97%A5%E3%82%88%E3%82%8A%E3%81%AE%E4%BD%BF%E8%80%85" n3="%E3%83%A9%E3%82%A4%E3%83%B3%E3%81%AE%E8%99%8E" dan="16,17,16,16" rate="2093.52,2152.28,2178.08,2131.13" sx="M,M,M,M"/><TAIKYOKU oya="0"/><INIT seed="0,0,0,3,1,34" ten="250,250,250,250" oya="0" hai0="48,102,107,7,10,101,112,60,72,127,59,44,16" hai1="50,33,83,76,49,116,41,118,96,84,65,92,124" hai2="47,22,113,38,117,132,129,37,133,58,61,89,111" hai3="54,91,104,135,19,109,31,24,62,40,71,100,15"/><T82/><D112/><U18/><E124/><V79/><F79/><W1/><G109/><T103/><D127/><U122/><E122/><V108/><F22/><W35/><G135/><N who="2" m="51785" /><F89/><W45/><G91/><T80/><D107/><U131/><E131/><V95/><F95/><W66/><G54/><T88/><D72/><U11/><E33/><V130/><F113/><W110/><G110/><N who="2" m="42025" /><F117/><W46/><G40/><N who="0" m="24583" /><D7/><U32/><E41/><N who="2" m="22959" /><F38/><W121/><G121/><T13/><D88/><U114/><E32/><V134/><N who="2" m="51793" /><V42/><DORA hai="81" /><F42/><W78/><G78/><T67/><AGARI ba="0,0" hai="10,13,16,59,60,67,80,82,101,102,103" m="24583" machi="67" ten="30,3000,0" yaku="8,1,54,1" doraHai="34,81" who="0" fromWho="0" sc="250,30,250,-10,250,-10,250,-10" /><INIT seed="0,1,0,4,2,69" ten="280,240,240,240" oya="0" hai0="52,132,29,79,86,0,120,63,9,127,8,126,108" hai1="16,134,96,124,27,62,58,102,101,33,119,15,80" hai2="83,128,24,34,109,36,56,97,17,47,130,45,98" hai3="87,75,5,39,133,112,94,106,77,104,31,125,74"/><T53/><D120/><U19/><E119/><V66/><F83/><W21/><G112/><T6/><D132/><U129/><E134/><V81/><F81/><W60/><G133/><T32/><D79/><U95/><E129/><N who="2" m="49771" /><F109/><W121/><G125/><N who="0" m="47627" /><D86/><U10/><E124/><V64/><F56/><W70/><G77/><T90/><D90/><U18/><E80/><V110/><F110/><W49/><G87/><T3/><D63/><U55/><REACH who="1" step="1"/><E101/><REACH who="1" ten="280,230,240,240" step="2"/><V123/><F123/><W46/><G121/><T67/><D108/><U135/><E135/><V107/><F107/><W88/><G104/><T1/><D1/><U103/><E103/><V73/><F73/><W2/><G106/><T26/><D67/><U23/><E23/><V76/><F66/><W91/><G74/><T82/><D82/><U72/><E72/><V38/><F64/><W12/><G75/><T41/><D0/><U131/><E131/><V71/><F34/><W93/><G2/><T37/><D9/><U54/><E54/><V65/><F65/><W42/><G21/><T61/><D61/><U117/><E117/><V92/><F71/><W89/><G70/><T116/><D116/><U44/><E44/><AGARI ba="1,1" hai="3,6,8,26,29,32,37,41,44,52,53" m="47627" machi="44" ten="30,5800,0" yaku="18,1,52,1,54,1" doraHai="69" who="0" fromWho="1" sc="280,71,230,-61,240,0,240,0" /><INIT seed="0,2,0,2,2,104" ten="351,169,240,240" oya="0" hai0="45,70,48,32,29,91,2,102,79,56,105,115,95" hai1="135,121,66,125,84,27,14,68,69,4,60,31,24" hai2="71,67,25,6,131,130,10,50,8,74,126,101,3" hai3="0,86,62,65,16,92,123,134,87,88,114,96,80"/><T55/><D115/><U26/><E121/><V49/><F126/><W81/><G114/><T43/><D2/><U94/><E125/><V103/><F25/><W11/><G123/><T76/><D70/><U98/><E135/><V129/><F10/><W106/><G134/><T107/><D107/><U61/><E84/><V109/><F109/><W75/><G106/><T90/><D105/><U1/><E1/><V113/><F113/><W78/><G80/><T119/><D119/><U37/><E37/><V30/><F30/><W112/><G112/><T57/><D57/><U42/><E42/><V108/><F108/><W51/><G51/><N who="2" m="19465" /><F74/><W73/><G96/><N who="0" m="59679" /><D29/><U15/><E4/><V58/><F58/><W122/><G122/><T23/><D23/><U54/><E31/><V100/><F67/><W124/><G124/><T18/><D18/><U21/><E21/><V19/><F71/><W12/><G0/><T22/><D22/><U99/><E54/><V110/><F110/><W118/><REACH who="3" step="1"/><G118/><REACH who="3" ten="351,169,240,230" step="2"/><T117/><D117/><U63/><E99/><V120/><F120/><W28/><G28/><T127/><D127/><U38/><E38/><V89/><F19/><W13/><G13/><T97/><D97/><U47/><E14/><V41/><F41/><W83/><G83/><T33/><D43/><U5/><E15/><V44/><F3/><W93/><G93/><T77/><D48/><U17/><E94/><V72/><F131/><W133/><G133/><T53/><D45/><U116/><E47/><V46/><F46/><W59/><AGARI ba="2,1" hai="11,12,16,59,62,65,73,75,78,81,86,87,88,92" machi="59" ten="20,16000,3" yaku="1,1,0,1,7,1,52,2,54,2,53,1" doraHai="104" doraHaiUra="9" who="3" fromWho="3" sc="351,-82,169,-42,240,-42,230,176" /><INIT seed="1,0,0,3,1,103" ten="269,127,198,406" oya="1" hai0="88,111,118,127,100,125,18,47,32,92,4,115,132" hai1="94,126,46,102,61,122,48,39,101,90,113,9,15" hai2="121,37,34,1,10,62,107,110,117,45,26,24,16" hai3="17,44,11,99,96,3,70,65,95,89,27,40,31"/><U8/><E113/><V52/><F117/><W112/><G112/><T12/><D118/><U56/><E126/><N who="0" m="48137" /><D111/><U6/><E39/><V30/><F121/><W55/><G55/><T69/><D69/><U105/><E9/><V68/><F110/><W84/><G70/><T43/><D32/><U78/><E78/><V29/><F107/><W83/><G65/><T109/><D132/><U36/><E36/><V64/><F37/><W19/><G96/><N who="0" m="59399" /><D4/><U108/><E105/><V98/><F98/><W116/><G3/><T59/><D59/><U72/><E72/><V38/><F38/><W60/><G60/><T85/><D109/><U58/><E58/><V49/><F1/><W134/><G134/><T119/><D119/><U54/><E108/><V14/><F30/><W135/><G135/><T0/><D0/><U129/><E129/><V21/><REACH who="2" step="1"/><F26/><REACH who="2" ten="269,127,188,406" step="2"/><W23/><G116/><T130/><D115/><U13/><E122/><V28/><F28/><W77/><G31/><T114/><D114/><U106/><E106/><V35/><AGARI ba="0,1" hai="10,14,16,21,24,29,34,35,45,49,52,62,64,68" machi="35" ten="30,8000,1" yaku="1,1,0,1,54,2,53,1" doraHai="103" doraHaiUra="22" who="2" fromWho="2" sc="269,-20,127,-40,188,90,406,-20" /><INIT seed="2,0,0,1,1,23" ten="249,87,278,386" oya="2" hai0="70,57,60,19,0,104,94,21,28,113,105,62,116" hai1="64,128,25,81,87,75,16,121,119,20,39,56,134" hai2="100,108,90,26,8,72,125,106,130,11,32,84,48" hai3="43,124,36,14,66,96,34,126,129,74,80,127,112"/><V47/><F72/><W59/><G129/><T114/><D0/><U67/><E119/><V82/><F130/><W6/><G34/><T65/><D28/><U54/><E128/><V51/><F125/><W133/><G133/><T3/><D3/><U44/><E75/><V68/><F68/><W117/><G117/><T53/><D116/><U131/><E131/><V37/><F37/><W69/><G69/><T123/><D123/><U17/><E134/><V61/><F61/><N who="3" m="38207" /><G112/><T10/><D10/><U13/><E121/><V27/><F108/><W115/><G115/><T103/><D113/><U109/><E109/><V15/><F32/><W35/><G35/><T85/><D114/><U118/><E118/><V83/><F106/><W7/><G14/><T120/><D120/><U24/><E44/><V102/><F83/><W135/><G96/><T33/><D33/><U76/><E39/><V58/><F58/><W22/><G22/><T99/><REACH who="0" step="1"/><D85/><REACH who="0" ten="239,87,278,386" step="2"/><U97/><E97/><V31/><F31/><W86/><G74/><T55/><D55/><U42/><E42/><V1/><F1/><W110/><G110/><T2/><D2/><U107/><E107/><V89/><F8/><W92/><G135/><T45/><D45/><U4/><E4/><V40/><F40/><W30/><G30/><T18/><D18/><U50/><E24/><AGARI ba="0,1" hai="19,21,24,53,57,60,62,65,70,94,99,103,104,105" machi="24" ten="30,3900,0" yaku="1,1,7,1,52,1,53,0" doraHai="23" doraHaiUra="9" who="0" fromWho="1" sc="239,49,87,-39,278,0,386,0" /><BYE who="1" /><INIT seed="3,0,0,5,0,71" ten="288,48,278,386" oya="3" hai0="132,120,48,41,18,33,112,17,84,98,130,118,8" hai1="69,64,101,92,73,46,16,43,61,115,32,0,127" hai2="6,62,45,50,24,117,65,66,60,39,3,67,35" hai3="20,95,78,109,93,82,68,119,74,13,126,7,91"/><W70/><G119/><T100/><D118/><U124/><E124/><V37/><F6/><W22/><G126/><T1/><D120/><U4/><E4/><V2/><F35/><W38/><G38/><N who="2" m="14345" /><F24/><W106/><G106/><T54/><D33/><U90/><E90/><V99/><F99/><W59/><G93/><T121/><D121/><U96/><E96/><V131/><F117/><W12/><G95/><T42/><D112/><U83/><E83/><V77/><F77/><W114/><G91/><T133/><D84/><U14/><E14/><V76/><F76/><W63/><G13/><N who="0" m="7335" /><D1/><U129/><E129/><V134/><F2/><W57/><G12/><T116/><D18/><U128/><E128/><V113/><F3/><W85/><G7/><T88/><D116/><U97/><E97/><V30/><F30/><W29/><G29/><T49/><D88/><U55/><E55/><N who="2" m="30159" /><F131/><W44/><G78/><T53/><D130/><U80/><E80/><V87/><F87/><W104/><G85/><T25/><D25/><U31/><E31/><V28/><F28/><W81/><G104/><N who="0" m="63511" /><D132/><U40/><E40/><N who="0" m="15465" /><D133/><U122/><E122/><V110/><F134/><W102/><G114/><T47/><D49/><U15/><E15/><V111/><F113/><W27/><G27/><T105/><D105/><U135/><E135/><V36/><N who="2" m="14353" /><V107/><DORA hai="72" /><F107/><W26/><G82/><T103/><D103/><U56/><E56/><N who="3" m="21578" /><G26/><T52/><D47/><U58/><E58/><V11/><F11/><W9/><G102/><T19/><D19/><U94/><E94/><V86/><F86/><RYUUKYOKU ba="0,0" sc="288,15,48,-15,278,15,386,-15" hai0="48,52,53,54" hai2="60,62,65,66,67,110,111" owari="303,10.3,33,-46.7,293,-10.7,371,47.1" /></mjloggm>