<mjloggm ver="2.3"><GO type="225" lobby="0"/><UN n0="%E3%81%95%E3%81%8D%E3%81%9F%E3%81%BE%E6%9E%97%E6%AA%8E" n1="%E6%97%A5%E6%9B%9C%E6%97%A5%E3%82%88%E3%82%8A%E3%81%AE%E4%BD%BF%E8%80%85" n2="%E6%9D%B1%E9%A2%A8%E3%81%AE%E3%81%8D%E3%82%83%E3%81%B7%E3%81%95%E3%82%93" n3="%72%69%6F%75%63%68%61%6E" dan="16,17,16,16" rate="2131.78,2220.21,2172.28,2138.74" sx="M,M,M,M"/><TAIKYOKU oya="0"/><INIT seed="0,0,0,1,3,2" ten="250,250,250,250" oya="0" hai0="131,96,92,76,43,8,123,134,105,95,70,42,103" hai1="61,121,47,73,55,91,10,111,44,120,84,115,48" hai2="79,89,38,106,75,99,54,27,19,125,6,13,93" hai3="11,1,90,26,126,109,130,101,87,72,22,77,67"/><T74/><D123/><U69/><E73/><V80/><F38/><W59/><G109/><T129/><D70/><U17/><E111/><V51/><F125/><W45/><G130/><N who="0" m="49675" /><D43/><U18/><E115/><V29/><F106/><W3/><G126/><T41/><D41/><U5/><E47/><V78/><F78/><W66/><G101/><T110/><D42/><U124/><E124/><V86/><F6/><W94/><G45/><T46/><D46/><U63/><E121/><V97/><F27/><W58/><G58/><T31/><D31/><U119/><E119/><V50/><F29/><W32/><G32/><T37/><D8/><U36/><E36/><V118/><F118/><W16/><G59/><T133/><D37/><U9/><E9/><V4/><F4/><W81/><REACH who="3" step="1"/><G11/><REACH who="3" ten="250,250,250,240" step="2"/><T116/><D110/><U117/><E120/><V24/><F24/><W56/><G56/><T34/><D34/><U104/><E117/><V33/><F33/><W60/><G60/><T52/><D116/><U85/><E69/><V71/><F71/><W35/><G35/><T23/><D23/><U107/><E63/><V68/><F68/><W30/><G30/><T57/><D57/><U135/><E61/><V20/><F51/><W53/><G53/><T113/><D52/><U64/><E55/><V65/><F65/><AGARI ba="0,1" hai="1,3,16,22,26,65,66,67,72,77,81,87,90,94" machi="65" ten="40,2600,0" yaku="1,1,54,1,53,0" doraHai="2" doraHaiUra="39" who="3" fromWho="2" sc="250,0,250,0,250,-26,240,36" /><INIT seed="1,0,0,4,4,46" ten="250,250,224,276" oya="1" hai0="5,76,109,98,71,111,25,8,16,23,87,40,134" hai1="51,73,81,117,93,65,58,75,104,20,43,125,66" hai2="48,110,2,56,17,0,119,89,47,116,118,121,39" hai3="97,21,95,108,14,59,78,15,34,50,114,36,37"/><U52/><E117/><V96/><F121/><W122/><G108/><N who="0" m="41547" /><D134/><U6/><E104/><V10/><F110/><W33/><G122/><T55/><D71/><U88/><E125/><V120/><F120/><W129/><G129/><T126/><D126/><U62/><E6/><V74/><F74/><W84/><G114/><T82/><D40/><U12/><E73/><V41/><F17/><W135/><G135/><T127/><D127/><U132/><E132/><V27/><F27/><W42/><G33/><T68/><D68/><U115/><E115/><V24/><F24/><W3/><G34/><T92/><D55/><U113/><E113/><V53/><REACH who="2" step="1"/><F10/><REACH who="2" ten="250,250,214,276" step="2"/><W99/><G21/><T30/><D30/><U22/><E75/><V18/><F18/><W54/><G36/><T28/><D28/><U44/><E22/><V107/><F107/><W35/><G37/><T80/><D8/><U101/><E81/><V19/><F19/><W13/><G35/><T131/><D131/><U91/><E20/><V70/><F70/><W7/><G7/><T61/><D5/><U85/><E12/><V32/><F32/><W72/><G13/><T130/><D130/><U105/><REACH who="1" step="1"/><E91/><REACH who="1" ten="250,240,214,276" step="2"/><V124/><F124/><W45/><G14/><T31/><D82/><U4/><E4/><V1/><F1/><W9/><G15/><T103/><D31/><U106/><E106/><V67/><F67/><W64/><G64/><T123/><D123/><U90/><E90/><V133/><F133/><W60/><G3/><T26/><D26/><U86/><E86/><V77/><F77/><W11/><G78/><RYUUKYOKU ba="0,2" sc="250,10,240,10,214,10,276,-30" hai0="16,23,25,61,76,80,87,92,98,103" hai1="43,44,51,52,58,62,65,66,85,88,93,101,105" hai2="0,2,39,41,47,48,53,56,89,96,116,118,119" /><INIT seed="1,1,2,4,1,77" ten="260,250,224,246" oya="1" hai0="11,101,69,127,107,17,126,73,53,30,129,67,134" hai1="0,89,88,71,81,124,23,98,133,38,103,4,94" hai2="21,74,36,110,50,87,79,18,66,135,5,31,93" hai3="112,120,9,90,15,86,6,108,43,119,114,54,85"/><U132/><E71/><V13/><F36/><W59/><G120/><T104/><D73/><U130/><E38/><V97/><F110/><W10/><G108/><T41/><D41/><U29/><E124/><N who="0" m="47657" /><D30/><U68/><E68/><V58/><F74/><W96/><G119/><T7/><D17/><U39/><E39/><V35/><F135/><N who="1" m="51785" /><E130/><V40/><F35/><W20/><G43/><T100/><D134/><U105/><E105/><N who="0" m="40521" /><D129/><U113/><E113/><V65/><F5/><W109/><G109/><T55/><D67/><U52/><E4/><V27/><F31/><W1/><G20/><T24/><D24/><N who="1" m="16543" /><E0/><V44/><F27/><W117/><G117/><T32/><D32/><U111/><E111/><V121/><F58/><W19/><G114/><T122/><D122/><U70/><E70/><V131/><F131/><W16/><G112/><T75/><D69/><U115/><E115/><V83/><REACH who="2" step="1"/><F121/><REACH who="2" ten="260,250,214,246" step="2"/><W72/><G6/><T8/><D7/><U60/><E81/><V80/><F80/><W14/><G1/><T128/><D128/><U95/><E95/><V22/><F22/><W82/><G82/><T49/><D11/><U45/><E45/><V91/><AGARI ba="1,3" hai="13,18,21,40,44,50,65,66,79,83,87,91,93,97" machi="91" ten="20,12000,2" yaku="1,1,0,1,7,1,8,1,52,1,53,1" doraHai="77" doraHaiUra="84" who="2" fromWho="2" sc="260,-31,250,-61,214,153,246,-31" /><INIT seed="2,0,0,4,1,22" ten="229,189,367,215" oya="2" hai0="71,95,53,90,24,111,82,126,73,3,43,107,7" hai1="14,23,96,115,61,40,104,105,35,62,97,78,131" hai2="25,85,4,117,49,26,50,44,41,18,13,87,57" hai3="2,84,125,99,91,59,51,102,83,45,72,128,116"/><V16/><F4/><W127/><G116/><T89/><D107/><U93/><E35/><V52/><F117/><W129/><G2/><T101/><D71/><U11/><E115/><V9/><F18/><W114/><G59/><T80/><D43/><U21/><E131/><N who="3" m="50250" /><G114/><T103/><D111/><U42/><E78/><V10/><F10/><W69/><G69/><T106/><D106/><U130/><E130/><V5/><F5/><W12/><G12/><T94/><D126/><N who="3" m="48137" /><G72/><T112/><D112/><U28/><E14/><V32/><F32/><W124/><N who="3" m="48145" /><W76/><DORA hai="135" /><G51/><T33/><D73/><U92/><REACH who="1" step="1"/><E11/><REACH who="1" ten="229,179,367,215" step="2"/><V81/><F85/><W30/><G30/><AGARI ba="0,1" hai="21,23,28,30,40,42,61,62,92,93,96,97,104,105" machi="30" ten="25,6400,0" yaku="1,1,2,1,22,2,53,0" doraHai="22,135" doraHaiUra="120,109" who="1" fromWho="3" sc="229,0,179,74,367,0,215,-64" /><INIT seed="3,0,0,2,3,5" ten="229,253,367,151" oya="3" hai0="36,113,18,34,47,21,52,9,51,103,101,100,24" hai1="114,133,134,25,108,45,58,43,4,23,30,131,97" hai2="104,59,61,124,41,89,53,54,119,135,93,117,127" hai3="40,71,77,105,66,12,27,10,91,38,112,49,130"/><W106/><G112/><T88/><D36/><U29/><E114/><V57/><F41/><W90/><G130/><T76/><D76/><U99/><E131/><V50/><F104/><W94/><G38/><T73/><D73/><U3/><E108/><V126/><F135/><N who="1" m="51721" /><E30/><V37/><F37/><W115/><G115/><T83/><D113/><U74/><E74/><V86/><AGARI ba="0,0" hai="50,53,54,57,59,61,86,89,93,117,119,124,126,127" machi="86" ten="30,2000,0" yaku="0,1,18,1" doraHai="5" who="2" fromWho="2" sc="229,-5,253,-5,367,20,151,-10" owari="224,-17.6,248,4.8,387,48.7,141,-35.9" /></mjloggm>