<mjloggm ver="2.3"><GO type="225" lobby="0"/><UN n0="%72%61%6B%33" n1="%EF%BC%AE%EF%BC%A1%EF%BC%AF%33%33%39" n2="%E3%81%BF%E3%81%BF%E3%81%9A" n3="%E3%81%AF%E3%82%88%E3%81%8A%E3%81%98%E3%81%95%E3%82%93" dan="16,16,17,17" rate="2109.11,2105.60,2267.21,2125.06" sx="M,M,M,M"/><TAIKYOKU oya="0"/><INIT seed="0,0,0,4,1,47" ten="250,250,250,250" oya="0" hai0="55,24,73,29,30,130,131,11,66,119,82,54,113" hai1="67,18,117,59,27,34,12,102,78,60,79,64,75" hai2="97,111,2,81,7,56,89,65,6,116,36,115,22" hai3="94,52,84,0,39,135,38,19,95,125,50,92,44"/><T80/><D113/><U87/><E117/><V8/><F115/><W63/><G0/><T26/><D11/><U10/><E75/><V88/><F36/><W123/><G125/><T49/><D73/><U72/><E72/><V112/><F112/><W13/><G135/><T61/><D61/><U31/><E102/><V42/><F116/><W69/><G123/><T91/><D119/><U83/><REACH who="1" step="1"/><E67/><REACH who="1" ten="250,240,250,250" step="2"/><V90/><F111/><W129/><G129/><T70/><D66/><U35/><E35/><V28/><F97/><W105/><G105/><T71/><REACH who="0" step="1"/><D91/><AGARI ba="0,1" hai="10,12,18,27,31,34,59,60,64,78,79,83,87,91" machi="91" ten="30,2000,0" yaku="1,1,7,1,53,0" doraHai="47" doraHaiUra="17" who="1" fromWho="0" sc="250,-20,240,30,250,0,250,0" /><INIT seed="1,0,0,1,0,66" ten="230,270,250,250" oya="1" hai0="55,40,3,127,9,59,111,51,46,81,57,133,107" hai1="93,58,43,26,15,23,92,63,90,68,52,45,105" hai2="79,125,39,124,116,101,47,73,31,36,108,62,96" hai3="74,78,130,12,21,1,126,30,56,16,25,134,10"/><U34/><E105/><V99/><F116/><W28/><G56/><T38/><D107/><U77/><E77/><V83/><F108/><W4/><G74/><T18/><D111/><U112/><E112/><V49/><F31/><N who="3" m="11819" /><G78/><T72/><D127/><N who="2" m="48714" /><F62/><W41/><G41/><T27/><D133/><U24/><E34/><V84/><F73/><W65/><G65/><T22/><D55/><U54/><E54/><N who="2" m="30015" /><F99/><W5/><G126/><T121/><D51/><N who="1" m="27071" /><E68/><V100/><F100/><W75/><G75/><T94/><D94/><AGARI ba="0,0" hai="36,39,79,83,84,94,96,101" m="30015,48714" machi="94" ten="30,1000,0" yaku="18,1" doraHai="66" who="2" fromWho="0" sc="230,-10,270,0,250,10,250,0" /><INIT seed="2,0,0,2,2,53" ten="220,270,260,250" oya="2" hai0="133,35,81,106,80,27,76,124,3,48,42,84,50" hai1="21,12,92,19,97,16,123,29,6,36,46,118,45" hai2="86,131,25,10,69,74,67,125,110,116,20,108,87" hai3="104,113,54,134,32,82,70,59,55,105,71,22,15"/><V130/><F74/><W39/><G32/><T17/><D106/><U107/><E107/><V1/><F116/><W98/><G39/><T100/><D3/><U28/><E118/><V93/><F125/><W31/><G134/><T40/><D100/><U11/><E123/><V115/><F115/><W34/><G113/><T24/><D35/><U102/><E19/><V119/><F119/><W132/><G132/><T114/><D114/><U109/><E109/><N who="2" m="42091" /><F10/><W56/><G34/><T94/><D94/><U7/><E7/><V9/><F9/><W52/><G104/><T129/><D133/><U126/><E126/><V47/><F47/><N who="1" m="17929" /><E36/><V68/><F1/><W121/><G121/><T62/><D17/><U26/><AGARI ba="0,0" hai="6,11,12,16,21,26,28,29,92,97,102" m="17929" machi="26" ten="30,2000,0" yaku="8,1,54,1" doraHai="53" who="1" fromWho="1" sc="220,-5,270,20,260,-10,250,-5" /><INIT seed="3,0,0,3,4,57" ten="215,290,250,245" oya="3" hai0="37,36,127,60,73,32,53,49,97,58,95,30,133" hai1="18,11,128,104,9,115,25,52,118,44,34,65,62" hai2="55,31,12,54,70,119,84,108,69,93,94,122,21" hai3="43,67,89,76,24,3,15,131,5,81,7,106,129"/><W10/><G106/><T39/><D73/><U61/><E104/><V87/><F21/><W85/><G67/><T103/><D127/><U126/><E115/><V92/><F12/><W45/><G24/><T88/><D133/><U19/><E126/><V63/><F31/><W114/><G114/><T116/><D116/><U27/><E34/><V35/><F35/><W91/><G7/><T79/><D79/><U83/><E118/><V29/><F29/><W6/><G6/><T125/><D125/><U59/><E83/><V42/><F42/><W105/><G105/><T66/><D103/><U46/><E128/><N who="3" m="49226" /><G3/><T33/><REACH who="0" step="1"/><D30/><REACH who="0" ten="205,290,250,245" step="2"/><U99/><E19/><V38/><F119/><W72/><G72/><T100/><D100/><U86/><E18/><V121/><F122/><W64/><G64/><T41/><D41/><U107/><E65/><V124/><F121/><W51/><AGARI ba="0,1" hai="5,10,15,43,45,51,76,81,85,89,91" m="49226" machi="51" ten="30,3000,0" yaku="25,1,19,1" doraHai="57" who="3" fromWho="3" sc="205,-10,290,-10,250,-10,245,40" /><INIT seed="3,1,0,5,2,50" ten="195,280,240,285" oya="3" hai0="38,14,56,29,26,115,73,111,13,133,20,97,121" hai1="3,92,66,118,113,93,5,11,19,124,47,23,32" hai2="108,76,48,31,130,132,116,36,2,33,51,27,131" hai3="71,88,41,77,125,45,63,82,12,109,34,99,114"/><W49/><G114/><T95/><D115/><U84/><E113/><V91/><F36/><W64/><G34/><T55/><D121/><U123/><E123/><V22/><F116/><W87/><G125/><T53/><D111/><U54/><E32/><V8/><F76/><W42/><G109/><T1/><D133/><U117/><E66/><V83/><F132/><W58/><G71/><T100/><D1/><U102/><E102/><V10/><F33/><W70/><G70/><T89/><D38/><U46/><E84/><N who="2" m="50591" /><F108/><W65/><G64/><T43/><D73/><U68/><E68/><V75/><F75/><W59/><G59/><T127/><D127/><U44/><E124/><V6/><F10/><W101/><G12/><T122/><D122/><U67/><E67/><V106/><F106/><W110/><G110/><T104/><D43/><U16/><E54/><N who="0" m="20489" /><D104/><U69/><E69/><V21/><F22/><W35/><G35/><T80/><D56/><U37/><E37/><V107/><F107/><W25/><G41/><T28/><D28/><U4/><E23/><V103/><F103/><W30/><G101/><T81/><D100/><U96/><E3/><V52/><F52/><W61/><G63/><T57/><D57/><U60/><E60/><V79/><F79/><W119/><G119/><T0/><D0/><U72/><E72/><V74/><F74/><W126/><G126/><T40/><D40/><U112/><E112/><V128/><AGARI ba="1,0" hai="2,6,8,21,27,31,48,51,128,130,131" m="50591" machi="128" ten="30,1100,0" yaku="19,1" doraHai="50" who="2" fromWho="2" sc="195,-4,280,-4,240,14,285,-6" /><INIT seed="4,0,0,0,2,25" ten="191,276,254,279" oya="0" hai0="78,94,0,113,38,48,44,70,12,83,54,134,28" hai1="79,86,76,69,36,52,117,22,96,49,120,109,71" hai2="115,73,99,67,63,88,17,119,39,56,19,65,8" hai3="107,32,9,29,41,91,133,114,53,127,58,93,16"/><T106/><D0/><U126/><E109/><V74/><F119/><W6/><G107/><T64/><D106/><U13/><E36/><V68/><F39/><W102/><G41/><T55/><D113/><U4/><E117/><V47/><F115/><W2/><G114/><T35/><D134/><U5/><E120/><V98/><F47/><W124/><G133/><T24/><D38/><U7/><E69/><V60/><F8/><W87/><G102/><T61/><D94/><U92/><E71/><V131/><F131/><W46/><G46/><T42/><REACH who="0" step="1"/><D12/><REACH who="0" ten="181,276,254,279" step="2"/><U90/><E13/><V43/><F98/><W125/><G2/><T135/><D135/><U97/><E97/><V31/><F99/><W40/><G125/><T62/><D62/><U129/><E126/><V37/><F37/><W27/><G124/><T10/><D10/><U50/><E50/><V59/><F63/><W20/><G127/><T130/><D130/><U57/><E129/><V103/><F60/><W95/><G93/><T33/><D33/><U116/><E116/><V18/><F68/><W112/><G112/><T14/><D14/><U110/><E110/><V81/><F103/><W77/><G9/><T80/><D80/><N who="1" m="49479" /><E22/><V15/><F43/><W1/><G40/><T84/><AGARI ba="0,1" hai="24,28,35,42,44,48,54,55,61,64,70,78,83,84" machi="84" ten="20,7800,0" yaku="1,1,0,1,7,1,52,1,53,0" doraHai="25" doraHaiUra="3" who="0" fromWho="0" sc="181,88,276,-26,254,-26,279,-26" /><INIT seed="4,1,0,0,3,99" ten="269,250,228,253" oya="0" hai0="68,106,127,134,123,114,33,131,10,13,50,120,85" hai1="93,29,82,23,76,81,40,31,15,78,92,59,30" hai2="77,3,125,45,48,64,111,46,112,60,105,2,65" hai3="72,98,55,130,57,128,107,1,19,116,38,56,117"/><T20/><D68/><U86/><E40/><V129/><F105/><W115/><G1/><T126/><D106/><U132/><E132/><V104/><F112/><W36/><G72/><T79/><D50/><U41/><E41/><V4/><F104/><W61/><G19/><T52/><D33/><U12/><E59/><V6/><F125/><N who="0" m="47626" /><D114/><U96/><E23/><V32/><F32/><W133/><G115/><T16/><D134/><U121/><E121/><V100/><F100/><W66/><G98/><T27/><D131/><N who="3" m="50217" /><G107/><T89/><D52/><U119/><E119/><N who="3" m="45642" /><G133/><T69/><D69/><U24/><E24/><V47/><F129/><W80/><G80/><N who="0" m="49319" /><D79/><U63/><E63/><AGARI ba="1,0" hai="36,38,55,56,57,61,63,66" m="45642,50217" machi="63" ten="30,3900,0" yaku="19,1,34,2" doraHai="99" who="3" fromWho="1" sc="269,0,250,-42,228,0,253,42" /><INIT seed="5,0,0,0,2,61" ten="269,208,228,295" oya="1" hai0="22,124,19,57,77,41,47,55,34,48,51,113,50" hai1="89,12,70,129,37,14,9,120,38,56,53,86,75" hai2="28,88,90,74,101,5,21,109,31,93,121,24,20" hai3="25,27,119,52,111,66,126,104,112,59,99,108,6"/><U36/><E120/><V33/><F109/><W107/><G66/><T10/><D34/><U80/><E70/><V133/><F133/><W87/><G6/><T130/><D113/><U49/><E129/><V78/><F121/><W18/><G112/><T134/><D124/><U117/><E117/><V40/><F40/><W69/><G69/><T46/><D134/><U32/><E32/><V85/><F5/><W81/><G126/><T15/><D130/><U82/><REACH who="1" step="1"/><E9/><REACH who="1" ten="269,198,228,295" step="2"/><V30/><F33/><W73/><G119/><T106/><D106/><U26/><E26/><V54/><F54/><W123/><G27/><T39/><D77/><AGARI ba="0,1" hai="12,14,36,37,38,49,53,56,75,77,80,82,86,89" machi="77" ten="40,3900,0" yaku="1,1,53,1" doraHai="61" doraHaiUra="84" who="1" fromWho="0" sc="269,-39,198,49,228,0,295,0" /><INIT seed="5,1,0,5,4,52" ten="230,247,228,295" oya="1" hai0="9,53,134,135,46,116,62,124,29,6,49,69,94" hai1="81,91,50,63,98,34,112,64,4,18,118,130,75" hai2="65,24,87,55,119,25,132,120,37,28,23,113,77" hai3="88,67,10,133,129,92,16,78,41,93,68,103,61"/><U0/><E118/><V80/><F119/><W35/><G35/><T40/><D116/><U7/><E34/><V13/><F120/><W1/><G78/><T74/><D74/><U33/><E33/><V89/><F113/><W20/><G41/><T15/><D124/><U2/><E112/><V100/><F132/><W117/><G117/><T96/><D29/><U60/><E2/><V47/><F100/><W54/><G133/><T121/><D121/><U71/><E0/><V17/><F65/><W110/><G110/><T101/><REACH who="0" step="1"/><D69/><REACH who="0" ten="220,247,228,295" step="2"/><U90/><E75/><V3/><F3/><W43/><G68/><T48/><D48/><U104/><E50/><N who="2" m="29151" /><F37/><W30/><G30/><T114/><D114/><U12/><E71/><V115/><F115/><W102/><G1/><T36/><D36/><U31/><E31/><V72/><F72/><W22/><G129/><T76/><D76/><U5/><E130/><V45/><F28/><W86/><G43/><T21/><D21/><U108/><E108/><V128/><F128/><W58/><G22/><T73/><D73/><U107/><E63/><V8/><F23/><W51/><G20/><T39/><D39/><U111/><E111/><V44/><F44/><W125/><G125/><T70/><D70/><U82/><E60/><V105/><F105/><W42/><G42/><T95/><D95/><U27/><E104/><V99/><F45/><N who="3" m="28015" /><G93/><T127/><D127/><U66/><E107/><V32/><F32/><W38/><G38/><T14/><D14/><AGARI ba="1,1" hai="10,14,16,58,61,67,86,88,92,102,103" m="28015" machi="14" ten="30,7700,0" yaku="8,1,52,1,54,2" doraHai="52" who="3" fromWho="0" sc="220,-80,247,0,228,0,295,90" owari="140,-36.0,247,4.7,228,-17.2,385,48.5" /></mjloggm>