<mjloggm ver="2.3"><GO type="225" lobby="0"/><UN n0="%E3%83%B4%E3%83%A0%EF%BC%99%E3%81%A6" n1="%E5%B0%8F%E9%B3%A5%E9%81%8A%E7%B7%B4%E7%84%A1%32%31%E6%AD%B3" n2="%E3%83%96%E3%83%83%E3%83%91%E3%82%AA%E3%83%96%E3%83%81%E3%82%AD%E3%83%B3" n3="%E3%81%BF%E3%81%BF%E3%81%9A" dan="16,16,16,18" rate="2176.32,2207.03,2169.83,2203.19" sx="M,F,M,M"/><TAIKYOKU oya="0"/><INIT seed="0,0,0,3,5,45" ten="250,250,250,250" oya="0" hai0="119,30,120,65,117,97,103,82,63,57,4,14,43" hai1="71,112,61,85,42,21,32,10,130,98,75,132,107" hai2="41,24,84,69,60,90,134,126,6,88,54,5,0" hai3="31,48,118,131,70,83,64,100,115,33,17,121,29"/><T53/><D120/><U56/><E32/><V55/><F134/><W110/><G115/><T2/><D2/><U111/><E112/><V81/><F126/><W11/><G118/><T89/><D43/><U128/><E75/><V34/><F41/><W9/><G100/><T46/><D30/><U76/><E10/><V102/><F102/><W116/><G116/><T28/><D28/><U135/><E42/><V1/><F34/><W80/><G121/><T77/><D89/><U66/><E21/><V7/><F24/><W87/><G64/><T15/><D4/><U92/><E107/><V49/><F90/><W40/><G70/><T12/><D46/><U44/><E85/><V79/><F79/><W104/><G104/><T78/><D65/><U26/><E26/><V67/><REACH who="2" step="1"/><F55/><REACH who="2" ten="250,250,240,250" step="2"/><W96/><G33/><T27/><D27/><U94/><E135/><V23/><F23/><W125/><G40/><T129/><D77/><U59/><E132/><V13/><F13/><W20/><G125/><T95/><REACH who="0" step="1"/><D129/><REACH who="0" ten="240,250,240,250" step="2"/><U106/><E76/><V37/><F37/><W127/><G131/><T19/><D19/><U36/><E130/><V93/><F93/><W8/><G127/><T39/><D39/><U108/><E36/><V3/><F3/><W86/><G17/><T113/><D113/><U16/><E16/><V51/><F51/><W58/><G48/><T109/><D109/><U47/><E108/><V74/><F74/><AGARI ba="0,2" hai="12,14,15,53,57,63,74,78,82,95,97,103,117,119" machi="74" ten="40,2000,0" yaku="1,1,53,0" doraHai="45" doraHaiUra="25" who="0" fromWho="2" sc="240,40,250,0,240,-20,250,0" /><INIT seed="0,1,0,0,3,2" ten="280,250,220,250" oya="0" hai0="134,128,98,90,78,109,41,30,121,22,85,1,43" hai1="130,120,15,35,73,74,27,102,64,65,95,23,87" hai2="5,6,80,56,51,8,84,40,117,49,118,70,50" hai3="86,32,13,93,122,116,68,21,36,131,37,18,127"/><T16/><D121/><U26/><E130/><V69/><F40/><W115/><G116/><N who="2" m="44649" /><F56/><W11/><G115/><T53/><D128/><U10/><E120/><V72/><F72/><W42/><G32/><T112/><D112/><U119/><E35/><V88/><F8/><W91/><G122/><T108/><D134/><U31/><E27/><V92/><F80/><W54/><G131/><T20/><D1/><U63/><E65/><V62/><F70/><W135/><G135/><T3/><D3/><U133/><E133/><V107/><F107/><W12/><G127/><T17/><D98/><U77/><E77/><V89/><F89/><W113/><G113/><T0/><D0/><U110/><E110/><N who="0" m="42601" /><D78/><U60/><E60/><V106/><F106/><W105/><G105/><T124/><D124/><U97/><E87/><V71/><F71/><W104/><G68/><T46/><D53/><U38/><E38/><V33/><F33/><W66/><G104/><T7/><D41/><U52/><E52/><V126/><F126/><W59/><G42/><T45/><D90/><U101/><E119/><V79/><F79/><W4/><REACH who="3" step="1"/><G66/><AGARI ba="1,0" hai="5,6,49,50,51,62,66,69,84,88,92" m="44649" machi="66" ten="30,7700,0" yaku="12,1,52,2,54,1" doraHai="2" who="2" fromWho="3" sc="280,0,250,0,220,80,250,-80" /><INIT seed="1,0,0,2,1,62" ten="280,250,300,170" oya="1" hai0="35,100,44,95,99,48,126,27,76,1,103,132,125" hai1="2,134,24,119,8,64,102,52,58,107,86,13,108" hai2="59,111,122,80,79,51,131,71,130,6,22,17,38" hai3="42,110,74,5,70,128,31,84,97,124,12,25,112"/><U61/><E119/><V11/><F122/><W28/><G74/><T30/><D1/><U3/><E134/><V116/><F116/><W83/><G112/><T89/><D132/><U23/><E86/><V66/><F38/><W47/><G110/><T92/><D76/><U41/><E41/><V63/><F111/><W16/><G124/><N who="0" m="47723" /><D95/><U29/><E108/><V94/><F94/><W7/><G128/><N who="2" m="49193" /><F51/><N who="3" m="27127" /><G70/><T121/><D121/><U20/><E20/><V75/><F71/><W73/><G97/><T72/><D72/><U91/><E91/><V50/><F50/><W129/><G73/><T49/><D49/><U115/><E115/><V21/><F17/><W114/><G114/><T10/><D10/><U4/><REACH who="1" step="1"/><E52/><AGARI ba="0,0" hai="27,30,35,44,48,52,89,92,99,100,103" m="47723" machi="52" ten="30,2000,0" yaku="18,1,54,1" doraHai="62" who="0" fromWho="1" sc="280,20,250,-20,300,0,170,0" /><INIT seed="2,0,0,0,4,126" ten="300,230,300,170" oya="2" hai0="49,67,63,133,116,130,30,43,76,46,48,117,90" hai1="7,28,123,110,97,20,45,25,9,38,60,94,79" hai2="107,22,32,51,44,73,11,132,37,96,36,80,4" hai3="104,95,98,3,109,59,29,6,8,55,100,68,106"/><V74/><F22/><W69/><G109/><T41/><D76/><U85/><E110/><V71/><F132/><W105/><REACH who="3" step="1"/><G29/><REACH who="3" ten="300,230,300,160" step="2"/><T91/><D30/><U1/><E123/><V127/><F127/><W128/><G128/><T131/><D133/><U26/><E26/><V34/><F34/><W87/><G87/><T42/><D116/><U24/><E24/><V93/><F32/><W15/><G15/><T103/><D117/><U10/><E85/><V16/><F74/><W111/><G111/><T21/><D130/><U19/><E28/><V102/><F73/><W124/><G124/><T40/><D131/><U58/><E1/><V65/><F36/><W122/><G122/><T13/><D13/><U31/><E31/><V39/><F37/><W70/><G70/><T119/><D119/><U99/><E99/><V27/><F39/><W120/><G120/><T33/><D33/><U5/><E38/><V82/><F71/><W86/><G86/><T89/><D42/><U66/><E79/><V64/><F96/><W0/><G0/><T118/><D40/><U53/><E5/><V92/><F4/><W57/><G57/><T56/><D118/><U134/><E7/><V2/><F2/><W12/><G12/><T75/><D75/><U108/><E108/><V101/><F27/><W83/><G83/><T78/><D78/><U72/><E72/><V81/><F81/><W54/><G54/><T47/><D43/><U18/><E134/><V35/><F80/><W114/><G114/><T115/><D41/><U23/><E97/><N who="2" m="61903" /><F82/><W88/><G88/><N who="0" m="33899" /><D115/><U77/><E77/><RYUUKYOKU ba="0,1" sc="300,-10,230,-10,300,-10,160,30" hai3="3,6,8,55,59,68,69,95,98,100,104,105,106" /><INIT seed="3,1,1,3,1,33" ten="290,220,290,190" oya="3" hai0="53,18,26,76,97,47,127,78,120,124,4,24,63" hai1="10,67,87,3,74,112,117,83,68,84,128,69,123" hai2="107,49,28,19,45,82,100,14,92,89,54,94,60" hai3="88,81,20,132,103,46,27,110,102,116,29,36,25"/><W38/><G116/><T91/><D120/><U35/><E123/><V77/><F28/><W6/><G132/><T7/><D97/><U65/><E112/><V42/><F107/><W34/><G110/><T62/><D91/><U22/><E35/><V0/><F0/><W104/><G6/><T109/><D109/><U105/><E105/><V44/><F100/><W58/><G58/><N who="0" m="35151" /><D63/><U30/><E128/><V50/><F89/><W57/><G57/><T79/><D47/><U21/><E74/><V55/><F42/><W12/><G12/><T106/><D106/><U16/><E30/><V11/><F60/><W59/><G59/><T41/><D41/><U75/><E75/><AGARI ba="1,1" hai="11,14,19,44,45,49,50,54,55,75,77,82,92,94" machi="75" ten="30,2000,0" yaku="7,1,9,1" doraHai="33" who="2" fromWho="1" sc="290,0,220,-23,290,33,190,0" owari="290,9.0,197,-20.3,323,42.3,190,-31.0" /></mjloggm>