<mjloggm ver="2.3"><GO type="225" lobby="0"/><UN n0="%E5%B0%8F%E9%B3%A5%E9%81%8A%E7%B7%B4%E7%84%A1%32%31%E6%AD%B3" n1="%E7%B4%94%E6%BD%94%E3%83%94%E3%83%A9%E3%83%8B%E3%82%A2" n2="%E6%A1%9C%E8%8A%B1%E9%96%83%E3%80%85" n3="%2D%E8%B1%8A%E5%8F%A3%E3%82%81%E3%81%90%E3%81%BF%2D" dan="16,16,16,17" rate="2191.47,2136.56,2194.20,2224.14" sx="F,M,M,F"/><TAIKYOKU oya="0"/><INIT seed="0,0,0,5,1,117" ten="250,250,250,250" oya="0" hai0="57,19,30,54,81,35,126,47,122,20,76,99,51" hai1="74,17,49,119,9,61,59,53,127,128,37,129,18" hai2="75,60,6,0,120,96,108,112,110,62,32,105,71" hai3="48,77,89,70,134,98,133,26,73,111,84,33,63"/><T90/><D126/><U39/><E74/><V135/><RYUUKYOKU type="yao9" ba="0,0" sc="250,0,250,0,250,0,250,0" hai2="0,6,32,60,62,71,75,96,105,108,110,112,120,135" /><INIT seed="0,1,0,4,4,108" ten="250,250,250,250" oya="0" hai0="61,62,41,56,49,26,12,66,104,118,121,107,80" hai1="21,38,32,2,18,120,95,97,127,134,130,109,72" hai2="33,106,81,113,116,89,126,30,37,87,6,96,77" hai3="47,115,28,101,17,93,50,71,90,124,54,58,60"/><T79/><D121/><U22/><RYUUKYOKU type="yao9" ba="1,0" sc="250,0,250,0,250,0,250,0" hai1="2,18,21,22,32,38,72,95,97,109,120,127,130,134" /><INIT seed="0,2,0,1,5,7" ten="250,250,250,250" oya="0" hai0="92,115,25,50,64,76,119,78,94,41,45,42,35" hai1="97,16,134,103,99,66,118,90,77,75,1,72,93" hai2="95,108,29,125,135,13,88,55,10,49,60,24,57" hai3="130,46,9,63,11,79,2,124,101,132,83,126,107"/><T27/><D119/><U3/><E118/><V117/><F108/><W21/><G2/><T105/><D105/><U86/><E134/><V26/><F117/><W54/><G132/><T111/><D115/><U33/><E33/><V116/><F116/><W34/><G34/><T40/><D64/><U5/><E5/><V81/><F135/><W80/><G130/><T47/><D35/><U22/><E66/><V84/><F125/><N who="3" m="48235" /><G21/><T28/><D28/><U14/><E97/><V38/><F38/><W48/><G63/><T69/><D69/><U30/><E30/><V109/><F109/><W15/><G15/><T58/><D111/><U71/><E71/><V4/><F29/><W23/><G23/><T53/><D78/><U31/><E31/><V122/><F122/><W43/><G54/><T96/><D76/><U123/><E123/><V44/><F81/><N who="3" m="31307" /><G79/><T127/><D127/><U61/><E61/><V133/><F133/><W121/><G121/><T51/><D45/><U0/><REACH who="1" step="1"/><E77/><REACH who="1" ten="250,240,250,250" step="2"/><V120/><REACH who="2" step="1"/><F120/><REACH who="2" ten="250,240,240,250" step="2"/><W91/><G91/><T67/><D67/><AGARI ba="2,2" hai="4,10,13,24,26,44,49,55,57,60,67,84,88,95" machi="67" ten="30,12000,2" yaku="1,1,2,1,7,1,8,1,52,1,54,1,53,1" doraHai="7" doraHaiUra="62" who="2" fromWho="0" sc="250,-126,240,0,240,146,250,0" /><INIT seed="1,0,0,4,2,46" ten="124,240,386,250" oya="1" hai0="64,57,106,7,120,113,91,2,117,60,67,32,14" hai1="81,124,80,77,54,108,88,62,53,94,116,93,44" hai2="27,22,63,110,76,18,40,6,130,51,11,89,79" hai3="42,112,59,12,82,74,84,3,58,39,48,96,121"/><U105/><E105/><V101/><F110/><W55/><G3/><T122/><D106/><U41/><E116/><V61/><F101/><W47/><G121/><T118/><D91/><U97/><E124/><V135/><F135/><W131/><G112/><T111/><D32/><U31/><E108/><V5/><F130/><W69/><G74/><T4/><D2/><U16/><E31/><V9/><F89/><W92/><G69/><T19/><D111/><U115/><E115/><V107/><F51/><N who="3" m="27127" /><G131/><T98/><D113/><U102/><E62/><N who="2" m="23563" /><F40/><W28/><G12/><T49/><D98/><U25/><E81/><V10/><F107/><W100/><G39/><T99/><D122/><U95/><E95/><V71/><F71/><W134/><G28/><T33/><D120/><U37/><E93/><V119/><F119/><W35/><G134/><T29/><D118/><U36/><E36/><V114/><F114/><W73/><G73/><T52/><D117/><U103/><E102/><V90/><F90/><N who="3" m="51479" /><G35/><T129/><D129/><U17/><E103/><V78/><AGARI ba="0,0" hai="5,6,9,10,11,18,22,27,76,78,79" m="23563" machi="78" ten="40,1500,0" yaku="8,1" doraHai="46" who="2" fromWho="2" sc="124,-4,240,-7,386,15,250,-4" /><INIT seed="2,0,0,4,0,50" ten="120,233,401,246" oya="2" hai0="120,70,45,58,101,64,81,28,108,117,13,132,104" hai1="107,51,14,26,75,84,69,95,100,129,106,109,122" hai2="127,6,36,73,19,59,2,15,78,79,124,37,71" hai3="67,54,63,133,30,83,17,20,57,39,33,9,119"/><V99/><F71/><W68/><G119/><T93/><D117/><U85/><E69/><V42/><F99/><W21/><G133/><T43/><D132/><U40/><E75/><V103/><F103/><W126/><G126/><N who="2" m="48169" /><F42/><W74/><G39/><N who="2" m="14921" /><F73/><W23/><G74/><T98/><D70/><U46/><E109/><V105/><F105/><W27/><G83/><T87/><D108/><U3/><E3/><V18/><F2/><W34/><G9/><T12/><D120/><U113/><E129/><V60/><F6/><W77/><G77/><N who="2" m="29193" /><F15/><W90/><G90/><T48/><D104/><U118/><E106/><V1/><F1/><W22/><REACH who="3" step="1"/><G17/><REACH who="3" ten="120,233,401,236" step="2"/><T114/><D28/><U16/><E118/><V130/><F130/><W65/><G65/><AGARI ba="0,1" hai="18,19,59,60,65" m="29193,14921,48169" machi="65" ten="30,1500,0" yaku="18,1" doraHai="50" who="2" fromWho="3" sc="120,0,233,0,401,25,236,-15" /><INIT seed="2,1,0,5,3,80" ten="120,233,426,221" oya="2" hai0="27,67,26,91,56,105,36,79,12,100,103,77,54" hai1="86,95,10,90,70,25,17,83,134,35,93,34,128" hai2="111,74,108,14,53,46,125,38,66,58,106,88,68" hai3="1,32,61,3,120,21,48,59,126,5,4,15,62"/><V92/><F106/><W30/><G120/><T8/><D36/><U43/><E70/><V52/><F74/><W112/><G126/><T99/><D67/><U115/><E115/><V113/><F113/><W9/><G112/><T84/><D103/><U24/><E128/><V49/><F125/><W51/><G62/><T122/><D122/><U2/><E134/><V18/><F68/><W102/><G102/><T109/><D109/><N who="2" m="42058" /><F66/><W22/><G32/><T6/><D77/><U98/><E93/><V110/><F110/><W69/><G69/><T132/><D79/><U60/><E34/><V20/><F38/><W55/><G30/><T114/><D132/><U104/><E35/><V31/><F31/><W16/><REACH who="3" step="1"/><G21/><REACH who="3" ten="120,233,426,211" step="2"/><T65/><D114/><U78/><E60/><V11/><F20/><W63/><G63/><T130/><D65/><U50/><E104/><V42/><F58/><W29/><G29/><T101/><D101/><U19/><E2/><V131/><F131/><W33/><G33/><T119/><D130/><U44/><E17/><V89/><F89/><W127/><G127/><T7/><D119/><U117/><E117/><V39/><F39/><W96/><G96/><AGARI ba="1,1" hai="11,14,18,42,46,49,52,53,88,92,96" m="42058" machi="96" ten="30,11600,0" yaku="14,1,10,1,54,2" doraHai="80" who="2" fromWho="3" sc="120,0,233,0,426,129,211,-119" /><INIT seed="2,2,0,3,3,40" ten="120,233,555,92" oya="2" hai0="96,134,124,132,8,70,1,111,119,7,34,56,57" hai1="64,80,66,49,78,100,50,95,44,77,94,24,107" hai2="3,43,13,32,27,86,21,121,99,91,131,33,58" hai3="126,45,82,37,52,16,9,103,101,67,92,20,22"/><V35/><F121/><W38/><G67/><T0/><D70/><U62/><E107/><V83/><F3/><W28/><G126/><T97/><D111/><U76/><E50/><V31/><F131/><W133/><G133/><N who="0" m="51307" /><D34/><U18/><E80/><V73/><F73/><W11/><G82/><T128/><D128/><U39/><E39/><V48/><F99/><N who="0" m="37962" /><D124/><U19/><E100/><V25/><F13/><N who="3" m="7215" /><G38/><T26/><D26/><U14/><E24/><V122/><F122/><W105/><G105/><T88/><D0/><U112/><E18/><V60/><F27/><N who="3" m="16487" /><G37/><T127/><D127/><U72/><E72/><V61/><F58/><N who="0" m="22634" /><D88/><U36/><E36/><V102/><F102/><W114/><G114/><T117/><AGARI ba="2,0" hai="1,7,8,117,119" m="22634,37962,51307" machi="117" ten="40,1500,0" yaku="20,1" doraHai="40" who="0" fromWho="0" sc="120,21,233,-6,555,-9,92,-6" /><INIT seed="3,0,0,3,0,124" ten="141,227,546,86" oya="3" hai0="111,86,109,127,3,35,24,79,119,130,110,104,2" hai1="67,54,69,75,15,105,42,12,68,85,53,27,47" hai2="96,92,65,103,43,89,49,13,74,55,63,11,84" hai3="59,31,114,57,77,64,131,19,9,39,58,7,112"/><W70/><G39/><T26/><D119/><U118/><E75/><V108/><F108/><W83/><G31/><N who="0" m="19943" /><D104/><U66/><E105/><V78/><F43/><W116/><G116/><T41/><D127/><U17/><E118/><V90/><F74/><W87/><G19/><T20/><D41/><U72/><E72/><V48/><F78/><W60/><REACH who="3" step="1"/><G131/><REACH who="3" ten="141,227,546,76" step="2"/><T36/><D36/><U38/><E17/><V22/><F11/><W97/><G97/><T81/><D130/><U126/><E38/><V133/><F96/><W25/><G25/><T88/><D79/><U73/><E27/><V121/><F121/><W10/><G10/><T99/><D99/><U128/><E128/><V62/><F22/><W0/><AGARI ba="0,1" hai="0,7,9,57,58,59,60,64,70,77,83,87,112,114" machi="0" ten="30,3000,0" yaku="1,1,0,1,53,0" doraHai="124" doraHaiUra="135" who="3" fromWho="3" sc="141,-10,227,-10,546,-10,76,40" /><INIT seed="3,1,0,4,5,54" ten="131,217,536,116" oya="3" hai0="104,43,121,81,6,29,50,113,74,96,87,118,28" hai1="4,125,79,119,56,86,115,58,134,59,77,75,109" hai2="49,24,127,97,47,110,76,131,126,40,132,70,63" hai3="5,122,68,95,32,36,101,55,60,37,91,133,73"/><W30/><G122/><T26/><D118/><U0/><E115/><V2/><F110/><W48/><G73/><T14/><D74/><U12/><E0/><V65/><F2/><W17/><G5/><T57/><D113/><U62/><E75/><V39/><F131/><W103/><G133/><T130/><D130/><U33/><E33/><V89/><F132/><W11/><G30/><T106/><D96/><U90/><E109/><V23/><F76/><N who="1" m="29257" /><E125/><N who="2" m="47627" /><F89/><W82/><G32/><T46/><D57/><U51/><E51/><V16/><F97/><W88/><G82/><T34/><D29/><U114/><E119/><V102/><F102/><W61/><G68/><T66/><D121/><U7/><E62/><N who="3" m="24170" /><G37/><AGARI ba="1,0" hai="16,23,24,37,39,40,47,49,63,65,70" m="47627" machi="37" ten="30,2000,0" yaku="18,1,54,1" doraHai="54" who="2" fromWho="3" sc="131,0,217,0,536,23,116,-23" owari="131,-26.9,217,1.7,559,65.9,93,-40.7" /></mjloggm>