<mjloggm ver="2.3"><GO type="225" lobby="0"/><UN n0="%E5%A4%8F%E9%88%B4%E9%88%B4%E5%A4%8F" n1="%E3%81%AF%E3%82%88%E3%81%8A%E3%81%98%E3%81%95%E3%82%93" n2="%72%65%6E%6B%75%6E" n3="%E5%B0%8F%E9%B3%A5%E9%81%8A%E7%B7%B4%E7%84%A1%32%31%E6%AD%B3" dan="16,17,17,16" rate="2159.18,2150.08,2204.93,2167.26" sx="F,M,M,F"/><TAIKYOKU oya="0"/><INIT seed="0,0,0,0,4,66" ten="250,250,250,250" oya="0" hai0="89,131,106,101,54,57,105,2,72,124,67,118,48" hai1="125,127,95,4,35,87,62,32,8,53,0,65,107" hai2="74,112,15,5,52,115,99,120,116,9,128,97,18" hai3="83,56,121,3,20,64,77,45,17,14,13,96,90"/><T12/><D118/><U114/><E107/><V22/><F120/><W11/><G3/><T71/><D2/><U43/><E43/><V85/><F74/><W78/><G121/><T109/><D124/><N who="1" m="47691" /><E53/><V60/><F116/><W100/><G90/><T129/><D72/><U36/><E36/><V98/><F128/><N who="0" m="49226" /><D109/><U110/><E114/><V19/><F85/><W51/><G83/><T33/><D33/><U92/><E110/><V39/><F39/><W1/><G1/><T117/><D101/><U80/><E35/><V75/><F75/><W44/><G44/><T34/><D34/><U86/><E32/><V91/><F91/><W103/><G56/><T70/><D117/><U104/><E104/><N who="0" m="40041" /><D67/><U47/><E47/><V123/><F123/><W50/><G64/><T27/><D27/><U10/><E10/><V73/><F73/><W69/><G103/><T102/><D102/><U40/><E40/><V21/><F112/><W55/><G100/><T122/><D122/><U135/><E135/><V76/><F115/><W130/><G130/><T58/><D58/><N who="1" m="37079" /><E87/><V6/><F22/><W59/><G20/><T81/><D12/><U82/><E82/><V28/><F15/><W38/><G13/><T68/><D81/><U24/><E24/><V29/><F21/><W111/><G14/><T93/><D71/><U63/><E63/><V84/><F9/><W61/><G11/><T16/><D16/><U134/><E134/><V31/><F18/><W41/><G17/><T42/><D42/><U108/><E108/><V25/><F19/><W126/><G111/><T119/><D119/><RYUUKYOKU ba="0,0" sc="250,15,250,15,250,-15,250,-15" hai0="48,54,57,68,70,89,93" hai1="0,4,8,80,86,92,95" /><INIT seed="0,1,0,0,0,7" ten="265,265,235,235" oya="0" hai0="22,47,89,96,83,11,111,77,98,90,61,31,49" hai1="15,99,20,68,65,134,0,14,93,91,45,16,32" hai2="125,25,4,53,76,12,102,41,33,38,81,94,34" hai3="110,54,24,52,97,121,92,13,48,36,55,30,62"/><T40/><D111/><U21/><E0/><V127/><F53/><W28/><G36/><T108/><D108/><U56/><E32/><V19/><F4/><W59/><G110/><T107/><D61/><N who="1" m="38055" /><E68/><V51/><F38/><W26/><G121/><T85/><D11/><N who="1" m="6239" /><E134/><V126/><F94/><W130/><G130/><T2/><D2/><U3/><E3/><V132/><F102/><W64/><G48/><T101/><D98/><U43/><E15/><V88/><F132/><W39/><G39/><T86/><REACH who="0" step="1"/><D86/><REACH who="0" ten="255,265,235,235" step="2"/><U104/><E104/><V87/><F126/><W84/><G84/><T63/><D63/><U58/><E58/><V124/><F127/><W10/><G28/><T105/><D105/><U114/><E114/><V29/><F124/><W71/><G30/><T79/><D79/><U67/><E67/><V118/><F76/><W119/><G119/><T70/><D70/><U95/><E93/><V80/><F118/><W1/><G71/><T6/><D6/><U112/><E112/><V120/><F125/><W117/><G1/><T135/><D135/><U44/><E43/><V17/><F41/><W103/><G117/><T27/><AGARI ba="1,1" hai="22,27,31,40,47,49,77,83,85,89,90,96,101,107" machi="27" ten="30,6000,0" yaku="1,1,0,1,53,1" doraHai="7" doraHaiUra="82" who="0" fromWho="0" sc="255,73,265,-21,235,-21,235,-21" /><INIT seed="0,2,0,4,3,5" ten="328,244,214,214" oya="0" hai0="17,18,54,31,79,62,19,36,72,122,51,120,4" hai1="63,11,48,109,130,49,15,110,95,23,123,82,99" hai2="58,106,73,46,6,56,43,115,107,67,129,88,119" hai3="64,70,38,61,81,100,68,134,14,117,113,74,25"/><T84/><D36/><U127/><E123/><V22/><F115/><W131/><G113/><T55/><D4/><N who="1" m="3559" /><E127/><V60/><F73/><W128/><G117/><T75/><D31/><U13/><E130/><V41/><F129/><W102/><G38/><T29/><D29/><U90/><E82/><V66/><F119/><W26/><G134/><T8/><D8/><U87/><E99/><V111/><F22/><W69/><G14/><T52/><D51/><U105/><E105/><V32/><F32/><W92/><G92/><T16/><N who="0" m="4096" /><DORA hai="12" /><T86/><D62/><U93/><E95/><V126/><F46/><W0/><G0/><T50/><D50/><U77/><E77/><V34/><F34/><W28/><G61/><T65/><D65/><U7/><E23/><V133/><F60/><W59/><G64/><T78/><D78/><U132/><E132/><V80/><F66/><W39/><G28/><T24/><D24/><U124/><E124/><V42/><F67/><W89/><G25/><T44/><D44/><U9/><E63/><V135/><F126/><W97/><G26/><T1/><D1/><U45/><E45/><V57/><F106/><W20/><G39/><T27/><D27/><U96/><E96/><V91/><F107/><W21/><G97/><T85/><D79/><U121/><E121/><AGARI ba="2,0" hai="52,54,55,72,75,84,85,86,120,121,122" m="4096" machi="121" ten="60,24000,3" yaku="29,2,28,2,52,4,54,2" doraHai="5,12" who="0" fromWho="1" sc="328,246,244,-246,214,0,214,0" owari="574,67.4,-2,-50.2,214,1.4,214,-18.6" /></mjloggm>