<mjloggm ver="2.3"><GO type="225" lobby="0"/><UN n0="%E5%A4%8F%E9%88%B4%E9%88%B4%E5%A4%8F" n1="%E7%99%BD%E5%80%89%E5%AF%9B%E4%B9%8B" n2="%E3%81%A4%E3%81%A3%E3%81%B1%E3%82%8A%E3%83%9D%E3%83%BC%E3%83%AB" n3="%E9%B7%B9%E5%80%89%E6%9D%8F%E9%88%B4" dan="16,16,17,16" rate="2108.12,2144.88,2167.80,2088.41" sx="F,M,M,F"/><TAIKYOKU oya="0"/><INIT seed="0,0,0,1,0,39" ten="250,250,250,250" oya="0" hai0="114,72,64,79,21,104,44,112,12,23,105,33,58" hai1="78,119,54,38,95,63,76,88,127,130,74,68,55" hai2="16,8,103,75,18,83,108,65,61,42,96,113,84" hai3="99,53,85,60,48,77,17,109,131,123,90,86,100"/><T115/><D33/><U69/><E119/><V89/><F113/><W15/><G109/><T80/><D44/><U71/><E127/><V36/><F108/><W135/><G135/><T47/><D47/><U110/><E110/><V132/><F132/><W59/><G131/><T120/><D120/><U66/><E130/><V11/><F75/><W10/><G123/><T93/><D93/><U81/><E76/><V56/><F36/><W82/><G60/><T9/><D58/><U52/><REACH who="1" step="1"/><E38/><REACH who="1" ten="250,240,250,250" step="2"/><V20/><F42/><W30/><G30/><T37/><D37/><U3/><E3/><V7/><F7/><W70/><G70/><T1/><D1/><U31/><E31/><V116/><F116/><W29/><G29/><T124/><D124/><U0/><E0/><V121/><F121/><W4/><G4/><T117/><D117/><U41/><E41/><V134/><F134/><W13/><G13/><T25/><D64/><U97/><AGARI ba="0,1" hai="52,54,55,63,66,68,69,71,74,78,81,88,95,97" machi="97" ten="30,12000,2" yaku="1,1,0,1,54,2,53,3" doraHai="39" doraHaiUra="49" who="1" fromWho="1" sc="250,-60,240,130,250,-30,250,-30" /><INIT seed="1,0,0,2,1,98" ten="190,370,220,220" oya="1" hai0="16,111,11,1,97,115,120,75,130,104,132,124,48" hai1="134,88,24,0,99,47,61,22,6,56,91,82,95" hai2="44,17,53,64,122,116,62,113,39,40,70,25,41" hai3="84,127,77,46,121,105,119,8,12,79,108,58,131"/><U2/><E134/><V26/><F116/><W4/><G121/><T43/><RYUUKYOKU type="yao9" ba="0,0" sc="190,0,370,0,220,0,220,0" hai0="1,11,16,43,48,75,97,104,111,115,120,124,130,132" /><INIT seed="1,1,0,1,2,54" ten="190,370,220,220" oya="1" hai0="20,121,39,71,72,102,67,3,15,25,94,105,58" hai1="0,127,37,70,129,118,22,49,5,50,124,29,122" hai2="90,114,19,84,98,7,131,31,77,46,69,73,38" hai3="35,101,13,76,11,41,87,85,95,106,52,62,53"/><U34/><E70/><V126/><F69/><W128/><G35/><T82/><D3/><U117/><E37/><V9/><F131/><W132/><G128/><T8/><D121/><U109/><E50/><V74/><F31/><W93/><G132/><T30/><D39/><U111/><E49/><V88/><F126/><N who="1" m="48169" /><E129/><V56/><F114/><W28/><G28/><T44/><D105/><U59/><E59/><V99/><F19/><W42/><G106/><T63/><D44/><U47/><E47/><V12/><F74/><W125/><G125/><T57/><D102/><U112/><E122/><V66/><F73/><W75/><G75/><T40/><D94/><N who="3" m="35849" /><G101/><T97/><D97/><N who="2" m="36874" /><F46/><W16/><G76/><T92/><D92/><U113/><E34/><V60/><F38/><W36/><G36/><T48/><D48/><U86/><E86/><N who="3" m="32778" /><G62/><T89/><D89/><U83/><E83/><AGARI ba="1,0" hai="7,9,12,56,60,66,77,83,84,88,90" m="36874" machi="83" ten="30,3900,0" yaku="8,1,52,1,54,1" doraHai="54" who="2" fromWho="1" sc="190,0,370,-42,220,42,220,0" /><INIT seed="2,0,0,0,5,42" ten="190,328,262,220" oya="2" hai0="95,61,68,112,124,9,128,90,76,93,96,109,30" hai1="119,91,7,129,125,15,11,34,6,19,122,26,83" hai2="50,74,101,117,111,45,48,23,24,82,110,16,79" hai3="64,2,32,84,17,44,39,86,78,67,92,77,113"/><V66/><F117/><W52/><G32/><T121/><D112/><U106/><E106/><V65/><F50/><N who="3" m="28743" /><G2/><T8/><D121/><U133/><E119/><V102/><F66/><N who="3" m="25131" /><G39/><T127/><D109/><N who="2" m="41482" /><F65/><W49/><G113/><T72/><D68/><U114/><E122/><V29/><F29/><W80/><G49/><T37/><D30/><U21/><E34/><V55/><AGARI ba="0,0" hai="16,23,24,45,48,55,74,79,82,101,102" m="41482" machi="55" ten="30,11700,0" yaku="14,1,10,1,52,1,54,1" doraHai="42" who="2" fromWho="2" sc="190,-39,328,-39,262,117,220,-39" /><INIT seed="2,1,0,0,4,20" ten="151,289,379,181" oya="2" hai0="122,130,86,60,61,82,121,63,73,57,76,115,26" hai1="18,31,134,106,62,14,8,124,11,127,93,128,96" hai2="111,131,71,94,68,45,40,22,55,120,102,109,81" hai3="112,107,103,35,118,3,12,100,113,46,9,133,29"/><V47/><F120/><W78/><G118/><T33/><D115/><N who="3" m="44105" /><G3/><T53/><D130/><U2/><E106/><V117/><F117/><W65/><G78/><T80/><D122/><U67/><E128/><V119/><F119/><W84/><G84/><T30/><REACH who="0" step="1"/><D121/><REACH who="0" ten="141,289,379,181" step="2"/><U50/><E127/><V85/><F131/><W88/><G133/><T52/><D52/><U21/><E124/><V17/><F55/><W25/><G65/><T43/><D43/><U110/><E134/><V83/><F40/><W4/><G107/><T116/><D116/><U10/><E67/><V77/><F111/><W27/><G46/><T44/><D44/><U37/><E110/><V42/><F47/><W74/><G74/><T58/><D58/><U34/><E37/><V1/><F45/><W41/><G41/><T90/><AGARI ba="1,1" hai="26,30,33,53,57,60,61,63,73,76,80,82,86,90" machi="90" ten="20,5200,0" yaku="1,1,0,1,7,1,52,1,53,0" doraHai="20" doraHaiUra="64" who="0" fromWho="0" sc="141,65,289,-14,379,-27,181,-14" /><INIT seed="3,0,0,2,4,76" ten="206,275,352,167" oya="3" hai0="54,24,129,103,78,39,4,77,119,84,109,123,93" hai1="12,16,72,0,59,80,7,86,18,98,69,30,85" hai2="10,133,11,64,105,55,1,31,43,127,91,97,88" hai3="22,48,40,120,61,42,83,94,37,81,36,51,82"/><W100/><G120/><T26/><D119/><U126/><E69/><V58/><F133/><W62/><G22/><T9/><D39/><U89/><E0/><V29/><F127/><W114/><G114/><T75/><D123/><U130/><E72/><V2/><F43/><N who="3" m="16427" /><G100/><T17/><D75/><U106/><E126/><V34/><F34/><W92/><G37/><T66/><D66/><U35/><E130/><V104/><F97/><W60/><G36/><T50/><D129/><U124/><E124/><V74/><F74/><W65/><G65/><T110/><D109/><U32/><E106/><V128/><F64/><W8/><G8/><T25/><D17/><U134/><E134/><V52/><F128/><W44/><G44/><T41/><D41/><U131/><E131/><V113/><F58/><W102/><G102/><T132/><D132/><U116/><E116/><V56/><F56/><W121/><G121/><T20/><D20/><U95/><E59/><V33/><F33/><W73/><G73/><T15/><D110/><U53/><E35/><V57/><F57/><W45/><G45/><N who="0" m="27983" /><D103/><U19/><E32/><V38/><F38/><W108/><G108/><T63/><D63/><N who="3" m="16129" /><W122/><DORA hai="5" /><G122/><T99/><D99/><U13/><E98/><V27/><F27/><N who="0" m="6914" /><T23/><DORA hai="3" /><D23/><U68/><E68/><V28/><F28/><W6/><G6/><T47/><D47/><U117/><E7/><V112/><AGARI ba="0,0" hai="1,2,10,11,29,31,52,55,88,91,104,105,112,113" machi="112" ten="25,12000,2" yaku="0,1,22,2,52,2,54,2" doraHai="76,5,3" who="2" fromWho="2" sc="206,-30,275,-30,352,120,167,-60" owari="176,-22.4,245,4.5,472,57.2,107,-39.3" /></mjloggm>