<mjloggm ver="2.3"><GO type="225" lobby="0"/><UN n0="%E5%91%A8%E6%9D%B1" n1="%E3%83%96%E3%83%83%E3%83%91%E3%82%AA%E3%83%96%E3%83%81%E3%82%AD%E3%83%B3" n2="%E6%81%A5%E6%99%92%E3%81%97" n3="%70%68%65%6E%6F%6D%65" dan="16,16,16,16" rate="2130.47,2195.89,2095.84,2163.32" sx="M,M,M,M"/><TAIKYOKU oya="0"/><INIT seed="0,0,0,1,0,14" ten="250,250,250,250" oya="0" hai0="70,44,30,42,0,83,22,77,120,6,100,31,108" hai1="63,122,64,18,4,126,106,90,39,72,60,134,75" hai2="32,27,54,68,133,116,128,111,55,17,87,135,46" hai3="21,48,123,15,124,84,51,53,38,78,52,81,23"/><T57/><D120/><U67/><E122/><V36/><F111/><W58/><G123/><T121/><D121/><U5/><E39/><V107/><F68/><W1/><G1/><T34/><D70/><U91/><E106/><V86/><F107/><W11/><G38/><T37/><D108/><U94/><E94/><V129/><F116/><W9/><G124/><T3/><D100/><U26/><E126/><V92/><F32/><W113/><G113/><T118/><D118/><U131/><E26/><V56/><F46/><W76/><G78/><T95/><D95/><U127/><E127/><V61/><F36/><W80/><G81/><T119/><D119/><U47/><E47/><V13/><F27/><W43/><G43/><T101/><D101/><U105/><E105/><V45/><F55/><W66/><G66/><T65/><D34/><U99/><E99/><V82/><F45/><N who="3" m="27663" /><G9/><N who="0" m="2247" /><D22/><U97/><E97/><V112/><F112/><W85/><G85/><N who="2" m="32265" /><F92/><W88/><G76/><T20/><D3/><U132/><REACH who="1" step="1"/><E131/><REACH who="1" ten="250,240,250,250" step="2"/><N who="2" m="50251" /><F82/><W33/><G33/><T115/><D115/><U35/><E35/><V109/><F109/><W104/><G104/><T110/><D110/><U16/><AGARI ba="0,1" hai="4,5,16,18,60,63,64,67,72,75,90,91,132,134" machi="16" ten="25,12000,2" yaku="1,1,0,1,22,2,52,2,54,1,53,0" doraHai="14" doraHaiUra="102" who="1" fromWho="1" sc="250,-60,240,130,250,-30,250,-30" /><INIT seed="1,0,0,5,1,62" ten="190,370,220,220" oya="1" hai0="96,37,26,113,87,118,95,7,6,109,49,63,123" hai1="117,39,78,19,116,135,103,3,44,74,34,64,59" hai2="5,43,57,47,25,50,112,80,110,107,1,90,2" hai3="65,40,54,66,61,15,79,24,93,77,94,10,35"/><U51/><E135/><V32/><F107/><W102/><G40/><T21/><D37/><U85/><E34/><V69/><F69/><W99/><G94/><T120/><D113/><U41/><E3/><V92/><F112/><W133/><G133/><T42/><D118/><U9/><E103/><V0/><F110/><W56/><G24/><T82/><D109/><U108/><E74/><V134/><F134/><W128/><G35/><T60/><D42/><U91/><E78/><N who="3" m="29706" /><G128/><T46/><D82/><U132/><E132/><V76/><F57/><W68/><G68/><T28/><D87/><U104/><E104/><V81/><F76/><W12/><G12/><T58/><D63/><U86/><E108/><V53/><F43/><W23/><G23/><T22/><D22/><U89/><E86/><V88/><F5/><AGARI ba="0,0" hai="5,10,15,54,56,61,65,66,93,99,102" m="29706" machi="5" ten="30,3900,0" yaku="8,1,52,2" doraHai="62" who="3" fromWho="2" sc="190,0,370,0,220,-39,220,39" /><INIT seed="2,0,0,3,3,129" ten="190,370,181,259" oya="2" hai0="128,75,76,6,127,118,130,11,66,43,15,86,132" hai1="28,72,89,77,133,69,103,24,67,12,35,50,23" hai2="123,99,13,10,63,85,45,58,104,51,14,21,56" hai3="29,20,34,122,98,0,38,124,40,135,26,112,114"/><V62/><F123/><W70/><G70/><T3/><D127/><U105/><E89/><V36/><F36/><W55/><G55/><T53/><D118/><U60/><E50/><V17/><F85/><W106/><G122/><T94/><D66/><U2/><E12/><V117/><F117/><W134/><G0/><T19/><D43/><U95/><E95/><V96/><F104/><W18/><G124/><T25/><D25/><U47/><E23/><V88/><F58/><W126/><G126/><T120/><D120/><U90/><E90/><V22/><F22/><W115/><G40/><T73/><D53/><U57/><E47/><V78/><F78/><W101/><G38/><T92/><D92/><U68/><E2/><V109/><F109/><W49/><G49/><T64/><D64/><U102/><E102/><V113/><F113/><W42/><G42/><T37/><D37/><U59/><E69/><V81/><F56/><W1/><G1/><T119/><D119/><U93/><E93/><N who="2" m="56359" /><F99/><W9/><G9/><N who="0" m="6639" /><D94/><U82/><E59/><V7/><F81/><W27/><AGARI ba="0,0" hai="18,20,26,27,29,34,98,101,106,112,114,115,134,135" machi="27" ten="40,8000,1" yaku="0,1,11,1,52,2" doraHai="129" who="3" fromWho="3" sc="190,-20,370,-20,181,-40,259,80" /><INIT seed="3,0,0,4,3,80" ten="170,350,141,339" oya="3" hai0="81,94,15,68,117,124,44,72,13,66,32,91,126" hai1="8,22,65,97,25,121,75,84,93,71,125,61,5" hai2="60,50,16,109,132,105,58,116,128,9,74,12,27" hai3="14,110,26,39,47,49,122,33,48,38,96,118,133"/><W64/><G118/><T134/><D32/><U57/><E125/><N who="0" m="48233" /><D117/><U59/><E121/><V127/><F116/><W88/><G122/><T135/><D44/><U82/><E75/><V54/><F74/><W17/><G64/><T37/><D37/><U102/><E22/><N who="2" m="13767" /><F127/><W56/><G133/><N who="0" m="50699" /><D66/><U113/><E25/><V78/><F132/><W112/><G112/><T106/><D106/><U69/><E69/><V131/><F105/><W115/><G110/><T24/><D24/><U114/><E114/><V62/><F109/><W18/><G115/><T73/><D68/><U89/><E113/><V4/><F78/><W101/><G39/><T45/><D45/><U95/><E95/><V83/><F83/><W70/><G70/><T107/><D107/><U28/><E28/><V52/><F54/><N who="3" m="31815" /><G38/><T111/><D111/><U130/><E130/><AGARI ba="0,0" hai="4,9,12,50,52,58,60,62,128,130,131" m="13767" machi="130" ten="30,3900,0" yaku="19,1,54,2" doraHai="80" who="2" fromWho="1" sc="170,0,350,-39,141,39,339,0" owari="170,-33.0,311,11.1,180,-22.0,339,43.9" /></mjloggm>