<mjloggm ver="2.3"><GO type="225" lobby="0"/><UN n0="%E3%82%A4%E3%83%BC%E3%82%B1%E3%83%97%E3%83%A9" n1="%E3%81%AF%E3%82%88%E3%81%8A%E3%81%98%E3%81%95%E3%82%93" n2="%E8%81%B7%E6%A5%AD%E3%80%81%E9%A2%A8%32" n3="%4C%4F%4C%49%54%41" dan="17,16,16,16" rate="2235.00,2121.58,2157.10,2114.12" sx="M,M,M,F"/><TAIKYOKU oya="0"/><INIT seed="0,0,0,5,1,119" ten="250,250,250,250" oya="0" hai0="131,61,98,38,134,90,24,4,39,67,105,74,7" hai1="60,15,13,122,56,77,92,121,29,129,70,16,27" hai2="9,125,32,86,58,36,63,44,130,40,114,72,41" hai3="93,88,103,107,91,59,50,65,51,10,19,34,26"/><T78/><D131/><U99/><E77/><V123/><F114/><W102/><G107/><T49/><D134/><U127/><E127/><V17/><F32/><W71/><G71/><T21/><D49/><N who="3" m="18441" /><G34/><T113/><D113/><U115/><E70/><V82/><F72/><W81/><G81/><T42/><D78/><U47/><E47/><V126/><F41/><W133/><G133/><T46/><D74/><U108/><E108/><V97/><F130/><W96/><G91/><T18/><D39/><U73/><E73/><V55/><F125/><W48/><G10/><T68/><REACH who="0" step="1"/><D90/><REACH who="0" ten="240,250,250,250" step="2"/><N who="1" m="55703" /><E129/><V20/><F36/><W25/><G48/><T2/><D2/><U45/><E115/><V0/><F0/><W30/><G88/><T87/><D87/><U89/><E89/><V6/><F86/><W57/><G96/><T52/><D52/><N who="1" m="33799" /><E45/><V23/><F44/><W124/><G124/><T54/><D54/><U135/><E135/><V14/><F55/><W111/><G111/><T118/><D118/><U31/><E121/><V76/><F123/><W106/><G65/><T79/><D79/><U12/><E122/><V117/><F76/><W33/><G103/><AGARI ba="0,1" hai="4,7,18,21,24,38,42,46,61,67,68,98,103,105" machi="103" ten="40,2000,0" yaku="1,1,53,0" doraHai="119" doraHaiUra="8" who="0" fromWho="3" sc="240,30,250,0,250,0,250,-20" /><INIT seed="0,1,0,2,1,0" ten="270,250,250,230" oya="0" hai0="107,119,92,58,135,20,18,26,109,28,114,13,123" hai1="30,77,104,11,95,98,21,9,131,67,53,51,42" hai2="44,100,69,132,61,6,52,101,124,50,78,1,103" hai3="7,49,35,94,19,111,97,56,75,55,14,99,120"/><T39/><D107/><U118/><E118/><V108/><F108/><W89/><G35/><T70/><D70/><U23/><E104/><V59/><F132/><W62/><G111/><T33/><D109/><U113/><E131/><V12/><F124/><W112/><G120/><T36/><D119/><U31/><E113/><V73/><F1/><W68/><G75/><T63/><D114/><U128/><E128/><V133/><F133/><W85/><G112/><T64/><D123/><U82/><E42/><V121/><F121/><W90/><G7/><T125/><D135/><U71/><E67/><V32/><F32/><W25/><G25/><T4/><D125/><U45/><E71/><V72/><F78/><W27/><G27/><T84/><D92/><U134/><E134/><V8/><REACH who="2" step="1"/><F69/><REACH who="2" ten="270,250,240,230" step="2"/><W17/><G68/><T88/><REACH who="0" step="1"/><D4/><REACH who="0" ten="260,250,240,230" step="2"/><U122/><E122/><V65/><AGARI ba="1,2" hai="6,8,12,44,50,52,59,61,65,72,73,100,101,103" machi="65" ten="30,8000,1" yaku="1,1,2,1,0,1,52,1,54,1,53,0" doraHai="0" doraHaiUra="110" who="2" fromWho="2" sc="260,-41,250,-21,240,103,230,-21" /><INIT seed="1,0,0,2,1,55" ten="219,229,343,209" oya="1" hai0="6,81,52,105,47,12,18,90,102,38,119,40,35" hai1="54,109,50,101,57,56,112,74,79,121,15,9,33" hai2="99,66,4,113,129,11,85,29,43,3,76,84,95" hai3="94,39,45,133,117,98,118,24,20,27,108,110,64"/><U8/><E121/><V93/><F129/><W34/><G133/><T46/><D119/><N who="3" m="45577" /><G64/><T88/><D35/><U115/><E33/><V135/><F135/><W114/><G114/><T72/><D6/><U63/><E101/><V89/><F113/><W78/><G78/><T70/><D70/><U87/><E74/><V28/><F43/><N who="3" m="22783" /><G34/><T5/><D5/><U36/><E36/><V7/><F7/><W92/><G92/><T1/><D1/><U134/><E134/><V49/><F49/><W59/><G59/><T80/><D102/><U26/><E112/><V132/><F66/><W103/><G20/><T68/><D105/><U107/><E107/><V21/><F21/><W58/><G58/><T106/><D106/><U83/><E115/><V44/><F44/><W51/><G51/><T123/><D68/><U82/><E82/><V31/><F132/><W65/><G65/><T32/><D32/><U73/><E73/><V91/><F76/><W60/><G60/><T42/><D42/><U61/><E50/><V104/><F104/><W16/><G16/><T116/><D123/><U2/><E2/><V41/><F41/><W53/><G53/><T125/><D116/><U100/><E26/><AGARI ba="0,0" hai="24,26,27,94,98,103,108,110" m="22783,45577" machi="26" ten="30,1000,0" yaku="12,1" doraHai="55" who="3" fromWho="1" sc="219,0,229,-10,343,0,209,10" /><INIT seed="2,0,0,3,1,57" ten="219,219,343,219" oya="2" hai0="27,135,59,109,52,35,105,37,4,48,5,125,10" hai1="21,104,106,114,51,39,13,89,124,100,102,101,1" hai2="3,53,9,96,33,71,41,28,76,32,70,15,116" hai3="103,38,95,92,113,77,127,58,64,84,62,61,68"/><V73/><F116/><W126/><G38/><T0/><D105/><U94/><E1/><V69/><F53/><N who="3" m="33999" /><G113/><T82/><D37/><U93/><E39/><V31/><F96/><W18/><G103/><T99/><D109/><U117/><E117/><V115/><F115/><W43/><G43/><T34/><D135/><U7/><E114/><V47/><F15/><W130/><G130/><T98/><D125/><N who="3" m="47625" /><G18/><T72/><D5/><U45/><E124/><V2/><F41/><W66/><G66/><T42/><D42/><N who="1" m="25015" /><E106/><V46/><F46/><W80/><AGARI ba="0,0" hai="62,64,68,77,80,84,92,95" m="47625,33999" machi="80" ten="30,4000,0" yaku="18,1,52,2" doraHai="57" who="3" fromWho="3" sc="219,-10,219,-10,343,-20,219,40" /><INIT seed="3,0,0,5,0,69" ten="209,209,323,259" oya="3" hai0="42,71,107,99,51,102,16,40,75,129,33,3,57" hai1="45,39,31,82,106,91,46,76,49,128,70,64,121" hai2="23,114,30,65,52,117,81,101,21,93,73,22,9" hai3="85,26,94,59,41,131,68,86,79,104,47,62,89"/><W134/><G104/><T124/><D71/><U135/><E121/><V78/><F114/><W112/><G112/><T19/><D33/><U60/><E106/><V55/><F117/><W8/><G68/><T72/><D3/><U111/><E111/><V103/><F30/><W17/><G131/><T10/><D129/><U2/><E128/><V35/><F35/><W25/><G134/><T119/><D119/><U109/><E109/><V29/><F29/><W92/><G8/><T27/><D124/><U11/><E135/><V48/><F65/><W84/><G17/><T43/><D19/><U38/><E91/><V6/><F93/><W63/><G79/><T83/><D83/><U4/><E31/><V58/><REACH who="2" step="1"/><F55/><REACH who="2" ten="209,209,313,259" step="2"/><W96/><G94/><T133/><D133/><U0/><E0/><AGARI ba="0,1" hai="0,6,9,21,22,23,48,52,58,73,78,81,101,103" machi="0" ten="40,5200,0" yaku="1,1,2,1,54,1,53,0" doraHai="69" doraHaiUra="56" who="2" fromWho="1" sc="209,0,209,-52,313,62,259,0" owari="209,-19.1,157,-34.3,375,47.5,259,5.9" /></mjloggm>