<mjloggm ver="2.3"><GO type="225" lobby="0"/><UN n0="%E9%A6%AC%E5%BC%95%E7%81%AB%33" n1="%E3%83%96%E3%83%83%E3%83%91%E3%82%AA%E3%83%96%E3%83%81%E3%82%AD%E3%83%B3" n2="%72%65%6E%6B%75%6E" n3="%E5%B8%86%E7%AB%8B%E5%A4%8F%E8%A1%A3" dan="16,17,17,17" rate="2103.78,2178.41,2174.94,2186.32" sx="M,M,M,M"/><TAIKYOKU oya="0"/><INIT seed="0,0,0,5,0,34" ten="250,250,250,250" oya="0" hai0="107,24,89,121,94,9,21,17,54,116,29,13,131" hai1="74,64,102,47,106,35,60,45,23,132,44,122,86" hai2="113,119,32,46,92,134,58,8,61,59,118,135,104" hai3="85,76,103,48,1,79,109,27,62,6,2,38,67"/><T41/><D116/><N who="2" m="44586" /><F32/><W81/><G38/><T87/><D131/><U37/><E122/><V19/><F104/><W84/><G109/><T30/><D121/><U20/><E35/><V75/><F75/><W42/><G103/><T57/><D41/><U52/><E74/><V133/><F113/><W120/><G120/><T55/><D107/><U5/><E37/><V71/><F92/><W7/><G27/><T130/><D130/><U101/><E132/><V63/><F19/><W36/><G36/><T70/><D70/><U98/><E102/><V108/><F8/><W96/><G96/><T28/><REACH who="0" step="1"/><D57/><REACH who="0" ten="240,250,250,250" step="2"/><N who="2" m="21514" /><F108/><W51/><G42/><T22/><D22/><U112/><E20/><V65/><F63/><W50/><G62/><T33/><D33/><U66/><E23/><V128/><F128/><W40/><G40/><T80/><D80/><U114/><E60/><V82/><F82/><W77/><G81/><T91/><D91/><U72/><E106/><V16/><F16/><AGARI ba="0,1" hai="9,13,16,17,21,24,28,29,30,54,55,87,89,94" machi="16" ten="40,7700,0" yaku="1,1,8,1,54,1,53,0" doraHai="34" doraHaiUra="95" who="0" fromWho="2" sc="240,87,250,0,250,-77,250,0" /><INIT seed="0,1,0,4,1,24" ten="327,250,173,250" oya="0" hai0="59,53,107,55,105,113,42,87,91,70,22,6,27" hai1="31,134,68,99,16,21,118,28,46,74,78,131,115" hai2="104,80,108,79,94,2,36,132,120,63,0,82,88" hai3="114,29,110,11,89,48,54,123,102,109,58,103,47"/><T77/><D113/><U92/><E118/><V125/><F36/><W40/><G114/><T25/><D70/><U20/><E68/><V5/><F120/><W19/><G123/><T34/><D42/><U93/><E115/><V7/><F104/><W13/><G29/><N who="1" m="11338" /><E74/><V67/><F108/><N who="3" m="41579" /><G89/><T35/><D91/><U66/><E134/><V23/><F132/><W17/><G17/><T73/><D73/><U45/><E131/><V50/><F125/><W133/><G133/><T18/><D18/><U51/><E78/><V119/><F119/><W98/><G98/><T101/><D77/><U128/><E128/><V39/><F39/><AGARI ba="1,0" hai="11,13,19,39,40,47,48,54,58,102,103" m="41579" machi="39" ten="30,1000,0" yaku="14,1" doraHai="24" who="3" fromWho="2" sc="327,0,250,0,173,-13,250,13" /><INIT seed="1,0,0,0,4,42" ten="327,250,160,263" oya="1" hai0="21,13,10,110,39,62,104,108,11,93,132,45,43" hai1="115,130,18,135,60,15,117,52,89,68,3,123,6" hai2="86,113,64,17,112,133,74,111,19,4,91,92,97" hai3="47,7,41,82,75,61,38,100,49,126,98,102,122"/><U59/><E115/><V8/><F74/><W32/><G122/><T9/><D132/><U65/><E123/><V0/><F133/><W87/><G126/><T2/><D104/><U85/><E135/><V72/><F72/><W25/><G75/><T50/><D2/><U54/><E117/><V129/><F111/><N who="0" m="42538" /><D62/><U105/><E130/><V22/><F129/><W31/><G38/><T125/><D125/><U116/><E105/><V109/><F109/><W34/><G34/><T27/><D93/><U16/><E116/><V79/><F64/><W124/><G124/><T120/><D120/><U53/><E68/><V90/><F79/><W80/><G7/><N who="0" m="3263" /><D50/><U121/><E121/><V20/><F20/><W26/><G26/><T56/><D56/><U58/><E3/><V76/><F76/><W5/><G5/><T57/><D57/><N who="1" m="37007" /><E6/><V24/><REACH who="2" step="1"/><F19/><AGARI ba="0,0" hai="10,11,19,21,27,39,43,45" m="3263,42538" machi="19" ten="30,2000,0" yaku="14,1,52,1" doraHai="42" who="0" fromWho="2" sc="327,20,250,0,160,-20,263,0" /><INIT seed="2,0,0,5,2,82" ten="347,250,140,263" oya="2" hai0="22,5,66,4,129,79,17,21,33,37,87,112,105" hai1="41,25,91,46,120,86,116,68,103,50,80,64,29" hai2="30,76,10,133,130,42,74,47,19,34,135,28,49" hai3="27,31,88,83,55,132,95,38,24,15,56,94,71"/><V0/><F130/><W108/><G108/><T99/><D112/><U60/><E120/><V107/><F107/><W69/><G132/><N who="2" m="50761" /><F34/><W131/><G38/><T2/><D33/><U1/><E1/><V115/><F115/><W48/><G131/><T12/><D37/><U11/><E11/><V13/><F0/><W85/><G69/><T96/><D66/><U54/><E116/><V32/><F32/><W53/><G71/><T14/><D2/><U117/><E117/><V81/><AGARI ba="0,0" hai="10,13,19,28,30,42,47,49,74,76,81" m="50761" machi="81" ten="30,1500,0" yaku="20,1" doraHai="82" who="2" fromWho="2" sc="347,-5,250,-5,140,15,263,-5" /><INIT seed="2,1,0,5,2,16" ten="342,245,155,258" oya="2" hai0="60,74,85,104,1,133,108,29,18,24,100,129,22" hai1="73,7,13,96,64,78,126,66,135,33,54,46,21" hai2="11,111,81,90,115,44,3,2,41,8,131,42,79" hai3="106,128,107,9,43,91,118,103,58,40,83,84,38"/><V93/><F115/><W56/><G118/><T14/><D74/><U92/><E33/><V87/><F131/><W61/><G128/><T36/><D1/><U63/><E126/><V112/><F112/><W124/><G124/><T30/><D36/><U45/><E135/><V117/><F117/><W114/><G114/><T19/><D129/><U101/><E73/><V39/><F42/><W28/><G28/><T71/><D108/><U98/><E78/><V47/><F47/><N who="1" m="17929" /><E98/><V122/><F122/><W127/><G127/><T70/><D18/><N who="1" m="10447" /><E7/><V72/><REACH who="2" step="1"/><F111/><REACH who="2" ten="342,245,145,258" step="2"/><W121/><G43/><T25/><D133/><U75/><E75/><V69/><F69/><W120/><G40/><T55/><D71/><U95/><E95/><V119/><F119/><W5/><G121/><T34/><D70/><U50/><E63/><V125/><F125/><W82/><G120/><T20/><D60/><U89/><E101/><V94/><F94/><W37/><G103/><T123/><D123/><U99/><E99/><V31/><F31/><W51/><G61/><T23/><D100/><U134/><E134/><V6/><F6/><W57/><G5/><T88/><D30/><U76/><E76/><V15/><F15/><W35/><G38/><T105/><D14/><U80/><E80/><V12/><F12/><W110/><G37/><T27/><D29/><U59/><AGARI ba="1,1" hai="50,54,59,64,66,89,92,96" m="10447,17929" machi="59" ten="30,2000,0" yaku="8,1,52,1" doraHai="16" who="1" fromWho="1" sc="342,-6,245,33,145,-11,258,-6" /><INIT seed="3,0,0,5,1,73" ten="336,278,134,252" oya="3" hai0="102,99,38,23,95,42,22,67,55,27,2,48,83" hai1="98,109,60,103,135,65,59,29,84,53,94,10,20" hai2="56,64,133,107,62,80,91,118,78,129,39,46,72" hai3="1,120,108,61,36,71,100,13,116,76,50,5,19"/><W25/><G120/><T87/><D2/><U81/><E109/><V34/><F34/><W32/><G116/><T68/><D38/><U79/><E135/><V121/><F118/><W112/><G36/><T97/><D42/><U113/><E113/><V15/><F121/><W96/><G112/><T21/><D99/><U28/><E10/><V0/><F0/><W8/><G50/><T77/><D67/><U117/><E117/><V70/><F107/><W18/><G108/><T92/><D92/><U30/><E53/><V126/><F126/><W74/><G13/><T43/><D68/><U75/><E75/><V57/><F133/><W49/><G49/><T104/><D104/><U115/><E115/><V134/><F134/><W132/><G132/><T17/><D43/><U110/><E110/><V128/><F91/><W93/><G61/><T82/><D83/><U41/><E41/><V106/><F106/><W3/><G71/><T52/><D55/><U31/><E31/><V111/><F111/><W119/><G119/><T26/><D27/><AGARI ba="0,0" hai="20,27,28,29,30,59,60,65,79,81,84,94,98,103" machi="27" ten="40,8000,1" yaku="25,2,8,1,52,1" doraHai="73" who="1" fromWho="0" sc="336,-80,278,80,134,0,252,0" owari="256,5.6,358,45.8,134,-36.6,252,-14.8" /></mjloggm>