<mjloggm ver="2.3"><GO type="225" lobby="0"/><UN n0="%E3%81%8B%E3%82%8F%E3%81%A1%E3%82%83%E3%82%93%35%38" n1="%E3%81%99%E3%81%84%E3%81%BE%E3%81%9B%E3%83%BC%E3%82%93" n2="%E5%91%A8%E6%9D%B1" n3="%E6%81%A5%E6%99%92%E3%81%97" dan="16,18,17,17" rate="2161.40,2203.76,2246.06,2177.89" sx="M,M,M,M"/><TAIKYOKU oya="0"/><INIT seed="0,0,0,3,0,47" ten="250,250,250,250" oya="0" hai0="132,113,86,50,30,32,37,8,64,81,71,76,6" hai1="57,15,74,106,16,51,103,21,84,75,94,128,127" hai2="28,68,124,111,67,56,36,80,99,22,109,88,129" hai3="108,49,11,29,2,55,4,41,101,69,60,110,53"/><T122/><D113/><U133/><E128/><V26/><F36/><W131/><G131/><T1/><D122/><U61/><E127/><V107/><F129/><W31/><G101/><T98/><D37/><U24/><E133/><V59/><F124/><W18/><G18/><T27/><D132/><U48/><E106/><V45/><F107/><W114/><G114/><T112/><D112/><U33/><E75/><V63/><F45/><N who="3" m="25775" /><G69/><T89/><D64/><U130/><E74/><V13/><F13/><W35/><G60/><T90/><D71/><U92/><E130/><V93/><REACH who="2" step="1"/><F80/><REACH who="2" ten="250,250,240,250" step="2"/><W97/><G2/><T12/><D1/><U95/><E15/><V0/><F0/><W119/><G108/><AGARI ba="0,1" hai="22,26,28,56,59,63,67,68,88,93,99,108,109,111" machi="108" ten="40,8000,1" yaku="1,1,14,1,54,1,53,1" doraHai="47" doraHaiUra="66" who="2" fromWho="3" sc="250,0,250,0,240,90,250,-80" /><INIT seed="1,0,0,3,4,88" ten="250,250,330,170" oya="1" hai0="125,75,77,113,17,23,131,119,102,93,111,54,76" hai1="116,32,5,83,30,120,18,95,103,98,15,94,97" hai2="33,46,67,101,81,63,14,78,79,74,58,3,66" hai3="118,19,65,9,50,40,71,80,6,135,72,60,64"/><U13/><E116/><V110/><F3/><W68/><G118/><T82/><D119/><U0/><E120/><V55/><F33/><W2/><G135/><T43/><D113/><U57/><E0/><V130/><F110/><W11/><G50/><T38/><D111/><U109/><E109/><V87/><F130/><W36/><G11/><T25/><D125/><U37/><E37/><V73/><F101/><W48/><G48/><T126/><D126/><U106/><E32/><V123/><F123/><W53/><G53/><T86/><D131/><U51/><E30/><V4/><F74/><W117/><G117/><T90/><D76/><U122/><E122/><V134/><F46/><W91/><G19/><T100/><REACH who="0" step="1"/><D54/><REACH who="0" ten="240,250,330,170" step="2"/><N who="1" m="31967" /><E106/><V35/><F79/><W129/><G129/><T114/><D114/><U20/><E83/><V84/><F81/><W121/><G121/><T59/><D59/><U61/><E61/><V39/><F58/><W52/><G71/><T45/><AGARI ba="0,1" hai="17,23,25,38,43,45,75,77,82,86,90,93,100,102" machi="45" ten="30,7900,0" yaku="1,1,0,1,52,1,53,1" doraHai="88" doraHaiUra="105" who="0" fromWho="0" sc="240,89,250,-39,330,-20,170,-20" /><INIT seed="2,0,0,0,0,7" ten="329,211,310,150" oya="2" hai0="38,55,91,92,130,81,121,79,9,95,131,17,94" hai1="53,4,57,62,105,67,123,110,118,31,104,71,61" hai2="77,37,112,35,2,10,99,64,111,87,22,60,29" hai3="106,88,102,113,19,90,120,63,96,24,47,58,69"/><V32/><F112/><W11/><G120/><T45/><D121/><U129/><E118/><V51/><F37/><W122/><G122/><T100/><D100/><U109/><E123/><V114/><F114/><W101/><G113/><T117/><D117/><U36/><E129/><N who="0" m="49161" /><D17/><U39/><E31/><V27/><F111/><N who="1" m="42505" /><E4/><V50/><F99/><W80/><G69/><T74/><D9/><U33/><E33/><V132/><F132/><W28/><G102/><T83/><D83/><U86/><E86/><V85/><F35/><W126/><G126/><T65/><D65/><U108/><N who="1" m="42513" /><U48/><DORA hai="56" /><E105/><V43/><F32/><W0/><G80/><T127/><D127/><U93/><E93/><V13/><F2/><W75/><G75/><T8/><D8/><U40/><E104/><V125/><F125/><W15/><G47/><AGARI ba="0,0" hai="36,39,40,47,48,53,57,61,62,67,71" m="42513" machi="47" ten="40,8000,1" yaku="14,1,34,2,52,2" doraHai="7,56" who="1" fromWho="3" sc="329,0,211,80,310,0,150,-80" /><INIT seed="3,0,0,4,2,22" ten="329,291,310,70" oya="3" hai0="124,80,81,75,85,84,8,126,20,37,55,115,29" hai1="99,130,1,28,66,57,13,79,105,45,119,103,17" hai2="73,131,111,64,42,0,97,9,107,122,32,46,71" hai3="63,94,92,56,83,61,58,110,54,50,38,91,77"/><W120/><G120/><T76/><D37/><U127/><E1/><V7/><F122/><W88/><G38/><T18/><D115/><U128/><E127/><N who="0" m="48681" /><D29/><U40/><E119/><V95/><F111/><W49/><G110/><T26/><D8/><U68/><E68/><V135/><F131/><W24/><G83/><T6/><D6/><U114/><E114/><V117/><F117/><W96/><G77/><N who="0" m="46095" /><D55/><U132/><E132/><V16/><F135/><W52/><REACH who="3" step="1"/><G24/><REACH who="3" ten="329,291,310,60" step="2"/><T102/><D102/><U12/><E79/><V30/><F73/><AGARI ba="0,1" hai="18,20,26,73,75,76,81,85" m="46095,48681" machi="73" ten="30,2000,0" yaku="18,1,52,1" doraHai="22" who="0" fromWho="2" sc="329,30,291,0,310,-20,60,0" owari="359,45.9,291,9.1,290,-11.0,60,-44.0" /></mjloggm>