<mjloggm ver="2.3"><GO type="225" lobby="0"/><UN n0="%E3%80%90%E3%83%88%E3%83%AA%E3%83%A5%E3%83%95%E3%80%91" n1="%E9%BB%99%E8%81%B4%E3%81%AE%E3%81%99%E3%82%9D%E3%82%81" n2="%E3%82%8A%E3%81%93%E3%82%8A%E3%82%93%E3%81%94" n3="%E3%81%8B%E3%82%8F%E3%81%A1%E3%82%83%E3%82%93%35%38" dan="16,16,17,16" rate="2090.02,2142.41,2209.57,2137.35" sx="M,M,M,M"/><TAIKYOKU oya="0"/><INIT seed="0,0,0,5,3,70" ten="250,250,250,250" oya="0" hai0="76,27,114,57,74,79,63,14,105,35,106,126,2" hai1="65,7,83,40,53,100,71,41,133,61,22,46,121" hai2="119,135,107,21,118,55,96,97,117,92,111,99,120" hai3="10,17,38,110,31,86,4,6,30,69,88,125,129"/><T78/><D114/><U124/><E121/><V20/><F120/><W9/><G69/><T11/><D2/><U25/><E133/><V89/><F135/><W77/><G38/><T3/><D3/><U112/><E124/><V5/><F111/><W34/><G34/><T90/><D90/><U115/><E7/><N who="3" m="2602" /><G110/><T80/><D126/><U127/><E100/><V131/><F131/><W58/><G125/><T18/><D106/><U95/><E95/><V8/><F55/><W12/><G129/><T39/><D105/><U134/><E134/><V26/><F107/><W72/><G72/><T51/><D51/><N who="1" m="28919" /><E83/><V113/><F113/><N who="1" m="43593" /><E127/><V52/><F52/><W36/><G36/><T94/><D39/><U91/><E91/><V24/><F24/><W59/><G9/><T48/><D48/><U56/><E71/><V66/><F66/><W116/><G77/><T84/><D35/><U42/><E41/><V60/><F60/><W109/><G116/><T32/><D32/><U15/><E15/><N who="2" m="5519" /><F26/><W122/><G122/><T0/><D27/><U47/><E47/><V13/><F13/><W130/><G130/><T108/><D108/><U123/><E123/><V93/><F93/><N who="3" m="54423" /><G109/><T104/><D0/><U43/><E43/><V54/><F54/><W85/><G85/><AGARI ba="0,0" hai="20,21,85,89,92,96,97,99,117,118,119" m="5519" machi="85" ten="40,1300,0" yaku="12,1" doraHai="70" who="2" fromWho="3" sc="250,0,250,0,250,13,250,-13" /><INIT seed="1,0,0,4,0,27" ten="250,250,263,237" oya="1" hai0="65,69,116,77,4,59,71,64,68,99,112,15,110" hai1="129,23,103,134,62,58,54,123,83,24,67,100,90" hai2="128,94,97,115,30,108,45,18,47,51,72,124,81" hai3="132,31,73,126,66,17,20,6,37,39,40,122,79"/><U60/><E123/><V135/><F108/><W44/><G122/><T22/><D112/><U78/><E129/><V28/><F128/><W127/><G132/><T1/><D116/><U105/><E90/><V119/><F119/><W104/><G104/><T131/><D110/><U88/><E105/><V106/><F106/><W101/><G101/><T35/><D35/><U29/><E134/><V0/><F0/><W3/><G66/><T117/><D117/><U9/><E9/><V33/><F135/><W89/><G89/><T52/><D131/><U25/><E25/><V75/><F124/><N who="3" m="47659" /><G31/><T46/><D77/><U120/><E120/><V16/><F115/><W43/><G6/><T61/><D99/><U113/><E113/><V84/><F33/><W26/><G3/><T32/><D32/><U63/><E88/><N who="2" m="55495" /><F75/><W125/><N who="3" m="47667" /><W12/><DORA hai="11" /><G12/><T133/><D133/><U82/><E82/><V55/><F72/><W111/><G111/><T98/><D98/><U86/><REACH who="1" step="1"/><E63/><REACH who="1" ten="250,240,263,237" step="2"/><V21/><F81/><N who="3" m="45295" /><G43/><T121/><D121/><U50/><E50/><AGARI ba="0,1" hai="17,20,26,37,39,40,44,50" m="45295,47667" machi="50" ten="40,1300,0" yaku="18,1" doraHai="27,11" who="3" fromWho="1" sc="250,0,240,-13,263,0,237,23" /><INIT seed="2,0,0,2,0,57" ten="250,227,263,260" oya="2" hai0="97,90,85,75,28,5,77,117,92,48,93,44,123" hai1="35,84,86,131,124,42,105,69,72,81,4,89,50" hai2="32,114,99,128,21,11,6,134,15,130,110,120,67" hai3="65,53,112,78,71,101,127,31,9,37,133,7,36"/><V103/><F114/><W70/><G101/><T29/><D123/><U39/><E39/><N who="3" m="14922" /><G31/><T108/><D5/><U116/><E35/><V87/><F120/><W19/><G19/><T27/><D108/><U46/><E116/><V23/><F32/><W52/><G78/><T135/><D135/><U91/><E131/><N who="2" m="50219" /><F134/><W61/><G133/><T95/><D75/><U73/><E105/><N who="2" m="63743" /><F110/><W54/><G9/><T82/><D117/><U8/><E69/><N who="3" m="26122" /><G7/><T51/><D27/><U17/><E124/><V74/><F74/><W129/><G129/><T34/><D34/><U63/><E63/><V25/><F67/><W47/><G127/><T43/><D51/><U94/><REACH who="1" step="1"/><E17/><REACH who="1" ten="250,217,263,260" step="2"/><V26/><F87/><W59/><G112/><T13/><D28/><U0/><AGARI ba="0,1" hai="0,4,8,42,46,50,72,73,81,84,86,89,91,94" machi="0" ten="20,5200,0" yaku="1,1,2,1,0,1,7,1,53,0" doraHai="57" doraHaiUra="109" who="1" fromWho="1" sc="250,-13,217,62,263,-26,260,-13" /><INIT seed="3,0,0,4,1,1" ten="237,279,237,247" oya="3" hai0="129,56,119,70,118,38,51,6,75,60,28,107,95" hai1="73,120,11,134,131,16,64,130,45,36,116,103,97" hai2="5,46,96,79,99,71,109,114,102,98,9,47,63" hai3="35,40,126,31,25,113,26,83,3,128,41,19,93"/><W92/><G113/><T55/><D107/><U124/><E120/><V85/><F114/><W78/><G128/><T80/><D129/><N who="1" m="49163" /><E73/><V91/><F109/><W10/><G126/><T37/><D28/><U48/><E64/><V108/><F79/><W106/><G106/><T123/><D95/><U67/><E67/><V42/><F108/><W49/><G25/><T115/><D115/><U87/><E36/><N who="0" m="13929" /><D6/><U13/><E134/><V94/><F71/><W117/><G117/><T61/><D80/><U82/><E116/><N who="0" m="44585" /><D75/><U104/><E124/><V4/><F63/><N who="0" m="24138" /><D123/><U74/><E74/><V121/><F121/><W101/><G93/><T54/><D70/><U57/><E87/><V68/><F68/><W17/><G92/><T34/><D34/><U111/><E82/><V76/><F76/><W135/><G83/><T84/><D84/><U77/><E77/><V86/><F86/><W33/><G78/><T32/><D32/><U22/><E104/><V23/><F85/><W88/><G35/><T59/><D51/><U53/><E111/><V43/><F99/><W21/><G49/><T50/><D50/><U69/><E69/><V127/><F98/><W8/><G33/><T66/><D66/><U18/><E97/><V89/><F127/><W81/><G81/><T7/><D7/><N who="2" m="2634" /><F23/><W62/><G21/><T132/><D132/><U65/><E22/><V14/><F9/><W105/><G135/><T122/><D122/><U125/><E125/><V29/><F29/><W20/><G20/><T72/><D72/><U52/><E11/><V58/><F96/><W12/><G8/><RYUUKYOKU ba="0,0" sc="237,30,279,-10,237,-10,247,-10" hai0="54,55,56,59" /><INIT seed="4,1,0,5,4,102" ten="267,269,227,237" oya="0" hai0="112,69,55,75,11,110,2,14,36,85,53,4,20" hai1="42,19,115,15,54,104,13,76,89,31,90,22,126" hai2="119,100,39,8,114,77,124,7,94,87,79,63,128" hai3="66,17,65,82,9,26,41,21,32,118,93,105,133"/><T27/><D112/><U60/><E126/><V84/><F114/><W127/><G118/><T12/><D75/><U135/><E115/><V33/><F39/><W43/><G105/><T122/><D122/><U86/><E104/><V134/><F33/><W18/><G32/><T95/><D69/><U88/><E42/><N who="3" m="15882" /><G133/><T74/><D74/><U1/><E1/><V61/><F124/><W24/><G127/><T59/><D36/><U25/><E135/><V81/><F128/><W28/><G82/><T0/><D110/><U72/><E72/><V16/><F119/><W64/><G26/><T38/><D38/><U116/><E116/><V68/><F68/><W106/><G106/><T108/><D108/><U6/><E76/><V71/><F71/><W123/><G123/><T80/><D95/><U40/><E40/><V121/><F121/><W78/><G78/><T129/><D129/><U101/><E101/><V3/><F134/><W98/><G9/><T29/><D0/><U48/><E60/><V117/><F117/><W57/><G57/><T70/><D70/><U52/><E6/><V120/><F120/><W103/><AGARI ba="1,0" hai="17,18,21,24,28,64,65,66,93,98,103" m="15882" machi="103" ten="30,1100,0" yaku="8,1" doraHai="102" who="3" fromWho="3" sc="267,-6,269,-4,227,-4,237,14" /><INIT seed="5,0,0,5,0,89" ten="261,265,223,251" oya="1" hai0="43,107,84,115,1,106,59,100,93,0,109,34,58" hai1="23,4,9,22,60,83,2,81,17,57,72,5,118" hai2="10,77,65,131,40,68,6,80,51,90,12,61,24" hai3="44,20,70,39,92,66,113,36,48,108,134,82,52"/><U135/><E118/><V124/><F131/><W45/><G108/><T63/><D109/><U94/><E135/><V21/><F124/><W50/><G134/><T78/><D34/><U85/><E4/><V29/><F90/><W31/><G82/><T110/><D115/><U42/><E42/><V16/><F51/><N who="3" m="28775" /><G92/><T74/><D107/><U97/><E72/><V25/><F40/><N who="3" m="24615" /><G20/><T128/><D43/><U28/><E28/><V87/><REACH who="2" step="1"/><F29/><REACH who="2" ten="261,265,213,251" step="2"/><W3/><G31/><T18/><D128/><U99/><E60/><V111/><F111/><W101/><G113/><T13/><D110/><U54/><E2/><AGARI ba="0,1" hai="2,6,10,12,16,21,24,25,61,65,68,77,80,87" machi="2" ten="30,7700,0" yaku="1,1,7,1,54,1,53,1" doraHai="89" doraHaiUra="33" who="2" fromWho="1" sc="261,0,265,-77,213,87,251,0" owari="261,6.1,188,-31.2,300,40.0,251,-14.9" /></mjloggm>