<mjloggm ver="2.3"><GO type="225" lobby="0"/><UN n0="%E3%82%8A%E3%81%93%E3%82%8A%E3%82%93%E3%81%94" n1="%E3%81%90%E3%81%A1%E3%82%84%E3%81%BE" n2="%43%68%65" n3="%E3%81%AC%E3%81%BE%E3%81%84%E3%81%91" dan="17,16,16,16" rate="2230.98,2139.91,2147.52,2056.42" sx="M,M,M,M"/><TAIKYOKU oya="0"/><INIT seed="0,0,0,3,1,6" ten="250,250,250,250" oya="0" hai0="4,79,99,30,40,101,36,97,123,28,103,45,20" hai1="124,83,12,9,39,72,59,66,26,19,74,55,14" hai2="111,29,63,91,61,34,90,35,121,27,68,57,2" hai3="67,131,47,58,70,50,33,37,113,112,3,7,94"/><T16/><D123/><U71/><E39/><V84/><F121/><W53/><G33/><T98/><D4/><U46/><E124/><V41/><F111/><W48/><G94/><T82/><D101/><U25/><E46/><V38/><F2/><W135/><G131/><T96/><N who="0" m="24576" /><DORA hai="127" /><T100/><D103/><U43/><E43/><V78/><F78/><W69/><G3/><T119/><D100/><U11/><E66/><V93/><F68/><N who="3" m="26219" /><G7/><T5/><D5/><U92/><E71/><V31/><F38/><W109/><G109/><T18/><D18/><U110/><E110/><V51/><F90/><W118/><G118/><T105/><D105/><U128/><E92/><V125/><F125/><W15/><G15/><T42/><D42/><U23/><E128/><V52/><F41/><N who="3" m="22959" /><G135/><T104/><D104/><U10/><E26/><AGARI ba="0,0" hai="26,27,29,31,34,35,51,52,57,61,63,84,91,93" machi="26" ten="40,2600,0" yaku="9,1,54,1" doraHai="6,127" who="2" fromWho="1" sc="250,0,250,-26,250,26,250,0" /><INIT seed="1,0,0,2,1,28" ten="250,224,276,250" oya="1" hai0="118,45,77,93,81,49,114,125,17,135,65,115,51" hai1="76,44,0,80,121,59,36,24,85,116,31,112,61" hai2="32,113,110,15,4,103,35,3,14,94,47,70,19" hai3="122,27,20,57,79,111,6,40,5,54,90,30,89"/><U71/><E112/><V120/><F70/><W56/><G122/><T62/><D118/><U12/><E116/><V123/><F47/><W16/><G111/><T25/><D125/><U41/><E0/><V72/><F72/><W109/><G109/><T11/><D135/><U74/><E121/><N who="2" m="46667" /><F94/><W9/><G40/><T130/><D130/><U66/><E12/><V108/><F103/><W63/><G79/><T13/><D25/><U22/><REACH who="1" step="1"/><E71/><REACH who="1" ten="250,214,276,250" step="2"/><V131/><F113/><W43/><G43/><T105/><D115/><U97/><E97/><V53/><F15/><N who="3" m="7279" /><G57/><T52/><D114/><U18/><E18/><V73/><F19/><W50/><G63/><T107/><D62/><U33/><E33/><V55/><F14/><W104/><G104/><T126/><D107/><U102/><E102/><V23/><F3/><W91/><AGARI ba="0,1" hai="5,6,20,27,30,50,54,56,89,90,91" m="7279" machi="91" ten="30,2000,0" yaku="8,1,54,1" doraHai="28" who="3" fromWho="3" sc="250,-5,214,-10,276,-5,250,30" /><INIT seed="2,0,0,3,5,12" ten="245,204,271,280" oya="2" hai0="131,114,50,52,68,36,42,37,58,90,54,66,3" hai1="28,81,103,33,49,115,65,86,106,16,15,26,6" hai2="107,13,91,105,14,135,51,78,113,70,85,73,2" hai3="72,82,59,76,87,40,53,24,56,9,71,46,121"/><V21/><F113/><W110/><G71/><T112/><D3/><U129/><E115/><N who="0" m="44073" /><D90/><U19/><E129/><V108/><F2/><W109/><G121/><T84/><D84/><U48/><E65/><V128/><F70/><W61/><G59/><N who="0" m="33175" /><D131/><U43/><E6/><V4/><F128/><W63/><G63/><N who="0" m="40031" /><D42/><U69/><E69/><V77/><F14/><W67/><G67/><T5/><D5/><U23/><E43/><V95/><F4/><W123/><G123/><T125/><D125/><U134/><E134/><V39/><F135/><W47/><G9/><T93/><D93/><U22/><E103/><V116/><F107/><W97/><G97/><T120/><D120/><U11/><E106/><V104/><F73/><W99/><G99/><T83/><D83/><U94/><E94/><V0/><F0/><W29/><G72/><T130/><D130/><U119/><E119/><V88/><F116/><W20/><G40/><T30/><D30/><U27/><E33/><V45/><F105/><W31/><G31/><T92/><D92/><U25/><E25/><V80/><F104/><W132/><G132/><T57/><D57/><U117/><E117/><V75/><F75/><W126/><G126/><T102/><D102/><U44/><E44/><V1/><F45/><W74/><G74/><T62/><AGARI ba="0,0" hai="36,37,54,58,62" m="40031,33175,44073" machi="62" ten="30,4000,0" yaku="34,2,54,1" doraHai="12" who="0" fromWho="0" sc="245,40,204,-10,271,-20,280,-10" /><INIT seed="3,0,0,1,0,44" ten="285,194,251,270" oya="3" hai0="39,53,96,68,79,54,132,78,110,84,117,37,38" hai1="9,26,47,28,72,123,101,23,8,83,124,102,71" hai2="108,130,105,49,13,88,32,50,14,100,16,127,97" hai3="90,29,73,60,43,82,116,7,0,58,33,25,63"/><W76/><G116/><T115/><D117/><U69/><E123/><V92/><F32/><W91/><G63/><T4/><D68/><U135/><E135/><V107/><F108/><W85/><G43/><T5/><D110/><U75/><E124/><V74/><F127/><W111/><G111/><T118/><D118/><U104/><E71/><V21/><F130/><W56/><G56/><T3/><D132/><U12/><E69/><V121/><F121/><W61/><G61/><T120/><D120/><U81/><E8/><V30/><F30/><W19/><G19/><T93/><D115/><U126/><E126/><V42/><F74/><W59/><G59/><T70/><D70/><U131/><E131/><V87/><F107/><W99/><G99/><T52/><D84/><U103/><E104/><V62/><F42/><W106/><G106/><T65/><D65/><U15/><E15/><V34/><F34/><W36/><G36/><T40/><D40/><U41/><E75/><V27/><F62/><W98/><G98/><T128/><D128/><U89/><E89/><V11/><F27/><W94/><G91/><N who="0" m="55359" /><D3/><U66/><E66/><V17/><AGARI ba="0,0" hai="11,13,14,16,17,21,49,50,87,88,92,97,100,105" machi="17" ten="20,12000,2" yaku="0,1,7,1,52,2,54,2" doraHai="44" who="2" fromWho="2" sc="285,-30,194,-30,251,120,270,-60" owari="255,5.5,164,-33.6,371,47.1,210,-19.0" /></mjloggm>