<mjloggm ver="2.3"><GO type="225" lobby="0"/><UN n0="%E3%83%96%E3%83%83%E3%83%91%E3%82%AA%E3%83%96%E3%83%81%E3%82%AD%E3%83%B3" n1="%E3%83%A9%E3%82%A4%E3%83%B3%E3%81%AE%E8%99%8E" n2="%77%72%77%72%77%72%77%72" n3="%E9%BB%99%E8%81%B4%E3%81%AE%E3%81%99%E3%82%9D%E3%82%81" dan="16,16,17,16" rate="2144.54,2162.36,2186.12,2069.81" sx="M,M,M,M"/><TAIKYOKU oya="0"/><INIT seed="0,0,0,5,3,84" ten="250,250,250,250" oya="0" hai0="76,129,79,59,128,97,6,88,135,87,29,65,131" hai1="103,127,43,20,105,0,5,112,107,32,53,49,40" hai2="41,109,83,117,42,14,82,22,106,27,122,75,35" hai3="34,118,51,72,104,98,64,80,60,71,56,13,50"/><T38/><D38/><U33/><E127/><V18/><F122/><W73/><G118/><T11/><D29/><U66/><E66/><V108/><F117/><W48/><G34/><T67/><D97/><U47/><E112/><V2/><F106/><W31/><G31/><T10/><D135/><U124/><E124/><V91/><F2/><W44/><G71/><T116/><D116/><U123/><E123/><V39/><F75/><W45/><G13/><N who="0" m="5335" /><D11/><U125/><E125/><V92/><F39/><W115/><G115/><T85/><D85/><U86/><E20/><N who="2" m="11351" /><F35/><W89/><G104/><T74/><D74/><U81/><E0/><V46/><F109/><W4/><G4/><T126/><D126/><U8/><E5/><V26/><F26/><W94/><REACH who="3" step="1"/><G73/><REACH who="3" ten="250,250,250,240" step="2"/><T15/><D15/><U68/><E32/><V25/><F25/><W30/><G30/><T132/><D132/><U95/><E33/><V9/><F108/><W55/><G55/><T101/><D67/><U110/><E110/><V36/><F9/><W24/><G24/><T23/><D23/><U61/><E8/><V57/><F22/><W121/><G121/><T58/><D65/><N who="1" m="41007" /><E107/><V93/><F27/><W133/><G133/><T134/><D134/><U62/><E105/><V17/><F17/><W96/><G96/><T21/><D21/><U130/><E53/><V28/><F28/><W111/><G111/><T99/><D99/><U113/><E113/><V52/><F52/><W3/><G3/><T63/><D129/><U102/><E130/><V69/><F69/><W119/><G119/><T1/><D131/><RYUUKYOKU ba="0,1" sc="250,-10,250,-10,250,-10,240,30" hai3="44,45,48,50,51,56,60,64,72,80,89,94,98" /><INIT seed="1,1,1,2,2,67" ten="240,240,240,270" oya="1" hai0="55,110,87,43,79,37,118,53,69,33,32,77,51" hai1="68,26,84,50,106,64,117,35,63,92,40,90,19" hai2="30,9,111,45,15,98,108,88,47,80,93,107,65" hai3="134,131,89,16,83,85,3,36,1,121,42,7,52"/><U54/><E117/><V130/><F107/><W49/><G121/><T114/><D114/><U17/><E40/><V12/><F130/><W22/><G134/><T4/><D118/><U128/><E106/><V82/><F30/><W60/><G131/><T10/><D110/><N who="2" m="42026" /><F65/><W78/><G7/><T41/><D69/><U95/><E128/><V27/><F27/><W20/><G20/><T74/><D87/><U109/><E109/><V133/><F133/><W124/><G124/><T24/><D24/><U31/><REACH who="1" step="1"/><E95/><REACH who="1" ten="240,230,240,270" step="2"/><V112/><F112/><W126/><G126/><T129/><D43/><U59/><AGARI ba="1,2" hai="17,19,26,31,35,50,54,59,63,64,68,84,90,92" machi="59" ten="20,12000,1" yaku="1,1,2,1,0,1,7,1,52,1,53,0" doraHai="67" doraHaiUra="135" who="1" fromWho="1" sc="240,-41,230,143,240,-41,270,-41" /><INIT seed="1,2,0,5,5,102" ten="199,373,199,229" oya="1" hai0="99,73,127,116,120,8,87,113,32,3,126,60,37" hai1="16,81,84,46,17,114,123,31,104,59,96,111,25" hai2="23,42,1,18,22,10,72,74,52,26,107,64,67" hai3="118,14,53,55,115,4,57,68,128,43,5,117,93"/><U44/><E114/><V65/><F107/><W51/><G68/><T62/><D116/><N who="3" m="44649" /><G115/><T48/><D113/><U76/><E123/><V132/><F132/><W29/><G128/><T80/><D37/><U20/><E111/><V28/><F42/><W50/><G43/><T7/><D73/><U89/><E59/><V85/><F85/><W34/><G14/><T83/><D32/><U27/><E104/><V133/><F133/><W35/><G93/><T71/><D120/><U30/><E30/><V70/><F70/><W109/><G109/><T110/><D110/><U33/><REACH who="1" step="1"/><E17/><REACH who="1" ten="199,363,199,229" step="2"/><V40/><F18/><W131/><G131/><T24/><D71/><U91/><E91/><V124/><F28/><W77/><G77/><T130/><D130/><U105/><E105/><V98/><F124/><W100/><G100/><T58/><D127/><U121/><E121/><V54/><F64/><W41/><G29/><T103/><D58/><U47/><E47/><V108/><F65/><W134/><G134/><T39/><D126/><U112/><E112/><V21/><F67/><W0/><G57/><T135/><D103/><U88/><E88/><V125/><F125/><W95/><G34/><T129/><D129/><U2/><E2/><V38/><F1/><W6/><G35/><T82/><D3/><U92/><AGARI ba="2,1" hai="16,20,25,27,31,33,44,46,76,81,84,89,92,96" machi="92" ten="30,6000,0" yaku="1,1,0,1,54,1,53,0" doraHai="102" doraHaiUra="9" who="1" fromWho="1" sc="199,-22,363,76,199,-22,229,-22" /><INIT seed="1,3,0,0,5,92" ten="177,439,177,207" oya="1" hai0="27,109,3,126,63,26,91,100,47,103,4,19,41" hai1="88,84,96,99,115,53,0,93,16,112,51,72,120" hai2="121,86,9,75,10,45,1,22,59,33,38,119,65" hai3="64,118,130,29,62,23,122,50,85,56,20,127,79"/><U87/><E0/><V104/><F119/><W106/><G122/><T36/><D109/><U46/><E72/><V94/><F121/><W5/><G106/><T77/><D126/><U83/><E120/><V55/><F33/><W34/><G127/><T74/><D91/><N who="1" m="51615" /><E115/><V31/><F104/><W113/><G113/><T8/><D63/><U6/><E112/><V42/><F65/><W68/><G130/><T76/><D76/><U67/><E67/><V21/><F75/><W129/><G129/><T89/><D89/><U25/><E6/><V60/><F1/><W52/><G118/><T35/><D19/><U14/><E25/><V133/><F133/><W97/><G5/><T61/><D61/><U134/><E134/><V107/><F107/><W11/><G11/><AGARI ba="3,0" hai="11,14,16,46,51,53,87,88,93,96,99" m="51615" machi="11" ten="30,18000,2" yaku="25,1,8,1,52,2,54,2" doraHai="92" who="1" fromWho="3" sc="177,0,439,189,177,0,207,-189" /><INIT seed="1,4,0,3,2,126" ten="177,628,177,18" oya="1" hai0="110,1,10,19,108,85,114,118,98,43,2,129,88" hai1="104,81,122,56,20,23,5,68,22,71,131,11,90" hai2="121,133,134,8,24,63,128,48,17,82,25,64,52" hai3="42,16,93,115,40,70,96,9,38,75,66,53,106"/><U27/><E104/><V29/><F121/><W14/><G106/><T67/><D129/><U3/><E122/><V95/><F128/><W74/><G115/><T35/><D118/><U102/><E102/><V91/><F82/><W86/><G70/><T112/><D43/><U32/><E56/><N who="2" m="36967" /><F29/><W79/><G66/><T60/><D35/><U119/><E119/><V12/><F134/><W89/><G38/><T77/><D19/><U54/><E54/><V109/><F109/><N who="0" m="42090" /><D98/><U107/><E107/><V83/><F133/><W117/><G117/><T111/><N who="0" m="42098" /><T120/><DORA hai="46" /><D77/><U62/><E62/><V124/><F124/><W132/><G132/><T41/><D41/><U73/><E131/><V31/><F31/><W36/><G36/><T45/><D45/><U78/><E90/><V94/><F83/><N who="3" m="47487" /><G75/><T58/><D120/><U80/><E80/><V76/><F76/><W61/><G74/><T87/><D87/><U99/><E99/><N who="2" m="57823" /><F95/><W72/><G72/><T113/><D2/><U21/><REACH who="1" step="1"/><E32/><REACH who="1" ten="177,618,177,18" step="2"/><V13/><F52/><W34/><G34/><T116/><D116/><U92/><E92/><V49/><F24/><W84/><G96/><T57/><D113/><U103/><E103/><V33/><F25/><W50/><G61/><T7/><D58/><AGARI ba="4,1" hai="9,14,16,40,42,50,53,58,84,89,93" m="47487" machi="58" ten="30,3900,0" yaku="8,1,52,1,54,1" doraHai="126,46" who="3" fromWho="0" sc="177,-51,618,0,177,0,18,61" /><INIT seed="2,0,0,5,2,35" ten="126,618,177,79" oya="2" hai0="127,113,36,44,18,5,110,67,95,64,81,33,88" hai1="100,129,117,21,77,70,13,12,73,122,31,15,45" hai2="1,118,102,20,133,134,135,85,107,131,108,55,8" hai3="99,26,79,84,120,14,78,68,37,2,105,98,128"/><V6/><F118/><W17/><G120/><T43/><D113/><U57/><E70/><V80/><F131/><W49/><G37/><T111/><D33/><U130/><E117/><V106/><F108/><N who="0" m="41514" /><D127/><U19/><E31/><V91/><F102/><W89/><G128/><N who="1" m="49258" /><E122/><V42/><F42/><W0/><G68/><T4/><D81/><N who="1" m="45231" /><E100/><V96/><F96/><W34/><G34/><T23/><D67/><U114/><E114/><V48/><REACH who="2" step="1"/><F20/><REACH who="2" ten="126,618,167,79" step="2"/><W90/><G99/><N who="0" m="57831" /><D64/><U10/><E21/><V82/><F82/><W22/><G98/><T65/><D65/><U93/><E93/><V46/><AGARI ba="0,1" hai="1,6,8,46,48,55,80,85,91,106,107,133,134,135" machi="46" ten="30,11700,0" yaku="1,1,0,1,20,1,52,1,53,0" doraHai="35" doraHaiUra="30" who="2" fromWho="2" sc="126,-39,618,-39,167,127,79,-39" /><INIT seed="2,1,0,2,0,41" ten="87,579,294,40" oya="2" hai0="56,119,92,46,33,88,75,90,76,118,25,55,66" hai1="32,85,84,71,73,10,24,35,7,108,8,42,2" hai2="99,31,113,123,17,36,91,60,12,127,14,131,111" hai3="64,3,126,22,37,96,135,117,16,69,29,11,128"/><V20/><F113/><W78/><G117/><N who="0" m="44555" /><D92/><U98/><E71/><V112/><F112/><W27/><G128/><T74/><D66/><U103/><E108/><V97/><F123/><W87/><G135/><T132/><D132/><U105/><E73/><N who="0" m="27657" /><D76/><U38/><E10/><V110/><F131/><W89/><G126/><T72/><N who="0" m="27665" /><T48/><DORA hai="4" /><D56/><U0/><E0/><V53/><F127/><W107/><G37/><T54/><D54/><U115/><E115/><V129/><F31/><AGARI ba="1,0" hai="25,31,33,46,48,55,88,90" m="27665,44555" machi="31" ten="50,6400,0" yaku="12,1,52,1,54,1" doraHai="41,4" who="0" fromWho="2" sc="87,67,579,0,294,-67,40,0" /><INIT seed="3,0,0,4,5,58" ten="154,579,227,40" oya="3" hai0="6,45,10,35,134,82,23,5,94,107,87,34,69" hai1="123,21,84,7,70,52,81,101,129,98,50,83,112" hai2="114,91,124,3,48,20,43,42,110,131,18,118,135" hai3="72,111,55,127,13,8,86,80,15,78,63,29,22"/><W66/><G127/><T116/><D107/><U121/><E70/><V133/><F114/><W40/><G111/><T79/><D116/><U97/><E112/><V57/><F118/><W37/><G37/><T60/><D134/><N who="2" m="51210" /><F110/><W104/><G104/><T17/><D45/><U89/><E83/><V31/><F131/><W4/><G40/><T51/><D51/><U54/><E54/><N who="2" m="31943" /><F3/><W67/><G72/><T106/><D106/><U125/><E97/><V130/><F130/><W117/><G117/><T76/><D76/><U122/><E21/><V90/><F31/><W53/><G67/><T49/><D49/><U59/><E129/><V96/><F124/><W105/><G105/><T56/><D94/><U0/><E125/><V77/><F77/><W41/><G41/><N who="2" m="15369" /><F96/><W108/><G108/><T120/><D69/><U46/><E89/><V30/><F30/><W75/><G75/><T64/><D5/><U26/><E26/><AGARI ba="0,0" hai="18,20,26,90,91" m="15369,31943,51210" machi="26" ten="30,1000,0" yaku="20,1" doraHai="58" who="2" fromWho="1" sc="154,0,579,-10,227,10,40,0" owari="154,-24.6,569,66.9,237,3.7,40,-46.0" /></mjloggm>