<mjloggm ver="2.3"><GO type="225" lobby="0"/><UN n0="%E3%81%A4%E3%81%A3%E3%81%B1%E3%82%8A%E3%83%9D%E3%83%BC%E3%83%AB" n1="%E6%80%AA%E3%81%97%E3%81%99%E3%81%8E%E3%82%8B%E3%83%81%E3%83%BC" n2="%77%72%77%72%77%72%77%72" n3="%E3%81%99%E3%81%84%E3%81%BE%E3%81%9B%E3%83%BC%E3%82%93" dan="17,16,16,18" rate="2272.55,2098.24,2101.62,2227.21" sx="M,M,M,M"/><TAIKYOKU oya="0"/><INIT seed="0,0,0,0,5,25" ten="250,250,250,250" oya="0" hai0="84,54,33,80,110,21,24,3,126,135,100,52,55" hai1="133,5,29,123,129,82,72,85,108,119,68,109,106" hai2="103,121,130,49,77,17,63,116,11,102,124,48,95" hai3="96,12,58,44,94,83,111,79,45,36,34,88,104"/><T13/><D3/><U2/><RYUUKYOKU type="yao9" ba="0,0" sc="250,0,250,0,250,0,250,0" hai1="2,5,29,68,72,82,85,106,108,109,119,123,129,133" /><INIT seed="0,1,0,4,5,25" ten="250,250,250,250" oya="0" hai0="53,42,124,7,1,126,122,114,71,28,109,45,95" hai1="104,69,74,61,110,56,105,133,90,81,68,41,91" hai2="40,94,97,37,101,75,55,46,70,22,13,30,83" hai3="23,111,106,77,86,12,118,115,131,10,43,78,76"/><T48/><D114/><U98/><E110/><V120/><F120/><W100/><G115/><T96/><D122/><U87/><E133/><V2/><F2/><W82/><G118/><T99/><D71/><U108/><E108/><V66/><F55/><W36/><G111/><T103/><D109/><U72/><E41/><V14/><F70/><W17/><G131/><T15/><D1/><U130/><E130/><V26/><REACH who="2" step="1"/><F66/><REACH who="2" ten="250,250,240,250" step="2"/><W18/><G43/><T73/><D42/><U5/><E69/><V132/><F132/><W49/><G36/><T65/><D65/><U62/><E68/><V50/><F50/><W24/><G49/><T135/><D135/><U32/><E62/><V134/><F134/><W92/><G106/><T88/><D73/><U34/><E104/><V39/><F39/><W119/><G119/><T63/><D63/><U9/><E72/><V52/><F52/><W33/><G33/><T93/><D126/><U125/><E74/><V20/><F20/><W60/><G60/><T116/><D124/><U102/><E125/><V47/><F47/><W121/><G121/><T123/><D116/><U129/><E129/><V51/><F51/><W8/><G8/><N who="0" m="4511" /><D123/><U6/><E61/><V38/><F38/><W27/><G27/><T67/><D67/><U89/><E56/><V59/><F59/><W84/><G10/><T80/><D80/><U64/><E64/><V107/><F107/><W117/><G117/><T128/><D128/><U19/><E32/><V127/><F127/><W85/><G82/><T57/><D57/><U3/><E34/><V58/><F58/><RYUUKYOKU ba="1,1" sc="250,15,250,-15,240,15,250,-15" hai0="28,45,48,53,88,93,95,96,99,103" hai2="13,14,22,26,30,37,40,46,75,83,94,97,101" /><INIT seed="0,2,1,5,2,50" ten="265,235,255,235" oya="0" hai0="60,129,102,19,103,6,47,51,13,16,119,48,23" hai1="26,116,12,86,5,4,70,37,101,76,52,83,8" hai2="81,38,107,0,85,93,24,56,112,46,75,28,66" hai3="114,121,94,67,32,125,3,77,130,78,30,25,17"/><T29/><D119/><U10/><E37/><V74/><F112/><W131/><G114/><T111/><D129/><N who="3" m="49161" /><G125/><T73/><D73/><U45/><E70/><V35/><F107/><W53/><G121/><T92/><D111/><U104/><E116/><V127/><F127/><W7/><G67/><T110/><D110/><U69/><E69/><V80/><F0/><W11/><G17/><T59/><D29/><U128/><E128/><V99/><F81/><W96/><G53/><N who="0" m="33903" /><D6/><U100/><E26/><V105/><F105/><W133/><G133/><T97/><D103/><AGARI ba="2,1" hai="3,7,11,25,30,32,77,78,94,96,103" m="49161" machi="103" ten="30,1000,0" yaku="19,1" doraHai="50" who="3" fromWho="0" sc="265,-16,235,0,255,0,235,26" /><INIT seed="1,0,0,3,5,128" ten="249,235,255,261" oya="1" hai0="61,84,8,39,21,2,9,104,101,3,81,33,15" hai1="70,28,131,41,43,105,66,91,116,134,94,102,95" hai2="83,93,35,59,29,16,37,77,51,103,96,79,108" hai3="38,46,67,122,34,64,87,5,27,65,49,72,115"/><U88/><E131/><V85/><F37/><W63/><G122/><T4/><D39/><U107/><E28/><V57/><F108/><W124/><G72/><T42/><D42/><N who="1" m="15883" /><E66/><V135/><F135/><W114/><G124/><T100/><D33/><U30/><E30/><V1/><F1/><W25/><G38/><T106/><D106/><N who="1" m="40459" /><E102/><V14/><F77/><W50/><G63/><T31/><D104/><U71/><E134/><V54/><F29/><W98/><G34/><T127/><D127/><U97/><E97/><V78/><F78/><W117/><G98/><T6/><D61/><U110/><E116/><V121/><F121/><W52/><G117/><T10/><D31/><U69/><E110/><V123/><F123/><W53/><G5/><T125/><D125/><U22/><E22/><N who="2" m="11543" /><F35/><W12/><G12/><T7/><REACH who="0" step="1"/><D21/><REACH who="0" ten="239,235,255,261" step="2"/><U45/><E45/><AGARI ba="0,1" hai="45,51,54,57,59,79,83,85,93,96,103" m="11543" machi="45" ten="30,2000,0" yaku="8,1,54,1" doraHai="128" who="2" fromWho="1" sc="239,0,235,-20,255,30,261,0" /><INIT seed="2,0,0,3,3,100" ten="239,215,285,261" oya="2" hai0="127,113,112,122,125,99,24,128,68,52,62,85,119" hai1="0,27,48,44,96,69,95,111,54,8,55,109,97" hai2="60,42,34,31,105,98,21,107,70,13,71,56,102" hai3="89,10,78,118,66,4,103,1,130,106,121,30,134"/><V59/><F42/><W20/><G118/><T87/><D119/><U16/><E69/><V3/><F3/><W7/><G121/><T12/><D122/><U28/><E55/><V53/><F105/><W76/><G134/><T35/><D128/><U74/><E74/><V23/><F34/><W39/><G39/><T117/><D117/><U2/><E97/><V57/><F57/><W61/><G7/><T38/><D38/><U82/><E82/><V29/><F29/><W36/><G36/><T45/><D12/><N who="1" m="7175" /><E95/><V84/><F84/><N who="0" m="32330" /><D99/><U91/><E91/><V75/><F75/><W132/><G89/><T19/><D68/><U5/><E5/><V81/><F81/><W25/><G132/><T133/><D133/><U51/><E51/><V22/><F31/><W101/><G130/><T32/><D62/><U15/><E15/><V93/><F93/><W115/><G115/><T73/><D73/><U135/><E96/><V49/><REACH who="2" step="1"/><F13/><REACH who="2" ten="239,215,275,261" step="2"/><W17/><G106/><T92/><D92/><U114/><E135/><V33/><F33/><N who="0" m="12874" /><D113/><U120/><E114/><V88/><F88/><W26/><G103/><T131/><D112/><U64/><E120/><V79/><F79/><W108/><G101/><T129/><D129/><U6/><E2/><V67/><AGARI ba="0,1" hai="21,22,23,49,53,56,59,60,67,70,71,98,102,107" machi="67" ten="30,6000,0" yaku="1,1,0,1,52,1,53,0" doraHai="100" doraHaiUra="11" who="2" fromWho="2" sc="239,-20,215,-20,275,70,261,-20" /><INIT seed="2,1,0,0,2,97" ten="219,195,345,241" oya="2" hai0="92,10,42,95,134,130,98,18,33,46,83,11,67" hai1="29,109,77,68,49,111,100,24,108,28,79,4,17" hai2="7,117,44,54,31,6,106,21,59,9,20,107,90" hai3="80,81,124,15,94,131,37,55,27,102,74,47,93"/><V119/><F44/><W122/><G122/><T51/><D33/><U78/><E68/><V14/><F90/><W60/><G131/><T72/><D130/><U13/><E49/><V101/><F6/><W116/><G116/><T103/><D134/><U38/><E38/><V105/><F101/><W115/><G124/><T120/><D120/><U86/><E86/><V125/><F125/><W25/><G115/><T70/><D70/><U57/><E57/><V39/><F39/><W5/><G37/><T104/><D67/><U84/><E84/><V3/><F3/><W45/><G93/><T110/><D110/><U133/><E133/><V66/><F66/><W35/><G35/><T135/><D135/><U26/><E100/><V1/><F1/><W65/><G74/><T40/><D40/><U0/><E4/><V2/><F2/><W112/><G112/><T50/><D50/><U58/><E58/><V88/><F88/><W89/><G102/><T85/><D72/><U53/><E53/><V128/><F128/><W91/><G91/><N who="0" m="51647" /><D104/><U113/><E0/><V63/><REACH who="2" step="1"/><F31/><REACH who="2" ten="219,195,335,241" step="2"/><N who="1" m="11849" /><E113/><V30/><F30/><W118/><G65/><T127/><D127/><U123/><E123/><V76/><F76/><W132/><G47/><T52/><D95/><U61/><E61/><V82/><F82/><W41/><G60/><T129/><D129/><U48/><E48/><V96/><F96/><W16/><G94/><T62/><D62/><U73/><E73/><V23/><AGARI ba="1,1" hai="7,9,14,20,21,23,54,59,63,105,106,107,117,119" machi="23" ten="40,3900,0" yaku="1,1,0,1,53,0" doraHai="97" doraHaiUra="99" who="2" fromWho="2" sc="219,-14,195,-14,335,52,241,-14" /><INIT seed="2,2,0,3,0,112" ten="205,181,387,227" oya="2" hai0="118,128,133,9,119,28,102,2,98,78,43,64,100" hai1="63,77,68,72,11,13,52,20,135,125,31,113,95" hai2="110,73,117,115,129,62,0,107,27,66,108,32,82" hai3="6,14,54,81,22,24,124,93,29,48,101,36,21"/><V12/><F115/><W130/><G36/><T37/><D133/><U134/><E113/><V34/><F0/><W132/><G132/><N who="1" m="50730" /><E125/><V84/><F107/><W40/><G124/><T127/><D127/><U56/><E68/><V42/><F73/><W23/><G130/><T89/><D128/><U5/><E95/><V80/><F129/><W55/><G81/><T90/><D64/><U45/><E45/><V114/><F114/><W75/><G75/><T123/><D123/><U91/><E91/><N who="0" m="34825" /><D78/><U33/><E33/><V19/><F42/><W87/><G40/><T1/><D100/><U49/><E63/><V71/><F80/><W30/><G87/><T83/><D83/><N who="1" m="45479" /><E20/><N who="3" m="7786" /><G30/><AGARI ba="2,0" hai="5,11,13,30,31,49,52,56" m="45479,50730" machi="30" ten="30,2000,0" yaku="20,1,54,1" doraHai="112" who="1" fromWho="3" sc="205,0,181,26,387,0,227,-26" /><INIT seed="3,0,0,1,0,5" ten="205,207,387,201" oya="3" hai0="75,78,47,86,130,0,4,57,25,85,128,90,19" hai1="97,8,135,102,126,3,106,116,60,54,109,13,99" hai2="127,120,42,63,21,98,104,115,26,71,61,68,45" hai3="117,119,83,48,30,84,34,53,79,77,27,56,39"/><W125/><G125/><T65/><D75/><U100/><E3/><V95/><F115/><W74/><G39/><T35/><D78/><U16/><E126/><V36/><F104/><W43/><G43/><T121/><D121/><U55/><E109/><V91/><F127/><W70/><G70/><T23/><D47/><U37/><E37/><V18/><F120/><W132/><G132/><T103/><D103/><U52/><E135/><V59/><F63/><W88/><REACH who="3" step="1"/><G79/><REACH who="3" ten="205,207,387,191" step="2"/><T89/><D35/><U20/><E116/><V108/><F108/><W67/><G67/><AGARI ba="0,1" hai="18,21,26,36,42,45,59,61,67,68,71,91,95,98" machi="67" ten="30,1000,0" yaku="7,1" doraHai="5" who="2" fromWho="3" sc="205,0,207,0,387,20,191,-10" owari="205,-19.5,207,0.7,407,50.7,181,-31.9" /></mjloggm>