<mjloggm ver="2.3"><GO type="225" lobby="0"/><UN n0="%E3%83%96%E3%83%83%E3%83%91%E3%82%AA%E3%83%96%E3%83%81%E3%82%AD%E3%83%B3" n1="%E5%91%A8%E6%9D%B1" n2="%E3%81%8B%E3%82%8F%E3%81%A1%E3%82%83%E3%82%93%35%38" n3="%6B%61%7A%75%73%61" dan="16,17,16,17" rate="2242.31,2163.38,2107.94,2177.08" sx="M,M,M,F"/><TAIKYOKU oya="0"/><INIT seed="0,0,0,3,5,28" ten="250,250,250,250" oya="0" hai0="57,134,51,12,65,18,5,64,92,30,43,84,124" hai1="129,2,61,8,27,89,32,11,123,91,71,85,15" hai2="25,70,41,69,60,118,48,101,97,108,73,127,98" hai3="122,47,42,90,119,72,99,80,49,112,116,115,132"/><T59/><D124/><U121/><E129/><V1/><F1/><W106/><G132/><T117/><D117/><U88/><E85/><V50/><F73/><W45/><G116/><T26/><D134/><U75/><E75/><V103/><F118/><W22/><G119/><T93/><D5/><U6/><E61/><V56/><F127/><W44/><G44/><T53/><D43/><U0/><E71/><V86/><F108/><W20/><G122/><T104/><D104/><U29/><REACH who="1" step="1"/><E0/><REACH who="1" ten="250,240,250,250" step="2"/><V94/><F86/><W96/><G72/><T14/><D84/><U81/><E81/><V66/><F70/><W40/><G80/><T4/><D65/><U39/><E39/><V74/><F69/><W110/><G112/><T58/><D64/><U46/><E46/><V95/><F74/><W35/><G115/><T109/><D109/><U55/><E55/><V126/><F126/><W131/><G110/><T67/><D67/><U33/><E33/><V82/><F82/><W19/><G35/><T130/><D59/><U54/><E54/><V113/><F113/><W111/><G131/><T21/><D58/><U17/><AGARI ba="0,1" hai="2,6,8,11,15,17,27,29,32,88,89,91,121,123" machi="17" ten="30,8000,1" yaku="1,1,0,1,52,1,54,1,53,1" doraHai="28" doraHaiUra="24" who="1" fromWho="1" sc="250,-40,240,90,250,-20,250,-20" /><INIT seed="1,0,0,2,3,44" ten="210,330,230,230" oya="1" hai0="63,40,29,134,88,9,71,58,45,95,26,77,85" hai1="8,125,133,54,31,83,66,22,2,19,36,82,70" hai2="79,119,12,126,118,93,84,35,103,110,4,16,48" hai3="57,56,5,122,17,91,33,42,39,59,74,51,111"/><U113/><BYE who="3" /><E113/><V62/><F35/><W41/><G41/><T69/><D134/><UN n3="%6B%61%7A%75%73%61" /><U50/><E36/><V27/><F119/><W52/><G122/><T46/><D9/><U104/><E104/><V23/><F118/><W97/><G33/><T20/><D46/><U100/><E100/><V13/><F110/><W116/><G116/><T124/><D124/><U18/><E133/><V87/><F126/><W108/><G74/><T30/><D77/><U10/><E66/><V60/><F4/><W49/><G5/><T75/><D75/><U131/><E70/><V120/><F120/><W21/><G39/><T80/><D80/><U67/><E67/><V1/><F1/><W132/><G132/><T92/><D92/><U112/><E131/><V38/><F38/><W96/><G91/><T81/><D81/><U14/><E112/><V107/><F107/><W115/><G115/><T106/><D30/><U130/><E31/><V109/><F109/><N who="3" m="42059" /><G49/><T101/><D101/><U117/><E130/><V98/><F48/><W32/><G32/><T0/><D0/><U114/><E125/><V73/><F73/><W61/><G42/><T64/><REACH who="0" step="1"/><D106/><REACH who="0" ten="200,330,230,230" step="2"/><U37/><E117/><V3/><F3/><W28/><G28/><T78/><D78/><U76/><E76/><V53/><F79/><W123/><G123/><T102/><D102/><U99/><E2/><V65/><F103/><W24/><G61/><T86/><D86/><N who="2" m="32810" /><F98/><AGARI ba="0,1" hai="17,21,24,51,52,56,57,59,96,97,98" m="42059" machi="98" ten="30,3900,0" yaku="14,1,52,1,54,1" doraHai="44" who="3" fromWho="2" sc="200,0,330,0,230,-39,230,49" /><INIT seed="2,0,0,3,0,119" ten="200,330,191,279" oya="2" hai0="47,38,106,70,10,26,60,89,42,4,64,32,6" hai1="80,76,93,87,55,5,108,121,17,95,105,25,61" hai2="62,134,117,82,51,102,63,34,79,20,75,109,8" hai3="31,46,3,7,37,43,86,48,84,14,52,128,11"/><V2/><F117/><W131/><G31/><T28/><D89/><U112/><E105/><V15/><F34/><W1/><G1/><T104/><REACH who="0" step="1"/><D4/><REACH who="0" ten="190,330,191,279" step="2"/><U41/><E5/><V67/><F2/><AGARI ba="0,1" hai="2,6,10,26,28,32,38,42,47,60,64,70,104,106" machi="2" ten="30,12000,2" yaku="1,1,2,1,7,1,33,3,53,1" doraHai="119" doraHaiUra="27" who="0" fromWho="2" sc="190,130,330,0,191,-120,279,0" /><INIT seed="3,0,0,5,1,42" ten="320,330,71,279" oya="3" hai0="96,36,111,32,77,74,101,128,14,47,103,107,79" hai1="44,134,34,87,45,58,29,86,18,130,105,122,84" hai2="73,59,19,98,106,38,20,27,69,53,11,109,1" hai3="21,68,52,71,89,93,83,28,94,82,13,132,8"/><W117/><G117/><T120/><D120/><U125/><E122/><V37/><F37/><W2/><G2/><T57/><D32/><U23/><E105/><V113/><F98/><W126/><G126/><T30/><D30/><U49/><E125/><V124/><F59/><W65/><G65/><T0/><D0/><U115/><E115/><V31/><F53/><W78/><G82/><T22/><D74/><U75/><E75/><V50/><F50/><W40/><G40/><N who="0" m="22919" /><D103/><U56/><E130/><V104/><F104/><W26/><G132/><T67/><D22/><U91/><E134/><V118/><F19/><W112/><G112/><T9/><D57/><N who="1" m="22123" /><E34/><V60/><F11/><W48/><G68/><T12/><D67/><U61/><E61/><V16/><F16/><N who="3" m="8231" /><G71/><T7/><D14/><N who="1" m="9687" /><E29/><V54/><F31/><W70/><G70/><T46/><D46/><N who="1" m="18027" /><E49/><V88/><F60/><W133/><G133/><T110/><D128/><U92/><AGARI ba="0,0" hai="84,86,87,91,92" m="18027,9687,22123" machi="92" ten="30,7900,0" yaku="8,1,52,3" doraHai="42" who="1" fromWho="1" sc="320,-20,330,79,71,-20,279,-39" owari="300,10.0,409,50.9,51,-44.9,240,-16.0" /></mjloggm>