<mjloggm ver="2.3"><GO type="225" lobby="0"/><UN n0="%E3%81%A4%E3%81%A3%E3%81%B1%E3%82%8A%E3%83%9D%E3%83%BC%E3%83%AB" n1="%E9%A6%AC%E5%BC%95%E7%81%AB%33" n2="%E4%BF%BA%E3%81%A8%E5%A6%96%E5%A4%A2" n3="%E3%81%BD%E3%81%A1%E3%81%9F%E3%81%93%E3%82%84" dan="17,16,16,17" rate="2144.68,2059.86,2104.69,2173.14" sx="M,M,F,M"/><TAIKYOKU oya="0"/><INIT seed="0,0,0,1,0,100" ten="250,250,250,250" oya="0" hai0="113,17,95,77,21,68,120,38,89,24,91,108,102" hai1="104,90,125,58,107,9,98,114,128,109,42,25,82" hai2="79,80,111,15,103,96,11,31,32,70,12,78,72" hai3="112,67,87,0,116,59,8,75,132,33,106,23,52"/><T65/><D113/><U129/><E114/><V131/><F111/><W69/><G75/><T53/><D120/><U63/><E109/><V94/><F131/><N who="1" m="50249" /><E125/><V1/><F70/><W44/><G33/><T2/><D108/><U60/><E42/><V122/><F122/><W127/><G116/><T55/><D38/><U117/><E117/><V6/><REACH who="2" step="1"/><F78/><REACH who="2" ten="250,250,240,250" step="2"/><W3/><G69/><T115/><D77/><U54/><E60/><V134/><F134/><W83/><G112/><T124/><D115/><U40/><E40/><V43/><F43/><W36/><G132/><T41/><D41/><U99/><E9/><V16/><F16/><W133/><G133/><T35/><D17/><U62/><E62/><V48/><F48/><W93/><G8/><T51/><D51/><U47/><E47/><V61/><F61/><W20/><G44/><T135/><D135/><U50/><E50/><V4/><F4/><W57/><G36/><T86/><D68/><U27/><E82/><V18/><F18/><W34/><G83/><T105/><D124/><U29/><E25/><AGARI ba="0,1" hai="1,6,11,12,15,25,31,32,72,79,80,94,96,103" machi="25" ten="40,1300,0" yaku="1,1,53,0" doraHai="100" doraHaiUra="46" who="2" fromWho="1" sc="250,0,250,-13,240,23,250,0" /><INIT seed="1,0,0,3,4,100" ten="250,237,263,250" oya="1" hai0="2,71,38,94,126,27,118,42,7,21,43,131,63" hai1="33,29,45,34,26,10,117,89,99,113,119,76,40" hai2="109,58,16,1,51,15,77,86,81,115,128,134,49" hai3="12,68,72,54,18,41,53,37,67,62,69,59,129"/><U32/><E113/><V65/><F115/><W121/><G72/><T98/><D118/><U60/><E76/><V93/><F109/><W36/><G12/><T106/><D38/><N who="3" m="14953" /><G18/><T87/><D131/><U104/><E60/><N who="2" m="38039" /><F128/><W73/><G73/><T96/><D126/><U20/><E10/><N who="2" m="6263" /><F134/><W75/><G75/><T23/><D23/><U46/><E89/><V14/><F1/><W122/><G129/><T9/><D106/><U4/><E4/><V95/><F14/><W132/><G132/><T44/><D71/><N who="3" m="27209" /><G41/><T85/><D43/><U110/><E110/><V78/><F78/><W114/><G114/><T97/><D42/><U24/><E24/><V88/><F95/><W30/><G30/><T84/><D94/><U80/><E80/><V127/><F127/><W91/><G91/><T90/><D90/><U61/><E61/><V8/><F8/><W3/><G3/><T52/><D63/><U66/><E66/><V55/><F55/><AGARI ba="0,0" hai="53,54,55,59,62,67,121,122" m="27209,14953" machi="55" ten="30,2000,0" yaku="34,2" doraHai="100" who="3" fromWho="2" sc="250,0,237,0,263,-20,250,20" /><INIT seed="2,0,0,5,1,100" ten="250,237,243,270" oya="2" hai0="12,51,99,56,57,102,9,111,101,75,134,31,113" hai1="121,22,68,7,125,91,73,10,62,84,110,55,112" hai2="129,11,44,2,14,42,116,60,124,41,35,70,36" hai3="50,81,1,32,18,28,67,128,82,21,126,15,85"/><V98/><F116/><W19/><G128/><T20/><D113/><U108/><E112/><V63/><F129/><W64/><G1/><T33/><D33/><U135/><E73/><V119/><F119/><W79/><G126/><T58/><D75/><U24/><E125/><V120/><F120/><W59/><G32/><T17/><D111/><N who="1" m="42539" /><E121/><V89/><F2/><W66/><G28/><T97/><D134/><U6/><E135/><V118/><F35/><W95/><G81/><T90/><D51/><U123/><E123/><V72/><F118/><W37/><G37/><T61/><D61/><U87/><E10/><V86/><F72/><W88/><G19/><T77/><D77/><U93/><E87/><V43/><F98/><N who="0" m="37386" /><D90/><U114/><E114/><V130/><F130/><W122/><G122/><T78/><D78/><U29/><E55/><V48/><F124/><W23/><G23/><T92/><D92/><U109/><N who="1" m="42547" /><U132/><DORA hai="53" /><E132/><V46/><F42/><W47/><G95/><T76/><D76/><U0/><E0/><V40/><F40/><N who="3" m="24935" /><G79/><T71/><D71/><U127/><E127/><V34/><F70/><W52/><G52/><T103/><D103/><U117/><E117/><V27/><F34/><W8/><G8/><T106/><D106/><U104/><E104/><V25/><F89/><W3/><G3/><T131/><D131/><U54/><E54/><V65/><F86/><W94/><G94/><T115/><D115/><U105/><E105/><V83/><F83/><W38/><G38/><T45/><D45/><U26/><E68/><N who="2" m="42023" /><F63/><AGARI ba="0,0" hai="15,18,21,59,63,64,66,67,82,85,88" m="24935" machi="63" ten="30,3900,0" yaku="8,1,52,1,54,1" doraHai="100,53" who="3" fromWho="2" sc="250,0,237,0,243,-39,270,39" /><INIT seed="3,0,0,4,0,111" ten="250,237,204,309" oya="3" hai0="112,78,86,38,127,114,53,37,134,113,57,28,90" hai1="50,80,135,3,43,45,66,96,100,52,60,17,67" hai2="108,125,58,19,54,32,120,31,129,103,101,7,122" hai3="10,20,27,44,133,92,107,69,64,110,71,21,39"/><W70/><G107/><T62/><D134/><U12/><E3/><V35/><F108/><W102/><G110/><T24/><D78/><U33/><E33/><N who="2" m="12875" /><F31/><W87/><G133/><T6/><D127/><U85/><E135/><V23/><F125/><W124/><G124/><T40/><D6/><U105/><E60/><V94/><F7/><W89/><G10/><T98/><D98/><U81/><E81/><V30/><F30/><W88/><G102/><T18/><D40/><U84/><E43/><V104/><F104/><W73/><G73/><T0/><D0/><U99/><E99/><V11/><F11/><W55/><G39/><T48/><D18/><U109/><E109/><V25/><F94/><W59/><G64/><N who="0" m="38991" /><D24/><U4/><E85/><V26/><F25/><W132/><G132/><T97/><D28/><U91/><E4/><V42/><F42/><W36/><G36/><T118/><D97/><U15/><E15/><V47/><F47/><W131/><G44/><N who="0" m="27783" /><D118/><U106/><E105/><V130/><F58/><W13/><G13/><T82/><AGARI ba="0,0" hai="37,38,82,86,90,112,113,114" m="27783,38991" machi="82" ten="30,7900,0" yaku="11,1,52,3" doraHai="111" who="0" fromWho="0" sc="250,79,237,-20,204,-20,309,-39" owari="329,42.9,217,-18.3,184,-31.6,270,7.0" /></mjloggm>