<mjloggm ver="2.3"><GO type="225" lobby="0"/><UN n0="%E3%81%99%E3%81%84%E3%81%BE%E3%81%9B%E3%83%BC%E3%82%93" n1="%E3%82%8A%E3%81%93%E3%82%8A%E3%82%93%E3%81%94" n2="%E4%BF%BA%E3%81%A8%E5%A6%96%E5%A4%A2" n3="%41%6F%54" dan="18,17,16,16" rate="2180.02,2228.20,2201.19,2076.72" sx="M,M,F,M"/><TAIKYOKU oya="0"/><INIT seed="0,0,0,3,0,36" ten="250,250,250,250" oya="0" hai0="2,5,70,101,77,68,3,7,34,92,63,67,35" hai1="58,26,17,55,73,41,40,113,122,47,69,22,65" hai2="124,56,134,11,93,89,130,114,0,37,19,33,133" hai3="32,95,18,128,4,86,123,43,90,52,60,120,72"/><T107/><D70/><U57/><E122/><N who="3" m="46634" /><G128/><T76/><D107/><U51/><E73/><V78/><F114/><W24/><G72/><T99/><D7/><U105/><E105/><V112/><F112/><W80/><G4/><T39/><D39/><U100/><E113/><V21/><F37/><W131/><G131/><T96/><D5/><U109/><E69/><V50/><F33/><W129/><G129/><T103/><D35/><U108/><E100/><V16/><F130/><W81/><G43/><N who="1" m="16458" /><E65/><V83/><F11/><W87/><G18/><T46/><D34/><U45/><E45/><V9/><F9/><W84/><G24/><T79/><REACH who="0" step="1"/><D46/><REACH who="0" ten="240,250,250,250" step="2"/><U126/><E126/><V94/><F124/><W82/><G32/><T121/><D121/><U49/><E49/><V110/><F50/><W30/><G30/><T118/><D118/><U102/><E102/><V59/><F0/><W66/><G66/><T8/><D8/><U25/><E25/><V20/><F134/><W104/><G104/><T119/><D119/><U74/><E74/><V97/><F133/><W91/><G91/><T10/><D10/><U13/><E26/><V28/><F89/><W127/><G127/><T115/><D115/><U44/><E44/><V98/><F78/><W1/><G1/><T27/><D27/><U75/><E75/><V12/><F28/><W71/><G71/><T15/><D15/><U29/><E29/><V42/><F12/><W53/><G60/><T6/><D6/><U31/><E31/><V61/><F61/><W116/><G116/><T135/><D135/><U23/><E23/><RYUUKYOKU ba="0,1" sc="240,10,250,10,250,-30,250,10" hai0="2,3,63,67,68,76,77,79,92,96,99,101,103" hai1="13,17,22,47,51,55,57,58,108,109" hai3="52,53,80,81,82,84,86,87,90,95" /><INIT seed="0,1,1,4,2,100" ten="250,260,220,260" oya="0" hai0="93,11,77,54,41,62,96,33,53,110,57,31,55" hai1="63,102,106,59,64,8,128,35,14,107,16,10,18" hai2="86,9,127,68,72,65,125,49,1,101,29,118,74" hai3="85,6,80,124,73,34,129,81,20,30,90,25,36"/><T109/><D41/><U32/><E128/><V66/><F118/><W103/><G129/><T79/><D11/><U122/><E122/><V60/><F29/><W40/><G124/><N who="2" m="47689" /><F66/><W120/><G120/><T98/><D31/><U22/><E10/><V51/><F101/><W21/><G6/><T94/><D33/><U130/><E130/><V48/><F86/><W123/><G123/><T88/><D77/><U42/><E42/><V135/><F135/><W114/><G114/><T56/><D79/><U133/><E133/><V43/><F43/><W15/><G73/><T113/><D113/><U132/><E132/><V83/><F83/><W115/><G115/><T92/><D92/><U26/><REACH who="1" step="1"/><E102/><REACH who="1" ten="250,250,220,260" step="2"/><V44/><F44/><W134/><G103/><N who="0" m="60815" /><D110/><U27/><E27/><V7/><AGARI ba="1,2" hai="1,7,9,48,49,51,60,65,68,72,74" m="47689" machi="7" ten="40,1500,0" yaku="18,1" doraHai="100" who="2" fromWho="2" sc="250,-8,250,-5,220,38,260,-5" /><INIT seed="1,0,0,5,3,92" ten="242,245,258,255" oya="1" hai0="111,91,65,46,131,109,63,126,101,15,133,121,69" hai1="72,82,33,31,98,128,35,6,0,89,4,112,77" hai2="122,100,12,57,61,78,67,129,17,2,115,59,40" hai3="86,85,13,107,93,64,74,79,25,50,54,83,123"/><U104/><E112/><V1/><F115/><W103/><G123/><T3/><D3/><U120/><E120/><V102/><F122/><W127/><G127/><T38/><D121/><U29/><E128/><V9/><F129/><W24/><G64/><T8/><D131/><U94/><E104/><V11/><F78/><W14/><G107/><T41/><D126/><U99/><E99/><V44/><F1/><W95/><G74/><T23/><D133/><U42/><E42/><V49/><F2/><W7/><G95/><T134/><D134/><U80/><E80/><V27/><F9/><W84/><G84/><T10/><D101/><U116/><E116/><V88/><F27/><N who="3" m="10315" /><G7/><T56/><D69/><U34/><REACH who="1" step="1"/><E0/><REACH who="1" ten="242,235,258,255" step="2"/><V113/><F113/><W62/><G103/><T48/><D41/><U43/><E43/><V71/><F102/><W114/><G114/><T37/><D111/><U81/><E81/><V75/><F100/><W97/><G97/><T53/><D109/><U21/><E21/><V36/><F36/><W5/><G93/><T55/><D37/><U76/><E76/><V60/><F40/><W52/><G83/><T18/><D38/><U124/><E124/><V119/><F119/><W70/><G79/><T26/><D91/><U16/><E16/><V90/><F88/><W58/><G5/><AGARI ba="0,1" hai="4,5,6,29,31,33,34,35,72,77,82,89,94,98" machi="5" ten="40,3900,0" yaku="1,1,52,1,53,0" doraHai="92" doraHaiUra="110" who="1" fromWho="3" sc="242,0,235,49,258,0,255,-39" /><INIT seed="1,1,0,4,5,73" ten="242,284,258,216" oya="1" hai0="87,81,120,43,124,64,14,11,100,118,130,34,31" hai1="80,52,90,133,4,45,134,117,101,51,104,9,89" hai2="65,74,88,83,35,99,119,8,25,38,79,63,12" hai3="135,132,24,37,26,36,19,126,10,42,5,55,112"/><U49/><E117/><V98/><F38/><N who="3" m="14955" /><G42/><T40/><D118/><U128/><E128/><V56/><F119/><W20/><G112/><T86/><D130/><U102/><E51/><V58/><F58/><W33/><G55/><T110/><D110/><U59/><E45/><V103/><F103/><N who="1" m="39433" /><E104/><V53/><F65/><W115/><G115/><T122/><D124/><U129/><E80/><V131/><F131/><W105/><G105/><T75/><D100/><U29/><E29/><V62/><F62/><W41/><G41/><N who="0" m="15947" /><D64/><U107/><E107/><V78/><F25/><N who="3" m="14495" /><G33/><T6/><D31/><U17/><E17/><N who="2" m="8327" /><F74/><W109/><G109/><T15/><D34/><U97/><E97/><N who="2" m="36875" /><F35/><W39/><G126/><T50/><D50/><U18/><E18/><V123/><F123/><N who="0" m="47146" /><D15/><N who="1" m="5543" /><E129/><V70/><F70/><W30/><G30/><T68/><D68/><U32/><E32/><V127/><F127/><W76/><G39/><T125/><D125/><U60/><E49/><V44/><F44/><W28/><G28/><T113/><D113/><U85/><E134/><N who="3" m="51242" /><G26/><T0/><D14/><U27/><E133/><V13/><F13/><N who="3" m="5327" /><G24/><T82/><D75/><U84/><E27/><V93/><F83/><AGARI ba="1,0" hai="0,6,11,81,82,83,86,87" m="47146,15947" machi="83" ten="30,1000,0" yaku="13,1" doraHai="73" who="0" fromWho="2" sc="242,13,284,0,258,-13,216,0" /><INIT seed="2,0,0,4,1,89" ten="255,284,245,216" oya="2" hai0="22,81,15,127,71,70,51,62,31,2,117,12,98" hai1="56,110,75,27,125,41,61,122,102,80,34,40,9" hai2="135,55,79,42,39,35,131,64,36,16,92,6,67" hai3="52,109,14,77,126,105,115,85,58,120,124,116,19"/><V53/><F35/><W20/><G116/><T123/><D2/><U119/><E119/><V54/><F6/><W33/><G120/><T87/><D123/><U0/><E110/><V108/><F79/><W91/><G109/><T73/><D73/><U5/><E125/><V104/><F104/><W10/><G115/><T132/><D127/><U4/><E4/><V100/><F108/><W23/><G33/><T43/><D132/><U118/><E118/><V95/><F100/><W86/><G105/><T128/><D128/><U96/><E122/><V74/><F74/><W134/><G134/><T48/><D117/><U17/><E80/><V97/><F97/><W69/><G69/><T129/><D129/><U93/><E75/><V38/><F135/><W111/><G111/><T59/><D98/><U63/><E63/><V66/><F131/><W1/><G1/><T25/><D71/><U28/><REACH who="1" step="1"/><E17/><REACH who="1" ten="255,274,245,216" step="2"/><V46/><REACH who="2" step="1"/><F16/><REACH who="2" ten="255,274,235,216" step="2"/><W90/><G124/><T30/><D30/><U121/><E121/><V8/><F8/><W32/><G126/><T65/><D31/><U78/><E78/><V133/><F133/><W107/><G77/><T94/><D22/><U60/><E60/><V37/><AGARI ba="0,2" hai="36,37,38,39,42,46,53,54,55,64,66,67,92,95" machi="37" ten="40,18000,2" yaku="1,1,0,1,29,2,52,2,53,0" doraHai="89" doraHaiUra="72" who="2" fromWho="2" sc="255,-60,274,-60,235,200,216,-60" /><INIT seed="2,1,0,3,1,93" ten="195,214,435,156" oya="2" hai0="117,80,28,37,44,134,104,10,110,76,83,101,31" hai1="48,70,75,26,50,85,94,71,43,130,120,108,98" hai2="67,88,77,61,74,58,6,86,51,34,109,87,129" hai3="64,47,106,19,3,57,131,32,4,27,25,36,24"/><V11/><F34/><W29/><G131/><T105/><D110/><U132/><E75/><V63/><F129/><W107/><G3/><T65/><D134/><U68/><E130/><V46/><F109/><W122/><G122/><T18/><D65/><U69/><E108/><V89/><F74/><W84/><G4/><T55/><D83/><U90/><E132/><V30/><F30/><W102/><G84/><T12/><D117/><U103/><N who="1" m="17408" /><DORA hai="38" /><U118/><E118/><V96/><F96/><W111/><G111/><T116/><D116/><U62/><E120/><V72/><F72/><W13/><G64/><T79/><D55/><U49/><E62/><V54/><F63/><W91/><G57/><T124/><D124/><U95/><REACH who="1" step="1"/><E26/><REACH who="1" ten="195,204,435,156" step="2"/><V135/><F135/><W133/><G133/><T125/><D125/><U52/><E52/><V78/><F67/><W100/><G25/><T128/><D128/><U23/><E23/><V127/><F127/><W56/><G27/><T73/><D73/><U115/><E115/><V16/><F61/><W114/><G114/><T39/><D10/><U119/><E119/><V14/><F54/><W45/><G24/><T40/><D31/><U1/><E1/><V35/><F11/><W21/><G21/><T2/><D2/><U33/><E33/><V7/><F35/><W42/><G29/><T81/><D28/><U0/><E0/><V5/><F14/><W126/><G13/><T123/><D123/><U112/><E112/><V22/><F22/><W41/><G126/><T66/><D12/><U113/><E113/><V97/><F6/><RYUUKYOKU ba="1,1" sc="195,-10,204,30,435,-10,156,-10" hai1="43,48,49,50,85,90,94,95,98,103" /><INIT seed="3,2,1,4,1,38" ten="185,234,425,146" oya="3" hai0="81,17,67,16,130,0,58,37,111,129,9,113,14" hai1="80,63,59,62,79,47,103,53,115,57,124,112,32" hai2="85,134,100,82,132,83,105,39,104,40,27,98,7" hai3="55,102,101,110,50,45,54,13,97,60,10,61,4"/><W5/><G110/><T41/><D111/><U65/><E32/><V8/><F27/><W36/><G36/><T33/><D113/><U122/><E122/><V22/><F22/><W90/><G4/><T127/><D127/><U28/><E28/><V31/><F31/><W51/><G90/><T91/><D33/><U121/><E121/><V125/><F125/><W87/><G87/><N who="0" m="50671" /><D0/><U69/><E124/><V70/><F70/><W84/><G84/><T64/><D17/><U43/><E103/><V24/><F24/><W119/><G119/><T135/><D58/><U128/><E128/><N who="0" m="49257" /><D135/><N who="2" m="51754" /><F104/><W131/><G131/><T94/><D94/><U109/><E69/><V89/><F40/><W21/><G21/><T52/><D52/><U76/><E109/><V3/><F39/><W66/><G66/><T96/><D96/><U133/><E133/><V86/><F85/><W77/><G77/><T93/><D93/><AGARI ba="2,1" hai="3,7,8,82,83,86,89,93,98,100,105" m="51754" machi="93" ten="30,1000,0" yaku="20,1" doraHai="38" who="2" fromWho="0" sc="185,-16,234,0,425,26,146,0" owari="169,-23.1,234,3.4,451,55.1,146,-35.4" /></mjloggm>