<mjloggm ver="2.3"><GO type="225" lobby="0"/><UN n0="%E4%BF%BA%E3%81%A8%E5%A6%96%E5%A4%A2" n1="%E3%83%81%E3%83%83%E3%82%BF%E3%82%BD%E3%83%BC" n2="%E3%81%B2%E3%81%AA%E3%81%AE%E3%82%8A%E3%81%8F" n3="%E6%B7%91%E5%A5%B3%E3%81%AE%E5%97%9C%E3%81%BF" dan="16,16,16,16" rate="2134.67,2126.15,2075.49,2091.65" sx="F,F,M,M"/><TAIKYOKU oya="0"/><INIT seed="0,0,0,0,0,86" ten="250,250,250,250" oya="0" hai0="11,106,71,32,14,98,129,67,133,26,76,42,9" hai1="74,28,81,13,40,16,39,128,95,4,97,2,108" hai2="125,5,130,110,123,53,90,51,55,69,65,50,68" hai3="45,63,58,12,10,114,134,78,121,43,75,54,105"/><T48/><D129/><U115/><E108/><V122/><F5/><W124/><G114/><T79/><D133/><U44/><E128/><V59/><F130/><W62/><G134/><T56/><D71/><U83/><E115/><V70/><F110/><W29/><G105/><T19/><D9/><U36/><E39/><V104/><F104/><W88/><G124/><T117/><D117/><U77/><E83/><V112/><F112/><W109/><G109/><T47/><D32/><U93/><E28/><V60/><F125/><W101/><G101/><T24/><D106/><U96/><E97/><V107/><F107/><W94/><G75/><T80/><D98/><U89/><E93/><V103/><F103/><W73/><G73/><T135/><D135/><U22/><REACH who="1" step="1"/><E4/><REACH who="1" ten="250,240,250,250" step="2"/><V30/><F30/><W102/><G29/><T111/><D111/><U41/><E41/><V113/><F113/><W1/><G43/><T84/><REACH who="0" step="1"/><D76/><REACH who="0" ten="240,240,250,250" step="2"/><U20/><E20/><V18/><F123/><W116/><G78/><T37/><D37/><U3/><AGARI ba="0,2" hai="2,3,13,16,22,36,40,44,74,77,81,89,95,96" machi="3" ten="30,7900,0" yaku="1,1,0,1,52,1,54,1,53,0" doraHai="86" doraHaiUra="126" who="1" fromWho="1" sc="240,-39,240,99,250,-20,250,-20" /><INIT seed="1,0,0,0,0,98" ten="201,339,230,230" oya="1" hai0="34,43,61,41,46,33,7,96,99,45,106,85,87" hai1="25,113,84,92,19,132,71,120,80,116,53,39,5" hai2="23,118,108,55,28,50,124,129,72,63,54,97,115" hai3="18,114,91,134,48,122,16,11,125,126,22,9,123"/><U74/><E132/><V95/><F118/><W127/><G114/><T36/><D7/><U79/><E120/><N who="3" m="46122" /><G91/><T60/><REACH who="0" step="1"/><D106/><REACH who="0" ten="191,339,230,230" step="2"/><U10/><E113/><V57/><F115/><W110/><G134/><T0/><D0/><U40/><E5/><V21/><F108/><W27/><G110/><T13/><D13/><U17/><E116/><V81/><F124/><W26/><G48/><T111/><D111/><U52/><E25/><N who="3" m="9226" /><G22/><T3/><D3/><U128/><E39/><AGARI ba="0,1" hai="33,34,36,39,41,43,45,46,60,61,85,87,96,99" machi="39" ten="25,3200,0" yaku="1,1,22,2,53,0" doraHai="98" doraHaiUra="100" who="0" fromWho="1" sc="191,42,339,-32,230,0,230,0" /><INIT seed="2,0,0,0,5,62" ten="233,307,230,230" oya="2" hai0="56,71,3,25,132,121,53,52,81,58,1,29,104" hai1="39,8,127,96,19,41,40,128,23,114,89,11,106" hai2="72,43,34,100,83,90,111,120,38,91,18,26,0" hai3="54,4,64,15,92,134,65,107,69,80,9,35,63"/><V74/><F120/><W84/><G107/><T33/><D71/><U124/><E128/><V123/><F123/><W24/><G134/><T22/><D121/><U14/><E114/><V36/><F0/><W45/><G92/><T31/><D104/><U67/><E67/><N who="3" m="25674" /><G35/><T48/><D132/><U79/><E79/><V10/><F34/><W113/><G69/><T110/><D110/><U49/><E39/><V55/><F100/><W135/><G135/><T2/><D81/><U60/><E60/><V16/><F111/><W47/><G24/><T27/><REACH who="0" step="1"/><D1/><REACH who="0" ten="223,307,230,230" step="2"/><U30/><E106/><V13/><F83/><W102/><G113/><T109/><D109/><U118/><E118/><V117/><F117/><W51/><G63/><AGARI ba="0,1" hai="2,3,22,25,27,29,31,33,48,52,53,56,58,63" machi="63" ten="30,8000,1" yaku="1,1,7,1,54,1,53,2" doraHai="62" doraHaiUra="50" who="0" fromWho="3" sc="223,90,307,0,230,0,230,-80" /><INIT seed="3,0,0,1,5,12" ten="313,307,230,150" oya="3" hai0="41,112,87,15,66,55,44,18,58,110,25,124,8" hai1="6,115,133,106,33,38,69,2,82,83,76,61,35" hai2="59,108,26,57,75,117,1,121,0,62,43,127,91" hai3="105,120,98,104,93,96,30,28,81,92,31,10,39"/><W17/><G120/><T74/><D74/><N who="1" m="43287" /><E115/><V90/><F108/><W20/><G39/><T97/><D110/><U51/><E51/><V34/><F117/><W123/><G123/><T7/><D112/><U65/><E83/><V5/><F75/><W52/><G10/><T46/><D124/><U14/><E14/><V79/><F79/><W49/><G81/><T86/><D66/><U37/><E133/><V84/><F121/><W132/><G132/><T134/><D134/><U128/><E128/><V63/><F43/><W118/><G118/><T70/><D70/><U53/><E53/><V54/><F5/><W50/><G50/><N who="0" m="31095" /><D97/><N who="3" m="37481" /><G105/><T27/><D7/><U16/><E16/><V67/><F127/><W88/><G104/><T40/><D40/><U94/><E94/><V3/><F84/><N who="0" m="32298" /><D44/><U129/><E129/><V22/><F34/><N who="1" m="12809" /><E106/><V32/><F32/><W48/><G88/><T13/><D13/><U116/><E116/><V80/><F80/><W42/><G42/><T103/><D103/><U95/><E95/><N who="3" m="36426" /><G52/><T99/><D99/><U19/><E19/><V89/><F89/><W114/><G114/><T100/><D100/><U102/><E102/><V4/><F4/><W113/><G113/><T122/><D122/><U107/><E107/><V130/><F130/><W85/><G85/><T135/><D135/><U126/><E126/><V109/><F109/><W119/><G119/><T78/><D78/><U24/><E24/><AGARI ba="0,0" hai="17,20,24,28,30,31,48,49" m="36426,37481" machi="24" ten="30,2900,0" yaku="8,1,52,1" doraHai="12" who="3" fromWho="1" sc="313,0,307,-29,230,0,150,29" /><INIT seed="3,1,0,5,3,87" ten="313,278,230,179" oya="3" hai0="55,42,122,114,120,16,48,91,52,15,135,36,126" hai1="106,74,78,71,112,23,101,82,67,121,26,96,31" hai2="123,125,105,113,66,47,86,117,37,75,64,80,45" hai3="81,54,118,4,132,128,29,70,68,7,2,77,98"/><W30/><G118/><T46/><D135/><U61/><REACH who="1" step="1"/><E112/><REACH who="1" ten="313,268,230,179" step="2"/><V129/><F113/><W59/><G132/><T108/><D114/><U53/><E53/><V124/><F117/><W25/><G128/><T90/><D120/><AGARI ba="1,1" hai="23,26,31,61,67,71,74,78,82,96,101,106,120,121" machi="120" ten="40,5200,0" yaku="21,2,53,1" doraHai="87" doraHaiUra="92" who="1" fromWho="0" sc="313,-55,268,65,230,0,179,0" owari="258,5.8,333,43.3,230,-17.0,179,-32.1" /></mjloggm>