<mjloggm ver="2.3"><GO type="225" lobby="0"/><UN n0="%E8%B5%A4%E3%81%84%E8%9B%99%31%31" n1="%E3%81%BE%E3%81%A8%E3%81%9F" n2="%E3%83%96%E3%83%83%E3%83%91%E3%82%AA%E3%83%96%E3%83%81%E3%82%AD%E3%83%B3" n3="%E6%81%A5%E6%99%92%E3%81%97" dan="16,16,16,16" rate="2108.05,2142.80,2206.46,2131.47" sx="M,M,M,M"/><TAIKYOKU oya="0"/><INIT seed="0,0,0,1,4,84" ten="250,250,250,250" oya="0" hai0="22,121,32,129,75,95,81,16,76,119,36,9,41" hai1="15,109,87,69,63,37,24,38,54,90,86,132,85" hai2="71,126,73,127,62,66,60,107,122,115,106,8,114" hai3="105,0,11,65,50,101,56,40,53,68,48,21,80"/><T70/><D119/><U26/><E132/><V74/><F122/><W104/><G101/><T93/><D121/><U3/><E3/><V112/><F8/><W118/><G118/><T57/><D70/><U130/><E109/><V7/><F7/><W94/><G80/><T27/><D129/><U47/><E37/><V42/><F42/><W28/><G68/><T99/><D32/><U52/><E130/><V78/><F62/><W25/><G65/><T96/><D9/><U61/><E38/><V133/><F133/><W55/><G40/><T98/><REACH who="0" step="1"/><D57/><REACH who="0" ten="240,250,250,250" step="2"/><U88/><E69/><V39/><F39/><W89/><G11/><T12/><D12/><U17/><E26/><V4/><F4/><W6/><G0/><T134/><D134/><U58/><E24/><V82/><REACH who="2" step="1"/><F74/><REACH who="2" ten="240,250,240,250" step="2"/><W123/><G6/><T30/><D30/><U103/><E63/><V14/><F14/><W77/><G123/><T102/><D102/><U110/><E103/><V128/><F128/><W91/><G25/><T43/><D43/><U23/><E110/><V131/><F131/><W100/><G100/><T44/><AGARI ba="0,2" hai="16,22,27,36,41,44,75,76,81,93,95,96,98,99" machi="44" ten="30,6000,0" yaku="1,1,0,1,54,1,53,0" doraHai="84" doraHaiUra="83" who="0" fromWho="0" sc="240,80,250,-20,240,-20,250,-20" /><INIT seed="0,1,0,3,1,63" ten="320,230,220,230" oya="0" hai0="20,67,50,130,81,79,78,25,82,12,33,87,4" hai1="16,80,51,9,104,100,90,68,2,124,112,102,89" hai2="57,19,94,5,3,95,77,133,36,75,107,120,134" hai3="72,119,114,27,58,53,42,37,86,123,98,8,23"/><T7/><D130/><U47/><E68/><V99/><F36/><W48/><G114/><T91/><D33/><U41/><E124/><V83/><F3/><W135/><G119/><T55/><D91/><U49/><E112/><V108/><F5/><W56/><G72/><T52/><D67/><U59/><E2/><V34/><F34/><W116/><G116/><T129/><D129/><U122/><E90/><V30/><F30/><W28/><G135/><N who="2" m="51721" /><F120/><W73/><G73/><T127/><D127/><U106/><E106/><V61/><F19/><W65/><G123/><T103/><D103/><U76/><E89/><V21/><F21/><W109/><G98/><T117/><D117/><U71/><E71/><V11/><F11/><W38/><G42/><T15/><D7/><U93/><E93/><V121/><F108/><W35/><G109/><T44/><D55/><N who="1" m="32239" /><E104/><V74/><F74/><W54/><G35/><T32/><D32/><U39/><E39/><V96/><F121/><W26/><G8/><T132/><D4/><U69/><E69/><V85/><F75/><W31/><G86/><N who="0" m="48439" /><D132/><U84/><E122/><V118/><F118/><W70/><G70/><T60/><D60/><U0/><E0/><V101/><F99/><W62/><G54/><AGARI ba="1,0" hai="54,57,61,77,83,85,94,95,96,101,107" m="51721" machi="54" ten="30,1000,0" yaku="20,1" doraHai="63" who="2" fromWho="3" sc="320,0,230,0,220,13,230,-13" /><INIT seed="1,0,0,2,0,35" ten="320,230,233,217" oya="1" hai0="96,75,106,127,21,95,0,61,77,109,15,134,132" hai1="26,112,65,102,37,4,89,32,45,130,53,54,107" hai2="119,101,60,93,52,88,18,58,79,27,46,125,87" hai3="41,9,67,80,55,63,7,81,59,22,94,103,74"/><U49/><E112/><V31/><F125/><W13/><G74/><T114/><D114/><U122/><E122/><V42/><F119/><W105/><G105/><T40/><D127/><U108/><E37/><V123/><F123/><W25/><G41/><T17/><D109/><U120/><E120/><V68/><F68/><W82/><G55/><T33/><D33/><U133/><E133/><V72/><F101/><W111/><G111/><T19/><D40/><U30/><E65/><V126/><F126/><W57/><G57/><T124/><D106/><U38/><E38/><V118/><F118/><W48/><G48/><T115/><D115/><U78/><E78/><V29/><F72/><W92/><REACH who="3" step="1"/><G103/><REACH who="3" ten="320,230,233,207" step="2"/><T100/><D124/><U110/><E102/><V90/><F79/><W34/><G34/><T47/><D77/><U121/><E107/><V10/><F90/><W117/><G117/><T129/><D100/><U98/><E121/><V16/><F42/><W14/><G14/><T128/><D15/><U69/><E69/><V86/><F46/><W2/><G2/><T83/><D0/><U116/><E116/><V99/><F88/><W84/><G84/><T62/><D75/><U43/><E110/><V66/><F87/><W76/><G76/><T50/><D47/><U5/><E108/><V104/><F86/><W24/><G24/><T131/><D134/><U73/><E73/><V6/><F104/><W85/><G85/><T71/><D132/><U36/><E54/><V64/><F27/><W23/><G23/><T11/><D21/><U3/><E3/><V56/><F52/><RYUUKYOKU ba="0,1" sc="320,-10,230,-10,233,-10,207,30" hai3="7,9,13,22,25,59,63,67,80,81,82,92,94" /><INIT seed="2,1,1,2,3,107" ten="310,220,223,237" oya="2" hai0="133,102,1,25,79,63,103,83,13,112,97,93,132" hai1="60,116,128,28,33,130,50,96,45,29,84,129,38" hai2="65,88,73,41,117,105,120,131,61,69,70,47,56" hai3="42,24,90,16,43,68,36,22,87,37,12,34,3"/><V80/><F117/><W20/><G68/><T124/><D1/><U114/><E116/><V48/><F120/><W86/><G34/><T82/><D112/><U52/><E114/><V78/><F131/><W98/><G3/><T8/><D124/><U125/><E125/><V35/><F105/><W54/><G54/><T64/><D25/><U67/><E33/><V113/><F113/><W110/><G110/><T104/><D104/><U44/><E96/><V75/><F35/><W23/><G23/><T100/><D13/><U30/><E84/><N who="3" m="32298" /><G37/><T71/><D8/><U31/><N who="1" m="7168" /><DORA hai="55" /><U18/><E18/><V15/><F75/><W109/><G109/><T57/><D71/><N who="1" m="42471" /><E38/><V76/><F76/><W91/><G36/><T118/><D118/><U53/><E53/><V127/><F127/><W66/><G66/><T46/><D46/><AGARI ba="1,1" hai="44,45,46,50,52,128,129,130" m="42471,7168" machi="46" ten="50,3200,0" yaku="19,1,54,1" doraHai="107,55" who="1" fromWho="0" sc="310,-35,220,45,223,0,237,0" /><INIT seed="3,0,0,1,0,10" ten="275,265,223,237" oya="3" hai0="74,55,52,1,132,60,19,29,84,40,97,117,120" hai1="8,42,53,33,93,90,109,108,98,50,129,72,38" hai2="82,96,94,101,78,122,45,51,113,91,16,68,103" hai3="63,41,21,13,107,5,114,47,11,116,110,36,80"/><W17/><G114/><T71/><D117/><U30/><E72/><V57/><F113/><W131/><G116/><T54/><D74/><U105/><E105/><V3/><F68/><W18/><G131/><T87/><D1/><U61/><E129/><V106/><F122/><W23/><G107/><T133/><D120/><U104/><E104/><V124/><F124/><W7/><G110/><T67/><D29/><U66/><E30/><V121/><F121/><W77/><G63/><T76/><D40/><U73/><E33/><V126/><F126/><W34/><G34/><T64/><D64/><U20/><E20/><V28/><F3/><W65/><G65/><T111/><D111/><U135/><E73/><V89/><F28/><W24/><REACH who="3" step="1"/><G11/><REACH who="3" ten="275,265,223,227" step="2"/><T58/><D67/><U128/><E61/><V32/><F32/><W48/><G48/><T81/><D71/><U0/><E66/><V127/><F127/><W92/><G92/><T134/><D60/><U56/><E128/><V83/><F106/><W69/><G69/><T46/><D133/><U99/><E135/><V26/><F51/><W102/><G102/><T59/><D134/><U119/><E119/><V43/><F103/><W123/><G123/><T6/><D132/><U22/><E109/><V115/><F94/><W130/><G130/><T62/><D62/><U85/><E108/><V75/><F101/><W88/><G88/><T49/><D49/><U100/><E100/><V9/><F91/><W14/><G14/><T35/><D76/><U86/><E8/><V39/><F9/><W125/><G125/><T112/><D112/><RYUUKYOKU ba="0,1" sc="275,-10,265,-10,223,-10,227,30" hai3="5,7,13,17,18,21,23,24,36,41,47,77,80" /><INIT seed="3,1,1,1,4,133" ten="265,255,213,257" oya="3" hai0="73,43,97,86,103,34,126,77,105,116,96,115,94" hai1="64,117,111,106,90,68,124,60,50,6,120,31,74" hai2="135,40,66,23,9,119,79,104,71,89,121,26,76" hai3="92,122,101,70,25,30,18,52,47,114,44,15,49"/><W80/><G114/><T61/><D34/><U87/><E120/><V10/><F119/><W46/><G122/><T38/><D116/><U28/><E111/><V100/><F121/><W14/><G70/><T132/><D115/><U102/><E74/><V127/><F135/><W51/><G80/><N who="0" m="45103" /><D61/><U55/><E6/><V39/><F104/><W72/><G72/><T81/><D132/><U4/><E124/><V21/><F39/><W95/><G47/><T48/><D48/><U7/><E28/><N who="2" m="17487" /><F71/><W36/><G36/><T57/><D57/><U84/><E31/><V67/><F100/><W75/><G75/><T20/><D20/><U83/><E117/><V37/><F37/><W93/><G18/><T35/><D35/><U41/><E41/><V130/><F40/><W19/><G19/><T42/><D38/><U65/><E65/><N who="2" m="24587" /><F130/><W17/><G17/><T131/><D131/><U59/><E102/><V33/><F33/><W0/><G101/><N who="0" m="60567" /><D42/><U12/><E106/><V32/><F32/><W54/><G0/><T53/><D43/><U45/><E12/><V134/><F134/><W107/><G107/><T11/><D11/><N who="2" m="4106" /><F127/><W13/><BYE who="1" /><G30/><UN n1="%E3%81%BE%E3%81%A8%E3%81%9F" /><T82/><D126/><U110/><E68/><V123/><F123/><W91/><G25/><T78/><D53/><U62/><E62/><V63/><F63/><W22/><G22/><T2/><D2/><U118/><E118/><V29/><F89/><AGARI ba="1,1" hai="13,14,15,44,46,49,51,52,54,89,91,92,93,95" machi="89" ten="40,7700,0" yaku="9,1,8,1,54,1" doraHai="133" who="3" fromWho="2" sc="265,0,255,0,213,-80,257,90" owari="265,6.5,255,-14.5,133,-36.7,347,44.7" /></mjloggm>