<mjloggm ver="2.3"><GO type="225" lobby="0"/><UN n0="%E3%83%81%E3%83%83%E3%82%BF%E3%82%BD%E3%83%BC" n1="%E6%A1%9C%E8%8A%B1%E9%96%83%E3%80%85" n2="%E3%83%96%E3%83%83%E3%83%91%E3%82%AA%E3%83%96%E3%83%81%E3%82%AD%E3%83%B3" n3="%72%69%6F%75%63%68%61%6E" dan="16,17,17,16" rate="2190.48,2248.11,2210.78,2110.51" sx="F,M,M,M"/><TAIKYOKU oya="0"/><INIT seed="0,0,0,4,1,71" ten="250,250,250,250" oya="0" hai0="134,95,110,12,75,36,89,1,121,106,119,10,126" hai1="102,94,130,65,81,82,18,22,0,49,129,99,122" hai2="80,14,44,96,4,67,46,40,64,7,112,58,74" hai3="6,123,79,28,109,101,76,115,20,88,111,63,26"/><T15/><RYUUKYOKU type="yao9" ba="0,0" sc="250,0,250,0,250,0,250,0" hai0="1,10,12,15,36,75,89,95,106,110,119,121,126,134" /><INIT seed="0,1,0,3,1,130" ten="250,250,250,250" oya="0" hai0="49,55,50,21,102,9,72,57,39,127,12,27,16" hai1="25,103,132,82,5,83,109,115,62,31,4,85,88" hai2="59,80,114,54,52,45,19,68,56,20,40,61,112" hai3="42,44,48,14,100,35,125,71,36,108,33,86,32"/><T95/><D127/><U28/><E109/><V8/><F8/><W84/><G108/><T75/><D39/><U6/><E115/><N who="2" m="44075" /><F80/><W63/><G125/><T81/><D81/><U94/><E132/><V91/><F91/><W2/><G2/><T11/><D11/><U13/><E13/><V96/><F96/><W122/><G122/><T1/><D1/><U97/><E62/><N who="2" m="36103" /><F19/><W51/><G100/><T101/><D49/><U123/><E123/><V26/><F20/><W106/><G106/><T10/><D10/><U77/><REACH who="1" step="1"/><E25/><REACH who="1" ten="250,240,250,250" step="2"/><V121/><F121/><W89/><G14/><T60/><D60/><U3/><E3/><V53/><F26/><W111/><G111/><T104/><D104/><U34/><E34/><V15/><F15/><W0/><G0/><T90/><D72/><AGARI ba="1,1" hai="4,5,6,28,31,72,77,82,83,85,88,94,97,103" machi="72" ten="40,2600,0" yaku="1,1,54,1,53,0" doraHai="130" doraHaiUra="67" who="1" fromWho="0" sc="250,-29,240,39,250,0,250,0" /><INIT seed="1,0,0,2,4,102" ten="221,279,250,250" oya="1" hai0="131,17,108,5,110,73,101,96,51,93,115,35,83" hai1="2,1,37,129,132,106,75,27,39,70,105,77,119" hai2="111,74,60,120,123,103,23,112,104,9,113,82,13" hai3="58,92,118,79,128,61,41,133,124,81,48,34,107"/><U97/><E119/><V54/><F23/><W62/><G118/><T87/><D115/><N who="2" m="44106" /><F54/><W69/><G34/><T109/><D35/><U117/><E117/><V11/><F60/><W64/><G124/><T66/><D5/><U33/><E132/><V52/><F52/><W114/><G114/><T25/><D73/><U125/><E129/><V59/><F59/><W94/><G133/><T65/><D131/><U12/><E12/><V76/><F111/><W49/><G107/><N who="1" m="40970" /><E97/><N who="2" m="61551" /><F9/><W26/><G128/><T85/><D51/><U68/><E125/><V86/><F74/><W32/><G48/><T78/><D87/><U44/><E27/><V7/><AGARI ba="0,0" hai="7,11,13,76,82,86,120,123" m="61551,44106" machi="7" ten="30,2000,0" yaku="11,1,52,1" doraHai="102" who="2" fromWho="2" sc="221,-5,279,-10,250,20,250,-5" /><INIT seed="2,0,0,5,0,128" ten="216,269,270,245" oya="2" hai0="13,96,39,86,7,130,90,14,126,87,110,83,127" hai1="65,23,129,92,118,44,61,27,135,36,41,15,32" hai2="124,88,98,116,28,75,63,34,11,62,54,38,79" hai3="1,50,78,60,72,29,73,45,2,102,93,47,5"/><V103/><F116/><W74/><G78/><T52/><D110/><U123/><E118/><V134/><F38/><W17/><G29/><T4/><D130/><U85/><E129/><V68/><F124/><N who="0" m="47658" /><D39/><U25/><E123/><V69/><F75/><W117/><G117/><T95/><D86/><U51/><E36/><V81/><F79/><W33/><G33/><T9/><D14/><U19/><E32/><V16/><F34/><W55/><G5/><N who="0" m="3247" /><D52/><U53/><E53/><V20/><F54/><W91/><G45/><T12/><D12/><U56/><E15/><V49/><F49/><W132/><G1/><T119/><D119/><U106/><E27/><V3/><F11/><W84/><G2/><T76/><AGARI ba="0,0" hai="4,7,76,83,87,90,95,96" m="3247,47658" machi="76" ten="30,1100,0" yaku="18,1" doraHai="128" who="0" fromWho="0" sc="216,11,269,-3,270,-5,245,-3" /><INIT seed="3,0,0,5,4,57" ten="227,266,265,242" oya="3" hai0="70,26,132,118,96,13,101,0,17,71,102,55,84" hai1="54,115,6,63,43,99,56,83,12,45,42,107,27" hai2="128,90,134,40,19,104,105,81,109,92,97,113,133" hai3="127,135,100,9,112,8,34,14,1,32,88,76,52"/><W35/><G112/><T111/><D118/><U75/><E115/><V82/><F40/><W28/><G127/><T60/><D0/><U4/><E27/><V10/><F113/><W46/><G135/><N who="2" m="51721" /><F109/><W7/><G100/><T36/><D36/><U21/><E107/><N who="2" m="41035" /><F128/><W47/><G76/><T72/><D72/><U50/><E99/><N who="2" m="57751" /><F19/><W114/><G114/><T58/><D132/><U41/><E83/><V11/><F97/><W69/><G69/><T74/><D74/><U38/><E75/><V18/><F18/><W16/><G28/><T87/><D111/><U31/><E38/><V37/><F37/><W119/><G119/><T30/><D70/><U80/><E12/><V93/><F93/><W103/><G103/><T116/><D71/><U73/><E4/><V33/><F33/><W65/><G65/><T77/><D116/><U85/><E6/><V89/><F89/><W53/><REACH who="3" step="1"/><G88/><REACH who="3" ten="227,266,265,232" step="2"/><T122/><D102/><U25/><E73/><V20/><F82/><W94/><G94/><N who="0" m="58519" /><D77/><AGARI ba="0,1" hai="21,25,31,41,42,43,45,50,54,56,63,77,80,85" machi="77" ten="30,3900,0" yaku="7,1,8,1,52,1" doraHai="57" who="1" fromWho="0" sc="227,-39,266,49,265,0,232,0" owari="188,-31.2,315,41.5,265,6.5,232,-16.8" /></mjloggm>