<mjloggm ver="2.3"><GO type="225" lobby="0"/><UN n0="%E4%BF%BA%E3%81%A8%E5%A6%96%E5%A4%A2" n1="%E3%83%A9%E3%82%B9%E7%8E%87%EF%BC%93%E5%89%B2" n2="%E6%9D%B1%E9%A2%A8%E3%81%AE%E3%81%8D%E3%82%83%E3%81%B7%E3%81%95%E3%82%93" n3="%E3%83%96%E3%83%83%E3%83%91%E3%82%AA%E3%83%96%E3%83%81%E3%82%AD%E3%83%B3" dan="16,17,16,16" rate="2253.27,2225.88,2163.68,2183.42" sx="F,F,M,M"/><TAIKYOKU oya="0"/><INIT seed="0,0,0,1,3,63" ten="250,250,250,250" oya="0" hai0="55,24,125,79,75,68,66,117,113,45,2,92,134" hai1="14,132,111,73,118,89,56,57,40,37,65,83,23" hai2="47,4,43,13,44,8,51,53,96,17,34,122,59" hai3="12,54,31,5,130,10,27,69,95,87,105,101,78"/><T9/><D113/><U61/><E118/><V84/><F122/><W116/><G116/><T94/><D117/><U19/><E111/><V62/><F34/><W88/><G130/><T109/><D109/><U107/><E107/><V82/><F96/><W70/><G78/><T67/><D134/><U74/><E132/><V120/><F120/><W7/><G7/><T103/><D125/><U58/><E73/><V38/><F44/><W129/><G129/><T115/><D115/><U91/><E37/><V60/><REACH who="2" step="1"/><F17/><REACH who="2" ten="250,250,240,250" step="2"/><W20/><REACH who="3" step="1"/><G54/><REACH who="3" ten="250,250,240,240" step="2"/><T93/><D55/><U80/><E40/><V28/><F28/><W46/><G46/><T32/><D45/><U135/><E135/><V26/><F26/><W11/><G11/><T71/><D24/><U104/><E74/><V39/><F39/><W121/><G121/><T99/><D9/><U3/><E3/><V81/><F81/><W86/><G86/><T50/><D2/><U36/><E36/><V124/><F124/><W110/><G110/><T18/><D75/><U35/><E83/><V85/><F85/><W33/><G33/><T16/><D32/><U131/><E35/><V128/><F128/><W52/><G52/><T133/><D133/><U15/><E131/><V25/><F25/><W97/><AGARI ba="0,2" hai="5,10,12,20,27,31,69,70,87,88,95,97,101,105" machi="97" ten="30,7900,0" yaku="1,1,0,1,54,1,53,1" doraHai="63" doraHaiUra="98" who="3" fromWho="3" sc="250,-39,250,-20,240,-20,240,99" /><INIT seed="1,0,0,5,2,96" ten="211,230,220,339" oya="1" hai0="81,37,43,70,106,51,128,12,135,88,112,107,25" hai1="71,42,5,120,67,35,53,26,62,117,4,76,114" hai2="133,65,97,74,75,91,121,48,124,21,36,33,130" hai3="55,77,34,1,44,20,19,40,93,109,125,118,104"/><U84/><E114/><V85/><F36/><W28/><G104/><T101/><D112/><U102/><E117/><V98/><F33/><W32/><G118/><T30/><D37/><U3/><E120/><V24/><F133/><W31/><G77/><T10/><D70/><U15/><E3/><V116/><F116/><W60/><G93/><T39/><D39/><U73/><E73/><V99/><F121/><W63/><G1/><T105/><D135/><U18/><E42/><V54/><F65/><W13/><G109/><T50/><D128/><U14/><E53/><V103/><F130/><W58/><G125/><T92/><D81/><U49/><E49/><V134/><F134/><W64/><G34/><T57/><D43/><U45/><E45/><V131/><F131/><W86/><G86/><T100/><D50/><U113/><E15/><V46/><F124/><W2/><G32/><T115/><D57/><U56/><E56/><V123/><F123/><W9/><G9/><T7/><D51/><U80/><E113/><V61/><F61/><W23/><G20/><T17/><D7/><U16/><E102/><V66/><F66/><W38/><G2/><T47/><D47/><U82/><E82/><V29/><REACH who="2" step="1"/><F103/><REACH who="2" ten="211,230,210,339" step="2"/><W95/><G63/><T89/><D115/><U122/><E122/><V52/><F52/><W132/><G55/><T126/><D126/><U94/><E35/><V22/><F22/><W41/><G132/><T72/><D101/><U110/><E67/><V111/><F111/><W90/><G41/><T6/><D106/><U27/><E110/><V69/><F69/><RYUUKYOKU ba="0,1" sc="211,-15,230,-15,210,15,339,15" hai2="21,24,29,46,48,54,74,75,85,91,97,98,99" hai3="13,19,23,28,31,38,40,44,58,60,64,90,95" /><INIT seed="2,1,1,4,4,105" ten="196,215,225,354" oya="2" hai0="1,119,55,30,91,70,108,79,77,113,78,25,18" hai1="27,15,69,16,93,107,21,42,117,101,60,51,135" hai2="130,23,33,102,100,57,63,82,4,2,94,110,37" hai3="104,133,72,54,5,61,38,74,3,22,103,64,6"/><V56/><F37/><W48/><G38/><T50/><D113/><U68/><E117/><V28/><F33/><W26/><G133/><T95/><D1/><U34/><E135/><V97/><F130/><W86/><G86/><T71/><D119/><U40/><E107/><V121/><F121/><W31/><G103/><T62/><D18/><U131/><E131/><V80/><F110/><W111/><G104/><T19/><D19/><U120/><E120/><V67/><F102/><W7/><G3/><T52/><D108/><U129/><E68/><V44/><F44/><W114/><G114/><T99/><D62/><U84/><E51/><V112/><F56/><W11/><G11/><T109/><D109/><U116/><E116/><V65/><F65/><W45/><REACH who="3" step="1"/><G111/><REACH who="3" ten="196,215,225,344" step="2"/><T39/><D39/><U128/><E128/><V73/><F112/><W0/><G0/><T87/><D87/><U8/><E129/><V9/><REACH who="2" step="1"/><F73/><REACH who="2" ten="196,215,215,344" step="2"/><W13/><G13/><T75/><D75/><U35/><E101/><V118/><F118/><W12/><G12/><T14/><D14/><U122/><E122/><V123/><F123/><W85/><G85/><T134/><D134/><U10/><E15/><V88/><F88/><W98/><G98/><T59/><REACH who="0" step="1"/><D55/><REACH who="0" ten="186,215,215,344" step="2"/><U43/><E10/><V20/><F20/><AGARI ba="1,4" hai="20,25,30,50,52,59,70,71,77,78,79,91,95,99" machi="20" ten="40,5200,0" yaku="1,1,2,1,54,1,53,0" doraHai="105" doraHaiUra="32" who="0" fromWho="2" sc="186,95,215,0,215,-55,344,0" /><INIT seed="3,0,0,2,5,102" ten="281,215,160,344" oya="3" hai0="76,14,111,4,78,45,124,32,42,113,103,108,39" hai1="67,52,73,11,29,117,118,92,128,13,115,19,88" hai2="127,83,65,121,110,82,80,70,51,95,131,37,53" hai3="49,75,97,15,2,5,43,79,71,94,25,129,84"/><W36/><G71/><T74/><D32/><U22/><E115/><V96/><F37/><W90/><G129/><T106/><D113/><U100/><E73/><V58/><F131/><W17/><G36/><T89/><D124/><U135/><E128/><V23/><F121/><W101/><G25/><T119/><D119/><N who="1" m="45579" /><E67/><V12/><F127/><W114/><G114/><T57/><D89/><U31/><E135/><V10/><F110/><W81/><G2/><T85/><D85/><N who="1" m="52239" /><E100/><V104/><F70/><W87/><G5/><T50/><D14/><N who="1" m="9591" /><E52/><V27/><F65/><W60/><G101/><T34/><D34/><U9/><E9/><V77/><F104/><W116/><G116/><T0/><D4/><AGARI ba="0,0" hai="4,11,13,29,31" m="9591,52239,45579" machi="4" ten="30,2000,0" yaku="12,1,54,1" doraHai="102" who="1" fromWho="0" sc="281,-20,215,20,160,0,344,0" owari="261,6.1,235,-16.5,160,-34.0,344,44.4" /></mjloggm>