<mjloggm ver="2.3"><GO type="225" lobby="0"/><UN n0="%E6%98%93%E5%88%A9%E8%96%A9%E4%BC%AF" n1="%E6%B7%91%E5%A5%B3%E3%81%AE%E5%97%9C%E3%81%BF" n2="%E3%80%90%E3%83%88%E3%83%AA%E3%83%A5%E3%83%95%E3%80%91" n3="%E3%81%AF%E3%82%88%E3%81%8A%E3%81%98%E3%81%95%E3%82%93" dan="17,16,16,17" rate="2186.21,2137.30,2062.44,2139.94" sx="F,M,M,M"/><TAIKYOKU oya="0"/><INIT seed="0,0,0,5,1,53" ten="250,250,250,250" oya="0" hai0="3,14,46,60,100,68,77,64,109,59,56,52,72" hai1="74,8,18,35,129,102,57,124,118,116,33,111,1" hai2="30,134,10,71,86,62,50,98,91,49,23,55,89" hai3="132,93,88,84,105,76,108,67,51,106,45,114,83"/><T4/><D109/><U34/><E74/><V12/><F71/><W63/><G132/><T119/><D119/><U21/><E111/><V2/><F2/><W126/><G126/><T0/><D46/><U22/><E124/><V27/><F134/><W115/><G108/><T17/><D100/><U47/><E129/><V11/><F98/><W32/><G32/><T66/><D68/><U101/><E47/><V79/><F79/><W37/><G37/><T65/><D4/><U123/><E123/><V133/><F10/><W97/><G115/><T5/><D5/><U121/><E121/><V70/><F133/><W24/><G24/><T69/><D69/><U82/><E82/><N who="2" m="49367" /><F91/><W26/><G26/><T19/><D59/><U36/><E36/><V92/><F92/><W113/><G113/><T31/><D31/><U131/><E57/><N who="2" m="35135" /><F70/><W29/><G29/><T103/><D103/><U125/><E125/><V61/><F61/><W7/><G7/><AGARI ba="0,0" hai="7,11,12,23,27,30,49,50" m="35135,49367" machi="7" ten="30,2000,0" yaku="8,1,52,1" doraHai="53" who="2" fromWho="3" sc="250,0,250,0,250,20,250,-20" /><INIT seed="1,0,0,2,5,80" ten="250,250,270,230" oya="1" hai0="86,52,6,34,72,67,113,4,132,7,74,28,111" hai1="121,60,48,17,120,68,18,93,58,62,11,115,133" hai2="87,36,27,14,37,112,51,114,83,24,128,57,96" hai3="29,41,23,5,15,79,25,100,59,8,119,0,130"/><U90/><E115/><N who="2" m="44075" /><F96/><W3/><G130/><T95/><D113/><U42/><E133/><V131/><F14/><W125/><G125/><T85/><D67/><U1/><E68/><V134/><F134/><W53/><G119/><T65/><D65/><U30/><E30/><V63/><F51/><W54/><G41/><T99/><D132/><U43/><E48/><V21/><F131/><W88/><G79/><T78/><D111/><U19/><E60/><V103/><F103/><W116/><G100/><T77/><D28/><U69/><E69/><V97/><F97/><W75/><G75/><T16/><D34/><U2/><E121/><V20/><F20/><W44/><G44/><T26/><D52/><N who="1" m="34119" /><E1/><V73/><F73/><W109/><G54/><T82/><D72/><U76/><E2/><V12/><F12/><W71/><G71/><T135/><D135/><U50/><E120/><V81/><F128/><W10/><G116/><T92/><D74/><U46/><E76/><N who="0" m="29289" /><D82/><U91/><E91/><N who="2" m="51695" /><F83/><W107/><G109/><T64/><D64/><U45/><E11/><V106/><F106/><W9/><G107/><T35/><D35/><U33/><E33/><V122/><F122/><W94/><G0/><T61/><D61/><U31/><E45/><V66/><F24/><W101/><G101/><N who="0" m="60647" /><D95/><U84/><E42/><V110/><F110/><W39/><G39/><T70/><D70/><U126/><E126/><V127/><F127/><W105/><G105/><T98/><D98/><U102/><E102/><V117/><F117/><W108/><G108/><T118/><D118/><U124/><E124/><RYUUKYOKU ba="0,0" sc="250,10,250,10,270,10,230,-30" hai0="4,6,7,16,26,85,86" hai1="17,18,19,31,43,46,50,84,90,93" hai2="21,27,36,37,57,63,66" /><INIT seed="1,1,0,4,0,108" ten="260,260,280,200" oya="1" hai0="19,49,119,45,113,83,81,26,122,13,52,94,43" hai1="62,129,120,50,107,130,57,4,36,91,72,8,1" hai2="46,106,53,68,58,39,41,88,27,38,98,70,112" hai3="2,5,109,54,31,123,25,132,30,56,76,14,85"/><U55/><E120/><V95/><F106/><W48/><G123/><T67/><D119/><U35/><E36/><V104/><F39/><W16/><G109/><T73/><D122/><U66/><E35/><V92/><F104/><W84/><G132/><T110/><D110/><U82/><E107/><V60/><F112/><W90/><G2/><T34/><D67/><U6/><E6/><V114/><F114/><W99/><G14/><T37/><D113/><U17/><E17/><V64/><F27/><W33/><G5/><T65/><D65/><U42/><E42/><V124/><F124/><W111/><G111/><T11/><D73/><U105/><E105/><V79/><F79/><W133/><G133/><T23/><D94/><U20/><E20/><V3/><F3/><W9/><G33/><T89/><D89/><U24/><E24/><V15/><F15/><N who="3" m="7279" /><G76/><T12/><D12/><U125/><E125/><V28/><F28/><N who="3" m="10795" /><G25/><T47/><REACH who="0" step="1"/><D34/><REACH who="0" ten="250,260,280,200" step="2"/><U96/><E72/><V40/><F95/><AGARI ba="1,1" hai="48,54,56,84,85,90,95,99" m="10795,7279" machi="95" ten="30,2000,0" yaku="8,1,54,1" doraHai="108" who="3" fromWho="2" sc="250,0,260,0,280,-23,200,33" /><INIT seed="2,0,0,3,0,108" ten="250,260,257,233" oya="2" hai0="17,6,35,107,81,129,122,114,74,96,101,116,69" hai1="77,76,120,24,106,30,95,110,9,60,44,115,52" hai2="134,34,14,58,8,16,83,54,68,47,19,125,113" hai3="7,62,66,78,128,109,22,98,123,117,4,132,31"/><V86/><F134/><W124/><G117/><T49/><D122/><U97/><E115/><V18/><F125/><W23/><G123/><T37/><D37/><U82/><E110/><V20/><F68/><W28/><G109/><T0/><D69/><U3/><E106/><V11/><F34/><W118/><G118/><T43/><D116/><U64/><E120/><V21/><F113/><W59/><G132/><T57/><D35/><U27/><E3/><V51/><F58/><W94/><G128/><T48/><D129/><U119/><E9/><N who="2" m="3659" /><F21/><N who="3" m="7691" /><G78/><AGARI ba="0,0" hai="14,16,18,19,20,47,51,54,78,83,86" m="3659" machi="78" ten="30,2900,0" yaku="8,1,54,1" doraHai="108" who="2" fromWho="3" sc="250,0,260,0,257,29,233,-29" /><INIT seed="2,1,0,5,4,23" ten="250,260,286,204" oya="2" hai0="74,43,32,6,16,24,1,42,123,84,80,81,37" hai1="26,54,11,129,27,112,110,44,100,48,60,4,124" hai2="12,77,31,19,13,71,79,2,92,75,97,134,18" hai3="47,58,121,67,118,114,33,59,68,65,45,109,107"/><V36/><F36/><W133/><G107/><T64/><D123/><U56/><E112/><V34/><F71/><W120/><G33/><T88/><D64/><N who="3" m="24649" /><G68/><T15/><D37/><U128/><E110/><V99/><F2/><W76/><G76/><T35/><D74/><U127/><E100/><V85/><F75/><W70/><G70/><T132/><D132/><U55/><E128/><V117/><F117/><W119/><G109/><T130/><D35/><U106/><E106/><V93/><F34/><W116/><G133/><T126/><D126/><N who="1" m="48171" /><E129/><V7/><F134/><W29/><G29/><N who="0" m="19495" /><D81/><U78/><E78/><V25/><F31/><W30/><G30/><T8/><D130/><U135/><E135/><V111/><F111/><W22/><G22/><AGARI ba="1,0" hai="1,6,8,15,16,22,42,43,80,84,88" m="19495" machi="22" ten="30,7700,0" yaku="24,1,52,1,54,2" doraHai="23" who="0" fromWho="3" sc="250,80,260,0,286,0,204,-80" /><INIT seed="3,0,0,4,2,127" ten="330,260,286,124" oya="3" hai0="48,44,67,135,45,66,56,79,88,61,68,99,1" hai1="103,89,49,90,25,98,113,50,8,6,72,101,29" hai2="107,32,38,63,36,3,115,104,97,62,124,92,57" hai3="100,18,24,31,54,117,51,95,80,40,59,69,81"/><W111/><G117/><T47/><D1/><U58/><E113/><V4/><F124/><W71/><G111/><T34/><D34/><U53/><E72/><V85/><F32/><W110/><G110/><T116/><D135/><U55/><E25/><V74/><F74/><W83/><G40/><T134/><D134/><U43/><E29/><V121/><F85/><W130/><G130/><T126/><D116/><U84/><E43/><V37/><F115/><W17/><G71/><T65/><D79/><U125/><E125/><V64/><F3/><W105/><G69/><T133/><D133/><U76/><E76/><V20/><F63/><W91/><G100/><T23/><D23/><U108/><E108/><V41/><F4/><W0/><G105/><T22/><D22/><U106/><E84/><V78/><F78/><W131/><G0/><T9/><D9/><U60/><E60/><V5/><F5/><W21/><REACH who="3" step="1"/><G131/><REACH who="3" ten="330,260,286,114" step="2"/><T102/><D68/><U82/><E103/><N who="2" m="60839" /><F104/><W75/><G75/><T30/><D102/><U94/><E106/><V70/><F70/><W33/><G33/><T28/><D126/><U114/><E114/><V11/><F41/><W122/><G122/><T19/><D65/><U42/><E42/><V10/><F107/><W13/><G13/><T109/><D66/><U2/><REACH who="1" step="1"/><E82/><REACH who="1" ten="330,250,286,114" step="2"/><V96/><F121/><W118/><G118/><T87/><D109/><U120/><E120/><V39/><F39/><W77/><G77/><T12/><D67/><U52/><E52/><V129/><F38/><W112/><G112/><T16/><D88/><U73/><E73/><RYUUKYOKU ba="0,2" sc="330,-15,250,15,286,-15,114,15" hai1="2,6,8,49,50,53,55,58,89,90,94,98,101" hai3="17,18,21,24,31,51,54,59,80,81,83,91,95" /><INIT seed="3,1,2,0,4,133" ten="315,265,271,129" oya="3" hai0="112,88,48,28,84,3,126,10,13,4,123,25,72" hai1="86,131,128,18,26,110,31,82,11,54,122,15,115" hai2="47,46,60,129,42,120,74,132,36,29,134,79,135" hai3="96,62,44,91,87,37,94,33,52,64,108,99,65"/><W100/><G108/><T121/><D126/><U92/><E115/><V9/><F129/><N who="1" m="49737" /><E122/><V22/><F120/><W41/><G33/><T97/><D72/><U56/><E92/><V23/><F47/><W101/><G52/><T55/><D97/><U105/><E105/><V21/><F60/><W83/><REACH who="3" step="1"/><G62/><REACH who="3" ten="315,265,271,119" step="2"/><T98/><D121/><U12/><E110/><V34/><F34/><W38/><G38/><T61/><D61/><U0/><E54/><V67/><F67/><W39/><G39/><T51/><D55/><U40/><E40/><V73/><F29/><W49/><G49/><T117/><D51/><U19/><E31/><V27/><F27/><W50/><G50/><T75/><D48/><U6/><E26/><V70/><F70/><W127/><G127/><T104/><D25/><U5/><E56/><V63/><F63/><W20/><G20/><T16/><D28/><U103/><E11/><V24/><F24/><W1/><G1/><T107/><D3/><U93/><E0/><V102/><F9/><W71/><G71/><T81/><D10/><N who="1" m="6423" /><E15/><V85/><F21/><W111/><G111/><T130/><D13/><U116/><E116/><V109/><F109/><W43/><G43/><T119/><D117/><U125/><E125/><V30/><F30/><W17/><G17/><T8/><D119/><U89/><E19/><V53/><F53/><W68/><G68/><T76/><D130/><U90/><E5/><V113/><F22/><W32/><G32/><T57/><D123/><U106/><E6/><V69/><F69/><W14/><G14/><T7/><D8/><RYUUKYOKU ba="1,3" sc="315,-10,265,-10,271,-10,119,30" hai3="37,41,44,64,65,83,87,91,94,96,99,100,101" /><INIT seed="3,2,3,2,5,71" ten="305,255,261,149" oya="3" hai0="75,95,11,86,32,89,50,56,13,23,100,120,92" hai1="1,39,63,65,72,134,98,80,127,104,25,38,45" hai2="81,76,84,116,42,101,34,78,64,113,133,67,60" hai3="9,14,74,131,85,132,35,77,52,110,41,126,121"/><W10/><G121/><T70/><D70/><N who="1" m="42303" /><E45/><V73/><F116/><W68/><G35/><T53/><D75/><U66/><E66/><V130/><F34/><W59/><G68/><T103/><D32/><U115/><E25/><V57/><F67/><W54/><G74/><T83/><D23/><U123/><E115/><V55/><F113/><W114/><G114/><T47/><D47/><U49/><E49/><V106/><F130/><W125/><G131/><T108/><D108/><U111/><E111/><V93/><F42/><W135/><G41/><T102/><D120/><U51/><E51/><V4/><F4/><AGARI ba="2,3" hai="4,11,13,50,53,56,83,86,89,92,95,100,102,103" machi="4" ten="40,1300,0" yaku="8,1" doraHai="71" who="0" fromWho="2" sc="305,49,255,0,261,-19,149,0" owari="354,45.4,255,5.5,242,-15.8,149,-35.1" /></mjloggm>