<mjloggm ver="2.3"><GO type="225" lobby="0"/><UN n0="%E6%A3%AE%E5%B1%B1%E7%94%B0%E7%9B%B4%E5%A4%AA%E6%9C%97%E4%B9%8B%E4%BB%8B" n1="%E3%81%82%E3%81%84%E3%81%82%E3%81%8A%E3%81%84" n2="%70%68%65%6E%6F%6D%65" n3="%E3%82%BC%E3%83%AB%E3%83%80%E3%81%AE%E4%BC%9D%E8%AA%AC" dan="16,18,16,17" rate="2198.68,2179.52,2190.97,2138.73" sx="M,M,M,M"/><TAIKYOKU oya="0"/><INIT seed="0,0,0,2,2,96" ten="250,250,250,250" oya="0" hai0="118,20,107,37,13,109,40,132,61,126,63,114,60" hai1="47,87,108,116,74,67,71,55,125,39,22,18,88" hai2="95,98,7,69,92,2,64,102,110,73,111,29,1" hai3="94,123,59,17,65,112,82,89,93,100,58,42,36"/><T78/><D118/><U117/><E74/><V130/><F73/><W121/><G112/><T57/><D107/><U44/><E108/><N who="2" m="41515" /><F130/><W30/><G30/><T99/><D109/><U97/><E125/><V119/><F119/><W85/><G17/><N who="0" m="10287" /><D114/><U26/><E97/><N who="2" m="59687" /><F29/><W51/><G36/><T52/><D126/><U72/><E72/><V105/><F105/><W23/><G23/><T54/><D132/><U131/><E131/><V46/><F7/><W33/><G33/><T81/><D37/><U104/><E104/><V83/><F83/><W27/><G27/><T9/><D40/><U77/><E77/><V70/><F46/><N who="3" m="26071" /><G100/><T113/><D113/><U14/><E116/><V35/><F35/><W11/><G11/><T41/><D41/><U24/><E117/><V3/><F64/><W8/><G8/><T62/><D9/><U10/><E10/><V25/><F25/><W53/><G65/><N who="0" m="39055" /><D99/><U43/><E67/><V38/><F38/><W86/><G53/><T28/><D28/><U6/><E6/><V120/><F120/><N who="3" m="46155" /><G93/><T122/><D122/><U127/><E127/><V129/><F129/><W84/><G84/><AGARI ba="0,0" hai="52,54,61,62,63,78,81,84" m="39055,10287" machi="84" ten="30,2900,0" yaku="8,1,54,1" doraHai="96" who="0" fromWho="3" sc="250,29,250,0,250,0,250,-29" /><INIT seed="0,1,0,1,1,26" ten="279,250,250,221" oya="0" hai0="83,129,87,81,104,6,114,42,64,108,27,74,102" hai1="19,95,123,130,37,135,50,16,63,80,119,120,105" hai2="11,33,85,39,82,28,75,0,60,111,51,84,78" hai3="49,97,107,17,46,15,55,133,8,61,21,122,72"/><T47/><D114/><U113/><E119/><V118/><F118/><W116/><G116/><T121/><D121/><U91/><E105/><V99/><F111/><W98/><G72/><T43/><D129/><U57/><E37/><V3/><F39/><W7/><G133/><T31/><D108/><U79/><E135/><V126/><F126/><W48/><G122/><T109/><D109/><U131/><E50/><V124/><F124/><W10/><G107/><T52/><D74/><U13/><E113/><V56/><F51/><W1/><G61/><T106/><D6/><U115/><E115/><V103/><F33/><W117/><G117/><T101/><D64/><U88/><E123/><V93/><F28/><W36/><G36/><T100/><D106/><U34/><E34/><V32/><F32/><W92/><G92/><T38/><D104/><U54/><E120/><V77/><F11/><W58/><REACH who="3" step="1"/><G10/><REACH who="3" ten="279,250,250,211" step="2"/><T4/><D38/><U110/><E110/><V127/><F127/><W14/><G14/><T2/><D2/><U62/><E62/><V134/><F134/><W30/><G30/><T67/><D83/><U9/><E95/><V35/><F75/><W41/><AGARI ba="1,1" hai="1,7,8,15,17,21,41,46,48,49,55,58,97,98" machi="41" ten="20,2700,0" yaku="1,1,0,1,7,1,53,0" doraHai="26" doraHaiUra="132" who="3" fromWho="3" sc="279,-14,250,-8,250,-8,211,40" /><INIT seed="1,0,0,4,1,16" ten="265,242,242,251" oya="1" hai0="29,33,66,125,44,32,0,57,119,107,82,123,106" hai1="68,64,15,5,95,1,55,117,104,10,7,58,135" hai2="85,72,69,77,115,14,24,132,12,46,80,59,18" hai3="73,43,42,130,25,13,53,105,76,37,93,120,65"/><U71/><E104/><N who="0" m="39977" /><D82/><U103/><E117/><V102/><F69/><W75/><G105/><T60/><D57/><U83/><E135/><V118/><F118/><W108/><G120/><T126/><D29/><U26/><E64/><V3/><F3/><W31/><G108/><T84/><D0/><U92/><E83/><V4/><F132/><W112/><G130/><T81/><D44/><U19/><E26/><V2/><F115/><W86/><G112/><T116/><D123/><U87/><E7/><V8/><F102/><W127/><G65/><T89/><D60/><U27/><E27/><V109/><F109/><W121/><G121/><T97/><D66/><U98/><E92/><V90/><F59/><W62/><G13/><T48/><D48/><U61/><REACH who="1" step="1"/><E87/><REACH who="1" ten="265,232,242,251" step="2"/><V36/><F24/><W134/><G93/><N who="0" m="56495" /><D32/><U34/><E34/><V70/><F70/><W113/><G134/><T99/><D99/><U30/><E30/><V39/><F18/><W67/><G31/><T52/><D33/><U74/><E74/><V9/><F72/><W111/><G73/><T21/><D84/><U100/><E100/><V78/><F2/><W56/><G86/><T114/><D81/><U129/><E129/><V41/><F36/><W45/><G25/><T38/><D114/><U96/><E96/><V63/><F78/><W133/><G133/><T50/><D38/><U47/><E47/><V128/><F128/><W35/><G35/><T110/><D110/><U88/><E88/><V101/><F101/><W124/><G111/><T20/><D119/><U91/><E91/><V131/><F90/><RYUUKYOKU ba="0,1" sc="265,-10,232,30,242,-10,251,-10" hai1="1,5,10,15,19,55,58,61,68,71,95,98,103" /><INIT seed="1,1,1,3,2,7" ten="255,262,232,241" oya="1" hai0="119,42,88,111,118,87,44,120,52,75,117,13,1" hai1="34,67,110,5,135,62,93,85,96,15,81,84,17" hai2="90,9,122,30,125,35,126,123,29,106,134,24,132" hai3="69,59,133,113,10,53,74,78,41,101,32,28,31"/><U72/><E34/><V36/><F36/><W128/><G113/><T19/><D75/><U47/><E135/><N who="2" m="51755" /><F106/><W99/><G133/><T79/><D79/><U12/><E110/><V70/><F70/><W49/><G69/><T108/><D1/><U43/><E72/><V38/><F90/><W6/><G128/><T105/><D105/><U97/><E5/><V55/><F55/><W51/><G32/><T11/><D120/><N who="2" m="46122" /><F38/><W16/><G78/><T86/><D86/><U107/><E107/><V39/><F39/><W2/><G74/><T124/><D124/><N who="2" m="47722" /><F29/><W45/><REACH who="3" step="1"/><G16/><REACH who="3" ten="255,262,232,231" step="2"/><N who="0" m="8255" /><D119/><U50/><E17/><V46/><F46/><W60/><G60/><T100/><D118/><U66/><E62/><V58/><F58/><W115/><G115/><T37/><D117/><U121/><E121/><V25/><F25/><W80/><G80/><N who="0" m="49255" /><D111/><U94/><E81/><V33/><F9/><W63/><G63/><T104/><D108/><U14/><E47/><V92/><F92/><AGARI ba="1,2" hai="2,6,10,28,31,41,45,49,51,53,59,92,99,101" machi="92" ten="30,3900,0" yaku="1,1,7,1,52,1,53,0" doraHai="7" doraHaiUra="102" who="3" fromWho="2" sc="255,0,262,0,232,-42,231,62" /><INIT seed="2,0,0,2,1,22" ten="255,262,190,293" oya="2" hai0="48,128,69,102,110,37,32,57,130,42,87,17,84" hai1="40,73,28,119,39,51,25,92,50,125,19,108,83" hai2="72,4,66,111,109,76,112,53,135,38,33,126,46" hai3="105,11,113,27,70,115,20,95,31,16,0,24,58"/><V60/><F112/><N who="3" m="43083" /><G70/><T131/><D32/><U10/><E119/><V55/><F33/><N who="3" m="20711" /><G105/><T82/><D69/><U62/><E62/><V116/><F4/><N who="3" m="1415" /><G95/><T99/><D110/><N who="2" m="41994" /><F116/><W71/><G71/><T56/><D37/><U117/><E92/><V90/><F126/><W94/><G94/><T122/><D122/><U81/><E39/><V104/><F104/><W7/><G58/><T107/><D87/><U12/><E73/><V134/><F90/><W93/><G93/><T132/><D42/><U67/><E40/><N who="2" m="22807" /><F76/><W21/><G21/><T91/><D48/><U44/><E51/><V54/><F72/><W59/><G59/><AGARI ba="0,0" hai="53,54,55,59,60,66,134,135" m="22807,41994" machi="59" ten="30,11600,0" yaku="14,1,10,1,34,2" doraHai="22" who="2" fromWho="3" sc="255,0,262,0,190,116,293,-116" /><INIT seed="2,1,0,4,3,81" ten="255,262,306,177" oya="2" hai0="79,119,13,7,117,78,108,43,0,99,116,48,111" hai1="97,123,115,32,39,87,55,102,125,26,84,135,58" hai2="8,96,53,9,47,91,90,88,62,112,25,37,49" hai3="73,113,20,105,36,23,56,77,72,60,132,45,94"/><V86/><F112/><W61/><G105/><T5/><D99/><U127/><E39/><V130/><F130/><W14/><G113/><T4/><D0/><U131/><E115/><V3/><F37/><W134/><G94/><T92/><D92/><N who="1" m="58663" /><E131/><V122/><F122/><W89/><G89/><N who="2" m="34409" /><F3/><W76/><G36/><T124/><D13/><U27/><E135/><V21/><F62/><W104/><G14/><T22/><D22/><U12/><E12/><V93/><F96/><W15/><G15/><T106/><D106/><U80/><E80/><V103/><F103/><W133/><G45/><N who="0" m="25663" /><D124/><N who="1" m="47691" /><E123/><V57/><F47/><W6/><G104/><T71/><D71/><U65/><E65/><V126/><F126/><W1/><G1/><T2/><D2/><U11/><E11/><V28/><AGARI ba="1,0" hai="8,9,21,25,28,49,53,57,86,91,93" m="34409" machi="28" ten="30,6000,0" yaku="8,1,52,1,54,1" doraHai="81" who="2" fromWho="2" sc="255,-21,262,-21,306,63,177,-21" /><INIT seed="2,2,0,3,3,105" ten="234,241,369,156" oya="2" hai0="98,82,81,65,62,118,125,51,44,85,27,87,59" hai1="1,43,128,30,130,121,49,134,33,0,64,19,122" hai2="18,61,126,77,63,42,29,133,83,38,135,25,5" hai3="32,120,36,28,104,71,52,55,72,66,132,39,48"/><V10/><F126/><W68/><G104/><T4/><D118/><U96/><E64/><V106/><F106/><W24/><G120/><N who="1" m="46186" /><E96/><V67/><F18/><W23/><G132/><N who="2" m="50761" /><F42/><W12/><G72/><T116/><D116/><U79/><E79/><V3/><F38/><W95/><G95/><T78/><D125/><U46/><E134/><V22/><F67/><W131/><G131/><N who="1" m="50218" /><E19/><V34/><F61/><W50/><G50/><T88/><D4/><U7/><E7/><V31/><F63/><W112/><G112/><T21/><D98/><U73/><E73/><V75/><F29/><W69/><G66/><T92/><D81/><U111/><E111/><V102/><F102/><W2/><G2/><N who="1" m="1130" /><E30/><V6/><F5/><W13/><G55/><T114/><D114/><U17/><E17/><V15/><F3/><W45/><REACH who="3" step="1"/><G23/><AGARI ba="2,0" hai="6,10,15,22,23,25,31,34,75,77,83" m="50761" machi="23" ten="30,2900,0" yaku="20,1,52,1" doraHai="105" who="2" fromWho="3" sc="234,0,241,0,369,35,156,-35" /><INIT seed="2,3,0,1,0,119" ten="234,241,404,121" oya="2" hai0="66,70,71,86,85,124,10,3,57,55,60,114,107" hai1="103,118,62,12,90,108,88,113,109,68,58,11,13" hai2="77,132,78,79,98,97,102,127,89,135,37,54,134" hai3="40,91,0,8,46,125,26,48,43,96,117,35,93"/><V67/><F37/><W21/><G125/><T110/><D124/><U80/><E113/><V82/><F67/><W95/><G117/><T7/><D114/><U27/><E118/><V111/><F54/><W100/><G35/><T128/><D128/><U87/><E68/><V126/><F111/><N who="1" m="42569" /><E103/><V23/><F23/><W53/><G8/><T31/><D110/><U75/><E75/><V50/><F50/><W101/><G0/><T61/><D107/><U33/><E90/><V116/><F116/><W45/><G45/><T72/><D72/><U129/><E129/><V81/><F97/><W17/><REACH who="3" step="1"/><G101/><REACH who="3" ten="234,241,404,111" step="2"/><T15/><D3/><U51/><E11/><V133/><F132/><W38/><G38/><T24/><D71/><U69/><E69/><V84/><F127/><W122/><G122/><T28/><D28/><N who="1" m="19615" /><E51/><V83/><F126/><W130/><G130/><T30/><REACH who="0" step="1"/><D30/><REACH who="0" ten="224,241,404,111" step="2"/><U121/><E121/><V94/><AGARI ba="3,2" hai="77,78,79,81,82,83,84,89,94,98,102,133,134,135" machi="94" ten="40,12000,1" yaku="0,1,20,1,34,3" doraHai="119" who="2" fromWho="2" sc="224,-43,241,-43,404,149,111,-43" /><INIT seed="2,4,0,2,0,113" ten="181,198,553,68" oya="2" hai0="18,109,30,68,127,54,83,122,26,128,45,41,86" hai1="14,87,25,32,8,7,115,131,134,55,108,71,82" hai2="94,90,27,70,5,117,116,2,38,114,64,106,13" hai3="16,15,51,66,78,46,57,22,79,107,9,52,3"/><V53/><F38/><W56/><G107/><T48/><D122/><U76/><E71/><V104/><F2/><W120/><G120/><T0/><D109/><U81/><E115/><V96/><F64/><W93/><G3/><T44/><D128/><U63/><E108/><V23/><F70/><W47/><G93/><T133/><D0/><U34/><E131/><V112/><F114/><W89/><G89/><T111/><D68/><U59/><E134/><V85/><F112/><W12/><G57/><T69/><D133/><U97/><E97/><V1/><F1/><W29/><G29/><T126/><D69/><U35/><REACH who="1" step="1"/><E82/><REACH who="1" ten="181,188,553,68" step="2"/><V36/><F96/><W73/><G73/><T50/><D111/><U4/><E4/><V49/><F5/><N who="3" m="3119" /><G66/><T118/><D118/><U42/><E42/><V135/><F116/><W101/><G101/><T6/><D6/><U67/><E67/><V129/><F135/><W20/><G20/><T65/><D65/><U123/><E123/><V75/><F23/><W17/><G17/><T88/><REACH who="0" step="1"/><D18/><REACH who="0" ten="171,188,553,68" step="2"/><U40/><E40/><V92/><F117/><W77/><AGARI ba="4,2" hai="15,16,22,46,47,51,52,56,77,78,79" m="3119" machi="77" ten="30,4000,0" yaku="8,1,54,2" doraHai="113" who="3" fromWho="3" sc="171,-14,188,-14,553,-24,68,72" /><INIT seed="3,0,0,4,1,11" ten="157,174,529,140" oya="3" hai0="79,48,50,31,35,67,80,126,109,45,111,21,81" hai1="19,65,12,116,107,20,128,87,119,22,66,125,17" hai2="133,98,55,15,24,32,92,30,102,9,93,118,76" hai3="97,27,43,56,18,62,106,73,70,40,94,61,54"/><W36/><G73/><T121/><D121/><U114/><E114/><V28/><F118/><N who="1" m="45097" /><E107/><V115/><F115/><W131/><G131/><T117/><D117/><U108/><E108/><N who="0" m="41545" /><D126/><U13/><E125/><V2/><F30/><W132/><G132/><T39/><D35/><U59/><E128/><V90/><F76/><W101/><G36/><T74/><D67/><N who="1" m="25611" /><E87/><V52/><F2/><W42/><G70/><T47/><D81/><U103/><E59/><V78/><F78/><W64/><G106/><T135/><D135/><U127/><E127/><V16/><F133/><W57/><REACH who="3" step="1"/><G42/><REACH who="3" ten="157,174,529,130" step="2"/><N who="0" m="22751" /><D47/><U0/><E0/><V7/><F7/><W91/><G91/><T89/><D89/><U58/><E58/><V112/><F112/><W8/><G8/><T134/><D134/><U124/><E124/><V10/><F9/><W49/><G49/><T72/><D72/><U123/><E123/><V1/><F1/><W46/><G46/><T29/><D21/><AGARI ba="0,1" hai="18,21,27,40,43,54,56,57,61,62,64,94,97,101" machi="21" ten="40,3900,0" yaku="1,1,8,1,53,0" doraHai="11" doraHaiUra="41" who="3" fromWho="0" sc="157,-39,174,0,529,0,130,49" /><INIT seed="3,1,0,2,5,62" ten="118,174,529,179" oya="3" hai0="72,112,97,100,106,1,50,101,73,125,10,22,56" hai1="94,82,4,103,107,99,17,65,66,119,87,131,122" hai2="12,105,128,98,19,6,58,31,11,90,76,49,93" hai3="63,41,44,126,53,34,127,77,59,14,45,117,38"/><W69/><G34/><T32/><D32/><U121/><E131/><V104/><F128/><W33/><G33/><T42/><D125/><N who="3" m="47625" /><G77/><T8/><D112/><U39/><E39/><V75/><F31/><W7/><G7/><T20/><D42/><U123/><E4/><V89/><F75/><W118/><G14/><T114/><D114/><U81/><E119/><N who="3" m="45578" /><G45/><T78/><D78/><U79/><E82/><V95/><F76/><W52/><G69/><T3/><D56/><U109/><E109/><V43/><F6/><W111/><G111/><T5/><D50/><U113/><E113/><V91/><F58/><W86/><G86/><T115/><D115/><U80/><E80/><V47/><F91/><W96/><G96/><AGARI ba="1,0" hai="11,12,19,43,47,49,89,90,93,95,96,98,104,105" machi="96" ten="30,2000,0" yaku="7,1,9,1" doraHai="62" who="2" fromWho="3" sc="118,0,174,0,529,23,179,-23" owari="118,-38.2,174,-2.6,552,65.2,156,-24.4" /></mjloggm>