<mjloggm ver="2.3"><GO type="225" lobby="0"/><UN n0="%33%74%72%65%65" n1="%E3%83%B4%E3%83%A0%EF%BC%99%E3%81%A6" n2="%E3%82%B3%E3%83%90%E3%83%AC%E3%82%A4" n3="%E3%81%8B%E3%82%8F%E3%81%A1%E3%82%83%E3%82%93%35%38" dan="16,17,16,16" rate="2107.83,2136.13,2157.82,2141.82" sx="F,M,M,M"/><TAIKYOKU oya="0"/><INIT seed="0,0,0,5,5,14" ten="250,250,250,250" oya="0" hai0="124,10,109,1,9,113,5,97,120,130,22,71,8" hai1="134,84,96,61,30,87,105,25,123,3,88,19,51" hai2="86,112,131,59,66,100,20,132,121,24,37,91,76" hai3="28,15,46,90,35,78,4,98,125,64,85,103,53"/><T93/><D113/><U101/><E123/><V21/><F37/><W73/><G125/><T34/><D120/><U82/><E3/><V11/><F112/><W72/><G64/><T52/><D124/><U57/><E134/><V43/><F132/><W40/><G53/><T26/><D130/><U133/><E133/><V114/><F43/><W115/><G78/><T33/><D71/><U67/><E51/><V122/><F131/><W12/><G115/><T111/><D52/><U104/><E84/><V49/><F114/><W41/><G41/><T18/><D93/><U102/><E19/><V75/><F66/><W60/><G60/><T119/><D97/><U92/><REACH who="1" step="1"/><E101/><REACH who="1" ten="250,240,250,250" step="2"/><V56/><F100/><W127/><G127/><T27/><D119/><U117/><E117/><V45/><F122/><W2/><G2/><T13/><D1/><U47/><E47/><V39/><F45/><W118/><G118/><T65/><D5/><U6/><E6/><V94/><F75/><N who="3" m="28747" /><G4/><T42/><D42/><U48/><E48/><V62/><F49/><W107/><G85/><T135/><D135/><U54/><E54/><V128/><F86/><W29/><G90/><T89/><D89/><U77/><E77/><V129/><F91/><W23/><G46/><T32/><D65/><U74/><E74/><V79/><F129/><W116/><G40/><T38/><D38/><U126/><E126/><V80/><F39/><W106/><G116/><T0/><D0/><U31/><E31/><V44/><F128/><W95/><G103/><T16/><D18/><U50/><E50/><V69/><F121/><RYUUKYOKU ba="0,1" sc="250,15,240,15,250,-15,250,-15" hai0="8,9,10,13,16,22,26,27,32,33,34,109,111" hai1="25,30,57,61,67,82,87,88,92,96,102,104,105" /><INIT seed="0,1,1,2,1,34" ten="265,255,235,235" oya="0" hai0="55,101,25,133,37,21,28,74,121,71,111,58,124" hai1="1,84,79,94,108,3,89,18,36,12,134,16,72" hai2="24,14,73,38,46,42,115,126,77,83,15,17,48" hai3="127,95,6,7,5,88,104,35,49,62,98,47,78"/><T110/><D121/><U45/><E108/><N who="0" m="41513" /><D133/><U56/><E134/><V117/><F115/><W102/><G127/><T40/><D124/><U57/><E18/><V69/><F126/><W13/><G35/><T54/><D71/><U19/><E19/><V26/><F69/><W29/><G78/><T131/><D131/><U31/><E31/><V90/><F15/><W8/><G29/><T105/><D74/><U43/><E79/><V41/><F117/><W39/><G39/><T92/><D105/><U53/><E72/><V100/><F100/><W132/><G62/><T118/><D118/><U106/><E106/><V116/><F116/><W81/><G132/><T125/><D125/><U87/><E87/><V52/><F90/><W99/><REACH who="3" step="1"/><G81/><REACH who="3" ten="265,255,235,225" step="2"/><T63/><D37/><U0/><REACH who="1" step="1"/><E53/><AGARI ba="1,2" hai="5,6,7,8,13,47,49,53,88,95,98,99,102,104" machi="53" ten="30,8000,1" yaku="1,1,2,1,7,1,54,1,53,1" doraHai="34" doraHaiUra="50" who="3" fromWho="1" sc="265,0,255,-83,235,0,225,103" /><INIT seed="1,0,0,5,5,83" ten="265,172,235,328" oya="1" hai0="34,63,59,8,92,133,17,38,125,89,12,119,72" hai1="114,118,50,96,20,105,33,64,48,7,41,126,23" hai2="52,43,87,13,78,47,58,95,127,131,80,91,65" hai3="19,124,115,113,37,106,22,111,99,71,62,93,117"/><U128/><E114/><V26/><F131/><W79/><G106/><T60/><D119/><U25/><E118/><V94/><F127/><W68/><G37/><T29/><D125/><U101/><E126/><V24/><F65/><W74/><G124/><T112/><D112/><U5/><E128/><V6/><F95/><W3/><G3/><T134/><D72/><U21/><E64/><V14/><F13/><W84/><G74/><T130/><D130/><U135/><E135/><N who="0" m="51721" /><D38/><U103/><E103/><V104/><F104/><W51/><G51/><T75/><D75/><U27/><E48/><N who="2" m="26751" /><F91/><W2/><G93/><T129/><D129/><U36/><E36/><V85/><F94/><W88/><G117/><T11/><D11/><U109/><E109/><V0/><F0/><W82/><G2/><T49/><D29/><U42/><E42/><V39/><F87/><W116/><G116/><T69/><D34/><U73/><E73/><V67/><F67/><N who="3" m="41079" /><G71/><T54/><D69/><U9/><E33/><V32/><F32/><W123/><G111/><T40/><D40/><U107/><E107/><V86/><F85/><AGARI ba="0,0" hai="8,12,17,49,54,59,60,63,85,89,92" m="51721" machi="85" ten="30,2000,0" yaku="20,1,52,1" doraHai="83" who="0" fromWho="2" sc="265,20,172,0,235,-20,328,0" /><INIT seed="2,0,0,1,4,40" ten="285,172,215,328" oya="2" hai0="130,66,109,111,42,127,59,41,135,80,98,85,116" hai1="83,46,16,18,53,56,44,134,119,132,107,31,36" hai2="62,54,34,108,72,69,123,39,71,78,122,19,97" hai3="65,101,49,115,57,3,23,100,77,63,67,129,133"/><V114/><F114/><W74/><G3/><T88/><D135/><N who="1" m="51755" /><E119/><V38/><F34/><W21/><G77/><T93/><D116/><U55/><E107/><V94/><F78/><W73/><G49/><T35/><D35/><U52/><E31/><V37/><F72/><W60/><G57/><T61/><D130/><U51/><E83/><V30/><F30/><W6/><G133/><T79/><REACH who="0" step="1"/><D127/><REACH who="0" ten="275,172,215,328" step="2"/><U126/><E126/><V87/><F123/><W128/><G6/><T1/><D1/><U113/><E113/><AGARI ba="0,1" hai="21,23,60,63,65,67,73,74,100,101,113,115,128,129" machi="113" ten="25,1600,0" yaku="22,2" doraHai="40" who="3" fromWho="1" sc="275,0,172,-16,215,0,328,26" /><INIT seed="3,0,0,5,5,12" ten="275,156,215,354" oya="3" hai0="127,111,96,118,38,123,86,35,134,76,47,107,7" hai1="58,84,117,1,113,51,54,130,57,121,97,124,26" hai2="115,3,52,101,106,33,114,44,75,46,112,128,78" hai3="2,11,64,63,99,104,72,122,85,59,88,50,65"/><W131/><G72/><T98/><D47/><U15/><E121/><V17/><F3/><W31/><G31/><T77/><D7/><U120/><E120/><V40/><F33/><W21/><G21/><T27/><D27/><U132/><E113/><V125/><F128/><W32/><G32/><T30/><D30/><U109/><E1/><V92/><F106/><W94/><G131/><T25/><D25/><U70/><E130/><V110/><F110/><W103/><G122/><T13/><D13/><U100/><E70/><V6/><F6/><W89/><G50/><T95/><D38/><U36/><E36/><V49/><F75/><W5/><G89/><N who="0" m="53687" /><D35/><U39/><E39/><V20/><F78/><N who="0" m="30314" /><D123/><U37/><E37/><V66/><F66/><AGARI ba="0,0" hai="2,5,11,59,63,64,65,66,85,88,94,99,103,104" machi="66" ten="30,2900,0" yaku="7,1,54,1" doraHai="12" who="3" fromWho="2" sc="275,0,156,0,215,-29,354,29" owari="275,7.5,156,-34.4,186,-21.4,383,48.3" /></mjloggm>