<mjloggm ver="2.3"><GO type="225" lobby="0"/><UN n0="%E9%B3%B3%E6%9D%B1%E3%81%AE%E3%81%BF%E3%81%91%E3%81%AB%E3%82%83%E3%82%93" n1="%5C%28%E2%89%A7%E2%96%BD%E2%89%A6%29%2F" n2="%E6%81%A5%E6%99%92%E3%81%97" n3="%E3%81%BE%E3%81%A8%E3%81%9F" dan="16,16,16,16" rate="2146.15,2059.92,2123.51,2106.85" sx="F,M,M,M"/><TAIKYOKU oya="0"/><INIT seed="0,0,0,3,5,7" ten="250,250,250,250" oya="0" hai0="118,122,58,39,81,127,13,2,100,86,44,25,129" hai1="102,0,27,135,98,79,33,21,23,130,115,109,106" hai2="111,78,96,60,68,12,49,24,28,70,134,20,128" hai3="95,123,120,107,103,92,67,5,1,6,82,89,47"/><T94/><D118/><U59/><E109/><V132/><F111/><W84/><G67/><T51/><D122/><N who="3" m="46633" /><G47/><T69/><D2/><U35/><E135/><N who="2" m="51755" /><F128/><W26/><G26/><T8/><D69/><U131/><E0/><V56/><F78/><N who="3" m="46167" /><G1/><T19/><D129/><N who="1" m="49163" /><E115/><V93/><F49/><W88/><G6/><T85/><D127/><U55/><E79/><V42/><F42/><W117/><G5/><T87/><D39/><U110/><E110/><V16/><F56/><W53/><G53/><T73/><D58/><U114/><E114/><V40/><F60/><W101/><G117/><T57/><D57/><U41/><E41/><V14/><F40/><W15/><G15/><N who="2" m="5673" /><F28/><W9/><G9/><T133/><D133/><U38/><E38/><V62/><F62/><W10/><G10/><T90/><D25/><U50/><E27/><V104/><F104/><W31/><G31/><T116/><D116/><U65/><E65/><V108/><F108/><W97/><G107/><T37/><D37/><U113/><E113/><V45/><F45/><W80/><G80/><T76/><REACH who="0" step="1"/><D100/><AGARI ba="0,0" hai="16,20,24,68,70,93,96,100" m="5673,51755" machi="100" ten="30,2000,0" yaku="20,1,54,1" doraHai="7" who="2" fromWho="0" sc="250,-20,250,0,250,20,250,0" /><INIT seed="1,0,0,3,1,121" ten="230,250,270,250" oya="1" hai0="42,34,122,120,85,65,124,5,128,84,57,105,55" hai1="129,67,64,130,26,28,19,53,112,69,96,48,40" hai2="81,25,13,14,58,117,44,107,31,38,7,3,97" hai3="18,125,76,99,1,83,33,21,45,95,133,74,68"/><U54/><E112/><V102/><F117/><W73/><G68/><T127/><D34/><U24/><E40/><V116/><F116/><W23/><G33/><T46/><D105/><U0/><E0/><V61/><F81/><W63/><G1/><T92/><D5/><U9/><E69/><V93/><F107/><W71/><G125/><N who="0" m="48203" /><D65/><N who="1" m="25163" /><E96/><V131/><F131/><N who="1" m="50185" /><E48/><V87/><F87/><N who="0" m="33354" /><D92/><U135/><E135/><V115/><F115/><W37/><G74/><T90/><D90/><U75/><E75/><V17/><F3/><W12/><G133/><T106/><D106/><U109/><E109/><V78/><F7/><W86/><G73/><T70/><D70/><U98/><E98/><V126/><F126/><W72/><G72/><T59/><D128/><U66/><N who="1" m="25171" /><U50/><DORA hai="108" /><E50/><V10/><F97/><W49/><G49/><N who="0" m="30959" /><D59/><U11/><E19/><V88/><F17/><W134/><G18/><T123/><D123/><U60/><E60/><V32/><F61/><W15/><G63/><T113/><D113/><U101/><E101/><V39/><F102/><N who="3" m="60799" /><G71/><T22/><D120/><U132/><E132/><V36/><F58/><W77/><G134/><T82/><D122/><U52/><E26/><V47/><F25/><W104/><G76/><T62/><D62/><U20/><AGARI ba="0,0" hai="9,11,20,24,28,52,53,54" m="50185,25171" machi="20" ten="40,3900,0" yaku="19,1,54,1" doraHai="121,108" who="1" fromWho="1" sc="230,-13,250,39,270,-13,250,-13" /><INIT seed="1,1,0,3,0,23" ten="217,289,257,237" oya="1" hai0="50,25,29,42,74,133,22,53,66,115,72,104,18" hai1="118,15,105,132,76,33,114,19,11,10,81,95,67" hai2="40,35,2,46,111,122,7,62,58,90,59,30,54" hai3="12,128,4,116,8,69,26,70,20,123,13,89,77"/><U106/><E118/><V1/><F122/><W98/><G123/><T80/><D115/><U100/><E114/><V91/><F111/><W61/><G128/><T37/><D104/><U127/><E127/><V86/><F7/><W9/><G116/><T131/><D131/><U38/><E38/><V79/><F79/><W121/><G121/><T97/><D133/><U55/><E132/><V83/><F91/><W93/><G77/><T101/><D66/><U3/><E67/><V28/><F59/><W49/><G49/><T65/><D65/><U24/><E55/><V63/><F63/><W126/><G61/><T64/><D64/><U129/><E129/><V47/><F47/><W16/><G126/><T134/><D80/><U57/><E57/><V36/><REACH who="2" step="1"/><F30/><AGARI ba="1,0" hai="4,8,9,12,13,16,20,26,30,69,70,89,93,98" machi="30" ten="30,3900,0" yaku="7,1,52,1,54,1" doraHai="23" who="3" fromWho="2" sc="217,0,289,0,257,-42,237,42" /><INIT seed="2,0,0,3,1,17" ten="217,289,215,279" oya="2" hai0="96,1,65,34,20,73,70,33,120,115,74,130,61" hai1="8,71,82,126,88,93,108,21,38,132,133,56,63" hai2="103,77,81,23,48,51,42,58,50,32,67,40,87" hai3="10,72,116,14,111,105,131,101,13,125,18,55,47"/><V5/><F32/><W68/><G116/><T122/><D115/><U66/><E108/><V52/><F5/><W64/><G72/><T104/><D130/><U78/><E38/><V35/><F35/><W119/><G119/><T94/><D1/><U0/><E126/><V124/><F124/><W129/><G125/><T85/><D85/><N who="1" m="52367" /><E21/><V113/><F67/><W24/><G111/><T25/><D104/><U6/><E82/><V106/><F113/><W60/><G24/><T76/><D34/><U44/><E44/><V80/><F80/><W99/><G55/><T28/><D33/><U53/><E78/><V114/><F114/><W2/><G47/><T135/><D135/><N who="1" m="51787" /><E53/><V37/><F37/><W90/><G2/><T36/><D36/><U112/><E112/><V79/><F79/><W11/><REACH who="3" step="1"/><G90/><REACH who="3" ten="217,289,215,269" step="2"/><T89/><REACH who="0" step="1"/><D76/><REACH who="0" ten="207,289,215,269" step="2"/><U22/><E0/><V109/><F109/><W118/><G118/><T86/><D86/><U134/><E134/><V4/><F87/><W97/><G97/><T92/><D92/><U29/><E66/><V62/><F77/><W100/><G100/><T69/><D69/><U46/><E71/><V9/><F103/><W31/><G31/><T110/><D110/><U12/><E29/><V128/><F106/><W54/><G54/><T102/><D102/><U45/><E46/><V59/><F52/><W30/><G30/><T117/><D117/><U7/><E45/><V107/><F107/><W123/><G123/><AGARI ba="0,2" hai="20,25,28,61,65,70,73,74,89,94,96,120,122,123" machi="123" ten="40,2600,0" yaku="1,1,52,1,53,0" doraHai="17" doraHaiUra="15" who="0" fromWho="3" sc="207,46,289,0,215,0,269,-26" /><INIT seed="3,0,0,2,0,107" ten="253,289,215,243" oya="3" hai0="35,74,42,124,105,118,90,95,22,14,93,77,116" hai1="84,69,20,122,132,49,52,100,104,24,87,101,39" hai2="70,113,48,43,131,21,134,108,106,68,34,133,37" hai3="102,82,23,11,112,60,63,126,45,115,96,72,9"/><W85/><G126/><T12/><D35/><U91/><E69/><N who="2" m="26731" /><F106/><W56/><G60/><T51/><D105/><U125/><E39/><V109/><F34/><W110/><G110/><N who="2" m="42601" /><F21/><W98/><G98/><T32/><D32/><U67/><E122/><V40/><F113/><W94/><G11/><T123/><D123/><U59/><E104/><V10/><F10/><W58/><G58/><T15/><D124/><U119/><E132/><N who="2" m="50795" /><F37/><W7/><G23/><T0/><D22/><U36/><E36/><V130/><F48/><W13/><G45/><T111/><D51/><U16/><E125/><V117/><F117/><W71/><G71/><T27/><D118/><U75/><E119/><V19/><F19/><W44/><G44/><T92/><D116/><U30/><E16/><V55/><F55/><W50/><G50/><T54/><D54/><U64/><E52/><V4/><F4/><W83/><G83/><T41/><D111/><U53/><E49/><V76/><F76/><W129/><G85/><T1/><D77/><U28/><E87/><V114/><F114/><N who="3" m="43563" /><G82/><T17/><D17/><U2/><E84/><V62/><F62/><W135/><G135/><T121/><D121/><U80/><E80/><V79/><F79/><W99/><G99/><T89/><D27/><U5/><E24/><V97/><F97/><W46/><G46/><T78/><D78/><U26/><E26/><V61/><F61/><W57/><G63/><T47/><D47/><U103/><E53/><V18/><F18/><W120/><G120/><T31/><D93/><U88/><E20/><V29/><F29/><RYUUKYOKU ba="0,0" sc="253,-10,289,-10,215,30,243,-10" hai2="40,43,130,131" /><INIT seed="4,1,0,0,4,87" ten="243,279,245,233" oya="0" hai0="94,116,81,90,21,92,125,36,114,27,6,66,78" hai1="50,98,134,111,121,73,5,14,22,26,0,55,28" hai2="107,59,80,34,17,103,86,67,108,51,19,83,64" hai3="42,63,25,45,102,20,4,54,76,119,123,132,57"/><T72/><D116/><U115/><E111/><V10/><F108/><W32/><G119/><T47/><D114/><U100/><E73/><V65/><F34/><W39/><G32/><T95/><D125/><U68/><E68/><V122/><F122/><W43/><G132/><T24/><D66/><U69/><E69/><V71/><F71/><W91/><G123/><T70/><D70/><U8/><E121/><V7/><F103/><W112/><G112/><T110/><D110/><U74/><E74/><V85/><F107/><W130/><G130/><T49/><D36/><U38/><E38/><V48/><F7/><W41/><G102/><T99/><D6/><U127/><E134/><V79/><F10/><W46/><G76/><T52/><D24/><U2/><E115/><V75/><F75/><W12/><G91/><T9/><D9/><U128/><E127/><V117/><F59/><W97/><G97/><T118/><D118/><U84/><E84/><V129/><F129/><W58/><G58/><T35/><D35/><U62/><E62/><V11/><F11/><N who="3" m="4199" /><G39/><T16/><AGARI ba="1,0" hai="16,21,27,47,49,52,72,78,81,90,92,94,95,99" machi="16" ten="20,12000,1" yaku="0,1,7,1,52,1,54,2" doraHai="87" who="0" fromWho="0" sc="243,123,279,-41,245,-41,233,-41" owari="366,46.6,238,3.8,204,-19.6,192,-30.8" /></mjloggm>