<mjloggm ver="2.3"><GO type="225" lobby="0"/><UN n0="%E3%81%BF%E3%81%BF%E3%81%9A" n1="%E9%A6%AC%E5%BC%95%E7%81%AB%33" n2="%E3%83%96%E3%83%83%E3%83%91%E3%82%AA%E3%83%96%E3%83%81%E3%82%AD%E3%83%B3" n3="%E6%A1%9C%E8%8A%B1%E9%96%83%E3%80%85" dan="17,16,16,16" rate="2191.30,2146.62,2196.87,2190.34" sx="M,M,M,M"/><TAIKYOKU oya="0"/><INIT seed="0,0,0,2,1,89" ten="250,250,250,250" oya="0" hai0="10,127,39,43,68,61,95,106,14,103,101,69,128" hai1="121,82,75,129,22,2,0,38,85,49,123,96,13" hai2="4,24,79,80,17,131,97,102,40,116,104,23,62" hai3="113,124,46,83,99,7,76,20,84,55,37,57,90"/><T109/><D127/><U9/><E38/><V42/><F131/><W29/><G113/><T44/><D128/><U53/><E75/><V16/><F116/><W111/><G124/><T133/><D133/><U31/><E129/><V27/><F4/><W92/><G111/><T94/><D109/><U70/><E70/><V36/><F36/><W125/><G125/><T19/><D106/><U114/><E114/><V30/><F62/><W34/><G34/><T130/><D130/><U93/><E31/><V18/><REACH who="2" step="1"/><F27/><REACH who="2" ten="250,250,240,250" step="2"/><N who="3" m="16615" /><G37/><T21/><D61/><U73/><E123/><V77/><F77/><W12/><G46/><T67/><D67/><U65/><E65/><V54/><F54/><W78/><G7/><T28/><D69/><U35/><E53/><V3/><F3/><W8/><G12/><T118/><D68/><U91/><E2/><V74/><AGARI ba="0,1" hai="16,17,18,23,24,30,40,42,74,79,80,97,102,104" machi="74" ten="30,4000,0" yaku="1,1,0,1,54,1,53,0" doraHai="89" doraHaiUra="81" who="2" fromWho="2" sc="250,-20,250,-10,240,50,250,-10" /><INIT seed="1,0,0,4,5,20" ten="230,240,290,240" oya="1" hai0="41,7,86,25,126,94,16,4,113,13,53,124,99" hai1="135,35,68,112,37,117,125,43,38,17,128,26,96" hai2="101,3,14,129,56,49,134,45,88,33,104,27,39" hai3="31,34,89,47,46,64,115,51,29,60,87,18,10"/><U98/><E112/><V0/><F129/><W105/><G105/><T58/><D113/><U109/><E117/><V78/><F78/><W61/><G115/><T82/><D41/><U102/><E68/><V30/><F134/><W66/><G18/><T48/><D124/><U50/><E128/><V71/><F71/><W93/><G10/><T131/><D131/><U79/><E135/><V69/><F69/><W74/><G74/><T59/><D126/><U1/><E1/><V70/><F70/><W65/><G46/><T40/><D40/><U111/><E125/><V130/><F130/><W54/><REACH who="3" step="1"/><G34/><REACH who="3" ten="230,240,290,230" step="2"/><T123/><D123/><U81/><E35/><V73/><F45/><W6/><G6/><T103/><D59/><U97/><E102/><V127/><F73/><W5/><G5/><T122/><D122/><U12/><E37/><V84/><F101/><W83/><G83/><T121/><D121/><U72/><E38/><V92/><F39/><W15/><G15/><T2/><D2/><U95/><E95/><V76/><F104/><W24/><G24/><T36/><D25/><U8/><E26/><V108/><F14/><W67/><N who="3" m="16384" /><DORA hai="44" /><W110/><G110/><N who="1" m="41994" /><E43/><V22/><F108/><W90/><G90/><N who="0" m="51543" /><D36/><U85/><E72/><V120/><F127/><W62/><AGARI ba="0,1" hai="29,31,47,51,54,60,61,62,87,89,93" m="16384" machi="62" ten="50,8000,1" yaku="1,1,0,1,8,1,52,1,53,0" doraHai="20,44" doraHaiUra="100,52" who="3" fromWho="3" sc="230,-20,240,-40,290,-20,230,90" /><INIT seed="2,0,0,0,1,129" ten="210,200,270,320" oya="2" hai0="25,26,66,44,68,14,127,20,69,65,17,76,13" hai1="130,88,90,92,83,64,36,40,125,52,93,57,121" hai2="80,132,50,54,11,67,110,16,8,53,32,94,31" hai3="95,3,5,85,111,21,58,33,109,41,134,79,98"/><V34/><F110/><W0/><G134/><T10/><D127/><U133/><E133/><V124/><F132/><W72/><G33/><T46/><D76/><U126/><E130/><V97/><F124/><N who="1" m="47721" /><E121/><V62/><F54/><W42/><G85/><T101/><D101/><U81/><E64/><N who="0" m="24681" /><D69/><U99/><E36/><V105/><F80/><W39/><G21/><N who="0" m="13487" /><D68/><U29/><E29/><V6/><F105/><W63/><G95/><T43/><D43/><U23/><E23/><V71/><F16/><W102/><G5/><N who="0" m="3279" /><D14/><U35/><E35/><V60/><F31/><AGARI ba="0,0" hai="20,26,31,44,46" m="3279,13487,24681" machi="31" ten="30,1000,0" yaku="8,1" doraHai="129" who="0" fromWho="2" sc="210,10,200,0,270,-10,320,0" /><INIT seed="3,0,0,1,5,122" ten="220,200,260,320" oya="3" hai0="83,81,44,131,31,19,23,106,97,69,100,57,35" hai1="9,12,102,93,123,49,84,111,80,8,45,110,125" hai2="48,25,24,87,128,54,53,51,37,73,79,78,105" hai3="76,103,55,134,28,56,65,68,59,38,91,98,114"/><W39/><G114/><T88/><D131/><U115/><E123/><V66/><F37/><W30/><G76/><N who="2" m="29225" /><F105/><W67/><G68/><T32/><D69/><U26/><E115/><V46/><F73/><W18/><G134/><T2/><D2/><U92/><E125/><V96/><F128/><W135/><G91/><T50/><D31/><U63/><E26/><N who="2" m="10347" /><F96/><W17/><G55/><N who="2" m="21001" /><F46/><W43/><G98/><T71/><D57/><U109/><E63/><V116/><F116/><W77/><G77/><T108/><D71/><U117/><E117/><V6/><F6/><W7/><G7/><T16/><D83/><U10/><E12/><V99/><F99/><W41/><G135/><T58/><D58/><U94/><E80/><V132/><F132/><W64/><G64/><T14/><D19/><U82/><E82/><V126/><F126/><W127/><G127/><T70/><D70/><U40/><E84/><V124/><F124/><W22/><G22/><T11/><D23/><U129/><E129/><V133/><F133/><W21/><G21/><T20/><D20/><U113/><E113/><V61/><F87/><W101/><AGARI ba="0,0" hai="17,18,28,30,38,39,41,43,56,59,65,67,101,103" machi="101" ten="25,4800,0" yaku="0,1,22,2" doraHai="122" who="3" fromWho="3" sc="220,-16,200,-16,260,-16,320,48" owari="204,-19.6,184,-31.6,244,4.4,368,46.8" /></mjloggm>