<mjloggm ver="2.3"><GO type="225" lobby="0"/><UN n0="%E6%98%93%E5%88%A9%E8%96%A9%E4%BC%AF" n1="%E6%97%A5%E6%9B%9C%E6%97%A5%E3%82%88%E3%82%8A%E3%81%AE%E4%BD%BF%E8%80%85" n2="%E3%81%AF%E3%82%88%E3%81%8A%E3%81%98%E3%81%95%E3%82%93" n3="%E3%82%8F%E3%81%8B%E3%81%B0%2A%E3%82%AC%E3%83%BC%E3%83%AB" dan="17,17,17,16" rate="2133.93,2253.89,2206.53,2077.65" sx="F,M,M,M"/><TAIKYOKU oya="0"/><INIT seed="0,0,0,4,4,98" ten="250,250,250,250" oya="0" hai0="103,4,29,90,86,48,127,93,60,11,46,43,135" hai1="39,75,121,117,123,31,72,5,92,17,125,94,71" hai2="52,10,28,84,107,62,126,9,101,66,63,80,131" hai3="30,99,22,70,96,109,85,41,61,3,112,18,0"/><T42/><D127/><U54/><E39/><V74/><F74/><W21/><G112/><T1/><D135/><U53/><E71/><V25/><F126/><W36/><G36/><T57/><D29/><U100/><E31/><V68/><F131/><W69/><G61/><T59/><D59/><U110/><E5/><V8/><F107/><W106/><G30/><T26/><D26/><U32/><E125/><V88/><F101/><W89/><G41/><T50/><D103/><U64/><E64/><V82/><F82/><W38/><G38/><T111/><D111/><U35/><E17/><V24/><REACH who="2" step="1"/><F28/><REACH who="2" ten="250,250,240,250" step="2"/><W77/><G106/><T79/><D79/><U104/><E104/><V2/><F2/><W124/><G77/><T83/><D83/><U78/><E78/><V76/><F76/><W114/><G0/><T128/><D128/><U130/><E130/><V105/><F105/><W23/><G3/><T87/><D1/><U120/><E120/><V134/><F134/><W14/><G124/><T34/><D93/><U67/><E100/><V122/><F122/><W12/><G114/><T58/><D90/><U133/><E133/><V19/><F19/><W33/><G18/><T108/><D108/><U102/><E102/><V129/><F129/><W55/><G89/><T13/><D4/><U7/><E110/><V132/><F132/><W73/><G73/><T91/><D91/><U40/><E7/><V118/><F118/><W56/><G109/><T44/><D34/><U20/><E117/><V37/><F37/><W113/><G113/><T16/><D60/><U97/><E123/><RYUUKYOKU ba="0,1" sc="250,15,250,-15,240,15,250,-15" hai0="11,13,16,42,43,44,46,48,50,57,58,86,87" hai2="8,9,10,24,25,52,62,63,66,68,80,84,88" /><INIT seed="0,1,1,5,0,36" ten="265,235,255,235" oya="0" hai0="80,112,108,107,118,3,41,67,13,16,134,63,40" hai1="73,52,50,59,64,54,20,21,69,114,86,61,131" hai2="115,117,132,15,44,26,110,77,72,89,0,106,120" hai3="22,113,68,90,85,55,62,46,35,5,88,116,130"/><T28/><D112/><U105/><E73/><V91/><F0/><W79/><G113/><T12/><D118/><U70/><E114/><V133/><F115/><W11/><G35/><T66/><D3/><U27/><E105/><V122/><F15/><N who="3" m="5615" /><G68/><T38/><D107/><U57/><E131/><V104/><F26/><W25/><G130/><T39/><D134/><N who="2" m="51818" /><F44/><W121/><G121/><N who="2" m="46697" /><F117/><W99/><G116/><T34/><D108/><U71/><E86/><V24/><F24/><W135/><G99/><T47/><D34/><U101/><E101/><V51/><F51/><N who="3" m="29175" /><G62/><T17/><D28/><U18/><REACH who="1" step="1"/><E20/><REACH who="1" ten="265,225,255,235" step="2"/><V98/><F110/><W128/><G128/><T94/><D80/><U127/><E127/><V95/><F91/><W103/><G103/><T58/><D94/><U53/><AGARI ba="1,2" hai="18,21,27,50,52,53,54,57,59,61,64,69,70,71" machi="53" ten="40,5200,0" yaku="1,1,0,1,54,1,53,0" doraHai="36" doraHaiUra="76" who="1" fromWho="1" sc="265,-27,225,75,255,-14,235,-14" /><INIT seed="1,0,0,3,2,74" ten="238,300,241,221" oya="1" hai0="113,85,64,52,92,104,47,112,2,39,0,77,86" hai1="118,17,125,135,62,43,68,58,36,59,4,91,122" hai2="37,119,18,38,115,79,26,25,31,13,116,8,1" hai3="81,41,130,69,65,99,6,108,19,129,78,127,30"/><U111/><E4/><V131/><F131/><N who="3" m="50187" /><G108/><T40/><D104/><U110/><E17/><V98/><F115/><W27/><G127/><T11/><D64/><N who="1" m="40983" /><E91/><V89/><F1/><W101/><G41/><T95/><D86/><U7/><E7/><V121/><F121/><W24/><G6/><T57/><D11/><U50/><E122/><V66/><F66/><W53/><G53/><T97/><D2/><U35/><E35/><V22/><F79/><W94/><G19/><T96/><D0/><U51/><E125/><V123/><F123/><W10/><G10/><T12/><D12/><U56/><E118/><V106/><F25/><W75/><G30/><T88/><D77/><U114/><E114/><V5/><F31/><W128/><N who="3" m="50195" /><W117/><DORA hai="28" /><G117/><T100/><D97/><U109/><E135/><V84/><F116/><W20/><G20/><T16/><D16/><U83/><E83/><V124/><F124/><W48/><G48/><AGARI ba="0,0" hai="39,40,47,48,52,57,85,88,92,95,96,100,112,113" machi="48" ten="30,3900,0" yaku="7,1,54,2" doraHai="74,28" who="0" fromWho="3" sc="238,39,300,0,241,0,221,-39" /><INIT seed="2,0,0,1,1,6" ten="277,300,241,182" oya="2" hai0="4,67,44,112,107,73,87,28,90,54,34,75,45" hai1="93,82,64,60,48,110,42,22,104,122,32,50,101" hai2="56,78,77,24,126,36,105,30,2,96,70,102,72" hai3="16,35,63,133,88,84,3,132,99,97,108,13,0"/><V74/><F126/><W46/><G108/><T109/><D107/><U39/><E32/><V127/><F127/><W33/><G63/><T11/><D112/><U27/><E104/><V129/><F129/><W118/><G118/><T19/><D19/><U68/><E110/><V117/><F117/><W120/><G120/><T86/><D67/><U41/><E122/><V52/><F36/><W114/><G114/><T100/><D100/><U61/><E61/><V131/><F2/><N who="3" m="555" /><G46/><T95/><D86/><U98/><E82/><V85/><F131/><W124/><G124/><T17/><D17/><U29/><E39/><V37/><F70/><W103/><G33/><T91/><D91/><U59/><E68/><V8/><F37/><W53/><G53/><T80/><D80/><U62/><E62/><V92/><F105/><W40/><G40/><AGARI ba="0,0" hai="22,27,29,40,41,42,48,50,59,60,64,93,98,101" machi="40" ten="40,5200,0" yaku="25,2,8,1" doraHai="6" who="1" fromWho="3" sc="277,0,300,52,241,0,182,-52" /><INIT seed="3,0,0,0,1,134" ten="277,352,241,130" oya="3" hai0="18,66,87,83,6,29,3,80,48,15,74,46,114" hai1="50,102,79,43,65,31,69,76,32,131,108,5,21" hai2="28,107,60,97,61,135,81,116,40,115,4,9,132" hai3="122,16,92,45,41,110,117,70,17,11,112,82,84"/><W106/><G112/><T125/><D114/><U36/><E36/><V20/><F115/><W78/><G117/><T0/><D29/><U54/><E43/><V7/><F116/><W130/><G122/><T34/><D34/><U89/><E5/><V56/><F40/><W59/><G106/><T91/><D66/><U23/><E23/><V126/><F81/><W12/><G70/><T10/><D125/><U119/><E119/><V101/><F126/><W121/><G121/><T8/><D74/><U63/><E108/><V123/><F123/><W38/><G130/><T24/><D80/><U64/><E64/><V44/><F44/><W129/><G129/><T103/><D103/><U105/><E21/><V55/><F60/><W85/><G110/><T98/><D98/><N who="1" m="61655" /><E89/><V124/><F124/><W39/><G39/><T25/><D3/><U58/><E131/><V57/><F56/><W73/><G92/><T90/><D90/><U100/><E100/><V19/><F28/><W14/><REACH who="3" step="1"/><G59/><REACH who="3" ten="277,352,241,120" step="2"/><T93/><D93/><U26/><AGARI ba="0,1" hai="26,31,32,50,54,58,63,65,69,76,79" m="61655" machi="26" ten="30,1100,0" yaku="25,1" doraHai="134" who="1" fromWho="1" sc="277,-3,352,21,241,-3,120,-5" owari="274,7.4,373,47.3,238,-16.2,115,-38.5" /></mjloggm>