<mjloggm ver="2.3"><GO type="225" lobby="0"/><UN n0="%E6%98%93%E5%88%A9%E8%96%A9%E4%BC%AF" n1="%E9%80%86%E9%80%A3%E5%B8%AF%E3%81%AE%E9%AC%BC" n2="%E8%81%B7%E6%A5%AD%E3%80%81%E9%A2%A8%32" n3="%E3%81%BF%E3%81%BF%E3%81%9A" dan="17,17,16,18" rate="2202.03,2010.45,2153.70,2193.51" sx="F,M,M,M"/><TAIKYOKU oya="0"/><INIT seed="0,0,0,1,0,47" ten="250,250,250,250" oya="0" hai0="36,103,113,98,6,10,58,12,55,77,129,75,68" hai1="66,109,83,9,111,56,7,23,67,126,81,118,72" hai2="78,79,127,33,74,45,28,119,21,133,34,48,30" hai3="4,20,76,2,53,134,43,97,27,1,17,104,15"/><T92/><D129/><U52/><E118/><V73/><F119/><W38/><G134/><T70/><D36/><U96/><E126/><V94/><F133/><W39/><G76/><N who="2" m="29225" /><F127/><W26/><G26/><T132/><D113/><U13/><E96/><V69/><F69/><W82/><G82/><T121/><D121/><U84/><E72/><N who="2" m="27755" /><F21/><W124/><G124/><T62/><REACH who="0" step="1"/><D132/><REACH who="0" ten="240,250,250,250" step="2"/><U19/><E111/><V114/><F114/><W40/><G39/><T130/><D130/><U116/><E109/><V22/><F34/><W95/><G38/><T18/><D18/><U93/><E116/><V3/><F33/><W61/><G17/><T108/><D108/><U32/><E32/><V37/><F37/><W110/><G110/><T64/><D64/><U57/><E67/><V106/><F28/><W107/><G4/><T101/><D101/><U63/><E93/><V25/><F30/><W31/><G95/><T123/><D123/><U128/><E128/><V105/><F94/><W102/><G107/><T24/><D24/><U41/><E41/><N who="3" m="15946" /><G27/><T42/><D42/><U112/><E112/><V46/><F25/><W89/><G31/><T29/><D29/><U115/><E115/><V60/><F105/><W50/><G104/><T131/><D131/><U99/><E19/><V90/><F106/><W65/><G102/><T120/><D120/><U51/><E66/><V87/><F90/><W117/><G89/><T125/><D125/><U35/><E7/><V54/><F54/><W11/><G117/><T16/><D16/><U86/><E35/><V14/><F22/><W49/><G20/><RYUUKYOKU ba="0,1" sc="240,30,250,-10,250,-10,250,-10" hai0="6,10,12,55,58,62,68,70,75,77,92,98,103" /><INIT seed="0,1,1,5,4,8" ten="270,240,240,240" oya="0" hai0="20,127,74,15,47,54,72,129,14,63,131,28,113" hai1="98,41,35,59,36,90,89,117,69,67,135,4,62" hai2="40,64,34,21,86,7,116,99,102,17,42,44,12" hai3="10,121,31,96,60,43,119,53,133,107,81,82,27"/><T22/><D113/><U5/><E35/><V128/><F116/><W50/><G119/><T106/><D106/><U11/><E117/><V52/><F128/><N who="0" m="49226" /><D127/><U46/><E135/><V13/><F34/><W125/><G133/><T25/><D63/><U134/><E134/><V101/><F64/><W123/><G125/><T73/><D22/><U19/><E69/><V57/><F86/><W122/><G43/><N who="2" m="16425" /><F44/><N who="3" m="27847" /><G60/><T88/><D88/><U132/><E132/><V9/><F99/><W30/><G10/><T70/><D70/><U45/><E45/><V71/><F71/><W126/><G126/><T93/><D93/><U0/><E4/><V91/><F91/><W79/><G79/><T55/><D55/><U109/><E109/><V112/><F112/><W118/><G118/><T75/><D72/><U84/><E98/><V115/><F115/><W100/><G31/><T56/><D56/><U65/><E65/><V97/><F97/><W33/><AGARI ba="1,1" hai="27,30,33,81,82,96,100,107,121,122,123" m="27847" machi="33" ten="30,1100,0" yaku="13,1" doraHai="8" who="3" fromWho="3" sc="270,-6,240,-4,240,-4,240,24" /><INIT seed="1,0,0,1,4,37" ten="264,236,236,264" oya="1" hai0="77,106,76,29,60,0,82,70,131,44,72,104,90" hai1="13,133,75,16,62,115,79,46,84,14,8,103,7" hai2="130,83,3,89,35,30,32,56,4,99,81,132,64" hai3="128,95,45,59,34,112,67,94,97,78,98,73,40"/><U19/><E115/><V119/><F119/><W11/><G112/><T111/><D111/><U65/><E133/><V31/><F132/><W54/><G34/><T96/><D0/><U114/><E114/><V51/><F32/><W80/><G128/><T118/><D118/><U126/><E126/><V88/><F130/><W28/><G28/><N who="2" m="10793" /><F3/><W43/><G67/><T135/><D77/><U24/><E75/><V55/><F35/><W22/><G22/><T5/><D5/><U113/><E113/><V105/><F105/><W68/><G45/><T1/><D1/><U41/><E103/><V116/><F116/><W52/><G68/><T71/><D135/><U33/><E33/><V66/><F4/><W25/><G25/><T10/><D10/><U38/><E24/><V23/><F23/><W85/><G11/><T93/><D29/><U102/><E102/><V117/><F117/><W63/><G54/><T74/><D74/><U15/><E84/><N who="2" m="50191" /><F99/><N who="3" m="37899" /><G73/><T27/><D27/><U107/><E107/><V109/><F109/><W39/><G39/><T57/><D131/><U17/><REACH who="1" step="1"/><E79/><REACH who="1" ten="264,226,236,264" step="2"/><V61/><F89/><W48/><G63/><T123/><D90/><U110/><E110/><V20/><F61/><W101/><G101/><T127/><D60/><U49/><E49/><V100/><F100/><W122/><G122/><T42/><D76/><U47/><E47/><V50/><F50/><W91/><G91/><T87/><D44/><U21/><E21/><V92/><F20/><W36/><G36/><T12/><D123/><U134/><E134/><V6/><F51/><W129/><G129/><RYUUKYOKU ba="0,1" sc="264,-15,226,15,236,-15,264,15" hai1="7,8,13,14,15,16,17,19,38,41,46,62,65" hai3="40,43,48,52,59,78,80,85,94,95" /><INIT seed="1,1,1,4,5,122" ten="249,241,221,279" oya="1" hai0="47,133,103,28,95,61,89,119,101,96,41,44,36" hai1="37,106,33,29,102,114,66,68,60,46,6,93,126" hai2="104,20,56,74,40,52,10,19,53,51,14,59,43" hai3="8,67,71,2,12,63,107,120,94,15,38,25,128"/><U7/><E114/><V127/><F104/><W118/><G120/><T130/><D119/><U100/><E126/><V11/><F127/><W69/><G107/><T79/><D130/><U31/><E93/><V124/><F74/><W3/><G128/><T62/><D133/><U91/><E91/><V92/><F92/><W34/><G118/><T50/><D28/><U72/><E72/><V121/><F124/><W110/><G38/><T108/><D79/><U65/><E65/><V85/><F85/><W87/><G71/><T115/><D115/><U123/><E123/><V116/><F116/><W22/><G34/><T1/><D1/><U70/><E70/><V80/><F80/><W125/><G15/><T75/><D108/><U23/><E23/><V24/><F121/><W132/><G110/><T57/><D62/><U13/><E13/><V111/><F111/><W58/><G69/><T49/><D75/><U90/><E90/><V73/><F73/><W84/><G132/><T98/><D36/><U86/><E86/><V27/><F11/><W105/><G105/><T78/><D78/><U18/><E18/><N who="2" m="8535" /><F27/><W16/><G125/><T129/><D98/><N who="1" m="61719" /><E102/><V39/><F39/><W45/><G45/><T109/><D109/><U35/><E31/><V97/><F97/><W55/><G67/><N who="0" m="39343" /><D129/><U26/><E35/><V32/><F32/><W82/><G94/><T30/><D30/><U4/><E4/><V21/><F21/><W135/><G135/><T83/><D83/><U113/><E113/><V42/><F51/><W117/><G82/><T99/><D99/><U131/><E131/><RYUUKYOKU ba="1,1" sc="249,10,241,10,221,10,279,-30" hai0="41,44,47,49,50,89,95,96,101,103" hai1="6,7,26,29,33,37,46,60,66,68" hai2="19,20,24,40,42,43,52,53,56,59" /><INIT seed="1,2,1,0,5,37" ten="259,251,231,249" oya="1" hai0="22,56,75,9,117,30,80,85,19,104,1,112,38" hai1="91,18,13,105,64,111,95,114,98,102,25,7,44" hai2="35,34,15,6,83,20,36,5,110,92,128,121,134" hai3="116,3,79,125,4,74,71,135,29,96,86,24,47"/><U58/><E114/><V62/><F121/><W63/><G86/><T87/><D112/><U8/><E111/><V66/><F36/><W39/><G96/><T129/><D104/><U21/><E44/><V120/><F120/><W51/><G51/><T17/><D38/><U115/><E115/><V33/><F110/><W16/><G16/><T28/><D129/><U126/><E126/><V41/><F41/><N who="3" m="22975" /><G125/><T68/><D68/><U67/><REACH who="1" step="1"/><E58/><REACH who="1" ten="259,241,231,249" step="2"/><V99/><F128/><W84/><G116/><T40/><D56/><U101/><E101/><V69/><F134/><W76/><G135/><T130/><D130/><U48/><E48/><V73/><F69/><W42/><G71/><T88/><D117/><U127/><E127/><V27/><F62/><W108/><G63/><T32/><D32/><U81/><E81/><V97/><F83/><N who="3" m="45463" /><G108/><T14/><D80/><U2/><E2/><V12/><F33/><N who="3" m="20647" /><G79/><T113/><D113/><U131/><E131/><V122/><F122/><W52/><G42/><T124/><D40/><U54/><E54/><V78/><F78/><W65/><G65/><T55/><D55/><U107/><E107/><V94/><F34/><W133/><G133/><T61/><D124/><U109/><E109/><V123/><F35/><W43/><G43/><T53/><D61/><U100/><E100/><V26/><F123/><W93/><G52/><T0/><D53/><U45/><E45/><V82/><F82/><W49/><G49/><T70/><D70/><U11/><E11/><V46/><F46/><W31/><G3/><T118/><D0/><U59/><E59/><RYUUKYOKU ba="2,2" sc="259,-10,241,30,231,-10,249,-10" hai1="7,8,13,18,21,25,64,67,91,95,98,102,105" /><INIT seed="1,3,2,5,4,132" ten="249,271,221,239" oya="1" hai0="20,36,57,79,101,99,135,42,9,89,35,59,2" hai1="80,67,118,71,3,50,37,34,53,4,96,106,40" hai2="119,110,92,69,54,97,61,122,75,44,21,25,70" hai3="65,130,94,31,90,87,84,124,128,114,95,111,29"/><U30/><E118/><V17/><F119/><W41/><G114/><T131/><D35/><U113/><E113/><V47/><F122/><W85/><G111/><T133/><D131/><N who="3" m="50217" /><G124/><T48/><D79/><U93/><E106/><V11/><F110/><W38/><G65/><T129/><D129/><U39/><E40/><V88/><F75/><W10/><G10/><T98/><D36/><U7/><E80/><V81/><F81/><W126/><G126/><T0/><D20/><U16/><E16/><N who="2" m="12455" /><F69/><W5/><G5/><T18/><D89/><U46/><E30/><N who="3" m="11274" /><G90/><T107/><D2/><U68/><E34/><V109/><F70/><W22/><G22/><T63/><D0/><U66/><E71/><V8/><F109/><W32/><G32/><T6/><D6/><U26/><E7/><V72/><F72/><W104/><G104/><T121/><D9/><N who="2" m="3658" /><F17/><W14/><G14/><T64/><D18/><U13/><E3/><V56/><AGARI ba="3,2" hai="44,47,54,56,61,88,92,97" m="3658,12455" machi="56" ten="30,7900,0" yaku="25,1,8,1,54,2" doraHai="132" who="2" fromWho="2" sc="249,-23,271,-42,221,108,239,-23" /><INIT seed="2,0,0,0,3,1" ten="226,229,329,216" oya="2" hai0="12,108,104,116,63,98,44,131,6,65,30,82,122" hai1="28,46,47,14,27,45,29,100,96,38,7,40,73" hai2="134,32,35,50,36,114,21,135,60,64,15,58,20" hai3="129,99,83,59,54,62,127,11,10,101,69,130,22"/><V16/><F36/><W92/><G127/><T8/><D122/><U19/><E73/><V90/><F114/><W105/><G69/><T70/><D108/><U23/><E29/><V119/><F119/><W49/><G83/><T67/><D116/><U43/><E43/><V87/><F50/><W66/><G105/><T95/><D131/><U109/><E109/><V18/><F134/><W107/><G107/><T85/><D67/><U115/><E115/><V55/><F64/><W128/><REACH who="3" step="1"/><G22/><REACH who="3" ten="226,229,329,206" step="2"/><T132/><D104/><U123/><E123/><V102/><F135/><W24/><G24/><T97/><D132/><U89/><E27/><V37/><F20/><W124/><G124/><T103/><D82/><U13/><E23/><V9/><F21/><W71/><AGARI ba="0,1" hai="10,11,49,54,59,62,66,71,92,99,101,128,129,130" machi="71" ten="30,4000,0" yaku="1,1,0,1,19,1,53,0" doraHai="1" doraHaiUra="72" who="3" fromWho="3" sc="226,-10,229,-10,329,-20,206,50" /><INIT seed="3,0,0,2,2,49" ten="216,219,309,256" oya="3" hai0="46,15,18,98,69,76,17,61,57,77,22,43,104" hai1="74,48,55,56,37,78,25,96,130,127,67,73,31" hai2="126,109,132,89,103,16,20,129,27,75,38,33,11" hai3="91,110,108,107,80,86,70,120,47,88,58,82,100"/><W60/><G120/><T125/><D69/><U52/><E130/><V6/><F75/><W128/><G128/><T1/><D1/><U45/><E127/><V95/><F38/><W30/><G30/><T36/><D125/><U85/><E67/><V90/><F126/><W28/><G28/><T87/><D87/><U54/><E96/><N who="2" m="59807" /><F132/><W10/><G47/><T63/><D63/><U116/><E116/><V68/><F68/><W71/><G10/><T21/><D98/><U2/><E2/><N who="2" m="471" /><F109/><N who="3" m="42091" /><G91/><T62/><D104/><U84/><E37/><V102/><F102/><W94/><G107/><T26/><REACH who="0" step="1"/><D62/><REACH who="0" ten="206,219,309,256" step="2"/><U9/><E85/><V59/><F129/><W4/><G71/><T19/><D19/><U135/><E84/><V64/><F16/><W123/><G70/><T40/><D40/><U65/><E74/><V81/><F81/><N who="3" m="49231" /><G123/><T79/><D79/><U105/><E105/><V133/><F133/><W50/><G4/><T99/><D99/><U42/><E135/><V41/><F41/><W8/><G60/><T97/><D97/><U32/><E78/><V114/><F90/><W113/><G100/><T124/><D124/><U111/><E73/><V66/><F89/><W35/><G94/><T39/><D39/><U119/><E111/><V93/><F93/><W44/><G80/><T29/><D29/><U14/><E119/><V131/><F131/><W101/><G82/><T34/><D34/><U92/><E92/><V0/><F33/><W122/><G101/><T115/><D115/><U121/><E121/><V3/><F114/><W12/><G113/><T7/><D7/><RYUUKYOKU ba="0,1" sc="206,30,219,-10,309,-10,256,-10" hai0="15,17,18,21,22,26,36,43,46,57,61,76,77" /><INIT seed="4,1,1,4,0,102" ten="236,209,299,246" oya="0" hai0="15,59,129,38,76,123,128,77,130,126,118,88,2" hai1="75,85,11,96,43,91,95,16,70,113,69,58,120" hai2="116,52,41,10,73,112,23,37,72,14,46,131,97" hai3="56,68,82,13,127,49,48,8,115,45,80,55,20"/><T27/><D118/><U28/><E75/><V62/><F112/><W53/><G115/><T108/><D2/><U101/><E120/><V107/><F131/><W100/><G68/><T117/><D117/><U33/><E113/><V114/><F114/><W50/><G127/><T89/><D123/><U132/><E132/><V36/><F36/><W94/><G20/><T71/><D71/><U51/><E28/><V24/><F107/><W12/><G49/><T6/><D38/><U81/><E33/><V31/><F97/><N who="3" m="59447" /><G13/><T40/><D40/><U34/><E34/><V21/><F21/><W29/><G29/><T78/><D27/><U26/><E26/><V93/><F93/><W105/><G105/><T9/><D126/><U111/><E111/><V4/><F116/><W106/><G106/><T92/><D92/><U17/><E17/><AGARI ba="1,1" hai="8,12,17,45,48,50,53,55,56,80,82" m="59447" machi="17" ten="30,1000,0" yaku="8,1" doraHai="102" who="3" fromWho="1" sc="236,0,209,-13,299,0,246,23" /><INIT seed="5,0,0,3,2,78" ten="236,196,299,269" oya="1" hai0="39,96,41,33,103,11,92,99,95,73,4,21,112" hai1="81,24,32,122,83,101,9,6,20,71,58,44,124" hai2="64,116,117,76,43,66,54,121,5,131,8,89,67" hai3="46,47,127,72,51,36,0,113,88,19,134,23,120"/><U80/><E71/><V15/><F121/><W26/><G120/><T130/><D73/><U3/><E122/><V84/><F76/><W115/><G72/><T59/><D33/><U60/><E124/><V108/><F108/><W85/><G0/><T52/><D112/><N who="3" m="43081" /><G127/><T50/><D130/><U7/><E32/><V133/><F131/><W98/><G134/><T135/><D135/><U106/><E7/><V63/><F133/><W27/><G36/><T22/><D41/><U90/><E44/><V104/><F104/><W49/><G98/><T2/><REACH who="0" step="1"/><D39/><REACH who="0" ten="226,196,299,269" step="2"/><U93/><E106/><V61/><F43/><W35/><G35/><T118/><D118/><U45/><E45/><N who="3" m="16906" /><G27/><T34/><D34/><U100/><E24/><V119/><F117/><W57/><G57/><T10/><D10/><U111/><E20/><V48/><F119/><W128/><G128/><T38/><D38/><U70/><E70/><V28/><F116/><W16/><G19/><T12/><D12/><N who="1" m="5175" /><E111/><V74/><F74/><W94/><AGARI ba="0,1" hai="16,23,26,49,51,85,88,94" m="16906,43081" machi="94" ten="30,4000,0" yaku="15,1,54,2" doraHai="78" who="3" fromWho="3" sc="226,-10,196,-20,299,-10,269,50" owari="216,-18.4,176,-32.4,289,8.9,319,41.9" /></mjloggm>