<mjloggm ver="2.3"><GO type="225" lobby="0"/><UN n0="%E9%A6%AC%E5%BC%95%E7%81%AB%33" n1="%E3%81%A4%E3%81%A3%E3%81%B1%E3%82%8A%E3%83%9D%E3%83%BC%E3%83%AB" n2="%72%61%6B%33" n3="%E6%81%A5%E6%99%92%E3%81%97" dan="16,17,16,16" rate="2147.78,2170.89,2108.38,2066.70" sx="M,M,M,M"/><TAIKYOKU oya="0"/><INIT seed="0,0,0,3,5,67" ten="250,250,250,250" oya="0" hai0="55,36,122,124,121,110,70,73,100,57,103,20,62" hai1="26,39,7,84,60,75,96,93,92,106,119,33,111" hai2="27,25,35,18,2,52,129,94,131,64,61,53,3" hai3="87,47,22,42,98,44,37,43,82,105,115,51,32"/><T6/><D73/><U127/><E39/><V123/><F123/><W46/><G115/><T76/><D76/><U19/><E119/><V88/><F3/><W21/><G32/><T5/><D36/><U85/><E75/><V10/><F2/><W132/><G132/><T130/><D70/><U16/><E111/><V117/><F117/><W13/><G47/><T66/><D66/><U72/><E72/><V78/><F78/><W74/><G74/><T48/><D48/><U12/><E127/><V68/><F10/><W69/><G69/><T125/><D130/><N who="2" m="49674" /><F18/><N who="1" m="6697" /><E106/><V80/><F80/><W28/><G28/><T59/><D20/><U71/><E71/><V11/><F11/><W90/><REACH who="3" step="1"/><G13/><REACH who="3" ten="250,250,250,240" step="2"/><T109/><D109/><U77/><E33/><V34/><F35/><W116/><G116/><T86/><D110/><U63/><E12/><V114/><F114/><W83/><G83/><T38/><D122/><U113/><E113/><V133/><F133/><W135/><G135/><T56/><D121/><U108/><E108/><V40/><F40/><W81/><G81/><T126/><D126/><U8/><E26/><N who="2" m="9739" /><F34/><W104/><G104/><T112/><D125/><U15/><E93/><V14/><F14/><W101/><AGARI ba="0,1" hai="21,22,37,42,43,44,46,51,82,87,90,98,101,105" machi="101" ten="30,2000,0" yaku="1,1,0,1,53,0" doraHai="67" doraHaiUra="89" who="3" fromWho="3" sc="250,-10,250,-5,250,-5,240,30" /><INIT seed="1,0,0,5,1,78" ten="240,245,245,270" oya="1" hai0="114,125,77,25,102,115,37,104,24,29,63,49,22" hai1="99,5,116,1,32,105,7,89,110,100,118,106,9" hai2="2,13,31,83,21,85,61,0,56,134,55,67,131" hai3="126,101,43,47,48,103,34,72,4,19,66,132,69"/><U35/><E110/><V96/><F131/><W20/><G72/><T58/><D37/><U124/><E124/><V62/><F134/><W128/><G34/><T81/><D125/><U3/><E89/><V23/><F96/><W27/><G126/><T39/><D39/><U76/><E76/><V73/><F73/><W71/><G128/><T68/><D49/><U79/><E79/><V40/><F40/><W122/><G122/><T17/><D68/><U117/><E106/><V92/><F92/><W123/><G123/><T107/><D102/><U80/><E80/><V130/><F130/><W95/><G132/><T10/><D107/><U121/><E121/><V38/><F38/><W8/><G66/><T133/><D104/><U120/><E120/><V44/><F44/><W30/><G19/><T14/><D24/><U119/><N who="1" m="29696" /><DORA hai="74" /><U54/><E54/><V50/><F31/><W82/><G82/><T42/><D42/><U45/><E45/><V12/><F0/><W52/><G43/><T60/><D133/><U127/><E127/><V84/><F2/><W46/><G46/><T6/><D29/><U98/><E98/><V65/><F50/><W108/><G108/><T88/><D63/><U109/><E109/><V57/><F55/><W86/><G103/><T16/><D6/><U18/><E18/><V111/><F111/><W113/><G101/><T15/><D25/><U26/><E26/><V135/><F135/><W41/><G41/><T93/><D77/><U64/><E64/><V59/><F59/><W33/><G71/><T91/><D58/><U75/><E75/><RYUUKYOKU ba="0,0" sc="240,-15,245,15,245,15,270,-15" hai1="1,3,5,7,9,32,35,99,100,105" hai2="12,13,21,23,56,57,61,62,65,67,83,84,85" /><INIT seed="1,1,0,3,2,81" ten="225,260,260,255" oya="1" hai0="51,105,84,106,73,33,127,27,47,116,6,111,115" hai1="41,85,18,87,64,67,4,88,69,74,58,131,110" hai2="39,8,60,10,75,48,55,45,0,50,49,96,113" hai3="70,128,29,11,135,83,25,19,108,114,52,9,13"/><U21/><E74/><V62/><F75/><W20/><G70/><T65/><D115/><U37/><E69/><V107/><F113/><W22/><G114/><T76/><D116/><U28/><E131/><V66/><F0/><W103/><G128/><T92/><D73/><U91/><E4/><V53/><F107/><W63/><G108/><T1/><D111/><U99/><E110/><V93/><F39/><W35/><G135/><T126/><D65/><N who="1" m="25163" /><E37/><V129/><F129/><W17/><G103/><T104/><D33/><U122/><E122/><V34/><F34/><W98/><G98/><T125/><D27/><N who="1" m="16495" /><E41/><V71/><F62/><W30/><G30/><T124/><N who="0" m="31744" /><DORA hai="123" /><T119/><D119/><U2/><E2/><V79/><F79/><W109/><G109/><T97/><D76/><U61/><E18/><V89/><REACH who="2" step="1"/><F49/><REACH who="2" ten="225,260,250,255" step="2"/><W24/><G35/><T134/><D51/><U121/><E121/><V77/><F77/><W72/><G72/><T23/><D1/><U82/><E99/><V118/><F118/><W5/><G63/><T120/><D120/><U57/><E61/><V54/><F54/><W130/><G52/><T56/><D104/><U133/><E133/><V12/><F12/><N who="3" m="5167" /><G130/><T46/><D105/><U7/><E7/><V38/><F38/><W80/><AGARI ba="1,1" hai="11,13,17,19,20,22,24,25,29,80,83" m="5167" machi="80" ten="30,1100,0" yaku="8,1" doraHai="81,123" who="3" fromWho="3" sc="225,-4,260,-6,250,-4,255,24" /><INIT seed="2,0,0,5,0,94" ten="221,254,246,279" oya="2" hai0="67,26,107,82,109,103,27,3,120,57,75,111,13" hai1="60,90,89,114,29,85,96,52,18,41,97,115,47" hai2="108,81,8,86,58,61,106,49,133,91,24,131,43" hai3="12,7,66,132,44,28,73,72,87,59,22,23,9"/><V113/><F113/><W101/><G132/><T15/><D120/><U78/><E29/><V56/><F133/><W125/><G125/><T99/><D3/><U79/><E115/><V4/><F131/><W93/><G44/><T37/><D37/><U46/><E114/><V30/><F106/><W0/><G0/><T95/><D107/><U124/><E124/><V19/><F108/><N who="0" m="41546" /><D82/><N who="1" m="49335" /><E90/><V98/><F19/><W65/><G65/><T84/><D84/><U31/><E31/><V25/><F25/><N who="0" m="9226" /><D75/><U11/><E11/><V116/><F116/><W35/><G35/><T130/><D130/><U100/><E18/><V126/><F126/><W6/><G28/><T14/><D15/><U127/><E100/><V88/><F24/><W80/><G73/><T123/><D123/><U117/><E117/><V20/><F30/><W33/><G33/><T76/><D76/><N who="1" m="29227" /><E127/><V104/><F104/><W21/><G72/><T2/><D2/><U121/><E121/><V77/><F77/><W110/><G110/><T118/><D118/><U119/><E119/><V42/><F81/><W63/><G12/><T36/><D36/><U128/><E128/><V70/><F86/><W32/><G32/><T134/><D134/><U68/><E68/><V17/><F17/><W39/><G39/><T38/><D38/><U92/><E92/><V64/><F4/><W10/><G6/><T55/><D67/><U83/><E83/><V69/><F64/><W71/><G7/><T34/><D34/><U102/><E102/><V105/><F105/><W50/><G101/><T48/><AGARI ba="0,0" hai="13,14,48,55,57,95,99,103" m="9226,41546" machi="48" ten="30,2000,0" yaku="14,1,52,1" doraHai="94" who="0" fromWho="0" sc="221,20,254,-5,246,-10,279,-5" /><INIT seed="3,0,0,4,5,60" ten="241,249,236,274" oya="3" hai0="43,90,78,27,114,2,26,127,61,28,25,66,0" hai1="112,46,64,134,13,70,1,4,63,19,62,81,12" hai2="122,116,44,101,91,106,71,59,38,75,108,107,95" hai3="94,110,10,135,33,65,105,118,67,119,5,36,85"/><W92/><G105/><T104/><D104/><U123/><E112/><V80/><F71/><W15/><G36/><T35/><D78/><U40/><E123/><V100/><F116/><W76/><G33/><T52/><D43/><U49/><E134/><V32/><F32/><W102/><G135/><T115/><D127/><U31/><E31/><V23/><F122/><W73/><G73/><T8/><D90/><U126/><E126/><V111/><F23/><W72/><G72/><T39/><D39/><U82/><E1/><N who="0" m="617" /><D52/><U29/><E29/><V77/><F59/><W133/><G133/><T9/><D28/><U99/><E99/><V24/><F24/><W83/><G110/><N who="2" m="42025" /><F44/><W113/><G113/><N who="0" m="43019" /><D35/><U56/><E63/><V124/><F38/><W117/><REACH who="3" step="1"/><G94/><REACH who="3" ten="241,249,236,264" step="2"/><T51/><D51/><U84/><E49/><V47/><F124/><W50/><G50/><T131/><D131/><U93/><E93/><V30/><F47/><W14/><G14/><T125/><D125/><U120/><E12/><V37/><F37/><W89/><G89/><T74/><D74/><U55/><E13/><V103/><F30/><W121/><G121/><T88/><D88/><U68/><E46/><V22/><F22/><W3/><G3/><T97/><D26/><U17/><E120/><V6/><F6/><W130/><G130/><T34/><D34/><U42/><E4/><V41/><F41/><W16/><G16/><T7/><D7/><U45/><E40/><V54/><F54/><W96/><AGARI ba="0,1" hai="5,10,15,65,67,76,83,85,92,96,102,117,118,119" machi="96" ten="40,12000,1" yaku="1,1,0,1,52,2,53,0" doraHai="60" doraHaiUra="132" who="3" fromWho="3" sc="241,-40,249,-40,236,-40,264,130" owari="201,-19.9,209,0.9,196,-30.4,394,49.4" /></mjloggm>