<mjloggm ver="2.3"><GO type="225" lobby="0"/><UN n0="%E3%83%A9%E3%82%A4%E3%83%B3%E3%81%AE%E8%99%8E" n1="%41%6F%54" n2="%72%69%6F%75%63%68%61%6E" n3="%E6%B4%BE%E9%81%A3%E3%81%AE%E3%82%B8%E3%83%A3%E3%83%83%E3%82%AF" dan="16,16,16,17" rate="2085.95,2078.93,2115.00,2196.57" sx="M,M,M,M"/><TAIKYOKU oya="0"/><INIT seed="0,0,0,5,0,108" ten="250,250,250,250" oya="0" hai0="60,127,30,24,33,134,120,32,18,106,111,103,0" hai1="34,53,78,5,81,49,89,95,7,62,129,28,14" hai2="82,100,2,130,112,10,3,90,91,6,116,121,51" hai3="54,21,31,40,65,56,84,64,76,77,69,115,36"/><T23/><D120/><U133/><E129/><V126/><F112/><W8/><G115/><T86/><D127/><U113/><E113/><V15/><F121/><W4/><G69/><T16/><D0/><U48/><E133/><V101/><F130/><W92/><G36/><T125/><D125/><U124/><E124/><V128/><F128/><W50/><G40/><T122/><D122/><U19/><E28/><V17/><F126/><W102/><G21/><T63/><D134/><U109/><E34/><V45/><F116/><W85/><G31/><T87/><D111/><U71/><E62/><V117/><F117/><W132/><G132/><T26/><D103/><U41/><E49/><V114/><F114/><W29/><G29/><T110/><D110/><U99/><E41/><V96/><F2/><W37/><G37/><T73/><D30/><U46/><E71/><V12/><F3/><W1/><G102/><N who="2" m="39529" /><F82/><W80/><G92/><T67/><D23/><U74/><REACH who="1" step="1"/><E109/><REACH who="1" ten="250,240,250,250" step="2"/><V27/><F51/><W118/><G118/><T75/><REACH who="0" step="1"/><D67/><REACH who="0" ten="240,240,250,250" step="2"/><U135/><E135/><V25/><F45/><W119/><G119/><T88/><D88/><U47/><E47/><V13/><F90/><W66/><G66/><T9/><D9/><AGARI ba="0,2" hai="5,7,9,14,19,46,48,53,74,78,81,89,95,99" machi="9" ten="30,2000,0" yaku="1,1,7,1,53,0" doraHai="108" doraHaiUra="20" who="1" fromWho="0" sc="240,-20,240,40,250,0,250,0" /><INIT seed="1,0,0,4,0,57" ten="220,280,250,250" oya="1" hai0="15,11,93,25,37,42,22,2,94,104,6,97,105" hai1="79,80,92,77,70,43,30,71,83,112,10,87,56" hai2="69,75,40,86,118,109,4,41,46,135,31,84,9" hai3="55,13,44,82,72,7,127,3,45,120,20,65,19"/><U91/><E112/><V95/><F118/><W48/><G120/><T26/><D2/><U33/><E43/><V53/><F75/><W24/><G127/><T39/><D26/><U96/><E30/><V131/><F109/><W74/><G3/><T73/><D73/><U110/><E33/><V108/><F108/><W107/><G107/><T16/><D94/><U125/><E125/><V66/><F131/><W88/><G65/><T12/><D25/><U100/><E110/><V50/><F135/><W102/><G102/><T101/><REACH who="0" step="1"/><D42/><REACH who="0" ten="210,280,250,250" step="2"/><U78/><E92/><V111/><F111/><W38/><G72/><T103/><D103/><U117/><E100/><V51/><F40/><W59/><G74/><T61/><D61/><U21/><E117/><V47/><F95/><W89/><G82/><T67/><D67/><U17/><E83/><V113/><F113/><W114/><G114/><T122/><D122/><U5/><E80/><V62/><REACH who="2" step="1"/><F31/><REACH who="2" ten="210,280,240,250" step="2"/><W90/><G38/><AGARI ba="0,2" hai="6,11,12,15,16,22,37,38,39,93,97,101,104,105" machi="38" ten="40,2600,0" yaku="1,1,54,1,53,0" doraHai="57" doraHaiUra="119" who="0" fromWho="3" sc="210,46,280,0,240,0,250,-26" /><INIT seed="2,0,0,2,3,76" ten="256,280,240,224" oya="2" hai0="14,37,93,79,31,108,111,89,48,84,45,117,95" hai1="97,41,56,96,70,49,7,2,115,65,25,5,42" hai2="74,20,94,78,60,128,71,82,119,72,120,90,67" hai3="39,135,63,1,75,112,26,36,122,47,103,11,28"/><V8/><F119/><W69/><G122/><T51/><D117/><U0/><E115/><V64/><F120/><W21/><G135/><T52/><D37/><U55/><E70/><V134/><F134/><W19/><G112/><T53/><D79/><U98/><E65/><V109/><F128/><W83/><G103/><T86/><D31/><U9/><E25/><V15/><F109/><N who="0" m="42058" /><D14/><U66/><E66/><V88/><F72/><W104/><G104/><T87/><D93/><U4/><REACH who="1" step="1"/><E9/><REACH who="1" ten="256,270,240,224" step="2"/><V50/><F64/><W43/><G69/><T33/><D33/><U24/><E24/><V16/><F94/><W73/><G11/><T10/><D10/><U3/><AGARI ba="0,1" hai="0,2,3,4,5,7,41,42,49,55,56,96,97,98" machi="3" ten="40,8000,1" yaku="1,1,0,1,29,2,53,0" doraHai="76" doraHaiUra="114" who="1" fromWho="1" sc="256,-20,270,90,240,-40,224,-20" /><INIT seed="3,0,0,4,0,113" ten="236,360,200,204" oya="3" hai0="74,43,51,20,94,79,81,10,38,133,114,2,131" hai1="40,69,76,33,25,118,128,29,11,119,53,80,34" hai2="122,123,82,47,12,110,59,126,72,99,84,49,19" hai3="23,130,7,24,17,92,100,63,44,41,127,0,103"/><W58/><G127/><T18/><D114/><U120/><E120/><N who="2" m="46123" /><F110/><W5/><G130/><T73/><D51/><U52/><E128/><V111/><F111/><W116/><G116/><N who="1" m="44586" /><E69/><V6/><F126/><W50/><G0/><T3/><D133/><U109/><E109/><V85/><F6/><N who="3" m="2059" /><G92/><T93/><D93/><U98/><E98/><V45/><F99/><W15/><G24/><T75/><D94/><U28/><E11/><N who="2" m="6559" /><F59/><W132/><G132/><T90/><D131/><U54/><E40/><N who="2" m="24743" /><F47/><W1/><G1/><T106/><D2/><U95/><E95/><V88/><F84/><W70/><G70/><T39/><D3/><U4/><E4/><V83/><F82/><W105/><G105/><T14/><D81/><U97/><E97/><V66/><F66/><AGARI ba="0,0" hai="15,17,23,41,44,50,58,63,66,100,103" m="2059" machi="66" ten="30,1500,0" yaku="8,1" doraHai="113" who="3" fromWho="2" sc="236,0,360,0,200,-15,204,15" /><INIT seed="3,1,0,4,1,107" ten="236,360,185,219" oya="3" hai0="128,59,130,96,55,122,95,105,98,87,124,54,28" hai1="66,50,80,84,6,70,132,85,112,23,15,135,33" hai2="118,7,126,90,20,37,48,79,88,39,103,58,11" hai3="92,74,26,10,47,78,34,123,68,114,5,133,109"/><W27/><G123/><T2/><D122/><U32/><E112/><V3/><F118/><W83/><G68/><T60/><D2/><U12/><E50/><V75/><F126/><W108/><G114/><T119/><D119/><U14/><E6/><V121/><F121/><W76/><G133/><N who="1" m="51274" /><E23/><V91/><F103/><W8/><G92/><T125/><D28/><U53/><E53/><V117/><F117/><W35/><G47/><T0/><D0/><U86/><E80/><V69/><F69/><W16/><G5/><T104/><D54/><U127/><E127/><V77/><F20/><W17/><G83/><T61/><D55/><U110/><E110/><V21/><F58/><W36/><G36/><T82/><D82/><U43/><E43/><V116/><F116/><W25/><G25/><T40/><D59/><U81/><E81/><V31/><F48/><W97/><G97/><T56/><D56/><U52/><E52/><V13/><F75/><AGARI ba="1,0" hai="8,10,16,17,26,27,34,35,74,75,76,78,108,109" machi="75" ten="25,12000,1" yaku="22,2,52,2,54,1" doraHai="107" who="3" fromWho="2" sc="236,0,360,0,185,-123,219,123" /><INIT seed="3,2,0,2,2,66" ten="236,360,62,342" oya="3" hai0="80,14,130,58,29,43,88,51,107,127,90,104,17" hai1="122,108,98,33,112,110,64,92,44,48,119,12,115" hai2="34,23,63,93,109,76,40,56,25,95,53,74,123" hai3="118,111,21,54,97,106,94,82,41,100,120,81,105"/><W9/><G118/><T113/><D127/><U70/><E122/><V129/><F109/><N who="1" m="42089" /><E119/><V4/><F129/><W133/><G120/><T22/><D130/><U75/><E75/><V49/><F123/><W114/><G114/><N who="1" m="43562" /><E33/><V24/><F4/><W11/><G111/><T89/><D113/><U125/><E125/><V7/><F34/><W132/><G41/><T84/><D104/><N who="3" m="40041" /><G54/><T60/><D107/><U26/><E26/><V69/><F7/><W3/><G21/><T72/><D72/><U116/><E116/><V68/><F24/><W50/><G50/><T124/><D124/><U85/><E12/><V8/><F8/><N who="3" m="3147" /><G3/><T117/><D29/><U52/><E85/><V65/><F40/><W91/><G100/><T18/><D18/><U103/><E64/><V5/><F5/><W121/><G121/><T35/><D35/><U61/><E61/><V62/><F74/><W57/><G57/><T37/><D117/><U20/><E20/><V55/><F76/><W99/><G99/><T134/><D22/><U71/><AGARI ba="2,0" hai="44,48,52,70,71,92,98,103" m="43562,42089" machi="71" ten="40,8000,1" yaku="14,1,52,2,54,1" doraHai="66" who="1" fromWho="1" sc="236,-22,360,86,62,-22,342,-42" owari="214,-18.6,446,54.6,40,-46.0,300,10.0" /></mjloggm>