<mjloggm ver="2.3"><GO type="225" lobby="0"/><UN n0="%6C%65%74%69%74%62%65" n1="%E9%B7%B9%E5%80%89%E6%9D%8F%E9%88%B4" n2="%E5%91%A8%E6%9D%B1" n3="%E3%83%96%E3%83%83%E3%83%91%E3%82%AA%E3%83%96%E3%83%81%E3%82%AD%E3%83%B3" dan="16,16,17,16" rate="2116.93,2087.66,2198.74,2110.46" sx="M,F,M,M"/><TAIKYOKU oya="0"/><INIT seed="0,0,0,4,4,27" ten="250,250,250,250" oya="0" hai0="42,35,90,58,84,50,26,82,124,3,88,120,122" hai1="25,93,52,78,100,114,66,43,132,48,10,128,56" hai2="71,51,61,131,115,32,67,129,37,76,62,53,98" hai3="49,81,77,121,31,103,135,22,0,64,44,72,8"/><T16/><D124/><U34/><E132/><V7/><F32/><W111/><G111/><T96/><D3/><U65/><E128/><N who="2" m="49227" /><F7/><W126/><G135/><T24/><D35/><U99/><E114/><V130/><F76/><W95/><G126/><T87/><D96/><U2/><E78/><V117/><F98/><W57/><G121/><T46/><D58/><U15/><E2/><V21/><F21/><W133/><G133/><T28/><D16/><N who="1" m="8311" /><E34/><V6/><F6/><W47/><G103/><T102/><D102/><U116/><E116/><V110/><F130/><W40/><G95/><T41/><D41/><U23/><E43/><V14/><F14/><W68/><G68/><T18/><D18/><AGARI ba="0,0" hai="18,23,25,48,52,56,65,66,93,99,100" m="8311" machi="18" ten="30,3900,0" yaku="8,1,54,2" doraHai="27" who="1" fromWho="0" sc="250,-39,250,39,250,0,250,0" /><INIT seed="1,0,0,3,1,114" ten="211,289,250,250" oya="1" hai0="11,52,42,1,65,75,120,21,67,61,126,18,39" hai1="10,101,47,48,110,130,69,127,33,7,50,66,26" hai2="59,4,3,117,113,46,6,133,30,77,72,74,76" hai3="82,98,100,43,17,57,84,5,81,122,53,60,87"/><U123/><E123/><V23/><F113/><W9/><G122/><T13/><D120/><U44/><E130/><V16/><F133/><W8/><G43/><T99/><D75/><U29/><E127/><V121/><F121/><W34/><G34/><T2/><D126/><U35/><E101/><V56/><F30/><W28/><G28/><T0/><D99/><U55/><E110/><V95/><F46/><W94/><G17/><T63/><D11/><U45/><E33/><V14/><F3/><W80/><REACH who="3" step="1"/><G9/><REACH who="3" ten="211,289,250,240" step="2"/><T86/><D42/><U104/><E10/><V12/><F16/><W85/><G85/><T68/><D39/><U19/><E19/><V31/><F31/><W15/><AGARI ba="0,1" hai="5,8,15,53,57,60,80,81,82,84,87,94,98,100" machi="15" ten="30,4000,0" yaku="1,1,0,1,8,1,53,0" doraHai="114" doraHaiUra="62" who="3" fromWho="3" sc="211,-10,289,-20,250,-10,240,50" /><INIT seed="2,0,0,2,5,69" ten="201,269,240,290" oya="2" hai0="19,92,44,132,97,68,96,65,72,58,60,85,3" hai1="9,41,129,78,18,30,49,75,32,51,105,107,20" hai2="5,42,15,95,122,16,127,103,113,36,14,52,130" hai3="37,12,39,25,82,89,73,24,7,84,35,63,10"/><V47/><F127/><W2/><G73/><T11/><D72/><U120/><E78/><V67/><F130/><W81/><G81/><T119/><D132/><U98/><E75/><V23/><F122/><W50/><G50/><T83/><D119/><U80/><E80/><V87/><F113/><W128/><G128/><T33/><D33/><U112/><E112/><V133/><F67/><W74/><G74/><T94/><D68/><U79/><E79/><V118/><F133/><W46/><G46/><T70/><D70/><U88/><E9/><V40/><F118/><W108/><G108/><T86/><D44/><U111/><E129/><V101/><F42/><W1/><G63/><T62/><D3/><U61/><E61/><V21/><F52/><W38/><REACH who="3" step="1"/><G24/><REACH who="3" ten="201,269,240,280" step="2"/><T27/><D27/><U124/><E51/><V109/><F109/><W99/><G99/><T135/><D135/><U100/><E49/><V93/><F87/><N who="0" m="33290" /><D83/><U22/><E111/><V91/><F47/><W64/><G64/><T102/><D65/><U126/><E126/><V54/><F54/><W131/><G131/><T59/><D60/><U45/><E124/><V6/><F40/><W57/><G57/><T90/><D62/><U0/><E41/><V55/><F55/><W13/><G13/><AGARI ba="0,1" hai="11,13,19,58,59,90,92,94,96,97,102" m="33290" machi="13" ten="30,1000,0" yaku="8,1" doraHai="69" who="0" fromWho="3" sc="201,20,269,0,240,0,280,-10" /><INIT seed="3,0,0,1,1,119" ten="221,269,240,270" oya="3" hai0="0,75,10,103,12,57,110,97,37,54,49,26,102" hai1="70,40,91,6,130,48,125,19,33,14,64,81,23" hai2="52,94,59,63,134,135,32,98,123,62,78,99,124" hai3="133,92,30,25,83,127,31,86,107,128,114,126,3"/><W28/><G114/><T58/><D75/><U29/><E130/><V111/><F32/><W105/><G3/><T43/><D0/><U74/><E125/><N who="3" m="47626" /><G128/><T5/><D110/><U90/><E70/><V38/><F124/><W82/><G133/><N who="2" m="50697" /><F38/><W2/><G2/><T116/><D116/><U132/><E64/><V42/><F42/><W13/><G13/><T17/><D97/><N who="2" m="36874" /><F111/><W1/><G1/><T95/><D95/><U85/><E132/><V21/><F94/><W20/><G92/><T106/><D106/><N who="3" m="40457" /><G83/><T69/><D43/><U79/><E40/><V60/><F78/><AGARI ba="0,0" hai="20,25,28,30,31,78,82,86" m="40457,47626" machi="78" ten="30,1500,0" yaku="18,1" doraHai="119" who="3" fromWho="2" sc="221,0,269,0,240,-15,270,15" /><INIT seed="3,1,0,1,0,42" ten="221,269,225,285" oya="3" hai0="14,50,76,45,49,79,15,102,7,4,57,90,69" hai1="82,18,115,117,91,28,33,20,133,38,130,62,68" hai2="25,52,54,8,100,87,78,1,0,16,30,94,108" hai3="81,6,36,110,95,92,71,118,122,120,67,75,101"/><W106/><G36/><T44/><D69/><U85/><E115/><V66/><F66/><W56/><G71/><T99/><D57/><U48/><E38/><V123/><F108/><W31/><G56/><T19/><D102/><U21/><E33/><V128/><F128/><W134/><G31/><T41/><D99/><U72/><E72/><V53/><F123/><N who="3" m="47147" /><G6/><N who="0" m="2091" /><D90/><U109/><E109/><V124/><F124/><W70/><G70/><T111/><D111/><U125/><E130/><V60/><F60/><W126/><G134/><T88/><D88/><U83/><E133/><V58/><F58/><W80/><G118/><T59/><D59/><U27/><E117/><V129/><F129/><W135/><G135/><T104/><D104/><U113/><E125/><V2/><F100/><W98/><G67/><T35/><D35/><U17/><E62/><V51/><F51/><W86/><G110/><T5/><N who="0" m="2099" /><T93/><DORA hai="64" /><D93/><N who="3" m="35913" /><G126/><T127/><D127/><U74/><E68/><V131/><F131/><W114/><G75/><T121/><D121/><U40/><E74/><V132/><F132/><W47/><G47/><T9/><D15/><U34/><E48/><V13/><F94/><W32/><G32/><T29/><D29/><U103/><E28/><V97/><F97/><W61/><G61/><T39/><D39/><U37/><E103/><V63/><F63/><W10/><G98/><T43/><AGARI ba="1,0" hai="9,14,19,41,43,44,45,49,50,76,79" m="2099" machi="43" ten="30,4000,0" yaku="8,1,52,2" doraHai="42,64" who="0" fromWho="0" sc="221,43,269,-11,225,-11,285,-21" /><INIT seed="4,0,0,3,0,9" ten="264,258,214,264" oya="0" hai0="102,98,118,86,69,27,109,113,70,23,32,2,99" hai1="10,116,101,92,127,94,24,34,31,47,77,8,82" hai2="95,87,11,90,56,111,80,125,76,84,93,72,58" hai3="123,35,44,73,30,132,107,45,114,18,108,122,121"/><T13/><D118/><U65/><E116/><V135/><F111/><W5/><G108/><T38/><D2/><U124/><E65/><V15/><F135/><W62/><G73/><T36/><D86/><U17/><E47/><N who="3" m="17994" /><G107/><T112/><D32/><U39/><E39/><N who="0" m="14889" /><D27/><U12/><E8/><V85/><F125/><N who="1" m="48201" /><E101/><V57/><REACH who="2" step="1"/><F90/><REACH who="2" ten="264,258,204,264" step="2"/><W7/><G132/><T53/><D109/><U66/><E66/><V25/><F25/><W91/><G91/><T63/><D112/><U67/><E67/><V117/><F117/><W74/><G114/><T6/><D113/><U60/><E60/><V64/><F64/><W105/><G62/><T134/><D134/><U75/><AGARI ba="0,1" hai="10,12,17,24,31,34,75,77,82,92,94" m="48201" machi="75" ten="30,2000,0" yaku="18,1,52,1" doraHai="9" who="1" fromWho="1" sc="264,-10,258,30,204,-5,264,-5" /><INIT seed="5,0,0,1,1,109" ten="254,288,199,259" oya="1" hai0="117,8,58,126,5,134,96,29,130,16,121,44,48" hai1="69,92,124,45,68,118,64,93,33,100,115,108,125" hai2="105,127,106,85,27,114,101,36,50,132,30,0,40" hai3="112,66,116,76,32,97,10,22,104,38,74,37,120"/><U80/><E118/><V102/><F0/><W52/><G22/><T7/><D117/><U46/><E115/><V110/><F110/><W49/><G116/><T19/><D130/><U90/><E33/><V4/><F4/><W83/><G112/><T28/><D134/><U34/><E34/><V86/><F36/><W133/><G120/><T25/><D58/><U129/><E129/><V12/><F12/><W65/><G32/><T107/><D126/><N who="1" m="48747" /><E108/><V20/><F127/><W15/><G133/><T21/><D107/><U51/><E45/><V31/><F132/><W26/><G26/><T113/><D96/><N who="1" m="59407" /><E80/><V60/><F114/><W72/><G72/><T13/><D121/><U99/><E64/><V89/><F106/><W57/><G66/><T91/><D91/><U43/><AGARI ba="0,0" hai="43,46,51,68,69,90,92,99" m="59407,48747" machi="43" ten="30,1500,0" yaku="18,1" doraHai="109" who="1" fromWho="1" sc="254,-5,288,15,199,-5,259,-5" owari="249,-15.1,303,40.3,194,-30.6,254,5.4" /></mjloggm>