<mjloggm ver="2.3"><GO type="225" lobby="0"/><UN n0="%E3%83%96%E3%83%83%E3%83%91%E3%82%AA%E3%83%96%E3%83%81%E3%82%AD%E3%83%B3" n1="%E3%82%AF%E3%82%A3%E3%82%A6" n2="%E9%B7%B9%E5%80%89%E6%9D%8F%E9%88%B4" n3="%E3%81%BF%E3%81%BF%E3%81%9A" dan="16,16,16,17" rate="2042.75,2062.76,2096.92,2156.89" sx="M,M,F,M"/><TAIKYOKU oya="0"/><INIT seed="0,0,0,2,0,6" ten="250,250,250,250" oya="0" hai0="96,30,74,130,94,13,22,126,16,95,36,5,24" hai1="66,56,112,19,23,54,122,127,57,114,109,52,123" hai2="99,117,111,62,67,38,2,119,50,132,68,98,33" hai3="108,91,53,134,104,83,65,101,105,89,37,86,120"/><T113/><D113/><N who="1" m="43627" /><E19/><V32/><F38/><W59/><G108/><T64/><D126/><U4/><E23/><V82/><F111/><W1/><G134/><T14/><D130/><U70/><E109/><V26/><F132/><W7/><G120/><N who="1" m="46122" /><E127/><V85/><F2/><W116/><G116/><N who="2" m="44617" /><F50/><W55/><G37/><T124/><D36/><U21/><E21/><V80/><F80/><W115/><G115/><T79/><D124/><U61/><E4/><V11/><F11/><W12/><G1/><T49/><D64/><U107/><E107/><V28/><F33/><W76/><G105/><T10/><D49/><N who="1" m="30735" /><E54/><N who="3" m="20490" /><G104/><T60/><D60/><U75/><E75/><V125/><F125/><W88/><G101/><T42/><D42/><U34/><E34/><V15/><F15/><W100/><G100/><T69/><D96/><U48/><E48/><V128/><F128/><W25/><G25/><T84/><D74/><U51/><E51/><V103/><F103/><W121/><G121/><T47/><D79/><AGARI ba="0,0" hai="26,28,32,62,67,68,79,82,85,98,99" m="44617" machi="79" ten="30,1000,0" yaku="12,1" doraHai="6" who="2" fromWho="0" sc="250,-10,250,0,250,10,250,0" /><INIT seed="1,0,0,3,1,38" ten="240,250,260,250" oya="1" hai0="115,106,23,119,52,93,107,123,5,28,49,99,40" hai1="4,21,88,24,70,10,102,77,64,86,12,39,75" hai2="84,46,56,100,129,133,121,41,33,62,25,36,47" hai3="130,122,112,16,61,81,11,108,105,30,98,73,79"/><U127/><E127/><V103/><F121/><W34/><G122/><T37/><D123/><U55/><E102/><V65/><F133/><W83/><G112/><T104/><D115/><U128/><E128/><V35/><F129/><W8/><G108/><T9/><D119/><U19/><E39/><V114/><F114/><W60/><G130/><T2/><D28/><U97/><E75/><V76/><F47/><W58/><G83/><T124/><D23/><U13/><E70/><V135/><F135/><W126/><G126/><T134/><D134/><U94/><E64/><V68/><F68/><W90/><G60/><T117/><D117/><U85/><E77/><V31/><F35/><W50/><G50/><T113/><D113/><U118/><E118/><V42/><F42/><W91/><G105/><T22/><D22/><U92/><E92/><V43/><F43/><W6/><G98/><T120/><D124/><U80/><E80/><V116/><F116/><W63/><G63/><T29/><D29/><U27/><REACH who="1" step="1"/><E55/><REACH who="1" ten="240,240,260,250" step="2"/><V110/><F110/><W32/><G91/><N who="0" m="55743" /><D120/><U87/><AGARI ba="0,1" hai="4,10,12,13,19,21,24,27,85,86,87,88,94,97" machi="87" ten="30,11700,0" yaku="1,1,0,1,8,1,54,1,53,0" doraHai="38" doraHaiUra="96" who="1" fromWho="1" sc="240,-39,240,127,260,-39,250,-39" /><INIT seed="1,1,0,1,2,87" ten="201,367,221,211" oya="1" hai0="93,60,129,130,66,5,36,15,120,68,84,91,73" hai1="4,46,102,71,42,6,109,20,22,132,69,19,114" hai2="44,65,54,56,35,85,118,97,101,124,89,90,135" hai3="77,41,40,123,38,96,67,94,127,24,18,0,52"/><U21/><E114/><V48/><F118/><W29/><G0/><T103/><D120/><U88/><E132/><V112/><F35/><W13/><G38/><T34/><D34/><U106/><E106/><V25/><F135/><W64/><G77/><T31/><D31/><U78/><E78/><V7/><F124/><W23/><G127/><T9/><D73/><U134/><E134/><V30/><F7/><W128/><G128/><T33/><D33/><U117/><E117/><V57/><F112/><W53/><G123/><T119/><D119/><U83/><E102/><V50/><F85/><W49/><G67/><T37/><REACH who="0" step="1"/><D103/><REACH who="0" ten="191,367,221,211" step="2"/><U131/><E131/><AGARI ba="1,1" hai="5,9,15,36,37,60,66,68,84,91,93,129,130,131" machi="131" ten="40,8000,1" yaku="1,1,2,1,19,1,52,1,53,0" doraHai="87" doraHaiUra="32" who="0" fromWho="1" sc="191,93,367,-83,221,0,211,0" /><INIT seed="2,0,0,5,5,54" ten="284,284,221,211" oya="2" hai0="56,37,132,28,82,126,32,4,130,35,71,119,42" hai1="131,120,90,46,30,58,123,69,81,122,47,8,16" hai2="36,133,20,101,55,87,1,134,22,80,121,125,75" hai3="111,129,33,2,10,51,13,66,0,106,17,5,91"/><V67/><F121/><W27/><G106/><T43/><D71/><U76/><E69/><V110/><F1/><W62/><G111/><T135/><D126/><U70/><E70/><V49/><F36/><W61/><G129/><T85/><D130/><U103/><E131/><V94/><F125/><W9/><G0/><T116/><D4/><U108/><E108/><V6/><F6/><W68/><G62/><T41/><D56/><U25/><E103/><V124/><F67/><W95/><G51/><T127/><D37/><U97/><E8/><V102/><F75/><W53/><G53/><T98/><D98/><U29/><E97/><N who="2" m="59575" /><F102/><W48/><G48/><T59/><D59/><U65/><E90/><N who="2" m="51559" /><F124/><W109/><G109/><T74/><D74/><U12/><E25/><V19/><F19/><W31/><G95/><T105/><D105/><U7/><E7/><V24/><F24/><W104/><G104/><T89/><D127/><U64/><E64/><V15/><F15/><W93/><G93/><T72/><D72/><N who="1" m="43143" /><E30/><V112/><F112/><W117/><G117/><N who="0" m="45131" /><D28/><U86/><E86/><V73/><F73/><W118/><G118/><T77/><D77/><U18/><E29/><V21/><F110/><W83/><G91/><T128/><D128/><U50/><E18/><V96/><F96/><W45/><G83/><T84/><D84/><U40/><E16/><V23/><F23/><W38/><G38/><T14/><D14/><U3/><E12/><V44/><F22/><W114/><G114/><T113/><D113/><U88/><E3/><V52/><F55/><W99/><G99/><RYUUKYOKU ba="0,0" sc="284,10,284,-30,221,10,211,10" hai0="32,35,41,42,43,82,85,89,132,135" hai2="20,21,44,49,52,133,134" hai3="2,5,9,10,13,17,27,31,33,45,61,66,68" /><INIT seed="2,1,0,3,5,7" ten="294,254,231,221" oya="2" hai0="81,35,55,102,17,77,26,37,122,101,29,14,132" hai1="115,113,28,1,100,69,2,56,38,16,18,31,58" hai2="66,88,22,92,60,83,71,6,24,8,76,30,25" hai3="93,128,36,9,5,48,123,116,107,130,12,40,73"/><V59/><F25/><W78/><G116/><T45/><D122/><U39/><REACH who="1" step="1"/><E100/><REACH who="1" ten="294,244,231,221" step="2"/><V99/><F71/><AGARI ba="1,1" hai="1,2,16,18,28,31,38,39,56,58,69,71,113,115" machi="71" ten="25,12000,2" yaku="21,2,2,1,22,2,54,1,53,0" doraHai="7" doraHaiUra="43" who="1" fromWho="2" sc="294,0,244,133,231,-123,221,0" /><INIT seed="3,0,0,5,3,4" ten="294,377,108,221" oya="3" hai0="80,30,65,126,111,78,72,9,57,64,77,92,105" hai1="130,129,134,19,29,55,87,12,75,84,88,25,99" hai2="7,49,10,39,98,116,46,83,121,60,94,8,81" hai3="93,95,63,120,122,113,54,102,34,40,125,131,61"/><W82/><G113/><T3/><D105/><U33/><E75/><V135/><F116/><W124/><G34/><T115/><D111/><U16/><E134/><V47/><F135/><W52/><G82/><T97/><D115/><U112/><E112/><V127/><F127/><N who="3" m="48715" /><G102/><T44/><D126/><U114/><E114/><V27/><F121/><N who="3" m="46699" /><G131/><N who="1" m="50186" /><E55/><N who="3" m="21034" /><G40/><T108/><D80/><N who="1" m="49159" /><E12/><V107/><F107/><W18/><G18/><T70/><D92/><AGARI ba="0,0" hai="61,63,92,93,95" m="21034,46699,48715" machi="92" ten="40,12000,1" yaku="28,2,18,1,54,1" doraHai="4" who="3" fromWho="0" sc="294,-120,377,0,108,0,221,120" /><INIT seed="3,1,0,3,2,106" ten="174,377,108,341" oya="3" hai0="49,60,41,122,25,2,91,95,96,101,125,9,7" hai1="38,134,8,84,64,92,112,81,47,124,120,128,97" hai2="69,89,115,45,123,70,113,59,57,135,119,85,51" hai3="79,107,21,71,103,28,68,32,62,6,22,14,132"/><W26/><G132/><T98/><D125/><U35/><E112/><V1/><F1/><W23/><G79/><T121/><D25/><U72/><E120/><V118/><F85/><W74/><G74/><T80/><D60/><U0/><E124/><V30/><F30/><W114/><G114/><T127/><D127/><U36/><E128/><V11/><F11/><W93/><G93/><T109/><D109/><U104/><E35/><V76/><F76/><W86/><G86/><T18/><D18/><U129/><E129/><V58/><F89/><W5/><G14/><T46/><D80/><U75/><E134/><V130/><F135/><W55/><G55/><T110/><D110/><U117/><E117/><V102/><F102/><W27/><G27/><T100/><D91/><N who="1" m="55455" /><E64/><V82/><F82/><W126/><G126/><T83/><D83/><U65/><E65/><V19/><F19/><W12/><G12/><T133/><D133/><U90/><E104/><AGARI ba="1,0" hai="2,7,9,41,46,49,95,96,98,100,101,104,121,122" machi="104" ten="30,1000,0" yaku="7,1" doraHai="106" who="0" fromWho="1" sc="174,13,377,-13,108,0,341,0" owari="187,-21.3,364,46.4,108,-39.2,341,14.1" /></mjloggm>