<mjloggm ver="2.3"><GO type="225" lobby="0"/><UN n0="%E3%81%BF%E3%81%BF%E3%81%9A" n1="%E6%B4%BE%E9%81%A3%E3%81%AE%E3%82%B8%E3%83%A3%E3%83%83%E3%82%AF" n2="%70%68%65%6E%6F%6D%65" n3="%E5%B8%86%E7%AB%8B%E5%A4%8F%E8%A1%A3" dan="17,17,16,17" rate="2223.18,2168.07,2193.09,2244.94" sx="M,M,M,M"/><TAIKYOKU oya="0"/><INIT seed="0,0,0,1,4,11" ten="250,250,250,250" oya="0" hai0="80,1,62,41,133,9,75,59,17,76,10,3,78" hai1="134,33,109,55,27,24,21,20,22,45,99,110,84" hai2="126,53,37,25,60,70,40,57,108,96,82,61,128" hai3="35,129,48,112,83,92,86,14,66,52,102,132,36"/><T58/><D133/><U71/><E71/><V19/><F82/><W77/><G112/><T29/><D29/><U123/><E123/><V101/><F108/><N who="1" m="41577" /><E134/><V122/><F122/><W30/><G36/><T103/><D103/><U28/><E99/><V16/><F126/><W23/><G129/><T54/><D41/><U0/><E84/><V79/><F128/><W100/><G66/><T127/><D127/><U94/><E94/><V8/><F79/><W43/><G43/><T111/><D111/><U26/><E0/><V50/><F37/><W34/><G132/><T72/><D17/><U90/><E90/><V46/><F8/><W93/><G93/><T2/><D58/><U88/><E88/><V42/><F42/><W118/><G118/><T49/><D62/><U85/><E85/><V67/><REACH who="2" step="1"/><F25/><REACH who="2" ten="250,250,240,250" step="2"/><W125/><G125/><T74/><D74/><U47/><E47/><V119/><F119/><W89/><G77/><T91/><D91/><U39/><E39/><V81/><F81/><AGARI ba="0,1" hai="1,2,3,9,10,49,54,59,72,75,76,78,80,81" machi="81" ten="40,2000,0" yaku="9,1" doraHai="11" who="0" fromWho="2" sc="250,30,250,0,240,-20,250,0" /><INIT seed="0,1,0,2,2,92" ten="280,250,220,250" oya="0" hai0="45,6,23,48,91,108,47,66,15,82,83,100,93" hai1="73,124,117,70,52,21,111,96,105,101,90,86,59" hai2="32,0,81,113,67,44,115,107,63,116,11,134,72" hai3="75,89,50,56,34,103,99,17,37,43,4,19,12"/><T68/><D68/><U58/><E117/><V14/><F0/><W132/><G75/><T49/><D66/><U106/><E70/><V129/><F116/><W13/><G34/><T112/><D112/><U87/><E73/><V128/><F32/><W76/><G76/><T131/><D131/><N who="2" m="50250" /><F107/><W31/><G31/><T27/><D108/><U3/><E3/><V20/><F20/><W126/><G126/><T122/><D100/><U1/><E1/><V88/><F44/><W7/><G132/><T10/><D122/><U28/><E124/><V5/><F134/><W64/><G89/><T125/><D125/><U78/><E111/><V29/><F29/><W65/><G37/><T30/><D45/><U130/><E130/><V60/><F60/><W104/><G43/><T69/><D69/><U114/><E114/><V98/><F72/><W71/><G71/><T57/><D57/><U123/><E123/><V35/><F35/><W22/><G65/><T18/><D30/><U109/><E109/><V84/><F98/><W127/><G127/><T42/><REACH who="0" step="1"/><D48/><REACH who="0" ten="270,250,220,250" step="2"/><U26/><E59/><AGARI ba="1,1" hai="5,11,14,59,63,67,81,84,88,113,115" m="50250" machi="59" ten="30,2000,0" yaku="19,1,54,1" doraHai="92" who="2" fromWho="1" sc="270,0,250,-23,220,33,250,0" /><INIT seed="1,0,0,3,1,82" ten="270,227,253,250" oya="1" hai0="76,119,96,58,94,55,3,7,0,93,5,127,115" hai1="35,70,18,24,117,10,128,78,134,101,48,8,6" hai2="68,13,43,12,124,84,114,92,91,116,126,9,44" hai3="17,27,32,11,108,77,110,45,123,56,62,135,47"/><U90/><E70/><V14/><F116/><W19/><G123/><T122/><D119/><U15/><E117/><V113/><F68/><W80/><G135/><T111/><D122/><U33/><E101/><V133/><F9/><W53/><G32/><T88/><D115/><N who="2" m="44042" /><F133/><W63/><G63/><T131/><D131/><U97/><E78/><V2/><F2/><W25/><G11/><T38/><D38/><AGARI ba="0,0" hai="12,13,14,38,43,44,84,91,92,124,126" m="44042" machi="38" ten="30,2000,0" yaku="11,1,52,1" doraHai="82" who="2" fromWho="0" sc="270,-20,227,0,253,20,250,0" /><INIT seed="2,0,0,3,2,70" ten="250,227,273,250" oya="2" hai0="36,37,124,11,18,22,47,55,34,41,99,67,43" hai1="85,80,38,87,62,71,109,79,46,53,117,42,73" hai2="101,15,76,94,66,17,28,68,120,50,51,30,127" hai3="82,123,49,84,96,103,4,13,126,106,33,56,108"/><V52/><F120/><W111/><G33/><T77/><D34/><U90/><E117/><V116/><F116/><W130/><G123/><T39/><D124/><U131/><E109/><N who="3" m="42058" /><G130/><T83/><D67/><U25/><E131/><V78/><F127/><W40/><G126/><T104/><D11/><U10/><E25/><V24/><F66/><W129/><G129/><T91/><D55/><U105/><E105/><V89/><F101/><W32/><G32/><T0/><D0/><U58/><E71/><V114/><F68/><W112/><G112/><T125/><D125/><U98/><E98/><V29/><F24/><W44/><G56/><T100/><D91/><U69/><E69/><V134/><F51/><W75/><G75/><T14/><D41/><U9/><REACH who="1" step="1"/><E73/><AGARI ba="0,0" hai="14,18,22,36,37,39,43,47,73,77,83,99,100,104" machi="73" ten="30,7700,0" yaku="7,1,52,3" doraHai="70" who="0" fromWho="1" sc="250,77,227,-77,273,0,250,0" /><INIT seed="3,0,0,5,0,65" ten="327,150,273,250" oya="3" hai0="131,59,89,103,22,109,14,97,45,53,84,47,127" hai1="44,9,123,93,94,101,124,48,113,56,71,105,90" hai2="41,102,2,64,4,98,23,125,12,132,27,30,86" hai3="19,57,118,37,121,11,106,99,116,100,20,26,3"/><W88/><G121/><T1/><D1/><U15/><E123/><V70/><F41/><W80/><G37/><T117/><D117/><U7/><E113/><V58/><F125/><W35/><G35/><T107/><D127/><U74/><E74/><V69/><F2/><W134/><G134/><T75/><D75/><U50/><E124/><V110/><F110/><W0/><G0/><T130/><D14/><U76/><E76/><V63/><F132/><W92/><G80/><N who="0" m="49287" /><D22/><U60/><E105/><V10/><REACH who="2" step="1"/><F86/><REACH who="2" ten="327,150,263,250" step="2"/><W135/><G135/><T126/><D109/><U28/><E28/><V79/><F79/><W112/><G112/><T21/><D126/><U29/><E29/><V31/><F31/><W24/><G24/><T108/><D108/><U38/><E38/><V104/><AGARI ba="0,1" hai="4,10,12,23,27,30,58,63,64,69,70,98,102,104" machi="104" ten="20,8000,1" yaku="1,1,0,1,7,1,52,2,53,0" doraHai="65" doraHaiUra="129" who="2" fromWho="2" sc="327,-20,150,-20,263,90,250,-40" owari="307,10.7,130,-37.0,353,45.3,210,-19.0" /></mjloggm>