<mjloggm ver="2.3"><GO type="225" lobby="0"/><UN n0="%E8%BE%9B%E5%8F%A3%E3%82%AB%E3%83%AC%E3%83%BC%E3%83%A9%E3%82%A4%E3%82%B9" n1="%E3%83%96%E3%83%83%E3%83%91%E3%82%AA%E3%83%96%E3%83%81%E3%82%AD%E3%83%B3" n2="%E3%83%A9%E3%82%B9%E7%8E%87%EF%BC%93%E5%89%B2" n3="%E3%81%8B%E3%82%8F%E3%81%A1%E3%82%83%E3%82%93%35%38" dan="16,16,17,16" rate="2165.33,2168.02,2245.15,2144.87" sx="M,M,F,M"/><TAIKYOKU oya="0"/><INIT seed="0,0,0,1,0,110" ten="250,250,250,250" oya="0" hai0="54,20,53,127,109,118,23,132,108,93,106,7,123" hai1="69,35,38,22,115,90,9,98,97,120,59,40,113" hai2="74,99,64,30,15,27,86,122,5,87,121,33,114" hai3="105,55,117,37,91,124,26,96,135,1,111,78,39"/><T125/><D106/><U126/><E120/><V65/><F74/><W28/><G1/><T50/><D123/><U112/><E35/><V47/><F122/><W41/><G117/><T13/><D118/><U8/><E69/><V94/><F121/><W68/><G41/><T82/><D132/><U81/><E126/><N who="0" m="48137" /><D82/><U43/><E59/><V21/><F114/><W45/><G78/><T92/><D7/><U61/><E61/><V116/><F47/><W103/><G124/><T73/><D73/><U0/><E22/><N who="0" m="8233" /><D13/><U25/><E25/><V66/><F116/><W51/><G135/><T76/><D76/><U31/><E31/><V12/><F33/><W2/><G2/><T52/><D50/><U83/><E0/><V101/><REACH who="2" step="1"/><F15/><REACH who="2" ten="250,250,240,250" step="2"/><W79/><G26/><T80/><D80/><U19/><E113/><V71/><F71/><W58/><G68/><T133/><D133/><U100/><E115/><V44/><F44/><W17/><G45/><T4/><D4/><U131/><E112/><V77/><F77/><W75/><G79/><T128/><D128/><U72/><E131/><V85/><F85/><W34/><G75/><T70/><D70/><U84/><E72/><V57/><F57/><W88/><G28/><T32/><D32/><U129/><E84/><V29/><F29/><W60/><G34/><T63/><D63/><U107/><E129/><V67/><N who="2" m="16384" /><DORA hai="42" /><V95/><F95/><AGARI ba="0,1" hai="52,53,54,92,93,95,108,109" m="8233,48137" machi="95" ten="40,12000,1" yaku="28,2,18,1,54,1" doraHai="110,42" who="0" fromWho="2" sc="250,130,250,0,240,-120,250,0" /><INIT seed="0,1,0,5,3,68" ten="380,250,120,250" oya="0" hai0="16,122,130,63,108,58,26,1,84,54,49,94,31" hai1="60,9,117,125,85,129,33,61,75,70,88,59,110" hai2="19,80,90,121,71,77,98,81,102,36,46,34,8" hai3="13,53,25,14,55,114,72,32,100,107,69,35,12"/><T89/><D122/><U133/><E117/><V4/><F121/><W51/><G114/><T15/><D1/><U11/><E110/><V135/><F135/><W83/><G69/><T73/><D73/><U10/><E133/><V132/><F132/><W41/><G41/><T111/><D130/><U7/><E129/><V28/><F19/><W95/><G107/><T120/><D120/><U76/><E33/><V6/><F6/><W3/><G3/><T43/><D43/><U20/><E125/><V131/><F90/><W22/><G35/><T103/><D103/><U79/><E75/><N who="2" m="43071" /><F81/><W39/><G32/><T116/><D116/><U5/><E70/><V62/><F131/><W48/><G39/><T29/><D63/><N who="1" m="24139" /><E59/><V40/><F98/><N who="3" m="59487" /><G83/><T87/><D87/><U24/><E5/><V112/><F102/><W56/><G72/><T128/><D128/><U104/><E7/><V91/><F91/><W67/><G67/><T119/><D119/><U113/><E113/><V2/><F112/><W37/><G37/><T86/><D86/><U44/><E104/><V17/><F17/><N who="3" m="10535" /><G25/><T30/><REACH who="0" step="1"/><D26/><REACH who="0" ten="370,250,120,250" step="2"/><U50/><E76/><V57/><F71/><W45/><AGARI ba="1,1" hai="13,14,45,48,51,53,55,56" m="10535,59487" machi="45" ten="30,1100,0" yaku="8,1" doraHai="68" who="3" fromWho="3" sc="370,-6,250,-4,120,-4,250,24" /><INIT seed="1,0,0,2,5,125" ten="364,246,116,274" oya="1" hai0="134,133,94,38,49,122,99,42,36,2,128,48,54" hai1="95,93,65,86,13,126,3,97,109,127,20,108,131" hai2="89,111,112,106,130,52,60,39,45,33,87,12,19" hai3="50,6,68,84,51,29,56,47,46,18,81,92,11"/><U121/><E3/><V101/><F33/><W44/><G68/><T24/><D128/><U75/><E75/><V105/><F111/><N who="1" m="42569" /><E121/><V132/><F132/><N who="0" m="50794" /><D2/><U110/><N who="1" m="42577" /><U57/><DORA hai="129" /><E131/><V91/><BYE who="3" /><F112/><W114/><G114/><T67/><D122/><U16/><E86/><V80/><F39/><W23/><G23/><T31/><D67/><U14/><E14/><V82/><F130/><W37/><G37/><N who="0" m="14443" /><D54/><U58/><E95/><V88/><F82/><W79/><G79/><T74/><D42/><U63/><E58/><V98/><F105/><W119/><G119/><T83/><D83/><U59/><E57/><V116/><F116/><W117/><G117/><T9/><D9/><U34/><E34/><V22/><REACH who="2" step="1"/><F60/><REACH who="2" ten="364,246,106,274" step="2"/><W41/><G41/><T61/><D61/><U43/><E43/><V71/><F71/><W55/><G55/><T1/><D74/><U17/><E17/><V77/><F77/><W69/><G69/><T72/><D72/><U76/><E76/><V10/><F10/><W25/><G25/><T27/><D27/><U66/><E66/><V135/><F135/><W123/><G123/><T124/><D24/><U8/><E8/><V78/><F78/><W103/><G103/><AGARI ba="0,1" hai="13,16,20,59,63,65,93,97,103,126,127" m="42577" machi="103" ten="40,7700,0" yaku="14,1,10,1,54,1" doraHai="125,129" who="1" fromWho="3" sc="364,0,246,87,106,0,274,-77" /><INIT seed="1,1,0,4,1,9" ten="364,333,106,197" oya="1" hai0="30,89,87,68,33,11,37,59,8,26,29,76,135" hai1="92,103,109,54,1,70,34,119,86,12,102,124,46" hai2="126,128,20,98,27,101,97,44,47,62,110,80,14" hai3="61,41,120,72,64,40,31,74,117,83,134,77,108"/><U99/><E119/><V125/><F110/><W63/><G63/><T88/><D68/><U131/><E1/><V65/><F128/><UN n3="%E3%81%8B%E3%82%8F%E3%81%A1%E3%82%83%E3%82%93%35%38" /><W75/><G120/><T112/><D112/><U90/><E131/><V21/><F80/><W39/><G117/><T5/><D37/><U32/><E70/><V2/><F2/><W123/><G123/><T3/><D135/><U84/><E124/><V91/><F91/><W121/><G121/><T79/><D29/><U28/><E109/><V56/><F98/><W133/><G31/><T17/><D89/><U57/><E32/><V60/><F60/><W96/><G96/><T19/><D59/><U6/><E28/><V23/><F27/><W93/><G93/><T50/><D50/><N who="1" m="29015" /><E34/><V105/><REACH who="2" step="1"/><F14/><REACH who="2" ten="364,333,96,197" step="2"/><W116/><G108/><T114/><D3/><U55/><E90/><V122/><F122/><W18/><G116/><T66/><D88/><N who="1" m="53271" /><E99/><V48/><F48/><W0/><G0/><T81/><D81/><U82/><E82/><V22/><N who="2" m="5120" /><DORA hai="45" /><V24/><F24/><W132/><G39/><T107/><D26/><U25/><E25/><V67/><F67/><W95/><G83/><T52/><D33/><U100/><E84/><V111/><F111/><W94/><G133/><T115/><D87/><U58/><E55/><V36/><F36/><W129/><G134/><T16/><D52/><U106/><E106/><V78/><F78/><W118/><G132/><T51/><D79/><U35/><E35/><V4/><F4/><W85/><G77/><T49/><D76/><U73/><E73/><N who="3" m="18690" /><W104/><DORA hai="10" /><G118/><T43/><D107/><RYUUKYOKU ba="1,1" sc="364,-15,333,15,96,15,197,-15" hai1="6,12,57,58,100,102,103" hai2="44,47,56,62,65,97,101,105,125,126" /><INIT seed="1,2,1,3,2,58" ten="349,348,111,182" oya="1" hai0="101,123,6,76,107,91,21,133,97,15,126,90,28" hai1="62,37,64,71,111,110,127,12,94,86,16,80,109" hai2="14,59,104,129,65,22,1,0,81,17,51,93,56" hai3="114,132,32,13,120,3,74,102,2,4,82,24,83"/><U35/><E127/><V121/><F104/><W26/><G114/><T118/><D118/><U125/><E125/><V72/><F121/><W20/><G102/><T117/><D117/><U40/><E35/><V11/><F129/><W112/><G112/><T53/><D126/><U135/><E135/><V122/><F122/><W100/><G100/><T85/><D123/><U115/><E115/><V44/><F59/><W87/><G120/><T70/><D70/><U130/><E130/><V84/><F72/><W92/><G92/><T49/><D133/><U99/><E40/><V8/><F93/><W29/><G132/><T60/><D60/><U63/><E37/><V73/><F73/><W78/><G13/><T116/><D6/><U106/><E106/><V88/><F1/><W68/><G4/><T89/><D116/><U41/><E41/><V77/><F77/><W69/><G2/><T45/><D76/><N who="1" m="46343" /><E64/><V96/><F96/><W124/><G3/><T46/><D46/><U50/><E50/><V55/><REACH who="2" step="1"/><F0/><REACH who="2" ten="349,348,101,182" step="2"/><W48/><G124/><T95/><D107/><U98/><E71/><V134/><F134/><W52/><G74/><T103/><D85/><U36/><E99/><V57/><F57/><N who="3" m="32903" /><G82/><T39/><D97/><U9/><E36/><V30/><F30/><N who="3" m="17671" /><G68/><T5/><D39/><U31/><E31/><V7/><F7/><W66/><G69/><T119/><D119/><U61/><E61/><AGARI ba="2,2" hai="8,11,14,17,22,44,51,55,56,61,65,81,84,88" machi="61" ten="40,8000,1" yaku="1,1,8,1,52,1,54,1,53,1" doraHai="58" doraHaiUra="79" who="2" fromWho="1" sc="349,0,348,-86,101,106,182,0" /><INIT seed="2,0,0,0,2,88" ten="349,262,207,182" oya="2" hai0="54,74,8,85,132,15,100,21,83,75,9,27,66" hai1="119,99,1,7,76,70,26,103,41,131,97,42,4" hai2="98,19,127,128,40,35,14,17,69,78,3,111,71" hai3="134,135,80,10,23,73,77,18,33,49,120,12,51"/><V91/><F128/><W50/><G33/><T46/><D132/><U32/><E131/><V93/><F127/><W13/><REACH who="3" step="1"/><G120/><REACH who="3" ten="349,262,207,172" step="2"/><T104/><D75/><U53/><E119/><V82/><F35/><W105/><G105/><T90/><D74/><U56/><E32/><V101/><F111/><W124/><G124/><T60/><D104/><U108/><E108/><V118/><F118/><W126/><G126/><T113/><D113/><U87/><E70/><V29/><F69/><W62/><G62/><T96/><D60/><U25/><E1/><V48/><F71/><W63/><G63/><T31/><D66/><U24/><E4/><AGARI ba="0,1" hai="4,10,12,13,18,23,49,50,51,73,77,80,134,135" machi="4" ten="40,2600,0" yaku="1,1,53,1" doraHai="88" doraHaiUra="107" who="3" fromWho="1" sc="349,0,262,-26,207,0,172,36" /><INIT seed="3,0,0,5,2,92" ten="349,236,207,208" oya="3" hai0="37,35,67,72,16,38,113,68,65,74,73,28,26" hai1="57,2,124,78,70,4,19,9,134,99,95,69,0" hai2="114,118,97,82,103,107,96,3,122,31,27,49,85" hai3="121,30,39,55,50,40,66,130,117,64,63,98,60"/><W29/><G121/><T13/><D113/><U88/><E134/><V43/><F114/><W83/><G117/><T93/><D93/><U10/><E124/><V110/><F118/><W106/><G130/><T18/><D18/><U101/><E78/><V80/><F3/><W109/><G109/><T94/><D94/><U115/><E115/><V6/><F97/><W58/><G39/><T24/><D24/><U125/><E125/><V105/><F105/><W84/><G40/><T8/><REACH who="0" step="1"/><D68/><REACH who="0" ten="339,236,207,208" step="2"/><U62/><E101/><V45/><F110/><W126/><G126/><T54/><D54/><U15/><E2/><V129/><F129/><W112/><G112/><T42/><D42/><U133/><E133/><V44/><F122/><W120/><G120/><T22/><D22/><U7/><E19/><V119/><F119/><W100/><G64/><AGARI ba="0,1" hai="8,13,16,26,28,35,37,38,64,65,67,72,73,74" machi="64" ten="40,2600,0" yaku="1,1,54,1,53,0" doraHai="92" doraHaiUra="41" who="0" fromWho="3" sc="339,36,236,0,207,0,208,-26" /><AGARI ba="0,0" hai="0,4,7,9,10,15,57,62,64,69,70,88,95,99" machi="64" ten="30,3900,0" yaku="7,1,52,1,54,1" doraHai="92" who="1" fromWho="3" sc="375,0,236,39,207,0,182,-39" owari="375,47.5,275,7.5,207,-19.3,143,-35.7" /></mjloggm>