<mjloggm ver="2.3"><GO type="225" lobby="0"/><UN n0="%E3%81%BF%E3%81%BF%E3%81%9A" n1="%E3%81%95%E3%81%8D%E3%81%9F%E3%81%BE%E6%9E%97%E6%AA%8E" n2="%50%65%74%65%72%50%61%6E" n3="%E3%81%AF%E3%82%88%E3%81%8A%E3%81%98%E3%81%95%E3%82%93" dan="17,16,17,17" rate="2229.18,2158.37,2261.48,2143.29" sx="M,M,M,M"/><TAIKYOKU oya="0"/><INIT seed="0,0,0,3,1,61" ten="250,250,250,250" oya="0" hai0="31,46,90,112,35,13,20,125,8,69,14,52,122" hai1="50,92,126,41,89,79,44,73,94,83,70,67,133" hai2="48,49,64,80,29,93,26,72,124,123,0,65,39" hai3="38,84,132,9,42,60,53,105,34,114,58,2,74"/><T12/><D69/><U130/><E130/><V54/><F39/><W63/><G114/><T51/><D112/><U30/><E133/><V107/><F107/><W108/><G74/><T59/><D122/><U17/><E126/><V4/><F123/><W5/><G34/><T85/><D125/><U32/><E32/><V56/><F124/><W106/><G132/><T91/><D35/><U129/><E129/><V88/><F49/><W1/><G108/><T66/><D8/><U55/><E30/><V121/><F121/><W18/><G1/><T78/><D78/><U10/><E41/><V68/><F68/><W134/><G134/><T110/><D110/><U127/><E127/><V95/><F95/><W24/><G84/><T109/><D109/><U21/><E10/><V23/><F4/><W28/><G18/><T71/><D71/><U113/><E113/><V128/><F0/><W3/><G3/><T116/><D116/><U16/><E17/><V57/><F57/><W102/><G102/><T22/><D31/><U27/><REACH who="1" step="1"/><E89/><REACH who="1" ten="250,240,250,250" step="2"/><V75/><F128/><W87/><G28/><T36/><D91/><U115/><E115/><V77/><REACH who="2" step="1"/><F75/><REACH who="2" ten="250,240,240,250" step="2"/><W43/><G5/><T62/><D36/><U25/><E25/><V103/><F103/><W131/><G24/><T76/><D76/><U117/><E117/><V40/><F40/><W99/><G43/><T97/><D97/><AGARI ba="0,2" hai="23,26,29,48,54,56,64,65,72,77,80,88,93,97" machi="97" ten="30,8000,1" yaku="1,1,7,1,52,2,54,1,53,0" doraHai="61" doraHaiUra="119" who="2" fromWho="0" sc="250,-80,240,0,240,100,250,0" /><INIT seed="1,0,0,5,2,108" ten="170,240,340,250" oya="1" hai0="23,66,41,24,54,15,61,13,59,122,63,123,50" hai1="37,34,75,6,70,49,0,97,101,114,52,86,96" hai2="73,60,68,57,83,7,113,77,10,118,116,127,19" hai3="120,93,11,64,71,104,90,28,32,117,91,78,92"/><U31/><E114/><V35/><F127/><W39/><G120/><T107/><D107/><U33/><E75/><V102/><F19/><W18/><G104/><T51/><D122/><U131/><E37/><V135/><F135/><W112/><G112/><T47/><D123/><U36/><E36/><V40/><F113/><W46/><G78/><T110/><D110/><U65/><E131/><V100/><F35/><W134/><G117/><T16/><REACH who="0" step="1"/><D63/><REACH who="0" ten="160,240,340,250" step="2"/><U67/><E70/><AGARI ba="0,1" hai="13,15,16,23,24,41,47,50,51,54,59,61,66,70" machi="70" ten="30,8000,1" yaku="1,1,2,1,7,1,54,1,53,1" doraHai="108" doraHaiUra="43" who="0" fromWho="1" sc="160,90,240,-80,340,0,250,0" /><INIT seed="2,0,0,2,1,79" ten="250,160,340,250" oya="2" hai0="32,39,94,61,10,46,54,89,82,9,53,127,27" hai1="8,132,21,29,31,118,24,23,76,1,65,50,45" hai2="41,51,109,100,95,5,130,33,92,12,42,36,81" hai3="58,68,20,15,120,7,77,48,83,47,22,85,99"/><V106/><F33/><W133/><G120/><T110/><D110/><U113/><E113/><V111/><F36/><W4/><G68/><T56/><D127/><U88/><E118/><V59/><F130/><W116/><G116/><T107/><D107/><U60/><E132/><V98/><F81/><W67/><G133/><T97/><D32/><U16/><E76/><V128/><F128/><W112/><G112/><T0/><D0/><U96/><E1/><V91/><F106/><W108/><G108/><N who="2" m="41545" /><F59/><W49/><G99/><T62/><D62/><U55/><E8/><N who="2" m="4111" /><F51/><W13/><G49/><N who="0" m="28855" /><D39/><U103/><E23/><V115/><F115/><W125/><G125/><T19/><D82/><U18/><E31/><V131/><F131/><W114/><G114/><T35/><D35/><U11/><E11/><V129/><F129/><W52/><G15/><T66/><D66/><U104/><REACH who="1" step="1"/><E88/><REACH who="1" ten="250,150,340,250" step="2"/><V57/><F91/><W26/><G20/><AGARI ba="0,1" hai="9,10,19,20,27,54,56,61,89,94,97" m="28855" machi="20" ten="30,2000,0" yaku="25,1,8,1" doraHai="79" who="0" fromWho="3" sc="250,30,150,0,340,0,250,-20" /><INIT seed="3,0,0,4,1,67" ten="280,150,340,230" oya="3" hai0="35,27,109,1,131,11,6,30,113,78,69,38,125" hai1="73,66,44,99,70,5,19,55,106,84,64,7,126" hai2="94,62,12,8,119,33,14,134,92,41,110,116,75" hai3="118,28,45,4,59,74,47,57,20,86,82,2,123"/><W97/><G118/><T101/><D78/><U129/><E73/><V58/><F33/><W127/><G123/><T96/><D109/><U50/><E126/><V77/><F110/><W17/><G74/><T98/><D98/><U133/><E133/><V100/><F134/><W117/><G117/><T120/><D120/><U105/><E84/><V124/><F124/><W60/><G127/><T34/><D125/><U49/><E99/><V22/><F41/><W3/><G28/><T115/><D131/><U16/><E129/><V52/><F77/><W95/><G59/><T18/><D18/><U132/><E132/><V91/><F75/><W32/><G32/><T103/><D103/><U46/><E55/><V54/><F54/><N who="3" m="33847" /><G2/><T26/><D38/><U39/><E39/><V42/><F42/><W61/><G3/><T121/><D121/><U89/><E89/><V80/><F100/><N who="3" m="60479" /><G4/><T112/><D27/><U36/><E36/><V51/><F62/><W65/><G61/><T107/><D35/><U25/><E25/><V9/><F119/><W71/><G71/><AGARI ba="0,0" hai="1,6,11,26,30,34,69,71,96,101,107,112,113,115" machi="71" ten="40,8000,1" yaku="11,1,23,2,52,2" doraHai="67" who="0" fromWho="3" sc="280,80,150,0,340,0,230,-80" /><AGARI ba="0,0" hai="5,7,16,19,44,46,49,50,64,66,70,71,105,106" machi="71" ten="25,8000,1" yaku="22,2,52,2,54,1" doraHai="67" who="1" fromWho="3" sc="360,0,150,80,340,0,150,-80" owari="360,46.0,230,-17.0,340,14.0,70,-43.0" /></mjloggm>