<mjloggm ver="2.3"><GO type="225" lobby="0"/><UN n0="%E3%82%8F%E3%81%8B%E3%81%B0%2A%E3%82%AC%E3%83%BC%E3%83%AB" n1="%E4%BF%BA%E3%81%A8%E5%A6%96%E5%A4%A2" n2="%E6%9D%B1%E9%A2%A8%E3%81%AE%E3%81%8D%E3%82%83%E3%81%B7%E3%81%95%E3%82%93" n3="%E6%B5%81%E3%82%8C%EF%BC%9F%53%4F%41" dan="16,16,16,17" rate="2106.37,2190.84,2152.20,2224.89" sx="M,F,M,M"/><TAIKYOKU oya="0"/><INIT seed="0,0,0,5,5,21" ten="250,250,250,250" oya="0" hai0="118,84,125,52,39,47,132,92,20,133,73,30,105" hai1="94,124,87,107,1,106,31,114,131,127,100,130,53" hai2="16,65,71,64,72,123,88,122,0,115,80,15,110" hai3="82,50,43,111,24,56,81,62,44,63,117,7,97"/><T48/><BYE who="1" /><D118/><U54/><E54/><V85/><F0/><W90/><G117/><T34/><D73/><U119/><E119/><V103/><F115/><W33/><G111/><T36/><D105/><U108/><E108/><V29/><F110/><W23/><G33/><T2/><D2/><U51/><E51/><V42/><F72/><W104/><G7/><T76/><D34/><U25/><E25/><V79/><F29/><W40/><G40/><T74/><D74/><U58/><E58/><V45/><F103/><W75/><G62/><T38/><D125/><U69/><E69/><V99/><F99/><W10/><G10/><T18/><D30/><U17/><E17/><V12/><F12/><W57/><G57/><T46/><D46/><U61/><E61/><V49/><F79/><W14/><G14/><T66/><D66/><U32/><E32/><V126/><F126/><W116/><G116/><T78/><D92/><U68/><E68/><V9/><REACH who="2" step="1"/><F71/><REACH who="2" ten="250,250,240,250" step="2"/><W41/><G75/><T96/><D96/><U77/><E77/><V3/><F3/><W4/><G104/><T120/><D120/><AGARI ba="0,1" hai="9,15,16,42,45,49,64,65,80,85,88,120,122,123" machi="120" ten="40,5200,0" yaku="1,1,54,2,53,0" doraHai="21" doraHaiUra="121" who="2" fromWho="0" sc="250,-52,250,0,240,62,250,0" /><INIT seed="1,0,0,3,2,56" ten="198,250,302,250" oya="1" hai0="29,70,75,17,4,84,117,0,120,72,122,49,101" hai1="40,119,62,31,100,14,50,78,74,88,114,127,22" hai2="77,3,52,41,132,59,19,10,131,118,67,28,46" hai3="125,65,94,51,33,112,32,135,53,90,16,97,30"/><U116/><E116/><V27/><F118/><W96/><G112/><T107/><D70/><U61/><E61/><V37/><F132/><W66/><G135/><T68/><D68/><U35/><E35/><V48/><F131/><W26/><G32/><T82/><D117/><U80/><E80/><V126/><F126/><W38/><G38/><T92/><D29/><U81/><E81/><V39/><F77/><W105/><G125/><T86/><D17/><U60/><E60/><V124/><F124/><W71/><G71/><T83/><D49/><U58/><E58/><V98/><F98/><W130/><G130/><T63/><D63/><U99/><E99/><V110/><F110/><W55/><G55/><T45/><D45/><U123/><E123/><N who="0" m="47145" /><D4/><U106/><E106/><V133/><F133/><W15/><G105/><T42/><D42/><U134/><E134/><V36/><F67/><W2/><G2/><T69/><D0/><U104/><E104/><V18/><F3/><W54/><G54/><T43/><D43/><U5/><E5/><V121/><F121/><W9/><REACH who="3" step="1"/><G97/><REACH who="3" ten="198,250,302,240" step="2"/><N who="0" m="59559" /><D69/><U8/><E8/><V108/><F10/><W76/><G76/><N who="0" m="46151" /><D107/><U103/><E103/><V115/><F36/><UN n1="%E4%BF%BA%E3%81%A8%E5%A6%96%E5%A4%A2" /><W102/><G102/><T89/><AGARI ba="0,1" hai="72,75,83,86,89" m="46151,59559,47145" machi="89" ten="30,4000,0" yaku="13,1,34,2" doraHai="56" who="0" fromWho="0" sc="198,50,250,-20,302,-10,240,-10" /><INIT seed="2,0,0,3,1,62" ten="248,230,292,230" oya="2" hai0="82,96,132,12,63,123,17,41,107,19,111,50,26" hai1="115,112,93,87,86,117,59,89,68,13,131,134,31" hai2="6,72,38,113,105,7,101,100,21,127,9,129,80" hai3="32,1,98,70,128,55,67,92,27,0,3,28,121"/><V45/><F113/><W77/><G121/><T52/><D123/><U22/><E68/><V60/><F105/><W74/><G128/><T104/><D111/><U118/><E59/><V36/><F21/><W2/><N who="3" m="0" /><DORA hai="97" /><W30/><G30/><T47/><D132/><U5/><E131/><V54/><F129/><W35/><G55/><T90/><D26/><U79/><E31/><V120/><F120/><W37/><G37/><T64/><D41/><U99/><E22/><V95/><F95/><W25/><G25/><T110/><D19/><U81/><E13/><V94/><F94/><W4/><G4/><T73/><D110/><U133/><E5/><V108/><F108/><W71/><G67/><T14/><D14/><U39/><E39/><V126/><F7/><W88/><REACH who="3" step="1"/><G32/><REACH who="3" ten="248,230,292,220" step="2"/><T16/><D17/><U33/><E33/><V84/><F38/><W130/><G130/><T18/><D18/><U106/><E115/><V15/><F36/><W20/><G20/><T122/><D122/><U114/><E114/><V40/><F54/><W75/><G75/><T58/><D73/><U69/><E112/><V57/><F72/><W66/><G66/><T119/><D119/><N who="1" m="45579" /><E69/><V83/><F40/><W49/><G49/><T29/><D29/><U91/><E79/><V48/><F48/><W109/><G109/><T135/><D16/><U8/><E8/><V65/><F9/><W125/><G125/><T24/><D12/><U103/><AGARI ba="0,1" hai="81,86,87,89,91,93,99,103,106,133,134" m="45579" machi="103" ten="30,4000,0" yaku="34,2,52,1" doraHai="62,97" who="1" fromWho="1" sc="248,-10,230,50,292,-20,220,-10" /><INIT seed="3,0,0,0,2,122" ten="238,280,272,210" oya="3" hai0="100,57,123,65,48,93,63,85,12,35,113,5,133" hai1="74,73,104,7,56,11,97,81,45,38,31,9,52" hai2="18,29,2,13,96,41,116,53,86,60,121,26,44" hai3="102,91,50,131,36,28,89,79,127,125,107,1,22"/><W92/><G36/><T82/><D123/><U21/><E38/><V134/><F2/><W75/><G1/><T55/><D35/><U59/><E45/><V64/><F53/><W37/><G37/><T77/><D133/><U23/><E81/><V132/><F86/><N who="3" m="52279" /><G50/><T69/><D113/><U111/><E111/><V67/><F96/><N who="3" m="61895" /><G131/><T15/><D5/><U43/><E43/><V72/><F72/><W39/><G39/><T16/><D16/><U58/><E74/><V27/><F121/><W47/><G47/><N who="0" m="28063" /><D69/><U117/><E73/><V103/><F44/><W49/><G49/><T106/><D106/><U84/><E9/><V129/><F41/><W126/><G22/><T42/><D42/><U115/><E115/><V20/><F129/><W110/><G28/><T8/><D8/><U94/><E31/><V76/><F132/><W34/><G34/><T80/><D80/><U61/><E23/><V112/><F134/><W78/><G110/><T70/><D70/><U118/><E21/><V88/><F29/><W101/><G75/><T62/><D62/><U3/><E118/><V32/><F116/><W24/><G24/><N who="2" m="9257" /><F32/><W4/><G4/><T130/><D130/><U71/><E71/><V95/><F112/><W135/><G135/><T6/><D6/><U98/><E117/><V119/><F119/><W33/><G33/><T40/><D40/><U120/><E120/><V68/><F64/><W83/><G101/><T128/><D128/><U109/><E109/><V124/><F103/><W25/><G25/><T0/><D0/><U14/><E3/><V105/><F68/><RYUUKYOKU ba="0,0" sc="238,15,280,-15,272,-15,210,15" hai0="12,15,57,63,65,77,82,85,93,100" hai3="78,79,83,91,125,126,127" /><INIT seed="3,1,0,2,5,100" ten="253,265,257,225" oya="3" hai0="27,21,24,69,0,13,18,55,79,109,12,44,22" hai1="59,105,36,84,123,108,125,121,11,87,86,95,64" hai2="89,61,128,94,58,68,103,116,80,132,16,101,120" hai3="19,112,52,14,7,75,6,54,46,78,122,56,113"/><W133/><G122/><T118/><D118/><U32/><E32/><V96/><F116/><W99/><G112/><T26/><D69/><U57/><E36/><V102/><F120/><W34/><G113/><T135/><D109/><U130/><E11/><V119/><F119/><W30/><G75/><T91/><D135/><U62/><E108/><V104/><F68/><W40/><G133/><T15/><D79/><U129/><E95/><V43/><F43/><W63/><G78/><T134/><D134/><U29/><E29/><V88/><F132/><W71/><G71/><T72/><D72/><U5/><E5/><N who="3" m="1546" /><G34/><T81/><D0/><U31/><E31/><V82/><F128/><N who="1" m="49257" /><E105/><V114/><F114/><W23/><G30/><T48/><D18/><U127/><E59/><V50/><F104/><W65/><G99/><T25/><N who="0" m="6144" /><DORA hai="106" /><T2/><D2/><U107/><E107/><V73/><F73/><W90/><G90/><N who="2" m="34921" /><F50/><AGARI ba="1,0" hai="14,19,23,40,46,50,52,54,56,63,65" m="1546" machi="50" ten="30,2900,0" yaku="8,1,54,1" doraHai="100,106" who="3" fromWho="2" sc="253,0,265,0,257,-32,225,32" /><INIT seed="3,2,0,2,5,74" ten="253,265,225,257" oya="3" hai0="124,66,82,28,7,99,103,24,10,37,52,132,93" hai1="72,49,62,22,25,32,60,130,29,55,2,126,101" hai2="108,100,85,0,79,134,83,96,59,35,42,58,43" hai3="61,65,135,107,123,20,106,11,50,115,8,129,87"/><W5/><G115/><T21/><D124/><U76/><E2/><V88/><F0/><W110/><G123/><T19/><D37/><U95/><E126/><V128/><F35/><W118/><G118/><T111/><D111/><U36/><E36/><V45/><F108/><W47/><G110/><T44/><D132/><U117/><E117/><V133/><F128/><W89/><G135/><N who="2" m="51721" /><F100/><W53/><G20/><T90/><D66/><U39/><E39/><N who="2" m="21727" /><F43/><W78/><G8/><T84/><D28/><U109/><E32/><V56/><F96/><W125/><G125/><T91/><D44/><U14/><E95/><V26/><F26/><W114/><G114/><T104/><D52/><U71/><E101/><V122/><F122/><W70/><G129/><T64/><D64/><U73/><E71/><V80/><F80/><W16/><G16/><T75/><D75/><U102/><E72/><V131/><F131/><W13/><G78/><AGARI ba="2,0" hai="56,58,59,78,79,83,85,88" m="21727,51721" machi="78" ten="30,7700,0" yaku="20,1,52,2,54,1" doraHai="74" who="2" fromWho="3" sc="253,0,265,0,225,83,257,-83" owari="253,-14.7,265,6.5,308,40.8,174,-32.6" /></mjloggm>