<mjloggm ver="2.3"><GO type="225" lobby="0"/><UN n0="%E7%89%B9%E6%9D%B1%E3%81%AF%E4%B8%96%E7%95%8C%E3%82%92%E6%95%91%E3%81%86" n1="%E6%B4%BE%E9%81%A3%E3%81%AE%E3%82%B8%E3%83%A3%E3%83%83%E3%82%AF" n2="%E3%83%81%E3%83%83%E3%82%BF%E3%82%BD%E3%83%BC" n3="%E9%BB%99%E8%81%B4%E3%81%AE%E3%81%99%E3%82%9D%E3%82%81" dan="16,17,16,16" rate="2183.92,2198.99,2192.61,2116.93" sx="M,M,F,M"/><TAIKYOKU oya="0"/><INIT seed="0,0,0,4,1,0" ten="250,250,250,250" oya="0" hai0="48,78,92,70,107,90,36,120,18,55,61,91,77" hai1="28,118,110,49,63,52,108,69,42,98,102,14,96" hai2="124,84,129,127,83,74,72,121,35,89,15,123,109" hai3="21,11,93,104,101,86,94,45,75,2,40,13,59"/><T23/><D120/><N who="2" m="46154" /><F15/><W53/><G75/><N who="2" m="28713" /><F35/><W125/><G125/><N who="2" m="48201" /><F109/><N who="1" m="42089" /><E118/><V111/><F111/><W9/><G104/><T31/><D107/><U30/><E14/><V131/><AGARI ba="0,0" hai="83,84,89,129,131" m="48201,28713,46154" machi="131" ten="40,5200,0" yaku="18,1,34,2" doraHai="0" who="2" fromWho="2" sc="250,-26,250,-13,250,52,250,-13" /><INIT seed="1,0,0,1,5,49" ten="224,237,302,237" oya="1" hai0="56,61,6,19,112,0,1,59,9,74,87,47,114" hai1="15,134,104,77,118,105,53,42,32,117,18,82,33" hai2="73,7,25,90,38,21,68,92,109,135,107,79,69" hai3="27,95,36,76,80,35,100,23,85,54,130,86,11"/><U34/><E42/><V96/><F109/><W52/><G36/><T57/><D74/><U123/><E123/><V16/><F135/><W3/><G35/><T65/><D1/><U119/><E134/><V133/><F133/><W116/><G130/><T4/><D4/><U55/><E104/><V39/><F107/><W84/><G116/><T108/><D108/><U67/><E67/><V94/><F7/><W63/><G63/><T31/><D31/><U20/><REACH who="1" step="1"/><E105/><REACH who="1" ten="224,227,302,237" step="2"/><V110/><F110/><W91/><G3/><T30/><D114/><U75/><AGARI ba="0,1" hai="15,18,20,32,33,34,53,55,75,77,82,117,118,119" machi="75" ten="40,18000,2" yaku="1,1,2,1,0,1,52,2,53,1" doraHai="49" doraHaiUra="14" who="1" fromWho="1" sc="224,-60,227,190,302,-60,237,-60" /><INIT seed="1,1,0,5,0,124" ten="164,417,242,177" oya="1" hai0="51,130,134,86,128,20,100,95,28,15,102,94,72" hai1="16,68,4,83,99,45,110,109,24,17,104,42,133" hai2="31,0,67,74,33,85,117,126,66,47,10,56,84" hai3="25,48,116,1,131,82,36,65,7,49,118,119,75"/><U113/><E113/><V27/><F126/><W61/><G36/><T91/><D72/><U122/><E122/><V3/><F117/><W101/><G101/><T123/><D123/><U121/><E121/><V96/><F74/><W98/><G98/><T112/><D112/><U59/><E68/><V9/><F47/><W87/><G75/><T90/><D51/><U111/><E133/><V115/><F115/><W13/><G1/><T132/><D15/><U69/><E83/><V105/><F96/><W29/><G13/><T76/><D20/><U63/><E69/><V88/><F105/><W89/><G7/><T129/><D28/><U40/><E4/><V55/><F84/><W8/><G8/><T2/><D2/><U114/><E114/><V52/><F3/><W46/><G46/><T43/><D43/><N who="1" m="16427" /><E24/><V12/><F0/><W22/><REACH who="3" step="1"/><G131/><REACH who="3" ten="164,417,242,167" step="2"/><T103/><D76/><U19/><E45/><V39/><F39/><W37/><G37/><T14/><D14/><U108/><E108/><V64/><F9/><W71/><AGARI ba="1,1" hai="22,25,29,48,49,61,65,71,82,87,89,116,118,119" machi="71" ten="30,4000,0" yaku="1,1,0,1,12,1,53,0" doraHai="124" doraHaiUra="70" who="3" fromWho="3" sc="164,-11,417,-21,242,-11,167,53" /><INIT seed="2,0,0,3,2,74" ten="153,396,231,220" oya="2" hai0="110,44,73,134,15,4,91,94,57,42,133,23,117" hai1="118,95,64,56,59,115,81,123,34,7,107,40,100" hai2="96,17,12,41,80,124,97,77,82,60,127,50,65" hai3="67,128,28,62,33,8,13,19,89,68,51,122,1"/><V114/><F114/><W98/><G128/><T53/><D110/><U106/><E115/><V78/><F50/><W87/><G122/><T46/><D117/><U84/><E34/><V86/><F41/><W36/><G36/><T108/><D108/><U39/><E7/><V49/><F49/><W111/><G111/><T26/><D73/><U5/><E5/><V0/><F0/><W131/><G131/><T103/><D103/><U104/><E118/><V3/><F3/><W76/><G1/><T121/><D121/><U30/><E30/><V27/><F27/><W2/><G2/><T14/><D134/><U55/><E64/><V37/><F37/><W21/><G33/><T112/><D133/><U120/><E56/><V79/><F60/><W109/><G109/><T61/><D112/><U85/><E40/><V119/><F65/><W58/><G51/><T11/><D15/><U92/><E59/><V47/><F47/><W113/><G113/><T24/><D42/><U126/><E55/><V99/><F119/><W130/><G130/><T125/><D125/><N who="2" m="48202" /><F86/><W102/><G68/><T48/><D48/><U66/><E66/><V69/><F69/><W35/><G35/><T132/><D132/><U9/><E39/><V52/><F52/><W32/><G32/><T88/><D24/><U18/><E126/><V10/><AGARI ba="0,0" hai="10,12,17,77,78,79,80,82,96,97,99" m="48202" machi="10" ten="40,12000,1" yaku="18,1,52,3" doraHai="74" who="2" fromWho="2" sc="153,-40,396,-40,231,120,220,-40" /><INIT seed="2,1,0,2,3,102" ten="113,356,351,180" oya="2" hai0="28,117,90,44,54,43,55,52,21,2,105,51,85" hai1="73,53,107,66,131,132,128,104,87,115,11,16,49" hai2="78,26,69,64,65,32,79,130,82,57,122,14,37" hai3="9,5,134,96,120,4,13,106,50,0,10,95,15"/><V91/><F130/><N who="1" m="49705" /><E115/><V39/><F122/><W100/><G134/><T6/><D117/><U108/><E73/><V121/><F121/><W25/><G120/><T38/><D105/><U103/><E108/><V17/><F69/><W56/><G25/><T125/><D125/><U112/><E112/><V97/><F37/><W12/><REACH who="3" step="1"/><G95/><REACH who="3" ten="113,356,351,170" step="2"/><T34/><D34/><U7/><E132/><V62/><F26/><W18/><G18/><T60/><D60/><U81/><E16/><V114/><F114/><W47/><G47/><T63/><D63/><U89/><E104/><V86/><F32/><W58/><G58/><T67/><D67/><U88/><E66/><V45/><F65/><W70/><G70/><T127/><D127/><U77/><E107/><V33/><F33/><W135/><G135/><T20/><D28/><U129/><E129/><V40/><F17/><W36/><G36/><T94/><REACH who="0" step="1"/><D38/><REACH who="0" ten="103,356,351,170" step="2"/><U41/><E49/><V116/><F116/><W61/><G61/><T93/><D93/><U98/><E81/><V22/><F39/><W126/><G126/><T75/><D75/><U80/><E80/><V71/><F82/><W35/><G35/><T24/><D24/><U68/><E68/><V111/><F71/><W29/><G29/><T19/><D19/><U42/><E7/><V119/><F119/><W48/><G48/><T74/><D74/><U72/><E72/><V133/><F133/><W59/><G59/><T109/><D109/><U124/><E124/><V123/><F57/><W76/><G76/><T23/><D23/><U101/><E77/><V27/><F78/><RYUUKYOKU ba="1,2" sc="103,15,356,-15,351,-15,170,15" hai0="2,6,20,21,43,44,51,52,54,55,85,90,94" hai3="0,4,5,9,10,12,13,15,50,56,96,100,106" /><INIT seed="3,2,2,4,4,60" ten="118,341,336,185" oya="3" hai0="121,115,44,19,114,128,33,111,54,84,20,100,46" hai1="82,11,90,63,118,29,104,93,13,122,10,47,38" hai2="91,123,15,30,58,73,51,119,103,131,107,24,7" hai3="78,89,8,26,132,55,34,52,102,67,135,45,110"/><W71/><G78/><T77/><D121/><U22/><E122/><V4/><F119/><W28/><G102/><T86/><D33/><U83/><E104/><V66/><F73/><W92/><G110/><T117/><D117/><U18/><E118/><V79/><F123/><W127/><G127/><T21/><D100/><U48/><E63/><V87/><F131/><W72/><G72/><T68/><D68/><U74/><E38/><V70/><F79/><W125/><G125/><T5/><D77/><U12/><E74/><V120/><F120/><W27/><G8/><N who="1" m="3114" /><E12/><V105/><F70/><W36/><G26/><T6/><D54/><N who="1" m="29983" /><E29/><V49/><F105/><W124/><G124/><T98/><D98/><AGARI ba="2,2" hai="13,18,22,82,83,90,93,98" m="29983,3114" machi="98" ten="30,1000,0" yaku="8,1" doraHai="60" who="1" fromWho="0" sc="118,-16,341,36,336,0,185,0" owari="102,-39.8,377,47.7,336,13.6,185,-21.5" /></mjloggm>