<mjloggm ver="2.3"><GO type="225" lobby="0"/><UN n0="%E9%81%A0%E8%BF%91%E9%99%B0%E6%99%B4%E7%9A%86%E5%85%A5%E5%BF%83" n1="%E6%9C%88%E5%B3%B6%E5%9F%BA" n2="%E6%98%93%E5%88%A9%E8%96%A9%E4%BC%AF" n3="%43%68%65" dan="17,16,17,16" rate="2142.44,2022.73,2211.95,2181.36" sx="F,M,F,M"/><TAIKYOKU oya="0"/><INIT seed="0,0,0,3,5,60" ten="250,250,250,250" oya="0" hai0="36,106,58,33,66,18,43,23,76,35,133,105,45" hai1="129,12,2,42,111,123,74,57,114,10,81,125,51" hai2="21,120,56,14,104,89,19,126,9,38,64,62,13" hai3="115,34,71,59,16,88,131,90,79,77,5,97,22"/><T95/><D133/><U32/><E57/><V132/><F126/><W96/><G115/><T91/><D76/><N who="3" m="29257" /><G71/><T99/><D35/><U44/><E12/><V128/><F132/><W92/><G34/><T7/><D7/><U6/><E51/><V53/><F128/><W67/><G131/><T116/><D33/><U30/><E81/><V135/><F104/><W47/><G5/><T17/><D116/><U94/><E94/><V117/><F120/><W27/><G47/><T68/><D68/><U124/><E44/><V122/><F122/><W20/><G20/><T55/><D18/><U8/><E74/><V48/><F117/><W112/><G112/><T78/><D78/><U24/><E42/><V63/><F38/><W31/><G31/><T85/><D99/><N who="3" m="37961" /><G92/><T107/><D66/><U70/><E70/><V72/><F135/><W100/><G100/><T49/><REACH who="0" step="1"/><D107/><REACH who="0" ten="240,250,250,250" step="2"/><U101/><E123/><V80/><F64/><W29/><G29/><T119/><D119/><U11/><E114/><V127/><F19/><W26/><G26/><AGARI ba="0,1" hai="17,23,26,36,43,45,49,55,58,85,91,95,105,106" machi="26" ten="30,5800,0" yaku="1,1,7,1,53,1" doraHai="60" doraHaiUra="86" who="0" fromWho="3" sc="240,68,250,0,250,0,250,-58" /><INIT seed="0,1,0,5,4,56" ten="308,250,250,192" oya="0" hai0="48,118,134,8,35,105,49,114,101,20,90,112,38" hai1="130,81,84,104,2,23,30,45,4,18,89,40,28" hai2="132,58,103,91,113,3,70,55,52,9,87,51,41" hai3="47,125,36,10,98,120,27,26,102,111,6,57,43"/><T11/><D35/><U119/><E119/><V13/><F113/><W22/><G111/><T64/><D118/><U50/><E104/><V106/><F70/><W100/><G125/><T80/><D38/><U59/><E130/><V82/><F132/><W72/><G120/><T115/><D134/><U63/><E4/><V127/><F127/><W128/><G128/><T69/><D105/><U83/><E83/><V60/><F3/><W24/><G72/><T85/><D101/><U73/><E2/><V7/><F106/><W135/><G135/><T108/><D108/><U95/><E81/><V122/><F122/><W76/><G76/><T75/><D75/><U124/><E73/><V62/><F103/><W65/><G22/><T126/><D126/><U25/><REACH who="1" step="1"/><E124/><REACH who="1" ten="308,240,250,192" step="2"/><V109/><F109/><W93/><G102/><T29/><D80/><U61/><E61/><N who="2" m="36039" /><F41/><W53/><G65/><AGARI ba="1,1" hai="18,23,25,28,30,40,45,50,59,63,65,84,89,95" machi="65" ten="30,8000,1" yaku="1,1,7,1,8,1,52,1,53,1" doraHai="56" doraHaiUra="86" who="1" fromWho="3" sc="308,0,240,93,250,0,192,-83" /><INIT seed="1,0,0,3,3,131" ten="308,333,250,109" oya="1" hai0="121,38,69,26,58,89,36,55,123,49,88,120,25" hai1="43,77,35,90,57,13,32,5,6,62,52,3,128" hai2="47,127,16,30,8,94,82,14,46,54,87,107,10" hai3="103,134,122,65,71,44,85,125,93,113,70,63,96"/><U22/><E128/><V101/><F127/><W129/><G129/><T72/><D72/><U4/><E3/><V91/><F107/><W15/><G113/><T105/><D105/><U79/><E43/><V135/><F135/><W92/><G122/><T40/><D69/><U11/><E22/><V42/><F30/><W95/><G125/><T102/><D102/><U97/><E35/><V126/><F126/><W109/><G109/><T110/><D110/><U34/><E34/><V67/><F67/><W76/><G134/><T18/><D18/><N who="1" m="8511" /><E32/><V98/><F42/><W28/><G28/><T74/><D74/><U59/><E59/><V41/><F41/><W130/><G130/><T99/><D40/><U0/><E0/><V81/><F81/><W51/><G71/><T24/><REACH who="0" step="1"/><D99/><REACH who="0" ten="298,333,250,109" step="2"/><U132/><E132/><V78/><F101/><W83/><G15/><T53/><D53/><AGARI ba="0,1" hai="44,51,53,63,65,70,76,83,85,92,93,95,96,103" machi="53" ten="30,1000,0" yaku="7,1" doraHai="131" who="3" fromWho="0" sc="298,-10,333,0,250,0,109,20" /><INIT seed="2,0,0,1,2,2" ten="288,333,250,129" oya="2" hai0="0,11,83,106,51,29,74,90,102,93,77,5,56" hai1="12,27,37,119,114,103,132,47,124,68,100,62,9" hai2="70,44,15,131,105,79,3,82,121,20,128,78,14" hai3="65,75,98,21,101,41,61,25,45,96,94,13,85"/><V81/><F105/><W110/><G75/><T34/><D34/><U33/><E114/><V52/><F70/><W59/><G110/><T112/><D29/><U72/><E72/><V125/><F3/><W31/><G96/><T117/><D112/><U123/><E119/><V127/><F20/><W129/><G129/><N who="2" m="49737" /><F44/><W63/><G63/><T122/><D122/><U73/><E47/><V57/><F15/><W28/><G28/><T43/><D102/><U113/><E12/><V66/><F66/><W42/><G45/><T7/><D106/><U88/><E68/><V4/><F82/><W19/><REACH who="3" step="1"/><G85/><REACH who="3" ten="288,333,250,119" step="2"/><T86/><D117/><U92/><E113/><V95/><F121/><W109/><G109/><T99/><D74/><U97/><E73/><V10/><F125/><W24/><G24/><T6/><REACH who="0" step="1"/><D43/><REACH who="0" ten="278,333,250,119" step="2"/><U80/><E123/><V58/><F127/><W108/><G108/><T48/><D48/><U30/><E124/><V135/><F135/><W115/><G115/><T111/><D111/><U1/><E132/><V22/><F79/><W91/><G91/><T32/><D32/><AGARI ba="0,2" hai="13,19,21,25,31,32,41,42,59,61,65,94,98,101" machi="32" ten="30,2000,0" yaku="1,1,7,1,53,0" doraHai="2" doraHaiUra="118" who="3" fromWho="0" sc="278,-20,333,0,250,0,119,40" /><INIT seed="3,0,0,4,0,43" ten="258,333,250,159" oya="3" hai0="55,93,102,41,117,92,38,44,79,25,108,30,86" hai1="97,14,110,114,64,74,109,101,1,95,83,118,98" hai2="113,131,104,56,133,134,42,19,132,8,125,105,58" hai3="5,28,120,23,0,94,123,2,11,103,36,15,91"/><W67/><G103/><T40/><D117/><U100/><E1/><V66/><F113/><W80/><G36/><T89/><D108/><N who="1" m="41579" /><E114/><V116/><F116/><W128/><G128/><T48/><D79/><N who="1" m="44535" /><E118/><V39/><F125/><W121/><G80/><T115/><D115/><U85/><E64/><V68/><F68/><W122/><N who="3" m="30720" /><DORA hai="22" /><W10/><G67/><T59/><D40/><U81/><E14/><N who="2" m="7623" /><F131/><W57/><G57/><N who="2" m="22121" /><F66/><W62/><G62/><T124/><D124/><U26/><E26/><V107/><F42/><W78/><G78/><T53/><D53/><U77/><E98/><V32/><F32/><W3/><G11/><T65/><D65/><U33/><E33/><V96/><F39/><W129/><G129/><T35/><REACH who="0" step="1"/><D102/><AGARI ba="0,0" hai="77,81,85,95,97,100,101,102" m="44535,41579" machi="102" ten="30,3900,0" yaku="14,1,34,2" doraHai="43,22" who="1" fromWho="0" sc="258,-39,333,39,250,0,159,0" /><AGARI ba="0,0" hai="96,102,104,105,107,132,133,134" m="22121,7623" machi="102" ten="40,1300,0" yaku="20,1" doraHai="43,22" who="2" fromWho="0" sc="219,-13,372,0,250,13,159,0" owari="206,-19.4,372,47.2,263,6.3,159,-34.1" /></mjloggm>