<mjloggm ver="2.3"><GO type="225" lobby="0"/><UN n0="%E3%81%A4%E3%81%A3%E3%81%B1%E3%82%8A%E3%83%9D%E3%83%BC%E3%83%AB" n1="%E3%81%8A%E3%81%AB%E3%82%83%E3%81%8A%E3%81%A1%E3%82%83" n2="%E7%99%BD%E5%80%89%E5%AF%9B%E4%B9%8B" n3="%EF%BC%AE%EF%BC%A1%EF%BC%AF%33%33%39" dan="17,16,16,16" rate="2157.66,2085.77,2177.94,2216.91" sx="M,M,M,M"/><TAIKYOKU oya="0"/><INIT seed="0,0,0,0,4,65" ten="250,250,250,250" oya="0" hai0="120,94,63,66,10,21,2,58,125,36,49,103,34" hai1="126,71,127,52,39,118,133,112,134,76,83,119,77" hai2="0,130,89,12,106,92,68,27,111,33,105,57,69" hai3="6,72,51,96,5,24,7,123,128,124,41,9,135"/><T116/><D116/><U13/><E39/><V73/><F0/><W78/><G96/><T59/><D120/><U121/><E13/><V18/><F73/><W131/><G41/><T28/><D36/><U31/><E31/><V85/><F111/><W42/><G42/><T81/><D34/><U16/><E16/><V26/><F130/><N who="3" m="49707" /><G51/><T1/><D125/><N who="1" m="47627" /><E52/><V45/><F45/><W132/><G78/><N who="1" m="30314" /><E83/><V82/><F57/><W11/><G124/><T14/><D81/><U80/><E80/><V40/><F40/><W46/><G46/><T107/><D49/><U20/><E20/><V113/><F113/><W47/><G47/><T15/><D59/><U102/><E102/><V50/><F50/><W55/><G55/><T70/><D58/><U117/><E71/><V108/><F108/><W17/><G72/><T64/><D64/><U87/><E87/><V98/><F106/><W79/><G79/><T67/><D107/><U91/><E91/><V38/><F105/><W129/><G129/><T84/><D67/><U25/><E25/><V61/><F38/><W101/><G101/><T30/><D103/><U88/><E88/><V110/><F110/><W53/><G53/><T23/><D84/><U109/><E109/><V32/><F61/><W48/><G48/><T56/><D56/><U29/><E29/><V97/><F97/><W90/><G90/><T115/><D30/><U93/><E93/><V3/><F98/><W86/><G86/><T4/><D28/><U95/><E95/><V60/><F92/><W35/><G35/><T44/><D94/><U75/><E118/><RYUUKYOKU ba="0,0" sc="250,0,250,0,250,0,250,0" /><INIT seed="1,1,0,4,5,17" ten="250,250,250,250" oya="1" hai0="90,134,91,57,77,75,110,81,38,37,85,118,76" hai1="39,0,132,94,95,83,27,68,44,56,123,59,14" hai2="79,92,41,34,45,29,119,107,30,133,42,131,70" hai3="58,135,63,124,74,43,32,100,11,9,40,46,60"/><U128/><E123/><V50/><F107/><W54/><G74/><T3/><D3/><U96/><E0/><V12/><F70/><W47/><G32/><T89/><D118/><U64/><E68/><V129/><F119/><W7/><G100/><T86/><D110/><U88/><E128/><N who="2" m="49227" /><F133/><W18/><G135/><T114/><D134/><U72/><E132/><V49/><F79/><W5/><G124/><T80/><D114/><U13/><E72/><V73/><F73/><W16/><G58/><T102/><D75/><U4/><E83/><V87/><F12/><N who="1" m="4713" /><E39/><V125/><F125/><W53/><AGARI ba="1,0" hai="5,7,9,11,16,18,40,43,46,47,53,54,60,63" machi="53" ten="25,8000,1" yaku="0,1,22,2,8,1,54,1" doraHai="17" who="3" fromWho="3" sc="250,-21,250,-41,250,-21,250,83" /><INIT seed="2,0,0,4,1,81" ten="229,209,229,333" oya="2" hai0="100,7,130,111,12,46,92,131,108,9,133,127,95" hai1="97,126,19,26,104,36,25,135,87,79,110,48,78" hai2="28,103,1,41,73,128,34,22,96,93,47,61,4" hai3="67,40,42,68,15,39,52,99,113,63,107,105,29"/><V37/><F128/><N who="0" m="49194" /><D133/><U64/><E36/><V120/><F120/><W76/><G29/><T20/><D127/><U106/><E126/><V32/><F73/><W134/><G134/><T98/><D46/><U6/><E135/><V57/><F4/><W70/><G70/><T10/><D20/><U101/><E106/><V94/><F1/><W65/><G65/><T31/><D31/><U30/><E110/><N who="0" m="42025" /><D10/><U90/><E64/><N who="2" m="38959" /><F94/><AGARI ba="0,0" hai="7,9,12,92,94,95,98,100" m="42025,49194" machi="94" ten="30,2000,0" yaku="19,1,14,1" doraHai="81" who="0" fromWho="2" sc="229,20,209,0,229,-20,333,0" /><INIT seed="3,0,0,2,2,128" ten="249,209,209,333" oya="3" hai0="33,89,37,11,57,106,42,2,73,28,94,65,104" hai1="97,85,100,3,44,32,61,6,56,18,115,116,95" hai2="127,21,16,118,68,86,132,22,0,93,13,78,4" hai3="66,23,76,47,105,9,5,50,7,124,130,36,51"/><W134/><G105/><T31/><D73/><U80/><E115/><V69/><F118/><W15/><G76/><T92/><D57/><U81/><E116/><V30/><F127/><W119/><G119/><T107/><D65/><U108/><E108/><V75/><F75/><W88/><G66/><T103/><D94/><U52/><E32/><V20/><F132/><W27/><G124/><T99/><D33/><U38/><E3/><V55/><F55/><W14/><G130/><T117/><D89/><U12/><E6/><V71/><F30/><W125/><G125/><T10/><D117/><U74/><E74/><V91/><REACH who="2" step="1"/><F78/><REACH who="2" ten="249,209,199,333" step="2"/><W123/><G134/><T39/><D31/><U45/><E38/><V60/><F60/><W64/><G36/><T110/><D28/><U133/><E133/><V53/><F53/><W112/><G64/><T87/><D39/><U58/><E58/><V122/><F122/><W40/><G123/><T34/><D37/><U131/><E131/><V24/><F24/><W120/><G27/><T48/><D110/><U72/><E72/><V101/><F101/><W135/><G135/><T19/><D103/><U109/><E109/><V59/><F59/><W96/><G120/><T84/><D34/><U49/><E61/><V1/><F1/><W83/><G51/><T114/><D48/><U113/><E113/><V129/><F129/><W70/><G50/><T77/><D2/><U62/><E62/><V82/><F82/><N who="1" m="31849" /><E85/><V102/><F102/><W8/><G112/><T121/><D114/><U63/><E63/><V26/><F26/><W29/><G83/><RYUUKYOKU ba="0,1" sc="249,-15,209,15,199,15,333,-15" hai1="12,18,44,45,49,52,56,95,97,100" hai2="0,4,13,16,20,21,22,68,69,71,86,91,93" owari="234,3.4,224,-17.6,214,-28.6,328,42.8" /></mjloggm>