<mjloggm ver="2.3"><GO type="225" lobby="0"/><UN n0="%4C%4F%4C%49%54%41" n1="%4E%6F%2E%30%30%30%31" n2="%E3%83%96%E3%83%83%E3%83%91%E3%82%AA%E3%83%96%E3%83%81%E3%82%AD%E3%83%B3" n3="%E3%81%AF%E3%82%88%E3%81%8A%E3%81%98%E3%81%95%E3%82%93" dan="16,18,16,16" rate="2111.48,2225.88,2176.31,2184.61" sx="F,M,M,M"/><TAIKYOKU oya="0"/><INIT seed="0,0,0,5,4,7" ten="250,250,250,250" oya="0" hai0="14,45,8,108,6,77,74,85,46,12,11,20,37" hai1="130,79,115,16,90,117,58,73,75,64,30,38,131" hai2="51,41,135,56,23,124,111,113,104,100,76,101,84" hai3="126,94,118,25,34,17,123,125,28,55,22,0,120"/><T67/><D74/><U82/><E117/><V5/><F113/><W97/><G55/><T47/><D108/><U48/><E38/><V24/><F111/><W107/><G107/><T42/><D67/><U103/><E115/><V39/><F124/><N who="3" m="47723" /><G94/><T89/><D20/><U26/><E103/><N who="2" m="39499" /><F39/><W81/><G81/><T128/><D128/><N who="1" m="49195" /><E90/><V133/><F104/><W57/><G57/><T10/><D77/><U61/><E48/><V21/><F76/><W112/><G97/><T1/><D1/><U66/><E66/><V119/><F119/><W110/><G112/><T50/><D37/><U95/><E95/><V54/><F84/><W78/><G78/><T127/><D127/><U44/><E44/><N who="0" m="17001" /><D6/><U18/><E73/><V60/><F5/><W109/><G118/><T15/><D14/><U86/><E75/><V72/><F72/><W13/><G0/><T43/><D42/><U70/><E70/><V116/><F116/><W33/><G33/><AGARI ba="0,0" hai="16,18,26,30,33,58,61,64,79,82,86" m="49195" machi="33" ten="30,2000,0" yaku="19,1,54,1" doraHai="7" who="1" fromWho="3" sc="250,0,250,20,250,0,250,-20" /><INIT seed="1,0,0,0,1,127" ten="250,270,250,230" oya="1" hai0="25,126,12,76,85,5,43,45,86,81,20,82,42" hai1="9,32,27,79,11,50,74,36,17,99,77,49,60" hai2="65,98,47,8,61,116,91,0,89,3,122,123,70" hai3="13,95,22,108,52,7,133,129,34,106,105,59,28"/><U4/><E36/><V88/><F116/><W64/><G108/><T14/><D126/><U78/><E74/><V117/><F117/><W55/><G133/><T101/><D101/><U125/><E125/><V121/><F8/><N who="1" m="3145" /><E32/><V48/><REACH who="2" step="1"/><F98/><REACH who="2" ten="250,270,240,230" step="2"/><W39/><G7/><T57/><D5/><U94/><E4/><V10/><F10/><W107/><G129/><T2/><D2/><U135/><E135/><V103/><F103/><W96/><G96/><T44/><D12/><U93/><E99/><V134/><F134/><W15/><G13/><T97/><D14/><U35/><E35/><V113/><F113/><W73/><G34/><T131/><D97/><U38/><E38/><V83/><F83/><W104/><G39/><T40/><D131/><U92/><E60/><V124/><F124/><W132/><G132/><T102/><D102/><U90/><E90/><V110/><F110/><W120/><G106/><T128/><D128/><U87/><E87/><V54/><AGARI ba="0,1" hai="0,3,47,48,54,61,65,70,88,89,91,121,122,123" machi="54" ten="40,5200,0" yaku="1,1,0,1,54,1,53,0" doraHai="127" doraHaiUra="26" who="2" fromWho="2" sc="250,-13,270,-26,240,62,230,-13" /><INIT seed="2,0,0,3,4,12" ten="237,244,302,217" oya="2" hai0="24,26,37,127,118,3,131,95,11,56,44,38,121" hai1="91,57,100,75,63,96,15,78,54,102,39,53,9" hai2="105,113,32,133,40,81,17,122,52,36,132,60,43" hai3="27,83,65,108,84,58,62,88,86,66,87,135,104"/><V111/><F113/><W29/><G108/><T64/><D121/><U74/><E39/><V46/><F122/><W68/><G135/><N who="2" m="51785" /><F105/><W71/><G104/><T129/><D127/><U51/><E91/><V112/><F112/><W119/><G119/><T106/><D106/><U61/><E78/><V48/><F32/><W19/><G19/><T72/><D72/><U82/><E82/><V101/><F101/><W13/><G13/><T33/><D95/><U69/><E69/><V47/><F111/><W2/><G2/><T109/><D118/><U41/><E41/><N who="2" m="22823" /><F81/><W98/><G65/><T21/><D33/><U93/><E102/><V55/><F17/><W77/><G98/><T89/><D109/><U22/><E22/><V16/><F16/><W20/><REACH who="3" step="1"/><G86/><REACH who="3" ten="237,244,302,207" step="2"/><T128/><D131/><U59/><E75/><V25/><F25/><W117/><G117/><T10/><D26/><U67/><E74/><V94/><F94/><AGARI ba="0,1" hai="20,27,29,58,62,66,68,71,77,83,84,87,88,94" machi="94" ten="30,3900,0" yaku="1,1,7,1,54,1,53,0" doraHai="12" doraHaiUra="110" who="3" fromWho="2" sc="237,0,244,0,302,-39,207,49" /><INIT seed="3,0,0,4,4,85" ten="237,244,263,256" oya="3" hai0="48,66,124,21,63,60,87,120,94,52,104,65,83" hai1="110,24,109,18,76,116,54,114,20,115,3,9,99" hai2="133,7,67,29,121,17,55,106,91,77,14,74,11" hai3="96,107,128,4,57,117,130,28,111,68,61,46,131"/><W2/><G117/><T95/><D104/><U71/><E71/><V73/><F106/><W23/><G68/><T49/><D124/><U58/><E76/><V70/><F29/><W122/><G122/><T88/><D48/><U1/><E99/><V102/><F102/><W134/><G134/><T33/><D33/><U34/><E116/><V105/><F105/><W81/><G111/><N who="1" m="42506" /><E34/><V129/><F129/><W42/><G81/><T5/><D5/><N who="1" m="1199" /><E3/><V32/><F32/><W25/><G4/><T19/><D63/><AGARI ba="0,0" hai="18,20,24,54,58,63,114,115" m="1199,42506" machi="63" ten="30,1000,0" yaku="14,1" doraHai="85" who="1" fromWho="0" sc="237,-10,244,10,263,0,256,0" /><INIT seed="4,0,0,4,0,43" ten="227,254,263,256" oya="0" hai0="127,2,49,128,40,50,7,105,16,88,21,42,67" hai1="133,130,29,27,22,117,47,104,78,34,52,95,84" hai2="102,25,114,111,99,46,98,70,76,72,93,19,85" hai3="106,100,110,4,18,14,131,30,108,94,115,121,86"/><T5/><D105/><U103/><E117/><V120/><F70/><W112/><G4/><N who="0" m="1611" /><D2/><U129/><E133/><V64/><F120/><W134/><G30/><T0/><D0/><U92/><E34/><V10/><F64/><W13/><G13/><N who="0" m="9359" /><D67/><U59/><E104/><V61/><F61/><W26/><G26/><T77/><D77/><U80/><E47/><V109/><F25/><W3/><G3/><T73/><D73/><U113/><E113/><N who="3" m="43594" /><G18/><T116/><D116/><U31/><E31/><V58/><F114/><W15/><G14/><T119/><D119/><U71/><E71/><V56/><F19/><W97/><G15/><T6/><N who="0" m="1619" /><T11/><DORA hai="91" /><D11/><U57/><E57/><V66/><F58/><W55/><G134/><T38/><D38/><U75/><E75/><V82/><F10/><W28/><G28/><T35/><D35/><U107/><E107/><N who="2" m="63959" /><F56/><W33/><G33/><T9/><D9/><U12/><E12/><V17/><F17/><W118/><G118/><T74/><D74/><U63/><E103/><N who="2" m="60911" /><F66/><W122/><G106/><T44/><D127/><U132/><E132/><V126/><F126/><W62/><G121/><T90/><D128/><AGARI ba="0,0" hai="22,27,29,52,59,63,78,80,84,92,95,128,129,130" machi="128" ten="40,8000,1" yaku="19,1,52,2,54,1" doraHai="43,91" who="1" fromWho="0" sc="227,-80,254,80,263,0,256,0" owari="147,-35.3,334,43.4,263,6.3,256,-14.4" /></mjloggm>