<mjloggm ver="2.3"><GO type="225" lobby="0"/><UN n0="%E3%83%96%E3%83%83%E3%83%91%E3%82%AA%E3%83%96%E3%83%81%E3%82%AD%E3%83%B3" n1="%E3%83%94%E3%83%B3%E3%82%B5%E3%83%AD%E5%BA%97%E5%93%A1" n2="%E5%8D%A0%E3%81%84%E5%B8%AB%E8%A3%8F%E3%81%AA%E3%81%84%E3%81%97" n3="%E5%91%A8%E6%9D%B1" dan="16,17,17,17" rate="2151.54,2198.19,2214.58,2118.60" sx="M,M,M,M"/><TAIKYOKU oya="0"/><INIT seed="0,0,0,3,0,103" ten="250,250,250,250" oya="0" hai0="107,82,91,113,121,124,127,71,119,49,21,59,108" hai1="14,123,94,55,132,6,78,135,8,125,83,86,20" hai2="93,16,92,131,34,10,96,0,1,41,130,29,35" hai3="27,15,67,101,31,36,72,99,85,42,111,73,11"/><T118/><D113/><U30/><E123/><V51/><F41/><W47/><G111/><T106/><D71/><U28/><E125/><N who="0" m="48201" /><D21/><U57/><E94/><V88/><F51/><W89/><G67/><T7/><D7/><U62/><REACH who="1" step="1"/><E20/><REACH who="1" ten="250,240,250,250" step="2"/><V70/><F93/><W33/><G11/><T79/><D121/><U116/><E116/><N who="0" m="44585" /><D108/><U105/><E105/><V114/><F34/><W48/><G36/><T43/><D91/><U50/><E50/><V126/><F126/><W80/><REACH who="3" step="1"/><G15/><REACH who="3" ten="250,240,250,240" step="2"/><T66/><D66/><U76/><E76/><V65/><F65/><W26/><G26/><T133/><D133/><AGARI ba="0,2" hai="6,8,14,28,30,55,57,62,78,83,86,132,133,135" machi="133" ten="40,2600,0" yaku="1,1,20,1,53,0" doraHai="103" doraHaiUra="32" who="1" fromWho="0" sc="250,-26,240,46,250,0,240,0" /><INIT seed="1,0,0,5,4,55" ten="224,286,250,240" oya="1" hai0="4,47,107,49,36,79,71,102,63,126,38,122,33" hai1="90,111,75,16,51,114,86,127,69,80,76,101,8" hai2="21,34,87,106,108,96,59,133,52,44,123,95,118" hai3="31,32,97,91,20,41,11,64,45,23,70,72,105"/><U130/><E114/><V24/><F118/><W10/><G72/><T93/><D33/><U68/><E130/><V110/><F123/><W112/><G112/><T100/><D107/><U53/><E127/><V2/><F2/><W17/><G32/><T66/><D79/><U57/><E101/><V115/><F133/><W129/><G129/><T78/><D78/><U35/><E35/><V48/><F34/><W27/><G70/><T119/><D119/><U125/><E125/><V92/><F115/><W121/><G64/><T120/><D4/><U14/><REACH who="1" step="1"/><E111/><REACH who="1" ten="224,276,250,240" step="2"/><N who="2" m="42539" /><F106/><W61/><G105/><T15/><D102/><U6/><E6/><V65/><F96/><W37/><G121/><T1/><D126/><U13/><E13/><V30/><F87/><W7/><G7/><T62/><D15/><U60/><E60/><AGARI ba="0,1" hai="21,24,30,44,48,52,59,60,65,92,95" m="42539" machi="60" ten="30,3900,0" yaku="14,1,52,1,54,1" doraHai="55" who="2" fromWho="1" sc="224,0,276,-39,250,49,240,0" /><INIT seed="2,0,0,1,3,25" ten="224,237,299,240" oya="2" hai0="48,45,56,99,1,121,12,52,47,0,63,102,74" hai1="60,21,46,33,58,129,97,54,120,134,20,44,125" hai2="85,29,78,50,114,41,87,26,82,49,80,59,3" hai3="70,10,93,11,133,17,128,67,89,88,62,86,39"/><V19/><F3/><W124/><G128/><T110/><D110/><U16/><E33/><V30/><F114/><W69/><G133/><T66/><D121/><U122/><E134/><V132/><F132/><W18/><G124/><T107/><D74/><U108/><E108/><V65/><F19/><W55/><G39/><T35/><D35/><U40/><E129/><V57/><F26/><W77/><G77/><T43/><REACH who="0" step="1"/><D12/><REACH who="0" ten="214,237,299,240" step="2"/><U22/><E125/><V105/><F105/><W127/><G127/><T5/><D5/><U119/><E122/><V24/><F24/><W73/><G73/><T100/><D100/><U15/><E120/><V37/><F37/><AGARI ba="0,1" hai="0,1,37,43,45,47,48,52,56,63,66,99,102,107" machi="37" ten="30,3900,0" yaku="1,1,7,1,54,1,53,0" doraHai="25" doraHaiUra="126" who="0" fromWho="2" sc="214,49,237,0,299,-39,240,0" /><INIT seed="3,0,0,4,1,106" ten="263,237,260,240" oya="3" hai0="56,110,36,58,54,3,64,44,18,26,63,94,1" hai1="102,75,43,35,117,85,112,61,86,5,6,99,79" hai2="73,62,98,74,48,30,77,16,40,128,132,60,7" hai3="65,116,118,107,68,53,100,42,104,97,127,90,133"/><W46/><G107/><T47/><D110/><U11/><E112/><V13/><F77/><W49/><G133/><T92/><D3/><U71/><E35/><V119/><F119/><W55/><G127/><T93/><D1/><U130/><E43/><V70/><F132/><W52/><REACH who="3" step="1"/><G90/><REACH who="3" ten="263,237,260,230" step="2"/><T27/><D36/><U95/><E117/><V120/><F120/><W50/><G50/><N who="0" m="30807" /><D27/><U24/><E24/><V8/><F48/><W84/><G84/><T0/><D0/><U87/><E130/><V33/><F128/><W20/><G20/><AGARI ba="0,1" hai="18,20,26,44,47,58,63,64,92,93,94" m="30807" machi="20" ten="30,1000,0" yaku="8,1" doraHai="106" who="0" fromWho="3" sc="263,20,237,0,260,0,230,-10" /><INIT seed="4,0,0,1,1,40" ten="283,237,260,220" oya="0" hai0="92,11,108,72,85,115,107,50,0,93,77,74,135" hai1="106,61,57,113,75,22,116,7,104,70,54,103,47" hai2="4,121,81,21,55,31,96,53,20,111,112,10,131" hai3="118,36,43,48,79,14,89,52,56,24,124,71,73"/><T109/><D115/><U125/><E116/><V44/><F121/><W13/><G118/><T132/><D107/><U101/><E75/><N who="0" m="28713" /><D50/><U80/><E80/><V86/><F111/><N who="0" m="42570" /><D0/><U127/><E113/><V17/><F131/><W2/><G2/><T123/><D11/><U3/><E106/><V97/><F112/><W49/><G124/><N who="1" m="47690" /><E104/><V59/><F31/><W1/><G1/><T119/><D119/><U88/><E7/><V33/><F33/><W5/><G36/><T83/><D123/><U98/><E3/><V95/><F10/><W129/><G129/><T76/><D76/><U126/><E126/><V87/><F4/><W117/><G117/><T19/><D19/><U82/><E70/><V60/><F17/><W15/><G71/><T29/><D29/><U46/><E22/><V99/><F20/><W94/><G79/><T78/><D78/><U100/><E82/><V65/><F21/><W28/><G73/><T8/><D8/><U102/><N who="1" m="25600" /><DORA hai="37" /><U27/><E27/><V63/><F81/><W6/><G24/><T68/><D68/><U12/><E12/><V84/><F95/><AGARI ba="0,0" hai="77,83,85,92,93,95,132,135" m="42570,28713" machi="95" ten="40,7700,0" yaku="10,1,34,2" doraHai="40,37" who="0" fromWho="2" sc="283,77,237,0,260,-77,220,0" /><AGARI ba="0,0" hai="46,47,54,57,61,88,95,98" m="25600,47690" machi="95" ten="50,8000,1" yaku="18,1,52,2,54,1" doraHai="40,37" who="1" fromWho="2" sc="360,0,237,80,183,-80,220,0" owari="360,46.0,317,11.7,103,-39.7,220,-18.0" /></mjloggm>