<mjloggm ver="2.3"><GO type="225" lobby="0"/><UN n0="%E3%81%A8%E3%82%89%E3%81%84%E3%81%A1" n1="%E5%B8%86%E7%AB%8B%E5%A4%8F%E8%A1%A3" n2="%72%65%6E%6B%75%6E" n3="%E7%9A%AE%E3%80%85" dan="16,17,17,16" rate="2133.96,2249.17,2186.69,2212.49" sx="M,M,M,M"/><TAIKYOKU oya="0"/><INIT seed="0,0,0,5,3,22" ten="250,250,250,250" oya="0" hai0="84,93,67,131,44,69,13,90,47,72,112,65,43" hai1="85,36,74,91,134,88,121,118,92,111,9,98,107" hai2="41,57,14,53,46,73,55,123,86,42,23,64,21" hai3="4,28,39,35,25,17,32,45,66,50,83,105,71"/><T49/><D112/><U29/><E36/><V77/><F73/><W125/><G105/><T108/><D72/><U103/><E29/><V127/><F127/><W126/><G39/><T109/><D69/><U60/><E118/><V114/><F114/><W48/><G4/><T1/><D1/><U26/><E121/><V8/><F123/><W80/><G35/><T120/><D120/><U16/><E74/><V95/><F64/><W2/><G2/><T130/><D13/><U31/><E111/><N who="0" m="42569" /><D47/><U113/><E134/><V19/><F55/><W128/><G128/><AGARI ba="0,0" hai="43,44,49,65,67,84,90,93,128,130,131" m="42569" machi="128" ten="30,5800,0" yaku="19,1,14,1,10,1" doraHai="22" who="0" fromWho="3" sc="250,58,250,0,250,0,250,-58" /><INIT seed="0,1,0,3,4,19" ten="308,250,250,192" oya="0" hai0="81,53,91,12,126,120,2,23,114,46,50,24,74" hai1="59,66,49,0,58,117,39,122,38,105,17,35,4" hai2="57,26,18,100,84,25,52,22,41,134,54,104,123" hai3="28,133,103,16,15,106,93,21,33,86,36,101,51"/><T95/><D114/><U71/><E35/><V132/><F123/><W5/><G36/><N who="1" m="13866" /><E17/><V129/><F129/><W47/><G133/><N who="2" m="51305" /><F41/><W115/><G115/><T135/><D135/><U82/><E82/><V40/><F40/><W97/><G33/><T121/><D2/><U107/><E4/><V9/><F9/><W99/><G28/><T60/><D126/><U8/><E8/><V70/><F70/><W68/><G68/><T65/><D12/><U11/><E11/><V6/><F6/><W32/><G32/><T109/><D109/><U94/><E94/><V98/><F57/><N who="1" m="21513" /><E0/><V124/><F124/><W90/><G5/><T118/><D81/><U113/><E113/><V63/><F63/><W34/><G34/><T14/><D95/><U83/><E83/><V77/><F77/><W44/><REACH who="3" step="1"/><G51/><REACH who="3" ten="308,250,250,182" step="2"/><T119/><D50/><U20/><E71/><V72/><F72/><W69/><G69/><T56/><D74/><U108/><E49/><V79/><F79/><W62/><G62/><T27/><D60/><U13/><E108/><V29/><F84/><W67/><G67/><T125/><D65/><U37/><E66/><V1/><F1/><W30/><G30/><T87/><D87/><U116/><E37/><V80/><F80/><AGARI ba="1,1" hai="15,16,21,44,47,80,86,90,93,97,99,101,103,106" machi="80" ten="30,8000,1" yaku="1,1,7,1,52,1,54,1,53,1" doraHai="19" doraHaiUra="85" who="3" fromWho="2" sc="308,0,250,0,250,-83,182,93" /><INIT seed="1,0,0,0,5,3" ten="308,250,167,275" oya="1" hai0="16,46,27,131,121,72,25,30,14,33,54,67,15" hai1="84,65,115,133,7,11,118,20,45,78,112,36,122" hai2="90,24,4,76,103,119,79,82,35,105,43,83,1" hai3="64,40,104,49,75,32,2,113,128,124,42,73,39"/><U126/><E118/><V125/><F119/><W110/><RYUUKYOKU type="yao9" ba="0,0" sc="308,0,250,0,167,0,275,0" hai3="2,32,39,40,42,49,64,73,75,104,110,113,124,128" /><INIT seed="1,1,0,3,0,50" ten="308,250,167,275" oya="1" hai0="35,92,44,17,63,7,18,123,34,39,51,49,111" hai1="93,113,126,101,11,33,31,84,32,41,79,15,28" hai2="89,27,112,134,127,10,0,14,96,69,65,91,125" hai3="36,88,72,46,100,76,73,16,119,24,30,67,40"/><U12/><E113/><V66/><F112/><W68/><G119/><T9/><D111/><U118/><E118/><V74/><F74/><W59/><G100/><T53/><D123/><U105/><E126/><V29/><F0/><W19/><G68/><T60/><D39/><U102/><E105/><V133/><F69/><W97/><G67/><N who="2" m="25609" /><F27/><W61/><G61/><N who="0" m="23627" /><D34/><U132/><E41/><V107/><F29/><W110/><G59/><T120/><D35/><U90/><E132/><N who="2" m="50795" /><F107/><W22/><G110/><T37/><D37/><U104/><E33/><V78/><F78/><W52/><G72/><T54/><D120/><U13/><E11/><V2/><F2/><W21/><G73/><T38/><D38/><U64/><E104/><V58/><F58/><W77/><G30/><N who="1" m="11306" /><E32/><V3/><F3/><W56/><G21/><T62/><D9/><U87/><E64/><V85/><F96/><W108/><G108/><T86/><D86/><N who="1" m="32811" /><E79/><V81/><F89/><W55/><G77/><T98/><D98/><AGARI ba="1,0" hai="12,13,15,90,93,98,101,102" m="32811,11306" machi="98" ten="30,1500,0" yaku="8,1" doraHai="50" who="1" fromWho="0" sc="308,-18,250,18,167,0,275,0" /><INIT seed="1,2,0,4,3,55" ten="290,268,167,275" oya="1" hai0="8,46,83,122,128,62,60,112,25,102,56,0,32" hai1="93,134,133,121,42,129,103,36,64,51,73,20,33" hai2="95,16,5,120,118,107,53,30,90,27,66,114,123" hai3="39,2,105,38,116,87,15,1,130,57,35,88,131"/><U108/><E121/><V85/><F107/><W115/><G115/><T76/><D112/><U58/><E33/><V11/><F118/><W71/><G71/><T92/><D122/><U21/><E73/><V63/><F114/><W78/><G105/><T106/><D106/><U29/><E129/><N who="3" m="49162" /><G35/><T28/><D128/><U77/><E77/><V113/><F113/><W65/><G78/><T3/><D46/><N who="1" m="26071" /><E36/><N who="3" m="13866" /><G15/><T9/><D0/><U40/><E40/><V23/><F30/><W74/><G74/><T81/><D3/><U89/><E103/><V132/><F53/><W117/><G1/><T96/><D62/><N who="1" m="37975" /><E29/><V97/><F85/><W126/><G2/><T67/><REACH who="0" step="1"/><D83/><REACH who="0" ten="280,268,167,275" step="2"/><U54/><E133/><V68/><REACH who="2" step="1"/><F132/><REACH who="2" ten="280,268,157,275" step="2"/><W22/><G116/><T10/><D10/><U69/><E134/><V99/><F99/><W48/><G117/><T59/><D59/><U124/><E69/><V41/><F41/><W14/><G57/><T12/><D12/><AGARI ba="2,2" hai="5,11,12,16,23,27,63,66,68,90,95,97,120,123" machi="12" ten="30,3900,0" yaku="1,1,7,1,54,1,53,0" doraHai="55" doraHaiUra="101" who="2" fromWho="0" sc="280,-45,268,0,157,65,275,0" /><INIT seed="2,0,0,3,2,91" ten="235,268,222,275" oya="2" hai0="127,7,56,24,10,80,5,96,34,130,66,39,9" hai1="31,88,92,6,26,124,97,28,82,123,110,62,84" hai2="81,113,107,4,55,69,64,52,2,98,90,27,94" hai3="103,36,35,100,99,78,29,41,112,3,25,17,105"/><V20/><F113/><W126/><G3/><T18/><D39/><U129/><E110/><V121/><F121/><W108/><G108/><T43/><D130/><U61/><E124/><V101/><F81/><W14/><G112/><T122/><D122/><U114/><E114/><V77/><F77/><W15/><G126/><T73/><D127/><U68/><E129/><V44/><F44/><W42/><G78/><T115/><D115/><U111/><E123/><V109/><F109/><W8/><G36/><T40/><D34/><U48/><E111/><V13/><F2/><W76/><G76/><T38/><D73/><U37/><E37/><V19/><F69/><W1/><G1/><T30/><D30/><N who="1" m="11307" /><E6/><N who="0" m="2057" /><D80/><U131/><E68/><V60/><F4/><W128/><G128/><T32/><D96/><U67/><E26/><V106/><F27/><W46/><G100/><T83/><D83/><U95/><E67/><V58/><REACH who="2" step="1"/><F107/><REACH who="2" ten="235,268,212,275" step="2"/><W120/><G120/><T23/><D38/><U132/><E131/><V72/><F72/><W93/><G105/><T89/><D32/><U71/><E71/><V22/><F22/><W118/><G46/><T11/><D89/><N who="1" m="55439" /><E82/><V45/><F45/><W119/><REACH who="3" step="1"/><G15/><REACH who="3" ten="235,268,212,265" step="2"/><T53/><D40/><AGARI ba="0,2" hai="8,14,17,25,29,35,40,41,42,93,99,103,118,119" machi="40" ten="40,5200,0" yaku="1,1,2,1,52,1,53,0" doraHai="91" doraHaiUra="0" who="3" fromWho="0" sc="235,-52,268,0,212,0,265,72" /><INIT seed="3,0,0,1,4,6" ten="183,268,212,337" oya="3" hai0="52,85,124,10,58,51,23,81,61,134,86,92,93" hai1="16,132,75,30,48,131,115,72,35,84,34,9,5" hai2="12,120,59,43,74,65,18,101,133,121,40,66,54" hai3="103,90,11,60,13,126,105,37,104,112,69,79,125"/><W25/><G37/><T83/><D134/><U45/><E115/><V68/><F74/><W33/><G112/><T15/><D124/><N who="3" m="47721" /><G79/><N who="0" m="46271" /><D23/><U29/><E132/><V24/><F24/><W38/><G38/><T2/><D2/><U98/><E131/><V14/><F101/><W31/><G90/><N who="0" m="51551" /><D61/><U118/><E118/><V62/><F12/><W96/><G60/><T4/><AGARI ba="0,0" hai="4,10,15,51,52,58,92,93" m="51551,46271" machi="4" ten="30,4000,0" yaku="8,1,52,1,54,1" doraHai="6" who="0" fromWho="0" sc="183,40,268,-10,212,-10,337,-20" owari="223,-17.7,258,5.8,202,-29.8,317,41.7" /></mjloggm>