<mjloggm ver="2.3"><GO type="225" lobby="0"/><UN n0="%6C%61%6D%62" n1="%43%68%65" n2="%E7%89%B9%E6%9D%B1%E3%81%AF%E4%B8%96%E7%95%8C%E3%82%92%E6%95%91%E3%81%86" n3="%E5%A4%8F%E9%88%B4%E9%88%B4%E5%A4%8F" dan="16,16,16,16" rate="2197.41,2152.39,2205.02,2135.53" sx="M,M,M,F"/><TAIKYOKU oya="0"/><INIT seed="0,0,0,5,0,87" ten="250,250,250,250" oya="0" hai0="4,62,42,105,69,67,78,36,43,132,94,38,100" hai1="3,9,91,28,15,73,66,33,79,95,68,103,123" hai2="55,90,50,114,37,21,34,1,39,57,117,56,22" hai3="71,26,126,19,124,30,6,74,41,118,127,121,113"/><T135/><D105/><U102/><E123/><V119/><F114/><W44/><G113/><T85/><D4/><U83/><E3/><V7/><F34/><W48/><G118/><N who="2" m="45065" /><F57/><W107/><G107/><T10/><D10/><U18/><E33/><V8/><F90/><W93/><G74/><T77/><D100/><U128/><E28/><V25/><F22/><N who="3" m="13663" /><G71/><T101/><D101/><U16/><E128/><V51/><F51/><W116/><G116/><T40/><D78/><U112/><E112/><V5/><F5/><W12/><G30/><AGARI ba="0,0" hai="1,7,8,21,25,30,37,39,50,55,56" m="45065" machi="30" ten="30,1000,0" yaku="12,1" doraHai="87" who="2" fromWho="3" sc="250,0,250,0,250,10,250,-10" /><INIT seed="1,0,0,3,1,9" ten="250,250,260,240" oya="1" hai0="116,104,112,61,42,128,57,4,72,24,71,17,77" hai1="8,49,99,80,70,105,5,62,119,127,76,74,88" hai2="37,107,84,81,56,79,40,35,124,129,45,109,25" hai3="2,133,11,52,10,73,97,67,19,38,126,34,93"/><U110/><E119/><V118/><F118/><W102/><G126/><T132/><D116/><U22/><E127/><V21/><F124/><W36/><G133/><T27/><D112/><U33/><E33/><V68/><F68/><W103/><G34/><T65/><D128/><U101/><E110/><V113/><F107/><W94/><G73/><T16/><D104/><U120/><E120/><V1/><F1/><W39/><G67/><T53/><D132/><U12/><E70/><V20/><F129/><W92/><G2/><T114/><D114/><U63/><E49/><V98/><F113/><W87/><G87/><T100/><D100/><U31/><REACH who="1" step="1"/><E88/><REACH who="1" ten="250,240,260,240" step="2"/><V86/><F109/><W3/><G103/><T14/><D71/><U28/><E28/><V117/><F117/><W96/><G102/><T95/><D77/><U83/><E83/><V29/><F35/><W91/><G91/><T122/><D122/><U64/><E64/><V111/><F111/><W48/><G3/><T82/><D82/><U55/><E55/><V59/><F79/><W75/><G97/><T131/><D65/><U26/><AGARI ba="0,1" hai="5,8,12,22,26,31,62,63,74,76,80,99,101,105" machi="26" ten="30,6000,0" yaku="1,1,0,1,52,1,53,0" doraHai="9" doraHaiUra="125" who="1" fromWho="1" sc="250,-20,240,70,260,-20,240,-20" /><INIT seed="1,1,0,1,4,72" ten="230,310,240,220" oya="1" hai0="11,37,64,30,125,39,132,59,105,112,9,100,46" hai1="12,14,85,124,35,25,87,114,129,74,84,103,60" hai2="127,109,62,4,42,41,28,2,68,63,118,111,93" hai3="107,102,48,3,36,17,99,10,122,1,27,117,22"/><U94/><E114/><V16/><F118/><W106/><G122/><T57/><D112/><U44/><E74/><V71/><F28/><W49/><G117/><T101/><D105/><U119/><E119/><V23/><F127/><W6/><G36/><T128/><D30/><U83/><E124/><V126/><F126/><W20/><G1/><T96/><D125/><U92/><E129/><V97/><F4/><W55/><G107/><T116/><D116/><U24/><E35/><V78/><F2/><W38/><G38/><T5/><D128/><U8/><E60/><N who="2" m="23083" /><F78/><W58/><G22/><T69/><D96/><N who="1" m="59783" /><E44/><V33/><F33/><W81/><G81/><T131/><D46/><U50/><E50/><AGARI ba="1,0" hai="3,6,10,17,20,27,48,49,50,55,58,99,102,106" machi="50" ten="30,1000,0" yaku="7,1" doraHai="72" who="3" fromWho="1" sc="230,0,310,-13,240,0,220,13" /><INIT seed="2,0,0,5,2,56" ten="230,297,240,233" oya="2" hai0="61,114,16,21,112,127,86,104,130,30,105,68,74" hai1="59,123,49,110,39,134,54,129,22,58,32,90,17" hai2="63,13,60,125,78,124,118,18,122,43,9,51,128" hai3="96,70,40,31,52,91,45,19,69,101,33,47,84"/><V115/><F115/><W55/><G19/><T37/><D74/><U99/><E39/><V120/><F118/><W50/><G31/><T0/><D0/><U34/><E110/><V20/><F78/><W29/><G29/><T53/><D37/><U6/><E129/><V72/><F72/><W73/><G73/><T27/><D130/><U87/><E134/><V42/><F128/><W89/><G33/><T11/><D127/><N who="2" m="48714" /><F9/><W41/><G84/><T1/><D114/><U71/><E71/><V119/><F119/><W46/><G101/><T82/><D112/><U64/><E99/><V109/><F109/><W35/><G35/><T102/><D102/><U14/><E6/><V4/><F4/><W88/><G96/><T85/><D85/><U108/><E123/><N who="2" m="47147" /><F51/><W44/><REACH who="3" step="1"/><G55/><REACH who="3" ten="230,297,240,223" step="2"/><T23/><D53/><U95/><E108/><V2/><F2/><W93/><G93/><T76/><D1/><U98/><E98/><V126/><F126/><W10/><G10/><T5/><D11/><U100/><E100/><V135/><F135/><W107/><G107/><T77/><D5/><U25/><E25/><V48/><F42/><AGARI ba="0,1" hai="40,41,42,44,45,46,47,50,52,69,70,88,89,91" machi="42" ten="40,5200,0" yaku="1,1,54,2,53,0" doraHai="56" doraHaiUra="132" who="3" fromWho="2" sc="230,0,297,0,240,-52,223,62" /><INIT seed="3,0,0,2,2,61" ten="230,297,188,285" oya="3" hai0="2,119,20,30,109,102,0,130,99,74,123,90,73" hai1="75,89,82,68,118,129,98,92,26,28,111,128,87" hai2="66,31,62,3,47,18,106,14,48,97,65,54,84" hai3="124,25,44,42,95,122,125,117,55,133,1,32,83"/><W78/><G122/><T96/><D119/><U100/><E118/><V27/><F3/><W57/><G117/><T76/><D123/><U4/><E111/><V115/><F115/><W39/><G1/><T41/><D109/><U46/><E68/><V19/><F62/><W86/><G133/><T17/><D30/><U59/><E4/><V93/><F84/><W114/><G95/><T16/><D90/><U121/><E121/><V101/><F106/><W37/><G37/><T134/><D20/><N who="1" m="15431" /><E59/><V12/><F14/><W94/><G94/><T105/><D17/><U34/><E46/><V60/><F12/><W50/><G114/><T5/><D41/><U67/><E67/><N who="2" m="25611" /><F60/><W103/><G25/><T131/><D96/><U36/><E34/><V15/><F15/><W33/><G32/><T110/><D110/><U53/><E53/><V85/><F85/><W13/><G13/><T77/><D0/><U91/><E36/><V81/><F81/><W120/><G33/><T71/><D71/><U49/><E49/><V104/><F104/><W72/><G120/><T6/><D2/><U10/><E10/><V35/><F35/><W24/><G24/><T22/><D5/><U127/><E75/><V64/><N who="2" m="25619" /><V11/><DORA hai="132" /><F11/><W108/><G108/><T40/><D6/><U63/><E63/><V43/><F43/><W58/><G86/><T23/><D40/><U116/><E116/><V56/><F56/><W8/><G58/><T51/><D74/><U29/><E87/><V7/><F7/><W80/><G8/><T52/><D73/><U88/><E82/><RYUUKYOKU ba="0,0" sc="230,-10,297,-10,188,30,285,-10" hai2="18,19,27,31,47,48,54,93,97,101" /><INIT seed="4,1,0,3,2,28" ten="220,287,218,275" oya="0" hai0="90,16,127,20,95,125,112,100,73,44,118,80,45" hai1="130,59,41,117,65,32,121,135,63,37,77,25,51" hai2="22,7,50,126,76,57,134,6,27,94,42,62,98" hai3="104,70,108,67,24,55,111,38,23,120,64,33,21"/><T99/><D118/><U132/><E117/><V102/><F134/><N who="1" m="51241" /><E121/><V13/><F126/><N who="0" m="48138" /><D112/><U128/><E37/><V131/><F131/><N who="1" m="50217" /><E77/><V11/><F76/><W133/><G120/><T56/><D56/><U78/><E78/><V88/><F7/><W115/><G133/><T43/><D73/><U17/><E32/><V85/><F42/><W53/><G115/><T40/><D80/><U103/><E103/><V61/><F50/><W14/><G111/><T9/><D9/><U89/><E89/><V86/><F57/><W124/><G108/><T72/><D72/><U110/><E110/><V18/><REACH who="2" step="1"/><F86/><REACH who="2" ten="220,287,208,275" step="2"/><W93/><G124/><T84/><D43/><U96/><E96/><V29/><F29/><W5/><G5/><T3/><D40/><U54/><E41/><V129/><F129/><W79/><G79/><T87/><D3/><U114/><E114/><V49/><F49/><W119/><G119/><T10/><D87/><U36/><E36/><V39/><F39/><W15/><G38/><T48/><D48/><U82/><E17/><V66/><F66/><W52/><G67/><T19/><D19/><U75/><E75/><V30/><F30/><N who="3" m="19655" /><G64/><T106/><D10/><U31/><E65/><V68/><F68/><W60/><G70/><T71/><D71/><U2/><E51/><V69/><F69/><W74/><G74/><T122/><D122/><U47/><E47/><V92/><AGARI ba="1,1" hai="6,11,13,18,22,27,61,62,85,88,92,94,98,102" machi="92" ten="20,12000,2" yaku="1,1,0,1,7,1,8,1,54,1,53,1" doraHai="28" doraHaiUra="12" who="2" fromWho="2" sc="220,-61,287,-31,208,133,275,-31" owari="159,-34.1,256,5.6,341,44.1,244,-15.6" /></mjloggm>