<mjloggm ver="2.3"><GO type="225" lobby="0"/><UN n0="%E3%83%96%E3%83%83%E3%83%91%E3%82%AA%E3%83%96%E3%83%81%E3%82%AD%E3%83%B3" n1="%E3%82%AF%E3%82%A3%E3%82%A6" n2="%E7%99%BD%E5%80%89%E5%AF%9B%E4%B9%8B" n3="%E4%BF%BA%E3%81%A8%E5%A6%96%E5%A4%A2" dan="16,16,16,16" rate="2139.68,2069.81,2125.60,2095.31" sx="M,M,M,F"/><TAIKYOKU oya="0"/><INIT seed="0,0,0,0,1,49" ten="250,250,250,250" oya="0" hai0="118,67,47,13,32,45,102,3,5,19,132,80,14" hai1="62,59,1,89,33,35,43,112,60,36,65,125,22" hai2="46,74,101,18,116,79,58,90,75,25,88,52,133" hai3="55,7,54,57,23,129,77,34,56,99,126,20,127"/><T6/><D118/><U15/><E1/><V42/><F116/><W71/><G34/><T85/><D32/><U70/><E112/><V96/><F133/><W66/><G77/><T104/><D3/><U61/><E125/><N who="3" m="47626" /><G7/><T26/><D132/><U135/><E135/><V8/><F75/><W48/><G99/><T53/><D67/><U11/><E89/><V83/><F8/><W73/><G73/><T106/><D102/><U87/><E87/><V16/><F25/><W2/><G2/><T40/><D40/><U64/><E22/><N who="3" m="8234" /><G129/><T120/><D26/><U117/><E117/><V69/><F69/><W93/><G93/><T30/><D85/><U114/><E62/><V68/><F68/><W109/><G109/><T0/><D0/><U95/><E95/><V72/><F72/><W110/><G110/><T123/><D80/><U84/><E84/><V21/><F21/><W41/><G41/><T134/><D134/><U107/><E107/><V12/><F12/><W28/><G28/><T100/><D100/><U44/><REACH who="1" step="1"/><E114/><REACH who="1" ten="250,240,250,250" step="2"/><V111/><F111/><W91/><G91/><T113/><D113/><U124/><E124/><V82/><F90/><W115/><G115/><T17/><REACH who="0" step="1"/><D30/><REACH who="0" ten="240,240,250,250" step="2"/><U38/><E38/><V27/><F27/><W76/><G76/><T24/><D24/><U63/><E63/><V78/><F101/><W39/><G39/><T31/><D31/><U122/><E122/><V97/><F97/><W119/><G119/><T128/><D128/><U10/><E10/><V105/><F96/><W29/><G29/><T37/><D37/><U50/><E50/><RYUUKYOKU ba="0,2" sc="240,15,240,15,250,-15,250,-15" hai0="5,6,13,14,17,19,45,47,53,104,106,120,123" hai1="11,15,33,35,36,43,44,59,60,61,64,65,70" /><INIT seed="0,1,2,2,5,79" ten="255,255,235,235" oya="0" hai0="88,57,119,19,113,130,89,54,27,26,94,67,13" hai1="73,85,61,111,77,3,105,107,51,100,15,16,32" hai2="46,39,44,14,123,86,68,134,30,58,40,69,6" hai3="34,103,56,28,87,92,21,1,10,7,71,49,108"/><T78/><D113/><U18/><E3/><V60/><F30/><W70/><G108/><T45/><D119/><U129/><E73/><V53/><F86/><W41/><G34/><T4/><D130/><U0/><E0/><V59/><F14/><W131/><G131/><T20/><D78/><U12/><E129/><V66/><F6/><W121/><G121/><T47/><D89/><U25/><E111/><V35/><F35/><W117/><G117/><T104/><D104/><U65/><E51/><N who="2" m="28903" /><F123/><W8/><G8/><N who="0" m="4231" /><D67/><U82/><E32/><V115/><F115/><W31/><G31/><T118/><D27/><U24/><E107/><V2/><F2/><W110/><G110/><T96/><D118/><U90/><E100/><V48/><F134/><W63/><G7/><T135/><D135/><U122/><E105/><V101/><F101/><W5/><G103/><T17/><D19/><N who="1" m="7211" /><E122/><V50/><F59/><W126/><G56/><T62/><AGARI ba="1,2" hai="17,20,26,45,47,54,57,62,88,94,96" m="4231" machi="62" ten="30,6000,0" yaku="25,1,8,1,54,1" doraHai="79" who="0" fromWho="0" sc="255,83,255,-21,235,-21,235,-21" /><INIT seed="0,2,0,1,2,75" ten="338,234,214,214" oya="0" hai0="119,33,31,96,18,55,97,106,10,27,44,130,104" hai1="48,23,43,121,14,92,83,112,78,34,7,41,16" hai2="47,67,60,93,66,68,118,15,49,124,5,45,126" hai3="95,1,102,32,120,105,76,107,87,51,86,98,71"/><T24/><D119/><U100/><E121/><V80/><F93/><W111/><G1/><T74/><D74/><U129/><E34/><V110/><F80/><N who="3" m="47367" /><G32/><T113/><D113/><U125/><E125/><N who="2" m="48235" /><F15/><W127/><G71/><T56/><D130/><U46/><E112/><V88/><F88/><N who="3" m="53663" /><G127/><T133/><D133/><U89/><E129/><V37/><F5/><W53/><G53/><T39/><D106/><N who="3" m="40457" /><G51/><T128/><D55/><U52/><E100/><V4/><F4/><W134/><G134/><T25/><D56/><U36/><E36/><V64/><F118/><W79/><G111/><T135/><D44/><U29/><E29/><V94/><F110/><W109/><G109/><T13/><D39/><U30/><E30/><V85/><F37/><W108/><G108/><T62/><D31/><U2/><E2/><V61/><F68/><W57/><G57/><T11/><D33/><U65/><E65/><V72/><F49/><W8/><G8/><T116/><D11/><U101/><E101/><V38/><F38/><W103/><G120/><T59/><D10/><U73/><REACH who="1" step="1"/><E7/><REACH who="1" ten="338,224,214,214" step="2"/><V42/><F67/><W28/><G28/><T9/><D135/><U21/><E21/><V117/><F66/><W91/><G79/><T90/><D128/><U40/><E40/><V69/><F42/><W6/><G6/><T50/><D9/><U123/><E123/><V81/><F117/><W17/><G17/><T19/><D18/><U115/><E115/><V114/><F114/><W35/><G35/><T0/><D19/><U99/><AGARI ba="2,1" hai="14,16,23,41,43,46,48,52,73,78,83,89,92,99" machi="99" ten="20,12000,2" yaku="1,1,0,1,7,1,52,1,54,2,53,0" doraHai="75" doraHaiUra="70" who="1" fromWho="1" sc="338,-62,224,136,214,-32,214,-32" /><INIT seed="1,0,0,5,4,42" ten="276,360,182,182" oya="1" hai0="106,17,76,6,30,71,34,19,133,102,90,53,89" hai1="98,1,85,88,86,50,16,35,107,63,11,8,33" hai2="41,119,101,9,122,0,121,129,31,46,65,135,27" hai3="74,47,48,125,13,61,39,52,25,131,95,79,64"/><U132/><E132/><V40/><F119/><W81/><G131/><T114/><D114/><U24/><E107/><V104/><F129/><W57/><G125/><T45/><D133/><U55/><E63/><V70/><F135/><W75/><G25/><T58/><D71/><U59/><E35/><N who="2" m="20991" /><F41/><W103/><G39/><T94/><D6/><U22/><E33/><V108/><F108/><W109/><G109/><T23/><D76/><U72/><E72/><V134/><F134/><W3/><G3/><T87/><D23/><U78/><E1/><V68/><F9/><N who="1" m="3657" /><E78/><V84/><F84/><W15/><REACH who="3" step="1"/><G74/><REACH who="3" ten="276,360,182,172" step="2"/><T56/><D34/><U116/><E116/><V110/><F0/><W49/><G49/><T120/><D120/><U82/><E86/><V38/><F110/><W100/><G100/><T12/><D87/><U54/><E98/><AGARI ba="0,1" hai="13,15,47,48,52,57,61,64,75,79,81,95,98,103" machi="98" ten="40,8000,1" yaku="1,1,52,1,54,1,53,1" doraHai="42" doraHaiUra="92" who="3" fromWho="1" sc="276,0,360,-80,182,0,172,90" /><INIT seed="2,0,0,4,4,78" ten="276,280,182,262" oya="2" hai0="57,5,101,46,109,80,30,104,15,13,97,94,32" hai1="95,68,62,6,12,40,49,91,70,86,128,44,55" hai2="63,88,52,24,71,77,56,83,117,33,81,127,60" hai3="116,113,107,42,72,76,51,50,84,111,18,20,112"/><V74/><F127/><W126/><G126/><T34/><D109/><U106/><E106/><V120/><F120/><W8/><G111/><T21/><D104/><U7/><E128/><V87/><F117/><W79/><G116/><T96/><D96/><U59/><E68/><V122/><F122/><W3/><G107/><T25/><D46/><U64/><REACH who="1" step="1"/><E12/><REACH who="1" ten="276,270,182,262" step="2"/><V115/><F115/><W131/><G113/><T110/><D15/><U43/><E43/><V90/><F90/><W129/><G112/><T27/><D13/><U132/><E132/><V0/><F0/><W31/><G42/><T39/><D110/><U36/><AGARI ba="0,1" hai="6,7,36,40,44,49,55,59,62,64,70,86,91,95" machi="36" ten="20,12000,2" yaku="1,1,0,1,7,1,24,2,53,1" doraHai="78" doraHaiUra="38" who="1" fromWho="1" sc="276,-30,270,130,182,-60,262,-30" /><INIT seed="3,0,0,5,4,11" ten="246,400,122,232" oya="3" hai0="4,76,133,2,26,69,20,9,116,30,50,71,51" hai1="72,87,91,47,132,117,119,134,127,104,131,113,14" hai2="35,32,22,102,66,17,106,42,61,124,110,68,43" hai3="31,18,33,36,99,75,64,41,3,55,54,103,111"/><W78/><G3/><T80/><D116/><U98/><E14/><V57/><F110/><W67/><G78/><T60/><D133/><N who="1" m="51307" /><E47/><V29/><F124/><W92/><G75/><T97/><D97/><U58/><E58/><V93/><F93/><W8/><G111/><T89/><D89/><U135/><E135/><V95/><F95/><W6/><G41/><T34/><D20/><U59/><E59/><V128/><F57/><W13/><G36/><T48/><D60/><U86/><E127/><V10/><F10/><W7/><G31/><T83/><D83/><U90/><E113/><V49/><F128/><W114/><G33/><T37/><D37/><U120/><E120/><V28/><F28/><W74/><G74/><T70/><D70/><U56/><E56/><V27/><F49/><W85/><G85/><T130/><D130/><U46/><E46/><V82/><F82/><W12/><G114/><T121/><D121/><U101/><E131/><V19/><F35/><W122/><G6/><T16/><D16/><U105/><E105/><V62/><F62/><W52/><G122/><T108/><D108/><U96/><E72/><V118/><F118/><N who="1" m="45065" /><E96/><V21/><F21/><AGARI ba="0,0" hai="7,8,12,13,18,21,52,54,55,64,67,92,99,103" machi="21" ten="40,12000,1" yaku="8,1,52,2,54,1" doraHai="11" who="3" fromWho="2" sc="246,0,400,0,122,-120,232,120" /><INIT seed="3,1,0,5,5,40" ten="246,400,2,352" oya="3" hai0="11,20,6,105,33,31,122,132,34,77,43,95,13" hai1="0,125,104,134,69,38,52,5,39,76,47,51,58" hai2="94,119,63,28,23,70,115,128,45,107,49,91,21" hai3="127,59,68,92,9,123,93,12,88,24,60,133,32"/><W64/><G123/><T130/><D105/><U112/><E104/><V54/><F107/><W117/><G117/><T71/><D71/><U46/><E0/><V4/><F119/><W86/><G133/><T42/><D95/><U97/><E5/><V57/><F70/><W48/><G127/><T113/><D77/><U65/><E97/><V44/><F4/><W74/><G74/><T80/><D80/><U15/><E15/><V89/><F28/><W27/><G32/><N who="0" m="12395" /><D43/><U81/><E112/><V121/><F115/><W2/><G2/><N who="0" m="471" /><D42/><U17/><E17/><V56/><F121/><W103/><G68/><T102/><D102/><U90/><E90/><V29/><F128/><W110/><G110/><T7/><D122/><U124/><E134/><V25/><F21/><W126/><G126/><N who="1" m="48746" /><E69/><V26/><F26/><W120/><G120/><T111/><D132/><U66/><E81/><V36/><F36/><N who="1" m="13865" /><E76/><V1/><F1/><W84/><G48/><T16/><D111/><U30/><E30/><V10/><F10/><W75/><G75/><T109/><D109/><U98/><E98/><V37/><F37/><W100/><G100/><T14/><D113/><U79/><E79/><V8/><F8/><W82/><G103/><T73/><D73/><U50/><E50/><V53/><F89/><N who="3" m="53287" /><G82/><T131/><D31/><U3/><E51/><V118/><F118/><W129/><G129/><T135/><D135/><U99/><E99/><V78/><F78/><W87/><G87/><T72/><D72/><U85/><E85/><N who="2" m="52591" /><F49/><W96/><G86/><T41/><D41/><U114/><E114/><RYUUKYOKU ba="1,0" sc="246,10,400,-30,2,10,352,10" hai0="7,13,14,16,20,130,131" hai2="23,25,29,44,45,53,54,56,57,63" hai3="9,12,24,27,59,60,64,88,93,96" /><INIT seed="3,2,0,4,0,11" ten="256,370,12,362" oya="3" hai0="47,112,108,92,55,68,78,77,25,2,66,69,75" hai1="41,129,33,14,71,46,95,42,117,28,54,124,12" hai2="20,37,96,76,131,1,49,105,113,72,29,7,62" hai3="82,50,81,122,127,80,58,56,93,60,61,4,24"/><W128/><G122/><T36/><D2/><U114/><E71/><N who="0" m="27209" /><D25/><U10/><E114/><V104/><F113/><W27/><G128/><T97/><D92/><U57/><E117/><V0/><F131/><W32/><G127/><T63/><D97/><U16/><E129/><V45/><F49/><W79/><G79/><T109/><D78/><U26/><E124/><V23/><F62/><W8/><G93/><T116/><D75/><U59/><E95/><V64/><F64/><N who="3" m="38919" /><G50/><N who="0" m="29151" /><D77/><U15/><E46/><V21/><F29/><W9/><G32/><T39/><D112/><U126/><E126/><V44/><F96/><W83/><G83/><T98/><D98/><U99/><E99/><V106/><F76/><W133/><G8/><T94/><D94/><U31/><E10/><V111/><F72/><W85/><G85/><T101/><D101/><U30/><E33/><V34/><F34/><W120/><G120/><T115/><D115/><U130/><E130/><V17/><F17/><W132/><G9/><T13/><D13/><U38/><E38/><N who="0" m="14377" /><D116/><U107/><E107/><V84/><F37/><W103/><G4/><T5/><D5/><U22/><E54/><V74/><F74/><W125/><G125/><T67/><D109/><U110/><E110/><V89/><F111/><W88/><G103/><T121/><D108/><U48/><E48/><V91/><F84/><W18/><G88/><T119/><D119/><U102/><E102/><V40/><F7/><W90/><G90/><N who="2" m="34313" /><F40/><AGARI ba="2,0" hai="12,14,15,16,22,26,28,30,31,40,41,42,57,59" machi="40" ten="40,8000,1" yaku="8,1,52,3,54,1" doraHai="11" who="1" fromWho="2" sc="256,0,370,86,12,-86,362,0" owari="256,-14.4,456,55.6,-74,-57.4,362,16.2" /></mjloggm>