<mjloggm ver="2.3"><GO type="225" lobby="0"/><UN n0="%E6%98%93%E5%88%A9%E8%96%A9%E4%BC%AF" n1="%E9%A6%AC%E5%BC%95%E7%81%AB%33" n2="%E9%81%A0%E8%BF%91%E9%99%B0%E6%99%B4%E7%9A%86%E5%85%A5%E5%BF%83" n3="%E3%81%AF%E3%82%88%E3%81%8A%E3%81%98%E3%81%95%E3%82%93" dan="17,16,16,17" rate="2150.50,2139.49,2152.61,2140.65" sx="F,M,F,M"/><TAIKYOKU oya="0"/><INIT seed="0,0,0,3,0,117" ten="250,250,250,250" oya="0" hai0="84,76,75,40,1,127,30,103,123,18,56,8,101" hai1="31,99,121,97,130,105,116,52,124,33,78,74,131" hai2="126,9,15,16,115,63,135,122,0,59,77,91,71" hai3="57,7,93,53,89,95,128,106,29,2,133,55,102"/><T100/><D127/><U54/><E116/><V68/><F115/><W14/><G2/><T64/><D75/><U41/><E124/><V21/><F126/><W79/><G106/><T32/><D40/><U12/><E41/><V90/><F77/><W51/><G128/><N who="1" m="49194" /><E121/><V94/><F122/><W25/><G133/><T118/><D118/><U132/><E132/><V62/><F135/><W35/><G79/><T88/><D76/><U69/><E69/><V119/><F119/><W10/><G102/><T66/><D123/><U17/><E31/><V113/><F113/><W28/><G28/><T47/><D47/><U65/><E65/><V72/><F72/><W111/><G111/><T112/><D112/><U5/><E5/><V48/><F48/><W104/><G104/><T38/><D38/><U46/><E33/><V129/><F129/><W22/><G35/><T43/><D43/><U6/><E6/><V49/><F49/><W125/><G125/><T92/><D56/><U87/><E74/><V81/><F81/><W107/><G107/><T80/><D80/><N who="1" m="47511" /><E46/><V73/><F73/><W37/><G37/><T11/><D1/><U114/><E114/><V58/><F0/><W42/><G42/><T19/><D30/><U26/><E26/><N who="2" m="14631" /><F71/><W60/><REACH who="3" step="1"/><G89/><REACH who="3" ten="250,250,250,240" step="2"/><T61/><D32/><U50/><E105/><V96/><F90/><W45/><AGARI ba="0,1" hai="7,10,14,22,25,29,45,51,53,55,57,60,93,95" machi="45" ten="20,8000,1" yaku="1,1,2,1,0,1,7,1,8,1,53,0" doraHai="117" doraHaiUra="13" who="3" fromWho="3" sc="250,-40,250,-20,250,-20,240,90" /><INIT seed="1,0,0,2,4,29" ten="210,230,230,330" oya="1" hai0="112,44,84,7,94,35,37,132,17,123,27,21,5" hai1="120,111,63,56,74,122,43,83,48,59,52,67,41" hai2="39,23,76,75,134,108,89,57,72,14,96,13,128" hai3="33,69,104,53,61,58,68,110,90,116,31,119,129"/><U70/><E74/><V82/><F39/><W103/><G110/><T1/><D112/><U135/><E83/><V107/><F108/><W40/><G129/><T66/><D132/><U133/><E111/><V19/><F134/><N who="1" m="51209" /><E70/><V45/><F128/><W32/><G31/><T118/><D118/><N who="3" m="45097" /><G40/><AGARI ba="0,0" hai="40,41,43,48,52,56,59,63,67,120,122" m="51209" machi="40" ten="30,11600,0" yaku="20,1,34,2,54,1" doraHai="29" who="1" fromWho="3" sc="210,0,230,116,230,0,330,-116" /><INIT seed="1,1,0,3,2,121" ten="210,346,230,214" oya="1" hai0="70,115,50,29,96,38,47,105,27,134,71,23,20" hai1="82,31,74,75,24,57,79,42,40,19,44,61,7" hai2="11,109,9,58,97,30,129,34,113,124,87,94,15" hai3="16,99,64,69,112,49,78,25,104,95,122,46,102"/><U68/><E68/><V100/><F113/><W101/><G122/><T33/><D115/><U98/><E7/><V37/><F37/><W126/><G112/><T17/><D38/><U130/><E130/><V14/><F129/><W22/><G126/><T84/><D134/><U90/><E75/><V106/><F124/><W36/><G36/><T91/><D105/><U89/><E19/><V51/><F34/><W116/><G116/><T80/><D96/><U114/><E98/><V52/><F30/><W103/><G104/><T55/><REACH who="0" step="1"/><D23/><REACH who="0" ten="200,346,230,214" step="2"/><U62/><E114/><V35/><F35/><W125/><G125/><T83/><D83/><U45/><E82/><V127/><F127/><W81/><G69/><T8/><D8/><N who="2" m="3146" /><F100/><W28/><G28/><T5/><D5/><U117/><E31/><V1/><F106/><W48/><G64/><T77/><D77/><U56/><E79/><V118/><F97/><W135/><G135/><T39/><D39/><U13/><E90/><N who="2" m="53599" /><F118/><W123/><G123/><T86/><D86/><U85/><E85/><V32/><F32/><W6/><G6/><T4/><D4/><U76/><E89/><V0/><F1/><W133/><G133/><T59/><D59/><U120/><E76/><V10/><F0/><W2/><G2/><T60/><D60/><U26/><E117/><V67/><F10/><W3/><G3/><T93/><D93/><U132/><E132/><V53/><F67/><W111/><G78/><T63/><D63/><U18/><E62/><N who="2" m="36167" /><F109/><W54/><G111/><T131/><D131/><U128/><E128/><V66/><F66/><RYUUKYOKU ba="1,1" sc="200,15,346,-15,230,15,214,-15" hai0="17,20,27,29,33,47,50,55,70,71,80,84,91" hai2="14,15,51,53" /><INIT seed="2,2,1,4,4,17" ten="215,331,245,199" oya="2" hai0="95,135,20,2,113,127,49,109,70,71,132,73,64" hai1="54,39,6,48,105,74,103,100,91,68,53,77,78" hai2="75,30,7,114,128,84,13,58,26,88,97,111,5" hai3="52,122,50,83,60,8,37,34,87,19,16,56,67"/><V35/><F114/><W33/><G122/><T108/><D73/><U89/><E39/><V133/><F75/><W57/><G37/><T25/><D2/><U15/><E68/><V106/><F133/><N who="0" m="51274" /><D113/><U121/><E121/><V124/><F124/><W131/><G131/><T116/><D127/><U72/><E15/><V86/><F128/><W81/><G81/><T4/><D4/><U119/><E6/><V44/><F111/><N who="0" m="42570" /><D64/><U82/><E82/><V24/><F44/><W40/><G40/><T85/><D49/><U102/><E102/><V98/><F5/><W99/><G99/><T38/><D38/><U123/><E123/><V62/><F98/><W51/><G50/><T90/><D116/><U112/><E48/><V3/><F3/><W79/><REACH who="3" step="1"/><G8/><REACH who="3" ten="215,331,245,189" step="2"/><T55/><D55/><U10/><E10/><N who="2" m="4319" /><F97/><W101/><G101/><T0/><D0/><U32/><E103/><V29/><F106/><W59/><G59/><T118/><D118/><U12/><E100/><V120/><F120/><W23/><G23/><T1/><D1/><U41/><E105/><V14/><F58/><W94/><G94/><T130/><D130/><U31/><E119/><V93/><F62/><W9/><G9/><T63/><D63/><U134/><E112/><V61/><F61/><W11/><G11/><T18/><AGARI ba="2,2" hai="18,20,25,70,71,85,90,95" m="42570,51274" machi="18" ten="30,4000,0" yaku="20,1,14,1,52,1" doraHai="17" who="0" fromWho="0" sc="215,66,331,-12,245,-22,189,-12" /><INIT seed="3,0,0,2,5,64" ten="281,319,223,177" oya="3" hai0="13,58,25,82,66,108,30,130,85,83,88,77,129" hai1="101,17,121,127,1,67,102,56,55,42,33,3,21" hai2="126,29,75,22,97,93,72,8,12,99,19,46,68" hai3="23,24,79,31,132,40,38,51,110,104,61,2,41"/><W114/><G114/><T54/><D66/><U112/><E112/><V53/><F68/><W128/><G2/><T89/><D13/><U6/><E33/><V73/><F126/><W115/><G104/><T9/><D9/><U131/><E67/><V48/><F97/><W26/><G115/><T122/><D108/><U100/><E121/><V7/><F29/><W118/><G118/><T86/><D77/><U113/><E113/><V107/><F107/><W78/><G38/><T11/><D11/><U10/><E42/><N who="3" m="16490" /><G110/><T134/><D134/><U65/><E65/><V57/><F46/><W133/><G61/><T74/><D74/><U84/><E127/><V35/><F35/><W0/><G0/><T123/><D123/><U44/><E44/><V34/><F34/><W76/><G128/><T60/><REACH who="0" step="1"/><D122/><REACH who="0" ten="271,319,223,177" step="2"/><U94/><E1/><V105/><F72/><W47/><G24/><T96/><D96/><U5/><E3/><V32/><F73/><W52/><G132/><T90/><D90/><U87/><E102/><V92/><F75/><W109/><G133/><T116/><D116/><U16/><E101/><V91/><F99/><W43/><G109/><T63/><D63/><U81/><E100/><V69/><F91/><W117/><G117/><T18/><D18/><U80/><E17/><V59/><F19/><W119/><G119/><T20/><AGARI ba="0,1" hai="20,25,30,54,58,60,82,83,85,86,88,89,129,130" machi="20" ten="30,8000,1" yaku="1,1,0,1,9,1,54,1,53,1" doraHai="64" doraHaiUra="49" who="0" fromWho="0" sc="271,90,319,-20,223,-20,177,-40" owari="361,46.1,299,9.9,203,-19.7,137,-36.3" /></mjloggm>