<mjloggm ver="2.3"><GO type="225" lobby="0"/><UN n0="%E5%B6%BA%E4%B8%8A%E5%92%B2" n1="%E6%A9%98%E3%83%AF%E3%83%AB%E3%83%84" n2="%E3%81%A4%E3%81%A3%E3%81%B1%E3%82%8A%E3%83%9D%E3%83%BC%E3%83%AB" n3="%E3%83%8F%E3%82%A4%E3%83%91%E3%83%BC%E3%83%84%E3%83%8A%E7%BC%B6" dan="16,16,17,16" rate="2104.93,2103.40,2103.42,2086.75" sx="F,M,M,M"/><TAIKYOKU oya="0"/><INIT seed="0,0,0,1,1,2" ten="250,250,250,250" oya="0" hai0="104,114,89,48,86,30,9,112,61,17,93,52,98" hai1="21,72,41,64,108,26,70,100,69,5,51,1,119" hai2="115,0,43,8,28,135,45,127,12,68,121,59,76" hai3="126,101,125,54,128,95,94,80,88,24,79,81,90"/><T118/><D30/><U18/><E119/><V13/><F115/><W131/><G24/><T23/><D118/><U78/><E100/><V4/><F68/><W103/><REACH who="3" step="1"/><G54/><REACH who="3" ten="250,250,250,240" step="2"/><T97/><D112/><U46/><E64/><V10/><F135/><W123/><G123/><T56/><D114/><U6/><E1/><V25/><F121/><W11/><G11/><T77/><D9/><U55/><E108/><V84/><F10/><W19/><G19/><T32/><D32/><U62/><E70/><V107/><F25/><W14/><G14/><N who="0" m="9655" /><D104/><U96/><E69/><V34/><F34/><W15/><G15/><T57/><D77/><AGARI ba="0,1" hai="77,79,80,81,88,90,94,95,101,103,125,126,128,131" machi="77" ten="25,12000,2" yaku="1,1,22,2,34,3,54,1,53,0" doraHai="2" doraHaiUra="7" who="3" fromWho="0" sc="250,-120,250,0,250,0,240,130" /><INIT seed="1,0,0,0,1,34" ten="130,250,250,370" oya="1" hai0="69,53,11,114,40,93,108,16,4,2,95,14,126" hai1="115,84,15,10,118,78,41,44,48,112,51,57,80" hai2="96,135,55,83,39,27,56,74,79,5,18,67,85" hai3="12,23,117,31,125,47,62,66,90,88,3,109,131"/><U113/><E118/><V110/><F39/><W42/><G117/><T17/><D114/><U116/><E116/><V76/><F110/><W45/><G109/><T102/><D69/><U120/><E120/><V130/><F130/><W52/><G131/><T30/><D108/><U1/><E57/><V104/><F135/><W54/><G3/><T92/><D126/><U32/><E32/><V8/><F67/><W124/><G12/><T82/><D40/><U103/><E103/><V49/><F104/><W21/><G31/><T101/><D30/><U99/><E99/><V24/><F96/><W0/><G0/><T26/><D82/><U100/><E100/><V22/><F27/><W123/><G123/><T98/><D53/><U107/><E1/><V68/><F68/><W133/><G42/><T65/><D65/><U19/><REACH who="1" step="1"/><E107/><REACH who="1" ten="130,240,250,370" step="2"/><V46/><F56/><W119/><G119/><T81/><D101/><U7/><E7/><V89/><F74/><W105/><G105/><T91/><D102/><U94/><E94/><V59/><F59/><W73/><G73/><T111/><D111/><U20/><E20/><V70/><F70/><W25/><G23/><T106/><D106/><U132/><E132/><V121/><F121/><W129/><G133/><T128/><D128/><U75/><E75/><V63/><F63/><W13/><G129/><T72/><D72/><U127/><E127/><V134/><F134/><W71/><G124/><T86/><D98/><U38/><AGARI ba="0,1" hai="10,15,19,38,41,44,48,51,78,80,84,112,113,115" machi="38" ten="30,6000,0" yaku="1,1,0,1,53,1" doraHai="34" doraHaiUra="6" who="1" fromWho="1" sc="130,-20,240,70,250,-20,370,-20" /><INIT seed="1,1,0,0,1,86" ten="110,310,230,350" oya="1" hai0="39,44,99,41,119,73,77,25,79,48,2,134,9" hai1="82,60,12,78,7,30,6,62,117,42,21,3,107" hai2="90,85,35,58,103,43,61,102,114,97,16,11,38" hai3="28,53,131,32,8,45,76,27,70,1,13,98,109"/><U10/><E117/><V120/><F35/><W33/><G70/><T56/><D119/><U64/><E107/><V52/><F120/><W74/><G74/><T123/><D134/><U115/><E115/><V130/><F114/><W135/><G76/><T118/><D118/><U116/><E116/><V72/><F72/><W95/><G1/><T67/><D123/><U133/><E133/><V26/><F130/><W23/><G109/><T46/><D99/><U31/><E42/><V132/><F132/><W29/><G131/><T22/><D77/><U81/><E3/><V105/><F103/><W65/><G65/><T89/><D67/><U100/><E100/><V122/><F122/><W94/><G94/><T0/><D56/><U83/><E78/><V113/><F113/><W112/><G112/><T87/><D79/><U108/><E108/><V15/><F26/><W4/><G29/><N who="1" m="10762" /><E7/><V96/><F96/><W92/><G92/><T69/><D73/><U55/><E21/><V5/><F43/><W93/><G93/><T104/><D104/><U49/><E64/><V19/><F38/><W40/><G53/><T66/><D66/><U127/><E127/><V50/><F61/><W91/><REACH who="3" step="1"/><G135/><REACH who="3" ten="110,310,230,340" step="2"/><T20/><D0/><U88/><E62/><V129/><F129/><W101/><G101/><T125/><D2/><U51/><E60/><V47/><F58/><W121/><G121/><T84/><D125/><U128/><E128/><V124/><F124/><W59/><G59/><T68/><D68/><U54/><E88/><V111/><F111/><W37/><AGARI ba="1,1" hai="4,8,13,23,27,28,32,33,37,40,45,91,95,98" machi="37" ten="20,5200,0" yaku="1,1,0,1,7,1,52,1,53,0" doraHai="86" doraHaiUra="57" who="3" fromWho="3" sc="110,-14,310,-27,230,-14,340,65" /><INIT seed="2,0,0,2,1,31" ten="96,283,216,405" oya="2" hai0="12,121,80,74,68,96,75,113,134,90,58,35,132" hai1="127,2,89,107,77,17,125,34,4,45,48,85,81" hai2="78,38,129,116,40,92,57,131,60,122,111,29,3" hai3="32,86,91,19,87,100,76,18,47,124,27,16,119"/><V94/><F116/><W46/><G119/><T1/><D1/><U120/><E107/><V123/><F3/><W63/><G124/><T112/><D68/><U93/><E17/><V72/><F29/><W50/><G100/><T56/><D12/><U51/><E120/><V42/><F78/><W117/><G117/><T59/><D121/><U13/><E2/><V14/><F14/><W115/><G115/><N who="0" m="44107" /><D96/><U55/><E34/><V23/><F23/><W110/><G32/><T73/><D90/><U10/><REACH who="1" step="1"/><E51/><REACH who="1" ten="96,273,216,405" step="2"/><V69/><F122/><W79/><G50/><T66/><D35/><U61/><E61/><V0/><F60/><W104/><G18/><T24/><D24/><U5/><E5/><V43/><F0/><W28/><G63/><T6/><D6/><U65/><E65/><V26/><F26/><W11/><G27/><T44/><D66/><U99/><AGARI ba="0,1" hai="4,10,13,45,48,55,77,81,85,89,93,99,125,127" machi="99" ten="30,4000,0" yaku="1,1,0,1,53,1" doraHai="31" doraHaiUra="8" who="1" fromWho="1" sc="96,-10,273,50,216,-20,405,-10" /><INIT seed="3,0,0,4,1,112" ten="86,323,196,395" oya="3" hai0="29,52,36,51,96,16,74,130,94,57,131,61,45" hai1="91,3,101,122,73,69,108,10,33,62,24,95,59" hai2="104,56,64,11,27,105,68,135,44,17,92,42,20" hai3="14,124,84,110,18,2,49,46,121,7,9,123,133"/><W21/><G133/><T70/><D74/><U119/><E122/><V89/><F68/><W15/><G124/><T22/><D29/><U117/><E73/><V125/><F135/><W126/><G126/><T109/><D109/><U5/><E108/><V8/><F105/><W25/><G110/><T127/><D127/><U55/><E101/><V32/><F104/><W86/><G14/><T99/><D70/><U120/><E120/><V53/><F64/><W76/><G86/><T81/><D36/><U75/><E75/><V63/><F32/><W23/><G76/><T132/><D132/><U40/><E40/><V60/><F60/><W13/><G84/><T79/><D79/><U66/><E24/><V100/><F100/><W102/><G102/><T54/><D81/><U113/><E33/><V80/><F80/><W93/><G93/><T103/><D99/><U39/><E39/><V34/><F34/><W85/><G85/><T30/><D30/><U111/><E111/><V1/><F1/><W26/><G13/><T98/><D96/><U48/><E113/><V118/><F125/><W83/><G83/><T19/><REACH who="0" step="1"/><D22/><REACH who="0" ten="76,323,196,395" step="2"/><U58/><E69/><V35/><F20/><W0/><G23/><T65/><D65/><U129/><E129/><AGARI ba="0,1" hai="16,19,45,51,52,54,57,61,94,98,103,129,130,131" machi="129" ten="40,8000,1" yaku="1,1,19,1,54,2,53,1" doraHai="112" doraHaiUra="47" who="0" fromWho="1" sc="76,90,323,-80,196,0,395,0" owari="166,-33.4,243,4.3,196,-20.4,395,49.5" /></mjloggm>