<mjloggm ver="2.3"><GO type="225" lobby="0"/><UN n0="%E3%80%93%E3%81%97%E3%83%BC%E3%82%89%E3%80%93" n1="%E5%8D%A0%E3%81%84%E5%B8%AB%E8%A3%8F%E3%81%AA%E3%81%84%E3%81%97" n2="%E3%80%90%E3%83%88%E3%83%AA%E3%83%A5%E3%83%95%E3%80%91" n3="%E3%81%BE%E3%81%A8%E3%81%9F" dan="16,17,16,16" rate="2216.70,2159.85,2077.40,2122.08" sx="M,M,M,M"/><TAIKYOKU oya="0"/><INIT seed="0,0,0,4,0,31" ten="250,250,250,250" oya="0" hai0="125,15,117,100,23,3,85,110,99,82,4,8,12" hai1="118,18,9,60,98,27,102,104,55,121,67,24,114" hai2="112,131,11,97,2,93,130,73,49,72,53,70,78" hai3="84,19,83,88,66,59,46,122,20,21,35,57,68"/><T1/><D117/><U28/><E118/><V87/><F70/><W0/><G0/><T105/><D125/><U106/><E121/><V92/><F112/><W69/><G122/><T95/><D110/><U36/><E36/><V43/><F43/><W115/><G115/><T26/><D105/><U123/><E123/><V90/><F78/><W132/><G35/><T89/><REACH who="0" step="1"/><D1/><REACH who="0" ten="240,250,250,250" step="2"/><U128/><E106/><V5/><F130/><W41/><G132/><T17/><AGARI ba="0,1" hai="3,4,8,12,15,17,23,26,82,85,89,95,99,100" machi="17" ten="20,7800,0" yaku="1,1,2,1,0,1,7,1,53,0" doraHai="31" doraHaiUra="29" who="0" fromWho="0" sc="240,88,250,-26,250,-26,250,-26" /><INIT seed="0,1,0,4,4,23" ten="328,224,224,224" oya="0" hai0="0,50,8,48,70,83,135,22,81,118,7,40,96" hai1="115,20,59,111,88,2,49,128,132,64,43,38,68" hai2="31,106,58,124,51,85,19,126,39,77,21,72,14" hai3="37,63,89,117,4,134,12,26,17,62,80,15,110"/><T93/><D70/><U121/><E121/><V55/><F39/><W47/><G110/><T102/><D118/><U73/><E73/><V16/><F106/><W79/><G117/><T56/><D135/><U35/><E35/><V10/><F31/><W119/><G119/><T90/><D50/><U127/><E2/><V57/><F72/><W5/><G89/><T97/><D22/><U54/><E111/><V94/><F58/><W78/><G26/><T65/><D65/><U131/><E132/><V123/><F123/><W87/><G134/><T84/><D97/><U27/><E127/><V36/><F36/><W32/><G32/><T69/><D69/><U86/><E115/><V45/><F45/><W104/><G104/><T9/><D9/><U28/><E43/><V53/><F53/><W34/><G34/><T98/><D98/><U29/><E29/><V46/><F46/><W122/><G122/><T3/><D3/><U41/><E41/><V11/><F11/><W24/><G24/><T130/><D130/><U92/><REACH who="1" step="1"/><E38/><REACH who="1" ten="328,214,224,224" step="2"/><V71/><F124/><W112/><G37/><T109/><D109/><U67/><E67/><V1/><F1/><W60/><G112/><T44/><REACH who="0" step="1"/><D56/><REACH who="0" ten="318,214,224,224" step="2"/><U42/><E42/><V99/><F126/><W30/><G47/><T66/><D66/><U108/><E108/><V18/><F71/><W76/><G4/><T33/><D33/><U75/><E75/><V103/><F10/><W6/><G5/><T125/><D125/><U120/><E120/><V133/><F133/><W52/><G6/><T105/><AGARI ba="1,2" hai="0,7,8,40,44,48,81,83,84,90,93,96,102,105" machi="105" ten="20,3900,0" yaku="1,1,0,1,7,1,53,0" doraHai="23" doraHaiUra="114" who="0" fromWho="0" sc="318,62,214,-14,224,-14,224,-14" /><INIT seed="0,2,0,5,4,7" ten="380,200,210,210" oya="0" hai0="45,82,118,120,115,109,31,2,49,55,132,67,94" hai1="6,11,102,26,70,95,131,38,84,10,12,1,98" hai2="59,66,29,52,105,92,114,90,19,48,32,99,117" hai3="34,37,129,28,104,15,50,16,68,128,73,100,20"/><T3/><D115/><U107/><E70/><V22/><F114/><W113/><G37/><T85/><D118/><U63/><E38/><V75/><F117/><W44/><G73/><T25/><D120/><U77/><E131/><N who="3" m="50250" /><G68/><T18/><D132/><U76/><E63/><V80/><F105/><W130/><N who="3" m="50258" /><W54/><DORA hai="72" /><G113/><T56/><D94/><U23/><E84/><V61/><F32/><W57/><G34/><T21/><D109/><U93/><E93/><V62/><F29/><W47/><G28/><T125/><D125/><U35/><E107/><V46/><F66/><W86/><G86/><T4/><D4/><U89/><E102/><V39/><F39/><W116/><G116/><T134/><D134/><U36/><E36/><V97/><F97/><AGARI ba="2,0" hai="15,16,20,44,47,50,54,57,97,100,104" m="50258" machi="97" ten="40,2600,0" yaku="19,1,54,1" doraHai="7,72" who="3" fromWho="2" sc="380,0,200,0,210,-32,210,32" /><INIT seed="1,0,0,4,2,133" ten="380,200,178,242" oya="1" hai0="75,128,27,22,26,134,113,30,6,114,16,132,68" hai1="78,64,107,5,15,7,23,13,100,131,57,45,89" hai2="18,115,70,3,112,135,48,121,50,120,49,24,62" hai3="95,90,67,31,94,85,93,80,110,108,124,35,122"/><U8/><E131/><V72/><F3/><W2/><G2/><T104/><D68/><U65/><E78/><V0/><F0/><W77/><G67/><T28/><D104/><U117/><E117/><V19/><F72/><N who="3" m="43047" /><G35/><N who="0" m="20887" /><D75/><U102/><E107/><V106/><F106/><W4/><G4/><T125/><D128/><U55/><E45/><V92/><F135/><N who="0" m="51754" /><D6/><U14/><E89/><V41/><F41/><W99/><G31/><T96/><D96/><U46/><E46/><V73/><F73/><W109/><G122/><T83/><D83/><U79/><E79/><V74/><F74/><W47/><G47/><T69/><D69/><U44/><E44/><V12/><F92/><N who="3" m="54351" /><G124/><T76/><D76/><U29/><E29/><V81/><F81/><W11/><G11/><T63/><D63/><N who="1" m="36287" /><E23/><V43/><F43/><W129/><G129/><T123/><D123/><U101/><E14/><V34/><F121/><W40/><G40/><T88/><D30/><U17/><E17/><V91/><F34/><W105/><G105/><T127/><D88/><AGARI ba="0,0" hai="88,93,94,95,99,108,109,110" m="54351,43047" machi="88" ten="30,7700,0" yaku="14,1,34,2,54,1" doraHai="133" who="3" fromWho="0" sc="380,-77,200,0,178,0,242,77" /><INIT seed="2,0,0,3,4,1" ten="303,200,178,319" oya="2" hai0="76,93,130,94,49,121,7,64,65,104,132,42,40" hai1="83,63,43,6,11,71,97,66,95,79,16,98,134" hai2="12,129,131,58,24,84,88,113,62,61,21,135,109" hai3="13,14,68,31,44,34,5,118,60,110,114,86,87"/><V72/><F113/><W57/><G118/><T3/><D104/><U128/><E128/><N who="2" m="49227" /><F72/><W28/><G68/><T17/><D130/><U89/><E134/><V126/><F12/><N who="3" m="4715" /><G5/><T73/><D132/><U81/><E43/><V107/><F107/><W119/><G119/><T54/><D121/><U22/><E97/><V29/><F135/><W38/><G38/><T133/><D17/><U50/><E50/><V108/><F126/><W45/><G34/><T2/><D133/><U36/><E36/><V85/><F85/><N who="3" m="32267" /><G110/><N who="2" m="42601" /><F58/><W41/><G41/><T46/><D73/><U9/><E79/><V101/><F101/><W27/><G114/><T52/><D76/><U25/><E9/><V67/><F67/><N who="3" m="39311" /><G27/><T100/><D100/><U32/><E32/><V127/><F127/><W35/><G35/><T82/><D42/><U112/><E112/><V0/><F0/><AGARI ba="0,0" hai="0,6,11,16,22,25,63,66,71,81,83,89,95,98" machi="0" ten="30,3900,0" yaku="7,1,52,1,54,1" doraHai="1" who="1" fromWho="2" sc="303,0,200,39,178,-39,319,0" /><INIT seed="3,0,0,0,5,16" ten="303,239,139,319" oya="3" hai0="71,2,133,35,41,10,130,37,69,75,26,1,58" hai1="99,83,97,32,118,27,54,57,114,52,6,108,60" hai2="124,78,56,45,119,100,72,68,21,3,11,107,63" hai3="81,13,51,48,30,115,117,18,105,0,106,79,82"/><W126/><G0/><N who="0" m="107" /><D58/><U61/><E114/><V67/><F119/><W132/><G115/><T8/><D8/><U109/><E6/><V49/><F124/><W129/><G51/><T50/><D50/><U47/><E118/><V104/><F100/><W38/><G48/><T20/><D20/><U113/><E113/><V53/><F72/><W24/><G81/><T131/><D10/><U88/><E47/><V66/><F78/><W93/><G82/><T28/><D75/><U39/><E39/><V125/><F125/><W87/><G93/><T84/><D84/><N who="1" m="50207" /><E32/><V77/><F77/><W80/><G126/><T101/><D101/><U36/><E36/><V19/><F67/><W85/><G38/><T96/><D96/><U122/><E122/><V64/><F64/><W73/><G117/><T110/><D133/><U134/><E134/><V121/><F121/><W76/><G73/><T62/><D110/><N who="1" m="42603" /><E27/><V94/><F94/><W65/><G132/><T55/><D55/><N who="1" m="21035" /><E60/><V17/><F68/><N who="0" m="26186" /><D62/><U23/><E23/><V74/><F74/><W44/><G79/><T98/><D98/><U42/><E42/><V34/><F34/><W116/><G76/><T59/><D59/><U86/><E86/><V31/><F31/><W89/><G87/><T112/><D112/><U135/><E135/><V103/><F103/><W12/><G85/><T111/><D111/><U4/><E4/><V15/><REACH who="2" step="1"/><F3/><REACH who="2" ten="303,239,129,319" step="2"/><W5/><G116/><T7/><D7/><U43/><E97/><V127/><F127/><W91/><G5/><T22/><D35/><U40/><E99/><V95/><F95/><RYUUKYOKU ba="0,1" sc="303,10,239,10,129,10,319,-30" hai0="22,26,28,37,41,130,131" hai1="40,43,57,61" hai2="11,15,17,19,21,45,49,53,56,63,66,104,107" owari="323,42.3,249,-15.1,139,-36.1,289,8.9" /></mjloggm>