<mjloggm ver="2.3"><GO type="225" lobby="0"/><UN n0="%E3%81%9B%E3%81%9B%E3%81%9B%E3%81%9B%E3%81%96%E3%82%80%E3%82%89%E3%81%84" n1="%E5%A4%8F%E9%88%B4%E9%88%B4%E5%A4%8F" n2="%E7%99%BD%E5%80%89%E5%AF%9B%E4%B9%8B" n3="%E7%89%B9%E6%9D%B1%E3%81%AF%E4%B8%96%E7%95%8C%E3%82%92%E6%95%91%E3%81%86" dan="16,16,16,16" rate="2157.94,2110.84,2148.16,2175.16" sx="M,F,M,M"/><TAIKYOKU oya="0"/><INIT seed="0,0,0,2,3,55" ten="250,250,250,250" oya="0" hai0="104,96,42,24,37,116,43,109,105,88,100,29,34" hai1="10,6,129,95,1,50,80,99,21,82,8,22,61" hai2="17,91,84,76,106,31,74,44,53,47,13,123,23" hai3="128,28,12,2,101,14,48,93,126,36,39,117,92"/><T125/><D116/><U115/><E129/><V35/><F106/><W54/><G117/><T89/><D125/><U58/><E115/><V57/><F123/><W85/><G2/><T111/><D104/><U60/><E10/><V120/><F120/><W131/><G28/><T65/><D65/><U56/><E50/><V112/><F112/><W72/><G72/><T77/><D77/><U27/><E21/><V108/><F108/><N who="0" m="41546" /><D37/><U94/><E95/><V4/><F4/><W87/><G48/><T33/><D33/><U121/><E58/><V135/><F135/><W71/><G54/><T64/><D64/><U134/><E61/><V114/><F114/><W46/><G46/><T107/><D107/><U51/><E51/><V66/><F66/><W67/><G67/><T79/><D79/><U122/><E134/><V75/><F76/><W9/><G9/><T63/><D63/><U38/><E38/><V20/><F35/><W45/><G45/><T18/><D18/><U41/><E122/><V26/><F74/><W16/><G16/><T73/><D73/><U70/><E121/><V78/><F78/><W124/><REACH who="3" step="1"/><G71/><REACH who="3" ten="250,250,250,240" step="2"/><T62/><D62/><U5/><E70/><V127/><F75/><W113/><G113/><T83/><D83/><U69/><E82/><N who="2" m="49559" /><F127/><W97/><G97/><T40/><AGARI ba="0,1" hai="24,29,34,40,42,43,88,89,96,100,105" m="41546" machi="40" ten="30,6000,0" yaku="14,1,10,1,54,1" doraHai="55" who="0" fromWho="0" sc="250,70,250,-20,250,-20,240,-20" /><INIT seed="0,1,0,4,1,110" ten="320,230,230,220" oya="0" hai0="90,19,2,17,50,47,33,65,13,125,22,121,35" hai1="36,21,56,89,14,116,129,7,28,99,15,52,108" hai2="6,32,44,25,40,30,88,70,134,59,115,91,45" hai3="23,63,95,86,131,114,93,8,18,100,83,127,106"/><T46/><D121/><U74/><E116/><V113/><F70/><W69/><G131/><T27/><D125/><U135/><E108/><V72/><F72/><W96/><G127/><T76/><D2/><U120/><E120/><V79/><F79/><W94/><G8/><T0/><D0/><U16/><E74/><V118/><F6/><W43/><G43/><T124/><D124/><U80/><E36/><V12/><F12/><W122/><G122/><T77/><D65/><U1/><E135/><V101/><F101/><W104/><G104/><T71/><D71/><U26/><E129/><V54/><F134/><W111/><G111/><T11/><D46/><U57/><E57/><V48/><F45/><W24/><G63/><T53/><D33/><U9/><E28/><V133/><F133/><W4/><G4/><T51/><D35/><U31/><E31/><V42/><F42/><W5/><G5/><T62/><D50/><U29/><E29/><V123/><F123/><W112/><REACH who="3" step="1"/><G69/><REACH who="3" ten="320,230,230,210" step="2"/><T85/><REACH who="0" step="1"/><D62/><REACH who="0" ten="310,230,230,210" step="2"/><N who="1" m="36103" /><E80/><AGARI ba="1,2" hai="11,13,17,19,22,27,47,51,53,76,77,80,85,90" machi="80" ten="30,12000,1" yaku="1,1,7,1,25,2,8,1,53,0" doraHai="110" doraHaiUra="66" who="0" fromWho="1" sc="310,143,230,-123,230,0,210,0" /><INIT seed="0,2,0,3,2,128" ten="453,107,230,210" oya="0" hai0="42,103,38,119,104,34,97,117,31,124,35,72,91" hai1="66,122,37,95,55,21,110,129,111,23,71,20,14" hai2="120,25,30,6,81,29,0,99,135,52,33,40,93" hai3="61,108,113,49,2,13,82,67,87,5,32,115,127"/><T18/><D124/><U17/><E122/><V43/><F120/><W79/><G127/><T134/><D72/><U4/><E129/><V109/><F109/><N who="1" m="41481" /><E37/><V11/><F30/><W64/><G108/><T50/><D50/><U48/><E95/><V15/><F135/><W132/><G32/><T41/><D134/><U65/><E4/><V121/><F121/><W3/><G132/><T54/><D54/><U96/><E96/><V101/><F81/><W94/><G64/><N who="1" m="24682" /><E71/><V116/><F116/><W68/><G94/><T58/><D38/><U77/><E77/><V89/><F101/><W44/><G13/><T46/><D103/><U112/><E112/><V59/><REACH who="2" step="1"/><F15/><REACH who="2" ten="453,107,220,210" step="2"/><W131/><G131/><T76/><D117/><U36/><E36/><V92/><F92/><W80/><G80/><T69/><D119/><U63/><E63/><AGARI ba="2,1" hai="0,6,11,25,29,33,40,43,52,59,63,89,93,99" machi="63" ten="30,3900,0" yaku="1,1,7,1,54,1,53,0" doraHai="128" doraHaiUra="118" who="2" fromWho="1" sc="453,0,107,-45,220,55,210,0" /><INIT seed="1,0,0,2,0,135" ten="453,62,275,210" oya="1" hai0="47,81,70,36,79,11,90,113,63,85,123,102,29" hai1="49,115,17,62,131,109,44,106,127,46,75,122,31" hai2="119,134,54,92,21,116,13,0,15,1,48,2,129" hai3="95,7,12,53,98,50,67,3,86,51,58,101,110"/><U14/><E122/><V132/><F92/><W78/><G3/><T52/><D113/><U40/><E115/><V68/><F68/><W45/><G110/><T124/><D123/><U27/><E109/><V28/><F48/><W114/><G114/><T112/><D112/><U18/><E131/><V97/><F54/><W9/><G67/><T96/><D124/><U16/><E127/><V108/><F97/><W38/><G38/><T125/><D125/><U100/><E75/><V39/><F39/><W66/><G66/><T19/><D29/><U88/><E62/><V130/><F108/><W128/><G128/><N who="2" m="49257" /><F28/><W4/><G86/><T57/><D70/><U82/><E46/><V72/><F72/><W42/><REACH who="3" step="1"/><G78/><REACH who="3" ten="453,62,275,200" step="2"/><T105/><D79/><U99/><E88/><V103/><F103/><W133/><G133/><N who="2" m="51305" /><F21/><W24/><G24/><T34/><D36/><U33/><REACH who="1" step="1"/><E82/><REACH who="1" ten="453,52,275,200" step="2"/><V41/><F41/><W84/><G84/><T104/><D85/><U87/><E87/><V37/><F37/><W32/><G32/><T93/><D34/><U74/><E74/><V107/><F107/><W126/><G126/><T94/><D81/><U61/><E61/><V8/><F8/><AGARI ba="0,2" hai="8,14,16,17,18,27,31,33,40,44,49,99,100,106" machi="8" ten="30,5800,0" yaku="1,1,7,1,54,1,53,0" doraHai="135" doraHaiUra="65" who="1" fromWho="2" sc="453,0,52,78,275,-58,200,0" /><INIT seed="1,1,0,4,1,38" ten="453,130,217,200" oya="1" hai0="35,120,121,135,114,53,62,90,6,79,33,55,110" hai1="82,3,63,32,23,134,118,67,123,88,64,43,73" hai2="69,52,112,19,78,39,126,57,74,34,97,37,87" hai3="80,71,11,116,25,100,46,75,42,81,129,66,49"/><U86/><E123/><N who="0" m="47177" /><D114/><U68/><E118/><V41/><F34/><N who="0" m="12810" /><D110/><U104/><E134/><V106/><F69/><W109/><G109/><T24/><D79/><U30/><E3/><V125/><F74/><W105/><G116/><T20/><D62/><U101/><E32/><V95/><F106/><W13/><G25/><T56/><D56/><U31/><E67/><V2/><F2/><W4/><G129/><T83/><D6/><U36/><E23/><V44/><F112/><W130/><G130/><T99/><D135/><U122/><E122/><V10/><F39/><W124/><G124/><T29/><D99/><U103/><E73/><V28/><F28/><W40/><G105/><T45/><D45/><U119/><E119/><V89/><F19/><W107/><G107/><T54/><D54/><U48/><E48/><V61/><F10/><W0/><G0/><T51/><D51/><U47/><REACH who="1" step="1"/><E104/><REACH who="1" ten="453,120,217,200" step="2"/><V113/><F113/><W5/><G75/><T102/><D20/><U70/><E70/><V7/><F126/><W12/><G66/><T115/><D115/><U17/><E17/><V27/><F125/><W91/><G71/><T18/><D18/><U111/><E111/><V96/><F7/><W8/><G49/><T76/><D29/><AGARI ba="1,1" hai="29,30,31,36,43,47,63,64,68,82,86,88,101,103" machi="29" ten="40,7700,0" yaku="1,1,52,1,54,1,53,0" doraHai="38" doraHaiUra="131" who="1" fromWho="0" sc="453,-80,120,90,217,0,200,0" /><INIT seed="1,2,0,1,0,52" ten="373,210,217,200" oya="1" hai0="20,67,107,111,38,99,116,46,68,60,104,61,82" hai1="45,55,64,41,119,12,3,93,35,7,130,120,53" hai2="73,83,34,91,123,85,26,32,113,133,131,124,42" hai3="112,76,8,74,94,100,115,97,51,54,66,47,102"/><U19/><E119/><V13/><F123/><W90/><G66/><T62/><D116/><U31/><E120/><V37/><F131/><W63/><G63/><T78/><D111/><U71/><E130/><V87/><F73/><W33/><G33/><T2/><D2/><U50/><E93/><V108/><F108/><W109/><G109/><T88/><D104/><U118/><E118/><V11/><F133/><W57/><G47/><T22/><D22/><N who="1" m="11623" /><E64/><V6/><F124/><W0/><G76/><T126/><D126/><U72/><E72/><V92/><F113/><W43/><G43/><T128/><D128/><U129/><E71/><V49/><F37/><W4/><REACH who="3" step="1"/><G74/><REACH who="3" ten="373,210,217,190" step="2"/><T96/><D67/><U36/><E129/><V65/><F65/><W40/><G40/><T28/><D61/><U121/><E121/><V114/><F114/><AGARI ba="2,1" hai="0,4,8,51,54,57,90,94,97,100,102,112,114,115" machi="114" ten="40,2600,0" yaku="1,1,52,1,53,0" doraHai="52" doraHaiUra="23" who="3" fromWho="2" sc="373,0,210,0,217,-32,190,42" /><INIT seed="2,0,0,5,4,127" ten="373,210,185,232" oya="2" hai0="81,57,30,126,7,103,22,92,10,1,44,33,63" hai1="120,78,110,46,62,2,0,59,91,23,67,94,21" hai2="13,131,48,27,123,118,132,87,69,34,101,104,42" hai3="36,75,6,45,134,32,125,122,66,84,73,70,89"/><V40/><F118/><W76/><G122/><T90/><D33/><U51/><E120/><V65/><F123/><W85/><G32/><T107/><D107/><U133/><E110/><V43/><F132/><W60/><G125/><T79/><D126/><U113/><E113/><V99/><F87/><W129/><G134/><T37/><D103/><U83/><E0/><V29/><F13/><W24/><G24/><T86/><D37/><U47/><E47/><V95/><F95/><W135/><G135/><T68/><D44/><U19/><E19/><V5/><F5/><W35/><G35/><T121/><D68/><U38/><E38/><V124/><F124/><W52/><G6/><T102/><D102/><U109/><E2/><V72/><F72/><W8/><G8/><T61/><D57/><U20/><E20/><V74/><F74/><W82/><G129/><T112/><D112/><U80/><E80/><V71/><F131/><W115/><G115/><T108/><D108/><U50/><E50/><V17/><F17/><W119/><G119/><T31/><D121/><U106/><E106/><V4/><F4/><W128/><G128/><T49/><D49/><U28/><E28/><N who="0" m="10793" /><D22/><U56/><E56/><V97/><F97/><W12/><G12/><T130/><D130/><U77/><E109/><V114/><F114/><W41/><G52/><T100/><D100/><U3/><E3/><V53/><REACH who="2" step="1"/><F65/><REACH who="2" ten="373,210,175,232" step="2"/><W16/><G16/><T9/><D7/><U117/><E133/><V14/><F14/><W105/><G105/><T88/><D1/><U58/><E117/><V64/><F64/><RYUUKYOKU ba="0,1" sc="373,-15,210,-15,175,15,232,15" hai2="27,29,34,40,42,43,48,53,69,71,99,101,104" hai3="36,41,45,60,66,70,73,75,76,82,84,85,89" /><INIT seed="2,1,1,5,3,10" ten="358,195,190,247" oya="2" hai0="82,70,29,129,25,34,94,98,39,63,32,23,110" hai1="31,104,81,89,91,14,38,88,6,15,121,116,134" hai2="113,19,96,4,36,12,93,130,46,100,33,17,20" hai3="61,114,85,69,99,124,111,7,11,55,67,126,53"/><V135/><F33/><W123/><G123/><T37/><D110/><U21/><E116/><V59/><F113/><W58/><G111/><T128/><D82/><U18/><E104/><V74/><F74/><W30/><G114/><T90/><D70/><U92/><E38/><N who="0" m="14345" /><D63/><U120/><E134/><V45/><F135/><W76/><G30/><T103/><D90/><N who="1" m="34315" /><E81/><V43/><F130/><AGARI ba="1,1" hai="23,25,29,32,34,94,98,103,128,129,130" m="14345" machi="130" ten="30,1000,0" yaku="19,1" doraHai="10" who="0" fromWho="2" sc="358,23,195,0,190,-13,247,0" /><INIT seed="3,0,0,4,3,109" ten="381,195,177,247" oya="3" hai0="124,25,4,50,43,2,56,98,113,59,84,92,104" hai1="40,22,107,69,97,129,117,103,67,29,79,102,44" hai2="0,64,108,99,10,26,45,135,48,11,70,110,118" hai3="112,61,73,42,68,122,133,66,93,87,82,123,38"/><W14/><G73/><T37/><D37/><U62/><E129/><V80/><F118/><W78/><G133/><T52/><D104/><U39/><E117/><V106/><F135/><W76/><G76/><T32/><D124/><U20/><E29/><V57/><F0/><W85/><G42/><T54/><D43/><U15/><E79/><V75/><F57/><W7/><G38/><T88/><D2/><U71/><E71/><V9/><F26/><W121/><G7/><T128/><D128/><U120/><E120/><V132/><F132/><W130/><G14/><T18/><D4/><U5/><REACH who="1" step="1"/><E103/><REACH who="1" ten="381,185,177,247" step="2"/><N who="2" m="62847" /><F75/><W30/><G30/><T19/><D19/><U125/><E125/><V105/><F105/><W134/><G134/><T126/><D50/><U41/><E41/><N who="2" m="24623" /><F80/><W60/><G130/><T72/><D18/><U51/><E51/><V131/><F131/><W89/><G61/><T13/><D56/><U33/><E33/><V23/><F23/><W127/><G127/><T74/><D59/><U100/><E100/><V12/><F70/><W53/><G121/><T3/><D3/><U90/><E90/><V116/><F116/><W28/><G28/><T77/><D84/><U34/><E34/><V49/><F49/><W24/><G123/><T17/><D92/><U55/><E55/><V115/><F64/><W91/><G122/><T21/><D126/><U86/><E86/><V8/><N who="2" m="2048" /><DORA hai="63" /><V65/><F65/><W119/><G53/><T46/><D54/><U36/><E36/><V1/><F1/><W6/><G119/><T95/><D52/><U47/><E47/><RYUUKYOKU ba="0,1" sc="381,-10,185,30,177,-10,247,-10" hai1="5,15,20,22,39,40,44,62,67,69,97,102,107" owari="381,48.1,215,-18.5,167,-33.3,237,3.7" /></mjloggm>