<mjloggm ver="2.3"><GO type="225" lobby="0"/><UN n0="%E3%81%AF%E3%82%88%E3%81%8A%E3%81%98%E3%81%95%E3%82%93" n1="%E7%99%BD%E5%80%89%E5%AF%9B%E4%B9%8B" n2="%77%72%77%72%77%72%77%72" n3="%E3%81%90%E3%81%A1%E3%82%84%E3%81%BE" dan="17,16,17,16" rate="2156.42,2150.48,2178.39,2136.78" sx="M,M,M,M"/><TAIKYOKU oya="0"/><INIT seed="0,0,0,2,3,48" ten="250,250,250,250" oya="0" hai0="100,65,83,34,94,29,70,123,10,74,125,56,87" hai1="73,127,90,106,99,63,51,118,58,1,102,31,33" hai2="75,2,81,17,30,119,3,130,80,38,40,24,39" hai3="105,112,72,86,117,41,89,6,15,128,25,113,115"/><T131/><D123/><U82/><E1/><V59/><F130/><W79/><G117/><T7/><D131/><U23/><E118/><V116/><F17/><W54/><G128/><T44/><D70/><U69/><E127/><V46/><F39/><W21/><G105/><T109/><D125/><U111/><E111/><V52/><F116/><W0/><G41/><T98/><D109/><U108/><E108/><V57/><F119/><W120/><G120/><T129/><D129/><U28/><E33/><V97/><F97/><W84/><G0/><T93/><D44/><U122/><E69/><V64/><F64/><W121/><G121/><T53/><D65/><U43/><E23/><V37/><F37/><W19/><G89/><T55/><D56/><U18/><E18/><V35/><F57/><W133/><G133/><T49/><D49/><U135/><E135/><V42/><F42/><W77/><G54/><N who="0" m="20491" /><D74/><U71/><E71/><V9/><F75/><W92/><G72/><T5/><D34/><U110/><E73/><V76/><F76/><W114/><G114/><T91/><D29/><U67/><E110/><V68/><F68/><W8/><G86/><N who="0" m="52471" /><D10/><U36/><E36/><V107/><F107/><W32/><G32/><T134/><D134/><U124/><E124/><V50/><REACH who="2" step="1"/><F2/><REACH who="2" ten="250,250,240,250" step="2"/><W14/><G115/><T62/><D62/><U101/><E122/><V78/><F78/><AGARI ba="0,1" hai="5,7,78,83,87,94,98,100" m="52471,20491" machi="78" ten="30,11600,0" yaku="8,1,52,3" doraHai="48" who="0" fromWho="2" sc="250,126,250,0,240,-116,250,0" /><INIT seed="0,1,0,1,1,76" ten="376,250,124,250" oya="0" hai0="119,122,120,130,110,4,57,25,125,69,133,39,61" hai1="80,104,6,46,117,71,55,30,102,98,92,42,112" hai2="73,88,47,114,11,89,5,9,121,131,1,111,19" hai3="101,103,90,53,49,26,50,29,72,99,28,85,35"/><T97/><D4/><U87/><E71/><V22/><F114/><W86/><G72/><T18/><D97/><U84/><E112/><V91/><F121/><W38/><G38/><T70/><D18/><U75/><E117/><V32/><F32/><W68/><G68/><N who="0" m="26219" /><D25/><U81/><E75/><V64/><F111/><W79/><G99/><T24/><D24/><U37/><E30/><V65/><F131/><W108/><G108/><T118/><D110/><U52/><E6/><V21/><F73/><W62/><G62/><T51/><D39/><U16/><E16/><V83/><F11/><W40/><G29/><T13/><D13/><U3/><E3/><V45/><F21/><W58/><G79/><T63/><D130/><U41/><E104/><V123/><F123/><N who="0" m="47146" /><D125/><U23/><E23/><V0/><F0/><W113/><G113/><T100/><D100/><U129/><E129/><V31/><F31/><W115/><G115/><T78/><D78/><N who="1" m="46103" /><E37/><V126/><F126/><W74/><G74/><T8/><D8/><U27/><E27/><V134/><F22/><W132/><G86/><T127/><D127/><U44/><E44/><V77/><F19/><W20/><G35/><T2/><D2/><U10/><E10/><V94/><F94/><N who="3" m="54607" /><G101/><T43/><D133/><U48/><E42/><V54/><F134/><W95/><G132/><T17/><D17/><U59/><E59/><V34/><F34/><W135/><G135/><T107/><D107/><U105/><E105/><V33/><F33/><W66/><G40/><T109/><D109/><U36/><E36/><V7/><F1/><RYUUKYOKU ba="1,0" sc="376,-10,250,30,124,-10,250,-10" hai1="41,46,48,52,55,81,87,92,98,102" /><INIT seed="1,2,0,3,3,117" ten="366,280,114,240" oya="1" hai0="13,106,111,63,54,33,83,37,128,124,8,105,77" hai1="91,40,82,87,127,58,100,71,10,7,57,123,122" hai2="47,45,88,114,52,81,28,108,25,102,112,24,131" hai3="86,60,110,21,64,76,79,30,19,73,3,66,132"/><U31/><E71/><V42/><F108/><W129/><G110/><T5/><D111/><U125/><E31/><V93/><F131/><W134/><G3/><T78/><D33/><U107/><E40/><V20/><F102/><W84/><G30/><T23/><D128/><U121/><E100/><V41/><F81/><W96/><G96/><T48/><D37/><U85/><E107/><V2/><F2/><W62/><G129/><T119/><D119/><U56/><REACH who="1" step="1"/><E87/><REACH who="1" ten="366,270,114,240" step="2"/><V133/><F133/><W39/><G86/><N who="0" m="48495" /><D105/><U44/><E44/><V67/><F42/><W95/><G84/><T38/><D106/><U103/><E103/><V55/><F41/><W59/><G134/><T14/><D38/><U51/><E51/><V72/><F72/><W53/><G73/><T130/><D130/><U32/><E32/><V113/><F45/><W120/><G39/><T92/><D48/><U4/><E4/><V61/><F47/><W97/><G132/><T89/><D5/><U46/><E46/><V6/><F6/><W70/><G62/><T90/><D63/><U115/><E115/><V50/><F50/><W35/><G35/><T9/><D90/><U74/><E74/><V27/><F28/><W15/><G70/><T16/><D89/><U104/><E104/><V18/><F88/><N who="3" m="55527" /><G76/><T94/><D78/><U17/><E17/><V0/><F114/><W11/><G79/><T99/><D16/><U65/><E65/><V26/><F113/><W118/><G66/><T29/><D29/><U101/><E101/><V69/><F112/><W1/><G118/><T80/><D99/><RYUUKYOKU ba="2,1" sc="366,-10,270,30,114,-10,240,-10" hai1="7,10,56,57,58,82,85,91,121,122,123,125,127" /><INIT seed="1,3,1,1,5,6" ten="356,300,104,230" oya="1" hai0="82,97,23,17,125,113,42,72,78,3,45,21,41" hai1="15,99,67,109,100,62,7,27,116,63,58,47,118" hai2="10,126,50,54,38,73,9,92,101,110,43,30,51" hai3="37,12,24,69,98,28,20,55,57,61,133,19,131"/><U46/><E109/><V108/><F73/><W75/><G131/><T74/><D113/><U88/><E116/><V49/><F30/><W14/><G133/><T112/><D112/><U22/><E118/><V40/><F38/><W107/><G75/><T18/><D3/><U86/><E63/><V128/><F128/><W94/><G37/><T115/><D115/><U129/><E129/><V1/><F1/><W135/><G135/><T96/><D125/><U5/><E5/><V114/><F126/><W127/><G127/><T13/><D74/><U26/><E26/><V80/><F114/><W70/><G107/><T34/><D34/><U56/><E56/><V106/><F106/><W65/><G55/><T29/><D29/><U68/><E68/><V121/><F121/><W52/><G65/><T8/><D42/><N who="2" m="15914" /><F80/><W53/><G53/><T111/><D111/><N who="2" m="42538" /><F54/><W60/><G60/><T44/><D44/><U130/><E130/><V48/><N who="2" m="12288" /><DORA hai="66" /><V33/><F33/><W81/><G81/><T79/><D78/><U36/><E36/><V11/><F101/><W103/><G12/><T83/><D82/><N who="1" m="49239" /><E15/><V32/><F32/><AGARI ba="3,1" hai="14,19,20,24,28,32,52,57,61,69,70,94,98,103" machi="32" ten="30,7700,0" yaku="7,1,52,2,54,1" doraHai="6,66" who="3" fromWho="2" sc="356,0,300,0,104,-86,230,96" /><INIT seed="2,0,0,4,5,53" ten="356,300,18,326" oya="2" hai0="71,11,117,112,40,22,133,43,79,0,64,55,77" hai1="96,90,95,126,100,27,130,39,19,66,30,94,38" hai2="24,34,32,127,33,17,70,3,131,63,8,28,122" hai3="115,60,129,20,84,104,29,69,23,108,18,105,47"/><V134/><F122/><W42/><G108/><T93/><D112/><U51/><E130/><V59/><F131/><W86/><G129/><T92/><D133/><U48/><E126/><V101/><F127/><W74/><G74/><T52/><D117/><U85/><E19/><V75/><F134/><W56/><G69/><T49/><D71/><U50/><REACH who="1" step="1"/><E66/><REACH who="1" ten="356,290,18,326" step="2"/><V98/><F75/><W13/><G115/><T31/><D64/><U81/><E81/><V5/><F17/><W35/><G105/><T45/><D31/><U87/><E87/><V62/><F62/><W6/><G104/><T61/><D61/><U102/><E102/><V10/><F10/><W103/><G103/><T68/><D11/><U124/><E124/><V121/><F121/><W57/><G6/><T88/><D92/><U107/><E107/><N who="2" m="63927" /><F59/><W114/><G114/><T135/><D93/><U89/><E89/><V14/><F14/><W125/><G125/><T25/><D88/><U132/><E132/><V12/><F12/><W116/><G57/><T99/><D135/><U76/><E76/><V123/><F123/><W26/><G116/><T15/><D79/><U91/><E91/><V82/><F82/><W41/><G56/><T21/><D77/><U80/><E80/><V54/><F54/><W97/><G60/><T46/><D15/><U67/><E67/><AGARI ba="0,1" hai="3,5,8,24,28,32,33,34,63,67,70" m="63927" machi="67" ten="30,5800,0" yaku="25,1,33,2" doraHai="53" who="2" fromWho="1" sc="356,0,290,-58,18,68,326,0" /><INIT seed="2,1,0,1,4,134" ten="356,232,86,326" oya="2" hai0="23,92,22,132,59,120,128,84,97,87,96,57,37" hai1="64,129,93,42,108,4,56,28,35,20,114,14,58" hai2="34,39,111,60,25,38,125,65,48,89,106,18,86" hai3="109,105,11,47,31,77,110,75,33,68,118,83,130"/><V63/><F106/><W66/><G118/><T78/><D37/><U26/><E114/><V15/><F111/><N who="3" m="42507" /><G47/><T123/><D92/><U81/><E129/><V116/><F116/><W107/><G11/><T49/><D49/><U2/><E108/><V113/><F113/><W103/><G130/><T0/><D128/><U131/><E131/><V101/><F101/><W41/><G41/><T16/><D78/><U9/><E42/><V135/><F135/><W70/><G66/><T79/><D132/><U72/><E64/><V62/><F65/><W61/><G61/><T74/><D79/><N who="1" m="44263" /><E93/><V44/><F25/><N who="3" m="18671" /><G103/><T124/><D74/><U115/><E115/><V12/><F34/><W19/><G19/><AGARI ba="1,0" hai="2,4,9,14,19,20,26,28,35,56,58" m="44263" machi="19" ten="30,1000,0" yaku="24,1" doraHai="134" who="1" fromWho="3" sc="356,0,232,13,86,0,326,-13" /><INIT seed="3,0,0,1,2,103" ten="356,245,86,313" oya="3" hai0="8,25,65,118,66,93,15,79,126,127,89,117,99" hai1="109,78,29,24,14,43,108,72,37,104,16,69,46" hai2="3,71,131,77,54,60,88,91,68,123,6,130,4" hai3="81,64,10,31,98,5,51,18,113,114,11,36,83"/><W76/><G36/><T67/><D25/><U1/><E69/><V87/><F123/><W33/><G64/><T45/><D79/><U35/><E1/><V105/><F105/><W62/><G62/><T63/><D45/><U106/><E78/><V13/><F3/><W49/><G33/><T40/><D40/><U102/><E72/><V17/><F130/><W85/><G31/><T19/><REACH who="0" step="1"/><D63/><REACH who="0" ten="346,245,86,313" step="2"/><U23/><REACH who="1" step="1"/><E102/><REACH who="1" ten="346,235,86,313" step="2"/><V110/><F77/><W48/><G76/><T53/><D53/><U100/><E100/><V84/><F54/><W50/><G114/><T52/><D52/><U30/><E30/><V42/><F42/><W101/><G101/><T0/><D0/><U47/><E47/><V82/><F131/><W107/><G113/><T9/><D9/><U128/><E128/><V41/><F41/><W129/><G11/><T124/><AGARI ba="0,2" hai="8,15,19,65,66,67,89,93,99,117,118,124,126,127" machi="124" ten="40,12000,2" yaku="1,1,0,1,18,1,53,3" doraHai="103" doraHaiUra="133" who="0" fromWho="0" sc="346,140,235,-30,86,-30,313,-60" owari="486,58.6,205,-19.5,56,-44.4,253,5.3" /></mjloggm>