<mjloggm ver="2.3"><GO type="225" lobby="0"/><UN n0="%E3%81%A4%E3%81%A3%E3%81%B1%E3%82%8A%E3%83%9D%E3%83%BC%E3%83%AB" n1="%E3%81%BF%E3%81%BF%E3%81%9A" n2="%E7%99%BD%E6%98%BC%E9%87%8C%E7%9A%84%E5%A4%9C" n3="%E7%99%BD%E5%80%89%E5%AF%9B%E4%B9%8B" dan="17,17,16,16" rate="2104.27,2166.07,2083.50,2141.20" sx="M,M,M,M"/><TAIKYOKU oya="0"/><INIT seed="0,0,0,1,3,103" ten="250,250,250,250" oya="0" hai0="9,39,122,124,60,25,104,36,87,83,96,58,112" hai1="117,16,125,101,81,95,61,118,54,18,64,34,27" hai2="35,8,67,29,82,53,22,72,56,120,62,100,110" hai3="40,49,131,7,1,98,21,19,59,57,2,44,91"/><T115/><D122/><U32/><E54/><V133/><F120/><W38/><G131/><T45/><D124/><U97/><E125/><V85/><F110/><W30/><G30/><T71/><D71/><U116/><E81/><V41/><F72/><W79/><G79/><T113/><D25/><U134/><E134/><V132/><F35/><W130/><G130/><T14/><D45/><U102/><E102/><V129/><F100/><W127/><G127/><T111/><D111/><U74/><E74/><V69/><F41/><W78/><G78/><T0/><D0/><U46/><E46/><V15/><F22/><W12/><G38/><T119/><D96/><U4/><E4/><V5/><F29/><W107/><G107/><T31/><D31/><U109/><E109/><V99/><F99/><W6/><G2/><T37/><D104/><U26/><E26/><V77/><REACH who="2" step="1"/><F129/><REACH who="2" ten="250,250,240,250" step="2"/><W47/><G98/><T106/><D106/><U75/><E75/><V114/><F114/><W43/><G21/><T28/><D28/><U126/><E126/><V88/><F88/><W105/><G91/><T121/><D121/><U84/><E84/><V52/><F52/><W70/><G105/><T66/><D119/><U135/><E135/><V92/><F92/><W23/><G43/><T55/><D55/><U108/><E108/><V48/><AGARI ba="0,1" hai="5,8,15,48,53,56,62,67,69,77,82,85,132,133" machi="48" ten="30,4000,0" yaku="1,1,0,1,53,1" doraHai="103" doraHaiUra="76" who="2" fromWho="2" sc="250,-20,250,-10,240,50,250,-10" /><INIT seed="1,0,0,1,0,84" ten="230,240,290,240" oya="1" hai0="59,104,46,29,4,68,114,67,112,121,23,43,24" hai1="116,74,90,123,16,108,75,99,13,119,134,34,36" hai2="28,124,62,65,1,26,120,77,73,80,37,41,127" hai3="125,31,79,92,96,131,82,55,106,78,47,52,122"/><U103/><E123/><V35/><F120/><W21/><G106/><T113/><D121/><U87/><E36/><V0/><F124/><W14/><G122/><T56/><D104/><U53/><E34/><V83/><F83/><W66/><G125/><T105/><D105/><U22/><E134/><V18/><F18/><N who="3" m="10455" /><G131/><T91/><D4/><U133/><E133/><V7/><F7/><W11/><G11/><T33/><D33/><U44/><E108/><V54/><F54/><N who="3" m="20523" /><G31/><T48/><REACH who="0" step="1"/><D91/><REACH who="0" ten="220,240,290,240" step="2"/><U69/><E119/><V110/><F127/><W72/><G47/><T60/><AGARI ba="0,1" hai="23,24,29,43,46,48,56,59,60,67,68,112,113,114" machi="60" ten="40,8000,1" yaku="1,1,2,1,0,1,53,1" doraHai="84" doraHaiUra="20" who="0" fromWho="0" sc="220,90,240,-40,290,-20,240,-20" /><INIT seed="2,0,0,4,2,132" ten="310,200,270,220" oya="2" hai0="60,69,78,121,0,75,79,42,68,119,77,129,31" hai1="99,46,92,5,123,66,53,56,34,37,22,13,131" hai2="58,4,12,38,84,43,116,89,82,63,135,96,103" hai3="90,6,127,16,61,32,19,30,91,122,45,28,18"/><V108/><F116/><W70/><G122/><T29/><D121/><U44/><E34/><V118/><F135/><W3/><G127/><T125/><D75/><U64/><E123/><V15/><F118/><W101/><G101/><T55/><D119/><U74/><E74/><V104/><F108/><W106/><G106/><T47/><D125/><U40/><E131/><V100/><F100/><W128/><G128/><T88/><D0/><U67/><E44/><V73/><F43/><W33/><G45/><T21/><D69/><U62/><E5/><V51/><F38/><W2/><G6/><T93/><D21/><U54/><E54/><V134/><F51/><W1/><G61/><T52/><D129/><U36/><E36/><V50/><F50/><W24/><G70/><T41/><D68/><U86/><E86/><V14/><F134/><W11/><G11/><T98/><D42/><U81/><E81/><V26/><F26/><AGARI ba="0,0" hai="1,2,3,16,18,19,24,26,28,30,32,33,90,91" machi="26" ten="50,3200,0" yaku="9,1,54,1" doraHai="132" who="3" fromWho="2" sc="310,0,200,0,270,-32,220,32" /><INIT seed="3,0,0,5,1,17" ten="310,200,238,252" oya="3" hai0="33,107,34,3,77,67,28,56,26,118,92,97,38" hai1="81,31,35,60,40,30,2,42,6,59,36,101,37" hai2="93,122,44,11,50,128,87,70,48,61,104,88,114" hai3="90,135,120,89,132,5,64,105,100,133,10,72,46"/><W117/><G72/><T80/><D118/><U110/><E101/><V19/><F122/><W52/><G117/><T0/><D107/><U108/><E81/><V29/><F104/><W27/><G120/><T21/><D38/><N who="1" m="14955" /><E6/><V22/><F114/><W119/><G64/><T121/><D121/><U20/><E35/><V113/><F113/><W9/><G119/><T53/><D67/><U94/><E94/><V13/><F70/><W55/><G27/><T125/><D125/><U126/><E2/><V99/><F61/><W47/><G105/><T74/><D34/><U78/><E78/><V79/><F44/><N who="3" m="16939" /><G100/><T15/><D15/><U106/><E106/><V66/><F66/><W112/><G112/><T45/><D45/><U16/><E126/><V69/><F69/><W134/><N who="3" m="33792" /><DORA hai="62" /><W102/><G102/><T63/><D33/><U4/><E4/><V68/><F68/><W39/><G39/><T131/><D131/><U124/><E124/><V7/><F128/><W43/><G43/><N who="1" m="16426" /><E59/><V41/><F29/><W75/><G75/><T73/><D74/><U23/><E60/><V32/><F32/><W25/><G25/><T12/><D12/><N who="1" m="9223" /><E23/><V98/><F41/><W109/><G10/><T130/><D130/><U103/><E103/><AGARI ba="0,0" hai="0,3,21,26,28,53,56,63,73,77,80,92,97,103" machi="103" ten="30,2000,0" yaku="7,1,52,1" doraHai="17,62" who="0" fromWho="1" sc="310,20,200,-20,238,0,252,0" owari="330,43.0,180,-32.0,238,-16.2,252,5.2" /></mjloggm>