<mjloggm ver="2.3"><GO type="225" lobby="0"/><UN n0="%E6%B4%BE%E9%81%A3%E3%81%AE%E3%82%B8%E3%83%A3%E3%83%83%E3%82%AF" n1="%41%6F%54" n2="%E3%83%96%E3%83%83%E3%83%91%E3%82%AA%E3%83%96%E3%83%81%E3%82%AD%E3%83%B3" n3="%77%72%77%72%77%72%77%72" dan="17,16,16,17" rate="2183.15,2099.63,2172.68,2187.94" sx="M,M,M,M"/><TAIKYOKU oya="0"/><INIT seed="0,0,0,3,5,23" ten="250,250,250,250" oya="0" hai0="88,83,0,74,31,22,3,6,127,16,130,33,14" hai1="63,43,37,122,92,75,78,20,110,62,34,71,27" hai2="42,113,97,118,38,32,35,82,8,18,53,94,114" hai3="107,4,80,19,48,109,126,133,135,30,84,61,10"/><T123/><D74/><U60/><E122/><V46/><F118/><W17/><G107/><T95/><D123/><U26/><E110/><V39/><F39/><W69/><G109/><T15/><D83/><U59/><E71/><V25/><F53/><W28/><G48/><T132/><D132/><N who="3" m="50761" /><G69/><T64/><D64/><U40/><E37/><V120/><F82/><W77/><G61/><T67/><D67/><U86/><E75/><V65/><F65/><W47/><G47/><T90/><D127/><U12/><E59/><V52/><F52/><W129/><G126/><T50/><D50/><U128/><E128/><V119/><F119/><W56/><G56/><T13/><D130/><U124/><E124/><V93/><F93/><W1/><G129/><T103/><D103/><U96/><E34/><V106/><F106/><W112/><G112/><T91/><D6/><U66/><E66/><V87/><F35/><W117/><G117/><T125/><D125/><U44/><E44/><V24/><F120/><W104/><G104/><T73/><D73/><U11/><E43/><V41/><F41/><W121/><G121/><T102/><D31/><AGARI ba="0,0" hai="1,4,10,17,19,28,30,31,77,80,84" m="50761" machi="31" ten="30,1000,0" yaku="20,1" doraHai="23" who="3" fromWho="0" sc="250,-10,250,0,250,0,250,10" /><INIT seed="1,0,0,4,0,83" ten="240,250,250,260" oya="1" hai0="82,42,4,58,19,48,40,88,21,87,75,27,122" hai1="31,72,81,15,77,109,8,51,103,63,80,13,53" hai2="121,10,118,74,45,5,102,64,32,33,108,60,98" hai3="133,23,128,37,101,30,94,50,36,110,106,38,9"/><U56/><E109/><V69/><F118/><W115/><G115/><T92/><D122/><U117/><E117/><V78/><F121/><W89/><G110/><T95/><D75/><U35/><E103/><V44/><F108/><W127/><G128/><T57/><D4/><U61/><E13/><V68/><F68/><W1/><G133/><T132/><D132/><U96/><E96/><V99/><F99/><W16/><G127/><T76/><D76/><U54/><E80/><N who="2" m="45143" /><F44/><W93/><G106/><T55/><D58/><U24/><REACH who="1" step="1"/><E53/><REACH who="1" ten="240,240,250,260" step="2"/><V26/><F98/><W28/><G101/><T73/><D73/><U47/><E47/><V104/><F102/><W52/><G94/><AGARI ba="0,1" hai="19,21,27,40,42,48,55,57,82,87,88,92,94,95" machi="94" ten="40,5200,0" yaku="8,1,52,1,54,1" doraHai="83" who="0" fromWho="3" sc="240,62,240,0,250,0,260,-52" /><INIT seed="2,0,0,2,2,16" ten="302,240,250,208" oya="2" hai0="83,95,3,54,33,49,5,96,88,4,70,130,112" hai1="121,84,24,126,109,34,30,81,46,72,80,129,128" hai2="31,120,32,6,69,111,93,78,51,9,132,18,43" hai3="14,82,26,58,60,22,41,106,100,0,124,75,25"/><V105/><F120/><W110/><G0/><T79/><D112/><U7/><E121/><V87/><F105/><W44/><G110/><T103/><D70/><U102/><E109/><V29/><F69/><W90/><G124/><T42/><D33/><U15/><E126/><V11/><F111/><W107/><G14/><T1/><D130/><N who="1" m="50283" /><E102/><V59/><F132/><W2/><G2/><T116/><D116/><U47/><E72/><V10/><F32/><W125/><G125/><T40/><D1/><U19/><E7/><N who="0" m="2633" /><D79/><N who="1" m="46111" /><E81/><N who="2" m="47543" /><F6/><W127/><G26/><T64/><D64/><U55/><E55/><N who="2" m="32255" /><F43/><W48/><G100/><T63/><D3/><U122/><E122/><V35/><F35/><W113/><G113/><T8/><D63/><U115/><E115/><V97/><F18/><W104/><G127/><T45/><D83/><U37/><E37/><V117/><F117/><W67/><G75/><T57/><D103/><AGARI ba="0,0" hai="9,10,11,29,31,93,97,103" m="32255,47543" machi="103" ten="30,1500,0" yaku="8,1" doraHai="16" who="2" fromWho="0" sc="302,-15,240,0,250,15,208,0" /><INIT seed="2,1,0,2,0,2" ten="287,240,265,208" oya="2" hai0="16,93,31,40,94,108,67,131,102,28,135,63,60" hai1="51,134,66,7,1,58,129,130,65,6,72,100,121" hai2="83,88,80,22,27,15,34,69,75,71,8,36,96" hai3="132,49,59,42,110,111,47,55,26,35,118,99,113"/><V79/><F34/><W46/><G99/><T30/><D108/><N who="3" m="41513" /><G26/><T38/><D135/><U85/><E72/><V53/><F36/><N who="3" m="21831" /><G35/><T45/><D131/><N who="1" m="50187" /><E134/><V90/><F90/><W24/><G24/><T107/><D107/><U20/><E121/><V125/><F125/><W11/><G11/><T77/><D77/><U86/><E1/><V29/><F53/><N who="3" m="29887" /><G132/><T43/><D43/><U54/><E100/><V128/><F128/><W18/><G18/><T39/><D39/><U3/><E20/><V78/><F96/><W122/><G122/><T13/><D102/><U95/><E3/><V23/><F23/><W57/><G113/><T116/><D93/><U37/><E37/><V32/><F32/><W17/><G17/><T120/><D94/><U21/><E21/><V117/><F117/><W50/><G118/><T19/><D116/><U127/><E127/><V104/><F104/><W87/><G87/><N who="1" m="33290" /><E95/><V12/><F88/><W25/><G25/><T68/><D120/><U10/><E10/><V52/><F8/><W114/><G114/><T126/><D126/><U41/><E41/><V76/><F22/><W101/><G101/><T64/><D13/><N who="2" m="5194" /><F27/><W74/><G74/><T62/><D67/><AGARI ba="1,0" hai="6,7,51,54,58,65,66,67" m="33290,50187" machi="67" ten="30,3900,0" yaku="19,1,52,2" doraHai="2" who="1" fromWho="0" sc="287,-42,240,42,265,0,208,0" /><INIT seed="3,0,0,0,0,68" ten="245,282,265,208" oya="3" hai0="92,2,37,6,29,91,0,27,63,21,72,99,122" hai1="28,1,82,65,128,74,133,54,9,130,18,100,24" hai2="95,22,3,64,126,112,56,41,57,52,116,38,83" hai3="107,125,15,42,5,31,34,78,47,81,43,8,35"/><W14/><G107/><T75/><D122/><U79/><E133/><V55/><F112/><W30/><G125/><T23/><D37/><U69/><E54/><N who="2" m="20523" /><F95/><W123/><G123/><T85/><D63/><N who="1" m="40127" /><E18/><V60/><F22/><W20/><G43/><T109/><D109/><U44/><E44/><N who="2" m="23607" /><F83/><W102/><G102/><T120/><D120/><U124/><E124/><V17/><F17/><W61/><G61/><T49/><D49/><U89/><E89/><V19/><F19/><W53/><G53/><T115/><D115/><U51/><E51/><V39/><F3/><W4/><G4/><T32/><D85/><U80/><E80/><V71/><F126/><W90/><G90/><T66/><D66/><U33/><E100/><V104/><F104/><W114/><G114/><T111/><D111/><U117/><E117/><V129/><F116/><W73/><G30/><T106/><D106/><U110/><E110/><V86/><F86/><W132/><G132/><T16/><D6/><AGARI ba="0,0" hai="1,6,9,24,28,33,74,79,82,128,130" m="40127" machi="6" ten="30,1000,0" yaku="23,1" doraHai="68" who="1" fromWho="0" sc="245,-10,282,10,265,0,208,0" /><INIT seed="4,0,0,1,2,132" ten="235,292,265,208" oya="0" hai0="72,15,65,48,99,122,67,85,3,75,98,73,61" hai1="44,127,90,12,93,108,79,82,47,77,100,27,71" hai2="134,36,74,0,20,97,123,53,88,11,16,63,1" hai3="6,38,129,113,50,28,120,92,89,34,69,10,126"/><T125/><D122/><U55/><E127/><V59/><F123/><W54/><G120/><T8/><D3/><U80/><E71/><V39/><F134/><W128/><G69/><T114/><D114/><U109/><E100/><V52/><F74/><W24/><G38/><N who="2" m="14377" /><F53/><W37/><G37/><T43/><D125/><U91/><E12/><V23/><F23/><W22/><G113/><T4/><D85/><U66/><E55/><V49/><F49/><W7/><G126/><T41/><D48/><U29/><E93/><N who="2" m="56487" /><F11/><W105/><G105/><T131/><D131/><N who="3" m="50249" /><G34/><T78/><D78/><U117/><E27/><AGARI ba="0,0" hai="0,1,16,20,27,52,59,63" m="56487,14377" machi="27" ten="30,7700,0" yaku="25,1,54,3" doraHai="132" who="2" fromWho="1" sc="235,0,292,-77,265,77,208,0" owari="235,3.5,215,-18.5,342,44.2,208,-29.2" /></mjloggm>