<mjloggm ver="2.3"><GO type="225" lobby="0"/><UN n0="%E6%A1%9C%E8%8A%B1%E9%96%83%E3%80%85" n1="%E3%81%A4%E3%81%A3%E3%81%B1%E3%82%8A%E3%83%9D%E3%83%BC%E3%83%AB" n2="%E6%98%93%E5%88%A9%E8%96%A9%E4%BC%AF" n3="%E8%81%B7%E6%A5%AD%E3%80%81%E9%A2%A8%32" dan="16,17,17,16" rate="2228.87,2150.92,2212.92,2176.44" sx="M,M,F,M"/><TAIKYOKU oya="0"/><INIT seed="0,0,0,0,0,53" ten="250,250,250,250" oya="0" hai0="33,11,51,28,135,75,88,2,8,128,30,100,80" hai1="119,81,23,42,106,70,122,115,98,7,85,18,57" hai2="38,26,52,113,36,60,50,41,29,76,111,59,19" hai3="94,124,114,10,16,97,56,14,129,15,58,65,107"/><T21/><D33/><U90/><E70/><V127/><F113/><W4/><G114/><T83/><D135/><U48/><E115/><V116/><F127/><W93/><G124/><T55/><D128/><U92/><E119/><V105/><F105/><W64/><G129/><T68/><D68/><U91/><E122/><V69/><F111/><W87/><G107/><T118/><D118/><U103/><E7/><V40/><F116/><W39/><G39/><T17/><D100/><U43/><E103/><V102/><F102/><N who="3" m="60719" /><G65/><T126/><D126/><U44/><E106/><V49/><F19/><W117/><G64/><T61/><D61/><U130/><E130/><V27/><F76/><W25/><G25/><N who="0" m="14511" /><D75/><U99/><E99/><V20/><F27/><W62/><G62/><T45/><D2/><U79/><E79/><V46/><F69/><W101/><G117/><T104/><D104/><U35/><E35/><V63/><F63/><W109/><G109/><T32/><D32/><U96/><E96/><V125/><F125/><W73/><G73/><T120/><D120/><U77/><E77/><V22/><F22/><N who="3" m="11543" /><G101/><T131/><D131/><U34/><E34/><V132/><F132/><W47/><G47/><AGARI ba="0,0" hai="20,26,29,36,38,40,41,46,47,49,50,52,59,60" machi="47" ten="40,5200,0" yaku="9,1,52,1,54,1" doraHai="53" who="2" fromWho="3" sc="250,0,250,0,250,52,250,-52" /><INIT seed="1,0,0,2,1,97" ten="250,250,302,198" oya="1" hai0="56,92,133,60,72,59,55,15,11,16,39,54,6" hai1="18,14,66,42,80,47,114,79,105,101,13,21,106" hai2="117,26,103,76,90,70,130,68,74,24,8,88,31" hai3="102,19,63,44,84,96,29,98,64,111,30,118,94"/><U46/><E114/><V112/><F117/><W75/><G75/><T93/><D133/><U61/><E13/><V10/><F112/><W4/><G118/><T123/><D123/><U40/><E101/><V108/><F108/><W121/><G111/><T33/><D39/><U128/><E128/><V58/><F130/><W100/><G121/><T12/><D33/><U134/><E134/><V109/><F109/><W51/><G4/><T37/><D37/><U71/><E47/><V49/><F103/><N who="3" m="39467" /><G19/><T57/><D57/><U73/><REACH who="1" step="1"/><E46/><REACH who="1" ten="250,240,302,198" step="2"/><V32/><F8/><W119/><G119/><T107/><D107/><AGARI ba="0,1" hai="14,18,21,40,42,61,66,71,73,79,80,105,106,107" machi="107" ten="40,7700,0" yaku="1,1,2,1,53,1" doraHai="97" doraHaiUra="9" who="1" fromWho="0" sc="250,-77,240,87,302,0,198,0" /><INIT seed="1,1,0,4,0,118" ten="173,327,302,198" oya="1" hai0="105,19,116,71,91,97,121,84,119,2,43,79,74" hai1="54,33,11,0,27,123,133,51,90,124,96,42,39" hai2="17,31,3,60,76,114,89,24,75,69,57,95,78" hai3="80,101,14,64,22,108,1,68,127,98,53,63,126"/><U113/><E113/><V49/><F114/><W46/><G108/><T66/><D2/><U115/><E115/><V62/><F3/><W109/><G109/><T58/><D71/><U45/><E133/><V99/><F17/><N who="3" m="10551" /><G1/><T87/><D43/><U8/><E124/><N who="3" m="47658" /><G80/><N who="0" m="45175" /><D19/><U73/><E73/><V59/><F49/><N who="3" m="28855" /><G98/><T67/><D58/><U37/><E0/><V128/><F69/><W88/><G88/><T92/><D66/><U61/><E37/><V120/><F120/><W81/><G81/><T41/><D67/><U16/><E123/><V122/><F122/><W21/><G101/><N who="0" m="62639" /><D121/><U25/><E33/><V135/><F135/><W29/><G21/><T47/><D87/><U44/><E61/><V107/><F62/><W85/><G85/><T6/><D6/><U134/><E134/><V130/><F60/><W50/><G50/><AGARI ba="1,0" hai="41,47,50,84,91,92,116,119" m="62639,45175" machi="50" ten="30,1000,0" yaku="24,1" doraHai="118" who="0" fromWho="3" sc="173,13,327,0,302,0,198,-13" /><INIT seed="2,0,0,4,5,13" ten="186,327,302,185" oya="2" hai0="3,120,25,33,117,40,79,116,0,63,134,111,99" hai1="56,129,27,15,26,80,2,121,61,112,128,22,135" hai2="66,52,89,126,118,72,17,90,14,10,113,74,119" hai3="87,41,6,83,53,93,9,75,50,106,49,109,58"/><V16/><F113/><W131/><G109/><T65/><D120/><U18/><E112/><V125/><F66/><W71/><G71/><N who="0" m="42431" /><D111/><U78/><E135/><V91/><F17/><W68/><G68/><T7/><D134/><U34/><E2/><V124/><REACH who="2" step="1"/><F52/><REACH who="2" ten="186,327,292,185" step="2"/><N who="3" m="32015" /><G106/><T77/><D40/><U95/><E18/><V130/><F130/><W59/><G131/><T70/><D70/><U97/><E129/><V114/><F114/><W47/><G75/><AGARI ba="0,1" hai="10,14,16,72,74,75,89,90,91,118,119,124,125,126" machi="75" ten="50,18000,2" yaku="1,1,18,1,52,1,54,1,53,3" doraHai="13" doraHaiUra="104" who="2" fromWho="3" sc="186,0,327,0,292,190,185,-180" /><INIT seed="2,1,0,1,1,60" ten="186,327,482,5" oya="2" hai0="114,102,76,23,120,54,113,3,115,26,77,128,104" hai1="122,70,96,125,78,48,88,63,92,116,35,9,2" hai2="52,98,37,66,107,94,47,124,11,25,121,50,7" hai3="130,79,91,100,133,16,43,82,46,72,15,108,20"/><V28/><F121/><W64/><G108/><T103/><D120/><U111/><E111/><V31/><F107/><W87/><G130/><T55/><D3/><U106/><E122/><V21/><F124/><W24/><G133/><T40/><D128/><U68/><E125/><V127/><F127/><W32/><G100/><T45/><D76/><U39/><E39/><V30/><F66/><W42/><G64/><T51/><D77/><U71/><E35/><V132/><F37/><W12/><G32/><T135/><D135/><U58/><E116/><V13/><F132/><W62/><G62/><T93/><D93/><U117/><E117/><V119/><F119/><W1/><G1/><T27/><D27/><U56/><E78/><V44/><F44/><W86/><G72/><T29/><REACH who="0" step="1"/><D103/><AGARI ba="1,0" hai="7,11,13,21,25,28,30,31,47,50,52,94,98,103" machi="103" ten="30,5800,0" yaku="7,1,8,1,54,1" doraHai="60" who="2" fromWho="0" sc="186,-61,327,0,482,61,5,0" /><INIT seed="2,2,0,5,0,127" ten="125,327,543,5" oya="2" hai0="45,119,94,125,102,17,93,47,107,9,70,0,8" hai1="25,2,98,79,30,58,16,1,63,51,52,115,5" hai2="132,100,99,104,131,49,18,12,11,36,54,124,97" hai3="29,110,26,85,20,101,77,4,62,80,87,112,35"/><V61/><F36/><W13/><G112/><T69/><D107/><U82/><E115/><V55/><F124/><W96/><G110/><T33/><D125/><U22/><E5/><V64/><F131/><W41/><G62/><T129/><D33/><U118/><E118/><V57/><F132/><W50/><G35/><T28/><D28/><U135/><E135/><V78/><F78/><W105/><G41/><T72/><D17/><U134/><E134/><V48/><F99/><W31/><G50/><T123/><D0/><U92/><E51/><V39/><F39/><W34/><G31/><T113/><D72/><U14/><E14/><V74/><F74/><W68/><G68/><T38/><D102/><U32/><E30/><V128/><F128/><W44/><G44/><T65/><D65/><U76/><E32/><V86/><F86/><W19/><G4/><T66/><D66/><U91/><E79/><V15/><F15/><W111/><G111/><T73/><D73/><AGARI ba="2,0" hai="1,2,16,22,25,52,58,63,73,76,82,91,92,98" machi="73" ten="30,8000,1" yaku="7,1,25,2,54,2" doraHai="127" who="1" fromWho="0" sc="125,-86,327,86,543,0,5,0" /><AGARI ba="2,0" hai="13,19,20,26,29,34,73,77,80,85,87,96,101,105" machi="73" ten="30,1000,0" yaku="7,1" doraHai="127" who="3" fromWho="0" sc="39,-10,413,0,543,0,5,10" /><INIT seed="3,0,0,4,2,105" ten="29,413,543,15" oya="3" hai0="131,35,7,84,52,63,27,106,8,135,94,26,78" hai1="91,45,37,15,2,93,6,100,50,109,98,75,16" hai2="122,120,130,79,125,3,31,53,12,32,51,55,87" hai3="101,22,97,132,54,127,38,133,114,43,5,119,56"/><W72/><G119/><T126/><D106/><U60/><E109/><V128/><F3/><W36/><G114/><T11/><D126/><U81/><E37/><V129/><F125/><W104/><G127/><T41/><D135/><N who="3" m="51785" /><G5/><T13/><D131/><U46/><E2/><V62/><F62/><N who="3" m="36119" /><G43/><T33/><D41/><U118/><E6/><V69/><F69/><W108/><G108/><T66/><D52/><N who="2" m="20042" /><F51/><W67/><G67/><T111/><D111/><U76/><E118/><V19/><F31/><W25/><G72/><T4/><D35/><U39/><E39/><V115/><F32/><W113/><G113/><T21/><D33/><U71/><E50/><V49/><F49/><W83/><G83/><N who="0" m="47223" /><D63/><U9/><E60/><V47/><F115/><W110/><G110/><T92/><D66/><U73/><E71/><V123/><F47/><W96/><G96/><T107/><D107/><U28/><E28/><AGARI ba="0,0" hai="22,25,28,36,38,97,101,104" m="36119,51785" machi="28" ten="30,1500,0" yaku="20,1" doraHai="105" who="3" fromWho="1" sc="29,0,413,-15,543,0,15,15" /><INIT seed="3,1,0,5,2,124" ten="29,398,543,30" oya="3" hai0="92,130,38,94,118,24,135,57,122,46,133,63,113" hai1="12,99,121,77,53,128,41,69,64,67,129,4,73" hai2="56,126,14,36,79,22,120,71,32,85,112,65,45" hai3="0,54,123,37,101,91,93,47,115,8,51,31,27"/><W83/><G123/><T86/><D122/><U119/><E119/><V3/><F32/><W13/><G115/><T111/><D118/><U66/><E121/><V9/><F71/><W15/><G37/><T59/><D113/><U70/><E99/><V52/><F112/><W40/><G0/><T34/><D130/><N who="1" m="50283" /><E77/><V62/><F126/><W97/><G40/><N who="0" m="22807" /><D111/><U103/><E73/><V26/><F3/><W5/><G15/><T61/><D24/><U49/><E103/><V110/><F36/><W132/><G132/><N who="0" m="50763" /><D34/><U105/><E105/><V48/><F110/><W106/><G83/><T23/><D23/><U58/><E4/><V116/><F116/><W87/><REACH who="3" step="1"/><G27/><REACH who="3" ten="29,398,543,20" step="2"/><T109/><D109/><U28/><E12/><V42/><F120/><W114/><G114/><T35/><D35/><U20/><E41/><V81/><F14/><W74/><G74/><T2/><D2/><U84/><E84/><V88/><F42/><W104/><G104/><T19/><D19/><U60/><E70/><V107/><F107/><W125/><G125/><T55/><D86/><U82/><E82/><V43/><F43/><W108/><G108/><T131/><D131/><U33/><E33/><V80/><F80/><W50/><G50/><T25/><D25/><U76/><E76/><V21/><F79/><W89/><G89/><T16/><D16/><U98/><E98/><V102/><F26/><AGARI ba="1,1" hai="20,26,28,49,53,58,60,64,66,67,69" m="50283" machi="26" ten="30,7700,0" yaku="19,1,52,3" doraHai="124" who="1" fromWho="2" sc="29,0,398,90,543,-80,20,0" owari="29,-37.1,488,58.8,463,26.3,20,-48.0" /></mjloggm>