<mjloggm ver="2.3"><GO type="225" lobby="0"/><UN n0="%E3%81%BF%E3%81%BF%E3%81%9A" n1="%E3%81%99%E3%81%84%E3%81%BE%E3%81%9B%E3%83%BC%E3%82%93" n2="%E3%81%95%E3%81%8D%E3%81%9F%E3%81%BE%E6%9E%97%E6%AA%8E" n3="%E3%82%8F%E3%81%8B%E3%81%B0%2A%E3%82%AC%E3%83%BC%E3%83%AB" dan="17,18,16,16" rate="2196.24,2191.69,2119.99,2060.57" sx="M,M,M,M"/><TAIKYOKU oya="0"/><INIT seed="0,0,0,3,3,6" ten="250,250,250,250" oya="0" hai0="76,48,91,130,55,106,16,47,105,75,114,56,79" hai1="64,58,9,50,120,112,85,41,45,65,117,115,100" hai2="21,96,23,66,90,14,118,27,128,34,54,10,102" hai3="122,7,62,40,121,11,33,46,49,94,31,113,35"/><T74/><D114/><N who="1" m="43563" /><E117/><V18/><F128/><W68/><G113/><T83/><D130/><U70/><E120/><N who="3" m="46186" /><G94/><T119/><D119/><U103/><E70/><V93/><F118/><W81/><G81/><T131/><D131/><U22/><E22/><V77/><F77/><W116/><G31/><T5/><D5/><U38/><E85/><V86/><F66/><N who="1" m="25705" /><E9/><V24/><F54/><AGARI ba="0,0" hai="38,41,45,50,54,58,100,103" m="25705,43563" machi="54" ten="30,1000,0" yaku="11,1" doraHai="6" who="1" fromWho="2" sc="250,0,250,10,250,-10,250,0" /><INIT seed="1,0,0,0,3,14" ten="250,260,240,250" oya="1" hai0="98,116,7,124,113,127,80,35,112,122,94,58,126" hai1="41,76,0,27,70,43,16,117,38,78,110,62,106" hai2="11,120,74,59,2,8,77,90,28,125,102,72,79" hai3="67,111,39,123,23,101,37,55,89,54,71,73,100"/><U128/><E117/><V115/><F120/><W88/><G123/><T68/><D122/><U20/><E106/><V30/><F115/><W47/><G73/><T36/><D68/><U19/><E0/><V91/><F59/><W85/><G111/><T82/><D35/><U61/><E110/><V40/><F40/><N who="1" m="15433" /><E38/><V108/><F108/><W50/><G54/><T26/><D36/><U84/><E70/><V132/><F132/><W134/><G134/><T42/><D116/><U12/><E128/><V56/><F56/><W66/><G89/><N who="0" m="55631" /><D42/><U105/><E105/><V133/><F133/><W64/><G71/><T51/><D7/><U6/><E6/><V75/><F75/><W32/><G32/><T1/><D26/><U44/><E44/><V95/><F2/><W22/><G37/><T107/><D1/><U65/><E65/><V13/><F95/><W10/><G10/><T25/><D25/><U86/><E78/><V29/><F74/><W45/><G45/><T96/><D51/><U46/><E46/><V130/><F72/><W17/><G39/><T4/><D4/><U5/><E5/><V135/><F135/><W31/><G31/><T118/><D58/><U53/><E76/><V114/><F79/><W99/><G99/><T18/><D118/><U60/><E53/><V129/><F77/><W104/><G104/><T103/><D18/><U57/><E57/><V81/><F130/><W3/><G3/><T92/><D107/><U63/><N who="1" m="15360" /><DORA hai="48" /><U34/><E34/><V109/><F129/><W131/><G131/><T52/><D52/><U119/><E119/><RYUUKYOKU ba="0,0" sc="250,15,260,15,240,-15,250,-15" hai0="80,82,92,96,103,112,113,124,126,127" hai1="12,16,19,20,27,84,86" /><INIT seed="1,1,0,1,4,64" ten="265,275,225,235" oya="1" hai0="35,6,91,81,125,4,114,103,75,23,27,106,100" hai1="52,113,129,126,65,1,55,110,107,10,69,15,41" hai2="0,61,93,89,104,94,66,70,22,24,77,102,56" hai3="72,109,80,98,48,127,124,86,108,8,68,26,54"/><U122/><E113/><V121/><F0/><W5/><G72/><T82/><D114/><U74/><E122/><V19/><F104/><W39/><G39/><T46/><D35/><U47/><E107/><V73/><F121/><W49/><G98/><T85/><D125/><N who="3" m="48201" /><G26/><T11/><D106/><U62/><E1/><V53/><F73/><W30/><G30/><T37/><D37/><U135/><E126/><V112/><F112/><W43/><G43/><T59/><D46/><U87/><E74/><V44/><F77/><N who="3" m="46351" /><G68/><T14/><D4/><U40/><E40/><V97/><F70/><W67/><G67/><T57/><D81/><U28/><E28/><V31/><F19/><W32/><G32/><T45/><D45/><U20/><E47/><V58/><F44/><N who="3" m="27911" /><G49/><T33/><D33/><U25/><E41/><V36/><F36/><W96/><G96/><T29/><D75/><U90/><E69/><V120/><F120/><W84/><G84/><T34/><REACH who="0" step="1"/><D34/><REACH who="0" ten="255,275,225,235" step="2"/><U133/><E87/><N who="2" m="52415" /><F58/><AGARI ba="1,1" hai="6,11,14,23,27,29,57,58,59,82,85,91,100,103" machi="58" ten="40,2600,0" yaku="1,1,8,1,53,0" doraHai="64" doraHaiUra="131" who="0" fromWho="2" sc="255,39,275,0,225,-29,235,0" /><INIT seed="2,0,0,3,4,78" ten="294,275,196,235" oya="2" hai0="22,113,15,13,29,102,20,82,34,5,118,18,62" hai1="120,83,16,23,74,99,77,119,127,86,100,67,11" hai2="21,57,89,111,48,9,85,61,66,101,132,94,69" hai3="70,95,125,84,116,59,105,117,25,124,65,133,87"/><V32/><F132/><W76/><G70/><T58/><D113/><U17/><E119/><N who="3" m="45642" /><G65/><T27/><D118/><U2/><E127/><N who="3" m="48714" /><G59/><T73/><D102/><U43/><E120/><V114/><F114/><W130/><G25/><T53/><D5/><U109/><E109/><V38/><F38/><W79/><G133/><T56/><D56/><U129/><E129/><V103/><F111/><W131/><G105/><T40/><D40/><U92/><E43/><V44/><F32/><W106/><G106/><T98/><D98/><U88/><E67/><V28/><F69/><W12/><G12/><T36/><D36/><U49/><E49/><V31/><F9/><W80/><G95/><T112/><D112/><U7/><E23/><V108/><F108/><W19/><G19/><T135/><D135/><U26/><E26/><N who="2" m="16463" /><F31/><W10/><G10/><T134/><D134/><U35/><E35/><V91/><F91/><W123/><G123/><T51/><D51/><U115/><E115/><V0/><F0/><W122/><G122/><T63/><D63/><U45/><E45/><V6/><F6/><W52/><G52/><AGARI ba="0,0" hai="44,48,52,57,61,66,85,89,94,101,103" m="16463" machi="52" ten="30,2900,0" yaku="8,1,54,1" doraHai="78" who="2" fromWho="3" sc="294,0,275,0,196,29,235,-29" /><INIT seed="2,1,0,5,4,72" ten="294,275,225,206" oya="2" hai0="89,101,37,49,38,91,23,58,75,124,63,100,131" hai1="21,8,95,112,26,93,107,22,113,88,114,122,134" hai2="135,128,111,50,123,117,43,74,92,94,17,13,47" hai3="6,52,69,90,2,59,34,39,3,65,116,115,106"/><V41/><F117/><W51/><G116/><T118/><D75/><U5/><E134/><V60/><F123/><W70/><G106/><T129/><D118/><U79/><E107/><V110/><F74/><W4/><G34/><T44/><D23/><U121/><E79/><V83/><F135/><W66/><G39/><T99/><D124/><U0/><E95/><V36/><F128/><N who="0" m="49226" /><D91/><U78/><E78/><V87/><F60/><W67/><G115/><T73/><D89/><U103/><E103/><N who="0" m="39497" /><D99/><U77/><E77/><N who="2" m="46575" /><F36/><W30/><G30/><T109/><D109/><N who="2" m="41482" /><F43/><W82/><G2/><T24/><D24/><U46/><E26/><V56/><F56/><W133/><G133/><T14/><D14/><U48/><E122/><V86/><F86/><N who="3" m="50519" /><G3/><T40/><D73/><U27/><E27/><V104/><F104/><W68/><G68/><T76/><D76/><U9/><E121/><V35/><F35/><W125/><G70/><T25/><D25/><U19/><E114/><V120/><F120/><W61/><G69/><T1/><D1/><U10/><E113/><V42/><F42/><W20/><G125/><T96/><D96/><U81/><E112/><V105/><F105/><W12/><G61/><T7/><D37/><U98/><E0/><V119/><F119/><W71/><G71/><T62/><D38/><U84/><E81/><V97/><F97/><W85/><G85/><T45/><D45/><U132/><E84/><V29/><F29/><W16/><AGARI ba="1,0" hai="4,6,12,16,20,51,52,59,65,66,67" m="50519" machi="16" ten="30,4000,0" yaku="8,1,54,2" doraHai="72" who="3" fromWho="3" sc="294,-11,275,-11,225,-21,206,43" /><INIT seed="3,0,0,4,1,34" ten="283,264,204,249" oya="3" hai0="22,38,66,132,76,29,102,80,55,36,74,77,94" hai1="81,90,14,125,62,26,49,88,92,110,44,0,84" hai2="72,127,54,124,95,42,120,13,65,134,104,27,43" hai3="46,61,91,23,73,133,7,87,114,33,63,11,106"/><W59/><G114/><T12/><D66/><U82/><E0/><V67/><F104/><W51/><G33/><T30/><D132/><U71/><E110/><V50/><F72/><W89/><G73/><T47/><D77/><U2/><E2/><V103/><F134/><W116/><G116/><T99/><D29/><U79/><E125/><N who="2" m="48203" /><F120/><W105/><G23/><T20/><D20/><U64/><E26/><V113/><F113/><W4/><G133/><T69/><D69/><U118/><E118/><V48/><F27/><W115/><G115/><T19/><REACH who="0" step="1"/><D30/><REACH who="0" ten="273,264,204,249" step="2"/><U101/><E64/><N who="2" m="24651" /><F50/><AGARI ba="0,1" hai="12,19,22,36,38,47,50,55,74,76,80,94,99,102" machi="50" ten="40,1300,0" yaku="1,1,53,0" doraHai="34" doraHaiUra="123" who="0" fromWho="2" sc="273,23,264,0,204,-13,249,0" /><INIT seed="4,0,0,0,3,24" ten="296,264,191,249" oya="0" hai0="116,17,30,89,94,130,41,8,2,54,81,53,97" hai1="3,7,33,129,21,107,4,49,0,10,71,80,82" hai2="109,14,43,122,18,85,50,23,88,112,35,79,111" hai3="134,59,74,117,125,86,42,51,57,115,58,44,45"/><T39/><D116/><U11/><E129/><V68/><F122/><W28/><G74/><T64/><D30/><U77/><E33/><V61/><F112/><W104/><G117/><T66/><D39/><U70/><E107/><V46/><F79/><W1/><G1/><T19/><D41/><U16/><E49/><V63/><F35/><W121/><G104/><T34/><D34/><U67/><E67/><V6/><F6/><W96/><G115/><T75/><D130/><U78/><E82/><V108/><REACH who="2" step="1"/><F68/><REACH who="2" ten="296,264,181,249" step="2"/><W100/><G121/><T95/><D75/><U105/><E78/><V128/><F128/><W99/><G134/><T52/><D2/><U124/><E71/><V91/><F91/><W56/><G125/><T102/><D81/><AGARI ba="0,1" hai="14,18,23,43,46,50,61,63,81,85,88,108,109,111" machi="81" ten="40,2600,0" yaku="1,1,54,1,53,0" doraHai="24" doraHaiUra="27" who="2" fromWho="0" sc="296,-26,264,0,181,36,249,0" /><INIT seed="5,0,0,5,5,79" ten="270,264,217,249" oya="1" hai0="0,33,108,122,23,42,68,9,126,75,85,129,12" hai1="49,21,130,119,3,72,37,106,15,4,82,84,101" hai2="69,27,74,115,135,31,18,123,14,95,112,39,104" hai3="48,116,22,32,52,110,60,120,87,121,103,131,89"/><U61/><E37/><V54/><F104/><W73/><G110/><T29/><D75/><U114/><E119/><V13/><F123/><W10/><G32/><T124/><D68/><U41/><E72/><V99/><F74/><W78/><G116/><T132/><D42/><U65/><E114/><N who="2" m="43563" /><F39/><W1/><G60/><T26/><D85/><U91/><E130/><V97/><F69/><W100/><G131/><T56/><D56/><U2/><E101/><N who="2" m="60607" /><F135/><W70/><G70/><T133/><D129/><U81/><E106/><V111/><F111/><W66/><G100/><T86/><D86/><U51/><E41/><V63/><F99/><W88/><G103/><T127/><D108/><U8/><E3/><V50/><F63/><W17/><G73/><T45/><D122/><U67/><E61/><V46/><F18/><W34/><G17/><N who="0" m="10663" /><D45/><U38/><E38/><V98/><F98/><W105/><G105/><T43/><D43/><U20/><E51/><V134/><F134/><W7/><G48/><T83/><D83/><U118/><E49/><V125/><F125/><W16/><G120/><T40/><D40/><U71/><E118/><V94/><F94/><W90/><G121/><T128/><D128/><U92/><E71/><V80/><F80/><N who="1" m="30825" /><E2/><V11/><F11/><W57/><G78/><T117/><D117/><U59/><E59/><V25/><F25/><N who="3" m="14535" /><G87/><T5/><AGARI ba="0,0" hai="0,5,9,26,29,33,124,126,127,132,133" m="10663" machi="5" ten="40,8000,1" yaku="24,1,18,1,34,2" doraHai="79" who="0" fromWho="0" sc="270,80,264,-40,217,-20,249,-20" owari="350,45.0,224,-17.6,197,-30.3,229,2.9" /></mjloggm>