<mjloggm ver="2.3"><GO type="225" lobby="0"/><UN n0="%E4%BF%BA%E3%81%A8%E5%A6%96%E5%A4%A2" n1="%E3%81%90%E3%81%A1%E3%82%84%E3%81%BE" n2="%E3%83%9D%E3%83%B3%E3%83%9D%E3%82%B3%E5%95%86%E4%BA%8B" n3="%E3%80%90%E3%83%88%E3%83%AA%E3%83%A5%E3%83%95%E3%80%91" dan="16,16,16,16" rate="2177.73,2109.28,2105.86,2119.73" sx="F,M,M,M"/><TAIKYOKU oya="0"/><INIT seed="0,0,0,4,5,133" ten="250,250,250,250" oya="0" hai0="20,2,80,8,66,37,76,105,24,53,1,126,96" hai1="86,15,32,132,114,27,61,110,56,38,5,134,108" hai2="84,101,78,75,41,16,107,109,97,111,64,10,127" hai3="113,7,54,119,43,81,74,123,3,18,128,46,82"/><T99/><D37/><U106/><E106/><V71/><F41/><W35/><G54/><T21/><D66/><U6/><E38/><V91/><F64/><W28/><G18/><T70/><D70/><U59/><E86/><V135/><F71/><W131/><G113/><T9/><D53/><N who="1" m="33935" /><E59/><V47/><F47/><W85/><G119/><T68/><D68/><U29/><E114/><V130/><F135/><N who="1" m="51753" /><E15/><V57/><F57/><W124/><G74/><T125/><D105/><U22/><E22/><V42/><F42/><W102/><G102/><T100/><D100/><U25/><E25/><V40/><F40/><W48/><G123/><T83/><D24/><U117/><E117/><V69/><F69/><W90/><G81/><T122/><REACH who="0" step="1"/><D76/><REACH who="0" ten="240,250,250,250" step="2"/><U73/><E73/><V103/><F78/><W45/><G43/><T12/><D12/><U116/><E116/><V33/><F75/><W30/><G45/><T34/><D34/><U115/><E115/><V88/><F33/><W87/><G35/><T94/><D94/><U129/><E129/><V95/><F130/><W50/><G46/><T11/><D11/><U92/><E92/><V63/><F10/><N who="3" m="2431" /><G131/><T26/><D26/><U62/><E62/><V36/><F63/><W112/><G112/><T121/><AGARI ba="0,1" hai="1,2,8,9,20,21,80,83,96,99,121,122,125,126" machi="121" ten="25,24000,3" yaku="1,1,0,1,22,2,52,2,53,2" doraHai="133" doraHaiUra="79" who="0" fromWho="0" sc="240,250,250,-80,250,-80,250,-80" /><INIT seed="0,1,0,0,4,60" ten="490,170,170,170" oya="0" hai0="99,89,95,125,26,84,43,56,22,53,131,21,87" hai1="72,7,20,50,52,100,35,42,34,104,18,16,120" hai2="58,127,49,94,0,61,65,122,101,47,28,32,129" hai3="45,48,66,39,4,103,8,25,82,91,109,130,44"/><T11/><D131/><U1/><E72/><V121/><F129/><W114/><G130/><T123/><D123/><U113/><E120/><V40/><F0/><W36/><G114/><T19/><D125/><U93/><E104/><V134/><F127/><W37/><G109/><T24/><D11/><U62/><E113/><V92/><F134/><W23/><G103/><T112/><D43/><U13/><E42/><V85/><F94/><W67/><G91/><T108/><D108/><U3/><E18/><V135/><F135/><W97/><G97/><T83/><D83/><U10/><E1/><V74/><F74/><W102/><G102/><T30/><REACH who="0" step="1"/><D112/><REACH who="0" ten="480,170,170,170" step="2"/><U116/><E10/><V105/><F121/><W78/><G8/><T132/><D132/><U64/><E116/><V88/><F122/><W107/><G107/><T2/><D2/><U57/><E3/><V80/><F105/><W90/><G82/><T14/><D14/><U29/><E13/><V75/><F80/><W98/><G4/><T118/><D118/><U110/><E110/><V59/><F40/><W106/><G106/><T17/><D17/><U41/><E41/><V54/><F28/><W119/><G119/><T128/><D128/><U9/><E29/><V126/><F126/><W133/><G133/><T5/><D5/><U124/><E124/><V38/><F38/><W15/><G15/><T12/><D12/><N who="1" m="9223" /><E9/><V77/><F75/><W46/><G36/><T117/><D117/><U76/><E7/><V63/><F77/><W31/><G37/><T70/><D70/><N who="1" m="42263" /><E76/><V33/><F92/><W55/><G39/><RYUUKYOKU ba="1,1" sc="480,15,170,15,170,-15,170,-15" hai0="19,21,22,24,26,30,53,56,84,87,89,95,99" hai1="34,35,50,52,57,93,100" /><INIT seed="0,2,1,3,5,106" ten="495,185,155,155" oya="0" hai0="107,28,24,0,120,7,71,119,110,44,23,55,17" hai1="121,72,11,64,25,133,80,116,81,53,8,57,68" hai2="49,102,79,38,74,122,41,125,31,6,65,131,118" hai3="129,117,21,52,70,73,76,78,33,47,112,5,34"/><T135/><D107/><U35/><E116/><V30/><F122/><W113/><G117/><T12/><D119/><U59/><E121/><V69/><F118/><W126/><G70/><T83/><D120/><U13/><E68/><V105/><F49/><W40/><G5/><T132/><D71/><U111/><E64/><V82/><F131/><W50/><G129/><T95/><D83/><U66/><E66/><V96/><F125/><W93/><G126/><T89/><D55/><U124/><E124/><V43/><F43/><W39/><G21/><T26/><D44/><U1/><E111/><V36/><F6/><W127/><G127/><T77/><D77/><U62/><E59/><V42/><F42/><W14/><G93/><T9/><D110/><U45/><E133/><N who="0" m="51273" /><D28/><U54/><E54/><V16/><F16/><W58/><G78/><T22/><D23/><U87/><E45/><V20/><F41/><W75/><G76/><T37/><D37/><U4/><E81/><V109/><F109/><W94/><G94/><T99/><AGARI ba="2,1" hai="0,7,9,12,17,22,24,26,89,95,99" m="51273" machi="99" ten="30,1500,0" yaku="20,1" doraHai="106" who="0" fromWho="0" sc="495,31,185,-7,155,-7,155,-7" /><INIT seed="0,3,0,2,0,104" ten="526,178,148,148" oya="0" hai0="59,88,36,129,0,9,55,22,28,49,99,21,112" hai1="65,53,71,34,131,102,75,54,73,82,40,16,42" hai2="116,8,50,19,32,46,57,127,23,110,97,7,6" hai3="1,76,3,96,121,85,64,132,81,15,11,47,98"/><T14/><D112/><U118/><E118/><V41/><F32/><W70/><G121/><T89/><D129/><U91/><E34/><V111/><F116/><W124/><G124/><T48/><D36/><U100/><E65/><V120/><F120/><W35/><G132/><T108/><D0/><U62/><E62/><V51/><F127/><W135/><G135/><T12/><D108/><N who="2" m="41514" /><F97/><W26/><G47/><T69/><D69/><U56/><E71/><V103/><F103/><W84/><G98/><T78/><D78/><U38/><E131/><V66/><F8/><W5/><G96/><T114/><D114/><U17/><E56/><V123/><F123/><W113/><G85/><T92/><D28/><U95/><E82/><V25/><F66/><W37/><G37/><T2/><D2/><U60/><E60/><V68/><F68/><W31/><G113/><T90/><D49/><U18/><E91/><N who="0" m="34889" /><D14/><U86/><E38/><V101/><F101/><W105/><G105/><T30/><D30/><U63/><E63/><V133/><F133/><W74/><G64/><T106/><D106/><U117/><E102/><V52/><AGARI ba="3,0" hai="6,7,19,23,25,41,46,50,51,52,57" m="41514" machi="52" ten="30,2000,0" yaku="14,1,54,1" doraHai="104" who="2" fromWho="2" sc="526,-13,178,-8,148,29,148,-8" /><INIT seed="1,0,0,1,4,130" ten="513,170,177,140" oya="1" hai0="14,44,48,135,91,132,1,76,28,42,10,123,15" hai1="129,13,27,64,34,127,60,8,110,80,2,51,32" hai2="22,43,111,126,83,82,73,108,90,23,109,0,33" hai3="65,38,26,114,53,3,117,69,17,75,18,9,59"/><U31/><E2/><V86/><F33/><W29/><G114/><T119/><D119/><U88/><E129/><V36/><F0/><W24/><G117/><T134/><D123/><U7/><E127/><V99/><F126/><W116/><G116/><T113/><D113/><U57/><E110/><V20/><F90/><W89/><G75/><T56/><D76/><U52/><E34/><V94/><F73/><W85/><G38/><T45/><D28/><U5/><E5/><V106/><F106/><W122/><G122/><T121/><D121/><U133/><E133/><V19/><F19/><N who="3" m="7179" /><G69/><T107/><D107/><U100/><E100/><N who="2" m="60535" /><F86/><W67/><G9/><T49/><D56/><U70/><REACH who="1" step="1"/><E88/><REACH who="1" ten="513,160,177,140" step="2"/><V87/><F87/><W39/><G3/><T6/><D91/><U95/><E95/><V12/><F12/><W131/><G131/><T61/><D61/><U66/><E66/><N who="3" m="25098" /><G29/><T74/><D74/><U120/><E120/><V97/><F97/><W105/><G105/><T102/><D102/><U101/><E101/><V92/><F92/><N who="3" m="54319" /><G39/><T98/><D98/><U4/><E4/><V128/><F128/><W84/><G84/><T40/><AGARI ba="0,1" hai="1,6,10,14,15,40,42,44,45,48,49,132,134,135" machi="40" ten="30,12000,2" yaku="0,1,9,1,20,1,52,3" doraHai="130" who="0" fromWho="0" sc="513,130,160,-60,177,-30,140,-30" /><INIT seed="2,0,0,4,0,125" ten="643,100,147,110" oya="2" hai0="61,109,43,59,117,128,121,116,86,19,115,107,76" hai1="10,34,92,120,52,97,38,87,103,6,21,104,46" hai2="54,82,1,65,25,26,90,72,18,80,39,41,3" hai3="8,66,100,0,51,9,47,62,124,27,111,73,53"/><V45/><F65/><W67/><G124/><T108/><D107/><U102/><E34/><V23/><F54/><W95/><G111/><N who="0" m="42571" /><D121/><U75/><E75/><V88/><F26/><W40/><G73/><T126/><D126/><U17/><E120/><V110/><F110/><W101/><G0/><T7/><D115/><U20/><E38/><V71/><F71/><W93/><G27/><T74/><D74/><U13/><E104/><V31/><F31/><W123/><G123/><T49/><D7/><U24/><E21/><V37/><F37/><W30/><G30/><T105/><D105/><U130/><E130/><V84/><REACH who="2" step="1"/><F90/><REACH who="2" ten="643,100,137,110" step="2"/><W22/><G53/><T33/><D117/><U50/><E87/><V4/><F4/><W91/><G67/><T99/><D86/><U35/><E35/><V14/><F14/><W131/><G91/><AGARI ba="0,1" hai="6,10,13,17,20,24,46,50,52,91,92,97,102,103" machi="91" ten="30,3900,0" yaku="7,1,8,1,54,1" doraHai="125" who="1" fromWho="3" sc="643,0,100,49,137,0,110,-39" /><INIT seed="3,0,0,2,4,85" ten="643,149,137,71" oya="3" hai0="54,63,26,5,91,112,114,13,27,83,118,29,40" hai1="43,122,23,80,78,119,131,102,89,57,74,103,28" hai2="10,129,90,96,70,71,61,68,45,104,22,36,3" hai3="20,55,56,81,21,9,97,126,32,121,130,135,12"/><W39/><G121/><T101/><D118/><U19/><E122/><V108/><F108/><W79/><G39/><T75/><D101/><U11/><E119/><V76/><F129/><W2/><G130/><T52/><D40/><U69/><E69/><V38/><F76/><W82/><G32/><T42/><D42/><U0/><E131/><V4/><F22/><N who="3" m="8811" /><G135/><T87/><D75/><U124/><E124/><V120/><F120/><W117/><G126/><T60/><D60/><U53/><E43/><V110/><F110/><W15/><G2/><T31/><D26/><U88/><E28/><N who="0" m="10825" /><D27/><U125/><E125/><V44/><F61/><N who="3" m="35999" /><G117/><T47/><D63/><U106/><E106/><V107/><F107/><W86/><G81/><T132/><D47/><U41/><E0/><V34/><F34/><W62/><G62/><T65/><D65/><U14/><E23/><V134/><F134/><W18/><G15/><T127/><D132/><U58/><E80/><V94/><REACH who="2" step="1"/><F104/><REACH who="2" ten="643,149,127,71" step="2"/><W105/><G105/><T24/><D24/><U49/><E74/><V115/><F115/><N who="0" m="44074" /><D127/><U84/><E78/><V92/><F92/><W72/><G72/><T48/><D48/><U7/><E49/><V113/><F113/><W33/><G33/><T16/><D5/><U35/><E35/><V73/><F73/><W51/><G51/><T133/><D133/><U93/><E7/><V37/><AGARI ba="0,1" hai="3,4,10,36,37,38,44,45,68,70,71,90,94,96" machi="37" ten="40,5200,0" yaku="1,1,0,1,52,1,53,0" doraHai="85" doraHaiUra="100" who="2" fromWho="2" sc="643,-13,149,-13,127,62,71,-26" owari="630,73.0,136,-26.4,189,-1.1,45,-45.5" /></mjloggm>