<mjloggm ver="2.3"><GO type="225" lobby="0"/><UN n0="%E6%B4%BE%E9%81%A3%E3%81%AE%E3%82%B8%E3%83%A3%E3%83%83%E3%82%AF" n1="%E3%81%95%E3%81%8D%E3%81%9F%E3%81%BE%E6%9E%97%E6%AA%8E" n2="%4B%2E%32%2E%4B%2E" n3="%E3%83%96%E3%83%83%E3%83%91%E3%82%AA%E3%83%96%E3%83%81%E3%82%AD%E3%83%B3" dan="17,16,16,16" rate="2191.58,2094.03,2175.11,2194.94" sx="M,M,M,M"/><TAIKYOKU oya="0"/><INIT seed="0,0,0,1,3,52" ten="250,250,250,250" oya="0" hai0="110,86,10,92,120,29,46,3,101,26,94,47,5" hai1="132,131,12,129,31,51,105,66,35,122,127,6,45" hai2="89,126,113,78,15,85,114,33,98,74,96,40,102" hai3="56,123,70,17,18,57,103,53,24,16,34,48,25"/><T87/><D120/><U4/><E105/><V13/><F33/><W63/><G70/><T20/><D110/><U67/><E122/><V64/><F64/><N who="1" m="24617" /><E35/><V135/><F40/><W54/><G123/><T0/><D0/><U2/><E2/><V125/><F15/><W95/><G34/><T130/><D130/><N who="1" m="49675" /><E132/><V116/><F13/><W77/><REACH who="3" step="1"/><G77/><REACH who="3" ten="250,250,250,240" step="2"/><T38/><D38/><U121/><E121/><V7/><F78/><W9/><G9/><T39/><D39/><U90/><E127/><V118/><F126/><W75/><G75/><T93/><REACH who="0" step="1"/><D101/><REACH who="0" ten="240,250,250,240" step="2"/><U117/><E117/><V21/><F102/><W42/><G42/><T119/><D119/><U91/><E6/><V59/><F7/><W82/><G82/><T80/><D80/><U32/><E4/><V49/><F118/><W124/><G124/><T28/><D28/><U115/><E31/><V111/><F116/><W81/><G81/><T128/><D128/><U60/><E32/><V50/><F125/><W134/><G134/><T88/><D88/><U104/><E91/><V71/><F135/><W1/><G1/><T68/><D68/><U8/><E90/><V65/><F89/><W27/><G27/><T73/><D73/><U100/><E100/><V76/><F74/><W106/><G106/><T23/><D23/><U36/><E104/><V79/><F71/><W112/><G112/><T43/><D43/><U44/><E115/><V61/><F21/><W11/><G11/><T14/><D14/><U69/><E12/><V41/><F113/><W55/><G55/><T133/><D133/><U84/><E8/><RYUUKYOKU ba="0,2" sc="240,15,250,-15,250,-15,240,15" hai0="3,5,10,20,26,29,46,47,86,87,92,93,94" hai3="16,17,18,24,25,48,53,54,56,57,63,95,103" /><INIT seed="0,1,2,3,2,59" ten="255,235,235,255" oya="0" hai0="33,53,105,111,7,1,26,134,56,16,47,115,116" hai1="15,9,10,18,12,45,122,41,50,60,73,87,77" hai2="58,62,68,99,22,82,5,57,101,91,8,39,79" hai3="69,21,93,118,72,67,127,104,27,123,14,17,54"/><T35/><D115/><U83/><E122/><V55/><F39/><W88/><G118/><T90/><D116/><U23/><E73/><V114/><F114/><W76/><G123/><T74/><D105/><U38/><E38/><V98/><F91/><W81/><G127/><T109/><D74/><U48/><E48/><V44/><F68/><W11/><G104/><T61/><D134/><U78/><E78/><V36/><F22/><W4/><G54/><T2/><D47/><U64/><REACH who="1" step="1"/><E15/><REACH who="1" ten="255,225,235,255" step="2"/><V119/><F119/><W3/><G3/><T71/><D2/><U29/><E29/><V132/><F36/><W121/><G121/><T70/><D1/><U131/><E131/><V52/><F132/><W6/><G69/><AGARI ba="1,3" hai="9,10,12,18,23,41,45,50,60,64,69,77,83,87" machi="69" ten="30,3900,0" yaku="1,1,7,1,52,1,53,0" doraHai="59" doraHaiUra="25" who="1" fromWho="3" sc="255,0,225,72,235,0,255,-42" /><INIT seed="1,0,0,3,4,64" ten="255,297,235,213" oya="1" hai0="76,128,1,70,53,7,24,51,5,55,31,10,118" hai1="56,107,8,61,42,52,83,113,103,123,67,111,90" hai2="60,99,41,22,19,18,15,117,37,132,65,93,96" hai3="101,57,39,14,47,69,2,121,105,27,86,6,77"/><U17/><E113/><V29/><F117/><W35/><G121/><T81/><D118/><U12/><E123/><V112/><F112/><W114/><G114/><T9/><D128/><U119/><E119/><V71/><F132/><W82/><G2/><T75/><D70/><U74/><E42/><V38/><F29/><W125/><G125/><T4/><D51/><U134/><E134/><V20/><F41/><W78/><G69/><T46/><D46/><U130/><E130/><V91/><REACH who="2" step="1"/><F99/><REACH who="2" ten="255,297,225,213" step="2"/><W48/><G39/><T106/><D31/><U115/><E115/><V23/><F23/><W87/><G47/><T98/><D98/><U89/><E111/><V92/><F92/><W79/><G35/><T126/><D9/><U25/><E8/><V45/><F45/><W30/><G30/><T62/><D10/><U124/><E107/><V102/><F102/><W66/><G101/><T43/><D106/><U120/><E103/><V110/><F110/><W44/><G105/><T13/><D43/><U116/><E116/><V26/><AGARI ba="0,1" hai="15,18,19,20,22,26,37,38,60,65,71,91,93,96" machi="26" ten="20,5200,0" yaku="1,1,0,1,7,1,52,1,53,0" doraHai="64" doraHaiUra="54" who="2" fromWho="2" sc="255,-13,297,-26,225,62,213,-13" /><INIT seed="2,0,0,3,3,0" ten="242,271,287,200" oya="2" hai0="131,7,75,18,86,109,65,67,17,19,108,14,77" hai1="38,1,91,30,37,81,13,120,102,93,96,58,42" hai2="92,104,25,68,123,4,121,23,105,116,62,127,82" hai3="28,64,66,90,47,73,20,6,10,40,46,49,8"/><V97/><F116/><W12/><G73/><T15/><D75/><U29/><E1/><V114/><F114/><W32/><G32/><T63/><D131/><U115/><E115/><V132/><F132/><W100/><G100/><T48/><D48/><U22/><E120/><V57/><F127/><W107/><G107/><T41/><D41/><U72/><E38/><V126/><F68/><W88/><G47/><T69/><D67/><N who="3" m="25641" /><G10/><N who="0" m="4447" /><D77/><U33/><E33/><V113/><F113/><W16/><G28/><T59/><D86/><N who="1" m="50639" /><E37/><V117/><F117/><W128/><G128/><T129/><D69/><U44/><E72/><V31/><F126/><W125/><G125/><T36/><D36/><U52/><E44/><V53/><F105/><W21/><G21/><N who="0" m="11455" /><D129/><U87/><E42/><V70/><F104/><W124/><G124/><T71/><D71/><U110/><E87/><V95/><F70/><W79/><G79/><T130/><D130/><U98/><E98/><V50/><F121/><W35/><G35/><T80/><D80/><U85/><E85/><V26/><F123/><W43/><G40/><T94/><D94/><U103/><E103/><N who="2" m="60839" /><F95/><W60/><G60/><T45/><D45/><U118/><E118/><V76/><F62/><W56/><G56/><T5/><D5/><U24/><E93/><V101/><F4/><W74/><G74/><T54/><D65/><U78/><E102/><V39/><F101/><W119/><G119/><T11/><D11/><U2/><E78/><V122/><F122/><W84/><G84/><T134/><D134/><U133/><E133/><V111/><F39/><RYUUKYOKU ba="0,0" sc="242,15,271,-15,287,-15,200,15" hai0="18,19,54,59,63,108,109" hai3="6,8,12,16,20,43,46,49,88,90" /><INIT seed="3,1,0,0,2,1" ten="257,256,272,215" oya="3" hai0="0,88,61,42,114,105,10,66,123,111,77,85,31" hai1="57,43,46,119,71,75,51,16,23,95,13,125,21" hai2="52,20,126,40,115,132,3,41,84,135,118,5,64" hai3="49,73,54,12,134,96,82,80,69,39,37,29,106"/><W81/><G73/><T89/><D123/><U68/><E125/><V120/><F115/><W107/><G69/><T47/><D105/><U17/><E75/><V70/><F118/><W15/><G29/><T116/><D116/><U33/><E33/><V93/><F120/><W124/><G124/><T38/><D31/><U30/><E119/><V45/><F126/><W102/><G134/><N who="2" m="51241" /><F20/><W112/><G107/><T110/><D114/><U76/><E30/><V127/><F64/><W6/><G112/><T97/><D77/><U131/><E131/><V87/><F70/><W7/><G15/><T104/><D97/><U63/><E76/><V92/><F87/><W117/><G117/><T99/><D99/><U9/><E95/><V90/><F93/><W48/><G12/><T27/><D27/><U58/><E23/><V65/><F65/><W8/><G8/><T86/><D104/><U101/><E101/><V83/><F92/><W2/><G2/><T34/><D34/><U22/><E21/><V28/><F28/><W130/><G130/><T11/><D85/><U60/><E71/><V129/><F129/><W35/><G35/><T55/><D66/><U133/><E133/><V24/><F24/><W78/><G78/><T18/><D86/><U72/><E72/><V62/><F127/><W74/><G74/><T121/><D121/><U25/><REACH who="1" step="1"/><E68/><REACH who="1" ten="257,246,272,215" step="2"/><V59/><F45/><N who="3" m="27919" /><G106/><T103/><D103/><U14/><E14/><V109/><F109/><W50/><G102/><T98/><D110/><U56/><AGARI ba="1,1" hai="9,13,16,17,22,25,43,46,51,56,57,58,60,63" machi="56" ten="30,7900,0" yaku="1,1,0,1,8,1,54,1,53,0" doraHai="1" doraHaiUra="67" who="1" fromWho="1" sc="257,-21,246,92,272,-21,215,-40" owari="236,-16.4,338,43.8,251,5.1,175,-32.5" /></mjloggm>