<mjloggm ver="2.3"><GO type="225" lobby="0"/><UN n0="%E9%A6%AC%E4%BA%86%E9%9A%94%E5%A3%81" n1="%E9%BB%99%E8%81%B4%E3%81%AE%E3%81%99%E3%82%9D%E3%82%81" n2="%E6%B4%BE%E9%81%A3%E3%81%AE%E3%82%B8%E3%83%A3%E3%83%83%E3%82%AF" n3="%77%72%77%72%77%72%77%72" dan="17,16,17,17" rate="2206.14,2142.19,2199.98,2145.83" sx="M,M,M,M"/><TAIKYOKU oya="0"/><INIT seed="0,0,0,1,1,120" ten="250,250,250,250" oya="0" hai0="55,117,110,10,33,49,28,59,102,86,85,50,126" hai1="51,39,114,64,52,92,124,4,80,74,35,1,31" hai2="47,131,25,104,128,94,87,53,84,18,57,79,13" hai3="81,22,135,67,15,2,109,100,105,106,34,17,3"/><T6/><D117/><U129/><E39/><V99/><F104/><W82/><G34/><T21/><D126/><U116/><E116/><V93/><F47/><W60/><G135/><T112/><D112/><U98/><E114/><V56/><F25/><W8/><G109/><T16/><D110/><U91/><E129/><N who="2" m="49739" /><F79/><W26/><G2/><T119/><D119/><U14/><E1/><V5/><F5/><W88/><G3/><N who="0" m="351" /><D102/><U75/><E124/><V90/><F94/><W65/><G65/><T121/><D50/><U127/><E127/><V111/><F111/><W107/><G100/><T115/><D115/><U43/><E43/><V27/><F27/><W101/><G101/><T19/><D19/><U97/><E64/><V123/><F123/><W71/><REACH who="3" step="1"/><G88/><REACH who="3" ten="250,250,250,240" step="2"/><T122/><D122/><U0/><E0/><V134/><F134/><W70/><G70/><T48/><D121/><U63/><E35/><V32/><F32/><W37/><G37/><T78/><D78/><U58/><E91/><V66/><F66/><W45/><G45/><T69/><D69/><U83/><E58/><V38/><F38/><W133/><G133/><T96/><D96/><U62/><E98/><V9/><F57/><W113/><G113/><T41/><D41/><U29/><E97/><V108/><F108/><W76/><G76/><T54/><D59/><U42/><E42/><V7/><F56/><W30/><AGARI ba="0,1" hai="8,15,17,22,26,30,60,67,71,81,82,105,106,107" machi="30" ten="30,2000,0" yaku="1,1,0,1,53,0" doraHai="120" doraHaiUra="44" who="3" fromWho="3" sc="250,-10,250,-5,250,-5,240,30" /><INIT seed="1,0,0,4,5,3" ten="240,245,245,270" oya="1" hai0="14,84,111,115,81,15,56,85,12,67,89,59,128" hai1="76,94,110,86,74,113,25,61,92,68,123,133,29" hai2="42,87,0,66,122,62,6,8,45,132,126,106,65" hai3="5,46,64,100,58,47,127,80,51,50,41,73,108"/><U48/><E123/><V24/><F122/><W135/><G108/><T125/><D115/><U75/><E113/><V78/><F106/><W93/><G135/><T69/><D111/><U9/><E133/><V55/><F132/><W27/><G127/><T77/><D125/><U20/><E110/><V95/><F126/><W33/><G5/><T120/><D120/><U35/><E48/><V1/><F24/><W49/><G73/><T13/><D128/><U26/><E92/><V118/><F118/><W103/><G80/><T7/><D69/><U130/><E130/><V21/><F21/><W96/><G103/><T17/><D67/><U60/><E9/><V52/><F0/><W134/><G134/><T91/><D77/><U117/><E117/><V109/><F65/><W107/><G107/><T97/><D97/><U72/><E68/><V38/><F109/><W88/><G100/><T54/><D54/><U43/><E43/><V83/><REACH who="2" step="1"/><F95/><REACH who="2" ten="240,245,235,270" step="2"/><W104/><G104/><T2/><D2/><U70/><E94/><V105/><F105/><W11/><G33/><T34/><D34/><U124/><E124/><V129/><F129/><W30/><G27/><T19/><N who="0" m="3072" /><DORA hai="40" /><T98/><D7/><U114/><E114/><V121/><F121/><W119/><G119/><T16/><D98/><U90/><E26/><V22/><F22/><W53/><G96/><T18/><N who="0" m="4096" /><DORA hai="31" /><T82/><AGARI ba="0,1" hai="56,59,81,82,84,85,89,91" m="4096,3072" machi="82" ten="60,8000,1" yaku="4,1,0,1,9,1,8,1,54,1" doraHai="3,40,31" who="0" fromWho="0" sc="240,90,245,-40,235,-20,270,-20" /><INIT seed="2,0,0,2,4,4" ten="330,205,215,250" oya="2" hai0="100,71,9,12,69,49,47,14,45,72,89,133,119" hai1="97,116,83,122,11,5,15,84,25,46,65,39,24" hai2="67,80,34,60,102,99,111,92,82,105,130,114,112" hai3="115,98,104,32,123,10,85,113,16,117,108,52,132"/><V93/><F34/><W127/><G117/><T58/><D72/><U88/><E116/><V128/><F60/><W109/><G123/><T76/><D119/><U43/><E122/><V77/><F67/><W75/><G75/><T35/><D76/><U103/><REACH who="1" step="1"/><E65/><REACH who="1" ten="330,195,215,250" step="2"/><V86/><F111/><W101/><G109/><T56/><D133/><U126/><E126/><V29/><F29/><W81/><G132/><T6/><D71/><U22/><E22/><V50/><F50/><W3/><G127/><T64/><D69/><U57/><E57/><V106/><F112/><W23/><G108/><T134/><D64/><U62/><E62/><V7/><F114/><W33/><G115/><T30/><D58/><U61/><E61/><V96/><F7/><W129/><G113/><T37/><D56/><U13/><E13/><V59/><F59/><W2/><G23/><T110/><D14/><U118/><E118/><V51/><F51/><W0/><G32/><T68/><D110/><U73/><E73/><V70/><F70/><W87/><G33/><T74/><D68/><U131/><E131/><N who="2" m="50219" /><F82/><W21/><G81/><T78/><D134/><U28/><E28/><V125/><F125/><W54/><G129/><T94/><D35/><U44/><E44/><V63/><F63/><W95/><G0/><T26/><D30/><U20/><E20/><V55/><F55/><W38/><G54/><T90/><D47/><U31/><E31/><V27/><F27/><W120/><G2/><T48/><D26/><U121/><E121/><V53/><F53/><W40/><G120/><T41/><D45/><RYUUKYOKU ba="0,1" sc="330,-15,195,15,215,15,250,-15" hai1="5,11,15,24,25,39,43,46,83,84,88,97,103" hai2="77,80,86,92,93,96,99,102,105,106" /><INIT seed="2,1,1,5,1,5" ten="315,210,230,235" oya="2" hai0="119,54,134,48,7,84,37,27,81,76,89,94,77" hai1="70,23,131,65,122,40,69,13,67,46,113,57,45" hai2="60,129,34,43,30,51,109,92,0,28,21,121,33" hai3="53,55,17,93,52,47,118,1,117,49,120,75,106"/><V97/><F121/><W41/><G120/><T22/><D37/><N who="1" m="21647" /><E13/><V85/><F0/><W8/><G106/><T11/><D134/><U24/><E23/><V73/><F73/><W4/><G75/><T126/><D126/><U101/><E24/><V16/><F129/><W62/><G62/><T132/><D132/><U10/><E10/><V104/><F109/><W82/><G82/><T66/><D66/><N who="1" m="25099" /><E101/><V29/><F60/><W133/><G133/><T64/><D64/><U87/><E87/><V78/><F104/><W26/><REACH who="3" step="1"/><G93/><REACH who="3" ten="315,210,230,225" step="2"/><T9/><D94/><U123/><E123/><V25/><F92/><W12/><G12/><T39/><D81/><U105/><E105/><V100/><F33/><W91/><G91/><T14/><D89/><U38/><E122/><V44/><F34/><W63/><G63/><T6/><D14/><U125/><E131/><V80/><F100/><W88/><G88/><T114/><D119/><U86/><E125/><V71/><F71/><W50/><G50/><T90/><D48/><U3/><E3/><V116/><F116/><W61/><G61/><T36/><D90/><U98/><E70/><V72/><F72/><W130/><G130/><T31/><D77/><U56/><E69/><V108/><F108/><W74/><G74/><T96/><D76/><U68/><E68/><V19/><F97/><W127/><G127/><T112/><D96/><U18/><E38/><V102/><F102/><W20/><AGARI ba="1,2" hai="1,4,8,17,20,26,41,47,49,52,53,55,117,118" machi="20" ten="30,7900,0" yaku="1,1,0,1,52,1,54,1,53,0" doraHai="5" doraHaiUra="107" who="3" fromWho="3" sc="315,-21,210,-21,230,-40,225,102" /><INIT seed="3,0,0,4,1,45" ten="294,189,190,327" oya="3" hai0="97,70,42,14,26,91,19,65,36,92,106,82,133" hai1="56,101,16,62,44,124,73,58,22,34,122,51,10" hai2="120,100,33,3,84,7,11,54,63,95,32,52,64" hai3="15,109,57,37,75,119,127,53,129,94,66,77,55"/><W96/><G119/><T67/><D133/><U105/><E122/><V18/><F120/><W115/><G115/><T1/><D106/><U107/><E34/><V46/><F18/><W6/><G37/><T0/><D26/><U102/><E73/><V74/><F74/><W17/><G109/><T71/><D71/><U131/><E107/><V12/><F3/><W113/><G113/><T43/><D0/><U130/><E10/><V114/><F114/><W83/><G129/><N who="1" m="49162" /><E124/><V125/><F125/><W78/><G6/><T61/><D1/><U47/><E47/><V39/><F39/><W90/><G78/><T13/><D67/><N who="1" m="39367" /><E58/><N who="2" m="36983" /><F33/><W126/><G126/><T128/><D128/><U81/><E81/><V68/><F32/><W5/><G5/><T31/><D31/><U118/><E105/><V132/><F68/><W108/><G108/><T93/><D82/><U123/><E118/><V59/><F132/><W80/><G80/><T85/><D36/><U72/><E72/><V117/><F117/><W41/><G127/><T60/><D60/><U103/><E123/><V121/><F121/><W88/><G83/><T9/><REACH who="0" step="1"/><D14/><REACH who="0" ten="284,189,190,327" step="2"/><N who="1" m="9495" /><E103/><AGARI ba="0,1" hai="9,13,19,42,43,61,65,70,85,91,92,93,97,103" machi="103" ten="30,2000,0" yaku="1,1,7,1,53,0" doraHai="45" doraHaiUra="20" who="0" fromWho="1" sc="284,30,189,-20,190,0,327,0" owari="314,11.4,169,-33.1,190,-21.0,327,42.7" /></mjloggm>