<mjloggm ver="2.3"><GO type="225" lobby="0"/><UN n0="%E3%81%90%E3%81%A1%E3%82%84%E3%81%BE" n1="%E4%BF%BA%E3%81%A8%E5%A6%96%E5%A4%A2" n2="%33%74%72%65%65" n3="%41%6F%54" dan="16,16,16,16" rate="2107.38,2185.38,2182.67,2071.86" sx="M,F,F,M"/><TAIKYOKU oya="0"/><INIT seed="0,0,0,2,1,95" ten="250,250,250,250" oya="0" hai0="112,113,32,7,134,116,4,77,35,83,104,132,101" hai1="49,28,69,79,121,51,105,41,64,84,94,34,53" hai2="40,36,25,8,37,50,18,114,20,9,1,91,23" hai3="86,24,52,39,38,124,67,111,82,92,21,17,73"/><T62/><D116/><U65/><E121/><V60/><F114/><N who="0" m="44138" /><D62/><U15/><E105/><V96/><F36/><W87/><G111/><T80/><D101/><U56/><E69/><V63/><F37/><W120/><G124/><T54/><D104/><U123/><E123/><V30/><F1/><W100/><G120/><T45/><D54/><U13/><E64/><V118/><F118/><W58/><G67/><T129/><D45/><U43/><E65/><V78/><F78/><W122/><G122/><T44/><D44/><U57/><E79/><V115/><F115/><W2/><G2/><T10/><D10/><N who="2" m="4202" /><F50/><W110/><G110/><T47/><D47/><U89/><E43/><V12/><F40/><W42/><G73/><T3/><D3/><U70/><E70/><V46/><F46/><W133/><G42/><T102/><D102/><U72/><E72/><V90/><F90/><W68/><G68/><T48/><D48/><U55/><E41/><V125/><F125/><W33/><G38/><T103/><D103/><U76/><E76/><V109/><F109/><W99/><G39/><T135/><D129/><U131/><E131/><V22/><F22/><W11/><G11/><T16/><D16/><U66/><E66/><V75/><F75/><W19/><G19/><T5/><D77/><U93/><E93/><AGARI ba="0,0" hai="12,18,20,23,25,30,60,63,91,93,96" m="4202" machi="93" ten="30,2000,0" yaku="8,1,52,1" doraHai="95" who="2" fromWho="1" sc="250,0,250,-20,250,20,250,0" /><INIT seed="1,0,0,4,0,126" ten="250,230,270,250" oya="1" hai0="18,1,56,125,127,82,3,12,114,8,7,74,30" hai1="45,90,106,63,38,130,118,94,51,100,110,120,19" hai2="2,55,79,92,87,132,99,103,107,34,15,39,113" hai3="32,11,26,134,80,124,17,59,23,121,67,83,101"/><U128/><E118/><V109/><F2/><N who="0" m="522" /><D56/><U108/><E38/><V65/><F109/><N who="1" m="42089" /><E120/><V58/><F132/><W111/><G111/><T75/><D82/><U73/><E73/><V116/><F113/><W57/><G124/><N who="0" m="47691" /><D75/><U123/><E123/><V48/><F116/><W96/><G32/><T72/><D72/><U115/><E115/><V20/><F34/><W41/><G134/><T85/><D85/><N who="1" m="52559" /><E63/><V86/><F39/><W52/><G41/><T43/><D43/><N who="1" m="25023" /><E19/><V78/><F78/><W35/><G121/><T98/><D74/><U88/><E88/><V64/><F79/><W14/><G67/><T47/><D98/><AGARI ba="0,0" hai="98,100,106,128,130" m="25023,52559,42089" machi="98" ten="30,11600,0" yaku="14,1,10,1,52,2" doraHai="126" who="1" fromWho="0" sc="250,-116,230,116,270,0,250,0" /><INIT seed="1,1,0,0,1,42" ten="134,346,270,250" oya="1" hai0="83,16,58,65,63,126,116,33,85,98,40,108,90" hai1="17,91,45,60,114,79,82,113,131,18,68,21,107" hai2="123,48,7,130,89,12,115,22,135,32,76,37,72" hai3="28,25,57,69,97,84,66,13,122,133,117,36,118"/><U102/><E131/><V80/><F32/><W46/><G122/><T124/><D116/><U27/><E102/><V109/><F123/><W55/><G133/><T34/><D108/><U14/><E107/><V132/><F37/><W8/><G84/><T41/><D98/><U11/><E91/><V74/><F109/><W35/><G97/><T0/><D0/><U101/><E101/><V47/><F130/><W15/><G69/><T86/><D86/><U51/><E60/><V75/><F89/><W4/><G66/><T87/><D16/><U105/><E68/><V125/><F115/><W77/><G77/><T6/><D6/><U129/><E105/><V1/><F1/><W54/><G15/><T50/><D87/><U3/><E3/><V29/><F132/><W10/><G10/><T96/><D96/><U44/><E129/><V94/><F94/><W112/><G112/><T120/><D120/><U26/><E45/><V104/><F104/><W93/><G93/><T111/><D111/><U56/><E56/><V19/><F47/><W78/><G78/><T110/><D110/><U43/><E27/><V23/><F76/><W59/><G59/><T95/><D95/><U81/><E81/><V88/><F80/><W70/><G70/><T30/><D41/><U100/><E100/><V61/><F135/><W2/><G2/><T9/><D9/><U62/><E62/><V71/><F61/><W119/><G57/><T67/><D67/><U73/><AGARI ba="1,0" hai="11,14,17,18,21,26,43,44,51,73,79,82,113,114" machi="73" ten="20,3900,0" yaku="0,1,7,1,52,1" doraHai="42" who="1" fromWho="1" sc="134,-14,346,42,270,-14,250,-14" /><INIT seed="1,2,0,1,5,11" ten="120,388,256,236" oya="1" hai0="0,134,25,96,10,43,24,58,48,80,90,46,125" hai1="56,84,116,117,127,94,36,79,29,131,86,105,42" hai2="110,97,32,54,111,103,17,47,76,15,9,135,108" hai3="37,16,31,71,60,121,70,28,124,126,33,40,52"/><U118/><E42/><V45/><F135/><W91/><G121/><T8/><D125/><N who="3" m="48233" /><G40/><T23/><D134/><U53/><E36/><V20/><F32/><W101/><G101/><T123/><D123/><U63/><E127/><V120/><F120/><W93/><G37/><T62/><D0/><U75/><E105/><N who="2" m="63727" /><F76/><W3/><G3/><T55/><D25/><U41/><E41/><V34/><F34/><W92/><G92/><T82/><D82/><U107/><E107/><V77/><F77/><W66/><G71/><T7/><D7/><U100/><E29/><V39/><F39/><W1/><G1/><T6/><D6/><U115/><E115/><V57/><F20/><W5/><G5/><T122/><D122/><U49/><E75/><V35/><F35/><W106/><G106/><T21/><D21/><U22/><E79/><V50/><AGARI ba="2,0" hai="9,15,17,45,47,50,54,57,108,110,111" m="63727" machi="50" ten="30,2000,0" yaku="14,1,52,1" doraHai="11" who="2" fromWho="2" sc="120,-7,388,-12,256,26,236,-7" /><INIT seed="2,0,0,1,4,121" ten="113,376,282,229" oya="2" hai0="12,20,67,95,34,7,52,24,56,80,131,30,118" hai1="15,55,102,108,14,116,60,11,46,77,51,89,21" hai2="81,41,70,85,43,5,13,86,123,122,132,98,66" hai3="23,111,127,36,134,35,75,48,69,27,97,9,32"/><V17/><F132/><W133/><G36/><T129/><D67/><U113/><E113/><V124/><F124/><W107/><G75/><T88/><D80/><U110/><E116/><V53/><F5/><W106/><G69/><T62/><D118/><U29/><E77/><V58/><F70/><W31/><G48/><T99/><D7/><U101/><E89/><V57/><F85/><W22/><G97/><T112/><D112/><U3/><E3/><V16/><F17/><W59/><G59/><T126/><D126/><U2/><E2/><V135/><F98/><W26/><G127/><T104/><D104/><U90/><E90/><N who="2" m="51535" /><F135/><N who="3" m="51723" /><G9/><T42/><D42/><U4/><E60/><N who="2" m="38159" /><F123/><W64/><G64/><T119/><D119/><U94/><E94/><V33/><F122/><W28/><G111/><N who="1" m="42538" /><E29/><V93/><F93/><W83/><G83/><T49/><REACH who="0" step="1"/><D62/><REACH who="0" ten="103,376,282,229" step="2"/><U87/><E4/><V8/><F43/><W1/><G1/><T19/><AGARI ba="0,1" hai="12,19,20,24,30,34,49,52,56,88,95,99,129,131" machi="19" ten="30,8000,1" yaku="1,1,2,1,0,1,54,2,53,0" doraHai="121" doraHaiUra="114" who="0" fromWho="0" sc="103,90,376,-20,282,-40,229,-20" /><INIT seed="3,0,0,0,3,45" ten="193,356,242,209" oya="3" hai0="18,65,92,3,63,110,112,96,124,4,73,38,71" hai1="125,10,99,5,52,50,42,40,94,102,37,113,109" hai2="6,130,13,127,126,34,29,47,23,122,19,7,36" hai3="21,14,55,104,111,103,64,93,86,28,46,26,105"/><W70/><G70/><T11/><D110/><U119/><E113/><V77/><F77/><W66/><G111/><T12/><D112/><U49/><E109/><V31/><F36/><W95/><G104/><T121/><D121/><U129/><E129/><V57/><F122/><W68/><G68/><T132/><D124/><N who="2" m="47658" /><F130/><W91/><G105/><T128/><D128/><U97/><E119/><V62/><F47/><W30/><G30/><N who="2" m="11273" /><F34/><W8/><G95/><T44/><D132/><U135/><E37/><V84/><F84/><W80/><G93/><T87/><D73/><U78/><E99/><V43/><F43/><N who="1" m="16425" /><E135/><V54/><AGARI ba="0,0" hai="6,7,13,19,23,54,57,62" m="11273,47658" machi="54" ten="30,1100,0" yaku="18,1" doraHai="45" who="2" fromWho="2" sc="193,-3,356,-3,242,11,209,-5" owari="190,-31.0,353,45.3,253,5.3,204,-19.6" /></mjloggm>