<mjloggm ver="2.3"><GO type="225" lobby="0"/><UN n0="%E6%9D%B1%E9%A2%A8%E3%81%AE%E3%81%8D%E3%82%83%E3%81%B7%E3%81%95%E3%82%93" n1="%E3%81%90%E3%81%A1%E3%82%84%E3%81%BE" n2="%E6%A0%B9%E5%85%83%E3%81%8B%E3%82%89%E5%90%B9%E3%81%A3%E9%A3%9B%E3%81%B6" n3="%E3%83%A9%E3%82%A4%E3%83%B3%E3%81%AE%E8%99%8E" dan="16,16,16,16" rate="2100.62,2123.95,2143.05,2148.49" sx="M,M,F,M"/><TAIKYOKU oya="0"/><INIT seed="0,0,0,3,5,41" ten="250,250,250,250" oya="0" hai0="122,10,132,99,25,9,135,130,43,58,32,124,8" hai1="89,75,118,51,48,126,119,77,1,65,27,56,128" hai2="114,100,116,66,6,12,125,15,0,87,52,55,107" hai3="28,34,113,84,74,3,64,105,134,69,115,102,36"/><T33/><D99/><U49/><E1/><V98/><F114/><W70/><G84/><T120/><D58/><U94/><E128/><V67/><F125/><W20/><G20/><T59/><D59/><U81/><E126/><V92/><F0/><W76/><G134/><N who="0" m="51243" /><D43/><U47/><E27/><V26/><F116/><W90/><G90/><T14/><D124/><U95/><E47/><V30/><F87/><W2/><G36/><T108/><D130/><U101/><E101/><V11/><F15/><W78/><G102/><T16/><D108/><U23/><E23/><N who="2" m="15711" /><F107/><W103/><G105/><T37/><D37/><U46/><E46/><V83/><F83/><W17/><G113/><T29/><D32/><U44/><E44/><V72/><F72/><W96/><G34/><T45/><D45/><U50/><E95/><V129/><F129/><W38/><G74/><T88/><D88/><U110/><E110/><V21/><F21/><AGARI ba="0,0" hai="8,9,10,14,16,21,25,29,33,120,122" m="51243" machi="21" ten="30,11600,0" yaku="20,1,34,2,54,1" doraHai="41" who="0" fromWho="2" sc="250,116,250,0,250,-116,250,0" /><INIT seed="0,1,0,1,5,121" ten="366,250,134,250" oya="0" hai0="114,105,98,16,111,127,74,88,14,84,38,78,6" hai1="51,30,89,97,112,128,47,53,73,91,15,43,64" hai2="90,46,87,60,2,33,23,95,125,115,42,40,120" hai3="57,26,70,132,104,94,133,56,119,48,8,20,35"/><T11/><D114/><U25/><E128/><V117/><F120/><W49/><G104/><T79/><D38/><U37/><E73/><V67/><F115/><W134/><G70/><T81/><D127/><U135/><E135/><V68/><F33/><W50/><G119/><T28/><D28/><U39/><E112/><V124/><F117/><W44/><G35/><T17/><D111/><U52/><E64/><V108/><F2/><W31/><G44/><T83/><REACH who="0" step="1"/><D78/><REACH who="0" ten="356,250,134,250" step="2"/><U54/><E39/><V18/><F108/><W12/><REACH who="3" step="1"/><G94/><REACH who="3" ten="356,250,134,240" step="2"/><T65/><D65/><U3/><E37/><V63/><F125/><W76/><G76/><T41/><D41/><U106/><E43/><V13/><F124/><W4/><AGARI ba="1,2" hai="4,8,12,20,26,31,48,49,50,56,57,132,133,134" machi="4" ten="40,5200,0" yaku="1,1,0,1,20,1,53,0" doraHai="121" doraHaiUra="71" who="3" fromWho="3" sc="356,-27,250,-14,134,-14,240,75" /><INIT seed="1,0,0,4,1,107" ten="329,236,120,315" oya="1" hai0="119,42,20,103,58,55,53,49,128,62,0,67,104" hai1="81,77,131,83,24,109,125,56,112,95,15,12,135" hai2="88,52,102,29,130,98,97,2,30,46,129,69,86" hai3="8,123,66,70,4,89,80,45,27,132,10,28,82"/><U93/><E112/><V72/><F69/><W120/><G132/><T47/><D0/><U25/><E135/><V57/><F2/><W37/><G8/><T94/><D104/><U106/><E106/><V18/><F46/><W87/><G82/><T122/><D119/><U19/><E131/><N who="2" m="50187" /><F18/><W40/><G66/><T31/><D122/><U117/><E117/><V26/><F102/><W133/><G70/><T116/><D116/><U105/><E105/><V21/><F30/><W36/><G36/><T90/><D128/><U54/><E125/><V38/><F38/><W118/><G133/><T73/><D73/><U35/><E109/><V39/><F39/><W111/><G111/><T75/><D75/><U108/><E108/><V5/><F5/><W101/><G101/><T127/><D127/><U11/><E19/><V50/><F72/><W76/><G89/><T33/><D33/><U91/><E91/><V32/><F32/><W124/><G124/><T79/><D79/><U14/><E77/><V115/><F115/><W41/><G41/><T110/><D103/><U100/><E35/><V34/><F34/><N who="3" m="20767" /><G118/><T78/><D78/><U1/><E1/><V48/><F48/><W126/><G126/><T16/><D31/><U92/><E11/><V65/><F65/><W43/><G40/><T121/><D110/><U59/><E100/><V85/><F86/><W68/><G68/><T134/><D134/><U51/><REACH who="1" step="1"/><E59/><REACH who="1" ten="329,226,120,315" step="2"/><V84/><F88/><W96/><G123/><T64/><D121/><U44/><E44/><V63/><F63/><W74/><G120/><T9/><D90/><RYUUKYOKU ba="0,1" sc="329,-15,226,15,120,15,315,-15" hai1="12,14,15,24,25,51,54,56,81,83,92,93,95" hai2="21,26,29,50,52,57,84,85,97,98" /><INIT seed="1,1,1,3,3,7" ten="314,241,135,300" oya="1" hai0="101,94,93,1,38,82,13,10,35,70,31,25,112" hai1="9,22,36,115,71,61,95,40,23,121,59,50,37" hai2="28,45,79,133,132,42,113,88,53,104,72,24,111" hai3="102,44,120,39,32,49,18,122,11,20,85,87,80"/><U52/><E115/><V77/><F111/><W86/><G32/><T131/><D70/><U21/><E121/><V124/><F113/><W58/><G102/><T74/><D38/><U2/><E95/><V30/><F104/><W105/><G105/><T75/><D131/><U26/><E26/><V129/><F129/><W5/><G39/><T46/><D1/><U65/><REACH who="1" step="1"/><E40/><REACH who="1" ten="314,231,135,300" step="2"/><V125/><F72/><W41/><G120/><T29/><D74/><U68/><E68/><V27/><F53/><W3/><G122/><T8/><D94/><U92/><E92/><V116/><F116/><W100/><G100/><T126/><D93/><U107/><E107/><V123/><F123/><W96/><G96/><T78/><D101/><U6/><AGARI ba="1,2" hai="2,6,9,21,22,23,36,37,50,52,59,61,65,71" machi="6" ten="30,11700,0" yaku="1,1,0,1,52,1,54,1,53,0" doraHai="7" doraHaiUra="43" who="1" fromWho="1" sc="314,-40,231,140,135,-40,300,-40" /><INIT seed="1,2,0,0,0,95" ten="274,371,95,260" oya="1" hai0="9,123,83,111,135,6,104,67,3,109,133,85,77" hai1="117,96,48,57,93,5,40,14,46,20,88,124,56" hai2="94,50,108,51,23,92,126,127,38,78,28,42,45" hai3="70,19,15,8,86,131,31,82,113,25,53,102,37"/><U29/><E117/><V119/><F119/><W114/><G70/><T100/><D67/><U125/><E5/><V13/><F108/><N who="0" m="41546" /><D123/><U39/><E39/><V79/><F38/><W0/><G37/><T60/><D60/><U84/><E84/><V69/><F69/><W120/><G120/><T27/><D27/><N who="1" m="16615" /><E14/><V63/><F63/><W115/><G131/><T11/><D11/><U106/><E106/><V98/><F126/><AGARI ba="2,0" hai="40,46,48,56,57,88,93,96,124,125,126" m="16615" machi="126" ten="30,5800,0" yaku="18,1,52,1,54,1" doraHai="95" who="1" fromWho="2" sc="274,0,371,64,95,-64,260,0" /><INIT seed="1,3,0,3,1,55" ten="274,435,31,260" oya="1" hai0="65,76,69,106,91,34,0,95,21,49,78,123,128" hai1="48,85,102,103,14,22,75,16,93,40,115,105,3" hai2="46,73,80,42,13,66,30,134,126,87,50,116,56" hai3="84,26,127,133,12,108,27,112,63,129,39,5,71"/><U64/><E75/><V101/><F116/><W47/><G112/><T36/><D106/><U114/><E3/><V37/><F134/><W77/><G108/><T113/><D34/><U90/><E114/><V68/><F126/><W67/><G133/><T107/><D36/><U25/><E105/><V17/><F101/><N who="1" m="38409" /><E115/><V74/><F30/><W125/><G129/><T38/><D107/><U130/><E130/><V110/><F110/><W11/><G84/><T96/><D38/><U88/><E64/><V135/><F135/><W109/><G77/><T7/><D0/><U57/><E90/><V10/><F68/><W32/><G109/><T35/><D113/><U82/><E40/><V44/><F44/><W23/><G32/><T15/><D35/><U6/><E82/><V2/><F2/><W1/><G1/><T24/><D69/><U72/><E72/><V131/><F131/><W54/><G39/><T92/><D123/><U119/><E119/><V118/><F118/><W29/><G27/><T60/><D65/><U70/><E70/><V117/><F117/><W58/><REACH who="3" step="1"/><G47/><REACH who="3" ten="274,435,31,250" step="2"/><T20/><D76/><U53/><E6/><V19/><F19/><W132/><G132/><T99/><D78/><U59/><E25/><V124/><F124/><W62/><AGARI ba="3,1" hai="5,11,12,23,26,29,54,58,62,63,67,71,125,127" machi="62" ten="30,4000,0" yaku="1,1,0,1,52,1,53,0" doraHai="55" doraHaiUra="89" who="3" fromWho="3" sc="274,-13,435,-23,31,-13,250,59" /><INIT seed="2,0,0,0,3,109" ten="261,412,18,309" oya="2" hai0="8,60,71,21,95,36,51,132,50,68,1,40,116" hai1="24,127,82,122,124,115,78,91,74,90,94,47,120" hai2="5,79,93,103,73,12,35,13,45,14,18,49,15" hai3="119,41,128,99,2,97,121,108,104,59,20,89,28"/><V113/><N who="2" m="3072" /><DORA hai="131" /><V48/><F35/><W10/><G119/><T6/><D95/><U26/><E47/><V130/><F130/><W54/><G121/><N who="1" m="46698" /><E115/><V69/><F69/><W62/><G108/><T33/><D21/><U101/><E101/><V135/><F135/><W77/><G77/><T17/><D17/><U117/><E117/><V42/><F113/><W118/><G128/><T19/><D19/><U86/><E91/><V31/><F5/><W133/><G118/><T81/><D81/><U39/><E39/><V105/><F18/><W37/><G104/><T61/><D36/><U96/><E74/><V100/><F31/><W56/><G89/><T67/><D33/><U53/><E53/><V3/><F3/><W70/><G70/><T106/><D106/><U29/><E24/><V76/><F73/><W80/><G80/><T22/><D22/><AGARI ba="0,0" hai="22,26,29,78,82,86,90,94,96,124,127" m="46698" machi="22" ten="30,1000,0" yaku="13,1" doraHai="109,131" who="1" fromWho="0" sc="261,-10,412,10,18,0,309,0" /><INIT seed="3,0,0,5,4,68" ten="251,422,18,309" oya="3" hai0="123,70,98,34,134,37,30,118,50,131,96,20,135" hai1="66,58,72,91,8,25,42,117,115,1,2,11,62" hai2="127,101,46,3,129,15,63,78,71,112,59,93,54" hai3="47,51,36,4,57,87,119,82,17,84,80,132,100"/><W128/><G119/><T97/><D118/><U48/><E115/><V103/><F3/><W83/><G128/><T35/><D123/><U85/><E117/><V75/><F112/><W69/><G69/><T65/><D50/><U26/><E72/><V86/><F129/><W14/><G132/><T19/><D131/><U106/><E106/><V89/><F127/><W38/><G4/><T120/><D120/><U90/><E1/><V108/><F108/><W0/><G0/><T40/><D30/><U22/><E2/><V126/><F126/><W79/><G57/><T23/><D65/><U56/><E91/><V33/><F33/><N who="0" m="12298" /><D70/><U60/><E48/><V32/><F32/><W95/><G83/><T45/><D19/><N who="1" m="12511" /><E26/><V12/><F71/><W39/><G95/><T21/><D45/><U13/><E13/><V7/><F46/><W121/><G100/><N who="2" m="38473" /><F7/><W122/><G82/><T64/><D64/><N who="1" m="38919" /><E42/><V67/><F75/><W18/><G87/><T105/><D105/><U52/><E66/><V114/><F114/><W27/><G27/><T113/><D113/><U5/><E5/><V116/><F116/><W44/><G18/><T109/><D109/><U9/><E9/><V88/><F78/><W99/><G47/><T16/><D16/><U55/><E55/><V76/><F76/><W53/><REACH who="3" step="1"/><G99/><REACH who="3" ten="251,422,18,299" step="2"/><T110/><D96/><U125/><E125/><V28/><F28/><W130/><G130/><T41/><D97/><U31/><E31/><V92/><F67/><W102/><G102/><T6/><D135/><U81/><AGARI ba="0,1" hai="8,11,52,58,62,81,85,90" m="38919,12511" machi="81" ten="30,2000,0" yaku="8,1,54,1" doraHai="68" who="1" fromWho="1" sc="251,-5,422,30,18,-5,299,-10" owari="246,-15.4,452,55.2,13,-48.7,289,8.9" /></mjloggm>