<mjloggm ver="2.3"><GO type="225" lobby="0"/><UN n0="%E3%81%90%E3%81%A1%E3%82%84%E3%81%BE" n1="%43%68%65" n2="%E6%9D%B1%E9%A2%A8%E3%81%AE%E3%81%8D%E3%82%83%E3%81%B7%E3%81%95%E3%82%93" n3="%E3%82%B3%E3%83%90%E3%83%AC%E3%82%A4" dan="16,16,16,16" rate="2117.34,2113.42,2121.67,2167.79" sx="M,M,M,M"/><TAIKYOKU oya="0"/><INIT seed="0,0,0,3,5,65" ten="250,250,250,250" oya="0" hai0="76,114,70,55,112,103,128,105,95,41,44,48,75" hai1="101,12,28,3,0,107,123,36,13,63,30,39,133" hai2="126,88,93,132,54,97,98,49,20,109,46,100,87" hai3="17,120,83,61,53,29,31,71,130,42,96,92,33"/><T77/><D105/><U99/><E123/><V108/><F126/><W24/><G120/><T25/><D128/><U5/><E133/><V119/><F132/><W62/><G130/><T15/><D75/><U72/><E72/><V90/><F119/><W1/><G1/><T135/><D135/><U27/><E30/><V10/><F20/><W118/><G42/><T69/><D25/><U134/><E134/><V117/><F117/><W86/><G29/><T19/><D114/><U21/><E63/><V37/><F37/><W23/><G118/><T57/><D112/><U2/><E5/><V9/><F90/><W47/><G71/><T40/><D40/><U79/><E79/><V56/><F46/><W50/><G31/><T81/><D77/><U84/><E84/><V22/><F22/><W26/><G26/><T102/><D81/><U74/><E74/><V6/><F98/><W111/><G33/><T78/><D78/><U82/><E82/><V80/><REACH who="2" step="1"/><F10/><REACH who="2" ten="250,250,240,250" step="2"/><W59/><G47/><T125/><D76/><U68/><E39/><V32/><F32/><W116/><G116/><T113/><D125/><U16/><E36/><V43/><F43/><W35/><G35/><T14/><D44/><U127/><E127/><V45/><F45/><W91/><G111/><T67/><D41/><U34/><E34/><V131/><F131/><W7/><G23/><T104/><D103/><U18/><E28/><V85/><F85/><W52/><G86/><T106/><D102/><U38/><E38/><V66/><F66/><W115/><G91/><T129/><D129/><U121/><E107/><RYUUKYOKU ba="0,1" sc="250,-10,250,-10,240,30,250,-10" hai2="6,9,49,54,56,80,87,88,93,97,100,108,109" /><INIT seed="1,1,1,2,5,37" ten="240,240,270,240" oya="1" hai0="0,119,87,23,102,103,47,104,7,12,110,64,16" hai1="20,38,112,99,94,68,106,134,115,133,43,22,17" hai2="70,116,6,25,118,108,39,114,90,29,33,44,79" hai3="5,130,3,13,73,129,71,83,127,88,52,126,15"/><U54/><E106/><V63/><F90/><W109/><G71/><T131/><D119/><U66/><E54/><V82/><F108/><W78/><G3/><T51/><D110/><U101/><E66/><V50/><F6/><W77/><G109/><T76/><D131/><N who="3" m="50185" /><G5/><T69/><D104/><U9/><E68/><V55/><F39/><W27/><G27/><T58/><D69/><U28/><E28/><V84/><F114/><N who="1" m="43561" /><E9/><V4/><REACH who="2" step="1"/><F4/><REACH who="2" ten="240,240,260,240" step="2"/><W34/><G78/><T46/><D7/><U125/><E38/><V75/><F75/><W41/><G77/><T80/><D0/><U30/><E133/><V113/><F113/><W32/><G73/><T100/><REACH who="0" step="1"/><D51/><REACH who="0" ten="230,240,260,240" step="2"/><U56/><E134/><V120/><F120/><W42/><G127/><T74/><D74/><U49/><E125/><V18/><F18/><W61/><G126/><T48/><D48/><U107/><E17/><V62/><F62/><AGARI ba="1,3" hai="12,16,23,46,47,58,62,64,76,80,87,100,102,103" machi="62" ten="40,8000,1" yaku="1,1,8,1,54,1,53,1" doraHai="37" doraHaiUra="72" who="0" fromWho="2" sc="230,113,240,0,260,-83,240,0" /><INIT seed="2,0,0,0,2,10" ten="343,240,177,240" oya="2" hai0="117,108,90,63,116,78,76,8,97,130,54,55,74" hai1="22,19,72,31,25,110,16,128,41,34,79,94,13" hai2="70,68,50,18,105,53,127,40,92,84,122,17,91" hai3="14,118,85,75,82,7,111,109,89,30,98,9,59"/><V77/><F105/><W32/><G118/><N who="0" m="45675" /><D108/><N who="3" m="41545" /><G75/><T135/><D130/><U51/><E110/><V104/><F104/><W49/><G32/><T119/><D135/><U35/><E128/><V62/><F122/><W61/><G30/><T6/><D119/><U64/><E64/><V29/><F127/><W39/><G39/><T0/><D74/><U4/><E4/><V42/><F29/><W129/><G49/><T21/><D21/><U126/><E126/><V93/><F77/><N who="0" m="29802" /><D63/><U36/><E36/><V43/><F92/><AGARI ba="0,0" hai="0,6,8,54,55,90,92,97" m="29802,45675" machi="92" ten="30,1000,0" yaku="12,1" doraHai="10" who="0" fromWho="2" sc="343,10,240,0,177,-10,240,0" /><INIT seed="3,0,0,0,2,22" ten="353,240,167,240" oya="3" hai0="88,40,58,81,98,124,131,64,99,7,104,100,109" hai1="10,63,94,119,114,96,77,103,93,79,123,4,113" hai2="126,62,11,85,111,97,130,86,112,121,14,18,45" hai3="16,95,107,9,61,48,65,5,75,38,3,46,67"/><W132/><G107/><T15/><D109/><U44/><E123/><V71/><F126/><W26/><G75/><T89/><D124/><U133/><E133/><V105/><F130/><W13/><G38/><T35/><D35/><U27/><E119/><V30/><F121/><W54/><G132/><T116/><D116/><U76/><E63/><V17/><F111/><W28/><G95/><T70/><D70/><U78/><E44/><V69/><F112/><W128/><G128/><T34/><D34/><U41/><E41/><V1/><F1/><W84/><G84/><T39/><D131/><U6/><E6/><V23/><F30/><W25/><G28/><T32/><D32/><U80/><E94/><V29/><F29/><W117/><G117/><T60/><D99/><U74/><REACH who="1" step="1"/><E27/><REACH who="1" ten="353,230,167,240" step="2"/><V101/><F45/><W57/><G67/><T83/><D40/><U55/><E55/><V56/><F71/><W53/><G65/><T43/><D43/><U73/><E73/><V20/><F69/><W37/><G37/><T120/><D39/><U19/><E19/><V82/><F82/><W24/><G3/><AGARI ba="0,1" hai="3,4,10,74,76,77,78,79,80,93,96,103,113,114" machi="3" ten="40,1300,0" yaku="1,1,53,0" doraHai="22" doraHaiUra="127" who="1" fromWho="3" sc="353,0,230,23,167,0,240,-13" owari="353,45.3,253,5.3,167,-33.3,227,-17.3" /></mjloggm>