<mjloggm ver="2.3"><GO type="225" lobby="0"/><UN n0="%E3%81%8B%E3%82%8F%E3%81%A1%E3%82%83%E3%82%93%35%38" n1="%E3%82%A4%E3%83%BC%E3%82%B1%E3%83%97%E3%83%A9" n2="%E9%A6%AC%E5%BC%95%E7%81%AB%33" n3="%70%6E%64%73%6E%67" dan="16,17,17,16" rate="2121.47,2210.83,2141.22,2112.30" sx="M,M,M,M"/><TAIKYOKU oya="0"/><INIT seed="0,0,0,5,5,13" ten="250,250,250,250" oya="0" hai0="42,78,41,74,71,92,38,95,128,6,47,24,49" hai1="133,27,7,62,14,117,19,48,124,75,122,32,40" hai2="77,125,98,23,116,59,109,114,90,118,104,121,66" hai3="33,103,113,70,91,5,10,50,96,94,107,21,18"/><T82/><D128/><U132/><E117/><N who="2" m="45163" /><F114/><W135/><G113/><T28/><D71/><U134/><E122/><V119/><N who="2" m="45171" /><V9/><DORA hai="108" /><F121/><W105/><G135/><T88/><D95/><U85/><E75/><V11/><F109/><W112/><G33/><T16/><D6/><U36/><E36/><V0/><F125/><W126/><G126/><T86/><D28/><N who="1" m="19487" /><E124/><V60/><F77/><W55/><G70/><T29/><D29/><U8/><E62/><V37/><F37/><W65/><G65/><T26/><D42/><U111/><E111/><V101/><F0/><W51/><G112/><T89/><D89/><U106/><E106/><V20/><F90/><W67/><G67/><T97/><D38/><U84/><E7/><V102/><F102/><W99/><G55/><T76/><D76/><U53/><E40/><V64/><F64/><W120/><G107/><T123/><D123/><U12/><E12/><V68/><F68/><W45/><G120/><T131/><D131/><U35/><E35/><V44/><F44/><AGARI ba="0,0" hai="8,14,19,44,48,53,84,85,132,133,134" m="19487" machi="44" ten="30,2000,0" yaku="20,1,52,1" doraHai="13,108" who="1" fromWho="2" sc="250,0,250,20,250,-20,250,0" /><INIT seed="1,0,0,2,2,22" ten="250,270,230,250" oya="1" hai0="1,93,129,116,61,81,88,113,98,62,49,92,78" hai1="54,16,53,107,109,14,0,50,13,9,15,126,39" hai2="52,90,114,83,125,86,25,74,64,31,18,130,122" hai3="77,102,112,26,35,101,3,72,27,134,104,32,76"/><U5/><E107/><V100/><F122/><W58/><G104/><T119/><D113/><U111/><E39/><V120/><F120/><W87/><G72/><T42/><D1/><U108/><E126/><V99/><F125/><W33/><G3/><T11/><D129/><U110/><N who="1" m="27648" /><DORA hai="57" /><U97/><E97/><V79/><F130/><W117/><G112/><T24/><D119/><U73/><E73/><V38/><F38/><W2/><G2/><T56/><D116/><U63/><E63/><N who="0" m="24073" /><D11/><N who="1" m="2471" /><E54/><V8/><F114/><W60/><G117/><T7/><D7/><U12/><E15/><V36/><F36/><W118/><G118/><T66/><D66/><U17/><E9/><V121/><F121/><W51/><G51/><T132/><D132/><U131/><E131/><V40/><F40/><W10/><G10/><T29/><D42/><U105/><E105/><V65/><F8/><W48/><G48/><T106/><D106/><U82/><E82/><V89/><F52/><W19/><G134/><T6/><D6/><U94/><E94/><V20/><F74/><W46/><G35/><N who="0" m="20903" /><D92/><U80/><E80/><V43/><F43/><W103/><G32/><T68/><D49/><U28/><E28/><V135/><F135/><W124/><G33/><T85/><D98/><U95/><E95/><N who="2" m="58495" /><F31/><W70/><G124/><T37/><D37/><U59/><AGARI ba="0,0" hai="12,13,14,16,17,50,53,59" m="2471,27648" machi="59" ten="60,11700,0" yaku="14,1,10,1,54,1" doraHai="22,57" who="1" fromWho="1" sc="250,-39,270,117,230,-39,250,-39" /><INIT seed="1,1,0,2,1,76" ten="211,387,191,211" oya="1" hai0="117,118,87,116,70,92,10,51,61,119,73,102,50" hai1="53,42,123,98,34,133,88,0,81,82,127,124,113" hai2="65,96,108,62,2,132,110,66,129,85,111,68,26" hai3="71,63,69,84,20,60,48,83,77,72,3,122,115"/><U67/><E113/><V4/><F132/><W18/><G115/><T107/><D73/><U56/><E123/><V104/><F129/><W112/><G112/><T89/><N who="0" m="29696" /><DORA hai="11" /><T21/><D21/><U29/><E0/><V64/><F85/><W109/><G122/><T125/><D125/><N who="1" m="48203" /><E133/><V14/><F2/><W79/><G109/><T19/><D107/><U12/><E67/><V37/><F37/><W40/><G3/><T106/><D106/><U128/><E42/><V33/><F14/><W55/><G40/><T120/><D120/><U38/><E38/><V78/><F78/><W90/><G69/><T31/><D31/><U46/><E46/><V99/><F99/><W25/><G71/><T17/><D102/><U101/><E88/><V52/><F52/><W97/><G77/><T131/><D131/><U23/><E34/><V75/><F75/><W49/><G49/><T91/><D91/><U105/><E128/><V59/><F4/><W36/><G36/><T9/><D19/><N who="1" m="10727" /><E29/><N who="2" m="19639" /><F59/><W114/><G114/><T28/><D28/><U86/><E86/><V15/><F15/><W103/><G72/><T32/><D32/><U134/><E134/><V39/><F39/><W57/><REACH who="3" step="1"/><G79/><REACH who="3" ten="211,387,191,201" step="2"/><T24/><D70/><U8/><E8/><V7/><F7/><W94/><AGARI ba="1,1" hai="18,20,25,48,55,57,60,63,83,84,90,94,97,103" machi="94" ten="20,12000,2" yaku="1,1,2,1,0,1,7,1,8,1,52,1,53,1" doraHai="76,11" doraHaiUra="6,54" who="3" fromWho="3" sc="211,-31,387,-61,191,-31,201,133" /><INIT seed="2,0,0,4,2,101" ten="180,326,160,334" oya="2" hai0="61,47,84,6,77,12,134,32,87,20,27,41,54" hai1="111,11,104,121,116,62,67,125,1,16,28,117,25" hai2="102,4,126,17,23,30,96,115,58,73,21,118,63" hai3="75,44,14,80,94,53,18,48,98,2,100,113,37"/><V124/><F118/><W89/><G113/><T90/><D32/><U71/><E111/><V39/><F115/><W129/><G129/><T35/><D35/><N who="1" m="20879" /><E125/><N who="2" m="48235" /><F39/><W51/><G2/><T15/><D134/><U110/><E110/><V10/><F73/><W133/><G133/><T93/><D6/><N who="1" m="1487" /><E121/><V46/><F46/><W5/><G5/><T31/><D61/><U50/><E50/><V66/><F30/><W131/><G131/><T0/><D0/><U103/><E16/><V52/><F66/><W24/><G24/><T74/><D54/><U13/><E13/><N who="0" m="5193" /><D74/><U83/><E83/><V109/><F109/><W105/><G37/><T130/><D130/><U60/><E60/><V72/><F72/><W97/><G51/><N who="0" m="27119" /><D77/><U99/><AGARI ba="0,0" hai="62,67,71,99,103,104,116,117" m="1487,20879" machi="99" ten="30,4000,0" yaku="25,1,23,1,52,1" doraHai="101" who="1" fromWho="1" sc="180,-10,326,40,160,-20,334,-10" /><INIT seed="3,0,0,2,1,55" ten="170,366,140,324" oya="3" hai0="68,120,45,8,129,83,130,27,21,51,110,30,117" hai1="58,28,81,102,53,122,44,50,61,10,121,39,79" hai2="98,62,132,126,118,135,17,111,31,77,70,119,25" hai3="11,71,86,95,106,127,114,69,3,67,108,91,47"/><W1/><G114/><T64/><D117/><N who="2" m="44554" /><F77/><W85/><G127/><T72/><D8/><U59/><E39/><V56/><F98/><W42/><G106/><T23/><D72/><U54/><E102/><V105/><F105/><W93/><G108/><T116/><D110/><U13/><E28/><V20/><F111/><W125/><G125/><T65/><D116/><U37/><E37/><V32/><F70/><W29/><G29/><T60/><D65/><U107/><E107/><V36/><F36/><W2/><G11/><T94/><D83/><U101/><E101/><V40/><F40/><W112/><G112/><T41/><D120/><U6/><E59/><V124/><F56/><W103/><G67/><T133/><D133/><N who="2" m="51274" /><F62/><W48/><REACH who="3" step="1"/><G103/><REACH who="3" ten="170,366,140,314" step="2"/><T109/><D109/><U88/><E88/><AGARI ba="0,1" hai="1,2,3,42,47,48,69,71,85,86,88,91,93,95" machi="88" ten="40,12000,1" yaku="1,1,2,1,9,1,54,1,53,0" doraHai="55" doraHaiUra="15" who="3" fromWho="1" sc="170,0,366,-120,140,0,314,130" owari="170,-23.0,246,4.6,140,-36.0,444,54.4" /></mjloggm>