<mjloggm ver="2.3"><GO type="225" lobby="0"/><UN n0="%4E%6F%2E%30%30%30%31" n1="%E3%81%B7%E3%83%BC%E3%82%84%E3%82%93" n2="%72%69%6F%75%63%68%61%6E" n3="%4B%2E%32%2E%4B%2E" dan="18,17,16,17" rate="2244.34,2172.91,2095.87,2196.11" sx="M,M,M,M"/><TAIKYOKU oya="0"/><INIT seed="0,0,0,2,5,121" ten="250,250,250,250" oya="0" hai0="45,60,5,117,110,50,58,55,25,125,124,33,90" hai1="11,53,120,16,37,69,59,1,51,61,32,40,13" hai2="127,17,24,6,93,67,63,42,75,46,130,19,105" hai3="94,111,83,131,65,73,82,101,119,98,0,44,18"/><T135/><D117/><U103/><E120/><V99/><F127/><N who="0" m="48714" /><D135/><U15/><E32/><V47/><F130/><W134/><G119/><T106/><D106/><U9/><E103/><V86/><F75/><W54/><G0/><T114/><D114/><U27/><E1/><V95/><F6/><W72/><G134/><T78/><D78/><U22/><E37/><V49/><F46/><W7/><G7/><T2/><D90/><U41/><E69/><V116/><F116/><W48/><G131/><T118/><D118/><U104/><E104/><V80/><F105/><W62/><G73/><T34/><D25/><U133/><E133/><V85/><F85/><W91/><G72/><T8/><D110/><U89/><E89/><V122/><F122/><W12/><G111/><T38/><D38/><U113/><E113/><V39/><F39/><W92/><G92/><T132/><D132/><U84/><E84/><V21/><F17/><W64/><G91/><T128/><D128/><U79/><E79/><N who="2" m="46367" /><F99/><W29/><G29/><T77/><D77/><U43/><E51/><V26/><F24/><W30/><G30/><T129/><D129/><U52/><E27/><V71/><F95/><W76/><G76/><T14/><D2/><U28/><E28/><V102/><F93/><W112/><G112/><T57/><D57/><N who="1" m="34983" /><E13/><V20/><F102/><W126/><G126/><T35/><D35/><U36/><E36/><V97/><F97/><W123/><G123/><T108/><D108/><U4/><E4/><V88/><F88/><W81/><G62/><T70/><D70/><U66/><E15/><RYUUKYOKU ba="0,0" sc="250,10,250,-30,250,10,250,10" hai0="5,8,14,33,34,45,50,55,58,60" hai2="19,20,21,26,42,47,49,63,67,71" hai3="12,18,44,48,54,64,65,81,82,83,94,98,101" /><INIT seed="0,1,0,5,1,58" ten="260,220,260,260" oya="0" hai0="48,25,87,21,3,63,91,71,99,67,77,72,76" hai1="135,56,133,112,47,126,98,14,57,43,36,12,17" hai2="129,134,111,35,52,45,113,114,30,27,42,84,23" hai3="96,80,44,7,15,83,0,62,55,73,120,39,51"/><T34/><D3/><U9/><E126/><V101/><F111/><W68/><G0/><T119/><D119/><U32/><E32/><V5/><F129/><W50/><G73/><T94/><D34/><U13/><E112/><V118/><F134/><N who="1" m="51209" /><E98/><V78/><F118/><W60/><G39/><T88/><D48/><U1/><E1/><V33/><F5/><W81/><G68/><T82/><REACH who="0" step="1"/><D72/><REACH who="0" ten="250,220,260,260" step="2"/><U117/><E117/><V41/><F33/><W108/><G108/><T130/><D130/><U121/><E121/><V93/><F35/><W97/><G120/><T4/><D4/><N who="1" m="3111" /><E13/><V70/><F114/><W69/><G51/><T105/><D105/><U20/><AGARI ba="1,1" hai="14,17,20,36,43,47,56,57" m="3111,51209" machi="20" ten="30,1100,0" yaku="20,1" doraHai="58" who="1" fromWho="1" sc="250,-6,220,24,260,-4,260,-4" /><INIT seed="1,0,0,4,5,125" ten="244,244,256,256" oya="1" hai0="127,112,106,124,25,115,130,80,87,60,104,119,29" hai1="20,84,2,117,30,102,107,132,21,68,53,77,42" hai2="79,12,31,17,15,26,114,71,81,51,18,111,24" hai3="8,85,49,3,39,128,28,118,69,74,48,43,64"/><U83/><E117/><V129/><F129/><W22/><G118/><T58/><D119/><U95/><E2/><V99/><F111/><W96/><G85/><T5/><D5/><U62/><E107/><N who="0" m="41001" /><D58/><N who="1" m="35151" /><E68/><V70/><F114/><N who="0" m="43562" /><D60/><U50/><E132/><V35/><F99/><W45/><G96/><T72/><D25/><U0/><E0/><V34/><F51/><W54/><G128/><T120/><D29/><U134/><E134/><V56/><F56/><W55/><G74/><T6/><D6/><U57/><E30/><V73/><F24/><W11/><G22/><N who="1" m="8810" /><E102/><V92/><F35/><W61/><G28/><T32/><D32/><U105/><E95/><V67/><F92/><W10/><G3/><T98/><D130/><U116/><E105/><V59/><F59/><N who="3" m="33223" /><G8/><T9/><D9/><U108/><E108/><V123/><F71/><W110/><G110/><T7/><D7/><U121/><E121/><V88/><F123/><W93/><G93/><T76/><D120/><U135/><E135/><V63/><F12/><W19/><G19/><T46/><D98/><U36/><E36/><V4/><F15/><W133/><G133/><T113/><N who="0" m="43570" /><T131/><DORA hai="1" /><D131/><U97/><E97/><V86/><F4/><W44/><AGARI ba="0,0" hai="10,11,39,43,44,45,49,55,61,64,69" m="33223" machi="44" ten="30,1100,0" yaku="24,1" doraHai="125,1" who="3" fromWho="3" sc="244,-3,244,-5,256,-3,256,11" /><INIT seed="2,0,0,1,5,125" ten="241,239,253,267" oya="2" hai0="126,123,93,110,80,129,118,99,44,42,53,17,95" hai1="7,105,0,83,19,74,4,128,34,31,108,131,23" hai2="121,101,68,127,63,104,5,112,102,46,18,43,39" hai3="61,73,58,117,30,13,2,130,37,82,32,89,115"/><V67/><F112/><W8/><G117/><T124/><D123/><U35/><E105/><V86/><F121/><W119/><G119/><T64/><D118/><U84/><E74/><V134/><F127/><N who="0" m="48682" /><D110/><U78/><E108/><V116/><F134/><W50/><G37/><T133/><D64/><U28/><E28/><V12/><F116/><W120/><G120/><T29/><D29/><U75/><E75/><V60/><F104/><W132/><G132/><T96/><D53/><U76/><E78/><V65/><F86/><W15/><G2/><T79/><D17/><U40/><E40/><V71/><REACH who="2" step="1"/><F5/><REACH who="2" ten="241,239,243,267" step="2"/><N who="1" m="2121" /><E0/><V70/><F70/><W52/><G73/><N who="0" m="43119" /><D133/><U81/><E81/><V107/><F107/><W92/><G82/><T88/><D129/><N who="1" m="49739" /><E31/><V85/><F85/><W20/><G130/><T24/><D95/><U109/><E109/><V54/><F54/><W59/><G92/><T22/><D93/><U62/><E62/><V33/><F33/><W57/><G32/><T97/><D97/><U11/><E11/><AGARI ba="0,1" hai="11,12,18,39,43,46,60,63,65,67,68,71,101,102" machi="11" ten="30,5800,0" yaku="1,1,7,1,9,1,53,0" doraHai="125" doraHaiUra="25" who="2" fromWho="1" sc="241,0,239,-58,243,68,267,0" /><INIT seed="2,1,0,5,4,101" ten="241,181,311,267" oya="2" hai0="19,64,96,108,10,50,102,83,41,39,32,92,38" hai1="13,75,112,100,45,71,72,130,29,51,126,106,110" hai2="114,69,16,42,118,105,56,82,97,2,125,52,53" hai3="98,36,0,54,25,55,77,7,57,40,26,43,107"/><V65/><F114/><W123/><G123/><T109/><D32/><U31/><E112/><V34/><F118/><W37/><G77/><T115/><D115/><U80/><E110/><N who="0" m="42601" /><D64/><U30/><E71/><V24/><F2/><W22/><G0/><T5/><D19/><U59/><E126/><V8/><F125/><W85/><G7/><T121/><D121/><U76/><E130/><V135/><F135/><W49/><G85/><T60/><D60/><U14/><E59/><V23/><F34/><W122/><G122/><T89/><D41/><U117/><E75/><V81/><F42/><W116/><G116/><T129/><D50/><U93/><E93/><V58/><F69/><W127/><G127/><T27/><D27/><U124/><E117/><V95/><F105/><W12/><G12/><N who="0" m="5199" /><D129/><U33/><E33/><V48/><F65/><W111/><G111/><T3/><D3/><U15/><E124/><V104/><F104/><W17/><G26/><T86/><AGARI ba="1,0" hai="38,39,83,86,89,92,96,102" m="5199,42601" machi="86" ten="30,1100,0" yaku="14,1" doraHai="101" who="0" fromWho="0" sc="241,14,181,-4,311,-6,267,-4" /><INIT seed="3,0,0,2,1,74" ten="255,177,305,263" oya="3" hai0="119,29,117,79,98,67,76,110,12,70,11,114,47" hai1="41,49,16,23,123,129,106,31,53,60,85,28,108" hai2="96,84,27,42,78,35,15,46,112,7,64,61,82" hai3="30,72,40,91,103,8,93,80,0,131,122,20,130"/><W17/><G122/><T50/><D110/><U44/><E123/><V26/><F112/><W4/><G30/><T51/><D114/><U38/><E129/><N who="3" m="49162" /><G40/><T118/><D29/><U43/><E106/><V13/><F96/><N who="3" m="59791" /><G91/><T94/><D67/><U99/><E108/><V65/><F65/><W113/><G113/><T116/><D70/><U6/><E6/><V125/><F125/><W102/><G102/><T69/><D69/><U89/><E99/><V59/><F35/><W52/><G52/><T21/><D21/><U63/><E41/><V32/><F32/><W56/><G56/><T135/><D135/><U66/><E66/><V127/><F127/><W19/><G20/><T37/><D37/><U120/><E120/><V88/><F88/><W77/><AGARI ba="0,0" hai="0,4,8,17,19,72,77,80" m="59791,49162" machi="77" ten="30,3000,0" yaku="19,1,52,1" doraHai="74" who="3" fromWho="3" sc="255,-10,177,-10,305,-10,263,30" /><INIT seed="3,1,0,3,1,101" ten="245,167,295,293" oya="3" hai0="68,86,35,128,107,36,93,27,2,99,29,38,66" hai1="33,10,1,37,131,65,0,26,24,11,14,3,84" hai2="20,112,88,51,94,82,120,105,83,113,4,12,106" hai3="95,97,62,39,115,32,30,63,6,44,134,135,100"/><W76/><G115/><T104/><D128/><U129/><E65/><V56/><F120/><W78/><G6/><T130/><D130/><N who="1" m="49675" /><E84/><N who="2" m="52487" /><F106/><N who="0" m="40490" /><D86/><U122/><E37/><N who="0" m="14441" /><D93/><U54/><E54/><N who="2" m="31839" /><F105/><W79/><G30/><T8/><D99/><U42/><E42/><V41/><F41/><N who="3" m="22591" /><G32/><T17/><D17/><N who="1" m="8407" /><E122/><V28/><F112/><W46/><G46/><T49/><D49/><U22/><E33/><V87/><F113/><W116/><G116/><T40/><D40/><U110/><E110/><V127/><F127/><W74/><G74/><T52/><D52/><U7/><E26/><N who="2" m="16455" /><F87/><W72/><G72/><T67/><D67/><U59/><E59/><V92/><F92/><W81/><G81/><T119/><D119/><U132/><E132/><AGARI ba="1,0" hai="62,63,76,78,79,95,97,100,132,134,135" m="22591" machi="132" ten="30,1500,0" yaku="20,1" doraHai="101" who="3" fromWho="1" sc="245,0,167,-18,295,0,293,18" owari="245,-15.5,149,-35.1,295,9.5,311,41.1" /></mjloggm>