<mjloggm ver="2.3"><GO type="225" lobby="0"/><UN n0="%E3%81%AF%E3%82%88%E3%81%8A%E3%81%98%E3%81%95%E3%82%93" n1="%E6%97%A5%E6%9B%9C%E6%97%A5%E3%82%88%E3%82%8A%E3%81%AE%E4%BD%BF%E8%80%85" n2="%E3%81%82%E3%81%84%E3%81%82%E3%81%8A%E3%81%84" n3="%72%65%6E%6B%75%6E" dan="16,17,18,17" rate="2189.02,2193.90,2202.19,2210.92" sx="M,M,M,M"/><TAIKYOKU oya="0"/><INIT seed="0,0,0,0,5,111" ten="250,250,250,250" oya="0" hai0="80,83,99,93,105,21,102,57,52,81,48,130,87" hai1="127,68,33,37,92,49,123,131,4,56,12,94,106" hai2="79,50,13,90,18,91,1,70,15,40,135,28,45" hai3="5,16,129,51,110,82,46,96,100,38,118,6,86"/><T134/><D130/><U31/><E106/><V113/><F1/><W98/><G38/><T76/><D134/><U19/><E68/><V109/><F70/><W43/><G110/><T73/><D21/><U25/><E37/><V101/><F109/><W132/><G118/><T27/><D27/><U23/><E123/><V66/><F66/><W97/><G100/><T41/><D41/><U89/><E131/><V47/><F135/><W20/><G132/><T120/><D120/><U69/><E69/><V0/><F0/><W125/><G125/><T108/><D108/><U35/><E127/><V30/><F101/><W126/><G126/><T61/><D61/><U22/><E4/><V133/><F133/><W77/><REACH who="3" step="1"/><G129/><REACH who="3" ten="250,250,250,240" step="2"/><T107/><REACH who="0" step="1"/><D81/><REACH who="0" ten="240,250,250,240" step="2"/><U104/><E104/><V34/><F34/><W67/><G67/><T119/><D119/><U59/><E35/><V84/><F30/><W124/><G124/><T14/><D14/><AGARI ba="0,2" hai="5,6,14,16,20,43,46,51,77,82,86,96,97,98" machi="14" ten="40,5200,0" yaku="1,1,8,1,54,1,53,0" doraHai="111" doraHaiUra="55" who="3" fromWho="0" sc="240,-52,250,0,250,0,240,72" /><INIT seed="1,0,0,0,2,97" ten="188,250,250,312" oya="1" hai0="113,118,18,104,28,42,20,36,82,3,16,127,43" hai1="31,108,34,39,120,101,96,114,92,52,77,8,75" hai2="10,68,35,135,88,129,102,41,51,134,73,19,37" hai3="80,121,24,117,6,38,87,109,13,64,71,32,1"/><U98/><E114/><V79/><F68/><W84/><G38/><T131/><D113/><U59/><E120/><V112/><F112/><W125/><G1/><T106/><D118/><U62/><E39/><V105/><F35/><W132/><G121/><T40/><D36/><U7/><E108/><V94/><F37/><W54/><G109/><T99/><D3/><U83/><E96/><V107/><F129/><W12/><G64/><T47/><D47/><U15/><E31/><V17/><F79/><W100/><G71/><T4/><D4/><U9/><E8/><V67/><F67/><W30/><G84/><T33/><D131/><U2/><REACH who="1" step="1"/><E34/><REACH who="1" ten="188,240,250,312" step="2"/><V58/><F10/><N who="3" m="4183" /><G30/><T110/><D110/><U103/><E103/><V78/><F102/><W128/><G100/><T90/><D33/><U45/><E45/><V93/><F134/><W55/><G32/><T74/><D28/><U85/><E85/><V56/><F135/><W48/><G128/><T0/><D74/><U61/><E61/><V72/><F72/><W69/><G87/><T22/><D99/><U119/><E119/><V124/><F73/><W133/><G117/><T63/><D63/><U11/><E11/><V49/><F124/><W91/><G125/><T50/><D127/><U89/><E89/><V66/><F88/><W70/><G132/><T26/><D50/><U29/><E29/><V126/><F126/><W123/><G48/><T46/><D46/><U130/><E130/><V21/><F51/><W44/><G44/><T111/><D111/><U95/><E95/><V116/><F49/><W86/><G133/><RYUUKYOKU ba="0,1" sc="188,-10,240,30,250,-10,312,-10" hai1="2,7,9,15,52,59,62,75,77,83,92,98,101" /><INIT seed="1,1,1,3,1,128" ten="178,270,240,302" oya="1" hai0="64,48,107,73,50,11,33,117,4,97,99,93,110" hai1="124,20,96,55,126,56,7,46,113,94,31,36,10" hai2="16,69,78,119,62,63,58,79,103,39,112,5,75" hai3="1,121,65,25,32,61,100,132,86,18,21,116,70"/><U127/><E113/><V60/><F119/><W129/><G121/><T95/><D117/><U87/><E87/><V135/><F39/><W54/><G1/><T47/><D33/><U28/><E20/><V51/><F69/><W123/><G123/><T122/><D122/><U67/><E67/><V19/><F112/><W71/><G116/><T74/><D64/><U14/><E46/><V22/><F5/><W15/><G129/><T8/><D47/><U77/><E77/><N who="2" m="29195" /><F75/><W35/><G100/><T30/><D4/><U106/><E106/><V34/><F34/><W108/><G71/><T92/><D107/><U115/><E36/><V59/><F103/><W23/><G108/><T130/><D30/><U49/><REACH who="1" step="1"/><E115/><REACH who="1" ten="178,260,240,302" step="2"/><V104/><F104/><W82/><G35/><T109/><D95/><U12/><E12/><V38/><F38/><W114/><G32/><T66/><D66/><U131/><E131/><AGARI ba="1,2" hai="8,11,48,50,73,74,92,93,97,99,109,110,130,131" machi="131" ten="25,1600,0" yaku="22,2" doraHai="128" who="0" fromWho="1" sc="178,39,260,-19,240,0,302,0" /><INIT seed="2,0,0,4,5,37" ten="217,241,240,302" oya="2" hai0="105,130,50,31,83,38,125,104,0,88,65,119,60" hai1="68,29,96,13,10,45,112,117,72,103,78,97,4" hai2="21,11,73,129,133,116,100,113,121,66,110,120,42" hai3="135,132,57,93,24,6,82,69,32,111,33,64,14"/><V22/><F73/><W90/><G111/><T59/><D38/><U76/><E112/><V114/><F100/><W49/><G69/><T19/><D0/><U5/><E117/><V67/><F11/><N who="3" m="4471" /><G82/><T41/><D119/><U126/><E68/><V9/><F9/><W52/><G64/><T20/><D125/><U16/><E126/><V84/><F116/><W2/><G24/><T46/><D130/><U80/><E29/><V34/><F84/><N who="3" m="52423" /><G2/><T51/><D31/><U1/><E78/><V12/><F12/><W92/><G92/><T30/><D30/><U43/><E103/><V71/><F71/><W28/><G28/><T122/><D122/><U56/><E56/><V27/><F27/><W53/><G53/><T8/><D8/><N who="1" m="6183" /><E5/><V61/><F129/><W23/><G23/><T86/><D51/><U79/><E76/><V106/><F106/><W26/><G26/><AGARI ba="0,0" hai="19,20,26,41,46,50,59,60,65,83,86,88,104,105" machi="26" ten="30,3900,0" yaku="7,1,52,1,54,1" doraHai="37" who="0" fromWho="3" sc="217,39,241,0,240,0,302,-39" /><INIT seed="3,0,0,5,3,46" ten="256,241,240,263" oya="3" hai0="73,55,15,43,124,16,65,111,58,59,81,69,33" hai1="98,84,14,106,38,115,56,40,68,128,131,76,51" hai2="39,122,1,97,25,130,103,53,63,10,93,5,30" hai3="13,41,57,99,78,90,29,8,135,42,44,67,52"/><W119/><G135/><T91/><D33/><U79/><E115/><V34/><F130/><N who="1" m="49705" /><E68/><V62/><F39/><W110/><G119/><T95/><D69/><U32/><E32/><V19/><F122/><W45/><G78/><T105/><D105/><U74/><E74/><V101/><F101/><W48/><G29/><T117/><D117/><U50/><E14/><V107/><F107/><W28/><G28/><T82/><D73/><U118/><E118/><V96/><F96/><W133/><G133/><T100/><D43/><N who="3" m="16393" /><G67/><T22/><D100/><N who="1" m="62743" /><E84/><V36/><F36/><W108/><G108/><T3/><D3/><U11/><E11/><V0/><F0/><W64/><G64/><T114/><D124/><U54/><E38/><V109/><F109/><W89/><G110/><T125/><D114/><U4/><E4/><V80/><F80/><W26/><G26/><T102/><D102/><U134/><E134/><V9/><F53/><W27/><G27/><T121/><D125/><U18/><E18/><V35/><F35/><W94/><G90/><T127/><D121/><U77/><E40/><V120/><F120/><W49/><G49/><AGARI ba="0,0" hai="49,50,51,54,56,76,77,79" m="62743,49705" machi="49" ten="30,7700,0" yaku="19,1,52,3" doraHai="46" who="1" fromWho="3" sc="256,0,241,77,240,0,263,-77" owari="256,5.6,318,41.8,240,-16.0,186,-31.4" /></mjloggm>