<mjloggm ver="2.3"><GO type="225" lobby="0"/><UN n0="%E9%A6%AC%E5%BC%95%E7%81%AB%33" n1="%E7%99%BD%E5%80%89%E5%AF%9B%E4%B9%8B" n2="%E6%A0%B9%E5%85%83%E3%81%8B%E3%82%89%E5%90%B9%E3%81%A3%E9%A3%9B%E3%81%B6" n3="%E6%A3%AE%E5%B1%B1%E7%94%B0%E7%9B%B4%E5%A4%AA%E6%9C%97%E4%B9%8B%E4%BB%8B" dan="16,16,16,16" rate="2120.71,2194.02,2140.44,2159.41" sx="M,M,F,M"/><TAIKYOKU oya="0"/><INIT seed="0,0,0,3,4,132" ten="250,250,250,250" oya="0" hai0="76,34,33,90,103,124,9,55,44,67,133,115,14" hai1="24,116,100,45,23,64,11,105,3,127,120,57,89" hai2="101,25,98,47,122,121,7,56,96,35,43,75,109" hai3="131,134,63,5,4,85,70,114,59,65,79,130,38"/><T110/><D115/><U82/><E116/><V61/><F109/><W6/><G114/><T48/><D133/><U60/><E120/><V88/><F75/><W53/><G134/><T18/><D110/><U8/><E3/><V73/><F73/><W102/><G38/><T111/><D111/><U117/><E117/><V0/><F0/><W119/><G102/><T22/><D76/><U91/><E105/><V10/><F35/><W83/><REACH who="3" step="1"/><G119/><REACH who="3" ten="250,250,250,240" step="2"/><T113/><D113/><U112/><E100/><V46/><F101/><W66/><G66/><T78/><D67/><U37/><E112/><V2/><F122/><W20/><G20/><T77/><D33/><U71/><E37/><V92/><F121/><W108/><G108/><T32/><D32/><U39/><E39/><V15/><F2/><W58/><G58/><T106/><D34/><U49/><E71/><V86/><F46/><W93/><G93/><T99/><D22/><U80/><E80/><V28/><F47/><W54/><G54/><T129/><D129/><U123/><E82/><V19/><F43/><W51/><AGARI ba="0,1" hai="4,5,6,51,53,59,63,65,70,79,83,85,130,131" machi="51" ten="30,7900,0" yaku="1,1,0,1,53,2" doraHai="132" doraHaiUra="126" who="3" fromWho="3" sc="250,-39,250,-20,250,-20,240,89" /><INIT seed="1,0,0,2,5,48" ten="211,230,230,329" oya="1" hai0="89,39,53,46,100,64,125,65,115,84,63,81,82" hai1="102,28,95,71,68,92,13,58,6,5,70,122,37" hai2="76,20,75,80,4,106,134,104,99,85,83,54,113" hai3="10,59,121,114,17,14,26,1,24,94,47,108,50"/><U74/><E74/><V91/><F134/><W40/><G121/><T38/><D115/><U128/><E37/><V7/><F113/><W90/><G114/><T98/><D125/><U127/><E122/><V112/><F112/><W62/><G108/><T109/><D109/><U103/><E127/><V8/><F20/><W66/><REACH who="3" step="1"/><G1/><REACH who="3" ten="211,230,230,319" step="2"/><T117/><D117/><U29/><E128/><V129/><F129/><W72/><G72/><T42/><D38/><U79/><E70/><V12/><F4/><W52/><G52/><T105/><REACH who="0" step="1"/><D82/><REACH who="0" ten="201,230,230,319" step="2"/><U25/><E71/><V43/><F80/><W88/><G88/><T2/><D2/><U11/><E68/><V69/><F69/><W124/><G124/><T78/><D78/><U3/><E79/><V111/><F111/><W19/><G19/><T96/><D96/><AGARI ba="0,2" hai="10,14,17,24,26,40,47,50,59,62,66,90,94,96" machi="96" ten="30,3900,0" yaku="1,1,7,1,8,1,53,0" doraHai="48" doraHaiUra="35" who="3" fromWho="0" sc="201,-39,230,0,230,0,319,59" /><INIT seed="2,0,0,1,4,127" ten="162,230,230,378" oya="2" hai0="99,44,45,61,82,121,12,40,39,72,124,32,71" hai1="105,133,88,78,41,85,43,103,0,54,14,132,125" hai2="55,110,130,91,31,86,15,104,83,48,126,113,59" hai3="65,17,94,16,2,13,22,81,109,33,7,97,47"/><V35/><F110/><W129/><G109/><T18/><D121/><U107/><E0/><V34/><F113/><W106/><G106/><N who="1" m="40458" /><E103/><V68/><F68/><W76/><G129/><T122/><D122/><U74/><E125/><V69/><F69/><W53/><G33/><T49/><D124/><U116/><E116/><V46/><F126/><W102/><G65/><T21/><D32/><U115/><E115/><V4/><F104/><W50/><G2/><T66/><D99/><U89/><E74/><V36/><F31/><W27/><G7/><T58/><D44/><U51/><E78/><V135/><F135/><N who="1" m="51785" /><E14/><V95/><F130/><W56/><G47/><T93/><D93/><N who="1" m="54415" /><E89/><V25/><F25/><W64/><G64/><T8/><D82/><U28/><E28/><V67/><F83/><W37/><G37/><T38/><D72/><U134/><N who="1" m="51793" /><U120/><DORA hai="114" /><E120/><V98/><F86/><N who="3" m="48423" /><G17/><T101/><D101/><U60/><E60/><V20/><F36/><W11/><G27/><T10/><REACH who="0" step="1"/><D39/><REACH who="0" ten="152,230,230,378" step="2"/><U111/><E111/><V108/><F108/><W29/><G29/><T23/><D23/><AGARI ba="0,1" hai="11,13,16,22,23,50,53,56,94,97,102" m="48423" machi="23" ten="30,2000,0" yaku="8,1,54,1" doraHai="127,114" who="3" fromWho="0" sc="152,-20,230,0,230,0,378,30" /><INIT seed="3,0,0,5,0,27" ten="132,230,230,408" oya="3" hai0="14,130,37,122,101,68,108,52,22,110,10,112,90" hai1="120,0,95,85,75,82,87,57,11,116,105,77,99" hai2="51,17,118,134,35,6,12,16,78,129,98,43,94" hai3="132,133,128,107,42,104,54,121,84,21,119,91,109"/><W111/><G42/><T36/><D122/><U114/><E114/><V67/><F35/><W70/><G70/><T58/><D112/><U28/><E105/><V86/><F129/><W30/><G54/><T59/><D68/><U38/><E38/><V9/><F67/><W123/><G21/><T15/><D130/><U4/><E116/><V45/><F134/><N who="3" m="51819" /><G30/><T89/><D22/><U26/><E57/><V72/><F72/><W92/><G128/><T63/><D101/><U131/><E120/><N who="3" m="46154" /><G119/><T46/><D10/><U8/><E8/><V5/><F5/><W79/><G79/><T40/><D40/><U20/><E131/><V49/><F49/><W115/><G115/><T33/><D33/><U56/><E56/><V125/><F118/><W103/><G103/><AGARI ba="0,0" hai="0,4,11,20,26,28,75,77,82,85,87,95,99,103" machi="103" ten="30,2000,0" yaku="7,1,52,1" doraHai="27" who="1" fromWho="3" sc="132,0,230,20,230,0,408,-20" owari="132,-36.8,250,5.0,230,-17.0,388,48.8" /></mjloggm>