<mjloggm ver="2.3"><GO type="225" lobby="0"/><UN n0="%E3%81%BF%E3%81%BF%E3%81%9A" n1="%72%69%6F%75%63%68%61%6E" n2="%E6%98%93%E5%88%A9%E8%96%A9%E4%BC%AF" n3="%73%61%6B%6F%EF%BC%A0%E6%9C%80" dan="18,16,17,17" rate="2253.54,2212.13,2177.74,2162.70" sx="M,M,F,M"/><TAIKYOKU oya="0"/><INIT seed="0,0,0,5,5,70" ten="250,250,250,250" oya="0" hai0="54,8,108,25,80,7,10,103,61,23,92,45,85" hai1="106,129,0,122,110,3,37,36,135,75,116,111,65" hai2="100,71,62,102,68,15,11,9,77,133,4,109,67" hai3="123,134,28,83,51,41,113,91,98,34,121,95,99"/><T55/><D108/><N who="1" m="41515" /><E106/><V125/><F109/><W105/><G134/><T82/><D45/><U1/><E116/><V89/><F125/><W13/><G113/><T87/><D103/><U74/><E122/><N who="3" m="46602" /><G83/><T57/><D55/><U44/><E65/><V120/><F120/><W63/><G63/><T127/><D127/><U60/><E60/><V132/><F77/><W46/><G13/><T66/><D66/><U26/><E135/><N who="2" m="51787" /><F68/><W19/><G19/><T114/><D114/><U21/><E129/><V93/><F11/><N who="0" m="4138" /><D7/><U69/><E69/><V78/><F78/><W118/><G118/><T32/><D32/><U130/><E130/><V96/><AGARI ba="0,0" hai="4,9,15,62,67,71,89,93,96,100,102" m="51787" machi="96" ten="30,1100,0" yaku="20,1" doraHai="70" who="2" fromWho="2" sc="250,-5,250,-3,250,11,250,-3" /><INIT seed="1,0,0,2,5,58" ten="245,247,261,247" oya="1" hai0="79,9,86,65,3,42,129,107,14,135,83,93,133" hai1="118,68,32,40,6,55,121,89,123,22,101,105,45" hai2="46,41,78,38,15,116,120,64,10,76,60,20,122" hai3="26,71,37,69,2,74,131,28,80,19,52,4,59"/><U75/><E118/><V91/><F116/><W113/><G37/><T8/><D107/><U126/><E32/><V17/><F91/><W119/><G113/><T106/><D106/><U51/><E126/><V112/><F112/><W13/><G119/><T35/><D35/><U24/><E75/><V103/><F103/><W128/><G74/><T63/><D129/><N who="3" m="49737" /><G4/><T130/><D130/><U62/><E6/><V132/><F132/><N who="0" m="50762" /><D42/><U44/><E89/><V25/><F122/><W98/><G80/><T104/><D104/><U124/><E124/><V73/><F73/><W0/><G98/><T49/><D49/><U53/><E53/><V90/><F90/><W127/><G127/><T70/><D3/><N who="3" m="1065" /><G26/><T72/><D14/><U21/><E105/><V34/><F34/><W11/><G28/><T1/><D1/><U117/><E101/><V87/><F87/><W96/><G96/><T39/><D39/><U82/><E82/><V23/><F120/><W48/><AGARI ba="0,0" hai="11,13,19,48,52,59,69,71" m="1065,49737" machi="48" ten="30,2000,0" yaku="19,1,54,1" doraHai="58" who="3" fromWho="3" sc="245,-5,247,-10,261,-5,247,20" /><INIT seed="2,0,0,2,3,126" ten="240,237,256,267" oya="2" hai0="16,25,93,70,101,112,1,18,114,2,15,20,7" hai1="58,21,56,28,54,119,52,86,5,10,9,118,35" hai2="95,107,26,65,97,105,85,92,133,132,84,39,62" hai3="120,88,36,124,69,34,89,45,75,110,115,73,131"/><V11/><F39/><W100/><RYUUKYOKU type="yao9" ba="0,0" sc="240,0,237,0,256,0,267,0" hai3="34,36,45,69,73,75,88,89,100,110,115,120,124,131" /><INIT seed="2,1,0,3,2,100" ten="240,237,256,267" oya="2" hai0="61,35,9,18,88,93,80,15,22,23,104,76,8" hai1="26,20,49,43,116,99,41,30,91,92,106,86,105" hai2="25,72,40,45,68,110,46,51,103,28,128,114,107" hai3="122,44,58,52,98,1,78,124,73,119,117,31,16"/><V81/><F114/><W10/><G122/><T64/><D35/><U109/><E116/><V102/><F68/><W0/><G31/><T75/><D104/><U42/><E109/><V63/><F128/><W90/><G44/><T6/><D61/><U29/><E29/><V126/><F126/><W115/><G73/><T101/><D101/><U121/><E121/><V48/><F110/><W95/><G78/><T11/><D64/><U56/><REACH who="1" step="1"/><E99/><REACH who="1" ten="240,227,256,267" step="2"/><V84/><F28/><W130/><G117/><T113/><D113/><U3/><E3/><V14/><F72/><W96/><G119/><T85/><REACH who="0" step="1"/><D23/><REACH who="0" ten="230,227,256,267" step="2"/><U17/><E17/><V50/><F102/><W60/><G115/><T59/><D59/><U47/><E47/><V108/><F46/><W33/><G33/><T71/><D71/><U12/><E12/><AGARI ba="1,2" hai="6,8,9,11,12,15,18,22,75,76,80,85,88,93" machi="12" ten="30,3900,0" yaku="1,1,7,1,54,1,53,0" doraHai="100" doraHaiUra="97" who="0" fromWho="1" sc="230,62,227,-42,256,0,267,0" /><INIT seed="3,0,0,4,0,24" ten="292,185,256,267" oya="3" hai0="32,134,3,27,46,20,105,122,4,101,65,86,71" hai1="31,47,128,125,119,133,88,60,111,29,42,33,72" hai2="39,117,67,97,126,0,106,48,10,25,73,87,7" hai3="131,16,40,79,23,92,54,30,18,120,55,75,21"/><W49/><G120/><T112/><D20/><U1/><E1/><V91/><F39/><W129/><G23/><T51/><D86/><U118/><E72/><V6/><F73/><W52/><G92/><T5/><D5/><U109/><E33/><V74/><F74/><W76/><G30/><N who="1" m="11274" /><E125/><V44/><F7/><W114/><G18/><T84/><D84/><U63/><E128/><N who="3" m="49226" /><G114/><T82/><D27/><U115/><E133/><V19/><F67/><W17/><G17/><T62/><D65/><U113/><E88/><V132/><F132/><W57/><G40/><T58/><D32/><U96/><E96/><V64/><F64/><W53/><G75/><T80/><D134/><U116/><E113/><V99/><F106/><W38/><G38/><T130/><D112/><U135/><E135/><V89/><F99/><W50/><G50/><T35/><D130/><U98/><E98/><V110/><F97/><W107/><G107/><T104/><D35/><U85/><E115/><V66/><F91/><W78/><G79/><T108/><D105/><U124/><E124/><V77/><F89/><W15/><AGARI ba="0,0" hai="15,16,21,49,52,53,54,55,57,76,78" m="49226" machi="15" ten="30,6000,0" yaku="19,1,54,2" doraHai="24" who="3" fromWho="3" sc="292,-20,185,-20,256,-20,267,60" owari="272,7.2,165,-33.5,236,-16.4,327,42.7" /></mjloggm>