<mjloggm ver="2.3"><GO type="225" lobby="0"/><UN n0="%E3%83%81%E3%83%A7%E3%83%99%E3%83%83%E3%82%AF" n1="%70%6E%64%73%6E%67" n2="%E6%98%93%E5%88%A9%E8%96%A9%E4%BC%AF" n3="%E5%91%A8%E6%9D%B1" dan="16,16,17,17" rate="2074.71,2116.63,2148.48,2176.36" sx="M,M,F,M"/><TAIKYOKU oya="0"/><INIT seed="0,0,0,4,2,62" ten="250,250,250,250" oya="0" hai0="110,70,26,81,54,75,92,33,41,121,114,93,65" hai1="19,108,66,82,7,113,39,17,23,30,9,90,16" hai2="52,109,112,42,72,11,133,118,91,12,103,74,129" hai3="4,87,111,48,84,99,2,5,13,0,68,36,63"/><T55/><D114/><U28/><E108/><V24/><F112/><W67/><G36/><T27/><D121/><U50/><E39/><V127/><F109/><W64/><G111/><T86/><D75/><U8/><E113/><V25/><F129/><W29/><G29/><N who="1" m="11370" /><E50/><V45/><F133/><W61/><G48/><T76/><D33/><U116/><E116/><V21/><F103/><W96/><G13/><T130/><D130/><U115/><E115/><V132/><F127/><W56/><G56/><T49/><D70/><AGARI ba="0,0" hai="0,2,4,5,61,63,64,67,68,70,84,87,96,99" machi="70" ten="25,6400,0" yaku="22,2,52,2" doraHai="62" who="3" fromWho="0" sc="250,-64,250,0,250,0,250,64" /><INIT seed="1,0,0,0,0,116" ten="186,250,250,314" oya="1" hai0="108,86,130,26,66,73,105,33,87,129,89,60,82" hai1="29,42,125,10,113,101,103,11,128,114,57,109,9" hai2="25,43,79,56,8,74,3,49,120,64,95,17,31" hai3="98,32,22,78,131,126,65,132,12,135,72,0,92"/><U121/><E128/><N who="0" m="49257" /><D33/><U34/><E125/><V62/><F120/><W67/><G0/><T14/><D26/><U1/><E1/><V27/><F95/><W46/><G32/><T112/><D14/><U55/><E42/><V7/><F79/><W23/><G78/><N who="0" m="44367" /><D60/><U16/><E16/><V80/><F80/><W45/><G72/><T122/><D66/><U20/><E20/><V39/><F74/><W106/><G126/><T134/><D112/><U99/><E109/><V47/><F17/><W19/><G106/><T102/><D108/><U88/><E121/><V6/><F6/><W81/><G81/><T41/><D41/><U48/><E113/><V118/><F118/><W100/><G131/><T104/><D122/><U77/><E77/><V13/><F13/><W44/><G23/><T52/><D52/><U117/><E114/><V83/><F83/><W123/><G123/><T4/><D4/><U15/><E15/><V59/><REACH who="2" step="1"/><F31/><REACH who="2" ten="186,250,240,314" step="2"/><W2/><G2/><T75/><D75/><U36/><E117/><V94/><F94/><W71/><G12/><T85/><D134/><U91/><E29/><V119/><F119/><W58/><G135/><T111/><D111/><U115/><E115/><V38/><F38/><W133/><G132/><T54/><D54/><AGARI ba="0,1" hai="3,7,8,25,27,39,43,47,49,54,56,59,62,64" machi="54" ten="40,2600,0" yaku="1,1,53,1" doraHai="116" doraHaiUra="51" who="2" fromWho="0" sc="186,-26,250,0,240,36,314,0" /><INIT seed="2,0,0,3,5,31" ten="160,250,276,314" oya="2" hai0="111,97,12,5,120,24,126,110,128,22,49,60,3" hai1="62,100,48,27,86,38,132,41,81,43,26,15,20" hai2="96,29,75,46,119,7,66,114,44,13,131,59,91" hai3="35,39,28,25,54,92,82,14,10,80,18,56,117"/><V72/><F114/><W6/><G117/><T135/><D49/><U50/><E132/><V127/><F127/><W65/><G39/><T30/><D60/><U124/><E124/><V17/><F131/><W88/><G65/><T99/><D99/><U77/><E100/><V55/><F7/><W123/><G6/><T36/><D97/><U121/><E121/><V58/><F29/><W93/><G93/><T70/><D70/><U0/><E0/><V21/><F66/><W68/><G68/><T122/><D36/><U104/><E104/><V107/><F59/><W116/><G116/><T37/><D37/><U23/><E62/><V47/><F119/><W40/><G40/><N who="1" m="15434" /><E38/><V106/><F107/><W8/><G8/><N who="0" m="2111" /><D126/><U118/><E15/><V102/><REACH who="2" step="1"/><F91/><REACH who="2" ten="160,250,266,314" step="2"/><W69/><G69/><T61/><D61/><AGARI ba="0,1" hai="13,17,21,44,46,47,55,58,61,72,75,96,102,106" machi="61" ten="40,3900,0" yaku="1,1,2,1,53,0" doraHai="31" doraHaiUra="133" who="2" fromWho="0" sc="160,-39,250,0,266,49,314,0" /><INIT seed="2,1,0,3,3,96" ten="121,250,315,314" oya="2" hai0="28,32,11,107,103,126,62,3,21,73,61,95,101" hai1="4,45,82,124,39,125,13,58,130,131,77,34,53" hai2="78,0,59,2,128,102,35,98,48,41,19,54,12" hai3="7,16,33,88,90,123,115,63,22,86,70,122,94"/><V26/><F128/><N who="1" m="49193" /><E34/><V42/><F78/><W27/><G115/><T110/><D107/><U85/><E4/><V112/><F112/><W30/><G7/><T81/><D32/><U29/><E29/><V108/><F108/><W65/><REACH who="3" step="1"/><G90/><REACH who="3" ten="121,250,315,304" step="2"/><T119/><D110/><U8/><E125/><V10/><F2/><W132/><G132/><T24/><D119/><U129/><E129/><V99/><F0/><W60/><G60/><T49/><D126/><U20/><E124/><V92/><F35/><W23/><G23/><T109/><D109/><U68/><E20/><N who="2" m="13599" /><F99/><W44/><G44/><T9/><D3/><U84/><E45/><V118/><F118/><W117/><G117/><T134/><D134/><U114/><E114/><V5/><AGARI ba="1,1" hai="5,10,12,41,42,48,54,59,92,98,102" m="13599" machi="5" ten="30,3000,0" yaku="8,1,52,1" doraHai="96" who="2" fromWho="2" sc="121,-11,250,-11,315,43,304,-11" /><INIT seed="2,2,0,3,0,38" ten="110,239,358,293" oya="2" hai0="53,96,2,61,45,12,122,52,90,49,117,88,16" hai1="132,97,111,101,56,75,126,135,21,121,18,100,69" hai2="106,71,99,129,107,35,14,91,89,3,98,116,110" hai3="34,114,28,11,72,7,125,58,102,92,5,78,1"/><V44/><F116/><W48/><G114/><T109/><D2/><U39/><E69/><V73/><F3/><W8/><G125/><T133/><D109/><U0/><E126/><V27/><F71/><W32/><G28/><T13/><D133/><N who="1" m="51275" /><E111/><V29/><F129/><W33/><G78/><T108/><D108/><U70/><E70/><V134/><F134/><W119/><G72/><T37/><D122/><U112/><E112/><V113/><F113/><W130/><G130/><T94/><D37/><U131/><E75/><V15/><F73/><W60/><G119/><T6/><D6/><U54/><E131/><V9/><F15/><W20/><G20/><N who="0" m="11271" /><D13/><U74/><E74/><V82/><F44/><W84/><G34/><T40/><D117/><U55/><E39/><V43/><F107/><W47/><G33/><T51/><D61/><U104/><E121/><V118/><F106/><W123/><G32/><T31/><D31/><U103/><E0/><V64/><F29/><W46/><G60/><T115/><D115/><U10/><E10/><V42/><F9/><W19/><G8/><T79/><D79/><U127/><E127/><V128/><F128/><W76/><G11/><T26/><D26/><N who="1" m="14647" /><E54/><N who="0" m="21097" /><D51/><AGARI ba="2,0" hai="51,55,56,97,100,101,103,104" m="14647,51275" machi="51" ten="30,1000,0" yaku="20,1" doraHai="38" who="1" fromWho="0" sc="110,-16,239,16,358,0,293,0" /><INIT seed="3,0,0,3,4,124" ten="94,255,358,293" oya="3" hai0="127,125,132,39,135,97,40,11,32,38,36,92,126" hai1="20,85,71,13,35,94,80,68,14,128,74,103,7" hai2="62,101,25,107,82,77,0,26,42,105,91,61,46" hai3="18,65,118,88,2,53,63,5,110,60,131,27,87"/><W52/><G118/><T102/><D32/><U44/><E35/><V10/><F91/><W8/><G131/><T84/><D11/><U114/><E114/><V9/><F62/><W43/><G110/><T104/><D40/><U24/><E74/><V50/><F61/><W22/><G43/><T98/><D38/><U54/><E68/><V90/><F90/><W17/><G17/><T108/><D36/><U121/><E71/><V95/><F95/><W130/><G130/><T64/><D64/><U15/><E121/><V49/><F49/><W112/><G112/><T6/><D6/><U78/><E128/><V59/><F59/><W100/><G100/><T75/><D39/><U76/><E76/><V58/><F58/><W66/><G63/><T47/><D47/><U79/><E79/><V111/><F111/><W29/><G29/><T41/><D41/><U113/><E113/><V119/><F119/><W56/><REACH who="3" step="1"/><G66/><REACH who="3" ten="94,255,358,283" step="2"/><T96/><D75/><U4/><E103/><V99/><F105/><W23/><G23/><T116/><D116/><U3/><E4/><V57/><F107/><W133/><G133/><N who="0" m="51275" /><D108/><U33/><E7/><V106/><F42/><W31/><G31/><T1/><D1/><U115/><E3/><V28/><F0/><W120/><G120/><T34/><D34/><U21/><E33/><V51/><F28/><W123/><G123/><T48/><D48/><N who="1" m="28935" /><E115/><V81/><F51/><W109/><G109/><T37/><D37/><U45/><E21/><V93/><F50/><W134/><G134/><T83/><D104/><U30/><E45/><V89/><F46/><RYUUKYOKU ba="0,1" sc="94,10,255,10,358,-30,283,10" hai0="83,84,92,96,97,98,102,125,126,127" hai1="13,14,15,20,24,30,78,80,85,94" hai3="2,5,8,18,22,27,52,53,56,60,65,87,88" /><INIT seed="3,1,1,5,5,96" ten="104,265,328,293" oya="3" hai0="120,98,85,117,17,15,13,38,79,64,118,89,21" hai1="40,111,83,87,33,52,131,55,66,65,3,54,86" hai2="72,90,29,82,106,46,50,129,23,99,47,56,11" hai3="95,2,1,81,60,22,35,7,119,122,121,5,126"/><W107/><G107/><T10/><D120/><N who="3" m="46185" /><G95/><T41/><D118/><U109/><E33/><V92/><F106/><W32/><G81/><T134/><D134/><U84/><E3/><N who="3" m="1034" /><G60/><T103/><D38/><U100/><E131/><V6/><F129/><W8/><G119/><T42/><D79/><U14/><E40/><V44/><F82/><W30/><G126/><T45/><D64/><N who="1" m="24683" /><E14/><N who="2" m="5495" /><F72/><W125/><G125/><T49/><D117/><U115/><E115/><V27/><F56/><W48/><G48/><AGARI ba="1,1" hai="23,27,29,44,46,47,48,50,90,92,99" m="5495" machi="48" ten="30,1000,0" yaku="8,1" doraHai="96" who="2" fromWho="3" sc="104,0,265,0,328,23,293,-13" owari="104,-39.6,265,-13.5,351,45.1,280,8.0" /></mjloggm>