<mjloggm ver="2.3"><GO type="225" lobby="0"/><UN n0="%E6%A1%9C%E8%8A%B1%E9%96%83%E3%80%85" n1="%E6%81%A5%E6%99%92%E3%81%97" n2="%E6%A5%93%E4%BB%8B" n3="%41%6F%54" dan="16,17,17,16" rate="2138.50,2192.47,2085.99,2090.98" sx="M,M,M,M"/><TAIKYOKU oya="0"/><INIT seed="0,0,0,5,4,1" ten="250,250,250,250" oya="0" hai0="94,37,89,22,114,47,35,86,11,132,130,133,12" hai1="64,81,23,87,124,10,6,96,36,83,62,48,119" hai2="8,41,103,73,106,30,126,107,85,80,115,39,91" hai3="43,31,97,51,135,84,93,58,38,74,3,68,34"/><T128/><D35/><U95/><E124/><V56/><F115/><W45/><G74/><T88/><D114/><U129/><E129/><N who="0" m="49769" /><D22/><U109/><E109/><V67/><F126/><W120/><G120/><T66/><D66/><U99/><E36/><V53/><F67/><W27/><G135/><N who="0" m="51787" /><D89/><U29/><E119/><V78/><F30/><W77/><G68/><T65/><D65/><U59/><E23/><V17/><F103/><W60/><G34/><T7/><D47/><U19/><E29/><V46/><F17/><W70/><G31/><T123/><D37/><U134/><E19/><V118/><F118/><W14/><G70/><T113/><D113/><U105/><E134/><V101/><F101/><W76/><G38/><T110/><D110/><U131/><E131/><V82/><F8/><W49/><G45/><T75/><D75/><U24/><E64/><V127/><F127/><W69/><G69/><T108/><D108/><U54/><E59/><V4/><F4/><W13/><G58/><T112/><D112/><U42/><E6/><V40/><F40/><W121/><G43/><T15/><D123/><U21/><E10/><V79/><REACH who="2" step="1"/><F91/><REACH who="2" ten="250,250,240,250" step="2"/><W32/><G121/><T100/><D100/><U116/><E116/><V98/><F98/><W33/><G97/><T71/><D71/><U18/><E99/><V5/><F5/><W26/><G33/><T111/><D111/><U20/><E96/><V2/><F2/><AGARI ba="0,1" hai="2,7,11,12,15,86,88,94" m="51787,49769" machi="2" ten="30,11600,0" yaku="19,1,20,1,52,1,54,1" doraHai="1" who="0" fromWho="2" sc="250,126,250,0,240,-116,250,0" /><INIT seed="0,1,0,4,0,134" ten="376,250,124,250" oya="0" hai0="70,68,24,40,19,18,23,7,107,3,130,78,127" hai1="43,128,29,49,55,94,34,102,33,79,82,74,8" hai2="22,110,89,35,17,21,124,105,104,13,31,108,25" hai3="100,32,57,4,65,10,15,44,81,122,95,60,86"/><T75/><D107/><U121/><E121/><V2/><F89/><W80/><G32/><T114/><D114/><U14/><E128/><V67/><F67/><W1/><G122/><T5/><D130/><U52/><E43/><V106/><F2/><W77/><G1/><T37/><D19/><U76/><E76/><V36/><F36/><W109/><G109/><N who="2" m="42089" /><F22/><W98/><G81/><N who="0" m="45279" /><D7/><U50/><E102/><V88/><F88/><W73/><G73/><T54/><D54/><U115/><E94/><V46/><F46/><AGARI ba="1,0" hai="4,10,15,44,46,57,60,65,77,80,86,95,98,100" machi="46" ten="40,1300,0" yaku="8,1" doraHai="134" who="3" fromWho="2" sc="376,0,250,0,124,-16,250,16" /><INIT seed="1,0,0,0,2,58" ten="376,250,108,266" oya="1" hai0="36,91,68,27,64,30,135,10,88,126,105,125,80" hai1="119,21,0,1,62,6,38,77,103,24,45,107,79" hai2="97,39,74,81,23,31,43,76,122,16,8,71,37" hai3="34,82,133,57,56,86,70,100,46,110,102,67,127"/><U13/><E119/><V32/><F122/><W29/><G110/><T109/><D109/><U129/><E129/><V4/><F97/><W11/><G127/><N who="0" m="48651" /><D135/><U22/><E107/><V25/><F71/><W114/><G114/><T95/><D105/><U60/><E103/><V7/><F43/><W40/><G133/><T106/><D106/><U53/><E38/><V121/><F121/><W69/><G69/><T115/><D36/><U9/><E1/><V5/><REACH who="2" step="1"/><F8/><REACH who="2" ten="376,250,98,266" step="2"/><W28/><G11/><T112/><D10/><U84/><E0/><V47/><F47/><W2/><G46/><T20/><D68/><U66/><E45/><V55/><F55/><W44/><G44/><T50/><D64/><U131/><E53/><V15/><AGARI ba="0,1" hai="4,5,7,15,16,23,25,31,32,37,39,74,76,81" machi="15" ten="30,4000,0" yaku="1,1,0,1,54,1,53,0" doraHai="58" doraHaiUra="98" who="2" fromWho="2" sc="376,-10,250,-20,98,50,266,-10" /><INIT seed="2,0,0,0,5,20" ten="366,230,148,256" oya="2" hai0="40,77,128,83,90,98,58,116,38,119,97,131,36" hai1="96,45,39,4,48,126,6,113,10,129,114,56,7" hai2="0,69,2,120,121,111,78,8,51,1,67,115,104" hai3="100,24,23,95,109,79,43,9,22,12,52,62,26"/><V46/><F104/><W34/><G109/><T31/><D58/><U70/><E70/><V68/><F78/><W50/><G34/><T13/><D13/><U72/><E126/><V66/><F8/><W76/><G43/><T49/><D49/><U106/><E72/><V89/><F89/><W105/><G105/><T85/><D31/><U5/><E39/><N who="0" m="14889" /><D40/><U132/><E129/><N who="0" m="49737" /><D77/><N who="3" m="29769" /><G62/><T99/><AGARI ba="0,0" hai="83,85,90,97,98,99,116,119" m="49737,14889" machi="99" ten="40,1500,0" yaku="19,1" doraHai="20" who="0" fromWho="0" sc="366,15,230,-4,148,-7,256,-4" /><INIT seed="3,0,0,5,0,69" ten="381,226,141,252" oya="3" hai0="45,98,132,99,12,2,35,66,105,128,65,60,81" hai1="131,36,50,59,118,38,110,33,135,25,117,7,89" hai2="4,11,134,17,79,24,103,29,112,124,75,127,123" hai3="49,5,51,74,108,104,23,119,52,18,126,83,22"/><W39/><G119/><N who="1" m="45578" /><E110/><V26/><F103/><W87/><G104/><T96/><D12/><U20/><E131/><V14/><F79/><W53/><G74/><T56/><D45/><U121/><E121/><V54/><F54/><W80/><G126/><N who="2" m="48169" /><F75/><W57/><G108/><T13/><D35/><U76/><E33/><V82/><F82/><W61/><G5/><T95/><D2/><U84/><E76/><V97/><F97/><W34/><G34/><T92/><D132/><U116/><E7/><V31/><F112/><W6/><G6/><T106/><D81/><N who="1" m="49295" /><E135/><V47/><F47/><W129/><G61/><T9/><D128/><U3/><E3/><N who="2" m="415" /><F134/><W85/><G129/><T32/><D66/><U10/><E116/><V21/><F29/><W40/><G40/><T42/><D42/><U78/><E78/><V8/><F123/><W37/><G57/><T115/><D115/><U111/><E59/><V113/><F113/><W90/><G90/><T16/><D32/><U72/><E72/><V44/><F44/><W64/><G64/><T28/><D28/><U102/><E102/><V91/><F91/><W19/><AGARI ba="0,0" hai="18,19,22,23,37,39,49,51,52,53,80,83,85,87" machi="19" ten="25,18000,2" yaku="0,1,22,2,52,2,54,1" doraHai="69" who="3" fromWho="3" sc="381,-60,226,-60,141,-60,252,180" owari="321,12.1,166,-23.4,81,-41.9,432,53.2" /></mjloggm>