<mjloggm ver="2.3"><GO type="225" lobby="0"/><UN n0="%77%72%77%72%77%72%77%72" n1="%E3%82%8A%E3%81%93%E3%82%8A%E3%82%93%E3%81%94" n2="%E5%84%AA%40%41%42%43" n3="%E6%98%93%E5%88%A9%E8%96%A9%E4%BC%AF" dan="17,17,17,17" rate="2164.51,2241.81,2165.28,2195.69" sx="M,M,M,F"/><TAIKYOKU oya="0"/><INIT seed="0,0,0,4,0,83" ten="250,250,250,250" oya="0" hai0="54,17,87,1,22,63,131,42,86,94,41,6,101" hai1="58,93,46,102,107,72,104,38,74,16,65,49,11" hai2="59,67,55,114,99,78,121,79,120,33,71,105,115" hai3="13,75,60,98,28,108,50,116,52,117,129,0,64"/><T23/><D131/><U57/><E38/><V35/><F71/><W82/><G0/><T31/><D1/><U26/><E93/><V5/><F67/><W20/><G108/><T95/><D6/><U125/><E125/><V4/><F99/><W130/><G98/><N who="0" m="59607" /><D31/><U15/><E26/><V92/><F92/><W80/><G28/><T62/><D23/><U91/><E91/><V10/><F59/><W122/><G122/><N who="2" m="47209" /><F55/><W70/><G20/><T24/><D95/><U61/><E58/><V45/><F45/><W37/><G13/><T135/><D135/><U119/><E119/><V81/><F81/><W2/><G2/><T134/><D134/><U39/><E39/><V48/><F48/><W127/><G127/><T126/><D126/><U25/><E25/><V14/><F105/><W109/><G109/><T85/><D54/><U69/><E69/><V27/><F27/><W118/><G37/><T128/><D128/><N who="3" m="49257" /><G75/><T32/><D32/><N who="2" m="12362" /><F78/><W8/><G8/><T66/><D66/><U51/><E51/><V103/><F79/><W12/><G12/><T89/><D89/><U56/><E107/><V132/><F103/><W110/><G110/><T9/><D9/><U21/><E11/><N who="2" m="4455" /><F132/><W90/><G90/><T40/><AGARI ba="0,0" hai="17,22,24,40,41,42,62,63,85,86,87" m="59607" machi="40" ten="30,11700,0" yaku="8,1,52,3" doraHai="83" who="0" fromWho="0" sc="250,117,250,-39,250,-39,250,-39" /><INIT seed="0,1,0,5,1,105" ten="367,211,211,211" oya="0" hai0="32,24,22,118,52,72,59,20,25,70,51,4,85" hai1="123,86,127,1,120,117,26,23,46,6,112,17,93" hai2="107,53,18,92,0,37,131,2,68,103,49,47,75" hai3="34,89,109,16,61,111,88,69,79,115,91,87,13"/><T64/><D72/><U132/><E117/><V102/><F68/><W30/><G115/><T60/><D118/><U3/><E112/><V33/><F107/><W133/><G133/><T7/><D32/><U96/><E132/><V94/><F33/><W9/><G34/><T83/><D22/><U8/><E3/><V98/><F131/><W11/><G30/><T76/><REACH who="0" step="1"/><D24/><REACH who="0" ten="357,211,211,211" step="2"/><U97/><E26/><V40/><F75/><W99/><G11/><T114/><D114/><U135/><E23/><V119/><F119/><W44/><G111/><T56/><D56/><U58/><E58/><V81/><F47/><W41/><G109/><T19/><AGARI ba="1,1" hai="4,7,19,20,25,51,52,59,60,64,70,76,83,85" machi="19" ten="20,7800,0" yaku="1,1,0,1,7,1,54,1,53,0" doraHai="105" doraHaiUra="129" who="0" fromWho="0" sc="357,91,211,-27,211,-27,211,-27" /><INIT seed="0,2,0,2,3,51" ten="448,184,184,184" oya="0" hai0="54,132,5,76,82,83,10,86,31,104,105,100,113" hai1="101,111,74,130,12,123,38,43,68,66,45,53,88" hai2="42,39,0,134,16,127,77,112,7,46,55,37,110" hai3="34,36,27,49,89,97,119,1,41,21,115,126,73"/><T29/><D113/><U63/><E123/><V9/><F112/><W114/><G36/><T106/><D132/><U67/><E74/><V32/><F32/><W15/><G1/><T24/><D82/><U124/><E111/><V108/><F134/><W62/><G73/><T103/><D29/><U107/><E130/><V133/><F133/><W30/><G126/><T121/><D121/><U75/><E75/><V17/><F37/><W91/><G119/><T98/><D103/><U3/><E3/><V96/><F77/><W47/><G62/><T11/><D11/><U19/><E124/><V87/><F127/><W44/><G91/><T26/><D26/><U60/><E53/><V135/><F87/><W69/><G69/><T120/><D120/><U116/><E116/><V85/><F85/><W58/><G58/><T8/><D8/><U70/><E88/><V93/><F55/><W94/><G47/><T99/><D99/><U129/><E129/><V128/><F128/><W56/><G56/><T25/><D54/><U125/><E125/><V102/><REACH who="2" step="1"/><F135/><REACH who="2" ten="448,184,174,184" step="2"/><W22/><G34/><T122/><D122/><U109/><E109/><AGARI ba="2,1" hai="0,7,9,16,17,39,42,46,93,96,102,108,109,110" machi="109" ten="40,8000,1" yaku="1,1,2,1,14,1,54,1,53,1" doraHai="51" doraHaiUra="33" who="2" fromWho="1" sc="448,0,184,-86,174,96,184,0" /><INIT seed="1,0,0,4,0,77" ten="448,98,270,184" oya="1" hai0="6,65,40,107,41,124,131,0,54,113,101,35,23" hai1="24,64,30,5,74,85,130,83,95,118,27,88,17" hai2="135,8,19,92,31,82,121,47,110,80,33,53,97" hai3="75,93,105,44,104,18,36,67,81,72,48,45,2"/><U119/><E130/><V78/><F121/><W9/><G67/><T12/><D113/><U10/><E64/><V123/><F123/><W87/><G93/><T106/><D35/><U109/><E109/><V125/><F110/><W103/><G75/><T22/><D131/><U59/><E59/><V84/><F33/><W29/><G29/><T108/><D108/><U133/><E133/><V114/><F31/><W116/><G116/><T38/><D38/><U26/><E17/><V20/><F125/><W25/><G103/><T13/><D0/><U58/><E58/><V49/><F114/><W112/><G72/><T28/><D65/><U98/><E74/><V71/><F71/><W51/><G36/><T1/><D1/><U32/><E119/><V86/><F8/><W120/><G120/><T61/><D28/><U115/><E115/><V55/><F135/><W14/><G2/><T63/><D54/><U99/><E99/><V60/><F60/><W34/><G34/><T126/><D101/><U56/><E56/><V43/><F92/><W122/><G25/><T69/><D6/><U7/><E7/><V117/><F97/><W79/><G112/><T134/><D134/><U91/><REACH who="1" step="1"/><E118/><REACH who="1" ten="448,88,270,184" step="2"/><V62/><F117/><W73/><G73/><T68/><AGARI ba="0,1" hai="12,13,22,23,40,41,61,63,68,69,106,107,124,126" machi="68" ten="25,3200,0" yaku="0,1,22,2" doraHai="77" who="0" fromWho="0" sc="448,42,88,-16,270,-8,184,-8" /><INIT seed="2,0,0,1,2,86" ten="490,72,262,176" oya="2" hai0="30,7,50,32,126,29,67,106,109,107,61,91,77" hai1="27,135,69,2,53,19,43,68,132,82,40,13,22" hai2="123,58,12,112,25,18,99,49,74,1,95,125,54" hai3="0,24,133,84,120,97,76,110,94,21,113,11,23"/><V102/><F123/><W130/><G120/><T111/><D126/><U93/><E2/><V105/><F112/><W5/><G110/><N who="0" m="41995" /><D77/><U104/><E104/><N who="0" m="39977" /><D32/><U81/><E53/><V101/><F1/><W83/><G133/><T31/><D7/><U116/><E116/><V96/><F74/><W90/><G130/><T108/><D108/><U66/><E93/><V28/><F125/><W65/><G113/><T85/><D50/><U118/><E118/><V128/><F128/><W37/><G37/><T44/><D44/><U115/><E115/><V17/><REACH who="2" step="1"/><F12/><REACH who="2" ten="490,72,252,176" step="2"/><W124/><G124/><T89/><D85/><U36/><E13/><V4/><F4/><W34/><G5/><T6/><D6/><U3/><E3/><V73/><F73/><W56/><G84/><T78/><D78/><U117/><E117/><V55/><F55/><W129/><G76/><T59/><AGARI ba="0,1" hai="29,30,31,59,61,67,89,91" m="39977,41995" machi="59" ten="40,5200,0" yaku="14,1,52,2" doraHai="86" who="0" fromWho="0" sc="490,62,72,-13,252,-26,176,-13" /><INIT seed="3,0,0,1,0,28" ten="552,59,226,163" oya="3" hai0="99,7,56,60,47,112,68,82,124,30,135,101,41" hai1="49,85,1,72,18,24,130,36,44,8,10,118,53" hai2="40,39,31,110,115,20,93,128,23,116,11,43,2" hai3="0,63,77,134,81,58,89,6,104,14,91,79,120"/><W16/><G120/><T90/><D135/><U108/><E72/><V74/><F110/><W42/><G104/><T66/><D124/><U123/><E123/><V25/><F74/><W70/><G70/><T75/><D112/><U132/><E108/><V51/><F39/><W4/><G42/><T19/><D7/><U105/><E105/><V119/><F128/><W38/><G38/><T95/><D30/><U57/><E132/><V64/><F64/><W111/><G111/><T107/><D19/><U98/><E130/><V127/><F127/><W46/><G46/><T97/><D82/><U33/><E118/><V125/><F115/><W121/><G121/><T59/><D75/><U126/><E126/><V133/><F133/><W92/><G91/><T78/><D78/><N who="3" m="29705" /><G81/><T69/><D69/><U117/><E117/><V13/><F2/><W94/><G94/><T34/><D34/><U29/><E98/><V83/><F83/><W76/><G76/><T48/><AGARI ba="0,0" hai="41,47,48,56,59,60,66,68,90,95,97,99,101,107" machi="48" ten="20,1500,0" yaku="0,1,7,1" doraHai="28" who="0" fromWho="0" sc="552,15,59,-4,226,-4,163,-7" owari="567,66.7,55,-44.5,222,2.2,156,-24.4" /></mjloggm>