<mjloggm ver="2.3"><GO type="225" lobby="0"/><UN n0="%E3%81%AF%E3%82%88%E3%81%8A%E3%81%98%E3%81%95%E3%82%93" n1="%E5%B8%86%E7%AB%8B%E5%A4%8F%E8%A1%A3" n2="%E8%81%B7%E6%A5%AD%E3%80%81%E9%A2%A8%32" n3="%E3%81%95%E3%81%8D%E3%81%9F%E3%81%BE%E6%9E%97%E6%AA%8E" dan="17,17,16,16" rate="2136.73,2249.08,2145.79,2169.27" sx="M,M,M,M"/><TAIKYOKU oya="0"/><INIT seed="0,0,0,5,4,128" ten="250,250,250,250" oya="0" hai0="34,82,30,54,42,72,127,39,116,22,80,0,133" hai1="117,21,38,14,45,1,98,92,94,52,95,25,96" hai2="131,23,48,75,51,112,77,129,50,119,101,58,24" hai3="20,90,135,69,15,125,41,78,71,89,67,130,121"/><T59/><D116/><U35/><E1/><V109/><F109/><W88/><G130/><N who="2" m="49673" /><F112/><W79/><G121/><T36/><D0/><U120/><E117/><V106/><F101/><W61/><G41/><T6/><D34/><U84/><E120/><V113/><F106/><W3/><G3/><T11/><D127/><U65/><E35/><V132/><F113/><W108/><G108/><T134/><D11/><U44/><E38/><V17/><F119/><W126/><G71/><T53/><D6/><U57/><E65/><V29/><F77/><N who="3" m="29195" /><G20/><T47/><D36/><U107/><E14/><N who="2" m="9655" /><F75/><W46/><G15/><T10/><D10/><U9/><E107/><V93/><F93/><N who="1" m="35945" /><E84/><V105/><F105/><W43/><G43/><T62/><D53/><U115/><E9/><V124/><F124/><N who="3" m="47723" /><G46/><N who="1" m="18026" /><E115/><V118/><F118/><W97/><G97/><T28/><D72/><U76/><E76/><V74/><F74/><W99/><G99/><T70/><D70/><U83/><E83/><N who="0" m="31785" /><D22/><U13/><E13/><V73/><F73/><W37/><G37/><T123/><D123/><U8/><E8/><V114/><F114/><W4/><G4/><T68/><D68/><U87/><E87/><V111/><F111/><W2/><G2/><T7/><D7/><U91/><E98/><V86/><F86/><W16/><G16/><T104/><D104/><U60/><E21/><N who="2" m="15503" /><F58/><W85/><G85/><T18/><D18/><U102/><E102/><V64/><F64/><W81/><G81/><T5/><D5/><U55/><E25/><V103/><F103/><W40/><G40/><T122/><D122/><RYUUKYOKU ba="0,0" sc="250,0,250,0,250,0,250,0" hai0="28,30,39,42,47,54,59,62,133,134" hai1="52,55,57,60,91,95,96" hai2="48,50,51,132" hai3="61,67,69,88,89,90,135" /><INIT seed="0,1,0,0,0,79" ten="250,250,250,250" oya="0" hai0="88,117,58,68,8,60,62,115,53,42,127,6,38" hai1="97,7,80,75,64,10,46,67,33,131,27,120,56" hai2="84,102,109,132,119,94,31,19,30,13,121,28,72" hai3="128,55,18,2,3,66,82,89,129,41,111,108,22"/><T25/><D115/><U57/><E131/><N who="3" m="50250" /><G66/><T5/><D117/><U113/><E120/><V77/><F119/><W110/><G41/><T48/><D127/><U59/><E113/><V104/><F121/><W86/><G55/><T76/><D76/><U45/><E75/><V37/><F37/><W95/><G95/><T63/><D25/><AGARI ba="1,0" hai="2,3,18,22,25,82,86,89,108,110,111" m="50250" machi="25" ten="40,5200,0" yaku="14,1,19,1,52,1" doraHai="79" who="3" fromWho="0" sc="250,-55,250,0,250,0,250,55" /><INIT seed="1,0,0,1,4,117" ten="195,250,250,305" oya="1" hai0="72,124,40,87,102,57,53,68,113,69,135,34,134" hai1="97,133,129,99,38,67,54,104,130,101,55,48,82" hai2="107,112,77,13,127,103,43,65,100,64,120,23,21" hai3="17,98,56,28,0,106,11,116,15,49,122,96,125"/><U26/><E133/><N who="0" m="50697" /><D72/><U119/><E119/><V46/><F112/><W51/><G116/><T61/><D34/><U62/><E38/><V18/><F127/><W14/><G125/><T132/><N who="0" m="50705" /><T63/><DORA hai="75" /><D124/><U20/><E99/><V83/><F120/><W6/><G122/><T4/><D102/><U89/><E82/><V30/><F103/><W109/><G109/><T12/><D87/><U19/><E89/><V33/><F33/><W5/><G28/><T123/><D12/><U66/><E66/><V85/><F100/><W25/><G106/><T73/><D4/><U126/><E126/><V44/><F107/><W41/><G5/><T94/><D94/><U74/><E74/><V131/><F46/><N who="3" m="25807" /><G0/><T22/><D22/><U108/><E108/><V10/><F131/><N who="1" m="50185" /><E48/><N who="2" m="26655" /><F30/><W7/><G7/><T93/><D93/><U90/><E90/><V111/><F111/><W9/><G25/><T47/><D73/><U84/><E84/><V71/><F71/><AGARI ba="0,0" hai="19,20,26,54,55,62,67,71,97,101,104" m="50185" machi="71" ten="30,1500,0" yaku="19,1" doraHai="117,75" who="1" fromWho="2" sc="195,0,250,15,250,-15,305,0" /><INIT seed="1,1,0,5,0,72" ten="195,265,235,305" oya="1" hai0="59,128,77,98,131,64,74,106,15,73,127,85,123" hai1="28,29,88,120,34,3,121,46,47,0,24,78,104" hai2="117,102,97,101,61,134,12,42,70,62,13,66,40" hai3="37,60,8,86,108,110,33,1,27,84,4,52,45"/><U43/><E104/><V36/><F117/><W18/><G37/><T105/><D15/><U63/><E63/><V35/><F35/><W57/><G45/><T23/><D23/><U54/><E88/><V9/><F134/><W116/><G116/><T16/><D16/><U20/><E34/><V49/><F36/><W65/><G65/><T112/><D59/><U69/><E69/><V71/><F49/><W67/><G67/><T31/><D31/><U107/><E107/><N who="0" m="40969" /><D64/><U25/><E20/><V122/><F66/><W50/><G50/><T125/><D98/><U115/><E54/><V91/><F91/><W94/><G94/><T92/><D112/><U2/><E2/><V76/><F97/><W89/><G89/><N who="0" m="53295" /><D123/><U21/><E21/><V44/><F44/><W118/><G118/><T126/><D73/><U68/><E68/><V111/><F122/><W130/><G18/><T17/><D17/><U124/><E115/><V58/><F9/><W99/><G27/><T14/><D14/><U113/><E113/><V109/><REACH who="2" step="1"/><F58/><REACH who="2" ten="195,265,225,305" step="2"/><W90/><G57/><T48/><D48/><U7/><E46/><V6/><F6/><W93/><G4/><T10/><D10/><U87/><E7/><V83/><F83/><AGARI ba="1,1" hai="74,77,83,125,126,127,128,131" m="53295,40969" machi="83" ten="40,8000,1" yaku="18,1,34,2,52,1" doraHai="72" who="0" fromWho="2" sc="195,93,265,0,225,-83,305,0" /><INIT seed="2,0,0,0,5,13" ten="288,265,142,305" oya="2" hai0="122,55,6,91,116,32,21,53,81,131,49,72,36" hai1="42,119,117,120,107,22,115,101,58,51,17,95,126" hai2="16,15,109,94,134,96,57,97,54,69,123,64,30" hai3="125,20,5,24,41,73,59,31,77,135,118,78,80"/><V48/><F123/><W110/><G118/><T92/><D32/><U88/><E115/><V47/><F134/><W106/><G135/><T104/><D36/><U133/><E133/><V127/><F127/><W1/><G125/><T11/><D104/><U14/><E120/><V37/><F109/><W0/><G110/><T4/><D122/><U3/><E3/><V19/><F69/><W2/><G106/><T45/><D116/><U102/><E126/><V52/><F37/><W7/><G41/><T98/><D131/><U83/><E107/><V67/><F30/><W33/><G59/><T60/><D72/><U113/><E113/><V8/><F19/><W66/><G66/><N who="2" m="25129" /><F94/><W62/><G62/><AGARI ba="0,0" hai="8,15,16,47,48,52,54,57,62,96,97" m="25129" machi="62" ten="30,11600,0" yaku="8,1,52,1,54,2" doraHai="13" who="2" fromWho="3" sc="288,0,265,0,142,116,305,-116" /><INIT seed="2,1,0,5,4,64" ten="288,265,258,189" oya="2" hai0="44,110,36,108,4,17,31,72,116,12,30,7,37" hai1="122,51,134,91,9,104,38,123,23,130,78,33,28" hai2="8,56,133,70,86,77,58,74,73,121,11,83,0" hai3="75,15,120,40,105,97,6,88,87,115,128,62,19"/><V100/><F121/><N who="1" m="46089" /><E38/><N who="0" m="14953" /><D44/><U131/><E134/><V55/><F133/><W32/><G120/><T98/><D98/><U63/><E104/><V118/><F118/><W43/><G128/><N who="1" m="49194" /><E78/><V90/><F100/><W29/><G75/><T92/><D92/><U24/><E51/><V125/><F125/><W113/><G6/><N who="0" m="2091" /><D72/><U46/><E46/><V3/><F77/><W135/><G135/><T89/><D89/><U27/><E63/><V52/><F90/><W22/><G105/><T101/><D101/><U13/><E91/><V49/><F86/><W99/><G32/><T50/><D50/><U16/><E27/><V119/><F49/><W93/><G62/><T109/><D116/><U67/><E67/><V129/><F129/><W96/><REACH who="3" step="1"/><G29/><REACH who="3" ten="288,265,258,179" step="2"/><T1/><D1/><U81/><E81/><V34/><F119/><W53/><G53/><T47/><D47/><U80/><E80/><V2/><F2/><W59/><G59/><T48/><D48/><U124/><E124/><V84/><F83/><W39/><G39/><T106/><D106/><U25/><E25/><V85/><F34/><AGARI ba="1,1" hai="9,13,16,23,24,28,33,34" m="49194,46089" machi="34" ten="30,8000,1" yaku="13,1,19,1,34,2,54,1" doraHai="64" who="1" fromWho="2" sc="288,0,265,93,258,-83,179,0" /><INIT seed="3,0,0,0,1,78" ten="288,358,175,179" oya="3" hai0="10,61,4,35,7,84,62,111,30,97,134,1,121" hai1="68,120,109,131,117,11,80,122,116,132,82,47,55" hai2="124,29,60,107,85,77,23,36,87,45,91,27,112" hai3="19,119,98,17,49,37,69,64,48,6,76,22,96"/><W52/><G119/><N who="1" m="45642" /><E109/><V70/><F107/><W105/><G37/><T33/><D121/><N who="1" m="46699" /><E132/><V72/><F112/><W135/><G135/><T50/><D134/><U86/><E131/><V42/><F124/><W54/><G76/><T34/><D111/><U106/><E68/><V5/><F5/><W18/><G6/><T44/><D30/><U26/><E106/><V92/><F72/><W46/><G69/><T90/><D97/><N who="3" m="37481" /><G105/><T129/><D7/><U79/><E82/><N who="2" m="47311" /><F70/><W59/><G64/><T83/><REACH who="0" step="1"/><D129/><REACH who="0" ten="278,358,175,179" step="2"/><U21/><E11/><V101/><F36/><W41/><G41/><AGARI ba="0,1" hai="1,4,10,33,34,35,41,44,50,61,62,83,84,90" machi="41" ten="40,5200,0" yaku="1,1,2,1,52,1,53,0" doraHai="78" doraHaiUra="115" who="0" fromWho="3" sc="278,62,358,0,175,0,179,-52" owari="340,14.0,358,45.8,175,-22.5,127,-37.3" /></mjloggm>