<mjloggm ver="2.3"><GO type="225" lobby="0"/><UN n0="%4C%4F%4C%49%54%41" n1="%4B%2E%32%2E%4B%2E" n2="%E3%82%B3%E3%83%90%E3%83%AC%E3%82%A4" n3="%E3%82%BC%E3%83%AB%E3%83%80%E3%81%AE%E4%BC%9D%E8%AA%AC" dan="16,17,16,17" rate="2107.32,2168.40,2155.29,2146.65" sx="F,M,M,M"/><TAIKYOKU oya="0"/><INIT seed="0,0,0,3,5,123" ten="250,250,250,250" oya="0" hai0="34,98,119,14,122,28,78,46,96,120,90,4,94" hai1="13,58,97,114,65,124,31,121,35,8,67,0,86" hai2="57,5,77,22,131,116,130,7,41,15,100,18,76" hai3="129,75,72,50,29,132,112,105,36,69,89,43,1"/><T12/><D119/><U42/><E121/><V101/><F41/><W45/><G112/><T40/><D78/><N who="2" m="30314" /><F57/><W66/><G1/><T99/><D120/><U128/><E0/><V84/><F84/><W9/><G105/><T37/><D122/><U38/><E128/><N who="2" m="49195" /><F116/><W126/><G129/><T59/><D59/><U110/><E86/><V70/><F70/><W79/><G9/><T56/><D56/><U49/><E8/><N who="2" m="4511" /><F5/><W24/><G50/><T48/><D37/><U44/><E58/><V109/><F109/><W82/><G89/><T10/><REACH who="0" step="1"/><D14/><AGARI ba="0,0" hai="14,18,22,100,101" m="4511,49195,30314" machi="14" ten="30,1000,0" yaku="19,1" doraHai="123" who="2" fromWho="0" sc="250,-10,250,0,250,10,250,0" /><INIT seed="1,0,0,2,3,131" ten="240,250,260,250" oya="1" hai0="82,15,84,60,120,135,8,65,40,32,119,128,44" hai1="26,52,22,98,48,58,67,134,54,71,27,30,96" hai2="80,23,57,112,132,64,62,49,43,75,92,29,28" hai3="25,79,56,87,121,102,11,0,35,12,97,59,124"/><U88/><E134/><V99/><F132/><W130/><G0/><T19/><D128/><U81/><E71/><V42/><F112/><W2/><G2/><T39/><D32/><U95/><E67/><V122/><F122/><W51/><G121/><T86/><D120/><U90/><E27/><V24/><F28/><W133/><G130/><T50/><D135/><U129/><E129/><V110/><F49/><W36/><G36/><T94/><D119/><U73/><E54/><V34/><F34/><W93/><G133/><T111/><D111/><U74/><E81/><V66/><F66/><W77/><G124/><T105/><D105/><U101/><REACH who="1" step="1"/><E90/><REACH who="1" ten="240,240,260,250" step="2"/><V55/><F55/><W69/><G69/><T100/><D82/><U33/><E33/><V117/><F117/><W127/><G25/><T70/><D70/><U107/><AGARI ba="0,1" hai="22,26,30,48,52,58,73,74,88,95,96,98,101,107" machi="107" ten="20,12000,1" yaku="1,1,0,1,7,1,54,2,53,0" doraHai="131" doraHaiUra="68" who="1" fromWho="1" sc="240,-40,240,130,260,-40,250,-40" /><INIT seed="1,1,0,0,3,135" ten="200,370,220,210" oya="1" hai0="83,4,59,5,63,58,46,69,37,18,40,120,60" hai1="129,9,97,27,38,23,80,54,6,89,10,15,116" hai2="94,134,70,92,73,26,29,48,33,125,34,47,72" hai3="132,131,17,107,98,42,84,79,20,19,82,100,51"/><U110/><E116/><V128/><F70/><W99/><G132/><T103/><D69/><U3/><E38/><V52/><F134/><W75/><G131/><T0/><D120/><U28/><E129/><V114/><F128/><W126/><G126/><T22/><D0/><U53/><E110/><V78/><F125/><W67/><G67/><T86/><D103/><U111/><E111/><V74/><F78/><W57/><G98/><T96/><D96/><U31/><E31/><V117/><F117/><W123/><G123/><T2/><D2/><U118/><E118/><V77/><F77/><W85/><G17/><T87/><D59/><U105/><E80/><V55/><F114/><W41/><G57/><T68/><D63/><U133/><E133/><V122/><F122/><W61/><G61/><T66/><D58/><U36/><E36/><V43/><F34/><W21/><G21/><T12/><REACH who="0" step="1"/><D86/><REACH who="0" ten="190,370,220,210" step="2"/><U50/><E3/><V13/><F74/><W64/><G85/><T102/><D102/><U32/><E97/><V25/><F73/><W95/><G64/><T65/><D65/><U91/><E105/><V56/><F72/><W81/><G75/><T106/><D106/><U113/><E113/><V124/><F124/><W76/><G107/><T35/><D35/><U121/><E121/><V8/><F56/><W119/><G119/><T39/><D39/><U101/><E101/><V115/><F33/><W1/><G1/><T62/><D62/><U112/><E112/><V90/><F115/><W49/><G100/><T16/><D16/><U130/><E130/><V7/><F29/><RYUUKYOKU ba="1,1" sc="190,30,370,-10,220,-10,210,-10" hai0="4,5,12,18,22,37,40,46,60,66,68,83,87" /><INIT seed="2,2,1,1,4,69" ten="220,360,210,200" oya="2" hai0="31,33,86,77,68,97,46,108,115,9,91,56,41" hai1="35,88,103,117,42,15,70,40,51,36,67,63,114" hai2="22,131,50,37,119,60,47,57,4,90,13,58,116" hai3="83,10,105,78,76,27,133,80,128,94,72,113,122"/><V12/><F131/><W19/><G122/><T81/><D68/><U109/><E114/><V59/><F60/><W11/><G105/><T32/><D115/><U23/><E35/><V75/><F75/><W74/><G113/><T132/><D108/><U82/><E36/><V24/><F37/><W84/><G133/><T85/><D132/><U30/><E117/><V20/><F20/><W52/><G128/><T106/><D31/><U89/><E109/><V104/><F104/><W73/><G73/><T121/><D121/><U101/><E101/><V61/><F61/><W8/><G52/><T34/><D56/><U21/><E103/><V62/><F62/><W16/><G27/><T79/><D9/><U65/><E65/><V39/><F39/><W25/><G25/><T1/><D1/><U55/><E15/><V5/><F90/><AGARI ba="2,1" hai="8,10,11,16,19,72,74,76,78,80,83,84,90,94" machi="90" ten="40,2600,0" yaku="9,1,54,1" doraHai="69" who="3" fromWho="2" sc="220,0,360,0,210,-32,200,42" /><INIT seed="3,0,0,4,1,102" ten="220,360,178,242" oya="3" hai0="5,37,111,4,8,26,64,99,48,12,17,70,1" hai1="24,9,107,52,106,15,89,134,13,120,88,133,39" hai2="68,2,65,14,126,98,3,76,31,117,81,105,7" hai3="32,110,80,71,10,115,121,127,108,95,45,86,131"/><W40/><G71/><T66/><D37/><U27/><E39/><V21/><F117/><W72/><G32/><T93/><D111/><N who="3" m="42537" /><G121/><T28/><D48/><U96/><E52/><V18/><F126/><W100/><G10/><T58/><D70/><U57/><E57/><V44/><F44/><W104/><G115/><T101/><D58/><U90/><E120/><V43/><F43/><W118/><G118/><T103/><D103/><N who="1" m="62823" /><E107/><V38/><F38/><W125/><G131/><T113/><D113/><U51/><E51/><V94/><F105/><W56/><G56/><T23/><REACH who="0" step="1"/><D5/><REACH who="0" ten="210,360,178,242" step="2"/><U79/><E134/><V42/><F42/><W25/><G100/><T33/><AGARI ba="0,1" hai="1,4,8,12,17,23,26,28,33,64,66,93,99,101" machi="33" ten="20,12000,2" yaku="1,1,2,1,0,1,7,1,24,2,53,0" doraHai="102" doraHaiUra="112" who="0" fromWho="0" sc="210,130,360,-30,178,-30,242,-60" owari="340,44.0,330,13.0,148,-35.2,182,-21.8" /></mjloggm>