<mjloggm ver="2.3"><GO type="225" lobby="0"/><UN n0="%E9%BB%99%E8%81%B4%E3%81%AE%E3%81%99%E3%82%9D%E3%82%81" n1="%E6%98%93%E5%88%A9%E8%96%A9%E4%BC%AF" n2="%33%74%72%65%65" n3="%E3%81%86%E3%82%8D%E3%81%9F%E3%82%93%E3%81%91%E3%81%8A%E3%82%89%E3%81%B2" dan="16,17,17,16" rate="2110.51,2141.11,2190.16,2131.11" sx="M,F,F,M"/><TAIKYOKU oya="0"/><INIT seed="0,0,0,5,0,57" ten="250,250,250,250" oya="0" hai0="36,38,51,127,63,104,48,33,2,100,97,50,59" hai1="105,21,82,19,72,5,73,14,68,78,20,88,25" hai2="65,6,109,129,35,18,84,66,116,123,132,44,60" hai3="27,80,67,10,30,23,101,134,102,125,108,40,4"/><T31/><D2/><U113/><E105/><V55/><F123/><W124/><G108/><T121/><D121/><U114/><E68/><V52/><F109/><W11/><G134/><T98/><D127/><N who="3" m="48713" /><G67/><T26/><REACH who="0" step="1"/><D98/><REACH who="0" ten="240,250,250,250" step="2"/><U94/><E73/><V119/><F132/><W117/><G117/><T1/><D1/><U61/><E5/><V95/><F6/><W79/><G40/><T70/><D70/><U85/><REACH who="1" step="1"/><E61/><REACH who="1" ten="240,240,250,250" step="2"/><V90/><F60/><W13/><G11/><T110/><D110/><U128/><E128/><V17/><F129/><W118/><G118/><T122/><D122/><U93/><E93/><V58/><F95/><W126/><G126/><T83/><D83/><U45/><E45/><V91/><F44/><W12/><G12/><T75/><D75/><AGARI ba="0,2" hai="4,10,13,23,27,30,75,79,80,101,102" m="48713" machi="75" ten="30,1000,0" yaku="18,1" doraHai="57" who="3" fromWho="0" sc="240,-10,240,0,250,0,250,30" /><INIT seed="1,0,0,3,2,94" ten="230,240,250,280" oya="1" hai0="18,98,22,116,58,120,117,91,122,115,35,76,24" hai1="89,52,14,119,37,69,21,66,28,105,106,31,90" hai2="134,96,34,2,99,23,101,20,109,87,4,73,129" hai3="126,8,5,44,1,6,41,56,95,3,42,12,25"/><U49/><E37/><V51/><F34/><W50/><G126/><T77/><D58/><U55/><E119/><N who="0" m="45641" /><D35/><U62/><E55/><V110/><F73/><W71/><G71/><T127/><D127/><U38/><E38/><V17/><F129/><W75/><G75/><T32/><D32/><U57/><E31/><V29/><F134/><W61/><G42/><T112/><D91/><U46/><E69/><V113/><F113/><N who="0" m="43594" /><D98/><N who="2" m="37418" /><F101/><W85/><G25/><T7/><D7/><U84/><E90/><V13/><F87/><W26/><G26/><T131/><D131/><U36/><E36/><V93/><F93/><W123/><G6/><T45/><D45/><U33/><E33/><V67/><F67/><W83/><G95/><T11/><D11/><U47/><E47/><V15/><F51/><W59/><G1/><T27/><D27/><U118/><E118/><V132/><F132/><W97/><G97/><T16/><D18/><U40/><E66/><V10/><F29/><W19/><G85/><T82/><D82/><U68/><E68/><V54/><F54/><W107/><G83/><T30/><D30/><U133/><E133/><V124/><F124/><W100/><G100/><T70/><D70/><U79/><E28/><V9/><F2/><W104/><G3/><T86/><D86/><U128/><E128/><V64/><F64/><W103/><G103/><T111/><D111/><AGARI ba="0,0" hai="4,9,10,13,15,17,20,23,109,110,111" m="37418" machi="111" ten="30,7700,0" yaku="14,1,52,3" doraHai="94" who="2" fromWho="0" sc="230,-77,240,0,250,77,280,0" /><INIT seed="2,0,0,2,0,87" ten="153,240,327,280" oya="2" hai0="108,113,96,111,98,42,112,135,119,55,76,74,101" hai1="100,37,94,9,71,109,43,102,75,50,63,61,124" hai2="44,32,129,22,11,28,103,16,85,35,128,72,66" hai3="3,107,118,120,8,60,40,64,15,4,46,31,116"/><V110/><F72/><W48/><G120/><T92/><D42/><U105/><E105/><V34/><F110/><N who="0" m="42026" /><D55/><U39/><E75/><V95/><F66/><W56/><G107/><T67/><D67/><U36/><E109/><V117/><F117/><W27/><REACH who="3" step="1"/><G3/><REACH who="3" ten="153,240,327,270" step="2"/><T10/><D119/><U84/><E124/><V127/><F127/><W24/><G24/><T20/><D135/><U97/><E102/><V70/><F103/><W1/><G1/><T82/><D10/><U130/><E9/><V126/><F11/><W65/><G65/><T49/><D20/><AGARI ba="0,1" hai="4,8,15,20,27,31,40,46,48,56,60,64,116,118" machi="20" ten="30,3900,0" yaku="1,1,7,1,53,1" doraHai="87" doraHaiUra="59" who="3" fromWho="0" sc="153,-39,240,0,327,0,270,49" /><INIT seed="3,0,0,0,3,59" ten="114,240,327,319" oya="3" hai0="8,62,84,70,9,30,85,32,135,57,108,44,6" hai1="124,92,18,120,16,23,19,98,82,4,21,96,131" hai2="37,11,113,94,33,118,76,53,20,68,90,75,126" hai3="95,83,105,125,117,81,64,129,25,35,41,42,29"/><W87/><G117/><T112/><D70/><U27/><E120/><V72/><F33/><W66/><G105/><T119/><D119/><U40/><E131/><V121/><F118/><W86/><G125/><T102/><D108/><U109/><E124/><V88/><F126/><W103/><G129/><T93/><D135/><U48/><E109/><V97/><F121/><W5/><G5/><T17/><D112/><U54/><E40/><N who="3" m="15466" /><G35/><T46/><D32/><U43/><E43/><V115/><F37/><W123/><G123/><T52/><D30/><U80/><E4/><V45/><F68/><W60/><G60/><T127/><D127/><U107/><E107/><V13/><F75/><W24/><G95/><T104/><D104/><U100/><E98/><V22/><F115/><W58/><G58/><T12/><D85/><N who="3" m="32265" /><G103/><T79/><D102/><U55/><E19/><N who="2" m="8639" /><F113/><W38/><G38/><T111/><D111/><U34/><E34/><V3/><F3/><W134/><G134/><T50/><D50/><U74/><E74/><V63/><F72/><W71/><G71/><T77/><D77/><U101/><E101/><N who="2" m="60599" /><F76/><W91/><G91/><N who="2" m="34857" /><F63/><W47/><G47/><T28/><D28/><U130/><E130/><V31/><F31/><W51/><G51/><AGARI ba="0,0" hai="20,22,45,51,53" m="34857,60599,8639" machi="51" ten="30,2000,0" yaku="8,1,54,1" doraHai="59" who="2" fromWho="3" sc="114,0,240,0,327,20,319,-20" owari="114,-38.6,240,-16.0,347,44.7,299,9.9" /></mjloggm>