<mjloggm ver="2.3"><GO type="225" lobby="0"/><UN n0="%77%72%77%72%77%72%77%72" n1="%E3%81%95%E3%81%8D%E3%81%9F%E3%81%BE%E6%9E%97%E6%AA%8E" n2="%E3%83%A9%E3%83%BC%E3%83%A1%E3%83%B3%E4%BA%94%E9%83%8E" n3="%E3%81%8B%E3%82%8F%E3%81%A1%E3%82%83%E3%82%93%35%38" dan="16,16,16,16" rate="2151.55,2105.79,2138.91,2150.94" sx="M,M,M,M"/><TAIKYOKU oya="0"/><INIT seed="0,0,0,1,1,43" ten="250,250,250,250" oya="0" hai0="19,53,5,93,71,131,36,7,48,103,124,26,99" hai1="12,51,120,40,1,66,83,8,11,50,116,35,133" hai2="69,34,98,72,13,88,117,86,97,10,70,129,102" hai3="21,57,92,27,87,29,2,110,132,18,81,0,22"/><T78/><D131/><U58/><E116/><V123/><F123/><W47/><G110/><T14/><D124/><U119/><E119/><V31/><F117/><W127/><G132/><T128/><D128/><U62/><E120/><V42/><F72/><W24/><G127/><T54/><D36/><U60/><E35/><V104/><F129/><W4/><G4/><T59/><D71/><U134/><E1/><V56/><F98/><W91/><G57/><T122/><D122/><U126/><E126/><V109/><F109/><W37/><G37/><T79/><D26/><U89/><E62/><V44/><F56/><W67/><G67/><T107/><D107/><U55/><E40/><V33/><F69/><W49/><REACH who="3" step="1"/><G81/><REACH who="3" ten="250,250,250,240" step="2"/><T23/><REACH who="0" step="1"/><D54/><AGARI ba="0,1" hai="0,2,18,21,22,24,27,29,47,49,54,87,91,92" machi="54" ten="30,8000,1" yaku="1,1,2,1,7,1,52,1,53,1" doraHai="43" doraHaiUra="80" who="3" fromWho="0" sc="250,-80,250,0,250,0,240,90" /><INIT seed="1,0,0,4,4,15" ten="170,250,250,330" oya="1" hai0="91,55,130,94,34,120,76,102,77,53,88,18,111" hai1="52,109,121,106,1,19,21,134,39,56,99,68,127" hai2="103,69,114,37,49,83,125,20,46,63,31,98,101" hai3="51,62,96,26,108,70,5,61,42,115,45,93,82"/><U11/><E121/><V25/><F37/><W22/><G115/><T132/><D120/><U36/><E68/><V17/><F114/><W65/><G108/><T48/><D111/><U43/><E109/><V113/><F113/><W95/><G5/><T0/><D0/><U71/><E71/><V85/><F125/><W23/><G82/><T84/><D34/><U14/><E127/><V79/><F63/><W75/><G75/><T89/><D130/><U97/><E134/><V129/><F69/><W67/><G22/><T80/><D132/><U133/><E133/><V2/><F2/><W38/><G38/><T10/><D76/><U41/><E39/><V107/><F103/><W33/><G33/><T58/><D53/><U123/><E123/><V29/><REACH who="2" step="1"/><F129/><REACH who="2" ten="170,250,240,330" step="2"/><W117/><G70/><T64/><D64/><U57/><E36/><V122/><F122/><W9/><G62/><T126/><D126/><U72/><E1/><V8/><F8/><W110/><G61/><T116/><D116/><U59/><E72/><V119/><F119/><W16/><G117/><T3/><D3/><U6/><E106/><V7/><F7/><W40/><G9/><T66/><D66/><N who="3" m="25097" /><G110/><T104/><D104/><U47/><E6/><V86/><F86/><W27/><G96/><N who="1" m="36938" /><E11/><V90/><F90/><W100/><G100/><T50/><D102/><U128/><E128/><V44/><F44/><W131/><G131/><T73/><REACH who="0" step="1"/><D50/><AGARI ba="0,1" hai="14,19,21,41,43,47,50,52,56,57,59" m="36938" machi="50" ten="30,5800,0" yaku="8,1,52,1,54,1" doraHai="15" who="1" fromWho="0" sc="170,-58,250,68,240,0,330,0" /><INIT seed="1,1,0,1,1,53" ten="112,318,240,330" oya="1" hai0="63,9,128,97,76,26,29,45,15,11,125,75,18" hai1="55,129,20,85,123,44,38,59,22,6,121,83,35" hai2="91,133,19,124,62,36,116,69,107,60,92,105,47" hai3="27,89,126,114,88,56,111,10,117,66,54,28,24"/><U120/><E35/><V0/><F116/><W130/><G114/><T77/><D128/><U79/><E6/><V106/><F0/><W100/><G130/><T58/><D125/><U14/><E129/><V7/><F124/><W30/><G126/><T3/><D75/><U118/><E118/><V48/><F36/><W61/><G117/><T33/><D45/><U52/><E38/><V109/><F7/><W84/><G100/><T95/><D9/><U51/><REACH who="1" step="1"/><E14/><REACH who="1" ten="112,308,240,330" step="2"/><V110/><F110/><W94/><G111/><T42/><D3/><U65/><E65/><V67/><F109/><W1/><G1/><T73/><D73/><U93/><E93/><V103/><F67/><W90/><G10/><T87/><D42/><U72/><E72/><V57/><F92/><W127/><G127/><T37/><D37/><U16/><E16/><V39/><F19/><W5/><G5/><T13/><D13/><U49/><AGARI ba="1,1" hai="20,22,44,49,51,52,55,59,79,83,85,120,121,123" machi="49" ten="40,12000,1" yaku="1,1,0,1,52,1,54,1,53,0" doraHai="53" doraHaiUra="4" who="1" fromWho="1" sc="112,-41,308,133,240,-41,330,-41" /><INIT seed="1,2,0,5,3,18" ten="71,441,199,289" oya="1" hai0="96,112,124,15,67,113,68,56,134,101,117,35,93" hai1="131,19,98,28,82,33,29,130,48,81,69,55,84" hai2="46,31,53,110,122,88,50,44,11,23,24,126,13" hai3="111,6,58,38,62,54,70,102,60,129,43,30,8"/><U71/><E98/><V42/><F122/><W52/><G102/><T61/><D117/><U125/><E125/><V78/><F126/><W4/><G30/><T34/><D124/><U66/><E66/><V91/><F78/><W1/><G111/><T132/><D68/><U49/><E84/><V118/><F110/><W21/><G129/><T119/><D119/><U9/><E9/><V3/><F3/><W74/><G74/><T133/><REACH who="0" step="1"/><D15/><REACH who="0" ten="61,441,199,289" step="2"/><U40/><E71/><V103/><F118/><W26/><G70/><T57/><D57/><U121/><E69/><V5/><F103/><W20/><G58/><T109/><D109/><U116/><E116/><V80/><F80/><W76/><G1/><T0/><D0/><U123/><E131/><V120/><F120/><W64/><G26/><T97/><D97/><U37/><E130/><V36/><AGARI ba="2,1" hai="5,11,13,23,24,31,36,42,44,46,50,53,88,91" machi="36" ten="20,5200,0" yaku="0,1,7,1,52,1,54,1" doraHai="18" who="2" fromWho="2" sc="61,-15,441,-28,199,68,289,-15" /><INIT seed="2,0,0,3,5,48" ten="46,413,267,274" oya="2" hai0="4,81,102,22,83,121,130,15,55,94,60,17,99" hai1="27,46,118,21,90,9,126,67,70,59,64,42,74" hai2="66,10,49,47,91,112,26,25,35,36,97,95,116" hai3="29,23,13,63,50,2,82,65,104,77,71,37,44"/><V93/><F112/><W114/><G114/><T41/><D130/><U108/><E118/><V28/><F116/><W103/><G2/><T134/><D134/><U79/><E70/><V58/><F36/><W106/><G37/><T76/><D121/><U84/><E126/><V124/><F124/><W52/><G103/><T18/><D41/><U6/><E108/><V69/><F69/><W45/><G45/><T86/><D4/><U133/><E133/><V43/><F10/><W80/><G80/><T109/><D109/><U132/><E132/><V56/><F66/><W125/><G125/><T53/><D60/><U110/><E110/><V62/><F62/><W11/><G23/><T98/><D98/><U101/><E101/><V73/><F73/><W39/><G29/><T31/><D31/><U100/><E100/><V34/><F34/><W57/><G13/><T120/><D120/><U131/><E131/><V85/><REACH who="2" step="1"/><F25/><REACH who="2" ten="46,413,257,274" step="2"/><W61/><G11/><T12/><REACH who="0" step="1"/><D83/><REACH who="0" ten="36,413,257,274" step="2"/><N who="1" m="47231" /><E74/><V111/><F111/><W8/><G8/><AGARI ba="0,2" hai="8,12,15,17,18,22,53,55,76,81,86,94,99,102" machi="8" ten="30,8000,1" yaku="1,1,7,1,8,1,52,2,53,0" doraHai="48" doraHaiUra="135" who="0" fromWho="3" sc="36,100,413,0,257,0,274,-80" /><INIT seed="3,0,0,3,3,43" ten="136,413,257,194" oya="3" hai0="105,111,18,76,83,6,56,93,70,61,128,54,38" hai1="32,132,2,13,17,44,24,97,107,104,129,123,88" hai2="71,122,23,45,53,7,50,39,0,8,25,75,20" hai3="73,28,65,9,64,4,77,30,127,92,121,72,3"/><W40/><G121/><T5/><D105/><U31/><E123/><V58/><F75/><W63/><G127/><T46/><D111/><U1/><E132/><V74/><F74/><W10/><G92/><T55/><D128/><U47/><E129/><V41/><F122/><W119/><G119/><T134/><D134/><U62/><E107/><V96/><F71/><W131/><G131/><T67/><D93/><U19/><E19/><V126/><F126/><W91/><G91/><T106/><D106/><U133/><E133/><V80/><F80/><W94/><G94/><T34/><D34/><U52/><E104/><V79/><F79/><W102/><G102/><T14/><D70/><U112/><E112/><V113/><F113/><W81/><G40/><T21/><D38/><U99/><E1/><V36/><F96/><W27/><G73/><T103/><D103/><U68/><E68/><V15/><F0/><W124/><G124/><T60/><D60/><U87/><E2/><V59/><F36/><W51/><G51/><T114/><D114/><U135/><E135/><V26/><F39/><W11/><G63/><T84/><D67/><U100/><E100/><V115/><F115/><W98/><G65/><T16/><D18/><U110/><E110/><V90/><F50/><W33/><G64/><T125/><D125/><U108/><E108/><V57/><F7/><W12/><G4/><T118/><D118/><U35/><E35/><V78/><F78/><N who="3" m="44231" /><G33/><T95/><D95/><U116/><E32/><V130/><F130/><W117/><G117/><T86/><D86/><U101/><E87/><RYUUKYOKU ba="0,0" sc="136,30,413,-10,257,-10,194,-10" hai0="5,6,14,16,21,46,54,55,56,61,76,83,84" owari="166,-33.4,403,50.3,247,4.7,184,-21.6" /></mjloggm>