<mjloggm ver="2.3"><GO type="225" lobby="0"/><UN n0="%E5%91%A8%E6%9D%B1" n1="%E4%BF%BA%E3%81%A8%E5%A6%96%E5%A4%A2" n2="%73%73%6B%5F%66%72%65%65" n3="%E3%82%B3%E3%83%90%E3%83%AC%E3%82%A4" dan="16,16,16,16" rate="2200.37,2242.06,2085.53,2123.00" sx="M,F,M,M"/><TAIKYOKU oya="0"/><INIT seed="0,0,0,5,3,130" ten="250,250,250,250" oya="0" hai0="91,45,39,106,44,28,51,0,110,41,38,132,81" hai1="77,84,99,60,19,49,24,88,80,107,10,43,52" hai2="31,114,6,20,129,70,9,101,93,92,17,3,18" hai3="121,75,117,7,30,125,126,8,119,131,87,112,37"/><T36/><D0/><U73/><E60/><V1/><F70/><W111/><G87/><T72/><D106/><U69/><E69/><V33/><F101/><W48/><G48/><T71/><D71/><U115/><E115/><V22/><F114/><W104/><G30/><T63/><D28/><U85/><E43/><V40/><F40/><W123/><G8/><T5/><D5/><U78/><E78/><V34/><F129/><W53/><G7/><T133/><D110/><U21/><E10/><V120/><F120/><W95/><G53/><T35/><D35/><U105/><E99/><V57/><F57/><W58/><G95/><T27/><D27/><U13/><E24/><N who="2" m="14351" /><F93/><W109/><G58/><T66/><D45/><U98/><E98/><V113/><F92/><W42/><G42/><T135/><D72/><U4/><E4/><V100/><F100/><W50/><G50/><T90/><D81/><U14/><E14/><N who="2" m="5431" /><F113/><W55/><G55/><T56/><AGARI ba="0,0" hai="36,38,39,41,44,51,56,63,66,90,91,132,133,135" machi="56" ten="40,12000,1" yaku="0,1,20,1,52,3" doraHai="130" who="0" fromWho="0" sc="250,120,250,-40,250,-40,250,-40" /><INIT seed="0,1,0,4,4,16" ten="370,210,210,210" oya="0" hai0="91,2,90,118,23,21,29,8,5,92,107,129,119" hai1="102,128,36,125,109,38,62,0,10,134,3,70,64" hai2="81,43,120,98,53,4,18,131,66,14,59,82,52" hai3="130,117,39,15,34,20,58,115,123,67,72,30,73"/><T110/><D107/><U31/><E109/><V12/><F120/><W47/><G123/><T9/><D110/><U105/><E125/><V135/><F135/><W19/><G117/><T44/><D129/><U46/><E128/><V17/><F43/><W85/><G130/><T22/><D29/><U7/><E134/><V95/><F4/><W78/><G115/><T86/><D44/><U112/><E112/><V75/><F75/><W93/><G34/><T127/><D127/><U104/><E31/><V50/><F66/><W68/><G30/><T94/><REACH who="0" step="1"/><D9/><REACH who="0" ten="360,210,210,210" step="2"/><N who="1" m="2279" /><E46/><V111/><F131/><W133/><G133/><T48/><D48/><U54/><E105/><V25/><F111/><W33/><G47/><T24/><D24/><U26/><E26/><V124/><F25/><W121/><G39/><T108/><D108/><U76/><E104/><V35/><F124/><W40/><G121/><T55/><D55/><U63/><E54/><V97/><F53/><W11/><G40/><T114/><D114/><U56/><E38/><V103/><F35/><W65/><G33/><T71/><D71/><U113/><E36/><V89/><F50/><W6/><G68/><T83/><D83/><U28/><E28/><V84/><F52/><W37/><G37/><T60/><D60/><U122/><E113/><V132/><F59/><W13/><G65/><T96/><AGARI ba="1,1" hai="2,5,8,21,22,23,86,90,91,92,94,96,118,119" machi="96" ten="30,12000,1" yaku="1,1,0,1,52,3,53,0" doraHai="16" doraHaiUra="126" who="0" fromWho="0" sc="360,133,210,-41,210,-41,210,-41" /><INIT seed="0,2,0,5,0,95" ten="493,169,169,169" oya="0" hai0="58,12,120,89,59,38,87,83,72,33,44,106,8" hai1="92,100,96,122,57,74,88,51,4,37,67,119,85" hai2="5,25,21,2,52,64,9,10,131,81,124,41,125" hai3="45,70,130,20,32,54,93,61,129,113,76,104,63"/><T66/><D120/><U117/><E122/><V19/><F64/><W135/><G104/><T15/><D33/><U86/><E37/><V112/><F41/><W73/><G32/><T101/><D66/><U47/><E74/><V115/><F81/><W107/><G107/><T91/><D72/><U134/><E134/><V49/><F131/><W31/><G135/><T123/><D123/><U118/><E4/><V6/><F49/><W30/><G70/><T22/><D91/><U97/><E57/><V79/><F52/><W18/><G113/><T53/><D22/><U55/><REACH who="1" step="1"/><E67/><REACH who="1" ten="493,159,169,169" step="2"/><V7/><F7/><W110/><G130/><T36/><D38/><U46/><E46/><V108/><F108/><W35/><G129/><T126/><D59/><U1/><E1/><V132/><F132/><W94/><G110/><T11/><D58/><U84/><E84/><V77/><F115/><W27/><G73/><T90/><D87/><U78/><E78/><V114/><F114/><W50/><G76/><T23/><D44/><U82/><E82/><V109/><F112/><W26/><G63/><T39/><D83/><U121/><E121/><V128/><F109/><W17/><G61/><T111/><D39/><U69/><E69/><V103/><F128/><W43/><G43/><T14/><D36/><U71/><E71/><V40/><F40/><W99/><REACH who="3" step="1"/><G94/><AGARI ba="2,1" hai="47,51,55,85,86,88,92,94,96,97,100,117,118,119" machi="94" ten="40,8000,1" yaku="1,1,52,2,54,1,53,0" doraHai="95" doraHaiUra="75" who="1" fromWho="3" sc="493,0,159,96,169,0,169,-86" /><INIT seed="1,0,0,0,1,130" ten="493,255,169,83" oya="1" hai0="124,40,17,84,80,22,34,53,42,0,41,32,133" hai1="135,38,50,11,62,35,66,89,74,20,118,55,108" hai2="21,115,90,56,111,114,4,15,39,85,46,101,128" hai3="8,76,92,7,109,127,28,19,93,51,119,116,122"/><U98/><E118/><V23/><F128/><W72/><G122/><T47/><D0/><U121/><E121/><V67/><F101/><W112/><G127/><T79/><D124/><U82/><E38/><V26/><F111/><W102/><G112/><T132/><D53/><U99/><E35/><V5/><F46/><W14/><G109/><T52/><D52/><U31/><E108/><V30/><F39/><W57/><G28/><T134/><D47/><U81/><E11/><V113/><F56/><W105/><G105/><T64/><D64/><U110/><E74/><V104/><F67/><W123/><G123/><T70/><D70/><U97/><E89/><V94/><F104/><W96/><G93/><T16/><D17/><AGARI ba="0,0" hai="4,5,15,17,21,23,26,30,85,90,94,113,114,115" machi="17" ten="40,1300,0" yaku="11,1" doraHai="130" who="2" fromWho="0" sc="493,-13,255,0,169,13,83,0" /><INIT seed="2,0,0,2,4,118" ten="480,255,182,83" oya="2" hai0="69,60,106,126,79,4,93,39,108,42,68,132,36" hai1="14,104,63,52,11,9,120,32,134,13,70,92,100" hai2="130,129,101,131,59,94,85,75,105,88,64,41,74" hai3="115,6,10,95,57,35,15,48,2,98,91,82,16"/><V119/><F119/><W26/><G115/><T23/><D106/><U61/><E104/><V29/><F29/><W77/><G35/><T1/><D79/><U65/><E32/><V135/><F41/><W116/><G116/><T5/><D93/><U76/><E76/><V50/><F64/><W80/><G26/><T31/><D23/><U46/><E134/><V8/><F8/><W73/><G82/><T81/><D60/><U19/><E100/><V87/><F50/><W24/><G24/><T117/><D81/><U30/><E92/><V47/><F47/><W3/><REACH who="3" step="1"/><G6/><REACH who="3" ten="480,255,182,73" step="2"/><T43/><D4/><U21/><E30/><V12/><F135/><W121/><G121/><T71/><D5/><U83/><E83/><V7/><F7/><W37/><G37/><T40/><D39/><U53/><E120/><V33/><F33/><W22/><G22/><T112/><D36/><U123/><E123/><V27/><F27/><W49/><G49/><T99/><D112/><U128/><E14/><V38/><F12/><W133/><G133/><T72/><D132/><U107/><E21/><V18/><F38/><W55/><AGARI ba="0,1" hai="2,3,10,15,16,48,55,57,73,77,80,91,95,98" machi="55" ten="30,7900,0" yaku="1,1,0,1,54,1,53,1" doraHai="118" doraHaiUra="86" who="3" fromWho="3" sc="480,-20,255,-20,182,-39,73,89" /><INIT seed="3,0,0,1,4,67" ten="460,235,143,162" oya="3" hai0="96,25,91,133,58,59,130,18,126,19,125,45,106" hai1="48,35,34,62,53,127,116,7,132,77,5,56,12" hai2="68,17,111,83,81,113,73,46,121,2,39,95,52" hai3="61,29,16,51,0,14,11,6,23,72,123,42,20"/><W110/><G72/><T26/><D130/><U88/><E132/><V24/><F113/><W99/><G123/><T66/><D133/><U109/><E109/><V71/><F121/><W105/><G110/><T33/><D45/><U4/><E127/><N who="0" m="48649" /><D66/><U103/><E116/><V108/><F2/><W75/><G75/><T28/><D26/><U90/><E77/><V85/><F73/><W118/><G118/><T94/><D106/><U9/><E103/><V128/><F128/><W87/><G87/><T38/><D38/><U84/><E35/><V1/><F39/><W54/><G99/><T63/><D63/><U74/><E34/><V22/><F1/><W32/><G105/><T15/><D18/><N who="1" m="8463" /><E74/><V120/><F120/><W13/><G61/><T89/><D89/><N who="1" m="34411" /><E62/><V49/><F111/><W134/><G134/><T135/><D135/><U78/><E78/><V64/><F108/><W129/><G129/><T101/><D101/><U131/><E131/><V76/><F64/><W44/><G32/><T112/><D112/><U36/><E36/><V117/><F117/><W114/><G114/><T69/><D69/><N who="2" m="26698" /><F76/><W79/><G79/><T100/><D100/><U104/><E104/><V40/><F40/><W80/><G0/><T82/><D82/><N who="2" m="31242" /><F85/><AGARI ba="0,0" hai="4,5,7,48,53,56,84,85" m="34411,8463" machi="85" ten="30,2000,0" yaku="8,1,54,1" doraHai="67" who="1" fromWho="2" sc="460,0,235,20,143,-20,162,0" owari="460,56.0,255,5.5,123,-37.7,162,-23.8" /></mjloggm>