<mjloggm ver="2.3"><GO type="225" lobby="0"/><UN n0="%E3%81%82%E3%81%84%E3%81%82%E3%81%8A%E3%81%84" n1="%E3%81%9B%E3%81%A9%E3%81%AA%E3%82%8A%E3%81%82%E3%82%93" n2="%E6%98%93%E5%88%A9%E8%96%A9%E4%BC%AF" n3="%E6%97%A5%E6%9B%9C%E6%97%A5%E3%82%88%E3%82%8A%E3%81%AE%E4%BD%BF%E8%80%85" dan="18,16,17,17" rate="2185.02,2112.37,2230.28,2198.40" sx="M,F,F,M"/><TAIKYOKU oya="0"/><INIT seed="0,0,0,4,0,80" ten="250,250,250,250" oya="0" hai0="119,102,46,49,24,61,95,130,57,82,53,42,7" hai1="94,131,16,29,19,74,65,8,48,99,2,73,83" hai2="26,110,129,125,34,18,31,12,56,55,79,106,5" hai3="117,96,105,98,11,35,87,4,25,1,77,104,17"/><T78/><D119/><U115/><E131/><V118/><F106/><W89/><G117/><T23/><D130/><U92/><E29/><V41/><F118/><W86/><G77/><T84/><D7/><U27/><E65/><V75/><F41/><W120/><G120/><T22/><REACH who="0" step="1"/><D24/><REACH who="0" ten="240,250,250,250" step="2"/><U93/><E27/><V121/><F5/><W9/><G4/><T132/><D132/><U101/><E115/><V71/><F129/><W38/><G25/><T70/><D70/><U72/><E2/><V60/><F71/><W97/><G1/><T123/><D123/><U62/><E72/><V113/><F121/><W6/><G6/><T21/><D21/><U90/><E73/><V64/><F75/><W39/><G35/><T122/><D122/><U134/><E74/><V85/><F34/><W69/><G69/><T14/><D14/><U51/><E134/><V103/><F12/><W63/><G9/><T107/><D107/><U59/><E8/><V67/><F26/><W128/><G128/><T66/><D66/><U37/><E19/><V135/><F18/><W15/><G104/><T13/><D13/><U20/><E16/><V54/><F67/><W44/><G105/><T36/><D36/><U0/><E37/><V114/><F64/><W133/><G39/><T76/><D76/><U124/><E0/><V116/><F135/><W68/><G133/><T50/><D50/><U40/><E20/><V91/><F116/><W112/><G112/><T88/><D88/><U108/><E51/><V45/><F113/><W30/><G89/><T100/><D100/><U126/><E101/><RYUUKYOKU ba="0,1" sc="240,30,250,-10,250,-10,250,-10" hai0="22,23,42,46,49,53,57,61,78,82,84,95,102" /><INIT seed="0,1,1,4,2,115" ten="270,240,240,240" oya="0" hai0="101,135,8,107,134,112,128,79,29,124,99,117,96" hai1="11,27,133,89,53,75,111,1,35,114,34,91,50" hai2="98,23,19,120,58,47,22,28,26,21,10,86,105" hai3="64,83,6,67,60,15,85,17,100,95,20,30,103"/><T49/><D29/><U84/><E75/><V66/><F120/><W0/><G30/><T68/><D68/><U118/><E114/><V110/><F110/><W37/><G37/><T113/><D49/><U127/><E111/><V46/><F10/><W94/><G0/><T33/><D8/><U72/><E72/><V7/><F7/><W32/><G32/><T16/><D16/><U12/><E1/><V80/><F98/><W130/><G130/><T78/><D33/><U122/><E122/><V92/><F92/><N who="3" m="35371" /><G6/><T87/><D128/><U24/><E127/><V36/><F105/><W54/><G54/><T43/><D43/><U44/><E133/><V97/><F97/><W51/><G51/><T82/><D124/><U69/><E69/><V108/><F36/><W123/><G123/><T2/><D2/><U13/><E35/><V31/><F31/><W70/><G70/><T77/><D99/><U104/><E104/><V5/><F5/><W3/><G3/><T132/><D117/><U76/><E118/><V4/><F4/><W106/><G106/><T88/><AGARI ba="1,1" hai="77,78,79,82,87,88,96,101,107,112,113,132,134,135" machi="88" ten="40,18000,2" yaku="0,1,20,1,34,3,54,1" doraHai="115" who="0" fromWho="0" sc="270,193,240,-61,240,-61,240,-61" /><INIT seed="0,2,0,2,5,54" ten="463,179,179,179" oya="0" hai0="32,13,79,68,123,124,91,96,78,63,77,20,100" hai1="45,17,34,118,24,129,117,106,104,52,105,36,132" hai2="88,69,110,55,121,21,92,58,11,25,126,59,1" hai3="115,41,35,30,31,74,50,122,29,53,97,3,80"/><T127/><D32/><U12/><E129/><V39/><F69/><W103/><G115/><T86/><D123/><U109/><E109/><V113/><F39/><W23/><G3/><T48/><D48/><U49/><E132/><V83/><F113/><W26/><G122/><T40/><D40/><U82/><E36/><V62/><F121/><W75/><G41/><T9/><D20/><U108/><E108/><V22/><F126/><N who="0" m="48170" /><D63/><U2/><E2/><V44/><F83/><W101/><G101/><T6/><D68/><U28/><REACH who="1" step="1"/><E82/><REACH who="1" ten="463,169,179,179" step="2"/><V111/><F111/><W131/><G80/><N who="0" m="49607" /><D77/><U51/><E51/><N who="2" m="29159" /><F1/><W93/><G131/><T27/><D27/><U95/><E95/><AGARI ba="2,1" hai="6,9,13,78,79,95,96,100" m="49607,48170" machi="95" ten="30,1500,0" yaku="18,1" doraHai="54" who="0" fromWho="1" sc="463,31,169,-21,179,0,179,0" /><INIT seed="0,3,0,3,1,36" ten="494,148,179,179" oya="0" hai0="123,60,16,121,101,62,93,28,55,77,15,76,32" hai1="79,51,105,134,106,119,71,17,47,4,43,100,92" hai2="73,40,52,111,9,104,18,39,11,81,117,54,45" hai3="6,129,107,74,27,34,22,44,64,38,19,115,108"/><T46/><D28/><U10/><E119/><V68/><F111/><W25/><G115/><T133/><D32/><U59/><E71/><V86/><F104/><W99/><G74/><T75/><D133/><U67/><E134/><V97/><F68/><W8/><G108/><T1/><D1/><U113/><E113/><V35/><F73/><W116/><G116/><T128/><D128/><U57/><E17/><V87/><F97/><W124/><G129/><T102/><D75/><U5/><E79/><V95/><F35/><W118/><G64/><T110/><D110/><U12/><E4/><V53/><F117/><W41/><G124/><T130/><D130/><U114/><E114/><V96/><F18/><W37/><G37/><T50/><D121/><U82/><E82/><V103/><REACH who="2" step="1"/><F86/><REACH who="2" ten="494,148,169,179" step="2"/><W90/><G118/><T91/><D123/><U69/><E105/><V131/><F131/><W30/><G107/><T42/><D102/><U24/><E106/><V132/><F132/><W31/><G99/><N who="0" m="57791" /><D101/><U72/><E72/><V126/><F126/><W21/><G34/><T13/><D16/><U56/><E69/><V61/><F61/><W0/><G19/><T7/><D62/><N who="1" m="38343" /><E24/><V70/><F70/><W20/><G20/><T33/><D33/><U94/><E100/><V135/><F135/><W65/><G65/><T78/><D7/><U122/><E122/><V49/><F49/><W112/><G112/><T88/><D60/><U66/><E66/><V89/><AGARI ba="3,1" hai="9,11,39,40,45,52,53,54,81,87,89,95,96,103" machi="89" ten="30,7900,0" yaku="1,1,0,1,52,1,54,1,53,0" doraHai="36" doraHaiUra="63" who="2" fromWho="2" sc="494,-42,148,-23,169,98,179,-23" /><INIT seed="1,0,0,4,4,18" ten="452,125,267,156" oya="1" hai0="66,14,80,99,55,135,79,38,68,28,101,117,3" hai1="10,1,52,22,62,75,0,63,106,21,124,118,113" hai2="119,2,20,129,15,45,131,134,104,90,17,91,29" hai3="110,97,85,71,102,19,57,39,98,69,84,7,125"/><U65/><E113/><V33/><F104/><W73/><G39/><T13/><D3/><U36/><E118/><V114/><F119/><W64/><G73/><T92/><D117/><U81/><E106/><V130/><F134/><W82/><G110/><T24/><D38/><U96/><E36/><V123/><F123/><W25/><G7/><T88/><D135/><U31/><E31/><V94/><F2/><W126/><G57/><T11/><D55/><U127/><E96/><N who="3" m="36970" /><G102/><T35/><D101/><U93/><E93/><V78/><F78/><N who="3" m="46167" /><G64/><T58/><D68/><U132/><E132/><V23/><F114/><W6/><G6/><T50/><D11/><U44/><E10/><N who="2" m="6391" /><F45/><W46/><G46/><T59/><D59/><N who="1" m="35175" /><E44/><V48/><F94/><W128/><G85/><T5/><D5/><U87/><E75/><V122/><F122/><W4/><G4/><T51/><D51/><U26/><E0/><V107/><F48/><W43/><G43/><T32/><D32/><U116/><E1/><V133/><F107/><W83/><G83/><T112/><D112/><U74/><E74/><V60/><F60/><W40/><G40/><T95/><D95/><U47/><E47/><V61/><F61/><W56/><G56/><T8/><D66/><U77/><E116/><V30/><F133/><W108/><G71/><T76/><D92/><U103/><E103/><V120/><F120/><W9/><G69/><T49/><D80/><U34/><E63/><V109/><F30/><W12/><G9/><T111/><D8/><U53/><E65/><V86/><F131/><W72/><G128/><RYUUKYOKU ba="0,0" sc="452,0,125,0,267,0,156,0" /><INIT seed="2,1,0,0,5,120" ten="452,125,267,156" oya="2" hai0="97,6,113,71,13,76,130,20,10,8,11,38,117" hai1="102,70,92,3,35,83,26,111,2,69,47,14,90" hai2="61,31,112,60,56,21,1,106,5,119,115,52,134" hai3="23,99,39,36,80,125,116,27,77,123,46,48,122"/><V109/><F119/><W72/><G116/><T55/><D71/><U15/><E102/><V133/><F106/><W63/><G125/><T88/><D38/><U91/><E83/><V67/><F1/><W7/><G7/><T89/><D113/><N who="2" m="43594" /><F5/><W64/><G99/><T28/><D117/><U57/><E57/><N who="2" m="34855" /><F31/><W114/><G114/><T78/><D78/><U121/><E47/><V73/><F21/><W129/><G123/><T131/><D76/><U49/><E49/><V45/><F73/><W128/><G122/><T29/><D20/><U84/><E121/><V18/><F18/><W0/><G0/><T33/><D29/><U124/><E84/><V34/><F34/><W107/><G107/><T98/><D28/><U37/><E37/><V100/><F100/><W110/><G39/><T32/><D6/><U108/><E92/><V135/><F45/><W75/><G75/><T54/><D8/><U82/><E82/><V68/><F109/><W105/><G110/><T65/><D13/><U93/><E93/><V101/><F101/><W9/><G9/><T66/><AGARI ba="1,0" hai="10,11,32,33,54,55,65,66,88,89,97,98,130,131" machi="66" ten="25,6400,0" yaku="0,1,22,2,54,1" doraHai="120" who="0" fromWho="0" sc="452,67,125,-17,267,-33,156,-17" /><INIT seed="3,0,0,0,5,12" ten="519,108,234,139" oya="3" hai0="43,38,42,89,25,26,94,46,41,109,66,64,50" hai1="86,128,101,54,121,74,112,44,88,108,99,82,80" hai2="19,122,22,2,57,93,59,70,110,9,17,24,55" hai3="65,47,28,3,130,91,34,31,52,124,106,114,111"/><W83/><G106/><T115/><D109/><U95/><E108/><V8/><F70/><W105/><G105/><T78/><D78/><N who="1" m="44119" /><E54/><V45/><F122/><W48/><G3/><T1/><D1/><U63/><E63/><V118/><F118/><W113/><G111/><T39/><D39/><U40/><E44/><V49/><F110/><W134/><G65/><N who="0" m="25195" /><D38/><U76/><E40/><N who="0" m="15465" /><D115/><U33/><E33/><V79/><F79/><W132/><G114/><T23/><D23/><U29/><E29/><N who="2" m="17559" /><F2/><W77/><G113/><T126/><D126/><U92/><E112/><V37/><F37/><W10/><G124/><T133/><D133/><N who="3" m="51305" /><G34/><T30/><D30/><N who="3" m="11305" /><G10/><N who="2" m="4201" /><F93/><W61/><G61/><T56/><D56/><AGARI ba="0,0" hai="17,19,45,49,55,56,57,59" m="4201,17559" machi="56" ten="30,3900,0" yaku="8,1,52,2" doraHai="12" who="2" fromWho="0" sc="519,-39,108,0,234,39,139,0" owari="480,58.0,108,-39.2,273,7.3,139,-26.1" /></mjloggm>