<mjloggm ver="2.3"><GO type="225" lobby="0"/><UN n0="%43%68%65" n1="%E3%81%99%E3%81%84%E3%81%BE%E3%81%9B%E3%83%BC%E3%82%93" n2="%E3%80%93%E3%81%97%E3%83%BC%E3%82%89%E3%80%93" n3="%E7%89%B9%E6%9D%B1%E3%81%AF%E4%B8%96%E7%95%8C%E3%82%92%E6%95%91%E3%81%86" dan="16,18,16,16" rate="2176.07,2200.06,2209.38,2195.33" sx="M,M,M,M"/><TAIKYOKU oya="0"/><INIT seed="0,0,0,1,2,101" ten="250,250,250,250" oya="0" hai0="96,102,78,16,6,86,125,0,32,109,35,76,49" hai1="75,24,112,108,100,115,57,29,74,30,133,52,134" hai2="12,46,121,48,72,21,31,62,114,103,56,66,113" hai3="127,60,93,130,92,7,90,64,47,55,106,27,91"/><T10/><D125/><U15/><E108/><V54/><F72/><N who="1" m="27689" /><E15/><V5/><F121/><W83/><G127/><T19/><D109/><U110/><E100/><V89/><F89/><W9/><G130/><T23/><D49/><N who="1" m="30863" /><E110/><V8/><REACH who="2" step="1"/><F103/><REACH who="2" ten="250,250,240,250" step="2"/><W13/><G91/><T81/><D76/><U98/><E98/><V58/><F58/><W45/><G90/><T71/><D71/><U65/><E65/><V97/><F97/><W70/><G70/><T17/><REACH who="0" step="1"/><D23/><REACH who="0" ten="240,250,240,250" step="2"/><N who="1" m="15519" /><E30/><V95/><F95/><AGARI ba="0,2" hai="0,6,10,16,17,19,32,35,78,81,86,95,96,102" machi="95" ten="40,3900,0" yaku="1,1,54,1,53,0" doraHai="101" doraHaiUra="39" who="0" fromWho="2" sc="240,59,250,0,240,-39,250,0" /><INIT seed="0,1,0,4,0,132" ten="299,250,201,250" oya="0" hai0="75,28,86,47,91,128,114,88,101,131,105,1,7" hai1="32,113,44,103,73,112,0,13,74,62,95,130,8" hai2="26,99,29,67,33,72,63,134,102,31,53,96,18" hai3="83,100,22,25,38,106,121,42,54,4,116,68,124"/><T59/><D114/><N who="1" m="44139" /><E130/><N who="0" m="49705" /><D75/><U118/><E118/><V5/><F72/><W55/><G116/><T120/><D120/><U39/><E0/><V43/><F134/><W104/><G68/><T85/><D28/><U3/><E3/><V45/><F5/><W82/><G4/><T69/><D69/><U2/><E2/><V30/><F18/><W135/><G135/><T14/><D1/><U111/><E32/><V34/><F53/><W94/><G94/><T109/><D47/><U108/><E62/><V41/><F99/><W50/><G38/><T51/><D109/><N who="1" m="42059" /><E95/><V61/><F61/><W89/><G104/><T21/><D105/><U115/><E103/><V15/><F15/><W119/><G100/><T19/><D101/><U58/><E58/><V56/><F34/><W6/><G106/><T125/><D7/><N who="1" m="3231" /><E115/><V12/><F12/><W9/><G119/><T37/><D59/><U98/><E98/><V70/><F56/><W87/><G121/><T79/><D14/><U23/><E74/><V40/><REACH who="2" step="1"/><F45/><REACH who="2" ten="299,250,191,250" step="2"/><N who="3" m="25911" /><G6/><T65/><D65/><U64/><E64/><V97/><F97/><W52/><G9/><T35/><D35/><U48/><E73/><V49/><F49/><W46/><G46/><T80/><D51/><U78/><E48/><V71/><F71/><W123/><G123/><T36/><D36/><U17/><E44/><V93/><AGARI ba="1,1" hai="26,29,30,31,33,40,41,43,63,67,70,93,96,102" machi="93" ten="30,2000,0" yaku="1,1,0,1,53,0" doraHai="132" doraHaiUra="133" who="2" fromWho="2" sc="299,-11,250,-6,191,33,250,-6" /><INIT seed="1,0,0,5,1,125" ten="288,244,224,244" oya="1" hai0="80,57,26,25,90,74,6,91,14,106,55,83,98" hai1="1,89,62,45,110,95,65,19,93,10,16,127,118" hai2="97,18,0,12,7,40,2,135,28,35,119,81,124" hai3="113,129,100,23,130,71,102,128,5,82,78,30,11"/><U64/><E118/><V99/><F124/><W24/><G71/><T70/><D70/><U73/><E127/><V37/><F119/><W87/><REACH who="3" step="1"/><G113/><REACH who="3" ten="288,244,224,234" step="2"/><T67/><D74/><U84/><E73/><V41/><F135/><W105/><G105/><T51/><D106/><U36/><E110/><V31/><F37/><W47/><G47/><T134/><D134/><U117/><E117/><V39/><F39/><W103/><G103/><T22/><D67/><U59/><E45/><V68/><F68/><W101/><G101/><T116/><D116/><U112/><E36/><V75/><F75/><W132/><G132/><T43/><D43/><U72/><E72/><V122/><F41/><W133/><G133/><T120/><D120/><U9/><E112/><V94/><F40/><W42/><G42/><T77/><D77/><U46/><E46/><V111/><F122/><W104/><G104/><T58/><D58/><U29/><E59/><V53/><F111/><W79/><G79/><T48/><D57/><U54/><E89/><V4/><F53/><W21/><G21/><T13/><D22/><U56/><E54/><V15/><F35/><W114/><G114/><T3/><D55/><U123/><E123/><V131/><F2/><AGARI ba="0,1" hai="2,5,11,23,24,30,78,82,87,100,102,128,129,130" machi="2" ten="40,8000,1" yaku="1,1,19,1,52,3,53,0" doraHai="125" doraHaiUra="49" who="3" fromWho="2" sc="288,0,244,0,224,-80,234,90" /><INIT seed="2,0,0,0,3,15" ten="288,244,144,324" oya="2" hai0="100,58,13,68,55,101,111,48,52,45,78,86,125" hai1="31,41,33,34,6,122,56,102,49,80,1,88,53" hai2="60,10,117,126,7,105,20,61,74,37,51,103,123" hai3="89,2,29,17,87,110,95,26,39,5,118,73,3"/><V85/><F74/><W98/><G118/><T24/><D68/><U70/><E70/><V81/><F37/><W59/><G73/><T96/><D111/><U32/><E122/><V62/><F123/><W67/><G39/><T128/><D125/><U64/><E64/><V35/><F35/><W63/><G110/><T75/><D75/><U97/><E41/><V121/><F121/><W12/><G5/><T108/><D128/><U90/><E31/><V19/><F126/><W36/><G36/><T72/><D72/><U44/><E44/><V8/><F117/><W113/><G113/><T82/><D108/><U4/><E80/><V133/><F133/><W28/><G87/><T0/><D0/><U18/><E18/><V71/><F71/><W115/><G115/><T9/><D24/><U65/><E65/><V114/><F114/><W47/><G47/><T127/><D96/><U135/><E135/><V109/><F109/><W112/><G112/><T129/><D129/><U25/><E25/><N who="2" m="14495" /><F105/><W94/><G95/><T21/><D21/><U134/><E134/><V40/><F103/><W106/><G106/><T30/><D30/><U120/><E120/><V42/><F51/><W132/><G132/><T16/><D127/><U84/><E1/><N who="3" m="10" /><G26/><T116/><D116/><U99/><E84/><V23/><F23/><N who="3" m="11687" /><G28/><T93/><D93/><N who="1" m="58671" /><E99/><V46/><F46/><W22/><G29/><T124/><D124/><U76/><E76/><N who="2" m="46247" /><F7/><N who="1" m="2601" /><E90/><V66/><F66/><W54/><G67/><T131/><D131/><U50/><E88/><V130/><F130/><W92/><G92/><T14/><D14/><RYUUKYOKU ba="0,0" sc="288,0,244,0,144,0,324,0" hai0="9,13,16,45,48,52,55,58,78,82,86,100,101" hai1="32,33,34,49,50,53,56" hai2="8,10,40,42,60,61,62" hai3="22,54,59,63,89,94,98" /><INIT seed="2,1,0,3,0,28" ten="288,244,144,324" oya="2" hai0="48,91,60,76,0,30,77,83,113,21,118,24,73" hai1="57,68,86,119,14,2,69,50,111,92,84,18,37" hai2="4,71,108,32,16,67,134,87,98,59,126,23,112" hai3="123,88,36,99,46,115,53,120,49,9,12,81,74"/><V133/><F112/><W80/><G36/><T25/><D113/><U85/><E119/><V7/><F71/><W15/><G115/><T121/><D121/><U116/><E116/><V100/><F126/><W26/><G26/><T130/><D118/><U19/><E2/><V47/><F108/><W103/><G15/><T5/><D130/><U41/><E111/><V106/><F87/><N who="3" m="50279" /><G81/><T95/><D77/><U56/><E37/><V58/><F47/><W33/><G33/><T107/><D107/><U35/><E35/><V34/><F7/><W27/><G27/><T132/><D132/><N who="2" m="50794" /><F4/><W124/><G124/><T128/><D128/><U55/><E41/><V51/><F59/><W135/><G135/><T10/><D25/><U64/><E69/><V38/><F38/><W89/><G74/><T20/><D48/><U117/><E68/><V17/><F17/><N who="3" m="8335" /><G89/><T40/><D40/><U1/><E117/><V13/><F51/><W75/><G75/><T65/><D60/><AGARI ba="1,0" hai="13,16,23,32,34,58,60,67,98,100,106" m="50794" machi="60" ten="30,11600,0" yaku="20,1,52,2,54,1" doraHai="28" who="2" fromWho="0" sc="288,-119,244,0,144,119,324,0" /><INIT seed="2,2,0,5,4,56" ten="169,244,263,324" oya="2" hai0="123,40,16,51,106,70,11,130,55,72,109,69,49" hai1="23,76,104,80,97,28,134,89,17,77,135,2,35" hai2="120,63,33,114,85,83,113,68,107,31,84,62,42" hai3="50,111,32,81,132,86,93,19,96,100,41,6,3"/><V125/><F68/><W74/><G32/><T115/><D115/><U78/><E2/><V44/><F107/><W18/><G74/><T24/><D123/><U37/><E37/><V65/><F120/><W75/><G75/><T8/><D106/><U52/><E35/><V1/><F1/><W127/><G111/><T45/><D72/><U0/><E28/><V116/><F116/><W90/><G132/><N who="1" m="50730" /><E0/><V102/><F102/><W87/><G127/><T67/><D109/><U38/><E38/><V60/><F65/><W95/><G6/><T27/><D130/><U91/><E80/><V22/><F33/><W110/><G3/><T71/><D67/><U47/><E97/><V122/><F122/><W59/><G110/><T61/><D61/><U108/><E104/><V88/><F125/><W105/><G105/><T4/><D4/><U48/><E108/><V92/><F22/><W117/><G117/><T103/><D103/><U57/><E47/><V119/><F31/><W79/><G59/><T73/><D73/><U34/><E34/><V126/><F126/><W58/><G58/><T64/><D64/><U5/><E5/><V101/><F119/><W15/><G15/><AGARI ba="2,0" hai="15,17,23,48,52,57,76,77,78,89,91" m="50730" machi="15" ten="30,2000,0" yaku="20,1,54,1" doraHai="56" who="1" fromWho="3" sc="169,0,244,26,263,0,324,-26" /><INIT seed="3,0,0,2,3,87" ten="169,270,263,298" oya="3" hai0="109,79,77,4,75,52,49,27,63,126,43,71,34" hai1="73,62,121,85,131,81,44,70,2,50,135,95,9" hai2="84,41,86,116,128,108,11,16,35,113,39,90,105" hai3="60,30,12,17,133,69,104,64,22,83,37,74,127"/><W78/><G37/><T57/><D109/><U123/><E131/><V119/><F35/><W114/><G104/><T68/><D126/><U20/><E135/><V6/><F105/><W42/><G114/><T61/><D4/><U51/><E51/><V24/><F113/><W92/><G42/><T93/><D75/><U46/><E44/><V13/><F108/><W28/><G127/><T65/><D43/><U14/><E2/><V82/><F128/><W40/><G40/><T134/><D134/><U53/><E20/><V38/><F86/><W101/><REACH who="3" step="1"/><G133/><REACH who="3" ten="169,270,263,288" step="2"/><T117/><D117/><U3/><E123/><V0/><F39/><W19/><G19/><T98/><D71/><U102/><E70/><V115/><F115/><W66/><G66/><T33/><D63/><U100/><E62/><V1/><F41/><W118/><G118/><T89/><REACH who="0" step="1"/><D34/><REACH who="0" ten="159,270,263,288" step="2"/><U56/><E121/><V15/><F38/><W26/><G26/><T36/><D36/><U67/><E67/><V94/><F24/><W18/><G18/><T72/><D72/><U111/><E73/><V112/><F112/><W25/><G25/><T120/><D120/><U58/><E111/><V32/><F32/><W7/><G7/><T122/><D122/><U47/><E50/><V96/><F119/><W76/><G76/><T88/><D88/><U59/><E53/><V54/><F54/><W5/><G5/><T132/><D132/><U21/><E3/><V31/><F116/><W48/><G48/><T8/><D8/><U45/><E9/><N who="2" m="6191" /><F31/><AGARI ba="0,2" hai="27,31,33,49,52,57,61,65,68,77,79,89,93,98" machi="31" ten="40,5200,0" yaku="1,1,52,1,54,1,53,0" doraHai="87" doraHaiUra="124" who="0" fromWho="2" sc="159,72,270,0,263,-52,288,0" /><INIT seed="4,0,0,1,3,50" ten="231,270,211,288" oya="0" hai0="37,135,123,88,8,42,130,57,20,80,119,79,33" hai1="93,75,76,65,78,19,108,66,129,51,118,120,87" hai2="105,2,18,89,122,15,83,70,73,39,28,48,131" hai3="16,134,59,117,68,92,14,133,107,10,106,110,47"/><T6/><D119/><U52/><E118/><V95/><F39/><W109/><G68/><T63/><D123/><U32/><E108/><N who="3" m="41578" /><G117/><T74/><D33/><U67/><E32/><V4/><F122/><W116/><G116/><T84/><D130/><U3/><E3/><V49/><F70/><W64/><G47/><T69/><D69/><U45/><E75/><V34/><F105/><W46/><G92/><T71/><D71/><U0/><E0/><V125/><F131/><W29/><G29/><T77/><D135/><N who="3" m="51721" /><G46/><T13/><D37/><U35/><E35/><V7/><F125/><W90/><G90/><T112/><D112/><U97/><E120/><V96/><F28/><W91/><G91/><T23/><D42/><U113/><E113/><V38/><F38/><W30/><G30/><T132/><D132/><U85/><E129/><V81/><F34/><W24/><G24/><T9/><D9/><U25/><E78/><N who="0" m="29705" /><D74/><U40/><E76/><V94/><F73/><W82/><G82/><N who="2" m="31241" /><F94/><W55/><G64/><AGARI ba="0,0" hai="6,8,13,20,23,57,63,64,80,84,88" m="29705" machi="64" ten="30,2900,0" yaku="8,1,54,1" doraHai="50" who="0" fromWho="3" sc="231,29,270,0,211,0,288,-29" /><INIT seed="4,1,0,3,4,54" ten="260,270,211,259" oya="0" hai0="14,132,35,64,133,15,112,43,27,92,10,6,100" hai1="26,4,25,45,103,94,60,48,98,66,79,119,12" hai2="1,102,33,59,123,127,57,73,53,122,105,41,56" hai3="13,3,52,93,96,22,42,21,58,80,106,32,104"/><T107/><D107/><U109/><E119/><V36/><F73/><W70/><G70/><T84/><D43/><U110/><E79/><V99/><F1/><W16/><G32/><T135/><D112/><U118/><E118/><V74/><F74/><W88/><G3/><T51/><D64/><U61/><E110/><V46/><F127/><W2/><G2/><N who="0" m="343" /><D51/><U40/><E109/><V89/><F33/><W101/><G42/><T82/><D92/><U19/><E4/><V28/><F28/><W23/><G80/><T126/><D100/><U108/><E108/><V63/><REACH who="2" step="1"/><F89/><REACH who="2" ten="260,270,201,259" step="2"/><W0/><G0/><T55/><D126/><U131/><E131/><V85/><F85/><N who="3" m="52367" /><G106/><T34/><D34/><U91/><E91/><V72/><F72/><W116/><G116/><T86/><D86/><U5/><E98/><V87/><F87/><W24/><G24/><T81/><D81/><U31/><E26/><V38/><F38/><W75/><G75/><T120/><D84/><U49/><E25/><V67/><F67/><W44/><G104/><T113/><D82/><U39/><E39/><V18/><F18/><W29/><G29/><N who="0" m="19903" /><D113/><U129/><E66/><V134/><F134/><W78/><G78/><T77/><D77/><U130/><E130/><V71/><F71/><W97/><G96/><T125/><D125/><U117/><E129/><V20/><F20/><N who="3" m="11279" /><G97/><T68/><D68/><U114/><E114/><V69/><F69/><W95/><G23/><T62/><D120/><AGARI ba="1,1" hai="36,41,46,53,56,57,59,63,99,102,105,120,122,123" machi="120" ten="40,8000,1" yaku="1,1,52,3,53,0" doraHai="54" doraHaiUra="7" who="2" fromWho="0" sc="260,-83,270,0,201,93,259,0" /><INIT seed="5,0,0,3,0,92" ten="177,270,294,259" oya="1" hai0="113,68,6,46,9,1,65,76,28,129,20,99,53" hai1="71,121,15,122,47,110,134,0,105,64,50,8,126" hai2="55,124,27,103,115,94,106,2,62,66,120,112,132" hai3="51,87,11,23,128,100,75,81,36,84,33,35,61"/><U117/><E0/><V18/><F2/><W73/><G36/><T54/><D113/><N who="2" m="43594" /><F120/><W60/><G23/><T89/><D129/><U49/><E117/><V101/><F106/><W38/><G38/><T41/><D76/><U3/><E3/><V13/><F132/><W30/><G100/><N who="2" m="38473" /><F94/><W78/><G128/><T22/><D65/><U95/><E64/><V70/><F55/><W80/><G51/><T119/><D68/><U40/><E50/><V29/><F124/><W48/><G48/><T39/><D119/><U96/><E134/><V12/><F18/><W24/><G60/><T52/><REACH who="0" step="1"/><D28/><REACH who="0" ten="167,270,294,259" step="2"/><U14/><E71/><V108/><F108/><W74/><G30/><T45/><D45/><U86/><E110/><V17/><F17/><W85/><G78/><T82/><D82/><U72/><E122/><V34/><AGARI ba="0,1" hai="12,13,27,29,34,62,66,70" m="38473,43594" machi="34" ten="30,2000,0" yaku="15,1,11,1" doraHai="92" who="2" fromWho="2" sc="167,-5,270,-10,294,30,259,-5" owari="162,-33.8,260,6.0,324,42.4,254,-14.6" /></mjloggm>