<mjloggm ver="2.3"><GO type="225" lobby="0"/><UN n0="%E3%81%AF%E3%82%88%E3%81%8A%E3%81%98%E3%81%95%E3%82%93" n1="%E3%81%BF%E3%81%BF%E3%81%9A" n2="%E8%81%B7%E6%A5%AD%E3%80%81%E9%A2%A8%32" n3="%E3%82%8F%E3%81%8B%E3%81%B0%2A%E3%82%AC%E3%83%BC%E3%83%AB" dan="17,17,16,16" rate="2164.83,2231.35,2129.42,2111.51" sx="M,M,M,M"/><TAIKYOKU oya="0"/><INIT seed="0,0,0,3,0,130" ten="250,250,250,250" oya="0" hai0="125,22,24,82,57,49,44,63,7,100,126,36,34" hai1="13,43,61,103,91,9,134,10,33,26,58,5,131" hai2="97,14,102,59,119,41,73,77,62,0,99,50,8" hai3="20,123,1,4,129,68,122,110,53,35,98,37,40"/><T79/><D34/><U54/><E131/><V52/><F119/><W32/><G129/><T95/><D36/><U56/><E103/><V96/><F0/><W15/><G110/><T31/><D7/><U74/><E74/><V66/><F41/><W28/><G68/><T75/><D49/><U116/><E116/><V80/><F102/><W104/><G53/><T65/><REACH who="0" step="1"/><D44/><REACH who="0" ten="240,250,250,250" step="2"/><U107/><E33/><V64/><REACH who="2" step="1"/><F50/><REACH who="2" ten="240,250,240,250" step="2"/><W106/><G37/><T87/><D87/><U78/><E61/><V19/><AGARI ba="0,2" hai="8,14,19,52,59,62,64,66,73,77,80,96,97,99" machi="19" ten="30,7900,0" yaku="1,1,2,1,0,1,54,1,53,0" doraHai="130" doraHaiUra="120" who="2" fromWho="2" sc="240,-39,250,-20,240,99,250,-20" /><INIT seed="1,0,0,3,4,80" ten="201,230,339,230" oya="1" hai0="26,59,90,32,31,14,117,18,35,75,69,30,91" hai1="79,73,41,82,36,53,37,105,133,125,51,127,20" hai2="56,93,62,112,106,108,48,13,131,110,74,11,42" hai3="134,126,27,34,76,9,64,60,104,121,4,6,40"/><U67/><E105/><V52/><F112/><W2/><G121/><T63/><D117/><U47/><E133/><V38/><F106/><W115/><G115/><T12/><D69/><U119/><E119/><V70/><F74/><W101/><G134/><T8/><D75/><U124/><E67/><N who="2" m="41335" /><F131/><W99/><G76/><T78/><D78/><U49/><REACH who="1" step="1"/><E20/><REACH who="1" ten="201,220,339,230" step="2"/><V5/><F93/><W66/><G64/><T94/><D94/><U16/><E16/><V21/><F21/><W0/><G126/><T3/><D32/><U98/><E98/><V107/><F107/><W96/><G99/><T122/><D31/><U111/><E111/><V29/><F29/><N who="3" m="19775" /><G6/><T28/><D30/><U22/><E22/><V132/><F132/><W102/><G102/><T116/><D116/><U120/><E120/><V81/><F110/><W95/><G95/><T65/><D122/><U123/><E123/><V43/><F108/><W45/><G9/><T23/><D14/><U89/><E89/><V54/><F13/><W39/><G4/><AGARI ba="0,1" hai="3,4,8,12,18,23,26,28,35,59,63,65,90,91" machi="4" ten="40,2600,0" yaku="24,2" doraHai="80" who="0" fromWho="3" sc="201,36,220,0,339,0,230,-26" /><INIT seed="2,0,0,0,0,50" ten="237,220,339,204" oya="2" hai0="94,10,89,23,3,42,68,86,118,67,92,11,53" hai1="30,105,6,99,112,129,25,75,18,117,54,59,125" hai2="81,88,134,126,95,19,45,106,122,7,85,73,61" hai3="14,70,87,114,91,119,49,102,15,131,116,83,8"/><V13/><F122/><W28/><G131/><T64/><D42/><U31/><E112/><V101/><F126/><W133/><G114/><T69/><D118/><U66/><E117/><V24/><F134/><W65/><G133/><T63/><D3/><U121/><E75/><V26/><F7/><W33/><G102/><T72/><D72/><U127/><E121/><V82/><F106/><W120/><G120/><T58/><D69/><U2/><E66/><N who="0" m="25129" /><D68/><U109/><E109/><V132/><F132/><W17/><G15/><T128/><D128/><U27/><E129/><V77/><F61/><W97/><G97/><T62/><D62/><U113/><E113/><V100/><F45/><W16/><G65/><T56/><D56/><U111/><E111/><V41/><F41/><W39/><G39/><T60/><D60/><N who="1" m="35959" /><E99/><V115/><F115/><W74/><G74/><T96/><D23/><N who="1" m="13559" /><E105/><V4/><F4/><W71/><G71/><T1/><D1/><U34/><E6/><V20/><F101/><AGARI ba="0,0" hai="10,11,53,58,63,86,89,92,94,96,101" m="25129" machi="101" ten="30,2000,0" yaku="8,1,52,1" doraHai="50" who="0" fromWho="2" sc="237,20,220,0,339,-20,204,0" /><INIT seed="3,0,0,5,2,58" ten="257,220,319,204" oya="3" hai0="73,92,127,57,123,76,17,110,46,60,85,16,6" hai1="130,80,116,84,39,114,102,52,87,13,36,25,90" hai2="94,35,111,22,72,81,135,51,133,91,107,117,31" hai3="97,128,71,83,129,101,126,89,24,9,47,96,132"/><W69/><G126/><T33/><D33/><U37/><E114/><V75/><F107/><W63/><G132/><N who="2" m="50761" /><F35/><W11/><G24/><T82/><D123/><U54/><E130/><N who="3" m="50282" /><G47/><T68/><D68/><N who="3" m="26185" /><G63/><T21/><D127/><U134/><E134/><V70/><F111/><W15/><G101/><T79/><D110/><U18/><E116/><V53/><F117/><W65/><G65/><T3/><D46/><U121/><E121/><V93/><F70/><W48/><G48/><T42/><D42/><U43/><E43/><V55/><F51/><W119/><G119/><T124/><D124/><U45/><E102/><V115/><F115/><W103/><G103/><T26/><D3/><U5/><E45/><V19/><F53/><W100/><G100/><T27/><D6/><U29/><E5/><V122/><F55/><W41/><G41/><T74/><D79/><U78/><E25/><N who="2" m="14559" /><F31/><W66/><G66/><T118/><D118/><U61/><E29/><V10/><F122/><W131/><N who="3" m="50290" /><W62/><DORA hai="77" /><G62/><T14/><D27/><U112/><E61/><V67/><F67/><W64/><G64/><T40/><D40/><U56/><E56/><V109/><F109/><W1/><G1/><T120/><D120/><U86/><E112/><V34/><F34/><W98/><G15/><T113/><D113/><U30/><E30/><V12/><F12/><W59/><G59/><T32/><D32/><U95/><REACH who="1" step="1"/><E86/><AGARI ba="0,0" hai="9,11,83,86,89,96,97,98" m="26185,50290" machi="86" ten="50,4800,0" yaku="19,1,52,1" doraHai="58,77" who="3" fromWho="1" sc="257,0,220,-48,319,0,204,48" /><INIT seed="3,1,0,0,0,133" ten="257,172,319,252" oya="3" hai0="81,22,51,60,100,97,29,67,18,120,13,30,77" hai1="109,90,96,43,66,79,47,104,73,45,59,94,7" hai2="74,42,111,95,119,35,127,27,36,68,89,112,9" hai3="131,3,38,103,20,37,129,98,49,85,26,88,53"/><W50/><G3/><T113/><D120/><U48/><E109/><V92/><F68/><W25/><G98/><T58/><D51/><N who="3" m="19465" /><G53/><T121/><D113/><U69/><E45/><V61/><F112/><W123/><G103/><T17/><D17/><U122/><E122/><V132/><F111/><W72/><G72/><T128/><D128/><N who="3" m="49225" /><G123/><T40/><D40/><U46/><E46/><V2/><F42/><W65/><G65/><T70/><D70/><U1/><E104/><V114/><F74/><W118/><G118/><T126/><D121/><U28/><E28/><V125/><F119/><W101/><G101/><T56/><D58/><U39/><E69/><V93/><F114/><W55/><G55/><T99/><D97/><U12/><E12/><V31/><F36/><N who="3" m="13931" /><G20/><T134/><D29/><U32/><E32/><V135/><F61/><W75/><G75/><T76/><D99/><U19/><E19/><V86/><F2/><W110/><G110/><T5/><D100/><U10/><E48/><V0/><F0/><W107/><G107/><T83/><D30/><U8/><E8/><V57/><F57/><W108/><G108/><T52/><D67/><U11/><E11/><V87/><F9/><W4/><G4/><T33/><D5/><U82/><E59/><V80/><F87/><W34/><G34/><T71/><D71/><U6/><E7/><V115/><F115/><W105/><G105/><T117/><D33/><U78/><E66/><V15/><F15/><W16/><G16/><N who="0" m="10511" /><D117/><U116/><E116/><V23/><F35/><W84/><G25/><T63/><D18/><RYUUKYOKU ba="1,0" sc="257,-15,172,15,319,15,252,-15" hai1="1,6,10,39,43,47,73,78,79,82,90,94,96" hai2="23,27,31,80,86,89,92,93,95,125,127,132,135" owari="242,4.2,187,-31.3,334,43.4,237,-16.3" /></mjloggm>