<mjloggm ver="2.3"><GO type="225" lobby="0"/><UN n0="%4C%E3%82%AA%E3%83%97%E3%83%86%E3%82%A3%E3%82%B8%E3%83%B3%E3%82%AF" n1="%E6%9C%88%E5%B3%B6%E5%9F%BA" n2="%E3%83%A9%E3%83%BC%E3%83%A1%E3%83%B3%E4%BA%94%E9%83%8E" n3="%E6%9D%B1%E9%A2%A8%E3%81%AE%E3%81%8D%E3%82%83%E3%81%B7%E3%81%95%E3%82%93" dan="16,17,16,16" rate="2122.57,2191.47,2108.48,2184.39" sx="M,M,M,M"/><TAIKYOKU oya="0"/><INIT seed="0,0,0,5,1,60" ten="250,250,250,250" oya="0" hai0="56,132,85,110,31,96,121,0,117,99,20,113,89" hai1="120,62,131,83,35,104,39,40,44,28,7,84,135" hai2="8,65,48,59,70,11,114,123,51,93,100,46,107" hai3="88,122,124,78,80,17,90,63,119,95,125,133,21"/><T15/><D113/><U79/><E120/><V116/><F123/><W61/><G122/><T127/><D117/><U134/><E104/><V45/><F114/><W94/><G133/><N who="1" m="50698" /><E131/><V2/><F107/><W68/><G119/><T111/><D121/><U30/><E35/><V10/><F70/><W118/><G118/><T54/><D132/><U72/><E7/><V81/><F2/><W19/><G78/><T3/><D127/><N who="3" m="48713" /><G80/><T130/><D130/><U32/><E32/><V105/><F105/><W50/><G50/><N who="2" m="18985" /><F116/><W49/><G49/><N who="0" m="30799" /><D31/><N who="1" m="11819" /><E62/><N who="3" m="23562" /><G68/><T26/><D26/><U25/><E25/><V71/><F71/><W97/><G21/><T66/><D66/><U29/><E29/><V57/><F65/><W74/><G74/><AGARI ba="0,0" hai="39,40,44,72,74,79,83,84" m="11819,50698" machi="74" ten="30,1000,0" yaku="20,1" doraHai="60" who="1" fromWho="3" sc="250,0,250,10,250,0,250,-10" /><INIT seed="1,0,0,3,3,4" ten="250,260,250,240" oya="1" hai0="43,126,105,75,17,63,71,27,122,57,80,16,121" hai1="83,61,77,24,98,32,21,123,109,131,106,22,19" hai2="18,33,35,14,68,36,3,91,30,2,86,74,47" hai3="120,69,49,104,119,15,107,128,48,11,135,110,84"/><U67/><E123/><N who="0" m="47113" /><D126/><U44/><E131/><V129/><F68/><W66/><G120/><T20/><D105/><U133/><E133/><V46/><F74/><W25/><G25/><T5/><D71/><U113/><E113/><V58/><F129/><W93/><G128/><T118/><D118/><U79/><E109/><V6/><F35/><W81/><G135/><T55/><D5/><U64/><E32/><V60/><F33/><W0/><G93/><T115/><D115/><U73/><E79/><V40/><F47/><W72/><G0/><T102/><D102/><U76/><E76/><V1/><F30/><W94/><G94/><T37/><D80/><U65/><E44/><V124/><F124/><W9/><G72/><T89/><D89/><U51/><E51/><V56/><F6/><W117/><G110/><T50/><D75/><U108/><E108/><V95/><REACH who="2" step="1"/><F60/><REACH who="2" ten="250,260,240,240" step="2"/><W59/><G69/><T85/><D37/><U132/><E132/><V130/><F130/><W87/><G119/><T88/><D63/><U10/><E61/><V29/><F29/><W96/><G117/><T112/><D112/><U41/><E73/><V39/><F39/><W111/><G111/><T31/><D43/><U116/><E41/><V127/><F127/><W26/><G59/><T28/><D28/><U82/><E116/><V125/><F125/><W70/><G70/><T53/><D53/><U12/><E67/><V23/><AGARI ba="0,1" hai="1,2,3,14,18,23,36,40,46,56,58,86,91,95" machi="23" ten="30,2000,0" yaku="1,1,0,1,53,0" doraHai="4" doraHaiUra="101" who="2" fromWho="2" sc="250,-5,260,-10,240,30,240,-5" /><INIT seed="2,0,0,4,3,81" ten="245,250,270,235" oya="2" hai0="116,65,3,18,51,123,10,74,125,134,63,9,115" hai1="101,114,103,83,122,48,82,132,47,110,55,23,67" hai2="73,54,1,130,93,38,34,15,92,43,61,95,128" hai3="126,45,70,58,41,11,127,106,16,105,57,96,72"/><V50/><F1/><W8/><G70/><T86/><D115/><U77/><E114/><V60/><F73/><W89/><G72/><T98/><D123/><U0/><E0/><V6/><F34/><W12/><G8/><T133/><D74/><U124/><E122/><V91/><F43/><W129/><G129/><N who="2" m="49769" /><F38/><W85/><G57/><T108/><D108/><U22/><E110/><V14/><F6/><W2/><G58/><T13/><D125/><N who="3" m="47625" /><G96/><T76/><D116/><U30/><E124/><V25/><F25/><W97/><G97/><T21/><D98/><U113/><E113/><V68/><F68/><W112/><G2/><T135/><D51/><U42/><E48/><V59/><F91/><W78/><G78/><T87/><D76/><U121/><E77/><V79/><F79/><W44/><G112/><T19/><D3/><U66/><E121/><V39/><F39/><N who="3" m="21567" /><G45/><T109/><D109/><U32/><E47/><N who="2" m="27999" /><F61/><W27/><G27/><N who="0" m="14775" /><D10/><U36/><E36/><V71/><F71/><AGARI ba="0,0" hai="9,13,19,63,65,71,86,87,133,134,135" m="14775" machi="71" ten="30,3900,0" yaku="20,1,52,2" doraHai="81" who="0" fromWho="2" sc="245,39,250,0,270,-39,235,0" /><INIT seed="3,0,0,3,5,6" ten="284,250,231,235" oya="3" hai0="88,81,65,67,46,35,97,83,77,25,27,33,94" hai1="53,135,108,112,12,100,68,20,129,13,37,124,113" hai2="132,85,29,70,22,115,56,104,120,75,84,31,76" hai3="110,87,121,7,66,4,55,32,1,105,134,21,63"/><W79/><G105/><T102/><D35/><U80/><E68/><V2/><F70/><W30/><G121/><T0/><D0/><U82/><E37/><V74/><F115/><W93/><G32/><T44/><D33/><U123/><E123/><V127/><F120/><W92/><G55/><T99/><D99/><U51/><E108/><V39/><F39/><W47/><G47/><N who="0" m="17963" /><D102/><U15/><E129/><V78/><F104/><W98/><G110/><T23/><D27/><U17/><E124/><V107/><F107/><W91/><G134/><T114/><D114/><U59/><E135/><V71/><F71/><W89/><G79/><T50/><D50/><U116/><E116/><V38/><F38/><W40/><G40/><T130/><D130/><U62/><E112/><V86/><F2/><W90/><G1/><T16/><D77/><U54/><E100/><V45/><F127/><W131/><G90/><T42/><D42/><U109/><E109/><V73/><F132/><W26/><REACH who="3" step="1"/><G131/><REACH who="3" ten="284,250,231,225" step="2"/><T119/><D119/><U52/><E113/><V64/><F74/><W3/><G3/><T61/><D61/><U8/><E62/><V10/><F75/><W122/><G122/><T36/><D36/><U128/><E128/><V14/><F73/><W111/><G111/><T19/><D67/><U106/><E106/><V9/><F76/><W48/><G48/><T118/><D65/><U95/><E51/><V28/><F78/><W103/><G103/><T96/><D118/><U11/><E54/><V72/><F72/><W43/><G43/><T101/><D101/><U57/><E53/><RYUUKYOKU ba="0,1" sc="284,-10,250,-10,231,-10,225,30" hai3="4,7,21,26,30,63,66,87,89,91,92,93,98" /><INIT seed="3,1,1,0,5,118" ten="274,240,221,255" oya="3" hai0="68,123,117,107,114,127,113,12,106,101,11,13,4" hai1="3,89,57,48,120,97,19,110,0,17,84,49,28" hai2="95,132,126,85,91,76,105,65,99,78,103,119,27" hai3="104,29,115,93,10,38,131,8,79,64,122,33,15"/><W67/><G104/><N who="0" m="39979" /><D117/><U47/><E120/><V102/><F119/><W82/><G122/><T6/><D123/><U26/><E110/><V24/><F126/><W134/><G38/><T23/><D127/><U63/><E3/><V40/><F40/><W39/><G39/><T50/><D101/><U51/><E0/><V83/><F132/><W125/><G115/><N who="0" m="44043" /><D68/><U129/><E129/><V112/><F112/><W71/><G134/><T62/><D62/><U55/><E97/><V87/><F65/><W37/><G131/><T36/><D36/><U54/><E54/><V130/><F130/><W7/><G37/><T70/><D70/><U108/><E108/><V44/><F44/><W9/><G125/><T32/><D32/><U30/><E47/><V59/><F59/><W46/><G46/><T69/><D69/><U133/><E133/><V92/><REACH who="2" step="1"/><F78/><REACH who="2" ten="274,240,211,255" step="2"/><W73/><G67/><T66/><D66/><U128/><E128/><V5/><F5/><N who="0" m="2154" /><D50/><U25/><E51/><V80/><F80/><W121/><G121/><T111/><D111/><U77/><E49/><V75/><F75/><W2/><G64/><T45/><D45/><U72/><E48/><V81/><F81/><W21/><G82/><T94/><D94/><N who="1" m="54567" /><E72/><V16/><F16/><N who="1" m="6217" /><E77/><V58/><F58/><W20/><G79/><T90/><D11/><U35/><E35/><V18/><F18/><W98/><G9/><T116/><D116/><U124/><E124/><V88/><F88/><W60/><G10/><T52/><D90/><U41/><E41/><V96/><AGARI ba="1,2" hai="24,27,76,83,85,87,91,92,95,96,99,102,103,105" machi="96" ten="30,2000,0" yaku="1,1,0,1,53,0" doraHai="118" doraHaiUra="14" who="2" fromWho="2" sc="274,-6,240,-6,211,43,255,-11" /><INIT seed="4,0,0,2,1,100" ten="268,234,254,244" oya="0" hai0="64,72,25,1,90,41,88,78,63,19,66,74,131" hai1="29,129,89,122,86,22,79,95,16,115,81,24,50" hai2="110,70,126,67,83,73,37,96,97,108,43,132,119" hai3="101,61,44,21,58,49,128,36,2,75,10,65,87"/><T99/><D1/><U135/><E122/><V94/><F126/><W102/><G75/><T118/><D118/><U104/><E104/><V23/><F119/><W133/><G36/><T14/><D41/><U20/><E129/><V12/><F132/><W31/><G133/><T60/><D131/><U6/><E135/><V5/><F70/><W130/><G87/><T51/><D78/><U47/><E115/><V27/><F67/><N who="0" m="25642" /><D74/><U116/><E6/><V134/><F134/><W85/><G85/><T42/><D72/><U62/><E62/><N who="0" m="23593" /><D25/><U4/><E4/><V68/><F68/><W69/><G69/><T28/><D28/><U38/><E38/><V76/><F43/><W40/><G130/><T9/><D99/><U71/><E71/><V93/><F37/><W114/><G128/><T7/><D7/><U55/><E116/><V98/><F5/><W127/><G2/><T117/><D117/><U109/><E109/><V17/><REACH who="2" step="1"/><F27/><REACH who="2" ten="268,234,244,244" step="2"/><N who="3" m="16879" /><G127/><T54/><D42/><U125/><E125/><V103/><F103/><W107/><G101/><T3/><D3/><U111/><E111/><AGARI ba="0,1" hai="12,17,23,73,76,83,93,94,96,97,98,108,110,111" machi="111" ten="40,2600,0" yaku="1,1,53,1" doraHai="100" doraHaiUra="15" who="2" fromWho="1" sc="268,0,234,-26,244,36,244,0" /><INIT seed="5,0,0,0,1,29" ten="268,208,280,244" oya="1" hai0="57,75,89,129,125,96,50,60,58,23,0,43,5" hai1="7,72,27,106,110,67,47,107,123,121,10,130,66" hai2="115,20,16,85,11,3,113,59,77,28,119,30,131" hai3="122,45,109,26,48,86,88,65,61,80,14,95,39"/><U78/><E110/><V105/><F119/><W55/><G122/><T52/><D75/><U124/><E124/><V68/><F68/><W135/><G135/><T21/><D125/><U100/><E130/><V49/><F105/><W74/><G109/><T79/><D79/><U73/><E78/><V33/><F131/><W42/><G14/><T6/><D129/><U120/><E27/><N who="2" m="14727" /><F33/><W98/><G26/><T44/><D58/><U92/><E106/><V54/><F11/><W111/><G74/><T41/><D41/><U22/><E107/><V133/><F3/><W46/><G111/><T2/><D2/><U112/><E22/><N who="0" m="8201" /><D0/><U18/><E112/><N who="2" m="43083" /><F133/><W87/><REACH who="3" step="1"/><G80/><AGARI ba="0,0" hai="28,30,49,54,59,77,80,85" m="43083,14727" machi="80" ten="30,3900,0" yaku="15,1,11,1,54,1" doraHai="29" who="2" fromWho="3" sc="268,0,208,0,280,39,244,-39" owari="268,6.8,208,-19.2,319,41.9,205,-29.5" /></mjloggm>