<mjloggm ver="2.3"><GO type="225" lobby="0"/><UN n0="%E6%9C%88%E5%B3%B6%E5%9F%BA" n1="%72%65%6E%6B%75%6E" n2="%E3%81%8B%E3%82%8F%E3%81%A1%E3%82%83%E3%82%93%35%38" n3="%77%72%77%72%77%72%77%72" dan="16,17,16,17" rate="2112.30,2214.32,2120.13,2199.44" sx="M,M,M,M"/><TAIKYOKU oya="0"/><INIT seed="0,0,0,4,4,41" ten="250,250,250,250" oya="0" hai0="68,33,84,70,133,87,83,117,134,91,124,30,107" hai1="8,129,112,16,82,6,72,67,94,128,35,48,123" hai2="47,77,12,98,13,71,132,122,43,22,93,86,88" hai3="92,53,119,75,40,14,46,110,60,5,106,135,49"/><T121/><D117/><U38/><E38/><V0/><F122/><W114/><G119/><T39/><D121/><U79/><E35/><V95/><F0/><W103/><G114/><T51/><D39/><U73/><E123/><V104/><F104/><W42/><G106/><T29/><D124/><U4/><E112/><V31/><F71/><N who="0" m="27178" /><D33/><U102/><E67/><V69/><F69/><W55/><G75/><T120/><D120/><U54/><E73/><V34/><F34/><W58/><G110/><T23/><D107/><U44/><E94/><V26/><F132/><N who="0" m="50794" /><D23/><U96/><E96/><V10/><F10/><N who="3" m="4431" /><G135/><T63/><D63/><U100/><E100/><V74/><F74/><W32/><G32/><T3/><D3/><U18/><E102/><V108/><F108/><W89/><G103/><T90/><D51/><U21/><E18/><V113/><F113/><W61/><G60/><T111/><D111/><U65/><E65/><V9/><F9/><W81/><G81/><AGARI ba="0,0" hai="29,30,81,83,84,87,90,91" m="50794,27178" machi="81" ten="30,1500,0" yaku="20,1" doraHai="41" who="0" fromWho="3" sc="250,15,250,0,250,0,250,-15" /><INIT seed="0,1,0,3,3,67" ten="265,250,250,235" oya="0" hai0="97,109,89,30,127,123,32,52,111,22,25,59,56" hai1="95,3,93,41,44,69,6,122,92,118,106,12,70" hai2="101,125,131,87,23,31,78,135,20,68,2,50,26" hai3="83,37,115,71,121,48,53,117,108,84,128,134,21"/><T8/><D123/><U75/><E118/><V86/><F2/><W66/><G117/><T57/><D127/><U94/><E122/><V47/><F125/><W80/><G121/><T79/><D79/><U58/><E106/><V77/><F68/><W107/><G115/><T43/><D43/><U51/><E3/><V4/><F4/><W10/><G107/><T74/><D74/><U17/><E6/><V116/><F116/><W72/><G37/><T61/><D8/><U110/><E75/><V102/><F135/><W39/><G134/><T113/><D32/><U46/><E58/><V100/><F131/><W103/><G39/><T65/><D113/><U34/><E34/><V29/><F29/><W73/><G128/><T120/><D120/><U40/><N who="1" m="23552" /><DORA hai="45" /><U13/><E110/><N who="0" m="41993" /><D89/><U24/><E24/><V19/><F78/><W126/><G71/><N who="0" m="42415" /><D97/><U90/><E90/><V18/><F77/><W85/><G72/><T98/><D98/><U76/><E76/><V132/><F132/><W27/><G73/><T55/><AGARI ba="1,0" hai="22,25,30,52,55,56,57,59" m="42415,41993" machi="55" ten="40,12000,1" yaku="14,1,10,1,52,1,54,1" doraHai="67,45" who="0" fromWho="0" sc="265,123,250,-41,250,-41,235,-41" /><INIT seed="0,2,0,1,2,117" ten="388,209,209,194" oya="0" hai0="94,8,52,33,92,98,83,46,5,54,79,37,133" hai1="105,72,53,67,132,87,4,74,56,122,108,12,68" hai2="61,127,80,7,89,2,16,120,13,22,119,129,24" hai3="35,30,23,81,58,29,91,39,28,26,6,112,17"/><T31/><D133/><U59/><E105/><V25/><F120/><W100/><G39/><T113/><D113/><U34/><E34/><V131/><F119/><W3/><G100/><T77/><D31/><N who="3" m="11849" /><G58/><T135/><D33/><U101/><E101/><V130/><F61/><W85/><G81/><T38/><D135/><U126/><E132/><V63/><F63/><W115/><G85/><T66/><D66/><U71/><E67/><V19/><F127/><W84/><G84/><T125/><D125/><U41/><E41/><V118/><F118/><W82/><G91/><T47/><D8/><N who="1" m="4103" /><E56/><V128/><N who="2" m="32768" /><DORA hai="15" /><V111/><F111/><W55/><G82/><T106/><D5/><U110/><E122/><V102/><F102/><W90/><G90/><T75/><D83/><U45/><E45/><V32/><F32/><W96/><G96/><T121/><D98/><U20/><E20/><N who="2" m="11279" /><F89/><W134/><G55/><T97/><D106/><U62/><E126/><V51/><F51/><W1/><G134/><T57/><D57/><U70/><E87/><V124/><F80/><W49/><G49/><T21/><D97/><U64/><E64/><V14/><F124/><W123/><G123/><T65/><D65/><U44/><E44/><V93/><F93/><W76/><G76/><T48/><D121/><U18/><E71/><V50/><F50/><W11/><G1/><T0/><D0/><U42/><E70/><V116/><F116/><W95/><G95/><T73/><D48/><U40/><E68/><V43/><F43/><W109/><G109/><T114/><D92/><U107/><E110/><RYUUKYOKU ba="2,0" sc="388,-15,209,-15,209,15,194,15" hai2="2,7,14,19,22,24,25" hai3="3,6,11,17,23,26,30,35,112,115" /><INIT seed="1,3,0,0,1,23" ten="373,194,224,209" oya="1" hai0="79,131,124,70,69,113,134,77,0,118,125,87,5" hai1="48,57,11,71,33,104,9,42,17,1,89,83,115" hai2="32,12,7,107,55,102,66,34,122,106,41,92,135" hai3="97,78,20,73,130,29,36,105,63,19,4,109,65"/><U132/><E104/><V60/><F41/><W111/><G36/><T27/><D113/><U90/><E71/><V26/><F55/><W126/><G4/><T91/><D118/><U61/><E33/><V128/><F34/><W99/><G29/><T114/><D114/><U58/><E115/><V44/><F44/><W40/><G40/><T24/><D131/><U74/><E132/><V8/><F122/><W10/><G10/><N who="0" m="2343" /><D134/><U67/><E1/><V98/><F135/><W31/><G31/><T103/><D103/><U21/><E74/><V16/><F128/><W49/><G130/><T88/><D91/><N who="1" m="34827" /><E83/><V51/><F51/><W18/><G49/><T37/><D70/><U47/><E58/><V22/><REACH who="2" step="1"/><F32/><REACH who="2" ten="373,194,214,209" step="2"/><W46/><G46/><T84/><D37/><U81/><E81/><V59/><AGARI ba="3,1" hai="7,8,12,16,22,26,59,60,66,92,98,102,106,107" machi="59" ten="20,12000,2" yaku="1,1,2,1,0,1,7,1,52,1,54,1,53,1" doraHai="23" doraHaiUra="62" who="2" fromWho="2" sc="373,-33,194,-63,214,139,209,-33" /><INIT seed="2,0,0,4,1,58" ten="340,131,353,176" oya="2" hai0="22,116,12,108,114,34,31,96,87,28,1,132,15" hai1="90,133,84,59,134,21,13,83,30,55,49,62,20" hai2="121,123,91,81,5,82,72,113,47,94,77,110,120" hai3="131,109,19,11,40,17,126,2,10,18,89,43,75"/><V53/><F5/><W26/><G75/><T48/><D114/><U97/><E30/><V111/><F53/><W32/><G109/><N who="2" m="41481" /><F47/><W41/><G131/><T68/><D1/><U71/><E13/><V29/><F29/><W7/><G126/><T79/><D68/><U98/><E71/><V39/><F39/><W61/><G32/><T85/><D22/><U104/><E49/><V118/><F113/><W117/><G117/><T46/><D48/><U66/><E55/><V36/><F36/><W51/><G89/><T63/><D46/><U35/><E35/><V101/><F118/><W105/><G105/><T103/><D34/><U115/><E115/><V33/><F33/><W16/><G61/><T3/><D63/><U124/><E124/><V119/><F119/><W50/><REACH who="3" step="1"/><G26/><REACH who="3" ten="340,131,353,166" step="2"/><T125/><D125/><U100/><REACH who="1" step="1"/><E98/><REACH who="1" ten="340,121,353,166" step="2"/><N who="2" m="59607" /><F123/><W69/><G69/><T76/><D108/><U88/><E88/><V112/><F112/><W92/><G92/><T127/><D116/><U64/><E64/><V106/><F106/><W122/><G122/><T24/><D127/><U6/><E6/><V74/><F91/><W70/><G70/><T25/><D25/><U107/><E107/><V4/><F4/><W23/><G23/><AGARI ba="0,2" hai="20,21,23,59,62,66,83,84,90,97,100,104,133,134" machi="23" ten="40,5200,0" yaku="1,1,52,1,53,1" doraHai="58" doraHaiUra="60" who="1" fromWho="3" sc="340,0,121,72,353,0,166,-52" /><INIT seed="3,0,0,0,1,35" ten="340,193,353,114" oya="3" hai0="133,30,122,65,54,34,72,67,123,8,37,39,10" hai1="3,44,117,92,132,49,15,98,85,47,78,97,102" hai2="124,100,5,23,12,21,88,75,46,89,11,68,76" hai3="36,106,52,130,71,7,48,41,96,32,109,31,82"/><W120/><G120/><N who="0" m="46123" /><D34/><U131/><E3/><V104/><F68/><W86/><G71/><T87/><D30/><U4/><E131/><V66/><F66/><N who="0" m="25098" /><D54/><U17/><E132/><V108/><F100/><W115/><G115/><T64/><D64/><U16/><E117/><V101/><F101/><W42/><G130/><T63/><D87/><U2/><E97/><V55/><F104/><W114/><G114/><T51/><D51/><U90/><E78/><V22/><F75/><W81/><G7/><T135/><D72/><U121/><E121/><V94/><F76/><W79/><G36/><N who="0" m="13899" /><D63/><U110/><E110/><V105/><F55/><W126/><G109/><T43/><D43/><U57/><E57/><V119/><F108/><W84/><G96/><T118/><D118/><U93/><E49/><V73/><F22/><W56/><G106/><T28/><D28/><U1/><E17/><V24/><F23/><W80/><G126/><T128/><D128/><U111/><E111/><V77/><F105/><W116/><G116/><T103/><D103/><U70/><E70/><V127/><F119/><W95/><G95/><T58/><D58/><U112/><E112/><V25/><F77/><W59/><G59/><T83/><D83/><U53/><E4/><V14/><F73/><W0/><G0/><T13/><D13/><U99/><E85/><N who="3" m="32874" /><G79/><T27/><D27/><N who="2" m="10314" /><F94/><W129/><G129/><T18/><D18/><U33/><E33/><V26/><N who="2" m="10322" /><AGARI ba="0,0" hai="26,31,32,41,42,48,52,56,80,81,82" m="32874" machi="26" ten="30,2900,0" yaku="3,1,54,1" doraHai="35" who="3" fromWho="2" sc="340,0,193,0,353,-29,114,29" /><INIT seed="3,1,0,3,0,135" ten="340,193,324,143" oya="3" hai0="24,134,17,58,104,62,19,38,132,117,56,128,99" hai1="44,52,72,42,129,118,112,88,34,36,12,22,35" hai2="11,89,114,18,48,75,1,131,77,54,46,109,120" hai3="130,115,0,13,29,32,43,124,84,20,98,53,25"/><W105/><G115/><T6/><D117/><U81/><E118/><V50/><F114/><W57/><G0/><T85/><D38/><U102/><E112/><V16/><F75/><W31/><G130/><T108/><D108/><U23/><E129/><V26/><F131/><W123/><G123/><T39/><D39/><U65/><E65/><V59/><F109/><W40/><G124/><T113/><D128/><U79/><E102/><V119/><F119/><W70/><G70/><T14/><D113/><U3/><E3/><V87/><F120/><W100/><G84/><T101/><D24/><U68/><E68/><V37/><F37/><W126/><G126/><T92/><D6/><U55/><E88/><V49/><F77/><W51/><REACH who="3" step="1"/><G29/><REACH who="3" ten="340,193,324,133" step="2"/><T71/><D85/><U61/><E12/><N who="2" m="7199" /><F1/><W10/><G10/><T60/><D71/><U73/><E73/><V27/><F46/><W93/><G93/><T5/><D92/><U107/><E107/><V21/><F26/><W64/><G64/><T86/><D86/><U28/><E28/><V82/><AGARI ba="1,1" hai="18,21,27,48,49,50,54,59,82,87,89" m="7199" machi="82" ten="30,2000,0" yaku="8,1,54,1" doraHai="135" who="2" fromWho="2" sc="340,-6,193,-6,324,33,133,-11" owari="334,13.4,187,-21.3,357,45.7,122,-37.8" /></mjloggm>