<mjloggm ver="2.3"><GO type="225" lobby="0"/><UN n0="%E7%99%BD%E5%80%89%E5%AF%9B%E4%B9%8B" n1="%E3%81%AF%E3%82%88%E3%81%8A%E3%81%98%E3%81%95%E3%82%93" n2="%E3%81%AD%E3%82%80%E3%81%84%40%E9%9B%80%E9%B3%B4%E4%BC%9A" n3="%E5%B6%BA%E4%B8%8A%E5%92%B2" dan="16,17,16,16" rate="2153.20,2142.48,2190.59,2171.82" sx="M,M,F,F"/><TAIKYOKU oya="0"/><INIT seed="0,0,0,0,1,130" ten="250,250,250,250" oya="0" hai0="47,100,19,84,66,121,124,119,27,99,85,128,123" hai1="56,52,7,74,129,118,38,72,91,25,125,33,78" hai2="117,97,132,101,62,29,89,4,14,2,70,54,46" hai3="96,64,86,9,39,44,8,50,71,40,42,73,60"/><T116/><D66/><U88/><E118/><N who="0" m="45097" /><D47/><U82/><E74/><V75/><F117/><W83/><G73/><T41/><D41/><U92/><E38/><V21/><F2/><W0/><G96/><T120/><D19/><U53/><E129/><V131/><F75/><W43/><G39/><T133/><D27/><U32/><E125/><V108/><F70/><W77/><G0/><T48/><D48/><U5/><E91/><V22/><F89/><W63/><G63/><T79/><D128/><U34/><E25/><V90/><F90/><W76/><G76/><T115/><D124/><U49/><REACH who="1" step="1"/><E53/><REACH who="1" ten="250,240,250,250" step="2"/><V45/><F54/><W68/><G42/><T31/><D79/><U16/><E16/><V37/><F37/><W57/><G40/><T93/><D31/><U55/><E55/><V69/><F29/><W112/><G112/><T111/><D115/><U23/><E23/><V20/><F21/><W10/><AGARI ba="0,1" hai="8,9,10,43,44,50,57,60,64,68,71,77,83,86" machi="10" ten="30,1100,0" yaku="0,1" doraHai="130" who="3" fromWho="3" sc="250,-5,240,-3,250,-3,250,21" /><INIT seed="1,0,0,5,5,2" ten="245,237,247,271" oya="1" hai0="56,73,133,4,130,95,71,59,94,65,7,23,107" hai1="38,91,128,101,50,54,64,48,121,81,13,46,93" hai2="79,74,14,84,85,110,126,19,70,78,5,31,61" hai3="11,96,53,35,75,109,111,58,40,24,124,6,119"/><U9/><E128/><V15/><F110/><N who="3" m="41995" /><G75/><T100/><D73/><U114/><E114/><V33/><F126/><W88/><G124/><T102/><D71/><U41/><E121/><V83/><F33/><W90/><G40/><T39/><D39/><U25/><E64/><V62/><F31/><N who="3" m="19943" /><G96/><T60/><D130/><U112/><E112/><V37/><F37/><W89/><G119/><T0/><D0/><U135/><E135/><V45/><F45/><W87/><G87/><T115/><D115/><U30/><E81/><N who="2" m="47159" /><F70/><W131/><G131/><T1/><D1/><U34/><E101/><N who="0" m="39017" /><D107/><U76/><E54/><V125/><F74/><W51/><G89/><T17/><D59/><U120/><E76/><V116/><F125/><W99/><G99/><T127/><D133/><U77/><E77/><V129/><F116/><W21/><G21/><T113/><D113/><U118/><E120/><V86/><F86/><W32/><G32/><T57/><D57/><U122/><E118/><V66/><F129/><W69/><G69/><T105/><D105/><U12/><E122/><V36/><F36/><W10/><G10/><T43/><D43/><U20/><E34/><V47/><F47/><W42/><G42/><T108/><D108/><U28/><E30/><V26/><F79/><W63/><G63/><T98/><D127/><U92/><E9/><N who="2" m="4399" /><F62/><W22/><G22/><T3/><D98/><N who="1" m="57631" /><E93/><N who="0" m="35337" /><D3/><AGARI ba="0,0" hai="3,6,11,51,53,58,88,90" m="19943,41995" machi="3" ten="30,3900,0" yaku="14,1,52,1,54,1" doraHai="2" who="3" fromWho="0" sc="245,-39,237,0,247,0,271,39" /><INIT seed="2,0,0,1,4,114" ten="206,237,247,310" oya="2" hai0="26,78,128,102,86,91,74,90,24,13,1,56,118" hai1="131,110,113,108,39,76,123,80,70,75,30,132,126" hai2="101,51,62,61,92,28,45,44,94,120,27,4,67" hai3="112,31,16,53,82,63,77,100,33,109,37,43,36"/><V9/><F120/><W58/><G112/><T47/><D1/><U12/><RYUUKYOKU type="yao9" ba="0,0" sc="206,0,237,0,247,0,310,0" hai1="12,30,39,70,75,76,80,108,110,113,123,126,131,132" /><INIT seed="2,1,0,0,5,67" ten="206,237,247,310" oya="2" hai0="113,107,4,87,10,29,105,99,80,47,91,8,115" hai1="68,23,37,27,79,86,20,128,12,44,14,40,125" hai2="59,95,74,50,30,131,120,18,41,32,36,53,132" hai3="98,51,88,5,19,81,35,6,134,103,48,96,34"/><V85/><F120/><W3/><G134/><T43/><D29/><U73/><E73/><V66/><F74/><W123/><G123/><T42/><D42/><U116/><E116/><V69/><F132/><W102/><G3/><T7/><D105/><U1/><E1/><V97/><F131/><W24/><G24/><T90/><D107/><U75/><E75/><V130/><F130/><W38/><G38/><T72/><D72/><U52/><E128/><V62/><F85/><N who="3" m="50223" /><G19/><T114/><D99/><N who="3" m="37929" /><G34/><T111/><D91/><U122/><E122/><V133/><F133/><W83/><G83/><T78/><D90/><U39/><E37/><V49/><F18/><W104/><G35/><T15/><D111/><U54/><E125/><V58/><F30/><W70/><G70/><T118/><D118/><U61/><E68/><V124/><F32/><W77/><G77/><T93/><D93/><U106/><E106/><V84/><F84/><W17/><G17/><T16/><REACH who="0" step="1"/><D10/><REACH who="0" ten="196,237,247,310" step="2"/><U33/><E33/><V94/><F124/><W45/><G104/><T92/><D92/><U108/><E108/><V46/><F97/><W129/><G129/><T112/><N who="0" m="28672" /><DORA hai="126" /><T76/><D76/><U11/><E11/><V60/><REACH who="2" step="1"/><F36/><AGARI ba="1,1" hai="4,7,8,15,16,36,43,47,78,80,87" m="28672" machi="36" ten="70,4500,0" yaku="1,1,54,1,53,0" doraHai="67,126" doraHaiUra="22,65" who="0" fromWho="2" sc="196,58,237,0,247,-48,310,0" /><INIT seed="3,0,0,4,4,105" ten="254,237,199,310" oya="3" hai0="87,6,51,102,113,96,38,68,4,79,69,78,52" hai1="8,35,120,37,100,74,50,112,83,98,13,60,45" hai2="58,59,82,97,119,70,54,32,20,11,71,88,27" hai3="73,31,2,63,42,30,34,19,86,128,114,131,84"/><W122/><G73/><T24/><D38/><U18/><E120/><V89/><F119/><W107/><G2/><T47/><D113/><U57/><E112/><V111/><F32/><W46/><G107/><T23/><D69/><U39/><E35/><V103/><F111/><W26/><G114/><T101/><D68/><U129/><E129/><N who="3" m="49738" /><G122/><T1/><D1/><U117/><E117/><V15/><F70/><W124/><G124/><T72/><D72/><U12/><E12/><V49/><F71/><W25/><G63/><T14/><D87/><N who="3" m="33321" /><G19/><N who="0" m="12415" /><D96/><U64/><E83/><V17/><F82/><W7/><G7/><N who="0" m="2603" /><D14/><U43/><E74/><V0/><F0/><W16/><G16/><T127/><D127/><U53/><E64/><V33/><F33/><W28/><G34/><T134/><D134/><U133/><E133/><V130/><F130/><W48/><AGARI ba="0,0" hai="25,26,28,30,31,42,46,48" m="33321,49738" machi="48" ten="40,2100,0" yaku="19,1" doraHai="105" who="3" fromWho="3" sc="254,-7,237,-7,199,-7,310,21" owari="247,4.7,230,-17.0,192,-30.8,331,43.1" /></mjloggm>