<mjloggm ver="2.3"><GO type="225" lobby="0"/><UN n0="%E8%A8%88%E7%AE%97%E6%A9%9F%E8%87%AA%E7%84%B6" n1="%E3%81%82%E3%81%99%E3%81%AB%E3%82%83%E3%82%80" n2="%E3%81%AF%E3%82%88%E3%81%8A%E3%81%98%E3%81%95%E3%82%93" n3="%41%72%69%61" dan="17,18,17,16" rate="2142.45,2284.85,2193.00,2155.28" sx="M,F,M,F"/><TAIKYOKU oya="0"/><INIT seed="0,0,0,4,2,108" ten="250,250,250,250" oya="0" hai0="9,4,52,106,126,46,89,129,127,38,73,48,74" hai1="28,32,118,80,109,23,21,17,11,72,58,43,114" hai2="102,13,130,0,107,44,41,134,76,91,49,84,37" hai3="7,71,66,86,50,56,15,25,93,95,90,113,70"/><T94/><D106/><U81/><E109/><V69/><F0/><W51/><G71/><T35/><D35/><U92/><E118/><V67/><F130/><W135/><G70/><T57/><D129/><U54/><E43/><V87/><F134/><W62/><G135/><T101/><D101/><U68/><E68/><V27/><F27/><W40/><G113/><T45/><D74/><U88/><E114/><V30/><F30/><W63/><G63/><T97/><D73/><U83/><E72/><V125/><F125/><N who="0" m="47626" /><D38/><U103/><E103/><V98/><F76/><W112/><G112/><T100/><D100/><U20/><E32/><V111/><F111/><W55/><G25/><T16/><D4/><U60/><E28/><V133/><F133/><W131/><G40/><T24/><D9/><U31/><E11/><V29/><F29/><W82/><G50/><T1/><D1/><U132/><E31/><V64/><F37/><W14/><G131/><T26/><D26/><N who="1" m="14607" /><E132/><V115/><F115/><W19/><G7/><T119/><D119/><U18/><E18/><V39/><F39/><W34/><G34/><T6/><D6/><U117/><E117/><V104/><F104/><W120/><G120/><T128/><D128/><U122/><E122/><V59/><F13/><N who="3" m="4619" /><G19/><T61/><D48/><U10/><E10/><V65/><F69/><W116/><G116/><T36/><D36/><U33/><E33/><V12/><F12/><W123/><G123/><T78/><D78/><U8/><E8/><V121/><F121/><W99/><G99/><AGARI ba="0,0" hai="21,23,54,58,60,80,81,83,88,92,99" m="14607" machi="99" ten="30,3900,0" yaku="25,1,8,1,54,1" doraHai="108" who="1" fromWho="3" sc="250,0,250,39,250,0,250,-39" /><INIT seed="1,0,0,0,0,0" ten="250,289,250,211" oya="1" hai0="81,112,59,110,123,98,5,125,54,113,12,91,89" hai1="62,34,20,45,56,55,43,80,76,47,36,50,8" hai2="86,30,2,129,121,52,22,19,114,24,44,9,48" hai3="1,92,15,72,37,77,122,26,94,115,133,117,49"/><U6/><E34/><V75/><F75/><W69/><G15/><T58/><D110/><U3/><E20/><V119/><F119/><W85/><G49/><T95/><D125/><U14/><E14/><V135/><F121/><W126/><G26/><T109/><D109/><U42/><E62/><V31/><F129/><W23/><G23/><T38/><D38/><U35/><E35/><V79/><F135/><W4/><G85/><N who="0" m="50351" /><D113/><U106/><E106/><V32/><F114/><W120/><G94/><T90/><D112/><U53/><E56/><N who="0" m="21545" /><D54/><U74/><AGARI ba="0,0" hai="3,6,8,36,42,43,45,47,50,53,55,74,76,80" machi="74" ten="20,12000,1" yaku="0,1,7,1,25,2,52,1" doraHai="0" who="1" fromWho="1" sc="250,-40,289,120,250,-40,211,-40" /><INIT seed="1,1,0,3,0,65" ten="210,409,210,171" oya="1" hai0="82,45,3,91,117,43,7,31,116,118,76,101,53" hai1="37,120,102,51,87,54,126,77,133,80,5,125,32" hai2="104,23,112,93,30,100,121,55,70,106,83,60,107" hai3="66,42,15,94,74,135,27,114,25,90,9,8,40"/><U38/><E32/><V99/><F121/><W131/><G114/><T79/><D53/><U44/><E120/><V21/><F112/><W85/><G135/><T47/><D101/><U110/><E133/><V46/><F83/><W92/><G74/><T97/><D31/><U73/><E5/><V67/><F30/><W105/><G105/><T26/><D26/><U109/><E102/><V119/><F119/><W130/><G66/><T11/><D47/><U10/><E10/><V56/><REACH who="2" step="1"/><F46/><REACH who="2" ten="210,409,200,171" step="2"/><W132/><G132/><T2/><D117/><U52/><E73/><V95/><F95/><W6/><G94/><T33/><D82/><U78/><E77/><V28/><F28/><W111/><G111/><N who="1" m="42506" /><E54/><V17/><F17/><W96/><G131/><T19/><D19/><U88/><E78/><V0/><F0/><W18/><G130/><T61/><D2/><U108/><E108/><V13/><F13/><N who="3" m="7463" /><G85/><T14/><D118/><U103/><E103/><V24/><F24/><AGARI ba="1,1" hai="6,9,15,24,25,27,40,42,90,92,96" m="7463" machi="24" ten="30,1000,0" yaku="8,1" doraHai="65" who="3" fromWho="2" sc="210,0,409,0,200,-13,171,23" /><INIT seed="2,0,0,3,4,99" ten="210,409,187,194" oya="2" hai0="116,5,42,74,2,105,34,8,15,33,44,47,101" hai1="87,19,46,113,124,45,76,94,89,21,53,10,128" hai2="36,29,127,41,112,28,39,65,135,81,54,52,31" hai3="119,16,84,50,125,132,27,40,97,57,17,14,121"/><V63/><F112/><W23/><G119/><T38/><D15/><U75/><E113/><V134/><F127/><W13/><G125/><T82/><D116/><U106/><E106/><V7/><F7/><W104/><G121/><T22/><D22/><U88/><E128/><V62/><F81/><W126/><G132/><N who="2" m="50729" /><F41/><W30/><G126/><T130/><D44/><U67/><E67/><V25/><F25/><W0/><G0/><T86/><D86/><U122/><E122/><V68/><F63/><W24/><G84/><T115/><D130/><U120/><E120/><V58/><F68/><W51/><G40/><T100/><D115/><U69/><E69/><V96/><F96/><W131/><G131/><T12/><D12/><U26/><E124/><V61/><F62/><W32/><G57/><T60/><D60/><U78/><E75/><V79/><F79/><W64/><G64/><T43/><D43/><U72/><E72/><V66/><F65/><W20/><G27/><T70/><D70/><U80/><E76/><V123/><F123/><W59/><G59/><T77/><D105/><U9/><E78/><V83/><F83/><W56/><G56/><T92/><D92/><U90/><E94/><V6/><F6/><W118/><G118/><T129/><D129/><U98/><E98/><V91/><F91/><N who="1" m="34889" /><E53/><AGARI ba="0,0" hai="28,29,31,36,39,52,53,54,58,61,66" m="50729" machi="53" ten="30,2900,0" yaku="20,1,54,1" doraHai="99" who="2" fromWho="1" sc="210,0,409,-29,187,29,194,0" /><INIT seed="2,1,0,1,1,37" ten="210,380,216,194" oya="2" hai0="93,10,0,129,16,46,12,82,76,81,9,123,84" hai1="53,74,8,69,107,102,113,3,60,35,126,135,30" hai2="71,70,124,75,83,91,62,49,110,55,23,98,45" hai3="88,127,38,18,103,134,25,114,33,78,132,41,40"/><V97/><F124/><W44/><G127/><T15/><D129/><U133/><E113/><V61/><F110/><W125/><G125/><T4/><D123/><U52/><E126/><V73/><F23/><N who="3" m="13559" /><G33/><T54/><D0/><U59/><E74/><V100/><F73/><W14/><G114/><T56/><D46/><U36/><E36/><V90/><F71/><W108/><G78/><T120/><D120/><U99/><E69/><V34/><F34/><W95/><G103/><T50/><D82/><U29/><E53/><V65/><F61/><W79/><G79/><T122/><D122/><U128/><E128/><V131/><F131/><W39/><G14/><T92/><AGARI ba="1,0" hai="4,9,10,12,15,16,50,54,56,76,81,84,92,93" machi="92" ten="30,4000,0" yaku="0,1,8,1,54,1" doraHai="37" who="0" fromWho="0" sc="210,43,380,-11,216,-21,194,-11" /><INIT seed="3,0,0,2,4,135" ten="253,369,195,183" oya="3" hai0="46,120,123,59,100,37,82,55,6,89,48,116,15" hai1="112,98,124,103,99,21,53,44,41,108,56,94,1" hai2="109,5,125,101,32,27,85,126,14,29,31,91,50" hai3="2,51,111,110,40,71,132,122,30,35,58,66,129"/><W105/><G122/><T26/><D116/><U133/><E124/><N who="2" m="47723" /><F109/><N who="3" m="41483" /><G132/><T11/><D100/><U24/><E1/><V65/><F101/><W39/><G2/><T38/><D26/><U104/><E133/><V42/><F65/><W83/><G129/><T9/><D9/><U77/><E77/><V90/><F29/><W113/><G113/><T61/><D38/><U72/><E72/><V74/><F74/><W84/><G105/><T54/><D37/><U36/><E112/><V67/><F67/><W75/><G75/><T25/><D25/><U107/><E99/><V0/><F0/><W96/><G96/><T49/><D61/><U68/><E68/><V3/><F3/><W64/><G71/><T130/><D130/><U128/><E128/><V69/><F69/><W106/><G106/><T16/><D6/><U22/><E108/><V95/><F90/><N who="3" m="51487" /><G39/><T10/><D123/><U93/><E107/><V23/><F5/><W78/><G78/><T19/><D120/><U47/><E104/><V119/><F119/><W131/><G131/><T60/><D89/><U17/><E103/><V87/><F85/><W127/><G127/><T52/><D19/><U76/><E17/><N who="2" m="10679" /><F50/><W34/><G30/><T62/><D60/><U73/><E36/><V70/><F70/><W80/><G80/><T7/><D82/><U121/><E121/><V33/><F32/><N who="3" m="12331" /><G58/><N who="0" m="33031" /><D7/><U20/><E73/><V97/><F97/><W115/><G115/><T92/><D92/><U102/><E93/><V8/><F8/><W114/><G114/><T12/><D10/><U86/><E94/><V81/><F95/><RYUUKYOKU ba="0,0" sc="253,10,369,-30,195,10,183,10" hai0="11,12,15,16,46,49,54,55,59,62" hai2="27,31,33,42,81,87,91" hai3="40,51,64,66" /><INIT seed="3,1,0,0,1,87" ten="263,339,205,193" oya="3" hai0="22,88,66,81,94,21,97,36,35,48,52,58,47" hai1="73,37,110,39,59,120,29,64,7,102,4,100,76" hai2="54,133,129,26,14,20,134,70,131,113,93,53,15" hai3="68,109,118,10,125,16,65,12,49,50,56,19,124"/><W127/><G118/><T128/><D35/><U6/><E110/><V108/><F70/><W90/><G109/><T9/><D128/><N who="2" m="49226" /><F113/><W42/><G68/><T41/><D66/><U95/><E76/><V62/><F108/><W32/><G32/><T18/><D81/><U126/><E29/><N who="2" m="17607" /><F93/><W99/><G42/><T77/><D77/><U23/><E100/><V8/><F14/><N who="3" m="7255" /><G65/><T60/><D36/><U130/><E95/><V92/><F92/><N who="3" m="56727" /><G56/><T24/><D21/><AGARI ba="1,0" hai="12,19,21,49,50,124,125,127" m="56727,7255" machi="21" ten="30,5800,0" yaku="18,1,52,1,54,1" doraHai="87" who="3" fromWho="0" sc="263,-61,339,0,205,0,193,61" /><INIT seed="3,2,0,5,0,127" ten="202,339,205,254" oya="3" hai0="16,1,54,2,75,77,106,31,102,80,8,3,12" hai1="17,72,44,36,65,33,50,123,20,88,28,55,93" hai2="70,87,40,135,9,83,49,95,103,107,32,13,4" hai3="119,74,60,73,53,38,108,19,113,78,68,24,98"/><W121/><G113/><T81/><D31/><U118/><E72/><V47/><F70/><W37/><G119/><T27/><D27/><U46/><E123/><V115/><F115/><W82/><G74/><T21/><D80/><U129/><E129/><V61/><F32/><W105/><G108/><T15/><D54/><U84/><E118/><V43/><F135/><W134/><G134/><T132/><D132/><U10/><E65/><V117/><F107/><W94/><G105/><T101/><REACH who="0" step="1"/><D106/><REACH who="0" ten="192,339,205,254" step="2"/><U41/><E28/><V128/><F117/><W22/><G53/><T39/><D39/><U104/><E104/><V130/><F43/><W14/><G38/><T86/><D86/><U92/><E84/><V99/><REACH who="2" step="1"/><F61/><REACH who="2" ten="192,339,195,254" step="2"/><W45/><G60/><T110/><D110/><U111/><E41/><V26/><F26/><W35/><G24/><T56/><D56/><U126/><E111/><V23/><F23/><W29/><G22/><T114/><D114/><U25/><E20/><V6/><F6/><AGARI ba="2,2" hai="1,2,3,6,8,12,15,16,21,75,77,81,101,102" machi="6" ten="40,2600,0" yaku="1,1,54,1,53,0" doraHai="127" doraHaiUra="30" who="0" fromWho="2" sc="192,52,339,0,195,-32,254,0" owari="244,-15.6,339,43.9,163,-33.7,254,5.4" /></mjloggm>