<mjloggm ver="2.3"><GO type="225" lobby="0"/><UN n0="%E5%A4%8F%E9%88%B4%E9%88%B4%E5%A4%8F" n1="%E3%83%96%E3%83%83%E3%83%91%E3%82%AA%E3%83%96%E3%83%81%E3%82%AD%E3%83%B3" n2="%72%65%6E%6B%75%6E" n3="%41%6F%54" dan="16,16,17,16" rate="2107.03,2103.60,2215.61,2098.73" sx="F,M,M,M"/><TAIKYOKU oya="0"/><INIT seed="0,0,0,5,0,90" ten="250,250,250,250" oya="0" hai0="100,135,133,80,11,57,30,5,95,61,41,52,105" hai1="16,53,28,93,19,65,43,49,88,9,110,23,68" hai2="38,6,55,123,91,84,85,8,63,117,50,106,94" hai3="59,103,34,121,33,86,60,73,120,2,112,79,134"/><T15/><D105/><U48/><E110/><V21/><F106/><W58/><G112/><T69/><D30/><U102/><E68/><V101/><F123/><N who="3" m="47179" /><G134/><N who="0" m="51211" /><D41/><U56/><E65/><V128/><F38/><W47/><G73/><T17/><D80/><U89/><E43/><V92/><F128/><W132/><G132/><T51/><D5/><U35/><E49/><V25/><F117/><W10/><G103/><T36/><D36/><U119/><E35/><V87/><F63/><W14/><G2/><T67/><D100/><U107/><E107/><V116/><F101/><W66/><G47/><N who="0" m="27775" /><D95/><N who="2" m="36394" /><F116/><W42/><G42/><T131/><D131/><U99/><E119/><V124/><F124/><W83/><G59/><AGARI ba="0,0" hai="11,15,17,57,59,61,67,69" m="27775,51211" machi="59" ten="30,2900,0" yaku="20,1,54,1" doraHai="90" who="0" fromWho="3" sc="250,29,250,0,250,0,250,-29" /><INIT seed="0,1,0,5,5,117" ten="279,250,250,221" oya="0" hai0="77,88,57,12,31,39,121,127,62,60,68,120,64" hai1="126,75,114,19,45,104,2,108,96,113,54,115,111" hai2="24,83,71,112,123,58,52,53,47,122,35,50,94" hai3="21,14,59,13,41,85,124,40,93,26,20,129,72"/><T105/><D105/><U23/><E75/><V66/><F112/><W49/><G72/><T125/><D39/><U38/><E2/><V11/><F83/><W65/><G124/><N who="0" m="47691" /><D77/><U99/><E126/><V70/><F11/><W48/><G129/><T116/><D116/><U28/><E28/><V61/><F94/><W92/><G59/><T97/><D31/><U69/><E69/><N who="2" m="42191" /><F24/><W44/><G65/><N who="0" m="39055" /><D12/><N who="1" m="9703" /><E104/><V102/><F102/><W55/><G55/><T16/><D16/><U7/><E7/><V22/><F22/><W8/><G44/><T78/><D78/><U37/><E37/><V82/><F82/><W107/><G107/><T0/><D0/><U109/><E38/><V67/><F35/><W80/><G80/><T84/><D84/><U98/><E99/><V6/><F6/><W63/><G63/><T106/><D106/><U9/><E9/><V134/><F67/><W43/><G8/><T81/><D81/><U86/><E86/><V36/><F36/><W119/><G85/><T101/><D101/><U1/><E1/><V74/><F74/><W133/><G119/><T128/><D128/><U34/><E34/><V87/><F87/><W91/><G91/><T3/><D3/><U5/><E5/><V100/><F100/><W46/><G13/><T29/><D29/><U4/><E4/><V73/><F73/><W103/><G14/><T42/><D42/><U95/><E95/><AGARI ba="1,0" hai="62,64,68,88,95,97,120,121" m="39055,47691" machi="95" ten="30,11600,0" yaku="18,1,52,2,54,1" doraHai="117" who="0" fromWho="1" sc="279,119,250,-119,250,0,221,0" /><INIT seed="0,2,0,0,2,106" ten="398,131,250,221" oya="0" hai0="24,87,78,8,123,45,36,117,37,104,23,49,83" hai1="89,62,107,60,95,34,0,20,11,96,122,40,6" hai2="58,7,93,120,73,51,9,10,112,5,46,110,1" hai3="130,97,53,124,32,118,76,91,38,39,131,116,99"/><T100/><D123/><U101/><E34/><V88/><F120/><W50/><G32/><T18/><D117/><N who="3" m="45161" /><G91/><T94/><D104/><U103/><E122/><V109/><F112/><W42/><G76/><T77/><D77/><U2/><E40/><V28/><F28/><W126/><G97/><T86/><D8/><U70/><E0/><V81/><F58/><N who="3" m="33079" /><G99/><T115/><D115/><U63/><E70/><V119/><F119/><W14/><G14/><T98/><REACH who="0" step="1"/><D87/><REACH who="0" ten="388,131,250,221" step="2"/><U111/><E107/><V74/><F110/><W132/><G132/><T13/><D13/><U133/><E111/><V128/><F109/><W134/><G134/><T102/><D102/><U90/><E133/><V127/><F9/><W29/><G29/><T61/><D61/><U22/><E103/><V71/><F10/><W92/><G92/><T47/><D47/><U75/><E101/><V64/><F46/><N who="3" m="23895" /><G39/><T69/><D69/><U25/><E90/><V3/><F71/><W54/><G54/><AGARI ba="2,1" hai="18,23,24,36,37,45,49,54,78,83,86,94,98,100" machi="54" ten="30,5800,0" yaku="1,1,7,1,53,1" doraHai="106" doraHaiUra="41" who="0" fromWho="3" sc="388,74,131,0,250,0,221,-64" /><INIT seed="0,3,0,5,2,67" ten="462,131,250,157" oya="0" hai0="21,97,54,83,56,113,85,43,28,32,107,87,128" hai1="90,61,102,123,49,78,15,100,135,131,50,3,1" hai2="33,53,70,116,81,88,127,92,52,65,11,75,114" hai3="112,101,23,91,36,8,82,72,132,20,42,64,9"/><T118/><D113/><U71/><E123/><V35/><F114/><W68/><G112/><T58/><D118/><U124/><E78/><V38/><F38/><W122/><G132/><T29/><D32/><U37/><E37/><V93/><F116/><W14/><G122/><T109/><D43/><U86/><E135/><V13/><F127/><W105/><G8/><T80/><D109/><U25/><E124/><V98/><F35/><W44/><G101/><T40/><D40/><U59/><E131/><V24/><F92/><W133/><G105/><T96/><D107/><U0/><E15/><V104/><F104/><W69/><G64/><T103/><D103/><U47/><E25/><V45/><F45/><W106/><G106/><T115/><D21/><U84/><E59/><V76/><F24/><W125/><G125/><T129/><D54/><U73/><E3/><V77/><F77/><W99/><G133/><T27/><D27/><U79/><E79/><V22/><F22/><W108/><G72/><T60/><D60/><U63/><E73/><V31/><F31/><W126/><G126/><T12/><D12/><U41/><E90/><V7/><REACH who="2" step="1"/><F33/><REACH who="2" ten="462,131,240,157" step="2"/><W2/><G108/><T95/><D115/><U4/><E47/><V57/><F57/><W130/><G20/><T74/><D95/><U19/><E41/><V89/><F89/><W121/><G91/><T30/><D28/><U62/><E102/><V5/><F5/><W16/><G42/><T120/><D120/><U51/><E4/><V26/><F26/><W17/><G44/><T119/><D119/><U34/><E34/><RYUUKYOKU ba="3,1" sc="462,15,131,-15,240,15,157,-15" hai0="29,30,56,58,74,80,83,85,87,96,97,128,129" hai2="7,11,13,52,53,65,70,75,76,81,88,93,98" /><INIT seed="0,4,1,5,2,88" ten="477,116,255,142" oya="0" hai0="23,2,57,104,128,73,48,13,32,101,46,50,74" hai1="21,123,118,43,64,40,122,66,62,116,11,111,69" hai2="108,100,135,47,99,84,12,96,68,8,77,134,24" hai3="105,58,80,109,63,53,85,98,20,59,37,121,56"/><T117/><D117/><N who="1" m="45163" /><E21/><V124/><F68/><W87/><G109/><T97/><D32/><U90/><E11/><V5/><F108/><W38/><G121/><N who="1" m="46090" /><E111/><V54/><F124/><W55/><G58/><T18/><D128/><U49/><E90/><V127/><F127/><W86/><G80/><T28/><D2/><U93/><E93/><V31/><F54/><W91/><G20/><T82/><D82/><U72/><E72/><V15/><F47/><W70/><G70/><T25/><D57/><N who="1" m="36943" /><E49/><V95/><F96/><W71/><G71/><T133/><D50/><U112/><E112/><V44/><F84/><W27/><G27/><T7/><D7/><U36/><E36/><V17/><F77/><W19/><G19/><T9/><REACH who="0" step="1"/><D133/><REACH who="0" ten="467,116,255,142" step="2"/><U106/><E106/><V51/><F135/><W130/><G105/><T39/><D39/><U6/><E6/><V67/><F134/><W61/><G130/><T29/><D29/><U26/><E26/><V103/><F31/><W78/><G78/><T131/><D131/><U126/><E126/><V60/><F24/><W132/><G132/><T120/><D120/><U22/><E69/><N who="2" m="42215" /><F5/><W83/><G83/><T119/><D119/><U75/><E75/><V129/><F129/><W3/><G3/><T110/><D110/><U41/><E41/><AGARI ba="4,2" hai="9,13,18,23,25,28,41,46,48,73,74,97,101,104" machi="41" ten="30,2900,0" yaku="1,1,7,1,53,0" doraHai="88" doraHaiUra="79" who="0" fromWho="1" sc="467,61,116,-41,255,0,142,0" /><INIT seed="0,5,0,2,0,24" ten="528,75,255,142" oya="0" hai0="128,15,48,6,42,46,19,69,101,70,56,57,62" hai1="65,127,22,126,122,36,28,33,3,1,21,98,47" hai2="130,99,124,50,41,7,51,55,129,82,78,60,133" hai3="102,45,109,23,64,61,97,84,88,83,132,119,72"/><T115/><D115/><U111/><E65/><V14/><F124/><N who="1" m="47657" /><E98/><V43/><F133/><W58/><G132/><T123/><D128/><N who="2" m="49258" /><F60/><W30/><G109/><T10/><D123/><U67/><E67/><V44/><F99/><W80/><G119/><T27/><D101/><U52/><E122/><V118/><F118/><W25/><G45/><T92/><D92/><U0/><E111/><V68/><F68/><W59/><G72/><T93/><D93/><U85/><E85/><N who="2" m="48343" /><F7/><W32/><G32/><T38/><D38/><U16/><E36/><V104/><F104/><W91/><G58/><T86/><D57/><U74/><E74/><V18/><F51/><W20/><G20/><AGARI ba="5,0" hai="14,18,20,41,43,44,50,55" m="48343,49258" machi="20" ten="30,1000,0" yaku="19,1" doraHai="24" who="2" fromWho="3" sc="528,0,75,0,255,25,142,-25" /><INIT seed="1,0,0,1,3,117" ten="528,75,280,117" oya="1" hai0="72,97,35,128,68,81,78,121,127,134,123,37,120" hai1="104,17,29,61,34,56,38,114,89,85,51,105,20" hai2="49,40,5,13,36,48,99,1,96,31,131,43,21" hai3="101,125,116,9,7,16,53,32,8,103,41,113,59"/><U71/><E114/><V6/><F1/><W88/><G113/><T11/><D127/><U70/><E38/><V62/><F131/><W130/><G125/><T14/><D128/><U24/><E51/><N who="2" m="19531" /><F36/><W118/><G130/><T94/><D134/><U135/><E135/><V93/><F62/><W26/><G41/><N who="2" m="15945" /><F99/><W87/><G116/><T109/><D37/><U22/><E71/><V106/><F106/><W102/><G118/><T95/><D109/><U60/><E70/><V50/><F50/><N who="3" m="31159" /><G32/><T107/><D35/><U0/><E61/><V63/><F63/><W27/><G7/><N who="0" m="3455" /><D68/><U19/><E0/><V23/><F31/><W64/><G64/><T10/><D10/><N who="3" m="4201" /><G16/><T76/><D76/><U112/><E112/><V55/><F55/><W44/><G44/><T92/><D107/><U4/><E4/><N who="2" m="1643" /><F13/><W75/><G75/><T119/><D119/><U54/><E34/><V84/><F84/><W2/><G2/><T122/><D122/><U98/><E98/><AGARI ba="0,0" hai="72,78,81,92,94,95,97,98,120,121,123" m="3455" machi="98" ten="40,8000,1" yaku="13,1,52,3" doraHai="117" who="0" fromWho="1" sc="528,80,75,-80,280,0,117,0" owari="608,70.8,-5,-50.5,280,8.0,117,-28.3" /></mjloggm>