<mjloggm ver="2.3"><GO type="225" lobby="0"/><UN n0="%E3%82%8F%E3%81%8B%E3%81%B0%2A%E3%82%AC%E3%83%BC%E3%83%AB" n1="%E3%81%8B%E3%82%8F%E3%81%A1%E3%82%83%E3%82%93%35%38" n2="%E3%83%96%E3%83%83%E3%83%91%E3%82%AA%E3%83%96%E3%83%81%E3%82%AD%E3%83%B3" n3="%E5%91%A8%E6%9D%B1" dan="16,16,16,16" rate="2186.69,2141.23,2159.83,2168.24" sx="M,M,M,M"/><TAIKYOKU oya="0"/><INIT seed="0,0,0,5,4,40" ten="250,250,250,250" oya="0" hai0="46,87,92,123,99,94,124,9,72,15,107,134,29" hai1="14,16,34,79,11,37,62,133,111,81,0,23,129" hai2="8,4,28,131,103,118,115,38,68,77,44,10,82" hai3="98,31,88,109,60,57,89,52,93,114,110,65,25"/><T42/><D123/><U125/><E111/><N who="3" m="42506" /><G114/><T96/><D72/><U80/><E129/><V55/><F115/><W126/><G126/><T3/><D3/><U61/><E125/><V56/><F131/><W132/><G132/><T122/><D122/><U105/><E133/><V116/><F68/><W36/><G36/><T41/><D124/><U63/><E105/><V1/><F103/><N who="3" m="60879" /><G65/><T90/><D134/><U121/><E121/><V108/><F28/><W50/><G60/><T83/><D107/><U119/><E119/><N who="2" m="45611" /><F10/><W104/><G104/><T86/><D29/><U78/><E34/><AGARI ba="0,0" hai="25,31,34,50,52,57,88,89" m="60879,42506" machi="34" ten="30,3900,0" yaku="14,1,54,2" doraHai="40" who="3" fromWho="1" sc="250,0,250,-39,250,0,250,39" /><INIT seed="1,0,0,2,2,128" ten="250,211,250,289" oya="1" hai0="102,113,19,14,108,81,125,36,110,116,69,0,50" hai1="65,120,12,30,67,105,68,16,17,26,77,111,112" hai2="98,71,95,87,118,73,66,114,5,28,83,4,40" hai3="15,23,31,43,85,100,130,115,7,33,97,6,134"/><U38/><E112/><V129/><F118/><W123/><G115/><T56/><D113/><U57/><E120/><V64/><F114/><W80/><G123/><T34/><D36/><U117/><E117/><V103/><F129/><W37/><G130/><T132/><D69/><U45/><E105/><V75/><F75/><W59/><G33/><T29/><D0/><U54/><E77/><N who="2" m="46575" /><F73/><W58/><G37/><T133/><D116/><U42/><E111/><N who="0" m="42537" /><D125/><U127/><E127/><V24/><F71/><W27/><G43/><T13/><D102/><U53/><E53/><V104/><F104/><W2/><G2/><T89/><D29/><U101/><E101/><V20/><F40/><W78/><G78/><T94/><D81/><U52/><E54/><V55/><F55/><W60/><G80/><T25/><D56/><U72/><E72/><V62/><F62/><W119/><G60/><T107/><D50/><N who="1" m="30871" /><E12/><N who="0" m="4713" /><D107/><U22/><E67/><AGARI ba="0,0" hai="4,5,20,24,28,64,66,67,95,98,103" m="46575" machi="67" ten="30,1000,0" yaku="8,1" doraHai="128" who="2" fromWho="1" sc="250,0,211,-10,250,10,289,0" /><INIT seed="2,0,0,1,2,85" ten="250,201,260,289" oya="2" hai0="19,16,43,133,27,127,47,59,42,45,36,109,48" hai1="1,118,49,126,23,32,89,65,21,75,37,114,105" hai2="11,28,74,68,116,107,128,92,125,80,18,46,66" hai3="4,25,5,44,17,93,106,29,41,38,31,51,60"/><V91/><F116/><W40/><G106/><T20/><D109/><U0/><E37/><V14/><F107/><W30/><G38/><T15/><D133/><U50/><E105/><V110/><F110/><W35/><G35/><T86/><D59/><U83/><E32/><V84/><F128/><W12/><G25/><T117/><D127/><U103/><E103/><V81/><F125/><W79/><G79/><T130/><D130/><U129/><E129/><V102/><F74/><W57/><G93/><T54/><D117/><U69/><E126/><V95/><F28/><W90/><G90/><T131/><D131/><U56/><E118/><V33/><F33/><W132/><G41/><T58/><D86/><U70/><E114/><V24/><F24/><W96/><G96/><T2/><D2/><U88/><E56/><V62/><REACH who="2" step="1"/><F46/><REACH who="2" ten="250,201,250,289" step="2"/><W123/><G123/><T13/><REACH who="0" step="1"/><D19/><REACH who="0" ten="240,201,250,289" step="2"/><U121/><E121/><V8/><F8/><W112/><G112/><T111/><D111/><U26/><E75/><V135/><F135/><W78/><G132/><T34/><D34/><U61/><E0/><V87/><F87/><W73/><G73/><T108/><D108/><U101/><E1/><V67/><F67/><W55/><G17/><T63/><AGARI ba="0,2" hai="13,15,16,20,27,36,42,43,45,47,48,54,58,63" machi="63" ten="20,8000,1" yaku="1,1,0,1,7,1,54,1,53,1" doraHai="85" doraHaiUra="52" who="0" fromWho="0" sc="240,100,201,-20,250,-40,289,-20" /><INIT seed="3,0,0,1,0,79" ten="340,181,210,269" oya="3" hai0="33,37,46,87,53,70,66,95,78,24,18,81,42" hai1="103,49,6,35,101,15,67,120,51,96,114,12,72" hai2="54,73,68,69,64,80,89,61,39,99,86,92,41" hai3="110,71,36,130,100,40,105,60,90,132,127,8,97"/><W1/><G132/><T135/><D135/><U129/><E114/><V27/><F73/><W104/><G130/><T121/><D121/><U65/><E120/><V109/><F109/><W115/><G115/><T19/><D70/><U124/><E72/><V91/><F54/><W83/><G110/><T3/><D3/><U55/><E35/><V21/><F41/><W118/><G118/><T47/><D66/><U23/><E124/><V5/><F39/><W16/><G127/><T82/><D95/><U126/><E126/><V119/><F119/><W22/><G105/><T107/><D107/><U133/><E133/><V111/><F111/><W125/><G40/><T84/><D53/><U14/><E129/><V44/><F44/><W26/><G36/><T59/><D59/><U128/><E128/><V4/><F69/><W57/><G71/><T28/><D47/><U112/><E112/><V25/><F25/><W0/><G8/><T113/><D113/><U2/><E2/><V77/><F77/><AGARI ba="0,0" hai="18,19,24,28,33,37,42,46,77,78,81,82,84,87" machi="77" ten="30,7700,0" yaku="7,1,9,1,52,2" doraHai="79" who="0" fromWho="2" sc="340,77,181,0,210,-77,269,0" owari="417,51.7,181,-21.9,133,-36.7,269,6.9" /></mjloggm>