<mjloggm ver="2.3"><GO type="225" lobby="0"/><UN n0="%E8%A8%88%E7%AE%97%E6%A9%9F%E8%87%AA%E7%84%B6" n1="%E6%A1%9C%E8%8A%B1%E9%96%83%E3%80%85" n2="%E3%81%AD%E3%82%80%E3%81%84%40%E9%9B%80%E9%B3%B4%E4%BC%9A" n3="%E3%82%8F%E3%81%8B%E3%81%B0%2A%E3%82%AC%E3%83%BC%E3%83%AB" dan="17,17,16,16" rate="2186.73,2194.14,2194.50,2200.76" sx="M,M,F,M"/><TAIKYOKU oya="0"/><INIT seed="0,0,0,3,4,112" ten="250,250,250,250" oya="0" hai0="35,7,88,130,55,29,18,16,38,100,120,119,12" hai1="57,96,118,8,62,60,134,115,106,44,94,92,1" hai2="31,84,108,81,95,6,104,48,54,125,105,41,49" hai3="3,83,68,36,53,103,33,75,133,14,4,50,123"/><T124/><D38/><U20/><E115/><V28/><F108/><W30/><G3/><T109/><D100/><U110/><E110/><V71/><F71/><W111/><G111/><T132/><D109/><U0/><E106/><V10/><F125/><W63/><G36/><T126/><D120/><U15/><E134/><V86/><F41/><W45/><G123/><T42/><D42/><U113/><E20/><V27/><F95/><W122/><G122/><T66/><D66/><U51/><E62/><V82/><F10/><W114/><G114/><T13/><D55/><U46/><E46/><V131/><F54/><W26/><G103/><T5/><D88/><U72/><E72/><V76/><F27/><W59/><G68/><T19/><D119/><U93/><E118/><V127/><F6/><N who="0" m="2058" /><D130/><U98/><E113/><V34/><F131/><W21/><G133/><T2/><D2/><U90/><E0/><V79/><REACH who="2" step="1"/><F34/><REACH who="2" ten="250,250,240,250" step="2"/><W58/><G4/><T67/><D132/><U56/><E1/><V37/><F37/><W23/><G33/><T11/><D67/><N who="1" m="39303" /><E98/><V52/><F52/><W22/><G14/><N who="0" m="5739" /><D11/><U117/><E117/><V32/><F32/><W99/><G99/><T40/><D40/><N who="1" m="24967" /><E57/><V61/><F61/><W101/><G63/><T70/><D70/><U91/><E96/><V73/><F73/><W78/><G101/><T80/><D80/><U97/><E97/><V85/><F85/><W102/><G102/><T65/><D65/><U43/><E43/><V129/><F129/><W107/><G107/><T69/><D69/><U121/><E121/><V128/><F128/><RYUUKYOKU ba="0,1" sc="250,0,250,0,240,0,250,0" hai0="16,18,19,29,35,124,126" hai1="8,15,90,91,92,93,94" hai2="28,31,48,49,76,79,81,82,84,86,104,105,127" hai3="21,22,23,26,30,45,50,53,58,59,75,78,83" /><INIT seed="0,1,1,1,0,67" ten="250,250,240,250" oya="0" hai0="24,53,77,45,14,118,115,31,3,78,120,5,39" hai1="18,104,114,94,111,135,97,79,83,1,25,15,51" hai2="27,108,126,124,84,42,33,0,99,50,122,13,16" hai3="73,92,91,93,81,105,41,6,22,117,55,74,75"/><T58/><D115/><U88/><E1/><V35/><F122/><W44/><G117/><T71/><D118/><U102/><E111/><V95/><F0/><W98/><G6/><T128/><D120/><U123/><E123/><V61/><F84/><W133/><G133/><T69/><D3/><U29/><E135/><V9/><F108/><W36/><G55/><T131/><D45/><U10/><E51/><V87/><F87/><W19/><G105/><T11/><D39/><U90/><E104/><V57/><F27/><W68/><G93/><T76/><D58/><U70/><E70/><V107/><F107/><W80/><REACH who="3" step="1"/><G68/><REACH who="3" ten="250,250,240,240" step="2"/><T12/><D53/><U110/><E110/><V89/><F42/><W34/><G34/><N who="0" m="20839" /><D12/><AGARI ba="1,2" hai="12,19,22,36,41,44,73,74,75,80,81,91,92,98" machi="12" ten="40,1300,0" yaku="1,1,53,0" doraHai="67" doraHaiUra="82" who="3" fromWho="0" sc="250,-16,250,0,240,0,240,36" /><INIT seed="1,0,0,2,0,70" ten="234,250,240,276" oya="1" hai0="3,106,77,123,101,128,7,30,56,91,45,44,59" hai1="65,82,117,122,2,31,100,132,84,126,133,92,33" hai2="135,61,5,64,13,102,21,119,66,58,35,98,85" hai3="53,115,14,124,63,109,94,129,112,75,72,34,10"/><U51/><E2/><V48/><F119/><W0/><G0/><T103/><D77/><U24/><E117/><V60/><F35/><W87/><G109/><T46/><D30/><U32/><E122/><V62/><F135/><N who="1" m="51785" /><E126/><V41/><F85/><W28/><G124/><T107/><D3/><U69/><E51/><V97/><F97/><W54/><G34/><T121/><D91/><N who="1" m="51607" /><E33/><V16/><F5/><W37/><G28/><T68/><D68/><U95/><E100/><N who="0" m="38473" /><D7/><U125/><E125/><V80/><F80/><W4/><G94/><T38/><D128/><U78/><E78/><V110/><F110/><W90/><G129/><T40/><D40/><U73/><E73/><V39/><F39/><W47/><G37/><T81/><D81/><U130/><E130/><V36/><F36/><W74/><G90/><T134/><D38/><U57/><E69/><V111/><F111/><W55/><G87/><T8/><D134/><U43/><E43/><V108/><F108/><W96/><G96/><T127/><D127/><U1/><E1/><V26/><F41/><W29/><G29/><T99/><D99/><U105/><E105/><N who="0" m="39945" /><D8/><U11/><E11/><V67/><F98/><W93/><G93/><T88/><D88/><U19/><E19/><V131/><F102/><W15/><G75/><T22/><D22/><U52/><E65/><V42/><F131/><W89/><G89/><T116/><D116/><U20/><E32/><V23/><F42/><W79/><G74/><T9/><D9/><U114/><E114/><V12/><F23/><W118/><G72/><T25/><D25/><RYUUKYOKU ba="0,0" sc="234,10,250,10,240,10,276,-30" hai0="44,45,46,56,59,121,123" hai1="20,24,31,52,57,92,95" hai2="12,13,16,21,26,48,58,60,61,62,64,66,67" /><INIT seed="1,1,0,3,1,135" ten="244,260,250,246" oya="1" hai0="117,68,106,81,39,108,128,44,1,52,85,61,36" hai1="88,64,18,33,24,67,53,111,48,114,40,26,23" hai2="55,28,29,133,30,7,134,75,122,90,20,130,66" hai3="2,46,35,8,56,38,83,96,104,42,50,126,112"/><U103/><E114/><V31/><F122/><W4/><G112/><T27/><D1/><U121/><E121/><V12/><F75/><W15/><G35/><T95/><D106/><U119/><E119/><V99/><F66/><W41/><G83/><T113/><D113/><U45/><E103/><V82/><F130/><W16/><G126/><T37/><D117/><U127/><E127/><V94/><F82/><W71/><G71/><T98/><D108/><U129/><E129/><V63/><N who="2" m="7168" /><DORA hai="105" /><V100/><F100/><W77/><G77/><T43/><D27/><U14/><E33/><V3/><F3/><W57/><G104/><T120/><D120/><U89/><E111/><V101/><F101/><W58/><G96/><T60/><D128/><U86/><E53/><V72/><F72/><W51/><REACH who="3" step="1"/><G42/><REACH who="3" ten="244,260,250,236" step="2"/><T21/><D68/><U84/><E84/><V123/><F123/><W25/><G25/><N who="1" m="9834" /><E89/><V87/><F87/><W116/><G116/><T5/><D43/><U70/><E70/><V34/><F34/><W47/><G47/><T13/><D44/><U118/><E118/><V9/><F133/><W74/><G74/><T22/><D85/><U132/><E132/><V91/><F134/><W10/><AGARI ba="1,1" hai="2,4,8,10,15,16,38,41,46,50,51,56,57,58" machi="10" ten="30,4000,0" yaku="1,1,0,1,54,1,53,0" doraHai="135,105" doraHaiUra="125,19" who="3" fromWho="3" sc="244,-11,260,-21,250,-11,236,53" /><INIT seed="2,0,0,1,4,121" ten="233,239,239,289" oya="2" hai0="16,55,116,48,66,33,83,22,115,94,10,114,17" hai1="126,20,38,58,85,132,107,134,59,123,84,69,98" hai2="40,11,19,0,13,39,63,24,57,128,50,82,60" hai3="89,25,28,87,56,64,119,133,51,106,110,14,21"/><V26/><F128/><W73/><G119/><T124/><D33/><U78/><E123/><V93/><F39/><W81/><G106/><T35/><D35/><U23/><E69/><V104/><F104/><W8/><G133/><T7/><D116/><U37/><E107/><V52/><F0/><W5/><G73/><T79/><D66/><U2/><E2/><V76/><F93/><W53/><REACH who="3" step="1"/><G64/><REACH who="3" ten="233,239,239,279" step="2"/><T18/><D124/><U92/><E126/><V125/><F125/><W129/><G129/><T68/><D115/><U1/><E132/><V111/><F111/><AGARI ba="0,1" hai="5,8,14,21,25,28,51,53,56,81,87,89,110,111" machi="111" ten="40,5200,0" yaku="1,1,52,2,53,0" doraHai="121" doraHaiUra="62" who="3" fromWho="2" sc="233,0,239,0,239,-52,279,62" /><INIT seed="3,0,0,2,3,45" ten="233,239,187,341" oya="3" hai0="35,118,123,109,103,94,78,120,46,130,58,14,15" hai1="29,67,16,127,64,111,56,19,108,114,8,7,36" hai2="52,131,65,61,91,93,116,132,101,53,75,115,71" hai3="26,125,47,88,11,95,121,134,17,22,37,98,113"/><W72/><G121/><T48/><D35/><U129/><E114/><V3/><F115/><W63/><G113/><T104/><D118/><U117/><E36/><V49/><F116/><W89/><G72/><T42/><D104/><U9/><E117/><V55/><F131/><W81/><G125/><T62/><D130/><U99/><E129/><V80/><F132/><W82/><G134/><T135/><D135/><U41/><E41/><V32/><F3/><W79/><G63/><T1/><D1/><U68/><E68/><V23/><F32/><W69/><G69/><T126/><D126/><U74/><E74/><V24/><F101/><W43/><G79/><T133/><D133/><U13/><E29/><V51/><F80/><W34/><G34/><T73/><D109/><U105/><E19/><V30/><REACH who="2" step="1"/><F75/><REACH who="2" ten="233,239,177,341" step="2"/><W83/><G83/><T77/><D73/><U106/><E127/><V21/><F21/><W84/><G11/><T128/><D128/><U27/><E9/><V92/><F92/><W38/><G81/><T50/><D123/><U25/><E106/><V40/><F40/><W87/><G98/><AGARI ba="0,1" hai="23,24,30,49,51,52,53,55,61,65,71,91,93,98" machi="98" ten="40,8000,1" yaku="1,1,52,2,54,1,53,0" doraHai="45" doraHaiUra="76" who="2" fromWho="3" sc="233,0,239,0,177,90,341,-80" /><INIT seed="4,0,0,3,4,23" ten="233,239,267,261" oya="0" hai0="83,29,1,115,27,47,100,68,10,135,50,73,117" hai1="120,35,80,19,33,119,84,53,46,118,110,17,44" hai2="40,130,9,75,56,70,59,28,123,98,93,91,87" hai3="62,107,24,77,16,99,64,60,105,116,133,109,36"/><T52/><D117/><U121/><E84/><V30/><F123/><W79/><G116/><T39/><D68/><U111/><REACH who="1" step="1"/><E53/><REACH who="1" ten="233,229,267,261" step="2"/><V114/><F87/><W54/><G54/><T66/><D66/><U126/><E126/><V18/><F75/><W34/><G64/><T122/><D122/><U51/><E51/><V89/><F70/><W14/><G36/><T127/><D127/><U96/><E96/><V21/><F98/><W57/><G99/><T45/><D39/><U15/><E15/><V11/><F40/><W38/><G38/><T71/><D71/><U8/><E8/><V12/><F9/><W112/><G14/><T6/><D50/><U42/><E42/><V3/><F11/><W92/><G62/><T90/><D52/><U58/><E58/><V2/><F59/><W67/><G57/><T48/><D48/><U129/><E129/><V76/><F56/><W31/><G60/><T43/><D43/><U55/><E55/><V26/><F12/><W41/><G41/><T103/><D73/><U81/><AGARI ba="0,1" hai="17,19,33,35,44,46,80,81,110,111,118,119,120,121" machi="81" ten="25,6400,0" yaku="1,1,0,1,22,2,53,0" doraHai="23" doraHaiUra="85" who="1" fromWho="1" sc="233,-32,229,74,267,-16,261,-16" owari="201,-29.9,303,40.3,251,5.1,245,-15.5" /></mjloggm>