<mjloggm ver="2.3"><GO type="225" lobby="0"/><UN n0="%E3%81%AF%E3%82%88%E3%81%8A%E3%81%98%E3%81%95%E3%82%93" n1="%E6%80%AA%E3%81%97%E3%81%99%E3%81%8E%E3%82%8B%E3%83%81%E3%83%BC" n2="%6B%75%72%69%73%75" n3="%E6%81%AC%E6%B7%A1%E5%AF%82%E5%AF%9E" dan="17,16,16,16" rate="2236.04,2063.99,2160.35,2125.60" sx="M,M,M,F"/><TAIKYOKU oya="0"/><INIT seed="0,0,0,0,1,12" ten="250,250,250,250" oya="0" hai0="39,116,59,54,120,95,42,76,106,30,51,19,83" hai1="26,8,108,71,27,4,100,58,121,77,134,45,61" hai2="22,33,55,92,127,125,128,133,109,24,85,36,7" hai3="14,46,31,74,40,57,10,122,17,119,81,53,62"/><T118/><D106/><U66/><E121/><V73/><F36/><W50/><G119/><T65/><D120/><U111/><E134/><V105/><F33/><W104/><G104/><T44/><D30/><U91/><E100/><V25/><F133/><W87/><G122/><T41/><D41/><U110/><E77/><V49/><F105/><W78/><REACH who="3" step="1"/><G31/><REACH who="3" ten="250,250,250,240" step="2"/><T29/><D29/><U9/><E108/><V131/><F109/><W11/><G11/><T23/><D95/><U5/><E9/><V102/><F128/><W35/><G35/><T34/><D34/><U16/><E110/><V15/><F131/><W88/><G88/><T135/><D135/><U43/><E91/><V32/><F32/><W28/><G28/><T6/><D6/><U72/><E111/><V84/><F7/><W129/><G129/><T47/><D116/><U56/><E5/><V99/><F92/><W126/><G126/><T52/><D118/><U130/><E8/><V98/><F127/><W79/><G79/><T103/><D103/><U20/><E4/><V86/><F125/><W1/><G1/><T113/><D113/><U21/><E130/><V97/><F102/><W13/><G13/><T101/><D101/><U68/><E26/><V63/><F24/><W93/><G93/><T2/><D2/><U69/><E21/><V38/><F15/><W60/><G60/><N who="0" m="38047" /><D23/><U67/><E27/><V124/><F63/><W82/><G82/><T0/><D0/><U123/><E20/><V64/><F124/><W75/><AGARI ba="0,1" hai="10,14,17,40,46,50,53,57,62,74,75,78,81,87" machi="75" ten="30,4000,0" yaku="1,1,0,1,52,1,53,0" doraHai="12" doraHaiUra="90" who="3" fromWho="3" sc="250,-20,250,-10,250,-10,240,50" /><INIT seed="1,0,0,1,3,41" ten="230,240,240,290" oya="1" hai0="19,83,76,0,101,61,28,113,58,92,33,77,56" hai1="62,64,94,75,96,90,27,130,127,80,98,86,89" hai2="49,17,1,51,133,10,112,66,38,105,131,93,50" hai3="114,47,18,45,5,11,9,2,70,119,134,24,4"/><U100/><E130/><V135/><F105/><W23/><G70/><T32/><D113/><U37/><E127/><V36/><F112/><W116/><G114/><T29/><D0/><U43/><E75/><V8/><F66/><W87/><G134/><N who="2" m="51209" /><F131/><W71/><G71/><T68/><D68/><U117/><E117/><N who="3" m="45130" /><G87/><T78/><D83/><U69/><E27/><V7/><F93/><W42/><G42/><T67/><D33/><U109/><E109/><V21/><F10/><W104/><G104/><T128/><D32/><U132/><E132/><V88/><F88/><W26/><G26/><AGARI ba="0,0" hai="1,7,8,17,21,26,36,38,49,50,51" m="51209" machi="26" ten="30,1000,0" yaku="20,1" doraHai="41" who="2" fromWho="3" sc="230,0,240,0,240,10,290,-10" /><INIT seed="2,0,0,1,1,20" ten="230,240,250,280" oya="2" hai0="44,45,1,40,114,80,109,77,49,6,103,76,24" hai1="118,83,14,135,99,129,130,75,37,125,38,100,95" hai2="4,119,33,63,88,84,104,5,52,7,43,26,29" hai3="17,62,79,71,12,30,16,46,18,35,111,42,93"/><V123/><F123/><W21/><G111/><T92/><D114/><U64/><E118/><V72/><F119/><W113/><G113/><T57/><D109/><U48/><E125/><V85/><F72/><W81/><G93/><T55/><D1/><U60/><E135/><V131/><F104/><W10/><G35/><T67/><D6/><U39/><E48/><V94/><F131/><N who="1" m="50185" /><E14/><V50/><F43/><W122/><G30/><T70/><D70/><N who="1" m="42247" /><E83/><V68/><F68/><W65/><G10/><T73/><D67/><U101/><E75/><V107/><F107/><W121/><G121/><T97/><D77/><U36/><N who="1" m="9216" /><DORA hai="22" /><U66/><E66/><V3/><F63/><W78/><G78/><T41/><D41/><U102/><AGARI ba="0,0" hai="95,99,100,101,102" m="9216,42247,50185" machi="102" ten="60,2000,0" yaku="19,1" doraHai="20,22" who="1" fromWho="1" sc="230,-5,240,20,250,-10,280,-5" /><INIT seed="3,0,0,3,2,79" ten="225,260,240,275" oya="3" hai0="8,2,89,21,52,105,98,48,125,62,94,74,19" hai1="56,6,37,130,26,100,126,18,106,51,85,83,128" hai2="86,12,102,16,118,119,7,0,57,93,81,29,58" hai3="80,132,96,92,101,44,72,24,66,110,23,104,90"/><W38/><G132/><T3/><D74/><U116/><E37/><V30/><F0/><W14/><G14/><T88/><D105/><U35/><E126/><V60/><F7/><W129/><G66/><T70/><D125/><U46/><E116/><V54/><F58/><W25/><G129/><T22/><D2/><U47/><E6/><V49/><F119/><W28/><G110/><T82/><D62/><U114/><E114/><V50/><F118/><W99/><G25/><T36/><D36/><U4/><E4/><V67/><F50/><W124/><G124/><T115/><D70/><U122/><E122/><V64/><F93/><W59/><G59/><T11/><D3/><U109/><E56/><N who="2" m="36871" /><F102/><W13/><G13/><N who="0" m="7591" /><D11/><U45/><E109/><V113/><F67/><W73/><G38/><T32/><D32/><U39/><E51/><V77/><F113/><W108/><G108/><T123/><D123/><U27/><E39/><V20/><AGARI ba="0,0" hai="12,16,20,29,30,49,54,57,77,81,86" m="36871" machi="20" ten="30,4000,0" yaku="8,1,52,1,54,1" doraHai="79" who="2" fromWho="2" sc="225,-10,260,-10,240,40,275,-20" /><INIT seed="4,0,0,0,4,129" ten="215,250,280,255" oya="0" hai0="135,12,128,45,4,122,69,57,60,31,37,56,107" hai1="120,74,36,21,23,54,7,65,15,79,73,130,13" hai2="133,17,121,71,76,72,104,89,3,111,6,67,105" hai3="58,39,14,116,61,32,70,20,94,102,48,24,113"/><T124/><D107/><N who="2" m="41034" /><F89/><W10/><G39/><T46/><D122/><U55/><E130/><V123/><F17/><W42/><G70/><T1/><D128/><U59/><E120/><V132/><F111/><W115/><G32/><T34/><D1/><U92/><E36/><V97/><F97/><N who="3" m="59703" /><G42/><T9/><D124/><U43/><E43/><V88/><F88/><W93/><G48/><T103/><D103/><U52/><E92/><V2/><F121/><W78/><G78/><T66/><D135/><N who="2" m="51786" /><F123/><W87/><G93/><T38/><D38/><U5/><E79/><V63/><F6/><W50/><G87/><T27/><REACH who="0" step="1"/><D37/><REACH who="0" ten="205,250,280,255" step="2"/><U53/><E73/><V51/><F51/><W126/><G50/><T18/><D18/><U30/><E74/><V110/><F110/><W77/><G126/><T99/><D99/><U101/><E7/><V98/><F98/><W62/><G115/><T109/><D109/><U108/><E5/><V80/><AGARI ba="0,1" hai="2,3,63,67,71,72,76,80" m="51786,41034" machi="80" ten="40,8000,1" yaku="20,1,23,1,52,3" doraHai="129" who="2" fromWho="2" sc="205,-40,250,-20,280,90,255,-20" owari="165,-33.5,230,-17.0,370,47.0,235,3.5" /></mjloggm>