<mjloggm ver="2.3"><GO type="225" lobby="0"/><UN n0="%4B%2E%32%2E%4B%2E" n1="%E3%81%82%E3%81%84%E3%81%82%E3%81%8A%E3%81%84" n2="%72%69%6F%75%63%68%61%6E" n3="%72%65%6E%6B%75%6E" dan="16,18,16,17" rate="2150.56,2194.35,2089.95,2188.54" sx="M,M,M,M"/><TAIKYOKU oya="0"/><INIT seed="0,0,0,2,2,52" ten="250,250,250,250" oya="0" hai0="68,110,107,83,80,102,128,134,97,114,12,133,90" hai1="22,73,3,17,71,106,49,116,44,33,28,55,112" hai2="103,40,130,124,36,60,9,59,14,1,113,78,0" hai3="92,61,115,131,67,43,100,117,31,81,65,119,24"/><T46/><D68/><U75/><E116/><V111/><F111/><W101/><G115/><T129/><D46/><U48/><E3/><V79/><F113/><W84/><G131/><N who="0" m="50251" /><D114/><U66/><E106/><V69/><F130/><W53/><G43/><T77/><D12/><U126/><E112/><V8/><F124/><W76/><G53/><T89/><D110/><U2/><E2/><V86/><F69/><W10/><G67/><T108/><D108/><U37/><E37/><V87/><F103/><W47/><G47/><T127/><D127/><U74/><E126/><V6/><F40/><W82/><G65/><T41/><D41/><U96/><E96/><V20/><F36/><W34/><G24/><T72/><D83/><U98/><E98/><V4/><F86/><W62/><G82/><T64/><D64/><U27/><E49/><V121/><F121/><W57/><G81/><T85/><D85/><U88/><E88/><AGARI ba="0,0" hai="72,77,80,88,89,90,97,102,107,133,134" m="50251" machi="88" ten="30,11600,0" yaku="19,1,34,2,54,1" doraHai="52" who="0" fromWho="1" sc="250,116,250,-116,250,0,250,0" /><INIT seed="0,1,0,0,2,129" ten="366,134,250,250" oya="0" hai0="126,15,121,36,66,5,39,22,3,4,79,37,122" hai1="48,51,102,96,104,131,67,34,86,33,28,110,61" hai2="87,12,57,23,127,135,59,1,8,54,11,58,123" hai3="80,56,92,70,111,21,97,29,42,101,6,25,84"/><T134/><D3/><U52/><E131/><V85/><F135/><W75/><G111/><T98/><D126/><U118/><E110/><V112/><F127/><W0/><G70/><T113/><D113/><U18/><E118/><V40/><F112/><W72/><G42/><T62/><D134/><U16/><E86/><N who="2" m="32779" /><F1/><W65/><G6/><T107/><D79/><U130/><E130/><V20/><F123/><W35/><G35/><T17/><D121/><U9/><E51/><V116/><F116/><W14/><G14/><T83/><D83/><U117/><E117/><V132/><F132/><W73/><G0/><T82/><D82/><U74/><E74/><V95/><F40/><W31/><G31/><T46/><D46/><U38/><E38/><V114/><F114/><W120/><G120/><T77/><D77/><U50/><E50/><N who="2" m="30935" /><F95/><W27/><G27/><T41/><D41/><U90/><E90/><V44/><F8/><W55/><G65/><T13/><D122/><U63/><E9/><V128/><F44/><W93/><G93/><T76/><D13/><U53/><E63/><V115/><F115/><W78/><G75/><T100/><REACH who="0" step="1"/><D76/><REACH who="0" ten="356,134,250,250" step="2"/><U26/><E34/><V2/><F2/><W7/><G73/><T68/><AGARI ba="1,1" hai="4,5,15,17,22,36,37,39,62,66,68,98,100,107" machi="68" ten="30,6000,0" yaku="1,1,2,1,0,1,53,0" doraHai="129" doraHaiUra="47" who="0" fromWho="0" sc="356,73,134,-21,250,-21,250,-21" /><INIT seed="0,2,0,2,5,68" ten="429,113,229,229" oya="0" hai0="12,37,101,133,43,20,58,63,91,48,78,9,61" hai1="125,123,129,99,69,62,102,40,17,6,33,126,93" hai2="109,59,70,112,65,8,72,119,94,25,100,80,34" hai3="79,75,76,105,66,26,134,111,97,121,35,114,108"/><T50/><D133/><U45/><E123/><V84/><F112/><W128/><G114/><T85/><D78/><U118/><E118/><V120/><F120/><W92/><G121/><T11/><D101/><U49/><E33/><V113/><F113/><W130/><G105/><T135/><D135/><U41/><E129/><N who="3" m="49770" /><G66/><T77/><D77/><N who="3" m="29769" /><G75/><T56/><D20/><U15/><E6/><V36/><F72/><W1/><G1/><T31/><D31/><U124/><E62/><V98/><F119/><W46/><G134/><T127/><D127/><U5/><E5/><V42/><F65/><W23/><G46/><T117/><D56/><U116/><E116/><V24/><F59/><W28/><G23/><T107/><D107/><U103/><E69/><V54/><F34/><W74/><G74/><T73/><D73/><U38/><E103/><AGARI ba="2,0" hai="26,28,35,92,97,103,108,111" m="29769,49770" machi="103" ten="30,1000,0" yaku="19,1" doraHai="68" who="3" fromWho="1" sc="429,0,113,-16,229,0,229,16" /><INIT seed="1,0,0,4,3,66" ten="429,97,229,245" oya="1" hai0="43,127,29,59,132,97,103,123,31,95,63,120,39" hai1="107,35,52,36,112,37,84,87,133,14,49,90,58" hai2="33,20,74,9,40,119,7,0,61,48,124,53,83" hai3="42,128,116,47,68,122,130,91,80,72,6,69,96"/><U13/><E107/><V51/><F33/><W44/><G122/><N who="0" m="46635" /><D132/><U57/><E112/><V15/><F119/><W121/><G121/><T129/><D129/><N who="3" m="49769" /><G116/><T89/><D127/><U115/><E115/><V110/><F110/><W118/><G118/><T25/><D25/><U64/><E35/><V22/><F124/><W12/><G96/><N who="0" m="57455" /><D43/><U78/><E133/><V24/><F0/><W34/><G34/><T102/><D39/><U82/><E37/><V11/><F11/><N who="3" m="4215" /><G91/><T86/><D86/><U131/><E36/><V60/><F74/><W1/><G1/><T106/><D103/><U109/><E131/><V55/><F40/><W50/><G44/><T21/><D21/><N who="2" m="8298" /><F24/><W54/><G42/><T114/><D114/><U65/><E109/><V117/><F117/><W73/><G80/><T99/><D99/><U88/><E78/><V32/><F83/><W18/><G18/><T104/><D104/><U16/><E58/><N who="2" m="33063" /><F32/><W75/><AGARI ba="0,0" hai="47,50,54,68,69,72,73,75" m="4215,49769" machi="75" ten="40,5200,0" yaku="19,1,52,2" doraHai="66" who="3" fromWho="3" sc="429,-13,97,-26,229,-13,245,52" /><INIT seed="2,0,0,2,3,43" ten="416,71,216,297" oya="2" hai0="121,12,108,51,38,99,8,9,52,116,78,127,39" hai1="5,130,57,27,89,128,80,34,132,37,96,82,111" hai2="49,24,7,94,17,109,33,65,3,131,83,120,105" hai3="31,119,16,2,53,85,56,84,107,63,14,117,48"/><V72/><F120/><W106/><G2/><T35/><D121/><U62/><E111/><V6/><F105/><W4/><G4/><T66/><D35/><U97/><E37/><V104/><F104/><W45/><G31/><T23/><D116/><U102/><E5/><V91/><F109/><W90/><G106/><T15/><D108/><U58/><E132/><V129/><F65/><W40/><G107/><T98/><D66/><U87/><E82/><V92/><F3/><W69/><G69/><T26/><D78/><U13/><E13/><N who="0" m="5193" /><D39/><U60/><E34/><V113/><F113/><W19/><G19/><N who="0" m="12671" /><D38/><U54/><E27/><V0/><F49/><W100/><G100/><T101/><D127/><U95/><REACH who="1" step="1"/><E97/><REACH who="1" ten="416,61,216,297" step="2"/><N who="2" m="57503" /><F6/><W42/><G117/><T59/><D99/><U126/><E126/><V18/><F7/><W32/><G32/><T50/><D9/><U125/><E125/><V122/><F24/><W133/><G133/><T123/><D8/><U20/><E20/><V47/><F33/><W135/><G135/><T29/><D98/><U67/><AGARI ba="0,1" hai="54,57,58,60,62,67,80,87,89,95,96,102,128,130" machi="67" ten="30,2000,0" yaku="1,1,0,1,53,0" doraHai="43" doraHaiUra="64" who="1" fromWho="1" sc="416,-5,61,30,216,-10,297,-5" /><INIT seed="3,0,0,0,2,90" ten="411,91,206,292" oya="3" hai0="77,135,40,105,70,92,63,127,94,110,55,43,47" hai1="76,18,111,74,112,7,44,48,39,45,91,6,29" hai2="56,102,104,42,3,86,129,58,8,50,85,20,103" hai3="73,16,12,51,84,25,34,10,121,23,61,79,82"/><W72/><G121/><T87/><D105/><U115/><E29/><V15/><F129/><W134/><G134/><T49/><D135/><U24/><E39/><V117/><F117/><W122/><G122/><T119/><D119/><U98/><E74/><V32/><F32/><W14/><G34/><T95/><D110/><U120/><E120/><V13/><F3/><W62/><G14/><T68/><D127/><U5/><E76/><V101/><F104/><W93/><G51/><T57/><REACH who="0" step="1"/><D40/><REACH who="0" ten="401,91,206,292" step="2"/><U130/><E111/><V114/><F114/><W108/><G108/><T99/><D99/><U38/><E38/><V52/><F42/><W19/><REACH who="3" step="1"/><G73/><REACH who="3" ten="401,91,206,282" step="2"/><T33/><D33/><U88/><E115/><V4/><F15/><W75/><G75/><T41/><D41/><U30/><E112/><V128/><F128/><W36/><G36/><T35/><D35/><U89/><E130/><V66/><F20/><W100/><G100/><T113/><D113/><U107/><E98/><V125/><F125/><W69/><G69/><T26/><D26/><U106/><E24/><V1/><F1/><W46/><G46/><T2/><D2/><U83/><E45/><V17/><F4/><W65/><G65/><T118/><D118/><U124/><E44/><V96/><F96/><W109/><G109/><T9/><D9/><U64/><E5/><V71/><F71/><W28/><G28/><T116/><D116/><U27/><E6/><V21/><F8/><W97/><G97/><T78/><D78/><U131/><E7/><V11/><F11/><W80/><G80/><AGARI ba="0,2" hai="43,47,49,55,57,63,68,70,77,80,87,92,94,95" machi="80" ten="40,8000,1" yaku="1,1,52,3,53,0" doraHai="90" doraHaiUra="126" who="0" fromWho="3" sc="401,100,91,0,206,0,282,-80" owari="501,60.1,91,-40.9,206,0.6,202,-19.8" /></mjloggm>