<mjloggm ver="2.3"><GO type="225" lobby="0"/><UN n0="%E6%A5%93%E4%BB%8B" n1="%E7%99%BD%E5%80%89%E5%AF%9B%E4%B9%8B" n2="%E5%A4%8F%E9%88%B4%E9%88%B4%E5%A4%8F" n3="%E5%8D%A0%E3%81%84%E5%B8%AB%E8%A3%8F%E3%81%AA%E3%81%84%E3%81%97" dan="16,16,16,17" rate="2101.38,2102.54,2118.19,2236.07" sx="M,M,F,M"/><TAIKYOKU oya="0"/><INIT seed="0,0,0,1,4,71" ten="250,250,250,250" oya="0" hai0="133,15,105,31,14,93,124,36,100,7,116,88,55" hai1="26,97,109,115,11,4,134,96,19,1,125,53,18" hai2="83,108,98,17,113,127,2,95,24,40,92,63,39" hai3="130,58,12,35,68,46,112,66,107,75,65,106,16"/><T28/><D116/><U126/><E109/><V48/><F113/><W45/><G112/><T43/><D105/><U25/><E115/><V103/><F2/><W62/><G75/><T3/><D100/><U0/><E53/><V47/><F127/><N who="1" m="48649" /><E96/><V22/><F108/><W129/><G35/><T73/><D73/><U123/><E97/><V120/><F120/><W13/><G13/><T6/><D124/><U111/><E111/><V118/><F118/><W56/><G68/><T49/><D3/><N who="1" m="1099" /><E123/><V102/><F83/><W57/><G106/><T8/><D133/><U54/><E54/><V86/><F63/><W69/><G107/><T87/><D15/><N who="1" m="5607" /><E134/><V10/><F10/><W84/><G84/><T101/><D101/><U42/><E42/><V37/><REACH who="2" step="1"/><F103/><REACH who="2" ten="250,250,240,250" step="2"/><W70/><G70/><T117/><D117/><U81/><E81/><V5/><F5/><W29/><G69/><T80/><D6/><U41/><E41/><V110/><F110/><W21/><G62/><T94/><D94/><U64/><E64/><V121/><F121/><W20/><G65/><T23/><D93/><U61/><E61/><V90/><AGARI ba="0,1" hai="17,22,24,37,39,40,47,48,86,90,92,95,98,102" machi="90" ten="30,8000,1" yaku="1,1,0,1,52,2,53,1" doraHai="71" doraHaiUra="38" who="2" fromWho="2" sc="250,-40,250,-20,240,90,250,-20" /><INIT seed="1,0,0,3,1,41" ten="210,230,330,230" oya="1" hai0="48,34,120,128,70,27,94,101,12,81,13,15,38" hai1="92,52,60,19,116,87,107,106,83,39,16,11,46" hai2="33,78,40,23,21,79,42,51,68,30,112,7,35" hai3="22,110,72,80,9,65,1,57,102,98,105,53,82"/><U109/><E116/><V59/><F68/><W31/><G110/><T64/><D38/><U58/><E109/><V71/><F71/><W20/><G65/><T44/><D128/><U45/><E39/><V37/><F7/><W32/><G32/><T66/><D120/><U126/><E126/><V18/><F18/><N who="1" m="6697" /><E107/><V73/><F73/><W62/><G31/><T75/><D70/><U14/><E106/><V76/><F37/><W56/><G80/><T129/><D129/><U49/><E92/><V108/><F108/><W91/><G56/><T29/><D81/><U63/><E14/><V114/><F33/><W86/><REACH who="3" step="1"/><G72/><REACH who="3" ten="210,230,330,220" step="2"/><T103/><D75/><U36/><E11/><V111/><F35/><W69/><G69/><T118/><D118/><U77/><E36/><V89/><F111/><W8/><G8/><T124/><D124/><U95/><E95/><V130/><F130/><W115/><G115/><T67/><REACH who="0" step="1"/><D94/><REACH who="0" ten="200,230,330,220" step="2"/><U84/><E84/><V0/><F114/><W122/><G122/><T97/><D97/><U26/><E26/><V3/><F112/><W25/><G25/><T119/><D119/><U131/><E131/><V117/><F117/><W99/><G99/><T61/><D61/><AGARI ba="0,2" hai="45,46,49,52,58,60,61,63,77,83,87" m="6697" machi="61" ten="30,12000,1" yaku="8,1,52,2,54,2" doraHai="41" who="1" fromWho="0" sc="200,-120,230,140,330,0,220,0" /><INIT seed="1,1,0,0,3,8" ten="80,370,330,220" oya="1" hai0="117,43,67,74,35,32,58,16,115,119,72,7,87" hai1="92,9,90,2,27,135,107,64,57,123,36,54,44" hai2="114,85,33,70,0,24,6,79,83,42,131,63,65" hai3="39,10,62,15,105,1,22,60,82,129,130,106,128"/><U124/><E107/><N who="3" m="40970" /><G39/><T76/><D115/><U49/><E123/><V19/><F131/><W38/><G38/><T47/><D7/><U12/><E124/><V28/><F114/><W13/><G82/><T103/><D103/><U20/><E135/><V78/><F42/><W61/><G22/><T96/><D96/><N who="1" m="57367" /><E36/><V121/><F121/><W101/><G101/><T17/><D87/><U11/><E2/><V21/><F6/><AGARI ba="1,0" hai="1,6,10,13,15,60,61,62,128,129,130" m="40970" machi="6" ten="40,5200,0" yaku="19,1,52,2" doraHai="8" who="3" fromWho="2" sc="80,0,370,0,330,-55,220,55" /><INIT seed="2,0,0,4,1,41" ten="80,370,275,275" oya="2" hai0="42,119,120,18,20,48,25,54,117,21,118,19,50" hai1="112,108,70,98,51,128,111,62,29,47,123,106,127" hai2="16,52,114,67,65,78,116,102,73,14,44,75,135" hai3="36,56,60,26,5,23,79,15,68,84,133,13,101"/><V134/><F116/><W97/><G36/><T95/><D120/><U40/><E123/><V124/><F114/><W34/><G133/><N who="2" m="50697" /><F102/><W6/><G68/><T126/><D126/><U125/><E112/><V2/><F2/><W22/><G34/><T38/><D95/><U55/><E29/><V74/><F78/><W28/><G84/><T132/><D132/><U8/><E8/><N who="2" m="6215" /><F124/><N who="1" m="47689" /><E128/><V77/><F77/><W109/><G79/><T43/><D38/><N who="1" m="21911" /><E98/><V89/><F89/><W27/><G5/><T90/><D90/><U4/><E4/><V71/><F71/><W80/><G6/><T57/><REACH who="0" step="1"/><D50/><AGARI ba="0,0" hai="44,50,52,65,67,73,74,75" m="6215,50697" machi="50" ten="40,12000,1" yaku="20,1,52,1,54,2" doraHai="41" who="2" fromWho="0" sc="80,-120,370,0,275,120,275,0" owari="-40,-54.0,370,17.0,395,49.5,275,-12.5" /></mjloggm>