<mjloggm ver="2.3"><GO type="225" lobby="0"/><UN n0="%E3%83%B4%E3%83%A0%EF%BC%99%E3%81%A6" n1="%E5%A4%8F%E9%88%B4%E9%88%B4%E5%A4%8F" n2="%E5%91%A8%E6%9D%B1" n3="%E6%B4%BE%E9%81%A3%E3%81%AE%E3%82%B8%E3%83%A3%E3%83%83%E3%82%AF" dan="16,16,17,17" rate="2166.96,2156.93,2195.45,2196.34" sx="M,F,M,M"/><TAIKYOKU oya="0"/><INIT seed="0,0,0,4,4,110" ten="250,250,250,250" oya="0" hai0="80,94,117,30,111,60,23,124,101,10,56,69,83" hai1="28,14,102,25,15,99,107,55,123,63,113,59,116" hai2="51,21,78,128,3,68,96,89,74,65,47,22,11" hai3="115,13,109,24,122,58,75,70,77,135,120,127,62"/><T18/><D117/><U49/><E116/><V20/><F68/><W42/><G109/><T133/><D111/><U134/><E123/><V19/><F65/><W53/><G127/><T8/><D124/><U54/><E134/><V93/><F93/><W121/><G135/><T130/><D69/><U50/><E113/><V1/><F128/><W88/><G70/><T35/><D35/><U39/><E39/><V57/><F78/><W129/><G42/><T67/><D130/><U118/><E63/><V85/><F74/><W2/><G2/><T100/><D100/><U97/><E97/><V9/><F57/><W90/><G129/><T131/><D133/><U37/><E37/><V7/><F96/><W73/><G24/><N who="0" m="16671" /><D131/><U86/><E86/><V38/><F38/><W72/><G77/><T112/><D112/><U44/><REACH who="1" step="1"/><E118/><REACH who="1" ten="250,240,250,250" step="2"/><V45/><F85/><W84/><G115/><T6/><D60/><U76/><E76/><V46/><F51/><W66/><G84/><T33/><D67/><U92/><E92/><V5/><REACH who="2" step="1"/><F89/><REACH who="2" ten="250,240,240,250" step="2"/><W29/><G66/><T103/><D94/><U0/><E0/><V17/><AGARI ba="0,2" hai="1,3,5,7,9,11,17,19,20,21,22,45,46,47" machi="17" ten="40,8000,1" yaku="1,1,2,1,0,1,9,1,53,0" doraHai="110" doraHaiUra="125" who="2" fromWho="2" sc="250,-40,240,-20,240,100,250,-20" /><INIT seed="1,0,0,4,5,29" ten="210,220,340,230" oya="1" hai0="54,121,78,118,37,77,109,72,126,122,56,67,61" hai1="129,79,112,21,96,123,58,81,64,80,76,104,71" hai2="124,111,88,49,74,8,105,107,120,89,65,18,134" hai3="53,131,32,0,22,7,82,52,16,13,91,12,55"/><U100/><E123/><N who="0" m="47113" /><D118/><U15/><E129/><V34/><F120/><W128/><G0/><T98/><D37/><U24/><E112/><V23/><F74/><W59/><G32/><T87/><D72/><U19/><E71/><V36/><F36/><W92/><G82/><N who="0" m="47567" /><D78/><U114/><E114/><V2/><F65/><W9/><REACH who="3" step="1"/><G59/><REACH who="3" ten="210,220,340,220" step="2"/><T48/><D109/><U45/><E58/><V26/><F34/><W130/><G130/><T4/><D126/><U28/><E45/><V25/><F111/><W127/><G127/><T108/><D108/><U11/><E64/><V110/><F124/><W99/><AGARI ba="0,1" hai="7,9,12,13,16,22,52,53,55,91,92,99,128,131" machi="99" ten="30,7900,0" yaku="1,1,0,1,54,2,53,0" doraHai="29" doraHaiUra="38" who="3" fromWho="3" sc="210,-20,220,-39,340,-20,220,89" /><INIT seed="2,0,0,1,1,14" ten="190,181,320,309" oya="2" hai0="56,113,71,101,53,92,129,80,61,36,86,87,51" hai1="109,128,54,12,46,104,65,95,106,72,25,73,135" hai2="31,39,6,59,125,131,119,34,94,63,7,89,10" hai3="4,91,21,122,45,49,41,47,103,55,0,98,97"/><V116/><F39/><W110/><G110/><T69/><D113/><U40/><E109/><V81/><F131/><W44/><G122/><T84/><D36/><U120/><E128/><V114/><F114/><W23/><G4/><T79/><D129/><U29/><E135/><V3/><F125/><W57/><G0/><T83/><D84/><U112/><E112/><V26/><F7/><W96/><G91/><T35/><D35/><U8/><E65/><V5/><F81/><W66/><G66/><T1/><D1/><U32/><E54/><V134/><F6/><W58/><G41/><T70/><D92/><U123/><E95/><V9/><F9/><W42/><G42/><T132/><D101/><U16/><E73/><V27/><F27/><W20/><REACH who="3" step="1"/><G58/><REACH who="3" ten="190,181,320,299" step="2"/><T64/><D132/><U43/><E40/><V85/><F134/><W115/><G115/><T130/><D130/><U60/><E72/><V93/><F93/><AGARI ba="0,1" hai="20,21,23,44,45,47,49,55,57,93,96,97,98,103" machi="93" ten="40,2600,0" yaku="1,1,8,1,53,0" doraHai="14" doraHaiUra="22" who="3" fromWho="2" sc="190,0,181,0,320,-26,299,36" /><INIT seed="3,0,0,3,5,35" ten="190,181,294,335" oya="3" hai0="60,87,89,119,66,3,55,91,65,83,92,67,126" hai1="135,1,115,74,34,132,81,104,90,24,40,103,96" hai2="69,20,44,9,23,54,4,8,68,19,93,128,16" hai3="64,121,116,112,106,61,134,51,36,46,124,75,5"/><W98/><G75/><T78/><D119/><U10/><E115/><V58/><F128/><W79/><G36/><T14/><D3/><U43/><E90/><V53/><F93/><W109/><G79/><T70/><D126/><U76/><E43/><V25/><F44/><W88/><G88/><T100/><D14/><U62/><E40/><V15/><F9/><W72/><G72/><T101/><D89/><U52/><E52/><V117/><F117/><W39/><G39/><T28/><D28/><N who="1" m="19719" /><E62/><V108/><F108/><W130/><G109/><T27/><D27/><U41/><E41/><V118/><F118/><W2/><G51/><T94/><D94/><U114/><E114/><V22/><F22/><W71/><G98/><T13/><D13/><U21/><E21/><V59/><F54/><W26/><G61/><T77/><D77/><U49/><E49/><V102/><F102/><W107/><G46/><T63/><D55/><U105/><E105/><V50/><REACH who="2" step="1"/><F59/><REACH who="2" ten="190,181,284,335" step="2"/><W111/><G111/><T37/><D101/><U32/><E32/><V113/><F113/><W57/><G112/><T31/><D100/><U120/><E120/><V45/><F45/><W47/><G57/><T110/><D110/><U82/><E82/><V48/><F48/><W123/><G47/><T38/><D38/><U7/><AGARI ba="0,1" hai="1,7,10,74,76,81,96,103,104,132,135" m="19719" machi="7" ten="30,2000,0" yaku="23,1,52,1" doraHai="35" who="1" fromWho="1" sc="190,-5,181,30,284,-5,335,-10" owari="185,-31.5,211,-18.9,279,7.9,325,42.5" /></mjloggm>