<mjloggm ver="2.3"><GO type="225" lobby="0"/><UN n0="%E6%9C%88%E5%B3%B6%E5%9F%BA" n1="%E9%A6%AC%E5%BC%95%E7%81%AB%33" n2="%E3%82%BC%E3%83%AB%E3%83%80%E3%81%AE%E4%BC%9D%E8%AA%AC" n3="%70%68%65%6E%6F%6D%65" dan="17,16,17,16" rate="2195.74,2143.66,2159.38,2183.42" sx="M,F,M,M"/><TAIKYOKU oya="0"/><INIT seed="0,0,0,0,1,21" ten="250,250,250,250" oya="0" hai0="75,135,107,103,29,88,109,20,11,77,15,90,37" hai1="99,79,73,92,74,70,112,32,56,125,132,35,128" hai2="55,113,45,42,2,76,52,7,26,22,104,80,54" hai3="38,16,61,43,5,12,31,41,40,33,25,121,117"/><T108/><D37/><U83/><E70/><V34/><F104/><W4/><G117/><T1/><D1/><U126/><E56/><V95/><F113/><W124/><G38/><T63/><D135/><U53/><E53/><V129/><F129/><W10/><G124/><N who="1" m="47722" /><E32/><V100/><F34/><W85/><G121/><T47/><D47/><U105/><E35/><V106/><F106/><W101/><G101/><T30/><D63/><U58/><E58/><V6/><F2/><W130/><G130/><T86/><D75/><N who="1" m="43519" /><E128/><V102/><F95/><W93/><REACH who="3" step="1"/><G61/><REACH who="3" ten="250,250,250,240" step="2"/><T51/><D103/><N who="1" m="62719" /><E132/><V28/><F100/><W82/><G82/><T78/><D107/><U84/><E112/><V119/><F102/><W115/><G115/><T46/><D108/><U89/><AGARI ba="0,1" hai="73,74,84,89,92" m="62719,43519,47722" machi="89" ten="30,7900,0" yaku="24,1,18,1,34,2" doraHai="21" who="1" fromWho="1" sc="250,-39,250,89,250,-20,240,-20" /><INIT seed="1,0,0,0,3,102" ten="211,339,230,220" oya="1" hai0="37,98,9,30,13,81,20,19,57,135,14,33,80" hai1="97,50,134,55,94,132,131,46,5,119,126,44,26" hai2="29,116,87,39,58,130,28,111,32,34,128,125,7" hai3="23,114,129,112,16,0,75,76,53,31,103,123,43"/><U38/><E119/><V21/><F39/><W63/><G123/><T118/><D118/><U127/><E5/><V61/><F116/><W78/><G0/><T133/><D37/><U67/><E26/><V48/><F111/><W100/><G31/><T25/><D57/><U115/><E115/><V86/><F48/><W122/><G122/><T106/><D106/><U101/><E67/><V2/><F7/><W60/><G43/><T45/><D45/><U92/><E92/><V93/><F2/><W27/><G129/><N who="2" m="49769" /><F125/><N who="1" m="47625" /><E131/><V35/><F93/><W110/><G110/><T64/><D98/><U17/><E17/><V82/><F21/><W73/><G23/><T104/><D104/><U68/><E68/><V49/><F49/><W96/><G96/><T113/><D113/><U95/><E95/><V41/><F41/><AGARI ba="0,0" hai="38,41,44,46,50,55,94,97,101,132,134" m="47625" machi="41" ten="30,1500,0" yaku="18,1" doraHai="102" who="1" fromWho="2" sc="211,0,339,15,230,-15,220,0" /><INIT seed="1,1,0,1,2,29" ten="211,354,215,220" oya="1" hai0="77,44,63,83,126,51,16,101,80,129,42,31,33" hai1="28,86,109,41,105,79,59,17,67,12,112,134,68" hai2="135,74,93,43,53,75,123,11,89,22,18,97,27" hai3="9,104,127,25,54,111,87,58,65,55,5,60,20"/><U8/><E112/><V36/><F123/><W6/><G111/><T71/><D129/><U100/><E68/><V30/><F135/><W21/><G127/><T32/><D126/><U57/><E134/><V132/><F132/><W56/><G104/><T85/><D31/><U96/><E28/><V15/><REACH who="2" step="1"/><F53/><REACH who="2" ten="211,354,205,220" step="2"/><W39/><G39/><T95/><D83/><U49/><E109/><V119/><F119/><W99/><G99/><T116/><D116/><U102/><E96/><V82/><F82/><W3/><G6/><T81/><D81/><U10/><E67/><V125/><F125/><W92/><G65/><T14/><D80/><U91/><E41/><V133/><F133/><W47/><G47/><AGARI ba="1,1" hai="11,15,18,22,27,30,36,43,47,74,75,89,93,97" machi="47" ten="40,1300,0" yaku="1,1,53,0" doraHai="29" doraHaiUra="114" who="2" fromWho="3" sc="211,0,354,0,205,26,220,-16" /><INIT seed="2,0,0,4,0,35" ten="211,354,231,204" oya="2" hai0="42,24,120,63,11,1,103,105,101,50,71,38,127" hai1="43,108,60,2,123,104,39,18,114,34,31,3,74" hai2="15,134,78,22,131,33,10,29,21,13,84,32,73" hai3="58,55,6,100,106,89,44,14,25,107,79,72,135"/><V46/><F73/><W30/><G135/><T49/><D120/><U85/><E85/><V119/><F46/><W110/><G110/><T95/><D105/><U37/><E18/><N who="2" m="10447" /><F84/><W124/><G124/><T0/><D127/><U90/><E108/><V67/><F67/><W98/><G44/><T56/><D38/><U82/><E90/><V76/><F76/><W12/><G106/><T53/><D11/><U54/><E54/><V111/><F78/><W80/><G6/><T68/><D24/><N who="1" m="18791" /><E123/><V81/><F81/><W88/><G14/><T5/><D5/><U20/><E114/><V19/><F111/><W66/><G12/><T47/><D50/><U121/><E121/><V91/><F91/><W102/><G102/><T130/><D101/><U115/><E115/><V112/><F112/><W126/><G66/><T45/><D45/><N who="1" m="23791" /><E60/><V9/><F119/><W117/><G117/><T118/><D118/><U23/><E39/><V99/><F99/><W125/><G126/><T129/><D103/><U59/><E59/><V27/><F134/><W65/><G65/><T70/><D95/><U86/><E82/><V87/><F87/><W36/><G36/><T41/><D42/><U61/><E61/><V64/><F64/><W94/><G94/><T132/><D132/><U128/><E86/><V113/><F113/><W4/><G125/><T52/><D41/><U8/><E74/><V96/><F96/><W26/><G4/><T57/><D47/><U40/><E40/><V48/><F131/><AGARI ba="0,0" hai="0,1,49,52,53,56,57,63,68,70,71,129,130,131" machi="131" ten="50,8000,1" yaku="19,1,52,2,54,1" doraHai="35" who="0" fromWho="2" sc="211,80,354,0,231,-80,204,0" /><INIT seed="3,0,0,5,4,75" ten="291,354,151,204" oya="3" hai0="79,65,112,89,76,104,108,95,78,5,121,13,37" hai1="36,14,132,24,111,84,99,30,129,21,10,69,133" hai2="61,39,115,12,126,19,120,117,100,96,134,49,67" hai3="4,45,107,127,11,98,48,50,8,71,116,27,119"/><W47/><G71/><T59/><D104/><U20/><E111/><V0/><F0/><W31/><G107/><T135/><D37/><U80/><E129/><V122/><F115/><W128/><G98/><N who="0" m="57711" /><D121/><U34/><E36/><V6/><F117/><W82/><G27/><T118/><D118/><U42/><E42/><V87/><F39/><W74/><G82/><T26/><D108/><U81/><E81/><V88/><F6/><W101/><G31/><T25/><D135/><N who="1" m="51787" /><E99/><V28/><F134/><W7/><G74/><T83/><D83/><U123/><E123/><V2/><F49/><W94/><G94/><T41/><D41/><U1/><E1/><V29/><F2/><W38/><G38/><T113/><D113/><U93/><E93/><V40/><F40/><W52/><G101/><T17/><D5/><N who="1" m="3407" /><E69/><V110/><F110/><W16/><G128/><T105/><D105/><U91/><AGARI ba="0,0" hai="20,21,24,30,34,80,84,91" m="3407,51787" machi="91" ten="30,1100,0" yaku="20,1" doraHai="75" who="1" fromWho="1" sc="291,-3,354,11,151,-3,204,-5" owari="288,8.8,365,46.5,148,-35.2,199,-20.1" /></mjloggm>