<mjloggm ver="2.3"><GO type="225" lobby="0"/><UN n0="%E3%81%BD%E3%81%A1%E3%81%9F%E3%81%93%E3%82%84" n1="%E3%83%96%E3%83%83%E3%83%91%E3%82%AA%E3%83%96%E3%83%81%E3%82%AD%E3%83%B3" n2="%E6%A1%9C%E6%B2%A2%E5%A2%A8" n3="%4C%4F%4C%49%54%41" dan="17,16,17,16" rate="2191.98,2064.89,2155.52,2108.20" sx="M,M,F,F"/><TAIKYOKU oya="0"/><INIT seed="0,0,0,1,3,107" ten="250,250,250,250" oya="0" hai0="35,98,69,81,50,14,44,2,71,7,29,126,28" hai1="56,37,90,45,11,125,8,59,30,34,1,55,49" hai2="105,106,65,3,86,20,62,33,42,87,112,46,52" hai3="57,80,75,76,4,15,115,94,99,48,43,24,72"/><T12/><D126/><U108/><E108/><V124/><F33/><W95/><G115/><T70/><D98/><U53/><E125/><V54/><F124/><W61/><G24/><T73/><D2/><U117/><E117/><V123/><F123/><W60/><G94/><T93/><D93/><U83/><E1/><V18/><F3/><W122/><G122/><T36/><D36/><U23/><E34/><V25/><F112/><W10/><G75/><T47/><D47/><U67/><E67/><V111/><F111/><W101/><REACH who="3" step="1"/><G57/><REACH who="3" ten="250,250,250,240" step="2"/><T5/><D70/><U22/><E59/><N who="2" m="37087" /><F106/><W109/><G109/><T119/><D71/><U85/><E37/><V63/><F105/><W21/><G21/><N who="1" m="7690" /><E30/><V104/><F104/><W27/><G27/><T64/><D29/><U9/><E56/><N who="2" m="35207" /><F42/><AGARI ba="0,1" hai="8,9,11,42,45,49,53,55,83,85,90" m="7690" machi="42" ten="30,1000,0" yaku="8,1" doraHai="107" who="1" fromWho="2" sc="250,0,250,20,250,-10,240,0" /><INIT seed="1,0,0,4,2,114" ten="250,270,240,240" oya="1" hai0="60,68,131,126,78,94,62,25,5,11,1,123,10" hai1="87,48,133,44,51,112,86,110,85,7,97,32,65" hai2="20,105,106,116,104,43,28,72,34,17,132,22,118" hai3="45,64,74,98,30,36,46,70,8,0,12,14,102"/><U54/><E112/><V3/><F72/><W84/><G74/><T96/><D131/><U71/><E32/><V21/><F3/><W135/><G135/><T129/><D129/><U18/><E133/><V40/><F132/><W66/><G30/><T55/><D126/><U100/><E7/><V90/><F17/><W47/><G36/><T15/><D78/><U75/><E75/><V29/><F90/><W134/><G134/><T69/><D123/><U122/><E122/><V103/><F103/><W91/><G0/><T93/><D25/><U92/><E110/><V107/><N who="2" m="26624" /><DORA hai="108" /><V89/><F89/><W101/><G14/><T99/><D15/><U24/><E71/><V13/><F13/><W31/><G31/><N who="2" m="11849" /><F34/><W52/><G52/><T53/><REACH who="0" step="1"/><D5/><REACH who="0" ten="240,270,240,240" step="2"/><U127/><E127/><V63/><F63/><W82/><G12/><T119/><D119/><AGARI ba="0,1" hai="20,21,22,40,43,116,118,119" m="11849,26624" machi="119" ten="70,8000,1" yaku="28,2,52,3" doraHai="114,108" who="2" fromWho="0" sc="240,-80,270,0,240,90,240,0" /><INIT seed="2,0,0,0,2,85" ten="160,270,330,240" oya="2" hai0="47,4,76,3,125,73,92,97,12,48,72,28,108" hai1="104,57,78,36,31,101,11,120,8,112,7,5,66" hai2="91,68,54,113,37,130,99,109,63,95,34,94,84" hai3="106,1,132,133,33,114,127,116,102,17,16,86,39"/><V74/><F113/><W2/><G39/><T134/><D3/><N who="3" m="1033" /><G116/><T90/><D108/><U135/><E36/><V80/><F37/><W56/><G33/><T119/><D119/><U23/><E112/><V121/><F121/><W24/><G114/><T65/><D134/><N who="3" m="51817" /><G24/><T100/><D125/><U58/><E104/><V67/><F34/><W42/><G42/><T52/><D28/><U6/><E120/><V40/><F40/><W15/><G127/><T59/><D76/><U107/><E78/><V46/><F74/><W83/><G56/><T77/><D77/><U20/><E58/><V126/><F126/><W75/><G15/><T50/><D100/><U22/><E31/><V110/><F130/><W18/><G75/><T60/><REACH who="0" step="1"/><D48/><REACH who="0" ten="150,270,330,240" step="2"/><U105/><E135/><V55/><F110/><W32/><G102/><T10/><AGARI ba="0,1" hai="4,10,12,47,50,52,59,60,65,72,73,90,92,97" machi="10" ten="30,8000,1" yaku="1,1,2,1,0,1,52,1,54,1,53,0" doraHai="85" doraHaiUra="131" who="0" fromWho="0" sc="150,90,270,-20,330,-40,240,-20" /><INIT seed="3,0,0,2,1,15" ten="240,250,290,220" oya="3" hai0="83,5,47,67,113,52,26,59,111,106,48,97,27" hai1="4,87,24,16,14,19,65,56,37,81,116,44,8" hai2="13,121,61,132,78,53,23,60,64,76,104,20,108" hai3="102,86,41,31,98,96,50,114,43,63,58,32,10"/><W30/><G114/><T2/><D113/><U22/><E116/><V128/><F104/><W123/><G123/><T33/><D111/><U85/><E37/><V62/><F108/><W80/><G32/><T90/><D2/><U124/><E124/><V66/><F132/><W29/><G10/><T127/><D127/><U34/><E34/><V120/><F128/><W126/><G126/><T82/><D5/><U38/><E38/><V71/><F53/><W133/><G133/><T6/><D6/><U69/><E69/><N who="2" m="42119" /><F61/><W11/><G11/><T7/><D7/><U93/><E44/><V55/><F55/><W79/><G50/><N who="0" m="31127" /><D106/><U84/><E93/><V77/><F13/><W73/><G73/><T36/><D36/><U95/><E95/><V112/><F112/><W131/><G131/><T91/><D67/><U0/><E0/><V109/><F109/><W117/><G117/><T122/><D33/><U42/><E4/><V25/><F25/><N who="0" m="9226" /><D122/><AGARI ba="0,0" hai="20,23,62,66,71,76,77,78,120,121,122" m="42119" machi="122" ten="30,1000,0" yaku="13,1" doraHai="15" who="2" fromWho="0" sc="240,-10,250,0,290,10,220,0" owari="230,-17.0,250,5.0,300,40.0,220,-28.0" /></mjloggm>