<mjloggm ver="2.3"><GO type="225" lobby="0"/><UN n0="%E3%83%B4%E3%83%A0%EF%BC%99%E3%81%A6" n1="%E3%81%BF%E3%81%BF%E3%81%9A" n2="%E5%91%A8%E6%9D%B1" n3="%E3%80%93%E3%81%97%E3%83%BC%E3%82%89%E3%80%93" dan="16,17,17,16" rate="2161.02,2180.08,2197.37,2216.23" sx="M,M,M,M"/><TAIKYOKU oya="0"/><INIT seed="0,0,0,1,2,105" ten="250,250,250,250" oya="0" hai0="73,82,126,87,90,6,32,111,3,13,107,120,8" hai1="112,89,124,131,61,35,69,36,49,57,1,83,34" hai2="108,98,114,76,27,15,134,115,10,56,85,5,29" hai3="94,104,55,50,77,40,101,22,88,132,47,110,70"/><T91/><D120/><U81/><E1/><V66/><F108/><W43/><G70/><T68/><D107/><U79/><E36/><V103/><F134/><W48/><G110/><T130/><D111/><U9/><E124/><V18/><F76/><W59/><G132/><T38/><D126/><U74/><E9/><V52/><F85/><W39/><G77/><T20/><D38/><U100/><E100/><V44/><F66/><W53/><G104/><T37/><D37/><U12/><E12/><V63/><F44/><W96/><G101/><T60/><D32/><U64/><E131/><V31/><F5/><W84/><G96/><T30/><D130/><U106/><E106/><V123/><F123/><W11/><G39/><T97/><D73/><U80/><E112/><V17/><F17/><W135/><G135/><T54/><D30/><U42/><E83/><V25/><F98/><W86/><G86/><T118/><D118/><U117/><E117/><V67/><F67/><W127/><G127/><T129/><D129/><U65/><E65/><V45/><F45/><W119/><G119/><T109/><D109/><U33/><E42/><V92/><F92/><W23/><G11/><T122/><D122/><U0/><E0/><V16/><F18/><W19/><G23/><T41/><D41/><U133/><E133/><V7/><F7/><W116/><G116/><T14/><D68/><U62/><E62/><V113/><REACH who="2" step="1"/><F103/><REACH who="2" ten="250,250,240,250" step="2"/><W99/><G99/><T121/><D121/><U128/><E128/><V71/><F71/><W102/><G102/><T72/><D97/><U78/><E69/><RYUUKYOKU ba="0,1" sc="250,-15,250,-15,240,15,250,15" hai2="10,15,16,25,27,29,31,52,56,63,113,114,115" hai3="19,22,40,43,47,48,50,53,55,59,84,88,94" /><INIT seed="1,1,1,4,3,20" ten="235,235,255,265" oya="1" hai0="67,1,88,75,117,18,92,93,65,60,49,61,97" hai1="7,36,45,102,0,96,57,122,23,90,127,33,19" hai2="81,120,114,105,30,40,12,79,38,109,58,8,130" hai3="13,4,133,15,76,17,24,11,32,70,74,31,56"/><U73/><E122/><V85/><F120/><W106/><G70/><T82/><D117/><U2/><E73/><V80/><F105/><W135/><G106/><T84/><D1/><U124/><E33/><V69/><F69/><W6/><G76/><T34/><D34/><U47/><E90/><V63/><F114/><W134/><G74/><T126/><D126/><N who="1" m="48171" /><E57/><V98/><F130/><W111/><G111/><T59/><D75/><U55/><E55/><V44/><F109/><W51/><G51/><T116/><D116/><U54/><E54/><V14/><F30/><W113/><G56/><N who="0" m="36999" /><D49/><U94/><E7/><N who="3" m="2602" /><G15/><T131/><D131/><U99/><E99/><V27/><F98/><W43/><G43/><T115/><D115/><AGARI ba="1,1" hai="11,13,17,24,31,32,113,115,133,134,135" m="2602" machi="115" ten="40,8000,1" yaku="20,1,34,2,52,1" doraHai="20" who="3" fromWho="0" sc="235,-83,235,0,255,0,265,93" /><INIT seed="2,0,0,2,5,94" ten="152,235,255,358" oya="2" hai0="48,127,123,9,122,89,55,40,104,128,73,75,37" hai1="24,65,72,102,21,67,35,112,84,118,0,100,88" hai2="119,2,45,52,56,91,4,8,134,6,61,41,90" hai3="129,126,85,49,107,38,125,80,28,44,76,74,20"/><V14/><F134/><W124/><G107/><T43/><D9/><U13/><E112/><V1/><F119/><W39/><G129/><T116/><D104/><U64/><E0/><V103/><F103/><W92/><G28/><T23/><D23/><U120/><E72/><V27/><F27/><W12/><G20/><T109/><D116/><U63/><E118/><V36/><F6/><W115/><G12/><T46/><D128/><U86/><E120/><V97/><REACH who="2" step="1"/><F90/><REACH who="2" ten="152,235,245,358" step="2"/><N who="3" m="53327" /><G115/><T26/><D89/><U87/><E35/><V133/><F133/><W99/><G99/><T95/><D26/><U68/><E100/><V121/><F121/><W69/><G69/><T111/><D122/><U32/><E102/><V34/><F34/><W105/><G105/><T54/><D123/><U60/><E68/><V79/><F79/><W19/><G19/><T11/><D109/><U77/><E77/><V42/><F42/><AGARI ba="0,1" hai="38,39,42,44,49,74,76,80,124,125,126" m="53327" machi="42" ten="30,1000,0" yaku="18,1" doraHai="94" who="3" fromWho="2" sc="152,0,235,0,245,-10,358,20" /><INIT seed="3,0,0,2,1,107" ten="152,235,235,378" oya="3" hai0="113,69,30,106,109,75,38,48,14,123,0,98,62" hai1="102,74,57,117,70,64,116,105,86,78,77,31,22" hai2="133,130,36,103,26,93,91,65,110,46,51,33,71" hai3="95,3,92,80,88,5,37,72,87,104,122,128,129"/><W63/><G37/><T66/><D123/><U67/><E74/><V132/><F36/><W108/><G122/><T97/><D38/><U18/><E31/><N who="2" m="19703" /><F103/><W17/><G104/><T82/><D0/><U114/><E114/><V76/><F76/><N who="1" m="29289" /><E86/><V40/><F65/><N who="1" m="25161" /><E57/><V119/><F71/><W15/><G87/><T73/><D113/><U35/><E35/><V8/><F119/><N who="1" m="45641" /><E70/><V90/><F130/><W112/><G129/><T53/><D82/><U23/><E18/><V49/><F110/><W19/><G17/><T32/><D109/><U135/><E135/><N who="2" m="51787" /><F8/><W96/><G108/><T89/><D14/><U52/><E52/><N who="2" m="29751" /><F93/><W58/><G95/><T20/><D20/><U47/><E47/><AGARI ba="0,0" hai="40,47,51,90,91" m="29751,51787,19703" machi="47" ten="30,2000,0" yaku="20,1,54,1" doraHai="107" who="2" fromWho="1" sc="152,0,235,-20,235,20,378,0" owari="152,-34.8,215,-18.5,255,5.5,378,47.8" /></mjloggm>