<mjloggm ver="2.3"><GO type="225" lobby="0"/><UN n0="%E3%83%96%E3%83%83%E3%83%91%E3%82%AA%E3%83%96%E3%83%81%E3%82%AD%E3%83%B3" n1="%E3%83%A9%E3%82%B9%E7%8E%87%EF%BC%93%E5%89%B2" n2="%E3%83%B4%E3%83%A0%EF%BC%99%E3%81%A6" n3="%E7%8D%85%E5%AD%90%E5%BA%A7%E3%81%8B%E3%81%A3%E3%81%B4%E3%83%BC" dan="17,17,17,16" rate="2186.19,2185.09,2149.58,2150.01" sx="M,F,M,M"/><TAIKYOKU oya="0"/><INIT seed="0,0,0,4,5,114" ten="250,250,250,250" oya="0" hai0="47,101,107,3,95,27,2,115,14,31,90,5,53" hai1="55,51,79,9,132,7,117,100,49,38,40,129,12" hai2="134,135,76,123,25,121,65,58,87,127,122,41,33" hai3="42,16,68,124,34,128,36,18,22,71,73,44,103"/><T59/><D115/><U81/><E129/><V24/><F76/><W13/><G34/><T4/><D47/><U26/><E132/><N who="2" m="50731" /><F87/><W97/><G124/><T17/><D101/><U69/><E117/><V43/><F127/><W54/><G73/><T48/><D107/><U104/><E69/><V82/><F82/><W75/><G75/><T50/><D2/><U66/><E66/><V37/><F37/><W109/><G109/><T120/><D3/><U61/><E61/><N who="2" m="38071" /><F33/><W119/><G128/><T91/><D50/><U28/><E100/><V105/><F105/><W72/><G72/><T84/><D120/><U126/><E104/><V116/><F116/><W30/><G30/><T35/><REACH who="0" step="1"/><D91/><REACH who="0" ten="240,250,250,250" step="2"/><U93/><E126/><V130/><F130/><W94/><G119/><T52/><D52/><U106/><E106/><V11/><F43/><W70/><G54/><T60/><D60/><U67/><E55/><V83/><F41/><W85/><G44/><T96/><D96/><U80/><E40/><V57/><F121/><W92/><G42/><T131/><D131/><U8/><E51/><V108/><F122/><W86/><G36/><T89/><D89/><U74/><E49/><V78/><F123/><W111/><G111/><T64/><D64/><U77/><E67/><V0/><F108/><W1/><G1/><T56/><D56/><U20/><E38/><V21/><F57/><W98/><G70/><T29/><D29/><U39/><E39/><V15/><F0/><W10/><G71/><T125/><D125/><U118/><E118/><V112/><F112/><W88/><G68/><RYUUKYOKU ba="0,1" sc="240,15,250,-15,250,-15,250,15" hai0="4,5,14,17,27,31,35,48,53,59,84,90,95" hai3="10,13,16,18,22,85,86,88,92,94,97,98,103" /><INIT seed="0,1,1,5,1,84" ten="255,235,235,265" oya="0" hai0="10,91,19,40,133,24,69,96,97,105,16,6,42" hai1="38,21,83,87,79,55,62,7,99,135,131,58,120" hai2="81,13,59,36,43,102,27,128,75,63,15,1,22" hai3="2,0,73,86,114,12,78,116,98,41,39,47,106"/><T5/><D69/><U51/><E131/><V89/><F1/><W125/><G116/><T129/><D129/><U118/><E135/><V134/><F128/><W71/><G114/><T126/><D133/><U74/><E120/><V26/><F134/><W35/><G125/><T20/><D126/><U72/><E38/><V67/><F102/><W119/><G119/><T66/><D105/><U49/><E118/><V34/><F75/><W103/><G71/><T18/><D66/><U110/><E110/><V70/><F70/><W111/><G111/><T93/><D97/><U109/><E109/><V115/><F115/><W77/><G77/><T88/><D91/><U122/><E7/><N who="0" m="2569" /><D10/><U68/><E122/><V52/><F67/><W104/><G104/><T60/><D60/><U124/><E124/><V107/><F107/><W80/><G12/><T17/><AGARI ba="1,1" hai="16,17,18,19,20,24,40,42,88,93,96" m="2569" machi="17" ten="30,11700,0" yaku="8,1,52,1,54,2" doraHai="84" who="0" fromWho="0" sc="255,130,235,-40,235,-40,265,-40" /><INIT seed="0,2,0,2,3,114" ten="385,195,195,225" oya="0" hai0="94,38,13,134,18,54,64,69,29,117,47,28,126" hai1="121,124,78,92,41,119,60,37,11,10,53,123,66" hai2="130,83,88,58,91,86,116,31,4,101,77,75,125" hai3="52,62,6,24,84,105,122,107,3,56,100,97,49"/><T85/><D126/><U74/><E124/><V48/><F125/><W71/><G122/><T129/><D134/><U43/><E53/><V1/><F130/><W118/><G118/><T33/><D129/><U109/><E109/><V35/><F101/><W5/><G107/><T51/><D33/><U9/><E78/><V0/><F116/><W23/><G3/><T113/><D113/><U36/><E74/><V96/><F96/><W73/><G73/><T44/><D117/><U132/><E132/><V127/><F127/><W81/><G71/><T8/><D69/><U103/><E119/><V70/><F70/><W135/><G62/><T68/><D68/><U19/><E19/><V59/><F91/><W55/><G55/><T27/><D64/><U82/><E82/><V26/><F48/><W61/><G61/><T87/><D27/><U39/><E60/><V15/><F15/><W16/><G135/><T50/><D38/><U57/><E57/><V115/><F115/><W65/><G65/><T46/><D46/><U7/><E7/><V72/><F72/><W98/><G98/><T99/><D29/><U133/><E66/><V108/><F108/><W111/><G111/><T131/><D28/><U14/><E14/><V79/><F79/><AGARI ba="2,0" hai="5,6,16,23,24,49,52,56,79,81,84,97,100,105" machi="79" ten="30,3900,0" yaku="7,1,54,2" doraHai="114" who="3" fromWho="2" sc="385,0,195,0,195,-45,225,45" /><INIT seed="1,0,0,4,0,86" ten="385,195,150,270" oya="1" hai0="133,122,37,100,38,47,14,7,6,115,49,36,85" hai1="61,130,56,21,110,62,28,60,17,118,5,12,8" hai2="104,51,4,15,82,24,2,95,79,58,55,27,111" hai3="81,131,129,99,112,44,91,11,107,9,106,68,29"/><U46/><E118/><V41/><F104/><N who="3" m="39979" /><G68/><T69/><D115/><U75/><E130/><N who="3" m="49674" /><G29/><T127/><D69/><U97/><E110/><V88/><F111/><W114/><G44/><T35/><D35/><U87/><E75/><V125/><F125/><W126/><G126/><T74/><D127/><U3/><E97/><N who="2" m="57575" /><F2/><W48/><G48/><T121/><D74/><U90/><E46/><N who="2" m="26063" /><F82/><W54/><G54/><T34/><D34/><U33/><E33/><V120/><F79/><W132/><G132/><T0/><D133/><U67/><REACH who="1" step="1"/><E28/><REACH who="1" ten="385,185,150,270" step="2"/><V101/><F120/><W70/><G114/><T25/><D122/><U32/><E32/><V72/><F72/><W109/><G112/><T52/><D121/><U73/><E73/><V71/><F101/><W135/><G109/><T113/><D100/><U103/><E103/><V124/><F124/><W80/><G135/><T22/><D113/><U42/><E42/><V102/><F102/><W83/><G70/><T64/><D47/><U93/><AGARI ba="0,1" hai="3,5,8,12,17,21,56,60,61,62,67,87,90,93" machi="93" ten="20,7800,0" yaku="1,1,0,1,7,1,52,1,53,0" doraHai="86" doraHaiUra="78" who="1" fromWho="1" sc="385,-26,185,88,150,-26,270,-26" /><INIT seed="1,1,0,1,3,121" ten="359,273,124,244" oya="1" hai0="4,101,126,36,104,48,135,115,6,86,62,93,20" hai1="3,60,94,12,71,5,92,9,83,2,128,114,87" hai2="84,72,37,56,31,103,25,8,0,96,110,28,91" hai3="35,107,47,18,46,7,113,102,105,122,19,65,77"/><U119/><E114/><V32/><F72/><W78/><G35/><T69/><D36/><U67/><E119/><V76/><F76/><W38/><G7/><T66/><D115/><U134/><E128/><V131/><F131/><W112/><G65/><T49/><D135/><U68/><E134/><V40/><F31/><W106/><G102/><T16/><D126/><U109/><E71/><V15/><F0/><W130/><G38/><T54/><D104/><U59/><E109/><V132/><F132/><W10/><G10/><T111/><D111/><U116/><E116/><V22/><F32/><W79/><G130/><T63/><D63/><U90/><E68/><V129/><F129/><W100/><G100/><T52/><D54/><U88/><REACH who="1" step="1"/><E83/><REACH who="1" ten="359,263,124,244" step="2"/><V41/><F110/><W85/><G122/><T26/><D48/><U53/><E53/><V125/><F125/><W124/><G124/><T75/><D75/><U30/><E30/><V17/><F37/><W55/><G113/><T89/><REACH who="0" step="1"/><D101/><REACH who="0" ten="349,263,124,244" step="2"/><U24/><E24/><V118/><F118/><W11/><G55/><T95/><D95/><U61/><E61/><V14/><F25/><W50/><G112/><T42/><D42/><U45/><E45/><AGARI ba="1,2" hai="4,6,16,20,26,45,49,52,62,66,69,86,89,93" machi="45" ten="30,8000,1" yaku="1,1,7,1,54,2,53,1" doraHai="121" doraHaiUra="81" who="0" fromWho="1" sc="349,103,263,-83,124,0,244,0" /><INIT seed="2,0,0,5,2,101" ten="452,180,124,244" oya="2" hai0="98,38,83,3,87,130,68,34,57,94,24,125,19" hai1="89,127,26,47,116,135,128,88,39,129,113,41,63" hai2="134,12,55,78,7,120,46,123,90,9,81,122,114" hai3="43,64,115,118,2,109,14,79,99,8,45,35,106"/><V54/><F114/><W95/><G118/><T51/><D68/><U48/><E113/><V119/><F119/><W22/><G115/><T13/><D38/><U62/><E116/><V91/><F134/><W108/><G2/><T56/><D3/><U84/><E135/><V100/><F100/><N who="3" m="62751" /><G22/><T11/><D130/><N who="1" m="50283" /><E127/><V17/><F7/><W10/><G35/><T96/><D125/><U76/><E76/><V31/><F31/><W50/><G64/><T102/><D98/><U28/><E39/><V40/><F55/><W93/><G79/><N who="0" m="46591" /><D34/><N who="1" m="20759" /><E89/><V131/><F54/><W103/><G103/><T29/><D29/><U85/><E85/><V124/><F124/><W74/><G74/><T86/><D24/><U66/><E66/><V1/><F1/><W97/><G97/><T5/><D5/><U111/><E111/><N who="3" m="42570" /><G8/><T36/><D36/><U117/><E117/><V110/><F110/><W32/><G32/><T20/><D11/><U126/><E126/><V104/><F131/><W105/><G105/><T69/><D69/><U77/><E77/><V61/><F104/><W42/><G42/><T30/><D30/><U71/><E71/><V6/><F6/><AGARI ba="0,0" hai="6,10,14,43,45,50,93,95" m="42570,62751" machi="6" ten="30,2000,0" yaku="14,1,52,1" doraHai="101" who="3" fromWho="2" sc="452,0,180,0,124,-20,244,20" /><INIT seed="3,0,0,3,4,30" ten="452,180,104,264" oya="3" hai0="27,56,52,22,74,25,49,90,131,71,76,79,40" hai1="54,101,106,107,32,120,16,4,134,60,29,132,61" hai2="114,39,31,116,24,11,23,12,13,94,62,18,115" hai3="68,59,123,65,66,129,28,80,109,122,9,133,93"/><W34/><G129/><T89/><D131/><U8/><E120/><V112/><F39/><W118/><G118/><T124/><D124/><U69/><E54/><V38/><F38/><W10/><G80/><T83/><D71/><U111/><E111/><V51/><F51/><W19/><G133/><N who="1" m="51306" /><E16/><V86/><F62/><N who="1" m="24169" /><E101/><V125/><F86/><W92/><G68/><T57/><D79/><U6/><E69/><V63/><F94/><W5/><G19/><T53/><D40/><U70/><E70/><V77/><F77/><W47/><G59/><T7/><D7/><N who="1" m="2603" /><E8/><V84/><F84/><W82/><G82/><T110/><D110/><U55/><E55/><V43/><F43/><W17/><G17/><T95/><D22/><U119/><E119/><V26/><F63/><W15/><G109/><T100/><D100/><U50/><E50/><V130/><F116/><W102/><G47/><T0/><D90/><U46/><E46/><V126/><F130/><W33/><G28/><T91/><D95/><U58/><E58/><V117/><F117/><W37/><G5/><T98/><D98/><U67/><E67/><V103/><F103/><W87/><G37/><T44/><D0/><U135/><N who="1" m="51314" /><U73/><DORA hai="97" /><E73/><V113/><N who="2" m="28672" /><DORA hai="128" /><V3/><F3/><W127/><G102/><T48/><D44/><U88/><E88/><V45/><F45/><W85/><G15/><T35/><D25/><AGARI ba="0,0" hai="25,29,32,106,107" m="2603,24169,51314" machi="25" ten="50,12000,2" yaku="20,1,52,5" doraHai="30,97,128" who="1" fromWho="0" sc="452,-120,180,120,104,0,264,0" owari="332,43.2,300,10.0,104,-39.6,264,-13.6" /></mjloggm>