<mjloggm ver="2.3"><GO type="225" lobby="0"/><UN n0="%E4%BF%BA%E3%81%A8%E5%A6%96%E5%A4%A2" n1="%E3%83%B4%E3%83%A0%EF%BC%99%E3%81%A6" n2="%E3%81%BD%E3%81%A1%E3%81%9F%E3%81%93%E3%82%84" n3="%E3%81%95%E3%81%8D%E3%81%9F%E3%81%BE%E6%9E%97%E6%AA%8E" dan="16,17,17,16" rate="2241.32,2151.48,2186.54,2098.97" sx="F,M,M,M"/><TAIKYOKU oya="0"/><INIT seed="0,0,0,2,4,32" ten="250,250,250,250" oya="0" hai0="48,8,2,80,0,26,91,58,54,66,88,27,29" hai1="16,89,131,82,87,31,10,11,61,7,72,120,15" hai2="97,25,24,93,92,85,40,110,13,74,28,64,112" hai3="78,121,90,18,52,73,111,34,101,95,4,98,1"/><T65/><D8/><U21/><E131/><V129/><F74/><W68/><G111/><T130/><D130/><U104/><E104/><V124/><F112/><W102/><G121/><T128/><D128/><U105/><E105/><V69/><F110/><W57/><G68/><T33/><D26/><U86/><E120/><V55/><F40/><W46/><G34/><T19/><D19/><U107/><E107/><V94/><F64/><W47/><G73/><T123/><D123/><U67/><E72/><V70/><F97/><W115/><G78/><T81/><D81/><U59/><E31/><V127/><F85/><W60/><G115/><T134/><D134/><U45/><E45/><N who="3" m="16906" /><G1/><T42/><D42/><U37/><E37/><V12/><F129/><W84/><G4/><T126/><D126/><N who="2" m="48170" /><F55/><W132/><G132/><T114/><D114/><U133/><E133/><V35/><F25/><W63/><G63/><T125/><D125/><U17/><E7/><V6/><F6/><W3/><G3/><T76/><D65/><U83/><REACH who="1" step="1"/><E17/><REACH who="1" ten="250,240,250,250" step="2"/><V119/><F119/><W116/><G116/><T100/><D29/><U108/><E108/><V30/><F28/><W135/><G135/><T75/><D75/><U51/><E51/><V106/><F106/><W20/><G84/><N who="0" m="48135" /><D48/><U38/><E38/><V14/><AGARI ba="0,1" hai="12,13,14,24,30,35,69,70,92,93,94" m="48170" machi="14" ten="40,1500,0" yaku="18,1" doraHai="32" who="2" fromWho="2" sc="250,-7,240,-4,250,25,250,-4" /><INIT seed="1,0,0,5,0,119" ten="243,236,275,246" oya="1" hai0="54,77,109,84,126,51,106,24,20,67,47,115,31" hai1="83,92,98,103,81,8,10,37,128,13,22,65,17" hai2="6,72,135,16,1,41,52,111,123,30,117,48,2" hai3="95,104,76,82,94,57,99,114,108,59,133,110,78"/><U63/><E37/><V26/><F117/><W18/><G114/><T132/><D115/><U100/><E100/><V23/><F123/><W66/><G66/><T122/><D106/><U130/><E130/><V116/><F116/><W71/><G71/><T131/><D131/><U3/><E128/><V64/><F72/><W105/><G18/><T113/><D113/><U50/><E50/><V7/><F41/><W73/><G57/><T79/><D109/><N who="3" m="42089" /><G59/><T91/><D132/><U97/><E97/><V93/><F64/><W107/><G133/><T87/><D126/><U40/><E40/><V118/><F135/><W101/><G95/><T102/><D67/><U125/><E125/><V58/><F111/><W11/><G11/><T34/><D102/><U74/><E74/><V70/><F70/><W49/><G49/><T60/><D60/><U134/><E134/><V80/><F93/><W43/><G43/><T21/><D84/><U90/><E3/><V33/><F118/><W96/><G78/><T86/><D86/><U39/><E39/><V12/><REACH who="2" step="1"/><F80/><REACH who="2" ten="243,236,265,246" step="2"/><W53/><G53/><T55/><D54/><U127/><E127/><V35/><F35/><W45/><G45/><T61/><D34/><U32/><E32/><V85/><F85/><W56/><G56/><T112/><D112/><U0/><E81/><V15/><F15/><W42/><G42/><T89/><D87/><N who="1" m="50559" /><E0/><AGARI ba="0,1" hai="0,1,2,6,7,12,16,23,26,30,33,48,52,58" machi="0" ten="40,5200,0" yaku="1,1,54,2,53,0" doraHai="119" doraHaiUra="124" who="2" fromWho="1" sc="243,0,236,-52,265,62,246,0" /><INIT seed="2,0,0,2,0,98" ten="243,184,327,246" oya="2" hai0="132,74,55,13,103,129,97,59,52,17,7,18,107" hai1="33,16,26,25,79,32,51,94,78,119,9,19,50" hai2="101,64,134,82,131,127,54,61,67,111,120,96,60" hai3="58,38,76,2,23,35,34,90,68,116,12,63,40"/><V73/><F120/><W24/><G116/><T4/><D74/><U87/><E9/><V113/><F113/><W42/><G68/><T109/><D109/><U29/><E119/><V112/><F112/><W85/><G2/><T31/><D132/><U88/><E32/><V47/><F134/><W20/><G76/><T92/><D129/><U46/><E50/><V123/><F123/><W100/><G35/><T128/><D128/><U11/><E25/><V77/><F127/><W133/><G34/><T71/><D71/><U48/><E48/><V104/><F131/><W36/><G36/><T3/><D3/><U102/><E102/><V72/><F72/><W49/><G38/><T135/><D107/><U53/><REACH who="1" step="1"/><E19/><REACH who="1" ten="243,174,327,246" step="2"/><V75/><F101/><W6/><G100/><T105/><D17/><U69/><E69/><V81/><F61/><W62/><G49/><N who="0" m="31119" /><D105/><U114/><E114/><V115/><F104/><W15/><G133/><T39/><D135/><U122/><E122/><V95/><F115/><W99/><G63/><T110/><D39/><U41/><E41/><V126/><F60/><W93/><G42/><T118/><D118/><U1/><E1/><V80/><F111/><W130/><G40/><T0/><D110/><U37/><E37/><V8/><F126/><W10/><G130/><T125/><D125/><U57/><E57/><V83/><F75/><W5/><G62/><T108/><D108/><U43/><E43/><V121/><F121/><W21/><G58/><T117/><D117/><U66/><E66/><V30/><N who="2" m="20480" /><DORA hai="56" /><V84/><F73/><W22/><G24/><RYUUKYOKU ba="0,1" sc="243,-10,174,30,327,-10,246,-10" hai1="11,16,26,29,33,46,51,53,78,79,87,88,94" /><INIT seed="3,1,1,5,0,99" ten="233,204,317,236" oya="3" hai0="85,92,113,91,0,3,67,7,10,36,108,131,1" hai1="8,59,19,97,60,74,118,134,62,30,9,65,107" hai2="78,23,129,6,68,5,27,96,104,130,119,71,83" hai3="123,14,82,13,87,29,112,11,72,101,89,18,24"/><W37/><G112/><T128/><D36/><U116/><E74/><V98/><F119/><N who="1" m="45609" /><E30/><V43/><F43/><W32/><G123/><T17/><D113/><U75/><E75/><V12/><F98/><W54/><G37/><T34/><D34/><U26/><E134/><V95/><F104/><W117/><G117/><T53/><D108/><U44/><E44/><V133/><F133/><W57/><G72/><T38/><D38/><U135/><E135/><V100/><F68/><W2/><G2/><T16/><D67/><U46/><E46/><V15/><F71/><W102/><G14/><N who="2" m="5161" /><F83/><W33/><G33/><T64/><D64/><U31/><E62/><AGARI ba="1,1" hai="11,13,18,24,29,32,54,57,62,82,87,89,101,102" machi="62" ten="30,5800,0" yaku="7,1,52,2" doraHai="99" who="3" fromWho="1" sc="233,0,204,-61,317,0,236,71" /><INIT seed="3,2,0,5,2,42" ten="233,143,317,307" oya="3" hai0="114,46,24,8,104,16,43,88,111,68,83,110,100" hai1="25,75,34,85,87,33,19,115,0,3,93,90,129" hai2="21,131,96,9,74,39,116,130,135,2,82,89,37" hai3="119,1,128,118,134,63,79,36,51,64,73,28,35"/><W117/><G51/><N who="0" m="27103" /><D68/><U107/><E115/><V14/><F116/><W27/><G134/><T40/><D40/><U41/><E107/><V72/><F2/><W10/><G128/><N who="2" m="49193" /><F21/><W62/><G62/><T52/><D100/><U101/><E129/><V120/><F120/><W29/><G29/><T44/><D104/><U132/><E132/><V18/><F135/><W50/><G50/><N who="0" m="28743" /><D114/><U31/><E75/><N who="2" m="28715" /><F82/><N who="3" m="45423" /><G36/><T94/><D111/><U108/><E108/><V71/><F71/><N who="3" m="42399" /><G119/><T122/><D110/><U78/><E34/><V48/><F48/><W102/><G102/><T124/><D122/><U4/><E101/><V67/><F67/><W54/><G54/><T109/><D109/><U53/><E41/><V86/><F86/><W97/><G97/><N who="0" m="57543" /><D124/><U30/><E30/><V22/><F39/><W11/><G11/><T84/><D8/><U99/><E53/><V12/><F37/><W17/><G17/><T5/><D5/><AGARI ba="2,0" hai="1,5,10,27,28,35,117,118" m="42399,45423" machi="5" ten="30,1500,0" yaku="23,1" doraHai="42" who="3" fromWho="0" sc="233,-21,143,0,317,0,307,21" owari="212,-18.8,143,-35.7,317,11.7,328,42.8" /></mjloggm>