<mjloggm ver="2.3"><GO type="225" lobby="0"/><UN n0="%E3%81%BF%E3%81%BF%E3%81%9A" n1="%33%74%72%65%65" n2="%E3%81%8B%E3%82%8F%E3%81%A1%E3%82%83%E3%82%93%35%38" n3="%E3%81%A4%E3%81%A3%E3%81%B1%E3%82%8A%E3%83%9D%E3%83%BC%E3%83%AB" dan="17,17,16,17" rate="2182.58,2173.08,2141.72,2151.19" sx="M,F,M,M"/><TAIKYOKU oya="0"/><INIT seed="0,0,0,4,5,15" ten="250,250,250,250" oya="0" hai0="134,122,19,76,90,119,35,44,36,38,116,125,104" hai1="118,5,2,129,86,18,112,94,40,55,128,106,25" hai2="42,8,58,50,10,45,88,7,14,9,110,60,103" hai3="1,131,13,91,98,84,17,43,3,66,67,65,46"/><T100/><D122/><U63/><E118/><V132/><F110/><W49/><G131/><N who="1" m="50250" /><E106/><V124/><F124/><W99/><G3/><T31/><D90/><N who="1" m="53591" /><E112/><V29/><F132/><W77/><G1/><T61/><D134/><U101/><E101/><V111/><F111/><W120/><G77/><T83/><D125/><U133/><E133/><V52/><F29/><W22/><REACH who="3" step="1"/><G120/><REACH who="3" ten="250,250,250,240" step="2"/><T33/><D76/><U30/><E2/><V37/><F103/><W20/><G20/><T51/><D33/><U12/><E5/><V109/><F109/><W135/><G135/><T47/><D35/><U95/><E30/><V126/><F126/><W62/><G62/><T127/><D31/><U53/><E63/><V102/><F102/><W24/><G24/><T16/><D127/><U130/><E25/><V79/><F79/><W97/><G97/><T113/><D100/><U105/><E130/><V92/><F37/><W64/><N who="3" m="16384" /><DORA hai="69" /><W82/><AGARI ba="0,1" hai="13,17,22,43,46,49,82,84,91,98,99" m="16384" machi="82" ten="40,8000,1" yaku="1,1,4,1,0,1,8,1,52,1,53,0" doraHai="15,69" doraHaiUra="28,68" who="3" fromWho="3" sc="250,-40,250,-20,250,-20,240,90" /><INIT seed="1,0,0,1,4,7" ten="210,230,230,330" oya="1" hai0="55,106,47,36,102,51,57,0,83,48,104,31,11" hai1="10,15,76,120,8,24,3,128,85,110,42,53,121" hai2="74,26,6,43,86,111,27,108,25,34,64,130,73" hai3="105,132,127,71,12,52,122,103,5,41,70,56,129"/><U30/><E128/><V109/><F130/><W98/><G122/><T50/><D31/><U23/><E110/><V9/><F64/><W49/><G129/><T125/><D125/><U107/><E107/><V135/><F135/><W61/><G127/><T90/><D36/><U113/><E113/><V16/><F43/><W118/><G132/><T88/><D102/><U69/><E69/><V114/><F114/><W59/><G118/><T28/><D28/><U77/><E42/><V62/><F62/><W119/><G119/><T131/><D131/><U92/><E121/><V97/><F97/><W80/><G80/><T124/><D124/><U133/><E120/><V81/><F34/><W112/><G112/><T63/><D47/><U126/><E126/><V54/><F54/><W96/><G96/><T79/><D104/><U21/><E133/><V40/><F40/><W67/><REACH who="3" step="1"/><G41/><REACH who="3" ten="210,230,230,320" step="2"/><T93/><D106/><U99/><E99/><V87/><F81/><W39/><G39/><T82/><D93/><U115/><E115/><V33/><F109/><W84/><G84/><N who="2" m="32297" /><F111/><W134/><G134/><T32/><D83/><U91/><E85/><V75/><F108/><W29/><G29/><T45/><D82/><U95/><E30/><V1/><F33/><W18/><G18/><T44/><D32/><U13/><E95/><V66/><F16/><W35/><G35/><T94/><D79/><U117/><E117/><V46/><F74/><W19/><G19/><T58/><D94/><U17/><E77/><V78/><F78/><W14/><G14/><T72/><D72/><N who="2" m="27722" /><F46/><N who="0" m="18026" /><D58/><U101/><E76/><RYUUKYOKU ba="0,1" sc="210,10,230,-30,230,10,320,10" hai0="0,11,48,50,51,55,57,63,88,90" hai2="1,6,9,25,26,27,66" hai3="5,12,49,52,56,59,61,67,70,71,98,103,105" /><INIT seed="2,1,1,3,1,128" ten="220,200,240,330" oya="2" hai0="59,78,1,113,104,97,95,39,7,102,127,69,12" hai1="130,94,17,11,133,27,75,121,89,25,58,19,24" hai2="62,49,109,16,77,13,48,28,90,2,34,33,81" hai3="71,50,115,110,80,114,82,125,73,68,35,132,46"/><V87/><F2/><W88/><G132/><T106/><D113/><N who="3" m="43017" /><G110/><T60/><D127/><U101/><E130/><V74/><F109/><W134/><G134/><T36/><D1/><U4/><E133/><V23/><F62/><W37/><G37/><T92/><D69/><N who="3" m="26697" /><G35/><T72/><D72/><U30/><E75/><V22/><F22/><W10/><G73/><T120/><D78/><U119/><E119/><V29/><F33/><W129/><G125/><T61/><D120/><U15/><E121/><V83/><REACH who="2" step="1"/><F34/><REACH who="2" ten="220,200,230,330" step="2"/><W6/><G129/><T124/><D61/><U47/><E30/><AGARI ba="1,2" hai="13,16,23,28,29,30,48,49,74,77,81,83,87,90" machi="30" ten="40,12000,1" yaku="1,1,2,1,54,1,53,1" doraHai="128" doraHaiUra="85" who="2" fromWho="1" sc="220,0,200,-123,230,143,330,0" /><INIT seed="2,2,0,3,0,100" ten="220,77,373,330" oya="2" hai0="93,52,106,33,78,62,44,47,49,118,54,14,71" hai1="123,83,121,3,77,45,114,108,110,22,81,36,129" hai2="64,109,55,7,18,29,91,31,94,135,16,89,24" hai3="13,73,130,124,125,20,70,80,61,35,126,50,95"/><V2/><F135/><W9/><G130/><T107/><D33/><U53/><E3/><V120/><F120/><N who="1" m="46153" /><E22/><V131/><F131/><W8/><G35/><T69/><D118/><U104/><E129/><V21/><F109/><N who="1" m="42089" /><E53/><V76/><F2/><W116/><G116/><T25/><D78/><U42/><E81/><V84/><F7/><W122/><G20/><T11/><D25/><U127/><E127/><V23/><F64/><W65/><G9/><T51/><D51/><U19/><E19/><V92/><F55/><W17/><G50/><T87/><D87/><N who="1" m="48623" /><E114/><V43/><F43/><W105/><G80/><T63/><D93/><U132/><E132/><V6/><F6/><W56/><G95/><T5/><D106/><AGARI ba="2,0" hai="36,42,45,104,106" m="48623,42089,46153" machi="106" ten="30,7700,0" yaku="13,1,14,1,52,2" doraHai="100" who="1" fromWho="0" sc="220,-83,77,83,373,0,330,0" /><INIT seed="3,0,0,1,3,127" ten="137,160,373,330" oya="3" hai0="128,47,63,38,48,45,108,49,92,111,70,30,85" hai1="23,52,34,11,46,74,41,0,109,62,4,78,77" hai2="2,16,110,5,116,71,88,134,96,68,53,44,106" hai3="29,126,35,19,115,101,125,124,69,15,18,59,72"/><W80/><G69/><T79/><D30/><U113/><E113/><V82/><F116/><W93/><G115/><T66/><D79/><U61/><E34/><V117/><F2/><W100/><G93/><T119/><D85/><U57/><E109/><N who="0" m="42057" /><D92/><U94/><E74/><V51/><F5/><W22/><G59/><T97/><D97/><U37/><E62/><V91/><F117/><W104/><G104/><T20/><D119/><U14/><E94/><V73/><F73/><W107/><G107/><T7/><D7/><U27/><E0/><V17/><F68/><W99/><G99/><T1/><D1/><U86/><E86/><V28/><F71/><W9/><G29/><AGARI ba="0,0" hai="4,11,14,23,27,29,37,41,46,52,57,61,77,78" machi="29" ten="30,2000,0" yaku="7,1,54,1" doraHai="127" who="1" fromWho="3" sc="137,0,160,20,373,0,330,-20" owari="137,-36.3,180,-22.0,373,47.3,310,11.0" /></mjloggm>