<mjloggm ver="2.3"><GO type="225" lobby="0"/><UN n0="%E3%81%95%E3%81%8D%E3%81%9F%E3%81%BE%E6%9E%97%E6%AA%8E" n1="%4B%2E%32%2E%4B%2E" n2="%30%2E%31%32%30" n3="%E3%81%BF%E3%81%BF%E3%81%9A" dan="16,17,16,18" rate="2106.58,2178.11,2114.96,2233.08" sx="M,M,M,M"/><TAIKYOKU oya="0"/><INIT seed="0,0,0,5,5,99" ten="250,250,250,250" oya="0" hai0="96,27,38,23,97,39,106,40,104,103,115,105,35" hai1="47,86,8,52,46,74,127,6,119,125,98,28,61" hai2="123,110,49,95,120,87,60,88,68,118,71,112,62" hai3="122,59,121,128,29,37,94,15,133,78,42,82,33"/><T114/><D35/><U101/><E74/><V92/><F112/><W129/><G133/><T1/><D1/><U70/><E119/><V26/><F118/><W25/><G59/><T34/><D23/><U130/><E130/><N who="3" m="50282" /><G15/><T0/><D0/><U135/><E135/><V76/><F76/><W12/><G12/><T7/><D7/><U30/><E86/><V44/><F110/><W83/><G94/><T111/><D111/><U16/><E47/><V5/><F5/><W108/><G108/><T48/><D48/><N who="1" m="28695" /><E61/><V2/><F2/><W21/><G33/><T80/><D80/><N who="3" m="30761" /><G78/><T89/><D89/><U4/><E70/><V18/><F71/><W102/><G102/><N who="0" m="62535" /><D106/><N who="1" m="63799" /><E6/><V77/><F68/><W93/><G93/><T10/><D10/><U54/><E4/><V113/><F113/><N who="0" m="43018" /><D40/><U9/><E9/><V22/><F95/><W58/><G58/><T17/><D17/><U69/><E69/><V90/><F90/><W19/><G19/><T32/><D32/><U53/><E16/><V50/><F77/><W51/><G51/><T72/><D72/><U75/><E75/><V67/><F49/><W126/><G42/><T116/><D116/><U131/><E131/><V65/><F120/><N who="3" m="46187" /><G37/><T24/><D24/><U84/><E8/><V41/><F123/><W91/><G91/><T81/><D81/><U124/><E84/><V73/><F73/><W109/><G109/><T57/><D57/><U13/><E13/><V66/><AGARI ba="0,0" hai="18,22,26,41,44,50,60,62,65,66,67,87,88,92" machi="66" ten="30,4000,0" yaku="0,1,8,1,54,1" doraHai="99" who="2" fromWho="2" sc="250,-20,250,-10,250,40,250,-10" /><INIT seed="1,0,0,4,4,33" ten="230,240,290,240" oya="1" hai0="27,128,56,11,16,92,20,2,44,58,21,111,6" hai1="120,109,35,23,77,59,123,18,63,30,57,79,108" hai2="32,69,5,45,124,10,38,127,116,43,76,106,31" hai3="8,103,15,88,122,89,52,53,126,73,42,129,14"/><U97/><E35/><V70/><F116/><W51/><G122/><N who="1" m="46634" /><E30/><V13/><F76/><N who="1" m="29257" /><E97/><V90/><F90/><N who="3" m="34923" /><G73/><T17/><D111/><N who="1" m="42571" /><E63/><V118/><F118/><W100/><G129/><T115/><D115/><U1/><E1/><V87/><F87/><W37/><G126/><N who="2" m="48169" /><F106/><W84/><G37/><T125/><D128/><U113/><E113/><V121/><F121/><W99/><G84/><T75/><D75/><U71/><E71/><N who="2" m="27147" /><F32/><W0/><G0/><T130/><D130/><U68/><E68/><V91/><F91/><W119/><G119/><T61/><D125/><U82/><E82/><V96/><F96/><W67/><G99/><T101/><D101/><N who="3" m="38985" /><G67/><T46/><D92/><U133/><E133/><V40/><F31/><W34/><G34/><T98/><D98/><U28/><E28/><V12/><F10/><W102/><N who="3" m="38993" /><W3/><DORA hai="132" /><G3/><T112/><D112/><U47/><E47/><N who="2" m="23959" /><F5/><N who="3" m="3343" /><G15/><AGARI ba="0,0" hai="15,18,23,57,59" m="42571,29257,46634" machi="15" ten="30,2900,0" yaku="14,1,10,1" doraHai="33,132" who="1" fromWho="3" sc="230,0,240,29,290,0,240,-29" /><INIT seed="1,1,0,5,1,21" ten="230,269,290,211" oya="1" hai0="18,34,77,82,33,50,117,13,121,131,68,120,61" hai1="58,60,39,36,43,53,48,91,76,0,116,95,75" hai2="135,31,128,52,40,125,118,32,54,108,101,74,1" hai3="81,70,71,17,12,134,35,49,88,10,133,112,16"/><U62/><E116/><V104/><RYUUKYOKU type="yao9" ba="1,0" sc="230,0,269,0,290,0,211,0" hai2="1,31,32,40,52,54,74,101,104,108,118,125,128,135" /><INIT seed="1,2,0,2,1,118" ten="230,269,290,211" oya="1" hai0="88,50,123,3,29,5,115,119,2,48,120,6,9" hai1="46,51,73,79,38,19,77,15,34,49,67,76,82" hai2="111,130,98,129,8,35,37,108,87,109,69,105,84" hai3="114,28,135,59,62,64,102,36,80,18,131,83,61"/><U133/><E34/><V40/><F35/><W57/><G114/><T81/><D115/><U96/><E133/><V41/><F69/><W4/><G135/><T24/><D119/><U27/><E67/><V43/><F37/><W22/><G131/><N who="2" m="50185" /><F8/><W97/><G36/><T54/><D6/><U63/><E63/><V52/><F98/><W112/><G4/><T58/><D3/><U25/><E38/><V72/><F72/><W1/><G1/><T91/><D50/><U103/><E82/><V70/><F70/><W39/><G39/><T89/><REACH who="0" step="1"/><D81/><REACH who="0" ten="220,269,290,211" step="2"/><U74/><E51/><V10/><F109/><W56/><G112/><T71/><D71/><U55/><E74/><V134/><F108/><W12/><G28/><T44/><D44/><U23/><REACH who="1" step="1"/><E73/><REACH who="1" ten="220,259,290,211" step="2"/><V117/><F111/><W17/><G57/><T95/><D95/><AGARI ba="2,2" hai="15,19,23,25,27,46,49,55,76,77,79,95,96,103" machi="95" ten="40,12000,1" yaku="1,1,2,1,8,1,53,1" doraHai="118" doraHaiUra="42" who="1" fromWho="0" sc="220,-126,259,146,290,0,211,0" /><INIT seed="1,3,0,2,4,74" ten="94,405,290,211" oya="1" hai0="60,38,134,31,100,53,40,132,80,56,84,129,39" hai1="117,20,124,131,113,86,98,24,54,102,33,1,75" hai2="110,51,107,46,65,9,97,88,55,6,30,49,104" hai3="70,82,105,109,94,121,79,90,106,68,78,108,69"/><U66/><E117/><V59/><F110/><N who="3" m="42603" /><G121/><T62/><D100/><U25/><E113/><V96/><F30/><W92/><G82/><T112/><D31/><U76/><E75/><V19/><F19/><W41/><G41/><T128/><D112/><U27/><E33/><V101/><F65/><W36/><G36/><N who="0" m="13867" /><D84/><U118/><E124/><V63/><F46/><W64/><G64/><T7/><D7/><U81/><E131/><N who="0" m="50249" /><D80/><U125/><E118/><V122/><F122/><W57/><G57/><T130/><N who="0" m="50257" /><T12/><DORA hai="48" /><D12/><U22/><E125/><V5/><F107/><N who="3" m="40971" /><G94/><T127/><D127/><U111/><E66/><V72/><F72/><W99/><AGARI ba="3,0" hai="68,69,70,78,79,90,92,99" m="40971,42603" machi="99" ten="40,5200,0" yaku="14,1,52,2" doraHai="74,48" who="3" fromWho="3" sc="94,-16,405,-29,290,-16,211,61" /><INIT seed="2,0,0,1,2,123" ten="78,376,274,272" oya="2" hai0="17,57,16,84,88,46,98,134,133,103,56,118,107" hai1="96,109,81,32,21,120,105,4,19,53,76,127,44" hai2="95,55,20,0,6,101,43,42,82,23,45,69,49" hai3="9,70,85,26,135,71,61,8,10,5,28,77,3"/><V121/><F121/><W115/><G135/><T48/><D118/><U124/><E120/><V34/><F34/><W40/><G115/><T131/><D131/><U50/><E109/><V59/><F69/><W22/><G40/><T97/><D97/><U104/><E4/><V113/><F113/><W106/><G106/><T72/><D72/><U74/><E32/><V126/><F126/><N who="1" m="48169" /><E96/><N who="2" m="59551" /><F0/><W78/><G71/><T83/><D57/><U129/><E129/><V111/><F111/><W66/><G78/><T38/><D56/><U100/><E100/><V36/><F36/><W60/><G60/><T90/><D38/><U73/><E73/><V86/><F6/><W119/><G119/><T93/><D107/><U35/><E35/><V128/><F128/><W41/><G41/><N who="2" m="15369" /><F59/><W13/><G3/><T2/><D2/><U116/><E116/><V27/><F27/><AGARI ba="0,0" hai="19,21,27,44,50,53,74,76,81,104,105" m="48169" machi="27" ten="30,1000,0" yaku="18,1" doraHai="123" who="1" fromWho="2" sc="78,0,376,10,274,-10,272,0" /><INIT seed="3,0,0,4,0,97" ten="78,386,264,272" oya="3" hai0="30,48,68,41,7,132,90,115,40,39,118,28,81" hai1="16,92,62,76,82,129,125,80,133,1,56,54,6" hai2="106,49,74,91,53,63,36,23,128,95,57,18,60" hai3="75,50,124,20,4,121,96,89,117,24,58,79,111"/><W21/><G117/><T114/><D118/><U83/><E125/><V101/><F74/><W64/><G121/><T51/><D7/><U3/><E6/><V55/><F36/><W44/><G124/><T130/><D81/><U77/><E129/><V15/><F128/><W108/><G4/><T35/><D130/><U126/><E126/><V9/><F106/><W0/><G0/><T22/><D22/><U123/><E123/><V67/><F67/><W19/><G79/><T45/><D90/><U84/><E133/><V127/><F127/><W52/><G75/><T37/><D132/><U88/><E3/><V17/><F101/><W99/><G21/><T93/><D93/><U113/><E1/><V110/><F110/><N who="3" m="42027" /><G89/><T73/><D73/><U135/><E135/><V11/><F17/><W42/><G64/><T26/><D35/><U29/><E29/><V61/><F55/><W2/><G2/><T43/><D26/><U32/><E32/><V31/><REACH who="2" step="1"/><F31/><REACH who="2" ten="78,386,254,272" step="2"/><W46/><G46/><T134/><D134/><U69/><E16/><V112/><F112/><W78/><G78/><T66/><D30/><U5/><E113/><V131/><F131/><W102/><G102/><T119/><D28/><U59/><E77/><V116/><F116/><W103/><G103/><T33/><D119/><U70/><E76/><V10/><F10/><W98/><G42/><T104/><D66/><N who="1" m="39239" /><E5/><V107/><F107/><W86/><G44/><T100/><D115/><U27/><E27/><V47/><F47/><W65/><G65/><T120/><D114/><U122/><E122/><V14/><F14/><RYUUKYOKU ba="0,1" sc="78,-30,386,10,254,10,272,10" hai1="54,59,69,70,80,82,83,84,88,92" hai2="9,11,15,18,23,49,53,57,60,61,63,91,95" hai3="19,20,24,50,52,58,86,96,98,99" /><INIT seed="3,1,1,4,1,49" ten="48,396,264,282" oya="3" hai0="120,63,43,87,134,23,35,52,98,68,41,130,111" hai1="85,122,69,72,7,108,129,12,88,27,93,112,40" hai2="71,33,73,16,4,116,64,18,76,19,83,2,38" hai3="53,51,22,32,89,14,102,55,94,91,8,84,74"/><W65/><G32/><T15/><D120/><U5/><E112/><V45/><F116/><W21/><G74/><T127/><D35/><U3/><E122/><V92/><F92/><N who="3" m="54311" /><G65/><T37/><D37/><U0/><E69/><V30/><F64/><W79/><G79/><T54/><D111/><U101/><E72/><V126/><F71/><W105/><G105/><T66/><D87/><U25/><E108/><V110/><F110/><W115/><G115/><T48/><D98/><U31/><E129/><V61/><F61/><W36/><G36/><T58/><D23/><N who="3" m="8713" /><G51/><N who="0" m="31007" /><D15/><U81/><E12/><V125/><F30/><W113/><G113/><T10/><D10/><U50/><E3/><V107/><F33/><W46/><G46/><N who="0" m="27927" /><D130/><U135/><E50/><V28/><F28/><W17/><G102/><T1/><D1/><U90/><E101/><V86/><F107/><W97/><AGARI ba="1,1" hai="8,14,17,53,55,91,94,97" m="8713,54311" machi="97" ten="30,6000,0" yaku="8,1,52,2" doraHai="49" who="3" fromWho="3" sc="48,-21,396,-21,264,-21,282,73" /><INIT seed="3,2,0,1,3,89" ten="27,375,243,355" oya="3" hai0="73,25,40,121,37,11,96,128,127,56,87,22,112" hai1="57,52,55,75,86,29,19,77,135,115,27,1,8" hai2="64,122,133,5,78,94,116,15,108,106,21,33,81" hai3="129,98,67,16,59,109,126,111,53,20,58,65,9"/><W118/><G118/><T61/><D87/><U23/><E75/><V3/><F116/><W71/><G71/><T83/><D96/><U110/><E115/><V123/><F108/><N who="3" m="41547" /><G129/><T91/><D83/><N who="1" m="47471" /><E110/><V134/><F78/><W51/><G126/><T117/><D91/><U0/><E0/><V41/><F81/><W95/><G9/><T50/><D50/><U31/><E1/><V124/><F106/><W82/><G59/><T39/><D56/><U101/><E101/><V30/><F64/><W132/><G132/><N who="2" m="50793" /><F41/><W14/><G82/><T48/><D40/><U13/><E135/><V80/><F80/><W125/><G125/><T90/><D127/><U119/><E119/><V42/><F42/><W54/><G53/><N who="1" m="20554" /><E57/><V10/><F124/><W68/><G68/><T70/><D70/><U34/><E34/><V18/><F94/><W66/><G67/><T7/><D117/><U44/><E44/><V100/><F100/><AGARI ba="2,0" hai="14,16,20,51,54,58,65,66,95,98,100" m="41547" machi="100" ten="30,11600,0" yaku="14,1,10,1,52,1,54,1" doraHai="89" who="3" fromWho="2" sc="27,0,375,0,243,-122,355,122" owari="27,-47.3,375,17.5,121,-27.9,477,57.7" /></mjloggm>