<mjloggm ver="2.3"><GO type="225" lobby="0"/><UN n0="%E6%98%BC%E4%B8%8B%E3%81%8C%E3%82%8A%E3%81%AE%E5%9B%A3%E5%9C%B0%E5%A6%BB" n1="%E3%81%8B%E3%82%8F%E3%81%A1%E3%82%83%E3%82%93%35%38" n2="%E6%98%93%E5%88%A9%E8%96%A9%E4%BC%AF" n3="%E3%81%BF%E3%81%BF%E3%81%9A" dan="16,16,16,18" rate="2140.21,2148.24,2150.14,2237.64" sx="F,M,F,M"/><TAIKYOKU oya="0"/><INIT seed="0,0,0,5,4,111" ten="250,250,250,250" oya="0" hai0="62,88,119,11,81,118,40,59,110,42,112,65,85" hai1="31,80,83,57,132,86,1,114,25,89,6,12,67" hai2="113,28,29,38,48,104,130,120,21,129,2,66,79" hai3="24,39,93,69,46,33,9,37,3,123,15,30,87"/><T109/><D112/><U18/><E132/><V10/><F38/><W70/><G123/><T5/><D40/><U124/><E124/><V115/><F104/><W49/><G3/><T19/><D42/><U95/><E114/><N who="2" m="43531" /><F79/><W134/><G134/><T126/><D19/><U127/><E127/><V78/><F78/><W63/><G39/><T60/><D62/><N who="1" m="38351" /><E1/><V90/><F90/><W100/><G37/><T34/><D34/><U68/><E68/><V14/><F48/><W131/><G131/><N who="2" m="50185" /><F120/><W73/><G73/><T133/><D133/><U23/><E6/><N who="2" m="1367" /><F66/><W47/><G49/><T96/><D126/><U7/><E7/><V94/><F94/><W117/><G93/><T98/><D109/><U8/><AGARI ba="0,0" hai="8,12,18,23,25,31,80,83,86,89,95" m="38351" machi="8" ten="30,1100,0" yaku="8,1" doraHai="111" who="1" fromWho="1" sc="250,-5,250,11,250,-3,250,-3" /><INIT seed="1,0,0,2,0,93" ten="245,261,247,247" oya="1" hai0="94,117,77,105,116,57,113,55,135,42,109,23,80" hai1="90,106,76,48,17,52,92,14,127,72,103,33,64" hai2="132,45,67,13,24,11,51,124,22,40,21,41,29" hai3="54,102,70,119,31,27,7,56,88,53,91,133,128"/><U1/><E127/><V34/><F124/><W59/><G133/><T134/><D105/><U63/><E1/><V101/><F132/><N who="0" m="50730" /><D113/><U96/><E33/><V38/><F67/><W18/><G70/><T122/><D109/><U58/><E76/><V100/><F38/><W30/><G128/><T131/><D131/><U74/><E106/><V3/><F41/><W36/><G36/><T19/><D42/><U112/><E112/><V60/><F60/><N who="3" m="35855" /><G102/><T86/><D94/><U98/><E103/><V25/><F3/><W110/><G7/><T28/><D28/><N who="3" m="10793" /><G119/><T79/><D79/><U126/><E126/><V39/><F39/><W87/><G110/><T68/><D68/><U37/><E37/><V9/><F9/><W6/><G6/><T130/><D122/><U12/><E12/><V20/><REACH who="2" step="1"/><F25/><REACH who="2" ten="245,261,237,247" step="2"/><W107/><G27/><N who="0" m="14847" /><D130/><U114/><E114/><V118/><F118/><W50/><G50/><AGARI ba="0,1" hai="50,55,57,77,80,86,116,117" m="14847,50730" machi="50" ten="30,1000,0" yaku="20,1" doraHai="93" who="0" fromWho="3" sc="245,20,261,0,237,0,247,-10" /><INIT seed="2,0,0,1,3,30" ten="265,261,237,237" oya="2" hai0="13,109,118,77,117,14,133,34,45,25,113,74,126" hai1="85,23,130,40,22,76,59,82,4,52,61,132,49" hai2="123,127,75,101,89,31,124,46,86,78,35,63,71" hai3="96,41,20,1,55,65,110,53,57,15,107,24,11"/><V129/><F123/><W81/><G1/><T33/><D113/><U28/><E130/><V103/><F129/><W50/><G110/><T47/><D109/><U121/><E132/><V44/><F78/><W43/><G107/><T12/><D133/><U2/><E121/><V5/><F5/><N who="3" m="3567" /><G96/><T112/><D112/><U102/><E102/><V68/><F75/><W80/><G65/><T7/><D7/><U56/><E28/><V84/><F63/><W111/><G111/><T60/><D60/><U134/><E134/><V120/><F120/><W104/><G104/><T19/><D77/><U88/><E2/><V36/><F36/><W69/><G69/><T93/><D74/><U91/><E4/><V48/><F31/><N who="3" m="17799" /><G53/><T95/><D19/><U8/><E8/><V128/><F128/><W37/><G37/><T106/><D106/><U114/><E114/><V58/><F89/><N who="1" m="34377" /><E40/><AGARI ba="0,0" hai="40,41,43,50,55,57,80,81" m="17799,3567" machi="40" ten="30,1000,0" yaku="8,1" doraHai="30" who="3" fromWho="1" sc="265,0,261,-10,237,0,237,10" /><INIT seed="3,0,0,1,0,93" ten="265,251,237,247" oya="3" hai0="46,61,102,76,133,47,121,2,44,83,58,77,104" hai1="36,115,96,98,116,129,51,11,86,132,45,4,5" hai2="41,56,119,21,87,24,18,99,12,3,37,74,15" hai3="89,131,88,103,78,85,67,130,126,23,97,55,71"/><W43/><G126/><T26/><D121/><U112/><E36/><V57/><F119/><W134/><G134/><T123/><D123/><U20/><E115/><V38/><F3/><W0/><G0/><T65/><D2/><U27/><E112/><V72/><F87/><W105/><G43/><T111/><D111/><U68/><E68/><V75/><F99/><N who="1" m="37929" /><E132/><V114/><F114/><W127/><G127/><T34/><D133/><U63/><E116/><V33/><F33/><W100/><G100/><T125/><D125/><U13/><E129/><N who="3" m="49162" /><G55/><T8/><D104/><U69/><E69/><V62/><F57/><W82/><G23/><T30/><D102/><U73/><E73/><V10/><F41/><W81/><G82/><T28/><D83/><U29/><E63/><AGARI ba="0,0" hai="63,67,71,78,81,85,88,89,97,103,105" m="49162" machi="63" ten="30,5800,0" yaku="19,1,52,1,54,1" doraHai="93" who="3" fromWho="1" sc="265,0,251,-58,237,0,247,58" owari="265,6.5,193,-30.7,237,-16.3,305,40.5" /></mjloggm>