<mjloggm ver="2.3"><GO type="225" lobby="0"/><UN n0="%E3%81%99%E3%83%BC%5F%E9%88%B4%E6%9C%A8%E6%B5%A9%E5%B9%B3" n1="%E3%83%81%E3%83%83%E3%82%BF%E3%82%BD%E3%83%BC" n2="%E5%B6%BA%E4%B8%8A%E5%92%B2" n3="%E3%81%BF%E3%81%BF%E3%81%9A" dan="16,16,16,17" rate="2091.81,2116.47,2142.18,2218.04" sx="M,F,F,M"/><TAIKYOKU oya="0"/><INIT seed="0,0,0,0,0,90" ten="250,250,250,250" oya="0" hai0="125,36,112,99,85,28,11,95,21,47,68,59,129" hai1="116,48,40,33,104,15,121,107,41,80,87,84,89" hai2="56,29,86,9,132,53,110,77,119,51,74,81,0" hai3="98,135,73,52,63,130,13,108,67,117,101,96,133"/><T128/><D112/><U62/><E121/><V55/><F119/><W14/><G117/><T24/><D68/><U97/><E116/><V120/><F120/><W31/><G73/><T100/><D125/><U134/><E33/><V42/><F110/><W79/><G79/><T71/><D71/><U50/><E134/><N who="3" m="51210" /><G108/><T25/><D59/><U3/><E3/><V34/><F132/><W91/><G130/><N who="0" m="50283" /><D85/><U17/><E62/><V5/><F53/><W93/><G31/><T109/><D109/><U102/><E107/><V111/><F111/><W131/><G131/><T27/><D11/><U46/><E84/><V22/><F34/><W54/><G13/><T127/><D127/><U66/><E66/><V38/><F86/><W114/><G14/><T88/><D100/><U7/><E7/><V37/><REACH who="2" step="1"/><F42/><AGARI ba="0,0" hai="21,24,25,27,28,36,42,47,88,95,99" m="50283" machi="42" ten="30,5800,0" yaku="19,1,52,1,54,1" doraHai="90" who="0" fromWho="2" sc="250,58,250,0,250,-58,250,0" /><INIT seed="0,1,0,1,0,32" ten="308,250,192,250" oya="0" hai0="89,108,57,96,12,103,132,26,88,39,119,3,79" hai1="106,59,58,104,124,77,81,67,56,21,42,23,53" hai2="111,37,75,129,118,90,64,122,49,112,92,76,91" hai3="34,17,38,82,36,7,101,97,52,31,113,8,33"/><T87/><D119/><U86/><E124/><V128/><F122/><W28/><G113/><T80/><D39/><U20/><E67/><V43/><F112/><W60/><G82/><T125/><D125/><U0/><E0/><V105/><F105/><W126/><G126/><T5/><D132/><U70/><E70/><V14/><F37/><W127/><G17/><T120/><D120/><U78/><E42/><V18/><F111/><W1/><G127/><T121/><D121/><U110/><E110/><V114/><F114/><W41/><G33/><T19/><D26/><U72/><E53/><V65/><F118/><W95/><G34/><T74/><D57/><U15/><E15/><V35/><F35/><W99/><G99/><T46/><D46/><U9/><E9/><V48/><F76/><W24/><G24/><T71/><D71/><U63/><E63/><V10/><F75/><W51/><G36/><T44/><D44/><U4/><E4/><V45/><F49/><W11/><G11/><N who="0" m="2495" /><D74/><U94/><REACH who="1" step="1"/><E77/><REACH who="1" ten="308,240,192,250" step="2"/><V107/><F65/><W115/><G115/><T93/><D108/><U116/><E116/><V69/><F64/><W55/><G38/><T100/><D12/><U47/><E47/><V6/><F69/><W50/><G60/><T13/><D79/><U22/><N who="1" m="5120" /><DORA hai="66" /><U102/><E102/><N who="0" m="38953" /><D13/><U29/><E29/><N who="3" m="11338" /><G41/><T123/><D123/><U68/><E68/><V2/><F43/><W62/><G62/><T98/><D19/><U30/><E30/><V131/><F45/><N who="3" m="27727" /><G55/><T134/><D134/><U130/><E130/><V25/><F129/><W109/><G51/><RYUUKYOKU ba="1,1" sc="308,10,240,10,192,-30,250,10" hai0="80,87,88,89,93,96,98" hai1="56,58,59,72,78,81,86,94,104,106" hai3="1,7,8,95,97,101,109" /><INIT seed="0,2,1,3,5,77" ten="318,250,162,260" oya="0" hai0="38,107,98,119,72,99,23,34,12,22,33,109,51" hai1="117,53,94,43,92,8,26,125,102,19,17,124,46" hai2="95,24,69,29,36,127,103,64,37,118,49,5,6" hai3="61,80,128,55,93,106,105,13,86,21,54,28,112"/><T40/><D38/><U91/><E117/><V11/><F118/><W87/><G112/><T20/><D119/><U130/><E130/><V60/><F127/><N who="1" m="48713" /><E53/><V30/><F30/><W68/><G128/><T48/><D72/><U132/><E132/><V126/><F126/><W100/><G87/><T9/><D109/><U4/><E102/><V90/><F49/><W76/><G68/><T113/><D113/><U123/><E123/><V120/><F120/><W3/><G61/><T89/><D107/><U1/><E26/><V16/><F103/><W52/><G3/><T70/><D70/><U74/><E74/><V39/><F29/><W111/><G111/><T45/><D51/><N who="1" m="27103" /><E94/><V79/><F79/><W84/><G100/><T35/><REACH who="0" step="1"/><D89/><REACH who="0" ten="308,250,162,260" step="2"/><U10/><E91/><V121/><F121/><W108/><G108/><T66/><D66/><U42/><E92/><V88/><F90/><W67/><G93/><T78/><D78/><U41/><E8/><V63/><F69/><W62/><G67/><T27/><D27/><U44/><E10/><V114/><F64/><W14/><G62/><T83/><D83/><U131/><E131/><V81/><F81/><W2/><G105/><T59/><D59/><U0/><E44/><V73/><F73/><N who="3" m="43023" /><G106/><T122/><D122/><U116/><E116/><V15/><F114/><W47/><G47/><T18/><AGARI ba="2,2" hai="9,12,18,20,22,23,33,34,35,40,45,48,98,99" machi="18" ten="40,3900,0" yaku="1,1,0,1,53,0" doraHai="77" doraHaiUra="75" who="0" fromWho="0" sc="308,65,250,-15,162,-15,260,-15" /><INIT seed="0,3,0,5,1,122" ten="373,235,147,245" oya="0" hai0="130,83,4,120,89,47,98,8,88,87,78,23,28" hai1="112,127,64,111,39,2,81,22,40,37,14,25,115" hai2="134,121,110,59,3,9,57,7,105,63,124,116,73" hai3="6,58,13,52,86,32,125,35,103,5,24,55,123"/><T30/><D120/><U79/><E127/><V106/><F63/><W77/><G123/><T17/><D130/><U31/><E2/><V132/><F57/><W12/><G125/><T131/><D47/><U102/><E64/><V80/><F59/><W38/><G38/><T53/><D53/><U133/><E133/><V117/><F9/><W36/><G36/><T126/><D126/><U33/><E102/><V56/><F56/><W91/><G103/><T29/><D131/><U42/><E37/><V119/><F7/><N who="3" m="2571" /><G32/><T118/><D98/><U60/><E60/><V19/><F19/><W85/><G35/><T21/><D118/><U109/><E14/><N who="3" m="5738" /><G24/><T84/><D17/><U15/><E15/><V97/><F3/><W129/><G129/><T50/><D4/><U1/><E1/><V113/><F124/><W101/><G101/><T99/><D8/><U48/><E39/><V114/><F121/><W108/><G108/><N who="1" m="41546" /><E33/><V71/><F110/><W95/><G58/><T135/><D135/><N who="2" m="51754" /><F71/><W62/><G62/><T107/><D107/><N who="2" m="40970" /><F97/><W65/><G65/><T0/><D99/><U43/><E48/><V27/><F27/><W10/><G10/><T128/><D50/><U72/><AGARI ba="3,0" hai="22,25,31,40,42,43,72,79,81,112,115" m="41546" machi="72" ten="40,8000,1" yaku="14,1,52,3" doraHai="122" who="1" fromWho="1" sc="373,-43,235,89,147,-23,245,-23" /><INIT seed="1,0,0,3,4,64" ten="330,324,124,222" oya="1" hai0="62,101,106,110,82,50,20,113,72,103,46,41,125" hai1="32,87,133,69,9,119,12,105,73,92,54,40,13" hai2="60,67,104,128,22,8,112,80,108,121,26,98,11" hai3="18,100,81,68,120,130,135,30,42,86,93,65,111"/><U38/><E133/><V34/><F121/><W14/><G120/><T31/><D113/><U61/><E105/><V66/><F112/><W36/><G135/><T51/><D125/><U6/><E32/><V84/><F108/><W78/><G111/><T56/><D110/><U132/><E132/><V43/><F128/><W58/><G130/><T94/><D106/><U123/><E123/><V55/><F43/><W99/><G30/><T97/><D50/><U124/><E73/><V77/><F55/><W131/><G131/><T4/><D4/><U95/><E124/><V3/><F3/><W5/><G5/><T52/><D101/><U70/><E119/><V129/><F66/><W27/><G58/><T74/><REACH who="0" step="1"/><D82/><REACH who="0" ten="320,324,124,222" step="2"/><U114/><E114/><V126/><F126/><W17/><G36/><T57/><D57/><U10/><E70/><N who="2" m="42343" /><F129/><W28/><G68/><T116/><D116/><U53/><E38/><V107/><F107/><W29/><G42/><T118/><D118/><U90/><E40/><V89/><F89/><W44/><G44/><T39/><D39/><U83/><E69/><V48/><F48/><W71/><G71/><T96/><D96/><U16/><E61/><V102/><F22/><N who="3" m="13775" /><G65/><T45/><D45/><U2/><E2/><V75/><F84/><W127/><G127/><T117/><D117/><U59/><E59/><V15/><F15/><W35/><G35/><T19/><D19/><U37/><E37/><V88/><F88/><W1/><G1/><T85/><D85/><U79/><E90/><V25/><F34/><W23/><AGARI ba="0,1" hai="14,18,23,28,29,78,81,86,93,99,100" m="13775" machi="23" ten="30,1100,0" yaku="8,1" doraHai="64" who="3" fromWho="3" sc="320,-3,324,-5,124,-3,222,21" /><INIT seed="2,0,0,5,4,99" ten="317,319,121,243" oya="2" hai0="46,69,132,7,133,63,78,84,107,124,33,1,109" hai1="49,53,113,125,28,44,37,92,59,114,119,34,98" hai2="97,6,39,24,75,32,22,90,10,117,110,51,120" hai3="62,131,16,73,89,42,57,58,56,77,115,81,13"/><V86/><F117/><W27/><G131/><T8/><D124/><U60/><E125/><V122/><F75/><W65/><G115/><T52/><D109/><U35/><E119/><V135/><F39/><W127/><G127/><T9/><D33/><U108/><E108/><V17/><F110/><W106/><G106/><T21/><D107/><U100/><E37/><V128/><F128/><W95/><G27/><T74/><D9/><U82/><E82/><V71/><F71/><W36/><G42/><T88/><D74/><U94/><E94/><V87/><F135/><N who="0" m="51786" /><D21/><U25/><REACH who="1" step="1"/><E35/><REACH who="1" ten="317,309,121,243" step="2"/><V4/><F32/><W0/><G36/><T130/><D130/><U96/><E96/><V45/><F120/><W48/><G0/><T105/><D105/><U29/><E29/><V70/><F122/><W111/><G111/><T55/><D78/><U118/><E118/><V72/><F72/><W2/><G2/><T20/><D1/><U43/><AGARI ba="0,1" hai="25,28,34,43,44,49,53,59,60,92,98,100,113,114" machi="43" ten="20,5200,0" yaku="1,1,0,1,7,1,52,1,53,0" doraHai="99" doraHaiUra="126" who="1" fromWho="1" sc="317,-13,309,62,121,-26,243,-13" /><INIT seed="3,0,0,0,3,116" ten="304,371,95,230" oya="3" hai0="87,86,38,61,19,100,2,92,64,17,74,10,31" hai1="56,70,96,59,48,55,47,120,68,101,118,71,113" hai2="119,85,134,37,6,127,67,5,117,78,125,22,58" hai3="111,46,122,62,66,121,108,93,109,135,82,41,77"/><W1/><G1/><T88/><D74/><U115/><E120/><N who="3" m="46186" /><G93/><T76/><D38/><U42/><E118/><V44/><F78/><W26/><G26/><T27/><D100/><U128/><E128/><V21/><F85/><W110/><G135/><T107/><D107/><U75/><E75/><V14/><F37/><N who="3" m="21807" /><G110/><T57/><D2/><U4/><E4/><V9/><F44/><W102/><G102/><T39/><D39/><U98/><E59/><V12/><F58/><N who="3" m="37207" /><G82/><T69/><D10/><U25/><E25/><V80/><F67/><W81/><G81/><T106/><D106/><U105/><REACH who="1" step="1"/><E98/><REACH who="1" ten="304,361,95,230" step="2"/><V45/><F80/><W129/><G77/><T124/><D76/><U43/><E43/><V20/><F45/><W52/><G52/><T54/><D54/><U32/><E32/><V34/><F34/><W8/><G8/><T84/><D27/><U50/><AGARI ba="0,1" hai="42,47,48,50,55,56,68,70,71,96,101,105,113,115" machi="50" ten="30,2000,0" yaku="1,1,0,1,53,0" doraHai="116" doraHaiUra="83" who="1" fromWho="1" sc="304,-5,361,30,95,-5,230,-10" owari="299,9.9,391,49.1,90,-41.0,220,-18.0" /></mjloggm>