<mjloggm ver="2.3"><GO type="225" lobby="0"/><UN n0="%E3%80%90%E3%83%88%E3%83%AA%E3%83%A5%E3%83%95%E3%80%91" n1="%73%61%6B%6F%EF%BC%A0%E6%9C%80" n2="%E6%9C%88%E5%B3%B6%E5%9F%BA" n3="%E6%98%93%E5%88%A9%E8%96%A9%E4%BC%AF" dan="16,17,16,17" rate="2122.31,2187.04,2044.35,2181.95" sx="M,M,M,F"/><TAIKYOKU oya="0"/><INIT seed="0,0,0,0,2,6" ten="250,250,250,250" oya="0" hai0="94,135,96,113,71,13,133,66,92,35,38,5,107" hai1="102,121,75,20,10,40,72,103,37,30,132,83,36" hai2="56,93,24,131,124,115,100,127,76,33,64,89,73" hai3="46,29,120,122,50,82,42,0,61,88,62,105,57"/><T43/><D35/><U15/><E121/><N who="3" m="46698" /><G105/><T95/><D113/><U69/><E69/><V47/><F115/><W123/><G0/><T85/><D66/><U109/><E109/><V60/><F131/><W128/><G128/><T11/><D71/><U104/><E132/><N who="0" m="50761" /><D107/><U68/><E68/><V22/><F100/><W125/><G125/><N who="2" m="48201" /><F33/><W126/><G126/><T70/><D70/><U65/><E65/><V91/><F47/><W7/><G7/><T26/><D26/><U4/><E103/><V114/><F114/><W45/><G45/><N who="0" m="23799" /><D85/><U86/><E37/><V3/><F3/><W74/><G74/><T101/><AGARI ba="0,0" hai="5,11,13,92,94,95,96,101" m="23799,50761" machi="101" ten="30,3000,0" yaku="20,1,52,1" doraHai="6" who="0" fromWho="0" sc="250,30,250,-10,250,-10,250,-10" /><INIT seed="0,1,0,4,0,13" ten="280,240,240,240" oya="0" hai0="38,0,28,122,35,88,50,91,58,3,4,117,18" hai1="121,105,111,99,25,43,83,68,107,92,31,106,102" hai2="81,101,115,120,77,96,6,70,87,128,23,98,100" hai3="32,7,52,89,103,24,125,39,55,67,73,56,45"/><T42/><D117/><U9/><E111/><V85/><F70/><W116/><G116/><T19/><D122/><U12/><E121/><V63/><F120/><W61/><G73/><T109/><D35/><U133/><E133/><V14/><F115/><W79/><G79/><T51/><D38/><U71/><E43/><V90/><F128/><W108/><G103/><N who="2" m="39497" /><F63/><W47/><G125/><T15/><D28/><U59/><E59/><V119/><F119/><W17/><G7/><T93/><D91/><U114/><E83/><N who="2" m="49471" /><F23/><N who="3" m="13423" /><G32/><T113/><D113/><U48/><E48/><V1/><F1/><W62/><G108/><T132/><D132/><U46/><E114/><V27/><F27/><W33/><G33/><T129/><D129/><U82/><E82/><V80/><F80/><W95/><G39/><T126/><D126/><U8/><E68/><V94/><F94/><W130/><G130/><T29/><D29/><U11/><E71/><V69/><F69/><N who="3" m="42223" /><G55/><N who="0" m="32119" /><D0/><U10/><E106/><V64/><F64/><W37/><G37/><T5/><D3/><U49/><E107/><V110/><F110/><W104/><G104/><T74/><D74/><U66/><E105/><V26/><F26/><W112/><G112/><T16/><D15/><U127/><E66/><V84/><F84/><W60/><G60/><T2/><D2/><U123/><E127/><V86/><F86/><W30/><G30/><T36/><D36/><U78/><E123/><V124/><F124/><W97/><AGARI ba="1,0" hai="45,47,52,56,62,89,95,97" m="42223,13423" machi="97" ten="30,4000,0" yaku="25,1,52,1,54,1" doraHai="13" who="3" fromWho="3" sc="280,-21,240,-11,240,-11,240,43" /><INIT seed="1,0,0,5,4,15" ten="259,229,229,283" oya="1" hai0="2,41,18,24,122,107,79,26,96,106,134,82,55" hai1="54,104,34,111,20,73,22,123,48,99,125,77,11" hai2="64,124,63,102,58,121,72,57,38,33,85,94,130" hai3="4,90,13,93,103,108,98,31,52,32,43,66,132"/><U78/><E123/><V14/><F121/><W65/><G108/><T53/><D122/><U109/><E34/><V118/><F118/><W17/><G43/><T101/><D107/><U89/><E125/><V16/><F72/><W60/><G4/><T127/><D2/><U40/><E40/><V44/><F33/><W28/><G32/><T8/><D41/><U87/><E11/><N who="2" m="6239" /><F38/><W42/><G42/><T112/><D112/><U0/><E0/><V61/><F130/><W5/><G103/><T126/><D134/><U45/><E99/><N who="2" m="59767" /><F124/><N who="0" m="47658" /><D26/><U69/><E104/><V105/><F105/><W23/><G5/><T100/><D100/><U12/><E69/><V6/><F6/><W92/><G92/><T3/><D3/><U59/><E73/><V76/><F44/><W49/><G132/><T70/><D70/><U117/><E45/><V46/><F46/><N who="3" m="27703" /><G60/><N who="2" m="23113" /><F64/><AGARI ba="0,0" hai="13,17,23,28,31,64,65,66,90,93,98" m="27703" machi="64" ten="30,3900,0" yaku="8,1,52,1,54,1" doraHai="15" who="3" fromWho="2" sc="259,0,229,0,229,-39,283,39" /><INIT seed="2,0,0,3,4,77" ten="259,229,190,322" oya="2" hai0="56,133,108,78,80,14,127,27,7,5,98,29,42" hai1="71,49,4,64,129,84,126,18,104,111,26,86,96" hai2="31,75,23,130,59,51,28,32,118,117,24,9,33" hai3="79,16,53,60,3,135,54,55,113,120,89,114,12"/><V94/><F75/><W67/><G3/><T97/><D108/><U102/><E111/><V38/><F38/><W72/><G135/><T10/><D133/><U21/><E129/><V30/><F94/><W47/><G89/><T61/><D127/><U107/><E126/><V87/><F87/><W91/><G91/><T81/><D5/><U50/><E107/><V70/><F70/><W132/><G120/><T103/><D42/><U88/><E4/><V106/><F106/><W39/><G39/><T85/><D81/><U68/><E84/><V65/><F65/><W76/><G47/><T112/><D103/><U82/><E71/><V122/><F122/><W131/><G131/><T40/><D40/><U92/><REACH who="1" step="1"/><E104/><REACH who="1" ten="259,219,190,322" step="2"/><V134/><F134/><W52/><G132/><T128/><D128/><U37/><E37/><V45/><F130/><W116/><G72/><T41/><D112/><U17/><E17/><V11/><F118/><W110/><G16/><T63/><D41/><U83/><E83/><V73/><F117/><W100/><G113/><T99/><REACH who="0" step="1"/><D56/><REACH who="0" ten="249,219,190,322" step="2"/><U35/><E35/><AGARI ba="0,2" hai="7,10,14,27,29,35,61,63,78,80,85,97,98,99" machi="35" ten="40,5200,0" yaku="1,1,2,1,52,1,53,0" doraHai="77" doraHaiUra="125" who="0" fromWho="1" sc="249,72,219,-52,190,0,322,0" /><INIT seed="3,0,0,3,0,27" ten="321,167,190,322" oya="3" hai0="64,74,36,67,51,129,18,94,24,126,57,93,62" hai1="3,121,103,49,73,80,124,101,23,63,53,75,106" hai2="81,9,70,95,102,113,43,92,60,19,87,61,48" hai3="25,85,89,109,66,111,47,10,59,98,21,5,99"/><W128/><G128/><T82/><D36/><U90/><E121/><V31/><F113/><W86/><G47/><T38/><D38/><U115/><E3/><V77/><F70/><W0/><G85/><T52/><D129/><U15/><E124/><V100/><F31/><N who="3" m="17839" /><G59/><N who="0" m="33183" /><D74/><U29/><E115/><V131/><F92/><N who="0" m="35434" /><D82/><U88/><E106/><V97/><F100/><N who="1" m="38473" /><E73/><V4/><F131/><W71/><G66/><N who="0" m="39247" /><D126/><U122/><E75/><V107/><F107/><W125/><G71/><T26/><D26/><N who="1" m="16607" /><E122/><V32/><F32/><W132/><G125/><T116/><D116/><U16/><E63/><V46/><F61/><W83/><G132/><T134/><D134/><U20/><E80/><V127/><F60/><W120/><G120/><T84/><D84/><U50/><E50/><V55/><F127/><W114/><G114/><T54/><D54/><U117/><E117/><V35/><F55/><W91/><G91/><T58/><D58/><AGARI ba="0,0" hai="15,16,20,49,53,58,88,90" m="16607,38473" machi="58" ten="30,7700,0" yaku="8,1,52,1,54,2" doraHai="27" who="1" fromWho="0" sc="321,-77,167,77,190,0,322,0" owari="244,4.4,244,-15.6,190,-31.0,322,42.2" /></mjloggm>