<mjloggm ver="2.3"><GO type="225" lobby="0"/><UN n0="%E4%BF%BA%E3%81%A8%E5%A6%96%E5%A4%A2" n1="%E3%81%BF%E3%81%BF%E3%81%9A" n2="%E7%8D%A3%E8%87%AD%E3%81%84%E8%82%89%E7%90%83" n3="%E3%80%90%E3%83%88%E3%83%AA%E3%83%A5%E3%83%95%E3%80%91" dan="16,18,16,16" rate="2141.31,2247.03,2114.53,2092.64" sx="F,M,M,M"/><TAIKYOKU oya="0"/><INIT seed="0,0,0,0,2,14" ten="250,250,250,250" oya="0" hai0="82,60,58,70,23,13,76,63,50,74,46,34,118" hai1="122,15,25,42,11,49,102,27,120,111,128,39,110" hai2="5,88,129,107,119,43,16,95,91,117,35,53,100" hai3="90,68,10,94,132,7,69,85,41,32,37,52,113"/><T116/><D34/><U0/><E39/><V56/><F35/><W134/><G113/><T81/><D70/><U55/><E102/><V109/><F109/><N who="1" m="41481" /><E42/><V64/><F5/><W127/><G32/><T105/><D105/><U61/><E61/><V45/><F64/><W101/><G101/><T12/><D82/><U44/><E0/><V114/><F114/><W24/><G24/><N who="1" m="9290" /><E128/><V115/><F115/><W104/><G104/><T87/><D74/><U31/><E31/><V66/><F66/><W92/><G41/><T126/><D12/><U59/><E44/><V22/><F129/><W3/><G37/><T67/><D60/><U124/><E124/><V108/><F108/><W36/><G36/><T18/><REACH who="0" step="1"/><D126/><REACH who="0" ten="240,250,250,250" step="2"/><U71/><E71/><V40/><F107/><W106/><G106/><T38/><D38/><U75/><E75/><V133/><F117/><W21/><G127/><T57/><D57/><U6/><AGARI ba="0,1" hai="6,11,15,49,55,59,120,122" m="9290,41481" machi="6" ten="30,1100,0" yaku="14,1" doraHai="14" who="1" fromWho="1" sc="240,-5,250,21,250,-3,250,-3" /><INIT seed="1,0,0,2,0,10" ten="235,271,247,247" oya="1" hai0="127,115,122,123,103,65,129,17,88,20,83,98,133" hai1="74,135,64,21,87,73,53,104,57,52,117,0,126" hai2="91,30,67,63,43,134,71,96,49,24,4,13,110" hai3="80,121,59,75,97,36,25,3,29,11,38,5,100"/><U33/><E117/><V70/><F110/><W114/><G114/><T93/><D115/><U113/><E33/><V81/><F134/><W116/><G121/><N who="0" m="46091" /><D133/><U37/><E113/><V85/><F96/><W32/><G59/><T31/><D129/><U45/><E104/><V34/><F71/><W16/><G116/><T131/><D131/><U82/><E0/><V1/><F1/><W47/><G47/><T66/><D31/><U99/><E135/><V61/><F61/><W7/><G7/><T55/><D55/><U132/><E132/><V58/><F43/><W62/><G62/><T105/><D83/><U76/><E126/><V23/><F49/><W18/><G38/><T95/><D127/><U41/><E64/><N who="0" m="24681" /><D88/><U69/><E69/><V51/><F51/><W14/><G36/><T8/><D8/><U15/><E53/><V40/><F40/><W54/><G54/><T12/><AGARI ba="0,0" hai="12,17,20,93,95,98,103,105" m="24681,46091" machi="12" ten="30,2000,0" yaku="13,1,52,1" doraHai="10" who="0" fromWho="0" sc="235,20,271,-10,247,-5,247,-5" /><INIT seed="2,0,0,3,4,100" ten="255,261,242,242" oya="2" hai0="91,44,12,99,134,76,45,102,129,90,131,120,52" hai1="24,58,2,51,8,37,63,127,103,20,47,106,108" hai2="89,119,77,59,29,128,88,101,94,78,87,83,40" hai3="109,3,10,114,19,7,79,18,31,43,85,93,27"/><V80/><F40/><W112/><G109/><T6/><D120/><U118/><E118/><V74/><F29/><W57/><G43/><T126/><D76/><U69/><E37/><V54/><F119/><W34/><G57/><T13/><D134/><U35/><E69/><V105/><F128/><N who="0" m="49226" /><D126/><U123/><E35/><V39/><F39/><W96/><G85/><T64/><D64/><U0/><E108/><V92/><F54/><W107/><G79/><T55/><D44/><U16/><E127/><V60/><F59/><W21/><G107/><N who="0" m="63967" /><D6/><U62/><E123/><V135/><F60/><W15/><REACH who="3" step="1"/><G19/><REACH who="3" ten="255,261,242,232" step="2"/><T115/><D115/><U117/><E58/><V32/><F135/><W30/><G30/><T48/><D55/><U113/><E113/><V5/><F5/><W116/><G116/><T56/><D56/><U42/><E117/><V67/><F67/><W28/><G28/><T33/><D33/><U23/><E63/><V49/><F49/><W46/><G46/><T111/><D111/><U132/><E62/><V110/><F110/><W68/><G68/><T86/><D86/><U72/><E132/><V121/><F121/><W97/><G97/><T9/><D45/><U81/><E47/><V14/><F32/><W71/><G71/><T11/><D48/><U73/><E51/><V130/><F130/><W75/><G75/><T61/><D52/><U65/><E65/><V41/><F41/><W38/><G38/><T4/><D61/><U104/><E42/><V17/><F105/><W53/><G53/><T66/><D66/><U1/><E106/><V22/><F94/><RYUUKYOKU ba="0,1" sc="255,10,261,-30,242,10,232,10" hai0="4,9,11,12,13,90,91" hai2="14,17,22,74,77,78,80,83,87,88,89,92,101" hai3="3,7,10,15,18,21,27,31,34,93,96,112,114" /><INIT seed="2,1,1,5,2,126" ten="265,231,252,242" oya="2" hai0="112,62,91,28,107,99,133,59,81,66,65,3,102" hai1="104,109,50,48,77,33,13,31,40,86,71,41,122" hai2="35,57,103,9,23,7,90,135,51,110,106,21,84" hai3="131,14,70,69,55,97,1,34,61,58,98,101,78"/><V47/><F35/><W24/><G1/><T92/><D112/><U46/><E104/><V75/><F75/><W25/><G78/><T6/><D133/><U45/><E109/><V15/><F135/><W39/><G39/><T37/><D37/><U10/><E122/><V5/><F110/><W125/><G125/><T115/><D115/><U129/><E71/><V19/><F57/><W118/><G118/><T121/><D121/><U4/><E129/><V67/><F67/><W49/><G14/><T72/><D28/><U63/><E63/><V83/><F103/><W36/><G98/><T74/><D65/><U73/><E73/><V76/><F76/><W12/><G12/><T128/><D128/><U87/><E77/><V20/><REACH who="2" step="1"/><F106/><REACH who="2" ten="265,231,242,242" step="2"/><W80/><G70/><T22/><D72/><U8/><E8/><V38/><F38/><W89/><G36/><T29/><D74/><U68/><E68/><V0/><F0/><W95/><G34/><T119/><D107/><U53/><E53/><AGARI ba="1,2" hai="5,7,9,15,19,20,21,23,47,51,53,83,84,90" machi="53" ten="40,12000,1" yaku="1,1,25,2,8,1,53,0" doraHai="126" doraHaiUra="134" who="2" fromWho="1" sc="265,0,231,-123,242,143,242,0" /><INIT seed="2,2,0,0,0,124" ten="265,108,385,242" oya="2" hai0="114,122,17,1,24,121,117,27,95,23,29,32,46" hai1="97,7,80,52,111,0,119,116,108,94,91,68,76" hai2="44,62,20,102,69,64,60,15,40,104,50,28,19" hai3="133,77,126,4,49,85,123,47,73,92,65,128,90"/><V13/><F28/><W110/><G126/><T12/><D114/><U86/><E68/><V89/><F104/><W2/><G110/><T87/><D117/><U53/><E0/><V99/><F102/><W120/><G65/><T125/><D125/><U79/><E7/><V66/><F99/><W127/><G133/><T25/><D46/><U63/><E63/><V33/><F33/><W3/><G128/><T93/><D93/><U129/><E129/><V38/><F89/><W101/><G2/><T37/><D37/><U109/><REACH who="1" step="1"/><E76/><REACH who="1" ten="265,98,385,242" step="2"/><V45/><F62/><W26/><G3/><T118/><D1/><U115/><E115/><V96/><F64/><W48/><G4/><T98/><D118/><AGARI ba="2,1" hai="52,53,79,80,86,91,94,97,108,109,111,116,118,119" machi="118" ten="50,6400,0" yaku="1,1,14,1,54,1,53,0" doraHai="124" doraHaiUra="21" who="1" fromWho="0" sc="265,-70,98,80,385,0,242,0" /><INIT seed="3,0,0,4,1,113" ten="195,178,385,242" oya="3" hai0="104,48,62,34,90,56,101,95,76,55,68,103,132" hai1="31,91,50,30,16,111,5,86,135,46,21,57,120" hai2="14,7,100,77,2,80,19,106,96,114,32,1,35" hai3="24,39,97,40,82,49,23,128,17,42,9,78,125"/><W37/><G128/><T20/><D34/><U105/><E120/><V71/><F114/><W67/><G67/><T36/><D104/><U18/><E105/><V131/><F131/><W4/><G97/><T59/><D68/><U70/><E70/><V54/><F71/><W122/><G125/><T41/><D132/><U115/><E115/><V29/><F54/><W107/><G40/><T93/><D76/><U109/><E5/><V65/><F65/><W66/><G66/><N who="0" m="39239" /><D36/><U89/><E57/><V0/><F7/><W64/><G64/><T75/><D75/><U3/><E3/><V94/><F106/><W52/><G42/><T25/><D41/><N who="1" m="24911" /><E18/><V73/><REACH who="2" step="1"/><F29/><REACH who="2" ten="195,178,375,242" step="2"/><N who="1" m="10761" /><E135/><V6/><F6/><W126/><G107/><T130/><D130/><U84/><E111/><V33/><F33/><W127/><G122/><T83/><D95/><U88/><E109/><V26/><F26/><AGARI ba="0,1" hai="16,21,26,84,86,88,89,91" m="10761,24911" machi="26" ten="30,3900,0" yaku="8,1,54,2" doraHai="113" who="1" fromWho="2" sc="195,0,178,49,375,-39,242,0" owari="195,-30.5,227,-17.3,336,43.6,242,4.2" /></mjloggm>