<mjloggm ver="2.3"><GO type="225" lobby="0"/><UN n0="%E3%81%99%E3%81%84%E3%81%BE%E3%81%9B%E3%83%BC%E3%82%93" n1="%E3%83%96%E3%83%83%E3%83%91%E3%82%AA%E3%83%96%E3%83%81%E3%82%AD%E3%83%B3" n2="%E3%83%A9%E3%83%BC%E3%83%A1%E3%83%B3%E4%BA%94%E9%83%8E" n3="%E3%81%BF%E3%81%BF%E3%81%9A" dan="18,16,16,17" rate="2221.69,2114.24,2153.14,2239.42" sx="M,M,M,M"/><TAIKYOKU oya="0"/><INIT seed="0,0,0,1,5,121" ten="250,250,250,250" oya="0" hai0="31,72,122,109,23,79,55,132,97,77,41,98,76" hai1="30,71,25,100,40,45,107,106,15,73,10,14,113" hai2="81,26,101,48,43,46,87,2,51,67,125,114,104" hai3="57,50,64,117,21,61,93,131,56,11,27,111,74"/><T19/><D122/><U16/><E73/><V80/><F114/><W68/><G117/><T17/><D72/><U42/><E113/><V6/><F125/><W134/><G74/><T110/><D132/><U119/><E119/><V116/><F116/><W9/><G134/><T52/><D41/><U91/><E71/><V29/><F67/><W38/><G38/><T70/><D70/><U54/><E100/><V13/><F2/><W28/><G131/><T7/><D7/><U123/><E123/><V102/><F51/><W39/><G39/><T5/><D5/><U82/><E15/><V58/><F58/><W35/><G111/><N who="0" m="42507" /><D31/><U33/><E107/><V95/><F104/><W59/><G50/><T60/><D19/><U126/><E106/><V66/><F6/><W32/><REACH who="3" step="1"/><G93/><REACH who="3" ten="250,250,250,240" step="2"/><T12/><D60/><U62/><E62/><V36/><F95/><W65/><G65/><T69/><D69/><U96/><E126/><V63/><F66/><W112/><G112/><T88/><D98/><U84/><E96/><V20/><F63/><W86/><G86/><T1/><D1/><U94/><E94/><AGARI ba="0,1" hai="12,17,23,52,55,76,77,79,88,94,97" m="42507" machi="94" ten="30,18000,2" yaku="14,1,10,1,52,3,54,2" doraHai="121" who="0" fromWho="1" sc="250,190,250,-180,250,0,240,0" /><INIT seed="0,1,0,1,4,2" ten="440,70,250,240" oya="0" hai0="63,90,96,61,35,39,106,86,20,132,69,80,88" hai1="9,47,25,21,125,114,36,76,71,58,79,64,5" hai2="52,84,118,7,38,67,37,98,87,119,31,130,81" hai3="128,104,32,92,100,6,73,55,120,85,18,59,126"/><T117/><D35/><U113/><E71/><V19/><F130/><W0/><G32/><T30/><D117/><N who="2" m="44554" /><F67/><W107/><G73/><T28/><D132/><U70/><E70/><V110/><F110/><W33/><G33/><T127/><D127/><U93/><E125/><V135/><F135/><W129/><G126/><T8/><D39/><N who="2" m="14858" /><F31/><W99/><G120/><T134/><D134/><U105/><E105/><V115/><F115/><N who="1" m="44041" /><E93/><V26/><F98/><W109/><G109/><T102/><D90/><U45/><E64/><V12/><F81/><W65/><G65/><T108/><D69/><U131/><E58/><V10/><F52/><W49/><G18/><T56/><D108/><U22/><E131/><N who="3" m="50250" /><G85/><N who="2" m="32841" /><F26/><W40/><G40/><T53/><D63/><U4/><E25/><V42/><F42/><W77/><G77/><N who="1" m="29770" /><E36/><V57/><F57/><W62/><G62/><T94/><D106/><U11/><E47/><V24/><F24/><W29/><G29/><T16/><D30/><U111/><E45/><V48/><F48/><W91/><G91/><T68/><D28/><U75/><E111/><V15/><F15/><W17/><G107/><T3/><D68/><U13/><E75/><V116/><F116/><W121/><G104/><T41/><D41/><U43/><E43/><V51/><F51/><W54/><G55/><T112/><D112/><U27/><E27/><V14/><F14/><AGARI ba="1,0" hai="4,5,9,11,13,14,21,22" m="29770,44041" machi="14" ten="30,3900,0" yaku="11,1,52,2" doraHai="2" who="1" fromWho="2" sc="440,0,70,42,250,-42,240,0" /><INIT seed="1,0,0,1,5,100" ten="440,112,208,240" oya="1" hai0="101,131,38,9,80,7,72,62,121,22,39,36,127" hai1="32,97,77,86,14,6,58,12,83,110,48,75,90" hai2="28,71,8,52,129,133,107,123,37,111,40,26,87" hai3="63,88,35,0,44,114,124,99,17,43,132,5,109"/><U4/><E32/><V70/><F123/><W46/><G114/><T18/><D121/><U69/><E69/><V85/><F107/><W73/><G73/><T115/><D115/><U27/><E27/><V42/><F111/><W76/><G76/><T105/><D131/><U108/><E97/><V65/><F129/><W78/><G78/><T64/><D127/><U31/><E31/><V120/><F120/><W54/><G109/><N who="1" m="42090" /><E58/><V57/><F133/><W135/><G35/><T113/><D113/><U134/><E134/><N who="3" m="51242" /><G124/><T15/><D72/><U11/><E48/><V92/><F37/><W98/><G17/><T34/><D34/><U24/><E24/><V68/><F26/><W81/><G0/><T66/><D39/><U30/><E30/><V84/><F28/><W117/><G5/><N who="1" m="2154" /><E11/><V122/><F122/><W25/><G25/><T29/><D29/><U79/><E79/><V61/><F8/><W60/><G60/><T2/><D38/><U128/><E128/><V45/><F45/><W53/><G46/><T112/><D36/><U47/><E47/><V130/><F130/><W21/><G63/><T10/><D112/><U3/><E3/><V1/><F1/><W56/><G56/><T89/><D10/><U49/><E49/><V102/><F65/><W118/><G21/><T16/><D62/><U13/><E12/><V106/><F70/><W96/><G43/><N who="2" m="16425" /><F71/><W126/><G126/><T74/><D2/><U41/><E41/><V119/><F68/><W116/><G44/><T50/><D50/><U94/><AGARI ba="0,0" hai="13,14,75,77,83,86,90,94" m="2154,42090" machi="94" ten="30,3000,0" yaku="14,1,10,1" doraHai="100" who="1" fromWho="1" sc="440,-10,112,30,208,-10,240,-10" /><INIT seed="1,1,0,5,1,129" ten="430,142,198,230" oya="1" hai0="128,117,65,13,25,39,63,84,45,3,41,38,32" hai1="36,122,44,134,120,28,9,61,29,116,66,18,90" hai2="114,59,92,70,108,37,123,20,48,57,124,49,113" hai3="135,27,53,55,35,103,11,86,16,34,83,96,30"/><U43/><E116/><V5/><F123/><W89/><G135/><T68/><D3/><U7/><E122/><V101/><F37/><W33/><G55/><T58/><D117/><U82/><E120/><V77/><F70/><W52/><G34/><T0/><D0/><U118/><E118/><V127/><F108/><W112/><G112/><N who="2" m="43113" /><F77/><W64/><G35/><T100/><D128/><U26/><E134/><V60/><F5/><W131/><G131/><T81/><D100/><U69/><E18/><V10/><F10/><W31/><G31/><T46/><D13/><U106/><E106/><V125/><F20/><W78/><G64/><T80/><D68/><U24/><E29/><V71/><F71/><W17/><G17/><T94/><D32/><U98/><E28/><V97/><F59/><W4/><G78/><T102/><D25/><U119/><E119/><V6/><F6/><W67/><G67/><AGARI ba="1,0" hai="48,49,57,60,67,92,97,101,124,125,127" m="43113" machi="67" ten="40,2600,0" yaku="18,1,11,1" doraHai="129" who="2" fromWho="3" sc="430,0,142,0,198,29,230,-29" /><INIT seed="2,0,0,5,2,21" ten="430,142,227,201" oya="2" hai0="125,10,33,69,114,2,1,32,101,77,104,13,70" hai1="28,121,97,46,113,126,72,16,103,26,27,76,42" hai2="59,75,35,86,130,128,91,41,85,122,36,40,23" hai3="53,0,124,73,24,116,129,45,117,134,71,7,6"/><V25/><F122/><W102/><G73/><T135/><D114/><U30/><E113/><V111/><F75/><W54/><G71/><T120/><D120/><U8/><E121/><V132/><F35/><W100/><G124/><T90/><D90/><U89/><E126/><V108/><F132/><W58/><G129/><N who="2" m="49769" /><F59/><W93/><G134/><T43/><D135/><U106/><E89/><V11/><F11/><W107/><G107/><T87/><D10/><U105/><E105/><V15/><F15/><W19/><G0/><T115/><D13/><U20/><E8/><V95/><F85/><W84/><G117/><T34/><D87/><U63/><E63/><V110/><F36/><W39/><G39/><T51/><D33/><U82/><REACH who="1" step="1"/><E27/><REACH who="1" ten="430,132,227,201" step="2"/><V50/><F50/><AGARI ba="0,1" hai="16,20,26,28,30,42,46,50,72,76,82,97,103,106" machi="50" ten="30,8000,1" yaku="1,1,2,1,7,1,52,1,54,1,53,0" doraHai="21" doraHaiUra="81" who="1" fromWho="2" sc="430,0,132,90,227,-80,201,0" /><INIT seed="3,0,0,5,5,11" ten="430,222,147,201" oya="3" hai0="21,29,126,130,70,61,74,108,26,42,50,120,64" hai1="131,93,0,91,100,106,75,102,41,82,89,109,85" hai2="97,105,117,59,98,55,132,79,83,69,8,119,95" hai3="111,76,54,16,129,72,124,56,49,27,103,15,123"/><W80/><G123/><T4/><D120/><U34/><E0/><V112/><F69/><W32/><G124/><T114/><D74/><U110/><E34/><V84/><F112/><W65/><G129/><T13/><D108/><N who="1" m="41579" /><E131/><V52/><F132/><W62/><G111/><T71/><D61/><U113/><E113/><V14/><F105/><W133/><G133/><T118/><D13/><U73/><E41/><V67/><F67/><W9/><G103/><N who="1" m="39466" /><E106/><V37/><F37/><W66/><REACH who="3" step="1"/><G62/><REACH who="3" ten="430,222,147,191" step="2"/><T18/><D126/><U1/><E1/><V51/><F55/><W48/><G48/><T47/><D50/><U20/><E20/><V125/><F125/><W58/><G58/><T99/><D21/><U115/><E115/><V128/><F128/><W25/><G25/><T127/><D26/><U12/><E12/><V46/><F59/><W7/><G7/><T10/><D4/><U45/><E45/><V121/><F121/><W33/><G33/><T38/><D47/><U134/><E134/><V22/><F22/><W116/><G116/><T2/><D118/><U63/><E63/><V57/><F57/><W40/><G40/><T96/><D42/><U44/><E44/><V35/><F35/><W53/><G53/><T135/><D130/><U17/><E17/><V78/><F119/><W68/><G68/><T104/><D71/><U43/><E43/><V101/><F117/><W36/><G36/><T90/><D38/><U87/><AGARI ba="0,1" hai="73,75,82,85,87,89,91,93" m="39466,41579" machi="87" ten="30,4000,0" yaku="14,1,34,2" doraHai="11" who="1" fromWho="1" sc="430,-10,222,50,147,-10,191,-20" owari="420,52.0,272,7.2,137,-36.3,171,-22.9" /></mjloggm>