<mjloggm ver="2.3"><GO type="225" lobby="0"/><UN n0="%E3%81%BF%E3%81%BF%E3%81%9A" n1="%E3%82%A2%E3%83%9E%E3%83%9D%EF%BD%9E%EF%BD%9E%E3%83%A9" n2="%E6%9C%88%E5%B3%B6%E5%9F%BA" n3="%E7%89%B9%E6%9D%B1%E3%81%AF%E4%B8%96%E7%95%8C%E3%82%92%E6%95%91%E3%81%86" dan="18,17,16,16" rate="2246.79,2022.31,2150.86,2164.06" sx="M,M,M,M"/><TAIKYOKU oya="0"/><INIT seed="0,0,0,2,1,116" ten="250,250,250,250" oya="0" hai0="121,15,95,34,71,50,88,6,119,74,64,30,94" hai1="66,112,113,9,96,61,36,85,114,91,102,31,41" hai2="5,46,49,12,82,17,16,86,81,118,132,23,51" hai3="33,84,56,103,110,79,57,29,19,63,4,38,135"/><T8/><D119/><U109/><E109/><V3/><F118/><W67/><G38/><T13/><D74/><U107/><E31/><V62/><F132/><W37/><G110/><T26/><D121/><U59/><E9/><V54/><F3/><W21/><G37/><T53/><D95/><U90/><REACH who="1" step="1"/><E85/><REACH who="1" ten="250,240,250,250" step="2"/><V101/><F86/><W111/><G111/><T60/><D8/><U47/><AGARI ba="0,1" hai="36,41,47,59,61,66,90,91,96,102,107,112,113,114" machi="47" ten="40,8000,1" yaku="1,1,2,1,0,1,11,1,53,1" doraHai="116" doraHaiUra="99" who="1" fromWho="1" sc="250,-40,240,90,250,-20,250,-20" /><INIT seed="1,0,0,5,0,79" ten="210,330,230,230" oya="1" hai0="127,116,54,39,49,10,42,110,76,75,84,23,88" hai1="117,91,27,70,94,77,121,52,86,53,90,6,12" hai2="73,124,118,50,108,87,115,19,123,14,71,69,103" hai3="96,59,80,48,28,112,62,100,66,25,99,78,33"/><U45/><BYE who="0" /><E117/><UN n0="%E3%81%BF%E3%81%BF%E3%81%9A" /><V4/><F118/><W55/><G112/><T17/><D116/><U95/><E70/><V107/><F73/><W132/><G132/><T101/><D101/><U44/><E27/><V122/><F115/><W24/><G24/><T89/><D110/><U98/><E121/><V128/><F108/><W7/><G7/><T56/><D127/><U83/><E12/><V9/><F124/><W92/><G99/><T126/><D126/><U31/><E6/><V29/><F29/><W68/><REACH who="3" step="1"/><G78/><REACH who="3" ten="210,330,230,220" step="2"/><T67/><D76/><U26/><E44/><V47/><F4/><W64/><G64/><T111/><D67/><U114/><E45/><V36/><F47/><W82/><AGARI ba="0,1" hai="25,28,33,48,55,59,62,66,68,80,82,92,96,100" machi="82" ten="30,8000,1" yaku="1,1,0,1,52,2,53,1" doraHai="79" doraHaiUra="93" who="3" fromWho="3" sc="210,-20,330,-40,230,-20,220,90" /><INIT seed="2,0,0,4,1,46" ten="190,290,210,310" oya="2" hai0="94,54,41,38,22,125,42,114,100,8,106,92,133" hai1="18,66,2,73,81,110,51,87,6,25,68,115,12" hai2="107,34,5,121,28,10,85,84,27,39,131,118,97" hai3="74,44,89,105,50,112,55,62,32,19,67,58,103"/><V1/><F118/><W0/><G74/><T52/><D114/><U26/><E115/><V98/><F121/><W71/><G112/><T127/><D106/><U95/><E2/><V57/><F39/><W135/><G0/><T132/><D22/><U13/><E73/><V33/><F131/><W49/><G32/><T30/><D30/><U45/><E95/><N who="0" m="36393" /><D100/><U101/><E101/><V4/><F4/><W59/><G135/><N who="0" m="51787" /><D8/><N who="1" m="4119" /><E66/><V77/><F34/><W23/><G89/><T60/><D60/><U14/><E68/><V78/><F107/><W31/><G31/><T109/><D109/><U61/><E61/><V116/><F116/><W76/><G76/><T119/><D119/><U56/><E13/><V47/><F78/><W102/><G105/><T43/><D38/><U75/><E56/><V65/><F57/><W17/><G71/><T79/><D79/><BYE who="0" /><N who="1" m="46527" /><E75/><UN n0="%E3%81%BF%E3%81%BF%E3%81%9A" /><V93/><F77/><W128/><G128/><T117/><D117/><U129/><BYE who="0" /><E129/><UN n0="%E3%81%BF%E3%81%BF%E3%81%9A" /><V134/><BYE who="1" /><F134/><W29/><G29/><T113/><D113/><U36/><E36/><V86/><F65/><UN n1="%E3%82%A2%E3%83%9E%E3%83%9D%EF%BD%9E%EF%BD%9E%E3%83%A9" /><W96/><G96/><T120/><D120/><U124/><E110/><V88/><F97/><W99/><G99/><T24/><D24/><U20/><E124/><AGARI ba="0,0" hai="41,42,43,52,54,124,125,127" m="51787,36393" machi="124" ten="40,8000,1" yaku="28,2,18,1,20,1,54,1" doraHai="46" who="0" fromWho="1" sc="190,80,290,-80,210,0,310,0" /><INIT seed="3,0,0,4,2,85" ten="270,210,210,310" oya="3" hai0="96,33,24,124,41,40,130,1,30,122,84,104,100" hai1="55,59,21,111,126,64,27,42,78,61,80,37,57" hai2="76,20,72,65,15,35,74,18,12,19,134,113,43" hai3="34,54,121,56,58,4,60,105,93,39,69,63,36"/><W102/><G121/><T10/><D122/><U109/><E109/><V127/><F113/><W26/><G69/><T81/><D124/><U45/><E45/><V50/><F35/><W86/><BYE who="1" /><G105/><T108/><D108/><U95/><E95/><V123/><F123/><UN n1="%E3%82%A2%E3%83%9E%E3%83%9D%EF%BD%9E%EF%BD%9E%E3%83%A9" /><W112/><G112/><T91/><REACH who="0" step="1"/><D130/><REACH who="0" ten="260,210,210,310" step="2"/><U2/><E111/><V7/><F127/><W98/><G4/><AGARI ba="0,1" hai="1,4,10,24,30,33,40,41,81,84,91,96,100,104" machi="4" ten="40,8000,1" yaku="1,1,2,1,52,1,53,1" doraHai="85" doraHaiUra="99" who="0" fromWho="3" sc="260,90,210,0,210,0,310,-80" owari="350,45.0,210,-19.0,210,-29.0,230,3.0" /></mjloggm>