<mjloggm ver="2.3"><GO type="225" lobby="0"/><UN n0="%72%65%6E%6B%75%6E" n1="%E7%B4%94%E6%BD%94%E3%83%94%E3%83%A9%E3%83%8B%E3%82%A2" n2="%4B%2E%32%2E%4B%2E" n3="%E5%B0%8F%E9%B3%A5%E9%81%8A%E7%B7%B4%E7%84%A1%32%31%E6%AD%B3" dan="17,17,16,17" rate="2168.09,2208.15,2126.83,2170.04" sx="M,M,M,F"/><TAIKYOKU oya="0"/><INIT seed="0,0,0,2,2,82" ten="250,250,250,250" oya="0" hai0="31,9,74,89,29,119,109,55,69,112,43,46,54" hai1="75,62,76,6,2,83,65,26,49,86,72,22,30" hai2="59,113,5,118,12,11,35,101,130,107,32,90,57" hai3="27,16,4,23,3,115,116,38,58,10,19,132,99"/><T33/><D119/><U95/><E2/><V36/><F113/><W126/><G116/><T8/><D69/><U111/><E111/><V20/><F118/><W51/><G38/><T131/><D74/><U84/><E6/><V48/><F36/><W13/><G115/><T114/><D89/><U105/><E105/><V93/><F130/><W50/><G132/><T98/><D98/><U94/><E49/><V97/><F20/><W14/><G126/><T77/><D77/><U122/><E122/><V102/><F102/><W42/><G42/><T28/><D33/><U124/><E124/><V7/><F7/><W37/><G37/><T68/><D68/><U34/><E34/><V60/><F59/><W40/><G40/><T67/><D67/><U18/><E18/><V87/><REACH who="2" step="1"/><F48/><REACH who="2" ten="250,250,240,250" step="2"/><W0/><G50/><N who="0" m="26975" /><D131/><U120/><E120/><V106/><F106/><W81/><G51/><T91/><D114/><U108/><E108/><V73/><F73/><W47/><G58/><T56/><D112/><U63/><E72/><V44/><F44/><W78/><G47/><T125/><D125/><U85/><REACH who="1" step="1"/><E62/><REACH who="1" ten="250,240,240,250" step="2"/><V53/><AGARI ba="0,2" hai="5,11,12,32,35,53,57,60,87,90,93,97,101,107" machi="53" ten="20,5200,0" yaku="1,1,0,1,7,1,52,1,53,0" doraHai="82" doraHaiUra="117" who="2" fromWho="2" sc="250,-26,240,-13,240,72,250,-13" /><INIT seed="1,0,0,0,2,91" ten="224,227,312,237" oya="1" hai0="15,11,66,108,89,110,83,122,4,33,127,92,18" hai1="8,74,75,52,84,95,20,43,76,62,59,97,85" hai2="40,6,131,93,132,87,73,50,16,47,81,5,12" hai3="26,98,53,111,113,94,35,60,9,99,123,103,49"/><U119/><E119/><V2/><F2/><W28/><G113/><T7/><D33/><U21/><E43/><V37/><F131/><W55/><G123/><T120/><D66/><U10/><E75/><V19/><F132/><W68/><G111/><N who="0" m="42539" /><D83/><N who="1" m="47207" /><E85/><V29/><F29/><W72/><G72/><T14/><D127/><U118/><E74/><V51/><F73/><W22/><G9/><N who="1" m="3690" /><E118/><V41/><F37/><W107/><G22/><N who="0" m="11607" /><D4/><U82/><E82/><V116/><F116/><W135/><G135/><T61/><D61/><U86/><E86/><AGARI ba="0,0" hai="7,11,15,86,89,92,120,122" m="11607,42539" machi="86" ten="30,2000,0" yaku="14,1,52,1" doraHai="91" who="0" fromWho="1" sc="224,20,227,-20,312,0,237,0" /><INIT seed="2,0,0,4,2,3" ten="244,207,312,237" oya="2" hai0="26,122,61,111,112,132,13,11,49,73,32,117,18" hai1="97,114,4,19,7,47,92,100,59,119,12,27,96" hai2="94,118,84,75,93,44,62,80,127,60,74,67,105" hai3="36,24,52,102,63,99,125,76,120,2,124,21,39"/><V9/><F118/><W110/><G120/><T43/><D73/><U109/><E119/><V91/><F105/><W34/><G76/><T14/><D117/><U37/><E114/><V17/><F127/><N who="3" m="48715" /><G34/><T16/><D112/><U54/><E109/><V130/><F130/><W95/><G2/><T51/><D122/><U30/><E96/><V58/><F75/><W1/><G1/><T71/><D111/><U42/><E19/><V103/><F74/><W5/><G5/><T40/><D132/><U45/><E12/><N who="2" m="7311" /><F103/><W131/><G110/><T77/><D77/><U57/><E45/><V23/><F44/><W20/><G131/><T53/><D26/><U134/><E57/><N who="2" m="37263" /><F23/><N who="3" m="8779" /><G24/><T38/><D32/><U83/><E83/><V82/><F80/><W33/><G33/><T116/><D116/><U104/><E134/><V90/><F90/><W115/><G115/><T89/><D89/><U123/><E123/><V86/><F86/><W56/><AGARI ba="0,0" hai="36,39,52,56,63,95,99,102" m="8779,48715" machi="56" ten="30,2000,0" yaku="18,1,54,1" doraHai="3" who="3" fromWho="3" sc="244,-5,207,-5,312,-10,237,20" /><INIT seed="3,0,0,3,1,23" ten="239,202,302,257" oya="3" hai0="77,75,55,98,101,7,71,29,3,21,49,42,135" hai1="8,43,47,73,26,44,39,66,115,90,102,123,87" hai2="60,33,45,124,9,2,84,83,15,53,18,0,34" hai3="61,99,6,62,81,68,132,25,127,72,5,4,36"/><W10/><G132/><T96/><D71/><U50/><E73/><V31/><F124/><W131/><G127/><T97/><D135/><U89/><E115/><V105/><F105/><W129/><G36/><T38/><D38/><U117/><E123/><V1/><F31/><W112/><G10/><T80/><D42/><U114/><E114/><V24/><F24/><W126/><G112/><T20/><D101/><U59/><E117/><V27/><F27/><W69/><G126/><T52/><D29/><U82/><E102/><V35/><F60/><N who="3" m="23147" /><G99/><T70/><D70/><N who="3" m="27241" /><G81/><T37/><D37/><U11/><E59/><V122/><F122/><W86/><G86/><T125/><D125/><U57/><E57/><V22/><F22/><W58/><G58/><T120/><D120/><U109/><E66/><V30/><F30/><W17/><G25/><T65/><D65/><U74/><E74/><V104/><F104/><W12/><G72/><T118/><D118/><U94/><E26/><V48/><REACH who="2" step="1"/><F0/><REACH who="2" ten="239,202,292,257" step="2"/><W108/><G12/><T106/><D106/><U111/><E8/><V85/><F85/><W121/><G121/><T28/><D28/><U76/><E11/><V54/><F54/><W63/><G63/><T14/><D55/><U56/><E56/><V93/><F93/><W100/><G131/><T88/><D3/><U130/><E130/><V67/><F67/><W92/><G129/><T103/><D20/><U13/><E13/><V40/><F40/><W91/><G92/><T110/><D21/><U32/><E32/><V107/><F107/><W113/><G113/><T134/><D14/><RYUUKYOKU ba="0,1" sc="239,-10,202,-10,292,30,257,-10" hai2="1,2,9,15,18,33,34,35,45,48,53,83,84" owari="229,-17.1,192,-30.8,332,43.2,247,4.7" /></mjloggm>