<mjloggm ver="2.3"><GO type="225" lobby="0"/><UN n0="%E3%81%AF%E3%82%88%E3%81%8A%E3%81%98%E3%81%95%E3%82%93" n1="%E7%8D%85%E5%AD%90%E5%BA%A7%E3%81%8B%E3%81%A3%E3%81%B4%E3%83%BC" n2="%E3%81%82%E3%81%84%E3%81%82%E3%81%8A%E3%81%84" n3="%E6%97%A5%E6%9B%9C%E6%97%A5%E3%82%88%E3%82%8A%E3%81%AE%E4%BD%BF%E8%80%85" dan="17,16,18,17" rate="2234.43,2115.42,2183.96,2275.04" sx="M,M,M,M"/><TAIKYOKU oya="0"/><INIT seed="0,0,0,5,1,110" ten="250,250,250,250" oya="0" hai0="105,113,16,9,95,73,69,14,71,18,103,101,123" hai1="118,53,0,26,124,84,126,51,45,22,44,7,8" hai2="93,104,114,25,50,56,39,117,41,131,99,11,64" hai3="85,97,35,66,112,12,74,52,49,82,107,42,63"/><T15/><D73/><U116/><E44/><V30/><F104/><W96/><G35/><T70/><D105/><U78/><E78/><V100/><F39/><W120/><G107/><T62/><D123/><U119/><REACH who="1" step="1"/><E84/><REACH who="1" ten="250,240,250,250" step="2"/><V68/><F117/><W72/><G72/><T60/><D113/><U10/><E10/><V24/><F11/><W88/><G74/><T59/><D95/><U58/><E58/><V31/><F56/><N who="3" m="37223" /><G112/><T80/><D80/><U47/><E47/><V1/><F93/><W98/><G120/><T87/><D87/><U54/><E54/><V32/><F114/><W79/><G42/><T83/><D83/><U67/><E67/><V109/><F64/><W43/><G43/><T34/><D34/><U3/><E3/><V106/><F41/><W65/><G65/><T23/><REACH who="0" step="1"/><D59/><REACH who="0" ten="240,240,250,250" step="2"/><U19/><AGARI ba="0,2" hai="0,7,8,19,22,26,45,51,53,116,118,119,124,126" machi="19" ten="40,5200,0" yaku="1,1,0,1,53,1" doraHai="110" doraHaiUra="2" who="1" fromWho="1" sc="240,-26,240,72,250,-13,250,-13" /><INIT seed="1,0,0,0,2,132" ten="214,312,237,237" oya="1" hai0="98,7,47,91,119,60,64,131,46,17,58,31,70" hai1="35,8,68,33,81,108,34,129,71,86,124,13,114" hai2="72,37,19,48,66,134,99,65,128,120,15,63,89" hai3="25,38,78,49,21,40,5,59,51,18,122,3,109"/><U42/><E114/><V133/><F37/><W1/><G122/><T107/><D119/><U44/><E129/><V23/><F120/><W96/><G109/><T9/><D131/><U55/><E108/><V28/><F72/><W12/><G38/><T22/><D31/><U116/><E116/><V100/><F128/><W30/><G78/><T43/><D70/><U61/><E124/><V123/><F123/><W82/><G82/><T74/><D74/><U67/><E71/><V57/><F28/><W26/><G96/><T95/><D107/><U110/><E110/><V125/><F89/><W32/><G59/><T27/><REACH who="0" step="1"/><D43/><REACH who="0" ten="204,312,237,237" step="2"/><U97/><E42/><V20/><F133/><W6/><G40/><T79/><D79/><U83/><E68/><V14/><F134/><W106/><G106/><T76/><D76/><U2/><E35/><V111/><F111/><W62/><G32/><T88/><D88/><U75/><E34/><V117/><F117/><W41/><G41/><T80/><D80/><U29/><E33/><V92/><F125/><W69/><G30/><T36/><D36/><U135/><E29/><V16/><REACH who="2" step="1"/><F48/><REACH who="2" ten="204,312,227,237" step="2"/><W56/><G51/><T115/><D115/><U90/><E75/><V52/><AGARI ba="0,2" hai="14,15,16,19,20,23,52,57,63,65,66,92,99,100" machi="52" ten="20,16000,3" yaku="1,1,2,1,0,1,7,1,9,1,8,1,54,2,53,0" doraHai="132" doraHaiUra="118" who="2" fromWho="2" sc="204,-40,312,-80,227,180,237,-40" /><INIT seed="2,0,0,5,5,78" ten="164,232,407,197" oya="2" hai0="69,13,19,62,88,63,98,65,56,41,131,5,79" hai1="23,119,11,57,103,67,30,25,116,110,60,49,12" hai2="29,87,82,42,36,14,107,15,118,16,106,28,115" hai3="38,100,77,71,6,85,31,124,10,0,75,132,40"/><V111/><F115/><W44/><G124/><T55/><D131/><U27/><E110/><V109/><F118/><W2/><G132/><T91/><D5/><U59/><E49/><V86/><F42/><W117/><G117/><T66/><D41/><U39/><E39/><V89/><F36/><W22/><G71/><T72/><D98/><U51/><E103/><V84/><F84/><W73/><G2/><T113/><D113/><U104/><E104/><V96/><F87/><W7/><G7/><T45/><D45/><U37/><E37/><V127/><F14/><W64/><G64/><T34/><D34/><U48/><E48/><V135/><F135/><W90/><G100/><T54/><D79/><U92/><E92/><V81/><F81/><W4/><G4/><T121/><D72/><U120/><E25/><V97/><F97/><W1/><G1/><T61/><D121/><U52/><REACH who="1" step="1"/><E120/><REACH who="1" ten="164,222,407,197" step="2"/><V125/><F107/><W102/><G102/><T134/><D134/><U24/><E24/><V129/><F106/><W58/><G38/><T53/><REACH who="0" step="1"/><D63/><REACH who="0" ten="154,222,407,197" step="2"/><U105/><E105/><V68/><F111/><W128/><G40/><T74/><D74/><U80/><E80/><V101/><F82/><W70/><G75/><T43/><D43/><U47/><E47/><V94/><F109/><W18/><G44/><T9/><AGARI ba="0,2" hai="9,13,19,53,54,55,56,61,62,65,66,69,88,91" machi="9" ten="30,4000,0" yaku="1,1,0,1,54,1,53,0" doraHai="78" doraHaiUra="35" who="0" fromWho="0" sc="154,60,222,-10,407,-20,197,-10" /><INIT seed="3,0,0,5,0,95" ten="214,212,387,187" oya="3" hai0="6,77,124,41,15,92,39,112,131,11,98,19,86" hai1="72,111,29,110,26,13,14,121,23,91,60,22,132" hai2="70,21,40,75,45,130,80,107,125,126,17,32,8" hai3="1,2,96,94,16,59,99,57,103,66,65,73,46"/><W3/><G73/><T90/><D124/><U133/><E72/><V97/><F32/><W119/><G119/><T128/><D112/><U28/><E91/><V25/><F70/><W134/><G134/><N who="1" m="51818" /><E60/><V54/><F54/><W71/><G46/><T12/><D39/><U10/><E121/><V7/><F130/><N who="0" m="49706" /><D41/><U69/><E69/><V43/><F80/><W50/><G71/><T61/><D61/><U35/><E14/><V68/><F75/><W105/><G16/><T118/><D118/><U55/><E55/><V135/><F68/><W129/><G129/><T109/><D109/><N who="1" m="41483" /><E28/><V113/><F135/><W116/><G116/><T114/><D114/><U53/><E53/><V78/><F113/><W123/><G123/><T81/><D15/><U36/><E36/><V34/><F43/><W20/><G20/><T84/><D86/><U120/><E120/><V108/><F40/><W88/><REACH who="3" step="1"/><G50/><REACH who="3" ten="214,212,387,177" step="2"/><T18/><AGARI ba="0,1" hai="6,11,12,18,19,77,81,84,90,92,98" m="49706" machi="18" ten="30,2000,0" yaku="19,1,52,1" doraHai="95" who="0" fromWho="0" sc="214,30,212,-5,387,-5,177,-10" owari="244,4.4,207,-19.3,382,48.2,167,-33.3" /></mjloggm>