<mjloggm ver="2.3"><GO type="225" lobby="0"/><UN n0="%E6%9C%88%E5%B3%B6%E5%9F%BA" n1="%E3%82%B2%E3%82%B9%E8%8C%82%E5%8B%9D" n2="%E3%81%A4%E3%81%AE%E3%81%A0%E2%98%86%E3%81%B2%E3%82%8D" n3="%E3%81%95%E3%81%8D%E3%81%9F%E3%81%BE%E6%9E%97%E6%AA%8E" dan="18,16,16,16" rate="2222.65,2091.42,2169.66,2128.39" sx="M,F,M,M"/><TAIKYOKU oya="0"/><INIT seed="0,0,0,3,2,68" ten="250,250,250,250" oya="0" hai0="125,6,101,88,97,1,27,11,3,54,111,81,102" hai1="63,59,99,78,133,51,94,93,9,75,96,17,33" hai2="74,129,132,87,61,42,15,26,122,117,66,85,65" hai3="32,89,104,72,47,48,38,135,119,39,84,18,123"/><T56/><D125/><U100/><E133/><V118/><F74/><W35/><G119/><N who="2" m="45577" /><F122/><W14/><G72/><T19/><D111/><U20/><E33/><N who="3" m="12874" /><G104/><T34/><D3/><U134/><E134/><V21/><F132/><W103/><G103/><T13/><D34/><U41/><E78/><V58/><F129/><W28/><G28/><T114/><D114/><U126/><E75/><V52/><F15/><W91/><G91/><T22/><D1/><U107/><E9/><V86/><F42/><W109/><G109/><T113/><D113/><U4/><E4/><V120/><F120/><W46/><G46/><T23/><D23/><U29/><E29/><AGARI ba="0,0" hai="21,26,29,52,58,61,65,66,85,86,87" m="45577" machi="29" ten="30,2000,0" yaku="12,1,54,1" doraHai="68" who="2" fromWho="1" sc="250,0,250,-20,250,20,250,0" /><INIT seed="1,0,0,4,0,36" ten="250,230,270,250" oya="1" hai0="106,50,74,42,39,121,60,113,95,38,18,85,34" hai1="7,114,8,82,9,53,133,29,125,49,90,112,118" hai2="65,89,99,1,37,6,55,24,81,132,15,58,73" hai3="84,20,92,128,22,5,66,135,98,45,101,79,96"/><U46/><E118/><V64/><F1/><W25/><G128/><T87/><D106/><U71/><E71/><V52/><F37/><W116/><G116/><T126/><D74/><U4/><E133/><V57/><F132/><W108/><G108/><T56/><D34/><U2/><E125/><V111/><F111/><W33/><G33/><T16/><D113/><U63/><E63/><N who="2" m="36263" /><F73/><W94/><G135/><T123/><D126/><U78/><E90/><V43/><F43/><W19/><G66/><N who="0" m="39175" /><D39/><U127/><E29/><V31/><F24/><W14/><G5/><T40/><D38/><U62/><E62/><N who="2" m="36191" /><F31/><W102/><G45/><T91/><D50/><U83/><E127/><V129/><F129/><W130/><G130/><T32/><D32/><U134/><E134/><V100/><F100/><W47/><G47/><T117/><D117/><U105/><E105/><V104/><F104/><W86/><REACH who="3" step="1"/><G79/><REACH who="3" ten="250,230,270,240" step="2"/><T124/><D124/><U35/><E78/><V28/><F65/><W26/><G26/><T61/><D121/><U75/><E112/><V11/><F64/><W30/><AGARI ba="0,1" hai="14,19,20,22,25,30,84,86,92,94,96,98,101,102" machi="30" ten="20,12000,2" yaku="1,1,0,1,7,1,9,1,8,1,53,2" doraHai="36" doraHaiUra="93" who="3" fromWho="3" sc="250,-30,230,-60,270,-30,240,130" /><INIT seed="2,0,0,3,1,63" ten="220,170,240,370" oya="2" hai0="57,99,19,33,111,67,82,51,25,53,96,74,84" hai1="68,128,121,90,110,135,100,115,89,91,4,20,113" hai2="109,70,94,43,27,122,30,119,129,81,125,49,56" hai3="8,16,76,75,17,88,112,126,86,93,123,131,116"/><V31/><F122/><W7/><G116/><T38/><D38/><U37/><E37/><V58/><F119/><W48/><G123/><T95/><D111/><U114/><E68/><V44/><F125/><W14/><G112/><T101/><D74/><U35/><E35/><V21/><F129/><W59/><G126/><T107/><D33/><U55/><E121/><V120/><F120/><W46/><G131/><T28/><D28/><U127/><E128/><V65/><F109/><W10/><G59/><T22/><D67/><U12/><E127/><V13/><F31/><W73/><G76/><N who="0" m="46151" /><D107/><U98/><E135/><V3/><F3/><W106/><G106/><T50/><D99/><U124/><E124/><V133/><F133/><W66/><G66/><T15/><D51/><U11/><E110/><V47/><F94/><W18/><REACH who="3" step="1"/><G10/><REACH who="3" ten="220,170,240,360" step="2"/><T104/><D104/><U71/><E71/><V54/><F65/><W6/><G6/><T132/><D132/><U72/><E72/><V80/><F70/><W103/><G103/><T78/><D78/><U40/><E113/><V9/><F56/><W102/><G102/><T61/><D101/><U5/><E114/><V0/><F47/><W92/><G92/><T2/><D95/><U24/><E115/><V62/><F0/><W69/><G69/><T117/><D2/><U52/><E100/><V108/><F108/><W64/><G64/><T87/><D117/><U79/><E79/><V29/><F44/><W36/><G36/><T45/><D45/><U32/><E4/><V42/><F58/><W83/><G83/><T39/><D39/><RYUUKYOKU ba="0,1" sc="220,-10,170,-10,240,-10,360,30" hai3="7,8,14,16,17,18,46,48,73,75,86,88,93" /><INIT seed="3,1,1,3,5,34" ten="210,160,230,390" oya="3" hai0="19,80,40,61,14,115,105,65,93,132,16,74,109" hai1="0,50,119,18,35,30,38,107,128,13,62,110,102" hai2="11,96,54,28,60,127,94,46,91,116,79,112,26" hai3="122,41,76,1,47,134,39,3,48,125,117,85,106"/><W53/><G122/><T95/><D105/><U118/><E0/><V21/><F112/><W10/><G106/><T101/><D115/><U44/><E110/><V6/><F116/><W77/><G117/><T59/><D109/><U98/><E128/><V70/><F79/><W8/><G85/><T104/><D132/><U114/><E114/><V87/><F70/><W135/><G125/><T5/><D104/><U88/><E38/><V20/><F127/><W68/><G68/><T24/><D74/><U111/><E111/><V129/><F129/><W92/><G92/><N who="0" m="35403" /><D101/><U55/><E30/><V49/><F60/><W124/><G124/><T9/><D80/><U7/><E35/><V120/><F120/><W67/><G67/><T131/><D131/><U4/><E118/><V25/><F96/><W83/><G10/><T51/><D24/><N who="2" m="9322" /><F28/><W63/><G77/><T27/><D27/><U90/><E119/><V97/><F97/><W43/><G39/><T52/><D40/><U32/><E32/><V22/><F11/><W99/><G8/><T73/><D73/><U17/><E62/><V72/><F72/><W84/><G99/><T33/><D33/><U66/><E66/><V123/><F123/><W113/><G113/><T37/><D37/><U108/><E108/><V2/><F2/><N who="3" m="523" /><G63/><T75/><D75/><U58/><E18/><N who="0" m="6697" /><D61/><U45/><E7/><AGARI ba="1,1" hai="6,7,20,21,22,46,49,54,87,91,94" m="9322" machi="7" ten="30,1000,0" yaku="8,1" doraHai="34" who="2" fromWho="1" sc="210,0,160,-13,230,23,390,0" owari="210,-19.0,147,-35.3,253,5.3,390,49.0" /></mjloggm>