<mjloggm ver="2.3"><GO type="225" lobby="0"/><UN n0="%E5%8F%AF%E5%85%90%E9%82%A3%E7%94%B1%E5%A4%9A" n1="%E3%81%AF%E3%82%88%E3%81%8A%E3%81%98%E3%81%95%E3%82%93" n2="%E6%97%A5%E6%9B%9C%E6%97%A5%E3%82%88%E3%82%8A%E3%81%AE%E4%BD%BF%E8%80%85" n3="%E5%91%A8%E6%9D%B1" dan="16,17,17,16" rate="2085.70,2157.65,2179.16,2160.36" sx="F,M,M,M"/><TAIKYOKU oya="0"/><INIT seed="0,0,0,2,1,6" ten="250,250,250,250" oya="0" hai0="12,128,2,85,17,133,105,78,65,123,8,53,46" hai1="92,43,100,57,9,73,7,16,112,54,30,33,135" hai2="44,83,25,90,28,108,61,111,26,107,62,50,121" hai3="15,88,116,40,99,21,55,63,32,87,42,31,84"/><T29/><D123/><U67/><E73/><V11/><F107/><W80/><G116/><T20/><D105/><U22/><E135/><V81/><F121/><W3/><G3/><T77/><D133/><U104/><E104/><V113/><F113/><W1/><G1/><T101/><D128/><U5/><E33/><V75/><F75/><W93/><G32/><T27/><D101/><U82/><E112/><V64/><F90/><W110/><G110/><N who="2" m="42025" /><F11/><W56/><G87/><T45/><D65/><U39/><E39/><V47/><F47/><W70/><G70/><T122/><D122/><U96/><E43/><N who="2" m="24863" /><F62/><W126/><G126/><T18/><D2/><U94/><E82/><N who="2" m="31243" /><F28/><W71/><G71/><AGARI ba="0,0" hai="25,26,61,64,71" m="31243,24863,42025" machi="71" ten="30,1000,0" yaku="14,1" doraHai="6" who="2" fromWho="3" sc="250,0,250,0,250,10,250,-10" /><INIT seed="1,0,0,4,1,72" ten="250,250,260,240" oya="1" hai0="20,117,95,63,37,90,135,113,71,28,93,32,55" hai1="103,49,48,61,36,111,46,40,109,60,56,25,42" hai2="19,82,92,102,124,24,12,88,21,77,74,112,121" hai3="69,129,5,78,133,105,51,101,70,9,38,81,30"/><U94/><E25/><V47/><F121/><W3/><G51/><T91/><D113/><U106/><E106/><V100/><F112/><W7/><G129/><T134/><D117/><U122/><E103/><V120/><F120/><W64/><G133/><N who="0" m="50699" /><D32/><U79/><E122/><V16/><F47/><W34/><G5/><T98/><D37/><U85/><E94/><V27/><F124/><W65/><G65/><N who="0" m="41407" /><D55/><U110/><E42/><V84/><F27/><N who="3" m="18783" /><G64/><T33/><D33/><U76/><E85/><V96/><F74/><N who="3" m="43223" /><G38/><T115/><D115/><U39/><E39/><V130/><F130/><W89/><G89/><N who="0" m="33803" /><D98/><AGARI ba="0,0" hai="3,7,9,69,70,98,101,105" m="43223,18783" machi="98" ten="30,3900,0" yaku="33,2,52,1" doraHai="72" who="3" fromWho="0" sc="250,-39,250,0,260,0,240,39" /><INIT seed="2,0,0,0,1,41" ten="211,250,260,279" oya="2" hai0="65,73,11,59,14,120,86,15,32,49,19,43,108" hai1="26,123,4,134,21,10,80,63,87,71,94,45,116" hai2="48,97,61,2,57,126,105,118,81,51,53,44,37" hai3="28,95,125,25,69,104,68,54,110,29,91,36,64"/><V92/><F2/><W109/><G104/><T30/><D120/><U35/><E116/><V40/><F118/><W103/><G103/><T27/><D73/><U74/><E123/><V22/><F105/><W52/><G125/><T128/><D108/><N who="3" m="41577" /><G36/><T34/><D128/><U99/><E134/><V133/><F126/><W66/><G29/><T90/><D34/><U111/><E111/><V85/><F133/><W135/><G135/><T79/><D79/><U75/><E35/><V117/><F117/><W6/><G6/><T13/><D65/><N who="3" m="25193" /><G68/><T121/><D121/><U106/><E63/><V76/><REACH who="2" step="1"/><F22/><REACH who="2" ten="211,250,250,279" step="2"/><N who="3" m="15415" /><G69/><T82/><REACH who="0" step="1"/><D59/><REACH who="0" ten="201,250,250,279" step="2"/><U38/><E71/><V115/><F115/><W131/><G131/><T50/><D50/><U62/><E38/><V98/><F98/><AGARI ba="0,2" hai="52,54,91,95,98" m="15415,25193,41577" machi="98" ten="30,2000,0" yaku="14,1,54,1" doraHai="41" who="3" fromWho="2" sc="201,0,250,0,250,-20,279,40" /><INIT seed="3,0,0,0,0,76" ten="201,250,230,319" oya="3" hai0="50,59,47,25,72,105,65,21,66,12,117,97,100" hai1="8,114,46,42,106,43,94,104,129,41,2,123,118" hai2="71,124,126,107,55,38,48,5,103,30,14,112,7" hai3="122,92,64,77,26,36,83,86,73,96,20,33,52"/><W125/><G122/><T89/><D117/><U130/><E123/><V99/><F112/><W134/><G134/><T23/><D72/><U135/><E114/><V45/><F71/><W62/><G125/><N who="2" m="48233" /><F30/><W102/><G36/><T119/><D119/><U75/><E118/><V88/><F38/><W16/><G33/><T121/><D121/><U27/><E75/><V17/><F88/><W111/><G111/><T98/><D59/><U1/><E135/><V84/><F84/><W6/><G6/><T133/><D133/><U93/><E27/><V120/><F120/><W11/><G11/><AGARI ba="0,0" hai="5,7,11,14,17,45,48,55,99,103,107" m="48233" machi="11" ten="30,1000,0" yaku="18,1" doraHai="76" who="2" fromWho="3" sc="201,0,250,0,230,10,319,-10" owari="201,-29.9,250,5.0,240,-16.0,309,40.9" /></mjloggm>