<mjloggm ver="2.3"><GO type="225" lobby="0"/><UN n0="%E5%B0%8F%E9%B3%A5%E9%81%8A%E7%B7%B4%E7%84%A1%32%31%E6%AD%B3" n1="%E6%B4%BE%E9%81%A3%E3%81%AE%E3%82%B8%E3%83%A3%E3%83%83%E3%82%AF" n2="%E3%83%96%E3%83%83%E3%83%91%E3%82%AA%E3%83%96%E3%83%81%E3%82%AD%E3%83%B3" n3="%E7%99%BD%E5%80%89%E5%AF%9B%E4%B9%8B" dan="17,17,16,16" rate="2140.27,2154.62,2154.72,2145.64" sx="F,M,M,M"/><TAIKYOKU oya="0"/><INIT seed="0,0,0,5,4,6" ten="250,250,250,250" oya="0" hai0="121,46,56,7,120,94,4,51,79,21,31,52,76" hai1="82,33,92,59,1,86,57,127,41,83,122,50,101" hai2="123,10,99,23,39,62,95,118,29,18,26,109,102" hai3="19,48,110,53,37,103,116,3,8,16,14,44,61"/><T74/><D94/><U125/><E33/><V135/><F123/><W128/><G116/><T98/><D98/><N who="1" m="59591" /><E122/><V45/><F118/><W111/><G128/><T124/><D124/><N who="1" m="47691" /><E1/><V20/><F109/><N who="3" m="41483" /><G3/><T9/><D4/><U65/><E65/><V72/><F72/><W87/><G103/><T73/><D121/><U32/><E32/><V126/><F126/><W24/><G37/><T43/><D120/><U28/><E28/><V27/><F135/><W67/><G87/><T17/><D31/><U34/><E34/><V133/><F133/><W81/><G81/><N who="1" m="30730" /><E86/><V132/><F132/><W77/><G77/><T100/><D73/><U105/><E105/><V88/><F102/><W49/><G49/><N who="0" m="26847" /><D100/><U115/><E115/><V22/><F62/><W5/><G24/><N who="0" m="14383" /><D74/><U38/><E38/><V78/><F78/><W80/><G80/><T40/><D40/><U25/><E25/><V129/><F27/><W89/><G89/><T64/><D64/><U117/><E117/><V11/><F39/><W68/><AGARI ba="0,0" hai="5,8,14,16,19,44,48,53,61,67,68" m="41483" machi="68" ten="30,4000,0" yaku="14,1,52,1,54,1" doraHai="6" who="3" fromWho="3" sc="250,-20,250,-10,250,-10,250,40" /><INIT seed="1,0,0,4,2,93" ten="230,240,240,290" oya="1" hai0="118,6,73,41,100,39,85,28,86,2,78,111,95" hai1="119,112,80,38,65,122,132,135,133,89,128,69,0" hai2="121,101,11,63,58,60,32,59,114,31,74,68,84" hai3="7,82,72,9,127,102,43,45,120,52,116,98,57"/><U17/><E0/><V104/><F121/><W91/><G120/><T22/><D118/><U40/><E122/><V36/><F74/><W21/><G116/><T1/><D111/><U126/><E119/><V123/><F123/><W51/><G127/><T99/><D1/><U46/><E112/><V47/><F114/><W53/><G21/><T33/><D33/><U8/><E126/><V5/><F84/><W87/><G72/><T106/><D22/><U109/><E128/><V29/><F68/><W81/><G81/><N who="0" m="45263" /><D28/><U79/><E89/><V19/><F19/><W110/><G110/><T107/><D41/><U55/><E109/><V97/><F32/><W76/><G91/><N who="0" m="53743" /><D39/><U12/><E55/><V113/><F36/><W56/><G56/><T10/><D10/><U105/><E105/><N who="0" m="39945" /><D6/><U37/><E37/><V88/><F47/><W83/><G83/><T71/><D2/><U103/><E65/><V96/><F59/><W3/><G57/><T16/><D16/><U15/><E15/><V115/><F58/><W35/><G35/><T70/><D86/><N who="1" m="48415" /><E69/><V94/><F113/><W62/><G62/><T67/><D67/><U92/><E132/><V61/><REACH who="2" step="1"/><F115/><REACH who="2" ten="230,240,230,290" step="2"/><W129/><G129/><T48/><D70/><U20/><E38/><V75/><F75/><W131/><G131/><T49/><D71/><U50/><E20/><V18/><F18/><W25/><G25/><T26/><D26/><U77/><E46/><V4/><F4/><W134/><G134/><T27/><D27/><U23/><E23/><V108/><F108/><W130/><G130/><T54/><D54/><RYUUKYOKU ba="0,1" sc="230,10,240,-30,230,10,290,10" hai0="48,49,99,100" hai2="5,11,29,31,60,61,63,88,94,96,97,101,104" hai3="3,7,9,43,45,51,52,53,76,82,87,98,102" /><INIT seed="2,1,1,4,0,83" ten="240,210,240,300" oya="2" hai0="42,23,113,65,33,26,57,98,7,19,71,124,43" hai1="60,82,101,41,114,53,100,21,108,127,111,61,130" hai2="31,4,89,28,115,14,109,50,20,125,55,87,134" hai3="8,35,78,77,9,69,92,30,70,93,85,24,64"/><V59/><F115/><W96/><G93/><T106/><D113/><U58/><E114/><V36/><F125/><W67/><G70/><T10/><D124/><U132/><E127/><V104/><F134/><W81/><G78/><T54/><D33/><U38/><E132/><V49/><F36/><W110/><G110/><N who="1" m="42026" /><E130/><V45/><F109/><W52/><G52/><T74/><D65/><U116/><E116/><V121/><F104/><W80/><G80/><T15/><D74/><U120/><E120/><V37/><F37/><W103/><REACH who="3" step="1"/><G67/><REACH who="3" ten="240,210,240,290" step="2"/><T2/><D71/><U17/><E82/><N who="2" m="49399" /><F121/><W29/><G29/><T88/><D106/><U122/><E122/><V11/><F20/><W62/><AGARI ba="1,2" hai="8,9,24,30,35,62,64,69,77,81,85,92,96,103" machi="62" ten="30,4000,0" yaku="1,1,0,1,52,1,53,0" doraHai="83" doraHaiUra="126" who="3" fromWho="3" sc="240,-11,210,-11,240,-21,290,63" /><INIT seed="3,0,0,3,2,63" ten="229,199,219,353" oya="3" hai0="94,41,42,71,46,109,1,21,17,127,70,57,81" hai1="113,100,54,110,118,114,87,16,126,117,119,85,101" hai2="51,107,48,32,37,89,64,132,60,9,26,74,28" hai3="83,33,8,65,73,95,34,14,76,49,115,112,5"/><W75/><G75/><T43/><D1/><U96/><E110/><V91/><F37/><W130/><G130/><T19/><D109/><U122/><E122/><V36/><F36/><W18/><G34/><T82/><D46/><U13/><E54/><V97/><F74/><W78/><G78/><T99/><D57/><U66/><E66/><V52/><F132/><W86/><G33/><T56/><D56/><U2/><E2/><V128/><F128/><W72/><G72/><T23/><D127/><U80/><E126/><V22/><F9/><W92/><G65/><T7/><D7/><U79/><E87/><V30/><F30/><W59/><G59/><T103/><D71/><U102/><E96/><V135/><F22/><AGARI ba="0,0" hai="13,16,22,79,80,85,100,101,102,113,114,117,118,119" machi="22" ten="50,3200,0" yaku="12,1,54,1" doraHai="63" who="1" fromWho="2" sc="229,0,199,32,219,-32,353,0" owari="229,-17.1,231,3.1,187,-31.3,353,45.3" /></mjloggm>