<mjloggm ver="2.3"><GO type="225" lobby="0"/><UN n0="%E7%99%BD%E5%80%89%E5%AF%9B%E4%B9%8B" n1="%E3%81%AD%E3%82%80%E3%81%84%40%E9%9B%80%E9%B3%B4%E4%BC%9A" n2="%E5%B8%86%E7%AB%8B%E5%A4%8F%E8%A1%A3" n3="%E3%81%95%E3%81%8D%E3%81%9F%E3%81%BE%E6%9E%97%E6%AA%8E" dan="16,16,17,16" rate="2154.97,2160.47,2277.03,2141.62" sx="M,F,M,M"/><TAIKYOKU oya="0"/><INIT seed="0,0,0,5,1,7" ten="250,250,250,250" oya="0" hai0="70,100,44,125,66,86,18,78,6,36,1,98,41" hai1="9,74,127,87,122,33,110,99,76,46,114,35,102" hai2="59,8,135,28,23,75,105,57,128,115,118,15,61" hai3="101,51,14,43,69,124,11,65,79,38,121,49,112"/><T81/><D125/><U90/><E122/><V55/><F115/><W62/><G112/><T117/><D117/><U77/><E114/><V72/><F118/><W111/><G124/><T116/><D116/><U3/><E127/><V48/><F105/><W130/><G121/><T42/><D42/><U92/><E110/><V120/><F120/><W56/><G111/><T91/><D18/><U30/><E46/><V54/><F128/><W73/><G101/><T131/><D131/><U20/><E20/><V134/><F23/><W94/><G130/><T95/><D66/><U96/><E96/><V103/><F28/><W24/><G24/><T97/><D70/><U64/><E64/><V84/><F84/><W10/><G14/><T108/><D108/><U60/><E60/><V113/><F103/><W52/><G51/><T123/><D123/><U106/><E30/><V85/><F85/><W13/><G13/><T25/><D25/><U93/><E93/><V0/><F0/><W126/><G94/><T22/><D22/><U32/><REACH who="1" step="1"/><E74/><REACH who="1" ten="250,240,250,250" step="2"/><V17/><REACH who="2" step="1"/><F113/><REACH who="2" ten="250,240,240,250" step="2"/><W58/><G126/><T21/><D21/><U71/><E71/><V40/><F40/><W83/><G58/><T12/><D100/><U31/><E31/><V50/><F50/><W2/><G2/><T53/><D1/><U68/><E68/><V67/><F67/><W5/><G69/><T82/><D41/><U39/><E39/><V47/><F47/><W129/><G38/><T107/><D36/><U34/><N who="1" m="8192" /><DORA hai="104" /><U109/><E109/><V63/><F63/><W88/><G62/><T16/><D44/><RYUUKYOKU ba="0,2" sc="250,-15,240,15,240,15,250,-15" hai1="3,9,76,77,87,90,92,99,102,106" hai2="8,15,17,48,54,55,57,59,61,72,75,134,135" /><INIT seed="1,1,2,1,2,23" ten="235,255,255,235" oya="1" hai0="88,30,24,3,105,67,97,65,101,9,132,42,62" hai1="125,129,12,56,32,130,36,28,80,27,59,114,134" hai2="72,83,110,49,86,87,100,69,19,55,78,115,127" hai3="119,99,128,31,79,41,47,90,14,6,35,46,20"/><U106/><E114/><V53/><F110/><W5/><G35/><T81/><D132/><U82/><E134/><V22/><F127/><W123/><G123/><T112/><D112/><U48/><E36/><V39/><F69/><W84/><G128/><N who="1" m="49258" /><E106/><V2/><F2/><W11/><G119/><T89/><D42/><U15/><E125/><V70/><F70/><W50/><G47/><T120/><D120/><U25/><E25/><V98/><F39/><W107/><G107/><T21/><D81/><N who="1" m="31339" /><E48/><V51/><F51/><W66/><G79/><T76/><D76/><U44/><E44/><V109/><F109/><W37/><G37/><T34/><D21/><U117/><E117/><V63/><F115/><W1/><G1/><T45/><D45/><U116/><E116/><V96/><F49/><W57/><G20/><T61/><D61/><U54/><E54/><V33/><F33/><W29/><G66/><T10/><D67/><U26/><E26/><V131/><F131/><W68/><G68/><N who="0" m="42039" /><D9/><U103/><E103/><V8/><F8/><N who="3" m="4367" /><G57/><AGARI ba="1,2" hai="12,15,27,28,32,56,57,59" m="31339,49258" machi="57" ten="30,2900,0" yaku="19,1,52,1" doraHai="23" who="1" fromWho="3" sc="235,0,255,52,255,0,235,-32" /><INIT seed="1,2,0,3,2,27" ten="235,307,255,203" oya="1" hai0="121,110,112,56,31,15,39,50,68,0,4,135,53" hai1="124,36,86,54,127,76,120,23,99,46,10,94,125" hai2="29,78,67,119,114,52,130,96,65,69,134,48,105" hai3="106,63,71,8,97,84,85,129,95,75,109,108,61"/><U30/><E120/><V25/><F119/><W44/><G75/><T20/><D68/><U98/><E10/><V26/><F26/><W49/><G106/><T9/><D39/><U43/><E54/><V24/><F24/><W91/><G129/><T79/><D121/><U58/><E58/><V35/><F130/><W5/><G71/><T40/><D40/><U101/><E99/><V66/><F78/><W62/><G108/><T7/><D110/><U13/><E13/><V107/><F114/><W33/><G33/><T93/><D112/><U81/><E23/><V87/><F87/><W128/><G128/><T111/><D111/><U42/><E42/><V131/><F134/><W38/><G38/><T21/><D135/><U133/><E133/><V90/><F90/><W123/><G123/><T100/><D79/><U118/><REACH who="1" step="1"/><E30/><REACH who="1" ten="235,297,255,203" step="2"/><V17/><F131/><W72/><G109/><T82/><D31/><U73/><E73/><V3/><F69/><W55/><REACH who="3" step="1"/><G72/><REACH who="3" ten="235,297,255,193" step="2"/><T47/><D0/><AGARI ba="2,2" hai="0,5,8,44,49,55,61,62,63,84,85,91,95,97" machi="0" ten="40,2600,0" yaku="1,1,2,1,53,0" doraHai="27" doraHaiUra="113" who="3" fromWho="0" sc="235,-32,297,0,255,0,193,52" /><INIT seed="2,0,0,1,3,28" ten="203,297,255,245" oya="2" hai0="4,86,95,81,9,123,102,6,69,49,90,94,119" hai1="75,56,36,8,3,98,62,99,112,114,63,11,103" hai2="1,116,50,111,25,73,83,27,5,40,100,41,58" hai3="68,44,88,101,80,48,134,24,34,43,7,16,79"/><V18/><F116/><W74/><G68/><T89/><D69/><U132/><E75/><V108/><F100/><W15/><G101/><T109/><D119/><U52/><E36/><V66/><F5/><W57/><G7/><T110/><D123/><U104/><E132/><V130/><F1/><W120/><G120/><T129/><D129/><U30/><E30/><V117/><F117/><W118/><G118/><T45/><D102/><U20/><E20/><V55/><F130/><W29/><G134/><T65/><D65/><U115/><E3/><V106/><F66/><W31/><G31/><T133/><D133/><U126/><E99/><V0/><F0/><W97/><G57/><T93/><D89/><U2/><E2/><V84/><F73/><W70/><G70/><T77/><D90/><U38/><E38/><V37/><F106/><W21/><REACH who="3" step="1"/><G88/><REACH who="3" ten="203,297,255,235" step="2"/><T60/><D60/><U46/><E63/><V105/><F105/><W13/><G13/><N who="0" m="5287" /><D6/><U124/><REACH who="1" step="1"/><E46/><REACH who="1" ten="203,287,255,235" step="2"/><V128/><F128/><W42/><G42/><AGARI ba="0,2" hai="42,45,49,77,81,86,93,94,95,109,110" m="5287" machi="42" ten="30,1000,0" yaku="25,1" doraHai="28" who="0" fromWho="3" sc="203,30,287,0,255,0,235,-10" /><INIT seed="3,0,0,4,3,101" ten="233,287,255,225" oya="3" hai0="27,109,87,20,93,122,82,81,64,16,8,83,104" hai1="86,66,118,45,78,128,50,92,96,23,22,15,125" hai2="74,33,107,32,130,52,9,44,113,14,10,99,59" hai3="84,134,106,75,28,121,90,54,36,68,131,58,61"/><W13/><G121/><T127/><D122/><U34/><E34/><V19/><F113/><W124/><G75/><T102/><D109/><U60/><E125/><V43/><F74/><W26/><G36/><T135/><D127/><U119/><E128/><V88/><F130/><W2/><G124/><T18/><D135/><U24/><E15/><V133/><F133/><W77/><G131/><T40/><D64/><U76/><E22/><V5/><F44/><W21/><G134/><T35/><D35/><U105/><E105/><V123/><F43/><W4/><G2/><T37/><D104/><U39/><E39/><V67/><F67/><W56/><G106/><T7/><D40/><U12/><E12/><V57/><F57/><N who="3" m="34999" /><G77/><T49/><D49/><U62/><E62/><V132/><F123/><W11/><G68/><T25/><D37/><U97/><E86/><V79/><F79/><N who="1" m="30249" /><E92/><AGARI ba="0,0" hai="4,11,13,21,26,28,56,58,84,90,92" m="34999" machi="92" ten="30,1500,0" yaku="8,1" doraHai="101" who="3" fromWho="1" sc="233,0,287,-15,255,0,225,15" /><INIT seed="3,1,0,2,0,6" ten="233,272,255,240" oya="3" hai0="129,132,61,13,60,128,7,117,14,16,15,126,51" hai1="45,75,31,113,48,87,5,70,125,99,131,1,88" hai2="123,90,55,35,133,36,50,84,54,81,106,96,43" hai3="10,130,102,19,110,105,0,82,112,64,127,8,134"/><W21/><G64/><T39/><D39/><U42/><E113/><V92/><F133/><W11/><G112/><T46/><D117/><U23/><E75/><V26/><F123/><W91/><G0/><T53/><D132/><U114/><E114/><V111/><F111/><W89/><G134/><T83/><D126/><U104/><E70/><V68/><F106/><W56/><G127/><T118/><D118/><U107/><E125/><V76/><F68/><W18/><G105/><T34/><D34/><U20/><E131/><N who="0" m="50249" /><D83/><U78/><E78/><V3/><F3/><W41/><G130/><T93/><D93/><U72/><E72/><V29/><F36/><W52/><G41/><T27/><D7/><U121/><E121/><V71/><F71/><W63/><G110/><T98/><D98/><U49/><E99/><V57/><F43/><W122/><G122/><T9/><D27/><U86/><E5/><V69/><F69/><W79/><G102/><T58/><D61/><U44/><E1/><V77/><REACH who="2" step="1"/><F55/><AGARI ba="1,0" hai="9,13,14,15,16,46,51,53,55,58,60" m="50249" machi="55" ten="30,3900,0" yaku="19,1,52,1,54,1" doraHai="6" who="0" fromWho="2" sc="233,42,272,0,255,-42,240,0" /><INIT seed="4,0,0,3,3,7" ten="275,272,213,240" oya="0" hai0="122,95,80,49,41,134,103,5,31,111,12,45,90" hai1="38,35,27,64,77,116,81,117,30,28,18,52,114" hai2="133,42,3,47,44,97,2,10,104,8,120,118,127" hai3="56,21,63,36,106,72,99,101,68,126,46,82,59"/><T70/><D70/><U105/><E38/><V15/><F120/><W26/><G126/><T85/><D122/><U135/><E105/><V109/><F109/><W113/><G113/><T22/><D111/><U54/><E64/><V67/><F67/><W43/><G68/><T29/><D134/><U94/><E114/><V84/><F133/><W60/><G60/><T73/><D73/><U86/><E135/><V107/><F118/><W121/><G121/><T79/><D103/><U53/><E30/><N who="0" m="11273" /><D22/><U32/><E32/><V0/><F127/><W88/><G72/><T40/><D40/><U92/><REACH who="1" step="1"/><E18/><REACH who="1" ten="275,262,213,240" step="2"/><V128/><F128/><W9/><G36/><T65/><D65/><U130/><E130/><V34/><F34/><W91/><G106/><T13/><D5/><U11/><E11/><V16/><F10/><W87/><G9/><T129/><D129/><U98/><E98/><V57/><F97/><W50/><G99/><N who="0" m="57847" /><D12/><U115/><E115/><V108/><F108/><W23/><G26/><T19/><D13/><U62/><E62/><V89/><F107/><W66/><G66/><T61/><D61/><U1/><E1/><V93/><F104/><W20/><G63/><T33/><D33/><U96/><E96/><V14/><F14/><W119/><G119/><AGARI ba="0,1" hai="27,28,35,52,53,54,77,81,86,92,94,116,117,119" machi="119" ten="40,2600,0" yaku="1,1,54,1,53,0" doraHai="7" doraHaiUra="58" who="1" fromWho="3" sc="275,0,262,36,213,0,240,-26" /><INIT seed="5,0,0,3,5,30" ten="275,298,213,214" oya="1" hai0="50,115,58,119,12,47,45,81,40,135,64,112,13" hai1="93,59,92,97,37,88,27,26,90,66,42,116,44" hai2="100,49,126,31,79,96,121,77,32,117,24,75,34" hai3="23,53,5,57,124,36,2,95,125,1,85,55,62"/><U46/><E116/><V60/><F117/><W78/><G36/><T35/><D119/><U131/><E131/><V65/><F121/><W25/><G78/><N who="2" m="29705" /><F75/><W20/><G20/><T21/><D135/><U120/><E120/><V91/><F91/><N who="3" m="53743" /><G55/><T15/><D81/><U99/><E46/><V102/><F102/><W109/><G5/><T101/><D101/><U22/><E22/><N who="2" m="15767" /><F49/><W76/><G76/><T51/><D21/><U94/><E93/><N who="2" m="58383" /><F126/><N who="3" m="48747" /><G109/><T56/><D64/><U118/><E118/><V16/><F16/><AGARI ba="0,0" hai="1,2,16,23,25,53,57,62" m="48747,53743" machi="16" ten="30,2000,0" yaku="18,1,54,1" doraHai="30" who="3" fromWho="2" sc="275,0,298,0,213,-20,214,20" /><INIT seed="6,0,0,0,0,25" ten="275,298,193,234" oya="2" hai0="108,62,98,106,49,88,135,111,58,40,95,102,45" hai1="90,39,66,94,122,133,124,120,38,123,75,1,48" hai2="78,107,116,126,73,59,5,44,96,128,132,35,11" hai3="4,33,65,56,129,93,8,131,127,10,47,54,63"/><V19/><F116/><W21/><G33/><T31/><D31/><U70/><E124/><V74/><F126/><W43/><G127/><T60/><D135/><U69/><E133/><V99/><F132/><W101/><G54/><T121/><D121/><U119/><E119/><V24/><F128/><N who="3" m="49227" /><G21/><T91/><D62/><N who="1" m="40151" /><E75/><V52/><F44/><W125/><G125/><T14/><D14/><U89/><E70/><V130/><F130/><W2/><G2/><T41/><D41/><U112/><E112/><V53/><F53/><W32/><G32/><T34/><D34/><U64/><E64/><V81/><F74/><W71/><G71/><T100/><D91/><N who="1" m="34827" /><E94/><V18/><F107/><W67/><G67/><T68/><D68/><U12/><E1/><V57/><F57/><W0/><G0/><T36/><D36/><N who="1" m="13867" /><E12/><V83/><F83/><W109/><G109/><T23/><D23/><U37/><N who="1" m="13875" /><U117/><DORA hai="113" /><E117/><V26/><F5/><W3/><G3/><T104/><D104/><U22/><E22/><N who="2" m="13399" /><F11/><N who="3" m="4139" /><G4/><T28/><D106/><U42/><E42/><V105/><F105/><W29/><G43/><T134/><D134/><U9/><E9/><V84/><F73/><W16/><G47/><T82/><D111/><U27/><E27/><V76/><F76/><W79/><G79/><T118/><D108/><U87/><E48/><N who="2" m="31111" /><F35/><W61/><G61/><T115/><D118/><U51/><E51/><V50/><F50/><W114/><G114/><T15/><D115/><U77/><E77/><V30/><F30/><W103/><G29/><T85/><D28/><U80/><E80/><RYUUKYOKU ba="0,0" sc="275,-15,298,15,193,15,234,-15" hai1="87,120,122,123" hai2="19,26,78,81,84,96,99" /><INIT seed="6,1,0,1,2,77" ten="260,313,208,219" oya="2" hai0="48,26,99,15,55,118,75,101,116,58,73,52,135" hai1="9,31,111,71,113,53,105,56,70,106,126,1,83" hai2="5,11,46,43,36,79,12,23,16,98,4,30,29" hai3="112,69,54,94,88,78,134,27,100,68,108,114,21"/><V66/><F79/><W44/><G108/><T42/><D135/><U47/><E111/><V120/><F120/><W45/><G134/><T14/><D42/><U39/><E31/><V95/><F66/><W90/><G100/><T59/><D26/><U35/><E35/><V110/><F110/><W63/><G78/><T67/><D67/><U127/><E113/><N who="3" m="43626" /><G54/><N who="0" m="20523" /><D48/><N who="1" m="30759" /><E83/><V40/><F40/><W87/><G90/><T125/><D125/><N who="1" m="47627" /><E47/><N who="3" m="17994" /><G63/><T33/><D33/><U102/><E39/><V17/><F17/><AGARI ba="1,0" hai="17,21,27,68,69,87,88,94" m="17994,43626" machi="17" ten="30,3900,0" yaku="15,1,11,1,54,1" doraHai="77" who="3" fromWho="2" sc="260,0,313,0,208,-42,219,42" owari="260,-14.0,313,41.3,166,-33.4,261,6.1" /></mjloggm>