<mjloggm ver="2.3"><GO type="225" lobby="0"/><UN n0="%E5%87%8C%2D" n1="%E5%82%8D%E8%8B%A5%E7%84%A1%E4%BA%BA%35%31" n2="%E3%82%8F%E3%81%8B%E3%81%B0%2A%E3%82%AC%E3%83%BC%E3%83%AB" n3="%E5%B6%BA%E4%B8%8A%E5%92%B2" dan="16,16,16,16" rate="2064.93,2158.46,2140.89,2160.15" sx="M,M,M,F"/><TAIKYOKU oya="0"/><INIT seed="0,0,0,2,2,52" ten="250,250,250,250" oya="0" hai0="87,45,53,119,70,3,23,110,94,38,75,125,28" hai1="35,65,108,97,83,11,135,10,51,33,104,102,17" hai2="72,64,26,5,49,92,7,44,60,126,61,0,37" hai3="39,71,118,48,43,100,19,127,74,89,115,98,101"/><T56/><D119/><U59/><E108/><V8/><F126/><W62/><G115/><T90/><D3/><U79/><E135/><V57/><F72/><W130/><G74/><T81/><D125/><U4/><E17/><V29/><F7/><W85/><G118/><T58/><D70/><U1/><E11/><V122/><F122/><W99/><G39/><T68/><D68/><U41/><E41/><V103/><F37/><W66/><G130/><T42/><D110/><U106/><E104/><V21/><F61/><W107/><G127/><T55/><D55/><U120/><E120/><V63/><F60/><W80/><G19/><T78/><REACH who="0" step="1"/><D53/><REACH who="0" ten="240,250,250,250" step="2"/><U128/><E128/><V67/><F67/><W93/><G43/><T133/><D133/><U132/><E132/><V123/><F123/><W22/><REACH who="3" step="1"/><G48/><REACH who="3" ten="240,250,250,240" step="2"/><T18/><D18/><U91/><E51/><V121/><F121/><W14/><G14/><T30/><D30/><U36/><E36/><V96/><F49/><W2/><G2/><T129/><D129/><U109/><E109/><V124/><F124/><W131/><G131/><T12/><D12/><U13/><E1/><V54/><F54/><W117/><G117/><T69/><D69/><U50/><E50/><V34/><REACH who="2" step="1"/><F44/><REACH who="2" ten="240,250,240,240" step="2"/><W114/><G114/><T82/><D82/><U15/><E83/><V76/><F76/><W134/><G134/><T95/><D95/><U31/><E79/><V40/><F40/><W116/><G116/><T20/><D20/><AGARI ba="0,3" hai="0,5,8,20,21,26,29,34,57,63,64,92,96,103" machi="20" ten="40,2600,0" yaku="1,1,52,1,53,0" doraHai="52" doraHaiUra="84" who="2" fromWho="0" sc="240,-26,250,0,240,56,240,0" /><AGARI ba="0,0" hai="20,22,62,66,71,80,85,89,93,98,99,100,101,107" machi="20" ten="40,2600,0" yaku="1,1,53,1" doraHai="52" doraHaiUra="84" who="3" fromWho="0" sc="214,-26,250,0,296,0,240,26" /><INIT seed="1,0,0,5,4,100" ten="188,250,296,266" oya="1" hai0="42,122,63,56,53,99,17,52,78,121,25,23,61" hai1="108,62,93,22,40,20,126,97,113,38,119,12,107" hai2="43,71,90,94,118,44,105,98,117,116,49,127,67" hai3="72,32,124,19,91,2,21,112,58,115,85,4,87"/><U76/><E113/><V133/><F105/><W35/><G72/><T66/><D78/><U51/><E119/><V36/><F127/><W46/><G124/><T50/><D42/><U81/><E126/><V131/><F131/><W18/><G46/><T45/><REACH who="0" step="1"/><D99/><REACH who="0" ten="178,250,296,266" step="2"/><U96/><E96/><V64/><F133/><W8/><G112/><T101/><D101/><U132/><E132/><V41/><F71/><AGARI ba="0,1" hai="17,23,25,45,50,52,53,56,61,63,66,71,121,122" machi="71" ten="40,2600,0" yaku="1,1,54,1,53,0" doraHai="100" doraHaiUra="102" who="0" fromWho="2" sc="178,36,250,0,296,-26,266,0" /><INIT seed="2,0,0,2,1,109" ten="214,250,270,266" oya="2" hai0="82,18,114,86,85,105,13,130,2,112,98,32,5" hai1="54,79,75,68,33,28,134,132,99,22,91,108,31" hai2="61,94,81,55,41,95,40,125,42,119,74,123,90" hai3="34,120,97,0,104,45,100,110,16,78,47,53,3"/><V77/><F119/><W92/><G120/><T8/><D32/><U65/><E108/><V11/><F123/><W121/><G121/><T106/><D130/><U43/><E43/><V83/><F125/><W30/><G110/><T111/><D111/><U50/><E33/><V102/><F83/><W96/><G78/><T48/><D48/><U10/><E10/><V64/><F55/><W62/><G0/><T93/><D86/><U103/><E91/><V19/><F102/><W87/><G3/><T107/><D93/><U117/><E75/><V131/><F131/><W27/><G87/><T84/><D98/><U56/><E79/><V126/><F90/><W67/><G53/><T38/><D38/><U26/><E117/><V4/><F19/><W69/><REACH who="3" step="1"/><G16/><REACH who="3" ten="214,250,270,256" step="2"/><T14/><D85/><U1/><E1/><V7/><F126/><W101/><AGARI ba="0,1" hai="27,30,34,45,47,62,67,69,92,96,97,100,101,104" machi="101" ten="20,12000,2" yaku="1,1,2,1,0,1,7,1,25,2,53,0" doraHai="109" doraHaiUra="124" who="3" fromWho="3" sc="214,-30,250,-30,270,-60,256,130" /><INIT seed="3,0,0,1,1,43" ten="184,220,210,386" oya="3" hai0="44,97,35,92,56,48,41,124,52,16,59,6,64" hai1="26,71,86,103,20,93,66,25,34,28,96,114,9" hai2="134,65,3,84,116,119,109,76,100,46,38,4,80" hai3="127,132,12,85,23,133,40,37,13,79,60,8,75"/><W7/><G127/><T27/><D124/><U90/><E114/><V125/><F125/><W94/><G75/><T99/><D35/><U91/><E9/><N who="2" m="2207" /><F100/><W67/><G40/><T45/><D6/><U102/><E71/><V32/><F32/><W126/><G37/><T98/><D92/><U68/><E68/><V19/><F19/><W129/><G129/><T47/><D64/><U33/><E66/><V2/><F2/><W31/><G126/><T36/><REACH who="0" step="1"/><D59/><REACH who="0" ten="174,220,210,386" step="2"/><U11/><E33/><V87/><F65/><W105/><G94/><T50/><D50/><U63/><E63/><V69/><F69/><W104/><G60/><T77/><D77/><U131/><E131/><V107/><F107/><W21/><G67/><T117/><D117/><U118/><E118/><V106/><F106/><W42/><G104/><T18/><D18/><U88/><E34/><V121/><F121/><W115/><G105/><T49/><D49/><U10/><E93/><V1/><F1/><W17/><G7/><T89/><D89/><U5/><E90/><V110/><F134/><W54/><G17/><T135/><D135/><U14/><E91/><N who="2" m="51591" /><F119/><W39/><G132/><T81/><D81/><U130/><E130/><V22/><F116/><W101/><G133/><T82/><D82/><U53/><E5/><V112/><F112/><W123/><G115/><T72/><D72/><U51/><E88/><V30/><F76/><W15/><G79/><T24/><D24/><U113/><E25/><N who="2" m="16695" /><F87/><W70/><G85/><T57/><D57/><U74/><E86/><V58/><F58/><W95/><G95/><RYUUKYOKU ba="0,1" sc="174,15,220,-15,210,15,386,-15" hai0="16,27,36,41,44,45,47,48,52,56,97,98,99" hai2="38,46,109,110" owari="189,-31.1,205,-19.5,225,2.5,381,48.1" /></mjloggm>