<mjloggm ver="2.3"><GO type="225" lobby="0"/><UN n0="%E5%91%A8%E6%9D%B1" n1="%77%72%77%72%77%72%77%72" n2="%E3%83%96%E3%83%83%E3%83%91%E3%82%AA%E3%83%96%E3%83%81%E3%82%AD%E3%83%B3" n3="%E4%BF%BA%E3%81%A8%E5%A6%96%E5%A4%A2" dan="17,17,16,16" rate="2194.47,2146.98,2192.08,2120.13" sx="M,M,M,F"/><TAIKYOKU oya="0"/><INIT seed="0,0,0,2,2,127" ten="250,250,250,250" oya="0" hai0="59,71,2,132,42,100,126,14,76,70,13,53,38" hai1="73,57,47,17,40,39,88,33,134,112,58,110,104" hai2="72,107,97,125,91,28,130,3,55,29,25,85,41" hai3="105,119,24,82,122,54,8,118,108,10,9,92,4"/><T129/><D2/><U96/><E110/><V51/><F125/><W133/><G105/><T64/><D126/><U62/><E134/><V83/><F3/><W131/><G108/><T52/><D132/><U15/><E112/><V116/><F116/><W78/><G133/><T66/><D100/><U102/><E73/><V123/><F123/><W84/><G122/><T117/><D76/><U50/><E33/><V20/><F72/><W90/><G4/><T98/><D98/><U32/><E32/><V18/><F130/><W26/><G131/><T101/><D101/><U67/><E39/><V60/><F107/><W99/><REACH who="3" step="1"/><G54/><REACH who="3" ten="250,250,250,240" step="2"/><T11/><D129/><U12/><E104/><V1/><F1/><W75/><G75/><T31/><D53/><U93/><E102/><V79/><F41/><W22/><G22/><T6/><D42/><U30/><E30/><V111/><F111/><W46/><G46/><T56/><D31/><U63/><REACH who="1" step="1"/><E17/><REACH who="1" ten="250,240,250,240" step="2"/><V86/><F29/><W19/><G19/><T44/><D6/><U74/><E74/><V77/><F28/><W21/><G21/><T7/><D7/><U35/><E35/><V69/><F18/><W5/><G5/><T27/><D117/><AGARI ba="0,2" hai="8,9,10,24,26,78,82,84,90,92,99,117,118,119" machi="117" ten="40,2600,0" yaku="1,1,53,1" doraHai="127" doraHaiUra="94" who="3" fromWho="0" sc="250,-26,240,0,250,0,240,46" /><INIT seed="1,0,0,0,2,43" ten="224,240,250,286" oya="1" hai0="65,97,73,0,85,88,118,33,92,79,24,23,27" hai1="64,80,48,104,110,68,122,116,100,26,57,62,81" hai2="8,19,84,59,40,134,123,52,31,124,120,117,113" hai3="98,69,6,75,34,28,93,22,30,99,42,70,14"/><U96/><E116/><V50/><F117/><W133/><G34/><T54/><D118/><U38/><E122/><V105/><F124/><W76/><G133/><T15/><D0/><U107/><E107/><V10/><F105/><W35/><G35/><T77/><D73/><U41/><E110/><V53/><F134/><W12/><G76/><T56/><D65/><U129/><E129/><V78/><F113/><W83/><G83/><T74/><D74/><U115/><E115/><V58/><F40/><W39/><G75/><T45/><D33/><U72/><E72/><V86/><F31/><W55/><G55/><T126/><D126/><U4/><E4/><V135/><F135/><W101/><G30/><T87/><D15/><U63/><E26/><N who="0" m="9769" /><D23/><U108/><E108/><V3/><F3/><W18/><G28/><T51/><D56/><U32/><E32/><V46/><F78/><AGARI ba="0,0" hai="45,51,54,77,78,79,85,87,88,92,97" m="9769" machi="78" ten="30,3900,0" yaku="8,1,52,1,54,1" doraHai="43" who="0" fromWho="2" sc="224,39,240,0,250,-39,286,0" /><INIT seed="2,0,0,2,4,2" ten="263,240,211,286" oya="2" hai0="102,81,26,39,109,107,106,47,74,123,48,98,50" hai1="49,78,13,79,51,115,5,19,55,94,17,57,125" hai2="40,118,27,77,67,66,134,30,128,33,95,91,69" hai3="88,25,103,131,117,35,12,36,114,120,133,119,70"/><V41/><F118/><W73/><RYUUKYOKU type="yao9" ba="0,0" sc="263,0,240,0,211,0,286,0" hai3="12,25,35,36,70,73,88,103,114,117,119,120,131,133" /><INIT seed="2,1,0,0,2,50" ten="263,240,211,286" oya="2" hai0="70,119,117,66,78,103,120,48,93,125,123,40,12" hai1="58,17,44,112,33,102,79,129,39,22,99,85,20" hai2="116,81,14,98,88,31,74,132,25,37,71,24,122" hai3="121,1,104,32,8,92,4,62,26,23,131,106,76"/><V114/><F116/><N who="0" m="44618" /><D78/><U127/><E112/><V90/><F114/><W84/><G121/><T115/><D12/><U34/><E129/><V69/><F122/><W97/><G32/><T41/><D93/><U110/><E110/><V53/><F37/><W73/><G131/><T54/><D103/><U52/><E127/><V21/><F132/><W126/><G126/><T77/><D77/><U72/><E72/><V111/><F111/><W30/><G73/><T29/><D29/><U9/><E9/><V3/><F3/><W57/><G84/><T95/><D95/><U64/><E64/><V133/><F133/><W18/><G76/><T118/><D125/><U49/><E20/><V56/><F14/><W87/><G87/><T107/><D107/><U65/><E65/><V128/><F128/><W0/><G0/><T135/><D135/><U105/><E58/><V15/><F74/><W13/><G1/><T101/><D101/><U45/><E45/><V94/><F15/><W91/><REACH who="3" step="1"/><G30/><REACH who="3" ten="263,240,211,276" step="2"/><T96/><D118/><U61/><E79/><V43/><F43/><N who="0" m="16458" /><D115/><U55/><E85/><V59/><F31/><W27/><G27/><T5/><D96/><U16/><E34/><V124/><F124/><W100/><G100/><T109/><D109/><U83/><E33/><V6/><F25/><W63/><G63/><N who="0" m="40287" /><D5/><U82/><E61/><V89/><F6/><W60/><G60/><T7/><D7/><U28/><E28/><V42/><F98/><W134/><G134/><T113/><D113/><U36/><E83/><V108/><F81/><W80/><G80/><T38/><D38/><RYUUKYOKU ba="1,1" sc="263,15,240,-15,211,-15,276,15" hai0="48,54,120,123" hai3="4,8,13,18,23,26,57,62,91,92,97,104,106" /><INIT seed="3,2,1,1,1,41" ten="278,225,196,291" oya="3" hai0="81,3,0,50,13,6,9,110,4,108,27,78,113" hai1="16,92,131,67,73,66,11,119,63,35,107,47,96" hai2="117,62,8,10,46,31,94,51,12,103,125,26,91" hai3="120,87,30,25,34,95,56,69,99,57,128,116,18"/><W22/><G116/><T100/><D113/><U104/><E119/><V59/><F125/><W68/><G120/><T64/><D64/><U7/><E73/><V24/><F117/><W74/><G74/><T17/><D100/><U36/><E35/><V33/><F103/><W89/><G128/><T126/><D126/><U106/><E131/><V19/><F26/><W5/><G5/><N who="0" m="2155" /><D50/><U129/><E129/><V49/><F10/><W2/><G2/><T76/><D27/><U111/><E111/><N who="0" m="42537" /><D78/><U127/><E127/><V28/><F28/><W105/><G69/><T53/><D53/><U54/><E36/><V48/><F62/><W97/><G68/><T77/><D77/><U1/><E63/><V52/><REACH who="2" step="1"/><F59/><REACH who="2" ten="278,225,186,291" step="2"/><W40/><G57/><T112/><D112/><U123/><E123/><V121/><F121/><W65/><G56/><T45/><D45/><U101/><E47/><V109/><F109/><W85/><G30/><T133/><D133/><U29/><E29/><V32/><F32/><W23/><G34/><T134/><D134/><U122/><E122/><V44/><F44/><W60/><G60/><T132/><D132/><U80/><E101/><V115/><F115/><W14/><G25/><T37/><D37/><U43/><E107/><V61/><F61/><W130/><G130/><T55/><D55/><U93/><E106/><V83/><F83/><W72/><G105/><T124/><D124/><U58/><E80/><V90/><F90/><W20/><G89/><T102/><D102/><U79/><E104/><V98/><AGARI ba="2,2" hai="8,12,19,24,31,33,46,48,49,51,52,91,94,98" machi="98" ten="20,12000,2" yaku="1,1,0,1,7,1,52,1,54,1,53,1" doraHai="41" doraHaiUra="86" who="2" fromWho="2" sc="278,-32,225,-32,186,146,291,-62" owari="246,4.6,193,-30.7,332,43.2,229,-17.1" /></mjloggm>