<mjloggm ver="2.3"><GO type="225" lobby="0"/><UN n0="%41%6F%54" n1="%72%65%6E%6B%75%6E" n2="%E3%83%96%E3%83%83%E3%83%91%E3%82%AA%E3%83%96%E3%83%81%E3%82%AD%E3%83%B3" n3="%E5%A4%8F%E9%88%B4%E9%88%B4%E5%A4%8F" dan="16,17,16,16" rate="2096.90,2217.19,2097.74,2113.16" sx="M,M,M,F"/><TAIKYOKU oya="0"/><INIT seed="0,0,0,5,0,21" ten="250,250,250,250" oya="0" hai0="56,105,3,29,2,130,81,44,31,96,134,39,133" hai1="68,92,70,13,113,123,108,127,95,93,128,76,121" hai2="6,94,88,91,62,118,47,114,115,54,24,111,16" hai3="78,60,25,63,98,46,58,12,124,37,75,27,102"/><T100/><D130/><U35/><E13/><V117/><F6/><W135/><G78/><T17/><D56/><U42/><E76/><V53/><F111/><W10/><G75/><T77/><D17/><U74/><E74/><V38/><F38/><W125/><G46/><T72/><D31/><U7/><E35/><V89/><F94/><N who="3" m="58711" /><G37/><T8/><D29/><U120/><E42/><V14/><F24/><N who="3" m="9291" /><G58/><T19/><D19/><U50/><E50/><N who="2" m="28895" /><F54/><W99/><G99/><T59/><D59/><U101/><E101/><V1/><F1/><W55/><G55/><T66/><D66/><U86/><E7/><V36/><F36/><W0/><G0/><T67/><D67/><U34/><E86/><V28/><F28/><W104/><G104/><T87/><D2/><U107/><E107/><V23/><F62/><W40/><G40/><N who="0" m="22559" /><D87/><U41/><E41/><V103/><F103/><W52/><G52/><T45/><D45/><U80/><E34/><V48/><F48/><W85/><G85/><T116/><D116/><AGARI ba="0,0" hai="14,16,23,88,89,91,114,115,116,117,118" m="28895" machi="116" ten="30,3900,0" yaku="12,1,54,2" doraHai="21" who="2" fromWho="0" sc="250,-39,250,0,250,39,250,0" /><INIT seed="1,0,0,0,4,81" ten="211,250,289,250" oya="1" hai0="103,23,28,9,75,4,67,42,39,19,32,128,33" hai1="107,93,18,105,114,122,80,123,104,111,98,45,12" hai2="112,49,14,29,70,68,22,119,120,77,110,133,55" hai3="61,8,63,86,47,58,50,5,46,56,125,43,92"/><U85/><E114/><V64/><F119/><W1/><G125/><T87/><D75/><U34/><E34/><V82/><F120/><W118/><G118/><T54/><D128/><U96/><E45/><V13/><F112/><W25/><G25/><T44/><D67/><U131/><E131/><V99/><F110/><W15/><G1/><T127/><D127/><U57/><E57/><N who="3" m="22122" /><G47/><T17/><D54/><U106/><N who="1" m="26624" /><DORA hai="65" /><U100/><E98/><V83/><F99/><W38/><G38/><T20/><D103/><U79/><REACH who="1" step="1"/><E111/><REACH who="1" ten="211,240,289,250" step="2"/><V129/><F129/><W73/><G73/><T89/><D32/><U66/><E66/><V71/><F64/><W95/><G95/><T31/><D33/><U37/><E37/><V88/><F133/><W76/><G92/><T41/><D44/><U121/><E121/><V7/><F70/><W52/><G43/><T30/><D39/><U135/><E135/><V51/><F71/><W94/><G94/><T91/><D41/><U40/><E40/><V101/><F68/><W72/><G72/><T130/><D42/><U26/><E26/><V124/><F124/><W115/><G115/><T109/><D109/><U36/><E36/><V108/><F108/><W78/><G86/><T69/><D69/><U21/><AGARI ba="0,1" hai="12,18,21,79,80,85,93,96,100,122,123" m="26624" machi="21" ten="60,18000,2" yaku="1,1,0,1,52,1,53,4" doraHai="81,65" doraHaiUra="48,102" who="1" fromWho="1" sc="211,-60,240,190,289,-60,250,-60" /><INIT seed="1,1,0,1,1,77" ten="151,430,229,190" oya="1" hai0="9,39,49,0,4,51,85,116,76,117,92,103,54" hai1="90,52,48,38,26,3,71,67,24,73,16,5,87" hai2="1,63,62,59,57,30,2,11,97,25,32,66,96" hai3="28,42,81,10,100,134,95,131,101,102,17,82,22"/><U75/><E38/><V55/><REACH who="2" step="1"/><F11/><REACH who="2" ten="151,430,219,190" step="2"/><W46/><G134/><T60/><D9/><U18/><E3/><AGARI ba="1,1" hai="1,2,3,25,30,32,55,57,59,62,63,66,96,97" machi="3" ten="40,8000,1" yaku="21,2,2,1,53,1" doraHai="77" doraHaiUra="50" who="2" fromWho="1" sc="151,0,430,-83,219,93,190,0" /><INIT seed="2,0,0,0,1,57" ten="151,347,312,190" oya="2" hai0="34,85,116,60,43,54,25,9,121,12,45,89,6" hai1="18,14,84,65,125,47,117,131,86,120,74,44,49" hai2="99,56,135,15,7,101,20,42,4,108,111,128,109" hai3="68,23,107,93,81,35,53,66,98,22,94,29,76"/><V119/><F119/><W87/><G107/><T27/><D121/><U16/><E74/><V102/><F128/><W129/><G129/><T5/><D116/><U78/><E117/><V0/><F135/><W58/><G35/><T113/><D113/><U88/><E120/><V96/><F42/><W62/><G29/><T115/><D34/><U3/><E3/><V127/><F127/><W38/><G38/><T75/><D75/><U106/><E106/><N who="2" m="63783" /><F0/><W24/><G24/><T17/><D115/><U48/><E125/><V50/><F20/><W118/><G94/><T82/><D25/><U69/><E69/><V134/><F15/><W21/><G22/><T41/><D27/><U59/><E131/><V100/><F134/><W30/><G30/><T110/><D110/><N who="2" m="28162" /><V10/><DORA hai="124" /><F10/><W1/><G1/><T37/><REACH who="0" step="1"/><D41/><REACH who="0" ten="141,347,312,190" step="2"/><U71/><E71/><V83/><F83/><W126/><G126/><T33/><D33/><U52/><E14/><V28/><F28/><W46/><G118/><T67/><D67/><U132/><E65/><V122/><F122/><W114/><G68/><T79/><D79/><U90/><E78/><V19/><F4/><W70/><G70/><T80/><D80/><N who="1" m="49159" /><E132/><V55/><F7/><W123/><G114/><T39/><D39/><U36/><E36/><V13/><F99/><W95/><G98/><T32/><D32/><U73/><E73/><V77/><F77/><W97/><G97/><T63/><D63/><N who="1" m="36327" /><E18/><V104/><F19/><W112/><G112/><T92/><D92/><N who="3" m="35401" /><G123/><T64/><D64/><U2/><E16/><V72/><F104/><RYUUKYOKU ba="0,1" sc="141,15,347,-15,312,-15,190,15" hai0="5,6,9,12,17,37,43,45,54,60,82,85,89" hai3="21,23,46,53,58,62,66,76,81,87" /><INIT seed="3,1,1,3,3,117" ten="156,332,297,205" oya="3" hai0="71,130,19,78,61,13,67,107,34,8,25,126,18" hai1="133,81,89,52,72,44,14,103,7,32,125,121,111" hai2="53,0,28,80,56,84,5,49,131,83,27,29,38" hai3="45,35,100,51,90,123,65,17,30,98,62,114,50"/><W128/><G114/><T23/><D130/><U26/><E121/><V11/><F131/><W101/><G128/><T124/><D107/><U33/><E103/><V92/><F38/><W105/><G101/><T42/><D42/><U119/><E26/><V116/><F116/><W110/><G123/><T76/><REACH who="0" step="1"/><D34/><REACH who="0" ten="146,332,297,205" step="2"/><U82/><E33/><V129/><F129/><W6/><G110/><T12/><D12/><U97/><E32/><V40/><F40/><W22/><G6/><T112/><D112/><U43/><E14/><V132/><F132/><W41/><G51/><T79/><AGARI ba="1,2" hai="8,13,18,19,23,25,61,67,71,76,78,79,124,126" machi="79" ten="30,2000,0" yaku="1,1,0,1,53,0" doraHai="117" doraHaiUra="39" who="0" fromWho="0" sc="146,43,332,-6,297,-6,205,-11" owari="189,-31.1,326,42.6,291,9.1,194,-20.6" /></mjloggm>