<mjloggm ver="2.3"><GO type="225" lobby="0"/><UN n0="%E3%81%AF%E3%82%88%E3%81%8A%E3%81%98%E3%81%95%E3%82%93" n1="%33%74%72%65%65" n2="%E3%81%BF%E3%81%BF%E3%81%9A" n3="%72%61%6B%33" dan="16,17,17,16" rate="2186.14,2157.85,2200.24,2100.52" sx="M,M,M,M"/><TAIKYOKU oya="0"/><INIT seed="0,0,0,0,1,93" ten="250,250,250,250" oya="0" hai0="118,85,64,49,4,20,83,60,122,100,134,16,30" hai1="78,125,34,43,14,88,109,67,91,133,119,75,5" hai2="112,66,94,114,24,58,3,63,40,9,101,52,21" hai3="1,92,68,77,54,117,135,25,103,124,38,84,37"/><T45/><D134/><U76/><E119/><V23/><F40/><W128/><G117/><T123/><D118/><U111/><E34/><V42/><F42/><W44/><G1/><T121/><D4/><U13/><E133/><V57/><F3/><W10/><G68/><T46/><D30/><U71/><E43/><V47/><F47/><W35/><G10/><T82/><D100/><U18/><E125/><V11/><F112/><W96/><G124/><T107/><D107/><U98/><E5/><V7/><F114/><W6/><G6/><T127/><D127/><U130/><E130/><V132/><F132/><W51/><G128/><T106/><D106/><U104/><E67/><V39/><F39/><W86/><G135/><T70/><D49/><U97/><E71/><V131/><F131/><W0/><G0/><T115/><D115/><U69/><E69/><V53/><F7/><W59/><G77/><T87/><D87/><U99/><E104/><V32/><F32/><W102/><G102/><T126/><D126/><U8/><E75/><V41/><F41/><W81/><G44/><T12/><REACH who="0" step="1"/><D83/><REACH who="0" ten="240,250,250,250" step="2"/><U120/><E120/><V31/><F101/><W72/><G86/><T105/><D105/><U36/><E36/><V95/><F31/><N who="3" m="19951" /><G84/><T48/><D48/><U17/><E98/><V2/><F2/><W50/><G50/><T55/><D55/><U26/><E26/><V28/><F28/><W90/><G103/><T65/><D65/><U79/><E79/><AGARI ba="0,1" hai="12,16,20,45,46,60,64,70,79,82,85,121,122,123" machi="79" ten="40,3900,0" yaku="1,1,54,1,53,0" doraHai="93" doraHaiUra="22" who="0" fromWho="1" sc="240,49,250,-39,250,0,250,0" /><INIT seed="0,1,0,2,4,69" ten="289,211,250,250" oya="0" hai0="119,114,92,120,131,20,108,84,38,45,94,12,8" hai1="41,25,11,68,57,3,83,130,13,9,97,90,47" hai2="121,96,36,91,67,46,15,76,86,31,37,127,95" hai3="4,33,51,65,27,98,55,78,82,49,16,39,64"/><T134/><D114/><U106/><E68/><V104/><F121/><W32/><G4/><T75/><D75/><U118/><E118/><V125/><F67/><W74/><G39/><N who="2" m="14921" /><F31/><W99/><G49/><T89/><D119/><U26/><E57/><V128/><F46/><W14/><G65/><T66/><D120/><U103/><E3/><V111/><F111/><W132/><G64/><T124/><D108/><U22/><E130/><V109/><F109/><W42/><G42/><T79/><D131/><U122/><E122/><V18/><F128/><W40/><G40/><T56/><D79/><U28/><E26/><V54/><F54/><W24/><G24/><T0/><D20/><U7/><E11/><V58/><F58/><W105/><G27/><T77/><D77/><U102/><E106/><V62/><F62/><W85/><G74/><T115/><D0/><U116/><E116/><V133/><F133/><W61/><G132/><T112/><D134/><U50/><REACH who="1" step="1"/><E83/><REACH who="1" ten="289,201,250,250" step="2"/><N who="2" m="47463" /><F104/><W29/><G105/><T52/><D112/><U23/><E23/><V126/><F15/><W53/><G14/><T93/><D115/><U19/><E19/><AGARI ba="1,1" hai="18,19,91,95,96,125,126,127" m="47463,14921" machi="19" ten="40,8000,1" yaku="18,1,52,3" doraHai="69" who="2" fromWho="1" sc="289,0,201,-83,250,93,250,0" /><INIT seed="1,0,0,5,0,8" ten="289,118,343,250" oya="1" hai0="126,88,73,12,128,98,121,31,82,101,25,62,48" hai1="17,39,19,105,102,75,94,85,131,58,115,134,55" hai2="66,123,63,18,7,117,59,124,46,87,32,111,43" hai3="26,68,35,67,100,83,71,60,109,20,61,49,37"/><U10/><E115/><V1/><F117/><W79/><G109/><T125/><D128/><U24/><E131/><V89/><F123/><W51/><G37/><T97/><D121/><U45/><E75/><V4/><F32/><W70/><G35/><T22/><D62/><U0/><E134/><V28/><F28/><W133/><G100/><T112/><D112/><U80/><E105/><V2/><F111/><W104/><G104/><T72/><D48/><U50/><E24/><V118/><F118/><W107/><G107/><T114/><D114/><U120/><E120/><V96/><F96/><W106/><G106/><T103/><D12/><U108/><E108/><V130/><F130/><W5/><G5/><T3/><D3/><U93/><E0/><V29/><F29/><W6/><G6/><T127/><D97/><N who="1" m="59695" /><E39/><V52/><F124/><W11/><G11/><T76/><D72/><U95/><E58/><N who="2" m="37239" /><F1/><W116/><G133/><T44/><D44/><U122/><E122/><V110/><F110/><W53/><G116/><T14/><D14/><N who="1" m="7383" /><E19/><V16/><F2/><W13/><G71/><T74/><D73/><U54/><E54/><V36/><F4/><W90/><G53/><T132/><D132/><U33/><E33/><V47/><F7/><W38/><G70/><T9/><D9/><U34/><E34/><V129/><F129/><W27/><G68/><T23/><D22/><U41/><E41/><V86/><F46/><W91/><G38/><T84/><D74/><U42/><E42/><V65/><F52/><W21/><G21/><T81/><D126/><U64/><E64/><RYUUKYOKU ba="0,0" sc="289,-10,118,30,343,-10,250,-10" hai1="45,50,55,80,85,94,95" /><INIT seed="1,1,0,2,0,98" ten="279,148,333,240" oya="1" hai0="78,64,17,58,103,36,29,7,16,45,68,91,108" hai1="37,62,100,57,120,26,43,18,106,10,96,124,23" hai2="116,14,47,79,9,46,32,113,74,67,84,73,12" hai3="130,111,95,107,51,80,27,24,76,102,105,72,28"/><U1/><E120/><V60/><F116/><W114/><G114/><T82/><D68/><U4/><E124/><V21/><F32/><W63/><G111/><T133/><D108/><U81/><E81/><V44/><F113/><W85/><G130/><T31/><D133/><U50/><E37/><V127/><F127/><W131/><G131/><T83/><D7/><U61/><REACH who="1" step="1"/><E57/><REACH who="1" ten="279,138,333,240" step="2"/><N who="2" m="37263" /><F74/><W122/><G122/><T39/><D39/><U134/><E134/><V30/><F73/><W89/><G72/><T77/><D36/><U59/><E59/><V112/><F112/><W49/><G80/><T54/><D58/><U75/><E75/><V38/><F38/><W8/><G76/><T101/><D83/><U34/><E34/><V5/><F79/><W92/><G63/><T41/><D82/><U3/><E3/><V126/><F126/><W94/><G49/><T2/><D2/><U135/><E135/><V110/><F110/><W70/><G51/><T86/><D78/><U25/><E25/><N who="2" m="16687" /><F12/><W132/><G132/><T129/><D77/><U15/><E15/><V13/><F14/><W53/><G27/><T69/><D129/><U109/><E109/><V121/><F121/><W117/><G24/><T88/><D69/><U35/><E35/><V128/><F128/><W125/><G70/><T119/><D119/><U87/><E87/><AGARI ba="1,1" hai="5,9,13,44,46,47,84,87" m="16687,37263" machi="87" ten="30,1000,0" yaku="8,1" doraHai="98" who="2" fromWho="1" sc="279,0,138,-13,333,23,240,0" /><INIT seed="2,0,0,2,5,65" ten="279,125,356,240" oya="2" hai0="122,19,129,70,1,3,114,51,36,54,124,29,112" hai1="37,72,57,88,59,23,27,6,53,104,12,125,39" hai2="81,78,133,16,127,66,64,43,74,61,13,130,55" hai3="63,96,117,100,17,58,92,83,28,56,82,128,80"/><V73/><F127/><W60/><G128/><T62/><D19/><U30/><E125/><V2/><F2/><W85/><G117/><T14/><D124/><U48/><E72/><V45/><F130/><W20/><G28/><T89/><D129/><U77/><E77/><V21/><F133/><W44/><G44/><T69/><D14/><U79/><E79/><V75/><F55/><W8/><G8/><T31/><D54/><U86/><E104/><V111/><F111/><W113/><G113/><T91/><D51/><U4/><E39/><V50/><REACH who="2" step="1"/><F66/><REACH who="2" ten="279,125,346,240" step="2"/><W94/><G60/><T33/><D62/><U26/><E37/><V108/><F108/><W101/><G63/><T99/><D36/><U46/><E27/><V90/><F90/><N who="3" m="53327" /><G100/><T110/><D110/><U15/><E15/><AGARI ba="0,1" hai="15,17,20,56,58,80,82,83,94,96,101" m="53327" machi="15" ten="30,1000,0" yaku="8,1" doraHai="65" who="3" fromWho="1" sc="279,0,125,-10,346,0,240,20" /><INIT seed="3,0,0,5,2,90" ten="279,115,346,260" oya="3" hai0="112,101,104,68,128,12,53,89,71,30,55,39,46" hai1="85,75,107,80,5,86,31,40,129,2,81,45,41" hai2="1,3,34,54,132,59,61,131,95,58,27,94,79" hai3="52,120,125,76,60,17,65,99,118,130,69,96,23"/><W28/><G118/><T135/><D30/><U32/><E75/><V6/><F79/><W62/><G120/><T78/><D78/><U4/><E32/><V103/><F132/><W49/><G125/><T111/><D135/><U106/><E31/><V26/><F131/><W25/><G130/><T121/><D121/><U22/><E129/><V14/><F34/><W97/><G62/><T47/><D128/><U72/><E45/><V98/><F1/><W84/><G84/><T82/><D111/><U73/><REACH who="1" step="1"/><E2/><REACH who="1" ten="279,105,346,260" step="2"/><V21/><F3/><W127/><G127/><T43/><D47/><U93/><E93/><V126/><F126/><W110/><G110/><T70/><D46/><U109/><E109/><V119/><F95/><W24/><G28/><T48/><D104/><U117/><E117/><V50/><F119/><W18/><G25/><T77/><D12/><U74/><E74/><V122/><F122/><W37/><G37/><T9/><D39/><U42/><E42/><V100/><F26/><W7/><G24/><T92/><D92/><U8/><E8/><N who="2" m="4375" /><F27/><W113/><G23/><AGARI ba="0,1" hai="4,5,22,23,40,41,72,73,80,81,85,86,106,107" machi="23" ten="25,3200,0" yaku="1,1,22,2,53,0" doraHai="90" doraHaiUra="29" who="1" fromWho="3" sc="279,0,105,42,346,0,260,-32" owari="279,7.9,147,-35.3,346,44.6,228,-17.2" /></mjloggm>