<mjloggm ver="2.3"><GO type="225" lobby="0"/><UN n0="%E6%B7%91%E5%A5%B3%E3%81%AE%E5%97%9C%E3%81%BF" n1="%50%69%73%38" n2="%E3%81%8B%E3%82%8F%E3%81%A1%E3%82%83%E3%82%93%35%38" n3="%E3%82%B3%E3%83%90%E3%83%AC%E3%82%A4" dan="16,16,16,16" rate="2143.45,2099.83,2140.94,2171.43" sx="M,M,M,M"/><TAIKYOKU oya="0"/><INIT seed="0,0,0,5,5,127" ten="250,250,250,250" oya="0" hai0="71,105,77,43,66,55,25,65,124,27,5,76,21" hai1="3,14,8,109,114,130,47,103,97,57,45,102,128" hai2="9,41,78,23,20,135,72,26,88,79,96,118,94" hai3="50,46,101,40,67,92,49,131,42,100,62,111,68"/><T61/><D105/><U116/><E116/><V75/><F135/><W87/><G111/><T99/><D124/><U29/><E3/><V83/><F118/><W24/><G24/><T30/><D43/><U2/><E2/><V113/><F113/><W121/><G121/><T37/><D37/><U115/><E29/><V35/><F41/><W17/><G17/><T89/><D5/><U106/><E102/><V48/><F48/><W120/><G120/><T63/><D55/><U93/><E57/><V132/><F132/><W84/><G101/><T58/><D99/><U53/><E106/><V123/><F123/><W31/><G31/><T110/><D110/><U60/><E60/><V12/><F35/><W125/><G125/><T73/><D73/><U6/><E109/><V117/><F26/><W33/><G33/><T95/><REACH who="0" step="1"/><D27/><REACH who="0" ten="240,250,250,250" step="2"/><U70/><E70/><V56/><F117/><W82/><G68/><T28/><D28/><U44/><REACH who="1" step="1"/><E53/><REACH who="1" ten="240,240,250,250" step="2"/><V4/><F56/><W91/><G67/><T39/><D39/><U112/><AGARI ba="0,2" hai="6,8,14,44,45,47,93,97,103,112,114,115,128,130" machi="112" ten="40,12000,2" yaku="1,1,2,1,0,1,11,1,52,2,53,0" doraHai="127" doraHaiUra="51" who="1" fromWho="1" sc="240,-60,240,140,250,-30,250,-30" /><INIT seed="1,0,0,1,5,95" ten="180,380,220,220" oya="1" hai0="51,116,112,128,94,83,102,30,125,92,114,27,50" hai1="4,70,98,127,110,107,88,18,68,96,13,73,17" hai2="59,3,109,106,122,63,16,119,54,89,2,11,33" hai3="21,99,46,1,129,29,36,19,31,28,69,130,61"/><U9/><E73/><V118/><F122/><W5/><G69/><T40/><D116/><U74/><E74/><V93/><F106/><W78/><G78/><T100/><D128/><N who="3" m="49257" /><G61/><T86/><D125/><U45/><E127/><V57/><F33/><W80/><G80/><T123/><D123/><U67/><E110/><V72/><F72/><W41/><G5/><T134/><D134/><U85/><E45/><V22/><F109/><W133/><G1/><T56/><D112/><U47/><E47/><V104/><F104/><W39/><G133/><T81/><D114/><U120/><E120/><V52/><F11/><W26/><G99/><N who="0" m="59495" /><D40/><U34/><E34/><V20/><F20/><W10/><G10/><T58/><D27/><U82/><E107/><V53/><F2/><W131/><N who="3" m="49265" /><W44/><DORA hai="91" /><G44/><T6/><D6/><U126/><E126/><V43/><F3/><W124/><G124/><T25/><D81/><U37/><E37/><AGARI ba="0,0" hai="19,21,26,28,29,31,36,37,39,41,46" m="49265" machi="37" ten="50,1600,0" yaku="19,1" doraHai="95,91" who="3" fromWho="1" sc="180,0,380,-16,220,0,220,16" /><INIT seed="2,0,0,0,0,9" ten="180,364,220,236" oya="2" hai0="97,112,122,80,59,130,107,26,90,52,36,63,16" hai1="1,88,114,41,3,38,42,110,8,102,19,29,55" hai2="32,54,109,0,104,51,124,23,60,128,129,66,74" hai3="103,94,40,12,27,39,49,111,56,64,100,120,67"/><V123/><F32/><W20/><G120/><T71/><D122/><U76/><E114/><V132/><F123/><W118/><G118/><T69/><D112/><U57/><E110/><V116/><F116/><W113/><G113/><T75/><D36/><U50/><E102/><V68/><F104/><W5/><G111/><T73/><D130/><U106/><E106/><V95/><F0/><W81/><G81/><T96/><D75/><U121/><E76/><V45/><F74/><W91/><G39/><T117/><D117/><U92/><E121/><V105/><F105/><W13/><G5/><T47/><D47/><U99/><E29/><V37/><F109/><W58/><G40/><T24/><D107/><U82/><E82/><V127/><F127/><W86/><G49/><T133/><D133/><U108/><E108/><V85/><F132/><W98/><G58/><T79/><D26/><U34/><E34/><V93/><F124/><W131/><G131/><T44/><D44/><U65/><E65/><N who="3" m="25162" /><G56/><T115/><D115/><U101/><E38/><V89/><F37/><W70/><G70/><T35/><D35/><U33/><E33/><V30/><F95/><N who="3" m="58463" /><G103/><T10/><D96/><N who="1" m="57351" /><E1/><V2/><F2/><W61/><G61/><T6/><D97/><U46/><E3/><V25/><AGARI ba="0,0" hai="23,25,30,45,51,54,60,66,68,85,89,93,128,129" machi="25" ten="30,1500,0" yaku="0,1" doraHai="9" who="2" fromWho="2" sc="180,-5,364,-5,220,15,236,-5" /><INIT seed="2,1,0,3,2,28" ten="175,359,235,231" oya="2" hai0="85,39,134,98,73,80,83,84,88,125,133,123,32" hai1="27,21,23,92,76,14,107,59,135,72,94,40,56" hai2="35,25,30,9,61,16,109,122,15,1,127,131,114" hai3="8,70,124,10,53,38,54,116,60,69,2,22,130"/><V74/><F74/><W67/><G116/><T19/><D39/><U17/><E107/><V115/><F61/><W33/><G38/><T91/><D19/><U42/><E135/><N who="0" m="51721" /><D32/><U62/><E76/><V57/><F57/><N who="1" m="22089" /><E72/><V105/><F105/><W103/><G33/><T4/><D4/><U106/><E106/><V51/><F51/><W132/><G132/><T29/><D29/><N who="1" m="17647" /><E62/><V13/><F122/><W71/><G103/><T89/><D123/><U43/><AGARI ba="1,0" hai="14,17,23,40,42,43,92,94" m="17647,22089" machi="43" ten="30,1100,0" yaku="8,1" doraHai="28" who="1" fromWho="1" sc="175,-4,359,14,235,-6,231,-4" /><INIT seed="3,0,0,2,2,134" ten="171,373,229,227" oya="3" hai0="1,14,18,50,135,68,113,37,39,57,115,93,121" hai1="70,10,120,43,87,48,97,103,5,94,30,88,76" hai2="0,81,92,95,128,109,64,72,122,32,22,61,41" hai3="117,54,19,91,85,73,133,53,27,129,24,101,125"/><W60/><G73/><T58/><D1/><U28/><E70/><V78/><F32/><W89/><G117/><T45/><D121/><U21/><E76/><V12/><F0/><W11/><G133/><T15/><D93/><U114/><E114/><N who="0" m="43529" /><D15/><N who="1" m="5583" /><E21/><V29/><F41/><W47/><G129/><T116/><D135/><U49/><E120/><V25/><F122/><W74/><G101/><T127/><D116/><U31/><E43/><V7/><F128/><W56/><G74/><T17/><D17/><U112/><E112/><V80/><F80/><AGARI ba="0,0" hai="28,30,31,48,49,80,87,88,94,97,103" m="5583" machi="80" ten="30,2000,0" yaku="8,1,54,1" doraHai="134" who="1" fromWho="2" sc="171,0,373,20,229,-20,227,0" owari="171,-32.9,393,49.3,209,-19.1,227,2.7" /></mjloggm>