<mjloggm ver="2.3"><GO type="225" lobby="0"/><UN n0="%E3%83%A9%E3%82%B9%E7%8E%87%EF%BC%93%E5%89%B2" n1="%E7%99%BD%E5%80%89%E5%AF%9B%E4%B9%8B" n2="%E6%81%A5%E6%99%92%E3%81%97" n3="%E5%91%A8%E6%9D%B1" dan="17,16,16,17" rate="2219.23,2145.73,2132.10,2166.57" sx="F,M,M,M"/><TAIKYOKU oya="0"/><INIT seed="0,0,0,5,0,78" ten="250,250,250,250" oya="0" hai0="50,55,85,104,43,121,48,82,74,88,96,105,20" hai1="28,39,133,22,93,57,31,14,58,117,37,84,101" hai2="132,125,66,9,109,23,29,4,127,15,90,42,53" hai3="103,18,100,99,54,52,45,106,63,51,134,33,62"/><T3/><D121/><U1/><E1/><V27/><F109/><W81/><G33/><T77/><D3/><U107/><E117/><V114/><F114/><W92/><G134/><T2/><D2/><U68/><E68/><V67/><F132/><W94/><G106/><T122/><D122/><U8/><E133/><V70/><F42/><W24/><G81/><T124/><D124/><N who="2" m="47690" /><F70/><W46/><G24/><T130/><D130/><U10/><E107/><V126/><N who="2" m="47698" /><V56/><DORA hai="110" /><F90/><W87/><G18/><T11/><D11/><U108/><E108/><V35/><F35/><W72/><G72/><T123/><D123/><U102/><E93/><V16/><F29/><W61/><G87/><T135/><D20/><U75/><E84/><V69/><F69/><W30/><G30/><T79/><D135/><U7/><E22/><V41/><F41/><W19/><G19/><T47/><D74/><U36/><E75/><V111/><F111/><W83/><G83/><T115/><D115/><U6/><REACH who="1" step="1"/><E37/><REACH who="1" ten="250,240,250,250" step="2"/><V80/><F80/><W13/><G94/><N who="0" m="56391" /><D105/><U97/><E97/><V120/><F120/><W5/><G92/><T86/><D104/><U44/><E44/><V76/><F76/><N who="0" m="29258" /><D82/><U17/><E17/><V38/><F38/><W65/><G99/><T91/><D91/><U89/><E89/><V34/><F34/><W131/><G131/><T12/><D86/><U26/><E26/><V116/><F116/><W112/><G112/><T40/><D85/><U0/><E0/><V49/><AGARI ba="0,1" hai="4,9,15,16,23,27,49,53,56,66,67" m="47698" machi="49" ten="40,2700,0" yaku="18,1,54,1" doraHai="78,110" who="2" fromWho="2" sc="250,-13,240,-7,250,37,250,-7" /><INIT seed="1,0,0,2,3,118" ten="237,233,287,243" oya="1" hai0="77,47,74,129,13,31,107,11,89,24,49,101,25" hai1="40,68,131,57,6,3,125,126,38,84,50,96,5" hai2="85,119,79,21,63,80,95,60,87,124,58,18,108" hai3="106,67,123,33,117,73,102,121,128,76,116,7,120"/><U130/><E68/><V98/><F119/><N who="3" m="45643" /><G7/><N who="1" m="2570" /><E3/><V91/><F108/><W2/><G67/><T127/><D107/><U39/><E96/><V78/><F124/><N who="1" m="47721" /><E84/><V72/><F79/><W61/><G61/><T83/><D101/><U15/><E15/><V92/><F72/><W111/><G2/><T71/><D127/><U65/><E65/><V55/><F63/><W88/><G33/><T52/><D89/><U48/><E57/><V114/><F114/><W105/><G111/><T94/><D71/><U115/><E115/><V17/><REACH who="2" step="1"/><F21/><REACH who="2" ten="237,233,277,243" step="2"/><W51/><G73/><T99/><D74/><U59/><E59/><V113/><F113/><W29/><G76/><T62/><D77/><U41/><E41/><V32/><F32/><W16/><G123/><T100/><D62/><U20/><E20/><V26/><F26/><W22/><G121/><T9/><D25/><U4/><E40/><V82/><F82/><W1/><G22/><T134/><D83/><U112/><E112/><V56/><F56/><W36/><G120/><T97/><D24/><U44/><E44/><V27/><F27/><W54/><G54/><T110/><D52/><U37/><E4/><V28/><F28/><W135/><G1/><T8/><D31/><U86/><E86/><V0/><F0/><W19/><G29/><T70/><D110/><U53/><E53/><V10/><F10/><W42/><G42/><T64/><D9/><U69/><E69/><V66/><F66/><W45/><G45/><T43/><D70/><U35/><E35/><V12/><F12/><W90/><G19/><T133/><D13/><RYUUKYOKU ba="0,1" sc="237,-15,233,15,277,15,243,-15" hai1="37,38,39,48,50,130,131" hai2="17,18,55,58,60,78,80,85,87,91,92,95,98" /><INIT seed="1,1,1,1,5,9" ten="222,248,292,228" oya="1" hai0="99,34,50,60,2,118,69,121,40,3,18,124,123" hai1="126,68,67,33,0,112,38,127,48,53,75,52,102" hai2="25,104,36,108,65,35,58,106,23,26,61,31,27" hai3="45,43,39,76,93,91,95,15,71,80,29,46,119"/><U73/><E0/><V11/><F108/><W41/><G119/><T56/><D118/><U57/><E33/><V78/><F36/><W87/><G71/><T107/><D124/><N who="1" m="47659" /><E112/><V100/><F27/><W111/><G111/><T90/><D34/><U7/><E7/><V17/><F78/><W32/><G32/><T116/><D116/><U85/><E38/><V79/><F100/><W1/><G29/><T51/><D3/><U98/><E85/><V66/><F79/><W103/><G1/><T133/><D2/><U132/><E132/><V109/><F109/><W19/><G103/><T82/><D133/><U62/><E53/><V77/><F66/><W88/><G95/><AGARI ba="1,1" hai="48,52,57,62,67,68,73,75,95,98,102" m="47659" machi="95" ten="30,2900,0" yaku="18,1,54,1" doraHai="9" who="1" fromWho="3" sc="222,0,248,42,292,0,228,-32" /><INIT seed="1,2,0,5,2,64" ten="222,290,292,196" oya="1" hai0="135,32,34,42,55,69,124,91,96,127,56,109,8" hai1="6,36,54,73,94,134,92,118,3,40,17,99,15" hai2="68,105,14,122,11,117,72,4,89,47,44,79,90" hai3="70,131,35,93,39,66,49,19,2,107,81,50,10"/><U80/><E118/><V130/><F122/><W101/><G131/><T120/><D120/><U65/><E134/><V126/><F117/><W25/><G39/><T53/><D42/><U41/><E3/><V38/><F130/><W43/><G43/><N who="1" m="16458" /><E36/><V100/><F38/><W98/><G81/><T102/><D91/><U62/><E73/><V106/><F126/><N who="0" m="48170" /><D109/><U23/><E65/><V123/><F123/><W84/><G84/><T24/><D8/><N who="1" m="4503" /><E99/><V37/><F37/><W31/><G93/><T133/><D69/><U111/><E80/><V59/><F106/><W57/><G57/><T12/><D12/><N who="1" m="9639" /><E111/><V27/><F68/><W26/><G2/><T28/><D34/><U18/><E18/><V83/><F105/><W132/><G132/><N who="0" m="50763" /><D56/><AGARI ba="2,0" hai="54,56,62,92,94" m="9639,4503,16458" machi="56" ten="30,1500,0" yaku="8,1" doraHai="64" who="1" fromWho="0" sc="222,-21,290,21,292,0,196,0" /><INIT seed="1,3,0,2,3,18" ten="201,311,292,196" oya="1" hai0="100,11,107,110,123,112,13,67,128,10,72,135,96" hai1="45,35,80,15,83,92,88,81,108,131,114,77,29" hai2="76,23,97,41,73,109,133,94,7,9,49,32,101" hai3="54,71,115,27,17,127,28,8,21,90,122,2,119"/><U55/><E114/><V58/><F32/><W20/><G115/><T117/><D72/><U19/><E131/><V89/><F109/><W86/><G127/><T39/><D39/><U40/><E108/><V12/><F133/><W75/><G75/><T91/><D117/><U105/><E105/><V62/><F73/><W120/><G71/><T113/><D128/><U79/><E35/><V99/><F76/><W4/><G54/><T30/><D135/><U65/><E29/><V0/><F41/><W50/><G50/><T102/><D123/><U130/><E65/><V121/><F49/><W33/><G119/><T44/><D102/><U42/><E55/><V104/><F121/><W36/><G36/><T60/><D44/><U61/><E61/><V22/><F0/><W48/><G48/><T59/><D11/><N who="1" m="6655" /><E45/><V129/><REACH who="2" step="1"/><F129/><REACH who="2" ten="201,311,282,196" step="2"/><W6/><G33/><T84/><D110/><U126/><E130/><V70/><F70/><W63/><G63/><T82/><REACH who="0" step="1"/><D30/><REACH who="0" ten="191,311,282,196" step="2"/><U38/><E38/><V124/><F124/><W66/><G122/><T5/><AGARI ba="3,2" hai="5,10,13,59,60,67,82,84,91,96,100,107,112,113" machi="5" ten="20,8000,1" yaku="1,1,2,1,0,1,7,1,53,1" doraHai="18" doraHaiUra="52" who="0" fromWho="0" sc="191,109,311,-43,282,-23,196,-23" /><INIT seed="2,0,0,0,3,59" ten="300,268,259,173" oya="2" hai0="113,23,15,127,30,17,9,109,40,16,63,116,94" hai1="19,79,87,0,91,129,21,105,22,24,71,126,41" hai2="110,78,111,4,85,98,92,103,5,31,96,82,49" hai3="100,135,69,88,124,42,122,62,46,101,50,29,61"/><V1/><F1/><W130/><G122/><T84/><D113/><U97/><E0/><V25/><F49/><W18/><G69/><T45/><D109/><N who="2" m="41482" /><F96/><W65/><G65/><T10/><D127/><U83/><E126/><V52/><F52/><W39/><G124/><T57/><D116/><U108/><E129/><V131/><F131/><W90/><G39/><T107/><D107/><U48/><E71/><V115/><F115/><W64/><G64/><T128/><D128/><U121/><E121/><V114/><F114/><W33/><G130/><T37/><D30/><U99/><E105/><V3/><F3/><W74/><G74/><T11/><D84/><U47/><E108/><V86/><F86/><W73/><G73/><T89/><D94/><U60/><E60/><N who="3" m="23146" /><G33/><AGARI ba="0,0" hai="4,5,25,31,33,78,82,85,92,98,103" m="41482" machi="33" ten="30,2900,0" yaku="14,1,10,1" doraHai="59" who="2" fromWho="3" sc="300,0,268,0,259,29,173,-29" /><INIT seed="2,1,0,1,2,89" ten="300,268,288,144" oya="2" hai0="103,18,101,109,1,13,131,92,57,25,67,112,94" hai1="76,55,14,35,87,133,62,3,50,37,88,126,130" hai2="46,70,75,6,17,80,111,7,42,93,41,110,68" hai3="106,51,39,95,96,9,22,21,78,74,49,105,91"/><V58/><F58/><W66/><G39/><T11/><D109/><N who="2" m="41482" /><F17/><W10/><G66/><T40/><D131/><U128/><E3/><V59/><F42/><W56/><G78/><T2/><D112/><U8/><E35/><V69/><F59/><W90/><G74/><T33/><D2/><U4/><E37/><N who="2" m="21807" /><F93/><N who="0" m="35946" /><D1/><U84/><E62/><V32/><F32/><W104/><G56/><T27/><D33/><U23/><E23/><V53/><F53/><W38/><G38/><T107/><D107/><U82/><E128/><V114/><F114/><W123/><G123/><T61/><D40/><U85/><E130/><V15/><F15/><W97/><G95/><T122/><D122/><U16/><E55/><V31/><F31/><W24/><REACH who="3" step="1"/><G106/><REACH who="3" ten="300,268,288,134" step="2"/><T65/><D65/><U117/><E76/><AGARI ba="1,1" hai="6,7,68,69,70,75,76,80" m="21807,41482" machi="76" ten="40,3900,0" yaku="14,1,10,1" doraHai="89" who="2" fromWho="1" sc="300,0,268,-42,288,52,134,0" /><INIT seed="2,2,0,1,5,99" ten="300,226,340,134" oya="2" hai0="71,135,44,98,15,80,20,6,77,30,41,38,97" hai1="87,103,57,88,65,32,7,54,34,13,23,93,25" hai2="94,118,49,58,17,110,82,40,123,100,96,75,31" hai3="14,5,36,10,22,28,121,46,48,55,12,79,76"/><V26/><F118/><W51/><G36/><T114/><D114/><U45/><E65/><V39/><F123/><W0/><G0/><T70/><D135/><U72/><E72/><V130/><F130/><W67/><G121/><T134/><D134/><U85/><E45/><V19/><F39/><W109/><G109/><T127/><D127/><U1/><E1/><V81/><F110/><W105/><G105/><T95/><D98/><U86/><E34/><V104/><F104/><W16/><G67/><T21/><D21/><U4/><E32/><V115/><F115/><W111/><G111/><T89/><D30/><U73/><E73/><V35/><F75/><W68/><G68/><T59/><D59/><U50/><E103/><V8/><F58/><W124/><G124/><T132/><D132/><U29/><REACH who="1" step="1"/><E13/><REACH who="1" ten="300,216,340,134" step="2"/><V126/><F126/><W33/><G33/><T60/><D15/><U47/><E47/><N who="2" m="25831" /><F35/><W64/><G64/><T91/><D44/><U56/><E56/><V133/><F133/><W84/><G51/><T3/><D3/><U37/><E37/><V11/><F31/><W69/><G69/><T106/><D38/><U129/><E129/><V102/><F100/><W112/><G112/><T62/><D70/><U66/><E66/><V101/><F102/><W113/><G113/><T92/><D71/><U53/><E53/><V116/><F101/><W119/><G119/><T131/><D131/><U125/><E125/><V74/><F74/><W83/><REACH who="3" step="1"/><G28/><REACH who="3" ten="300,216,340,124" step="2"/><T9/><D106/><U78/><E78/><AGARI ba="2,2" hai="5,10,12,14,16,22,46,48,55,76,78,79,83,84" machi="78" ten="30,8000,1" yaku="1,1,2,1,7,1,8,1,54,1,53,0" doraHai="99" doraHaiUra="120" who="3" fromWho="1" sc="300,0,216,-86,340,0,124,106" /><INIT seed="3,0,0,4,4,50" ten="300,130,340,230" oya="3" hai0="7,77,28,3,131,134,125,94,30,51,101,112,54" hai1="127,20,41,29,75,21,132,100,64,47,108,1,80" hai2="61,23,22,73,45,25,11,0,36,78,15,19,58" hai3="87,10,71,27,34,123,113,52,81,37,4,84,53"/><W17/><G123/><T24/><D131/><U92/><E1/><V72/><F78/><W76/><G113/><T59/><D134/><U69/><E132/><V88/><F0/><W46/><G71/><T79/><D125/><U116/><E127/><V98/><F23/><W83/><G37/><T117/><D117/><U103/><E116/><V12/><F45/><W42/><G42/><T114/><D7/><U49/><E108/><V68/><F68/><W48/><G34/><T106/><D106/><U55/><E75/><V13/><F36/><W40/><G27/><T124/><D3/><U60/><E80/><V38/><F38/><W99/><G99/><N who="0" m="59639" /><D28/><U96/><E29/><V62/><F62/><W67/><G17/><T91/><D91/><U56/><REACH who="1" step="1"/><E103/><REACH who="1" ten="300,120,340,230" step="2"/><V9/><F73/><W115/><G115/><N who="0" m="44075" /><D124/><U66/><E66/><N who="2" m="39223" /><F72/><W31/><G67/><T120/><D120/><U85/><E85/><V104/><F104/><W74/><G31/><T16/><D30/><U35/><E35/><V121/><F121/><W26/><G74/><T6/><D6/><U135/><E135/><V32/><F32/><W57/><G84/><T39/><D39/><AGARI ba="0,1" hai="20,21,39,41,47,49,55,56,60,64,69,92,96,100" machi="39" ten="30,8000,1" yaku="1,1,7,1,24,2,52,1,53,0" doraHai="50" doraHaiUra="129" who="1" fromWho="0" sc="300,-80,120,90,340,0,230,0" owari="220,-18.0,210,-29.0,340,44.0,230,3.0" /></mjloggm>