<mjloggm ver="2.3"><GO type="225" lobby="0"/><UN n0="%E7%99%BD%E5%80%89%E5%AF%9B%E4%B9%8B" n1="%33%74%72%65%65" n2="%4B%2E%32%2E%4B%2E" n3="%E7%B4%94%E6%BD%94%E3%83%94%E3%83%A9%E3%83%8B%E3%82%A2" dan="16,17,16,17" rate="2144.28,2124.59,2149.01,2217.66" sx="M,F,M,M"/><TAIKYOKU oya="0"/><INIT seed="0,0,0,5,1,14" ten="250,250,250,250" oya="0" hai0="5,112,34,75,87,98,1,83,52,127,25,66,72" hai1="76,70,124,129,133,58,80,85,115,110,123,13,45" hai2="120,30,94,92,49,46,53,89,42,64,55,20,97" hai3="116,17,32,100,107,117,106,57,41,114,130,6,2"/><T26/><D112/><U118/><E70/><V36/><F120/><W81/><G32/><T50/><D66/><U44/><E123/><V29/><F64/><W28/><G28/><T79/><D127/><U134/><E118/><V131/><F131/><W125/><G130/><T67/><D67/><U27/><E129/><V3/><F3/><W8/><G114/><T12/><D1/><U91/><E115/><V23/><F55/><W62/><G41/><T78/><D34/><U47/><E124/><V24/><F92/><W68/><G68/><T90/><D75/><U19/><E110/><V135/><F135/><N who="1" m="51721" /><E58/><V73/><F73/><W48/><G48/><T51/><D51/><U113/><E113/><V7/><F7/><W104/><G100/><T126/><D126/><U43/><E27/><N who="0" m="10249" /><D98/><U77/><E43/><V18/><REACH who="2" step="1"/><F23/><AGARI ba="0,0" hai="13,19,23,44,45,47,76,77,80,85,91" m="51721" machi="23" ten="30,2000,0" yaku="20,1,52,1" doraHai="14" who="1" fromWho="2" sc="250,0,250,20,250,-20,250,0" /><INIT seed="1,0,0,2,1,46" ten="250,270,230,250" oya="1" hai0="38,85,119,47,102,63,53,10,45,42,92,27,132" hai1="73,79,112,18,7,134,36,52,114,117,122,17,91" hai2="71,107,37,2,72,26,21,60,12,95,68,34,105" hai3="96,31,13,108,61,28,82,77,97,43,76,81,78"/><U99/><E117/><V54/><F2/><W126/><G108/><T20/><D119/><U48/><E122/><V51/><F37/><W56/><G126/><T70/><D132/><U64/><E36/><V94/><F72/><W49/><G13/><T62/><D70/><U109/><E134/><V9/><F34/><W128/><G128/><T103/><D10/><U16/><E64/><V24/><F105/><W113/><G113/><T33/><D33/><U100/><E109/><V101/><F107/><W111/><G111/><T88/><D62/><U58/><E7/><V6/><F26/><W15/><G15/><T124/><D124/><U130/><E130/><V90/><F101/><W84/><G43/><T83/><D83/><N who="3" m="31753" /><G84/><T19/><REACH who="0" step="1"/><D63/><REACH who="0" ten="240,270,230,250" step="2"/><U3/><E114/><V4/><F60/><W14/><G61/><T123/><D123/><U118/><E112/><V93/><F4/><W69/><G69/><T127/><D127/><U75/><E118/><V135/><F135/><W104/><G104/><T55/><D55/><U22/><E22/><V35/><F35/><W23/><G23/><T50/><AGARI ba="0,1" hai="19,20,27,38,42,45,47,50,53,85,88,92,102,103" machi="50" ten="30,8000,1" yaku="1,1,0,1,52,1,54,1,53,1" doraHai="46" doraHaiUra="89" who="0" fromWho="0" sc="240,90,270,-40,230,-20,250,-20" /><INIT seed="2,0,0,0,3,106" ten="330,230,210,230" oya="2" hai0="43,84,103,119,91,131,75,63,37,109,2,107,89" hai1="6,15,85,47,114,102,51,60,105,13,22,108,31" hai2="66,50,14,129,90,92,76,80,30,133,120,9,35" hai3="45,70,44,67,17,59,64,20,104,134,19,81,65"/><V25/><F120/><W49/><G104/><T125/><D2/><U40/><E114/><V57/><F133/><W88/><G134/><T97/><D109/><U33/><E33/><V21/><F129/><W0/><G0/><T7/><D7/><U93/><E108/><V128/><F128/><W79/><G70/><T4/><D4/><U98/><E6/><V130/><F130/><W100/><G100/><T94/><D131/><U18/><E31/><V12/><F35/><W46/><G20/><T27/><D125/><U116/><E116/><V32/><F32/><W3/><G3/><T122/><D122/><U53/><E105/><V5/><F14/><W111/><G111/><T110/><D110/><U34/><E34/><V118/><F118/><W16/><G59/><T124/><D27/><N who="1" m="14807" /><E85/><V56/><F50/><W42/><REACH who="3" step="1"/><G88/><REACH who="3" ten="330,230,210,220" step="2"/><N who="0" m="53511" /><D103/><U96/><E96/><N who="2" m="57367" /><F66/><W132/><G132/><T24/><D91/><U73/><E98/><V135/><F135/><W11/><G11/><T8/><D89/><U86/><E102/><V36/><F80/><W62/><G62/><T52/><D63/><U69/><E69/><V71/><F71/><W48/><G48/><T1/><D1/><U38/><E60/><V82/><F36/><W113/><G113/><T95/><D37/><U58/><E38/><V123/><F123/><W10/><G10/><T39/><D8/><U127/><E51/><V115/><F115/><W28/><G28/><T68/><D68/><U121/><E121/><V41/><F41/><W72/><AGARI ba="0,1" hai="16,17,19,42,44,45,46,49,64,65,67,72,79,81" machi="72" ten="30,8000,1" yaku="1,1,0,1,52,1,54,1,53,1" doraHai="106" doraHaiUra="77" who="3" fromWho="3" sc="330,-20,230,-20,210,-40,220,90" /><INIT seed="3,0,0,2,1,21" ten="310,210,170,310" oya="3" hai0="43,115,131,57,2,4,30,84,3,36,32,13,97" hai1="100,31,86,116,112,22,111,98,9,77,28,63,59" hai2="87,85,56,103,96,33,16,95,67,29,37,0,105" hai3="76,34,11,52,128,1,118,124,109,68,69,119,120"/><W91/><G120/><T135/><D84/><U82/><E112/><V58/><F37/><W80/><G91/><T41/><D57/><U46/><E111/><V88/><F0/><W45/><G109/><T66/><D66/><U78/><E116/><N who="3" m="44586" /><G52/><T19/><D97/><U39/><E77/><V106/><F106/><W10/><G10/><T101/><D101/><U55/><E9/><V113/><F113/><W35/><G45/><T83/><D83/><U6/><E6/><V99/><F67/><W15/><G15/><T53/><D53/><U94/><E22/><V14/><F85/><W126/><G128/><T24/><D131/><U125/><E125/><N who="3" m="48234" /><G11/><N who="0" m="2455" /><D3/><U60/><E60/><V102/><F87/><N who="3" m="48519" /><G1/><T93/><D115/><U17/><E17/><V107/><F102/><W114/><G114/><T23/><D36/><U108/><E108/><V25/><F105/><W61/><G61/><T110/><D110/><U42/><AGARI ba="0,0" hai="28,31,39,42,46,55,59,63,78,82,86,94,98,100" machi="42" ten="30,1100,0" yaku="0,1" doraHai="21" who="1" fromWho="1" sc="310,-3,210,11,170,-3,310,-5" owari="307,40.7,221,-17.9,167,-33.3,305,10.5" /></mjloggm>