<mjloggm ver="2.3"><GO type="225" lobby="0"/><UN n0="%E6%A1%9C%E8%8A%B1%E9%96%83%E3%80%85" n1="%E3%83%81%E3%83%83%E3%82%BF%E3%82%BD%E3%83%BC" n2="%E3%83%A9%E3%82%B9%E7%8E%87%EF%BC%93%E5%89%B2" n3="%E6%98%93%E5%88%A9%E8%96%A9%E4%BC%AF" dan="16,16,16,17" rate="2121.03,2130.41,2188.87,2112.92" sx="M,F,F,F"/><TAIKYOKU oya="0"/><INIT seed="0,0,0,4,0,2" ten="250,250,250,250" oya="0" hai0="28,110,107,3,65,84,118,1,76,74,22,0,54" hai1="127,93,82,55,41,36,79,62,7,130,8,132,83" hai2="99,13,108,117,94,116,73,133,95,66,30,47,77" hai3="12,81,109,31,103,32,50,5,24,68,29,115,101"/><T51/><D118/><U37/><E127/><V42/><F66/><W23/><G68/><T124/><D124/><U59/><E130/><V45/><F30/><W20/><G109/><T86/><D107/><U100/><E132/><V105/><F105/><W46/><G115/><T104/><D104/><U92/><E83/><V17/><F77/><W53/><G81/><T87/><D65/><U97/><E92/><V70/><F73/><W35/><G32/><T25/><D110/><U52/><E55/><V114/><F70/><W33/><G35/><T56/><REACH who="0" step="1"/><D74/><REACH who="0" ten="240,250,250,250" step="2"/><U88/><E100/><V131/><F108/><W67/><G67/><T122/><D122/><U119/><E119/><V6/><F117/><W40/><G53/><T98/><D98/><U16/><E41/><V134/><F99/><W10/><G33/><T72/><D72/><U78/><E78/><AGARI ba="0,1" hai="0,1,3,22,25,28,51,54,56,76,78,84,86,87" machi="78" ten="50,2400,0" yaku="1,1,53,0" doraHai="2" doraHaiUra="4" who="0" fromWho="1" sc="240,34,250,-24,250,0,250,0" /><INIT seed="0,1,0,2,0,131" ten="274,226,250,250" oya="0" hai0="52,36,1,8,71,134,9,110,34,87,13,40,117" hai1="54,74,104,4,14,57,58,89,81,11,63,130,101" hai2="60,75,97,99,133,98,19,20,56,114,96,17,103" hai3="12,120,128,30,46,116,70,6,123,82,118,125,86"/><T50/><D117/><N who="3" m="45161" /><G70/><T18/><D71/><U127/><E130/><V65/><F133/><W85/><G46/><T132/><D34/><U55/><E127/><V37/><F114/><W27/><G128/><T121/><D121/><N who="3" m="46665" /><G125/><T94/><D36/><U21/><E21/><V69/><F75/><W77/><G6/><T25/><D40/><U38/><E38/><V135/><F135/><N who="0" m="51754" /><D110/><U108/><E108/><V51/><F37/><W62/><G62/><T59/><D25/><U35/><E35/><V122/><F122/><W105/><G105/><T115/><D115/><U39/><E39/><V112/><F112/><W129/><G12/><T7/><D94/><U102/><E104/><V72/><F72/><N who="3" m="43303" /><G129/><T106/><D87/><N who="1" m="50415" /><E74/><V126/><F126/><W29/><G29/><T66/><D106/><U124/><E124/><V10/><F69/><W83/><G83/><T79/><D79/><U67/><E67/><AGARI ba="1,0" hai="1,7,8,9,13,18,50,52,59,66,67" m="51754" machi="67" ten="30,12000,1" yaku="20,1,52,3,54,1" doraHai="131" who="0" fromWho="1" sc="274,123,226,-123,250,0,250,0" /><INIT seed="0,2,0,3,4,78" ten="397,103,250,250" oya="0" hai0="45,109,57,18,91,28,39,121,101,3,71,114,27" hai1="60,112,74,33,86,68,92,19,55,23,63,102,32" hai2="38,47,61,111,49,119,122,42,103,53,81,44,106" hai3="77,62,24,13,127,69,67,34,104,123,89,87,131"/><T84/><D114/><U100/><E112/><V128/><F122/><W41/><G123/><T12/><D121/><U30/><E74/><V117/><F103/><W52/><G41/><T88/><D71/><U9/><E9/><V135/><F106/><W0/><G0/><T118/><D118/><N who="2" m="45066" /><F111/><W35/><G131/><T124/><D3/><U80/><E30/><V5/><F5/><W79/><G104/><T73/><D73/><U11/><E11/><V17/><F17/><W29/><G35/><T125/><D101/><U126/><E126/><N who="0" m="48745" /><D57/><U108/><E108/><V22/><F22/><W43/><G43/><N who="0" m="22783" /><D109/><U21/><E21/><V1/><F1/><W76/><G127/><T6/><D6/><U4/><E4/><V2/><F2/><W58/><G13/><T56/><D56/><U50/><E68/><V83/><F128/><W36/><G36/><T85/><D18/><U94/><E32/><V70/><F135/><W8/><G8/><T65/><D65/><AGARI ba="2,0" hai="38,42,44,47,49,53,61,65,70,81,83" m="45066" machi="65" ten="30,3900,0" yaku="12,1,52,2" doraHai="78" who="2" fromWho="0" sc="397,-45,103,0,250,45,250,0" /><INIT seed="1,0,0,2,1,105" ten="352,103,295,250" oya="1" hai0="39,123,87,26,7,62,113,114,34,2,29,100,76" hai1="106,73,58,69,80,101,84,19,50,130,47,54,38" hai2="70,116,63,17,51,31,104,35,133,93,41,9,45" hai3="118,81,3,24,13,23,8,44,60,49,134,98,97"/><U0/><E130/><V127/><F104/><W103/><G3/><T74/><D87/><U77/><E0/><V132/><F116/><W40/><G134/><N who="2" m="51817" /><F31/><W48/><G118/><T82/><D123/><U15/><E69/><V111/><F35/><W25/><G60/><T129/><D129/><U57/><E38/><V107/><F107/><W12/><G49/><T68/><D100/><U65/><E65/><N who="2" m="41279" /><F93/><W52/><G40/><T89/><D89/><U102/><E84/><V120/><F17/><W128/><G128/><T119/><D119/><U122/><E122/><V61/><F9/><W42/><G42/><T66/><D39/><U59/><REACH who="1" step="1"/><E106/><REACH who="1" ten="352,93,295,250" step="2"/><V28/><F120/><W96/><G81/><T121/><D121/><U16/><E16/><V75/><F28/><W135/><G135/><T14/><D2/><U4/><E4/><V36/><F36/><W125/><G125/><T115/><D7/><U67/><E67/><V46/><F127/><W71/><G71/><T11/><D114/><U55/><E55/><V95/><F41/><W83/><G83/><T78/><D115/><U124/><E124/><V72/><F95/><W86/><G86/><T32/><D113/><U79/><E79/><V43/><F43/><W112/><G112/><T117/><D78/><U110/><E110/><V99/><F111/><W94/><G97/><T108/><D108/><U22/><AGARI ba="0,1" hai="15,19,22,47,50,54,57,58,59,73,77,80,101,102" machi="22" ten="30,6000,0" yaku="1,1,0,1,52,1,53,0" doraHai="105" doraHaiUra="33" who="1" fromWho="1" sc="352,-20,93,70,295,-20,250,-20" /><INIT seed="1,1,0,1,5,84" ten="332,163,275,230" oya="1" hai0="120,124,49,115,56,102,75,95,105,7,86,117,40" hai1="78,130,26,32,71,123,108,47,45,122,37,35,93" hai2="38,132,18,9,73,65,43,62,72,59,3,85,51" hai3="68,67,36,106,57,19,113,77,118,15,24,107,91"/><U121/><E130/><V79/><F132/><W64/><G113/><T33/><D33/><U58/><E71/><V63/><F38/><W55/><G36/><T90/><D115/><U94/><E78/><V42/><F51/><W87/><G77/><T22/><D117/><U8/><E8/><V34/><F34/><W39/><G39/><T23/><D124/><U69/><E69/><V99/><F99/><W76/><G24/><T14/><D105/><U5/><E5/><V110/><F110/><W16/><G19/><T61/><D102/><U41/><E108/><V82/><F73/><W53/><G53/><N who="0" m="33935" /><D75/><U52/><E47/><V13/><F3/><W74/><G76/><T97/><D86/><U12/><E12/><V31/><F31/><W10/><G74/><T83/><D83/><U101/><E101/><V11/><F11/><W119/><G107/><T129/><D120/><U81/><E81/><V66/><F72/><W4/><G4/><T20/><D129/><U92/><REACH who="1" step="1"/><E26/><REACH who="1" ten="332,153,275,230" step="2"/><V6/><F6/><W96/><G68/><AGARI ba="1,1" hai="9,13,18,42,43,59,62,63,65,66,68,79,82,85" machi="68" ten="30,1000,0" yaku="7,1" doraHai="84" who="2" fromWho="3" sc="332,0,153,0,275,23,230,-13" /><INIT seed="2,0,0,0,2,19" ten="332,153,298,217" oya="2" hai0="1,13,11,106,15,26,36,28,129,88,94,14,57" hai1="85,56,25,75,31,80,4,124,45,96,40,131,71" hai2="77,90,93,27,127,72,118,63,101,49,121,12,84" hai3="33,58,17,41,111,21,52,38,109,104,9,122,119"/><V114/><F118/><W55/><G104/><T87/><D129/><U43/><E124/><V54/><F114/><W24/><G119/><T76/><D36/><U51/><E131/><V99/><F121/><W110/><G122/><T116/><D116/><U44/><E71/><V39/><F39/><W10/><G33/><T32/><D106/><U89/><E4/><V5/><F127/><W132/><G132/><T133/><D133/><U42/><E75/><V91/><F72/><W107/><G107/><T113/><D113/><U108/><E108/><V20/><F63/><N who="3" m="36295" /><G55/><T69/><D69/><U126/><E126/><V134/><F134/><W0/><G0/><T115/><D115/><U97/><E56/><N who="2" m="32847" /><F12/><W23/><G21/><T29/><D29/><U62/><E62/><V100/><F77/><W68/><G68/><T46/><D57/><U130/><E130/><V83/><F5/><W125/><G125/><T16/><D46/><AGARI ba="0,0" hai="9,10,17,23,24,38,41,46,109,110,111" m="36295" machi="46" ten="30,3900,0" yaku="14,1,52,1,54,1" doraHai="19" who="3" fromWho="0" sc="332,-39,153,0,298,0,217,39" /><INIT seed="3,0,0,3,5,64" ten="293,153,298,256" oya="3" hai0="100,106,123,50,110,81,55,56,23,40,10,6,107" hai1="83,75,37,35,3,102,61,111,19,29,32,46,108" hai2="26,115,125,52,59,22,98,131,135,118,36,132,74" hai3="96,109,97,73,101,9,99,85,33,134,117,47,60"/><W84/><G33/><T13/><D123/><U82/><E3/><V119/><F36/><W71/><G117/><T15/><D110/><N who="1" m="42027" /><E102/><V66/><F66/><W62/><G109/><T87/><D40/><N who="1" m="22799" /><E19/><N who="2" m="12639" /><F74/><W126/><G73/><T92/><D100/><U58/><E29/><V93/><F115/><W70/><G101/><T24/><D92/><U67/><E83/><V49/><F131/><W105/><G47/><T116/><D15/><U113/><E113/><V4/><F125/><W95/><G126/><T122/><D122/><U128/><E128/><V48/><F48/><W34/><G34/><T80/><D116/><U25/><E25/><V16/><F16/><W5/><G105/><T89/><D81/><U51/><E51/><V21/><F21/><W104/><G104/><T90/><D90/><U20/><E20/><V68/><F4/><W27/><G27/><T54/><D54/><U1/><E1/><V57/><F93/><W120/><G120/><T42/><D42/><U112/><E112/><V72/><F119/><W11/><G95/><T94/><D94/><U39/><E39/><V43/><F118/><W129/><G129/><T44/><D44/><U127/><E127/><V88/><F88/><W103/><G103/><T65/><D65/><U76/><AGARI ba="0,0" hai="32,35,58,61,67,75,76,82" m="22799,42027" machi="76" ten="30,1100,0" yaku="14,1" doraHai="64" who="1" fromWho="1" sc="293,-3,153,11,298,-3,256,-5" /><INIT seed="4,0,0,3,1,46" ten="290,164,295,251" oya="0" hai0="69,5,87,80,22,130,77,48,108,63,109,97,28" hai1="24,26,116,17,78,132,93,121,51,10,33,113,49" hai2="76,15,98,129,57,52,64,89,43,131,126,8,18" hai3="82,21,81,41,25,127,92,54,58,101,50,16,134"/><T123/><D123/><U133/><E116/><V91/><F126/><W55/><G127/><T75/><D130/><N who="2" m="49674" /><F43/><W107/><G107/><T30/><D5/><U53/><E121/><V125/><F125/><W20/><G134/><N who="1" m="51818" /><E113/><V14/><F76/><W13/><G41/><T29/><D97/><U103/><E78/><V45/><F45/><N who="3" m="27983" /><G92/><T7/><D7/><U27/><E33/><V59/><F59/><W99/><G99/><T39/><D39/><U100/><E53/><V2/><F2/><W110/><G110/><N who="0" m="42603" /><D48/><N who="1" m="18507" /><E93/><V115/><F115/><W105/><G105/><T60/><D75/><U117/><E117/><V62/><F52/><W42/><G42/><T56/><D63/><U35/><E35/><V4/><F98/><W34/><G34/><T3/><D77/><U111/><E111/><V86/><F86/><W122/><G122/><T47/><D87/><U6/><E17/><V96/><F96/><W11/><G55/><T104/><D104/><U37/><E37/><V128/><F128/><W114/><G114/><T44/><D80/><U90/><E90/><V70/><F91/><W74/><G82/><T135/><D135/><U73/><E73/><V61/><F89/><W95/><G81/><T72/><D72/><U67/><E67/><V85/><F85/><W83/><G83/><T32/><D32/><U124/><E124/><V79/><F79/><W9/><G74/><T120/><D120/><U0/><AGARI ba="0,0" hai="0,6,10,24,26,27,100,103" m="18507,51818" machi="0" ten="40,8000,1" yaku="20,1,52,3" doraHai="46" who="1" fromWho="1" sc="290,-40,164,80,295,-20,251,-20" /><INIT seed="5,0,0,1,3,81" ten="250,244,275,231" oya="1" hai0="50,59,47,103,82,129,21,43,94,12,116,92,7" hai1="100,20,126,17,131,135,122,29,5,93,49,115,105" hai2="18,96,55,41,64,14,88,110,101,106,34,114,123" hai3="8,31,87,56,102,30,73,132,69,121,10,72,75"/><U90/><E122/><V120/><F34/><W62/><G69/><T3/><D116/><U53/><E126/><V124/><F124/><W2/><G121/><T78/><D129/><U99/><E135/><V85/><F110/><W61/><G132/><T112/><D112/><U0/><E131/><V27/><F114/><W68/><G102/><T119/><D119/><U133/><E133/><V66/><F27/><W79/><G68/><T46/><D3/><U25/><E115/><V54/><F41/><W48/><G48/><T77/><D47/><U37/><E37/><V9/><F123/><W52/><G62/><T32/><D32/><U60/><E60/><V71/><F120/><W89/><G79/><N who="0" m="30219" /><D103/><U80/><E80/><V1/><F1/><W15/><G2/><T4/><D82/><U33/><E5/><N who="0" m="2121" /><D59/><U117/><E0/><V51/><F71/><W35/><G35/><T11/><D21/><U76/><E76/><V26/><F26/><W16/><REACH who="3" step="1"/><G10/><REACH who="3" ten="250,244,275,221" step="2"/><T128/><D128/><U58/><E117/><V19/><F9/><W84/><G84/><T83/><D11/><U127/><E127/><V39/><F101/><W74/><N who="3" m="18432" /><DORA hai="98" /><W118/><G118/><T28/><D50/><U107/><REACH who="1" step="1"/><E90/><REACH who="1" ten="250,234,275,221" step="2"/><V40/><F88/><W67/><G67/><T24/><D83/><AGARI ba="0,2" hai="8,15,16,30,31,52,56,61,83,87,89" m="18432" machi="83" ten="70,8000,1" yaku="1,1,52,1,54,2,53,0" doraHai="81,98" doraHaiUra="38,70" who="3" fromWho="0" sc="250,-80,234,0,275,0,221,100" owari="170,-33.0,234,-16.6,275,7.5,321,42.1" /></mjloggm>