<mjloggm ver="2.3"><GO type="225" lobby="0"/><UN n0="%E3%81%A4%E3%82%8B%E3%81%A3%E3%81%B1%E3%81%92" n1="%E6%97%A5%E6%9B%9C%E6%97%A5%E3%82%88%E3%82%8A%E3%81%AE%E4%BD%BF%E8%80%85" n2="%E3%81%BD%E3%81%A1%E3%81%9F%E3%81%93%E3%82%84" n3="%E4%BF%BA%E3%81%A8%E5%A6%96%E5%A4%A2" dan="16,16,17,16" rate="2034.71,2137.57,2159.76,2108.93" sx="M,M,M,F"/><TAIKYOKU oya="0"/><INIT seed="0,0,0,4,4,71" ten="250,250,250,250" oya="0" hai0="20,123,99,91,15,24,31,108,10,33,122,96,113" hai1="92,109,59,14,103,1,135,69,85,34,98,11,112" hai2="84,74,53,49,89,65,28,132,61,68,131,39,32" hai3="64,52,76,44,73,106,107,72,101,102,46,45,41"/><T129/><D113/><U18/><E69/><V105/><F74/><W42/><G64/><T51/><D129/><U12/><E112/><V67/><F131/><W88/><G76/><T25/><D108/><U110/><E34/><V83/><F132/><W9/><G9/><T5/><D51/><U19/><E135/><V30/><F67/><W100/><G88/><T86/><D123/><U26/><E1/><V4/><F105/><W95/><G95/><T120/><D120/><U23/><E26/><V22/><F32/><W133/><G52/><T56/><D56/><U58/><REACH who="1" step="1"/><E85/><REACH who="1" ten="250,240,250,250" step="2"/><V17/><F4/><W117/><G133/><T27/><D122/><U118/><E118/><V115/><F115/><W2/><G2/><T60/><D60/><U62/><E62/><V119/><F119/><W63/><G63/><T3/><D27/><U6/><E6/><V38/><F30/><W82/><G117/><T81/><REACH who="0" step="1"/><D3/><REACH who="0" ten="240,240,250,250" step="2"/><U80/><E80/><V54/><F61/><W93/><G82/><T37/><D37/><U124/><E124/><V111/><F39/><W116/><G116/><T21/><D21/><U7/><E7/><V127/><F38/><W79/><G93/><T29/><AGARI ba="0,2" hai="5,10,15,20,24,25,29,31,33,81,86,91,96,99" machi="29" ten="20,3900,0" yaku="1,1,0,1,7,1,53,0" doraHai="71" doraHaiUra="97" who="0" fromWho="0" sc="240,59,240,-13,250,-13,250,-13" /><INIT seed="0,1,0,4,1,104" ten="299,227,237,237" oya="0" hai0="96,45,105,107,65,125,18,44,59,109,118,87,82" hai1="63,14,35,57,100,76,128,133,34,0,121,31,135" hai2="32,103,99,69,2,114,97,12,22,23,83,33,79" hai3="8,75,115,111,90,88,71,110,126,7,58,98,108"/><T13/><D118/><U77/><E121/><V94/><F2/><W55/><G115/><T42/><D125/><U91/><E0/><V50/><F69/><W39/><G39/><T46/><D109/><U16/><E100/><V1/><F1/><N who="3" m="111" /><G71/><T81/><D42/><U62/><E91/><V70/><F70/><W26/><G126/><T132/><D132/><N who="1" m="50763" /><E128/><V122/><F122/><W10/><G10/><T29/><D29/><U53/><E63/><V52/><F114/><W117/><G117/><T28/><D28/><U73/><E31/><V19/><F23/><W61/><G26/><T124/><D124/><U9/><E77/><V47/><REACH who="2" step="1"/><F99/><REACH who="2" ten="299,227,227,237" step="2"/><W27/><G98/><T48/><D96/><U116/><E116/><V15/><F15/><W24/><G24/><T85/><D13/><U86/><E35/><V74/><AGARI ba="1,1" hai="12,19,22,32,33,47,50,52,74,79,83,94,97,103" machi="74" ten="20,8000,1" yaku="1,1,0,1,7,1,52,1,54,1,53,0" doraHai="104" doraHaiUra="4" who="2" fromWho="2" sc="299,-41,227,-21,227,93,237,-21" /><INIT seed="1,0,0,5,3,96" ten="258,206,320,216" oya="1" hai0="105,12,39,94,85,60,59,117,111,40,28,9,87" hai1="24,49,88,50,113,123,64,10,52,72,93,65,80" hai2="86,57,107,19,74,135,38,58,1,77,98,116,46" hai3="110,43,112,23,29,68,82,78,73,91,89,27,61"/><U71/><E113/><V20/><F116/><W62/><G112/><T133/><D117/><U128/><E123/><V8/><F135/><W66/><G110/><T17/><D105/><U109/><E71/><V16/><F74/><W121/><G121/><T92/><D111/><U119/><E119/><V97/><F38/><W36/><REACH who="3" step="1"/><G62/><REACH who="3" ten="258,206,320,206" step="2"/><T134/><D60/><U126/><E109/><V22/><F107/><W84/><G84/><T131/><D87/><N who="1" m="50279" /><E72/><V30/><F86/><W81/><G81/><T118/><D85/><U122/><E122/><V56/><F77/><W26/><G26/><T25/><D118/><U99/><E126/><V108/><F108/><W127/><G127/><T75/><D75/><U42/><E128/><V101/><F97/><W47/><AGARI ba="0,1" hai="23,27,29,36,43,47,61,66,68,73,78,82,89,91" machi="47" ten="30,4000,0" yaku="1,1,0,1,53,1" doraHai="96" doraHaiUra="76" who="3" fromWho="3" sc="258,-10,206,-20,320,-10,206,50" /><INIT seed="2,0,0,2,0,62" ten="248,186,310,256" oya="2" hai0="15,93,78,6,77,89,17,19,79,121,66,1,55" hai1="115,63,85,128,46,108,38,111,123,53,50,117,45" hai2="106,7,14,101,118,95,97,21,41,0,16,86,59" hai3="83,42,92,34,28,75,35,43,10,18,91,73,57"/><V74/><F118/><W87/><G35/><T135/><D121/><U31/><E31/><V56/><F74/><W23/><G34/><T25/><D135/><U99/><E99/><V110/><F110/><N who="1" m="42025" /><E85/><V58/><F41/><W47/><G42/><T132/><D132/><U49/><E117/><V32/><F32/><W80/><G28/><T131/><D1/><U107/><E107/><V68/><F68/><W90/><G57/><T12/><D25/><U69/><E115/><V114/><F114/><W113/><G10/><N who="0" m="4183" /><D55/><N who="1" m="30127" /><E123/><V64/><F0/><W119/><G119/><T37/><D37/><U109/><N who="1" m="42033" /><U127/><DORA hai="122" /><E127/><V3/><F3/><W129/><G113/><T112/><D15/><U84/><E128/><V134/><F134/><W98/><G83/><T54/><D131/><U81/><E38/><V48/><F7/><W82/><G82/><T116/><D17/><U76/><E63/><N who="2" m="37991" /><F106/><W22/><G129/><T60/><D112/><U70/><AGARI ba="0,0" hai="46,50,53,69,70,76,81,84" m="30127,42033" machi="70" ten="40,8000,1" yaku="14,1,52,4" doraHai="62,122" who="1" fromWho="1" sc="248,-20,186,80,310,-40,256,-20" /><INIT seed="3,0,0,5,0,52" ten="228,266,270,236" oya="3" hai0="106,75,107,18,0,40,97,129,68,61,44,30,79" hai1="43,69,101,65,128,133,66,53,81,89,119,33,41" hai2="67,46,34,60,29,8,26,96,111,15,71,105,1" hai3="94,28,87,11,7,59,83,17,114,110,103,88,118"/><W54/><G114/><T32/><D18/><U86/><E33/><V48/><F111/><W39/><G118/><T112/><D129/><U93/><E128/><V132/><F132/><W3/><G39/><N who="0" m="21535" /><D0/><U78/><E133/><V10/><F1/><W120/><G120/><T2/><D2/><U14/><E119/><V9/><F96/><W102/><G110/><T134/><D134/><U12/><E101/><V116/><F105/><W23/><G28/><T4/><D4/><U19/><E53/><V85/><F85/><W73/><G83/><N who="0" m="45567" /><D97/><U109/><E109/><V100/><F116/><W90/><G90/><T50/><D50/><U16/><E43/><V49/><F49/><N who="3" m="31183" /><G73/><T56/><D56/><U21/><E41/><V5/><F100/><W76/><G76/><T45/><D45/><U104/><E104/><V36/><F36/><W72/><G72/><T124/><D124/><U115/><E115/><V91/><F91/><W27/><G3/><T64/><D112/><U55/><E69/><V131/><F131/><W37/><G37/><T95/><D95/><U35/><E78/><V63/><F63/><W127/><G127/><T135/><D135/><U58/><E93/><V123/><F123/><W57/><G57/><T13/><D13/><U24/><E12/><V126/><REACH who="2" step="1"/><F126/><REACH who="2" ten="228,266,260,236" step="2"/><W82/><G82/><T74/><D74/><U70/><E81/><V62/><F62/><W51/><G51/><T84/><D84/><U47/><E86/><V98/><F98/><W108/><G108/><T99/><D99/><U25/><E89/><V92/><F92/><W6/><G94/><RYUUKYOKU ba="0,1" sc="228,15,266,-15,260,15,236,-15" hai0="30,32,61,64,68,106,107" hai2="5,8,9,10,15,26,29,34,46,48,60,67,71" /><INIT seed="4,1,1,1,0,132" ten="243,251,275,221" oya="0" hai0="37,114,69,103,46,7,45,51,27,47,11,80,49" hai1="83,108,107,82,113,106,6,73,71,112,129,89,1" hai2="93,91,24,52,33,41,29,39,44,126,54,120,57" hai3="115,9,19,128,121,13,133,15,78,10,98,20,101"/><T3/><D114/><N who="1" m="44139" /><E71/><V104/><F126/><W130/><G115/><T23/><D69/><U70/><E70/><V48/><F120/><W30/><G133/><T31/><D37/><U0/><E108/><V117/><F117/><W61/><G121/><T105/><REACH who="0" step="1"/><D80/><REACH who="0" ten="233,251,275,221" step="2"/><U76/><E129/><N who="3" m="49770" /><G78/><T72/><D72/><U43/><E82/><V18/><F39/><W131/><G131/><T60/><D60/><U16/><E83/><V124/><F48/><W38/><G38/><T109/><D109/><U118/><E76/><V25/><F124/><W65/><G30/><T92/><D92/><U5/><E73/><V55/><F93/><N who="3" m="58575" /><G13/><T75/><D75/><U84/><E118/><V21/><F29/><W40/><G40/><T119/><D119/><U74/><E43/><V8/><F41/><W56/><AGARI ba="1,2" hai="9,10,15,19,20,56,61,65" m="58575,49770" machi="56" ten="30,1100,0" yaku="19,1" doraHai="132" who="3" fromWho="3" sc="233,-6,251,-4,275,-4,221,34" /><INIT seed="5,0,0,1,4,114" ten="227,247,271,255" oya="1" hai0="82,81,22,72,64,133,100,129,85,30,3,79,68" hai1="80,112,8,67,113,53,16,55,122,135,19,90,11" hai2="126,24,50,131,111,54,132,17,92,60,45,49,42" hai3="115,34,41,93,101,59,5,117,36,48,32,27,18"/><U106/><E106/><V110/><F131/><W99/><G115/><N who="1" m="44106" /><E67/><V127/><F92/><W74/><G36/><T44/><D129/><U38/><E38/><N who="2" m="21719" /><F17/><N who="1" m="6729" /><E122/><V123/><F24/><W56/><G27/><N who="0" m="16759" /><D64/><U28/><E28/><V20/><F20/><W2/><G32/><T104/><D68/><U39/><E39/><V25/><F25/><W0/><G34/><T9/><D104/><U116/><E135/><V14/><F14/><W84/><G0/><T10/><D3/><U119/><E90/><V83/><F123/><W124/><G2/><T51/><D100/><U97/><E97/><V98/><F98/><W62/><G101/><T109/><D109/><U73/><E73/><V87/><F132/><W31/><G74/><T125/><D133/><U76/><E80/><V33/><F33/><W105/><G105/><T7/><D7/><U15/><E76/><V69/><F83/><W61/><G5/><T86/><D72/><U91/><E91/><V46/><F87/><W43/><G84/><T70/><D70/><U121/><E121/><V118/><F110/><W102/><G31/><T35/><D35/><U6/><E11/><V40/><F111/><W47/><G18/><T134/><D134/><U21/><E21/><V88/><F69/><W107/><G107/><T12/><D9/><U77/><E77/><V95/><F88/><W1/><G1/><T63/><D10/><U4/><E4/><V37/><F37/><W26/><G26/><T75/><D75/><U130/><E130/><V103/><F103/><W58/><G102/><T66/><D79/><U23/><E23/><RYUUKYOKU ba="0,0" sc="227,-10,247,30,271,-10,255,-10" hai1="6,8,15,53,55,116,119" /><INIT seed="5,1,0,5,3,48" ten="217,277,261,245" oya="1" hai0="119,54,34,78,107,130,73,38,40,61,89,106,59" hai1="98,72,28,77,115,71,63,49,47,118,82,3,83" hai2="112,76,19,44,22,29,117,94,110,109,57,85,15" hai3="134,101,62,60,35,116,123,36,39,24,113,7,55"/><U53/><E118/><V0/><F117/><W87/><G116/><T121/><D130/><U104/><E3/><V51/><F0/><W128/><G123/><T27/><D119/><U64/><E115/><V20/><F112/><W68/><G113/><T32/><D121/><U10/><E83/><V43/><F76/><W70/><G7/><T129/><D129/><U131/><E131/><V66/><F85/><W91/><G128/><T37/><D89/><U124/><E124/><V93/><F109/><W69/><G101/><T58/><D78/><U65/><E65/><V14/><F110/><W17/><G62/><T127/><D73/><U75/><E28/><V88/><F88/><W6/><G6/><T46/><D127/><U52/><E10/><V2/><F2/><W81/><G134/><T79/><D79/><U42/><REACH who="1" step="1"/><E75/><REACH who="1" ten="217,267,261,245" step="2"/><V95/><F29/><W90/><G81/><T102/><D38/><U41/><E41/><V114/><F114/><W50/><G39/><T45/><D40/><U9/><E9/><V122/><F122/><W56/><G36/><T12/><D37/><U21/><E21/><V4/><F22/><N who="3" m="13391" /><G87/><T132/><D132/><U26/><E26/><V126/><F126/><W67/><G35/><T30/><D34/><U125/><E125/><V86/><F15/><W92/><G67/><N who="0" m="39351" /><D12/><U16/><E16/><V120/><F120/><W99/><G99/><N who="0" m="61791" /><D107/><U25/><E25/><V103/><F4/><W13/><G13/><T1/><D1/><U31/><E31/><V84/><F14/><W23/><G23/><T96/><D96/><U97/><E97/><RYUUKYOKU ba="1,1" sc="217,15,267,15,261,-15,245,-15" hai0="27,30,32,45,46,54,59" hai1="42,47,49,52,53,63,64,71,72,77,82,98,104" /><INIT seed="5,2,1,2,3,40" ten="232,282,246,230" oya="1" hai0="126,71,47,111,0,37,3,122,6,113,11,132,96" hai1="133,8,4,29,21,74,123,119,124,58,89,87,116" hai2="78,99,130,95,76,28,104,82,117,52,73,92,106" hai3="128,22,86,120,112,83,107,24,118,80,94,98,45"/><U38/><E38/><V43/><F117/><W2/><G120/><T129/><RYUUKYOKU type="yao9" ba="2,1" sc="232,0,282,0,246,0,230,0" hai0="0,3,6,11,37,47,71,96,111,113,122,126,129,132" /><INIT seed="5,3,1,4,1,68" ten="232,282,246,230" oya="1" hai0="120,82,9,114,112,70,133,61,57,75,11,64,128" hai1="106,17,125,66,42,4,97,47,29,117,7,129,20" hai2="23,84,34,123,74,26,32,10,103,95,93,72,132" hai3="24,85,92,109,21,105,1,3,55,31,107,37,19"/><U89/><E117/><V14/><F123/><W44/><G109/><T45/><D128/><U30/><E66/><V118/><F118/><W15/><G107/><T27/><D133/><U38/><E129/><V127/><F132/><W88/><G105/><T60/><D27/><U67/><E67/><V51/><F127/><W59/><G44/><T116/><D116/><U18/><E18/><V122/><F122/><W33/><REACH who="3" step="1"/><G37/><REACH who="3" ten="232,282,246,220" step="2"/><T98/><D45/><U43/><E38/><V108/><F108/><W8/><G8/><T131/><D131/><U78/><E47/><V58/><F10/><W6/><G6/><T35/><D9/><U130/><E4/><V124/><F124/><W49/><AGARI ba="3,2" hai="1,3,15,19,21,24,31,33,49,55,59,85,88,92" machi="49" ten="20,12000,2" yaku="1,1,0,1,7,1,25,2,54,1,53,1" doraHai="68" doraHaiUra="46" who="3" fromWho="3" sc="232,-33,282,-63,246,-33,220,149" owari="199,-30.1,219,1.9,213,-18.7,369,46.9" /></mjloggm>