<mjloggm ver="2.3"><GO type="225" lobby="0"/><UN n0="%70%6F%69%73%6F%6E%30%32" n1="%E3%81%AF%E3%82%88%E3%81%8A%E3%81%98%E3%81%95%E3%82%93" n2="%E6%97%A5%E6%9B%9C%E6%97%A5%E3%82%88%E3%82%8A%E3%81%AE%E4%BD%BF%E8%80%85" n3="%E5%91%A8%E6%9D%B1" dan="16,17,17,16" rate="2069.05,2239.44,2252.20,2227.25" sx="M,M,M,M"/><TAIKYOKU oya="0"/><INIT seed="0,0,0,0,5,70" ten="250,250,250,250" oya="0" hai0="77,108,47,128,5,79,102,8,37,42,100,65,0" hai1="126,60,11,76,53,18,39,10,107,35,112,46,23" hai2="110,82,133,92,99,120,122,28,115,67,132,43,83" hai3="131,52,121,31,69,73,96,50,93,87,111,135,105"/><T17/><D128/><U3/><E35/><V6/><F28/><W125/><G131/><T44/><D65/><U66/><E107/><V29/><F29/><W74/><G69/><T54/><D108/><U22/><E76/><V45/><F6/><W109/><G31/><T21/><D79/><U63/><E126/><V38/><F67/><W56/><G125/><T2/><D2/><U1/><E66/><V113/><F83/><W117/><G117/><T103/><D77/><U114/><E46/><V118/><F82/><W49/><G135/><N who="2" m="51785" /><F110/><N who="3" m="41995" /><G121/><N who="2" m="46697" /><F118/><W24/><G24/><T129/><D129/><U106/><E106/><V7/><F7/><W33/><G33/><T123/><D123/><U68/><E68/><V85/><F85/><W19/><G19/><T78/><D47/><U61/><E18/><V14/><F14/><W127/><G127/><T84/><D84/><U20/><E53/><V55/><F55/><N who="3" m="31855" /><G105/><T25/><D54/><U90/><E1/><V88/><AGARI ba="0,0" hai="38,43,45,88,92,99,113,115" m="46697,51785" machi="88" ten="30,4000,0" yaku="20,1,52,1,54,1" doraHai="70" who="2" fromWho="2" sc="250,-20,250,-10,250,40,250,-10" /><INIT seed="1,0,0,4,1,90" ten="230,240,290,240" oya="1" hai0="66,39,92,88,48,69,115,89,24,80,108,106,37" hai1="18,109,59,131,63,127,98,51,55,2,123,10,58" hai2="22,114,60,95,36,47,6,13,128,52,96,26,29" hai3="71,61,111,87,117,124,14,44,74,107,105,91,93"/><U122/><E127/><V73/><F73/><W97/><G124/><T0/><D106/><U121/><E131/><V68/><F114/><W53/><G111/><T132/><D108/><U17/><E109/><V16/><F128/><W25/><G117/><T79/><D0/><U116/><E116/><V40/><F6/><W35/><G74/><T81/><D115/><U20/><E98/><V15/><F68/><W70/><G14/><T104/><D89/><U23/><E17/><V82/><F82/><W103/><G107/><T119/><D104/><U9/><E2/><V3/><F3/><W27/><G27/><T28/><D132/><U46/><E59/><N who="2" m="34919" /><F29/><W83/><G83/><T110/><D48/><U76/><E76/><V113/><F113/><W99/><G99/><T62/><D110/><U34/><E34/><V11/><F11/><W101/><G101/><T67/><D81/><U125/><E125/><V32/><F32/><W21/><G35/><T85/><D67/><U77/><E77/><V30/><F30/><W129/><G129/><T33/><REACH who="0" step="1"/><D119/><REACH who="0" ten="220,240,290,240" step="2"/><U49/><E49/><V78/><F78/><W84/><G105/><T43/><D43/><U75/><E75/><AGARI ba="0,1" hai="24,28,33,37,39,62,66,69,75,79,80,85,88,92" machi="75" ten="30,8000,1" yaku="1,1,7,1,52,1,54,1,53,1" doraHai="90" doraHaiUra="65" who="0" fromWho="1" sc="220,90,240,-80,290,0,240,0" /><INIT seed="2,0,0,3,2,14" ten="310,160,290,240" oya="2" hai0="27,19,106,34,101,108,0,120,7,65,69,81,1" hai1="87,83,24,97,43,82,62,88,129,124,95,107,75" hai2="50,23,17,16,11,47,63,20,73,71,32,94,115" hai3="134,96,9,26,118,2,132,125,130,135,114,91,86"/><V40/><F115/><W6/><G118/><T49/><D108/><U127/><E24/><V70/><F32/><W109/><G114/><T67/><D120/><U28/><E62/><V68/><F73/><W5/><G109/><T18/><D81/><U22/><E22/><V42/><F42/><W112/><G112/><T121/><D121/><U85/><E28/><V74/><F74/><W89/><G130/><T13/><D49/><U90/><E43/><V58/><F94/><N who="3" m="56399" /><G125/><N who="1" m="48202" /><E129/><V37/><F37/><W59/><G26/><T12/><D67/><U93/><E75/><V99/><F99/><W25/><G25/><T41/><D41/><U56/><E56/><V131/><F131/><W8/><G59/><T45/><D45/><U31/><E31/><V44/><F44/><W105/><G8/><T122/><D122/><U4/><E4/><V29/><F29/><W3/><G6/><T55/><D27/><U53/><E53/><V36/><F36/><W110/><G110/><T100/><D55/><U116/><E116/><V92/><F11/><W10/><G10/><N who="0" m="6423" /><D7/><U60/><E60/><V79/><F71/><W77/><G9/><N who="0" m="6575" /><D34/><U84/><E84/><V66/><F70/><W117/><G86/><T38/><D38/><U119/><E119/><V48/><F68/><W46/><G117/><T78/><D65/><U80/><E107/><V54/><F47/><W104/><G46/><T111/><D69/><U133/><E133/><V113/><F113/><W15/><G135/><T126/><D126/><U64/><E64/><V52/><F66/><W30/><G134/><T102/><D106/><RYUUKYOKU ba="0,0" sc="310,-10,160,30,290,-10,240,-10" hai1="80,82,83,85,87,88,90,93,95,97" /><INIT seed="3,1,0,1,4,48" ten="300,190,280,230" oya="3" hai0="120,8,40,128,55,58,115,81,64,79,135,133,10" hai1="119,109,49,5,16,100,3,59,72,42,130,50,46" hai2="73,57,30,21,97,26,93,51,134,89,9,34,116" hai3="52,70,43,44,103,41,105,78,80,111,14,121,37"/><W28/><G121/><T71/><D120/><U124/><E72/><V0/><F116/><W87/><G70/><T91/><D128/><U125/><E130/><V32/><F73/><W106/><G111/><T129/><D40/><U56/><E109/><V24/><F134/><N who="0" m="51210" /><D129/><U68/><E68/><V27/><F34/><W99/><G28/><T110/><D91/><U85/><E119/><V92/><F32/><W127/><G127/><N who="1" m="48714" /><E100/><V23/><F0/><W114/><G114/><T126/><D115/><U65/><E85/><V75/><F75/><W117/><G117/><T74/><D110/><U39/><E5/><V20/><F9/><W67/><G67/><T98/><D98/><U82/><E82/><V11/><F11/><W112/><G112/><T12/><D12/><U122/><E3/><V1/><F1/><W63/><G14/><T53/><D126/><U62/><E122/><V86/><F30/><W113/><G41/><T25/><D25/><U118/><E118/><V35/><F35/><W107/><G113/><T102/><D102/><U101/><E101/><N who="2" m="60583" /><F27/><W17/><G17/><T22/><D71/><N who="1" m="42423" /><E16/><V77/><F77/><W88/><G78/><T4/><D22/><U19/><E19/><V6/><F6/><W84/><G84/><T76/><D76/><U29/><E29/><V95/><F95/><W83/><G83/><T38/><D10/><U33/><E33/><V47/><F26/><W69/><G69/><T104/><D104/><U123/><E123/><V54/><F24/><W94/><G106/><T60/><D38/><U45/><E39/><V61/><F23/><RYUUKYOKU ba="1,0" sc="300,0,190,0,280,0,230,0" hai0="4,8,53,55,58,60,64,74,79,81" hai1="42,45,46,49,50,56,59" hai2="20,21,47,51,54,57,61,86,89,93" hai3="37,43,44,52,63,80,87,88,94,99,103,105,107" /><INIT seed="3,2,0,5,4,95" ten="300,190,280,230" oya="3" hai0="71,28,125,62,49,26,120,117,27,57,122,124,111" hai1="50,14,60,109,84,87,35,2,92,132,93,6,64" hai2="22,80,126,134,38,53,25,10,107,20,15,79,130" hai3="108,118,13,51,43,11,17,81,102,83,56,44,91"/><W40/><G118/><T86/><D111/><U112/><E112/><V115/><F115/><W72/><G108/><T113/><D117/><U34/><E109/><V100/><F38/><W7/><G72/><T85/><D49/><U16/><E132/><V18/><F134/><W110/><G110/><T76/><D71/><U29/><E2/><V19/><F126/><N who="0" m="48746" /><D27/><U103/><E6/><V66/><F130/><W90/><G43/><T94/><D94/><U69/><E50/><V63/><F53/><W77/><G77/><T97/><D97/><U128/><E128/><V47/><F47/><W37/><G102/><T82/><D86/><U12/><E12/><V48/><F48/><W5/><G56/><T127/><D113/><U24/><E35/><V68/><F10/><W101/><G101/><T3/><D3/><U39/><E93/><V8/><F8/><W70/><G70/><T98/><D98/><U99/><E39/><V123/><F123/><W1/><G37/><T9/><D9/><AGARI ba="2,0" hai="9,14,16,24,29,34,60,64,69,84,87,92,99,103" machi="9" ten="30,3900,0" yaku="7,1,52,1,54,1" doraHai="95" who="1" fromWho="0" sc="300,-45,190,45,280,0,230,0" /><INIT seed="4,0,0,5,3,12" ten="255,235,280,230" oya="0" hai0="14,26,53,65,22,116,44,125,79,5,54,83,60" hai1="110,67,105,48,64,7,4,38,113,59,1,30,24" hai2="19,6,68,104,89,131,46,101,130,92,118,37,29" hai3="31,25,45,41,108,56,97,72,8,47,86,102,99"/><T55/><D116/><U43/><E105/><V2/><F68/><W78/><G108/><T33/><D125/><U117/><E117/><V27/><F118/><W50/><G72/><T52/><D33/><U135/><E110/><V58/><F101/><W109/><G109/><T49/><D5/><U51/><E135/><V85/><F104/><W75/><G75/><T107/><D14/><U39/><E113/><V0/><F58/><W18/><G56/><N who="0" m="36999" /><D107/><U17/><E1/><V133/><F133/><W132/><G132/><T115/><D115/><U28/><E59/><V42/><F6/><W9/><G45/><T34/><D34/><U81/><E81/><V106/><F106/><W21/><G31/><N who="0" m="17879" /><D83/><U112/><E112/><V123/><F123/><W96/><G102/><T69/><D69/><U128/><E24/><V40/><F29/><W77/><G77/><AGARI ba="0,0" hai="44,49,52,53,54,55,77,79" m="17879,36999" machi="77" ten="30,2900,0" yaku="8,1,54,1" doraHai="12" who="0" fromWho="3" sc="255,29,235,0,280,0,230,-29" /><INIT seed="4,1,0,0,5,16" ten="284,235,280,201" oya="0" hai0="13,36,27,112,38,11,17,103,135,14,121,105,118" hai1="33,66,114,72,57,67,62,128,111,5,86,30,132" hai2="124,75,65,44,120,93,94,97,85,39,28,131,92" hai3="108,56,130,34,10,68,91,31,84,61,76,1,110"/><T69/><D118/><U116/><E72/><V81/><F120/><W122/><G122/><T123/><D112/><U78/><E116/><V50/><F39/><W21/><G68/><T3/><D69/><U40/><E111/><V134/><F75/><W117/><G117/><T23/><D135/><U12/><E132/><V43/><F134/><W59/><G34/><T46/><D3/><U8/><E128/><V73/><F73/><W63/><G76/><T126/><D14/><U82/><E114/><V87/><F131/><W42/><G42/><T96/><D126/><U95/><E40/><V41/><F124/><W70/><G70/><T18/><D38/><U15/><E67/><V37/><F65/><W0/><G130/><T89/><D89/><U35/><E30/><V29/><F97/><W83/><G110/><T24/><D24/><U133/><E133/><V53/><F87/><W106/><G106/><T90/><D90/><U104/><E104/><V48/><F37/><W88/><G108/><T119/><D119/><U71/><E71/><V49/><F49/><W22/><G31/><T77/><D77/><U107/><E107/><V45/><F53/><W64/><G91/><AGARI ba="1,0" hai="28,29,41,43,44,45,48,50,81,85,91,92,93,94" machi="91" ten="40,2600,0" yaku="9,1,8,1" doraHai="16" who="2" fromWho="3" sc="284,0,235,0,280,29,201,-29" owari="284,8.4,235,-16.5,309,40.9,172,-32.8" /></mjloggm>