<mjloggm ver="2.3"><GO type="225" lobby="0"/><UN n0="%E3%83%96%E3%83%83%E3%83%91%E3%82%AA%E3%83%96%E3%83%81%E3%82%AD%E3%83%B3" n1="%E6%9C%88%E5%B3%B6%E5%9F%BA" n2="%E5%91%A8%E6%9D%B1" n3="%E3%83%B4%E3%83%A0%EF%BC%99%E3%81%A6" dan="16,16,17,16" rate="2141.18,2119.02,2153.27,2135.82" sx="M,M,M,M"/><TAIKYOKU oya="0"/><INIT seed="0,0,0,0,1,84" ten="250,250,250,250" oya="0" hai0="43,45,58,40,80,33,121,14,44,128,24,83,60" hai1="12,2,90,3,22,5,38,124,49,68,122,34,130" hai2="39,50,89,134,112,52,107,126,109,111,93,47,133" hai3="91,42,123,23,37,127,53,55,4,21,119,101,18"/><T92/><D121/><U25/><E38/><V16/><F107/><W99/><G119/><T32/><D128/><U70/><E122/><V54/><F112/><W28/><G123/><T71/><D71/><U69/><E130/><V125/><F39/><W74/><G4/><T48/><D14/><U106/><E106/><V30/><F16/><W86/><G74/><T0/><D0/><U46/><E124/><N who="2" m="47723" /><F54/><W96/><G127/><T62/><D24/><U105/><E105/><V8/><F30/><W61/><G42/><T73/><D73/><U82/><E5/><V118/><F8/><W102/><G37/><T15/><D15/><U31/><E12/><V115/><F115/><W81/><G28/><T56/><REACH who="0" step="1"/><D48/><REACH who="0" ten="240,250,250,250" step="2"/><U59/><E3/><V29/><F118/><W63/><G18/><T6/><D6/><U103/><E2/><V1/><F1/><W36/><G36/><T100/><D100/><U135/><E103/><V11/><F29/><W51/><G102/><T87/><D87/><U65/><E25/><V131/><F131/><W77/><G101/><T120/><D120/><U9/><E31/><V132/><F11/><W88/><G51/><T94/><AGARI ba="0,1" hai="32,33,40,43,44,45,56,58,60,62,80,83,92,94" machi="94" ten="25,9600,0" yaku="1,1,0,1,22,2,53,0" doraHai="84" doraHaiUra="97" who="0" fromWho="0" sc="240,106,250,-32,250,-32,250,-32" /><INIT seed="0,1,0,5,4,126" ten="346,218,218,218" oya="0" hai0="49,104,45,72,123,114,95,15,106,115,55,30,88" hai1="3,19,117,18,90,20,60,8,34,31,116,33,102" hai2="21,38,101,133,44,134,73,69,121,87,85,46,70" hai3="84,58,122,24,22,113,109,112,103,28,89,118,39"/><T12/><D72/><U127/><E102/><V86/><F73/><W16/><G118/><N who="1" m="45674" /><E90/><V40/><F101/><W68/><G68/><T124/><D124/><U29/><E60/><V110/><F121/><W82/><G122/><T5/><D123/><U66/><E66/><V62/><F110/><W131/><G109/><T42/><D106/><U9/><E127/><V77/><F77/><W37/><G103/><T135/><D104/><U98/><E98/><V17/><F46/><W13/><G131/><T14/><D135/><N who="2" m="51722" /><F62/><W128/><G128/><T105/><D105/><U11/><E3/><V97/><F97/><W61/><G37/><T54/><D5/><U92/><E92/><V120/><F120/><W36/><G36/><T57/><D30/><N who="1" m="11275" /><E20/><V6/><F6/><W41/><G41/><T2/><D2/><U10/><N who="1" m="2048" /><DORA hai="78" /><U1/><E1/><V52/><F52/><W4/><G39/><T43/><D55/><U59/><E59/><V83/><F83/><W99/><G4/><T35/><D43/><U129/><E129/><V100/><F100/><W74/><G99/><T81/><D81/><U79/><E79/><V0/><F0/><W48/><G74/><T111/><D111/><U94/><E94/><V125/><F125/><W51/><G51/><T56/><D42/><U107/><E107/><V23/><F23/><N who="3" m="11663" /><G48/><T27/><D45/><U71/><E71/><V25/><AGARI ba="1,0" hai="17,21,25,38,40,44,69,70,85,86,87" m="51722" machi="25" ten="30,1100,0" yaku="20,1" doraHai="126,78" who="2" fromWho="2" sc="346,-6,218,-4,218,14,218,-4" /><INIT seed="1,0,0,5,2,103" ten="340,214,232,214" oya="1" hai0="104,3,54,4,109,23,10,40,0,113,117,108,59" hai1="130,27,127,134,61,132,31,65,24,30,97,76,74" hai2="131,83,100,82,41,46,11,79,111,56,72,125,62" hai3="91,52,16,43,118,92,119,70,7,107,133,115,45"/><U93/><E76/><V57/><F111/><N who="0" m="42570" /><D113/><U25/><E74/><V26/><F125/><W53/><G115/><T68/><D117/><N who="3" m="44553" /><G70/><T55/><D68/><N who="1" m="42031" /><E127/><V98/><F131/><W121/><G121/><T22/><D3/><U58/><E58/><V129/><F129/><W73/><G73/><T128/><D128/><U49/><E49/><V105/><F83/><W9/><G107/><T88/><D59/><U67/><E67/><V42/><F42/><W28/><G28/><T77/><D55/><U39/><E39/><V32/><F11/><W14/><G7/><T122/><D54/><U50/><E50/><V116/><F116/><W81/><G81/><T51/><D77/><U126/><E126/><V18/><F62/><W101/><G101/><T86/><D51/><U66/><E66/><V8/><F32/><W102/><G102/><T64/><D88/><N who="1" m="55463" /><E130/><V85/><F72/><W80/><G80/><T123/><D64/><U21/><E31/><V135/><F56/><W112/><G112/><T36/><D36/><U34/><E34/><V33/><F57/><W6/><G6/><T38/><D38/><U114/><E114/><V44/><F41/><W90/><G53/><T60/><D40/><U13/><E30/><N who="2" m="19671" /><F46/><W87/><G52/><T95/><D4/><U5/><E5/><V120/><F44/><W2/><G90/><T78/><D78/><U63/><E63/><V110/><F110/><W69/><G69/><T99/><D60/><U1/><E1/><V96/><F79/><W47/><G43/><T20/><D0/><U48/><E48/><V35/><F35/><RYUUKYOKU ba="0,0" sc="340,-10,214,30,232,-10,214,-10" hai1="13,21,24,25,27,132,134" /><INIT seed="1,1,0,5,2,78" ten="330,244,222,204" oya="1" hai0="107,16,67,6,76,129,88,85,40,25,115,10,70" hai1="63,39,55,120,8,90,42,89,4,56,72,28,66" hai2="24,49,33,131,125,130,71,87,59,0,98,74,92" hai3="108,69,58,30,26,32,123,118,36,127,94,82,132"/><U99/><E120/><V3/><F74/><W37/><G123/><T14/><D115/><U29/><E72/><V95/><F71/><W64/><G69/><T27/><D107/><U44/><E66/><V93/><F125/><W65/><G127/><T13/><D129/><N who="2" m="49162" /><F98/><W54/><G108/><T9/><D76/><U111/><E111/><V114/><F114/><W112/><G112/><T126/><D126/><U96/><E96/><V110/><F110/><W1/><G1/><N who="2" m="585" /><F24/><W34/><G34/><T73/><D73/><U51/><E39/><V46/><F59/><W22/><G32/><T91/><D40/><U38/><E38/><V102/><F33/><W79/><G118/><T45/><D45/><U23/><E23/><V134/><F134/><W117/><G117/><T103/><D103/><U109/><E109/><V52/><F102/><W101/><G132/><T81/><REACH who="0" step="1"/><D91/><AGARI ba="1,0" hai="46,49,52,87,91,92,93,95" m="585,49162" machi="91" ten="30,2000,0" yaku="19,1,54,1" doraHai="78" who="2" fromWho="0" sc="330,-23,244,0,222,23,204,0" /><INIT seed="2,0,0,0,0,31" ten="307,244,245,204" oya="2" hai0="21,129,82,105,24,22,4,88,42,125,94,20,1" hai1="30,113,51,73,67,12,0,128,53,106,104,50,62" hai2="126,110,116,103,85,68,95,29,35,84,123,43,124" hai3="48,37,5,58,70,133,59,7,111,72,97,92,69"/><V10/><F123/><W66/><G37/><T25/><D105/><U79/><E0/><V132/><F116/><W18/><G72/><T74/><D129/><U56/><E113/><V71/><F132/><W8/><G133/><T49/><D125/><N who="2" m="48234" /><F43/><W86/><G86/><N who="2" m="33385" /><F10/><W130/><G130/><T23/><D1/><U40/><E79/><V63/><F63/><W61/><G111/><T121/><D121/><U118/><E73/><V38/><F38/><W52/><G18/><T93/><D4/><U15/><E118/><V47/><F47/><W81/><G81/><T75/><D82/><U80/><E80/><V9/><F9/><W122/><G122/><T26/><D94/><U39/><E104/><V6/><F6/><W114/><G114/><T98/><N who="0" m="5120" /><DORA hai="96" /><T2/><REACH who="0" step="1"/><D2/><REACH who="0" ten="297,244,245,204" step="2"/><U60/><E106/><V91/><F110/><W112/><G112/><T57/><D57/><U117/><E56/><V65/><F71/><W19/><G19/><T45/><AGARI ba="0,1" hai="24,25,26,42,45,49,74,75,88,93,98" m="5120" machi="45" ten="50,6400,0" yaku="1,1,0,1,54,1,53,0" doraHai="31,96" doraHaiUra="102,27" who="0" fromWho="0" sc="297,74,244,-16,245,-32,204,-16" /><INIT seed="3,0,0,0,5,31" ten="371,228,213,188" oya="3" hai0="53,30,73,44,93,81,94,64,56,17,50,5,127" hai1="20,82,117,99,72,87,74,108,133,1,33,113,65" hai2="55,34,46,79,118,24,80,29,38,98,115,111,27" hai3="8,107,104,131,128,52,134,58,71,122,114,13,85"/><W100/><G114/><T21/><D127/><U11/><E33/><V130/><F115/><W59/><G122/><T112/><D112/><U109/><E65/><V2/><F118/><W105/><G71/><T66/><D5/><N who="1" m="1455" /><E117/><V48/><F130/><N who="3" m="49707" /><G134/><T126/><D126/><U96/><E133/><V18/><F111/><N who="1" m="42569" /><E20/><V70/><F70/><W57/><G85/><T132/><D73/><N who="1" m="28267" /><E113/><V129/><F129/><W26/><G26/><N who="0" m="16719" /><D81/><U6/><E6/><V101/><F80/><W4/><G100/><T35/><D35/><U62/><E62/><AGARI ba="0,0" hai="4,8,13,52,57,58,59,62,104,105,107" m="49707" machi="62" ten="40,3900,0" yaku="19,1,54,1" doraHai="31" who="3" fromWho="1" sc="371,0,228,-39,213,0,188,39" /><INIT seed="3,1,0,4,2,13" ten="371,189,213,227" oya="3" hai0="70,87,50,26,92,90,121,116,55,101,62,53,115" hai1="95,98,12,76,135,54,60,32,100,75,51,82,106" hai2="3,68,20,33,93,130,29,27,86,66,89,128,99" hai3="111,40,44,104,30,49,59,19,9,94,21,114,108"/><W81/><G104/><T36/><D116/><U42/><E135/><V24/><F3/><W63/><G114/><T72/><D121/><U65/><E32/><V134/><F134/><W125/><G125/><T31/><D115/><U2/><E2/><V37/><F37/><W23/><G81/><T64/><D36/><U48/><E42/><V83/><F66/><W124/><G124/><T57/><D72/><U97/><E54/><V67/><F67/><N who="3" m="39423" /><G94/><T34/><REACH who="0" step="1"/><D55/><REACH who="0" ten="361,189,213,227" step="2"/><U18/><E65/><V122/><F122/><W74/><G74/><T47/><D47/><U77/><E60/><V113/><F113/><W38/><G38/><T112/><D112/><U84/><E75/><V14/><F128/><W123/><G123/><T46/><D46/><U120/><E120/><V17/><F130/><W69/><G44/><T22/><D22/><U133/><E133/><V71/><F27/><W6/><G21/><T119/><D119/><U107/><E107/><V85/><F85/><W25/><G23/><T61/><D61/><U28/><E28/><V39/><F39/><W118/><G25/><T45/><D45/><U15/><E15/><V126/><F126/><W1/><G30/><T16/><D16/><U117/><E117/><V5/><F5/><W131/><G131/><T7/><D7/><U52/><E52/><V41/><F41/><W43/><G118/><T79/><D79/><AGARI ba="1,1" hai="14,17,20,24,29,33,68,71,79,83,86,89,93,99" machi="79" ten="30,2000,0" yaku="7,1,52,1" doraHai="13" who="2" fromWho="0" sc="361,-23,189,0,213,33,227,0" owari="338,43.8,189,-31.1,246,4.6,227,-17.3" /></mjloggm>