<mjloggm ver="2.3"><GO type="225" lobby="0"/><UN n0="%E3%81%AF%E3%82%88%E3%81%8A%E3%81%98%E3%81%95%E3%82%93" n1="%E3%81%BF%E3%81%BF%E3%81%9A" n2="%33%74%72%65%65" n3="%72%61%6B%33" dan="16,17,17,16" rate="2186.06,2212.00,2154.10,2098.83" sx="M,M,M,M"/><TAIKYOKU oya="0"/><INIT seed="0,0,0,3,2,125" ten="250,250,250,250" oya="0" hai0="91,85,92,130,24,124,10,13,133,129,18,26,47" hai1="79,60,57,103,83,53,132,69,117,78,121,64,59" hai2="0,22,127,81,6,15,89,65,49,120,16,61,68" hai3="123,116,29,31,100,72,96,51,71,114,108,70,4"/><T62/><D124/><U82/><E117/><V48/><F127/><W94/><G116/><T11/><D133/><U17/><E121/><V32/><F120/><W46/><G123/><T38/><D62/><U37/><E132/><V134/><F134/><W56/><G114/><T23/><D38/><U99/><E37/><V118/><F118/><W110/><G72/><T104/><D104/><U113/><E113/><V20/><F32/><W74/><G56/><T30/><D47/><U33/><E33/><V41/><F41/><W7/><G74/><T67/><D67/><U3/><E3/><V111/><F111/><N who="3" m="42539" /><G4/><T14/><REACH who="0" step="1"/><D26/><REACH who="0" ten="240,250,250,250" step="2"/><U95/><E69/><N who="3" m="26122" /><G7/><AGARI ba="0,1" hai="7,10,11,13,14,18,23,24,30,85,91,92,129,130" machi="7" ten="40,7700,0" yaku="1,1,52,2,53,0" doraHai="125" doraHaiUra="106" who="0" fromWho="3" sc="240,87,250,0,250,0,250,-77" /><INIT seed="0,1,0,2,3,76" ten="327,250,250,173" oya="0" hai0="24,119,22,118,13,33,37,17,81,12,94,120,5" hai1="46,117,26,84,62,15,134,127,6,109,86,71,80" hai2="112,68,65,35,91,96,115,103,4,36,0,11,52" hai3="108,107,21,93,106,2,27,85,14,25,23,19,41"/><T87/><D37/><U113/><E117/><V124/><F124/><W125/><G125/><T101/><D120/><U56/><E127/><V16/><F36/><W30/><G108/><T114/><D114/><U48/><E113/><V88/><F35/><W132/><G132/><T90/><D33/><U51/><E109/><V32/><F32/><W83/><G2/><T122/><D122/><U34/><E134/><V78/><F78/><W133/><G133/><T67/><D67/><U104/><E104/><V50/><F115/><W111/><G111/><T75/><D75/><U131/><E131/><V64/><F112/><W72/><G41/><T66/><D66/><N who="2" m="25706" /><F0/><W18/><G93/><T74/><D74/><U57/><E71/><V73/><F73/><W98/><G98/><T61/><D61/><U59/><E26/><V10/><F68/><W63/><G63/><T128/><D128/><U58/><E34/><V92/><F4/><W126/><G72/><T49/><D49/><U135/><E135/><V121/><F121/><W82/><G126/><T28/><D5/><U44/><E86/><V54/><F54/><W38/><G38/><T55/><D55/><N who="1" m="34079" /><E48/><V95/><F95/><W29/><G85/><T97/><REACH who="0" step="1"/><D28/><REACH who="0" ten="317,250,250,173" step="2"/><U45/><E51/><V53/><F53/><W99/><G99/><T40/><D40/><U42/><E42/><V9/><F16/><W1/><G1/><T31/><D31/><U47/><N who="1" m="11264" /><DORA hai="43" /><U89/><E6/><V123/><F123/><W102/><G30/><T116/><AGARI ba="1,1" hai="12,13,17,22,24,81,87,90,94,97,101,116,118,119" machi="116" ten="30,6000,0" yaku="1,1,0,1,52,1,53,0" doraHai="76,43" doraHaiUra="130,69" who="0" fromWho="0" sc="317,73,250,-21,250,-21,173,-21" /><INIT seed="0,2,0,5,1,32" ten="390,229,229,152" oya="0" hai0="69,24,119,77,48,128,122,20,85,103,88,70,7" hai1="22,97,94,100,59,2,60,71,121,127,109,110,29" hai2="28,19,126,15,5,84,107,18,12,37,45,4,133" hai3="58,105,115,23,96,81,64,31,86,46,56,102,95"/><T44/><D122/><U108/><E121/><V6/><F107/><W132/><G115/><T65/><D119/><U57/><E127/><V66/><F126/><W30/><G132/><T33/><D33/><U123/><E123/><V76/><F133/><W114/><G114/><T8/><D128/><U11/><E71/><V93/><F28/><W112/><G112/><T73/><D103/><U79/><E79/><V83/><F66/><W40/><G105/><T1/><D65/><U104/><E104/><V62/><F62/><W72/><G72/><T26/><D77/><U134/><E134/><V125/><F125/><W50/><G23/><T67/><D73/><U130/><E130/><V14/><F37/><W101/><G101/><T25/><D20/><U54/><E57/><N who="3" m="22122" /><G64/><T9/><D9/><U41/><E41/><V116/><F116/><W34/><G34/><T80/><REACH who="0" step="1"/><D67/><REACH who="0" ten="380,229,229,152" step="2"/><U21/><E29/><V68/><F76/><AGARI ba="2,1" hai="30,31,40,46,50,76,81,86,95,96,102" m="22122" machi="76" ten="30,1000,0" yaku="8,1" doraHai="32" who="3" fromWho="2" sc="380,0,229,0,229,-16,152,26" /><INIT seed="1,0,0,1,5,59" ten="380,229,213,178" oya="1" hai0="40,131,25,103,64,77,21,37,47,133,12,41,69" hai1="122,86,97,3,11,119,126,32,5,57,60,50,134" hai2="53,55,63,72,79,4,130,43,117,101,81,6,49" hai3="128,44,121,45,127,9,23,73,66,102,87,106,10"/><U24/><E119/><V68/><F117/><W98/><G121/><T15/><D131/><U30/><E122/><V42/><F130/><W48/><G128/><T84/><D133/><U27/><E134/><V93/><F43/><W123/><G123/><T90/><D77/><U70/><E126/><V75/><F75/><W118/><G118/><T125/><D125/><U14/><E86/><V62/><F68/><W82/><G127/><T16/><D41/><U28/><E50/><V56/><F42/><W104/><G104/><T92/><D103/><U116/><E116/><V34/><F34/><W91/><G45/><T46/><D47/><U65/><E97/><V58/><F49/><W17/><G66/><T71/><D64/><U112/><E112/><V110/><F110/><W88/><G91/><T74/><D74/><U85/><E85/><V26/><F26/><W109/><G109/><T1/><D1/><U83/><E83/><V114/><F114/><W7/><G7/><T8/><D12/><U115/><E115/><V36/><F36/><W13/><REACH who="3" step="1"/><G73/><REACH who="3" ten="380,229,213,168" step="2"/><T22/><D46/><U35/><E70/><V113/><F113/><W38/><G38/><T31/><D37/><U52/><E65/><V51/><F4/><W135/><G135/><T108/><D108/><U95/><E95/><V39/><F6/><W124/><G124/><T67/><D67/><U100/><E100/><V107/><F39/><W132/><G132/><T94/><D71/><U19/><E5/><V20/><F107/><W129/><G129/><T29/><D69/><U89/><E89/><V61/><F20/><RYUUKYOKU ba="0,1" sc="380,-30,229,10,213,10,168,10" hai1="3,11,14,19,24,27,28,30,32,35,52,57,60" hai2="51,53,55,56,58,61,62,63,72,79,81,93,101" hai3="9,10,13,17,23,44,48,82,87,88,98,102,106" /><INIT seed="1,1,1,1,5,30" ten="350,239,223,178" oya="1" hai0="94,131,60,48,84,116,95,102,68,18,103,24,62" hai1="113,22,29,1,110,122,5,86,121,6,3,73,32" hai2="133,77,31,82,11,125,132,78,17,10,124,85,129" hai3="71,91,43,36,100,16,21,49,128,88,96,115,9"/><U80/><E73/><V97/><F31/><W72/><G115/><T28/><D116/><U59/><E59/><V40/><F40/><W111/><G71/><T51/><D68/><U64/><E64/><V112/><F112/><W106/><G111/><T92/><D131/><U79/><E22/><V26/><F77/><W104/><G128/><T34/><D84/><U12/><E113/><V52/><F129/><W33/><G33/><T74/><D74/><U117/><E12/><N who="2" m="7319" /><F11/><W63/><G106/><T90/><D90/><U120/><E117/><V38/><F38/><W135/><G135/><N who="2" m="51785" /><F97/><W50/><G9/><T89/><D89/><U118/><E118/><V44/><F26/><W75/><G75/><T107/><D18/><U114/><E114/><V0/><F0/><W45/><G72/><T127/><D103/><U8/><E110/><V76/><F76/><W13/><G63/><T46/><D51/><AGARI ba="1,1" hai="44,51,52,78,82,85,124,125" m="51785,7319" machi="51" ten="30,2000,0" yaku="20,1,54,1" doraHai="30" who="2" fromWho="0" sc="350,-23,239,0,223,33,178,0" /><INIT seed="2,0,0,0,1,26" ten="327,239,256,178" oya="2" hai0="90,7,22,24,126,73,86,94,117,41,127,121,30" hai1="56,75,72,47,77,70,31,131,82,57,59,29,68" hai2="12,5,8,74,43,62,40,42,3,54,89,4,109" hai3="80,115,108,105,106,87,65,132,66,123,128,102,19"/><V38/><F38/><W27/><G123/><T20/><D121/><U95/><E47/><V50/><F74/><N who="1" m="28201" /><E82/><V49/><F109/><W130/><G108/><T133/><D73/><U97/><E95/><V111/><F111/><W39/><G39/><T76/><D133/><U83/><E83/><V110/><F110/><W79/><G132/><T114/><D76/><U93/><E93/><V44/><F62/><W118/><G118/><T32/><D114/><U78/><E97/><V1/><F4/><W58/><G115/><T104/><D104/><U2/><E2/><V67/><F67/><W81/><G81/><T6/><D41/><U113/><E131/><V45/><REACH who="2" step="1"/><F89/><REACH who="2" ten="327,239,246,178" step="2"/><W0/><G65/><T28/><D6/><U17/><E113/><V135/><F135/><W13/><G66/><T16/><D7/><U124/><E124/><V37/><F37/><W125/><G125/><T9/><D126/><U103/><E103/><V96/><F96/><W99/><G99/><T98/><D127/><U71/><E17/><V120/><F120/><W84/><G102/><T46/><D98/><U21/><E21/><V36/><F36/><W88/><G19/><T23/><D22/><U51/><E51/><V10/><F10/><W85/><G88/><T60/><D9/><U119/><E119/><V64/><F64/><W35/><G130/><T134/><D117/><U116/><E116/><V48/><F48/><W107/><G128/><T91/><D134/><U69/><E69/><V18/><F18/><W25/><G107/><T92/><D91/><U34/><E34/><V14/><F14/><RYUUKYOKU ba="0,1" sc="327,-15,239,15,246,15,178,-15" hai1="29,31,56,57,59,68,70,71,77,78" hai2="1,3,5,8,12,40,42,43,44,45,49,50,54" /><INIT seed="2,1,1,0,1,64" ten="312,254,261,163" oya="2" hai0="58,56,48,80,32,132,16,51,26,81,90,76,116" hai1="2,100,91,7,66,97,15,113,59,99,20,111,115" hai2="35,42,57,105,112,83,60,68,34,12,41,21,3" hai3="114,25,65,134,72,117,123,0,38,106,110,53,24"/><V52/><F112/><W70/><G53/><T13/><D132/><U9/><E111/><V29/><F3/><W46/><G46/><T118/><D90/><U82/><E99/><V4/><F105/><W11/><G65/><T49/><D26/><U108/><E108/><V40/><F68/><W1/><G11/><T27/><D27/><U54/><E66/><V36/><F36/><W98/><G98/><T33/><D32/><U109/><E109/><V124/><F124/><W125/><G24/><T128/><D33/><U75/><E20/><V86/><F29/><W103/><G25/><T135/><D128/><U23/><E23/><V62/><F62/><W30/><G103/><T119/><D135/><U102/><E102/><V127/><F127/><W95/><G95/><T87/><D81/><U6/><E6/><V71/><F71/><W45/><G45/><T77/><D76/><U79/><E91/><V94/><F94/><W89/><G89/><T78/><D77/><U17/><E7/><V55/><F55/><W120/><G30/><T131/><D131/><U85/><E75/><V69/><F69/><W5/><G5/><T92/><D92/><U28/><E28/><V121/><F121/><W61/><G61/><T74/><D74/><U63/><REACH who="1" step="1"/><E2/><REACH who="1" ten="312,244,261,163" step="2"/><V37/><F4/><W133/><G0/><T96/><D96/><U104/><AGARI ba="1,2" hai="9,15,17,54,59,63,79,82,85,97,100,104,113,115" machi="104" ten="20,5200,0" yaku="1,1,2,1,0,1,7,1,53,0" doraHai="64" doraHaiUra="19" who="1" fromWho="1" sc="312,-14,244,75,261,-27,163,-14" /><INIT seed="3,0,0,5,3,91" ten="298,319,234,149" oya="3" hai0="55,92,10,17,135,125,93,121,30,11,99,120,84" hai1="13,106,66,63,57,52,81,95,31,59,71,21,1" hai2="69,44,86,61,132,126,40,101,130,116,108,19,28" hai3="41,45,97,5,133,75,72,22,96,25,26,32,35"/><W102/><G133/><T90/><D135/><U83/><E106/><V38/><F132/><W110/><G5/><T8/><D125/><U77/><E1/><V20/><F126/><W50/><G110/><T53/><D30/><U7/><E71/><V89/><F116/><W6/><G6/><T0/><D0/><U58/><E95/><V4/><F130/><W98/><G102/><T29/><D29/><U118/><E118/><V111/><F28/><W129/><G129/><T80/><D120/><U87/><E81/><V27/><F4/><W128/><G128/><T34/><D34/><U103/><E103/><V74/><F74/><W16/><REACH who="3" step="1"/><G26/><REACH who="3" ten="298,319,234,139" step="2"/><T88/><D121/><U67/><E7/><V122/><F122/><W104/><G104/><T43/><D17/><N who="1" m="10415" /><E31/><V54/><F101/><W70/><G70/><T124/><D124/><U131/><E131/><V123/><F123/><W33/><AGARI ba="0,1" hai="16,22,25,32,33,35,41,45,50,72,75,96,97,98" machi="33" ten="40,12000,1" yaku="1,1,0,1,54,1,53,1" doraHai="91" doraHaiUra="47" who="3" fromWho="3" sc="298,-40,319,-40,234,-40,139,130" /><INIT seed="3,1,0,5,4,31" ten="258,279,194,269" oya="3" hai0="125,28,6,39,135,77,119,11,111,47,97,69,58" hai1="82,71,13,131,49,90,94,64,21,127,128,51,20" hai2="54,124,24,126,27,46,114,74,50,0,25,93,53" hai3="101,115,92,45,5,22,43,55,30,38,116,100,1"/><W4/><G115/><T41/><D69/><U98/><E71/><V80/><F114/><W78/><G116/><T68/><D68/><U42/><E64/><V110/><F110/><W112/><G112/><T89/><D119/><U44/><E127/><N who="2" m="48683" /><F0/><W32/><G22/><T81/><D125/><U104/><E104/><V102/><F54/><W113/><G113/><T7/><D111/><U84/><E51/><V56/><F46/><W133/><G133/><T40/><D41/><U33/><E33/><V95/><F102/><W79/><G55/><T2/><D6/><U14/><E20/><V75/><F80/><W105/><G105/><T66/><D28/><U85/><E85/><V67/><F67/><W23/><G23/><T108/><D135/><U17/><REACH who="1" step="1"/><E13/><REACH who="1" ten="258,269,194,269" step="2"/><V83/><F74/><W129/><G1/><T12/><D66/><U18/><E18/><V123/><F123/><W29/><G29/><T132/><D2/><U109/><E109/><V122/><F122/><W120/><G120/><T52/><D108/><U36/><E36/><V91/><F75/><W118/><G118/><T96/><D132/><U88/><AGARI ba="1,1" hai="14,17,21,42,44,49,82,84,88,90,94,98,128,131" machi="88" ten="30,7900,0" yaku="1,1,0,1,54,1,53,1" doraHai="31" doraHaiUra="8" who="1" fromWho="1" sc="258,-21,269,92,194,-21,269,-40" owari="237,3.7,361,46.1,173,-32.7,229,-17.1" /></mjloggm>