<mjloggm ver="2.3"><GO type="225" lobby="0"/><UN n0="%E3%82%B2%E3%82%B9%E8%8C%82%E5%8B%9D" n1="%E3%82%8F%E3%81%8B%E3%81%B0%2A%E3%82%AC%E3%83%BC%E3%83%AB" n2="%E5%8F%AF%E5%85%90%E9%82%A3%E7%94%B1%E5%A4%9A" n3="%E6%80%AA%E3%81%97%E3%81%99%E3%81%8E%E3%82%8B%E3%83%81%E3%83%BC" dan="16,16,16,16" rate="2108.67,2187.54,2081.17,2095.61" sx="F,M,F,M"/><TAIKYOKU oya="0"/><INIT seed="0,0,0,2,4,97" ten="250,250,250,250" oya="0" hai0="19,125,9,75,16,54,37,8,77,28,7,130,0" hai1="96,127,66,72,52,133,83,98,74,89,61,21,76" hai2="10,118,114,31,13,40,100,56,18,109,12,70,63" hai3="113,6,48,119,104,87,14,71,2,102,122,45,131"/><T121/><D37/><U32/><E32/><V105/><F114/><W55/><G113/><T110/><D121/><U15/><E133/><V92/><F105/><W99/><G119/><T132/><D125/><U17/><E127/><V59/><F118/><W126/><G2/><T64/><D64/><U11/><E72/><V79/><F109/><W135/><G71/><T49/><D132/><U124/><E124/><V90/><F79/><W60/><G135/><T42/><D42/><U20/><E89/><V5/><F31/><W36/><G36/><T80/><D110/><U134/><E134/><V39/><F70/><W85/><G126/><T112/><D112/><U41/><E41/><V123/><F123/><W30/><G131/><T4/><D130/><U128/><E128/><V58/><F39/><W34/><G60/><T93/><D93/><U33/><E33/><V101/><F63/><W115/><G122/><T94/><D94/><U26/><E21/><N who="2" m="11463" /><F40/><W78/><G78/><T95/><D95/><U103/><E103/><N who="2" m="39499" /><F58/><W50/><G115/><T84/><D28/><U43/><E43/><V44/><F44/><W67/><G67/><T23/><D23/><U69/><REACH who="1" step="1"/><E52/><REACH who="1" ten="250,240,250,250" step="2"/><V73/><F73/><W46/><G34/><T35/><D35/><U68/><E68/><V29/><F29/><AGARI ba="0,1" hai="11,15,17,20,26,29,61,66,69,74,76,83,96,98" machi="29" ten="30,2000,0" yaku="1,1,7,1,53,0" doraHai="97" doraHaiUra="129" who="1" fromWho="2" sc="250,0,240,30,250,-20,250,0" /><INIT seed="1,0,0,4,4,16" ten="250,270,230,250" oya="1" hai0="82,53,115,46,1,56,106,19,103,45,126,17,95" hai1="3,98,50,88,128,59,130,124,22,114,7,94,57" hai2="105,55,47,0,107,66,123,93,23,40,69,34,135" hai3="6,61,77,71,133,37,78,111,132,73,91,11,44"/><U121/><E114/><V39/><F123/><W75/><G111/><T30/><D115/><U31/><E121/><V76/><F34/><W117/><G117/><T8/><D106/><U43/><E124/><V65/><F135/><N who="3" m="51787" /><G91/><T92/><D126/><U85/><E7/><V116/><F116/><W83/><G78/><T60/><D30/><U86/><E3/><V110/><F110/><W89/><G89/><T72/><D72/><U18/><E31/><V131/><F0/><N who="3" m="455" /><G73/><T62/><D82/><U42/><E128/><V67/><F76/><W129/><G129/><T32/><D32/><U102/><E130/><V52/><F69/><W127/><G127/><T80/><D80/><N who="1" m="49191" /><E86/><V33/><F33/><W90/><G90/><T119/><D119/><U14/><E50/><V13/><F131/><W12/><G12/><N who="0" m="7303" /><D1/><U41/><AGARI ba="0,0" hai="14,18,22,41,42,43,57,59,94,98,102" m="49191" machi="41" ten="30,6000,0" yaku="8,1,52,1,54,1" doraHai="16" who="1" fromWho="1" sc="250,-20,270,60,230,-20,250,-20" /><INIT seed="1,1,0,3,1,65" ten="230,330,210,230" oya="1" hai0="58,8,130,45,3,135,19,78,51,15,92,89,110" hai1="99,31,32,10,16,0,5,122,74,134,18,77,39" hai2="55,125,27,64,50,106,107,9,48,111,101,53,2" hai3="112,11,21,6,72,90,76,91,97,98,41,20,68"/><U12/><E122/><V79/><F111/><W85/><G112/><T131/><D110/><U66/><E39/><V86/><F125/><W30/><G68/><T84/><D135/><U105/><E134/><V83/><F64/><W35/><G35/><T121/><D121/><U46/><E66/><V28/><F101/><W75/><G41/><T126/><D126/><U88/><E46/><V102/><F102/><W96/><G76/><T56/><D3/><U29/><E105/><V62/><F62/><W103/><G103/><T59/><REACH who="0" step="1"/><D78/><REACH who="0" ten="220,330,210,230" step="2"/><U47/><E0/><V34/><F2/><W119/><G119/><T87/><D87/><U95/><E32/><V120/><F120/><W43/><G85/><T17/><D17/><U132/><E132/><V93/><F79/><W67/><G96/><T116/><D116/><U49/><E77/><V57/><F86/><W94/><G97/><T117/><D117/><U114/><E114/><V24/><F34/><W109/><G98/><T42/><AGARI ba="1,1" hai="8,15,19,42,45,51,56,58,59,84,89,92,130,131" machi="42" ten="30,2000,0" yaku="1,1,0,1,53,0" doraHai="65" doraHaiUra="129" who="0" fromWho="0" sc="220,33,330,-11,210,-6,230,-6" /><INIT seed="2,0,0,2,4,129" ten="253,319,204,224" oya="2" hai0="65,18,33,26,134,64,25,11,54,99,7,126,27" hai1="52,49,74,117,103,81,115,89,35,92,42,127,101" hai2="19,23,124,122,58,105,41,48,51,118,61,110,30" hai3="130,82,78,4,87,68,102,119,44,131,80,128,88"/><V5/><F118/><W53/><G68/><T83/><D126/><U8/><E117/><V67/><F122/><W77/><G119/><T75/><D33/><U85/><E115/><V45/><F105/><W37/><G4/><T50/><D99/><U36/><E35/><V46/><F124/><W109/><G109/><T28/><D28/><U6/><E127/><V32/><F110/><W120/><G120/><T39/><D39/><U113/><E113/><V132/><F132/><W34/><G34/><T10/><D18/><U97/><E74/><V70/><F5/><W91/><G102/><T9/><D7/><U60/><E60/><V14/><F32/><W95/><G53/><T107/><D107/><U22/><E22/><V1/><F1/><W62/><G62/><T47/><D134/><U15/><E36/><V72/><F72/><N who="3" m="43047" /><G95/><T12/><D12/><U43/><E103/><V100/><F100/><W125/><G125/><T104/><D104/><U16/><E6/><V93/><F93/><W0/><G0/><T69/><D69/><U121/><E121/><V98/><F70/><W63/><G63/><T57/><D57/><AGARI ba="0,0" hai="8,15,16,42,43,49,52,57,81,85,89,92,97,101" machi="57" ten="30,7700,0" yaku="7,1,8,1,54,2" doraHai="129" who="1" fromWho="0" sc="253,-77,319,77,204,0,224,0" /><INIT seed="3,0,0,0,2,100" ten="176,396,204,224" oya="3" hai0="45,94,52,3,7,126,15,97,74,13,101,98,102" hai1="32,122,109,8,63,92,59,20,53,110,51,103,58" hai2="36,105,82,118,135,29,65,73,119,124,18,23,22" hai3="116,84,80,131,88,127,89,70,46,93,54,25,85"/><W134/><G116/><T30/><D126/><U35/><E122/><V57/><F36/><W67/><G131/><T9/><D74/><U2/><E20/><V17/><F29/><W123/><G123/><T72/><D72/><U90/><E103/><V49/><F105/><W121/><G134/><T114/><D114/><U66/><E8/><V19/><F124/><W125/><G121/><T55/><D30/><U27/><E2/><V132/><F23/><W95/><G25/><T44/><D45/><U71/><E71/><V128/><F22/><W21/><G21/><T43/><D13/><U77/><E77/><N who="2" m="44335" /><F128/><W50/><G80/><T129/><D3/><U42/><E42/><V75/><F75/><W113/><G113/><T14/><D15/><U0/><E0/><V11/><F11/><W104/><G104/><T60/><D60/><AGARI ba="0,0" hai="46,50,54,60,67,70,84,85,88,89,93,95,125,127" machi="60" ten="40,3900,0" yaku="9,1,54,1" doraHai="100" who="3" fromWho="0" sc="176,-39,396,0,204,0,224,39" /><INIT seed="3,1,0,2,5,130" ten="137,396,204,263" oya="3" hai0="67,129,80,82,81,120,62,78,84,41,19,42,3" hai1="85,76,135,32,117,28,29,123,36,17,63,37,27" hai2="113,21,49,51,115,132,91,95,116,90,2,39,103" hai3="126,79,101,55,56,45,88,11,133,93,18,64,22"/><W4/><G133/><T48/><D129/><U112/><E135/><V77/><F132/><W20/><G126/><T124/><D124/><U98/><E112/><V87/><F116/><W99/><G79/><T96/><D120/><U106/><E123/><V8/><F39/><W74/><G74/><T43/><D3/><U105/><E117/><V119/><F119/><W60/><G101/><T46/><D96/><U61/><E85/><V33/><F33/><W16/><G45/><T134/><D134/><U31/><E17/><N who="3" m="6762" /><G64/><T53/><D81/><U125/><E125/><V57/><F95/><W83/><G83/><T47/><D80/><U66/><E76/><V50/><F77/><W9/><G4/><T12/><D62/><U5/><E5/><V25/><F50/><W109/><G109/><T15/><D67/><U72/><E72/><V6/><F51/><W71/><G71/><T118/><D118/><U26/><E31/><N who="2" m="17839" /><F103/><W54/><G54/><T38/><REACH who="0" step="1"/><D12/><REACH who="0" ten="127,396,204,263" step="2"/><U65/><E98/><V30/><F2/><W92/><G92/><T34/><D34/><AGARI ba="1,1" hai="26,27,28,29,32,34,36,37,61,63,65,66,105,106" machi="34" ten="25,1600,0" yaku="22,2" doraHai="130" who="1" fromWho="0" sc="127,-19,396,29,204,0,263,0" owari="108,-39.2,425,52.5,204,-19.6,263,6.3" /></mjloggm>