<mjloggm ver="2.3"><GO type="225" lobby="0"/><UN n0="%E3%81%BF%E3%81%BF%E3%81%9A" n1="%4B%2E%32%2E%4B%2E" n2="%E4%BB%8A%E6%97%A5%E4%B8%80" n3="%72%69%6F%75%63%68%61%6E" dan="18,17,17,16" rate="2255.30,2188.56,2231.31,2173.21" sx="M,M,F,M"/><TAIKYOKU oya="0"/><INIT seed="0,0,0,1,2,134" ten="250,250,250,250" oya="0" hai0="32,122,87,132,106,28,79,117,78,65,37,64,48" hai1="52,75,125,3,118,33,93,1,74,129,115,49,84" hai2="59,31,114,82,50,72,0,86,13,130,63,121,119" hai3="9,26,18,20,14,135,85,12,97,34,77,42,101"/><T95/><D117/><U27/><E118/><V10/><F119/><W22/><G135/><T131/><D37/><U76/><E129/><V61/><F114/><W38/><G34/><T68/><D106/><U54/><E115/><V94/><F0/><W51/><G38/><T6/><D122/><U46/><E125/><V105/><F105/><W58/><G20/><T109/><D131/><U21/><E33/><V102/><F121/><W60/><G42/><T104/><D104/><U111/><E111/><V45/><F31/><W43/><G43/><T56/><D68/><U55/><E3/><V110/><F72/><W44/><G44/><T116/><D116/><U40/><E1/><V8/><F8/><W53/><G60/><T126/><D32/><U47/><E47/><V23/><F23/><W39/><G39/><T91/><D28/><U24/><E24/><V71/><F71/><W35/><G35/><T16/><D6/><U30/><REACH who="1" step="1"/><E93/><REACH who="1" ten="250,240,250,250" step="2"/><V17/><F110/><W88/><G26/><T123/><D109/><U73/><E73/><V69/><F45/><W96/><G101/><T66/><D132/><U15/><E15/><V25/><F25/><W89/><G14/><T83/><D126/><U19/><E19/><V29/><F130/><W120/><G120/><T92/><D123/><U107/><E107/><V62/><F29/><W99/><G22/><T108/><D108/><U67/><E67/><V100/><F69/><W103/><G103/><T80/><D16/><U2/><E2/><V7/><F17/><W90/><G85/><N who="0" m="48279" /><D91/><U57/><E57/><V36/><F59/><RYUUKYOKU ba="0,1" sc="250,10,240,10,250,-30,250,10" hai0="48,56,64,65,66,79,83,87,92,95" hai1="21,27,30,40,46,49,52,54,55,74,75,76,84" hai3="9,12,18,51,53,58,77,88,89,90,96,97,99" /><INIT seed="0,1,1,0,2,129" ten="260,250,220,260" oya="0" hai0="55,135,82,63,11,12,18,92,6,46,103,109,23" hai1="50,111,20,70,58,106,107,27,114,40,53,10,94" hai2="39,78,8,91,29,24,93,42,49,4,57,98,65" hai3="88,97,48,131,59,36,35,47,130,17,117,118,43"/><T84/><D109/><U67/><E111/><V54/><F78/><W101/><G35/><T100/><D135/><U60/><E114/><V83/><F65/><W33/><G33/><T13/><D92/><U86/><E10/><V134/><F83/><W3/><G3/><T99/><D99/><U122/><E122/><V21/><F134/><W102/><G17/><T110/><D110/><U125/><E125/><V81/><F81/><W25/><G25/><T105/><D105/><U71/><E71/><V116/><F116/><W19/><G19/><T112/><D112/><U119/><E119/><N who="3" m="45578" /><G36/><T38/><D38/><U104/><E40/><V108/><F108/><W51/><G59/><N who="0" m="35327" /><D46/><U69/><E69/><V73/><F73/><W31/><G31/><T87/><D87/><U56/><E70/><V14/><F39/><N who="3" m="22015" /><G101/><T113/><D113/><U62/><E62/><V127/><F127/><W85/><G97/><T1/><D1/><U5/><E5/><V37/><F37/><W16/><G16/><T34/><D34/><U120/><E120/><V32/><F32/><W26/><G26/><T45/><D45/><U133/><E107/><V76/><F76/><AGARI ba="1,1" hai="6,11,12,13,18,23,76,82,84,100,103" m="35327" machi="76" ten="30,1500,0" yaku="8,1" doraHai="129" who="0" fromWho="2" sc="260,28,250,0,220,-18,260,0" /><INIT seed="0,2,0,0,3,83" ten="288,250,202,260" oya="0" hai0="10,25,132,131,113,47,106,6,41,117,51,16,52" hai1="36,7,118,125,30,53,101,112,46,11,21,8,56" hai2="44,90,72,32,98,87,99,78,35,133,59,5,86" hai3="24,39,110,80,93,91,61,116,114,69,73,48,95"/><T34/><D113/><U109/><E118/><V85/><F133/><W122/><G114/><T12/><D117/><U89/><E112/><V0/><F59/><W75/><G116/><T104/><D132/><U76/><E109/><V43/><F72/><W63/><G39/><T57/><D131/><U9/><E125/><V20/><F78/><W81/><G110/><T102/><D102/><U22/><E101/><V129/><F20/><W50/><G24/><T23/><REACH who="0" step="1"/><D34/><REACH who="0" ten="278,250,202,260" step="2"/><U45/><E7/><V123/><F129/><W82/><G122/><T2/><D2/><U66/><E8/><V19/><F123/><W60/><G91/><T18/><D18/><U4/><E9/><V54/><F19/><W126/><G126/><T64/><D64/><U79/><E11/><V105/><F5/><W111/><G111/><T33/><D33/><U42/><E4/><V65/><F0/><W71/><G73/><T100/><D100/><U120/><E120/><V134/><F65/><W26/><G75/><T119/><D119/><U67/><E89/><V74/><F74/><W128/><G128/><T97/><D97/><U1/><E1/><V13/><F134/><W68/><REACH who="3" step="1"/><G26/><REACH who="3" ten="278,250,202,250" step="2"/><T15/><D15/><U70/><E76/><V124/><F13/><W28/><G28/><T38/><AGARI ba="2,2" hai="6,10,12,16,23,25,38,41,47,51,52,57,104,106" machi="38" ten="20,18000,2" yaku="1,1,0,1,7,1,54,2,53,1" doraHai="83" doraHaiUra="3" who="0" fromWho="0" sc="278,206,250,-62,202,-62,250,-62" /><INIT seed="0,3,0,4,1,127" ten="484,188,140,188" oya="0" hai0="90,41,38,63,85,102,59,125,98,4,86,33,64" hai1="130,88,96,9,111,49,22,109,70,99,135,6,79" hai2="119,56,84,66,71,18,118,14,115,57,13,21,1" hai3="46,121,114,24,104,19,82,12,123,105,129,67,50"/><T35/><D125/><U43/><E70/><V113/><F1/><W58/><G129/><T55/><D4/><U11/><E135/><V39/><F39/><W107/><G114/><T61/><D86/><U73/><E130/><V97/><F97/><W42/><G24/><T30/><D41/><U128/><E128/><V65/><F84/><W100/><G100/><T101/><D38/><U131/><E131/><V32/><F32/><W76/><G58/><N who="2" m="22633" /><F71/><W44/><G67/><N who="2" m="25609" /><F13/><W122/><G44/><T2/><D2/><U132/><E132/><V10/><F10/><N who="3" m="6551" /><G104/><T87/><D101/><U94/><E73/><AGARI ba="3,0" hai="42,46,50,73,76,82,105,107,121,122,123" m="6551" machi="73" ten="30,1000,0" yaku="13,1" doraHai="127" who="3" fromWho="1" sc="484,0,188,-19,140,0,188,19" /><INIT seed="1,0,0,3,1,94" ten="484,169,140,207" oya="1" hai0="2,89,63,48,50,7,32,36,40,112,88,75,135" hai1="44,69,65,124,62,110,68,13,128,35,130,23,52" hai2="125,54,93,18,117,26,98,103,106,15,78,113,99" hai3="45,17,129,96,5,43,6,46,120,21,10,92,108"/><U115/><E35/><V82/><F117/><W83/><G120/><T111/><D112/><U134/><E115/><V91/><F113/><W53/><G108/><T90/><D32/><U14/><E69/><V126/><F26/><W104/><G104/><T22/><D111/><U42/><E110/><V4/><F4/><W55/><G129/><N who="1" m="49770" /><E134/><V73/><REACH who="2" step="1"/><F54/><REACH who="2" ten="484,169,130,207" step="2"/><W24/><G5/><T16/><D7/><U66/><E124/><V72/><F72/><W41/><G53/><T118/><D135/><U58/><E23/><AGARI ba="0,1" hai="15,18,23,73,78,82,91,93,98,99,103,106,125,126" machi="23" ten="40,5200,0" yaku="1,1,52,2,53,0" doraHai="94" doraHaiUra="30" who="2" fromWho="1" sc="484,0,169,-52,130,62,207,0" /><INIT seed="2,0,0,3,4,60" ten="484,117,192,207" oya="2" hai0="117,44,88,77,56,61,92,74,85,120,15,98,42" hai1="76,113,130,96,82,11,20,63,30,105,107,2,99" hai2="75,65,94,53,79,124,62,72,1,39,32,57,12" hai3="23,106,112,135,58,97,38,54,109,49,70,127,115"/><V66/><F1/><W69/><G109/><T46/><D120/><U90/><E113/><N who="3" m="43594" /><G127/><T0/><D0/><U71/><E130/><V31/><F39/><W16/><G135/><T52/><D117/><U132/><E132/><V8/><F124/><W119/><G38/><T28/><D74/><U114/><E114/><V10/><F10/><W78/><G78/><T110/><D110/><U4/><E20/><V83/><F75/><W108/><G119/><T40/><D28/><U131/><E30/><V48/><F94/><W87/><G108/><T64/><D15/><U43/><E43/><N who="0" m="16425" /><D52/><U59/><E71/><V103/><F103/><N who="3" m="62831" /><G87/><T55/><D55/><U125/><E125/><V102/><F102/><W26/><AGARI ba="0,0" hai="16,23,26,49,54,58,69,70" m="62831,43594" machi="26" ten="30,2000,0" yaku="11,1,54,1" doraHai="60" who="3" fromWho="3" sc="484,-5,117,-5,192,-10,207,20" /><INIT seed="3,0,0,1,4,91" ten="479,112,182,227" oya="3" hai0="97,130,58,0,53,47,36,24,126,68,82,64,124" hai1="34,63,61,56,41,105,103,132,49,46,2,33,20" hai2="94,101,109,23,83,1,96,115,99,104,71,52,78" hai3="135,35,107,57,67,11,73,40,44,32,77,92,131"/><W38/><G107/><T30/><D0/><U119/><E132/><V116/><F1/><W125/><G135/><T87/><D130/><U108/><E108/><V100/><F71/><W122/><G122/><T18/><D18/><U121/><E121/><V12/><F109/><W114/><G114/><T43/><D97/><U118/><E2/><V31/><F115/><W93/><G131/><T10/><D10/><U70/><E105/><V25/><F116/><W19/><G125/><T133/><D133/><U3/><E3/><V16/><F52/><W72/><G32/><T28/><D64/><U113/><E103/><V13/><REACH who="2" step="1"/><F31/><REACH who="2" ten="479,112,172,227" step="2"/><N who="0" m="11818" /><D24/><U102/><E113/><V60/><F60/><W62/><G35/><T95/><D95/><U128/><E128/><V45/><F45/><W123/><G123/><T22/><D22/><U127/><BYE who="0" /><E20/><V81/><F81/><W50/><G93/><UN n0="%E3%81%BF%E3%81%BF%E3%81%9A" /><T4/><D36/><U76/><E102/><V5/><F5/><W88/><G38/><T51/><D87/><AGARI ba="0,1" hai="12,13,16,23,25,78,83,87,94,96,99,100,101,104" machi="87" ten="30,8000,1" yaku="1,1,7,1,52,1,54,1,53,1" doraHai="91" doraHaiUra="14" who="2" fromWho="0" sc="479,-80,112,0,172,90,227,0" owari="399,49.9,112,-38.8,262,6.2,227,-17.3" /></mjloggm>