<mjloggm ver="2.3"><GO type="225" lobby="0"/><UN n0="%33%74%72%65%65" n1="%E3%83%B4%E3%83%A0%EF%BC%99%E3%81%A6" n2="%E6%81%A5%E6%99%92%E3%81%97" n3="%43%68%65" dan="16,16,16,16" rate="2154.99,2148.78,2135.54,2112.48" sx="F,M,M,M"/><TAIKYOKU oya="0"/><INIT seed="0,0,0,3,2,104" ten="250,250,250,250" oya="0" hai0="6,107,83,18,78,12,53,45,106,13,93,52,29" hai1="125,65,22,7,95,110,39,24,47,128,62,31,99" hai2="5,60,64,54,92,27,124,58,0,101,44,123,127" hai3="16,69,51,2,1,32,75,90,34,102,50,3,15"/><T132/><D132/><U133/><E133/><V91/><F123/><W121/><G69/><T59/><D29/><U80/><E110/><V37/><F101/><W84/><G121/><T85/><D6/><U86/><E125/><V55/><F0/><W112/><G112/><T49/><D93/><U70/><E128/><V19/><F5/><W81/><G102/><T82/><D82/><U120/><E120/><V40/><F55/><W131/><G131/><T130/><D130/><U36/><E7/><V118/><F118/><W23/><REACH who="3" step="1"/><G75/><REACH who="3" ten="250,250,250,240" step="2"/><T63/><REACH who="0" step="1"/><D12/><REACH who="0" ten="240,250,250,240" step="2"/><U11/><E24/><V67/><F124/><W20/><G20/><AGARI ba="0,2" hai="13,18,20,45,49,52,53,59,63,78,83,85,106,107" machi="20" ten="30,12000,1" yaku="1,1,2,1,7,1,54,1,53,1" doraHai="104" doraHaiUra="76" who="0" fromWho="3" sc="240,140,250,0,250,0,240,-120" /><INIT seed="0,1,0,5,3,41" ten="380,250,250,120" oya="0" hai0="73,2,0,12,32,19,97,96,45,3,134,53,114" hai1="27,21,46,106,72,64,38,91,14,110,1,119,47" hai2="82,56,133,93,59,67,90,88,125,98,20,26,68" hai3="65,123,35,18,81,105,54,48,8,80,43,104,127"/><T112/><D134/><U29/><E119/><V71/><F125/><W31/><G127/><T92/><D73/><U75/><E1/><V44/><F133/><W118/><G118/><T60/><D32/><U62/><E106/><V87/><F68/><W95/><G123/><T132/><D132/><U130/><E38/><V100/><F71/><W30/><G65/><T57/><D45/><N who="1" m="16907" /><E75/><V107/><F67/><W122/><G43/><T70/><D70/><U86/><E72/><V115/><F115/><W126/><G95/><T121/><D121/><U85/><E110/><V103/><F103/><W135/><G135/><T4/><D2/><U78/><E130/><V40/><F100/><W36/><G36/><T99/><D0/><U83/><E14/><V76/><F76/><W7/><G35/><T129/><D129/><U74/><E74/><V10/><F10/><W25/><G105/><T84/><D3/><U37/><E37/><V52/><F40/><W49/><G8/><N who="0" m="4103" /><D114/><U51/><E51/><N who="2" m="28775" /><F107/><W79/><G49/><T39/><D39/><U5/><E5/><V63/><F63/><W28/><G7/><T24/><D112/><U13/><E13/><V124/><F124/><W17/><G104/><T117/><D117/><U23/><E23/><V61/><F61/><W6/><G6/><T22/><D22/><U66/><E62/><V131/><F131/><W55/><G126/><T113/><D113/><U101/><E101/><V34/><F34/><W33/><G122/><T15/><D60/><U94/><AGARI ba="1,0" hai="21,27,29,64,66,78,83,85,86,91,94" m="16907" machi="94" ten="30,7900,0" yaku="8,1,52,3" doraHai="41" who="1" fromWho="1" sc="380,-40,250,82,250,-21,120,-21" /><INIT seed="1,0,0,5,0,27" ten="340,332,229,99" oya="1" hai0="49,0,91,98,16,118,40,129,96,61,88,18,134" hai1="92,58,34,71,97,23,82,13,70,128,2,130,75" hai2="10,1,135,109,29,110,26,30,81,65,102,126,8" hai3="44,89,15,24,20,57,55,7,104,87,59,105,45"/><U28/><E2/><V116/><F116/><W31/><G105/><T43/><D118/><U113/><E113/><V14/><F102/><W90/><G104/><T127/><D0/><U76/><E34/><N who="2" m="20791" /><F65/><W46/><G90/><N who="0" m="34347" /><D134/><U80/><E80/><V85/><F135/><W37/><G37/><T50/><D61/><U99/><E58/><V111/><F1/><W9/><REACH who="3" step="1"/><G55/><REACH who="3" ten="340,332,229,89" step="2"/><T131/><D131/><U17/><E128/><V119/><F119/><W123/><G123/><T33/><D129/><U67/><E130/><V74/><F111/><W51/><G51/><T48/><D50/><U83/><E76/><V62/><F110/><W103/><G103/><T4/><D49/><U63/><E82/><AGARI ba="0,1" hai="7,9,15,20,24,31,44,45,46,57,59,82,87,89" machi="82" ten="40,5200,0" yaku="1,1,8,1,52,1,53,0" doraHai="27" doraHaiUra="125" who="3" fromWho="1" sc="340,0,332,-52,229,0,89,62" /><INIT seed="2,0,0,5,5,124" ten="340,280,229,151" oya="2" hai0="101,39,17,106,67,72,93,125,66,59,86,75,63" hai1="110,6,109,131,98,20,19,22,77,1,12,31,97" hai2="87,24,105,111,88,69,41,53,121,120,2,25,21" hai3="80,26,113,56,4,99,0,123,52,15,134,102,114"/><V92/><F2/><W119/><G119/><T32/><D125/><U43/><E43/><V46/><F69/><W54/><G123/><T13/><D32/><U30/><E77/><V40/><F105/><W3/><G134/><T83/><D39/><U45/><E45/><V94/><F111/><N who="1" m="42505" /><E131/><V85/><F120/><W60/><G26/><N who="2" m="10345" /><F121/><W42/><G42/><N who="2" m="16489" /><F21/><W62/><G80/><T57/><D106/><U68/><E68/><V7/><F7/><W23/><G23/><T96/><D75/><U78/><E78/><V74/><F74/><W81/><G81/><T130/><D130/><U127/><E127/><V18/><F18/><W29/><G29/><N who="1" m="10762" /><E22/><V100/><F100/><W33/><G33/><T48/><D72/><U16/><E19/><V73/><F73/><W35/><G35/><T90/><D17/><U51/><E51/><N who="2" m="28919" /><F94/><W95/><G114/><T70/><D70/><U44/><E44/><V9/><F9/><AGARI ba="0,0" hai="1,6,9,12,16,20,97,98" m="10762,42505" machi="9" ten="30,2000,0" yaku="14,1,54,1" doraHai="124" who="1" fromWho="2" sc="340,0,280,20,229,-20,151,0" /><INIT seed="3,0,0,4,5,33" ten="340,300,209,151" oya="3" hai0="126,41,127,25,125,34,50,11,18,122,53,129,37" hai1="52,40,88,98,81,67,55,117,6,123,131,114,105" hai2="5,0,77,17,3,103,4,111,14,133,134,79,36" hai3="42,20,76,94,58,63,91,32,118,8,23,56,24"/><W16/><G118/><T75/><D122/><U62/><E123/><V39/><F103/><W43/><G32/><T109/><D109/><U116/><E114/><V73/><F14/><W132/><G132/><N who="2" m="50793" /><F17/><W92/><G76/><N who="2" m="29257" /><F111/><W48/><G8/><T87/><D75/><U31/><E31/><V46/><F73/><W113/><G113/><T101/><D101/><N who="1" m="62647" /><E40/><N who="2" m="22791" /><F39/><W7/><G7/><AGARI ba="0,0" hai="0,3,4,5,7" m="22791,29257,50793" machi="7" ten="30,3900,0" yaku="20,1,52,2" doraHai="33" who="2" fromWho="3" sc="340,0,300,0,209,39,151,-39" owari="340,44.0,300,10.0,248,-15.2,112,-38.8" /></mjloggm>