<mjloggm ver="2.3"><GO type="225" lobby="0"/><UN n0="%E3%81%AF%E3%82%88%E3%81%8A%E3%81%98%E3%81%95%E3%82%93" n1="%E7%99%BD%E5%80%89%E5%AF%9B%E4%B9%8B" n2="%E3%81%8B%E3%82%8F%E3%81%A1%E3%82%83%E3%82%93%35%38" n3="%72%65%6E%6B%75%6E" dan="17,16,16,17" rate="2162.28,2116.38,2156.30,2224.74" sx="M,M,M,M"/><TAIKYOKU oya="0"/><INIT seed="0,0,0,5,1,8" ten="250,250,250,250" oya="0" hai0="71,48,129,130,104,14,51,105,27,0,94,121,28" hai1="19,38,53,86,102,122,68,25,69,66,82,120,52" hai2="2,131,33,85,80,3,43,63,77,13,70,36,110" hai3="73,6,103,34,109,118,57,60,65,72,96,76,12"/><T10/><D121/><U116/><E38/><V79/><F33/><W128/><G118/><T74/><D71/><U89/><E116/><V62/><F110/><W97/><G34/><T113/><D74/><U1/><E1/><V106/><F106/><W42/><G109/><T59/><D0/><U7/><E7/><V124/><F124/><W58/><G128/><N who="0" m="49259" /><D113/><U98/><E120/><V84/><F131/><W81/><G42/><T45/><D94/><U92/><E122/><V93/><F93/><W91/><G91/><T44/><D59/><U50/><E66/><V108/><F80/><W4/><G73/><T40/><D27/><U16/><E53/><V61/><F43/><W125/><G125/><T49/><D28/><U20/><REACH who="1" step="1"/><E19/><REACH who="1" ten="250,240,250,250" step="2"/><V83/><F108/><W75/><G4/><N who="0" m="3399" /><D45/><AGARI ba="0,1" hai="16,20,25,45,50,52,68,69,82,86,89,92,98,102" machi="45" ten="30,7700,0" yaku="1,1,7,1,54,2,53,0" doraHai="8" doraHaiUra="55" who="1" fromWho="0" sc="250,-77,240,87,250,0,250,0" /><INIT seed="1,0,0,0,3,114" ten="173,327,250,250" oya="1" hai0="20,71,5,79,117,82,131,50,28,3,126,6,83" hai1="134,61,51,90,11,17,135,80,92,67,125,85,93" hai2="2,34,96,78,59,48,43,15,106,102,100,118,23" hai3="62,35,94,129,32,44,1,72,75,76,66,64,87"/><U98/><E125/><V14/><F2/><W69/><G1/><T124/><D71/><U0/><E51/><V49/><F34/><W104/><G104/><T68/><D68/><U38/><E38/><V29/><F78/><W37/><G129/><T95/><D131/><U73/><E73/><V22/><F29/><W112/><G66/><T127/><D117/><U33/><E33/><V52/><F118/><W25/><G112/><T26/><D3/><U19/><E0/><V45/><REACH who="2" step="1"/><F102/><REACH who="2" ten="173,327,240,250" step="2"/><W101/><G101/><T7/><D79/><N who="1" m="46239" /><E135/><V128/><F128/><W56/><G35/><T86/><REACH who="0" step="1"/><D50/><REACH who="0" ten="163,327,240,250" step="2"/><U21/><E134/><V58/><F58/><W109/><G56/><T47/><D47/><U103/><E61/><V115/><F115/><W113/><G113/><T12/><D12/><AGARI ba="0,2" hai="12,14,15,22,23,43,45,48,49,52,59,96,100,106" machi="12" ten="40,5200,0" yaku="1,1,54,1,53,1" doraHai="114" doraHaiUra="55" who="2" fromWho="0" sc="163,-52,327,0,240,72,250,0" /><INIT seed="2,0,0,4,2,71" ten="111,327,312,250" oya="2" hai0="48,95,3,69,18,101,40,25,120,16,100,79,92" hai1="76,32,94,44,108,12,37,116,83,54,62,90,27" hai2="86,109,119,47,56,103,87,131,133,85,42,74,10" hai3="13,66,81,134,77,130,104,102,34,96,45,115,93"/><V38/><F119/><W20/><G34/><T5/><D120/><U28/><E116/><V6/><F131/><W11/><G134/><T51/><D69/><U30/><E108/><V124/><F133/><W112/><G130/><T127/><D3/><U63/><E30/><V19/><F124/><W113/><G66/><T24/><D79/><U41/><E12/><V78/><F103/><W91/><G20/><T26/><D40/><U125/><E54/><V65/><F19/><W36/><G45/><T49/><D5/><U55/><E55/><V98/><F98/><N who="3" m="61527" /><G13/><T2/><D2/><U107/><E107/><V9/><F109/><W43/><G11/><T132/><D132/><U50/><E50/><V114/><F114/><W111/><G43/><T0/><D0/><U128/><E125/><V17/><F17/><N who="0" m="6762" /><D127/><U8/><E8/><V80/><REACH who="2" step="1"/><F6/><REACH who="2" ten="111,327,302,250" step="2"/><W123/><G111/><T75/><D75/><U118/><E128/><V70/><F70/><W60/><G123/><T99/><D99/><U7/><E7/><V129/><F129/><W14/><G113/><T33/><D33/><U29/><E118/><V21/><F21/><W105/><G115/><T135/><D135/><U22/><E32/><V82/><F82/><W39/><G112/><T58/><D58/><U46/><E22/><V89/><F89/><W68/><G96/><T64/><D64/><U15/><E90/><V84/><N who="2" m="21504" /><DORA hai="67" /><V126/><F126/><W4/><G68/><T23/><D23/><U31/><E83/><V61/><AGARI ba="0,1" hai="9,10,38,42,47,56,61,65,74,78,80" m="21504" machi="61" ten="40,12000,1" yaku="1,1,0,1,52,1,53,1" doraHai="71,67" doraHaiUra="117,72" who="2" fromWho="2" sc="111,-40,327,-40,302,130,250,-40" /><INIT seed="2,1,0,2,5,119" ten="71,287,432,210" oya="2" hai0="30,22,33,68,86,80,41,55,90,108,14,43,111" hai1="127,103,37,133,82,99,74,75,81,26,72,89,54" hai2="8,104,73,19,3,29,132,67,64,20,13,52,115" hai3="7,126,69,48,57,66,84,44,42,61,135,32,95"/><V45/><F115/><W93/><G32/><T122/><D68/><U17/><E37/><V18/><F104/><W130/><G130/><T71/><D71/><U28/><E17/><V59/><F73/><W46/><G135/><T98/><D33/><U1/><E1/><V87/><F132/><W50/><G126/><T65/><D65/><U134/><E54/><V16/><F3/><W100/><G7/><T49/><D98/><U6/><E6/><N who="2" m="3223" /><F45/><W109/><G109/><T31/><D111/><U125/><E26/><N who="2" m="16583" /><F87/><W10/><G10/><T34/><D108/><U62/><E28/><V0/><F0/><W102/><G69/><T129/><D129/><U58/><E58/><V106/><F106/><W63/><G63/><AGARI ba="1,0" hai="16,18,19,52,59,63,64,67" m="16583,3223" machi="63" ten="30,5800,0" yaku="8,1,54,2" doraHai="119" who="2" fromWho="3" sc="71,0,287,0,432,61,210,-61" /><INIT seed="2,2,0,5,0,64" ten="71,287,493,149" oya="2" hai0="131,28,15,77,29,81,115,126,33,9,35,36,89" hai1="47,0,127,73,110,100,118,14,134,27,119,78,74" hai2="105,32,125,21,17,120,62,30,117,86,130,40,65" hai3="106,7,76,85,63,83,11,109,90,92,42,49,98"/><V26/><F120/><W3/><G109/><T45/><D115/><U6/><E14/><V54/><F117/><W8/><G8/><T124/><D89/><U116/><E27/><V70/><F125/><N who="0" m="48234" /><D81/><U22/><E22/><V91/><F130/><W39/><G39/><T1/><D77/><U2/><E127/><V107/><F54/><W23/><G23/><T112/><D45/><U87/><E110/><V114/><F40/><W80/><G106/><T133/><D36/><U96/><E47/><V48/><F48/><W113/><G113/><T41/><D41/><U121/><E6/><V67/><F67/><W66/><G42/><T61/><D61/><U129/><E0/><V95/><REACH who="2" step="1"/><F114/><REACH who="2" ten="71,287,483,149" step="2"/><W68/><G49/><T24/><D112/><U135/><E129/><V101/><F101/><W38/><G38/><T59/><D131/><U88/><E121/><V58/><F58/><W82/><AGARI ba="2,1" hai="3,7,11,63,66,68,76,80,82,83,85,90,92,98" machi="82" ten="30,2000,0" yaku="0,1,52,1" doraHai="64" who="3" fromWho="3" sc="71,-7,287,-7,483,-12,149,36" /><INIT seed="3,0,0,0,4,83" ten="64,280,471,185" oya="3" hai0="75,34,9,68,113,45,57,64,31,38,85,81,58" hai1="84,74,16,91,61,89,47,46,111,19,35,128,120" hai2="109,93,49,101,13,80,41,5,102,105,73,66,106" hai3="25,135,116,44,48,65,52,7,114,55,97,39,33"/><W133/><G114/><T87/><D113/><U108/><E35/><V124/><F66/><W17/><G116/><T60/><D75/><U50/><E74/><V32/><F32/><W37/><G7/><T54/><D58/><U131/><E50/><V14/><F5/><W40/><G97/><T18/><D81/><U20/><E20/><V115/><F115/><W132/><G17/><T53/><D53/><N who="3" m="20553" /><G25/><T30/><D18/><U98/><E98/><V107/><F107/><W110/><G33/><T100/><D100/><U12/><E12/><V67/><F105/><W129/><G129/><T42/><D9/><U126/><E61/><V123/><F106/><W26/><G26/><T118/><D118/><U63/><E63/><V96/><F96/><W117/><G117/><T22/><D22/><U62/><E62/><V127/><F13/><W56/><G110/><T10/><D10/><U112/><E112/><V77/><F109/><W1/><G1/><T21/><D34/><U11/><E11/><V103/><F14/><W28/><G28/><T15/><D31/><U69/><E111/><V130/><F130/><W24/><G24/><T125/><D125/><U121/><E108/><V82/><F127/><W51/><G51/><T99/><D99/><U3/><E126/><V0/><F124/><W79/><G79/><T119/><D119/><U122/><E3/><V6/><F0/><W76/><G76/><T72/><D72/><U134/><E131/><V23/><F77/><W27/><G27/><N who="0" m="16751" /><D15/><U2/><E128/><V8/><F49/><W78/><G48/><T4/><D4/><RYUUKYOKU ba="0,0" sc="64,30,280,-10,471,-10,185,-10" hai0="38,42,45,54,57,60,64,68,85,87" owari="94,-40.6,270,7.0,461,56.1,175,-22.5" /></mjloggm>