<mjloggm ver="2.3"><GO type="225" lobby="0"/><UN n0="%6D%61%74%69%67%75%73%61" n1="%72%69%6F%75%63%68%61%6E" n2="%E3%83%A9%E3%82%B9%E7%8E%87%EF%BC%93%E5%89%B2" n3="%E3%81%BD%E3%81%A1%E3%81%9F%E3%81%93%E3%82%84" dan="16,16,16,17" rate="2121.86,2179.55,2191.56,2221.79" sx="M,M,F,M"/><TAIKYOKU oya="0"/><INIT seed="0,0,0,1,4,47" ten="250,250,250,250" oya="0" hai0="124,56,42,97,33,64,122,92,101,113,76,68,88" hai1="3,66,134,133,34,32,7,78,15,60,95,104,18" hai2="31,65,109,45,4,98,82,99,8,105,44,36,103" hai3="11,61,54,28,100,111,87,115,1,0,85,13,129"/><T41/><D113/><U127/><E104/><V74/><F45/><W63/><G115/><T117/><D117/><U96/><E127/><V77/><F98/><W79/><G111/><T49/><D122/><U14/><E78/><V112/><F31/><W91/><G100/><T51/><D33/><U70/><E3/><V59/><F112/><W116/><G116/><T118/><D118/><U126/><E126/><V110/><F59/><W84/><G129/><T58/><D124/><U123/><E7/><V25/><F25/><W2/><G28/><T6/><D76/><U39/><E39/><V55/><F65/><W89/><G79/><T135/><D135/><N who="1" m="51723" /><E123/><V125/><F125/><W17/><REACH who="3" step="1"/><G54/><REACH who="3" ten="250,250,250,240" step="2"/><T40/><D101/><N who="1" m="60575" /><E14/><V130/><F130/><W50/><G50/><T67/><D6/><U94/><E94/><V72/><F55/><W107/><G107/><T73/><D73/><U43/><E43/><N who="2" m="22631" /><F74/><W29/><G29/><T128/><D128/><U21/><AGARI ba="0,1" hai="15,18,21,32,34,60,66,70" m="60575,51723" machi="21" ten="30,1100,0" yaku="20,1" doraHai="47" who="1" fromWho="1" sc="250,-5,250,21,250,-3,240,-3" /><INIT seed="1,0,0,0,3,1" ten="245,271,247,237" oya="1" hai0="32,18,34,103,91,98,122,64,47,99,20,112,25" hai1="130,128,56,21,38,124,67,74,107,49,65,5,109" hai2="115,110,40,8,121,93,134,19,63,46,119,127,4" hai3="71,39,16,57,125,75,116,96,12,51,104,82,80"/><U86/><E74/><V84/><F119/><W90/><G71/><T31/><D112/><U85/><E38/><V52/><F121/><W120/><G39/><T60/><D122/><U135/><E107/><V97/><F110/><W114/><G114/><T54/><D91/><U132/><E109/><V26/><F134/><N who="1" m="51241" /><E21/><N who="2" m="13631" /><F127/><W72/><G120/><T7/><D98/><U88/><E5/><V43/><F84/><W102/><G125/><T22/><D54/><N who="1" m="31823" /><E85/><V87/><F87/><W30/><G116/><T35/><D47/><U33/><E33/><V92/><F92/><W129/><G75/><T58/><D7/><U89/><E89/><N who="2" m="55471" /><F115/><W50/><G72/><T14/><REACH who="0" step="1"/><D34/><REACH who="0" ten="235,271,247,237" step="2"/><U37/><E124/><V70/><F46/><W62/><G90/><T118/><D118/><U23/><E37/><V66/><F43/><W126/><G126/><T81/><D81/><N who="1" m="49231" /><E23/><V9/><F4/><W15/><G82/><T100/><D100/><U77/><E77/><V0/><F0/><W101/><G80/><T45/><D45/><U117/><E117/><V123/><F123/><W113/><G102/><T42/><D42/><U10/><E10/><V78/><F40/><W68/><G101/><T79/><D79/><U53/><E53/><V36/><F36/><W44/><G113/><T2/><D2/><U76/><E76/><V29/><F78/><W48/><G96/><T95/><AGARI ba="0,1" hai="14,18,20,22,25,31,32,35,58,60,64,95,99,103" machi="95" ten="20,8000,1" yaku="1,1,0,1,7,1,25,2,53,0" doraHai="1" doraHaiUra="105" who="0" fromWho="0" sc="235,90,271,-40,247,-20,237,-20" /><INIT seed="2,0,0,4,4,59" ten="325,231,227,217" oya="2" hai0="30,67,102,97,68,79,50,0,121,43,36,19,77" hai1="135,61,45,47,114,89,80,49,91,24,110,98,34" hai2="28,55,103,117,75,93,82,23,72,111,78,115,125" hai3="40,119,60,20,126,11,14,69,6,73,33,90,37"/><V88/><F115/><W64/><G119/><T128/><D0/><U86/><E110/><V96/><F117/><W10/><G33/><T18/><D36/><U84/><E135/><V41/><F41/><W8/><G126/><T17/><D121/><U107/><E114/><V81/><F125/><W7/><G73/><T109/><D30/><U53/><E107/><V25/><F111/><W15/><G20/><T9/><D9/><U105/><E105/><V123/><F123/><W54/><G11/><T48/><D128/><U57/><E98/><V124/><F124/><W132/><G132/><T16/><D48/><U2/><E2/><V58/><F82/><W62/><G90/><T70/><D17/><U131/><E131/><V116/><F116/><W133/><G133/><T134/><D68/><U66/><E24/><V44/><F44/><W13/><G13/><T85/><D85/><U76/><E34/><V95/><F95/><W87/><G87/><T100/><D100/><U108/><E108/><V120/><F120/><W51/><G62/><T104/><D109/><U21/><E21/><V83/><F83/><W92/><G92/><T129/><D129/><U5/><E5/><V46/><F46/><N who="3" m="28023" /><G40/><T106/><D104/><U22/><E22/><V32/><F32/><W113/><G37/><T39/><D39/><U31/><E31/><V112/><F112/><W27/><G27/><T71/><D134/><U35/><E35/><V63/><F103/><W52/><G113/><T12/><D106/><U56/><E91/><V94/><F94/><AGARI ba="0,0" hai="45,47,49,53,56,57,61,66,76,80,84,86,89,94" machi="94" ten="30,3900,0" yaku="7,1,8,1,52,1" doraHai="59" who="1" fromWho="2" sc="325,0,231,39,227,-39,217,0" /><INIT seed="3,0,0,4,2,21" ten="325,270,188,217" oya="3" hai0="78,80,37,69,133,126,132,24,59,79,96,46,81" hai1="61,10,47,123,28,16,65,72,70,115,83,22,108" hai2="104,26,20,64,62,86,71,87,95,54,38,92,75" hai3="60,121,11,0,94,49,105,58,77,44,89,107,9"/><W5/><G121/><T30/><D69/><U23/><E123/><V35/><F75/><W18/><G77/><T128/><D59/><U53/><E115/><V36/><F104/><W50/><G11/><T98/><D46/><U88/><E108/><V85/><F35/><W125/><G18/><T135/><D37/><U43/><E28/><V76/><F76/><N who="0" m="29226" /><D128/><U45/><E72/><V34/><F34/><W120/><G120/><T110/><D126/><U73/><E73/><V127/><F127/><W12/><G0/><T56/><D56/><N who="1" m="37031" /><E43/><V100/><F54/><W118/><G118/><T52/><D52/><U116/><E70/><V91/><F100/><W102/><G102/><T42/><D42/><U63/><E116/><V51/><F51/><N who="3" m="19467" /><G44/><N who="1" m="16970" /><E53/><V7/><F7/><W8/><G8/><T74/><D110/><U134/><E63/><V117/><F117/><W122/><G125/><T129/><D129/><U57/><E57/><V82/><F82/><N who="0" m="31850" /><D74/><U55/><E134/><V25/><F92/><W99/><G122/><T41/><D41/><U13/><E55/><V67/><F67/><N who="3" m="39319" /><G107/><T2/><D2/><U113/><E113/><V106/><F106/><W119/><G105/><T33/><AGARI ba="0,0" hai="24,30,33,96,98,132,133,135" m="31850,29226" machi="33" ten="40,2700,0" yaku="20,1,52,1" doraHai="21" who="0" fromWho="0" sc="325,27,270,-7,188,-7,217,-13" owari="352,45.2,263,6.3,181,-31.9,204,-19.6" /></mjloggm>