<mjloggm ver="2.3"><GO type="225" lobby="0"/><UN n0="%E7%99%BD%E5%80%89%E5%AF%9B%E4%B9%8B" n1="%77%72%77%72%77%72%77%72" n2="%E3%83%96%E3%83%83%E3%83%91%E3%82%AA%E3%83%96%E3%83%81%E3%82%AD%E3%83%B3" n3="%E3%81%90%E3%81%A1%E3%82%84%E3%81%BE" dan="16,17,16,16" rate="2117.33,2212.27,2163.46,2119.72" sx="M,M,M,M"/><TAIKYOKU oya="0"/><INIT seed="0,0,0,1,0,122" ten="250,250,250,250" oya="0" hai0="135,20,83,56,8,110,127,29,78,4,123,89,81" hai1="73,25,6,131,62,121,75,129,61,28,2,132,31" hai2="94,119,7,134,40,133,84,126,32,9,12,50,19" hai3="16,116,86,14,48,57,104,66,11,100,44,99,82"/><T77/><D123/><U65/><E121/><V53/><F32/><W92/><G116/><T34/><D34/><U115/><E115/><V87/><F119/><W106/><G57/><T42/><D127/><U35/><E28/><V38/><F126/><W21/><G66/><T90/><D135/><N who="2" m="51722" /><F94/><W74/><G74/><T3/><D42/><U102/><E102/><V70/><F70/><W130/><G130/><N who="1" m="49674" /><E132/><V1/><F38/><W52/><REACH who="3" step="1"/><G21/><REACH who="3" ten="250,250,250,240" step="2"/><T117/><D56/><N who="1" m="37031" /><E62/><V59/><F40/><W13/><G13/><T39/><D117/><U113/><E113/><V18/><F12/><W93/><G93/><T71/><D20/><U51/><E51/><V54/><F54/><W128/><G128/><T96/><D39/><U76/><E75/><V30/><F30/><W46/><G46/><T88/><D29/><U10/><E73/><V55/><F55/><W79/><AGARI ba="0,1" hai="11,14,16,44,48,52,79,82,86,92,99,100,104,106" machi="79" ten="20,8000,1" yaku="1,1,0,1,7,1,54,2,53,0" doraHai="122" doraHaiUra="124" who="3" fromWho="3" sc="250,-40,250,-20,250,-20,240,90" /><INIT seed="1,0,0,3,2,105" ten="210,230,230,330" oya="1" hai0="14,125,29,50,54,56,101,33,31,7,111,30,38" hai1="55,110,26,97,108,133,68,39,128,87,118,27,124" hai2="23,114,92,41,17,9,99,32,15,1,6,18,82" hai3="8,85,40,112,88,116,58,74,57,103,42,127,77"/><U52/><E118/><V44/><F114/><W16/><G112/><T62/><D38/><U66/><E39/><V69/><F69/><W94/><G116/><T93/><D111/><N who="1" m="42539" /><E128/><V96/><F92/><W132/><G132/><T60/><D125/><U51/><E124/><V100/><F100/><W80/><G127/><T0/><D0/><U71/><E133/><V81/><F32/><W91/><G103/><T10/><REACH who="0" step="1"/><D33/><REACH who="0" ten="200,230,230,330" step="2"/><U78/><E71/><V76/><F82/><W70/><G70/><T104/><D104/><U102/><E68/><V12/><F81/><W67/><G80/><T83/><D83/><N who="1" m="47607" /><E66/><V72/><F76/><W43/><G77/><T22/><D22/><U89/><E89/><V126/><F126/><W4/><G88/><T107/><D107/><N who="1" m="63951" /><E55/><V90/><F90/><W28/><G67/><T135/><D135/><U34/><E34/><V11/><REACH who="2" step="1"/><F72/><REACH who="2" ten="200,230,220,330" step="2"/><W2/><G74/><T120/><D120/><U117/><E117/><V19/><F19/><W113/><G113/><T75/><D75/><U53/><E53/><V79/><F79/><W21/><REACH who="3" step="1"/><G28/><REACH who="3" ten="200,230,220,320" step="2"/><T121/><D121/><U45/><AGARI ba="0,3" hai="26,27,45,51,52" m="63951,47607,42539" machi="45" ten="30,6000,0" yaku="14,1,10,1,54,1" doraHai="105" who="1" fromWho="1" sc="200,-20,230,90,220,-20,320,-20" /><INIT seed="1,1,0,5,0,43" ten="180,320,200,300" oya="1" hai0="96,99,93,22,14,39,59,115,116,46,49,126,19" hai1="92,107,62,74,82,100,7,34,50,52,61,68,125" hai2="24,109,30,122,130,13,79,2,81,134,73,16,101" hai3="18,76,60,54,117,31,85,89,27,32,64,37,119"/><U12/><E34/><V53/><F122/><W71/><G37/><T112/><D116/><N who="3" m="44617" /><G18/><T65/><D126/><U47/><E107/><V66/><F109/><W80/><G54/><T132/><D132/><U48/><E68/><V10/><F134/><W11/><G11/><T40/><D99/><N who="1" m="59495" /><E74/><V97/><F130/><W63/><G63/><T5/><D5/><U90/><E125/><V23/><F53/><W3/><G3/><T95/><D95/><U104/><E104/><V110/><F110/><W106/><G106/><T78/><D78/><AGARI ba="1,0" hai="27,31,32,60,64,71,76,78,80,85,89" m="44617" machi="78" ten="30,1000,0" yaku="12,1" doraHai="43" who="3" fromWho="0" sc="180,-13,320,0,200,0,300,13" /><INIT seed="2,0,0,3,5,114" ten="167,320,200,313" oya="2" hai0="110,128,46,4,113,11,134,124,133,33,66,9,21" hai1="95,5,64,74,24,69,57,56,109,58,123,119,103" hai2="36,96,115,131,1,25,38,120,42,28,52,130,112" hai3="54,98,29,68,48,17,71,22,31,76,92,10,35"/><V44/><F120/><W75/><G10/><N who="0" m="3595" /><D46/><U79/><E119/><V77/><F1/><W59/><G35/><T91/><D66/><U41/><E123/><V14/><F14/><W0/><G0/><T2/><D91/><U43/><E109/><V53/><F77/><W106/><G106/><T86/><D86/><U8/><E74/><V16/><F96/><W19/><G71/><T3/><D113/><N who="2" m="43594" /><F16/><W127/><G17/><T45/><D45/><U49/><E79/><V82/><F25/><W100/><G68/><T99/><D99/><N who="1" m="59903" /><E69/><V70/><F28/><W108/><G108/><T97/><D97/><U65/><E24/><V62/><F82/><W125/><G76/><T51/><D51/><U132/><E49/><V37/><F70/><W18/><G75/><T6/><D110/><U107/><E107/><V34/><F34/><W126/><G18/><T15/><D33/><U72/><E72/><V111/><F111/><W87/><G87/><T20/><D124/><U32/><E32/><V30/><F30/><W73/><G73/><T13/><D3/><U80/><E80/><V27/><F27/><AGARI ba="0,0" hai="19,22,27,29,31,48,54,59,92,98,100,125,126,127" machi="27" ten="40,1300,0" yaku="18,1" doraHai="114" who="3" fromWho="2" sc="167,0,320,0,200,-13,313,13" /><INIT seed="3,0,0,5,0,40" ten="167,320,187,326" oya="3" hai0="124,105,44,77,3,50,10,66,72,20,22,11,4" hai1="92,7,51,134,121,129,2,87,73,38,80,74,84" hai2="135,23,75,79,41,104,123,78,109,114,93,132,110" hai3="47,15,76,102,6,25,65,42,13,52,45,131,26"/><W127/><G127/><T125/><D105/><U0/><E121/><V116/><F104/><W82/><G131/><T63/><D11/><U17/><E38/><V106/><F106/><W18/><G65/><T83/><D63/><U29/><E129/><V16/><F114/><W59/><G102/><T99/><D66/><U43/><E29/><V113/><F113/><W1/><G1/><T21/><REACH who="0" step="1"/><D99/><REACH who="0" ten="157,320,187,326" step="2"/><U58/><E0/><V126/><F123/><W112/><G112/><T101/><D101/><U130/><E2/><V103/><F126/><W122/><G122/><T107/><D107/><U88/><E130/><V48/><F116/><W67/><G67/><T39/><D39/><U30/><E7/><V128/><F128/><W118/><G118/><T36/><D36/><U96/><E134/><N who="2" m="51243" /><F110/><W119/><G119/><T57/><D57/><U133/><E133/><V14/><F109/><W32/><G32/><T95/><D95/><U90/><E96/><N who="2" m="59791" /><F75/><W86/><G6/><T34/><D34/><U68/><E68/><V97/><F97/><W81/><G81/><T61/><D61/><U117/><E117/><V54/><F41/><AGARI ba="0,1" hai="3,4,10,20,21,22,41,44,50,72,77,83,124,125" machi="41" ten="40,2600,0" yaku="1,1,52,1,53,0" doraHai="40" doraHaiUra="91" who="0" fromWho="2" sc="157,36,320,0,187,-26,326,0" owari="193,-20.7,320,12.0,161,-33.9,326,42.6" /></mjloggm>