<mjloggm ver="2.3"><GO type="225" lobby="0"/><UN n0="%E4%B8%89%E5%88%86%E5%B0%8F%E5%83%A7" n1="%E6%81%A5%E6%99%92%E3%81%97" n2="%E5%A4%8F%E9%88%B4%E9%88%B4%E5%A4%8F" n3="%E3%81%AF%E3%82%88%E3%81%8A%E3%81%98%E3%81%95%E3%82%93" dan="16,17,16,17" rate="2087.31,2177.19,2146.88,2143.59" sx="M,M,F,M"/><TAIKYOKU oya="0"/><INIT seed="0,0,0,1,3,100" ten="250,250,250,250" oya="0" hai0="24,76,130,109,79,56,80,81,86,126,2,133,116" hai1="50,132,75,1,135,94,45,12,65,72,54,78,85" hai2="129,88,66,98,112,108,10,111,127,19,121,63,68" hai3="55,113,95,25,110,15,41,70,91,69,101,42,47"/><T59/><D116/><U27/><E1/><V77/><F121/><W4/><G113/><T52/><D2/><U87/><E27/><V74/><F112/><W118/><G118/><T26/><D126/><U16/><E65/><V34/><F127/><W5/><G110/><N who="2" m="42025" /><F34/><W104/><G104/><T89/><D109/><U32/><E32/><V0/><F129/><W64/><G101/><T58/><D133/><N who="1" m="51275" /><E94/><N who="2" m="56647" /><F19/><W17/><G64/><T96/><D130/><U60/><E60/><V90/><F90/><W29/><G69/><T134/><D134/><U119/><E119/><V40/><F40/><W37/><G42/><T43/><D43/><U120/><E120/><V102/><F102/><W51/><G70/><T107/><D107/><U18/><E18/><V9/><F0/><W13/><G41/><T57/><D96/><U21/><E78/><N who="0" m="29737" /><D81/><AGARI ba="0,0" hai="9,10,63,66,68,74,77,81" m="56647,42025" machi="81" ten="30,2000,0" yaku="14,1,54,1" doraHai="100" who="2" fromWho="0" sc="250,-20,250,0,250,20,250,0" /><INIT seed="1,0,0,1,5,108" ten="230,250,270,250" oya="1" hai0="105,9,67,78,29,42,57,90,79,94,47,37,135" hai1="116,101,50,112,10,119,86,44,100,36,22,20,7" hai2="118,92,63,110,88,23,28,134,81,3,24,121,87" hai3="32,82,6,52,114,104,106,12,34,115,91,76,130"/><U73/><E73/><V111/><F121/><W19/><G6/><T120/><D105/><U60/><E36/><V71/><F118/><W35/><G130/><T102/><D102/><U11/><E116/><V74/><F3/><W129/><G129/><T109/><D109/><N who="2" m="41482" /><F134/><W5/><G5/><T18/><D135/><U99/><E119/><V38/><F38/><W127/><G127/><T53/><D67/><U16/><E112/><V15/><F15/><W75/><G91/><T98/><D29/><U123/><E22/><V41/><F41/><W8/><REACH who="3" step="1"/><G52/><REACH who="3" ten="230,250,270,240" step="2"/><T14/><REACH who="0" step="1"/><D120/><REACH who="0" ten="220,250,270,240" step="2"/><U56/><E123/><V124/><F124/><W31/><G31/><T117/><D117/><U51/><E101/><V80/><F74/><W1/><G1/><T0/><D0/><U107/><E100/><V49/><F49/><AGARI ba="0,2" hai="9,14,18,37,42,47,49,53,57,78,79,90,94,98" machi="49" ten="30,2000,0" yaku="1,1,7,1,53,0" doraHai="108" doraHaiUra="65" who="0" fromWho="2" sc="220,40,250,0,270,-20,240,0" /><INIT seed="2,0,0,4,5,9" ten="260,250,250,240" oya="2" hai0="77,58,27,3,48,42,51,16,114,26,28,99,36" hai1="91,92,44,70,22,35,52,1,68,24,122,97,96" hai2="71,98,53,75,116,47,2,55,56,84,32,88,76" hai3="74,125,21,79,110,43,0,5,133,62,109,38,33"/><V111/><F116/><W123/><G33/><T117/><D114/><U81/><E35/><V121/><F121/><W128/><G123/><T78/><D3/><U89/><E122/><V106/><F32/><W30/><G125/><T80/><D36/><U17/><E1/><V95/><F2/><W135/><G128/><T132/><D132/><N who="3" m="50761" /><G62/><T134/><D117/><U107/><E107/><V39/><F71/><W64/><G64/><T127/><D127/><U13/><E68/><V131/><F131/><W46/><G21/><T6/><D6/><U57/><E44/><V104/><F111/><N who="3" m="42507" /><G30/><T45/><D28/><U118/><E70/><V115/><F115/><W83/><G0/><T12/><D134/><U113/><E113/><V87/><F75/><N who="3" m="43519" /><G5/><T29/><D29/><U41/><E41/><V124/><F124/><W20/><G20/><T19/><D42/><U25/><E118/><V90/><F39/><W54/><G54/><T65/><D65/><U69/><E69/><V14/><F55/><W37/><G37/><T108/><D108/><U49/><E81/><N who="2" m="47143" /><F47/><W67/><G67/><T40/><D45/><U59/><E57/><V102/><F53/><W94/><G94/><AGARI ba="0,0" hai="13,17,22,24,25,49,52,59,89,91,92,94,96,97" machi="94" ten="40,8000,1" yaku="9,1,8,1,52,1,54,1" doraHai="9" who="1" fromWho="3" sc="260,0,250,80,250,0,240,-80" /><INIT seed="3,0,0,2,5,22" ten="260,330,250,160" oya="3" hai0="79,15,97,12,39,27,26,124,41,117,85,128,43" hai1="90,80,111,29,73,89,20,60,99,74,70,2,49" hai2="0,86,67,96,83,61,105,69,122,3,44,62,78" hai3="30,65,88,106,102,4,59,104,129,94,37,24,35"/><W87/><G37/><T42/><D39/><U119/><E2/><V54/><F122/><W53/><G129/><T133/><D117/><U114/><E114/><V84/><F84/><W21/><G65/><T36/><D36/><U121/><E119/><V45/><F61/><W5/><G35/><T64/><D128/><U82/><E49/><V1/><REACH who="2" step="1"/><F54/><REACH who="2" ten="260,330,240,160" step="2"/><W56/><G56/><T6/><D124/><U51/><E60/><V72/><F72/><W98/><G106/><T126/><D126/><U63/><E74/><V116/><F116/><W57/><REACH who="3" step="1"/><G59/><REACH who="3" ten="260,330,240,150" step="2"/><T103/><D64/><U18/><E70/><V34/><F34/><W101/><G101/><AGARI ba="0,2" hai="0,1,3,44,45,62,67,69,78,83,86,96,101,105" machi="101" ten="40,1300,0" yaku="1,1,53,0" doraHai="22" doraHaiUra="109" who="2" fromWho="3" sc="260,0,330,0,240,33,150,-13" owari="260,-14.0,330,43.0,273,7.3,137,-36.3" /></mjloggm>