<mjloggm ver="2.3"><GO type="225" lobby="0"/><UN n0="%E3%82%BC%E3%83%AB%E3%83%80%E3%81%AE%E4%BC%9D%E8%AA%AC" n1="%E7%99%BD%E5%80%89%E5%AF%9B%E4%B9%8B" n2="%E3%83%A9%E3%82%B9%E7%8E%87%EF%BC%93%E5%89%B2" n3="%E6%9C%88%E5%B3%B6%E5%9F%BA" dan="17,16,17,17" rate="2145.00,2152.91,2206.48,2214.36" sx="M,M,F,M"/><TAIKYOKU oya="0"/><INIT seed="0,0,0,1,3,12" ten="250,250,250,250" oya="0" hai0="78,60,127,105,108,82,18,20,44,85,81,97,76" hai1="52,121,72,29,99,57,116,86,111,45,114,46,22" hai2="130,122,126,30,6,90,55,109,26,51,103,93,132" hai3="49,135,19,112,64,35,110,87,59,131,89,0,32"/><T11/><D127/><U16/><E72/><V92/><F122/><W124/><G112/><T66/><D108/><U58/><E121/><V25/><F130/><W34/><G110/><T41/><D11/><U67/><E111/><V71/><F132/><W37/><G0/><T9/><D9/><U53/><E114/><V47/><F71/><W14/><G37/><T69/><D97/><U65/><E29/><V128/><F128/><W73/><G73/><T13/><D105/><U96/><E86/><V115/><F126/><W24/><G131/><T134/><D134/><U104/><E104/><V28/><F6/><W4/><G4/><T119/><D119/><U91/><E91/><V23/><F109/><W10/><G124/><T33/><D33/><U74/><E74/><V2/><F2/><W120/><G120/><T129/><D129/><U125/><E125/><V21/><F115/><W50/><G135/><T63/><D63/><U123/><E123/><V17/><F103/><W5/><G5/><T1/><D1/><U101/><E101/><V7/><F7/><W8/><G8/><T95/><D95/><N who="2" m="36426" /><F90/><W43/><G35/><T80/><REACH who="0" step="1"/><D78/><REACH who="0" ten="240,250,250,250" step="2"/><U3/><E3/><V133/><F133/><W40/><G34/><T62/><D62/><U98/><E98/><V27/><F23/><W42/><G32/><T88/><D88/><U79/><E22/><V54/><F54/><W48/><G89/><T75/><D75/><U38/><E79/><V100/><F100/><W36/><G10/><T94/><D94/><U39/><E116/><V117/><F117/><W107/><G107/><RYUUKYOKU ba="0,1" sc="240,10,250,10,250,10,250,-30" hai0="13,18,20,41,44,60,66,69,76,80,81,82,85" hai1="16,38,39,45,46,52,53,57,58,65,67,96,99" hai2="17,21,25,26,27,28,30,47,51,55" /><INIT seed="0,1,1,0,5,42" ten="250,260,260,220" oya="0" hai0="5,80,81,108,41,47,70,58,39,89,34,26,73" hai1="14,134,45,68,114,6,87,88,103,90,2,56,111" hai2="28,76,66,3,60,31,92,96,63,106,79,112,21" hai3="36,133,30,55,82,91,9,126,62,101,18,102,123"/><T74/><D70/><U37/><E68/><V78/><F3/><W1/><G36/><T38/><D108/><U59/><E111/><V122/><F122/><W94/><G123/><T72/><D38/><U100/><E2/><V22/><F112/><W52/><G126/><T7/><D58/><N who="1" m="22059" /><E37/><V121/><F106/><W93/><G133/><T85/><REACH who="0" step="1"/><D80/><REACH who="0" ten="240,260,260,220" step="2"/><N who="1" m="49255" /><E134/><V124/><F121/><W53/><G82/><T97/><D97/><U75/><E114/><V27/><F124/><W77/><G62/><T95/><D95/><U117/><E117/><V4/><F92/><W43/><G93/><T128/><D128/><U127/><E127/><V50/><F96/><W25/><G94/><T71/><D71/><U116/><E116/><V104/><F63/><W51/><G101/><T113/><D113/><U109/><E109/><V46/><F104/><W118/><G102/><T132/><D132/><U110/><E110/><V33/><F60/><W131/><G131/><T8/><D8/><U61/><E103/><V35/><F50/><W17/><G51/><T98/><D98/><U48/><E100/><V20/><F66/><W23/><G118/><T16/><D16/><U67/><E61/><V29/><F29/><AGARI ba="1,2" hai="5,7,26,29,34,39,41,47,72,73,74,81,85,89" machi="29" ten="40,3900,0" yaku="1,1,52,1,53,0" doraHai="42" doraHaiUra="65" who="0" fromWho="2" sc="240,62,260,0,260,-42,220,0" /><INIT seed="0,2,0,3,4,84" ten="302,260,218,220" oya="0" hai0="91,95,75,104,5,126,115,25,120,61,122,130,41" hai1="116,87,132,119,123,125,79,58,30,34,32,27,24" hai2="21,56,109,93,66,71,113,98,118,100,4,10,28" hai3="18,135,70,59,102,57,64,73,121,38,35,31,101"/><T105/><D41/><U26/><E79/><V133/><F113/><W1/><G1/><T124/><D61/><U99/><E87/><V65/><F109/><W67/><G73/><T106/><D5/><U63/><E99/><V39/><F133/><W78/><G78/><T12/><D12/><U127/><E58/><V90/><F118/><N who="1" m="45097" /><E63/><V134/><F134/><W8/><G135/><T33/><D75/><U15/><E132/><V92/><F39/><W112/><G38/><T45/><D45/><U131/><E123/><N who="0" m="47145" /><D25/><N who="1" m="9835" /><E131/><V60/><F71/><W46/><G70/><T52/><D33/><N who="1" m="20703" /><E15/><V37/><F37/><W54/><G46/><T89/><D52/><U6/><E6/><V69/><F69/><W128/><G54/><T76/><D76/><U62/><E62/><V83/><F60/><W51/><G128/><T29/><D29/><U3/><E3/><V44/><F44/><W97/><G31/><T17/><D130/><U81/><E81/><V117/><F83/><W47/><G47/><T49/><D49/><U68/><E68/><V14/><F117/><W53/><G51/><T129/><D129/><U16/><E16/><N who="2" m="10391" /><F56/><W20/><G59/><T74/><D17/><U110/><E110/><V55/><F55/><W94/><G57/><T108/><D74/><U88/><E88/><N who="0" m="33865" /><D108/><U9/><E9/><V114/><F28/><W72/><G53/><T22/><D22/><U0/><E0/><N who="2" m="263" /><F66/><W50/><G67/><T85/><D115/><U40/><E40/><V43/><F114/><W13/><G112/><T2/><D2/><U42/><E42/><V77/><F43/><RYUUKYOKU ba="2,0" sc="302,15,260,15,218,-15,220,-15" hai0="85,95,104,105,106,124,126" hai1="32,34,125,127" /><INIT seed="0,3,0,2,2,23" ten="317,275,203,205" oya="0" hai0="2,113,38,14,46,89,15,101,10,110,79,67,43" hai1="33,45,127,128,9,126,8,102,57,7,55,3,84" hai2="59,66,73,122,48,4,83,21,64,135,112,77,85" hai3="100,120,25,47,69,96,121,106,65,34,19,27,56"/><T105/><D113/><U129/><E33/><V70/><F112/><W108/><G108/><T93/><D110/><U125/><E102/><V75/><F70/><W51/><G56/><T41/><D67/><U63/><E84/><V53/><F122/><N who="3" m="47211" /><G34/><T50/><D79/><U12/><REACH who="1" step="1"/><E45/><REACH who="1" ten="317,265,203,205" step="2"/><V98/><F85/><W29/><G100/><T68/><D46/><U115/><E115/><V11/><F75/><W90/><G96/><T103/><D103/><U95/><E95/><V35/><F98/><W26/><G106/><T109/><D93/><U1/><E1/><V114/><F35/><W87/><G87/><T124/><D2/><U118/><E118/><V97/><F97/><W82/><G82/><T91/><D101/><U22/><E22/><V17/><F114/><W20/><G90/><T30/><D91/><U28/><E28/><V61/><F83/><W31/><G31/><T130/><D30/><U6/><AGARI ba="3,1" hai="3,6,7,8,9,12,55,57,63,125,126,127,128,129" machi="6" ten="40,5200,0" yaku="1,1,0,1,18,1,53,0" doraHai="23" doraHaiUra="39" who="1" fromWho="1" sc="317,-29,265,71,203,-16,205,-16" /><INIT seed="1,0,0,0,1,36" ten="288,336,187,189" oya="1" hai0="0,34,3,81,69,71,104,27,48,18,17,89,97" hai1="113,106,75,84,5,13,130,11,114,94,59,64,9" hai2="22,88,80,65,10,74,103,115,7,67,77,43,73" hai3="133,2,91,118,135,83,58,26,126,37,92,98,42"/><U4/><E75/><V16/><F115/><W131/><G2/><T19/><D48/><U54/><E106/><V41/><F103/><W125/><G118/><T49/><D49/><U57/><E130/><V108/><F108/><W47/><G26/><T32/><D81/><U33/><E33/><V31/><F31/><W66/><G131/><T51/><D51/><U90/><E64/><N who="2" m="24651" /><F74/><W55/><G83/><T12/><D89/><U39/><E39/><V128/><F73/><W121/><G66/><T86/><D86/><U134/><E134/><N who="3" m="51210" /><G121/><T14/><D97/><U20/><E20/><V109/><F109/><W1/><G1/><N who="0" m="587" /><D104/><U72/><E72/><V56/><F56/><W100/><G100/><T8/><D69/><U117/><E117/><V120/><F120/><W21/><G21/><N who="0" m="13743" /><D71/><U15/><REACH who="1" step="1"/><E59/><REACH who="1" ten="288,326,187,189" step="2"/><V45/><F128/><W85/><G58/><T124/><D124/><U35/><E35/><V102/><F45/><W29/><G37/><T123/><D123/><U24/><E24/><N who="2" m="14407" /><F102/><W63/><G125/><T127/><D127/><U76/><E76/><V62/><F77/><W122/><G126/><T61/><D61/><AGARI ba="0,1" hai="4,5,9,11,13,15,54,57,61,84,90,94,113,114" machi="61" ten="30,11600,0" yaku="1,1,7,1,9,1,53,1" doraHai="36" doraHaiUra="52" who="1" fromWho="0" sc="288,-116,326,126,187,0,189,0" /><INIT seed="1,1,0,2,4,112" ten="172,452,187,189" oya="1" hai0="93,62,20,102,44,114,66,26,52,48,14,23,31" hai1="100,21,113,36,134,42,120,68,37,50,135,119,63" hai2="85,118,89,67,32,40,129,130,55,45,64,82,121" hai3="72,79,122,5,59,11,47,69,1,13,71,103,108"/><U80/><E100/><V0/><F121/><W29/><G122/><T131/><D131/><N who="2" m="50186" /><F0/><W22/><G108/><T7/><D114/><U4/><E80/><V15/><F32/><W3/><G103/><T73/><D73/><U101/><E101/><V84/><F55/><W95/><G95/><T87/><D7/><U109/><E21/><V77/><F15/><W65/><G3/><T78/><D78/><U110/><E4/><V70/><F118/><W124/><G124/><T51/><D51/><U81/><E81/><N who="2" m="47151" /><F70/><W92/><G69/><T60/><D66/><N who="1" m="41055" /><E120/><V12/><F12/><W98/><G71/><T107/><D107/><U54/><E119/><V128/><N who="2" m="50194" /><V6/><DORA hai="24" /><F6/><W39/><G1/><T49/><D49/><AGARI ba="1,0" hai="40,45,49,64,67,82,85,89" m="47151,50194" machi="49" ten="40,1300,0" yaku="19,1" doraHai="112,24" who="2" fromWho="0" sc="172,-16,452,0,187,16,189,0" /><INIT seed="2,0,0,0,3,98" ten="156,452,203,189" oya="2" hai0="124,25,39,114,21,104,105,112,126,0,30,38,68" hai1="67,6,109,69,94,20,55,44,113,122,45,121,50" hai2="86,116,133,130,107,49,35,129,82,95,128,1,100" hai3="33,42,52,103,135,18,29,63,123,61,91,10,34"/><V11/><F35/><W64/><G123/><N who="1" m="47114" /><E6/><N who="2" m="1487" /><F116/><W24/><G135/><T80/><D0/><U120/><E120/><V13/><F107/><N who="0" m="41034" /><D80/><U90/><E109/><V19/><F49/><W48/><G34/><N who="0" m="20815" /><D68/><U71/><E113/><N who="0" m="43625" /><D21/><U60/><E20/><N who="2" m="11375" /><F133/><W26/><G42/><T93/><D93/><U89/><E71/><V117/><F117/><W119/><G119/><T92/><D92/><U118/><E118/><V14/><F14/><W88/><G103/><T47/><D47/><N who="1" m="28127" /><E89/><N who="3" m="34378" /><G33/><T62/><D62/><N who="3" m="23561" /><G64/><T77/><D77/><U17/><E17/><V32/><F32/><W8/><G29/><T106/><N who="0" m="41042" /><T4/><DORA hai="127" /><D4/><U27/><E27/><N who="3" m="10282" /><G18/><T132/><D132/><U111/><E111/><V53/><F95/><W70/><G70/><T31/><D31/><U81/><E81/><V40/><F40/><W72/><G72/><T108/><D108/><U36/><E36/><AGARI ba="0,0" hai="36,38,39,124,126" m="43625,20815,41042" machi="36" ten="50,1600,0" yaku="23,1" doraHai="98,127" who="0" fromWho="1" sc="156,16,452,-16,203,0,189,0" /><INIT seed="3,0,0,0,5,82" ten="172,436,203,189" oya="3" hai0="26,123,130,131,50,109,100,60,57,105,99,2,37" hai1="28,22,108,106,110,6,115,53,55,129,45,79,15" hai2="88,23,4,49,44,20,128,101,68,71,96,29,103" hai3="72,41,42,119,89,124,64,117,21,17,113,3,80"/><W13/><G113/><T46/><D123/><U107/><E115/><V116/><F116/><W92/><G3/><T25/><D37/><U134/><E79/><V102/><F128/><N who="0" m="49194" /><D2/><U87/><E45/><V67/><F4/><W84/><G124/><T34/><D34/><U66/><E134/><V54/><F67/><W135/><G135/><T69/><D69/><U0/><E22/><N who="2" m="8235" /><F68/><W112/><G112/><T111/><D57/><U38/><E55/><V62/><F71/><W94/><G117/><T126/><D60/><U63/><E6/><V27/><F27/><W74/><G119/><T40/><D126/><U16/><E63/><V73/><F73/><W14/><G74/><T95/><D105/><U76/><E28/><V51/><F29/><W83/><G64/><T32/><D32/><U35/><E76/><V121/><F121/><W118/><G118/><T78/><D78/><U10/><E53/><V114/><F114/><W98/><G72/><T97/><D97/><U12/><E12/><V56/><F44/><W9/><G14/><T7/><D7/><U70/><E15/><V127/><F127/><W47/><G21/><T61/><D61/><U90/><E66/><V30/><F30/><W86/><G98/><T5/><D5/><U31/><E31/><V43/><F43/><N who="3" m="16395" /><G47/><T18/><D18/><U8/><E16/><V91/><F96/><W77/><AGARI ba="0,0" hai="9,13,17,77,80,83,84,86,89,92,94" m="16395" machi="77" ten="30,6000,0" yaku="8,1,52,2" doraHai="82" who="3" fromWho="3" sc="172,-20,436,-20,203,-20,189,60" /><INIT seed="3,1,0,3,1,49" ten="152,416,183,249" oya="3" hai0="22,2,104,121,92,72,30,116,40,3,5,15,103" hai1="64,96,76,114,57,67,101,8,126,111,41,38,31" hai2="135,100,62,27,20,47,133,10,86,50,21,13,106" hai3="127,94,28,43,37,19,82,110,130,79,129,12,16"/><W52/><G127/><T69/><D121/><U131/><E76/><V34/><F62/><W9/><G28/><T98/><D116/><U32/><E57/><V1/><F1/><W95/><G110/><T65/><D72/><U81/><E8/><V73/><F73/><N who="3" m="43375" /><G19/><T102/><D40/><U24/><E81/><V84/><F100/><W75/><G75/><T44/><D44/><U39/><E41/><V48/><F106/><W117/><G37/><T23/><D23/><U53/><E31/><V36/><F36/><W35/><G35/><T54/><D103/><U123/><E101/><V61/><F61/><W6/><G6/><T45/><D104/><U78/><E32/><V112/><F34/><W71/><G71/><T88/><D102/><U70/><E70/><V119/><F119/><W58/><G43/><T74/><D74/><U0/><E39/><V46/><F10/><W99/><G99/><T128/><D128/><N who="3" m="49257" /><G117/><T109/><D109/><U68/><E38/><V60/><F27/><W115/><G115/><T83/><D83/><U85/><E68/><V26/><F26/><W90/><G90/><T7/><D30/><U25/><E131/><V77/><F112/><W113/><G113/><T134/><D134/><U122/><E114/><V107/><F107/><W63/><AGARI ba="1,0" hai="9,12,16,52,58,63,94,95" m="49257,43375" machi="63" ten="30,11700,0" yaku="19,1,52,1,54,2" doraHai="49" who="3" fromWho="3" sc="152,-40,416,-40,183,-40,249,120" /><INIT seed="3,2,0,0,0,81" ten="112,376,143,369" oya="3" hai0="124,82,72,55,122,90,88,56,79,102,100,60,19" hai1="67,68,85,20,50,126,1,73,93,91,99,76,117" hai2="16,130,28,14,6,15,78,101,53,64,87,8,24" hai3="84,111,12,49,63,131,80,4,97,77,27,66,113"/><W135/><G113/><T104/><D122/><U129/><E1/><V33/><F130/><W109/><G131/><T40/><D124/><U57/><E129/><V62/><F53/><W112/><G112/><T9/><D40/><U41/><E126/><V45/><F45/><W38/><G38/><T34/><D34/><U13/><E117/><V30/><F30/><W107/><G135/><T44/><D44/><N who="1" m="25871" /><E73/><V22/><F101/><N who="3" m="62895" /><G49/><T43/><D43/><U39/><E68/><V108/><F108/><N who="3" m="41547" /><G27/><T32/><D32/><U46/><E39/><V95/><F33/><W37/><G37/><T71/><D71/><U26/><E46/><V54/><F24/><W115/><G115/><T103/><REACH who="0" step="1"/><D104/><REACH who="0" ten="102,376,143,369" step="2"/><U114/><E114/><V52/><F28/><W110/><G110/><T127/><D127/><U7/><E57/><V83/><F95/><W86/><G4/><T92/><D92/><U61/><E7/><V18/><F6/><W125/><G125/><T116/><D116/><U36/><E36/><V89/><F78/><W47/><G47/><T0/><D0/><U42/><E42/><V31/><F31/><W98/><G98/><T70/><D70/><AGARI ba="2,1" hai="8,14,15,16,18,22,52,54,62,64,70,83,87,89" machi="70" ten="30,7700,0" yaku="7,1,52,1,54,2" doraHai="81" who="2" fromWho="0" sc="102,-83,376,0,143,93,369,0" owari="19,-48.1,376,47.6,236,-16.4,369,16.9" /></mjloggm>