<mjloggm ver="2.3"><GO type="225" lobby="0"/><UN n0="%E3%81%A4%E3%81%A3%E3%81%B1%E3%82%8A%E3%83%9D%E3%83%BC%E3%83%AB" n1="%E7%99%BD%E5%80%89%E5%AF%9B%E4%B9%8B" n2="%77%72%77%72%77%72%77%72" n3="%E4%BF%BA%E3%81%A8%E5%A6%96%E5%A4%A2" dan="17,16,17,16" rate="2169.13,2161.31,2186.01,2134.17" sx="M,M,M,F"/><TAIKYOKU oya="0"/><INIT seed="0,0,0,3,0,11" ten="250,250,250,250" oya="0" hai0="128,56,27,20,53,55,37,72,100,41,10,32,101" hai1="111,121,45,3,126,48,84,52,54,114,6,65,16" hai2="1,89,86,35,125,68,112,14,73,94,34,74,131" hai3="83,107,21,64,42,4,63,95,106,51,88,31,17"/><T110/><D32/><U58/><E121/><V135/><F112/><W9/><G31/><T13/><D72/><U103/><E114/><V75/><F1/><W87/><G42/><T122/><D122/><U67/><E111/><V36/><F68/><W113/><G51/><T22/><D110/><U61/><E126/><V26/><F125/><W0/><G113/><T77/><D77/><U127/><E127/><V23/><F36/><W105/><G83/><T116/><D116/><U7/><E103/><N who="0" m="39497" /><D37/><U80/><E3/><V79/><F131/><W132/><G132/><T69/><D69/><U5/><REACH who="1" step="1"/><E16/><REACH who="1" ten="250,240,250,250" step="2"/><V46/><F135/><W59/><REACH who="3" step="1"/><G106/><REACH who="3" ten="250,240,250,240" step="2"/><T90/><D128/><U33/><E33/><V28/><F35/><W120/><G120/><T15/><D41/><U78/><AGARI ba="0,2" hai="5,6,7,45,48,52,54,58,61,65,67,78,80,84" machi="78" ten="30,7900,0" yaku="1,1,0,1,8,1,54,1,53,0" doraHai="11" doraHaiUra="66" who="1" fromWho="1" sc="250,-39,240,99,250,-20,240,-20" /><INIT seed="1,0,0,5,3,40" ten="211,339,230,220" oya="1" hai0="68,77,125,51,101,70,24,115,18,86,99,23,116" hai1="63,39,112,107,123,29,135,127,25,34,106,4,10" hai2="8,74,89,130,103,132,2,37,15,128,117,79,110" hai3="111,5,69,105,28,11,9,0,6,64,85,32,46"/><U134/><E123/><V56/><F117/><W66/><G105/><T95/><D116/><U72/><E72/><V53/><F37/><W33/><G111/><T80/><D115/><U43/><E112/><V52/><F110/><W84/><G28/><T122/><D122/><U97/><E127/><V104/><F2/><W13/><G69/><T47/><REACH who="0" step="1"/><D125/><REACH who="0" ten="201,339,230,220" step="2"/><U61/><E134/><V27/><F132/><W59/><G32/><T100/><D100/><U119/><E135/><V113/><F103/><W133/><G33/><T31/><D31/><U41/><E29/><V73/><F113/><W114/><G133/><T118/><D118/><U81/><E34/><V16/><F128/><W30/><G30/><T49/><D49/><U62/><E119/><V55/><F130/><W50/><G114/><T35/><D35/><U67/><E39/><V60/><F104/><W19/><G5/><T129/><D129/><U78/><E4/><V57/><F74/><W76/><G19/><T92/><D92/><U126/><E107/><V7/><F73/><W131/><G131/><T21/><D21/><U83/><E106/><V124/><F124/><W121/><G121/><T22/><D22/><U93/><E93/><V36/><F36/><W1/><G6/><T102/><D102/><U108/><E126/><V88/><F79/><W12/><G76/><T65/><D65/><U17/><E67/><N who="2" m="39303" /><F57/><W90/><G59/><T87/><D87/><U26/><E78/><V20/><AGARI ba="0,1" hai="7,8,15,16,20,27,52,53,55,88,89" m="39303" machi="20" ten="30,7900,0" yaku="8,1,54,3" doraHai="40" who="2" fromWho="2" sc="201,-20,339,-39,230,89,220,-20" /><INIT seed="2,0,0,2,1,66" ten="181,300,319,200" oya="2" hai0="112,83,69,108,77,93,129,84,25,19,109,95,8" hai1="101,62,105,87,91,36,82,125,120,117,45,2,58" hai2="90,76,11,111,0,15,92,41,50,23,103,85,115" hai3="123,126,56,88,121,60,65,74,48,59,40,130,118"/><V18/><F115/><W13/><G74/><T79/><D112/><U35/><E2/><V81/><F111/><N who="0" m="42570" /><D129/><U119/><E35/><V30/><F103/><W37/><G118/><T94/><D77/><U14/><E125/><V24/><F0/><W43/><G126/><T70/><D8/><U132/><E120/><V110/><F110/><W98/><G130/><T122/><D122/><U21/><E132/><V49/><REACH who="2" step="1"/><F41/><REACH who="2" ten="181,300,309,200" step="2"/><W86/><G123/><T133/><D133/><U78/><E101/><V99/><AGARI ba="0,1" hai="11,15,18,23,24,30,49,50,76,81,85,90,92,99" machi="99" ten="20,18000,2" yaku="1,1,2,1,0,1,7,1,8,1,53,1" doraHai="66" doraHaiUra="73" who="2" fromWho="2" sc="181,-60,300,-60,309,190,200,-60" /><INIT seed="2,1,0,3,5,126" ten="121,240,499,140" oya="2" hai0="110,92,29,79,39,57,27,91,60,41,68,4,89" hai1="25,32,108,14,51,19,134,1,12,65,11,87,105" hai2="18,35,118,127,98,97,8,64,74,120,58,13,88" hai3="5,133,78,81,17,53,86,93,83,16,90,67,129"/><V116/><F120/><W62/><G133/><T109/><D68/><U9/><E105/><V63/><F127/><W123/><G123/><T103/><D4/><U107/><E107/><V40/><F74/><W124/><G124/><T69/><D69/><U117/><E1/><V21/><F35/><W50/><G5/><T72/><D41/><U66/><E108/><N who="0" m="41577" /><D39/><U59/><E117/><V55/><F40/><W80/><G129/><T48/><D48/><U104/><E104/><V24/><F64/><W15/><G78/><T85/><D72/><U31/><E134/><V115/><F115/><W30/><G30/><T102/><D79/><U132/><E132/><V34/><F34/><W75/><G75/><T95/><D95/><U38/><E38/><V33/><F33/><W42/><G42/><T77/><D77/><U113/><E113/><V6/><F98/><W82/><N who="3" m="20480" /><DORA hai="23" /><W94/><G94/><AGARI ba="1,0" hai="6,8,13,18,21,24,55,58,63,88,94,97,116,118" machi="94" ten="40,12000,1" yaku="25,2,52,1,54,1" doraHai="126,23" who="2" fromWho="3" sc="121,0,240,0,499,123,140,-123" /><INIT seed="2,2,0,4,3,3" ten="121,240,622,17" oya="2" hai0="133,47,120,14,89,58,35,132,67,99,115,127,97" hai1="42,61,0,2,12,76,96,30,92,57,108,81,105" hai2="110,129,24,19,37,116,15,103,53,26,125,95,60" hai3="83,20,90,121,86,79,55,106,56,44,107,123,98"/><V1/><F116/><W29/><G44/><T117/><D115/><U91/><E108/><V101/><F1/><W73/><G29/><T17/><D35/><U124/><E124/><V54/><F37/><W13/><G20/><T119/><D47/><U45/><E30/><V21/><F125/><W128/><G13/><T38/><D38/><U114/><E12/><V7/><F110/><W52/><G128/><T109/><D127/><U94/><E94/><V22/><F129/><W65/><G65/><T46/><D46/><U63/><E105/><V80/><F80/><W4/><G4/><T25/><D25/><U84/><E63/><V112/><F112/><W8/><G8/><T131/><D120/><U43/><E43/><V62/><F95/><N who="3" m="54743" /><G106/><T40/><D40/><U18/><E18/><V5/><F15/><W69/><G69/><T126/><D131/><U100/><E114/><V134/><F19/><W82/><G83/><T34/><D126/><U87/><E2/><V85/><F85/><W68/><G68/><T11/><D109/><U39/><E87/><V6/><F6/><W10/><G10/><T59/><D34/><U23/><E0/><V78/><F78/><W102/><G55/><T16/><D67/><U104/><E39/><V49/><F134/><N who="0" m="51818" /><D17/><U130/><E130/><V27/><F27/><W113/><G113/><T74/><D16/><U118/><E45/><V64/><F64/><W41/><G41/><T77/><D14/><U72/><E42/><V51/><AGARI ba="2,0" hai="5,7,21,22,24,26,49,51,53,54,60,62,101,103" machi="51" ten="25,18000,2" yaku="0,1,22,2,8,1,52,2" doraHai="3" who="2" fromWho="2" sc="121,-62,240,-62,622,186,17,-62" owari="59,-34.1,178,-2.2,808,90.8,-45,-54.5" /></mjloggm>