<mjloggm ver="2.3"><GO type="225" lobby="0"/><UN n0="%E4%BF%BA%E3%81%A8%E5%A6%96%E5%A4%A2" n1="%E8%91%B1%E9%96%93%E8%91%B1%E6%8A%9C" n2="%E3%83%B4%E3%83%A0%EF%BC%99%E3%81%A6" n3="%E5%A4%8F%E9%88%B4%E9%88%B4%E5%A4%8F" dan="16,16,16,16" rate="2108.56,2093.04,2146.39,2111.08" sx="F,F,M,F"/><TAIKYOKU oya="0"/><INIT seed="0,0,0,2,3,122" ten="250,250,250,250" oya="0" hai0="44,90,65,96,119,15,63,53,133,103,9,33,131" hai1="17,99,72,94,31,128,102,74,7,87,24,112,11" hai2="105,126,118,19,110,28,113,26,116,134,21,81,66" hai3="77,83,4,6,0,14,2,70,16,8,29,1,37"/><T82/><D119/><N who="2" m="45610" /><F105/><W59/><G37/><T93/><D131/><U127/><E128/><V30/><F66/><W13/><G70/><T135/><D33/><U18/><E127/><V57/><F57/><W91/><G91/><T125/><D125/><U101/><E112/><V25/><F126/><W76/><G29/><N who="2" m="11369" /><F81/><W95/><G95/><T23/><D23/><N who="1" m="15775" /><E74/><V115/><F134/><N who="0" m="51210" /><D44/><U120/><E72/><V49/><F49/><W80/><G59/><N who="0" m="35311" /><D65/><U22/><E120/><V104/><F104/><W107/><G107/><T60/><D60/><U20/><E102/><V10/><F26/><W38/><G14/><T100/><D82/><U27/><E87/><V73/><F73/><W64/><G38/><T92/><D92/><U54/><E54/><V71/><F71/><W97/><G97/><T88/><D103/><U67/><E67/><V79/><F79/><W58/><G83/><T52/><D52/><U132/><E132/><V117/><N who="2" m="45618" /><V89/><DORA hai="121" /><F89/><W61/><REACH who="3" step="1"/><G77/><REACH who="3" ten="250,250,250,240" step="2"/><T35/><D35/><U130/><E130/><V56/><F56/><W12/><G12/><T50/><D50/><U86/><E27/><V34/><F34/><W124/><G124/><T111/><D90/><N who="1" m="53591" /><E99/><V42/><F25/><W51/><G51/><T123/><D123/><U84/><E101/><V108/><F113/><W68/><G68/><T62/><D100/><U75/><E84/><AGARI ba="0,1" hai="0,1,2,4,6,8,13,16,58,61,64,76,80,84" machi="84" ten="40,2600,0" yaku="1,1,54,1,53,0" doraHai="122,121" doraHaiUra="48,109" who="3" fromWho="1" sc="250,0,250,-26,250,0,240,36" /><INIT seed="1,0,0,4,1,20" ten="250,224,250,276" oya="1" hai0="22,81,21,49,41,25,56,123,7,6,23,35,133" hai1="92,29,98,112,57,31,121,55,131,71,24,68,52" hai2="111,89,27,9,28,19,42,105,50,32,134,117,1" hai3="30,130,60,103,96,16,65,66,34,70,45,126,10"/><U109/><E112/><V127/><F117/><W37/><G130/><T0/><D123/><U46/><E121/><V118/><F118/><W69/><G126/><T17/><D133/><U119/><E119/><V113/><F127/><W82/><G82/><T101/><D101/><U116/><E116/><V110/><F134/><W88/><G88/><T93/><D81/><U61/><E131/><V2/><F105/><W122/><G122/><T64/><D93/><U53/><E109/><N who="2" m="41483" /><F113/><W47/><G37/><T73/><D73/><U95/><E31/><V91/><F19/><W108/><G108/><T72/><D72/><U102/><E95/><V33/><F33/><W14/><G66/><T8/><D6/><U125/><E125/><V99/><F9/><W18/><G18/><T51/><D35/><U87/><E87/><V26/><F26/><N who="3" m="18775" /><G70/><T97/><D97/><U77/><E77/><V11/><F11/><W120/><G120/><T86/><D86/><U63/><E46/><N who="2" m="25943" /><F99/><W115/><G115/><T4/><D4/><U128/><E128/><V39/><F39/><W104/><AGARI ba="0,0" hai="10,14,16,45,47,60,65,69,96,103,104" m="18775" machi="104" ten="30,4000,0" yaku="25,1,52,1,54,1" doraHai="20" who="3" fromWho="3" sc="250,-10,224,-20,250,-10,276,40" /><INIT seed="2,0,0,2,4,58" ten="240,204,240,316" oya="2" hai0="37,47,48,90,44,5,2,63,38,123,17,98,53" hai1="31,107,33,79,103,46,35,66,77,84,110,94,8" hai2="102,117,96,68,69,30,51,36,11,127,72,29,13" hai3="97,62,89,24,1,124,111,87,85,22,131,104,74"/><V109/><F117/><W112/><G1/><T12/><D123/><U100/><E110/><V73/><F36/><W91/><G111/><T115/><D115/><U99/><E66/><V134/><F109/><W80/><G124/><T39/><D2/><U106/><E46/><V101/><F127/><W125/><G125/><T18/><D5/><U83/><E8/><V133/><F51/><W118/><G118/><T23/><D17/><U75/><E31/><N who="2" m="11787" /><F13/><W93/><G131/><T108/><D108/><U119/><E119/><V86/><F86/><W49/><G74/><N who="2" m="28777" /><F96/><W14/><G104/><N who="1" m="39978" /><E33/><V20/><F20/><W42/><G14/><T59/><REACH who="0" step="1"/><D48/><REACH who="0" ten="230,204,240,316" step="2"/><U6/><E6/><V34/><F11/><W56/><G49/><T32/><D32/><U76/><E35/><V71/><F34/><W130/><G112/><T45/><D45/><U64/><E64/><V61/><F61/><W88/><G62/><T16/><D16/><U128/><E128/><V92/><F92/><AGARI ba="0,1" hai="12,18,23,37,38,39,44,47,53,59,63,90,92,98" machi="92" ten="40,2600,0" yaku="1,1,52,1,53,0" doraHai="58" doraHaiUra="0" who="0" fromWho="2" sc="230,36,204,0,240,-26,316,0" /><INIT seed="3,0,0,2,4,114" ten="266,204,214,316" oya="3" hai0="64,6,98,128,93,17,79,20,134,69,51,129,118" hai1="66,22,73,7,115,100,43,87,74,124,54,61,2" hai2="71,102,89,47,35,60,126,52,15,50,85,83,130" hai3="58,28,78,8,24,59,135,125,30,99,109,97,121"/><W14/><G121/><T48/><D6/><U116/><E115/><V84/><F35/><W106/><G109/><T77/><D134/><U91/><E74/><V80/><F126/><W68/><G68/><T32/><D32/><U127/><E73/><V107/><F130/><N who="0" m="50282" /><D64/><U101/><E116/><V75/><F75/><W38/><G38/><T39/><D69/><N who="1" m="42191" /><E43/><V123/><F123/><W110/><G110/><T44/><D39/><U26/><E54/><V3/><F3/><W25/><G135/><T132/><D51/><U82/><E7/><V119/><F119/><W12/><G125/><N who="1" m="48202" /><E2/><V63/><F71/><W56/><G78/><T70/><D70/><U133/><E133/><V0/><F0/><W36/><G36/><T112/><D112/><U65/><E65/><V23/><F107/><W122/><G59/><T16/><D17/><AGARI ba="0,0" hai="17,22,26,82,87,91,100,101" m="48202,42191" machi="17" ten="30,1000,0" yaku="18,1" doraHai="114" who="1" fromWho="0" sc="266,-10,204,10,214,0,316,0" owari="256,5.6,214,-18.6,214,-28.6,316,41.6" /></mjloggm>