<mjloggm ver="2.3"><GO type="225" lobby="0"/><UN n0="%E3%83%96%E3%83%83%E3%83%91%E3%82%AA%E3%83%96%E3%83%81%E3%82%AD%E3%83%B3" n1="%E9%B3%B4%E8%8C%B6" n2="%E3%83%B4%E3%83%A0%EF%BC%99%E3%81%A6" n3="%E3%81%95%E3%81%8D%E3%81%9F%E3%81%BE%E6%9E%97%E6%AA%8E" dan="17,16,17,16" rate="2197.61,2089.82,2141.98,2080.70" sx="M,M,M,M"/><TAIKYOKU oya="0"/><INIT seed="0,0,0,1,0,78" ten="250,250,250,250" oya="0" hai0="54,81,117,25,86,41,71,24,98,2,82,21,26" hai1="16,115,29,100,103,45,12,3,70,43,28,40,63" hai2="51,18,118,65,75,125,129,113,95,132,15,76,96" hai3="44,14,62,1,9,87,97,59,90,130,52,102,57"/><T10/><D117/><U94/><E3/><V126/><F113/><W27/><G130/><T106/><D71/><U7/><E115/><V112/><F112/><W58/><G1/><T34/><D34/><U72/><E72/><V105/><F105/><W122/><G122/><T119/><D119/><U120/><E120/><V39/><F39/><W17/><G27/><N who="0" m="10315" /><D106/><U69/><E7/><V101/><F118/><W30/><G30/><N who="1" m="11882" /><E70/><V91/><F129/><W79/><G79/><T135/><D2/><U55/><E69/><V131/><F65/><W33/><G33/><T80/><D135/><U128/><E128/><V5/><F132/><W60/><G60/><T8/><D41/><N who="1" m="15947" /><E94/><V133/><F133/><W46/><G46/><T89/><D98/><U92/><E92/><V32/><F32/><W107/><REACH who="3" step="1"/><G44/><REACH who="3" ten="250,250,250,240" step="2"/><T99/><D99/><U31/><E31/><V84/><F96/><W67/><G67/><T20/><D54/><U77/><E77/><V124/><F76/><W111/><G111/><T53/><D53/><U64/><E64/><V4/><F131/><W6/><G6/><T108/><D108/><U56/><E45/><V50/><F4/><W85/><G85/><T114/><D114/><U48/><E63/><V61/><F75/><W36/><G36/><T13/><D26/><U110/><E110/><V109/><F109/><W37/><G37/><T23/><D13/><U134/><E134/><V121/><F121/><W104/><G104/><T93/><AGARI ba="0,1" hai="8,10,20,21,23,80,81,82,86,89,93" m="10315" machi="93" ten="40,12000,1" yaku="8,1,52,3" doraHai="78" who="0" fromWho="0" sc="250,130,250,-40,250,-40,240,-40" /><INIT seed="0,1,0,3,0,85" ten="380,210,210,200" oya="0" hai0="88,80,87,109,100,26,126,13,11,62,110,127,120" hai1="47,112,44,38,131,16,79,113,27,52,19,63,45" hai2="128,39,43,84,36,7,67,130,32,111,122,96,24" hai3="93,69,31,98,35,104,2,77,60,119,29,116,41"/><T50/><D120/><U81/><E131/><N who="2" m="50219" /><F122/><W21/><G104/><T57/><D100/><U55/><E38/><V74/><F74/><W68/><G35/><T123/><D123/><U89/><E89/><V20/><F111/><N who="0" m="42506" /><D50/><U90/><E90/><V78/><F32/><W82/><G2/><T83/><D26/><U71/><E27/><V86/><F7/><W46/><G119/><T9/><D80/><U17/><E71/><V15/><F15/><W101/><G116/><T103/><D103/><U59/><REACH who="1" step="1"/><E55/><REACH who="1" ten="380,200,210,200" step="2"/><V95/><F39/><W34/><G68/><T4/><D9/><U40/><E40/><V53/><F36/><W117/><G69/><T58/><D58/><U94/><E94/><V30/><F43/><W73/><G93/><T99/><D99/><U51/><E51/><V48/><F96/><W92/><G92/><T56/><D57/><U54/><E54/><AGARI ba="1,1" hai="4,11,13,54,56,62,83,87,88,126,127" m="42506" machi="54" ten="30,11600,0" yaku="14,1,10,1,52,1,54,1" doraHai="85" who="0" fromWho="1" sc="380,129,200,-119,210,0,200,0" /><INIT seed="0,2,0,3,2,130" ten="509,81,210,200" oya="0" hai0="33,81,91,89,122,67,113,27,93,123,103,32,55" hai1="64,20,118,76,95,99,135,108,104,58,7,74,8" hai2="22,37,109,117,105,110,79,49,132,100,53,106,84" hai3="9,72,87,83,116,71,25,13,31,94,56,19,68"/><T21/><D113/><U85/><E118/><V42/><F117/><W28/><G116/><T121/><D67/><U77/><E20/><V126/><F126/><W17/><G72/><T43/><D43/><U125/><E108/><N who="2" m="41579" /><F100/><W24/><G71/><T26/><D103/><U133/><E125/><V111/><F111/><W38/><G38/><T59/><D81/><N who="1" m="45207" /><E58/><N who="2" m="33071" /><F132/><N who="1" m="50761" /><E64/><V36/><F22/><W92/><G68/><T41/><D27/><U52/><E52/><V97/><F42/><W73/><G56/><T11/><D21/><U129/><E129/><V1/><F1/><W131/><G131/><T119/><D26/><U65/><E65/><V86/><F79/><W127/><G127/><T75/><D119/><U120/><E120/><V80/><F80/><W45/><G25/><T2/><D55/><U34/><E34/><V82/><F82/><W102/><G83/><T98/><D33/><U15/><E77/><V62/><F62/><W114/><G24/><T88/><D32/><U57/><E57/><V3/><F3/><W23/><G23/><T4/><D59/><U5/><E104/><V40/><F40/><W90/><G45/><T66/><D66/><U39/><E39/><N who="2" m="14923" /><F106/><W51/><G51/><T124/><D124/><U134/><N who="1" m="50769" /><U35/><DORA hai="46" /><E35/><V44/><F44/><W96/><G31/><T29/><D29/><U6/><E85/><V12/><F84/><W60/><G87/><T115/><D41/><U14/><E8/><V18/><F86/><W50/><G9/><T47/><D11/><U69/><E69/><V112/><F105/><W61/><G28/><RYUUKYOKU ba="2,0" sc="509,-10,81,30,210,-10,200,-10" hai1="5,6,7,14,15,95,99" /><INIT seed="1,3,0,0,4,35" ten="499,111,200,190" oya="1" hai0="103,6,72,90,60,2,8,54,108,64,135,101,51" hai1="19,48,40,87,52,44,120,126,46,47,118,123,58" hai2="75,96,41,62,4,17,18,49,12,89,33,114,63" hai3="76,34,86,84,110,42,16,27,7,112,11,31,50"/><U67/><E19/><N who="2" m="7179" /><F33/><W43/><G110/><T25/><D108/><U91/><E118/><V105/><F105/><W71/><G71/><T106/><D135/><U70/><E87/><V32/><F32/><W65/><G65/><T61/><D72/><U82/><E91/><V20/><F75/><W24/><G112/><T107/><D25/><U68/><E82/><V14/><F114/><W30/><G16/><T38/><D38/><N who="1" m="21527" /><E126/><V53/><F20/><W127/><G127/><T111/><D90/><U3/><E3/><V69/><F69/><N who="1" m="26729" /><E67/><V117/><F117/><W5/><G76/><T21/><D111/><U36/><E36/><V80/><F41/><W77/><G77/><T119/><D64/><U26/><E26/><V132/><F132/><W109/><G109/><T0/><D119/><U22/><E22/><V57/><F12/><W85/><G11/><T9/><D21/><U99/><E99/><V121/><F96/><W66/><G66/><T116/><D116/><U73/><E73/><V124/><F124/><W81/><G86/><T10/><D10/><U98/><E98/><V88/><F14/><W131/><G81/><T74/><D74/><U29/><E29/><V129/><F80/><W45/><G34/><T94/><D94/><U97/><E97/><V79/><F79/><W13/><G31/><T1/><D1/><U23/><E23/><V115/><F89/><W100/><G30/><T125/><D125/><U102/><E102/><V95/><F88/><W28/><G100/><T37/><D37/><U93/><E93/><V39/><F95/><W78/><G28/><RYUUKYOKU ba="3,0" sc="499,-10,111,30,200,-10,190,-10" hai1="46,47,48,52,58,120,123" /><INIT seed="1,4,0,0,2,116" ten="489,141,190,180" oya="1" hai0="115,52,29,99,132,65,84,19,44,121,48,50,9" hai1="59,21,88,73,94,83,57,51,62,63,56,119,107" hai2="27,106,113,31,41,66,133,98,45,89,34,105,71" hai3="103,0,18,2,55,112,124,7,43,6,129,111,76"/><U125/><E107/><V4/><F133/><W35/><G112/><T95/><D115/><U49/><E119/><V117/><F113/><W25/><G76/><T102/><D132/><U86/><E125/><V109/><F117/><W10/><G43/><T87/><D121/><U3/><E3/><N who="3" m="1066" /><G55/><T74/><D74/><U26/><E73/><V70/><F4/><N who="3" m="1579" /><G103/><T77/><D77/><U23/><E83/><V53/><F53/><W134/><G134/><T30/><D65/><U97/><E86/><N who="0" m="32809" /><D50/><N who="1" m="18955" /><E21/><V90/><F105/><W11/><G124/><T96/><D96/><U1/><E1/><V58/><F70/><W12/><G129/><T20/><D9/><U118/><E118/><V135/><F135/><W61/><G61/><T67/><D67/><U91/><E91/><V100/><F89/><W15/><G111/><T39/><D39/><U16/><AGARI ba="4,0" hai="16,23,26,56,57,59,62,63,88,94,97" m="18955" machi="16" ten="30,6000,0" yaku="8,1,54,2" doraHai="116" who="1" fromWho="1" sc="489,-24,141,72,190,-24,180,-24" /><INIT seed="1,5,0,4,3,129" ten="465,213,166,156" oya="1" hai0="71,1,41,57,105,47,45,21,72,15,48,110,9" hai1="63,125,73,44,7,133,16,49,24,35,42,33,134" hai2="50,66,111,127,114,81,119,34,123,70,83,124,23" hai3="106,122,62,14,89,0,52,99,93,85,87,43,29"/><U104/><E73/><V17/><F34/><N who="1" m="12809" /><E104/><V94/><F119/><W76/><G122/><T65/><D110/><U117/><E117/><V18/><F123/><W25/><G0/><T68/><D105/><U90/><E7/><V131/><F111/><W22/><G43/><T27/><D72/><U96/><E63/><N who="2" m="40287" /><F131/><W39/><G39/><T130/><D130/><U4/><E4/><V8/><F8/><W56/><G106/><T53/><D1/><U61/><E61/><V58/><F94/><W102/><G102/><T112/><D65/><U135/><E125/><N who="2" m="48203" /><F114/><W5/><G76/><T88/><D112/><U67/><E67/><V113/><F113/><W108/><G108/><T118/><D118/><U126/><E126/><V32/><F32/><W79/><G79/><T6/><D88/><U132/><N who="1" m="33792" /><DORA hai="95" /><U51/><E90/><V80/><F23/><W60/><G60/><T59/><D71/><U31/><E96/><V28/><F28/><W10/><AGARI ba="5,0" hai="5,10,14,22,25,29,52,56,62,85,87,89,93,99" machi="10" ten="30,7900,0" yaku="0,1,8,1,52,1,54,1" doraHai="129,95" who="3" fromWho="3" sc="465,-25,213,-44,166,-25,156,94" /><INIT seed="2,0,0,1,3,94" ten="440,169,141,250" oya="2" hai0="35,106,58,113,81,64,100,8,44,130,62,128,86" hai1="1,99,61,41,21,134,110,37,22,117,107,116,36" hai2="66,52,38,3,74,57,95,54,33,87,131,39,15" hai3="30,127,123,45,102,27,14,83,72,98,115,4,59"/><V114/><F114/><W12/><G123/><T53/><D113/><U31/><E1/><V55/><F3/><W90/><G115/><T56/><D35/><U79/><E110/><V120/><F120/><W50/><G127/><T47/><D8/><U6/><E6/><V42/><F74/><W101/><G59/><T105/><D44/><U112/><E112/><V43/><F33/><W24/><G72/><T133/><D47/><U9/><E9/><V92/><F15/><W109/><G109/><T132/><D100/><U28/><E79/><V75/><F75/><W111/><G111/><T17/><D17/><U70/><E107/><N who="0" m="40969" /><D86/><U96/><E61/><V40/><F87/><W68/><G68/><T5/><D81/><U93/><E93/><V20/><F20/><N who="1" m="7785" /><E70/><V76/><F76/><W0/><G0/><T104/><D5/><U119/><E41/><V34/><F34/><W46/><G4/><T84/><D84/><U124/><E124/><V97/><F92/><N who="3" m="56599" /><G83/><T19/><D104/><U135/><E28/><V2/><F2/><W125/><G125/><T78/><D78/><U32/><E31/><V89/><REACH who="2" step="1"/><F131/><REACH who="2" ten="440,169,131,250" step="2"/><N who="0" m="50218" /><D19/><U11/><E32/><V18/><F18/><W80/><G12/><T63/><AGARI ba="0,1" hai="53,56,58,62,63,64,132,133" m="50218,40969" machi="63" ten="40,1500,0" yaku="19,1" doraHai="94" who="0" fromWho="0" sc="440,25,169,-4,131,-7,250,-4" /><INIT seed="3,0,0,1,4,122" ten="465,165,124,246" oya="3" hai0="99,74,15,36,6,87,78,91,92,52,19,12,64" hai1="104,110,53,4,9,72,30,54,115,8,113,85,132" hai2="131,46,126,27,98,120,0,48,34,107,1,121,75" hai3="51,105,119,31,42,80,61,117,20,96,18,26,77"/><W59/><G105/><T116/><D116/><U13/><E72/><V88/><F75/><W93/><G42/><T25/><D36/><U82/><E104/><V97/><F126/><W41/><G41/><T47/><D64/><U10/><E132/><V40/><F131/><W35/><G51/><N who="0" m="28799" /><D74/><U39/><E110/><V67/><F67/><W33/><G33/><T102/><D78/><N who="1" m="46295" /><E39/><V11/><F107/><W43/><G43/><T118/><D118/><U69/><E69/><V45/><F45/><W90/><G35/><T123/><D123/><U66/><E66/><V83/><F120/><W14/><G14/><N who="0" m="5163" /><D6/><U106/><E106/><V56/><F121/><W55/><REACH who="3" step="1"/><G31/><REACH who="3" ten="465,165,124,236" step="2"/><T2/><D2/><U129/><E30/><V44/><F40/><W94/><G94/><N who="0" m="58743" /><D19/><U5/><E4/><V3/><F34/><W21/><G21/><T16/><D16/><U60/><E5/><V22/><F0/><W135/><G135/><T103/><D103/><U24/><E13/><V7/><F1/><W29/><G29/><T71/><D71/><U81/><E8/><V17/><F3/><W84/><AGARI ba="0,1" hai="18,20,26,55,59,61,77,80,84,90,93,96,117,119" machi="84" ten="20,12000,1" yaku="1,1,0,1,7,1,25,2,53,0" doraHai="122" doraHaiUra="100" who="3" fromWho="3" sc="465,-40,165,-40,124,-40,236,130" /><INIT seed="3,1,0,5,4,128" ten="425,125,84,366" oya="3" hai0="16,45,46,106,114,94,27,59,40,2,26,15,83" hai1="49,110,65,73,43,126,84,130,86,123,92,116,28" hai2="24,11,72,62,125,22,58,91,52,76,39,93,112" hai3="101,34,68,97,88,8,99,113,23,44,115,100,29"/><W9/><G68/><T50/><D106/><U103/><E123/><V81/><F125/><W75/><G75/><T14/><D2/><U133/><E73/><V118/><F112/><W69/><G69/><T48/><D114/><U51/><E65/><V1/><F118/><W54/><G29/><T71/><D71/><U56/><E28/><V36/><F11/><W104/><G34/><T95/><D59/><U134/><E116/><V74/><F1/><W79/><G79/><T78/><D78/><U47/><E126/><V135/><F135/><N who="1" m="51721" /><E110/><V122/><F122/><W57/><G44/><T5/><D83/><U82/><E130/><V20/><F72/><W67/><G67/><T77/><D77/><U61/><E51/><V102/><F102/><W10/><G23/><N who="0" m="13671" /><D27/><U19/><E19/><V132/><F132/><W127/><G127/><T0/><D0/><U64/><E82/><V70/><F70/><W21/><G21/><T108/><D108/><U17/><E17/><V85/><REACH who="2" step="1"/><F20/><REACH who="2" ten="425,125,74,366" step="2"/><W107/><REACH who="3" step="1"/><G88/><REACH who="3" ten="425,125,74,356" step="2"/><T129/><D129/><U42/><E103/><V18/><AGARI ba="1,2" hai="18,22,24,36,39,52,58,62,74,76,81,85,91,93" machi="18" ten="20,8000,1" yaku="1,1,2,1,0,1,7,1,54,1,53,0" doraHai="128" doraHaiUra="131" who="2" fromWho="2" sc="425,-21,125,-21,74,103,356,-41" owari="404,50.4,104,-39.6,177,-22.3,315,11.5" /></mjloggm>