<mjloggm ver="2.3"><GO type="225" lobby="0"/><UN n0="%E3%81%AF%E3%82%88%E3%81%8A%E3%81%98%E3%81%95%E3%82%93" n1="%E3%82%8F%E3%81%8B%E3%81%B0%2A%E3%82%AC%E3%83%BC%E3%83%AB" n2="%E3%81%BF%E3%81%BF%E3%81%9A" n3="%E3%81%8B%E3%82%8F%E3%81%A1%E3%82%83%E3%82%93%35%38" dan="17,16,17,16" rate="2162.57,2109.21,2226.02,2174.44" sx="M,M,M,M"/><TAIKYOKU oya="0"/><INIT seed="0,0,0,5,1,103" ten="250,250,250,250" oya="0" hai0="92,131,56,85,83,2,90,35,30,80,26,114,77" hai1="0,64,55,74,5,117,70,98,47,33,22,14,67" hai2="1,123,49,118,45,61,106,54,133,119,58,124,75" hai3="7,126,15,125,17,23,122,81,60,120,86,115,13"/><T84/><D131/><U94/><E74/><V57/><F75/><W109/><G60/><T3/><D114/><U132/><E33/><V9/><F123/><N who="3" m="47147" /><G86/><T107/><D107/><U42/><E117/><N who="2" m="44555" /><F133/><W76/><G76/><T12/><D12/><U121/><E121/><V79/><F79/><W39/><G81/><T28/><D30/><U59/><E0/><V34/><F34/><W134/><G39/><T25/><D25/><U127/><E127/><N who="3" m="48650" /><G115/><T108/><D108/><U37/><E70/><V69/><F124/><W66/><G66/><T20/><D35/><U46/><E46/><V105/><F69/><W48/><G48/><T38/><D38/><U87/><E87/><V24/><F24/><N who="3" m="14447" /><G134/><T110/><D110/><U112/><E132/><V52/><F58/><W18/><G109/><T50/><REACH who="0" step="1"/><D83/><REACH who="0" ten="240,250,250,250" step="2"/><U88/><E112/><V31/><F31/><W11/><G15/><T101/><D101/><U63/><REACH who="1" step="1"/><E22/><REACH who="1" ten="240,240,250,250" step="2"/><V65/><F1/><W116/><G116/><T62/><D62/><U71/><E71/><N who="2" m="42415" /><F9/><AGARI ba="0,2" hai="5,9,14,37,42,47,55,59,63,64,67,88,94,98" machi="9" ten="40,2600,0" yaku="1,1,54,1,53,0" doraHai="103" doraHaiUra="29" who="1" fromWho="2" sc="240,0,240,46,250,-26,250,0" /><INIT seed="1,0,0,5,2,30" ten="240,286,224,250" oya="1" hai0="18,42,6,41,135,75,65,100,91,131,26,122,127" hai1="78,21,130,105,24,80,71,10,19,93,109,3,43" hai2="63,57,52,76,129,55,69,125,4,34,46,1,73" hai3="119,133,90,8,83,47,72,99,40,37,15,70,74"/><U121/><E121/><V22/><F125/><W16/><G133/><T44/><D75/><U103/><E105/><V27/><F129/><W38/><G119/><T89/><D131/><U66/><E130/><V112/><F112/><W23/><G70/><T110/><D135/><U31/><E43/><V61/><F1/><W120/><G120/><T28/><D122/><U77/><E109/><V0/><F0/><W95/><G38/><T118/><D118/><U53/><E66/><V62/><F4/><W102/><G83/><T5/><D127/><U87/><E71/><V48/><F69/><W9/><G9/><T107/><D18/><U117/><E117/><V67/><F67/><W124/><G124/><T54/><D54/><U11/><E77/><V51/><F34/><W35/><G35/><N who="0" m="20887" /><D65/><U114/><E114/><V104/><F104/><W25/><REACH who="3" step="1"/><G102/><REACH who="3" ten="240,286,224,240" step="2"/><T82/><D82/><U94/><E103/><V2/><F2/><W113/><G113/><T58/><D100/><U115/><E115/><V116/><F116/><W108/><G108/><T88/><D110/><U7/><E10/><V128/><F128/><W33/><G33/><T84/><D89/><U68/><E68/><V86/><F73/><W32/><G32/><T45/><D88/><U97/><E11/><V98/><F98/><W85/><G85/><T96/><D84/><U64/><E97/><V81/><F22/><W60/><G60/><T29/><D96/><U50/><E21/><V36/><F36/><W12/><G12/><T101/><D101/><U126/><E126/><V56/><F27/><W134/><G134/><RYUUKYOKU ba="0,1" sc="240,-15,286,-15,224,15,240,15" hai2="46,48,51,52,55,56,57,61,62,63,76,81,86" hai3="8,15,16,23,25,37,40,47,72,74,90,95,99" /><INIT seed="2,1,1,5,2,31" ten="225,271,239,255" oya="2" hai0="74,95,98,93,53,77,119,116,125,12,7,40,28" hai1="127,101,97,20,91,99,48,65,11,63,73,68,19" hai2="2,104,131,13,38,34,89,64,9,23,133,128,24" hai3="30,126,62,39,121,14,134,35,132,107,18,92,66"/><V25/><F38/><W88/><G107/><T36/><D125/><U105/><E73/><V111/><F64/><W6/><G121/><T33/><D53/><U61/><E127/><V0/><F104/><W26/><G6/><T109/><D109/><U56/><E11/><V57/><F57/><W32/><G39/><T21/><D77/><U29/><E29/><N who="2" m="19751" /><F89/><W60/><G35/><T47/><D74/><U103/><E48/><V94/><F94/><W16/><G126/><T135/><D135/><N who="3" m="51753" /><G14/><T42/><D40/><U72/><E72/><V5/><F133/><W80/><G80/><T113/><D113/><U106/><E91/><V4/><F111/><W123/><G123/><T120/><D120/><U112/><E112/><V75/><F75/><W58/><G62/><T44/><D33/><U100/><E100/><V96/><F96/><AGARI ba="1,1" hai="16,18,26,30,32,58,60,66,88,92,96" m="51753" machi="96" ten="30,7700,0" yaku="20,1,52,1,54,2" doraHai="31" who="3" fromWho="2" sc="225,0,271,0,239,-80,255,90" /><INIT seed="3,0,0,5,0,120" ten="225,271,159,345" oya="3" hai0="8,118,18,34,86,51,67,52,112,99,36,127,123" hai1="94,125,25,126,71,1,100,121,39,102,77,57,85" hai2="10,110,108,43,93,26,4,107,75,66,9,53,65" hai3="11,48,95,105,131,73,50,115,54,2,104,38,114"/><W106/><G11/><T135/><D123/><U44/><E121/><V103/><F107/><W40/><G2/><T90/><D118/><U6/><E71/><V47/><F75/><W84/><G54/><T89/><D36/><U22/><E57/><V33/><F53/><W30/><G30/><T116/><D116/><U41/><E6/><V82/><F82/><W46/><G73/><T27/><D127/><N who="1" m="48651" /><E1/><V87/><F26/><W124/><G124/><T17/><D135/><U88/><E77/><V91/><F103/><W69/><G69/><T119/><D112/><U122/><E122/><V56/><F33/><W31/><G105/><T3/><D99/><U83/><E83/><V117/><F117/><W49/><G106/><T35/><D90/><U23/><E22/><V133/><F133/><W37/><G115/><T76/><D76/><U61/><E61/><V7/><F10/><W55/><G114/><T63/><D119/><U62/><E62/><V111/><F56/><W15/><G38/><T132/><D132/><U129/><E129/><V21/><F21/><W134/><G37/><T32/><D8/><U42/><E42/><V81/><F81/><W13/><G131/><T72/><D34/><U20/><E23/><V12/><F4/><W79/><G134/><T64/><D32/><U60/><E60/><V74/><F74/><W16/><G40/><T98/><D72/><U24/><E24/><V70/><F70/><W101/><G79/><T92/><D27/><U58/><E58/><V96/><F87/><W68/><G68/><T0/><D35/><U14/><E25/><RYUUKYOKU ba="0,0" sc="225,-15,271,15,159,15,345,-15" hai1="14,20,39,41,44,85,88,94,100,102" hai2="7,9,12,43,47,65,66,91,93,96,108,110,111" owari="210,-19.0,286,8.6,174,-32.6,330,43.0" /></mjloggm>