<mjloggm ver="2.3"><GO type="225" lobby="0"/><UN n0="%EF%BC%AE%EF%BC%A1%EF%BC%AF%33%33%39" n1="%E3%83%96%E3%83%83%E3%83%91%E3%82%AA%E3%83%96%E3%83%81%E3%82%AD%E3%83%B3" n2="%E3%81%BF%E3%81%BF%E3%81%9A" n3="%E5%B6%BA%E4%B8%8A%E5%92%B2" dan="16,16,18,16" rate="2097.25,2186.82,2247.27,2112.47" sx="M,M,M,F"/><TAIKYOKU oya="0"/><INIT seed="0,0,0,0,1,110" ten="250,250,250,250" oya="0" hai0="57,51,81,22,130,42,30,47,80,126,96,101,88" hai1="54,135,61,56,103,29,0,124,28,67,20,34,86" hai2="69,98,39,21,13,83,15,123,134,128,115,19,127" hai3="35,38,97,49,129,111,45,76,10,125,46,48,92"/><T131/><D126/><U44/><E135/><V62/><F123/><W63/><G125/><T64/><D30/><U79/><E124/><V36/><F127/><W32/><G111/><T74/><D22/><U2/><E34/><V93/><F115/><W99/><G38/><T78/><D64/><U53/><E0/><V3/><F3/><W112/><G129/><T77/><D57/><N who="1" m="37295" /><E2/><V113/><F113/><W107/><G63/><T70/><D70/><U95/><E20/><V68/><F128/><W90/><G112/><T116/><D116/><U4/><E4/><V133/><F83/><W52/><G76/><T85/><REACH who="0" step="1"/><D78/><REACH who="0" ten="240,250,250,250" step="2"/><U7/><E79/><V105/><F69/><W9/><G35/><T106/><AGARI ba="0,1" hai="42,47,51,74,77,80,81,85,88,96,101,106,130,131" machi="106" ten="30,11700,0" yaku="1,1,2,1,0,1,54,1,53,0" doraHai="110" doraHaiUra="50" who="0" fromWho="0" sc="240,127,250,-39,250,-39,250,-39" /><INIT seed="0,1,0,3,5,23" ten="367,211,211,211" oya="0" hai0="89,32,115,29,26,95,33,4,77,132,22,101,38" hai1="36,119,94,106,24,82,61,76,20,78,42,112,7" hai2="15,126,98,39,90,105,135,109,52,134,107,25,110" hai3="64,96,129,125,74,113,54,127,114,93,133,100,5"/><T91/><D115/><N who="3" m="44041" /><G5/><T11/><D38/><U43/><E106/><N who="2" m="40459" /><F39/><W50/><G64/><T67/><D77/><N who="1" m="29803" /><E36/><V128/><F126/><N who="3" m="48139" /><G74/><T124/><D124/><U80/><E119/><V27/><F128/><W21/><G21/><T41/><D41/><N who="1" m="15371" /><E112/><V62/><F15/><W10/><G10/><T9/><D9/><U14/><E61/><V58/><F90/><W3/><G3/><T59/><D89/><U70/><E70/><V1/><F98/><W12/><G12/><T68/><D68/><U35/><E35/><V92/><F92/><W123/><G129/><T69/><D69/><U51/><E94/><V97/><F97/><W44/><G133/><N who="2" m="50697" /><F1/><W85/><G85/><T16/><D132/><U79/><N who="1" m="29811" /><U103/><DORA hai="28" /><E103/><V88/><F88/><N who="3" m="55335" /><G123/><T60/><D101/><AGARI ba="1,0" hai="44,50,54,100,101" m="55335,48139,44041" machi="101" ten="30,2000,0" yaku="18,1,54,1" doraHai="23,28" who="3" fromWho="0" sc="367,-23,211,0,211,0,211,23" /><INIT seed="1,0,0,3,2,34" ten="344,211,211,234" oya="1" hai0="66,126,102,23,32,129,2,10,67,6,80,46,76" hai1="75,61,65,86,72,0,44,96,42,24,77,105,81" hai2="30,98,16,48,17,7,18,116,51,9,58,135,11" hai3="56,73,121,122,36,40,62,60,90,52,83,132,39"/><U88/><E24/><V97/><F116/><W103/><G103/><T54/><D32/><U12/><E12/><V92/><F135/><W127/><G132/><T45/><D102/><U22/><E22/><V94/><F30/><W130/><G130/><T112/><D112/><U125/><E125/><V15/><F58/><N who="3" m="34887" /><G90/><T59/><D129/><U78/><E78/><V91/><REACH who="2" step="1"/><F9/><REACH who="2" ten="344,211,201,234" step="2"/><W71/><G127/><T101/><D126/><U20/><E105/><V4/><F4/><W134/><G134/><T110/><D59/><U21/><E96/><V124/><F124/><W37/><G73/><T84/><D10/><U47/><E75/><V31/><F31/><W95/><G95/><T64/><D6/><U93/><E0/><V128/><F128/><W74/><G74/><T100/><D2/><U104/><E104/><V53/><F53/><N who="3" m="34063" /><G83/><T120/><D80/><U118/><E118/><V133/><F133/><W106/><G106/><T25/><D54/><U29/><E29/><V26/><F26/><W89/><G89/><AGARI ba="0,1" hai="7,11,15,16,17,18,48,51,89,91,92,94,97,98" machi="89" ten="40,8000,1" yaku="1,1,9,1,8,1,54,1,53,0" doraHai="34" doraHaiUra="28" who="2" fromWho="3" sc="344,0,211,0,201,90,234,-80" /><INIT seed="2,0,0,2,2,51" ten="344,211,291,154" oya="2" hai0="32,55,121,74,119,133,72,110,25,91,6,105,78" hai1="94,89,66,76,15,69,57,87,2,30,7,81,129" hai2="62,61,104,19,24,124,131,41,97,112,13,21,75" hai3="114,17,118,98,43,95,120,67,0,56,84,116,4"/><V109/><F112/><W11/><G120/><T101/><D6/><U35/><E129/><V22/><F75/><W58/><G114/><T36/><D36/><U83/><E2/><V102/><F131/><W117/><G43/><T20/><D121/><U14/><E69/><V34/><F34/><W8/><G84/><T1/><D1/><U128/><E128/><V90/><F124/><W48/><G67/><T135/><D32/><U82/><E76/><V3/><F3/><W33/><G33/><T28/><D78/><U16/><E35/><V31/><F109/><W63/><G63/><T64/><D64/><U45/><E30/><V44/><REACH who="2" step="1"/><F90/><REACH who="2" ten="344,211,281,154" step="2"/><W107/><G0/><T50/><D110/><U123/><E123/><V111/><F111/><W115/><G115/><T68/><D91/><U38/><E89/><V122/><F122/><W5/><G117/><T93/><D119/><U70/><E15/><V126/><F126/><W47/><G116/><T85/><D74/><U18/><E14/><V26/><F26/><W108/><G118/><T113/><D72/><U127/><E127/><V79/><F79/><W53/><G108/><T92/><D113/><U52/><E82/><V27/><F27/><W59/><G107/><T37/><D105/><U29/><E83/><V106/><F106/><W103/><REACH who="3" step="1"/><G17/><REACH who="3" ten="344,211,281,144" step="2"/><T9/><D28/><U80/><E16/><V99/><F99/><W23/><G23/><T132/><D20/><U49/><E18/><V86/><F86/><W130/><G130/><T71/><D85/><U54/><E87/><V12/><F12/><W134/><G134/><RYUUKYOKU ba="0,2" sc="344,-15,211,-15,281,15,144,15" hai2="13,19,21,22,24,31,41,44,61,62,97,102,104" hai3="4,5,8,11,47,48,53,56,58,59,95,98,103" /><INIT seed="2,1,2,4,1,73" ten="329,196,296,159" oya="2" hai0="34,82,83,93,92,69,86,9,89,8,77,37,24" hai1="41,35,74,95,29,43,2,132,97,38,13,23,116" hai2="51,130,115,133,134,123,128,105,3,14,75,127,117" hai3="122,106,19,62,31,30,91,131,120,125,80,11,39"/><V114/><F14/><W20/><G106/><T65/><D37/><U118/><E74/><V7/><F51/><W49/><G39/><T55/><D69/><U64/><E2/><V72/><F105/><W66/><G131/><N who="2" m="50217" /><F117/><W59/><G125/><T102/><D65/><U88/><E132/><N who="2" m="50795" /><F123/><W45/><G120/><T44/><D34/><U107/><E107/><V100/><F100/><W126/><G126/><T15/><D24/><N who="1" m="16543" /><E35/><V16/><F16/><W28/><G122/><T12/><D102/><N who="1" m="60735" /><E38/><V0/><F127/><W40/><G11/><T108/><D9/><U52/><E118/><V101/><F101/><W17/><REACH who="3" step="1"/><G20/><REACH who="3" ten="329,196,296,149" step="2"/><T96/><D8/><U18/><E116/><V4/><F72/><W10/><G10/><T129/><D129/><U68/><E68/><V42/><F75/><W76/><G76/><T124/><D77/><U119/><E119/><V99/><F115/><W78/><G78/><T84/><D124/><U109/><E109/><V57/><F114/><W113/><G113/><T22/><D108/><U53/><E41/><V71/><F42/><W47/><G47/><T85/><D44/><U87/><E43/><V6/><F71/><W36/><G36/><T56/><D22/><N who="1" m="11599" /><E64/><V63/><F0/><W25/><G25/><T60/><D92/><AGARI ba="1,3" hai="52,53,87,88,92" m="11599,60735,16543" machi="92" ten="30,3900,0" yaku="8,1,54,2" doraHai="73" who="1" fromWho="0" sc="329,-42,196,72,296,0,149,0" /><INIT seed="3,0,0,4,2,130" ten="287,268,296,149" oya="3" hai0="133,83,56,63,113,78,54,94,109,30,98,117,76" hai1="16,42,84,134,18,37,102,121,72,82,104,111,31" hai2="119,48,46,20,29,105,36,114,38,5,52,89,11" hai3="53,106,35,132,96,43,95,59,77,103,3,93,131"/><W86/><G3/><T79/><D117/><U9/><E121/><V57/><F119/><W44/><G35/><T112/><D30/><U64/><E111/><V97/><F114/><N who="0" m="44138" /><D109/><U13/><E72/><V123/><F123/><W33/><G131/><T12/><D12/><U28/><E64/><V73/><F73/><W1/><G1/><T41/><D41/><U7/><E104/><V74/><F74/><W126/><G33/><T25/><D25/><U15/><E102/><V91/><F105/><W21/><G126/><T85/><D133/><U129/><E129/><V101/><F36/><W24/><G132/><T108/><D108/><U90/><E134/><V62/><F38/><W47/><G43/><T51/><D63/><U65/><E65/><N who="2" m="39119" /><F101/><AGARI ba="0,0" hai="51,54,56,76,78,79,83,85,94,98,101" m="44138" machi="101" ten="30,1000,0" yaku="11,1" doraHai="130" who="0" fromWho="2" sc="287,10,268,0,296,-10,149,0" /><INIT seed="4,0,0,1,3,17" ten="297,268,286,149" oya="0" hai0="49,19,114,96,39,77,64,95,74,40,12,85,75" hai1="3,132,92,21,110,26,5,2,121,43,105,58,100" hai2="52,117,29,56,10,60,14,120,102,33,129,127,41" hai3="20,42,11,27,134,66,38,1,70,101,133,54,59"/><T91/><D39/><U113/><E121/><V7/><F120/><W112/><G101/><T44/><D64/><U99/><E110/><V80/><F127/><W47/><G112/><T111/><D114/><U122/><E113/><V103/><F129/><W106/><G106/><T84/><D111/><U24/><E122/><V34/><F117/><W135/><G1/><T116/><D116/><U81/><E132/><V82/><F41/><W104/><G11/><T76/><D75/><U63/><E43/><V107/><F34/><W87/><G104/><T57/><D57/><U13/><E105/><V65/><F33/><W30/><G87/><N who="0" m="33355" /><D74/><U35/><E81/><N who="2" m="31339" /><F29/><W83/><G83/><T94/><D95/><U69/><E69/><V89/><F107/><W28/><G70/><T130/><D130/><U86/><E86/><V125/><F125/><W128/><G128/><T48/><D48/><U25/><E35/><V79/><F79/><W51/><REACH who="3" step="1"/><G66/><REACH who="3" ten="297,268,286,139" step="2"/><T126/><D126/><U131/><E131/><V62/><F89/><W0/><G0/><T68/><D68/><U46/><E2/><V72/><F72/><W9/><G9/><AGARI ba="0,1" hai="9,12,19,40,44,49,76,77,91,94,96" m="33355" machi="9" ten="30,1500,0" yaku="8,1" doraHai="17" who="0" fromWho="3" sc="297,25,268,0,286,0,139,-15" owari="322,42.2,268,-13.2,286,8.6,124,-37.6" /></mjloggm>