<mjloggm ver="2.3"><GO type="225" lobby="0"/><UN n0="%E7%99%BD%E9%9B%AA%E4%B9%83%E6%84%9B" n1="%E5%B8%86%E7%AB%8B%E5%A4%8F%E8%A1%A3" n2="%EF%BC%AE%EF%BC%A1%EF%BC%AF%33%33%39" n3="%E3%82%A4%E3%83%BC%E3%82%B1%E3%83%97%E3%83%A9" dan="16,17,16,17" rate="2022.97,2156.38,2118.91,2216.02" sx="F,M,M,M"/><TAIKYOKU oya="0"/><INIT seed="0,0,0,5,2,26" ten="250,250,250,250" oya="0" hai0="113,50,16,126,7,51,73,34,54,95,88,127,87" hai1="14,83,45,49,12,111,109,19,92,80,11,44,114" hai2="31,131,24,69,36,91,27,9,58,81,122,13,5" hai3="115,6,134,55,119,35,18,105,110,10,20,71,56"/><T93/><D113/><U68/><E68/><V66/><F122/><W37/><G119/><T120/><D120/><U75/><E114/><V28/><F36/><W98/><G115/><T15/><D73/><U23/><E75/><V65/><F69/><W70/><G37/><T40/><D7/><U39/><E39/><V2/><F2/><W86/><G35/><T90/><D34/><U78/><E45/><V1/><F1/><W117/><G117/><T89/><D40/><U76/><E92/><V77/><F91/><W116/><G116/><T61/><D61/><U103/><E103/><V4/><F4/><W25/><G110/><N who="1" m="41994" /><E78/><V72/><F131/><W0/><G134/><T53/><D51/><U102/><E102/><V97/><F97/><W123/><G123/><T43/><D43/><N who="1" m="24735" /><E76/><V96/><F96/><W129/><G129/><T3/><D3/><U41/><E41/><V57/><F57/><W124/><G124/><N who="0" m="47659" /><D95/><U85/><E85/><V48/><F48/><W33/><G33/><T64/><D64/><U84/><E84/><V52/><F66/><W67/><G67/><T108/><D108/><U104/><E104/><V32/><F65/><W59/><G59/><N who="0" m="33207" /><D54/><U99/><E99/><V128/><F128/><W47/><G47/><T46/><D46/><U132/><E132/><V60/><F32/><W21/><G86/><T118/><D118/><U62/><E62/><V29/><AGARI ba="0,0" hai="5,9,13,24,27,28,29,31,52,58,60,72,77,81" machi="29" ten="30,8000,1" yaku="0,1,52,3,54,1" doraHai="26" who="2" fromWho="2" sc="250,-40,250,-20,250,80,250,-20" /><INIT seed="1,0,0,0,3,18" ten="210,230,330,230" oya="1" hai0="61,71,64,12,86,74,104,68,112,25,10,111,70" hai1="89,66,106,54,116,103,3,102,15,96,73,23,115" hai2="13,85,114,82,81,92,129,44,134,4,63,87,28" hai3="37,60,110,32,49,30,133,99,117,126,107,36,95"/><U43/><E115/><V77/><F114/><W124/><G107/><T109/><D112/><U125/><E116/><V121/><F121/><W75/><G75/><T118/><D74/><U41/><E3/><V0/><F0/><W88/><G117/><T31/><D118/><U50/><E73/><V59/><F28/><W45/><G110/><N who="0" m="41995" /><D86/><U135/><E125/><N who="3" m="48234" /><G133/><T94/><D94/><N who="1" m="56399" /><E66/><V90/><F134/><W130/><G130/><T128/><D104/><U72/><E72/><V48/><F129/><W69/><G32/><N who="0" m="20591" /><D128/><U11/><E106/><V132/><F132/><W9/><G30/><T57/><D71/><U127/><E127/><V14/><F4/><AGARI ba="0,0" hai="4,10,12,57,61,64,68,70" m="20591,41995" machi="4" ten="30,1000,0" yaku="14,1" doraHai="18" who="0" fromWho="2" sc="210,10,230,0,330,-10,230,0" /><INIT seed="2,0,0,1,3,117" ten="220,230,320,230" oya="2" hai0="115,41,103,23,116,22,133,77,18,118,84,4,91" hai1="11,96,62,20,10,132,30,64,128,102,35,56,81" hai2="29,95,111,31,34,52,60,108,66,25,6,100,5" hai3="21,50,49,67,125,101,114,126,37,68,44,89,12"/><V74/><F74/><W1/><G1/><T129/><D115/><U63/><E128/><V120/><F31/><W75/><G75/><T83/><D129/><U53/><E132/><V59/><F120/><W97/><G114/><T113/><D113/><U26/><E81/><V13/><F13/><W85/><G67/><T109/><D133/><U17/><E17/><V15/><F15/><W47/><G68/><T79/><D4/><U0/><E0/><V14/><F66/><W82/><G21/><T87/><D109/><N who="2" m="42058" /><F14/><W94/><G12/><T16/><D103/><U55/><E35/><V131/><F131/><W40/><REACH who="3" step="1"/><G37/><REACH who="3" ten="220,230,320,220" step="2"/><T107/><D118/><U65/><E11/><V90/><F100/><W57/><G57/><T135/><D116/><U106/><E10/><V134/><F134/><W72/><G72/><T88/><D135/><U73/><E73/><V43/><F43/><AGARI ba="0,1" hai="40,43,44,47,49,50,82,85,89,94,97,101,125,126" machi="43" ten="40,2600,0" yaku="1,1,9,1,53,0" doraHai="117" doraHaiUra="28" who="3" fromWho="2" sc="220,0,230,0,320,-26,220,36" /><INIT seed="3,0,0,3,3,122" ten="220,230,294,256" oya="3" hai0="128,92,39,96,31,103,28,60,15,98,115,119,101" hai1="86,35,55,113,100,54,48,97,68,23,124,130,104" hai2="47,89,76,95,129,66,99,63,121,88,5,73,135" hai3="32,94,109,10,77,108,131,114,34,53,85,11,74"/><W19/><G114/><T50/><D119/><U61/><E35/><N who="3" m="13354" /><G74/><T117/><D39/><U38/><E38/><V0/><F121/><W49/><G19/><T30/><D117/><U65/><E124/><V91/><F47/><N who="3" m="27839" /><G131/><T14/><D128/><U1/><E130/><V57/><F129/><W17/><G17/><T84/><D115/><U2/><E113/><V106/><F106/><W126/><G126/><T127/><D127/><U111/><E23/><V75/><F135/><W45/><G45/><T125/><D125/><U105/><E105/><V41/><F41/><W4/><G4/><T71/><D50/><U8/><E55/><V133/><F133/><W16/><G16/><T3/><D3/><U7/><E2/><V52/><F5/><W87/><G94/><T36/><D36/><U12/><E1/><V20/><F0/><W118/><G118/><T116/><D116/><U79/><E7/><V42/><F42/><W81/><G87/><T51/><D51/><U110/><E86/><V59/><F73/><W46/><G46/><T6/><D84/><U40/><E40/><V56/><F20/><W13/><G13/><N who="0" m="4619" /><D6/><N who="1" m="3095" /><E79/><V44/><F76/><W26/><G26/><T83/><D83/><U22/><E22/><V120/><F75/><W64/><G64/><N who="0" m="41351" /><D31/><U21/><E21/><V102/><F120/><W123/><G123/><T9/><D9/><U90/><E90/><V134/><F134/><W25/><G25/><T43/><D43/><U80/><E80/><V58/><F44/><W37/><G37/><T29/><D29/><U70/><E70/><V27/><F27/><RYUUKYOKU ba="0,0" sc="220,0,230,0,294,0,256,0" hai0="28,30,92,96,98,101,103" hai1="48,54,61,65,68,97,100,104,110,111" hai2="52,56,57,58,59,63,66,88,89,91,95,99,102" hai3="10,11,77,81,85,108,109" /><INIT seed="3,1,0,5,5,34" ten="220,230,294,256" oya="3" hai0="7,33,66,56,0,90,38,117,60,32,121,46,43" hai1="102,80,94,74,1,11,96,110,106,75,6,31,20" hai2="12,52,39,9,115,62,53,15,119,35,126,49,23" hai3="50,4,113,95,36,87,129,65,78,100,109,123,127"/><W97/><G113/><T128/><D117/><U59/><E110/><V93/><F35/><W64/><G123/><T111/><D121/><U125/><E125/><V89/><F39/><W105/><G36/><T120/><D120/><U48/><E106/><V40/><F115/><W51/><G127/><T122/><D122/><U24/><E80/><V134/><F119/><W10/><G129/><T71/><D111/><U57/><REACH who="1" step="1"/><E48/><REACH who="1" ten="220,220,294,256" step="2"/><N who="3" m="18474" /><G105/><T76/><D128/><U25/><E25/><V37/><F37/><W29/><G109/><T84/><D76/><U27/><E27/><V112/><F112/><W69/><G69/><T16/><D71/><U22/><E22/><V118/><F126/><W8/><G29/><T70/><D70/><U47/><E47/><V132/><F118/><W2/><G2/><T5/><D0/><U82/><E82/><V63/><F23/><W72/><G72/><AGARI ba="1,1" hai="1,6,11,20,24,31,57,59,72,74,75,94,96,102" machi="72" ten="40,2600,0" yaku="1,1,52,1,53,0" doraHai="34" doraHaiUra="108" who="1" fromWho="3" sc="220,0,220,39,294,0,256,-29" /><INIT seed="4,0,0,5,2,26" ten="220,259,294,227" oya="0" hai0="125,48,29,121,3,18,101,53,65,37,60,68,93" hai1="63,45,98,13,104,46,6,7,76,118,59,90,36" hai2="51,100,2,102,54,109,55,42,114,14,82,61,33" hai3="22,128,64,62,58,39,105,126,79,87,106,17,15"/><T91/><D121/><U73/><E118/><V131/><F2/><W21/><G39/><T81/><D3/><U86/><E36/><V74/><F33/><W52/><G128/><T122/><D122/><U84/><E73/><V129/><F109/><W135/><G135/><T69/><D37/><U124/><E104/><V96/><F114/><W31/><G126/><T116/><D116/><U77/><E98/><V97/><F14/><W112/><G112/><T85/><D125/><U117/><E124/><V92/><F61/><W50/><G79/><T72/><D18/><U27/><E27/><V89/><F42/><W24/><REACH who="3" step="1"/><G87/><REACH who="3" ten="220,259,294,217" step="2"/><T30/><D69/><AGARI ba="0,1" hai="15,17,21,22,24,31,50,52,58,62,64,69,105,106" machi="69" ten="30,8000,1" yaku="1,1,2,1,7,1,52,1,54,1,53,0" doraHai="26" doraHaiUra="71" who="3" fromWho="0" sc="220,-80,259,0,294,0,217,90" owari="140,-36.0,259,-14.1,294,9.4,307,40.7" /></mjloggm>