<mjloggm ver="2.3"><GO type="225" lobby="0"/><UN n0="%E5%A4%A7%E5%A4%A7%E5%B2%A1%E5%B1%B1%EF%BC%A0%E6%A8%AA%E6%B5%9C" n1="%70%68%65%6E%6F%6D%65" n2="%E5%91%A8%E6%9D%B1" n3="%E6%9C%88%E5%B3%B6%E5%9F%BA" dan="16,16,17,16" rate="2168.31,2128.40,2218.92,2065.87" sx="M,M,M,M"/><TAIKYOKU oya="0"/><INIT seed="0,0,0,4,5,65" ten="250,250,250,250" oya="0" hai0="74,92,60,98,63,23,89,122,18,71,93,34,104" hai1="135,91,46,100,83,87,17,124,40,7,9,114,125" hai2="86,47,123,26,94,70,10,101,29,5,82,126,62" hai3="77,107,55,4,31,95,105,2,64,116,44,119,88"/><T15/><BYE who="3" /><D74/><U37/><E135/><V66/><F123/><W12/><G12/><T102/><D122/><U106/><E114/><V6/><F126/><N who="1" m="48745" /><E17/><V59/><F47/><W30/><G30/><T13/><D34/><U113/><E113/><V90/><F59/><W49/><G49/><T99/><D104/><U24/><E24/><V50/><F50/><W8/><G8/><T120/><D120/><U67/><E67/><V115/><F115/><W96/><G96/><T41/><D41/><U39/><E100/><V84/><F10/><W53/><G53/><T69/><REACH who="0" step="1"/><D13/><REACH who="0" ten="240,250,250,250" step="2"/><N who="1" m="5311" /><E106/><V75/><F75/><W14/><G14/><T129/><D129/><U57/><E57/><V133/><F133/><W68/><G68/><AGARI ba="0,1" hai="15,18,23,60,63,68,69,71,89,92,93,98,99,102" machi="68" ten="40,12000,1" yaku="1,1,52,3,53,0" doraHai="65" doraHaiUra="61" who="0" fromWho="3" sc="240,130,250,0,250,0,250,-120" /><INIT seed="0,1,0,0,5,24" ten="370,250,250,130" oya="0" hai0="77,5,27,119,107,49,85,19,84,93,117,103,128" hai1="22,113,60,124,29,94,70,10,21,16,118,129,33" hai2="66,106,30,45,73,102,114,40,110,1,96,89,4" hai3="134,9,32,115,14,112,65,120,23,90,126,125,130"/><T43/><D5/><U98/><E118/><N who="0" m="45065" /><D49/><U109/><E109/><V63/><F110/><W135/><G135/><T104/><D19/><U41/><E124/><V26/><F114/><W97/><G97/><N who="0" m="59823" /><D27/><U71/><E129/><UN n3="%E6%9C%88%E5%B3%B6%E5%9F%BA" /><V132/><F89/><W52/><G52/><T17/><BYE who="3" /><D17/><U44/><E113/><V11/><F132/><W105/><G105/><N who="0" m="40523" /><D43/><U61/><E33/><V38/><F73/><W57/><G57/><T92/><D128/><U6/><E70/><V121/><F121/><UN n3="%E6%9C%88%E5%B3%B6%E5%9F%BA" /><W79/><G79/><T51/><D51/><N who="1" m="27023" /><E71/><V25/><REACH who="2" step="1"/><F30/><REACH who="2" ten="370,250,240,130" step="2"/><W75/><G130/><T101/><D77/><U2/><E29/><V67/><F67/><W83/><G65/><T95/><D101/><U99/><E99/><V36/><F36/><W34/><G115/><T15/><D15/><N who="1" m="7287" /><E2/><V76/><F76/><W39/><G112/><T28/><D28/><U54/><E6/><V48/><F48/><W123/><G134/><T3/><D3/><U116/><E116/><V55/><F55/><W69/><G123/><T78/><D78/><U20/><E54/><V80/><F80/><W82/><G83/><T46/><D46/><U13/><E13/><V12/><F12/><W74/><G120/><T35/><D35/><U111/><E111/><V31/><F31/><W100/><G34/><T122/><D122/><U42/><E42/><V127/><F127/><W62/><G32/><T59/><D95/><U64/><E64/><V53/><F53/><W87/><G125/><T0/><D92/><U108/><E108/><V131/><F131/><W58/><G126/><T50/><D0/><RYUUKYOKU ba="1,1" sc="370,10,250,10,240,10,130,-30" hai0="50,59,84,85" hai1="20,21,22,60,61,94,98" hai2="1,4,11,25,26,38,40,45,63,66,96,102,106" /><INIT seed="0,2,1,0,3,118" ten="380,260,250,100" oya="0" hai0="98,9,3,38,103,2,109,97,81,37,61,93,135" hai1="65,90,120,128,125,80,41,64,10,17,113,16,101" hai2="126,44,25,134,89,107,58,57,86,24,47,43,68" hai3="105,14,30,94,63,60,117,33,13,115,123,84,12"/><T100/><D61/><U88/><E125/><V19/><F68/><W79/><G117/><T83/><D9/><U74/><E120/><V91/><F107/><W49/><G115/><T92/><REACH who="0" step="1"/><D109/><REACH who="0" ten="370,260,250,100" step="2"/><U4/><E113/><V48/><F126/><W36/><G63/><T67/><D67/><U20/><E64/><V62/><F62/><W131/><G60/><T124/><D124/><U56/><E65/><V27/><F134/><AGARI ba="2,2" hai="2,3,37,38,81,83,92,93,97,98,100,103,134,135" machi="134" ten="25,4800,0" yaku="1,1,22,2,53,0" doraHai="118" doraHaiUra="46" who="0" fromWho="2" sc="370,74,260,0,250,-54,100,0" /><INIT seed="0,3,0,2,2,73" ten="444,260,196,100" oya="0" hai0="69,115,61,107,51,37,11,126,105,125,124,108,128" hai1="54,53,18,100,104,1,112,135,0,74,58,85,59" hai2="13,15,86,19,52,116,101,20,57,118,28,43,2" hai3="93,99,102,72,68,114,23,70,40,123,96,30,88"/><T94/><D37/><U65/><E74/><V7/><F2/><W63/><G114/><T60/><D115/><U8/><E135/><V55/><F101/><W32/><G123/><T42/><D11/><U75/><E75/><V67/><F43/><W34/><G72/><T17/><D17/><U120/><E120/><V111/><F111/><W81/><G40/><T79/><D108/><U47/><E112/><V64/><F28/><W48/><G48/><T106/><D128/><U21/><E104/><V130/><F130/><W132/><G132/><T133/><D133/><U80/><E100/><V44/><F86/><W97/><G81/><T24/><D24/><U87/><E65/><V10/><F44/><W16/><G30/><T14/><D14/><U119/><E119/><N who="2" m="45611" /><F55/><W91/><G91/><T9/><D9/><U78/><E47/><V121/><F121/><W84/><G102/><T36/><D36/><U62/><E85/><V110/><F110/><W77/><G77/><T4/><D4/><U49/><REACH who="1" step="1"/><E8/><REACH who="1" ten="444,250,196,100" step="2"/><V29/><F29/><W113/><G113/><T122/><D122/><U50/><E50/><AGARI ba="3,1" hai="7,10,13,15,19,20,50,52,57,64,67" m="45611" machi="50" ten="30,2000,0" yaku="12,1,54,1" doraHai="73" who="2" fromWho="1" sc="444,0,250,-29,196,39,100,0" /><INIT seed="1,0,0,0,2,73" ten="444,221,235,100" oya="1" hai0="114,3,129,16,19,134,32,51,118,18,13,130,2" hai1="133,9,58,76,66,87,70,5,57,98,1,115,80" hai2="54,113,101,64,91,99,106,116,49,127,52,59,38" hai3="37,126,45,86,41,100,82,107,67,39,96,132,17"/><U10/><E115/><V68/><F116/><W75/><G126/><T79/><D114/><U83/><E133/><V93/><F113/><W43/><G132/><T74/><D118/><U0/><E70/><V27/><F127/><W20/><G67/><T85/><D32/><U56/><E98/><V26/><F38/><W46/><G75/><T84/><D13/><U124/><E124/><V122/><F122/><W117/><G117/><T42/><D74/><U88/><E66/><V4/><F4/><W6/><G6/><T78/><D134/><U25/><E25/><V31/><F31/><W8/><G8/><T121/><D42/><U15/><REACH who="1" step="1"/><E9/><REACH who="1" ten="444,211,235,100" step="2"/><V108/><F64/><W81/><REACH who="3" step="1"/><G86/><AGARI ba="0,1" hai="0,1,5,10,15,56,57,58,76,80,83,86,87,88" machi="86" ten="40,12000,1" yaku="1,1,2,1,52,1,54,1,53,0" doraHai="73" doraHaiUra="48" who="1" fromWho="3" sc="444,0,211,130,235,0,100,-120" owari="444,54.4,341,14.1,235,-16.5,-20,-52.0" /></mjloggm>