<mjloggm ver="2.3"><GO type="225" lobby="0"/><UN n0="%E3%81%AD%E3%82%80%E3%81%84%40%E9%9B%80%E9%B3%B4%E4%BC%9A" n1="%E5%B8%86%E7%AB%8B%E5%A4%8F%E8%A1%A3" n2="%E3%81%BF%E3%81%BF%E3%81%9A" n3="%E3%83%96%E3%83%83%E3%83%91%E3%82%AA%E3%83%96%E3%83%81%E3%82%AD%E3%83%B3" dan="16,17,17,16" rate="2178.74,2261.73,2217.28,2138.39" sx="F,M,M,M"/><TAIKYOKU oya="0"/><INIT seed="0,0,0,3,2,13" ten="250,250,250,250" oya="0" hai0="14,94,12,106,121,125,60,39,84,98,4,25,47" hai1="19,32,44,97,86,22,75,48,101,122,67,15,74" hai2="11,102,29,61,62,30,36,79,89,31,18,49,38" hai3="35,111,70,124,104,21,64,132,128,37,5,26,91"/><T95/><D121/><U73/><E122/><V117/><F117/><W119/><RYUUKYOKU type="yao9" ba="0,0" sc="250,0,250,0,250,0,250,0" hai3="5,21,26,35,37,64,70,91,104,111,119,124,128,132" /><INIT seed="0,1,0,1,3,49" ten="250,250,250,250" oya="0" hai0="15,29,75,93,124,74,94,113,40,4,41,0,133" hai1="119,11,102,63,60,131,57,45,61,98,71,115,65" hai2="27,81,3,36,39,109,24,76,96,53,122,54,77" hai3="31,79,112,33,68,70,59,89,50,64,86,20,9"/><T128/><D113/><U38/><E119/><V92/><F3/><W125/><G112/><T66/><D0/><U82/><E115/><V42/><F122/><W106/><G125/><T52/><D66/><U95/><E131/><V100/><F109/><W44/><G106/><T1/><D1/><U107/><E107/><V2/><F2/><W46/><G33/><T51/><D133/><U55/><E11/><V58/><F36/><W87/><G70/><T69/><D69/><U7/><E7/><V129/><F129/><W34/><G34/><T25/><D75/><U23/><E82/><V120/><F120/><W5/><G68/><T104/><D74/><U18/><E38/><V101/><F42/><N who="0" m="16490" /><D104/><U67/><E45/><N who="3" m="17514" /><G79/><N who="2" m="30281" /><F81/><W21/><G31/><T8/><D124/><U43/><E43/><V32/><F32/><W123/><G123/><T127/><D127/><U14/><REACH who="1" step="1"/><E71/><REACH who="1" ten="250,240,250,250" step="2"/><V62/><F39/><W110/><G5/><T22/><D128/><U132/><E132/><V108/><F108/><W37/><G37/><T13/><D15/><U118/><E118/><V85/><F101/><W105/><G110/><T72/><D72/><U12/><E12/><V134/><F134/><W126/><G105/><T130/><D130/><U19/><E19/><V6/><F6/><W83/><G126/><T16/><D4/><U84/><E84/><V99/><F85/><W73/><G87/><T30/><D30/><U28/><E28/><V116/><F116/><W103/><G86/><T56/><AGARI ba="1,1" hai="8,13,16,22,25,29,51,52,56,93,94" m="16490" machi="56" ten="30,11700,0" yaku="8,1,52,1,54,2" doraHai="49" who="0" fromWho="0" sc="250,130,240,-40,250,-40,250,-40" /><INIT seed="0,2,0,3,1,42" ten="380,200,210,210" oya="0" hai0="53,110,8,98,1,85,95,103,96,124,129,40,128" hai1="37,93,31,4,64,24,89,130,77,71,6,14,114" hai2="67,28,91,86,73,122,27,74,11,120,35,19,55" hai3="29,2,92,75,82,56,13,7,97,125,87,99,18"/><T43/><D124/><U51/><E37/><V33/><F33/><W5/><G125/><T88/><D110/><U22/><E130/><N who="0" m="50281" /><D53/><U108/><E108/><V57/><F67/><W123/><G123/><T131/><N who="0" m="50289" /><T107/><DORA hai="135" /><D98/><U46/><E114/><V132/><F132/><W127/><G127/><T69/><D69/><U50/><E77/><V47/><F120/><W68/><G68/><T115/><D115/><U104/><E104/><V21/><F122/><W90/><G29/><T101/><D101/><U39/><E39/><V117/><F117/><W113/><G113/><T59/><D59/><U12/><E51/><N who="2" m="29183" /><F35/><W58/><G75/><T116/><D116/><U109/><E64/><V62/><F73/><W61/><G99/><T126/><D126/><U63/><E63/><V9/><F74/><W94/><G2/><T60/><D60/><U134/><E71/><V66/><F28/><W48/><G48/><T102/><D102/><U52/><E134/><V70/><F70/><W49/><G49/><T3/><D3/><U84/><E109/><V44/><F44/><W133/><G56/><T16/><D16/><U38/><E38/><V45/><F45/><W32/><G133/><T17/><D17/><U81/><E93/><AGARI ba="2,0" hai="9,11,19,21,27,57,62,66,86,91,93" m="29183" machi="93" ten="30,2000,0" yaku="8,1,52,1" doraHai="42,135" who="2" fromWho="1" sc="380,0,200,-26,210,26,210,0" /><INIT seed="1,0,0,5,3,9" ten="380,174,236,210" oya="1" hai0="108,2,91,111,86,129,72,7,90,47,24,11,132" hai1="10,25,133,62,54,120,81,75,59,82,78,104,109" hai2="126,118,36,103,125,117,105,5,92,60,87,58,124" hai3="33,79,44,63,1,76,43,4,77,70,16,89,32"/><U21/><E109/><N who="0" m="42057" /><D72/><U134/><E120/><V131/><F131/><W98/><G1/><T128/><D132/><N who="1" m="50795" /><E104/><V53/><F36/><W93/><G4/><T116/><D116/><U100/><E100/><V83/><F5/><W41/><G70/><T61/><D61/><U31/><E10/><V30/><F30/><W34/><G63/><T38/><D24/><U66/><E81/><V17/><F105/><W48/><REACH who="3" step="1"/><G16/><REACH who="3" ten="380,174,236,200" step="2"/><T96/><D7/><U0/><E0/><V85/><F17/><W97/><G97/><T106/><D96/><U13/><E13/><V107/><F118/><W57/><G57/><T65/><D2/><U18/><E18/><V74/><F117/><W84/><G84/><T49/><D86/><U119/><E119/><V101/><F74/><W64/><G64/><AGARI ba="0,1" hai="21,25,31,54,59,62,64,66,75,78,82" m="50795" machi="64" ten="30,1500,0" yaku="20,1" doraHai="9" who="1" fromWho="3" sc="380,0,174,25,236,0,200,-15" /><INIT seed="1,1,0,4,2,135" ten="380,199,236,185" oya="1" hai0="107,109,126,52,119,102,105,82,22,94,90,63,29" hai1="116,71,73,62,2,48,86,127,24,114,132,128,85" hai2="121,65,21,72,100,134,54,12,68,97,8,42,13" hai3="64,88,113,79,129,17,59,53,25,118,58,133,103"/><U9/><E114/><V49/><F121/><W117/><G113/><T46/><D119/><N who="3" m="45577" /><G133/><T1/><D1/><U120/><E116/><V80/><F134/><W89/><G129/><T125/><D109/><U16/><E132/><V106/><F42/><W33/><G103/><T93/><D82/><U23/><E120/><V26/><F65/><W77/><G64/><T47/><D102/><U27/><E73/><V18/><F68/><W41/><G41/><T69/><D94/><U70/><E128/><V99/><F99/><W19/><G33/><T35/><D35/><U28/><E48/><V7/><F80/><W96/><G59/><N who="0" m="35303" /><D69/><U5/><E62/><V74/><REACH who="2" step="1"/><F26/><REACH who="2" ten="380,199,226,185" step="2"/><W31/><G96/><N who="0" m="57399" /><D105/><U50/><E70/><V60/><F60/><N who="3" m="35919" /><G77/><T130/><D107/><U6/><E71/><V122/><F122/><W108/><G79/><T104/><D104/><U66/><E66/><V15/><F15/><W11/><G108/><T61/><D130/><U43/><E43/><V36/><F36/><W3/><G89/><T92/><D61/><U115/><E115/><V110/><F110/><W75/><G88/><T91/><D91/><U20/><E50/><V76/><F76/><W14/><G75/><T84/><D92/><U78/><E78/><V124/><F124/><N who="0" m="47722" /><D84/><U39/><E127/><V87/><F87/><W98/><G3/><T30/><D30/><U51/><E51/><V83/><F83/><W45/><G98/><T4/><D4/><N who="1" m="1175" /><E39/><V131/><F131/><W10/><G31/><T40/><D40/><U123/><E123/><V101/><F101/><W55/><G19/><RYUUKYOKU ba="1,1" sc="380,10,199,10,226,10,185,-30" hai0="22,29,46,47" hai1="5,6,16,20,23,24,27,28,85,86" hai2="7,8,12,13,18,21,49,54,72,74,97,100,106" /><INIT seed="1,2,1,2,5,47" ten="390,209,236,155" oya="1" hai0="3,22,51,5,115,80,61,12,130,11,14,125,94" hai1="48,49,133,97,36,122,114,132,108,93,121,53,16" hai2="13,25,116,89,63,102,90,74,7,28,79,76,55" hai3="31,113,82,15,2,24,69,52,123,96,1,78,18"/><U131/><E114/><V124/><F116/><W95/><G123/><N who="1" m="47114" /><E36/><V112/><F102/><W21/><G113/><T41/><D115/><U6/><E6/><V119/><F119/><W106/><G69/><T59/><D125/><U0/><E0/><V99/><F124/><W127/><G106/><T84/><D130/><U100/><E131/><V57/><F112/><W29/><G127/><T20/><D94/><U88/><E53/><V85/><F74/><W83/><G1/><T64/><D3/><U19/><E108/><V58/><F99/><W40/><G2/><T44/><D14/><U109/><E109/><V34/><F90/><AGARI ba="2,1" hai="5,11,12,20,22,41,44,51,59,61,64,80,84,90" machi="90" ten="30,3900,0" yaku="7,1,8,1,52,1" doraHai="47" who="0" fromWho="2" sc="390,55,209,0,236,-45,155,0" /><INIT seed="2,0,0,5,2,22" ten="445,209,191,155" oya="2" hai0="69,126,31,2,56,127,71,117,130,88,52,93,35" hai1="91,75,68,109,36,103,132,104,42,87,119,15,83" hai2="58,50,122,57,55,12,29,20,65,21,30,89,46" hai3="123,59,54,134,98,51,70,3,79,90,81,9,0"/><V47/><F122/><W66/><G123/><T64/><D2/><U100/><E68/><V96/><F96/><W125/><G125/><N who="0" m="47627" /><D130/><U102/><E42/><V135/><F135/><W63/><G134/><T113/><D113/><U92/><E36/><V32/><F32/><W76/><G76/><T6/><D6/><U17/><E132/><V72/><F72/><W19/><G98/><N who="0" m="57639" /><D64/><U111/><E119/><V67/><F89/><W49/><G90/><T78/><D78/><N who="1" m="44511" /><E17/><V33/><F33/><W114/><G114/><T107/><D107/><U80/><E15/><V25/><F12/><W37/><G19/><T110/><D110/><N who="1" m="41995" /><E104/><V41/><F58/><W97/><G97/><AGARI ba="0,0" hai="80,87,91,92,97,100,102,103" m="41995,44511" machi="97" ten="30,3900,0" yaku="14,1,34,2" doraHai="22" who="1" fromWho="3" sc="445,0,209,39,191,0,155,-39" /><INIT seed="3,0,0,4,5,119" ten="445,248,191,116" oya="3" hai0="6,82,49,67,132,1,57,66,120,118,23,94,21" hai1="122,100,74,135,45,68,55,98,15,90,25,48,76" hai2="50,73,96,89,69,44,37,36,62,77,102,19,56" hai3="117,106,99,32,64,80,111,61,83,93,107,8,123"/><W92/><G117/><T125/><D118/><U129/><E122/><V59/><F69/><W95/><G32/><T9/><D120/><U86/><E68/><V53/><F89/><W34/><G34/><T46/><D132/><U31/><E74/><V75/><F59/><W43/><G123/><T35/><D125/><U51/><E15/><V105/><F19/><W127/><G43/><T84/><D94/><N who="3" m="36457" /><G8/><T124/><D124/><U10/><E10/><V40/><F77/><W72/><G61/><T42/><D57/><U39/><E129/><V33/><REACH who="2" step="1"/><F33/><REACH who="2" ten="445,248,181,116" step="2"/><W24/><G64/><T71/><D35/><U41/><E90/><V0/><F0/><W108/><G24/><T81/><D81/><N who="3" m="31305" /><G127/><T88/><D71/><U5/><E25/><V7/><F7/><W91/><G72/><AGARI ba="0,1" hai="36,37,40,44,50,53,56,62,72,73,75,96,102,105" machi="72" ten="40,1300,0" yaku="1,1,53,0" doraHai="119" doraHaiUra="14" who="2" fromWho="3" sc="445,0,248,0,181,23,116,-13" owari="445,54.5,248,4.8,204,-19.6,103,-39.7" /></mjloggm>