<mjloggm ver="2.3"><GO type="225" lobby="0"/><UN n0="%73%61%6B%6F%EF%BC%A0%E6%9C%80" n1="%E5%A4%8F%E9%88%B4%E9%88%B4%E5%A4%8F" n2="%E7%9A%AE%E3%80%85" n3="%E3%81%8B%E3%82%8F%E3%81%A1%E3%82%83%E3%82%93%35%38" dan="17,16,16,16" rate="2148.48,2145.13,2132.63,2159.94" sx="M,F,M,M"/><TAIKYOKU oya="0"/><BYE who="2" /><INIT seed="0,0,0,3,5,55" ten="250,250,250,250" oya="0" hai0="129,63,70,14,50,135,47,22,24,42,21,0,11" hai1="18,134,38,91,32,78,76,9,56,92,12,94,19" hai2="54,10,2,104,118,43,15,46,5,8,40,81,58" hai3="49,132,41,108,69,34,53,75,121,112,72,126,45"/><T68/><D129/><UN n2="%E7%9A%AE%E3%80%85" /><U109/><E38/><V87/><F104/><W101/><G34/><T60/><D135/><U73/><E134/><V66/><F118/><W116/><G75/><T130/><D0/><U97/><E109/><V57/><F66/><W128/><G72/><T131/><D130/><U95/><E32/><V86/><F54/><W85/><G69/><T106/><D106/><U113/><E113/><V26/><F26/><W48/><G112/><T123/><D123/><U33/><E33/><V64/><F64/><W7/><G128/><T39/><D131/><U82/><E78/><N who="2" m="46391" /><F87/><W4/><G121/><T65/><D39/><U61/><REACH who="1" step="1"/><E19/><REACH who="1" ten="250,240,250,250" step="2"/><V79/><F79/><W107/><G132/><T67/><D24/><U77/><E77/><V125/><F125/><W13/><G108/><T133/><REACH who="0" step="1"/><D133/><REACH who="0" ten="240,240,250,250" step="2"/><U127/><E127/><V59/><F2/><W96/><G126/><T98/><D98/><U36/><E36/><V80/><F80/><W100/><G116/><T122/><D122/><U51/><E51/><N who="2" m="27079" /><F43/><W62/><G41/><T115/><D115/><U120/><E120/><V31/><F31/><W3/><G96/><T16/><AGARI ba="0,2" hai="11,14,16,21,22,42,47,50,60,63,65,67,68,70" machi="16" ten="20,12000,1" yaku="1,1,0,1,7,1,9,1,54,1,53,0" doraHai="55" doraHaiUra="27" who="0" fromWho="0" sc="240,140,240,-40,250,-40,250,-40" /><INIT seed="0,1,0,5,0,26" ten="380,200,210,210" oya="0" hai0="41,32,97,82,58,67,92,34,80,81,119,94,51" hai1="61,7,85,90,63,20,74,135,126,99,33,0,19" hai2="28,106,93,129,115,15,72,116,6,105,59,56,77" hai3="37,121,60,11,3,84,64,91,125,22,112,1,70"/><T39/><D119/><U18/><E74/><V44/><F115/><W113/><G37/><T38/><D94/><U98/><E33/><V131/><F116/><W47/><G47/><T48/><D67/><U65/><E126/><V89/><F77/><W78/><G125/><T86/><D86/><U35/><E135/><V134/><F72/><W25/><G78/><T133/><D133/><U120/><E35/><V17/><F6/><W2/><G11/><T30/><D34/><U69/><E120/><V31/><F44/><W62/><G62/><T75/><D75/><U42/><E42/><V88/><F134/><W132/><G132/><T104/><D104/><U102/><E7/><V46/><F46/><W8/><G8/><T124/><D41/><U87/><E0/><V107/><F93/><W45/><G45/><T118/><D118/><U54/><E90/><N who="2" m="34923" /><F17/><W101/><G101/><T12/><D124/><U10/><E18/><V127/><F15/><W123/><G113/><T122/><D12/><U128/><E10/><V68/><F68/><W95/><REACH who="3" step="1"/><G112/><REACH who="3" ten="380,200,210,200" step="2"/><T13/><D38/><U5/><E102/><V73/><F127/><W36/><G36/><T52/><D39/><U96/><E5/><V130/><F73/><W76/><G76/><T49/><D122/><U21/><E61/><V109/><F109/><W57/><G57/><AGARI ba="1,1" hai="28,31,56,57,59,105,106,107,129,130,131" m="34923" machi="57" ten="40,12000,2" yaku="28,2,19,1,52,2,54,1" doraHai="26" who="2" fromWho="3" sc="380,0,200,0,210,133,200,-123" /><INIT seed="1,0,0,5,2,27" ten="380,200,343,77" oya="1" hai0="100,135,132,73,39,50,98,103,80,28,31,72,59" hai1="34,53,109,36,2,90,106,0,86,55,16,67,65" hai2="124,130,40,125,74,79,17,85,110,76,60,30,38" hai3="91,44,97,114,69,5,71,20,82,96,93,56,7"/><U120/><E120/><V107/><F107/><W22/><G22/><T88/><D39/><U18/><E36/><V68/><F74/><W13/><G114/><T75/><D59/><U126/><E106/><V78/><F110/><W25/><G71/><T21/><D21/><U116/><E34/><V112/><F112/><W104/><G69/><T6/><D6/><U32/><E32/><V117/><F117/><W115/><G115/><T101/><D50/><U48/><E116/><V47/><F17/><N who="1" m="6761" /><E0/><V29/><F85/><W131/><G131/><T61/><D61/><U128/><E2/><V42/><F42/><W11/><G5/><T52/><D52/><N who="1" m="20043" /><E126/><N who="2" m="48747" /><F130/><W122/><G122/><T134/><D80/><N who="1" m="49479" /><E109/><V1/><F1/><W58/><G58/><T51/><D51/><U111/><E111/><V10/><F10/><W92/><G56/><T33/><D33/><U3/><E3/><V26/><F26/><W87/><G25/><T43/><D43/><U70/><E70/><V64/><AGARI ba="0,0" hai="29,30,38,40,47,60,64,68,76,78,79" m="48747" machi="64" ten="40,5200,0" yaku="18,1,52,2" doraHai="27" who="2" fromWho="2" sc="380,-13,200,-26,343,52,77,-13" /><INIT seed="2,0,0,4,4,46" ten="367,174,395,64" oya="2" hai0="112,12,25,1,132,15,47,5,19,128,116,133,125" hai1="124,107,64,39,120,53,87,52,50,88,59,40,122" hai2="89,54,20,66,21,11,33,91,82,97,29,16,43" hai3="4,94,27,8,38,24,134,71,69,103,126,76,85"/><V80/><F33/><W17/><G134/><N who="0" m="51819" /><D47/><N who="1" m="23967" /><E107/><V10/><F66/><W13/><G126/><T9/><D112/><U79/><E79/><V106/><F106/><W30/><G38/><T105/><D105/><U18/><E18/><V70/><F70/><W75/><G75/><T14/><D125/><U55/><E124/><V3/><F3/><W51/><G71/><T23/><D128/><U86/><E86/><V68/><F68/><W81/><G69/><T0/><D0/><U119/><E119/><AGARI ba="0,0" hai="1,5,9,12,14,15,19,23,25,116,119" m="51819" machi="119" ten="40,5200,0" yaku="20,1,34,2" doraHai="46" who="0" fromWho="1" sc="367,52,174,-52,395,0,64,0" /><INIT seed="3,0,0,3,1,106" ten="419,122,395,64" oya="3" hai0="94,113,84,35,12,130,32,13,119,99,21,44,68" hai1="128,42,98,28,53,27,95,82,45,61,131,41,133" hai2="110,108,4,87,120,70,89,125,3,121,115,58,59" hai3="79,96,20,23,54,38,22,9,86,7,52,30,14"/><W81/><G38/><T18/><D68/><U55/><E133/><V111/><F70/><W43/><G43/><N who="1" m="16394" /><E82/><N who="2" m="49399" /><F115/><W78/><G30/><T50/><D119/><U33/><E61/><V36/><F36/><W63/><G63/><T107/><D113/><U62/><E62/><V127/><F4/><W60/><G60/><T1/><D1/><U90/><E45/><V102/><F102/><W100/><REACH who="3" step="1"/><G79/><REACH who="3" ten="419,122,395,54" step="2"/><T75/><D32/><U132/><E132/><V37/><F37/><W91/><G91/><T47/><D35/><U112/><E112/><V39/><F39/><W0/><G0/><T105/><D130/><AGARI ba="0,1" hai="27,28,33,53,55,90,95,98,128,130,131" m="16394" machi="130" ten="30,1000,0" yaku="19,1" doraHai="106" who="1" fromWho="0" sc="419,-10,122,20,395,0,54,0" owari="409,50.9,142,-25.8,395,19.5,54,-44.6" /></mjloggm>