<mjloggm ver="2.3"><GO type="225" lobby="0"/><UN n0="%4B%2E%32%2E%4B%2E" n1="%E6%97%A5%E6%9B%9C%E6%97%A5%E3%82%88%E3%82%8A%E3%81%AE%E4%BD%BF%E8%80%85" n2="%E7%B4%94%E6%BD%94%E3%83%94%E3%83%A9%E3%83%8B%E3%82%A2" n3="%E3%81%82%E3%81%97%E3%82%85%E3%82%8A%E3%82%93" dan="17,17,17,16" rate="2175.91,2211.36,2223.50,2099.88" sx="M,M,M,M"/><TAIKYOKU oya="0"/><INIT seed="0,0,0,5,0,95" ten="250,250,250,250" oya="0" hai0="63,119,2,1,122,71,5,38,55,26,126,117,118" hai1="31,105,68,61,134,39,53,3,97,84,6,83,128" hai2="113,94,87,20,125,78,9,8,131,24,102,129,27" hai3="80,59,36,121,74,124,58,18,41,133,11,89,77"/><T54/><D122/><U106/><E39/><V135/><F113/><W40/><G121/><T65/><D38/><U109/><E31/><V47/><F125/><W64/><G124/><T91/><D126/><U52/><E3/><V22/><F47/><W100/><G133/><T123/><D123/><U17/><E6/><V72/><F72/><W32/><G32/><T34/><D91/><U56/><E68/><V66/><F66/><W98/><G64/><T81/><D81/><U127/><E127/><V101/><F94/><W35/><G35/><T23/><D34/><U82/><E134/><V62/><F62/><W132/><G89/><T25/><D5/><U43/><E43/><V51/><F51/><W96/><G96/><T93/><D93/><U120/><E120/><V13/><F87/><W99/><G99/><T108/><D108/><U88/><E128/><V30/><F78/><W75/><G75/><T16/><REACH who="0" step="1"/><D26/><REACH who="0" ten="240,250,250,250" step="2"/><U37/><E37/><V46/><F135/><W76/><G132/><T15/><D15/><U67/><E109/><V112/><F13/><N who="3" m="7487" /><G36/><T79/><D79/><U48/><E83/><V14/><F14/><W104/><G77/><T70/><D70/><U111/><E111/><V73/><F73/><W42/><G74/><T50/><D50/><U92/><E48/><V57/><F112/><W107/><G107/><T90/><D90/><N who="1" m="55447" /><E106/><V44/><F30/><W33/><G33/><T116/><N who="0" m="29696" /><DORA hai="12" /><T130/><D130/><U10/><E105/><V103/><F103/><W4/><G4/><T29/><D29/><U86/><E86/><V60/><F60/><RYUUKYOKU ba="0,1" sc="240,0,250,0,250,0,250,0" hai0="1,2,16,23,25,54,55,63,65,71" hai1="10,17,52,53,56,61,67,82,84,88" hai2="8,9,20,22,24,27,44,46,57,101,102,129,131" hai3="40,41,42,58,59,76,80,98,100,104" /><INIT seed="0,1,1,3,1,45" ten="240,250,250,250" oya="0" hai0="1,20,18,31,84,35,114,100,80,55,134,132,112" hai1="72,41,127,126,81,71,94,113,37,28,11,30,2" hai2="93,50,57,90,68,66,117,70,42,83,110,82,25" hai3="3,60,6,123,88,104,27,40,54,23,49,99,4"/><T29/><D100/><U7/><E71/><V96/><F110/><W32/><G32/><T135/><D1/><U102/><E113/><N who="0" m="43625" /><D35/><U46/><E94/><V15/><F117/><W122/><G40/><T120/><D120/><N who="3" m="46121" /><G60/><T16/><D55/><U10/><E10/><V36/><F36/><W39/><G39/><T8/><D8/><U107/><E102/><V91/><F70/><W77/><G77/><N who="0" m="46095" /><D18/><U119/><E107/><V106/><F106/><W47/><G3/><T87/><D87/><U52/><E119/><V56/><F68/><W75/><G75/><T48/><D48/><U22/><E52/><N who="2" m="31767" /><F42/><W121/><N who="3" m="46129" /><W24/><DORA hai="130" /><G24/><AGARI ba="1,1" hai="16,20,24,29,31,132,134,135" m="46095,43625" machi="24" ten="40,12000,1" yaku="20,1,52,3,54,1" doraHai="45,130" who="0" fromWho="3" sc="240,133,250,0,250,0,250,-123" /><INIT seed="0,2,0,5,5,18" ten="373,250,250,127" oya="0" hai0="97,130,92,133,59,87,116,9,83,122,21,135,6" hai1="31,17,2,100,53,82,101,74,76,110,127,90,36" hai2="38,33,22,4,40,47,124,41,73,10,55,67,26" hai3="11,16,5,48,72,69,54,30,49,131,134,117,15"/><T28/><D116/><U113/><E36/><V70/><F124/><W128/><G117/><T88/><D122/><U0/><E31/><V79/><F55/><W106/><G106/><T107/><D107/><U27/><E110/><V64/><F40/><W95/><G72/><T60/><D130/><N who="3" m="49705" /><G69/><T114/><D114/><U20/><E127/><V119/><F33/><W105/><G105/><T111/><D111/><U56/><E113/><V78/><F70/><W8/><G30/><T132/><D28/><U86/><E0/><V29/><F119/><W85/><G134/><T35/><D21/><U94/><REACH who="1" step="1"/><E2/><REACH who="1" ten="373,240,250,127" step="2"/><V98/><F73/><W46/><G49/><AGARI ba="2,1" hai="17,20,27,49,53,56,74,76,82,86,90,94,100,101" machi="49" ten="30,7700,0" yaku="1,1,2,1,7,1,52,1,53,0" doraHai="18" doraHaiUra="118" who="1" fromWho="3" sc="373,0,240,93,250,0,127,-83" /><INIT seed="1,0,0,2,0,9" ten="373,333,250,44" oya="1" hai0="102,0,30,135,34,77,113,108,96,24,79,40,35" hai1="25,11,75,4,83,115,130,3,60,94,80,93,100" hai2="87,13,46,125,91,15,32,118,43,26,45,17,105" hai3="132,27,70,103,21,126,64,55,54,31,101,69,99"/><U114/><E130/><V123/><F118/><W76/><G126/><T121/><D113/><U78/><E60/><V49/><F123/><W50/><G132/><T88/><D35/><U92/><E100/><V97/><F125/><W39/><G39/><T6/><D135/><U66/><E66/><V12/><F32/><W104/><G76/><T52/><D121/><U82/><REACH who="1" step="1"/><E25/><REACH who="1" ten="373,323,250,44" step="2"/><V81/><F26/><W116/><G101/><T131/><D131/><U1/><E1/><V36/><F105/><W41/><G116/><T48/><D102/><U90/><E90/><V59/><F97/><W23/><G64/><T14/><D0/><U20/><E20/><V62/><F36/><W58/><G41/><T18/><D40/><U47/><E47/><V53/><REACH who="2" step="1"/><F45/><REACH who="2" ten="373,323,240,44" step="2"/><W107/><G107/><T122/><D96/><U74/><E74/><V124/><F124/><W2/><G2/><T42/><D122/><U22/><E22/><AGARI ba="0,2" hai="12,13,15,17,22,43,46,49,53,59,62,81,87,91" machi="22" ten="30,12000,2" yaku="1,1,7,1,8,1,52,3,53,0" doraHai="9" doraHaiUra="65" who="2" fromWho="1" sc="373,0,323,-120,240,140,44,0" /><INIT seed="2,0,0,2,3,101" ten="373,203,380,44" oya="2" hai0="121,8,73,117,71,89,54,44,79,115,26,74,57" hai1="93,19,78,127,25,112,64,5,92,0,99,100,21" hai2="72,50,83,75,12,106,131,116,108,7,96,107,34" hai3="105,58,55,27,125,65,119,118,45,48,70,32,33"/><V129/><F116/><W28/><G125/><T35/><D117/><U15/><E112/><V24/><F96/><W51/><G33/><T84/><D115/><U95/><E127/><V40/><F108/><W132/><G132/><T17/><D121/><U120/><E120/><V39/><F39/><W63/><G51/><T31/><D71/><U90/><E78/><V133/><F133/><W113/><G113/><T122/><D122/><U2/><E64/><V126/><F126/><W6/><G6/><T3/><D79/><U124/><E124/><V68/><F68/><W102/><REACH who="3" step="1"/><G45/><REACH who="3" ten="373,203,380,34" step="2"/><T30/><D44/><U23/><E5/><V98/><F50/><W10/><G10/><T37/><D35/><U66/><E66/><V103/><F7/><W43/><G43/><T91/><D8/><U85/><REACH who="1" step="1"/><E95/><REACH who="1" ten="373,193,380,34" step="2"/><V36/><F129/><W62/><G62/><T80/><D3/><U82/><E82/><V38/><F83/><W18/><G18/><AGARI ba="0,2" hai="0,2,15,18,19,21,23,25,85,90,92,93,99,100" machi="18" ten="30,2000,0" yaku="1,1,7,1,53,0" doraHai="101" doraHaiUra="77" who="1" fromWho="3" sc="373,0,193,40,380,0,34,-20" /><INIT seed="3,0,0,5,3,91" ten="373,233,380,14" oya="3" hai0="72,94,118,46,9,60,51,34,129,8,135,45,112" hai1="68,95,14,107,119,117,120,62,71,42,89,92,85" hai2="39,133,77,38,21,29,65,25,82,111,47,80,26" hai3="58,121,97,43,84,128,100,64,15,75,127,87,48"/><W50/><G121/><T23/><D118/><N who="1" m="45067" /><E107/><V104/><F104/><W108/><G127/><T114/><D34/><U73/><E73/><V53/><F65/><W74/><G128/><T31/><D72/><U59/><E120/><V2/><F2/><W6/><G108/><T110/><D110/><U11/><E42/><V5/><F5/><W10/><G75/><T98/><D129/><U131/><E71/><V124/><F124/><W115/><G74/><T0/><D135/><U126/><E68/><V55/><F133/><W22/><G115/><N who="0" m="44075" /><D60/><U1/><E1/><V49/><F111/><W24/><G48/><T125/><D125/><U76/><E76/><V36/><F77/><W81/><G43/><N who="0" m="25023" /><D0/><U116/><N who="1" m="45075" /><U44/><DORA hai="3" /><E44/><V83/><F47/><W63/><G50/><T86/><D46/><U54/><E126/><V113/><F49/><W96/><G81/><T61/><D61/><U17/><E131/><V109/><F109/><W69/><G69/><T33/><D33/><U37/><E37/><V20/><F113/><W105/><REACH who="3" step="1"/><G97/><REACH who="3" ten="373,233,380,4" step="2"/><T32/><D86/><U52/><E54/><V18/><AGARI ba="0,1" hai="18,20,21,25,26,29,36,38,39,53,55,80,82,83" machi="18" ten="40,1500,0" yaku="0,1" doraHai="91,3" who="2" fromWho="2" sc="373,-4,233,-4,380,25,4,-7" owari="369,16.9,229,-17.1,405,50.5,-3,-50.3" /></mjloggm>