<mjloggm ver="2.3"><GO type="225" lobby="0"/><UN n0="%E3%83%81%E3%83%83%E3%82%BF%E3%82%BD%E3%83%BC" n1="%E9%A6%AC%E5%BC%95%E7%81%AB%33" n2="%63%68%78%62%64" n3="%E5%A4%8F%E9%88%B4%E9%88%B4%E5%A4%8F" dan="16,16,16,16" rate="2129.74,2096.21,2113.44,2127.03" sx="F,M,M,F"/><TAIKYOKU oya="0"/><INIT seed="0,0,0,0,5,115" ten="250,250,250,250" oya="0" hai0="50,99,124,96,71,110,94,62,55,91,105,34,53" hai1="132,102,90,128,28,109,52,103,112,11,77,108,7" hai2="38,83,54,37,36,126,69,87,130,59,43,98,89" hai3="63,1,47,29,45,23,67,79,114,24,33,21,113"/><T46/><D124/><U133/><E112/><V134/><F126/><W4/><G114/><T44/><D34/><U122/><E122/><V40/><F134/><N who="1" m="51817" /><E128/><V61/><F130/><W42/><G113/><T107/><D110/><N who="1" m="42603" /><E77/><V41/><F69/><W0/><G47/><T65/><D99/><U129/><E129/><V12/><F98/><W100/><G100/><T48/><AGARI ba="0,0" hai="44,46,48,50,53,55,62,65,71,91,94,96,105,107" machi="48" ten="30,3000,0" yaku="0,1,9,1" doraHai="115" who="0" fromWho="0" sc="250,30,250,-10,250,-10,250,-10" /><INIT seed="0,1,0,3,5,32" ten="280,240,240,240" oya="0" hai0="11,109,114,6,113,87,45,9,122,57,84,65,64" hai1="13,74,35,104,12,51,19,48,107,95,94,44,24" hai2="105,34,53,39,1,115,3,52,40,30,124,20,42" hai3="55,81,0,41,97,14,89,56,108,79,49,93,120"/><T17/><D122/><U130/><E74/><V111/><F34/><W135/><G120/><T96/><D45/><U26/><E35/><V118/><F115/><W128/><G108/><T103/><D109/><U129/><E44/><V102/><F111/><W36/><G128/><T7/><D17/><AGARI ba="1,0" hai="12,13,17,19,24,26,48,51,94,95,104,107,129,130" machi="17" ten="25,1600,0" yaku="22,2" doraHai="32" who="1" fromWho="0" sc="280,-19,240,19,240,0,240,0" /><INIT seed="1,0,0,0,3,3" ten="261,259,240,240" oya="1" hai0="47,107,42,125,110,23,102,99,128,132,43,74,88" hai1="16,20,87,58,62,123,28,24,135,33,29,17,126" hai2="134,38,91,54,19,129,41,118,97,95,25,30,60" hai3="48,22,63,114,37,86,35,14,105,85,78,53,72"/><U68/><E123/><V8/><F118/><W111/><G114/><T122/><D110/><U45/><E68/><V77/><F134/><W83/><G35/><T61/><D125/><U76/><E135/><V26/><F129/><W49/><G37/><T56/><D132/><U4/><E126/><V27/><F77/><W117/><G105/><T130/><D122/><U81/><E45/><V32/><F38/><W120/><G120/><T18/><D74/><U89/><E4/><V131/><F41/><W7/><G117/><T2/><D2/><U40/><E40/><V75/><F75/><W39/><G39/><T0/><D0/><U50/><E50/><V98/><F131/><N who="0" m="50218" /><D47/><U44/><E44/><V94/><F8/><W59/><G111/><T70/><D70/><U46/><E46/><V106/><F106/><W36/><G36/><T65/><D88/><U109/><E109/><V52/><F19/><W71/><G22/><T73/><D73/><U93/><E28/><V51/><F60/><W92/><G92/><T6/><D6/><U124/><E33/><V108/><F108/><W100/><G100/><T1/><D1/><U5/><E5/><V115/><F115/><W119/><G119/><T121/><D121/><U9/><E9/><V21/><F32/><W13/><G7/><T79/><D79/><U112/><E112/><V67/><F67/><N who="3" m="41471" /><G48/><T64/><D65/><N who="1" m="39127" /><E124/><V113/><F113/><W104/><G104/><T69/><D69/><U101/><E101/><N who="2" m="60607" /><F51/><W80/><G72/><T34/><D34/><U82/><E82/><V133/><F133/><W55/><G53/><AGARI ba="0,0" hai="21,25,26,27,30,52,53,54,91,94,98" m="60607" machi="53" ten="30,3900,0" yaku="6,1,8,1,54,1" doraHai="3" who="2" fromWho="3" sc="261,0,259,0,240,39,240,-39" /><INIT seed="2,0,0,5,3,127" ten="261,259,279,201" oya="2" hai0="57,29,114,73,106,1,61,130,100,19,53,122,34" hai1="93,98,85,48,8,110,35,58,66,118,49,7,26" hai2="101,32,95,76,45,68,81,52,134,62,4,25,91" hai3="10,3,28,41,60,22,16,71,108,119,120,102,64"/><V30/><F134/><W56/><G120/><T27/><D130/><U74/><E74/><V90/><F101/><W107/><G119/><T116/><D116/><U78/><E110/><V39/><F4/><W132/><G108/><T83/><D114/><U36/><E36/><V109/><F109/><W126/><G126/><T31/><D122/><U86/><E35/><V15/><F15/><W88/><G28/><T121/><D121/><U82/><E86/><V47/><F68/><W13/><G41/><T21/><D1/><U75/><E75/><V69/><F69/><W105/><G132/><T133/><D133/><U99/><E26/><V111/><F111/><W131/><G131/><T92/><D106/><U11/><E99/><V6/><F6/><W50/><G102/><T113/><D113/><U125/><E125/><V103/><F39/><W33/><G33/><T54/><D34/><U96/><E96/><V51/><F62/><W59/><G71/><T24/><D24/><U2/><E8/><V129/><F47/><W38/><G38/><T84/><D73/><U67/><E118/><V63/><F129/><W18/><G3/><T123/><D123/><U77/><E77/><V46/><F46/><W42/><G88/><N who="0" m="51231" /><D53/><N who="1" m="32039" /><E49/><V94/><F63/><W80/><G80/><T0/><D0/><U135/><E135/><V55/><F55/><N who="3" m="31863" /><G42/><T65/><D65/><U128/><E128/><V23/><F32/><W43/><G43/><T87/><D100/><N who="1" m="60495" /><E66/><V14/><F14/><N who="3" m="9495" /><G107/><T115/><D115/><U37/><E37/><V97/><F95/><W5/><G105/><T72/><D72/><AGARI ba="0,0" hai="23,25,30,45,51,52,72,76,81,90,91,94,97,103" machi="72" ten="30,5800,0" yaku="6,1,7,1,54,1" doraHai="127" who="2" fromWho="0" sc="261,-58,259,0,279,58,201,0" /><INIT seed="2,1,0,2,3,45" ten="203,259,337,201" oya="2" hai0="111,123,94,62,103,50,0,67,90,63,55,91,32" hai1="107,86,38,26,12,104,120,68,116,118,61,48,35" hai2="110,7,4,1,22,16,13,33,81,25,96,74,20" hai3="112,66,8,2,14,115,43,79,134,36,78,92,59"/><V95/><F110/><W9/><G134/><T82/><D111/><U6/><E86/><V19/><F74/><W15/><G92/><T41/><D123/><U130/><E130/><V29/><F81/><W40/><G59/><T71/><D0/><U53/><E38/><V52/><F52/><W80/><G66/><T126/><D126/><U51/><E53/><V54/><F54/><W131/><G2/><T105/><D105/><U93/><E93/><V3/><F95/><W56/><G56/><T98/><D41/><N who="3" m="15945" /><G36/><T101/><D32/><U69/><E35/><V70/><F70/><W85/><G131/><T87/><REACH who="0" step="1"/><D63/><REACH who="0" ten="193,259,337,201" step="2"/><U47/><E61/><V76/><F76/><N who="3" m="46215" /><G115/><T28/><D28/><U117/><E107/><V37/><F37/><W73/><G112/><T88/><D88/><U34/><E104/><V106/><F106/><W30/><G30/><T109/><D109/><U122/><E122/><V125/><F125/><W100/><G100/><T133/><D133/><U31/><E120/><V24/><F96/><W5/><G73/><T97/><D97/><U83/><E118/><V84/><F84/><W119/><G119/><T11/><D11/><U60/><E117/><V129/><F129/><W108/><G108/><T65/><D65/><U89/><E116/><V72/><F72/><W114/><G114/><T128/><D128/><U99/><E99/><V27/><F4/><AGARI ba="1,1" hai="4,5,8,9,14,15,78,79" m="46215,15945" machi="4" ten="30,1000,0" yaku="8,1" doraHai="45" who="3" fromWho="2" sc="193,0,259,0,337,-13,201,23" /><INIT seed="3,0,0,3,2,90" ten="193,259,324,224" oya="3" hai0="115,130,107,67,73,11,37,58,132,133,12,125,103" hai1="100,114,31,78,46,82,126,8,120,127,86,99,43" hai2="124,116,63,75,48,72,52,109,76,81,61,128,45" hai3="53,79,17,7,105,42,5,71,25,101,23,89,41"/><W104/><G71/><T24/><D37/><U74/><E114/><V118/><F109/><W50/><G105/><T77/><D115/><U40/><E120/><V80/><F128/><W30/><G104/><T16/><D130/><U117/><E117/><V94/><F124/><N who="1" m="47657" /><E31/><V119/><F94/><W111/><G101/><T96/><D125/><U57/><E57/><V6/><F6/><N who="3" m="2059" /><G79/><AGARI ba="0,0" hai="45,48,52,61,63,72,75,76,79,80,81,116,118,119" machi="79" ten="40,2600,0" yaku="9,1,54,1" doraHai="90" who="2" fromWho="3" sc="193,0,259,0,324,26,224,-26" owari="193,-30.7,259,5.9,350,45.0,198,-20.2" /></mjloggm>