<mjloggm ver="2.3"><GO type="225" lobby="0"/><UN n0="%E9%A6%AC%E5%BC%95%E7%81%AB%33" n1="%72%65%6E%6B%75%6E" n2="%E7%B4%94%E6%BD%94%E3%83%94%E3%83%A9%E3%83%8B%E3%82%A2" n3="%E9%80%86%E9%80%A3%E5%B8%AF%E3%81%AE%E9%AC%BC" dan="16,17,17,16" rate="2132.45,2204.04,2206.75,2012.90" sx="M,M,M,M"/><TAIKYOKU oya="0"/><INIT seed="0,0,0,4,5,1" ten="250,250,250,250" oya="0" hai0="82,91,125,104,47,118,88,67,39,130,48,51,55" hai1="93,26,31,108,115,87,21,14,128,6,85,58,79" hai2="94,123,8,59,77,92,34,110,13,73,120,28,15" hai3="54,102,36,109,61,37,25,111,96,0,4,114,19"/><T41/><D118/><U5/><E108/><V131/><F110/><N who="3" m="41995" /><G114/><T71/><D104/><U134/><E115/><V42/><F131/><W22/><G54/><T132/><D130/><U135/><E128/><V95/><F13/><W18/><G61/><T24/><D132/><N who="1" m="50731" /><E14/><V75/><F59/><W40/><G19/><T100/><D100/><U38/><E38/><V99/><F99/><W44/><G37/><T76/><D125/><U83/><E58/><V81/><F42/><W10/><G96/><T50/><D55/><U16/><E31/><V17/><REACH who="2" step="1"/><F75/><REACH who="2" ten="250,250,240,250" step="2"/><W11/><G11/><T49/><D41/><U122/><E122/><V124/><F124/><W106/><G106/><T105/><D105/><U116/><E116/><V9/><F9/><W63/><G102/><T27/><D47/><U78/><E93/><V69/><F69/><W117/><G117/><T107/><D107/><U66/><E66/><V29/><F29/><W65/><G65/><T52/><D67/><U89/><E87/><V43/><F43/><W23/><G63/><T98/><D71/><U126/><E126/><V129/><F129/><W35/><G18/><T119/><D98/><U127/><E127/><V12/><F12/><W72/><G72/><T80/><D119/><U30/><E30/><AGARI ba="0,1" hai="0,4,10,22,23,25,30,35,36,40,44" m="41995" machi="30" ten="30,2000,0" yaku="14,1,52,1" doraHai="1" who="3" fromWho="1" sc="250,0,250,-20,240,0,250,30" /><INIT seed="1,0,0,5,2,123" ten="250,230,240,280" oya="1" hai0="59,66,44,21,19,62,32,61,69,7,60,93,68" hai1="43,11,36,70,29,75,10,96,125,5,56,4,35" hai2="112,46,48,33,38,120,2,40,30,24,58,53,52" hai3="89,6,101,109,67,104,14,102,118,134,76,114,130"/><U20/><E70/><V132/><F132/><W87/><G134/><T113/><D113/><U12/><E75/><V133/><F133/><W25/><G114/><T115/><D115/><U0/><E125/><V107/><F107/><W105/><G130/><T124/><D124/><U1/><E36/><V23/><F112/><W108/><G118/><T88/><D32/><U106/><E43/><V39/><F2/><W55/><G67/><T94/><D7/><U86/><E86/><V9/><F120/><W84/><G25/><T54/><D44/><U98/><E106/><N who="3" m="41066" /><G55/><T26/><D88/><U82/><E82/><V73/><F73/><W16/><G6/><T128/><D128/><U131/><E56/><V116/><F9/><W41/><G41/><T18/><D18/><N who="1" m="10311" /><E131/><V64/><F116/><W72/><G72/><T122/><D122/><U28/><E28/><V79/><F79/><W74/><G74/><T129/><D129/><U90/><E90/><V63/><F33/><W135/><G135/><T81/><D81/><U17/><E17/><V51/><REACH who="2" step="1"/><F40/><REACH who="2" ten="250,230,230,280" step="2"/><W91/><G76/><T92/><D21/><U99/><E99/><V121/><F121/><W103/><G87/><T100/><D100/><U71/><E71/><AGARI ba="0,1" hai="23,24,30,38,39,46,48,51,52,53,58,63,64,71" machi="71" ten="30,3900,0" yaku="1,1,7,1,54,1,53,0" doraHai="123" doraHaiUra="110" who="2" fromWho="1" sc="250,0,230,-39,230,49,280,0" /><INIT seed="2,0,0,2,5,113" ten="250,191,279,280" oya="2" hai0="27,70,97,26,41,69,19,51,61,66,63,9,126" hai1="98,34,83,127,72,114,84,123,103,109,80,104,112" hai2="102,35,54,74,132,73,118,22,12,56,64,46,36" hai3="28,96,17,53,0,13,79,55,15,45,134,33,100"/><V122/><F122/><W135/><G0/><T75/><D75/><U31/><E34/><V37/><F35/><W62/><G79/><T40/><D126/><U108/><E31/><V125/><F125/><W38/><G33/><T116/><D116/><U91/><E127/><V78/><F132/><W2/><G2/><T3/><D97/><U21/><E21/><V117/><F102/><W111/><G28/><T87/><D87/><U115/><REACH who="1" step="1"/><E123/><REACH who="1" ten="250,181,279,280" step="2"/><V4/><F22/><W95/><G135/><T25/><D9/><U44/><E44/><V128/><F46/><W93/><G45/><T11/><D11/><U5/><E5/><V8/><F4/><W101/><G134/><T105/><D19/><U47/><E47/><V18/><F8/><W107/><G17/><T20/><D20/><U130/><E130/><V110/><F18/><W85/><G38/><T120/><D120/><U131/><E131/><V90/><F36/><W121/><G121/><T23/><D23/><U65/><E65/><V16/><F64/><W58/><G55/><T59/><D27/><U24/><E24/><V57/><F54/><W32/><G32/><T52/><D66/><U39/><E39/><V29/><F37/><W60/><G53/><T1/><D52/><U7/><E7/><V50/><F16/><W10/><G10/><T14/><D14/><U43/><E43/><V71/><F12/><W82/><G13/><T88/><D26/><U124/><E124/><V89/><F29/><W81/><G15/><T49/><D25/><U106/><E106/><V133/><F133/><W42/><G107/><RYUUKYOKU ba="0,1" sc="250,-10,181,30,279,-10,280,-10" hai1="72,80,83,84,91,98,103,104,108,109,112,114,115" /><INIT seed="3,1,1,2,3,67" ten="240,211,269,270" oya="3" hai0="30,18,70,118,87,82,41,42,103,131,72,37,14" hai1="13,29,60,43,98,12,52,51,100,16,122,101,132" hai2="26,108,58,85,113,66,106,78,25,80,95,45,123" hai3="1,79,24,90,126,115,49,47,5,117,31,56,135"/><W109/><G117/><T74/><D118/><U33/><E132/><V104/><F113/><W97/><G115/><T134/><D70/><U46/><E122/><V93/><F123/><W83/><G135/><T77/><D134/><U63/><E33/><V73/><F108/><W114/><G114/><T27/><D103/><U54/><E29/><V107/><F45/><W53/><G126/><T44/><D42/><U71/><E13/><V55/><F66/><W35/><G109/><T69/><D69/><U61/><E71/><V8/><F8/><W15/><G15/><T32/><D131/><U124/><E124/><V48/><F95/><W28/><G28/><T102/><D102/><N who="1" m="39531" /><E98/><V120/><F120/><W21/><G35/><T10/><AGARI ba="1,1" hai="10,14,18,27,30,32,37,41,44,72,74,77,82,87" machi="10" ten="20,1500,0" yaku="0,1,7,1" doraHai="67" who="0" fromWho="0" sc="240,28,211,-5,269,-5,270,-8" /><INIT seed="4,0,0,4,4,79" ten="268,206,264,262" oya="0" hai0="63,101,0,47,40,7,55,45,69,108,106,131,81" hai1="18,24,8,48,123,14,86,111,61,120,124,128,59" hai2="38,9,114,2,110,19,126,78,116,102,134,67,31" hai3="85,66,57,16,133,73,94,121,41,118,99,11,39"/><T25/><D131/><U5/><E128/><V74/><F102/><W53/><G73/><T23/><D108/><U1/><E111/><V96/><F96/><W37/><G133/><T84/><D101/><U135/><E135/><V103/><F103/><W107/><G118/><T127/><D106/><U10/><E124/><V93/><F93/><W28/><G28/><T70/><D127/><U27/><E48/><V92/><F92/><W90/><G66/><T56/><D7/><U76/><E120/><V33/><F78/><W13/><G121/><T64/><D0/><U35/><E35/><V15/><F67/><W71/><G71/><T82/><D84/><U129/><E129/><V60/><F60/><W36/><G41/><T119/><D70/><U65/><REACH who="1" step="1"/><E123/><REACH who="1" ten="268,196,264,262" step="2"/><V20/><F110/><W72/><G107/><T26/><D119/><U50/><E50/><V54/><F116/><W100/><G37/><T109/><D109/><U22/><E22/><V80/><F38/><W12/><G39/><T130/><D130/><U68/><E68/><V83/><F126/><W113/><G36/><T43/><D23/><U91/><E91/><V122/><F122/><W32/><G32/><T125/><D125/><U95/><E95/><V75/><F134/><W58/><G90/><T105/><D105/><U98/><E98/><V29/><F33/><W104/><G94/><T4/><D69/><U132/><E132/><V34/><F34/><W62/><G104/><T21/><D21/><U44/><E44/><V3/><F20/><W97/><G100/><T87/><D47/><U51/><E51/><RYUUKYOKU ba="0,1" sc="268,-10,196,30,264,-10,262,-10" hai1="1,5,8,10,14,18,24,27,59,61,65,76,86" /><INIT seed="5,1,1,0,3,88" ten="258,226,254,252" oya="1" hai0="53,95,128,130,60,135,65,122,89,37,127,25,87" hai1="36,40,131,9,134,23,11,61,120,97,1,92,35" hai2="110,133,107,69,26,119,63,30,70,104,19,0,85" hai3="12,33,111,13,49,42,51,86,105,57,17,54,83"/><U10/><E35/><V58/><F110/><W74/><G111/><T73/><D127/><U125/><E120/><V56/><F119/><W16/><G105/><T55/><D135/><U76/><E125/><V84/><F0/><W24/><G74/><T32/><D73/><U67/><E134/><V118/><F118/><W126/><G126/><T52/><D37/><U72/><E131/><N who="0" m="50217" /><D122/><U41/><E1/><V79/><F19/><W106/><G106/><T28/><D55/><U98/><E36/><V27/><F79/><W78/><G33/><T115/><D115/><U75/><E98/><V44/><F133/><W116/><G116/><T117/><D117/><U71/><E23/><V39/><F39/><W31/><G31/><T15/><D15/><N who="3" m="5705" /><G24/><T93/><D93/><U50/><E50/><V99/><F30/><W7/><G7/><T96/><D96/><U81/><REACH who="1" step="1"/><E72/><REACH who="1" ten="258,216,254,252" step="2"/><V43/><F99/><W108/><G108/><T68/><AGARI ba="1,2" hai="25,28,32,52,53,60,65,68,87,89,95" m="50217" machi="68" ten="30,4000,0" yaku="19,1,52,1,54,1" doraHai="88" who="0" fromWho="0" sc="258,63,216,-21,254,-11,252,-11" owari="321,42.1,195,-30.5,243,4.3,241,-15.9" /></mjloggm>