<mjloggm ver="2.3"><GO type="225" lobby="0"/><UN n0="%E3%81%BF%E3%81%BF%E3%81%9A" n1="%E7%B4%94%E6%BD%94%E3%83%94%E3%83%A9%E3%83%8B%E3%82%A2" n2="%72%61%6B%33" n3="%33%74%72%65%65" dan="17,17,16,17" rate="2211.49,2225.39,2097.74,2138.35" sx="M,M,M,M"/><TAIKYOKU oya="0"/><INIT seed="0,0,0,3,1,79" ten="250,250,250,250" oya="0" hai0="37,70,80,96,107,117,5,120,32,68,86,74,112" hai1="65,101,62,105,24,66,30,16,61,83,54,99,0" hai2="27,19,134,116,135,50,45,114,126,47,89,91,111" hai3="7,38,84,39,81,64,130,44,52,63,67,127,1"/><T42/><D112/><U2/><E54/><V98/><F114/><W35/><G130/><T9/><D117/><U26/><E16/><V31/><F116/><W128/><G128/><T72/><D120/><U90/><E90/><V48/><F111/><W122/><G122/><T100/><D32/><U43/><E43/><V11/><F126/><W28/><G127/><T21/><D21/><U124/><E124/><V33/><F11/><W103/><G103/><T115/><D115/><U93/><E83/><V95/><F19/><W13/><G1/><N who="0" m="175" /><D86/><U23/><E26/><V121/><F121/><W34/><G39/><T82/><D82/><U15/><E15/><V102/><F102/><W29/><G35/><T4/><D4/><U88/><E105/><V87/><F48/><N who="3" m="28679" /><G34/><T85/><D85/><U108/><E108/><V12/><F12/><W73/><G38/><T104/><D107/><U59/><REACH who="1" step="1"/><E88/><REACH who="1" ten="250,240,250,250" step="2"/><V94/><REACH who="2" step="1"/><F50/><REACH who="2" ten="250,240,240,250" step="2"/><W3/><G3/><T18/><D18/><U97/><E97/><V113/><F113/><W78/><G13/><T106/><D106/><U71/><AGARI ba="0,2" hai="0,2,23,24,30,59,61,62,65,66,71,93,99,101" machi="71" ten="20,12000,2" yaku="1,1,0,1,7,1,25,2,53,1" doraHai="79" doraHaiUra="22" who="1" fromWho="1" sc="250,-60,240,140,240,-30,250,-30" /><INIT seed="1,0,0,5,1,6" ten="190,380,210,220" oya="1" hai0="22,112,126,109,16,86,25,103,19,133,9,131,0" hai1="34,135,99,118,54,124,67,64,5,78,105,76,32" hai2="57,21,18,61,96,15,110,119,70,98,82,120,123" hai3="90,72,30,10,29,56,132,111,125,42,75,129,43"/><U69/><E118/><V50/><F119/><W80/><G111/><T38/><D112/><U66/><E69/><V45/><F110/><W44/><G125/><T73/><D109/><U74/><E124/><V113/><F70/><W13/><G129/><T3/><D126/><U1/><E135/><V33/><F33/><W63/><G132/><T7/><D73/><U36/><E36/><V100/><F113/><W107/><G107/><T37/><D133/><U59/><E99/><V12/><F82/><W71/><G71/><T65/><D131/><U91/><E91/><V23/><F98/><W95/><G72/><T51/><D65/><U20/><E20/><V58/><F58/><W101/><G101/><T68/><D68/><U88/><E88/><V108/><F108/><W81/><G75/><T92/><D3/><U116/><E105/><V127/><F127/><W40/><G44/><T85/><D19/><U17/><E17/><V35/><F35/><W94/><G81/><T117/><D117/><U47/><E47/><V60/><F15/><W49/><G49/><T79/><D51/><U134/><E74/><V14/><F14/><W53/><G80/><T77/><D86/><U115/><E115/><V62/><F57/><W31/><G90/><N who="0" m="53327" /><D103/><U89/><E89/><V128/><F128/><W106/><G106/><T114/><D114/><U130/><E130/><V26/><F100/><W27/><G27/><T83/><D83/><U87/><E116/><V121/><F96/><W11/><G13/><T24/><D25/><U97/><E134/><V102/><F26/><W2/><G2/><RYUUKYOKU ba="0,0" sc="190,15,380,-15,210,-15,220,15" hai0="0,7,9,16,22,24,37,38,77,79" hai3="10,11,29,30,31,40,42,43,53,56,63,94,95" /><INIT seed="2,1,0,5,4,59" ten="205,365,195,235" oya="2" hai0="117,80,50,36,135,108,100,109,6,1,24,17,72" hai1="37,57,14,116,11,41,95,62,92,118,131,55,84" hai2="66,71,10,102,30,64,26,28,105,48,134,122,104" hai3="13,44,75,22,12,133,78,121,47,65,88,113,90"/><V31/><F122/><W76/><G121/><T29/><D36/><U0/><E0/><V40/><F134/><W74/><G22/><T42/><D135/><U111/><E111/><N who="0" m="42569" /><D117/><U54/><E131/><V120/><F120/><W51/><G133/><T25/><D100/><U8/><E41/><V85/><F10/><W7/><G65/><T45/><D17/><U33/><E33/><V39/><F39/><W52/><G113/><T91/><D29/><U101/><E37/><V82/><F26/><W70/><G70/><T112/><D112/><U128/><E128/><V5/><F5/><W23/><G23/><T19/><D19/><U130/><E130/><V97/><F105/><W32/><G32/><T68/><D68/><U125/><E125/><V99/><F99/><W79/><G7/><T2/><D91/><N who="3" m="34857" /><G75/><T124/><D124/><U18/><E11/><V9/><F9/><W126/><G74/><T107/><D107/><U61/><E101/><V16/><F16/><W81/><G126/><T83/><D6/><U56/><E84/><V119/><F119/><AGARI ba="1,0" hai="8,14,18,54,55,56,57,61,62,92,95,116,118,119" machi="119" ten="40,5200,0" yaku="9,1,52,2" doraHai="59" who="1" fromWho="2" sc="205,0,365,55,195,-55,235,0" /><INIT seed="3,0,0,4,2,46" ten="205,420,140,235" oya="3" hai0="49,107,67,59,92,14,47,106,26,21,70,17,64" hai1="102,42,34,50,96,93,115,117,27,124,74,129,109" hai2="100,120,108,8,133,29,19,86,94,58,114,10,32" hai3="104,54,65,11,7,80,121,78,111,36,134,90,79"/><W88/><G121/><T9/><D70/><U126/><E74/><V13/><F114/><W97/><G36/><T122/><D122/><U33/><E115/><V16/><F120/><W87/><G65/><N who="0" m="25163" /><D107/><U62/><E62/><V39/><F39/><W98/><G134/><T4/><D106/><U18/><E109/><V22/><F108/><W41/><G41/><N who="0" m="24815" /><D59/><U125/><E129/><V123/><F123/><W101/><G111/><T15/><D92/><U48/><E117/><V25/><F133/><W53/><G98/><T118/><D118/><U72/><E72/><V73/><F73/><W128/><G128/><T130/><D130/><U31/><E42/><V84/><F58/><W28/><G28/><N who="0" m="17487" /><D15/><U40/><E40/><V52/><F52/><N who="3" m="20075" /><G104/><T103/><D103/><U113/><E113/><V6/><F19/><AGARI ba="0,0" hai="4,9,14,17,19" m="17487,24815,25163" machi="19" ten="30,2000,0" yaku="8,1,52,1" doraHai="46" who="0" fromWho="2" sc="205,20,420,0,140,-20,235,0" owari="225,-17.5,420,52.0,120,-38.0,235,3.5" /></mjloggm>