<mjloggm ver="2.3"><GO type="225" lobby="0"/><UN n0="%E3%83%9D%E3%82%B1%E3%83%83%E3%83%88" n1="%E3%83%A2%E3%83%B3%E3%82%AD%E3%83%BC%E3%83%88%E3%83%AA%E3%83%83%E3%82%AF" n2="%E9%BB%99%E8%81%B4%E3%81%AE%E3%81%99%E3%82%9D%E3%82%81" n3="%E3%83%A9%E3%82%B9%E7%8E%87%EF%BC%93%E5%89%B2" dan="16,16,16,16" rate="2073.54,2150.68,2120.90,2221.63" sx="M,M,M,F"/><TAIKYOKU oya="0"/><INIT seed="0,0,0,1,0,118" ten="250,250,250,250" oya="0" hai0="27,74,60,5,38,9,69,85,64,106,59,11,112" hai1="21,100,1,77,63,124,104,76,12,117,135,53,81" hai2="120,7,78,108,130,98,105,66,72,54,4,86,50" hai3="46,101,70,84,13,103,33,17,90,37,43,99,51"/><T8/><D112/><U0/><E117/><V36/><F36/><W34/><G70/><T107/><D74/><U96/><E135/><V29/><F72/><W82/><G37/><T94/><D38/><U42/><E124/><V45/><F108/><W126/><G126/><T121/><D121/><U132/><E132/><V35/><F120/><W44/><G44/><T25/><D5/><U3/><E42/><V23/><F35/><W52/><G43/><T56/><D106/><U129/><E129/><V97/><F66/><W41/><G41/><T88/><REACH who="0" step="1"/><D107/><REACH who="0" ten="240,250,250,250" step="2"/><U122/><E122/><V133/><F105/><W58/><G58/><AGARI ba="0,1" hai="8,9,11,25,27,56,58,59,60,64,69,85,88,94" machi="58" ten="40,7700,0" yaku="1,1,2,1,54,1,53,0" doraHai="118" doraHaiUra="116" who="0" fromWho="3" sc="240,87,250,0,250,0,250,-77" /><INIT seed="0,1,0,3,3,97" ten="327,250,250,173" oya="0" hai0="120,110,101,64,100,28,14,29,42,47,49,56,60" hai1="8,51,108,106,39,4,91,45,135,75,81,77,66" hai2="34,15,80,3,131,38,89,32,13,55,128,31,19" hai3="88,68,10,27,94,33,119,79,103,113,85,73,121"/><T40/><D120/><U62/><E135/><V82/><F38/><W114/><G68/><T20/><D110/><U61/><E108/><V50/><F3/><W12/><G121/><T132/><D132/><U17/><E106/><V116/><F116/><W78/><G119/><T92/><D42/><U2/><E17/><V109/><F109/><W21/><G33/><N who="2" m="12905" /><F31/><N who="0" m="11850" /><D92/><U30/><E30/><V122/><F122/><W133/><G133/><T44/><D47/><U111/><E111/><V99/><F99/><N who="3" m="59895" /><G73/><T59/><D56/><U18/><E18/><AGARI ba="1,0" hai="14,18,20,40,44,49,59,60,64,100,101" m="11850" machi="18" ten="30,5800,0" yaku="8,1,52,2" doraHai="97" who="0" fromWho="1" sc="327,61,250,-61,250,0,173,0" /><INIT seed="0,2,0,0,4,121" ten="388,189,250,173" oya="0" hai0="87,58,71,93,21,8,20,70,44,10,133,99,115" hai1="76,2,28,45,54,32,85,64,68,112,113,65,52" hai2="73,3,98,26,36,130,131,12,0,4,29,132,55" hai3="6,116,83,108,103,53,43,127,67,27,107,13,59"/><T125/><D115/><N who="1" m="44107" /><E2/><V88/><F73/><W37/><G116/><T86/><D133/><U118/><E118/><V78/><F78/><W39/><G67/><N who="1" m="25674" /><E68/><V23/><F36/><W114/><G103/><T34/><D34/><U82/><E45/><V122/><F55/><N who="1" m="21033" /><E28/><V89/><F122/><W109/><G114/><T110/><D44/><U66/><N who="1" m="25682" /><U105/><DORA hai="18" /><E32/><V7/><F89/><W102/><G43/><T50/><D70/><U129/><E129/><N who="2" m="49163" /><F88/><W24/><G39/><T25/><D71/><U51/><E51/><V120/><F120/><W106/><G37/><T35/><D50/><U81/><E81/><V134/><F98/><W1/><G1/><N who="2" m="585" /><F12/><W90/><G13/><T104/><D99/><U11/><E11/><V126/><F4/><W31/><G6/><T46/><D46/><U100/><E100/><V30/><F7/><W14/><G14/><T124/><D8/><U42/><E42/><V135/><F29/><W111/><G102/><T75/><D10/><U62/><E62/><V119/><F119/><W17/><G31/><T49/><D49/><U63/><E63/><V57/><F30/><W94/><G83/><T60/><D35/><U101/><E101/><V128/><F128/><W9/><G9/><T123/><D60/><U92/><E92/><V91/><F91/><W19/><G90/><T56/><D93/><U69/><E69/><V5/><F5/><W72/><G94/><T38/><D123/><U41/><E41/><V22/><F134/><W96/><G96/><T47/><D38/><U15/><E15/><V97/><F135/><RYUUKYOKU ba="2,0" sc="388,-10,189,30,250,-10,173,-10" hai1="76,82,85,105" /><INIT seed="1,3,0,1,4,125" ten="378,219,240,163" oya="1" hai0="21,122,120,84,36,93,47,71,52,89,133,70,9" hai1="40,7,31,127,57,128,121,79,87,74,77,101,3" hai2="17,46,85,4,98,83,37,43,48,54,102,44,62" hai3="96,129,42,23,25,72,45,114,34,115,0,124,14"/><U81/><E121/><N who="0" m="46697" /><D133/><U27/><E127/><V131/><F4/><W68/><G124/><T111/><D111/><U75/><E101/><V33/><F33/><W118/><G68/><N who="0" m="26155" /><D9/><U60/><E40/><V56/><F17/><W50/><G72/><T92/><D21/><U63/><E63/><V135/><F135/><W38/><G0/><T26/><D26/><U130/><E7/><V134/><F134/><W35/><G118/><T67/><D67/><U78/><E3/><V11/><F11/><W97/><G38/><T6/><D6/><U69/><E69/><V95/><F131/><N who="1" m="50217" /><E75/><V15/><F15/><W91/><G14/><T82/><D36/><U103/><E103/><V107/><F107/><W20/><G129/><T1/><D1/><U30/><E74/><V65/><F37/><W105/><G105/><T24/><D24/><U16/><E16/><V2/><F2/><W64/><G25/><T53/><D47/><U18/><E18/><V32/><F32/><W58/><G34/><T104/><D104/><U88/><E27/><V117/><F117/><W55/><G35/><T132/><D132/><U106/><E106/><V112/><F112/><W109/><G115/><T51/><D51/><U66/><AGARI ba="3,0" hai="30,31,57,60,66,77,78,79,81,87,88" m="50217" machi="66" ten="30,12000,1" yaku="19,1,52,3,54,1" doraHai="125" who="1" fromWho="1" sc="378,-43,219,129,240,-43,163,-43" /><INIT seed="1,4,0,1,4,115" ten="335,348,197,120" oya="1" hai0="95,25,32,47,82,114,85,8,51,124,127,73,18" hai1="61,54,120,90,103,9,100,86,132,15,27,88,37" hai2="107,41,48,26,30,84,24,96,118,80,29,112,20" hai3="10,106,83,56,94,130,6,21,121,33,34,109,31"/><U12/><E37/><V113/><F118/><W58/><G106/><T105/><D105/><U44/><E120/><V77/><F41/><W87/><G121/><T93/><D73/><U70/><E70/><V102/><REACH who="2" step="1"/><F48/><REACH who="2" ten="335,348,187,120" step="2"/><W50/><G50/><T81/><D51/><N who="1" m="29031" /><E132/><V36/><F36/><W53/><G130/><T131/><D131/><U28/><E61/><V126/><F126/><W134/><G134/><T75/><D127/><U11/><E28/><V4/><F4/><W19/><G6/><T66/><D124/><U59/><E27/><V39/><F39/><W68/><G31/><T14/><D25/><U72/><E72/><V116/><F116/><W3/><G109/><T64/><D75/><U69/><E69/><V125/><F125/><W117/><G68/><T92/><D114/><U46/><E46/><V89/><F89/><N who="1" m="34409" /><E59/><V55/><F55/><W133/><G53/><T110/><D110/><U108/><E108/><V57/><F57/><W79/><G133/><T91/><D47/><U119/><E119/><V38/><F38/><W1/><G117/><T0/><D91/><U13/><E86/><V52/><F52/><W22/><G87/><T23/><D85/><U111/><E111/><V98/><F98/><W17/><G58/><T60/><D60/><U62/><E62/><V122/><F122/><W123/><G56/><T7/><D64/><U135/><E135/><V97/><F97/><W74/><G123/><T128/><D128/><U16/><E16/><V99/><F99/><W49/><G19/><T65/><D65/><U71/><E71/><V45/><F45/><RYUUKYOKU ba="4,1" sc="335,-15,348,15,187,15,120,-15" hai1="9,11,12,13,15,100,103" hai2="20,24,26,29,30,77,80,84,96,102,107,112,113" /><INIT seed="1,5,1,3,5,84" ten="320,363,202,105" oya="1" hai0="66,13,62,88,15,122,81,33,73,111,50,38,83" hai1="72,102,25,91,127,60,40,19,114,108,45,103,31" hai2="30,124,34,89,70,87,36,113,27,3,53,106,76" hai3="104,54,101,133,21,135,71,28,11,94,4,129,37"/><U7/><E114/><V5/><F113/><W57/><G37/><T59/><D38/><U96/><E72/><V93/><F124/><W63/><G104/><T131/><D111/><U42/><E7/><V65/><F106/><W43/><G71/><T130/><D33/><U69/><E127/><V125/><F125/><W46/><G129/><N who="0" m="49163" /><D122/><U82/><E19/><V0/><F36/><W119/><G119/><T29/><D29/><U16/><E108/><V105/><F105/><W80/><G80/><N who="0" m="30795" /><D73/><U121/><E121/><V99/><F5/><W110/><G110/><T9/><D50/><U92/><E82/><V85/><F76/><W112/><G112/><T2/><D88/><U8/><E60/><V118/><F118/><W12/><G28/><T39/><D39/><U75/><E75/><V24/><F53/><W100/><G100/><T132/><D132/><U32/><E69/><V95/><F70/><W98/><G135/><T117/><D117/><U116/><E116/><V77/><F77/><W35/><G35/><T51/><D51/><U86/><E103/><V134/><F134/><W67/><G133/><T97/><D97/><U18/><E102/><V49/><F49/><W22/><G43/><T78/><D78/><U120/><E120/><V90/><F99/><W10/><G46/><T109/><D109/><U123/><E96/><V26/><F65/><W23/><G67/><T107/><D107/><U61/><E123/><V58/><F58/><W74/><G74/><T68/><D68/><U44/><E42/><V52/><F52/><W128/><G128/><T14/><D66/><RYUUKYOKU ba="5,1" sc="320,-15,363,-15,202,15,105,15" hai2="0,3,24,26,27,30,34,85,87,89,90,93,95" hai3="4,10,11,12,21,22,23,54,57,63,94,98,101" /><INIT seed="2,6,1,2,3,93" ten="305,348,217,120" oya="2" hai0="125,95,67,119,34,59,120,114,77,30,116,72,55" hai1="97,21,13,110,54,99,45,8,52,79,83,124,60" hai2="101,76,53,37,27,81,28,57,82,56,71,75,6" hai3="9,15,130,94,68,84,44,117,4,2,107,58,14"/><V11/><F71/><W24/><G107/><T63/><D114/><U111/><E21/><V22/><F37/><W132/><G68/><T106/><D106/><U113/><E113/><V65/><F65/><W64/><G117/><N who="0" m="45131" /><D120/><U39/><E39/><V43/><F43/><W70/><G70/><T20/><D125/><U69/><E69/><V115/><F115/><W3/><G130/><T16/><D95/><U41/><E124/><V109/><F109/><N who="1" m="41481" /><E60/><V38/><F38/><W134/><G44/><T92/><D92/><U35/><E35/><V47/><F101/><W102/><G3/><T105/><D105/><U26/><E26/><V49/><REACH who="2" step="1"/><F82/><REACH who="2" ten="305,348,207,120" step="2"/><W29/><G102/><T112/><D112/><U25/><E83/><V86/><F86/><W98/><G84/><T33/><D67/><U131/><E41/><V19/><F19/><W108/><G108/><T51/><D30/><U32/><E131/><V62/><F62/><W128/><G128/><T133/><D63/><U85/><E85/><V123/><F123/><W74/><G64/><T5/><D16/><U12/><E99/><V96/><F96/><W90/><G74/><T103/><D103/><U46/><E97/><V127/><F127/><W104/><G104/><T17/><D72/><U129/><E129/><V42/><F42/><W121/><G121/><T122/><D122/><U36/><E36/><V1/><AGARI ba="6,2" hai="1,6,11,22,27,28,47,49,53,56,57,75,76,81" machi="1" ten="20,7800,0" yaku="1,1,0,1,7,1,53,1" doraHai="93" doraHaiUra="7" who="2" fromWho="2" sc="305,-32,348,-32,207,116,120,-32" /><INIT seed="2,7,0,5,1,1" ten="273,316,323,88" oya="2" hai0="33,97,49,46,25,128,76,90,106,84,119,96,110" hai1="126,63,37,13,27,35,2,91,100,56,45,94,41" hai2="59,133,36,105,0,82,58,102,85,74,127,92,123" hai3="15,48,93,29,70,57,14,99,44,65,66,109,9"/><V16/><F123/><W11/><G70/><T39/><D39/><U12/><E2/><V79/><F36/><W69/><G69/><T42/><D110/><U30/><E126/><V98/><F0/><W51/><G29/><T121/><D121/><U34/><E100/><V26/><F133/><W18/><G109/><T71/><D71/><U31/><E31/><V87/><F127/><W80/><G80/><T55/><D128/><U112/><E35/><V117/><F117/><W125/><G125/><T115/><D115/><U101/><E101/><V129/><F129/><W53/><G51/><T89/><D119/><U10/><E10/><V60/><F105/><W47/><G65/><T132/><D132/><U17/><E17/><V103/><F103/><W4/><REACH who="3" step="1"/><G66/><REACH who="3" ten="273,316,323,78" step="2"/><T118/><D118/><U64/><E112/><V130/><F130/><W120/><G120/><T28/><D106/><U52/><E64/><V135/><F135/><W104/><G104/><T61/><D61/><U43/><REACH who="1" step="1"/><E43/><REACH who="1" ten="273,306,323,78" step="2"/><V32/><F32/><W24/><G24/><T111/><D111/><U40/><E40/><V81/><F26/><W88/><AGARI ba="7,2" hai="4,9,11,14,15,18,44,47,48,53,57,88,93,99" machi="88" ten="20,12000,2" yaku="1,1,0,1,7,1,8,1,52,1,54,1,53,0" doraHai="1" doraHaiUra="72" who="3" fromWho="3" sc="273,-37,306,-37,323,-67,78,161" /><INIT seed="3,0,0,1,4,41" ten="236,269,256,239" oya="3" hai0="48,39,82,94,110,30,9,116,113,72,124,21,25" hai1="112,111,77,8,68,67,37,75,10,55,46,96,2" hai2="76,98,103,131,18,52,58,87,118,115,14,71,1" hai3="16,24,61,130,32,123,99,79,102,66,127,51,122"/><W23/><G130/><T57/><D116/><U89/><E112/><V49/><F118/><W128/><G128/><T126/><D39/><U121/><E121/><V54/><F131/><W93/><G127/><T85/><D113/><U12/><E111/><V62/><F1/><W65/><G32/><T20/><D110/><U47/><E75/><V26/><F26/><W135/><G135/><T45/><D72/><U134/><E134/><V117/><F117/><W34/><G34/><T5/><D94/><U6/><E77/><V86/><F76/><W74/><G66/><T100/><D100/><U50/><E68/><V42/><F42/><W80/><REACH who="3" step="1"/><G51/><REACH who="3" ten="236,269,256,229" step="2"/><T13/><D21/><U90/><E67/><V132/><F132/><W119/><G119/><T83/><D57/><AGARI ba="0,1" hai="16,23,24,57,61,65,74,79,80,93,99,102,122,123" machi="57" ten="30,5800,0" yaku="1,1,7,1,54,1,53,0" doraHai="41" doraHaiUra="27" who="3" fromWho="0" sc="236,-58,269,0,256,0,229,68" /><INIT seed="3,1,0,4,5,74" ten="178,269,256,297" oya="3" hai0="111,22,118,77,97,43,134,40,15,108,84,2,93" hai1="101,90,81,12,83,66,57,55,112,25,5,115,52" hai2="121,133,85,32,86,35,91,42,95,117,107,113,44" hai3="58,29,9,116,127,36,61,37,75,132,31,123,106"/><W124/><G75/><T54/><D2/><U48/><E101/><V16/><F113/><W19/><G106/><T64/><D118/><U73/><E73/><V30/><F117/><W130/><G123/><T8/><D134/><U7/><E115/><V17/><F107/><W34/><G132/><T89/><D64/><U109/><E109/><N who="0" m="42057" /><D22/><U131/><E112/><V119/><F119/><W14/><G130/><T135/><D135/><U4/><E131/><V105/><F105/><W21/><G21/><T56/><D97/><U10/><E66/><V71/><F71/><W18/><G18/><N who="0" m="8551" /><D77/><U94/><E25/><V102/><F102/><W125/><G116/><T27/><D27/><U72/><E72/><V103/><F103/><W88/><G88/><T28/><D28/><N who="3" m="10825" /><G34/><T49/><AGARI ba="1,0" hai="40,43,49,54,56,84,89,93" m="8551,42057" machi="49" ten="30,1100,0" yaku="14,1" doraHai="74" who="0" fromWho="0" sc="178,14,269,-4,256,-4,297,-6" /><INIT seed="4,0,0,1,2,52" ten="192,265,252,291" oya="0" hai0="45,23,7,94,36,132,21,117,56,103,91,9,122" hai1="66,44,96,34,17,119,55,41,85,51,73,39,40" hai2="121,110,78,70,24,95,131,126,80,57,59,48,112" hai3="79,50,120,2,20,49,54,114,14,22,88,46,100"/><T129/><D117/><U72/><E34/><V27/><F70/><W74/><G2/><T28/><D122/><U113/><E119/><V69/><F69/><W71/><G71/><T10/><D132/><U93/><E113/><V29/><F110/><W42/><G114/><T38/><D129/><U35/><E35/><V15/><F112/><W97/><G74/><T83/><D83/><U127/><E127/><V105/><F105/><W6/><G79/><T75/><D75/><U76/><E66/><V37/><F37/><W134/><G134/><T43/><D103/><U5/><E5/><V64/><F126/><W12/><G100/><T67/><D38/><U84/><E40/><V118/><F131/><W116/><G120/><T123/><D123/><U115/><E115/><V111/><F111/><W124/><G124/><T108/><D108/><U19/><E73/><V92/><F118/><W109/><G109/><T62/><D28/><U11/><E72/><V107/><F107/><W0/><G0/><T31/><D31/><U130/><E130/><V99/><F15/><N who="3" m="5675" /><G6/><T101/><D101/><U33/><E33/><V68/><F68/><W106/><G106/><T133/><D133/><U86/><E76/><V60/><F121/><W63/><G63/><T13/><REACH who="0" step="1"/><D10/><REACH who="0" ten="182,265,252,291" step="2"/><U25/><E11/><V32/><F29/><W87/><G116/><T65/><D65/><U58/><REACH who="1" step="1"/><E25/><REACH who="1" ten="182,255,252,291" step="2"/><V4/><F24/><W98/><G20/><T26/><D26/><U102/><AGARI ba="0,2" hai="17,19,39,41,44,51,55,58,84,85,86,93,96,102" machi="102" ten="30,7900,0" yaku="1,1,2,1,0,1,52,1,53,0" doraHai="52" doraHaiUra="104" who="1" fromWho="1" sc="182,-39,255,99,252,-20,291,-20" owari="143,-35.7,354,45.4,232,-16.8,271,7.1" /></mjloggm>