<mjloggm ver="2.3"><GO type="225" lobby="0"/><UN n0="%E3%81%BD%E3%81%A1%E3%81%9F%E3%81%93%E3%82%84" n1="%E6%A0%B9%E5%85%83%E3%81%8B%E3%82%89%E5%90%B9%E3%81%A3%E9%A3%9B%E3%81%B6" n2="%77%72%77%72%77%72%77%72" n3="%E6%9D%B1%E9%A2%A8%E3%81%AE%E3%81%8D%E3%82%83%E3%81%B7%E3%81%95%E3%82%93" dan="17,16,16,16" rate="2201.19,2147.68,2103.93,2172.77" sx="M,F,M,M"/><TAIKYOKU oya="0"/><INIT seed="0,0,0,5,3,53" ten="250,250,250,250" oya="0" hai0="93,38,67,26,20,82,59,89,64,48,96,128,41" hai1="1,8,85,77,115,111,131,125,109,83,36,127,24" hai2="30,31,7,100,78,5,23,90,69,4,25,92,84" hai3="9,113,86,19,43,75,104,27,110,114,98,15,70"/><T123/><D123/><U32/><E36/><V42/><F69/><W79/><G70/><T44/><D128/><U55/><E55/><V13/><F42/><W101/><G110/><N who="1" m="41994" /><E24/><V12/><F30/><W63/><G75/><T17/><D38/><U2/><E32/><V45/><F45/><W91/><G79/><T135/><D135/><U57/><E8/><V99/><REACH who="2" step="1"/><F78/><REACH who="2" ten="250,250,240,250" step="2"/><W16/><G43/><T49/><D82/><AGARI ba="0,1" hai="4,5,7,12,13,23,25,31,82,84,90,92,99,100" machi="82" ten="40,5200,0" yaku="1,1,2,1,8,1,53,0" doraHai="53" doraHaiUra="34" who="2" fromWho="0" sc="250,-52,250,0,240,62,250,0" /><INIT seed="1,0,0,2,0,114" ten="198,250,302,250" oya="1" hai0="101,5,85,26,57,38,104,81,25,52,126,78,129" hai1="28,4,23,105,100,89,24,17,130,108,124,103,121" hai2="59,20,119,21,33,8,11,36,116,112,88,117,72" hai3="98,76,86,0,79,6,22,31,65,54,95,32,3"/><U87/><E121/><V107/><F36/><W99/><G32/><T56/><D129/><U60/><E124/><V61/><F72/><W41/><G41/><T123/><D126/><U90/><E108/><V16/><F33/><W2/><G6/><T91/><D123/><U55/><E105/><V14/><F112/><W84/><G65/><T62/><D38/><U58/><E4/><V42/><F42/><W77/><G54/><T134/><D134/><U120/><E130/><V73/><F73/><W132/><G132/><T30/><D5/><U133/><E133/><V94/><F107/><W113/><G113/><T44/><D44/><U45/><E90/><V49/><F20/><W135/><G135/><T70/><D70/><U10/><E45/><V34/><F34/><W48/><G48/><T69/><D69/><U111/><E111/><V71/><F71/><W63/><G63/><T131/><D131/><U19/><E120/><V122/><F122/><W83/><G95/><T43/><D43/><U18/><REACH who="1" step="1"/><E10/><REACH who="1" ten="198,240,302,250" step="2"/><V75/><F75/><W115/><G115/><T109/><D109/><U40/><E40/><V106/><F106/><W29/><G22/><T51/><D91/><U125/><E125/><V12/><F8/><W35/><G35/><T9/><D9/><U50/><E50/><V80/><F49/><W66/><G66/><T39/><D39/><U13/><E13/><N who="2" m="9359" /><F11/><W96/><REACH who="3" step="1"/><G83/><AGARI ba="0,1" hai="17,18,19,23,24,28,55,58,60,83,87,89,100,103" machi="83" ten="40,3900,0" yaku="1,1,8,1,53,0" doraHai="114" doraHaiUra="37" who="1" fromWho="3" sc="198,0,240,49,302,0,250,-39" /><INIT seed="1,1,0,1,0,95" ten="198,289,302,211" oya="1" hai0="81,47,4,52,123,126,58,84,111,93,135,28,49" hai1="116,120,65,103,10,16,76,67,118,107,109,36,122" hai2="80,70,41,115,15,44,132,46,97,62,110,101,2" hai3="61,34,29,130,33,121,96,106,7,32,9,105,131"/><U60/><E76/><V50/><F2/><N who="3" m="247" /><G61/><T21/><D111/><U119/><E36/><V113/><F110/><W17/><G17/><T18/><D135/><U8/><E109/><V26/><F132/><W91/><G121/><T38/><D123/><U85/><E85/><V134/><F134/><W112/><G112/><N who="2" m="43081" /><F15/><W68/><G68/><T66/><D126/><U23/><E67/><N who="2" m="41335" /><F26/><N who="3" m="18487" /><G91/><T82/><D4/><U63/><E63/><V125/><F125/><W54/><G54/><T78/><D28/><U59/><E122/><V48/><F80/><W56/><G56/><T3/><D3/><U13/><REACH who="1" step="1"/><E120/><REACH who="1" ten="198,279,302,211" step="2"/><V53/><F48/><W22/><G22/><T1/><D66/><U117/><E117/><V133/><F133/><W88/><G33/><T64/><D64/><U0/><E0/><V27/><F50/><W43/><G34/><T90/><D1/><U98/><AGARI ba="1,1" hai="8,10,13,16,23,59,60,65,98,103,107,116,118,119" machi="98" ten="40,12000,1" yaku="1,1,0,1,52,1,54,1,53,1" doraHai="95" doraHaiUra="19" who="1" fromWho="1" sc="198,-41,279,133,302,-41,211,-41" /><INIT seed="1,2,0,4,0,18" ten="157,412,261,170" oya="1" hai0="19,124,62,87,135,125,76,133,43,80,22,29,21" hai1="38,94,67,23,48,61,45,65,17,39,31,86,122" hai2="134,1,103,90,84,119,28,37,33,9,10,71,121" hai3="72,42,35,44,55,30,58,20,59,32,79,116,56"/><U98/><E86/><V46/><F119/><W120/><G120/><T24/><D43/><U93/><E94/><V97/><F121/><W128/><G128/><T105/><D105/><U69/><E65/><V101/><F134/><N who="0" m="51210" /><D62/><U106/><E106/><V117/><F117/><W0/><G0/><T85/><D87/><U129/><E129/><V8/><F71/><W111/><G55/><T12/><AGARI ba="2,0" hai="12,19,21,22,24,29,76,80,85,124,125" m="51210" machi="12" ten="30,4000,0" yaku="20,1,52,2" doraHai="18" who="0" fromWho="0" sc="157,46,412,-22,261,-12,170,-12" /><INIT seed="2,0,0,1,3,68" ten="203,390,249,158" oya="2" hai0="82,44,29,42,101,129,35,25,24,106,53,5,107" hai1="6,56,123,124,54,72,79,12,92,14,100,38,132" hai2="51,22,69,2,96,119,91,80,77,58,74,7,39" hai3="49,135,26,122,57,98,18,15,125,59,99,115,112"/><V11/><F119/><W78/><G122/><T62/><D129/><U93/><E123/><V113/><F113/><N who="3" m="43595" /><G78/><T20/><D5/><U134/><E124/><V9/><F69/><W3/><G3/><T67/><D53/><U83/><E38/><V130/><F130/><W110/><G125/><T116/><D82/><U10/><E100/><V71/><F71/><W76/><G76/><T52/><D101/><U128/><E128/><V34/><F34/><W108/><G26/><T31/><D116/><U87/><E14/><V63/><F11/><W97/><G135/><N who="1" m="51754" /><E72/><V114/><F22/><N who="3" m="11615" /><G49/><AGARI ba="0,0" hai="6,10,12,49,54,56,79,83,87,92,93" m="51754" machi="49" ten="30,1000,0" yaku="20,1" doraHai="68" who="1" fromWho="3" sc="203,0,390,10,249,0,158,-10" /><INIT seed="3,0,0,4,0,50" ten="203,400,249,148" oya="3" hai0="75,26,84,112,70,57,107,16,133,25,115,134,87" hai1="7,17,15,81,92,123,76,100,5,48,62,114,125" hai2="39,124,102,9,101,77,103,128,127,74,33,106,118" hai3="65,116,58,36,67,41,11,1,117,44,98,108,88"/><W110/><G11/><T99/><D70/><U78/><E125/><N who="2" m="48203" /><F128/><W23/><G23/><N who="0" m="13543" /><D75/><U47/><E62/><V4/><F118/><N who="3" m="45675" /><G1/><T85/><D26/><U12/><E123/><V122/><F122/><W72/><G72/><T90/><D57/><U31/><E31/><V66/><F39/><W49/><G98/><T97/><D90/><U27/><E27/><V80/><F66/><N who="3" m="25099" /><G88/><T43/><D43/><N who="1" m="24703" /><E15/><N who="2" m="5543" /><F33/><W10/><G10/><T105/><D99/><AGARI ba="0,0" hai="74,77,80,99,101,102,103,106" m="5543,48203" machi="99" ten="30,1000,0" yaku="18,1" doraHai="50" who="2" fromWho="0" sc="203,-10,400,0,249,10,148,0" owari="193,-20.7,400,50.0,259,5.9,148,-35.2" /></mjloggm>