<mjloggm ver="2.3"><GO type="225" lobby="0"/><UN n0="%E3%81%BF%E3%81%BF%E3%81%9A" n1="%E3%81%A4%E3%81%A3%E3%81%B1%E3%82%8A%E3%83%9D%E3%83%BC%E3%83%AB" n2="%72%65%6E%6B%75%6E" n3="%E5%91%A8%E6%9D%B1" dan="18,17,17,17" rate="2253.74,2126.99,2221.94,2167.89" sx="M,M,M,M"/><TAIKYOKU oya="0"/><INIT seed="0,0,0,5,3,61" ten="250,250,250,250" oya="0" hai0="74,47,104,103,23,6,32,83,81,17,102,27,3" hai1="72,107,95,97,69,112,128,13,80,117,57,124,42" hai2="132,130,133,98,24,8,12,113,29,85,111,26,22" hai3="99,88,15,75,73,115,46,96,9,64,116,131,10"/><T14/><D74/><U60/><E117/><V77/><F113/><W127/><G116/><T92/><D104/><U18/><E112/><V65/><F111/><W89/><G115/><T19/><D47/><U52/><E128/><V21/><F130/><W58/><G131/><T49/><D49/><U70/><E124/><V106/><F98/><W134/><G127/><T11/><D92/><U35/><E35/><V38/><F38/><W90/><G134/><T86/><D83/><U94/><E42/><V125/><F106/><W33/><G33/><T105/><D105/><U20/><E107/><V43/><F43/><W67/><G46/><T54/><D54/><U129/><E129/><V37/><F37/><W91/><G91/><T121/><D121/><U50/><E50/><V40/><F40/><W120/><G58/><T5/><D5/><U108/><E108/><V110/><F65/><N who="3" m="25163" /><G15/><T93/><D93/><U87/><E95/><V66/><F66/><W55/><G55/><T114/><D114/><U82/><E82/><N who="2" m="47311" /><F125/><W16/><G16/><T2/><D3/><U39/><E72/><N who="3" m="27722" /><G120/><T135/><D135/><U76/><REACH who="1" step="1"/><E39/><REACH who="1" ten="250,240,250,250" step="2"/><V101/><F110/><W122/><G122/><T53/><D32/><U123/><E123/><V109/><F109/><W79/><G79/><T44/><D44/><U68/><E68/><V59/><F133/><W48/><G48/><T84/><D53/><U34/><E34/><V126/><F132/><W119/><G119/><T0/><D81/><U56/><E56/><V51/><F51/><W31/><G31/><T30/><D30/><U1/><E1/><RYUUKYOKU ba="0,1" sc="250,-15,240,15,250,-15,250,15" hai1="13,18,20,52,57,60,69,70,76,80,87,94,97" hai3="9,10,88,89,90,96,99" /><INIT seed="1,1,1,0,3,18" ten="235,255,235,265" oya="1" hai0="12,25,90,62,82,108,30,135,91,93,1,35,73" hai1="29,98,51,116,85,42,88,11,76,74,79,131,105" hai2="69,78,38,83,111,104,41,128,117,127,72,107,48" hai3="57,99,16,133,28,24,100,47,121,31,132,122,125"/><U66/><E116/><V55/><F117/><W2/><G2/><T9/><D108/><U53/><E131/><V63/><F111/><W89/><G89/><T102/><D135/><N who="3" m="51785" /><G125/><T126/><D126/><U59/><E74/><V77/><F127/><W4/><G4/><T119/><D119/><U40/><E29/><N who="3" m="11338" /><G47/><T87/><D1/><U68/><E68/><V113/><F78/><N who="1" m="29737" /><E105/><V13/><F128/><W14/><G24/><T34/><D73/><U20/><E98/><V33/><F113/><W46/><G57/><T120/><D102/><U3/><E3/><V23/><F33/><W64/><G46/><T8/><D120/><U67/><E11/><V134/><F134/><W86/><G64/><N who="1" m="24618" /><E20/><V130/><F23/><N who="3" m="11671" /><G86/><T52/><D35/><U36/><E36/><V65/><F130/><W80/><G80/><AGARI ba="1,1" hai="40,42,51,53,59,80,85,88" m="24618,29737" machi="80" ten="30,2900,0" yaku="8,1,54,1" doraHai="18" who="1" fromWho="3" sc="235,0,255,42,235,0,265,-32" /><INIT seed="1,2,0,5,0,43" ten="235,297,235,233" oya="1" hai0="65,52,116,49,1,126,135,113,47,114,64,109,83" hai1="0,84,120,18,131,58,82,54,11,55,69,15,24" hai2="124,77,129,72,105,14,103,94,132,13,44,67,89" hai3="26,61,86,81,32,40,22,7,130,117,60,133,31"/><U51/><E120/><V127/><F129/><W80/><G130/><T21/><D116/><U17/><E131/><V48/><F67/><W122/><G133/><T3/><D109/><U45/><E69/><V70/><F70/><W66/><G122/><T97/><D126/><N who="2" m="48170" /><F132/><W50/><G117/><T125/><D125/><U108/><E108/><V41/><F103/><W88/><G7/><T71/><D135/><U79/><E0/><V102/><F102/><W33/><G81/><T4/><D97/><U68/><E68/><V19/><F105/><W36/><G36/><T115/><D21/><N who="1" m="13367" /><E58/><V106/><F106/><W75/><G75/><T12/><D83/><U96/><E96/><N who="2" m="57423" /><F19/><W30/><G30/><T87/><D87/><U34/><E34/><V101/><F101/><W128/><G128/><T39/><D39/><U38/><E38/><V76/><F72/><W23/><G33/><T57/><D71/><U6/><E6/><V46/><F46/><N who="3" m="25927" /><G32/><T2/><REACH who="0" step="1"/><D57/><REACH who="0" ten="225,297,235,233" step="2"/><U118/><E118/><V73/><F73/><W27/><G23/><T90/><D90/><U121/><E121/><V123/><F123/><W9/><G9/><AGARI ba="2,1" hai="1,2,3,4,9,12,47,49,52,64,65,113,114,115" machi="9" ten="50,6400,0" yaku="1,1,52,1,54,1,53,0" doraHai="43" doraHaiUra="29" who="0" fromWho="3" sc="225,80,297,0,235,0,233,-70" /><INIT seed="2,0,0,2,3,47" ten="305,297,235,163" oya="2" hai0="62,111,117,116,91,4,37,2,83,65,123,16,48" hai1="7,101,79,28,26,124,81,9,127,87,130,134,73" hai2="51,17,86,3,85,129,54,78,98,20,132,94,118" hai3="135,80,59,84,119,8,30,13,72,128,121,56,89"/><V96/><F3/><W69/><G69/><T90/><D123/><U77/><E134/><V49/><F118/><N who="0" m="45674" /><D37/><U106/><E130/><V67/><F67/><W126/><G121/><T31/><D111/><U35/><E79/><V131/><F132/><W93/><G135/><T55/><D31/><U102/><E87/><N who="2" m="33291" /><F78/><W11/><G119/><T34/><D34/><U0/><REACH who="1" step="1"/><E106/><REACH who="1" ten="305,287,235,163" step="2"/><V100/><F131/><W109/><G109/><T10/><D83/><U52/><E52/><V74/><F129/><W27/><G128/><T108/><D108/><U24/><E24/><N who="2" m="14351" /><F74/><W75/><G72/><T1/><D1/><U92/><E92/><N who="2" m="58375" /><F54/><W60/><G75/><T88/><D55/><U110/><E110/><V97/><F97/><W43/><G93/><T70/><D2/><U22/><E22/><V18/><F18/><W42/><G80/><T114/><D114/><U12/><E12/><V64/><F64/><W122/><G13/><N who="0" m="7223" /><D4/><U76/><E76/><V39/><F39/><W103/><G122/><T66/><D65/><U44/><E44/><V99/><F99/><W95/><G84/><T115/><D115/><U36/><E36/><V19/><F19/><W23/><G95/><T82/><D82/><U46/><E46/><V71/><F71/><W5/><G5/><T25/><D25/><U120/><E120/><V113/><F113/><W14/><G27/><T58/><D70/><U45/><E45/><V53/><F53/><W61/><G14/><T112/><D112/><U104/><E104/><V107/><F107/><W41/><G41/><T40/><D40/><U133/><E133/><RYUUKYOKU ba="0,1" sc="305,10,287,10,235,10,163,-30" hai0="48,58,62,66,88,90,91" hai1="0,7,9,26,28,35,73,77,81,101,102,124,127" hai2="49,51,94,98" /><INIT seed="2,1,1,1,5,57" ten="315,297,245,133" oya="2" hai0="56,128,78,53,108,84,89,38,8,95,130,18,113" hai1="13,103,10,74,55,93,16,118,122,96,5,131,14" hai2="19,69,115,81,92,60,97,67,82,33,79,27,12" hai3="47,124,2,63,25,125,126,23,9,21,127,1,87"/><V65/><F115/><W119/><N who="3" m="31744" /><DORA hai="44" /><W42/><G119/><T58/><D113/><U135/><E118/><V48/><F67/><W35/><G87/><T117/><D117/><U31/><E74/><V52/><F33/><W22/><G9/><T54/><D108/><U45/><E135/><V114/><F27/><W123/><G123/><T7/><D38/><U36/><E131/><N who="0" m="50217" /><D18/><U49/><E122/><V105/><F105/><W61/><G35/><T26/><D26/><U116/><E116/><V34/><F34/><W129/><G129/><T100/><D100/><U41/><E31/><V66/><F66/><W88/><G25/><T28/><D28/><U43/><E36/><V133/><F79/><W59/><G88/><N who="0" m="53639" /><D78/><U17/><E17/><V37/><F37/><N who="3" m="21967" /><G59/><N who="0" m="22571" /><D89/><U110/><E110/><V62/><F114/><W134/><G134/><T70/><D70/><U73/><E73/><V107/><F133/><W91/><G91/><T4/><D4/><U64/><E64/><V40/><F69/><W120/><G120/><T83/><D83/><N who="2" m="31754" /><F65/><W121/><G121/><T101/><D101/><U132/><E132/><V29/><F97/><W99/><G99/><T77/><D77/><U104/><E104/><V106/><F106/><W112/><G112/><T11/><D11/><AGARI ba="1,1" hai="5,10,11,13,14,16,41,43,45,49,55,93,96,103" machi="11" ten="30,7700,0" yaku="7,1,8,1,52,1,54,1" doraHai="57,44" who="1" fromWho="0" sc="315,-80,297,90,245,0,133,0" /><INIT seed="3,0,0,0,4,81" ten="235,387,245,133" oya="3" hai0="37,70,31,135,22,118,128,103,66,9,53,96,39" hai1="113,3,123,8,127,69,108,11,133,100,40,129,82" hai2="117,95,114,38,2,21,92,49,52,42,17,71,109" hai3="0,59,13,91,88,64,25,54,60,44,67,126,10"/><W1/><G126/><T87/><D118/><U72/><E11/><V85/><F71/><W101/><G101/><T15/><D128/><U84/><E8/><V94/><F2/><W19/><G1/><T32/><D135/><U132/><E40/><V6/><F114/><W24/><G0/><T46/><D32/><U111/><E100/><V83/><F117/><W89/><REACH who="3" step="1"/><G44/><REACH who="3" ten="235,387,245,123" step="2"/><T120/><D120/><U65/><E127/><V93/><F109/><W106/><G106/><T41/><D37/><U116/><E3/><V97/><F38/><W112/><G112/><T80/><D70/><U23/><E113/><V58/><F42/><W14/><G14/><T4/><D66/><AGARI ba="0,1" hai="10,13,19,24,25,54,59,60,64,66,67,88,89,91" machi="66" ten="40,7700,0" yaku="1,1,8,1,54,1,53,0" doraHai="81" doraHaiUra="45" who="3" fromWho="0" sc="235,-77,387,0,245,0,123,87" /><INIT seed="3,1,0,3,0,102" ten="158,387,245,210" oya="3" hai0="62,25,21,91,113,126,13,0,63,47,31,94,84" hai1="12,97,79,60,135,111,1,16,76,104,5,130,77" hai2="23,120,78,86,6,52,18,44,67,115,74,131,29" hai3="51,28,105,95,85,10,93,82,116,129,30,117,108"/><W39/><G39/><T40/><D126/><U50/><E111/><V89/><F115/><W49/><G129/><T58/><D113/><U11/><E130/><V19/><F131/><W14/><G108/><T66/><D0/><U35/><E35/><V9/><F120/><W37/><G37/><T3/><D3/><U133/><E50/><N who="3" m="18954" /><G105/><T7/><D63/><U132/><E60/><V112/><F74/><W114/><G114/><T124/><D124/><U45/><E45/><V73/><F73/><W27/><G117/><T33/><D33/><U119/><E119/><V83/><F67/><W128/><G128/><T72/><D72/><U2/><E5/><V122/><F122/><W127/><G116/><T121/><D121/><U96/><E96/><V81/><F52/><W99/><G27/><T17/><D7/><U20/><E11/><V109/><F44/><W103/><G95/><T48/><REACH who="0" step="1"/><D13/><REACH who="0" ten="148,387,245,210" step="2"/><U110/><E110/><V4/><F112/><W57/><G127/><T106/><D106/><U15/><E15/><N who="2" m="7535" /><F109/><W100/><G14/><T56/><D56/><U55/><E2/><V22/><F6/><W24/><G57/><T65/><D65/><U36/><E1/><V107/><F107/><W75/><G75/><T68/><D68/><U101/><E133/><V54/><F4/><W88/><G24/><T69/><D69/><U46/><E135/><V118/><F118/><W43/><G43/><T53/><D53/><U64/><E132/><V34/><F54/><W8/><G8/><T134/><D134/><U87/><E36/><V92/><F34/><W38/><G10/><RYUUKYOKU ba="1,1" sc="148,30,387,-10,245,-10,210,-10" hai0="17,21,25,31,40,47,48,58,62,66,84,91,94" owari="178,-32.2,387,48.7,235,3.5,200,-20.0" /></mjloggm>