<mjloggm ver="2.3"><GO type="225" lobby="0"/><UN n0="%E3%83%A9%E3%82%B9%E7%8E%87%EF%BC%93%E5%89%B2" n1="%E8%A8%88%E7%AE%97%E6%A9%9F%E8%87%AA%E7%84%B6" n2="%66%67%67%68%68%64%66" n3="%E3%83%96%E3%83%83%E3%83%91%E3%82%AA%E3%83%96%E3%83%81%E3%82%AD%E3%83%B3" dan="17,17,16,16" rate="2187.08,2137.37,2097.44,2127.22" sx="F,M,M,M"/><TAIKYOKU oya="0"/><INIT seed="0,0,0,0,5,71" ten="250,250,250,250" oya="0" hai0="77,115,11,22,47,19,113,131,73,121,84,23,4" hai1="81,63,6,10,124,75,93,64,18,127,46,104,116" hai2="15,28,51,66,100,62,0,61,42,103,70,67,89" hai3="49,74,65,95,130,101,59,107,13,44,106,57,126"/><T85/><D121/><U72/><E104/><V56/><F0/><W20/><G74/><T25/><D131/><U37/><E18/><V30/><F15/><W112/><G112/><T86/><D23/><U41/><E93/><V111/><F111/><W69/><G130/><T17/><D17/><U12/><E116/><V48/><F89/><W8/><G126/><N who="1" m="48170" /><E81/><V16/><F16/><W54/><G20/><T5/><D5/><U91/><E91/><V32/><F32/><W94/><G69/><AGARI ba="0,0" hai="6,10,12,37,41,46,63,64,69,72,75" m="48170" machi="69" ten="30,2000,0" yaku="18,1,52,1" doraHai="71" who="1" fromWho="3" sc="250,0,250,20,250,0,250,-20" /><INIT seed="1,0,0,4,4,123" ten="250,270,250,230" oya="1" hai0="26,63,16,100,88,110,112,131,65,50,36,34,23" hai1="96,19,122,48,46,79,132,91,80,117,134,43,28" hai2="102,57,125,62,69,64,121,86,11,119,13,103,135" hai3="58,20,35,33,73,104,31,7,52,53,40,30,22"/><U84/><E122/><V45/><F121/><W120/><G120/><T90/><D36/><U8/><E117/><V92/><F119/><W38/><G73/><T49/><D112/><U111/><E28/><V55/><F135/><N who="1" m="51753" /><E19/><V10/><F125/><W95/><G104/><T81/><D131/><U37/><E8/><V133/><F133/><W15/><G7/><T75/><D110/><U98/><E111/><V99/><F86/><W115/><G115/><T4/><D100/><U116/><E116/><V32/><F32/><W126/><G126/><T24/><D4/><U60/><E60/><V39/><F103/><W17/><G17/><T77/><D50/><U74/><E37/><V118/><F13/><W97/><G38/><T70/><REACH who="0" step="1"/><D49/><REACH who="0" ten="240,270,250,230" step="2"/><U59/><E59/><V27/><F118/><W12/><G58/><T21/><D21/><U89/><E89/><V44/><F39/><W0/><G22/><T87/><D87/><U3/><E3/><V107/><F57/><W54/><G20/><T114/><D114/><U29/><E29/><AGARI ba="0,1" hai="16,23,24,26,29,34,63,65,70,75,77,81,88,90" machi="29" ten="40,5200,0" yaku="1,1,54,2,53,0" doraHai="123" doraHaiUra="5" who="0" fromWho="1" sc="240,62,270,-52,250,0,230,0" /><INIT seed="2,0,0,1,5,40" ten="302,218,250,230" oya="2" hai0="30,107,134,76,42,59,123,74,95,26,13,70,104" hai1="115,31,54,99,29,119,96,106,66,77,71,5,58" hai2="84,57,128,78,3,21,118,89,22,9,79,105,49" hai3="20,83,69,110,53,8,45,91,81,32,94,33,113"/><V52/><F118/><W116/><G116/><T98/><D70/><U88/><E119/><V92/><F105/><W15/><G69/><T75/><D123/><U51/><E115/><V7/><REACH who="2" step="1"/><F128/><REACH who="2" ten="302,218,240,230" step="2"/><W50/><G113/><T55/><D104/><U14/><E106/><V86/><F86/><W111/><G111/><T109/><D107/><U2/><E99/><V90/><F90/><W23/><G110/><T48/><D109/><U38/><E96/><V100/><F100/><W63/><G33/><T68/><D98/><U10/><E88/><V11/><F11/><W82/><G32/><T65/><D75/><U41/><E77/><AGARI ba="0,1" hai="3,7,9,21,22,49,52,57,77,78,79,84,89,92" machi="77" ten="40,3900,0" yaku="1,1,54,1,53,0" doraHai="40" doraHaiUra="122" who="2" fromWho="1" sc="302,0,218,-39,240,49,230,0" /><INIT seed="2,1,0,1,4,18" ten="302,179,289,230" oya="2" hai0="62,27,4,0,80,13,132,6,49,134,68,1,135" hai1="28,66,51,7,24,89,21,36,111,14,118,97,10" hai2="86,8,129,39,48,67,45,65,59,95,82,122,73" hai3="92,54,5,117,102,96,61,84,106,23,76,63,85"/><V19/><F122/><W91/><G117/><T127/><D49/><U40/><E111/><V37/><F129/><W131/><G131/><T15/><D80/><U26/><E118/><V98/><F73/><W109/><G109/><T55/><D55/><U113/><E113/><V128/><F128/><W32/><G32/><T33/><D127/><U53/><E36/><V105/><F105/><W78/><G5/><N who="0" m="2155" /><D62/><N who="3" m="23561" /><G106/><T87/><D87/><N who="3" m="33353" /><G102/><T75/><D68/><U70/><E70/><V93/><F59/><W110/><G110/><T50/><D50/><U103/><E66/><N who="2" m="25099" /><F39/><W29/><G54/><T72/><D72/><U126/><E126/><V12/><F98/><W100/><G100/><T71/><D71/><U57/><E24/><AGARI ba="1,0" hai="23,24,29,76,78,91,92,96" m="33353,23561" machi="24" ten="30,2000,0" yaku="8,1,52,1" doraHai="18" who="3" fromWho="1" sc="302,0,179,-23,289,0,230,23" /><INIT seed="3,0,0,3,4,94" ten="302,156,289,253" oya="3" hai0="116,17,107,129,16,72,24,15,2,29,65,130,28" hai1="118,76,22,84,106,117,88,92,13,90,86,36,124" hai2="74,60,27,110,62,39,48,67,7,128,37,51,125" hai3="83,78,111,104,38,133,69,45,114,75,25,43,56"/><W26/><G114/><T91/><D2/><U103/><E36/><V6/><F74/><W131/><G69/><T9/><D116/><N who="1" m="44651" /><E22/><V64/><F27/><W33/><G133/><T14/><D72/><U4/><E13/><V71/><F110/><W89/><G33/><T54/><D65/><U123/><E4/><V0/><F0/><W11/><G131/><N who="0" m="50187" /><D107/><U113/><E113/><V59/><F128/><W20/><G111/><T96/><D54/><U81/><E123/><V132/><F125/><W5/><G104/><T105/><D24/><U31/><E31/><V61/><F61/><W46/><G20/><N who="0" m="11287" /><D91/><N who="1" m="53351" /><E124/><V50/><REACH who="2" step="1"/><F132/><REACH who="2" ten="302,156,279,253" step="2"/><W77/><G77/><T127/><D127/><U57/><E57/><V108/><F108/><W44/><G56/><T10/><D10/><U52/><E52/><V100/><F100/><AGARI ba="0,1" hai="9,15,17,28,29,96,100,105" m="11287,50187" machi="100" ten="30,3900,0" yaku="19,1,52,1,54,1" doraHai="94" who="0" fromWho="2" sc="302,49,156,0,279,-39,253,0" owari="351,45.1,156,-34.4,240,-16.0,253,5.3" /></mjloggm>