<mjloggm ver="2.3"><GO type="225" lobby="0"/><UN n0="%E3%83%A9%E3%83%BC%E3%83%A1%E3%83%B3%E4%BA%94%E9%83%8E" n1="%E7%B4%94%E6%BD%94%E3%83%94%E3%83%A9%E3%83%8B%E3%82%A2" n2="%E5%A4%8F%E9%88%B4%E9%88%B4%E5%A4%8F" n3="%E3%83%A9%E3%82%B9%E7%8E%87%EF%BC%93%E5%89%B2" dan="16,16,16,16" rate="2114.77,2083.06,2100.74,2172.31" sx="M,M,F,F"/><TAIKYOKU oya="0"/><INIT seed="0,0,0,2,2,10" ten="250,250,250,250" oya="0" hai0="74,66,49,105,110,94,4,7,63,127,72,124,19" hai1="25,67,89,82,5,9,120,39,2,111,17,76,61" hai2="118,95,40,92,123,62,14,36,122,75,13,32,115" hai3="45,38,129,31,81,73,135,43,113,83,119,53,103"/><T33/><D105/><U48/><E111/><V114/><F32/><W79/><G113/><N who="2" m="43017" /><F62/><W23/><G119/><T65/><D110/><U93/><E39/><V125/><F40/><W71/><G129/><T30/><D94/><N who="2" m="35882" /><F36/><W51/><G135/><T55/><D33/><U117/><E48/><V91/><F91/><W100/><G71/><T11/><D30/><U64/><E117/><V101/><F101/><W59/><REACH who="3" step="1"/><G81/><REACH who="3" ten="250,250,250,240" step="2"/><T41/><D127/><U132/><E132/><V69/><F125/><W88/><G88/><T112/><D124/><U130/><E130/><V77/><F69/><W28/><G28/><T86/><D112/><U121/><E82/><V47/><F118/><W87/><G87/><T35/><D86/><U126/><E126/><V104/><F123/><W80/><G80/><T107/><D74/><U134/><E134/><V98/><F75/><W44/><G44/><T3/><D72/><U29/><E76/><V18/><F47/><W99/><G99/><T21/><D41/><U22/><E29/><V106/><F77/><W37/><G37/><T0/><D0/><U68/><REACH who="1" step="1"/><E64/><REACH who="1" ten="250,240,250,240" step="2"/><V24/><F122/><W78/><G78/><T42/><D65/><U8/><E8/><V16/><F98/><AGARI ba="0,2" hai="2,5,9,17,22,25,61,67,68,89,93,98,120,121" machi="98" ten="30,3900,0" yaku="1,1,7,1,53,1" doraHai="10" doraHaiUra="34" who="1" fromWho="2" sc="250,0,240,59,250,-39,240,0" /><INIT seed="1,0,0,2,0,19" ten="250,299,211,240" oya="1" hai0="91,60,101,100,128,21,75,116,52,46,108,14,90" hai1="73,50,11,18,112,96,6,125,42,37,48,95,109" hai2="99,132,82,59,130,22,67,97,119,17,63,39,54" hai3="45,16,93,4,113,5,61,57,135,94,84,28,111"/><U118/><E112/><V92/><F119/><W117/><G113/><T126/><D116/><U24/><E118/><V123/><F130/><W134/><G117/><T38/><D75/><U122/><E73/><V35/><F132/><N who="3" m="50731" /><G28/><T110/><D128/><U107/><E107/><V71/><F123/><W87/><G45/><T8/><D126/><U32/><E122/><V83/><F39/><W26/><G111/><N who="0" m="42539" /><D38/><U102/><E125/><V41/><F41/><W98/><G87/><T30/><D91/><U23/><E32/><V74/><F35/><W78/><G84/><T70/><D90/><U49/><E37/><V131/><F131/><W20/><G78/><T29/><D70/><U105/><E109/><V104/><F104/><W55/><G94/><T66/><D30/><U114/><E114/><V58/><F71/><W9/><G9/><T1/><D1/><U69/><E69/><V64/><F74/><W120/><G120/><T106/><D106/><U72/><E72/><V2/><F2/><W44/><G44/><T36/><D46/><N who="1" m="25687" /><E105/><V62/><F99/><W33/><G33/><T34/><D34/><U68/><E68/><V76/><F76/><W86/><G86/><T40/><D36/><U121/><E121/><V51/><F92/><W53/><G53/><T47/><D52/><U133/><E133/><V25/><REACH who="2" step="1"/><F97/><REACH who="2" ten="250,299,201,240" step="2"/><W124/><G124/><T7/><D40/><U56/><E56/><V80/><F80/><W79/><G79/><T81/><D81/><U89/><E89/><AGARI ba="0,1" hai="4,5,16,20,26,55,57,61,89,93,98" m="50731" machi="89" ten="30,7700,0" yaku="25,1,20,1,52,1,54,1" doraHai="19" who="3" fromWho="1" sc="250,0,299,-77,201,0,240,87" /><INIT seed="2,0,0,0,1,86" ten="250,222,201,327" oya="2" hai0="73,83,115,32,99,100,38,57,112,96,68,89,126" hai1="116,46,90,10,19,44,61,118,94,42,43,75,72" hai2="27,52,18,120,26,135,54,131,7,74,45,3,133" hai3="88,23,132,24,117,33,11,111,36,107,91,1,127"/><V13/><F120/><W6/><G117/><T12/><D68/><U34/><E34/><V76/><F131/><W114/><G107/><T121/><D38/><U113/><E113/><V82/><F7/><W95/><G114/><T87/><D32/><U84/><E61/><V130/><F3/><W58/><G36/><T51/><D121/><U125/><E125/><V56/><F45/><W69/><G69/><T102/><D126/><U110/><E110/><V71/><F71/><W0/><G127/><T62/><D51/><U80/><E46/><V59/><F130/><W97/><G111/><T25/><D25/><U37/><E43/><V124/><F124/><W14/><G132/><N who="2" m="50761" /><F59/><W47/><G47/><T129/><D129/><U106/><E106/><V103/><F103/><N who="0" m="39466" /><D73/><U104/><E104/><V128/><F128/><W2/><G58/><T108/><D108/><U67/><E67/><V41/><F41/><W49/><G49/><T79/><D115/><U64/><E64/><V29/><F29/><N who="3" m="19623" /><G91/><T5/><D112/><U53/><E53/><N who="2" m="20587" /><F56/><W50/><G50/><T35/><D57/><U63/><E63/><V39/><F39/><W123/><G123/><T48/><D48/><U122/><E122/><V93/><F93/><W119/><G119/><T9/><D62/><U40/><E40/><V70/><F70/><W28/><G28/><T4/><D4/><U22/><E116/><V77/><F77/><W105/><G105/><T16/><D79/><N who="1" m="46111" /><E118/><V31/><F31/><W65/><G65/><T98/><D5/><U8/><E42/><V78/><F78/><W101/><G101/><RYUUKYOKU ba="0,0" sc="250,10,222,-30,201,10,327,10" hai0="9,12,16,35,83,87,89,96,98,99" hai2="13,18,26,27,74,76,82" hai3="0,1,2,6,11,14,23,88,95,97" /><INIT seed="2,1,0,5,2,56" ten="260,192,211,337" oya="2" hai0="39,74,29,15,72,117,47,38,109,106,40,31,79" hai1="110,91,7,86,75,53,107,130,101,89,120,67,48" hai2="59,58,99,11,26,32,24,108,131,115,0,64,116" hai3="17,127,128,90,77,34,57,21,41,37,54,83,97"/><V16/><F115/><W122/><G34/><T3/><D106/><U13/><E75/><V76/><F116/><W50/><G122/><T14/><D117/><U10/><E120/><V105/><F131/><W35/><G35/><T102/><D102/><U5/><E130/><V134/><F134/><W82/><G128/><T118/><D118/><U55/><E110/><V95/><F105/><W92/><G127/><T51/><D109/><U93/><E107/><V69/><F76/><W1/><G1/><T42/><D51/><U68/><E101/><V123/><F123/><W96/><G77/><T78/><D47/><U81/><E68/><V133/><F133/><W88/><G41/><T94/><D94/><U45/><E67/><V2/><F108/><W103/><G37/><T112/><D3/><U62/><E62/><V124/><F124/><W4/><G4/><T111/><D111/><U23/><E23/><V28/><F69/><W129/><G129/><T125/><D125/><U121/><E121/><V66/><F64/><W70/><G70/><T33/><D33/><U12/><E12/><N who="2" m="7199" /><F24/><N who="3" m="14383" /><G97/><T135/><D135/><U8/><E8/><V63/><F59/><W22/><G22/><T43/><D42/><N who="1" m="24631" /><E7/><V30/><F30/><W27/><G27/><T25/><D25/><U113/><E113/><AGARI ba="1,0" hai="14,15,29,31,38,39,40,43,72,74,78,79,112,113" machi="113" ten="25,1600,0" yaku="22,2" doraHai="56" who="0" fromWho="1" sc="260,19,192,-19,211,0,337,0" /><INIT seed="3,0,0,5,0,85" ten="279,173,211,337" oya="3" hai0="30,82,59,40,42,107,100,78,74,102,86,43,1" hai1="66,120,8,129,131,6,4,88,124,57,45,76,35" hai2="68,106,121,54,83,79,7,39,73,47,16,33,34" hai3="13,97,70,49,31,135,20,91,18,101,46,128,38"/><W0/><G128/><N who="1" m="49226" /><E76/><V113/><F113/><W122/><G122/><T103/><D1/><U19/><E120/><V32/><F16/><W50/><G135/><T48/><D107/><U60/><E35/><V84/><F84/><W93/><G70/><T41/><D74/><U133/><E133/><V80/><F54/><W12/><G0/><T130/><D130/><U125/><E45/><V95/><F95/><W21/><G101/><T2/><D2/><N who="1" m="23" /><E6/><V104/><F83/><W99/><G99/><T9/><D78/><U55/><E19/><V114/><F114/><W98/><G98/><T75/><D75/><U134/><E55/><V14/><F121/><W28/><G13/><T69/><D40/><U17/><E17/><V3/><F14/><W77/><G77/><T119/><D42/><U110/><E134/><V109/><F68/><W92/><G12/><T126/><D43/><U27/><E27/><V56/><F56/><W61/><G18/><T116/><D59/><U23/><E23/><V62/><F109/><W53/><G20/><T89/><D41/><U22/><E110/><V90/><F47/><W112/><G21/><T15/><D15/><U81/><E22/><V29/><F32/><W105/><G46/><T72/><D72/><U115/><E115/><V127/><F33/><W132/><G132/><T123/><D123/><U36/><E36/><V24/><F39/><W108/><G38/><T87/><D116/><U64/><E66/><V11/><F127/><W96/><G112/><T67/><D126/><N who="1" m="48747" /><E81/><N who="2" m="45295" /><F62/><W51/><G108/><T94/><D67/><U118/><E118/><RYUUKYOKU ba="0,0" sc="279,-15,173,15,211,15,337,-15" hai1="57,60,64,88" hai2="3,7,11,24,29,34,80,90,104,106" owari="264,6.4,188,-31.2,226,-17.4,322,42.2" /></mjloggm>