<mjloggm ver="2.3"><GO type="225" lobby="0"/><UN n0="%E3%81%AF%E3%82%88%E3%81%8A%E3%81%98%E3%81%95%E3%82%93" n1="%E3%83%96%E3%83%83%E3%83%91%E3%82%AA%E3%83%96%E3%83%81%E3%82%AD%E3%83%B3" n2="%E3%83%B4%E3%82%A3%E3%83%AF%E3%82%B3%E3%82%B0%E3%83%8B" n3="%E3%82%A2%E3%83%9E%E3%83%9D%EF%BD%9E%EF%BD%9E%E3%83%A9" dan="17,16,17,17" rate="2130.66,2139.03,2240.74,2067.84" sx="M,M,M,M"/><TAIKYOKU oya="0"/><INIT seed="0,0,0,5,5,10" ten="250,250,250,250" oya="0" hai0="74,40,31,26,80,102,112,5,71,62,47,72,78" hai1="50,94,56,92,27,103,43,113,52,75,96,117,3" hai2="0,93,64,44,1,15,84,132,131,69,63,6,88" hai3="98,124,61,127,28,8,9,46,7,65,18,123,108"/><T115/><D74/><U41/><E117/><V53/><F132/><W21/><G108/><T79/><D79/><U14/><E3/><V91/><F131/><W30/><G46/><T118/><D118/><U25/><E75/><V49/><REACH who="2" step="1"/><F91/><REACH who="2" ten="250,250,240,250" step="2"/><W23/><G123/><T39/><D102/><U66/><E113/><V81/><F81/><W114/><G114/><T2/><D5/><U107/><E66/><V55/><F55/><W126/><G7/><T135/><D135/><U111/><E111/><V120/><F120/><W104/><G65/><N who="0" m="41399" /><D2/><U11/><E107/><V54/><F54/><W85/><G104/><T116/><D116/><U24/><REACH who="1" step="1"/><E94/><REACH who="1" ten="250,240,240,250" step="2"/><V34/><F34/><AGARI ba="0,2" hai="26,31,34,39,40,47,72,78,80,112,115" m="41399" machi="34" ten="30,1500,0" yaku="23,1" doraHai="10" who="0" fromWho="2" sc="250,35,240,0,240,-15,250,0" /><INIT seed="0,1,0,4,2,80" ten="285,240,225,250" oya="0" hai0="135,122,123,61,13,90,85,67,74,118,16,133,126" hai1="94,6,23,17,37,99,127,97,84,78,26,72,14" hai2="28,113,35,116,27,103,96,64,86,104,52,75,38" hai3="42,106,112,89,51,19,117,128,119,124,77,49,134"/><T95/><D74/><U9/><E127/><V120/><F120/><W24/><G112/><T21/><D118/><U10/><E37/><V69/><F113/><W11/><G124/><T57/><REACH who="0" step="1"/><D126/><REACH who="0" ten="275,240,225,250" step="2"/><U93/><E72/><V46/><F116/><W66/><G119/><T102/><D102/><U88/><E78/><V98/><F75/><W50/><G77/><T3/><D3/><U82/><REACH who="1" step="1"/><E9/><REACH who="1" ten="275,230,225,250" step="2"/><V87/><F38/><W40/><G11/><T0/><D0/><U39/><E39/><V44/><F98/><AGARI ba="1,2" hai="6,10,14,17,23,26,82,84,88,93,94,97,98,99" machi="98" ten="40,8000,1" yaku="1,1,8,1,52,1,54,1,53,1" doraHai="80" doraHaiUra="83" who="1" fromWho="2" sc="275,0,230,103,225,-83,250,0" /><INIT seed="1,0,0,4,5,17" ten="275,333,142,250" oya="1" hai0="38,135,82,4,29,104,51,134,113,44,102,28,122" hai1="53,24,101,47,50,67,100,118,111,124,42,95,99" hai2="13,57,19,22,65,90,54,48,108,112,123,12,36" hai3="114,93,39,26,98,43,73,63,83,21,1,41,5"/><U34/><E118/><V91/><F123/><W94/><G114/><T84/><D113/><U107/><E124/><V129/><F112/><W56/><G5/><T116/><D38/><U11/><E67/><V60/><F129/><W74/><G1/><T32/><D116/><U75/><E75/><V52/><F36/><W49/><G94/><T37/><D37/><U70/><E70/><V59/><F108/><W81/><G74/><T35/><D4/><U79/><E79/><V25/><F65/><N who="3" m="39143" /><G73/><T117/><D117/><U8/><E111/><V7/><REACH who="2" step="1"/><F25/><REACH who="2" ten="275,333,132,250" step="2"/><W106/><G39/><T62/><D122/><U77/><E24/><V71/><F71/><W86/><G106/><T103/><D104/><U45/><E107/><V85/><F85/><W110/><G86/><T132/><D84/><U69/><E69/><V18/><F18/><N who="3" m="12599" /><G110/><T105/><D105/><U2/><E34/><V92/><F92/><W66/><G83/><T131/><D82/><U78/><E101/><V97/><F97/><W120/><G81/><T61/><D131/><U88/><E100/><N who="0" m="38441" /><D35/><U6/><REACH who="1" step="1"/><E8/><AGARI ba="0,1" hai="7,8,12,13,19,22,48,52,54,57,59,60,90,91" machi="8" ten="40,8000,1" yaku="1,1,8,1,52,1,54,1,53,0" doraHai="17" doraHaiUra="130" who="2" fromWho="1" sc="275,0,333,-80,132,90,250,0" /><INIT seed="2,0,0,0,2,87" ten="275,253,222,250" oya="2" hai0="113,124,83,98,125,130,53,54,40,29,37,55,57" hai1="100,101,6,67,74,19,33,129,70,62,2,72,85" hai2="71,58,18,12,119,16,23,76,13,51,102,39,8" hai3="121,99,50,68,49,81,131,112,0,10,93,104,31"/><V82/><F119/><W109/><G121/><T134/><D29/><U47/><E129/><V86/><F71/><W103/><G109/><T132/><D83/><U91/><E33/><V11/><F39/><W88/><G131/><T122/><D130/><U126/><E126/><N who="0" m="48745" /><D98/><U61/><E19/><V24/><F102/><W73/><G68/><T52/><D122/><U1/><E47/><V111/><F111/><W45/><G31/><T66/><D113/><U90/><E70/><V48/><REACH who="2" step="1"/><F58/><REACH who="2" ten="275,253,212,250" step="2"/><W79/><G112/><T21/><D37/><U17/><E6/><AGARI ba="0,1" hai="6,8,11,12,13,16,18,23,24,48,51,76,82,86" machi="6" ten="30,12000,1" yaku="1,1,2,1,7,1,8,1,54,1,53,0" doraHai="87" doraHaiUra="56" who="2" fromWho="1" sc="275,0,253,-120,212,130,250,0" /><INIT seed="2,1,0,3,2,4" ten="275,133,342,250" oya="2" hai0="99,103,52,7,26,94,134,75,102,74,70,18,27" hai1="113,65,53,116,66,132,0,124,71,104,9,119,83" hai2="24,56,95,57,25,61,105,39,96,63,109,37,32" hai3="77,80,79,68,121,78,131,55,92,114,13,22,6"/><V107/><F109/><W118/><G118/><T73/><D70/><U54/><E113/><V44/><F32/><W72/><G121/><T33/><D134/><U41/><E104/><V14/><F44/><W8/><G131/><T123/><D123/><U90/><E132/><V120/><F120/><W108/><G108/><T111/><D111/><U128/><E128/><V126/><F14/><W110/><G114/><T29/><D7/><U30/><E30/><V5/><F5/><W50/><G68/><T2/><D2/><U3/><E124/><V45/><F45/><W98/><G22/><T46/><D102/><U51/><E90/><V129/><F129/><W86/><G72/><T35/><D18/><U93/><E71/><V20/><F126/><W117/><G117/><T64/><D64/><U112/><E93/><V47/><F47/><N who="3" m="28127" /><G110/><T85/><D85/><U106/><E112/><V58/><F96/><W43/><G43/><T130/><D130/><U16/><E106/><V89/><F89/><AGARI ba="1,0" hai="6,8,13,77,78,79,80,86,89,92,98" m="28127" machi="89" ten="30,2000,0" yaku="8,1,52,1" doraHai="4" who="3" fromWho="2" sc="275,0,133,0,342,-23,250,23" /><INIT seed="3,0,0,0,1,45" ten="275,133,319,273" oya="3" hai0="29,126,33,120,129,15,69,40,53,32,34,8,11" hai1="131,64,47,91,27,4,111,99,116,89,68,30,93" hai2="67,23,101,121,13,90,71,1,22,19,0,109,62" hai3="38,87,39,6,74,85,20,41,37,77,105,83,81"/><W119/><G119/><T14/><D69/><U92/><E116/><V65/><F109/><W21/><G105/><T9/><D40/><U96/><E111/><V125/><F101/><W134/><G134/><T72/><D72/><U118/><E118/><V104/><F104/><W26/><G6/><T16/><D53/><U58/><E131/><V132/><F65/><W60/><G41/><T124/><D129/><U128/><E128/><V88/><F132/><W98/><G98/><T75/><D75/><U56/><E4/><V31/><F125/><N who="0" m="48234" /><D120/><U80/><E68/><V95/><F90/><W48/><G60/><T78/><D78/><U28/><E64/><V43/><F43/><W94/><G48/><T122/><D122/><U86/><E47/><V103/><F103/><W35/><G94/><T36/><D36/><U66/><E66/><V49/><F49/><W112/><G112/><T12/><D29/><U52/><E27/><V97/><F121/><W84/><G83/><T127/><N who="0" m="48242" /><T46/><DORA hai="135" /><D46/><U24/><E24/><V76/><F76/><W130/><G130/><T7/><D16/><U57/><REACH who="1" step="1"/><E52/><REACH who="1" ten="275,123,319,273" step="2"/><V51/><F67/><W133/><G133/><T5/><AGARI ba="0,1" hai="5,7,8,9,11,12,14,15,32,33,34" m="48242" machi="5" ten="60,24000,4" yaku="29,2,28,2,18,1,34,2,52,4" doraHai="45,135" who="0" fromWho="0" sc="275,250,123,-60,319,-60,273,-120" owari="525,62.5,63,-43.7,259,5.9,153,-24.7" /></mjloggm>