<mjloggm ver="2.3"><GO type="225" lobby="0"/><UN n0="%E6%9C%88%E5%B3%B6%E5%9F%BA" n1="%E3%81%BF%E3%81%BF%E3%81%9A" n2="%E3%82%BC%E3%83%AB%E3%83%80%E3%81%AE%E4%BC%9D%E8%AA%AC" n3="%E6%A1%9C%E8%8A%B1%E9%96%83%E3%80%85" dan="18,17,17,17" rate="2213.84,2280.10,2130.84,2196.72" sx="M,M,M,M"/><TAIKYOKU oya="0"/><INIT seed="0,0,0,5,2,72" ten="250,250,250,250" oya="0" hai0="10,68,47,55,123,75,33,52,125,11,117,49,27" hai1="67,59,13,118,94,85,93,41,15,34,99,79,6" hai2="86,104,122,98,114,69,43,120,22,21,32,36,44" hai3="73,92,116,66,12,87,29,38,63,107,18,91,121"/><T127/><D117/><U61/><E118/><V24/><F114/><W20/><G116/><T56/><D123/><U25/><E34/><V134/><F134/><W124/><G121/><T35/><D75/><U129/><E129/><V132/><F132/><W70/><G124/><N who="0" m="47691" /><D68/><U119/><E119/><V5/><F22/><W50/><G38/><T131/><D131/><U80/><E25/><V57/><F5/><W26/><G107/><T78/><D78/><U106/><E106/><V64/><F57/><W112/><G73/><T58/><D58/><U128/><E128/><V7/><F86/><W96/><G50/><N who="0" m="30839" /><D35/><U135/><E135/><V81/><F32/><W45/><G45/><T82/><D82/><U76/><E41/><V102/><F81/><W37/><G37/><T31/><AGARI ba="0,0" hai="10,11,27,31,33,47,49,52" m="30839,47691" machi="31" ten="30,3000,0" yaku="18,1,54,1" doraHai="72" who="0" fromWho="0" sc="250,30,250,-10,250,-10,250,-10" /><INIT seed="0,1,0,0,1,68" ten="280,240,240,240" oya="0" hai0="12,65,62,13,103,44,66,80,123,2,48,75,120" hai1="114,37,16,18,78,1,116,111,117,99,23,28,70" hai2="67,61,105,94,127,73,47,126,69,36,15,32,56" hai3="63,72,133,83,59,55,130,0,76,57,132,108,39"/><T64/><D2/><U77/><E70/><V14/><F105/><W98/><G0/><T30/><D103/><U49/><E1/><V88/><F73/><W129/><G108/><T24/><D62/><U82/><E37/><V74/><F32/><W11/><G11/><T40/><D75/><U38/><E38/><V135/><F74/><W96/><G39/><T35/><REACH who="0" step="1"/><D80/><REACH who="0" ten="270,240,240,240" step="2"/><U125/><E82/><V85/><F135/><N who="3" m="51787" /><G57/><T90/><D90/><U19/><E117/><V106/><F56/><W41/><G41/><T4/><D4/><U9/><E116/><V26/><F106/><W93/><G93/><T42/><D42/><U92/><E111/><V119/><F119/><W87/><G72/><T100/><D100/><U17/><E78/><V3/><F3/><W20/><G130/><T46/><D46/><U71/><E77/><V113/><F113/><W97/><G129/><T45/><D45/><U60/><E114/><V27/><F47/><W89/><G89/><T101/><D101/><U79/><E79/><V54/><F69/><W134/><G134/><T5/><D5/><U102/><E71/><V128/><F128/><W51/><G63/><T31/><D31/><U115/><E60/><V110/><F110/><W29/><G29/><T21/><D21/><AGARI ba="1,1" hai="20,21,51,55,59,76,83,87,96,97,98" m="51787" machi="21" ten="30,1000,0" yaku="20,1" doraHai="68" who="3" fromWho="0" sc="270,-13,240,0,240,0,240,23" /><INIT seed="1,0,0,0,2,43" ten="257,240,240,263" oya="1" hai0="45,26,79,130,107,73,119,125,42,135,36,65,114" hai1="120,96,103,72,84,13,91,133,19,16,23,61,97" hai2="49,80,99,121,101,81,53,124,11,48,67,35,31" hai3="57,109,6,69,102,64,55,38,68,76,88,98,111"/><U58/><E120/><V86/><F121/><W129/><G129/><T118/><D107/><U4/><E72/><V46/><F124/><W10/><G38/><T63/><D114/><U66/><E133/><V113/><F113/><W32/><G32/><T0/><D125/><U112/><E112/><V106/><F67/><W116/><G76/><T28/><D130/><U24/><E4/><V104/><F104/><W18/><G18/><T100/><D100/><U1/><E1/><V29/><F35/><W44/><G64/><T14/><D14/><U37/><E37/><V134/><F134/><W128/><G44/><T117/><D0/><U5/><E5/><V122/><F122/><W56/><G88/><T70/><D135/><U127/><E103/><V126/><F126/><W115/><G56/><T60/><D60/><U75/><E75/><V34/><F34/><W40/><G40/><T39/><D39/><U3/><E3/><V2/><F49/><N who="3" m="30959" /><G116/><T59/><D59/><U22/><REACH who="1" step="1"/><E127/><REACH who="1" ten="257,230,240,263" step="2"/><V8/><F2/><N who="3" m="343" /><G115/><T78/><D73/><U89/><E89/><V50/><F101/><W15/><G128/><T62/><D79/><U110/><E110/><V77/><F77/><W33/><G111/><T83/><D78/><U27/><E27/><V20/><F106/><W131/><G109/><T87/><D26/><U9/><E9/><V105/><F8/><W90/><G90/><T123/><D123/><U21/><E21/><V74/><F11/><W82/><G102/><T25/><D36/><U41/><E41/><V17/><F105/><W85/><G131/><T51/><D42/><RYUUKYOKU ba="0,1" sc="257,-10,230,30,240,-10,263,-10" hai1="13,16,19,22,23,24,58,61,66,84,91,96,97" /><INIT seed="1,1,1,3,5,86" ten="247,260,230,253" oya="1" hai0="10,110,113,47,37,39,12,98,0,26,51,103,121" hai1="112,31,63,44,84,65,127,90,88,57,28,134,25" hai2="53,135,108,15,117,111,58,22,14,69,131,18,64" hai3="116,125,132,92,13,123,8,120,99,40,49,30,71"/><U2/><E112/><V29/><F117/><W62/><G116/><T81/><D113/><U76/><E2/><V104/><F104/><W46/><G30/><N who="1" m="11306" /><E134/><V67/><F135/><W3/><G3/><T7/><D110/><N who="2" m="42026" /><F131/><W114/><G114/><T17/><D26/><U59/><E127/><V96/><F69/><W80/><G80/><T129/><D81/><N who="1" m="47143" /><E44/><V41/><F41/><W42/><G42/><T34/><D34/><U94/><E25/><N who="2" m="16567" /><F96/><W61/><G125/><T11/><D121/><U21/><E21/><N who="2" m="11479" /><F15/><W101/><G132/><T5/><D129/><U97/><E57/><V74/><F74/><W45/><G45/><T130/><D130/><U133/><E133/><V38/><F38/><W85/><G71/><T118/><D118/><U78/><E78/><V82/><F82/><W93/><G120/><T33/><D39/><U50/><E50/><AGARI ba="1,1" hai="50,53,58,64,67" m="11479,16567,42026" machi="50" ten="30,1000,0" yaku="14,1" doraHai="86" who="2" fromWho="1" sc="247,0,260,-13,230,23,253,0" /><INIT seed="2,0,0,2,4,31" ten="247,247,253,253" oya="2" hai0="123,42,11,98,34,128,22,56,134,80,132,94,89" hai1="99,83,50,111,13,96,131,75,68,15,76,112,53" hai2="8,65,39,47,90,70,58,117,105,95,67,88,93" hai3="45,92,28,62,66,21,24,64,78,10,25,54,72"/><V61/><F117/><W32/><G92/><T81/><D123/><U44/><E112/><V133/><F105/><W63/><G10/><T71/><D71/><U60/><E111/><V114/><F114/><W48/><G63/><T37/><D128/><U103/><E131/><V130/><F130/><W1/><G1/><T77/><D34/><U101/><E68/><V4/><F133/><N who="0" m="51306" /><D56/><U6/><E60/><V91/><F70/><W104/><G104/><T124/><D124/><U3/><E3/><V19/><F19/><W17/><REACH who="3" step="1"/><G62/><REACH who="3" ten="247,247,253,243" step="2"/><T38/><D11/><U46/><E6/><V0/><REACH who="2" step="1"/><F67/><REACH who="2" ten="247,247,243,243" step="2"/><W52/><G52/><T55/><D55/><U20/><E53/><V23/><F23/><W109/><G109/><T108/><D22/><U79/><E20/><V97/><F97/><W84/><G84/><T40/><D108/><U57/><E99/><V87/><F87/><W113/><G113/><T29/><D98/><U26/><E96/><V118/><F118/><W36/><G36/><T73/><D38/><U12/><E101/><V51/><F51/><W121/><G121/><T100/><D37/><U9/><E103/><V14/><F14/><W119/><G119/><T86/><D100/><U122/><E122/><V110/><F110/><W106/><G106/><T74/><D74/><N who="1" m="43415" /><E13/><V49/><F49/><W115/><G115/><T135/><D135/><U59/><E15/><V2/><F2/><W27/><G27/><T33/><D73/><U18/><E26/><V85/><F85/><W5/><G5/><T69/><D86/><U129/><E50/><V16/><F16/><RYUUKYOKU ba="0,2" sc="247,-15,247,-15,243,15,243,15" hai2="0,4,8,39,47,58,61,65,88,90,91,93,95" hai3="17,21,24,25,28,32,45,48,54,64,66,72,78" /><INIT seed="2,1,2,3,2,38" ten="232,232,258,258" oya="2" hai0="88,115,50,111,47,21,78,13,91,37,100,71,69" hai1="40,8,120,74,114,117,1,66,90,99,65,7,132" hai2="134,34,122,67,87,43,52,10,79,9,42,101,107" hai3="60,106,16,35,15,95,58,0,103,27,2,125,109"/><V63/><F122/><W59/><G106/><T12/><D115/><U19/><E114/><V41/><F34/><W123/><G123/><T39/><D78/><U26/><E120/><V89/><F134/><W23/><G109/><T73/><D73/><U130/><E117/><V84/><F107/><W51/><G125/><T110/><D21/><U30/><E74/><V112/><F112/><W3/><G51/><T62/><D50/><U77/><E77/><V116/><F116/><W45/><G45/><T70/><D62/><U92/><E132/><V18/><F101/><W31/><REACH who="3" step="1"/><G60/><REACH who="3" ten="232,232,258,248" step="2"/><T76/><D47/><U20/><E130/><V17/><F63/><W105/><G105/><T48/><D48/><U94/><E40/><V4/><F43/><W97/><AGARI ba="1,3" hai="0,2,3,15,16,23,27,31,35,58,59,95,97,103" machi="97" ten="40,5200,0" yaku="1,1,0,1,54,1,53,0" doraHai="38" doraHaiUra="108" who="3" fromWho="3" sc="232,-14,232,-14,258,-27,248,85" /><INIT seed="3,0,0,0,4,82" ten="218,218,231,333" oya="3" hai0="50,3,31,47,103,78,79,132,21,41,24,77,28" hai1="119,22,113,10,98,97,101,16,76,70,15,43,9" hai2="2,20,33,34,111,25,32,73,64,96,81,109,68" hai3="40,121,65,104,93,116,29,69,38,0,62,14,135"/><W12/><G104/><T49/><D3/><U23/><E113/><V11/><F64/><W118/><G0/><T56/><D132/><U58/><E70/><V53/><F68/><W129/><G29/><N who="0" m="17551" /><D103/><U45/><E119/><V1/><F53/><AGARI ba="0,0" hai="28,31,41,47,49,50,53,56,77,78,79" m="17551" machi="53" ten="30,1000,0" yaku="8,1" doraHai="82" who="0" fromWho="2" sc="218,10,218,0,231,-10,333,0" owari="228,2.8,218,-28.2,221,-17.9,333,43.3" /></mjloggm>