<mjloggm ver="2.3"><GO type="225" lobby="0"/><UN n0="%E9%B3%B3%E6%9D%B1%E3%81%AE%E3%81%86%E3%81%95%E3%81%8E%E3%81%95%E3%82%93" n1="%E8%81%B7%E6%A5%AD%E3%80%81%E9%A2%A8%32" n2="%70%6F%69%73%6F%6E%30%32" n3="%6C%61%6D%62" dan="17,16,16,16" rate="2185.82,2151.37,2125.00,2252.03" sx="M,M,M,M"/><TAIKYOKU oya="0"/><INIT seed="0,0,0,2,4,83" ten="250,250,250,250" oya="0" hai0="125,113,2,95,92,73,58,3,80,34,126,94,0" hai1="21,29,17,11,105,13,53,127,35,7,119,20,78" hai2="82,4,68,9,101,56,14,5,70,124,24,23,59" hai3="120,15,123,46,64,103,36,8,84,100,51,47,87"/><T98/><D113/><U81/><E119/><V62/><F124/><N who="0" m="47722" /><D34/><U131/><E127/><V48/><F101/><N who="3" m="38987" /><G64/><T60/><D98/><U10/><E105/><V55/><F4/><N who="3" m="3463" /><G36/><T45/><D45/><N who="3" m="16905" /><G51/><T67/><D3/><N who="1" m="383" /><E53/><V122/><F122/><AGARI ba="0,0" hai="84,87,120,122,123" m="16905,3463,38987" machi="122" ten="30,3900,0" yaku="13,1,52,2" doraHai="83" who="3" fromWho="2" sc="250,0,250,0,250,-39,250,39" /><INIT seed="1,0,0,5,0,19" ten="250,250,211,289" oya="1" hai0="109,33,69,50,120,97,45,65,100,29,47,30,80" hai1="92,58,85,73,103,28,46,75,5,15,106,37,21" hai2="64,34,53,39,124,7,32,123,44,89,12,130,134" hai3="116,1,115,54,24,133,55,76,25,0,125,13,121"/><U35/><E35/><V57/><F123/><W113/><G76/><T68/><D109/><U8/><E106/><V41/><F134/><W74/><G74/><T108/><D108/><U84/><E73/><V94/><F130/><W104/><G104/><T122/><D80/><U81/><E75/><V83/><F64/><W117/><G121/><N who="0" m="46699" /><D47/><U22/><E28/><N who="0" m="10857" /><D65/><U70/><E70/><V3/><F3/><N who="3" m="1099" /><G133/><T59/><D59/><U72/><E72/><V77/><F124/><W86/><G86/><N who="1" m="33386" /><E37/><V66/><F66/><W95/><G95/><N who="0" m="58431" /><D33/><U26/><E26/><N who="3" m="10346" /><G125/><T16/><D16/><N who="1" m="8295" /><E46/><V79/><F83/><W105/><G105/><T110/><D110/><U131/><E131/><V17/><F7/><W128/><G128/><T20/><D20/><N who="1" m="7787" /><E5/><V71/><F71/><W10/><G117/><T48/><D48/><U52/><E81/><V18/><F34/><W2/><G2/><T9/><D9/><U96/><E58/><V42/><F32/><W101/><G116/><T87/><D87/><U126/><E126/><V93/><F93/><W31/><G10/><T119/><D119/><U88/><E52/><AGARI ba="0,0" hai="45,50,52,68,69" m="58431,10857,46699" machi="52" ten="30,2000,0" yaku="13,1,54,1" doraHai="19" who="0" fromWho="1" sc="250,20,250,-20,211,0,289,0" /><INIT seed="2,0,0,3,0,5" ten="270,230,211,289" oya="2" hai0="6,67,94,25,47,48,9,59,108,37,109,68,87" hai1="54,98,72,62,64,46,0,95,131,122,92,49,121" hai2="50,116,111,55,75,32,129,58,103,36,30,15,83" hai3="26,11,4,34,20,71,51,105,93,19,40,125,74"/><V22/><F116/><W44/><G105/><T101/><D68/><U119/><E0/><V84/><F36/><W2/><G74/><T113/><D113/><U18/><E72/><V10/><F32/><W21/><G125/><T42/><D25/><U39/><E119/><V56/><F129/><W63/><G71/><T102/><D87/><U70/><E131/><V79/><F103/><W100/><G63/><N who="0" m="38399" /><D94/><U117/><E117/><V106/><F106/><W97/><G34/><T41/><D41/><N who="1" m="22847" /><E18/><V89/><F111/><N who="0" m="42570" /><D37/><U53/><E95/><V96/><F96/><W133/><REACH who="3" step="1"/><G21/><REACH who="3" ten="270,230,211,279" step="2"/><T126/><D126/><U115/><E115/><V66/><F22/><W134/><AGARI ba="0,1" hai="2,4,11,19,20,26,40,44,51,93,97,100,133,134" machi="134" ten="30,8000,1" yaku="1,1,2,1,0,1,52,1,53,1" doraHai="5" doraHaiUra="1" who="3" fromWho="3" sc="270,-20,230,-20,211,-40,279,90" /><INIT seed="3,0,0,0,4,43" ten="250,210,171,369" oya="3" hai0="100,126,16,63,66,130,85,15,114,97,25,28,37" hai1="0,73,9,96,133,79,127,104,40,34,52,55,98" hai2="71,91,109,33,10,105,123,80,75,6,121,31,94" hai3="60,57,92,48,82,99,56,76,41,59,27,23,8"/><W108/><G108/><T78/><D130/><U65/><E34/><V81/><F71/><W19/><G8/><T128/><D128/><U110/><E110/><V69/><F69/><W131/><G131/><T102/><D126/><U122/><E127/><V18/><F109/><W68/><G68/><T32/><D37/><U103/><E65/><V113/><F105/><W111/><G111/><T39/><D39/><U88/><E122/><V90/><F18/><W67/><G41/><T4/><D4/><U107/><E40/><V5/><F31/><W86/><REACH who="3" step="1"/><G48/><REACH who="3" ten="250,210,171,359" step="2"/><T22/><D114/><U36/><E9/><V84/><F113/><W12/><G12/><T44/><D15/><U129/><E129/><V101/><F10/><W120/><G120/><T117/><D117/><U93/><E0/><V49/><F49/><W42/><G42/><T20/><D25/><U13/><E13/><V45/><F75/><W21/><G21/><T83/><D22/><U62/><E36/><V77/><F33/><W116/><G116/><T135/><D20/><U2/><E2/><V29/><F29/><W51/><G51/><T14/><D28/><U64/><E73/><V119/><F119/><W30/><G30/><T134/><D32/><U50/><E50/><V115/><F115/><W1/><G1/><T89/><D14/><U95/><E62/><V58/><F58/><W74/><G74/><T124/><D63/><U125/><E125/><V3/><F3/><W72/><G72/><T70/><D124/><U118/><E118/><V53/><F45/><W132/><G132/><T106/><D134/><RYUUKYOKU ba="0,1" sc="250,-10,210,-10,171,-10,359,30" hai3="19,23,27,56,57,59,60,67,76,82,86,92,99" owari="240,4.0,200,-20.0,161,-33.9,399,49.9" /></mjloggm>