<mjloggm ver="2.3"><GO type="225" lobby="0"/><UN n0="%E3%81%8B%E3%82%8F%E3%81%A1%E3%82%83%E3%82%93%35%38" n1="%E6%A3%AE%E5%B1%B1%E7%94%B0%E7%9B%B4%E5%A4%AA%E6%9C%97%E4%B9%8B%E4%BB%8B" n2="%72%65%6E%6B%75%6E" n3="%E3%81%A4%E3%81%A3%E3%81%B1%E3%82%8A%E3%83%9D%E3%83%BC%E3%83%AB" dan="16,16,17,17" rate="2120.67,2153.36,2217.98,2156.22" sx="M,M,M,M"/><TAIKYOKU oya="0"/><INIT seed="0,0,0,0,4,82" ten="250,250,250,250" oya="0" hai0="128,28,79,91,75,41,80,32,71,104,87,126,125" hai1="108,83,115,69,131,109,11,46,4,53,70,52,9" hai2="84,12,88,100,111,78,66,74,116,14,118,17,90" hai3="96,20,113,101,3,114,47,93,30,6,105,98,95"/><T62/><D41/><U68/><E131/><V24/><F111/><N who="1" m="42569" /><E115/><V2/><F2/><W54/><G6/><T72/><D104/><U85/><E46/><V15/><F100/><W103/><G3/><T42/><D42/><U45/><E45/><V33/><F66/><W110/><G110/><T117/><D117/><N who="2" m="45162" /><F74/><N who="0" m="28202" /><D62/><U129/><E129/><V92/><F78/><W0/><G0/><T26/><D71/><N who="1" m="18179" /><U18/><DORA hai="94" /><E18/><V7/><F90/><W121/><G121/><T37/><D37/><U22/><E22/><N who="2" m="13391" /><F33/><W135/><G105/><T13/><D128/><U29/><E29/><V31/><F31/><W35/><G35/><T27/><D27/><U38/><E38/><V50/><F50/><W81/><G30/><T106/><D106/><U97/><E97/><V63/><F63/><W99/><G99/><T19/><D19/><U122/><E122/><V58/><F58/><W130/><G130/><T57/><D57/><U120/><E120/><V56/><F56/><W123/><G123/><T133/><D26/><U51/><E51/><V77/><F77/><W61/><G61/><T39/><D39/><U59/><E59/><V102/><F102/><W73/><G47/><T65/><D28/><U23/><E23/><V1/><F1/><W48/><G48/><T8/><D32/><U55/><E4/><AGARI ba="0,0" hai="4,7,12,14,15,84,88,92" m="13391,45162" machi="4" ten="30,3900,0" yaku="12,1,52,1,54,1" doraHai="82,94" who="2" fromWho="1" sc="250,0,250,-39,250,39,250,0" /><INIT seed="1,0,0,5,3,110" ten="250,211,289,250" oya="1" hai0="11,70,99,107,91,124,38,55,62,118,108,43,111" hai1="6,21,12,29,48,64,121,66,98,104,31,65,84" hai2="125,58,90,87,95,78,122,63,103,8,120,0,9" hai3="27,44,114,128,132,74,22,7,20,16,129,86,25"/><U130/><E121/><V68/><F68/><W3/><G74/><T41/><D118/><U82/><E130/><N who="3" m="50282" /><G86/><T73/><D73/><U33/><E33/><V51/><F125/><W100/><G100/><N who="0" m="62879" /><D124/><U116/><E116/><V127/><F127/><W46/><G114/><T34/><D91/><U135/><E135/><V18/><F78/><W77/><G77/><T14/><D34/><U19/><E104/><V56/><F103/><W42/><G132/><T37/><D55/><U131/><E131/><V32/><F32/><W71/><G71/><T35/><D35/><U61/><E98/><V10/><F0/><W4/><G3/><T123/><D62/><U15/><E48/><V83/><F83/><W117/><G117/><T79/><D79/><N who="1" m="46175" /><E61/><V119/><F119/><W126/><G126/><T81/><D70/><U67/><N who="1" m="16384" /><DORA hai="36" /><U2/><E2/><V49/><F63/><W39/><G46/><T59/><D123/><U102/><E102/><V24/><F122/><W60/><G60/><T72/><D59/><N who="2" m="22570" /><F120/><W75/><G75/><T89/><D72/><U94/><E94/><V93/><F95/><W113/><G113/><T26/><D37/><U40/><E40/><N who="0" m="15433" /><D38/><U133/><E133/><V13/><F51/><W105/><G105/><T1/><D1/><U47/><E47/><V96/><F49/><W57/><G57/><T5/><D81/><U76/><E76/><V115/><F115/><W23/><G23/><T106/><D106/><U85/><E85/><V92/><F87/><W88/><G88/><T134/><D134/><U112/><E112/><V28/><F93/><RYUUKYOKU ba="0,0" sc="250,-30,211,10,289,10,250,10" hai1="6,12,15,19,21,29,31" hai2="8,9,10,13,18,24,28,90,92,96" hai3="4,7,16,20,22,25,27,39,42,44" /><INIT seed="1,1,0,2,5,30" ten="220,221,299,260" oya="1" hai0="110,50,24,73,45,16,87,114,82,27,8,53,63" hai1="131,69,126,56,107,104,101,68,115,15,78,40,36" hai2="90,28,33,108,67,11,112,43,59,57,92,4,79" hai3="111,20,60,25,47,127,106,99,91,64,39,105,2"/><U102/><E115/><V74/><F108/><W44/><G2/><T35/><D114/><U37/><E78/><V124/><F112/><W46/><G111/><T14/><D73/><U31/><E31/><V118/><F118/><W135/><G39/><N who="1" m="14922" /><E40/><V119/><F119/><W42/><G42/><T41/><D35/><U80/><E80/><V71/><F43/><W21/><G21/><T103/><D103/><N who="1" m="39435" /><E15/><V133/><F71/><N who="1" m="27209" /><E56/><V85/><F79/><W1/><G44/><T93/><D93/><U130/><E126/><V86/><F74/><W17/><G46/><T66/><D110/><U19/><E19/><V121/><F124/><W61/><G47/><T83/><D41/><U18/><E18/><V125/><F125/><W9/><G17/><T48/><D48/><U116/><E116/><V84/><F59/><W54/><G127/><T123/><D83/><U22/><E22/><V88/><F86/><W76/><G20/><T72/><D72/><U96/><E96/><V81/><F57/><W113/><G99/><T13/><D13/><U62/><E62/><V26/><F28/><W128/><G61/><T52/><D53/><U34/><E34/><V98/><F33/><W100/><G54/><T58/><REACH who="0" step="1"/><D123/><REACH who="0" ten="210,221,299,260" step="2"/><U70/><N who="1" m="27217" /><U97/><DORA hai="65" /><E97/><N who="2" m="57479" /><F121/><W10/><G113/><T129/><D129/><AGARI ba="1,1" hai="104,107,129,130,131" m="27217,39435,14922" machi="129" ten="50,18000,2" yaku="28,2,19,1,52,4" doraHai="30,65" who="1" fromWho="0" sc="210,-183,221,193,299,0,260,0" /><INIT seed="1,2,0,0,0,105" ten="27,414,299,260" oya="1" hai0="87,104,91,71,65,61,95,44,76,17,133,42,126" hai1="48,130,13,45,122,80,66,57,56,14,116,59,113" hai2="86,10,131,0,55,88,99,12,129,118,106,89,63" hai3="23,34,69,93,84,115,46,83,64,1,60,98,123"/><U41/><E122/><V72/><F0/><W43/><G123/><T97/><D126/><U92/><E116/><V121/><F118/><W67/><G115/><T37/><D133/><U15/><E113/><V22/><F121/><W134/><G134/><T9/><D104/><U50/><E130/><N who="2" m="49675" /><F22/><W54/><G1/><T51/><D9/><U40/><E92/><N who="2" m="56711" /><F106/><W4/><G4/><T70/><D70/><U68/><E80/><N who="2" m="49351" /><F72/><W32/><G23/><T120/><D120/><U8/><E68/><V38/><F38/><W102/><G64/><T30/><D30/><U85/><E85/><V26/><F26/><W111/><G111/><T47/><D76/><U90/><E90/><V117/><F117/><W35/><G35/><T39/><D17/><U78/><E78/><V52/><F63/><W135/><G135/><T33/><D33/><U114/><E114/><V132/><F132/><W82/><G82/><T27/><D27/><U36/><E36/><V112/><F112/><W21/><G21/><T125/><D125/><U101/><E66/><V11/><F11/><W94/><G94/><T79/><D79/><U49/><E8/><V16/><AGARI ba="2,0" hai="10,12,16,52,55" m="49351,56711,49675" machi="16" ten="30,7900,0" yaku="19,1,54,3" doraHai="105" who="2" fromWho="2" sc="27,-22,414,-41,299,85,260,-22" /><INIT seed="2,0,0,4,1,0" ten="5,373,384,238" oya="2" hai0="73,48,26,22,14,60,115,110,7,56,86,126,111" hai1="3,124,66,46,95,134,29,107,98,101,16,8,122" hai2="55,57,130,70,42,59,106,100,104,74,18,35,90" hai3="133,64,75,52,78,19,6,40,38,4,131,45,30"/><V34/><F42/><W125/><G30/><T94/><D73/><U62/><E134/><V9/><F90/><W117/><G117/><T24/><D115/><U135/><E135/><V103/><F9/><W99/><G133/><T113/><D113/><U88/><E124/><V85/><F85/><W39/><G39/><T77/><D126/><U5/><E122/><V36/><F18/><W28/><G125/><T72/><D72/><U13/><E29/><V84/><F84/><W31/><G31/><N who="0" m="17815" /><D48/><U109/><E109/><V116/><F74/><W37/><G37/><T67/><D26/><U54/><E46/><V112/><F36/><W79/><G28/><T69/><D69/><U71/><E54/><V132/><F55/><W80/><G131/><T114/><D114/><U105/><E101/><V83/><F83/><W51/><G78/><T87/><D94/><U65/><E65/><V102/><F112/><W10/><G99/><T41/><D41/><U91/><E91/><V20/><F20/><AGARI ba="0,0" hai="3,5,8,13,16,20,62,66,71,88,95,98,105,107" machi="20" ten="30,7700,0" yaku="7,1,52,1,54,2" doraHai="0" who="1" fromWho="2" sc="5,0,373,77,384,-77,238,0" /><INIT seed="3,0,0,0,3,37" ten="5,450,307,238" oya="3" hai0="62,73,82,124,112,87,31,79,60,6,122,16,91" hai1="13,84,36,98,102,17,118,55,71,85,70,104,61" hai2="48,128,80,43,24,21,78,69,30,105,77,101,57" hai3="116,115,109,28,92,67,35,65,59,108,134,42,86"/><W1/><G116/><T47/><D122/><U25/><E36/><V83/><F69/><W68/><G115/><T130/><D130/><U4/><E118/><V95/><F128/><W33/><G1/><T117/><D117/><U97/><E4/><V119/><F105/><W34/><G68/><T129/><D129/><U81/><E25/><V3/><F3/><W15/><G28/><T90/><D124/><U54/><E97/><N who="2" m="59583" /><F119/><W56/><G15/><T89/><D112/><U75/><E75/><V53/><F43/><W110/><G134/><T66/><D6/><U50/><E61/><N who="0" m="23657" /><D31/><U27/><E27/><V2/><F2/><W39/><G86/><T93/><D66/><N who="3" m="25097" /><G92/><T49/><D16/><U133/><E133/><V19/><F30/><W96/><G96/><T88/><D49/><U52/><E50/><V58/><F58/><W106/><G106/><T44/><D44/><AGARI ba="0,0" hai="33,34,35,39,42,44,56,59,108,109,110" m="25097" machi="44" ten="40,7700,0" yaku="14,1,10,1,52,1" doraHai="37" who="3" fromWho="0" sc="5,-77,450,0,307,0,238,77" owari="-72,-57.2,450,55.0,307,-9.3,315,11.5" /></mjloggm>