<mjloggm ver="2.3"><GO type="225" lobby="0"/><UN n0="%E6%98%93%E5%88%A9%E8%96%A9%E4%BC%AF" n1="%E3%83%A9%E3%82%B9%E7%8E%87%EF%BC%93%E5%89%B2" n2="%E6%A1%9C%E8%8A%B1%E9%96%83%E3%80%85" n3="%E3%83%81%E3%83%83%E3%82%BF%E3%82%BD%E3%83%BC" dan="17,16,16,16" rate="2106.76,2191.13,2118.93,2136.40" sx="F,F,M,F"/><TAIKYOKU oya="0"/><INIT seed="0,0,0,5,4,55" ten="250,250,250,250" oya="0" hai0="106,80,16,96,8,87,113,34,107,40,93,0,77" hai1="134,108,126,42,65,105,73,114,59,131,61,119,75" hai2="111,18,25,98,56,130,127,35,58,115,38,62,100" hai3="95,86,39,102,31,110,72,28,4,46,57,21,27"/><T64/><D113/><U37/><RYUUKYOKU type="yao9" ba="0,0" sc="250,0,250,0,250,0,250,0" hai1="37,42,59,61,65,73,75,105,108,114,119,126,131,134" /><INIT seed="0,1,0,2,1,131" ten="250,250,250,250" oya="0" hai0="130,60,44,33,86,8,66,21,124,58,12,93,67" hai1="32,116,96,46,75,128,109,22,79,122,135,110,57" hai2="92,16,81,106,10,3,129,127,83,36,112,91,70" hai3="24,118,29,31,19,94,17,43,102,120,78,100,50"/><T101/><D33/><U69/><E32/><V95/><F112/><W126/><G118/><T134/><D130/><U98/><E69/><V47/><F129/><W84/><G126/><T90/><D124/><U35/><E35/><V2/><F106/><W61/><G120/><T18/><D134/><U85/><E75/><V6/><F70/><W76/><G61/><T25/><D101/><U68/><E68/><V132/><F2/><W107/><G107/><T103/><D103/><U45/><E122/><V99/><F127/><W37/><G37/><T64/><REACH who="0" step="1"/><D44/><REACH who="0" ten="240,250,250,250" step="2"/><U26/><E135/><V55/><F132/><W108/><G102/><T51/><D51/><U87/><E128/><V62/><F47/><W38/><G38/><T7/><AGARI ba="1,1" hai="7,8,12,18,21,25,58,60,64,66,67,86,90,93" machi="7" ten="20,12000,1" yaku="1,1,0,1,7,1,8,1,53,1" doraHai="131" doraHaiUra="13" who="0" fromWho="0" sc="240,133,250,-41,250,-41,250,-41" /><INIT seed="0,2,0,2,0,88" ten="373,209,209,209" oya="0" hai0="116,95,128,69,98,8,55,0,12,14,53,110,132" hai1="127,63,84,51,11,82,75,6,102,93,130,39,66" hai2="135,108,76,77,125,71,2,118,42,124,80,113,38" hai3="24,30,74,16,65,4,34,25,33,122,73,54,62"/><T97/><D116/><U72/><E130/><V107/><RYUUKYOKU type="yao9" ba="2,0" sc="373,0,209,0,209,0,209,0" hai2="2,38,42,71,76,77,80,107,108,113,118,124,125,135" /><INIT seed="0,3,0,1,5,83" ten="373,209,209,209" oya="0" hai0="100,61,74,115,47,78,75,103,2,102,68,55,91" hai1="53,122,89,18,59,40,19,20,76,60,4,110,126" hai2="109,116,54,81,17,97,93,121,9,131,8,69,106" hai3="1,56,99,118,41,123,114,113,34,43,111,77,37"/><T11/><D115/><U130/><E122/><V88/><F121/><W124/><G56/><T22/><D22/><U39/><E110/><V36/><F109/><W26/><G99/><T127/><D127/><U70/><E130/><V82/><F131/><W128/><G77/><T33/><D33/><U25/><E126/><V24/><F36/><W7/><G7/><T31/><D31/><U48/><E4/><V49/><F69/><W105/><G26/><T44/><D2/><U66/><E76/><V125/><F106/><W13/><G13/><T73/><D11/><N who="2" m="4170" /><F116/><W16/><G16/><T45/><D91/><U67/><E67/><V51/><F51/><W52/><G52/><T65/><REACH who="0" step="1"/><D78/><REACH who="0" ten="363,209,209,209" step="2"/><U120/><E89/><V129/><F125/><W21/><G21/><T62/><D62/><U72/><E120/><V0/><F0/><W132/><G43/><T112/><D112/><U92/><E40/><V80/><F129/><W63/><G41/><T28/><D28/><U107/><E60/><V108/><F108/><W104/><G63/><T14/><D14/><U64/><E20/><N who="2" m="13327" /><F80/><W12/><G113/><T133/><D133/><U15/><E15/><V96/><F96/><W35/><G12/><T84/><D84/><U134/><E134/><V95/><F82/><W86/><G86/><T23/><D23/><U117/><E117/><V57/><F97/><W87/><G87/><AGARI ba="3,1" hai="49,54,57,81,87,88,93,95" m="13327,4170" machi="87" ten="30,3900,0" yaku="8,1,52,1,54,1" doraHai="83" who="2" fromWho="3" sc="363,0,209,0,209,58,209,-48" /><INIT seed="1,0,0,5,1,17" ten="363,209,267,161" oya="1" hai0="125,62,68,127,132,124,10,88,38,87,106,27,34" hai1="6,108,122,66,103,20,107,40,39,86,3,128,2" hai2="98,9,21,74,120,135,44,16,57,73,1,45,51" hai3="134,78,69,91,58,95,118,50,18,72,23,37,49"/><U22/><E122/><V53/><F120/><W67/><G134/><T33/><D106/><U97/><E128/><V24/><F135/><W119/><G37/><T25/><D38/><U114/><E114/><V41/><F98/><W133/><G133/><T28/><D10/><U109/><E66/><V112/><F112/><W26/><G78/><T113/><D113/><U126/><E126/><V0/><F45/><W85/><G72/><T48/><D48/><U47/><E86/><V110/><F110/><N who="1" m="42601" /><E6/><V8/><F8/><W29/><G29/><N who="0" m="19631" /><D132/><U46/><E46/><V11/><F11/><W32/><G32/><T52/><D68/><U80/><E80/><V63/><REACH who="2" step="1"/><F9/><REACH who="2" ten="363,209,257,161" step="2"/><W101/><G101/><T60/><D127/><U131/><E131/><V43/><F43/><W82/><G118/><T75/><D125/><U31/><E31/><V71/><F71/><W76/><G69/><T94/><D28/><U35/><E35/><V64/><F64/><W117/><G119/><T84/><D34/><U70/><E70/><V54/><F54/><W59/><G117/><T102/><D52/><U15/><E15/><V116/><F116/><W83/><G67/><T100/><D124/><U56/><E56/><V30/><F30/><W129/><G129/><T5/><D27/><U77/><E77/><V105/><F105/><W99/><G58/><T115/><D115/><U123/><E123/><V81/><F81/><W111/><G82/><T7/><D7/><U79/><E79/><V36/><F36/><W13/><G111/><T14/><D5/><U104/><E104/><V130/><F130/><RYUUKYOKU ba="0,1" sc="363,-15,209,15,257,15,161,-15" hai1="2,3,20,22,39,40,47,97,103,107" hai2="0,1,16,21,24,41,44,51,53,57,63,73,74" /><INIT seed="1,1,1,5,5,50" ten="348,224,272,146" oya="1" hai0="34,123,19,20,84,65,115,36,43,27,90,87,120" hai1="116,124,85,121,91,109,2,134,82,1,72,40,108" hai2="131,68,38,132,78,11,79,67,107,93,135,32,127" hai3="24,0,51,128,31,133,35,69,29,71,53,80,12"/><U97/><E116/><V37/><F107/><W44/><G128/><T114/><D65/><U58/><E121/><N who="0" m="46665" /><D34/><U92/><E134/><N who="2" m="51243" /><F131/><W15/><G133/><T45/><D87/><U46/><E124/><V70/><F127/><W54/><G0/><T61/><D61/><U113/><E113/><V64/><F93/><AGARI ba="1,1" hai="19,20,27,36,43,45,84,90,93,114,115" m="46665" machi="93" ten="30,1000,0" yaku="13,1" doraHai="50" who="0" fromWho="2" sc="348,23,224,0,272,-13,146,0" /><INIT seed="2,0,0,3,5,87" ten="371,224,259,146" oya="2" hai0="112,92,84,99,76,103,131,59,42,106,97,118,20" hai1="74,43,13,31,16,82,68,11,117,101,129,39,38" hai2="21,108,3,78,94,107,17,65,105,98,119,111,56" hai3="75,55,134,61,109,2,100,60,128,14,122,6,40"/><V51/><F3/><W18/><G122/><T127/><D112/><U34/><E117/><V79/><F65/><W46/><G109/><N who="2" m="42057" /><F56/><W30/><G128/><T110/><D110/><U53/><E68/><V9/><F9/><W64/><G134/><T32/><D32/><U24/><E129/><V73/><F51/><W4/><G75/><T33/><D33/><U15/><E43/><V88/><F119/><W83/><G83/><T120/><D42/><U57/><E101/><V29/><F29/><W25/><G2/><T95/><D118/><U89/><E15/><N who="2" m="9407" /><F73/><W115/><G115/><T62/><D120/><U7/><E7/><V69/><F69/><W80/><G55/><T26/><D131/><U130/><E130/><V72/><F72/><W135/><G60/><T47/><D47/><U36/><E74/><V5/><F5/><W22/><G135/><T132/><D132/><U102/><E102/><V93/><F93/><W67/><G100/><T85/><D95/><U45/><E45/><V81/><F81/><W23/><G80/><T12/><D59/><U66/><E66/><V49/><F49/><N who="3" m="26823" /><G67/><T123/><D62/><U126/><E57/><AGARI ba="0,0" hai="4,6,14,18,22,23,25,30,57,61,64" m="26823" machi="57" ten="30,1000,0" yaku="8,1" doraHai="87" who="3" fromWho="1" sc="371,0,224,-10,259,0,146,10" /><INIT seed="3,0,0,2,4,88" ten="371,214,259,156" oya="3" hai0="2,74,14,3,120,135,39,99,47,131,101,33,95" hai1="10,111,42,83,91,104,79,30,128,61,36,80,53" hai2="93,26,132,92,106,78,69,58,76,82,129,81,122" hai3="123,11,108,68,51,28,115,7,13,62,9,60,134"/><W54/><G115/><T64/><D120/><U20/><E104/><V27/><F69/><W118/><G123/><T49/><D74/><U22/><E111/><V4/><F122/><W66/><G118/><T25/><D131/><U109/><E109/><V31/><F106/><W127/><G134/><T85/><D39/><U5/><E30/><V1/><F129/><W102/><G108/><T48/><D64/><U19/><E53/><V130/><F130/><W94/><G127/><T117/><D49/><U113/><E61/><V97/><F58/><W35/><G60/><T59/><D59/><U6/><E6/><V90/><F4/><W105/><G94/><T103/><D103/><U87/><E19/><V56/><F1/><W15/><G102/><T89/><D14/><U63/><E63/><V77/><F132/><W75/><G105/><T114/><D117/><U21/><E113/><V133/><F133/><W17/><G75/><T71/><D71/><U50/><E128/><V34/><F56/><W37/><G37/><T124/><D114/><U110/><E110/><V43/><F43/><W55/><REACH who="3" step="1"/><G51/><REACH who="3" ten="371,214,259,146" step="2"/><T16/><D124/><U18/><E50/><V100/><F93/><W12/><G12/><T116/><D116/><U24/><E36/><V112/><F112/><W0/><G0/><T65/><D2/><U57/><E83/><N who="2" m="31755" /><F100/><W86/><G86/><T84/><D84/><U73/><E73/><V38/><F38/><W52/><G52/><T8/><D3/><U126/><E126/><V44/><F26/><AGARI ba="0,1" hai="7,9,11,13,15,17,26,28,35,54,55,62,66,68" machi="26" ten="40,2000,0" yaku="1,1,53,0" doraHai="88" doraHaiUra="125" who="3" fromWho="2" sc="371,0,214,0,259,-20,146,30" /><INIT seed="3,1,0,1,0,3" ten="371,214,239,176" oya="3" hai0="103,97,128,49,43,134,82,20,5,87,29,10,34" hai1="0,54,65,11,93,67,19,88,130,58,106,92,25" hai2="26,135,62,61,35,52,24,71,66,132,57,83,123" hai3="22,14,32,124,126,122,91,2,133,81,98,40,105"/><W30/><G122/><T39/><D39/><U53/><E106/><V75/><F123/><W50/><G2/><T125/><D34/><U55/><E130/><V102/><F102/><W51/><G133/><N who="2" m="51273" /><F35/><W28/><G105/><T114/><D134/><U108/><E108/><V41/><F41/><W119/><G119/><T76/><D114/><U27/><E93/><V6/><F6/><W131/><G131/><T1/><D125/><N who="3" m="48233" /><G40/><T7/><D10/><U86/><E0/><V99/><F99/><W46/><G46/><N who="0" m="25823" /><D1/><U120/><E120/><V96/><F96/><W112/><G112/><T8/><D8/><U21/><E11/><V31/><F31/><N who="3" m="11819" /><G32/><T15/><D128/><U69/><E69/><V74/><F83/><W36/><G36/><T68/><D68/><U12/><E58/><V56/><F71/><W37/><G37/><T80/><D80/><U111/><E111/><V84/><F84/><N who="3" m="50575" /><G98/><T72/><D72/><AGARI ba="1,0" hai="24,26,52,56,57,61,62,66,72,74,75" m="51273" machi="72" ten="30,2000,0" yaku="20,1,54,1" doraHai="3" who="2" fromWho="0" sc="371,-23,214,0,239,23,176,0" owari="348,44.8,214,-18.6,262,6.2,176,-32.4" /></mjloggm>