<mjloggm ver="2.3"><GO type="225" lobby="0"/><UN n0="%E3%82%A2%E3%83%9E%E3%83%9D%EF%BD%9E%EF%BD%9E%E3%83%A9" n1="%E7%B4%94%E6%BD%94%E3%83%94%E3%83%A9%E3%83%8B%E3%82%A2" n2="%E3%83%B4%E3%83%A0%EF%BC%99%E3%81%A6" n3="%E3%81%AF%E3%82%88%E3%81%8A%E3%81%98%E3%81%95%E3%82%93" dan="17,16,17,16" rate="2121.05,2155.42,2175.44,2157.27" sx="M,M,M,M"/><TAIKYOKU oya="0"/><INIT seed="0,0,0,0,1,119" ten="250,250,250,250" oya="0" hai0="3,42,99,100,5,20,43,6,86,49,11,32,27" hai1="114,72,40,90,132,133,116,12,68,64,58,103,89" hai2="9,19,78,85,14,135,52,108,63,70,0,120,101" hai3="97,124,25,57,15,26,13,96,46,113,61,22,127"/><T38/><D38/><U76/><E116/><V106/><F108/><W74/><G113/><T121/><D32/><U35/><E68/><V91/><F135/><N who="1" m="51785" /><E35/><V73/><F73/><W117/><G117/><T111/><D111/><U84/><E72/><V67/><F78/><W59/><G74/><T4/><D86/><U66/><E103/><V21/><F101/><W16/><G46/><T110/><D121/><U8/><E40/><V112/><F112/><W87/><G87/><T18/><D110/><U118/><E118/><V102/><F102/><W7/><G59/><T30/><D49/><U24/><E24/><V36/><F36/><W82/><G82/><T10/><D30/><U80/><E58/><V23/><F106/><W98/><G25/><T130/><D130/><U92/><E114/><V54/><F120/><W1/><G1/><T45/><D45/><U104/><E104/><V34/><F34/><W122/><G122/><T39/><D39/><U105/><E105/><V29/><F29/><W44/><G44/><T134/><D134/><U125/><E125/><N who="3" m="48202" /><G7/><T47/><D47/><U41/><E41/><N who="0" m="15369" /><D3/><U65/><E92/><AGARI ba="0,0" hai="4,5,6,10,11,18,20,27,92,99,100" m="15369" machi="92" ten="30,1500,0" yaku="8,1" doraHai="119" who="0" fromWho="1" sc="250,15,250,-15,250,0,250,0" /><INIT seed="0,1,0,5,0,2" ten="265,235,250,250" oya="0" hai0="44,110,68,115,43,22,67,77,111,62,74,32,100" hai1="90,28,127,71,128,118,72,55,59,37,9,11,60" hai2="89,1,4,102,75,39,63,81,95,46,93,40,83" hai3="103,49,73,54,70,109,57,99,21,31,7,48,38"/><T101/><D32/><U88/><E118/><V84/><F63/><W76/><G38/><T10/><D115/><U117/><E117/><V132/><F132/><W123/><G70/><T42/><D22/><U24/><E72/><V66/><F66/><W87/><G73/><T94/><D77/><U119/><E119/><V79/><F102/><N who="0" m="39530" /><D94/><U8/><E127/><V86/><F86/><W30/><G109/><N who="0" m="41483" /><D74/><U0/><E128/><V36/><F36/><W65/><G21/><T122/><D122/><U116/><E37/><V15/><F15/><W25/><G25/><T134/><D44/><U125/><E125/><V50/><F50/><W26/><G26/><T3/><D134/><U51/><E0/><V124/><F124/><W98/><G123/><T29/><D29/><U69/><E116/><V135/><F135/><W20/><G20/><T130/><D130/><U41/><E69/><V23/><F23/><W106/><G31/><T13/><D3/><U45/><REACH who="1" step="1"/><E71/><REACH who="1" ten="265,225,250,250" step="2"/><V129/><F129/><W108/><G108/><T6/><AGARI ba="1,1" hai="6,10,13,42,43,62,67,68" m="41483,39530" machi="6" ten="30,6000,0" yaku="14,1,10,1,52,1" doraHai="2" who="0" fromWho="0" sc="265,73,225,-21,250,-21,250,-21" /><INIT seed="0,2,0,2,1,0" ten="338,204,229,229" oya="0" hai0="79,94,86,64,110,88,34,46,117,30,13,115,81" hai1="47,21,114,32,29,44,42,27,120,93,134,129,90" hai2="37,128,112,66,45,40,59,84,9,3,61,124,57" hai3="48,55,26,123,116,101,6,24,2,1,106,135,133"/><T119/><D115/><U68/><E68/><V7/><F112/><W60/><G116/><T121/><D121/><U14/><E120/><V131/><F124/><W38/><G38/><T16/><D64/><U72/><E72/><V35/><F35/><W75/><G123/><T108/><D46/><U76/><E76/><V83/><REACH who="2" step="1"/><F57/><REACH who="2" ten="338,204,219,229" step="2"/><W132/><G132/><T4/><D34/><U74/><E134/><V102/><F102/><W97/><G101/><T98/><D119/><U51/><E114/><V17/><F17/><W22/><G133/><T91/><D117/><U99/><E129/><V67/><F67/><W62/><G135/><T20/><D30/><U113/><E113/><V80/><F80/><W50/><G106/><T111/><D4/><U65/><E65/><V39/><F39/><W36/><G36/><T85/><D91/><AGARI ba="2,1" hai="3,7,9,37,40,45,59,61,66,83,84,91,128,131" machi="91" ten="40,2600,0" yaku="1,1,52,1,53,0" doraHai="0" doraHaiUra="103" who="2" fromWho="0" sc="338,-32,204,0,219,42,229,0" /><INIT seed="1,0,0,3,2,100" ten="306,204,261,229" oya="1" hai0="41,104,92,115,19,126,11,24,33,88,97,105,25" hai1="112,72,3,0,74,53,123,108,8,81,133,101,78" hai2="98,29,42,65,7,127,80,130,116,49,48,62,51" hai3="87,57,55,91,124,131,71,75,28,61,44,16,14"/><U82/><E112/><V85/><F116/><W39/><G75/><T21/><D115/><U27/><E123/><V59/><F130/><W114/><G114/><T5/><D41/><U26/><E133/><V37/><F127/><W20/><G124/><T4/><D126/><U120/><E120/><V46/><F7/><W86/><G131/><T34/><D4/><U1/><E108/><V54/><F98/><W134/><G134/><T45/><D45/><U66/><E8/><V135/><F29/><W30/><G86/><T118/><D118/><U103/><E66/><V63/><F135/><W60/><G39/><T73/><D73/><U122/><E122/><V2/><F2/><W47/><G71/><T111/><D111/><U36/><E36/><V109/><F109/><W93/><G60/><T102/><D25/><U94/><E53/><V10/><F10/><W89/><G91/><T96/><D105/><U76/><E94/><V69/><REACH who="2" step="1"/><F62/><REACH who="2" ten="306,204,251,229" step="2"/><W132/><G132/><T6/><D5/><U9/><E9/><V40/><F40/><W38/><G38/><T68/><D68/><U15/><REACH who="1" step="1"/><E0/><AGARI ba="0,1" hai="0,6,11,19,21,24,33,34,88,92,96,97,102,104" machi="0" ten="30,3900,0" yaku="7,1,52,1,54,1" doraHai="100" who="0" fromWho="1" sc="306,49,204,-39,251,0,229,0" /><INIT seed="2,0,0,3,2,67" ten="355,165,251,229" oya="2" hai0="6,36,97,83,68,119,29,82,98,52,131,23,53" hai1="133,112,109,48,89,104,59,127,44,73,26,47,61" hai2="85,113,2,18,28,16,15,76,35,108,103,17,100" hai3="87,84,134,21,11,39,101,111,55,96,126,79,22"/><V46/><F113/><W10/><G39/><T95/><D68/><U130/><E112/><V81/><F2/><W99/><G111/><T27/><D36/><U116/><E116/><V64/><F108/><W14/><G126/><T110/><D131/><U121/><E127/><V62/><F46/><W43/><G43/><T0/><D119/><U118/><E104/><V19/><F28/><W41/><G41/><T107/><D107/><U3/><E73/><V45/><F45/><W94/><G134/><T51/><D98/><U60/><E3/><V135/><F35/><W25/><G55/><T34/><D34/><U80/><E133/><V54/><F54/><W13/><G79/><T75/><D75/><U37/><E37/><V71/><REACH who="2" step="1"/><F135/><REACH who="2" ten="355,165,241,229" step="2"/><W78/><G101/><N who="0" m="60607" /><D53/><U5/><E109/><V128/><F128/><W88/><G78/><T91/><D0/><U56/><E130/><V102/><F102/><W65/><G65/><T12/><D110/><U123/><E118/><V31/><F31/><W77/><G77/><T122/><D91/><U115/><E115/><V32/><F32/><W4/><G88/><T42/><D42/><U132/><E132/><V125/><F125/><W63/><G63/><T9/><D122/><U86/><E121/><V38/><F38/><W66/><G66/><T49/><D49/><U129/><E123/><V40/><F40/><W72/><G72/><T106/><D51/><U120/><E120/><V93/><F93/><W7/><G94/><T20/><D52/><U92/><E129/><V30/><F30/><N who="3" m="17711" /><G87/><T50/><D50/><U117/><E117/><RYUUKYOKU type="nm" ba="0,1" sc="355,-20,165,80,241,-40,229,-20" hai2="15,16,17,18,19,62,64,71,76,81,85,100,103" /><INIT seed="2,1,1,5,3,71" ten="335,245,201,209" oya="2" hai0="42,37,78,117,103,129,13,38,87,46,30,62,28" hai1="130,5,36,107,120,39,49,41,77,108,101,59,135" hai2="60,73,99,94,85,131,64,45,7,115,124,31,63" hai3="114,109,15,123,105,3,19,53,97,104,91,83,18"/><V6/><F73/><W25/><G123/><T44/><D129/><U58/><E130/><V52/><F115/><W51/><G3/><T70/><D103/><U55/><E120/><V134/><F131/><W22/><G114/><T4/><D117/><U57/><E41/><V0/><F31/><W50/><G109/><T90/><D78/><U48/><E108/><V81/><F124/><W93/><G83/><T21/><D70/><U119/><E119/><V84/><F134/><W23/><REACH who="3" step="1"/><G50/><REACH who="3" ten="335,245,201,199" step="2"/><T100/><D38/><U118/><E36/><V86/><F0/><W95/><G95/><T133/><D37/><U80/><E49/><N who="2" m="28719" /><F81/><W26/><G26/><T113/><D113/><U66/><E39/><V12/><F12/><W14/><G14/><T24/><D133/><U61/><E135/><V128/><F128/><W72/><G72/><T102/><D24/><U47/><E118/><V27/><F27/><W111/><G111/><T126/><D13/><U54/><E80/><V33/><F33/><W74/><G74/><T11/><D126/><U132/><E132/><V112/><F112/><W8/><G8/><T32/><D11/><U29/><E48/><V127/><F127/><W65/><G65/><T89/><D32/><U9/><E9/><V34/><F34/><W75/><G75/><T43/><D21/><U16/><E66/><V1/><F1/><W121/><G121/><T88/><D62/><N who="2" m="23594" /><F64/><W110/><G110/><T76/><D42/><U69/><E61/><V35/><F35/><W106/><G106/><T122/><D122/><U116/><E116/><V82/><F82/><RYUUKYOKU ba="1,2" sc="335,-15,245,-15,201,15,199,15" hai2="6,7,84,85,86,94,99" hai3="15,18,19,22,23,25,51,53,91,93,97,104,105" /><INIT seed="2,2,2,2,3,13" ten="320,230,216,214" oya="2" hai0="47,76,119,21,102,90,59,95,18,122,44,120,115" hai1="5,110,14,84,125,111,30,106,34,57,99,38,73" hai2="121,88,92,105,123,113,3,26,16,103,60,81,129" hai3="128,12,71,52,11,87,36,131,8,133,42,46,69"/><V79/><F3/><W118/><G118/><T97/><D115/><U132/><E73/><N who="2" m="43247" /><F60/><W9/><G133/><T124/><D124/><U116/><E132/><V58/><F58/><W6/><G87/><T75/><D119/><U101/><E116/><V29/><F29/><W10/><REACH who="3" step="1"/><G52/><REACH who="3" ten="320,230,216,204" step="2"/><T74/><D74/><U35/><E84/><N who="2" m="52231" /><F113/><W39/><G39/><T24/><D75/><U130/><E38/><V66/><F129/><AGARI ba="2,3" hai="6,8,9,10,11,12,36,42,46,69,71,128,129,131" machi="129" ten="40,2600,0" yaku="1,1,19,1,53,0" doraHai="13" doraHaiUra="62" who="3" fromWho="2" sc="320,0,230,0,216,-32,204,62" /><INIT seed="3,0,0,0,3,42" ten="320,230,184,266" oya="3" hai0="132,83,96,131,117,68,90,46,44,119,32,38,121" hai1="72,59,107,134,100,27,15,111,116,13,55,81,92" hai2="22,123,85,115,19,62,60,20,66,26,99,94,43" hai3="30,97,110,133,122,9,56,2,61,129,40,52,49"/><W17/><G122/><T74/><D90/><U16/><E107/><V63/><F115/><W109/><G129/><T88/><D88/><U71/><E71/><V28/><F123/><W130/><G130/><T95/><D95/><U3/><E3/><V82/><F43/><W31/><G133/><T80/><D121/><U39/><E39/><V93/><F99/><W78/><G78/><T124/><D96/><U125/><E125/><V23/><F66/><W114/><G114/><T50/><D50/><U6/><E72/><V126/><F126/><W118/><G118/><T67/><D32/><U51/><E116/><V5/><F5/><W58/><G97/><T128/><D38/><U7/><E111/><N who="3" m="42506" /><G40/><T101/><D132/><U65/><E65/><V105/><F105/><W11/><G17/><T45/><D124/><U21/><E134/><V14/><REACH who="2" step="1"/><F22/><REACH who="2" ten="320,230,174,266" step="2"/><W64/><G11/><T135/><D128/><U57/><E6/><AGARI ba="0,1" hai="2,6,9,30,31,49,52,56,58,61,64" m="42506" machi="6" ten="30,5800,0" yaku="14,1,10,1,54,1" doraHai="42" who="3" fromWho="1" sc="320,0,230,-58,174,0,266,68" owari="320,12.0,172,-32.8,174,-22.6,334,43.4" /></mjloggm>