<mjloggm ver="2.3"><GO type="225" lobby="0"/><UN n0="%E7%99%BD%E5%80%89%E5%AF%9B%E4%B9%8B" n1="%E3%81%BF%E3%81%BF%E3%81%9A" n2="%77%72%77%72%77%72%77%72" n3="%E3%83%B4%E3%83%A0%EF%BC%99%E3%81%A6" dan="16,17,17,16" rate="2145.65,2251.89,2176.33,2180.76" sx="M,M,M,M"/><TAIKYOKU oya="0"/><INIT seed="0,0,0,2,3,33" ten="250,250,250,250" oya="0" hai0="135,15,76,129,3,75,59,133,0,46,25,80,67" hai1="43,69,123,108,87,92,120,12,113,7,55,21,84" hai2="91,66,117,11,8,58,39,19,72,100,81,64,63" hai3="85,124,94,112,68,131,49,24,130,23,126,90,40"/><T20/><D15/><U88/><E108/><V71/><F117/><W125/><G68/><T114/><D114/><U96/><E113/><V134/><F134/><N who="0" m="51210" /><D129/><N who="3" m="49161" /><G112/><T89/><D89/><U2/><E69/><V53/><F39/><W9/><G9/><T29/><D46/><U32/><E32/><V6/><F100/><W4/><G4/><T127/><D127/><U28/><E43/><V60/><F53/><W5/><G5/><T79/><D76/><U65/><E65/><V44/><F44/><N who="3" m="25735" /><G126/><T34/><D34/><U101/><E55/><V1/><F91/><W14/><G14/><T121/><D121/><U115/><E115/><V62/><F62/><AGARI ba="0,0" hai="0,3,20,25,29,59,62,67,75,79,80" m="51210" machi="62" ten="30,5800,0" yaku="20,1,52,2" doraHai="33" who="0" fromWho="2" sc="250,58,250,0,250,-58,250,0" /><INIT seed="0,1,0,4,5,103" ten="308,250,192,250" oya="0" hai0="130,53,96,12,87,67,0,46,31,98,13,47,122" hai1="57,6,55,129,84,23,22,37,16,88,54,111,120" hai2="33,69,52,99,135,134,100,24,107,112,21,116,34" hai3="105,114,64,14,56,95,71,127,65,97,45,28,25"/><T77/><D0/><U89/><E37/><V59/><F112/><W85/><G114/><T91/><D122/><U43/><E43/><V5/><F69/><W30/><G71/><T118/><D118/><U123/><E6/><V1/><F116/><W20/><G127/><T50/><D130/><U49/><E129/><V74/><F74/><W7/><G30/><T132/><D132/><N who="2" m="50730" /><F5/><W8/><G105/><T39/><D77/><U38/><E38/><V124/><F1/><W101/><G45/><T125/><D125/><U63/><E111/><V61/><F124/><W121/><G121/><T133/><D133/><U32/><E32/><V42/><F42/><W27/><G27/><T92/><D39/><U36/><E36/><V41/><F41/><W115/><G115/><T72/><D72/><U62/><E23/><V80/><F80/><W51/><G85/><T66/><D46/><U104/><E104/><V83/><F83/><W109/><G109/><T48/><D50/><N who="1" m="30935" /><E123/><V94/><F94/><W35/><G35/><T76/><D31/><AGARI ba="1,0" hai="21,24,31,33,34,52,59,61,99,100,107" m="50730" machi="31" ten="30,3900,0" yaku="20,1,52,1,54,1" doraHai="103" who="2" fromWho="0" sc="308,-42,250,0,192,42,250,0" /><INIT seed="1,0,0,5,3,39" ten="266,250,234,250" oya="1" hai0="16,85,44,51,86,82,73,32,3,25,41,116,58" hai1="17,132,110,11,27,14,96,48,109,9,124,49,76" hai2="21,135,36,8,69,126,115,18,70,64,46,83,77" hai3="134,55,19,53,128,72,52,129,133,117,113,65,119"/><U103/><E124/><V56/><F126/><W95/><G72/><T101/><D3/><U30/><E132/><N who="3" m="50794" /><G95/><T31/><D116/><N who="3" m="44617" /><G19/><T54/><D101/><U102/><E76/><V5/><F135/><W15/><G15/><T81/><D73/><U37/><E37/><V29/><F115/><W114/><G65/><T99/><D99/><U67/><E9/><V71/><F29/><W0/><G0/><T74/><D74/><U92/><E103/><V62/><F46/><W122/><G122/><T94/><D94/><U57/><E110/><V26/><F36/><W130/><AGARI ba="0,0" hai="52,53,55,113,114,128,129,130" m="44617,50794" machi="130" ten="50,16000,3" yaku="28,2,19,1,20,1,12,1,34,2,54,1" doraHai="39" who="3" fromWho="3" sc="266,-40,250,-80,234,-40,250,160" /><INIT seed="2,0,0,4,2,73" ten="226,170,194,410" oya="2" hai0="37,125,87,85,107,1,43,36,106,104,13,57,90" hai1="46,18,33,95,59,133,21,64,48,131,83,51,16" hai2="135,40,88,62,66,6,19,117,94,86,63,35,124" hai3="61,14,132,113,111,5,54,112,100,118,24,134,71"/><V99/><F117/><W3/><G118/><T23/><D1/><U70/><E33/><V76/><F135/><N who="3" m="51755" /><G111/><T82/><D125/><U92/><E133/><V101/><F124/><W42/><G3/><T78/><D43/><U81/><E131/><V29/><F6/><W22/><G42/><T9/><D23/><U38/><E70/><V58/><F40/><W97/><G14/><T127/><D57/><U8/><E38/><V77/><F19/><N who="1" m="7209" /><E21/><V98/><F98/><W10/><G22/><T102/><D102/><U93/><E8/><V129/><F129/><W45/><G24/><T60/><D60/><N who="1" m="37919" /><E48/><V25/><REACH who="2" step="1"/><F62/><REACH who="2" ten="226,170,184,410" step="2"/><W26/><G5/><T128/><D127/><U52/><AGARI ba="0,1" hai="46,51,52,81,83,92,93,95" m="37919,7209" machi="52" ten="30,4000,0" yaku="8,1,54,2" doraHai="73" who="1" fromWho="1" sc="226,-10,170,50,184,-20,410,-10" /><INIT seed="3,0,0,2,1,70" ten="216,220,164,400" oya="3" hai0="119,87,105,37,82,94,11,74,75,20,56,19,71" hai1="90,125,40,131,48,126,24,108,106,112,25,50,66" hai2="63,72,13,97,58,127,84,128,10,85,135,120,59" hai3="92,47,91,79,4,31,17,35,68,102,103,98,42"/><W33/><G68/><T34/><D71/><U60/><E112/><V32/><F72/><W45/><G79/><T88/><D105/><U57/><E106/><V12/><F128/><W64/><G64/><T3/><D37/><U104/><E104/><V114/><F114/><W117/><G117/><T113/><D34/><U27/><E108/><V118/><F118/><W0/><G17/><T61/><D119/><U28/><E131/><V130/><F130/><W123/><G45/><T41/><D41/><U2/><E2/><V129/><F129/><W29/><G35/><T122/><D122/><U101/><E101/><V81/><F32/><W99/><G33/><T83/><D113/><U1/><E1/><V96/><F135/><W65/><G65/><N who="0" m="39079" /><D3/><U6/><E6/><V132/><F132/><W78/><G78/><T18/><D75/><U86/><E28/><V51/><F127/><N who="1" m="48649" /><E40/><V53/><F120/><W62/><G29/><T16/><D74/><U46/><E46/><V38/><F38/><W14/><G0/><T30/><D11/><U107/><E107/><V109/><F109/><W22/><G103/><T8/><D8/><U52/><E66/><V116/><F116/><W26/><G31/><T76/><D76/><U124/><N who="1" m="48657" /><U9/><DORA hai="133" /><E9/><V80/><F10/><W134/><G102/><T69/><D69/><U36/><E36/><V67/><F67/><W121/><G42/><T110/><D110/><U49/><E60/><V73/><F73/><W89/><G134/><T111/><D111/><U43/><E43/><V39/><F39/><W100/><G121/><RYUUKYOKU ba="0,0" sc="216,15,220,15,164,-15,400,-15" hai0="16,18,19,20,30,82,83,87,88,94" hai1="24,25,27,48,49,50,52,57,86,90" owari="231,-16.9,235,3.5,149,-35.1,385,48.5" /></mjloggm>