<mjloggm ver="2.3"><GO type="225" lobby="0"/><UN n0="%50%65%74%65%72%50%61%6E" n1="%E6%98%93%E5%88%A9%E8%96%A9%E4%BC%AF" n2="%E3%81%AF%E3%82%88%E3%81%8A%E3%81%98%E3%81%95%E3%82%93" n3="%E6%A0%B9%E5%85%83%E3%81%8B%E3%82%89%E5%90%B9%E3%81%A3%E9%A3%9B%E3%81%B6" dan="17,17,17,16" rate="2209.57,2162.34,2141.70,2112.42" sx="M,F,M,F"/><TAIKYOKU oya="0"/><INIT seed="0,0,0,5,1,52" ten="250,250,250,250" oya="0" hai0="45,29,114,120,97,119,103,102,9,62,18,69,82" hai1="135,53,61,55,60,64,80,79,58,121,122,37,106" hai2="47,71,132,91,67,25,1,59,105,10,4,15,27" hai3="83,126,23,96,32,127,76,3,2,24,28,93,17"/><T115/><D119/><U90/><E106/><V34/><F105/><W107/><G107/><T94/><D120/><U40/><E135/><V13/><F71/><W81/><G81/><T20/><D29/><U111/><E111/><V98/><F132/><W0/><G93/><T86/><D9/><U101/><E101/><V16/><F47/><W131/><G96/><T85/><D103/><U30/><E90/><V66/><F1/><W124/><G83/><T43/><D62/><U39/><E30/><V42/><F42/><W56/><G76/><T8/><D8/><U68/><E55/><V116/><F116/><W110/><G110/><T12/><D69/><U65/><E53/><V31/><F34/><W95/><G95/><T70/><D70/><U113/><E113/><V87/><F98/><W33/><G56/><T11/><D20/><U19/><E19/><V50/><F31/><W99/><G99/><T89/><REACH who="0" step="1"/><D85/><REACH who="0" ten="240,250,250,250" step="2"/><U48/><E122/><V36/><F10/><W6/><G28/><T72/><D72/><U75/><REACH who="1" step="1"/><E121/><REACH who="1" ten="240,240,250,250" step="2"/><V14/><F4/><W35/><G131/><T118/><D118/><U77/><E77/><V92/><F16/><W123/><G123/><T125/><D125/><U5/><E5/><AGARI ba="0,2" hai="0,2,3,5,6,17,23,24,32,33,35,124,126,127" machi="5" ten="60,12000,2" yaku="29,2,18,1,34,3" doraHai="52" who="3" fromWho="1" sc="240,0,240,-120,250,0,250,140" /><INIT seed="1,0,0,0,0,18" ten="240,120,250,390" oya="1" hai0="102,19,4,97,125,79,84,121,105,67,56,60,39" hai1="6,133,130,7,70,119,22,88,115,135,41,48,23" hai2="116,109,33,64,30,91,123,78,54,1,8,100,92" hai3="74,15,111,20,96,21,25,14,31,38,86,69,107"/><U2/><E115/><V28/><F123/><W114/><G74/><T57/><D125/><U61/><E119/><V26/><F116/><W68/><G38/><T9/><D121/><U104/><E104/><V127/><F127/><W120/><G114/><T72/><D39/><U101/><E101/><V29/><F109/><W0/><G0/><T81/><D19/><U71/><E130/><V13/><F1/><W83/><G120/><T11/><D4/><U106/><E106/><V73/><F64/><W43/><G111/><T45/><D45/><U53/><E41/><V90/><F90/><W128/><G128/><T3/><D3/><U65/><E71/><V80/><F54/><W117/><G107/><T85/><D85/><U17/><E88/><V40/><F40/><W113/><G69/><T46/><D46/><U126/><E126/><V131/><F100/><W122/><G68/><T132/><D132/><N who="1" m="50763" /><E17/><V49/><F131/><W52/><G122/><T32/><D57/><N who="1" m="32935" /><E2/><V99/><F49/><W27/><G117/><T42/><D42/><U58/><E70/><V50/><F50/><W134/><G113/><T129/><D129/><U55/><E65/><V24/><F26/><W62/><G43/><T59/><D59/><U12/><E12/><V103/><F103/><W82/><G27/><T75/><D75/><U34/><E34/><V108/><F108/><W93/><G25/><T76/><D32/><U37/><E37/><V94/><F92/><W110/><G93/><T44/><D44/><U89/><E89/><V63/><F63/><W124/><G134/><T66/><D66/><RYUUKYOKU ba="0,0" sc="240,10,120,10,250,10,390,-30" hai0="9,11,56,60,67,72,76,79,81,84,97,102,105" hai1="6,7,22,23,55,58,61" hai2="8,13,24,28,29,30,33,73,78,80,91,94,99" /><INIT seed="1,1,0,0,4,88" ten="250,130,260,360" oya="1" hai0="4,0,117,23,59,42,87,96,104,53,66,38,115" hai1="30,122,12,100,55,105,94,58,34,8,120,129,29" hai2="77,102,10,64,78,28,41,101,13,52,132,54,93" hai3="14,91,79,89,39,134,133,18,123,68,11,49,6"/><U37/><E105/><V90/><F132/><N who="3" m="50795" /><G39/><T56/><D115/><U3/><E37/><V36/><F64/><W57/><G68/><T5/><D117/><U16/><E129/><V24/><F41/><W99/><G79/><N who="2" m="30217" /><F36/><W43/><G99/><T27/><D87/><U74/><E74/><V40/><F40/><W61/><G123/><T7/><D0/><U125/><E125/><V47/><F24/><W48/><G18/><T21/><D42/><U31/><E34/><V128/><F28/><W26/><G26/><T72/><D38/><U33/><E33/><V46/><F128/><W126/><G126/><T97/><D72/><U70/><E70/><V51/><F46/><N who="3" m="25695" /><G49/><N who="0" m="30767" /><D104/><U67/><E67/><AGARI ba="1,0" hai="6,11,14,57,61,67,89,91" m="25695,50795" machi="67" ten="30,1000,0" yaku="20,1" doraHai="88" who="3" fromWho="1" sc="250,0,130,-13,260,0,360,13" /><INIT seed="2,0,0,5,4,109" ten="250,117,260,373" oya="2" hai0="126,115,113,41,93,10,117,99,15,11,4,37,56" hai1="13,62,85,16,1,134,127,114,63,118,91,65,100" hai2="131,23,43,26,112,8,72,74,51,107,57,30,84" hai3="79,125,44,54,12,123,97,22,88,124,3,120,71"/><V128/><F107/><W48/><G79/><T17/><D126/><N who="3" m="48745" /><G71/><T6/><D117/><U90/><E127/><V32/><F112/><W18/><G3/><T102/><D17/><U110/><E110/><V76/><F32/><W108/><G108/><T24/><D24/><U103/><E1/><V47/><F8/><W33/><G33/><T96/><D96/><U21/><E118/><V104/><F104/><W59/><G44/><T40/><D56/><U68/><E134/><V82/><REACH who="2" step="1"/><F57/><REACH who="2" ten="250,117,250,373" step="2"/><W92/><AGARI ba="0,1" hai="12,18,22,48,54,59,88,92,97,120,123" m="48745" machi="92" ten="30,2000,0" yaku="18,1,54,1" doraHai="109" who="3" fromWho="3" sc="250,-5,117,-5,250,-10,373,30" /><INIT seed="3,0,0,5,3,3" ten="245,112,240,403" oya="3" hai0="133,13,65,4,51,116,84,113,61,77,22,71,64" hai1="126,14,124,121,27,105,108,92,123,15,99,24,42" hai2="37,130,40,95,129,103,114,81,74,20,72,9,59" hai3="52,55,125,109,53,98,7,18,104,100,5,30,112"/><W63/><G30/><T89/><D116/><U120/><E42/><V102/><F114/><W39/><G39/><T66/><D133/><U31/><E92/><V134/><F134/><W25/><G125/><T127/><D127/><U85/><E85/><V2/><F20/><W21/><G109/><T93/><D113/><U35/><E99/><V38/><F59/><W111/><G111/><T68/><D77/><U32/><E105/><V0/><F9/><W26/><G26/><T83/><D83/><U56/><E56/><V54/><F54/><W44/><G44/><T76/><D76/><U70/><E70/><V34/><F34/><W19/><G19/><T50/><D22/><U115/><E108/><V75/><F81/><W94/><G104/><T33/><D33/><U79/><E79/><V101/><F95/><W131/><G131/><N who="2" m="50185" /><F40/><W11/><G11/><T106/><D106/><U132/><E132/><V67/><F67/><W96/><G96/><T43/><D43/><U122/><N who="1" m="30720" /><DORA hai="119" /><U6/><E115/><V17/><F17/><W46/><G63/><T41/><D41/><U87/><E87/><V48/><F48/><W110/><G46/><T10/><D66/><U128/><E128/><V69/><F69/><W47/><G47/><T91/><D91/><U88/><E88/><V82/><F82/><W45/><G45/><T28/><D65/><U135/><E135/><V57/><F57/><W90/><G110/><T58/><D68/><U29/><E15/><V78/><F78/><W118/><G112/><T73/><D71/><U12/><E12/><V117/><F117/><RYUUKYOKU ba="0,0" sc="245,-15,112,15,240,15,403,-15" hai1="6,14,24,27,29,31,32,35,124,126" hai2="0,2,37,38,72,74,75,101,102,103" owari="230,-17.0,127,-37.3,255,5.5,388,48.8" /></mjloggm>