<mjloggm ver="2.3"><GO type="225" lobby="0"/><UN n0="%E3%83%B4%E3%83%A0%EF%BC%99%E3%81%A6" n1="%E5%82%8D%E8%8B%A5%E7%84%A1%E4%BA%BA%35%31" n2="%E3%83%96%E3%83%83%E3%83%91%E3%82%AA%E3%83%96%E3%83%81%E3%82%AD%E3%83%B3" n3="%E7%99%BD%E5%80%89%E5%AF%9B%E4%B9%8B" dan="17,16,16,16" rate="2147.75,2188.66,2149.67,2192.05" sx="M,M,M,M"/><TAIKYOKU oya="0"/><INIT seed="0,0,0,0,4,72" ten="250,250,250,250" oya="0" hai0="123,70,28,83,48,22,14,50,114,63,119,19,40" hai1="42,95,76,85,122,43,30,47,105,51,60,67,57" hai2="77,17,3,46,108,32,87,116,71,111,69,112,0" hai3="66,107,36,11,38,34,129,23,61,93,41,75,101"/><T37/><D114/><U44/><E105/><V96/><F112/><W99/><G34/><T90/><D119/><U15/><E122/><V126/><F32/><W102/><G129/><T8/><D123/><U88/><E30/><V49/><F116/><W106/><G75/><T26/><D37/><U55/><E15/><V16/><F96/><W13/><G23/><T18/><D40/><U92/><E76/><V29/><F29/><W25/><G25/><T131/><D131/><U53/><REACH who="1" step="1"/><E92/><REACH who="1" ten="250,240,250,250" step="2"/><V31/><F31/><W109/><G107/><T128/><D128/><U118/><E118/><V33/><F77/><W132/><G13/><T133/><D28/><U117/><E117/><V7/><F33/><W81/><G106/><T5/><D14/><U113/><E113/><V124/><F3/><W97/><G93/><T115/><D115/><U73/><E73/><V94/><F94/><W68/><G81/><T84/><D83/><U86/><E86/><V1/><F87/><W65/><G99/><T120/><D84/><U104/><E104/><V91/><F0/><W59/><G97/><T103/><D120/><U24/><E24/><V35/><F1/><W62/><G11/><T98/><D8/><U54/><E54/><V2/><F2/><W121/><G121/><T6/><D26/><U21/><E21/><V127/><F35/><W74/><G74/><T80/><D22/><U79/><E79/><V64/><F126/><W110/><G66/><N who="0" m="41311" /><D80/><U134/><E134/><V4/><F127/><W78/><G132/><T82/><D133/><U89/><E89/><V12/><F91/><RYUUKYOKU ba="0,1" sc="250,-10,240,30,250,-10,250,-10" hai1="42,43,44,47,51,53,55,57,60,67,85,88,95" /><INIT seed="1,1,1,1,2,34" ten="240,270,240,240" oya="1" hai0="121,117,52,61,122,78,83,88,57,105,74,5,92" hai1="3,42,99,17,62,73,128,87,120,133,2,67,125" hai2="40,48,90,134,68,31,84,80,8,131,33,58,106" hai3="75,36,72,41,32,56,107,11,63,39,9,22,59"/><U45/><E120/><N who="0" m="46185" /><D105/><U126/><E73/><V44/><F131/><W64/><G32/><T113/><D5/><U102/><E87/><V116/><F134/><W7/><G107/><T21/><D21/><U82/><E82/><V95/><F116/><W135/><G135/><T19/><D19/><U111/><E17/><V10/><F106/><W93/><G22/><T47/><D47/><U108/><E128/><V132/><F68/><W24/><G24/><T66/><D117/><U13/><E13/><V94/><F132/><W123/><G123/><T91/><D113/><U60/><E133/><V25/><F58/><W53/><G93/><T14/><D14/><U115/><E115/><V77/><REACH who="2" step="1"/><F95/><REACH who="2" ten="240,270,230,240" step="2"/><W127/><G59/><N who="0" m="37183" /><D92/><N who="1" m="58727" /><E62/><AGARI ba="1,2" hai="52,57,62,74,78,83,88,91" m="37183,46185" machi="62" ten="30,3900,0" yaku="13,1,54,2" doraHai="34" who="0" fromWho="1" sc="240,62,270,-42,230,0,240,0" /><INIT seed="2,0,0,4,1,38" ten="302,228,230,240" oya="2" hai0="67,54,10,128,48,126,44,53,35,100,92,78,82" hai1="72,7,57,59,74,64,119,68,79,43,135,23,39" hai2="9,129,110,42,16,21,14,29,133,30,117,114,71" hai3="33,32,85,62,91,15,46,49,8,26,124,47,1"/><V84/><F114/><W123/><G1/><T93/><D35/><U60/><E135/><V40/><F117/><W77/><G123/><T6/><D126/><U28/><E119/><V66/><F133/><W0/><G0/><T118/><D118/><U103/><E7/><N who="2" m="3391" /><F71/><W116/><G116/><T111/><D128/><U22/><E103/><V106/><F106/><W120/><G120/><T107/><D67/><U3/><E3/><V69/><F69/><W102/><G124/><T97/><D54/><U76/><E28/><N who="2" m="10859" /><F129/><W134/><G26/><T104/><D104/><U51/><E59/><V132/><F132/><W25/><G102/><T34/><D34/><U41/><E39/><V86/><F66/><W12/><G25/><T11/><D11/><U50/><E68/><V52/><F110/><W81/><G134/><T4/><D4/><U109/><E109/><V87/><F52/><W99/><G46/><T122/><D122/><U37/><E37/><V20/><F20/><N who="1" m="7721" /><E74/><V36/><F36/><W98/><G33/><T95/><D111/><U63/><E72/><V121/><F121/><W101/><G32/><T61/><D61/><N who="1" m="23627" /><E64/><V13/><AGARI ba="0,0" hai="13,16,21,40,42,84,86,87" m="10859,3391" machi="13" ten="30,11700,0" yaku="8,1,52,2,54,1" doraHai="38" who="2" fromWho="2" sc="302,-39,228,-39,230,117,240,-39" /><INIT seed="2,1,0,3,4,53" ten="263,189,347,201" oya="2" hai0="98,49,114,5,82,0,106,132,47,105,83,128,112" hai1="57,91,17,25,87,62,8,133,13,86,20,11,40" hai2="131,26,73,127,27,43,129,7,116,12,76,80,65" hai3="61,38,115,59,125,46,90,107,74,103,23,58,69"/><V24/><F116/><W81/><G125/><T19/><D0/><U32/><E133/><V52/><F43/><W130/><G130/><N who="2" m="49673" /><F127/><W88/><G115/><T89/><D5/><U118/><E118/><V120/><F65/><W67/><G38/><T113/><D128/><U42/><E32/><V33/><F120/><W85/><G46/><T68/><D68/><U110/><E110/><V45/><F33/><W50/><G50/><T31/><D31/><U36/><E36/><V2/><F2/><W35/><G90/><T124/><D124/><U16/><E11/><N who="2" m="4223" /><F27/><W18/><G35/><T78/><D132/><U28/><E28/><V14/><F14/><W21/><G21/><T92/><D19/><U9/><E9/><V4/><F4/><W56/><G74/><T22/><D22/><U111/><E111/><V119/><F119/><W72/><G72/><T104/><REACH who="0" step="1"/><D78/><REACH who="0" ten="253,189,347,201" step="2"/><U29/><E17/><V63/><F45/><W122/><G122/><T71/><D71/><U6/><E29/><V37/><F37/><W75/><G69/><T117/><D117/><U108/><E108/><V77/><F77/><N who="3" m="44223" /><G23/><T51/><D51/><U79/><E79/><V134/><F134/><W96/><G18/><T39/><D39/><U109/><E109/><V66/><F66/><W10/><G10/><T1/><D1/><U101/><E101/><V64/><F64/><W121/><G121/><T55/><AGARI ba="1,1" hai="47,49,55,82,83,89,92,98,104,105,106,112,113,114" machi="55" ten="40,2700,0" yaku="1,1,0,1,53,0" doraHai="53" doraHaiUra="30" who="0" fromWho="0" sc="253,40,189,-8,347,-14,201,-8" /><INIT seed="3,0,0,5,4,46" ten="293,181,333,193" oya="3" hai0="109,69,81,126,80,56,106,78,63,22,98,125,122" hai1="35,86,114,1,76,66,36,54,87,41,49,99,111" hai2="19,21,73,132,118,13,50,42,105,15,129,30,6" hai3="44,20,93,107,128,8,47,65,121,52,104,117,7"/><W103/><G117/><T123/><D69/><U70/><E111/><V24/><F118/><W90/><G121/><N who="0" m="46091" /><D22/><U124/><E114/><V89/><F73/><W43/><G128/><T40/><D40/><U85/><E124/><N who="0" m="47721" /><D109/><U92/><E35/><V120/><F120/><W32/><G32/><T112/><D112/><U102/><E1/><V39/><F129/><W119/><G119/><T29/><D29/><U97/><E99/><V79/><F39/><W134/><G103/><N who="0" m="62839" /><D78/><U60/><E36/><V16/><F79/><W130/><G20/><T68/><D68/><U77/><REACH who="1" step="1"/><E41/><REACH who="1" ten="293,171,333,193" step="2"/><V25/><F42/><W11/><G130/><T31/><D31/><U51/><E51/><V33/><F50/><W0/><G43/><T62/><D62/><U38/><E38/><V12/><F30/><W53/><G0/><T28/><D28/><U100/><E100/><V84/><F33/><W75/><G107/><T58/><D63/><U61/><E61/><V83/><F105/><W116/><G104/><T113/><D113/><U17/><E17/><V27/><F19/><W133/><G116/><T110/><D110/><U95/><E95/><V2/><F2/><N who="3" m="119" /><G65/><T91/><D81/><U37/><E37/><V59/><F83/><W108/><G108/><T10/><D80/><U5/><E5/><V64/><F6/><W18/><G18/><T127/><D127/><U34/><E34/><V74/><F64/><W26/><G26/><T71/><D71/><U23/><E23/><N who="2" m="13415" /><F25/><W88/><G11/><T115/><D115/><U101/><E101/><V3/><F27/><W14/><G14/><RYUUKYOKU ba="0,1" sc="293,-10,171,30,333,-10,193,-10" hai1="49,54,60,66,70,76,77,85,86,87,92,97,102" owari="283,8.3,201,-19.9,333,43.3,183,-31.7" /></mjloggm>