<mjloggm ver="2.3"><GO type="225" lobby="0"/><UN n0="%E6%A1%9C%E8%8A%B1%E9%96%83%E3%80%85" n1="%70%6E%64%73%6E%67" n2="%72%61%6B%33" n3="%E3%81%82%E3%81%84%E3%81%82%E3%81%8A%E3%81%84" dan="16,16,16,18" rate="2154.27,2117.26,2087.54,2225.78" sx="M,M,M,M"/><TAIKYOKU oya="0"/><INIT seed="0,0,0,3,0,64" ten="250,250,250,250" oya="0" hai0="126,124,1,6,97,3,59,14,5,77,94,92,80" hai1="62,28,48,60,37,96,63,39,8,16,53,86,102" hai2="50,40,130,74,135,19,114,36,23,33,44,13,15" hai3="72,2,81,57,100,83,122,71,134,31,35,30,25"/><T56/><D14/><U103/><E28/><V12/><F114/><W88/><G2/><T21/><D21/><U99/><E86/><V82/><F130/><W119/><G119/><T4/><D80/><U108/><E108/><V17/><F135/><W27/><G134/><T127/><D77/><U38/><E8/><V118/><F118/><W109/><G109/><T65/><D65/><U7/><E16/><V46/><F33/><W20/><G122/><T79/><D79/><U133/><E133/><V34/><F34/><W66/><G72/><T90/><REACH who="0" step="1"/><D94/><REACH who="0" ten="240,250,250,250" step="2"/><U112/><E112/><V67/><F67/><W87/><G83/><T113/><D113/><U41/><E7/><V93/><F93/><W68/><REACH who="3" step="1"/><G100/><REACH who="3" ten="240,250,250,240" step="2"/><T61/><D61/><AGARI ba="0,2" hai="20,25,27,30,31,35,57,61,66,68,71,81,87,88" machi="61" ten="40,8000,1" yaku="1,1,2,1,52,2,54,1,53,0" doraHai="64" doraHaiUra="125" who="3" fromWho="0" sc="240,-80,250,0,250,0,240,100" /><INIT seed="1,0,0,3,1,82" ten="160,250,250,340" oya="1" hai0="50,37,86,30,100,102,97,43,40,90,80,18,103" hai1="119,128,126,55,56,74,129,114,7,89,46,73,60" hai2="106,10,135,51,112,70,9,66,71,110,64,69,120" hai3="26,92,127,61,75,96,95,76,58,98,65,121,44"/><U104/><E114/><V131/><F106/><W125/><G121/><T5/><D37/><U85/><E119/><V123/><F112/><W111/><G111/><T49/><D30/><U67/><E104/><V19/><F19/><W0/><G0/><T23/><D5/><U48/><E7/><V39/><F39/><W84/><G75/><T62/><D62/><U91/><E91/><V3/><F3/><W133/><G133/><T53/><D97/><U116/><E116/><V27/><F27/><W109/><G109/><T14/><REACH who="0" step="1"/><D50/><REACH who="0" ten="150,250,250,340" step="2"/><U21/><E126/><V45/><F110/><W108/><G61/><T77/><D77/><U13/><E129/><V6/><F131/><W94/><G98/><T124/><D124/><U93/><REACH who="1" step="1"/><E128/><REACH who="1" ten="150,240,250,340" step="2"/><V33/><F6/><W1/><G127/><T107/><D107/><U38/><E38/><V12/><F123/><W11/><G125/><T41/><D41/><U134/><E134/><V20/><F120/><W83/><G108/><T25/><D25/><U88/><E88/><V35/><F135/><W87/><G26/><T122/><D122/><U59/><E59/><AGARI ba="0,2" hai="14,18,23,40,43,49,53,59,80,86,90,100,102,103" machi="59" ten="40,5200,0" yaku="1,1,8,1,52,1,53,0" doraHai="82" doraHaiUra="42" who="0" fromWho="1" sc="150,72,240,-52,250,0,340,0" /><INIT seed="2,0,0,3,0,22" ten="222,188,250,340" oya="2" hai0="121,92,115,52,16,91,74,0,103,135,17,86,12" hai1="95,87,50,123,38,81,9,33,109,119,112,93,116" hai2="37,114,132,99,11,64,71,8,65,105,2,106,60" hai3="34,44,94,98,14,76,111,20,35,47,31,120,21"/><V124/><F114/><W29/><G111/><T117/><D115/><U70/><E38/><V129/><F37/><W61/><G120/><T51/><D121/><U85/><E33/><V66/><F124/><W4/><G76/><T27/><D0/><U67/><E70/><V104/><F129/><W118/><G118/><T54/><D117/><U10/><E67/><V127/><F127/><W96/><G94/><N who="0" m="54647" /><D74/><U36/><E36/><V100/><F132/><W48/><G48/><T13/><D135/><U46/><E112/><V43/><F43/><W110/><G14/><N who="0" m="5739" /><D27/><U107/><E107/><V23/><F23/><W25/><G110/><T15/><N who="0" m="5747" /><T83/><DORA hai="82" /><D83/><U18/><E109/><V73/><F73/><W62/><G4/><T72/><D72/><U79/><E123/><V90/><F2/><W102/><G102/><T68/><D68/><U69/><E69/><V45/><F100/><W40/><G40/><T39/><D39/><U133/><E133/><V19/><F71/><W78/><G78/><T41/><D41/><N who="1" m="24911" /><E119/><V3/><F3/><W89/><G89/><T113/><D113/><U101/><E116/><V134/><F134/><W1/><G1/><T130/><D130/><U108/><E108/><V28/><F90/><W6/><G6/><T56/><D54/><U128/><E128/><V84/><F66/><W30/><G30/><T49/><D49/><U59/><E101/><V42/><F65/><W7/><G7/><T97/><AGARI ba="0,0" hai="16,17,51,52,56,92,97,103" m="5747,54647" machi="97" ten="40,8000,1" yaku="8,1,52,1,54,2" doraHai="22,82" who="0" fromWho="0" sc="222,80,188,-20,250,-40,340,-20" /><INIT seed="3,0,0,0,1,17" ten="302,168,210,320" oya="3" hai0="71,82,112,100,135,132,73,8,72,110,31,29,63" hai1="27,87,81,89,49,124,65,86,131,117,13,67,62" hai2="90,111,40,36,69,59,84,10,83,51,88,53,11" hai3="52,79,19,80,115,32,37,120,91,68,109,18,2"/><W30/><G115/><T130/><D112/><U66/><E124/><V55/><F111/><W101/><G68/><T58/><D71/><U35/><E131/><V76/><F69/><W3/><G37/><T50/><D110/><U93/><E117/><V125/><F125/><W0/><G101/><T43/><D100/><U24/><E62/><V92/><F90/><W41/><G41/><T6/><D50/><U64/><N who="1" m="16384" /><DORA hai="105" /><U34/><E13/><V119/><F119/><W78/><G120/><T16/><D16/><N who="3" m="6185" /><G91/><T97/><D43/><U1/><E1/><V75/><REACH who="2" step="1"/><F53/><REACH who="2" ten="302,168,200,320" step="2"/><W42/><G52/><N who="0" m="34247" /><D130/><U54/><E35/><V123/><F123/><W21/><G32/><T45/><D97/><U94/><E34/><V99/><F99/><W126/><G126/><T44/><D135/><U102/><E102/><V9/><F9/><W25/><G109/><T20/><D8/><U118/><E118/><V134/><F134/><W113/><G113/><T60/><D132/><U38/><E38/><V23/><F23/><W22/><G22/><T70/><D20/><U47/><REACH who="1" step="1"/><E94/><REACH who="1" ten="302,158,200,320" step="2"/><V98/><F98/><W7/><G0/><T116/><D116/><U26/><E26/><V122/><F122/><W85/><G2/><T96/><D70/><U103/><E103/><V108/><F108/><W127/><G3/><T133/><D133/><U48/><E48/><V28/><F28/><W4/><G127/><T129/><D31/><U33/><E33/><V46/><AGARI ba="0,2" hai="10,11,36,40,46,51,55,59,75,76,83,84,88,92" machi="46" ten="30,12000,2" yaku="1,1,0,1,52,1,54,1,53,2" doraHai="17,105" doraHaiUra="106,39" who="2" fromWho="2" sc="302,-30,158,-30,200,140,320,-60" owari="272,7.2,128,-37.2,340,44.0,260,-14.0" /></mjloggm>