<mjloggm ver="2.3"><GO type="225" lobby="0"/><UN n0="%33%74%72%65%65" n1="%E3%83%A9%E3%83%BC%E3%83%A1%E3%83%B3%E4%BA%94%E9%83%8E" n2="%E6%A1%9C%E8%8A%B1%E9%96%83%E3%80%85" n3="%E5%B0%8F%E9%B3%A5%E9%81%8A%E7%B7%B4%E7%84%A1%32%31%E6%AD%B3" dan="17,16,16,17" rate="2140.95,2110.94,2226.71,2200.40" sx="M,M,M,F"/><TAIKYOKU oya="0"/><INIT seed="0,0,0,4,4,89" ten="250,250,250,250" oya="0" hai0="110,86,99,77,43,90,85,129,15,18,60,29,32" hai1="134,132,19,123,104,33,28,36,55,16,4,71,62" hai2="120,82,25,119,8,48,111,58,133,81,112,17,2" hai3="70,13,76,5,113,106,11,23,98,74,130,107,63"/><T79/><D129/><U31/><E123/><V54/><F120/><W101/><G130/><T51/><D110/><U92/><E104/><V6/><F112/><W91/><G76/><N who="0" m="29259" /><D32/><U26/><E36/><V69/><F111/><W38/><G38/><T87/><D29/><U124/><E124/><V80/><F133/><N who="1" m="51305" /><E4/><V135/><F135/><W39/><G39/><T68/><D68/><U47/><E71/><V72/><F69/><W95/><G74/><T96/><D60/><U30/><E62/><V53/><F119/><W88/><G23/><N who="0" m="11743" /><D90/><U24/><E30/><V65/><F65/><W131/><G131/><T128/><D128/><U20/><E92/><V115/><F115/><W9/><G113/><T122/><D122/><U41/><E41/><V117/><F117/><W114/><G114/><T116/><D116/><U52/><E55/><V57/><F72/><W84/><G9/><T61/><D61/><U66/><E66/><V50/><F81/><W7/><G7/><T100/><D100/><U35/><E35/><V118/><F118/><W125/><G125/><T59/><D43/><U102/><E102/><V127/><F127/><W1/><G101/><T97/><D85/><U67/><E67/><V22/><AGARI ba="0,0" hai="2,6,8,17,22,25,48,50,53,54,57,58,80,82" machi="22" ten="30,2000,0" yaku="0,1,9,1" doraHai="89" who="2" fromWho="2" sc="250,-10,250,-5,250,20,250,-5" /><INIT seed="1,0,0,0,3,134" ten="240,245,270,245" oya="1" hai0="65,32,108,82,54,98,97,89,18,8,47,76,132" hai1="61,14,100,45,25,24,51,77,125,57,49,15,68" hai2="123,121,7,63,58,39,71,41,2,6,109,119,4" hai3="74,53,34,16,101,43,38,79,84,42,19,87,104"/><U23/><E68/><V56/><F119/><W130/><G34/><T106/><D132/><U30/><E77/><V102/><F2/><W113/><G74/><T115/><D115/><U107/><E107/><V60/><F71/><W135/><G79/><T20/><D32/><U27/><E100/><V28/><F28/><W110/><G101/><T83/><D108/><U9/><E14/><V67/><F102/><W1/><G135/><T111/><D111/><U22/><E22/><V99/><F99/><W112/><G110/><T55/><D65/><N who="1" m="39087" /><E125/><V72/><F72/><W29/><G104/><T118/><D118/><U114/><E114/><V37/><F109/><W96/><G96/><N who="0" m="36971" /><D106/><U66/><E66/><V50/><F50/><N who="1" m="18953" /><E45/><V17/><F17/><AGARI ba="0,0" hai="9,15,17,23,24,25,27,30" m="18953,39087" machi="17" ten="30,1500,0" yaku="8,1" doraHai="134" who="1" fromWho="2" sc="240,0,245,15,270,-15,245,0" /><INIT seed="1,1,0,1,3,20" ten="240,260,255,245" oya="1" hai0="75,62,57,117,92,9,5,0,53,102,132,98,42" hai1="78,60,14,34,131,66,11,61,31,96,97,13,112" hai2="76,24,129,49,135,38,63,10,26,127,95,124,27" hai3="59,111,7,39,106,8,119,133,94,80,4,122,118"/><U16/><E112/><V2/><F38/><W15/><G106/><T41/><D132/><U120/><E120/><V128/><F135/><W109/><G39/><T81/><REACH who="0" step="1"/><D117/><REACH who="0" ten="230,260,255,245" step="2"/><U64/><E131/><V47/><F128/><W93/><G133/><T100/><D100/><U40/><E66/><V65/><F129/><W35/><G122/><T43/><D43/><U12/><E40/><V6/><F76/><AGARI ba="1,1" hai="0,5,9,41,42,53,57,62,75,76,81,92,98,102" machi="76" ten="40,1300,0" yaku="1,1,53,0" doraHai="20" doraHaiUra="134" who="0" fromWho="2" sc="230,26,260,0,255,-16,245,0" /><INIT seed="2,0,0,4,5,68" ten="256,260,239,245" oya="2" hai0="106,22,42,114,13,100,43,89,132,47,3,9,41" hai1="103,29,74,35,31,67,44,128,101,107,126,110,5" hai2="123,96,26,112,55,52,66,127,16,85,90,108,7" hai3="0,84,54,92,10,98,1,39,60,118,37,71,56"/><V135/><F112/><W4/><G118/><T50/><D114/><U21/><E35/><V95/><F123/><W77/><G71/><T45/><D132/><U131/><E74/><V23/><F135/><W34/><G34/><T81/><D3/><U97/><E110/><V32/><F108/><W129/><G0/><T57/><D22/><U30/><E126/><V2/><F127/><W113/><G129/><N who="1" m="49738" /><E5/><V83/><F32/><W104/><G104/><T122/><D122/><U63/><E103/><V65/><F7/><W48/><G113/><T51/><D57/><N who="1" m="37359" /><E44/><N who="0" m="16969" /><D100/><U111/><E111/><V134/><F2/><W11/><G11/><T8/><D106/><U87/><E87/><V78/><F134/><W79/><G84/><N who="0" m="50319" /><D8/><U36/><E36/><V58/><F55/><W17/><G48/><AGARI ba="0,0" hai="16,23,26,48,52,58,65,66,78,83,85,90,95,96" machi="48" ten="30,11600,0" yaku="7,1,8,1,54,2" doraHai="68" who="2" fromWho="3" sc="256,0,260,0,239,116,245,-116" /><INIT seed="2,1,0,2,2,71" ten="256,260,355,129" oya="2" hai0="43,118,41,109,135,40,70,14,7,24,105,64,108" hai1="86,22,82,3,49,81,35,5,2,9,78,92,60" hai2="99,102,33,121,54,117,23,73,59,68,116,107,13" hai3="37,45,90,0,77,75,131,93,103,42,44,17,26"/><V76/><F121/><W123/><G123/><T112/><D112/><U98/><E35/><V31/><F68/><W1/><G103/><T114/><D114/><U50/><E2/><V84/><F73/><W48/><G131/><T8/><D135/><U51/><E82/><V39/><F39/><W66/><G66/><T52/><D118/><U83/><E83/><V133/><F33/><W85/><G77/><T91/><D105/><U16/><E60/><V89/><F76/><W53/><G75/><T34/><D64/><U32/><E32/><V4/><F133/><W6/><G6/><T110/><D70/><U96/><REACH who="1" step="1"/><E92/><REACH who="1" ten="256,250,355,129" step="2"/><N who="2" m="58727" /><F117/><W122/><REACH who="3" step="1"/><G122/><REACH who="3" ten="256,250,355,119" step="2"/><T61/><D109/><U94/><E94/><V27/><F116/><W97/><G97/><T65/><D110/><U101/><E101/><V87/><F107/><W129/><G129/><T58/><D108/><U74/><E74/><V104/><F104/><W106/><G106/><T130/><D130/><U21/><E21/><AGARI ba="1,2" hai="0,1,17,21,26,37,42,44,45,48,53,85,90,93" machi="21" ten="40,5200,0" yaku="1,1,52,1,53,1" doraHai="71" doraHaiUra="20" who="3" fromWho="1" sc="256,0,250,-55,355,0,119,75" /><INIT seed="3,0,0,0,0,108" ten="256,195,355,194" oya="3" hai0="2,23,107,100,66,27,91,88,72,19,36,125,133" hai1="17,44,116,96,38,128,130,12,71,104,115,81,16" hai2="119,60,40,35,47,79,78,110,22,50,31,97,109" hai3="76,42,64,56,83,113,85,58,41,68,67,29,89"/><W65/><G68/><T46/><D125/><U6/><E116/><V51/><F35/><W90/><G29/><T39/><D133/><U120/><E120/><V84/><F119/><W103/><G103/><T37/><D72/><U53/><E71/><V4/><F4/><W118/><G118/><T131/><D131/><N who="1" m="50219" /><E115/><V61/><F97/><W45/><G113/><T15/><D2/><U132/><E132/><V55/><F84/><W126/><G126/><T87/><D66/><U57/><E81/><V99/><F99/><W114/><G114/><T121/><D121/><U134/><E134/><V70/><F70/><W7/><G7/><T43/><D107/><U93/><E104/><V105/><F105/><W3/><G3/><T62/><D62/><N who="2" m="24170" /><F22/><W30/><G30/><T95/><D100/><N who="1" m="60431" /><E6/><V92/><F92/><W86/><G76/><T5/><D91/><U112/><E112/><V77/><F31/><W49/><G41/><T127/><D127/><U25/><E17/><V98/><F98/><W32/><G32/><T28/><D5/><U74/><E16/><V9/><F9/><AGARI ba="0,0" hai="9,15,19,23,27,28,36,37,39,43,46,87,88,95" machi="9" ten="30,2000,0" yaku="7,1,54,1" doraHai="108" who="0" fromWho="2" sc="256,20,195,0,355,-20,194,0" owari="276,7.6,195,-20.5,335,43.5,194,-30.6" /></mjloggm>