<mjloggm ver="2.3"><GO type="225" lobby="0"/><UN n0="%E4%B8%8A%E4%BA%95%E8%8D%89" n1="%E7%B4%94%E6%BD%94%E3%83%94%E3%83%A9%E3%83%8B%E3%82%A2" n2="%E3%81%8B%E3%82%8F%E3%81%A1%E3%82%83%E3%82%93%35%38" n3="%E6%81%A5%E6%99%92%E3%81%97" dan="16,16,16,17" rate="2098.85,2140.79,2165.55,2174.57" sx="M,M,M,M"/><TAIKYOKU oya="0"/><INIT seed="0,0,0,1,2,119" ten="250,250,250,250" oya="0" hai0="134,78,126,45,20,97,11,67,102,22,112,63,88" hai1="91,48,24,6,121,92,81,58,83,7,17,111,55" hai2="122,37,99,29,16,129,71,15,10,0,86,114,68" hai3="133,50,59,82,79,39,125,100,75,85,25,2,49"/><T30/><D112/><U113/><E111/><V13/><F114/><W65/><G39/><T26/><D134/><U53/><E53/><V61/><F0/><W124/><G133/><T21/><D126/><N who="3" m="48745" /><G2/><T62/><D78/><U98/><E121/><V56/><F129/><W118/><G118/><T4/><D45/><U120/><E120/><V84/><F122/><W80/><G100/><T1/><D62/><U107/><E107/><V117/><F117/><W132/><G25/><T74/><D74/><U18/><E113/><V128/><F128/><W8/><G8/><T90/><D21/><N who="1" m="13359" /><E18/><V31/><F37/><W52/><G65/><T110/><D22/><U131/><E131/><V27/><F15/><W103/><G103/><T130/><D110/><U54/><E54/><V76/><F31/><W105/><G105/><T3/><D3/><U36/><E36/><V101/><F71/><W19/><G19/><T44/><D44/><U87/><E81/><V95/><F68/><W135/><G49/><T9/><D9/><U72/><E72/><V69/><F69/><W57/><G59/><N who="0" m="37375" /><D130/><U12/><E12/><V60/><F60/><W64/><G64/><T127/><D127/><U96/><E96/><V38/><F38/><W108/><G108/><T42/><D42/><U5/><E6/><V14/><F14/><W23/><G23/><T116/><D116/><U104/><E104/><V47/><F47/><W41/><G41/><T32/><D32/><U115/><E115/><V77/><F61/><W73/><G73/><T33/><D33/><U70/><E70/><V28/><F56/><RYUUKYOKU ba="0,0" sc="250,10,250,10,250,-30,250,10" hai0="1,4,11,20,26,30,88,90,97,102" hai1="5,7,48,55,58,83,87,91,92,98" hai3="50,52,57,75,79,80,82,85,132,135" /><INIT seed="0,1,0,3,4,7" ten="260,260,220,260" oya="0" hai0="130,94,0,87,39,133,29,108,31,52,42,83,49" hai1="109,34,13,74,5,112,54,64,119,33,30,132,21" hai2="69,101,24,99,106,25,125,97,27,36,11,28,48" hai3="78,111,82,79,43,38,100,115,18,107,46,129,88"/><T73/><D133/><U26/><E74/><V57/><F36/><W70/><G115/><T124/><D124/><U84/><E119/><V81/><F69/><W41/><G70/><T116/><D116/><U59/><E112/><V98/><F125/><W60/><G111/><T12/><D0/><U47/><E109/><V131/><F131/><W22/><G129/><T134/><D130/><U103/><E132/><V15/><F28/><W8/><G43/><T118/><D108/><U93/><E47/><V2/><F2/><W37/><G60/><T55/><D55/><U16/><E5/><V19/><REACH who="2" step="1"/><F81/><REACH who="2" ten="260,260,210,260" step="2"/><W50/><G37/><T104/><D134/><U91/><E103/><V1/><F1/><W44/><G100/><T65/><D118/><U10/><REACH who="1" step="1"/><E64/><REACH who="1" ten="260,250,210,260" step="2"/><V72/><F72/><W122/><G122/><T127/><D65/><U40/><E40/><V135/><F135/><W90/><G41/><T123/><D42/><U9/><E9/><V35/><F35/><W120/><G8/><T102/><D123/><U32/><E32/><V3/><F3/><W66/><G120/><T105/><D127/><U71/><E71/><V95/><F95/><W20/><G66/><T4/><D102/><U51/><AGARI ba="1,2" hai="10,13,16,21,26,30,33,34,51,54,59,84,91,93" machi="51" ten="20,8000,1" yaku="1,1,0,1,7,1,52,1,54,1,53,0" doraHai="7" doraHaiUra="92" who="1" fromWho="1" sc="260,-41,250,103,210,-21,260,-21" /><INIT seed="1,0,0,0,3,33" ten="219,353,189,239" oya="1" hai0="0,106,131,87,114,121,12,101,107,98,99,132,62" hai1="3,53,36,4,86,46,88,93,10,14,130,128,95" hai2="77,120,23,124,78,49,15,100,123,34,19,37,97" hai3="103,7,47,48,113,117,40,133,82,102,96,54,31"/><U110/><E110/><V8/><F34/><W45/><G113/><T129/><D12/><U73/><E73/><V90/><F37/><W18/><G133/><T11/><D114/><U72/><E72/><V76/><F124/><W59/><G31/><T127/><D62/><U24/><E24/><V58/><F123/><W67/><G117/><T84/><D121/><U70/><E70/><V116/><F116/><W91/><G7/><N who="0" m="1511" /><D132/><U38/><E93/><V63/><F120/><W111/><G111/><T30/><D30/><U68/><E68/><V52/><F90/><W44/><G18/><T32/><D32/><U56/><E14/><V83/><F83/><W94/><G67/><T122/><D122/><U22/><E22/><V21/><REACH who="2" step="1"/><F63/><REACH who="2" ten="219,353,179,239" step="2"/><W64/><G82/><T89/><D127/><U13/><E36/><V2/><F2/><W1/><G1/><T9/><D89/><U66/><E3/><V60/><F60/><N who="3" m="37919" /><G103/><N who="0" m="62839" /><D9/><U79/><E88/><V50/><F50/><N who="3" m="26887" /><G102/><T35/><D35/><U28/><E10/><V134/><F134/><W118/><G118/><T29/><D29/><U115/><E28/><V6/><F6/><W85/><G96/><T126/><D126/><U17/><E4/><V61/><F61/><W92/><G92/><AGARI ba="0,1" hai="8,15,19,21,23,49,52,58,76,77,78,92,97,100" machi="92" ten="40,5200,0" yaku="1,1,8,1,54,1,53,0" doraHai="33" doraHaiUra="41" who="2" fromWho="3" sc="219,0,353,0,179,62,239,-52" /><INIT seed="2,0,0,3,1,94" ten="219,353,241,187" oya="2" hai0="93,108,77,85,15,124,99,2,34,130,129,21,36" hai1="73,60,25,134,64,55,110,101,82,120,111,37,18" hai2="1,66,103,19,10,9,84,48,71,75,106,63,4" hai3="92,119,83,46,128,107,90,26,76,95,122,57,3"/><V131/><F75/><W78/><G3/><T61/><D2/><U96/><E37/><V50/><F131/><N who="0" m="50186" /><D34/><U16/><E55/><V105/><F84/><W38/><G128/><T53/><D36/><U23/><E120/><V112/><F112/><W113/><G122/><T62/><D108/><N who="1" m="41515" /><E134/><V14/><REACH who="2" step="1"/><F106/><REACH who="2" ten="219,353,231,187" step="2"/><W28/><G107/><T79/><D85/><U109/><E109/><V44/><F44/><W17/><G113/><T52/><D124/><U74/><E82/><V47/><F47/><W32/><G46/><T8/><D77/><U118/><E118/><V13/><F13/><W102/><G119/><T31/><D79/><U27/><E27/><V54/><F54/><N who="0" m="21098" /><D8/><U40/><E40/><V80/><F80/><W20/><G78/><T59/><D15/><U43/><E43/><V98/><AGARI ba="0,1" hai="1,4,9,10,14,19,48,50,63,66,71,98,103,105" machi="98" ten="30,6000,0" yaku="1,1,0,1,52,1,53,0" doraHai="94" doraHaiUra="51" who="2" fromWho="2" sc="219,-20,353,-20,231,70,187,-20" /><INIT seed="2,1,0,0,3,10" ten="199,333,301,167" oya="2" hai0="18,39,15,72,58,17,9,67,34,86,30,38,43" hai1="2,20,35,74,91,111,57,106,73,83,6,14,59" hai2="105,36,134,77,37,80,32,96,65,53,40,135,79" hai3="11,54,31,62,5,103,81,88,99,117,120,55,132"/><V128/><F32/><W114/><G132/><N who="2" m="50729" /><F40/><W125/><G117/><T85/><D72/><U121/><E106/><V115/><F115/><W126/><G120/><T78/><D43/><U69/><E69/><V104/><F128/><W133/><G133/><T49/><D34/><U87/><E35/><V123/><F123/><W61/><G31/><T28/><D78/><N who="2" m="29706" /><F80/><W94/><G114/><T7/><D67/><U124/><E74/><V70/><F53/><N who="3" m="19979" /><G125/><T33/><D33/><U8/><E124/><V71/><F96/><W46/><G46/><T89/><D7/><U21/><E73/><V19/><F19/><W26/><G126/><T25/><D38/><N who="2" m="14954" /><F65/><W93/><G81/><N who="0" m="49327" /><D39/><U118/><E118/><V107/><AGARI ba="1,0" hai="70,71,104,105,107" m="14954,29706,50729" machi="107" ten="40,7800,0" yaku="28,2,20,1" doraHai="10" who="2" fromWho="2" sc="199,-27,333,-27,301,81,167,-27" /><INIT seed="2,2,0,3,1,30" ten="172,306,382,140" oya="2" hai0="62,24,78,75,17,57,68,37,59,21,77,10,119" hai1="61,51,28,69,5,43,130,50,79,35,106,124,72" hai2="56,83,74,53,121,104,94,109,71,65,80,103,70" hai3="39,18,84,116,82,99,89,128,9,6,42,47,27"/><V115/><F115/><W108/><G108/><T86/><D37/><U8/><E124/><V12/><F121/><W54/><G128/><T98/><D119/><U64/><E130/><V41/><F104/><W100/><G116/><T81/><D75/><U45/><E106/><V1/><F1/><W126/><G126/><T55/><D68/><U34/><E28/><V2/><F2/><W117/><G117/><T29/><D59/><U20/><E20/><V23/><F94/><W31/><G54/><T48/><D48/><U15/><REACH who="1" step="1"/><E50/><REACH who="1" ten="172,296,382,140" step="2"/><N who="2" m="30775" /><F23/><W92/><G18/><T122/><D122/><U66/><E66/><V44/><F65/><W133/><G133/><T107/><D29/><U25/><E25/><V22/><F22/><W60/><G31/><T7/><D107/><U110/><E110/><V32/><F109/><W132/><G132/><T114/><D114/><U19/><E19/><V135/><F135/><W93/><G27/><T40/><D7/><U102/><E102/><V14/><F103/><W101/><G60/><T97/><D10/><U112/><E112/><V52/><F32/><W111/><G111/><T91/><D40/><U26/><E26/><V0/><F41/><W88/><REACH who="3" step="1"/><G93/><REACH who="3" ten="172,296,382,130" step="2"/><T123/><D123/><U63/><E63/><V58/><F52/><W90/><G90/><T67/><D67/><U38/><E38/><V85/><F83/><AGARI ba="2,2" hai="5,8,15,34,35,43,45,51,61,64,69,72,79,83" machi="83" ten="40,5200,0" yaku="1,1,52,2,53,0" doraHai="30" doraHaiUra="16" who="1" fromWho="2" sc="172,0,296,78,382,-58,130,0" /><INIT seed="3,0,0,5,5,57" ten="172,374,324,130" oya="3" hai0="45,80,128,47,31,28,127,117,20,105,1,49,50" hai1="112,39,72,110,100,73,51,37,123,129,61,91,66" hai2="55,62,134,116,14,68,4,7,101,33,79,125,15" hai3="54,99,29,32,122,67,133,109,87,69,70,108,53"/><W35/><G122/><T95/><D105/><U65/><E112/><V34/><F116/><W17/><G87/><T113/><D117/><U126/><E123/><V56/><F125/><W25/><G17/><T6/><D127/><U43/><E126/><V97/><F134/><W124/><G124/><T130/><D113/><U64/><E61/><V107/><F79/><W26/><G99/><T42/><D80/><U52/><E43/><V13/><REACH who="2" step="1"/><F68/><REACH who="2" ten="172,374,314,130" step="2"/><N who="3" m="26219" /><G67/><T18/><D1/><U81/><E64/><V5/><AGARI ba="0,1" hai="4,5,7,13,14,15,33,34,55,56,62,97,101,107" machi="5" ten="30,4000,0" yaku="1,1,0,1,52,1,53,0" doraHai="57" doraHaiUra="21" who="2" fromWho="2" sc="172,-10,374,-10,314,50,130,-20" owari="162,-23.8,364,46.4,364,16.4,110,-39.0" /></mjloggm>