<mjloggm ver="2.3"><GO type="225" lobby="0"/><UN n0="%E3%83%81%E3%83%83%E3%82%BF%E3%82%BD%E3%83%BC" n1="%E6%98%93%E5%88%A9%E8%96%A9%E4%BC%AF" n2="%E3%83%A9%E3%82%B9%E7%8E%87%EF%BC%93%E5%89%B2" n3="%E5%A4%8F%E9%88%B4%E9%88%B4%E5%A4%8F" dan="16,17,16,16" rate="2132.53,2125.03,2193.62,2101.64" sx="F,F,F,F"/><TAIKYOKU oya="0"/><INIT seed="0,0,0,2,3,26" ten="250,250,250,250" oya="0" hai0="34,114,9,99,27,64,25,66,47,102,92,33,39" hai1="36,76,10,134,89,106,125,81,78,3,12,23,38" hai2="50,73,88,128,17,127,105,98,65,48,120,135,49" hai3="75,130,43,41,121,117,56,77,109,30,72,45,74"/><T133/><D114/><U28/><E106/><V70/><F120/><W91/><G117/><T108/><D133/><U42/><E134/><V80/><F135/><W83/><G109/><T40/><D108/><U116/><E116/><V15/><F128/><W55/><G130/><T123/><D123/><U132/><E125/><V68/><F127/><W115/><G115/><T54/><D9/><U5/><E89/><V107/><F65/><W69/><G69/><T59/><D27/><U2/><E132/><V71/><F73/><W122/><G91/><T22/><D33/><U96/><E96/><V7/><F7/><W20/><G41/><T44/><D44/><U94/><E94/><V85/><REACH who="2" step="1"/><F98/><REACH who="2" ten="250,250,240,250" step="2"/><W29/><G122/><T131/><D131/><U1/><E5/><V52/><F52/><W95/><G121/><T11/><D34/><U19/><E42/><V124/><F124/><W110/><G110/><T37/><D39/><U4/><E38/><V58/><F58/><W24/><G75/><T61/><REACH who="0" step="1"/><D11/><AGARI ba="0,1" hai="11,15,17,48,49,50,68,70,71,80,85,88,105,107" machi="11" ten="50,3200,0" yaku="1,1,54,1,53,0" doraHai="26" doraHaiUra="112" who="2" fromWho="0" sc="250,-32,250,0,240,42,250,0" /><INIT seed="1,0,0,2,0,106" ten="218,250,282,250" oya="1" hai0="119,128,109,102,54,105,101,0,52,115,68,28,4" hai1="86,27,84,69,42,21,26,80,135,108,36,40,118" hai2="14,62,57,77,59,6,56,111,17,132,96,8,34" hai3="37,49,67,35,92,83,5,46,39,7,130,81,82"/><U100/><E118/><V123/><F111/><W29/><G67/><T75/><D28/><U32/><E69/><V11/><F132/><W104/><G104/><T48/><D4/><U53/><E135/><V12/><F123/><W43/><G130/><T93/><D93/><U65/><E65/><V9/><F34/><W97/><G29/><T94/><D94/><U44/><E32/><V30/><F30/><W131/><G35/><T22/><D22/><U76/><E42/><V16/><F77/><W89/><REACH who="3" step="1"/><G131/><REACH who="3" ten="218,250,282,240" step="2"/><T134/><D128/><U50/><E108/><V13/><REACH who="2" step="1"/><F96/><REACH who="2" ten="218,250,272,240" step="2"/><W70/><G70/><T107/><D68/><U124/><E124/><V112/><F112/><W87/><G87/><T33/><D115/><U79/><E84/><V85/><F85/><W23/><G23/><T117/><D33/><U63/><E86/><V60/><AGARI ba="0,2" hai="6,8,9,11,12,13,14,16,17,56,57,59,60,62" machi="60" ten="30,8000,1" yaku="1,1,0,1,9,1,8,1,54,1,53,0" doraHai="106" doraHaiUra="116" who="2" fromWho="2" sc="218,-20,250,-40,272,100,240,-20" /><INIT seed="2,0,0,5,4,92" ten="198,210,372,220" oya="2" hai0="64,118,53,90,102,127,28,103,38,105,128,34,57" hai1="87,51,42,40,1,95,26,94,15,50,135,21,97" hai2="55,10,81,69,46,14,27,66,134,65,108,120,98" hai3="37,71,36,61,33,73,121,86,4,52,3,84,30"/><V111/><F120/><W9/><G73/><T110/><D38/><U58/><E1/><V91/><F134/><W106/><G121/><T22/><D34/><U77/><E135/><V99/><F27/><W119/><G119/><T16/><D110/><N who="2" m="42026" /><F81/><W88/><G86/><T29/><D127/><U25/><E15/><V45/><F91/><W54/><G106/><T39/><D39/><U82/><E94/><V72/><F72/><W20/><G37/><T63/><D128/><U43/><E58/><V123/><F123/><W76/><G36/><T17/><D118/><U131/><E131/><V19/><F55/><W126/><G76/><T80/><D64/><N who="2" m="24682" /><F69/><W11/><G71/><T67/><D67/><U12/><E26/><V62/><F62/><W2/><G61/><T117/><D117/><U89/><REACH who="1" step="1"/><E12/><REACH who="1" ten="198,200,372,220" step="2"/><V112/><F112/><W44/><G2/><T101/><D105/><U132/><E132/><V0/><F0/><W48/><G3/><T124/><D124/><U47/><E47/><AGARI ba="0,1" hai="10,14,19,45,46,47,98,99" m="24682,42026" machi="47" ten="30,11600,0" yaku="14,1,10,1,52,2" doraHai="92" who="2" fromWho="1" sc="198,0,200,-116,372,126,220,0" /><INIT seed="2,1,0,4,2,96" ten="198,84,498,220" oya="2" hai0="126,92,12,120,10,102,41,27,74,62,36,108,93" hai1="61,19,39,73,119,135,5,99,132,115,13,123,37" hai2="87,95,84,83,118,110,11,50,17,3,114,105,40" hai3="69,54,66,130,90,26,38,33,131,81,52,71,111"/><V80/><F105/><W91/><G38/><T60/><D108/><U116/><E73/><V30/><F114/><W51/><G111/><T89/><D126/><U46/><E5/><V44/><F118/><W47/><G54/><T125/><D125/><U31/><E31/><V70/><F70/><N who="3" m="26635" /><G66/><T124/><D124/><U128/><E115/><V78/><F30/><N who="3" m="19671" /><G81/><T34/><D74/><U127/><E127/><V59/><F95/><W23/><G23/><T20/><D34/><U16/><E61/><V8/><F3/><W72/><G72/><T57/><D120/><U67/><E67/><V45/><F59/><W88/><G91/><T6/><D41/><U76/><E76/><V49/><F17/><W134/><G134/><N who="1" m="51242" /><E46/><V43/><F110/><W2/><G2/><T79/><D36/><N who="1" m="13899" /><E13/><V24/><F24/><W64/><G64/><T113/><D113/><U77/><E77/><AGARI ba="1,0" hai="8,11,40,43,44,45,49,50,77,78,80,83,84,87" machi="77" ten="30,12000,1" yaku="7,1,32,3,8,1" doraHai="96" who="2" fromWho="1" sc="198,0,84,-123,498,123,220,0" owari="198,-20.2,-39,-53.9,621,72.1,220,2.0" /></mjloggm>