<mjloggm ver="2.3"><GO type="225" lobby="0"/><UN n0="%E3%81%A4%E3%81%AE%E3%81%A0%E2%98%86%E3%81%B2%E3%82%8D" n1="%E3%81%93%E3%81%9F%E3%82%8D%E3%81%86%E3%81%8F%E3%82%93" n2="%E3%82%A2%E3%82%B8%E3%83%BC%E3%83%B3" n3="%E6%9D%B1%E9%A2%A8%E3%81%AE%E3%81%8D%E3%82%83%E3%81%B7%E3%81%95%E3%82%93" dan="16,16,16,16" rate="2159.51,2065.36,2133.26,2154.07" sx="M,M,M,M"/><TAIKYOKU oya="0"/><INIT seed="0,0,0,1,3,7" ten="250,250,250,250" oya="0" hai0="116,107,45,47,51,41,57,8,88,23,44,1,55" hai1="118,86,105,80,103,34,53,12,2,69,96,90,46" hai2="109,125,56,97,15,89,71,65,132,40,101,93,83" hai3="122,66,50,134,60,94,25,17,29,52,135,106,20"/><T133/><D107/><U32/><E118/><V111/><F71/><W119/><G106/><T58/><D116/><U74/><E69/><V31/><F40/><W3/><G119/><T27/><D133/><N who="3" m="50697" /><G3/><T49/><D58/><U95/><E2/><V39/><F39/><W73/><G73/><T21/><D21/><U87/><E12/><V4/><F31/><W82/><G82/><T110/><D110/><N who="2" m="41994" /><F132/><W112/><G94/><T120/><D120/><U130/><E130/><V76/><F125/><W121/><G29/><T102/><D102/><U48/><REACH who="1" step="1"/><E87/><REACH who="1" ten="250,240,250,250" step="2"/><N who="2" m="48615" /><F15/><W64/><G112/><T113/><D113/><U26/><E26/><V100/><F4/><W37/><G37/><T99/><D1/><U127/><E127/><V81/><F81/><W10/><G122/><T59/><D27/><U13/><E13/><V63/><AGARI ba="0,1" hai="56,63,65,89,93,97,100,101" m="48615,41994" machi="63" ten="30,1100,0" yaku="14,1" doraHai="7" who="2" fromWho="2" sc="250,-5,240,-3,250,21,250,-3" /><INIT seed="1,0,0,0,5,127" ten="245,237,271,247" oya="1" hai0="50,15,23,125,40,1,72,106,132,64,69,12,58" hai1="86,85,29,90,126,79,80,20,75,59,110,18,8" hai2="95,38,67,9,84,66,88,13,32,135,104,2,91" hai3="60,7,124,89,92,128,73,120,48,62,122,113,81"/><U30/><E126/><V98/><F32/><W133/><G7/><T93/><D106/><U10/><E110/><V76/><F2/><W34/><G34/><T22/><D72/><U45/><E45/><V6/><F38/><W14/><G14/><T27/><D1/><U96/><E96/><V55/><F135/><W24/><G24/><T131/><D69/><U112/><E59/><V54/><F76/><W71/><G48/><T121/><D132/><U25/><E112/><V5/><F5/><W33/><G33/><T116/><D116/><U42/><E42/><V26/><F26/><W35/><G35/><T130/><D125/><U49/><E49/><V43/><F43/><W57/><G124/><T28/><D121/><U41/><E41/><V11/><F11/><N who="1" m="4137" /><E75/><V109/><F109/><W108/><G108/><T65/><D93/><AGARI ba="0,0" hai="18,20,25,29,30,79,80,85,86,90,93" m="4137" machi="93" ten="30,1500,0" yaku="8,1" doraHai="127" who="1" fromWho="0" sc="245,-15,237,15,271,0,247,0" /><INIT seed="1,1,0,3,1,135" ten="230,252,271,247" oya="1" hai0="68,80,64,90,99,119,25,49,65,78,66,22,52" hai1="35,10,94,45,3,134,92,38,42,72,31,55,105" hai2="58,11,96,48,40,21,41,14,5,26,60,44,127" hai3="46,132,130,30,95,54,6,110,23,88,114,15,47"/><U9/><E134/><V63/><F127/><W19/><G110/><T117/><D68/><U106/><E10/><V112/><F112/><W39/><G130/><T81/><D81/><U84/><E72/><V131/><F131/><W107/><G107/><T17/><D90/><U102/><E35/><V89/><F40/><W20/><G132/><T86/><REACH who="0" step="1"/><D99/><REACH who="0" ten="220,252,271,247" step="2"/><U32/><E102/><V57/><F96/><W37/><G114/><T103/><D103/><U16/><E84/><V76/><F89/><W1/><G88/><T91/><D91/><U51/><E105/><V118/><F118/><W12/><G95/><T29/><D29/><U2/><E106/><V4/><F76/><W125/><G30/><T97/><D97/><U50/><E92/><V13/><F58/><AGARI ba="1,1" hai="17,22,25,49,52,58,64,65,66,78,80,86,117,119" machi="58" ten="40,2600,0" yaku="1,1,54,1,53,0" doraHai="135" doraHaiUra="123" who="0" fromWho="2" sc="220,39,252,0,271,-29,247,0" /><INIT seed="2,0,0,2,2,131" ten="259,252,242,247" oya="2" hai0="28,31,117,46,19,20,14,73,62,78,30,122,58" hai1="135,54,52,115,18,112,126,38,44,86,57,84,64" hai2="91,17,69,41,26,102,105,29,108,59,24,127,33" hai3="120,106,34,61,49,77,71,81,85,56,23,75,104"/><V3/><F69/><W89/><G120/><T124/><D122/><U99/><E99/><V129/><F3/><W10/><G34/><T103/><D124/><U82/><E126/><V121/><F121/><W95/><G71/><T48/><D103/><U51/><E84/><V42/><F127/><W101/><G10/><T92/><D92/><U13/><E64/><V12/><F102/><W100/><G23/><T87/><D73/><U66/><E66/><V65/><F105/><N who="3" m="40555" /><G49/><T98/><D98/><U107/><E107/><V93/><F26/><W128/><G128/><T90/><D78/><U72/><E72/><V68/><F68/><W22/><G22/><T110/><D117/><U80/><E80/><V4/><F129/><W67/><G56/><T40/><D110/><U11/><E135/><V47/><F4/><W25/><G25/><T94/><REACH who="0" step="1"/><D31/><REACH who="0" ten="249,252,242,247" step="2"/><U79/><REACH who="1" step="1"/><E38/><REACH who="1" ten="249,242,242,247" step="2"/><V27/><F93/><W55/><G101/><T7/><D7/><U36/><E36/><V70/><F29/><W74/><G100/><T118/><D118/><U97/><E97/><V125/><F125/><W133/><G74/><T50/><D50/><AGARI ba="0,2" hai="11,13,18,44,50,51,52,54,57,79,82,86,112,115" machi="50" ten="30,3900,0" yaku="1,1,7,1,54,1,53,0" doraHai="131" doraHaiUra="60" who="1" fromWho="0" sc="249,-39,242,59,242,0,247,0" /><INIT seed="3,0,0,0,0,114" ten="210,301,242,247" oya="3" hai0="105,0,60,34,27,100,102,135,108,40,130,18,56" hai1="72,121,133,67,80,117,109,21,69,75,89,7,37" hai2="131,129,32,116,120,13,66,82,15,87,57,134,52" hai3="76,11,54,88,48,83,98,115,97,24,122,125,132"/><W78/><G122/><T59/><D0/><U65/><E121/><V5/><F32/><W8/><G115/><T74/><D74/><U77/><E37/><V94/><F66/><W36/><G36/><T107/><D108/><U1/><E109/><V55/><F120/><W25/><G132/><T39/><D135/><U49/><E133/><V50/><F134/><W99/><G125/><T41/><D39/><U47/><E117/><V70/><F70/><W46/><G88/><T19/><D34/><U124/><E124/><V43/><F43/><W6/><G11/><T12/><D12/><U42/><E72/><V118/><F55/><W31/><G83/><T14/><D14/><N who="2" m="5130" /><F94/><W2/><REACH who="3" step="1"/><G25/><REACH who="3" ten="210,301,242,237" step="2"/><T96/><D27/><U103/><E89/><N who="2" m="51447" /><F5/><W79/><G79/><T92/><D92/><U9/><E103/><V81/><F81/><W63/><G63/><T51/><D60/><U91/><E91/><V4/><F4/><W112/><G112/><T53/><D51/><U126/><E126/><V101/><F101/><W29/><G29/><T86/><D86/><U45/><E75/><V71/><F118/><W106/><G106/><T17/><D130/><U33/><E77/><V38/><F38/><W127/><G127/><T90/><D90/><U44/><E9/><V26/><F116/><W95/><G95/><T113/><D113/><U22/><E7/><V73/><F26/><W104/><G104/><T3/><D107/><U123/><E49/><V10/><F73/><W58/><G58/><N who="0" m="22059" /><D100/><U28/><E123/><V85/><F10/><W84/><G84/><T119/><D119/><RYUUKYOKU ba="0,1" sc="210,-10,301,-10,242,-10,237,30" hai3="2,6,8,24,31,46,48,54,76,78,97,98,99" /><INIT seed="3,1,1,2,2,117" ten="200,291,232,267" oya="3" hai0="23,24,83,33,128,107,17,93,61,75,68,53,64" hai1="29,15,56,40,22,3,116,96,119,9,5,66,126" hai2="133,120,105,92,127,80,109,77,82,84,72,124,26" hai3="41,4,90,129,134,110,101,100,112,60,0,19,25"/><W86/><G112/><T81/><D107/><U104/><E40/><V59/><F105/><W88/><G41/><T63/><D128/><U102/><E126/><N who="2" m="48171" /><F92/><W47/><G47/><T45/><D75/><U70/><E70/><V118/><F118/><N who="1" m="45097" /><E66/><V108/><F133/><W62/><G134/><T103/><D33/><U73/><E56/><V52/><F26/><W27/><G129/><T91/><D103/><N who="3" m="39497" /><G110/><N who="2" m="42601" /><F120/><W49/><G0/><T121/><D121/><U98/><E98/><V123/><F123/><W106/><G4/><T57/><REACH who="0" step="1"/><D45/><REACH who="0" ten="190,291,232,267" step="2"/><U35/><E35/><V89/><F72/><W7/><G106/><T55/><D55/><U11/><E73/><N who="2" m="43055" /><F59/><W79/><G7/><T67/><D67/><U32/><E32/><V135/><F135/><W46/><G46/><T34/><D34/><U87/><E104/><V2/><F2/><W36/><G36/><T132/><D132/><U114/><E3/><V99/><F52/><W51/><G51/><T94/><D94/><U58/><E5/><V69/><F69/><W21/><G49/><T125/><D125/><U13/><E58/><V14/><F14/><W115/><G60/><T74/><D74/><U111/><E13/><V38/><F38/><W85/><G62/><T50/><D50/><U122/><E122/><V1/><F1/><W20/><G27/><T31/><D31/><U30/><E30/><V76/><F99/><AGARI ba="1,2" hai="17,23,24,53,57,61,63,64,68,81,83,91,93,99" machi="99" ten="30,8000,1" yaku="1,1,7,1,25,2,53,1" doraHai="117" doraHaiUra="18" who="0" fromWho="2" sc="190,103,291,0,232,-83,267,0" /><INIT seed="4,0,0,4,4,129" ten="293,291,149,267" oya="0" hai0="106,104,38,55,68,45,20,130,76,111,132,97,14" hai1="109,83,42,4,63,27,24,41,50,78,15,127,65" hai2="82,120,96,64,56,28,108,98,71,77,122,105,53" hai3="134,31,84,58,51,72,107,75,126,99,79,3,32"/><T17/><D68/><U110/><E127/><V90/><F28/><W113/><G58/><T21/><D130/><U86/><E109/><V48/><F108/><W100/><G51/><T133/><D111/><U34/><E34/><V6/><F6/><W89/><G3/><T7/><D7/><U33/><E33/><V29/><F29/><W88/><G31/><T95/><D76/><U101/><E101/><V8/><F98/><W12/><G12/><T22/><D38/><U92/><E92/><V128/><F128/><W18/><G18/><T9/><D45/><N who="1" m="25903" /><E42/><V59/><F71/><W23/><G23/><T123/><D123/><U131/><E131/><V47/><F8/><W91/><G32/><T30/><D55/><U19/><E19/><V118/><F118/><W117/><G117/><T1/><D1/><U54/><E54/><V66/><F66/><W44/><G44/><T67/><D67/><U85/><E85/><V5/><F5/><W62/><G62/><T112/><D112/><U0/><E0/><V80/><F105/><W69/><G69/><T37/><D37/><U124/><E124/><V87/><F96/><W61/><G61/><T70/><D70/><N who="1" m="42303" /><E110/><V60/><REACH who="2" step="1"/><F59/><REACH who="2" ten="293,291,139,267" step="2"/><W102/><G107/><N who="0" m="41003" /><D30/><U52/><E52/><V81/><F81/><W121/><G99/><T16/><D17/><U49/><E4/><V2/><F2/><W11/><G11/><T94/><D97/><U57/><E83/><V116/><F116/><W73/><G102/><T26/><D26/><U103/><E27/><V35/><F35/><W115/><G100/><T43/><D43/><RYUUKYOKU ba="0,1" sc="293,15,291,-15,139,15,267,-15" hai0="9,14,16,20,21,22,94,95,132,133" hai2="47,48,53,56,60,64,77,80,82,87,90,120,122" owari="318,41.8,276,7.6,154,-34.6,252,-14.8" /></mjloggm>