<mjloggm ver="2.3"><GO type="225" lobby="0"/><UN n0="%E5%B0%8F%E9%B3%A5%E9%81%8A%E7%B7%B4%E7%84%A1%32%31%E6%AD%B3" n1="%E3%82%8F%E3%81%8B%E3%81%B0%2A%E3%82%AC%E3%83%BC%E3%83%AB" n2="%E5%B8%86%E7%AB%8B%E5%A4%8F%E8%A1%A3" n3="%E3%82%BC%E3%83%AB%E3%83%80%E3%81%AE%E4%BC%9D%E8%AA%AC" dan="17,16,17,17" rate="2147.55,2195.04,2237.66,2135.92" sx="F,M,M,M"/><TAIKYOKU oya="0"/><INIT seed="0,0,0,2,3,23" ten="250,250,250,250" oya="0" hai0="88,93,45,19,15,106,125,43,66,22,26,69,78" hai1="46,72,94,101,96,67,126,14,119,50,59,65,95" hai2="128,20,135,120,25,79,54,132,85,68,89,102,51" hai3="73,74,91,122,113,36,116,111,115,82,112,24,48"/><T53/><D106/><U13/><E119/><V117/><F120/><W38/><G116/><T84/><D125/><U18/><E126/><V124/><F117/><W99/><G48/><T63/><D78/><U37/><E37/><V56/><F124/><W1/><G1/><T127/><D127/><U98/><E72/><V17/><F128/><W7/><G7/><T110/><D110/><U8/><E59/><V81/><F68/><W109/><G24/><T16/><D53/><U28/><E28/><V30/><F102/><W61/><G61/><T103/><D103/><U5/><E5/><V55/><F79/><W47/><G47/><T33/><D33/><U3/><E3/><V4/><F4/><W118/><G118/><T97/><D97/><U104/><E14/><V133/><REACH who="2" step="1"/><F54/><REACH who="2" ten="250,250,240,250" step="2"/><W92/><G122/><T27/><REACH who="0" step="1"/><D19/><AGARI ba="0,1" hai="17,19,20,25,30,51,55,56,81,85,89,132,133,135" machi="19" ten="40,12000,2" yaku="1,1,2,1,20,1,52,1,53,2" doraHai="23" doraHaiUra="12" who="2" fromWho="0" sc="250,-120,250,0,240,130,250,0" /><INIT seed="1,0,0,1,0,88" ten="130,250,370,250" oya="1" hai0="81,92,105,126,43,24,80,40,12,116,84,86,34" hai1="78,27,36,133,29,67,89,106,77,52,20,129,62" hai2="71,111,134,63,87,131,102,51,53,46,93,42,74" hai3="110,121,14,113,122,45,135,73,21,95,10,16,50"/><U75/><E129/><V82/><F111/><W8/><G113/><T11/><D105/><U100/><E133/><V23/><F134/><W3/><G135/><T60/><D116/><U25/><E36/><V124/><F124/><W72/><G110/><T22/><D126/><U114/><E114/><V68/><F131/><W66/><G66/><T107/><D34/><U61/><E75/><V17/><F74/><W90/><G73/><T18/><D60/><U9/><E9/><V108/><F108/><W37/><G37/><T117/><D107/><U39/><E39/><V112/><F112/><W119/><G72/><T97/><D117/><U76/><E89/><V49/><F63/><W32/><G32/><T69/><D69/><U127/><E127/><V79/><F102/><W44/><G44/><T54/><D54/><U35/><E67/><V33/><F33/><W57/><G119/><T58/><D58/><U96/><REACH who="1" step="1"/><E52/><REACH who="1" ten="130,240,370,250" step="2"/><V55/><F55/><N who="3" m="31991" /><G45/><T5/><D43/><U13/><E13/><N who="2" m="9647" /><F71/><W99/><G10/><T118/><D40/><U91/><E91/><V1/><F68/><W6/><G121/><T103/><REACH who="0" step="1"/><D118/><REACH who="0" ten="120,240,370,250" step="2"/><U7/><E7/><V109/><F109/><W41/><G41/><T85/><AGARI ba="0,2" hai="5,11,12,18,22,24,80,81,84,85,86,92,97,103" machi="85" ten="30,8000,1" yaku="1,1,2,1,0,1,8,1,52,1,53,0" doraHai="88" doraHaiUra="28" who="0" fromWho="0" sc="120,100,240,-40,370,-20,250,-20" /><INIT seed="2,0,0,0,0,121" ten="220,200,350,230" oya="2" hai0="24,134,57,99,47,5,38,71,86,74,87,34,135" hai1="3,67,132,21,96,52,126,28,98,40,95,77,23" hai2="69,123,50,82,37,70,44,13,62,109,59,115,90" hai3="35,113,14,22,127,49,66,81,51,84,78,102,42"/><V12/><F115/><W63/><G35/><T89/><D74/><U131/><E126/><V33/><F33/><W15/><G127/><T119/><D71/><U125/><E125/><V29/><F29/><W16/><G113/><T10/><D119/><U56/><E131/><V17/><F123/><W18/><G102/><T30/><D57/><U101/><E132/><N who="0" m="50729" /><D99/><N who="1" m="59647" /><E3/><V85/><F37/><W110/><G110/><T117/><D89/><U11/><E40/><V4/><F109/><W6/><G6/><T79/><D79/><U39/><E39/><V128/><F12/><W65/><G42/><N who="0" m="22999" /><D117/><U27/><E77/><V124/><F4/><W122/><G122/><T1/><AGARI ba="0,0" hai="1,5,10,24,30,34,86,87" m="22999,50729" machi="1" ten="30,1100,0" yaku="20,1" doraHai="121" who="0" fromWho="0" sc="220,11,200,-3,350,-5,230,-3" /><INIT seed="3,0,0,0,5,68" ten="231,197,345,227" oya="3" hai0="78,32,40,111,114,72,55,70,24,49,103,73,87" hai1="134,34,120,39,118,63,48,93,28,130,116,85,88" hai2="95,61,75,117,86,1,26,110,128,12,16,41,84" hai3="60,100,7,123,37,59,31,106,56,121,38,97,17"/><W135/><G7/><T44/><D70/><U133/><E120/><V9/><F117/><N who="1" m="45161" /><E130/><V50/><F110/><W119/><G119/><T29/><D111/><U62/><E48/><V122/><F122/><W109/><G109/><T22/><D114/><U105/><E105/><V108/><F108/><W20/><G121/><T42/><D103/><U30/><E39/><V19/><F1/><W92/><G123/><T66/><D66/><U36/><E36/><V77/><F128/><W131/><G131/><T67/><D67/><U71/><E71/><V64/><F75/><W3/><G3/><T25/><D73/><U127/><E127/><V14/><F26/><W112/><G112/><T43/><D72/><U10/><E10/><N who="2" m="6167" /><F95/><W46/><G135/><N who="1" m="51722" /><E34/><V54/><F77/><W132/><G132/><T13/><D78/><U82/><E93/><V80/><F80/><W91/><G46/><T27/><D32/><U124/><E124/><V4/><F4/><W65/><G56/><T126/><D126/><U74/><E74/><V90/><F41/><W125/><G125/><T51/><D42/><U113/><E113/><V57/><F90/><W45/><G45/><AGARI ba="0,0" hai="9,14,19,45,50,54,57,61,64,84,86" m="6167" machi="45" ten="30,2000,0" yaku="8,1,54,1" doraHai="68" who="2" fromWho="3" sc="231,0,197,0,345,20,227,-20" owari="231,3.1,197,-30.3,365,46.5,207,-19.3" /></mjloggm>