<mjloggm ver="2.3"><GO type="225" lobby="0"/><UN n0="%E6%98%93%E5%88%A9%E8%96%A9%E4%BC%AF" n1="%E3%81%BF%E3%81%BF%E3%81%9A" n2="%33%74%72%65%65" n3="%E5%8C%97%E6%AC%A7%E3%81%AE%E3%82%82%E3%81%93%E3%81%86" dan="17,17,17,16" rate="2188.13,2190.78,2151.29,2152.27" sx="F,M,M,M"/><TAIKYOKU oya="0"/><INIT seed="0,0,0,3,2,66" ten="250,250,250,250" oya="0" hai0="117,100,67,31,50,1,24,61,85,81,108,42,39" hai1="27,94,7,26,55,28,131,83,84,86,13,37,52" hai2="99,71,12,110,101,47,122,129,95,41,58,123,97" hai3="68,103,54,113,114,127,44,74,57,30,62,125,109"/><T126/><D117/><U130/><E37/><V78/><F110/><W5/><G74/><T121/><D121/><U18/><E7/><V40/><F129/><N who="1" m="49161" /><E94/><V15/><F78/><W79/><G30/><T17/><D1/><U33/><E27/><V93/><F58/><W77/><G103/><T25/><D126/><N who="3" m="48137" /><G5/><T90/><D39/><U0/><E0/><V34/><F34/><W76/><G109/><T29/><D100/><U16/><E86/><V70/><REACH who="2" step="1"/><F101/><REACH who="2" ten="250,250,240,250" step="2"/><W102/><G102/><T72/><D108/><U120/><E120/><V134/><F134/><W69/><G44/><AGARI ba="0,1" hai="12,15,40,41,44,47,70,71,93,95,97,99,122,123" machi="44" ten="25,8000,1" yaku="1,1,22,2,52,2,53,0" doraHai="66" doraHaiUra="22" who="2" fromWho="3" sc="250,0,250,0,240,90,250,-80" /><INIT seed="1,0,0,3,2,88" ten="250,250,330,170" oya="1" hai0="32,98,11,22,59,97,84,112,116,113,78,18,52" hai1="26,133,85,36,74,67,68,54,29,47,30,83,103" hai2="61,135,23,92,58,46,13,57,5,129,51,41,107" hai3="40,53,71,56,43,89,65,31,37,110,15,1,24"/><U28/><E74/><V60/><F107/><W105/><G1/><T99/><D32/><U62/><E133/><V69/><F135/><W38/><G105/><T9/><D116/><U42/><E103/><V7/><F129/><W122/><G15/><T44/><D44/><U118/><E118/><V91/><F69/><W3/><G3/><T131/><D131/><U39/><E54/><N who="2" m="33847" /><F23/><W117/><G24/><T8/><D78/><U64/><E67/><N who="2" m="39351" /><F13/><W27/><G27/><T2/><D84/><AGARI ba="0,0" hai="5,7,41,46,51,84,91,92" m="39351,33847" machi="84" ten="30,2000,0" yaku="8,1,52,1" doraHai="88" who="2" fromWho="0" sc="250,-20,250,0,330,20,170,0" /><INIT seed="2,0,0,2,4,109" ten="230,250,350,170" oya="2" hai0="26,44,112,15,103,65,1,127,74,133,97,0,48" hai1="41,55,129,31,86,21,3,128,121,42,93,106,25" hai2="92,39,68,79,126,40,72,52,64,47,13,96,77" hai3="81,32,91,30,27,58,43,99,110,90,100,35,95"/><V67/><F126/><W101/><G110/><T2/><D74/><U130/><E106/><V19/><F72/><W118/><G118/><T6/><D127/><U29/><E121/><V49/><F68/><W20/><G43/><T57/><D133/><U46/><E3/><V70/><F70/><W4/><G4/><T88/><D26/><U34/><E29/><V10/><F39/><W12/><G35/><T53/><D112/><U56/><E46/><V16/><F40/><W5/><G32/><T82/><D103/><U131/><N who="1" m="32768" /><DORA hai="7" /><U76/><E34/><V102/><F19/><W98/><G58/><T59/><D65/><AGARI ba="0,0" hai="10,13,16,47,49,52,64,65,67,77,79,92,96,102" machi="65" ten="40,12000,1" yaku="8,1,52,1,54,2" doraHai="109,7" who="2" fromWho="0" sc="230,-120,250,0,350,120,170,0" /><INIT seed="2,1,0,1,4,128" ten="110,250,470,170" oya="2" hai0="56,46,47,70,80,82,3,51,14,41,68,40,23" hai1="10,135,87,66,133,25,50,35,124,1,64,119,38" hai2="101,79,63,111,131,103,91,81,17,44,22,113,127" hai3="0,4,115,86,16,83,61,52,89,120,33,76,123"/><V24/><F113/><W72/><G115/><T62/><D3/><U78/><E38/><V36/><F131/><W13/><G33/><T2/><D2/><U8/><E119/><V53/><F127/><W43/><G43/><T96/><D96/><U49/><E124/><V48/><F111/><W90/><G0/><T107/><D107/><U98/><E98/><V97/><F36/><W55/><G4/><T117/><D117/><U130/><E130/><V99/><F63/><W20/><G123/><T88/><D14/><U57/><E35/><V114/><F114/><W116/><G116/><T12/><D12/><U105/><E105/><V75/><REACH who="2" step="1"/><F99/><REACH who="2" ten="110,250,460,170" step="2"/><W6/><G120/><T39/><D23/><U132/><E8/><V42/><F42/><W67/><G6/><T108/><D108/><U11/><E10/><V34/><F34/><W18/><G61/><T9/><D9/><U93/><E11/><V122/><F122/><W59/><G67/><N who="1" m="25642" /><E1/><V15/><F15/><W92/><G13/><T21/><D21/><U60/><E25/><V32/><F32/><W100/><G20/><T106/><D62/><U69/><E69/><V84/><F84/><W26/><G86/><T29/><D70/><U65/><E78/><V109/><F109/><W125/><G125/><T94/><D68/><U126/><E126/><V112/><F112/><W121/><G121/><T19/><D39/><U37/><E37/><V5/><F5/><W45/><G76/><T77/><D51/><U71/><E71/><V85/><F85/><W129/><G129/><T104/><D77/><U30/><E30/><RYUUKYOKU ba="1,1" sc="110,-15,250,15,460,15,170,-15" hai1="49,50,57,60,65,87,93,132,133,135" hai2="17,22,24,44,48,53,75,79,81,91,97,101,103" /><INIT seed="2,2,1,5,5,32" ten="95,265,475,155" oya="2" hai0="116,12,45,113,21,56,80,131,118,20,103,123,65" hai1="90,34,53,11,48,58,71,91,75,13,29,122,108" hai2="117,26,2,23,5,1,35,72,40,81,93,124,31" hai3="7,109,77,70,73,60,25,50,54,94,55,28,133"/><V127/><F117/><W96/><G109/><T41/><D123/><U97/><E75/><V17/><F40/><W79/><G133/><T69/><D113/><U121/><E71/><V135/><F135/><W87/><G73/><T42/><D69/><U62/><E108/><V130/><F130/><W111/><G111/><T112/><D112/><U49/><E29/><V0/><F93/><W106/><G106/><T61/><D131/><U101/><E34/><V52/><F52/><W44/><G7/><T57/><D103/><U126/><E126/><N who="2" m="48171" /><F81/><W114/><G114/><T128/><D128/><U115/><E115/><V18/><F72/><W76/><G87/><T110/><D110/><U24/><E24/><N who="2" m="18919" /><F18/><W46/><G60/><T6/><D80/><U89/><E122/><V10/><AGARI ba="2,1" hai="0,1,2,5,10,17,23,26" m="18919,48171" machi="10" ten="30,18000,2" yaku="18,1,34,2,52,3" doraHai="32" who="2" fromWho="2" sc="95,-62,265,-62,475,196,155,-62" /><INIT seed="2,3,0,0,0,21" ten="33,203,671,93" oya="2" hai0="51,39,32,119,82,134,125,7,69,42,79,57,96" hai1="65,25,67,75,131,89,24,124,106,19,92,70,112" hai2="87,86,66,9,108,130,14,34,99,56,23,15,102" hai3="36,62,47,127,81,128,101,120,64,31,5,8,80"/><V117/><F117/><W63/><G120/><T74/><D119/><U17/><E106/><V77/><F34/><W26/><G128/><T49/><D69/><U37/><E75/><V73/><F130/><W41/><G127/><T43/><D125/><U114/><E37/><V93/><F108/><W72/><G101/><T38/><D134/><U6/><E124/><V84/><F73/><W110/><G110/><T11/><D96/><U12/><E131/><V22/><F77/><W76/><G81/><T122/><D122/><U105/><E105/><V116/><F116/><W90/><G90/><T60/><D32/><U135/><E135/><V121/><F121/><W44/><G44/><T103/><D103/><U61/><E112/><V59/><F15/><W123/><G64/><N who="1" m="24650" /><E61/><N who="2" m="38183" /><F59/><W58/><G58/><T29/><D29/><U100/><E100/><V88/><F102/><W28/><G28/><T30/><D30/><U20/><E70/><V94/><F94/><W129/><G123/><T4/><D4/><AGARI ba="3,0" hai="4,9,14,22,23,84,86,87,88,93,99" m="38183" machi="4" ten="30,2900,0" yaku="8,1,54,1" doraHai="21" who="2" fromWho="0" sc="33,-38,203,0,671,38,93,0" owari="-5,-50.5,203,0.3,709,80.9,93,-30.7" /></mjloggm>