<mjloggm ver="2.3"><GO type="225" lobby="0"/><UN n0="%E3%81%BF%E3%81%BF%E3%81%9A" n1="%E6%B4%BE%E9%81%A3%E3%81%AE%E3%82%B8%E3%83%A3%E3%83%83%E3%82%AF" n2="%30%2E%31%32%30" n3="%E3%81%90%E3%81%A1%E3%82%84%E3%81%BE" dan="18,17,16,16" rate="2236.10,2178.56,2125.88,2139.36" sx="M,M,M,M"/><TAIKYOKU oya="0"/><INIT seed="0,0,0,2,5,133" ten="250,250,250,250" oya="0" hai0="47,65,32,116,82,80,64,22,131,135,46,118,42" hai1="51,79,91,37,90,6,69,4,16,49,34,120,127" hai2="98,112,15,84,17,111,23,115,122,39,132,105,48" hai3="102,38,96,85,63,86,54,3,130,113,110,43,76"/><T72/><D32/><U45/><E120/><V14/><F39/><W44/><G113/><T121/><D135/><U87/><E34/><V25/><F132/><W41/><G3/><T61/><D121/><U1/><E69/><V11/><F122/><W117/><G117/><T101/><D101/><U97/><E37/><V55/><F111/><W9/><G110/><T21/><D61/><U89/><E1/><V59/><F15/><W12/><G130/><T28/><D28/><U7/><E127/><V100/><REACH who="2" step="1"/><F84/><REACH who="2" ten="250,250,240,250" step="2"/><W104/><G85/><T58/><D131/><U68/><E68/><V62/><F62/><W74/><G86/><T114/><D114/><U2/><E2/><V81/><F81/><W53/><G63/><T92/><D72/><U60/><E60/><V26/><F26/><W30/><G74/><T94/><REACH who="0" step="1"/><D58/><REACH who="0" ten="240,250,240,250" step="2"/><U123/><E123/><V20/><F20/><W10/><G10/><T40/><AGARI ba="0,2" hai="21,22,40,42,46,47,64,65,80,82,92,94,116,118" machi="40" ten="25,12000,1" yaku="1,1,2,1,0,1,22,2,53,0" doraHai="133" doraHaiUra="95" who="0" fromWho="0" sc="240,140,250,-40,240,-40,250,-40" /><INIT seed="0,1,0,2,5,22" ten="380,210,200,210" oya="0" hai0="10,29,2,34,15,36,13,123,67,134,118,96,112" hai1="88,97,21,114,128,72,130,56,33,133,11,127,86" hai2="25,120,90,42,79,35,132,12,122,58,68,81,8" hai3="48,57,104,116,124,65,27,115,18,4,105,64,107"/><T121/><D36/><U63/><E72/><V126/><F68/><W26/><G115/><T55/><D67/><U69/><E69/><V80/><F132/><W16/><G116/><T39/><D39/><U53/><E33/><V49/><F126/><W95/><G124/><T43/><D43/><U108/><E127/><V6/><F90/><W135/><G4/><N who="0" m="1303" /><D96/><U75/><E75/><V99/><F99/><W19/><G135/><T92/><D92/><N who="1" m="56455" /><E108/><V91/><F91/><W14/><G14/><N who="0" m="5131" /><D55/><U89/><E21/><V17/><F81/><W50/><G95/><T74/><D74/><U54/><E11/><V60/><F17/><W93/><G93/><T71/><D71/><U117/><E114/><V28/><F42/><W103/><G103/><T9/><D112/><U52/><E117/><V125/><F49/><N who="3" m="19051" /><G57/><T20/><D134/><U94/><E133/><V113/><F113/><W84/><G84/><T44/><D44/><U131/><AGARI ba="1,0" hai="52,53,54,56,63,86,89,94,128,130,131" m="56455" machi="131" ten="30,4000,0" yaku="19,1,54,2" doraHai="22" who="1" fromWho="1" sc="380,-21,210,43,200,-11,210,-11" /><INIT seed="1,0,0,4,4,26" ten="359,253,189,199" oya="1" hai0="118,36,18,9,88,115,111,6,89,114,116,29,14" hai1="82,51,68,128,44,75,87,3,77,41,85,117,74" hai2="60,61,30,122,133,69,0,27,121,105,58,91,108" hai3="67,119,72,93,5,98,59,109,131,112,4,120,13"/><U16/><E117/><V39/><F0/><W63/><G120/><T43/><D111/><U31/><E68/><V73/><F73/><W125/><G112/><T8/><D36/><U49/><E3/><V50/><F39/><W113/><G113/><T52/><D43/><U135/><E135/><V100/><F108/><W33/><G109/><T45/><D45/><U1/><E1/><V130/><F133/><W107/><G125/><T84/><D84/><U80/><E128/><V20/><F130/><W65/><G72/><T104/><D14/><U46/><E16/><V126/><F126/><W86/><G119/><T134/><D134/><U127/><E127/><V94/><F50/><W83/><G107/><T15/><D15/><U7/><E7/><V124/><F124/><W66/><G33/><T132/><D132/><U34/><E34/><V37/><F37/><W17/><G131/><T71/><D104/><U102/><E102/><V32/><F20/><W95/><G4/><T48/><D48/><U42/><REACH who="1" step="1"/><E31/><REACH who="1" ten="359,243,189,199" step="2"/><V35/><F35/><W19/><G5/><T38/><D29/><U21/><E21/><V12/><F12/><W81/><G17/><T2/><D18/><U10/><E10/><V11/><F11/><W106/><G19/><T23/><D6/><U62/><E62/><V22/><F22/><W40/><G13/><T129/><D2/><U70/><E70/><V90/><F69/><W103/><G63/><T79/><D129/><U56/><E56/><V55/><F60/><W96/><G59/><T76/><D118/><U54/><E54/><V24/><F55/><RYUUKYOKU ba="0,1" sc="359,-10,243,30,189,-10,199,-10" hai1="41,42,44,46,49,51,74,75,77,80,82,85,87" /><INIT seed="1,1,1,0,3,76" ten="349,273,179,189" oya="1" hai0="95,107,59,62,103,130,126,53,113,72,94,122,44" hai1="15,49,71,99,29,118,85,67,70,125,104,115,21" hai2="13,123,86,105,33,0,91,46,54,17,35,65,58" hai3="61,117,135,84,57,127,50,43,111,109,119,45,27"/><U66/><E118/><N who="3" m="45066" /><G27/><T11/><D113/><U1/><E1/><V26/><F0/><W92/><G92/><T18/><D72/><U64/><E115/><V69/><F105/><W37/><G84/><T116/><D116/><U51/><E125/><V68/><F123/><W14/><G14/><N who="0" m="7519" /><D107/><U34/><E34/><V73/><F73/><W120/><G127/><T75/><D75/><U97/><E85/><V2/><F2/><W7/><G7/><T81/><D126/><U132/><E132/><V28/><F35/><W124/><G124/><T56/><D130/><U19/><E29/><V42/><F65/><N who="3" m="39087" /><G120/><T3/><D3/><U22/><E104/><V121/><F121/><W134/><G37/><T41/><D122/><U78/><E70/><V129/><F129/><W87/><G87/><T96/><D95/><U20/><E71/><V10/><F86/><W32/><G32/><T6/><D6/><U16/><E78/><V83/><F91/><W100/><G100/><T25/><D25/><U23/><E19/><V80/><F69/><W102/><G102/><T90/><D103/><U8/><N who="1" m="5120" /><DORA hai="108" /><U74/><E74/><V60/><REACH who="2" step="1"/><F68/><REACH who="2" ten="349,273,169,189" step="2"/><W9/><G9/><T31/><D90/><U4/><E4/><V114/><F114/><W128/><G128/><T36/><D96/><AGARI ba="1,2" hai="8,15,16,49,51,64,66,67,96,97,99" m="5120" machi="96" ten="60,5800,0" yaku="8,1,54,1" doraHai="76,108" who="1" fromWho="0" sc="349,-61,273,81,169,0,189,0" /><INIT seed="1,2,0,4,5,117" ten="288,354,169,189" oya="1" hai0="4,61,42,85,76,51,47,109,37,10,118,130,50" hai1="57,92,20,28,81,25,64,3,97,84,73,6,80" hai2="91,9,39,124,93,79,114,33,107,11,16,41,95" hai3="101,29,38,53,116,63,56,71,45,89,102,30,48"/><U68/><E68/><V96/><F33/><W65/><G116/><T70/><D118/><U110/><E73/><V111/><F107/><W134/><G134/><T123/><D109/><U62/><E110/><V8/><F111/><W26/><G89/><T121/><D130/><U86/><E3/><V72/><F114/><W135/><G135/><T128/><D128/><U108/><E6/><V46/><F124/><W83/><G83/><N who="1" m="31818" /><E108/><V120/><F72/><W54/><G30/><T59/><D85/><U115/><E115/><V36/><F79/><W113/><G113/><T74/><D76/><U58/><E58/><V100/><F120/><N who="0" m="46154" /><D70/><U125/><E125/><V88/><F39/><W52/><G38/><T98/><D98/><U7/><E7/><V17/><REACH who="2" step="1"/><F91/><AGARI ba="2,0" hai="20,25,28,57,62,64,84,86,91,92,97" m="31818" machi="91" ten="30,1500,0" yaku="8,1" doraHai="117" who="1" fromWho="2" sc="288,0,354,21,169,-21,189,0" /><INIT seed="1,3,0,3,5,22" ten="288,375,148,189" oya="1" hai0="41,98,35,40,46,52,45,57,55,31,117,3,68" hai1="133,9,69,109,80,61,89,134,12,17,28,105,73" hai2="60,121,37,18,16,21,86,72,48,34,25,24,7" hai3="30,100,26,81,29,14,36,78,96,66,131,111,92"/><U53/><E105/><V82/><F37/><W110/><G36/><T65/><D3/><U87/><E73/><V70/><F72/><W74/><G131/><T43/><D117/><U90/><E109/><N who="3" m="41482" /><G66/><T0/><D0/><U79/><E28/><N who="3" m="10858" /><G14/><T129/><D129/><U91/><E53/><N who="0" m="20553" /><D98/><U116/><E116/><V119/><F119/><W125/><G125/><T71/><D31/><U10/><E10/><V19/><F121/><W5/><G5/><T115/><D35/><U59/><E59/><V4/><F34/><W33/><G33/><T2/><D2/><U112/><E112/><V54/><F70/><N who="0" m="26666" /><D115/><U135/><E69/><V11/><F11/><W106/><G26/><N who="2" m="10345" /><F21/><W99/><G99/><T44/><D57/><U49/><E133/><V123/><F123/><W88/><G106/><T77/><D77/><U39/><E134/><V56/><F60/><W94/><G94/><T76/><D76/><AGARI ba="3,0" hai="4,7,16,18,19,48,54,56,76,82,86" m="10345" machi="76" ten="30,8000,1" yaku="8,1,52,3,54,1" doraHai="22" who="2" fromWho="0" sc="288,-89,375,0,148,89,189,0" /><INIT seed="2,0,0,1,5,7" ten="199,375,237,189" oya="2" hai0="15,108,41,89,62,14,96,73,130,88,90,86,60" hai1="120,82,56,11,64,123,128,125,121,127,106,34,42" hai2="102,119,115,124,59,18,133,81,45,75,98,36,94" hai3="22,97,43,37,87,109,50,91,129,63,30,92,12"/><V27/><F119/><W0/><G0/><T112/><D73/><U38/><E106/><V67/><F115/><W19/><G109/><T49/><D112/><U93/><E34/><V69/><F69/><W132/><G132/><T8/><D108/><U44/><E128/><V1/><F1/><W17/><G129/><T47/><D130/><U134/><E134/><V65/><F133/><W110/><G110/><T122/><D122/><U135/><E135/><V51/><F36/><W103/><G37/><T2/><D2/><U113/><E113/><V25/><F124/><W78/><G78/><T114/><D114/><U33/><E33/><V28/><F75/><W118/><G118/><T111/><D111/><U85/><E93/><V74/><F74/><W80/><G63/><N who="0" m="24107" /><D15/><U99/><E99/><V79/><F59/><W83/><G19/><N who="0" m="8647" /><D96/><U29/><E29/><V21/><F25/><W76/><G30/><T71/><D71/><U16/><E64/><V13/><F28/><W24/><G12/><T40/><D41/><U48/><E125/><V77/><F13/><W68/><G68/><T105/><D105/><U53/><E127/><V23/><F21/><W66/><G66/><T54/><D40/><U35/><E35/><V3/><F3/><W58/><G43/><T95/><AGARI ba="0,0" hai="47,49,54,86,88,89,90,95" m="8647,24107" machi="95" ten="30,4000,0" yaku="8,1,52,1,54,1" doraHai="7" who="0" fromWho="0" sc="199,40,375,-10,237,-20,189,-10" /><INIT seed="3,0,0,4,5,44" ten="239,365,217,179" oya="3" hai0="31,52,47,10,46,48,99,19,125,53,75,33,54" hai1="74,9,97,25,130,72,20,39,18,45,17,21,119" hai2="15,50,96,135,131,65,36,112,8,105,80,95,56" hai3="7,132,58,120,122,22,129,61,107,43,133,57,86"/><W121/><G107/><T100/><D75/><U64/><E130/><V85/><F36/><W115/><G115/><T14/><D125/><U41/><E64/><V51/><F105/><W11/><G129/><T83/><D33/><U66/><E66/><V13/><F135/><N who="3" m="51787" /><G22/><T2/><D31/><U123/><E123/><N who="3" m="31490" /><W90/><DORA hai="103" /><G43/><T101/><D100/><U78/><E78/><N who="2" m="46231" /><F112/><W118/><G61/><T113/><D113/><U30/><E97/><V127/><F127/><W82/><G118/><T93/><D2/><AGARI ba="0,0" hai="2,7,11,57,58,82,86,90" m="31490,51787" machi="2" ten="40,2000,0" yaku="20,1" doraHai="44,103" who="3" fromWho="0" sc="239,-20,365,0,217,0,179,20" /><INIT seed="3,1,0,4,1,37" ten="219,365,217,199" oya="3" hai0="8,62,27,56,97,2,61,15,23,55,109,28,13" hai1="71,26,5,11,54,12,65,117,104,124,101,131,99" hai2="49,35,4,80,45,91,18,119,98,66,82,77,132" hai3="134,31,7,83,34,96,42,24,41,102,46,85,40"/><W103/><G134/><T114/><D109/><U73/><E73/><V50/><F35/><W75/><G75/><T44/><D114/><U53/><E124/><V25/><F119/><W70/><G70/><T67/><D2/><U78/><E78/><V6/><F66/><W38/><G7/><N who="2" m="2601" /><F77/><W48/><G38/><T10/><D97/><U17/><E17/><V43/><F50/><W30/><G30/><T127/><D127/><U16/><E131/><V121/><F121/><W128/><G128/><T57/><D44/><U111/><E111/><V3/><F3/><W52/><REACH who="3" step="1"/><G96/><REACH who="3" ten="219,365,217,189" step="2"/><T9/><AGARI ba="1,1" hai="8,9,10,13,15,23,27,28,55,56,57,61,62,67" machi="9" ten="30,2000,0" yaku="0,1,8,1" doraHai="37" who="0" fromWho="0" sc="219,33,365,-6,217,-6,189,-11" owari="252,5.2,359,45.9,211,-18.9,178,-32.2" /></mjloggm>