<mjloggm ver="2.3"><GO type="225" lobby="0"/><UN n0="%E4%BF%BA%E3%81%A8%E5%A6%96%E5%A4%A2" n1="%E7%AC%B9%E9%A4%85" n2="%E4%B8%89%E9%80%A3%E7%99%BA" n3="%E7%99%BD%E9%B9%BF%E6%84%9B%E8%8E%89" dan="16,18,16,17" rate="2171.42,2203.90,2107.54,2119.25" sx="F,M,M,F"/><TAIKYOKU oya="0"/><INIT seed="0,0,0,3,2,67" ten="250,250,250,250" oya="0" hai0="24,44,82,127,9,17,43,23,33,107,93,106,109" hai1="103,48,65,123,78,56,129,85,111,41,73,62,45" hai2="113,58,117,36,80,79,76,59,96,3,64,38,37" hai3="84,46,10,81,30,51,77,5,97,99,32,28,7"/><T29/><D127/><U16/><E123/><V42/><F113/><W11/><G32/><T20/><D109/><U57/><E111/><V87/><F3/><W60/><G60/><T69/><D69/><U83/><E129/><V130/><F130/><W95/><G11/><T90/><D82/><U25/><E103/><V34/><F34/><W8/><G8/><T124/><D124/><U14/><E25/><V72/><F42/><W120/><G120/><T27/><D9/><U101/><E101/><V22/><F117/><W115/><G115/><T40/><D33/><U61/><E73/><V102/><F64/><W125/><G125/><T31/><D17/><U1/><E1/><V108/><F108/><W47/><G47/><T134/><D134/><U18/><REACH who="1" step="1"/><E14/><REACH who="1" ten="250,240,250,250" step="2"/><V94/><F72/><W100/><G99/><T105/><REACH who="0" step="1"/><D44/><REACH who="0" ten="240,240,250,250" step="2"/><U118/><E118/><V52/><F22/><W132/><G132/><T0/><D0/><U98/><E98/><AGARI ba="0,2" hai="20,23,24,27,29,31,40,43,90,93,98,105,106,107" machi="98" ten="40,3900,0" yaku="1,1,9,1,53,0" doraHai="67" doraHaiUra="68" who="0" fromWho="1" sc="240,59,240,-39,250,0,250,0" /><INIT seed="0,1,0,4,3,130" ten="299,201,250,250" oya="0" hai0="8,24,76,125,10,122,81,88,14,89,5,22,99" hai1="59,37,39,27,48,116,28,134,34,65,36,35,45" hai2="25,96,46,60,64,91,26,66,100,23,98,120,82" hai3="72,41,114,63,105,12,61,53,110,117,16,9,55"/><T108/><D122/><U31/><E116/><V121/><F46/><W107/><G117/><T2/><D125/><U68/><E68/><V87/><F26/><W90/><G114/><T21/><D99/><U49/><E134/><V85/><F98/><W111/><G72/><T132/><D132/><U0/><E0/><V1/><F1/><W71/><G41/><T115/><D115/><U52/><E65/><V6/><F6/><W77/><G77/><T67/><D67/><U131/><E131/><V102/><F66/><W128/><G128/><T101/><D101/><U135/><E135/><V97/><F87/><W73/><G73/><T15/><D2/><U70/><E70/><V127/><F97/><W95/><G71/><T50/><D50/><U93/><E93/><V11/><F11/><W40/><G40/><T84/><D108/><N who="3" m="41513" /><G55/><T19/><REACH who="0" step="1"/><D22/><REACH who="0" ten="289,201,250,250" step="2"/><U109/><E109/><V83/><F102/><W17/><G61/><T62/><D62/><U133/><E133/><V57/><F127/><W69/><G69/><T129/><D129/><U4/><E49/><V118/><F118/><W79/><G63/><T92/><D92/><U103/><E103/><V54/><F64/><W42/><G95/><T43/><D43/><U78/><E48/><V113/><F113/><W51/><G42/><T106/><D106/><U3/><E37/><V74/><F96/><W112/><G105/><T126/><D126/><U86/><E36/><V30/><F100/><W18/><G107/><T20/><D20/><U124/><E39/><V75/><F83/><W7/><G112/><T44/><D44/><RYUUKYOKU ba="1,1" sc="289,15,201,-15,250,15,250,-15" hai0="5,8,10,14,15,19,21,24,76,81,84,88,89" hai2="23,25,30,54,57,60,74,75,82,85,91,120,121" /><INIT seed="0,2,1,1,3,55" ten="304,186,265,235" oya="0" hai0="88,87,19,65,23,80,95,10,102,31,48,16,30" hai1="106,81,44,36,120,73,108,4,32,121,110,119,46" hai2="26,17,61,126,22,112,86,99,101,0,1,60,100" hai3="64,94,20,62,6,105,125,82,92,70,79,66,33"/><T35/><D35/><U130/><E106/><V67/><F112/><W49/><G33/><T25/><D65/><U8/><E32/><V69/><F126/><W13/><G105/><T134/><D134/><U77/><E119/><V12/><F86/><W42/><G66/><T135/><D135/><U5/><E130/><V89/><F61/><W54/><G125/><T18/><D48/><U97/><E97/><V103/><F89/><W15/><G42/><T116/><D116/><U132/><E132/><V40/><F99/><W123/><G15/><N who="0" m="7287" /><D31/><U3/><E5/><V7/><REACH who="2" step="1"/><F40/><REACH who="2" ten="304,186,255,235" step="2"/><W76/><G62/><T24/><D24/><U2/><E120/><V114/><F114/><W78/><G123/><T39/><D39/><U27/><E121/><V98/><F98/><AGARI ba="2,2" hai="18,19,23,25,30,80,87,88,95,98,102" m="7287" machi="98" ten="30,5800,0" yaku="8,1,54,2" doraHai="55" who="0" fromWho="2" sc="304,84,186,0,255,-64,235,0" /><INIT seed="0,3,0,3,4,63" ten="388,186,191,235" oya="0" hai0="130,6,98,36,22,86,117,132,17,50,58,31,30" hai1="18,124,111,47,42,93,52,97,3,66,78,49,79" hai2="51,32,19,29,11,16,38,90,73,116,13,114,61" hai3="44,87,70,39,41,75,107,0,56,129,110,69,105"/><T54/><D117/><U20/><E3/><V77/><F38/><W94/><G75/><T55/><D36/><U25/><E111/><V89/><F114/><W113/><G113/><T128/><D132/><U65/><E124/><V108/><F108/><W33/><G33/><T26/><D6/><U91/><E42/><V68/><F116/><W64/><G0/><T135/><D135/><U10/><E10/><V74/><F51/><W120/><G110/><T9/><D98/><U1/><E1/><V112/><F112/><W96/><G129/><N who="0" m="49771" /><D9/><U24/><E24/><V119/><F119/><W40/><G40/><T88/><D55/><U62/><REACH who="1" step="1"/><E66/><REACH who="1" ten="388,176,191,235" step="2"/><V126/><F11/><W95/><G64/><T118/><D118/><U60/><E60/><V92/><F61/><W37/><G41/><T84/><D84/><U28/><E28/><V34/><F29/><W2/><G87/><T100/><D100/><U27/><E27/><V12/><F126/><W48/><G2/><T104/><D104/><U134/><E134/><V14/><F12/><W122/><G105/><T106/><D106/><U43/><E43/><V99/><F13/><W67/><G107/><T83/><AGARI ba="3,1" hai="17,22,26,30,31,50,54,58,83,86,88" m="49771" machi="83" ten="30,3000,0" yaku="19,1,54,1" doraHai="63" who="0" fromWho="0" sc="388,49,176,-13,191,-13,235,-13" /><INIT seed="0,4,0,4,5,56" ten="437,163,178,222" oya="0" hai0="93,97,95,110,117,18,58,60,36,74,35,10,116" hai1="83,19,73,106,32,37,9,100,99,132,44,119,70" hai2="84,80,94,25,57,20,33,21,123,2,101,16,22" hai3="91,67,121,128,17,38,112,135,134,68,103,28,105"/><T23/><D35/><U82/><E119/><V55/><F2/><W118/><G118/><T6/><D36/><U41/><E132/><V29/><F123/><W53/><G112/><T130/><D74/><U89/><E32/><V31/><F101/><W124/><G38/><T52/><D130/><U3/><E70/><V65/><F94/><W126/><G28/><N who="2" m="10825" /><F65/><W5/><G5/><T129/><D129/><U42/><E42/><V111/><F111/><W43/><G43/><T66/><D110/><U8/><E82/><V51/><F33/><W79/><G128/><T50/><D116/><U30/><E30/><V7/><F7/><W49/><G103/><T48/><D117/><U78/><E89/><AGARI ba="4,0" hai="16,20,21,22,25,51,55,57,80,84,89" m="10825" machi="89" ten="30,2000,0" yaku="8,1,54,1" doraHai="56" who="2" fromWho="1" sc="437,0,163,-32,178,32,222,0" /><INIT seed="1,0,0,3,3,68" ten="437,131,210,222" oya="1" hai0="78,67,31,27,113,98,95,17,116,121,92,5,122" hai1="103,26,135,20,73,76,96,127,81,63,60,69,54" hai2="55,48,85,2,58,119,41,111,87,83,74,126,57" hai3="65,107,19,12,80,34,7,99,11,16,112,124,59"/><U44/><E127/><V134/><F119/><W40/><G112/><T49/><D113/><U105/><E135/><V125/><F2/><W88/><G34/><T21/><D116/><U66/><E60/><V18/><F74/><W123/><G123/><N who="0" m="47115" /><D5/><U82/><E82/><V24/><F134/><W104/><G124/><N who="2" m="47721" /><F111/><W75/><G40/><T89/><D78/><U37/><E54/><V131/><F131/><W62/><G104/><T22/><D67/><U9/><E9/><V30/><F18/><W77/><REACH who="3" step="1"/><G88/><REACH who="3" ten="437,131,210,212" step="2"/><T33/><D89/><U128/><E128/><V117/><F41/><W115/><G115/><T8/><D33/><U10/><E10/><V94/><F117/><W86/><G86/><T43/><D98/><U6/><E6/><V14/><F87/><W133/><G133/><T13/><D8/><U52/><E37/><V45/><F94/><W110/><G110/><T50/><D43/><U71/><E71/><V56/><F85/><W118/><G118/><T3/><D95/><U15/><E69/><V46/><F83/><W53/><G53/><T23/><D92/><U25/><E52/><V91/><F91/><W114/><G114/><T36/><D36/><U4/><E105/><V61/><F46/><W47/><G47/><T79/><D79/><U39/><E44/><V72/><F72/><W132/><G132/><T109/><D109/><U64/><E39/><V100/><F45/><W28/><G28/><T35/><D35/><U120/><E73/><V93/><F55/><W51/><G51/><T1/><D22/><U70/><E120/><V38/><F38/><RYUUKYOKU ba="0,1" sc="437,15,131,-15,210,-15,212,15" hai0="1,3,13,17,21,23,27,31,49,50" hai3="7,11,12,16,19,59,62,65,75,77,80,99,107" /><INIT seed="2,1,1,5,2,29" ten="452,116,195,227" oya="2" hai0="134,100,113,42,73,72,38,133,60,28,106,37,128" hai1="87,51,16,31,83,71,98,67,85,18,34,10,101" hai2="1,50,21,102,32,119,17,96,105,59,84,91,109" hai3="2,118,120,94,15,40,110,124,75,62,52,129,77"/><V14/><F119/><W8/><G118/><T25/><D113/><U70/><E87/><V48/><F1/><W4/><G120/><T114/><D114/><U66/><E51/><V130/><F130/><W45/><G129/><T108/><D128/><U0/><E67/><V117/><F117/><W61/><G110/><T41/><D108/><U63/><E71/><V79/><F109/><W82/><G124/><T56/><D100/><U55/><E55/><V107/><F105/><W44/><G15/><T64/><D106/><U58/><E58/><V6/><F6/><W7/><G7/><T39/><D42/><U49/><E49/><V99/><F32/><W24/><G24/><T23/><REACH who="0" step="1"/><D41/><REACH who="0" ten="442,116,195,227" step="2"/><U125/><E125/><V80/><F99/><W104/><G104/><T27/><D27/><U69/><E69/><V26/><F26/><W5/><G40/><T3/><D3/><U36/><E36/><V116/><F116/><W19/><G2/><T126/><D126/><U93/><E0/><V11/><F59/><W9/><G45/><T132/><AGARI ba="1,2" hai="23,25,28,37,38,39,56,60,64,72,73,132,133,134" machi="132" ten="40,5200,0" yaku="1,1,0,1,20,1,53,0" doraHai="29" doraHaiUra="90" who="0" fromWho="0" sc="442,75,116,-14,195,-27,227,-14" /><INIT seed="3,0,0,5,2,82" ten="517,102,168,213" oya="3" hai0="103,79,49,38,54,10,33,78,122,84,77,93,18" hai1="31,13,16,5,6,110,124,94,37,99,73,43,95" hai2="8,109,66,111,119,127,19,59,60,86,85,115,81" hai3="107,58,15,87,61,69,106,112,2,91,34,39,56"/><W4/><G2/><T97/><D122/><U3/><E73/><V47/><F115/><W12/><G39/><T90/><D38/><U46/><E110/><N who="2" m="41995" /><F119/><W0/><G34/><T23/><D33/><U105/><E124/><V128/><F128/><W40/><G40/><T29/><D29/><U52/><E31/><V130/><F130/><W26/><G26/><T126/><D10/><U27/><E27/><V45/><F127/><W134/><G69/><T125/><D125/><U32/><E32/><V64/><F64/><W62/><G0/><T88/><D84/><N who="2" m="32362" /><F81/><W135/><G87/><T116/><D116/><U123/><E123/><V117/><F117/><W100/><G91/><T104/><D104/><U17/><E3/><V41/><F41/><W74/><G74/><T129/><D129/><U92/><E17/><V133/><F133/><W9/><G112/><T68/><D68/><U7/><E105/><V118/><F118/><W20/><G107/><T98/><D98/><U53/><REACH who="1" step="1"/><E99/><REACH who="1" ten="517,92,168,213" step="2"/><V28/><F28/><W42/><G106/><T51/><D126/><U35/><E35/><V121/><F121/><W63/><G135/><T113/><D113/><U30/><E30/><V83/><F83/><W71/><G134/><T57/><D51/><U108/><E108/><V36/><F36/><W70/><G63/><T114/><D114/><U50/><E50/><V131/><F131/><W55/><G62/><T96/><D96/><U65/><E65/><V48/><F48/><W1/><G61/><T80/><D80/><U101/><E101/><V120/><F120/><W89/><G100/><RYUUKYOKU ba="0,1" sc="517,10,92,10,168,10,213,-30" hai0="18,23,49,54,57,77,78,79,88,90,93,97,103" hai1="5,6,7,13,16,37,43,46,52,53,92,94,95" hai2="8,19,45,47,59,60,66" owari="537,63.7,102,-39.8,178,-22.2,183,-1.7" /></mjloggm>