<mjloggm ver="2.3"><GO type="225" lobby="0"/><UN n0="%E4%BF%BA%E3%81%A8%E5%A6%96%E5%A4%A2" n1="%E6%97%A5%E6%9B%9C%E6%97%A5%E3%82%88%E3%82%8A%E3%81%AE%E4%BD%BF%E8%80%85" n2="%72%65%6E%6B%75%6E" n3="%E6%98%93%E5%88%A9%E8%96%A9%E4%BC%AF" dan="16,17,17,17" rate="2181.32,2198.13,2195.21,2198.41" sx="F,M,M,F"/><TAIKYOKU oya="0"/><INIT seed="0,0,0,1,2,36" ten="250,250,250,250" oya="0" hai0="3,26,2,130,21,33,43,102,99,134,69,49,59" hai1="122,95,110,108,85,87,77,57,104,39,97,7,55" hai2="89,72,127,67,82,4,35,19,44,124,88,58,73" hai3="17,53,100,54,113,131,94,123,10,116,62,93,83"/><T60/><D33/><U47/><E7/><V29/><F4/><W40/><G113/><T129/><D134/><U68/><E68/><V126/><F19/><W6/><G116/><T79/><D79/><U120/><E104/><V86/><F89/><W65/><G131/><N who="0" m="50187" /><D69/><U0/><E0/><V5/><F5/><W18/><G83/><T115/><D115/><U98/><E77/><V46/><F29/><W1/><G123/><T101/><D101/><U114/><E114/><V42/><F35/><W64/><G64/><N who="0" m="38943" /><D21/><U112/><E112/><V14/><F14/><W121/><G121/><T84/><D84/><U80/><E85/><V38/><F46/><W74/><G74/><T125/><D26/><U56/><E87/><V13/><F13/><W25/><G93/><N who="0" m="58735" /><D125/><U61/><E80/><V105/><F105/><W107/><G107/><T109/><D109/><N who="1" m="42091" /><E97/><V81/><F81/><W23/><G100/><T133/><D133/><U30/><E98/><V117/><F117/><W45/><G94/><T106/><D106/><U34/><E95/><V66/><F58/><W15/><G1/><T135/><D135/><U24/><E57/><V37/><F37/><W75/><G75/><AGARI ba="0,0" hai="38,42,44,66,67,72,73,75,82,86,88,124,126,127" machi="75" ten="50,6400,0" yaku="18,1,52,1,54,1" doraHai="36" who="2" fromWho="3" sc="250,0,250,0,250,64,250,-64" /><INIT seed="1,0,0,2,5,66" ten="250,250,314,186" oya="1" hai0="50,74,48,135,30,55,92,97,60,75,96,35,129" hai1="106,4,62,85,94,45,33,5,1,102,34,20,6" hai2="127,37,32,125,79,25,82,24,54,130,47,80,22" hai3="112,83,43,15,40,63,38,26,51,16,134,122,8"/><U110/><E1/><V90/><F130/><W104/><G112/><T29/><D129/><U84/><E106/><V12/><F90/><W52/><G122/><T99/><D135/><U126/><E126/><N who="2" m="48139" /><F22/><W115/><G104/><T132/><D132/><U72/><E72/><N who="2" m="43111" /><F82/><W13/><G115/><T65/><D92/><U76/><E110/><V67/><F67/><W46/><G134/><T7/><D7/><U23/><E76/><V114/><F114/><W27/><G63/><T28/><D35/><U118/><E34/><V119/><F119/><W17/><G83/><T107/><D107/><U70/><E33/><V14/><F54/><W61/><G61/><T116/><D116/><U124/><E118/><V131/><F131/><W39/><G38/><T71/><REACH who="0" step="1"/><D48/><REACH who="0" ten="240,250,314,186" step="2"/><U59/><E124/><V9/><F32/><W81/><G81/><T117/><D117/><U93/><E93/><V95/><F95/><W98/><G98/><T18/><D18/><U100/><E94/><V53/><F37/><W77/><G39/><T57/><AGARI ba="0,1" hai="28,29,30,50,55,57,60,65,71,74,75,96,97,99" machi="57" ten="30,7900,0" yaku="1,1,0,1,52,1,53,1" doraHai="66" doraHaiUra="64" who="0" fromWho="0" sc="240,89,250,-39,314,-20,186,-20" /><INIT seed="2,0,0,2,4,72" ten="329,211,294,166" oya="2" hai0="88,94,14,126,107,78,25,115,45,93,114,5,61" hai1="70,89,116,60,39,129,104,71,63,85,109,69,113" hai2="123,120,97,29,127,62,6,54,10,111,16,15,99" hai3="27,77,82,125,86,106,52,1,51,132,2,7,55"/><V102/><F127/><W19/><G125/><T44/><D126/><U103/><E113/><V21/><F29/><W40/><G132/><T87/><D107/><U105/><E116/><V41/><F41/><W24/><G106/><T76/><D114/><U37/><E109/><V56/><F111/><W90/><G40/><T118/><D115/><U101/><E129/><V46/><F46/><N who="0" m="18026" /><D118/><U68/><E68/><V3/><REACH who="2" step="1"/><F99/><REACH who="2" ten="329,211,284,166" step="2"/><W74/><G2/><T121/><D121/><U91/><E39/><V42/><F42/><W31/><G31/><T36/><D36/><U124/><E37/><V13/><F13/><W33/><G33/><T12/><D25/><U130/><E124/><V32/><F32/><W11/><G19/><T117/><D117/><U81/><E130/><V110/><F110/><W0/><G0/><T57/><D14/><U80/><E71/><V58/><F58/><W34/><G34/><T122/><D122/><U119/><E119/><V64/><F64/><W79/><G55/><N who="0" m="33983" /><D94/><AGARI ba="0,1" hai="3,6,10,15,16,21,54,56,62,94,97,102,120,123" machi="94" ten="30,11600,0" yaku="1,1,7,1,54,1,53,1" doraHai="72" doraHaiUra="50" who="2" fromWho="0" sc="329,-116,211,0,284,126,166,0" /><INIT seed="2,1,0,1,2,27" ten="213,211,410,166" oya="2" hai0="112,42,67,11,8,12,98,120,29,111,110,113,26" hai1="22,77,82,127,134,43,38,41,124,7,14,5,118" hai2="54,21,36,66,106,121,100,95,109,23,135,53,18" hai3="39,57,75,24,71,83,126,19,132,131,101,35,52"/><V40/><F121/><W108/><G71/><T3/><D67/><U72/><E118/><V88/><F135/><W115/><G108/><N who="0" m="41515" /><D42/><N who="1" m="15883" /><E38/><V93/><F109/><W76/><G132/><T33/><D98/><U85/><E72/><V116/><F66/><W81/><G131/><T74/><D74/><U73/><E73/><V49/><F116/><W63/><G126/><N who="1" m="48170" /><E134/><V51/><F106/><W64/><G39/><T56/><D56/><U16/><AGARI ba="1,0" hai="5,7,14,16,22,77,82,85" m="48170,15883" machi="16" ten="30,2000,0" yaku="18,1,54,1" doraHai="27" who="1" fromWho="1" sc="213,-6,211,23,410,-11,166,-6" /><INIT seed="3,0,0,0,2,73" ten="207,234,399,160" oya="3" hai0="57,120,2,24,122,13,79,121,84,3,34,95,71" hai1="82,135,91,32,26,119,88,128,16,70,75,44,77" hai2="48,35,64,42,125,30,33,41,67,68,39,29,78" hai3="12,93,15,110,92,76,69,28,65,133,60,112,9"/><W102/><G112/><T118/><D118/><U134/><E70/><V59/><F59/><W8/><G133/><N who="1" m="50698" /><E119/><V22/><F22/><W87/><G110/><T6/><D71/><U63/><E128/><V126/><F68/><W86/><G28/><T40/><D40/><U18/><E63/><V0/><F48/><W103/><G69/><T51/><D13/><U20/><E32/><V19/><F19/><N who="1" m="7209" /><E44/><V66/><F66/><W36/><G36/><T27/><D6/><U21/><E21/><V96/><F96/><W105/><G105/><T61/><D51/><U127/><E127/><V55/><F55/><W5/><G60/><T31/><D27/><U7/><E7/><V100/><F100/><W104/><G104/><T97/><D57/><U46/><E46/><V107/><F107/><W49/><G49/><T11/><D11/><U10/><E10/><V43/><F43/><W47/><G47/><T50/><D50/><U124/><E124/><V81/><F39/><W90/><G65/><T62/><D62/><U132/><E132/><V131/><F0/><W37/><G37/><T74/><D61/><U98/><E98/><V17/><F17/><AGARI ba="0,0" hai="17,20,26,75,77,82,88,91" m="7209,50698" machi="17" ten="30,7700,0" yaku="20,1,52,1,54,2" doraHai="73" who="1" fromWho="2" sc="207,0,234,77,399,-77,160,0" owari="207,-19.3,311,11.1,322,42.2,160,-34.0" /></mjloggm>