<mjloggm ver="2.3"><GO type="225" lobby="0"/><UN n0="%E3%82%A2%E3%83%9E%E3%83%9D%EF%BD%9E%EF%BD%9E%E3%83%A9" n1="%E8%B5%A4%E3%81%84%E8%9B%99%31%31" n2="%E9%A6%AC%E5%BC%95%E7%81%AB%33" n3="%EF%BC%AE%EF%BC%A1%EF%BC%AF%33%33%39" dan="17,16,17,16" rate="2096.89,2099.00,2124.85,2126.79" sx="M,M,M,M"/><TAIKYOKU oya="0"/><INIT seed="0,0,0,3,4,17" ten="250,250,250,250" oya="0" hai0="33,118,82,105,110,135,126,36,91,46,75,28,49" hai1="55,57,62,27,109,58,18,9,95,125,1,66,31" hai2="74,97,22,94,87,76,96,92,48,4,53,124,98" hai3="20,12,79,43,128,71,35,80,56,86,101,39,6"/><T133/><D118/><U3/><E125/><V11/><F124/><W99/><G35/><T115/><D115/><U25/><E109/><V5/><F74/><W83/><G71/><T44/><D105/><U45/><E45/><V104/><F104/><W41/><G39/><T119/><D119/><U37/><E37/><V132/><F132/><W117/><G117/><T54/><D110/><U24/><E31/><V77/><F22/><W19/><G128/><T15/><D126/><U50/><REACH who="1" step="1"/><E95/><REACH who="1" ten="250,240,250,250" step="2"/><V16/><F94/><W59/><G41/><T120/><D36/><U131/><E131/><V26/><F92/><W61/><G43/><T14/><D28/><U38/><E38/><V73/><F98/><W0/><G99/><T89/><D135/><U42/><E42/><V130/><F97/><W84/><G101/><T106/><D46/><U32/><E32/><V34/><F96/><W116/><G116/><T68/><D33/><U23/><E23/><V123/><F130/><W112/><G112/><T10/><D133/><U51/><E51/><V103/><F48/><W8/><REACH who="3" step="1"/><G61/><REACH who="3" ten="250,240,250,240" step="2"/><T70/><D49/><U29/><E29/><V30/><F30/><W52/><G52/><T85/><D54/><U100/><E100/><V78/><F103/><W67/><G67/><T129/><D129/><U40/><E40/><V2/><F53/><W122/><G122/><T107/><D120/><U127/><E127/><V65/><F65/><W111/><G111/><T108/><D108/><U60/><E60/><V21/><F34/><W13/><G13/><AGARI ba="0,2" hai="1,3,9,13,18,24,25,27,50,55,57,58,62,66" machi="13" ten="40,1300,0" yaku="1,1,53,0" doraHai="17" doraHaiUra="90" who="1" fromWho="3" sc="250,0,240,33,250,0,240,-13" /><INIT seed="1,0,0,2,3,117" ten="250,273,250,227" oya="1" hai0="34,77,42,107,122,104,128,6,101,31,125,83,51" hai1="89,28,32,126,85,91,58,56,108,127,103,50,43" hai2="120,115,18,135,37,123,80,53,64,17,63,94,45" hai3="119,106,86,33,69,14,113,29,47,41,55,59,92"/><U20/><E32/><V48/><F135/><W24/><G113/><T129/><D125/><N who="1" m="47627" /><E103/><V68/><F115/><W67/><G106/><N who="0" m="40491" /><D6/><U79/><E79/><V1/><F1/><W57/><G119/><T82/><D51/><U3/><E3/><V66/><F66/><W10/><G69/><T35/><D42/><U46/><E108/><V99/><F80/><N who="0" m="30762" /><D101/><U15/><E91/><V88/><REACH who="2" step="1"/><F37/><REACH who="2" ten="250,273,240,227" step="2"/><W110/><G67/><T25/><D129/><U134/><E134/><V75/><F75/><W114/><G114/><T112/><D128/><U70/><E70/><V111/><F111/><W73/><G73/><T124/><D112/><U118/><E118/><V121/><AGARI ba="0,1" hai="17,18,45,48,53,63,64,68,88,94,99,120,121,123" machi="121" ten="30,12000,2" yaku="1,1,0,1,52,3,54,1,53,0" doraHai="117" doraHaiUra="9" who="2" fromWho="2" sc="250,-30,273,-60,240,130,227,-30" /><INIT seed="2,0,0,1,1,0" ten="220,213,370,197" oya="2" hai0="37,89,52,134,58,121,50,129,66,99,63,22,21" hai1="86,97,31,17,126,54,81,28,27,107,24,3,70" hai2="112,79,111,130,78,82,62,59,5,11,113,12,40" hai3="96,106,90,119,20,124,39,120,109,10,83,43,88"/><V123/><F123/><W15/><G120/><T98/><D121/><U105/><E70/><V56/><F130/><W87/><G119/><T26/><D134/><U60/><E126/><V67/><F111/><W45/><G124/><T13/><D37/><U23/><E3/><V41/><F79/><W75/><G75/><T47/><D129/><U6/><E6/><V85/><REACH who="2" step="1"/><F59/><REACH who="2" ten="220,213,360,197" step="2"/><W48/><G109/><T69/><D69/><U1/><E31/><V18/><F18/><W108/><G108/><T71/><D71/><U49/><E28/><V135/><F135/><W110/><G110/><T114/><D114/><AGARI ba="0,1" hai="5,11,12,40,41,56,62,67,78,82,85,112,113,114" machi="114" ten="40,7700,0" yaku="1,1,52,1,53,1" doraHai="0" doraHaiUra="74" who="2" fromWho="0" sc="220,-77,213,0,360,87,197,0" /><INIT seed="2,1,0,1,2,113" ten="143,213,447,197" oya="2" hai0="70,11,87,7,20,101,134,14,100,86,42,81,110" hai1="22,107,135,39,24,126,69,129,66,56,52,4,128" hai2="53,34,16,59,41,1,10,84,108,76,106,60,91" hai3="21,95,71,77,33,58,30,80,90,31,123,25,109"/><V74/><F34/><W72/><G71/><T132/><D70/><U15/><E107/><V47/><F106/><W118/><G123/><T89/><D110/><U29/><E126/><V0/><F108/><W65/><G109/><T50/><D134/><U3/><E39/><V36/><F76/><W19/><G118/><T116/><D132/><U32/><E135/><V40/><F40/><W37/><G37/><T63/><D116/><U121/><E121/><V6/><F74/><W114/><G114/><T97/><D97/><U27/><E66/><V78/><F78/><W8/><G8/><T61/><D20/><U85/><E85/><V94/><F16/><W75/><G75/><T48/><D48/><U83/><E83/><V45/><F45/><W64/><G58/><T57/><D87/><U35/><E69/><V93/><F0/><W131/><G131/><N who="1" m="50250" /><E3/><V51/><F36/><W119/><G119/><T88/><D89/><U117/><E117/><V120/><F120/><W26/><REACH who="3" step="1"/><G31/><REACH who="3" ten="143,213,447,187" step="2"/><T99/><D57/><U28/><E28/><V82/><AGARI ba="1,1" hai="1,6,10,41,47,51,53,59,60,82,84,91,93,94" machi="82" ten="20,2100,0" yaku="0,1,7,1" doraHai="113" who="2" fromWho="2" sc="143,-8,213,-8,447,34,187,-8" /><INIT seed="2,2,0,1,2,133" ten="135,205,481,179" oya="2" hai0="59,120,113,134,75,8,24,117,58,62,50,14,125" hai1="39,110,69,112,91,41,97,68,23,40,15,38,104" hai2="93,29,72,42,46,90,135,114,66,106,13,25,32" hai3="87,108,124,18,77,116,131,70,6,27,81,1,21"/><V20/><F114/><W28/><G70/><T88/><D120/><U22/><E110/><V80/><F106/><W73/><G116/><T57/><D113/><U78/><E78/><V52/><F135/><W44/><G108/><T101/><D134/><U5/><E5/><V16/><F66/><W64/><G64/><T86/><D75/><U115/><E104/><V65/><F65/><W84/><G131/><T51/><D117/><U63/><E63/><V96/><F80/><W105/><G105/><T95/><D62/><U17/><E15/><V122/><F72/><W49/><G6/><T103/><D24/><U48/><E48/><N who="0" m="18473" /><D125/><U61/><E61/><V10/><F122/><W74/><G1/><T132/><D132/><U126/><E126/><V98/><F52/><W127/><G74/><T37/><D37/><U85/><E97/><V34/><F98/><W53/><G73/><T109/><D109/><U54/><E54/><V36/><AGARI ba="2,0" hai="10,13,16,20,25,29,32,34,36,42,46,90,93,96" machi="36" ten="20,3900,0" yaku="0,1,7,1,54,1" doraHai="133" who="2" fromWho="2" sc="135,-15,205,-15,481,45,179,-15" /><INIT seed="2,3,0,1,4,42" ten="120,190,526,164" oya="2" hai0="69,49,57,33,134,92,12,10,79,110,43,16,70" hai1="119,103,83,132,109,98,104,124,73,115,22,5,36" hai2="116,17,23,26,21,32,62,89,45,3,0,59,128" hai3="53,29,40,47,85,6,129,13,18,68,108,50,27"/><V72/><F116/><W126/><G68/><T46/><D110/><U8/><E119/><V19/><F32/><W56/><G108/><T131/><D33/><U66/><E115/><V9/><F72/><W120/><G120/><T77/><D131/><U82/><E109/><V64/><F128/><W117/><G117/><T35/><D35/><U78/><E132/><V15/><F89/><W71/><G71/><T67/><D134/><U25/><E124/><V125/><F125/><W2/><G129/><T97/><D70/><U88/><E36/><V93/><F93/><W121/><G121/><T28/><D28/><U81/><E66/><V100/><F100/><W52/><G126/><T34/><D69/><U60/><E60/><V24/><REACH who="2" step="1"/><F45/><REACH who="2" ten="120,190,516,164" step="2"/><W51/><G85/><T76/><D34/><U105/><E88/><V63/><F63/><W4/><G2/><T91/><D57/><U61/><E61/><V114/><F114/><W86/><G86/><T38/><REACH who="0" step="1"/><D67/><REACH who="0" ten="110,190,516,164" step="2"/><U123/><E123/><V84/><F84/><W37/><G56/><T99/><D99/><U90/><E73/><V87/><F87/><W122/><G122/><T112/><D112/><U107/><E98/><V95/><F95/><W74/><G74/><T54/><D54/><U94/><E94/><V65/><F65/><W1/><G53/><T75/><D75/><U130/><E130/><V7/><AGARI ba="3,2" hai="0,3,7,9,15,17,19,21,23,24,26,59,62,64" machi="7" ten="20,7800,0" yaku="1,1,0,1,7,1,9,1,53,0" doraHai="42" doraHaiUra="31" who="2" fromWho="2" sc="110,-29,190,-29,516,107,164,-29" /><INIT seed="2,4,0,1,2,55" ten="81,161,623,135" oya="2" hai0="104,7,22,23,59,121,8,93,106,124,112,94,85" hai1="108,36,70,113,134,15,74,40,90,91,32,76,56" hai2="128,33,77,73,132,3,21,50,10,97,115,54,41" hai3="0,16,51,100,89,109,14,17,83,60,4,102,43"/><V52/><F115/><W129/><G0/><T19/><D112/><U53/><E32/><V62/><F33/><W133/><G109/><T67/><D121/><U110/><E70/><V11/><F128/><W58/><G129/><T107/><D124/><U123/><E113/><V42/><F132/><W65/><G133/><T57/><D67/><U87/><E123/><V116/><F116/><W49/><G4/><T2/><D23/><U13/><E74/><V64/><F73/><W125/><G125/><T20/><D22/><U88/><E134/><V30/><F77/><W24/><G24/><T99/><D85/><U18/><E36/><V95/><F54/><W96/><G17/><T84/><D84/><U31/><E31/><V29/><F29/><W103/><G43/><T38/><D38/><U66/><E40/><V44/><F42/><W48/><G83/><T6/><D6/><U120/><E66/><V98/><F98/><W118/><G89/><T92/><REACH who="0" step="1"/><D99/><REACH who="0" ten="71,161,623,135" step="2"/><U101/><E120/><V130/><F130/><W122/><G122/><T117/><D117/><U86/><E110/><V111/><F111/><W9/><REACH who="3" step="1"/><G118/><REACH who="3" ten="71,161,623,125" step="2"/><T78/><D78/><U12/><E108/><V127/><F127/><W34/><G34/><T72/><D72/><U1/><E76/><V80/><F3/><W35/><G35/><T126/><D126/><U5/><E1/><V75/><F75/><W37/><G37/><T135/><D135/><U69/><E5/><V79/><F79/><W47/><G47/><T68/><D68/><U27/><E69/><V119/><F119/><W46/><G46/><RYUUKYOKU ba="4,2" sc="71,15,161,-15,623,-15,125,15" hai0="2,7,8,19,20,57,59,92,93,94,104,106,107" hai3="9,14,16,48,49,51,58,60,65,96,100,102,103" /><INIT seed="3,5,2,5,2,31" ten="86,146,608,140" oya="3" hai0="33,78,57,46,28,21,135,67,60,50,75,56,89" hai1="129,9,52,92,27,58,53,123,87,20,70,115,116" hai2="15,30,51,100,32,96,66,84,82,0,110,125,134" hai3="7,11,61,63,114,133,102,91,48,25,72,36,45"/><W13/><G114/><T49/><D135/><U14/><E115/><V73/><F0/><W12/><G36/><T90/><D33/><U17/><E123/><V37/><F37/><W2/><G72/><T43/><D78/><U40/><E129/><V83/><F134/><W86/><G133/><T99/><D75/><U128/><E128/><V19/><F110/><W39/><G39/><T64/><D99/><U117/><E70/><V111/><F111/><W132/><G132/><T62/><D50/><U104/><E104/><V131/><F131/><W18/><G102/><T98/><D98/><U8/><E40/><V35/><F125/><W47/><G25/><AGARI ba="5,2" hai="21,25,28,43,46,49,56,57,60,62,64,67,89,90" machi="25" ten="40,2600,0" yaku="9,1,8,1" doraHai="31" who="0" fromWho="3" sc="86,61,146,0,608,0,140,-41" owari="147,-5.3,146,-25.4,608,70.8,99,-40.1" /></mjloggm>