<mjloggm ver="2.3"><GO type="225" lobby="0"/><UN n0="%E3%83%B4%E3%82%A3%E3%83%AF%E3%82%B3%E3%82%B0%E3%83%8B" n1="%E4%BF%BA%E3%81%A8%E5%A6%96%E5%A4%A2" n2="%E6%81%A5%E6%99%92%E3%81%97" n3="%72%69%6F%75%63%68%61%6E" dan="16,16,16,16" rate="2212.29,2125.31,2208.24,2187.76" sx="M,F,M,M"/><TAIKYOKU oya="0"/><INIT seed="0,0,0,3,1,71" ten="250,250,250,250" oya="0" hai0="34,45,85,99,64,78,94,21,125,33,51,88,70" hai1="73,86,11,134,17,81,15,0,133,83,113,72,115" hai2="132,56,55,31,9,25,130,80,120,121,67,4,96" hai3="48,114,30,40,24,10,12,3,16,122,129,18,105"/><T13/><D125/><U69/><E69/><V117/><F130/><W68/><G105/><T23/><D70/><U90/><E0/><V35/><F132/><N who="1" m="50793" /><E83/><V57/><F117/><W5/><G114/><AGARI ba="0,0" hai="11,15,17,72,73,81,86,90,113,114,115" m="50793" machi="114" ten="30,2000,0" yaku="11,1,20,1" doraHai="71" who="1" fromWho="3" sc="250,0,250,20,250,0,250,-20" /><INIT seed="1,0,0,1,2,106" ten="250,270,250,230" oya="1" hai0="65,100,12,111,118,117,46,123,61,24,108,88,51" hai1="58,66,84,116,89,37,49,96,47,92,98,6,85" hai2="44,22,94,113,55,36,122,74,4,18,19,87,121" hai3="64,41,91,38,20,14,77,5,90,114,127,95,17"/><U130/><E116/><V42/><F113/><W126/><G114/><T104/><D123/><U80/><E130/><V105/><F105/><W30/><G64/><T56/><D12/><U81/><E37/><V110/><F110/><N who="0" m="42026" /><D24/><U75/><E75/><V115/><F115/><W9/><G77/><T86/><D100/><U28/><E28/><V26/><F4/><W21/><G30/><T29/><D104/><U62/><E6/><V1/><F1/><W124/><G20/><T129/><D29/><U133/><E133/><V53/><F18/><W83/><G83/><N who="0" m="49247" /><D129/><U3/><E3/><V48/><F55/><AGARI ba="0,0" hai="46,51,55,56,61,65,117,118" m="49247,42026" machi="55" ten="30,2000,0" yaku="14,1,54,1" doraHai="106" who="0" fromWho="2" sc="250,20,270,0,250,-20,230,0" /><INIT seed="2,0,0,1,1,90" ten="270,270,230,230" oya="2" hai0="115,134,62,43,70,131,104,31,54,101,20,51,118" hai1="84,47,50,109,4,97,111,135,72,69,121,65,120" hai2="11,25,21,74,41,80,71,91,85,59,9,19,124" hai3="36,126,114,77,130,79,83,6,40,64,2,27,44"/><V1/><F124/><W8/><G130/><T92/><D104/><U117/><E72/><V15/><F71/><W42/><G126/><T100/><D115/><U38/><E84/><V73/><F41/><W33/><G114/><T49/><D131/><U132/><E38/><V5/><REACH who="2" step="1"/><F59/><REACH who="2" ten="270,270,220,230" step="2"/><W75/><G40/><T105/><D70/><U18/><E117/><V106/><F106/><W87/><G64/><T10/><D105/><U13/><E65/><V122/><F122/><W129/><G129/><T61/><D43/><U3/><E69/><V37/><F37/><W89/><REACH who="3" step="1"/><G75/><REACH who="3" ten="270,270,220,220" step="2"/><T107/><D118/><U123/><E123/><V66/><F66/><W88/><G88/><T53/><D53/><U103/><E121/><V23/><F23/><W116/><G116/><T58/><D54/><U63/><E120/><V28/><AGARI ba="0,2" hai="1,5,9,11,15,19,21,25,28,73,74,80,85,91" machi="28" ten="20,3900,0" yaku="1,1,0,1,7,1,53,0" doraHai="90" doraHaiUra="110" who="2" fromWho="2" sc="270,-13,270,-13,220,59,220,-13" /><INIT seed="2,1,0,0,3,88" ten="257,257,279,207" oya="2" hai0="37,90,131,44,25,92,116,111,45,112,27,134,26" hai1="22,73,18,63,38,123,79,6,20,113,98,7,118" hai2="46,103,19,41,15,61,65,66,16,114,120,94,128" hai3="56,1,121,135,80,70,108,110,55,76,54,87,84"/><V5/><F120/><W81/><G121/><T99/><D112/><U2/><E123/><V89/><F128/><W97/><G70/><T36/><D111/><N who="3" m="42537" /><G1/><T4/><D131/><U67/><E38/><V77/><F114/><W42/><G42/><T71/><D71/><U49/><E113/><V24/><F103/><W130/><G130/><T104/><D134/><U100/><E2/><V59/><F77/><N who="3" m="46095" /><G135/><T13/><D116/><U47/><E22/><N who="2" m="13383" /><F5/><W125/><G125/><T102/><D36/><U10/><E10/><N who="2" m="6647" /><F46/><W69/><G69/><T68/><D68/><U119/><E79/><V33/><F33/><W75/><G75/><T72/><D72/><U57/><E73/><V12/><F12/><W83/><G81/><T95/><D37/><U129/><E129/><V11/><F11/><W48/><G54/><T58/><D104/><U14/><E119/><V93/><F41/><W126/><G126/><T62/><D4/><U9/><E9/><V17/><F17/><W21/><G97/><N who="0" m="57495" /><D13/><U122/><E122/><V78/><F78/><W91/><G76/><T64/><AGARI ba="1,0" hai="25,26,27,44,45,58,62,64,95,99,102" m="57495" machi="64" ten="30,4000,0" yaku="8,1,52,2" doraHai="88" who="0" fromWho="0" sc="257,43,257,-11,279,-21,207,-11" /><INIT seed="3,0,0,1,3,134" ten="300,246,258,196" oya="3" hai0="106,20,21,100,54,1,12,105,78,70,91,74,84" hai1="112,63,36,109,93,46,71,110,10,13,82,81,68" hai2="119,90,23,57,76,126,22,50,40,121,16,98,120" hai3="61,107,128,47,8,118,97,19,41,116,103,25,123"/><W95/><G123/><N who="2" m="47177" /><F119/><W44/><G128/><T99/><D1/><U39/><E93/><N who="2" m="56631" /><F76/><W77/><G77/><T37/><D70/><N who="1" m="26667" /><E63/><V94/><F126/><W52/><G107/><T96/><D37/><N who="1" m="14411" /><E46/><N who="2" m="25927" /><F94/><W29/><G44/><T18/><D106/><U122/><E122/><V5/><F5/><W132/><G132/><T127/><D127/><U45/><E45/><V53/><F16/><W48/><G61/><AGARI ba="0,0" hai="22,23,53,57,61" m="25927,56631,47177" machi="61" ten="30,1000,0" yaku="13,1" doraHai="134" who="2" fromWho="3" sc="300,0,246,0,258,10,196,-10" owari="300,40.0,246,-15.4,268,6.8,186,-31.4" /></mjloggm>