<mjloggm ver="2.3"><GO type="225" lobby="0"/><UN n0="%6B%65%6E%6E%64%69" n1="%66%67%67%68%68%64%66" n2="%E6%A1%9C%E8%8A%B1%E9%96%83%E3%80%85" n3="%E3%83%81%E3%83%83%E3%82%BF%E3%82%BD%E3%83%BC" dan="16,16,16,16" rate="2156.25,2074.74,2134.93,2128.03" sx="M,M,M,F"/><TAIKYOKU oya="0"/><INIT seed="0,0,0,1,3,56" ten="250,250,250,250" oya="0" hai0="25,97,49,38,15,39,45,64,90,111,11,83,130" hai1="101,58,75,66,125,6,133,82,89,71,59,117,4" hai2="27,63,47,13,67,12,98,24,76,114,109,22,93" hai3="40,131,19,36,8,112,123,127,44,1,48,121,85"/><T14/><D130/><U113/><E117/><V116/><F114/><W18/><G112/><T102/><D111/><U10/><E113/><V118/><F76/><W68/><G131/><T52/><D15/><U92/><E133/><V108/><F47/><W77/><G127/><T80/><D64/><U99/><E125/><V55/><F55/><W28/><G68/><T33/><D33/><U43/><E43/><V122/><F122/><N who="3" m="46603" /><G28/><T9/><D25/><N who="2" m="9802" /><F22/><W129/><G129/><T74/><D9/><U78/><E4/><V53/><F53/><W72/><G85/><N who="0" m="50471" /><D83/><U31/><E31/><V61/><F12/><W2/><G36/><T35/><D74/><U60/><REACH who="1" step="1"/><E101/><REACH who="1" ten="250,240,250,250" step="2"/><V5/><F116/><W32/><G40/><T110/><D110/><U84/><E84/><V51/><F118/><W34/><G72/><T7/><D35/><U107/><E107/><V0/><F109/><W95/><G32/><T30/><D30/><U46/><E46/><V106/><F106/><W69/><G34/><T94/><D39/><U135/><E135/><V126/><F108/><W20/><G44/><T91/><D38/><U104/><E104/><V134/><F134/><W62/><G1/><AGARI ba="0,1" hai="1,6,10,58,59,60,66,71,75,78,82,89,92,99" machi="1" ten="30,3900,0" yaku="1,1,7,1,52,1,53,0" doraHai="56" doraHaiUra="120" who="1" fromWho="3" sc="250,0,240,49,250,0,250,-39" /><INIT seed="1,0,0,4,0,89" ten="250,289,250,211" oya="1" hai0="14,15,4,66,56,0,18,120,128,104,9,16,31" hai1="80,41,49,88,74,35,100,2,86,21,71,53,67" hai2="103,47,54,119,51,20,91,79,57,73,27,64,13" hai3="134,34,11,72,107,19,77,39,97,22,90,101,108"/><U94/><E35/><V65/><F119/><W105/><G108/><T114/><D104/><U61/><E2/><V24/><F103/><W102/><G134/><T126/><D114/><U1/><E1/><V29/><F73/><W38/><G34/><T121/><D66/><U59/><E21/><V3/><F3/><W92/><G11/><N who="0" m="6495" /><D56/><U81/><E74/><V8/><F79/><W99/><G77/><T70/><D70/><U44/><REACH who="1" step="1"/><E100/><REACH who="1" ten="250,279,250,211" step="2"/><V25/><F20/><W45/><G72/><T129/><D31/><U98/><E98/><V83/><F29/><W36/><G101/><T23/><D126/><U124/><E124/><V63/><F8/><W125/><G125/><T62/><D62/><AGARI ba="0,1" hai="41,44,49,53,59,61,62,67,71,80,81,86,88,94" machi="62" ten="30,12000,1" yaku="1,1,7,1,52,1,54,1,53,1" doraHai="89" doraHaiUra="55" who="1" fromWho="0" sc="250,-120,279,130,250,0,211,0" /><INIT seed="1,1,0,4,3,35" ten="130,409,250,211" oya="1" hai0="49,78,96,129,122,91,116,30,56,46,119,130,100" hai1="97,67,115,14,109,2,89,53,33,6,15,42,134" hai2="13,24,65,50,9,92,74,85,36,38,104,108,55" hai3="90,95,32,41,101,60,31,58,21,73,40,51,26"/><U102/><E115/><V25/><F104/><W135/><G135/><T84/><D30/><U126/><E33/><V18/><F74/><W10/><G73/><T113/><D56/><U72/><E72/><V125/><F108/><W66/><G101/><T1/><D49/><U77/><E77/><V117/><F117/><N who="0" m="45130" /><D46/><U75/><E75/><V118/><F125/><W127/><G127/><T69/><D69/><U70/><E134/><V0/><F118/><W47/><G10/><T57/><D57/><U37/><E89/><N who="2" m="53295" /><F0/><W132/><G132/><T44/><D44/><U86/><E86/><V133/><F38/><W54/><REACH who="3" step="1"/><G32/><REACH who="3" ten="130,409,250,201" step="2"/><T3/><D113/><U111/><E126/><V131/><F133/><W128/><G128/><N who="0" m="49259" /><D122/><U16/><E111/><V120/><F131/><W63/><G63/><T12/><D12/><U68/><E15/><V93/><F120/><W23/><G23/><T71/><D71/><U124/><E109/><V106/><F13/><W43/><G43/><T123/><D123/><U110/><E110/><V4/><F9/><W94/><G94/><N who="0" m="54631" /><D78/><U80/><E70/><V48/><F25/><W103/><G103/><T5/><D5/><U19/><E6/><V83/><F4/><W114/><G114/><T99/><D100/><U8/><E68/><V22/><F24/><W76/><G76/><T28/><D28/><U121/><E14/><V107/><F22/><W52/><G52/><T27/><D27/><U79/><E121/><V112/><F55/><W29/><G29/><T81/><D81/><U39/><E124/><V11/><F83/><W88/><G88/><RYUUKYOKU ba="1,1" sc="130,15,409,-15,250,-15,201,15" hai0="1,3,96,99" hai3="21,26,31,40,41,47,51,54,58,60,66,90,95" /><INIT seed="2,2,1,3,1,7" ten="145,394,235,216" oya="2" hai0="113,126,117,63,12,19,22,69,2,70,23,108,84" hai1="112,109,82,74,35,124,91,101,47,120,39,107,114" hai2="78,55,133,50,104,93,128,59,37,60,28,30,123" hai3="46,89,130,127,64,25,36,79,3,48,66,86,102"/><V43/><F104/><W18/><G127/><T129/><D113/><U131/><RYUUKYOKU type="yao9" ba="2,1" sc="145,0,394,0,235,0,216,0" hai1="35,39,47,74,82,91,101,107,109,112,114,120,124,131" /><INIT seed="2,3,1,4,1,83" ten="145,394,235,216" oya="2" hai0="131,112,11,63,96,122,67,68,31,135,50,114,19" hai1="102,93,43,66,29,106,91,97,8,126,48,65,89" hai2="107,125,35,86,47,105,88,60,133,53,20,99,115" hai3="32,9,119,22,61,14,84,59,7,95,18,98,45"/><V30/><F115/><W69/><G119/><T121/><D19/><U17/><E126/><V1/><F35/><W44/><G32/><T0/><D31/><U42/><E29/><V6/><F125/><W118/><G69/><T36/><D11/><U13/><E106/><V28/><F133/><W90/><G98/><T108/><D0/><U100/><E100/><V39/><F39/><W40/><G40/><N who="1" m="15402" /><E48/><N who="2" m="28831" /><F107/><W79/><G79/><T85/><D96/><U80/><E80/><N who="2" m="49223" /><F105/><W34/><G34/><T3/><D36/><U12/><E12/><V71/><F71/><W27/><REACH who="3" step="1"/><G118/><REACH who="3" ten="145,394,235,206" step="2"/><T33/><D33/><U21/><E97/><V46/><F99/><W75/><G75/><T132/><D114/><U58/><E102/><V130/><F130/><W111/><G111/><T49/><D112/><U62/><E91/><V38/><F38/><W134/><G134/><N who="0" m="51243" /><D108/><U109/><E109/><V104/><F104/><W117/><G117/><T81/><D131/><U76/><E76/><V82/><F30/><W16/><G16/><T128/><D128/><U37/><E37/><V55/><F28/><W56/><G56/><T15/><D122/><U120/><E120/><V41/><F46/><W2/><G2/><T51/><D3/><U78/><E78/><V52/><F41/><W101/><G101/><T54/><D121/><U127/><E127/><V57/><F1/><W92/><G92/><T116/><D116/><U87/><E93/><V64/><F82/><W73/><G73/><T123/><D123/><U124/><E124/><V72/><F72/><W4/><G4/><T113/><D113/><RYUUKYOKU ba="3,2" sc="145,-10,394,-10,235,-10,206,30" hai3="7,9,14,18,22,27,44,45,59,61,84,90,95" /><INIT seed="3,4,2,0,0,106" ten="135,384,225,236" oya="3" hai0="99,59,109,127,46,57,129,69,51,24,135,94,124" hai1="118,120,23,45,13,103,22,19,83,15,97,133,48" hai2="84,98,104,70,82,2,101,52,64,50,67,110,126" hai3="56,102,115,65,43,3,66,42,20,8,89,17,47"/><W77/><G115/><T34/><D109/><U10/><E120/><V0/><F110/><W54/><G102/><T108/><D108/><U4/><E133/><V100/><F100/><W37/><G42/><T30/><D69/><U5/><E118/><V85/><F126/><W44/><G44/><T12/><D135/><U29/><E83/><V55/><F85/><W81/><G89/><T117/><D117/><U111/><E29/><V116/><F55/><W131/><G131/><T27/><D129/><U33/><E33/><V32/><F32/><W31/><G31/><T113/><D27/><U58/><E58/><V75/><F75/><W96/><G96/><T11/><D113/><U6/><E15/><V35/><F35/><W79/><G79/><T86/><D86/><U36/><E36/><V122/><F122/><W132/><G132/><T105/><D105/><U125/><E125/><V16/><F116/><W76/><G76/><T134/><D134/><U107/><REACH who="1" step="1"/><E111/><REACH who="1" ten="135,374,225,236" step="2"/><V73/><F82/><W63/><G3/><T39/><D39/><U18/><E18/><V95/><F16/><W25/><G8/><T28/><D28/><U53/><AGARI ba="4,3" hai="4,5,6,10,13,19,22,23,45,48,53,97,103,107" machi="53" ten="30,2000,0" yaku="1,1,0,1,53,0" doraHai="106" doraHaiUra="72" who="1" fromWho="1" sc="135,-9,374,62,225,-9,236,-14" owari="126,-37.4,436,53.6,216,-18.4,222,2.2" /></mjloggm>