<mjloggm ver="2.3"><GO type="225" lobby="0"/><UN n0="%E5%A4%8F%E9%88%B4%E9%88%B4%E5%A4%8F" n1="%E3%81%99%E3%81%84%E3%81%BE%E3%81%9B%E3%83%BC%E3%82%93" n2="%E6%A1%9C%E8%8A%B1%E9%96%83%E3%80%85" n3="%E3%81%8B%E3%82%8F%E3%81%A1%E3%82%83%E3%82%93%35%38" dan="16,18,16,16" rate="2143.14,2213.94,2134.75,2153.88" sx="F,M,M,M"/><TAIKYOKU oya="0"/><INIT seed="0,0,0,0,3,68" ten="250,250,250,250" oya="0" hai0="81,19,119,69,110,27,84,49,88,95,93,12,41" hai1="61,71,85,66,37,32,97,130,46,111,29,87,50" hai2="131,16,117,120,73,98,3,80,7,108,122,15,125" hai3="135,4,124,36,67,126,64,9,96,57,107,42,132"/><T104/><D104/><U99/><E111/><V92/><F108/><W6/><G107/><T45/><D119/><U78/><E130/><V51/><F131/><W105/><G105/><T56/><D69/><U38/><E99/><V17/><F117/><W40/><G96/><T20/><D110/><U86/><E78/><V76/><F125/><N who="3" m="48235" /><G57/><T34/><D34/><U114/><E97/><V116/><F116/><W30/><G30/><T94/><D56/><U112/><E29/><V75/><F75/><W54/><G54/><T24/><AGARI ba="0,0" hai="12,19,20,24,27,41,45,49,81,84,88,93,94,95" machi="24" ten="30,6000,0" yaku="0,1,8,1,54,1" doraHai="68" who="0" fromWho="0" sc="250,60,250,-20,250,-20,250,-20" /><INIT seed="0,1,0,1,5,70" ten="310,230,230,230" oya="0" hai0="10,133,2,26,72,30,1,40,5,67,39,25,107" hai1="83,62,90,14,24,13,97,123,43,37,91,46,47" hai2="79,8,77,95,51,36,85,65,134,74,125,101,105" hai3="93,17,22,68,124,63,86,120,4,56,131,61,73"/><T121/><D107/><U129/><E123/><V16/><F125/><W112/><G73/><T113/><D113/><U135/><E129/><V42/><F134/><W99/><G112/><T66/><D121/><U127/><E135/><V54/><F65/><W92/><G120/><T110/><D110/><U18/><E127/><V122/><F122/><W102/><G124/><T118/><D118/><U71/><E24/><V0/><F105/><W81/><G68/><T64/><D72/><U38/><E97/><V84/><F0/><W53/><G131/><T45/><D133/><U15/><E18/><V96/><F36/><W44/><G44/><T11/><D30/><U114/><E114/><V50/><F42/><W98/><G4/><AGARI ba="1,0" hai="1,2,4,5,10,11,25,26,39,40,45,64,66,67" machi="4" ten="40,3900,0" yaku="9,1,52,1" doraHai="70" who="0" fromWho="3" sc="310,42,230,0,230,0,230,-42" /><INIT seed="0,2,0,0,4,64" ten="352,230,230,188" oya="0" hai0="49,8,46,57,66,22,79,0,5,82,17,54,36" hai1="21,69,81,118,30,97,56,94,75,31,19,132,2" hai2="47,116,1,77,83,113,108,124,10,115,60,99,106" hai3="104,128,92,33,110,37,107,68,58,111,86,93,130"/><T35/><D35/><U91/><E118/><V43/><F108/><N who="3" m="41515" /><G33/><T65/><D36/><U80/><E69/><V123/><F123/><W117/><G37/><T15/><REACH who="0" step="1"/><D46/><REACH who="0" ten="342,230,230,188" step="2"/><U9/><E132/><V103/><F47/><W52/><G117/><T44/><D44/><U122/><E122/><V72/><F116/><W16/><G68/><T101/><D101/><U73/><E73/><AGARI ba="2,1" hai="0,5,8,15,17,22,49,54,57,65,66,73,79,82" machi="73" ten="30,2900,0" yaku="1,1,7,1,53,0" doraHai="64" doraHaiUra="120" who="0" fromWho="1" sc="342,45,230,-35,230,0,188,0" /><INIT seed="0,3,0,5,2,70" ten="387,195,230,188" oya="0" hai0="31,98,9,94,49,12,117,102,38,27,3,21,103" hai1="15,106,113,11,4,82,135,90,25,62,130,105,54" hai2="133,80,93,67,14,81,29,66,129,84,55,46,41" hai3="72,88,110,22,5,122,100,0,48,121,115,104,116"/><T24/><D38/><U76/><E130/><V131/><F133/><W53/><G115/><T6/><D117/><U95/><E135/><V120/><F120/><W26/><G116/><T59/><D27/><U109/><E113/><V108/><F108/><W50/><G72/><T43/><D3/><U20/><E109/><V19/><F29/><W56/><G110/><T16/><D102/><U75/><E54/><V91/><F55/><W123/><G104/><T128/><D128/><N who="2" m="49226" /><F67/><W78/><G78/><T126/><D126/><U17/><REACH who="1" step="1"/><E62/><REACH who="1" ten="387,185,230,188" step="2"/><V64/><F64/><W30/><G53/><N who="0" m="32175" /><D43/><U61/><E61/><V18/><F66/><W127/><G122/><T47/><D47/><U112/><E112/><V86/><F41/><W73/><G123/><T63/><D63/><U92/><E92/><V97/><F46/><W34/><G121/><T39/><D39/><U40/><E40/><V13/><F81/><W99/><G50/><T85/><D85/><AGARI ba="3,1" hai="4,11,15,17,20,25,75,76,82,85,90,95,105,106" machi="85" ten="30,2000,0" yaku="1,1,7,1,53,0" doraHai="70" doraHaiUra="42" who="1" fromWho="0" sc="387,-29,185,39,230,0,188,0" /><INIT seed="1,0,0,2,4,56" ten="358,224,230,188" oya="1" hai0="133,48,21,129,95,68,113,79,3,69,83,17,130" hai1="108,132,24,103,65,29,44,86,85,67,34,88,124" hai2="135,7,91,123,117,100,52,126,9,6,22,37,115" hai3="57,81,119,28,58,114,11,75,121,26,32,60,127"/><U111/><E124/><V96/><F117/><W120/><G114/><T99/><D113/><U54/><E132/><V5/><F115/><W43/><G127/><T40/><D3/><U45/><E103/><V131/><F126/><W89/><G119/><T18/><D133/><U106/><E106/><V87/><F135/><W105/><G105/><T4/><D4/><U35/><E35/><V12/><F123/><W39/><G39/><T93/><D48/><N who="1" m="28935" /><E45/><V90/><F37/><W53/><G43/><T104/><D40/><U84/><E88/><N who="2" m="33835" /><F131/><W62/><G11/><T2/><D68/><U49/><E49/><V97/><F87/><W71/><G71/><T61/><D69/><U38/><E38/><V109/><F22/><W55/><G75/><T14/><D2/><U31/><E31/><V63/><F100/><W118/><G118/><T74/><D104/><U70/><E70/><V42/><F42/><W20/><G32/><T64/><D130/><U1/><E1/><V80/><F80/><W51/><G51/><T107/><D129/><U33/><E33/><V0/><F0/><W101/><G101/><T19/><D107/><U94/><E94/><V78/><F97/><W16/><G28/><T112/><D95/><U47/><E47/><V36/><F96/><W13/><G13/><T15/><D112/><U77/><E77/><V8/><F78/><W82/><G82/><T46/><D46/><U73/><E73/><V30/><F30/><W41/><G41/><T122/><D122/><U128/><E128/><V76/><F36/><W125/><G125/><T98/><D93/><RYUUKYOKU ba="0,0" sc="358,-15,224,15,230,-15,188,15" hai1="24,29,34,65,67,84,85,86,108,111" hai3="16,20,26,53,55,57,58,60,62,81,89,120,121" /><INIT seed="1,1,0,1,2,68" ten="343,239,215,203" oya="1" hai0="71,22,57,77,100,8,121,38,28,93,33,113,29" hai1="125,130,16,19,43,115,120,14,72,123,17,65,40" hai2="0,47,126,26,74,73,61,36,50,37,109,54,134" hai3="69,67,70,88,132,112,76,64,87,105,34,11,111"/><U97/><E115/><V114/><F114/><W89/><G112/><T127/><D113/><RYUUKYOKU type="kaze4" ba="1,0" sc="343,0,239,0,215,0,203,0" /><INIT seed="1,2,0,1,1,8" ten="343,239,215,203" oya="1" hai0="112,3,72,78,91,73,24,39,83,110,31,133,41" hai1="100,89,101,37,13,27,1,77,47,81,134,80,94" hai2="12,38,98,74,123,42,28,54,59,109,75,92,16" hai3="7,130,79,124,86,118,6,40,5,2,122,66,127"/><U70/><E1/><V131/><F123/><W82/><G122/><T128/><D112/><U93/><E70/><V30/><F109/><W19/><G130/><T44/><D110/><U0/><E0/><V87/><F131/><W111/><G111/><T49/><D128/><U103/><E134/><V69/><F69/><W20/><G2/><T23/><D3/><U85/><E27/><V84/><F74/><W64/><G40/><T99/><D133/><U51/><E37/><V55/><F75/><W117/><G66/><T52/><D91/><U33/><E33/><V21/><F42/><W120/><G64/><T48/><D99/><U76/><E13/><V108/><F54/><W71/><G71/><T125/><D125/><N who="3" m="48201" /><G120/><T115/><D73/><U57/><E57/><V25/><F38/><W121/><G121/><T95/><D39/><U56/><E56/><V26/><F26/><AGARI ba="2,0" hai="5,6,7,19,20,26,79,82,86,117,118" m="48201" machi="26" ten="30,1000,0" yaku="18,1" doraHai="8" who="3" fromWho="2" sc="343,0,239,0,215,-16,203,16" /><INIT seed="2,0,0,3,1,5" ten="343,239,199,219" oya="2" hai0="84,74,42,57,31,135,9,114,44,65,71,116,55" hai1="16,3,86,60,8,2,48,124,29,11,59,23,14" hai2="62,28,32,73,52,47,1,94,103,115,111,67,72" hai3="121,128,34,69,119,54,83,120,134,125,113,89,30"/><V110/><F115/><W133/><G69/><T75/><D114/><U49/><E124/><V77/><F1/><W58/><G113/><T107/><D107/><U50/><E2/><V109/><F28/><W19/><G119/><T129/><D129/><U82/><E29/><V118/><F32/><W122/><G128/><T126/><D116/><U105/><E105/><V91/><F103/><W81/><G125/><T22/><D135/><N who="3" m="51721" /><G89/><T46/><D44/><U25/><E3/><V12/><F12/><W131/><G131/><T123/><D84/><U37/><E37/><V0/><F0/><W68/><G68/><T27/><D123/><U130/><E14/><V100/><F100/><W98/><G98/><T127/><D65/><N who="1" m="39071" /><E130/><V6/><F6/><W51/><G19/><T97/><D71/><U117/><E117/><V88/><F118/><W33/><G33/><T101/><D97/><U20/><E20/><V10/><F10/><W38/><G38/><N who="0" m="21847" /><D9/><U108/><E108/><V40/><F40/><W35/><G35/><T26/><D101/><U45/><E45/><V41/><F41/><W95/><G95/><T4/><D4/><U132/><E132/><V13/><F94/><W36/><G36/><T112/><D112/><U61/><E61/><V43/><F43/><W93/><G93/><T79/><D127/><U104/><E104/><V106/><F106/><W99/><G99/><T24/><D79/><AGARI ba="0,0" hai="8,11,16,23,25,48,49,50,79,82,86" m="39071" machi="79" ten="30,7700,0" yaku="8,1,52,2,54,1" doraHai="5" who="1" fromWho="0" sc="343,-77,239,77,199,0,219,0" /><INIT seed="3,0,0,3,4,109" ten="266,316,199,219" oya="3" hai0="13,9,0,31,103,119,53,86,106,25,5,77,23" hai1="78,79,96,54,134,60,7,126,110,97,8,39,74" hai2="111,21,105,56,135,122,20,24,38,46,15,57,42" hai3="94,34,1,69,123,36,127,117,92,131,55,75,28"/><W16/><RYUUKYOKU type="yao9" ba="0,0" sc="266,0,316,0,199,0,219,0" hai3="1,16,28,34,36,55,69,75,92,94,117,123,127,131" /><INIT seed="3,1,0,2,0,30" ten="266,316,199,219" oya="3" hai0="22,90,26,3,36,123,94,81,130,114,16,47,11" hai1="117,60,73,53,89,108,33,129,128,121,83,21,65" hai2="5,7,19,32,124,111,68,95,72,20,120,132,134" hai3="135,50,71,99,93,28,101,70,79,92,35,18,41"/><W133/><G79/><T85/><D123/><U106/><E33/><V42/><F68/><N who="3" m="26155" /><G18/><T6/><D130/><U86/><E121/><V0/><F120/><W4/><G4/><N who="2" m="1609" /><F72/><W34/><G28/><T2/><D114/><U13/><E106/><V119/><F42/><W9/><G9/><T115/><D115/><U62/><E53/><V82/><F82/><W51/><G93/><T17/><D17/><U131/><E73/><V75/><F75/><W88/><G101/><T12/><D81/><U63/><E117/><V84/><F119/><W104/><G104/><T59/><D59/><N who="1" m="37023" /><E108/><V57/><F111/><W43/><G43/><T118/><D118/><U116/><E116/><V80/><F0/><W77/><G77/><T25/><D2/><U112/><E112/><V1/><F1/><W10/><G10/><T126/><D26/><U125/><E83/><V74/><F32/><N who="3" m="12331" /><G41/><T24/><D11/><U64/><E131/><V97/><F74/><W96/><G96/><T109/><D3/><U66/><E129/><V67/><F57/><W58/><G58/><T27/><D109/><U49/><E128/><V69/><F69/><W127/><G127/><T38/><D126/><U113/><E125/><V48/><F67/><W87/><G99/><T37/><D6/><U23/><E113/><V100/><F124/><W40/><G40/><T56/><D56/><U76/><E76/><N who="2" m="46087" /><F48/><W78/><G78/><T107/><D107/><U14/><E49/><V110/><F110/><W54/><G54/><T98/><D98/><U46/><E66/><V52/><F52/><W39/><G39/><RYUUKYOKU ba="1,0" sc="266,10,316,-30,199,10,219,10" hai0="12,16,22,24,25,27,36,37,38,47,85,90,94" hai2="19,20,95,97,100,132,134" hai3="50,51,87,88,92,133,135" /><INIT seed="3,2,0,5,3,38" ten="276,286,209,229" oya="3" hai0="18,129,49,40,30,7,32,6,109,90,26,59,43" hai1="112,70,96,57,17,87,106,82,127,45,64,27,3" hai2="48,85,28,51,81,98,111,21,73,128,94,135,91" hai3="1,44,107,79,110,13,124,53,116,31,71,9,25"/><W72/><G116/><T22/><D109/><U56/><E112/><V102/><F111/><W103/><G110/><T118/><D118/><U63/><E3/><V80/><F128/><W4/><G71/><T134/><D134/><U84/><E127/><V58/><F135/><W89/><G124/><T75/><D75/><U5/><E5/><N who="0" m="1545" /><D32/><U122/><E87/><V101/><F101/><W132/><G132/><T69/><D69/><U36/><E122/><V55/><F73/><W131/><G131/><T60/><D49/><U100/><E27/><V86/><F48/><W97/><G89/><T34/><D34/><U2/><E2/><V66/><F66/><W130/><G130/><T8/><D90/><U133/><E133/><V52/><F55/><W121/><G53/><N who="0" m="33903" /><D129/><U108/><E108/><V67/><F67/><W105/><G121/><T119/><D119/><U99/><E36/><V33/><F33/><W114/><G114/><T37/><D37/><U10/><E64/><V125/><F125/><W62/><G62/><T15/><AGARI ba="2,0" hai="8,15,18,22,26,30,40,43" m="33903,1545" machi="15" ten="30,4000,0" yaku="8,1,52,2" doraHai="38" who="0" fromWho="0" sc="276,46,286,-12,209,-12,229,-22" owari="322,42.2,274,7.4,197,-30.3,207,-19.3" /></mjloggm>