<mjloggm ver="2.3"><GO type="225" lobby="0"/><UN n0="%E5%8F%AF%E5%85%90%E9%82%A3%E7%94%B1%E5%A4%9A" n1="%E6%B4%BE%E9%81%A3%E3%81%AE%E3%82%B8%E3%83%A3%E3%83%83%E3%82%AF" n2="%E3%82%A2%E3%83%9E%E3%83%9D%EF%BD%9E%EF%BD%9E%E3%83%A9" n3="%E3%81%95%E3%81%8D%E3%81%9F%E3%81%BE%E6%9E%97%E6%AA%8E" dan="16,17,17,16" rate="2091.26,2173.81,2081.74,2136.78" sx="F,M,M,M"/><TAIKYOKU oya="0"/><INIT seed="0,0,0,1,1,55" ten="250,250,250,250" oya="0" hai0="92,80,47,68,27,42,116,103,120,35,59,105,135" hai1="112,46,107,106,109,86,28,25,99,30,69,33,71" hai2="67,57,98,54,108,123,118,96,130,4,125,65,82" hai3="29,114,6,62,24,36,74,133,119,97,78,0,58"/><T11/><D116/><U52/><E112/><V7/><F123/><W101/><G114/><T64/><D120/><U132/><E109/><V94/><F125/><W87/><G119/><T12/><D68/><U23/><E132/><V76/><F130/><W16/><G74/><T124/><D105/><U1/><E1/><V32/><F32/><W34/><G36/><T128/><D128/><U15/><E86/><N who="2" m="48455" /><F98/><W51/><G133/><T26/><D135/><U14/><E99/><V9/><F108/><W77/><G51/><N who="0" m="27127" /><D35/><U37/><E37/><V91/><F118/><W72/><G72/><T95/><D124/><U17/><E69/><V2/><F2/><W75/><G75/><T13/><D80/><U61/><E71/><V122/><F122/><W70/><G70/><T8/><D103/><U38/><E38/><V115/><F115/><W21/><G0/><T83/><D83/><U66/><E66/><N who="2" m="25099" /><F9/><W5/><G78/><T45/><D8/><U40/><E106/><V129/><F129/><W10/><G34/><T48/><D11/><U126/><E107/><V50/><AGARI ba="0,0" hai="4,7,50,54,57,91,94,96" m="25099,48455" machi="50" ten="30,2000,0" yaku="8,1,52,1" doraHai="55" who="2" fromWho="2" sc="250,-10,250,-5,250,20,250,-5" /><INIT seed="1,0,0,5,1,120" ten="240,245,270,245" oya="1" hai0="8,117,6,30,128,48,125,46,114,1,2,104,83" hai1="76,45,82,56,4,31,23,109,52,47,119,66,60" hai2="107,50,96,88,26,80,72,61,54,73,99,121,131" hai3="21,65,68,59,15,102,33,129,28,84,77,75,115"/><U67/><E119/><V106/><F121/><W39/><G39/><T127/><D104/><N who="2" m="39978" /><F50/><W44/><G115/><T78/><D114/><U108/><E4/><V69/><F26/><W20/><G75/><N who="2" m="28745" /><F54/><W126/><G126/><N who="0" m="48139" /><D117/><U92/><E92/><N who="2" m="56327" /><F61/><W132/><G33/><T124/><N who="0" m="48147" /><T24/><DORA hai="41" /><D128/><U17/><E31/><V97/><F69/><W103/><G129/><T110/><D1/><U64/><E17/><V123/><F123/><W37/><G68/><T98/><D24/><U130/><E23/><V133/><F131/><W43/><G21/><T19/><D30/><U100/><E100/><V29/><F29/><W71/><G103/><T86/><D19/><U27/><E27/><V74/><F133/><W63/><G132/><T35/><D35/><U16/><E16/><V12/><F12/><W0/><G15/><T14/><D2/><U113/><E113/><V135/><F135/><W36/><G0/><T13/><D13/><U53/><E130/><V32/><F32/><W95/><G28/><T9/><D9/><U38/><E38/><V85/><N who="2" m="28753" /><V10/><DORA hai="11" /><F10/><W93/><G36/><T18/><D18/><U81/><E53/><V22/><F22/><W91/><G20/><T87/><D14/><U5/><E5/><V42/><F42/><W105/><G71/><T89/><D8/><U7/><E7/><V116/><F116/><W111/><G43/><T112/><D6/><U94/><E67/><V34/><F34/><W55/><G65/><T122/><D122/><U51/><E66/><V62/><F62/><W134/><G63/><RYUUKYOKU ba="0,0" sc="240,-10,245,-10,270,30,245,-10" hai2="80,85,97,99" /><INIT seed="2,1,0,5,5,121" ten="230,235,300,235" oya="2" hai0="28,41,63,56,35,119,57,70,66,44,8,88,33" hai1="59,2,120,50,61,73,43,49,47,93,112,130,1" hai2="97,13,55,117,85,89,19,106,38,78,75,133,53" hai3="124,74,30,108,26,123,109,82,81,122,92,27,14"/><V131/><F117/><W87/><G124/><T115/><D115/><U76/><E112/><V23/><F38/><W15/><G92/><T103/><D119/><U86/><E130/><V37/><F37/><W24/><G30/><T77/><D77/><U9/><E120/><N who="3" m="46122" /><G87/><T32/><D103/><U65/><E9/><V36/><F36/><W62/><G62/><T113/><D113/><U16/><E50/><V84/><F84/><W105/><G105/><T83/><D28/><U95/><E95/><N who="2" m="54703" /><F133/><W125/><G125/><T118/><D118/><U54/><E43/><V102/><F131/><W10/><G10/><T128/><D128/><U116/><E116/><V21/><F21/><W90/><G90/><T5/><D88/><U3/><E73/><V68/><F68/><W40/><G40/><T11/><D83/><AGARI ba="1,0" hai="13,19,23,53,55,75,78,83,97,102,106" m="54703" machi="83" ten="30,1500,0" yaku="24,1" doraHai="121" who="2" fromWho="0" sc="230,-18,235,0,300,18,235,0" /><INIT seed="2,2,0,2,4,29" ten="212,235,318,235" oya="2" hai0="108,7,122,99,55,117,27,2,81,1,10,67,51" hai1="92,49,107,45,79,4,18,68,119,90,11,96,121" hai2="75,15,30,97,66,118,37,50,127,124,87,48,91" hai3="63,114,41,34,42,130,105,102,132,89,44,21,31"/><V39/><F118/><W43/><G130/><T133/><D122/><U3/><E119/><V83/><F66/><W82/><G132/><T61/><D117/><U109/><E68/><V113/><F113/><W24/><G114/><T32/><D133/><U25/><E121/><V72/><F30/><W126/><G126/><N who="2" m="48169" /><F15/><W22/><G63/><T23/><D108/><U12/><E109/><V134/><F97/><W111/><G111/><T13/><D81/><U62/><E79/><V35/><F35/><W6/><G6/><T0/><D99/><U28/><E62/><V93/><F134/><W20/><G105/><T46/><D32/><U131/><E131/><V95/><F95/><W112/><G112/><T128/><D128/><U16/><E3/><V70/><F70/><W100/><REACH who="3" step="1"/><G44/><REACH who="3" ten="212,235,318,225" step="2"/><T123/><D123/><U9/><E107/><V116/><F116/><W125/><G125/><T101/><D101/><U78/><E78/><N who="2" m="44487" /><F75/><W60/><G60/><T104/><D104/><U65/><E65/><V19/><F19/><W26/><G26/><T52/><D67/><U36/><E18/><V106/><F106/><W54/><G54/><T53/><REACH who="0" step="1"/><D61/><REACH who="0" ten="202,235,318,225" step="2"/><U88/><E4/><V59/><F59/><W98/><G98/><T77/><D77/><U135/><E135/><V40/><F87/><AGARI ba="2,2" hai="20,21,22,24,31,34,41,42,43,82,87,89,100,102" machi="87" ten="40,2600,0" yaku="1,1,52,1,53,0" doraHai="29" doraHaiUra="8" who="3" fromWho="2" sc="202,0,235,0,318,-32,225,52" /><INIT seed="3,0,0,1,0,6" ten="202,235,286,277" oya="3" hai0="46,16,54,70,80,102,22,79,10,96,84,90,134" hai1="30,91,77,100,64,60,63,113,109,85,132,119,122" hai2="74,43,93,124,135,15,104,87,131,39,12,61,95" hai3="129,8,29,49,4,19,56,21,20,0,97,92,69"/><W1/><G69/><T26/><D134/><U105/><E113/><V59/><F135/><W31/><G56/><T118/><D118/><U133/><E122/><V111/><F104/><W23/><G49/><T68/><D79/><U98/><E109/><V14/><F74/><W5/><G92/><T114/><D114/><U83/><E119/><V117/><F117/><W57/><G57/><T55/><D55/><U108/><E108/><V125/><F131/><W32/><G97/><T71/><D54/><U47/><E30/><N who="3" m="11274" /><G129/><T50/><D50/><U110/><E110/><V121/><F121/><W116/><G116/><T62/><D46/><U123/><E123/><V78/><F111/><W28/><G28/><T24/><D24/><U66/><E47/><N who="2" m="24063" /><F87/><W58/><G58/><T112/><D112/><U81/><E63/><V42/><F78/><W65/><G65/><T73/><D73/><U48/><E48/><V40/><F40/><W107/><G107/><T27/><D27/><U36/><E36/><V41/><F41/><W101/><G101/><T127/><D62/><U37/><E37/><V99/><F42/><W94/><G94/><N who="2" m="35849" /><F99/><W44/><G44/><T51/><D51/><U67/><E60/><V103/><F103/><W3/><G32/><T75/><D75/><N who="1" m="43199" /><E133/><V88/><F88/><W53/><G53/><T120/><D120/><U2/><E132/><V9/><F61/><W82/><G82/><T25/><D96/><U18/><E2/><V72/><F72/><W38/><G38/><T106/><D106/><U34/><E34/><V13/><F59/><W76/><G76/><RYUUKYOKU ba="0,0" sc="202,-30,235,10,286,10,277,10" hai1="18,64,66,67,83,85,91,98,100,105" hai2="9,12,13,14,15,124,125" hai3="0,1,3,4,5,8,19,20,21,23" /><INIT seed="3,1,0,4,5,35" ten="172,245,296,287" oya="3" hai0="134,99,126,0,123,12,79,25,97,34,104,114,56" hai1="88,15,130,124,91,128,121,29,69,21,19,87,3" hai2="125,17,65,72,50,95,31,84,127,73,98,117,102" hai3="43,132,115,10,53,66,47,107,46,112,70,106,49"/><W26/><G132/><T100/><D123/><U101/><E69/><V78/><F117/><W54/><G26/><T16/><D0/><U60/><E121/><V133/><F133/><W129/><G10/><T119/><D119/><U11/><E60/><V2/><F2/><W6/><G6/><T57/><D134/><U108/><E108/><V105/><F65/><W38/><G107/><T89/><D126/><N who="2" m="48138" /><F31/><W83/><G83/><T40/><D114/><N who="3" m="43561" /><G106/><T113/><D113/><U61/><E61/><V9/><F50/><N who="3" m="28887" /><G129/><N who="1" m="49770" /><E124/><V20/><F9/><W93/><G93/><T18/><D79/><U120/><E120/><V1/><F1/><W45/><G66/><T59/><D40/><U71/><E71/><AGARI ba="1,0" hai="38,43,45,47,49,54,70,71" m="28887,43561" machi="71" ten="30,2900,0" yaku="34,2" doraHai="35" who="3" fromWho="1" sc="172,0,245,-32,296,0,287,32" owari="172,-32.8,213,-18.7,296,9.6,319,41.9" /></mjloggm>