<mjloggm ver="2.3"><GO type="225" lobby="0"/><UN n0="%E4%BF%BA%E3%81%A8%E5%A6%96%E5%A4%A2" n1="%E3%81%95%E3%81%8D%E3%81%9F%E3%81%BE%E6%9E%97%E6%AA%8E" n2="%E3%83%96%E3%83%83%E3%83%91%E3%82%AA%E3%83%96%E3%83%81%E3%82%AD%E3%83%B3" n3="%E3%83%81%E3%83%83%E3%82%BF%E3%82%BD%E3%83%BC" dan="16,16,16,16" rate="2184.44,2133.74,2158.70,2197.65" sx="F,M,M,F"/><TAIKYOKU oya="0"/><INIT seed="0,0,0,1,5,70" ten="250,250,250,250" oya="0" hai0="41,3,51,96,6,8,5,132,123,66,24,46,63" hai1="1,12,49,93,124,31,127,94,100,80,18,44,115" hai2="10,106,99,61,36,89,39,25,11,112,4,34,134" hai3="21,19,65,91,72,92,45,110,69,105,59,14,29"/><T7/><D123/><U35/><E1/><V71/><F112/><W130/><G110/><T13/><D132/><U62/><E115/><V88/><F134/><W78/><G130/><T122/><D122/><U128/><E128/><V52/><F34/><W73/><G105/><T33/><D96/><U76/><E62/><V121/><F121/><W107/><G107/><T64/><D64/><U74/><E31/><V56/><F25/><W68/><G29/><T118/><D118/><U90/><E100/><V40/><F40/><W108/><G108/><T28/><REACH who="0" step="1"/><D3/><REACH who="0" ten="240,250,250,250" step="2"/><U55/><E35/><V17/><F99/><W97/><G65/><T16/><D16/><U20/><REACH who="1" step="1"/><E90/><REACH who="1" ten="240,240,250,250" step="2"/><V126/><F88/><W54/><G91/><T114/><D114/><U0/><E0/><V85/><F89/><W103/><G103/><T84/><D84/><U83/><E83/><V104/><F85/><W9/><G72/><T131/><D131/><U113/><E113/><V37/><F71/><AGARI ba="0,2" hai="5,6,7,8,13,24,28,33,41,46,51,63,66,71" machi="71" ten="30,2900,0" yaku="1,1,7,1,53,0" doraHai="70" doraHaiUra="86" who="0" fromWho="2" sc="240,49,240,0,250,-29,250,0" /><INIT seed="0,1,0,1,0,124" ten="289,240,221,250" oya="0" hai0="42,74,83,44,95,98,119,80,62,47,65,66,51" hai1="24,106,52,56,114,123,40,79,82,53,120,22,64" hai2="108,0,28,19,33,81,73,71,94,122,130,104,84" hai3="8,91,133,125,116,76,70,9,4,38,57,85,49"/><T101/><D119/><U59/><E106/><V89/><F122/><W96/><G125/><T100/><D100/><U75/><E114/><V12/><F0/><W23/><G133/><T10/><D74/><U13/><E40/><V21/><F108/><W134/><G134/><T110/><D110/><U112/><E112/><V17/><F71/><W135/><G135/><T127/><D127/><U129/><E13/><V48/><F104/><W86/><G116/><T90/><D101/><U18/><E64/><V46/><F130/><W27/><G70/><T105/><D105/><U7/><E7/><V92/><F73/><W113/><G38/><T111/><D111/><U45/><E45/><V6/><F6/><W31/><G113/><T30/><D30/><U117/><E117/><V35/><F35/><W61/><G49/><T126/><D126/><U58/><REACH who="1" step="1"/><E129/><REACH who="1" ten="289,230,221,250" step="2"/><V29/><F33/><W37/><G4/><T32/><D32/><U14/><E14/><V1/><F1/><W55/><G37/><T77/><D66/><U63/><E63/><V36/><F36/><W72/><G61/><T20/><D47/><U121/><AGARI ba="1,1" hai="18,22,24,52,53,56,58,59,75,79,82,120,121,123" machi="121" ten="40,5200,0" yaku="1,1,0,1,54,1,53,0" doraHai="124" doraHaiUra="11" who="1" fromWho="1" sc="289,-27,230,65,221,-14,250,-14" /><INIT seed="1,0,0,5,5,31" ten="262,295,207,236" oya="1" hai0="36,87,93,13,121,34,63,3,33,6,22,51,53" hai1="46,84,135,17,65,50,113,20,76,88,2,59,102" hai2="1,94,25,21,67,60,98,30,78,101,122,44,43" hai3="24,45,72,28,52,105,56,83,109,80,85,27,111"/><U118/><E113/><V125/><F125/><W10/><G105/><T124/><D36/><U86/><E118/><V8/><F122/><W71/><G71/><T127/><D3/><U120/><E120/><V4/><F78/><W117/><G117/><T11/><D121/><U48/><E135/><V97/><F97/><W128/><G128/><T32/><D63/><N who="1" m="38143" /><E102/><V132/><F132/><W26/><G28/><T29/><D22/><U99/><E2/><V40/><REACH who="2" step="1"/><F44/><REACH who="2" ten="262,295,197,236" step="2"/><W114/><G45/><T14/><D127/><U18/><E76/><V116/><F116/><W64/><G114/><T107/><D124/><U106/><E99/><V91/><F91/><W115/><G115/><T62/><D107/><U103/><E88/><V119/><F119/><W37/><G85/><T82/><D93/><U123/><E46/><V74/><F74/><W0/><G72/><T95/><D95/><U75/><E123/><V133/><F133/><W42/><G83/><T47/><D87/><U126/><E86/><V134/><F134/><W9/><G80/><T104/><D82/><U68/><E84/><V129/><F129/><W5/><G109/><T79/><D79/><U19/><E75/><V70/><AGARI ba="0,1" hai="1,4,8,21,25,30,40,43,60,67,70,94,98,101" machi="70" ten="20,5200,0" yaku="1,1,0,1,7,1,53,1" doraHai="31" doraHaiUra="61" who="2" fromWho="2" sc="262,-13,295,-26,197,62,236,-13" /><INIT seed="2,0,0,4,5,16" ten="249,269,259,223" oya="2" hai0="106,20,111,63,52,89,53,55,93,35,99,6,7" hai1="14,30,58,135,37,134,113,36,87,50,114,132,12" hai2="54,33,69,86,23,38,65,8,77,2,80,41,85" hai3="104,115,31,94,51,121,100,18,46,10,22,45,82"/><V118/><F118/><W40/><G121/><T60/><D35/><U67/><E87/><V98/><F33/><W103/><G115/><N who="1" m="44042" /><E30/><V75/><F98/><W4/><G31/><T59/><D111/><U13/><E50/><V127/><F127/><W74/><G104/><T39/><D39/><N who="1" m="14923" /><E58/><V88/><F54/><N who="0" m="21098" /><D106/><U123/><E123/><V49/><F49/><W110/><G110/><T90/><D63/><U3/><E3/><V92/><F65/><AGARI ba="0,0" hai="12,13,14,65,67,132,134,135" m="14923,44042" machi="65" ten="50,6400,0" yaku="28,2,20,1" doraHai="16" who="1" fromWho="2" sc="249,0,269,64,259,-64,223,0" /><INIT seed="3,0,0,0,1,65" ten="249,333,195,223" oya="3" hai0="99,126,69,113,10,73,31,61,58,98,124,42,108" hai1="72,23,46,36,52,37,82,26,127,63,39,86,32" hai2="44,12,21,3,35,34,53,111,81,87,115,134,119" hai3="128,15,64,7,27,50,116,123,109,22,130,20,6"/><W62/><G116/><T25/><D73/><U24/><E72/><V38/><F119/><W55/><G123/><T47/><D10/><U96/><E127/><N who="0" m="48681" /><D108/><U29/><E96/><V8/><F115/><W131/><G109/><T129/><D129/><U112/><E112/><V60/><F111/><W40/><G40/><T95/><D95/><U120/><E120/><V19/><F134/><W49/><G15/><T84/><D84/><U33/><E33/><V18/><F38/><W114/><G114/><T16/><D16/><U66/><E52/><V117/><F117/><W56/><G49/><N who="0" m="26871" /><D69/><U88/><E46/><V59/><F44/><N who="3" m="28103" /><G20/><N who="0" m="15783" /><D113/><U93/><E93/><V85/><F85/><W90/><G90/><T77/><D77/><U74/><E74/><V94/><F94/><W1/><G1/><T54/><AGARI ba="0,0" hai="54,58,61,98,99" m="15783,26871,48681" machi="54" ten="30,1100,0" yaku="18,1" doraHai="65" who="0" fromWho="0" sc="249,11,333,-3,195,-3,223,-5" owari="260,6.0,330,43.0,192,-30.8,218,-18.2" /></mjloggm>