<mjloggm ver="2.3"><GO type="225" lobby="0"/><UN n0="%E5%B0%8F%E9%B3%A5%E9%81%8A%E7%B7%B4%E7%84%A1%32%31%E6%AD%B3" n1="%E5%91%A8%E6%9D%B1" n2="%E3%83%96%E3%83%83%E3%83%91%E3%82%AA%E3%83%96%E3%83%81%E3%82%AD%E3%83%B3" n3="%E3%83%B4%E3%83%A0%EF%BC%99%E3%81%A6" dan="16,16,16,16" rate="2204.95,2150.67,2175.93,2178.39" sx="F,M,M,M"/><TAIKYOKU oya="0"/><INIT seed="0,0,0,2,1,84" ten="250,250,250,250" oya="0" hai0="67,88,104,95,111,28,5,64,54,56,106,9,83" hai1="129,110,112,80,0,69,33,40,66,85,16,134,82" hai2="115,100,20,12,26,124,41,131,7,102,37,39,35" hai3="97,57,118,70,38,133,92,44,62,68,94,81,31"/><T43/><D43/><U48/><E0/><V2/><F115/><W103/><G133/><T19/><D28/><U6/><E134/><V42/><F131/><W72/><G118/><T113/><D113/><U61/><E129/><V53/><F124/><W34/><G34/><T121/><D121/><U99/><E112/><V13/><F53/><W96/><G31/><T109/><D19/><U75/><E110/><N who="0" m="41993" /><D83/><U17/><E6/><V1/><F7/><W45/><G81/><T63/><D64/><U11/><E11/><V58/><F58/><W119/><G119/><T108/><D67/><U14/><E33/><V49/><F35/><W98/><G72/><T21/><D21/><U59/><E75/><V36/><F36/><W127/><G127/><T91/><N who="0" m="42001" /><T22/><DORA hai="8" /><D22/><N who="1" m="11543" /><E17/><V135/><F20/><W51/><G38/><T114/><D114/><U116/><E69/><V27/><REACH who="2" step="1"/><F135/><REACH who="2" ten="250,250,240,250" step="2"/><W78/><G68/><T132/><D132/><U15/><E116/><V126/><F126/><W79/><G70/><T123/><D123/><U71/><E71/><V120/><F120/><W77/><G57/><T87/><D91/><U29/><E59/><V93/><F93/><W65/><G92/><T30/><D30/><U128/><E29/><V105/><F105/><W23/><G94/><T50/><D50/><AGARI ba="0,1" hai="1,2,12,13,26,27,37,39,41,42,49,50,100,102" machi="50" ten="25,8000,1" yaku="1,1,22,2,52,2,53,0" doraHai="84,8" doraHaiUra="52,73" who="2" fromWho="0" sc="250,-80,250,0,240,90,250,0" /><INIT seed="1,0,0,3,5,102" ten="170,250,330,250" oya="1" hai0="76,42,111,90,25,6,134,35,85,99,101,91,125" hai1="4,57,51,72,116,97,95,131,83,58,40,68,104" hai2="128,60,100,113,133,74,112,55,49,15,92,64,106" hai3="19,86,130,129,11,8,107,44,109,108,47,119,96"/><U77/><E131/><N who="3" m="50186" /><G86/><T82/><D42/><U41/><E68/><V98/><F128/><W39/><G119/><T114/><D114/><N who="2" m="44138" /><F133/><W43/><G44/><T16/><D134/><U69/><E69/><V70/><F74/><W84/><G84/><T120/><D111/><N who="3" m="42569" /><G19/><T17/><D125/><U50/><E116/><V32/><F32/><W62/><G62/><T65/><D120/><U34/><E34/><V29/><F29/><W132/><G132/><T27/><D6/><U20/><E4/><V122/><F122/><W110/><G110/><T117/><D117/><U115/><E115/><V0/><F0/><W81/><G81/><T37/><D37/><U10/><E83/><V53/><F15/><W61/><G61/><T105/><D65/><U38/><E38/><V1/><F1/><W46/><G46/><T124/><D124/><U5/><E5/><V126/><F126/><W123/><G123/><T127/><D127/><U31/><E72/><V88/><F49/><W71/><G71/><T23/><REACH who="0" step="1"/><D17/><REACH who="0" ten="160,250,330,250" step="2"/><U9/><E41/><V79/><F79/><W28/><G28/><AGARI ba="0,1" hai="16,23,25,27,28,35,76,82,85,90,91,99,101,105" machi="28" ten="40,8000,1" yaku="1,1,2,1,52,1,54,1,53,1" doraHai="102" doraHaiUra="73" who="0" fromWho="3" sc="160,90,250,0,330,0,250,-80" /><INIT seed="2,0,0,3,1,16" ten="250,250,330,170" oya="2" hai0="97,106,29,100,75,22,117,134,120,13,103,1,57" hai1="8,90,133,32,85,4,132,88,93,67,30,58,37" hai2="70,76,48,42,5,68,15,111,108,24,102,129,38" hai3="119,105,109,114,61,9,66,34,12,95,112,26,131"/><V50/><F102/><W116/><G105/><T55/><D120/><U28/><E37/><V64/><F76/><W21/><G95/><T27/><D1/><U49/><E32/><V98/><F98/><W128/><G61/><T53/><D134/><N who="1" m="51819" /><E90/><V14/><F129/><N who="3" m="49739" /><G34/><T44/><D75/><U126/><E126/><V71/><F64/><W17/><G109/><N who="2" m="42057" /><F5/><N who="3" m="3119" /><G66/><T3/><D103/><U89/><E89/><V60/><F60/><W72/><G72/><T23/><D3/><N who="1" m="31" /><E67/><V135/><F135/><W25/><G26/><T78/><D78/><U0/><E0/><V6/><F6/><W20/><G20/><N who="0" m="15591" /><D106/><U115/><E58/><V7/><F7/><W41/><G41/><T19/><D117/><AGARI ba="0,0" hai="17,21,25,112,114,116,117,119" m="3119,49739" machi="117" ten="30,7700,0" yaku="19,1,34,2,52,1" doraHai="16" who="3" fromWho="0" sc="250,-77,250,0,330,0,170,77" /><INIT seed="3,0,0,3,3,113" ten="173,250,330,247" oya="3" hai0="54,129,110,35,23,106,59,28,75,98,10,126,56" hai1="109,72,1,25,58,65,4,14,41,87,5,103,44" hai2="135,128,112,82,97,61,92,116,118,123,124,66,27" hai3="46,115,102,122,48,42,78,95,62,20,133,99,119"/><W49/><G115/><T19/><D75/><U69/><E72/><V11/><F112/><W18/><G122/><T68/><D68/><U88/><E109/><V105/><F105/><W81/><G133/><T47/><D110/><U90/><E1/><V74/><F135/><W114/><G114/><T38/><D129/><U36/><E103/><V125/><F128/><W108/><G108/><T7/><D126/><N who="2" m="48746" /><F123/><W0/><G0/><T70/><D70/><U9/><E4/><V91/><F11/><W101/><G62/><T89/><D28/><U127/><E127/><V67/><F27/><W3/><G3/><T96/><D35/><U77/><E69/><N who="2" m="42191" /><F67/><W24/><G101/><T40/><D106/><U64/><E77/><AGARI ba="0,0" hai="74,77,82,91,92,97,116,118" m="42191,48746" machi="77" ten="30,3900,0" yaku="18,1,52,2" doraHai="113" who="2" fromWho="1" sc="173,0,250,-39,330,39,247,0" owari="173,-32.7,211,-18.9,369,46.9,247,4.7" /></mjloggm>