<mjloggm ver="2.3"><GO type="225" lobby="0"/><UN n0="%E3%81%99%E3%81%84%E3%81%BE%E3%81%9B%E3%83%BC%E3%82%93" n1="%E3%81%BF%E3%81%BF%E3%81%9A" n2="%E3%82%A2%E3%83%9E%E3%83%9D%EF%BD%9E%EF%BD%9E%E3%83%A9" n3="%5C%28%E2%89%A7%E2%96%BD%E2%89%A6%29%2F" dan="18,18,17,16" rate="2255.48,2256.52,2058.40,2096.43" sx="M,M,M,M"/><TAIKYOKU oya="0"/><INIT seed="0,0,0,2,2,81" ten="250,250,250,250" oya="0" hai0="7,78,129,108,96,74,12,98,30,128,122,11,84" hai1="33,44,17,53,91,77,115,80,36,117,0,58,99" hai2="29,14,86,19,27,56,57,93,52,60,118,62,35" hai3="39,23,25,61,13,6,95,110,130,105,34,3,59"/><T103/><D122/><U76/><E117/><V51/><F118/><W100/><G105/><T92/><D108/><U113/><E33/><V65/><F93/><W126/><G39/><T45/><D74/><U43/><E0/><V71/><F86/><W37/><G37/><T73/><D73/><U132/><E132/><V111/><F111/><W18/><G110/><T102/><D30/><U15/><E99/><V28/><F28/><N who="3" m="19727" /><G126/><T63/><D45/><U75/><E91/><V70/><REACH who="2" step="1"/><F62/><REACH who="2" ten="250,250,240,250" step="2"/><W24/><G95/><T5/><D63/><N who="1" m="36303" /><E75/><V123/><F123/><W79/><G61/><T10/><D78/><U121/><E121/><V48/><F48/><W2/><G79/><T40/><D84/><U20/><E80/><V16/><F16/><N who="3" m="12391" /><G100/><T67/><D102/><U104/><E104/><V127/><F127/><W89/><G89/><T50/><D98/><U119/><E119/><V114/><F114/><AGARI ba="0,1" hai="15,17,20,36,43,44,76,77,113,114,115" m="36303" machi="114" ten="30,1000,0" yaku="11,1" doraHai="81" who="1" fromWho="2" sc="250,0,250,20,240,-10,250,0" /><INIT seed="1,0,0,4,3,65" ten="250,270,230,250" oya="1" hai0="79,68,94,122,1,69,80,7,53,16,25,115,120" hai1="106,132,37,125,85,86,98,20,23,8,71,54,90" hai2="114,101,43,70,103,13,76,110,57,95,29,60,93" hai3="112,87,128,78,48,84,77,46,11,6,99,129,38"/><U17/><E37/><V133/><F110/><W123/><G38/><T104/><D104/><U62/><E125/><V0/><F0/><W14/><G112/><T2/><D115/><U58/><E132/><V26/><F133/><W88/><G123/><N who="0" m="47147" /><D53/><U126/><E126/><V49/><F13/><W113/><G113/><T73/><D94/><N who="2" m="35850" /><F70/><N who="0" m="27242" /><D7/><U3/><E106/><V41/><F114/><W61/><G99/><T44/><D44/><U15/><E98/><V135/><F135/><W74/><G74/><T35/><D16/><N who="1" m="8295" /><E71/><V124/><F124/><W96/><G6/><T47/><D47/><U4/><E4/><V72/><F72/><W24/><G46/><T75/><D75/><U108/><E108/><V51/><F103/><W5/><G96/><T121/><D121/><U59/><E3/><V89/><F101/><W109/><G109/><T36/><D36/><U116/><E116/><V40/><F40/><W130/><G5/><T33/><D33/><U105/><E105/><V9/><F43/><W92/><G129/><T32/><D32/><U81/><E17/><V50/><F41/><W34/><G130/><T83/><D83/><N who="1" m="49471" /><E58/><V82/><F57/><W117/><G128/><T22/><D22/><U66/><E54/><V102/><F102/><W31/><G34/><T131/><D131/><U63/><E59/><V91/><F9/><W39/><G11/><T18/><D18/><U67/><E20/><N who="2" m="15559" /><F60/><N who="1" m="23081" /><E23/><V118/><F118/><W64/><G117/><T97/><D97/><U134/><E134/><V19/><F19/><W107/><G39/><T30/><AGARI ba="0,0" hai="1,2,25,30,35,73,79,80" m="27242,47147" machi="30" ten="40,8000,1" yaku="13,1,23,1,52,3" doraHai="65" who="0" fromWho="0" sc="250,80,270,-40,230,-20,250,-20" /><INIT seed="2,0,0,5,1,32" ten="330,230,210,230" oya="2" hai0="24,39,75,26,112,43,66,3,78,76,48,125,71" hai1="74,0,14,19,63,57,18,30,68,49,70,67,98" hai2="100,131,6,127,10,28,92,56,83,124,35,13,17" hai3="132,22,50,40,42,7,128,60,34,121,120,88,94"/><V31/><F131/><W12/><G34/><T111/><D39/><U54/><E74/><V77/><F56/><W21/><G128/><T117/><D3/><U118/><E118/><V62/><F62/><W110/><G110/><T133/><D112/><U109/><E109/><V104/><F104/><W2/><G2/><T91/><D75/><U89/><E0/><N who="2" m="327" /><F92/><W107/><G132/><T80/><D66/><U82/><E30/><N who="2" m="11307" /><F100/><W53/><G107/><T52/><D71/><U41/><E70/><V84/><F35/><W37/><G37/><T29/><D29/><U87/><E41/><N who="3" m="15978" /><G120/><T96/><D43/><U20/><E98/><V69/><F69/><W108/><G121/><T85/><D117/><U97/><E97/><V101/><F101/><W113/><G113/><T44/><D111/><U45/><E68/><V5/><F5/><W122/><G122/><T15/><D133/><U134/><E134/><V90/><F77/><W103/><G103/><T55/><D78/><U86/><E87/><V119/><F119/><W25/><G108/><T59/><D96/><U81/><E19/><V47/><F47/><N who="3" m="27871" /><G60/><T51/><D76/><U11/><E20/><N who="3" m="7786" /><G25/><N who="0" m="9835" /><D15/><U129/><E129/><V46/><F46/><W33/><G33/><T123/><D123/><U36/><E36/><V115/><F115/><W38/><G38/><T105/><D105/><U27/><E27/><V73/><F73/><W61/><G61/><T95/><D95/><AGARI ba="0,0" hai="11,14,18,45,49,54,57,63,67,81,82,86,89,95" machi="95" ten="30,2000,0" yaku="7,1,8,1" doraHai="32" who="1" fromWho="0" sc="330,-20,230,20,210,0,230,0" /><INIT seed="3,0,0,2,5,56" ten="310,250,210,230" oya="3" hai0="17,54,50,9,84,98,29,0,101,26,48,62,61" hai1="72,4,15,64,58,129,18,114,49,128,66,14,33" hai2="43,73,133,40,52,23,16,19,86,119,11,77,63" hai3="125,79,100,130,107,47,105,118,131,92,24,123,10"/><W113/><G113/><T67/><D84/><U74/><E114/><V32/><F32/><W122/><G47/><T124/><D124/><U59/><E49/><V22/><F73/><N who="1" m="28265" /><E33/><V8/><F119/><W121/><G118/><T115/><D115/><U96/><E96/><V93/><F133/><W12/><G125/><T75/><D75/><U57/><E18/><N who="2" m="6699" /><F23/><W1/><G1/><T27/><D50/><U36/><E4/><V111/><F22/><W69/><G69/><T89/><D89/><U20/><E20/><V108/><F108/><W94/><G24/><T3/><D3/><U2/><E36/><V78/><F111/><W5/><G79/><N who="2" m="30217" /><F93/><N who="3" m="35947" /><G100/><T132/><D132/><U6/><E6/><V80/><F86/><W30/><G30/><T104/><D29/><U44/><E2/><V71/><F80/><W103/><G103/><T83/><D101/><U39/><E39/><V90/><F90/><W45/><G45/><T46/><D83/><U65/><E44/><V81/><F81/><W116/><G116/><T55/><D46/><U37/><E37/><V82/><F82/><W110/><G110/><T70/><D70/><U85/><E85/><V42/><F71/><W126/><G126/><T91/><D0/><U99/><E99/><V51/><F51/><W35/><G35/><T25/><D48/><U112/><E112/><V134/><F134/><W13/><G13/><AGARI ba="0,0" hai="13,14,15,57,58,59,64,65,66,128,129" m="28265" machi="13" ten="40,2600,0" yaku="28,2" doraHai="56" who="1" fromWho="3" sc="310,0,250,26,210,0,230,-26" owari="310,41.0,276,7.6,210,-19.0,204,-29.6" /></mjloggm>