<mjloggm ver="2.3"><GO type="225" lobby="0"/><UN n0="%E3%81%93%E3%81%94%E3%81%A6%E3%81%83%E3%83%BC" n1="%E6%97%A5%E6%9B%9C%E6%97%A5%E3%82%88%E3%82%8A%E3%81%AE%E4%BD%BF%E8%80%85" n2="%72%69%6F%75%63%68%61%6E" n3="%E3%81%82%E3%81%84%E3%81%82%E3%81%8A%E3%81%84" dan="16,17,16,18" rate="2057.26,2270.11,2097.21,2187.88" sx="M,M,M,M"/><TAIKYOKU oya="0"/><INIT seed="0,0,0,0,4,35" ten="250,250,250,250" oya="0" hai0="10,65,99,92,5,106,123,61,77,102,36,120,76" hai1="126,133,114,121,130,117,125,69,2,85,59,131,97" hai2="18,98,30,71,68,42,21,3,41,15,124,11,96" hai3="75,90,12,37,55,60,74,63,24,34,83,49,0"/><T94/><D36/><U95/><E69/><V80/><F124/><N who="1" m="47721" /><E59/><V132/><F132/><W25/><G37/><T91/><D77/><U58/><E58/><V14/><F71/><W82/><G12/><T135/><D76/><U22/><E22/><V67/><F3/><W100/><G100/><T103/><D135/><U20/><E20/><V66/><F80/><W19/><G19/><T111/><D111/><U38/><E38/><V79/><F79/><W4/><G90/><T56/><D94/><U107/><E2/><V26/><F66/><W1/><G49/><T40/><D40/><U122/><E133/><V93/><F98/><W72/><G72/><T108/><D108/><U109/><E109/><V8/><F67/><W104/><G104/><T43/><D43/><U39/><E39/><V112/><F112/><W54/><G4/><T119/><D119/><U86/><E107/><V78/><F78/><W81/><G81/><T7/><D7/><U51/><E51/><V62/><F62/><W17/><G17/><T33/><D33/><AGARI ba="0,0" hai="0,1,24,25,33,34,54,55,60,63,74,75,82,83" machi="33" ten="25,6400,0" yaku="22,2,52,2" doraHai="35" who="3" fromWho="0" sc="250,-64,250,0,250,0,250,64" /><INIT seed="1,0,0,1,5,2" ten="186,250,250,314" oya="1" hai0="11,80,33,3,73,25,109,55,36,89,5,106,54" hai1="66,134,91,35,13,115,1,127,113,123,47,126,50" hai2="119,30,18,108,20,128,133,99,117,68,83,79,42" hai3="122,110,22,4,41,34,29,111,58,63,121,87,60"/><U81/><E1/><V98/><F108/><N who="3" m="41515" /><G34/><T90/><D109/><U74/><E35/><V125/><F125/><N who="1" m="47625" /><E123/><V71/><F30/><W97/><G4/><T69/><D69/><U44/><E134/><V46/><F133/><W57/><G41/><T84/><D106/><U53/><E66/><V51/><F128/><W49/><G49/><T43/><D33/><U65/><E65/><V102/><F68/><W129/><G129/><T14/><D25/><U39/><E13/><V75/><F71/><W105/><G87/><T16/><D73/><U104/><E104/><V112/><F112/><W130/><G130/><T116/><D90/><U85/><E74/><V72/><F72/><W37/><G37/><T76/><D76/><U82/><E82/><V88/><F88/><W27/><G97/><T19/><D19/><U132/><E132/><V94/><REACH who="2" step="1"/><F98/><REACH who="2" ten="186,250,240,314" step="2"/><W118/><G29/><T100/><D100/><U62/><E115/><V95/><F95/><W21/><G105/><T96/><D96/><U64/><E113/><V48/><F48/><W124/><G124/><T12/><D116/><U24/><E39/><V31/><F31/><W70/><G118/><T92/><D80/><U26/><E44/><V17/><F17/><W52/><G70/><AGARI ba="0,1" hai="24,26,47,50,53,62,64,70,81,85,91" m="47625" machi="70" ten="30,1500,0" yaku="18,1" doraHai="2" who="1" fromWho="3" sc="186,0,250,25,240,0,314,-15" /><INIT seed="1,1,0,4,3,57" ten="186,275,240,299" oya="1" hai0="71,63,60,134,67,115,109,56,118,30,104,12,32" hai1="27,106,96,68,116,0,91,62,81,4,19,114,95" hai2="55,128,59,51,35,79,25,98,102,99,105,122,101" hai3="64,76,75,20,2,131,48,9,103,74,133,92,46"/><U130/><E114/><V23/><F128/><W13/><G131/><T37/><D104/><U41/><E116/><V17/><F122/><W14/><G133/><T73/><D73/><U33/><E41/><V135/><F135/><W110/><G110/><T54/><D134/><U42/><E42/><V29/><F79/><W94/><G64/><T93/><D115/><U100/><E130/><V77/><F77/><W10/><G20/><T24/><D118/><U31/><E81/><V121/><F121/><W3/><G76/><T107/><D107/><U82/><E82/><V65/><F65/><W38/><G48/><T78/><D78/><U26/><E26/><V127/><F127/><W126/><G46/><T11/><D109/><U39/><E19/><V124/><F124/><W125/><REACH who="3" step="1"/><G103/><REACH who="3" ten="186,275,240,289" step="2"/><T34/><D93/><U61/><E39/><AGARI ba="1,1" hai="2,3,9,10,13,14,38,39,74,75,92,94,125,126" machi="39" ten="25,6400,0" yaku="1,1,2,1,22,2,53,0" doraHai="57" doraHaiUra="45" who="3" fromWho="1" sc="186,0,275,-67,240,0,289,77" /><INIT seed="2,0,0,5,4,42" ten="186,208,240,366" oya="2" hai0="101,7,115,38,77,99,35,59,54,116,85,79,112" hai1="126,100,110,68,91,80,131,76,21,107,61,58,69" hai2="134,20,36,122,130,1,86,11,41,51,129,47,24" hai3="23,81,98,114,111,16,73,53,6,124,15,97,71"/><V55/><F134/><W121/><G121/><T119/><D35/><U28/><E91/><V95/><F122/><W66/><G111/><T70/><D70/><U89/><E89/><N who="2" m="53687" /><F1/><W117/><G117/><N who="0" m="45131" /><D7/><U106/><E110/><V93/><F11/><W14/><G66/><T27/><D27/><U32/><E32/><V108/><F108/><W3/><G81/><N who="0" m="47279" /><D38/><U18/><E28/><N who="2" m="17415" /><F93/><W8/><G71/><T84/><D54/><U135/><E68/><V62/><F62/><W113/><G53/><T78/><D59/><U127/><E58/><V128/><F55/><W50/><G3/><T109/><D109/><U118/><E61/><V65/><F65/><W43/><G43/><T17/><D17/><U44/><E69/><V75/><F75/><W92/><G73/><T88/><D78/><U29/><E76/><V57/><F57/><W67/><G67/><T125/><D79/><U49/><E18/><V0/><F0/><W34/><G16/><T60/><D60/><U94/><E29/><V26/><F26/><W120/><G8/><T10/><D10/><U31/><E31/><V82/><F82/><W25/><G25/><T2/><D2/><U45/><E80/><V19/><F19/><W133/><G34/><T123/><D123/><U83/><E83/><V105/><F36/><W64/><G120/><T74/><D74/><U39/><E39/><V52/><F41/><W48/><G6/><T104/><D125/><U132/><E127/><V5/><F5/><W13/><G124/><T56/><D56/><U40/><E126/><V30/><F30/><W4/><G4/><RYUUKYOKU ba="0,0" sc="186,15,208,-15,240,15,366,-15" hai0="84,88,99,101,104,112,115" hai2="47,51,52,105,128,129,130" /><INIT seed="2,1,0,3,0,79" ten="201,193,255,351" oya="2" hai0="1,17,76,108,36,19,45,66,10,131,7,135,67" hai1="32,33,100,109,104,25,102,128,130,98,2,72,85" hai2="47,71,40,38,16,43,119,34,95,11,115,127,29" hai3="111,58,21,63,28,84,52,39,42,107,125,68,78"/><V3/><F115/><W51/><G107/><T117/><D108/><U120/><E2/><V49/><F119/><W5/><G111/><T46/><D117/><U53/><E109/><V110/><F110/><W132/><G5/><T73/><D131/><N who="1" m="50219" /><E72/><V105/><F105/><W116/><G116/><T82/><D46/><U27/><E120/><V106/><F106/><W6/><G6/><T35/><D35/><N who="1" m="13387" /><E100/><V31/><F34/><W14/><G68/><T23/><D135/><U8/><E8/><V44/><F71/><W24/><G39/><T113/><D113/><U20/><E20/><V118/><F127/><W91/><G21/><T81/><D81/><U134/><E134/><V129/><F118/><W124/><G124/><T87/><D87/><U126/><E126/><V99/><F129/><W69/><G84/><T83/><D83/><U65/><E65/><N who="0" m="24585" /><D23/><U0/><E0/><V57/><F57/><W37/><G58/><T90/><D90/><U94/><E53/><V55/><F55/><W22/><G52/><T54/><D54/><U48/><E48/><V77/><F77/><W75/><G78/><T114/><D114/><U122/><E122/><V30/><F3/><W86/><G69/><T112/><D112/><U74/><E74/><V9/><REACH who="2" step="1"/><F16/><REACH who="2" ten="201,193,245,351" step="2"/><N who="3" m="10519" /><G125/><T64/><N who="0" m="24593" /><T93/><DORA hai="13" /><D93/><U88/><AGARI ba="1,1" hai="25,27,85,88,94,98,102,104" m="13387,50219" machi="88" ten="40,2700,0" yaku="19,1,54,1" doraHai="79,13" who="1" fromWho="1" sc="201,-8,193,40,245,-14,351,-8" /><INIT seed="3,0,0,4,1,19" ten="193,233,231,343" oya="3" hai0="130,107,97,114,134,39,48,113,41,54,116,74,98" hai1="33,125,65,28,17,126,129,96,76,21,3,67,45" hai2="55,71,26,59,0,47,82,105,44,106,103,46,13" hai3="36,73,43,111,83,18,22,1,75,56,81,14,35"/><W63/><G35/><T118/><D41/><U120/><E120/><V6/><F71/><W135/><G1/><T88/><D39/><U27/><E129/><V11/><F103/><W51/><G36/><T49/><D74/><U30/><E3/><V131/><F131/><W100/><G100/><N who="0" m="62863" /><D130/><U70/><E76/><V5/><F82/><W34/><G83/><T124/><D54/><U121/><E121/><V89/><F89/><W7/><G81/><T104/><D48/><U123/><E123/><V122/><F122/><W62/><G51/><T112/><D49/><U40/><E96/><V92/><F92/><W64/><G43/><T77/><D77/><U12/><E30/><V2/><F26/><W37/><G37/><T99/><D134/><U90/><E90/><V108/><F108/><W93/><G111/><T91/><D124/><N who="1" m="47723" /><E70/><V95/><F95/><W79/><G93/><N who="0" m="56615" /><D91/><U52/><E52/><V53/><F53/><W61/><G79/><T10/><D10/><U8/><E8/><V132/><F132/><W15/><G75/><T84/><D84/><U68/><E68/><V80/><F80/><W29/><G73/><T57/><D57/><U60/><E60/><N who="2" m="35967" /><F0/><W86/><G63/><T50/><D50/><AGARI ba="0,0" hai="12,17,21,27,28,33,40,45,50,65,67" m="47723" machi="50" ten="30,2000,0" yaku="18,1,52,1" doraHai="19" who="1" fromWho="0" sc="193,-20,233,20,231,0,343,0" owari="173,-32.7,253,5.3,231,-16.9,343,44.3" /></mjloggm>