<mjloggm ver="2.3"><GO type="225" lobby="0"/><UN n0="%E6%81%A5%E6%99%92%E3%81%97" n1="%E3%81%90%E3%81%A1%E3%82%84%E3%81%BE" n2="%E8%9B%87%E3%81%AE%E8%A1%80" n3="%E6%B7%91%E5%A5%B3%E3%81%AE%E5%97%9C%E3%81%BF" dan="16,16,16,16" rate="2206.91,2118.10,2116.09,2101.20" sx="M,M,M,M"/><TAIKYOKU oya="0"/><INIT seed="0,0,0,1,0,72" ten="250,250,250,250" oya="0" hai0="131,71,119,67,3,45,12,94,5,29,17,7,15" hai1="36,18,39,111,61,91,92,100,126,117,65,52,122" hai2="125,77,87,108,23,60,6,66,88,112,28,86,130" hai3="2,43,81,73,123,118,38,129,104,76,134,19,83"/><T127/><D119/><U49/><E117/><V47/><F112/><W101/><G118/><T34/><D71/><U9/><E122/><V58/><F108/><W41/><G123/><T4/><D67/><U22/><E9/><V13/><F130/><W8/><G129/><T97/><D131/><U59/><E100/><V1/><F125/><W133/><G43/><T16/><D127/><U64/><E111/><V106/><F106/><W93/><G93/><T124/><D124/><U120/><E120/><V74/><F74/><W20/><G83/><T114/><D114/><U40/><E40/><V115/><F1/><W103/><G20/><T51/><D3/><U80/><E80/><N who="2" m="47375" /><F115/><W121/><G121/><T53/><D29/><U35/><E35/><V99/><F99/><N who="3" m="61503" /><G19/><N who="0" m="7243" /><D34/><U75/><E75/><V132/><F132/><W62/><G103/><AGARI ba="0,0" hai="4,5,7,12,15,45,51,53,94,97,103" m="7243" machi="103" ten="30,2900,0" yaku="8,1,54,1" doraHai="72" who="0" fromWho="3" sc="250,29,250,0,250,0,250,-29" /><INIT seed="0,1,0,3,5,30" ten="279,250,250,221" oya="0" hai0="47,38,44,106,86,46,32,54,3,59,16,123,66" hai1="90,107,4,80,77,114,110,103,75,37,42,99,91" hai2="5,28,115,53,2,34,119,104,127,74,93,63,20" hai3="98,11,76,112,55,132,49,9,131,39,23,95,58"/><T45/><D123/><U17/><E4/><V116/><F104/><W109/><G112/><T8/><D106/><U81/><E17/><V40/><F74/><W94/><G109/><T117/><D117/><N who="2" m="45130" /><F115/><W79/><G39/><T84/><D32/><U60/><E114/><V6/><F127/><W97/><G131/><T87/><D3/><U0/><E0/><V57/><F40/><W69/><G69/><T61/><D38/><U10/><E10/><N who="2" m="2359" /><F6/><W70/><G70/><T122/><D122/><U126/><E60/><V22/><F93/><W134/><G23/><N who="2" m="8745" /><F28/><W83/><G83/><T56/><N who="0" m="11264" /><DORA hai="18" /><T31/><D31/><U73/><E42/><V67/><F34/><W88/><G134/><T101/><D101/><U118/><E37/><V13/><F13/><W108/><G132/><T133/><D133/><U111/><E118/><V100/><F100/><N who="3" m="60471" /><G108/><N who="1" m="41514" /><E126/><V71/><F71/><W35/><G35/><T65/><D59/><U113/><E113/><V102/><F102/><W1/><G1/><T85/><D85/><U64/><E64/><AGARI ba="1,0" hai="53,57,63,64,67" m="8745,2359,45130" machi="64" ten="30,7700,0" yaku="12,1,52,3" doraHai="30,18" who="2" fromWho="1" sc="279,0,250,-80,250,80,221,0" /><INIT seed="1,0,0,1,3,124" ten="279,170,330,221" oya="1" hai0="80,93,128,77,12,34,2,98,111,118,31,70,89" hai1="17,84,126,33,103,76,68,125,59,130,30,100,56" hai2="61,27,81,85,35,5,49,19,114,62,65,20,90" hai3="129,67,0,6,63,40,46,4,24,112,3,95,116"/><U32/><E68/><V7/><F114/><W50/><G112/><T109/><D118/><U92/><E17/><V74/><F35/><N who="1" m="13385" /><E30/><V38/><F38/><W54/><G116/><T47/><D2/><U43/><E43/><V108/><F108/><N who="0" m="41546" /><D70/><U37/><E37/><V135/><F135/><W120/><G95/><T9/><D47/><U41/><E41/><V29/><F74/><W105/><G120/><T110/><D110/><U22/><E22/><N who="2" m="15607" /><F49/><W55/><G24/><T97/><D97/><U1/><E1/><V36/><F36/><W131/><G105/><T119/><D119/><U101/><E92/><V107/><F107/><W44/><G40/><T123/><D123/><U28/><E28/><V18/><F18/><W10/><G67/><T73/><D31/><U60/><E60/><N who="2" m="23147" /><F65/><W64/><G64/><T66/><D66/><U87/><E130/><N who="3" m="49674" /><G63/><T127/><D128/><U106/><E106/><V48/><F48/><N who="3" m="28935" /><G6/><T134/><D93/><U15/><E15/><AGARI ba="0,0" hai="5,7,15,19,20,81,85,90" m="23147,15607" machi="15" ten="30,1000,0" yaku="8,1" doraHai="124" who="2" fromWho="1" sc="279,0,170,-10,330,10,221,0" /><AGARI ba="0,0" hai="0,3,4,10,15,46,50,55" m="28935,49674" machi="15" ten="30,7700,0" yaku="19,1,52,3" doraHai="124" who="3" fromWho="1" sc="279,0,160,-77,340,0,221,77" /><INIT seed="2,0,0,0,4,94" ten="279,83,340,298" oya="2" hai0="104,49,22,5,15,133,59,74,105,11,55,92,101" hai1="51,26,52,57,115,36,126,127,4,75,117,76,16" hai2="42,108,67,112,122,73,129,68,106,90,41,63,10" hai3="132,3,100,116,66,33,35,80,114,28,17,12,60"/><V97/><F112/><W125/><G116/><T32/><D32/><U113/><E76/><V124/><F122/><W119/><G119/><T27/><D74/><U96/><E75/><V77/><F124/><N who="1" m="47657" /><E117/><V40/><F129/><W128/><G125/><T135/><D104/><U82/><E82/><V99/><F106/><W19/><G3/><T62/><D105/><U61/><E4/><V46/><F46/><W131/><G80/><T110/><D110/><U14/><E26/><V56/><F68/><W71/><G114/><N who="1" m="43530" /><E36/><V13/><F108/><W95/><G131/><T2/><D2/><U44/><E61/><V79/><F73/><W121/><G60/><T120/><D62/><U134/><E44/><V87/><F77/><W7/><G7/><T45/><D45/><U30/><E30/><V103/><F103/><W111/><G28/><T50/><D27/><U8/><E134/><V54/><F79/><W83/><G132/><T123/><D133/><U20/><E8/><V25/><F25/><W84/><G83/><T23/><D135/><U47/><E47/><V29/><F67/><W21/><G19/><T107/><D50/><U72/><E72/><V65/><F65/><W24/><G24/><T91/><D5/><U130/><E130/><V34/><F29/><W70/><G66/><T88/><D11/><U0/><E0/><V58/><F34/><N who="3" m="12811" /><G128/><T78/><D78/><U37/><E37/><V18/><F58/><W6/><G6/><T85/><D59/><U53/><E53/><V86/><F54/><W64/><G64/><T102/><D55/><U98/><AGARI ba="0,0" hai="14,16,20,51,52,57,96,98" m="43530,47657" machi="98" ten="40,12000,2" yaku="5,1,18,1,52,2,54,2" doraHai="94" who="1" fromWho="1" sc="279,-30,83,120,340,-60,298,-30" /><INIT seed="3,0,0,4,2,76" ten="249,203,280,268" oya="3" hai0="77,54,81,124,73,42,102,46,71,109,82,126,114" hai1="57,118,99,87,5,85,106,132,127,84,112,16,67" hai2="129,74,47,65,7,119,66,14,25,72,100,105,62" hai3="94,80,0,29,93,49,52,63,3,130,121,131,21"/><W96/><G121/><T75/><D109/><U9/><E112/><V30/><F119/><W78/><G63/><T37/><D114/><U111/><E111/><V35/><F66/><W24/><G3/><T22/><D71/><U33/><E33/><V134/><F129/><N who="3" m="49163" /><G96/><T10/><D22/><U79/><E127/><N who="0" m="48681" /><D102/><U43/><E132/><V59/><F134/><W17/><G0/><T92/><D92/><U135/><E135/><V56/><F56/><N who="3" m="32783" /><G29/><T23/><D54/><U101/><E118/><V44/><F44/><W20/><G20/><T6/><D23/><U128/><E128/><V11/><F47/><W34/><G34/><T13/><D77/><U18/><E79/><V40/><F40/><W60/><G60/><T120/><D120/><U97/><E43/><V122/><F122/><W4/><G4/><T48/><D37/><U1/><REACH who="1" step="1"/><E97/><REACH who="1" ten="249,193,280,268" step="2"/><V8/><F35/><W107/><G107/><T51/><D51/><U36/><E36/><V68/><F105/><W55/><G55/><T32/><D32/><U2/><E2/><V50/><F65/><W90/><G90/><T19/><D42/><U108/><E108/><V104/><F104/><W39/><G39/><T27/><D73/><AGARI ba="0,1" hai="17,21,24,73,78,80,93,94" m="32783,49163" machi="73" ten="30,5800,0" yaku="19,1,52,1,54,1" doraHai="76" who="3" fromWho="0" sc="249,-58,193,0,280,0,268,68" owari="191,-30.9,193,-20.7,280,8.0,336,43.6" /></mjloggm>