<mjloggm ver="2.3"><GO type="225" lobby="0"/><UN n0="%E3%83%96%E3%83%83%E3%83%91%E3%82%AA%E3%83%96%E3%83%81%E3%82%AD%E3%83%B3" n1="%E5%A4%8F%E9%88%B4%E9%88%B4%E5%A4%8F" n2="%70%68%65%6E%6F%6D%65" n3="%E3%83%A9%E3%83%BC%E3%83%A1%E3%83%B3%E4%BA%94%E9%83%8E" dan="16,16,16,16" rate="2072.34,2119.12,2133.79,2140.44" sx="M,F,M,M"/><TAIKYOKU oya="0"/><INIT seed="0,0,0,5,0,63" ten="250,250,250,250" oya="0" hai0="25,77,61,83,105,55,108,7,44,27,84,42,89" hai1="78,102,65,29,86,130,17,114,128,73,35,74,31" hai2="46,36,47,118,16,97,6,10,23,93,30,79,67" hai3="112,62,127,38,18,100,33,88,24,122,11,101,90"/><T37/><D105/><U9/><E114/><V53/><F118/><W98/><G112/><T121/><D121/><U106/><E102/><V48/><F79/><W43/><G122/><T14/><D108/><U76/><E106/><V28/><F46/><W125/><G43/><T117/><D117/><U116/><E116/><V129/><F36/><W12/><G38/><T40/><D40/><U80/><E78/><V107/><F107/><W135/><G135/><T56/><REACH who="0" step="1"/><D77/><REACH who="0" ten="240,250,250,250" step="2"/><U4/><E76/><V51/><F129/><W75/><G127/><T0/><D0/><U49/><E130/><V132/><F132/><W124/><G124/><T81/><D81/><U133/><E74/><V41/><F67/><W111/><G75/><T68/><D68/><U87/><E80/><V92/><F92/><W119/><G111/><T115/><D115/><U64/><E73/><V72/><F72/><W69/><G119/><T126/><D126/><U13/><E65/><V123/><F123/><W32/><G125/><T52/><D52/><U103/><E64/><V20/><F41/><W134/><G134/><T60/><D60/><U82/><E128/><V15/><F51/><W34/><G69/><T110/><D110/><U5/><E49/><V26/><REACH who="2" step="1"/><F23/><REACH who="2" ten="240,250,240,250" step="2"/><W96/><G33/><T21/><D21/><N who="1" m="11439" /><E35/><V8/><F8/><AGARI ba="0,2" hai="7,8,14,25,27,37,42,44,55,56,61,83,84,89" machi="8" ten="40,2000,0" yaku="1,1,53,0" doraHai="63" doraHaiUra="45" who="0" fromWho="2" sc="240,40,250,0,240,-20,250,0" /><INIT seed="0,1,0,3,1,102" ten="280,250,220,250" oya="0" hai0="43,95,119,88,66,13,33,52,60,110,54,79,64" hai1="14,101,19,135,46,26,36,126,0,75,89,91,41" hai2="72,15,73,120,87,24,108,1,3,99,111,10,125" hai3="104,62,85,107,115,51,112,80,42,96,124,94,67"/><T56/><D119/><U58/><E135/><V92/><F120/><W38/><G38/><T128/><D128/><U68/><E0/><V12/><F87/><W28/><G28/><T6/><D33/><U34/><E68/><V53/><F24/><W9/><G9/><N who="0" m="4279" /><D43/><U82/><E101/><V81/><F53/><N who="0" m="20586" /><D110/><N who="2" m="42026" /><F12/><W130/><G130/><T59/><D79/><U63/><E126/><V17/><F125/><W103/><G124/><T116/><D116/><U30/><E82/><V98/><F98/><W105/><G42/><T44/><D44/><U118/><E75/><N who="2" m="28747" /><F81/><W25/><G25/><T74/><D74/><U31/><E31/><V97/><F97/><W117/><G117/><T48/><D48/><U127/><E118/><V45/><F45/><W129/><G51/><T70/><D70/><U16/><E127/><V121/><F121/><W131/><G62/><N who="0" m="37983" /><D95/><U123/><E123/><V78/><F78/><N who="3" m="46231" /><G67/><T7/><D7/><U23/><E63/><V39/><F39/><W40/><G40/><T84/><D84/><U55/><E55/><V134/><F134/><W11/><G11/><T27/><D27/><U22/><E58/><V106/><F106/><W133/><G133/><T77/><D77/><U132/><E132/><V5/><F5/><W65/><G65/><T109/><D109/><U37/><E36/><V2/><F3/><W122/><G122/><T86/><D86/><U113/><E113/><N who="3" m="43594" /><G131/><T29/><D29/><U76/><E76/><V49/><F49/><W71/><G129/><T32/><D32/><U50/><E37/><V47/><F47/><W93/><G71/><RYUUKYOKU ba="1,0" sc="280,0,250,0,220,0,250,0" hai0="56,60,66,88" hai1="14,16,19,22,23,26,30,34,41,46,50,89,91" hai2="1,2,10,15,17,92,99" hai3="93,94,96,103,104,105,107" /><INIT seed="0,2,0,4,3,60" ten="280,250,220,250" oya="0" hai0="19,40,135,25,1,96,123,59,5,126,22,32,66" hai1="111,9,15,132,17,78,112,6,11,103,131,41,37" hai2="38,56,125,71,102,21,24,7,35,127,79,88,14" hai3="113,67,106,95,101,133,76,122,107,116,84,42,45"/><T118/><D118/><U46/><E111/><V134/><F71/><W94/><G113/><T3/><D123/><U52/><E112/><V82/><F38/><W70/><G116/><T99/><D40/><U16/><E131/><V20/><F102/><W53/><G122/><T27/><D126/><N who="2" m="48138" /><F134/><W93/><G133/><T109/><D135/><U30/><E132/><V81/><F7/><W50/><G101/><T87/><D109/><U114/><E114/><V63/><F14/><W89/><G76/><T120/><D87/><U47/><E30/><N who="2" m="19911" /><F81/><W65/><G70/><T58/><D120/><U29/><E29/><V55/><F88/><W90/><G94/><T51/><D5/><U23/><E78/><V77/><F77/><W57/><G107/><T74/><D74/><AGARI ba="2,0" hai="20,21,55,56,63,74,79,82" m="19911,48138" machi="74" ten="30,1000,0" yaku="18,1" doraHai="60" who="2" fromWho="0" sc="280,-16,250,0,220,16,250,0" /><INIT seed="1,0,0,2,5,82" ten="264,250,236,250" oya="1" hai0="99,93,37,87,40,51,86,47,106,35,61,57,100" hai1="113,129,3,63,112,72,10,71,29,109,1,73,95" hai2="119,67,96,14,7,127,105,39,133,48,125,56,20" hai3="80,19,128,92,62,124,53,2,83,89,114,27,108"/><U84/><E29/><V34/><F119/><W46/><G114/><T5/><D35/><U69/><E113/><V45/><F34/><W52/><G2/><T111/><D111/><U85/><E112/><V81/><F133/><W26/><G108/><T42/><D5/><U122/><E122/><V107/><F81/><N who="3" m="31307" /><G128/><T65/><REACH who="0" step="1"/><D106/><REACH who="0" ten="254,250,236,250" step="2"/><U32/><E109/><V123/><F107/><W70/><G124/><T115/><D115/><U118/><E32/><V50/><F7/><W8/><G70/><T25/><D25/><U68/><E129/><V94/><F105/><W24/><G24/><T38/><D38/><U134/><E134/><V21/><F39/><W75/><G26/><T90/><D90/><U6/><E118/><V101/><F125/><W44/><G27/><T120/><D120/><U33/><E33/><V117/><F127/><W74/><G74/><T49/><D49/><U16/><E73/><V78/><F117/><W43/><G75/><T41/><D41/><U59/><E72/><V77/><F123/><W131/><G131/><T60/><D60/><U104/><E104/><V126/><F126/><W116/><G116/><T130/><D130/><U18/><E1/><V66/><F50/><N who="3" m="26911" /><G62/><T135/><D135/><U36/><E36/><V88/><F88/><W12/><G46/><AGARI ba="0,1" hai="37,40,42,46,47,51,57,61,65,86,87,93,99,100" machi="46" ten="40,8000,1" yaku="1,1,52,2,53,1" doraHai="82" doraHaiUra="54" who="0" fromWho="3" sc="254,90,250,0,236,0,250,-80" /><INIT seed="2,0,0,2,4,5" ten="344,250,236,170" oya="2" hai0="130,37,34,88,55,63,22,33,53,112,89,134,115" hai1="54,105,81,61,103,117,90,127,20,41,121,57,21" hai2="25,14,97,131,111,24,96,58,116,120,86,64,13" hai3="101,132,102,128,119,6,15,35,26,118,67,0,95"/><V40/><F116/><W85/><G128/><T84/><D37/><U16/><E117/><V39/><F120/><W38/><G132/><T109/><D109/><U18/><E121/><V36/><F131/><W93/><G38/><T1/><D130/><U28/><E41/><V42/><F86/><W51/><G119/><T80/><D1/><U23/><E28/><V108/><REACH who="2" step="1"/><F58/><REACH who="2" ten="344,250,226,170" step="2"/><W68/><G118/><T123/><D123/><U135/><E135/><V2/><F2/><W8/><G0/><T56/><D134/><U9/><E127/><V10/><F10/><W133/><G133/><T91/><D115/><U110/><E9/><V99/><F99/><W70/><G85/><T11/><D112/><U87/><REACH who="1" step="1"/><E110/><REACH who="1" ten="344,240,226,170" step="2"/><V92/><F92/><W19/><G93/><T50/><D11/><U113/><E113/><V69/><F69/><W125/><G70/><T65/><D84/><U122/><E122/><V59/><F59/><W100/><G125/><T44/><D56/><U129/><E129/><V32/><F32/><W79/><G95/><T71/><D34/><U45/><E45/><V82/><F82/><W94/><G94/><T47/><D33/><U114/><E114/><V31/><F31/><W76/><G35/><T75/><D80/><U27/><E27/><V12/><F12/><N who="3" m="5143" /><G26/><T106/><D71/><U49/><E49/><V17/><F17/><W77/><G51/><T66/><D50/><U126/><E126/><V3/><F3/><W48/><G48/><T74/><D47/><U104/><E104/><V29/><F29/><W30/><G30/><T83/><D106/><RYUUKYOKU ba="0,2" sc="344,-15,240,15,226,15,170,-15" hai1="16,18,20,21,23,54,57,61,81,87,90,103,105" hai2="13,14,24,25,36,39,40,42,64,96,97,108,111" /><INIT seed="2,1,2,0,2,121" ten="329,255,241,155" oya="2" hai0="116,64,102,89,16,128,68,13,111,69,83,101,58" hai1="104,17,120,126,109,47,45,95,46,122,79,39,4" hai2="113,91,75,54,10,33,22,97,131,1,72,65,25" hai3="56,100,82,71,53,98,115,125,127,67,66,32,118"/><V15/><F113/><W19/><G32/><T43/><D111/><U77/><E104/><V130/><F65/><W129/><G115/><T88/><D43/><U94/><E39/><V5/><F54/><W117/><G129/><N who="2" m="49161" /><F91/><W18/><G82/><T84/><D128/><U110/><E17/><N who="3" m="6154" /><G118/><T0/><D0/><U70/><E4/><V28/><F97/><W49/><G71/><T99/><D116/><U6/><E6/><V90/><F90/><W40/><G40/><T59/><D68/><U14/><E14/><V20/><F1/><W21/><G21/><AGARI ba="1,2" hai="5,10,15,20,21,22,25,28,33,72,75" m="49161" machi="21" ten="30,1500,0" yaku="19,1" doraHai="121" who="2" fromWho="3" sc="329,0,255,0,241,38,155,-18" /><INIT seed="2,2,0,3,4,121" ten="329,255,279,137" oya="2" hai0="89,64,23,134,18,112,111,107,105,41,5,7,97" hai1="8,94,120,38,127,108,114,52,67,63,116,106,78" hai2="113,60,76,128,58,68,25,48,92,102,135,74,26" hai3="29,86,88,79,50,47,21,49,101,70,14,118,98"/><V129/><F113/><W99/><G118/><T131/><D111/><U10/><E106/><V55/><F135/><W43/><G70/><T42/><D112/><U66/><E114/><V12/><F76/><W17/><G79/><T30/><D134/><U27/><E108/><V119/><F74/><W80/><G29/><T45/><D131/><N who="2" m="50250" /><F119/><W130/><G130/><T125/><D125/><U93/><E116/><V16/><F102/><W96/><REACH who="3" step="1"/><G50/><REACH who="3" ten="329,255,279,127" step="2"/><T46/><D30/><U103/><E38/><V91/><F68/><W75/><G75/><T6/><D107/><AGARI ba="2,1" hai="14,17,21,43,47,49,80,86,88,96,98,99,101,107" machi="107" ten="30,7700,0" yaku="1,1,7,1,54,1,53,1" doraHai="121" doraHaiUra="39" who="3" fromWho="0" sc="329,-83,255,0,279,0,127,93" /><INIT seed="3,0,0,5,0,130" ten="246,255,279,220" oya="3" hai0="83,90,27,72,3,52,24,74,128,31,108,67,114" hai1="5,87,49,68,121,112,102,84,0,33,65,16,29" hai2="48,81,39,12,42,10,66,53,113,105,14,94,100" hai3="97,111,91,98,126,11,40,54,122,132,73,76,116"/><W70/><G116/><T2/><D128/><U50/><E102/><V110/><F105/><W92/><G122/><T63/><D108/><U106/><E106/><V123/><F113/><W103/><G70/><N who="0" m="42367" /><D52/><U28/><E50/><V44/><F110/><W62/><G111/><T17/><D90/><U109/><E49/><V26/><F123/><W93/><G40/><T55/><D55/><U101/><E16/><V45/><F66/><W57/><G126/><T8/><D17/><U30/><E101/><V107/><F107/><W1/><G73/><N who="0" m="28267" /><D27/><U19/><E87/><V61/><F61/><W95/><G76/><T134/><D83/><U96/><E84/><V51/><F39/><W37/><G37/><T86/><D86/><U69/><E19/><V119/><F119/><W47/><G47/><T23/><D23/><U32/><E28/><V34/><F81/><W43/><G43/><T118/><D118/><U79/><E29/><V75/><F75/><W117/><G117/><T22/><D114/><U38/><E30/><V64/><F64/><W60/><G93/><T15/><D134/><U9/><E65/><V41/><F53/><W125/><G125/><T13/><D13/><U85/><E121/><V77/><F77/><W18/><G132/><T131/><D131/><U129/><E129/><V58/><F58/><W21/><G11/><T7/><D2/><U133/><E112/><V35/><F26/><N who="3" m="14647" /><G1/><T124/><D3/><U56/><E133/><V20/><F20/><W59/><G59/><T46/><D46/><U82/><E109/><V99/><F10/><W89/><G62/><RYUUKYOKU ba="0,0" sc="246,10,255,-30,279,10,220,10" hai0="7,8,15,22,24,31,124" hai2="12,14,34,35,41,42,44,45,48,51,94,99,100" hai3="54,57,60,89,91,92,95,97,98,103" /><INIT seed="3,1,0,0,3,130" ten="256,225,289,230" oya="3" hai0="102,3,54,38,116,42,117,106,55,23,2,109,108" hai1="56,30,87,83,81,131,85,82,113,95,92,19,112" hai2="99,31,111,64,52,124,58,126,21,12,133,110,37" hai3="40,7,91,134,24,121,93,57,128,70,36,84,97"/><W20/><G121/><T59/><D106/><U15/><E30/><V41/><F133/><W61/><G70/><T86/><D102/><U46/><E46/><N who="2" m="23855" /><F64/><W9/><G128/><T129/><D129/><U98/><E131/><V11/><F99/><W78/><G134/><T105/><D105/><U96/><E56/><V104/><F104/><W33/><G33/><T73/><D73/><U18/><E83/><V75/><F21/><W17/><G40/><T90/><D23/><U43/><E43/><V25/><F25/><W53/><G36/><T14/><D14/><AGARI ba="1,0" hai="14,15,18,19,81,82,85,87,92,95,96,98,112,113" machi="14" ten="25,1600,0" yaku="22,2" doraHai="130" who="1" fromWho="0" sc="256,-19,225,19,289,0,230,0" /><INIT seed="4,0,0,0,5,121" ten="237,244,289,230" oya="0" hai0="35,135,23,112,52,43,64,13,80,34,111,83,53" hai1="120,30,97,66,0,114,54,72,109,81,33,113,122" hai2="131,84,128,40,95,88,129,134,92,29,51,75,60" hai3="96,20,132,110,73,123,24,55,10,5,119,125,17"/><T45/><D112/><N who="1" m="43115" /><E0/><V48/><F134/><W49/><G73/><T46/><D64/><U38/><E38/><V99/><F75/><W76/><G119/><T87/><D135/><U36/><E36/><V78/><F29/><W105/><G123/><T37/><D111/><U19/><E66/><V9/><F40/><W118/><G118/><T61/><D83/><U58/><E19/><V6/><F60/><W89/><G132/><T57/><D13/><U98/><E109/><V11/><F78/><W26/><G110/><T14/><D14/><U74/><E30/><V91/><F11/><W93/><G125/><T39/><D23/><U86/><E33/><V18/><F18/><W133/><G105/><T62/><D39/><U102/><E97/><V47/><F47/><W21/><G133/><T82/><D82/><U94/><E58/><V32/><F32/><W115/><G115/><T27/><D27/><U7/><E54/><V31/><F31/><W77/><G55/><T22/><D22/><U8/><E122/><V116/><F116/><W71/><G71/><T28/><D28/><U50/><E50/><V90/><F90/><W42/><G49/><T2/><D2/><AGARI ba="0,0" hai="2,6,9,48,51,84,88,91,92,95,99,128,129,131" machi="2" ten="40,2600,0" yaku="19,1,54,1" doraHai="121" who="2" fromWho="0" sc="237,-26,244,0,289,26,230,0" owari="211,-28.9,244,4.4,315,41.5,230,-17.0" /></mjloggm>