<mjloggm ver="2.3"><GO type="225" lobby="0"/><UN n0="%E8%B5%A4%E3%81%84%E8%9B%99%31%31" n1="%E6%9C%88%E5%B3%B6%E5%9F%BA" n2="%E3%83%B4%E3%83%A0%EF%BC%99%E3%81%A6" n3="%E3%83%96%E3%83%83%E3%83%91%E3%82%AA%E3%83%96%E3%83%81%E3%82%AD%E3%83%B3" dan="16,16,16,16" rate="2091.23,2180.76,2187.24,2168.18" sx="M,M,M,M"/><TAIKYOKU oya="0"/><INIT seed="0,0,0,2,2,9" ten="250,250,250,250" oya="0" hai0="133,112,51,68,94,123,98,31,43,119,99,45,20" hai1="124,28,18,71,14,88,110,129,27,4,49,7,17" hai2="10,73,64,66,23,34,35,13,89,60,38,76,0" hai3="46,63,37,3,67,16,109,82,19,22,52,84,91"/><T83/><D112/><U128/><E71/><V77/><F38/><W96/><G109/><T1/><D119/><U134/><E110/><V135/><F135/><W72/><G3/><T59/><D1/><U106/><E106/><V58/><F0/><W29/><G72/><T107/><D68/><U90/><E134/><V25/><F64/><W103/><G29/><T61/><D123/><U130/><E49/><V116/><F116/><W12/><G19/><T113/><D113/><U36/><E36/><V6/><F89/><N who="1" m="34409" /><E124/><V102/><F102/><W39/><G46/><T56/><D107/><U21/><E18/><V50/><F50/><W69/><REACH who="3" step="1"/><G52/><REACH who="3" ten="250,250,250,240" step="2"/><N who="0" m="33927" /><D133/><U70/><E70/><V122/><F122/><W117/><G117/><T97/><D59/><U127/><E127/><V75/><F75/><W8/><G8/><AGARI ba="0,1" hai="4,7,8,14,17,21,27,28,128,129,130" m="34409" machi="8" ten="30,3900,0" yaku="19,1,52,1,54,1" doraHai="9" who="1" fromWho="3" sc="250,0,250,49,250,0,240,-39" /><INIT seed="1,0,0,0,1,90" ten="250,299,250,201" oya="1" hai0="100,62,57,40,118,3,46,44,6,52,88,22,45" hai1="107,80,47,125,98,30,128,91,69,48,86,130,5" hai2="96,95,17,99,113,56,129,61,102,114,104,76,78" hai3="37,31,42,87,119,32,29,50,123,23,112,121,97"/><U7/><E69/><V25/><F25/><W2/><G112/><N who="2" m="43113" /><F17/><W82/><G2/><T133/><D133/><U108/><E125/><V58/><F129/><N who="1" m="49769" /><E108/><V15/><F15/><W13/><G37/><T19/><D100/><N who="1" m="62871" /><E30/><N who="3" m="11274" /><G119/><T26/><D118/><U33/><E33/><V68/><F68/><W11/><G32/><T92/><D3/><U127/><E127/><V10/><F10/><W75/><G75/><T126/><D126/><U63/><E63/><V81/><F81/><W79/><G123/><T16/><D6/><U83/><E83/><V120/><F120/><W18/><G121/><T53/><D53/><AGARI ba="0,0" hai="5,7,47,48,53,80,86,91" m="62871,49769" machi="53" ten="30,1500,0" yaku="19,1" doraHai="90" who="1" fromWho="0" sc="250,-15,299,15,250,0,201,0" /><INIT seed="1,1,0,4,2,130" ten="235,314,250,201" oya="1" hai0="0,62,26,27,40,116,113,115,9,14,57,124,108" hai1="65,31,83,43,52,114,59,93,2,125,90,21,63" hai2="132,13,67,99,70,7,68,104,95,118,66,85,41" hai3="79,80,84,98,86,103,10,107,110,73,17,131,20"/><U5/><E114/><V36/><F118/><W74/><G131/><T8/><D116/><U19/><E125/><V117/><F117/><W105/><G110/><T24/><D108/><U61/><E2/><V120/><F104/><N who="3" m="40011" /><G10/><T1/><D40/><U91/><E5/><V129/><F85/><N who="3" m="48287" /><G17/><T89/><D89/><U133/><E31/><V12/><F120/><W54/><G54/><T75/><D75/><N who="3" m="28681" /><G20/><T49/><D124/><U78/><E43/><V16/><F41/><W81/><G81/><T53/><D113/><U15/><E63/><V94/><F7/><W71/><G71/><T88/><D115/><U3/><E3/><V127/><F127/><W92/><AGARI ba="1,0" hai="84,86,92,98,103" m="28681,48287,40011" machi="92" ten="30,8000,1" yaku="35,5" doraHai="130" who="3" fromWho="3" sc="235,-21,314,-41,250,-21,201,83" /><INIT seed="2,0,0,4,1,41" ten="214,273,229,284" oya="2" hai0="51,29,52,6,18,94,48,130,99,61,54,135,108" hai1="27,102,71,23,11,96,74,7,50,95,97,67,115" hai2="40,77,126,3,114,79,47,105,37,92,98,44,110" hai3="21,45,9,39,132,64,62,34,123,80,63,106,22"/><V78/><F114/><W127/><G123/><T83/><D108/><U107/><E74/><V111/><F105/><W81/><G34/><T69/><D130/><U134/><E134/><V57/><F3/><W91/><G106/><T36/><D135/><U15/><E115/><V43/><F57/><N who="3" m="36943" /><G39/><T89/><D36/><U25/><E71/><V125/><F43/><W76/><G132/><T68/><D6/><U117/><E67/><V60/><F60/><W33/><G33/><T100/><D29/><U16/><E117/><V104/><F44/><W133/><G127/><N who="2" m="48649" /><F104/><W14/><G63/><T28/><D28/><U75/><E75/><V88/><AGARI ba="0,0" hai="37,40,47,77,78,79,88,92,98,110,111" m="48649" machi="88" ten="40,7800,0" yaku="18,1,52,1,54,1" doraHai="41" who="2" fromWho="2" sc="214,-26,273,-26,229,78,284,-26" /><INIT seed="2,1,0,2,0,45" ten="188,247,307,258" oya="2" hai0="110,18,58,69,103,50,35,84,31,135,48,111,29" hai1="72,32,27,51,74,6,130,98,60,76,30,88,117" hai2="123,68,129,122,4,81,8,40,92,83,17,108,78" hai3="47,104,94,23,2,119,133,64,41,90,126,16,91"/><V87/><F68/><W26/><G119/><T124/><D69/><U20/><E117/><V21/><F129/><W62/><G126/><T82/><D124/><U37/><E37/><V61/><F108/><N who="0" m="41514" /><D135/><U71/><E130/><V56/><F83/><W10/><G133/><T12/><D103/><U80/><E6/><V36/><F92/><W43/><G104/><T53/><D35/><U67/><E74/><V9/><F40/><W52/><G2/><T97/><D97/><U5/><E5/><V42/><F42/><N who="3" m="15883" /><G10/><N who="0" m="6423" /><D50/><U59/><E32/><V54/><F36/><W19/><G19/><T134/><D134/><U109/><E109/><V24/><REACH who="2" step="1"/><F8/><REACH who="2" ten="188,247,297,258" step="2"/><W85/><G94/><T125/><D125/><U13/><E71/><V73/><F73/><W128/><G128/><T93/><D93/><N who="1" m="56615" /><E72/><V102/><F102/><W66/><G85/><T114/><D114/><U127/><E127/><V86/><F86/><W39/><G39/><T3/><D3/><AGARI ba="1,1" hai="3,4,9,17,21,24,54,56,61,78,81,87,122,123" machi="3" ten="30,2900,0" yaku="1,1,7,1,53,0" doraHai="45" doraHaiUra="121" who="2" fromWho="0" sc="188,-32,247,0,297,42,258,0" /><INIT seed="2,2,0,0,2,108" ten="156,247,339,258" oya="2" hai0="104,78,100,77,90,6,29,49,95,128,11,62,44" hai1="105,123,7,121,2,5,35,120,26,103,9,102,0" hai2="40,83,17,87,65,30,27,101,4,51,92,45,71" hai3="15,118,31,89,37,109,76,28,39,67,38,81,98"/><V72/><F4/><W41/><G118/><T59/><D128/><U97/><E103/><V21/><F72/><W126/><G109/><T23/><D104/><U115/><E115/><V34/><F71/><W32/><G41/><T48/><D100/><U135/><E135/><V66/><F92/><W58/><G126/><T46/><D29/><N who="1" m="19895" /><E7/><V56/><F101/><W36/><N who="3" m="9216" /><DORA hai="14" /><W84/><G32/><T25/><D25/><U131/><E2/><V22/><F56/><W18/><G67/><T94/><D23/><U19/><E19/><V55/><F40/><W70/><G70/><T110/><D110/><U42/><E42/><V69/><F69/><W96/><G58/><T133/><D133/><U12/><E0/><V68/><F68/><W85/><G31/><T119/><D119/><U129/><AGARI ba="2,0" hai="5,9,12,97,102,105,120,121,123,129,131" m="19895" machi="129" ten="40,1500,0" yaku="13,1" doraHai="108,14" who="1" fromWho="1" sc="156,-6,247,21,339,-9,258,-6" /><INIT seed="3,0,0,4,0,44" ten="150,268,330,252" oya="3" hai0="71,90,26,18,58,46,60,5,118,81,59,127,135" hai1="77,31,33,14,20,48,106,37,39,105,95,100,123" hai2="43,11,47,21,56,78,102,121,125,74,65,115,87" hai3="52,117,84,109,110,7,1,76,53,0,8,15,120"/><W133/><G117/><T51/><D118/><U129/><E33/><V82/><F115/><W128/><G120/><T107/><D135/><U113/><E77/><V75/><F121/><W97/><G133/><T64/><D107/><U124/><E20/><V41/><F102/><W72/><G72/><T114/><D127/><U63/><E14/><V67/><F41/><W22/><G128/><T45/><D114/><U62/><E95/><V35/><F35/><W68/><G68/><T108/><D5/><U88/><E31/><V132/><F132/><W34/><G34/><T83/><D108/><N who="3" m="41577" /><G97/><T25/><D71/><U28/><E28/><V103/><F103/><W6/><G6/><T91/><D18/><U116/><E100/><V50/><F125/><W55/><G22/><T122/><D122/><U126/><E116/><V10/><F21/><W130/><G130/><T98/><D98/><U29/><E123/><V85/><F74/><W73/><G73/><T92/><D92/><U40/><E106/><V80/><F75/><W99/><G99/><T38/><D38/><U16/><E105/><V19/><F10/><W93/><G93/><T36/><D36/><U42/><E39/><V70/><F70/><W79/><G79/><T112/><D112/><U3/><E37/><V54/><F11/><W4/><G4/><T96/><D96/><U89/><E129/><V12/><F82/><AGARI ba="0,0" hai="0,1,7,8,15,52,53,55,76,82,84" m="41577" machi="82" ten="30,5800,0" yaku="14,1,10,1,54,1" doraHai="44" who="3" fromWho="2" sc="150,0,268,0,330,-58,252,58" owari="150,-35.0,268,-13.2,272,7.2,310,41.0" /></mjloggm>