<mjloggm ver="2.3"><GO type="225" lobby="0"/><UN n0="%E6%B7%91%E5%A5%B3%E3%81%AE%E5%97%9C%E3%81%BF" n1="%E6%A1%9C%E8%8A%B1%E9%96%83%E3%80%85" n2="%E5%8D%A0%E3%81%84%E5%B8%AB%E8%A3%8F%E3%81%AA%E3%81%84%E3%81%97" n3="%E7%87%90%2E%2E" dan="16,16,17,16" rate="2094.26,2117.53,2163.93,2136.62" sx="M,M,M,M"/><TAIKYOKU oya="0"/><INIT seed="0,0,0,5,4,80" ten="250,250,250,250" oya="0" hai0="6,41,36,15,62,37,121,94,0,101,27,90,61" hai1="65,134,84,128,33,1,14,135,8,120,35,31,126" hai2="58,45,17,113,50,92,125,60,46,107,93,85,117" hai3="68,111,70,87,13,19,114,11,69,73,53,56,12"/><T47/><D121/><U44/><E120/><V122/><F113/><W3/><G114/><T9/><D36/><U95/><E1/><V133/><F107/><W5/><G73/><T102/><D27/><U18/><E126/><V124/><F122/><W55/><G111/><T86/><REACH who="0" step="1"/><D0/><REACH who="0" ten="240,250,250,250" step="2"/><U82/><E134/><V39/><F133/><W123/><G123/><T2/><D2/><U72/><E135/><V71/><F39/><W24/><G24/><T118/><D118/><U76/><E35/><V116/><F116/><W77/><G3/><T96/><D96/><U75/><E33/><V105/><F117/><W130/><G130/><T88/><D88/><U16/><E128/><V100/><F125/><W129/><G129/><T29/><D29/><U108/><E31/><V132/><F124/><W54/><G13/><T64/><D64/><U28/><E28/><V40/><F132/><W127/><G127/><T7/><D7/><U91/><E65/><V67/><F67/><W51/><G5/><T112/><D112/><U48/><E18/><V38/><F17/><W59/><G51/><T63/><AGARI ba="0,1" hai="6,9,15,37,41,47,61,62,63,86,90,94,101,102" machi="63" ten="30,11700,0" yaku="1,1,0,1,52,1,53,1" doraHai="80" doraHaiUra="42" who="0" fromWho="0" sc="240,127,250,-39,250,-39,250,-39" /><INIT seed="0,1,0,1,2,90" ten="367,211,211,211" oya="0" hai0="89,73,21,45,58,66,130,50,98,31,132,52,27" hai1="110,55,35,40,15,38,75,59,116,18,78,22,70" hai2="108,1,37,99,0,117,34,30,74,128,109,3,106" hai3="115,107,122,32,123,11,62,33,25,81,120,4,88"/><T86/><D73/><U19/><E116/><V57/><F117/><W43/><G115/><T48/><D130/><U112/><E112/><V121/><F121/><W63/><G107/><T14/><D132/><U8/><E110/><N who="2" m="42603" /><F128/><W87/><G43/><T54/><D66/><U127/><E127/><V49/><F37/><W85/><G85/><T51/><D14/><U60/><E35/><N who="3" m="13386" /><G25/><T100/><D50/><U61/><E75/><V101/><F74/><W129/><G129/><T97/><REACH who="0" step="1"/><D100/><REACH who="0" ten="357,211,211,211" step="2"/><U44/><E61/><V26/><F49/><W5/><G5/><T111/><D111/><U42/><E60/><V93/><F57/><W13/><AGARI ba="1,1" hai="4,11,13,62,63,81,87,88,120,122,123" m="13386" machi="13" ten="40,2700,0" yaku="13,1,54,1" doraHai="90" who="3" fromWho="3" sc="357,-14,211,-8,211,-8,211,40" /><INIT seed="1,0,0,1,5,103" ten="343,203,203,251" oya="1" hai0="14,85,62,76,70,2,23,8,0,100,26,32,131" hai1="63,35,37,88,3,15,41,13,59,74,24,4,108" hai2="118,71,61,33,99,55,9,27,66,79,67,50,129" hai3="83,133,51,54,49,135,43,48,38,30,98,119,69"/><U84/><E74/><V77/><F118/><W6/><G119/><T58/><D70/><U102/><E102/><V115/><F129/><W22/><G69/><T111/><D131/><U116/><E116/><V31/><F115/><W47/><G6/><T44/><D32/><U90/><E3/><V101/><F9/><W40/><G40/><T29/><D111/><U57/><E108/><V60/><F60/><W92/><G83/><T122/><D122/><U46/><E59/><V34/><F66/><W7/><G7/><T104/><D44/><U110/><E90/><V12/><F12/><W36/><G36/><T18/><D85/><U114/><E4/><V45/><REACH who="2" step="1"/><F33/><REACH who="2" ten="343,203,193,251" step="2"/><W117/><G117/><T105/><D2/><U1/><E1/><V11/><F11/><W28/><G22/><T53/><D0/><U21/><E35/><V89/><F89/><W19/><G19/><T106/><REACH who="0" step="1"/><D76/><REACH who="0" ten="333,203,193,251" step="2"/><U80/><E110/><V56/><F56/><W109/><G109/><T68/><D68/><U134/><E114/><V17/><F17/><W128/><G128/><T52/><D52/><U113/><E113/><V124/><F124/><W64/><G54/><T96/><AGARI ba="0,2" hai="8,14,18,23,26,29,53,58,62,96,100,104,105,106" machi="96" ten="30,8000,1" yaku="1,1,0,1,52,3,53,0" doraHai="103" doraHaiUra="39" who="0" fromWho="0" sc="333,100,203,-40,193,-20,251,-20" /><INIT seed="2,0,0,5,0,45" ten="433,163,173,231" oya="2" hai0="88,103,105,89,129,131,55,33,34,112,125,6,108" hai1="2,128,93,32,72,82,53,92,3,41,52,119,69" hai2="11,46,109,116,94,80,104,83,124,0,101,122,118" hai3="19,74,38,35,63,8,42,134,18,56,51,70,96"/><V31/><F122/><W78/><G134/><T14/><D112/><U62/><E119/><V99/><F31/><W71/><G35/><N who="0" m="13323" /><D108/><U48/><E128/><N who="0" m="49225" /><D125/><U47/><E32/><V20/><F124/><W86/><G74/><T57/><D6/><U40/><E40/><V65/><F65/><W67/><G38/><T73/><D73/><U79/><E53/><V84/><F109/><W59/><G96/><N who="0" m="61671" /><D14/><U113/><E113/><V54/><F104/><W68/><G8/><T22/><D22/><U26/><E26/><V49/><F20/><W28/><G28/><T98/><D98/><U126/><E126/><V110/><F110/><W43/><G18/><T15/><D15/><U12/><E12/><V4/><REACH who="2" step="1"/><F80/><REACH who="2" ten="433,163,163,231" step="2"/><W121/><G121/><T5/><D5/><U85/><E92/><V61/><F61/><AGARI ba="0,1" hai="55,57,61,88,89" m="61671,49225,13323" machi="61" ten="30,2000,0" yaku="19,1,54,1" doraHai="45" who="0" fromWho="2" sc="433,30,163,0,163,-20,231,0" /><INIT seed="3,0,0,0,3,18" ten="463,163,143,231" oya="3" hai0="90,68,95,87,2,38,15,5,14,35,108,99,13" hai1="72,16,32,36,103,54,44,33,65,80,111,97,50" hai2="106,71,102,127,93,112,19,91,70,30,88,45,23" hai3="79,110,113,124,114,119,129,109,128,28,47,59,123"/><W101/><G79/><T7/><D68/><U98/><E111/><N who="3" m="42506" /><G101/><T131/><D108/><U125/><E125/><V8/><F112/><N who="3" m="43115" /><G124/><T31/><D38/><U82/><E36/><V42/><F127/><W126/><G126/><T74/><D74/><U67/><E33/><V57/><F106/><W69/><G69/><T76/><D131/><N who="3" m="50249" /><G47/><T41/><D76/><U10/><E103/><V37/><F70/><W94/><G94/><T116/><D95/><U115/><E115/><V132/><F71/><W83/><G83/><T117/><D99/><U53/><E82/><V66/><F132/><W81/><G81/><T56/><D90/><U1/><E80/><V92/><F8/><W27/><G59/><T75/><D56/><U84/><E10/><V4/><F4/><N who="0" m="1610" /><D87/><U22/><E84/><V61/><F93/><W63/><G63/><T40/><D75/><U135/><E72/><V104/><F104/><W85/><G85/><T73/><D73/><U62/><E62/><V89/><F89/><W20/><G123/><T134/><D41/><U12/><E97/><N who="2" m="59687" /><F19/><W60/><G60/><T100/><D40/><U43/><E98/><V25/><AGARI ba="0,0" hai="23,25,30,37,42,45,57,61,66,88,91" m="59687" machi="25" ten="30,4000,0" yaku="25,1,52,1,54,1" doraHai="18" who="2" fromWho="2" sc="463,-10,163,-10,143,40,231,-20" owari="453,55.3,153,-34.7,183,-21.7,211,1.1" /></mjloggm>