<mjloggm ver="2.3"><GO type="225" lobby="0"/><UN n0="%54%4F%52" n1="%E3%83%96%E3%83%83%E3%83%91%E3%82%AA%E3%83%96%E3%83%81%E3%82%AD%E3%83%B3" n2="%E7%89%B9%E6%9D%B1%E3%81%AF%E4%B8%96%E7%95%8C%E3%82%92%E6%95%91%E3%81%86" n3="%E3%81%BF%E3%81%BF%E3%81%9A" dan="17,16,16,17" rate="2176.54,2152.18,2167.46,2213.64" sx="M,M,M,M"/><TAIKYOKU oya="0"/><INIT seed="0,0,0,0,0,96" ten="250,250,250,250" oya="0" hai0="129,63,45,89,133,94,57,1,116,72,3,16,4" hai1="98,56,80,35,131,58,41,134,65,128,100,50,22" hai2="27,29,79,15,99,18,64,108,78,25,0,59,37" hai3="124,106,68,9,13,17,112,69,111,86,84,101,30"/><T28/><D116/><U104/><E35/><V122/><F0/><W12/><G112/><T85/><D133/><U75/><E134/><V52/><F122/><W109/><G30/><T19/><D129/><N who="1" m="49739" /><E65/><V90/><F37/><W53/><G53/><T40/><D72/><U88/><E22/><V55/><F108/><W49/><G49/><T76/><D76/><N who="1" m="44063" /><E88/><V32/><F27/><W14/><G124/><T95/><D28/><U110/><E110/><N who="3" m="41994" /><G86/><T118/><D118/><U70/><E70/><N who="3" m="27242" /><G84/><T5/><D95/><U10/><E10/><V26/><F26/><W105/><G105/><T8/><D4/><U113/><E113/><V51/><F64/><W23/><G9/><T74/><D74/><U33/><E33/><V54/><F79/><W24/><G106/><T39/><REACH who="0" step="1"/><D1/><REACH who="0" ten="240,250,250,250" step="2"/><U60/><E60/><V44/><F78/><W97/><G97/><T81/><D81/><U77/><E77/><V38/><F99/><W91/><G91/><T119/><D119/><U61/><E61/><V123/><F90/><W62/><G62/><T107/><D107/><U71/><E71/><V46/><F123/><W47/><G101/><T114/><D114/><U6/><E6/><V48/><F32/><W82/><G82/><T126/><D126/><U120/><E120/><V115/><F115/><W66/><G66/><AGARI ba="0,1" hai="3,5,8,16,19,39,40,45,57,63,66,85,89,94" machi="66" ten="30,5800,0" yaku="1,1,7,1,54,1,53,0" doraHai="96" doraHaiUra="121" who="0" fromWho="3" sc="240,68,250,0,250,0,250,-58" /><INIT seed="0,1,0,2,0,100" ten="308,250,250,192" oya="0" hai0="31,86,131,77,90,51,68,133,6,102,18,112,20" hai1="25,61,4,78,73,34,27,48,87,108,36,12,92" hai2="93,135,116,10,125,7,130,89,70,60,16,99,30" hai3="26,22,19,110,126,94,5,53,64,113,62,38,106"/><T58/><D112/><U91/><E36/><V57/><F130/><W76/><G113/><T67/><D131/><U114/><E114/><V44/><F135/><W42/><G110/><T115/><D115/><U33/><E108/><V1/><F125/><W127/><G126/><T81/><D133/><U41/><E34/><V2/><F116/><W13/><G127/><T101/><D68/><U118/><E33/><V132/><F132/><W124/><G124/><T40/><D31/><U28/><E28/><V123/><F123/><W32/><G76/><T72/><D6/><U69/><E118/><V79/><F30/><W49/><G32/><T21/><D21/><U117/><E117/><V84/><F44/><W128/><G128/><T46/><D58/><U71/><E73/><V105/><F70/><W9/><G94/><T66/><D66/><U97/><E61/><V24/><F1/><W55/><G38/><T11/><D11/><N who="1" m="4199" /><E71/><V83/><F105/><W54/><G106/><T120/><D67/><U107/><E69/><V74/><F74/><W56/><REACH who="3" step="1"/><G42/><REACH who="3" ten="308,250,250,182" step="2"/><T59/><D120/><U129/><E107/><V43/><F43/><W119/><G119/><T134/><D134/><U88/><E129/><V122/><F122/><W3/><G3/><T103/><D77/><U63/><E78/><V80/><F80/><W52/><G52/><T85/><D81/><N who="1" m="49263" /><E63/><V111/><F111/><W39/><G39/><T82/><D82/><U0/><E0/><V47/><F60/><W95/><G95/><T121/><D121/><U15/><E15/><N who="2" m="5599" /><F79/><W98/><G98/><T17/><D72/><RYUUKYOKU ba="1,1" sc="308,-15,250,15,250,-15,182,15" hai1="25,27,41,48,91,92,97" hai3="5,9,13,19,22,26,49,53,54,55,56,62,64" /><INIT seed="1,2,1,2,5,125" ten="293,265,235,197" oya="1" hai0="41,71,58,98,72,114,34,53,15,86,126,111,83" hai1="113,78,88,47,48,110,117,2,21,119,27,5,63" hai2="55,11,61,131,93,13,37,39,29,81,20,129,8" hai3="32,82,22,94,122,85,130,79,99,106,52,68,132"/><U24/><E113/><V36/><F93/><W33/><G122/><T134/><D114/><U43/><E78/><V102/><F102/><W60/><G132/><T109/><D134/><U116/><E110/><N who="0" m="41993" /><D34/><U121/><E121/><V50/><F61/><W67/><G130/><N who="2" m="49673" /><F81/><W124/><G124/><T59/><D71/><U75/><E75/><V62/><F62/><W23/><G106/><T70/><D70/><U25/><E63/><V120/><F120/><W115/><G115/><T56/><D126/><U12/><E88/><V100/><F100/><W0/><G0/><T74/><D41/><U16/><REACH who="1" step="1"/><E2/><REACH who="1" ten="293,255,235,197" step="2"/><V80/><F80/><W10/><G68/><T108/><D108/><U92/><E92/><V76/><F76/><W127/><G127/><T64/><D74/><U45/><E45/><N who="2" m="28111" /><F13/><W107/><G67/><T90/><D72/><U17/><E17/><V77/><F77/><W49/><G60/><T4/><D64/><U65/><E65/><V30/><F30/><W97/><G107/><T101/><D83/><U104/><E104/><V95/><F95/><W112/><G112/><T42/><D15/><U84/><E84/><V66/><F66/><W57/><G99/><T9/><D86/><U87/><E87/><V89/><F89/><W133/><G133/><T6/><D90/><U91/><E91/><V26/><AGARI ba="2,2" hai="8,11,20,26,29,36,37,39" m="28111,49673" machi="26" ten="40,8000,1" yaku="19,1,52,3" doraHai="125" who="2" fromWho="2" sc="293,-22,255,-42,235,106,197,-22" /><INIT seed="2,0,0,2,0,109" ten="271,213,341,175" oya="2" hai0="3,39,85,125,8,134,128,131,17,19,73,11,57" hai1="77,12,51,101,126,96,76,84,35,71,0,52,75" hai2="97,6,34,117,67,9,50,16,120,46,135,20,55" hai3="1,26,100,22,108,60,36,133,123,65,94,86,18"/><V107/><F117/><W23/><G123/><T110/><D73/><U92/><E0/><V79/><F120/><W95/><G108/><T69/><D69/><U21/><E126/><V80/><F34/><W132/><G36/><T112/><D110/><U40/><E35/><V24/><F67/><W66/><G1/><T27/><D39/><U129/><E129/><N who="0" m="49737" /><D125/><U130/><E130/><V124/><F124/><W106/><G106/><T113/><D134/><U59/><E71/><V30/><F135/><W121/><G121/><T72/><D72/><U29/><E75/><V54/><F107/><W88/><G132/><T93/><D57/><U89/><E40/><V91/><F91/><W122/><G122/><T82/><D93/><U61/><E61/><V33/><F97/><W90/><G100/><T28/><D19/><U78/><E29/><V62/><F62/><W115/><G133/><T104/><D104/><U44/><E44/><V70/><F70/><W15/><G115/><N who="0" m="44107" /><D17/><U74/><E74/><V4/><F16/><N who="3" m="10527" /><G60/><T98/><D98/><AGARI ba="0,0" hai="18,23,26,65,66,86,88,90,94,95,98" m="10527" machi="98" ten="30,3900,0" yaku="8,1,54,2" doraHai="109" who="3" fromWho="0" sc="271,-39,213,0,341,0,175,39" /><INIT seed="3,0,0,0,3,113" ten="232,213,341,214" oya="3" hai0="11,63,41,109,36,4,66,49,9,80,77,87,99" hai1="39,7,53,101,47,56,123,130,81,44,59,19,83" hai2="105,84,13,103,1,133,64,128,72,24,14,5,76" hai3="34,117,3,93,52,85,65,135,129,122,21,30,23"/><W55/><G122/><T132/><D36/><U31/><E123/><V98/><F64/><W89/><G3/><T106/><D109/><U70/><E70/><V68/><F68/><W94/><G117/><T46/><D132/><U57/><E39/><V125/><F24/><N who="3" m="16655" /><G34/><T45/><D45/><N who="1" m="17483" /><E130/><V58/><F125/><W22/><G65/><T100/><D4/><U54/><E31/><V12/><F72/><W124/><G129/><T35/><D35/><U107/><E107/><V71/><F105/><W121/><G124/><T95/><D106/><U90/><E7/><V120/><F71/><AGARI ba="0,0" hai="9,11,41,46,49,63,66,71,77,80,87,95,99,100" machi="71" ten="30,1000,0" yaku="7,1" doraHai="113" who="0" fromWho="2" sc="232,10,213,0,341,-10,214,0" owari="242,4.2,213,-28.7,331,43.1,214,-18.6" /></mjloggm>