<mjloggm ver="2.3"><GO type="225" lobby="0"/><UN n0="%E7%9A%AE%E3%80%85" n1="%72%69%6F%75%63%68%61%6E" n2="%E4%BF%BA%E3%81%A8%E5%A6%96%E5%A4%A2" n3="%E3%81%BE%E3%81%A8%E3%81%9F" dan="16,16,16,16" rate="2163.47,2087.64,2249.21,2090.67" sx="F,M,F,M"/><TAIKYOKU oya="0"/><INIT seed="0,0,0,0,5,12" ten="250,250,250,250" oya="0" hai0="60,88,123,28,106,29,64,15,76,98,79,122,32" hai1="131,3,83,121,94,69,9,90,81,91,51,39,37" hai2="26,55,113,96,42,33,65,6,85,77,108,66,17" hai3="92,40,120,8,70,27,2,73,74,7,54,11,59"/><T10/><D122/><U68/><E121/><V18/><F113/><W134/><G120/><T95/><D106/><U118/><E131/><V13/><F108/><W129/><G70/><N who="1" m="27242" /><E51/><V45/><F55/><W112/><G134/><T107/><D107/><U20/><E94/><V99/><F33/><W34/><G112/><T48/><D48/><U119/><E9/><N who="2" m="4279" /><F26/><W14/><G40/><T132/><D132/><U117/><E20/><V58/><F45/><W0/><G92/><T46/><D46/><U41/><E41/><V100/><F42/><W114/><G114/><T25/><D29/><U72/><E72/><V36/><F36/><N who="1" m="13897" /><E3/><V110/><F110/><W53/><G34/><T16/><D123/><U4/><E4/><V80/><F100/><W116/><G7/><T126/><D126/><U23/><E23/><V38/><F38/><W57/><G129/><T103/><D103/><U62/><E62/><N who="2" m="38103" /><F66/><W125/><G125/><T56/><AGARI ba="0,0" hai="10,15,16,25,28,32,56,60,64,76,79,88,95,98" machi="56" ten="20,12000,1" yaku="0,1,7,1,52,1,54,2" doraHai="12" who="0" fromWho="0" sc="250,120,250,-40,250,-40,250,-40" /><INIT seed="0,1,0,1,0,31" ten="370,210,210,210" oya="0" hai0="72,86,60,113,82,42,4,79,126,33,8,18,70" hai1="134,9,43,100,88,3,85,74,0,24,29,81,96" hai2="22,6,87,23,109,131,76,127,119,7,65,35,25" hai3="64,108,117,61,36,94,132,20,59,114,124,133,77"/><T112/><D126/><U125/><E125/><V105/><F105/><W26/><G124/><T104/><D42/><U44/><E134/><N who="3" m="51818" /><G36/><T66/><D104/><U103/><E74/><V110/><F127/><W130/><G130/><T129/><D129/><U67/><E67/><V12/><F65/><W38/><G38/><T46/><D46/><U15/><E103/><V47/><F131/><W73/><G114/><T5/><D5/><N who="2" m="1546" /><F47/><W115/><G115/><T68/><D68/><U40/><E15/><V78/><F87/><W21/><G108/><N who="2" m="41577" /><F78/><W91/><G26/><T80/><D18/><U45/><E44/><V41/><F41/><W128/><G117/><T19/><D19/><U49/><E9/><V116/><F76/><W102/><G102/><T106/><D106/><U99/><E40/><V69/><F69/><W14/><G14/><T62/><D112/><U90/><E90/><V89/><F89/><W57/><G57/><T34/><D113/><U122/><E122/><V50/><F50/><W39/><G39/><T2/><D62/><U71/><E71/><V111/><N who="2" m="41585" /><V120/><DORA hai="93" /><F120/><W11/><G11/><T55/><D55/><U10/><E10/><V30/><F12/><W52/><G64/><T63/><D60/><U48/><E48/><V97/><F97/><N who="1" m="37449" /><E100/><V92/><F92/><W84/><G128/><T135/><D135/><U121/><E121/><V101/><F101/><W27/><G73/><T17/><D17/><U95/><E95/><V13/><F13/><W98/><G94/><T58/><D70/><U53/><E43/><V54/><F54/><RYUUKYOKU ba="1,0" sc="370,10,210,10,210,10,210,-30" hai0="2,4,8,33,34,58,63,66,72,79,80,82,86" hai1="0,3,24,29,45,49,53,81,85,88" hai2="22,23,25,30,35,116,119" /><INIT seed="0,2,0,5,0,32" ten="380,220,220,180" oya="0" hai0="46,130,5,52,97,27,29,81,45,114,15,59,131" hai1="124,129,55,66,33,109,77,30,103,64,54,13,6" hai2="91,111,22,89,20,86,105,21,132,26,101,118,96" hai3="19,53,78,9,115,39,31,92,0,16,68,85,28"/><T18/><D114/><U12/><E109/><V116/><F111/><W80/><G68/><T35/><D81/><U67/><E124/><V25/><F132/><W125/><G115/><T128/><D97/><U36/><E129/><V57/><F57/><W63/><G39/><T74/><D74/><U123/><E123/><V2/><F2/><W98/><G125/><T84/><D84/><U24/><E36/><V79/><F79/><W95/><G95/><T110/><D5/><U43/><E43/><V11/><F11/><W83/><G83/><T104/><D104/><U122/><E122/><V62/><F62/><W99/><G99/><T40/><D40/><U70/><E70/><V7/><F7/><W17/><G9/><N who="0" m="6511" /><D110/><U48/><E77/><V107/><F107/><W94/><G94/><T37/><D37/><U133/><E133/><V34/><F34/><W14/><G14/><T1/><D1/><U112/><E112/><V65/><F65/><W58/><REACH who="3" step="1"/><G0/><REACH who="3" ten="380,220,220,170" step="2"/><T44/><D59/><N who="1" m="33223" /><E12/><V119/><REACH who="2" step="1"/><F86/><REACH who="2" ten="380,220,210,170" step="2"/><W134/><G134/><T100/><D131/><U120/><E120/><V3/><F3/><W82/><G82/><T72/><D130/><U4/><E4/><V76/><F76/><W8/><G8/><T113/><D128/><U90/><E6/><V10/><F10/><W38/><G38/><T42/><D113/><U117/><E33/><V41/><F41/><W126/><G126/><T60/><D42/><U51/><E51/><V56/><F56/><W93/><G93/><T73/><D35/><U102/><E13/><V87/><F87/><W135/><G135/><RYUUKYOKU ba="2,2" sc="380,-15,220,-15,210,15,170,15" hai2="20,21,22,25,26,89,91,96,101,105,116,118,119" hai3="16,17,19,28,31,53,58,63,78,80,85,92,98" /><INIT seed="1,3,2,3,0,6" ten="365,205,225,185" oya="1" hai0="72,9,31,82,40,65,0,84,1,32,26,43,112" hai1="35,60,21,66,3,133,75,33,68,38,13,90,14" hai2="59,29,116,96,24,16,53,118,51,2,70,15,28" hai3="37,120,42,109,12,55,103,77,111,93,117,76,98"/><U73/><E3/><V105/><F2/><W95/><G120/><T8/><D72/><U36/><E133/><V124/><F70/><W130/><G130/><T86/><D65/><U81/><E90/><V91/><F124/><W58/><G117/><T114/><D26/><U88/><E73/><V54/><F29/><W63/><G95/><T30/><D82/><U61/><E60/><V34/><F54/><W56/><G12/><T74/><D74/><U101/><E101/><V79/><F79/><W113/><G113/><T110/><D32/><U94/><E38/><V102/><REACH who="2" step="1"/><F91/><REACH who="2" ten="365,205,215,185" step="2"/><W115/><G115/><T25/><D25/><U49/><E88/><V78/><F78/><W89/><G89/><T64/><D64/><U11/><E66/><V132/><F132/><W19/><G77/><T5/><D5/><U121/><E121/><V92/><F92/><W62/><G76/><T67/><D67/><U123/><E94/><V122/><F122/><W108/><G42/><T46/><D46/><U131/><E68/><V97/><F97/><W127/><G127/><T57/><D57/><N who="3" m="22121" /><G55/><T4/><D4/><U39/><E123/><V129/><F129/><W100/><G111/><AGARI ba="3,3" hai="0,1,8,9,30,31,40,43,84,86,110,111,112,114" machi="111" ten="25,6400,0" yaku="22,2,52,2" doraHai="6" who="0" fromWho="3" sc="365,103,205,0,215,0,185,-73" /><INIT seed="2,0,0,1,1,117" ten="468,205,215,112" oya="2" hai0="53,65,58,20,9,1,56,100,104,129,82,46,47" hai1="61,99,78,109,83,59,125,119,66,42,38,90,131" hai2="87,45,81,51,98,77,86,115,73,128,116,126,34" hai3="21,112,43,32,89,67,35,48,97,54,135,133,105"/><V107/><F116/><W88/><G112/><T40/><D129/><U52/><E119/><V111/><F115/><W5/><G43/><T29/><D65/><U72/><E131/><V106/><F128/><W19/><G67/><T28/><D82/><U134/><E109/><V30/><F111/><W15/><G5/><T37/><D100/><U64/><E125/><V41/><F126/><W101/><G32/><T22/><D104/><U108/><E108/><V31/><F107/><W120/><G35/><T94/><D94/><U92/><REACH who="1" step="1"/><E134/><REACH who="1" ten="468,195,215,112" step="2"/><V6/><F34/><W13/><G120/><T76/><D1/><U10/><E10/><V23/><F6/><W110/><G110/><T124/><D9/><U127/><E127/><V84/><REACH who="2" step="1"/><F23/><REACH who="2" ten="468,195,205,112" step="2"/><W12/><G133/><T62/><D20/><U14/><E14/><V3/><F3/><W68/><G135/><T130/><D22/><U2/><E2/><V24/><F24/><W80/><G13/><T69/><D124/><U0/><E0/><V27/><F27/><W60/><G12/><T91/><D130/><U44/><AGARI ba="0,2" hai="38,42,44,52,59,61,64,66,72,78,83,90,92,99" machi="44" ten="30,4000,0" yaku="1,1,0,1,54,1,53,0" doraHai="117" doraHaiUra="8" who="1" fromWho="1" sc="468,-10,195,60,205,-20,112,-10" /><INIT seed="3,0,0,1,3,22" ten="458,255,185,102" oya="3" hai0="72,29,103,35,6,116,60,17,41,20,14,95,112" hai1="1,69,63,87,10,52,27,93,53,92,120,36,77" hai2="55,131,105,45,130,42,5,3,23,13,8,121,98" hai3="40,78,2,104,114,66,30,83,124,126,76,85,127"/><W125/><N who="3" m="31744" /><DORA hai="24" /><W37/><G114/><T99/><D72/><U111/><E120/><V84/><F121/><W46/><G2/><T97/><D116/><U119/><E111/><V26/><F55/><W25/><G66/><T43/><D6/><U67/><E36/><V49/><F84/><W108/><G104/><T128/><D128/><N who="2" m="49194" /><F98/><W15/><G15/><T64/><D99/><U61/><E119/><V86/><F86/><W44/><G44/><T68/><D112/><U82/><E27/><V79/><F79/><N who="3" m="46335" /><G108/><T16/><D17/><U38/><E38/><V39/><F105/><W0/><G0/><T21/><D35/><AGARI ba="0,0" hai="25,30,35,37,40,46,76,78" m="46335,31744" machi="35" ten="60,11600,0" yaku="18,1,52,2" doraHai="22,24" who="3" fromWho="0" sc="458,-116,255,0,185,0,102,116" /><INIT seed="3,1,0,4,4,100" ten="342,255,185,218" oya="3" hai0="71,7,9,135,121,74,131,110,88,6,87,13,12" hai1="128,97,101,94,129,50,79,3,85,48,20,40,30" hai2="98,89,133,127,36,76,118,122,4,0,84,108,37" hai3="45,81,44,46,70,43,134,90,112,132,18,102,111"/><W67/><G102/><T16/><D121/><U62/><E3/><V53/><F118/><W120/><G120/><T91/><D71/><U72/><E72/><V29/><F122/><W25/><G112/><T95/><D74/><U52/><E40/><V93/><F108/><W60/><G111/><T68/><D68/><U130/><E30/><V61/><F133/><N who="3" m="51307" /><G90/><T86/><D135/><U15/><E20/><V75/><F127/><W38/><G81/><N who="0" m="49647" /><D131/><U55/><E15/><V59/><F75/><W19/><G19/><N who="0" m="8591" /><D110/><U99/><E99/><V21/><F4/><W124/><G124/><T126/><D126/><U104/><E62/><V32/><F0/><W11/><G11/><AGARI ba="1,0" hai="6,7,11,13,16,86,88,95" m="8591,49647" machi="11" ten="30,3900,0" yaku="8,1,54,2" doraHai="100" who="0" fromWho="3" sc="342,42,255,0,185,0,218,-42" owari="384,48.4,255,5.5,185,-21.5,176,-32.4" /></mjloggm>