<mjloggm ver="2.3"><GO type="225" lobby="0"/><UN n0="%E5%91%A8%E6%9D%B1" n1="%E6%9C%88%E5%B3%B6%E5%9F%BA" n2="%E7%B4%94%E6%BD%94%E3%83%94%E3%83%A9%E3%83%8B%E3%82%A2" n3="%E3%82%BC%E3%83%AB%E3%83%80%E3%81%AE%E4%BC%9D%E8%AA%AC" dan="16,17,17,17" rate="2182.03,2211.74,2251.92,2137.92" sx="M,M,M,M"/><TAIKYOKU oya="0"/><INIT seed="0,0,0,5,0,67" ten="250,250,250,250" oya="0" hai0="43,33,71,31,44,32,50,23,5,93,27,9,127" hai1="125,51,105,79,126,73,84,12,46,16,70,109,7" hai2="17,123,89,108,52,88,18,124,41,28,96,118,59" hai3="4,114,119,107,37,85,48,10,11,116,61,87,54"/><T65/><D127/><N who="1" m="48651" /><E109/><V22/><F108/><W30/><G114/><T95/><D33/><U82/><E105/><V24/><F123/><W129/><G37/><T113/><D113/><U97/><E97/><V92/><F118/><W117/><G107/><T57/><D57/><U91/><E7/><V25/><F124/><W103/><G103/><T102/><D102/><U60/><E60/><N who="2" m="35943" /><F41/><W62/><G129/><T101/><D32/><U98/><E98/><V115/><F115/><W19/><G30/><T121/><D101/><U132/><E132/><V99/><F24/><W8/><G19/><N who="2" m="7177" /><F96/><W14/><G4/><T64/><D121/><U120/><E70/><V1/><F1/><W131/><G14/><N who="0" m="5423" /><D71/><U0/><E0/><V58/><F58/><N who="3" m="33095" /><G131/><T49/><D49/><U72/><E120/><V20/><F22/><W42/><G42/><T36/><D36/><U77/><E73/><V135/><F135/><W6/><G6/><T34/><D34/><U38/><E72/><V112/><F112/><W29/><G29/><T56/><D56/><U74/><E74/><V100/><AGARI ba="0,0" hai="20,25,28,88,89,92,99,100" m="7177,35943" machi="100" ten="30,4000,0" yaku="8,1,54,2" doraHai="67" who="2" fromWho="2" sc="250,-20,250,-10,250,40,250,-10" /><INIT seed="1,0,0,1,2,123" ten="230,240,290,240" oya="1" hai0="24,60,101,18,16,88,37,5,105,7,72,0,97" hai1="43,38,76,23,10,50,13,114,4,36,92,122,15" hai2="12,107,47,19,125,100,51,68,1,59,111,55,3" hai3="134,79,41,27,95,54,2,11,21,26,96,108,57"/><U20/><E114/><V119/><F68/><W8/><G134/><T35/><D37/><U58/><E122/><V115/><F119/><W93/><G108/><T82/><D72/><U30/><E38/><V104/><F111/><W62/><G2/><T71/><D0/><U109/><E109/><V128/><F115/><W85/><G41/><T32/><D5/><U78/><E36/><V25/><F25/><W40/><G40/><T89/><D7/><U84/><E23/><V91/><F125/><W39/><G27/><T99/><D82/><U135/><E135/><V118/><F128/><W33/><G33/><T77/><D77/><U110/><E110/><V53/><F91/><N who="0" m="34890" /><D99/><U9/><E92/><N who="3" m="35402" /><G96/><T81/><D81/><N who="1" m="47143" /><E78/><V28/><F28/><N who="3" m="17487" /><G39/><T126/><D126/><U22/><E30/><V112/><F118/><W73/><G73/><T65/><D35/><U80/><E80/><AGARI ba="0,0" hai="8,11,54,57,62,79,80,85" m="17487,35402" machi="80" ten="30,1000,0" yaku="8,1" doraHai="123" who="3" fromWho="1" sc="230,0,240,-10,290,0,240,10" /><INIT seed="2,0,0,2,5,48" ten="230,230,290,250" oya="2" hai0="104,86,24,50,108,46,32,13,58,64,84,55,11" hai1="109,68,73,65,90,130,81,118,51,127,54,1,79" hai2="49,12,63,62,14,83,28,95,38,94,34,59,88" hai3="96,129,42,16,92,47,30,57,0,117,114,126,112"/><V66/><F38/><W2/><G117/><T107/><D108/><U124/><E118/><V122/><F122/><W17/><G126/><N who="1" m="48170" /><E1/><V9/><F14/><W72/><G72/><T29/><D107/><U106/><E109/><V20/><F34/><W18/><G30/><T19/><REACH who="0" step="1"/><D104/><REACH who="0" ten="220,230,290,250" step="2"/><U70/><E106/><V44/><F94/><W119/><G119/><T101/><D101/><U39/><E130/><V128/><F128/><W105/><G105/><T100/><D100/><U77/><E39/><V21/><F83/><W110/><G110/><T103/><D103/><U15/><E79/><V80/><F80/><W82/><G82/><T75/><D75/><U93/><E93/><V89/><F89/><W41/><G129/><T91/><D91/><U135/><E90/><V40/><F88/><W67/><G92/><T45/><D45/><N who="1" m="28015" /><E81/><V74/><F95/><W98/><G98/><T52/><D52/><U113/><E73/><V131/><F74/><W99/><G99/><T120/><D120/><U6/><E77/><V134/><F131/><W3/><G96/><T27/><D27/><U69/><E113/><N who="3" m="43626" /><G47/><T7/><D7/><U4/><E4/><V37/><F44/><W111/><G111/><T33/><D33/><U36/><E36/><V76/><F37/><W116/><G116/><T22/><D22/><U132/><E65/><V85/><F76/><W23/><G23/><T121/><D121/><U125/><E125/><V71/><F21/><W53/><G67/><T25/><D25/><U97/><E97/><V60/><F20/><W5/><G5/><T61/><AGARI ba="0,1" hai="11,13,19,24,29,32,46,50,55,58,61,64,84,86" machi="61" ten="30,7900,0" yaku="1,1,5,1,0,1,52,1,53,0" doraHai="48" doraHaiUra="123" who="0" fromWho="0" sc="220,89,230,-20,290,-39,250,-20" /><INIT seed="3,0,0,1,2,13" ten="309,210,251,230" oya="3" hai0="25,50,36,28,62,66,122,116,90,76,68,55,65" hai1="18,11,114,45,129,70,112,34,19,111,123,80,30" hai2="118,49,22,77,84,133,6,89,48,102,95,0,74" hai3="96,63,56,117,106,75,23,20,57,92,86,26,94"/><W97/><G117/><T108/><D116/><U17/><E70/><V83/><F118/><W127/><G75/><T120/><D36/><U87/><E123/><V33/><F33/><W16/><G127/><T4/><D108/><U128/><E111/><V71/><F71/><W12/><G106/><T47/><D66/><U67/><E67/><V64/><F64/><N who="3" m="39015" /><G57/><T81/><D90/><N who="1" m="51559" /><E45/><V85/><F133/><W24/><G86/><T1/><D4/><U53/><E53/><V73/><F0/><W135/><G135/><T115/><D115/><U40/><E40/><V78/><F6/><W126/><G126/><T32/><D1/><U109/><E11/><V134/><F134/><W110/><G110/><T42/><D42/><U31/><E109/><V130/><F130/><N who="1" m="50281" /><E34/><V29/><F73/><AGARI ba="0,0" hai="25,28,32,47,50,55,62,65,68,73,76,81,120,122" machi="73" ten="30,1000,0" yaku="7,1" doraHai="13" who="0" fromWho="2" sc="309,10,210,0,251,-10,230,0" owari="319,41.9,210,-29.0,241,4.1,230,-17.0" /></mjloggm>