<mjloggm ver="2.3"><GO type="225" lobby="0"/><UN n0="%E3%83%96%E3%83%83%E3%83%91%E3%82%AA%E3%83%96%E3%83%81%E3%82%AD%E3%83%B3" n1="%E3%83%8F%E3%83%B3%E3%83%89%E3%83%A9%E3%83%BC%E3%83%BB%E3%83%AF%E3%83%B3" n2="%E3%82%8F%E3%81%8B%E3%81%B0%2A%E3%82%AC%E3%83%BC%E3%83%AB" n3="%E3%81%95%E3%81%8D%E3%81%9F%E3%81%BE%E6%9E%97%E6%AA%8E" dan="16,17,16,16" rate="2145.24,2204.98,2201.89,2103.13" sx="M,M,M,M"/><TAIKYOKU oya="0"/><INIT seed="0,0,0,3,4,108" ten="250,250,250,250" oya="0" hai0="56,132,120,93,7,96,27,26,90,109,118,17,0" hai1="133,6,24,107,135,126,33,65,64,124,13,34,95" hai2="60,83,73,53,19,81,52,10,9,122,37,106,121" hai3="1,21,66,47,74,111,4,82,112,8,29,12,91"/><T105/><D118/><U11/><E107/><V77/><F106/><W41/><G66/><T86/><D120/><U25/><E95/><V67/><F37/><N who="3" m="21935" /><G91/><T15/><D109/><U38/><E38/><V16/><F60/><W87/><G87/><T99/><D132/><N who="1" m="50763" /><E64/><V76/><REACH who="2" step="1"/><F67/><REACH who="2" ten="250,250,240,250" step="2"/><W129/><G111/><T36/><D105/><U101/><E65/><V113/><F113/><W94/><G112/><T32/><D36/><U123/><E123/><V104/><F104/><W92/><G129/><T84/><D32/><N who="1" m="12395" /><E101/><V119/><F119/><W131/><G131/><T48/><D48/><U50/><E50/><V125/><F125/><AGARI ba="0,1" hai="6,11,13,24,25,124,125,126" m="12395,50763" machi="125" ten="40,8000,1" yaku="18,1,20,1,34,2" doraHai="108" who="1" fromWho="2" sc="250,0,250,90,240,-80,250,0" /><INIT seed="1,0,0,4,4,59" ten="250,340,160,250" oya="1" hai0="125,98,69,55,130,35,64,115,41,117,12,40,67" hai1="8,87,104,73,133,68,7,93,120,1,122,86,99" hai2="103,2,36,46,17,82,18,27,71,39,121,21,15" hai3="90,77,23,29,58,34,110,79,60,38,95,102,49"/><U16/><E68/><V70/><F121/><W20/><G38/><T78/><D115/><U48/><E73/><V10/><F2/><W31/><G34/><T123/><D117/><U62/><E104/><V85/><F103/><W45/><G102/><T25/><D123/><U22/><E133/><V24/><F36/><W19/><G110/><T61/><D130/><U128/><E128/><V81/><F81/><W14/><G79/><T124/><D78/><U47/><E62/><V101/><F101/><W37/><G37/><T107/><D12/><U6/><E6/><V56/><F27/><W108/><G77/><T54/><D67/><U112/><E112/><V50/><F39/><W94/><G23/><T9/><D9/><U105/><E105/><V42/><REACH who="2" step="1"/><F56/><REACH who="2" ten="250,340,150,250" step="2"/><W52/><G108/><T84/><D25/><U5/><E122/><V111/><F111/><W43/><G94/><T116/><D69/><U127/><E120/><V13/><F13/><W44/><G44/><T75/><D116/><U26/><E47/><V28/><F28/><W106/><G106/><T66/><D107/><U51/><E93/><V63/><F63/><W33/><G33/><T76/><D61/><U0/><E26/><V72/><F72/><W134/><G134/><T91/><D35/><U96/><E0/><V135/><F135/><W83/><G83/><T129/><D75/><U65/><E1/><V3/><F3/><W4/><G4/><T57/><D57/><U113/><E5/><V88/><AGARI ba="0,1" hai="10,15,17,18,21,24,42,46,50,70,71,82,85,88" machi="88" ten="20,5200,0" yaku="1,1,0,1,7,1,54,1,53,0" doraHai="59" doraHaiUra="109" who="2" fromWho="2" sc="250,-13,340,-26,150,62,250,-13" /><INIT seed="2,0,0,1,0,71" ten="237,314,212,237" oya="2" hai0="110,103,129,30,90,102,32,70,18,120,55,9,104" hai1="98,43,14,31,52,5,119,40,101,47,128,56,68" hai2="38,130,11,10,116,61,76,69,1,89,24,83,109" hai3="46,93,59,115,13,118,117,100,81,58,28,88,121"/><V133/><F116/><W12/><G121/><T53/><D120/><U127/><E68/><V112/><F112/><W66/><G115/><T21/><D110/><U50/><E119/><V77/><F109/><W111/><G111/><T41/><D70/><U0/><E0/><V54/><F130/><W33/><G33/><T57/><D129/><U72/><E72/><V107/><F107/><W23/><G118/><T106/><D41/><U94/><E127/><V92/><F38/><W6/><G117/><T7/><D90/><U97/><E31/><V96/><F133/><W95/><G46/><T125/><D125/><U73/><E73/><V108/><F108/><W113/><G113/><T84/><D84/><U86/><E86/><N who="2" m="50399" /><F69/><W26/><G81/><T49/><D55/><N who="1" m="30175" /><E98/><V20/><F1/><W25/><G25/><N who="0" m="18511" /><D106/><U39/><E39/><V34/><F34/><W80/><G80/><T27/><D27/><U87/><E87/><V3/><F3/><W105/><G105/><T64/><D104/><U122/><E122/><V29/><F54/><W114/><G114/><T36/><D36/><U35/><E35/><V37/><F37/><W131/><G131/><T22/><D64/><U134/><E134/><V65/><F65/><W85/><G66/><T2/><D22/><U75/><E75/><V48/><F48/><W44/><G44/><T8/><D21/><U16/><E128/><V51/><F51/><W67/><G67/><T82/><D82/><U99/><E99/><V63/><F76/><W74/><G74/><T42/><D42/><U4/><E43/><V78/><F78/><RYUUKYOKU ba="0,0" sc="237,30,314,-10,212,-10,237,-10" hai0="2,7,8,9,18,49,53,57,102,103" /><INIT seed="3,1,0,3,4,63" ten="267,304,202,227" oya="3" hai0="86,24,7,102,115,65,23,55,91,6,51,134,17" hai1="3,79,110,122,73,130,80,114,125,15,19,96,76" hai2="121,27,124,127,14,90,32,13,133,9,8,60,47" hai3="53,119,25,5,48,39,113,117,100,40,4,81,35"/><W29/><G113/><T104/><D134/><U135/><E3/><V1/><F47/><W72/><G100/><T56/><D115/><U31/><E122/><V120/><F90/><W44/><G119/><T123/><D123/><N who="2" m="47178" /><F60/><W95/><G117/><T57/><D104/><U11/><E110/><V74/><F74/><W89/><G81/><N who="0" m="49615" /><D102/><U93/><E135/><V97/><F97/><W59/><REACH who="3" step="1"/><G72/><REACH who="3" ten="267,304,202,217" step="2"/><T58/><D65/><U30/><E114/><V83/><F83/><W41/><G41/><T20/><D23/><U128/><E80/><V22/><F133/><W49/><G49/><T109/><D109/><U28/><E73/><V82/><F82/><W21/><G21/><T106/><D106/><U42/><E42/><V87/><F32/><W116/><G116/><T112/><D112/><U26/><E79/><V88/><F124/><W0/><G0/><T67/><D67/><U103/><E76/><V33/><F33/><W38/><G38/><T62/><D62/><U43/><E43/><V45/><F127/><W101/><G101/><T70/><D70/><U107/><E125/><V54/><F1/><W34/><G34/><T16/><D51/><U84/><E107/><V69/><F69/><W71/><G71/><T50/><D50/><U98/><E103/><V68/><F68/><W111/><G111/><T77/><D55/><U61/><E61/><V46/><F54/><W105/><G105/><T64/><D64/><U52/><E52/><V78/><F78/><W85/><AGARI ba="1,1" hai="4,5,25,29,35,39,40,44,48,53,59,85,89,95" machi="85" ten="20,3900,0" yaku="1,1,0,1,7,1,53,0" doraHai="63" doraHaiUra="10" who="3" fromWho="3" sc="267,-14,304,-14,202,-14,217,52" /><INIT seed="3,2,0,2,0,80" ten="253,290,188,269" oya="3" hai0="56,4,135,60,78,7,29,115,110,44,66,20,97" hai1="37,47,113,15,34,102,95,13,67,116,17,46,117" hai2="127,123,3,9,75,16,93,90,38,8,112,101,22" hai3="85,45,76,125,23,121,126,42,33,109,11,36,83"/><W48/><G121/><T74/><D110/><U39/><E113/><V14/><F112/><W49/><G49/><T65/><D115/><U103/><E34/><V132/><F123/><W92/><G109/><T0/><D0/><U81/><E81/><V106/><F132/><W40/><G33/><T94/><D135/><U27/><E27/><V129/><F129/><W30/><G11/><T104/><D104/><U134/><E67/><V128/><F128/><W99/><G30/><T59/><D74/><U63/><E63/><V89/><F75/><W87/><G23/><T6/><D78/><U64/><E64/><V73/><F73/><N who="3" m="43407" /><G42/><T79/><D79/><U69/><E69/><V61/><F38/><W133/><G133/><T72/><D72/><U58/><E134/><V118/><F118/><W105/><G105/><T82/><D29/><U96/><E58/><V55/><F127/><N who="3" m="48651" /><G36/><T50/><D59/><U88/><E37/><V21/><F106/><W53/><G40/><N who="0" m="24839" /><D56/><U25/><E39/><V84/><F101/><AGARI ba="2,0" hai="45,48,53,85,87,92,99,101" m="48651,43407" machi="101" ten="30,5800,0" yaku="18,1,52,2" doraHai="80" who="3" fromWho="2" sc="253,0,290,0,188,-64,269,64" owari="253,-14.7,290,9.0,124,-37.6,333,43.3" /></mjloggm>