<mjloggm ver="2.3"><GO type="225" lobby="0"/><UN n0="%E3%83%B4%E3%83%A0%EF%BC%99%E3%81%A6" n1="%E3%81%8B%E3%82%8F%E3%81%A1%E3%82%83%E3%82%93%35%38" n2="%E3%83%96%E3%83%83%E3%83%91%E3%82%AA%E3%83%96%E3%83%81%E3%82%AD%E3%83%B3" n3="%E5%B6%BA%E4%B8%8A%E5%92%B2" dan="17,16,17,16" rate="2157.71,2191.30,2191.84,2131.67" sx="M,M,M,F"/><TAIKYOKU oya="0"/><INIT seed="0,0,0,5,5,68" ten="250,250,250,250" oya="0" hai0="33,99,124,85,104,47,80,115,66,29,19,121,82" hai1="58,42,53,107,118,75,111,5,45,87,108,106,28" hai2="119,56,120,22,7,26,77,27,88,0,41,130,39" hai3="101,2,23,49,78,38,95,74,55,97,63,70,51"/><T91/><D115/><U43/><E75/><V89/><F120/><W109/><G2/><T100/><D121/><U114/><E118/><V21/><F119/><W14/><G109/><N who="1" m="42058" /><E114/><V46/><F130/><W112/><G112/><T113/><D113/><U69/><E69/><V52/><F77/><W102/><G38/><T127/><D19/><U117/><E117/><V4/><F22/><W35/><G35/><T122/><D122/><U40/><E28/><V36/><F36/><W34/><G34/><T48/><D80/><U60/><E5/><V76/><F76/><W65/><G101/><T16/><D66/><U1/><E1/><V86/><F0/><W59/><G51/><T126/><D16/><U94/><E45/><V72/><F72/><W93/><G78/><T64/><D64/><U83/><E94/><V128/><F128/><W6/><G74/><T18/><D18/><U81/><E81/><V134/><F46/><W129/><G129/><T103/><D103/><U125/><E125/><V54/><F56/><W10/><G23/><T92/><D29/><U8/><E8/><V15/><F21/><W133/><G133/><T31/><D31/><U84/><E83/><V71/><F71/><W96/><G96/><T50/><D33/><U20/><E20/><V131/><F131/><W9/><G9/><T67/><D67/><U135/><E135/><V12/><F134/><W123/><G123/><T110/><D110/><U79/><E79/><V98/><F98/><W11/><G11/><T25/><D124/><U105/><AGARI ba="0,0" hai="40,42,43,53,58,60,84,87,105,106,107" m="42058" machi="105" ten="40,1500,0" yaku="14,1" doraHai="68" who="1" fromWho="1" sc="250,-7,250,15,250,-4,250,-4" /><INIT seed="1,0,0,4,0,24" ten="243,265,246,246" oya="1" hai0="122,42,22,76,60,43,135,55,107,75,94,96,103" hai1="106,87,102,108,16,116,33,69,0,109,77,79,129" hai2="100,99,1,95,73,34,104,118,90,64,126,27,121" hai3="7,80,63,51,48,58,38,21,125,25,35,50,59"/><U56/><E69/><V93/><F118/><W78/><G38/><T61/><D135/><U91/><E0/><V84/><F121/><W39/><G39/><T40/><D122/><U98/><E33/><V62/><F126/><W31/><G125/><T67/><D107/><U19/><E56/><V32/><F1/><W71/><G7/><T37/><D37/><U101/><E116/><V72/><F95/><W52/><G71/><T117/><D117/><U49/><E49/><V14/><F14/><W68/><G68/><T57/><D75/><U2/><E2/><V120/><F120/><W3/><G3/><T13/><D76/><N who="1" m="29259" /><E129/><V6/><F6/><W23/><REACH who="3" step="1"/><G58/><REACH who="3" ten="243,265,246,236" step="2"/><T46/><D46/><U132/><E132/><V70/><REACH who="2" step="1"/><F34/><REACH who="2" ten="243,265,236,236" step="2"/><W66/><G66/><T82/><D67/><U36/><E109/><V83/><F83/><W131/><G131/><T18/><D82/><U119/><E108/><V133/><F133/><W86/><AGARI ba="0,2" hai="21,23,25,31,35,48,50,51,52,59,63,78,80,86" machi="86" ten="30,7900,0" yaku="1,1,0,1,52,1,54,1,53,0" doraHai="24" doraHaiUra="92" who="3" fromWho="3" sc="243,-20,265,-39,236,-20,236,99" /><INIT seed="2,0,0,0,0,11" ten="223,226,216,335" oya="2" hai0="14,111,29,110,19,13,36,10,33,94,8,7,50" hai1="3,27,34,62,88,48,119,32,55,106,120,51,67" hai2="114,122,125,46,113,56,16,105,76,74,12,132,30" hai3="44,63,68,25,99,95,121,127,135,28,69,4,38"/><V70/><F122/><W59/><G121/><T57/><D36/><U71/><E119/><V89/><F70/><W131/><G131/><T104/><D104/><U26/><E3/><V18/><F105/><W45/><G135/><T65/><D94/><U93/><E106/><V6/><F132/><W130/><G130/><T20/><D50/><U2/><E2/><V53/><F125/><W112/><G127/><T40/><D40/><U80/><E120/><V47/><F74/><W5/><G112/><T100/><D100/><U42/><E80/><V87/><F76/><W96/><G38/><T49/><D49/><U103/><E103/><V64/><F64/><W118/><G118/><T85/><D85/><U109/><E109/><N who="0" m="41481" /><D57/><U84/><E42/><V66/><F30/><W77/><G77/><T108/><D65/><U81/><E51/><N who="2" m="30783" /><F66/><N who="3" m="39295" /><G69/><T37/><D37/><U90/><E32/><V75/><F75/><W92/><G68/><T102/><D102/><U9/><E34/><V0/><F0/><W60/><G60/><T72/><D72/><U101/><E101/><V23/><F114/><W117/><G117/><T86/><D108/><U116/><E116/><V133/><F133/><W98/><G95/><T97/><D33/><U129/><E129/><V126/><F126/><W54/><G92/><T134/><D134/><U43/><E43/><V115/><F115/><W1/><G54/><T107/><D107/><U91/><E93/><N who="2" m="54463" /><F113/><W31/><G98/><T128/><D128/><U22/><E48/><V123/><F123/><W41/><G96/><T73/><D73/><U79/><E71/><RYUUKYOKU ba="0,0" sc="223,0,226,0,216,0,335,0" /><INIT seed="3,1,0,0,5,65" ten="223,226,216,335" oya="3" hai0="135,92,112,85,134,23,66,75,25,88,79,58,40" hai1="91,38,12,127,14,102,87,6,9,37,29,16,11" hai2="72,111,77,67,123,8,31,122,13,121,28,105,2" hai3="126,130,99,22,0,36,64,80,51,1,55,108,3"/><W94/><G36/><T17/><D40/><U113/><E113/><V93/><F105/><W129/><G64/><T47/><D47/><U125/><E102/><V76/><F111/><W96/><G126/><N who="1" m="48138" /><E29/><N who="2" m="11339" /><F2/><W7/><G7/><T18/><D112/><U34/><E34/><V44/><F72/><W128/><G108/><T46/><D46/><U48/><E48/><V103/><F67/><W59/><G80/><AGARI ba="1,0" hai="6,9,11,12,14,16,37,38,80,87,91" m="48138" machi="80" ten="30,2000,0" yaku="18,1,54,1" doraHai="65" who="1" fromWho="3" sc="223,0,226,23,216,0,335,-23" owari="223,-17.7,249,4.9,216,-28.4,312,41.2" /></mjloggm>