<mjloggm ver="2.3"><GO type="225" lobby="0"/><UN n0="%E3%81%9B%E3%81%9B%E3%81%9B%E3%81%9B%E3%81%96%E3%82%80%E3%82%89%E3%81%84" n1="%E3%80%93%E3%81%97%E3%83%BC%E3%82%89%E3%80%93" n2="%E3%82%86%E3%81%86%E3%82%8C%E3%81%84%E3%81%84%E3%81%8B" n3="%E5%8D%A0%E3%81%84%E5%B8%AB%E8%A3%8F%E3%81%AA%E3%81%84%E3%81%97" dan="16,16,18,17" rate="2139.24,2232.62,2247.38,2250.25" sx="M,M,M,M"/><TAIKYOKU oya="0"/><INIT seed="0,0,0,1,1,71" ten="250,250,250,250" oya="0" hai0="70,0,117,85,17,81,104,105,98,123,115,23,60" hai1="66,9,110,72,67,133,73,28,12,65,5,43,2" hai2="100,118,18,116,89,93,119,15,80,127,56,14,54" hai3="102,16,39,53,36,94,88,106,113,79,125,78,112"/><T11/><D117/><U99/><E110/><V45/><F127/><W96/><G125/><T24/><D115/><U87/><E133/><V95/><F80/><W10/><G112/><T135/><D135/><U42/><E28/><V46/><F100/><W128/><G113/><T97/><D123/><U25/><E25/><V124/><F124/><W62/><G128/><T90/><D98/><U130/><E130/><V134/><F134/><W49/><G62/><T58/><D70/><U47/><E43/><V103/><F103/><W86/><G10/><T132/><D132/><U69/><E69/><V37/><F15/><W20/><G78/><T40/><D40/><U31/><E31/><V83/><F83/><W63/><G63/><T19/><D97/><U8/><E87/><V129/><F129/><W126/><G79/><T64/><REACH who="0" step="1"/><D19/><REACH who="0" ten="240,250,250,250" step="2"/><U77/><E99/><V75/><F118/><W32/><G126/><T76/><D76/><U120/><E77/><V34/><F116/><W114/><G114/><T50/><D50/><U30/><E120/><V1/><F119/><W35/><G35/><T82/><D82/><U55/><E42/><V41/><F34/><W59/><G32/><T13/><D13/><AGARI ba="0,1" hai="13,16,20,36,39,49,53,59,86,88,94,96,102,106" machi="13" ten="30,12000,2" yaku="7,1,25,2,52,2,54,2" doraHai="71" who="3" fromWho="0" sc="240,-120,250,0,250,0,250,130" /><INIT seed="1,0,0,2,1,54" ten="120,250,250,380" oya="1" hai0="119,86,76,2,133,81,98,60,135,118,131,116,74" hai1="114,117,22,49,53,62,64,82,66,88,104,71,1" hai2="58,5,16,28,12,122,34,121,6,56,10,17,11" hai3="48,73,42,83,65,89,50,87,68,78,41,47,126"/><U96/><E1/><V106/><F106/><W39/><G126/><T93/><D2/><U57/><E114/><V21/><F34/><W129/><G129/><T14/><D14/><U4/><E4/><V69/><F69/><W127/><G127/><T8/><D8/><U128/><E128/><V46/><F46/><W27/><G41/><T111/><D131/><U52/><E117/><V24/><F17/><W84/><G73/><T25/><D25/><U108/><E108/><V134/><F134/><N who="0" m="51210" /><D60/><U103/><E22/><V91/><F91/><W31/><G65/><T124/><D124/><U101/><E101/><V75/><F75/><W15/><G15/><T123/><D111/><U0/><E0/><V61/><F61/><W51/><G68/><T32/><D32/><U110/><E110/><V44/><F44/><W38/><G38/><T90/><D123/><U72/><E71/><V55/><F55/><W115/><G115/><T107/><D107/><U26/><E26/><V95/><F95/><W67/><G67/><T70/><D70/><U36/><E36/><V94/><F94/><N who="3" m="54567" /><G39/><T40/><D40/><U97/><E72/><AGARI ba="0,0" hai="72,74,76,81,86,90,93,98,116,118,119" m="51210" machi="72" ten="40,5200,0" yaku="20,1,34,2" doraHai="54" who="0" fromWho="1" sc="120,52,250,-52,250,0,380,0" /><INIT seed="2,0,0,5,0,24" ten="172,198,250,380" oya="2" hai0="117,78,26,40,36,42,57,116,25,76,9,53,27" hai1="107,100,86,50,127,33,72,130,58,28,134,92,111" hai2="89,114,20,121,94,17,104,4,52,124,70,68,83" hai3="35,44,38,69,112,45,41,123,99,49,91,21,30"/><V97/><F114/><W37/><G123/><T120/><D120/><U122/><E122/><V48/><F124/><W67/><G35/><T118/><D9/><U32/><E72/><V62/><F121/><W65/><G112/><T79/><REACH who="0" step="1"/><D36/><REACH who="0" ten="162,198,250,380" step="2"/><U61/><E127/><V0/><F0/><W108/><G37/><T96/><D96/><U55/><E134/><V11/><F97/><W101/><G99/><T80/><D80/><U1/><E111/><V90/><F11/><W129/><G38/><T106/><D106/><U51/><E107/><V85/><F83/><W81/><G81/><T102/><D102/><U128/><E100/><V10/><F104/><W39/><G101/><T131/><D131/><N who="1" m="50219" /><E1/><V71/><F10/><W8/><G8/><T66/><D66/><U115/><E115/><V125/><F125/><W19/><G67/><T43/><D43/><U59/><E92/><V84/><F94/><W133/><G133/><T6/><D6/><U87/><E33/><V77/><F4/><W15/><G108/><T54/><D54/><N who="1" m="34007" /><E51/><AGARI ba="0,1" hai="25,26,27,40,42,51,53,57,76,78,79,116,117,118" machi="51" ten="50,12000,2" yaku="1,1,29,2,12,1,53,3" doraHai="24" doraHaiUra="73" who="0" fromWho="1" sc="162,130,198,-120,250,0,380,0" /><INIT seed="3,0,0,2,2,45" ten="292,78,250,380" oya="3" hai0="74,69,72,107,20,32,86,95,114,59,38,123,93" hai1="36,49,4,130,2,90,113,131,70,50,89,47,88" hai2="5,43,28,115,82,11,73,34,29,109,129,75,13" hai3="118,1,104,7,35,84,81,124,132,102,0,106,23"/><W48/><G118/><T99/><D69/><U39/><E70/><V55/><F115/><W62/><G35/><T116/><D32/><U121/><E113/><V30/><F109/><W79/><G62/><T46/><D114/><U92/><E92/><V110/><F110/><W16/><G132/><T21/><D116/><U56/><E56/><V94/><F129/><W51/><G124/><T71/><D71/><U117/><E117/><V108/><F108/><W105/><G102/><N who="0" m="62943" /><D20/><U15/><E15/><V128/><F128/><N who="1" m="49193" /><E47/><V65/><F65/><W85/><G7/><T135/><D21/><U22/><E22/><V26/><F43/><W12/><REACH who="3" step="1"/><G85/><REACH who="3" ten="292,78,250,370" step="2"/><T134/><D86/><U80/><E80/><V10/><F82/><W8/><G8/><T3/><D135/><U77/><E121/><V126/><F126/><W40/><G40/><T67/><D123/><U133/><E133/><V42/><F42/><W96/><G96/><T60/><D134/><U127/><E127/><V87/><F11/><W57/><G57/><T120/><D120/><U97/><E97/><V76/><F87/><W91/><G91/><N who="1" m="23298" /><U68/><DORA hai="37" /><E68/><V122/><F122/><W41/><G41/><T19/><D59/><U61/><E61/><V25/><F75/><W18/><G18/><T98/><D19/><U58/><E58/><V54/><F73/><W125/><G125/><T33/><D74/><U100/><E100/><V119/><F34/><W112/><G112/><T53/><D72/><U52/><E77/><V27/><F76/><W111/><G111/><T78/><D78/><U17/><E17/><RYUUKYOKU ba="0,1" sc="292,-10,78,-10,250,-10,370,30" hai3="0,1,12,16,23,48,51,79,81,84,104,105,106" owari="282,8.2,68,-43.2,240,-16.0,410,51.0" /></mjloggm>