<mjloggm ver="2.3"><GO type="225" lobby="0"/><UN n0="%E6%A1%9C%E8%8A%B1%E9%96%83%E3%80%85" n1="%E3%82%8C%E3%81%99%E3%81%93" n2="%E3%82%BC%E3%83%AB%E3%83%80%E3%81%AE%E4%BC%9D%E8%AA%AC" n3="%72%61%6B%33" dan="16,17,17,16" rate="2196.61,2153.87,2135.83,2123.29" sx="M,F,M,M"/><TAIKYOKU oya="0"/><INIT seed="0,0,0,2,5,125" ten="250,250,250,250" oya="0" hai0="19,23,17,38,106,110,126,105,58,16,84,104,2" hai1="11,124,45,91,67,113,107,50,30,127,5,48,24" hai2="1,3,60,83,81,108,120,132,123,39,6,77,64" hai3="36,122,7,73,47,98,20,70,95,87,85,82,13"/><T92/><D126/><N who="1" m="48171" /><E107/><V68/><F108/><W53/><G70/><T54/><D110/><U119/><E119/><V78/><F132/><W57/><G122/><T44/><D2/><N who="1" m="439" /><E113/><V15/><F15/><W59/><G73/><T69/><D69/><U101/><E101/><V88/><F39/><W22/><G36/><T49/><D92/><U62/><E91/><V135/><F135/><W89/><G87/><T34/><D84/><U25/><E45/><V29/><F29/><W93/><G93/><T86/><D34/><N who="1" m="20815" /><E24/><V43/><F43/><W0/><G47/><T51/><D86/><U103/><E103/><V116/><F116/><W31/><G85/><T114/><D114/><U117/><E117/><V63/><F88/><W55/><G89/><T80/><D80/><U40/><E40/><V66/><F68/><AGARI ba="0,0" hai="48,50,62,67,68" m="20815,439,48171" machi="68" ten="30,1000,0" yaku="18,1" doraHai="125" who="1" fromWho="2" sc="250,0,250,10,250,-10,250,0" /><INIT seed="1,0,0,4,3,22" ten="250,260,240,250" oya="1" hai0="101,76,110,108,35,50,46,93,61,64,122,49,117" hai1="12,116,47,118,43,127,85,99,52,104,23,40,10" hai2="84,109,135,54,129,75,17,71,36,20,107,14,83" hai3="58,111,134,56,6,60,45,62,105,130,102,42,72"/><U74/><E74/><V121/><F121/><W59/><G72/><T39/><D117/><U34/><E34/><V114/><F107/><W57/><G111/><N who="0" m="42539" /><D122/><U96/><E127/><V26/><F109/><W48/><G130/><T3/><D3/><U70/><E70/><V24/><F75/><W95/><G134/><T92/><D35/><U123/><E123/><V106/><F106/><W13/><G105/><T82/><D39/><U38/><E43/><V11/><F71/><W90/><G102/><T103/><D92/><U131/><E131/><V16/><F36/><W68/><G68/><N who="0" m="41999" /><D93/><U124/><E104/><V44/><F129/><W80/><G80/><T115/><D115/><U28/><E118/><V87/><F135/><W112/><G112/><T79/><D49/><U0/><E116/><V63/><F114/><W33/><G33/><T133/><D133/><U25/><E124/><V113/><F113/><W2/><G2/><T27/><D27/><N who="2" m="10282" /><F83/><W8/><N who="3" m="14336" /><DORA hai="77" /><W119/><REACH who="3" step="1"/><G119/><REACH who="3" ten="250,260,240,240" step="2"/><T29/><D82/><U69/><E69/><V19/><F63/><W51/><G51/><T18/><D50/><U120/><E120/><V88/><F88/><W91/><G91/><T89/><D89/><U53/><E0/><V86/><F20/><W67/><G67/><T1/><D1/><U66/><E66/><V98/><F98/><AGARI ba="0,1" hai="6,8,13,42,45,48,60,62,90,95,98" m="14336" machi="98" ten="50,6400,0" yaku="1,1,8,1,53,1" doraHai="22,77" doraHaiUra="132,41" who="3" fromWho="2" sc="250,0,260,0,240,-64,240,74" /><INIT seed="2,0,0,2,1,125" ten="250,260,176,314" oya="2" hai0="7,116,58,61,115,98,88,134,92,89,26,112,22" hai1="73,27,86,130,114,53,21,19,82,117,51,97,102" hai2="8,38,25,131,66,0,29,28,37,63,132,126,65" hai3="36,70,10,4,122,128,43,84,52,113,20,123,94"/><V16/><F126/><W81/><G70/><T31/><D134/><U75/><E117/><V101/><F132/><W77/><G113/><T23/><D116/><U74/><E114/><V14/><F131/><W1/><G128/><T110/><D110/><U124/><E124/><V11/><F29/><W68/><G68/><T46/><D7/><U33/><E33/><V67/><F63/><W57/><G20/><T119/><D119/><U111/><E111/><V41/><F41/><W48/><G94/><T15/><D46/><U79/><E130/><V13/><F101/><W55/><G36/><T47/><D47/><U109/><E109/><V5/><REACH who="2" step="1"/><F0/><REACH who="2" ten="250,260,166,314" step="2"/><W3/><G1/><T118/><D118/><U99/><REACH who="1" step="1"/><E102/><REACH who="1" ten="250,250,166,314" step="2"/><V42/><F42/><W100/><G43/><T85/><D115/><U54/><E54/><V83/><F83/><W71/><G100/><T56/><D112/><U80/><E80/><V39/><F39/><W107/><G55/><T30/><D61/><U64/><E64/><V93/><F93/><W59/><G52/><T40/><D40/><U50/><E50/><V32/><AGARI ba="0,2" hai="5,8,11,13,14,16,25,28,32,37,38,65,66,67" machi="32" ten="30,6000,0" yaku="1,1,0,1,54,1,53,0" doraHai="125" doraHaiUra="72" who="2" fromWho="2" sc="250,-20,250,-20,166,80,314,-20" /><INIT seed="2,1,0,0,5,32" ten="230,230,246,294" oya="2" hai0="4,106,24,130,0,72,102,46,94,88,7,16,133" hai1="45,126,116,8,69,54,129,53,26,57,123,28,100" hai2="132,83,112,30,38,27,120,108,99,10,12,43,52" hai3="107,14,92,19,124,22,44,134,23,61,76,11,105"/><V68/><F120/><W58/><G124/><T15/><D72/><U90/><E116/><V66/><F112/><W3/><G134/><T82/><D133/><U62/><E126/><V114/><F114/><W17/><G76/><T31/><D130/><U60/><E129/><V127/><F127/><W78/><G78/><T89/><D106/><U51/><E123/><V47/><F132/><W70/><G70/><T18/><D0/><U74/><E74/><V117/><F117/><W77/><G77/><T125/><D46/><U122/><E122/><V85/><F108/><W135/><G135/><T56/><D56/><U95/><E69/><V25/><F99/><W42/><G92/><T64/><D64/><U101/><E8/><V98/><F98/><W34/><G34/><T93/><D82/><U80/><E62/><V115/><F115/><W81/><G81/><T41/><D41/><U119/><E80/><V128/><F128/><W111/><G22/><N who="0" m="13399" /><D31/><U109/><E109/><V6/><F52/><W118/><G118/><T131/><D102/><U39/><E39/><V73/><F30/><W36/><G111/><T104/><D104/><U40/><E54/><V48/><F38/><W21/><G21/><N who="0" m="11423" /><D131/><U33/><E119/><V84/><F73/><W79/><G79/><T50/><D50/><U1/><E1/><V97/><F83/><W75/><G75/><T96/><D125/><U59/><E59/><V37/><F37/><W121/><G121/><T91/><D94/><U67/><E53/><V20/><F68/><W71/><G71/><T103/><AGARI ba="1,0" hai="4,7,88,89,91,93,96,103" m="11423,13399" machi="103" ten="30,4000,0" yaku="8,1,54,2" doraHai="32" who="0" fromWho="0" sc="230,43,230,-11,246,-21,294,-11" /><INIT seed="3,0,0,3,5,20" ten="273,219,225,283" oya="3" hai0="7,131,101,6,5,11,26,83,105,42,109,9,99" hai1="18,41,91,89,45,116,85,114,111,95,28,87,57" hai2="44,68,59,128,79,96,78,36,74,104,126,8,103" hai3="129,82,21,43,133,88,31,19,66,1,16,10,72"/><W135/><G129/><T102/><D131/><U81/><E114/><V77/><F128/><W98/><G66/><T127/><D109/><U62/><E111/><V120/><F68/><W53/><G43/><T90/><D127/><U70/><E116/><V3/><F59/><W132/><G53/><T100/><D42/><U32/><E70/><V38/><F126/><W106/><G31/><T92/><D105/><U117/><E117/><V94/><F120/><W69/><G69/><T130/><D130/><U49/><E18/><V107/><F74/><W2/><G10/><T71/><D71/><U55/><E32/><V121/><F121/><W46/><G46/><T29/><REACH who="0" step="1"/><D83/><REACH who="0" ten="263,219,225,283" step="2"/><U37/><REACH who="1" step="1"/><E28/><REACH who="1" ten="263,209,225,283" step="2"/><V108/><F108/><W4/><G135/><T64/><D64/><U15/><E15/><V34/><F3/><W27/><G1/><T122/><D122/><U25/><E25/><V13/><F13/><W56/><G2/><T67/><D67/><U24/><E24/><V75/><F107/><W113/><G106/><T123/><D123/><U23/><E23/><AGARI ba="0,2" hai="5,6,7,9,11,23,26,29,90,92,99,100,101,102" machi="23" ten="40,5200,0" yaku="1,1,8,1,52,1,53,0" doraHai="20" doraHaiUra="14" who="0" fromWho="1" sc="263,72,209,-52,225,0,283,0" owari="335,43.5,157,-34.3,225,-17.5,283,8.3" /></mjloggm>