<mjloggm ver="2.3"><GO type="225" lobby="0"/><UN n0="%E3%81%8B%E3%82%8F%E3%81%A1%E3%82%83%E3%82%93%35%38" n1="%72%69%6F%75%63%68%61%6E" n2="%E5%B6%BA%E4%B8%8A%E5%92%B2" n3="%E3%82%8F%E3%81%8B%E3%81%B0%2A%E3%82%AC%E3%83%BC%E3%83%AB" dan="16,16,16,16" rate="2169.67,2123.33,2175.75,2120.34" sx="M,M,F,M"/><TAIKYOKU oya="0"/><INIT seed="0,0,0,2,2,21" ten="250,250,250,250" oya="0" hai0="23,38,67,100,92,124,84,116,26,62,81,103,107" hai1="61,117,70,7,52,20,76,16,40,60,17,128,83" hai2="44,25,4,73,111,121,113,34,94,106,59,126,105" hai3="63,50,24,127,82,56,132,46,130,13,27,33,11"/><T69/><D116/><U29/><E117/><V134/><F113/><W131/><G33/><T14/><D38/><U98/><E128/><N who="3" m="49194" /><G127/><T48/><D124/><U28/><E40/><V96/><F121/><W64/><G82/><T74/><D74/><U8/><E98/><V36/><F73/><W88/><G88/><T19/><D92/><U72/><E17/><V71/><F111/><W125/><G132/><T15/><D48/><U80/><E83/><V66/><F134/><W135/><G125/><T42/><D42/><U31/><E70/><V22/><F126/><W112/><G112/><T114/><D114/><U51/><E8/><V87/><F34/><W2/><G2/><T99/><REACH who="0" step="1"/><D103/><REACH who="0" ten="240,250,250,250" step="2"/><U108/><E108/><V3/><F94/><W122/><G135/><T101/><D101/><U12/><REACH who="1" step="1"/><E7/><REACH who="1" ten="240,240,250,250" step="2"/><V9/><F4/><N who="3" m="3303" /><G122/><T115/><D115/><U54/><E54/><AGARI ba="0,2" hai="24,27,46,50,54,56,63,64" m="3303,49194" machi="54" ten="30,3900,0" yaku="19,1,52,2" doraHai="21" who="3" fromWho="1" sc="240,0,240,-39,250,0,250,59" /><INIT seed="1,0,0,0,3,2" ten="240,201,250,309" oya="1" hai0="92,68,64,118,99,94,110,120,111,1,25,63,43" hai1="46,121,47,18,29,80,97,21,107,45,40,8,69" hai2="56,91,132,31,112,116,133,51,93,128,58,23,134" hai3="123,11,70,117,88,0,85,114,125,98,53,59,32"/><U65/><E121/><V35/><F116/><W34/><G123/><T122/><D118/><U20/><E40/><V130/><F35/><W79/><G117/><T39/><D1/><U26/><E8/><V86/><F112/><W82/><G70/><T74/><D74/><U72/><E107/><V73/><F73/><W17/><G114/><T115/><D115/><U50/><E97/><V76/><F76/><W87/><G98/><T38/><D25/><U15/><E69/><V62/><F51/><W60/><G125/><T66/><D99/><U102/><E65/><N who="2" m="39111" /><F58/><W135/><G135/><N who="2" m="34561" /><V119/><DORA hai="30" /><F119/><W4/><G17/><T13/><D68/><U109/><E109/><V71/><F71/><W100/><G100/><T9/><D63/><U90/><E102/><V27/><AGARI ba="0,0" hai="23,27,31,86,91,93,128,130" m="34561,39111" machi="27" ten="50,1600,0" yaku="20,1" doraHai="2,30" who="2" fromWho="2" sc="240,-4,201,-8,250,16,309,-4" /><INIT seed="2,0,0,2,1,42" ten="236,193,266,305" oya="2" hai0="51,7,32,76,45,0,108,98,70,18,5,119,69" hai1="100,56,91,122,68,120,105,21,88,132,67,96,12" hai2="97,115,48,124,125,54,25,26,130,83,86,1,33" hai3="111,43,101,87,4,53,22,73,131,46,19,94,133"/><V6/><F115/><W89/><G111/><T74/><D32/><U8/><E68/><V47/><F130/><W55/><G131/><T117/><D108/><U80/><E132/><V104/><F6/><W28/><G73/><T44/><D51/><U112/><E112/><V2/><F104/><W107/><G4/><T121/><D98/><U81/><E21/><V17/><F97/><W58/><G28/><T110/><D110/><U9/><E80/><V15/><F1/><W27/><G133/><T49/><D49/><U129/><E129/><V92/><F2/><W77/><G77/><T63/><D0/><U60/><E8/><N who="2" m="6375" /><F92/><W16/><G19/><T29/><D18/><U57/><E57/><V84/><F84/><W38/><G58/><T34/><D34/><U75/><E75/><V31/><F26/><W37/><G37/><T61/><D74/><U14/><E81/><V50/><F50/><W41/><G41/><T126/><D76/><U85/><E14/><V114/><F114/><W10/><G10/><T109/><D109/><U64/><E85/><V99/><F99/><W82/><G107/><T103/><D121/><N who="1" m="46699" /><E64/><V62/><F62/><W78/><G101/><T59/><D103/><U35/><E35/><V39/><F39/><W40/><G40/><T102/><D102/><U20/><E20/><V65/><F65/><W66/><G66/><T30/><D59/><U11/><E11/><V95/><F83/><W72/><AGARI ba="0,0" hai="16,22,27,38,43,46,53,55,72,78,82,87,89,94" machi="72" ten="20,5200,0" yaku="0,1,7,1,52,1,54,1" doraHai="42" who="3" fromWho="3" sc="236,-13,193,-13,266,-26,305,52" /><INIT seed="3,0,0,3,2,100" ten="223,180,240,357" oya="3" hai0="53,117,79,32,14,55,70,23,1,69,111,2,17" hai1="35,11,5,43,83,66,21,15,34,48,65,49,52" hai2="98,112,38,51,57,128,31,113,99,29,105,127,71" hai3="62,40,46,60,133,74,37,96,93,130,9,92,106"/><W90/><G130/><T4/><D32/><U64/><E83/><V135/><F71/><W119/><G119/><T12/><D79/><U59/><REACH who="1" step="1"/><E21/><REACH who="1" ten="223,170,240,357" step="2"/><V88/><F112/><W28/><G133/><T24/><D23/><U44/><AGARI ba="0,1" hai="5,11,15,34,35,43,44,48,49,52,59,64,65,66" machi="44" ten="30,7900,0" yaku="1,1,2,1,0,1,54,1,53,0" doraHai="100" doraHaiUra="58" who="1" fromWho="1" sc="223,-20,170,89,240,-20,357,-39" owari="203,-29.7,259,5.9,220,-18.0,318,41.8" /></mjloggm>