<mjloggm ver="2.3"><GO type="225" lobby="0"/><UN n0="%E9%A6%AC%E5%BC%95%E7%81%AB%33" n1="%E3%81%BD%E3%81%A1%E3%81%9F%E3%81%93%E3%82%84" n2="%E7%99%BD%E5%80%89%E5%AF%9B%E4%B9%8B" n3="%E3%81%A4%E3%81%A3%E3%81%B1%E3%82%8A%E3%83%9D%E3%83%BC%E3%83%AB" dan="16,17,16,17" rate="2122.56,2136.77,2188.19,2161.54" sx="M,M,M,M"/><TAIKYOKU oya="0"/><INIT seed="0,0,0,5,4,42" ten="250,250,250,250" oya="0" hai0="79,4,9,81,68,38,116,67,3,128,88,118,72" hai1="65,47,53,24,51,52,50,85,31,82,89,112,15" hai2="48,98,17,49,77,7,83,127,95,133,29,13,45" hai3="66,90,41,26,54,86,134,14,63,135,19,114,131"/><T16/><D128/><U23/><E112/><V12/><F133/><N who="3" m="50699" /><G114/><T22/><D38/><U73/><E73/><V107/><F127/><W10/><G131/><T32/><D32/><U115/><E115/><V92/><F29/><W80/><G41/><T58/><D68/><U11/><E65/><V84/><F49/><W106/><G106/><T105/><D105/><U46/><E15/><V126/><F126/><W5/><G54/><T91/><D118/><U87/><E87/><V123/><F123/><W93/><G26/><T69/><D69/><U60/><E11/><N who="2" m="4223" /><F98/><W76/><G5/><T36/><D36/><U71/><E71/><V97/><F97/><N who="3" m="57527" /><G66/><T44/><D44/><U70/><E70/><V117/><F107/><W30/><G30/><T100/><D100/><U40/><E40/><N who="2" m="24615" /><F117/><W56/><G63/><AGARI ba="0,0" hai="23,24,31,46,47,50,51,52,53,60,63,82,85,89" machi="63" ten="40,8000,1" yaku="9,1,8,1,52,2,54,1" doraHai="42" who="1" fromWho="3" sc="250,0,250,80,250,0,250,-80" /><INIT seed="1,0,0,4,0,68" ten="250,330,250,170" oya="1" hai0="4,37,71,119,124,18,41,50,62,0,84,135,65" hai1="49,92,36,64,63,90,72,20,87,114,121,2,27" hai2="39,54,1,22,120,70,83,94,82,111,47,46,134" hai3="130,9,51,34,26,24,74,31,52,80,112,126,66"/><U35/><E114/><V33/><F33/><W98/><G112/><T103/><D119/><U107/><E107/><V122/><F1/><W17/><G130/><T28/><D124/><U115/><E72/><V25/><F70/><W106/><G126/><T6/><D135/><U95/><E2/><V29/><F134/><W132/><G132/><T16/><D50/><U13/><E121/><V96/><F111/><W117/><G117/><T86/><D28/><U69/><E115/><V128/><F128/><W97/><G66/><T78/><D103/><U123/><E123/><V58/><F122/><W11/><G106/><T113/><D113/><U42/><E35/><V77/><F120/><W7/><G26/><T12/><D18/><U101/><E49/><N who="2" m="31055" /><F39/><W81/><G17/><T5/><D78/><U43/><E13/><V109/><F109/><W23/><G34/><T53/><D53/><U57/><E69/><V3/><F3/><W125/><G125/><T104/><D0/><U15/><E15/><V93/><F93/><W30/><G30/><T88/><D104/><U21/><E36/><V105/><F105/><W19/><G31/><T45/><REACH who="0" step="1"/><D88/><REACH who="0" ten="240,330,250,170" step="2"/><N who="1" m="53279" /><E101/><N who="2" m="60567" /><F77/><W133/><G133/><T14/><D14/><U110/><E110/><V61/><F61/><W40/><G74/><T75/><D75/><U67/><E67/><V118/><F118/><W48/><G48/><T56/><D56/><U99/><E27/><V38/><F38/><W108/><G24/><T73/><D73/><U8/><E63/><V32/><F32/><W91/><G108/><T131/><D131/><U44/><E64/><RYUUKYOKU ba="0,1" sc="240,15,330,-15,250,15,170,-15" hai0="4,5,6,12,16,37,41,45,62,65,71,84,86" hai2="22,25,29,46,47,82,83" /><INIT seed="2,1,1,5,1,112" ten="255,315,265,155" oya="2" hai0="14,114,100,125,103,108,23,57,69,130,22,81,36" hai1="25,29,60,61,71,96,20,59,51,74,13,88,0" hai2="97,86,66,12,115,33,32,110,50,17,54,7,27" hai3="94,111,113,95,16,38,43,11,4,72,104,58,19"/><V67/><F115/><W44/><G113/><T70/><D114/><U63/><E0/><V65/><F110/><W15/><G111/><T9/><D108/><U37/><E37/><V46/><F7/><W87/><G72/><T18/><D36/><U26/><E74/><V41/><F27/><W98/><G58/><T42/><D42/><U78/><E78/><V21/><F97/><W24/><G87/><T99/><D125/><U76/><E76/><V53/><REACH who="2" step="1"/><F86/><REACH who="2" ten="255,315,255,155" step="2"/><W85/><G85/><T62/><D99/><U90/><E26/><V45/><F45/><W133/><G133/><T49/><D130/><U116/><E96/><V119/><F119/><W121/><G121/><T120/><D120/><U134/><E116/><V124/><F124/><W5/><G5/><T47/><D47/><U109/><E109/><V79/><F79/><W83/><G24/><T118/><D118/><U40/><E134/><V106/><F106/><W91/><G104/><T28/><D14/><U126/><E13/><V82/><F82/><W93/><REACH who="3" step="1"/><G83/><REACH who="3" ten="255,315,255,145" step="2"/><T92/><D81/><U84/><E84/><V55/><AGARI ba="1,3" hai="12,17,21,32,33,41,46,50,53,54,55,65,66,67" machi="55" ten="30,3000,0" yaku="1,1,0,1,53,0" doraHai="112" doraHaiUra="135" who="2" fromWho="2" sc="255,-11,315,-11,255,63,145,-11" /><INIT seed="2,2,0,0,2,29" ten="244,304,318,134" oya="2" hai0="91,122,93,77,118,68,84,37,21,119,26,107,101" hai1="80,73,59,117,113,110,58,99,97,106,131,135,34" hai2="123,82,45,41,88,42,65,16,43,87,46,8,100" hai3="71,126,35,75,51,20,44,95,2,115,98,4,81"/><V66/><F123/><W124/><G71/><T53/><D37/><U85/><E113/><V54/><F100/><W1/><G115/><T78/><D68/><U56/><E117/><N who="0" m="44553" /><D122/><U0/><E0/><V52/><F46/><W3/><G4/><T92/><D53/><N who="2" m="20586" /><F45/><W103/><G20/><T111/><D111/><U30/><E110/><V50/><F50/><W33/><G81/><T38/><D38/><U64/><E73/><V72/><F72/><W76/><G76/><T114/><D107/><U31/><E106/><V57/><F57/><W62/><G62/><T63/><D63/><U83/><E64/><V24/><F24/><W11/><G11/><T23/><D23/><U128/><E59/><V28/><F28/><W5/><G5/><T48/><D48/><U6/><E6/><V89/><F89/><W60/><G60/><T49/><D49/><U108/><E108/><V90/><F90/><W14/><G14/><AGARI ba="2,0" hai="8,14,16,41,42,43,65,66,82,87,88" m="20586" machi="14" ten="30,11600,0" yaku="8,1,54,3" doraHai="29" who="2" fromWho="3" sc="244,0,304,0,318,122,134,-122" /><INIT seed="2,3,0,5,4,110" ten="244,304,440,12" oya="2" hai0="16,90,98,54,36,68,75,22,66,71,87,105,13" hai1="114,128,100,28,46,93,65,92,9,77,130,135,96" hai2="108,18,106,51,50,57,79,109,127,30,59,120,86" hai3="20,74,132,117,6,25,97,89,33,23,52,53,62"/><V10/><F106/><W15/><G117/><T103/><D75/><U122/><E28/><V95/><F120/><W107/><G74/><T99/><D36/><U32/><E32/><V12/><F30/><W118/><G118/><T31/><D66/><U47/><E122/><V119/><F127/><W61/><G33/><T80/><D31/><U48/><E65/><V27/><F27/><W39/><G39/><T131/><D131/><U133/><E77/><V115/><F115/><W102/><G132/><N who="1" m="50762" /><E114/><V91/><F79/><W63/><G89/><T85/><D99/><N who="1" m="59495" /><E9/><V67/><F119/><W11/><REACH who="3" step="1"/><G23/><REACH who="3" ten="244,304,440,2" step="2"/><T1/><D1/><U81/><E128/><V5/><F91/><W17/><AGARI ba="3,1" hai="6,11,15,17,20,25,52,53,61,62,63,97,102,107" machi="17" ten="30,7900,0" yaku="1,1,2,1,0,1,54,1,53,0" doraHai="110" doraHaiUra="84" who="3" fromWho="3" sc="244,-23,304,-23,440,-42,2,98" /><INIT seed="3,0,0,4,5,64" ten="221,281,398,100" oya="3" hai0="10,30,114,93,23,109,75,118,54,7,46,65,72" hai1="133,25,86,78,56,97,91,73,53,18,115,69,20" hai2="34,83,22,43,49,98,126,38,13,8,42,31,131" hai3="117,2,134,16,9,111,102,89,32,92,27,121,11"/><W52/><G121/><T44/><D118/><U14/><E69/><V123/><F38/><W45/><G117/><T50/><D65/><U105/><E115/><V17/><F34/><W76/><G2/><T51/><D114/><U124/><E133/><V35/><F35/><W85/><G134/><T63/><D63/><U47/><E73/><V132/><F126/><W74/><G111/><T66/><D66/><U110/><E78/><V120/><F131/><W67/><G67/><T119/><D119/><U70/><E70/><V6/><F31/><W3/><G3/><T127/><D127/><U96/><E105/><V68/><F68/><W135/><G135/><T90/><D30/><N who="1" m="17703" /><E47/><V125/><F125/><W60/><G32/><T48/><D48/><N who="1" m="30759" /><E110/><V12/><F132/><W84/><G102/><T80/><D80/><N who="1" m="49607" /><E124/><V112/><F112/><W88/><G76/><T61/><D23/><AGARI ba="0,0" hai="14,18,23,96,97" m="49607,30759,17703" machi="23" ten="30,1000,0" yaku="8,1" doraHai="64" who="1" fromWho="0" sc="221,-10,281,10,398,0,100,0" owari="211,-18.9,291,9.1,398,49.8,100,-40.0" /></mjloggm>