<mjloggm ver="2.3"><GO type="225" lobby="0"/><UN n0="%EF%BC%AE%EF%BC%A1%EF%BC%AF%33%33%39" n1="%E3%82%BC%E3%83%AB%E3%83%80%E3%81%AE%E4%BC%9D%E8%AA%AC" n2="%E5%91%A8%E6%9D%B1" n3="%E3%81%BD%E3%81%A1%E3%81%9F%E3%81%93%E3%82%84" dan="16,17,16,16" rate="2148.65,2157.90,2177.11,2134.50" sx="M,M,M,M"/><TAIKYOKU oya="0"/><INIT seed="0,0,0,4,1,132" ten="250,250,250,250" oya="0" hai0="26,72,83,12,95,11,38,128,31,66,20,116,30" hai1="2,8,44,58,123,36,80,51,111,86,60,43,54" hai2="9,81,125,121,63,6,29,53,91,57,135,33,39" hai3="77,126,45,96,89,23,106,41,48,124,21,35,107"/><T79/><D116/><U90/><E111/><V18/><F121/><W105/><G35/><T13/><D38/><U104/><E104/><V131/><F135/><W47/><G77/><T122/><D122/><U112/><E123/><V40/><F131/><W10/><G10/><T129/><D66/><U120/><E120/><V134/><F134/><W133/><G133/><T19/><D31/><U67/><E112/><V34/><F18/><W59/><G59/><T100/><D100/><U25/><E25/><V110/><F110/><W50/><G89/><T117/><D117/><U68/><E8/><V7/><F29/><W16/><G96/><T103/><D103/><U56/><REACH who="1" step="1"/><E58/><REACH who="1" ten="250,240,250,250" step="2"/><V74/><F9/><W84/><G84/><T1/><D13/><U94/><E94/><V32/><F57/><W127/><G16/><T64/><D95/><U71/><E71/><V61/><F74/><W14/><G14/><T3/><D3/><AGARI ba="0,1" hai="2,3,36,43,44,51,54,56,60,67,68,80,86,90" machi="3" ten="40,5200,0" yaku="1,1,24,2,53,0" doraHai="132" doraHaiUra="75" who="1" fromWho="0" sc="250,-52,240,62,250,0,250,0" /><INIT seed="1,0,0,3,5,57" ten="198,302,250,250" oya="1" hai0="107,116,39,109,33,99,121,80,16,86,90,122,113" hai1="52,102,37,66,126,78,120,31,42,117,12,105,133" hai2="63,79,93,94,104,128,129,132,2,47,21,74,14" hai3="25,103,40,17,55,111,60,19,88,108,115,48,44"/><U28/><E117/><V67/><F2/><W30/><G115/><T112/><D33/><U27/><E120/><N who="0" m="46185" /><D39/><U118/><E118/><V83/><F104/><W20/><G103/><N who="0" m="62975" /><D116/><U135/><E66/><V22/><F47/><W82/><G82/><T72/><D16/><U77/><E126/><V29/><F132/><W70/><G88/><T8/><D8/><U36/><E105/><V18/><F22/><W46/><G70/><T124/><D124/><U38/><E102/><V87/><F29/><W96/><G96/><T98/><D98/><U54/><E12/><V68/><REACH who="2" step="1"/><F87/><REACH who="2" ten="198,302,240,250" step="2"/><W43/><G108/><T9/><D9/><U24/><E36/><V1/><F1/><W106/><G106/><T76/><D109/><U89/><E89/><V65/><F65/><W64/><G111/><T85/><D85/><U84/><E84/><V123/><F123/><W101/><G64/><T95/><AGARI ba="0,1" hai="72,76,80,86,90,95,112,113" m="62975,46185" machi="95" ten="30,7900,0" yaku="24,1,13,1,34,2" doraHai="57" who="0" fromWho="0" sc="198,89,302,-39,240,-20,250,-20" /><INIT seed="2,0,0,1,5,55" ten="287,263,220,230" oya="2" hai0="93,53,103,85,45,7,56,23,49,69,47,114,97" hai1="67,80,65,59,72,74,9,88,41,1,2,36,4" hai2="20,38,71,62,11,10,21,52,32,46,60,81,110" hai3="6,77,27,134,40,96,0,91,70,13,54,130,120"/><V125/><F32/><W104/><G13/><T22/><D69/><U42/><E1/><V106/><F106/><W131/><G70/><T94/><D114/><U113/><E113/><V63/><F71/><W26/><G40/><T102/><D7/><U75/><E36/><V98/><F125/><W5/><G77/><T17/><D23/><N who="2" m="8778" /><F38/><W133/><G120/><T61/><D61/><U127/><E127/><V24/><F24/><N who="3" m="9259" /><G54/><T19/><D19/><U18/><E18/><V39/><F39/><W124/><G124/><T66/><D66/><U30/><E30/><V129/><F129/><N who="3" m="49163" /><G91/><N who="0" m="53487" /><D103/><U68/><E68/><V111/><F81/><W79/><G79/><T100/><D102/><U31/><E31/><V43/><F98/><W33/><G33/><T8/><D8/><U90/><E65/><V50/><F43/><W82/><G82/><T28/><D28/><U51/><E80/><V44/><F44/><W108/><G0/><T112/><D112/><U87/><E42/><V76/><F76/><W15/><G96/><T14/><AGARI ba="0,0" hai="14,17,22,45,47,49,53,56,94,97,100" m="53487" machi="14" ten="30,4000,0" yaku="25,1,8,1,52,1" doraHai="55" who="0" fromWho="0" sc="287,40,263,-10,220,-20,230,-10" /><INIT seed="3,0,0,1,4,126" ten="327,253,200,220" oya="3" hai0="130,6,71,17,59,79,29,88,98,8,31,92,94" hai1="75,134,28,63,18,44,80,25,38,100,122,46,84" hai2="127,105,33,121,54,70,119,55,123,48,51,35,40" hai3="115,65,132,37,109,86,117,30,50,107,61,133,95"/><W120/><G37/><T20/><D71/><U39/><E75/><V103/><F103/><W77/><G107/><T114/><D79/><U26/><E122/><N who="2" m="46603" /><F105/><W81/><G120/><T72/><D72/><U116/><E63/><V16/><F70/><W89/><G115/><T87/><D114/><U118/><E18/><V110/><F127/><W69/><G117/><N who="1" m="45162" /><E134/><V3/><F3/><W60/><G109/><T24/><D59/><U53/><E100/><V83/><F40/><W11/><G30/><T15/><D130/><U124/><E124/><V56/><F83/><W4/><G50/><T45/><D45/><N who="1" m="17515" /><E53/><V52/><F119/><W74/><REACH who="3" step="1"/><G60/><REACH who="3" ten="327,253,200,210" step="2"/><T9/><D31/><U0/><E28/><V85/><F110/><W106/><G106/><T10/><D29/><U1/><E38/><V42/><F42/><W43/><G43/><T47/><D47/><U125/><E39/><V12/><F85/><W113/><G113/><T108/><D108/><U14/><E125/><V101/><F101/><AGARI ba="0,1" hai="6,8,9,10,15,17,20,24,87,88,92,94,98,101" machi="101" ten="30,3900,0" yaku="7,1,8,1,54,1" doraHai="126" who="0" fromWho="2" sc="327,49,253,0,200,-39,210,0" owari="376,47.6,253,5.3,161,-33.9,210,-19.0" /></mjloggm>