<mjloggm ver="2.3"><GO type="225" lobby="0"/><UN n0="%E3%83%96%E3%83%83%E3%83%91%E3%82%AA%E3%83%96%E3%83%81%E3%82%AD%E3%83%B3" n1="%E3%83%81%E3%83%A7%E3%83%99%E3%83%83%E3%82%AF" n2="%E3%82%A2%E3%83%9E%E3%83%9D%EF%BD%9E%EF%BD%9E%E3%83%A9" n3="%E9%A6%AC%E5%BC%95%E7%81%AB%33" dan="16,16,17,17" rate="2205.16,2137.56,2082.23,2133.57" sx="M,M,M,M"/><TAIKYOKU oya="0"/><INIT seed="0,0,0,2,3,17" ten="250,250,250,250" oya="0" hai0="101,51,98,75,129,18,80,94,9,132,23,10,6" hai1="40,81,125,131,116,120,38,77,109,1,70,65,135" hai2="124,50,128,25,53,43,117,85,59,112,45,74,60" hai3="49,27,64,15,76,88,121,108,11,41,89,58,44"/><T130/><D132/><U93/><RYUUKYOKU type="yao9" ba="0,0" sc="250,0,250,0,250,0,250,0" hai1="1,38,40,65,70,77,81,93,109,116,120,125,131,135" /><INIT seed="0,1,0,2,0,37" ten="250,250,250,250" oya="0" hai0="98,18,111,89,24,47,129,106,117,113,23,16,36" hai1="42,32,75,45,122,65,9,21,30,33,1,14,25" hai2="62,8,104,41,90,53,87,57,80,132,107,108,69" hai3="131,133,110,27,120,95,88,51,38,115,125,73,46"/><T66/><D113/><U116/><E122/><V105/><F108/><W7/><G115/><T135/><D117/><U93/><E116/><V124/><F124/><W19/><G110/><T74/><D111/><U64/><E75/><V81/><F132/><W58/><G73/><T94/><D135/><U61/><E1/><V76/><F69/><W85/><G133/><T72/><D129/><U121/><E93/><V127/><F127/><W71/><G71/><T114/><D114/><U39/><E121/><V92/><F8/><W34/><G125/><T5/><D5/><U82/><E82/><V35/><F35/><W54/><G131/><T26/><D66/><U12/><E65/><V50/><REACH who="2" step="1"/><F76/><REACH who="2" ten="250,250,240,250" step="2"/><W99/><G120/><T123/><D123/><U59/><REACH who="1" step="1"/><E14/><REACH who="1" ten="250,240,240,250" step="2"/><V63/><F63/><W68/><G68/><T130/><D130/><U2/><E2/><V52/><F52/><W43/><G7/><AGARI ba="1,2" hai="7,9,12,21,25,30,32,33,39,42,45,59,61,64" machi="7" ten="30,3900,0" yaku="1,1,7,1,52,1,53,0" doraHai="37" doraHaiUra="109" who="1" fromWho="3" sc="250,0,240,62,240,0,250,-42" /><INIT seed="1,0,0,2,5,84" ten="250,302,240,208" oya="1" hai0="93,120,86,1,115,89,55,48,27,88,82,87,45" hai1="106,22,99,15,72,90,59,17,102,80,95,36,92" hai2="112,19,100,108,67,77,7,103,25,11,73,126,116" hai3="101,42,125,134,128,113,49,13,70,69,14,35,60"/><U110/><E36/><V26/><F116/><W47/><G113/><T23/><D120/><U21/><E110/><V114/><F126/><W124/><G35/><T38/><D115/><N who="2" m="44074" /><F67/><N who="3" m="41191" /><G13/><T104/><D104/><U2/><E2/><V91/><F77/><W44/><G14/><T133/><D133/><U29/><E72/><V96/><F73/><W56/><G101/><N who="2" m="38985" /><F19/><W3/><G3/><T50/><D1/><U79/><E79/><V16/><F7/><W0/><G0/><T68/><D68/><U4/><E4/><V130/><F108/><W30/><G30/><T98/><D98/><U105/><E105/><V32/><F32/><W8/><G8/><T81/><D38/><U24/><REACH who="1" step="1"/><E59/><REACH who="1" ten="250,292,240,208" step="2"/><V39/><F39/><N who="3" m="21599" /><G70/><T63/><D63/><U57/><E57/><V117/><F117/><W58/><G134/><T6/><D6/><U41/><E41/><V111/><F111/><W43/><G128/><T71/><D71/><U66/><E66/><V109/><F130/><W9/><G9/><T64/><D64/><U83/><E83/><V119/><F109/><W12/><G56/><T123/><D123/><U76/><E76/><V85/><F119/><W20/><G58/><T131/><D131/><U129/><E129/><V107/><F107/><W31/><G125/><T46/><D82/><U62/><E62/><V28/><F11/><W78/><G78/><T37/><D37/><U51/><E51/><N who="0" m="19497" /><D55/><U53/><E53/><V34/><F34/><W132/><G132/><T135/><D135/><U10/><E10/><V118/><F118/><W33/><G124/><T121/><D121/><RYUUKYOKU ba="0,1" sc="250,15,292,15,240,-15,208,-15" hai0="23,27,45,46,81,86,87,88,89,93" hai1="15,17,21,22,24,29,80,90,92,95,99,102,106" /><INIT seed="1,1,1,2,0,84" ten="265,307,225,193" oya="1" hai0="21,112,40,12,69,60,73,74,123,18,15,44,63" hai1="95,104,62,26,132,42,41,97,115,50,99,8,88" hai2="55,23,65,54,113,101,19,77,96,27,125,25,43" hai3="127,2,100,135,17,34,75,107,109,86,119,81,134"/><U59/><E115/><V1/><F125/><W85/><G2/><T110/><D112/><U14/><E132/><N who="3" m="50730" /><G34/><T57/><D110/><U48/><E104/><V3/><F113/><W39/><G17/><T6/><D123/><U122/><E26/><V33/><F77/><N who="3" m="44223" /><G39/><T108/><D108/><U129/><E97/><V68/><F43/><N who="1" m="16393" /><E129/><V94/><F1/><W66/><G66/><T64/><D12/><U71/><E71/><V20/><F33/><W56/><G56/><T52/><REACH who="0" step="1"/><D6/><REACH who="0" ten="255,307,225,193" step="2"/><N who="1" m="3351" /><E122/><V130/><F3/><W106/><G109/><T67/><D67/><AGARI ba="1,2" hai="48,50,59,62,67,88,95,99" m="3351,16393" machi="67" ten="30,5800,0" yaku="8,1,52,1,54,1" doraHai="84" who="1" fromWho="0" sc="255,-61,307,81,225,0,193,0" /><INIT seed="1,2,0,3,5,3" ten="194,388,225,193" oya="1" hai0="128,111,97,78,130,5,8,33,31,112,134,105,126" hai1="90,89,4,19,40,18,116,41,17,38,32,56,54" hai2="15,35,95,77,121,53,135,43,101,71,57,86,73" hai3="25,26,14,42,51,91,10,63,93,16,119,96,83"/><U114/><E32/><V88/><F71/><W48/><G119/><T13/><D112/><U69/><E69/><V84/><F121/><W113/><G113/><T61/><D111/><U98/><E116/><V55/><F135/><W6/><G63/><T123/><D123/><U102/><E38/><V115/><F115/><W104/><G104/><T62/><D78/><U1/><E1/><V30/><F43/><W2/><G83/><T52/><D134/><U75/><E75/><V36/><F36/><W133/><G133/><T64/><D126/><U58/><E4/><V72/><F101/><W34/><G34/><T59/><D33/><U81/><E81/><V132/><F132/><W46/><G51/><T20/><D105/><U76/><E76/><V125/><F125/><W87/><G96/><T124/><D97/><U100/><E17/><V44/><F30/><W108/><G108/><T92/><D92/><U80/><E80/><N who="2" m="47119" /><F35/><W129/><G129/><N who="0" m="49771" /><D124/><U120/><E98/><V49/><F73/><W127/><G127/><T12/><D31/><U117/><E114/><V70/><F70/><W11/><AGARI ba="2,0" hai="2,6,10,11,14,16,25,26,42,46,48,87,91,93" machi="11" ten="20,5200,0" yaku="0,1,7,1,52,1,54,1" doraHai="3" who="3" fromWho="3" sc="194,-15,388,-28,225,-15,193,58" /><INIT seed="2,0,0,1,5,36" ten="179,360,210,251" oya="2" hai0="68,49,72,16,125,99,134,10,63,34,103,6,97" hai1="94,58,20,42,23,32,21,50,111,51,93,11,43" hai2="109,123,71,126,79,0,124,9,102,122,5,59,30" hai3="101,85,48,24,26,60,28,113,29,105,27,88,15"/><V96/><F59/><W37/><G37/><T46/><D72/><U56/><E32/><V65/><F79/><W70/><G113/><T118/><D34/><U131/><E111/><V100/><F30/><N who="3" m="11883" /><G105/><T80/><D125/><N who="2" m="48234" /><F100/><W82/><G70/><T57/><D134/><U107/><E107/><N who="2" m="63943" /><F109/><W98/><G60/><AGARI ba="0,0" hai="0,5,9,60,65,71,122,123" m="63943,48234" machi="60" ten="30,2900,0" yaku="18,1,23,1" doraHai="36" who="2" fromWho="3" sc="179,0,360,0,210,29,251,-29" /><INIT seed="2,1,0,1,0,125" ten="179,360,239,222" oya="2" hai0="90,30,123,42,22,62,12,78,86,96,126,36,4" hai1="81,82,106,59,7,98,54,88,19,135,47,87,64" hai2="122,33,8,43,14,69,79,99,11,61,0,109,111" hai3="57,72,10,26,40,93,114,1,133,92,134,2,130"/><V34/><F122/><W76/><G130/><T63/><D123/><U115/><E115/><V48/><F79/><W112/><G40/><T28/><D126/><U18/><E106/><V37/><F48/><W101/><G57/><T55/><D36/><U128/><E128/><V45/><F14/><W77/><G26/><T83/><D42/><U21/><E98/><V51/><F51/><W132/><G76/><T20/><D4/><U117/><E135/><V13/><F99/><N who="3" m="59623" /><G93/><N who="0" m="56375" /><D55/><U108/><E108/><N who="2" m="41547" /><F0/><N who="3" m="107" /><G10/><N who="2" m="3625" /><F13/><W71/><G71/><T52/><D12/><U67/><E117/><V60/><F69/><W56/><G56/><N who="0" m="35079" /><D63/><AGARI ba="1,0" hai="33,34,37,43,45,60,61,63" m="3625,41547" machi="63" ten="30,2900,0" yaku="14,1,10,1" doraHai="125" who="2" fromWho="0" sc="179,-32,360,0,239,32,222,0" /><INIT seed="2,2,0,2,5,15" ten="147,360,271,222" oya="2" hai0="63,116,25,30,78,44,58,135,132,51,90,82,97" hai1="103,23,33,61,32,10,9,0,6,98,122,66,75" hai2="2,55,70,119,130,56,72,42,95,105,86,111,69" hai3="134,37,112,53,104,77,39,110,65,123,101,96,34"/><V3/><F119/><W89/><G123/><T106/><D116/><U100/><E100/><V128/><F72/><W26/><G110/><T92/><D106/><U8/><E122/><V20/><F42/><W115/><G134/><T93/><D135/><U62/><E62/><V60/><F105/><W43/><G77/><T117/><D117/><U81/><E23/><V5/><F111/><W129/><G129/><N who="2" m="49769" /><F20/><W80/><G65/><T83/><D132/><U79/><E9/><N who="2" m="2231" /><F3/><W67/><G67/><T107/><D107/><N who="1" m="63991" /><E10/><V127/><F127/><W45/><G53/><T114/><D114/><N who="3" m="43561" /><G89/><AGARI ba="2,0" hai="55,56,60,69,70,86,89,95" m="2231,49769" machi="89" ten="30,1500,0" yaku="19,1" doraHai="15" who="2" fromWho="3" sc="147,0,360,0,271,21,222,-21" /><INIT seed="2,3,0,5,5,124" ten="147,360,292,201" oya="2" hai0="134,32,3,31,24,119,95,118,91,122,4,84,78" hai1="111,130,45,7,123,76,129,109,42,48,99,1,46" hai2="73,120,103,115,8,27,81,72,58,25,29,21,71" hai3="117,60,56,13,80,66,44,50,55,37,65,57,68"/><V18/><F115/><W51/><G80/><T61/><D122/><U69/><E69/><V93/><F71/><N who="3" m="42407" /><G13/><T126/><D126/><U59/><E123/><V47/><F120/><W19/><G19/><T106/><D134/><U102/><E76/><V15/><F81/><W132/><G117/><T97/><D78/><U105/><E7/><V82/><F82/><W14/><G14/><T23/><D61/><U40/><E59/><N who="3" m="22602" /><G132/><T113/><D113/><U2/><E2/><V70/><F70/><W33/><G33/><T0/><D0/><U35/><E35/><V6/><F93/><W43/><G55/><T28/><D106/><U101/><E1/><V116/><F103/><W83/><G83/><T22/><D97/><U133/><E133/><V108/><F116/><W89/><G89/><T90/><D90/><U107/><E48/><V121/><F121/><W87/><G87/><T34/><D119/><U94/><E94/><V131/><F6/><W5/><G5/><T125/><D118/><U64/><E64/><V86/><F86/><W127/><G127/><T26/><REACH who="0" step="1"/><D125/><REACH who="0" ten="137,360,292,201" step="2"/><U77/><E77/><V52/><F73/><W74/><G74/><T67/><D67/><U41/><E105/><V98/><F98/><W53/><G53/><T75/><D75/><U54/><E54/><V128/><F52/><W39/><G39/><T112/><D112/><U16/><E107/><V79/><F72/><W20/><G66/><T49/><D49/><U92/><E99/><V36/><F36/><W17/><G68/><T9/><AGARI ba="3,1" hai="3,4,9,22,23,24,26,28,31,32,34,84,91,95" machi="9" ten="30,4000,0" yaku="1,1,0,1,9,1,53,0" doraHai="124" doraHaiUra="10" who="0" fromWho="0" sc="137,59,360,-13,292,-23,201,-13" /><INIT seed="3,0,0,4,2,20" ten="196,347,269,188" oya="3" hai0="56,72,7,98,35,11,114,94,103,102,111,43,84" hai1="117,38,44,34,121,49,48,39,10,50,26,29,13" hai2="135,54,23,30,110,124,16,12,71,75,109,15,126" hai3="123,31,127,83,93,131,2,91,27,63,115,128,74"/><W130/><G115/><T57/><D72/><U51/><E121/><V46/><F71/><W61/><G123/><T80/><D111/><N who="2" m="42506" /><F75/><W66/><G127/><N who="2" m="48681" /><F135/><W45/><G2/><T8/><D114/><U100/><E100/><V90/><F90/><W68/><G61/><T133/><D133/><U36/><E117/><V104/><F104/><W53/><G45/><T33/><D103/><U19/><REACH who="1" step="1"/><E38/><REACH who="1" ten="196,337,269,188" step="2"/><V52/><F30/><W118/><G118/><T28/><D102/><U88/><E88/><V14/><F46/><W73/><G83/><T1/><D28/><U119/><E119/><V105/><F105/><W113/><G113/><T55/><D80/><U116/><E116/><V76/><F76/><W81/><G81/><T106/><D106/><U108/><E108/><V37/><F37/><W58/><G68/><T82/><D82/><U5/><E5/><V22/><F22/><N who="3" m="15863" /><G66/><T4/><D4/><U125/><E125/><V25/><AGARI ba="0,1" hai="12,14,15,16,23,25,52,54" m="48681,42506" machi="25" ten="40,8000,1" yaku="14,1,18,1,52,1,54,2" doraHai="20" who="2" fromWho="2" sc="196,-20,337,-20,269,90,188,-40" owari="176,-22.4,317,11.7,359,45.9,148,-35.2" /></mjloggm>