<mjloggm ver="2.3"><GO type="225" lobby="0"/><UN n0="%E3%83%A9%E3%83%BC%E3%83%A1%E3%83%B3%E4%BA%94%E9%83%8E" n1="%E3%83%96%E3%83%83%E3%83%91%E3%82%AA%E3%83%96%E3%83%81%E3%82%AD%E3%83%B3" n2="%E9%A6%AC%E5%BC%95%E7%81%AB%33" n3="%E6%9C%88%E5%B3%B6%E5%9F%BA" dan="16,16,16,16" rate="2116.40,2148.69,2142.54,2101.40" sx="M,M,M,M"/><TAIKYOKU oya="0"/><INIT seed="0,0,0,3,3,41" ten="250,250,250,250" oya="0" hai0="43,117,62,58,99,87,14,104,0,42,115,59,19" hai1="31,76,118,71,54,17,7,40,15,46,57,64,130" hai2="24,88,12,78,108,132,47,2,26,80,56,90,134" hai3="112,32,5,94,121,116,65,27,79,10,51,106,119"/><T73/><D115/><U81/><E118/><V123/><F108/><W23/><G112/><T11/><D117/><U67/><E130/><V3/><F123/><W126/><G106/><T120/><D73/><U44/><E31/><V74/><F12/><W84/><G121/><T25/><D120/><U6/><E71/><V77/><F56/><W36/><G36/><T89/><D0/><U122/><E122/><V1/><F78/><W61/><G32/><T125/><D125/><U95/><E95/><V100/><F100/><W33/><G33/><T114/><D114/><U131/><E131/><V30/><F47/><N who="1" m="17961" /><E40/><V38/><F38/><W29/><G126/><T101/><D42/><U127/><E127/><V82/><F82/><W53/><G94/><T55/><D43/><U135/><E135/><N who="2" m="51755" /><F26/><W20/><G27/><T85/><D25/><U21/><E81/><V97/><F97/><W96/><G96/><T63/><REACH who="0" step="1"/><D89/><REACH who="0" ten="240,250,250,250" step="2"/><U45/><E76/><V60/><F90/><W124/><G124/><T16/><D16/><U70/><E70/><V28/><F88/><W107/><G116/><T92/><D92/><U22/><E7/><V18/><F18/><W98/><G5/><T13/><D13/><U129/><E6/><V91/><F91/><W105/><G119/><T110/><D110/><U66/><E129/><V72/><F72/><W52/><G79/><T75/><D75/><U37/><E37/><V68/><F24/><W133/><G133/><T50/><D50/><N who="1" m="29007" /><E22/><V4/><F4/><W9/><G23/><T113/><D113/><U93/><E93/><V109/><F109/><RYUUKYOKU ba="0,1" sc="240,10,250,10,250,10,250,-30" hai0="11,14,19,55,58,59,62,63,85,87,99,101,104" hai1="15,17,21,57,64,66,67" hai2="1,2,3,28,30,60,68,74,77,80" /><INIT seed="0,1,1,5,3,78" ten="250,260,260,220" oya="0" hai0="116,34,126,37,12,134,71,32,29,20,7,81,53" hai1="94,113,38,111,57,133,95,24,59,125,47,91,75" hai2="35,97,102,49,23,120,123,16,124,25,17,66,65" hai3="36,100,130,8,5,114,77,9,30,93,52,99,40"/><T74/><D116/><U61/><E111/><V127/><F35/><W46/><G114/><T14/><D71/><U70/><E113/><V45/><F17/><W121/><G130/><T27/><D37/><U72/><E125/><N who="2" m="48203" /><F66/><W79/><G121/><T69/><D126/><U33/><E133/><V22/><F22/><W48/><G30/><T87/><D74/><U128/><E70/><V119/><F65/><W54/><G54/><T106/><D69/><U101/><E128/><V10/><F10/><W76/><REACH who="3" step="1"/><G5/><REACH who="3" ten="250,260,260,210" step="2"/><T115/><D115/><U3/><E33/><V109/><F119/><W118/><G118/><T2/><D32/><U51/><E72/><V135/><F135/><W28/><G28/><T82/><D34/><U105/><E75/><V90/><F109/><W43/><G43/><T73/><D134/><U86/><E3/><V6/><F6/><W117/><G117/><T110/><D110/><U68/><E68/><V103/><F123/><W64/><G64/><T55/><D2/><U88/><E59/><AGARI ba="1,2" hai="8,9,36,40,46,48,52,59,76,77,79,93,99,100" machi="59" ten="40,2600,0" yaku="1,1,54,1,53,0" doraHai="78" doraHaiUra="129" who="3" fromWho="1" sc="250,0,260,-29,260,0,210,49" /><INIT seed="1,0,0,5,1,75" ten="250,231,260,259" oya="1" hai0="109,108,96,54,69,26,63,59,67,11,13,135,41" hai1="124,31,70,117,72,129,21,113,68,0,115,4,134" hai2="106,118,57,101,20,82,130,19,33,125,103,76,58" hai3="53,28,5,128,78,39,37,34,30,122,133,65,92"/><U116/><E72/><V80/><F118/><N who="1" m="45673" /><E31/><V79/><F33/><W120/><G65/><T85/><D135/><U49/><E21/><V12/><F125/><W73/><G5/><T93/><D85/><U60/><E4/><V61/><F130/><W18/><G133/><T50/><D26/><U102/><E102/><N who="2" m="38923" /><F106/><W48/><G92/><T127/><D127/><U46/><E0/><V25/><F12/><W77/><G73/><T14/><D41/><N who="1" m="24783" /><E134/><V43/><F43/><W56/><G128/><T100/><REACH who="0" step="1"/><D14/><REACH who="0" ten="240,231,260,259" step="2"/><U51/><E124/><V27/><F27/><W10/><G120/><T95/><D95/><U123/><E129/><V8/><F25/><W83/><G122/><T104/><D104/><U35/><E123/><V38/><F82/><W22/><G83/><T7/><AGARI ba="0,1" hai="7,11,13,50,54,59,63,67,69,93,96,100,108,109" machi="7" ten="30,2000,0" yaku="1,1,0,1,53,0" doraHai="75" doraHaiUra="71" who="0" fromWho="0" sc="240,30,231,-10,260,-5,259,-5" /><INIT seed="2,0,0,5,2,99" ten="270,221,255,254" oya="2" hai0="108,26,54,124,14,16,102,85,70,78,96,79,89" hai1="35,21,84,83,115,56,3,58,1,10,19,17,53" hai2="90,121,33,47,91,92,38,86,95,57,51,6,24" hai3="73,129,50,117,4,55,11,126,27,132,41,103,5"/><V20/><F121/><W107/><G117/><T15/><D70/><U116/><E115/><V111/><F33/><W76/><G126/><T125/><D108/><U113/><E113/><V128/><F128/><W22/><G129/><T93/><D54/><U0/><E116/><V67/><F38/><W46/><G132/><T60/><D60/><U123/><E123/><V134/><F134/><W114/><G114/><T64/><D64/><U135/><E35/><V34/><F34/><W31/><G73/><T72/><D26/><U71/><E71/><V105/><F105/><W42/><G76/><T122/><D122/><U12/><E135/><V127/><F6/><W13/><REACH who="3" step="1"/><G5/><REACH who="3" ten="270,221,255,244" step="2"/><T49/><D72/><U80/><E84/><V104/><F127/><W9/><G9/><N who="0" m="6223" /><D125/><U44/><E44/><V25/><F47/><W81/><G81/><T87/><D87/><U119/><E119/><V37/><F86/><W61/><G61/><T133/><D133/><U29/><E83/><V62/><F62/><W98/><AGARI ba="0,1" hai="4,11,13,22,27,31,41,42,46,50,55,98,103,107" machi="98" ten="30,7900,0" yaku="1,1,0,1,52,1,53,1" doraHai="99" doraHaiUra="94" who="3" fromWho="3" sc="270,-20,221,-20,255,-39,244,89" /><INIT seed="3,0,0,4,0,135" ten="250,201,216,333" oya="3" hai0="59,81,117,25,47,23,97,84,85,16,104,40,119" hai1="80,29,19,92,43,74,95,100,77,79,133,57,131" hai2="41,54,90,111,44,9,45,1,15,70,130,126,115" hai3="56,55,2,50,124,7,83,13,4,12,69,65,3"/><W22/><G3/><T46/><D104/><U32/><E133/><V78/><F1/><W134/><G2/><T63/><D97/><U67/><E79/><V21/><F70/><W101/><G101/><T36/><D47/><U58/><E131/><V14/><F115/><W39/><G39/><T105/><D105/><U18/><E43/><V128/><F111/><W62/><G7/><T127/><D85/><U89/><E100/><V24/><F126/><W103/><G124/><T48/><D127/><U88/><E32/><V31/><F78/><W52/><G4/><T30/><D30/><U116/><E29/><V49/><F90/><N who="1" m="34921" /><E74/><V66/><F66/><W91/><G65/><T120/><D36/><U132/><E132/><V6/><REACH who="2" step="1"/><F15/><REACH who="2" ten="250,201,206,333" step="2"/><W93/><G13/><T109/><D109/><U64/><E116/><V5/><F5/><W123/><G12/><T73/><D117/><U42/><E42/><V106/><F106/><W96/><G69/><T102/><D119/><U27/><E67/><V34/><F34/><W87/><G134/><T0/><D0/><U98/><E64/><V129/><F129/><W33/><G33/><T10/><D40/><U71/><E71/><V51/><AGARI ba="0,1" hai="6,9,14,21,24,31,41,44,45,49,51,54,128,130" machi="51" ten="30,2000,0" yaku="1,1,0,1,53,0" doraHai="135" doraHaiUra="75" who="2" fromWho="2" sc="250,-5,201,-5,206,30,333,-10" owari="245,4.5,196,-30.4,236,-16.4,323,42.3" /></mjloggm>