<mjloggm ver="2.3"><GO type="225" lobby="0"/><UN n0="%4C%4F%4C%49%54%41" n1="%63%68%78%62%64" n2="%E6%B8%A9%E2%98%85%E6%83%85%E2%98%85%E6%8E%AA%E2%98%85%E7%BD%AE" n3="%E5%82%8D%E8%8B%A5%E7%84%A1%E4%BA%BA%35%31" dan="16,16,17,16" rate="2194.23,2105.26,2178.16,2152.72" sx="F,M,M,M"/><TAIKYOKU oya="0"/><INIT seed="0,0,0,3,5,2" ten="250,250,250,250" oya="0" hai0="30,135,120,4,1,76,20,86,19,90,109,17,27" hai1="46,0,101,45,12,33,9,81,107,13,111,125,103" hai2="28,118,7,93,6,108,88,26,49,116,65,123,117" hai3="8,94,24,92,41,15,48,110,14,50,11,75,130"/><T106/><D120/><U133/><E33/><N who="2" m="20631" /><F123/><W132/><G110/><T99/><D135/><U25/><E111/><V95/><F108/><W134/><G75/><T66/><D109/><U78/><E133/><V23/><F65/><W113/><G24/><T42/><D76/><U32/><E125/><V52/><F23/><W55/><G41/><T102/><D66/><U80/><E25/><V57/><F95/><W72/><G72/><T87/><D42/><U31/><E32/><V73/><F73/><W121/><G55/><T69/><D69/><U40/><E31/><V128/><F128/><W127/><G121/><T114/><D114/><U77/><E40/><V63/><F49/><W22/><G22/><T56/><D56/><U68/><E68/><V126/><F126/><W67/><G67/><T84/><REACH who="0" step="1"/><D90/><REACH who="0" ten="240,250,250,250" step="2"/><U64/><E64/><V34/><F34/><W104/><G113/><T98/><D98/><AGARI ba="0,1" hai="6,7,52,57,63,88,93,98,116,117,118" m="20631" machi="98" ten="30,8000,1" yaku="12,1,52,2,54,2" doraHai="2" who="2" fromWho="0" sc="240,-80,250,0,250,90,250,0" /><INIT seed="1,0,0,1,0,18" ten="160,250,340,250" oya="1" hai0="104,8,15,63,73,6,11,49,102,55,28,116,25" hai1="26,99,87,135,113,83,24,107,82,17,124,101,1" hai2="126,117,16,31,51,69,30,39,61,94,90,65,105" hai3="111,21,2,75,66,46,53,118,62,100,130,68,79"/><U14/><E113/><V20/><F117/><W19/><G2/><T125/><D116/><U71/><E1/><V109/><F39/><W86/><G111/><T36/><D36/><U54/><E124/><V3/><F105/><W37/><G130/><T97/><D125/><U50/><E135/><V106/><F106/><W92/><G118/><T131/><D131/><U42/><E42/><V95/><F3/><W77/><G75/><T33/><D73/><U7/><E7/><V4/><F4/><W27/><G53/><T122/><D8/><U78/><E83/><V34/><F34/><W10/><G10/><T56/><REACH who="0" step="1"/><D122/><REACH who="0" ten="150,250,340,250" step="2"/><U41/><E71/><V74/><F74/><W96/><REACH who="3" step="1"/><G86/><REACH who="3" ten="150,250,340,240" step="2"/><T40/><D40/><AGARI ba="0,2" hai="19,21,27,37,40,46,62,66,68,77,79,92,96,100" machi="40" ten="40,8000,1" yaku="1,1,2,1,52,1,53,1" doraHai="18" doraHaiUra="60" who="3" fromWho="0" sc="150,-80,250,0,340,0,240,100" /><INIT seed="2,0,0,3,1,48" ten="70,250,340,340" oya="2" hai0="73,32,64,22,106,121,14,57,15,78,132,86,24" hai1="83,76,66,112,80,5,82,127,49,130,115,59,36" hai2="68,18,19,81,111,9,102,53,109,63,88,62,10" hai3="27,107,125,71,98,104,54,58,33,87,40,94,90"/><V20/><F102/><W60/><G125/><T133/><D121/><U39/><E127/><V114/><F114/><W38/><G38/><T118/><D32/><U79/><E130/><V46/><F19/><W28/><G40/><T120/><D120/><U128/><E128/><V116/><F116/><W117/><G117/><T25/><D118/><U37/><E5/><V96/><F68/><W131/><G131/><T103/><D73/><U35/><E35/><V56/><F63/><W2/><G2/><T65/><D103/><U77/><E49/><V95/><F81/><W31/><G31/><T100/><D100/><U67/><REACH who="1" step="1"/><E59/><REACH who="1" ten="70,240,340,340" step="2"/><V41/><F109/><W52/><G71/><T6/><D6/><U17/><E17/><V4/><F4/><W92/><G54/><T108/><D57/><U110/><E110/><V3/><F3/><W97/><G104/><T61/><D108/><U55/><E55/><V122/><F111/><W0/><G107/><T26/><D106/><U13/><E13/><V134/><F122/><W99/><REACH who="3" step="1"/><G0/><REACH who="3" ten="70,240,340,330" step="2"/><T23/><D133/><U129/><E129/><V29/><F134/><W51/><G51/><T119/><D132/><U43/><E43/><V123/><F123/><W93/><AGARI ba="0,2" hai="27,28,33,52,58,60,87,90,92,93,94,97,98,99" machi="93" ten="30,12000,2" yaku="1,1,0,1,52,1,54,1,53,3" doraHai="48" doraHaiUra="91" who="3" fromWho="3" sc="70,-30,240,-30,340,-60,330,140" /><INIT seed="3,0,0,2,0,49" ten="40,210,280,470" oya="3" hai0="0,108,59,70,47,22,6,120,38,54,82,60,126" hai1="109,67,61,77,46,14,84,107,52,9,110,96,51" hai2="125,53,80,63,114,65,41,74,105,21,117,73,26" hai3="55,116,112,90,122,130,29,37,2,1,13,15,118"/><W87/><G37/><T64/><D6/><U68/><E84/><V129/><F117/><W104/><G104/><T119/><D22/><U16/><REACH who="1" step="1"/><E77/><REACH who="1" ten="40,200,280,470" step="2"/><V39/><F74/><W72/><G87/><T76/><D0/><U24/><E24/><V128/><F73/><W135/><G2/><T115/><D119/><U31/><E31/><V18/><F26/><W85/><G29/><T79/><D79/><U17/><E17/><V99/><F18/><W92/><G85/><T8/><D8/><U71/><E71/><V111/><F128/><W78/><G1/><T50/><D120/><U32/><E32/><V35/><F129/><W5/><G78/><T57/><D108/><U11/><E11/><V69/><F35/><W12/><G72/><T88/><D126/><U97/><E97/><V25/><F99/><W102/><G122/><T27/><D27/><U103/><AGARI ba="0,1" hai="9,14,16,46,51,52,61,67,68,96,103,107,109,110" machi="103" ten="30,12000,2" yaku="1,1,0,1,52,1,54,2,53,1" doraHai="49" doraHaiUra="40" who="1" fromWho="1" sc="40,-30,200,130,280,-30,470,-60" owari="10,-49.0,330,13.0,250,-15.0,410,51.0" /></mjloggm>