<mjloggm ver="2.3"><GO type="225" lobby="0"/><UN n0="%E4%BF%BA%E3%81%A8%E5%A6%96%E5%A4%A2" n1="%72%69%6F%75%63%68%61%6E" n2="%E6%98%93%E5%88%A9%E8%96%A9%E4%BC%AF" n3="%E3%83%A9%E3%82%B9%E7%8E%87%EF%BC%93%E5%89%B2" dan="16,16,17,16" rate="2207.73,2112.07,2198.16,2205.76" sx="F,M,F,F"/><TAIKYOKU oya="0"/><INIT seed="0,0,0,1,2,65" ten="250,250,250,250" oya="0" hai0="104,123,24,119,77,58,130,99,127,114,94,60,42" hai1="79,108,64,67,101,15,125,100,71,134,47,83,0" hai2="20,1,122,59,32,16,105,7,70,110,81,88,6" hai3="126,74,86,17,63,43,25,5,129,112,52,40,96"/><T89/><D114/><U128/><E0/><V97/><F32/><W30/><G74/><T106/><D119/><U75/><E108/><V50/><F110/><W18/><G112/><T39/><D123/><U87/><E128/><V68/><F122/><W80/><G5/><T78/><D130/><U26/><E125/><V54/><F105/><W23/><G126/><T2/><D127/><U73/><E134/><V66/><F66/><W84/><G96/><T48/><D39/><U102/><E47/><V34/><F34/><W57/><G86/><T33/><D2/><U4/><E26/><V10/><F7/><W115/><G115/><T121/><D121/><U51/><E51/><V124/><F124/><W120/><G120/><T132/><D132/><U131/><E131/><V61/><F50/><W82/><G82/><T111/><D104/><U53/><E53/><V8/><F8/><W46/><G129/><T95/><D106/><U98/><E98/><V107/><F107/><W113/><G113/><T109/><D33/><U21/><E64/><V85/><REACH who="2" step="1"/><F97/><REACH who="2" ten="250,250,240,250" step="2"/><W56/><G56/><T35/><D35/><U41/><E4/><V49/><F49/><N who="3" m="26823" /><G43/><T29/><D111/><U55/><E41/><V31/><F31/><W38/><G38/><T9/><D109/><U3/><E3/><V133/><F133/><W93/><G93/><T118/><D118/><U45/><E21/><V28/><F28/><W92/><G92/><T14/><D94/><U69/><E67/><V72/><F72/><N who="1" m="27721" /><E15/><AGARI ba="0,1" hai="1,6,10,15,16,20,54,59,61,68,70,81,85,88" machi="15" ten="30,12000,2" yaku="1,1,7,1,52,2,54,2,53,1" doraHai="65" doraHaiUra="11" who="2" fromWho="1" sc="250,0,250,-120,240,130,250,0" /><INIT seed="1,0,0,3,2,19" ten="250,130,370,250" oya="1" hai0="65,118,43,47,72,21,90,32,123,109,127,135,68" hai1="94,7,134,74,77,124,35,28,23,92,116,1,125" hai2="112,64,6,58,49,76,8,73,4,81,89,105,100" hai3="39,103,113,20,59,70,18,85,17,48,25,114,63"/><U41/><E116/><V31/><F112/><W126/><G39/><T98/><D118/><U46/><E134/><V44/><F31/><W122/><G122/><T115/><D115/><U62/><E35/><V34/><F34/><W79/><G126/><N who="1" m="48746" /><E62/><V61/><F89/><W33/><G33/><T38/><D32/><U69/><E69/><V60/><F60/><W13/><G70/><T106/><D123/><U97/><E77/><V96/><REACH who="2" step="1"/><F8/><REACH who="2" ten="250,130,360,250" step="2"/><W129/><G63/><T56/><D127/><U130/><E130/><V50/><F50/><W119/><G129/><T110/><D90/><U22/><E28/><V57/><F57/><W16/><G119/><T45/><D68/><U66/><E66/><V36/><F36/><W3/><G114/><T117/><D117/><U99/><E99/><V101/><F101/><W78/><G103/><T30/><D30/><U9/><E97/><V107/><F107/><W86/><G113/><T14/><D98/><U102/><E102/><V24/><F24/><W121/><G121/><T93/><D106/><U54/><E54/><AGARI ba="0,1" hai="4,6,44,49,54,58,61,64,73,76,81,96,100,105" machi="54" ten="30,2000,0" yaku="1,1,7,1,53,0" doraHai="19" doraHaiUra="132" who="2" fromWho="1" sc="250,0,130,-20,360,30,250,0" /><INIT seed="2,0,0,4,2,108" ten="250,110,390,250" oya="2" hai0="30,22,50,96,14,43,41,91,31,28,23,123,54" hai1="60,58,129,79,93,20,92,49,99,116,37,109,121" hai2="38,53,18,106,85,111,118,72,125,45,56,82,73" hai3="39,88,117,132,9,69,67,19,21,55,120,26,131"/><V97/><F118/><W90/><G117/><T44/><D123/><U62/><E116/><V124/><F18/><W133/><G120/><T35/><D35/><U112/><E121/><V33/><F33/><W1/><G39/><T94/><D14/><U8/><E37/><V7/><F7/><N who="3" m="1263" /><G67/><T114/><D114/><U119/><E119/><V0/><F0/><W57/><G69/><T11/><D11/><U122/><E122/><V102/><F45/><W3/><G3/><T2/><REACH who="0" step="1"/><D2/><REACH who="0" ten="240,110,390,250" step="2"/><U89/><E112/><V105/><F111/><W134/><G131/><T80/><D80/><U64/><E129/><V95/><F82/><W135/><G135/><T107/><D107/><U83/><E109/><V81/><F105/><W115/><G115/><T32/><D32/><U86/><E8/><V101/><F81/><W4/><G4/><T71/><D71/><U128/><E128/><V15/><F106/><W76/><G76/><T77/><D77/><U52/><E64/><V59/><F15/><W110/><G110/><T126/><D126/><U34/><E34/><V24/><F125/><W25/><G25/><T6/><D6/><U63/><E93/><V127/><F24/><W27/><G27/><T103/><D103/><U74/><REACH who="1" step="1"/><E74/><REACH who="1" ten="240,100,390,250" step="2"/><V87/><F73/><W42/><G134/><T12/><D12/><U51/><E51/><V13/><F72/><W130/><G133/><T98/><D98/><U17/><E17/><V66/><F124/><W84/><G132/><T113/><D113/><U68/><E68/><V10/><F127/><W65/><G130/><T40/><AGARI ba="0,2" hai="22,23,28,30,31,40,41,43,44,50,54,91,94,96" machi="40" ten="30,7900,0" yaku="1,1,5,1,0,1,8,1,53,0" doraHai="108" doraHaiUra="100" who="0" fromWho="0" sc="240,99,100,-20,390,-39,250,-20" /><INIT seed="3,0,0,3,4,61" ten="339,80,351,230" oya="3" hai0="27,106,36,7,48,133,72,102,123,110,20,124,37" hai1="25,11,81,26,54,91,5,60,131,4,69,66,56" hai2="99,87,18,50,63,114,44,92,55,86,71,32,45" hai3="74,88,85,120,1,22,57,19,16,51,80,82,65"/><W10/><G120/><T17/><D123/><U108/><E108/><V43/><F32/><W41/><G74/><T75/><D110/><U109/><E109/><V90/><F114/><W6/><G41/><T96/><D133/><U30/><E131/><V122/><F122/><W31/><G82/><T111/><D111/><U119/><E119/><V49/><F71/><W112/><G112/><T39/><D124/><U29/><E81/><V125/><F125/><W23/><G51/><T0/><REACH who="0" step="1"/><D48/><REACH who="0" ten="329,80,351,230" step="2"/><U121/><E121/><V33/><F33/><W47/><G47/><T126/><D126/><U104/><E104/><V130/><F130/><W135/><G135/><T40/><D40/><U83/><E83/><V118/><F118/><W84/><G84/><T127/><D127/><U100/><E100/><V97/><F63/><W134/><G134/><T8/><AGARI ba="0,1" hai="0,7,8,17,20,27,36,37,39,72,75,96,102,106" machi="8" ten="40,8000,1" yaku="1,1,0,1,53,3" doraHai="61" doraHaiUra="70" who="0" fromWho="0" sc="329,90,80,-20,351,-20,230,-40" owari="419,51.9,60,-44.0,331,13.1,190,-21.0" /></mjloggm>