<mjloggm ver="2.3"><GO type="225" lobby="0"/><UN n0="%E3%81%A1%E3%82%83%E3%81%93%E3%81%93" n1="%72%69%6F%75%63%68%61%6E" n2="%E3%82%8C%E3%81%99%E3%81%93" n3="%72%65%6E%6B%75%6E" dan="16,16,17,17" rate="2151.87,2107.38,2130.93,2208.88" sx="F,M,F,M"/><TAIKYOKU oya="0"/><INIT seed="0,0,0,5,3,83" ten="250,250,250,250" oya="0" hai0="56,117,41,26,103,92,67,11,128,72,100,97,125" hai1="99,129,119,50,38,85,94,22,2,46,86,20,82" hai2="12,9,44,81,115,113,121,109,134,36,68,112,17" hai3="16,45,29,114,116,90,18,27,32,131,51,122,110"/><T37/><D117/><U120/><E119/><V53/><F121/><W63/><G116/><T40/><D72/><U61/><E120/><V89/><F68/><W108/><G122/><T7/><D128/><U55/><E2/><V111/><F134/><W25/><G131/><T88/><D125/><U105/><E129/><V10/><F10/><W34/><G114/><T64/><D37/><U77/><E38/><V87/><F36/><W70/><G90/><T39/><D26/><U73/><E105/><V54/><F54/><W107/><G107/><T126/><D126/><U132/><E132/><V95/><F95/><W74/><G74/><T104/><D103/><U79/><E61/><V57/><F57/><W65/><G32/><T78/><D78/><U23/><REACH who="1" step="1"/><E77/><REACH who="1" ten="250,240,250,250" step="2"/><V5/><F5/><W47/><G47/><T15/><D39/><U133/><E133/><V31/><F31/><W76/><G76/><T13/><D56/><U0/><E0/><V30/><F30/><W28/><G28/><T33/><D33/><U49/><E49/><AGARI ba="0,1" hai="9,12,17,44,49,53,81,87,89,109,111,112,113,115" machi="49" ten="50,6400,0" yaku="25,2,52,1" doraHai="83" who="2" fromWho="1" sc="250,0,240,-64,250,74,250,0" /><INIT seed="1,0,0,5,4,129" ten="250,176,324,250" oya="1" hai0="10,103,21,42,77,60,95,7,22,68,65,133,18" hai1="116,54,132,78,118,49,8,73,43,25,89,111,106" hai2="6,87,53,28,97,29,14,51,86,32,94,130,121" hai3="117,48,1,41,109,91,75,100,30,102,35,39,26"/><U119/><E106/><V23/><F32/><W56/><G1/><T72/><D42/><U126/><E126/><V59/><F121/><W71/><G71/><T17/><D77/><U93/><E111/><V84/><F130/><W74/><G39/><T33/><D33/><U36/><E132/><V67/><F67/><W34/><G91/><T79/><D79/><U50/><E25/><V90/><F6/><W40/><G56/><T12/><D72/><U16/><E36/><V123/><F123/><W44/><G109/><T19/><D133/><U80/><E43/><V82/><F82/><W24/><G117/><T4/><REACH who="0" step="1"/><D7/><REACH who="0" ten="240,176,324,250" step="2"/><U11/><E16/><AGARI ba="0,1" hai="14,16,23,28,29,51,53,59,84,86,87,90,94,97" machi="16" ten="40,2600,0" yaku="8,1,54,1" doraHai="129" who="2" fromWho="1" sc="240,0,176,-26,324,36,250,0" /><INIT seed="2,0,0,3,4,56" ten="240,150,360,250" oya="2" hai0="22,55,115,69,25,58,90,126,75,17,24,5,59" hai1="23,38,33,107,40,49,77,47,60,18,130,28,7" hai2="99,63,83,80,128,85,45,73,68,74,4,134,135" hai3="129,61,44,132,14,120,125,20,15,51,11,70,86"/><V71/><F128/><W119/><G120/><T16/><D75/><U78/><E130/><V113/><F113/><W37/><G119/><T98/><D69/><U50/><E107/><V31/><F31/><W88/><G37/><T26/><D115/><U91/><E7/><V27/><F27/><N who="0" m="10314" /><D58/><U104/><E104/><V66/><F4/><W131/><G125/><T101/><D5/><U46/><E28/><V29/><F29/><W32/><G32/><T103/><D17/><U106/><E106/><V111/><F111/><W42/><G132/><N who="2" m="50729" /><F71/><W3/><G3/><T64/><D64/><U21/><E33/><V93/><F45/><W19/><G14/><T110/><D126/><U114/><E114/><V84/><F84/><W8/><G129/><T124/><D110/><U43/><E38/><V96/><F83/><W95/><REACH who="3" step="1"/><G131/><REACH who="3" ten="240,150,360,240" step="2"/><T82/><D124/><U54/><E91/><N who="2" m="55743" /><F96/><W67/><AGARI ba="0,1" hai="8,11,15,19,20,42,44,51,61,67,70,86,88,95" machi="67" ten="30,7900,0" yaku="1,1,0,1,52,1,54,1,53,0" doraHai="56" doraHaiUra="94" who="3" fromWho="3" sc="240,-20,150,-20,360,-39,240,89" /><INIT seed="3,0,0,1,2,48" ten="220,130,321,329" oya="3" hai0="123,38,126,105,22,60,128,45,76,131,96,68,132" hai1="108,95,36,9,71,37,16,109,65,87,72,58,111" hai2="35,42,69,29,125,12,100,41,39,15,116,97,21" hai3="77,52,56,106,23,94,0,74,92,50,110,34,49"/><W53/><G106/><T135/><D22/><U117/><E72/><V59/><F69/><W18/><G34/><T17/><D17/><U98/><E71/><V19/><F116/><W79/><G0/><T27/><D27/><U78/><E117/><V3/><F3/><W118/><G118/><T90/><D76/><N who="3" m="29257" /><G110/><T134/><D123/><U70/><E70/><V63/><F39/><W130/><G130/><N who="0" m="49707" /><D38/><U83/><E65/><V6/><F35/><W86/><G86/><T114/><D45/><U40/><E58/><V112/><F112/><W54/><G74/><T113/><D60/><U47/><E36/><V101/><F29/><W51/><G56/><T66/><D68/><U122/><E122/><V88/><F125/><W81/><G81/><T120/><D120/><U103/><REACH who="1" step="1"/><E108/><REACH who="1" ten="220,120,321,329" step="2"/><V33/><F59/><W93/><G53/><T73/><D66/><U8/><E8/><V30/><F42/><W26/><AGARI ba="0,1" hai="18,23,26,49,50,51,52,54,92,93,94" m="29257" machi="26" ten="40,12000,1" yaku="8,1,52,2,54,1" doraHai="48" who="3" fromWho="3" sc="220,-40,120,-40,321,-40,329,130" owari="180,-22.0,80,-42.0,281,8.1,459,55.9" /></mjloggm>