<mjloggm ver="2.3"><GO type="225" lobby="0"/><UN n0="%E6%98%93%E5%88%A9%E8%96%A9%E4%BC%AF" n1="%43%68%65" n2="%E3%81%99%E3%81%84%E3%81%BE%E3%81%9B%E3%83%BC%E3%82%93" n3="%E6%B8%A9%E2%98%85%E6%83%85%E2%98%85%E6%8E%AA%E2%98%85%E7%BD%AE" dan="17,16,18,17" rate="2172.95,2097.55,2189.51,2186.49" sx="F,M,M,M"/><TAIKYOKU oya="0"/><INIT seed="0,0,0,0,3,92" ten="250,250,250,250" oya="0" hai0="88,112,77,40,20,48,81,5,71,66,55,125,57" hai1="14,42,26,121,90,105,135,56,19,62,76,9,38" hai2="64,85,128,53,115,74,15,87,65,54,104,108,21" hai3="43,41,17,131,95,132,37,13,72,97,6,7,91"/><T29/><D112/><U27/><E121/><V99/><F115/><W75/><G132/><T35/><D125/><U0/><E135/><V4/><F74/><W120/><G120/><T3/><D35/><U49/><E38/><V86/><F108/><W89/><G131/><T79/><D40/><N who="3" m="15433" /><G75/><T50/><D50/><U69/><E0/><V134/><F128/><W82/><G72/><T84/><D3/><U106/><E76/><V110/><F110/><W80/><G37/><T107/><D5/><N who="3" m="1545" /><G91/><T119/><D107/><U109/><E69/><V133/><F133/><W126/><G126/><T98/><D119/><U68/><E68/><V47/><F4/><W10/><AGARI ba="0,0" hai="10,13,17,80,82,89,95,97" m="1545,15433" machi="10" ten="30,2000,0" yaku="8,1,52,1" doraHai="92" who="3" fromWho="3" sc="250,-10,250,-5,250,-5,250,20" /><INIT seed="1,0,0,1,5,11" ten="240,245,245,270" oya="1" hai0="13,27,108,50,25,118,45,132,125,123,67,119,53" hai1="128,109,54,48,23,51,106,4,43,116,85,87,114" hai2="90,65,102,74,122,58,14,135,32,66,95,7,35" hai3="21,77,79,110,20,49,17,112,31,12,52,34,28"/><U100/><E114/><V111/><F122/><W63/><G112/><T86/><D123/><U96/><E116/><V117/><F117/><W62/><G34/><T18/><D108/><U89/><E109/><V98/><F74/><W83/><G110/><T78/><D119/><U76/><E128/><V22/><F135/><W8/><G63/><T24/><D118/><U129/><E129/><V60/><F111/><W61/><G61/><T107/><D107/><U104/><E104/><V94/><F66/><W41/><G62/><T127/><D132/><U103/><E103/><V75/><F75/><W124/><G41/><T39/><D39/><U134/><E134/><V121/><F121/><W133/><G124/><N who="0" m="47691" /><D67/><U82/><E4/><V69/><F69/><W0/><G0/><T120/><D120/><U72/><E43/><V36/><F36/><W59/><G133/><T88/><D78/><N who="3" m="29705" /><G83/><N who="0" m="49247" /><D27/><U26/><E72/><V33/><F33/><W105/><G105/><T30/><D30/><AGARI ba="0,0" hai="8,12,17,20,21,28,30,31,49,52,59" m="29705" machi="30" ten="30,3900,0" yaku="8,1,52,1,54,1" doraHai="11" who="3" fromWho="0" sc="240,-39,245,0,245,0,270,39" /><INIT seed="2,0,0,4,0,7" ten="201,245,245,309" oya="2" hai0="90,126,115,82,93,67,61,64,19,113,131,42,31" hai1="91,30,116,98,63,41,119,89,15,134,118,135,121" hai2="27,78,43,54,83,104,70,112,5,71,132,87,120" hai3="96,52,62,107,85,49,101,76,20,46,97,58,75"/><V94/><F104/><W81/><G97/><T35/><D131/><U125/><E121/><V77/><F112/><W40/><REACH who="3" step="1"/><G20/><REACH who="3" ten="201,245,245,299" step="2"/><T17/><D115/><U29/><E98/><V57/><F120/><W12/><G12/><T37/><D113/><U109/><E15/><V99/><F99/><W21/><G21/><T2/><D2/><U14/><E14/><V129/><F129/><W111/><G111/><T39/><D35/><U24/><E118/><V114/><F114/><W86/><AGARI ba="0,1" hai="40,46,49,52,58,62,75,76,81,85,86,96,101,107" machi="86" ten="30,4000,0" yaku="1,1,0,1,54,1,53,0" doraHai="7" doraHaiUra="32" who="3" fromWho="3" sc="201,-10,245,-10,245,-20,299,50" /><INIT seed="3,0,0,4,5,132" ten="191,235,225,349" oya="3" hai0="82,42,114,29,121,40,85,13,8,84,116,47,76" hai1="64,102,92,93,2,60,94,46,16,69,118,17,74" hai2="6,1,37,12,54,43,83,67,72,58,3,124,31" hai3="21,34,44,33,127,134,75,36,19,88,109,22,131"/><W122/><G75/><T9/><D116/><U89/><E118/><V62/><F124/><W79/><G79/><T108/><D108/><U41/><E74/><V51/><F31/><W107/><G44/><T63/><D114/><U105/><E2/><V128/><F128/><W20/><G20/><T130/><D130/><U5/><E5/><V123/><F123/><W77/><G22/><T57/><D121/><U96/><REACH who="1" step="1"/><E89/><REACH who="1" ten="191,225,225,349" step="2"/><V133/><F6/><W45/><G88/><T49/><D29/><U66/><E66/><V110/><F3/><W32/><G122/><T28/><D28/><U78/><E78/><V15/><F1/><W35/><G77/><T91/><D42/><U39/><AGARI ba="0,1" hai="16,17,39,41,46,60,64,69,92,93,94,96,102,105" machi="39" ten="30,4000,0" yaku="1,1,0,1,54,1,53,0" doraHai="132" doraHaiUra="27" who="1" fromWho="1" sc="191,-10,225,50,225,-10,349,-20" owari="181,-31.9,275,7.5,215,-18.5,329,42.9" /></mjloggm>