<mjloggm ver="2.3"><GO type="225" lobby="0"/><UN n0="%E6%98%93%E5%88%A9%E8%96%A9%E4%BC%AF" n1="%E3%81%BE%E3%81%A8%E3%81%9F" n2="%E3%83%81%E3%83%AF%E3%83%AF%E9%9A%8A%E9%95%B7" n3="%E6%B7%91%E5%A5%B3%E3%81%AE%E5%97%9C%E3%81%BF" dan="17,16,16,16" rate="2193.21,2152.42,2118.88,2090.98" sx="F,M,M,M"/><TAIKYOKU oya="0"/><INIT seed="0,0,0,0,1,46" ten="250,250,250,250" oya="0" hai0="28,131,101,124,44,100,90,53,83,25,106,78,10" hai1="91,20,84,113,40,77,14,112,96,66,30,98,108" hai2="59,4,22,35,42,21,67,69,11,74,17,54,38" hai3="3,127,0,68,110,13,122,41,37,49,2,135,75"/><T63/><D131/><U8/><E77/><V104/><F35/><W19/><G75/><T5/><D124/><U71/><E40/><V92/><F104/><W120/><G127/><T61/><D90/><U132/><E132/><V36/><F74/><W52/><G135/><T114/><D114/><U72/><E72/><V87/><F42/><W27/><G68/><T109/><D109/><U134/><E134/><V103/><F67/><W58/><G27/><T39/><D63/><N who="1" m="40415" /><E20/><V129/><F69/><W50/><G110/><T102/><D39/><U107/><E30/><V123/><F123/><N who="3" m="47147" /><G37/><T43/><D61/><U12/><E12/><V73/><F73/><W116/><G116/><T111/><D53/><U23/><E23/><V48/><F129/><W33/><G33/><T51/><D106/><U9/><E9/><V24/><F22/><N who="3" m="11631" /><G41/><T45/><D45/><U88/><E107/><V99/><REACH who="2" step="1"/><F87/><REACH who="2" ten="250,250,240,250" step="2"/><W94/><G94/><T56/><D43/><U70/><E70/><V29/><F29/><W85/><G85/><T89/><D28/><U130/><E130/><V76/><F76/><W119/><G119/><T57/><D78/><U1/><E108/><V126/><F126/><W128/><G128/><T95/><D111/><U86/><E84/><V133/><F133/><W81/><G81/><T60/><D83/><U55/><E86/><V118/><F118/><W93/><G93/><T7/><D95/><U79/><E79/><V32/><F32/><W115/><G115/><T34/><D34/><U82/><E113/><V26/><F26/><W62/><AGARI ba="0,1" hai="0,2,3,49,50,52,58,62" m="11631,47147" machi="62" ten="40,8000,1" yaku="13,1,52,2,54,1" doraHai="46" who="3" fromWho="3" sc="250,-40,250,-20,240,-20,250,90" /><INIT seed="1,0,0,5,2,95" ten="210,230,220,340" oya="1" hai0="51,15,134,124,107,108,70,120,35,77,109,85,42" hai1="94,96,19,105,1,112,92,61,133,14,72,54,44" hai2="13,41,73,83,69,65,11,80,38,81,43,64,16" hai3="4,7,34,103,91,75,93,58,62,82,121,40,47"/><U49/><E112/><V30/><F73/><W17/><G121/><T86/><D70/><U52/><E72/><V127/><F127/><W37/><G34/><T67/><D67/><U101/><E1/><V98/><F38/><W78/><G17/><T110/><D35/><U130/><E130/><V32/><F69/><W25/><G103/><T63/><D63/><U88/><E133/><V135/><F135/><W122/><G25/><T87/><D134/><U113/><E113/><V46/><F32/><W55/><REACH who="3" step="1"/><G122/><REACH who="3" ten="210,230,220,330" step="2"/><T57/><D120/><U128/><E128/><V36/><F30/><W50/><G50/><T31/><D51/><U53/><E61/><V48/><F36/><W3/><G3/><T39/><D31/><U60/><E60/><V131/><F131/><W104/><G104/><T114/><D107/><U123/><E123/><V26/><F26/><W116/><G116/><T5/><D114/><U33/><E33/><V24/><F24/><W28/><G28/><T66/><D39/><U119/><E119/><V2/><F2/><W9/><G9/><T102/><D102/><U89/><E105/><V117/><F117/><W106/><G106/><T99/><D15/><U18/><E101/><V125/><F125/><W90/><G90/><T126/><D126/><U29/><E29/><V22/><F11/><W111/><G111/><T56/><D124/><U129/><E129/><V27/><F27/><W97/><AGARI ba="0,1" hai="4,7,37,40,47,55,58,62,75,78,82,91,93,97" machi="97" ten="20,5200,0" yaku="1,1,0,1,7,1,52,1,53,0" doraHai="95" doraHaiUra="118" who="3" fromWho="3" sc="210,-13,230,-26,220,-13,330,62" /><INIT seed="2,0,0,4,3,42" ten="197,204,207,392" oya="2" hai0="10,59,71,35,47,61,32,103,86,31,133,30,36" hai1="131,37,20,13,73,41,93,82,101,126,79,120,14" hai2="124,34,72,9,111,85,77,3,1,24,132,6,67" hai3="25,16,92,108,18,87,29,118,129,63,68,53,122"/><V105/><F85/><W98/><G118/><T45/><D71/><U54/><E126/><V75/><F124/><W128/><G122/><T116/><D133/><U107/><E131/><N who="3" m="50250" /><G108/><T62/><D116/><U57/><E120/><V5/><F132/><W76/><G76/><T58/><D103/><U49/><E107/><V117/><F117/><W60/><G87/><T15/><D86/><U22/><E13/><V4/><F111/><W114/><G114/><T127/><D127/><U0/><E0/><V26/><F105/><W64/><G53/><T23/><D23/><U78/><E78/><V11/><F4/><W55/><G55/><T104/><D36/><U21/><E14/><V12/><F12/><W115/><G63/><T27/><D104/><U88/><E101/><V8/><F8/><W46/><G46/><N who="0" m="17419" /><D35/><U130/><E130/><V38/><F34/><N who="3" m="20783" /><G115/><T33/><D32/><U90/><E37/><V96/><F72/><W40/><G40/><T50/><D50/><U2/><E41/><V7/><F38/><W74/><G74/><T119/><D119/><U123/><E123/><V95/><F75/><W51/><G51/><T125/><D125/><U109/><E109/><V97/><F1/><W112/><G112/><T102/><D33/><U110/><E110/><V113/><F3/><W81/><G81/><T121/><D121/><U48/><E48/><V44/><F113/><W43/><G43/><T99/><D62/><U83/><E2/><V65/><F44/><W134/><G134/><T80/><D61/><U94/><E83/><V28/><F67/><W52/><G52/><RYUUKYOKU ba="0,0" sc="197,-15,204,15,207,-15,392,15" hai1="20,21,22,49,54,57,73,79,82,88,90,93,94" hai3="16,18,60,64,68,92,98" /><INIT seed="3,1,0,5,1,107" ten="182,219,192,407" oya="3" hai0="135,102,88,41,74,90,94,13,21,121,32,59,86" hai1="84,114,1,10,49,104,26,23,61,93,113,47,33" hai2="100,111,73,37,38,57,116,15,22,71,106,85,129" hai3="97,53,72,39,132,109,11,35,70,6,119,24,17"/><W81/><G119/><T83/><D121/><U134/><E104/><V112/><F73/><W95/><G70/><T62/><D32/><U56/><E33/><V58/><F71/><W42/><G53/><T67/><D74/><U3/><E134/><V14/><F112/><W9/><G9/><T45/><D135/><U31/><E10/><V77/><F116/><W60/><G60/><T122/><D122/><U20/><E3/><V2/><F2/><W43/><G39/><T8/><D21/><U18/><E1/><V80/><F129/><W128/><G109/><T44/><D102/><U12/><E93/><V76/><F111/><W27/><G27/><T103/><D103/><U65/><E84/><V51/><F76/><W63/><G63/><T64/><D64/><U48/><E48/><V131/><F131/><W87/><G87/><N who="0" m="52575" /><D41/><AGARI ba="1,0" hai="12,18,20,23,26,31,41,47,49,56,61,65,113,114" machi="41" ten="30,1000,0" yaku="7,1" doraHai="107" who="1" fromWho="0" sc="182,-13,219,13,192,0,407,0" owari="169,-33.1,232,3.2,192,-20.8,407,50.7" /></mjloggm>