<mjloggm ver="2.3"><GO type="225" lobby="0"/><UN n0="%E8%81%B7%E6%A5%AD%E3%80%81%E9%A2%A8%32" n1="%79%75%72%69%6D%6F%67" n2="%33%74%72%65%65" n3="%E3%83%B4%E3%83%A0%EF%BC%99%E3%81%A6" dan="16,16,17,16" rate="2169.02,2194.64,2213.62,2157.76" sx="M,F,F,M"/><TAIKYOKU oya="0"/><INIT seed="0,0,0,2,0,89" ten="250,250,250,250" oya="0" hai0="43,44,126,12,0,99,7,80,76,78,66,128,100" hai1="53,39,105,91,73,72,86,56,134,118,133,19,121" hai2="57,48,27,24,59,95,28,37,25,107,36,54,104" hai3="8,115,108,120,17,130,22,50,96,15,11,61,93"/><T65/><D128/><U38/><E118/><V69/><F69/><W106/><G115/><T40/><D126/><U47/><E105/><V109/><F109/><W1/><G130/><T34/><D0/><U45/><E19/><V114/><F114/><W32/><G32/><T111/><D34/><U83/><E121/><V20/><F107/><W85/><G108/><T127/><D127/><U94/><E47/><V70/><F70/><W35/><G35/><T81/><D111/><U124/><E124/><V131/><F104/><W92/><G106/><T42/><D44/><U14/><E14/><V119/><F119/><W116/><G116/><T67/><D99/><U129/><E129/><V21/><F131/><W97/><G85/><T52/><D100/><U31/><E31/><V77/><F77/><N who="0" m="29802" /><D52/><U74/><E83/><N who="0" m="31817" /><D12/><U3/><E3/><V132/><F36/><W9/><G120/><T29/><D7/><U88/><E91/><V71/><F37/><W33/><G33/><T49/><D49/><U122/><E122/><V6/><F6/><W110/><G110/><T84/><D84/><U4/><E4/><V101/><F48/><W23/><G1/><T2/><D2/><U26/><E26/><V30/><F25/><W62/><G50/><T58/><D29/><U55/><E55/><V79/><F28/><W64/><G64/><T87/><D87/><U10/><E45/><V103/><F30/><W41/><G41/><T16/><D16/><U102/><E39/><V90/><F54/><W60/><G23/><T112/><D112/><U98/><E38/><V46/><F20/><RYUUKYOKU ba="0,0" sc="250,15,250,-15,250,-15,250,15" hai0="40,42,43,58,65,66,67" hai3="8,9,11,15,17,22,60,61,62,92,93,96,97" /><INIT seed="0,1,0,3,0,39" ten="265,235,235,265" oya="0" hai0="52,6,7,125,105,116,53,99,2,43,24,81,27" hai1="128,82,118,4,45,34,90,78,1,103,8,126,38" hai2="123,51,134,131,75,9,57,135,133,32,62,108,37" hai3="28,106,120,15,109,68,50,79,101,23,25,98,20"/><T14/><D116/><U65/><E118/><V55/><F32/><W11/><G68/><T74/><D125/><U10/><E126/><V56/><F75/><W63/><G109/><T48/><D2/><U132/><E128/><V5/><F108/><W111/><G111/><T83/><D105/><U119/><E132/><V58/><F123/><W60/><G120/><T85/><D99/><U93/><E34/><V86/><F37/><W44/><G23/><T40/><D74/><U61/><E10/><V100/><F131/><W0/><G79/><N who="0" m="46271" /><D83/><U102/><E119/><V107/><F86/><W112/><G0/><T26/><D53/><U21/><E21/><V29/><F29/><W18/><REACH who="3" step="1"/><G112/><REACH who="3" ten="265,235,235,255" step="2"/><T64/><D64/><U122/><E122/><V87/><F134/><W72/><G72/><T89/><D89/><U42/><E78/><V130/><F135/><W121/><G121/><T113/><D113/><U77/><E77/><V33/><F133/><W94/><G94/><T71/><D71/><U80/><E103/><V19/><F33/><W95/><G95/><T36/><D36/><U124/><E102/><V35/><F35/><W84/><G84/><T127/><D127/><U69/><REACH who="1" step="1"/><E124/><REACH who="1" ten="265,225,235,255" step="2"/><V31/><F100/><W46/><G46/><N who="0" m="27671" /><D6/><U91/><E91/><V22/><F5/><W54/><AGARI ba="1,2" hai="11,15,18,20,25,28,44,50,54,60,63,98,101,106" machi="54" ten="20,5200,0" yaku="1,1,0,1,7,1,53,1" doraHai="39" doraHaiUra="96" who="3" fromWho="3" sc="265,-27,225,-14,235,-14,255,75" /><INIT seed="1,0,0,0,2,79" ten="238,211,221,330" oya="1" hai0="34,69,109,7,22,93,105,128,102,131,42,133,112" hai1="41,75,87,40,97,127,32,18,77,113,3,94,125" hai2="58,19,89,38,96,1,63,81,95,107,126,51,0" hai3="5,85,65,17,124,39,56,62,103,50,91,117,108"/><U123/><E32/><V74/><F38/><W100/><G39/><T122/><D34/><U55/><E3/><V116/><F116/><W44/><G117/><T90/><D69/><U78/><E113/><V15/><F126/><N who="1" m="48137" /><E75/><V64/><F107/><W82/><G124/><T11/><D112/><U47/><E123/><V25/><F25/><W86/><G108/><T84/><D109/><U2/><E78/><V31/><F31/><W118/><G118/><T30/><D122/><U98/><E2/><V33/><F33/><W27/><G5/><T120/><D120/><U8/><E55/><V67/><F67/><W60/><G60/><T21/><D42/><N who="1" m="16491" /><E47/><V4/><F51/><W28/><G17/><T132/><D30/><U36/><E36/><V71/><F4/><W43/><G85/><T29/><D29/><U35/><E35/><AGARI ba="0,0" hai="27,28,35,43,44,50,56,62,65,82,86,91,100,103" machi="35" ten="30,2000,0" yaku="7,1,52,1" doraHai="79" who="3" fromWho="1" sc="238,0,211,-20,221,0,330,20" /><INIT seed="2,0,0,3,3,1" ten="238,191,221,350" oya="2" hai0="22,107,48,30,54,8,120,100,91,43,118,6,20" hai1="108,97,33,27,130,126,16,53,0,132,34,71,52" hai2="90,135,67,69,99,106,38,113,86,70,15,21,11" hai3="18,95,28,46,76,111,51,74,121,72,45,5,19"/><V66/><F113/><W47/><G121/><T68/><D68/><U58/><E71/><V4/><F135/><W32/><G5/><T41/><D120/><U93/><E132/><V62/><F38/><W101/><G51/><T89/><D118/><U65/><E0/><V80/><F21/><N who="0" m="8298" /><D100/><U134/><E134/><V49/><F49/><W124/><G76/><T82/><D107/><U92/><E34/><V56/><REACH who="2" step="1"/><F67/><REACH who="2" ten="238,191,211,350" step="2"/><W109/><G32/><T122/><D122/><U110/><E33/><V14/><F14/><W55/><G109/><T63/><D48/><U103/><E108/><V133/><F133/><W115/><G111/><T23/><D30/><U79/><E110/><V84/><F84/><W40/><G28/><T64/><D64/><U50/><E126/><V94/><F94/><W116/><G95/><T128/><D43/><U73/><E53/><V7/><F7/><W112/><G40/><T83/><D54/><U24/><E65/><V57/><F57/><W60/><G124/><T39/><D41/><U105/><E105/><V13/><F13/><W96/><G112/><T10/><D6/><U114/><E114/><V104/><F104/><W35/><G115/><T36/><D39/><U31/><E93/><V87/><F87/><W75/><G35/><T42/><D42/><U127/><E127/><V102/><AGARI ba="0,1" hai="4,11,15,56,62,66,69,70,80,86,90,99,102,106" machi="102" ten="30,6000,0" yaku="1,1,0,1,52,1,53,0" doraHai="1" doraHaiUra="17" who="2" fromWho="2" sc="238,-20,191,-20,211,70,350,-20" /><INIT seed="2,1,0,4,4,57" ten="218,171,281,330" oya="2" hai0="61,9,75,134,19,105,11,100,123,109,83,85,1" hai1="26,48,13,12,70,21,117,6,55,63,125,52,93" hai2="77,104,90,78,45,49,127,29,122,66,119,126,102" hai3="59,60,38,22,67,10,0,53,114,14,87,40,24"/><V69/><F119/><W18/><G114/><T35/><D123/><U132/><E125/><V15/><F122/><W27/><G38/><T2/><D109/><U68/><E132/><V64/><F29/><W42/><G0/><T107/><D134/><U23/><E117/><V28/><F28/><W94/><G24/><T50/><D75/><U121/><E121/><V3/><F3/><W96/><G87/><T47/><D35/><U97/><E70/><V110/><F90/><N who="3" m="55383" /><G67/><T76/><D2/><U130/><E130/><V36/><F36/><W46/><G46/><T20/><D1/><U71/><E71/><V74/><F64/><W81/><G81/><T124/><D124/><U80/><E80/><V84/><F84/><W86/><G86/><T103/><D61/><U135/><E23/><V113/><F69/><W43/><G42/><N who="0" m="24951" /><D105/><U116/><E6/><AGARI ba="1,0" hai="6,10,14,18,22,27,40,43,53,59,60" m="55383" machi="6" ten="30,3900,0" yaku="25,1,8,1,52,1" doraHai="57" who="3" fromWho="1" sc="218,0,171,-42,281,0,330,42" /><INIT seed="3,0,0,4,5,8" ten="218,129,281,372" oya="3" hai0="72,40,106,4,18,63,70,10,94,121,91,35,118" hai1="33,19,117,12,86,67,52,50,129,9,73,133,46" hai2="25,41,127,20,61,83,45,17,74,84,75,42,102" hai3="44,131,113,51,122,48,87,0,2,49,92,66,55"/><W110/><G113/><T109/><D35/><U22/><E133/><V128/><F127/><W64/><G122/><T101/><D109/><U16/><E129/><V78/><F128/><W116/><G131/><T38/><D118/><U14/><E73/><V124/><F124/><W1/><G116/><T126/><D72/><U85/><E117/><V71/><F41/><W108/><G92/><T111/><D111/><N who="3" m="42537" /><G87/><T99/><D121/><U27/><E33/><V77/><F102/><W96/><G96/><T57/><D70/><U68/><E68/><V59/><F71/><W39/><G39/><T11/><D40/><U43/><E67/><AGARI ba="0,0" hai="0,1,2,44,48,49,51,55,64,66,67" m="42537" machi="67" ten="40,3900,0" yaku="14,1,10,1" doraHai="8" who="3" fromWho="1" sc="218,0,129,-39,281,0,372,39" owari="218,-18.2,90,-41.0,281,8.1,411,51.1" /></mjloggm>