<mjloggm ver="2.3"><GO type="225" lobby="0"/><UN n0="%E7%8D%85%E5%AD%90%E5%BA%A7%E3%81%8B%E3%81%A3%E3%81%B4%E3%83%BC" n1="%E4%BF%BA%E3%81%A8%E5%A6%96%E5%A4%A2" n2="%E3%82%8C%E3%81%99%E3%81%93" n3="%E9%8E%A7%E5%A1%9A%E3%81%BF%E3%81%9E%E3%82%8C" dan="16,16,17,16" rate="2117.61,2256.93,2137.07,2093.48" sx="M,F,F,F"/><TAIKYOKU oya="0"/><INIT seed="0,0,0,2,2,63" ten="250,250,250,250" oya="0" hai0="17,60,88,69,105,65,44,15,107,103,122,10,7" hai1="59,83,0,115,8,104,128,51,46,84,126,133,120" hai2="31,23,40,85,20,11,45,116,14,119,82,22,102" hai3="43,87,12,130,80,18,112,42,55,96,129,25,75"/><T34/><D122/><U113/><E120/><V100/><F31/><W48/><G75/><T124/><D124/><U33/><E33/><V101/><F119/><W109/><G109/><T111/><D111/><U50/><E104/><V57/><F116/><W106/><G112/><N who="1" m="43082" /><E126/><V125/><F125/><W132/><G132/><T78/><D78/><N who="1" m="46199" /><E133/><V61/><F45/><W117/><G25/><T72/><D72/><U5/><E128/><N who="3" m="49258" /><G96/><T93/><D34/><U36/><E59/><V52/><F40/><AGARI ba="0,0" hai="0,5,8,36,40,46,50,51" m="46199,43082" machi="40" ten="30,1000,0" yaku="11,1" doraHai="63" who="1" fromWho="2" sc="250,0,250,10,250,-10,250,0" /><INIT seed="1,0,0,2,1,38" ten="250,260,240,250" oya="1" hai0="32,25,133,88,74,79,120,57,33,82,5,126,131" hai1="103,30,51,110,59,17,42,8,49,34,29,114,53" hai2="118,117,24,109,41,20,100,108,40,65,28,77,89" hai3="27,85,48,55,91,134,99,115,58,124,56,12,43"/><U105/><E114/><V123/><F123/><W111/><G115/><T36/><D36/><U52/><E34/><V125/><F125/><W69/><G69/><T81/><D120/><U93/><E105/><V64/><F100/><W62/><G124/><T9/><D126/><U102/><E110/><N who="2" m="42603" /><F77/><W128/><G111/><T98/><D133/><U1/><E1/><V97/><F89/><W4/><G128/><T50/><D131/><U106/><E106/><V70/><F97/><W13/><G4/><T101/><D25/><U129/><E129/><V54/><F54/><W96/><G27/><T80/><D81/><U39/><E39/><V86/><F86/><W87/><G87/><T14/><D57/><U21/><E8/><V18/><F28/><N who="1" m="10857" /><E93/><V35/><F35/><W68/><G134/><T11/><D50/><U60/><E60/><N who="2" m="40199" /><F65/><W46/><G68/><T116/><D116/><AGARI ba="0,0" hai="18,20,24,40,41,116,117,118" m="40199,42603" machi="116" ten="30,3900,0" yaku="14,1,52,2" doraHai="38" who="2" fromWho="0" sc="250,-39,260,0,240,39,250,0" /><INIT seed="2,0,0,4,2,71" ten="211,260,279,250" oya="2" hai0="9,128,69,74,66,81,0,135,67,39,1,28,55" hai1="72,24,88,129,107,84,58,31,126,36,117,57,89" hai2="16,63,5,108,3,115,130,73,37,119,12,96,98" hai3="54,45,134,114,90,80,93,111,77,50,62,121,48"/><V65/><F115/><W2/><G121/><T104/><D104/><U125/><E117/><V30/><F119/><W42/><G111/><T27/><D135/><U118/><E118/><V25/><F73/><W11/><G134/><T79/><D128/><U86/><E72/><V4/><F108/><W43/><G114/><T102/><D102/><U120/><E107/><V17/><F130/><W116/><G116/><T61/><D66/><U106/><E106/><V124/><F124/><N who="1" m="47721" /><E129/><V75/><F75/><W105/><G105/><T46/><D9/><U64/><E64/><V68/><F37/><W18/><G62/><T8/><D8/><U20/><E36/><V92/><F3/><W91/><G91/><N who="1" m="34890" /><E120/><V13/><F98/><W123/><G123/><T101/><D101/><U87/><AGARI ba="0,0" hai="20,24,31,57,58,84,86,87" m="34890,47721" machi="87" ten="40,2700,0" yaku="18,1,54,1" doraHai="71" who="1" fromWho="1" sc="211,-7,260,27,279,-13,250,-7" /><INIT seed="3,0,0,4,2,54" ten="204,287,266,243" oya="3" hai0="15,103,6,108,34,69,127,50,0,94,104,121,77" hai1="129,83,66,117,41,76,58,68,84,38,65,120,9" hai2="59,79,8,87,19,73,35,47,42,24,93,122,7" hai3="31,85,36,132,80,124,109,118,115,49,37,10,63"/><W57/><G115/><T111/><D121/><U123/><E68/><V119/><F119/><W22/><G118/><T45/><D69/><U4/><E117/><V128/><F128/><W29/><G124/><T131/><D131/><U114/><E114/><V33/><F73/><W39/><G132/><T11/><D127/><U116/><E116/><V92/><F122/><W32/><G32/><T2/><D34/><U102/><E129/><V78/><F35/><W43/><G10/><T13/><D104/><U51/><E38/><V88/><F93/><W126/><G126/><T56/><D77/><U21/><E102/><V112/><F112/><W71/><G109/><N who="0" m="42059" /><D15/><N who="1" m="5543" /><E21/><N who="2" m="13375" /><F33/><W75/><G75/><T3/><D103/><U20/><E20/><V133/><F133/><W23/><G23/><T86/><D94/><U40/><E123/><V105/><F105/><W5/><G22/><T53/><D86/><U125/><E125/><V106/><F106/><W99/><G71/><T25/><D25/><U130/><E130/><V70/><F70/><W60/><G99/><T26/><D26/><U48/><E120/><V135/><F135/><W16/><G85/><T101/><D101/><U107/><E107/><V82/><F92/><W113/><G113/><T52/><D0/><U18/><E18/><V46/><F7/><W27/><G5/><T17/><D6/><U134/><E134/><V67/><F8/><W90/><G16/><T14/><D14/><U64/><E48/><AGARI ba="0,0" hai="2,3,11,13,17,45,48,50,52,53,56" m="42059" machi="48" ten="30,3900,0" yaku="14,1,52,1,54,1" doraHai="54" who="0" fromWho="1" sc="204,39,287,-39,266,0,243,0" /><INIT seed="4,0,0,3,3,111" ten="243,248,266,243" oya="0" hai0="19,46,10,20,120,28,70,39,44,85,89,30,104" hai1="9,82,131,133,93,108,38,90,94,98,122,69,73" hai2="14,52,53,112,2,64,83,34,27,99,119,40,58" hai3="128,123,22,117,78,54,107,57,11,60,80,72,12"/><T84/><D104/><U87/><E38/><V13/><F2/><W116/><G107/><T56/><D70/><U4/><E69/><V77/><F119/><W5/><G128/><T127/><D120/><U132/><E122/><V102/><F64/><W91/><G123/><T42/><D127/><U16/><E4/><V3/><F3/><W81/><G22/><T36/><D56/><U103/><E108/><V15/><F40/><W18/><G5/><T129/><D129/><U121/><E121/><V75/><F112/><W68/><G68/><T6/><D84/><U21/><E9/><V1/><F1/><W109/><G109/><T67/><D67/><U95/><E131/><V113/><F113/><W59/><G59/><T110/><D110/><U48/><E48/><V135/><F135/><N who="1" m="51785" /><E73/><V101/><F58/><W33/><G33/><T45/><D36/><U125/><E125/><V65/><F65/><W62/><G62/><T31/><D10/><U126/><E126/><V37/><F37/><W47/><G47/><T86/><D6/><U50/><E50/><V124/><F124/><W118/><G118/><T130/><D86/><U35/><E35/><V32/><F32/><W66/><G66/><T0/><D0/><U61/><E61/><V134/><F134/><W43/><G43/><T8/><D8/><U97/><E103/><N who="2" m="39435" /><F99/><W41/><G41/><T114/><D114/><U24/><AGARI ba="0,0" hai="16,21,24,82,87,90,93,94,95,97,98" m="51785" machi="24" ten="30,2000,0" yaku="20,1,54,1" doraHai="111" who="1" fromWho="1" sc="243,-10,248,20,266,-5,243,-5" /><INIT seed="5,0,0,0,1,25" ten="233,268,261,238" oya="1" hai0="55,50,123,14,37,30,73,81,48,127,132,78,88" hai1="60,104,135,107,93,118,95,10,117,108,62,36,126" hai2="82,116,19,105,49,53,56,91,42,57,2,61,129" hai3="114,4,41,79,131,27,54,40,109,134,43,119,22"/><U94/><E10/><V84/><F116/><N who="1" m="44649" /><E36/><V18/><F129/><W31/><G109/><T92/><D37/><U103/><E108/><V63/><F105/><N who="1" m="40521" /><E103/><V21/><F2/><W96/><G131/><T67/><D123/><U121/><E121/><V80/><F80/><W3/><G114/><T66/><D127/><U125/><E135/><V17/><F42/><W12/><G3/><T7/><D132/><U32/><E32/><V99/><F99/><W29/><G134/><T1/><D1/><U46/><E46/><V83/><F83/><W72/><G119/><T58/><D48/><U51/><E51/><V75/><F75/><W44/><G72/><T59/><D59/><U71/><E71/><V16/><REACH who="2" step="1"/><F57/><REACH who="2" ten="233,268,251,238" step="2"/><W23/><G96/><N who="0" m="57351" /><D73/><U13/><E126/><V133/><F133/><W24/><G79/><T20/><D78/><U112/><E125/><V38/><F38/><W68/><G68/><T102/><D81/><U0/><E0/><V11/><F11/><N who="3" m="4199" /><G44/><T130/><D130/><U45/><E45/><V39/><F39/><W76/><G76/><T69/><D69/><U77/><E77/><V64/><F64/><W33/><G33/><T74/><D74/><U86/><E86/><V85/><F85/><W35/><G35/><T101/><D67/><U110/><E110/><V52/><F52/><AGARI ba="0,1" hai="22,23,24,27,29,31,40,41,43,52,54" m="4199" machi="52" ten="30,7700,0" yaku="8,1,52,2,54,1" doraHai="25" who="3" fromWho="2" sc="233,0,268,0,251,-77,238,87" owari="233,-16.7,268,6.8,174,-32.6,325,42.5" /></mjloggm>