<mjloggm ver="2.3"><GO type="225" lobby="0"/><UN n0="%E3%83%B4%E3%82%A3%E3%83%AF%E3%82%B3%E3%82%B0%E3%83%8B" n1="%61%74%73%75%74%6F%64%6F" n2="%E3%83%94%E3%83%B3%E3%82%B5%E3%83%AD%E5%BA%97%E5%93%A1" n3="%E6%A1%9C%E8%8A%B1%E9%96%83%E3%80%85" dan="17,16,17,16" rate="2210.58,2077.69,2175.76,2106.14" sx="M,M,M,M"/><TAIKYOKU oya="0"/><INIT seed="0,0,0,1,0,64" ten="250,250,250,250" oya="0" hai0="124,112,89,107,23,95,116,86,48,49,127,50,39" hai1="66,7,0,90,92,61,59,81,108,123,110,43,2" hai2="35,119,133,97,104,100,55,58,113,69,28,18,70" hai3="121,135,77,38,17,98,40,21,30,78,83,57,80"/><T25/><D112/><U22/><E123/><V53/><F113/><W6/><G121/><T26/><D116/><U10/><E0/><V13/><F119/><W67/><G135/><T114/><D114/><U102/><E81/><V34/><F133/><W3/><G30/><T129/><D129/><U45/><E22/><V73/><F73/><W111/><G111/><T63/><D39/><U76/><E76/><V88/><F88/><W134/><G134/><T31/><D107/><U37/><REACH who="1" step="1"/><E102/><REACH who="1" ten="250,240,250,250" step="2"/><V33/><F28/><W93/><G80/><T62/><REACH who="0" step="1"/><D25/><REACH who="0" ten="240,240,250,250" step="2"/><U5/><E5/><V87/><F104/><W71/><G6/><T11/><D11/><U91/><E91/><V16/><F100/><W12/><G78/><T29/><D29/><U52/><E52/><V56/><F55/><W101/><G77/><T54/><D54/><U105/><E105/><V99/><F53/><W132/><G132/><T130/><D130/><U103/><E103/><V118/><F118/><W74/><G101/><T79/><D79/><U42/><E42/><V51/><F18/><W115/><G115/><T24/><D24/><U84/><AGARI ba="0,2" hai="2,7,10,37,43,45,59,61,66,84,90,92,108,110" machi="84" ten="30,2000,0" yaku="1,1,0,1,53,0" doraHai="64" doraHaiUra="94" who="1" fromWho="1" sc="240,-10,240,40,250,-5,250,-5" /><INIT seed="1,0,0,3,5,113" ten="230,280,245,245" oya="1" hai0="125,135,73,106,47,86,78,71,133,52,39,11,110" hai1="98,75,20,56,112,26,45,32,15,77,0,36,19" hai2="105,130,92,9,102,84,99,76,72,2,48,83,28" hai3="108,16,79,8,97,4,69,43,111,41,107,21,81"/><U132/><E112/><V44/><F130/><W82/><G69/><T104/><D110/><N who="3" m="42025" /><G107/><T38/><D125/><U60/><E0/><V131/><F131/><W42/><G97/><T5/><D71/><U119/><E132/><N who="0" m="50761" /><D73/><U93/><E75/><V123/><F123/><W13/><G79/><T23/><D23/><U65/><E77/><V18/><F28/><W34/><G34/><T33/><D33/><U90/><E119/><V17/><F2/><AGARI ba="0,0" hai="2,4,8,13,16,21,41,42,43,81,82" m="42025" machi="2" ten="30,2000,0" yaku="14,1,54,1" doraHai="113" who="3" fromWho="2" sc="230,0,280,0,245,-20,245,20" /><INIT seed="2,0,0,1,1,51" ten="230,280,225,265" oya="2" hai0="123,33,83,103,108,7,0,26,25,101,38,105,63" hai1="124,30,96,126,2,6,111,16,28,114,88,71,128" hai2="64,118,125,37,55,46,1,47,112,60,58,110,116" hai3="85,120,57,91,66,115,78,24,97,92,10,54,132"/><V29/><F1/><W62/><G120/><T13/><D123/><U53/><E114/><V39/><F29/><W61/><G115/><T130/><D108/><U40/><E71/><N who="2" m="42375" /><F112/><W49/><G132/><T107/><D0/><U119/><E119/><N who="2" m="45611" /><F110/><W72/><G72/><T76/><D38/><N who="2" m="14346" /><F125/><N who="1" m="48233" /><E111/><V113/><F113/><W3/><G24/><T11/><D26/><U36/><E6/><V74/><F74/><W133/><G3/><T127/><D127/><U44/><E2/><V81/><F81/><N who="3" m="47287" /><G133/><T27/><D83/><U65/><E65/><V59/><F59/><N who="3" m="37215" /><G10/><T35/><D11/><U52/><E28/><V42/><F42/><W20/><G20/><T14/><D33/><U99/><E30/><V77/><F77/><W75/><G75/><T70/><D76/><U68/><E68/><V43/><F43/><W100/><G91/><T5/><D70/><U19/><E88/><V94/><F94/><W67/><G67/><T90/><D35/><U134/><E134/><V48/><AGARI ba="0,0" hai="46,47,48,55,58" m="14346,45611,42375" machi="48" ten="30,6000,0" yaku="34,2,52,1" doraHai="51" who="2" fromWho="2" sc="230,-20,280,-20,225,60,265,-20" /><INIT seed="2,1,0,1,1,81" ten="210,260,285,245" oya="2" hai0="87,31,116,63,13,66,120,86,103,45,97,124,53" hai1="98,92,115,114,32,84,106,70,89,122,6,18,2" hai2="22,126,8,129,44,25,110,14,90,131,19,55,54" hai3="38,76,78,102,88,17,58,52,47,49,119,48,41"/><V105/><F105/><W93/><G119/><T15/><D124/><U0/><E70/><V113/><F113/><W28/><G28/><T117/><D120/><U123/><E32/><V39/><F126/><W65/><G102/><T35/><D45/><U128/><E18/><V67/><F67/><W100/><G100/><T125/><D53/><U36/><E36/><V104/><F104/><W69/><G17/><T62/><D125/><U94/><E106/><V73/><F73/><W107/><G49/><T34/><D103/><N who="1" m="60871" /><E0/><V40/><F110/><W27/><G27/><T101/><D101/><U7/><E7/><V20/><F20/><W95/><G95/><T85/><D97/><U135/><E6/><V111/><F111/><W23/><G23/><T108/><D108/><U118/><E2/><V57/><F90/><W82/><G82/><T37/><D37/><U16/><E118/><N who="0" m="45673" /><D62/><U72/><E72/><V56/><F55/><W68/><G107/><T4/><D31/><U12/><E128/><N who="2" m="49227" /><F54/><W11/><G11/><N who="0" m="4327" /><D15/><U50/><E50/><V99/><F99/><N who="3" m="57767" /><G69/><AGARI ba="1,0" hai="34,35,63,66,69,85,86,87" m="4327,45673" machi="69" ten="30,7700,0" yaku="12,1,52,3" doraHai="81" who="0" fromWho="3" sc="210,80,260,0,285,0,245,-80" /><INIT seed="3,0,0,4,1,99" ten="290,260,285,165" oya="3" hai0="106,53,98,49,13,70,54,60,66,28,57,3,124" hai1="19,22,43,85,71,7,64,61,81,37,34,79,122" hai2="41,30,78,2,21,62,45,23,114,94,31,20,133" hai3="134,120,118,111,65,121,112,87,8,63,9,68,72"/><W59/><G72/><T11/><D124/><U40/><E122/><V89/><F114/><W29/><G112/><T50/><D3/><U5/><E34/><V125/><F2/><W108/><G118/><T84/><D28/><U127/><E127/><V101/><F125/><W35/><G87/><T44/><D84/><U96/><E43/><V4/><F4/><W76/><G76/><T67/><D67/><U14/><E40/><V32/><F133/><W116/><G116/><T115/><D115/><U82/><E37/><V93/><F78/><W100/><G134/><T110/><D110/><N who="3" m="42025" /><G59/><T0/><D0/><U123/><E123/><N who="3" m="47178" /><G100/><T88/><D70/><U86/><E96/><V27/><F101/><W77/><G77/><AGARI ba="0,0" hai="5,7,14,19,22,61,64,71,77,79,81,82,85,86" machi="77" ten="30,2000,0" yaku="7,1,9,1" doraHai="99" who="1" fromWho="3" sc="290,0,260,20,285,0,165,-20" /><INIT seed="4,0,0,4,3,82" ten="290,280,285,145" oya="0" hai0="131,10,20,115,132,103,102,90,64,25,70,69,42" hai1="57,126,6,112,105,38,119,59,53,123,85,130,18" hai2="79,45,84,116,73,121,13,99,33,34,95,65,51" hai3="81,75,80,77,83,46,28,94,11,26,41,27,124"/><T133/><D115/><U110/><E119/><V114/><F121/><W16/><G124/><T127/><D127/><U8/><E123/><V98/><F73/><W5/><G94/><T4/><D131/><U101/><E126/><V1/><F1/><W7/><G81/><T104/><D90/><U96/><E110/><V48/><F114/><W37/><G80/><T29/><D42/><U76/><E112/><V32/><F116/><W108/><G108/><T14/><D64/><U21/><E38/><V35/><F35/><W44/><G44/><T67/><D67/><U50/><E130/><V129/><F129/><W3/><G5/><T88/><D88/><U56/><E85/><V117/><F117/><W62/><G28/><T91/><D91/><U55/><E76/><V54/><F79/><W97/><G97/><N who="0" m="61519" /><D103/><U113/><E113/><V92/><F84/><W47/><G62/><T31/><D31/><U107/><E107/><V100/><F65/><W9/><REACH who="3" step="1"/><G47/><REACH who="3" ten="290,280,285,135" step="2"/><T111/><D111/><U17/><E17/><V87/><F99/><W134/><G134/><AGARI ba="0,1" hai="4,10,14,20,25,29,69,70,132,133,134" m="61519" machi="134" ten="30,1500,0" yaku="20,1" doraHai="82" who="0" fromWho="3" sc="290,25,280,0,285,0,135,-15" owari="315,41.5,280,-12.0,285,8.5,120,-38.0" /></mjloggm>