<mjloggm ver="2.3"><GO type="225" lobby="0"/><UN n0="%E3%81%A4%E3%81%A3%E3%81%B1%E3%82%8A%E3%83%9D%E3%83%BC%E3%83%AB" n1="%E6%9C%88%E5%B3%B6%E5%9F%BA" n2="%E9%87%8E%E3%80%85%E5%AE%AE%E8%97%8D" n3="%E5%91%A8%E6%9D%B1" dan="17,16,16,17" rate="2087.73,2088.69,2173.25,2193.57" sx="M,M,F,M"/><TAIKYOKU oya="0"/><INIT seed="0,0,0,0,4,63" ten="250,250,250,250" oya="0" hai0="19,60,70,99,11,66,130,51,119,127,96,95,27" hai1="94,55,17,26,82,16,74,12,50,120,114,115,126" hai2="58,104,109,24,87,64,18,100,14,22,35,1,30" hai3="105,33,118,131,42,103,91,28,77,41,52,34,54"/><T29/><D119/><U86/><E120/><V117/><F117/><W89/><G118/><T2/><D130/><U36/><E36/><V135/><F109/><W47/><G131/><T80/><D127/><U108/><E108/><V43/><F135/><W134/><G77/><T78/><D51/><U98/><E74/><V113/><F113/><N who="1" m="43017" /><E126/><V53/><F43/><W21/><G21/><T44/><D44/><N who="1" m="28103" /><E26/><V97/><F1/><W76/><G76/><T101/><D96/><U57/><E57/><V121/><F87/><W7/><G47/><T129/><D129/><U73/><E73/><V92/><F121/><W111/><G134/><T132/><D132/><U56/><E56/><V13/><F64/><W75/><G75/><T37/><D37/><U31/><E31/><V9/><F104/><W32/><G28/><T49/><D49/><U69/><E69/><V39/><F39/><W133/><G105/><T112/><D112/><U3/><E3/><V45/><F45/><W23/><G111/><T61/><D61/><U65/><E65/><V106/><F106/><W110/><G110/><T20/><D2/><U116/><E116/><V81/><F58/><W125/><G125/><T122/><D122/><U107/><E107/><V6/><F53/><W8/><G54/><T93/><D29/><U128/><E128/><V62/><F62/><W46/><G41/><T123/><D123/><U79/><E12/><V68/><F68/><W4/><G42/><T15/><D70/><U5/><E5/><V71/><F71/><W38/><G133/><T10/><D15/><U72/><E72/><RYUUKYOKU ba="0,0" sc="250,-15,250,15,250,15,250,-15" hai1="16,17,79,82,86,94,98" hai2="6,9,13,14,18,22,24,30,35,81,92,97,100" /><INIT seed="1,1,0,4,3,119" ten="235,265,265,235" oya="1" hai0="71,118,96,87,130,90,49,113,28,77,27,122,18" hai1="43,34,7,121,4,54,19,32,70,55,82,35,44" hai2="97,100,26,67,88,59,42,13,61,99,46,62,65" hai3="135,23,104,69,115,76,24,21,2,131,134,45,106"/><U47/><E70/><V92/><F13/><W66/><G2/><T114/><D118/><U53/><E121/><V132/><F132/><N who="3" m="50731" /><G115/><T125/><D71/><U80/><E19/><V78/><F78/><W9/><G131/><T50/><D130/><U94/><E94/><V107/><F26/><W83/><G9/><T85/><D125/><U14/><E14/><V37/><REACH who="2" step="1"/><F62/><REACH who="2" ten="235,265,255,235" step="2"/><N who="3" m="40151" /><G21/><T123/><D77/><U5/><E43/><V16/><F16/><N who="3" m="12391" /><G45/><AGARI ba="1,1" hai="4,5,7,32,34,35,44,45,47,53,54,55,80,82" machi="45" ten="50,12000,1" yaku="29,2,28,2" doraHai="119" who="1" fromWho="3" sc="235,0,265,133,255,0,235,-123" /><INIT seed="1,2,0,1,0,86" ten="235,398,255,112" oya="1" hai0="131,111,25,126,88,50,65,32,28,104,105,124,5" hai1="26,103,109,101,54,15,33,18,102,79,106,70,80" hai2="14,127,119,21,41,4,71,24,23,129,100,107,90" hai3="120,44,30,48,57,9,110,89,27,82,8,117,22"/><U123/><E123/><V77/><F71/><W2/><G120/><T130/><D5/><U72/><E70/><V38/><F77/><W135/><G135/><T134/><D65/><U73/><E73/><V56/><F38/><W60/><G2/><T11/><D11/><U125/><E125/><N who="0" m="48233" /><D134/><U35/><E109/><V49/><F107/><N who="0" m="41034" /><D111/><U93/><E106/><V6/><F100/><W76/><G110/><T37/><D37/><U40/><E101/><V16/><F119/><W116/><G117/><T58/><D58/><U87/><E102/><V17/><F129/><N who="0" m="49162" /><D50/><U36/><E36/><V113/><F127/><W61/><G116/><T55/><D55/><U51/><E54/><N who="2" m="31823" /><F41/><W114/><G61/><T31/><D31/><U75/><E40/><V108/><F108/><W19/><G30/><T12/><D12/><U63/><E15/><V1/><F1/><W20/><G48/><T74/><D74/><U115/><E72/><V43/><F43/><W94/><G44/><T0/><D0/><U121/><E75/><V62/><F62/><W97/><G20/><T85/><D85/><U78/><E87/><V118/><F118/><W7/><G7/><T112/><D112/><U64/><E51/><V128/><F113/><W132/><G132/><T13/><D13/><U99/><E63/><V81/><F128/><W83/><G114/><T34/><D32/><U47/><E35/><V52/><F52/><N who="3" m="33831" /><G76/><T66/><D66/><U92/><E33/><V96/><F4/><W67/><G67/><T3/><D3/><U98/><E115/><V53/><F6/><W133/><G133/><RYUUKYOKU ba="2,0" sc="235,15,398,-15,255,-15,112,15" hai0="25,28,34,88" hai3="8,9,19,22,27,82,83,89,94,97" /><INIT seed="2,3,0,0,2,85" ten="250,383,240,127" oya="2" hai0="54,29,121,16,12,17,4,97,105,24,120,35,30" hai1="34,104,6,28,125,39,58,111,96,13,93,53,100" hai2="98,92,135,91,132,43,129,9,84,74,1,10,124" hai3="134,15,80,82,75,52,63,94,76,38,110,5,78"/><V33/><F74/><W65/><G110/><T117/><D54/><U109/><E39/><V22/><F33/><W113/><G134/><N who="2" m="51241" /><F124/><W32/><G32/><T118/><D30/><U130/><E130/><V37/><F129/><W69/><G113/><T18/><D97/><U46/><E125/><V47/><F1/><W11/><G38/><T41/><D41/><U106/><E46/><V48/><F37/><W127/><G127/><T26/><D26/><N who="1" m="18711" /><E13/><V116/><F116/><N who="0" m="44650" /><D105/><U50/><E6/><V49/><F22/><W112/><G94/><T23/><D4/><U103/><E103/><N who="2" m="60871" /><F49/><W123/><G112/><T88/><D120/><U7/><E7/><V90/><F84/><W86/><REACH who="3" step="1"/><G123/><REACH who="3" ten="250,383,240,117" step="2"/><T56/><D121/><U3/><E106/><V61/><F61/><W119/><G119/><T27/><D35/><U77/><E104/><V81/><F81/><W128/><G128/><T107/><D107/><U2/><E109/><V21/><F21/><W122/><G122/><T108/><D23/><U60/><E111/><V55/><F43/><W126/><G126/><T131/><D108/><U51/><E60/><V0/><F0/><W95/><G95/><T62/><D131/><U68/><E93/><V73/><F73/><W45/><G45/><T114/><D114/><U79/><E96/><V101/><F101/><W72/><G72/><T31/><D27/><U8/><E100/><V67/><F9/><W99/><G99/><T36/><D36/><U57/><E8/><V133/><F10/><W83/><G83/><T20/><D24/><U64/><E3/><V66/><F133/><RYUUKYOKU ba="3,1" sc="250,-15,383,-15,240,15,117,15" hai2="47,48,55,66,67,90,91" hai3="5,11,15,52,63,65,69,75,76,78,80,82,86" /><INIT seed="2,4,1,4,1,0" ten="235,368,255,132" oya="2" hai0="30,72,79,39,36,31,73,95,51,62,69,57,24" hai1="67,135,96,107,77,106,37,85,16,111,40,10,110" hai2="108,123,125,1,59,89,54,7,82,47,41,97,20" hai3="55,66,104,132,52,78,23,128,88,13,42,105,63"/><V27/><F123/><W53/><G128/><T38/><D69/><U118/><E118/><V33/><F33/><W6/><G132/><T43/><D95/><U15/><E135/><V86/><F125/><W114/><G114/><T17/><D17/><U5/><E67/><V71/><F71/><W29/><G78/><T28/><D24/><U8/><E96/><V115/><F115/><W116/><G42/><T61/><D79/><U80/><E40/><V25/><F97/><W64/><G116/><T18/><D18/><U68/><E37/><V11/><F108/><N who="1" m="41513" /><E68/><V65/><F65/><W91/><G66/><T134/><D134/><U46/><E46/><V45/><F41/><W44/><G44/><T131/><D131/><U100/><E100/><V117/><F27/><N who="3" m="16639" /><G105/><T34/><D34/><U98/><E98/><V9/><F9/><N who="3" m="4279" /><G104/><T83/><D43/><U3/><AGARI ba="4,1" hai="3,5,8,10,15,16,77,80,85,106,107" m="41513" machi="3" ten="30,4000,0" yaku="14,1,52,1,54,1" doraHai="0" who="1" fromWho="1" sc="235,-14,368,62,255,-24,132,-14" /><INIT seed="3,0,0,0,4,62" ten="221,430,231,118" oya="3" hai0="46,12,67,35,47,75,110,93,104,61,73,117,105" hai1="90,2,54,131,4,111,32,8,115,7,124,71,116" hai2="76,118,60,109,14,21,26,133,68,112,134,103,127" hai3="91,86,119,20,25,48,108,126,33,132,80,24,77"/><W44/><G119/><T22/><D35/><U83/><E71/><V39/><F39/><W34/><G126/><T50/><D117/><U52/><E32/><V120/><F112/><W65/><G132/><T96/><D110/><U102/><E111/><V29/><F109/><W15/><G108/><T84/><D84/><U99/><E115/><V64/><F127/><W123/><G123/><T59/><D105/><U114/><E114/><V72/><F120/><W51/><G15/><T89/><D104/><U56/><E131/><V92/><F118/><W3/><G3/><T42/><D22/><U78/><E7/><V70/><F14/><W27/><G20/><T37/><D12/><U130/><E130/><V63/><F76/><W135/><G135/><N who="2" m="51721" /><F72/><W107/><G107/><T41/><AGARI ba="0,0" hai="37,41,42,46,47,50,59,61,67,73,75,89,93,96" machi="41" ten="20,2700,0" yaku="0,1,7,1,52,1" doraHai="62" who="0" fromWho="0" sc="221,27,430,-7,231,-7,118,-13" owari="248,4.8,423,52.3,224,-17.6,105,-39.5" /></mjloggm>