<mjloggm ver="2.3"><GO type="225" lobby="0"/><UN n0="%E5%8D%A0%E3%81%84%E5%B8%AB%E8%A3%8F%E3%81%AA%E3%81%84%E3%81%97" n1="%E3%83%A9%E3%82%A4%E3%83%B3%E3%81%AE%E8%99%8E" n2="%E3%80%90%E3%83%88%E3%83%AA%E3%83%A5%E3%83%95%E3%80%91" n3="%33%74%72%65%65" dan="17,16,16,16" rate="2165.46,2141.02,2116.90,2166.48" sx="M,M,M,F"/><TAIKYOKU oya="0"/><INIT seed="0,0,0,1,5,17" ten="250,250,250,250" oya="0" hai0="128,18,55,66,29,30,79,97,43,59,63,54,32" hai1="50,27,14,82,73,133,64,60,35,107,70,11,4" hai2="111,6,110,47,49,115,93,127,34,23,118,92,10" hai3="33,56,8,134,81,68,106,62,91,123,78,117,48"/><T74/><D128/><U52/><E133/><V41/><F115/><W57/><G117/><T101/><D43/><U90/><E107/><V2/><F34/><W129/><G134/><T65/><D74/><U85/><E73/><V114/><F114/><W26/><G106/><T80/><D79/><U24/><REACH who="1" step="1"/><E35/><REACH who="1" ten="250,240,250,250" step="2"/><V104/><F104/><W86/><G33/><T19/><D32/><U103/><E103/><V61/><F118/><W87/><G129/><T5/><D101/><U39/><E39/><V13/><F127/><W72/><G72/><T135/><D135/><U46/><AGARI ba="0,1" hai="4,11,14,24,27,46,50,52,60,64,70,82,85,90" machi="46" ten="20,12000,2" yaku="1,1,0,1,7,1,54,1,53,2" doraHai="17" doraHaiUra="22" who="1" fromWho="1" sc="250,-60,240,130,250,-30,250,-30" /><INIT seed="1,0,0,2,4,57" ten="190,370,220,220" oya="1" hai0="17,99,37,80,11,19,124,112,129,65,100,26,43" hai1="81,111,63,39,91,28,96,48,67,22,102,8,125" hai2="108,130,131,25,126,103,66,88,79,31,83,133,33" hai3="107,55,77,64,3,119,13,12,27,105,123,104,135"/><U5/><E39/><V76/><F108/><W101/><G123/><T78/><D112/><U42/><E125/><V75/><F126/><W117/><G3/><T14/><D124/><U34/><E34/><V54/><F103/><W87/><G135/><T15/><D129/><N who="2" m="49162" /><F54/><W114/><G114/><T44/><D65/><U20/><E28/><V21/><F133/><W95/><G64/><T120/><D120/><U68/><E111/><V115/><F115/><W72/><G27/><T118/><D26/><U121/><E121/><V30/><F66/><W106/><G55/><T109/><D109/><U73/><E42/><V46/><F46/><W6/><G6/><T122/><D118/><N who="3" m="45065" /><G13/><T82/><D78/><U92/><E48/><V40/><F40/><W94/><G12/><T116/><D122/><U49/><E49/><V84/><F76/><W85/><N who="3" m="26624" /><DORA hai="29" /><W38/><G38/><T58/><D58/><U98/><E68/><V132/><F132/><W2/><G2/><T60/><D116/><U110/><E67/><V56/><F56/><W51/><G51/><T70/><D70/><U32/><E110/><V74/><F31/><W7/><G7/><T4/><D4/><U0/><E5/><V45/><F45/><W59/><G59/><T47/><D47/><U23/><E0/><V134/><F134/><W128/><G128/><T69/><D69/><U41/><E41/><V62/><F62/><W113/><G113/><T93/><REACH who="0" step="1"/><D60/><REACH who="0" ten="180,370,220,220" step="2"/><U36/><E63/><V90/><F33/><W71/><G71/><T24/><D24/><U89/><E32/><V86/><F25/><RYUUKYOKU ba="0,1" sc="180,30,370,-10,220,-10,220,-10" hai0="11,14,15,17,19,37,43,44,80,82,93,99,100" /><INIT seed="2,1,1,5,3,121" ten="210,360,210,210" oya="2" hai0="132,82,30,113,68,48,27,119,5,101,29,108,17" hai1="13,118,97,31,116,80,46,100,78,49,24,3,0" hai2="129,2,76,103,42,57,94,6,69,12,79,98,50" hai3="127,18,99,91,19,125,106,134,70,45,20,10,87"/><V115/><F115/><W123/><G123/><T72/><D113/><U86/><E0/><V126/><F69/><W124/><G134/><T93/><D68/><U41/><E3/><V53/><F129/><W40/><G70/><T15/><D132/><U44/><E44/><N who="2" m="25879" /><F126/><W66/><G66/><T71/><D71/><U1/><E1/><V135/><F135/><W81/><G10/><T39/><D39/><U109/><E109/><V67/><F67/><W92/><G20/><T4/><D108/><U38/><E13/><V56/><F2/><W11/><G11/><N who="0" m="6399" /><D72/><U83/><E38/><V110/><F110/><W21/><G21/><N who="0" m="15599" /><D30/><U60/><E60/><N who="2" m="35855" /><F57/><W26/><G26/><T65/><D65/><U55/><E41/><V95/><F95/><W107/><G107/><T85/><D48/><U104/><E80/><V14/><F14/><W34/><G34/><AGARI ba="1,1" hai="24,31,34,46,49,55,78,83,86,97,100,104,116,118" machi="34" ten="30,1000,0" yaku="7,1" doraHai="121" who="1" fromWho="3" sc="210,0,360,23,210,0,210,-13" /><INIT seed="3,0,0,5,5,17" ten="210,383,210,197" oya="3" hai0="113,31,107,72,134,79,16,127,43,93,124,91,115" hai1="68,78,130,123,99,59,128,2,100,19,37,126,44" hai2="34,36,49,18,69,90,24,14,92,76,114,62,54" hai3="102,29,25,94,30,51,22,41,118,95,33,80,75"/><W46/><G118/><T132/><D31/><U111/><E68/><V11/><F36/><W84/><G75/><T87/><D107/><U8/><E123/><V109/><F109/><W121/><G121/><T104/><D104/><U89/><E111/><V103/><F76/><W10/><G102/><T71/><D71/><U1/><E126/><N who="0" m="48169" /><D43/><N who="1" m="22639" /><E89/><V83/><F114/><N who="0" m="43530" /><D16/><U64/><E78/><V57/><F69/><W53/><G10/><T27/><D27/><U97/><E19/><V5/><F103/><W110/><G110/><T112/><D112/><U35/><E35/><V20/><F34/><W129/><G129/><T117/><D117/><U106/><E99/><N who="2" m="57751" /><F83/><AGARI ba="0,0" hai="72,79,83,87,91,93,132,134" m="43530,48169" machi="83" ten="40,8000,1" yaku="18,1,11,1,34,2" doraHai="17" who="0" fromWho="2" sc="210,80,383,0,210,-80,197,0" owari="290,9.0,383,48.3,130,-37.0,197,-20.3" /></mjloggm>