<mjloggm ver="2.3"><GO type="225" lobby="0"/><UN n0="%E5%A4%8F%E9%88%B4%E9%88%B4%E5%A4%8F" n1="%E3%83%81%E3%83%83%E3%82%BF%E3%82%BD%E3%83%BC" n2="%E3%81%A4%E3%81%A3%E3%81%B1%E3%82%8A%E3%83%9D%E3%83%BC%E3%83%AB" n3="%E3%81%BF%E3%81%BF%E3%81%9A" dan="16,16,17,17" rate="2113.85,2152.88,2171.00,2167.61" sx="F,F,M,M"/><TAIKYOKU oya="0"/><INIT seed="0,0,0,4,4,121" ten="250,250,250,250" oya="0" hai0="49,56,96,108,41,125,64,107,46,31,68,43,29" hai1="124,109,130,99,82,5,72,1,6,48,61,71,50" hai2="78,62,12,42,63,102,81,114,38,119,26,34,35" hai3="112,23,19,103,30,37,127,51,60,97,76,59,95"/><T135/><D135/><U7/><E1/><V33/><F114/><W18/><G112/><T28/><D125/><U91/><E124/><V133/><F133/><W88/><G37/><T45/><D108/><U20/><E109/><V90/><F119/><W27/><G127/><T79/><D68/><U106/><E130/><V66/><F102/><W17/><G76/><T89/><D79/><U67/><E20/><V53/><F90/><W75/><G75/><T2/><D2/><U120/><E120/><V70/><F12/><W104/><G51/><T58/><D64/><U126/><E126/><V24/><F53/><W85/><REACH who="3" step="1"/><G30/><REACH who="3" ten="250,250,250,240" step="2"/><T11/><D11/><U25/><E72/><V10/><F63/><W113/><G113/><T94/><REACH who="0" step="1"/><D107/><REACH who="0" ten="240,250,250,240" step="2"/><U55/><E106/><V44/><REACH who="2" step="1"/><F10/><REACH who="2" ten="240,250,240,240" step="2"/><W80/><G80/><T122/><D122/><U57/><E82/><V40/><F40/><W86/><G86/><AGARI ba="0,3" hai="24,26,33,34,35,38,42,44,62,66,70,78,81,86" machi="86" ten="40,1300,0" yaku="1,1,53,0" doraHai="121" doraHaiUra="47" who="2" fromWho="3" sc="240,0,250,0,240,43,240,-13" /><INIT seed="1,0,0,2,0,132" ten="240,250,283,227" oya="1" hai0="33,34,123,23,87,16,24,58,21,37,54,30,36" hai1="116,57,12,118,67,104,131,53,5,120,40,101,124" hai2="106,31,107,68,105,72,32,15,42,102,66,64,117" hai3="77,127,52,135,10,13,4,97,26,14,29,115,65"/><U91/><E120/><V49/><F117/><W76/><G115/><T56/><D123/><U73/><E73/><V61/><F72/><W28/><G135/><T133/><D133/><U111/><E67/><V89/><F66/><W48/><G65/><T59/><D54/><U109/><E40/><V94/><F15/><W7/><G127/><T110/><D110/><N who="1" m="41995" /><E131/><V19/><F19/><W22/><G29/><T51/><D51/><N who="1" m="30911" /><E91/><V88/><F49/><W129/><G129/><T44/><D87/><U45/><E45/><V99/><REACH who="2" step="1"/><F42/><REACH who="2" ten="240,250,273,227" step="2"/><W17/><G97/><T84/><D37/><U70/><E70/><V74/><F74/><W128/><G128/><T78/><D36/><U98/><E124/><V114/><F114/><W93/><G93/><T113/><D113/><U103/><E12/><V38/><F38/><W27/><G27/><AGARI ba="0,1" hai="27,31,32,61,64,68,88,89,94,99,102,105,106,107" machi="27" ten="40,2600,0" yaku="1,1,54,1,53,0" doraHai="132" doraHaiUra="134" who="2" fromWho="3" sc="240,0,250,0,273,36,227,-26" /><INIT seed="2,0,0,1,5,128" ten="240,250,309,201" oya="2" hai0="49,71,68,4,134,98,64,48,88,6,27,13,125" hai1="28,56,94,14,10,108,7,96,32,127,90,101,53" hai2="74,117,122,22,45,40,38,124,39,87,62,110,85" hai3="120,80,12,123,104,23,42,35,118,41,50,61,131"/><V111/><F117/><W24/><G118/><T31/><D125/><U135/><E108/><N who="2" m="41515" /><F124/><W54/><G104/><T17/><D71/><U58/><E127/><V106/><F122/><W47/><G131/><T44/><D64/><U19/><E28/><V95/><F106/><W79/><G35/><T63/><D49/><U93/><E32/><V37/><F74/><W51/><G61/><T102/><D63/><U43/><E43/><V73/><F73/><W0/><G0/><T36/><D134/><U97/><E135/><V103/><F62/><W133/><G133/><T55/><D36/><N who="2" m="13930" /><F22/><W60/><G60/><T46/><D44/><U52/><E7/><V121/><F121/><W89/><G89/><T67/><D67/><U65/><REACH who="1" step="1"/><E65/><REACH who="1" ten="240,240,309,201" step="2"/><V119/><F119/><W107/><G123/><T83/><D4/><U82/><E82/><V18/><F18/><W26/><G120/><T16/><D6/><U20/><E20/><V30/><F30/><W76/><G42/><T8/><D17/><U77/><E77/><N who="3" m="29770" /><G80/><T34/><D68/><U126/><E126/><V25/><F40/><W75/><G75/><T70/><D70/><U3/><E3/><V33/><F33/><W112/><G112/><T69/><D69/><U130/><E130/><V105/><F39/><W91/><G41/><T1/><D1/><U113/><E113/><V66/><F66/><W81/><G81/><T86/><D102/><U99/><E99/><AGARI ba="0,1" hai="8,13,16,27,31,34,46,48,55,83,86,88,98,99" machi="99" ten="40,8000,1" yaku="25,2,54,2" doraHai="128" who="0" fromWho="1" sc="240,90,240,-80,309,0,201,0" /><INIT seed="3,0,0,0,5,83" ten="330,160,309,201" oya="3" hai0="8,38,69,77,31,11,114,128,12,36,5,121,14" hai1="28,35,82,102,30,110,92,64,39,58,104,66,0" hai2="60,98,48,21,13,97,129,65,32,4,73,105,72" hai3="19,88,47,113,37,108,78,63,111,89,25,26,71"/><W118/><G118/><T46/><D69/><U107/><E110/><N who="3" m="42026" /><G113/><T9/><D121/><U52/><E39/><V93/><F32/><W90/><G78/><T130/><D114/><U95/><E0/><V123/><F123/><W75/><G75/><T20/><D77/><U124/><E124/><V134/><F134/><W74/><G74/><T18/><D11/><U127/><E127/><V126/><F126/><W54/><G19/><N who="0" m="8583" /><D46/><U40/><E40/><V27/><F73/><W59/><G71/><T57/><D57/><U42/><E42/><AGARI ba="0,0" hai="25,26,37,42,47,54,59,63,88,89,90" m="42026" machi="42" ten="30,5800,0" yaku="14,1,10,1,54,1" doraHai="83" who="3" fromWho="1" sc="330,0,160,-58,309,0,201,58" /><INIT seed="3,1,0,5,2,68" ten="330,102,309,259" oya="3" hai0="38,27,54,67,81,108,111,19,37,53,46,80,127" hai1="62,8,61,103,132,35,133,134,91,105,113,42,97" hai2="31,109,90,128,3,114,87,57,33,102,110,12,95" hai3="63,45,131,122,84,93,44,65,10,28,51,49,76"/><W135/><G122/><T86/><D127/><U70/><E35/><V15/><F114/><W75/><G75/><T78/><D67/><U94/><E8/><V30/><F128/><W73/><G73/><N who="0" m="43087" /><D19/><U77/><E70/><V130/><F130/><W4/><G131/><T112/><D27/><U22/><E22/><V126/><F126/><W85/><G135/><T121/><D121/><U20/><E20/><V129/><F129/><W43/><G28/><N who="2" m="10793" /><F33/><W9/><G76/><T64/><D64/><U26/><E26/><V13/><F3/><W34/><G34/><T50/><D54/><U118/><E42/><V88/><F102/><W41/><G93/><T96/><D96/><U11/><E11/><V101/><F101/><W21/><G21/><T71/><D71/><U89/><E62/><V16/><F57/><W23/><G23/><T59/><D59/><U0/><E61/><V18/><F90/><W92/><G92/><T55/><D55/><U48/><E0/><V107/><F107/><W39/><G39/><T125/><D112/><U60/><E60/><V104/><F104/><W72/><G72/><T56/><D56/><U40/><E113/><V25/><F25/><W82/><G82/><T117/><D117/><U47/><E77/><V66/><F66/><W24/><G24/><T83/><D125/><U14/><E14/><V17/><F13/><N who="3" m="5319" /><G9/><T52/><D83/><U32/><E118/><V74/><F74/><W115/><G115/><T119/><D119/><U116/><E116/><V120/><F120/><W98/><G98/><T123/><D123/><U36/><E32/><RYUUKYOKU ba="1,0" sc="330,-15,102,-15,309,15,259,15" hai2="12,15,16,17,18,87,88,95,109,110" hai3="41,43,44,45,49,51,63,65,84,85" /><INIT seed="3,2,0,2,5,76" ten="315,87,324,274" oya="3" hai0="78,134,13,126,42,35,70,89,130,54,33,92,26" hai1="34,14,135,40,55,50,10,108,17,2,100,48,97" hai2="46,132,82,117,122,5,9,58,118,80,7,30,109" hai3="6,106,88,60,125,112,133,63,47,25,36,75,85"/><W79/><G112/><T41/><D70/><U57/><E108/><V127/><F109/><W94/><G125/><T11/><D78/><U15/><E135/><V101/><F132/><W123/><G133/><T98/><D134/><U129/><E129/><V114/><F114/><W39/><G123/><T3/><D3/><U16/><E34/><V110/><F110/><W44/><G25/><T23/><D130/><U77/><E2/><V67/><F127/><W32/><G32/><T99/><D33/><U131/><E131/><V95/><F118/><W90/><G6/><N who="2" m="2057" /><F117/><W24/><G24/><T56/><D35/><U121/><E121/><V21/><F46/><W124/><G124/><T119/><D99/><U84/><E40/><N who="0" m="15465" /><D119/><U68/><E68/><V43/><F9/><W18/><G106/><T53/><D56/><U113/><E113/><V1/><F43/><W20/><G90/><T4/><D126/><U93/><E77/><V52/><F67/><W115/><G115/><T29/><AGARI ba="2,0" hai="4,11,13,23,26,29,53,54,89,92,98" m="15465" machi="29" ten="30,1100,0" yaku="8,1" doraHai="76" who="0" fromWho="0" sc="315,17,87,-5,324,-5,274,-7" owari="332,43.2,82,-41.8,319,11.9,267,-13.3" /></mjloggm>