<mjloggm ver="2.3"><GO type="225" lobby="0"/><UN n0="%E3%83%A9%E3%83%BC%E3%83%A1%E3%83%B3%E4%BA%94%E9%83%8E" n1="%4C%4F%4C%49%54%41" n2="%33%74%72%65%65" n3="%41%6F%54" dan="16,16,16,16" rate="2119.16,2157.66,2175.00,2069.42" sx="M,F,F,M"/><TAIKYOKU oya="0"/><INIT seed="0,0,0,4,0,26" ten="250,250,250,250" oya="0" hai0="81,65,93,131,58,92,57,74,50,88,99,127,38" hai1="85,39,68,67,132,37,48,24,112,78,14,71,7" hai2="63,113,12,19,41,53,60,43,101,49,91,5,70" hai3="72,30,95,42,59,29,4,20,25,122,31,44,27"/><T16/><D38/><U103/><E103/><V108/><F113/><W86/><G72/><T134/><D127/><U124/><E112/><V130/><F108/><W45/><G122/><T80/><D131/><U123/><E123/><V76/><F130/><W32/><G4/><T90/><D134/><U52/><E124/><V82/><F5/><W40/><G59/><T110/><D110/><U115/><E115/><V125/><F125/><W54/><G54/><N who="0" m="31959" /><D74/><U21/><E132/><V98/><F91/><N who="3" m="53751" /><G32/><T114/><D114/><U0/><E0/><V104/><F63/><W119/><G25/><T2/><D2/><U128/><E128/><V1/><F60/><W106/><G106/><T126/><D126/><U69/><E67/><V33/><F33/><W47/><G119/><T120/><D120/><U9/><E85/><V94/><F104/><W79/><G79/><T46/><D46/><U87/><E87/><N who="2" m="48583" /><F70/><W28/><AGARI ba="0,0" hai="20,27,28,29,30,31,40,42,44,45,47" m="53751" machi="28" ten="30,8000,1" yaku="8,1,52,4" doraHai="26" who="3" fromWho="3" sc="250,-40,250,-20,250,-20,250,80" /><INIT seed="1,0,0,5,0,5" ten="210,230,230,330" oya="1" hai0="67,96,60,42,66,20,61,12,7,122,44,93,68" hai1="21,114,119,87,52,9,50,110,125,6,19,22,29" hai2="90,58,47,71,72,38,51,74,40,45,64,95,76" hai3="91,32,100,23,134,70,26,34,108,1,99,37,83"/><U24/><E114/><V85/><F76/><W65/><G37/><T14/><D122/><U49/><E125/><V130/><F130/><W133/><G1/><T86/><D86/><U41/><E119/><V118/><F118/><W126/><G126/><T81/><D81/><U75/><E75/><V35/><F35/><W97/><G65/><T11/><D20/><U27/><E110/><V104/><F104/><W56/><G56/><T39/><D14/><N who="1" m="5431" /><E41/><V16/><F71/><W92/><G70/><T131/><D131/><U13/><E87/><V69/><F69/><W73/><G108/><T3/><D3/><U116/><E116/><V89/><F89/><W59/><G59/><T31/><D31/><N who="1" m="17807" /><E52/><V84/><F84/><W82/><G34/><T111/><D111/><U18/><E29/><V79/><F79/><W2/><G32/><T25/><D25/><U46/><E46/><V62/><REACH who="2" step="1"/><F16/><REACH who="2" ten="210,230,220,330" step="2"/><W63/><G73/><T43/><D68/><U33/><E33/><V4/><F4/><W55/><G91/><T30/><D7/><U98/><E98/><V124/><F124/><W115/><G99/><T80/><D96/><U94/><E94/><V54/><AGARI ba="0,1" hai="38,40,45,47,51,54,58,62,64,72,74,85,90,95" machi="54" ten="20,2700,0" yaku="1,1,0,1,7,1,53,0" doraHai="5" doraHaiUra="117" who="2" fromWho="2" sc="210,-7,230,-13,220,37,330,-7" /><INIT seed="2,0,0,1,4,19" ten="203,217,257,323" oya="2" hai0="120,44,35,10,128,131,69,123,111,118,80,42,37" hai1="132,11,95,36,6,86,29,20,129,82,84,52,30" hai2="78,8,124,121,75,85,104,126,61,67,26,73,79" hai3="62,91,92,135,58,125,3,115,55,63,16,51,56"/><V32/><F121/><N who="0" m="46666" /><D35/><U48/><E36/><V53/><F104/><W15/><G125/><N who="2" m="48233" /><F53/><N who="3" m="31807" /><G3/><T81/><D111/><U96/><E129/><N who="0" m="49737" /><D10/><U109/><E109/><V59/><F8/><N who="3" m="6247" /><G135/><T77/><D118/><U112/><E112/><V24/><F32/><W22/><G22/><T40/><D81/><U108/><E132/><V64/><F73/><W70/><G70/><T45/><D80/><U5/><E108/><V7/><F75/><W113/><G113/><T74/><D77/><U134/><E134/><V114/><F79/><W94/><G115/><T23/><D74/><U17/><E30/><V0/><F114/><W93/><G63/><T97/><D97/><AGARI ba="0,0" hai="55,58,62,91,92,93,94,97" m="6247,31807" machi="97" ten="30,2000,0" yaku="8,1,54,1" doraHai="19" who="3" fromWho="0" sc="203,-20,217,0,257,0,323,20" /><INIT seed="3,0,0,3,2,8" ten="183,217,257,343" oya="3" hai0="80,87,64,27,79,109,13,71,135,108,122,44,2" hai1="123,56,9,14,117,77,28,51,104,19,111,72,16" hai2="0,129,99,128,107,55,15,89,39,126,66,62,130" hai3="115,17,118,120,25,132,113,4,61,96,75,32,49"/><W57/><G75/><T98/><D122/><U103/><E123/><V134/><F0/><W43/><G120/><T5/><D2/><U48/><E111/><N who="0" m="42569" /><D135/><U46/><E117/><V7/><F134/><W94/><G4/><T84/><D98/><U20/><E28/><V69/><F39/><W37/><G37/><T3/><D3/><U22/><E9/><V86/><F126/><W105/><G17/><T24/><D44/><U40/><E104/><V18/><F107/><W131/><G105/><T125/><D125/><U29/><E72/><V58/><F99/><W65/><G132/><T26/><D5/><U88/><E29/><V116/><F7/><W35/><G118/><T114/><D114/><U59/><E77/><V50/><F116/><W127/><G127/><T10/><D87/><U52/><E103/><V33/><F86/><W74/><G96/><T6/><D64/><U34/><E34/><V102/><F33/><W12/><G32/><T11/><D11/><U119/><E119/><V68/><F66/><W67/><G65/><T100/><D100/><U97/><E56/><V85/><F102/><W106/><G57/><T124/><D124/><U60/><E60/><V38/><F62/><W78/><G61/><T73/><D73/><U121/><E121/><V83/><REACH who="2" step="1"/><F38/><REACH who="2" ten="183,217,247,343" step="2"/><W36/><G36/><T101/><D101/><U133/><E133/><V47/><F47/><W53/><G35/><T95/><D71/><U63/><E97/><V112/><F112/><W31/><G115/><T42/><D42/><U54/><E40/><V21/><AGARI ba="0,1" hai="15,18,21,50,55,58,68,69,83,85,89,128,129,130" machi="21" ten="30,8000,1" yaku="1,1,0,1,19,1,52,1,53,1" doraHai="8" doraHaiUra="81" who="2" fromWho="2" sc="183,-20,217,-20,247,90,343,-40" owari="163,-33.7,197,-20.3,337,43.7,303,10.3" /></mjloggm>