<mjloggm ver="2.3"><GO type="225" lobby="0"/><UN n0="%70%6F%69%73%6F%6E%30%32" n1="%E7%99%BD%E5%80%89%E5%AF%9B%E4%B9%8B" n2="%E3%83%A9%E3%83%BC%E3%83%A1%E3%83%B3%E4%BA%94%E9%83%8E" n3="%E3%81%8B%E3%82%8F%E3%81%A1%E3%82%83%E3%82%93%35%38" dan="16,16,16,16" rate="2098.64,2125.69,2119.51,2159.34" sx="M,M,M,M"/><TAIKYOKU oya="0"/><INIT seed="0,0,0,5,3,90" ten="250,250,250,250" oya="0" hai0="94,79,111,85,80,50,15,26,27,47,129,83,102" hai1="127,16,110,57,44,39,35,42,76,11,46,17,118" hai2="36,81,13,64,19,120,101,128,37,34,106,116,23" hai3="59,130,75,33,124,88,56,103,25,132,48,131,67"/><T62/><D129/><N who="3" m="49161" /><G75/><T125/><D125/><U123/><E35/><V12/><F128/><W53/><G124/><T10/><D111/><U14/><E127/><V58/><F120/><W89/><G132/><T43/><D62/><U20/><E110/><V92/><F34/><W121/><G121/><T5/><REACH who="0" step="1"/><D83/><REACH who="0" ten="240,250,250,250" step="2"/><U69/><E123/><V54/><F81/><W133/><G133/><T82/><D82/><U2/><E118/><V97/><F116/><W96/><G67/><T4/><D4/><U113/><E113/><V72/><F64/><W104/><G59/><T135/><D135/><U65/><E69/><V99/><F72/><W41/><G41/><T49/><D49/><U63/><E46/><V6/><F6/><W105/><G105/><T55/><D55/><U31/><E76/><V95/><F106/><W108/><G108/><T40/><D40/><U114/><E114/><V126/><F126/><W112/><G112/><T61/><D61/><U117/><E117/><V21/><F36/><W122/><G122/><T32/><D32/><U78/><E78/><V38/><F37/><W0/><G0/><T22/><D22/><N who="2" m="8202" /><F38/><W74/><G74/><T77/><D77/><U29/><REACH who="1" step="1"/><E2/><REACH who="1" ten="240,240,250,250" step="2"/><V115/><F115/><W3/><G3/><T107/><D107/><U1/><E1/><V109/><F109/><W7/><G7/><T52/><D52/><U87/><E87/><V93/><F54/><W73/><G73/><T66/><D66/><U9/><E9/><V8/><F8/><W70/><G70/><T71/><D71/><U18/><E18/><V28/><F19/><RYUUKYOKU ba="0,2" sc="240,10,240,10,250,-30,250,10" hai0="5,10,15,26,27,43,47,50,79,80,85,94,102" hai1="11,14,16,17,20,29,31,39,42,44,57,63,65" hai3="25,33,48,53,56,88,89,96,103,104" /><INIT seed="0,1,2,3,4,21" ten="250,250,220,260" oya="0" hai0="13,116,34,130,54,86,36,28,119,87,113,67,89" hai1="53,66,76,108,112,57,127,104,17,0,25,62,94" hai2="111,91,74,134,29,98,43,73,100,7,122,106,107" hai3="118,126,42,38,4,41,82,47,117,84,3,133,81"/><T18/><D113/><U60/><E104/><V99/><F122/><W20/><G133/><T30/><D36/><U79/><E0/><V64/><F134/><W114/><G114/><T51/><D130/><U1/><E1/><V69/><F111/><W33/><G33/><T75/><D75/><U27/><E112/><V52/><F43/><W83/><G84/><T16/><D67/><U39/><E39/><V124/><F124/><W103/><G42/><T97/><D97/><U48/><E108/><V135/><F135/><W44/><G44/><T105/><D105/><U5/><E5/><V11/><F29/><W78/><G78/><N who="1" m="29738" /><E17/><V95/><F107/><W40/><G126/><T80/><D87/><U14/><E14/><V109/><F109/><W26/><G40/><T85/><D85/><U37/><E37/><V101/><F91/><W50/><G103/><T110/><D18/><U35/><E35/><V71/><F71/><W23/><G38/><T2/><D2/><U125/><E127/><V22/><F22/><W63/><G23/><T102/><D110/><U123/><E125/><V70/><F70/><W32/><G32/><T129/><D102/><U131/><E131/><V45/><F69/><W132/><G132/><T61/><D129/><U6/><E6/><V31/><F31/><N who="0" m="11818" /><D61/><N who="1" m="23659" /><E123/><V59/><F64/><W68/><G3/><T128/><D34/><U92/><E66/><V46/><F73/><W8/><G68/><T72/><D72/><U49/><E49/><N who="2" m="31119" /><F74/><W90/><G63/><T120/><D128/><U58/><E58/><V115/><F115/><W96/><G50/><RYUUKYOKU ba="1,2" sc="250,-15,250,15,220,15,260,-15" hai1="25,27,48,53,57,92,94" hai2="7,11,45,46,95,98,99,100,101,106" /><INIT seed="1,2,2,5,2,125" ten="235,265,235,245" oya="1" hai0="14,75,99,65,19,63,38,104,110,108,40,100,77" hai1="103,10,83,130,69,30,85,49,124,44,114,92,127" hai2="48,95,113,80,3,96,120,119,106,111,101,58,39" hai3="17,89,51,102,116,42,128,2,28,70,9,31,37"/><U1/><E69/><V7/><F119/><W88/><G70/><T35/><D35/><U0/><E114/><V57/><F120/><W98/><G37/><T29/><D29/><N who="3" m="11337" /><G2/><T93/><D77/><U6/><E30/><V36/><F113/><W62/><G116/><T16/><D75/><U126/><E103/><V34/><F34/><W133/><G133/><T107/><D40/><N who="1" m="24711" /><E92/><V54/><F111/><N who="0" m="42538" /><D38/><U94/><E94/><V4/><F36/><W8/><G62/><T24/><D24/><U46/><E46/><V123/><F39/><W71/><G71/><N who="0" m="42431" /><D19/><U13/><E130/><V74/><F123/><W84/><G128/><T15/><D15/><U73/><E73/><V61/><F3/><W18/><G18/><T91/><D100/><U32/><E32/><V27/><F27/><W86/><G17/><T26/><D26/><U81/><E81/><V23/><F106/><W132/><G102/><T60/><D60/><U68/><E68/><V66/><REACH who="2" step="1"/><F23/><AGARI ba="2,2" hai="14,16,23,91,93,99,104,107" m="42431,42538" machi="23" ten="30,2000,0" yaku="14,1,54,1" doraHai="125" who="0" fromWho="2" sc="235,46,265,0,235,-26,245,0" /><INIT seed="2,0,0,4,0,100" ten="281,265,209,245" oya="2" hai0="0,5,39,73,35,94,84,20,107,41,46,6,17" hai1="125,90,98,80,26,91,76,70,28,13,53,50,30" hai2="79,45,126,8,27,62,4,102,33,60,85,111,88" hai3="83,75,37,24,1,104,68,38,71,82,48,43,15"/><V117/><F117/><W19/><G1/><T135/><D73/><U14/><E70/><V115/><F115/><W92/><G104/><T74/><D35/><U16/><E125/><V122/><F122/><W133/><G133/><T99/><D74/><U119/><E119/><V52/><F126/><W78/><G82/><T18/><D18/><U12/><E76/><V120/><F120/><W64/><G24/><T81/><D107/><U128/><E128/><V31/><F79/><W69/><G64/><T101/><D0/><U51/><E51/><V87/><F102/><W42/><G92/><T58/><D58/><N who="1" m="33079" /><E98/><V10/><F85/><W129/><G129/><T29/><D29/><N who="1" m="11371" /><E80/><V108/><F10/><W89/><G89/><N who="1" m="33802" /><E26/><V47/><F62/><W109/><G109/><N who="2" m="42057" /><F60/><W131/><G131/><T123/><D135/><U54/><E54/><V22/><F52/><W67/><G67/><T34/><D34/><U121/><E121/><V11/><F33/><W77/><G77/><N who="0" m="46127" /><D123/><U65/><E65/><V118/><F118/><W7/><G7/><T9/><D9/><AGARI ba="0,0" hai="9,12,13,14,16" m="33802,11371,33079" machi="9" ten="30,2000,0" yaku="8,1,54,1" doraHai="100" who="1" fromWho="0" sc="281,-20,265,20,209,0,245,0" /><INIT seed="3,0,0,1,0,35" ten="261,285,209,245" oya="3" hai0="97,45,40,82,61,74,60,78,4,126,131,94,98" hai1="41,62,134,80,68,5,0,34,119,108,1,66,7" hai2="12,22,10,128,122,135,21,104,53,75,118,46,55" hai3="47,63,107,101,110,51,6,99,8,129,106,27,125"/><W16/><G125/><T3/><D131/><U109/><E134/><V93/><F104/><W117/><G117/><T58/><D126/><U30/><E119/><V91/><F118/><W31/><G129/><T50/><D94/><U89/><E41/><V43/><F128/><W112/><G112/><T36/><D50/><U29/><E89/><V133/><F75/><W32/><G110/><N who="1" m="42602" /><E80/><V79/><F79/><W44/><G107/><T90/><D90/><U105/><E105/><V124/><F122/><W103/><G103/><T87/><D87/><U13/><E13/><V86/><F124/><W116/><G116/><T96/><D58/><U54/><E54/><N who="2" m="20491" /><F46/><W15/><G51/><T72/><D72/><U127/><E127/><V81/><F81/><W26/><G26/><T84/><D84/><U24/><E30/><V52/><N who="2" m="20499" /><V95/><DORA hai="48" /><F95/><W65/><REACH who="3" step="1"/><G6/><AGARI ba="0,0" hai="0,1,5,6,7,24,29,34,62,66,68" m="42602" machi="6" ten="30,3900,0" yaku="14,1,52,2" doraHai="35,48" who="1" fromWho="3" sc="261,0,285,39,209,0,245,-39" owari="261,6.1,324,42.4,209,-19.1,206,-29.4" /></mjloggm>