<mjloggm ver="2.3"><GO type="225" lobby="0"/><UN n0="%E9%B4%A8%4E%45%47%49" n1="%41%6F%54" n2="%E5%82%8D%E8%8B%A5%E7%84%A1%E4%BA%BA%35%31" n3="%E6%98%93%E5%88%A9%E8%96%A9%E4%BC%AF" dan="16,16,16,17" rate="2095.62,2075.11,2152.84,2188.36" sx="M,M,M,F"/><TAIKYOKU oya="0"/><INIT seed="0,0,0,1,2,35" ten="250,250,250,250" oya="0" hai0="27,84,100,121,12,61,32,96,16,112,7,82,21" hai1="102,126,63,109,42,70,124,130,95,131,45,26,90" hai2="40,38,22,127,41,108,106,81,24,17,97,119,115" hai3="48,46,52,132,11,29,36,89,128,44,107,71,133"/><T60/><D112/><U72/><E26/><V73/><F108/><W25/><G71/><T94/><D121/><U14/><E72/><V15/><F127/><N who="1" m="48681" /><E102/><V76/><F119/><W75/><G107/><T87/><D32/><U104/><E104/><V23/><F115/><W120/><G75/><T117/><D117/><U34/><E34/><V134/><F134/><W135/><G128/><T88/><D87/><N who="1" m="52703" /><E14/><V57/><F38/><W8/><G120/><T49/><D49/><N who="1" m="26807" /><E109/><V91/><F57/><W67/><G67/><AGARI ba="0,0" hai="63,67,70,130,131" m="26807,52703,48681" machi="67" ten="30,1000,0" yaku="18,1" doraHai="35" who="1" fromWho="3" sc="250,0,250,10,250,0,250,-10" /><INIT seed="1,0,0,5,1,27" ten="250,260,250,240" oya="1" hai0="41,67,88,71,55,81,79,16,69,25,8,60,30" hai1="32,123,38,18,131,50,12,29,61,63,70,110,33" hai2="37,86,23,99,22,19,122,113,100,115,44,127,118" hai3="43,7,102,132,64,96,117,94,109,120,0,58,92"/><U85/><E123/><V74/><F74/><W90/><G120/><T66/><D41/><U130/><E38/><V105/><F127/><W2/><G109/><T4/><D55/><U75/><E75/><V26/><F118/><W83/><G132/><T21/><D67/><U11/><E110/><V54/><F122/><W98/><G117/><T53/><D53/><U89/><E50/><V28/><F86/><W65/><G43/><T56/><D88/><U124/><E124/><V108/><F108/><W62/><G7/><T119/><D119/><U6/><E6/><V76/><F76/><W34/><G34/><T77/><D77/><U48/><E48/><V45/><F54/><W51/><G51/><T31/><D71/><U3/><E3/><V42/><REACH who="2" step="1"/><F44/><REACH who="2" ten="250,260,240,240" step="2"/><W72/><G65/><T107/><D69/><U114/><E70/><V111/><F111/><W116/><G116/><T112/><D107/><U97/><E85/><V47/><F47/><W93/><G72/><T87/><REACH who="0" step="1"/><D112/><REACH who="0" ten="240,260,240,240" step="2"/><U59/><E114/><V125/><F125/><W10/><G83/><T84/><D84/><U9/><E59/><V91/><F91/><W57/><G57/><T1/><AGARI ba="0,2" hai="1,4,8,16,21,25,30,31,56,60,66,79,81,87" machi="1" ten="20,12000,2" yaku="1,1,0,1,7,1,52,2,54,1,53,0" doraHai="27" doraHaiUra="36" who="0" fromWho="0" sc="240,140,260,-60,240,-30,240,-30" /><INIT seed="2,0,0,4,0,20" ten="380,200,210,210" oya="2" hai0="102,96,48,89,56,61,135,93,57,125,47,111,88" hai1="130,110,118,74,81,43,131,73,122,76,90,133,58" hai2="39,16,75,15,109,6,10,54,46,35,5,114,55" hai3="123,112,37,52,103,63,66,105,100,3,14,59,21"/><V120/><F120/><W22/><G3/><T49/><D111/><U119/><E43/><V70/><F114/><W18/><G123/><T65/><D125/><U34/><E122/><V45/><F70/><W95/><G112/><T38/><D135/><U78/><E34/><V134/><F75/><N who="1" m="28681" /><E58/><V108/><F134/><W28/><G37/><T129/><D129/><N who="1" m="49163" /><E133/><V50/><F35/><W79/><G105/><T113/><D113/><U62/><E62/><V12/><F39/><W51/><G79/><N who="1" m="30250" /><E110/><N who="2" m="42603" /><F12/><W92/><G103/><T67/><D38/><U27/><E27/><V53/><F46/><N who="3" m="27767" /><G100/><T121/><D121/><U40/><E40/><AGARI ba="0,0" hai="5,6,10,15,16,40,45,50,53,54,55" m="42603" machi="40" ten="30,5800,0" yaku="14,1,10,1,54,1" doraHai="20" who="2" fromWho="1" sc="380,0,200,-58,210,58,210,0" /><INIT seed="2,1,0,4,3,84" ten="380,142,268,210" oya="2" hai0="81,135,60,56,106,45,30,112,52,90,97,132,3" hai1="113,64,42,58,122,85,34,61,65,120,102,133,23" hai2="13,11,124,44,69,33,17,77,88,62,70,14,78" hai3="21,108,6,72,26,18,101,7,29,20,19,8,114"/><V10/><F33/><N who="3" m="20663" /><G101/><N who="0" m="62767" /><D3/><U95/><E34/><V4/><F124/><W99/><G99/><T32/><D112/><U5/><E113/><V128/><F128/><W111/><G72/><T121/><D121/><U74/><E74/><V9/><F9/><W12/><G114/><T53/><D45/><U55/><E133/><N who="0" m="51273" /><D32/><U51/><E5/><N who="3" m="1546" /><G8/><T63/><D30/><U79/><E102/><V35/><F35/><W91/><G91/><T117/><D117/><U28/><E42/><V46/><F70/><W67/><G67/><N who="0" m="39303" /><D63/><U73/><E73/><V22/><F69/><W2/><G2/><T48/><D48/><U134/><E134/><V105/><F62/><W110/><G111/><T68/><D68/><U119/><E119/><V96/><F11/><W15/><AGARI ba="1,0" hai="12,15,18,19,20,21,108,110" m="1546,20663" machi="15" ten="30,2000,0" yaku="34,2" doraHai="84" who="3" fromWho="3" sc="380,-6,142,-6,268,-11,210,23" /><INIT seed="3,0,0,0,2,67" ten="374,136,257,233" oya="3" hai0="110,41,80,55,119,37,129,20,43,130,135,56,94" hai1="81,68,17,72,64,125,128,73,18,9,112,118,86" hai2="23,82,0,38,70,120,16,90,4,134,13,101,108" hai3="2,12,88,11,77,99,113,78,133,32,45,62,50"/><W6/><G113/><T106/><D106/><U30/><E112/><V63/><F108/><W124/><G32/><T69/><D110/><U8/><E128/><N who="0" m="49257" /><D119/><U58/><E118/><V48/><F38/><W34/><G34/><T122/><D94/><U1/><E125/><V116/><F101/><W44/><G124/><T35/><D20/><U123/><E58/><V132/><F120/><W57/><G2/><T76/><D69/><U98/><E30/><V15/><F48/><W60/><G45/><N who="0" m="23727" /><D43/><U61/><E123/><V93/><F82/><W22/><G22/><T75/><D135/><U54/><E54/><V7/><F0/><W26/><G26/><T104/><D104/><U46/><E46/><V24/><F15/><W40/><G133/><N who="2" m="51305" /><F13/><W42/><G42/><T27/><D122/><U115/><E115/><V31/><F31/><W92/><G62/><N who="0" m="36127" /><D35/><U49/><E49/><V36/><F36/><W131/><G131/><T85/><D27/><U97/><E73/><AGARI ba="0,0" hai="73,75,76,80,85" m="36127,23727,49257" machi="73" ten="30,1000,0" yaku="19,1" doraHai="67" who="0" fromWho="1" sc="374,10,136,-10,257,0,233,0" owari="384,48.4,126,-37.4,257,5.7,233,-16.7" /></mjloggm>