<mjloggm ver="2.3"><GO type="225" lobby="0"/><UN n0="%E3%81%93%E3%81%9F%E3%82%8D%E3%81%86%E3%81%8F%E3%82%93" n1="%70%68%65%6E%6F%6D%65" n2="%E3%81%BF%E3%81%BF%E3%81%9A" n3="%E3%83%96%E3%83%83%E3%83%91%E3%82%AA%E3%83%96%E3%83%81%E3%82%AD%E3%83%B3" dan="16,16,17,16" rate="2048.07,2177.64,2255.26,2119.14" sx="M,M,M,M"/><TAIKYOKU oya="0"/><INIT seed="0,0,0,3,1,32" ten="250,250,250,250" oya="0" hai0="87,100,116,57,75,40,64,94,6,66,76,53,47" hai1="78,135,71,20,24,14,119,26,92,59,58,89,54" hai2="79,44,131,95,29,84,126,52,107,63,118,33,121" hai3="35,90,41,43,55,86,9,88,17,42,36,16,81"/><T82/><D116/><U25/><E71/><V68/><F107/><W132/><G36/><T97/><D6/><U19/><E119/><V18/><F121/><W60/><G132/><T21/><D21/><U133/><E78/><V48/><F118/><W65/><G35/><T51/><REACH who="0" step="1"/><D75/><REACH who="0" ten="240,250,250,250" step="2"/><U104/><E135/><V22/><F33/><W45/><G9/><T50/><AGARI ba="0,1" hai="40,47,50,51,53,57,64,66,76,82,87,94,97,100" machi="50" ten="20,12000,1" yaku="1,1,2,1,0,1,7,1,8,1,53,0" doraHai="32" doraHaiUra="1" who="0" fromWho="0" sc="240,130,250,-40,250,-40,250,-40" /><INIT seed="0,1,0,4,2,121" ten="370,210,210,210" oya="0" hai0="112,8,116,44,60,106,107,0,103,83,85,9,12" hai1="119,129,28,92,122,42,84,68,30,55,105,108,56" hai2="91,1,72,52,21,34,61,115,48,36,131,118,75" hai3="6,4,74,73,26,65,33,80,67,38,69,76,59"/><T25/><D112/><U126/><E122/><V27/><F115/><W70/><G38/><T100/><D116/><U135/><E119/><V87/><F36/><W47/><G47/><T2/><D25/><U130/><E105/><V43/><F1/><W134/><G134/><T63/><D44/><U39/><E68/><V120/><F34/><W66/><G74/><T50/><D50/><U110/><E126/><V5/><F118/><W96/><G59/><T109/><D83/><U20/><E135/><V99/><F5/><W124/><G124/><T45/><D45/><N who="1" m="23775" /><E84/><V114/><F114/><W51/><G51/><T13/><D85/><U77/><E92/><N who="2" m="56735" /><F120/><W18/><G96/><T79/><D79/><U88/><E88/><V128/><F43/><W98/><G98/><T132/><D132/><U16/><E77/><V15/><F15/><W104/><G104/><T89/><D89/><U95/><E95/><V17/><F48/><W10/><G4/><T81/><D81/><U31/><E55/><V82/><F87/><W127/><G127/><T53/><D53/><U102/><E102/><V101/><F101/><W57/><G57/><T86/><D86/><U46/><E56/><N who="2" m="34951" /><F82/><W62/><G69/><T37/><D37/><U78/><E46/><V117/><F117/><W133/><G133/><T11/><D11/><U41/><E41/><V90/><F90/><W64/><G33/><T125/><D125/><U94/><E94/><V22/><F21/><N who="3" m="13623" /><G66/><T111/><AGARI ba="1,0" hai="0,2,8,9,12,13,60,63,100,103,106,107,109,111" machi="111" ten="25,12000,1" yaku="0,1,22,2,52,2" doraHai="121" who="0" fromWho="0" sc="370,123,210,-41,210,-41,210,-41" /><INIT seed="0,2,0,0,2,37" ten="493,169,169,169" oya="0" hai0="44,50,62,39,128,34,101,120,83,23,64,88,78" hai1="20,95,14,130,127,43,121,100,107,4,115,46,28" hai2="119,15,36,73,112,40,19,26,68,123,56,81,97" hai3="53,60,125,70,117,13,69,42,18,129,99,11,82"/><T74/><D128/><U1/><E121/><V5/><F68/><W122/><G117/><T45/><D120/><U132/><E107/><V57/><F123/><W77/><G122/><T104/><D34/><U71/><E71/><V79/><F112/><W75/><G129/><T65/><D65/><U131/><E127/><V85/><F119/><W8/><G125/><T33/><D33/><U47/><E132/><V118/><F118/><W29/><G29/><T31/><D39/><U51/><E115/><V135/><F135/><W63/><G99/><T66/><D66/><U27/><E1/><V58/><F97/><W7/><G42/><T76/><D76/><U24/><E24/><V0/><F26/><W90/><G90/><T103/><D45/><U59/><E59/><V94/><F94/><W93/><G93/><T35/><D35/><U108/><E108/><V86/><F5/><W21/><G11/><T54/><D88/><U134/><E134/><V106/><F0/><W6/><G7/><T55/><D104/><U96/><REACH who="1" step="1"/><E47/><REACH who="1" ten="493,159,169,169" step="2"/><V38/><F106/><W49/><G70/><T72/><D44/><U133/><E133/><V91/><F40/><W84/><G69/><T98/><D31/><U10/><AGARI ba="2,1" hai="4,10,14,20,27,28,43,46,51,95,96,100,130,131" machi="10" ten="30,4000,0" yaku="1,1,0,1,52,1,53,0" doraHai="37" doraHaiUra="67" who="1" fromWho="1" sc="493,-22,159,56,169,-12,169,-12" /><INIT seed="1,0,0,0,1,64" ten="471,215,157,157" oya="1" hai0="135,114,77,41,79,133,5,30,132,46,122,111,38" hai1="115,62,94,89,39,106,53,54,26,58,83,16,68" hai2="118,123,55,44,61,28,3,42,4,10,69,37,101" hai3="124,107,32,128,86,21,73,113,95,40,45,8,14"/><U67/><E106/><V19/><F118/><W60/><G113/><T85/><D114/><U70/><E115/><V15/><F123/><W90/><G128/><T80/><D122/><U31/><E39/><V51/><F101/><W50/><G124/><T24/><D5/><U20/><E83/><V12/><F28/><W117/><G117/><T97/><D97/><N who="1" m="57551" /><E67/><N who="2" m="41199" /><F19/><W72/><G32/><N who="0" m="20551" /><D111/><U103/><E103/><V17/><F17/><W23/><G107/><T18/><D18/><U2/><E2/><V126/><F126/><W92/><G60/><T91/><AGARI ba="0,0" hai="38,41,46,77,79,80,85,91,132,133,135" m="20551" machi="91" ten="30,1100,0" yaku="20,1" doraHai="64" who="0" fromWho="0" sc="471,11,215,-5,157,-3,157,-3" /><INIT seed="2,0,0,0,4,39" ten="482,210,154,154" oya="2" hai0="121,4,128,29,130,16,8,11,26,111,133,72,49" hai1="101,23,102,3,34,112,30,59,64,99,106,66,80" hai2="27,54,125,134,126,135,116,85,84,48,113,70,124" hai3="9,123,62,74,19,13,100,10,92,52,6,94,61"/><V131/><F113/><W97/><G123/><T47/><D121/><U120/><E112/><V96/><F116/><W38/><G74/><T45/><D72/><U55/><E34/><V56/><F70/><W75/><G75/><T28/><D111/><U68/><E3/><V87/><F96/><W32/><G32/><BYE who="1" /><UN n1="%70%68%65%6E%6F%6D%65" /><T53/><D45/><U127/><E127/><V57/><F131/><N who="0" m="50218" /><D133/><N who="2" m="50698" /><F27/><W20/><G38/><T108/><D108/><U117/><E68/><V37/><F37/><W104/><G10/><N who="0" m="3627" /><D4/><U36/><E102/><V35/><F35/><W51/><G94/><T15/><D26/><U33/><E33/><V89/><F56/><N who="3" m="32799" /><G104/><T88/><D88/><AGARI ba="0,0" hai="48,54,57,84,85,87,88,89,124,125,126" m="50698" machi="88" ten="40,7700,0" yaku="18,1,20,1,54,1" doraHai="39" who="2" fromWho="0" sc="482,-77,210,0,154,77,154,0" /><INIT seed="2,1,0,5,2,42" ten="405,210,231,154" oya="2" hai0="117,131,112,19,57,39,41,92,70,95,13,55,60" hai1="25,46,111,102,36,80,104,75,43,5,90,135,48" hai2="61,106,96,17,132,22,113,14,122,0,82,103,38" hai3="116,115,76,30,7,89,119,124,72,118,53,15,11"/><V32/><F113/><W18/><G115/><T114/><D117/><U73/><E111/><V47/><F122/><W27/><G124/><T105/><D105/><U6/><E135/><V4/><F132/><W65/><G65/><T62/><D131/><U78/><E75/><V29/><F61/><W87/><G72/><T98/><D92/><U52/><E90/><V134/><F134/><W59/><G76/><T77/><D77/><U97/><REACH who="1" step="1"/><E25/><REACH who="1" ten="405,200,231,154" step="2"/><N who="2" m="18479" /><F82/><W88/><G7/><T44/><D70/><U16/><E16/><V10/><F38/><W24/><G87/><T101/><D62/><U9/><E9/><AGARI ba="1,1" hai="9,13,19,39,41,44,55,57,60,95,98,101,112,114" machi="9" ten="30,2000,0" yaku="7,1,52,1" doraHai="42" who="0" fromWho="1" sc="405,33,200,-23,231,0,154,0" /><INIT seed="3,0,0,3,1,130" ten="438,177,231,154" oya="3" hai0="14,34,40,58,33,86,97,38,92,6,45,123,117" hai1="121,76,0,5,43,71,68,17,84,28,108,118,69" hai2="78,109,70,79,59,66,55,106,112,56,46,53,63" hai3="107,22,61,11,102,75,29,9,132,119,81,21,115"/><W54/><G115/><T104/><D117/><U105/><E121/><V15/><F106/><W83/><G119/><T131/><D123/><U127/><E105/><V73/><F109/><W134/><G107/><T31/><D131/><U39/><E118/><V85/><F73/><W110/><G102/><T98/><D86/><U113/><E113/><V95/><F112/><W10/><G110/><T122/><D122/><U35/><E84/><V120/><F120/><W50/><G61/><T32/><D104/><U44/><E108/><V135/><F135/><N who="3" m="51755" /><G29/><T60/><D31/><U126/><E17/><V3/><F70/><W12/><G12/><T101/><D97/><U114/><E76/><V27/><F3/><W103/><G103/><T13/><REACH who="0" step="1"/><D6/><REACH who="0" ten="428,177,231,154" step="2"/><U26/><E114/><V129/><F79/><N who="3" m="44287" /><G83/><T89/><D89/><U20/><E35/><V67/><F15/><W90/><G90/><T47/><D47/><AGARI ba="0,1" hai="9,10,11,21,22,47,50,54" m="44287,51755" machi="47" ten="30,11600,0" yaku="20,1,52,3" doraHai="130" who="3" fromWho="0" sc="428,-116,177,0,231,0,154,126" /><INIT seed="3,1,0,3,5,86" ten="312,177,231,280" oya="3" hai0="119,46,35,117,127,76,43,2,78,132,12,65,44" hai1="13,70,83,34,87,114,125,80,55,56,50,90,131" hai2="20,37,0,63,77,38,134,45,17,25,105,98,54" hai3="36,15,57,39,133,3,5,9,24,96,93,23,74"/><W73/><G133/><T62/><D132/><U103/><E125/><V52/><F134/><W107/><G107/><T29/><D127/><U19/><E131/><V16/><F0/><W4/><G4/><T101/><D101/><U122/><E122/><V124/><F124/><W58/><G3/><T60/><D2/><U69/><E114/><V67/><F77/><W32/><G32/><T42/><D12/><U48/><E34/><V30/><F105/><W22/><G39/><T14/><D14/><U8/><E103/><V110/><F110/><W71/><G71/><T130/><D35/><U79/><REACH who="1" step="1"/><E50/><REACH who="1" ten="312,167,231,280" step="2"/><N who="2" m="28751" /><F38/><W11/><G36/><T115/><D115/><U81/><E81/><V97/><F37/><W100/><G100/><T10/><D130/><U33/><E33/><V40/><F40/><W61/><G74/><AGARI ba="1,1" hai="8,13,19,48,55,56,69,70,74,79,80,83,87,90" machi="74" ten="30,3900,0" yaku="1,1,7,1,52,1,53,0" doraHai="86" doraHaiUra="41" who="1" fromWho="3" sc="312,0,167,52,231,0,280,-42" owari="312,41.2,219,-28.1,231,-16.9,238,3.8" /></mjloggm>