<mjloggm ver="2.3"><GO type="225" lobby="0"/><UN n0="%E7%99%BD%E5%80%89%E5%AF%9B%E4%B9%8B" n1="%62%6F%6E%6F%73%2E%2E" n2="%E6%A1%9C%E8%8A%B1%E9%96%83%E3%80%85" n3="%E6%80%AA%E3%81%97%E3%81%99%E3%81%8E%E3%82%8B%E3%83%81%E3%83%BC" dan="16,17,17,16" rate="2167.59,2193.14,2229.54,2055.00" sx="M,M,M,M"/><TAIKYOKU oya="0"/><INIT seed="0,0,0,1,0,108" ten="250,250,250,250" oya="0" hai0="107,71,127,128,81,87,37,11,58,73,29,8,82" hai1="118,131,9,38,129,91,111,102,115,109,56,126,130" hai2="40,68,124,19,106,116,39,93,57,23,80,18,64" hai3="4,32,84,83,121,34,90,95,50,26,31,10,103"/><T15/><D37/><U6/><E118/><V51/><F106/><W46/><G121/><T27/><D71/><U61/><E38/><V16/><F124/><W43/><G103/><T72/><D107/><U3/><E126/><V5/><F116/><W113/><G113/><T75/><D127/><U89/><E102/><V114/><F114/><W69/><G69/><T85/><D58/><U133/><E133/><V86/><F5/><W14/><REACH who="3" step="1"/><G83/><REACH who="3" ten="250,250,250,240" step="2"/><T7/><D128/><U101/><E101/><V63/><F68/><W12/><G12/><T98/><D82/><U134/><E115/><V62/><F93/><W1/><G1/><T41/><D81/><U52/><E134/><V97/><F39/><W135/><G135/><T88/><D73/><U60/><E60/><V123/><F63/><W105/><G105/><T79/><D75/><U132/><E132/><V99/><F123/><W2/><G2/><T70/><D70/><U22/><E22/><AGARI ba="0,1" hai="4,10,14,22,26,31,32,34,43,46,50,84,90,95" machi="22" ten="30,2000,0" yaku="1,1,7,1,53,0" doraHai="108" doraHaiUra="35" who="3" fromWho="1" sc="250,0,250,-20,250,0,240,30" /><INIT seed="1,0,0,4,4,51" ten="250,230,250,270" oya="1" hai0="38,2,11,74,57,32,8,125,68,60,120,5,76" hai1="65,89,34,54,29,102,15,23,135,100,126,98,121" hai2="122,73,53,62,64,14,66,0,27,123,78,63,42" hai3="113,93,25,107,10,75,85,81,83,7,77,88,30"/><U109/><E121/><V82/><F0/><W58/><G113/><T26/><D120/><U72/><E72/><V4/><F42/><W46/><G107/><T13/><D125/><U33/><E126/><V119/><F119/><W133/><G133/><T12/><D68/><U79/><E79/><V86/><F73/><W39/><G58/><T21/><D32/><U101/><E135/><V110/><F110/><W129/><G129/><T87/><D74/><U35/><E109/><V50/><F27/><W3/><G83/><N who="0" m="47591" /><D38/><U52/><E65/><N who="2" m="25195" /><F123/><W80/><G80/><T16/><D2/><U31/><E15/><N who="0" m="5705" /><D5/><U124/><E124/><V106/><F106/><W70/><G70/><T97/><D97/><U67/><E67/><AGARI ba="0,0" hai="8,11,16,21,26,57,60,67" m="5705,47591" machi="67" ten="30,2000,0" yaku="8,1,54,1" doraHai="51" who="0" fromWho="1" sc="250,20,230,-20,250,0,270,0" /><INIT seed="2,0,0,3,5,118" ten="270,210,250,270" oya="2" hai0="93,70,134,72,59,27,94,36,56,96,24,98,126" hai1="51,106,99,55,87,133,68,113,22,103,34,18,33" hai2="7,58,47,4,82,52,14,6,89,75,41,77,86" hai3="110,13,84,42,60,114,107,90,112,127,105,67,116"/><V119/><F119/><W54/><G116/><T46/><D72/><U1/><E113/><N who="3" m="43626" /><G110/><T25/><D70/><U101/><E68/><V63/><F14/><W78/><G127/><T129/><D126/><U117/><E117/><V102/><F102/><W120/><G120/><T37/><D46/><U123/><E133/><V23/><F23/><W15/><G54/><T81/><D81/><U53/><E1/><V5/><N who="2" m="1024" /><DORA hai="71" /><V131/><F131/><W92/><G42/><T97/><D129/><U124/><E124/><V61/><F61/><W3/><G3/><T108/><D108/><U2/><E2/><V10/><F10/><W121/><G78/><T95/><D134/><U0/><E0/><V109/><F109/><W48/><G48/><T28/><D28/><U17/><E123/><V39/><REACH who="2" step="1"/><F89/><REACH who="2" ten="270,210,240,270" step="2"/><W11/><G121/><T80/><D80/><U115/><E115/><V9/><F9/><W31/><G11/><T57/><AGARI ba="0,1" hai="24,25,27,36,37,56,57,59,93,94,95,96,97,98" machi="57" ten="40,32000,5" yakuman="40" doraHai="118,71" who="0" fromWho="0" sc="270,330,210,-80,240,-160,270,-80" /><INIT seed="3,0,0,4,5,109" ten="600,130,80,190" oya="3" hai0="70,57,126,6,66,25,11,37,79,43,47,49,7" hai1="121,36,125,78,112,74,118,122,63,56,131,89,103" hai2="113,82,55,127,133,86,93,132,33,46,38,134,42" hai3="80,12,135,96,76,111,34,41,83,72,64,29,85"/><W117/><G12/><T26/><D126/><U120/><E112/><V44/><F127/><W114/><G114/><T19/><D79/><U100/><E125/><V104/><F104/><W16/><G16/><T52/><D19/><U130/><E36/><V110/><F110/><W45/><G45/><T9/><D9/><U90/><E118/><V97/><F33/><W106/><G85/><T28/><D28/><U128/><E78/><V87/><F113/><W99/><G80/><T60/><D7/><U71/><E71/><V21/><F21/><W35/><G29/><T3/><AGARI ba="0,0" hai="3,6,11,25,26,37,43,47,49,52,57,60,66,70" machi="3" ten="20,8000,1" yaku="0,1,7,1,24,2,54,1" doraHai="109" who="0" fromWho="0" sc="600,80,130,-20,80,-20,190,-40" owari="680,78.0,110,-29.0,60,-44.0,150,-5.0" /></mjloggm>