<mjloggm ver="2.3"><GO type="225" lobby="0"/><UN n0="%E7%99%BD%E5%80%89%E5%AF%9B%E4%B9%8B" n1="%E9%80%86%E9%80%A3%E5%B8%AF%E3%81%AE%E9%AC%BC" n2="%E3%83%96%E3%83%83%E3%83%91%E3%82%AA%E3%83%96%E3%83%81%E3%82%AD%E3%83%B3" n3="%E3%82%AF%E3%82%A3%E3%82%A6" dan="16,17,16,16" rate="2123.65,2110.90,2141.82,2075.62" sx="M,M,M,M"/><TAIKYOKU oya="0"/><INIT seed="0,0,0,4,0,24" ten="250,250,250,250" oya="0" hai0="28,119,54,61,34,91,16,100,73,117,128,32,95" hai1="74,13,44,49,72,71,6,135,5,3,134,8,56" hai2="9,10,132,102,25,40,101,77,87,98,108,20,115" hai3="26,113,66,23,46,82,43,88,2,114,7,130,103"/><T55/><D73/><U109/><E71/><V121/><F121/><W15/><G130/><T11/><D128/><U75/><E109/><V64/><F115/><W86/><G103/><T124/><D124/><U83/><E56/><V125/><F108/><W22/><G2/><T89/><D100/><U4/><E83/><N who="2" m="47599" /><F132/><N who="1" m="50729" /><E3/><V29/><F125/><W0/><G0/><T36/><D36/><U45/><E45/><V33/><F33/><W51/><G66/><T39/><D39/><U14/><E8/><N who="2" m="3179" /><F40/><AGARI ba="0,0" hai="4,5,6,13,14,40,44,49,72,74,75" m="50729" machi="40" ten="40,1300,0" yaku="20,1" doraHai="24" who="1" fromWho="2" sc="250,0,250,13,250,-13,250,0" /><INIT seed="1,0,0,0,1,116" ten="250,263,237,250" oya="1" hai0="131,61,85,23,65,17,89,124,32,66,36,50,13" hai1="43,83,3,90,87,42,80,114,6,40,41,109,29" hai2="99,28,15,120,73,132,51,100,52,69,67,94,127" hai3="78,110,45,119,111,55,126,121,113,133,9,20,4"/><U24/><E114/><V1/><F1/><W107/><G107/><T112/><D36/><U117/><E117/><V118/><F118/><W56/><G119/><T93/><D112/><U72/><E109/><V122/><F73/><W48/><G113/><T71/><D32/><U39/><E39/><V74/><F74/><W134/><G126/><T82/><D124/><U27/><E41/><V123/><F127/><W16/><G78/><T92/><D131/><U25/><E3/><V44/><F132/><N who="3" m="50795" /><G45/><T76/><D66/><U34/><REACH who="1" step="1"/><E6/><REACH who="1" ten="250,253,237,250" step="2"/><V18/><F28/><W60/><G111/><T115/><D115/><U57/><E57/><V103/><F69/><W86/><G110/><T101/><D101/><U31/><E31/><V104/><F67/><W130/><G130/><T62/><D71/><U19/><E19/><V98/><REACH who="2" step="1"/><F123/><REACH who="2" ten="250,253,227,250" step="2"/><W14/><G121/><T33/><D65/><U12/><E12/><V79/><F79/><AGARI ba="0,2" hai="24,25,27,29,34,40,42,43,72,79,80,83,87,90" machi="79" ten="40,2000,0" yaku="1,1,53,0" doraHai="116" doraHaiUra="96" who="1" fromWho="2" sc="250,0,253,40,227,-20,250,0" /><INIT seed="1,1,0,4,4,25" ten="250,293,207,250" oya="1" hai0="55,95,21,118,54,130,51,81,112,94,47,9,89" hai1="8,19,110,132,78,20,66,15,40,32,108,31,71" hai2="86,36,100,14,5,104,93,70,135,34,72,2,46" hai3="75,62,123,38,101,68,120,64,6,124,17,98,69"/><U59/><E132/><V111/><F135/><W60/><G17/><T13/><D112/><U24/><E71/><V52/><F70/><W106/><G124/><T125/><D125/><U65/><E40/><V105/><F72/><W77/><G6/><T41/><D118/><U73/><E32/><V56/><F2/><W61/><G61/><T10/><D130/><U79/><E73/><V33/><F111/><N who="1" m="42537" /><E59/><V80/><F93/><W57/><G57/><T121/><D121/><U85/><E85/><V82/><F82/><N who="3" m="45375" /><G38/><T30/><D81/><U22/><E8/><N who="0" m="3177" /><D13/><U126/><E126/><V74/><F56/><W134/><G134/><T3/><D3/><U117/><E117/><V63/><F86/><W97/><G97/><N who="0" m="57551" /><D95/><U43/><E43/><V42/><F14/><W39/><G39/><T76/><D76/><AGARI ba="1,0" hai="15,19,20,22,24,31,65,66,76,78,79" m="42537" machi="76" ten="30,5800,0" yaku="14,1,10,1,52,1" doraHai="25" who="1" fromWho="0" sc="250,-61,293,61,207,0,250,0" /><INIT seed="1,2,0,2,4,64" ten="189,354,207,250" oya="1" hai0="100,113,101,95,122,55,107,59,102,116,28,62,92" hai1="6,52,120,9,3,65,81,93,37,7,4,0,88" hai2="67,68,11,73,91,13,127,42,106,50,121,10,58" hai3="83,76,75,39,19,135,128,109,71,131,36,1,21"/><U69/><E120/><V133/><F121/><W80/><G109/><T49/><D122/><U78/><E37/><V79/><F106/><W110/><G110/><T87/><D116/><U60/><E0/><V134/><F127/><W51/><G135/><N who="2" m="51721" /><F91/><W22/><G1/><T117/><D117/><U74/><E52/><N who="2" m="32023" /><F42/><W31/><G83/><T104/><D113/><U16/><REACH who="1" step="1"/><E16/><REACH who="1" ten="189,344,207,250" step="2"/><V82/><F13/><W84/><G19/><T27/><D107/><U45/><E45/><V66/><F66/><W118/><G118/><T114/><D104/><U70/><E70/><V38/><F38/><W54/><G39/><T14/><D114/><U96/><AGARI ba="2,1" hai="3,4,6,7,9,60,65,69,74,78,81,88,93,96" machi="96" ten="20,18000,2" yaku="1,1,0,1,7,1,52,1,54,1,53,1" doraHai="64" doraHaiUra="33" who="1" fromWho="1" sc="189,-62,344,196,207,-62,250,-62" /><INIT seed="1,3,0,4,5,89" ten="127,540,145,188" oya="1" hai0="3,126,101,96,34,4,125,14,109,39,85,58,74" hai1="31,112,133,120,79,51,26,83,73,86,81,131,132" hai2="20,47,42,110,40,78,35,111,100,30,68,10,49" hai3="12,88,21,116,123,99,28,107,115,80,95,62,23"/><U135/><E120/><V118/><F118/><W9/><G115/><T114/><D74/><U105/><E112/><V55/><F68/><W24/><G123/><T108/><D114/><U45/><E105/><V75/><F35/><W76/><G116/><T54/><D34/><U122/><E122/><V36/><F100/><W53/><G107/><T44/><D3/><U52/><E131/><V7/><F75/><W50/><G62/><T22/><D85/><U19/><E19/><V128/><F78/><W32/><G80/><T15/><D44/><U124/><E124/><N who="0" m="47721" /><D39/><U87/><REACH who="1" step="1"/><E83/><REACH who="1" ten="127,530,145,188" step="2"/><V93/><F128/><W61/><G76/><T84/><D4/><U103/><E103/><V6/><F6/><W70/><G32/><AGARI ba="3,1" hai="26,31,32,45,51,52,73,79,81,86,87,132,133,135" machi="32" ten="40,7700,0" yaku="1,1,20,1,54,1,53,0" doraHai="89" doraHaiUra="17" who="1" fromWho="3" sc="127,0,530,96,145,0,188,-86" /><INIT seed="1,4,0,1,2,32" ten="127,626,145,102" oya="1" hai0="128,63,0,79,60,69,8,100,70,67,22,68,1" hai1="108,83,2,129,37,122,130,7,47,73,132,12,35" hai2="48,131,39,77,133,101,95,111,117,11,21,71,43" hai3="113,103,87,96,107,30,18,112,93,118,44,3,26"/><U49/><E122/><V65/><F117/><W98/><G118/><T84/><D128/><U4/><E35/><V81/><F39/><W123/><G123/><T17/><D8/><U27/><E132/><V16/><F111/><W125/><G125/><T14/><D100/><U110/><E37/><V50/><F131/><N who="1" m="50185" /><E12/><N who="2" m="7199" /><F71/><W126/><G18/><T57/><REACH who="0" step="1"/><D63/><REACH who="0" ten="117,626,145,102" step="2"/><U13/><E110/><V40/><F101/><W120/><G120/><T52/><D52/><U33/><E108/><V72/><F133/><W74/><G126/><T90/><D90/><U6/><E6/><V91/><F91/><W10/><G113/><T66/><D66/><U106/><E7/><V55/><F65/><W82/><G112/><T104/><D104/><U38/><E4/><V15/><F55/><W59/><G107/><T9/><D9/><U36/><E106/><V46/><F43/><W45/><G10/><T42/><D42/><U119/><E119/><V28/><F40/><W31/><G103/><T29/><D29/><U124/><E124/><V76/><F28/><W86/><G31/><T56/><D56/><U114/><E114/><V88/><F88/><W20/><G59/><T102/><D102/><U25/><E47/><V78/><F46/><W75/><G45/><T41/><D41/><U19/><E49/><V121/><F50/><W51/><G44/><T127/><D127/><U62/><E38/><V105/><F48/><W135/><G51/><T89/><D89/><U34/><E36/><V23/><F105/><W58/><G58/><T80/><AGARI ba="4,1" hai="0,1,14,17,22,57,60,67,68,69,70,79,80,84" machi="80" ten="40,8000,1" yaku="1,1,0,1,52,2,53,1" doraHai="32" doraHaiUra="53" who="0" fromWho="0" sc="117,102,626,-44,145,-24,102,-24" /><INIT seed="2,0,0,5,3,14" ten="219,582,121,78" oya="2" hai0="79,87,129,38,88,93,68,55,49,113,77,92,35" hai1="59,29,62,32,37,6,120,72,111,127,20,82,78" hai2="124,123,102,125,63,126,12,109,67,80,60,132,48" hai3="70,116,71,119,98,52,30,19,74,5,97,47,57"/><V28/><F123/><W34/><G74/><T40/><D35/><U33/><E120/><V8/><F102/><W121/><G121/><T114/><D68/><U54/><E37/><V89/><F132/><W39/><G5/><T133/><D133/><U100/><E127/><V107/><F107/><W64/><G34/><T122/><D122/><U23/><E111/><V18/><F109/><W117/><G30/><T53/><D38/><U36/><E36/><V90/><F28/><W103/><G19/><T56/><D40/><U66/><E100/><V51/><F63/><W131/><G131/><T10/><D129/><U84/><E6/><V31/><F31/><W135/><G135/><T99/><D114/><U115/><E115/><V3/><F3/><W25/><G25/><T44/><D10/><U24/><E33/><V45/><F80/><W81/><G81/><T13/><D13/><U73/><E32/><V128/><F128/><W91/><G91/><N who="0" m="55711" /><D113/><U134/><E134/><V75/><F75/><W17/><G17/><T7/><D7/><U104/><E104/><V0/><F0/><W101/><G39/><T26/><D26/><U41/><E73/><V105/><F105/><W22/><G116/><T110/><D110/><U4/><E72/><V130/><F130/><W9/><G119/><T43/><D43/><U50/><E4/><V16/><F18/><W61/><G117/><T76/><D76/><U11/><E78/><V112/><F112/><W85/><G103/><T46/><D46/><U69/><E29/><V27/><F45/><W2/><G101/><T21/><D21/><RYUUKYOKU ba="0,0" sc="219,30,582,-10,121,-10,78,-10" hai0="44,49,53,55,56,77,79,87,88,93" /><INIT seed="3,1,0,4,4,121" ten="249,572,111,68" oya="3" hai0="47,112,133,82,135,64,100,115,65,50,74,34,77" hai1="40,134,27,76,108,113,81,54,48,80,14,101,30" hai2="105,45,7,4,102,110,51,94,89,66,98,17,52" hai3="6,41,69,12,43,92,53,88,35,96,107,120,42"/><W86/><G120/><T118/><D100/><U21/><E113/><N who="0" m="43593" /><D34/><U85/><E134/><N who="0" m="51209" /><D118/><U13/><E108/><V33/><F110/><W78/><G35/><T31/><D31/><U8/><E101/><V59/><F33/><W44/><G69/><T97/><D97/><U0/><E40/><AGARI ba="1,0" hai="40,47,50,64,65,74,77,82" m="51209,43593" machi="40" ten="30,2000,0" yaku="11,1,20,1" doraHai="121" who="0" fromWho="1" sc="249,23,572,-23,111,0,68,0" owari="272,7.2,549,64.9,111,-28.9,68,-43.2" /></mjloggm>