<mjloggm ver="2.3"><GO type="225" lobby="0"/><UN n0="%E7%99%BD%E5%80%89%E5%AF%9B%E4%B9%8B" n1="%E4%B8%89%E5%88%86%E5%B0%8F%E5%83%A7" n2="%E3%83%A9%E3%82%B9%E7%8E%87%EF%BC%93%E5%89%B2" n3="%E5%A4%8F%E9%88%B4%E9%88%B4%E5%A4%8F" dan="16,16,16,16" rate="2121.26,2100.85,2172.89,2095.33" sx="M,M,F,F"/><TAIKYOKU oya="0"/><INIT seed="0,0,0,4,2,63" ten="250,250,250,250" oya="0" hai0="76,8,26,51,57,6,3,37,7,61,45,5,24" hai1="102,48,119,12,99,100,0,10,38,109,20,35,127" hai2="64,130,91,123,19,120,128,80,95,108,14,132,114" hai3="9,4,28,60,18,104,67,79,41,49,47,92,52"/><T81/><D7/><U31/><E38/><V110/><F114/><W30/><G30/><T129/><D6/><N who="1" m="1351" /><E109/><N who="2" m="42091" /><F132/><W98/><G104/><T25/><D129/><N who="2" m="49770" /><F64/><W72/><G18/><T83/><D37/><U55/><E99/><N who="2" m="57855" /><F19/><W117/><G28/><T118/><D118/><U15/><E127/><V23/><F23/><W125/><G117/><T97/><D97/><U32/><E32/><V111/><N who="2" m="42099" /><V82/><DORA hai="122" /><F14/><W87/><G125/><T17/><D76/><U126/><E12/><V124/><F124/><W70/><G79/><T107/><D107/><U133/><E133/><V85/><F85/><W86/><G72/><T1/><D1/><U88/><E126/><V53/><F53/><W21/><G21/><T42/><REACH who="0" step="1"/><D17/><REACH who="0" ten="240,250,250,250" step="2"/><U75/><E119/><V43/><F43/><W134/><G41/><T50/><D50/><U58/><E48/><V112/><F112/><W90/><G134/><T39/><D39/><U78/><E78/><V29/><F29/><W13/><AGARI ba="0,1" hai="4,9,13,47,49,52,60,67,70,86,87,90,92,98" machi="13" ten="20,5200,0" yaku="0,1,7,1,52,1,54,1" doraHai="63,122" who="3" fromWho="3" sc="240,-26,250,-13,250,-13,250,62" /><INIT seed="1,0,0,2,5,83" ten="214,237,237,312" oya="1" hai0="81,127,90,64,91,110,85,13,132,50,118,87,54" hai1="38,67,37,71,130,11,58,3,4,43,19,2,61" hai2="75,29,98,121,27,12,24,23,20,112,84,133,103" hai3="115,126,6,92,72,124,0,74,100,134,86,66,106"/><U97/><E130/><V88/><F133/><W63/><G115/><T68/><D118/><U131/><E131/><V15/><F75/><W7/><G134/><T53/><D132/><U55/><E2/><V80/><F121/><W51/><G106/><T35/><D35/><U56/><E56/><V116/><F116/><W10/><G7/><T123/><D123/><U117/><E117/><V89/><F89/><N who="3" m="53303" /><G51/><T101/><D110/><U32/><E32/><V135/><F112/><W120/><G100/><T31/><D31/><U21/><E97/><V96/><F96/><W45/><G45/><T40/><D101/><U26/><REACH who="1" step="1"/><E43/><REACH who="1" ten="214,227,237,312" step="2"/><V128/><F128/><W39/><G120/><T93/><D68/><U14/><E14/><V9/><F135/><W82/><G126/><T5/><D127/><U73/><E73/><V47/><F47/><W70/><G124/><T113/><D113/><U59/><E59/><V60/><F60/><AGARI ba="0,1" hai="3,4,11,19,21,26,37,38,55,58,60,61,67,71" machi="60" ten="30,2900,0" yaku="1,1,7,1,53,0" doraHai="83" doraHaiUra="125" who="1" fromWho="2" sc="214,0,227,39,237,-29,312,0" /><INIT seed="1,1,0,2,3,10" ten="214,266,208,312" oya="1" hai0="112,17,87,7,105,125,41,66,130,32,131,93,40" hai1="16,11,15,43,83,29,119,39,91,95,67,129,62" hai2="33,118,113,45,75,102,69,70,53,74,48,24,19" hai3="38,72,21,0,116,63,134,92,20,111,52,100,55"/><U23/><E129/><N who="0" m="49161" /><D105/><U61/><E119/><V109/><F118/><W2/><G72/><T81/><D32/><U12/><E83/><V126/><F109/><W51/><G38/><T103/><D112/><U46/><E67/><V14/><F113/><W35/><G35/><T8/><D125/><U133/><E133/><V122/><F122/><W127/><G116/><T101/><D17/><U86/><E29/><V50/><F126/><W98/><G127/><T132/><D66/><U18/><AGARI ba="1,0" hai="11,12,15,16,18,23,39,43,46,61,62,86,91,95" machi="18" ten="20,12000,1" yaku="0,1,7,1,52,2,54,1" doraHai="10" who="1" fromWho="1" sc="214,-41,266,123,208,-41,312,-41" /><INIT seed="1,2,0,0,5,56" ten="173,389,167,271" oya="1" hai0="110,98,55,132,9,109,30,3,130,11,39,7,103" hai1="118,29,5,63,46,71,37,70,17,44,4,99,68" hai2="51,58,93,87,78,123,100,112,119,126,108,120,13" hai3="27,32,25,23,69,10,31,121,107,134,41,20,95"/><U74/><E74/><V61/><F119/><W82/><G107/><T19/><D39/><U106/><E29/><V49/><F108/><N who="0" m="41578" /><D132/><U81/><E81/><V117/><F117/><W122/><G69/><T94/><D130/><U54/><E118/><V36/><F36/><W92/><G41/><T79/><D30/><U48/><E17/><V16/><F126/><W76/><G134/><T62/><D79/><U111/><E111/><V34/><F34/><W85/><G10/><N who="0" m="2431" /><D19/><U73/><E73/><V15/><F112/><W131/><G131/><T133/><D133/><U135/><E135/><V47/><F120/><W125/><G32/><T77/><D77/><U116/><E116/><V86/><F123/><W33/><G33/><T124/><D124/><U101/><E4/><V12/><F78/><W35/><G35/><T1/><D1/><U21/><E21/><V22/><F100/><W89/><G125/><T64/><D55/><U43/><REACH who="1" step="1"/><E5/><REACH who="1" ten="173,379,167,271" step="2"/><V38/><F22/><W26/><G122/><T104/><D104/><U52/><E52/><N who="2" m="33991" /><F16/><W8/><G121/><T91/><D103/><U80/><E80/><V96/><F38/><W105/><G23/><T88/><D91/><U57/><E57/><AGARI ba="2,1" hai="9,11,57,62,64,88,94,98" m="2431,41578" machi="57" ten="30,3900,0" yaku="14,1,52,1,54,1" doraHai="56" who="0" fromWho="1" sc="173,55,379,-45,167,0,271,0" /><INIT seed="2,0,0,3,0,8" ten="228,334,167,271" oya="2" hai0="61,86,40,130,124,134,78,19,25,128,4,99,84" hai1="70,55,42,123,5,131,49,14,114,15,39,71,60" hai2="33,7,105,17,104,66,68,88,102,56,31,44,35" hai3="30,110,94,74,109,73,52,107,38,87,72,9,126"/><V116/><F116/><W133/><G38/><T132/><D40/><U67/><E114/><V59/><F7/><W81/><G107/><T23/><D4/><U6/><E131/><N who="0" m="50217" /><D78/><U112/><E71/><V26/><F35/><W120/><G120/><T18/><D99/><U121/><E112/><V62/><F44/><W65/><G65/><T91/><D61/><U119/><E5/><V95/><F17/><W100/><G126/><T0/><D0/><U47/><E119/><V57/><REACH who="2" step="1"/><F102/><REACH who="2" ten="228,334,157,271" step="2"/><W89/><G100/><T24/><D19/><U16/><E6/><V135/><F135/><W80/><G133/><T125/><D25/><U75/><E16/><V103/><F103/><W76/><G110/><T96/><D134/><U79/><E121/><V53/><F53/><W28/><G109/><T117/><D132/><U54/><E54/><V98/><AGARI ba="0,1" hai="26,31,33,56,57,59,62,66,68,88,95,98,104,105" machi="98" ten="30,6000,0" yaku="1,1,0,1,54,1,53,0" doraHai="8" doraHaiUra="122" who="2" fromWho="2" sc="228,-20,334,-20,157,70,271,-20" /><INIT seed="2,1,0,4,2,96" ten="208,314,227,251" oya="2" hai0="41,88,72,78,84,110,89,33,5,6,75,45,64" hai1="86,83,80,42,8,57,70,38,36,81,19,60,93" hai2="90,63,58,125,2,104,32,117,106,94,4,14,76" hai3="52,100,13,122,37,7,124,71,43,49,120,92,54"/><V18/><F117/><W91/><G71/><T29/><D110/><U77/><E70/><V74/><F125/><W98/><G124/><T87/><D64/><U46/><E38/><V103/><F32/><W20/><G54/><T51/><D33/><U65/><E93/><V22/><F2/><W112/><G112/><T115/><D115/><U113/><E113/><V26/><F74/><W40/><G37/><T11/><D29/><U39/><E39/><V15/><F76/><W30/><G122/><T119/><D119/><U35/><E35/><V82/><F82/><W12/><G91/><T50/><D78/><U133/><E133/><V66/><F4/><W101/><G100/><T62/><D62/><U121/><E121/><V134/><F134/><W56/><G120/><T109/><D109/><U0/><E0/><V28/><F103/><W130/><G130/><T108/><D108/><U73/><E73/><V34/><REACH who="2" step="1"/><F15/><REACH who="2" ten="208,314,217,251" step="2"/><N who="3" m="5707" /><G7/><T118/><D118/><U48/><E77/><V10/><F10/><W67/><G67/><T1/><D6/><U128/><E8/><V131/><F131/><W99/><G99/><AGARI ba="1,1" hai="14,18,22,26,28,34,58,63,66,90,94,99,104,106" machi="99" ten="30,2900,0" yaku="1,1,7,1,53,0" doraHai="96" doraHaiUra="126" who="2" fromWho="3" sc="208,0,314,0,217,42,251,-32" /><INIT seed="2,2,0,2,0,34" ten="208,314,259,219" oya="2" hai0="18,92,69,53,32,96,21,131,38,31,86,126,122" hai1="112,123,98,116,80,85,50,78,8,47,106,130,11" hai2="15,54,63,108,41,74,70,45,102,125,82,40,84" hai3="29,46,37,59,2,124,25,24,51,114,73,113,110"/><V71/><F74/><W97/><G110/><T42/><D69/><U128/><E112/><N who="3" m="43114" /><G73/><T48/><D122/><U58/><E116/><V103/><F108/><W28/><G124/><T119/><D119/><U4/><E58/><N who="2" m="35287" /><F70/><W39/><G59/><T100/><D126/><U135/><E135/><V121/><F71/><W105/><G97/><T20/><D131/><N who="1" m="50219" /><E123/><V133/><F133/><W64/><G64/><T12/><D38/><N who="3" m="14345" /><G105/><T83/><D32/><U65/><E65/><V89/><F121/><W22/><G2/><T16/><D42/><N who="2" m="16490" /><F125/><W134/><G134/><T13/><D31/><N who="3" m="11849" /><G22/><T60/><D60/><U49/><E47/><V17/><F45/><W7/><G7/><T67/><D67/><U95/><E106/><V77/><F77/><W79/><G79/><T120/><D120/><U109/><E109/><V55/><F55/><AGARI ba="2,0" hai="24,25,46,51,55" m="11849,14345,43114" machi="55" ten="30,1000,0" yaku="11,1" doraHai="34" who="3" fromWho="2" sc="208,0,314,0,259,-16,219,16" /><INIT seed="3,0,0,2,0,99" ten="208,314,243,235" oya="3" hai0="55,130,132,94,115,35,114,106,104,127,27,64,4" hai1="58,96,25,60,95,88,45,29,69,34,97,31,116" hai2="126,101,123,135,46,111,112,50,8,53,33,65,128" hai3="3,85,121,87,70,42,11,22,59,122,109,134,13"/><W81/><G70/><T108/><D64/><U90/><E31/><V119/><F33/><W133/><G42/><T57/><D4/><U105/><E69/><V117/><F112/><N who="0" m="43050" /><D35/><U93/><E45/><V48/><F111/><W62/><G3/><T6/><D6/><U49/><E49/><V2/><F128/><W32/><G32/><T26/><D108/><U5/><E5/><V86/><F135/><N who="3" m="51723" /><G109/><T67/><D67/><U75/><E105/><N who="0" m="40553" /><D132/><U131/><E75/><V51/><F65/><N who="3" m="39135" /><G11/><T18/><D18/><U20/><E116/><V12/><F2/><W73/><G73/><T80/><D80/><U37/><E131/><V78/><F119/><W124/><G124/><T113/><N who="0" m="43058" /><T68/><DORA hai="0" /><D68/><U92/><E37/><V16/><F126/><W10/><G10/><T79/><D79/><U39/><E39/><V40/><F117/><W43/><G43/><T98/><D127/><U19/><E34/><V77/><F77/><N who="3" m="46255" /><G87/><T54/><D130/><U83/><E83/><N who="2" m="47479" /><F40/><W107/><G107/><T17/><D17/><AGARI ba="0,0" hai="13,17,22,121,122" m="46255,39135,51723" machi="17" ten="30,1500,0" yaku="20,1" doraHai="99,0" who="3" fromWho="0" sc="208,-15,314,0,243,0,235,15" /><INIT seed="3,1,0,3,0,120" ten="193,314,243,250" oya="3" hai0="109,72,111,82,46,52,119,2,80,134,130,70,98" hai1="34,75,22,107,28,132,122,121,86,114,33,91,36" hai2="61,74,135,0,118,15,17,27,12,127,87,41,42" hai3="104,106,60,49,48,25,45,110,73,108,58,65,95"/><W53/><G73/><T62/><D119/><U8/><E75/><V24/><F74/><W89/><G25/><N who="2" m="9801" /><F0/><W29/><G29/><T76/><D2/><U57/><E107/><V7/><F118/><W14/><G14/><T13/><D134/><U1/><E57/><V30/><F30/><W3/><G3/><T66/><D130/><U105/><E86/><V10/><F127/><W50/><G106/><T31/><D31/><U128/><E91/><V78/><F61/><W85/><G104/><T35/><D35/><U9/><E8/><N who="2" m="4127" /><F135/><W129/><G129/><T56/><D82/><AGARI ba="1,0" hai="10,15,17,41,42,78,82,87" m="4127,9801" machi="82" ten="30,1000,0" yaku="8,1" doraHai="120" who="2" fromWho="0" sc="193,-13,314,0,243,13,250,0" owari="180,-32.0,314,41.4,256,5.6,250,-15.0" /></mjloggm>