<mjloggm ver="2.3"><GO type="225" lobby="0"/><UN n0="%E3%82%AF%E3%82%A3%E3%82%A6" n1="%E3%81%90%E3%81%A1%E3%82%84%E3%81%BE" n2="%E3%81%BF%E3%81%BF%E3%81%9A" n3="%E3%80%93%E3%81%97%E3%83%BC%E3%82%89%E3%80%93" dan="16,16,18,17" rate="2067.25,2131.02,2247.26,2132.65" sx="M,M,M,M"/><TAIKYOKU oya="0"/><INIT seed="0,0,0,2,0,122" ten="250,250,250,250" oya="0" hai0="60,133,25,129,113,125,83,96,92,0,4,98,20" hai1="3,19,124,63,105,76,93,6,67,134,8,103,78" hai2="59,90,109,72,95,75,77,16,28,13,117,61,53" hai3="116,23,31,22,123,110,119,91,46,65,48,120,89"/><T66/><D113/><U104/><E124/><V33/><F117/><N who="3" m="45131" /><G65/><T131/><D125/><U100/><E134/><V64/><F77/><W32/><G32/><T71/><D133/><U30/><E19/><V24/><F109/><W42/><G31/><N who="0" m="17831" /><D131/><U14/><BYE who="0" /><E30/><V79/><F79/><W101/><G101/><T99/><D99/><U35/><E35/><V11/><REACH who="2" step="1"/><F64/><REACH who="2" ten="250,250,240,250" step="2"/><W88/><G110/><T68/><D68/><U41/><E76/><V21/><F21/><W94/><G23/><T38/><D38/><U27/><E78/><V97/><AGARI ba="0,1" hai="11,13,16,24,28,33,53,59,61,72,75,90,95,97" machi="97" ten="20,5200,0" yaku="1,1,0,1,7,1,54,1,53,0" doraHai="122" doraHaiUra="128" who="2" fromWho="2" sc="250,-26,250,-13,240,62,250,-13" /><INIT seed="1,0,0,1,5,134" ten="224,237,302,237" oya="1" hai0="127,73,54,70,122,66,65,116,5,130,113,129,26" hai1="71,16,56,2,39,60,103,12,100,18,98,121,9" hai2="58,21,106,85,96,104,118,80,102,23,97,45,101" hai3="95,125,110,27,32,131,44,0,49,62,6,109,115"/><U41/><E121/><V42/><F118/><W86/><G115/><T31/><D31/><U111/><E71/><V3/><F3/><W72/><G72/><T88/><D88/><U69/><E69/><V40/><F58/><W20/><G32/><T25/><D25/><U38/><E2/><V34/><F34/><W78/><G131/><T22/><D22/><U76/><E111/><N who="3" m="42506" /><G62/><T83/><D83/><U67/><E41/><V63/><F63/><W57/><G57/><T1/><D1/><U84/><E18/><V108/><F108/><W15/><G0/><T74/><D74/><U14/><E14/><V94/><F94/><W124/><G15/><UN n0="%E3%82%AF%E3%82%A3%E3%82%A6" /><T37/><D122/><U93/><REACH who="1" step="1"/><E103/><REACH who="1" ten="224,227,302,237" step="2"/><V77/><REACH who="2" step="1"/><F42/><REACH who="2" ten="224,227,292,237" step="2"/><N who="3" m="24727" /><G6/><T91/><D5/><U126/><E126/><V92/><F92/><W33/><G95/><T133/><D127/><U114/><E114/><V50/><AGARI ba="0,2" hai="21,23,40,45,50,77,80,85,96,97,101,102,104,106" machi="50" ten="20,8000,1" yaku="1,1,0,1,7,1,9,1,53,1" doraHai="134" doraHaiUra="36" who="2" fromWho="2" sc="224,-20,227,-40,292,100,237,-20" /><INIT seed="2,0,0,4,1,69" ten="204,187,392,217" oya="2" hai0="31,111,11,112,97,37,114,76,49,95,46,96,110" hai1="38,29,42,122,83,78,75,0,14,25,109,55,132" hai2="52,91,21,125,135,93,72,74,133,118,70,4,12" hai3="66,124,44,27,54,40,1,23,24,50,104,94,103"/><V131/><F118/><W88/><G1/><T65/><D76/><U57/><E0/><V90/><F125/><W117/><G124/><T2/><D31/><U71/><E71/><V41/><F131/><W129/><G129/><T107/><D107/><U130/><E130/><V102/><F70/><W10/><G117/><T82/><D82/><U73/><E109/><N who="0" m="41481" /><D65/><U51/><E132/><N who="2" m="50763" /><F41/><W67/><G104/><T15/><D2/><U16/><E122/><V60/><F102/><W47/><G103/><N who="0" m="60831" /><D97/><U8/><E75/><V81/><F81/><W7/><G7/><N who="0" m="3583" /><D37/><U56/><E56/><N who="2" m="34823" /><F90/><W59/><G10/><T18/><D18/><U13/><E13/><V113/><F113/><W127/><G127/><T33/><D33/><U61/><E61/><V99/><F21/><W63/><G47/><T100/><D100/><U120/><E120/><V85/><F99/><N who="3" m="57799" /><G27/><T58/><D58/><U119/><E119/><V77/><F77/><W115/><G115/><T6/><D6/><U35/><REACH who="1" step="1"/><E42/><AGARI ba="0,0" hai="42,46,49,112,114" m="3583,60831,41481" machi="42" ten="30,1000,0" yaku="14,1" doraHai="69" who="0" fromWho="1" sc="204,10,187,-10,392,0,217,0" /><INIT seed="3,0,0,4,5,10" ten="214,177,392,217" oya="3" hai0="39,104,32,123,127,101,94,115,1,27,67,23,105" hai1="40,63,0,100,125,68,88,8,80,78,108,77,102" hai2="18,15,62,21,3,111,71,64,37,17,106,82,28" hai3="11,57,16,90,132,51,124,47,9,4,75,109,33"/><W35/><G75/><T65/><D123/><U36/><E108/><V5/><F111/><W110/><G110/><T7/><D32/><U52/><E125/><V129/><F37/><W56/><G109/><T96/><D39/><U55/><E36/><V133/><F106/><N who="0" m="41066" /><D7/><U121/><E121/><V93/><F133/><W38/><G124/><T49/><D49/><U2/><E40/><V19/><F129/><W46/><G132/><T131/><D1/><U24/><E68/><V128/><F128/><W31/><G38/><T58/><D131/><U60/><E8/><V53/><F93/><W29/><G4/><T134/><D134/><U25/><E80/><V99/><F99/><W97/><G97/><T118/><D118/><U70/><E70/><V130/><F130/><W119/><G90/><AGARI ba="0,0" hai="0,2,24,25,52,55,60,63,77,78,88,90,100,102" machi="90" ten="25,6400,0" yaku="22,2,54,2" doraHai="10" who="1" fromWho="3" sc="214,0,177,64,392,0,217,-64" owari="214,-18.6,241,4.1,392,49.2,153,-34.7" /></mjloggm>