<mjloggm ver="2.3"><GO type="225" lobby="0"/><UN n0="%E5%91%A8%E6%9D%B1" n1="%E5%B0%8F%E9%B3%A5%E9%81%8A%E7%B7%B4%E7%84%A1%32%31%E6%AD%B3" n2="%E6%A3%AE%E5%B1%B1%E7%94%B0%E7%9B%B4%E5%A4%AA%E6%9C%97%E4%B9%8B%E4%BB%8B" n3="%33%74%72%65%65" dan="16,17,16,17" rate="2201.12,2196.48,2187.92,2164.62" sx="M,F,M,F"/><TAIKYOKU oya="0"/><INIT seed="0,0,0,5,4,6" ten="250,250,250,250" oya="0" hai0="96,81,88,57,43,40,47,60,119,63,116,18,58" hai1="82,36,26,135,123,109,124,79,127,128,121,39,65" hai2="49,4,120,103,100,25,13,118,34,68,61,3,37" hai3="89,16,15,2,94,85,77,14,29,134,21,27,1"/><T110/><D110/><U12/><E65/><N who="2" m="41007" /><F49/><W19/><G134/><T55/><D18/><U48/><E109/><V11/><F103/><W115/><G115/><T76/><D40/><U35/><E135/><V5/><F100/><W99/><G77/><T50/><D96/><U95/><E95/><V131/><F37/><N who="1" m="14409" /><E48/><V66/><F66/><W91/><G19/><T71/><D71/><U22/><E22/><V17/><F5/><W112/><G112/><T24/><D24/><U8/><E128/><V38/><F38/><W73/><G73/><T10/><D10/><U41/><E41/><V31/><F131/><W62/><G62/><T70/><D70/><U33/><E26/><V129/><F129/><W114/><G114/><T28/><D28/><U98/><E98/><V75/><F75/><W126/><G126/><N who="1" m="48170" /><E35/><V108/><F108/><W53/><G53/><T69/><D69/><U64/><E33/><V56/><F56/><W32/><REACH who="3" step="1"/><G15/><REACH who="3" ten="250,250,250,240" step="2"/><T78/><D119/><U130/><E130/><V86/><F118/><W132/><G132/><T111/><D116/><U97/><E64/><V45/><F17/><W42/><G42/><T20/><D111/><U125/><E125/><V9/><F13/><W122/><G122/><T113/><D113/><U44/><E123/><V104/><F120/><W90/><G90/><T72/><D88/><U117/><E121/><V107/><F3/><W133/><G133/><T46/><D78/><U59/><E79/><V74/><F74/><W51/><G51/><T93/><D50/><U67/><E117/><V87/><F45/><N who="0" m="16906" /><D60/><U105/><E44/><RYUUKYOKU ba="0,1" sc="250,-10,250,-10,250,-10,240,30" hai3="1,2,14,16,21,27,29,32,85,89,91,94,99" /><INIT seed="1,1,1,4,0,6" ten="240,240,240,270" oya="1" hai0="95,1,48,115,54,130,12,90,124,60,11,100,84" hai1="41,40,58,25,39,52,9,26,102,22,99,56,20" hai2="77,61,113,119,89,44,96,35,10,92,42,13,15" hai3="110,98,75,122,87,59,51,85,123,81,19,86,74"/><U121/><E121/><N who="3" m="46090" /><G110/><T118/><D115/><U34/><E34/><V18/><F113/><W93/><G19/><T68/><D118/><U111/><E111/><V112/><F112/><W88/><G59/><T43/><D130/><U24/><E39/><V32/><F119/><W7/><G51/><T91/><D124/><U53/><E102/><V38/><F77/><N who="3" m="46255" /><G7/><T50/><D1/><U79/><E99/><V133/><F133/><W97/><G87/><T107/><D43/><N who="1" m="16459" /><E79/><V127/><F127/><W8/><G8/><T62/><D68/><U70/><E9/><V17/><F61/><W72/><AGARI ba="1,1" hai="72,74,75,86,88,93,97,98" m="46255,46090" machi="72" ten="40,5200,0" yaku="34,2,54,1" doraHai="6" who="3" fromWho="3" sc="240,-14,240,-27,240,-14,270,65" /><INIT seed="2,0,0,0,2,4" ten="226,213,226,335" oya="2" hai0="0,126,56,94,100,88,67,50,107,44,55,105,111" hai1="134,31,13,38,112,133,8,97,40,81,115,77,28" hai2="128,110,101,2,7,130,116,12,123,114,3,121,54" hai3="93,125,34,30,132,69,52,120,47,37,21,42,41"/><V85/><F85/><W102/><G34/><T11/><D111/><U91/><E40/><V106/><F54/><W79/><G69/><T75/><D75/><U117/><E38/><V96/><F110/><W18/><G30/><T35/><D35/><U10/><E117/><V72/><F72/><W68/><G68/><T103/><D126/><U127/><E127/><V20/><F116/><W89/><G120/><N who="2" m="46153" /><F114/><N who="1" m="43561" /><E13/><V6/><F20/><W36/><G21/><T43/><D67/><U63/><E63/><V25/><F25/><W104/><G52/><T129/><D107/><U66/><E66/><V90/><F90/><W83/><G89/><T73/><D105/><U24/><E91/><V33/><F33/><W9/><G104/><T26/><D26/><U135/><E97/><V64/><F64/><W95/><G125/><T53/><D53/><U108/><E108/><V5/><F12/><W109/><G109/><T65/><D65/><U27/><E77/><V61/><F61/><W76/><G79/><T51/><D73/><U80/><E27/><V57/><F57/><W39/><G76/><T17/><D0/><U45/><E45/><V124/><F124/><W22/><G47/><T92/><D88/><U119/><E119/><V82/><F82/><N who="1" m="31849" /><E24/><V16/><F16/><W84/><G18/><T122/><D122/><U98/><E98/><V46/><F46/><W60/><G60/><T78/><D78/><U99/><E99/><V87/><F87/><W32/><G84/><T14/><D129/><AGARI ba="0,0" hai="2,3,5,6,7,96,101,106,128,129,130" m="46153" machi="129" ten="40,2000,0" yaku="19,1" doraHai="4" who="2" fromWho="0" sc="226,-20,213,0,226,20,335,0" /><INIT seed="2,1,0,5,2,55" ten="206,213,246,335" oya="2" hai0="25,26,15,23,48,86,114,113,81,11,71,99,39" hai1="69,122,66,2,133,85,6,31,124,75,18,40,73" hai2="131,109,36,51,52,132,1,59,56,65,126,21,33" hai3="77,32,116,19,53,24,80,13,54,102,74,7,104"/><V57/><F1/><W58/><G116/><T130/><D39/><U112/><E112/><V87/><F33/><W22/><G104/><T79/><D71/><U20/><E133/><V82/><F36/><W70/><G70/><T108/><D108/><U9/><E124/><V4/><F109/><W78/><G102/><T50/><D130/><U100/><E40/><V117/><F117/><W10/><G77/><T89/><D113/><U110/><E110/><V111/><F111/><W127/><G127/><T125/><D114/><U67/><E31/><V94/><F126/><W84/><G74/><T12/><D125/><U17/><E100/><V46/><F132/><W41/><G41/><T76/><D15/><U91/><E122/><V68/><F131/><W28/><G58/><T92/><D79/><U106/><E106/><V35/><F35/><W29/><G28/><T115/><D115/><U47/><E47/><V5/><F94/><W16/><G19/><T64/><D64/><U105/><E18/><V62/><REACH who="2" step="1"/><F21/><REACH who="2" ten="206,213,236,335" step="2"/><W45/><G45/><T61/><D23/><U63/><E105/><V121/><F121/><W103/><G103/><T88/><D92/><U42/><E20/><V119/><F119/><W95/><G95/><T101/><D101/><U90/><E2/><AGARI ba="1,1" hai="2,7,10,13,16,22,24,29,32,53,54,78,80,84" machi="2" ten="30,7700,0" yaku="7,1,24,2,54,1" doraHai="55" who="3" fromWho="1" sc="206,0,213,-80,236,0,335,90" /><INIT seed="3,0,0,2,1,51" ten="206,133,236,425" oya="3" hai0="18,63,110,127,122,21,29,74,42,65,59,67,46" hai1="15,114,31,14,80,106,35,32,3,58,25,83,81" hai2="44,124,19,111,7,72,37,52,12,53,26,109,16" hai3="90,23,118,39,84,85,38,101,33,135,66,75,87"/><W112/><G112/><T28/><D122/><U56/><E106/><V10/><F72/><W40/><G33/><T103/><D74/><U121/><E3/><V93/><F93/><W62/><G101/><T134/><D110/><N who="2" m="41994" /><F26/><W60/><G135/><T132/><D67/><U13/><E121/><V82/><F82/><W133/><G90/><T68/><D103/><U11/><E11/><V64/><F64/><W76/><G76/><T95/><D95/><U94/><E94/><V1/><F124/><W54/><G85/><T50/><D68/><U116/><E114/><V92/><F92/><W129/><G133/><N who="0" m="51307" /><D127/><U107/><E107/><V131/><F131/><W34/><G75/><T27/><AGARI ba="0,0" hai="18,21,27,28,29,42,46,50,59,63,65" m="51307" machi="27" ten="30,1100,0" yaku="20,1" doraHai="51" who="0" fromWho="0" sc="206,11,133,-3,236,-3,425,-5" owari="217,-18.3,130,-37.0,233,3.3,420,52.0" /></mjloggm>