<mjloggm ver="2.3"><GO type="225" lobby="0"/><UN n0="%E6%A1%9C%E8%8A%B1%E9%96%83%E3%80%85" n1="%E4%B8%8B%E6%AE%B5%E3%83%81%E3%82%A7%E3%83%AA%E3%83%BC" n2="%E3%83%96%E3%83%83%E3%83%91%E3%82%AA%E3%83%96%E3%83%81%E3%82%AD%E3%83%B3" n3="%E3%83%81%E3%83%83%E3%82%BF%E3%82%BD%E3%83%BC" dan="17,16,17,16" rate="2242.34,2127.94,2216.88,2192.46" sx="M,M,M,F"/><TAIKYOKU oya="0"/><INIT seed="0,0,0,5,1,82" ten="250,250,250,250" oya="0" hai0="28,85,27,64,49,80,81,103,78,48,36,40,101" hai1="128,88,60,30,89,68,1,19,50,35,37,9,83" hai2="107,38,63,131,92,14,84,108,8,33,18,110,115" hai3="21,23,55,43,34,25,16,51,10,26,39,74,121"/><T129/><D129/><U133/><E37/><V105/><F115/><W13/><G121/><T90/><D64/><U20/><E133/><V5/><F38/><W123/><G123/><T73/><D36/><U24/><E128/><V130/><F33/><W2/><G74/><T109/><D109/><N who="2" m="42090" /><F131/><W57/><G34/><T97/><D40/><U127/><E127/><V79/><F130/><W94/><G94/><T59/><D59/><U116/><E116/><V17/><F63/><W106/><G106/><N who="2" m="40457" /><F79/><W32/><G32/><T100/><REACH who="0" step="1"/><D97/><REACH who="0" ten="240,250,250,250" step="2"/><U42/><E42/><V71/><F71/><W4/><G39/><T111/><D111/><U15/><E50/><V134/><F134/><W52/><G43/><T77/><D77/><U126/><E126/><V54/><F54/><W70/><G70/><T114/><D114/><U96/><E68/><V31/><F31/><W112/><G112/><T22/><AGARI ba="0,1" hai="22,27,28,48,49,73,78,80,81,85,90,100,101,103" machi="22" ten="30,18000,2" yaku="1,1,0,1,52,1,53,3" doraHai="82" doraHaiUra="99" who="0" fromWho="0" sc="240,190,250,-60,250,-60,250,-60" /><INIT seed="0,1,0,5,2,125" ten="430,190,190,190" oya="0" hai0="116,135,101,108,19,104,80,24,60,66,1,34,23" hai1="130,85,13,78,122,93,39,90,102,4,55,53,89" hai2="113,32,50,21,123,52,126,71,31,6,22,15,67" hai3="58,103,127,120,132,119,10,117,92,37,30,25,0"/><T124/><D116/><U121/><E39/><V72/><F123/><W107/><G120/><T87/><D124/><U81/><E121/><V5/><F126/><W65/><G127/><T74/><D135/><U129/><E122/><V54/><F113/><W28/><G132/><T68/><D1/><U56/><E102/><V42/><F72/><W27/><G37/><T8/><D8/><N who="1" m="4231" /><E89/><V49/><F32/><W16/><G107/><T29/><D74/><U106/><E106/><V61/><F42/><W100/><G0/><T41/><D41/><U69/><E69/><V36/><F36/><W20/><G58/><T48/><D48/><U110/><E56/><N who="2" m="37287" /><F31/><W62/><G62/><T115/><D108/><U105/><E105/><V33/><F33/><W64/><G92/><T9/><D9/><U57/><E57/><N who="2" m="32911" /><F71/><W98/><G10/><T91/><D115/><U75/><E110/><V76/><F76/><W3/><G3/><T44/><D44/><U46/><E46/><N who="2" m="27991" /><F22/><W77/><G77/><T12/><D104/><U43/><E43/><V133/><F133/><W70/><G70/><T14/><D101/><U73/><E73/><V40/><F40/><W35/><G35/><T109/><D109/><U131/><AGARI ba="1,0" hai="53,55,75,78,81,85,90,93,129,130,131" m="4231" machi="131" ten="30,7900,0" yaku="19,1,52,3" doraHai="125" who="1" fromWho="1" sc="430,-40,190,82,190,-21,190,-21" /><INIT seed="1,0,0,0,2,19" ten="390,272,169,169" oya="1" hai0="30,109,110,89,131,126,4,58,0,113,18,95,134" hai1="42,81,86,37,106,112,100,54,59,31,11,125,49" hai2="130,6,122,77,114,7,107,32,128,53,60,1,57" hai3="2,94,91,17,115,93,12,119,55,22,66,116,52"/><U98/><E112/><V105/><F122/><W96/><G2/><T50/><D113/><U124/><E31/><V132/><F114/><W39/><G115/><T73/><D73/><U26/><E26/><V97/><F32/><W121/><G121/><T118/><D118/><N who="3" m="45097" /><G39/><T70/><D70/><U64/><E64/><V34/><F34/><W120/><G120/><T103/><D131/><N who="2" m="50218" /><F132/><W9/><G66/><T78/><D126/><U72/><E72/><V74/><F1/><W10/><G94/><T44/><D78/><U104/><E104/><N who="2" m="40011" /><F97/><W88/><G91/><T46/><D89/><U29/><E29/><V63/><F60/><W76/><G76/><T69/><D0/><U16/><E42/><V102/><F102/><W13/><G9/><T71/><D103/><U38/><E125/><V99/><F99/><W56/><G56/><T123/><D134/><U84/><E124/><V24/><F24/><W27/><G12/><T20/><D123/><U92/><E106/><V3/><F3/><W87/><G96/><T108/><D108/><U90/><REACH who="1" step="1"/><E84/><REACH who="1" ten="390,262,169,169" step="2"/><V8/><F8/><W65/><G65/><T75/><D75/><U51/><E51/><V68/><F68/><W23/><G23/><T67/><D20/><U82/><E82/><AGARI ba="0,1" hai="6,7,53,57,63,74,77,82" m="40011,50218" machi="82" ten="30,1000,0" yaku="19,1" doraHai="19" who="2" fromWho="1" sc="390,0,262,-10,169,20,169,0" /><INIT seed="2,0,0,2,2,61" ten="390,252,189,169" oya="2" hai0="105,21,75,40,85,56,68,45,128,72,27,132,30" hai1="87,123,67,53,22,125,33,126,63,83,15,5,0" hai2="97,111,71,104,118,130,28,50,74,1,70,77,102" hai3="26,54,20,65,14,101,55,131,47,35,4,117,80"/><V100/><F118/><W113/><G117/><T7/><D68/><U13/><E33/><V89/><F1/><W10/><G131/><T106/><D7/><U88/><E123/><V69/><F130/><W23/><G113/><T3/><D3/><U32/><E32/><V81/><F111/><W9/><G35/><T108/><D128/><U60/><E53/><V79/><F28/><W39/><G101/><T133/><D85/><U129/><E60/><V31/><F31/><W2/><G80/><T96/><D56/><U73/><E73/><N who="0" m="28233" /><D96/><U52/><E52/><V66/><F79/><W59/><G39/><N who="0" m="21663" /><D108/><U94/><E83/><V99/><F89/><W46/><G54/><T48/><D48/><U103/><E103/><V114/><F50/><W24/><G20/><T49/><D49/><U127/><E129/><V19/><F19/><W112/><G112/><T84/><D84/><U121/><E121/><V51/><F51/><W119/><G119/><T93/><D93/><U37/><E37/><V43/><F43/><W98/><G98/><T42/><D42/><U17/><E0/><V12/><F114/><W124/><G55/><T115/><D115/><U25/><E5/><V8/><F66/><W29/><G24/><T91/><D91/><U95/><E95/><N who="2" m="58431" /><F69/><AGARI ba="0,0" hai="13,15,17,22,25,63,67,69,87,88,94,125,126,127" machi="69" ten="40,5200,0" yaku="18,1,52,1,54,1" doraHai="61" who="1" fromWho="2" sc="390,0,252,52,189,-52,169,0" /><INIT seed="3,0,0,4,4,51" ten="390,304,137,169" oya="3" hai0="54,53,60,101,38,65,59,50,4,110,85,57,96" hai1="40,125,68,75,30,56,83,21,67,134,61,115,94" hai2="79,117,22,62,6,98,5,86,80,121,116,122,58" hai3="1,37,100,104,130,102,109,20,63,24,29,9,92"/><W23/><G37/><T107/><D38/><U88/><E115/><V105/><F22/><W76/><G130/><T36/><D36/><U129/><E129/><V2/><F116/><W34/><G104/><T19/><D110/><U78/><E125/><V108/><F117/><W90/><G76/><T11/><D85/><U87/><E134/><V131/><F131/><W112/><G112/><T93/><D19/><U33/><E33/><V48/><F108/><W71/><G109/><T0/><REACH who="0" step="1"/><D65/><REACH who="0" ten="380,304,137,169" step="2"/><U74/><E40/><V12/><F2/><W28/><G1/><T103/><D103/><U82/><E68/><V126/><F126/><W17/><G100/><T64/><D64/><U111/><E111/><V119/><F119/><W27/><G102/><T127/><D127/><U128/><E128/><V124/><F124/><W123/><G123/><N who="2" m="47113" /><F98/><W8/><G17/><T91/><D91/><U97/><REACH who="1" step="1"/><E82/><REACH who="1" ten="380,294,137,169" step="2"/><V52/><F105/><AGARI ba="0,2" hai="0,4,11,50,53,54,57,59,60,93,96,101,105,107" machi="105" ten="40,5200,0" yaku="1,1,52,2,53,0" doraHai="51" doraHaiUra="14" who="0" fromWho="2" sc="380,72,294,0,137,-52,169,0" owari="452,55.2,294,9.4,85,-41.5,169,-23.1" /></mjloggm>