<mjloggm ver="2.3"><GO type="225" lobby="0"/><UN n0="%E5%91%89%E5%AF%8C%E6%98%A5" n1="%E3%82%A4%E3%83%BC%E3%82%B1%E3%83%97%E3%83%A9" n2="%E6%A1%9C%E8%8A%B1%E9%96%83%E3%80%85" n3="%E7%99%BD%E5%80%89%E5%AF%9B%E4%B9%8B" dan="16,17,16,16" rate="2070.01,2195.49,2179.55,2179.22" sx="M,M,M,M"/><TAIKYOKU oya="0"/><INIT seed="0,0,0,1,5,10" ten="250,250,250,250" oya="0" hai0="73,103,51,35,119,56,4,107,39,48,127,109,111" hai1="115,59,131,124,120,16,2,42,112,43,81,64,78" hai2="18,132,27,0,62,24,53,74,66,7,50,15,19" hai3="26,79,65,72,14,130,134,90,100,11,9,13,113"/><T54/><D119/><U104/><E120/><V94/><F74/><W101/><G113/><N who="1" m="43594" /><E2/><V5/><F132/><W88/><G134/><T28/><D39/><U60/><E104/><V30/><F94/><W123/><G123/><T117/><D117/><U91/><E131/><V135/><F135/><W98/><G130/><T92/><D73/><N who="1" m="43215" /><E124/><V71/><F19/><N who="3" m="8623" /><G72/><T45/><D127/><U25/><E91/><N who="3" m="34858" /><G79/><T85/><D107/><U20/><AGARI ba="0,0" hai="16,20,25,42,43,59,60,64" m="43215,43594" machi="20" ten="30,2000,0" yaku="11,1,54,1" doraHai="10" who="1" fromWho="1" sc="250,-10,250,20,250,-5,250,-5" /><INIT seed="1,0,0,0,3,117" ten="240,270,245,245" oya="1" hai0="132,4,109,64,13,34,54,65,124,40,80,133,3" hai1="90,26,57,53,119,66,113,103,35,79,32,69,31" hai2="100,1,33,126,93,105,82,38,6,121,74,8,36" hai3="78,60,87,116,29,5,61,45,41,58,97,70,27"/><U86/><E113/><V108/><F108/><W73/><G116/><T25/><D109/><U23/><E119/><V49/><F49/><W50/><G73/><T51/><D124/><U75/><E103/><V125/><F93/><W56/><G70/><T110/><D110/><U95/><E69/><V68/><F33/><W9/><G97/><T7/><D40/><U84/><E75/><V48/><F48/><W134/><G134/><N who="0" m="51819" /><D3/><U77/><E66/><N who="0" m="25705" /><D13/><U30/><E30/><V2/><F121/><W106/><G106/><T94/><D80/><U130/><E130/><V19/><F19/><W99/><G99/><T15/><D15/><U122/><E122/><V104/><F1/><W16/><G61/><T71/><D71/><U39/><E39/><N who="2" m="14891" /><F68/><W88/><G78/><N who="1" m="29706" /><E35/><V20/><F100/><W114/><G60/><T127/><D127/><N who="2" m="48650" /><F20/><N who="3" m="15591" /><G5/><T123/><D123/><U96/><E32/><V62/><F62/><AGARI ba="0,0" hai="23,26,31,53,57,62,84,86,90,95,96" m="29706" machi="62" ten="30,1500,0" yaku="8,1" doraHai="117" who="1" fromWho="2" sc="240,0,270,15,245,-15,245,0" /><INIT seed="1,1,0,0,1,48" ten="240,285,230,245" oya="1" hai0="67,92,59,131,120,113,42,0,130,84,21,124,114" hai1="53,121,63,23,105,6,69,82,11,135,55,89,88" hai2="77,1,97,132,38,83,76,94,12,34,15,71,31" hai3="75,134,85,117,19,128,32,86,57,47,107,93,17"/><U95/><E121/><V26/><F132/><W52/><G107/><T118/><D0/><U91/><E105/><V35/><F1/><W20/><G32/><T129/><D120/><U39/><E39/><V99/><F71/><W8/><G75/><T16/><D118/><U49/><E135/><V79/><F38/><W50/><G134/><T64/><D124/><U102/><E102/><V61/><F35/><W27/><G117/><T46/><D92/><U125/><E125/><V40/><F40/><W96/><G128/><T127/><D84/><U25/><E82/><V58/><F83/><W65/><G8/><T116/><D116/><U18/><E95/><V44/><F44/><W81/><G19/><T56/><D127/><U109/><E109/><V62/><F62/><N who="3" m="38095" /><G81/><T7/><D7/><U66/><REACH who="1" step="1"/><E49/><REACH who="1" ten="240,275,230,245" step="2"/><V72/><F72/><W98/><G98/><T45/><D113/><U73/><E73/><V70/><F97/><W29/><G29/><T122/><D114/><U119/><E119/><V103/><REACH who="2" step="1"/><F70/><REACH who="2" ten="240,275,220,245" step="2"/><W100/><AGARI ba="1,2" hai="17,20,27,47,50,52,85,86,93,96,100" m="38095" machi="100" ten="30,4000,0" yaku="8,1,52,1,54,1" doraHai="48" who="3" fromWho="3" sc="240,-11,275,-21,220,-11,245,63" /><INIT seed="2,0,0,2,2,39" ten="229,254,209,308" oya="2" hai0="55,65,114,122,0,14,91,34,49,96,89,132,124" hai1="112,6,88,125,118,72,95,46,56,7,50,41,62" hai2="54,30,15,119,37,86,20,58,5,101,60,116,82" hai3="53,80,78,17,4,44,45,98,33,111,63,32,25"/><V102/><F37/><W27/><G111/><T12/><D114/><U61/><E112/><V10/><F119/><W31/><G4/><T38/><D122/><U115/><E115/><V105/><F105/><W133/><G133/><T135/><D0/><U16/><E118/><V134/><F134/><N who="0" m="51242" /><D38/><U36/><E72/><V2/><F116/><W85/><G98/><T104/><D124/><U24/><E125/><V87/><F87/><W103/><G103/><N who="0" m="62567" /><D34/><U79/><E79/><V43/><F43/><W13/><G63/><N who="1" m="24074" /><E56/><V76/><REACH who="2" step="1"/><F2/><REACH who="2" ten="229,254,199,308" step="2"/><W128/><G85/><T59/><D65/><U40/><E40/><V94/><F94/><W90/><G80/><T73/><D73/><U127/><E36/><V113/><F113/><W84/><G84/><T93/><D91/><U106/><E106/><V68/><F68/><W83/><G90/><T107/><D107/><U120/><E127/><V110/><F110/><W3/><G83/><T48/><D48/><U9/><E120/><V26/><AGARI ba="0,1" hai="5,10,15,20,26,30,54,58,60,76,82,86,101,102" machi="26" ten="30,6000,0" yaku="1,1,0,1,8,1,53,0" doraHai="39" doraHaiUra="70" who="2" fromWho="2" sc="229,-20,254,-20,199,70,308,-20" /><INIT seed="2,1,0,3,2,20" ten="209,234,269,288" oya="2" hai0="98,132,28,25,124,68,122,117,1,58,4,0,119" hai1="72,69,50,112,106,111,65,26,53,86,37,15,47" hai2="42,52,128,102,116,99,133,29,21,9,43,127,93" hai3="35,82,125,55,79,83,61,67,91,103,89,12,40"/><V34/><F116/><N who="0" m="44618" /><D68/><U108/><E112/><V131/><F34/><W96/><G125/><T49/><D124/><U123/><E72/><V74/><F127/><W3/><G3/><T107/><D132/><U32/><E106/><V33/><F33/><W13/><G35/><T73/><D73/><U88/><E37/><V22/><F74/><W39/><G55/><N who="0" m="32111" /><D4/><U97/><E97/><V81/><F81/><W2/><G2/><T14/><D122/><U46/><E123/><V80/><F80/><W16/><G12/><T134/><D134/><U17/><E47/><V100/><F9/><W11/><G83/><T87/><D14/><U76/><E76/><V101/><F133/><W90/><G40/><T85/><D1/><U77/><E77/><V63/><F42/><W113/><G39/><T92/><D107/><U95/><E65/><V75/><F43/><W78/><G113/><T94/><D0/><U23/><REACH who="1" step="1"/><E69/><REACH who="1" ten="209,224,269,288" step="2"/><V27/><F75/><W51/><G79/><T66/><D66/><U10/><E10/><V41/><F99/><W120/><G78/><T121/><D121/><U36/><E36/><V38/><F38/><W45/><G96/><T115/><D115/><U44/><E44/><V30/><F102/><W105/><G45/><T109/><D109/><U129/><E129/><V31/><F101/><W114/><G103/><N who="0" m="60871" /><D94/><U59/><E59/><V19/><F93/><W24/><G120/><T56/><D56/><U84/><E84/><V71/><F71/><W7/><G114/><T70/><D70/><U130/><E130/><V118/><F131/><W110/><G110/><RYUUKYOKU ba="1,1" sc="209,15,224,15,269,-15,288,-15" hai0="25,28,85,87" hai1="15,17,23,26,32,46,50,53,86,88,95,108,111" /><INIT seed="3,2,1,5,2,112" ten="224,239,254,273" oya="3" hai0="73,79,45,40,124,50,23,108,28,0,81,14,111" hai1="55,128,76,67,56,34,51,99,39,127,58,6,93" hai2="24,7,71,98,13,60,48,69,26,96,65,118,36" hai3="119,113,125,64,122,135,1,62,85,92,116,57,110"/><W10/><G113/><T90/><D0/><U114/><E114/><V123/><F36/><W130/><G122/><T77/><D124/><U15/><E34/><V104/><F118/><W101/><G125/><T9/><D77/><U35/><E35/><V97/><F104/><W16/><G135/><T102/><D102/><U88/><E39/><V91/><F123/><W49/><G130/><T83/><D83/><U134/><E127/><V100/><F71/><W70/><G110/><T109/><D90/><U47/><E128/><V66/><F100/><W133/><G133/><T107/><D107/><U120/><E120/><V30/><F65/><W78/><G78/><T31/><REACH who="0" step="1"/><D23/><REACH who="0" ten="214,239,254,273" step="2"/><U68/><E134/><V115/><F91/><W86/><G101/><T117/><D117/><U19/><E76/><V103/><F103/><W22/><G119/><T54/><D54/><U53/><E53/><V126/><F126/><W59/><G116/><T11/><D11/><U20/><REACH who="1" step="1"/><E6/><AGARI ba="2,2" hai="6,9,14,28,31,40,45,50,73,79,81,108,109,111" machi="6" ten="40,5200,0" yaku="1,1,14,1,53,1" doraHai="112" doraHaiUra="3" who="0" fromWho="1" sc="214,78,239,-58,254,0,273,0" /><INIT seed="4,0,0,5,3,100" ten="292,181,254,273" oya="0" hai0="125,134,111,114,3,27,48,30,19,73,22,15,118" hai1="31,0,8,135,99,129,2,109,12,106,40,50,104" hai2="103,9,10,77,60,47,87,102,79,116,55,5,42" hai3="1,126,120,52,133,38,89,35,74,44,122,90,101"/><T83/><D118/><U56/><E109/><V88/><F116/><W72/><G1/><T130/><D111/><U34/><E129/><V94/><F102/><W7/><G7/><T6/><D130/><U33/><E135/><V76/><F103/><W117/><G117/><T46/><D134/><U96/><E40/><V82/><F60/><W65/><G35/><N who="1" m="13322" /><E56/><V62/><F62/><W95/><G133/><T69/><D69/><U57/><E57/><V36/><F55/><W53/><G65/><T124/><D114/><U21/><E21/><V84/><REACH who="2" step="1"/><F10/><REACH who="2" ten="292,181,244,273" step="2"/><W58/><G101/><T51/><D125/><U105/><E8/><V43/><F43/><N who="3" m="22647" /><G53/><T121/><D124/><U113/><E113/><V98/><F98/><N who="1" m="37417" /><E50/><V127/><F127/><W81/><G126/><T123/><D51/><U54/><E54/><V39/><F39/><W80/><G52/><T91/><D48/><U32/><N who="1" m="13330" /><U93/><DORA hai="132" /><E93/><V115/><F115/><W18/><G95/><T28/><D121/><U131/><E131/><V41/><F41/><W75/><G122/><T37/><D123/><U64/><E64/><V14/><AGARI ba="0,1" hai="5,9,14,36,42,47,76,77,79,82,84,87,88,94" machi="14" ten="20,8000,1" yaku="1,1,0,1,7,1,54,1,53,1" doraHai="100,132" doraHaiUra="11,17" who="2" fromWho="2" sc="292,-40,181,-20,244,90,273,-20" owari="252,-14.8,161,-33.9,334,43.4,253,5.3" /></mjloggm>