<mjloggm ver="2.3"><GO type="225" lobby="0"/><UN n0="%E3%81%95%E3%81%8D%E3%81%9F%E3%81%BE%E6%9E%97%E6%AA%8E" n1="%E9%B3%B4%E8%8C%B6" n2="%E3%82%A4%E3%82%AD%E3%83%AA" n3="%E9%80%86%E9%80%A3%E5%B8%AF%E3%81%AE%E9%AC%BC" dan="16,16,16,16" rate="2085.80,2101.30,2053.36,2058.97" sx="M,M,M,M"/><TAIKYOKU oya="0"/><INIT seed="0,0,0,0,1,7" ten="250,250,250,250" oya="0" hai0="102,56,67,17,117,129,128,111,25,15,89,14,47" hai1="50,113,62,132,57,119,104,105,35,88,108,68,51" hai2="135,73,118,103,61,6,86,121,83,90,69,2,13" hai3="109,49,60,107,94,22,112,63,5,114,52,91,133"/><T9/><D117/><U11/><E108/><V64/><F121/><W53/><G109/><T126/><D111/><U28/><E119/><V76/><F118/><W21/><G107/><T122/><D122/><U32/><E68/><V125/><F125/><W0/><G133/><T99/><D126/><U37/><E37/><V130/><F130/><N who="0" m="50282" /><D89/><U40/><E132/><V123/><F135/><W98/><G0/><T96/><D47/><U45/><E51/><V39/><F39/><W18/><G5/><N who="0" m="3375" /><D25/><U27/><E113/><V81/><F2/><W93/><G93/><T8/><D102/><U72/><E72/><V19/><F6/><W131/><G131/><T77/><D77/><U12/><E35/><V29/><F103/><W10/><G114/><T92/><D92/><U116/><E88/><V70/><F123/><W48/><G112/><T110/><D110/><U46/><E45/><V30/><REACH who="2" step="1"/><F69/><REACH who="2" ten="250,250,240,250" step="2"/><W66/><G66/><T59/><D67/><U71/><E116/><V33/><F33/><W24/><G22/><AGARI ba="0,1" hai="13,19,22,29,30,61,64,70,73,76,81,83,86,90" machi="22" ten="30,2000,0" yaku="1,1,7,1,53,0" doraHai="7" doraHaiUra="42" who="2" fromWho="3" sc="250,0,250,0,240,30,250,-20" /><INIT seed="1,0,0,4,5,85" ten="250,250,270,230" oya="1" hai0="2,9,102,78,30,34,61,71,89,76,122,43,128" hai1="115,64,83,121,65,12,40,18,28,1,86,55,127" hai2="93,22,104,135,14,0,100,33,113,23,3,10,17" hai3="66,56,105,106,126,48,47,97,6,20,84,27,51"/><U63/><E121/><V79/><F104/><W60/><G126/><T130/><D102/><U81/><E1/><V73/><F79/><W15/><G84/><T57/><D71/><U21/><E127/><V32/><F73/><W94/><G6/><T90/><D43/><U67/><E115/><V72/><F72/><W123/><G15/><T16/><D122/><U4/><E40/><V120/><F93/><W31/><G123/><T107/><D107/><U99/><E4/><V75/><F100/><W110/><G110/><T95/><D95/><U108/><E108/><V98/><F98/><W129/><G129/><N who="0" m="49771" /><D30/><U117/><E117/><V70/><F75/><W62/><G62/><T36/><D36/><U38/><E38/><V114/><F70/><W26/><G26/><T103/><D103/><U68/><E28/><V80/><F80/><W50/><REACH who="3" step="1"/><G47/><REACH who="3" ten="250,250,270,220" step="2"/><T77/><D2/><U109/><E109/><V37/><F3/><W91/><AGARI ba="0,1" hai="20,27,31,48,50,51,56,60,66,91,94,97,105,106" machi="91" ten="30,12000,2" yaku="1,1,2,1,0,1,52,1,53,3" doraHai="85" doraHaiUra="44" who="3" fromWho="3" sc="250,-30,250,-60,270,-30,220,130" /><INIT seed="2,0,0,2,1,124" ten="220,190,240,350" oya="2" hai0="2,51,62,109,133,44,45,50,16,15,131,0,49" hai1="9,36,112,7,10,60,111,82,3,129,104,27,89" hai2="28,127,31,77,87,99,56,8,53,54,98,96,24" hai3="30,91,58,92,29,20,123,74,85,102,116,117,93"/><V5/><F127/><W6/><G74/><T23/><D109/><U125/><E112/><V135/><F135/><W17/><G123/><T37/><D133/><U83/><E125/><V48/><F54/><W88/><G102/><T97/><D131/><U52/><E36/><V12/><REACH who="2" step="1"/><F24/><REACH who="2" ten="220,190,230,350" step="2"/><N who="3" m="14351" /><G117/><T65/><D37/><U34/><E111/><V13/><F13/><W115/><G116/><T11/><D2/><U78/><E27/><V113/><F113/><W90/><G115/><T47/><D0/><U108/><E108/><V107/><F107/><W134/><G134/><T66/><D97/><U100/><E104/><V105/><F105/><W40/><G40/><T43/><D43/><U68/><E52/><V73/><F73/><W32/><G32/><T95/><D66/><U106/><E34/><V63/><F63/><W71/><G30/><T94/><REACH who="0" step="1"/><D11/><REACH who="0" ten="210,190,230,350" step="2"/><U121/><E10/><V26/><F26/><W1/><G1/><T80/><D80/><AGARI ba="0,2" hai="5,8,12,28,31,48,53,56,77,80,87,96,98,99" machi="80" ten="40,3900,0" yaku="1,1,8,1,53,0" doraHai="124" doraHaiUra="103" who="2" fromWho="0" sc="210,-39,190,0,230,59,350,0" /><INIT seed="2,1,0,4,3,63" ten="171,190,289,350" oya="2" hai0="36,85,57,105,42,41,33,70,60,17,78,5,73" hai1="87,129,2,83,75,97,27,91,135,20,8,116,121" hai2="55,62,43,65,96,37,48,56,54,40,1,79,7" hai3="53,47,81,126,100,28,92,24,120,13,117,66,71"/><V104/><F79/><W110/><G126/><T113/><D113/><U10/><E116/><V69/><F1/><W84/><G110/><T21/><D105/><U3/><E135/><V127/><F7/><W29/><G120/><T51/><D33/><U102/><E121/><V58/><F127/><W18/><G117/><T9/><D73/><U86/><E75/><V123/><F123/><W14/><G71/><T67/><D36/><U133/><E133/><V35/><F35/><W103/><G66/><T30/><D30/><U89/><E3/><V111/><F111/><W95/><G53/><T23/><D70/><U98/><E2/><V34/><F34/><W44/><G18/><T124/><D124/><U109/><E129/><V125/><F125/><W130/><G84/><T80/><D51/><U19/><E109/><V76/><F76/><W134/><G134/><T31/><D31/><U93/><REACH who="1" step="1"/><E97/><REACH who="1" ten="171,180,289,350" step="2"/><V112/><F112/><W122/><G130/><T15/><REACH who="0" step="1"/><D23/><REACH who="0" ten="161,180,289,350" step="2"/><U50/><E50/><V106/><F48/><W119/><G122/><T107/><D107/><AGARI ba="1,2" hai="8,10,19,20,27,83,86,87,89,91,93,98,102,107" machi="107" ten="30,2000,0" yaku="1,1,7,1,53,0" doraHai="63" doraHaiUra="114" who="1" fromWho="0" sc="161,-23,180,43,289,0,350,0" /><INIT seed="3,0,0,1,4,107" ten="138,223,289,350" oya="3" hai0="110,86,106,129,45,38,69,11,51,15,97,8,58" hai1="0,78,118,103,75,56,96,53,17,63,42,74,13" hai2="81,113,128,9,68,12,35,102,48,85,27,98,40" hai3="92,121,123,23,54,90,94,135,14,100,104,7,109"/><W24/><G109/><T50/><D69/><U49/><E0/><V87/><F68/><W84/><G135/><T28/><D110/><U21/><E118/><V116/><F116/><W120/><G104/><T33/><D129/><U29/><E29/><V60/><F113/><W55/><G7/><T34/><D38/><U105/><E78/><V77/><F128/><W111/><G14/><T70/><D70/><U66/><REACH who="1" step="1"/><E42/><REACH who="1" ten="138,213,289,350" step="2"/><V16/><F40/><W5/><G121/><T72/><D28/><U117/><E117/><V39/><F35/><W19/><G123/><T133/><D133/><U112/><E112/><V37/><F37/><W108/><G120/><T73/><D106/><U32/><E32/><V18/><F18/><W134/><G134/><T57/><D15/><U80/><E80/><V1/><F1/><W125/><BYE who="2" /><G111/><T99/><REACH who="0" step="1"/><D86/><REACH who="0" ten="128,213,289,350" step="2"/><U132/><E132/><V119/><F119/><W64/><G108/><T131/><D131/><U114/><E114/><V44/><F44/><AGARI ba="0,2" hai="8,11,33,34,44,45,50,51,57,58,72,73,97,99" machi="44" ten="25,12000,2" yaku="1,1,22,2,52,2,53,2" doraHai="107" doraHaiUra="47" who="0" fromWho="2" sc="128,140,213,0,289,-120,350,0" /><AGARI ba="0,0" hai="13,17,21,44,49,53,56,63,66,74,75,96,103,105" machi="44" ten="30,8000,1" yaku="1,1,7,1,52,2,53,1" doraHai="107" doraHaiUra="47" who="1" fromWho="2" sc="268,0,213,80,169,-80,350,0" owari="268,-13.2,293,9.3,89,-41.1,350,45.0" /></mjloggm>