<mjloggm ver="2.3"><GO type="225" lobby="0"/><UN n0="%E3%81%A4%E3%81%A3%E3%81%B1%E3%82%8A%E3%83%9D%E3%83%BC%E3%83%AB" n1="%E5%B0%8F%E9%B3%A5%E9%81%8A%E7%B7%B4%E7%84%A1%32%31%E6%AD%B3" n2="%E3%83%A9%E3%82%B9%E7%8E%87%EF%BC%93%E5%89%B2" n3="%E3%82%8C%E3%81%99%E3%81%93" dan="17,17,17,17" rate="2168.80,2201.16,2190.97,2162.51" sx="M,F,F,F"/><TAIKYOKU oya="0"/><INIT seed="0,0,0,5,2,57" ten="250,250,250,250" oya="0" hai0="67,93,35,80,0,7,114,111,100,65,97,73,84" hai1="38,127,4,76,75,25,131,121,37,125,94,26,118" hai2="18,74,36,85,55,6,30,52,14,66,60,22,19" hai3="8,101,47,58,120,29,34,24,135,112,77,16,63"/><T130/><D114/><U129/><E4/><V61/><F36/><N who="1" m="13929" /><E94/><V12/><F74/><W133/><G112/><T83/><D130/><N who="1" m="49675" /><E121/><V71/><F30/><W115/><G115/><T102/><D111/><U117/><E76/><V106/><F106/><W91/><G120/><T1/><D35/><U54/><E54/><V86/><F6/><W132/><G77/><T32/><D32/><U10/><E10/><V109/><F109/><W28/><G101/><T113/><D113/><U95/><E95/><V104/><F104/><W78/><G78/><T51/><D7/><U45/><E75/><V99/><F99/><W50/><G91/><T20/><D93/><U43/><E25/><V124/><F124/><N who="1" m="47689" /><E26/><V134/><F55/><N who="3" m="34271" /><G34/><T107/><D97/><U81/><E81/><V98/><F98/><W17/><G17/><T69/><D73/><U116/><E45/><V46/><F46/><W70/><G70/><T64/><D69/><U48/><E48/><V56/><F19/><W110/><G8/><T108/><D108/><U126/><N who="1" m="47697" /><U9/><DORA hai="15" /><E9/><V44/><F44/><W128/><G110/><T23/><D51/><U13/><E13/><V119/><F14/><W90/><G128/><T11/><D11/><U5/><E5/><V2/><F12/><W87/><G24/><T21/><D107/><U31/><E31/><V59/><F18/><W123/><G16/><T40/><D83/><U42/><AGARI ba="0,0" hai="42,43,116,117,118" m="47697,49675,13929" machi="42" ten="60,12000,2" yaku="28,2,19,1,18,1,34,2" doraHai="57,15" who="1" fromWho="1" sc="250,-60,250,120,250,-30,250,-30" /><INIT seed="1,0,0,2,1,0" ten="190,370,220,220" oya="1" hai0="6,40,24,104,56,61,114,87,41,32,27,120,130" hai1="108,133,62,103,42,23,34,51,101,94,97,68,20" hai2="110,63,48,30,5,134,18,1,91,26,47,83,21" hai3="35,131,102,123,15,37,113,38,127,78,58,85,52"/><U4/><E34/><V14/><F110/><W112/><G35/><T109/><D114/><U25/><E133/><V67/><F134/><W69/><G123/><T111/><D104/><U132/><E23/><V44/><F1/><W95/><G69/><T122/><D130/><U96/><E132/><V74/><F48/><W10/><G131/><T72/><D72/><U36/><E36/><V77/><F91/><W16/><G127/><T115/><D87/><U31/><E108/><N who="0" m="41545" /><D115/><U43/><E51/><V92/><F92/><W66/><G66/><N who="0" m="39207" /><D6/><U64/><E4/><V22/><REACH who="2" step="1"/><F5/><REACH who="2" ten="190,370,210,220" step="2"/><W125/><G113/><T84/><D122/><U29/><E29/><V8/><F8/><W128/><G112/><T11/><D120/><U90/><E90/><V7/><F7/><W99/><G128/><T98/><D11/><U59/><E68/><AGARI ba="0,1" hai="14,18,21,22,26,30,44,47,63,67,68,74,77,83" machi="68" ten="30,2000,0" yaku="1,1,7,1,53,0" doraHai="0" doraHaiUra="86" who="2" fromWho="1" sc="190,0,370,-20,210,30,220,0" /><INIT seed="2,0,0,0,5,5" ten="190,350,240,220" oya="2" hai0="22,109,60,30,104,134,112,80,63,119,35,122,59" hai1="79,127,19,89,78,76,40,39,12,13,8,114,123" hai2="125,47,50,81,113,83,23,36,43,75,45,94,69" hai3="29,71,73,24,72,48,107,2,128,133,64,15,66"/><V106/><F106/><W90/><G2/><T92/><D104/><U108/><E108/><V27/><F113/><W87/><G128/><T126/><D112/><U18/><E114/><V97/><F125/><W124/><G124/><T132/><D126/><U61/><E127/><V17/><F69/><W25/><G107/><T100/><D35/><U70/><E123/><V7/><F75/><W62/><G133/><N who="0" m="51307" /><D122/><U102/><E102/><V57/><F57/><W120/><G120/><T42/><D42/><U16/><E89/><V118/><F118/><W21/><G66/><N who="0" m="39199" /><D63/><U65/><E40/><V6/><F45/><W129/><G129/><T52/><D109/><U11/><REACH who="1" step="1"/><E39/><REACH who="1" ten="190,340,240,220" step="2"/><V77/><F36/><W105/><G90/><T33/><D119/><U98/><E98/><V49/><F97/><W1/><G105/><T111/><D111/><U34/><E34/><V37/><F37/><W46/><G71/><T103/><D33/><U53/><E53/><V85/><F43/><W44/><G64/><T82/><D52/><U101/><E101/><N who="0" m="38985" /><D92/><U99/><E99/><V28/><F94/><W41/><G41/><T56/><D56/><U4/><AGARI ba="0,1" hai="4,8,11,12,13,16,18,19,61,65,70,76,78,79" machi="4" ten="30,12000,2" yaku="1,1,0,1,52,2,54,1,53,2" doraHai="5" doraHaiUra="9" who="1" fromWho="1" sc="190,-30,340,130,240,-60,220,-30" /><INIT seed="3,0,0,1,3,3" ten="160,470,180,190" oya="3" hai0="4,111,89,38,64,20,74,78,55,110,98,42,125" hai1="90,13,57,36,66,80,59,24,39,27,67,12,5" hai2="114,21,68,126,43,128,32,17,60,96,116,124,15" hai3="91,34,76,65,19,33,18,87,46,85,79,100,40"/><W35/><G100/><T75/><D125/><N who="2" m="48234" /><F114/><W44/><G65/><T71/><D55/><U6/><E90/><V99/><F128/><W119/><G119/><T113/><D113/><U51/><E51/><V86/><F116/><W93/><G40/><T120/><D120/><U72/><E80/><V8/><F32/><W127/><G127/><T108/><D78/><N who="3" m="29737" /><G93/><N who="0" m="56623" /><D20/><U102/><E102/><V52/><F43/><W22/><G22/><T29/><D29/><U54/><E54/><V9/><F86/><N who="3" m="32779" /><G91/><T37/><D4/><U7/><E7/><V23/><F23/><W28/><G28/><T84/><D84/><U82/><E82/><V135/><F135/><W53/><G53/><T10/><D10/><N who="2" m="4202" /><F52/><W73/><G73/><AGARI ba="0,0" hai="5,6,12,13,24,27,36,39,57,59,66,67,72,73" machi="73" ten="25,6400,0" yaku="22,2,52,2" doraHai="3" who="1" fromWho="3" sc="160,0,470,64,180,0,190,-64" owari="160,-24.0,534,63.4,180,-2.0,126,-37.4" /></mjloggm>