<mjloggm ver="2.3"><GO type="225" lobby="0"/><UN n0="%E3%80%90%E8%92%BC%E7%90%89%E3%80%91" n1="%E9%B7%B9%E5%80%89%E6%9D%8F%E9%88%B4" n2="%E7%AB%8B%E7%9B%B4%E5%A5%BD%E6%A3%92%40%E5%BF%98" n3="%E5%A4%8F%E9%88%B4%E9%88%B4%E5%A4%8F" dan="16,16,17,16" rate="2169.49,2088.66,2142.59,2125.63" sx="F,F,M,F"/><TAIKYOKU oya="0"/><INIT seed="0,0,0,4,2,66" ten="250,250,250,250" oya="0" hai0="128,26,86,21,130,108,116,37,85,119,33,90,4" hai1="87,6,18,34,36,13,82,53,9,22,132,46,101" hai2="111,24,95,74,49,1,75,27,10,5,14,83,126" hai3="124,52,12,65,105,40,80,39,78,42,63,31,120"/><T47/><D33/><U64/><E132/><V17/><F111/><W30/><G105/><T44/><D108/><U56/><E34/><V121/><F121/><W3/><G3/><T93/><D4/><U38/><E101/><V16/><F126/><W122/><G124/><T109/><D109/><U134/><E134/><V100/><F49/><W73/><G12/><T89/><D37/><U103/><E103/><V96/><F17/><W97/><G52/><T125/><D125/><U79/><E46/><V69/><F69/><N who="3" m="42175" /><G97/><T41/><D41/><N who="3" m="15977" /><G39/><T67/><D67/><U32/><E32/><V19/><F19/><W23/><G23/><T11/><D11/><U71/><E64/><V88/><F100/><W106/><G106/><T133/><D133/><U35/><E35/><V107/><F107/><W50/><G50/><T70/><D21/><U48/><REACH who="1" step="1"/><E71/><REACH who="1" ten="250,240,250,250" step="2"/><V8/><REACH who="2" step="1"/><F75/><REACH who="2" ten="250,240,240,250" step="2"/><W76/><G73/><T2/><D70/><U15/><AGARI ba="0,2" hai="6,9,13,15,18,22,36,38,48,53,56,79,82,87" machi="15" ten="20,5200,0" yaku="1,1,2,1,0,1,7,1,53,0" doraHai="66" doraHaiUra="25" who="1" fromWho="1" sc="250,-26,240,72,240,-13,250,-13" /><INIT seed="1,0,0,1,4,129" ten="224,312,227,237" oya="1" hai0="12,32,53,79,9,58,50,56,43,44,109,114,3" hai1="91,103,0,84,31,119,25,28,121,88,131,26,67" hai2="99,127,82,6,11,101,70,112,130,60,13,15,71" hai3="29,21,42,107,30,33,74,36,20,81,133,98,93"/><U124/><E119/><V76/><F130/><W65/><G107/><T37/><D114/><U115/><E131/><V1/><F127/><W122/><G122/><T108/><D3/><U85/><E115/><V63/><F112/><W57/><G36/><T39/><D32/><U87/><E121/><V14/><F70/><W54/><G42/><T89/><D79/><U18/><E0/><V86/><REACH who="2" step="1"/><F71/><REACH who="2" ten="224,312,217,237" step="2"/><W117/><G117/><T45/><D108/><U123/><E124/><V34/><F34/><W10/><G33/><T27/><D109/><U77/><E123/><V102/><F102/><W113/><G113/><T132/><D132/><U128/><E103/><V104/><AGARI ba="0,1" hai="1,6,11,13,14,15,60,63,76,82,86,99,101,104" machi="104" ten="30,4000,0" yaku="1,1,0,1,53,1" doraHai="129" doraHaiUra="4" who="2" fromWho="2" sc="224,-10,312,-20,217,50,237,-10" /><INIT seed="2,0,0,3,0,29" ten="214,292,267,227" oya="2" hai0="13,46,78,69,5,133,26,64,131,84,27,63,33" hai1="99,36,90,56,4,96,115,88,66,42,54,51,92" hai2="122,120,119,12,40,20,82,44,130,110,101,114,73" hai3="28,23,93,18,31,61,124,132,47,102,128,104,25"/><V9/><F114/><W81/><G124/><T53/><D133/><U8/><E115/><V79/><F119/><W32/><G132/><T74/><D74/><U126/><E126/><V76/><F76/><W108/><G108/><T85/><D131/><U65/><E36/><V94/><F130/><W57/><G128/><T123/><D123/><U134/><E134/><V30/><F110/><W91/><G81/><T112/><D112/><U72/><E72/><V87/><F30/><W70/><G70/><T38/><D78/><U34/><E34/><V95/><F20/><W52/><G47/><T37/><D37/><U125/><E42/><V10/><F10/><W19/><G19/><T98/><D98/><U83/><E125/><V116/><F116/><W7/><G7/><T117/><D117/><U89/><E83/><V107/><F107/><W68/><G68/><T16/><D5/><U14/><REACH who="1" step="1"/><E96/><REACH who="1" ten="214,282,267,227" step="2"/><V21/><F73/><W1/><G32/><T48/><D38/><U24/><E24/><V100/><F120/><W60/><G1/><T129/><D129/><U35/><E35/><V15/><F122/><W121/><G121/><T11/><REACH who="0" step="1"/><D26/><REACH who="0" ten="204,282,267,227" step="2"/><U97/><E97/><V67/><F87/><N who="3" m="52479" /><G104/><T127/><D127/><U6/><E6/><V3/><F79/><W86/><G86/><T77/><D77/><U17/><E17/><V55/><F3/><W106/><G106/><T39/><D39/><U59/><E59/><V135/><F135/><W71/><G102/><AGARI ba="0,2" hai="4,8,14,51,54,56,65,66,88,89,90,92,99,102" machi="102" ten="40,5200,0" yaku="1,1,8,1,54,1,53,0" doraHai="29" doraHaiUra="118" who="1" fromWho="3" sc="204,0,282,72,267,0,227,-52" /><INIT seed="3,0,0,0,3,34" ten="204,354,267,175" oya="3" hai0="31,3,95,7,27,2,123,81,125,68,57,48,66" hai1="50,86,65,47,121,130,60,106,52,116,124,129,127" hai2="73,64,42,133,28,67,29,117,126,37,92,61,85" hai3="84,91,76,94,59,44,87,83,1,23,56,46,69"/><W135/><G135/><T119/><D123/><U5/><E121/><V53/><F73/><W103/><G69/><T99/><D119/><U30/><E116/><V33/><F117/><W32/><G32/><T132/><D7/><U6/><E106/><V25/><F126/><N who="1" m="48169" /><E86/><V111/><F111/><W108/><G108/><T10/><D48/><U0/><E30/><V93/><F133/><W122/><G122/><T101/><D57/><N who="3" m="22089" /><G1/><T134/><D10/><N who="1" m="2343" /><E6/><V43/><F37/><W71/><G71/><AGARI ba="0,0" hai="47,50,52,60,65,71,129,130" m="2343,48169" machi="71" ten="30,3900,0" yaku="18,1,52,1,54,1" doraHai="34" who="1" fromWho="3" sc="204,0,354,39,267,0,175,-39" owari="204,-19.6,393,49.3,267,6.7,136,-36.4" /></mjloggm>