<mjloggm ver="2.3"><GO type="225" lobby="0"/><UN n0="%E3%80%90%E3%83%88%E3%83%AA%E3%83%A5%E3%83%95%E3%80%91" n1="%E6%98%93%E5%88%A9%E8%96%A9%E4%BC%AF" n2="%E3%83%81%E3%83%83%E3%82%BF%E3%82%BD%E3%83%BC" n3="%E7%89%B9%E6%9D%B1%E3%81%AF%E4%B8%96%E7%95%8C%E3%82%92%E6%95%91%E3%81%86" dan="16,17,16,16" rate="2125.52,2188.31,2184.24,2165.07" sx="M,F,F,M"/><TAIKYOKU oya="0"/><INIT seed="0,0,0,2,5,109" ten="250,250,250,250" oya="0" hai0="102,130,55,124,119,10,31,47,122,35,36,7,61" hai1="18,27,46,72,16,83,123,29,106,54,116,111,125" hai2="114,68,20,99,77,128,65,64,5,92,14,78,9" hai3="74,101,97,105,117,131,34,118,30,17,73,58,110"/><T112/><D102/><U66/><E116/><N who="3" m="44650" /><G17/><T50/><D119/><U3/><E123/><V39/><F114/><W49/><G49/><T22/><D122/><U84/><E111/><V121/><F128/><W2/><G58/><T89/><D130/><U98/><E125/><V52/><F39/><W104/><G110/><T21/><D124/><U120/><E72/><N who="3" m="27754" /><G131/><T63/><D36/><U132/><E120/><V95/><F121/><W56/><G56/><T15/><D112/><U26/><E132/><V71/><F68/><W126/><G126/><T42/><D35/><U44/><E3/><V37/><F37/><W32/><G104/><T4/><D31/><U96/><E66/><N who="2" m="25707" /><F71/><W12/><G12/><T25/><D25/><U91/><E27/><V62/><F20/><N who="0" m="7786" /><D4/><U127/><E127/><V87/><F87/><W0/><G30/><T23/><N who="0" m="7794" /><T88/><DORA hai="43" /><D42/><U115/><E115/><V94/><F99/><W79/><G79/><T11/><D10/><U51/><E46/><V75/><F75/><W33/><AGARI ba="0,0" hai="0,2,32,33,34,97,101,105" m="27754,44650" machi="33" ten="40,1500,0" yaku="23,1" doraHai="109,43" who="3" fromWho="3" sc="250,-7,250,-4,250,-4,250,15" /><INIT seed="1,0,0,4,5,27" ten="243,246,246,265" oya="1" hai0="64,107,19,44,14,29,109,0,113,130,76,35,62" hai1="3,53,80,105,43,46,55,111,4,103,45,18,26" hai2="85,69,21,70,51,127,11,89,61,22,60,134,95" hai3="34,106,83,104,58,114,32,116,20,119,79,84,67"/><U91/><E111/><V23/><F127/><W66/><G114/><T48/><D113/><U110/><E110/><V33/><F134/><W5/><G5/><T28/><D35/><N who="3" m="13353" /><G20/><T59/><D109/><U24/><E105/><N who="3" m="40554" /><G58/><T115/><D115/><U123/><E103/><V39/><F39/><W42/><G42/><N who="0" m="24599" /><D0/><U10/><E123/><V101/><F33/><W118/><AGARI ba="0,0" hai="66,67,79,83,84,116,118,119" m="40554,13353" machi="118" ten="40,1500,0" yaku="12,1" doraHai="27" who="3" fromWho="3" sc="243,-4,246,-7,246,-4,265,15" /><INIT seed="2,0,0,4,2,4" ten="239,239,242,280" oya="2" hai0="19,27,71,91,131,79,52,115,82,12,70,105,135" hai1="85,78,95,31,132,107,36,17,9,11,55,54,57" hai2="130,129,42,98,72,122,62,6,112,1,32,113,43" hai3="97,47,93,116,5,133,35,40,28,63,99,51,60"/><V124/><F122/><W103/><G116/><T10/><D115/><N who="2" m="44106" /><F32/><W61/><G133/><T64/><D135/><U20/><E107/><V121/><F121/><W7/><G35/><T22/><D131/><N who="2" m="50186" /><F72/><W37/><G28/><T73/><D105/><U81/><E36/><V74/><F74/><W117/><G117/><T86/><D64/><U76/><E132/><V18/><F18/><W23/><G37/><T34/><D34/><U48/><E31/><V100/><F62/><W56/><G56/><T101/><D101/><U33/><E33/><V59/><F59/><W15/><G99/><T114/><D114/><U24/><E78/><V44/><F44/><W53/><G40/><N who="2" m="15401" /><F124/><W2/><G2/><T127/><D127/><U120/><E120/><V118/><F118/><W38/><G38/><T68/><D73/><U66/><E66/><V80/><F80/><W30/><G15/><T102/><D102/><U16/><E17/><V3/><F6/><W29/><G29/><T134/><D134/><U119/><E119/><V109/><F109/><W104/><G5/><T96/><D96/><U108/><E108/><V50/><F50/><W128/><G7/><T67/><D67/><U126/><E126/><V125/><F125/><W84/><G128/><T21/><D79/><U89/><E55/><V49/><F49/><W111/><G111/><T69/><N who="0" m="17408" /><DORA hai="90" /><T88/><D91/><U46/><E46/><V39/><F39/><W41/><G41/><T8/><REACH who="0" step="1"/><D52/><REACH who="0" ten="229,239,242,280" step="2"/><U0/><E0/><V58/><F58/><W25/><G53/><T110/><D110/><U106/><E106/><AGARI ba="0,1" hai="1,3,98,100,106" m="15401,50186,44106" machi="106" ten="30,2900,0" yaku="6,1,19,1" doraHai="4,90" who="2" fromWho="1" sc="229,0,239,-29,242,39,280,0" /><INIT seed="2,1,0,3,2,111" ten="229,210,281,280" oya="2" hai0="90,126,107,98,69,109,65,81,116,113,77,93,24" hai1="120,51,124,79,63,128,30,95,96,37,114,4,49" hai2="129,39,5,29,66,117,19,26,33,80,104,31,14" hai3="45,25,83,44,100,42,56,6,75,18,36,8,59"/><V40/><F129/><W84/><G100/><T118/><D109/><U68/><E37/><V94/><F117/><N who="0" m="45162" /><D24/><U135/><E128/><V34/><F104/><W71/><G71/><T88/><D65/><U2/><E120/><V97/><F5/><W74/><G45/><T122/><D122/><U103/><E135/><V123/><F123/><W15/><G59/><T60/><D60/><U102/><E124/><V43/><F39/><W64/><G64/><T92/><D126/><U112/><E79/><V132/><F132/><W130/><G56/><T28/><D28/><U110/><E110/><V23/><F80/><W61/><G61/><T7/><D7/><U70/><E30/><V53/><F53/><W12/><G25/><T21/><D21/><U11/><E103/><V67/><F66/><W82/><G130/><T89/><D107/><U76/><E76/><V35/><F67/><W16/><G6/><T17/><D17/><U46/><E63/><V54/><F54/><W55/><G55/><T121/><D69/><U0/><E0/><V27/><F35/><W99/><G18/><T78/><D113/><U57/><E57/><V32/><F33/><W108/><G12/><T50/><D50/><U58/><E58/><V62/><F62/><W52/><G52/><T1/><D1/><U106/><E51/><V9/><F34/><W131/><G131/><T101/><D121/><U72/><E72/><N who="3" m="27690" /><G108/><T38/><D38/><U22/><E22/><V3/><F3/><W91/><G36/><T127/><D127/><U10/><E106/><V125/><F125/><W20/><G20/><RYUUKYOKU ba="1,0" sc="229,-10,210,-10,281,30,280,-10" hai2="9,14,19,23,26,27,29,31,32,40,43,94,97" /><INIT seed="2,2,0,1,0,19" ten="219,200,311,270" oya="2" hai0="54,7,135,116,97,59,85,71,108,3,23,43,107" hai1="78,27,50,66,16,57,64,11,96,94,113,99,92" hai2="115,93,131,111,46,125,80,84,38,30,112,20,9" hai3="35,40,51,33,86,75,77,60,4,118,29,45,81"/><V37/><F125/><W121/><G118/><T5/><D116/><U122/><E113/><V32/><F32/><W53/><G121/><T83/><D108/><U114/><E114/><V49/><F131/><W90/><G29/><T2/><D71/><U70/><E70/><V95/><F9/><W17/><G4/><T65/><D135/><U56/><E122/><V13/><F111/><W68/><G17/><T72/><D72/><U100/><E78/><V102/><F112/><W79/><G79/><T98/><D43/><U28/><E57/><V120/><F120/><W117/><G117/><T130/><D65/><U87/><E87/><V124/><F124/><W12/><G12/><T109/><D109/><U89/><E50/><V36/><F102/><W6/><G6/><N who="0" m="2059" /><D107/><U21/><E56/><V55/><F115/><W63/><G63/><N who="0" m="36343" /><D3/><U76/><E76/><V69/><F69/><W14/><G14/><AGARI ba="2,0" hai="11,14,16,21,27,28,64,66,89,92,94,96,99,100" machi="14" ten="40,5200,0" yaku="8,1,52,1,54,1" doraHai="19" who="1" fromWho="3" sc="219,0,200,58,311,0,270,-58" /><INIT seed="3,0,0,0,5,11" ten="219,258,311,212" oya="3" hai0="73,4,119,50,53,81,134,89,83,101,69,19,27" hai1="6,117,102,107,88,49,75,126,127,17,32,91,67" hai2="85,59,64,25,98,60,116,30,106,54,39,79,80" hai3="15,33,135,51,113,37,109,118,96,45,43,104,120"/><W47/><G113/><T128/><D119/><U16/><E75/><V29/><F116/><W66/><G118/><T103/><D69/><U84/><E32/><V31/><F39/><W22/><G120/><T56/><D128/><U48/><E67/><V3/><F3/><W9/><G33/><T26/><D73/><U34/><E34/><V129/><F129/><W8/><G66/><T105/><D4/><U5/><E102/><N who="0" m="38921" /><D105/><U68/><E84/><V95/><F106/><W114/><G114/><T131/><D134/><U115/><E107/><V44/><F25/><W110/><G96/><T1/><D1/><U124/><E117/><V87/><F87/><W52/><G104/><T76/><D131/><U94/><E68/><V61/><F44/><W18/><G135/><T122/><D122/><U24/><E115/><V58/><F29/><W108/><AGARI ba="0,0" hai="8,9,15,18,22,37,43,45,47,51,52,108,109,110" machi="108" ten="30,12000,1" yaku="0,1,14,1,10,1,52,1,54,1" doraHai="11" who="3" fromWho="3" sc="219,-40,258,-40,311,-40,212,120" owari="179,-32.1,218,-18.2,271,7.1,332,43.2" /></mjloggm>