<mjloggm ver="2.3"><GO type="225" lobby="0"/><UN n0="%E3%83%A9%E3%82%A4%E3%83%B3%E3%81%AE%E8%99%8E" n1="%E6%A1%9C%E8%8A%B1%E9%96%83%E3%80%85" n2="%E7%99%BD%E5%80%89%E5%AF%9B%E4%B9%8B" n3="%E3%81%A0%E3%81%8A" dan="16,16,16,17" rate="2168.26,2131.63,2177.53,2069.62" sx="M,M,M,M"/><TAIKYOKU oya="0"/><INIT seed="0,0,0,3,3,124" ten="250,250,250,250" oya="0" hai0="111,68,125,117,123,127,64,14,8,75,65,133,16" hai1="44,129,52,103,5,45,41,88,118,35,79,2,63" hai2="106,43,98,134,55,54,19,132,119,33,30,126,109" hai3="93,73,60,94,84,82,108,18,36,39,13,61,87"/><T71/><D75/><U130/><E118/><V128/><F119/><W22/><G73/><T26/><D117/><U100/><E35/><V49/><F126/><N who="0" m="48138" /><D123/><U67/><E79/><V28/><F109/><W15/><G108/><T113/><D111/><U21/><E21/><V121/><F43/><W105/><G105/><T69/><D113/><U34/><E34/><V99/><F33/><W37/><G87/><T135/><D26/><U86/><E5/><V59/><F19/><W107/><G107/><T76/><D76/><U114/><E2/><V58/><F106/><W1/><G1/><T23/><D23/><U12/><E12/><V92/><F49/><W29/><G29/><T6/><D6/><U97/><E52/><V0/><F0/><W115/><G13/><T112/><D112/><U53/><E53/><V66/><F66/><AGARI ba="0,0" hai="8,14,16,64,65,66,68,69,71,133,135" m="48138" machi="66" ten="40,3900,0" yaku="18,1,54,1" doraHai="124" who="0" fromWho="2" sc="250,39,250,0,250,-39,250,0" /><INIT seed="0,1,0,2,0,79" ten="289,250,211,250" oya="0" hai0="75,84,57,86,67,34,25,21,131,105,2,52,81" hai1="127,6,13,17,94,118,135,113,102,20,123,37,38" hai2="15,11,110,130,116,83,39,16,24,26,14,128,74" hai3="30,35,58,62,44,111,18,72,33,19,66,73,64"/><T0/><D105/><U63/><E118/><V41/><F110/><W48/><G111/><T50/><D34/><U40/><E123/><V122/><F122/><W101/><G66/><T95/><D131/><N who="2" m="50218" /><F116/><W8/><G101/><T119/><D119/><U5/><E127/><V32/><F32/><W9/><G33/><T124/><D124/><U76/><E135/><V106/><F106/><W134/><G134/><T51/><D67/><U112/><E76/><N who="2" m="44439" /><F15/><W55/><G30/><T90/><D75/><U92/><E63/><V47/><AGARI ba="1,0" hai="11,14,16,24,26,39,41,47" m="44439,50218" machi="47" ten="30,4000,0" yaku="19,1,52,1,54,1" doraHai="79" who="2" fromWho="2" sc="289,-21,250,-11,211,43,250,-11" /><INIT seed="1,0,0,4,5,92" ten="268,239,254,239" oya="1" hai0="14,39,48,117,95,98,61,102,125,25,27,6,115" hai1="9,123,44,76,101,13,83,82,81,42,134,121,75" hai2="132,77,108,18,17,72,20,26,109,87,46,5,50" hai3="35,113,54,2,38,49,52,80,106,86,104,7,41"/><U99/><E134/><V12/><F132/><W127/><G113/><T111/><D39/><U29/><E29/><V90/><F72/><W107/><G35/><T73/><D115/><U31/><E31/><V53/><F5/><W133/><G133/><T64/><D117/><U124/><E124/><V0/><F77/><W4/><G127/><T58/><D111/><U10/><E82/><V100/><F100/><W36/><G41/><T126/><D73/><U30/><E30/><V21/><REACH who="2" step="1"/><F0/><REACH who="2" ten="268,239,244,239" step="2"/><W37/><G2/><T105/><D126/><U78/><E121/><V3/><F3/><W91/><REACH who="3" step="1"/><G54/><REACH who="3" ten="268,239,244,229" step="2"/><T120/><D125/><U40/><E123/><V69/><F69/><W74/><G74/><T62/><D120/><U129/><E75/><V70/><F70/><W84/><G84/><T128/><D64/><U59/><E40/><V63/><F63/><W32/><G32/><T23/><D61/><U89/><E42/><V22/><F22/><W16/><G16/><T65/><D23/><U112/><E112/><V116/><F116/><W88/><G88/><T97/><D62/><U15/><E89/><V11/><F11/><W122/><G122/><T34/><D65/><U119/><E9/><V94/><AGARI ba="0,2" hai="12,17,18,20,21,26,46,50,53,87,90,94,108,109" machi="94" ten="30,2000,0" yaku="1,1,0,1,53,0" doraHai="92" doraHaiUra="96" who="2" fromWho="2" sc="268,-5,239,-10,244,40,229,-5" /><INIT seed="2,0,0,2,4,52" ten="263,229,284,224" oya="2" hai0="117,42,112,128,21,56,5,103,93,73,120,78,133" hai1="68,122,109,36,132,89,107,99,18,111,17,127,131" hai2="9,85,23,86,104,14,129,74,54,43,81,100,87" hai3="30,92,69,48,20,13,96,108,28,37,22,6,94"/><V38/><F129/><W34/><G37/><T126/><D120/><U98/><E36/><V3/><F100/><W39/><G34/><T25/><D112/><U135/><E68/><V115/><F104/><W130/><G39/><T63/><D126/><U72/><E131/><V82/><F115/><W65/><G108/><N who="1" m="41546" /><E127/><V62/><F74/><W50/><G69/><T32/><D133/><N who="1" m="51275" /><E122/><V114/><F3/><W105/><G105/><T121/><D117/><U90/><E72/><V95/><F38/><W84/><G84/><T4/><D73/><U29/><E29/><V134/><F86/><W88/><G65/><T26/><D121/><U77/><E77/><V113/><F87/><W58/><G130/><T51/><D78/><U61/><E61/><V91/><F62/><W123/><G123/><T15/><D63/><U11/><E11/><V31/><F85/><N who="3" m="52239" /><G28/><T33/><D128/><U46/><E46/><V40/><F31/><W12/><G30/><T24/><D33/><U67/><E67/><V41/><F134/><W76/><G76/><T116/><D32/><U118/><E118/><V79/><F79/><W49/><G20/><T53/><D116/><U70/><E70/><V57/><F23/><W27/><G22/><T1/><D21/><U0/><E0/><V10/><F113/><W44/><G44/><N who="0" m="26007" /><D1/><U125/><E125/><V83/><F114/><W75/><G75/><T2/><D2/><U8/><E8/><V80/><F9/><N who="3" m="4151" /><G13/><T106/><D15/><U7/><E7/><V110/><N who="2" m="20480" /><DORA hai="19" /><V47/><F14/><W119/><G119/><T16/><D4/><RYUUKYOKU ba="0,0" sc="263,0,229,0,284,0,224,0" /><INIT seed="3,1,0,2,4,99" ten="263,229,284,224" oya="3" hai0="68,54,100,110,91,58,27,59,10,34,1,67,50" hai1="78,39,89,98,5,84,11,127,53,24,102,69,76" hai2="56,87,23,132,112,43,117,74,25,115,31,79,19" hai3="70,51,125,120,85,135,18,46,118,7,28,30,122"/><W35/><G118/><T61/><D110/><U101/><E69/><V15/><F74/><W38/><G38/><T129/><D129/><U44/><E127/><V63/><F117/><W12/><G70/><T107/><D91/><U94/><E24/><V124/><F124/><W17/><G125/><T55/><D10/><U109/><E109/><V75/><F75/><W36/><G36/><T40/><D1/><U92/><E101/><V64/><F132/><W72/><G72/><T104/><D40/><U41/><REACH who="1" step="1"/><E53/><REACH who="1" ten="263,219,284,224" step="2"/><V22/><F25/><W116/><G135/><T83/><D100/><U113/><E113/><V62/><F115/><W16/><G116/><T105/><D55/><U96/><E96/><V130/><F112/><W14/><G120/><T97/><D97/><U37/><E37/><V20/><F43/><W8/><G122/><T6/><D68/><U9/><E9/><V134/><F134/><W26/><G30/><T128/><D27/><U52/><E52/><N who="2" m="34055" /><F31/><W80/><G28/><T3/><D54/><U114/><E114/><V81/><F130/><W13/><G26/><T123/><D128/><U103/><E103/><V111/><F111/><W32/><G35/><T29/><D29/><U108/><E108/><V48/><F48/><W57/><G32/><T49/><D34/><U121/><E121/><V106/><F106/><W90/><G57/><AGARI ba="1,1" hai="15,19,20,22,23,57,63,64,79,81,87" m="34055" machi="57" ten="30,2000,0" yaku="8,1,54,1" doraHai="99" who="2" fromWho="3" sc="263,0,219,0,284,33,224,-23" owari="263,6.3,219,-18.1,317,41.7,201,-29.9" /></mjloggm>