<mjloggm ver="2.3"><GO type="225" lobby="0"/><UN n0="%E3%81%BD%E3%81%A1%E3%81%9F%E3%81%93%E3%82%84" n1="%E3%81%A4%E3%81%A3%E3%81%B1%E3%82%8A%E3%83%9D%E3%83%BC%E3%83%AB" n2="%E3%81%A0%E3%81%8A" n3="%E3%81%8B%E3%82%8F%E3%81%A1%E3%82%83%E3%82%93%35%38" dan="17,17,17,16" rate="2133.51,2166.09,2070.80,2115.28" sx="M,M,M,M"/><TAIKYOKU oya="0"/><INIT seed="0,0,0,3,4,21" ten="250,250,250,250" oya="0" hai0="118,36,83,111,64,95,91,43,134,125,60,132,69" hai1="31,101,114,121,19,119,113,102,127,78,13,29,85" hai2="124,67,133,18,100,122,93,109,92,41,94,97,71" hai3="84,72,8,88,39,33,90,48,77,11,70,55,73"/><T4/><D118/><U34/><E119/><V110/><F41/><W129/><G39/><T28/><D125/><U44/><E121/><V22/><F122/><W51/><G70/><T53/><D111/><N who="2" m="42506" /><F133/><N who="0" m="51306" /><D4/><U66/><E127/><V80/><F124/><W26/><G77/><T32/><D83/><N who="1" m="47351" /><E66/><V75/><F67/><W2/><G129/><T56/><D43/><U57/><E57/><V117/><F71/><W25/><G84/><N who="0" m="52711" /><D36/><U38/><E44/><V9/><F9/><W112/><G55/><T126/><D126/><U62/><E38/><V20/><F20/><W52/><G52/><T99/><D99/><U81/><E62/><V115/><F115/><N who="1" m="44041" /><E81/><V37/><F37/><W96/><G112/><T130/><D130/><U116/><E116/><V98/><F117/><W35/><REACH who="3" step="1"/><G96/><REACH who="3" ten="250,250,250,240" step="2"/><T7/><D69/><U3/><E3/><AGARI ba="0,1" hai="2,3,8,11,25,26,33,35,48,51,72,73,88,90" machi="3" ten="25,16000,3" yaku="1,1,2,1,22,2,52,2,54,1,53,2" doraHai="21" doraHaiUra="105" who="3" fromWho="1" sc="250,0,250,-160,250,0,240,170" /><INIT seed="1,0,0,5,3,48" ten="250,90,250,410" oya="1" hai0="32,6,8,125,114,49,10,59,56,36,26,12,39" hai1="31,134,70,94,129,16,86,23,54,76,119,38,68" hai2="69,5,71,65,33,81,79,80,58,112,103,89,75" hai3="97,13,27,108,73,21,122,127,105,43,124,92,101"/><U123/><E123/><V91/><F33/><W95/><G122/><T17/><D114/><U99/><E119/><V128/><F112/><W4/><G73/><T11/><D125/><N who="3" m="48201" /><G108/><T57/><D49/><U41/><E31/><V47/><F128/><W9/><G43/><T87/><D87/><U72/><E72/><V40/><F103/><W107/><G95/><T52/><D32/><U135/><E129/><V45/><F5/><W115/><G115/><T29/><D29/><AGARI ba="0,0" hai="4,9,13,21,27,29,92,97,101,105,107" m="48201" machi="29" ten="30,1000,0" yaku="18,1" doraHai="48" who="3" fromWho="0" sc="250,-10,90,0,250,0,410,10" /><INIT seed="2,0,0,4,0,51" ten="240,90,250,420" oya="2" hai0="121,53,128,60,88,134,64,27,45,127,10,20,84" hai1="110,29,122,130,89,46,129,92,80,74,91,116,135" hai2="58,123,3,57,38,18,131,94,100,99,41,95,90" hai3="4,19,23,117,102,26,2,5,0,24,105,36,35"/><V40/><F123/><W124/><G36/><T114/><D121/><U97/><E29/><V22/><F3/><W73/><G73/><T69/><D114/><U37/><E37/><V44/><F40/><W66/><G66/><T71/><D128/><N who="1" m="49259" /><E46/><V126/><F126/><W83/><G83/><T1/><D127/><U87/><E122/><V85/><REACH who="2" step="1"/><F131/><REACH who="2" ten="240,90,240,420" step="2"/><W8/><G124/><T61/><D1/><U63/><E116/><V132/><F132/><W15/><G117/><T32/><D134/><U81/><E135/><V43/><F43/><W108/><G0/><T119/><D119/><U33/><E33/><V98/><F98/><W55/><G35/><T21/><D32/><U93/><E63/><V28/><F28/><W49/><G2/><T76/><D61/><U31/><E31/><V72/><F72/><W48/><G48/><T50/><D60/><U39/><E39/><V17/><F17/><W65/><G19/><T79/><D50/><U103/><E110/><V9/><F9/><W120/><G108/><T86/><D10/><U107/><E74/><V47/><F47/><W11/><G120/><T14/><D45/><U13/><E13/><AGARI ba="0,1" hai="13,18,22,38,41,44,57,58,85,90,94,95,99,100" machi="13" ten="30,5800,0" yaku="1,1,7,1,53,1" doraHai="51" doraHaiUra="70" who="2" fromWho="1" sc="240,0,90,-58,240,68,420,0" /><INIT seed="2,1,0,1,2,3" ten="240,32,308,420" oya="2" hai0="112,21,55,23,0,75,13,24,89,5,98,91,81" hai1="88,32,31,27,129,14,113,106,127,130,62,48,116" hai2="9,44,110,119,19,122,34,71,86,115,57,78,52" hai3="82,42,83,45,73,43,18,63,37,17,87,80,104"/><V126/><F115/><W56/><G104/><T99/><D112/><U26/><E113/><V102/><F119/><W22/><G73/><T53/><D0/><U12/><E106/><V114/><F71/><W50/><G37/><T74/><D13/><U95/><E62/><V16/><F34/><W84/><G43/><T15/><D15/><U96/><E116/><V121/><F114/><W36/><G36/><T4/><REACH who="0" step="1"/><D81/><REACH who="0" ten="230,32,308,420" step="2"/><U108/><E108/><V51/><F110/><W59/><G82/><T105/><D105/><U40/><E127/><V135/><F126/><W123/><G83/><T68/><D68/><U101/><E101/><V38/><F122/><W93/><G80/><T69/><D69/><U79/><E79/><V1/><F78/><W103/><G123/><T64/><D64/><U2/><E2/><V120/><F1/><W90/><G103/><T100/><D100/><U117/><E117/><V65/><F120/><W33/><G93/><T41/><D41/><U92/><E92/><V11/><F121/><W54/><G42/><T8/><D8/><U46/><REACH who="1" step="1"/><E26/><AGARI ba="1,1" hai="4,5,21,23,24,26,53,55,74,75,89,91,98,99" machi="26" ten="25,8000,1" yaku="1,1,22,2,52,2,53,0" doraHai="3" doraHaiUra="6" who="0" fromWho="1" sc="230,93,32,-83,308,0,420,0" owari="323,12.3,-51,-55.1,308,-9.2,420,52.0" /></mjloggm>