<mjloggm ver="2.3"><GO type="225" lobby="0"/><UN n0="%EF%BC%AE%EF%BC%A1%EF%BC%AF%33%33%39" n1="%E3%83%96%E3%83%83%E3%83%91%E3%82%AA%E3%83%96%E3%83%81%E3%82%AD%E3%83%B3" n2="%6C%65%74%69%74%62%65" n3="%E3%82%B9%E3%83%BC%E3%83%91%E3%83%BC%E3%81%BE%E3%81%BB%E3%81%A3%E3%81%A1" dan="16,16,16,16" rate="2123.44,2046.12,2114.32,2100.95" sx="M,M,M,F"/><TAIKYOKU oya="0"/><INIT seed="0,0,0,1,3,55" ten="250,250,250,250" oya="0" hai0="62,129,42,12,131,107,93,133,87,118,66,91,53" hai1="33,25,74,8,38,80,67,119,11,128,106,110,18" hai2="81,123,17,45,31,89,51,78,88,58,105,75,43" hai3="134,10,85,79,32,127,49,64,71,115,2,52,130"/><T27/><D118/><U113/><E119/><V73/><F123/><W47/><G115/><T117/><D117/><U69/><E106/><V90/><F105/><W19/><G32/><T76/><D107/><U7/><E38/><V60/><F31/><W3/><G130/><N who="0" m="49675" /><D42/><U114/><E128/><V35/><F35/><W14/><G134/><T28/><D53/><U56/><E110/><V54/><REACH who="2" step="1"/><F17/><REACH who="2" ten="250,250,240,250" step="2"/><W61/><REACH who="3" step="1"/><G127/><REACH who="3" ten="250,250,240,240" step="2"/><T50/><D133/><U57/><E33/><V23/><F23/><W36/><G36/><T72/><D28/><U13/><E114/><V41/><F41/><W126/><G126/><T68/><D72/><AGARI ba="0,2" hai="43,45,51,54,58,60,72,73,75,78,81,88,89,90" machi="72" ten="40,5200,0" yaku="1,1,52,1,54,1,53,0" doraHai="55" doraHaiUra="92" who="2" fromWho="0" sc="250,-52,250,0,240,72,240,0" /><INIT seed="1,0,0,3,3,26" ten="198,250,312,240" oya="1" hai0="103,118,60,11,115,76,9,113,40,94,83,77,80" hai1="124,54,3,100,5,50,133,32,45,63,88,82,108" hai2="110,126,16,95,4,47,57,125,129,41,17,31,13" hai3="51,135,62,42,134,75,86,69,65,87,30,8,22"/><U85/><E124/><N who="2" m="47723" /><F110/><W15/><G75/><T91/><D40/><U109/><E133/><N who="3" m="50698" /><G51/><T74/><D118/><U70/><E100/><V35/><F57/><W52/><G42/><T99/><D60/><U34/><E3/><V33/><F95/><W55/><G87/><T58/><D58/><U78/><E5/><V120/><F120/><W68/><G86/><T93/><D11/><U72/><E63/><V37/><F129/><W46/><G46/><T20/><D20/><U43/><E70/><V111/><F111/><N who="1" m="42569" /><E43/><V48/><F37/><W119/><G119/><T98/><D9/><U73/><E73/><AGARI ba="0,0" hai="73,74,76,77,80,83,91,93,94,98,99,103,113,115" machi="73" ten="30,8000,1" yaku="7,1,9,1,34,3" doraHai="26" who="0" fromWho="1" sc="198,80,250,-80,312,0,240,0" /><INIT seed="2,0,0,5,5,11" ten="278,170,312,240" oya="2" hai0="135,74,72,1,80,22,126,18,43,58,90,29,0" hai1="42,63,127,131,102,100,23,67,117,16,5,8,41" hai2="98,33,59,3,121,27,129,115,112,49,70,15,120" hai3="76,12,45,132,106,37,92,91,73,44,118,124,52"/><V99/><F70/><W119/><G106/><T21/><D43/><U103/><E117/><V125/><F3/><W40/><G124/><T130/><D58/><U35/><E35/><V75/><F75/><W56/><G45/><T25/><D126/><U68/><E131/><V62/><F49/><W104/><G104/><T65/><D65/><U123/><E123/><V114/><F125/><W122/><G122/><T69/><D69/><U94/><E94/><V89/><F129/><W30/><G30/><T133/><D130/><U4/><E127/><V24/><F33/><W46/><G46/><T2/><D90/><U128/><E128/><V87/><F120/><W134/><G12/><T31/><D80/><U85/><E85/><V81/><F15/><W7/><G7/><T101/><D101/><U113/><E113/><V10/><F10/><W34/><G34/><T28/><REACH who="0" step="1"/><D21/><REACH who="0" ten="268,170,312,240" step="2"/><U9/><E42/><V97/><F121/><W38/><G40/><T66/><D66/><U55/><E41/><V14/><F114/><W83/><G119/><T93/><D93/><U84/><E55/><V26/><F112/><W53/><G118/><T79/><D79/><U60/><E67/><N who="2" m="39391" /><F115/><W51/><G53/><T32/><D32/><U61/><E68/><V105/><F105/><W109/><G56/><T6/><D6/><U95/><E4/><V86/><F81/><W54/><G54/><T96/><D96/><U13/><REACH who="1" step="1"/><E5/><REACH who="1" ten="268,160,312,240" step="2"/><V88/><F99/><N who="3" m="57759" /><G38/><T50/><D50/><U82/><E82/><N who="2" m="49239" /><F98/><W108/><G37/><T116/><D116/><U71/><E71/><V64/><F64/><RYUUKYOKU ba="0,2" sc="268,10,160,10,312,-30,240,10" hai0="0,1,2,18,22,25,28,29,31,72,74,133,135" hai1="8,9,13,16,23,60,61,63,84,95,100,102,103" hai3="44,51,52,73,76,83,108,109,132,134" /><INIT seed="3,1,2,5,2,95" ten="278,170,282,250" oya="3" hai0="2,37,135,58,102,119,15,128,53,105,127,99,56" hai1="54,82,115,51,111,76,133,32,33,38,108,67,62" hai2="97,44,8,124,18,61,92,75,101,46,29,71,16" hai3="104,113,63,24,68,89,40,110,5,39,9,70,48"/><W34/><G104/><T109/><D2/><U107/><E115/><V57/><F75/><W50/><G113/><T1/><D1/><U52/><E38/><V12/><F71/><W85/><G39/><T26/><D37/><U27/><E133/><V41/><F124/><W42/><G70/><T36/><D36/><U93/><E107/><V96/><F29/><W66/><G34/><T14/><D119/><U30/><E33/><V103/><F18/><W23/><G42/><T25/><D135/><U59/><E93/><N who="2" m="58511" /><F41/><W126/><G126/><T31/><D127/><U19/><E19/><V129/><F129/><W78/><G78/><T100/><D128/><U106/><E106/><V114/><F114/><W79/><G79/><T83/><D83/><U64/><E54/><AGARI ba="1,2" hai="8,12,16,44,46,54,57,61,92,97,103" m="58511" machi="54" ten="30,7700,0" yaku="8,1,52,2,54,1" doraHai="95" who="2" fromWho="1" sc="278,0,170,-80,282,100,250,0" owari="278,7.8,90,-41.0,382,48.2,250,-15.0" /></mjloggm>