<mjloggm ver="2.3"><GO type="225" lobby="0"/><UN n0="%2D%E8%B1%8A%E5%8F%A3%E3%82%81%E3%81%90%E3%81%BF%2D" n1="%E9%BB%99%E8%81%B4%E3%81%AE%E3%81%99%E3%82%9D%E3%82%81" n2="%E5%A4%8F%E9%88%B4%E9%88%B4%E5%A4%8F" n3="%E3%81%A4%E3%81%A3%E3%81%B1%E3%82%8A%E3%83%9D%E3%83%BC%E3%83%AB" dan="17,16,16,17" rate="2176.02,2117.76,2073.63,2136.31" sx="F,M,F,M"/><TAIKYOKU oya="0"/><INIT seed="0,0,0,5,5,103" ten="250,250,250,250" oya="0" hai0="0,110,40,130,132,122,59,115,70,127,86,39,17" hai1="52,114,20,36,71,84,31,3,85,48,18,49,63" hai2="111,44,99,35,107,123,42,45,46,68,6,55,9" hai3="34,126,100,128,108,134,106,118,95,33,62,102,51"/><T53/><RYUUKYOKU type="yao9" ba="0,0" sc="250,0,250,0,250,0,250,0" hai0="0,17,39,40,53,59,70,86,110,115,122,127,130,132" /><INIT seed="0,1,0,2,2,97" ten="250,250,250,250" oya="0" hai0="91,77,57,26,55,70,32,135,5,73,102,37,63" hai1="38,54,2,17,76,96,20,6,50,90,40,30,124" hai2="65,111,132,119,109,103,106,86,115,27,83,10,71" hai3="95,41,23,45,81,98,126,94,19,110,0,79,7"/><T117/><D117/><U56/><E124/><V99/><F115/><W122/><G126/><T121/><D121/><U107/><E76/><V105/><F119/><W28/><G122/><T34/><D37/><U114/><E114/><V127/><F127/><W101/><G110/><N who="2" m="41993" /><F132/><W29/><G94/><T75/><D135/><U116/><E116/><V123/><F123/><W128/><G128/><T33/><D5/><U39/><E30/><V78/><F10/><W89/><G89/><T72/><D91/><U129/><E129/><V134/><F134/><W4/><G4/><T104/><D77/><U1/><E40/><V13/><F13/><W131/><G131/><T85/><D85/><U93/><E107/><N who="2" m="63999" /><F27/><W35/><G7/><T74/><N who="0" m="18432" /><DORA hai="49" /><T59/><D70/><U88/><E90/><V61/><AGARI ba="1,0" hai="61,65,71,78,83,86,105,106" m="63999,41993" machi="61" ten="30,2000,0" yaku="14,1,52,1" doraHai="97,49" who="2" fromWho="2" sc="250,-11,250,-6,250,23,250,-6" /><INIT seed="1,0,0,1,2,42" ten="239,244,273,244" oya="1" hai0="30,116,74,82,56,16,83,31,34,29,134,110,53" hai1="12,15,79,101,10,114,54,115,124,36,44,59,121" hai2="84,94,86,119,5,128,26,76,40,78,106,75,64" hai3="105,51,81,4,65,71,18,111,61,50,1,70,33"/><U47/><E121/><V125/><F119/><W120/><G120/><T129/><D116/><U58/><E36/><V109/><F106/><W57/><G111/><T46/><D110/><U63/><E124/><V68/><F109/><W21/><G33/><T22/><D129/><U60/><E79/><V43/><F125/><W77/><G105/><T117/><D117/><U103/><E10/><V62/><F128/><W102/><G102/><T28/><D134/><U100/><E100/><V98/><F5/><W127/><G127/><T93/><D34/><U67/><REACH who="1" step="1"/><E54/><REACH who="1" ten="239,234,273,244" step="2"/><V48/><F78/><W135/><G135/><T85/><D74/><U17/><E17/><V11/><F76/><W132/><G132/><T118/><D118/><U2/><E2/><V113/><F11/><W133/><G133/><T66/><D31/><U55/><E55/><V9/><F75/><W6/><G1/><T8/><D8/><U39/><E39/><V72/><F9/><W20/><G4/><T92/><D30/><U95/><E95/><V24/><F94/><W87/><G6/><T38/><D29/><U88/><E88/><V99/><F72/><W104/><G104/><T89/><D28/><U25/><E25/><V49/><F24/><W91/><G77/><T108/><D108/><U122/><E122/><V7/><F26/><N who="3" m="14615" /><G21/><T52/><D93/><U80/><E80/><V96/><F7/><W35/><G35/><T107/><D107/><U45/><E45/><N who="2" m="25639" /><F113/><W73/><G73/><T23/><D38/><U37/><E37/><V13/><F13/><W112/><G112/><T41/><D22/><RYUUKYOKU ba="0,1" sc="239,-30,234,10,273,10,244,10" hai1="12,15,44,47,58,59,60,63,67,101,103,114,115" hai2="43,49,62,64,68,84,86,96,98,99" hai3="50,51,57,61,65,70,71,81,87,91" /><INIT seed="1,1,1,1,1,40" ten="209,244,283,254" oya="1" hai0="67,21,123,0,18,70,20,90,74,45,116,99,114" hai1="125,78,119,8,73,28,39,63,11,31,108,102,4" hai2="64,132,48,50,127,9,46,131,118,15,53,61,133" hai3="110,1,84,36,130,17,71,79,42,27,66,95,96"/><U87/><E119/><V16/><F118/><W5/><G110/><T94/><D114/><U135/><E73/><V37/><F127/><W60/><G130/><T86/><D116/><U91/><E78/><V35/><F131/><W103/><G5/><T3/><D74/><U104/><E39/><V57/><F35/><W85/><G1/><T82/><D123/><U38/><E38/><V81/><F37/><W55/><G79/><T7/><D7/><U51/><E135/><V75/><F75/><W122/><G122/><T124/><D124/><U121/><E121/><V49/><F81/><W113/><G113/><T29/><D67/><U19/><E125/><V111/><F111/><W24/><G55/><T88/><D70/><U89/><E104/><V76/><F76/><W22/><REACH who="3" step="1"/><G24/><REACH who="3" ten="209,244,283,244" step="2"/><T62/><D3/><U26/><E108/><V68/><REACH who="2" step="1"/><F50/><REACH who="2" ten="209,244,273,244" step="2"/><W2/><G2/><T134/><D0/><U43/><E51/><V54/><AGARI ba="1,3" hai="9,15,16,46,48,49,53,54,57,61,64,68,132,133" machi="54" ten="30,8000,1" yaku="1,1,2,1,0,1,52,1,54,1,53,0" doraHai="40" doraHaiUra="117" who="2" fromWho="2" sc="209,-21,244,-41,273,113,244,-21" /><INIT seed="2,0,0,4,1,11" ten="188,203,386,223" oya="2" hai0="69,68,99,4,119,59,27,121,81,107,43,19,40" hai1="89,7,23,34,118,1,36,131,92,37,57,75,38" hai2="102,21,51,58,114,52,73,116,76,30,39,67,91" hai3="48,120,18,46,24,86,31,97,28,104,105,6,8"/><V74/><F116/><W35/><G120/><T93/><D121/><U90/><E118/><V88/><F114/><W122/><G122/><T22/><D107/><U54/><E34/><V79/><F39/><W113/><G113/><T84/><D119/><U109/><E75/><V55/><F74/><W63/><G28/><T53/><D4/><U13/><E109/><V133/><F102/><W106/><G86/><T14/><D69/><U72/><E72/><V101/><F101/><W108/><G108/><T41/><D68/><U124/><E131/><V134/><F73/><W56/><G18/><T2/><D2/><U126/><E1/><V135/><F67/><W25/><G25/><T44/><D44/><U111/><E111/><V65/><F65/><W33/><G33/><T49/><D27/><U47/><E47/><N who="2" m="27775" /><F21/><W100/><G56/><T98/><REACH who="0" step="1"/><D93/><REACH who="0" ten="178,203,386,223" step="2"/><U129/><E129/><V3/><F3/><W0/><G63/><T112/><D112/><U103/><E7/><V61/><F30/><W60/><G60/><T80/><D80/><U62/><E92/><V45/><F45/><W96/><G46/><T95/><D95/><U70/><E70/><V83/><F83/><W94/><G48/><T9/><D9/><U125/><REACH who="1" step="1"/><E103/><AGARI ba="0,1" hai="0,6,8,24,31,35,94,96,97,100,103,104,105,106" machi="103" ten="30,1000,0" yaku="7,1" doraHai="11" who="3" fromWho="1" sc="178,0,203,-10,386,0,223,20" /><INIT seed="3,0,0,5,1,0" ten="178,193,386,243" oya="3" hai0="20,128,22,127,43,103,62,5,50,19,26,38,51" hai1="35,88,53,120,16,12,92,135,49,8,3,94,64" hai2="68,79,117,47,90,85,82,114,91,113,119,27,61" hai3="108,126,39,9,96,42,106,60,55,112,124,11,107"/><W4/><G112/><T66/><D127/><U59/><E120/><V73/><F47/><N who="3" m="24031" /><G11/><T10/><D128/><U46/><E135/><V115/><F27/><W123/><G123/><T100/><D38/><U134/><E134/><V54/><F68/><W40/><G40/><T75/><D75/><U31/><E3/><V121/><F54/><W110/><G55/><T14/><D22/><U45/><E35/><V93/><F61/><W24/><G24/><T131/><D131/><U133/><E133/><V56/><F56/><W18/><G18/><T29/><D19/><U87/><E31/><V33/><F33/><W17/><G17/><T118/><D118/><N who="2" m="45066" /><F121/><W77/><G77/><T58/><D51/><U6/><E16/><V80/><F115/><W95/><G60/><T105/><D105/><N who="3" m="39945" /><G95/><N who="1" m="36394" /><E64/><V98/><AGARI ba="0,0" hai="73,79,80,82,85,90,91,93,98,113,114" m="45066" machi="98" ten="30,2000,0" yaku="34,2" doraHai="0" who="2" fromWho="2" sc="178,-5,193,-5,386,20,243,-10" owari="173,-32.7,188,-21.2,406,50.6,233,3.3" /></mjloggm>