<mjloggm ver="2.3"><GO type="225" lobby="0"/><UN n0="%E3%82%A4%E3%83%BC%E3%82%B1%E3%83%97%E3%83%A9" n1="%6B%69%72%61%64%6F%6B%69" n2="%E3%81%BF%E3%81%BF%E3%81%9A" n3="%E7%89%B9%E6%9D%B1%E5%96%B0%E8%B5%A4%E9%80%9F" dan="16,16,17,16" rate="2150.82,2179.07,2193.61,2044.02" sx="M,M,M,M"/><TAIKYOKU oya="0"/><INIT seed="0,0,0,4,1,62" ten="250,250,250,250" oya="0" hai0="8,70,132,35,45,120,106,130,101,84,75,102,118" hai1="71,81,51,57,68,22,25,11,52,0,23,91,80" hai2="3,99,15,44,18,85,105,30,13,116,47,29,135" hai3="78,128,129,115,37,49,33,114,90,72,12,4,66"/><T127/><RYUUKYOKU type="yao9" ba="0,0" sc="250,0,250,0,250,0,250,0" hai0="8,35,45,70,75,84,101,102,106,118,120,127,130,132" /><INIT seed="0,1,0,5,0,25" ten="250,250,250,250" oya="0" hai0="60,8,27,118,88,110,3,34,134,117,98,51,32" hai1="17,102,75,19,55,76,129,115,54,101,70,39,57" hai2="10,85,16,33,48,20,22,82,94,72,83,109,4" hai3="74,133,100,130,127,116,119,106,81,71,45,59,125"/><T61/><D134/><U56/><E70/><V69/><F33/><W0/><G71/><T91/><D110/><U49/><E39/><V104/><F104/><W47/><G0/><T66/><D51/><U28/><E129/><V128/><F69/><W114/><G114/><T105/><D61/><U103/><E115/><V111/><F128/><W36/><G130/><T24/><D24/><U108/><E108/><N who="2" m="41547" /><F48/><W92/><G59/><T42/><D42/><U132/><E132/><V9/><F22/><W13/><G13/><T120/><D120/><U1/><E1/><N who="2" m="143" /><F10/><W68/><G106/><T131/><D131/><U63/><E75/><V41/><F41/><W58/><G68/><T26/><D26/><U99/><E76/><V95/><F72/><W21/><G21/><T2/><D34/><U65/><E65/><V79/><F83/><W31/><G81/><T84/><D2/><U89/><E28/><V6/><F6/><W35/><G74/><T121/><D121/><U122/><E122/><V77/><F79/><W46/><G36/><T113/><D113/><U18/><REACH who="1" step="1"/><E89/><REACH who="1" ten="250,240,250,250" step="2"/><V30/><F30/><W93/><G133/><T53/><D91/><U97/><AGARI ba="1,1" hai="17,18,19,49,54,55,56,57,63,97,99,101,102,103" machi="97" ten="40,12000,2" yaku="1,1,2,1,0,1,8,1,53,3" doraHai="25" doraHaiUra="14" who="1" fromWho="1" sc="250,-61,240,133,250,-31,250,-31" /><INIT seed="1,0,0,3,3,19" ten="189,373,219,219" oya="1" hai0="88,15,1,115,84,122,100,44,124,68,41,29,60" hai1="66,16,38,79,45,109,73,34,121,104,61,67,65" hai2="94,11,72,32,78,59,35,46,132,58,75,101,48" hai3="108,64,57,110,6,86,52,87,23,42,13,53,0"/><U102/><E121/><V113/><F11/><N who="3" m="4343" /><G0/><T81/><D1/><U120/><E120/><V8/><F8/><W93/><G42/><T131/><D115/><U74/><E34/><V70/><F70/><W116/><G116/><T105/><D122/><U129/><E129/><V103/><F132/><W25/><G93/><T117/><D117/><U47/><E109/><N who="3" m="42090" /><G64/><T51/><D131/><U28/><E28/><V50/><F94/><W97/><G97/><T55/><D124/><U5/><E38/><V17/><F17/><N who="3" m="12527" /><G53/><T135/><D135/><U39/><E65/><V30/><F113/><W99/><G99/><T71/><D29/><U98/><E66/><V49/><F30/><W43/><G43/><T106/><D15/><U118/><E118/><V107/><F107/><W80/><G80/><T125/><D125/><U123/><E123/><V92/><F92/><W31/><G31/><T127/><D127/><U27/><E98/><V56/><F78/><W40/><G40/><T69/><REACH who="0" step="1"/><D100/><REACH who="0" ten="179,373,219,219" step="2"/><N who="2" m="38474" /><F46/><W63/><AGARI ba="0,1" hai="52,57,63,86,87" m="12527,42090,4343" machi="63" ten="30,4000,0" yaku="14,1,52,1,54,1" doraHai="19" who="3" fromWho="3" sc="179,-10,373,-20,219,-10,219,50" /><INIT seed="2,0,0,1,0,53" ten="169,353,209,269" oya="2" hai0="69,86,120,31,85,122,96,14,52,6,107,81,91" hai1="83,125,39,73,76,21,17,62,43,37,33,61,87" hai2="3,7,24,57,124,56,101,38,34,13,94,121,109" hai3="67,116,114,9,82,4,22,111,11,42,0,112,44"/><V46/><F121/><W99/><G116/><T97/><D69/><U89/><E125/><V28/><F3/><W58/><G111/><T127/><D127/><U84/><E33/><V132/><F124/><W51/><G22/><T134/><D134/><U18/><E73/><V45/><F132/><W131/><G131/><T32/><D32/><U75/><E75/><V105/><F105/><W71/><G71/><T133/><D133/><U88/><E43/><V15/><F109/><W2/><G82/><T115/><D115/><U103/><E103/><V113/><F113/><N who="3" m="43627" /><G99/><T100/><D31/><U26/><E17/><V48/><F38/><W40/><G42/><T63/><D97/><U1/><E1/><V27/><F46/><W117/><G117/><T50/><D63/><U123/><E123/><V118/><F118/><W95/><G95/><T72/><D72/><U47/><E47/><V74/><F74/><W49/><G67/><T90/><D14/><N who="2" m="5130" /><F34/><W68/><G68/><T126/><D6/><U30/><E76/><V108/><F7/><N who="3" m="1255" /><G58/><N who="2" m="22633" /><F108/><W29/><G44/><T8/><D126/><U66/><E37/><V55/><F28/><W110/><G110/><T77/><D8/><U19/><E39/><V16/><F16/><N who="1" m="6185" /><E66/><V80/><F80/><AGARI ba="0,0" hai="21,26,30,61,62,80,83,84,87,88,89" m="6185" machi="80" ten="30,3900,0" yaku="8,1,54,2" doraHai="53" who="1" fromWho="2" sc="169,0,353,39,209,-39,269,0" /><INIT seed="3,0,0,0,0,26" ten="169,392,170,269" oya="3" hai0="128,39,43,46,134,95,34,35,64,32,83,121,42" hai1="37,16,55,25,92,17,87,21,59,56,38,10,13" hai2="22,47,115,112,62,51,111,14,131,82,23,36,129" hai3="113,63,61,65,125,40,116,107,44,79,54,72,103"/><W97/><G116/><T101/><D121/><U58/><E38/><V2/><F2/><W108/><G113/><N who="2" m="43593" /><F36/><W49/><G108/><T132/><D128/><N who="2" m="49226" /><F111/><W67/><G125/><T110/><D110/><U4/><E37/><V33/><F33/><W73/><G79/><T120/><D120/><U117/><E117/><V69/><F14/><W118/><G40/><N who="0" m="22815" /><D64/><U0/><E92/><V18/><F82/><W130/><G118/><T126/><D126/><U76/><E87/><V29/><F29/><W75/><G130/><T52/><D83/><U53/><E76/><V31/><F31/><W41/><G41/><T12/><D12/><U74/><E74/><V133/><F18/><W71/><REACH who="3" step="1"/><G75/><REACH who="3" ten="169,392,170,259" step="2"/><T100/><D43/><U109/><E109/><V28/><F28/><W8/><G8/><T27/><D42/><U11/><AGARI ba="0,1" hai="0,4,10,11,13,16,17,21,25,53,55,56,58,59" machi="11" ten="30,2000,0" yaku="0,1,54,1" doraHai="26" who="1" fromWho="1" sc="169,-5,392,30,170,-5,259,-10" owari="164,-33.6,422,52.2,165,-23.5,249,4.9" /></mjloggm>