<mjloggm ver="2.3"><GO type="225" lobby="0"/><UN n0="%E6%A0%B9%E5%85%83%E3%81%8B%E3%82%89%E5%90%B9%E3%81%A3%E9%A3%9B%E3%81%B6" n1="%33%74%72%65%65" n2="%66%67%67%68%68%64%66" n3="%E3%83%B4%E3%82%A3%E3%83%AF%E3%82%B3%E3%82%B0%E3%83%8B" dan="16,17,16,17" rate="2122.68,2152.47,2071.82,2241.71" sx="F,F,M,M"/><TAIKYOKU oya="0"/><INIT seed="0,0,0,2,3,32" ten="250,250,250,250" oya="0" hai0="73,43,50,53,135,45,111,93,9,129,109,91,25" hai1="127,106,125,52,17,1,69,89,0,20,92,15,114" hai2="67,31,23,56,131,78,55,35,37,2,104,3,62" hai3="102,97,98,54,87,40,88,86,36,72,77,48,19"/><T71/><D73/><U130/><E130/><V103/><F37/><W85/><G36/><T79/><D129/><U63/><E114/><V26/><F131/><W51/><G72/><T128/><D128/><U4/><E106/><V66/><F78/><W110/><G110/><N who="0" m="41995" /><D135/><U133/><E133/><V76/><F76/><W18/><G77/><T49/><D71/><U105/><E105/><V134/><F134/><W119/><G119/><T96/><D79/><U8/><E0/><V83/><F83/><W120/><G120/><T126/><D126/><U12/><E12/><V99/><REACH who="2" step="1"/><F35/><REACH who="2" ten="250,250,240,250" step="2"/><W46/><G102/><N who="0" m="60687" /><D9/><U116/><E116/><V118/><F118/><W124/><G124/><T101/><D101/><U30/><E127/><V14/><F14/><W58/><G88/><T39/><D91/><U132/><E125/><V122/><F122/><W11/><G11/><T64/><D64/><AGARI ba="0,1" hai="2,3,23,26,31,55,56,62,64,66,67,99,103,104" machi="64" ten="40,5200,0" yaku="1,1,52,2,53,0" doraHai="32" doraHaiUra="13" who="2" fromWho="0" sc="250,-52,250,0,240,62,250,0" /><INIT seed="1,0,0,3,5,135" ten="198,250,302,250" oya="1" hai0="55,27,14,103,18,8,124,94,62,64,5,6,79" hai1="134,111,70,89,96,60,19,24,123,37,77,128,1" hai2="84,52,76,106,131,40,54,13,99,72,17,102,46" hai3="7,10,0,56,93,61,108,83,127,51,47,59,118"/><U50/><E123/><V74/><F131/><W30/><G108/><T67/><D79/><U32/><E37/><V68/><F68/><W125/><G118/><T82/><D82/><U132/><E1/><V85/><F85/><W115/><G115/><T87/><D27/><U57/><E77/><V33/><F33/><W109/><G109/><T38/><D38/><U39/><E39/><V3/><F3/><W121/><G121/><T20/><D124/><N who="3" m="47689" /><G30/><T66/><D87/><U129/><E111/><V63/><F84/><W130/><G130/><T41/><D41/><U114/><E114/><V48/><F76/><W78/><G61/><T81/><D81/><U36/><E60/><V45/><F63/><W12/><G93/><T4/><D94/><U95/><E95/><V25/><F25/><W28/><G28/><T120/><D120/><U69/><E24/><V16/><F72/><N who="3" m="43463" /><G0/><T97/><D97/><U107/><E96/><V100/><F99/><W105/><G105/><T49/><D103/><U86/><E107/><V53/><F106/><W34/><G34/><T35/><D35/><U101/><E32/><V44/><F74/><W119/><G119/><T98/><D98/><U58/><E101/><N who="2" m="39019" /><F17/><W43/><AGARI ba="0,0" hai="7,10,12,43,47,51,56,59" m="43463,47689" machi="43" ten="30,7900,0" yaku="18,1,52,3" doraHai="135" who="3" fromWho="3" sc="198,-20,250,-39,302,-20,250,79" /><INIT seed="2,0,0,2,3,36" ten="178,211,282,329" oya="2" hai0="27,17,79,120,113,59,110,47,109,7,91,26,50" hai1="71,66,115,49,106,123,88,38,52,11,132,124,83" hai2="80,69,5,8,131,53,28,118,95,30,130,56,42" hai3="127,119,116,60,112,9,100,134,4,114,0,67,121"/><V3/><F118/><W73/><G121/><T18/><D120/><U93/><E123/><V29/><F69/><W37/><G127/><T97/><D113/><N who="3" m="43625" /><G134/><T104/><D79/><U6/><E115/><V23/><F23/><W102/><G37/><T86/><D7/><U107/><E38/><V133/><F133/><W90/><G73/><T45/><D59/><U108/><E83/><V76/><F95/><W84/><G102/><T78/><D78/><U111/><E132/><V105/><F105/><W65/><G100/><T12/><D97/><N who="1" m="57511" /><E66/><N who="3" m="25098" /><G60/><T15/><D104/><U48/><E48/><V96/><F96/><W89/><G89/><T99/><D99/><U85/><E71/><V43/><F131/><W19/><G19/><T39/><D39/><U13/><E85/><V82/><F130/><W77/><G77/><T46/><D50/><U33/><E124/><V22/><F82/><AGARI ba="0,0" hai="0,4,9,82,84,90,116,119" m="25098,43625" machi="82" ten="30,1000,0" yaku="11,1" doraHai="36" who="3" fromWho="2" sc="178,0,211,0,282,-10,329,10" /><INIT seed="3,0,0,2,1,17" ten="178,211,272,339" oya="3" hai0="73,127,12,69,3,74,115,9,119,106,11,30,0" hai1="54,50,95,14,4,104,134,10,114,40,117,76,46" hai2="128,16,51,56,98,35,49,19,68,103,44,52,48" hai3="91,78,55,94,39,27,45,77,121,102,89,108,96"/><W7/><G121/><T83/><D119/><U22/><E114/><V20/><F35/><W66/><G66/><T72/><D12/><U129/><E104/><V97/><F68/><W6/><G108/><T130/><D83/><U81/><E117/><V21/><F128/><W84/><G27/><T79/><D79/><N who="3" m="30217" /><G39/><T43/><D43/><U105/><E105/><V53/><F49/><N who="3" m="29103" /><G102/><T1/><D130/><U59/><E129/><V75/><F75/><W65/><G65/><T63/><D106/><U82/><E134/><V47/><F56/><W131/><G131/><T41/><D41/><U71/><E71/><V92/><F92/><AGARI ba="0,0" hai="6,7,84,89,91,92,94,96" m="29103,30217" machi="92" ten="30,1500,0" yaku="8,1" doraHai="17" who="3" fromWho="2" sc="178,0,211,0,272,-15,339,15" owari="178,-32.2,211,-18.9,257,5.7,354,45.4" /></mjloggm>