<mjloggm ver="2.3"><GO type="225" lobby="0"/><UN n0="%E5%A4%8F%E9%88%B4%E9%88%B4%E5%A4%8F" n1="%6C%65%74%69%74%62%65" n2="%E9%BB%99%E8%81%B4%E3%81%AE%E3%81%99%E3%82%9D%E3%82%81" n3="%E3%83%81%E3%83%83%E3%82%BF%E3%82%BD%E3%83%BC" dan="16,16,16,16" rate="2159.37,2103.44,2158.60,2120.33" sx="F,M,M,F"/><TAIKYOKU oya="0"/><INIT seed="0,0,0,4,3,28" ten="250,250,250,250" oya="0" hai0="106,128,74,95,135,49,2,16,123,124,20,31,25" hai1="96,112,63,69,76,37,117,29,81,90,73,19,36" hai2="47,1,52,104,134,127,99,110,40,89,121,9,38" hai3="58,84,78,131,85,102,32,132,22,71,8,77,4"/><T27/><D123/><U48/><E117/><V105/><F121/><W3/><G71/><T18/><D106/><U24/><E112/><V50/><F110/><W82/><G131/><T11/><D74/><U126/><E19/><V15/><F1/><W0/><G132/><T103/><D135/><U26/><E26/><V10/><F127/><W116/><G116/><T92/><D124/><U66/><E126/><V91/><F9/><W13/><G32/><T113/><D113/><U17/><E17/><V12/><F12/><W72/><G102/><T94/><D128/><U59/><E90/><V75/><F75/><W44/><G77/><T107/><D49/><U114/><E96/><V61/><F61/><W33/><G33/><T70/><D70/><U54/><REACH who="1" step="1"/><E114/><REACH who="1" ten="250,240,250,250" step="2"/><V111/><F134/><W101/><G101/><T86/><D27/><U7/><E7/><V83/><F91/><W5/><G4/><T45/><D18/><U93/><E93/><V42/><F99/><W67/><G5/><N who="0" m="1463" /><D16/><U97/><E97/><V60/><F105/><W87/><G8/><T108/><D108/><U109/><E109/><V100/><F111/><W98/><G98/><T57/><D107/><U88/><E88/><V23/><F104/><W6/><G6/><T62/><D103/><U51/><E51/><V122/><F100/><W129/><G129/><T125/><D125/><U120/><E120/><V133/><F122/><W118/><G3/><T34/><D95/><U115/><E115/><V39/><F133/><W79/><G0/><T130/><D94/><U53/><E53/><V56/><F52/><RYUUKYOKU ba="0,1" sc="250,-10,240,30,250,-10,250,-10" hai1="24,29,36,37,48,54,59,63,66,69,73,76,81" /><INIT seed="1,1,1,3,5,119" ten="240,270,240,240" oya="1" hai0="17,71,110,29,91,59,33,26,35,89,118,10,117" hai1="21,95,121,60,62,7,126,96,20,15,88,108,54" hai2="86,106,52,74,83,8,133,55,107,18,44,82,28" hai3="111,43,84,79,19,78,5,11,70,57,105,97,115"/><U63/><E108/><V65/><F28/><W61/><G111/><T46/><D71/><U112/><E112/><V31/><F31/><W66/><G115/><T73/><D110/><U102/><E121/><V98/><F65/><W4/><G43/><T122/><D73/><U37/><E37/><V81/><F133/><W135/><G135/><T16/><D46/><U67/><E126/><V58/><F74/><W3/><G4/><T45/><D45/><U6/><E67/><V116/><F116/><N who="0" m="44650" /><D59/><U114/><E114/><V36/><F98/><W56/><G57/><T77/><D91/><U68/><E68/><V2/><F86/><W12/><G84/><T53/><D89/><U87/><E54/><V93/><F93/><W124/><G124/><T51/><D51/><U38/><E38/><V113/><F113/><W75/><G75/><T64/><D77/><U23/><REACH who="1" step="1"/><E15/><REACH who="1" ten="240,260,240,240" step="2"/><V13/><F2/><W41/><G70/><T30/><D53/><U125/><E125/><V94/><F55/><W69/><G69/><T25/><D64/><U50/><E50/><V104/><F36/><W128/><G41/><T72/><D72/><U24/><E24/><V131/><F52/><W109/><G109/><T129/><D122/><U90/><E90/><V32/><F13/><W130/><G78/><T42/><D42/><U47/><E47/><V34/><F44/><W134/><G79/><T132/><D132/><U40/><E40/><V49/><F49/><W99/><G134/><T120/><D120/><U22/><N who="1" m="5120" /><DORA hai="27" /><U92/><AGARI ba="1,2" hai="6,7,60,62,63,87,88,92,95,96,102" m="5120" machi="92" ten="50,18000,2" yaku="1,1,4,1,0,1,8,1,54,1,53,1" doraHai="119,27" doraHaiUra="14,85" who="1" fromWho="1" sc="240,-61,260,203,240,-61,240,-61" /><INIT seed="1,2,0,0,5,125" ten="179,463,179,179" oya="1" hai0="86,12,11,89,15,18,98,46,8,5,62,44,124" hai1="16,87,94,56,130,47,113,53,37,112,120,105,111" hai2="72,82,122,43,77,3,0,84,60,19,103,129,39" hai3="17,109,73,22,61,38,29,35,7,14,117,80,13"/><U32/><E120/><V126/><F122/><W115/><G115/><T88/><D124/><U133/><E105/><V108/><F126/><W64/><G38/><T51/><D62/><U55/><E32/><V69/><F108/><W100/><G109/><T90/><D98/><U67/><E111/><V24/><F103/><W23/><G117/><T97/><D97/><U119/><E119/><V114/><F114/><W45/><G100/><T81/><REACH who="0" step="1"/><D46/><REACH who="0" ten="169,463,179,179" step="2"/><U41/><E113/><V21/><F60/><W28/><G45/><T96/><D96/><U65/><E112/><V104/><F104/><W107/><G107/><T76/><D76/><U49/><E47/><V123/><F123/><W101/><G101/><T57/><D57/><U63/><E56/><V131/><F69/><W71/><G71/><T50/><D50/><U25/><E63/><V54/><F39/><W134/><G61/><T135/><D135/><U6/><E37/><V99/><F99/><W52/><G134/><T34/><D34/><U116/><E49/><V110/><F110/><W26/><G64/><T9/><D9/><U70/><E65/><V31/><F77/><W20/><G35/><T59/><D59/><U118/><E67/><V42/><F21/><W79/><G20/><T58/><D58/><U40/><E70/><V4/><F43/><AGARI ba="2,1" hai="5,8,11,12,15,18,43,44,51,81,86,88,89,90" machi="43" ten="30,7700,0" yaku="1,1,7,1,8,1,54,1,53,0" doraHai="125" doraHaiUra="106" who="0" fromWho="2" sc="169,93,463,0,179,-83,179,0" /><INIT seed="2,0,0,1,1,4" ten="262,463,96,179" oya="2" hai0="67,68,117,130,66,32,63,20,29,46,12,64,53" hai1="59,89,7,54,98,102,91,79,115,31,127,97,57" hai2="113,133,48,112,44,16,1,106,107,70,62,56,24" hai3="126,81,15,28,119,100,135,58,0,41,88,125,93"/><V25/><F1/><W94/><G0/><T74/><D32/><U38/><E115/><V10/><F70/><W80/><G135/><T23/><D74/><U124/><E38/><V85/><F133/><W51/><G119/><T5/><D130/><U76/><E31/><V77/><F107/><W65/><G28/><T52/><D117/><U14/><E7/><V101/><F101/><W55/><G65/><N who="0" m="25195" /><D68/><U72/><E14/><N who="2" m="7255" /><F106/><W2/><G2/><T73/><D73/><U86/><E57/><V110/><F113/><W128/><G128/><T50/><D29/><U109/><E109/><V60/><F110/><W103/><G41/><N who="0" m="24911" /><D67/><U120/><E72/><V123/><F123/><W18/><G125/><T9/><D63/><N who="2" m="24106" /><F56/><W71/><G126/><T36/><D36/><U108/><E120/><V84/><F112/><W27/><G71/><T114/><D114/><U43/><E108/><V132/><F132/><W121/><G121/><T87/><D87/><N who="2" m="33354" /><F77/><W99/><G103/><T13/><D13/><U45/><E76/><V82/><F82/><W69/><G69/><T104/><D104/><U35/><E79/><V134/><F134/><W78/><G78/><T131/><D131/><U122/><E122/><V118/><F118/><W6/><G81/><T75/><D75/><U129/><E129/><V34/><F34/><W47/><G80/><T42/><D12/><U39/><E35/><V22/><F22/><N who="3" m="13783" /><G100/><T26/><D20/><U30/><E124/><V40/><AGARI ba="0,0" hai="24,25,40,44,48" m="33354,24106,7255" machi="40" ten="30,6000,0" yaku="8,1,52,1,54,1" doraHai="4" who="2" fromWho="2" sc="262,-20,463,-20,96,60,179,-20" /><INIT seed="2,1,0,2,5,113" ten="242,443,156,159" oya="2" hai0="120,106,35,121,51,42,80,60,96,24,2,26,39" hai1="75,17,63,104,135,89,44,54,71,94,28,46,34" hai2="50,67,49,33,36,107,125,82,59,27,76,68,9" hai3="8,87,20,129,65,57,134,55,128,78,12,118,4"/><V69/><F36/><W0/><G134/><T85/><D51/><U14/><E75/><V64/><F107/><W92/><G65/><T86/><D86/><U47/><E104/><V119/><F9/><W133/><G133/><T62/><D62/><U16/><E135/><V111/><F33/><W38/><G38/><T114/><D114/><U117/><E117/><V127/><F27/><W74/><G118/><T5/><D24/><U43/><E34/><V40/><F82/><W108/><G108/><T19/><D85/><U130/><E28/><V45/><F76/><W32/><G32/><T79/><D60/><U31/><E31/><V13/><F13/><W58/><G74/><N who="0" m="43127" /><D19/><U10/><E17/><V53/><F119/><W61/><G57/><T6/><D6/><U18/><E18/><V41/><F111/><W97/><G20/><T23/><D23/><U84/><E130/><N who="3" m="50282" /><G87/><T102/><D35/><U98/><E84/><V112/><F112/><W115/><G115/><T77/><D77/><U1/><E71/><N who="2" m="27211" /><F40/><W37/><G78/><T66/><D66/><AGARI ba="1,0" hai="41,45,49,50,53,59,64,66,67,125,127" m="27211" machi="66" ten="30,2900,0" yaku="34,2" doraHai="113" who="2" fromWho="0" sc="242,-32,443,0,156,32,159,0" /><INIT seed="2,2,0,4,0,3" ten="210,443,188,159" oya="2" hai0="56,97,87,116,92,32,71,6,54,96,121,4,117" hai1="65,45,41,108,84,125,118,51,127,59,66,131,31" hai2="27,130,23,113,43,39,72,24,42,62,22,53,20" hai3="94,18,68,83,95,33,106,55,111,99,77,57,9"/><V8/><F113/><W11/><G111/><T79/><D121/><U1/><E118/><N who="0" m="45673" /><D71/><U60/><E108/><V73/><F130/><W75/><G68/><T105/><D32/><U124/><E1/><V112/><F112/><W61/><G33/><T81/><D105/><U19/><E131/><V90/><F39/><W88/><G106/><T47/><D47/><U107/><E107/><V50/><F62/><W63/><G63/><N who="0" m="36247" /><D97/><U14/><E31/><V25/><F8/><W29/><G29/><T93/><D93/><U13/><E84/><V103/><F103/><AGARI ba="2,0" hai="4,6,79,81,87,92,96,103" m="36247,45673" machi="103" ten="30,3900,0" yaku="12,1,52,2" doraHai="3" who="0" fromWho="2" sc="210,45,443,0,188,-45,159,0" /><INIT seed="3,0,0,0,0,120" ten="255,443,143,159" oya="3" hai0="66,3,14,19,101,109,100,43,46,38,103,45,125" hai1="4,47,124,127,32,24,29,79,55,78,17,75,22" hai2="131,99,132,92,113,91,102,72,111,6,130,83,96" hai3="44,20,48,1,116,115,67,121,61,57,82,52,85"/><W11/><G115/><T54/><D3/><U70/><E4/><V26/><F26/><W95/><G121/><T50/><D125/><N who="1" m="48203" /><E70/><V41/><F41/><W0/><G116/><T81/><D81/><U28/><E75/><V2/><F6/><W134/><G134/><T90/><D90/><U35/><E28/><V73/><F2/><W65/><G11/><T5/><D109/><U59/><E47/><V106/><F113/><W93/><G67/><T23/><D5/><U84/><E84/><N who="2" m="50591" /><F132/><W58/><G1/><T40/><D66/><U9/><E9/><V126/><F126/><W122/><G0/><T25/><D14/><N who="1" m="9527" /><E32/><V94/><F111/><W60/><G122/><T128/><D128/><N who="2" m="49194" /><F106/><W87/><G87/><T108/><D108/><U76/><E76/><V8/><F8/><W114/><G114/><T110/><D110/><U12/><E12/><V71/><F71/><W53/><G20/><T123/><D123/><U135/><E135/><V36/><F36/><W105/><G105/><T97/><REACH who="0" step="1"/><D43/><REACH who="0" ten="245,443,143,159" step="2"/><U117/><E117/><V30/><F30/><W49/><G61/><AGARI ba="0,1" hai="24,29,35,55,59,61,78,79" m="9527,48203" machi="61" ten="30,1000,0" yaku="18,1" doraHai="120" who="1" fromWho="3" sc="245,0,443,20,143,0,159,-10" owari="245,4.5,463,56.3,143,-35.7,149,-25.1" /></mjloggm>