<mjloggm ver="2.3"><GO type="225" lobby="0"/><UN n0="%E3%82%B3%E3%83%90%E3%83%AC%E3%82%A4" n1="%E3%83%B4%E3%83%A0%EF%BC%99%E3%81%A6" n2="%E3%81%8B%E3%82%8F%E3%81%A1%E3%82%83%E3%82%93%35%38" n3="%33%74%72%65%65" dan="16,17,16,16" rate="2155.72,2130.13,2147.80,2109.98" sx="M,M,M,F"/><TAIKYOKU oya="0"/><INIT seed="0,0,0,5,3,54" ten="250,250,250,250" oya="0" hai0="87,125,75,57,111,35,126,13,30,121,48,122,103" hai1="11,131,96,51,117,41,2,55,34,112,62,102,44" hai2="110,9,46,42,7,52,78,135,82,80,114,107,74" hai3="29,70,39,21,43,99,90,83,32,19,79,134,105"/><T37/><D75/><U61/><E117/><V20/><F110/><W66/><G134/><T47/><D103/><U88/><E34/><V127/><F127/><N who="0" m="48650" /><D30/><U119/><E119/><V5/><F114/><W60/><G29/><T81/><D35/><U118/><E118/><V85/><F135/><W73/><G32/><T18/><D37/><U49/><E131/><V64/><F107/><W89/><G39/><T26/><D26/><U22/><E112/><V4/><F64/><W50/><G105/><T24/><D24/><U68/><E22/><V6/><F20/><W28/><G28/><T27/><D27/><U120/><E120/><V129/><F129/><W17/><G99/><T84/><D111/><U38/><E49/><V77/><F52/><W106/><G106/><T23/><D87/><U133/><E102/><V56/><F56/><W45/><REACH who="3" step="1"/><G19/><REACH who="3" ten="250,250,250,240" step="2"/><T25/><D121/><U12/><E133/><V33/><F33/><W10/><G10/><T116/><D122/><U94/><E68/><V104/><F104/><W109/><G109/><T128/><D116/><U53/><E38/><V0/><F6/><W58/><G58/><T97/><D57/><U98/><E98/><V124/><F124/><W123/><G123/><T93/><D128/><U67/><E67/><V132/><F132/><W65/><G65/><T69/><D97/><U101/><E101/><V36/><AGARI ba="0,1" hai="0,4,5,7,9,36,42,46,74,77,78,80,82,85" machi="36" ten="20,5200,0" yaku="0,1,7,1,25,2" doraHai="54" who="2" fromWho="2" sc="250,-26,250,-13,250,62,240,-13" /><INIT seed="1,0,0,2,2,2" ten="224,237,312,227" oya="1" hai0="35,36,52,30,12,16,96,127,101,73,64,89,91" hai1="5,128,33,11,48,87,47,108,72,126,95,94,9" hai2="38,62,135,133,24,90,8,3,1,129,75,104,113" hai3="102,58,106,107,0,99,100,59,41,51,68,17,65"/><U88/><E72/><V132/><F129/><W42/><G0/><T60/><D73/><U25/><E128/><V110/><F110/><W82/><G82/><T7/><D36/><U22/><E33/><V131/><F104/><W78/><G78/><T83/><D127/><U19/><E108/><V86/><F38/><W28/><G28/><T49/><D30/><U23/><E126/><V45/><F1/><W124/><G124/><T44/><D35/><U109/><E109/><V122/><F113/><W43/><G17/><T79/><D79/><U130/><E130/><V120/><F3/><W116/><G116/><T71/><D83/><U103/><E23/><V14/><F75/><W18/><G18/><T70/><D71/><U118/><E5/><V76/><F122/><W46/><G68/><T115/><D7/><U57/><E57/><V31/><F120/><W34/><G34/><T4/><D4/><U98/><REACH who="1" step="1"/><E118/><REACH who="1" ten="224,227,312,227" step="2"/><V77/><F131/><W81/><G59/><T50/><D115/><U56/><E56/><V66/><F133/><W29/><G58/><T6/><D6/><U13/><E13/><V114/><F135/><W40/><G65/><T111/><D111/><U92/><E92/><V63/><F132/><W121/><G121/><T74/><D74/><U26/><E26/><V15/><F114/><W61/><G81/><T67/><D64/><U84/><E84/><V32/><F32/><W27/><G61/><T69/><D70/><U125/><E125/><V37/><F66/><W21/><G106/><T119/><D69/><U117/><E117/><V112/><F112/><RYUUKYOKU ba="0,1" sc="224,-15,227,15,312,-15,227,15" hai1="9,11,19,22,25,47,48,87,88,94,95,98,103" hai3="21,27,29,40,41,42,43,46,51,99,100,102,107" /><INIT seed="1,1,1,4,3,73" ten="209,242,297,242" oya="1" hai0="27,109,83,68,29,52,56,61,43,32,69,129,130" hai1="28,133,94,76,60,70,50,85,74,99,25,9,12" hai2="88,0,54,30,75,121,128,37,31,125,98,64,84" hai3="123,44,89,78,86,113,62,38,117,8,59,23,126"/><U96/><E133/><V120/><F75/><W39/><G123/><T40/><D109/><U46/><E74/><V65/><F0/><W51/><G113/><T15/><D15/><U100/><E96/><V102/><F37/><W116/><G126/><T135/><D135/><U35/><E60/><V81/><F125/><W41/><G8/><T36/><D83/><U63/><E63/><V127/><F127/><W18/><G78/><T34/><D32/><U33/><E33/><V22/><F128/><N who="0" m="49258" /><D36/><U7/><E70/><AGARI ba="1,1" hai="27,29,34,40,43,52,56,61,68,69,70" m="49258" machi="70" ten="30,2000,0" yaku="19,1,54,1" doraHai="73" who="0" fromWho="1" sc="209,33,242,-23,297,0,242,0" /><INIT seed="2,0,0,2,3,104" ten="242,219,297,242" oya="2" hai0="130,111,43,42,12,106,35,24,129,110,49,65,39" hai1="37,2,117,36,108,96,47,44,94,73,33,17,103" hai2="135,100,72,119,86,60,10,84,22,41,31,98,11" hai3="52,68,13,7,14,59,66,51,122,21,25,5,132"/><V99/><F119/><W64/><G122/><T80/><D106/><U125/><E117/><V50/><F72/><W93/><G132/><T126/><D35/><U121/><E33/><V45/><F135/><W77/><G77/><T116/><D24/><U6/><E121/><V23/><F60/><W81/><G81/><T124/><D80/><U0/><E108/><N who="0" m="41513" /><D12/><N who="3" m="4713" /><G68/><T82/><D82/><U123/><E123/><V85/><F99/><W38/><G38/><T20/><D20/><N who="2" m="7722" /><F31/><N who="3" m="17839" /><G93/><AGARI ba="0,0" hai="10,11,41,45,50,84,85,86,93,98,100" m="7722" machi="93" ten="30,1500,0" yaku="8,1" doraHai="104" who="2" fromWho="3" sc="242,0,219,0,297,15,242,-15" /><INIT seed="2,1,0,2,2,87" ten="242,219,312,227" oya="2" hai0="102,53,42,55,82,132,11,25,80,85,114,58,90" hai1="27,31,61,123,32,26,24,17,22,14,74,69,129" hai2="7,65,57,84,75,109,111,105,13,38,59,97,73" hai3="5,127,94,49,98,39,83,28,128,72,71,23,124"/><V92/><F38/><W36/><G71/><T19/><D114/><U51/><E74/><V116/><F116/><W6/><G128/><T60/><D132/><U117/><E117/><V50/><F84/><W86/><G72/><T101/><D42/><U125/><E129/><V2/><F2/><W115/><G115/><T78/><D55/><U104/><E104/><V119/><F105/><W56/><G28/><T67/><D80/><U134/><E134/><V12/><F119/><W106/><G106/><T43/><D43/><U130/><E130/><V41/><F41/><W21/><G39/><T33/><D78/><U107/><E107/><V30/><F30/><W15/><G36/><T99/><D33/><U54/><E123/><V4/><F50/><W64/><G127/><T81/><D81/><U47/><REACH who="1" step="1"/><E125/><REACH who="1" ten="242,209,312,227" step="2"/><V46/><F75/><W63/><G124/><T118/><D118/><U108/><E108/><V3/><F73/><W95/><G49/><T126/><D126/><U113/><E113/><V76/><F111/><W35/><G35/><T135/><D135/><U0/><E0/><V133/><F3/><W66/><G63/><T79/><D79/><U103/><E103/><V10/><F109/><W96/><G15/><T70/><D102/><U44/><E44/><V121/><F13/><W34/><G34/><T77/><D77/><U100/><E100/><V93/><F12/><W20/><G86/><T88/><D101/><U8/><E8/><V122/><F133/><W91/><G23/><N who="0" m="13567" /><D11/><U29/><E29/><V131/><F131/><W68/><G21/><T9/><D9/><RYUUKYOKU ba="1,1" sc="242,-10,209,30,312,-10,227,-10" hai1="14,17,22,24,26,27,31,32,47,51,54,61,69" /><INIT seed="3,2,1,2,2,111" ten="232,239,302,217" oya="3" hai0="83,30,94,40,19,21,81,41,7,25,34,8,56" hai1="74,79,75,107,31,125,2,10,6,126,124,88,73" hai2="28,3,93,47,4,129,134,127,60,96,101,5,58" hai3="12,67,62,35,1,110,9,63,14,112,48,52,50"/><W95/><G112/><T133/><D133/><U84/><E107/><V26/><F3/><W46/><G35/><T65/><D94/><U105/><E105/><V17/><F129/><W37/><G110/><T43/><D65/><U132/><E132/><V20/><F134/><W18/><G1/><T69/><D69/><U121/><E31/><V130/><F127/><W66/><G37/><T85/><D56/><U16/><E121/><V97/><F130/><W122/><G122/><T86/><D83/><N who="1" m="49183" /><E16/><V54/><F47/><N who="3" m="27679" /><G95/><T61/><D61/><N who="3" m="23049" /><G14/><N who="0" m="9463" /><D81/><AGARI ba="2,1" hai="2,6,10,73,74,75,79,81,124,125,126" m="49183" machi="81" ten="30,2000,0" yaku="18,1,54,1" doraHai="111" who="1" fromWho="0" sc="232,-26,239,36,302,0,217,0" owari="206,-29.4,275,7.5,302,40.2,217,-18.3" /></mjloggm>