<mjloggm ver="2.3"><GO type="225" lobby="0"/><UN n0="%72%69%6F%75%63%68%61%6E" n1="%E3%81%AF%E3%82%88%E3%81%8A%E3%81%98%E3%81%95%E3%82%93" n2="%E3%83%B4%E3%83%A0%EF%BC%99%E3%81%A6" n3="%E7%B4%94%E6%BD%94%E3%83%94%E3%83%A9%E3%83%8B%E3%82%A2" dan="16,17,16,17" rate="2195.53,2137.72,2161.27,2221.70" sx="M,M,M,M"/><TAIKYOKU oya="0"/><INIT seed="0,0,0,0,3,53" ten="250,250,250,250" oya="0" hai0="60,92,39,118,96,44,45,63,126,101,80,135,26" hai1="58,30,69,29,35,134,56,57,27,121,123,125,17" hai2="22,102,119,72,38,120,66,16,89,42,59,116,15" hai3="111,8,4,68,129,95,18,49,114,115,19,104,74"/><T90/><D126/><U106/><E69/><V48/><F120/><W112/><G104/><T31/><D135/><U46/><E106/><V87/><F72/><W34/><G74/><T67/><D118/><N who="2" m="45098" /><F102/><W33/><G68/><T13/><D39/><U133/><E125/><V41/><F38/><W25/><G49/><T50/><D13/><U81/><E30/><V9/><F9/><W28/><G95/><T88/><D44/><U6/><E6/><V76/><F76/><W93/><G93/><T24/><D24/><U61/><E61/><N who="2" m="38207" /><F48/><W99/><G99/><T98/><D80/><AGARI ba="0,0" hai="15,16,22,41,42,80,87,89" m="38207,45098" machi="80" ten="30,3900,0" yaku="12,1,52,1,54,1" doraHai="53" who="2" fromWho="0" sc="250,-39,250,0,250,39,250,0" /><INIT seed="1,0,0,4,0,122" ten="211,250,289,250" oya="1" hai0="66,30,117,81,89,48,8,72,42,126,116,129,75" hai1="24,68,87,33,103,53,10,78,13,2,26,125,77" hai2="41,4,104,99,115,5,121,79,55,111,49,19,135" hai3="98,57,120,9,107,56,100,113,16,22,14,73,88"/><U132/><E68/><V39/><F121/><W91/><G113/><T59/><D126/><U90/><E2/><V127/><F127/><W114/><G114/><T109/><D129/><U38/><E125/><V69/><F115/><W35/><G35/><T29/><D8/><U134/><E38/><V45/><F135/><N who="1" m="51753" /><E103/><V54/><F79/><N who="1" m="30217" /><E53/><V17/><F69/><W119/><G73/><T80/><D66/><U131/><E33/><V44/><F54/><W58/><G119/><T123/><D123/><U62/><E62/><V31/><F39/><W50/><G120/><T43/><D48/><U32/><E32/><V37/><F37/><W18/><REACH who="3" step="1"/><G50/><REACH who="3" ten="211,250,289,240" step="2"/><T0/><D117/><U6/><E131/><V128/><F49/><W93/><G93/><AGARI ba="0,1" hai="6,10,13,24,26,87,90,93" m="30217,51753" machi="93" ten="30,1500,0" yaku="20,1" doraHai="122" who="1" fromWho="3" sc="211,0,250,25,289,0,240,-15" /><INIT seed="1,1,0,4,0,107" ten="211,275,289,225" oya="1" hai0="54,79,35,8,73,31,104,56,127,69,22,14,94" hai1="82,119,1,85,42,60,89,48,124,10,78,66,20" hai2="125,70,120,58,67,0,55,97,7,50,41,46,129" hai3="13,64,108,16,111,63,40,77,19,28,75,2,110"/><U68/><E119/><V71/><F120/><W91/><G2/><T113/><D113/><U86/><E124/><V65/><F0/><W21/><G40/><T106/><D35/><U12/><E1/><V51/><F7/><W11/><G91/><T30/><D69/><N who="2" m="26122" /><F97/><W32/><G32/><T88/><D127/><U4/><E20/><V112/><F125/><W101/><G101/><T96/><D30/><U92/><E48/><N who="2" m="31079" /><F112/><W34/><G34/><T52/><D54/><U3/><E42/><N who="2" m="24919" /><F129/><W62/><G64/><T133/><D133/><U123/><E3/><V81/><F81/><N who="3" m="45247" /><G28/><T36/><D36/><U117/><E117/><V5/><F5/><W90/><G90/><T95/><D95/><U109/><E123/><V37/><F37/><W25/><AGARI ba="1,0" hai="11,13,16,19,21,25,62,63,108,110,111" m="45247" machi="25" ten="30,4000,0" yaku="14,1,52,1,54,1" doraHai="107" who="3" fromWho="3" sc="211,-11,275,-21,289,-11,225,43" /><INIT seed="2,0,0,2,4,104" ten="200,254,278,268" oya="2" hai0="63,106,76,0,10,47,15,111,135,105,90,110,83" hai1="92,49,12,32,73,20,48,6,124,96,41,28,17" hai2="82,51,118,44,64,79,74,9,107,131,108,5,23" hai3="78,123,117,95,67,77,31,37,35,62,128,75,53"/><V120/><F120/><W109/><G37/><T21/><D135/><U99/><E124/><V19/><F118/><W68/><G109/><N who="0" m="41483" /><D90/><U60/><E73/><V122/><F108/><W50/><G128/><T130/><D130/><U80/><E80/><V134/><F131/><W88/><G75/><N who="0" m="43423" /><D63/><U97/><E6/><V121/><F107/><W89/><G89/><T13/><D47/><U34/><E92/><V36/><F64/><W132/><G132/><T54/><D54/><U24/><E34/><V59/><F134/><W27/><G123/><T56/><D56/><U22/><E32/><V18/><F59/><W114/><G114/><T4/><D13/><U30/><E30/><V43/><F51/><N who="1" m="19529" /><E60/><V11/><F122/><W26/><G27/><T33/><D33/><U133/><E133/><V2/><F121/><W91/><G91/><T39/><D39/><U42/><AGARI ba="0,0" hai="12,17,20,22,24,28,41,42,96,97,99" m="19529" machi="42" ten="30,1100,0" yaku="8,1" doraHai="104" who="1" fromWho="1" sc="200,-3,254,11,278,-5,268,-3" /><INIT seed="3,0,0,2,3,75" ten="197,265,273,265" oya="3" hai0="129,33,88,18,82,98,80,104,32,119,96,59,11" hai1="1,39,34,0,101,120,73,17,89,99,2,127,118" hai2="21,29,100,30,36,134,52,45,83,7,9,94,74" hai3="8,108,125,133,3,53,112,38,15,106,10,67,72"/><W49/><G38/><T6/><D119/><U103/><E120/><V20/><F134/><W54/><G106/><T97/><D129/><U114/><E114/><V121/><F121/><W90/><G112/><T43/><D104/><U68/><E68/><V60/><F36/><W131/><G133/><T63/><D43/><U25/><E39/><V69/><F69/><W71/><G72/><T81/><D18/><U64/><E73/><V31/><F74/><W107/><G107/><T4/><D88/><U5/><E34/><V56/><F83/><W26/><G67/><T122/><D122/><U113/><E2/><V130/><F45/><W116/><G71/><T55/><REACH who="0" step="1"/><D4/><REACH who="0" ten="187,265,273,265" step="2"/><U123/><E118/><V110/><F130/><W41/><G116/><T76/><D76/><U19/><E123/><V109/><F94/><W50/><G41/><T128/><D128/><U93/><E89/><V111/><F100/><W78/><G78/><T85/><D85/><U66/><E93/><V77/><F77/><W79/><G79/><T126/><D126/><U12/><E5/><V37/><F37/><W28/><G90/><T115/><D115/><U102/><E127/><V124/><F124/><W95/><G125/><T48/><D48/><U92/><E113/><V86/><F86/><W35/><G95/><T46/><D46/><U16/><E92/><V117/><F117/><W87/><G87/><T24/><D24/><U105/><E25/><V51/><F51/><N who="3" m="19467" /><G131/><T132/><D132/><U44/><E44/><V57/><F57/><W42/><G42/><T84/><D84/><U22/><E105/><RYUUKYOKU ba="0,1" sc="187,15,265,-15,273,15,265,-15" hai0="6,11,32,33,55,59,63,80,81,82,96,97,98" hai2="7,9,20,21,29,30,31,52,56,60,109,110,111" /><INIT seed="4,1,1,4,5,115" ten="202,250,288,250" oya="0" hai0="63,75,55,23,83,43,24,125,62,77,39,47,73" hai1="27,28,22,14,49,124,107,79,101,11,2,58,118" hai2="109,99,108,88,84,37,60,81,8,94,54,9,70" hai3="110,7,65,51,4,91,31,56,127,76,104,41,57"/><T128/><D125/><U92/><E118/><V46/><F37/><W97/><G110/><N who="2" m="42601" /><F46/><N who="3" m="26063" /><G104/><T1/><D128/><U105/><E2/><V74/><F54/><W103/><G103/><T67/><D1/><U0/><E0/><V35/><F35/><W129/><G129/><T12/><D12/><U87/><E124/><V53/><F53/><W102/><G102/><T98/><D98/><U93/><E105/><V32/><F32/><W78/><G31/><T71/><D73/><U80/><E107/><V59/><F59/><N who="3" m="22603" /><G65/><T45/><D63/><U3/><E3/><V26/><F74/><W61/><G61/><T116/><D47/><U25/><E27/><V16/><F70/><W112/><G112/><T69/><D71/><U123/><E101/><V106/><F60/><W33/><G127/><T95/><D55/><N who="1" m="32111" /><E123/><V38/><F38/><W117/><G117/><T113/><D113/><U5/><AGARI ba="1,1" hai="5,11,14,22,25,28,79,80,87,92,93" m="32111" machi="5" ten="30,1100,0" yaku="8,1" doraHai="115" who="1" fromWho="1" sc="202,-6,250,24,288,-4,250,-4" /><INIT seed="5,0,0,5,5,82" ten="196,274,284,246" oya="1" hai0="10,103,21,89,111,32,115,98,48,121,81,20,116" hai1="61,73,47,71,80,1,59,6,64,38,35,107,39" hai2="128,72,124,68,41,52,12,93,51,27,110,119,24" hai3="122,129,133,53,83,26,130,86,108,112,13,4,40"/><U78/><E59/><V105/><F105/><W134/><G108/><T37/><D111/><U54/><E54/><V45/><F119/><W18/><G122/><T109/><D109/><U84/><E84/><V79/><F110/><W75/><G75/><T76/><D116/><U96/><E35/><V92/><F68/><W135/><G112/><T29/><D115/><U65/><E64/><V34/><F34/><W91/><G40/><T46/><D37/><U8/><E47/><V22/><F124/><W16/><G53/><T42/><D121/><U94/><E94/><N who="2" m="36459" /><F72/><W132/><N who="3" m="33792" /><DORA hai="9" /><W30/><G4/><T123/><D123/><U58/><E58/><N who="2" m="33055" /><F128/><N who="3" m="49259" /><G13/><T95/><D103/><AGARI ba="0,0" hai="1,6,8,38,39,61,65,71,73,78,80,96,103,107" machi="103" ten="40,7700,0" yaku="33,3" doraHai="82,9" who="1" fromWho="0" sc="196,-77,274,77,284,0,246,0" owari="119,-38.1,351,45.1,284,8.4,246,-15.4" /></mjloggm>