<mjloggm ver="2.3"><GO type="225" lobby="0"/><UN n0="%E3%82%A4%E3%83%BC%E3%82%B1%E3%83%97%E3%83%A9" n1="%E3%83%81%E3%83%83%E3%82%BF%E3%82%BD%E3%83%BC" n2="%E7%99%BD%E9%9B%AA%E4%B9%83%E6%84%9B" n3="%E4%BF%BA%E3%81%A8%E5%A6%96%E5%A4%A2" dan="17,16,16,16" rate="2212.03,2122.23,2035.29,2135.25" sx="M,F,F,F"/><TAIKYOKU oya="0"/><INIT seed="0,0,0,1,0,100" ten="250,250,250,250" oya="0" hai0="112,99,54,118,4,15,44,29,122,51,57,43,47" hai1="73,1,87,130,123,96,80,50,37,129,109,16,49" hai2="30,62,66,63,84,106,113,45,5,17,121,110,83" hai3="33,85,89,88,24,117,31,42,92,93,76,120,105"/><T65/><D112/><U58/><E109/><V18/><F121/><W97/><G117/><T6/><D118/><U69/><E69/><V68/><F113/><W13/><G120/><T103/><D122/><U104/><E37/><V119/><F119/><W94/><G76/><T134/><D134/><U55/><E73/><V91/><F110/><W10/><G42/><T107/><D29/><U127/><E127/><V40/><F5/><W90/><G105/><T41/><D65/><U27/><E1/><V21/><F63/><W9/><REACH who="3" step="1"/><G13/><REACH who="3" ten="250,250,250,240" step="2"/><T72/><D72/><U78/><E123/><V74/><F106/><W7/><G7/><T14/><D6/><U23/><REACH who="1" step="1"/><E49/><REACH who="1" ten="250,240,250,240" step="2"/><V22/><F74/><W26/><G26/><T59/><D51/><U132/><E132/><V70/><F70/><W71/><G71/><T125/><D125/><U131/><E131/><V52/><F68/><W28/><G28/><T102/><D4/><U48/><E48/><V32/><F30/><W111/><G111/><T11/><D11/><U25/><E25/><V115/><F115/><W39/><G39/><T114/><D114/><U86/><E86/><AGARI ba="0,2" hai="9,10,24,31,33,85,86,88,89,90,92,93,94,97" machi="86" ten="30,7700,0" yaku="1,1,7,1,9,1,54,1,53,0" doraHai="100" doraHaiUra="3" who="3" fromWho="1" sc="250,0,240,-77,250,0,240,97" /><INIT seed="1,0,0,3,3,14" ten="250,163,250,337" oya="1" hai0="124,25,62,55,109,130,64,36,125,87,34,37,84" hai1="31,9,94,91,48,72,86,46,104,120,80,119,40" hai2="106,24,69,18,19,105,131,0,100,113,67,16,135" hai3="117,134,6,11,2,81,44,59,66,71,122,32,50"/><U33/><E119/><V111/><F0/><W90/><G122/><T114/><D114/><U68/><E120/><V123/><F123/><W26/><G117/><T89/><D109/><U57/><E68/><V108/><F113/><W43/><G134/><T23/><D34/><U97/><E104/><V13/><F135/><W41/><G71/><T88/><D55/><U115/><E115/><V28/><F131/><W27/><G41/><T7/><D7/><U132/><E132/><V29/><F13/><W76/><G90/><T42/><D130/><U107/><E107/><V78/><F78/><W101/><G101/><T75/><D75/><U98/><E9/><V12/><F12/><W38/><G32/><T70/><D89/><U102/><E72/><V77/><F77/><W93/><G93/><N who="0" m="54407" /><D87/><U52/><E97/><N who="2" m="61583" /><F106/><W118/><G118/><T65/><D65/><U60/><REACH who="1" step="1"/><E31/><REACH who="1" ten="250,153,250,337" step="2"/><V22/><F29/><W121/><G121/><T133/><D133/><U63/><E63/><V1/><F1/><W129/><G129/><T45/><D62/><U8/><E8/><V99/><F99/><W83/><G2/><T85/><D70/><U54/><E54/><V49/><F69/><W92/><G11/><T4/><D64/><U126/><E126/><N who="0" m="48745" /><D85/><U51/><E51/><V3/><F3/><W82/><G50/><N who="0" m="26935" /><D4/><U5/><E5/><V95/><F67/><W116/><G6/><T47/><D47/><U103/><E103/><V127/><F127/><W112/><G116/><T15/><D37/><U30/><E30/><V56/><F28/><W21/><G112/><T128/><D128/><RYUUKYOKU ba="0,1" sc="250,-10,153,30,250,-10,337,-10" hai1="33,40,46,48,52,57,60,80,86,91,94,98,102" /><INIT seed="1,1,1,4,1,95" ten="240,183,240,327" oya="1" hai0="123,60,76,135,122,129,51,48,77,21,45,58,11" hai1="7,71,81,97,86,73,47,100,56,31,120,8,49" hai2="17,84,115,66,25,38,125,4,24,108,104,110,79" hai3="116,92,78,75,23,35,87,14,70,27,126,101,65"/><U98/><E120/><N who="0" m="46121" /><D129/><U133/><E133/><V112/><F125/><W91/><G126/><T52/><D135/><U40/><E73/><V113/><F38/><W50/><G116/><T33/><D33/><U107/><E71/><V22/><F4/><W96/><G35/><T131/><D131/><U83/><E31/><V99/><F66/><W127/><G127/><T90/><D11/><U2/><E86/><V1/><F1/><W6/><G70/><T32/><D32/><U105/><REACH who="1" step="1"/><E56/><REACH who="1" ten="240,173,240,327" step="2"/><V19/><F84/><W102/><G75/><T67/><D21/><U59/><E59/><V43/><F22/><W54/><G23/><T34/><D34/><U93/><E93/><V94/><F94/><W53/><G87/><T69/><D90/><U109/><E109/><V15/><F110/><W111/><G91/><T68/><D69/><U30/><E30/><V0/><F108/><W80/><G111/><T37/><D37/><U12/><E12/><V26/><F15/><W134/><G134/><T29/><D29/><U103/><AGARI ba="1,2" hai="2,7,8,40,47,49,81,83,97,98,100,103,105,107" machi="103" ten="30,12000,1" yaku="1,1,0,1,9,1,52,2,53,0" doraHai="95" doraHaiUra="128" who="1" fromWho="1" sc="240,-41,173,143,240,-41,327,-41" /><INIT seed="1,2,0,5,5,0" ten="199,316,199,286" oya="1" hai0="79,16,71,11,22,102,59,87,69,64,33,124,35" hai1="81,20,17,76,32,4,15,105,39,90,100,111,110" hai2="126,89,122,91,77,31,117,85,115,49,83,72,18" hai3="108,109,88,67,70,96,58,21,57,128,41,116,84"/><U43/><E32/><V1/><F117/><W97/><G116/><T45/><D124/><U6/><E90/><V78/><F122/><W30/><G128/><T42/><D102/><U61/><E61/><V98/><F126/><W14/><G41/><T26/><D11/><U51/><E39/><V46/><F115/><W120/><G70/><T34/><D64/><U94/><E105/><V66/><F31/><W36/><G36/><T107/><D107/><U40/><E94/><V9/><F66/><W129/><G120/><T125/><D59/><U54/><E100/><V47/><F72/><W133/><G129/><T60/><D60/><U56/><E40/><V135/><F135/><W75/><G75/><T65/><D65/><U106/><E43/><N who="2" m="24799" /><F1/><W3/><G3/><T44/><D125/><U112/><E106/><V28/><F28/><W19/><G30/><T134/><D45/><U52/><E54/><V55/><F55/><W29/><G29/><T7/><D7/><U86/><REACH who="1" step="1"/><E112/><REACH who="1" ten="199,306,199,286" step="2"/><V10/><F89/><W95/><G133/><T132/><D132/><U2/><E2/><V82/><F91/><W27/><G67/><T62/><D134/><U99/><E99/><V13/><F98/><W103/><G96/><T113/><D62/><U53/><E53/><V23/><F82/><W104/><REACH who="3" step="1"/><G27/><REACH who="3" ten="199,306,199,276" step="2"/><T24/><D26/><U8/><E8/><V74/><F9/><W48/><G48/><N who="0" m="26647" /><D113/><U121/><E121/><V131/><F10/><W12/><G12/><T5/><D5/><AGARI ba="2,2" hai="4,5,6,15,17,20,51,52,56,76,81,86,110,111" machi="5" ten="40,12000,1" yaku="1,1,52,3,54,1,53,0" doraHai="0" doraHaiUra="68" who="1" fromWho="0" sc="199,-126,306,146,199,0,276,0" /><INIT seed="1,3,0,2,0,40" ten="73,452,199,276" oya="1" hai0="72,35,133,104,102,121,52,45,2,27,103,135,75" hai1="44,25,29,73,105,56,128,119,13,95,132,43,120" hai2="34,37,63,107,112,108,28,85,57,55,115,41,131" hai3="17,48,91,74,46,16,18,67,31,59,109,21,69"/><U49/><E119/><V90/><F107/><W99/><G74/><N who="0" m="28203" /><D104/><U62/><E105/><V86/><F108/><W100/><G69/><T134/><D2/><U113/><E73/><V15/><F131/><W1/><G1/><T98/><D98/><U65/><E113/><N who="2" m="43595" /><F28/><W54/><G91/><T6/><D6/><U50/><E128/><V110/><F34/><W8/><G109/><T106/><D106/><U9/><E132/><N who="0" m="33793" /><T36/><DORA hai="47" /><D121/><U39/><E95/><V53/><F53/><W88/><G100/><T126/><D36/><U125/><E125/><V114/><F110/><W32/><G32/><T122/><D126/><U94/><E94/><V64/><F114/><W80/><G8/><T30/><D122/><U10/><E10/><V96/><F15/><W87/><G99/><T24/><D24/><U23/><E120/><V12/><F12/><N who="3" m="9351" /><G31/><T118/><D118/><U130/><E130/><V60/><F96/><W51/><G67/><T26/><D26/><U22/><E22/><V84/><F90/><W127/><G127/><T79/><D79/><U3/><E3/><V33/><F33/><W66/><G66/><T83/><D83/><U116/><E116/><V20/><F20/><W111/><G111/><T42/><D42/><AGARI ba="3,0" hai="17,18,42,46,48,51,54,59,80,87,88" m="9351" machi="42" ten="30,12000,2" yaku="8,1,52,3,54,2" doraHai="40,47" who="3" fromWho="0" sc="73,-129,452,0,199,0,276,129" owari="-56,-55.6,452,55.2,199,-20.1,405,20.5" /></mjloggm>