<mjloggm ver="2.3"><GO type="225" lobby="0"/><UN n0="%72%61%6B%33" n1="%E3%81%8B%E3%82%8F%E3%81%A1%E3%82%83%E3%82%93%35%38" n2="%E6%9C%88%E5%B3%B6%E5%9F%BA" n3="%E7%99%BD%E5%80%89%E5%AF%9B%E4%B9%8B" dan="16,16,16,16" rate="2076.05,2091.31,2156.95,2145.93" sx="M,M,M,M"/><TAIKYOKU oya="0"/><INIT seed="0,0,0,5,3,120" ten="250,250,250,250" oya="0" hai0="59,1,81,50,52,114,122,132,97,104,125,133,70" hai1="39,21,30,6,4,68,28,34,85,3,116,112,98" hai2="36,31,12,45,48,129,5,17,32,103,2,57,67" hai3="63,111,38,90,53,95,42,124,119,49,15,93,106"/><T121/><D1/><U135/><E68/><V62/><F129/><W61/><G106/><T56/><D81/><U71/><E39/><V13/><F36/><W18/><G119/><T113/><D104/><U115/><E71/><V131/><F131/><W80/><G124/><T100/><D100/><U25/><E85/><V47/><F2/><W54/><G38/><T75/><D75/><U69/><E69/><V72/><F72/><W101/><G42/><T130/><D97/><U134/><E98/><V40/><F45/><W87/><G111/><T107/><D107/><U8/><E116/><V108/><F108/><W88/><G101/><T99/><D99/><U35/><E6/><V123/><F123/><N who="0" m="47114" /><D70/><U105/><E105/><V19/><F103/><W60/><G90/><T16/><D16/><N who="2" m="6218" /><F32/><N who="1" m="12329" /><E28/><V7/><F31/><W79/><G79/><T127/><D130/><U10/><E10/><V46/><F46/><N who="3" m="27831" /><G54/><T84/><D59/><U23/><E23/><AGARI ba="0,0" hai="15,18,23,60,61,63,80,87,88,93,95" m="27831" machi="23" ten="30,2000,0" yaku="8,1,54,1" doraHai="120" who="3" fromWho="1" sc="250,0,250,-20,250,0,250,20" /><INIT seed="1,0,0,3,5,134" ten="250,230,250,270" oya="1" hai0="34,84,21,72,38,66,128,18,81,57,35,23,14" hai1="86,123,80,107,36,101,10,124,22,68,3,46,74" hai2="40,94,110,135,6,39,59,102,54,25,95,45,91" hai3="31,8,27,13,69,9,82,61,53,55,77,28,121"/><U16/><E123/><V42/><F135/><W20/><G121/><T49/><D38/><U7/><E68/><V65/><F110/><W119/><G119/><T67/><D72/><U51/><E36/><V1/><F1/><W125/><G125/><T120/><D128/><U43/><E74/><V32/><F6/><W47/><G31/><T89/><D120/><U133/><E133/><V33/><F42/><W60/><G9/><T122/><D122/><U93/><E107/><V78/><F78/><W83/><G69/><T17/><D35/><U19/><E124/><V131/><F65/><W117/><G117/><T108/><D34/><U37/><E37/><V96/><F25/><W73/><G83/><T132/><D108/><U62/><E62/><V113/><F113/><W92/><G92/><T0/><D0/><U98/><REACH who="1" step="1"/><E22/><REACH who="1" ten="250,220,250,270" step="2"/><V75/><F75/><W30/><G61/><T44/><D132/><U11/><E11/><V118/><F118/><W50/><G60/><T58/><D67/><U111/><E111/><V71/><F71/><W97/><G20/><T127/><D66/><U99/><E99/><V116/><F116/><W48/><G97/><T63/><D63/><U79/><AGARI ba="0,1" hai="3,7,10,16,19,43,46,51,79,80,86,93,98,101" machi="79" ten="20,7800,0" yaku="1,1,0,1,7,1,54,1,53,0" doraHai="134" doraHaiUra="104" who="1" fromWho="1" sc="250,-26,220,88,250,-26,270,-26" /><INIT seed="1,1,0,0,3,128" ten="224,308,224,244" oya="1" hai0="108,79,84,59,29,55,19,100,111,135,26,119,37" hai1="50,129,73,71,28,95,62,91,117,125,46,5,33" hai2="45,24,7,39,114,12,56,4,23,54,41,123,122" hai3="17,52,67,98,124,107,43,92,75,93,83,102,60"/><U101/><E117/><V115/><F12/><W10/><G124/><T80/><D119/><U105/><E73/><V77/><F77/><W13/><G43/><T96/><D37/><U48/><E5/><N who="2" m="2123" /><F56/><W76/><REACH who="3" step="1"/><G52/><REACH who="3" ten="224,308,224,234" step="2"/><T126/><D126/><U63/><E125/><V51/><F54/><W35/><G35/><T68/><D55/><U116/><E46/><V112/><F39/><W32/><G32/><T44/><D44/><U103/><E50/><V38/><F38/><W74/><G74/><T11/><D108/><U131/><E48/><V127/><F127/><W21/><G21/><T99/><D111/><U118/><E33/><V6/><F6/><W134/><G134/><T72/><D135/><U104/><E118/><V120/><F120/><W86/><G86/><T89/><D84/><U85/><E116/><V88/><F123/><W64/><G64/><T109/><D72/><U40/><E40/><V82/><F122/><W97/><G97/><T15/><D99/><U14/><E85/><N who="2" m="50231" /><F23/><W18/><G18/><T132/><D19/><U66/><E66/><V34/><F34/><W22/><G22/><T113/><D109/><U87/><E87/><V27/><AGARI ba="1,1" hai="24,27,41,45,51,112,114,115" m="50231,2123" machi="27" ten="40,2700,0" yaku="11,1,54,1" doraHai="128" who="2" fromWho="2" sc="224,-8,308,-14,224,40,234,-8" /><INIT seed="2,0,0,5,3,121" ten="216,294,264,226" oya="2" hai0="10,92,132,103,49,107,87,0,117,68,37,4,34" hai1="58,61,126,82,133,18,86,91,98,23,135,14,89" hai2="111,128,130,131,9,24,25,42,15,12,109,21,122" hai3="52,35,2,5,119,134,88,93,29,72,110,43,33"/><V16/><F122/><W46/><G119/><T22/><D37/><U48/><E126/><V105/><F42/><W124/><G124/><T75/><D68/><U69/><E69/><V101/><F101/><W53/><G72/><T85/><D34/><U116/><E116/><V51/><F51/><W3/><G134/><N who="1" m="51210" /><E48/><V113/><F105/><W13/><G13/><T20/><D75/><U32/><E32/><V11/><F113/><W78/><G78/><T30/><D117/><U97/><E91/><V63/><F63/><W114/><G114/><T66/><D49/><U36/><E36/><V118/><F118/><W27/><G35/><T95/><D103/><U80/><E80/><V50/><F50/><W7/><G3/><T64/><D0/><U41/><E41/><V45/><F45/><W55/><G2/><T127/><D132/><U112/><E112/><V65/><F65/><AGARI ba="0,0" hai="14,18,23,58,61,65,82,86,89,97,98" m="51210" machi="65" ten="30,1000,0" yaku="20,1" doraHai="121" who="1" fromWho="2" sc="216,0,294,10,264,-10,226,0" /><INIT seed="3,0,0,5,4,85" ten="216,304,254,226" oya="3" hai0="114,36,128,104,115,0,93,52,54,129,119,79,48" hai1="37,109,80,18,86,96,101,21,124,20,16,35,70" hai2="60,47,102,1,76,130,27,111,7,99,56,32,49" hai3="38,4,95,15,44,65,90,50,39,61,123,9,46"/><W131/><G131/><N who="0" m="50251" /><D119/><U17/><E35/><V12/><F1/><W98/><G123/><T103/><D36/><U51/><E70/><V133/><F111/><W134/><G134/><T31/><D0/><U6/><E37/><V112/><F112/><N who="0" m="43050" /><D79/><U26/><E6/><V59/><F76/><W8/><G8/><T100/><D104/><U127/><E51/><V29/><F133/><W125/><G125/><N who="1" m="48202" /><E21/><V122/><F122/><W73/><G73/><T126/><D126/><U34/><E34/><V121/><F121/><W107/><G107/><T105/><D105/><N who="1" m="63655" /><E109/><V77/><F7/><W82/><G82/><T43/><D31/><U68/><E68/><V69/><F69/><W22/><G22/><T41/><D54/><U57/><E57/><V33/><F56/><W72/><G72/><T11/><D11/><U87/><E80/><V19/><F59/><W5/><G5/><T45/><D93/><U120/><E120/><V14/><F29/><AGARI ba="0,0" hai="16,17,18,20,26,29,86,87" m="63655,48202" machi="29" ten="30,2000,0" yaku="18,1,54,1" doraHai="85" who="1" fromWho="2" sc="216,0,304,20,254,-20,226,0" owari="216,-28.4,324,42.4,234,3.4,226,-17.4" /></mjloggm>