<mjloggm ver="2.3"><GO type="225" lobby="0"/><UN n0="%EF%BC%AE%EF%BC%A1%EF%BC%AF%33%33%39" n1="%E3%83%B4%E3%82%A3%E3%83%AF%E3%82%B3%E3%82%B0%E3%83%8B" n2="%E5%82%8D%E8%8B%A5%E7%84%A1%E4%BA%BA%35%31" n3="%E3%83%A9%E3%83%BC%E3%83%A1%E3%83%B3%E4%BA%94%E9%83%8E" dan="16,17,16,16" rate="2103.63,2203.76,2178.22,2171.71" sx="M,M,M,M"/><TAIKYOKU oya="0"/><INIT seed="0,0,0,5,4,128" ten="250,250,250,250" oya="0" hai0="80,52,101,68,42,29,24,129,83,0,16,74,124" hai1="10,57,48,67,93,36,85,64,54,33,35,70,23" hai2="60,84,6,130,50,38,91,2,62,43,78,122,109" hai3="127,8,97,30,102,90,3,72,89,14,92,118,76"/><T11/><D68/><U47/><E10/><V86/><F109/><W87/><G118/><T32/><D74/><U39/><E23/><V27/><F130/><W99/><G127/><T125/><D129/><U100/><E100/><V106/><F106/><W115/><G115/><T75/><D42/><U15/><E15/><V103/><F103/><W22/><G3/><T65/><D65/><U107/><E107/><V13/><F38/><N who="1" m="14377" /><E93/><N who="2" m="54503" /><F122/><W94/><G72/><T88/><D101/><U119/><E85/><V112/><F112/><W26/><G76/><T9/><D75/><U116/><E33/><V96/><F2/><W114/><G114/><T21/><D0/><U20/><E20/><V34/><F96/><N who="3" m="57359" /><G102/><T133/><D11/><U49/><E35/><V111/><F111/><W120/><G120/><T55/><D9/><U45/><E45/><N who="2" m="25919" /><F34/><W28/><G28/><T58/><D83/><U5/><E70/><V53/><F27/><W19/><AGARI ba="0,0" hai="8,14,19,22,26,30,87,90,94,97,99" m="57359" machi="19" ten="30,1100,0" yaku="8,1" doraHai="128" who="3" fromWho="3" sc="250,-5,250,-3,250,-3,250,11" /><INIT seed="1,0,0,3,4,103" ten="245,247,247,261" oya="1" hai0="53,8,28,104,2,128,35,117,5,36,122,118,20" hai1="14,38,125,25,49,82,121,116,112,135,9,54,19" hai2="71,7,89,79,32,26,44,51,0,108,41,74,60" hai3="91,39,124,4,67,109,24,64,113,16,95,47,34"/><U77/><E135/><V110/><F89/><W120/><G120/><T119/><D53/><U55/><E121/><V84/><F74/><W73/><G113/><T97/><D122/><U107/><E112/><V69/><F0/><W114/><G114/><T134/><D20/><U62/><E116/><V58/><F7/><W50/><G73/><T133/><D36/><U63/><E38/><V31/><F79/><W129/><G109/><N who="2" m="42089" /><F84/><W106/><G106/><T48/><D48/><U30/><E125/><V17/><F17/><W46/><G124/><T75/><D75/><U66/><E107/><V96/><F96/><W61/><G4/><T59/><D59/><U102/><E102/><V101/><F101/><W93/><G129/><T23/><D23/><U111/><E111/><V72/><F72/><W131/><G131/><T57/><D57/><U21/><E66/><AGARI ba="0,0" hai="26,31,32,41,44,51,58,60,66,69,71" m="42089" machi="66" ten="30,1000,0" yaku="14,1" doraHai="103" who="2" fromWho="1" sc="245,0,247,-10,247,10,261,0" /><INIT seed="2,0,0,4,0,75" ten="245,237,257,261" oya="2" hai0="121,53,36,82,64,108,132,66,126,122,61,13,59" hai1="5,86,104,84,120,80,11,114,10,4,125,25,28" hai2="67,106,14,93,19,107,127,32,48,55,26,41,98" hai3="103,21,39,94,30,79,38,6,50,99,16,40,116"/><V43/><F127/><W20/><G116/><T57/><D36/><U74/><E114/><V35/><F67/><W3/><G3/><T0/><D0/><U12/><E125/><V56/><F106/><W123/><G6/><T52/><D126/><U44/><E104/><V65/><F107/><W83/><G123/><T135/><D13/><U47/><E74/><V113/><F113/><W97/><G97/><T49/><D82/><U131/><E131/><V15/><F65/><N who="0" m="25194" /><D108/><U45/><E120/><AGARI ba="0,0" hai="49,52,53,57,59,61,120,121,122,132,135" m="25194" machi="120" ten="30,3900,0" yaku="34,2,54,1" doraHai="75" who="0" fromWho="1" sc="245,39,237,-39,257,0,261,0" /><INIT seed="3,0,0,4,0,93" ten="284,198,257,261" oya="3" hai0="111,108,65,3,119,70,109,15,69,79,54,117,20" hai1="32,123,86,87,49,24,33,64,76,80,107,59,75" hai2="57,13,21,131,26,68,89,48,27,23,103,41,55" hai3="14,12,91,74,39,9,16,104,5,90,105,112,10"/><W92/><G112/><T62/><D3/><U113/><E123/><V2/><F131/><W46/><G74/><T61/><D79/><U4/><E113/><V122/><F122/><W34/><G34/><T132/><D15/><U19/><E107/><V50/><F68/><W25/><G25/><T110/><D20/><U120/><E120/><V43/><F2/><W71/><G71/><N who="0" m="42415" /><D110/><U37/><E37/><V66/><F103/><W60/><G60/><T124/><D124/><U56/><E4/><V134/><F66/><W115/><G115/><T81/><D81/><U63/><E32/><V121/><F134/><W102/><G102/><T127/><D127/><U17/><E33/><V6/><F121/><W58/><G58/><N who="0" m="35159" /><D132/><U84/><REACH who="1" step="1"/><E24/><REACH who="1" ten="284,188,257,261" step="2"/><V67/><F6/><W47/><G39/><T96/><D119/><U100/><E100/><V83/><F27/><W126/><G126/><T31/><D117/><U35/><E35/><V116/><F26/><W29/><G105/><T45/><D31/><U129/><E129/><V95/><F116/><W135/><G104/><T130/><D130/><U52/><AGARI ba="0,1" hai="17,19,49,52,56,59,63,64,75,76,80,84,86,87" machi="52" ten="30,4000,0" yaku="1,1,0,1,54,1,53,0" doraHai="93" doraHaiUra="30" who="1" fromWho="1" sc="284,-10,188,50,257,-10,261,-20" /><INIT seed="4,0,0,0,4,12" ten="274,238,247,241" oya="0" hai0="10,4,123,65,0,11,132,83,19,52,69,96,40" hai1="133,29,31,57,27,88,116,1,74,100,125,26,115" hai2="81,111,66,117,17,85,56,112,93,62,75,120,61" hai3="32,73,37,18,90,21,91,51,84,5,7,104,110"/><T127/><D123/><U34/><E125/><V98/><F111/><W95/><G110/><T3/><D40/><U101/><E116/><V106/><F120/><W135/><G37/><T60/><D127/><U42/><E1/><V70/><F112/><W16/><G32/><T28/><D28/><U30/><E74/><V14/><F106/><W131/><G104/><T79/><D132/><U59/><E133/><V49/><F75/><W47/><G73/><T2/><D96/><U6/><E115/><V33/><F33/><W97/><G135/><T109/><D109/><U121/><E121/><V25/><F49/><W41/><G131/><T72/><D52/><U58/><E6/><N who="3" m="2058" /><G21/><T89/><D89/><U22/><E30/><V53/><F25/><W23/><G23/><T67/><D67/><U46/><REACH who="1" step="1"/><E88/><REACH who="1" ten="274,228,247,241" step="2"/><V78/><F117/><W128/><G128/><T94/><D4/><U124/><E124/><V48/><F70/><W15/><G15/><T107/><D0/><U76/><E76/><V87/><F85/><W86/><G86/><T130/><D3/><U92/><E92/><AGARI ba="0,1" hai="16,18,41,47,51,84,90,91,92,95,97" m="2058" machi="92" ten="30,7700,0" yaku="8,1,52,2,54,1" doraHai="12" who="3" fromWho="1" sc="274,0,228,-77,247,0,241,87" owari="274,7.4,151,-34.9,247,-15.3,328,42.8" /></mjloggm>