<mjloggm ver="2.3"><GO type="225" lobby="0"/><UN n0="%E3%83%B4%E3%82%A3%E3%83%AF%E3%82%B3%E3%82%B0%E3%83%8B" n1="%E6%98%93%E5%88%A9%E8%96%A9%E4%BC%AF" n2="%E6%9D%B1%E9%A2%A8%E3%81%AE%E3%81%8D%E3%82%83%E3%81%B7%E3%81%95%E3%82%93" n3="%E3%83%96%E3%83%83%E3%83%91%E3%82%AA%E3%83%96%E3%83%81%E3%82%AD%E3%83%B3" dan="17,17,16,16" rate="2217.92,2163.37,2170.97,2179.38" sx="M,F,M,M"/><TAIKYOKU oya="0"/><INIT seed="0,0,0,5,4,9" ten="250,250,250,250" oya="0" hai0="38,96,98,105,130,8,135,91,31,59,128,3,101" hai1="88,44,83,6,126,46,4,123,24,62,119,89,77" hai2="99,70,1,57,95,84,118,34,14,125,72,100,67" hai3="12,79,25,65,30,43,17,93,131,103,113,109,32"/><T29/><D38/><U104/><E119/><V74/><F70/><W75/><G113/><T53/><D135/><U41/><E104/><V111/><F1/><W129/><G109/><T10/><D96/><U121/><E126/><V86/><F34/><W61/><G43/><T132/><D91/><U11/><E62/><V37/><F37/><W117/><G117/><T48/><D132/><U22/><E121/><V127/><F118/><W94/><G75/><N who="2" m="28713" /><F14/><W87/><G79/><T47/><D47/><U85/><E46/><V42/><F42/><W16/><G17/><T60/><D60/><U69/><E6/><V120/><F57/><W81/><G81/><T68/><D68/><U21/><E21/><V110/><F67/><W122/><G122/><T82/><D82/><U63/><E63/><V52/><F52/><W102/><G94/><T28/><REACH who="0" step="1"/><D3/><REACH who="0" ten="240,250,250,250" step="2"/><U55/><E69/><V73/><F120/><W19/><G61/><T134/><D134/><U27/><E123/><V50/><F50/><W71/><G71/><T13/><D13/><N who="1" m="5351" /><E55/><V80/><F127/><W49/><G49/><T92/><D92/><U45/><E45/><V107/><F125/><W15/><G93/><T108/><D108/><N who="2" m="41514" /><F95/><W2/><G2/><T115/><D115/><U64/><E64/><V76/><AGARI ba="0,1" hai="73,76,80,84,86,99,100,107" m="41514,28713" machi="76" ten="40,5200,0" yaku="14,1,34,2" doraHai="9" who="2" fromWho="2" sc="240,-26,250,-13,250,62,250,-13" /><INIT seed="1,0,0,1,1,62" ten="214,237,312,237" oya="1" hai0="102,33,121,60,135,123,18,44,64,55,14,61,41" hai1="86,82,4,106,91,112,81,17,22,119,8,96,125" hai2="130,54,34,92,23,25,53,20,90,93,50,95,42" hai3="87,12,28,117,113,36,129,66,108,78,132,128,43"/><U107/><E112/><V70/><F70/><W69/><G113/><T15/><D33/><U51/><E119/><V71/><F71/><W26/><G117/><T31/><D31/><U46/><E125/><V13/><F130/><N who="3" m="50283" /><G108/><T49/><D135/><U110/><E110/><V127/><F127/><W37/><G132/><T7/><D102/><U67/><E82/><V88/><F34/><N who="3" m="20759" /><G43/><T98/><D98/><U120/><E67/><V21/><F13/><W30/><G30/><T9/><D41/><U11/><E96/><V103/><F103/><W48/><G48/><T100/><D100/><U45/><E45/><N who="2" m="25911" /><F25/><W32/><G32/><T5/><D60/><U134/><E120/><N who="0" m="46153" /><D14/><U80/><E80/><V114/><F114/><W99/><G12/><T1/><D1/><U89/><E89/><AGARI ba="0,0" hai="20,21,23,53,54,88,89,90,92,93,95" m="25911" machi="89" ten="30,2000,0" yaku="8,1,54,1" doraHai="62" who="2" fromWho="1" sc="214,0,237,-20,312,20,237,0" /><INIT seed="2,0,0,3,4,10" ten="214,217,332,237" oya="2" hai0="73,51,2,12,56,80,3,69,122,110,134,103,74" hai1="89,52,118,128,83,64,66,109,85,67,20,38,120" hai2="94,125,25,28,32,49,121,127,68,47,29,71,92" hai3="13,54,105,48,108,1,63,16,46,50,87,30,131"/><V45/><F29/><W123/><G123/><T62/><D122/><U27/><E120/><V99/><F121/><W35/><G108/><T18/><D103/><U117/><E38/><V5/><F5/><W93/><G105/><T126/><D110/><U84/><E109/><V96/><F96/><W55/><G131/><T11/><D126/><N who="2" m="48138" /><F45/><W23/><G1/><T76/><D73/><U113/><E113/><V133/><F133/><W33/><G63/><T21/><D134/><U86/><E128/><V61/><F61/><W88/><REACH who="3" step="1"/><G30/><REACH who="3" ten="214,217,332,227" step="2"/><T124/><D124/><U98/><E118/><V41/><F94/><W4/><G4/><T111/><D111/><U34/><E117/><V102/><AGARI ba="0,1" hai="25,28,32,41,47,49,68,71,92,99,102" m="48138" machi="102" ten="30,1500,0" yaku="18,1" doraHai="10" who="2" fromWho="2" sc="214,-5,217,-5,332,25,227,-5" /><INIT seed="2,1,0,5,3,4" ten="209,212,357,222" oya="2" hai0="76,1,44,87,135,65,95,72,82,123,54,100,131" hai1="39,69,122,16,83,61,92,110,90,124,78,27,121" hai2="53,29,9,117,103,51,68,30,70,0,133,21,94" hai3="48,75,109,80,41,18,107,36,15,120,77,52,105"/><V79/><F79/><W116/><G116/><T102/><D1/><U7/><E39/><V42/><F42/><W89/><G120/><N who="1" m="46186" /><E110/><V24/><F30/><W25/><G109/><T128/><D123/><U64/><E7/><V3/><F117/><W8/><G89/><N who="0" m="53695" /><D65/><U67/><E124/><V46/><F133/><W115/><G115/><T118/><D118/><U62/><E92/><V97/><REACH who="2" step="1"/><F9/><REACH who="2" ten="209,212,347,222" step="2"/><W59/><REACH who="3" step="1"/><G25/><REACH who="3" ten="209,212,347,212" step="2"/><T73/><D135/><U26/><E26/><V58/><F58/><W132/><G132/><T113/><D113/><U34/><E27/><V125/><F125/><W49/><G49/><N who="0" m="28967" /><D72/><U86/><E69/><AGARI ba="1,2" hai="0,3,21,24,29,46,51,53,68,69,70,94,97,103" machi="69" ten="40,2000,0" yaku="1,1,53,0" doraHai="4" doraHaiUra="129" who="2" fromWho="1" sc="209,0,212,-23,347,43,212,0" /><INIT seed="2,2,0,4,5,77" ten="209,189,390,212" oya="2" hai0="72,115,121,69,56,94,63,44,36,3,6,119,117" hai1="83,73,126,25,111,22,130,104,55,90,68,81,26" hai2="10,89,97,58,23,109,64,93,8,12,71,116,98" hai3="118,28,84,82,133,85,37,65,102,40,30,131,108"/><V18/><F116/><N who="0" m="44618" /><D121/><U92/><E104/><V34/><F109/><W101/><G118/><T61/><D115/><U124/><E111/><V47/><F71/><W110/><G131/><T14/><D3/><U48/><E68/><V38/><F34/><W88/><G133/><T54/><D72/><U127/><E130/><V107/><F58/><W66/><G37/><T62/><D69/><U29/><E26/><V70/><F64/><N who="3" m="24683" /><G110/><T7/><D94/><U105/><E73/><V11/><F70/><W113/><G113/><T16/><D44/><N who="1" m="28039" /><E105/><V132/><F132/><W45/><G108/><T9/><D36/><U42/><E42/><V112/><F112/><W106/><G106/><T32/><D32/><U5/><E5/><AGARI ba="2,0" hai="5,6,7,9,14,16,54,56,61,62,63" m="44618" machi="5" ten="30,2000,0" yaku="12,1,54,1" doraHai="77" who="0" fromWho="1" sc="209,26,189,-26,390,0,212,0" /><INIT seed="3,0,0,4,4,15" ten="235,163,390,212" oya="3" hai0="129,45,108,46,118,121,8,70,6,58,35,83,4" hai1="114,49,91,51,75,103,41,69,1,10,38,12,106" hai2="44,88,24,68,23,14,89,82,21,92,119,100,55" hai3="52,87,90,105,20,2,84,102,80,11,113,29,57"/><W86/><G113/><T93/><D118/><U94/><E114/><V27/><F68/><W99/><G29/><T3/><D70/><U7/><E69/><V73/><F14/><W125/><G125/><T64/><D35/><U98/><E75/><V19/><F119/><W76/><G20/><T9/><D108/><U131/><E131/><V71/><F71/><W97/><G97/><T112/><D121/><U59/><E38/><V78/><F100/><W81/><G11/><T115/><D129/><U116/><E116/><V95/><F95/><W123/><G2/><T134/><D134/><U17/><E41/><V37/><F92/><W120/><REACH who="3" step="1"/><G87/><REACH who="3" ten="235,163,390,202" step="2"/><T96/><D112/><U61/><E1/><V133/><F133/><W26/><G26/><T107/><D8/><U18/><E106/><V130/><F130/><W122/><G122/><T124/><D107/><U43/><E103/><V110/><F110/><W48/><AGARI ba="0,1" hai="48,52,57,76,80,81,84,86,90,99,102,105,120,123" machi="48" ten="20,7800,0" yaku="1,1,0,1,7,1,54,1,53,0" doraHai="15" doraHaiUra="13" who="3" fromWho="3" sc="235,-26,163,-26,390,-26,202,88" /><INIT seed="3,1,0,4,1,57" ten="209,137,364,290" oya="3" hai0="13,122,68,65,85,63,79,0,3,56,74,12,35" hai1="18,70,10,91,55,96,20,119,112,87,93,27,31" hai2="53,100,42,116,26,129,50,45,105,76,134,46,58" hai3="52,34,24,59,73,14,89,98,95,39,16,88,8"/><W36/><G73/><T40/><D74/><U71/><E112/><V97/><F116/><W66/><G66/><T7/><D35/><U37/><E37/><V81/><F134/><W17/><G89/><T25/><D122/><U117/><E71/><V23/><F129/><W78/><G78/><T120/><D120/><U61/><E70/><V126/><F126/><W133/><G133/><T11/><D25/><U113/><E113/><V131/><F131/><W108/><G108/><T15/><D0/><U128/><E128/><V101/><F101/><W54/><G54/><T67/><D40/><U123/><E123/><V86/><F42/><W41/><G41/><T29/><D29/><AGARI ba="1,0" hai="23,26,29,45,46,50,53,58,76,81,86,97,100,105" machi="29" ten="30,1000,0" yaku="7,1" doraHai="57" who="2" fromWho="0" sc="209,-13,137,0,364,13,290,0" owari="196,-20.4,137,-36.3,377,47.7,290,9.0" /></mjloggm>