<mjloggm ver="2.3"><GO type="225" lobby="0"/><UN n0="%E5%B0%8F%E9%B3%A5%E9%81%8A%E7%B7%B4%E7%84%A1%32%31%E6%AD%B3" n1="%E4%BF%BA%E3%81%A8%E5%A6%96%E5%A4%A2" n2="%E6%A1%9C%E8%8A%B1%E9%96%83%E3%80%85" n3="%E3%83%A9%E3%83%96%E3%83%AC%E3%83%BC" dan="16,16,16,16" rate="2175.66,2107.82,2195.56,2080.16" sx="F,F,M,M"/><TAIKYOKU oya="0"/><INIT seed="0,0,0,4,1,134" ten="250,250,250,250" oya="0" hai0="60,65,14,101,20,94,43,76,12,116,51,66,49" hai1="108,23,110,27,75,42,132,113,115,128,82,62,102" hai2="135,7,133,79,0,127,114,19,22,126,38,46,129" hai3="125,47,24,32,21,52,36,45,59,107,96,18,68"/><T67/><D116/><U121/><E42/><N who="2" m="22871" /><F114/><N who="1" m="43529" /><E121/><V122/><F122/><W57/><G68/><T72/><D72/><U6/><E6/><V69/><F69/><W130/><G130/><T3/><D3/><U92/><E132/><N who="2" m="50763" /><F79/><W119/><G119/><T109/><D76/><N who="1" m="44319" /><E128/><V44/><F44/><W31/><G59/><T84/><D109/><U78/><E78/><V105/><F105/><W35/><G125/><N who="2" m="47625" /><F129/><W2/><G47/><N who="0" m="25855" /><D51/><U71/><E71/><V89/><F89/><W34/><G45/><T99/><D60/><U86/><E62/><V103/><F103/><W11/><G107/><T48/><D48/><U64/><E102/><V28/><F28/><W70/><G31/><T88/><D20/><U30/><E64/><N who="0" m="16385" /><T5/><DORA hai="74" /><D5/><U58/><E58/><V56/><F56/><W25/><G57/><T93/><AGARI ba="0,0" hai="12,14,84,88,93,94,99,101" m="16385,25855" machi="93" ten="30,3000,0" yaku="8,1,54,1" doraHai="134,74" who="0" fromWho="0" sc="250,30,250,-10,250,-10,250,-10" /><INIT seed="0,1,0,3,2,95" ten="280,240,240,240" oya="0" hai0="39,62,64,8,7,121,68,99,75,21,46,90,124" hai1="126,49,111,87,71,86,135,67,112,34,5,79,43" hai2="2,74,57,120,22,38,4,108,110,19,37,131,81" hai3="20,32,129,132,98,116,100,16,31,104,59,48,103"/><T115/><D115/><U25/><E112/><V30/><F120/><W73/><G116/><T96/><D121/><U63/><E111/><N who="2" m="42539" /><F30/><W91/><G73/><T128/><D75/><U69/><E135/><V94/><F131/><W83/><G132/><T117/><D117/><U109/><E109/><V130/><F130/><W27/><G129/><T72/><D72/><U1/><E126/><V123/><F123/><W35/><G103/><T3/><D128/><U36/><E71/><V33/><F33/><W41/><G35/><T23/><D124/><U65/><E65/><V70/><F57/><W89/><G83/><T122/><D122/><U101/><E101/><V127/><F94/><W125/><G125/><T17/><D90/><U10/><E79/><N who="2" m="44279" /><F70/><W84/><G84/><T118/><D118/><U24/><E36/><V106/><F106/><W11/><G59/><T85/><D85/><U14/><E1/><V77/><F77/><W9/><G91/><T26/><REACH who="0" step="1"/><D23/><REACH who="0" ten="270,240,240,240" step="2"/><U13/><E86/><V55/><F127/><W61/><G89/><T52/><D52/><U92/><E87/><V29/><F55/><W0/><G32/><T105/><D105/><U47/><E34/><V78/><F78/><W93/><G104/><T134/><D134/><U6/><E92/><V102/><F102/><W53/><G93/><T80/><D80/><U119/><E119/><V42/><F42/><AGARI ba="1,1" hai="3,7,8,17,21,26,39,42,46,62,64,68,96,99" machi="42" ten="40,7700,0" yaku="1,1,52,2,53,0" doraHai="95" doraHaiUra="114" who="0" fromWho="2" sc="270,90,240,0,240,-80,240,0" /><INIT seed="0,2,0,3,2,48" ten="360,240,160,240" oya="0" hai0="74,36,11,18,110,114,67,132,69,76,5,115,29" hai1="66,105,84,103,59,60,86,41,25,0,104,90,71" hai2="122,120,126,44,28,111,135,93,106,1,79,23,26" hai3="32,37,4,100,38,133,72,113,130,64,124,125,10"/><T116/><D116/><U83/><E0/><V81/><F106/><W62/><G113/><T101/><D132/><U131/><E131/><V95/><F135/><W20/><G32/><T56/><D29/><U129/><E129/><V50/><F1/><W57/><G72/><T6/><D101/><U47/><E103/><V53/><F111/><W134/><G130/><T89/><D110/><U123/><E123/><V34/><F126/><N who="3" m="48747" /><G100/><T40/><D89/><U107/><E25/><V65/><F65/><W45/><G20/><T128/><D128/><U33/><E33/><V19/><F122/><W80/><G80/><T68/><D5/><U21/><E21/><V118/><F118/><W51/><G38/><T85/><D36/><U7/><E7/><V52/><F120/><W24/><G24/><T98/><D74/><U109/><E109/><V58/><F34/><W91/><G91/><T87/><D76/><U17/><E17/><V108/><F28/><W42/><G37/><T13/><D18/><U73/><E73/><V43/><F108/><W16/><G16/><T119/><D119/><U14/><E14/><AGARI ba="2,0" hai="4,10,14,42,45,51,57,62,64,133,134" m="48747" machi="14" ten="30,1000,0" yaku="18,1" doraHai="48" who="3" fromWho="1" sc="360,0,240,-16,160,0,240,16" /><INIT seed="1,0,0,2,0,34" ten="360,224,160,256" oya="1" hai0="105,42,0,66,62,116,6,88,51,7,3,31,23" hai1="16,30,133,132,71,14,82,111,79,21,52,32,110" hai2="89,29,123,39,22,131,127,15,114,125,109,11,57" hai3="43,1,74,27,76,45,33,9,129,77,122,69,2"/><U90/><E71/><V5/><F39/><W55/><G55/><T65/><D105/><U25/><E90/><V73/><F73/><W86/><G86/><T44/><D116/><U83/><E83/><V18/><F57/><W72/><G69/><T113/><D113/><U96/><E96/><V85/><F123/><W118/><G122/><T70/><D65/><U95/><E95/><V17/><F85/><W124/><G118/><T134/><D134/><N who="1" m="51819" /><E82/><V60/><F60/><W63/><G63/><T12/><D88/><U38/><E38/><V103/><F89/><W78/><G124/><N who="2" m="47689" /><F103/><W64/><G64/><T36/><D12/><U87/><E87/><V37/><F37/><W47/><G43/><T108/><D36/><U97/><E97/><V126/><N who="2" m="47697" /><V112/><DORA hai="26" /><F109/><N who="1" m="41481" /><E52/><V117/><F131/><W135/><G129/><T104/><D108/><U54/><E54/><V58/><F58/><W128/><G128/><T98/><D98/><U41/><E41/><V53/><F53/><W24/><G77/><AGARI ba="0,0" hai="14,16,21,25,30,32,77,79" m="41481,51819" machi="77" ten="30,12000,1" yaku="20,1,14,1,10,1,52,1,54,1" doraHai="34,26" who="1" fromWho="3" sc="360,0,224,120,160,0,256,-120" /><INIT seed="1,1,0,0,1,106" ten="360,344,160,136" oya="1" hai0="77,64,133,31,51,103,11,111,83,93,78,60,62" hai1="124,37,39,91,15,43,85,56,67,65,52,94,81" hai2="57,49,112,104,86,3,6,82,25,41,33,123,35" hai3="120,118,119,42,26,95,89,84,131,68,66,21,110"/><U90/><E124/><V0/><F123/><W47/><G120/><T10/><D133/><U8/><E37/><V54/><F104/><W16/><G131/><T105/><D105/><U117/><E117/><V130/><F130/><W28/><G110/><T74/><D77/><U76/><E43/><V135/><F135/><W96/><G66/><T22/><D111/><U18/><E39/><V45/><F112/><W14/><G68/><T24/><D51/><U19/><E19/><V71/><F71/><W27/><G96/><N who="0" m="59791" /><D60/><U55/><E90/><V73/><F25/><W40/><G27/><T79/><D79/><U29/><E29/><V48/><F73/><W109/><G109/><T13/><D13/><U80/><E80/><V9/><REACH who="2" step="1"/><F0/><REACH who="2" ten="360,344,150,136" step="2"/><W38/><REACH who="3" step="1"/><G42/><REACH who="3" ten="360,344,150,126" step="2"/><T12/><D64/><N who="1" m="24651" /><E56/><V101/><F101/><W102/><G102/><T113/><D113/><U50/><E50/><V70/><F70/><W125/><G125/><T36/><D36/><U99/><AGARI ba="1,2" hai="8,15,18,52,55,76,81,85,91,94,99" m="24651" machi="99" ten="30,3000,0" yaku="8,1,54,1" doraHai="106" who="1" fromWho="1" sc="360,-11,344,53,150,-11,126,-11" /><INIT seed="1,2,0,2,2,84" ten="349,397,139,115" oya="1" hai0="71,13,43,103,45,15,87,96,93,31,67,5,37" hai1="90,49,18,79,108,26,56,123,39,127,16,1,23" hai2="30,60,101,35,17,38,11,24,72,133,74,98,121" hai3="102,29,61,58,48,6,125,0,112,62,128,131,59"/><U28/><E123/><V110/><F121/><W113/><G29/><T86/><D31/><U118/><E118/><V95/><F110/><W73/><G6/><T91/><D5/><U52/><E1/><V69/><F38/><W116/><G102/><T65/><D86/><U2/><E2/><V114/><F133/><W63/><G73/><T47/><D47/><U42/><E108/><V64/><REACH who="2" step="1"/><F114/><REACH who="2" ten="349,397,129,115" step="2"/><N who="3" m="44139" /><G0/><T25/><D25/><U97/><E127/><V85/><F85/><W94/><G125/><T57/><D71/><U7/><E79/><V117/><F117/><W70/><G116/><T22/><D87/><U3/><E3/><V105/><F105/><W135/><G94/><T40/><D37/><U88/><E39/><V36/><F36/><W54/><G135/><T100/><D93/><U99/><E99/><V32/><F32/><W66/><G59/><T106/><D57/><U126/><E126/><V50/><F50/><W21/><G21/><T109/><D96/><U8/><E97/><V51/><F51/><W10/><G10/><T76/><D22/><U132/><E132/><V20/><F20/><W83/><G83/><T104/><D109/><U124/><E124/><V4/><F4/><W80/><G80/><T27/><D106/><U34/><E34/><V115/><F115/><W75/><G75/><T46/><D104/><U9/><E7/><V77/><F77/><W107/><G107/><T81/><D76/><U129/><E8/><V134/><F134/><W55/><G48/><T89/><D81/><U78/><E78/><V111/><F111/><W92/><G92/><RYUUKYOKU ba="2,1" sc="349,10,397,-30,129,10,115,10" hai0="13,15,27,40,43,45,46,65,67,89,91,100,103" hai2="11,17,24,30,35,60,64,69,72,74,95,98,101" hai3="54,55,58,61,62,63,66,70,128,131" /><INIT seed="2,3,1,1,2,128" ten="359,367,139,125" oya="2" hai0="54,30,39,101,26,129,59,37,100,36,3,25,77" hai1="135,52,98,67,90,62,53,113,50,21,78,112,41" hai2="42,28,117,11,38,66,109,12,16,4,70,118,82" hai3="76,14,58,49,24,8,9,55,89,23,72,71,20"/><V87/><F28/><W56/><G71/><T68/><D68/><N who="1" m="42103" /><E90/><V44/><F109/><W64/><G72/><T2/><D129/><U127/><E98/><V63/><REACH who="2" step="1"/><F4/><REACH who="2" ten="359,367,129,125" step="2"/><W35/><G35/><T61/><D30/><U86/><E113/><V132/><F132/><W110/><G110/><T99/><D77/><AGARI ba="3,2" hai="11,12,16,38,42,44,63,66,70,77,82,87,117,118" machi="77" ten="30,11600,0" yaku="1,1,7,1,54,1,53,1" doraHai="128" doraHaiUra="83" who="2" fromWho="0" sc="359,-125,367,0,129,145,125,0" /><INIT seed="2,4,0,0,5,38" ten="234,367,274,125" oya="2" hai0="130,5,66,26,110,84,98,63,43,108,2,135,131" hai1="97,79,112,16,85,72,36,39,120,8,115,89,32" hai2="17,12,104,30,59,129,29,13,102,92,121,31,47" hai3="86,113,34,93,74,118,68,49,114,52,25,37,33"/><V55/><F104/><W105/><G105/><T116/><D116/><U70/><E32/><V44/><F121/><W15/><G118/><T127/><D84/><U83/><E70/><V3/><F3/><W7/><G37/><T9/><D127/><U88/><E120/><V57/><F129/><N who="0" m="49162" /><D135/><U69/><E69/><V56/><F55/><W48/><G74/><T64/><D98/><U133/><E133/><V124/><F124/><W51/><G68/><N who="0" m="42015" /><D66/><U19/><E115/><V119/><F119/><W80/><G93/><T73/><D26/><U53/><E112/><V75/><F75/><W132/><G132/><T46/><D73/><U22/><E97/><N who="2" m="59687" /><F12/><W18/><G114/><T95/><D95/><U14/><E53/><V23/><AGARI ba="4,0" hai="13,17,23,29,30,31,44,47,56,57,59" m="59687" machi="23" ten="30,1500,0" yaku="8,1" doraHai="38" who="2" fromWho="2" sc="234,-9,367,-9,274,27,125,-9" /><INIT seed="2,5,0,2,2,0" ten="225,358,301,116" oya="2" hai0="5,101,49,34,58,73,90,135,12,41,110,78,115" hai1="105,76,29,56,9,48,124,82,98,131,13,33,87" hai2="11,74,84,83,15,133,123,86,120,55,69,47,71" hai3="8,60,91,79,3,38,67,127,42,32,24,6,104"/><V39/><F74/><W122/><G122/><T128/><D34/><U35/><E131/><V68/><F133/><W30/><G127/><T109/><D115/><U119/><E119/><V10/><F10/><W114/><G114/><T14/><D101/><U46/><E124/><V7/><F86/><W93/><G79/><T103/><D103/><U27/><E105/><V53/><F39/><W64/><G104/><T111/><D135/><U85/><E98/><V18/><F18/><W108/><G108/><T130/><D90/><U2/><E2/><V59/><F47/><W112/><G112/><T26/><D26/><U126/><E126/><V44/><F44/><W43/><G38/><T63/><D78/><U61/><E85/><V89/><REACH who="2" step="1"/><F53/><REACH who="2" ten="225,358,291,116" step="2"/><W70/><REACH who="3" step="1"/><G67/><REACH who="3" ten="225,358,291,106" step="2"/><T72/><D110/><U52/><E76/><V45/><F45/><W125/><G125/><T129/><D111/><U62/><E46/><V77/><F77/><W99/><AGARI ba="5,2" hai="3,6,8,24,30,32,42,43,60,64,70,91,93,99" machi="99" ten="20,5200,0" yaku="1,1,0,1,7,1,52,1,53,0" doraHai="0" doraHaiUra="100" who="3" fromWho="3" sc="225,-18,358,-18,291,-31,106,87" /><INIT seed="3,0,0,3,3,87" ten="207,340,260,193" oya="3" hai0="68,40,12,45,135,112,124,39,30,76,115,119,107" hai1="102,26,127,4,66,101,20,105,120,70,11,97,6" hai2="7,77,13,0,95,46,93,36,123,104,128,37,42" hai3="48,69,106,1,31,34,67,44,65,98,56,27,134"/><W3/><G134/><T130/><D119/><U80/><E120/><V129/><F104/><W49/><G56/><T62/><D107/><U92/><E127/><V82/><F37/><W125/><G125/><T43/><D124/><U18/><E70/><V32/><F13/><W117/><G117/><T131/><D76/><U78/><E66/><V60/><F60/><W110/><G110/><T25/><D12/><U99/><E11/><N who="2" m="2535" /><F32/><W73/><G73/><AGARI ba="0,0" hai="4,6,18,20,26,73,78,80,92,97,99,101,102,105" machi="73" ten="30,1000,0" yaku="7,1" doraHai="87" who="1" fromWho="3" sc="207,0,340,10,260,0,193,-10" owari="207,-19.3,350,45.0,260,6.0,183,-31.7" /></mjloggm>