<mjloggm ver="2.3"><GO type="225" lobby="0"/><UN n0="%E8%A8%88%E7%AE%97%E6%A9%9F%E8%87%AA%E7%84%B6" n1="%E3%81%8B%E3%82%8F%E3%81%A1%E3%82%83%E3%82%93%35%38" n2="%E5%91%A8%E6%9D%B1" n3="%E3%81%A4%E3%81%A3%E3%81%B1%E3%82%8A%E3%83%9D%E3%83%BC%E3%83%AB" dan="17,16,17,17" rate="2141.45,2176.86,2197.60,2139.15" sx="M,M,M,M"/><TAIKYOKU oya="0"/><INIT seed="0,0,0,0,1,18" ten="250,250,250,250" oya="0" hai0="51,20,1,60,106,89,120,2,6,82,38,47,78" hai1="101,94,87,90,66,134,49,44,40,130,124,80,107" hai2="41,71,14,70,27,88,135,48,55,92,16,117,131" hai3="72,8,104,36,13,83,33,35,10,105,128,84,98"/><T111/><D120/><U39/><E130/><V21/><F131/><W9/><G72/><T43/><D106/><U79/><E134/><V59/><F135/><W74/><G74/><T108/><D89/><U0/><E124/><V77/><F117/><W123/><G128/><T12/><D60/><U97/><E0/><V86/><F77/><W73/><G73/><T112/><D112/><U76/><E66/><V69/><F41/><W68/><G36/><T133/><D38/><U132/><E132/><V96/><F96/><W52/><G68/><T121/><D121/><U19/><E39/><V81/><F81/><W22/><G123/><T54/><D54/><U58/><E58/><V62/><F27/><W115/><G52/><T11/><D133/><U30/><E30/><V15/><F15/><W4/><G115/><T32/><D32/><U5/><E5/><V126/><F126/><W127/><G127/><T63/><D63/><AGARI ba="0,0" hai="14,16,21,48,55,59,62,63,69,70,71,86,88,92" machi="63" ten="40,8000,1" yaku="25,2,52,1,54,2" doraHai="18" who="2" fromWho="0" sc="250,-80,250,0,250,80,250,0" /><INIT seed="1,0,0,1,0,132" ten="170,250,330,250" oya="1" hai0="78,125,48,47,117,81,23,12,7,123,18,63,31" hai1="97,121,35,38,66,98,69,4,79,55,30,93,32" hai2="108,40,103,82,19,34,70,76,114,64,72,102,124" hai3="111,120,41,27,13,99,37,129,21,24,75,88,122"/><U1/><E121/><V127/><F114/><W58/><G75/><T65/><D117/><U59/><E38/><V112/><F112/><W3/><G3/><T26/><D123/><U133/><E133/><V73/><F34/><W53/><G111/><T87/><D7/><U29/><E79/><V83/><F40/><W61/><G129/><T89/><D125/><N who="2" m="48202" /><F108/><W44/><G13/><T92/><D63/><U42/><E42/><V54/><F54/><W96/><G27/><T51/><D65/><U22/><E66/><V84/><F19/><N who="3" m="12351" /><G99/><T101/><D101/><N who="2" m="38410" /><F83/><W68/><G68/><T85/><REACH who="0" step="1"/><D47/><REACH who="0" ten="160,250,330,250" step="2"/><U90/><E69/><V39/><F39/><W57/><G57/><T86/><D86/><U56/><E59/><V9/><F9/><AGARI ba="0,1" hai="9,12,18,23,26,31,48,51,78,81,85,87,89,92" machi="9" ten="30,3900,0" yaku="1,1,7,1,8,1,53,0" doraHai="132" doraHaiUra="71" who="0" fromWho="2" sc="160,49,250,0,330,-39,250,0" /><INIT seed="2,0,0,2,1,72" ten="209,250,291,250" oya="2" hai0="49,66,56,3,67,7,101,63,52,40,26,126,71" hai1="20,124,79,33,51,38,110,115,44,82,29,123,70" hai2="105,127,18,91,34,24,132,62,111,15,121,31,41" hai3="88,46,12,43,0,102,36,16,116,119,99,8,10"/><V48/><F121/><W73/><G73/><T83/><D126/><U94/><E115/><V100/><F127/><W109/><G109/><T60/><D101/><U54/><E124/><V4/><F111/><W35/><G35/><T13/><D3/><U135/><E110/><V14/><F132/><W96/><G96/><T130/><D130/><U45/><E70/><V122/><F122/><W69/><G69/><T134/><D134/><U19/><E123/><V104/><F100/><W65/><G65/><T9/><D26/><U97/><E135/><V117/><F117/><W125/><G125/><T68/><D83/><U42/><E29/><V23/><F62/><W30/><G30/><T59/><D40/><U89/><E33/><V64/><F64/><W112/><G112/><T37/><REACH who="0" step="1"/><D37/><REACH who="0" ten="199,250,291,250" step="2"/><U21/><REACH who="1" step="1"/><E19/><REACH who="1" ten="199,240,291,250" step="2"/><V131/><F18/><N who="3" m="8455" /><G119/><T76/><D76/><U39/><E39/><V95/><F31/><W108/><G16/><T75/><D75/><AGARI ba="0,2" hai="20,21,38,42,44,45,51,54,75,79,82,89,94,97" machi="75" ten="30,3900,0" yaku="1,1,7,1,52,1,53,0" doraHai="72" doraHaiUra="53" who="1" fromWho="0" sc="199,-39,240,59,291,0,250,0" /><INIT seed="3,0,0,0,4,56" ten="160,299,291,250" oya="3" hai0="21,128,104,41,1,9,91,93,110,102,39,119,79" hai1="75,68,29,30,31,35,86,126,125,84,76,26,52" hai2="15,49,118,85,6,97,40,47,83,61,88,131,105" hai3="17,34,111,57,58,116,99,71,123,44,81,127,129"/><W18/><G71/><T82/><D110/><U59/><E68/><V0/><F118/><W134/><G34/><T27/><D128/><U130/><E75/><V90/><F131/><W43/><G123/><T5/><D119/><U7/><E7/><V63/><F0/><W122/><G122/><T133/><D133/><U80/><E84/><N who="2" m="50207" /><F97/><W107/><G116/><T98/><D41/><U100/><E100/><V132/><F105/><W101/><G129/><T66/><D39/><U55/><E130/><V33/><F33/><W112/><G112/><T3/><D66/><U64/><E64/><V50/><F50/><W67/><G67/><T113/><D113/><U62/><E55/><V89/><F132/><W109/><G81/><T87/><D3/><U77/><E77/><V45/><F45/><W36/><G127/><AGARI ba="0,0" hai="26,29,30,31,35,52,59,62,76,80,86,125,126,127" machi="127" ten="40,5200,0" yaku="18,1,52,1,54,1" doraHai="56" who="1" fromWho="3" sc="160,0,299,52,291,0,250,-52" owari="160,-34.0,351,45.1,291,9.1,198,-20.2" /></mjloggm>