<mjloggm ver="2.3"><GO type="225" lobby="0"/><UN n0="%E3%80%90%E8%92%BC%E7%90%89%E3%80%91" n1="%E3%81%82%E3%81%84%E3%81%82%E3%81%8A%E3%81%84" n2="%E7%99%BD%E5%80%89%E5%AF%9B%E4%B9%8B" n3="%E6%A1%9C%E8%8A%B1%E9%96%83%E3%80%85" dan="16,18,16,17" rate="2197.14,2194.69,2138.42,2229.75" sx="F,M,M,M"/><TAIKYOKU oya="0"/><INIT seed="0,0,0,4,2,103" ten="250,250,250,250" oya="0" hai0="52,67,84,77,72,91,110,56,34,3,90,96,33" hai1="38,80,45,42,30,0,29,40,14,66,116,28,135" hai2="127,93,63,58,71,35,117,25,87,43,97,53,89" hai3="32,24,59,57,20,95,6,92,79,8,126,128,123"/><T5/><D67/><U76/><E116/><V55/><F127/><W98/><G126/><T85/><D72/><U78/><E135/><V46/><F117/><W44/><G32/><T10/><D77/><U111/><E111/><V27/><F35/><W47/><G128/><T15/><D96/><U101/><E0/><V129/><F129/><W73/><G95/><T68/><D68/><U39/><E101/><V99/><F71/><W131/><G123/><T41/><D41/><U49/><E66/><V60/><F99/><W119/><G59/><T1/><D110/><U81/><E14/><V108/><F108/><W120/><G57/><T31/><D85/><U121/><E121/><V26/><F97/><W7/><G7/><T18/><D31/><U124/><E124/><V51/><REACH who="2" step="1"/><F63/><REACH who="2" ten="250,250,240,250" step="2"/><W88/><G119/><T61/><D34/><U74/><REACH who="1" step="1"/><E40/><AGARI ba="0,1" hai="25,26,27,40,43,46,51,53,55,58,60,87,89,93" machi="40" ten="40,5200,0" yaku="1,1,2,1,8,1,53,0" doraHai="103" doraHaiUra="100" who="2" fromWho="1" sc="250,0,250,-52,240,62,250,0" /><INIT seed="1,0,0,1,1,33" ten="250,198,302,250" oya="1" hai0="109,122,112,16,54,64,90,30,94,92,59,108,119" hai1="24,57,46,23,98,105,60,61,9,107,124,127,29" hai2="38,130,86,18,116,125,42,51,28,117,41,135,53" hai3="20,66,48,37,102,99,81,97,118,1,10,87,100"/><U131/><E131/><V2/><F28/><W133/><G37/><T134/><D112/><U114/><E114/><V15/><F130/><W21/><G133/><T106/><D119/><U74/><E74/><V43/><F38/><W39/><G39/><T91/><D106/><U77/><E77/><V129/><F129/><W101/><G118/><T75/><D75/><U111/><E111/><N who="0" m="42569" /><D30/><U128/><E128/><V65/><F65/><W34/><G34/><T44/><D134/><U73/><E73/><V6/><F135/><W67/><G48/><N who="0" m="28935" /><D122/><U104/><E98/><N who="3" m="37386" /><G1/><T55/><D64/><N who="3" m="24617" /><G10/><T47/><D47/><U85/><E46/><V123/><F123/><W68/><G68/><T82/><D82/><U120/><E120/><V93/><F117/><W22/><G22/><T121/><D121/><U8/><E85/><V80/><F116/><W72/><G72/><T5/><D5/><U113/><E113/><V26/><F6/><W36/><G36/><T25/><D94/><U32/><E32/><V13/><F93/><W14/><G14/><T17/><D25/><U35/><E35/><V103/><F26/><W4/><G4/><T27/><D92/><U11/><REACH who="1" step="1"/><E57/><REACH who="1" ten="250,188,302,250" step="2"/><N who="2" m="32959" /><F86/><W7/><G7/><T95/><D91/><AGARI ba="0,1" hai="20,21,81,87,91,100,101,102" m="24617,37386" machi="91" ten="30,1000,0" yaku="8,1" doraHai="33" who="3" fromWho="0" sc="250,-10,188,0,302,0,250,20" /><INIT seed="2,0,0,2,2,49" ten="240,188,302,270" oya="2" hai0="31,19,133,2,9,131,125,113,94,20,14,56,39" hai1="92,62,0,11,40,107,3,130,95,28,86,17,81" hai2="91,55,13,126,68,32,69,100,85,101,42,45,87" hai3="37,115,52,118,30,96,111,6,116,75,60,99,53"/><V66/><F32/><W7/><G75/><T80/><D39/><U106/><E130/><V98/><F126/><W121/><G121/><T119/><D113/><U15/><E28/><V51/><F101/><W129/><G37/><T104/><D104/><U38/><E62/><V50/><F13/><W21/><G129/><T90/><D131/><U46/><E107/><V65/><F69/><W112/><G60/><T43/><D43/><U67/><E67/><V77/><F77/><W24/><G111/><T76/><D125/><U33/><E33/><V127/><F127/><W89/><G89/><T123/><D123/><U25/><E25/><V18/><F18/><W64/><G64/><T47/><D133/><U16/><E17/><V41/><F68/><W128/><G128/><T12/><D2/><U58/><E58/><V8/><F8/><W4/><G99/><T5/><D47/><U120/><E106/><V110/><F110/><W83/><G96/><T72/><D56/><U35/><E35/><V78/><F78/><W71/><G83/><T97/><D31/><U82/><E82/><N who="2" m="49591" /><F87/><W57/><G71/><T93/><D93/><U26/><E26/><V109/><F109/><W79/><G79/><T70/><D70/><U34/><E34/><V122/><F122/><W105/><G105/><T63/><D119/><N who="3" m="45609" /><G57/><T117/><D117/><U114/><E120/><V1/><F41/><W59/><G59/><T74/><REACH who="0" step="1"/><D63/><REACH who="0" ten="230,188,302,270" step="2"/><U124/><E124/><V103/><F42/><W10/><G115/><T88/><D88/><N who="1" m="51279" /><E114/><V108/><F108/><W48/><G112/><T132/><D132/><RYUUKYOKU ba="0,1" sc="230,15,188,15,302,-15,270,-15" hai0="5,9,12,14,19,20,72,74,76,80,90,94,97" hai1="0,3,11,15,16,38,40,46,92,95" /><INIT seed="3,1,1,3,5,35" ten="245,203,287,255" oya="3" hai0="66,114,118,23,97,67,89,107,105,73,58,133,122" hai1="42,34,30,123,112,82,98,61,51,75,57,86,54" hai2="135,132,1,78,52,91,24,119,33,50,26,116,48" hai3="85,72,7,68,13,64,0,134,93,9,130,115,87"/><W109/><G115/><T90/><D118/><N who="2" m="45098" /><F1/><W69/><G72/><T84/><D122/><U44/><E123/><V36/><F36/><W28/><G134/><N who="2" m="51241" /><F33/><W79/><G130/><T39/><D73/><U14/><E112/><V41/><F78/><W127/><G127/><T37/><D114/><U27/><E75/><V18/><F18/><W11/><G28/><T126/><D133/><U100/><E14/><V110/><F110/><W20/><G20/><T60/><D23/><U62/><E82/><V103/><F103/><W2/><G109/><T43/><D84/><U56/><E86/><V83/><F83/><W102/><G102/><T96/><D58/><U81/><E81/><V74/><F91/><W3/><G11/><T63/><REACH who="0" step="1"/><D43/><REACH who="0" ten="235,203,287,255" step="2"/><U108/><E108/><V45/><F74/><W99/><G85/><T131/><D131/><U31/><E31/><V101/><F101/><W15/><G87/><T125/><AGARI ba="1,2" hai="37,39,60,63,66,67,89,90,96,97,105,107,125,126" machi="125" ten="25,6400,0" yaku="1,1,0,1,22,2,53,0" doraHai="35" doraHaiUra="80" who="0" fromWho="0" sc="235,87,203,-17,287,-17,255,-33" owari="322,42.2,186,-31.4,270,7.0,222,-17.8" /></mjloggm>