<mjloggm ver="2.3"><GO type="225" lobby="0"/><UN n0="%33%74%72%65%65" n1="%E6%9C%88%E5%B3%B6%E5%9F%BA" n2="%E6%B4%BE%E9%81%A3%E3%81%AE%E3%82%B8%E3%83%A3%E3%83%83%E3%82%AF" n3="%E6%A1%9C%E8%8A%B1%E9%96%83%E3%80%85" dan="17,17,17,16" rate="2137.75,2221.53,2163.99,2237.11" sx="F,M,M,M"/><TAIKYOKU oya="0"/><INIT seed="0,0,0,3,1,133" ten="250,250,250,250" oya="0" hai0="104,69,27,52,26,28,86,106,46,43,109,63,79" hai1="123,90,49,77,47,72,96,82,32,121,87,34,66" hai2="92,58,117,89,88,22,97,17,134,37,102,0,53" hai3="74,15,126,55,99,21,38,103,45,85,42,120,30"/><T125/><D125/><U5/><E5/><V9/><F37/><W131/><G74/><T59/><D109/><U23/><E66/><V71/><F71/><W114/><G114/><T60/><D27/><U113/><E113/><V135/><F117/><W56/><G131/><T91/><D79/><U127/><E127/><V41/><F41/><W70/><G70/><T129/><D63/><U11/><E11/><V7/><F134/><W1/><G1/><T24/><D129/><U76/><E76/><V83/><F83/><W4/><G85/><T115/><D24/><U84/><E96/><V75/><F75/><W94/><G120/><T122/><D122/><U12/><E72/><V119/><F119/><W81/><G81/><T110/><D110/><U95/><E34/><V112/><F135/><W44/><G44/><T107/><D69/><U124/><E32/><V36/><F36/><W19/><G4/><T101/><D101/><U73/><E73/><V6/><F6/><W16/><G126/><T98/><D98/><U29/><E124/><V61/><REACH who="2" step="1"/><F112/><REACH who="2" ten="250,250,240,250" step="2"/><W80/><G80/><N who="0" m="49607" /><D115/><U105/><E121/><V128/><F128/><W2/><G2/><T78/><D43/><N who="1" m="24831" /><E123/><V93/><F93/><W50/><REACH who="3" step="1"/><G19/><REACH who="3" ten="250,250,240,240" step="2"/><T130/><D130/><U40/><E82/><V20/><F20/><W3/><G3/><T100/><D78/><U39/><E77/><V108/><F108/><W33/><G33/><N who="0" m="20631" /><D46/><U51/><E23/><V35/><F35/><W64/><G64/><T8/><D8/><U48/><E39/><V57/><F57/><W65/><G65/><T14/><D14/><AGARI ba="0,2" hai="0,7,9,14,17,22,53,58,61,88,89,92,97,102" machi="14" ten="30,7700,0" yaku="1,1,6,1,7,1,54,1,53,0" doraHai="133" doraHaiUra="132" who="2" fromWho="0" sc="250,-77,250,0,240,97,240,0" /><INIT seed="1,0,0,0,4,20" ten="173,250,337,240" oya="1" hai0="33,106,65,133,123,109,41,111,135,23,16,17,104" hai1="88,85,101,50,15,7,78,90,13,54,4,92,99" hai2="118,94,69,107,93,76,86,42,32,134,122,127,116" hai3="66,21,131,12,53,62,64,100,83,119,30,43,24"/><U0/><E78/><V39/><F69/><W2/><G2/><T59/><D33/><U84/><E0/><V71/><F71/><W121/><G121/><T52/><D65/><U95/><E7/><V117/><F32/><W115/><G115/><T63/><D41/><U103/><E4/><V8/><F107/><N who="0" m="41002" /><D123/><U96/><E50/><V49/><F49/><W126/><G119/><T113/><D113/><U74/><E74/><V38/><F8/><W102/><G43/><T97/><D97/><U47/><E47/><V55/><F55/><AGARI ba="0,0" hai="13,15,54,55,84,85,88,90,92,95,96,99,101,103" machi="55" ten="25,9600,0" yaku="22,2,8,1,54,1" doraHai="20" who="1" fromWho="2" sc="173,0,250,96,337,-96,240,0" /><INIT seed="1,1,0,4,4,13" ten="173,346,241,240" oya="1" hai0="69,121,12,27,68,15,9,75,84,71,112,104,90" hai1="57,3,63,45,92,43,125,95,98,93,77,30,114" hai2="51,24,113,7,80,5,110,118,102,54,129,29,26" hai3="42,48,20,76,99,58,120,66,33,73,0,47,128"/><U81/><E114/><V22/><F118/><W131/><G33/><T105/><D112/><U10/><E125/><V89/><F113/><W44/><G120/><T19/><D121/><U34/><E34/><V83/><F110/><W52/><G0/><T96/><D75/><U82/><E30/><V130/><F102/><W41/><G99/><T46/><D27/><U132/><E132/><V49/><F89/><W59/><G20/><T39/><D96/><U127/><E127/><V70/><F70/><W18/><G18/><T124/><D124/><U28/><E28/><V23/><F29/><W79/><G73/><T122/><D122/><U2/><E98/><V21/><F21/><W135/><G135/><T86/><D86/><U31/><E31/><V74/><F74/><W119/><G119/><T101/><D101/><U37/><E10/><V40/><F54/><W14/><G14/><T6/><D46/><N who="3" m="17449" /><G76/><T32/><D39/><U106/><E106/><V50/><F50/><W53/><G66/><T123/><D32/><U11/><E77/><V133/><F133/><W56/><G79/><T55/><D55/><N who="3" m="21065" /><G48/><T111/><D111/><U97/><E97/><V4/><F4/><W88/><G88/><T100/><D100/><U8/><E3/><V87/><F87/><W72/><G72/><T94/><REACH who="0" step="1"/><D123/><REACH who="0" ten="163,346,241,240" step="2"/><U115/><E115/><V91/><F91/><W64/><G64/><T65/><D65/><N who="1" m="39151" /><E2/><V67/><F67/><W107/><G107/><T126/><D126/><U16/><E37/><V60/><F26/><W61/><G61/><T1/><D1/><U25/><E25/><RYUUKYOKU ba="1,1" sc="163,15,346,-15,241,-15,240,15" hai0="6,9,12,15,19,68,69,71,84,90,94,104,105" hai3="41,42,56,58,59,128,131" /><INIT seed="2,2,1,1,4,134" ten="178,331,226,255" oya="2" hai0="18,130,92,127,35,81,13,39,15,103,28,119,17" hai1="67,69,95,6,27,14,75,47,9,129,30,87,34" hai2="3,70,4,42,38,98,23,131,37,46,115,125,122" hai3="32,100,117,83,108,126,96,7,120,61,112,121,76"/><V62/><F122/><W50/><G117/><T29/><D39/><U93/><E75/><V94/><F115/><W102/><G32/><T104/><D104/><U128/><E47/><V21/><F37/><W49/><G112/><T105/><D105/><U5/><E5/><V56/><F70/><W11/><G108/><T64/><D119/><U79/><E67/><V12/><F131/><N who="1" m="50249" /><E69/><V31/><F3/><W65/><G126/><T110/><D110/><U25/><E25/><V118/><F118/><W77/><G77/><T19/><D130/><U10/><E10/><V124/><F4/><W63/><G102/><T116/><D116/><U114/><E114/><V84/><F84/><W36/><G36/><T99/><D127/><N who="2" m="48714" /><F12/><N who="0" m="4682" /><D35/><U52/><E14/><V8/><F31/><N who="0" m="11850" /><D81/><N who="1" m="47551" /><E6/><V24/><F24/><W101/><G7/><T90/><D64/><U74/><E9/><V2/><F2/><W33/><G11/><T53/><D53/><U43/><E74/><V111/><F111/><W109/><G33/><T85/><D85/><U82/><E27/><V40/><F8/><W73/><G109/><T22/><D22/><U135/><E30/><V88/><F40/><W26/><G26/><T45/><D45/><U51/><E43/><V55/><AGARI ba="2,1" hai="21,23,38,42,46,55,56,62,88,94,98" m="48714" machi="55" ten="30,12000,1" yaku="18,1,52,3,54,1" doraHai="134" who="2" fromWho="2" sc="178,-42,331,-42,226,136,255,-42" /><INIT seed="2,3,0,0,3,35" ten="136,289,362,213" oya="2" hai0="117,0,124,82,132,68,18,123,94,129,65,119,91" hai1="86,25,120,110,38,43,28,15,71,103,100,93,114" hai2="40,134,56,26,126,106,27,58,9,6,16,57,131" hai3="22,125,111,77,62,60,55,19,61,112,53,52,95"/><V85/><F106/><W135/><G111/><T54/><D123/><U17/><E114/><V115/><F115/><W121/><G112/><T3/><D132/><U75/><E71/><V33/><F131/><W102/><G121/><T66/><D129/><U32/><E75/><V87/><F126/><W70/><G135/><T128/><D124/><U49/><E110/><V72/><F72/><W127/><G70/><T46/><D128/><U113/><E38/><V133/><F40/><W8/><G77/><T89/><D18/><U107/><E107/><V50/><F50/><W122/><G122/><T116/><D82/><U63/><E63/><V81/><F85/><W130/><G130/><T45/><D68/><U101/><E113/><V88/><F27/><W21/><G125/><T2/><D54/><U44/><E120/><V97/><F97/><N who="3" m="59711" /><G127/><T29/><D29/><U36/><E36/><V37/><F37/><W42/><G42/><T64/><D94/><U96/><E86/><V99/><F99/><W67/><G67/><T83/><D83/><U14/><E14/><AGARI ba="3,0" hai="8,14,19,21,22,52,53,55,60,61,62" m="59711" machi="14" ten="30,2000,0" yaku="8,1,54,1" doraHai="35" who="3" fromWho="1" sc="136,0,289,-29,362,0,213,29" /><INIT seed="3,0,0,5,1,23" ten="136,260,362,242" oya="3" hai0="5,124,58,41,80,98,44,81,99,110,73,2,52" hai1="60,103,0,74,71,128,90,100,111,94,105,118,122" hai2="27,78,53,57,54,61,69,88,82,55,13,76,56" hai3="93,26,68,77,109,83,8,30,45,3,97,130,133"/><W19/><G130/><T86/><D110/><U18/><E0/><V34/><F69/><W39/><G68/><T9/><D124/><U89/><E74/><V104/><F104/><W28/><G133/><T29/><D29/><U85/><E122/><V36/><F36/><W119/><G119/><T106/><D106/><U7/><E7/><V95/><F34/><W91/><G109/><T113/><D113/><U25/><E105/><V4/><F27/><W50/><G39/><T31/><D31/><U42/><E42/><V96/><F82/><W24/><G3/><T125/><D125/><U72/><E72/><V115/><F115/><W134/><G134/><T121/><D121/><U40/><E40/><V117/><F117/><W1/><G1/><T12/><D80/><U112/><E112/><V6/><F55/><N who="3" m="30159" /><G28/><T132/><D132/><U67/><E128/><V129/><F129/><W79/><G30/><T48/><D73/><U107/><E107/><V108/><F108/><W16/><G19/><T127/><D2/><U49/><E18/><V62/><F6/><W32/><G32/><T114/><D114/><U37/><E37/><V63/><F63/><W33/><G33/><T35/><D35/><U22/><E118/><V15/><F4/><W59/><G59/><T126/><D126/><U123/><E123/><V11/><F11/><W43/><G43/><T84/><D127/><U92/><E111/><V66/><F66/><W102/><G79/><AGARI ba="0,0" hai="13,15,53,54,56,57,61,62,76,78,79,88,95,96" machi="79" ten="40,5200,0" yaku="9,1,8,1,54,1" doraHai="23" who="2" fromWho="3" sc="136,0,260,0,362,52,242,-52" owari="136,-36.4,260,6.0,414,51.4,190,-21.0" /></mjloggm>