<mjloggm ver="2.3"><GO type="225" lobby="0"/><UN n0="%E6%81%A5%E6%99%92%E3%81%97" n1="%70%68%65%6E%6F%6D%65" n2="%E4%BF%BA%E3%81%A8%E5%A6%96%E5%A4%A2" n3="%E3%83%A9%E3%82%A4%E3%83%B3%E3%81%AE%E8%99%8E" dan="17,16,16,16" rate="2197.56,2135.44,2232.59,2154.30" sx="M,M,F,M"/><TAIKYOKU oya="0"/><INIT seed="0,0,0,2,5,9" ten="250,250,250,250" oya="0" hai0="107,64,23,98,70,38,40,76,74,123,21,44,54" hai1="1,103,29,100,110,22,128,84,25,17,47,90,20" hai2="39,37,11,35,119,131,41,61,80,62,133,72,104" hai3="111,10,109,15,5,106,118,127,31,115,105,3,32"/><T124/><D123/><U33/><E110/><N who="3" m="41994" /><G115/><T59/><D124/><U77/><E1/><V108/><F104/><W81/><G81/><T112/><D112/><U48/><E128/><V122/><F108/><W132/><G105/><T63/><D76/><U26/><E33/><V45/><F122/><W88/><G106/><T125/><D74/><U13/><E25/><V49/><F35/><W34/><G88/><T129/><D129/><U96/><E96/><V58/><F131/><W66/><G66/><T86/><D86/><U27/><E26/><V30/><F30/><W60/><G60/><T120/><D125/><U116/><E116/><V87/><F72/><W75/><G75/><T19/><D19/><U28/><E29/><V93/><F93/><W4/><G127/><T102/><REACH who="0" step="1"/><D120/><REACH who="0" ten="240,250,250,250" step="2"/><U14/><E77/><V2/><F87/><W68/><G118/><T89/><D89/><U24/><E100/><V117/><F117/><W73/><G73/><T53/><D53/><N who="1" m="29855" /><E103/><V12/><F119/><W0/><G31/><T55/><D55/><U99/><E99/><V91/><F91/><W56/><G4/><T126/><D126/><U57/><E57/><V94/><F58/><W134/><G56/><T8/><D8/><U114/><E114/><V83/><F11/><W67/><G10/><T69/><D69/><U51/><E84/><V130/><F130/><W7/><G68/><T79/><D79/><U42/><E90/><V95/><F83/><W101/><G101/><T78/><D78/><U16/><E17/><V43/><F80/><W52/><G7/><T71/><D71/><RYUUKYOKU ba="0,1" sc="240,15,250,15,250,-15,250,-15" hai0="21,23,38,40,44,54,59,63,64,70,98,102,107" hai1="13,14,16,20,22,24,27,28,42,51" /><INIT seed="0,1,1,2,1,99" ten="255,265,235,235" oya="0" hai0="93,66,40,39,6,64,113,10,60,24,58,135,18" hai1="17,1,70,4,95,14,23,98,90,86,83,73,44" hai2="27,105,46,132,61,101,54,103,96,12,84,8,114" hai3="59,20,26,72,63,25,28,127,129,77,33,53,11"/><T22/><D135/><U100/><E70/><V35/><F114/><W110/><G110/><T118/><D118/><U56/><E1/><V65/><F132/><W19/><G127/><T85/><D113/><U112/><E112/><V71/><F84/><W107/><G129/><T38/><D40/><U97/><E4/><V34/><F101/><W30/><G107/><T5/><D5/><U128/><E128/><V79/><F79/><W119/><G119/><T111/><D111/><U51/><E56/><V117/><F117/><W43/><G43/><T67/><D85/><U130/><E130/><V88/><F88/><W92/><G77/><T45/><D45/><U134/><E134/><V16/><REACH who="2" step="1"/><F27/><REACH who="2" ten="255,265,225,235" step="2"/><W7/><G72/><T50/><D93/><N who="1" m="58415" /><E73/><V0/><F0/><W131/><G92/><T123/><D123/><U75/><E75/><V121/><F121/><W2/><REACH who="3" step="1"/><G131/><REACH who="3" ten="255,265,225,225" step="2"/><T108/><D108/><U81/><E86/><V13/><F13/><W116/><G116/><T36/><D24/><U91/><E91/><V87/><F87/><W3/><G3/><T69/><D69/><U57/><E83/><V55/><F55/><W47/><G47/><T104/><D104/><U126/><E81/><V94/><F94/><W82/><G82/><T31/><D67/><U9/><E44/><V68/><F68/><W74/><G74/><T106/><D106/><U78/><E78/><V29/><F29/><AGARI ba="1,3" hai="2,7,11,19,20,25,26,28,29,30,33,53,59,63" machi="29" ten="40,1300,0" yaku="1,1,53,0" doraHai="99" doraHaiUra="37" who="3" fromWho="2" sc="255,0,265,0,225,-16,225,46" /><INIT seed="1,0,0,2,3,17" ten="255,265,209,271" oya="1" hai0="26,40,134,119,100,135,77,115,73,50,19,34,85" hai1="11,55,36,131,46,9,7,75,38,98,53,28,112" hai2="63,90,51,129,58,35,82,89,106,97,18,45,96" hai3="6,133,108,76,39,91,122,48,87,43,88,47,59"/><U33/><E112/><V21/><F35/><W20/><G122/><T80/><D115/><U95/><E75/><V16/><F129/><W84/><G108/><T30/><D119/><U79/><E79/><V70/><F70/><W120/><G120/><T93/><D19/><U94/><E131/><V57/><F106/><W102/><G133/><N who="0" m="50699" /><D100/><U81/><E81/><V128/><F18/><W116/><G102/><T1/><D1/><U24/><E95/><V49/><F128/><W42/><G6/><T23/><D93/><U68/><E68/><V54/><F57/><W29/><G116/><T52/><D40/><U121/><E121/><V83/><F90/><W117/><G117/><T4/><D4/><U65/><E11/><V103/><F103/><W8/><G8/><T31/><D31/><U60/><E9/><V125/><F49/><W124/><G48/><T61/><D61/><U72/><E7/><V32/><F125/><W78/><G29/><T0/><D0/><U104/><E104/><V71/><F32/><W118/><G124/><T15/><D15/><U37/><E94/><N who="2" m="56399" /><F71/><W41/><G118/><T69/><D69/><U130/><E130/><V113/><F97/><W114/><G114/><T67/><D67/><U12/><E98/><V25/><F113/><W44/><G78/><T64/><D64/><AGARI ba="0,0" hai="16,21,25,45,51,54,58,63,64,82,83" m="56399" machi="64" ten="30,3900,0" yaku="8,1,52,1,54,1" doraHai="17" who="2" fromWho="0" sc="255,-39,265,0,209,39,271,0" /><INIT seed="2,0,0,4,4,109" ten="216,265,248,271" oya="2" hai0="8,9,58,125,78,52,94,57,67,19,127,53,91" hai1="18,107,132,116,63,34,99,33,27,108,76,51,47" hai2="120,106,41,74,96,21,49,44,22,42,5,118,70" hai3="113,46,40,122,62,2,12,54,121,126,64,129,86"/><V65/><F120/><W35/><G2/><T85/><D67/><U28/><E116/><V114/><F118/><W56/><G35/><T26/><D78/><U66/><E108/><V13/><F74/><W59/><G12/><T111/><D111/><U133/><E76/><V100/><F42/><W61/><G86/><T82/><D82/><U60/><E33/><V128/><F128/><W80/><G80/><T95/><D26/><U75/><E75/><V30/><F65/><W124/><G129/><T89/><REACH who="0" step="1"/><D19/><REACH who="0" ten="206,265,248,271" step="2"/><U4/><E18/><V43/><F70/><W55/><G64/><T81/><D81/><U6/><E66/><V24/><F41/><W119/><G119/><T117/><D117/><U11/><E132/><V50/><F43/><W97/><G40/><T90/><D90/><U134/><E133/><V123/><F24/><W71/><G71/><T32/><D32/><U131/><E134/><V77/><F77/><W31/><G121/><T7/><D7/><U25/><E27/><V112/><F123/><W39/><G122/><T1/><D1/><U104/><E4/><V115/><F30/><W88/><G31/><T36/><D36/><U17/><E17/><V130/><F130/><W105/><G88/><T14/><D14/><N who="1" m="5495" /><E131/><V10/><REACH who="2" step="1"/><F44/><REACH who="2" ten="206,265,238,271" step="2"/><W69/><G69/><T37/><D37/><U15/><E25/><V110/><F110/><W101/><G39/><T79/><D79/><U135/><E135/><V87/><F87/><AGARI ba="0,2" hai="8,9,52,53,57,58,85,87,89,91,94,95,125,127" machi="87" ten="25,6400,0" yaku="1,1,22,2,54,1,53,0" doraHai="109" doraHaiUra="20" who="0" fromWho="2" sc="206,84,265,0,238,-64,271,0" /><INIT seed="3,0,0,0,0,64" ten="290,265,174,271" oya="3" hai0="125,135,50,98,57,4,96,34,5,59,122,91,36" hai1="65,103,93,12,17,32,30,13,69,115,24,7,75" hai2="130,52,80,74,40,95,111,63,106,129,73,60,58" hai3="9,20,49,29,35,99,81,67,62,39,3,109,16"/><W41/><G39/><T102/><D122/><U133/><E115/><V87/><F106/><W123/><G123/><T44/><D34/><U131/><E75/><V37/><F95/><W48/><G41/><N who="0" m="24847" /><D36/><U28/><E131/><N who="2" m="50187" /><F111/><W22/><G22/><T0/><D0/><U45/><E133/><V46/><F63/><W51/><G109/><T126/><D135/><U124/><E103/><V33/><F33/><W6/><G81/><T70/><D70/><U113/><E69/><V88/><AGARI ba="0,0" hai="37,40,46,52,58,60,73,74,80,87,88" m="50187" machi="88" ten="30,4000,0" yaku="19,1,54,2" doraHai="64" who="2" fromWho="2" sc="290,-10,265,-10,174,40,271,-20" /><INIT seed="4,0,0,1,1,20" ten="280,255,214,251" oya="0" hai0="58,21,68,40,36,51,2,45,125,4,74,98,132" hai1="34,127,1,100,32,57,26,75,107,119,63,113,95" hai2="126,39,18,59,88,0,90,3,29,116,114,102,118" hai3="41,129,61,77,131,86,12,99,22,9,121,33,67"/><T6/><D125/><U87/><E119/><N who="2" m="45611" /><F39/><W80/><G33/><T71/><D132/><U17/><E1/><N who="2" m="587" /><F126/><W38/><G121/><T76/><D21/><U120/><E120/><V11/><F114/><W89/><G41/><T14/><D14/><U96/><E127/><V106/><F29/><W70/><G38/><T101/><D51/><U28/><E75/><V48/><F102/><W27/><G99/><T66/><D58/><U93/><E113/><V103/><F103/><W7/><REACH who="3" step="1"/><G77/><REACH who="3" ten="280,255,214,241" step="2"/><T10/><D76/><U46/><E32/><V35/><F35/><W44/><G44/><T16/><D36/><U19/><E46/><V5/><F106/><W37/><G37/><T124/><D124/><U13/><E107/><V117/><N who="2" m="45619" /><V56/><DORA hai="135" /><F5/><W91/><G91/><N who="2" m="34857" /><F48/><W43/><G43/><T47/><D40/><U92/><E34/><V94/><F94/><W85/><G85/><T73/><D6/><U82/><E93/><V78/><F78/><W97/><G97/><T60/><D74/><U122/><E95/><V134/><F134/><W128/><G128/><T62/><D73/><U112/><E112/><V50/><F50/><W81/><G81/><T23/><D98/><U83/><E122/><V72/><F72/><W69/><G69/><T31/><D71/><U53/><E83/><V8/><F18/><AGARI ba="0,1" hai="7,9,12,18,22,27,61,67,70,80,86,89,129,131" machi="18" ten="40,5200,0" yaku="1,1,52,1,53,1" doraHai="20,135" doraHaiUra="15,108" who="3" fromWho="2" sc="280,0,255,0,214,-52,241,62" owari="280,8.0,255,-14.5,162,-33.8,303,40.3" /></mjloggm>