<mjloggm ver="2.3"><GO type="225" lobby="0"/><UN n0="%E3%83%81%E3%83%83%E3%82%BF%E3%82%BD%E3%83%BC" n1="%E3%81%99%E3%81%84%E3%81%BE%E3%81%9B%E3%83%BC%E3%82%93" n2="%E3%81%BF%E3%81%BF%E3%81%9A" n3="%E5%A4%A7%E5%A4%A7%E5%B2%A1%E5%B1%B1%EF%BC%A0%E6%A8%AA%E6%B5%9C" dan="16,18,18,16" rate="2093.11,2277.41,2254.29,2168.07" sx="F,M,M,M"/><TAIKYOKU oya="0"/><INIT seed="0,0,0,2,1,73" ten="250,250,250,250" oya="0" hai0="101,25,12,99,38,71,10,18,92,135,118,57,66" hai1="13,114,127,80,41,115,112,84,61,106,53,88,48" hai2="51,4,87,100,6,45,120,2,95,129,128,97,64" hai3="107,74,122,63,94,125,19,42,131,121,39,17,134"/><T22/><D135/><U133/><E133/><V55/><F120/><N who="3" m="46187" /><G107/><T70/><D118/><U77/><E127/><V132/><F132/><W98/><G74/><T68/><D38/><U8/><E106/><V15/><F2/><W16/><G134/><T43/><D43/><U78/><E61/><V67/><F87/><W109/><G125/><T96/><D96/><U32/><E41/><V3/><F3/><W58/><G109/><T62/><REACH who="0" step="1"/><D71/><REACH who="0" ten="240,250,250,250" step="2"/><U28/><E32/><V123/><F123/><W37/><G42/><T102/><D102/><U72/><E72/><V93/><F129/><W5/><G131/><T33/><D33/><U104/><E104/><V46/><F128/><W24/><G39/><T36/><D36/><U65/><E65/><V86/><F67/><N who="3" m="39415" /><G37/><T110/><D110/><U91/><E115/><V59/><F64/><W105/><G105/><T113/><D113/><U126/><E126/><V89/><F4/><AGARI ba="0,1" hai="4,10,12,18,22,25,57,62,66,68,70,92,99,101" machi="4" ten="30,2900,0" yaku="1,1,7,1,53,0" doraHai="73" doraHaiUra="81" who="0" fromWho="2" sc="240,39,250,0,250,-29,250,0" /><INIT seed="0,1,0,4,1,97" ten="279,250,221,250" oya="0" hai0="85,121,87,28,9,99,122,114,56,117,104,103,130" hai1="73,21,126,68,44,118,93,76,119,35,110,54,111" hai2="22,18,36,37,12,77,1,108,3,95,0,34,80" hai3="2,59,17,66,60,107,134,124,23,69,79,128,25"/><T26/><D114/><U125/><E35/><V113/><F113/><W31/><G2/><T13/><D130/><U33/><E33/><V81/><F108/><N who="1" m="41513" /><E68/><V65/><F34/><W52/><G128/><T10/><D56/><U133/><E133/><V88/><F65/><W129/><G129/><T62/><D62/><U127/><E21/><V120/><F120/><W57/><G134/><T4/><D117/><N who="1" m="44555" /><E54/><V86/><REACH who="2" step="1"/><F80/><REACH who="2" ten="279,250,211,250" step="2"/><W96/><G124/><T32/><D121/><U5/><E127/><V39/><F39/><W71/><G69/><T84/><D122/><U90/><E126/><V55/><F55/><W16/><G71/><T30/><D30/><U7/><E125/><V98/><AGARI ba="1,1" hai="0,1,3,12,18,22,36,37,77,81,86,88,95,98" machi="98" ten="30,4000,0" yaku="1,1,0,1,54,1,53,0" doraHai="97" doraHaiUra="53" who="2" fromWho="2" sc="279,-21,250,-11,211,53,250,-11" /><INIT seed="1,0,0,0,3,101" ten="258,239,264,239" oya="1" hai0="96,56,20,93,22,127,121,111,15,77,43,5,25" hai1="41,91,34,126,50,46,6,37,110,85,123,130,75" hai2="66,128,11,59,62,95,114,104,49,67,83,132,84" hai3="45,135,51,68,29,42,7,73,38,36,12,88,17"/><U98/><E123/><V78/><F128/><W71/><G73/><T108/><D127/><U112/><E112/><V72/><F114/><W26/><G7/><T0/><D0/><U32/><E75/><V99/><F132/><W1/><G1/><T106/><D121/><U54/><E130/><V21/><F11/><W18/><G135/><T4/><D77/><U30/><E126/><V55/><F72/><W33/><G38/><T133/><D133/><U2/><E98/><V94/><F67/><W14/><G36/><T92/><D43/><U65/><E65/><V13/><F104/><W48/><G48/><T103/><D56/><U109/><E30/><V10/><F21/><W87/><G12/><T63/><D63/><U19/><E19/><V44/><REACH who="2" step="1"/><F99/><REACH who="2" ten="258,239,254,239" step="2"/><W52/><G68/><T61/><D20/><U82/><E6/><AGARI ba="0,1" hai="6,10,13,44,49,55,59,62,66,78,83,84,94,95" machi="6" ten="30,7700,0" yaku="1,1,2,1,7,1,8,1,53,0" doraHai="101" doraHaiUra="70" who="2" fromWho="1" sc="258,0,239,-77,254,87,239,0" /><INIT seed="2,0,0,3,1,56" ten="258,162,341,239" oya="2" hai0="125,93,75,61,40,35,20,54,80,60,69,71,14" hai1="23,2,90,37,63,49,33,10,64,85,48,89,87" hai2="113,22,62,41,94,77,9,95,27,1,82,45,79" hai3="111,98,120,26,6,117,96,131,58,29,68,119,86"/><V74/><F113/><W11/><G68/><T17/><D35/><U106/><E33/><V114/><F114/><W84/><G120/><T104/><D104/><U78/><E37/><V133/><F133/><W109/><G58/><T97/><D125/><U122/><E106/><V135/><F135/><W70/><G70/><T50/><D40/><U16/><E122/><V25/><F79/><W116/><G131/><T31/><D31/><U59/><E10/><V8/><F8/><W28/><G26/><T126/><D126/><U112/><E2/><V76/><F76/><W92/><G11/><T91/><D69/><U67/><E67/><V110/><F110/><N who="3" m="41995" /><G6/><T108/><D71/><U101/><E101/><V15/><F27/><W123/><G123/><T18/><D108/><U115/><E115/><V47/><F47/><W36/><G36/><T83/><D18/><U128/><E128/><V107/><F107/><W81/><G28/><T57/><D75/><U124/><E124/><V99/><F1/><W129/><G29/><T13/><D13/><N who="1" m="9615" /><E112/><V38/><F99/><N who="3" m="37931" /><G129/><T32/><D32/><U4/><E4/><V132/><F132/><W121/><G121/><T52/><D54/><U127/><E127/><V130/><F130/><W51/><G51/><N who="1" m="19530" /><E85/><N who="3" m="32874" /><G92/><T30/><D30/><U43/><E43/><V12/><F95/><W118/><G119/><T102/><D102/><U66/><E66/><V134/><F94/><W88/><G81/><AGARI ba="0,0" hai="14,17,20,50,52,57,60,61,80,81,83,91,93,97" machi="81" ten="40,8000,1" yaku="8,1,52,2,54,1" doraHai="56" who="0" fromWho="3" sc="258,80,162,0,341,0,239,-80" /><AGARI ba="0,0" hai="59,63,64,78,81,87,89,90" m="19530,9615" machi="81" ten="30,3900,0" yaku="8,1,52,1,54,1" doraHai="56" who="1" fromWho="3" sc="338,0,162,39,341,0,159,-39" /><INIT seed="3,0,0,0,2,109" ten="338,201,341,120" oya="3" hai0="2,39,80,97,15,86,10,132,29,91,35,122,101" hai1="114,69,28,83,4,66,7,106,105,104,70,8,102" hai2="32,62,96,93,36,46,68,37,55,117,21,118,31" hai3="98,67,12,53,129,75,17,24,133,64,0,77,59"/><W60/><G0/><T20/><D132/><U3/><E102/><V1/><F1/><W84/><G75/><T110/><D110/><U100/><E100/><V13/><F32/><W26/><G129/><T11/><D39/><U5/><E114/><V16/><F31/><W45/><G98/><T23/><D122/><U115/><E115/><V94/><F94/><W73/><G73/><T27/><D2/><U134/><E134/><V128/><F36/><W127/><G127/><T92/><D10/><U82/><E28/><V76/><F76/><W6/><G6/><AGARI ba="0,0" hai="6,11,15,20,23,27,29,35,80,86,91,92,97,101" machi="6" ten="30,1000,0" yaku="7,1" doraHai="109" who="0" fromWho="3" sc="338,10,201,0,341,0,120,-10" owari="348,44.8,201,-19.9,341,14.1,110,-39.0" /></mjloggm>