<mjloggm ver="2.3"><GO type="225" lobby="0"/><UN n0="%E7%B4%94%E6%BD%94%E3%83%94%E3%83%A9%E3%83%8B%E3%82%A2" n1="%E6%97%A5%E6%9B%9C%E6%97%A5%E3%82%88%E3%82%8A%E3%81%AE%E4%BD%BF%E8%80%85" n2="%E5%91%A8%E6%9D%B1" n3="%33%74%72%65%65" dan="17,17,16,16" rate="2175.48,2278.23,2192.20,2077.52" sx="M,M,M,F"/><TAIKYOKU oya="0"/><INIT seed="0,0,0,2,4,61" ten="250,250,250,250" oya="0" hai0="66,34,72,50,6,44,133,97,83,60,24,31,77" hai1="103,2,98,78,42,48,45,39,17,54,112,47,115" hai2="88,43,93,86,91,132,105,19,124,69,53,120,74" hai3="10,85,40,127,23,87,28,118,70,25,41,121,1"/><T21/><D133/><U117/><E117/><V131/><F132/><W134/><G118/><T113/><D6/><U62/><E2/><V3/><F120/><W75/><G134/><T37/><D113/><N who="1" m="43595" /><E78/><V18/><F105/><W46/><G121/><T94/><D37/><U5/><E5/><V96/><F74/><W16/><G127/><T116/><D116/><U129/><E17/><V82/><F124/><W107/><G75/><T26/><D26/><U52/><E129/><V30/><F131/><W4/><G107/><T123/><D123/><U38/><E98/><V110/><F110/><W80/><G70/><T7/><D7/><U111/><E103/><V57/><F69/><W106/><G106/><T20/><D50/><N who="1" m="26935" /><E111/><V56/><F3/><W15/><G46/><T84/><D44/><U59/><AGARI ba="0,0" hai="38,39,47,48,52,54,59,62" m="26935,43595" machi="59" ten="30,7900,0" yaku="11,1,34,2,54,1" doraHai="61" who="1" fromWho="1" sc="250,-39,250,79,250,-20,250,-20" /><INIT seed="1,0,0,4,5,36" ten="211,329,230,230" oya="1" hai0="48,122,116,49,72,97,66,134,103,95,78,130,118" hai1="34,83,79,17,55,92,96,2,19,82,99,64,59" hai2="115,1,18,58,90,42,128,111,81,61,4,91,101" hai3="56,88,39,3,98,121,80,54,12,110,94,70,85"/><U50/><E34/><V22/><F111/><W109/><G3/><T65/><D122/><U129/><E2/><V0/><F128/><W133/><G121/><T45/><D130/><U77/><E129/><V71/><F71/><W63/><G133/><T108/><D108/><U123/><E123/><V15/><F115/><W135/><G135/><T14/><D48/><U43/><E64/><V52/><F101/><W62/><G39/><T124/><D124/><U119/><E119/><V26/><F1/><W93/><G93/><T106/><D106/><U21/><E43/><V120/><F120/><W84/><G84/><T102/><D103/><U113/><E113/><V47/><F81/><N who="1" m="30729" /><E99/><V53/><F53/><W117/><G117/><T87/><D72/><U5/><E5/><V51/><F0/><W100/><REACH who="3" step="1"/><G12/><REACH who="3" ten="211,329,230,220" step="2"/><T131/><D134/><U8/><E92/><V30/><REACH who="2" step="1"/><F4/><REACH who="2" ten="211,329,220,220" step="2"/><W60/><G60/><T76/><D131/><U32/><E79/><V107/><F107/><W33/><G33/><AGARI ba="0,2" hai="15,18,22,26,30,33,42,47,51,52,58,61,90,91" machi="33" ten="30,7700,0" yaku="1,1,7,1,52,1,54,1,53,0" doraHai="36" doraHaiUra="112" who="2" fromWho="3" sc="211,0,329,0,220,97,220,-77" /><INIT seed="2,0,0,5,3,49" ten="211,329,317,143" oya="2" hai0="14,107,7,32,11,78,108,75,53,26,29,115,88" hai1="33,113,116,5,12,67,118,111,39,133,2,79,76" hai2="6,22,106,17,47,66,112,92,114,96,0,119,90" hai3="82,72,126,130,122,91,20,24,62,81,69,102,34"/><V44/><F119/><W77/><G122/><T134/><D115/><U63/><E113/><V21/><F66/><W104/><G130/><T117/><D117/><U64/><E39/><V56/><F106/><W132/><G132/><T101/><D134/><U99/><E2/><V80/><F114/><W15/><G126/><T135/><D108/><U61/><E33/><V18/><F112/><W97/><G15/><T71/><D71/><U13/><E5/><V110/><F110/><W85/><G34/><T125/><D125/><U37/><E37/><V54/><F80/><W89/><G69/><T128/><D128/><U59/><E111/><V83/><F83/><W40/><G40/><T127/><D78/><U23/><E133/><V109/><F109/><W87/><G62/><T46/><D75/><U57/><E23/><V4/><F0/><W74/><REACH who="3" step="1"/><G77/><REACH who="3" ten="211,329,317,133" step="2"/><T48/><D127/><U51/><E118/><V35/><F35/><W16/><AGARI ba="0,1" hai="16,20,24,72,74,81,82,85,87,89,91,97,102,104" machi="16" ten="20,12000,2" yaku="1,1,2,1,0,1,7,1,9,1,54,1,53,0" doraHai="49" doraHaiUra="10" who="3" fromWho="3" sc="211,-30,329,-30,317,-60,133,130" /><INIT seed="3,0,0,4,0,108" ten="181,299,257,263" oya="3" hai0="1,106,44,38,3,102,22,2,124,40,109,103,132" hai1="100,107,129,17,92,9,19,35,122,18,74,41,112" hai2="118,93,70,25,64,125,37,131,55,85,10,58,113" hai3="49,76,115,62,77,120,121,51,8,119,78,66,34"/><W5/><G119/><T90/><D109/><U46/><E35/><V13/><F118/><W43/><G34/><T98/><D124/><U133/><E107/><V12/><F125/><W135/><G135/><T87/><D132/><U27/><E112/><V20/><F113/><W116/><G115/><T67/><D102/><U31/><E74/><V117/><F37/><W24/><G116/><T4/><D22/><N who="1" m="15863" /><E129/><V79/><F131/><W75/><G75/><T88/><D67/><U39/><E39/><V96/><F117/><W97/><G24/><T127/><D127/><U99/><E122/><V130/><F130/><W86/><G86/><T95/><REACH who="0" step="1"/><D90/><REACH who="0" ten="171,299,257,263" step="2"/><U6/><E133/><V14/><F64/><W57/><G121/><T94/><D94/><U15/><E41/><V126/><F126/><W33/><G43/><T42/><D42/><U7/><E46/><V61/><F93/><W21/><G21/><T83/><D83/><U72/><E72/><V32/><F20/><W26/><G120/><T114/><D114/><U82/><E82/><V48/><F32/><W59/><G66/><T134/><D134/><U54/><E54/><V104/><F55/><W28/><G33/><T111/><D111/><U91/><E100/><V89/><F89/><W69/><G76/><T53/><D53/><U0/><E0/><V47/><F79/><W101/><G78/><T50/><D50/><U36/><E36/><V65/><F48/><W11/><G77/><T60/><D60/><U29/><E29/><V71/><F65/><W105/><G51/><T81/><D81/><U63/><E63/><RYUUKYOKU ba="0,1" sc="171,15,299,15,257,-15,263,-15" hai0="1,2,3,4,38,40,44,87,88,95,98,103,106" hai1="6,7,9,15,17,18,19,91,92,99" owari="186,-31.4,324,42.4,242,-15.8,248,4.8" /></mjloggm>