<mjloggm ver="2.3"><GO type="225" lobby="0"/><UN n0="%72%65%6E%6B%75%6E" n1="%E6%81%A5%E6%99%92%E3%81%97" n2="%E5%B8%86%E7%AB%8B%E5%A4%8F%E8%A1%A3" n3="%E3%83%81%E3%83%AF%E3%83%AF%E9%9A%8A%E9%95%B7" dan="17,16,17,16" rate="2261.71,2158.77,2194.54,2104.39" sx="M,M,M,M"/><TAIKYOKU oya="0"/><INIT seed="0,0,0,1,5,71" ten="250,250,250,250" oya="0" hai0="68,35,19,48,36,76,51,26,92,120,112,85,105" hai1="90,131,98,1,106,40,93,87,60,103,74,89,15" hai2="121,111,3,134,77,12,18,117,61,31,73,25,79" hai3="127,64,75,116,27,122,5,109,108,126,20,81,37"/><T114/><D105/><U10/><E131/><V113/><F121/><W123/><G116/><T91/><D68/><U39/><E1/><V24/><F117/><W118/><G118/><T83/><D120/><N who="3" m="46121" /><G5/><T115/><D36/><U78/><E60/><V130/><F113/><W55/><G64/><T8/><D8/><U2/><E2/><V6/><F130/><W41/><G55/><T28/><REACH who="0" step="1"/><D19/><REACH who="0" ten="240,250,250,250" step="2"/><U125/><E125/><V0/><F18/><W94/><G126/><T110/><D110/><U99/><E10/><V101/><F111/><W65/><G127/><T129/><D129/><U63/><E39/><V100/><F6/><W16/><G108/><T45/><D45/><U52/><E106/><V11/><F11/><W124/><G109/><T46/><D46/><U44/><E44/><V119/><F119/><W34/><G124/><T104/><D104/><U30/><E40/><V70/><F70/><W97/><G41/><T132/><D132/><U66/><E74/><AGARI ba="0,1" hai="26,28,35,48,51,74,76,83,85,91,92,112,114,115" machi="74" ten="40,2000,0" yaku="1,1,53,0" doraHai="71" doraHaiUra="95" who="0" fromWho="1" sc="240,30,250,-20,250,0,250,0" /><INIT seed="0,1,0,4,3,53" ten="270,230,250,250" oya="0" hai0="102,4,97,47,123,116,110,133,61,112,122,11,60" hai1="88,28,117,98,108,95,89,129,128,26,29,67,80" hai2="44,106,64,19,104,51,58,92,107,41,1,45,119" hai3="103,113,86,75,10,66,55,17,115,101,24,25,72"/><T63/><D112/><U84/><E117/><V83/><F119/><W37/><G37/><T125/><D116/><U20/><E108/><V126/><F126/><W56/><G66/><T7/><D125/><U78/><E67/><V9/><F83/><W36/><G36/><T79/><D133/><U8/><E8/><V59/><F64/><W111/><G111/><T57/><D110/><U99/><REACH who="1" step="1"/><E29/><REACH who="1" ten="270,220,250,250" step="2"/><V135/><F135/><W5/><G10/><T68/><D122/><U48/><E48/><V127/><F127/><W31/><G115/><T74/><D123/><U100/><E100/><V93/><F19/><W42/><G17/><T49/><D11/><U130/><E130/><V12/><F1/><W77/><G31/><T109/><D109/><U82/><E82/><V87/><F9/><W50/><G113/><T14/><D102/><U96/><E96/><V15/><F51/><W65/><G50/><T90/><D97/><U76/><E76/><V23/><F23/><W62/><G65/><T39/><D49/><U30/><E30/><V134/><F134/><W118/><G77/><T71/><D79/><U81/><E81/><V46/><F41/><W54/><G118/><T91/><D68/><U120/><E120/><V32/><F32/><W13/><G42/><N who="0" m="23007" /><D71/><U52/><E52/><V16/><F16/><W73/><G55/><N who="0" m="33855" /><D4/><U43/><E43/><V70/><F70/><W18/><G5/><T124/><D124/><U38/><E38/><V3/><F3/><W40/><G40/><T114/><D114/><U105/><E105/><V27/><F104/><W132/><G132/><RYUUKYOKU ba="1,1" sc="270,-10,220,30,250,-10,250,-10" hai1="20,26,28,78,80,84,88,89,95,98,99,128,129" /><INIT seed="1,2,1,2,1,92" ten="260,250,240,240" oya="1" hai0="17,87,46,128,97,133,70,134,74,110,26,24,45" hai1="11,60,120,54,71,28,112,135,55,58,93,52,41" hai2="104,25,59,124,20,118,42,7,109,72,23,91,113" hai3="62,1,106,131,89,16,99,3,95,119,94,15,4"/><U48/><E112/><V66/><F113/><W37/><G37/><T65/><D74/><U81/><E120/><V88/><F118/><W39/><G39/><T67/><D110/><U84/><E135/><N who="0" m="51721" /><D128/><U123/><E123/><V80/><F124/><W83/><G106/><T105/><D87/><U127/><E127/><V126/><F126/><W68/><G119/><T125/><D125/><U34/><E34/><V100/><F109/><W61/><G131/><T114/><D114/><U12/><E28/><V18/><F42/><W108/><G108/><T77/><D77/><U115/><E115/><V117/><F7/><W10/><G1/><T27/><D17/><N who="1" m="8351" /><E71/><V43/><F43/><W38/><G38/><T69/><D69/><U111/><E111/><V47/><F117/><W76/><G68/><T53/><D70/><U14/><E14/><V8/><F8/><W49/><G49/><N who="0" m="28847" /><D46/><N who="1" m="25679" /><E93/><V63/><F47/><W2/><G94/><T130/><D130/><U56/><E60/><V5/><F5/><W13/><G2/><T85/><D85/><U132/><E132/><V122/><F122/><W96/><G3/><T0/><D0/><U129/><E129/><V19/><F72/><W51/><G51/><T35/><D35/><U75/><E75/><V86/><F104/><W90/><G61/><T30/><D30/><U40/><E40/><V32/><F32/><W36/><G62/><T29/><D29/><U31/><E31/><V6/><F6/><W107/><G4/><T116/><D116/><U78/><AGARI ba="2,1" hai="52,54,55,56,58,78,81,84" m="25679,8351" machi="78" ten="30,3000,0" yaku="8,1,54,1" doraHai="92" who="1" fromWho="1" sc="260,-12,250,46,240,-12,240,-12" /><INIT seed="1,3,0,1,2,31" ten="248,296,228,228" oya="1" hai0="96,33,112,75,52,25,135,115,125,66,118,43,35" hai1="130,10,65,19,109,2,59,77,54,98,80,113,119" hai2="38,12,45,27,84,100,79,129,4,5,16,28,57" hai3="0,21,76,131,105,40,82,20,60,15,91,122,8"/><U127/><E113/><N who="0" m="43593" /><D66/><U72/><E119/><V58/><F129/><W83/><G122/><T49/><D118/><U30/><E127/><V92/><F38/><W134/><G105/><T63/><D125/><U102/><E130/><V81/><F45/><W53/><G0/><T51/><D25/><U78/><E78/><V3/><F3/><W11/><G131/><T106/><D63/><U18/><E109/><V87/><F5/><W97/><G40/><T48/><D52/><U26/><E10/><V56/><F4/><W89/><G134/><T70/><D96/><U95/><E2/><V37/><F37/><W68/><G68/><T14/><D14/><U55/><E55/><V46/><F46/><W6/><G8/><T124/><D124/><U41/><E41/><V128/><F128/><W13/><G82/><T107/><D70/><U88/><E65/><V108/><F108/><W7/><G7/><T32/><D43/><U61/><E102/><V34/><F100/><W121/><G121/><T74/><D135/><U90/><E90/><N who="3" m="34314" /><G97/><T114/><N who="0" m="43601" /><T22/><DORA hai="126" /><D22/><AGARI ba="3,0" hai="18,19,22,26,30,54,59,61,72,77,80,88,95,98" machi="22" ten="30,2900,0" yaku="7,1,54,1" doraHai="31,126" who="1" fromWho="0" sc="248,-38,296,38,228,0,228,0" /><INIT seed="1,4,0,2,4,0" ten="210,334,228,228" oya="1" hai0="77,106,4,89,108,28,101,130,68,123,11,131,94" hai1="44,52,46,19,79,3,95,2,114,87,98,107,10" hai2="104,32,8,41,102,80,124,37,55,60,90,99,86" hai3="133,23,39,9,85,111,57,126,110,112,36,120,26"/><U82/><E114/><V73/><F124/><W33/><G112/><T64/><D108/><N who="3" m="41513" /><G120/><T49/><D123/><U43/><E107/><V27/><F37/><W16/><G126/><T83/><D28/><U88/><E46/><V119/><F41/><W12/><G33/><T128/><D49/><N who="1" m="28711" /><E43/><V117/><F73/><W24/><G133/><T51/><D51/><U67/><E67/><V63/><F63/><W29/><G24/><T134/><D134/><U22/><E3/><V78/><F78/><W58/><G85/><N who="0" m="52527" /><D101/><U74/><E2/><V84/><F84/><W81/><G81/><T96/><D96/><U92/><E74/><V7/><F27/><W17/><G29/><T54/><D106/><U97/><E10/><V18/><F32/><W34/><G34/><T132/><D54/><U105/><E105/><V50/><F117/><W109/><N who="3" m="41521" /><W47/><DORA hai="66" /><G47/><T135/><D64/><U65/><E65/><V72/><F119/><W62/><G62/><T122/><D122/><U76/><E76/><V6/><F60/><W59/><AGARI ba="4,0" hai="9,12,16,17,23,26,36,39,57,58,59" m="41521" machi="59" ten="50,3200,0" yaku="14,1,54,1" doraHai="0,66" who="3" fromWho="3" sc="210,-12,334,-20,228,-12,228,44" /><INIT seed="2,0,0,2,3,64" ten="198,314,216,272" oya="2" hai0="59,45,73,37,43,88,89,110,124,86,54,34,19" hai1="100,14,46,108,55,134,0,50,76,121,1,48,56" hai2="7,69,25,109,105,79,101,42,115,44,21,112,62" hai3="27,118,130,119,20,51,75,95,102,22,52,99,125"/><V94/><F7/><W11/><G75/><T33/><D73/><U127/><E108/><V117/><F117/><W65/><G125/><T81/><D110/><U135/><E127/><V60/><F109/><W4/><G130/><T28/><D124/><U29/><E121/><V24/><F79/><W90/><G65/><T6/><D6/><U123/><E123/><V13/><F105/><W39/><G39/><T97/><D28/><U84/><E100/><V122/><F122/><W66/><G66/><T47/><D47/><U74/><E74/><V82/><F82/><W26/><G102/><T80/><D19/><U9/><E29/><V17/><F69/><W87/><G99/><T98/><D98/><U91/><E76/><V10/><F101/><W93/><G93/><T63/><REACH who="0" step="1"/><D97/><REACH who="0" ten="188,314,216,272" step="2"/><U70/><E46/><V58/><F44/><N who="3" m="27751" /><G119/><T8/><D8/><U23/><E9/><V113/><F10/><W2/><G118/><T53/><D53/><U40/><E55/><V133/><F42/><W72/><G72/><T16/><D16/><U104/><E40/><V12/><F113/><W120/><G120/><T83/><D83/><U92/><E0/><V18/><F21/><W96/><G96/><T41/><D41/><U131/><E23/><V32/><F94/><W38/><G22/><T116/><D116/><U35/><E92/><V132/><REACH who="2" step="1"/><F32/><REACH who="2" ten="188,314,206,272" step="2"/><W57/><G20/><T85/><AGARI ba="0,2" hai="33,34,37,43,45,54,59,63,80,81,85,86,88,89" machi="85" ten="30,7900,0" yaku="1,1,0,1,9,1,54,1,53,0" doraHai="64" doraHaiUra="61" who="0" fromWho="0" sc="188,99,314,-20,206,-39,272,-20" /><INIT seed="3,0,0,1,4,90" ten="287,294,167,252" oya="3" hai0="28,59,75,4,76,61,120,36,9,68,108,38,12" hai1="52,44,6,113,80,101,17,60,94,25,39,135,116" hai2="100,1,7,67,81,89,29,56,124,85,95,82,92" hai3="46,103,66,71,63,117,24,126,20,115,37,35,55"/><W131/><G115/><T127/><D120/><U86/><E113/><V70/><F124/><W2/><G117/><T51/><D127/><U64/><E135/><V114/><F70/><W57/><G126/><T97/><D68/><U78/><E116/><V19/><F114/><W47/><G2/><T53/><D28/><U40/><E6/><V96/><F1/><W31/><G131/><T125/><D125/><U27/><E52/><V45/><F7/><W129/><G129/><T43/><D108/><U48/><E39/><V134/><F134/><W121/><G121/><T11/><D97/><N who="1" m="59575" /><E17/><V49/><F29/><W58/><G37/><T77/><D75/><U69/><E69/><V18/><F56/><W128/><G128/><T112/><D112/><U106/><E106/><V73/><F67/><W122/><G122/><T83/><D43/><U98/><E98/><V34/><F34/><W74/><G74/><T79/><D61/><U119/><E119/><V21/><F73/><W8/><G8/><T54/><D54/><U15/><E15/><V0/><F0/><W26/><G103/><T118/><D118/><U109/><E109/><V102/><F102/><W23/><G71/><T99/><D99/><U30/><E30/><V5/><F5/><W107/><G107/><T111/><D111/><U91/><E91/><V123/><F123/><W42/><G42/><T13/><D38/><U87/><E87/><V72/><F72/><W3/><G3/><T104/><D36/><U32/><E32/><V105/><F105/><W62/><G35/><T10/><D104/><U132/><E132/><RYUUKYOKU ba="0,0" sc="287,-15,294,15,167,-15,252,15" hai1="25,27,40,44,48,60,64,78,80,86" hai3="20,23,24,26,31,46,47,55,57,58,62,63,66" /><INIT seed="3,1,0,0,5,70" ten="272,309,152,267" oya="3" hai0="128,133,134,129,39,25,23,97,7,115,125,60,91" hai1="32,105,64,33,52,20,13,102,45,69,87,109,5" hai2="51,90,77,82,131,108,11,10,55,85,28,46,118" hai3="24,53,15,72,62,59,61,50,54,65,18,83,38"/><W29/><G38/><T122/><D122/><U132/><E109/><V27/><F108/><W94/><G72/><T75/><D75/><U98/><E132/><N who="0" m="50793" /><D7/><U95/><E64/><V1/><F131/><N who="0" m="50250" /><D115/><U12/><E69/><V63/><F1/><W34/><G83/><T57/><D39/><U56/><E45/><V79/><F118/><W0/><G0/><T48/><D48/><N who="1" m="30727" /><E12/><V76/><REACH who="2" step="1"/><F63/><REACH who="2" ten="272,309,142,267" step="2"/><W124/><G61/><T22/><D125/><U104/><E104/><V66/><F66/><W84/><G124/><T135/><D135/><U107/><E105/><V101/><F101/><W80/><G65/><N who="0" m="39055" /><D25/><U103/><E107/><V17/><F17/><W42/><G18/><T19/><D19/><U120/><E5/><V58/><F58/><W6/><G59/><T35/><D35/><U49/><E33/><V116/><F116/><W123/><G34/><T86/><D97/><U93/><E32/><V119/><F119/><W44/><G62/><T4/><D4/><U113/><E98/><V3/><F3/><W78/><G123/><T41/><D41/><U111/><E120/><V99/><F99/><W73/><G42/><T30/><D30/><U71/><E111/><V68/><F68/><W100/><G29/><T117/><D117/><U16/><E71/><V88/><F88/><W110/><G110/><T127/><D127/><U67/><E67/><V31/><F31/><W81/><G100/><T130/><D130/><U14/><E103/><V9/><F9/><W126/><G126/><T43/><D43/><U40/><E40/><V8/><F8/><W89/><G6/><RYUUKYOKU ba="1,1" sc="272,15,309,-15,142,15,267,-15" hai0="22,23,86,91" hai2="10,11,27,28,46,51,55,76,77,79,82,85,90" /><INIT seed="4,2,1,4,3,14" ten="287,294,157,252" oya="0" hai0="12,18,122,63,129,46,102,83,95,89,24,1,38" hai1="7,33,34,8,23,113,126,67,43,78,73,86,3" hai2="45,54,64,52,112,39,116,105,55,4,65,96,62" hai3="9,82,91,5,19,117,0,42,110,87,81,72,94"/><T13/><D122/><U53/><E126/><V127/><F4/><W119/><G110/><T77/><D1/><U68/><E73/><V71/><F127/><W31/><G31/><T123/><D123/><U21/><E21/><V118/><F96/><W60/><G42/><T79/><D129/><U17/><E43/><N who="2" m="22783" /><F105/><W120/><G120/><T134/><D134/><U58/><E67/><N who="2" m="41463" /><F112/><W75/><G60/><T88/><D63/><U30/><E68/><V37/><F37/><W107/><G107/><T74/><D77/><U6/><E6/><V90/><F90/><W133/><G133/><T121/><D121/><U69/><E69/><V51/><F51/><W100/><G72/><T40/><D24/><U26/><E30/><V48/><F48/><W32/><G32/><T20/><REACH who="0" step="1"/><D13/><REACH who="0" ten="277,294,157,252" step="2"/><U29/><E26/><V70/><F70/><W59/><G0/><T16/><D16/><U111/><E17/><V108/><F108/><W84/><G19/><T85/><D85/><U15/><E111/><V103/><F103/><W98/><G84/><T114/><D114/><U50/><E113/><V11/><F11/><W25/><G9/><T47/><D47/><U130/><E29/><V106/><F106/><W41/><G25/><T49/><D49/><U92/><E15/><V36/><F36/><W57/><G87/><T99/><AGARI ba="2,2" hai="12,18,20,38,40,46,74,79,83,88,89,95,99,102" machi="99" ten="30,11700,0" yaku="1,1,0,1,52,1,54,1,53,0" doraHai="14" doraHaiUra="61" who="0" fromWho="0" sc="277,143,294,-41,157,-41,252,-41" owari="420,52.0,253,5.3,116,-38.4,211,-18.9" /></mjloggm>