<mjloggm ver="2.3"><GO type="225" lobby="0"/><UN n0="%77%72%77%72%77%72%77%72" n1="%E6%9C%88%E5%B3%B6%E5%9F%BA" n2="%E5%91%A8%E6%9D%B1" n3="%72%61%6B%33" dan="16,17,16,16" rate="2115.39,2238.01,2158.06,2146.84" sx="M,M,M,M"/><TAIKYOKU oya="0"/><INIT seed="0,0,0,5,5,126" ten="250,250,250,250" oya="0" hai0="0,135,99,55,113,116,22,104,17,111,72,124,97" hai1="19,102,94,82,130,119,34,53,78,127,91,48,24" hai2="23,15,43,70,76,52,129,20,131,66,106,98,133" hai3="64,25,83,50,123,26,68,37,118,58,7,95,109"/><T122/><RYUUKYOKU type="yao9" ba="0,0" sc="250,0,250,0,250,0,250,0" hai0="0,17,22,55,72,97,99,104,111,113,116,122,124,135" /><INIT seed="0,1,0,2,2,56" ten="250,250,250,250" oya="0" hai0="80,29,124,70,3,133,110,55,106,130,111,34,123" hai1="52,78,81,71,97,63,103,44,121,127,92,75,94" hai2="90,20,109,107,101,14,60,28,96,132,35,116,76" hai3="49,5,50,65,18,53,30,43,114,117,105,64,31"/><T118/><RYUUKYOKU type="yao9" ba="1,0" sc="250,0,250,0,250,0,250,0" hai0="3,29,34,55,70,80,106,110,111,118,123,124,130,133" /><INIT seed="0,2,0,3,5,130" ten="250,250,250,250" oya="0" hai0="37,83,60,8,127,26,47,97,124,104,61,100,40" hai1="58,55,43,19,21,36,88,6,122,96,13,34,90" hai2="42,72,41,71,118,132,52,54,28,5,59,12,95" hai3="69,17,3,84,49,91,116,114,57,46,64,119,117"/><T110/><D110/><U23/><E122/><V30/><F118/><W123/><G114/><T89/><D26/><U115/><E34/><V0/><F71/><W15/><G3/><T45/><D45/><U99/><E115/><V106/><F106/><W25/><G123/><T81/><D8/><N who="1" m="4247" /><E43/><V66/><F72/><W98/><G98/><N who="1" m="37418" /><E36/><V4/><F0/><W56/><G25/><T82/><REACH who="0" step="1"/><D89/><REACH who="0" ten="240,250,250,250" step="2"/><N who="1" m="34411" /><E19/><V32/><F4/><W111/><G17/><T33/><D33/><U51/><AGARI ba="2,1" hai="21,23,51,55,58" m="34411,37418,4247" machi="51" ten="30,2000,0" yaku="8,1,54,1" doraHai="130" who="1" fromWho="1" sc="240,-12,250,36,250,-7,250,-7" /><INIT seed="1,0,0,4,0,38" ten="228,286,243,243" oya="1" hai0="122,83,29,35,77,99,111,70,4,33,98,63,123" hai1="127,66,58,31,119,54,37,48,16,87,22,101,55" hai2="56,112,69,10,135,50,2,11,110,19,104,97,131" hai3="95,93,76,81,39,34,92,12,67,21,45,32,126"/><U114/><E119/><V42/><F69/><W0/><G0/><T71/><D111/><U43/><E114/><V5/><F110/><W73/><G126/><T57/><D4/><U17/><E127/><V105/><F112/><W52/><G67/><T15/><D15/><U14/><E37/><V64/><F131/><W7/><G21/><T1/><D1/><U80/><E101/><V102/><F135/><W109/><G109/><T75/><D99/><U103/><E103/><V18/><F11/><W51/><REACH who="3" step="1"/><G39/><REACH who="3" ten="228,286,243,233" step="2"/><T40/><D35/><U30/><E66/><V49/><F64/><W6/><G6/><T108/><D108/><U88/><E22/><V84/><F2/><W53/><G53/><N who="0" m="34223" /><D33/><U91/><E55/><V86/><F5/><W78/><G78/><T65/><D29/><U130/><E54/><V89/><F10/><AGARI ba="0,1" hai="7,10,12,32,34,45,51,52,73,76,81,92,93,95" machi="10" ten="40,2600,0" yaku="1,1,54,1,53,0" doraHai="38" doraHaiUra="25" who="3" fromWho="2" sc="228,0,286,0,243,-26,233,36" /><INIT seed="2,0,0,1,3,22" ten="228,286,217,269" oya="2" hai0="125,1,123,52,100,12,83,124,36,32,62,3,42" hai1="73,108,27,30,80,93,18,31,6,130,114,87,133" hai2="5,60,81,45,43,91,20,102,131,104,44,66,19" hai3="105,28,46,7,76,96,57,78,26,63,56,9,59"/><V71/><F131/><W116/><G116/><T115/><D123/><U120/><E114/><V0/><F104/><W11/><G63/><T129/><D115/><U97/><E73/><V21/><F102/><W132/><G132/><T85/><D129/><U117/><E117/><V126/><F126/><N who="0" m="48746" /><D32/><U134/><E130/><V54/><F54/><W82/><G46/><N who="0" m="23879" /><D100/><U90/><E108/><V37/><F45/><W10/><G96/><T107/><D12/><U112/><E112/><V72/><F19/><W8/><G105/><T25/><D25/><U38/><E6/><V101/><F101/><W35/><REACH who="3" step="1"/><G82/><REACH who="3" ten="228,286,217,259" step="2"/><T75/><D107/><U55/><E80/><V113/><F113/><W92/><G92/><T111/><D111/><U121/><E133/><V128/><F128/><W53/><G53/><T2/><D52/><U69/><E55/><V95/><F95/><W77/><G77/><N who="0" m="46319" /><D62/><U34/><E134/><V103/><F103/><W16/><G16/><T23/><D75/><U118/><E18/><V99/><F99/><W50/><G50/><T39/><D39/><U58/><E38/><V88/><F91/><W68/><G68/><T49/><D49/><U67/><E97/><V33/><F88/><W15/><AGARI ba="0,1" hai="7,8,9,10,11,15,26,28,35,56,57,59,76,78" machi="15" ten="30,4000,0" yaku="1,1,0,1,52,1,53,0" doraHai="22" doraHaiUra="17" who="3" fromWho="3" sc="228,-10,286,-10,217,-20,259,50" /><INIT seed="3,0,0,4,4,2" ten="218,276,197,309" oya="3" hai0="48,75,66,105,43,112,123,49,63,87,132,1,69" hai1="5,4,36,82,109,135,122,35,37,10,47,125,18" hai2="115,117,8,70,32,107,30,27,96,15,57,29,74" hai3="16,13,59,86,118,60,102,133,92,84,80,128,14"/><W28/><G118/><T103/><D123/><U101/><E122/><V85/><F117/><W77/><G128/><T93/><D75/><U71/><E35/><V56/><F74/><W44/><G133/><T124/><D1/><U54/><E71/><V62/><F115/><W11/><G28/><T120/><D120/><U94/><E37/><V25/><F85/><W22/><G44/><T0/><D0/><U24/><E36/><V108/><F108/><W114/><G114/><T113/><D132/><U52/><E109/><V33/><F107/><W126/><G126/><T130/><D124/><U21/><E125/><V61/><F96/><N who="3" m="59655" /><G86/><T68/><D130/><U39/><E39/><V127/><F127/><W19/><G59/><T64/><D43/><U78/><E47/><V20/><F20/><N who="3" m="11375" /><G60/><N who="0" m="39943" /><D105/><U129/><E135/><V119/><F119/><W31/><G31/><T45/><D45/><U79/><E10/><AGARI ba="0,0" hai="10,11,14,16,22,77,80,84" m="11375,59655" machi="10" ten="30,2900,0" yaku="8,1,54,1" doraHai="2" who="3" fromWho="1" sc="218,0,276,-29,197,0,309,29" owari="218,-18.2,247,4.7,197,-30.3,338,43.8" /></mjloggm>