<mjloggm ver="2.3"><GO type="225" lobby="0"/><UN n0="%E7%99%BD%E5%80%89%E5%AF%9B%E4%B9%8B" n1="%E3%81%94%E3%81%BE%E6%B2%B9%E9%A3%B2%E3%81%BF%E5%A4%AA%E9%83%8E" n2="%E3%81%BF%E3%81%BF%E3%81%9A" n3="%E3%81%A4%E3%81%A3%E3%81%B1%E3%82%8A%E3%83%9D%E3%83%BC%E3%83%AB" dan="16,16,17,17" rate="2167.39,2091.21,2184.30,2130.35" sx="M,M,M,M"/><TAIKYOKU oya="0"/><INIT seed="0,0,0,5,4,128" ten="250,250,250,250" oya="0" hai0="69,10,1,87,6,135,129,82,24,84,55,126,85" hai1="94,68,121,39,122,98,78,127,46,108,131,109,28" hai2="74,106,117,41,111,70,15,67,105,18,71,79,115" hai3="75,14,125,96,77,112,116,30,5,51,25,3,17"/><T21/><D69/><U27/><E78/><V49/><F115/><W35/><G112/><T95/><D129/><U0/><E131/><V57/><F111/><N who="1" m="42569" /><E0/><V120/><F120/><W13/><G116/><T8/><D126/><U110/><E68/><V100/><F117/><W2/><G125/><T124/><D124/><U62/><E62/><V134/><F71/><W34/><G96/><T47/><D10/><U107/><E127/><V91/><F91/><W90/><G51/><T104/><D104/><U26/><E107/><V103/><F106/><W99/><G90/><T88/><D135/><U58/><E58/><V118/><F134/><W37/><G99/><T11/><D11/><U33/><E27/><V7/><F105/><W130/><G37/><T66/><D66/><U59/><E59/><V44/><F118/><W114/><G75/><T101/><D101/><N who="1" m="60631" /><E110/><V76/><F70/><W133/><G77/><N who="2" m="29769" /><F74/><W72/><G72/><T86/><D95/><U32/><E32/><N who="3" m="12330" /><G133/><T92/><D92/><U20/><E33/><V89/><F89/><W63/><G130/><T64/><D64/><U102/><E102/><V31/><F31/><W53/><G30/><T61/><D61/><U40/><AGARI ba="0,0" hai="20,26,28,39,40,46,121,122" m="60631,42569" machi="40" ten="30,1100,0" yaku="14,1" doraHai="128" who="1" fromWho="1" sc="250,-5,250,11,250,-3,250,-3" /><INIT seed="1,0,0,2,3,55" ten="245,261,247,247" oya="1" hai0="103,128,132,14,4,31,7,24,111,82,77,63,69" hai1="50,109,102,43,47,65,85,130,74,16,121,118,86" hai2="0,1,67,49,105,126,57,22,19,96,76,23,17" hai3="26,5,52,13,54,129,46,127,58,64,38,106,53"/><U119/><E121/><V70/><F76/><W71/><G129/><T100/><D128/><U42/><E74/><V33/><F33/><W32/><G106/><T93/><D111/><U2/><E2/><V60/><F126/><W134/><G127/><T61/><D132/><U48/><E130/><V94/><F105/><W8/><G134/><T108/><D108/><U79/><E109/><V95/><F49/><W133/><G133/><T40/><D40/><U98/><E65/><V25/><F70/><W87/><G87/><T107/><D107/><U6/><E6/><V51/><F51/><N who="3" m="31007" /><G26/><T89/><D69/><U45/><E79/><V59/><F59/><W84/><G84/><N who="0" m="48207" /><D24/><U116/><REACH who="1" step="1"/><E16/><REACH who="1" ten="245,251,247,247" step="2"/><V104/><F0/><W3/><G3/><T123/><D123/><U15/><E15/><V90/><F1/><W36/><G64/><T10/><D4/><U73/><E73/><V39/><F17/><W37/><G5/><T113/><D113/><U135/><E135/><V125/><F125/><W11/><G13/><T12/><D14/><U80/><E80/><V68/><F19/><W78/><G78/><T97/><D31/><U101/><E101/><AGARI ba="0,1" hai="7,10,12,61,63,89,93,97,100,101,103" m="48207" machi="101" ten="30,1000,0" yaku="8,1" doraHai="55" who="0" fromWho="1" sc="245,20,251,-10,247,0,247,0" /><INIT seed="2,0,0,3,3,10" ten="265,241,247,247" oya="2" hai0="48,52,68,98,76,111,122,35,26,55,63,65,18" hai1="133,91,19,127,47,11,90,70,78,132,36,50,28" hai2="20,66,67,0,115,114,77,57,21,62,119,54,79" hai3="30,31,97,106,87,38,16,4,109,92,89,41,120"/><V53/><F119/><W27/><G120/><T134/><D122/><U131/><E70/><V85/><F0/><W75/><G75/><T46/><D111/><U8/><E36/><V96/><F96/><W124/><G109/><T15/><D134/><N who="1" m="51819" /><E78/><V23/><F114/><W112/><G112/><T116/><D116/><U58/><E58/><N who="2" m="35151" /><F115/><W1/><G124/><T107/><D76/><N who="2" m="29258" /><F85/><W32/><G1/><T80/><D80/><U25/><E131/><V100/><F100/><W81/><G106/><T56/><D98/><U59/><E59/><V39/><F39/><W108/><G108/><T84/><D107/><U42/><E127/><V129/><F129/><W95/><G95/><T17/><D84/><U9/><E19/><V12/><F12/><W24/><G4/><T121/><D121/><U51/><E51/><AGARI ba="0,0" hai="20,21,23,51,54,57,66,67" m="29258,35151" machi="51" ten="30,1500,0" yaku="8,1" doraHai="10" who="2" fromWho="1" sc="265,0,241,-15,247,15,247,0" /><INIT seed="2,1,0,0,1,123" ten="265,226,262,247" oya="2" hai0="75,129,98,27,108,121,126,30,58,118,36,48,131" hai1="69,0,26,74,25,113,32,105,37,76,43,35,51" hai2="3,29,97,80,11,41,50,20,81,55,90,1,78" hai3="65,130,39,100,7,72,132,62,96,103,31,87,34"/><V89/><F41/><W10/><G72/><T52/><D121/><U79/><E0/><V116/><F116/><W71/><G39/><T85/><D75/><U128/><E37/><V86/><F11/><W47/><G132/><T88/><D36/><U16/><E69/><V56/><F97/><W54/><G130/><N who="0" m="49675" /><D118/><U95/><E128/><V44/><F44/><W38/><G87/><T92/><D126/><U33/><E105/><V14/><F29/><W73/><G73/><T40/><D40/><U122/><E74/><V18/><REACH who="2" step="1"/><F81/><REACH who="2" ten="265,226,252,247" step="2"/><W22/><G96/><T127/><D127/><U119/><E119/><V12/><F12/><W115/><G31/><T93/><D98/><U70/><E43/><V9/><F9/><W84/><G10/><T4/><D4/><U106/><E122/><V109/><F109/><W94/><G7/><T23/><D93/><U63/><E26/><V112/><F112/><W53/><G94/><T17/><D30/><U15/><E25/><V125/><F125/><W117/><G115/><T133/><D133/><U46/><E113/><V110/><F110/><AGARI ba="1,1" hai="17,23,27,48,52,58,85,88,92,108,110" m="49675" machi="110" ten="30,8000,1" yaku="19,1,52,2,54,2" doraHai="123" who="0" fromWho="2" sc="265,93,226,0,252,-83,247,0" /><INIT seed="3,0,0,2,3,28" ten="358,226,169,247" oya="3" hai0="130,14,59,116,81,60,0,4,105,99,115,47,46" hai1="41,104,118,113,50,7,22,97,2,85,89,102,64" hai2="84,111,109,17,135,45,91,29,65,30,75,122,20" hai3="106,49,125,129,119,5,86,54,67,71,48,8,90"/><W120/><G106/><T19/><D115/><U77/><E113/><V63/><F75/><W76/><G119/><T92/><D105/><U12/><E77/><V95/><F135/><W128/><G120/><T52/><D130/><N who="3" m="50281" /><G76/><T26/><D116/><U112/><E112/><V39/><F122/><W43/><G43/><T6/><D81/><U101/><E101/><V88/><F39/><W66/><G71/><T11/><D0/><U124/><E64/><N who="3" m="24618" /><G54/><T25/><D25/><U53/><E41/><V10/><F45/><N who="0" m="16906" /><D26/><U9/><E124/><V69/><F10/><W57/><G125/><T13/><D13/><U61/><E118/><V131/><F131/><W16/><G57/><T35/><D35/><U38/><E38/><V79/><F79/><W96/><G96/><T123/><D123/><U126/><E126/><V78/><F78/><W24/><G24/><T42/><D42/><U108/><E61/><V62/><F63/><W56/><G56/><T36/><D36/><U44/><E2/><V80/><F109/><W134/><G134/><T127/><D127/><U23/><REACH who="1" step="1"/><E108/><REACH who="1" ten="358,216,169,247" step="2"/><V121/><F111/><W3/><G3/><T31/><D31/><U73/><E73/><V21/><F121/><W98/><G49/><T58/><D59/><U110/><E110/><V55/><F55/><W87/><G48/><T51/><D51/><U82/><AGARI ba="0,1" hai="7,9,12,22,23,44,50,53,82,85,89,97,102,104" machi="82" ten="20,2700,0" yaku="1,1,0,1,7,1,53,0" doraHai="28" doraHaiUra="133" who="1" fromWho="1" sc="358,-7,216,37,169,-7,247,-13" owari="351,45.1,253,5.3,162,-33.8,234,-16.6" /></mjloggm>