<mjloggm ver="2.3"><GO type="225" lobby="0"/><UN n0="%4C%4F%4C%49%54%41" n1="%E3%81%AF%E3%82%88%E3%81%8A%E3%81%98%E3%81%95%E3%82%93" n2="%E3%81%B2%E3%81%AA%E3%81%AE%E3%82%8A%E3%81%8F" n3="%EF%BC%AE%EF%BC%A1%EF%BC%AF%33%33%39" dan="16,16,16,16" rate="2065.35,2180.57,2109.30,2172.81" sx="F,M,M,M"/><TAIKYOKU oya="0"/><INIT seed="0,0,0,1,5,51" ten="250,250,250,250" oya="0" hai0="129,18,8,22,100,104,21,84,89,101,60,64,115" hai1="50,86,114,88,68,93,109,126,14,47,13,127,32" hai2="120,98,118,73,105,92,19,131,20,34,76,12,85" hai3="45,39,9,61,15,23,17,16,30,38,56,0,4"/><T7/><D115/><U46/><E114/><V62/><F120/><W91/><G30/><T130/><D104/><U52/><E109/><V132/><F132/><W63/><G63/><T116/><D116/><U55/><E68/><V103/><F118/><W57/><G57/><T107/><D107/><U124/><E32/><V135/><F135/><W106/><G106/><T99/><D99/><U111/><E111/><V113/><F113/><W70/><G70/><T67/><D8/><U87/><E86/><V29/><F131/><N who="0" m="50186" /><D7/><U53/><E47/><V66/><F73/><W121/><G121/><T134/><D134/><U96/><E96/><V75/><F75/><W119/><G119/><T77/><D77/><U31/><E31/><V36/><F36/><W6/><G6/><T95/><D22/><U108/><E108/><V74/><F74/><W10/><G91/><T58/><D64/><U123/><E123/><V71/><F76/><W65/><REACH who="3" step="1"/><G45/><REACH who="3" ten="250,250,250,240" step="2"/><T42/><D42/><AGARI ba="0,1" hai="13,14,42,46,50,52,53,55,87,88,93,124,126,127" machi="42" ten="50,12000,2" yaku="18,1,52,3,54,2" doraHai="51" who="1" fromWho="0" sc="250,-120,250,130,250,0,240,0" /><INIT seed="1,0,0,0,2,48" ten="130,380,250,240" oya="1" hai0="6,109,45,31,9,59,133,32,93,26,123,67,0" hai1="47,115,13,134,74,33,108,110,42,55,111,64,89" hai2="60,34,68,5,94,113,118,92,35,58,135,1,46" hai3="132,30,85,40,77,76,95,36,78,122,38,117,104"/><U114/><E33/><V21/><F118/><W2/><G2/><T65/><D109/><U22/><E74/><V41/><F68/><W126/><G122/><T20/><D133/><U51/><E134/><V102/><F135/><W54/><G132/><T37/><D123/><U56/><E64/><V29/><F113/><W71/><G71/><T14/><D93/><U84/><E22/><V116/><F116/><W23/><G104/><T87/><D87/><U19/><E13/><V53/><F5/><W86/><G117/><T7/><D7/><U27/><E19/><V80/><F80/><W43/><G23/><T66/><D45/><U15/><E15/><V73/><F73/><W119/><G119/><T72/><D37/><U90/><E27/><V79/><F79/><W130/><G95/><T83/><D83/><N who="1" m="49311" /><E90/><V8/><F8/><W50/><G30/><T49/><D72/><U52/><E55/><V12/><F1/><W106/><G106/><T63/><REACH who="0" step="1"/><D49/><AGARI ba="0,0" hai="42,47,49,51,52,56,108,110,111,114,115" m="49311" machi="49" ten="30,11600,0" yaku="14,1,10,1,52,1,54,1" doraHai="48" who="1" fromWho="0" sc="130,-116,380,116,250,0,240,0" /><INIT seed="1,1,0,0,3,110" ten="14,496,250,240" oya="1" hai0="130,58,123,47,10,49,122,62,95,83,77,104,134" hai1="132,70,128,1,117,99,74,46,75,24,39,0,34" hai2="59,100,72,120,9,40,87,113,109,94,48,45,126" hai3="54,33,66,82,19,133,42,23,67,8,56,129,102"/><U88/><E70/><V25/><F72/><W37/><G33/><T20/><D104/><U118/><E88/><V105/><F120/><W5/><G102/><T119/><D119/><U69/><E99/><V60/><F109/><W90/><G129/><T4/><D130/><U11/><E128/><V55/><F126/><W15/><G133/><T68/><D68/><U101/><E101/><V22/><F105/><W44/><G90/><T50/><D134/><U73/><E69/><V106/><F106/><W57/><G82/><T116/><D116/><U71/><E71/><V84/><F113/><W103/><G103/><T52/><D20/><U108/><E108/><V53/><F9/><W16/><G19/><T2/><D95/><U76/><E76/><V26/><F40/><W51/><REACH who="3" step="1"/><G57/><REACH who="3" ten="14,496,250,230" step="2"/><T28/><D28/><N who="1" m="19719" /><E132/><V115/><F100/><W7/><G7/><T93/><D93/><U111/><E111/><V43/><F59/><W86/><G86/><T135/><D135/><U6/><E74/><V65/><F87/><W32/><G32/><T17/><D17/><U41/><E73/><V125/><F84/><W78/><G78/><T81/><D81/><U79/><E79/><V35/><F94/><W38/><G38/><T107/><D107/><U61/><E75/><V121/><F35/><W13/><AGARI ba="1,1" hai="5,8,13,15,16,23,37,42,44,51,54,56,66,67" machi="13" ten="20,8000,1" yaku="1,1,0,1,7,1,54,1,53,1" doraHai="110" doraHaiUra="36" who="3" fromWho="3" sc="14,-21,496,-41,250,-21,230,93" owari="-7,-50.7,455,55.5,229,-17.1,323,12.3" /></mjloggm>