<mjloggm ver="2.3"><GO type="225" lobby="0"/><UN n0="%E6%98%93%E5%88%A9%E8%96%A9%E4%BC%AF" n1="%E9%A6%AC%E5%BC%95%E7%81%AB%33" n2="%E6%A0%B9%E5%85%83%E3%81%8B%E3%82%89%E5%90%B9%E3%81%A3%E9%A3%9B%E3%81%B6" n3="%E6%A1%9C%E6%B2%A2%E5%A2%A8" dan="17,16,16,17" rate="2104.02,2090.54,2135.89,2145.81" sx="F,M,F,F"/><TAIKYOKU oya="0"/><INIT seed="0,0,0,3,3,124" ten="250,250,250,250" oya="0" hai0="4,17,111,68,122,100,49,24,86,85,15,131,22" hai1="98,73,71,29,96,56,66,32,80,13,59,123,106" hai2="135,43,50,54,72,41,47,101,121,90,104,78,84" hai3="35,88,30,70,79,109,127,83,128,26,134,36,45"/><T103/><D122/><U62/><E123/><V67/><F135/><W107/><G127/><T64/><D111/><U76/><E13/><V19/><F67/><W116/><G116/><T38/><D38/><U20/><E20/><V113/><F113/><W125/><G125/><T55/><D68/><U46/><E46/><V74/><F121/><W65/><G107/><T91/><D64/><U21/><E21/><V69/><F69/><W108/><G134/><T95/><D131/><U89/><E89/><V6/><F74/><N who="3" m="43511" /><G88/><N who="0" m="53647" /><D4/><U115/><E115/><V117/><F6/><W12/><G12/><T97/><D97/><U63/><E63/><V31/><F72/><W7/><G7/><T40/><D40/><U112/><E98/><N who="2" m="61495" /><F43/><N who="3" m="22759" /><G128/><T37/><D37/><U133/><E112/><V25/><F41/><W5/><G5/><T1/><D1/><U33/><E133/><V75/><F75/><W130/><G130/><T60/><D60/><AGARI ba="0,0" hai="26,30,35,60,65,70,108,109" m="22759,43511" machi="60" ten="30,1000,0" yaku="23,1" doraHai="124" who="3" fromWho="0" sc="250,-10,250,0,250,0,250,10" /><INIT seed="1,0,0,0,5,121" ten="240,250,250,260" oya="1" hai0="10,31,35,90,15,2,61,104,116,3,102,113,18" hai1="33,24,108,41,23,106,70,52,17,134,119,8,88" hai2="73,64,5,7,101,114,36,6,87,77,48,126,74" hai3="45,98,115,38,27,44,128,59,55,37,13,28,65"/><U83/><E119/><V124/><F36/><W57/><G115/><T110/><D116/><U111/><E134/><V131/><F131/><W100/><G128/><T78/><D113/><U118/><E118/><V46/><F114/><W12/><G65/><T56/><D78/><U103/><E70/><V62/><F101/><W66/><G66/><T133/><D133/><U60/><E41/><V1/><F1/><W49/><G38/><T19/><D31/><U81/><E33/><V25/><F25/><W72/><G72/><T79/><D79/><U11/><E103/><V92/><F92/><W76/><G76/><T42/><D35/><U68/><E106/><V120/><F87/><W21/><G37/><T32/><D32/><U89/><E68/><V47/><F120/><W67/><G44/><N who="2" m="16937" /><F48/><W129/><G129/><T29/><D42/><U20/><E24/><V95/><F95/><N who="3" m="58463" /><G45/><T40/><D29/><U58/><E58/><N who="2" m="36951" /><F77/><W71/><G71/><T127/><D40/><U96/><E96/><V123/><F123/><W130/><G130/><T85/><D102/><U9/><E60/><AGARI ba="0,0" hai="12,13,21,27,28,49,55,57,59,60,67" m="58463" machi="60" ten="30,2000,0" yaku="25,1,8,1" doraHai="121" who="3" fromWho="1" sc="240,0,250,-20,250,0,260,20" /><INIT seed="2,0,0,0,5,35" ten="240,230,250,280" oya="2" hai0="117,131,55,39,26,8,84,67,99,87,18,42,103" hai1="14,19,20,114,126,104,110,94,85,48,17,31,32" hai2="40,34,72,134,128,3,93,43,91,100,133,36,54" hai3="49,23,96,83,0,29,111,86,6,12,113,81,109"/><V22/><F34/><W11/><G113/><T118/><D131/><U7/><E114/><V95/><F72/><W63/><G96/><T116/><D67/><U108/><E104/><V120/><F120/><W82/><G49/><T24/><D55/><U77/><E126/><V68/><F68/><W61/><G86/><N who="0" m="32811" /><D42/><U70/><E70/><V105/><F105/><W59/><G29/><T41/><D18/><U1/><E48/><V88/><F22/><W75/><G75/><T92/><D8/><N who="1" m="2159" /><E19/><V47/><F100/><W125/><G125/><T2/><D2/><U21/><E21/><V129/><F54/><W16/><REACH who="3" step="1"/><G59/><REACH who="3" ten="240,230,250,270" step="2"/><T89/><D103/><U64/><E77/><V60/><F129/><W13/><G13/><T56/><D56/><U78/><E78/><V80/><F128/><W106/><G106/><T51/><D51/><U27/><E85/><V15/><F15/><W44/><G44/><AGARI ba="0,1" hai="24,26,39,41,44,89,92,99,116,117,118" m="32811" machi="44" ten="40,1300,0" yaku="12,1" doraHai="35" who="0" fromWho="3" sc="240,23,230,0,250,0,270,-13" /><INIT seed="3,0,0,5,5,9" ten="263,230,250,257" oya="3" hai0="30,17,134,123,3,104,45,133,118,13,60,44,66" hai1="54,46,51,53,75,22,113,55,32,131,92,69,82" hai2="84,100,120,79,41,1,73,72,33,135,127,81,86" hai3="124,122,107,67,99,119,125,130,71,50,34,2,20"/><W11/><G119/><T49/><D123/><U76/><E113/><V103/><F33/><W64/><G34/><T15/><D104/><U24/><E32/><V128/><F1/><W117/><G117/><T6/><D118/><U4/><E131/><V28/><F28/><W102/><G122/><T14/><D30/><U77/><E69/><V5/><F5/><N who="3" m="1463" /><G130/><T78/><D78/><U89/><E77/><N who="2" m="46127" /><F127/><N who="3" m="48715" /><G71/><T97/><D97/><U16/><REACH who="1" step="1"/><E4/><REACH who="1" ten="263,220,250,257" step="2"/><V56/><F128/><W132/><G132/><T115/><D115/><U18/><E18/><V68/><F68/><W112/><G112/><T85/><D17/><U87/><AGARI ba="0,1" hai="16,22,24,46,51,53,54,55,75,76,82,87,89,92" machi="87" ten="20,5200,0" yaku="1,1,0,1,7,1,54,1,53,0" doraHai="9" doraHaiUra="111" who="1" fromWho="1" sc="263,-13,220,62,250,-13,257,-26" /><INIT seed="4,0,0,4,2,42" ten="250,282,237,231" oya="0" hai0="93,78,59,110,8,96,0,111,26,18,104,118,39" hai1="40,70,135,109,48,38,32,3,44,100,117,85,82" hai2="21,28,77,80,79,81,125,65,86,11,66,41,55" hai3="126,123,91,9,112,29,113,7,24,45,108,72,51"/><T36/><D104/><U47/><E117/><V130/><F125/><W83/><G108/><N who="0" m="41515" /><D118/><U88/><E32/><V53/><F130/><W58/><G126/><T90/><D78/><U43/><E3/><V127/><F41/><W22/><G58/><T115/><D115/><N who="3" m="44105" /><G123/><T12/><D0/><U31/><E109/><V46/><F11/><W56/><G56/><T64/><D26/><U84/><E31/><V87/><F127/><W121/><G121/><T103/><D90/><U128/><E70/><V27/><F55/><N who="3" m="30191" /><G91/><T74/><D74/><U131/><E135/><V20/><F20/><W71/><G71/><T5/><D5/><U114/><E114/><V116/><F116/><W107/><G107/><T15/><D15/><U13/><E100/><V98/><F98/><W6/><G9/><T52/><D64/><U132/><E132/><V68/><F68/><W67/><G67/><T119/><D119/><U14/><E85/><V57/><F57/><W10/><G10/><T4/><D4/><U25/><E25/><V54/><F66/><W75/><G75/><T34/><D34/><U23/><REACH who="1" step="1"/><E13/><REACH who="1" ten="250,272,237,231" step="2"/><V35/><F35/><W33/><G33/><T133/><D133/><U129/><E129/><V89/><F86/><W134/><G134/><T63/><AGARI ba="0,1" hai="8,12,18,36,39,52,59,63,93,96,103" m="41515" machi="63" ten="30,3000,0" yaku="10,1,54,1" doraHai="42" who="0" fromWho="0" sc="250,40,272,-10,237,-10,231,-10" /><INIT seed="4,1,0,1,2,90" ten="290,262,227,221" oya="0" hai0="86,115,114,102,97,14,78,82,57,135,130,8,62" hai1="2,83,77,38,73,129,28,64,88,119,15,35,39" hai2="37,116,61,85,94,104,69,66,123,49,26,48,132" hai3="103,47,40,105,45,7,9,36,59,128,75,20,29"/><T16/><D130/><U70/><E119/><V95/><F123/><W46/><G128/><T89/><D135/><U27/><E129/><V106/><F37/><W125/><G125/><T43/><D43/><U74/><E74/><V54/><F132/><W0/><G59/><T92/><REACH who="0" step="1"/><D78/><REACH who="0" ten="280,262,227,221" step="2"/><U124/><E124/><V65/><F116/><W6/><G6/><T41/><D41/><U112/><E112/><V133/><F133/><W58/><G75/><T32/><D32/><U56/><E35/><V111/><F111/><W44/><G58/><T12/><D12/><U87/><E56/><V81/><F69/><W126/><G126/><T13/><D13/><U51/><E15/><V118/><F118/><W109/><G109/><T96/><D96/><U10/><E77/><V17/><F85/><W98/><REACH who="3" step="1"/><G47/><REACH who="3" ten="280,262,227,211" step="2"/><T117/><D117/><U91/><E73/><V120/><F120/><W80/><G80/><T121/><D121/><U110/><E83/><V11/><F11/><W1/><G1/><T23/><D23/><U100/><E2/><V30/><F81/><W4/><G4/><T76/><D76/><U3/><E3/><V122/><F122/><W101/><G101/><T50/><D50/><U93/><E100/><V131/><F131/><W22/><G22/><T33/><D33/><U24/><E10/><V79/><F79/><W99/><G99/><T52/><AGARI ba="1,2" hai="8,14,16,52,57,62,82,86,89,92,97,102,114,115" machi="52" ten="30,18000,2" yaku="1,1,0,1,52,1,54,2,53,1" doraHai="90" doraHaiUra="55" who="0" fromWho="0" sc="280,203,262,-61,227,-61,211,-61" owari="483,58.3,201,0.1,166,-23.4,150,-35.0" /></mjloggm>