<mjloggm ver="2.3"><GO type="225" lobby="0"/><UN n0="%72%69%6F%75%63%68%61%6E" n1="%E6%98%93%E5%88%A9%E8%96%A9%E4%BC%AF" n2="%E3%81%99%E3%81%84%E3%81%BE%E3%81%9B%E3%83%BC%E3%82%93" n3="%E3%81%BF%E3%81%BF%E3%81%9A" dan="16,17,18,18" rate="2181.98,2183.31,2194.88,2273.70" sx="M,F,M,M"/><TAIKYOKU oya="0"/><INIT seed="0,0,0,2,3,97" ten="250,250,250,250" oya="0" hai0="54,133,11,2,12,6,69,41,75,89,103,40,76" hai1="115,128,106,62,132,118,47,17,90,0,23,86,30" hai2="107,135,38,74,120,116,46,56,50,98,71,13,104" hai3="105,122,64,84,102,123,52,100,19,119,127,96,51"/><T37/><D133/><U34/><E118/><V78/><F120/><N who="3" m="46123" /><G119/><T73/><D69/><U111/><E0/><V63/><F116/><W129/><G127/><T3/><D103/><U82/><E111/><V93/><F135/><W126/><G126/><T125/><D125/><U68/><E128/><V31/><F38/><W113/><G129/><T29/><D29/><U36/><E115/><V114/><F71/><W108/><G64/><T117/><D117/><U95/><E106/><V134/><F114/><W91/><G108/><T35/><D35/><U25/><E132/><V61/><F31/><W8/><G113/><T21/><D54/><U16/><E34/><V26/><F26/><W24/><G96/><T87/><D76/><U88/><E68/><V27/><F27/><W22/><G8/><T49/><D37/><U92/><E62/><V80/><F63/><W66/><G66/><T65/><D65/><U85/><E82/><V99/><F99/><W101/><G105/><T53/><D21/><U79/><E79/><V20/><F134/><W44/><G102/><T9/><D2/><U81/><E81/><AGARI ba="0,0" hai="19,22,24,44,51,52,81,84,91,100,101" m="46123" machi="81" ten="30,7700,0" yaku="13,1,52,2,54,1" doraHai="97" who="3" fromWho="1" sc="250,0,250,-77,250,0,250,77" /><INIT seed="1,0,0,1,4,111" ten="250,173,250,327" oya="1" hai0="96,19,80,56,24,3,47,107,51,33,20,130,29" hai1="123,132,13,119,46,61,18,72,52,50,93,69,55" hai2="108,44,17,31,134,87,30,58,60,12,95,34,124" hai3="129,42,67,120,110,41,62,135,14,39,48,75,32"/><U103/><E119/><V104/><F108/><W40/><G110/><T28/><D130/><U106/><E132/><V74/><F74/><W25/><G75/><T122/><D122/><U49/><E72/><V66/><F104/><W43/><G32/><T11/><D56/><U36/><E123/><V98/><F34/><W77/><G77/><T21/><D33/><U70/><E106/><V54/><F124/><W127/><G25/><T53/><D80/><U16/><E36/><V121/><F87/><W92/><G120/><T94/><D107/><U4/><E4/><V2/><F2/><W59/><G127/><T131/><D131/><U38/><E38/><V133/><F121/><W10/><G129/><T68/><D68/><U84/><E61/><V118/><F118/><W73/><G73/><T78/><D78/><U85/><E18/><V91/><F134/><W115/><G115/><T117/><D117/><U90/><E103/><V86/><F98/><W0/><G0/><T15/><D3/><U79/><E85/><V116/><F116/><W105/><G105/><T113/><D113/><U112/><E79/><V27/><F27/><W102/><G135/><T45/><D45/><U57/><E112/><V76/><F76/><W5/><G39/><T6/><D20/><AGARI ba="0,0" hai="13,16,20,46,49,50,52,55,57,69,70,84,90,93" machi="20" ten="30,12000,1" yaku="7,1,25,2,54,2" doraHai="111" who="1" fromWho="0" sc="250,-120,173,120,250,0,327,0" /><INIT seed="1,1,0,3,4,133" ten="130,293,250,327" oya="1" hai0="90,53,87,62,50,106,40,110,41,61,32,116,14" hai1="72,13,52,70,120,107,82,103,22,81,46,51,33" hai2="24,97,17,7,112,12,44,20,30,91,100,34,9" hai3="42,89,79,63,35,128,3,109,135,127,117,55,39"/><U1/><E1/><V94/><F112/><W57/><G35/><T23/><D116/><U56/><E70/><V99/><F44/><W88/><G3/><T119/><D119/><U77/><E33/><V92/><REACH who="2" step="1"/><F34/><REACH who="2" ten="130,293,240,327" step="2"/><W18/><G117/><T58/><D32/><U36/><E46/><V27/><F27/><W98/><G135/><T130/><D110/><U15/><E120/><V73/><F73/><W95/><G109/><T121/><D121/><U104/><E72/><V21/><F21/><W83/><G128/><T68/><D130/><U26/><E22/><V134/><F134/><W111/><G111/><T108/><D108/><U85/><E26/><V5/><AGARI ba="1,1" hai="5,7,9,12,17,20,24,30,91,92,94,97,99,100" machi="5" ten="30,8000,1" yaku="1,1,0,1,8,1,53,2" doraHai="133" doraHaiUra="93" who="2" fromWho="2" sc="130,-21,293,-41,240,93,327,-21" /><INIT seed="2,0,0,1,2,95" ten="109,252,333,306" oya="2" hai0="55,7,28,69,91,29,12,70,34,128,17,20,44" hai1="53,62,49,83,58,115,79,97,109,11,60,101,65" hai2="54,22,121,86,73,42,4,111,80,48,108,102,94" hai3="114,6,50,126,74,113,119,35,104,132,103,78,110"/><V93/><F121/><W129/><RYUUKYOKU type="yao9" ba="0,0" sc="109,0,252,0,333,0,306,0" hai3="6,35,50,74,78,103,104,110,113,114,119,126,129,132" /><INIT seed="2,1,0,2,2,31" ten="109,252,333,306" oya="2" hai0="101,14,1,13,39,107,109,135,84,6,27,62,96" hai1="128,122,37,48,57,52,75,67,83,30,23,74,12" hai2="88,124,80,100,43,70,63,47,40,49,33,73,90" hai3="133,87,78,114,132,36,97,102,134,68,45,69,118"/><V111/><F124/><W17/><G118/><T25/><D135/><U85/><E37/><V8/><F111/><W15/><G114/><T123/><D109/><U104/><E104/><V24/><F43/><N who="3" m="22759" /><G87/><T95/><D123/><U98/><E128/><V42/><F42/><W130/><G78/><T64/><D39/><U32/><E98/><V7/><F100/><W44/><G44/><T99/><D1/><U41/><E41/><V86/><F73/><W121/><G121/><T51/><D84/><U61/><E32/><V59/><F70/><W22/><G130/><T53/><D6/><U106/><E106/><AGARI ba="1,0" hai="15,17,22,68,69,97,102,106,132,133,134" m="22759" machi="106" ten="30,1000,0" yaku="20,1" doraHai="31" who="3" fromWho="1" sc="109,0,252,-13,333,0,306,13" /><INIT seed="3,0,0,3,1,99" ten="109,239,333,319" oya="3" hai0="72,90,88,48,39,77,104,71,14,46,49,89,18" hai1="102,94,31,13,96,115,87,3,116,20,76,6,129" hai2="51,111,70,32,108,80,16,41,1,81,101,36,86" hai3="122,44,109,107,24,64,69,95,66,92,47,26,85"/><W33/><G107/><T97/><D71/><U112/><E129/><V93/><F70/><W59/><G122/><T54/><D39/><U53/><E3/><V58/><F32/><W34/><G69/><T117/><D117/><U119/><E53/><V27/><F1/><W125/><G59/><T113/><D113/><U23/><E20/><N who="2" m="13703" /><F36/><W63/><G85/><T79/><D72/><U124/><E124/><V134/><F134/><W7/><G7/><T74/><D74/><U126/><E126/><V43/><F58/><W73/><G125/><T61/><D61/><U133/><E133/><V21/><F21/><W29/><G73/><T5/><D5/><U131/><E131/><V42/><F51/><W78/><G63/><T123/><D123/><U106/><E76/><V62/><F62/><W135/><G78/><T55/><D104/><U128/><E87/><V84/><F86/><W25/><G25/><T12/><D97/><U45/><E45/><V82/><F81/><W103/><G135/><T91/><N who="0" m="22528" /><DORA hai="67" /><T30/><D30/><U35/><E106/><V68/><F68/><W15/><G29/><T4/><D4/><U22/><E128/><V98/><F84/><W17/><G17/><T57/><REACH who="0" step="1"/><D12/><REACH who="0" ten="99,239,333,319" step="2"/><U110/><E31/><V132/><F132/><W2/><G15/><T8/><AGARI ba="0,1" hai="8,14,18,46,48,49,54,55,57,77,79" m="22528" machi="8" ten="40,16000,3" yaku="1,1,2,1,0,1,8,1,54,1,53,3" doraHai="99,67" doraHaiUra="50,40" who="0" fromWho="0" sc="99,170,239,-40,333,-40,319,-80" /><INIT seed="4,0,0,2,3,46" ten="269,199,293,239" oya="0" hai0="25,76,124,5,47,28,123,86,11,26,84,81,60" hai1="134,56,29,23,131,55,3,12,42,118,110,63,37" hai2="70,0,128,61,72,59,14,129,103,36,127,62,97" hai3="83,45,52,98,27,100,114,4,31,115,30,73,20"/><T133/><D123/><U69/><E3/><V57/><F0/><W18/><G4/><T71/><D124/><U15/><E110/><V82/><F127/><W13/><G73/><T125/><D125/><U87/><E118/><V92/><F36/><W10/><G83/><T6/><D133/><U109/><E109/><V39/><F39/><W94/><REACH who="3" step="1"/><G31/><REACH who="3" ten="269,199,293,229" step="2"/><T54/><D5/><U65/><E134/><V40/><F82/><W74/><G74/><T1/><D28/><U89/><E131/><V122/><F72/><W7/><G7/><T99/><D99/><U9/><E29/><V105/><F129/><W91/><G91/><T104/><D104/><U38/><E23/><V50/><F105/><W112/><G112/><T121/><D121/><U16/><E12/><V80/><F14/><W130/><G130/><T41/><D86/><U67/><E42/><V35/><F128/><W53/><G53/><T106/><D106/><U113/><E113/><V75/><F40/><W96/><G96/><T132/><D132/><U58/><E69/><V120/><F70/><W78/><G78/><T49/><REACH who="0" step="1"/><D54/><REACH who="0" ten="259,199,293,229" step="2"/><U108/><E108/><V119/><F122/><W19/><G19/><T44/><D44/><U51/><REACH who="1" step="1"/><E67/><AGARI ba="0,2" hai="1,6,11,25,26,41,47,49,60,67,71,76,81,84" machi="67" ten="40,7700,0" yaku="1,1,52,1,53,1" doraHai="46" doraHaiUra="79" who="0" fromWho="1" sc="259,97,199,-77,293,0,229,0" owari="356,45.6,122,-37.8,293,9.3,229,-17.1" /></mjloggm>