<mjloggm ver="2.3"><GO type="225" lobby="0"/><UN n0="%E6%B4%BE%E9%81%A3%E3%81%AE%E3%82%B8%E3%83%A3%E3%83%83%E3%82%AF" n1="%E6%9C%88%E5%B3%B6%E5%9F%BA" n2="%33%74%72%65%65" n3="%E7%B4%94%E6%BD%94%E3%83%94%E3%83%A9%E3%83%8B%E3%82%A2" dan="17,17,17,17" rate="2170.13,2212.94,2138.11,2204.03" sx="M,M,F,M"/><TAIKYOKU oya="0"/><INIT seed="0,0,0,5,5,61" ten="250,250,250,250" oya="0" hai0="91,50,120,125,3,20,129,42,106,82,96,105,58" hai1="86,12,135,128,67,92,52,62,111,119,16,70,29" hai2="14,73,31,78,83,127,54,122,85,18,56,65,57" hai3="24,87,90,30,32,45,48,116,68,97,102,126,76"/><T11/><D120/><U101/><E119/><V69/><F122/><W117/><G126/><T130/><D125/><U17/><E111/><V121/><F121/><W88/><G76/><T41/><D20/><U21/><E128/><N who="0" m="49257" /><D82/><U23/><E135/><V1/><F1/><W22/><G68/><T2/><D91/><U6/><E6/><V34/><F127/><W71/><G71/><T37/><D37/><U72/><E72/><V55/><F73/><W35/><G90/><T107/><D96/><U123/><E123/><V80/><F80/><W81/><G32/><T53/><D11/><U39/><E39/><V84/><F84/><W59/><G35/><T40/><AGARI ba="0,0" hai="2,3,40,41,42,50,53,58,105,106,107" m="49257" machi="40" ten="40,2100,0" yaku="19,1" doraHai="61" who="0" fromWho="0" sc="250,21,250,-7,250,-7,250,-7" /><INIT seed="0,1,0,4,1,107" ten="271,243,243,243" oya="0" hai0="134,83,114,85,32,55,30,57,96,110,7,3,11" hai1="54,20,80,26,68,79,46,128,18,101,100,47,40" hai2="119,15,86,122,56,49,21,36,45,8,126,102,89" hai3="29,72,44,24,52,130,92,16,112,41,84,98,69"/><T28/><D114/><U90/><E128/><V111/><F122/><W59/><G112/><T78/><D134/><U127/><E127/><V125/><F111/><W75/><G69/><T62/><D32/><U0/><E0/><V43/><F119/><W109/><G84/><T135/><D110/><U9/><E68/><V39/><F102/><W117/><G130/><T27/><D135/><U10/><E54/><V5/><F21/><W95/><G95/><T12/><D27/><U120/><E120/><V81/><REACH who="2" step="1"/><F56/><REACH who="2" ten="271,243,233,243" step="2"/><W1/><G117/><T118/><D118/><U131/><E131/><V108/><F108/><W51/><G109/><T14/><D30/><U6/><E100/><V71/><F71/><W87/><G29/><T23/><D28/><U132/><E101/><V58/><F58/><W74/><G1/><T77/><D23/><U38/><E20/><V67/><F67/><W34/><G34/><T53/><D57/><U60/><E132/><V65/><F65/><W121/><G121/><T17/><D11/><U35/><E10/><V61/><F61/><W31/><G31/><T64/><D64/><U94/><E60/><V99/><F99/><W66/><G66/><T19/><D96/><N who="1" m="57431" /><E35/><V105/><F105/><W91/><G98/><T70/><D62/><U116/><E116/><V88/><F88/><W113/><G113/><T106/><D70/><U129/><E129/><V2/><F2/><W73/><N who="3" m="18432" /><DORA hai="4" /><W63/><G24/><T33/><D33/><U115/><E115/><V25/><F25/><W124/><G124/><AGARI ba="1,1" hai="5,8,15,36,39,43,45,49,81,86,89,124,125,126" machi="124" ten="40,8000,1" yaku="1,1,18,1,52,1,53,1" doraHai="107,4" doraHaiUra="22,82" who="2" fromWho="3" sc="271,0,243,0,233,93,243,-83" /><INIT seed="1,0,0,5,3,51" ten="271,243,326,160" oya="1" hai0="44,79,62,99,42,69,52,134,8,61,126,111,35" hai1="9,59,100,37,36,64,15,85,82,87,31,75,81" hai2="107,50,106,124,41,28,67,46,6,127,92,74,14" hai3="132,58,19,78,104,54,10,120,71,80,33,101,114"/><U18/><E75/><V21/><F74/><W84/><G114/><T105/><D35/><U3/><E3/><V110/><F110/><W93/><G120/><T76/><D111/><U102/><E31/><V2/><F67/><W128/><G71/><T109/><D109/><U119/><E119/><V38/><F2/><W72/><G132/><T34/><D34/><U108/><E108/><V89/><F38/><W32/><G128/><T113/><D113/><U43/><E43/><V125/><F6/><W112/><G112/><T70/><D8/><U0/><E0/><V118/><F118/><W95/><G10/><T96/><D42/><U83/><E37/><V39/><F39/><W47/><G47/><T68/><D134/><U1/><E36/><V77/><F77/><W103/><G19/><T97/><D105/><U11/><E11/><V122/><F122/><W88/><G95/><T49/><D126/><U40/><E40/><V48/><F48/><W121/><G101/><N who="1" m="39018" /><E1/><V16/><F28/><W133/><G121/><T60/><AGARI ba="0,0" hai="44,49,52,60,61,62,68,69,70,76,79,96,97,99" machi="60" ten="40,8000,1" yaku="0,1,29,2,52,1,54,1" doraHai="51" who="0" fromWho="0" sc="271,80,243,-40,326,-20,160,-20" /><INIT seed="2,0,0,4,4,135" ten="351,203,306,140" oya="2" hai0="110,35,58,113,77,117,20,106,28,56,96,73,128" hai1="75,37,115,97,42,134,62,89,21,25,91,24,68" hai2="18,87,103,4,127,29,82,119,120,92,76,0,7" hai3="55,102,81,93,2,31,104,90,94,15,70,36,41"/><V13/><F127/><W27/><G2/><T133/><D110/><U85/><E115/><V64/><F119/><W61/><G15/><T54/><D35/><U88/><E75/><V74/><F120/><W1/><G1/><T78/><D73/><U23/><E134/><V38/><F0/><W47/><G55/><T22/><D106/><U43/><E37/><V5/><F38/><W30/><G30/><T99/><D28/><N who="1" m="17423" /><E68/><V86/><F29/><W124/><G90/><N who="1" m="34314" /><E62/><V26/><F26/><W126/><G81/><T80/><D80/><N who="1" m="49191" /><E97/><V130/><F130/><W65/><G93/><T122/><D122/><U49/><E49/><V50/><F50/><W19/><G94/><T107/><D107/><U6/><E6/><V46/><F46/><W39/><G39/><T105/><D105/><U79/><E79/><V33/><F33/><N who="3" m="20735" /><G19/><AGARI ba="0,0" hai="19,23,25,42,43" m="49191,34314,17423" machi="19" ten="30,2000,0" yaku="8,1,54,1" doraHai="135" who="1" fromWho="3" sc="351,0,203,20,306,0,140,-20" /><INIT seed="3,0,0,1,1,28" ten="351,223,306,120" oya="3" hai0="126,131,102,76,106,88,123,64,30,114,111,119,52" hai1="4,31,55,38,125,65,68,118,129,122,45,112,2" hai2="109,26,42,91,21,94,113,103,47,39,87,48,57" hai3="71,82,41,77,27,53,120,108,70,12,117,24,75"/><W46/><G117/><T80/><D111/><U10/><E122/><V54/><F109/><W85/><G108/><T62/><D123/><U89/><E112/><V16/><F103/><W130/><G120/><T11/><D119/><U92/><E118/><V86/><REACH who="2" step="1"/><F113/><REACH who="2" ten="351,223,296,120" step="2"/><W49/><G130/><T5/><D114/><U105/><E129/><V51/><F51/><W15/><G75/><T67/><D131/><U69/><E105/><V19/><F19/><W40/><G71/><T98/><D126/><U134/><E125/><V100/><F100/><W58/><G70/><T124/><D124/><U22/><E65/><V20/><F20/><W95/><G95/><T25/><D102/><U116/><E116/><V32/><F32/><W83/><G83/><T99/><D80/><U43/><E134/><V7/><F7/><W17/><G41/><T72/><D5/><U84/><REACH who="1" step="1"/><E55/><REACH who="1" ten="351,213,296,120" step="2"/><V121/><F121/><W8/><REACH who="3" step="1"/><G15/><REACH who="3" ten="351,213,296,110" step="2"/><T81/><D106/><U79/><E79/><V73/><F73/><W61/><AGARI ba="0,3" hai="8,12,17,24,27,40,46,49,53,58,61,77,82,85" machi="61" ten="20,12000,1" yaku="1,1,2,1,0,1,7,1,8,1,53,0" doraHai="28" doraHaiUra="60" who="3" fromWho="3" sc="351,-40,213,-40,296,-40,110,150" /><INIT seed="3,1,0,3,1,41" ten="311,173,256,260" oya="3" hai0="33,89,47,101,2,102,108,4,106,68,15,22,49" hai1="79,46,97,95,70,94,24,114,44,62,55,35,16" hai2="113,26,122,38,127,59,64,98,50,66,72,25,134" hai3="75,115,92,9,107,125,7,77,126,69,130,21,117"/><W6/><G115/><T17/><D68/><U100/><E114/><V74/><F113/><W123/><G117/><T87/><D108/><U128/><E128/><V85/><F38/><W31/><G123/><T96/><D33/><U53/><E79/><V73/><F122/><W56/><G107/><T111/><D111/><U54/><E35/><V12/><F134/><W32/><G69/><T133/><D133/><U91/><E70/><V27/><F127/><N who="3" m="48651" /><G32/><T30/><D30/><U118/><E62/><V10/><F98/><W103/><G130/><T0/><D4/><N who="3" m="1577" /><G9/><T78/><D78/><U5/><E5/><V99/><F99/><N who="3" m="59879" /><G56/><T58/><D58/><U1/><E1/><V119/><F119/><W57/><G57/><T52/><D101/><U120/><E120/><V48/><F59/><W34/><G34/><T36/><D36/><U71/><E71/><V40/><F85/><W135/><G135/><T93/><AGARI ba="1,0" hai="0,2,15,17,22,47,49,52,87,89,93,96,102,106" machi="93" ten="20,5200,0" yaku="0,1,7,1,52,1,54,1" doraHai="41" who="0" fromWho="0" sc="311,55,173,-14,256,-14,260,-27" owari="366,46.6,159,-34.1,242,4.2,233,-16.7" /></mjloggm>