<mjloggm ver="2.3"><GO type="225" lobby="0"/><UN n0="%E5%A4%8F%E9%88%B4%E9%88%B4%E5%A4%8F" n1="%65%76%69%61%6E%36%31%39" n2="%E3%83%81%E3%83%83%E3%82%BF%E3%82%BD%E3%83%BC" n3="%E9%A6%AC%E5%BC%95%E7%81%AB%33" dan="16,16,16,16" rate="2119.26,2033.38,2119.45,2058.17" sx="F,M,F,M"/><TAIKYOKU oya="0"/><INIT seed="0,0,0,2,2,11" ten="250,250,250,250" oya="0" hai0="51,10,56,102,112,129,60,41,52,63,70,126,0" hai1="2,104,13,16,95,98,133,75,83,106,78,40,93" hai2="8,25,20,43,135,65,36,33,54,22,34,37,91" hai3="122,107,94,120,119,113,87,127,7,73,76,46,108"/><T48/><D112/><U99/><E2/><V4/><F135/><W88/><G113/><T28/><D126/><U69/><E69/><V128/><F128/><W124/><G7/><T44/><D129/><U121/><E121/><N who="3" m="46698" /><G46/><T118/><D118/><U15/><E40/><V53/><F65/><W71/><G71/><T80/><D102/><U109/><E109/><V9/><F43/><W85/><G108/><T26/><D80/><U23/><E133/><V74/><F4/><W100/><G119/><T59/><D70/><U89/><REACH who="1" step="1"/><E15/><REACH who="1" ten="250,240,250,250" step="2"/><V96/><F37/><W77/><G73/><T117/><D117/><U125/><E125/><N who="3" m="48202" /><G85/><T14/><D0/><U72/><E72/><V64/><F74/><W49/><G49/><T86/><D86/><U31/><E31/><V17/><F36/><W110/><G110/><T82/><D28/><U42/><E42/><V38/><F38/><W39/><G39/><T114/><D114/><U97/><E97/><AGARI ba="0,1" hai="76,77,87,88,94,97,100,107" m="48202,46698" machi="97" ten="30,8000,1" yaku="13,1,18,1,34,2,54,1" doraHai="11" who="3" fromWho="1" sc="250,0,240,-80,250,0,250,90" /><INIT seed="1,0,0,1,5,52" ten="250,160,250,340" oya="1" hai0="1,7,50,19,24,28,57,89,70,133,30,4,123" hai1="124,113,68,104,21,9,102,80,127,51,60,129,93" hai2="71,91,77,47,62,33,41,96,11,119,8,118,37" hai3="107,6,29,25,10,106,69,111,85,73,2,121,31"/><U15/><E113/><V97/><F33/><W135/><G121/><T86/><D70/><U36/><E36/><V66/><F77/><W99/><G111/><T32/><D123/><U45/><E104/><V63/><F63/><W64/><G135/><T23/><D133/><U42/><E21/><V87/><F96/><W26/><G85/><T14/><D30/><U117/><E117/><V81/><REACH who="2" step="1"/><F97/><REACH who="2" ten="250,160,240,340" step="2"/><W112/><G99/><T110/><D110/><U34/><E34/><V56/><F56/><W35/><G35/><T100/><D100/><U122/><E60/><V20/><F20/><W103/><G103/><T0/><D57/><U18/><E68/><V43/><F43/><W5/><G69/><T49/><D32/><U22/><E122/><V95/><F95/><W46/><G107/><T105/><D105/><U125/><E93/><V101/><F101/><W72/><G106/><T76/><D23/><U82/><E102/><V39/><F39/><W78/><G78/><T58/><D76/><U98/><E98/><V12/><F12/><W83/><G83/><N who="1" m="31786" /><E22/><V59/><F59/><W115/><G26/><T54/><D0/><U65/><E65/><V38/><F38/><W109/><G25/><T92/><D1/><U48/><E48/><V90/><F90/><W53/><G2/><T3/><D50/><U131/><AGARI ba="0,1" hai="9,15,18,42,45,51,124,125,127,129,131" m="31786" machi="131" ten="40,2100,0" yaku="18,1" doraHai="52" who="1" fromWho="1" sc="250,-7,160,31,240,-7,340,-7" /><INIT seed="1,1,0,4,5,10" ten="243,191,233,333" oya="1" hai0="131,21,52,98,26,20,85,32,130,0,23,80,49" hai1="27,99,108,43,122,84,81,86,103,34,70,22,134" hai2="62,104,116,124,94,5,18,87,9,66,63,41,92" hai3="3,110,8,100,55,15,111,123,4,68,132,39,91"/><U48/><E122/><V129/><F116/><W127/><G123/><T37/><D0/><U82/><E70/><V38/><F104/><W112/><G112/><T79/><D37/><U17/><E134/><V13/><F124/><W117/><G127/><T101/><D32/><U65/><E65/><V120/><F120/><W75/><G132/><T73/><D73/><U19/><E34/><V125/><F125/><W97/><G75/><T83/><D83/><N who="1" m="31755" /><E99/><V16/><F129/><W90/><G39/><T119/><D119/><U45/><E103/><V57/><F62/><W71/><G3/><T50/><D50/><U36/><E36/><V105/><F105/><W64/><G55/><T30/><D131/><U2/><E2/><V14/><F87/><N who="1" m="33321" /><E108/><N who="3" m="41514" /><G117/><T133/><D130/><U6/><E6/><V118/><F118/><W31/><G68/><T67/><D67/><U12/><E19/><V115/><F115/><W77/><G31/><T78/><D133/><U126/><E126/><V11/><F5/><W59/><G71/><T61/><D79/><U89/><E89/><V7/><F7/><W35/><G35/><T106/><D61/><U47/><E47/><AGARI ba="1,0" hai="9,11,13,14,16,18,38,41,47,57,63,66,92,94" machi="47" ten="40,8000,1" yaku="9,1,52,2,54,1" doraHai="10" who="2" fromWho="1" sc="243,0,191,-83,233,83,333,0" /><AGARI ba="1,0" hai="20,21,23,26,30,47,49,52,78,80,85,98,101,106" machi="47" ten="30,2000,0" yaku="7,1,54,1" doraHai="10" who="0" fromWho="1" sc="243,20,108,-20,316,0,333,0" /><INIT seed="2,0,0,0,3,108" ten="263,88,316,333" oya="2" hai0="69,107,113,114,85,105,49,66,33,39,133,0,104" hai1="83,84,95,64,40,101,127,97,16,53,115,90,80" hai2="6,129,31,117,41,34,94,102,86,24,78,60,61" hai3="82,57,79,119,12,25,132,11,123,120,18,126,20"/><V106/><F129/><W46/><G119/><T35/><D49/><U63/><E40/><V29/><F117/><W93/><G126/><T21/><D85/><U62/><E53/><V67/><F29/><W28/><G132/><T8/><D21/><U72/><E64/><V73/><F41/><W14/><G93/><T55/><D55/><U77/><E127/><V125/><F125/><W22/><G46/><T74/><D74/><U134/><E134/><V88/><F6/><W13/><G57/><T44/><D133/><U112/><E63/><V36/><F36/><W130/><G130/><T75/><D75/><U10/><E62/><V121/><F121/><W1/><G13/><T38/><D66/><U109/><E109/><V47/><F47/><W19/><G1/><T68/><D8/><U3/><E3/><V81/><F67/><W116/><G116/><T26/><D26/><U89/><E16/><V4/><F4/><W7/><G7/><T76/><D76/><U2/><E10/><V124/><F124/><W58/><G58/><T32/><D0/><U30/><E30/><V56/><F56/><W27/><G27/><T48/><D48/><U135/><E2/><V71/><F71/><N who="0" m="27210" /><D44/><U9/><E9/><V52/><F52/><W54/><G54/><T118/><D118/><U5/><E5/><V128/><F128/><W92/><G92/><T87/><D87/><AGARI ba="0,0" hai="11,12,14,18,19,20,22,25,28,79,82,87,120,123" machi="87" ten="30,1000,0" yaku="7,1" doraHai="108" who="3" fromWho="0" sc="263,-10,88,0,316,0,333,10" /><INIT seed="3,0,0,0,4,24" ten="253,88,316,343" oya="3" hai0="103,74,128,7,106,108,66,50,46,41,39,132,82" hai1="95,23,107,83,125,15,51,17,133,135,54,109,13" hai2="113,92,52,44,32,33,59,48,121,30,40,85,35" hai3="36,38,118,130,29,96,16,31,64,126,122,102,117"/><W99/><G122/><T58/><D108/><U28/><E95/><V56/><F113/><W116/><G64/><T127/><D132/><U114/><E54/><V124/><F124/><W120/><G120/><T69/><D128/><U123/><E51/><V70/><F70/><W98/><G126/><T21/><D127/><U34/><E83/><V101/><F121/><W45/><G130/><T57/><D7/><U61/><E61/><V88/><F101/><W67/><G67/><T65/><D21/><U11/><E107/><V94/><F59/><N who="0" m="22538" /><D82/><U3/><E125/><V79/><F79/><W4/><G4/><T62/><D74/><U110/><E123/><V111/><F111/><W77/><G102/><T2/><D2/><U129/><E129/><V72/><F72/><W119/><G119/><T53/><D106/><U22/><E114/><V14/><F14/><W49/><G16/><T78/><D78/><U0/><E17/><V9/><F9/><W76/><G76/><T6/><D6/><U100/><E100/><V19/><F19/><W105/><G105/><T90/><D90/><U8/><REACH who="1" step="1"/><E34/><REACH who="1" ten="253,78,316,343" step="2"/><V12/><F94/><W89/><G77/><T60/><D103/><U26/><E26/><V112/><F112/><W27/><G27/><T134/><D62/><U25/><E25/><N who="2" m="18511" /><F12/><W20/><G118/><T93/><D93/><U131/><E131/><V42/><F42/><N who="3" m="24759" /><G117/><T91/><D60/><U63/><E63/><V5/><F5/><W37/><G116/><T68/><D53/><U43/><E43/><V86/><F86/><W18/><G89/><T97/><D41/><RYUUKYOKU ba="0,1" sc="253,-30,78,10,316,10,343,10" hai1="0,3,8,11,13,15,22,23,28,109,110,133,135" hai2="33,35,40,44,48,52,56,85,88,92" hai3="18,20,29,31,36,37,38,96,98,99" owari="223,-17.7,88,-41.2,326,12.6,363,46.3" /></mjloggm>