<mjloggm ver="2.3"><GO type="225" lobby="0"/><UN n0="%E4%BC%8A%E9%81%94%E6%9C%B1%E9%87%8C%E7%B4%97" n1="%E9%BB%99%E8%81%B4%E3%81%AE%E3%81%99%E3%82%9D%E3%82%81" n2="%E6%A1%9C%E8%8A%B1%E9%96%83%E3%80%85" n3="%70%68%65%6E%6F%6D%65" dan="16,16,16,16" rate="2137.27,2152.52,2108.23,2141.32" sx="F,M,M,M"/><TAIKYOKU oya="0"/><INIT seed="0,0,0,3,1,86" ten="250,250,250,250" oya="0" hai0="12,31,26,43,40,17,10,116,91,3,96,75,29" hai1="7,6,64,50,133,56,57,51,92,46,22,111,101" hai2="90,88,81,16,45,59,24,23,55,35,32,37,53" hai3="82,119,115,61,25,27,34,19,48,15,13,72,30"/><T128/><D116/><U87/><E111/><V2/><F2/><W113/><G119/><T0/><D75/><U4/><E133/><V99/><F81/><W69/><G27/><T11/><D128/><U105/><E105/><V95/><F90/><W66/><G15/><N who="0" m="7415" /><D40/><U134/><E134/><V122/><F122/><W131/><G48/><T63/><D63/><U126/><E126/><V49/><F37/><W104/><G104/><T109/><D96/><N who="1" m="59527" /><E64/><V107/><F107/><W124/><G131/><T78/><D78/><U42/><E50/><AGARI ba="0,0" hai="16,23,24,32,35,45,49,50,53,55,59,88,95,99" machi="50" ten="30,7700,0" yaku="7,1,52,1,54,2" doraHai="86" who="2" fromWho="1" sc="250,0,250,-77,250,77,250,0" /><INIT seed="1,0,0,4,1,17" ten="250,173,327,250" oya="1" hai0="102,98,99,5,82,37,95,130,6,36,93,73,135" hai1="22,0,18,111,26,112,51,40,50,123,113,21,103" hai2="76,91,64,101,39,61,108,34,13,74,11,75,3" hai3="57,67,54,96,46,115,20,86,70,31,44,62,121"/><U118/><E118/><V119/><F119/><W48/><G121/><T2/><D135/><U19/><E123/><V23/><F34/><W38/><G115/><T4/><D130/><U41/><E103/><V105/><F39/><W89/><G96/><T127/><D2/><U114/><E0/><V107/><F108/><W58/><G70/><T125/><D82/><U83/><E83/><V78/><F3/><W92/><REACH who="3" step="1"/><G38/><REACH who="3" ten="250,173,327,240" step="2"/><T106/><D36/><U47/><E111/><V10/><F107/><W134/><G134/><T33/><D37/><U132/><E132/><V16/><F105/><W30/><G30/><T122/><D122/><U12/><E114/><V117/><F117/><W79/><G79/><T65/><D106/><U14/><E26/><AGARI ba="0,1" hai="20,26,31,44,46,48,54,57,58,62,67,86,89,92" machi="26" ten="40,5200,0" yaku="1,1,8,1,52,1,53,0" doraHai="17" doraHaiUra="120" who="3" fromWho="1" sc="250,0,173,-52,327,0,240,62" /><INIT seed="2,0,0,3,3,73" ten="250,121,327,302" oya="2" hai0="113,123,115,95,39,107,23,54,45,22,98,2,77" hai1="27,90,18,117,134,52,75,102,79,19,64,4,116" hai2="1,35,0,101,14,24,85,129,84,43,89,57,5" hai3="109,31,74,92,126,80,32,16,132,26,50,15,104"/><V114/><F114/><W38/><G38/><T105/><D2/><U9/><E134/><V63/><F129/><W11/><G132/><T62/><D123/><U29/><E102/><V58/><F101/><W30/><G109/><T87/><D39/><U17/><E64/><V110/><F43/><W128/><G128/><T44/><D62/><U25/><E90/><V71/><F58/><W10/><G104/><T131/><D87/><U125/><E75/><V46/><F46/><W83/><G126/><T119/><D119/><N who="1" m="45643" /><E52/><V48/><F48/><W78/><G31/><T53/><D131/><U130/><E79/><V49/><F49/><W135/><G135/><T112/><D112/><U111/><E130/><V61/><F57/><W36/><G36/><T100/><D100/><U69/><E69/><V3/><F85/><W94/><G11/><T76/><D95/><U60/><E60/><V33/><F89/><W13/><G15/><T91/><D91/><U81/><E81/><V99/><F84/><W41/><REACH who="3" step="1"/><G80/><REACH who="3" ten="250,121,327,292" step="2"/><T103/><REACH who="0" step="1"/><D103/><REACH who="0" ten="240,121,327,292" step="2"/><U65/><E125/><V55/><F0/><W108/><G108/><T20/><D20/><N who="1" m="15591" /><E111/><V86/><F110/><W124/><G124/><T8/><D8/><U7/><E9/><V96/><F71/><W93/><G93/><T70/><D70/><U97/><E4/><V72/><F5/><W51/><G51/><T47/><D47/><AGARI ba="0,2" hai="10,13,16,26,30,32,41,47,50,74,78,83,92,94" machi="47" ten="40,8000,1" yaku="1,1,52,1,54,1,53,1" doraHai="73" doraHaiUra="6" who="3" fromWho="0" sc="240,-80,121,0,327,0,292,100" /><INIT seed="3,0,0,2,4,81" ten="160,121,327,392" oya="3" hai0="133,134,16,0,27,97,111,39,126,70,71,10,132" hai1="13,129,94,125,93,25,112,33,41,122,102,48,28" hai2="99,64,65,40,51,17,60,1,118,12,83,131,89" hai3="90,52,14,63,50,79,22,38,75,46,24,127,55"/><W95/><G127/><T85/><D126/><U105/><E125/><V32/><F118/><W123/><G123/><T101/><D39/><U2/><E112/><V73/><F1/><W103/><G38/><T30/><D111/><U61/><E122/><V128/><F32/><W114/><G114/><T37/><D37/><U36/><E36/><V76/><F40/><W4/><G103/><T86/><D70/><U84/><E2/><V8/><F51/><W49/><G63/><T6/><D71/><U18/><E129/><V62/><F99/><N who="3" m="57847" /><G75/><T47/><D47/><U42/><E105/><V121/><F121/><W53/><G79/><T107/><D16/><U113/><E113/><V20/><F89/><W26/><G50/><T7/><D7/><U98/><E61/><V67/><REACH who="2" step="1"/><F8/><REACH who="2" ten="160,121,317,392" step="2"/><N who="3" m="4359" /><G22/><AGARI ba="0,1" hai="0,6,10,22,27,30,85,86,97,101,107,132,133,134" machi="22" ten="40,5200,0" yaku="20,1,52,2" doraHai="81" who="0" fromWho="3" sc="160,62,121,0,317,0,392,-52" owari="222,-17.8,121,-37.9,317,11.7,340,44.0" /></mjloggm>