<mjloggm ver="2.3"><GO type="225" lobby="0"/><UN n0="%E3%81%8B%E3%82%8F%E3%81%A1%E3%82%83%E3%82%93%35%38" n1="%E3%82%A4%E3%83%BC%E3%82%B1%E3%83%97%E3%83%A9" n2="%E9%B3%B3%E6%9D%B1%E3%81%AE%E3%81%BF%E3%81%91%E3%81%AB%E3%82%83%E3%82%93" n3="%E7%89%B9%E6%9D%B1%E3%81%AF%E4%B8%96%E7%95%8C%E3%82%92%E6%95%91%E3%81%86" dan="16,17,16,16" rate="2116.09,2234.89,2143.33,2161.54" sx="M,M,F,M"/><TAIKYOKU oya="0"/><INIT seed="0,0,0,0,5,28" ten="250,250,250,250" oya="0" hai0="81,14,56,131,124,74,67,21,73,129,91,41,6" hai1="116,103,117,128,57,44,9,102,51,113,35,17,75" hai2="48,97,100,101,62,77,25,69,50,115,126,98,71" hai3="66,16,68,29,11,125,4,130,122,58,40,110,133"/><T119/><D119/><U8/><E75/><N who="0" m="28681" /><D41/><U38/><E128/><N who="0" m="49225" /><D124/><U32/><E113/><V87/><F115/><W88/><G130/><T90/><D81/><U79/><E79/><V13/><F126/><W63/><G125/><T19/><D6/><U76/><E76/><V112/><F112/><W34/><G40/><T93/><D93/><U92/><E38/><V2/><F77/><W39/><G39/><T83/><D83/><U43/><E57/><V78/><F78/><W65/><G4/><T3/><D3/><U85/><E103/><V15/><F2/><W47/><G122/><T107/><D107/><U123/><E123/><V105/><F25/><W53/><G68/><T94/><D94/><U86/><E86/><V52/><F87/><W20/><G47/><T0/><D0/><U12/><E9/><V49/><F71/><W42/><G42/><T10/><D10/><U24/><E24/><V95/><REACH who="2" step="1"/><F69/><REACH who="2" ten="250,250,240,250" step="2"/><W55/><G133/><T80/><D80/><U18/><E85/><V70/><F70/><W127/><G127/><T27/><D27/><U120/><E120/><V26/><F26/><W23/><G29/><T7/><D7/><U109/><E18/><V132/><F132/><W106/><G16/><T36/><D36/><U104/><E17/><V96/><F96/><W89/><G11/><T54/><D67/><U108/><E8/><V135/><F135/><W121/><G66/><T45/><D45/><U37/><E44/><V118/><F118/><W64/><G65/><T22/><D22/><U72/><E37/><V111/><F111/><W33/><G110/><RYUUKYOKU ba="0,1" sc="250,15,250,-15,240,15,250,-15" hai0="14,19,21,54,56,90,91" hai2="13,15,48,49,50,52,62,95,97,98,100,101,105" /><INIT seed="0,1,1,5,4,26" ten="265,235,255,235" oya="0" hai0="70,75,76,67,86,127,97,28,55,128,104,113,7" hai1="2,102,103,14,99,52,134,1,61,118,111,44,131" hai2="48,82,115,95,121,117,77,51,66,27,54,35,101" hai3="135,40,71,69,109,98,42,92,36,123,4,116,79"/><T6/><D113/><U23/><E118/><V126/><F121/><W107/><G116/><T88/><D127/><U21/><E111/><V45/><F117/><W43/><G109/><T122/><D122/><U133/><E131/><V59/><F115/><W106/><G36/><T93/><D128/><U13/><E61/><V12/><F126/><W91/><G123/><T89/><D89/><U17/><E44/><V130/><F130/><W108/><G108/><T119/><D119/><U85/><E85/><V3/><F3/><W33/><G135/><T84/><D84/><U114/><E114/><V39/><F39/><W41/><N who="3" m="10240" /><DORA hai="15" /><W78/><G33/><T74/><D74/><U58/><E58/><V65/><F12/><W96/><G4/><T10/><D55/><U22/><E22/><V68/><F68/><W60/><G96/><T90/><D90/><U9/><E99/><V94/><F101/><W30/><G30/><T57/><D28/><U80/><E9/><V0/><F0/><W29/><G29/><T18/><D70/><U47/><E47/><V110/><F110/><W129/><G129/><T38/><D38/><U81/><REACH who="1" step="1"/><E52/><REACH who="1" ten="265,225,255,235" step="2"/><N who="2" m="29711" /><F65/><W50/><G50/><T49/><D49/><U63/><E63/><V87/><F66/><W100/><G60/><T5/><D67/><U125/><E125/><V31/><F35/><W120/><G120/><T112/><D112/><U34/><E34/><V83/><F83/><W72/><G71/><T25/><D57/><U62/><E62/><V16/><F31/><W24/><G69/><T19/><D75/><U11/><E11/><RYUUKYOKU ba="1,2" sc="265,-15,225,15,255,15,235,-15" hai1="1,2,13,14,17,21,23,80,81,102,103,133,134" hai2="16,27,51,54,59,77,82,87,94,95" /><INIT seed="1,2,2,0,2,110" ten="250,240,270,220" oya="1" hai0="98,50,113,62,15,31,133,57,39,86,69,101,132" hai1="112,46,9,59,14,135,23,100,54,30,106,41,27" hai2="10,33,93,2,81,71,96,1,58,55,94,11,47" hai3="88,76,60,104,134,126,48,117,97,122,72,17,87"/><U82/><E135/><N who="0" m="51785" /><D39/><U123/><E123/><V127/><F71/><W63/><G122/><T52/><D113/><U64/><E112/><V66/><F33/><W35/><G134/><T74/><D74/><U79/><E64/><V68/><F68/><W128/><G35/><T67/><D31/><U34/><E34/><V105/><F105/><W16/><G128/><T85/><D15/><U24/><E24/><V29/><F29/><W45/><G126/><T99/><D99/><U51/><E106/><AGARI ba="2,2" hai="50,52,57,62,67,69,85,86,98,101,106" m="51785" machi="106" ten="30,2000,0" yaku="20,1,54,1" doraHai="110" who="0" fromWho="1" sc="250,46,240,-26,270,0,220,0" /><INIT seed="2,0,0,2,5,115" ten="296,214,270,220" oya="2" hai0="118,36,107,83,60,1,112,61,98,116,135,127,58" hai1="0,56,131,50,105,68,80,101,93,86,77,59,85" hai2="3,12,129,123,4,89,126,91,94,99,63,29,92" hai3="53,44,35,17,10,24,43,74,7,14,39,67,6"/><V65/><F123/><W2/><G74/><T27/><D112/><U20/><E68/><V23/><F129/><W33/><G67/><T26/><D1/><U132/><E131/><V110/><F126/><W32/><G53/><T78/><D36/><U42/><E0/><V64/><F3/><W103/><G103/><N who="0" m="62967" /><D127/><U18/><E132/><V82/><F82/><W15/><G2/><T125/><D125/><U9/><E9/><V97/><F110/><W113/><G113/><T120/><D120/><U19/><E105/><V38/><F38/><W87/><G24/><N who="0" m="9259" /><D58/><N who="1" m="22059" /><E20/><V73/><F73/><W100/><G100/><T30/><D30/><U48/><E101/><V114/><F114/><W106/><G106/><T79/><D79/><U49/><E42/><V70/><F29/><W66/><G66/><T117/><D135/><U109/><E109/><V25/><F25/><W88/><REACH who="3" step="1"/><G14/><REACH who="3" ten="296,214,270,210" step="2"/><T11/><D11/><U21/><E21/><V22/><F65/><W124/><G124/><T31/><D31/><U84/><E84/><AGARI ba="0,1" hai="60,61,78,83,84,116,117,118" m="9259,62967" machi="84" ten="30,7700,0" yaku="12,1,52,3" doraHai="115" who="0" fromWho="1" sc="296,87,214,-77,270,0,210,0" /><INIT seed="3,0,0,3,3,94" ten="383,137,270,210" oya="3" hai0="37,111,101,46,67,21,28,38,70,118,134,85,124" hai1="125,42,115,103,33,123,78,95,122,52,47,2,16" hai2="34,14,110,129,72,69,128,119,127,76,10,17,133" hai3="59,30,26,3,121,1,4,84,12,126,71,41,50"/><W62/><G121/><T58/><D118/><U99/><E115/><V57/><F57/><W81/><G71/><T117/><D70/><U83/><E125/><V114/><F76/><W27/><G126/><T112/><D112/><U49/><E33/><V131/><F17/><W109/><G26/><T91/><D101/><U11/><E42/><V79/><F10/><W77/><G109/><T87/><D87/><U68/><E68/><V31/><F14/><W86/><G86/><T116/><D124/><U8/><E8/><V36/><F79/><W39/><G39/><T130/><D46/><U19/><E2/><V9/><F9/><W82/><G82/><T43/><D43/><U29/><E29/><V104/><F31/><W74/><G74/><T90/><D28/><U65/><E65/><V135/><F128/><W61/><G61/><T97/><D21/><U7/><E123/><V64/><F64/><W105/><G12/><T89/><D85/><U13/><E122/><V51/><F51/><W25/><G25/><T53/><D67/><U0/><E0/><V88/><F88/><N who="0" m="33898" /><D130/><U18/><E7/><V5/><F5/><W32/><G4/><T20/><D20/><U45/><E45/><V66/><F66/><W102/><G3/><T113/><D111/><U60/><E60/><V96/><F131/><W15/><G1/><T6/><D6/><U120/><E120/><V100/><F129/><W132/><G30/><T106/><D113/><U107/><E107/><V54/><F114/><W63/><G105/><T80/><N who="0" m="33906" /><T22/><DORA hai="40" /><D106/><U35/><E35/><RYUUKYOKU ba="0,0" sc="383,-10,137,30,270,-10,210,-10" hai1="11,13,16,18,19,47,49,52,78,83,95,99,103" owari="373,47.3,167,-33.3,260,6.0,200,-20.0" /></mjloggm>