<mjloggm ver="2.3"><GO type="225" lobby="0"/><UN n0="%E5%B6%BA%E4%B8%8A%E5%92%B2" n1="%E5%91%A8%E6%9D%B1" n2="%E6%B7%91%E5%A5%B3%E3%81%AE%E5%97%9C%E3%81%BF" n3="%E3%83%96%E3%83%83%E3%83%91%E3%82%AA%E3%83%96%E3%83%81%E3%82%AD%E3%83%B3" dan="16,16,16,16" rate="2171.86,2170.08,2169.97,2127.82" sx="F,M,M,M"/><TAIKYOKU oya="0"/><INIT seed="0,0,0,5,0,31" ten="250,250,250,250" oya="0" hai0="10,20,115,71,133,113,80,65,60,123,126,22,110" hai1="94,21,29,1,102,12,41,108,99,68,100,89,48" hai2="96,4,78,119,124,56,121,97,92,73,75,101,84" hai3="32,106,58,70,39,28,49,15,125,19,18,47,37"/><T57/><D123/><U90/><E1/><V0/><F0/><W52/><G125/><T13/><D133/><U122/><E122/><V81/><F4/><W88/><G106/><T98/><D126/><U2/><E2/><V85/><F124/><W27/><G70/><T74/><D110/><U53/><E68/><V130/><F121/><W34/><G34/><T45/><D71/><U128/><E128/><V69/><F69/><W33/><G33/><T5/><D113/><U59/><E108/><V131/><F56/><W40/><G19/><T25/><D115/><U116/><E116/><V127/><F127/><W129/><G129/><N who="2" m="49161" /><F119/><W46/><G46/><T8/><D74/><N who="2" m="28170" /><F96/><W104/><G104/><T64/><D45/><U6/><E41/><V36/><F36/><W91/><REACH who="3" step="1"/><G39/><REACH who="3" ten="250,250,250,240" step="2"/><T95/><D10/><AGARI ba="0,1" hai="10,15,18,27,28,32,37,40,47,49,52,58,88,91" machi="10" ten="30,12000,2" yaku="1,1,2,1,7,1,52,1,54,2,53,1" doraHai="31" doraHaiUra="51" who="3" fromWho="0" sc="250,-120,250,0,250,0,240,130" /><INIT seed="1,0,0,1,3,49" ten="130,250,250,370" oya="1" hai0="65,118,2,12,27,109,110,35,74,5,82,40,17" hai1="46,124,130,107,120,86,47,60,19,84,6,76,79" hai2="66,116,31,3,104,54,128,134,126,88,42,57,23" hai3="132,30,55,87,63,100,111,56,78,122,121,24,52"/><U113/><E120/><V28/><F116/><W69/><G111/><T41/><D118/><U91/><E113/><V29/><F104/><W90/><G132/><T73/><D65/><U131/><E107/><V115/><F134/><W20/><G69/><T4/><D41/><U21/><E6/><V53/><F3/><W45/><G100/><T10/><D40/><U1/><E1/><V105/><F105/><W75/><G75/><T72/><D82/><U67/><E124/><V68/><F115/><W64/><G78/><T85/><D85/><U34/><E34/><V37/><F126/><W112/><G112/><T59/><D59/><U14/><E79/><V97/><F128/><N who="1" m="49193" /><E84/><V71/><F42/><W119/><G119/><T36/><D36/><U114/><E76/><V44/><F37/><W39/><G39/><T89/><D89/><U15/><E15/><V61/><F23/><W48/><G64/><T129/><D129/><U50/><E50/><N who="2" m="28871" /><F71/><W95/><AGARI ba="0,0" hai="20,24,30,45,48,52,55,56,63,87,90,95,121,122" machi="95" ten="20,8000,1" yaku="0,1,7,1,52,2,54,1" doraHai="49" who="3" fromWho="3" sc="130,-20,250,-40,250,-20,370,80" /><INIT seed="2,0,0,0,3,10" ten="110,210,230,450" oya="2" hai0="97,56,20,40,88,24,74,29,8,33,52,44,132" hai1="12,54,80,63,102,114,11,131,6,46,28,61,31" hai2="100,67,98,62,91,119,82,36,70,120,107,41,16" hai3="128,43,86,124,15,18,53,105,22,83,90,92,106"/><V129/><F119/><W57/><G124/><T126/><D74/><U73/><E114/><V1/><F120/><W5/><G128/><T32/><D132/><U112/><E112/><V109/><F1/><W101/><G43/><T127/><D8/><U51/><E131/><V104/><F129/><W37/><G37/><T77/><D77/><U14/><E73/><V81/><F109/><W125/><G125/><T78/><D78/><U116/><E116/><V79/><F107/><W64/><G5/><T4/><D4/><U19/><E80/><V2/><F2/><W0/><G0/><T111/><D111/><U21/><E102/><V71/><F71/><W108/><G64/><T68/><D68/><U38/><E38/><V35/><F35/><W27/><G108/><T58/><D127/><U103/><E103/><V26/><F91/><W72/><G27/><T17/><D126/><U95/><E95/><V113/><F113/><W94/><G94/><T34/><D29/><AGARI ba="0,0" hai="6,11,12,14,19,21,28,29,31,46,51,54,61,63" machi="29" ten="40,5200,0" yaku="8,1,52,2" doraHai="10" who="1" fromWho="0" sc="110,-52,210,52,230,0,450,0" /><INIT seed="3,0,0,2,4,104" ten="58,262,230,450" oya="3" hai0="57,30,32,11,121,85,55,2,20,38,27,26,67" hai1="97,107,80,43,6,35,129,111,105,3,126,120,110" hai2="21,45,51,123,128,61,50,65,59,103,92,63,108" hai3="16,122,125,118,10,5,54,75,106,68,113,101,87"/><W19/><G113/><T109/><D38/><U53/><E120/><V99/><F123/><W88/><G118/><T114/><D67/><U36/><E35/><V0/><F108/><N who="1" m="41513" /><E129/><V100/><F0/><W23/><G122/><T41/><D41/><U134/><E134/><V124/><F124/><W46/><G68/><T79/><D79/><U76/><E126/><V96/><F128/><W29/><G125/><T47/><D85/><U52/><E6/><V12/><F63/><W127/><G46/><T83/><D57/><U82/><E3/><V58/><F58/><W93/><G54/><N who="1" m="21098" /><E97/><V31/><F45/><W98/><G127/><T7/><D83/><N who="1" m="31787" /><E76/><V77/><F77/><W40/><G40/><T89/><D55/><U86/><E86/><V39/><F39/><W4/><G4/><T78/><D78/><U34/><E34/><V81/><F81/><W133/><G133/><T49/><D89/><U62/><E62/><V9/><F21/><W94/><G23/><T102/><D102/><U132/><E132/><V135/><F135/><W131/><G5/><T116/><D49/><U115/><E115/><V95/><F31/><W90/><G98/><T74/><D47/><AGARI ba="0,0" hai="36,43,47,105,107" m="31787,21098,41513" machi="47" ten="30,2000,0" yaku="14,1,54,1" doraHai="104" who="1" fromWho="0" sc="58,-20,262,20,230,0,450,0" owari="38,-46.2,282,8.2,230,-17.0,450,55.0" /></mjloggm>