<mjloggm ver="2.3"><GO type="225" lobby="0"/><UN n0="%E6%B4%BE%E9%81%A3%E3%81%AE%E3%82%B8%E3%83%A3%E3%83%83%E3%82%AF" n1="%E3%83%96%E3%83%83%E3%83%91%E3%82%AA%E3%83%96%E3%83%81%E3%82%AD%E3%83%B3" n2="%72%65%6E%6B%75%6E" n3="%E7%99%BD%E5%80%89%E5%AF%9B%E4%B9%8B" dan="17,17,17,16" rate="2189.27,2220.54,2187.64,2141.51" sx="M,M,M,M"/><TAIKYOKU oya="0"/><INIT seed="0,0,0,0,0,18" ten="250,250,250,250" oya="0" hai0="94,10,90,52,1,9,99,19,3,46,117,55,102" hai1="68,16,76,133,66,84,41,13,110,63,30,53,56" hai2="42,36,31,125,73,123,50,118,135,83,132,130,85" hai3="101,79,47,28,114,128,61,8,96,82,78,58,44"/><T70/><D70/><U51/><E110/><V77/><F36/><W43/><G114/><T124/><D117/><U112/><E112/><V81/><F123/><W89/><G128/><T86/><D124/><U87/><E133/><N who="2" m="51275" /><F31/><W27/><G8/><T91/><D91/><U115/><E115/><V105/><F105/><W11/><G11/><T4/><D46/><U104/><E104/><V34/><F34/><W119/><G89/><T5/><REACH who="0" step="1"/><D19/><REACH who="0" ten="240,250,250,250" step="2"/><U126/><E126/><V65/><F125/><W109/><G119/><T74/><D74/><U116/><E116/><V15/><F118/><W69/><G69/><T121/><D121/><U100/><E30/><V59/><F130/><W120/><G120/><T129/><D129/><U103/><E41/><V24/><F42/><W106/><G109/><T57/><D57/><U35/><E35/><V25/><F59/><W60/><G47/><T7/><D7/><U122/><E122/><V107/><F73/><W0/><G58/><T14/><D14/><U127/><E127/><V72/><F72/><W45/><G45/><T23/><D23/><U62/><E62/><V67/><F15/><W17/><G61/><T108/><D108/><U2/><E2/><V6/><F6/><W111/><G60/><T64/><D64/><U98/><E66/><V49/><F65/><W26/><G0/><T20/><D20/><U113/><E63/><V32/><F67/><W131/><G111/><T92/><AGARI ba="0,1" hai="1,3,4,5,9,10,52,55,86,90,92,94,99,102" machi="92" ten="20,12000,1" yaku="1,1,0,1,7,1,9,1,54,1,53,0" doraHai="18" doraHaiUra="38" who="0" fromWho="0" sc="240,130,250,-40,250,-40,250,-40" /><INIT seed="0,1,0,2,4,22" ten="370,210,210,210" oya="0" hai0="122,36,125,63,69,28,54,89,117,95,61,116,101" hai1="12,67,75,133,114,3,32,107,92,7,20,93,84" hai2="64,35,87,88,48,135,19,2,60,68,98,47,40" hai3="30,85,72,43,29,25,59,49,74,80,131,119,83"/><T118/><D122/><U21/><E75/><V97/><F135/><W1/><G1/><T44/><D101/><U82/><E107/><V134/><F134/><W106/><G106/><T50/><D125/><U104/><E104/><V55/><F2/><W77/><G119/><T9/><D9/><N who="1" m="4159" /><E32/><V23/><F35/><W11/><G131/><T126/><D126/><U129/><E3/><V99/><F40/><W53/><G11/><T14/><D36/><U102/><E133/><V13/><REACH who="2" step="1"/><F98/><REACH who="2" ten="370,210,200,210" step="2"/><W81/><G43/><N who="0" m="24863" /><D118/><U39/><E129/><V96/><F96/><W52/><G74/><T128/><D128/><U0/><E0/><V124/><F124/><W111/><G72/><T115/><D117/><U103/><E114/><V8/><F8/><W110/><G110/><T4/><D115/><U76/><E20/><V37/><F37/><W38/><G38/><T105/><D116/><U70/><E21/><V6/><F6/><W45/><G111/><T27/><D4/><U15/><E39/><V86/><F86/><W24/><G85/><T58/><D69/><U5/><E84/><V57/><F57/><W120/><G120/><T130/><D58/><U78/><E70/><V79/><F79/><W31/><G77/><T132/><D130/><U109/><E5/><V46/><F46/><W34/><G34/><T18/><D132/><U123/><E78/><V112/><F112/><W65/><G65/><T91/><D54/><U127/><E76/><V10/><F10/><W41/><G41/><T26/><D89/><U42/><E127/><V121/><F121/><W94/><G94/><AGARI ba="1,1" hai="13,19,23,47,48,55,60,64,68,87,88,94,97,99" machi="94" ten="30,8000,1" yaku="1,1,6,1,7,1,54,1,53,1" doraHai="22" doraHaiUra="51" who="2" fromWho="3" sc="370,0,210,0,200,93,210,-83" /><INIT seed="1,0,0,1,3,36" ten="370,210,293,127" oya="1" hai0="89,123,63,75,88,65,50,72,119,124,135,48,29" hai1="21,90,112,134,15,79,127,102,130,56,107,99,98" hai2="68,73,118,58,35,27,55,101,19,105,82,103,54" hai3="122,61,95,44,77,23,133,47,120,18,39,26,106"/><U96/><E112/><V83/><F68/><W22/><G106/><T33/><D119/><U62/><E127/><V108/><F118/><W86/><G133/><T87/><D29/><U104/><E134/><V91/><F108/><W4/><G4/><T45/><D33/><U5/><E79/><V71/><F71/><W66/><G23/><T3/><D3/><U121/><E121/><V131/><F35/><W7/><G7/><T41/><D135/><U32/><E32/><V111/><F73/><W125/><G125/><T117/><D117/><U40/><E130/><V93/><F105/><W49/><G39/><T37/><D124/><U84/><E102/><N who="2" m="38923" /><F55/><W60/><G47/><T16/><D37/><U69/><E69/><V1/><F1/><W11/><G11/><T129/><D129/><U92/><E40/><V113/><F113/><W81/><G95/><T70/><D70/><U17/><REACH who="1" step="1"/><E5/><REACH who="1" ten="370,200,293,127" step="2"/><V110/><F131/><W14/><G122/><T128/><D123/><U20/><E20/><N who="2" m="13727" /><F111/><W74/><G120/><T97/><D128/><U8/><E8/><V43/><F110/><W76/><G77/><T51/><D41/><U85/><E85/><N who="2" m="52463" /><F43/><N who="3" m="24735" /><G74/><T94/><D72/><U42/><E42/><V9/><F9/><N who="3" m="6479" /><G66/><AGARI ba="0,1" hai="15,17,21,56,62,66,84,90,92,96,98,99,104,107" machi="66" ten="40,3900,0" yaku="1,1,53,1" doraHai="36" doraHaiUra="80" who="1" fromWho="3" sc="370,0,200,49,293,0,127,-39" /><INIT seed="1,1,0,0,1,107" ten="370,249,293,88" oya="1" hai0="57,95,115,34,123,96,80,13,75,113,114,38,61" hai1="5,47,131,86,28,37,82,18,40,53,121,65,36" hai2="105,117,30,41,79,6,8,118,2,128,72,78,31" hai3="50,70,93,27,68,26,103,64,52,89,127,45,102"/><U97/><E121/><V132/><F105/><W59/><G127/><T122/><D34/><U14/><E131/><V94/><F128/><W90/><G70/><T99/><D38/><U119/><E119/><V76/><F132/><W56/><G68/><T106/><D13/><U71/><E28/><V91/><F41/><W32/><G89/><N who="0" m="55407" /><D57/><N who="3" m="22089" /><G32/><T24/><D24/><N who="3" m="9257" /><G64/><T67/><D61/><U10/><E53/><V133/><F72/><W134/><G134/><T135/><D67/><U87/><E37/><V22/><F22/><W33/><G33/><T63/><D63/><U7/><E97/><AGARI ba="1,0" hai="45,50,52,90,93,97,102,103" m="9257,22089" machi="97" ten="30,2000,0" yaku="8,1,54,1" doraHai="107" who="3" fromWho="1" sc="370,0,249,-23,293,0,88,23" /><INIT seed="2,0,0,0,3,132" ten="370,226,293,111" oya="2" hai0="23,76,39,70,133,32,55,96,17,1,77,91,94" hai1="25,128,6,81,116,67,72,105,90,79,75,87,82" hai2="24,43,33,127,20,122,11,64,97,16,7,93,42" hai3="108,18,101,60,113,84,106,48,62,14,27,103,126"/><V53/><F122/><W29/><G108/><T4/><D70/><U109/><E116/><V129/><F129/><W50/><G113/><T49/><D32/><U22/><E109/><V69/><F33/><W95/><G106/><T15/><D39/><U52/><E128/><V110/><F110/><W36/><G36/><T54/><D54/><U21/><E105/><V98/><F98/><W59/><G62/><T57/><D133/><U3/><E67/><V85/><F85/><W99/><G103/><T61/><D61/><U10/><E75/><V28/><F64/><W47/><G84/><T9/><AGARI ba="0,0" hai="1,4,9,15,17,23,49,55,57,76,77,91,94,96" machi="9" ten="30,1100,0" yaku="0,1" doraHai="132" who="0" fromWho="0" sc="370,11,226,-3,293,-5,111,-3" /><INIT seed="3,0,0,4,2,42" ten="381,223,288,108" oya="3" hai0="115,72,48,78,85,25,125,8,120,86,65,107,69" hai1="114,103,45,28,15,39,124,106,56,89,130,77,44" hai2="135,122,13,66,59,14,2,133,38,26,99,96,101" hai3="84,9,129,17,97,30,82,11,98,51,27,64,110"/><W132/><G132/><N who="2" m="50761" /><F2/><W46/><G129/><T1/><D107/><U57/><E114/><V4/><F122/><W94/><G64/><T22/><D120/><U19/><E130/><V79/><F38/><W6/><G110/><T108/><D108/><U111/><E111/><V126/><F126/><W16/><G30/><T67/><D72/><U37/><E124/><V40/><F40/><N who="3" m="25031" /><G27/><T33/><D33/><U123/><E123/><V91/><F26/><W50/><G50/><T10/><D48/><U5/><E77/><V53/><F66/><W128/><G128/><T119/><D78/><U71/><E71/><V121/><F121/><W80/><G98/><T54/><D125/><U47/><E28/><V61/><F99/><W118/><G118/><T60/><D119/><U20/><E5/><V93/><F13/><N who="3" m="5303" /><G11/><T43/><D1/><U74/><E74/><V90/><F14/><W100/><G82/><T34/><D34/><U23/><E23/><V104/><F4/><W105/><G105/><T29/><D115/><U88/><E106/><V95/><F104/><W3/><G3/><T32/><D32/><U36/><REACH who="1" step="1"/><E103/><REACH who="1" ten="381,213,288,108" step="2"/><V76/><F101/><W73/><G73/><T18/><D69/><U117/><E117/><V116/><F116/><W52/><G52/><T68/><D68/><U62/><E62/><V0/><F0/><W109/><G109/><T127/><D127/><U55/><E55/><V58/><F58/><AGARI ba="0,1" hai="15,19,20,36,37,39,44,45,47,56,57,58,88,89" machi="58" ten="50,16000,3" yaku="1,1,52,3,54,1,53,3" doraHai="42" doraHaiUra="70" who="1" fromWho="2" sc="381,0,213,170,288,-160,108,0" owari="381,18.1,383,48.3,128,-27.2,108,-39.2" /></mjloggm>