<mjloggm ver="2.3"><GO type="225" lobby="0"/><UN n0="%E2%98%86%E5%B0%8F%E5%AD%A6%E7%94%B7%E7%94%9F%E2%98%86" n1="%E6%B7%91%E5%A5%B3%E3%81%AE%E5%97%9C%E3%81%BF" n2="%E6%B8%A9%E2%98%85%E6%83%85%E2%98%85%E6%8E%AA%E2%98%85%E7%BD%AE" n3="%E3%81%BF%E3%81%BF%E3%81%9A" dan="17,16,17,18" rate="2205.71,2105.59,2194.43,2254.26" sx="M,M,M,M"/><TAIKYOKU oya="0"/><INIT seed="0,0,0,3,4,26" ten="250,250,250,250" oya="0" hai0="16,12,57,61,10,14,9,69,77,110,55,131,65" hai1="45,44,5,109,21,72,76,37,132,18,122,59,128" hai2="25,62,64,91,29,92,86,90,99,15,134,30,46" hai3="80,3,123,93,135,85,39,89,38,103,96,87,119"/><T114/><D114/><U54/><E122/><V56/><F134/><W73/><G3/><T0/><D131/><U20/><E132/><V7/><F25/><W124/><G135/><T105/><D105/><U115/><E109/><V127/><F127/><W102/><G38/><T53/><D0/><U11/><E128/><V129/><F129/><W67/><G39/><T22/><D110/><U50/><E115/><V27/><F27/><W19/><G67/><T107/><D107/><U68/><E68/><V51/><F15/><W63/><G63/><T94/><D77/><U47/><E37/><V2/><F7/><W97/><G19/><T48/><D94/><U113/><E113/><V125/><F2/><W121/><G73/><T31/><D31/><N who="2" m="11786" /><F125/><W32/><G32/><T104/><D104/><U49/><E5/><V83/><F46/><W112/><G112/><T36/><D14/><N who="1" m="7519" /><E72/><V78/><F51/><N who="1" m="19465" /><E76/><AGARI ba="0,0" hai="56,62,64,76,78,83,86,90,91,92,99" m="11786" machi="76" ten="30,7700,0" yaku="8,1,52,3" doraHai="26" who="2" fromWho="1" sc="250,0,250,-77,250,77,250,0" /><INIT seed="1,0,0,5,5,127" ten="250,173,327,250" oya="1" hai0="7,4,52,14,61,16,47,80,83,32,111,15,134" hai1="75,20,102,55,67,63,124,0,35,121,125,65,98" hai2="27,122,95,97,50,36,77,123,133,68,8,103,87" hai3="39,56,45,31,90,114,120,9,44,100,64,51,57"/><U62/><E121/><V40/><F68/><W92/><G120/><T93/><D32/><U12/><E35/><V81/><F36/><W115/><G100/><T3/><D111/><U129/><E0/><V53/><F133/><W13/><G31/><T82/><D134/><U17/><E75/><V24/><F40/><W60/><G39/><T54/><D3/><U25/><E12/><V72/><F123/><W110/><G110/><T28/><D28/><U135/><E135/><V89/><F8/><W43/><G45/><T109/><D109/><U41/><E41/><V79/><F122/><W70/><G114/><T26/><D93/><U46/><E46/><V132/><F132/><W2/><G2/><T19/><D26/><U119/><E119/><V104/><F79/><W117/><G115/><T131/><D131/><U107/><E129/><V84/><F84/><W101/><G101/><T118/><D118/><U10/><E10/><V86/><F86/><W23/><G23/><N who="0" m="11671" /><D61/><N who="1" m="23051" /><E55/><N who="0" m="21033" /><D47/><AGARI ba="0,0" hai="24,27,47,50,53,72,77,81,87,89,95,97,103,104" machi="47" ten="30,3900,0" yaku="7,1,24,2" doraHai="127" who="2" fromWho="0" sc="250,-39,173,0,327,39,250,0" /><INIT seed="2,0,0,1,1,92" ten="211,173,366,250" oya="2" hai0="73,44,17,104,93,122,57,50,1,15,85,64,129" hai1="81,110,115,14,0,102,75,22,19,89,68,5,18" hai2="79,70,80,24,126,124,88,76,103,116,87,51,41" hai3="33,40,61,56,8,100,94,90,86,77,69,91,83"/><V9/><F70/><W95/><G33/><T118/><D122/><U105/><E115/><V108/><F116/><W25/><G69/><T98/><D1/><U42/><E68/><V54/><F108/><W16/><G40/><T135/><D73/><U34/><E110/><V127/><F41/><W125/><G125/><T45/><D118/><U60/><E34/><V130/><F130/><W2/><G2/><T72/><D72/><U63/><E42/><V114/><F114/><W58/><G100/><T78/><D129/><U112/><E112/><V38/><F38/><W6/><G6/><T120/><D104/><U84/><E75/><V26/><F103/><W113/><G113/><T55/><D64/><U99/><E0/><V53/><F9/><W47/><G47/><T59/><D45/><U52/><E5/><V27/><F54/><W46/><G46/><AGARI ba="0,0" hai="24,26,27,46,51,53,76,79,80,87,88,124,126,127" machi="46" ten="50,4800,0" yaku="18,1,54,1" doraHai="92" who="2" fromWho="3" sc="211,0,173,0,366,48,250,-48" /><INIT seed="2,1,0,1,0,75" ten="211,173,414,202" oya="2" hai0="26,62,99,112,48,12,70,111,107,8,13,108,79" hai1="73,24,117,103,88,31,16,76,20,110,5,81,123" hai2="3,78,54,9,129,29,10,47,127,113,19,92,6" hai3="27,44,86,34,106,74,28,61,35,7,38,60,105"/><V46/><F113/><W22/><G74/><T45/><D112/><U84/><E117/><V135/><F129/><W11/><G105/><T67/><D26/><U72/><E110/><N who="0" m="42025" /><D79/><U0/><E123/><V109/><F29/><W15/><G106/><T122/><D122/><U32/><E103/><V64/><F64/><W102/><G102/><N who="0" m="62943" /><D8/><N who="1" m="2087" /><E76/><V121/><F10/><W131/><G131/><T120/><D120/><U95/><E95/><V39/><F9/><W52/><G86/><T51/><D51/><U96/><E96/><V42/><F92/><W82/><G82/><T66/><D66/><U68/><E68/><V63/><F78/><W40/><REACH who="3" step="1"/><G61/><REACH who="3" ten="211,173,414,192" step="2"/><T65/><D65/><U115/><E115/><V83/><F63/><W128/><G128/><T1/><D1/><U23/><E23/><V43/><F83/><W56/><AGARI ba="1,1" hai="7,11,15,22,27,28,34,35,38,40,44,52,56,60" machi="56" ten="30,4000,0" yaku="1,1,0,1,54,1,53,0" doraHai="75" doraHaiUra="98" who="3" fromWho="3" sc="211,-11,173,-11,414,-21,192,53" /><INIT seed="3,0,0,4,5,126" ten="200,162,393,245" oya="3" hai0="99,78,128,116,61,72,30,68,14,102,135,77,54" hai1="81,18,12,60,106,59,15,62,94,69,89,107,96" hai2="50,25,45,33,71,6,13,4,109,43,9,41,1" hai3="118,11,39,114,97,51,119,93,26,8,91,3,74"/><W132/><G114/><T23/><D116/><U120/><E120/><V83/><F109/><W10/><G39/><T22/><D135/><U0/><E0/><V36/><F71/><W110/><G3/><T7/><D72/><U98/><E69/><V53/><F83/><W87/><G74/><T79/><D128/><U133/><E133/><V52/><F43/><W82/><G132/><T44/><D68/><U38/><E38/><V56/><F53/><W95/><G110/><T105/><D30/><U28/><E28/><V101/><F101/><W20/><G51/><T100/><D100/><U88/><E81/><V103/><F103/><W115/><G115/><T57/><D44/><U84/><E84/><V113/><F113/><W67/><G67/><T17/><REACH who="0" step="1"/><D7/><REACH who="0" ten="190,162,393,245" step="2"/><U2/><E59/><V131/><F131/><W58/><G58/><T64/><D64/><U86/><E86/><V16/><REACH who="2" step="1"/><F1/><REACH who="2" ten="190,162,383,245" step="2"/><W40/><G118/><T31/><D31/><AGARI ba="0,2" hai="4,6,9,13,16,25,31,33,36,41,45,50,52,56" machi="31" ten="40,8000,1" yaku="1,1,2,1,54,2,53,1" doraHai="126" doraHaiUra="49" who="2" fromWho="0" sc="190,-80,162,0,383,100,245,0" owari="110,-39.0,162,-23.8,483,58.3,245,4.5" /></mjloggm>