<mjloggm ver="2.3"><GO type="225" lobby="0"/><UN n0="%E3%81%90%E3%81%A1%E3%82%84%E3%81%BE" n1="%72%69%6F%75%63%68%61%6E" n2="%E3%81%8B%E3%82%8F%E3%81%A1%E3%82%83%E3%82%93%35%38" n3="%E6%81%A5%E6%99%92%E3%81%97" dan="16,16,16,16" rate="2122.26,2184.70,2145.99,2158.09" sx="M,M,M,M"/><TAIKYOKU oya="0"/><INIT seed="0,0,0,5,5,72" ten="250,250,250,250" oya="0" hai0="81,115,16,3,19,25,41,15,104,127,38,57,56" hai1="105,7,84,126,85,92,125,78,21,86,82,58,39" hai2="68,133,110,113,31,20,103,64,129,77,49,43,46" hai3="63,45,114,118,30,102,9,79,24,75,124,6,116"/><T61/><D115/><U107/><E39/><V67/><F113/><W109/><G114/><T14/><D3/><U98/><E7/><V32/><F32/><N who="3" m="20551" /><G109/><T59/><D104/><N who="1" m="40011" /><E21/><V74/><F68/><W47/><G47/><T132/><D127/><N who="1" m="48651" /><E58/><N who="0" m="22633" /><D38/><U83/><E83/><V42/><F46/><W34/><G102/><AGARI ba="0,0" hai="78,82,84,85,86,92,98,102" m="48651,40011" machi="102" ten="30,7700,0" yaku="18,1,34,2,52,1" doraHai="72" who="1" fromWho="3" sc="250,0,250,77,250,0,250,-77" /><INIT seed="1,0,0,1,4,121" ten="250,327,250,173" oya="1" hai0="84,80,33,126,47,93,31,102,37,76,15,21,16" hai1="94,97,114,8,52,49,113,81,57,109,104,122,111" hai2="108,131,98,127,132,87,107,69,66,51,110,115,96" hai3="45,133,78,129,35,7,60,123,1,5,0,89,86"/><U75/><E122/><V13/><F127/><W4/><G123/><T2/><D126/><U124/><E124/><V55/><F131/><W130/><G78/><T26/><D2/><N who="3" m="1129" /><G60/><T59/><D59/><U83/><E104/><V38/><F38/><W12/><G45/><T48/><D37/><U28/><E28/><V27/><F132/><W10/><G86/><T117/><D117/><U32/><E32/><V118/><F118/><W79/><G89/><T14/><D93/><U128/><E8/><V30/><F115/><W34/><G79/><T135/><D135/><U19/><E19/><V53/><F87/><W72/><G72/><T29/><D102/><U134/><E134/><V18/><F66/><W101/><G101/><T91/><D31/><U92/><E128/><N who="3" m="49258" /><G133/><T65/><D65/><U120/><E120/><V64/><F64/><W54/><G54/><T112/><D76/><N who="1" m="44191" /><E83/><V58/><F69/><W90/><G90/><T50/><D112/><N who="1" m="43115" /><E97/><V100/><F55/><W106/><G106/><T17/><REACH who="0" step="1"/><D47/><REACH who="0" ten="240,327,250,173" step="2"/><U77/><E77/><V61/><F96/><W82/><G82/><T22/><AGARI ba="0,1" hai="14,15,16,17,21,22,26,29,33,48,50,80,84,91" machi="22" ten="20,16000,3" yaku="1,1,2,1,0,1,7,1,9,1,54,1,53,2" doraHai="121" doraHaiUra="11" who="0" fromWho="0" sc="240,170,327,-80,250,-40,173,-40" /><INIT seed="2,0,0,1,3,66" ten="410,247,210,133" oya="2" hai0="121,72,97,109,82,132,120,111,112,61,78,7,84" hai1="46,134,14,104,87,37,21,93,107,69,43,127,38" hai2="135,116,42,48,52,64,41,124,118,91,70,9,25" hai3="55,95,123,63,65,99,106,76,94,29,110,81,35"/><V44/><F91/><W77/><G110/><T71/><D112/><U129/><E37/><V130/><F9/><W33/><G123/><T90/><D132/><U24/><E69/><V2/><F25/><W98/><G55/><T10/><D97/><U19/><E134/><V47/><F2/><W5/><G5/><T133/><D133/><U103/><E129/><V28/><F28/><W51/><G51/><T0/><D61/><U36/><E36/><N who="2" m="21543" /><F135/><W50/><G50/><T62/><D62/><U56/><E127/><V102/><F102/><W45/><G45/><T86/><D71/><U117/><E117/><N who="2" m="45163" /><F124/><W85/><G76/><T11/><D11/><U88/><E103/><V101/><F101/><N who="3" m="62775" /><G99/><T15/><D0/><U8/><REACH who="1" step="1"/><E56/><REACH who="1" ten="410,237,210,133" step="2"/><N who="2" m="32775" /><F130/><W22/><G35/><T67/><D111/><U100/><E100/><V68/><F64/><W79/><G33/><T80/><D67/><U18/><AGARI ba="0,1" hai="8,14,18,19,21,24,38,43,46,87,88,93,104,107" machi="18" ten="20,5200,0" yaku="1,1,0,1,7,1,54,1,53,0" doraHai="66" doraHaiUra="73" who="1" fromWho="1" sc="410,-13,237,62,210,-26,133,-13" /><INIT seed="3,0,0,5,0,120" ten="397,299,184,120" oya="3" hai0="124,55,123,22,105,119,118,81,54,59,114,37,61" hai1="26,23,64,65,2,116,71,4,0,51,44,73,78" hai2="122,40,97,12,19,21,9,10,77,131,133,56,70" hai3="46,100,113,112,121,36,43,58,28,98,13,25,90"/><W48/><G121/><T63/><D123/><U99/><E116/><V47/><F70/><W31/><G90/><T33/><D33/><U129/><E4/><V125/><F122/><W106/><G31/><T126/><D105/><U74/><E78/><V86/><F56/><W132/><G132/><T104/><D104/><U88/><E71/><V20/><F97/><W117/><G117/><T7/><D114/><U5/><E5/><V84/><F131/><W30/><G30/><T16/><D37/><U102/><E129/><V107/><F107/><W75/><G13/><T57/><D81/><U6/><E6/><V18/><F125/><N who="0" m="48234" /><D7/><U24/><E23/><V50/><F133/><W80/><G48/><T83/><D83/><U87/><E87/><N who="2" m="33323" /><F77/><W15/><G58/><T82/><D82/><U96/><E44/><V17/><F17/><W14/><G15/><AGARI ba="0,0" hai="15,16,22,54,55,57,59,61,63,118,119" m="48234" machi="15" ten="30,2000,0" yaku="18,1,54,1" doraHai="120" who="0" fromWho="3" sc="397,20,299,0,184,0,120,-20" /><AGARI ba="0,0" hai="9,10,12,15,18,19,20,21,40,47,50" m="33323" machi="15" ten="30,1000,0" yaku="8,1" doraHai="120" who="2" fromWho="3" sc="417,0,299,0,184,10,100,-10" owari="417,51.7,299,9.9,194,-20.6,90,-41.0" /></mjloggm>