<mjloggm ver="2.3"><GO type="225" lobby="0"/><UN n0="%E3%81%AF%E3%82%88%E3%81%8A%E3%81%98%E3%81%95%E3%82%93" n1="%E5%84%AA%40%41%42%43" n2="%4B%2E%32%2E%4B%2E" n3="%E3%81%82%E3%81%84%E3%81%82%E3%81%8A%E3%81%84" dan="16,16,17,18" rate="2200.32,2122.43,2202.57,2178.68" sx="M,M,M,M"/><TAIKYOKU oya="0"/><INIT seed="0,0,0,5,4,103" ten="250,250,250,250" oya="0" hai0="18,122,131,4,105,36,34,54,67,66,112,78,23" hai1="134,2,45,126,37,116,5,19,28,109,69,100,29" hai2="26,60,63,33,81,41,91,15,132,51,16,1,135" hai3="8,92,128,3,48,40,61,65,94,86,114,119,62"/><T56/><D112/><U13/><E69/><V0/><F41/><W102/><G114/><T11/><D122/><U79/><E116/><V113/><F51/><W52/><G119/><T47/><D34/><U121/><E121/><V84/><F113/><W72/><G72/><T39/><D131/><U104/><E109/><V85/><F26/><W44/><G128/><T108/><D105/><U9/><E134/><N who="2" m="51243" /><F33/><W106/><G62/><N who="2" m="23593" /><F85/><W30/><G30/><T53/><D78/><U35/><E79/><V110/><F110/><W124/><G86/><T77/><D77/><U50/><E28/><V58/><F58/><W10/><G40/><T64/><D108/><U127/><E37/><V32/><F32/><W93/><G3/><T59/><D47/><U96/><E29/><V130/><F130/><W24/><G24/><N who="0" m="14455" /><D39/><U76/><E76/><V83/><F83/><W7/><G7/><T82/><D36/><U31/><E31/><V125/><F125/><N who="1" m="47625" /><E35/><V12/><F12/><W74/><G74/><T42/><D82/><U20/><E50/><V118/><F118/><W99/><REACH who="3" step="1"/><G124/><REACH who="3" ten="250,250,250,240" step="2"/><T89/><D42/><U57/><E57/><AGARI ba="0,1" hai="8,10,44,48,52,57,61,65,92,93,94,99,102,106" machi="57" ten="40,8000,1" yaku="1,1,2,1,52,1,54,1,53,1" doraHai="103" doraHaiUra="46" who="3" fromWho="1" sc="250,0,250,-80,250,0,240,90" /><INIT seed="1,0,0,4,2,59" ten="250,170,250,330" oya="1" hai0="121,116,101,84,110,117,21,32,77,58,40,51,47" hai1="130,74,18,39,106,128,17,100,44,14,123,20,45" hai2="31,54,10,119,49,66,125,69,65,26,41,93,13" hai3="127,95,6,75,60,57,85,103,9,80,109,29,98"/><U12/><E123/><V81/><F119/><W27/><G109/><T87/><D32/><U36/><E74/><V64/><F125/><W15/><G127/><T42/><D110/><U108/><E108/><V111/><F111/><W120/><G75/><T4/><D121/><U43/><E100/><V25/><F69/><W104/><G104/><T68/><D68/><U102/><E102/><V129/><F129/><N who="1" m="49769" /><E106/><V83/><F41/><W70/><G70/><T28/><D101/><U2/><E2/><V7/><F93/><W122/><G85/><T67/><D42/><U34/><E34/><V37/><F37/><N who="1" m="14409" /><E43/><V133/><F133/><W92/><G92/><T1/><D1/><U56/><E56/><N who="2" m="32847" /><F31/><W131/><G80/><AGARI ba="0,0" hai="7,10,13,25,26,64,65,66,80,81,83" m="32847" machi="80" ten="30,1000,0" yaku="8,1" doraHai="59" who="2" fromWho="3" sc="250,0,170,0,250,10,330,-10" /><INIT seed="2,0,0,4,4,69" ten="250,170,260,320" oya="2" hai0="100,48,99,133,62,111,131,89,57,94,125,113,135" hai1="9,24,108,45,86,96,109,23,120,51,83,124,55" hai2="0,66,128,126,14,1,114,37,103,82,71,31,12" hai3="77,56,19,30,36,129,95,16,26,29,112,64,41"/><V84/><F114/><W106/><G106/><T53/><D113/><U43/><E124/><V134/><F126/><W7/><G112/><T121/><D125/><U60/><E120/><V13/><F128/><W40/><G129/><T27/><D131/><U70/><E96/><V132/><F31/><W118/><G7/><T17/><D121/><U115/><E115/><V90/><F103/><W4/><G4/><T33/><D111/><U67/><E9/><V102/><F102/><W104/><G104/><T107/><D48/><U81/><E83/><V47/><F66/><W25/><G77/><T11/><D11/><U122/><E122/><V32/><F32/><W74/><G74/><T58/><D58/><U119/><E119/><V22/><F22/><W110/><G95/><T63/><D62/><U10/><E10/><V44/><F71/><W92/><G92/><T116/><D116/><U88/><REACH who="1" step="1"/><E43/><REACH who="1" ten="250,160,260,320" step="2"/><N who="2" m="22639" /><F0/><W59/><G118/><T18/><D133/><U8/><E8/><V15/><F1/><W73/><G41/><T75/><D135/><U28/><AGARI ba="0,1" hai="23,24,28,45,51,55,60,67,70,81,86,88,108,109" machi="28" ten="30,7900,0" yaku="1,1,0,1,54,1,53,1" doraHai="69" doraHaiUra="76" who="1" fromWho="1" sc="250,-20,160,89,260,-39,320,-20" /><INIT seed="3,0,0,0,5,24" ten="230,249,221,300" oya="3" hai0="68,16,60,50,63,89,34,59,7,99,53,90,15" hai1="81,77,31,17,26,6,107,9,1,117,98,112,67" hai2="64,32,129,97,79,3,110,70,124,56,126,13,80" hai3="76,106,85,84,104,65,128,55,82,123,121,22,23"/><W78/><G65/><T71/><D34/><U114/><E117/><V27/><F110/><W93/><G55/><T21/><D71/><U92/><E17/><V73/><F129/><W37/><G37/><T42/><D68/><U116/><E67/><V41/><F3/><W108/><G108/><T19/><D7/><U111/><E116/><V54/><F41/><W10/><G10/><T91/><D42/><U83/><E83/><V119/><F119/><W72/><G128/><T2/><D2/><U14/><E14/><V74/><F74/><W47/><G47/><T4/><D4/><U135/><E135/><V66/><F13/><W49/><G49/><T87/><D99/><U28/><E28/><N who="2" m="19487" /><F97/><W96/><G72/><T127/><D127/><N who="2" m="48682" /><F70/><W45/><G45/><T125/><D125/><U132/><E111/><V118/><F118/><W44/><G44/><T103/><D103/><N who="1" m="62967" /><E132/><V86/><F73/><W105/><G123/><T8/><D87/><N who="1" m="48559" /><E114/><V120/><F120/><W30/><G121/><T38/><D38/><U12/><E12/><AGARI ba="0,0" hai="8,12,15,16,19,21,50,53,59,60,63,89,90,91" machi="12" ten="40,2600,0" yaku="8,1,54,1" doraHai="24" who="0" fromWho="1" sc="230,26,249,-26,221,0,300,0" owari="256,5.6,223,-17.7,221,-27.9,300,40.0" /></mjloggm>