<mjloggm ver="2.3"><GO type="225" lobby="0"/><UN n0="%E3%81%8B%E3%82%8F%E3%81%A1%E3%82%83%E3%82%93%35%38" n1="%72%65%6E%6B%75%6E" n2="%E7%9A%AE%E3%80%85" n3="%54%4F%52" dan="16,17,16,16" rate="2152.78,2160.03,2166.99,2163.30" sx="M,M,M,M"/><TAIKYOKU oya="0"/><INIT seed="0,0,0,3,1,55" ten="250,250,250,250" oya="0" hai0="41,133,14,2,27,68,51,111,78,129,6,45,12" hai1="30,89,100,52,26,65,0,4,63,135,122,123,102" hai2="48,61,131,10,7,101,54,75,93,116,110,104,33" hai3="20,3,96,18,112,92,109,42,35,130,121,32,79"/><T120/><D120/><U43/><E43/><V56/><F110/><W34/><G112/><T11/><D129/><U40/><E40/><V126/><F131/><W19/><G130/><T31/><D133/><U76/><E76/><V8/><F75/><W94/><G109/><T71/><D111/><U57/><E135/><V5/><F33/><W82/><G3/><T88/><D78/><U91/><E122/><V80/><F126/><W9/><G121/><T114/><D114/><U85/><E123/><V99/><F116/><W46/><G9/><N who="2" m="3689" /><F104/><W16/><G20/><T29/><D29/><U37/><E37/><V44/><F80/><W36/><REACH who="3" step="1"/><G96/><REACH who="3" ten="250,250,250,240" step="2"/><T105/><D105/><U49/><E0/><V125/><F125/><W23/><G23/><T53/><D2/><U24/><E4/><V124/><F124/><W106/><G106/><T87/><D12/><U119/><E119/><V38/><F38/><W1/><G1/><T21/><REACH who="0" step="1"/><D41/><AGARI ba="0,1" hai="5,7,41,44,48,54,56,61,93,99,101" m="3689" machi="41" ten="30,2000,0" yaku="8,1,52,1" doraHai="55" who="2" fromWho="0" sc="250,-20,250,0,250,30,240,0" /><INIT seed="1,0,0,5,4,78" ten="230,250,280,240" oya="1" hai0="119,42,82,54,76,63,101,40,109,62,132,88,6" hai1="26,64,67,97,116,89,0,38,19,93,20,21,122" hai2="75,128,92,134,112,135,127,48,34,28,86,65,74" hai3="96,43,41,103,51,52,15,83,95,12,70,110,61"/><U123/><E116/><V100/><F127/><W4/><G110/><T91/><D119/><U53/><E0/><V8/><F128/><W125/><G125/><T7/><D101/><U115/><E38/><V9/><F112/><W45/><G83/><T124/><D124/><U121/><E115/><V130/><F130/><W108/><G108/><T73/><D109/><U22/><E22/><V18/><F65/><W105/><G105/><T44/><D132/><N who="2" m="50730" /><F48/><W30/><G30/><T56/><D62/><U120/><N who="1" m="30720" /><DORA hai="133" /><U3/><E3/><V35/><F18/><W17/><G4/><T31/><D31/><U57/><REACH who="1" step="1"/><E20/><REACH who="1" ten="230,240,280,240" step="2"/><V81/><F34/><W37/><G37/><T79/><D79/><U23/><E23/><V131/><F35/><W33/><G33/><T107/><D107/><U117/><E117/><V25/><F131/><W80/><G12/><T94/><D91/><U46/><E46/><V118/><F118/><W58/><G45/><T13/><D13/><U126/><E126/><V98/><F25/><W32/><G32/><T60/><D60/><AGARI ba="0,1" hai="19,21,26,53,57,60,64,67,89,93,97" m="30720" machi="60" ten="70,12000,1" yaku="1,1,25,2,53,0" doraHai="78,133" doraHaiUra="10,104" who="1" fromWho="0" sc="230,-120,240,130,280,0,240,0" /><INIT seed="1,1,0,4,2,17" ten="110,370,280,240" oya="1" hai0="19,91,50,77,102,32,111,80,11,124,88,78,4" hai1="58,62,20,9,103,68,93,21,61,128,59,25,95" hai2="37,104,65,113,70,56,24,132,134,79,63,46,14" hai3="114,3,47,23,94,87,120,10,69,133,55,92,29"/><U110/><E128/><V107/><F14/><W130/><G114/><T83/><D111/><U6/><E110/><V60/><F79/><W51/><G120/><T119/><D124/><U84/><E68/><V52/><F24/><N who="3" m="16543" /><G69/><T5/><D32/><U75/><E75/><V48/><F113/><W126/><G130/><T43/><D119/><U127/><E127/><V109/><F109/><W118/><G118/><T73/><D102/><U106/><E106/><V101/><F101/><W53/><G126/><T1/><D5/><U96/><E84/><V36/><F107/><W27/><G3/><T44/><REACH who="0" step="1"/><D19/><REACH who="0" ten="100,370,280,240" step="2"/><U66/><E25/><V125/><F125/><W123/><G27/><T64/><D64/><N who="1" m="38967" /><E95/><V74/><F104/><W34/><G92/><T115/><D115/><U85/><E85/><AGARI ba="1,1" hai="1,4,11,43,44,50,73,77,78,80,83,85,88,91" machi="85" ten="30,3900,0" yaku="1,1,7,1,54,1,53,0" doraHai="17" doraHaiUra="108" who="0" fromWho="1" sc="100,52,370,-42,280,0,240,0" /><INIT seed="2,0,0,1,5,19" ten="152,328,280,240" oya="2" hai0="133,60,126,1,80,113,135,87,72,56,132,39,78" hai1="6,111,94,29,83,86,21,20,38,26,74,69,49" hai2="93,104,109,31,54,77,130,10,115,44,76,134,117" hai3="24,65,64,92,118,128,28,121,45,53,82,61,101"/><V84/><F117/><W112/><G121/><T30/><D113/><U122/><E38/><V25/><F115/><W15/><G118/><T33/><D126/><U40/><E69/><V37/><F104/><W71/><G112/><T43/><D1/><U103/><E122/><V48/><F37/><W4/><G128/><T47/><D30/><U3/><E111/><V32/><F130/><W12/><G65/><T2/><D2/><U98/><E74/><V90/><F109/><W14/><G82/><T22/><D33/><U114/><E114/><V96/><F134/><W11/><G101/><T57/><D72/><U13/><E3/><V63/><F10/><W5/><G92/><T59/><REACH who="0" step="1"/><D22/><REACH who="0" ten="142,328,280,240" step="2"/><N who="1" m="15575" /><E13/><V89/><REACH who="2" step="1"/><F63/><AGARI ba="0,1" hai="39,43,47,56,57,59,60,63,78,80,87,132,133,135" machi="63" ten="50,3200,0" yaku="1,1,20,1,53,0" doraHai="19" doraHaiUra="18" who="0" fromWho="2" sc="142,42,328,0,280,-32,240,0" /><INIT seed="3,0,0,4,4,10" ten="184,328,248,240" oya="3" hai0="109,61,128,68,48,110,130,129,60,29,108,69,46" hai1="27,76,3,132,90,95,31,115,86,120,79,25,57" hai2="19,77,16,56,52,97,4,37,125,41,5,70,15" hai3="8,32,7,49,103,135,106,64,17,67,102,105,81"/><W101/><G32/><T82/><D82/><U73/><E3/><V28/><F70/><N who="0" m="27242" /><D29/><U71/><E71/><V92/><F37/><W123/><G123/><T127/><D127/><U44/><E120/><V80/><F41/><AGARI ba="0,0" hai="41,46,48,60,61,108,109,110,128,129,130" m="27242" machi="41" ten="40,8000,1" yaku="14,1,19,1,34,2" doraHai="10" who="0" fromWho="2" sc="184,80,328,0,248,-80,240,0" owari="264,6.4,328,42.8,168,-33.2,240,-16.0" /></mjloggm>