<mjloggm ver="2.3"><GO type="225" lobby="0"/><UN n0="%E3%82%8A%E3%81%93%E3%82%8A%E3%82%93%E3%81%94" n1="%E3%83%9D%E3%82%B1%E3%83%83%E3%83%88" n2="%E6%98%93%E5%88%A9%E8%96%A9%E4%BC%AF" n3="%72%69%6F%75%63%68%61%6E" dan="17,16,17,16" rate="2208.41,2075.95,2165.70,2203.78" sx="M,M,F,M"/><TAIKYOKU oya="0"/><INIT seed="0,0,0,4,2,133" ten="250,250,250,250" oya="0" hai0="55,73,64,122,20,26,130,13,135,97,56,60,104" hai1="14,70,37,107,120,0,35,69,29,83,90,53,18" hai2="57,43,110,9,1,99,51,100,33,61,16,36,31" hai3="96,80,58,21,17,85,62,128,98,30,108,6,67"/><T44/><D122/><U78/><E120/><V66/><F110/><W81/><G128/><T71/><D73/><U15/><E0/><V19/><F36/><W46/><G108/><T127/><D135/><U48/><E37/><V10/><F33/><W105/><G6/><T45/><D130/><U24/><E107/><V86/><F31/><W124/><G124/><T113/><D113/><U5/><E5/><V12/><F86/><W103/><G30/><T2/><D2/><U109/><E109/><V3/><F43/><W93/><G46/><T116/><D116/><U49/><E90/><V11/><F51/><W114/><G114/><T91/><D127/><U119/><E48/><V123/><F123/><W40/><G40/><T52/><D13/><U42/><E14/><V77/><F77/><W75/><G75/><T79/><D79/><U74/><E42/><V117/><F117/><W94/><G85/><T34/><D34/><U132/><E132/><V106/><REACH who="2" step="1"/><F19/><REACH who="2" ten="250,250,240,250" step="2"/><W84/><G98/><T131/><D131/><U95/><E119/><V72/><F72/><W63/><G62/><T76/><D76/><U92/><E74/><V50/><F50/><W126/><G126/><T22/><D60/><U112/><E78/><V102/><F102/><W121/><G121/><T23/><D97/><U54/><E112/><V39/><F39/><W115/><G115/><T134/><D134/><U7/><E49/><V41/><F41/><W101/><G103/><T129/><D129/><U32/><E32/><V82/><F82/><N who="3" m="31851" /><G84/><T87/><D87/><U8/><E35/><V27/><F27/><AGARI ba="0,1" hai="17,21,27,58,63,67,93,94,96,101,105" m="31851" machi="27" ten="30,1000,0" yaku="6,1" doraHai="133" who="3" fromWho="2" sc="250,0,250,0,240,-10,250,20" /><INIT seed="1,0,0,5,5,55" ten="250,250,230,270" oya="1" hai0="123,88,89,101,54,25,103,45,87,77,90,18,129" hai1="97,37,58,5,43,61,84,56,98,112,107,20,92" hai2="108,117,33,59,51,134,116,52,46,40,130,30,85" hai3="12,13,49,74,50,94,82,2,86,76,126,16,75"/><U65/><E112/><V105/><F105/><W62/><G2/><T24/><D129/><U81/><E5/><V118/><F130/><W48/><G126/><T73/><D73/><U11/><E11/><V9/><F108/><W71/><G12/><T91/><D123/><U31/><E107/><V19/><F134/><W10/><REACH who="3" step="1"/><G94/><REACH who="3" ten="250,250,230,260" step="2"/><T44/><D25/><N who="1" m="16807" /><E37/><V120/><F120/><W29/><G29/><T70/><D24/><U113/><E113/><V47/><F118/><W125/><G125/><T132/><D132/><U21/><E92/><V27/><F47/><W60/><G60/><T96/><D45/><U133/><E133/><V111/><F111/><W131/><G131/><T99/><D44/><U42/><E42/><V78/><F46/><W104/><G104/><T15/><D15/><U135/><E43/><V26/><F40/><W127/><G127/><T4/><D4/><U121/><E135/><V69/><F27/><W0/><G0/><T34/><D18/><U32/><E121/><V39/><F39/><W7/><G7/><T79/><D34/><U80/><E32/><V14/><REACH who="2" step="1"/><F69/><REACH who="2" ten="250,250,220,260" step="2"/><W6/><G6/><T122/><D70/><U1/><E1/><V53/><F53/><W38/><G38/><T41/><D54/><U23/><E61/><V17/><F17/><W109/><G109/><T35/><D41/><U28/><E28/><V110/><F110/><W95/><G95/><T8/><D122/><U72/><E56/><V64/><F64/><AGARI ba="0,2" hai="10,13,16,48,49,50,62,64,71,74,75,76,82,86" machi="64" ten="40,2600,0" yaku="1,1,54,1,53,0" doraHai="55" doraHaiUra="102" who="3" fromWho="2" sc="250,0,250,0,220,-26,260,46" /><INIT seed="2,0,0,5,4,43" ten="250,250,194,306" oya="2" hai0="97,72,56,29,71,8,13,18,53,103,3,15,44" hai1="96,7,91,36,121,122,127,108,73,80,4,11,112" hai2="135,92,132,102,111,106,45,30,82,85,118,47,46" hai3="75,77,66,113,124,27,19,109,117,65,22,49,90"/><V69/><F118/><W55/><G117/><T67/><D72/><U129/><E112/><V119/><F119/><W37/><G37/><T104/><D3/><U95/><E108/><V63/><F106/><W48/><G109/><T21/><D29/><U101/><E127/><V110/><F30/><W54/><G124/><T125/><D125/><U133/><E133/><N who="2" m="51275" /><F102/><W126/><G126/><T89/><D89/><U14/><E36/><V35/><F35/><W25/><G113/><T24/><D44/><U76/><E129/><V94/><F111/><W128/><G128/><T9/><D67/><N who="3" m="25609" /><G75/><T42/><D42/><U74/><E74/><V59/><F69/><W99/><G77/><T41/><D41/><U134/><E134/><V1/><F1/><W61/><G25/><T16/><D71/><U51/><E73/><V32/><F32/><W20/><G20/><T100/><D100/><U57/><E101/><V39/><F39/><W84/><G99/><T79/><D79/><U10/><E76/><N who="2" m="46279" /><F110/><W83/><G55/><AGARI ba="0,0" hai="45,46,47,55,59,63,92,94" m="46279,51275" machi="55" ten="30,11600,0" yaku="20,1,52,3" doraHai="43" who="2" fromWho="3" sc="250,0,250,0,194,116,306,-116" /><INIT seed="2,1,0,0,2,114" ten="250,250,310,190" oya="2" hai0="128,39,124,125,17,11,135,84,31,74,87,109,110" hai1="81,8,103,0,73,105,132,101,118,51,48,75,82" hai2="43,92,15,100,85,79,38,40,122,44,91,93,29" hai3="23,95,3,113,67,97,104,96,53,112,88,65,52"/><V99/><F122/><W56/><G3/><T94/><D39/><U115/><E0/><V16/><F29/><W133/><G133/><T36/><D36/><U61/><E115/><N who="3" m="44106" /><G23/><T98/><D31/><U47/><E61/><V5/><F43/><W102/><G53/><T78/><D17/><U62/><E62/><AGARI ba="1,0" hai="52,56,62,65,67,88,95,96,97,102,104" m="44106" machi="62" ten="30,3900,0" yaku="11,1,54,2" doraHai="114" who="3" fromWho="1" sc="250,0,250,-42,310,0,190,42" /><INIT seed="3,0,0,1,5,135" ten="250,208,310,232" oya="3" hai0="23,121,50,82,20,64,45,7,59,75,11,86,62" hai1="112,2,37,6,77,102,96,87,27,22,10,19,130" hai2="129,42,132,40,90,106,115,94,12,91,48,30,61" hai3="74,66,5,101,60,29,85,13,34,16,116,9,49"/><W53/><G116/><T15/><D75/><U54/><E112/><V52/><F115/><W108/><G74/><T105/><D105/><U81/><E130/><V57/><F106/><W80/><G108/><T33/><D33/><U65/><E65/><V3/><F3/><W55/><G101/><T131/><D121/><U38/><REACH who="1" step="1"/><E54/><REACH who="1" ten="250,198,310,232" step="2"/><V1/><F52/><W92/><G55/><N who="0" m="30159" /><D131/><U43/><E43/><V99/><F42/><W35/><G66/><T117/><D117/><U110/><E110/><V28/><F40/><W120/><G120/><T100/><D100/><U4/><E4/><V21/><F129/><W69/><G60/><T18/><D7/><U63/><E63/><V8/><F61/><W58/><G69/><T127/><D62/><U93/><AGARI ba="0,1" hai="2,6,10,19,22,27,37,38,77,81,87,93,96,102" machi="93" ten="20,2700,0" yaku="1,1,0,1,7,1,53,0" doraHai="135" doraHaiUra="128" who="1" fromWho="1" sc="250,-7,198,37,310,-7,232,-13" owari="243,4.3,235,-16.5,303,40.3,219,-28.1" /></mjloggm>