<mjloggm ver="2.3"><GO type="225" lobby="0"/><UN n0="%E6%A1%9C%E8%8A%B1%E9%96%83%E3%80%85" n1="%E6%98%93%E5%88%A9%E8%96%A9%E4%BC%AF" n2="%E5%91%A8%E6%9D%B1" n3="%E3%82%A4%E3%83%BC%E3%82%B1%E3%83%97%E3%83%A9" dan="16,17,17,16" rate="2161.14,2149.07,2185.15,2183.76" sx="M,F,M,M"/><TAIKYOKU oya="0"/><INIT seed="0,0,0,5,2,131" ten="250,250,250,250" oya="0" hai0="112,125,102,86,12,42,18,67,79,87,7,13,62" hai1="71,27,16,117,135,78,96,113,134,129,47,114,38" hai2="44,59,54,115,61,93,132,30,43,6,36,65,84" hai3="118,120,111,82,23,41,60,127,99,15,19,108,81"/><T110/><D112/><N who="1" m="43115" /><E117/><V9/><F115/><W51/><G118/><T128/><D128/><U2/><E129/><V77/><F30/><W123/><G60/><T3/><D125/><U28/><E71/><V66/><F132/><N who="1" m="50729" /><E2/><V116/><F116/><W124/><G99/><T56/><D110/><N who="3" m="42025" /><G51/><T89/><D102/><U33/><E78/><V49/><F36/><W75/><G41/><T97/><D42/><N who="1" m="22999" /><E96/><V52/><F77/><N who="3" m="44223" /><G82/><T25/><D3/><U4/><E16/><V101/><F6/><AGARI ba="0,0" hai="4,6,27,28,33" m="22999,50729,43115" machi="6" ten="30,8000,1" yaku="11,1,20,1,52,3" doraHai="131" who="1" fromWho="2" sc="250,0,250,80,250,-80,250,0" /><INIT seed="1,0,0,0,5,59" ten="250,330,170,250" oya="1" hai0="91,133,66,6,20,43,3,134,7,29,96,49,30" hai1="99,8,110,39,24,122,129,64,14,34,74,35,93" hai2="71,81,113,53,27,126,112,58,65,32,47,119,52" hai3="44,55,86,103,104,5,26,42,28,117,68,75,33"/><U125/><E122/><V62/><F119/><W41/><G75/><T77/><D77/><U118/><E118/><V18/><F126/><W72/><G72/><T92/><D66/><U17/><E74/><V115/><F81/><W10/><G117/><T123/><D123/><U21/><E39/><V9/><F47/><W105/><G68/><T79/><D79/><U83/><E129/><V63/><F9/><W82/><G55/><T85/><D96/><U76/><E110/><V23/><F32/><W1/><G103/><T2/><D43/><U48/><E48/><V108/><F53/><W56/><G56/><T107/><D49/><U54/><E54/><V114/><N who="2" m="28672" /><DORA hai="15" /><V70/><F70/><W13/><G1/><N who="0" m="11" /><D107/><U69/><E125/><V37/><F37/><W106/><REACH who="3" step="1"/><G44/><REACH who="3" ten="250,330,170,240" step="2"/><T97/><D134/><U94/><E69/><V0/><F0/><W101/><G101/><T127/><D133/><U46/><E46/><V120/><F120/><W89/><AGARI ba="0,1" hai="5,10,13,26,28,33,41,42,82,86,89,104,105,106" machi="89" ten="30,2000,0" yaku="1,1,0,1,53,0" doraHai="59,15" doraHaiUra="88,111" who="3" fromWho="3" sc="250,-5,330,-10,170,-5,240,30" /><INIT seed="2,0,0,5,1,113" ten="245,320,165,270" oya="2" hai0="47,91,31,116,37,75,84,8,119,62,61,133,66" hai1="11,58,16,42,32,135,2,129,111,83,105,107,86" hai2="108,69,88,3,21,106,27,126,94,96,93,41,73" hai3="15,82,78,10,109,12,132,112,39,50,20,117,40"/><V44/><F126/><W77/><G39/><T7/><D75/><U115/><E115/><V5/><F106/><W70/><G70/><T26/><D133/><U36/><E32/><V81/><F69/><W74/><G112/><T120/><D120/><U0/><E111/><V98/><F108/><W68/><G68/><T43/><D91/><U53/><E129/><V45/><F5/><W104/><G104/><T90/><D90/><U124/><E124/><V57/><F3/><W101/><G101/><T131/><D84/><U80/><E80/><V55/><F41/><W121/><G78/><T125/><D131/><U127/><E135/><V9/><F9/><W34/><G34/><N who="0" m="20855" /><D125/><U54/><E54/><V28/><F81/><W63/><G117/><N who="0" m="45131" /><D66/><U92/><E83/><V48/><F73/><W67/><G132/><T17/><D17/><U29/><E86/><V4/><F4/><W18/><G109/><T65/><D65/><U110/><E16/><V95/><F95/><W25/><G121/><T85/><D85/><U100/><E92/><V6/><F6/><W60/><G67/><T38/><D37/><U30/><E36/><V59/><REACH who="2" step="1"/><F57/><REACH who="2" ten="245,320,155,270" step="2"/><W87/><G74/><T72/><D72/><U64/><E58/><V122/><F122/><W71/><G71/><T23/><D23/><U76/><E110/><V89/><AGARI ba="0,1" hai="21,27,28,44,45,48,55,59,88,89,93,94,96,98" machi="89" ten="20,18000,2" yaku="1,1,0,1,7,1,9,1,8,1,54,1,53,1" doraHai="113" doraHaiUra="52" who="2" fromWho="2" sc="245,-60,320,-60,155,190,270,-60" /><INIT seed="2,1,0,1,2,101" ten="185,260,345,210" oya="2" hai0="57,133,65,32,34,92,68,108,122,64,12,3,76" hai1="112,9,93,105,85,114,58,104,91,40,89,61,8" hai2="4,29,49,56,45,132,6,5,126,0,103,67,60" hai3="44,69,31,19,82,23,109,62,119,22,123,128,63"/><V88/><F126/><W134/><G119/><T52/><D122/><U74/><E74/><V25/><F132/><W53/><G123/><T129/><D3/><U102/><E40/><V115/><F115/><W118/><G118/><T98/><D133/><U107/><E102/><V54/><F103/><W2/><G2/><T113/><D113/><U7/><E91/><V80/><F0/><W127/><G134/><T20/><D108/><U81/><E9/><V33/><REACH who="2" step="1"/><F4/><REACH who="2" ten="185,260,335,210" step="2"/><W100/><G100/><T111/><D111/><U46/><E114/><V71/><F71/><W106/><G69/><T94/><D68/><U48/><E112/><V77/><F77/><W125/><G109/><T131/><D76/><U15/><E81/><V41/><F41/><W51/><G82/><T38/><D94/><U27/><E27/><V14/><F14/><W96/><G127/><T16/><D92/><U90/><E90/><V36/><F36/><W72/><G125/><T75/><D38/><U13/><E13/><V42/><F42/><W39/><G39/><T1/><D1/><U78/><E78/><V116/><F116/><W124/><G124/><T120/><D120/><U43/><REACH who="1" step="1"/><E105/><REACH who="1" ten="185,250,335,210" step="2"/><V50/><F50/><W66/><G106/><T110/><D110/><U26/><E26/><V86/><AGARI ba="1,2" hai="5,6,25,29,33,45,49,54,56,60,67,80,86,88" machi="86" ten="30,11700,0" yaku="1,1,0,1,54,1,53,1" doraHai="101" doraHaiUra="28" who="2" fromWho="2" sc="185,-40,250,-40,335,140,210,-40" /><INIT seed="2,2,0,3,0,68" ten="145,210,475,170" oya="2" hai0="92,66,115,56,2,106,120,49,17,33,59,97,134" hai1="86,132,119,85,70,8,41,23,9,60,122,18,135" hai2="130,105,98,101,1,7,74,81,55,112,24,31,73" hai3="11,25,54,71,114,72,46,53,45,94,102,39,103"/><V84/><F130/><W13/><G72/><T6/><D120/><U32/><E119/><V83/><F112/><W79/><G114/><T29/><D115/><U51/><E32/><V64/><F83/><W20/><G71/><T93/><D106/><U27/><E122/><V36/><F55/><N who="3" m="21003" /><G79/><T107/><D107/><U91/><E85/><V88/><F36/><W34/><G39/><T78/><D78/><U3/><E3/><V126/><F126/><W75/><G34/><T124/><D134/><N who="1" m="51243" /><E51/><V63/><F7/><N who="3" m="3327" /><G75/><T113/><D113/><U50/><E70/><V37/><F37/><W104/><G104/><T111/><D124/><U87/><E60/><V67/><F1/><W129/><G129/><T117/><D2/><U0/><E0/><V133/><F133/><W5/><G5/><T110/><D6/><U128/><E128/><V44/><F44/><N who="3" m="17003" /><G94/><T43/><D117/><U19/><E50/><V131/><F131/><W30/><AGARI ba="2,0" hai="20,25,30,102,103" m="17003,3327,21003" machi="30" ten="30,1100,0" yaku="8,1" doraHai="68" who="3" fromWho="3" sc="145,-5,210,-5,475,-7,170,17" /><INIT seed="3,0,0,2,2,6" ten="140,205,468,187" oya="3" hai0="15,124,33,107,64,19,4,17,103,1,93,85,8" hai1="125,129,130,28,74,2,117,75,65,3,57,18,52" hai2="24,9,22,104,76,46,126,31,59,109,69,121,79" hai3="87,120,13,53,51,110,14,111,54,134,62,105,26"/><W92/><G120/><T101/><D124/><U77/><E65/><V23/><F104/><W34/><G105/><T113/><D113/><U81/><E28/><V29/><F69/><W55/><G134/><T84/><D107/><U60/><E117/><V68/><F68/><W88/><G62/><T123/><D123/><U66/><E125/><V41/><F109/><N who="3" m="41483" /><G51/><T71/><D33/><U131/><E18/><V128/><F126/><W10/><G10/><N who="0" m="4551" /><D1/><N who="1" m="11" /><E66/><V95/><F121/><W36/><G36/><T122/><D122/><U27/><E27/><V49/><F49/><W38/><G38/><T118/><D118/><U89/><E89/><V106/><F106/><W114/><G114/><T40/><D71/><U30/><E30/><AGARI ba="0,0" hai="13,14,26,30,34,53,54,55,87,88,92" m="41483" machi="30" ten="30,5800,0" yaku="14,1,10,1,54,1" doraHai="6" who="3" fromWho="1" sc="140,0,205,-58,468,0,187,58" /><INIT seed="3,1,0,0,0,110" ten="140,147,468,245" oya="3" hai0="80,19,109,85,33,12,59,21,87,30,11,132,67" hai1="122,55,124,51,18,104,121,34,54,70,99,117,38" hai2="24,95,96,35,10,93,101,82,25,31,81,43,40" hai3="125,47,48,73,66,22,63,37,44,6,39,0,103"/><W50/><G73/><T119/><D119/><U97/><E38/><N who="3" m="14346" /><G22/><T133/><D109/><U120/><E117/><V62/><F10/><W58/><G103/><T49/><D33/><U14/><E70/><V100/><F62/><N who="3" m="38231" /><G6/><T113/><D113/><U84/><E124/><V107/><F107/><W64/><G0/><T53/><D67/><U94/><E34/><V60/><F25/><W129/><G129/><T123/><D123/><U127/><E55/><V13/><F13/><W89/><G89/><T92/><D92/><U5/><E5/><V135/><F101/><W78/><G78/><T20/><D85/><U112/><E112/><V130/><F130/><W71/><G125/><T23/><REACH who="0" step="1"/><D30/><REACH who="0" ten="130,147,468,245" step="2"/><U46/><E127/><V61/><F95/><W8/><G8/><T108/><D108/><U77/><E104/><V29/><F100/><W28/><G28/><T9/><D9/><U76/><E84/><V36/><F24/><W105/><G105/><T102/><D102/><U83/><E83/><V15/><F15/><W68/><G71/><T115/><D115/><U7/><E7/><V26/><F96/><N who="1" m="36937" /><E94/><V27/><F93/><W74/><G74/><T41/><D41/><U116/><E116/><V126/><F126/><W1/><G1/><T52/><D52/><U128/><E128/><V4/><F4/><W91/><G91/><AGARI ba="1,1" hai="11,12,19,20,21,23,49,53,59,80,87,91,132,133" machi="91" ten="40,2600,0" yaku="1,1,53,1" doraHai="110" doraHaiUra="79" who="0" fromWho="3" sc="130,39,147,0,468,0,245,-29" owari="169,-23.1,147,-35.3,468,56.8,216,1.6" /></mjloggm>