<mjloggm ver="2.3"><GO type="225" lobby="0"/><UN n0="%E6%B7%91%E5%A5%B3%E3%81%AE%E5%97%9C%E3%81%BF" n1="%E3%81%A4%E3%81%A3%E3%81%B1%E3%82%8A%E3%83%9D%E3%83%BC%E3%83%AB" n2="%E3%83%A9%E3%82%B9%E7%8E%87%EF%BC%93%E5%89%B2" n3="%E6%9C%88%E5%B3%B6%E5%9F%BA" dan="16,17,17,17" rate="2164.11,2226.81,2182.76,2230.06" sx="M,M,F,M"/><TAIKYOKU oya="0"/><INIT seed="0,0,0,3,0,25" ten="250,250,250,250" oya="0" hai0="128,4,3,27,70,30,104,55,74,71,100,83,130" hai1="81,73,60,51,108,134,43,8,96,53,39,116,67" hai2="64,46,86,9,13,77,12,133,129,6,122,31,87" hai3="37,26,1,75,49,82,91,54,114,20,19,34,89"/><T29/><D55/><U17/><E116/><V99/><F122/><W92/><G114/><T126/><D126/><U78/><E108/><V16/><F129/><N who="0" m="49770" /><D3/><U44/><E134/><V52/><F133/><W95/><G37/><T79/><D4/><U110/><E110/><V115/><F115/><W42/><G34/><N who="0" m="20799" /><D30/><U121/><E121/><V7/><F31/><W36/><G1/><T69/><D100/><U107/><E17/><V14/><F64/><W48/><G36/><T93/><D93/><U15/><E39/><V65/><F65/><W68/><G42/><T61/><D104/><U85/><E53/><V90/><F77/><W80/><G49/><T32/><D32/><U5/><E107/><V40/><F40/><W105/><G105/><T11/><D11/><U109/><E109/><V111/><F111/><W102/><G102/><T38/><D38/><U119/><E119/><V101/><F101/><W35/><G35/><T97/><D97/><U118/><E96/><V58/><F46/><W120/><G120/><T131/><N who="0" m="49778" /><T106/><DORA hai="132" /><D106/><U24/><E118/><V45/><F45/><W47/><G95/><T21/><D21/><U113/><E113/><V56/><F7/><W112/><G112/><T10/><D10/><U41/><E41/><V2/><F52/><W125/><G125/><T94/><D94/><U63/><E67/><AGARI ba="0,0" hai="61,67,69,70,71,74,79,83" m="20799,49778" machi="67" ten="40,7700,0" yaku="19,1,23,1,52,1" doraHai="25,132" who="0" fromWho="1" sc="250,77,250,-77,250,0,250,0" /><INIT seed="0,1,0,5,5,8" ten="327,173,250,250" oya="0" hai0="9,73,5,122,16,92,19,7,32,125,34,20,13" hai1="119,120,37,28,72,126,116,93,106,115,58,68,52" hai2="23,98,129,121,3,39,22,57,29,79,11,85,55" hai3="50,105,127,64,97,100,96,103,67,53,17,91,36"/><T60/><D73/><U113/><E106/><V84/><F121/><W14/><G36/><T101/><D122/><U75/><E120/><V48/><F129/><W111/><G111/><T38/><D38/><U131/><E37/><V132/><F132/><W31/><G127/><T134/><D134/><U18/><E68/><V94/><F39/><W78/><G78/><T88/><D125/><U12/><E28/><V104/><F104/><W135/><G31/><T25/><D101/><N who="3" m="38985" /><G91/><T128/><D128/><U10/><E93/><V102/><F79/><W6/><G6/><T1/><D60/><N who="1" m="35911" /><E126/><V43/><F43/><W109/><G105/><T65/><D65/><N who="3" m="25161" /><G109/><T114/><D114/><N who="1" m="43531" /><E131/><V33/><F33/><W46/><G135/><T15/><D1/><U108/><E108/><V95/><F95/><W77/><G77/><T62/><D62/><U107/><E107/><V117/><F29/><W90/><G90/><T81/><D81/><U130/><E130/><V71/><F71/><W63/><G63/><T0/><D0/><U51/><E51/><V44/><F3/><W40/><G40/><T21/><D5/><U83/><E83/><V110/><F110/><W35/><G35/><T41/><D41/><U124/><E124/><V112/><F112/><W123/><G123/><T86/><AGARI ba="1,0" hai="7,9,13,15,16,19,20,21,25,32,34,86,88,92" machi="86" ten="20,18000,2" yaku="0,1,7,1,52,2,54,2" doraHai="8" who="0" fromWho="0" sc="327,183,173,-61,250,-61,250,-61" /><INIT seed="0,2,0,2,3,16" ten="510,112,189,189" oya="0" hai0="46,43,118,6,71,39,17,108,62,105,11,124,65" hai1="112,59,36,12,15,0,13,106,22,72,131,120,107" hai2="80,42,103,79,86,111,83,68,90,51,53,129,7" hai3="10,21,3,135,133,117,81,84,44,49,47,93,5"/><T35/><D118/><U100/><E120/><V74/><F68/><W40/><G117/><T1/><D124/><U31/><E0/><V134/><F111/><W123/><G123/><T95/><D108/><U99/><E36/><V78/><F129/><W132/><G47/><T92/><D105/><U27/><E131/><V9/><F134/><W2/><G93/><T98/><D35/><U66/><E72/><V87/><F103/><W55/><G3/><T57/><D98/><U82/><E82/><V30/><F42/><W25/><G40/><T70/><D70/><U110/><E110/><V91/><F30/><W73/><G73/><T50/><D17/><U58/><E112/><V33/><F33/><W94/><G94/><T4/><D4/><U128/><E128/><V56/><REACH who="2" step="1"/><F74/><REACH who="2" ten="510,112,179,189" step="2"/><W38/><G132/><T104/><D104/><U85/><E107/><V18/><F18/><W32/><G32/><T24/><D24/><U126/><E126/><V130/><F130/><W29/><REACH who="3" step="1"/><G38/><REACH who="3" ten="510,112,179,179" step="2"/><T115/><D115/><U48/><E106/><V61/><F61/><W102/><G102/><T114/><D114/><U26/><E100/><V8/><F8/><W20/><G20/><T63/><D63/><U89/><E22/><V69/><F69/><W34/><G34/><T28/><D28/><U127/><E31/><V119/><F119/><W101/><G101/><T121/><D121/><U88/><E127/><V96/><F96/><W45/><G45/><T67/><D39/><U109/><E99/><V37/><F37/><W75/><G75/><T60/><AGARI ba="2,2" hai="1,6,11,43,46,50,57,60,62,65,67,71,92,95" machi="60" ten="30,1500,0" yaku="0,1" doraHai="16" who="0" fromWho="0" sc="510,41,112,-7,179,-7,179,-7" /><INIT seed="0,3,0,2,3,102" ten="551,105,172,172" oya="0" hai0="25,122,117,36,119,68,88,97,131,32,123,34,81" hai1="133,16,64,100,45,31,108,70,23,127,112,48,2" hai2="106,51,18,39,62,40,52,103,89,99,12,53,8" hai3="41,19,75,129,77,86,130,5,9,69,118,28,57"/><T121/><D68/><U96/><E2/><V59/><F39/><W76/><G69/><T128/><D36/><U84/><E133/><V22/><F89/><W50/><G118/><N who="0" m="45067" /><D25/><U60/><E127/><V38/><F38/><W110/><G110/><T107/><D32/><U67/><E108/><V109/><F109/><W105/><G105/><T134/><D34/><U111/><E111/><V124/><F124/><W114/><G19/><T15/><D15/><U113/><E67/><V79/><F79/><W90/><G28/><T104/><D134/><U95/><E84/><V14/><F40/><W78/><G114/><T46/><D46/><U94/><E94/><V73/><F73/><W58/><G75/><T49/><D49/><U29/><E113/><V24/><REACH who="2" step="1"/><F8/><REACH who="2" ten="551,105,162,172" step="2"/><W126/><G41/><T132/><D132/><U26/><REACH who="1" step="1"/><E112/><REACH who="1" ten="551,95,162,172" step="2"/><V71/><F71/><W20/><G126/><T72/><D72/><U85/><E85/><V0/><F0/><W115/><G115/><T63/><D123/><U91/><E91/><V47/><AGARI ba="3,2" hai="12,14,18,22,24,47,51,52,53,59,62,99,103,106" machi="47" ten="20,12000,2" yaku="1,1,0,1,7,1,52,1,54,1,53,2" doraHai="102" doraHaiUra="10" who="2" fromWho="2" sc="551,-63,95,-33,162,149,172,-33" /><INIT seed="1,0,0,5,0,69" ten="488,62,311,139" oya="1" hai0="27,72,92,80,6,44,50,29,113,52,73,43,23" hai1="59,46,84,118,102,1,62,5,99,0,88,17,34" hai2="121,107,122,104,49,18,125,74,112,124,94,106,86" hai3="98,57,45,31,56,2,38,117,58,97,132,100,96"/><U78/><E118/><V65/><F65/><W13/><G2/><T3/><D113/><U67/><E34/><V123/><F49/><W36/><G117/><T12/><D3/><U114/><E114/><V135/><F18/><W41/><G132/><T126/><D126/><N who="2" m="48746" /><F112/><W10/><G31/><T37/><D92/><U51/><E78/><V39/><F39/><W89/><G89/><T8/><REACH who="0" step="1"/><D80/><REACH who="0" ten="478,62,311,139" step="2"/><U35/><E5/><V115/><F115/><W55/><G100/><T90/><D90/><U109/><E109/><V133/><F74/><W75/><G75/><T101/><D101/><U47/><E0/><V25/><F25/><W63/><REACH who="3" step="1"/><G38/><REACH who="3" ten="478,62,311,129" step="2"/><T95/><D95/><N who="1" m="58751" /><E1/><V19/><F94/><W22/><G22/><T81/><D81/><N who="1" m="49167" /><E35/><V77/><F133/><W70/><G70/><T20/><D20/><U16/><E47/><AGARI ba="0,2" hai="6,8,12,23,27,29,37,43,44,47,50,52,72,73" machi="47" ten="30,7700,0" yaku="1,1,7,1,52,1,54,1,53,0" doraHai="69" doraHaiUra="64" who="0" fromWho="1" sc="478,97,62,-77,311,0,129,0" owari="575,67.5,-15,-51.5,311,11.1,129,-27.1" /></mjloggm>