<mjloggm ver="2.3"><GO type="225" lobby="0"/><UN n0="%E3%83%81%E3%83%83%E3%82%BF%E3%82%BD%E3%83%BC" n1="%E3%83%96%E3%83%83%E3%83%91%E3%82%AA%E3%83%96%E3%83%81%E3%82%AD%E3%83%B3" n2="%E3%82%8F%E3%81%8B%E3%81%B0%2A%E3%82%AC%E3%83%BC%E3%83%AB" n3="%E9%A6%AC%E5%BC%95%E7%81%AB%33" dan="16,16,16,16" rate="2182.58,2175.33,2091.55,2130.33" sx="F,M,M,M"/><TAIKYOKU oya="0"/><INIT seed="0,0,0,2,2,63" ten="250,250,250,250" oya="0" hai0="29,16,135,125,57,120,89,77,70,20,134,76,49" hai1="88,121,113,95,67,32,104,52,68,128,18,107,115" hai2="10,35,64,23,86,17,38,127,96,1,3,48,124" hai3="54,100,31,132,101,130,47,30,12,60,51,34,61"/><T81/><D120/><U110/><E121/><V26/><F38/><W102/><G130/><T59/><D70/><U7/><E32/><V53/><F35/><W41/><G132/><N who="0" m="50731" /><D29/><N who="3" m="10761" /><G34/><T15/><D125/><N who="2" m="48202" /><F96/><W109/><G109/><T114/><D114/><N who="1" m="43531" /><E110/><V24/><F24/><W44/><G12/><T122/><D122/><U126/><E126/><V62/><F10/><W94/><G94/><T82/><D89/><U2/><E128/><V72/><F86/><W119/><G119/><T45/><D77/><U39/><E39/><V112/><F72/><W13/><G13/><T21/><D21/><U19/><E7/><V78/><F78/><W103/><G103/><T5/><D5/><U123/><E2/><V40/><F40/><W99/><G99/><T50/><D82/><U84/><E123/><V85/><F85/><W71/><G71/><T106/><D106/><U131/><E131/><V108/><F108/><W117/><G117/><T83/><D83/><U92/><E107/><V87/><F87/><W69/><G69/><T6/><D6/><U33/><E104/><V80/><F80/><W14/><G14/><T8/><D8/><U74/><E33/><V28/><F28/><W58/><G41/><N who="0" m="24751" /><D81/><U79/><E95/><V65/><F112/><W105/><G105/><T56/><D76/><U55/><E79/><V37/><F37/><W42/><G42/><T36/><D36/><U73/><E73/><V91/><F91/><W118/><G118/><T4/><D4/><U0/><E74/><V9/><F1/><W27/><G27/><T133/><D133/><U97/><E0/><RYUUKYOKU ba="0,0" sc="250,15,250,-15,250,-15,250,15" hai0="15,16,20,50,56,57,59" hai3="44,47,51,54,58,60,61,100,101,102" /><INIT seed="0,1,0,0,4,13" ten="265,235,235,265" oya="0" hai0="75,107,22,76,118,131,117,8,94,55,101,57,6" hai1="47,95,130,123,41,120,1,38,77,33,125,103,74" hai2="11,44,124,134,93,0,20,34,85,71,110,17,4" hai3="35,106,86,42,9,23,109,84,58,28,16,49,104"/><T68/><D68/><U105/><E95/><V7/><F110/><W24/><G109/><T67/><D107/><U62/><E125/><V129/><F71/><W43/><G9/><T15/><D131/><U27/><E130/><V112/><F129/><W83/><G106/><T46/><D67/><U98/><E1/><V29/><F112/><W21/><G35/><T26/><D46/><U73/><E62/><V3/><F44/><W66/><G104/><T37/><D37/><U122/><REACH who="1" step="1"/><E77/><REACH who="1" ten="265,225,235,265" step="2"/><V72/><F124/><W18/><G66/><T52/><D94/><U36/><E36/><V111/><F111/><W51/><G83/><T78/><D76/><U81/><E81/><V14/><F0/><W79/><G79/><T30/><D78/><U59/><E59/><V54/><F3/><W48/><G58/><T5/><D57/><U102/><E102/><V53/><F93/><W97/><G97/><T116/><D101/><U69/><E69/><V63/><F134/><W10/><G51/><T87/><D87/><U31/><AGARI ba="1,1" hai="27,31,33,38,41,47,73,74,98,103,105,120,122,123" machi="31" ten="40,8000,1" yaku="1,1,0,1,23,2,53,1" doraHai="13" doraHaiUra="25" who="1" fromWho="1" sc="265,-41,225,93,235,-21,265,-21" /><INIT seed="1,0,0,5,1,30" ten="224,318,214,244" oya="1" hai0="100,48,98,69,84,43,3,7,47,27,123,83,105" hai1="42,117,35,58,64,31,108,10,103,74,76,95,63" hai2="96,78,5,92,121,62,79,56,32,132,45,53,38" hai3="59,55,2,44,15,61,120,1,81,128,91,110,33"/><U82/><E117/><V41/><F121/><W16/><G120/><T104/><D123/><U97/><E108/><V135/><F5/><W60/><G33/><T101/><D69/><U6/><E42/><V52/><F53/><W26/><G26/><T125/><D125/><U46/><E46/><V51/><F32/><W90/><G128/><T133/><D133/><N who="2" m="51274" /><F38/><W36/><G110/><T77/><D27/><U4/><REACH who="1" step="1"/><E10/><REACH who="1" ten="224,308,214,244" step="2"/><V134/><F134/><W80/><G44/><T0/><D7/><U126/><E126/><V49/><F62/><W93/><G61/><T85/><D3/><U89/><E89/><AGARI ba="0,1" hai="41,45,49,51,52,56,78,79,89,92,96" m="51274" machi="89" ten="30,2000,0" yaku="20,1,54,1" doraHai="30" who="2" fromWho="1" sc="224,0,308,-20,214,30,244,0" /><INIT seed="2,0,0,1,4,58" ten="224,288,244,244" oya="2" hai0="27,78,10,44,39,23,130,24,51,50,16,101,87" hai1="77,2,29,53,99,54,82,113,118,13,64,89,84" hai2="96,33,75,109,30,57,0,4,97,26,41,86,94" hai3="8,104,43,46,103,65,35,127,115,67,59,40,106"/><V42/><F75/><W110/><G35/><T83/><D130/><U119/><E2/><V49/><F109/><W34/><G34/><T108/><D108/><U117/><E113/><V1/><F86/><W17/><G110/><T20/><D10/><U93/><E29/><V85/><F85/><W38/><G40/><T111/><D111/><U9/><REACH who="1" step="1"/><E64/><REACH who="1" ten="224,278,244,244" step="2"/><V56/><F30/><W98/><G67/><T25/><D101/><U135/><E135/><V81/><F0/><W7/><G65/><T70/><D70/><U48/><E48/><V11/><F49/><W5/><G103/><T71/><D71/><U125/><E125/><V91/><F33/><W102/><G102/><T37/><D51/><U133/><E133/><V128/><F128/><W68/><G68/><T116/><D116/><U52/><E52/><V132/><F132/><W61/><G127/><T126/><D126/><U18/><AGARI ba="0,1" hai="9,13,18,53,54,77,82,84,89,93,99,117,118,119" machi="18" ten="30,2000,0" yaku="1,1,0,1,53,0" doraHai="58" doraHaiUra="134" who="1" fromWho="1" sc="224,-5,278,30,244,-10,244,-5" /><INIT seed="3,0,0,4,3,74" ten="219,308,234,239" oya="3" hai0="16,61,80,70,53,79,29,32,64,44,50,112,0" hai1="31,129,122,114,111,83,40,7,45,118,5,3,77" hai2="134,87,11,51,86,41,4,88,37,25,104,91,96" hai3="21,128,59,107,76,1,119,43,97,102,98,69,110"/><W10/><G119/><T52/><D112/><U33/><E122/><V92/><F134/><W133/><G69/><T48/><D0/><U126/><E114/><V101/><F37/><W81/><G133/><T124/><D124/><U35/><E126/><V117/><F117/><W90/><G128/><T26/><D16/><U130/><E118/><V121/><F121/><W94/><G110/><T132/><D132/><U14/><E111/><V30/><F41/><W39/><G59/><T135/><D135/><U120/><E120/><V105/><F51/><W131/><G131/><N who="1" m="50186" /><E3/><V62/><F62/><W60/><G60/><T93/><D93/><U54/><E54/><V47/><F47/><W42/><G39/><T109/><D109/><U49/><E14/><N who="2" m="5479" /><F105/><W78/><G21/><T8/><D8/><U127/><E127/><V6/><F6/><N who="1" m="2057" /><E31/><V67/><F67/><W106/><G106/><T123/><D123/><U2/><E2/><V108/><F104/><W68/><G68/><T28/><D29/><U34/><E34/><V13/><F13/><W103/><G10/><T23/><D32/><U95/><E95/><N who="2" m="58527" /><F108/><W38/><G1/><T55/><REACH who="0" step="1"/><D50/><REACH who="0" ten="209,308,234,239" step="2"/><U63/><E63/><V15/><F15/><W99/><G38/><T71/><D71/><U24/><E24/><V12/><F12/><W72/><G107/><T18/><D18/><U82/><E82/><N who="2" m="49239" /><F30/><W57/><G81/><T58/><D58/><U46/><E46/><V125/><F125/><W116/><G57/><T19/><D19/><U73/><AGARI ba="0,1" hai="33,35,40,45,49,73,77,83" m="2057,50186" machi="73" ten="30,2000,0" yaku="19,1,52,1" doraHai="74" who="1" fromWho="1" sc="209,-5,308,30,234,-5,239,-10" owari="204,-29.6,338,43.8,229,2.9,229,-17.1" /></mjloggm>