<mjloggm ver="2.3"><GO type="225" lobby="0"/><UN n0="%E7%B4%94%E6%BD%94%E3%83%94%E3%83%A9%E3%83%8B%E3%82%A2" n1="%E3%82%A2%E3%82%A4%E3%82%B9%E3%83%86%E3%82%A3%E3%83%BC%E3%81%82%E3%81%B9" n2="%33%74%72%65%65" n3="%E8%90%BD%E6%97%A5" dan="16,16,16,16" rate="2088.57,2071.65,2175.58,2162.64" sx="M,M,F,F"/><TAIKYOKU oya="0"/><INIT seed="0,0,0,5,1,97" ten="250,250,250,250" oya="0" hai0="57,77,94,125,112,90,53,35,68,4,110,45,86" hai1="17,37,99,111,126,89,128,82,108,25,103,16,96" hai2="83,0,64,80,23,74,32,59,87,18,27,21,24" hai3="85,131,71,38,65,51,95,33,7,109,52,69,113"/><T55/><D68/><U61/><E37/><V13/><F0/><W84/><G33/><T47/><D112/><U63/><E126/><V92/><F32/><W54/><G113/><T29/><D125/><U91/><E128/><V102/><F74/><W66/><G38/><T5/><D35/><U30/><E30/><N who="2" m="17679" /><F27/><W101/><G7/><N who="0" m="2635" /><D29/><U129/><E25/><V115/><F115/><W81/><G109/><N who="1" m="42058" /><E129/><V93/><F93/><W31/><G31/><T70/><D70/><U15/><E17/><V9/><F9/><W36/><G36/><T20/><D20/><N who="1" m="11295" /><E99/><N who="2" m="59751" /><F87/><W119/><G85/><T116/><D116/><U127/><E127/><V130/><F130/><W122/><G119/><T73/><D73/><U88/><E82/><V41/><F41/><W79/><G131/><T105/><D105/><AGARI ba="0,0" hai="61,63,88,89,91,96,103,105" m="11295,42058" machi="105" ten="30,7700,0" yaku="14,1,52,1,54,2" doraHai="97" who="1" fromWho="0" sc="250,-77,250,77,250,0,250,0" /><INIT seed="1,0,0,1,2,91" ten="173,327,250,250" oya="1" hai0="18,7,27,85,10,67,47,59,24,107,84,103,54" hai1="94,128,20,66,17,76,39,63,6,99,92,44,115" hai2="50,41,109,93,56,117,134,79,34,72,126,78,25" hai3="119,33,38,96,64,100,110,48,12,52,14,125,61"/><U15/><E115/><V0/><F117/><W108/><G38/><T98/><D67/><U88/><E128/><V69/><F69/><W51/><G33/><T1/><D47/><U80/><E6/><V60/><F0/><W3/><G3/><T86/><REACH who="0" step="1"/><D18/><REACH who="0" ten="163,327,250,250" step="2"/><U82/><E44/><V87/><F109/><W102/><G64/><T121/><D121/><U135/><E135/><V49/><F134/><W36/><G110/><T28/><D28/><U83/><E39/><V42/><F126/><W116/><G108/><T89/><D89/><N who="1" m="55695" /><E76/><V37/><F79/><W31/><G31/><T46/><D46/><U13/><E66/><V122/><F78/><W104/><G36/><T131/><D131/><U53/><E53/><V132/><F122/><W5/><G125/><T22/><D22/><U9/><E63/><AGARI ba="0,1" hai="1,7,10,24,27,54,59,63,84,85,86,98,103,107" machi="63" ten="40,2600,0" yaku="1,1,53,1" doraHai="91" doraHaiUra="4" who="0" fromWho="1" sc="163,36,327,-26,250,0,250,0" /><INIT seed="2,0,0,5,4,121" ten="199,301,250,250" oya="2" hai0="103,110,65,118,22,31,48,88,131,115,14,49,8" hai1="77,80,68,126,85,91,128,62,11,74,125,56,81" hai2="43,100,29,60,97,82,71,84,96,93,120,44,102" hai3="9,52,2,26,87,79,18,17,113,130,37,76,27"/><V50/><F120/><W69/><G69/><T20/><D115/><U99/><E128/><V98/><F29/><W109/><G37/><T66/><D118/><U63/><E11/><V90/><F71/><W1/><G130/><T94/><D103/><N who="2" m="39466" /><F60/><W42/><G42/><T12/><D131/><U73/><E99/><V132/><F132/><W58/><G113/><T95/><D110/><U36/><E36/><V30/><F30/><W129/><G129/><T89/><D31/><U21/><E21/><V55/><F43/><W107/><G107/><T117/><D117/><U124/><E68/><V33/><F33/><W106/><G106/><T105/><D105/><U83/><E56/><V4/><F4/><W75/><G75/><N who="1" m="28682" /><E77/><AGARI ba="0,0" hai="44,50,55,77,82,84,90,93,96,97,98" m="39466" machi="77" ten="30,1500,0" yaku="8,1" doraHai="121" who="2" fromWho="1" sc="199,0,301,-15,250,15,250,0" /><INIT seed="2,1,0,2,5,4" ten="199,286,265,250" oya="2" hai0="16,58,15,9,103,86,117,124,53,46,51,131,31" hai1="21,109,80,135,110,113,94,83,100,68,71,88,47" hai2="41,27,3,43,6,102,37,105,101,36,130,119,33" hai3="126,7,34,30,23,29,111,92,61,108,129,112,10"/><V82/><F119/><W50/><G50/><T63/><D117/><U42/><E113/><V44/><F130/><W95/><G61/><T55/><D131/><U19/><E100/><V96/><F102/><W72/><G129/><T67/><D124/><U28/><E28/><N who="2" m="19615" /><F82/><N who="1" m="31273" /><E135/><V24/><F24/><W22/><G72/><T45/><D31/><N who="3" m="11785" /><G34/><T66/><D86/><N who="1" m="52503" /><E21/><N who="3" m="7690" /><G126/><T32/><D32/><U39/><E19/><V127/><F127/><W25/><G25/><T114/><D114/><U57/><E57/><V85/><F85/><W91/><G91/><T116/><D116/><U54/><E54/><V128/><F128/><W79/><G79/><T99/><REACH who="0" step="1"/><D46/><REACH who="0" ten="189,286,265,250" step="2"/><U73/><E73/><V38/><F43/><W132/><G112/><T123/><D123/><U87/><E87/><V2/><F2/><W70/><G132/><T84/><D84/><U76/><E76/><V93/><F44/><W35/><G35/><T133/><D133/><U125/><E125/><V8/><F41/><W17/><G111/><AGARI ba="1,1" hai="39,42,47,68,71,109,110,111" m="52503,31273" machi="111" ten="30,2000,0" yaku="14,1,54,1" doraHai="4" who="1" fromWho="3" sc="189,0,286,33,265,0,250,-23" /><INIT seed="3,0,0,3,5,102" ten="189,319,265,227" oya="3" hai0="58,128,27,91,56,134,37,50,48,73,85,53,60" hai1="70,54,26,113,67,68,0,21,59,69,19,120,75" hai2="14,86,15,42,55,47,20,31,45,130,65,108,79" hai3="80,81,3,90,97,129,115,110,84,44,63,13,107"/><W62/><G3/><T5/><D73/><U49/><E120/><V92/><F108/><W106/><G115/><T43/><D128/><U72/><E113/><V124/><F130/><W96/><G129/><T16/><D134/><U8/><E67/><V30/><F124/><W109/><G13/><T32/><D32/><U18/><E18/><V116/><F116/><W87/><G44/><T2/><D2/><U104/><REACH who="1" step="1"/><E104/><REACH who="1" ten="189,309,265,227" step="2"/><V35/><F65/><W33/><G90/><T100/><D5/><AGARI ba="0,1" hai="0,5,8,19,21,26,49,54,59,68,69,70,72,75" machi="5" ten="40,2600,0" yaku="1,1,2,1,53,0" doraHai="102" doraHaiUra="11" who="1" fromWho="0" sc="189,-26,309,36,265,0,227,0" owari="163,-33.7,345,44.5,265,6.5,227,-17.3" /></mjloggm>