<mjloggm ver="2.3"><GO type="225" lobby="0"/><UN n0="%E6%A0%B9%E5%85%83%E3%81%8B%E3%82%89%E5%90%B9%E3%81%A3%E9%A3%9B%E3%81%B6" n1="%E4%BF%BA%E3%81%A8%E5%A6%96%E5%A4%A2" n2="%74%61%6B%65%2D%79%6F%75" n3="%E7%89%B9%E6%9D%B1%E3%81%AF%E4%B8%96%E7%95%8C%E3%82%92%E6%95%91%E3%81%86" dan="16,16,16,16" rate="2125.37,2219.28,2090.67,2210.86" sx="F,F,M,M"/><TAIKYOKU oya="0"/><INIT seed="0,0,0,0,4,69" ten="250,250,250,250" oya="0" hai0="12,7,135,46,88,95,71,121,61,93,134,47,72" hai1="109,16,113,20,104,87,55,84,70,6,82,100,29" hai2="10,8,116,118,42,64,60,112,19,26,94,45,106" hai3="91,75,76,17,57,80,89,85,115,22,31,108,21"/><T34/><D121/><U23/><E70/><V97/><F106/><W111/><G115/><T77/><D34/><U28/><E113/><V96/><F112/><W11/><G57/><T129/><D129/><U79/><E109/><N who="3" m="42058" /><G31/><T48/><D95/><U86/><E6/><V68/><F26/><N who="3" m="14639" /><G22/><T0/><D0/><U49/><E100/><V98/><F94/><N who="3" m="54575" /><G91/><T4/><D12/><N who="1" m="9223" /><E104/><V124/><F124/><W32/><G11/><T43/><D47/><N who="1" m="28095" /><E29/><V131/><F131/><W78/><G78/><T9/><D77/><U13/><E13/><V90/><F90/><W5/><G5/><T123/><D72/><U65/><E65/><V40/><F19/><W128/><G128/><T62/><D123/><U39/><E23/><V3/><F3/><W54/><G54/><T24/><D24/><U117/><E28/><V120/><F120/><W132/><G132/><N who="0" m="50731" /><D71/><U37/><E117/><N who="2" m="45163" /><F42/><W27/><G27/><T92/><D92/><U59/><E59/><V44/><F44/><W81/><G81/><T127/><D4/><U101/><E101/><V36/><AGARI ba="0,0" hai="8,10,36,40,45,60,64,68,96,97,98" m="45163" machi="36" ten="30,2000,0" yaku="12,1,52,1" doraHai="69" who="2" fromWho="2" sc="250,-10,250,-5,250,20,250,-5" /><INIT seed="1,0,0,2,4,132" ten="240,245,270,245" oya="1" hai0="5,42,49,89,112,76,127,20,21,99,82,32,4" hai1="57,117,118,18,105,7,26,23,59,109,38,11,119" hai2="90,67,63,114,60,83,56,10,66,135,46,61,64" hai3="33,14,39,124,110,35,125,40,34,36,37,106,45"/><U2/><E105/><V78/><F135/><W16/><G110/><T108/><D32/><U80/><E38/><V133/><F133/><W98/><G106/><T96/><D112/><U75/><REACH who="1" step="1"/><E109/><REACH who="1" ten="240,235,270,245" step="2"/><V107/><F107/><W55/><G98/><T41/><D108/><U121/><E121/><V81/><F114/><W22/><REACH who="3" step="1"/><G55/><REACH who="3" ten="240,235,270,235" step="2"/><T85/><D99/><U72/><E72/><V97/><F97/><W50/><AGARI ba="0,2" hai="14,16,22,33,34,35,36,37,39,40,45,50,124,125" machi="50" ten="40,12000,2" yaku="1,1,2,1,0,1,52,2,54,1,53,0" doraHai="132" doraHaiUra="74" who="3" fromWho="3" sc="240,-30,235,-60,270,-30,235,140" /><INIT seed="2,0,0,4,2,116" ten="210,175,240,375" oya="2" hai0="84,30,23,54,22,93,49,126,89,79,127,98,114" hai1="94,47,83,119,100,57,109,37,11,50,88,64,9" hai2="71,21,2,76,43,10,132,46,6,125,48,63,59" hai3="32,78,28,31,39,122,75,77,15,117,72,65,131"/><V124/><F132/><W33/><G117/><T40/><D114/><U42/><E119/><V123/><F71/><W69/><G69/><T12/><D40/><U66/><E109/><V87/><F21/><W7/><G15/><T19/><D79/><U29/><E29/><V25/><F25/><W60/><G60/><T52/><D98/><U1/><E100/><V55/><F76/><W3/><G7/><T107/><D107/><U97/><E83/><V105/><F105/><W112/><G65/><T4/><D4/><U81/><E1/><V61/><F87/><W74/><G74/><T80/><D80/><U41/><E81/><V14/><F63/><W95/><G131/><T45/><REACH who="0" step="1"/><D54/><REACH who="0" ten="200,175,240,375" step="2"/><U99/><E97/><V58/><F43/><W13/><G112/><T44/><D44/><U85/><E99/><V113/><F46/><W24/><G78/><T68/><D68/><U67/><REACH who="1" step="1"/><E41/><REACH who="1" ten="200,165,240,375" step="2"/><V108/><F113/><W101/><G72/><T102/><D102/><U103/><E103/><V53/><F2/><W120/><G3/><T91/><D91/><U129/><E129/><V110/><F108/><W121/><G75/><T0/><D0/><U90/><E90/><V82/><F82/><W27/><G77/><T92/><D92/><U128/><E128/><V70/><F110/><W96/><G95/><T5/><D5/><U118/><E118/><V62/><F70/><W135/><G96/><T8/><D8/><U133/><E133/><V17/><F6/><W130/><G101/><T115/><D115/><U35/><E35/><V134/><F10/><W18/><G130/><RYUUKYOKU ba="0,2" sc="200,15,165,15,240,-15,375,-15" hai0="12,19,22,23,30,45,49,52,84,89,93,126,127" hai1="9,11,37,42,47,50,57,64,66,67,85,88,94" /><INIT seed="3,1,2,2,1,59" ten="215,180,225,360" oya="3" hai0="99,134,120,113,114,117,5,15,127,128,112,70,30" hai1="73,89,123,80,50,19,17,31,37,104,13,107,24" hai2="56,74,121,108,87,124,0,20,57,100,33,23,62" hai3="1,95,126,101,119,28,79,90,32,105,102,63,131"/><W81/><G1/><T82/><D127/><U106/><E123/><V14/><F74/><W53/><G119/><T91/><D128/><U65/><E37/><V83/><F0/><W35/><G131/><T64/><D134/><U69/><E73/><V25/><F124/><W72/><G126/><T9/><D117/><U88/><E80/><V78/><F121/><W49/><G28/><T16/><D30/><U133/><E133/><V118/><F118/><W7/><G7/><T76/><D120/><U12/><E50/><V10/><F108/><W41/><G41/><T71/><D64/><U44/><E44/><V43/><F33/><W110/><G49/><T66/><D66/><U75/><E75/><V4/><F43/><W109/><G102/><T97/><D76/><U132/><E132/><V84/><F100/><W42/><G42/><T34/><D34/><U125/><E125/><V22/><F84/><N who="3" m="52679" /><G32/><T129/><D129/><U46/><E46/><V6/><F6/><W26/><G26/><T61/><D61/><U58/><E69/><N who="0" m="26121" /><D5/><U130/><E130/><V122/><F122/><W60/><G60/><T92/><D82/><U27/><E65/><N who="2" m="39111" /><F57/><N who="3" m="35247" /><G35/><T51/><D51/><U55/><E58/><V94/><F94/><W93/><G93/><T111/><D111/><U103/><E103/><V47/><F47/><W48/><G48/><T135/><D135/><U2/><E2/><V38/><F38/><W96/><AGARI ba="1,2" hai="72,79,81,96,101,105,109,110" m="35247,52679" machi="96" ten="30,3000,0" yaku="24,1,52,1" doraHai="59" who="3" fromWho="3" sc="215,-11,180,-11,225,-11,360,53" owari="204,-19.6,169,-33.1,214,1.4,413,51.3" /></mjloggm>