<mjloggm ver="2.3"><GO type="225" lobby="0"/><UN n0="%E6%9C%88%E5%B3%B6%E5%9F%BA" n1="%E3%83%96%E3%83%83%E3%83%91%E3%82%AA%E3%83%96%E3%83%81%E3%82%AD%E3%83%B3" n2="%E2%98%86%E5%B0%8F%E5%AD%A6%E7%94%B7%E7%94%9F%E2%98%86" n3="%E3%82%B3%E3%83%90%E3%83%AC%E3%82%A4" dan="16,16,16,16" rate="2115.15,2177.67,2127.20,2143.72" sx="M,M,M,M"/><TAIKYOKU oya="0"/><INIT seed="0,0,0,5,3,16" ten="250,250,250,250" oya="0" hai0="51,95,53,27,80,23,67,40,87,73,28,116,21" hai1="55,79,34,7,132,58,31,38,85,39,52,126,65" hai2="35,78,76,14,46,118,37,77,68,29,134,4,72" hai3="71,1,131,2,128,135,115,84,63,90,64,22,70"/><T8/><D116/><U13/><E126/><V41/><F68/><W33/><G33/><T69/><D73/><U36/><E132/><V102/><F134/><W114/><G135/><T104/><D104/><U74/><E74/><V45/><F118/><W86/><G90/><T15/><D40/><U127/><E127/><V119/><F119/><W101/><G101/><T62/><D95/><U11/><E34/><V109/><F109/><W57/><G57/><T12/><D8/><U110/><E110/><V5/><F102/><W49/><G49/><T106/><D106/><U125/><E31/><V3/><F3/><W123/><G64/><T105/><D105/><U56/><E125/><V120/><F72/><W96/><G63/><T26/><D53/><U107/><E107/><V6/><F120/><W9/><G9/><T47/><D47/><U133/><E133/><V91/><F46/><W98/><REACH who="3" step="1"/><G22/><REACH who="3" ten="250,250,250,240" step="2"/><T121/><D51/><U88/><E58/><V129/><F91/><W48/><G48/><T30/><D121/><AGARI ba="0,1" hai="1,2,70,71,84,86,96,98,114,115,121,123,128,131" machi="121" ten="25,3200,0" yaku="1,1,22,2,53,0" doraHai="16" doraHaiUra="113" who="3" fromWho="0" sc="250,-32,250,0,250,0,240,42" /><INIT seed="1,0,0,5,4,70" ten="218,250,250,282" oya="1" hai0="85,120,18,7,102,108,71,75,105,107,100,44,43" hai1="83,116,33,20,117,128,23,125,29,49,106,121,47" hai2="92,14,38,96,103,55,97,69,67,42,76,27,57" hai3="5,48,45,73,64,114,51,15,9,99,2,39,82"/><U50/><E121/><V132/><F132/><W122/><G122/><T86/><D120/><U56/><E106/><V89/><F76/><N who="3" m="44303" /><G114/><T13/><D71/><U91/><E33/><V32/><F14/><W129/><G129/><T53/><D75/><U63/><E128/><V36/><F42/><N who="3" m="22751" /><G64/><T62/><D108/><U10/><E125/><V123/><F123/><W81/><G81/><T135/><D135/><U127/><E127/><V66/><F27/><W37/><G15/><T112/><D112/><U77/><E91/><V17/><F32/><W54/><G54/><T19/><D62/><U126/><E126/><V111/><F17/><W3/><G2/><T24/><D53/><U34/><E34/><V130/><F111/><W1/><G1/><T4/><D13/><U35/><E35/><V65/><F69/><W80/><G80/><T87/><D44/><U31/><E23/><V119/><F119/><W52/><G99/><T26/><D87/><N who="1" m="48623" /><E20/><V41/><F41/><AGARI ba="0,0" hai="4,7,18,19,24,26,41,43,85,86,100,102,105,107" machi="41" ten="25,1600,0" yaku="22,2" doraHai="70" who="0" fromWho="2" sc="218,16,250,0,250,-16,282,0" /><INIT seed="2,0,0,5,3,133" ten="234,250,234,282" oya="2" hai0="3,42,17,26,119,52,115,71,50,126,61,86,49" hai1="53,2,34,69,60,73,47,14,89,114,104,80,13" hai2="21,85,10,68,30,7,130,116,72,75,43,9,46" hai3="87,4,63,99,38,57,39,36,97,12,81,127,106"/><V1/><F116/><W29/><G29/><T58/><D115/><U54/><E114/><V82/><F130/><W111/><G111/><T8/><D119/><U51/><E2/><V122/><F68/><W77/><G106/><T102/><D71/><U129/><E129/><V5/><F122/><W108/><G108/><T15/><D3/><U100/><E34/><V59/><F59/><W11/><REACH who="3" step="1"/><G127/><REACH who="3" ten="234,250,234,272" step="2"/><T35/><D126/><U91/><E104/><V67/><F30/><W37/><N who="3" m="9216" /><DORA hai="22" /><W83/><G83/><T131/><D131/><U33/><E80/><V65/><F82/><W120/><G120/><T92/><D35/><U135/><E33/><V84/><F75/><W16/><G16/><T66/><D17/><U24/><E73/><V98/><F72/><W105/><G105/><T31/><D31/><U95/><E135/><V113/><F113/><W96/><G96/><T118/><D118/><U40/><E69/><V0/><F98/><W121/><G121/><T55/><D92/><U28/><E95/><V134/><F134/><W112/><G112/><T110/><D110/><U78/><E78/><V56/><F84/><W123/><G123/><T6/><D86/><U124/><E28/><V128/><F85/><W19/><G19/><T94/><D94/><U103/><E124/><V76/><F128/><W64/><AGARI ba="0,1" hai="4,11,12,57,63,64,77,81,87,97,99" m="9216" machi="64" ten="60,4000,0" yaku="1,1,0,1,53,0" doraHai="133,22" doraHaiUra="41,45" who="3" fromWho="3" sc="234,-10,250,-10,234,-20,272,50" /><INIT seed="3,0,0,0,0,109" ten="224,240,214,322" oya="3" hai0="82,71,53,102,90,83,75,116,95,50,81,100,17" hai1="63,59,62,10,126,49,112,0,129,133,39,91,78" hai2="54,119,34,70,131,29,77,114,65,132,111,57,37" hai3="99,13,94,55,73,15,38,58,74,47,122,115,45"/><W113/><G122/><T97/><D71/><U89/><E39/><V86/><F114/><W80/><G38/><T25/><D116/><U5/><E112/><V6/><F119/><W48/><G74/><T40/><D40/><U67/><E126/><V30/><F111/><W9/><G15/><T72/><D72/><U21/><E133/><V101/><F132/><W7/><G73/><T79/><D75/><U12/><E129/><V3/><F37/><W123/><G123/><T42/><D42/><U68/><E78/><V56/><F131/><W104/><G104/><T66/><D66/><U96/><E49/><N who="2" m="30799" /><F70/><W28/><G28/><N who="2" m="10857" /><F3/><W51/><G80/><T121/><D79/><U76/><E76/><V1/><F1/><W11/><G11/><T124/><D124/><U128/><E96/><V110/><F34/><W105/><G105/><T64/><D64/><U24/><E0/><V16/><F6/><W84/><G84/><T85/><D97/><U2/><E2/><V36/><F36/><W23/><G23/><N who="0" m="13551" /><D121/><U92/><E128/><V117/><F117/><W14/><G13/><T103/><D83/><U127/><E127/><V8/><F110/><W31/><G31/><T43/><D43/><U106/><E106/><V134/><F134/><W33/><G33/><T98/><D85/><U22/><E92/><V41/><F101/><N who="3" m="60663" /><G115/><T18/><D18/><N who="1" m="12375" /><E21/><V61/><F41/><N who="3" m="24623" /><G113/><T108/><D108/><U88/><E68/><V120/><F120/><W46/><AGARI ba="0,0" hai="7,9,14,46,47,51,55,58" m="24623,60663" machi="46" ten="30,1500,0" yaku="8,1" doraHai="109" who="3" fromWho="3" sc="224,-5,240,-5,214,-5,322,15" owari="219,-18.1,235,3.5,209,-29.1,337,43.7" /></mjloggm>