<mjloggm ver="2.3"><GO type="225" lobby="0"/><UN n0="%E5%8D%A0%E3%81%84%E5%B8%AB%E8%A3%8F%E3%81%AA%E3%81%84%E3%81%97" n1="%E6%B4%BE%E9%81%A3%E3%81%AE%E3%82%B8%E3%83%A3%E3%83%83%E3%82%AF" n2="%E3%83%A9%E3%82%A4%E3%83%B3%E3%81%AE%E8%99%8E" n3="%E6%81%A5%E6%99%92%E3%81%97" dan="17,17,16,16" rate="2191.76,2199.06,2138.06,2194.82" sx="M,M,M,M"/><TAIKYOKU oya="0"/><INIT seed="0,0,0,2,5,131" ten="250,250,250,250" oya="0" hai0="123,10,81,38,107,56,48,78,37,100,106,82,35" hai1="22,58,114,6,101,33,90,98,95,62,111,60,46" hai2="18,34,83,89,21,8,73,25,103,120,32,52,12" hai3="67,19,61,20,64,72,47,15,26,16,128,121,43"/><T45/><D123/><U94/><E111/><V11/><F120/><W68/><G121/><T118/><D118/><U4/><E114/><V96/><F8/><W75/><G128/><T40/><D35/><U71/><E33/><V115/><F115/><W87/><G67/><T0/><D82/><U91/><E71/><V2/><F2/><W105/><G87/><T132/><D100/><U23/><E46/><V28/><F52/><W42/><G105/><T50/><D132/><U29/><E101/><V30/><F28/><W13/><G43/><T125/><D125/><U134/><E29/><V102/><F102/><W1/><G1/><T129/><D37/><U110/><E110/><V86/><REACH who="2" step="1"/><F73/><REACH who="2" ten="250,250,240,250" step="2"/><W93/><G26/><T116/><D129/><U92/><E134/><V49/><F49/><W112/><G112/><T7/><D48/><U99/><E95/><AGARI ba="0,1" hai="11,12,18,21,25,30,32,34,83,86,89,95,96,103" machi="95" ten="30,2000,0" yaku="1,1,7,1,53,0" doraHai="131" doraHaiUra="127" who="2" fromWho="1" sc="250,0,250,-20,240,30,250,0" /><INIT seed="1,0,0,2,3,60" ten="250,230,270,250" oya="1" hai0="123,71,38,77,42,34,132,103,82,1,51,44,49" hai1="80,22,84,5,99,74,108,63,72,112,40,87,73" hai2="97,11,98,15,19,81,64,52,39,27,111,55,133" hai3="116,28,83,54,29,70,41,101,8,106,17,21,18"/><U12/><E112/><V95/><F39/><W10/><G41/><T113/><D113/><U7/><E40/><V59/><F111/><W65/><G116/><T104/><D132/><U127/><E127/><V56/><F133/><W2/><G106/><T122/><D34/><U107/><E108/><V68/><F68/><W24/><G101/><T66/><D1/><U100/><E87/><V62/><F81/><W102/><G102/><T91/><D91/><U105/><E105/><V0/><F0/><W93/><G93/><T89/><D89/><U26/><E12/><V13/><F27/><W79/><G54/><N who="2" m="20521" /><F59/><W57/><G70/><T31/><D31/><N who="3" m="11849" /><G2/><T94/><D104/><U69/><E22/><N who="2" m="11631" /><F95/><W9/><G17/><AGARI ba="0,0" hai="11,15,17,56,62,64,97,98" m="11631,20521" machi="17" ten="30,3900,0" yaku="8,1,52,1,54,1" doraHai="60" who="2" fromWho="3" sc="250,0,230,0,270,39,250,-39" /><INIT seed="2,0,0,5,4,64" ten="250,230,309,211" oya="2" hai0="82,46,128,77,108,17,40,114,84,63,34,118,27" hai1="117,0,31,56,127,5,12,49,26,4,67,38,75" hai2="60,55,134,86,105,81,112,132,129,50,104,35,110" hai3="42,65,41,98,74,9,107,39,6,1,121,51,125"/><V122/><F112/><W22/><G121/><T91/><D114/><U18/><E117/><V48/><F122/><W47/><G125/><T32/><D118/><U3/><E38/><V66/><F35/><W11/><G42/><T130/><D108/><U8/><E75/><V89/><F129/><N who="0" m="49770" /><D63/><U92/><E92/><V29/><F29/><W25/><G11/><T87/><D17/><U106/><E106/><V78/><F110/><W97/><G51/><N who="0" m="27079" /><D27/><U58/><E127/><V109/><F78/><W19/><G107/><N who="2" m="41033" /><F55/><W88/><G74/><T95/><AGARI ba="0,0" hai="32,34,77,82,84,87,91,95" m="27079,49770" machi="95" ten="30,1100,0" yaku="19,1" doraHai="64" who="0" fromWho="0" sc="250,11,230,-3,309,-5,211,-3" /><INIT seed="3,0,0,1,3,11" ten="261,227,304,208" oya="3" hai0="105,6,53,26,72,14,97,8,34,79,25,103,114" hai1="118,22,47,50,71,81,58,107,122,127,93,35,126" hai2="88,9,3,61,1,68,4,12,102,44,78,43,113" hai3="92,90,10,33,13,38,16,66,80,57,128,27,111"/><W108/><G38/><T96/><D34/><U64/><E35/><V29/><F113/><W36/><G36/><T0/><D114/><U84/><E107/><V62/><F102/><W120/><G120/><T87/><D72/><U21/><E71/><V42/><F29/><W23/><G128/><T110/><D110/><N who="3" m="42025" /><G80/><T135/><D135/><U100/><E122/><V101/><F101/><W129/><G129/><T51/><D97/><N who="1" m="59439" /><E118/><V133/><F1/><W49/><G33/><T123/><D123/><U59/><E64/><V52/><F3/><W77/><G77/><T85/><D0/><U48/><E126/><V30/><F78/><W89/><G92/><T55/><D79/><N who="1" m="46143" /><E127/><V5/><F133/><W19/><G49/><N who="1" m="19050" /><E47/><V134/><F134/><W91/><G91/><T60/><D51/><U75/><E75/><V45/><F88/><W112/><G112/><T82/><D82/><U117/><E117/><V15/><F44/><W98/><G98/><T65/><D96/><U132/><E132/><V40/><F45/><W109/><N who="3" m="42033" /><W116/><DORA hai="83" /><G116/><T125/><D125/><U54/><E54/><V2/><F42/><W17/><G17/><T31/><D53/><U76/><E76/><V24/><F43/><W94/><G94/><T56/><D55/><U39/><E39/><V131/><F40/><W32/><G32/><N who="0" m="20591" /><D103/><U20/><AGARI ba="0,0" hai="20,21,22,58,59" m="19050,46143,59439" machi="20" ten="30,2000,0" yaku="8,1,52,1" doraHai="11,83" who="1" fromWho="1" sc="261,-5,227,20,304,-5,208,-10" /><INIT seed="4,0,0,5,2,113" ten="256,247,299,198" oya="0" hai0="32,92,97,71,19,70,96,93,35,25,108,98,66" hai1="135,75,73,48,84,60,31,45,26,1,37,50,52" hai2="16,91,111,109,34,134,94,90,110,105,106,57,67" hai3="87,83,122,44,27,36,112,30,13,64,130,49,54"/><T38/><D38/><U5/><E37/><V14/><F34/><W123/><G112/><T102/><D108/><U33/><E135/><V131/><F134/><W119/><G130/><T115/><D115/><U74/><E84/><V68/><F68/><W59/><G13/><T76/><D76/><U129/><E129/><V118/><F131/><W15/><G15/><T6/><D6/><U58/><REACH who="1" step="1"/><E45/><REACH who="1" ten="256,237,299,198" step="2"/><V12/><F111/><W80/><G80/><T56/><D97/><U24/><E24/><V11/><F110/><W23/><G36/><T88/><D25/><U9/><AGARI ba="0,1" hai="1,5,9,26,31,33,48,50,52,58,60,73,74,75" machi="9" ten="40,5200,0" yaku="1,1,0,1,54,1,53,0" doraHai="113" doraHaiUra="61" who="1" fromWho="1" sc="256,-26,237,62,299,-13,198,-13" /><INIT seed="5,0,0,2,3,21" ten="230,299,286,185" oya="1" hai0="68,70,131,17,15,114,129,69,126,82,108,120,12" hai1="11,65,14,35,121,16,99,56,18,111,10,128,28" hai2="116,63,107,94,130,23,61,55,134,132,89,30,2" hai3="19,100,42,9,81,51,13,109,85,97,80,49,71"/><U44/><E121/><V36/><F116/><W60/><G109/><T110/><D114/><U103/><E111/><N who="0" m="42537" /><D120/><U54/><E128/><N who="0" m="49225" /><D126/><U83/><E83/><V112/><F130/><W26/><G42/><T124/><D124/><U87/><E87/><V118/><F118/><W106/><G81/><T127/><D127/><U78/><E78/><V73/><F73/><W135/><G135/><N who="2" m="51753" /><F2/><W5/><G71/><T58/><D58/><U95/><E44/><V101/><F36/><W40/><G60/><T102/><D102/><U57/><E28/><V0/><F0/><W104/><G104/><T45/><D45/><U7/><E35/><V98/><F55/><W119/><G119/><T46/><D46/><U27/><E27/><N who="2" m="16767" /><F112/><W33/><G40/><T72/><D17/><U59/><E65/><V67/><F67/><W96/><G96/><AGARI ba="0,0" hai="61,63,89,94,96,98,101,107" m="16767,51753" machi="96" ten="30,2000,0" yaku="20,1,52,1" doraHai="21" who="2" fromWho="3" sc="230,0,299,0,286,20,185,-20" owari="230,-17.0,299,9.9,306,40.6,165,-33.5" /></mjloggm>