<mjloggm ver="2.3"><GO type="225" lobby="0"/><UN n0="%77%72%77%72%77%72%77%72" n1="%E4%BF%BA%E3%81%A8%E5%A6%96%E5%A4%A2" n2="%E6%9C%88%E5%B3%B6%E5%9F%BA" n3="%E6%98%93%E5%88%A9%E8%96%A9%E4%BC%AF" dan="17,16,16,17" rate="2152.87,2116.88,2149.10,2161.92" sx="M,F,M,F"/><TAIKYOKU oya="0"/><INIT seed="0,0,0,2,4,22" ten="250,250,250,250" oya="0" hai0="107,2,129,81,12,132,31,131,15,91,42,70,68" hai1="24,59,26,71,28,110,126,123,57,100,64,108,103" hai2="105,66,122,38,133,93,119,29,43,40,88,120,16" hai3="14,56,125,72,27,21,92,67,94,118,52,19,25"/><T55/><D2/><U82/><E123/><V128/><F105/><W41/><G118/><T111/><D107/><U76/><E126/><V6/><F119/><W106/><G106/><T74/><D42/><U104/><E71/><V50/><F38/><W113/><G113/><T117/><D117/><U9/><E9/><V96/><F6/><W60/><G72/><T35/><D132/><U44/><E44/><V20/><F133/><W75/><G75/><T101/><D101/><N who="1" m="38987" /><E104/><V17/><F128/><N who="0" m="49226" /><D111/><N who="1" m="42539" /><E64/><V53/><F66/><W124/><G41/><N who="2" m="15945" /><F122/><W54/><G125/><T99/><D55/><N who="3" m="21033" /><G124/><T45/><D45/><U89/><E89/><V34/><F34/><W62/><G62/><T48/><D48/><U109/><N who="1" m="42547" /><U23/><DORA hai="37" /><E26/><AGARI ba="0,0" hai="14,19,21,25,26,27,56,60,67,92,94" m="21033" machi="26" ten="30,8000,1" yaku="8,1,52,3,54,1" doraHai="22,37" who="3" fromWho="1" sc="250,0,250,-80,250,0,250,80" /><INIT seed="1,0,0,4,4,21" ten="250,170,250,330" oya="1" hai0="108,51,124,20,89,92,15,52,79,130,1,44,68" hai1="38,112,90,82,101,49,60,35,76,37,30,46,43" hai2="54,19,94,17,99,127,70,114,80,53,111,113,81" hai3="118,85,5,25,7,69,18,12,4,50,58,57,104"/><U10/><E112/><N who="2" m="43115" /><F70/><W66/><G104/><T74/><D1/><U95/><E101/><N who="2" m="60663" /><F111/><W133/><G133/><T103/><D108/><U11/><E60/><V34/><F34/><W91/><G118/><T123/><D123/><U116/><E116/><V132/><F132/><W125/><G125/><T13/><D124/><U22/><E35/><V115/><F127/><W41/><G69/><T119/><D119/><U126/><E126/><V129/><F129/><W128/><G128/><T62/><D130/><U78/><E37/><V0/><F0/><W121/><G121/><T96/><D89/><U87/><E38/><V59/><F54/><W28/><G66/><T40/><D20/><U122/><E122/><V6/><F6/><W32/><G41/><T135/><D135/><U31/><E76/><V65/><F65/><W33/><G33/><T14/><D68/><U71/><E71/><V72/><F72/><W63/><G50/><T55/><REACH who="0" step="1"/><D62/><REACH who="0" ten="240,170,250,330" step="2"/><U134/><E134/><V102/><F115/><W98/><G63/><T83/><AGARI ba="0,1" hai="13,14,15,40,44,51,52,55,74,79,83,92,96,103" machi="83" ten="30,7900,0" yaku="1,1,2,1,0,1,54,1,53,0" doraHai="21" doraHaiUra="84" who="0" fromWho="0" sc="240,89,170,-39,250,-20,330,-20" /><INIT seed="2,0,0,2,3,70" ten="329,131,230,310" oya="2" hai0="121,102,84,49,61,6,103,110,73,129,30,86,23" hai1="11,72,90,133,41,56,88,54,127,117,52,97,21" hai2="22,115,68,18,15,109,122,55,26,48,31,24,78" hai3="111,79,29,118,37,3,126,16,89,108,64,120,80"/><V44/><F115/><W57/><G3/><T99/><D121/><U0/><E117/><V100/><F122/><W101/><G118/><T35/><D73/><U27/><E72/><V12/><F68/><W43/><G29/><T8/><D35/><U83/><E133/><V134/><F134/><W69/><G69/><T63/><D110/><N who="3" m="42025" /><G101/><N who="0" m="38411" /><D99/><U81/><E127/><V130/><F130/><W25/><G120/><T104/><D104/><U17/><E41/><V112/><F112/><W71/><G71/><T39/><D39/><U106/><E106/><V9/><F109/><W124/><G89/><N who="1" m="34410" /><E0/><V4/><F100/><W50/><G37/><T93/><D93/><U42/><E42/><V107/><F107/><W45/><G80/><N who="1" m="30794" /><E97/><V128/><F128/><W95/><G95/><T62/><D129/><U38/><E38/><V67/><F78/><W76/><G79/><T40/><D40/><U96/><E96/><V87/><F87/><W2/><G76/><T19/><D86/><U85/><E85/><V132/><F132/><W113/><G2/><T47/><D84/><U33/><E33/><V94/><F94/><W91/><G91/><T77/><D77/><U36/><E36/><V14/><REACH who="2" step="1"/><F67/><REACH who="2" ten="329,131,220,310" step="2"/><W51/><G113/><T123/><D123/><U34/><E34/><AGARI ba="0,1" hai="4,9,12,14,15,18,22,24,26,31,34,44,48,55" machi="34" ten="30,5800,0" yaku="1,1,2,1,7,1,53,0" doraHai="70" doraHaiUra="60" who="2" fromWho="1" sc="329,0,131,-58,220,68,310,0" /><INIT seed="2,1,0,3,2,43" ten="329,73,288,310" oya="2" hai0="116,16,91,31,78,46,7,15,115,108,38,26,83" hai1="13,2,17,132,110,125,50,131,27,35,82,56,1" hai2="39,40,102,53,130,98,23,76,60,69,87,122,84" hai3="64,93,117,114,106,96,127,124,73,112,6,75,30"/><V51/><F122/><W103/><G30/><T42/><D115/><N who="3" m="44073" /><G6/><T113/><D113/><U33/><E56/><V47/><F130/><W37/><G37/><T109/><D7/><U44/><E131/><V119/><F119/><W25/><G25/><T29/><D91/><U54/><E110/><N who="0" m="42601" /><D26/><U97/><E132/><V79/><F23/><W49/><G64/><T111/><D116/><U63/><E125/><N who="3" m="48202" /><G117/><T68/><D68/><U101/><E63/><V104/><F79/><W0/><G0/><T55/><D55/><U105/><E82/><V24/><F76/><W36/><G36/><T92/><D92/><U3/><REACH who="1" step="1"/><E27/><REACH who="1" ten="329,63,288,310" step="2"/><V41/><F24/><W88/><G49/><T52/><D111/><U65/><E65/><V126/><F126/><W10/><G10/><AGARI ba="1,1" hai="1,2,3,10,13,17,33,35,44,50,54,97,101,105" machi="10" ten="40,5200,0" yaku="1,1,52,1,53,1" doraHai="43" doraHaiUra="94" who="1" fromWho="3" sc="329,0,63,65,288,0,310,-55" /><INIT seed="3,0,0,1,3,56" ten="329,128,288,255" oya="3" hai0="24,80,117,45,22,87,126,66,48,19,70,69,107" hai1="98,12,55,133,11,64,47,134,74,109,0,38,27" hai2="39,120,124,131,44,115,51,20,58,30,5,73,86" hai3="78,2,71,34,114,113,17,1,104,6,61,128,122"/><W14/><G122/><T16/><D117/><U125/><E74/><V35/><F115/><W36/><G34/><T3/><D3/><U121/><E0/><V92/><F73/><W100/><G36/><T130/><D107/><U21/><E121/><V82/><F35/><W62/><G78/><T112/><D112/><U18/><E109/><V118/><F118/><W8/><G128/><T129/><D19/><U9/><E125/><V63/><F39/><W50/><G2/><T102/><D102/><U23/><E98/><V41/><F131/><N who="0" m="50186" /><D66/><U103/><E103/><V31/><F124/><W91/><G91/><N who="0" m="51687" /><D126/><U68/><E133/><V97/><F5/><W127/><G127/><T10/><D10/><U60/><E134/><V132/><F120/><W105/><G50/><T4/><D4/><U67/><E67/><V99/><F132/><W42/><G42/><AGARI ba="0,0" hai="16,22,24,42,45,48,69,70" m="51687,50186" machi="42" ten="30,2000,0" yaku="19,1,54,1" doraHai="56" who="0" fromWho="3" sc="329,20,128,0,288,0,255,-20" owari="349,44.9,128,-37.2,288,8.8,235,-16.5" /></mjloggm>