<mjloggm ver="2.3"><GO type="225" lobby="0"/><UN n0="%E3%81%A1%E3%82%83%E3%81%93%E3%81%93" n1="%E6%A1%9C%E8%8A%B1%E9%96%83%E3%80%85" n2="%E3%83%A9%E3%83%BC%E3%83%A1%E3%83%B3%E4%BA%94%E9%83%8E" n3="%E3%82%8F%E3%81%8B%E3%81%B0%2A%E3%82%AC%E3%83%BC%E3%83%AB" dan="16,17,16,16" rate="2151.08,2201.60,2166.02,2064.12" sx="F,M,M,M"/><TAIKYOKU oya="0"/><INIT seed="0,0,0,4,2,58" ten="250,250,250,250" oya="0" hai0="0,55,104,131,103,101,71,47,50,106,28,113,98" hai1="33,27,85,26,63,124,92,122,2,88,11,108,109" hai2="32,134,128,20,93,7,9,16,46,14,35,82,66" hai3="34,52,110,81,42,87,22,18,132,10,116,76,121"/><T15/><D0/><U127/><E122/><V17/><F128/><W89/><G116/><T107/><D113/><U43/><E43/><V115/><F115/><W1/><G121/><T125/><D131/><U23/><E33/><V38/><F134/><W77/><G34/><T79/><D125/><N who="1" m="48203" /><E2/><V39/><F17/><W67/><G42/><T30/><D79/><U3/><E3/><V12/><F93/><W100/><G100/><T135/><D135/><U8/><E27/><V114/><F114/><W25/><G132/><T118/><D118/><U61/><E8/><V83/><F66/><W51/><G67/><T44/><D71/><U74/><E11/><V120/><F120/><W21/><G21/><T91/><D15/><U13/><E13/><V72/><F35/><W130/><G110/><N who="1" m="42602" /><E74/><V62/><F32/><W84/><G130/><T94/><REACH who="0" step="1"/><D44/><REACH who="0" ten="240,250,250,250" step="2"/><U53/><E53/><V99/><F46/><N who="3" m="27767" /><G1/><T86/><D86/><U133/><E133/><V40/><F14/><N who="3" m="7511" /><G87/><T75/><D75/><U57/><E57/><V90/><F72/><W48/><G48/><T102/><AGARI ba="0,1" hai="28,30,47,50,55,91,94,98,101,102,103,104,106,107" machi="102" ten="40,3900,0" yaku="1,1,0,1,53,0" doraHai="58" doraHaiUra="105" who="0" fromWho="0" sc="240,49,250,-13,250,-13,250,-13" /><INIT seed="0,1,0,1,3,48" ten="289,237,237,237" oya="0" hai0="44,90,22,11,63,121,62,54,19,12,133,20,56" hai1="104,68,72,65,24,50,16,5,9,84,64,37,18" hai2="58,3,79,113,101,93,41,33,26,27,0,7,21" hai3="108,94,124,126,69,67,115,4,47,2,52,116,75"/><T60/><D121/><U110/><E72/><V82/><F113/><W51/><G115/><T53/><D133/><U83/><E37/><V38/><F33/><W55/><G116/><T95/><D44/><U123/><E123/><V125/><F125/><N who="3" m="48235" /><G75/><T85/><D56/><U49/><E104/><V14/><F27/><W117/><G117/><T30/><D20/><U103/><E103/><V61/><F14/><W40/><G108/><T10/><D30/><U31/><E50/><V74/><F7/><W92/><G67/><T96/><D96/><U59/><E68/><V135/><F135/><W127/><G69/><T107/><D107/><U109/><E64/><V86/><F41/><W1/><G127/><T77/><D77/><U119/><E119/><V57/><F38/><W43/><G40/><T100/><REACH who="0" step="1"/><D100/><REACH who="0" ten="279,237,237,237" step="2"/><U128/><E110/><V15/><F58/><W42/><G42/><T130/><D130/><U8/><E128/><V80/><F101/><W25/><G25/><T23/><D23/><U71/><E109/><V34/><F21/><W120/><G120/><T88/><D88/><U45/><E24/><V105/><F26/><W129/><G129/><T106/><D106/><U36/><E59/><V76/><F105/><W46/><G46/><T87/><D87/><U78/><E45/><V111/><F111/><W35/><G35/><T134/><D134/><U89/><E71/><V81/><F34/><W70/><G70/><T17/><D17/><U114/><E16/><V102/><F86/><W6/><G43/><T39/><D39/><U118/><E118/><V132/><F132/><RYUUKYOKU ba="1,1" sc="279,30,237,-10,237,-10,237,-10" hai0="10,11,12,19,22,53,54,60,62,63,85,90,95" /><INIT seed="0,2,1,4,2,2" ten="309,227,227,227" oya="0" hai0="28,120,110,58,5,54,131,59,24,60,75,107,92" hai1="14,89,8,18,125,70,50,91,112,43,9,36,6" hai2="29,20,119,55,64,95,65,68,86,66,62,105,106" hai3="45,26,104,84,134,27,76,72,10,3,122,103,69"/><T57/><D120/><U81/><E36/><V31/><F119/><W74/><G122/><T1/><D107/><U23/><E125/><V101/><F68/><W35/><G69/><T90/><D131/><U44/><E112/><V15/><F106/><W83/><G134/><T128/><D75/><U132/><E132/><V114/><F105/><W4/><G45/><T94/><D94/><U71/><E9/><V124/><F124/><W78/><G35/><T53/><D110/><U52/><E43/><V33/><F33/><W40/><G40/><T0/><D59/><U118/><E118/><V82/><F114/><W102/><G84/><T115/><D128/><U96/><E89/><N who="2" m="51415" /><F62/><W49/><G49/><T123/><D123/><U109/><E109/><V38/><F55/><W42/><G42/><T108/><D108/><U17/><E17/><N who="2" m="10303" /><F38/><W111/><G111/><T113/><D115/><U85/><REACH who="1" step="1"/><E96/><AGARI ba="2,1" hai="29,31,64,65,66,95,96,101" m="10303,51415" machi="96" ten="30,1000,0" yaku="8,1" doraHai="2" who="2" fromWho="1" sc="309,0,227,-16,227,26,227,0" /><INIT seed="1,0,0,4,0,104" ten="309,211,253,227" oya="1" hai0="65,81,126,123,55,62,8,132,133,50,54,15,130" hai1="83,13,56,53,122,22,119,98,73,71,7,40,120" hai2="90,80,84,5,49,94,23,59,131,28,37,61,24" hai3="74,79,60,63,3,115,29,46,39,101,82,77,76"/><U135/><E119/><V67/><F131/><W91/><G115/><T124/><D123/><U18/><E71/><V42/><F37/><W43/><G101/><T96/><D96/><U69/><E69/><V6/><REACH who="2" step="1"/><F80/><REACH who="2" ten="309,211,243,227" step="2"/><W52/><G82/><T95/><D81/><U12/><E135/><V33/><F33/><W129/><G129/><T45/><D130/><U72/><E83/><V38/><F38/><W103/><G39/><T26/><D132/><U31/><E40/><V41/><F41/><W107/><G43/><T21/><D133/><U51/><E31/><V75/><F75/><W30/><G74/><T118/><D118/><U117/><E117/><V99/><F99/><W68/><G30/><N who="0" m="17743" /><D126/><U127/><E127/><V100/><F100/><W66/><G103/><T32/><D32/><U86/><E98/><V114/><F114/><W113/><G29/><T108/><D124/><U11/><REACH who="1" step="1"/><E86/><REACH who="1" ten="309,201,243,227" step="2"/><V112/><F112/><W35/><G113/><T4/><D108/><U89/><E89/><V105/><F105/><W2/><G107/><T97/><D97/><U64/><E64/><V92/><F92/><W57/><G35/><T19/><D95/><U125/><E125/><V93/><F93/><W109/><G109/><T34/><D65/><U0/><E0/><V85/><F85/><W27/><G91/><T111/><D111/><U25/><E25/><V9/><F9/><W128/><G128/><T17/><D34/><U121/><AGARI ba="0,2" hai="7,11,12,13,18,22,51,53,56,72,73,120,121,122" machi="121" ten="30,11700,0" yaku="1,1,0,1,52,2,53,0" doraHai="104" doraHaiUra="58" who="1" fromWho="1" sc="309,-39,201,137,243,-39,227,-39" /><INIT seed="1,1,0,1,4,59" ten="270,338,204,188" oya="1" hai0="20,67,80,33,84,91,11,69,68,25,16,36,35" hai1="92,132,19,99,43,10,70,116,97,74,112,1,118" hai2="42,66,32,108,125,0,129,105,60,88,126,87,127" hai3="71,115,65,37,95,117,111,75,79,104,124,85,78"/><U119/><E112/><V64/><F0/><W94/><G37/><T4/><D36/><U128/><E128/><V63/><F129/><W103/><G115/><T121/><D121/><U28/><E132/><V72/><F108/><W93/><G71/><T48/><D48/><U50/><E74/><V30/><F105/><W134/><G65/><N who="2" m="25193" /><F72/><W44/><G44/><T73/><D73/><U39/><E70/><V77/><F77/><W45/><G45/><T22/><D69/><U110/><E50/><V131/><F131/><W120/><G120/><T135/><D135/><U100/><E28/><V86/><F42/><W18/><G18/><T122/><D22/><U26/><E26/><N who="2" m="18519" /><F86/><W5/><G5/><T113/><D113/><U54/><E54/><V40/><F40/><W27/><G134/><T15/><REACH who="0" step="1"/><D122/><REACH who="0" ten="260,338,204,188" step="2"/><U38/><E38/><V123/><F123/><W52/><G75/><T46/><D46/><U82/><E39/><V107/><F107/><W12/><G104/><T102/><D102/><U41/><E100/><V29/><F29/><W17/><G103/><T114/><D114/><U89/><E118/><V53/><F53/><W56/><G117/><T14/><D14/><U6/><E119/><V61/><F60/><AGARI ba="1,1" hai="4,11,15,16,20,25,33,35,60,67,68,80,84,91" machi="60" ten="40,8000,1" yaku="1,1,52,1,54,1,53,1" doraHai="59" doraHaiUra="83" who="0" fromWho="2" sc="260,93,338,0,204,-83,188,0" /><INIT seed="2,0,0,3,5,82" ten="353,338,121,188" oya="2" hai0="30,5,6,24,87,61,115,81,80,27,46,26,57" hai1="45,34,37,92,0,12,135,128,64,71,20,50,102" hai2="132,31,134,93,108,107,123,2,35,9,32,49,127" hai3="74,23,51,129,16,113,19,17,25,29,100,98,62"/><V101/><F123/><W38/><G129/><T42/><D115/><U33/><E0/><V78/><F107/><W70/><G38/><T56/><D30/><U36/><E128/><V112/><F112/><W75/><G113/><T68/><D68/><U72/><E72/><V54/><F127/><W41/><G41/><T55/><D57/><U125/><E20/><V22/><F78/><W110/><G51/><N who="0" m="27095" /><D81/><U89/><E12/><V69/><F69/><W21/><G110/><T97/><D97/><U7/><E34/><V3/><F108/><W91/><G91/><AGARI ba="0,0" hai="5,6,24,26,27,55,56,61,80,87,91" m="27095" machi="91" ten="30,2000,0" yaku="8,1,52,1" doraHai="82" who="0" fromWho="3" sc="353,20,338,0,121,0,188,-20" /><INIT seed="3,0,0,5,2,63" ten="373,338,121,168" oya="3" hai0="98,111,21,127,7,8,34,117,112,3,2,38,103" hai1="90,66,108,82,24,95,30,116,86,133,109,114,72" hai2="123,74,64,113,45,26,85,29,25,67,79,102,22" hai3="83,80,106,93,129,58,28,4,78,96,55,121,17"/><W99/><G121/><T91/><D117/><U77/><E114/><V132/><F113/><W101/><G129/><T53/><D34/><U100/><E116/><V110/><F74/><W68/><G68/><T18/><D38/><U124/><E124/><V69/><F69/><W49/><G4/><T130/><D3/><U115/><E115/><V128/><F128/><W48/><G28/><T13/><D111/><N who="1" m="42571" /><E133/><V105/><F110/><W92/><G106/><T120/><D120/><U62/><E100/><V15/><F123/><W97/><G97/><T89/><D127/><U118/><E62/><V87/><F132/><W23/><G48/><T14/><D2/><U12/><E12/><V54/><F105/><W94/><G78/><T122/><D122/><U1/><E1/><V81/><F102/><W56/><G56/><T88/><D130/><U39/><E39/><V43/><F54/><W76/><G76/><T84/><D53/><U135/><E135/><V10/><F85/><W46/><G46/><T5/><D5/><U134/><E134/><V35/><F35/><W119/><G119/><T31/><D112/><U52/><E52/><V60/><F60/><W65/><G96/><T71/><D71/><U107/><E107/><V32/><F32/><W19/><G99/><T104/><D31/><U61/><E118/><V9/><F26/><W40/><G55/><T75/><D75/><U51/><E51/><N who="2" m="27071" /><F9/><W131/><G101/><T36/><D36/><U0/><E0/><V6/><AGARI ba="0,0" hai="6,10,15,22,25,29,64,67,79,81,87" m="27071" machi="6" ten="30,7900,0" yaku="25,1,8,1,52,2" doraHai="63" who="2" fromWho="2" sc="373,-20,338,-20,121,79,168,-39" owari="353,45.3,318,11.8,200,-20.0,129,-37.1" /></mjloggm>