<mjloggm ver="2.3"><GO type="225" lobby="0"/><UN n0="%E3%83%A9%E3%83%96%E3%83%AC%E3%83%BC" n1="%69%4F%4B%4F%69" n2="%E6%A1%9C%E6%B2%A2%E5%A2%A8" n3="%E5%8D%A0%E3%81%84%E5%B8%AB%E8%A3%8F%E3%81%AA%E3%81%84%E3%81%97" dan="16,16,17,17" rate="2132.50,2142.05,2206.95,2246.49" sx="M,M,F,M"/><TAIKYOKU oya="0"/><INIT seed="0,0,0,1,2,68" ten="250,250,250,250" oya="0" hai0="14,2,89,135,81,31,32,132,7,82,61,109,97" hai1="98,79,8,101,122,22,114,119,106,23,133,13,126" hai2="34,4,84,35,63,53,108,27,50,37,51,18,5" hai3="6,134,120,115,66,91,60,1,64,100,70,111,102"/><T58/><D2/><U16/><E119/><V105/><F105/><W45/><G115/><T15/><D32/><U124/><E122/><V9/><F108/><W86/><G111/><T47/><D31/><U103/><E114/><V33/><F37/><W11/><G134/><N who="0" m="51243" /><D47/><U40/><E133/><V118/><F118/><W46/><G120/><T87/><D97/><U38/><E79/><V107/><F107/><W3/><G3/><T96/><D96/><U77/><E77/><V59/><F4/><W10/><G10/><N who="0" m="4447" /><D15/><U85/><E103/><V131/><F131/><W117/><G117/><T69/><D69/><U121/><E121/><V104/><F104/><W78/><G78/><T41/><D41/><U19/><E85/><V49/><F84/><W65/><G45/><T116/><D116/><U54/><E40/><V25/><REACH who="2" step="1"/><F18/><REACH who="2" ten="250,250,240,250" step="2"/><W99/><G99/><T48/><D109/><U62/><E19/><V71/><F71/><W42/><G70/><T67/><D48/><U123/><E123/><V36/><F36/><W20/><G60/><T76/><D76/><U88/><E38/><V43/><F43/><W75/><G42/><T113/><D113/><U21/><REACH who="1" step="1"/><E88/><REACH who="1" ten="250,240,240,250" step="2"/><V95/><F95/><AGARI ba="0,2" hai="58,61,67,81,82,87,89,95" m="4447,51243" machi="95" ten="30,1500,0" yaku="20,1" doraHai="68" who="0" fromWho="2" sc="250,35,240,0,240,-15,250,0" /><INIT seed="0,1,0,0,0,83" ten="285,240,225,250" oya="0" hai0="63,112,109,36,84,10,113,117,4,33,100,16,90" hai1="1,124,76,24,130,45,75,41,39,56,99,40,94" hai2="116,93,101,38,52,48,35,14,78,122,85,57,82" hai3="26,111,123,97,62,110,55,115,129,23,60,74,121"/><T81/><D36/><U30/><E130/><V132/><F122/><N who="3" m="46603" /><G74/><T21/><D33/><U104/><E104/><V29/><F38/><W59/><G97/><T105/><D117/><U118/><E118/><V53/><F116/><W49/><G129/><T20/><D20/><U64/><E124/><V96/><F132/><W70/><G115/><T7/><D7/><U114/><E114/><V102/><F35/><W3/><G3/><T58/><D100/><U13/><E1/><V2/><F2/><W6/><G6/><T128/><D105/><U98/><E40/><V68/><F68/><W17/><G70/><T19/><D19/><U125/><E125/><V34/><F14/><W134/><G134/><T0/><D128/><U25/><E13/><V77/><F102/><W107/><G107/><T9/><D9/><U69/><E69/><V15/><F15/><W61/><AGARI ba="1,0" hai="17,23,26,49,55,59,60,61,62,110,111" m="46603" machi="61" ten="40,1500,0" yaku="13,1" doraHai="83" who="3" fromWho="3" sc="285,-8,240,-5,225,-5,250,18" /><INIT seed="1,0,0,1,0,20" ten="277,235,220,268" oya="1" hai0="88,117,135,116,110,72,89,34,82,120,50,12,54" hai1="83,2,106,23,41,14,86,124,80,59,1,112,49" hai2="11,10,97,46,79,75,65,69,17,0,18,107,133" hai3="22,47,101,28,15,38,70,100,90,58,31,81,126"/><U3/><E112/><V48/><F133/><W66/><G70/><T119/><D135/><U113/><E113/><V33/><F33/><W27/><G126/><T105/><D105/><U40/><E106/><V43/><F69/><W121/><G121/><T6/><D34/><U99/><E124/><V64/><F75/><W123/><G123/><T73/><D110/><U9/><E99/><V78/><F107/><W25/><G15/><T52/><D120/><U4/><E80/><V94/><F0/><W108/><G108/><T35/><D35/><U42/><E23/><V63/><F10/><W125/><G125/><T16/><D6/><U36/><E36/><V60/><F60/><N who="3" m="38167" /><G47/><N who="0" m="27743" /><D54/><U118/><E118/><V95/><F95/><W134/><G38/><T85/><D89/><U29/><E29/><N who="3" m="11338" /><G22/><T30/><D30/><U19/><E59/><N who="2" m="36991" /><F65/><W13/><G13/><T127/><D127/><U56/><E56/><V87/><F11/><AGARI ba="0,0" hai="11,12,16,72,73,82,85,88,116,117,119" m="27743" machi="11" ten="30,7700,0" yaku="25,1,54,3" doraHai="20" who="0" fromWho="2" sc="277,77,235,0,220,-77,268,0" /><INIT seed="2,0,0,1,1,110" ten="354,235,143,268" oya="2" hai0="41,27,25,28,64,51,59,20,18,88,94,12,39" hai1="104,19,135,122,96,81,103,6,128,113,124,14,36" hai2="17,107,75,84,5,67,129,100,119,62,40,15,74" hai3="30,47,105,97,83,91,121,127,2,106,72,55,73"/><V43/><F119/><W99/><G2/><T71/><D39/><U111/><E36/><V44/><F5/><W57/><G30/><T95/><D71/><U65/><E111/><V52/><F129/><W77/><G47/><N who="0" m="26095" /><D95/><U123/><E6/><V3/><F3/><W115/><G121/><T108/><D108/><U38/><E38/><V0/><F0/><W13/><G13/><T11/><D27/><U85/><E65/><V66/><F74/><N who="3" m="43447" /><G55/><T70/><D70/><U82/><E128/><V78/><F75/><N who="3" m="28747" /><G57/><T102/><D102/><U80/><E124/><V133/><F133/><W79/><G127/><T134/><D134/><U24/><E135/><V101/><F107/><N who="3" m="40971" /><G79/><T16/><D59/><U114/><E24/><V32/><F32/><W8/><G8/><T33/><D33/><U120/><E85/><V37/><F43/><W69/><G69/><T10/><D64/><U48/><E48/><V131/><F131/><W89/><G115/><T98/><D10/><AGARI ba="0,0" hai="10,14,19,80,81,82,96,103,104,113,114,120,122,123" machi="10" ten="50,6400,0" yaku="13,1,52,2" doraHai="110" who="1" fromWho="0" sc="354,-64,235,64,143,0,268,0" /><INIT seed="3,0,0,3,1,22" ten="290,299,143,268" oya="3" hai0="84,44,34,52,12,80,134,122,32,109,16,67,115" hai1="49,42,37,85,43,120,112,65,90,119,87,78,117" hai2="68,2,15,10,21,70,102,118,30,57,23,135,100" hai3="124,89,17,86,97,61,56,98,88,48,77,7,54"/><W105/><G105/><T95/><D122/><U0/><E120/><V81/><F118/><N who="1" m="45065" /><E0/><V108/><F2/><W35/><G124/><T51/><D134/><U9/><E37/><V129/><F135/><W121/><G121/><T130/><D130/><U83/><E112/><V103/><F129/><W40/><G35/><T27/><D109/><U11/><E65/><V55/><F108/><W106/><G7/><T19/><D67/><U123/><E123/><V128/><F128/><W33/><G33/><T4/><D34/><U13/><E49/><V3/><F3/><W133/><G133/><T92/><D32/><U99/><E99/><N who="3" m="37898" /><G106/><T79/><D4/><N who="1" m="3239" /><E11/><V46/><F46/><N who="3" m="25671" /><G17/><T26/><D115/><U29/><E29/><V82/><F68/><W93/><G89/><T50/><D51/><U110/><E110/><V94/><F70/><W5/><G5/><T125/><D125/><U71/><E71/><V59/><F94/><AGARI ba="0,0" hai="42,43,78,83,85,87,90,94" m="3239,45065" machi="94" ten="30,1000,0" yaku="12,1" doraHai="22" who="1" fromWho="2" sc="290,0,299,10,143,-10,268,0" owari="290,9.0,309,40.9,133,-36.7,268,-13.2" /></mjloggm>