<mjloggm ver="2.3"><GO type="225" lobby="0"/><UN n0="%E3%81%B2%E3%81%AA%E3%81%AE%E3%82%8A%E3%81%8F" n1="%E3%83%A9%E3%82%A4%E3%83%B3%E3%81%AE%E8%99%8E" n2="%E6%A1%9C%E8%8A%B1%E9%96%83%E3%80%85" n3="%E3%81%A8%E3%82%89%E3%81%84%E3%81%A1" dan="16,16,16,16" rate="2081.63,2080.70,2121.69,2135.46" sx="M,M,M,M"/><TAIKYOKU oya="0"/><INIT seed="0,0,0,1,0,3" ten="250,250,250,250" oya="0" hai0="110,11,24,129,88,135,118,127,21,105,81,134,124" hai1="53,87,9,60,43,90,46,120,61,10,119,45,95" hai2="94,126,108,77,63,49,69,4,47,103,107,30,73" hai3="55,26,22,38,125,37,99,20,122,51,48,72,41"/><T132/><D118/><U15/><E119/><V65/><F108/><W18/><G72/><T2/><D105/><U74/><E74/><V58/><F126/><N who="0" m="48170" /><D110/><U92/><E120/><V78/><F107/><W75/><G75/><T101/><D101/><U85/><E53/><V52/><F30/><W28/><G125/><T91/><D81/><U93/><E9/><V112/><F112/><W57/><G122/><T68/><D68/><U97/><E87/><V56/><F4/><W116/><G116/><T12/><D2/><U123/><E123/><V76/><REACH who="2" step="1"/><F73/><REACH who="2" ten="250,250,240,250" step="2"/><W0/><G0/><T35/><D35/><U50/><E46/><V6/><F6/><W59/><G99/><AGARI ba="0,1" hai="47,49,52,56,58,63,65,69,76,77,78,94,99,103" machi="99" ten="40,2600,0" yaku="1,1,54,1,53,0" doraHai="3" doraHaiUra="27" who="2" fromWho="3" sc="250,0,250,0,240,36,250,-26" /><INIT seed="1,0,0,0,0,91" ten="250,250,276,224" oya="1" hai0="50,88,1,30,114,111,28,71,104,40,125,39,76" hai1="7,109,96,35,55,73,129,79,9,68,83,135,45" hai2="65,124,97,13,57,44,105,78,134,130,102,116,108" hai3="37,36,24,86,123,63,53,70,5,100,17,103,120"/><U20/><E35/><V52/><F116/><W8/><G37/><T89/><D1/><U77/><E68/><V121/><F121/><W29/><G36/><T74/><D39/><U10/><E129/><V14/><F130/><W46/><G17/><T115/><D71/><U92/><E135/><V131/><F131/><W41/><G41/><T23/><D104/><U82/><E109/><V80/><F108/><W133/><G133/><T117/><D117/><U87/><E20/><V107/><F134/><W127/><G127/><T56/><D111/><U61/><E7/><V128/><F128/><W12/><G86/><T15/><D125/><U0/><E0/><V48/><F107/><W58/><G70/><T69/><D69/><U31/><E31/><V6/><F124/><W112/><G112/><T72/><D23/><U59/><REACH who="1" step="1"/><E45/><REACH who="1" ten="250,240,276,224" step="2"/><V84/><F6/><W16/><G5/><T33/><D33/><U101/><AGARI ba="0,1" hai="9,10,55,59,61,73,77,79,82,83,87,92,96,101" machi="101" ten="20,12000,1" yaku="1,1,2,1,0,1,7,1,52,1,53,0" doraHai="91" doraHaiUra="18" who="1" fromWho="1" sc="250,-40,240,130,276,-40,224,-40" /><INIT seed="1,1,0,5,1,36" ten="210,370,236,184" oya="1" hai0="51,118,16,48,10,133,102,86,73,91,121,92,30" hai1="103,57,45,29,134,15,32,97,74,3,34,115,135" hai2="128,84,71,107,75,47,123,24,132,119,112,58,33" hai3="80,108,26,37,35,95,110,120,113,31,124,61,83"/><U17/><E3/><V18/><RYUUKYOKU type="yao9" ba="1,0" sc="210,0,370,0,236,0,184,0" hai2="18,24,33,47,58,71,75,84,107,112,119,123,128,132" /><INIT seed="1,2,0,4,0,5" ten="210,370,236,184" oya="1" hai0="18,10,38,64,93,46,36,61,63,21,37,20,87" hai1="47,116,120,129,4,51,35,126,3,125,56,83,52" hai2="75,19,122,88,33,95,98,28,128,132,42,27,69" hai3="74,22,80,119,48,44,25,97,114,72,14,92,2"/><U104/><E104/><V24/><F122/><W90/><G114/><T30/><D30/><U111/><E35/><V70/><F132/><W86/><G2/><T106/><D106/><U8/><E116/><V96/><F128/><W66/><G66/><T123/><D123/><U49/><E120/><V62/><F75/><W101/><G119/><T110/><D110/><U40/><E129/><V77/><F77/><W32/><G32/><T91/><D46/><U43/><E111/><V26/><F42/><W50/><G50/><T17/><D63/><U85/><REACH who="1" step="1"/><E43/><REACH who="1" ten="210,360,236,184" step="2"/><V108/><F108/><W60/><G60/><T41/><D41/><U76/><AGARI ba="2,1" hai="3,4,8,40,47,49,51,52,56,76,83,85,125,126" machi="76" ten="30,12000,1" yaku="1,1,2,1,0,1,52,1,54,1,53,0" doraHai="5" doraHaiUra="57" who="1" fromWho="1" sc="210,-42,360,136,236,-42,184,-42" /><INIT seed="1,3,0,4,3,109" ten="168,496,194,142" oya="1" hai0="131,133,47,93,83,41,26,3,8,58,36,0,126" hai1="90,44,54,85,123,105,68,67,12,71,112,15,97" hai2="40,5,129,115,48,31,94,13,30,18,65,56,64" hai3="120,89,75,127,50,95,86,45,91,11,25,107,84"/><U39/><E112/><V49/><F129/><W23/><G120/><T116/><D116/><U73/><E73/><V22/><F115/><W60/><G127/><T32/><D131/><U106/><E123/><V62/><F65/><W103/><G75/><T34/><D126/><U134/><E134/><V6/><F94/><W128/><G128/><T53/><D133/><U17/><E12/><V98/><F98/><W63/><G11/><T79/><D93/><U117/><E117/><V132/><F132/><W55/><G103/><T42/><D42/><U4/><E4/><N who="2" m="1643" /><F40/><W99/><G107/><T66/><D66/><U96/><E96/><V2/><F2/><W113/><G113/><T61/><D8/><U43/><E54/><V20/><F20/><W21/><G21/><T111/><D111/><U14/><E14/><V118/><F118/><W88/><G86/><T114/><D114/><U82/><E67/><V121/><F121/><W81/><REACH who="3" step="1"/><G91/><REACH who="3" ten="168,496,194,132" step="2"/><T74/><D34/><U57/><E106/><V76/><F76/><W10/><G10/><T69/><D69/><U104/><E104/><V19/><F19/><AGARI ba="3,1" hai="19,23,25,45,50,55,60,63,81,84,88,89,95,99" machi="19" ten="30,8000,1" yaku="1,1,7,1,8,1,54,1,53,1" doraHai="109" doraHaiUra="78" who="3" fromWho="2" sc="168,0,496,0,194,-89,132,99" /><INIT seed="2,0,0,0,0,34" ten="168,496,105,231" oya="2" hai0="117,25,102,7,113,16,26,114,5,11,87,108,59" hai1="27,90,55,38,135,133,1,40,107,29,67,30,45" hai2="127,60,20,126,64,128,75,72,19,42,109,62,31" hai3="69,65,24,89,14,35,124,18,106,96,84,110,44"/><V97/><F31/><N who="3" m="19943" /><G44/><T66/><D108/><U115/><E115/><V4/><F128/><W9/><G110/><T33/><D102/><U79/><E107/><V77/><F109/><W13/><G13/><T52/><D66/><U129/><E1/><V37/><F97/><W76/><G76/><T12/><D117/><U17/><E129/><V46/><F4/><W53/><G53/><T85/><D114/><U8/><E79/><V120/><F120/><W10/><G84/><N who="0" m="32331" /><D33/><U47/><E67/><V78/><F78/><W6/><G89/><T125/><D125/><N who="2" m="47626" /><F77/><W56/><G56/><T50/><D113/><U80/><E133/><V43/><F43/><W132/><G132/><T93/><D93/><U15/><E135/><V49/><F37/><W100/><G124/><T105/><D105/><U54/><E54/><V74/><F64/><W118/><G118/><T104/><D104/><U130/><E130/><V73/><N who="2" m="18432" /><DORA hai="71" /><V3/><F3/><W21/><G6/><AGARI ba="0,0" hai="5,6,7,11,12,16,25,26,50,52,59" m="32331" machi="6" ten="30,3900,0" yaku="8,1,54,2" doraHai="34,71" who="0" fromWho="3" sc="168,39,496,0,105,0,231,-39" /><INIT seed="3,0,0,0,0,105" ten="207,496,105,192" oya="3" hai0="33,111,129,52,82,42,124,101,12,50,11,54,5" hai1="108,37,131,67,73,18,92,16,127,125,112,93,13" hai2="94,100,116,15,84,34,118,40,103,1,122,63,126" hai3="74,32,20,44,24,95,31,43,9,121,57,81,134"/><W110/><G121/><T19/><D111/><U64/><E73/><V36/><F1/><W97/><G110/><T132/><D33/><U120/><E108/><V59/><F34/><W86/><G134/><T62/><D132/><U109/><E109/><V85/><F36/><W4/><G57/><T79/><D124/><U115/><E37/><V83/><F40/><W41/><G32/><T117/><D117/><U80/><E80/><V72/><F15/><W35/><G35/><T71/><D42/><U76/><E13/><V49/><F49/><W130/><G130/><T87/><D101/><U22/><E22/><V128/><F128/><W61/><G61/><T58/><D71/><U48/><E48/><V0/><F0/><W107/><G107/><T66/><D129/><U29/><E131/><V45/><F45/><W8/><G74/><T6/><D66/><U75/><E75/><V46/><F46/><AGARI ba="0,0" hai="5,6,11,12,19,46,50,52,54,58,62,79,82,87" machi="46" ten="30,3900,0" yaku="7,1,8,1,54,1" doraHai="105" who="0" fromWho="2" sc="207,39,496,0,105,-39,192,0" owari="246,4.6,496,59.6,66,-43.4,192,-20.8" /></mjloggm>