<mjloggm ver="2.3"><GO type="225" lobby="0"/><UN n0="%E3%83%94%E3%83%B3%E3%82%B5%E3%83%AD%E5%BA%97%E5%93%A1" n1="%EF%BC%AE%EF%BC%A1%EF%BC%AF%33%33%39" n2="%E3%81%A0%E3%81%8A" n3="%E7%99%BD%E5%80%89%E5%AF%9B%E4%B9%8B" dan="17,16,17,16" rate="2181.81,2127.66,2084.77,2173.73" sx="M,M,M,M"/><TAIKYOKU oya="0"/><INIT seed="0,0,0,5,5,90" ten="250,250,250,250" oya="0" hai0="102,68,74,9,16,134,72,69,70,106,8,76,64" hai1="4,99,122,84,85,127,0,131,20,110,123,75,87" hai2="46,88,50,118,57,31,135,45,115,1,108,89,48" hai3="100,83,26,5,44,35,12,111,60,113,97,94,27"/><T53/><D64/><U38/><E4/><V71/><F71/><W129/><G113/><T120/><D120/><U78/><E20/><V95/><F115/><W43/><G111/><T107/><D134/><U23/><E23/><V47/><F1/><W36/><G129/><T114/><D114/><U65/><E65/><V63/><F108/><W24/><G60/><T125/><D53/><U13/><E13/><V109/><F109/><W19/><G5/><T7/><D125/><U25/><E25/><V98/><F135/><W11/><REACH who="3" step="1"/><G83/><REACH who="3" ten="250,250,250,240" step="2"/><T10/><D7/><U3/><E131/><V62/><F63/><W6/><G6/><T2/><D2/><U39/><E110/><V49/><F118/><W34/><AGARI ba="0,1" hai="11,12,19,24,26,27,34,35,36,43,44,94,97,100" machi="34" ten="30,4000,0" yaku="1,1,0,1,52,1,53,0" doraHai="90" doraHaiUra="116" who="3" fromWho="3" sc="250,-20,250,-10,250,-10,240,50" /><INIT seed="1,0,0,1,2,60" ten="230,240,240,290" oya="1" hai0="12,53,130,92,78,45,58,127,98,132,115,55,109" hai1="46,73,112,51,21,83,7,128,26,69,9,17,106" hai2="100,120,61,57,43,91,82,29,52,15,105,68,3" hai3="108,135,81,23,71,88,118,102,40,18,122,116,19"/><U101/><E112/><V89/><F3/><W72/><G122/><T111/><D115/><U2/><E69/><V117/><F117/><N who="3" m="45163" /><G71/><T113/><D113/><U32/><E128/><V10/><F43/><W80/><G108/><N who="0" m="41547" /><D130/><U65/><E101/><V110/><F120/><W121/><G121/><T107/><D132/><U48/><E106/><V47/><F47/><W54/><G135/><T133/><D133/><U20/><E20/><V4/><F82/><W42/><G102/><N who="0" m="62935" /><D127/><U94/><E94/><V35/><F68/><W14/><G54/><T75/><D12/><U67/><E32/><V39/><F39/><W22/><G81/><N who="0" m="45279" /><D58/><U104/><E104/><V41/><F41/><W74/><G42/><T1/><D1/><U28/><E28/><V86/><F86/><N who="3" m="50247" /><G40/><T8/><D45/><U131/><E131/><V87/><F110/><W25/><AGARI ba="0,0" hai="14,18,19,22,23,25,72,74" m="50247,45163" machi="25" ten="30,2000,0" yaku="12,1,54,1" doraHai="60" who="3" fromWho="3" sc="230,-5,240,-10,240,-5,290,20" /><INIT seed="2,0,0,0,4,12" ten="225,230,235,310" oya="2" hai0="60,3,116,21,132,77,107,17,69,2,113,43,11" hai1="7,36,74,90,131,78,72,119,95,68,64,114,34" hai2="79,121,30,103,85,102,115,128,106,59,10,8,98" hai3="97,9,47,129,48,38,126,28,133,120,40,75,26"/><V35/><F121/><W105/><G75/><T117/><D107/><U20/><E34/><V5/><F115/><W96/><G120/><T13/><D113/><U41/><E114/><V22/><F35/><W83/><G83/><T108/><D108/><U123/><E7/><V65/><F103/><W91/><G91/><T50/><D132/><U1/><E1/><V19/><F30/><W33/><G133/><T32/><D32/><U18/><E78/><V56/><F65/><W81/><G81/><T46/><D77/><U14/><E119/><N who="0" m="45641" /><D21/><U122/><E122/><V29/><F22/><W70/><G70/><T67/><AGARI ba="0,0" hai="2,3,11,13,17,43,46,50,60,67,69" m="45641" machi="67" ten="30,2000,0" yaku="12,1,52,1" doraHai="12" who="0" fromWho="0" sc="225,20,230,-5,235,-10,310,-5" /><INIT seed="3,0,0,0,4,49" ten="245,225,225,305" oya="3" hai0="92,93,122,17,76,72,108,68,47,99,7,130,121" hai1="57,32,43,114,16,107,28,29,14,59,66,4,87" hai2="124,101,119,48,75,113,54,31,94,36,102,69,26" hai3="33,103,35,50,61,53,135,1,52,129,84,128,134"/><W132/><G1/><T95/><D68/><U34/><E107/><V56/><F36/><W88/><G103/><T45/><D7/><U74/><E74/><V5/><F113/><W46/><G61/><T64/><D64/><U24/><E114/><V10/><F119/><W22/><G22/><T91/><D17/><U100/><E100/><V41/><F41/><W83/><G53/><T25/><D25/><U9/><E43/><V27/><F75/><W97/><G97/><N who="0" m="57503" /><D47/><U125/><E66/><V12/><F124/><W111/><G111/><T0/><D45/><U90/><E125/><V106/><F106/><W78/><G78/><T126/><D0/><U63/><E63/><V120/><F120/><N who="0" m="46186" /><D126/><U115/><E115/><V133/><F133/><W131/><AGARI ba="0,0" hai="33,35,46,50,52,83,84,88,128,129,131,132,134,135" machi="131" ten="40,18000,2" yaku="0,1,19,1,20,1,52,1,54,2" doraHai="49" who="3" fromWho="3" sc="245,-60,225,-60,225,-60,305,180" owari="185,-1.5,165,-23.5,165,-33.5,485,58.5" /></mjloggm>