<mjloggm ver="2.3"><GO type="225" lobby="0"/><UN n0="%E3%81%8A%E3%81%AB%E3%82%83%E3%81%8A%E3%81%A1%E3%82%83" n1="%E3%81%95%E3%81%8D%E3%81%9F%E3%81%BE%E6%9E%97%E6%AA%8E" n2="%E3%81%8B%E3%82%8F%E3%81%A1%E3%82%83%E3%82%93%35%38" n3="%E7%9A%AE%E3%80%85" dan="16,16,16,16" rate="2097.35,2127.43,2200.78,2170.65" sx="M,M,M,M"/><TAIKYOKU oya="0"/><INIT seed="0,0,0,1,1,128" ten="250,250,250,250" oya="0" hai0="21,106,114,98,62,105,15,65,107,127,11,133,54" hai1="53,51,64,30,130,84,115,117,85,120,82,49,3" hai2="56,113,24,119,74,40,55,110,134,12,36,76,75" hai3="23,78,66,99,4,104,39,0,46,10,92,8,70"/><T16/><BYE who="2" /><D114/><U122/><E115/><V26/><F26/><W33/><G33/><UN n2="%E3%81%8B%E3%82%8F%E3%81%A1%E3%82%83%E3%82%93%35%38" /><T94/><D127/><U116/><E3/><V112/><F75/><W132/><G104/><T77/><D77/><U50/><E30/><V131/><F131/><W121/><G121/><T100/><D54/><U41/><E41/><V60/><F119/><W14/><G78/><T118/><D118/><N who="1" m="45675" /><E53/><V123/><F123/><N who="1" m="47145" /><E64/><V19/><F24/><W87/><G87/><N who="1" m="33354" /><E82/><V61/><F55/><W67/><G23/><T83/><D83/><U69/><E69/><V135/><F76/><W108/><G70/><T32/><D32/><U34/><E34/><V6/><F40/><W59/><G59/><T18/><D133/><U103/><E103/><V28/><F28/><W52/><G132/><T29/><D29/><U129/><AGARI ba="0,0" hai="49,50,51,129,130" m="33354,47145,45675" machi="129" ten="40,2700,0" yaku="28,2" doraHai="128" who="1" fromWho="1" sc="250,-13,250,27,250,-7,250,-7" /><INIT seed="1,0,0,2,5,119" ten="237,277,243,243" oya="1" hai0="80,133,3,69,124,21,82,53,6,7,57,66,67" hai1="46,93,50,44,103,37,63,59,77,91,100,38,107" hai2="89,109,61,10,49,108,70,64,1,102,19,132,58" hai3="9,110,40,15,122,83,31,29,62,26,128,11,97"/><U48/><E77/><V117/><F117/><W86/><G122/><T13/><D3/><U105/><E63/><V99/><F89/><W92/><G110/><N who="2" m="42601" /><F132/><W115/><G115/><T27/><D69/><U81/><E59/><V121/><F121/><W51/><G128/><T60/><D133/><U14/><E14/><N who="2" m="7639" /><F1/><W114/><G114/><T118/><D118/><U98/><E81/><N who="0" m="31337" /><D124/><U2/><E2/><V120/><F120/><W95/><G62/><T126/><D126/><U79/><E79/><V55/><F99/><W134/><G134/><T112/><D112/><U35/><E98/><V129/><F102/><W76/><G95/><T106/><D106/><U94/><REACH who="1" step="1"/><E91/><REACH who="1" ten="237,267,243,243" step="2"/><V116/><F116/><W75/><G75/><T54/><D67/><U41/><E41/><V30/><F129/><W32/><G40/><T34/><D13/><U25/><E25/><V47/><F58/><W88/><G15/><T104/><D104/><U131/><E131/><V85/><F85/><W78/><G78/><T17/><D34/><AGARI ba="0,1" hai="34,35,37,38,44,46,48,50,93,94,100,103,105,107" machi="34" ten="25,4800,0" yaku="1,1,22,2,53,0" doraHai="119" doraHaiUra="84" who="1" fromWho="0" sc="237,-48,267,58,243,0,243,0" /><INIT seed="1,1,0,5,1,65" ten="189,325,243,243" oya="1" hai0="18,28,56,48,23,57,47,64,82,104,92,107,32" hai1="94,45,49,44,123,12,2,20,36,50,53,67,46" hai2="41,43,105,100,86,119,17,0,15,66,83,14,72" hai3="42,120,96,30,130,109,4,103,25,99,8,73,108"/><U79/><E123/><V129/><F0/><W34/><G73/><T52/><D32/><U58/><E2/><V89/><F119/><W80/><G120/><T63/><D28/><U6/><E36/><V90/><F129/><W62/><G130/><T122/><D122/><U27/><E79/><V22/><F72/><W102/><G42/><N who="2" m="15881" /><F105/><N who="3" m="63687" /><G80/><T132/><D132/><U131/><E131/><V95/><F66/><W16/><G16/><T26/><D82/><U76/><E76/><V60/><F60/><W33/><G33/><T98/><REACH who="0" step="1"/><D47/><REACH who="0" ten="179,325,243,243" step="2"/><U19/><E46/><V114/><F114/><W54/><G109/><T69/><D69/><U84/><E45/><V133/><F133/><W134/><G108/><T31/><D31/><U55/><E44/><V85/><F100/><AGARI ba="1,1" hai="18,23,26,48,52,56,57,63,64,92,98,100,104,107" machi="100" ten="30,3900,0" yaku="1,1,7,1,54,1,53,0" doraHai="65" doraHaiUra="78" who="0" fromWho="2" sc="179,52,325,0,243,-42,243,0" /><INIT seed="2,0,0,5,2,4" ten="231,325,201,243" oya="2" hai0="79,123,86,103,115,94,120,122,30,88,45,77,20" hai1="92,85,17,114,64,40,108,5,0,24,90,54,69" hai2="110,23,53,97,66,19,98,48,68,57,70,96,38" hai3="67,18,44,36,26,61,76,127,133,124,27,13,126"/><V62/><F38/><W93/><G133/><T6/><D45/><U39/><E108/><V111/><REACH who="2" step="1"/><F68/><REACH who="2" ten="231,325,191,243" step="2"/><W104/><G36/><T116/><D116/><U109/><E69/><V132/><F132/><W22/><G127/><T113/><D115/><U78/><E39/><V71/><F71/><W32/><G126/><T33/><D113/><U135/><E114/><V101/><F101/><W82/><G124/><T34/><D103/><U31/><E135/><V89/><F89/><W102/><G102/><T95/><D122/><U91/><E90/><V55/><F55/><W25/><G67/><T28/><D88/><U80/><E54/><V1/><F1/><W29/><G76/><T119/><D119/><U52/><E0/><V41/><F41/><W130/><G130/><T107/><D123/><U11/><E52/><V35/><F35/><W49/><G32/><T73/><D120/><U134/><E40/><V12/><AGARI ba="0,1" hai="12,19,23,48,53,57,62,66,70,96,97,98,110,111" machi="12" ten="30,3000,0" yaku="1,1,0,1,53,0" doraHai="4" doraHaiUra="117" who="2" fromWho="2" sc="231,-10,325,-10,191,40,243,-10" /><INIT seed="2,1,0,5,2,130" ten="221,315,231,233" oya="2" hai0="43,47,90,4,61,96,53,59,79,110,14,51,107" hai1="10,2,21,68,129,87,117,133,60,65,109,7,12" hai2="91,9,93,58,84,85,124,73,122,115,48,64,41" hai3="97,126,132,83,95,112,66,77,121,120,39,24,40"/><V118/><F118/><W81/><G126/><T27/><D110/><U5/><E109/><V94/><F115/><W119/><G119/><T114/><D114/><U86/><E117/><V36/><F122/><W45/><G112/><T67/><D79/><U108/><E108/><V15/><F73/><W33/><G66/><T50/><D27/><U17/><E129/><V101/><F36/><W104/><G104/><T0/><D0/><U131/><E131/><V13/><F124/><W22/><G33/><T123/><D123/><U49/><E133/><V44/><F101/><W55/><G55/><T19/><D107/><U134/><E134/><V18/><F15/><W80/><G77/><T34/><D34/><U75/><E75/><V76/><F76/><W89/><REACH who="3" step="1"/><G132/><REACH who="3" ten="221,315,231,223" step="2"/><T92/><D4/><U69/><E65/><V106/><F106/><W16/><AGARI ba="1,1" hai="16,22,24,39,40,45,80,81,83,89,95,97,120,121" machi="16" ten="30,12000,2" yaku="1,1,2,1,0,1,54,1,53,3" doraHai="130" doraHaiUra="78" who="3" fromWho="3" sc="221,-31,315,-31,231,-61,223,133" /><INIT seed="3,0,0,2,2,28" ten="190,284,170,356" oya="3" hai0="74,30,133,64,53,113,4,128,119,107,130,99,87" hai1="26,100,93,2,75,38,125,101,65,98,70,110,48" hai2="76,96,34,8,51,11,124,10,80,35,109,42,20" hai3="103,123,36,104,92,131,115,135,97,68,86,127,108"/><W21/><RYUUKYOKU type="yao9" ba="0,0" sc="190,0,284,0,170,0,356,0" hai3="21,36,68,86,92,97,103,104,108,115,123,127,131,135" /><INIT seed="3,1,0,0,3,69" ten="190,284,170,356" oya="3" hai0="61,7,86,40,89,78,127,38,128,110,105,66,41" hai1="13,47,36,88,18,82,60,90,55,70,130,23,118" hai2="131,74,111,2,32,119,16,12,96,62,45,26,31" hai3="35,28,6,37,107,95,25,72,53,104,84,11,51"/><W126/><G72/><T124/><D105/><U10/><E130/><V67/><F119/><W98/><G37/><T114/><D78/><U123/><E118/><V129/><F111/><W87/><G126/><N who="0" m="48171" /><D110/><U134/><E134/><V97/><F2/><W22/><G35/><T85/><D128/><N who="2" m="49226" /><F45/><N who="3" m="27887" /><G107/><T99/><D114/><U17/><E123/><V71/><F74/><W117/><G104/><T3/><D99/><U75/><E70/><V120/><F120/><W68/><G117/><T56/><D86/><U39/><E75/><V33/><F33/><W34/><G34/><T59/><D38/><N who="1" m="14379" /><E90/><V76/><F76/><W15/><G68/><T54/><D7/><U133/><E133/><V21/><AGARI ba="1,0" hai="12,16,21,26,31,32,62,67,71,96,97" m="49226" machi="21" ten="30,2000,0" yaku="19,1,54,1" doraHai="69" who="2" fromWho="2" sc="190,-6,284,-6,170,23,356,-11" owari="184,-31.6,278,7.8,193,-20.7,345,44.5" /></mjloggm>