<mjloggm ver="2.3"><GO type="225" lobby="0"/><UN n0="%E3%83%A9%E3%82%A4%E3%83%B3%E3%81%AE%E8%99%8E" n1="%72%69%6F%75%63%68%61%6E" n2="%E7%87%90%2E%2E" n3="%4B%2E%32%2E%4B%2E" dan="16,16,16,17" rate="2138.95,2164.06,2131.00,2170.30" sx="M,M,M,M"/><TAIKYOKU oya="0"/><INIT seed="0,0,0,1,3,85" ten="250,250,250,250" oya="0" hai0="123,93,118,60,23,86,65,90,74,128,121,114,4" hai1="122,16,26,129,27,107,31,50,105,5,13,135,51" hai2="52,75,21,111,53,35,124,47,20,94,36,28,15" hai3="40,99,133,100,25,72,44,97,6,119,7,18,8"/><T66/><D114/><U127/><E122/><V42/><F75/><W63/><G119/><T1/><D118/><U70/><E129/><V29/><F124/><W14/><G72/><T89/><D74/><U115/><E127/><V11/><F111/><W103/><G133/><T22/><D128/><U95/><E135/><V79/><F79/><W56/><G99/><T54/><D1/><U58/><E70/><V46/><F94/><W104/><G25/><T3/><D3/><U64/><E115/><V88/><F35/><W10/><G10/><T38/><D38/><U69/><E5/><V116/><F116/><W92/><G103/><T134/><D134/><U30/><E69/><V41/><F36/><W43/><G104/><T2/><D2/><U76/><E76/><V12/><F11/><W77/><G77/><T55/><D60/><N who="1" m="37911" /><E107/><V49/><F49/><N who="1" m="18441" /><E105/><V73/><F73/><W39/><REACH who="3" step="1"/><G43/><REACH who="3" ten="250,250,250,240" step="2"/><T59/><D121/><U9/><E26/><V101/><F101/><W125/><G125/><T84/><D123/><U102/><E27/><V96/><F96/><AGARI ba="0,1" hai="9,13,16,30,31,95,96,102" m="18441,37911" machi="96" ten="30,2000,0" yaku="8,1,54,1" doraHai="85" who="1" fromWho="2" sc="250,0,250,30,250,-20,240,0" /><INIT seed="1,0,0,1,5,12" ten="250,280,230,240" oya="1" hai0="30,129,78,53,58,109,65,119,98,1,31,134,62" hai1="126,128,110,90,103,66,127,88,35,15,47,122,75" hai2="99,21,40,9,4,41,26,28,54,123,3,114,121" hai3="64,24,87,124,69,25,92,13,120,38,84,81,29"/><U72/><E122/><V76/><F114/><W56/><G120/><T83/><D119/><U52/><E35/><V36/><F121/><W82/><G69/><T102/><D1/><U101/><E128/><V86/><F123/><W73/><G38/><T2/><D2/><U107/><E110/><V10/><F36/><W115/><G115/><T106/><D109/><U63/><E72/><V131/><F131/><W132/><G73/><T22/><D129/><U71/><E75/><V17/><F99/><W133/><G124/><N who="1" m="47658" /><E15/><V79/><F54/><W7/><G56/><T113/><D113/><U43/><E52/><V23/><F10/><W94/><G64/><T108/><D108/><U49/><E107/><V0/><F0/><W34/><G13/><T48/><D134/><U112/><E112/><V91/><F41/><W135/><G7/><T74/><REACH who="0" step="1"/><D22/><REACH who="0" ten="240,280,230,240" step="2"/><U67/><E66/><V111/><F111/><W50/><G135/><T19/><D19/><U51/><E67/><V70/><F70/><AGARI ba="0,1" hai="30,31,48,53,58,62,65,70,74,78,83,98,102,106" machi="70" ten="30,3900,0" yaku="1,1,7,1,53,1" doraHai="12" doraHaiUra="55" who="0" fromWho="2" sc="240,49,280,0,230,-39,240,0" /><INIT seed="2,0,0,5,3,46" ten="289,280,191,240" oya="2" hai0="47,70,110,114,118,4,62,36,44,22,40,80,122" hai1="113,41,10,3,98,66,89,123,69,82,25,130,5" hai2="33,54,23,60,19,31,129,100,120,29,116,15,106" hai3="88,127,121,111,92,87,20,52,74,134,34,2,0"/><V28/><F120/><W73/><G121/><T35/><D122/><U109/><E123/><RYUUKYOKU type="kaze4" ba="0,0" sc="289,0,280,0,191,0,240,0" /><INIT seed="2,1,0,0,3,46" ten="289,280,191,240" oya="2" hai0="91,109,53,133,23,97,95,35,127,81,3,39,134" hai1="69,17,33,115,55,10,119,31,19,122,92,36,4" hai2="83,52,78,99,88,9,84,71,38,76,42,65,43" hai3="80,27,60,113,103,51,72,15,130,32,85,58,112"/><V114/><F114/><W57/><G72/><T100/><D35/><U26/><E115/><N who="3" m="44106" /><G130/><T135/><D3/><U61/><E119/><V8/><F71/><W116/><G116/><T73/><D39/><U77/><E36/><V14/><F65/><W48/><G103/><T13/><D13/><U94/><E122/><V79/><F38/><W111/><G111/><T30/><D23/><U67/><E77/><V16/><F99/><W56/><G15/><T75/><D30/><U59/><E94/><V66/><F66/><W50/><G27/><T128/><D109/><U70/><E92/><V54/><F9/><W7/><G7/><T120/><D120/><U49/><E70/><V47/><F54/><N who="3" m="33815" /><G32/><T123/><D123/><U5/><E5/><V104/><F104/><W98/><G98/><T44/><D128/><U87/><E87/><V29/><F29/><W93/><G93/><T90/><D75/><U11/><E11/><V41/><F41/><W25/><G25/><T45/><D73/><U108/><E108/><V2/><F2/><AGARI ba="1,0" hai="2,4,10,17,19,26,31,33,49,55,59,61,67,69" machi="2" ten="30,2000,0" yaku="7,1,52,1" doraHai="46" who="1" fromWho="2" sc="289,0,280,23,191,-23,240,0" /><INIT seed="3,0,0,2,5,24" ten="289,303,168,240" oya="3" hai0="1,116,8,89,3,87,103,117,101,18,10,9,95" hai1="108,58,52,28,110,97,68,74,62,132,81,67,17" hai2="112,6,100,7,48,88,56,128,113,124,69,29,33" hai3="119,11,65,53,123,78,125,46,105,20,14,5,64"/><W38/><G119/><T133/><D133/><U63/><E132/><V70/><F100/><W25/><G123/><T44/><D18/><U2/><E2/><V92/><F124/><W93/><G105/><T15/><D15/><U54/><E28/><V115/><F128/><W77/><G125/><T109/><D109/><N who="1" m="42091" /><E17/><V90/><F48/><N who="3" m="28823" /><G93/><T72/><D72/><U82/><E74/><V39/><F56/><W131/><G38/><T80/><D1/><U134/><E134/><V86/><F39/><W22/><G22/><T41/><D3/><U91/><E54/><V104/><F104/><W51/><G131/><T135/><D135/><U43/><E43/><V31/><F33/><W49/><G49/><N who="0" m="26767" /><D117/><U111/><E111/><V126/><F126/><W45/><G78/><N who="0" m="46487" /><D116/><U50/><E50/><V66/><F66/><W84/><G84/><AGARI ba="0,0" hai="8,9,10,84,89,95,101,103" m="46487,26767" machi="84" ten="30,1000,0" yaku="8,1" doraHai="24" who="0" fromWho="3" sc="289,10,303,0,168,0,240,-10" owari="299,9.9,303,40.3,168,-33.2,230,-17.0" /></mjloggm>