<mjloggm ver="2.3"><GO type="225" lobby="0"/><UN n0="%E5%91%A8%E6%9D%B1" n1="%E6%B4%BE%E9%81%A3%E3%81%AE%E3%82%B8%E3%83%A3%E3%83%83%E3%82%AF" n2="%E5%B8%86%E7%AB%8B%E5%A4%8F%E8%A1%A3" n3="%E3%83%9D%E3%82%B1%E3%83%83%E3%83%88" dan="17,17,17,16" rate="2223.28,2193.00,2165.21,2060.76" sx="M,M,M,M"/><TAIKYOKU oya="0"/><INIT seed="0,0,0,0,3,118" ten="250,250,250,250" oya="0" hai0="2,109,13,77,53,36,21,95,66,83,94,18,78" hai1="89,51,57,15,0,67,93,56,16,52,125,110,91" hai2="82,17,113,104,75,50,69,8,25,134,80,70,43" hai3="74,55,48,127,58,117,81,62,126,73,79,41,86"/><T106/><D106/><U116/><E116/><V98/><F113/><W132/><G117/><T108/><D2/><U133/><E110/><N who="0" m="42601" /><D36/><U130/><E125/><N who="3" m="47626" /><G132/><T105/><D105/><U45/><E133/><V30/><F134/><W24/><G24/><T107/><D107/><U42/><E130/><V131/><F131/><W100/><G100/><T28/><D66/><U11/><E0/><V129/><F129/><W6/><G6/><T44/><D28/><U22/><E11/><V29/><F70/><W12/><G12/><T39/><D78/><U40/><E89/><V65/><F8/><W54/><G41/><N who="1" m="15978" /><E67/><V85/><F65/><W26/><G26/><T71/><D71/><U20/><E20/><V114/><F69/><W9/><G9/><T96/><D96/><AGARI ba="0,0" hai="15,16,22,45,51,52,56,57,91,93,96" m="15978" machi="96" ten="30,3900,0" yaku="8,1,54,2" doraHai="118" who="1" fromWho="0" sc="250,-39,250,39,250,0,250,0" /><INIT seed="1,0,0,4,0,71" ten="211,289,250,250" oya="1" hai0="40,32,100,88,16,49,47,48,86,90,98,65,53" hai1="59,60,50,112,58,6,109,89,102,54,123,24,116" hai2="45,0,46,56,35,55,43,23,134,105,97,30,29" hai3="80,66,42,130,19,104,18,11,13,28,95,9,37"/><U21/><E123/><V124/><F35/><W84/><G104/><T75/><D75/><U94/><E112/><V111/><F0/><W91/><G130/><T4/><D32/><U121/><E121/><V115/><F115/><W118/><G118/><T128/><D128/><U20/><E116/><V39/><F111/><W10/><G28/><T51/><D4/><U119/><E119/><V33/><F33/><W78/><G66/><T127/><D127/><U12/><E109/><V110/><F134/><W63/><G63/><T87/><D65/><U17/><E102/><V77/><F124/><W74/><REACH who="3" step="1"/><G13/><REACH who="3" ten="211,289,250,240" step="2"/><T125/><D125/><U22/><E12/><V76/><F110/><W73/><G73/><T99/><D53/><N who="1" m="32055" /><E6/><V106/><F106/><W7/><G7/><T27/><D16/><U117/><E117/><V107/><F107/><W133/><G133/><T131/><D131/><U126/><E126/><V132/><F132/><W3/><G3/><T103/><D47/><AGARI ba="0,1" hai="9,10,11,18,19,37,42,47,74,78,80,84,91,95" machi="47" ten="40,2600,0" yaku="1,1,52,1,53,0" doraHai="71" doraHaiUra="31" who="3" fromWho="0" sc="211,-26,289,0,250,0,240,36" /><INIT seed="2,0,0,5,5,19" ten="185,289,250,276" oya="2" hai0="98,71,45,91,5,115,0,33,20,119,86,81,72" hai1="114,46,66,58,105,57,41,10,44,85,67,87,76" hai2="92,17,103,107,29,63,124,47,127,23,61,79,56" hai3="120,59,104,80,50,108,75,54,123,6,97,36,12"/><V52/><F107/><W26/><G36/><T102/><D33/><U90/><E105/><V70/><F79/><W35/><G108/><T34/><D34/><U30/><E114/><V21/><F47/><W116/><G116/><T77/><D115/><U48/><E30/><V69/><F29/><W14/><G35/><T83/><D119/><U1/><E1/><V60/><F103/><W51/><G26/><T15/><D71/><N who="2" m="27146" /><F92/><W68/><G68/><T122/><D122/><U39/><E10/><V55/><F17/><W135/><G104/><T125/><D0/><U82/><E44/><V42/><F42/><W78/><G78/><T49/><D125/><N who="2" m="48202" /><F52/><W4/><G54/><T74/><D5/><U110/><E110/><V16/><F16/><W2/><G4/><T99/><D74/><U118/><E118/><V126/><N who="2" m="48210" /><V132/><DORA hai="64" /><F132/><W27/><G75/><T111/><D111/><U121/><E121/><V89/><F89/><W94/><G6/><T31/><D102/><U37/><E58/><V109/><F109/><W101/><G59/><T18/><REACH who="0" step="1"/><D31/><REACH who="0" ten="175,289,250,276" step="2"/><U65/><E57/><V13/><F13/><W32/><G14/><T3/><D3/><U96/><E46/><V112/><F112/><W38/><G2/><T53/><AGARI ba="0,1" hai="15,18,20,45,49,53,72,77,81,83,86,91,98,99" machi="53" ten="20,12000,2" yaku="1,1,0,1,7,1,52,1,53,2" doraHai="19,64" doraHaiUra="95,7" who="0" fromWho="0" sc="175,130,289,-30,250,-60,276,-30" /><INIT seed="3,0,0,1,1,116" ten="305,259,190,246" oya="3" hai0="99,39,112,3,110,90,96,28,38,87,36,133,31" hai1="45,62,57,128,101,58,40,104,0,42,49,131,53" hai2="59,47,69,115,66,33,132,26,126,16,35,10,55" hai3="64,111,4,134,100,30,18,27,94,74,120,52,117"/><W15/><G74/><T105/><D3/><U37/><E101/><V67/><F115/><W11/><G117/><T25/><D112/><U68/><E104/><V119/><F119/><W48/><G134/><T81/><D133/><U24/><E24/><V2/><F132/><W98/><G111/><T73/><D110/><U95/><E95/><V9/><F69/><W102/><G64/><N who="2" m="24617" /><F2/><W80/><G80/><T8/><D73/><U78/><E78/><V89/><F35/><W19/><G102/><T22/><D105/><U91/><E91/><V107/><F33/><W114/><G114/><T129/><D129/><N who="1" m="49739" /><E0/><V83/><F126/><W125/><G120/><T17/><D31/><U7/><E7/><V76/><F76/><W50/><G50/><T135/><D135/><U32/><E32/><V29/><F47/><W103/><G100/><T20/><REACH who="0" step="1"/><D8/><REACH who="0" ten="295,259,190,246" step="2"/><N who="2" m="3178" /><F107/><W113/><G113/><T63/><D63/><N who="1" m="36271" /><E68/><V60/><F29/><W86/><G125/><T71/><D71/><U61/><E61/><V5/><F5/><W92/><G30/><T82/><D82/><U14/><E62/><V97/><F83/><W106/><G106/><T6/><D6/><U23/><E23/><N who="2" m="13671" /><F89/><N who="3" m="53303" /><G27/><AGARI ba="0,1" hai="17,20,22,25,27,28,36,38,39,81,87,90,96,99" machi="27" ten="40,5200,0" yaku="1,1,53,2" doraHai="116" doraHaiUra="21" who="0" fromWho="3" sc="295,62,259,0,190,0,246,-52" owari="357,45.7,259,5.9,190,-31.0,194,-20.6" /></mjloggm>