<mjloggm ver="2.3"><GO type="225" lobby="0"/><UN n0="%E7%89%B9%E6%9D%B1%E3%81%AF%E4%B8%96%E7%95%8C%E3%82%92%E6%95%91%E3%81%86" n1="%43%68%65" n2="%E3%81%BF%E3%81%BF%E3%81%9A" n3="%E3%81%8B%E3%82%8F%E3%81%A1%E3%82%83%E3%82%93%35%38" dan="16,16,18,16" rate="2175.25,2091.55,2250.13,2125.97" sx="M,M,M,M"/><TAIKYOKU oya="0"/><INIT seed="0,0,0,3,5,79" ten="250,250,250,250" oya="0" hai0="5,123,33,58,132,21,100,75,25,59,17,71,68" hai1="97,127,29,24,88,77,106,49,35,115,48,52,114" hai2="26,11,56,34,0,129,2,51,96,104,95,27,20" hai3="43,72,112,37,12,63,119,65,113,3,62,93,61"/><T103/><D123/><U13/><E127/><V30/><F129/><W53/><G3/><T41/><D75/><U118/><E118/><V57/><F104/><W84/><G72/><T9/><D41/><U111/><E111/><V83/><F83/><W7/><G7/><T124/><D124/><U70/><E70/><V64/><F51/><W134/><G12/><T122/><D132/><U87/><E13/><V54/><F64/><W36/><G84/><T46/><D46/><U69/><E69/><V108/><F108/><W107/><G93/><T82/><D82/><N who="1" m="49271" /><E77/><V133/><F133/><W126/><G107/><T47/><D47/><N who="1" m="27679" /><E49/><V4/><F0/><W92/><G126/><T15/><D33/><U128/><E128/><V23/><F54/><W98/><G134/><T99/><D122/><U6/><E6/><V101/><REACH who="2" step="1"/><F34/><REACH who="2" ten="250,250,240,250" step="2"/><W102/><G53/><T31/><D71/><U18/><E106/><V131/><F131/><W80/><G80/><T121/><D68/><U125/><E125/><V135/><F135/><W38/><G43/><T45/><D121/><U76/><E115/><N who="3" m="44106" /><G65/><T89/><D99/><U86/><E114/><V1/><F1/><W19/><G119/><T44/><D89/><U50/><E97/><V105/><F105/><W116/><G116/><T73/><D73/><U28/><E35/><V32/><F32/><W94/><G94/><T16/><D103/><U10/><E50/><V90/><F90/><W8/><G38/><T40/><D100/><U67/><E67/><V85/><F85/><W66/><G66/><T74/><D74/><U42/><E86/><RYUUKYOKU ba="0,1" sc="250,-15,250,-15,240,15,250,15" hai2="2,4,11,20,23,26,27,30,56,57,95,96,101" hai3="8,19,36,37,61,62,63,92,98,102" /><INIT seed="1,1,1,0,5,106" ten="235,235,255,265" oya="1" hai0="64,15,135,123,127,59,113,0,1,36,116,16,52" hai1="82,14,10,2,96,85,73,90,129,23,33,102,58" hai2="41,45,70,48,88,115,101,91,18,13,49,75,103" hai3="97,19,117,95,80,29,89,25,84,32,26,37,112"/><U92/><E33/><V31/><F70/><W86/><G112/><T77/><D113/><U69/><E69/><V35/><F75/><W78/><G37/><T72/><D116/><U94/><E129/><V6/><F115/><W131/><G131/><T51/><D36/><U61/><E2/><V110/><F35/><W128/><G128/><T65/><D135/><U81/><E23/><V130/><F31/><W99/><G117/><T12/><D127/><U55/><REACH who="1" step="1"/><E73/><REACH who="1" ten="235,225,255,265" step="2"/><V67/><F130/><W20/><AGARI ba="1,2" hai="19,20,25,26,29,32,78,80,84,86,89,95,97,99" machi="20" ten="30,1100,0" yaku="0,1" doraHai="106" who="3" fromWho="3" sc="235,-4,225,-6,255,-4,265,34" /><INIT seed="2,0,0,0,3,70" ten="231,219,251,299" oya="2" hai0="79,83,119,45,126,103,102,98,133,78,35,16,82" hai1="52,46,129,110,5,100,69,75,115,106,81,101,2" hai2="18,33,111,112,90,10,95,121,57,84,31,58,116" hai3="104,9,87,20,122,118,66,26,50,30,8,39,12"/><V28/><F112/><W17/><G118/><T65/><D126/><U77/><E115/><V44/><F116/><W113/><G113/><T109/><D119/><U114/><E114/><V108/><F121/><W99/><G122/><T53/><D35/><U124/><E69/><V88/><F44/><W107/><G39/><T51/><D109/><N who="2" m="42058" /><F18/><W60/><G99/><T48/><D133/><U22/><E110/><V85/><F10/><W64/><G64/><T73/><D65/><U11/><E124/><V54/><F33/><W80/><G50/><T131/><D131/><U62/><E129/><V41/><F41/><W72/><G72/><T49/><D16/><U55/><E106/><V19/><F19/><W127/><G8/><T97/><D49/><U61/><E22/><V27/><F27/><W1/><G1/><T47/><D53/><U91/><E91/><V123/><F123/><W135/><G135/><T89/><D73/><U43/><E62/><N who="2" m="36183" /><F57/><W76/><G127/><T93/><REACH who="0" step="1"/><D89/><REACH who="0" ten="221,219,251,299" step="2"/><U117/><E117/><V38/><F38/><W13/><G60/><T14/><D14/><U130/><E130/><V42/><F42/><W24/><G66/><T7/><D7/><U125/><E125/><V40/><F40/><W25/><G12/><T37/><D37/><N who="1" m="21871" /><E61/><V128/><F128/><W32/><G26/><T74/><D74/><U29/><E29/><AGARI ba="0,1" hai="9,13,17,20,24,25,29,30,32,76,80,87,104,107" machi="29" ten="30,1000,0" yaku="7,1" doraHai="70" who="3" fromWho="1" sc="221,0,219,-10,251,0,299,20" /><INIT seed="3,0,0,3,4,62" ten="221,209,251,319" oya="3" hai0="118,120,125,56,9,36,17,75,21,18,103,42,112" hai1="55,87,27,131,108,72,111,8,7,32,64,22,135" hai2="39,130,1,79,24,67,51,5,104,69,58,2,30" hai3="126,127,109,132,86,68,82,28,61,47,57,107,78"/><W20/><G132/><T54/><D118/><U129/><E72/><V33/><F79/><W12/><G107/><T66/><D120/><U116/><E135/><V23/><F5/><W89/><G68/><T121/><D121/><U133/><E133/><V124/><F130/><N who="1" m="49673" /><E116/><V119/><F119/><W115/><G115/><T10/><D75/><U88/><E55/><V134/><F124/><N who="3" m="47659" /><G47/><T92/><D125/><U43/><E43/><V19/><F69/><W29/><G109/><T26/><D112/><U48/><E48/><V60/><F104/><W81/><G12/><N who="0" m="9383" /><D66/><U94/><E64/><V91/><F39/><W96/><G20/><N who="0" m="13591" /><D42/><U110/><E32/><V128/><F134/><W122/><G122/><T50/><D36/><U71/><E71/><V6/><F128/><W11/><G11/><T123/><D123/><U101/><E101/><V14/><F1/><W95/><G82/><T114/><D114/><U41/><E41/><V73/><F2/><W37/><G37/><T83/><D83/><U45/><E45/><V49/><F33/><W100/><G100/><T46/><D46/><U77/><E77/><V59/><F58/><W74/><G74/><T4/><D4/><U40/><E40/><V97/><F6/><W99/><G78/><T105/><D105/><U76/><E76/><V93/><F73/><W34/><G81/><T117/><D117/><U65/><E65/><V53/><F53/><N who="3" m="33967" /><G34/><T38/><D38/><U90/><E90/><V13/><F13/><W44/><G44/><T15/><D15/><N who="1" m="5535" /><E111/><V84/><F59/><W35/><G35/><T16/><D16/><AGARI ba="0,0" hai="16,22,27,87,88,94,108,110" m="5535,49673" machi="16" ten="30,7700,0" yaku="6,1,19,1,54,2" doraHai="62" who="1" fromWho="0" sc="221,-77,209,77,251,0,319,0" owari="144,-35.6,286,8.6,251,-14.9,319,41.9" /></mjloggm>