<mjloggm ver="2.3"><GO type="225" lobby="0"/><UN n0="%E3%82%8F%E3%81%8B%E3%81%B0%2A%E3%82%AC%E3%83%BC%E3%83%AB" n1="%70%68%65%6E%6F%6D%65" n2="%E7%99%BD%E5%80%89%E5%AF%9B%E4%B9%8B" n3="%E5%B6%BA%E4%B8%8A%E5%92%B2" dan="16,16,16,16" rate="2093.50,2139.70,2146.71,2143.61" sx="M,M,M,F"/><TAIKYOKU oya="0"/><INIT seed="0,0,0,4,1,55" ten="250,250,250,250" oya="0" hai0="58,31,41,97,8,121,61,37,65,122,62,85,113" hai1="5,51,20,42,1,94,17,27,35,43,116,14,70" hai2="82,28,125,107,124,135,123,98,106,52,59,100,32" hai3="38,118,68,60,92,23,11,53,133,26,29,46,45"/><T13/><D113/><U0/><E70/><V87/><F123/><W69/><G118/><T54/><D31/><N who="1" m="19967" /><E94/><N who="2" m="58455" /><F135/><W30/><G133/><T7/><D97/><U34/><E51/><N who="2" m="31135" /><F28/><W74/><G74/><T81/><D41/><U49/><E49/><V72/><F72/><W63/><G38/><T2/><D37/><U50/><E50/><V47/><F47/><W119/><G119/><T96/><D96/><U79/><E79/><N who="2" m="46559" /><F32/><W134/><G134/><T84/><D2/><N who="1" m="1131" /><E42/><V109/><F109/><W40/><G40/><T4/><D4/><U19/><E43/><V56/><F56/><W16/><G68/><T39/><D39/><U12/><E116/><V78/><F78/><W86/><G69/><T108/><D108/><U67/><E67/><V83/><F83/><W48/><G63/><T131/><D131/><U64/><E64/><V15/><F15/><N who="1" m="5673" /><E34/><V80/><F80/><W90/><G60/><T127/><D121/><U101/><E101/><V114/><F114/><W115/><G46/><T95/><D122/><U75/><E75/><V117/><F117/><W129/><G115/><T9/><D95/><U18/><E5/><V110/><F110/><W44/><G45/><T105/><D105/><U99/><E99/><V126/><AGARI ba="0,0" hai="106,107,124,125,126" m="46559,31135,58455" machi="126" ten="30,4000,0" yaku="18,1,52,1,54,1" doraHai="55" who="2" fromWho="2" sc="250,-20,250,-10,250,40,250,-10" /><INIT seed="1,0,0,4,5,10" ten="230,240,290,240" oya="1" hai0="116,97,21,20,86,107,65,114,1,23,83,45,51" hai1="117,26,133,40,132,88,49,28,43,59,35,29,8" hai2="82,36,55,25,100,0,11,103,61,37,73,91,111" hai3="108,39,112,96,14,32,70,42,127,99,69,102,53"/><U66/><E117/><V31/><F111/><W128/><G112/><T121/><D114/><U24/><E8/><V104/><F100/><W54/><G32/><T50/><D116/><U90/><E66/><V16/><F103/><W126/><G128/><T56/><D1/><U113/><E113/><V62/><F104/><W79/><G79/><T38/><D38/><U30/><E59/><V109/><F109/><W48/><G108/><T67/><D121/><U72/><E72/><V115/><F115/><W18/><G39/><T87/><D97/><U84/><E49/><V12/><F0/><W110/><G42/><N who="1" m="15914" /><E84/><V58/><F62/><W98/><G110/><T44/><D107/><U75/><E75/><V46/><F46/><N who="0" m="18026" /><D56/><U92/><E92/><V33/><REACH who="2" step="1"/><F91/><REACH who="2" ten="230,240,280,240" step="2"/><N who="1" m="34857" /><E35/><V9/><F9/><W119/><G102/><T94/><D20/><U134/><AGARI ba="0,1" hai="24,26,28,29,30,132,133,134" m="34857,15914" machi="134" ten="40,12000,1" yaku="28,2,20,1,54,1" doraHai="10" who="1" fromWho="1" sc="230,-40,240,130,280,-40,240,-40" /><INIT seed="1,1,0,1,3,135" ten="190,370,240,200" oya="1" hai0="54,11,5,56,7,20,47,108,66,4,110,72,43" hai1="21,96,55,13,101,65,98,37,97,115,67,84,63" hai2="68,25,123,0,59,16,76,112,94,10,51,92,18" hai3="122,9,61,36,35,22,133,42,19,30,38,48,77"/><U95/><E115/><V117/><F68/><W128/><G122/><T127/><D72/><U88/><E37/><V41/><F123/><W73/><G133/><T93/><D66/><U109/><E109/><N who="0" m="42089" /><D20/><U70/><E65/><V6/><F117/><W14/><G128/><T99/><D11/><U82/><REACH who="1" step="1"/><E55/><REACH who="1" ten="190,360,240,200" step="2"/><N who="2" m="32255" /><F112/><W116/><G38/><N who="0" m="22007" /><D127/><U129/><E129/><V80/><F41/><W118/><G36/><T106/><D106/><U60/><E60/><V114/><F114/><W111/><G61/><N who="0" m="35991" /><D4/><U50/><E50/><V29/><F6/><W126/><G48/><T131/><D131/><U103/><E103/><AGARI ba="1,1" hai="5,7,93,99,103" m="35991,22007,42089" machi="103" ten="30,1000,0" yaku="14,1" doraHai="135" who="0" fromWho="1" sc="190,23,360,-13,240,0,200,0" /><INIT seed="2,0,0,4,5,121" ten="213,347,240,200" oya="2" hai0="42,38,67,8,1,107,109,32,54,119,98,10,89" hai1="122,135,50,25,78,106,132,12,92,6,127,115,105" hai2="128,51,64,29,28,46,97,76,75,68,48,134,86" hai3="7,114,96,110,60,35,33,81,101,100,18,36,58"/><V9/><F75/><W59/><G36/><T47/><D119/><U13/><E115/><V123/><F123/><W56/><G114/><T116/><D116/><U61/><E127/><V72/><F72/><W5/><G60/><T44/><D32/><N who="3" m="12361" /><G81/><T126/><D126/><U40/><E78/><V111/><F64/><W37/><G37/><T113/><D113/><U0/><E0/><V4/><F68/><W24/><G96/><T118/><D118/><U117/><E117/><V70/><F70/><W95/><G95/><T82/><D67/><U90/><E61/><V57/><F57/><W15/><G24/><T71/><D71/><U103/><E25/><V31/><F97/><W41/><G41/><T19/><D82/><U20/><E103/><N who="3" m="39498" /><G18/><T23/><D107/><U63/><E63/><V131/><F31/><W125/><G15/><T53/><D1/><U88/><E90/><V93/><F29/><W52/><G125/><T11/><D47/><N who="1" m="25959" /><E13/><V104/><F46/><W27/><G27/><N who="0" m="14847" /><D89/><U133/><E122/><V130/><F28/><W94/><G94/><T87/><D98/><N who="1" m="57607" /><E20/><V17/><F93/><W74/><G74/><T80/><D54/><U124/><E124/><V129/><F130/><W16/><G52/><T30/><D53/><U26/><E26/><V83/><F129/><W84/><G16/><T112/><D30/><U22/><E22/><V102/><F131/><W120/><G120/><T77/><D112/><U85/><E85/><V99/><F86/><W45/><G84/><T79/><D79/><U91/><E91/><V66/><F128/><W65/><G65/><RYUUKYOKU ba="0,0" sc="213,15,347,15,240,-15,200,-15" hai0="8,10,11,38,42,44,77,80,87,109" hai1="6,12,105,106,132,133,135" /><BYE who="1" /><INIT seed="3,1,0,2,3,10" ten="228,362,225,185" oya="3" hai0="26,111,113,47,61,116,118,69,46,135,4,37,3" hai1="128,112,5,120,19,9,7,15,24,56,97,101,38" hai2="76,78,106,33,85,55,42,74,88,77,6,27,21" hai3="63,110,50,64,29,90,14,83,53,8,43,49,40"/><W89/><G29/><UN n1="%70%68%65%6E%6F%6D%65" /><T87/><D111/><U131/><E120/><V79/><F106/><W130/><G130/><N who="1" m="49706" /><E112/><V34/><F74/><W32/><G32/><T59/><D69/><U35/><E38/><V67/><F67/><W72/><G110/><T109/><D4/><U16/><E56/><V80/><F42/><N who="3" m="15915" /><G72/><T39/><D26/><U94/><E19/><V102/><F102/><W127/><G127/><T132/><D87/><U20/><E35/><V51/><F6/><N who="3" m="3351" /><G64/><N who="0" m="38975" /><D3/><U25/><E7/><V68/><F68/><W18/><G18/><T81/><D113/><U66/><E66/><V23/><N who="2" m="19456" /><DORA hai="133" /><V1/><F1/><AGARI ba="1,0" hai="1,5,9,15,16,20,24,25,94,97,101" m="49706" machi="1" ten="30,3900,0" yaku="19,1,52,1,54,1" doraHai="10,133" who="1" fromWho="2" sc="228,0,362,42,225,-42,185,0" owari="228,2.8,404,50.4,183,-31.7,185,-21.5" /></mjloggm>