<mjloggm ver="2.3"><GO type="225" lobby="0"/><UN n0="%E6%98%93%E5%88%A9%E8%96%A9%E4%BC%AF" n1="%E5%8D%A0%E3%81%84%E5%B8%AB%E8%A3%8F%E3%81%AA%E3%81%84%E3%81%97" n2="%E3%81%AF%E3%82%88%E3%81%8A%E3%81%98%E3%81%95%E3%82%93" n3="%E7%89%B9%E6%9D%B1%E3%81%AF%E4%B8%96%E7%95%8C%E3%82%92%E6%95%91%E3%81%86" dan="17,17,17,16" rate="2126.87,2236.02,2133.66,2218.82" sx="F,M,M,M"/><TAIKYOKU oya="0"/><INIT seed="0,0,0,0,3,2" ten="250,250,250,250" oya="0" hai0="4,67,20,130,46,129,131,51,8,65,29,135,133" hai1="23,43,71,85,49,126,11,10,61,125,106,62,56" hai2="70,6,121,21,14,123,36,95,5,31,0,107,113" hai3="109,87,63,77,117,115,79,76,124,99,19,9,55"/><T30/><D65/><U116/><E116/><V13/><F107/><W1/><G115/><T69/><D67/><U17/><E106/><V40/><F95/><W120/><G117/><T73/><D69/><U128/><E71/><V75/><F40/><W96/><G109/><T81/><D81/><U103/><E103/><V47/><F47/><W48/><G124/><N who="1" m="47722" /><E128/><N who="0" m="32769" /><T26/><DORA hai="15" /><D73/><U119/><E119/><V68/><F36/><W94/><G120/><N who="2" m="46153" /><F75/><W88/><G63/><N who="1" m="24074" /><E85/><V59/><F59/><N who="3" m="33255" /><G1/><N who="0" m="15" /><D30/><U100/><E100/><V110/><F70/><W105/><G105/><T72/><D72/><U92/><E92/><V24/><F68/><W89/><G89/><T93/><D93/><U57/><E57/><V34/><F0/><W102/><G102/><T134/><D135/><U80/><E80/><V91/><F91/><W52/><G52/><AGARI ba="0,0" hai="20,26,29,46,51,52,133,134" m="15,32769" machi="52" ten="40,7700,0" yaku="19,1,52,1,54,1" doraHai="2,15" who="0" fromWho="3" sc="250,77,250,0,250,0,250,-77" /><INIT seed="0,1,0,5,3,49" ten="327,250,250,173" oya="0" hai0="51,90,76,116,109,105,26,64,63,74,124,4,89" hai1="80,37,130,16,44,115,47,42,61,6,39,133,15" hai2="108,118,107,112,91,0,70,41,54,135,97,86,9" hai3="71,38,94,78,125,3,84,5,43,79,120,81,25"/><T102/><D116/><U123/><E123/><V99/><F70/><W36/><G71/><T66/><D124/><U134/><E130/><V1/><F112/><W93/><G125/><T56/><D4/><U53/><E115/><V100/><F118/><W83/><G120/><T122/><D122/><U62/><E6/><V119/><F119/><W35/><G5/><T95/><D105/><U11/><E80/><V18/><F41/><W72/><G3/><T75/><D66/><U34/><E34/><V110/><F99/><W103/><G103/><T114/><D102/><U57/><E62/><V104/><F107/><W13/><G13/><T60/><D60/><U33/><E33/><V46/><F135/><N who="1" m="51721" /><E44/><V8/><F18/><W69/><G69/><T17/><D76/><U10/><E11/><V21/><F21/><W23/><G35/><T96/><D109/><N who="2" m="42090" /><F8/><W28/><REACH who="3" step="1"/><G43/><REACH who="3" ten="327,250,250,163" step="2"/><T20/><D114/><U2/><E2/><V92/><F9/><W73/><G73/><T45/><D74/><U132/><E132/><V30/><F0/><W52/><G52/><N who="0" m="29807" /><D75/><U50/><AGARI ba="1,1" hai="10,15,16,37,39,42,47,50,53,57,61" m="51721" machi="50" ten="30,4000,0" yaku="20,1,52,1,54,1" doraHai="49" who="1" fromWho="1" sc="327,-21,250,53,250,-11,163,-11" /><INIT seed="1,0,0,3,1,96" ten="306,303,239,152" oya="1" hai0="83,16,108,86,34,77,59,91,8,106,127,71,45" hai1="19,89,38,121,35,7,67,109,43,97,9,49,90" hai2="72,5,103,33,14,64,126,31,28,129,133,104,116" hai3="52,98,0,26,113,78,84,46,21,95,79,99,15"/><U3/><E121/><V55/><F116/><W92/><G113/><T112/><D71/><U29/><E38/><V101/><F72/><W122/><G0/><T85/><D34/><U88/><E67/><V22/><F104/><W13/><G122/><T51/><D112/><U115/><E115/><V135/><F33/><W58/><G46/><T27/><D106/><U56/><E109/><V70/><F126/><W24/><G84/><T48/><D127/><U114/><E114/><V94/><F129/><W40/><G40/><T128/><D128/><U11/><E43/><V132/><F94/><W4/><G4/><T87/><D59/><U1/><E29/><N who="2" m="11339" /><F55/><W63/><G58/><T68/><D68/><U50/><E35/><V53/><F53/><W82/><G82/><T120/><D108/><U42/><E42/><V111/><F111/><W118/><G52/><T65/><D65/><U39/><E39/><V37/><F37/><W80/><G80/><T20/><D45/><U134/><E56/><V119/><F119/><W12/><G12/><N who="0" m="7175" /><D120/><U36/><E36/><V10/><F22/><W60/><REACH who="3" step="1"/><G21/><REACH who="3" ten="306,303,239,142" step="2"/><T117/><D117/><AGARI ba="0,1" hai="13,15,24,26,60,63,78,79,92,95,98,99,117,118" machi="117" ten="25,6400,0" yaku="1,1,2,1,22,2,53,0" doraHai="96" doraHaiUra="131" who="3" fromWho="0" sc="306,-64,303,0,239,0,142,74" /><INIT seed="2,0,0,5,2,35" ten="242,303,239,216" oya="2" hai0="51,90,18,9,58,67,106,36,41,129,46,24,27" hai1="120,60,85,82,133,109,77,100,135,104,28,105,11" hai2="34,124,114,102,33,8,20,117,66,16,64,65,88" hai3="39,125,122,37,72,55,4,61,126,127,108,1,71"/><V103/><F114/><W13/><G72/><T134/><D106/><U23/><E109/><V44/><F117/><W93/><G122/><T57/><D129/><U21/><E120/><V29/><F124/><N who="3" m="31747" /><W43/><DORA hai="12" /><G108/><T47/><D134/><N who="1" m="51211" /><E100/><N who="2" m="38443" /><F34/><W81/><G13/><N who="0" m="7471" /><D36/><N who="3" m="13897" /><G43/><T75/><D75/><U98/><E98/><V86/><F33/><W10/><G81/><T110/><D110/><U96/><E96/><V107/><F107/><W56/><G93/><T112/><D47/><U131/><E131/><V92/><F44/><W6/><G6/><T118/><D118/><U0/><E105/><V70/><F70/><AGARI ba="0,0" hai="1,4,10,55,56,61,70,71" m="13897,31747" machi="70" ten="50,3200,0" yaku="18,1,52,1" doraHai="35,12" who="3" fromWho="2" sc="242,0,303,0,239,-32,216,32" /><INIT seed="3,0,0,1,4,131" ten="242,303,207,248" oya="3" hai0="78,19,35,118,73,67,2,87,11,121,14,79,120" hai1="28,92,58,34,103,115,113,74,21,72,130,30,22" hai2="31,53,75,125,59,106,7,99,15,18,90,94,64" hai3="128,86,102,119,82,36,9,117,110,49,27,60,96"/><W57/><G36/><T95/><D118/><U41/><E130/><V62/><F125/><W66/><G128/><T122/><D73/><U1/><E92/><V111/><F111/><W123/><G123/><T93/><D35/><U55/><E103/><V32/><F75/><W83/><G110/><T70/><D2/><U38/><E1/><V4/><F106/><W47/><G9/><T89/><D93/><U63/><E34/><V37/><F37/><W71/><G71/><T56/><D70/><U44/><E72/><V17/><F32/><W98/><G27/><T85/><D85/><U52/><E74/><V116/><F116/><W104/><G98/><T114/><D114/><U65/><E55/><V10/><F31/><W126/><G82/><T33/><D33/><U46/><E28/><V50/><REACH who="2" step="1"/><F4/><REACH who="2" ten="242,303,197,248" step="2"/><W29/><G29/><T5/><D5/><U76/><E30/><V135/><F135/><W13/><G126/><T132/><D132/><U133/><E133/><V20/><F20/><W43/><REACH who="3" step="1"/><G13/><REACH who="3" ten="242,303,197,238" step="2"/><T51/><D121/><U100/><E38/><V61/><F61/><W42/><G42/><T134/><D134/><U0/><E41/><V23/><F23/><W45/><G45/><AGARI ba="0,2" hai="7,10,15,17,18,45,50,53,59,62,64,90,94,99" machi="45" ten="30,7700,0" yaku="1,1,7,1,8,1,53,1" doraHai="131" doraHaiUra="91" who="2" fromWho="3" sc="242,0,303,0,197,97,238,-77" owari="242,-15.8,303,40.3,294,9.4,161,-33.9" /></mjloggm>