<mjloggm ver="2.3"><GO type="225" lobby="0"/><UN n0="%72%69%6F%75%63%68%61%6E" n1="%E3%82%8C%E3%81%99%E3%81%93" n2="%E6%98%93%E5%88%A9%E8%96%A9%E4%BC%AF" n3="%E3%83%B4%E3%83%A0%EF%BC%99%E3%81%A6" dan="16,17,17,17" rate="2109.17,2136.86,2239.21,2116.47" sx="M,F,F,M"/><TAIKYOKU oya="0"/><INIT seed="0,0,0,0,5,15" ten="250,250,250,250" oya="0" hai0="33,23,126,29,25,104,123,17,83,101,2,54,60" hai1="38,112,43,58,117,97,68,105,50,94,73,41,71" hai2="14,32,21,42,61,1,39,114,89,8,37,6,16" hai3="90,74,106,72,11,20,116,52,95,111,64,91,35"/><T102/><D123/><U134/><E117/><V34/><F114/><W130/><G116/><T125/><D2/><U122/><E122/><V46/><F39/><W99/><G35/><T26/><D83/><U135/><E73/><V27/><F89/><W69/><G106/><T82/><D82/><U49/><E105/><V51/><F37/><W79/><G111/><T4/><D4/><U87/><E87/><V59/><REACH who="2" step="1"/><F1/><REACH who="2" ten="250,250,240,250" step="2"/><W18/><G90/><T120/><D120/><U93/><E38/><V115/><F115/><W124/><G91/><T22/><D33/><U107/><E112/><V129/><F129/><W128/><G130/><T86/><D86/><U44/><E135/><V85/><F85/><W92/><G74/><T66/><D126/><U132/><E134/><V7/><F7/><W3/><G124/><T65/><D125/><U48/><E132/><V62/><F62/><W19/><G72/><T121/><D121/><U47/><E49/><V70/><F70/><W53/><G69/><T81/><D81/><U13/><E68/><V10/><F10/><W103/><G11/><T77/><D77/><U98/><E71/><V133/><F133/><W67/><G3/><T63/><D63/><U80/><E80/><V110/><F110/><W30/><G79/><T108/><D108/><U36/><E36/><V9/><F9/><W55/><G128/><T119/><D119/><U40/><E50/><V24/><F24/><N who="3" m="16647" /><G92/><T76/><D76/><U57/><E93/><V118/><F118/><W75/><G75/><T5/><D104/><U56/><E107/><V12/><F12/><RYUUKYOKU ba="0,1" sc="250,-15,250,-15,240,15,250,15" hai2="6,8,14,16,21,27,32,34,42,46,51,59,61" hai3="18,19,52,53,55,64,67,95,99,103" /><INIT seed="1,1,1,5,2,52" ten="235,235,255,265" oya="1" hai0="122,80,72,77,96,115,49,28,5,78,90,45,2" hai1="111,84,30,4,9,105,85,75,113,27,106,112,100" hai2="83,37,35,134,95,11,86,55,29,19,118,129,124" hai3="119,69,58,109,66,131,76,10,120,32,12,16,89"/><U99/><E105/><V59/><F118/><W63/><G120/><T108/><D115/><U117/><E117/><V94/><F37/><W53/><G119/><T123/><D108/><U3/><E111/><V51/><F124/><W87/><G109/><T47/><D28/><U23/><REACH who="1" step="1"/><E75/><REACH who="1" ten="235,225,255,265" step="2"/><V74/><F74/><W0/><G131/><T54/><D72/><U48/><E48/><V46/><F129/><W43/><G32/><T70/><D123/><U15/><E15/><V40/><F35/><W14/><G14/><T65/><D122/><U91/><E91/><V20/><F51/><W13/><G13/><T17/><D90/><U104/><E104/><V1/><F1/><W60/><G0/><T42/><D2/><U31/><E31/><V79/><F29/><W73/><G73/><T57/><D49/><U64/><E64/><V121/><F121/><W132/><G132/><T130/><D65/><U128/><E128/><V135/><F135/><W82/><REACH who="3" step="1"/><G43/><REACH who="3" ten="235,225,255,255" step="2"/><T107/><D42/><U39/><E39/><V88/><F40/><W21/><G21/><T133/><D130/><U38/><E38/><V61/><F20/><W81/><G81/><T33/><D80/><U68/><E68/><V22/><F22/><W93/><G93/><T127/><D70/><U26/><E26/><V36/><F134/><W126/><G126/><T101/><D127/><U6/><E6/><V102/><F95/><W71/><G71/><T34/><D133/><U62/><E62/><V92/><F92/><W116/><G116/><T103/><D107/><U25/><E25/><V50/><F36/><RYUUKYOKU ba="1,3" sc="235,-15,225,15,255,-15,255,15" hai1="3,4,9,23,27,30,84,85,99,100,106,112,113" hai3="10,12,16,53,58,60,63,66,69,76,82,87,89" /><INIT seed="1,2,3,1,5,100" ten="220,240,240,270" oya="1" hai0="106,124,15,129,112,44,66,130,8,50,93,68,125" hai1="57,43,127,29,58,55,64,108,40,18,89,39,104" hai2="95,6,83,67,45,77,115,110,47,32,123,33,61" hai3="63,36,48,26,94,105,22,16,102,7,0,24,84"/><U13/><E127/><N who="0" m="48713" /><D112/><U128/><E128/><N who="0" m="49257" /><D68/><U92/><E39/><V53/><F123/><W122/><G36/><T19/><D66/><U4/><E4/><V87/><F110/><W46/><G122/><T73/><D73/><U111/><E29/><V116/><F116/><W76/><G63/><T1/><D1/><U3/><E3/><V109/><F109/><N who="1" m="42057" /><E64/><V70/><F6/><W72/><G72/><T23/><D93/><U99/><E104/><V37/><F115/><W131/><G131/><T120/><D120/><U10/><E57/><V126/><F126/><W79/><G105/><T35/><D35/><U88/><E89/><V118/><F118/><W117/><G117/><T97/><D97/><U5/><E5/><V134/><F33/><W14/><G0/><T65/><D65/><U114/><E114/><V133/><F32/><W17/><G7/><T101/><D101/><U28/><E28/><V121/><F121/><W21/><G102/><T74/><D74/><U82/><E82/><V98/><F67/><W60/><G94/><T75/><D75/><U9/><E9/><V51/><F70/><W71/><G71/><T20/><D106/><U54/><E54/><AGARI ba="2,3" hai="8,15,19,20,23,44,50,54" m="49257,48713" machi="54" ten="30,2000,0" yaku="18,1,19,1" doraHai="100" who="0" fromWho="1" sc="220,56,240,-26,240,0,270,0" /><INIT seed="2,0,0,1,5,20" ten="276,214,240,270" oya="2" hai0="100,99,93,79,61,56,4,27,21,109,23,0,2" hai1="45,46,26,96,36,71,114,60,130,7,80,90,120" hai2="81,17,74,37,132,52,40,38,22,95,19,65,30" hai3="69,1,105,103,49,122,92,82,85,31,48,3,67"/><V57/><F65/><W11/><G105/><T47/><D109/><U50/><E114/><V107/><F107/><W123/><G69/><T78/><D21/><U51/><E130/><V54/><F132/><W97/><G67/><N who="0" m="39335" /><D47/><U44/><E36/><V14/><F30/><W72/><G72/><T41/><D41/><U112/><E112/><V104/><F104/><W34/><G48/><T32/><D32/><U108/><E108/><V42/><F95/><W117/><G117/><T66/><D66/><U58/><E71/><V6/><F6/><W88/><G49/><T119/><D119/><U76/><E120/><V94/><F94/><W18/><G123/><T59/><D59/><U28/><E7/><V15/><F81/><W53/><G53/><T55/><D55/><N who="1" m="33887" /><E76/><N who="0" m="29225" /><D4/><U29/><E29/><AGARI ba="0,0" hai="0,2,23,27,29,93,99,100" m="29225,39335" machi="29" ten="30,2000,0" yaku="25,1,52,1" doraHai="20" who="0" fromWho="1" sc="276,20,214,-20,240,0,270,0" /><INIT seed="3,0,0,0,3,33" ten="296,194,240,270" oya="3" hai0="60,100,117,59,101,24,122,8,108,58,41,68,70" hai1="129,29,77,83,76,107,2,98,18,67,73,39,23" hai2="119,88,81,13,55,92,130,49,95,104,86,110,54" hai3="48,85,79,56,45,7,53,106,36,43,132,65,6"/><W125/><G106/><T128/><D117/><U123/><E123/><V96/><F119/><W109/><G125/><T30/><D122/><U115/><E115/><V82/><F110/><W71/><G109/><T93/><D108/><U89/><E129/><V111/><F111/><W44/><G132/><T91/><D128/><U51/><E39/><V3/><F3/><W50/><G79/><T133/><D133/><U5/><E77/><V84/><F104/><W22/><G85/><T34/><D41/><U66/><E29/><V105/><F105/><W121/><G22/><N who="0" m="15639" /><D70/><U21/><E21/><V1/><F1/><W25/><G25/><T28/><D68/><U90/><E51/><V11/><F55/><N who="3" m="30087" /><G121/><T131/><D34/><U10/><E90/><N who="2" m="51471" /><F96/><W113/><G113/><T135/><D135/><U19/><E19/><N who="2" m="8639" /><F130/><W116/><G116/><T97/><D131/><U47/><E47/><AGARI ba="0,0" hai="47,49,54,82,86,88,92,95" m="8639,51471" machi="47" ten="30,3900,0" yaku="25,1,8,1,54,1" doraHai="33" who="2" fromWho="1" sc="296,0,194,-39,240,39,270,0" /><INIT seed="4,0,0,2,3,123" ten="296,155,279,270" oya="0" hai0="97,39,26,5,15,2,102,38,18,78,134,60,25" hai1="104,62,4,82,96,103,115,124,20,42,36,113,106" hai2="48,99,34,71,75,93,13,35,110,8,87,83,10" hai3="66,51,27,95,109,30,86,32,122,45,47,107,7"/><T31/><D134/><U119/><E119/><V128/><F110/><W133/><G107/><T76/><D60/><U127/><E4/><V40/><F75/><W72/><G72/><T52/><D52/><U116/><E62/><V14/><F71/><W88/><G133/><T79/><D2/><U92/><E116/><V61/><F128/><W120/><G109/><T108/><D108/><U126/><E20/><V67/><F48/><W90/><G66/><T55/><D55/><U117/><E117/><V1/><F1/><W91/><G7/><T54/><D54/><U49/><E36/><V98/><F98/><W77/><G47/><T64/><D5/><U19/><E19/><V9/><F40/><N who="3" m="24999" /><G77/><T112/><D112/><N who="1" m="43083" /><E82/><V50/><F50/><W53/><G53/><T132/><D132/><U22/><E22/><V129/><F35/><W59/><G59/><T125/><D64/><U114/><N who="1" m="43091" /><U43/><DORA hai="74" /><E43/><V11/><F34/><W135/><G135/><T80/><D80/><U21/><E21/><V57/><F11/><W89/><N who="3" m="22528" /><DORA hai="81" /><W41/><G41/><T29/><D38/><U94/><E106/><V118/><F10/><W0/><G0/><T63/><D39/><U84/><E84/><V69/><F9/><W105/><G105/><N who="0" m="63695" /><D63/><U3/><E3/><V58/><F61/><W101/><G86/><T12/><D29/><U28/><E28/><V33/><F87/><W16/><G16/><T65/><D31/><U111/><E111/><V24/><F33/><W70/><G70/><T44/><D18/><U68/><E68/><V17/><F69/><RYUUKYOKU ba="0,0" sc="296,-15,155,15,279,-15,270,15" hai1="42,49,92,94,96,103,104,124,126,127" hai3="27,30,32,95,101,120,122" /><INIT seed="5,1,0,3,2,73" ten="281,170,264,285" oya="1" hai0="46,96,3,35,78,76,36,124,123,8,126,134,81" hai1="38,18,135,111,101,10,20,92,62,61,67,19,68" hai2="119,127,16,26,65,29,112,70,74,75,56,100,113" hai3="1,64,77,60,116,27,12,125,69,17,37,31,128"/><U91/><E135/><V130/><F119/><W114/><G1/><T9/><D134/><U41/><E111/><V106/><F56/><W87/><G37/><T22/><D35/><U122/><E122/><V34/><F130/><W88/><G128/><T129/><D129/><U108/><E108/><V53/><F53/><W55/><G55/><T103/><D123/><U0/><E101/><V97/><F16/><W15/><G114/><N who="2" m="44137" /><F127/><N who="0" m="48682" /><D22/><U133/><E133/><V39/><F39/><W120/><G120/><T105/><D3/><U95/><E62/><AGARI ba="1,0" hai="26,29,34,62,65,70,74,75,97,100,106" m="44137" machi="62" ten="30,7700,0" yaku="25,1,15,1,11,1,23,1" doraHai="73" who="2" fromWho="1" sc="281,0,170,-80,264,80,285,0" owari="281,-11.9,90,-41.0,344,44.4,285,8.5" /></mjloggm>