<mjloggm ver="2.3"><GO type="225" lobby="0"/><UN n0="%E3%83%81%E3%83%AF%E3%83%AF%E9%9A%8A%E9%95%B7" n1="%E3%81%90%E3%81%A1%E3%82%84%E3%81%BE" n2="%E3%82%8A%E3%81%93%E3%82%8A%E3%82%93%E3%81%94" n3="%E5%B8%86%E7%AB%8B%E5%A4%8F%E8%A1%A3" dan="16,16,17,17" rate="2105.39,2142.37,2208.88,2163.38" sx="M,M,M,M"/><TAIKYOKU oya="0"/><INIT seed="0,0,0,0,4,82" ten="250,250,250,250" oya="0" hai0="52,14,105,115,30,132,35,118,73,22,134,89,41" hai1="71,110,93,126,55,1,68,124,106,81,32,34,91" hai2="54,128,8,7,26,25,108,107,6,15,62,121,23" hai3="46,24,78,130,40,2,56,38,49,18,122,42,77"/><T21/><D115/><U29/><E106/><V84/><F107/><W95/><G122/><T48/><D118/><U58/><E1/><V60/><F121/><W70/><G130/><T112/><D112/><U90/><E81/><V80/><F108/><W109/><G109/><T4/><D73/><U117/><E110/><V125/><F128/><W133/><G133/><T37/><D105/><U5/><E5/><V113/><F113/><W13/><G2/><T97/><D35/><U61/><E117/><V50/><F7/><W43/><G70/><T127/><D127/><N who="1" m="48683" /><E91/><N who="2" m="51591" /><F26/><W129/><G129/><T96/><D37/><U88/><E90/><V87/><F87/><W98/><G24/><T67/><D134/><U123/><E123/><V31/><F125/><W131/><G131/><T104/><D132/><U3/><E3/><V0/><F0/><W33/><G33/><N who="1" m="12906" /><E29/><V51/><F51/><W11/><G78/><T36/><D36/><U69/><E69/><V76/><F76/><W74/><G77/><T27/><D104/><U20/><E20/><V100/><F100/><W75/><G75/><T119/><D21/><U72/><E72/><V44/><AGARI ba="0,0" hai="6,8,15,23,25,31,44,50,54,60,62" m="51591" machi="44" ten="30,2000,0" yaku="8,1,52,1" doraHai="82" who="2" fromWho="2" sc="250,-10,250,-5,250,20,250,-5" /><INIT seed="1,0,0,4,2,50" ten="240,245,270,245" oya="1" hai0="90,92,7,109,3,48,22,8,122,45,54,93,112" hai1="0,68,24,52,57,105,17,28,15,129,29,66,9" hai2="102,119,43,1,11,16,40,135,81,72,62,108,132" hai3="75,121,10,61,27,59,101,65,79,63,19,38,114"/><U51/><E105/><V100/><F119/><W12/><G121/><T33/><D33/><U46/><E68/><V13/><F108/><W58/><G114/><T117/><D117/><U134/><E0/><V18/><F1/><W4/><G38/><T67/><D112/><U83/><E129/><V82/><F18/><W69/><G75/><T37/><D109/><U77/><E134/><N who="2" m="51243" /><F62/><W78/><G69/><T116/><D116/><U86/><E24/><V23/><F11/><W104/><G101/><N who="2" m="39017" /><F72/><W47/><G47/><T87/><D122/><U74/><E74/><V5/><F5/><W76/><G104/><T95/><D37/><U106/><E106/><V6/><F6/><W64/><REACH who="3" step="1"/><G76/><REACH who="3" ten="240,245,270,235" step="2"/><T103/><D103/><U56/><E46/><V111/><F111/><W14/><G14/><T30/><D3/><U123/><E123/><V88/><F82/><W115/><G115/><T26/><D45/><U84/><E84/><AGARI ba="0,1" hai="13,16,23,40,43,81,84,88" m="39017,51243" machi="84" ten="30,3900,0" yaku="20,1,54,2" doraHai="50" who="2" fromWho="1" sc="240,0,245,-39,270,49,235,0" /><INIT seed="2,0,0,4,2,10" ten="240,206,319,235" oya="2" hai0="132,26,73,129,111,22,15,54,92,66,16,30,114" hai1="108,83,70,50,128,72,63,7,86,57,35,11,112" hai2="95,133,46,88,124,82,59,68,23,84,118,123,55" hai3="17,43,53,131,14,110,44,49,99,116,60,94,19"/><V6/><F118/><W109/><G131/><T65/><D114/><U103/><E112/><V4/><F123/><W31/><G116/><T107/><D107/><U87/><E128/><V48/><F68/><W135/><G135/><T2/><D129/><U0/><E35/><V41/><F133/><W75/><G75/><T122/><D132/><U115/><E108/><N who="3" m="41578" /><G31/><T96/><D111/><U130/><E130/><V56/><F124/><W89/><G19/><T39/><D122/><U25/><E115/><V36/><F56/><W3/><G3/><T18/><D2/><U74/><E103/><V91/><REACH who="2" step="1"/><F23/><REACH who="2" ten="240,206,309,235" step="2"/><N who="3" m="11703" /><G60/><T47/><D22/><U102/><E63/><V93/><F93/><W1/><G1/><T106/><D92/><U32/><E0/><V64/><F64/><W67/><G67/><T29/><D65/><U125/><E70/><V28/><F28/><W134/><G134/><T120/><D29/><U98/><E125/><V104/><F104/><W21/><G21/><T119/><D106/><U71/><E71/><V100/><F100/><W33/><G33/><T27/><D120/><U79/><E32/><V34/><F34/><W97/><G97/><AGARI ba="0,1" hai="4,6,36,41,46,48,55,59,82,84,88,91,95,97" machi="97" ten="30,5800,0" yaku="1,1,7,1,54,1,53,0" doraHai="10" doraHaiUra="113" who="2" fromWho="3" sc="240,0,206,0,309,68,235,-58" /><INIT seed="2,1,0,0,0,32" ten="240,206,377,177" oya="2" hai0="74,124,30,120,60,73,121,36,31,15,105,22,71" hai1="79,33,93,80,55,123,61,67,21,35,44,122,115" hai2="14,9,95,3,109,99,85,40,39,18,133,52,37" hai3="45,43,77,92,111,83,110,88,58,78,87,38,127"/><V48/><F133/><W101/><G127/><T94/><D105/><U1/><E115/><V103/><F109/><W27/><G101/><T59/><D71/><U130/><E130/><V98/><F3/><W16/><G58/><T113/><D36/><U28/><E93/><V117/><F117/><W29/><G78/><T125/><D113/><U116/><E116/><V8/><F85/><W53/><G53/><T134/><D134/><U25/><E44/><V10/><F99/><W6/><G6/><T114/><D114/><U5/><E55/><V62/><F62/><W90/><G90/><T128/><D128/><U17/><E5/><V68/><F68/><W57/><G57/><T131/><D131/><U65/><E1/><V104/><F104/><W119/><G119/><T108/><D108/><U97/><E97/><V19/><F40/><W66/><G66/><T89/><D121/><N who="1" m="46091" /><E61/><V2/><F2/><W34/><REACH who="3" step="1"/><G16/><REACH who="3" ten="240,206,377,167" step="2"/><N who="0" m="10527" /><D120/><U86/><E35/><V76/><F76/><W23/><G23/><T102/><D125/><U106/><E106/><V54/><F54/><W69/><G69/><T0/><D124/><U26/><AGARI ba="1,1" hai="17,21,25,26,28,33,65,67,79,80,86" m="46091" machi="26" ten="30,1100,0" yaku="13,1" doraHai="32" who="1" fromWho="1" sc="240,-4,206,24,377,-6,167,-4" /><INIT seed="3,0,0,5,5,118" ten="236,230,371,163" oya="3" hai0="61,112,93,79,19,130,20,98,52,3,17,106,64" hai1="40,87,27,125,12,90,36,81,34,22,83,48,1" hai2="96,100,94,11,91,57,50,4,78,126,55,119,104" hai3="8,135,66,77,72,0,26,21,117,89,28,121,95"/><W107/><G117/><T46/><D3/><U82/><E1/><V108/><F119/><W110/><G107/><T85/><D112/><U53/><E125/><V128/><F108/><W16/><G135/><T51/><D130/><U54/><E34/><V88/><F128/><W133/><G133/><T124/><D124/><U49/><E12/><V44/><F126/><W33/><G110/><T42/><D106/><U24/><E36/><V25/><F78/><W86/><G66/><T67/><D17/><N who="1" m="12367" /><E27/><V101/><F25/><W127/><G127/><T5/><D5/><U43/><E49/><V122/><F122/><W70/><G70/><T30/><D30/><U47/><E40/><V14/><F104/><W60/><G60/><T114/><D114/><U116/><E116/><V41/><F100/><W6/><G121/><T92/><D42/><U68/><E68/><V115/><F96/><W134/><G134/><T102/><D61/><U105/><E105/><V39/><F101/><W29/><REACH who="3" step="1"/><G33/><REACH who="3" ten="236,230,371,153" step="2"/><T45/><D64/><U132/><E132/><V13/><F115/><W10/><G10/><T120/><D67/><U113/><E113/><V71/><F71/><W2/><G2/><T59/><D120/><U111/><E111/><V69/><F69/><W63/><G63/><T65/><D65/><U31/><E31/><V97/><F11/><W73/><G73/><T131/><D131/><U18/><E18/><V37/><F4/><W109/><G109/><T123/><D123/><U58/><E43/><V23/><F41/><W75/><G75/><T129/><D129/><U103/><E103/><RYUUKYOKU ba="0,1" sc="236,-15,230,15,371,-15,153,15" hai1="47,48,53,54,58,81,82,83,87,90" hai3="0,6,8,16,21,26,28,29,72,77,86,89,95" /><INIT seed="3,1,1,4,2,38" ten="221,245,356,168" oya="3" hai0="82,42,31,108,126,47,54,43,52,17,40,114,97" hai1="25,4,33,24,94,77,127,2,101,113,44,75,16" hai2="103,102,120,56,28,110,122,64,10,90,116,70,27" hai3="76,78,74,93,7,14,8,48,49,130,12,80,111"/><W53/><G130/><T106/><D114/><U96/><E113/><V22/><F116/><W83/><G111/><T72/><D108/><U84/><E75/><V50/><F110/><W19/><G93/><T26/><D126/><U109/><E109/><V81/><F70/><W128/><G128/><T73/><D17/><U0/><E33/><V11/><F81/><W134/><G134/><T71/><D71/><U6/><E0/><V104/><F90/><W62/><G62/><T133/><D133/><U59/><E2/><V35/><F35/><W107/><G107/><T123/><D123/><U100/><E100/><V67/><F67/><W89/><G89/><T66/><D66/><U46/><E59/><V131/><F131/><W121/><G121/><N who="2" m="46697" /><F104/><W87/><REACH who="3" step="1"/><G53/><REACH who="3" ten="221,245,356,158" step="2"/><T21/><D54/><U112/><E112/><V55/><F64/><W129/><G129/><T124/><D124/><U68/><E127/><V88/><F88/><W30/><G30/><T98/><D106/><U58/><E94/><V119/><F119/><W85/><G85/><T69/><D72/><U23/><E84/><V1/><F28/><W29/><G29/><T135/><D135/><U37/><E101/><V132/><F132/><W65/><G65/><T18/><D31/><U39/><E96/><V117/><F117/><W105/><G105/><T60/><D73/><U20/><E68/><V99/><F99/><N who="0" m="37898" /><D69/><U51/><E77/><V5/><F103/><W13/><G13/><T125/><D125/><U63/><E63/><V92/><F102/><W115/><G115/><T41/><D60/><U32/><E32/><RYUUKYOKU ba="1,2" sc="221,-10,245,-10,356,-10,158,30" hai3="7,8,12,14,19,48,49,74,76,78,80,83,87" /><INIT seed="3,2,2,5,5,23" ten="211,235,346,188" oya="3" hai0="5,12,100,84,131,95,24,107,124,67,44,64,57" hai1="94,72,28,122,123,109,81,79,6,52,8,91,68" hai2="106,2,128,51,104,118,110,92,41,56,53,50,16" hai3="11,65,115,83,63,120,76,47,27,112,1,32,60"/><W127/><G120/><T134/><D107/><U19/><E68/><V101/><F2/><W105/><G127/><T129/><D124/><U93/><E109/><V54/><F41/><W130/><G130/><T89/><D134/><U75/><E75/><V96/><F118/><W113/><G105/><T45/><D100/><U87/><E28/><V69/><F69/><W103/><G103/><T121/><D121/><U40/><E40/><V29/><F110/><W71/><G47/><N who="0" m="17995" /><D57/><U31/><E31/><V30/><F128/><N who="0" m="49226" /><D24/><U126/><E126/><V133/><F133/><W70/><G27/><T42/><D42/><U37/><E37/><V26/><F29/><W35/><G63/><T98/><D98/><U82/><E19/><V119/><F119/><W61/><G61/><T77/><D77/><U80/><E52/><V3/><F104/><W85/><REACH who="3" step="1"/><G71/><REACH who="3" ten="211,235,346,178" step="2"/><T22/><D22/><U39/><E123/><V117/><F26/><W14/><G14/><T15/><D15/><U13/><E122/><V102/><F101/><W73/><G73/><T132/><D132/><U59/><E72/><V135/><F135/><W125/><G125/><T25/><D25/><U108/><E13/><V4/><F106/><W58/><G58/><T49/><D49/><U111/><E59/><V43/><F56/><W74/><G74/><T66/><D66/><U55/><E108/><V62/><F51/><W9/><G9/><AGARI ba="2,3" hai="5,9,12,64,67,84,89,95" m="49226,17995" machi="9" ten="30,1000,0" yaku="19,1" doraHai="23" who="0" fromWho="3" sc="211,46,235,0,346,0,178,-16" owari="257,5.7,235,-16.5,346,44.6,162,-33.8" /></mjloggm>