<mjloggm ver="2.3"><GO type="225" lobby="0"/><UN n0="%E3%81%8B%E3%82%8F%E3%81%A1%E3%82%83%E3%82%93%35%38" n1="%E3%81%A4%E3%81%A3%E3%81%B1%E3%82%8A%E3%83%9D%E3%83%BC%E3%83%AB" n2="%E5%91%A8%E6%9D%B1" n3="%E7%B4%94%E6%BD%94%E3%83%94%E3%83%A9%E3%83%8B%E3%82%A2" dan="16,17,16,17" rate="2131.32,2156.01,2201.44,2212.84" sx="M,M,M,M"/><TAIKYOKU oya="0"/><INIT seed="0,0,0,2,4,95" ten="250,250,250,250" oya="0" hai0="38,43,106,104,16,70,62,14,81,57,53,32,131" hai1="73,110,48,74,50,27,117,21,20,12,63,100,7" hai2="99,58,8,107,39,69,25,86,41,105,61,28,113" hai3="45,93,79,71,132,0,94,119,65,88,98,4,134"/><T23/><D131/><U109/><E117/><V60/><F113/><W33/><G119/><T122/><D122/><U51/><E100/><V15/><F86/><W55/><G33/><T34/><D70/><U128/><E128/><V83/><F83/><W30/><G30/><T103/><D81/><U1/><E1/><V130/><F130/><W101/><G79/><T52/><D53/><U90/><E90/><V17/><F41/><W56/><G45/><T126/><D126/><U89/><E89/><V108/><F39/><W2/><G65/><T123/><D123/><U112/><E63/><V5/><F5/><W111/><G71/><T11/><D23/><N who="1" m="8779" /><E27/><V102/><F69/><W49/><G111/><N who="1" m="42506" /><E112/><V31/><F108/><W26/><G26/><T91/><D91/><U42/><E42/><V47/><F25/><W80/><G80/><T121/><D121/><U125/><E125/><V118/><F118/><W18/><G18/><T22/><D103/><U44/><E44/><V10/><F47/><W76/><G76/><T3/><D43/><U133/><E133/><N who="3" m="51306" /><G4/><N who="0" m="1439" /><D38/><U72/><E7/><V54/><F107/><W59/><G56/><T75/><D75/><U9/><E9/><V129/><F129/><W85/><AGARI ba="0,0" hai="0,2,49,55,59,85,88,93,94,98,101" m="51306" machi="85" ten="30,4000,0" yaku="20,1,52,1,54,1" doraHai="95" who="3" fromWho="3" sc="250,-20,250,-10,250,-10,250,40" /><INIT seed="1,0,0,2,2,32" ten="230,240,240,290" oya="1" hai0="66,58,17,29,41,126,90,50,104,71,74,132,43" hai1="45,100,40,130,92,84,131,72,107,64,82,115,63" hai2="97,54,76,56,93,61,21,79,124,51,121,105,15" hai3="119,134,110,116,70,120,127,60,31,14,9,83,112"/><U88/><E115/><V113/><F121/><W98/><G120/><T91/><D104/><U37/><E107/><V49/><F113/><W135/><G31/><T18/><D74/><U1/><E1/><V111/><F111/><W101/><G83/><T59/><D71/><U42/><E42/><V35/><F35/><W62/><G110/><T34/><D34/><U4/><E4/><V95/><F105/><N who="3" m="63671" /><G127/><T48/><D29/><U125/><E125/><V19/><F124/><W10/><G10/><T47/><D126/><U99/><REACH who="1" step="1"/><E72/><REACH who="1" ten="230,230,240,290" step="2"/><V73/><F73/><W77/><G112/><T12/><D132/><N who="3" m="50729" /><G77/><T78/><D78/><U39/><E39/><V117/><F79/><W103/><G103/><T25/><D91/><U86/><E86/><V68/><F76/><W118/><G70/><AGARI ba="0,1" hai="37,40,45,63,64,70,82,84,88,92,99,100,130,131" machi="70" ten="40,3900,0" yaku="1,1,54,1,53,0" doraHai="32" doraHaiUra="28" who="1" fromWho="3" sc="230,0,230,49,240,0,290,-39" /><INIT seed="1,1,0,5,1,87" ten="230,279,240,251" oya="1" hai0="98,22,130,109,55,14,116,45,106,114,28,6,47" hai1="127,66,92,72,79,11,65,68,42,29,23,131,108" hai2="110,84,90,21,115,12,35,67,36,58,105,73,50" hai3="17,119,7,71,18,9,51,52,48,129,103,27,41"/><U100/><E68/><V26/><F73/><W96/><G71/><T25/><D114/><U46/><E131/><V40/><F115/><W63/><G129/><T88/><D116/><U132/><E132/><V37/><F105/><W117/><G41/><T38/><D130/><U74/><E127/><V59/><F110/><W76/><G76/><T104/><D104/><U1/><E74/><V44/><F35/><W75/><G63/><T99/><D109/><U101/><E23/><V124/><F124/><W24/><G48/><N who="0" m="29071" /><D38/><N who="1" m="21847" /><E29/><V83/><F12/><N who="3" m="5183" /><G75/><T94/><D47/><U49/><E49/><V32/><F32/><W123/><G123/><T8/><D106/><U31/><E31/><V118/><F118/><N who="3" m="45067" /><G18/><T120/><D120/><U5/><E108/><V4/><F4/><W77/><G17/><T20/><D20/><U125/><E125/><V3/><F3/><W13/><G13/><T126/><D126/><U78/><E78/><V86/><F37/><W91/><G77/><T64/><D64/><U30/><E30/><N who="2" m="17743" /><F67/><W107/><G24/><T112/><D112/><U62/><E66/><V56/><F36/><W19/><G27/><T54/><D54/><U111/><E111/><V133/><F133/><W113/><G113/><T95/><D95/><U33/><E33/><V135/><F135/><W122/><G122/><T57/><D57/><N who="1" m="37071" /><E92/><N who="2" m="54343" /><F59/><N who="3" m="33183" /><G19/><T102/><D99/><U134/><E134/><V0/><F0/><W93/><G107/><T43/><D43/><U34/><E34/><V15/><F15/><W39/><G39/><T61/><D61/><U70/><E70/><V128/><F128/><RYUUKYOKU ba="1,0" sc="230,0,279,0,240,0,251,0" hai0="6,8,14,22,25,28,88,94,98,102" hai1="1,5,11,72,79,100,101" hai2="40,44,50,56,58,83,86" hai3="91,93,96,103" /><INIT seed="1,2,0,1,1,110" ten="230,279,240,251" oya="1" hai0="50,93,0,130,120,40,63,114,104,86,33,68,111" hai1="56,12,43,71,91,88,54,15,96,109,128,119,44" hai2="127,74,57,66,59,45,60,131,53,21,8,5,28" hai3="2,29,22,67,47,87,64,46,99,34,113,39,135"/><U49/><E119/><V26/><F127/><W6/><G34/><T129/><D104/><U18/><E71/><V48/><F131/><N who="0" m="50186" /><D0/><U115/><E115/><V75/><REACH who="2" step="1"/><F45/><REACH who="2" ten="230,279,230,251" step="2"/><W55/><G46/><T112/><D111/><U106/><E128/><V125/><F125/><W116/><G47/><N who="0" m="25959" /><D120/><U76/><E109/><V70/><F70/><W11/><G116/><T61/><D33/><U101/><E76/><V38/><F38/><W13/><G39/><T124/><D124/><U52/><E43/><V89/><F89/><W20/><G135/><T102/><D68/><U3/><E91/><V80/><F80/><W79/><G79/><T36/><D36/><U16/><E88/><V35/><F35/><W9/><G99/><N who="0" m="59759" /><D86/><U133/><E133/><V25/><F25/><W10/><G87/><T72/><D72/><U51/><E3/><AGARI ba="2,1" hai="3,5,8,21,26,28,48,53,57,59,60,66,74,75" machi="3" ten="30,2000,0" yaku="1,1,7,1,53,0" doraHai="110" doraHaiUra="132" who="2" fromWho="1" sc="230,0,279,-26,230,36,251,0" /><INIT seed="2,0,0,0,3,92" ten="230,253,266,251" oya="2" hai0="119,67,31,109,33,90,34,103,5,131,91,99,63" hai1="94,124,133,115,116,52,111,53,134,29,88,1,79" hai2="70,38,6,108,117,82,77,57,43,122,126,2,50" hai3="64,17,86,45,37,120,130,97,125,9,73,4,11"/><V95/><F122/><W74/><G120/><T19/><D109/><U30/><E115/><V56/><F117/><W135/><G135/><N who="1" m="51722" /><E116/><V10/><F70/><W8/><G125/><T106/><D119/><U41/><E111/><V110/><F126/><W123/><G123/><T129/><D5/><U105/><E105/><V87/><F108/><W62/><G86/><T23/><D33/><U36/><E1/><V83/><F110/><W121/><G121/><T42/><D42/><U69/><E69/><V93/><F83/><W112/><G4/><T48/><D48/><U24/><E79/><V98/><F95/><W107/><G17/><T84/><D31/><N who="1" m="11787" /><E24/><V66/><F66/><W113/><G130/><N who="0" m="49675" /><D84/><N who="1" m="52487" /><E124/><V58/><F38/><W78/><G78/><T3/><D3/><U72/><E72/><V76/><F76/><W71/><G73/><T81/><D81/><U60/><E60/><V65/><F43/><W85/><G85/><T54/><D34/><U100/><E100/><V75/><F75/><W28/><G74/><T127/><D127/><U32/><E32/><V101/><REACH who="2" step="1"/><F65/><REACH who="2" ten="230,253,256,251" step="2"/><W128/><G128/><T22/><D67/><U132/><E132/><V18/><F18/><W46/><G28/><T114/><D114/><N who="3" m="44137" /><G37/><T12/><D19/><U55/><E36/><V89/><F89/><W80/><G80/><T51/><D91/><U26/><E41/><V102/><F102/><AGARI ba="0,1" hai="8,9,11,45,46,62,64,71,97,102,107" m="44137" machi="102" ten="30,2000,0" yaku="11,1,52,1" doraHai="92" who="3" fromWho="2" sc="230,0,253,0,256,-20,251,30" /><INIT seed="3,0,0,5,2,23" ten="230,253,236,281" oya="3" hai0="119,4,101,54,17,60,37,133,70,3,134,48,58" hai1="73,120,125,87,14,98,76,88,80,57,66,12,86" hai2="104,6,52,65,16,67,1,132,41,11,40,109,82" hai3="91,129,105,10,7,74,64,28,71,26,5,2,121"/><W84/><G121/><T68/><D119/><U100/><E120/><V113/><F113/><W61/><G129/><T111/><D37/><U36/><E36/><V8/><F104/><W118/><G105/><T81/><D111/><U50/><E125/><V94/><F109/><W115/><G74/><T56/><D101/><U63/><E50/><V69/><F132/><N who="0" m="50794" /><D81/><U95/><REACH who="1" step="1"/><E87/><REACH who="1" ten="230,243,236,281" step="2"/><V45/><F41/><W114/><G118/><T21/><D3/><U130/><E130/><V0/><F40/><W30/><G114/><T35/><D35/><U89/><E89/><V44/><F0/><W122/><G115/><T13/><D4/><U53/><E53/><AGARI ba="0,1" hai="13,17,21,48,53,54,56,58,60,68,70" m="50794" machi="53" ten="30,1000,0" yaku="20,1" doraHai="23" who="0" fromWho="1" sc="230,20,243,-10,236,0,281,0" /><INIT seed="4,0,0,5,1,132" ten="250,233,236,281" oya="0" hai0="48,97,7,64,89,53,24,72,118,73,126,14,18" hai1="79,20,96,114,22,37,134,62,101,59,82,119,70" hai2="27,61,31,16,117,71,2,13,49,4,21,54,36" hai3="19,1,42,57,8,15,77,29,44,28,78,100,0"/><T91/><D118/><U120/><E119/><V133/><F133/><W107/><G107/><T32/><D64/><U51/><E37/><V127/><F117/><W60/><G100/><T5/><D32/><U122/><E134/><V112/><F36/><W40/><G0/><T63/><D63/><U30/><E70/><V52/><F112/><W108/><G1/><T38/><D38/><U124/><E114/><V129/><F129/><W74/><G108/><T105/><D24/><U35/><E51/><V98/><F127/><W88/><G74/><T69/><D69/><U80/><E35/><V58/><F98/><W41/><G44/><T68/><D68/><U76/><E30/><V104/><F104/><W87/><G28/><T26/><D26/><U95/><E124/><V65/><F54/><N who="3" m="33847" /><G29/><T10/><D126/><U39/><E39/><V90/><F90/><N who="0" m="34314" /><D73/><U75/><E122/><V83/><F83/><AGARI ba="0,0" hai="8,15,19,40,41,42,77,78,83,87,88" m="33847" machi="83" ten="30,2000,0" yaku="8,1,54,1" doraHai="132" who="3" fromWho="2" sc="250,0,233,0,236,-20,281,20" owari="250,5.0,233,-16.7,216,-28.4,301,40.1" /></mjloggm>