<mjloggm ver="2.3"><GO type="225" lobby="0"/><UN n0="%E3%82%A4%E3%82%AD%E3%83%AA" n1="%E7%9A%AE%E3%80%85" n2="%E3%81%95%E3%81%8D%E3%81%9F%E3%81%BE%E6%9E%97%E6%AA%8E" n3="%E8%81%B7%E6%A5%AD%E3%80%81%E9%A2%A8%32" dan="16,16,16,16" rate="2054.39,2156.95,2086.56,2158.46" sx="M,M,M,M"/><TAIKYOKU oya="0"/><INIT seed="0,0,0,3,0,16" ten="250,250,250,250" oya="0" hai0="11,9,113,80,0,102,93,82,91,28,72,65,132" hai1="127,70,85,20,83,26,98,31,42,18,114,21,41" hai2="64,130,30,7,110,118,15,99,33,90,125,75,63" hai3="38,81,131,109,77,32,19,2,60,22,88,100,51"/><T57/><D113/><U59/><E70/><V115/><F115/><W47/><G32/><T35/><D132/><U67/><E127/><V69/><F75/><W61/><G109/><T73/><D102/><U95/><E114/><V129/><F110/><W92/><G2/><T52/><D65/><U79/><E59/><V1/><F1/><W24/><G38/><T71/><D71/><U48/><E48/><V116/><F125/><W56/><G100/><T3/><D28/><U45/><E45/><V12/><F30/><W86/><G56/><T53/><D57/><U84/><E84/><V10/><F15/><W134/><G134/><T89/><REACH who="0" step="1"/><D93/><REACH who="0" ten="240,250,250,250" step="2"/><U54/><E67/><V66/><F64/><W96/><REACH who="3" step="1"/><G131/><REACH who="3" ten="240,250,250,240" step="2"/><N who="2" m="50185" /><F33/><AGARI ba="0,2" hai="0,3,9,11,33,35,52,53,72,73,80,82,89,91" machi="33" ten="25,18000,2" yaku="1,1,22,2,54,1,53,2" doraHai="16" doraHaiUra="4" who="0" fromWho="2" sc="240,200,250,0,250,-180,240,0" /><INIT seed="0,1,0,0,0,96" ten="440,250,70,240" oya="0" hai0="43,33,77,44,47,49,52,88,89,125,78,106,123" hai1="91,34,71,76,29,37,3,120,100,118,22,28,116" hai2="99,85,83,66,23,39,30,13,133,35,134,119,53" hai3="36,103,109,48,45,26,122,97,27,135,57,130,84"/><T112/><D123/><U1/><E120/><V87/><F39/><W10/><G109/><T9/><D112/><U32/><E37/><V46/><F119/><W124/><G130/><T16/><D33/><U0/><E71/><V74/><F74/><W102/><G36/><T75/><D106/><U72/><E91/><N who="0" m="34889" /><D75/><U126/><E72/><V11/><F66/><W107/><G107/><T92/><D125/><U110/><E76/><N who="0" m="29289" /><D92/><U128/><E128/><V12/><F35/><N who="1" m="13353" /><E110/><V129/><F129/><W7/><G124/><T61/><D61/><U111/><E111/><V69/><F69/><W51/><G122/><T67/><D67/><U93/><E93/><V15/><F83/><W117/><G117/><N who="1" m="45162" /><E126/><V113/><F87/><W5/><G84/><T19/><D9/><U25/><E100/><V21/><F85/><W70/><G103/><T131/><D131/><U98/><E98/><V79/><F99/><W50/><G102/><T104/><D104/><U105/><E105/><V82/><F79/><W90/><G10/><T115/><D115/><U14/><E14/><V81/><F15/><W31/><G97/><T101/><D101/><U62/><E62/><V114/><F13/><W41/><G70/><T2/><D2/><N who="1" m="515" /><U20/><DORA hai="38" /><E25/><N who="2" m="16687" /><F114/><W121/><G27/><T94/><D94/><U68/><E68/><V6/><F113/><W55/><G26/><T58/><D47/><U86/><E86/><V65/><F46/><W59/><G45/><T127/><D127/><U24/><E24/><V95/><F95/><W17/><G121/><T54/><D54/><U63/><E63/><RYUUKYOKU ba="1,0" sc="440,15,250,15,70,-15,240,-15" hai0="16,19,43,44,49,52,58" hai1="20,22,28,29" /><INIT seed="0,2,0,2,0,47" ten="455,265,55,225" oya="0" hai0="72,40,67,107,10,93,122,6,118,104,63,36,32" hai1="50,21,131,91,132,34,102,133,15,81,39,121,0" hai2="119,109,57,3,90,130,55,127,64,16,37,86,56" hai3="35,83,5,101,125,70,92,73,25,103,60,71,8"/><T94/><D118/><U19/><E121/><V116/><F109/><W14/><G125/><T43/><D122/><U129/><E39/><V52/><F37/><W41/><G41/><T11/><D32/><U31/><E0/><V44/><F3/><W117/><G117/><N who="2" m="45129" /><F127/><W95/><G73/><T12/><D72/><U96/><E31/><V45/><F130/><N who="1" m="49673" /><E34/><V33/><F33/><W79/><G70/><T85/><D85/><N who="1" m="50607" /><E50/><N who="2" m="30743" /><F64/><W89/><G71/><T7/><D67/><U84/><E84/><V54/><F54/><W124/><G124/><T59/><D36/><U24/><E24/><V22/><F86/><N who="3" m="48511" /><G25/><T80/><D63/><U105/><AGARI ba="2,0" hai="15,19,21,96,102,105,132,133" m="50607,49673" machi="105" ten="30,1100,0" yaku="19,1" doraHai="47" who="1" fromWho="1" sc="455,-7,265,17,55,-5,225,-5" /><INIT seed="1,0,0,4,4,88" ten="448,282,50,220" oya="1" hai0="67,50,128,74,0,123,30,114,69,37,42,41,70" hai1="103,24,15,122,101,109,12,116,27,59,19,48,11" hai2="66,8,16,52,98,83,6,119,18,3,68,120,73" hai3="65,104,32,108,80,111,14,94,47,17,5,33,134"/><U115/><E116/><V117/><F120/><W76/><G104/><T49/><D74/><U106/><E115/><V91/><F119/><W72/><G134/><T62/><D0/><U54/><E122/><V29/><F117/><W96/><G5/><T82/><D82/><U63/><E109/><N who="3" m="42058" /><G65/><T79/><D79/><U45/><E15/><V130/><F130/><W86/><G47/><T78/><D78/><U135/><E135/><V20/><F73/><W21/><G72/><T77/><D77/><U81/><E81/><V46/><F66/><W92/><G96/><T125/><D30/><U60/><E60/><V23/><F68/><W34/><AGARI ba="0,0" hai="14,17,21,32,33,34,76,80,86,92,94" m="42058" machi="34" ten="40,5200,0" yaku="14,1,52,2" doraHai="88" who="3" fromWho="3" sc="448,-13,282,-26,50,-13,220,52" /><INIT seed="2,0,0,0,5,71" ten="435,256,37,272" oya="2" hai0="108,134,98,17,28,119,96,123,52,32,121,2,64" hai1="113,55,0,73,105,115,122,51,70,1,24,18,19" hai2="94,81,127,111,78,62,89,5,74,106,103,75,101" hai3="93,84,25,107,8,27,48,125,26,67,135,58,124"/><V39/><F5/><W31/><G107/><T34/><D2/><U13/><E73/><N who="2" m="43215" /><F62/><N who="3" m="38359" /><G135/><T37/><D134/><U110/><E70/><V50/><F50/><W97/><G84/><T116/><D64/><U83/><E122/><V131/><F39/><W68/><G68/><T128/><D37/><U117/><E117/><V129/><F127/><N who="3" m="48715" /><G8/><T44/><D17/><U16/><E105/><V53/><F53/><W109/><G48/><T49/><D96/><U88/><E110/><V11/><F11/><W57/><G57/><T91/><D108/><U77/><E24/><V133/><F133/><W86/><G86/><T41/><D123/><U126/><E126/><V4/><F4/><W114/><G114/><T99/><D99/><U12/><E115/><V33/><F33/><N who="3" m="20719" /><G109/><T6/><D34/><U36/><E113/><V3/><F3/><W102/><AGARI ba="0,0" hai="26,27,93,97,102" m="20719,48715,38359" machi="102" ten="30,1100,0" yaku="18,1" doraHai="71" who="3" fromWho="3" sc="435,-3,256,-3,37,-5,272,11" /><INIT seed="3,0,0,2,1,6" ten="432,253,32,283" oya="3" hai0="60,94,24,39,62,64,111,13,84,116,87,12,67" hai1="23,69,14,82,54,114,96,17,98,70,0,48,74" hai2="81,9,134,11,34,1,46,122,3,104,105,42,80" hai3="86,63,108,59,112,127,10,30,66,27,110,106,124"/><W83/><G106/><T5/><D111/><N who="3" m="42537" /><G112/><T101/><D39/><U16/><E0/><V44/><F42/><W33/><G10/><N who="0" m="4175" /><D116/><U117/><E114/><V132/><REACH who="2" step="1"/><F34/><REACH who="2" ten="432,253,22,283" step="2"/><W97/><G97/><N who="0" m="59575" /><D24/><U31/><E117/><V65/><F65/><N who="0" m="25162" /><D13/><U90/><E98/><V15/><F15/><W47/><G47/><T119/><D119/><U75/><E96/><V130/><F130/><W103/><G103/><T118/><D118/><U20/><E31/><V89/><F89/><AGARI ba="0,1" hai="27,30,33,59,63,66,83,86,89,124,127" m="42537" machi="89" ten="30,2900,0" yaku="14,1,10,1" doraHai="6" who="3" fromWho="2" sc="432,0,253,0,22,-29,283,39" owari="432,53.2,253,-14.7,-7,-50.7,322,12.2" /></mjloggm>