<mjloggm ver="2.3"><GO type="225" lobby="0"/><UN n0="%E3%81%99%E3%81%84%E3%81%BE%E3%81%9B%E3%83%BC%E3%82%93" n1="%E6%9D%B1%E9%A2%A8%E3%81%AE%E3%81%8D%E3%82%83%E3%81%B7%E3%81%95%E3%82%93" n2="%E3%81%A4%E3%81%A3%E3%81%B1%E3%82%8A%E3%83%9D%E3%83%BC%E3%83%AB" n3="%E5%8C%97%E6%AC%A7%E3%81%AE%E3%82%82%E3%81%93%E3%81%86" dan="18,16,17,16" rate="2229.85,2168.81,2226.73,2136.99" sx="M,M,M,M"/><TAIKYOKU oya="0"/><INIT seed="0,0,0,2,2,58" ten="250,250,250,250" oya="0" hai0="21,129,79,39,75,113,109,121,63,49,119,107,125" hai1="68,5,60,43,28,104,85,65,35,86,59,111,23" hai2="84,100,67,96,64,44,45,124,3,76,120,11,13" hai3="87,101,97,32,134,29,50,116,93,10,12,133,1"/><T24/><RYUUKYOKU type="yao9" ba="0,0" sc="250,0,250,0,250,0,250,0" hai0="21,24,39,49,63,75,79,107,109,113,119,121,125,129" /><INIT seed="0,1,0,3,1,69" ten="250,250,250,250" oya="0" hai0="92,57,67,122,113,82,72,98,95,85,40,36,54" hai1="87,18,39,126,22,25,59,56,120,23,32,47,17" hai2="117,124,129,116,101,75,6,9,1,20,19,61,109" hai3="4,112,132,99,128,127,89,60,14,46,78,131,103"/><T5/><D113/><U3/><E120/><V107/><F75/><W58/><G112/><T31/><D122/><U8/><E126/><V104/><F124/><W30/><G127/><T15/><D72/><U73/><E32/><V26/><F109/><W43/><G78/><T64/><D31/><U45/><E73/><V53/><F129/><N who="3" m="49739" /><G30/><T63/><D40/><U81/><E8/><V94/><F94/><N who="0" m="35882" /><D36/><U44/><E3/><V110/><F110/><W135/><G89/><N who="0" m="51383" /><D98/><U7/><E7/><V91/><F91/><W76/><G76/><T125/><D125/><U27/><REACH who="1" step="1"/><E39/><REACH who="1" ten="250,240,250,250" step="2"/><V90/><F101/><W96/><G103/><T79/><D79/><AGARI ba="1,1" hai="17,18,22,23,25,27,44,45,47,56,59,79,81,87" machi="79" ten="40,8000,1" yaku="1,1,2,1,9,1,8,1,53,0" doraHai="69" doraHaiUra="35" who="1" fromWho="0" sc="250,-83,240,93,250,0,250,0" /><INIT seed="1,0,0,1,0,82" ten="167,333,250,250" oya="1" hai0="97,128,48,99,101,121,83,104,65,107,94,85,0" hai1="110,124,127,58,30,2,86,122,63,42,45,69,18" hai2="70,24,103,80,60,114,109,88,133,81,34,43,40" hai3="66,55,84,51,67,79,89,72,134,54,44,36,14"/><U35/><E2/><V123/><F123/><W125/><G134/><T102/><D0/><U5/><E122/><V96/><F133/><W73/><G125/><N who="1" m="48202" /><E5/><V116/><F116/><W91/><G36/><T135/><D121/><U11/><E69/><V22/><F109/><W76/><G14/><T10/><D135/><U31/><E110/><V95/><F34/><W33/><G33/><T49/><D128/><U87/><E18/><V9/><F9/><W23/><G23/><T25/><D10/><U26/><E11/><V117/><F117/><W112/><G112/><T56/><D25/><U46/><E30/><V131/><F131/><W61/><G61/><T111/><D111/><U93/><E93/><V27/><F27/><W57/><G57/><T29/><D29/><U71/><E71/><V20/><F20/><W21/><G21/><T90/><REACH who="0" step="1"/><D94/><REACH who="0" ten="157,333,250,250" step="2"/><U6/><E6/><V39/><F95/><W62/><G72/><T4/><D4/><U12/><E12/><V52/><F24/><W126/><G73/><T120/><D120/><U28/><E28/><V119/><F119/><W59/><G126/><T7/><D7/><U105/><E26/><V41/><F22/><W132/><G132/><T13/><D13/><U68/><E31/><V98/><F114/><W129/><G129/><T50/><D50/><U78/><E35/><V1/><F1/><W77/><G91/><T92/><D92/><AGARI ba="0,1" hai="44,51,54,55,59,62,66,67,76,77,79,84,89,92" machi="92" ten="40,2600,0" yaku="8,1,52,1" doraHai="82" who="3" fromWho="0" sc="157,-26,333,0,250,0,250,36" /><INIT seed="2,0,0,0,1,97" ten="131,333,250,286" oya="2" hai0="19,41,79,124,109,42,59,44,114,122,120,54,62" hai1="99,38,51,123,106,83,119,47,31,61,81,1,52" hai2="89,73,32,90,93,107,72,80,77,27,9,30,101" hai3="57,50,133,71,125,29,94,132,4,25,15,69,68"/><V78/><F107/><W40/><G125/><T130/><D79/><U66/><E1/><V98/><REACH who="2" step="1"/><F9/><REACH who="2" ten="131,333,240,286" step="2"/><W20/><G133/><T113/><D124/><U112/><E106/><V5/><F5/><W75/><G132/><T134/><D134/><U88/><E119/><V8/><F8/><W49/><G4/><T102/><D122/><U35/><E123/><V117/><F117/><W110/><G69/><T12/><D120/><U84/><E112/><V92/><F92/><W2/><G71/><T103/><D114/><U60/><E38/><V26/><F26/><W45/><G68/><T3/><D113/><U18/><E18/><V10/><F10/><W74/><G25/><T13/><D130/><U0/><E0/><V24/><F24/><W43/><G94/><T58/><D3/><U108/><E31/><V126/><F126/><W67/><G2/><T48/><D109/><U16/><E16/><V34/><F34/><W17/><G29/><T127/><D127/><U65/><E35/><V6/><F6/><W22/><G110/><T37/><D13/><U118/><E108/><V111/><F111/><W53/><G20/><T128/><D128/><U33/><E33/><V46/><F46/><N who="3" m="25799" /><G22/><N who="0" m="11623" /><D37/><U70/><E118/><V36/><F36/><N who="3" m="21735" /><G15/><T55/><D59/><N who="1" m="37023" /><E81/><AGARI ba="0,1" hai="27,30,32,72,73,77,78,80,81,89,90,93,98,101" machi="81" ten="40,12000,1" yaku="1,1,9,1,52,1,53,2" doraHai="97" doraHaiUra="105" who="2" fromWho="1" sc="131,0,333,-120,240,130,286,0" /><INIT seed="2,1,0,2,5,92" ten="131,213,370,286" oya="2" hai0="115,72,29,120,69,132,53,54,45,34,3,107,62" hai1="1,55,119,61,60,10,7,117,78,43,109,17,31" hai2="113,19,91,84,70,40,74,88,112,22,96,5,13" hai3="18,0,122,101,27,42,89,108,2,39,103,86,100"/><V59/><F70/><W87/><G108/><T118/><RYUUKYOKU type="yao9" ba="1,0" sc="131,0,213,0,370,0,286,0" hai0="3,29,34,45,53,54,62,69,72,107,115,118,120,132" /><INIT seed="2,2,0,0,3,15" ten="131,213,370,286" oya="2" hai0="71,9,29,106,109,28,125,24,31,18,44,63,42" hai1="75,14,115,99,58,8,73,77,2,50,78,84,45" hai2="5,40,59,108,86,82,10,52,19,56,118,130,95" hai3="90,32,55,41,102,47,127,74,87,66,116,101,80"/><V112/><F112/><W133/><G116/><T7/><D109/><U113/><E2/><V11/><F118/><W30/><G74/><T33/><D125/><U120/><E120/><V22/><F130/><W104/><G66/><T85/><D106/><U39/><E39/><V17/><F40/><W25/><G133/><T21/><D71/><U88/><E58/><V53/><F5/><W23/><G127/><T62/><D85/><U6/><E99/><V37/><F37/><W97/><G55/><T48/><REACH who="0" step="1"/><D33/><REACH who="0" ten="121,213,370,286" step="2"/><U81/><E115/><V0/><F108/><W70/><G70/><T34/><D34/><U12/><E113/><V61/><F86/><W126/><G126/><T1/><AGARI ba="2,1" hai="1,7,9,18,21,24,28,29,31,42,44,48,62,63" machi="1" ten="30,4000,0" yaku="1,1,0,1,52,1,53,0" doraHai="15" doraHaiUra="96" who="0" fromWho="0" sc="121,56,213,-12,370,-22,286,-12" /><INIT seed="3,0,0,5,0,87" ten="177,201,348,274" oya="3" hai0="62,5,74,68,129,98,126,85,55,86,2,22,40" hai1="66,99,16,44,41,4,116,64,10,0,97,13,118" hai2="37,135,119,47,78,9,70,15,39,90,117,101,106" hai3="6,76,79,77,124,32,123,67,12,48,132,112,54"/><W133/><G112/><T102/><D74/><U130/><E130/><V33/><F33/><W18/><G123/><T81/><D129/><U96/><E0/><V56/><F70/><W38/><G38/><T111/><D111/><U83/><E83/><V88/><F78/><W46/><G32/><T100/><D126/><U49/><REACH who="1" step="1"/><E4/><REACH who="1" ten="177,191,348,274" step="2"/><V93/><F119/><AGARI ba="0,1" hai="10,13,16,41,44,49,64,66,96,97,99,116,118,119" machi="119" ten="40,8000,1" yaku="1,1,2,1,12,1,54,1,53,0" doraHai="87" doraHaiUra="91" who="1" fromWho="2" sc="177,0,191,90,348,-80,274,0" /><INIT seed="4,0,0,3,4,64" ten="177,281,268,274" oya="0" hai0="41,20,52,126,19,73,122,61,135,14,75,70,65" hai1="78,60,2,96,1,36,108,124,84,94,79,42,30" hai2="72,33,66,12,98,100,91,134,125,40,18,26,105" hai3="58,56,128,71,39,95,67,132,110,10,117,127,55"/><T54/><D122/><U74/><E74/><V129/><F134/><W63/><G110/><T38/><D135/><U7/><E30/><V131/><F125/><W32/><G132/><T104/><D104/><U101/><E108/><V35/><F72/><W37/><G32/><T50/><D126/><U116/><E116/><V6/><F40/><W29/><G29/><T130/><D130/><N who="2" m="49674" /><F66/><W87/><G127/><T119/><D119/><U123/><E124/><V99/><F6/><W28/><G28/><T113/><D113/><U121/><E60/><V111/><F26/><W15/><G128/><T9/><D54/><U45/><E84/><V24/><F24/><W62/><G117/><T92/><D92/><U85/><E85/><V44/><F44/><W21/><G21/><T46/><REACH who="0" step="1"/><D20/><REACH who="0" ten="167,281,268,274" step="2"/><U34/><E123/><V83/><F111/><W80/><G95/><T97/><D97/><U120/><E120/><V49/><F99/><W4/><REACH who="3" step="1"/><G56/><AGARI ba="0,1" hai="9,14,19,38,41,46,50,52,56,61,65,70,73,75" machi="56" ten="30,18000,2" yaku="1,1,7,1,24,2,52,1,54,1,53,1" doraHai="64" doraHaiUra="11" who="0" fromWho="3" sc="167,190,281,0,268,0,274,-180" owari="357,45.7,281,8.1,268,-13.2,94,-40.6" /></mjloggm>