<mjloggm ver="2.3"><GO type="225" lobby="0"/><UN n0="%E3%83%A9%E3%83%BC%E3%83%A1%E3%83%B3%E4%BA%94%E9%83%8E" n1="%73%68%75%6D%70" n2="%E5%8F%AF%E5%85%90%E9%82%A3%E7%94%B1%E5%A4%9A" n3="%77%72%77%72%77%72%77%72" dan="16,16,16,17" rate="2151.15,2118.03,2129.38,2193.16" sx="M,M,F,M"/><TAIKYOKU oya="0"/><INIT seed="0,0,0,4,1,94" ten="250,250,250,250" oya="0" hai0="12,80,112,123,22,122,17,105,3,127,92,40,101" hai1="7,67,77,70,1,28,48,83,0,68,110,35,75" hai2="42,104,95,47,13,81,120,73,33,86,85,130,16" hai3="115,117,43,91,131,15,96,79,71,74,90,135,53"/><T8/><D112/><U93/><E110/><V20/><F120/><W125/><G115/><T100/><D127/><U132/><E132/><V14/><F104/><W5/><G117/><T32/><D32/><U49/><E28/><V10/><F33/><W118/><G118/><T109/><D109/><U61/><E70/><V9/><F130/><W58/><G131/><T82/><D40/><U107/><E35/><V19/><F73/><W87/><G135/><T55/><D105/><U39/><E49/><V128/><F128/><W46/><G71/><T89/><D123/><U98/><E39/><V119/><F119/><W37/><G74/><T88/><D122/><U134/><E134/><V44/><F20/><W34/><G34/><T62/><D3/><U108/><E108/><V26/><F26/><W30/><G30/><T66/><D55/><U4/><E107/><V18/><F18/><W45/><G45/><T59/><D89/><U106/><E106/><V29/><F29/><W65/><G65/><T124/><D124/><U113/><E113/><V126/><F126/><W103/><G125/><T72/><D8/><U50/><E0/><V23/><F23/><W78/><G15/><T57/><D57/><U52/><E1/><V63/><F63/><N who="3" m="36303" /><G5/><T38/><D38/><U41/><E50/><V129/><F129/><W97/><G90/><T114/><D114/><U25/><E41/><V102/><F42/><W24/><G24/><T76/><D82/><U111/><E111/><V54/><F54/><W69/><G69/><T133/><D133/><U2/><E68/><V11/><F81/><RYUUKYOKU ba="0,0" sc="250,30,250,-10,250,-10,250,-10" hai0="12,17,22,59,62,66,72,76,80,88,92,100,101" /><INIT seed="0,1,0,0,3,24" ten="280,240,240,240" oya="0" hai0="44,123,45,29,56,3,20,102,94,55,120,115,78" hai1="22,21,118,31,85,107,96,134,41,61,57,27,12" hai2="90,80,58,28,48,86,128,62,126,93,1,104,6" hai3="124,131,51,25,79,76,122,100,32,50,33,49,10"/><T19/><D115/><U135/><E118/><V127/><F104/><W0/><G131/><T34/><D3/><U133/><E41/><V132/><F132/><W77/><G124/><N who="2" m="47657" /><F128/><W71/><G71/><T17/><D78/><U108/><E108/><V88/><F48/><W2/><G122/><T54/><D34/><N who="3" m="13417" /><G25/><N who="0" m="16551" /><D123/><U82/><E96/><N who="2" m="57383" /><F6/><W26/><G26/><T97/><D120/><U101/><E101/><V37/><F1/><N who="3" m="619" /><G10/><T11/><D11/><U69/><E69/><V81/><F37/><W117/><G100/><T63/><D54/><U103/><E103/><V99/><F99/><W105/><G105/><T30/><D30/><U125/><E107/><V91/><F28/><W23/><G23/><T70/><D70/><U89/><E125/><V18/><F18/><AGARI ba="1,0" hai="17,18,19,44,45,55,56,63,94,97,102" m="16551" machi="18" ten="30,2900,0" yaku="8,1,52,1" doraHai="24" who="0" fromWho="2" sc="280,32,240,0,240,-32,240,0" /><INIT seed="0,2,0,0,1,23" ten="312,240,208,240" oya="0" hai0="49,55,126,56,14,58,105,45,9,44,4,132,52" hai1="113,119,123,69,124,20,128,19,99,103,107,35,31" hai2="115,38,42,106,109,36,21,2,28,77,8,96,98" hai3="60,82,33,131,64,40,66,43,118,51,11,116,71"/><T89/><D126/><U59/><E123/><V112/><F77/><W130/><G11/><T88/><D132/><U62/><E119/><N who="3" m="45610" /><G33/><T3/><D105/><U80/><E128/><N who="3" m="49194" /><G82/><T25/><D3/><U101/><E101/><V18/><F109/><W41/><G66/><T78/><D78/><U122/><E124/><V22/><F28/><W32/><G32/><T10/><D10/><U63/><E122/><V95/><F106/><W129/><N who="3" m="49202" /><W102/><DORA hai="72" /><G102/><T76/><D76/><U86/><E113/><V26/><F22/><W93/><G93/><T73/><D73/><U50/><E35/><V68/><F8/><W81/><G81/><T6/><D6/><U24/><E31/><V121/><F121/><W97/><G97/><N who="2" m="37481" /><F95/><W27/><G27/><T134/><D134/><U74/><E74/><V12/><F2/><W75/><G75/><T30/><D25/><U61/><E86/><V7/><F7/><W133/><G133/><T57/><D30/><U54/><REACH who="1" step="1"/><E80/><REACH who="1" ten="312,230,208,240" step="2"/><V117/><F117/><W0/><G0/><T48/><AGARI ba="2,1" hai="4,9,14,44,45,48,49,52,55,56,57,58,88,89" machi="48" ten="30,12000,1" yaku="0,1,9,1,8,1,54,2" doraHai="23,72" who="0" fromWho="0" sc="312,136,230,-42,208,-42,240,-42" /><INIT seed="0,3,0,4,3,124" ten="448,188,166,198" oya="0" hai0="21,68,78,19,115,56,63,44,50,103,11,17,107" hai1="105,33,42,91,72,54,96,48,40,133,120,102,90" hai2="47,53,101,7,67,76,49,131,31,58,29,41,130" hai3="23,85,16,81,118,121,112,28,1,86,9,113,134"/><T24/><D115/><U84/><E120/><V104/><F67/><W8/><G118/><T111/><D68/><U0/><E33/><V117/><F117/><W74/><G121/><T94/><D107/><U13/><E0/><V22/><F7/><W106/><G106/><T127/><D127/><U36/><E36/><V92/><F104/><W38/><G38/><T95/><D111/><U98/><E133/><V82/><F92/><W66/><G66/><N who="0" m="39271" /><D78/><U128/><E72/><N who="2" m="43271" /><F101/><W65/><G65/><T52/><D103/><U18/><E105/><V51/><F22/><W80/><G74/><T10/><D10/><U129/><E102/><V123/><F123/><W108/><G108/><T15/><AGARI ba="3,0" hai="11,15,17,19,21,24,44,50,52,94,95" m="39271" machi="15" ten="30,3000,0" yaku="8,1,54,1" doraHai="124" who="0" fromWho="0" sc="448,39,188,-13,166,-13,198,-13" /><INIT seed="0,4,0,5,1,118" ten="487,175,153,185" oya="0" hai0="67,48,0,31,11,120,77,14,74,88,46,55,38" hai1="45,15,4,33,70,80,34,110,18,83,29,127,5" hai2="102,79,24,100,134,50,39,20,52,27,51,40,76" hai3="113,105,129,93,16,92,72,121,112,22,6,103,2"/><T57/><D120/><U107/><E70/><V132/><F40/><W104/><G72/><T10/><D31/><U124/><E107/><V44/><F39/><W90/><G121/><T115/><D115/><U114/><E45/><V9/><F9/><W30/><G129/><T122/><D122/><U43/><E43/><V78/><F51/><W53/><G30/><T75/><D38/><U101/><E101/><V12/><F12/><W62/><G2/><T98/><D77/><U21/><E83/><V17/><REACH who="2" step="1"/><F27/><REACH who="2" ten="487,175,143,185" step="2"/><W61/><G113/><T97/><D10/><U64/><E114/><V36/><F36/><W28/><G112/><T125/><D11/><U71/><E15/><V119/><F119/><W116/><G116/><T128/><D14/><U54/><E4/><V65/><F65/><W131/><G6/><T89/><D48/><U85/><E64/><V94/><F94/><W7/><G93/><T130/><D67/><U58/><E5/><V117/><F117/><W1/><G92/><T81/><D0/><U26/><E26/><V82/><F82/><W108/><G7/><T133/><D81/><U49/><E80/><V95/><F95/><W66/><G1/><T41/><D41/><U3/><E49/><V13/><F13/><W47/><G66/><T106/><D128/><U42/><E3/><V23/><F23/><W135/><G131/><T56/><D130/><U123/><E42/><V109/><F109/><W96/><G108/><T63/><D106/><U19/><E110/><V25/><F25/><W59/><G105/><T37/><D37/><U68/><E21/><RYUUKYOKU ba="4,1" sc="487,-10,175,-10,143,30,185,-10" hai2="17,20,24,44,50,52,76,78,79,100,102,132,134" /><INIT seed="1,5,1,4,1,26" ten="477,165,173,175" oya="1" hai0="2,34,118,121,126,132,69,101,104,92,125,110,58" hai1="59,49,65,4,107,19,23,22,39,114,84,97,6" hai2="70,55,18,105,43,40,37,38,12,36,103,56,14" hai3="5,133,57,81,87,11,10,95,3,83,82,94,75"/><U91/><E39/><V124/><F70/><W123/><G123/><T134/><D110/><U1/><E114/><V0/><F0/><W135/><G75/><T32/><D118/><U54/><E1/><V117/><F117/><W76/><G11/><T88/><D69/><U66/><E23/><V16/><F124/><N who="0" m="47722" /><D121/><U93/><E107/><V122/><F122/><W111/><G111/><T44/><D2/><U100/><E4/><V17/><F103/><W46/><G46/><T113/><D113/><U102/><E6/><V79/><F79/><W48/><G76/><T29/><D58/><U78/><E78/><V25/><F105/><W53/><REACH who="3" step="1"/><G87/><REACH who="3" ten="477,165,173,165" step="2"/><N who="0" m="52255" /><D44/><U116/><E116/><V60/><REACH who="2" step="1"/><F25/><REACH who="2" ten="477,165,163,165" step="2"/><W51/><G51/><T13/><D134/><AGARI ba="5,3" hai="3,5,10,48,53,57,81,82,83,94,95,133,134,135" machi="134" ten="40,2600,0" yaku="1,1,20,1,53,0" doraHai="26" doraHaiUra="108" who="3" fromWho="0" sc="477,-41,165,0,163,0,165,71" /><INIT seed="2,0,0,4,1,108" ten="436,165,163,236" oya="2" hai0="54,131,134,33,13,18,27,75,58,110,114,126,2" hai1="98,116,17,100,42,61,60,20,111,133,123,93,94" hai2="119,71,4,106,120,49,44,78,10,79,127,14,130" hai3="59,55,92,135,26,125,56,23,24,46,6,72,88"/><V41/><F119/><W53/><G72/><T84/><D75/><U129/><E116/><V91/><F120/><W73/><G73/><T81/><D2/><U16/><E111/><V87/><F106/><W40/><G135/><T48/><D134/><U132/><E123/><V66/><F127/><W15/><G125/><T62/><D114/><U22/><E42/><V5/><F130/><W97/><G6/><T90/><D110/><U89/><E129/><V12/><F66/><W77/><G77/><T57/><D131/><U112/><E112/><V102/><F102/><W113/><G113/><T83/><D27/><U76/><E76/><V121/><F71/><W35/><G35/><T117/><D33/><U63/><E133/><V109/><F121/><W65/><G65/><N who="0" m="39119" /><D117/><U0/><E0/><V51/><F51/><N who="3" m="27079" /><G15/><T30/><D30/><U118/><E118/><V45/><F45/><W95/><G95/><N who="0" m="54727" /><D126/><U43/><E43/><V37/><F37/><W32/><G32/><T124/><D124/><U99/><REACH who="1" step="1"/><E132/><REACH who="1" ten="436,155,163,236" step="2"/><V39/><F109/><W70/><G70/><T67/><D67/><U103/><E103/><V64/><F64/><W36/><G36/><T25/><D25/><U28/><E28/><V105/><F39/><W7/><G24/><T74/><D74/><U9/><E9/><AGARI ba="0,1" hai="9,13,18,48,54,58,81,83" m="54727,39119" machi="9" ten="30,1000,0" yaku="8,1" doraHai="108" who="0" fromWho="1" sc="436,20,155,-10,163,0,236,0" /><INIT seed="3,0,0,2,1,69" ten="456,145,163,236" oya="3" hai0="134,19,63,67,120,112,71,59,14,131,81,11,22" hai1="96,15,85,6,31,87,32,111,44,2,128,82,113" hai2="18,125,38,10,99,68,20,1,46,43,94,16,49" hai3="9,17,122,48,91,23,97,89,73,21,123,33,86"/><W24/><G73/><T133/><D131/><U66/><E128/><V109/><F68/><W80/><G33/><T106/><D120/><U29/><E29/><V77/><F109/><W45/><G9/><T7/><D106/><U100/><E113/><V76/><F125/><W119/><G119/><T110/><D110/><U102/><E111/><V75/><F75/><W105/><G23/><T55/><D81/><U8/><E66/><V3/><F38/><W92/><REACH who="3" step="1"/><G105/><REACH who="3" ten="456,145,163,226" step="2"/><T30/><D112/><U34/><E34/><V64/><F10/><W36/><G36/><T101/><D22/><U135/><E32/><V56/><F20/><W79/><G79/><T12/><D11/><U126/><E2/><V132/><F1/><W93/><G93/><T57/><D134/><U0/><E0/><V114/><F3/><W5/><G5/><T90/><D7/><U117/><E117/><V41/><F132/><W39/><G39/><T103/><D133/><U74/><E135/><V65/><F77/><W95/><G95/><T83/><D83/><U118/><E118/><V51/><F76/><W58/><G58/><T42/><D59/><U84/><E82/><V88/><F114/><W60/><G60/><T98/><D57/><U72/><E126/><V27/><F56/><W61/><G61/><T127/><D63/><U53/><E6/><V25/><F64/><W28/><G28/><T37/><D67/><U54/><E31/><V62/><F65/><W129/><G129/><T13/><D30/><U40/><E8/><V78/><F62/><W130/><G130/><T47/><D127/><RYUUKYOKU ba="0,1" sc="456,-10,145,-10,163,-10,226,30" hai3="17,21,24,45,48,80,86,89,91,92,97,122,123" /><INIT seed="3,1,1,1,1,114" ten="446,135,153,256" oya="3" hai0="97,37,14,88,20,46,81,8,39,107,86,13,35" hai1="78,108,102,75,115,72,128,62,121,123,89,57,73" hai2="7,26,70,87,101,133,53,23,17,45,103,56,113" hai3="90,111,131,29,117,105,126,91,36,84,38,122,50"/><W59/><G117/><T11/><D35/><U10/><E115/><V9/><F70/><W127/><G122/><T32/><D32/><U40/><E108/><V58/><F113/><W130/><G105/><T76/><D37/><N who="3" m="14441" /><G29/><T82/><D39/><U44/><E78/><V27/><F133/><W134/><G111/><T95/><D20/><U64/><E128/><N who="3" m="49194" /><G50/><T28/><D107/><U85/><E10/><V83/><F27/><W116/><G59/><T15/><D28/><U104/><E102/><V99/><F45/><W60/><G60/><T71/><D46/><U5/><E5/><V49/><F58/><W100/><G100/><T120/><D120/><U74/><E104/><V109/><F109/><W52/><G52/><T48/><D48/><U79/><E79/><V22/><F103/><W34/><G116/><T47/><D47/><U94/><REACH who="1" step="1"/><E74/><REACH who="1" ten="446,125,153,256" step="2"/><V135/><F7/><W80/><G91/><T98/><D71/><U0/><E0/><V92/><F135/><W4/><G4/><T16/><D88/><U6/><E6/><V61/><F9/><W77/><G90/><T24/><D8/><U106/><E106/><V1/><F1/><W12/><G134/><T68/><D11/><U112/><E112/><V93/><F93/><W125/><G34/><T110/><D110/><U65/><E65/><V31/><F23/><W33/><G33/><T119/><D81/><U43/><E43/><V25/><F83/><W30/><G80/><T63/><D63/><U118/><E118/><V42/><F61/><W41/><G77/><T19/><D76/><U51/><AGARI ba="1,2" hai="40,44,51,57,62,64,72,73,75,85,89,94,121,123" machi="51" ten="30,7900,0" yaku="1,1,5,1,0,1,53,1" doraHai="114" doraHaiUra="54" who="1" fromWho="1" sc="446,-21,125,102,153,-21,256,-40" owari="425,52.5,227,2.7,132,-36.8,216,-18.4" /></mjloggm>