<mjloggm ver="2.3"><GO type="225" lobby="0"/><UN n0="%E3%83%81%E3%83%83%E3%82%BF%E3%82%BD%E3%83%BC" n1="%68%69%68%69%68%69%6A%69" n2="%E6%B7%91%E5%A5%B3%E3%81%AE%E5%97%9C%E3%81%BF" n3="%E3%81%AF%E3%82%88%E3%81%8A%E3%81%98%E3%81%95%E3%82%93" dan="16,16,16,16" rate="2145.47,2185.96,2133.51,2205.22" sx="F,M,M,M"/><TAIKYOKU oya="0"/><BYE who="3" /><INIT seed="0,0,0,3,5,83" ten="250,250,250,250" oya="0" hai0="62,52,82,22,4,34,24,94,53,86,93,19,121" hai1="100,69,43,75,27,125,36,12,76,2,10,108,87" hai2="123,102,91,85,119,45,63,56,9,38,32,14,88" hai3="120,7,84,124,113,106,17,37,64,101,105,3,97"/><T16/><D121/><UN n3="%E3%81%AF%E3%82%88%E3%81%8A%E3%81%98%E3%81%95%E3%82%93" /><U21/><E108/><V23/><F119/><W90/><G37/><T79/><D34/><U112/><E69/><V6/><F32/><W71/><G113/><T41/><D41/><U131/><E112/><V31/><F123/><W98/><G120/><T65/><D4/><U114/><E114/><V42/><F102/><W127/><G17/><T46/><D19/><U132/><E100/><V28/><F91/><W33/><G64/><T99/><D46/><U44/><E125/><N who="3" m="48202" /><G71/><T130/><D130/><U57/><E132/><V50/><F23/><W30/><G7/><T25/><D25/><U133/><E133/><V95/><REACH who="2" step="1"/><F38/><REACH who="2" ten="250,250,240,250" step="2"/><W40/><G101/><N who="0" m="60655" /><D94/><U0/><E36/><V92/><F92/><W116/><G33/><T15/><D24/><U49/><E27/><V35/><F35/><W20/><G116/><T18/><D18/><U80/><E131/><V81/><F81/><W104/><G106/><T77/><D79/><U103/><E103/><V126/><F126/><W51/><G105/><T1/><D1/><U26/><E0/><V129/><F129/><W70/><G3/><T29/><D29/><U73/><E2/><V5/><F5/><W122/><G104/><T111/><D111/><U107/><E107/><V11/><F11/><W13/><G122/><T135/><D135/><U74/><E10/><V134/><F134/><W110/><G110/><T61/><D65/><AGARI ba="0,1" hai="6,9,14,28,31,42,45,50,56,63,65,85,88,95" machi="65" ten="30,8000,1" yaku="1,1,7,1,8,1,52,1,54,1,53,0" doraHai="83" doraHaiUra="68" who="2" fromWho="0" sc="250,-80,250,0,240,90,250,0" /><INIT seed="1,0,0,3,4,134" ten="170,250,330,250" oya="1" hai0="20,48,117,2,125,18,27,94,119,44,28,102,63" hai1="96,82,130,33,26,22,78,14,132,121,4,116,60" hai2="23,133,65,29,76,17,88,47,79,52,74,128,55" hai3="81,108,49,19,112,131,16,129,124,25,126,120,41"/><U43/><E116/><V34/><F133/><W39/><G120/><T122/><D2/><U93/><E132/><V45/><F128/><N who="3" m="49227" /><G112/><T109/><D109/><U24/><E130/><V100/><F100/><W71/><G108/><T114/><D114/><U50/><E121/><V91/><F34/><W115/><G115/><T135/><D135/><U64/><E33/><V30/><F65/><W62/><G39/><T51/><D122/><U80/><E43/><V92/><F74/><W103/><G103/><T56/><D18/><N who="3" m="6697" /><G25/><T54/><D48/><U127/><E50/><V6/><F17/><W57/><G81/><T3/><D3/><U11/><E127/><N who="3" m="48682" /><G71/><T69/><D69/><U66/><E80/><V37/><F37/><W97/><G97/><T107/><D125/><U111/><E26/><V105/><F105/><W8/><G8/><T61/><D107/><U70/><E111/><V118/><F92/><W101/><G101/><T86/><D117/><U98/><E93/><V90/><F118/><W85/><G85/><T75/><D119/><U35/><E24/><V5/><F90/><W0/><G0/><T42/><D75/><U84/><E96/><V13/><F13/><W1/><G1/><T15/><D15/><U31/><E98/><V110/><F110/><W95/><G95/><T67/><D102/><U87/><E84/><V38/><F38/><W21/><G21/><AGARI ba="0,0" hai="5,6,21,23,29,30,45,47,52,55,76,79,88,91" machi="21" ten="25,8000,1" yaku="22,2,8,1,54,2" doraHai="134" who="2" fromWho="3" sc="170,0,250,0,330,80,250,-80" /><INIT seed="2,0,0,5,3,115" ten="170,250,410,170" oya="2" hai0="35,75,114,5,128,37,85,118,17,65,71,84,127" hai1="111,38,3,6,46,106,31,34,42,95,51,54,92" hai2="86,2,100,101,53,98,57,119,15,59,93,116,50" hai3="20,7,58,90,40,49,105,81,96,78,47,97,0"/><V32/><F2/><W43/><G105/><T67/><D114/><U110/><E106/><V39/><F39/><W134/><G134/><T112/><D112/><U61/><E61/><V66/><F32/><W73/><G43/><T94/><D75/><U10/><E31/><V82/><F101/><W60/><G20/><T123/><D123/><U89/><E34/><V72/><F72/><W131/><G131/><T41/><D35/><U91/><E95/><V19/><F59/><W23/><G23/><T52/><D5/><U25/><E25/><V28/><F66/><W63/><G63/><T80/><D17/><U64/><E64/><V130/><F28/><W33/><G33/><T9/><D9/><U36/><E36/><V26/><F26/><W70/><G70/><T56/><D128/><U113/><E113/><V129/><F129/><W8/><REACH who="3" step="1"/><G90/><REACH who="3" ten="170,250,410,160" step="2"/><T107/><D107/><U4/><E91/><V77/><F130/><W122/><G122/><T14/><D71/><U133/><E133/><V29/><F29/><W109/><G109/><T44/><D41/><U1/><E110/><V103/><F103/><W74/><G74/><T55/><D118/><U69/><E69/><V18/><F100/><W108/><G108/><T117/><D117/><U22/><E22/><V30/><F30/><W126/><G126/><T79/><D127/><U62/><E62/><V104/><F104/><W83/><G83/><T87/><D94/><U132/><E132/><V24/><F93/><W120/><G120/><T12/><D80/><U16/><E111/><V125/><F125/><W135/><G135/><RYUUKYOKU ba="0,1" sc="170,-10,250,-10,410,-10,160,30" hai3="0,7,8,40,47,49,58,60,73,78,81,96,97" /><INIT seed="3,1,1,1,3,6" ten="160,240,400,190" oya="3" hai0="49,100,92,58,9,72,84,24,89,60,8,108,22" hai1="81,25,18,127,91,55,78,82,45,66,4,63,69" hai2="123,23,64,119,65,105,56,130,128,42,2,51,39" hai3="32,120,77,109,13,14,125,61,102,95,41,19,118"/><W12/><G118/><T80/><D108/><U68/><E127/><V31/><F119/><W10/><G120/><T121/><D121/><U71/><E4/><V33/><F123/><W73/><G32/><T93/><D49/><U34/><E91/><V131/><F2/><W112/><G112/><T87/><D72/><U129/><E129/><V110/><F110/><W53/><G109/><T48/><D48/><U20/><E34/><V5/><F105/><W0/><G125/><T132/><D132/><U30/><E55/><N who="2" m="31871" /><F33/><W3/><G41/><T38/><D38/><U97/><E97/><V46/><F5/><W96/><G0/><T26/><D26/><AGARI ba="1,1" hai="23,26,31,39,42,46,64,65,128,130,131" m="31871" machi="26" ten="30,1000,0" yaku="19,1" doraHai="6" who="2" fromWho="0" sc="160,-13,240,0,400,23,190,0" owari="147,-35.3,240,4.0,423,52.3,190,-21.0" /></mjloggm>