<mjloggm ver="2.3"><GO type="225" lobby="0"/><UN n0="%E5%B8%86%E7%AB%8B%E5%A4%8F%E8%A1%A3" n1="%E4%BF%BA%E3%81%A8%E5%A6%96%E5%A4%A2" n2="%E6%B4%BE%E9%81%A3%E3%81%AE%E3%82%B8%E3%83%A3%E3%83%83%E3%82%AF" n3="%47%59%4F" dan="17,16,17,16" rate="2171.82,2140.72,2189.11,2112.78" sx="M,F,M,M"/><TAIKYOKU oya="0"/><INIT seed="0,0,0,3,5,80" ten="250,250,250,250" oya="0" hai0="17,48,123,102,70,52,89,2,128,32,57,112,124" hai1="127,84,69,28,104,59,108,87,92,24,45,130,81" hai2="23,126,120,79,36,132,77,110,60,53,27,55,95" hai3="22,116,109,41,37,96,54,9,101,82,39,65,14"/><T66/><D112/><U6/><E104/><V125/><F120/><W13/><G116/><T98/><D123/><U106/><E106/><V61/><F110/><W122/><G122/><T114/><D114/><U63/><E69/><V40/><F132/><W30/><G41/><T58/><D128/><U131/><E108/><V5/><F5/><W90/><G54/><N who="2" m="20489" /><F95/><W73/><G65/><T43/><D124/><N who="2" m="47722" /><F40/><W100/><G100/><T26/><D2/><U47/><E92/><V31/><F36/><W16/><G109/><T113/><D43/><U56/><E6/><V88/><F88/><W38/><G30/><T78/><D89/><U0/><E0/><V68/><F68/><W85/><G73/><T8/><D78/><AGARI ba="0,0" hai="23,27,31,60,61,77,78,79" m="47722,20489" machi="78" ten="30,1000,0" yaku="18,1" doraHai="80" who="2" fromWho="0" sc="250,-10,250,0,250,10,250,0" /><INIT seed="1,0,0,2,5,94" ten="240,250,260,250" oya="1" hai0="78,18,90,51,66,13,77,49,6,72,93,48,56" hai1="20,43,130,81,54,91,25,33,9,132,19,44,1" hai2="134,62,85,55,135,65,108,89,115,17,8,40,58" hai3="60,131,38,111,35,116,41,118,47,61,98,88,5"/><U30/><E130/><V113/><F40/><W31/><G131/><T126/><D126/><U27/><E132/><N who="2" m="50731" /><F108/><W107/><G111/><T84/><D6/><U102/><E54/><V32/><F32/><W124/><G5/><T4/><D4/><U73/><E1/><V11/><F65/><W114/><G114/><N who="2" m="43529" /><F17/><W112/><G112/><T80/><D77/><U22/><E102/><V64/><F64/><W105/><G124/><T101/><D101/><U125/><E125/><V14/><F14/><W129/><G129/><T45/><D66/><U67/><E67/><V23/><F23/><W71/><G61/><T42/><REACH who="0" step="1"/><D56/><REACH who="0" ten="230,250,260,250" step="2"/><U39/><E73/><V28/><F28/><W106/><G106/><T10/><AGARI ba="0,1" hai="10,13,18,42,45,48,49,51,72,78,80,84,90,93" machi="10" ten="20,8000,1" yaku="1,1,2,1,0,1,7,1,53,1" doraHai="94" doraHaiUra="82" who="0" fromWho="0" sc="230,90,250,-40,260,-20,250,-20" /><INIT seed="2,0,0,0,4,75" ten="320,210,240,230" oya="2" hai0="123,129,122,107,106,46,37,66,55,16,58,78,25" hai1="0,9,19,61,22,28,79,44,51,89,120,130,100" hai2="90,116,73,5,33,38,77,67,4,8,26,18,124" hai3="50,71,133,97,72,64,27,7,108,132,17,63,49"/><V87/><F116/><W12/><G108/><T125/><D78/><U32/><E130/><V10/><F38/><W20/><G72/><T121/><D129/><U52/><E120/><V76/><F73/><W65/><G65/><T93/><D125/><U98/><E32/><V62/><F124/><W42/><G97/><T36/><D66/><U24/><E89/><V114/><F114/><W40/><G50/><T68/><D68/><U119/><E119/><V23/><F33/><W88/><G88/><T47/><D93/><U105/><E61/><V96/><F96/><W127/><G127/><T102/><D37/><U91/><E91/><V11/><F5/><W6/><G7/><T104/><D102/><U35/><E0/><V111/><F4/><W31/><G6/><T86/><D86/><U1/><E1/><V60/><F111/><W41/><REACH who="3" step="1"/><G49/><REACH who="3" ten="320,210,240,220" step="2"/><T84/><D36/><U29/><E98/><V115/><F115/><W110/><G110/><T118/><D118/><U92/><E100/><V3/><F3/><W126/><G126/><T128/><D128/><U70/><E105/><V109/><F109/><W69/><G69/><T131/><D131/><U14/><E70/><V53/><F67/><W54/><G54/><T57/><D84/><U94/><E79/><N who="2" m="30283" /><F53/><W134/><G134/><T45/><D55/><U81/><E81/><AGARI ba="0,1" hai="8,10,11,18,23,26,60,62,81,87,90" m="30283" machi="81" ten="30,11600,0" yaku="8,1,52,3" doraHai="75" who="2" fromWho="1" sc="320,0,210,-116,240,126,220,0" /><INIT seed="2,1,0,4,3,62" ten="320,94,366,220" oya="2" hai0="25,60,88,93,35,2,119,42,77,113,125,105,6" hai1="108,114,53,127,38,7,87,33,26,51,104,130,4" hai2="43,82,90,128,118,64,100,47,56,55,73,34,39" hai3="83,65,106,9,29,85,120,72,13,40,116,50,37"/><V67/><F118/><W70/><G72/><T115/><D119/><U95/><E114/><V63/><F34/><W17/><G116/><T19/><D125/><U75/><E104/><V101/><F128/><W122/><G106/><T59/><D105/><U27/><E75/><V94/><F73/><W86/><G37/><T112/><D42/><U131/><E38/><V61/><F82/><W23/><G86/><T74/><D6/><U107/><E107/><V58/><F55/><W14/><G29/><T18/><D2/><U102/><E127/><V98/><AGARI ba="1,0" hai="39,43,47,56,58,61,63,64,67,90,94,98,100,101" machi="98" ten="20,12000,1" yaku="0,1,7,1,9,1,52,2" doraHai="62" who="2" fromWho="2" sc="320,-41,94,-41,366,123,220,-41" /><INIT seed="2,2,0,3,5,100" ten="279,53,489,179" oya="2" hai0="85,134,76,130,111,133,11,104,69,9,23,31,84" hai1="113,35,19,47,109,124,41,50,10,58,96,36,72" hai2="54,20,80,0,75,108,68,2,135,89,16,21,18" hai3="48,132,102,59,65,34,63,53,91,27,99,79,4"/><V32/><F68/><W128/><G128/><T131/><D69/><U118/><E113/><V103/><F32/><W92/><G132/><N who="0" m="50795" /><D111/><U43/><E118/><V28/><F28/><W73/><G4/><T97/><D23/><U82/><E35/><V86/><F135/><W61/><G73/><T5/><D31/><U17/><E109/><V52/><F75/><W25/><G34/><T122/><D11/><U37/><E124/><V38/><F38/><W125/><G79/><T83/><D122/><U126/><E126/><V30/><F30/><W115/><G115/><T3/><D85/><U127/><E127/><V87/><F108/><W98/><G63/><T14/><D14/><U8/><E96/><V60/><F60/><W94/><REACH who="3" step="1"/><G125/><REACH who="3" ten="279,53,489,169" step="2"/><T81/><D81/><U71/><E72/><V95/><F80/><W57/><AGARI ba="2,1" hai="25,27,48,53,57,59,61,65,91,92,94,98,99,102" machi="57" ten="20,8000,1" yaku="1,1,2,1,0,1,7,1,8,1,53,0" doraHai="100" doraHaiUra="26" who="3" fromWho="3" sc="279,-22,53,-22,489,-42,169,96" /><INIT seed="3,0,0,1,3,129" ten="257,31,447,265" oya="3" hai0="71,79,120,115,134,126,74,24,90,103,38,46,113" hai1="9,86,104,10,27,68,87,102,67,28,14,109,99" hai2="37,88,133,93,70,57,61,56,55,94,42,122,128" hai3="50,111,127,13,119,82,64,131,106,30,107,75,20"/><W76/><G119/><T69/><D134/><U19/><E87/><V35/><F133/><W40/><G131/><T121/><D126/><U89/><E109/><V110/><F110/><W65/><G127/><T15/><D90/><U39/><E39/><V51/><F35/><W36/><G111/><T32/><D15/><U123/><E123/><N who="0" m="47177" /><D103/><U0/><E0/><V29/><F128/><W1/><G1/><T3/><D3/><U77/><E77/><V81/><F29/><W80/><G36/><T26/><D46/><U73/><E14/><V47/><F122/><W53/><G40/><T114/><D38/><U116/><E116/><V124/><F124/><W130/><G130/><T83/><D26/><U72/><E19/><V59/><F70/><W125/><G125/><T118/><D118/><U5/><E9/><V117/><F117/><W105/><G80/><T43/><D43/><U78/><E78/><V108/><F108/><W23/><G23/><T95/><D95/><N who="2" m="36362" /><F37/><W33/><G33/><T63/><D63/><U4/><E4/><V101/><F101/><W45/><G13/><T52/><D52/><U96/><E96/><V112/><F112/><W31/><G20/><T135/><D135/><U54/><E54/><V2/><F2/><W25/><G25/><T97/><D97/><U49/><E49/><V60/><F42/><W41/><G41/><T91/><D91/><U58/><E68/><V18/><F18/><W62/><G65/><T8/><D8/><U66/><E10/><V7/><F7/><W132/><G132/><T17/><D17/><U44/><E5/><RYUUKYOKU ba="0,0" sc="257,10,31,-30,447,10,265,10" hai0="24,32,69,71,74,79,83,113,114,115" hai2="47,51,55,56,57,59,60,61,81,88" hai3="30,31,45,50,53,62,64,75,76,82,105,106,107" /><INIT seed="3,1,0,2,3,65" ten="267,1,457,275" oya="3" hai0="127,32,26,118,44,30,134,3,17,71,9,111,28" hai1="91,20,86,62,2,128,93,72,78,67,101,6,133" hai2="61,55,98,106,66,40,131,113,39,97,73,7,109" hai3="116,89,95,33,49,70,74,84,80,35,69,18,15"/><W75/><G116/><T21/><D71/><U68/><E20/><V104/><F73/><W19/><G19/><T45/><D118/><U110/><E110/><V126/><F109/><W129/><G129/><T82/><D111/><U94/><E133/><V77/><F7/><W85/><G75/><T114/><D134/><U56/><E128/><V64/><F77/><W47/><G74/><T53/><D127/><U0/><E6/><V105/><F126/><W125/><G125/><T63/><D114/><U50/><E0/><V8/><F8/><W59/><G59/><N who="0" m="35311" /><D82/><U115/><E2/><V83/><F83/><W4/><G4/><N who="0" m="1183" /><D30/><U42/><E115/><V99/><F113/><W96/><G35/><T52/><D52/><U25/><E25/><V117/><F117/><W1/><G33/><T119/><D119/><U132/><E132/><V90/><F90/><W92/><G1/><T11/><D11/><U34/><E34/><V43/><F131/><W16/><G18/><T81/><D81/><N who="1" m="45255" /><E101/><V76/><F76/><W14/><G14/><AGARI ba="1,0" hai="14,17,21,26,28,32,44,45" m="1183,35311" machi="14" ten="30,1000,0" yaku="24,1" doraHai="65" who="0" fromWho="3" sc="267,13,1,0,457,0,275,-13" owari="280,8.0,1,-49.9,457,55.7,262,-13.8" /></mjloggm>