<mjloggm ver="2.3"><GO type="225" lobby="0"/><UN n0="%E3%81%BF%E3%81%BF%E3%81%9A" n1="%E3%83%96%E3%83%83%E3%83%91%E3%82%AA%E3%83%96%E3%83%81%E3%82%AD%E3%83%B3" n2="%E3%81%95%E3%81%8D%E3%81%9F%E3%81%BE%E6%9E%97%E6%AA%8E" n3="%E3%83%A9%E3%82%B9%E7%8E%87%EF%BC%93%E5%89%B2" dan="17,16,16,17" rate="2242.76,2118.81,2095.48,2202.96" sx="M,M,M,F"/><TAIKYOKU oya="0"/><INIT seed="0,0,0,4,0,32" ten="250,250,250,250" oya="0" hai0="14,48,39,8,2,46,112,49,10,87,67,22,99" hai1="85,74,31,55,116,108,126,82,134,133,24,30,121" hai2="69,26,3,119,117,130,118,28,6,79,68,86,107" hai3="89,129,77,13,104,128,42,40,83,17,124,91,9"/><T25/><D112/><U66/><E116/><V51/><F107/><W114/><G104/><T57/><D87/><U101/><E121/><V41/><F130/><N who="3" m="50283" /><G114/><T88/><D39/><U113/><E113/><V5/><F41/><N who="3" m="15979" /><G124/><T94/><D2/><U97/><E126/><V132/><F132/><N who="1" m="50793" /><E108/><V44/><F44/><W33/><G33/><T125/><D125/><U18/><E74/><AGARI ba="0,0" hai="9,13,17,74,77,83,89,91" m="15979,50283" machi="74" ten="30,1000,0" yaku="19,1" doraHai="32" who="3" fromWho="1" sc="250,0,250,-10,250,0,250,10" /><INIT seed="1,0,0,0,2,41" ten="250,240,250,260" oya="1" hai0="86,130,11,56,0,7,35,50,54,107,3,102,111" hai1="31,9,122,61,117,82,64,1,59,58,14,28,4" hai2="25,21,26,127,37,92,77,68,106,67,116,101,99" hai3="53,119,81,135,73,98,93,51,85,104,113,46,17"/><U109/><E117/><V47/><F127/><W112/><G135/><T60/><D111/><U79/><E122/><V114/><F114/><W6/><G119/><T57/><D130/><U10/><E109/><V13/><F116/><W38/><G38/><T69/><D35/><U2/><E59/><V124/><F124/><W24/><G6/><T84/><D69/><U121/><E121/><V5/><F77/><W15/><G24/><T95/><D107/><U40/><E1/><V105/><F26/><W110/><G73/><T44/><D57/><U96/><E96/><V16/><F67/><W132/><G104/><T20/><D0/><U72/><REACH who="1" step="1"/><E40/><REACH who="1" ten="250,230,250,260" step="2"/><V83/><F68/><W134/><G110/><T43/><D102/><U12/><E12/><V63/><F13/><W80/><G134/><T120/><D120/><U89/><E89/><V100/><F92/><W97/><G97/><T76/><D95/><U33/><E33/><V48/><F99/><W131/><G132/><T133/><D133/><U8/><E8/><V55/><F106/><W88/><G131/><T126/><D126/><U19/><AGARI ba="0,1" hai="2,4,9,10,14,19,28,31,58,61,64,72,79,82" machi="19" ten="20,7800,0" yaku="1,1,0,1,7,1,53,1" doraHai="41" doraHaiUra="34" who="1" fromWho="1" sc="250,-26,230,88,250,-26,260,-26" /><INIT seed="1,1,0,2,0,90" ten="224,318,224,234" oya="1" hai0="67,50,1,92,43,120,131,121,10,9,110,96,58" hai1="33,124,119,21,63,74,98,130,54,44,14,83,25" hai2="85,112,16,91,22,41,132,35,123,29,80,26,134" hai3="15,66,68,7,36,118,18,20,2,70,94,88,4"/><U69/><E119/><V113/><F123/><N who="0" m="47178" /><D110/><U101/><E124/><V117/><F117/><W72/><G118/><T46/><D131/><U97/><E130/><V129/><F41/><W79/><G36/><T125/><D125/><U40/><E33/><V78/><F78/><W57/><G72/><T38/><D1/><U45/><E14/><N who="2" m="9495" /><F129/><W30/><G2/><T55/><D67/><U114/><E114/><AGARI ba="1,0" hai="26,29,35,80,85,91,112,113,114,132,134" m="9495" machi="114" ten="30,2000,0" yaku="11,1,54,1" doraHai="90" who="2" fromWho="1" sc="224,0,318,-23,224,23,234,0" /><INIT seed="2,0,0,4,1,12" ten="224,295,247,234" oya="2" hai0="31,124,57,10,60,21,53,1,74,51,94,23,28" hai1="55,72,48,30,13,4,46,42,50,79,18,5,89" hai2="32,25,112,118,58,83,107,70,29,75,7,9,37" hai3="92,82,91,26,16,105,33,8,6,36,134,20,120"/><V130/><F112/><W101/><G134/><T123/><D123/><U39/><E39/><V35/><F118/><W69/><G36/><T126/><D74/><U52/><E30/><N who="0" m="11305" /><D1/><U100/><E100/><V62/><F37/><W76/><G69/><T68/><D10/><N who="1" m="6455" /><E72/><V93/><F70/><W95/><G33/><T133/><D133/><U41/><E79/><V2/><F107/><W71/><G71/><T78/><D78/><U17/><E17/><V86/><F130/><W0/><G120/><T88/><D68/><U15/><E89/><V113/><F113/><W77/><G77/><T110/><D110/><U131/><E131/><V114/><F93/><W67/><G67/><N who="0" m="39311" /><D126/><U99/><E99/><V128/><F75/><W116/><G116/><T115/><D115/><U98/><E98/><V54/><F128/><W66/><G66/><T132/><D132/><U63/><E63/><V81/><F114/><W129/><G129/><T97/><D124/><U3/><E3/><V117/><F117/><W103/><G105/><T14/><D14/><U73/><E73/><V84/><REACH who="2" step="1"/><F35/><REACH who="2" ten="224,295,237,234" step="2"/><W125/><G125/><T102/><D102/><U109/><E109/><V56/><F56/><AGARI ba="0,1" hai="21,23,51,53,56,88,94,97" m="39311,11305" machi="56" ten="30,2000,0" yaku="8,1,54,1" doraHai="12" who="0" fromWho="2" sc="224,30,295,0,237,-20,234,0" /><INIT seed="3,0,0,3,0,80" ten="254,295,217,234" oya="3" hai0="77,109,49,28,47,100,91,60,72,11,96,122,68" hai1="57,92,131,87,5,118,1,23,125,25,15,83,59" hai2="65,115,112,54,76,69,85,21,30,127,61,93,95" hai3="40,99,55,58,135,6,106,0,90,16,17,24,121"/><W86/><G121/><T75/><D122/><U94/><E1/><V38/><F38/><W41/><G0/><T62/><D109/><U36/><E36/><V64/><F115/><W44/><G135/><T84/><D77/><N who="1" m="46575" /><E131/><V56/><F112/><W134/><G134/><T120/><D28/><N who="1" m="17471" /><E125/><V124/><F124/><W34/><G34/><T2/><D75/><U32/><E32/><V9/><F127/><W73/><G73/><T14/><D72/><U12/><E118/><V42/><F42/><N who="3" m="16491" /><G106/><T108/><D68/><U19/><E5/><V29/><F69/><W88/><G6/><T89/><D108/><U104/><E104/><V113/><F113/><W110/><G110/><T43/><D2/><U48/><E12/><V20/><F9/><W107/><G107/><T116/><D116/><U67/><E48/><V133/><F133/><W45/><G99/><T53/><D120/><U79/><E79/><V66/><F30/><W51/><G90/><T52/><D91/><U111/><E111/><V26/><F21/><N who="3" m="13351" /><G17/><N who="0" m="8415" /><D96/><U130/><E130/><V35/><F35/><W128/><G128/><T74/><D74/><U71/><E71/><V22/><F22/><W101/><G101/><T97/><D97/><U117/><E117/><V82/><AGARI ba="0,0" hai="20,26,29,54,56,61,64,65,66,76,82,85,93,95" machi="82" ten="30,4000,0" yaku="0,1,8,1,52,1" doraHai="80" who="2" fromWho="2" sc="254,-10,295,-10,217,40,234,-20" /><INIT seed="4,0,0,0,1,42" ten="244,285,257,214" oya="0" hai0="125,40,120,113,121,17,124,48,114,107,110,103,56" hai1="91,30,127,20,66,55,59,57,27,50,23,117,118" hai2="62,104,60,0,77,25,99,101,105,29,3,52,94" hai3="100,45,80,11,49,34,87,67,21,53,16,112,22"/><T19/><D110/><U44/><E127/><N who="0" m="48713" /><D103/><U37/><E37/><V82/><F0/><W24/><G112/><N who="0" m="43115" /><D107/><U108/><E108/><V12/><F3/><W75/><G75/><T74/><D74/><U90/><E118/><V109/><F109/><W33/><G100/><T41/><D56/><N who="1" m="21579" /><E117/><V88/><F12/><W65/><G33/><T122/><D40/><U131/><E131/><V81/><F105/><W63/><G34/><T123/><D122/><U28/><E66/><V132/><F132/><W133/><G133/><T39/><D48/><U134/><E134/><V5/><F104/><W61/><G11/><T98/><D98/><U95/><E95/><V7/><F101/><W35/><G35/><T18/><D41/><U96/><E96/><V71/><F71/><W72/><G72/><T106/><D106/><U47/><E44/><V93/><F93/><W70/><G22/><T85/><D85/><U92/><E92/><V73/><F82/><W4/><G4/><T36/><AGARI ba="0,0" hai="17,18,19,36,39,120,121,123" m="43115,48713" machi="36" ten="50,12000,1" yaku="28,2,18,1,15,1" doraHai="42" who="0" fromWho="0" sc="244,120,285,-40,257,-40,214,-40" owari="364,46.4,245,4.5,217,-18.3,174,-32.6" /></mjloggm>