<mjloggm ver="2.3"><GO type="225" lobby="0"/><UN n0="%E6%A1%9C%E8%8A%B1%E9%96%83%E3%80%85" n1="%E3%82%BC%E3%83%AB%E3%83%80%E3%81%AE%E4%BC%9D%E8%AA%AC" n2="%E6%9D%B1%E9%A2%A8%E3%81%AE%E3%81%8D%E3%82%83%E3%81%B7%E3%81%95%E3%82%93" n3="%E9%97%98%E5%B0%86%E3%81%A0%E3%82%93%E3%81%A7%E3%81%83" dan="16,17,16,16" rate="2209.47,2128.60,2178.65,2091.46" sx="M,M,M,M"/><TAIKYOKU oya="0"/><INIT seed="0,0,0,2,3,95" ten="250,250,250,250" oya="0" hai0="31,6,124,115,21,79,91,87,70,132,123,23,13" hai1="68,122,17,46,60,99,134,53,96,64,19,57,93" hai2="121,40,37,71,105,69,75,133,72,85,3,62,52" hai3="7,39,76,34,33,8,126,50,12,78,92,80,16"/><T113/><D70/><U54/><E122/><V1/><F85/><W100/><G126/><T89/><D123/><U108/><E108/><V88/><F105/><W116/><G39/><T35/><D79/><U127/><E127/><V5/><F88/><W15/><G116/><T103/><D124/><U25/><E134/><V22/><F22/><N who="0" m="8202" /><D103/><U128/><E128/><V119/><F52/><N who="1" m="20073" /><E68/><N who="2" m="26187" /><F62/><W63/><G63/><T2/><D91/><U61/><E93/><V44/><F121/><W10/><G50/><T104/><D87/><U97/><E60/><V51/><F51/><W125/><G125/><T118/><D89/><U38/><E38/><V66/><F66/><W9/><G9/><N who="0" m="2263" /><D104/><U120/><E25/><V73/><F133/><W26/><G26/><N who="0" m="18935" /><D132/><U42/><E120/><V110/><F119/><W4/><G78/><T109/><D118/><U14/><E14/><V129/><F110/><W11/><G92/><T65/><D65/><U117/><E117/><V83/><F129/><W135/><G135/><T86/><D86/><U43/><E46/><V29/><F75/><W67/><G67/><T74/><D74/><U90/><E90/><V111/><F73/><W107/><G107/><T45/><D109/><U36/><E36/><V82/><F111/><W47/><G47/><T41/><D13/><U131/><E131/><V94/><F72/><N who="3" m="43015" /><G100/><T114/><D45/><U0/><E0/><N who="2" m="75" /><F37/><W102/><G102/><T101/><D101/><U56/><E56/><V130/><F130/><W81/><G81/><N who="2" m="30729" /><F44/><W59/><G59/><T32/><D32/><U27/><E27/><V55/><F40/><AGARI ba="0,0" hai="40,41,113,114,115" m="18935,2263,8202" machi="40" ten="40,2000,0" yaku="6,1" doraHai="95" who="0" fromWho="2" sc="250,20,250,0,250,-20,250,0" /><AGARI ba="0,0" hai="17,19,40,42,43,57,61,64,96,97,99" m="20073" machi="40" ten="30,12000,2" yaku="6,1,8,1,52,3,54,1" doraHai="95" who="1" fromWho="2" sc="270,0,250,120,230,-120,250,0" /><INIT seed="0,1,0,5,5,52" ten="270,370,110,250" oya="0" hai0="74,59,45,8,43,128,131,53,114,127,123,71,37" hai1="95,93,64,85,98,118,82,108,115,119,28,80,47" hai2="96,36,50,117,31,1,121,42,104,54,40,49,16" hai3="83,13,21,34,55,116,105,22,46,58,56,23,24"/><T88/><D74/><U68/><E28/><V129/><F1/><W61/><G116/><T122/><D8/><U125/><E68/><V81/><F117/><N who="1" m="44553" /><E47/><V73/><F121/><N who="0" m="46090" /><D88/><N who="1" m="53391" /><E64/><V100/><F129/><N who="0" m="49738" /><D127/><U39/><E39/><V103/><F103/><W113/><G105/><T3/><D3/><U126/><E108/><V14/><F31/><W62/><G113/><T32/><D32/><U26/><E26/><V48/><F36/><W92/><G34/><T41/><D114/><U2/><E2/><V124/><F124/><N who="1" m="47721" /><E115/><V11/><REACH who="2" step="1"/><F54/><REACH who="2" ten="270,370,100,250" step="2"/><N who="3" m="33943" /><G24/><T135/><D41/><U76/><E76/><AGARI ba="1,1" hai="11,14,16,40,42,48,49,50,73,76,81,96,100,104" machi="76" ten="40,2600,0" yaku="1,1,54,1,53,0" doraHai="52" doraHaiUra="30" who="2" fromWho="1" sc="270,0,370,-29,100,39,250,0" /><INIT seed="1,0,0,1,3,130" ten="270,341,139,250" oya="1" hai0="31,65,78,16,7,61,0,71,112,125,67,37,10" hai1="76,46,1,4,132,39,119,69,85,17,74,124,8" hai2="123,14,36,107,117,27,54,105,50,21,98,25,122" hai3="134,66,115,26,33,9,82,87,89,22,97,64,32"/><U73/><E119/><V80/><F117/><W43/><G115/><T38/><D112/><U127/><E69/><V51/><F36/><W20/><G134/><T83/><D125/><N who="1" m="48203" /><E132/><V45/><F80/><W40/><G33/><T72/><D31/><U48/><E39/><V55/><F14/><W15/><G32/><T62/><D16/><U103/><E103/><V56/><F27/><W3/><G3/><T70/><AGARI ba="0,0" hai="0,7,10,37,38,61,62,65,67,70,71,72,78,83" machi="70" ten="20,12000,2" yaku="0,1,7,1,9,1,33,3" doraHai="130" who="0" fromWho="0" sc="270,120,341,-60,139,-30,250,-30" /><INIT seed="2,0,0,1,4,124" ten="390,281,109,220" oya="2" hai0="113,3,17,72,126,42,58,51,1,119,111,133,69" hai1="130,47,35,93,38,19,103,106,57,135,115,79,80" hai2="101,12,29,128,73,52,97,48,102,21,96,45,7" hai3="114,110,88,49,112,30,71,94,4,28,33,56,36"/><V2/><F73/><W61/><G36/><T8/><D72/><U120/><E115/><N who="3" m="44074" /><G110/><T122/><D69/><U131/><E135/><V83/><F2/><W121/><G121/><T39/><D58/><U87/><E120/><V37/><F37/><W82/><G33/><T53/><D53/><U91/><E35/><V13/><F83/><W118/><G118/><T65/><D51/><U134/><E134/><V64/><F64/><N who="3" m="41359" /><G82/><T40/><D17/><U63/><E19/><V74/><F74/><W10/><G56/><T20/><D39/><U116/><E116/><V78/><F78/><W100/><G49/><T15/><D119/><U14/><E14/><N who="2" m="5739" /><F7/><W26/><G100/><N who="2" m="38505" /><F128/><N who="1" m="49193" /><E103/><V32/><F32/><W55/><G26/><AGARI ba="0,0" hai="21,26,29,45,48,52,96,97" m="38505,5739" machi="26" ten="30,2900,0" yaku="8,1,54,1" doraHai="124" who="2" fromWho="3" sc="390,0,281,0,109,29,220,-29" /><INIT seed="2,1,0,3,4,133" ten="390,281,138,191" oya="2" hai0="81,118,111,95,46,39,40,97,47,3,86,113,29" hai1="116,83,121,89,53,51,33,41,127,11,88,20,0" hai2="21,72,119,57,125,82,66,36,114,38,91,8,104" hai3="28,130,80,79,18,132,6,52,5,22,60,71,87"/><V124/><F119/><W13/><G130/><T14/><D113/><U94/><E33/><V106/><F114/><W69/><G132/><T122/><D3/><U37/><E116/><V25/><F8/><W117/><G117/><T55/><D118/><U16/><E127/><N who="2" m="48715" /><F57/><N who="3" m="34855" /><G71/><T112/><D14/><U100/><E121/><V23/><F66/><W129/><G69/><T27/><D86/><U4/><E37/><N who="2" m="14443" /><F21/><N who="3" m="11471" /><G129/><T15/><D112/><U96/><E11/><V67/><F67/><W19/><G28/><T123/><D29/><U35/><E35/><V135/><F135/><W64/><G64/><T26/><D123/><U10/><E10/><V45/><F45/><W108/><G108/><T9/><D47/><U1/><E1/><V109/><F109/><W84/><G84/><T7/><D111/><U98/><E0/><V42/><F42/><W126/><G126/><T43/><D43/><U90/><E41/><V101/><F101/><W99/><G99/><T70/><D70/><U12/><E4/><V115/><F115/><W2/><G2/><T107/><D9/><U48/><E98/><V32/><F32/><W74/><G74/><T73/><D46/><U61/><E100/><V131/><F131/><W58/><G58/><T31/><D40/><U78/><E96/><V63/><F63/><W110/><G110/><T34/><D97/><U65/><E65/><V44/><F44/><W30/><G30/><T77/><D31/><U92/><E61/><V103/><F103/><W105/><G6/><T49/><D7/><U62/><E62/><V120/><F120/><W59/><G5/><RYUUKYOKU ba="1,0" sc="390,0,281,0,138,0,191,0" /><INIT seed="3,2,0,2,2,104" ten="390,281,138,191" oya="3" hai0="131,7,94,12,26,65,101,71,135,14,102,117,93" hai1="133,121,35,91,57,77,61,80,73,8,88,33,63" hai2="58,64,16,32,75,38,107,98,122,25,70,39,47" hai3="106,52,111,114,83,24,9,119,99,36,90,76,116"/><W53/><G114/><T96/><D117/><U21/><E121/><V110/><F122/><W86/><G36/><N who="2" m="13865" /><F58/><W43/><G43/><T103/><D135/><U15/><E133/><V22/><F47/><W50/><G111/><T92/><D131/><U126/><E126/><V79/><F110/><W42/><G42/><T28/><D96/><U23/><E33/><V17/><F22/><W87/><G24/><T31/><D7/><U49/><E35/><V37/><N who="2" m="13873" /><V56/><DORA hai="82" /><F56/><W123/><G123/><T10/><D10/><U120/><E120/><V0/><F0/><W59/><G53/><T78/><D78/><U109/><E109/><V19/><F19/><W85/><G9/><T40/><D40/><U113/><E113/><V60/><F79/><W5/><G5/><T18/><D18/><U1/><E1/><V20/><F20/><W44/><G44/><T132/><D132/><U69/><E23/><V129/><F129/><W30/><G30/><T128/><D128/><U95/><E21/><V51/><F51/><W118/><REACH who="3" step="1"/><G76/><REACH who="3" ten="390,281,138,181" step="2"/><T112/><D112/><U97/><E77/><V134/><F134/><W46/><G46/><T54/><D54/><U125/><E8/><V124/><F124/><W3/><G3/><T48/><D28/><U2/><E2/><V67/><F67/><W41/><G41/><T68/><D65/><U89/><E125/><V34/><F34/><W108/><G108/><T13/><D31/><U81/><E15/><V55/><F55/><W11/><G11/><T27/><D13/><U84/><E73/><V74/><F74/><RYUUKYOKU ba="2,1" sc="390,-10,281,-10,138,-10,181,30" hai3="50,52,59,83,85,86,87,90,99,106,116,118,119" /><INIT seed="3,3,1,0,2,36" ten="380,271,128,211" oya="3" hai0="4,131,17,93,79,76,112,39,50,70,38,15,41" hai1="9,91,81,49,32,127,61,44,37,100,119,7,35" hai2="58,110,52,46,123,104,80,99,65,29,5,103,111" hai3="34,96,42,60,43,56,57,16,125,120,6,77,122"/><W74/><G34/><T118/><D70/><U25/><E37/><V78/><F123/><W86/><G74/><T106/><D106/><U59/><E127/><V30/><F65/><W101/><G6/><T18/><D118/><U109/><E109/><V33/><F5/><W105/><G125/><T87/><D39/><U92/><E100/><V23/><F33/><W83/><G57/><T129/><D38/><U62/><E81/><V121/><F46/><W126/><G126/><T19/><D112/><U134/><E134/><V75/><F121/><W1/><G1/><T12/><D41/><U20/><E32/><V67/><F67/><W88/><G120/><T95/><D50/><U66/><E35/><V21/><F21/><W133/><G133/><T94/><D87/><U31/><E119/><V85/><F75/><W55/><G122/><T98/><D98/><U107/><E107/><V115/><F115/><W108/><G108/><T135/><D135/><U64/><E62/><V40/><F29/><W63/><G63/><T45/><D45/><U130/><E130/><N who="0" m="49673" /><D15/><N who="1" m="5567" /><E61/><V97/><F97/><W68/><G77/><T113/><D113/><U24/><E24/><V22/><F40/><W2/><G2/><T54/><D54/><N who="1" m="29991" /><E59/><V28/><F28/><W132/><G68/><T82/><D82/><U47/><E47/><V10/><F10/><AGARI ba="3,1" hai="4,10,12,17,18,19,76,79,93,94,95" m="49673" machi="10" ten="40,1300,0" yaku="19,1" doraHai="36" who="0" fromWho="2" sc="380,32,271,0,128,-22,211,0" owari="412,51.2,271,7.1,106,-39.4,211,-18.9" /></mjloggm>