<mjloggm ver="2.3"><GO type="225" lobby="0"/><UN n0="%E5%B0%8F%E9%B3%A5%E9%81%8A%E7%B7%B4%E7%84%A1%32%31%E6%AD%B3" n1="%E3%82%A2%E3%83%9E%E3%83%9D%EF%BD%9E%EF%BD%9E%E3%83%A9" n2="%E3%81%A4%E3%81%A3%E3%81%B1%E3%82%8A%E3%83%9D%E3%83%BC%E3%83%AB" n3="%E3%81%99%E3%81%84%E3%81%BE%E3%81%9B%E3%83%BC%E3%82%93" dan="16,17,17,18" rate="2186.81,2050.23,2163.28,2259.90" sx="F,M,M,M"/><TAIKYOKU oya="0"/><INIT seed="0,0,0,5,4,0" ten="250,250,250,250" oya="0" hai0="2,117,50,118,68,6,128,87,74,90,58,69,110" hai1="115,24,32,18,93,77,82,88,63,76,111,83,102" hai2="7,5,124,30,120,126,41,91,35,56,10,4,43" hai3="31,8,119,23,45,127,132,49,79,22,28,108,39"/><T60/><D74/><U95/><E32/><V70/><F70/><W97/><G119/><T29/><D29/><U101/><E63/><V21/><F120/><W34/><G39/><T59/><D128/><U54/><E54/><V33/><F91/><W99/><G132/><T42/><D110/><U131/><E18/><V94/><F94/><N who="1" m="35849" /><E24/><N who="2" m="16655" /><F56/><W57/><G57/><T14/><D2/><U80/><E131/><V53/><F53/><W109/><G127/><N who="2" m="48681" /><F10/><W13/><G8/><T114/><D68/><U129/><E115/><V1/><F1/><W47/><G79/><N who="1" m="30282" /><E111/><V40/><AGARI ba="0,0" hai="4,5,7,33,35,40,41,43" m="48681,16655" machi="40" ten="40,8000,1" yaku="18,1,52,3" doraHai="0" who="2" fromWho="2" sc="250,-40,250,-20,250,80,250,-20" /><INIT seed="1,0,0,2,2,51" ten="210,230,330,230" oya="1" hai0="31,127,20,90,82,111,57,49,27,11,121,42,64" hai1="116,41,48,6,60,109,125,58,45,43,131,117,24" hai2="115,13,99,100,18,46,74,7,22,28,10,107,37" hai3="83,54,8,118,104,102,95,132,0,87,110,68,85"/><U66/><E6/><V119/><F115/><W59/><G110/><T40/><D111/><U84/><E109/><V33/><F119/><N who="1" m="45641" /><E84/><V103/><F74/><W88/><G118/><T26/><D121/><U56/><E24/><N who="2" m="18567" /><F46/><W81/><G68/><T96/><D127/><U35/><E35/><V70/><F70/><W79/><G132/><T124/><D124/><U76/><E76/><V93/><F37/><W94/><G104/><T3/><D26/><U123/><E125/><V106/><F103/><W44/><G44/><T62/><D49/><U92/><E92/><V53/><F53/><W89/><G102/><T91/><D91/><U65/><E123/><V122/><F122/><W98/><G98/><T72/><D72/><U114/><E114/><V5/><F5/><W77/><G0/><AGARI ba="0,0" hai="0,7,10,13,18,22,93,99,100,106,107" m="18567" machi="0" ten="30,1000,0" yaku="24,1" doraHai="51" who="2" fromWho="3" sc="210,0,230,0,330,10,230,-10" /><INIT seed="2,0,0,2,4,70" ten="210,230,340,220" oya="2" hai0="46,23,75,93,84,82,76,25,19,129,28,114,102" hai1="15,81,21,126,69,54,127,58,96,5,11,124,61" hai2="6,60,35,130,131,89,62,100,24,125,2,55,47" hai3="10,71,110,42,45,33,63,86,1,116,120,31,98"/><V27/><F125/><W4/><G116/><T52/><D114/><U105/><E69/><V66/><F100/><W128/><G120/><T32/><D129/><N who="2" m="49162" /><F35/><W133/><G128/><T50/><D102/><N who="1" m="62663" /><E21/><V30/><F30/><W97/><G133/><T0/><D0/><U88/><E81/><V132/><F89/><AGARI ba="0,0" hai="5,11,15,54,58,61,88,89,124,126,127" m="62663" machi="89" ten="30,2000,0" yaku="18,1,54,1" doraHai="70" who="1" fromWho="2" sc="210,0,230,20,340,-20,220,0" /><INIT seed="3,0,0,4,3,50" ten="210,250,320,220" oya="3" hai0="70,56,105,8,118,78,58,30,115,75,6,25,14" hai1="33,32,131,120,113,69,66,108,101,134,34,103,129" hai2="124,90,11,13,35,45,38,36,2,128,3,27,104" hai3="96,46,4,23,80,57,126,122,72,117,12,87,116"/><W43/><G122/><T71/><D118/><U132/><E113/><V51/><F104/><W93/><G72/><T28/><D105/><U26/><E26/><V89/><F128/><N who="1" m="49225" /><E120/><V67/><F67/><W92/><G126/><T31/><D25/><U88/><E88/><V29/><F38/><W21/><G93/><T10/><D115/><U86/><E86/><V97/><F36/><W82/><G82/><T83/><REACH who="0" step="1"/><D8/><REACH who="0" ten="200,250,320,220" step="2"/><U54/><E134/><V15/><F27/><W47/><G117/><T100/><D100/><U98/><E103/><V49/><F11/><N who="3" m="4199" /><G116/><T91/><D91/><U7/><E132/><V53/><F89/><N who="3" m="55311" /><G21/><T1/><D1/><U59/><E101/><V73/><F3/><W17/><G43/><T0/><D0/><U24/><E24/><V20/><F2/><W114/><G114/><T48/><D48/><N who="1" m="31175" /><E33/><V133/><F35/><W65/><G23/><T119/><D119/><U111/><E34/><V9/><F20/><W60/><G17/><T52/><D52/><U74/><E32/><V55/><F133/><W19/><G19/><T95/><D95/><U81/><E81/><V130/><F130/><W76/><AGARI ba="0,1" hai="46,47,57,60,65,76,80,87" m="55311,4199" machi="76" ten="30,1500,0" yaku="8,1" doraHai="50" who="3" fromWho="3" sc="200,-5,250,-5,320,-5,220,25" /><INIT seed="3,1,0,2,3,68" ten="195,245,315,245" oya="3" hai0="29,122,126,18,83,42,79,21,116,97,67,131,135" hai1="32,86,30,58,7,16,60,91,64,8,39,33,19" hai2="129,113,65,132,25,117,110,120,98,56,23,77,36" hai3="1,100,15,17,103,11,125,50,52,9,70,38,44"/><W90/><G125/><T62/><D126/><U96/><E96/><V3/><F77/><W43/><G70/><T119/><D122/><U6/><E39/><V46/><F3/><W63/><G63/><T24/><D135/><U20/><E33/><V13/><F117/><W4/><G90/><T105/><D131/><U76/><E32/><V26/><F98/><W123/><G123/><T109/><D109/><U84/><E30/><V27/><F110/><W112/><G112/><T55/><D55/><U54/><E64/><V45/><F36/><W75/><G75/><T35/><D42/><U104/><E104/><V41/><F41/><W74/><G74/><T73/><D21/><U114/><E114/><V95/><F113/><W34/><G34/><T22/><D22/><U69/><E69/><V40/><F40/><W28/><G28/><T89/><D18/><N who="1" m="6699" /><E8/><V31/><F31/><W49/><G49/><T93/><REACH who="0" step="1"/><D105/><REACH who="0" ten="185,245,315,245" step="2"/><U92/><E20/><V14/><F23/><W2/><G2/><T53/><D53/><U78/><E6/><V66/><F132/><W118/><G118/><T130/><D130/><U128/><E7/><V102/><F129/><W106/><G106/><T111/><D111/><U127/><E127/><V10/><F120/><W134/><G134/><T51/><D51/><U48/><E48/><V12/><F66/><W87/><G1/><T82/><D82/><N who="1" m="47175" /><E128/><V0/><F65/><W107/><G107/><T61/><D61/><U94/><E94/><V81/><F95/><W88/><G4/><T124/><D124/><U121/><E121/><V101/><F0/><RYUUKYOKU ba="1,1" sc="185,15,245,15,315,-15,245,-15" hai0="24,29,35,62,67,73,79,83,89,93,97,116,119" hai1="54,58,60,78,86,91,92" owari="200,-30.0,260,6.0,310,41.0,230,-17.0" /></mjloggm>