<mjloggm ver="2.3"><GO type="225" lobby="0"/><UN n0="%E3%81%BF%E3%81%BF%E3%81%9A" n1="%E3%83%96%E3%83%83%E3%83%91%E3%82%AA%E3%83%96%E3%83%81%E3%82%AD%E3%83%B3" n2="%E5%85%88%E7%89%A9%E3%81%AF%74%72%61%73%68" n3="%E6%9C%88%E5%B3%B6%E5%9F%BA" dan="18,16,17,16" rate="2221.38,2206.75,2136.80,2157.54" sx="M,M,M,M"/><TAIKYOKU oya="0"/><INIT seed="0,0,0,0,5,70" ten="250,250,250,250" oya="0" hai0="2,85,87,122,90,66,99,131,118,52,65,77,81" hai1="10,86,92,104,110,63,16,124,6,128,42,83,117" hai2="12,58,23,68,28,27,15,14,72,36,46,3,60" hai3="76,132,54,19,47,67,93,21,39,32,100,108,22"/><T13/><D118/><U20/><E117/><V113/><F113/><W91/><G32/><T50/><D2/><U5/><E104/><V11/><F68/><W119/><G119/><T71/><D131/><U109/><E128/><V106/><F106/><W62/><G108/><N who="1" m="41578" /><E124/><V24/><F72/><W97/><G132/><T112/><D112/><U25/><E42/><V120/><F120/><W29/><G76/><T26/><D122/><U94/><E63/><V96/><F96/><W17/><G100/><T114/><D114/><U111/><N who="1" m="41586" /><U38/><DORA hai="37" /><E38/><V9/><F27/><W116/><G116/><T102/><D26/><U105/><E105/><V18/><F3/><W73/><G73/><T64/><D71/><U75/><E75/><V95/><F95/><N who="1" m="36393" /><E10/><V123/><F123/><W51/><G39/><T78/><D102/><U53/><E53/><V101/><F101/><W129/><G129/><T133/><D99/><U135/><E135/><V121/><F121/><W107/><G107/><T74/><D133/><U88/><AGARI ba="0,0" hai="5,6,16,20,25,83,86,88" m="36393,41586" machi="88" ten="40,5200,0" yaku="14,1,54,2" doraHai="70,37" who="1" fromWho="1" sc="250,-26,250,52,250,-13,250,-13" /><INIT seed="1,0,0,5,1,18" ten="224,302,237,237" oya="1" hai0="51,32,92,9,133,20,99,0,64,82,102,47,45" hai1="49,83,131,33,127,46,119,12,63,134,87,5,77" hai2="6,56,95,97,44,13,117,130,70,115,78,66,23" hai3="65,62,57,10,43,110,112,81,42,98,104,125,40"/><U54/><E119/><V24/><F117/><W61/><G112/><T75/><D32/><U118/><E118/><V123/><F123/><W22/><G110/><T41/><D133/><U26/><E127/><V107/><F70/><W106/><G125/><T108/><D108/><U121/><E121/><V96/><F130/><W55/><G10/><T120/><D120/><U132/><E131/><V100/><F115/><W7/><G7/><T128/><D128/><U116/><E116/><V93/><F78/><W105/><G81/><T15/><D64/><U52/><E5/><V39/><F39/><W76/><G76/><T114/><D114/><U71/><E12/><V35/><F35/><W89/><G89/><T69/><D69/><U129/><E129/><V67/><F44/><W11/><G11/><T126/><D126/><U19/><E33/><V1/><F1/><W74/><G74/><T103/><D0/><U48/><E63/><N who="2" m="38247" /><F67/><W79/><G79/><T28/><D82/><U72/><E72/><V59/><F59/><W122/><G122/><T3/><D45/><U37/><E37/><V60/><F60/><W109/><G109/><T4/><D75/><U38/><E38/><V53/><F53/><W111/><G111/><T29/><REACH who="0" step="1"/><D103/><REACH who="0" ten="214,302,237,237" step="2"/><U68/><E134/><V25/><F100/><N who="3" m="62487" /><G65/><T101/><D101/><U124/><E132/><V27/><F107/><W2/><G2/><T50/><D50/><U14/><E124/><V36/><F36/><W17/><G62/><T31/><D31/><U21/><E14/><V34/><F13/><N who="3" m="9519" /><G106/><T85/><D85/><U88/><E77/><RYUUKYOKU ba="0,1" sc="214,10,302,10,237,-30,237,10" hai0="3,4,9,15,20,28,29,41,47,51,92,99,102" hai1="19,21,26,46,48,49,52,54,68,71,83,87,88" hai3="40,42,43,55,57,61,105" /><INIT seed="1,1,1,5,1,130" ten="224,312,207,247" oya="1" hai0="26,132,120,23,82,66,50,24,52,124,16,39,0" hai1="95,37,110,34,103,30,42,83,51,107,74,49,118" hai2="11,5,117,102,106,91,10,105,14,25,73,2,125" hai3="88,84,44,89,20,57,68,15,114,69,53,116,101"/><U55/><E118/><V71/><F117/><W131/><G116/><T135/><D39/><U4/><E107/><V56/><F71/><W41/><G114/><T65/><D0/><U67/><E4/><V133/><F73/><W78/><G131/><T18/><D124/><U35/><E67/><V29/><F125/><W7/><G101/><T46/><D120/><U12/><E12/><V59/><F91/><W33/><G33/><T38/><D38/><U134/><E134/><N who="0" m="51241" /><D82/><U97/><E110/><V112/><F112/><W47/><G47/><T70/><D70/><U17/><E83/><V19/><F133/><W62/><G78/><T54/><D54/><U36/><E55/><V32/><F102/><W90/><G84/><T129/><D129/><U126/><E103/><V79/><F79/><W111/><G111/><T60/><D60/><U75/><E75/><V96/><F106/><W85/><G85/><T87/><D87/><U115/><E74/><V9/><F105/><W6/><G68/><T28/><D18/><U113/><E17/><V58/><F96/><W8/><G69/><T61/><D61/><U48/><E37/><V21/><AGARI ba="1,1" hai="2,5,9,10,11,14,19,21,25,29,32,56,58,59" machi="21" ten="30,4000,0" yaku="0,1,24,2" doraHai="130" who="2" fromWho="2" sc="224,-11,312,-21,207,53,247,-11" /><INIT seed="2,0,0,2,2,103" ten="213,291,260,236" oya="2" hai0="12,4,7,30,58,109,114,119,39,75,35,27,6" hai1="32,91,88,17,57,54,104,90,47,83,129,63,72" hai2="23,135,133,37,38,1,40,42,121,16,85,69,112" hai3="76,126,123,79,117,86,10,44,21,43,9,61,113"/><V101/><F121/><W20/><G117/><T87/><D39/><N who="2" m="14858" /><F1/><W110/><G123/><T98/><D75/><U24/><E129/><V0/><F0/><W130/><G130/><T15/><D114/><U19/><E104/><V55/><F112/><W77/><G113/><T97/><D119/><U92/><E47/><V118/><F118/><W36/><G110/><T89/><D109/><U25/><E32/><V26/><F69/><W120/><G120/><T106/><D58/><U45/><E45/><V93/><F55/><W28/><G126/><T68/><D68/><U132/><E132/><N who="2" m="50763" /><F85/><W2/><G86/><T62/><D62/><U67/><E54/><V108/><F108/><W33/><G61/><T127/><D127/><U124/><E124/><V65/><F65/><W100/><G2/><T64/><D64/><U81/><E72/><V128/><F128/><W14/><G44/><T78/><D78/><U52/><E67/><V59/><F59/><W48/><G76/><T49/><D49/><U50/><E50/><V95/><F101/><W31/><G100/><T71/><D71/><U94/><E81/><V74/><F74/><W11/><G48/><T8/><D12/><U96/><E83/><V122/><F122/><W29/><G14/><T80/><D97/><U5/><E5/><V131/><F131/><W84/><G36/><T102/><AGARI ba="0,0" hai="4,6,7,8,15,27,30,35,80,87,89,98,102,106" machi="102" ten="30,2000,0" yaku="0,1,52,1" doraHai="103" who="0" fromWho="0" sc="213,20,291,-5,260,-10,236,-5" /><INIT seed="3,0,0,5,2,27" ten="233,286,250,231" oya="3" hai0="9,10,77,34,130,0,129,113,85,11,104,5,55" hai1="15,131,70,72,105,89,40,133,13,106,63,67,37" hai2="125,66,119,135,17,94,20,90,81,109,25,112,107" hai3="75,58,36,51,110,99,35,24,117,32,111,21,86"/><W39/><G75/><T96/><D34/><N who="3" m="12841" /><G117/><T14/><D113/><U49/><E72/><V47/><F112/><W74/><G74/><T71/><D71/><U26/><E26/><V28/><F107/><W134/><G86/><T80/><D55/><U4/><E131/><N who="0" m="50185" /><D0/><U41/><E133/><V122/><F135/><W18/><G134/><T29/><D29/><U30/><E30/><V64/><F66/><W98/><G51/><T50/><D50/><U46/><E89/><V31/><F64/><W6/><G6/><T68/><D68/><U42/><E15/><V123/><F90/><W45/><G58/><T44/><D44/><U132/><E132/><V52/><F47/><W97/><G45/><T19/><D5/><U82/><E82/><V127/><F119/><W65/><G65/><T38/><D38/><U128/><E128/><V121/><F121/><W60/><G60/><T103/><AGARI ba="0,0" hai="9,10,11,14,19,77,80,85,96,103,104" m="50185" machi="103" ten="30,1100,0" yaku="19,1" doraHai="27" who="0" fromWho="0" sc="233,11,286,-3,250,-3,231,-5" /><INIT seed="4,0,0,5,5,107" ten="244,283,247,226" oya="0" hai0="121,1,87,34,118,96,66,33,103,6,120,85,2" hai1="111,45,13,83,69,30,130,44,131,8,3,5,114" hai2="109,41,39,22,21,126,97,93,61,18,104,47,80" hai3="70,51,124,102,119,116,20,106,86,11,89,10,55"/><T12/><D118/><U24/><E69/><V81/><F109/><W16/><G70/><T49/><D66/><U84/><E111/><V43/><F126/><W52/><G124/><T15/><D96/><U35/><E114/><V0/><F0/><W128/><G128/><N who="1" m="49194" /><E3/><V14/><F104/><W26/><G116/><T78/><D78/><AGARI ba="0,0" hai="5,8,13,24,30,35,44,45,78,83,84" m="49194" machi="78" ten="30,1000,0" yaku="19,1" doraHai="107" who="1" fromWho="0" sc="244,-10,283,10,247,0,226,0" /><INIT seed="5,0,0,0,0,74" ten="234,293,247,226" oya="1" hai0="67,111,103,90,70,66,42,122,95,109,15,77,120" hai1="65,132,113,47,2,85,1,26,51,107,49,20,75" hai2="14,54,129,106,99,50,8,98,81,43,71,108,121" hai3="79,3,69,16,84,62,57,87,38,60,68,94,46"/><U86/><E75/><V110/><F121/><N who="0" m="46698" /><D103/><U91/><E107/><V56/><F129/><W102/><G3/><T22/><D42/><U131/><E113/><V45/><F71/><W37/><G46/><T24/><D15/><U61/><E131/><V36/><F81/><N who="3" m="47167" /><G68/><T40/><D40/><U10/><E86/><V130/><F130/><W35/><G35/><T128/><D77/><U63/><E132/><V17/><REACH who="2" step="1"/><F106/><REACH who="2" ten="234,293,237,226" step="2"/><W88/><G69/><T96/><D128/><U11/><E1/><V105/><F105/><W124/><G124/><T64/><D70/><U93/><E2/><V39/><F39/><W4/><G38/><T23/><D23/><U34/><E34/><V115/><F115/><W33/><G37/><T82/><D82/><U119/><E119/><V53/><F53/><N who="3" m="33839" /><G33/><T58/><D111/><AGARI ba="0,1" hai="8,14,17,36,43,45,50,54,56,98,99,108,110,111" machi="111" ten="40,1300,0" yaku="1,1,53,0" doraHai="74" doraHaiUra="27" who="2" fromWho="0" sc="234,-13,293,0,237,23,226,0" /><INIT seed="6,0,0,1,4,103" ten="221,293,260,226" oya="2" hai0="120,132,115,40,98,19,135,87,36,0,1,71,67" hai1="13,85,57,56,23,34,51,43,74,79,84,24,41" hai2="91,119,126,130,77,39,73,133,75,27,28,7,114" hai3="125,131,109,54,3,72,118,117,2,107,18,68,81"/><V129/><F119/><W17/><G109/><T22/><D120/><U64/><E74/><V66/><F39/><W105/><G54/><T59/><D71/><U5/><E34/><V111/><F114/><W95/><G95/><T31/><D31/><N who="1" m="17823" /><E64/><V124/><F133/><N who="0" m="51274" /><D115/><U127/><E127/><N who="2" m="48683" /><F66/><W102/><G102/><T76/><D98/><U134/><E134/><V110/><F91/><W38/><G18/><T25/><D40/><N who="1" m="15435" /><E79/><V10/><F77/><W9/><G125/><T89/><D76/><U16/><E5/><V6/><F75/><W30/><G72/><T4/><D36/><U42/><E42/><V62/><F62/><W20/><G38/><T80/><D4/><N who="2" m="1578" /><F10/><W86/><G117/><T100/><D100/><U37/><E37/><V33/><F73/><W99/><G118/><T122/><D122/><U15/><E51/><V45/><F45/><W14/><G3/><T97/><D97/><U90/><E84/><V21/><F33/><W112/><G2/><T60/><AGARI ba="0,0" hai="0,1,19,22,25,59,60,67,80,87,89" m="51274" machi="60" ten="30,1100,0" yaku="20,1" doraHai="103" who="0" fromWho="0" sc="221,11,293,-3,260,-5,226,-3" /><INIT seed="7,0,0,1,1,107" ten="232,290,255,223" oya="3" hai0="115,10,31,50,120,12,55,38,47,86,41,65,23" hai1="46,122,33,81,88,98,17,61,25,72,53,119,114" hai2="109,43,127,121,135,74,123,80,37,100,44,51,71" hai3="57,112,111,103,64,2,0,48,75,1,16,113,15"/><W60/><G111/><T59/><D120/><N who="2" m="46154" /><F109/><W3/><N who="3" m="0" /><DORA hai="91" /><W56/><G103/><T35/><D115/><N who="3" m="44105" /><G75/><T26/><D65/><U106/><E53/><V134/><F71/><N who="3" m="42375" /><G48/><T130/><D130/><U94/><E72/><V83/><F127/><W69/><G69/><T101/><D101/><U39/><E122/><V89/><F100/><W54/><G54/><T92/><D35/><U66/><E33/><V105/><F105/><W93/><G93/><T42/><D38/><U84/><E94/><V79/><F37/><W45/><G45/><T77/><D47/><U133/><E106/><V19/><F134/><W95/><G95/><T68/><D68/><U27/><E133/><V87/><F135/><W32/><G32/><T21/><D21/><AGARI ba="0,0" hai="15,16,21,56,57" m="42375,44105,0" machi="21" ten="60,5800,0" yaku="15,1,54,1" doraHai="107,91" who="3" fromWho="0" sc="232,-58,290,0,255,0,223,58" /><INIT seed="7,1,0,3,2,115" ten="174,290,255,281" oya="3" hai0="23,12,95,116,55,59,48,72,11,51,90,38,94" hai1="49,10,114,81,110,0,113,123,128,62,47,134,82" hai2="106,86,2,54,22,104,36,18,26,29,31,69,120" hai3="105,97,80,76,118,44,102,83,24,74,40,61,50"/><W117/><G24/><T30/><D38/><U130/><E123/><V89/><F120/><W56/><G83/><N who="1" m="31754" /><E110/><V91/><F2/><W42/><G42/><T133/><D72/><U65/><E134/><V85/><F36/><W25/><G25/><T93/><D133/><U92/><E92/><V45/><F69/><W77/><G77/><T21/><D30/><U6/><E49/><V103/><F103/><W46/><G46/><T4/><D90/><U9/><E9/><V5/><F5/><W58/><G58/><T28/><D28/><U99/><E99/><V13/><F31/><W70/><G70/><T20/><REACH who="0" step="1"/><D48/><REACH who="0" ten="164,290,255,281" step="2"/><U127/><E114/><V107/><F89/><W79/><G79/><T66/><D66/><AGARI ba="1,1" hai="40,44,50,56,61,66,74,76,80,97,102,105,117,118" machi="66" ten="30,5800,0" yaku="7,1,52,2" doraHai="115" who="3" fromWho="0" sc="164,-61,290,0,255,0,281,71" owari="103,-39.7,290,9.0,255,-14.5,352,45.2" /></mjloggm>