<mjloggm ver="2.3"><GO type="225" lobby="0"/><UN n0="%E3%83%96%E3%83%83%E3%83%91%E3%82%AA%E3%83%96%E3%83%81%E3%82%AD%E3%83%B3" n1="%72%61%6B%33" n2="%E3%81%82%E3%81%84%E3%81%82%E3%81%8A%E3%81%84" n3="%E6%98%93%E5%88%A9%E8%96%A9%E4%BC%AF" dan="16,16,18,17" rate="2194.83,2089.10,2175.46,2217.50" sx="M,M,M,F"/><TAIKYOKU oya="0"/><INIT seed="0,0,0,2,5,64" ten="250,250,250,250" oya="0" hai0="125,22,13,106,66,109,53,26,114,71,82,124,17" hai1="37,54,50,40,120,70,79,25,31,119,130,90,49" hai2="59,18,12,8,28,51,7,4,97,23,57,135,38" hai3="16,72,69,9,75,43,103,46,134,65,27,30,83"/><T78/><D114/><U0/><E119/><V94/><F38/><W76/><G134/><T44/><D106/><U91/><E120/><V93/><F135/><W61/><G103/><T111/><D44/><U126/><E0/><V133/><F133/><W100/><G100/><T20/><D53/><U2/><E2/><V74/><F74/><W21/><G9/><T98/><D98/><U55/><E79/><V52/><F59/><W34/><G75/><T48/><D48/><U24/><E31/><V118/><F118/><W45/><REACH who="3" step="1"/><G43/><REACH who="3" ten="250,250,250,240" step="2"/><T121/><D121/><U127/><E40/><V77/><F77/><W115/><G115/><T60/><D124/><U3/><E127/><V132/><F132/><W56/><G56/><T36/><D125/><U41/><E41/><V86/><F86/><W19/><G19/><T88/><D36/><U110/><E37/><V80/><F80/><W10/><G10/><T95/><D82/><U81/><E81/><V105/><F105/><W87/><G87/><T89/><D78/><U117/><E126/><V11/><F28/><W68/><G68/><T15/><D95/><U39/><E70/><V113/><F113/><W92/><G92/><T128/><D128/><U96/><E130/><V123/><F123/><W122/><G122/><T1/><D71/><U99/><E39/><V5/><REACH who="2" step="1"/><F93/><REACH who="2" ten="250,250,240,240" step="2"/><W67/><G67/><T14/><D66/><U47/><E117/><V33/><F33/><W116/><G116/><T42/><D111/><U6/><E110/><V73/><F73/><W102/><G102/><AGARI ba="0,2" hai="4,5,7,8,11,12,18,23,51,52,57,94,97,102" machi="102" ten="40,5200,0" yaku="1,1,8,1,54,1,53,0" doraHai="64" doraHaiUra="107" who="2" fromWho="3" sc="250,0,250,0,240,72,240,-52" /><INIT seed="1,0,0,3,4,105" ten="250,250,312,188" oya="1" hai0="39,59,60,21,103,35,133,113,75,44,20,70,84" hai1="115,99,34,94,64,79,49,101,30,3,83,68,89" hai2="111,10,0,8,109,104,29,46,73,131,121,32,122" hai3="54,82,72,114,23,132,110,126,1,85,118,74,56"/><U37/><E37/><V9/><F104/><W33/><G114/><T4/><D113/><U112/><E3/><V48/><F73/><W107/><G33/><T93/><D35/><U90/><E49/><V106/><F106/><W100/><G1/><T96/><D133/><U51/><E51/><V42/><F0/><W11/><G110/><N who="2" m="41993" /><F131/><W129/><G129/><T18/><D70/><U27/><E112/><V62/><F62/><W88/><G11/><T119/><D119/><U81/><E115/><V120/><F32/><W45/><G45/><T124/><D124/><U38/><E38/><V36/><F29/><W97/><G132/><T24/><D4/><U22/><E34/><V19/><F19/><W15/><G118/><T86/><D75/><U52/><E68/><V117/><F117/><W71/><G71/><T55/><REACH who="0" step="1"/><D21/><REACH who="0" ten="240,250,312,188" step="2"/><U108/><E108/><V16/><F121/><W6/><G126/><T91/><D91/><U127/><E127/><V43/><F122/><W76/><G76/><T134/><D134/><U92/><E90/><V47/><F120/><W130/><G130/><T28/><D28/><U98/><E79/><V78/><F78/><W26/><G6/><T69/><D69/><U31/><E31/><V50/><F36/><W13/><G74/><T5/><D5/><U58/><E64/><V61/><F16/><N who="3" m="12647" /><G72/><T7/><D7/><U57/><E30/><V25/><F43/><AGARI ba="0,1" hai="18,20,24,39,43,44,55,59,60,84,86,93,96,103" machi="43" ten="40,1300,0" yaku="1,1,53,0" doraHai="105" doraHaiUra="65" who="0" fromWho="2" sc="240,23,250,0,312,-13,188,0" /><INIT seed="2,0,0,5,4,62" ten="263,250,299,188" oya="2" hai0="86,50,64,13,63,44,60,98,6,33,51,61,55" hai1="69,82,76,104,40,16,24,67,9,18,5,102,129" hai2="113,96,87,125,99,94,19,90,48,134,21,92,109" hai3="72,0,32,27,68,14,123,133,65,10,56,116,100"/><V4/><F113/><W126/><G116/><T34/><D34/><U91/><E129/><V107/><F125/><W80/><G123/><T57/><D33/><U101/><E40/><V30/><F134/><W3/><G68/><T22/><D98/><U108/><E108/><V53/><F109/><W119/><G119/><T23/><D51/><U89/><E69/><V132/><F132/><W43/><G43/><T28/><D86/><U47/><E47/><V54/><F30/><W20/><G32/><T45/><D45/><U75/><E67/><V66/><F4/><W29/><G100/><T118/><D118/><U36/><E36/><V35/><F35/><W85/><G72/><T88/><D88/><U38/><E38/><V106/><F66/><W121/><G121/><T81/><D81/><U117/><E117/><V84/><F106/><W46/><G46/><T52/><D55/><N who="2" m="21002" /><F48/><W7/><G126/><T110/><D110/><U41/><E41/><V42/><F107/><W130/><G130/><T83/><D83/><U122/><E122/><V17/><F17/><W74/><G74/><T12/><D6/><U112/><E112/><V115/><F115/><W31/><G31/><T37/><D37/><U95/><E104/><V58/><F58/><W25/><G25/><N who="0" m="16439" /><D12/><N who="1" m="5167" /><E24/><N who="2" m="14399" /><F42/><W1/><G133/><T114/><D114/><U71/><E71/><V26/><F26/><W77/><REACH who="3" step="1"/><G3/><REACH who="3" ten="263,250,299,178" step="2"/><T105/><D105/><U128/><E128/><V59/><F59/><W78/><G78/><T49/><D49/><U120/><E120/><V70/><F70/><W39/><G39/><T103/><D103/><AGARI ba="0,1" hai="84,87,90,92,94,96,99,103" m="14399,21002" machi="103" ten="30,2900,0" yaku="6,1,8,1" doraHai="62" who="2" fromWho="0" sc="263,-29,250,0,299,39,178,0" /><INIT seed="2,1,0,2,4,83" ten="234,250,338,178" oya="2" hai0="125,12,4,58,112,119,91,74,118,108,128,101,93" hai1="95,109,32,84,64,79,10,71,29,102,86,69,115" hai2="134,41,54,67,44,57,76,53,87,48,36,106,63" hai3="5,70,11,8,104,111,133,88,94,77,89,14,35"/><V129/><F106/><W90/><G104/><T49/><D112/><U114/><E10/><V110/><F134/><W105/><G105/><T103/><D74/><U126/><E79/><V47/><F129/><W45/><G133/><T65/><D108/><U72/><E72/><V27/><F110/><W17/><G111/><T68/><D128/><U51/><E109/><V62/><F27/><W60/><G35/><T9/><D68/><U40/><E32/><V113/><F113/><W1/><G77/><T82/><D125/><U99/><E29/><V3/><F3/><W59/><G45/><T0/><D82/><U18/><E126/><V122/><F122/><W97/><REACH who="3" step="1"/><G70/><REACH who="3" ten="234,250,338,168" step="2"/><T127/><D127/><U135/><E69/><N who="2" m="42231" /><F76/><W130/><G130/><T2/><D119/><U132/><E135/><V123/><F123/><W124/><G124/><T42/><D118/><U25/><E132/><V80/><F47/><W117/><G117/><T20/><D0/><U31/><E115/><V61/><F44/><W16/><G16/><T34/><D34/><U22/><E18/><V56/><F57/><W15/><G15/><T26/><D2/><U46/><E114/><V120/><F56/><W98/><G98/><T24/><D58/><U92/><E71/><V107/><F107/><W116/><G116/><T37/><D12/><U6/><E46/><V81/><F120/><W33/><G33/><T28/><D37/><U38/><E38/><V66/><F36/><W7/><G7/><T52/><D4/><U73/><E6/><V85/><F41/><W23/><G23/><T39/><D20/><RYUUKYOKU ba="1,1" sc="234,-10,250,-10,338,-10,168,30" hai3="1,5,8,11,14,17,59,60,88,89,90,94,97" /><INIT seed="3,2,1,0,0,128" ten="224,240,328,198" oya="3" hai0="41,78,44,103,37,75,67,92,35,2,18,81,6" hai1="8,99,70,39,29,96,47,42,53,19,102,62,31" hai2="27,134,76,52,3,71,57,4,115,36,95,7,11" hai3="1,43,38,98,54,94,131,135,25,97,12,74,87"/><W111/><G1/><T69/><D35/><U10/><E99/><V13/><F115/><W24/><G74/><T129/><D129/><U101/><E102/><V49/><F71/><W55/><G131/><T117/><D117/><U33/><E19/><V105/><F105/><W61/><G111/><T127/><D127/><U110/><E110/><V45/><F76/><W109/><G109/><T20/><D103/><U48/><E31/><V34/><F34/><W28/><G38/><T107/><D107/><U112/><E112/><V72/><F72/><W85/><G43/><T58/><D92/><U133/><E29/><V80/><F27/><N who="3" m="10315" /><G28/><T88/><D69/><U77/><E77/><V82/><F36/><W46/><G135/><T64/><D58/><N who="1" m="33063" /><E133/><V30/><F134/><W120/><G120/><T21/><D88/><U22/><E33/><V63/><F30/><W40/><G98/><T23/><REACH who="0" step="1"/><D18/><REACH who="0" ten="214,240,328,198" step="2"/><U9/><E101/><V65/><F57/><N who="3" m="34999" /><G40/><T121/><D121/><U83/><E42/><V106/><F106/><W119/><G119/><T50/><D50/><U5/><E70/><V26/><F49/><N who="3" m="29111" /><G12/><T113/><D113/><U93/><E39/><V123/><F13/><W118/><G118/><T84/><D84/><U56/><E96/><V108/><F123/><W15/><G15/><T66/><D66/><U125/><E125/><V32/><F65/><W68/><G68/><T0/><D0/><U79/><E62/><V51/><F63/><W124/><G124/><T114/><D114/><U126/><E126/><V104/><F108/><W132/><G132/><T100/><D100/><AGARI ba="2,2" hai="85,87,94,97,100" m="29111,34999,10315" machi="100" ten="30,2900,0" yaku="6,1,8,1" doraHai="128" who="3" fromWho="0" sc="214,-35,240,0,328,0,198,55" /><INIT seed="3,3,0,3,2,73" ten="179,240,328,253" oya="3" hai0="81,5,89,85,132,24,8,34,105,90,116,26,42" hai1="106,36,80,127,122,113,121,50,23,17,70,60,33" hai2="108,53,82,135,44,101,61,37,2,1,102,130,12" hai3="92,21,77,41,78,117,43,7,133,124,91,9,19"/><W25/><G117/><T35/><D116/><U47/><E33/><V115/><F115/><W30/><G133/><T120/><D120/><U94/><E113/><V63/><F37/><W74/><G124/><T18/><D132/><U67/><E106/><V98/><F102/><W75/><G74/><T104/><D42/><N who="3" m="15881" /><G75/><T55/><D55/><U79/><E94/><V112/><F101/><W118/><G118/><T52/><D52/><U31/><E31/><V48/><F53/><W10/><G7/><T27/><D18/><U15/><E36/><V83/><F63/><W107/><G107/><T131/><D131/><U32/><E32/><V103/><F61/><W65/><G65/><T86/><D35/><U39/><E39/><V128/><F48/><W0/><G0/><T129/><D34/><U125/><E50/><V28/><F2/><W126/><G126/><N who="1" m="48138" /><E47/><V123/><F44/><W96/><G30/><T3/><REACH who="0" step="1"/><D129/><REACH who="0" ten="169,240,328,253" step="2"/><U84/><AGARI ba="3,1" hai="15,17,23,60,67,70,79,80,84,121,122" m="48138" machi="84" ten="30,2000,0" yaku="18,1,52,1" doraHai="73" who="1" fromWho="1" sc="169,-8,240,39,328,-8,253,-13" owari="161,-33.9,279,7.9,320,42.0,240,-16.0" /></mjloggm>