<mjloggm ver="2.3"><GO type="225" lobby="0"/><UN n0="%E3%83%96%E3%83%83%E3%83%91%E3%82%AA%E3%83%96%E3%83%81%E3%82%AD%E3%83%B3" n1="%E5%91%A8%E6%9D%B1" n2="%E3%82%A4%E3%83%BC%E3%82%B1%E3%83%97%E3%83%A9" n3="%77%72%77%72%77%72%77%72" dan="16,17,17,17" rate="2188.05,2202.54,2217.97,2150.51" sx="M,M,M,M"/><TAIKYOKU oya="0"/><INIT seed="0,0,0,2,4,63" ten="250,250,250,250" oya="0" hai0="41,13,118,33,132,12,8,3,60,16,37,10,104" hai1="5,2,18,134,97,76,30,125,90,93,82,114,84" hai2="39,42,81,67,117,65,38,51,69,135,133,111,127" hai3="68,116,108,129,120,130,78,9,0,19,79,95,102"/><T55/><D118/><U96/><E125/><V86/><F127/><W91/><G116/><T98/><D132/><N who="2" m="50762" /><F117/><W103/><G68/><T88/><D3/><U29/><E134/><V47/><F111/><W27/><G0/><T107/><D33/><U85/><E114/><V7/><F7/><W71/><G71/><T4/><D37/><N who="2" m="13834" /><F69/><W75/><G9/><T31/><D41/><U122/><E122/><V126/><F126/><W113/><G19/><T109/><D31/><N who="1" m="11787" /><E2/><V131/><F131/><N who="3" m="50187" /><G27/><T115/><D115/><U1/><E1/><V128/><F128/><W21/><G21/><T26/><D26/><U94/><E5/><V24/><F24/><W23/><G23/><T25/><D25/><U119/><E119/><V45/><F45/><W73/><G113/><T99/><D109/><U48/><E18/><V14/><F14/><W36/><G36/><T43/><D43/><U32/><E32/><V62/><F62/><W34/><G34/><T46/><D46/><U54/><E94/><V123/><F123/><W56/><G56/><AGARI ba="0,0" hai="48,54,56,76,82,84,85,90,93,96,97" m="11787" machi="56" ten="30,1000,0" yaku="8,1" doraHai="63" who="1" fromWho="3" sc="250,0,250,10,250,0,250,-10" /><INIT seed="1,0,0,0,3,133" ten="250,260,250,240" oya="1" hai0="120,62,82,94,79,0,31,50,91,29,89,75,88" hai1="105,85,64,78,56,19,104,117,114,55,4,92,128" hai2="37,65,83,95,21,54,93,115,59,3,121,10,9" hai3="77,36,13,113,14,125,43,71,26,27,90,123,112"/><U84/><E117/><V106/><F106/><W130/><G123/><T48/><D120/><U118/><E118/><V60/><F121/><W63/><G130/><T129/><D0/><U81/><E114/><V73/><F115/><W108/><G77/><T41/><D129/><U69/><E128/><V34/><F34/><W17/><G108/><T98/><D62/><U23/><E4/><V74/><F37/><W134/><G134/><T12/><D12/><U25/><E69/><V33/><F33/><W111/><G111/><T57/><D50/><U131/><E64/><V80/><F21/><W119/><G119/><T46/><REACH who="0" step="1"/><D57/><REACH who="0" ten="240,260,250,240" step="2"/><U52/><E131/><V135/><F135/><W45/><G13/><T15/><D15/><U101/><E55/><V67/><F3/><W5/><G63/><T122/><D122/><U97/><REACH who="1" step="1"/><E85/><REACH who="1" ten="240,250,250,240" step="2"/><V38/><F54/><W24/><G71/><T53/><D53/><U30/><E30/><AGARI ba="0,2" hai="29,30,31,41,46,48,75,79,82,88,89,91,94,98" machi="30" ten="40,2600,0" yaku="1,1,54,1,53,0" doraHai="133" doraHaiUra="68" who="0" fromWho="1" sc="240,46,250,-26,250,0,240,0" /><INIT seed="2,0,0,3,0,93" ten="286,224,250,240" oya="2" hai0="26,78,62,80,132,90,110,33,81,28,76,113,5" hai1="134,12,117,17,106,63,55,24,114,18,107,14,37" hai2="58,112,32,13,105,109,83,131,60,23,129,40,67" hai3="56,84,111,22,15,70,91,7,87,86,46,66,98"/><V27/><F112/><W47/><G111/><T126/><D113/><U44/><E114/><V104/><F32/><W92/><G70/><T75/><D110/><U135/><E117/><V95/><F109/><W42/><G7/><T21/><D132/><U61/><E24/><V49/><F83/><W2/><G2/><T51/><D126/><U20/><E44/><N who="2" m="25735" /><F13/><W8/><G8/><T50/><D5/><U25/><E25/><V108/><F108/><W120/><G120/><T85/><D90/><U99/><E37/><V100/><F104/><W48/><G46/><T35/><D62/><U43/><E43/><V41/><F41/><W97/><G56/><T34/><AGARI ba="0,0" hai="21,26,28,33,34,35,50,51,75,76,78,80,81,85" machi="34" ten="30,1100,0" yaku="0,1" doraHai="93" who="0" fromWho="0" sc="286,11,224,-3,250,-5,240,-3" /><INIT seed="3,0,0,1,2,7" ten="297,221,245,237" oya="3" hai0="46,63,57,56,111,83,26,123,117,17,116,72,27" hai1="128,4,97,92,34,41,33,29,32,95,124,105,21" hai2="20,121,109,129,43,23,96,135,39,101,47,119,125" hai3="40,84,50,94,36,12,15,115,76,107,61,38,53"/><W100/><G115/><T62/><D123/><U18/><E124/><V112/><F112/><W54/><G107/><T88/><D111/><U71/><E71/><V67/><F119/><W55/><G100/><T99/><D72/><U73/><E73/><V30/><F109/><W133/><G133/><T81/><D46/><U25/><E128/><V110/><F110/><W60/><G38/><T120/><D120/><U42/><E105/><V45/><F121/><W16/><G36/><T98/><D17/><U82/><E82/><V114/><F114/><W59/><G12/><T90/><AGARI ba="0,0" hai="26,27,56,57,62,63,81,83,88,90,98,99,116,117" machi="90" ten="25,6400,0" yaku="0,1,22,2,54,1" doraHai="7" who="0" fromWho="0" sc="297,64,221,-16,245,-16,237,-32" owari="361,46.1,205,-19.5,229,2.9,205,-29.5" /></mjloggm>