<mjloggm ver="2.3"><GO type="225" lobby="0"/><UN n0="%2D%E8%B1%8A%E5%8F%A3%E3%82%81%E3%81%90%E3%81%BF%2D" n1="%E6%81%A5%E6%99%92%E3%81%97" n2="%70%6E%64%73%6E%67" n3="%E5%91%A8%E6%9D%B1" dan="17,16,16,16" rate="2191.03,2077.08,2113.16,2152.79" sx="F,M,M,M"/><TAIKYOKU oya="0"/><INIT seed="0,0,0,0,1,29" ten="250,250,250,250" oya="0" hai0="5,2,9,15,78,73,51,62,108,85,94,117,43" hai1="13,30,102,83,135,118,79,33,98,36,69,11,28" hai2="96,6,125,131,40,75,81,41,60,17,107,129,56" hai3="74,97,132,16,39,64,1,106,80,123,42,121,124"/><T130/><D117/><U48/><E118/><V120/><F120/><N who="3" m="46155" /><G1/><T0/><D130/><N who="2" m="49674" /><F125/><W27/><G64/><T63/><D73/><U26/><E36/><V22/><F6/><W21/><G124/><T87/><D108/><U89/><E135/><V46/><F107/><W99/><G132/><T71/><D71/><U20/><E48/><V38/><F96/><W49/><G39/><T52/><D43/><U114/><E114/><V45/><F75/><W50/><G42/><N who="2" m="16489" /><F81/><W127/><G127/><T82/><D0/><U133/><E69/><V111/><F111/><W37/><G37/><T35/><D2/><U57/><E57/><V68/><F68/><W65/><G65/><T109/><D109/><U34/><E89/><V10/><F10/><W14/><G99/><T59/><D35/><U105/><E28/><V24/><F38/><W128/><G128/><T53/><D53/><AGARI ba="0,0" hai="17,22,24,45,46,53,56,60" m="16489,49674" machi="53" ten="30,1000,0" yaku="19,1" doraHai="29" who="2" fromWho="0" sc="250,-10,250,0,250,10,250,0" /><INIT seed="1,0,0,3,2,91" ten="240,250,260,250" oya="1" hai0="21,28,4,85,95,89,22,77,112,51,24,113,18" hai1="97,69,98,79,6,67,12,15,75,14,8,117,40" hai2="102,41,58,33,54,30,36,122,9,94,70,72,92" hai3="11,110,29,120,23,32,83,2,99,103,55,126,48"/><U59/><E117/><V37/><F122/><W0/><G120/><T135/><D135/><U25/><E69/><V73/><F33/><W125/><G32/><T114/><D4/><U62/><E40/><V119/><F30/><W96/><G110/><T107/><D107/><U7/><E25/><V38/><F119/><W128/><G128/><T50/><REACH who="0" step="1"/><D77/><REACH who="0" ten="230,250,260,250" step="2"/><U78/><E79/><V27/><F37/><W60/><G125/><T13/><AGARI ba="0,1" hai="13,18,21,22,24,28,50,51,85,89,95,112,113,114" machi="13" ten="30,8000,1" yaku="1,1,2,1,0,1,52,1,53,1" doraHai="91" doraHaiUra="88" who="0" fromWho="0" sc="230,90,250,-40,260,-20,250,-20" /><INIT seed="2,0,0,4,5,48" ten="320,210,240,230" oya="2" hai0="65,39,118,87,49,38,115,103,111,45,114,112,93" hai1="89,43,123,106,23,4,127,67,41,22,78,124,94" hai2="55,17,68,70,28,131,20,69,74,40,32,88,110" hai3="3,100,104,81,97,44,121,108,90,59,63,14,33"/><V10/><F74/><W15/><G108/><T99/><D111/><U46/><E106/><V64/><F110/><W102/><G121/><T30/><D118/><U62/><E78/><V37/><F131/><W56/><G3/><T133/><D133/><U113/><E113/><V1/><F32/><W0/><G0/><T50/><D30/><U72/><E72/><V116/><F116/><W61/><G44/><T98/><D65/><U92/><E4/><V27/><F64/><W2/><G2/><T51/><D87/><U35/><E35/><V80/><F40/><W36/><G36/><T86/><D86/><U101/><E101/><V119/><F119/><W18/><G33/><T19/><D45/><U9/><E9/><V135/><F37/><W84/><G102/><T12/><REACH who="0" step="1"/><D99/><REACH who="0" ten="310,210,240,230" step="2"/><U29/><E46/><V128/><F135/><W107/><G97/><T5/><D5/><U66/><E29/><V57/><F28/><W120/><G84/><T26/><D26/><U11/><E123/><V73/><F27/><W96/><G120/><T95/><D95/><U77/><E94/><V76/><F73/><W8/><G96/><T58/><D58/><U134/><E134/><V105/><F57/><W54/><G59/><T34/><D34/><U25/><E25/><V24/><F24/><W6/><G56/><T82/><D82/><U132/><E132/><V60/><F80/><W13/><G81/><T7/><D7/><U91/><E92/><V47/><F47/><W83/><G83/><T75/><D75/><U125/><E67/><V16/><F70/><W31/><G31/><RYUUKYOKU ba="0,1" sc="310,30,210,-10,240,-10,230,-10" hai0="12,19,38,39,49,50,51,93,98,103,112,114,115" /><INIT seed="3,1,1,4,4,76" ten="340,200,230,220" oya="3" hai0="24,57,38,124,79,109,131,13,58,87,2,29,66" hai1="73,67,98,114,77,4,122,22,135,106,113,126,3" hai2="28,92,121,82,40,118,75,31,90,69,1,32,15" hai3="19,132,51,17,99,68,33,102,95,84,108,85,14"/><W36/><G36/><T71/><D2/><U134/><E122/><V86/><F1/><W44/><G68/><T49/><D38/><U88/><E126/><V47/><F118/><W125/><G125/><T83/><D124/><U53/><E67/><V37/><F121/><W81/><G132/><N who="1" m="50730" /><E22/><V128/><F128/><W7/><G33/><T100/><D87/><U74/><E53/><V35/><F69/><W23/><G108/><T94/><D94/><N who="1" m="56647" /><E106/><V104/><F104/><W59/><G85/><T120/><D66/><U119/><E119/><V46/><F35/><W70/><G70/><T111/><D131/><U55/><E55/><V61/><F32/><W41/><G59/><T9/><D120/><U116/><E116/><V103/><F75/><N who="1" m="28681" /><E77/><V11/><F40/><W27/><G7/><T72/><D71/><U45/><E45/><V112/><F46/><W42/><G42/><T91/><D57/><U115/><E3/><V39/><F47/><W62/><G62/><T127/><D127/><U21/><E21/><V63/><F61/><W34/><G34/><N who="0" m="20775" /><D49/><U52/><E52/><V20/><F63/><W12/><REACH who="3" step="1"/><G19/><REACH who="3" ten="340,200,230,210" step="2"/><N who="0" m="8623" /><D58/><U89/><E4/><V78/><F39/><W130/><G130/><T110/><D110/><U5/><E5/><V117/><F37/><W96/><G96/><T64/><D111/><U6/><E6/><V105/><F117/><W30/><G30/><T25/><D109/><U129/><E129/><V43/><F31/><W26/><G26/><T16/><D25/><U133/><E133/><V56/><F28/><W50/><G50/><T48/><D48/><RYUUKYOKU ba="1,2" sc="340,-15,200,15,230,-15,210,15" hai1="89,113,114,115" hai3="12,14,17,23,27,41,44,51,81,84,95,99,102" /><INIT seed="3,2,2,5,5,98" ten="325,215,215,225" oya="3" hai0="79,33,22,17,12,18,3,49,128,105,60,108,68" hai1="127,13,7,10,116,41,55,14,54,35,93,97,56" hai2="1,112,132,65,36,124,102,8,51,61,126,122,133" hai3="69,125,34,88,90,89,52,4,5,58,23,129,92"/><W76/><G69/><T29/><D105/><U110/><E110/><V121/><F112/><W15/><G34/><T94/><D3/><U103/><E35/><V48/><F8/><N who="3" m="4487" /><G129/><T39/><D39/><U78/><E127/><N who="2" m="48683" /><F36/><W63/><G125/><T106/><D106/><U62/><E116/><V21/><F1/><W44/><G76/><T31/><D94/><U64/><E41/><V19/><F19/><N who="0" m="7178" /><D29/><U9/><E78/><V70/><F102/><W32/><G32/><T57/><D31/><U81/><E81/><V86/><F86/><N who="3" m="52247" /><G5/><AGARI ba="2,2" hai="5,7,9,10,13,14,54,55,56,62,64,93,97,103" machi="5" ten="30,7700,0" yaku="7,1,9,1,8,1,52,1" doraHai="98" who="1" fromWho="3" sc="325,0,215,103,215,0,225,-83" owari="325,42.5,318,11.8,215,-18.5,142,-35.8" /></mjloggm>