<mjloggm ver="2.3"><GO type="225" lobby="0"/><UN n0="%E3%83%81%E3%83%83%E3%82%BF%E3%82%BD%E3%83%BC" n1="%E3%83%A9%E3%82%B9%E7%8E%87%EF%BC%93%E5%89%B2" n2="%E3%83%B4%E3%83%A0%EF%BC%99%E3%81%A6" n3="%72%69%6F%75%63%68%61%6E" dan="16,16,16,16" rate="2093.19,2197.90,2144.47,2168.37" sx="F,F,M,M"/><TAIKYOKU oya="0"/><INIT seed="0,0,0,1,0,121" ten="250,250,250,250" oya="0" hai0="67,43,48,45,76,108,16,32,94,61,112,27,24" hai1="91,107,115,36,109,52,13,122,74,93,31,92,29" hai2="117,17,49,68,60,0,89,134,39,96,126,58,50" hai3="100,53,22,105,125,1,11,40,63,75,64,6,103"/><T70/><D112/><U21/><E122/><V25/><F0/><W132/><G125/><T44/><D76/><U4/><E107/><V133/><F39/><W71/><G132/><T77/><D77/><U20/><E74/><V18/><F126/><W72/><G40/><T9/><D32/><U23/><E36/><V7/><F7/><W5/><G5/><T69/><D70/><U3/><E3/><V42/><F68/><W131/><G131/><T128/><D128/><U33/><E115/><V34/><F117/><W82/><G82/><T127/><D127/><U26/><E109/><V37/><F37/><W73/><G105/><T95/><D44/><U85/><E31/><V51/><F42/><W130/><G130/><T65/><D67/><U102/><E52/><N who="2" m="33863" /><F89/><W41/><G41/><T10/><D108/><U57/><E57/><V101/><F25/><W80/><G80/><T35/><D27/><U90/><E102/><V124/><F34/><W66/><G64/><T135/><D135/><N who="2" m="51722" /><F124/><W47/><REACH who="3" step="1"/><G22/><REACH who="3" ten="250,250,250,240" step="2"/><T113/><D113/><U106/><E106/><AGARI ba="0,1" hai="17,18,49,50,51,96,101,106" m="51722,33863" machi="106" ten="30,2000,0" yaku="20,1,54,1" doraHai="121" who="2" fromWho="1" sc="250,0,250,-20,250,30,240,0" /><INIT seed="1,0,0,4,1,33" ten="250,230,280,240" oya="1" hai0="38,57,24,21,65,2,54,30,123,89,74,85,114" hai1="80,105,1,98,48,116,55,6,13,51,50,107,115" hai2="10,68,131,67,63,128,8,109,44,82,28,49,103" hai3="122,70,11,125,3,93,97,108,71,88,14,20,32"/><U7/><E115/><V53/><F109/><W76/><G122/><T95/><D114/><U72/><E116/><V19/><F28/><W117/><G108/><T73/><D123/><U36/><E36/><V101/><F82/><W112/><G112/><T104/><D38/><U124/><E124/><V18/><F8/><W0/><G32/><T4/><D65/><U96/><E13/><V129/><REACH who="2" step="1"/><F10/><REACH who="2" ten="250,230,270,240" step="2"/><W9/><G125/><T26/><D30/><U52/><E80/><V75/><F75/><W126/><G126/><T91/><D74/><U81/><E81/><V25/><F25/><W78/><G117/><T58/><D26/><U61/><E72/><V41/><F41/><W113/><G113/><T56/><D73/><U37/><E37/><V86/><F86/><W120/><G120/><T134/><D24/><U94/><E94/><V77/><F77/><W64/><G20/><T83/><D95/><U135/><E135/><V22/><F22/><W17/><G9/><N who="0" m="2199" /><D134/><U12/><E107/><V27/><F27/><W84/><G76/><N who="0" m="46311" /><D104/><U111/><E105/><V31/><F31/><W29/><G29/><T130/><D21/><U16/><E111/><V132/><F132/><W79/><G79/><T42/><D42/><U90/><E98/><V69/><F69/><N who="3" m="26123" /><G84/><T66/><D66/><U118/><E118/><V100/><AGARI ba="0,1" hai="18,19,44,49,53,63,67,68,100,101,103,128,129,131" machi="100" ten="40,5200,0" yaku="1,1,0,1,19,1,53,0" doraHai="33" doraHaiUra="34" who="2" fromWho="2" sc="250,-13,230,-26,270,62,240,-13" /><INIT seed="2,0,0,3,5,115" ten="237,204,332,227" oya="2" hai0="125,114,101,113,70,98,41,62,24,132,71,99,69" hai1="90,117,23,13,50,46,128,36,17,18,118,58,134" hai2="31,33,97,34,106,78,76,119,126,30,80,88,56" hai3="110,48,86,29,37,121,111,59,9,55,109,43,42"/><V83/><F126/><W51/><G121/><T94/><D125/><U57/><E36/><V96/><F106/><W3/><G37/><T60/><D132/><U124/><E134/><V6/><F6/><N who="3" m="1247" /><G29/><T112/><D41/><N who="3" m="15369" /><G86/><T61/><D24/><U28/><E28/><V52/><F56/><W5/><G5/><T122/><REACH who="0" step="1"/><D98/><REACH who="0" ten="227,204,332,227" step="2"/><U100/><E124/><V131/><F96/><W39/><G39/><T66/><D66/><U1/><E1/><V11/><F97/><W32/><G32/><T123/><AGARI ba="0,1" hai="60,61,62,69,70,71,94,99,101,112,113,114,122,123" machi="123" ten="50,8000,1" yaku="1,1,0,1,29,2,53,0" doraHai="115" doraHaiUra="14" who="0" fromWho="0" sc="227,90,204,-20,332,-40,227,-20" /><INIT seed="3,0,0,3,0,103" ten="317,184,292,207" oya="3" hai0="31,122,113,42,16,112,9,74,89,86,132,124,93" hai1="5,63,115,27,90,131,78,13,46,4,111,36,59" hai2="29,10,88,120,128,49,79,66,51,83,87,58,15" hai3="97,23,45,98,52,82,134,123,96,126,61,32,105"/><W18/><G123/><T129/><D122/><U2/><E2/><V19/><F120/><W110/><G32/><T6/><D124/><U56/><E115/><N who="0" m="44105" /><D132/><U95/><E111/><V55/><F128/><W48/><G126/><T71/><D129/><U0/><E131/><V104/><F104/><W28/><G110/><T108/><D108/><U22/><E0/><V72/><F66/><W114/><G114/><T77/><D71/><U14/><E78/><V1/><F1/><W94/><G134/><T101/><D31/><U44/><E36/><V81/><REACH who="2" step="1"/><F29/><REACH who="2" ten="317,184,282,207" step="2"/><W119/><G105/><T12/><D42/><U68/><E68/><V35/><F35/><W17/><G119/><T80/><D101/><U7/><E13/><V106/><F106/><W43/><G82/><T26/><D26/><U53/><E14/><V85/><F85/><W121/><G121/><T117/><D117/><U3/><E3/><V24/><F24/><N who="3" m="16415" /><G94/><T30/><D30/><N who="1" m="17783" /><E59/><AGARI ba="0,1" hai="17,18,43,45,48,52,59,61,96,97,98" m="16415" machi="59" ten="30,2900,0" yaku="8,1,54,1" doraHai="103" who="3" fromWho="1" sc="317,0,184,-29,282,0,207,39" /><INIT seed="3,1,0,5,3,69" ten="317,155,282,246" oya="3" hai0="90,127,51,12,73,45,5,59,125,18,72,62,25" hai1="55,135,64,77,84,103,95,24,40,92,4,8,83" hai2="89,63,71,91,49,70,116,22,31,121,68,48,50" hai3="19,94,101,76,114,85,29,60,112,124,105,9,57"/><W97/><G124/><N who="0" m="47691" /><D5/><U3/><E135/><V33/><F33/><W66/><G29/><T102/><D102/><U36/><E64/><V88/><F116/><W118/><G118/><T65/><D25/><U34/><E55/><V38/><F121/><W81/><REACH who="3" step="1"/><G105/><REACH who="3" ten="317,155,282,236" step="2"/><T93/><D18/><U58/><E103/><V30/><F63/><W108/><G108/><T32/><D32/><U120/><E120/><V100/><F100/><W87/><G87/><N who="0" m="52447" /><D12/><AGARI ba="1,1" hai="9,12,19,57,60,66,76,81,85,94,97,101,112,114" machi="12" ten="40,2000,0" yaku="1,1,53,0" doraHai="69" doraHaiUra="39" who="3" fromWho="0" sc="317,-23,155,0,282,0,236,33" /><INIT seed="3,2,0,5,0,94" ten="294,155,282,269" oya="3" hai0="33,106,95,75,105,101,17,109,3,110,135,0,45" hai1="116,118,128,96,83,81,53,52,117,107,11,24,66" hai2="74,19,43,44,133,132,114,27,127,49,63,120,15" hai3="22,28,87,38,57,84,26,65,8,60,13,5,108"/><W113/><G113/><T41/><D135/><N who="2" m="51786" /><F114/><W36/><REACH who="3" step="1"/><G108/><REACH who="3" ten="294,155,282,259" step="2"/><N who="0" m="41579" /><D33/><U93/><E128/><V18/><F120/><W89/><G89/><T6/><D75/><U7/><E66/><V103/><F74/><W115/><G115/><T124/><D124/><U34/><E107/><N who="0" m="40969" /><D6/><U59/><E34/><V78/><F127/><W12/><G12/><T4/><D4/><U23/><E23/><N who="2" m="13815" /><F103/><W102/><G102/><T79/><D79/><U72/><E24/><V55/><F78/><W56/><G56/><T29/><D29/><U58/><E58/><N who="2" m="35295" /><F15/><W69/><G69/><T46/><D46/><U76/><E59/><V73/><F73/><W111/><G111/><T82/><D17/><AGARI ba="2,1" hai="17,19,43,44,49" m="35295,13815,51786" machi="17" ten="30,1000,0" yaku="20,1" doraHai="94" who="2" fromWho="0" sc="294,-16,155,0,282,26,259,0" owari="278,7.8,155,-34.5,308,40.8,259,-14.1" /></mjloggm>