<mjloggm ver="2.3"><GO type="225" lobby="0"/><UN n0="%70%68%65%6E%6F%6D%65" n1="%E3%82%A4%E3%83%BC%E3%82%B1%E3%83%97%E3%83%A9" n2="%4C%4F%4C%49%54%41" n3="%E4%BF%BA%E3%81%A8%E5%A6%96%E5%A4%A2" dan="16,16,16,16" rate="2187.48,2104.10,2090.77,2141.80" sx="M,M,F,F"/><TAIKYOKU oya="0"/><INIT seed="0,0,0,2,0,133" ten="250,250,250,250" oya="0" hai0="36,11,79,76,114,125,0,57,39,109,48,16,29" hai1="135,64,33,71,105,88,101,89,73,49,86,74,94" hai2="72,51,40,12,90,110,8,69,18,115,124,35,96" hai3="128,10,119,25,92,21,19,106,104,5,67,95,134"/><T97/><D114/><U98/><E135/><V55/><F115/><W38/><G119/><T56/><D29/><U132/><E132/><V30/><F69/><W46/><G134/><T126/><D97/><U20/><E33/><V32/><F72/><W7/><G128/><T6/><D109/><U27/><E71/><V116/><F110/><W59/><G104/><T84/><D16/><U61/><E49/><V23/><F40/><W65/><G106/><T15/><D15/><U81/><E61/><V62/><F62/><W113/><G5/><T91/><D48/><U75/><E64/><V60/><F60/><W9/><G9/><T85/><D91/><U102/><REACH who="1" step="1"/><E105/><REACH who="1" ten="250,240,250,250" step="2"/><V108/><F32/><W54/><G113/><T107/><D107/><U99/><E99/><V130/><F35/><W31/><G67/><T117/><D117/><U53/><E53/><V111/><F116/><W34/><G65/><T22/><D39/><U13/><E13/><V37/><F37/><W17/><G38/><T26/><D36/><U70/><E70/><V4/><F111/><W28/><G34/><T80/><D56/><U131/><E131/><V14/><F130/><W3/><G59/><T122/><D57/><U58/><E58/><V127/><F108/><W93/><G54/><T50/><D50/><U1/><E1/><V129/><F129/><W118/><G118/><T120/><D122/><U63/><E63/><V44/><REACH who="2" step="1"/><F30/><AGARI ba="0,1" hai="20,27,30,73,74,75,81,86,88,89,94,98,101,102" machi="30" ten="40,2600,0" yaku="1,1,54,1,53,0" doraHai="133" doraHaiUra="121" who="1" fromWho="2" sc="250,0,240,36,250,-26,250,0" /><INIT seed="1,0,0,1,5,127" ten="250,276,224,250" oya="1" hai0="0,122,44,35,22,18,47,67,121,117,71,16,7" hai1="3,50,87,114,72,21,83,39,115,32,128,131,129" hai2="91,25,41,126,100,17,9,45,119,90,81,95,29" hai3="10,98,120,110,74,77,107,66,26,96,124,135,84"/><U85/><E32/><V118/><F126/><W55/><G124/><T76/><D35/><U43/><E39/><V2/><F100/><W12/><G120/><N who="0" m="46187" /><D76/><N who="1" m="44423" /><E3/><V46/><F46/><N who="0" m="17450" /><D117/><U79/><E43/><V64/><F64/><W54/><G74/><T20/><D7/><U59/><E21/><N who="0" m="8297" /><D0/><U27/><E27/><V134/><F2/><W62/><G26/><T58/><D58/><U105/><E105/><V51/><F25/><W8/><G107/><T99/><D99/><U36/><E36/><V108/><F119/><W102/><G98/><T88/><D88/><U75/><E75/><V106/><F90/><W86/><G96/><T34/><D34/><U123/><E123/><V125/><F91/><W15/><G77/><T94/><D94/><U73/><E73/><V49/><F95/><W5/><G5/><T69/><D67/><U104/><E104/><V1/><F106/><W61/><G66/><T33/><D33/><U93/><E93/><V31/><F1/><W132/><G102/><T56/><D56/><U24/><E24/><V28/><F118/><W30/><G30/><T65/><D65/><U13/><E13/><V112/><F125/><W109/><AGARI ba="0,0" hai="8,10,12,15,54,55,61,62,84,86,109,110,132,135" machi="109" ten="25,3200,0" yaku="0,1,22,2" doraHai="127" who="3" fromWho="3" sc="250,-8,276,-16,224,-8,250,32" /><INIT seed="2,0,0,3,3,105" ten="242,260,216,282" oya="2" hai0="123,98,95,15,121,88,13,4,35,6,116,25,54" hai1="84,94,108,51,119,7,87,34,92,0,120,122,21" hai2="109,96,27,33,26,110,83,48,114,85,57,17,112" hai3="72,46,62,44,99,11,67,56,115,41,104,12,29"/><V55/><F33/><W20/><G115/><N who="2" m="44073" /><F17/><W43/><G72/><T63/><D116/><U28/><E34/><V106/><F96/><W64/><G104/><T97/><D98/><U126/><E119/><V30/><F30/><W128/><G128/><T70/><D54/><U65/><E108/><N who="2" m="41579" /><F106/><W103/><G67/><T131/><D131/><U89/><E126/><V38/><F38/><W132/><G99/><T133/><D133/><U102/><E65/><V78/><AGARI ba="0,0" hai="26,27,48,55,57,78,83,85" m="41579,44073" machi="78" ten="30,3000,0" yaku="14,1,10,1" doraHai="105" who="2" fromWho="2" sc="242,-10,260,-10,216,30,282,-10" /><INIT seed="2,1,0,1,5,46" ten="232,250,246,272" oya="2" hai0="92,96,107,130,49,93,76,57,56,123,75,72,79" hai1="48,69,128,58,21,29,30,6,24,22,91,125,25" hai2="55,50,28,99,16,94,106,131,11,74,26,60,104" hai3="126,109,90,112,89,133,95,122,13,12,117,35,68"/><V80/><F131/><W102/><G117/><T33/><D33/><U77/><E69/><V85/><F74/><N who="0" m="28202" /><D49/><U97/><E128/><V59/><F11/><W10/><G122/><T84/><D56/><U78/><E125/><V4/><F4/><W121/><G121/><T42/><D57/><U120/><E6/><V70/><F16/><W118/><G118/><T116/><D42/><U127/><E127/><V20/><F70/><W27/><G68/><T36/><D36/><U124/><E120/><V40/><F40/><W119/><G119/><T113/><D123/><U19/><E124/><V44/><F85/><W8/><G27/><T37/><D37/><U71/><E71/><V43/><REACH who="2" step="1"/><F80/><REACH who="2" ten="232,250,236,272" step="2"/><W134/><G8/><T105/><D113/><U32/><E19/><V61/><F61/><W100/><G10/><T82/><D130/><U34/><E34/><V62/><F62/><W17/><G35/><T88/><D116/><U103/><E32/><V38/><F38/><W67/><G17/><T81/><D93/><N who="1" m="56511" /><E103/><AGARI ba="1,1" hai="20,26,28,43,44,50,55,59,60,94,99,103,104,106" machi="103" ten="30,5800,0" yaku="1,1,7,1,52,1,53,0" doraHai="46" doraHaiUra="63" who="2" fromWho="1" sc="232,0,250,-61,236,71,272,0" /><INIT seed="2,2,0,4,4,77" ten="232,189,307,272" oya="2" hai0="35,69,7,27,32,94,125,50,80,122,61,34,37" hai1="126,71,103,47,36,93,39,66,30,106,64,11,31" hai2="110,24,134,115,26,57,92,101,79,73,108,63,49" hai3="22,84,123,1,91,62,111,96,60,20,119,55,17"/><V8/><F115/><W54/><G119/><T127/><D122/><U131/><E106/><V95/><F134/><W65/><G123/><T86/><D37/><U102/><E131/><V135/><F135/><W2/><G111/><N who="2" m="42537" /><F49/><W128/><G128/><T12/><D50/><U44/><E126/><N who="0" m="48137" /><D94/><N who="2" m="35882" /><F101/><W67/><G84/><T124/><D124/><U98/><E93/><V6/><F79/><W38/><G38/><T5/><D27/><U42/><E11/><V3/><F73/><W89/><REACH who="3" step="1"/><G17/><REACH who="3" ten="232,189,307,262" step="2"/><T75/><D75/><U68/><REACH who="1" step="1"/><E42/><REACH who="1" ten="232,179,307,262" step="2"/><V14/><F3/><W78/><G78/><T43/><D43/><U48/><E48/><V52/><AGARI ba="2,2" hai="6,8,14,24,26,52,57,63" m="35882,42537" machi="52" ten="30,6000,0" yaku="14,1,10,1,54,1" doraHai="77" who="2" fromWho="2" sc="232,-22,179,-22,307,86,262,-22" /><INIT seed="2,3,0,5,5,22" ten="210,157,393,240" oya="2" hai0="131,26,38,105,7,14,45,53,116,11,39,40,103" hai1="34,70,132,18,113,104,109,87,68,111,62,66,5" hai2="90,9,97,91,3,112,19,72,106,49,88,98,64" hai3="99,61,37,29,57,125,4,95,15,33,71,0,56"/><V2/><F72/><W52/><G0/><T114/><D114/><U59/><E113/><V13/><F112/><W8/><G37/><T51/><D131/><U83/><E104/><V54/><F64/><W50/><G125/><T67/><D116/><U73/><E73/><V23/><F106/><W42/><G71/><T96/><D67/><U118/><E118/><V128/><F128/><W27/><G42/><T6/><D6/><U31/><E132/><V134/><F134/><W93/><REACH who="3" step="1"/><G99/><REACH who="3" ten="210,157,393,230" step="2"/><T74/><D74/><U60/><E70/><V80/><F2/><W41/><G41/><T100/><D100/><U21/><E111/><V12/><F97/><W120/><G120/><T55/><D39/><U17/><E109/><V122/><F98/><W110/><G110/><T46/><D38/><U44/><E68/><V32/><F3/><W94/><G94/><T24/><D40/><U28/><E83/><V10/><F80/><W78/><G78/><T30/><D30/><U20/><E31/><V35/><F122/><W121/><G121/><T86/><D86/><U81/><E28/><V108/><F108/><W77/><G77/><T79/><D79/><U47/><E87/><V16/><F91/><W65/><AGARI ba="3,1" hai="4,8,15,27,29,33,50,52,56,57,61,65,93,95" machi="65" ten="20,8000,1" yaku="1,1,0,1,7,1,52,1,54,1,53,0" doraHai="22" doraHaiUra="69" who="3" fromWho="3" sc="210,-23,157,-23,393,-43,230,99" /><INIT seed="3,0,0,3,4,17" ten="187,134,350,329" oya="3" hai0="28,97,132,18,71,19,15,126,43,36,61,109,56" hai1="66,83,120,106,85,128,101,134,23,67,98,47,5" hai2="31,52,8,87,51,127,41,92,32,116,104,105,96" hai3="79,39,112,35,88,12,50,77,64,63,49,30,44"/><W94/><G112/><T102/><D71/><U53/><E120/><V55/><F116/><W54/><G39/><T124/><D109/><U11/><E128/><V40/><F127/><N who="0" m="48682" /><D28/><U13/><E134/><V125/><F125/><W34/><G34/><T22/><D132/><U118/><E118/><V73/><F73/><W81/><G30/><T6/><D43/><U111/><E111/><V78/><F55/><W119/><G35/><T99/><D36/><U122/><E122/><V103/><F104/><W26/><G26/><N who="0" m="14679" /><D6/><U2/><E47/><V84/><F31/><W129/><G129/><T4/><D4/><U108/><E108/><V38/><F41/><W90/><G119/><T130/><D102/><U0/><E53/><V74/><F40/><W46/><G12/><T114/><D130/><U110/><E110/><V131/><F38/><W80/><G64/><N who="0" m="38951" /><D114/><U93/><E106/><V86/><F105/><W37/><G37/><T14/><D14/><U42/><E42/><V21/><F131/><W25/><G25/><T123/><D123/><U76/><REACH who="1" step="1"/><E0/><REACH who="1" ten="187,124,350,329" step="2"/><V10/><F52/><N who="3" m="29735" /><G63/><T57/><D57/><U60/><E60/><V29/><F51/><W113/><G113/><T117/><D117/><U115/><E115/><V135/><F135/><W45/><G45/><T107/><D107/><U121/><E121/><V20/><F78/><W72/><G79/><T48/><D48/><U89/><E89/><V68/><F103/><W27/><G90/><T69/><D69/><U70/><E70/><V7/><F68/><W75/><G77/><T33/><D33/><U91/><E91/><RYUUKYOKU ba="0,1" sc="187,15,124,15,350,-15,329,-15" hai0="15,19,97,99" hai1="2,5,11,13,23,66,67,76,83,85,93,98,101" owari="202,-19.8,139,-36.1,345,44.5,314,11.4" /></mjloggm>