<mjloggm ver="2.3"><GO type="225" lobby="0"/><UN n0="%E6%98%BC%E4%B8%8B%E3%81%8C%E3%82%8A%E3%81%AE%E5%9B%A3%E5%9C%B0%E5%A6%BB" n1="%6C%61%6D%62" n2="%E7%9A%AE%E3%80%85" n3="%E3%80%93%E3%81%97%E3%83%BC%E3%82%89%E3%80%93" dan="16,16,16,16" rate="2138.12,2227.46,2099.06,2154.51" sx="F,M,F,M"/><TAIKYOKU oya="0"/><INIT seed="0,0,0,2,1,4" ten="250,250,250,250" oya="0" hai0="49,61,12,75,58,21,131,43,17,128,30,77,133" hai1="126,27,85,86,110,32,34,74,46,45,55,96,0" hai2="87,80,95,84,40,19,109,3,62,13,124,71,83" hai3="56,2,134,105,111,122,130,10,67,90,33,119,72"/><T41/><D133/><U116/><E74/><V88/><F109/><W100/><RYUUKYOKU type="yao9" ba="0,0" sc="250,0,250,0,250,0,250,0" hai3="2,10,33,56,67,72,90,100,105,111,119,122,130,134" /><INIT seed="0,1,0,5,5,36" ten="250,250,250,250" oya="0" hai0="128,96,12,121,89,126,79,113,24,131,116,91,27" hai1="43,58,118,69,120,81,57,61,25,37,16,100,90" hai2="83,33,56,47,1,130,99,19,104,21,54,134,75" hai3="15,10,11,72,5,88,132,114,103,46,6,3,117"/><T62/><D113/><U101/><E118/><V55/><F33/><W127/><G72/><T76/><D116/><U14/><E120/><V45/><F1/><W77/><G77/><T29/><D121/><U30/><E69/><V17/><F134/><W22/><G117/><T20/><D12/><U48/><E37/><V73/><F130/><W111/><G132/><T97/><D62/><U125/><E125/><V49/><F104/><W106/><G127/><T41/><D126/><U32/><E90/><V13/><F99/><W42/><G114/><T39/><D39/><U18/><E81/><V70/><F70/><W60/><G103/><T52/><D52/><U135/><E18/><V26/><F75/><W95/><G106/><T7/><D7/><U64/><E135/><V129/><F129/><W92/><G60/><T4/><D4/><U86/><E86/><V66/><F73/><W34/><G34/><T122/><D122/><U53/><REACH who="1" step="1"/><E43/><REACH who="1" ten="250,240,250,250" step="2"/><V124/><F83/><W108/><G88/><T31/><D41/><U110/><E110/><N who="3" m="42026" /><G22/><AGARI ba="1,1" hai="20,22,24,27,29,31,76,79,89,91,96,97,128,131" machi="22" ten="25,2400,0" yaku="22,2" doraHai="36" who="0" fromWho="3" sc="250,37,240,0,250,0,250,-27" /><AGARI ba="1,0" hai="14,16,22,25,30,32,48,53,57,58,61,64,100,101" machi="22" ten="30,7700,0" yaku="1,1,7,1,54,1,53,1" doraHai="36" doraHaiUra="51" who="1" fromWho="3" sc="287,0,240,77,250,0,223,-77" /><INIT seed="0,2,0,1,3,77" ten="287,317,250,146" oya="0" hai0="23,42,132,97,124,6,63,50,41,84,73,7,94" hai1="92,22,27,55,62,32,67,4,107,2,109,53,64" hai2="103,49,5,99,52,108,89,111,10,3,29,31,70" hai3="72,87,82,126,76,91,16,57,33,65,79,1,110"/><T104/><D73/><U134/><E107/><V35/><F70/><W75/><G33/><T118/><D118/><U125/><E32/><V19/><F89/><W105/><G1/><T129/><D124/><U54/><E125/><V119/><F19/><W114/><G105/><T36/><D129/><U71/><E109/><N who="2" m="42059" /><F35/><W15/><G126/><T9/><D36/><U59/><E134/><V113/><F113/><W39/><G39/><T38/><D38/><U51/><E2/><V128/><F128/><W120/><G110/><T78/><D132/><U46/><E4/><V68/><F68/><W116/><G114/><T44/><D42/><U0/><E0/><V43/><F43/><W130/><G116/><T122/><D122/><U21/><E67/><V56/><F119/><W30/><G30/><T34/><D34/><U13/><E71/><V28/><F28/><W115/><G115/><T37/><D37/><U96/><E13/><V58/><F56/><W66/><G130/><T60/><D23/><N who="1" m="8715" /><E27/><V25/><F25/><W12/><G120/><T17/><D17/><U98/><E98/><V8/><F10/><W74/><G12/><T112/><D112/><U45/><E45/><V14/><F3/><W26/><G26/><T90/><D6/><U85/><E96/><V24/><F24/><W135/><G135/><T102/><D78/><U101/><E101/><V11/><F11/><W69/><G69/><T95/><D104/><AGARI ba="2,0" hai="5,8,14,29,31,49,52,58,99,103,104" m="42059" machi="104" ten="30,2000,0" yaku="14,1,54,1" doraHai="77" who="2" fromWho="0" sc="287,-26,317,0,250,26,146,0" /><INIT seed="1,0,0,0,4,82" ten="261,317,276,146" oya="1" hai0="113,119,124,61,43,50,104,118,56,9,91,33,127" hai1="130,123,86,15,48,45,21,13,24,83,81,115,94" hai2="49,20,102,97,26,32,121,51,6,57,65,93,100" hai3="116,36,25,53,71,108,5,1,80,95,52,66,37"/><U88/><E115/><V17/><F121/><W47/><G108/><T111/><D33/><U89/><E130/><V19/><F32/><W14/><G116/><T40/><D104/><U79/><E123/><V74/><F74/><W38/><G1/><T98/><D113/><U99/><E83/><V46/><F6/><W0/><G0/><T4/><D111/><U54/><E79/><V105/><F105/><W59/><G71/><T39/><D39/><U73/><E73/><V2/><F2/><W16/><G5/><T60/><D60/><U28/><AGARI ba="0,0" hai="13,15,21,24,28,45,48,54,81,86,88,89,94,99" machi="28" ten="20,12000,1" yaku="0,1,7,1,8,1,52,1,54,1" doraHai="82" who="1" fromWho="1" sc="261,-40,317,120,276,-40,146,-40" /><INIT seed="1,1,0,5,1,65" ten="221,437,236,106" oya="1" hai0="76,113,22,9,7,4,45,121,64,34,27,106,19" hai1="20,84,38,78,25,117,36,97,126,120,26,103,132" hai2="105,63,99,128,39,17,29,130,16,94,44,104,68" hai3="14,59,24,127,95,118,0,115,67,102,131,123,48"/><U134/><E117/><V51/><F39/><W92/><G0/><T60/><D113/><U43/><E120/><V83/><F83/><W47/><G123/><T112/><D112/><U52/><E78/><V74/><F74/><W135/><G115/><T111/><D121/><U124/><E84/><V70/><F63/><W91/><G118/><T49/><D106/><N who="2" m="41066" /><F29/><W109/><G109/><T90/><D76/><U86/><E86/><V80/><F80/><W13/><G131/><N who="2" m="50217" /><F99/><W100/><G135/><T93/><D34/><U96/><E43/><N who="2" m="24991" /><F94/><W1/><G1/><T55/><D111/><U114/><E114/><V116/><F116/><W2/><G2/><T71/><REACH who="0" step="1"/><D9/><REACH who="0" ten="211,437,236,106" step="2"/><U81/><E132/><V101/><F101/><W57/><G102/><T42/><D42/><U75/><E103/><V79/><F79/><W73/><G100/><T30/><D30/><U129/><E134/><V53/><F53/><W41/><G41/><T107/><D107/><U46/><E129/><V89/><F89/><W85/><G91/><T66/><D66/><U6/><E52/><V28/><F28/><W23/><G67/><T133/><D133/><U61/><E75/><V56/><F56/><W87/><G73/><T31/><D31/><U35/><E35/><V77/><F77/><W15/><G59/><T10/><D10/><U3/><E38/><V33/><F33/><W50/><G57/><T110/><D110/><U40/><E36/><V98/><F98/><AGARI ba="1,1" hai="4,7,19,22,27,45,49,55,60,64,71,90,93,98" machi="98" ten="30,3900,0" yaku="1,1,7,1,52,1,53,0" doraHai="65" doraHaiUra="122" who="0" fromWho="2" sc="211,52,437,0,236,-42,106,0" /><INIT seed="2,0,0,1,5,78" ten="263,437,194,106" oya="2" hai0="133,124,34,42,4,38,118,71,104,109,77,14,91" hai1="57,2,31,100,18,22,46,35,49,114,37,13,50" hai2="12,122,52,126,85,105,132,11,0,74,111,103,25" hai3="8,23,27,130,106,80,68,123,67,83,69,58,64"/><V44/><F122/><W51/><G106/><T1/><RYUUKYOKU type="yao9" ba="0,0" sc="263,0,437,0,194,0,106,0" hai0="1,4,14,34,38,42,71,77,91,104,109,118,124,133" /><INIT seed="2,1,0,5,5,84" ten="263,437,194,106" oya="2" hai0="55,99,114,50,86,72,124,71,66,9,12,40,133" hai1="56,98,48,123,41,63,119,125,67,79,53,94,7" hai2="107,110,106,17,102,61,10,134,60,120,27,128,51" hai3="85,45,54,80,29,126,93,31,90,96,100,26,122"/><V115/><F115/><W88/><G126/><T75/><D114/><U49/><E125/><V78/><F120/><W116/><G122/><T135/><D124/><U3/><E123/><V108/><F78/><W95/><G116/><T13/><D40/><U15/><E3/><V104/><F102/><W129/><G129/><T37/><D37/><U0/><E0/><V130/><F51/><N who="3" m="29039" /><G26/><T42/><D42/><U101/><E119/><V21/><F10/><W73/><G73/><T32/><D32/><U109/><E109/><N who="2" m="42091" /><F134/><W16/><G16/><T46/><D75/><U25/><E25/><V91/><F91/><W30/><G95/><T113/><D72/><U68/><E79/><AGARI ba="1,0" hai="29,30,31,79,80,85,88,90,93,96,100" m="29039" machi="79" ten="30,7700,0" yaku="8,1,52,2,54,1" doraHai="84" who="3" fromWho="1" sc="263,0,437,-80,194,0,106,80" /><INIT seed="3,0,0,2,0,94" ten="263,357,194,186" oya="3" hai0="103,18,110,55,115,134,61,81,3,21,100,15,43" hai1="56,58,13,34,86,101,41,52,96,71,83,65,57" hai2="104,63,117,44,84,26,74,133,9,80,119,85,24" hai3="112,105,106,48,19,1,49,69,114,33,126,46,25"/><W17/><G1/><T2/><D110/><U130/><E34/><V59/><F104/><N who="3" m="40043" /><G33/><T70/><D115/><N who="3" m="44073" /><G46/><T35/><D35/><U99/><E41/><V79/><F44/><W102/><G25/><T128/><D43/><U7/><E101/><V31/><F9/><W20/><G20/><T62/><D70/><U95/><E95/><V127/><F24/><W116/><G69/><T109/><D21/><U131/><E52/><V75/><F26/><W38/><G38/><T54/><D15/><U97/><E7/><V66/><F31/><W121/><G102/><T129/><D100/><U98/><E13/><V108/><F66/><W6/><G6/><T30/><D103/><U68/><N who="1" m="24576" /><DORA hai="28" /><U89/><E65/><V40/><F40/><W0/><G0/><T82/><D2/><U93/><E68/><V123/><F63/><W132/><G116/><T113/><D62/><U32/><E32/><V53/><F53/><W50/><G121/><T39/><D61/><U22/><E71/><V135/><F123/><W76/><G76/><T90/><D55/><U122/><E122/><V107/><F79/><W73/><G73/><T29/><D54/><U14/><E22/><V77/><F77/><W11/><G132/><T64/><D134/><U10/><E14/><V45/><F107/><W5/><G126/><T87/><D3/><U37/><E37/><V23/><F133/><W125/><G125/><T72/><D39/><U42/><E10/><V4/><F135/><W47/><G47/><T67/><D113/><U27/><E27/><V51/><F117/><W16/><G11/><RYUUKYOKU ba="0,0" sc="263,-10,357,-10,194,-10,186,30" hai3="5,16,17,19,48,49,50" /><INIT seed="3,1,0,1,2,59" ten="253,347,184,216" oya="3" hai0="20,75,117,118,110,111,89,91,43,67,58,128,125" hai1="11,26,66,109,13,106,98,70,56,33,131,44,130" hai2="0,88,132,123,60,97,12,69,25,120,38,49,8" hai3="27,15,14,79,121,133,122,42,34,57,116,4,78"/><W65/><G116/><T115/><D75/><U5/><E109/><N who="0" m="41481" /><D125/><U127/><E56/><V62/><F38/><W74/><G133/><T102/><D128/><U46/><E127/><V93/><F132/><W48/><G74/><T36/><D102/><N who="1" m="62807" /><E46/><V107/><F0/><W129/><G129/><T80/><D115/><U113/><E44/><V30/><F107/><W9/><G15/><T114/><D114/><U72/><E72/><V24/><F49/><W16/><G42/><T21/><D43/><U61/><E113/><V29/><F69/><W2/><G121/><N who="2" m="46665" /><F25/><W87/><G87/><N who="0" m="50407" /><D36/><U53/><E53/><V35/><F30/><AGARI ba="1,0" hai="5,11,13,26,30,33,61,66,70,130,131" m="62807" machi="30" ten="30,2000,0" yaku="25,1,52,1" doraHai="59" who="1" fromWho="2" sc="253,0,347,23,184,-23,216,0" owari="253,5.3,370,47.0,161,-33.9,216,-18.4" /></mjloggm>