<mjloggm ver="2.3"><GO type="225" lobby="0"/><UN n0="%E6%A1%9C%E8%8A%B1%E9%96%83%E3%80%85" n1="%E6%9C%88%E5%B3%B6%E5%9F%BA" n2="%E3%83%B4%E3%83%A0%EF%BC%99%E3%81%A6" n3="%E4%BF%BA%E3%81%A8%E5%A6%96%E5%A4%A2" dan="17,17,17,16" rate="2249.26,2202.56,2138.41,2247.98" sx="M,M,M,F"/><TAIKYOKU oya="0"/><INIT seed="0,0,0,1,0,19" ten="250,250,250,250" oya="0" hai0="24,1,6,131,92,133,53,23,109,18,111,38,95" hai1="123,10,25,93,62,104,59,130,54,35,56,103,12" hai2="68,101,77,47,21,9,22,97,121,60,7,63,102" hai3="51,96,16,15,31,132,32,72,28,127,30,52,80"/><T128/><D38/><U2/><E123/><V64/><F121/><W41/><G132/><T33/><D133/><U113/><E2/><V122/><F122/><W69/><G69/><T106/><D106/><U134/><E104/><V45/><F77/><W13/><G127/><T124/><D124/><U42/><E130/><N who="0" m="49705" /><D53/><U135/><E42/><V87/><F87/><W74/><G41/><T117/><D117/><U67/><E113/><V17/><F60/><W73/><G13/><T40/><D40/><U66/><E35/><V78/><F78/><W0/><G0/><T26/><D95/><U4/><E67/><V14/><F22/><W84/><G96/><T86/><D92/><U89/><E66/><V44/><REACH who="2" step="1"/><F97/><REACH who="2" ten="250,250,240,250" step="2"/><W55/><G32/><T61/><D86/><U116/><E134/><V108/><F108/><N who="0" m="41546" /><D61/><U3/><E62/><V126/><F126/><W107/><G84/><T50/><D50/><U57/><E135/><V36/><F36/><W48/><G48/><T49/><D49/><U98/><E98/><V65/><F65/><W90/><G51/><T112/><D112/><U125/><E125/><V115/><F115/><W43/><G74/><T120/><D120/><U27/><E54/><V119/><F119/><W39/><G73/><T76/><D76/><U20/><E116/><V75/><F75/><W82/><G72/><T46/><D46/><U8/><E59/><V5/><F5/><W129/><G55/><T100/><D33/><U29/><E57/><V105/><F105/><W81/><G52/><T118/><D118/><U71/><E56/><V37/><F37/><RYUUKYOKU ba="0,1" sc="250,-10,250,-10,240,30,250,-10" hai2="7,9,14,17,21,44,45,47,63,64,68,101,102" /><INIT seed="1,1,1,5,1,53" ten="240,240,270,240" oya="1" hai0="19,113,26,115,90,130,27,84,51,92,49,96,12" hai1="8,109,133,16,13,42,37,48,123,41,47,56,65" hai2="100,108,58,67,81,75,126,127,45,91,94,97,80" hai3="54,32,9,74,66,131,117,102,110,99,23,78,63"/><U86/><E123/><V121/><F121/><W128/><G32/><T52/><D130/><N who="3" m="49705" /><G110/><T61/><D115/><U21/><E109/><V111/><F45/><W72/><G117/><T122/><D113/><U70/><E133/><V132/><F132/><W1/><G54/><T89/><D51/><U38/><E70/><V124/><F75/><W120/><G23/><N who="0" m="11751" /><D61/><N who="1" m="38055" /><E38/><V14/><F14/><W39/><G39/><T118/><D118/><U104/><E104/><V119/><F119/><W35/><G35/><T20/><D122/><U34/><E34/><V134/><F134/><W71/><G78/><T15/><D15/><N who="1" m="9375" /><E86/><V7/><F108/><W57/><G71/><T55/><D20/><U105/><E105/><V73/><F111/><W69/><G69/><T88/><D55/><N who="1" m="30111" /><E37/><V116/><F116/><W112/><G112/><T76/><D26/><U85/><E85/><N who="2" m="50599" /><F73/><W5/><G120/><T60/><D27/><U31/><E31/><V64/><F124/><W25/><G25/><T87/><D60/><U135/><E135/><V59/><F126/><W17/><G17/><AGARI ba="1,1" hai="8,13,17,41,42" m="30111,9375,38055" machi="17" ten="30,5800,0" yaku="8,1,52,1,54,1" doraHai="53" who="1" fromWho="3" sc="240,0,240,71,270,0,240,-61" /><INIT seed="1,2,0,2,5,63" ten="240,311,270,179" oya="1" hai0="97,19,82,90,110,106,46,29,22,26,58,41,92" hai1="4,9,77,100,76,74,81,16,44,71,31,88,114" hai2="105,83,132,0,125,85,109,2,27,128,112,5,87" hai3="133,59,1,7,35,23,14,6,116,119,129,102,39"/><U73/><E114/><V43/><F105/><W113/><G39/><T8/><D110/><U104/><E71/><V20/><F109/><W33/><G102/><T94/><D106/><U67/><E31/><V98/><F112/><W123/><G113/><T28/><D82/><U75/><E44/><V32/><F32/><N who="3" m="12363" /><G59/><T135/><D135/><U69/><E16/><V12/><F98/><W13/><G133/><T89/><D58/><U54/><E54/><V17/><F87/><W126/><G123/><T10/><D29/><U122/><E122/><V42/><F42/><W130/><G126/><T84/><REACH who="0" step="1"/><D28/><REACH who="0" ten="230,311,270,179" step="2"/><U99/><E81/><V34/><F83/><W18/><G1/><T15/><D15/><U62/><REACH who="1" step="1"/><E88/><REACH who="1" ten="230,301,270,179" step="2"/><V47/><F132/><W96/><G119/><T56/><D56/><U70/><E70/><V21/><F125/><W108/><G116/><T91/><D91/><U37/><E37/><AGARI ba="2,2" hai="8,10,19,22,26,37,41,46,84,89,90,92,94,97" machi="37" ten="30,2000,0" yaku="1,1,7,1,53,0" doraHai="63" doraHaiUra="60" who="0" fromWho="1" sc="230,46,301,-26,270,0,179,0" /><INIT seed="2,0,0,4,0,43" ten="276,275,270,179" oya="2" hai0="45,80,94,61,92,44,97,127,111,112,29,49,36" hai1="107,108,5,105,66,72,20,37,1,70,27,17,16" hai2="123,68,9,69,19,54,15,2,85,110,56,55,77" hai3="13,88,60,4,96,82,42,81,79,24,18,33,40"/><V63/><F123/><W100/><G4/><T129/><D112/><U25/><E72/><V121/><F121/><W124/><G124/><T102/><D127/><U51/><E37/><V122/><F122/><W8/><G60/><T131/><D111/><U83/><E83/><V115/><F115/><W32/><G81/><T89/><D29/><U104/><E108/><V86/><F77/><W118/><G118/><T10/><D36/><U0/><E5/><V58/><F110/><W41/><G24/><T99/><D10/><U75/><E75/><V130/><F130/><N who="0" m="49674" /><D49/><U48/><E66/><V76/><F76/><W116/><G116/><T39/><D39/><U21/><E70/><V52/><F55/><W73/><REACH who="3" step="1"/><G88/><REACH who="3" ten="276,275,270,169" step="2"/><N who="0" m="55431" /><D61/><U135/><E135/><V22/><F68/><W26/><G26/><T71/><D71/><U38/><E27/><N who="2" m="14815" /><F69/><W134/><G134/><T14/><D14/><U106/><E25/><V53/><F2/><W126/><G126/><T120/><D120/><U87/><E1/><V31/><F63/><W30/><G30/><T57/><D80/><U50/><E0/><V125/><F31/><W23/><G23/><T128/><D89/><U103/><E21/><V117/><F125/><W59/><G59/><N who="2" m="22569" /><F117/><W84/><G84/><T98/><D128/><U109/><E20/><V62/><F62/><W101/><G101/><N who="0" m="60631" /><D57/><U12/><E109/><V119/><F119/><W3/><G3/><T6/><D6/><AGARI ba="0,1" hai="6,9,15,52,53,54,85,86" m="22569,14815" machi="6" ten="30,2900,0" yaku="8,1,54,1" doraHai="43" who="2" fromWho="0" sc="276,-29,275,0,270,39,169,0" /><INIT seed="2,1,0,0,0,7" ten="247,275,309,169" oya="2" hai0="63,93,41,16,116,26,111,106,96,109,126,53,56" hai1="62,54,87,117,120,130,23,100,3,49,48,76,105" hai2="80,135,98,102,83,0,58,91,21,45,97,59,30" hai3="70,19,12,65,20,82,79,28,5,10,112,113,33"/><V43/><F135/><W6/><G65/><T103/><D126/><U78/><E117/><V27/><F0/><W134/><G70/><T14/><D116/><U46/><E3/><V22/><F22/><W133/><G82/><T25/><D41/><U64/><E130/><V40/><F40/><W72/><G72/><T122/><D106/><U129/><E129/><V51/><F97/><W11/><G79/><T44/><D44/><U15/><E105/><V88/><F83/><W125/><G125/><T108/><REACH who="0" step="1"/><D122/><REACH who="0" ten="237,275,309,169" step="2"/><U68/><E46/><V24/><F24/><N who="3" m="18567" /><G134/><T57/><D57/><N who="2" m="21514" /><F80/><W132/><G132/><T119/><D119/><U60/><E120/><V39/><F39/><W124/><G124/><T71/><D71/><U13/><E68/><V107/><F107/><W85/><G133/><T81/><D81/><U101/><E64/><V37/><F37/><W131/><G131/><T121/><D121/><U18/><E62/><V92/><AGARI ba="1,1" hai="21,27,30,43,45,51,88,91,92,98,102" m="21514" machi="92" ten="30,3000,0" yaku="8,1,54,1" doraHai="7" who="2" fromWho="2" sc="237,-11,275,-11,309,43,169,-11" /><INIT seed="2,2,0,0,2,114" ten="226,264,352,158" oya="2" hai0="15,64,105,61,122,50,51,127,19,129,111,106,91" hai1="90,31,128,2,12,85,86,119,59,66,24,112,117" hai2="11,25,57,83,4,107,55,32,16,109,82,134,69" hai3="124,35,133,8,81,110,135,95,104,65,123,100,9"/><V99/><F69/><W125/><G104/><T103/><D122/><U49/><E2/><V52/><F134/><N who="3" m="51211" /><G65/><T121/><D121/><U43/><E112/><V18/><F109/><W29/><G123/><T71/><D111/><U116/><E128/><V42/><F42/><W54/><G110/><T92/><D129/><U33/><E12/><N who="2" m="5223" /><F32/><W97/><G54/><N who="2" m="20521" /><F107/><W93/><G81/><N who="2" m="30729" /><F57/><W108/><G108/><T76/><D106/><U132/><E132/><V23/><F99/><W80/><G80/><T113/><D105/><U75/><E75/><V37/><F37/><W6/><G93/><T47/><D92/><U87/><E43/><V131/><F131/><W7/><G7/><T70/><D70/><U118/><E118/><V41/><F41/><W1/><G9/><T78/><D71/><U79/><E49/><V48/><F48/><W27/><AGARI ba="2,0" hai="1,6,8,27,29,35,95,97,100,124,125" m="51211" machi="27" ten="30,1100,0" yaku="20,1" doraHai="114" who="3" fromWho="3" sc="226,-5,264,-5,352,-7,158,17" /><INIT seed="3,0,0,5,1,55" ten="221,259,345,175" oya="3" hai0="30,86,130,72,132,17,62,52,3,116,20,84,16" hai1="115,122,41,76,44,104,10,70,99,120,34,94,102" hai2="24,8,64,40,9,61,96,0,124,66,37,67,56" hai3="100,131,5,74,68,60,89,2,112,19,22,114,97"/><W69/><G74/><T118/><D72/><U91/><E115/><V38/><F38/><W73/><G73/><T29/><D3/><U98/><E70/><V113/><F113/><W54/><G131/><T51/><D130/><U106/><E34/><V90/><F124/><W125/><G125/><T43/><D132/><U32/><E32/><V129/><F129/><W6/><G89/><T7/><D7/><U59/><E76/><V111/><F111/><W47/><G112/><T65/><D43/><U27/><E104/><V28/><F40/><W49/><G114/><T23/><D62/><U33/><E10/><N who="2" m="4203" /><F37/><W15/><G2/><T105/><D65/><U83/><E83/><V95/><F0/><W31/><G31/><N who="0" m="11787" /><D105/><U26/><E33/><V135/><F135/><W103/><G103/><T36/><D36/><U63/><E120/><V101/><F101/><W39/><G39/><T13/><D116/><U75/><E75/><V57/><F61/><W35/><G35/><T108/><D108/><U18/><E122/><V79/><F79/><W119/><G119/><T58/><D118/><U133/><E133/><V11/><F11/><W1/><G1/><T128/><D128/><U48/><E18/><V25/><F28/><W109/><G109/><T123/><D123/><U12/><E12/><AGARI ba="0,0" hai="12,13,16,17,20,23,51,52,58,84,86" m="11787" machi="12" ten="30,7700,0" yaku="8,1,52,1,54,2" doraHai="55" who="0" fromWho="1" sc="221,77,259,-77,345,0,175,0" owari="298,9.8,182,-21.8,345,44.5,175,-32.5" /></mjloggm>