<mjloggm ver="2.3"><GO type="225" lobby="0"/><UN n0="%E3%80%90%E3%83%88%E3%83%AA%E3%83%A5%E3%83%95%E3%80%91" n1="%E6%B7%91%E5%A5%B3%E3%81%AE%E5%97%9C%E3%81%BF" n2="%E4%BF%BA%E3%81%A8%E5%A6%96%E5%A4%A2" n3="%E6%A5%93%E4%BB%8B" dan="16,16,16,17" rate="2074.18,2108.57,2230.09,2100.70" sx="M,M,F,M"/><TAIKYOKU oya="0"/><INIT seed="0,0,0,1,4,133" ten="250,250,250,250" oya="0" hai0="4,78,24,130,31,50,79,129,8,97,11,66,30" hai1="65,42,34,124,54,83,39,43,51,18,49,111,69" hai2="108,22,62,128,57,125,106,6,17,101,113,12,82" hai3="33,100,74,32,86,84,38,109,118,15,134,47,16"/><T64/><D97/><U19/><E34/><V29/><F113/><W88/><G74/><T55/><D24/><U23/><E111/><V89/><F108/><W123/><G109/><T3/><D11/><U107/><E107/><V53/><F128/><N who="0" m="49258" /><D78/><U60/><E124/><V5/><F101/><W56/><G100/><T70/><D79/><U96/><E96/><V13/><F106/><W115/><G86/><T90/><D90/><U116/><E116/><V28/><F125/><W0/><G0/><T93/><D93/><U132/><E132/><V48/><F62/><W119/><G134/><T81/><D81/><U103/><E83/><V95/><F82/><N who="3" m="49175" /><G115/><T2/><D2/><U61/><E103/><V105/><F105/><W25/><G25/><T121/><D121/><U58/><E39/><V98/><REACH who="2" step="1"/><F13/><REACH who="2" ten="250,250,240,250" step="2"/><W71/><G119/><T104/><D104/><U112/><E112/><V110/><F110/><W127/><G118/><T68/><D66/><U45/><E23/><V80/><F80/><W67/><G33/><T72/><D72/><U10/><E10/><V40/><F40/><W92/><G32/><T102/><D102/><U27/><E27/><V36/><F36/><W94/><G92/><T7/><D64/><U77/><E77/><V76/><F76/><W120/><G94/><T44/><D7/><AGARI ba="0,1" hai="5,6,7,12,17,22,28,29,48,53,57,89,95,98" machi="7" ten="40,2600,0" yaku="1,1,8,1,53,0" doraHai="133" doraHaiUra="20" who="2" fromWho="0" sc="250,-26,250,0,240,36,250,0" /><INIT seed="1,0,0,3,4,62" ten="224,250,276,250" oya="1" hai0="95,131,96,65,89,7,124,103,53,11,73,88,28" hai1="20,0,92,102,123,80,22,9,34,126,26,27,111" hai2="117,122,86,49,132,17,91,32,47,54,130,13,87" hai3="66,29,110,135,41,48,24,64,71,40,94,121,69"/><U30/><E123/><V4/><F122/><W6/><G6/><T106/><D28/><U12/><E126/><V58/><F117/><W56/><G121/><T63/><D124/><U120/><E120/><V105/><F32/><W104/><G104/><T81/><D53/><U90/><E0/><V113/><F105/><W18/><G18/><T76/><D131/><U108/><E102/><V72/><F72/><W2/><G2/><T38/><D38/><U25/><E80/><V107/><F107/><W67/><G94/><T43/><D43/><N who="3" m="16457" /><G24/><T78/><D78/><U23/><E34/><V51/><F130/><W5/><G5/><T74/><D74/><U60/><E30/><V50/><F4/><W85/><G85/><T98/><D98/><N who="1" m="57623" /><E9/><V59/><F113/><W10/><G10/><T125/><D106/><U127/><E127/><V3/><F3/><W14/><G14/><T115/><D115/><U134/><E12/><V114/><F114/><W16/><G16/><T37/><D37/><U116/><E116/><V101/><F101/><W75/><G29/><T99/><D99/><U133/><E60/><V15/><F15/><W61/><G75/><T35/><D35/><U100/><E100/><V70/><F87/><W128/><G128/><T112/><D112/><U36/><E36/><V1/><F1/><W52/><G135/><AGARI ba="0,0" hai="20,22,23,25,26,27,108,111,133,134,135" m="57623" machi="135" ten="40,2000,0" yaku="20,1" doraHai="62" who="1" fromWho="3" sc="224,0,250,20,276,0,250,-20" /><INIT seed="1,1,0,1,5,45" ten="224,270,276,230" oya="1" hai0="33,101,14,17,10,130,114,22,36,30,83,73,93" hai1="126,62,50,48,133,51,87,77,124,122,8,41,132" hai2="116,86,26,95,66,82,70,43,78,35,81,63,3" hai3="13,111,113,28,127,18,40,125,117,131,2,6,27"/><U16/><E122/><V25/><F116/><W88/><G113/><T1/><D114/><U104/><E104/><V61/><F3/><W84/><G111/><T69/><D69/><U90/><E77/><V54/><F35/><W38/><G131/><T109/><D109/><U37/><E62/><V53/><F43/><W44/><G6/><T42/><D130/><U11/><E37/><V68/><F95/><W7/><G7/><T76/><D93/><N who="1" m="54495" /><E41/><V39/><F39/><W123/><G2/><T94/><D94/><U15/><E11/><V99/><F99/><W128/><G123/><T102/><D33/><U57/><E57/><V121/><F121/><W79/><G79/><T89/><D89/><U12/><E12/><V21/><F81/><W105/><G128/><T49/><D30/><U107/><E107/><V71/><F26/><W120/><G117/><T108/><D108/><U135/><AGARI ba="1,0" hai="8,15,16,48,50,51,124,126,132,133,135" m="54495" machi="135" ten="40,12000,1" yaku="20,1,52,3,54,1" doraHai="45" who="1" fromWho="1" sc="224,-41,270,123,276,-41,230,-41" /><INIT seed="1,2,0,0,1,35" ten="183,393,235,189" oya="1" hai0="81,54,88,118,95,52,63,48,113,69,111,18,51" hai1="131,82,94,85,57,62,116,86,8,75,15,55,14" hai2="97,9,90,74,66,71,91,84,80,43,61,123,60" hai3="41,31,3,93,17,122,106,104,40,79,1,27,0"/><U45/><E131/><V67/><F123/><W68/><G122/><T5/><D113/><U50/><E116/><V83/><F43/><W36/><G68/><T92/><D118/><U39/><E39/><V59/><F9/><W126/><G126/><T22/><D5/><U21/><E75/><V49/><F49/><N who="0" m="19018" /><D69/><U98/><E21/><V87/><F74/><W117/><G117/><T115/><D111/><U124/><E124/><V132/><F97/><W20/><G79/><T19/><D115/><U29/><E29/><V56/><REACH who="2" step="1"/><F71/><REACH who="2" ten="183,393,225,189" step="2"/><W103/><G41/><T2/><D63/><U64/><E8/><V4/><F4/><W26/><G40/><T24/><D19/><U65/><E86/><V77/><F77/><W105/><G36/><T38/><D38/><U73/><E73/><V34/><F34/><W70/><G70/><T96/><D2/><U33/><E33/><V99/><F99/><W30/><REACH who="3" step="1"/><G27/><REACH who="3" ten="183,393,225,179" step="2"/><T37/><D37/><U112/><E112/><V89/><F89/><W53/><G53/><T102/><D54/><U23/><E55/><V32/><F32/><W46/><G46/><T13/><D52/><U11/><E57/><V16/><F16/><W7/><G7/><T128/><D24/><U127/><E45/><V110/><F110/><W47/><G47/><T25/><D25/><U28/><E50/><V6/><F6/><W125/><G125/><T121/><D121/><U107/><E127/><V100/><F100/><W119/><G119/><T133/><D102/><U135/><E62/><V108/><F108/><W12/><G12/><T101/><D101/><RYUUKYOKU ba="2,2" sc="183,-15,393,-15,225,15,179,15" hai2="56,59,60,61,66,67,80,83,84,87,90,91,132" hai3="0,1,3,17,20,26,30,31,93,103,104,105,106" /><INIT seed="2,3,2,5,4,82" ten="168,378,240,194" oya="2" hai0="60,92,98,86,28,133,46,100,49,87,124,72,113" hai1="58,67,128,109,126,61,105,131,17,94,122,115,119" hai2="19,2,22,23,106,7,51,114,116,70,14,129,15" hai3="11,38,24,74,66,84,37,45,63,65,123,35,121"/><V54/><F106/><W6/><G74/><T40/><D113/><U93/><E115/><V64/><F114/><W90/><G35/><T107/><D133/><U88/><E119/><V132/><F116/><W68/><G66/><T125/><D72/><U95/><E105/><V112/><F112/><W3/><G24/><T76/><D60/><U120/><E109/><V73/><F73/><W91/><G91/><N who="0" m="53367" /><D28/><U12/><E88/><V69/><F132/><W62/><G62/><T110/><D76/><U18/><E126/><N who="0" m="48745" /><D110/><U75/><E75/><V103/><F70/><W0/><G0/><T101/><D100/><U9/><REACH who="1" step="1"/><E18/><REACH who="1" ten="168,368,240,194" step="2"/><V102/><F19/><W47/><G123/><AGARI ba="3,3" hai="9,12,17,58,61,67,93,94,95,120,122,123,128,131" machi="123" ten="40,5200,0" yaku="1,1,2,1,13,1,53,0" doraHai="82" doraHaiUra="99" who="1" fromWho="3" sc="168,0,368,91,240,0,194,-61" /><INIT seed="3,0,0,2,1,10" ten="168,459,240,133" oya="3" hai0="107,13,95,86,2,85,46,124,20,92,51,93,131" hai1="121,60,74,117,5,23,71,27,41,22,76,26,77" hai2="69,29,19,43,7,101,68,104,81,4,91,38,59" hai3="75,126,57,129,44,127,12,32,34,1,50,58,90"/><W96/><G1/><T119/><D107/><U80/><E121/><V9/><F29/><W103/><G75/><T82/><D119/><U53/><E41/><V72/><F19/><W94/><G129/><T62/><D131/><U109/><E5/><V21/><F21/><W49/><G34/><T108/><D62/><U125/><E125/><N who="3" m="47626" /><G32/><T39/><D39/><U61/><E53/><V17/><F17/><W24/><G24/><T134/><D134/><U89/><E89/><V65/><F4/><W42/><G50/><T118/><D118/><U135/><E74/><V112/><F112/><W114/><G114/><T54/><D2/><U84/><E27/><V33/><F33/><W122/><G122/><T15/><D108/><U55/><E26/><V83/><F38/><W130/><G130/><T111/><D111/><U45/><E109/><V87/><F43/><W31/><G31/><T28/><D124/><U106/><E117/><V18/><F18/><W97/><G12/><N who="0" m="4683" /><D82/><U73/><E80/><V79/><F72/><W66/><G66/><T70/><D70/><U47/><E71/><V64/><F69/><W113/><G113/><T36/><D36/><U110/><E73/><V98/><F68/><W25/><G25/><AGARI ba="0,0" hai="20,25,28,46,51,54,85,86,92,93,95" m="4683" machi="25" ten="30,7700,0" yaku="8,1,52,3" doraHai="10" who="0" fromWho="3" sc="168,77,459,0,240,0,133,-77" owari="245,4.5,459,55.9,240,-16.0,56,-44.4" /></mjloggm>