<mjloggm ver="2.3"><GO type="225" lobby="0"/><UN n0="%E3%81%A6%E3%82%93%E3%81%8F%E3%81%86" n1="%E5%A4%8F%E9%88%B4%E9%88%B4%E5%A4%8F" n2="%33%74%72%65%65" n3="%E7%9C%BC%E7%A7%91%E5%8C%BB" dan="16,16,17,16" rate="2132.10,2143.63,2155.26,2097.41" sx="M,F,F,M"/><TAIKYOKU oya="0"/><INIT seed="0,0,0,1,4,48" ten="250,250,250,250" oya="0" hai0="61,12,59,39,33,21,7,91,36,104,66,105,110" hai1="25,71,19,42,55,11,106,15,97,5,118,73,100" hai2="88,64,38,8,30,49,114,37,93,115,9,17,125" hai3="74,82,34,128,22,2,135,35,83,51,52,111,29"/><T108/><D33/><U0/><E118/><V63/><F125/><W84/><G2/><T44/><D91/><U85/><E71/><V120/><F120/><W67/><G74/><T96/><D96/><U98/><E73/><V131/><F131/><W43/><G43/><N who="0" m="22631" /><D39/><U72/><E72/><V130/><F130/><W121/><G128/><T13/><D7/><U57/><E42/><V102/><F102/><W26/><G67/><T45/><D45/><U54/><E25/><V87/><F30/><W80/><G111/><N who="0" m="42539" /><D21/><U4/><E4/><V62/><F38/><W1/><G1/><T94/><D94/><U24/><E24/><V116/><F93/><W53/><G135/><T129/><D129/><U40/><E97/><V41/><F37/><W76/><G121/><T75/><D75/><U77/><E40/><V117/><F88/><W78/><G35/><T27/><D27/><U81/><REACH who="1" step="1"/><E57/><REACH who="1" ten="250,240,250,250" step="2"/><V90/><F117/><W127/><G34/><T92/><D92/><U119/><E119/><V14/><F116/><W134/><G134/><T101/><D101/><U89/><E89/><V103/><F90/><W79/><G127/><T50/><D50/><U109/><E109/><V10/><F49/><W56/><G84/><T6/><D6/><U99/><E99/><V28/><F87/><W124/><G124/><T132/><D132/><U113/><E113/><V16/><F115/><W126/><G126/><T23/><D12/><U133/><E133/><V32/><F14/><W46/><G78/><T20/><D13/><U31/><E31/><V70/><F114/><W112/><G112/><RYUUKYOKU ba="0,1" sc="250,10,240,10,250,-30,250,10" hai0="20,23,59,61,66,104,105" hai1="0,5,11,15,19,54,55,77,81,85,98,100,106" hai3="22,26,29,46,51,52,53,56,76,79,80,82,83" /><INIT seed="0,1,1,3,2,16" ten="260,250,220,260" oya="0" hai0="45,108,114,30,67,1,56,59,96,75,99,10,6" hai1="90,73,94,43,89,121,42,7,28,60,105,70,40" hai2="95,109,111,97,63,123,134,116,5,117,41,126,11" hai3="26,17,102,135,61,9,13,132,3,34,8,83,124"/><T48/><D114/><U92/><E121/><V110/><F123/><W39/><G39/><T133/><D75/><U20/><E105/><V33/><F134/><N who="3" m="51243" /><G102/><T23/><D133/><U35/><E73/><V87/><F126/><W104/><G104/><T49/><D108/><U76/><E76/><V118/><F33/><W74/><G61/><T44/><D44/><U27/><E7/><V131/><F131/><W57/><G57/><T128/><D128/><U52/><E35/><V50/><F63/><W120/><G120/><T119/><D119/><U37/><E37/><V103/><F87/><W112/><G83/><T129/><D129/><U93/><E70/><V55/><F41/><W71/><G71/><T130/><D67/><U78/><E78/><V12/><REACH who="2" step="1"/><F111/><REACH who="2" ten="260,250,210,260" step="2"/><W18/><G74/><T98/><D130/><U4/><E4/><V31/><F31/><N who="3" m="19831" /><G124/><T53/><REACH who="0" step="1"/><D48/><REACH who="0" ten="250,250,210,260" step="2"/><U15/><E60/><V91/><F91/><W88/><G88/><T19/><D19/><U79/><E90/><V32/><F32/><W85/><G112/><T68/><D68/><U80/><E89/><V65/><F65/><W127/><G127/><T47/><D47/><AGARI ba="1,3" hai="5,11,12,47,50,55,95,97,103,109,110,116,117,118" machi="47" ten="40,2600,0" yaku="1,1,12,1,53,0" doraHai="16" doraHaiUra="54" who="2" fromWho="0" sc="250,-29,250,0,210,59,260,0" /><INIT seed="1,0,0,4,3,40" ten="221,250,269,260" oya="1" hai0="65,16,75,15,4,44,130,124,66,7,21,5,104" hai1="56,123,9,57,35,118,116,108,132,94,128,63,58" hai2="82,2,41,87,12,69,119,14,100,30,17,49,39" hai3="125,109,98,3,90,53,6,31,59,48,55,24,64"/><U106/><E123/><V96/><F119/><W92/><G109/><T103/><D75/><U20/><E106/><V19/><F2/><W129/><G129/><T120/><D120/><U99/><E128/><V93/><F69/><W115/><G115/><T81/><D130/><U97/><E132/><V13/><F39/><W26/><G125/><T68/><D124/><U127/><E35/><V11/><F30/><W84/><G64/><T72/><D68/><U88/><E127/><V70/><F70/><W22/><G3/><T38/><D104/><U111/><E63/><V76/><REACH who="2" step="1"/><F11/><REACH who="2" ten="221,250,259,260" step="2"/><W102/><G31/><T34/><D34/><U101/><E9/><V78/><F78/><W113/><G113/><T83/><D72/><U135/><E135/><V28/><F28/><W45/><G22/><T25/><D21/><U89/><E20/><V126/><F126/><W73/><G73/><T32/><D38/><U114/><E114/><V43/><F43/><W95/><REACH who="3" step="1"/><G6/><REACH who="3" ten="221,250,259,250" step="2"/><T79/><D7/><U112/><E118/><V67/><F67/><W50/><AGARI ba="0,2" hai="24,26,45,48,50,53,55,59,84,90,92,95,98,102" machi="50" ten="20,12000,2" yaku="1,1,2,1,0,1,7,1,8,1,52,1,53,1" doraHai="40" doraHaiUra="54" who="3" fromWho="3" sc="221,-30,250,-60,259,-30,250,140" /><INIT seed="2,0,0,1,4,60" ten="191,190,229,390" oya="2" hai0="75,70,5,50,59,128,65,24,96,79,107,62,98" hai1="32,49,103,52,83,68,86,19,11,92,87,122,82" hai2="3,84,74,25,80,28,67,100,16,13,129,64,73" hai3="85,35,53,108,135,127,124,118,61,133,27,113,115"/><V120/><F120/><W31/><G85/><T110/><D110/><U93/><E122/><V56/><F3/><W6/><G118/><T12/><D128/><U111/><E68/><V15/><F129/><W77/><G77/><T69/><D24/><U105/><E32/><V29/><F100/><W57/><G6/><T54/><D69/><U40/><E40/><V41/><F41/><W37/><G37/><T43/><D107/><U116/><E103/><V101/><F101/><W58/><G58/><T71/><D71/><U38/><E38/><V81/><F56/><W88/><G88/><T72/><D43/><U18/><E105/><V46/><F84/><N who="1" m="32297" /><E116/><V47/><F25/><W97/><G97/><T14/><D14/><N who="1" m="7519" /><E19/><AGARI ba="0,0" hai="13,15,16,19,28,29,46,47,64,67,73,74,80,81" machi="19" ten="25,12000,1" yaku="22,2,52,2,54,1" doraHai="60" who="2" fromWho="1" sc="191,0,190,-120,229,120,390,0" /><INIT seed="2,1,0,0,5,25" ten="191,70,349,390" oya="2" hai0="89,41,99,13,82,35,29,22,74,0,84,7,112" hai1="66,80,42,15,48,132,63,56,83,33,43,86,91" hai2="130,6,90,103,123,16,93,96,20,45,118,87,34" hai3="115,54,24,11,100,111,2,116,64,98,69,95,40"/><V12/><F118/><W3/><G116/><T85/><D74/><U60/><E132/><V49/><F123/><W30/><G111/><T59/><D0/><U23/><E33/><V72/><F130/><W17/><G115/><T28/><D35/><U88/><E63/><V19/><F72/><W46/><G54/><T32/><D32/><U5/><E48/><V119/><F119/><W114/><G114/><T4/><D41/><U78/><E91/><V18/><F6/><N who="0" m="2090" /><D59/><U75/><REACH who="1" step="1"/><E23/><REACH who="1" ten="191,60,349,390" step="2"/><V121/><F34/><W31/><G2/><T50/><D50/><U102/><E102/><V131/><F121/><W133/><G3/><T8/><D22/><U92/><E92/><N who="2" m="54367" /><F131/><W65/><G133/><T106/><D106/><U129/><E129/><V44/><F44/><W110/><G46/><T125/><D89/><U26/><E26/><V58/><F58/><W73/><G24/><T117/><D117/><U39/><E39/><V122/><F122/><W71/><G100/><T10/><D112/><U14/><E14/><V61/><F61/><W109/><G95/><T70/><D13/><U52/><E52/><AGARI ba="1,1" hai="12,16,18,19,20,45,49,52,93,96,103" m="54367" machi="52" ten="30,5800,0" yaku="8,1,54,2" doraHai="25" who="2" fromWho="1" sc="191,0,60,-61,349,71,390,0" owari="191,-20.9,-1,-50.1,420,52.0,390,19.0" /></mjloggm>