<mjloggm ver="2.3"><GO type="225" lobby="0"/><UN n0="%E3%83%96%E3%83%83%E3%83%91%E3%82%AA%E3%83%96%E3%83%81%E3%82%AD%E3%83%B3" n1="%E3%81%8B%E3%82%8F%E3%81%A1%E3%82%83%E3%82%93%35%38" n2="%54%4F%52" n3="%E3%81%BF%E3%81%BF%E3%81%9A" dan="16,16,16,17" rate="2222.51,2160.72,2155.04,2184.58" sx="M,M,M,M"/><TAIKYOKU oya="0"/><INIT seed="0,0,0,3,0,54" ten="250,250,250,250" oya="0" hai0="69,39,96,133,26,21,16,33,119,53,44,99,91" hai1="87,80,70,42,59,79,129,88,81,2,56,117,128" hai2="97,86,41,71,110,45,127,85,60,100,64,89,43" hai3="55,51,23,92,101,134,123,18,15,111,77,113,28"/><T121/><D119/><U40/><E70/><V0/><F0/><W46/><G113/><T11/><D121/><U82/><E2/><V104/><F110/><W72/><G111/><T48/><D69/><U116/><E116/><V1/><F1/><W37/><G123/><T3/><D133/><U19/><E117/><V65/><F127/><W108/><G108/><T75/><D75/><U4/><E4/><V106/><F65/><W35/><G134/><T122/><D122/><U90/><E19/><V9/><F9/><W61/><G37/><T47/><D33/><U5/><E5/><V102/><F43/><N who="1" m="16425" /><E79/><V125/><F125/><W14/><G28/><T10/><D39/><U63/><E63/><V24/><F24/><W98/><G35/><T118/><D118/><U124/><E124/><V107/><F100/><W7/><G72/><T66/><D3/><U29/><E29/><V132/><F132/><W22/><G77/><T27/><D16/><U120/><E120/><V62/><F62/><W49/><G22/><T8/><D21/><U103/><E103/><V93/><REACH who="2" step="1"/><F86/><REACH who="2" ten="250,250,240,250" step="2"/><W50/><G61/><T6/><D10/><AGARI ba="0,1" hai="7,10,14,15,18,23,46,49,50,51,55,92,98,101" machi="10" ten="40,1300,0" yaku="8,1" doraHai="54" who="3" fromWho="0" sc="250,-13,250,0,240,0,250,23" /><INIT seed="1,0,0,5,3,123" ten="237,250,240,273" oya="1" hai0="131,96,40,55,124,47,75,67,118,28,58,53,16" hai1="79,130,17,111,34,37,21,50,103,63,126,43,109" hai2="41,119,93,69,27,32,116,24,56,135,42,77,84" hai3="68,89,18,0,110,98,22,71,92,3,90,1,127"/><U129/><E34/><V23/><F69/><W97/><G127/><T48/><D75/><U113/><E113/><V122/><F122/><W26/><G110/><N who="1" m="41994" /><E126/><V117/><F135/><W15/><G26/><T78/><D124/><U120/><E120/><V10/><F10/><W94/><AGARI ba="0,0" hai="0,1,3,15,18,22,68,71,89,90,92,94,97,98" machi="94" ten="40,2700,0" yaku="0,1,9,1" doraHai="123" who="3" fromWho="3" sc="237,-7,250,-13,240,-7,273,27" /><INIT seed="2,0,0,5,0,122" ten="230,237,233,300" oya="2" hai0="108,123,8,20,0,31,104,119,78,86,5,95,89" hai1="22,131,134,65,53,36,7,48,28,67,92,25,101" hai2="110,50,90,94,102,4,124,60,42,87,133,70,32" hai3="68,62,11,2,6,129,120,13,107,23,127,21,98"/><V44/><F32/><W82/><G120/><T76/><D123/><U56/><E36/><V43/><F133/><W118/><G118/><T72/><D119/><U37/><E37/><V17/><F124/><W88/><G127/><T71/><D72/><U111/><E131/><V15/><F4/><W91/><G129/><T105/><D71/><U84/><E134/><V80/><F110/><W77/><G2/><T35/><D35/><U24/><E111/><V130/><F130/><W29/><G107/><T18/><D31/><U97/><E7/><V3/><F3/><W30/><G62/><T52/><D108/><U74/><E74/><V113/><F113/><W19/><G68/><T126/><D126/><U132/><E132/><V45/><F60/><W79/><G23/><T58/><D105/><U109/><E109/><V47/><F70/><W9/><G98/><T46/><D46/><U10/><E10/><N who="3" m="3594" /><G6/><T41/><D41/><U27/><E84/><V12/><F17/><W99/><G91/><T125/><D104/><U26/><AGARI ba="0,0" hai="22,24,25,26,27,28,48,53,56,65,67,92,97,101" machi="26" ten="30,2000,0" yaku="0,1,8,1" doraHai="122" who="1" fromWho="1" sc="230,-5,237,20,233,-10,300,-5" /><INIT seed="3,0,0,5,3,87" ten="225,257,223,295" oya="3" hai0="90,22,68,125,53,3,25,98,16,71,39,13,51" hai1="80,44,73,92,19,74,120,106,118,101,126,36,56" hai2="5,67,135,29,18,65,109,93,89,11,128,26,4" hai3="72,64,31,33,17,107,62,127,58,113,20,116,50"/><W134/><G113/><T111/><D3/><U43/><E120/><V91/><F109/><W32/><G116/><T10/><D111/><U121/><E121/><V132/><F128/><W6/><G72/><T130/><D130/><U112/><E112/><V105/><F105/><W100/><G127/><T75/><D125/><U110/><E126/><V7/><F18/><W59/><G6/><T119/><D39/><U60/><E106/><V61/><F11/><W23/><G134/><N who="2" m="51241" /><F93/><W76/><G76/><T102/><D75/><U83/><E74/><V95/><F95/><W86/><G86/><T12/><D119/><U99/><E118/><V124/><F124/><W82/><G82/><T28/><D90/><N who="2" m="34314" /><F61/><W70/><G107/><T66/><D13/><U69/><E110/><V57/><F57/><W63/><G100/><T9/><D9/><U30/><E19/><V41/><F41/><W123/><G17/><T40/><D40/><U85/><E73/><V97/><F97/><W94/><G94/><T15/><D15/><U35/><E85/><V14/><F14/><W108/><G123/><T27/><D98/><U78/><E56/><V45/><F45/><W88/><G108/><T54/><D102/><U114/><E114/><V79/><F79/><W81/><G63/><N who="0" m="40031" /><D71/><U37/><E69/><V0/><F0/><W47/><G59/><N who="0" m="33215" /><D27/><N who="1" m="18911" /><E60/><V42/><F42/><N who="3" m="24951" /><G70/><T2/><D2/><U1/><E1/><V129/><F129/><W115/><G115/><T122/><D122/><U49/><E78/><V38/><F38/><W131/><G131/><T133/><D133/><U104/><E104/><RYUUKYOKU ba="0,0" sc="225,10,257,10,223,10,295,-30" hai0="10,12,16,22,25,28,54" hai1="36,37,43,44,49,80,83,92,99,101" hai2="4,5,7,26,29,65,67" /><INIT seed="4,1,0,3,1,12" ten="235,267,233,265" oya="0" hai0="89,66,34,27,62,83,5,74,95,81,107,79,11" hai1="20,49,102,0,48,44,106,63,100,43,87,65,37" hai2="92,46,33,129,38,115,96,31,77,98,113,103,42" hai3="127,16,91,123,18,69,26,47,17,59,36,93,112"/><T126/><D126/><U15/><E0/><V55/><F129/><W88/><G69/><T125/><D125/><U124/><E124/><V67/><F77/><W116/><G127/><T3/><D107/><U130/><E130/><V73/><F73/><W19/><G123/><T58/><D83/><U53/><E106/><V40/><F40/><W110/><G116/><T111/><D111/><U84/><E37/><V128/><F128/><W39/><G110/><T86/><REACH who="0" step="1"/><D27/><REACH who="0" ten="225,267,233,265" step="2"/><U25/><E25/><N who="2" m="18671" /><F67/><W105/><G105/><T54/><D54/><U41/><E53/><V90/><F55/><W21/><G112/><N who="2" m="43081" /><F103/><W80/><G80/><T70/><D70/><U134/><E102/><V135/><F135/><W9/><G91/><T6/><D6/><U101/><E100/><V2/><F2/><W35/><G88/><T109/><D109/><U29/><E101/><V56/><F56/><W120/><G59/><T61/><D61/><U30/><E134/><V68/><F68/><W28/><G120/><T94/><D94/><U118/><E63/><V122/><F122/><W85/><G93/><T97/><D97/><AGARI ba="1,1" hai="38,42,46,90,92,96,97,98" m="43081,18671" machi="97" ten="30,1000,0" yaku="15,1" doraHai="12" who="2" fromWho="0" sc="225,-13,267,0,233,23,265,0" /><INIT seed="5,0,0,0,3,79" ten="212,267,256,265" oya="1" hai0="31,90,61,1,58,25,68,32,27,55,85,94,126" hai1="48,29,120,36,110,98,49,133,15,21,114,72,51" hai2="46,135,111,84,96,12,82,22,62,4,39,50,35" hai3="40,88,43,66,117,132,64,70,60,109,45,76,112"/><U131/><E120/><V23/><F111/><W10/><G109/><T6/><D126/><U116/><E116/><V77/><F35/><W78/><G117/><T103/><D68/><U91/><E36/><V3/><F3/><W41/><G64/><T129/><D129/><U97/><E72/><V81/><F39/><W113/><G132/><T52/><D103/><U108/><E108/><V42/><F135/><W102/><G102/><T44/><D27/><U128/><E110/><V19/><F4/><W125/><G125/><T37/><D1/><U123/><E123/><V121/><F121/><W75/><G45/><T13/><D37/><U134/><E114/><N who="3" m="44138" /><G10/><T57/><D44/><U74/><E74/><V54/><F96/><N who="1" m="36969" /><E91/><V26/><F81/><N who="3" m="45215" /><G78/><T105/><D105/><U124/><E124/><V80/><F80/><W28/><G28/><T18/><D6/><U14/><E29/><N who="2" m="17623" /><F62/><W87/><G40/><AGARI ba="0,0" hai="12,19,23,40,42,46,50,54,77,82,84" m="17623" machi="40" ten="30,2000,0" yaku="8,1,52,1" doraHai="79" who="2" fromWho="3" sc="212,0,267,0,256,20,265,-20" /><INIT seed="6,0,0,4,5,63" ten="212,267,276,245" oya="2" hai0="42,79,2,97,26,77,103,30,53,37,56,118,14" hai1="32,10,117,34,80,21,27,124,89,76,54,81,128" hai2="70,22,9,115,114,35,36,129,60,65,69,101,8" hai3="110,112,0,92,85,96,127,59,7,93,4,17,90"/><V82/><F35/><W116/><G110/><T78/><D2/><U113/><E117/><V131/><F36/><W135/><G116/><T3/><D3/><U72/><E113/><N who="2" m="43019" /><F101/><W28/><G112/><T43/><D118/><U91/><E124/><V71/><F22/><W108/><G108/><T130/><D130/><N who="2" m="49674" /><F82/><W31/><G127/><T13/><D37/><U16/><E128/><V86/><F86/><W12/><G135/><T133/><D133/><U111/><E111/><V66/><F66/><W44/><G0/><T104/><D13/><U25/><E32/><V109/><F109/><W50/><G28/><T5/><D5/><U64/><E64/><V125/><F125/><W24/><G31/><T67/><D14/><U61/><E27/><V132/><F132/><W121/><G24/><T94/><D104/><U41/><E81/><V39/><F39/><W48/><G121/><T68/><D68/><AGARI ba="0,0" hai="8,9,60,65,68,69,70,71" m="49674,43019" machi="68" ten="40,7700,0" yaku="15,1,19,1,52,1" doraHai="63" who="2" fromWho="0" sc="212,-77,267,0,276,77,245,0" owari="135,-36.5,267,6.7,353,45.3,245,-15.5" /></mjloggm>