<mjloggm ver="2.3"><GO type="225" lobby="0"/><UN n0="%E6%98%93%E5%88%A9%E8%96%A9%E4%BC%AF" n1="%E3%81%AF%E3%82%88%E3%81%8A%E3%81%98%E3%81%95%E3%82%93" n2="%E9%A6%AC%E5%BC%95%E7%81%AB%33" n3="%E3%81%BD%E3%81%A1%E3%81%9F%E3%81%93%E3%82%84" dan="17,17,16,17" rate="2130.08,2134.14,2122.94,2136.92" sx="F,M,M,M"/><TAIKYOKU oya="0"/><INIT seed="0,0,0,0,4,128" ten="250,250,250,250" oya="0" hai0="32,129,90,31,93,70,8,27,4,12,87,111,83" hai1="81,88,94,134,105,16,120,95,110,43,13,42,66" hai2="74,28,35,1,34,77,3,9,21,98,108,26,61" hai3="132,127,126,78,20,60,75,24,64,55,45,15,25"/><T23/><D129/><U86/><E120/><V101/><F108/><W50/><G132/><T47/><D70/><U89/><E105/><V82/><F21/><W22/><G78/><T135/><D111/><U11/><E110/><V122/><F122/><W56/><G75/><T0/><D47/><U79/><E134/><V117/><F117/><W44/><G15/><T102/><D135/><U37/><E37/><V63/><F63/><W73/><G73/><T91/><D102/><U19/><E66/><V62/><F62/><W92/><G92/><T58/><D58/><U96/><REACH who="1" step="1"/><E19/><REACH who="1" ten="250,240,250,250" step="2"/><V115/><F115/><W30/><REACH who="3" step="1"/><G44/><REACH who="3" ten="250,240,250,240" step="2"/><T53/><D93/><U5/><E5/><V85/><F82/><W49/><G49/><T10/><D83/><U76/><E76/><V118/><F77/><W71/><G71/><T54/><D4/><U114/><E114/><V124/><F118/><W48/><G48/><T84/><D0/><U68/><E68/><V72/><F1/><W51/><G51/><T100/><D12/><U36/><E36/><V59/><F3/><W17/><AGARI ba="0,2" hai="17,20,22,24,25,30,45,50,55,56,60,64,126,127" machi="17" ten="30,2000,0" yaku="1,1,0,1,53,0" doraHai="128" doraHaiUra="125" who="3" fromWho="3" sc="250,-10,240,-5,250,-5,240,40" /><INIT seed="1,0,0,4,1,124" ten="240,235,245,280" oya="1" hai0="19,93,0,108,88,83,40,128,7,125,126,45,112" hai1="123,46,17,27,116,30,73,134,24,48,4,57,103" hai2="111,78,42,2,25,135,49,70,64,67,37,81,129" hai3="71,39,68,18,23,75,130,8,120,113,117,104,106"/><U38/><E116/><V97/><F111/><W26/><G120/><T61/><D112/><U102/><E123/><V21/><F37/><W55/><G113/><T1/><D108/><U66/><E73/><V47/><F2/><W10/><G117/><T65/><D83/><U31/><E134/><V107/><F135/><W98/><G75/><T14/><D7/><U82/><E82/><V3/><F3/><W119/><G39/><T89/><D128/><U54/><E4/><V92/><F107/><W32/><G119/><T132/><D1/><U80/><E80/><V99/><F129/><W56/><G32/><T15/><D15/><U101/><E38/><V87/><F70/><W76/><G76/><T22/><D0/><U94/><E94/><V51/><F49/><W69/><G130/><T115/><D115/><U90/><E90/><N who="2" m="55447" /><F99/><W133/><G133/><T11/><D11/><U72/><E72/><V34/><F34/><W122/><G122/><T9/><D9/><N who="3" m="3689" /><G98/><T91/><D93/><U35/><E17/><AGARI ba="0,0" hai="17,21,25,42,47,51,64,67,78,81,87" m="55447" machi="17" ten="30,1000,0" yaku="8,1" doraHai="124" who="2" fromWho="1" sc="240,0,235,-10,245,10,280,0" /><INIT seed="2,0,0,5,5,39" ten="240,225,255,280" oya="2" hai0="81,77,55,107,36,27,75,87,85,13,7,12,111" hai1="24,83,134,93,101,95,123,99,94,119,16,61,38" hai2="64,109,19,28,73,54,10,130,106,56,117,120,67" hai3="129,113,14,8,127,105,79,43,68,21,118,52,6"/><V2/><F117/><W90/><G118/><T50/><D107/><U47/><E119/><V116/><F116/><W72/><G68/><T88/><D36/><U58/><E134/><V124/><F120/><W42/><G105/><T45/><D111/><U32/><E123/><V44/><F73/><W26/><G129/><T53/><D75/><U91/><E32/><V131/><F106/><W35/><G35/><T1/><D1/><U102/><E47/><V132/><F124/><W23/><G127/><T49/><D27/><U96/><E38/><V63/><F132/><W92/><G113/><T100/><D100/><U60/><E83/><V9/><F28/><N who="3" m="17487" /><G79/><T84/><D7/><U20/><REACH who="1" step="1"/><E58/><REACH who="1" ten="240,215,255,280" step="2"/><V22/><F56/><W17/><G72/><T65/><D65/><U97/><AGARI ba="0,1" hai="16,20,24,60,61,91,93,94,95,96,97,99,101,102" machi="97" ten="20,12000,2" yaku="1,1,2,1,0,1,7,1,9,1,8,1,54,1,53,0" doraHai="39" doraHaiUra="11" who="1" fromWho="1" sc="240,-30,215,130,255,-60,280,-30" /><INIT seed="3,0,0,2,5,61" ten="210,345,195,250" oya="3" hai0="122,77,20,121,13,96,90,21,129,27,104,93,72" hai1="62,34,102,131,73,130,32,115,116,3,43,8,85" hai2="52,31,81,99,58,39,100,69,24,68,67,127,124" hai3="23,41,89,63,71,91,97,134,79,18,120,128,53"/><W59/><G120/><T47/><D129/><N who="1" m="49163" /><E73/><V101/><F39/><W28/><G134/><T10/><D104/><U109/><E109/><V19/><F19/><W12/><G128/><T92/><D47/><U87/><E115/><V107/><F81/><W54/><G71/><T125/><D125/><N who="2" m="48202" /><F67/><N who="3" m="39423" /><G41/><T25/><D72/><U22/><E116/><V106/><F101/><W78/><G28/><T7/><D77/><N who="3" m="29193" /><G97/><N who="0" m="57495" /><D122/><U42/><E102/><V76/><F76/><W17/><G18/><T37/><D37/><U65/><E43/><V133/><F107/><W64/><G64/><T117/><D117/><U60/><E60/><N who="2" m="35911" /><F133/><W26/><G26/><N who="0" m="9739" /><D121/><U75/><E42/><V95/><F106/><W70/><G70/><T80/><D80/><U48/><E48/><V132/><F132/><W98/><G91/><AGARI ba="0,0" hai="7,10,13,20,21,91,93,96" m="9739,57495" machi="91" ten="30,1000,0" yaku="8,1" doraHai="61" who="0" fromWho="3" sc="210,10,345,0,195,0,250,-10" owari="220,-18.0,345,44.5,195,-30.5,240,4.0" /></mjloggm>