<mjloggm ver="2.3"><GO type="225" lobby="0"/><UN n0="%72%61%6B%33" n1="%E5%B0%8F%E9%B3%A5%E9%81%8A%E7%B7%B4%E7%84%A1%32%31%E6%AD%B3" n2="%E5%8C%97%E6%AC%A7%E3%81%AE%E3%82%82%E3%81%93%E3%81%86" n3="%E9%A6%AC%E5%BC%95%E7%81%AB%33" dan="16,17,16,16" rate="2100.92,2209.63,2146.24,2146.76" sx="M,F,M,M"/><TAIKYOKU oya="0"/><INIT seed="0,0,0,3,3,107" ten="250,250,250,250" oya="0" hai0="42,51,34,9,116,129,130,20,40,23,6,41,18" hai1="89,94,56,37,128,121,77,132,131,120,76,35,60" hai2="46,119,112,47,126,15,38,74,81,54,49,11,44" hai3="29,24,36,61,0,127,106,92,90,83,98,62,63"/><T108/><D116/><U79/><E37/><V99/><F112/><W103/><G127/><T75/><D34/><U123/><E35/><V7/><F126/><W25/><G0/><T71/><D71/><U65/><REACH who="1" step="1"/><E132/><REACH who="1" ten="250,240,250,250" step="2"/><V52/><F38/><W5/><G36/><T66/><D130/><U91/><E91/><V109/><F119/><W16/><G90/><T117/><D129/><U17/><E17/><V113/><F113/><W39/><G39/><T122/><D117/><U88/><E88/><V19/><F109/><W78/><G5/><T95/><D108/><U133/><E133/><V105/><F19/><W84/><G29/><T86/><D18/><U48/><E48/><V30/><F30/><W2/><G2/><T100/><D51/><U69/><E69/><V134/><F134/><W43/><G16/><T8/><D6/><U57/><E57/><V87/><F49/><W27/><G27/><T14/><D20/><U135/><E135/><V55/><F55/><W4/><G4/><T124/><D23/><U3/><E3/><V13/><F54/><W1/><G1/><T115/><D115/><U80/><E80/><V53/><F53/><W111/><G111/><T22/><D22/><U33/><E33/><V58/><F58/><W70/><G70/><T72/><D124/><U64/><E64/><V10/><F52/><W50/><G25/><T125/><D125/><U28/><E28/><V118/><F118/><W82/><G82/><T104/><D66/><U59/><E59/><V114/><F114/><W21/><G24/><T26/><D26/><U102/><E102/><RYUUKYOKU ba="0,1" sc="250,-10,240,30,250,-10,250,-10" hai1="56,60,65,76,77,79,89,94,120,121,123,128,131" /><INIT seed="1,1,1,2,1,133" ten="240,270,240,240" oya="1" hai0="109,56,7,18,102,48,104,47,95,8,125,129,21" hai1="80,105,50,81,15,118,66,38,54,25,71,89,100" hai2="55,42,11,79,10,63,28,3,52,2,29,114,101" hai3="82,94,96,126,130,73,44,41,134,111,132,31,107"/><U77/><E38/><V117/><F42/><W86/><G111/><T113/><D109/><U67/><E118/><V108/><F108/><W14/><G130/><T19/><D113/><U90/><E15/><V74/><F101/><W121/><G121/><T83/><D129/><U122/><E122/><V46/><F46/><W37/><G107/><T58/><D104/><U57/><E25/><V127/><F63/><W43/><G73/><T53/><D83/><U106/><E100/><V115/><F74/><W24/><G43/><T70/><D70/><U45/><E71/><V76/><F117/><W91/><G14/><T49/><D125/><AGARI ba="1,1" hai="2,3,10,11,28,29,52,55,76,79,114,115,125,127" machi="125" ten="25,8000,1" yaku="22,2,52,2,54,1" doraHai="133" who="2" fromWho="0" sc="240,-83,270,0,240,93,240,0" /><INIT seed="2,0,0,4,5,18" ten="157,270,333,240" oya="2" hai0="96,130,24,34,74,2,17,4,65,31,16,28,75" hai1="26,132,1,81,40,60,88,127,116,134,123,114,104" hai2="109,54,48,110,85,113,8,56,19,108,53,14,124" hai3="7,80,22,117,29,38,79,83,36,41,128,67,90"/><V84/><F113/><W87/><G117/><T103/><D130/><U93/><E116/><V32/><F32/><W13/><G128/><T76/><D28/><U59/><E114/><V33/><F33/><W99/><G67/><T70/><D4/><U120/><E1/><V61/><REACH who="2" step="1"/><F124/><REACH who="2" ten="157,270,323,240" step="2"/><W95/><G36/><T92/><D34/><U122/><E127/><V6/><F6/><W3/><G38/><T69/><D69/><U118/><E118/><V125/><F125/><W0/><G7/><T101/><D70/><U44/><E122/><V86/><F86/><W52/><G87/><T106/><D75/><U47/><E123/><V100/><F100/><W25/><G3/><T78/><D74/><U20/><E120/><V119/><F119/><W71/><G71/><T94/><D2/><U55/><E134/><V68/><F68/><W126/><G0/><T46/><D103/><U62/><E132/><V82/><F82/><W129/><G83/><T21/><D101/><U9/><E81/><V49/><F49/><W64/><G80/><T102/><D102/><U50/><E50/><V97/><F97/><W23/><G99/><T37/><D96/><U35/><E35/><V98/><F98/><W12/><G126/><T51/><D37/><U39/><E39/><V57/><AGARI ba="0,1" hai="8,14,19,48,53,54,56,57,61,84,85,108,109,110" machi="57" ten="40,12000,1" yaku="1,1,0,1,14,1,10,1,53,0" doraHai="18" doraHaiUra="131" who="2" fromWho="2" sc="157,-40,270,-40,323,130,240,-40" /><INIT seed="2,1,0,5,5,41" ten="117,230,453,200" oya="2" hai0="85,45,57,30,127,119,112,106,28,123,89,115,129" hai1="56,100,107,11,7,52,80,78,134,2,83,114,12" hai2="36,109,95,82,67,37,81,104,17,32,90,26,133" hai3="79,23,128,84,122,22,42,63,6,117,27,43,44"/><V69/><F133/><W4/><G117/><T24/><D123/><U0/><E134/><V105/><F36/><W132/><G122/><T118/><D106/><U73/><E114/><V96/><F37/><W74/><G74/><T46/><D57/><U34/><E34/><V29/><F17/><W135/><G128/><T39/><D39/><U47/><E80/><V103/><F105/><W111/><G111/><T10/><D10/><U70/><E70/><V64/><F64/><W86/><G79/><T113/><D129/><U3/><E100/><V125/><F125/><W31/><G27/><T53/><D127/><U71/><E71/><V62/><F109/><W40/><G40/><T88/><D53/><U54/><E107/><V50/><F50/><W33/><G33/><T48/><D48/><U110/><E110/><V94/><F94/><W18/><G18/><T121/><D121/><U51/><REACH who="1" step="1"/><E54/><REACH who="1" ten="117,220,453,200" step="2"/><V59/><F69/><W15/><G135/><T55/><D55/><U66/><E66/><V19/><F104/><W87/><G132/><T13/><D13/><U5/><E5/><V93/><F103/><W76/><G4/><T130/><D130/><U38/><E38/><V1/><F95/><W14/><G6/><T35/><D28/><U98/><E98/><V99/><F99/><W21/><G31/><T60/><D115/><U124/><E124/><V102/><F102/><W97/><G14/><T126/><D113/><U116/><E116/><V25/><F29/><W92/><G15/><T68/><D112/><U61/><E61/><V20/><F62/><W77/><G63/><RYUUKYOKU ba="1,1" sc="117,-10,220,30,453,-10,200,-10" hai1="0,2,3,7,11,12,47,51,52,56,73,78,83" /><INIT seed="3,2,1,2,1,66" ten="107,250,443,190" oya="3" hai0="31,36,82,24,110,30,85,43,119,91,35,27,61" hai1="105,132,86,130,26,101,109,57,97,94,62,127,3" hai2="93,122,21,68,88,107,78,81,50,12,90,25,28" hai3="80,13,89,6,75,49,133,22,63,34,48,54,8"/><W58/><G34/><T0/><D110/><U1/><E109/><V87/><F68/><W79/><G133/><T120/><D119/><U100/><E130/><V44/><F107/><W18/><REACH who="3" step="1"/><G89/><REACH who="3" ten="107,250,443,180" step="2"/><T118/><D118/><U65/><E132/><V125/><F122/><W64/><G64/><T124/><D120/><U52/><E127/><V95/><F125/><W51/><G51/><T115/><D124/><U83/><E65/><V129/><F129/><W16/><G16/><T29/><D115/><U33/><E101/><V11/><F90/><W117/><G117/><T98/><D0/><AGARI ba="2,2" hai="0,6,8,13,18,22,48,49,54,58,63,75,79,80" machi="0" ten="30,5800,0" yaku="1,1,7,1,53,1" doraHai="66" doraHaiUra="2" who="3" fromWho="0" sc="107,-64,250,0,443,0,180,84" /><INIT seed="3,3,0,2,1,96" ten="43,250,443,264" oya="3" hai0="27,73,75,101,40,135,74,102,61,93,42,132,110" hai1="41,99,13,21,116,120,98,78,115,88,134,79,50" hai2="45,29,2,85,10,97,6,14,95,25,32,84,106" hai3="103,114,82,54,108,117,39,92,51,47,65,64,52"/><W37/><G117/><T131/><D61/><U4/><E115/><V53/><F106/><W94/><G114/><T46/><D93/><N who="1" m="56615" /><E120/><V104/><F104/><W90/><G108/><T112/><D112/><U3/><E3/><V16/><F45/><W123/><G123/><T33/><D110/><U126/><E116/><V44/><F53/><W67/><G82/><T62/><D62/><U111/><E111/><V43/><F95/><W12/><G12/><T15/><D15/><U58/><E134/><V87/><F97/><N who="3" m="59815" /><G37/><T127/><D127/><U56/><E126/><V22/><F85/><N who="3" m="52559" /><G39/><AGARI ba="3,0" hai="2,6,10,14,16,22,25,29,32,39,43,44,84,87" machi="39" ten="30,7700,0" yaku="7,1,24,2,54,1" doraHai="96" who="2" fromWho="3" sc="43,0,250,0,443,86,264,-86" owari="43,-45.7,250,5.0,529,62.9,178,-22.2" /></mjloggm>