<mjloggm ver="2.3"><GO type="225" lobby="0"/><UN n0="%72%69%6F%75%63%68%61%6E" n1="%6D%61%6A%69%6B%75%7A%75" n2="%E3%82%B3%E3%83%90%E3%83%AC%E3%82%A4" n3="%E5%91%A8%E6%9D%B1" dan="16,17,16,17" rate="2076.39,2217.64,2170.56,2215.31" sx="M,M,M,M"/><TAIKYOKU oya="0"/><INIT seed="0,0,0,4,2,118" ten="250,250,250,250" oya="0" hai0="63,105,29,76,57,121,24,112,6,129,53,48,15" hai1="93,34,55,3,52,17,126,71,7,72,83,41,46" hai2="96,70,120,31,11,61,65,8,92,51,42,54,43" hai3="66,106,79,62,10,86,75,89,103,74,77,115,9"/><T0/><D121/><U110/><E110/><V111/><F111/><W117/><G117/><T97/><D112/><U38/><E126/><V85/><F31/><W101/><G115/><T60/><D129/><U18/><E34/><V68/><F68/><W73/><G62/><T107/><D0/><U104/><E104/><V37/><F85/><W132/><G66/><T87/><D97/><U40/><E71/><V28/><F28/><W64/><G64/><T39/><D39/><U130/><E40/><V4/><F120/><W14/><G132/><T119/><D119/><U30/><E30/><V80/><F80/><N who="3" m="49351" /><G14/><T100/><D100/><N who="3" m="38473" /><G10/><N who="0" m="4567" /><D107/><U122/><E93/><V25/><F25/><W88/><G9/><T113/><D105/><U99/><E99/><V94/><F11/><W58/><G58/><T33/><D113/><U2/><E130/><V114/><F114/><W5/><G5/><T125/><D125/><U123/><E123/><V78/><F37/><W127/><G127/><T128/><D128/><U26/><E122/><V91/><F8/><W131/><G131/><T135/><D135/><U45/><E7/><V82/><F4/><W32/><G32/><T23/><D33/><U50/><E26/><V84/><REACH who="2" step="1"/><F92/><REACH who="2" ten="250,250,240,250" step="2"/><W27/><G27/><T98/><D98/><U116/><E116/><V22/><F22/><W134/><G134/><T102/><D23/><U12/><E2/><V124/><F124/><W59/><G106/><T13/><D24/><U1/><E1/><V20/><F20/><W35/><G35/><T47/><D29/><U56/><E3/><V44/><AGARI ba="0,1" hai="42,43,44,51,54,61,65,70,78,82,84,91,94,96" machi="44" ten="20,8000,1" yaku="1,1,5,1,0,1,7,1,53,1" doraHai="118" doraHaiUra="49" who="2" fromWho="2" sc="250,-40,250,-20,240,90,250,-20" /><INIT seed="1,0,0,4,5,76" ten="210,230,330,230" oya="1" hai0="55,45,38,10,107,53,78,123,63,111,60,34,69" hai1="36,126,94,116,24,106,124,81,9,129,27,20,8" hai2="52,125,113,102,119,50,77,35,46,13,110,61,47" hai3="65,58,3,89,42,92,22,82,118,59,90,17,72"/><U39/><E106/><V54/><F35/><W67/><G3/><T11/><D34/><U88/><E116/><V120/><F119/><W101/><G42/><T0/><D107/><U15/><E129/><V79/><F120/><W133/><G118/><T43/><D123/><U7/><E9/><V100/><F113/><W21/><G133/><T40/><D111/><U135/><E135/><V85/><F110/><W86/><G101/><T114/><D114/><U19/><E24/><V91/><F125/><N who="1" m="48233" /><E81/><N who="2" m="49583" /><F13/><W93/><G72/><T98/><D78/><N who="2" m="29706" /><F46/><W26/><G22/><T64/><D0/><U68/><E68/><V16/><F16/><W71/><G93/><T37/><D98/><AGARI ba="0,0" hai="7,8,15,19,20,27,36,39,88,94,98" m="48233" machi="98" ten="30,2900,0" yaku="18,1,54,1" doraHai="76" who="1" fromWho="0" sc="210,-29,230,29,330,0,230,0" /><INIT seed="1,1,0,5,3,135" ten="181,259,330,230" oya="1" hai0="117,3,133,111,109,88,105,54,2,43,25,32,10" hai1="115,21,123,84,59,66,9,67,17,51,1,29,93" hai2="72,134,50,58,120,8,33,99,103,106,113,100,79" hai3="62,34,96,130,81,57,23,27,104,41,48,74,14"/><U35/><E115/><V22/><F33/><W119/><G130/><T98/><D117/><U63/><E123/><V102/><F120/><W44/><G119/><T28/><D133/><U90/><E35/><V16/><F134/><W18/><G74/><T61/><D43/><U31/><E67/><V49/><F79/><W121/><G121/><T114/><D114/><U38/><E38/><V125/><F72/><W5/><G81/><T69/><D54/><U13/><E1/><N who="0" m="9" /><D10/><U110/><E110/><N who="0" m="41993" /><D88/><U129/><E129/><V131/><F131/><W7/><G104/><T112/><D112/><U36/><E36/><V132/><F132/><W95/><G34/><T82/><D82/><U70/><E9/><V47/><F8/><W19/><G19/><T26/><D25/><U78/><E78/><V60/><F106/><W73/><G73/><T15/><D15/><U71/><REACH who="1" step="1"/><E51/><REACH who="1" ten="181,249,330,230" step="2"/><V42/><F50/><W53/><REACH who="3" step="1"/><G14/><REACH who="3" ten="181,249,330,220" step="2"/><T124/><D32/><U101/><E101/><AGARI ba="1,2" hai="5,7,18,23,27,41,44,48,53,57,62,95,96,101" machi="101" ten="30,8000,1" yaku="1,1,2,1,7,1,8,1,53,1" doraHai="135" doraHaiUra="20" who="3" fromWho="1" sc="181,0,249,-83,330,0,220,103" /><INIT seed="2,0,0,4,2,4" ten="181,166,330,323" oya="2" hai0="93,41,3,7,8,98,28,61,59,92,26,22,43" hai1="96,50,68,34,99,87,10,13,72,40,31,60,33" hai2="53,5,14,130,9,118,39,58,38,74,83,82,70" hai3="131,25,79,127,49,71,29,16,108,24,135,65,117"/><V56/><F70/><W114/><G117/><T46/><D46/><U103/><E72/><V0/><F118/><W81/><G108/><T1/><D1/><U54/><E40/><V62/><F130/><W113/><G131/><T102/><REACH who="0" step="1"/><D92/><REACH who="0" ten="171,166,330,323" step="2"/><U57/><E87/><V115/><F0/><W67/><G114/><T21/><D21/><U47/><E68/><V126/><F115/><W45/><G71/><T52/><AGARI ba="0,1" hai="3,7,8,22,26,28,41,43,52,59,61,93,98,102" machi="52" ten="20,8000,1" yaku="1,1,0,1,7,1,52,1,54,1,53,0" doraHai="4" doraHaiUra="107" who="0" fromWho="0" sc="171,90,166,-20,330,-40,323,-20" /><INIT seed="3,0,0,2,1,34" ten="261,146,290,303" oya="3" hai0="60,27,43,37,122,64,68,52,82,132,56,106,13" hai1="15,69,47,130,93,41,57,109,4,44,11,29,118" hai2="98,79,31,65,39,89,35,17,99,125,67,71,133" hai3="78,131,55,14,101,108,84,94,20,23,51,103,121"/><W28/><G121/><T119/><D119/><U25/><E69/><V134/><F39/><W135/><G131/><T30/><D122/><U26/><E130/><V124/><F79/><W10/><G135/><N who="2" m="51721" /><F17/><N who="3" m="8407" /><G108/><T61/><D132/><U113/><E113/><V91/><F31/><W45/><G28/><T127/><D127/><N who="2" m="48714" /><F35/><W2/><G2/><T102/><D82/><U74/><E74/><V19/><F19/><W53/><G53/><T126/><D126/><U95/><E109/><V54/><F54/><W70/><G70/><T32/><D13/><U77/><E118/><V42/><F42/><W107/><G107/><T87/><D87/><U80/><E57/><V33/><F33/><W115/><G115/><T40/><D37/><U38/><E47/><V72/><F72/><W97/><G103/><T0/><D0/><U62/><E62/><N who="2" m="40375" /><F67/><W73/><G73/><T120/><D120/><U114/><E114/><V6/><F6/><W5/><G5/><T117/><D117/><U50/><E38/><V22/><F22/><W36/><G36/><T81/><D81/><AGARI ba="0,0" hai="20,23,45,51,55,78,81,84,94,97,101" m="8407" machi="81" ten="30,1500,0" yaku="8,1" doraHai="34" who="3" fromWho="0" sc="261,-15,146,0,290,0,303,15" owari="246,-15.4,146,-35.4,290,9.0,318,41.8" /></mjloggm>