<mjloggm ver="2.3"><GO type="225" lobby="0"/><UN n0="%E5%91%A8%E6%9D%B1" n1="%E6%81%A5%E6%99%92%E3%81%97" n2="%E3%83%81%E3%83%A7%E3%83%99%E3%83%83%E3%82%AF" n3="%E3%81%AF%E3%82%88%E3%81%8A%E3%81%98%E3%81%95%E3%82%93" dan="16,16,16,16" rate="2165.21,2090.44,2121.28,2126.84" sx="M,M,M,M"/><TAIKYOKU oya="0"/><INIT seed="0,0,0,0,2,122" ten="250,250,250,250" oya="0" hai0="127,107,112,29,52,85,31,62,9,64,51,14,102" hai1="43,117,72,70,20,86,57,114,91,66,95,73,2" hai2="59,69,22,67,5,129,80,78,98,35,23,131,99" hai3="83,119,82,7,37,24,19,46,100,36,21,39,121"/><T130/><D127/><U60/><E117/><V38/><F35/><W103/><G119/><T45/><D130/><N who="2" m="49674" /><F69/><W116/><G116/><T76/><D112/><U50/><E114/><V68/><F68/><W26/><G121/><T104/><D76/><U44/><E2/><V96/><F5/><W65/><G65/><T3/><D3/><U71/><REACH who="1" step="1"/><E20/><REACH who="1" ten="250,240,250,250" step="2"/><V54/><F38/><W126/><G39/><T93/><D107/><U132/><E132/><V77/><F67/><W25/><G37/><T0/><D104/><U89/><E89/><V111/><F77/><W101/><G126/><T33/><D0/><U118/><E118/><V41/><F41/><W120/><G120/><T56/><D33/><U61/><E61/><N who="2" m="36087" /><F111/><W97/><G36/><T8/><D8/><U90/><E90/><V128/><F128/><W84/><G21/><T74/><D74/><AGARI ba="0,1" hai="43,44,50,57,60,66,70,71,72,73,74,86,91,95" machi="74" ten="40,1300,0" yaku="1,1,53,0" doraHai="122" doraHaiUra="11" who="1" fromWho="0" sc="250,-13,240,23,250,0,250,0" /><AGARI ba="0,0" hai="22,23,74,78,80,96,98,99" m="36087,49674" machi="74" ten="30,1000,0" yaku="19,1" doraHai="122" who="2" fromWho="0" sc="237,-10,263,0,250,10,250,0" /><INIT seed="1,0,0,1,5,135" ten="227,263,260,250" oya="1" hai0="29,84,99,92,80,132,27,0,72,95,48,42,70" hai1="6,126,7,127,110,41,26,32,87,38,116,131,96" hai2="73,82,59,134,113,125,119,47,133,108,9,3,11" hai3="12,22,104,100,23,19,21,81,56,14,31,10,50"/><U37/><E116/><V45/><F119/><W66/><G104/><T101/><D132/><N who="2" m="50794" /><F108/><W57/><G100/><T90/><D70/><U77/><E131/><V40/><F113/><W8/><G81/><T61/><D0/><U115/><E115/><V97/><F3/><W98/><G98/><T28/><D61/><U53/><E110/><V88/><F125/><N who="1" m="47625" /><E53/><V65/><F45/><W64/><G31/><T124/><D124/><U46/><E38/><V93/><F73/><W129/><G129/><T85/><D72/><U122/><E122/><V63/><F82/><W51/><G22/><T112/><D112/><U128/><E128/><V102/><F102/><W34/><REACH who="3" step="1"/><G19/><REACH who="3" ten="227,263,260,240" step="2"/><T2/><D29/><N who="1" m="19511" /><E96/><V75/><F75/><W25/><G25/><T1/><D27/><U13/><E13/><V103/><F103/><W36/><G36/><AGARI ba="0,1" hai="9,11,36,40,47,59,63,65,88,93,97" m="50794" machi="36" ten="30,2000,0" yaku="20,1,54,1" doraHai="135" who="2" fromWho="3" sc="227,0,263,0,260,30,240,-20" /><INIT seed="2,0,0,0,2,25" ten="227,263,290,220" oya="2" hai0="54,13,106,124,103,62,63,32,22,92,101,128,72" hai1="57,110,10,71,15,43,84,28,17,46,70,95,133" hai2="44,97,91,26,67,59,1,89,115,109,121,53,33" hai3="40,77,81,80,83,19,88,39,21,23,135,132,4"/><V61/><F115/><W27/><G4/><T45/><D72/><U126/><E110/><V20/><F1/><W123/><G123/><T34/><D106/><U127/><E133/><N who="3" m="51274" /><G77/><T118/><D128/><U47/><E57/><V99/><F33/><W50/><G39/><T37/><D124/><U73/><E73/><V5/><F5/><W131/><G131/><T68/><D118/><U116/><E116/><V18/><F121/><W0/><G0/><T100/><D68/><U42/><E84/><V58/><F109/><W51/><G40/><T117/><D117/><U98/><E70/><V29/><F18/><W86/><G21/><T105/><D105/><U113/><E71/><V31/><F44/><W74/><G74/><T90/><D34/><U11/><E113/><V134/><F31/><W93/><AGARI ba="0,0" hai="19,23,27,50,51,80,81,83,86,88,93" m="51274" machi="93" ten="30,2000,0" yaku="20,1,54,1" doraHai="25" who="3" fromWho="3" sc="227,-5,263,-5,290,-10,220,20" /><INIT seed="3,0,0,2,5,79" ten="222,258,280,240" oya="3" hai0="112,89,83,108,16,72,106,127,37,66,80,76,21" hai1="84,30,116,39,92,40,11,118,42,25,49,36,126" hai2="47,10,128,119,45,44,52,111,74,65,54,1,48" hai3="67,85,104,103,19,18,133,71,62,102,69,135,78"/><W28/><G71/><T3/><D3/><U43/><E11/><V77/><F119/><N who="1" m="45609" /><E92/><V13/><F1/><W90/><G78/><T6/><D6/><U50/><E84/><V32/><F32/><W81/><G28/><T100/><D37/><N who="1" m="14411" /><E126/><V130/><F65/><W134/><G104/><T88/><D127/><U95/><E95/><V68/><F68/><W113/><G113/><T124/><D124/><U87/><E87/><V94/><F48/><N who="1" m="18537" /><E25/><V24/><F24/><W86/><G85/><T51/><D112/><U121/><E30/><V125/><F111/><W5/><G5/><T27/><D108/><U22/><E22/><V105/><F105/><W63/><G62/><T46/><D66/><U58/><E58/><V29/><F29/><W0/><G0/><T38/><D38/><U17/><E17/><AGARI ba="0,0" hai="17,18,19,63,67,69,81,86,90,102,103,133,134,135" machi="17" ten="40,3900,0" yaku="20,1,52,1" doraHai="79" who="3" fromWho="1" sc="222,0,258,-39,280,0,240,39" /><INIT seed="3,1,0,1,0,70" ten="222,219,280,279" oya="3" hai0="111,87,75,79,31,124,40,19,95,5,0,42,18" hai1="65,103,121,114,113,10,16,13,85,8,71,104,4" hai2="131,57,27,134,74,50,97,22,29,32,68,2,102" hai3="60,23,21,81,12,92,119,45,127,47,69,130,110"/><W54/><G119/><T101/><D124/><U11/><E121/><V15/><F68/><W90/><G127/><T7/><D111/><U64/><E10/><V99/><F74/><W41/><G110/><T80/><D31/><U48/><E48/><V66/><F131/><W86/><G130/><T28/><D28/><U55/><E55/><V39/><F134/><W82/><G69/><T115/><D115/><U72/><E72/><V26/><F2/><W84/><G92/><T126/><D126/><U62/><E65/><V52/><F15/><W108/><G108/><T135/><D135/><U3/><REACH who="1" step="1"/><E85/><REACH who="1" ten="222,209,280,279" step="2"/><V120/><F66/><W6/><G54/><T9/><D7/><U46/><E46/><V30/><F120/><W91/><G60/><T116/><D116/><U98/><AGARI ba="1,1" hai="3,4,8,11,13,16,62,64,71,98,103,104,113,114" machi="98" ten="30,4000,0" yaku="1,1,0,1,54,1,53,0" doraHai="70" doraHaiUra="78" who="1" fromWho="1" sc="222,-11,209,53,280,-11,279,-21" /><INIT seed="4,0,0,1,2,22" ten="211,262,269,258" oya="0" hai0="58,102,82,17,103,77,116,91,16,78,66,23,110" hai1="42,4,0,98,10,31,118,11,89,106,8,127,5" hai2="37,61,121,59,113,45,43,6,132,126,88,111,73" hai3="90,62,54,120,15,29,20,99,13,85,115,48,87"/><T105/><D116/><U52/><E118/><V12/><F111/><W53/><G115/><T134/><D110/><U83/><E127/><V109/><F109/><W7/><G120/><T125/><D125/><U67/><E42/><V117/><F73/><W30/><G99/><T60/><D134/><U95/><E106/><V135/><F126/><W128/><G128/><T97/><D103/><U108/><E67/><V129/><F129/><W63/><G20/><T101/><D101/><U96/><E0/><V44/><F44/><W104/><G104/><T35/><D35/><U65/><E65/><V84/><F113/><W70/><G70/><T47/><D47/><U50/><E98/><V79/><F79/><W24/><G90/><T69/><D69/><U40/><E40/><V46/><F46/><W28/><G7/><T57/><D57/><N who="1" m="32919" /><E83/><V1/><F1/><W51/><G29/><T55/><D66/><U32/><E108/><V94/><F121/><W38/><REACH who="3" step="1"/><G24/><REACH who="3" ten="211,262,269,248" step="2"/><T93/><D17/><U27/><E32/><V39/><F117/><W80/><G80/><T56/><D82/><U119/><E119/><V41/><F88/><W100/><G100/><T124/><D124/><U75/><E5/><V114/><F6/><W130/><G130/><T107/><D107/><U33/><E4/><V25/><F114/><W122/><G122/><T14/><REACH who="0" step="1"/><D58/><REACH who="0" ten="201,262,269,248" step="2"/><U133/><E33/><V19/><F59/><W36/><AGARI ba="0,2" hai="13,15,28,30,36,38,48,51,53,54,62,63,85,87" machi="36" ten="25,6400,0" yaku="1,1,0,1,22,2,53,0" doraHai="22" doraHaiUra="2" who="3" fromWho="3" sc="201,-32,262,-16,269,-16,248,84" owari="169,-33.1,246,-15.4,253,5.3,332,43.2" /></mjloggm>