<mjloggm ver="2.3"><GO type="225" lobby="0"/><UN n0="%E3%81%BF%E3%81%BF%E3%81%9A" n1="%E3%82%A2%E3%83%9E%E3%83%9D%EF%BD%9E%EF%BD%9E%E3%83%A9" n2="%E3%81%AF%E3%82%88%E3%81%8A%E3%81%98%E3%81%95%E3%82%93" n3="%E3%81%9F%E3%81%8C%E3%82%84%E3%81%99" dan="17,17,17,16" rate="2257.92,2074.30,2167.28,2155.15" sx="M,M,M,M"/><TAIKYOKU oya="0"/><INIT seed="0,0,0,2,3,124" ten="250,250,250,250" oya="0" hai0="83,78,120,25,41,87,82,22,91,37,68,9,51" hai1="114,31,59,86,54,61,69,15,76,116,111,126,95" hai2="101,123,115,81,125,27,133,99,17,11,103,56,2" hai3="100,128,98,62,106,90,46,26,113,48,84,43,35"/><T49/><D120/><U50/><E116/><V33/><F123/><W94/><G62/><T21/><D68/><U40/><E111/><V4/><F115/><W24/><G113/><T57/><D9/><U1/><E1/><V7/><F125/><W19/><G35/><T12/><D37/><U3/><E3/><V10/><F133/><W97/><G128/><T73/><D41/><U18/><E31/><V0/><F81/><W44/><G19/><T77/><D57/><U23/><E126/><V58/><F101/><W89/><REACH who="3" step="1"/><G46/><REACH who="3" ten="250,250,250,240" step="2"/><T8/><D77/><U121/><E114/><V129/><F129/><W93/><AGARI ba="0,1" hai="24,26,43,44,48,84,89,90,93,94,97,98,100,106" machi="93" ten="20,5200,0" yaku="1,1,2,1,0,1,7,1,53,0" doraHai="124" doraHaiUra="6" who="3" fromWho="3" sc="250,-26,250,-13,250,-13,240,62" /><INIT seed="1,0,0,2,3,50" ten="224,237,237,302" oya="1" hai0="103,120,44,111,107,41,0,82,114,123,48,13,20" hai1="57,89,68,121,64,97,59,84,35,95,37,26,12" hai2="22,8,54,9,27,72,112,36,80,49,14,53,101" hai3="122,93,106,45,94,39,24,128,66,52,33,56,6"/><U3/><E121/><N who="0" m="46665" /><D0/><U76/><E3/><V131/><F36/><W132/><G106/><T60/><D114/><U34/><E37/><V7/><F112/><W115/><G115/><T61/><D111/><U11/><E68/><V25/><F131/><W40/><G122/><T126/><D126/><U104/><E64/><V116/><F116/><W88/><G128/><T85/><D103/><U5/><E104/><V1/><F101/><W51/><G132/><T113/><D107/><U110/><E110/><V135/><F135/><W102/><G102/><T23/><D113/><U127/><E127/><V70/><F70/><W118/><G118/><T125/><D125/><U62/><E59/><V29/><F27/><W31/><G6/><T78/><D13/><U124/><E26/><V79/><REACH who="2" step="1"/><F49/><REACH who="2" ten="224,237,227,302" step="2"/><W119/><G119/><T58/><D61/><U73/><E124/><V43/><F43/><W83/><REACH who="3" step="1"/><G66/><AGARI ba="0,1" hai="20,23,41,44,48,58,60,66,78,82,85" m="46665" machi="66" ten="30,1000,0" yaku="13,1" doraHai="50" who="0" fromWho="3" sc="224,20,237,0,227,0,302,-10" /><INIT seed="2,0,0,5,4,99" ten="244,237,227,292" oya="2" hai0="74,15,36,123,84,85,55,73,34,17,82,1,14" hai1="130,67,79,105,122,13,109,131,57,88,59,132,37" hai2="8,35,100,16,69,65,52,31,71,27,22,11,92" hai3="5,76,134,66,121,118,54,120,20,6,126,0,119"/><V125/><F125/><W116/><G54/><T12/><D123/><N who="3" m="47177" /><G66/><T19/><D1/><U25/><E132/><V7/><F65/><W98/><G98/><T56/><D34/><U33/><E109/><V86/><F11/><N who="3" m="2471" /><G76/><T78/><D36/><U103/><E79/><V75/><F75/><W42/><G42/><T107/><D107/><U10/><E37/><V70/><F100/><W112/><G134/><T129/><D129/><N who="1" m="49163" /><E122/><V68/><N who="2" m="17408" /><DORA hai="48" /><V53/><F92/><W60/><G60/><T26/><D26/><U108/><E108/><V29/><F86/><W30/><G6/><T49/><REACH who="0" step="1"/><D85/><REACH who="0" ten="234,237,227,292" step="2"/><U45/><E25/><V47/><F47/><W64/><G119/><T94/><D94/><U90/><E33/><V113/><F113/><W114/><G118/><T93/><D93/><U62/><E45/><V40/><F40/><W111/><G116/><T101/><D101/><U133/><E105/><V77/><F77/><W28/><G111/><T102/><D102/><U117/><E103/><V23/><F35/><W128/><G128/><T44/><D44/><U96/><E117/><V51/><F51/><W115/><G115/><T46/><D46/><U89/><E96/><V9/><F31/><W41/><G30/><T91/><D91/><U4/><E133/><V58/><F7/><W18/><G28/><T104/><D104/><U24/><E24/><N who="2" m="14407" /><F58/><AGARI ba="0,1" hai="4,10,13,57,58,59,62,67,88,89,90" m="49163" machi="58" ten="30,2000,0" yaku="19,1,54,1" doraHai="99,48" who="1" fromWho="2" sc="234,0,237,30,227,-20,292,0" /><INIT seed="3,0,0,3,2,121" ten="234,267,207,292" oya="3" hai0="14,110,5,108,11,118,37,72,57,55,112,42,33" hai1="39,60,15,93,102,80,61,95,116,103,64,85,0" hai2="101,16,53,17,58,113,117,43,73,35,82,31,107" hai3="12,28,125,81,94,96,34,133,135,69,90,68,27"/><W32/><G32/><T22/><D118/><U2/><E39/><V59/><F117/><W98/><G125/><T41/><D33/><U86/><E15/><V10/><F113/><W119/><G119/><T134/><D72/><U24/><E116/><V100/><F43/><W129/><G129/><T79/><D79/><U8/><E80/><V9/><F35/><W132/><G81/><T84/><D84/><U30/><E8/><N who="2" m="3179" /><F107/><W49/><G12/><T62/><D112/><U77/><E64/><V124/><F73/><W128/><G128/><T26/><D134/><U106/><E24/><V89/><F124/><W115/><G115/><T65/><D65/><U50/><E50/><V91/><F31/><W109/><G109/><N who="0" m="42091" /><D37/><U131/><E77/><V67/><F67/><W63/><G34/><T51/><D62/><U52/><E61/><V97/><F97/><W19/><G98/><T70/><D70/><U78/><E60/><V7/><F7/><W46/><G63/><T20/><D20/><U25/><E78/><V18/><F82/><W23/><G69/><T104/><D104/><U130/><E106/><V21/><F21/><W56/><G68/><T126/><D126/><U83/><E131/><V38/><F38/><W127/><G127/><T13/><D14/><U74/><E74/><V76/><F76/><W105/><G105/><T1/><D13/><U66/><E66/><V4/><F4/><W44/><G19/><AGARI ba="0,0" hai="1,5,11,19,22,26,41,42,51,55,57" m="42091" machi="19" ten="30,7700,0" yaku="14,1,52,3" doraHai="121" who="0" fromWho="3" sc="234,77,267,0,207,0,292,-77" owari="311,41.1,267,6.7,207,-29.3,215,-18.5" /></mjloggm>