<mjloggm ver="2.3"><GO type="225" lobby="0"/><UN n0="%E3%81%95%E3%81%8D%E3%81%9F%E3%81%BE%E6%9E%97%E6%AA%8E" n1="%E7%B4%94%E6%BD%94%E3%83%94%E3%83%A9%E3%83%8B%E3%82%A2" n2="%E8%BE%9B%E5%8F%A3%E3%82%AB%E3%83%AC%E3%83%BC%E3%83%A9%E3%82%A4%E3%82%B9" n3="%4D%2E%61%72%74%65%74%61" dan="16,17,16,16" rate="2132.67,2176.77,2157.33,2164.10" sx="M,M,M,M"/><TAIKYOKU oya="0"/><INIT seed="0,0,0,3,3,104" ten="250,250,250,250" oya="0" hai0="37,54,77,65,7,91,101,18,25,92,55,84,120" hai1="32,6,2,3,67,58,15,79,1,11,39,132,60" hai2="26,38,30,64,63,94,19,133,47,122,89,41,87" hai3="116,105,71,109,27,126,14,12,129,74,130,102,96"/><T51/><D120/><U40/><E132/><V35/><F133/><W20/><G116/><T113/><D113/><U69/><E32/><V56/><REACH who="2" step="1"/><F19/><REACH who="2" ten="250,250,240,250" step="2"/><W95/><G130/><T8/><D18/><U81/><E39/><V16/><F16/><W83/><G129/><T121/><D37/><U97/><E40/><V42/><F42/><W33/><G126/><T106/><D121/><AGARI ba="0,1" hai="26,30,35,38,41,47,56,63,64,87,89,94,121,122" machi="121" ten="40,2600,0" yaku="1,1,53,1" doraHai="104" doraHaiUra="61" who="2" fromWho="0" sc="250,-26,250,0,240,36,250,0" /><INIT seed="1,0,0,2,1,83" ten="224,250,276,250" oya="1" hai0="85,60,48,14,61,5,77,75,15,91,99,126,41" hai1="122,20,116,63,8,112,26,65,66,53,113,118,130" hai2="19,40,28,94,125,56,101,1,92,38,111,84,43" hai3="71,25,18,34,2,36,62,37,79,69,31,86,132"/><U123/><E53/><V127/><F1/><W134/><G2/><T23/><D75/><U0/><E63/><V78/><F111/><W74/><G74/><T73/><D73/><U3/><E66/><V54/><F28/><W82/><G18/><N who="0" m="10711" /><D126/><N who="2" m="48138" /><F19/><W114/><G114/><N who="1" m="44138" /><E65/><V50/><F38/><N who="3" m="14955" /><G62/><T46/><D99/><U98/><E98/><N who="2" m="59591" /><F94/><W81/><G81/><AGARI ba="0,0" hai="40,43,50,54,56,78,81,84" m="59591,48138" machi="81" ten="30,2000,0" yaku="18,1,52,1" doraHai="83" who="2" fromWho="3" sc="224,0,250,0,276,20,250,-20" /><INIT seed="2,0,0,2,3,105" ten="224,250,296,230" oya="2" hai0="127,32,102,75,26,73,125,123,122,12,72,49,66" hai1="86,124,65,79,63,59,31,71,4,70,97,30,8" hai2="135,131,1,54,118,7,99,35,50,10,57,67,58" hai3="40,60,95,2,117,43,33,115,14,53,103,27,11"/><V100/><F118/><W87/><G117/><T110/><D110/><U25/><E124/><N who="0" m="47689" /><D102/><U130/><E130/><V109/><F35/><W89/><G2/><T16/><D66/><U17/><E17/><V80/><F131/><W37/><G115/><T28/><D49/><U0/><E30/><V61/><F135/><W20/><G33/><T134/><D134/><U81/><REACH who="1" step="1"/><E97/><REACH who="1" ten="224,240,296,230" step="2"/><V13/><F109/><W91/><G40/><T19/><D19/><U116/><E116/><V88/><F99/><W62/><G43/><T45/><D45/><U9/><E9/><AGARI ba="0,1" hai="9,12,16,26,28,32,72,73,75,122,123" m="47689" machi="9" ten="40,8000,1" yaku="18,1,52,3,54,1" doraHai="105" who="0" fromWho="1" sc="224,90,240,-80,296,0,230,0" /><INIT seed="3,0,0,4,2,129" ten="314,160,296,230" oya="3" hai0="89,55,57,11,104,80,32,22,124,97,91,127,66" hai1="101,87,4,78,128,15,40,50,71,19,62,68,122" hai2="96,21,100,84,123,37,114,0,47,86,43,51,7" hai3="34,54,16,117,12,131,25,108,46,49,42,130,113"/><W65/><G113/><T126/><D32/><U27/><E128/><N who="3" m="49194" /><G117/><T5/><D66/><U110/><E110/><V134/><F114/><W2/><G2/><T107/><D22/><U69/><E122/><V38/><F134/><W3/><G3/><N who="0" m="447" /><D80/><U83/><E101/><V44/><F123/><W112/><G112/><T13/><D13/><U58/><E27/><V115/><F115/><W39/><G65/><T76/><D76/><U29/><E29/><V35/><F35/><W67/><G67/><T102/><D107/><U118/><E118/><V36/><F47/><N who="3" m="24031" /><G108/><T73/><D73/><U75/><E75/><V79/><F79/><W14/><G16/><T99/><D99/><U95/><E95/><V48/><F7/><W120/><G120/><T8/><D8/><U52/><E4/><V103/><F0/><W135/><G135/><T26/><D26/><U81/><E81/><V125/><F125/><W106/><G106/><T56/><D56/><U45/><REACH who="1" step="1"/><E68/><REACH who="1" ten="314,150,296,230" step="2"/><V133/><F103/><W28/><AGARI ba="0,1" hai="12,14,25,28,34,46,49,54" m="24031,49194" machi="28" ten="30,1500,0" yaku="19,1" doraHai="129" who="3" fromWho="3" sc="314,-5,150,-5,296,-5,230,25" /><INIT seed="3,1,0,2,5,56" ten="309,145,291,255" oya="3" hai0="15,69,112,119,108,18,104,40,36,7,107,65,76" hai1="59,113,109,35,60,52,116,131,132,11,101,127,22" hai2="80,20,37,30,2,106,115,10,47,97,118,66,129" hai3="124,63,93,53,88,111,8,16,38,89,57,81,122"/><W105/><G122/><T29/><D119/><U98/><E113/><V50/><F118/><W90/><G105/><T1/><D29/><U125/><E116/><V71/><F115/><W55/><G124/><N who="1" m="47690" /><E35/><V49/><F129/><W31/><G38/><T4/><D112/><U79/><E131/><V28/><F37/><W123/><G123/><T121/><D121/><U133/><E79/><V5/><F80/><W100/><G111/><T73/><D65/><U13/><E22/><V26/><F30/><W103/><G31/><T14/><D69/><U84/><E84/><V58/><F71/><W102/><G81/><N who="0" m="45199" /><D7/><N who="1" m="3327" /><E109/><V83/><F83/><W3/><G3/><T70/><D70/><U24/><E24/><V51/><F97/><N who="3" m="57511" /><G55/><T0/><D0/><U74/><E74/><V54/><REACH who="2" step="1"/><F106/><REACH who="2" ten="309,145,281,255" step="2"/><W126/><G126/><T34/><D108/><U19/><E19/><V33/><F33/><W91/><G91/><T41/><D34/><U94/><AGARI ba="1,1" hai="52,59,60,94,98,101,132,133" m="3327,47690" machi="94" ten="30,4000,0" yaku="18,1,52,1,54,1" doraHai="56" who="1" fromWho="1" sc="309,-11,145,53,281,-11,255,-21" /><INIT seed="4,0,0,3,1,72" ten="298,198,270,234" oya="0" hai0="60,108,83,13,50,86,41,92,49,98,91,40,133" hai1="46,61,70,115,106,104,58,129,69,29,79,31,101" hai2="109,1,117,89,42,107,11,71,59,125,76,87,63" hai3="52,18,16,110,118,74,127,28,128,2,90,23,132"/><T77/><D133/><U66/><E129/><V32/><F32/><W78/><G118/><T93/><D108/><U100/><E115/><V12/><F107/><W81/><G110/><T27/><D27/><U33/><E46/><V124/><F109/><W116/><G116/><T105/><D105/><U94/><E94/><V19/><F117/><W36/><G36/><T56/><D13/><U122/><E122/><V99/><F71/><W45/><G2/><T43/><D93/><U26/><E31/><V103/><F42/><W51/><G132/><T111/><D111/><U54/><E70/><V6/><F76/><W5/><G5/><T102/><D102/><U121/><E121/><V64/><F99/><W123/><G123/><T8/><D8/><U57/><E57/><V38/><F38/><W135/><G135/><T62/><D62/><U34/><E34/><V20/><REACH who="2" step="1"/><F103/><REACH who="2" ten="298,198,260,234" step="2"/><W113/><G78/><T96/><D96/><U84/><E104/><V130/><F130/><W9/><G128/><T37/><D37/><U67/><E106/><V134/><F134/><W73/><G113/><T25/><D25/><U35/><E35/><V14/><F14/><W75/><G90/><T17/><D17/><U0/><E0/><V10/><F10/><W30/><G18/><T3/><D3/><U15/><E15/><V48/><F48/><W120/><G16/><T7/><D7/><U97/><E69/><V24/><F24/><W47/><G9/><T112/><D112/><U22/><E33/><V80/><AGARI ba="0,1" hai="1,6,11,12,19,20,59,63,64,80,87,89,124,125" machi="80" ten="30,4000,0" yaku="1,1,0,1,53,1" doraHai="72" doraHaiUra="53" who="2" fromWho="2" sc="298,-20,198,-10,260,50,234,-10" owari="278,7.8,188,-31.2,310,41.0,224,-17.6" /></mjloggm>