<mjloggm ver="2.3"><GO type="225" lobby="0"/><UN n0="%E7%8D%85%E5%AD%90%E5%BA%A7%E3%81%8B%E3%81%A3%E3%81%B4%E3%83%BC" n1="%E7%B4%94%E6%BD%94%E3%83%94%E3%83%A9%E3%83%8B%E3%82%A2" n2="%E3%83%A9%E3%82%B9%E7%8E%87%EF%BC%93%E5%89%B2" n3="%E3%81%AF%E3%82%88%E3%81%8A%E3%81%98%E3%81%95%E3%82%93" dan="16,16,17,17" rate="2121.65,2160.34,2219.79,2202.01" sx="M,M,F,M"/><TAIKYOKU oya="0"/><INIT seed="0,0,0,1,0,53" ten="250,250,250,250" oya="0" hai0="75,48,44,92,79,43,100,16,112,28,65,58,98" hai1="18,81,31,106,114,8,40,73,132,50,101,47,5" hai2="19,125,95,17,120,74,126,59,105,36,123,104,84" hai3="97,34,121,99,51,60,57,55,15,64,93,12,76"/><T7/><D112/><U118/><E118/><V130/><F36/><W78/><G34/><T14/><D75/><U113/><E132/><V11/><F74/><W37/><G37/><T133/><D133/><U2/><E18/><N who="2" m="6667" /><F11/><W70/><G99/><T56/><D65/><U4/><E5/><V109/><F109/><W90/><REACH who="3" step="1"/><G121/><REACH who="3" ten="250,250,250,240" step="2"/><T21/><D79/><AGARI ba="0,1" hai="12,15,51,55,57,60,64,70,76,78,79,90,93,97" machi="79" ten="40,5200,0" yaku="1,1,2,1,52,1,53,0" doraHai="53" doraHaiUra="35" who="3" fromWho="0" sc="250,-52,250,0,250,0,240,62" /><INIT seed="1,0,0,3,1,117" ten="198,250,250,302" oya="1" hai0="84,60,128,66,9,27,6,25,125,86,130,76,135" hai1="44,56,2,26,74,78,69,8,73,134,83,28,89" hai2="11,64,33,132,17,18,46,94,51,100,15,67,107" hai3="65,42,68,49,110,13,122,119,63,14,3,16,70"/><U47/><E69/><V111/><F111/><W127/><G3/><T19/><D125/><U59/><E134/><V37/><F107/><W129/><G70/><T72/><D135/><U121/><E74/><V101/><F37/><W124/><G110/><T38/><D38/><U87/><E121/><V53/><F33/><W90/><G122/><T48/><D48/><U57/><E8/><V41/><F132/><W24/><G119/><T54/><D54/><U120/><E120/><V50/><F18/><W45/><G129/><N who="0" m="49771" /><D72/><U133/><E2/><V75/><F75/><W126/><G90/><T118/><D118/><U61/><E61/><V88/><F64/><W93/><G93/><T29/><D19/><U23/><REACH who="1" step="1"/><E133/><REACH who="1" ten="198,240,250,302" step="2"/><V131/><F131/><W4/><G4/><T22/><D76/><U113/><E113/><V91/><F67/><W55/><G68/><N who="0" m="42055" /><D25/><U20/><E20/><V34/><F34/><W43/><G65/><T31/><D31/><U1/><E1/><AGARI ba="0,1" hai="1,6,9,22,27,29,84,86" m="42055,49771" machi="1" ten="30,1000,0" yaku="19,1" doraHai="117" who="0" fromWho="1" sc="198,20,240,-10,250,0,302,0" /><INIT seed="2,0,0,1,0,83" ten="218,230,250,302" oya="2" hai0="109,22,111,119,25,70,29,64,69,118,75,46,91" hai1="87,47,7,59,13,67,106,120,44,72,30,1,88" hai2="28,90,21,77,26,66,56,32,115,103,121,19,15" hai3="39,10,48,135,58,134,18,11,132,117,45,0,128"/><V38/><F115/><W37/><G117/><N who="0" m="44555" /><D75/><U43/><E72/><V35/><F121/><W129/><G58/><T23/><D46/><N who="1" m="17451" /><E1/><V76/><F38/><N who="3" m="14347" /><G18/><T86/><D22/><U62/><E106/><V53/><F66/><W27/><G27/><T97/><D97/><U125/><E125/><V89/><F103/><W50/><G50/><T73/><D73/><U20/><E120/><V99/><F32/><W55/><G0/><T6/><D6/><U74/><E74/><V60/><REACH who="2" step="1"/><F99/><REACH who="2" ten="218,230,240,302" step="2"/><W61/><G129/><T130/><D130/><U17/><E43/><V71/><F71/><N who="0" m="27146" /><D64/><U34/><E34/><V4/><F4/><W42/><G128/><T107/><D107/><U3/><E7/><V52/><F52/><W63/><G55/><T104/><D104/><U85/><E3/><V96/><F96/><W100/><G100/><T9/><D9/><AGARI ba="0,1" hai="9,10,11,42,45,48,61,63,132,134,135" m="14347" machi="9" ten="40,1300,0" yaku="20,1" doraHai="83" who="3" fromWho="0" sc="218,-13,230,0,240,0,302,23" /><INIT seed="3,0,0,4,3,78" ten="205,230,240,325" oya="3" hai0="114,25,46,11,28,87,8,52,106,74,131,54,119" hai1="125,76,17,37,58,67,70,24,103,91,96,50,129" hai2="64,132,33,117,72,2,121,47,104,113,98,55,1" hai3="107,65,31,14,10,133,122,77,81,75,63,73,126"/><W4/><G122/><T22/><D74/><U95/><E37/><V43/><F55/><N who="0" m="21034" /><D106/><U15/><E76/><V112/><F33/><W48/><G107/><T101/><D119/><U6/><E70/><V0/><F64/><W111/><G75/><T62/><D131/><U39/><E39/><N who="2" m="22015" /><F132/><W40/><G133/><T84/><D114/><N who="2" m="44138" /><F72/><W3/><G3/><T110/><D110/><U109/><E109/><V21/><F21/><W128/><G111/><T118/><D118/><U44/><E129/><V120/><F117/><W45/><G128/><T41/><D101/><AGARI ba="0,0" hai="0,1,2,98,101,104,120,121" m="44138,22015" machi="101" ten="40,1300,0" yaku="23,1" doraHai="78" who="2" fromWho="0" sc="205,-13,230,0,240,13,325,0" owari="192,-30.8,230,-17.0,253,5.3,325,42.5" /></mjloggm>