<mjloggm ver="2.3"><GO type="225" lobby="0"/><UN n0="%4C%4F%4C%49%54%41" n1="%6B%75%7A%75%6E" n2="%E3%81%8B%E3%82%8F%E3%81%A1%E3%82%83%E3%82%93%35%38" n3="%E3%82%B3%E3%83%90%E3%83%AC%E3%82%A4" dan="16,17,16,16" rate="2205.79,2148.64,2142.30,2175.40" sx="F,M,M,M"/><TAIKYOKU oya="0"/><INIT seed="0,0,0,2,2,96" ten="250,250,250,250" oya="0" hai0="55,57,68,115,113,99,125,23,22,2,92,14,17" hai1="46,78,123,119,50,109,132,53,117,81,77,88,18" hai2="60,1,33,93,7,72,15,74,86,63,26,40,27" hai3="5,51,20,124,104,8,91,101,59,79,128,11,61"/><T52/><D2/><U37/><E123/><V43/><F15/><W54/><G124/><T94/><D68/><U105/><E109/><V134/><F86/><W29/><G128/><T13/><D99/><U69/><E132/><V129/><F93/><W0/><G79/><T62/><D57/><U25/><E105/><V89/><F89/><W4/><G104/><T130/><D17/><U9/><E37/><V73/><F1/><W80/><G80/><T106/><D106/><U28/><E69/><V127/><F7/><W24/><G91/><T95/><D95/><U41/><E41/><V30/><F30/><W82/><G82/><T31/><D62/><U76/><E28/><V85/><F85/><W75/><G75/><T35/><D31/><U116/><E25/><V42/><F33/><W110/><G110/><T103/><D35/><U36/><E36/><V87/><F87/><W90/><G90/><T39/><D39/><U48/><E48/><V47/><F47/><W65/><G101/><T131/><D125/><U70/><E70/><V58/><F127/><W83/><G83/><T118/><D118/><U112/><E112/><V34/><F129/><W120/><G120/><T16/><D16/><U56/><E56/><V133/><F34/><W3/><G65/><T114/><D114/><U67/><E67/><N who="2" m="39319" /><F63/><AGARI ba="0,0" hai="0,3,4,5,8,11,20,24,29,51,54,59,61,63" machi="63" ten="40,1300,0" yaku="9,1" doraHai="96" who="3" fromWho="2" sc="250,0,250,0,250,-13,250,13" /><INIT seed="1,0,0,2,3,133" ten="250,250,237,263" oya="1" hai0="114,88,71,104,39,22,96,13,121,17,47,15,50" hai1="11,19,30,80,69,24,126,72,102,81,77,119,60" hai2="4,56,67,61,2,73,128,70,55,93,90,40,123" hai3="37,122,134,62,9,53,135,18,10,86,103,116,41"/><U125/><E119/><V110/><F123/><W117/><G103/><T83/><D114/><U35/><E80/><V132/><F73/><W54/><G86/><T89/><D71/><U76/><E76/><V25/><F132/><N who="3" m="50731" /><G18/><T108/><D39/><U65/><E19/><V106/><F106/><W1/><G1/><T3/><D3/><U91/><E91/><V111/><F128/><W8/><G62/><T74/><D108/><N who="2" m="41514" /><F2/><W46/><G122/><T28/><D28/><U68/><E68/><V7/><F25/><W105/><G105/><T31/><D31/><U78/><E78/><V87/><F40/><W98/><G98/><T127/><D121/><U94/><REACH who="1" step="1"/><E11/><REACH who="1" ten="250,240,237,263" step="2"/><V0/><F0/><W107/><G117/><T23/><D89/><U36/><E36/><V12/><F12/><W58/><G116/><T6/><D15/><U118/><E118/><V49/><AGARI ba="0,1" hai="4,7,49,55,56,61,67,70,87,90,93" m="41514" machi="49" ten="30,1100,0" yaku="14,1" doraHai="133" who="2" fromWho="2" sc="250,-3,240,-5,237,21,263,-3" /><INIT seed="2,0,0,3,3,78" ten="247,235,258,260" oya="2" hai0="135,109,130,50,82,133,64,52,86,14,65,120,67" hai1="83,32,9,58,90,60,49,39,81,116,61,66,55" hai2="3,92,74,124,45,2,10,25,46,24,23,88,129" hai3="134,28,122,11,106,76,31,26,123,54,6,113,91"/><V99/><F74/><W17/><G106/><T63/><D120/><U4/><E116/><V36/><F129/><W89/><G113/><T38/><D38/><U94/><E32/><V12/><F124/><W84/><G17/><T107/><D107/><U93/><E39/><V56/><F25/><W131/><G131/><T8/><D109/><U112/><E112/><V33/><F33/><W118/><G118/><T20/><D20/><U73/><E73/><V115/><F115/><W108/><G108/><T13/><D63/><U41/><E41/><V71/><F71/><W103/><G103/><T15/><D8/><U101/><E101/><V44/><F56/><W7/><G76/><T19/><D19/><U114/><E114/><V85/><F36/><W121/><G26/><T18/><D18/><U59/><E49/><V47/><N who="2" m="11264" /><DORA hai="16" /><V100/><F12/><W104/><G104/><T75/><D75/><U5/><E94/><V128/><F128/><W77/><G11/><T69/><D69/><U98/><REACH who="1" step="1"/><E5/><REACH who="1" ten="247,225,258,260" step="2"/><V22/><F100/><W35/><G35/><T119/><D119/><U97/><E97/><V80/><F99/><W105/><G105/><T68/><D130/><U70/><E70/><V111/><F92/><W72/><G72/><T48/><D68/><U125/><E125/><V0/><F111/><W40/><G122/><T87/><D50/><U110/><E110/><V51/><F51/><W126/><G126/><T37/><D37/><U21/><E21/><N who="2" m="7691" /><F10/><W102/><G123/><T53/><D48/><U29/><E29/><V96/><F96/><W43/><G121/><RYUUKYOKU ba="0,1" sc="247,-15,225,15,258,15,260,-15" hai1="4,9,55,58,59,60,61,66,81,83,90,93,98" hai2="0,2,3,24,80,85,88" /><INIT seed="2,1,1,1,3,9" ten="232,240,273,245" oya="2" hai0="34,107,112,1,3,39,104,125,79,92,53,101,29" hai1="47,65,68,58,36,57,41,86,77,80,119,100,117" hai2="97,35,131,123,13,67,32,27,105,25,28,84,98" hai3="87,106,44,63,6,95,109,113,121,17,38,48,118"/><V133/><F123/><W54/><G106/><T18/><D112/><U59/><REACH who="1" step="1"/><E100/><REACH who="1" ten="232,230,273,245" step="2"/><V61/><F131/><W74/><G121/><T94/><D101/><U49/><E49/><V124/><F124/><W37/><G113/><T111/><D125/><U83/><E83/><V23/><F133/><W56/><G37/><T88/><D39/><U75/><E75/><V90/><F105/><W4/><G74/><T89/><D107/><U22/><E22/><V99/><F27/><W24/><G38/><T69/><D104/><U2/><E2/><V7/><F7/><W0/><G0/><T85/><D1/><U16/><E16/><V120/><F120/><W115/><G115/><T5/><D18/><U116/><E116/><V45/><F13/><W130/><G118/><T31/><D5/><U72/><E72/><V26/><F26/><W76/><G130/><T134/><D134/><U19/><E19/><V50/><F35/><W110/><G17/><T91/><D34/><U8/><E8/><V132/><F32/><W10/><G24/><T129/><D3/><U81/><E81/><N who="2" m="49423" /><F132/><W14/><G6/><T51/><D129/><U128/><E128/><V15/><F15/><W42/><G95/><T108/><D92/><U135/><E135/><V126/><F126/><W21/><G21/><T66/><D94/><U62/><AGARI ba="1,2" hai="36,41,47,57,58,59,62,65,68,77,80,86,117,119" machi="62" ten="30,7900,0" yaku="21,2,0,1,53,1" doraHai="9" doraHaiUra="70" who="1" fromWho="1" sc="232,-21,230,102,273,-40,245,-21" /><INIT seed="3,0,0,1,4,131" ten="211,332,233,224" oya="3" hai0="41,48,70,13,62,38,22,74,101,30,28,116,130" hai1="26,45,29,19,120,7,33,111,69,25,100,14,0" hai2="32,110,72,42,60,21,97,27,122,59,81,115,56" hai3="102,77,43,117,53,3,52,87,108,82,123,46,78"/><W103/><G123/><T9/><D116/><U47/><E120/><V96/><F115/><W24/><G3/><T51/><D74/><U106/><E111/><V118/><F32/><W128/><G117/><T133/><D130/><U90/><E69/><V23/><F118/><W124/><G128/><T44/><D133/><U65/><E65/><V129/><F122/><W49/><G108/><T99/><D70/><U31/><E90/><V113/><F113/><W58/><G77/><T15/><D62/><U114/><E100/><V85/><F72/><W98/><G53/><T57/><D15/><U39/><E39/><V6/><F110/><W63/><G124/><T86/><D86/><U88/><E88/><V16/><F6/><W5/><G5/><T17/><D57/><N who="2" m="22090" /><F42/><W73/><G73/><T61/><D61/><U94/><E94/><V55/><F55/><W18/><G98/><T83/><D83/><U2/><E106/><V132/><F60/><W35/><G35/><T134/><D134/><U119/><E114/><V4/><F4/><W112/><G112/><T89/><D89/><U104/><E2/><V95/><F132/><W79/><G79/><T75/><D75/><U92/><E119/><V84/><F129/><W91/><G78/><T12/><D38/><U11/><E0/><V107/><F107/><W68/><G68/><T8/><D48/><U36/><E104/><V67/><F97/><W1/><G1/><T34/><D34/><U10/><E36/><V135/><F135/><W125/><G125/><T20/><D20/><AGARI ba="0,0" hai="18,20,24,43,46,49,52,58,63,82,87,91,102,103" machi="20" ten="40,3900,0" yaku="8,1,54,1" doraHai="131" who="3" fromWho="0" sc="211,-39,332,0,233,0,224,39" /><INIT seed="3,1,0,2,5,94" ten="172,332,233,263" oya="3" hai0="105,112,99,108,124,117,38,70,24,73,122,48,66" hai1="12,18,21,33,119,85,115,98,37,126,22,29,131" hai2="68,84,125,16,86,118,54,96,36,44,82,81,35" hai3="51,63,65,14,6,64,60,129,127,116,78,107,39"/><W135/><G39/><T42/><RYUUKYOKU type="yao9" ba="1,0" sc="172,0,332,0,233,0,263,0" hai0="24,38,42,48,66,70,73,99,105,108,112,117,122,124" /><INIT seed="3,2,0,5,0,129" ten="172,332,233,263" oya="3" hai0="84,34,94,85,90,92,72,8,78,93,0,41,87" hai1="86,27,52,44,130,135,60,26,23,73,66,20,43" hai2="67,115,3,133,82,46,128,70,35,53,106,21,103" hai3="124,81,9,126,61,11,32,111,29,45,69,6,63"/><W119/><G119/><T117/><D34/><U22/><E135/><V19/><F115/><W39/><G32/><T25/><D117/><U99/><E73/><V114/><F114/><W71/><G29/><T109/><D41/><U10/><E130/><V37/><F35/><W48/><G39/><T54/><D54/><U4/><E99/><V68/><F128/><W110/><G81/><N who="0" m="45255" /><D25/><N who="1" m="9227" /><E86/><N who="0" m="33385" /><D8/><U13/><E66/><V112/><F3/><W40/><G6/><T57/><D57/><N who="1" m="34855" /><E43/><V108/><F53/><W77/><G77/><T91/><D109/><N who="3" m="41481" /><G9/><T120/><D120/><U113/><E113/><V28/><F19/><W101/><G11/><T55/><D55/><U1/><E1/><V12/><F21/><W97/><G69/><T132/><D0/><U42/><E42/><V100/><F28/><W102/><G71/><T107/><D132/><U16/><E44/><V18/><F133/><W38/><G38/><T7/><D7/><U75/><E75/><V64/><F108/><W98/><G63/><T65/><D65/><N who="2" m="25162" /><F112/><W118/><G61/><T88/><D107/><U62/><E62/><V15/><F70/><W74/><G74/><T89/><AGARI ba="2,0" hai="87,88,89,90,91,92,93,94" m="33385,45255" machi="89" ten="30,12000,2" yaku="35,5,54,1" doraHai="129" who="0" fromWho="0" sc="172,126,332,-32,233,-32,263,-62" owari="298,9.8,300,40.0,201,-19.9,201,-29.9" /></mjloggm>