<mjloggm ver="2.3"><GO type="225" lobby="0"/><UN n0="%E3%83%A9%E3%82%B9%E7%8E%87%EF%BC%93%E5%89%B2" n1="%E6%A1%9C%E8%8A%B1%E9%96%83%E3%80%85" n2="%E5%B0%8F%E9%B3%A5%E9%81%8A%E7%B7%B4%E7%84%A1%32%31%E6%AD%B3" n3="%EF%BC%AE%EF%BC%A1%EF%BC%AF%33%33%39" dan="17,16,17,16" rate="2186.92,2195.94,2196.57,2170.69" sx="F,M,F,M"/><TAIKYOKU oya="0"/><INIT seed="0,0,0,4,5,126" ten="250,250,250,250" oya="0" hai0="80,110,125,55,52,65,2,26,42,40,64,19,54" hai1="3,25,23,96,47,18,79,131,28,15,108,22,62" hai2="46,43,69,123,32,89,70,93,111,68,114,4,75" hai3="94,21,57,77,134,98,61,39,109,60,38,49,34"/><T106/><D2/><U103/><E108/><V30/><F114/><W82/><G34/><T71/><D106/><U33/><E3/><V87/><F123/><W119/><G119/><T51/><D125/><U76/><E131/><V10/><F75/><W16/><G49/><T45/><D110/><U122/><E122/><V5/><F111/><W104/><G104/><T67/><D80/><U31/><E47/><V133/><F133/><W78/><G109/><T127/><D127/><U112/><E112/><V41/><F41/><N who="0" m="15978" /><D19/><U44/><E44/><V8/><F30/><W13/><G134/><T84/><D84/><U50/><E50/><V128/><F32/><W95/><G95/><T92/><D92/><U11/><E62/><V124/><F128/><W99/><G61/><N who="0" m="40335" /><D26/><N who="1" m="16479" /><E33/><V85/><F124/><W83/><G83/><T88/><D88/><U48/><E48/><V101/><F85/><W90/><G98/><T107/><D107/><U113/><E113/><V72/><F72/><W135/><G135/><T36/><D36/><U97/><E103/><V6/><REACH who="2" step="1"/><F101/><REACH who="2" ten="250,250,240,250" step="2"/><W102/><G102/><T20/><D20/><U130/><E130/><V91/><F91/><W81/><G78/><AGARI ba="0,1" hai="11,15,18,22,25,31,76,78,79,96,97" m="16479" machi="78" ten="30,1000,0" yaku="8,1" doraHai="126" who="1" fromWho="3" sc="250,0,250,20,240,0,250,-10" /><INIT seed="1,0,0,0,0,87" ten="250,270,240,240" oya="1" hai0="36,116,11,50,5,102,58,99,39,77,70,130,72" hai1="44,128,1,83,4,125,76,122,6,27,135,101,129" hai2="53,112,51,79,95,84,133,69,82,48,86,124,85" hai3="61,7,56,71,121,29,3,109,37,127,126,81,108"/><U62/><E122/><V47/><F112/><W93/><G121/><T94/><D70/><U67/><E125/><N who="3" m="47626" /><G37/><T24/><D116/><U110/><E135/><V42/><F124/><W23/><G71/><T25/><D130/><N who="1" m="50283" /><E110/><N who="3" m="42602" /><G81/><T8/><D39/><U65/><E101/><V12/><F69/><W92/><G7/><N who="1" m="2602" /><E1/><V15/><F133/><W26/><G3/><T91/><D36/><U30/><E44/><N who="2" m="27783" /><F85/><W33/><G33/><T2/><D2/><U106/><E106/><V40/><F40/><W17/><G29/><T96/><D5/><U10/><E10/><V115/><F115/><W113/><G113/><T20/><D11/><U32/><E62/><V117/><F117/><W119/><G119/><T35/><D8/><U103/><E103/><V60/><F60/><W31/><G31/><T46/><D102/><U90/><E90/><AGARI ba="0,0" hai="12,15,42,47,51,79,82,84,86,90,95" m="27783" machi="90" ten="30,2000,0" yaku="8,1,52,1" doraHai="87" who="2" fromWho="1" sc="250,0,270,-20,240,20,240,0" /><INIT seed="2,0,0,1,2,67" ten="250,250,260,240" oya="2" hai0="75,134,4,35,19,29,65,102,42,13,112,41,97" hai1="77,12,44,82,87,31,28,57,127,68,89,105,104" hai2="118,16,106,18,133,15,7,99,51,2,122,93,59" hai3="10,74,50,95,56,98,36,46,40,39,5,119,132"/><V83/><F118/><W14/><G74/><T58/><D112/><U108/><E108/><V73/><F106/><W23/><G119/><T126/><D75/><U116/><E116/><V11/><F133/><W33/><G33/><T124/><D134/><U6/><E68/><V130/><F130/><W117/><G132/><T52/><D65/><U45/><E127/><V20/><F18/><W17/><G56/><T76/><D76/><U55/><E89/><V54/><F122/><W86/><G86/><T62/><D4/><U109/><E105/><V94/><REACH who="2" step="1"/><F99/><REACH who="2" ten="250,250,250,240" step="2"/><W30/><G117/><T72/><D126/><U0/><E104/><V47/><F47/><W125/><G125/><T43/><D124/><U101/><E45/><V92/><F92/><W53/><G30/><T128/><D128/><U8/><E44/><V70/><F70/><W90/><REACH who="3" step="1"/><G40/><REACH who="3" ten="250,250,250,230" step="2"/><T113/><D29/><U129/><E31/><V3/><F3/><AGARI ba="0,2" hai="3,5,10,14,17,23,36,39,46,50,53,90,95,98" machi="3" ten="30,3900,0" yaku="1,1,2,1,7,1,53,0" doraHai="67" doraHaiUra="81" who="3" fromWho="2" sc="250,0,250,0,250,-39,230,59" /><INIT seed="3,0,0,3,1,101" ten="250,250,211,289" oya="3" hai0="135,85,80,22,67,88,104,62,89,114,129,26,98" hai1="30,23,18,27,13,28,117,7,58,115,118,109,116" hai2="71,94,97,86,15,61,34,131,10,31,21,90,87" hai3="50,59,1,53,8,17,51,121,111,41,74,37,132"/><W47/><G121/><T128/><D135/><U120/><E58/><V73/><F73/><W65/><G132/><T122/><D122/><U133/><E120/><V25/><F131/><N who="0" m="50250" /><D114/><U9/><E133/><V20/><F86/><W60/><G74/><T110/><D110/><U19/><E115/><V103/><F71/><W79/><G79/><T93/><D104/><U3/><E109/><V48/><F48/><W95/><G111/><T38/><D38/><U119/><E119/><V42/><F61/><W102/><G1/><T14/><D14/><U84/><E84/><V45/><F45/><W16/><G8/><AGARI ba="0,0" hai="3,7,8,9,13,18,19,23,27,28,30,116,117,118" machi="8" ten="40,8000,1" yaku="12,1,34,3" doraHai="101" who="1" fromWho="3" sc="250,0,250,80,211,0,289,-80" owari="250,5.0,330,43.0,211,-18.9,209,-29.1" /></mjloggm>