<mjloggm ver="2.3"><GO type="225" lobby="0"/><UN n0="%E3%81%BF%E3%81%BF%E3%81%9A" n1="%E7%99%BD%E5%80%89%E5%AF%9B%E4%B9%8B" n2="%E5%82%8D%E8%8B%A5%E7%84%A1%E4%BA%BA%35%31" n3="%E3%83%96%E3%83%83%E3%83%91%E3%82%AA%E3%83%96%E3%83%81%E3%82%AD%E3%83%B3" dan="18,16,16,16" rate="2250.77,2118.60,2185.82,2215.34" sx="M,M,M,M"/><TAIKYOKU oya="0"/><INIT seed="0,0,0,4,0,24" ten="250,250,250,250" oya="0" hai0="91,16,84,113,47,94,114,88,97,80,12,131,59" hai1="101,7,57,110,93,10,60,68,83,36,104,79,81" hai2="130,71,4,102,46,66,6,72,33,0,19,31,132" hai3="116,30,44,2,45,112,107,35,69,9,118,86,3"/><T106/><D131/><U32/><E110/><V13/><F72/><W108/><G69/><T109/><D109/><U111/><E111/><V75/><F75/><W64/><G108/><T65/><D106/><U43/><E32/><V92/><F46/><W23/><G64/><T67/><D47/><U87/><E68/><V95/><F132/><W14/><G86/><T90/><D90/><U51/><E104/><V105/><F130/><W127/><G107/><T70/><D70/><U1/><E81/><V50/><F50/><W117/><G112/><T27/><D27/><U78/><E36/><V133/><F133/><W53/><G127/><T20/><REACH who="0" step="1"/><D65/><REACH who="0" ten="240,250,250,250" step="2"/><N who="1" m="39055" /><E101/><V82/><F66/><W17/><G45/><T21/><D21/><U41/><E79/><V55/><F71/><W128/><G128/><T49/><D49/><U115/><E51/><V124/><F105/><W5/><G44/><T119/><D119/><U52/><E78/><V134/><F134/><W100/><G100/><T73/><D73/><U129/><E129/><V62/><F102/><W85/><G117/><T42/><D42/><U40/><E43/><V99/><F124/><W89/><G118/><T123/><D123/><U77/><E41/><V29/><F55/><W11/><G116/><T74/><D74/><U37/><E40/><V39/><F39/><W126/><G53/><T22/><D22/><U76/><E37/><V63/><F63/><AGARI ba="0,1" hai="12,16,20,59,63,67,80,84,88,91,94,97,113,114" machi="63" ten="40,7700,0" yaku="1,1,54,2,53,0" doraHai="24" doraHaiUra="125" who="0" fromWho="2" sc="240,87,250,0,250,-77,250,0" /><INIT seed="0,1,0,4,5,113" ten="327,250,173,250" oya="0" hai0="114,110,56,64,27,16,33,92,18,32,24,128,90" hai1="51,135,19,73,71,106,50,99,132,61,63,100,13" hai2="88,20,8,89,79,78,74,82,126,95,87,94,2" hai3="70,60,119,29,120,111,65,104,6,103,66,107,134"/><T5/><D114/><U1/><E1/><V53/><F126/><W85/><G111/><T67/><D110/><U21/><E73/><V38/><F38/><W0/><G134/><N who="1" m="51242" /><E71/><V77/><F20/><W129/><G129/><T86/><D128/><U9/><E51/><V43/><F43/><W36/><G120/><T3/><D3/><U62/><E50/><V125/><F125/><W91/><G66/><N who="0" m="25131" /><D32/><U10/><AGARI ba="1,0" hai="9,10,13,19,21,61,62,63,99,100,106" m="51242" machi="10" ten="40,1500,0" yaku="20,1" doraHai="113" who="1" fromWho="1" sc="327,-8,250,18,173,-5,250,-5" /><INIT seed="1,0,0,4,4,100" ten="319,268,168,245" oya="1" hai0="16,19,114,128,73,83,135,34,4,17,27,68,126" hai1="26,67,7,38,97,43,111,130,51,117,14,107,127" hai2="52,12,108,42,110,3,33,109,71,120,56,82,88" hai3="102,46,129,47,90,2,64,132,122,101,119,79,30"/><U21/><E117/><V112/><F3/><W20/><G122/><T70/><D114/><U80/><E127/><V0/><F0/><W50/><G2/><T39/><D126/><U32/><E32/><V72/><F33/><W81/><G129/><T9/><D39/><U23/><E130/><V59/><F71/><W104/><G132/><T29/><D135/><U94/><E38/><V105/><F105/><W95/><G119/><T41/><D41/><U58/><E107/><V45/><F120/><W37/><G64/><T86/><D73/><U28/><E111/><V131/><F131/><W13/><G37/><T49/><D49/><U116/><E116/><V124/><F124/><W31/><G104/><T93/><D93/><U85/><E67/><V8/><F42/><N who="3" m="24919" /><G47/><T98/><D98/><U99/><E94/><V55/><F112/><W113/><G113/><T18/><N who="0" m="4096" /><DORA hai="103" /><T92/><D92/><U75/><E23/><V11/><F72/><W63/><G63/><T57/><D57/><N who="2" m="22090" /><F45/><W84/><G13/><T125/><D128/><U15/><E75/><V53/><F12/><N who="1" m="4649" /><E7/><V78/><F78/><W123/><G123/><T25/><D125/><U36/><E36/><V61/><F61/><W115/><G115/><T106/><D106/><U22/><E22/><V1/><F1/><W87/><G20/><N who="0" m="15527" /><D4/><U74/><E74/><V91/><F82/><W134/><G134/><T60/><D60/><U121/><E43/><V133/><F133/><W48/><G48/><T62/><D62/><U35/><E121/><V65/><F65/><W44/><G44/><T77/><D9/><AGARI ba="0,0" hai="8,9,11,52,53,55,88,91,108,109,110" m="22090" machi="9" ten="40,12000,2" yaku="6,1,28,2,14,1,54,2" doraHai="100,103" who="2" fromWho="0" sc="319,-120,268,0,168,120,245,0" /><INIT seed="2,0,0,4,1,41" ten="199,268,288,245" oya="2" hai0="66,39,56,14,94,3,54,58,44,57,32,88,69" hai1="63,52,93,70,64,79,132,87,100,19,135,71,113" hai2="26,112,85,17,12,10,124,108,4,16,22,5,131" hai3="114,15,128,78,62,80,75,96,89,73,61,105,107"/><V51/><F112/><W23/><G114/><T68/><D3/><U97/><E113/><V72/><F72/><N who="3" m="43079" /><G15/><T37/><D32/><U101/><E71/><V27/><F131/><W45/><G23/><T48/><D14/><U129/><E129/><V67/><F124/><W123/><G45/><T121/><D121/><U40/><E40/><V130/><F130/><W13/><G13/><T31/><D31/><U46/><E19/><V60/><F108/><W119/><G61/><T65/><D88/><N who="1" m="55463" /><E87/><V24/><F85/><W125/><G62/><T20/><D20/><U127/><E79/><V35/><F51/><W42/><G42/><T6/><D94/><U7/><E7/><N who="2" m="2635" /><F60/><W2/><G2/><T83/><D83/><U82/><E82/><V134/><F67/><N who="0" m="25610" /><D6/><U84/><E84/><V81/><F81/><W21/><G128/><T133/><D133/><N who="1" m="51275" /><E127/><V92/><F92/><N who="3" m="56335" /><G125/><T91/><D91/><U59/><E46/><V29/><F134/><W11/><G105/><T120/><D120/><U103/><E70/><AGARI ba="0,0" hai="37,39,44,48,54,56,57,58,68,69,70" m="25610" machi="70" ten="30,12000,2" yaku="35,5,52,1" doraHai="41" who="0" fromWho="1" sc="199,120,268,-120,288,0,245,0" /><INIT seed="3,0,0,3,4,111" ten="319,148,288,245" oya="3" hai0="10,63,104,17,71,98,133,119,101,130,86,88,75" hai1="112,54,13,76,83,110,0,116,4,84,32,22,11" hai2="134,81,124,92,108,99,9,46,2,66,65,27,38" hai3="44,113,132,129,23,131,3,74,53,128,72,12,93"/><W25/><G3/><T103/><D119/><U127/><E116/><V18/><F108/><W21/><G132/><T64/><D130/><U82/><E110/><V39/><F124/><W16/><G113/><T73/><D133/><U121/><E121/><V105/><F134/><W56/><G44/><T94/><D103/><U58/><E32/><V67/><F105/><W62/><REACH who="3" step="1"/><G93/><REACH who="3" ten="319,148,288,235" step="2"/><T48/><D48/><U43/><E127/><V90/><F46/><W37/><G37/><T125/><D125/><U6/><E112/><V85/><F2/><W33/><G33/><T117/><D117/><U118/><E118/><V78/><F39/><W87/><G87/><T5/><D17/><AGARI ba="0,1" hai="12,16,17,21,23,25,53,56,62,72,74,128,129,131" machi="17" ten="40,7700,0" yaku="1,1,19,1,54,1,53,0" doraHai="111" doraHaiUra="102" who="3" fromWho="0" sc="319,-77,148,0,288,0,235,87" owari="242,-15.8,148,-35.2,288,8.8,322,42.2" /></mjloggm>