<mjloggm ver="2.3"><GO type="225" lobby="0"/><UN n0="%E3%83%96%E3%83%83%E3%83%91%E3%82%AA%E3%83%96%E3%83%81%E3%82%AD%E3%83%B3" n1="%E9%A6%AC%E5%BC%95%E7%81%AB%33" n2="%E3%83%B4%E3%82%A3%E3%83%AF%E3%82%B3%E3%82%B0%E3%83%8B" n3="%E3%81%8B%E3%82%8F%E3%81%A1%E3%82%83%E3%82%93%35%38" dan="16,16,17,16" rate="2127.37,2093.28,2202.83,2131.15" sx="M,M,M,M"/><TAIKYOKU oya="0"/><INIT seed="0,0,0,0,3,105" ten="250,250,250,250" oya="0" hai0="83,3,15,58,29,17,19,85,12,66,106,76,26" hai1="7,116,95,0,135,86,1,6,78,18,121,56,53" hai2="131,43,74,122,102,60,124,113,59,16,69,129,70" hai3="114,40,104,100,23,11,52,55,71,119,27,24,48"/><T68/><D106/><U42/><E116/><V2/><F122/><W9/><G114/><T81/><D3/><U63/><E121/><V103/><F113/><W35/><G119/><T125/><D68/><U38/><E135/><V32/><F32/><W120/><G71/><T62/><D125/><U13/><E38/><V127/><F2/><W109/><G120/><T118/><D118/><U134/><E134/><V94/><F74/><W37/><G37/><T92/><D92/><U91/><E42/><V101/><F94/><W112/><G112/><T79/><D12/><U14/><E6/><V98/><F98/><W39/><G39/><T57/><D57/><U96/><E78/><V49/><F69/><W75/><G75/><T97/><D15/><U132/><E132/><V47/><F16/><N who="3" m="12391" /><G109/><T133/><D97/><U46/><E46/><V77/><F77/><W90/><G40/><T110/><D110/><U107/><E13/><V72/><F72/><W82/><G100/><T73/><REACH who="0" step="1"/><D133/><REACH who="0" ten="240,250,250,250" step="2"/><U99/><E99/><V45/><F70/><W34/><G104/><T128/><D128/><N who="2" m="49226" /><F45/><N who="3" m="27663" /><G9/><T20/><AGARI ba="0,1" hai="17,19,20,26,29,58,62,66,73,76,79,81,83,85" machi="20" ten="20,7800,0" yaku="1,1,0,1,7,1,52,1,53,0" doraHai="105" doraHaiUra="87" who="0" fromWho="0" sc="240,88,250,-26,250,-26,250,-26" /><INIT seed="0,1,0,5,1,105" ten="328,224,224,224" oya="0" hai0="67,3,59,107,103,123,9,126,106,52,21,42,1" hai1="37,122,88,26,12,7,98,38,97,56,14,29,43" hai2="91,31,24,134,87,131,68,41,34,55,76,79,22" hai3="64,119,15,90,82,75,62,19,25,129,63,94,11"/><T101/><D123/><U35/><E122/><V110/><F110/><W135/><G119/><T4/><D42/><U117/><E117/><V93/><F134/><W27/><G135/><T102/><D126/><U50/><E98/><V51/><F131/><W133/><G133/><T70/><D3/><U80/><E56/><V45/><F68/><W10/><G129/><T5/><D5/><U39/><E7/><V121/><F121/><W124/><G124/><T116/><D116/><U74/><E74/><V66/><F66/><W84/><G10/><T28/><D67/><U2/><E2/><V13/><F34/><W60/><REACH who="3" step="1"/><G64/><REACH who="3" ten="328,224,224,214" step="2"/><T18/><D70/><U89/><E97/><V65/><F65/><W6/><G6/><T109/><D109/><U132/><E132/><V86/><F86/><W128/><G128/><T61/><REACH who="0" step="1"/><D28/><REACH who="0" ten="318,224,224,214" step="2"/><U73/><E29/><V113/><F31/><W30/><G30/><T127/><D127/><U85/><E35/><V112/><F112/><W8/><G8/><T17/><D17/><U81/><E43/><V120/><F113/><W108/><G108/><T114/><D114/><U92/><E39/><V32/><F120/><W47/><G47/><T104/><D104/><U95/><E37/><V16/><F41/><W77/><AGARI ba="1,2" hai="11,15,19,25,27,60,62,63,75,77,82,84,90,94" machi="77" ten="30,4000,0" yaku="1,1,0,1,52,1,53,0" doraHai="105" doraHaiUra="44" who="3" fromWho="3" sc="318,-21,224,-11,224,-11,214,63" /><INIT seed="1,0,0,3,3,69" ten="297,213,213,277" oya="1" hai0="40,134,98,9,128,105,73,41,45,123,76,19,43" hai1="135,125,115,94,96,47,120,100,0,87,121,118,46" hai2="122,64,28,106,59,55,97,83,52,11,131,32,103" hai3="74,23,104,112,93,31,75,58,116,77,119,34,1"/><U90/><E115/><V12/><F131/><W3/><G104/><T79/><D128/><U18/><E118/><N who="3" m="45098" /><G34/><T85/><D134/><U117/><E117/><V129/><F129/><W49/><G112/><T66/><D73/><N who="3" m="27657" /><G77/><N who="0" m="29771" /><D105/><U6/><E135/><V132/><F132/><W102/><G102/><T111/><D111/><U2/><E18/><V126/><F83/><W14/><G93/><T17/><D98/><U91/><E125/><V44/><F126/><W51/><G14/><N who="0" m="7375" /><D123/><U25/><E25/><V56/><F122/><W35/><G35/><T48/><D66/><U86/><E6/><V62/><F28/><W26/><G58/><T38/><D38/><U95/><REACH who="1" step="1"/><E96/><REACH who="1" ten="297,203,213,277" step="2"/><V130/><F130/><W30/><G30/><T13/><D85/><U89/><E89/><V80/><F97/><W33/><G33/><T127/><D127/><U4/><E4/><V108/><F32/><W107/><G31/><T5/><D5/><U101/><AGARI ba="0,1" hai="0,2,46,47,86,87,90,91,94,95,100,101,120,121" machi="101" ten="25,9600,0" yaku="1,1,0,1,22,2,53,0" doraHai="69" doraHaiUra="65" who="1" fromWho="1" sc="297,-32,203,106,213,-32,277,-32" /><INIT seed="1,1,0,1,2,96" ten="265,309,181,245" oya="1" hai0="22,15,76,135,62,115,25,83,17,20,32,41,21" hai1="18,38,118,6,114,85,124,7,108,68,102,122,4" hai2="55,87,45,110,50,74,40,61,128,47,64,91,99" hai3="28,71,129,33,73,100,84,113,78,82,53,5,116"/><U31/><E114/><V13/><F110/><W67/><G5/><T132/><D115/><U43/><E118/><V10/><F128/><W86/><G53/><T109/><D41/><U35/><E122/><V105/><F74/><W54/><G54/><T27/><D62/><U111/><E68/><V88/><F87/><N who="3" m="33323" /><G28/><N who="0" m="19487" /><D83/><U56/><E124/><V125/><F125/><W2/><G2/><T24/><D76/><U16/><E102/><V80/><F80/><W63/><G63/><T52/><D52/><U29/><E85/><V79/><F79/><W95/><G33/><T130/><D130/><U94/><E94/><V11/><F11/><W70/><G67/><T119/><D119/><U36/><E56/><V59/><F99/><N who="3" m="59519" /><G116/><T19/><D109/><N who="1" m="42059" /><E35/><V75/><F75/><W131/><G113/><T58/><D58/><U107/><E107/><V117/><F105/><W97/><G70/><T120/><D120/><U1/><E1/><V89/><F117/><W34/><G34/><T9/><D135/><U42/><E42/><V72/><F72/><W44/><G71/><T49/><D132/><U134/><E134/><V81/><F81/><W66/><G44/><T14/><D49/><U37/><E43/><V90/><N who="2" m="22528" /><DORA hai="112" /><V77/><F77/><W65/><G97/><T30/><D30/><AGARI ba="1,0" hai="4,6,7,16,18,29,30,31,36,37,38" m="42059" machi="30" ten="40,12000,1" yaku="28,2,14,1,10,1,54,1" doraHai="96,112" who="1" fromWho="0" sc="265,-123,309,123,181,0,245,0" /><INIT seed="1,2,0,5,2,46" ten="142,432,181,245" oya="1" hai0="48,134,5,130,14,16,98,6,34,113,114,28,23" hai1="4,119,104,66,68,65,41,93,118,56,61,31,94" hai2="89,32,112,17,12,116,69,109,128,125,21,102,52" hai3="11,8,135,83,92,3,76,58,9,100,1,50,18"/><U26/><E104/><V42/><F116/><W36/><G36/><T105/><D105/><U121/><E121/><V97/><F109/><W131/><G131/><T51/><D98/><U27/><E41/><V47/><F128/><W90/><G100/><T30/><D130/><U101/><E4/><N who="0" m="1641" /><D34/><U15/><E15/><V72/><F125/><W108/><G108/><T110/><D110/><U81/><E81/><V122/><F122/><W13/><G135/><T132/><D114/><U40/><E40/><V64/><F112/><W95/><G1/><T35/><D113/><U0/><E0/><V54/><F32/><W53/><G3/><T87/><D35/><U123/><E123/><V25/><F72/><W22/><REACH who="3" step="1"/><G90/><REACH who="3" ten="142,432,181,235" step="2"/><T120/><D120/><U111/><E101/><V117/><F89/><W126/><G126/><T124/><D124/><U107/><E111/><V88/><F88/><W129/><G129/><T127/><D127/><U24/><E119/><V106/><F117/><W37/><G37/><T62/><D134/><U49/><E118/><V59/><F102/><W2/><G2/><T82/><D132/><U19/><E107/><V70/><F106/><W79/><G79/><N who="0" m="46559" /><D62/><U10/><E61/><V63/><F97/><W45/><G45/><T67/><D67/><U84/><E66/><V71/><REACH who="2" step="1"/><F12/><REACH who="2" ten="142,432,171,235" step="2"/><W20/><G20/><T78/><D78/><U96/><E96/><V73/><F73/><AGARI ba="2,2" hai="8,9,11,13,18,22,50,53,58,73,76,83,92,95" machi="73" ten="40,2600,0" yaku="1,1,52,1,53,0" doraHai="46" doraHaiUra="133" who="3" fromWho="2" sc="142,0,432,0,171,-32,235,52" /><INIT seed="2,0,0,0,1,32" ten="142,432,139,287" oya="2" hai0="89,99,67,13,115,57,52,0,69,85,17,114,3" hai1="73,28,97,126,96,45,22,131,117,87,51,64,120" hai2="24,110,102,63,29,123,26,95,16,7,18,55,59" hai3="49,15,90,107,77,105,30,44,118,82,27,109,8"/><V2/><F123/><W38/><G109/><T91/><D114/><U56/><E73/><V6/><F110/><W40/><G118/><T37/><D115/><U112/><E112/><V39/><F39/><W46/><G90/><T130/><D37/><U9/><E117/><V78/><F78/><W116/><G116/><T25/><D130/><U101/><E126/><V19/><F2/><W58/><G58/><T34/><D99/><U103/><E131/><V11/><F29/><W66/><G66/><T104/><D91/><U53/><E9/><V92/><F6/><W43/><G27/><T111/><D104/><U20/><E87/><V31/><F102/><W54/><G54/><T71/><D25/><N who="1" m="16423" /><E22/><V127/><F127/><W106/><G30/><T81/><D34/><U100/><E120/><V21/><REACH who="2" step="1"/><F26/><REACH who="2" ten="142,432,129,287" step="2"/><W129/><G129/><T35/><D111/><U72/><E72/><V23/><F23/><W132/><G38/><T75/><D75/><U93/><E103/><V125/><F125/><W113/><G113/><T135/><D35/><U108/><E108/><V14/><AGARI ba="0,1" hai="7,11,14,16,18,19,21,24,31,55,59,63,92,95" machi="14" ten="30,11700,0" yaku="1,1,0,1,8,1,54,1,53,0" doraHai="32" doraHaiUra="80" who="2" fromWho="2" sc="142,-39,432,-39,129,127,287,-39" /><INIT seed="2,1,0,1,2,127" ten="103,393,256,248" oya="2" hai0="46,108,51,116,107,77,32,26,100,61,30,99,70" hai1="125,87,13,110,10,58,38,56,132,57,22,63,67" hai2="90,27,81,118,102,4,41,92,122,65,18,97,123" hai3="131,14,19,0,40,80,135,84,91,103,59,95,17"/><V114/><F114/><W34/><G0/><T101/><D108/><U74/><E110/><V72/><F118/><W20/><G34/><T89/><D116/><U133/><E74/><V126/><F126/><W124/><G124/><T79/><D89/><U82/><E22/><V36/><F4/><W94/><G135/><N who="1" m="51786" /><E38/><V62/><F41/><W120/><G120/><T8/><D101/><U54/><E54/><V93/><F36/><W105/><G105/><T104/><D8/><U69/><E125/><V53/><F53/><W106/><G106/><T111/><D107/><U66/><E66/><V96/><F18/><W117/><G40/><T42/><REACH who="0" step="1"/><D111/><REACH who="0" ten="93,393,256,248" step="2"/><U71/><E10/><V5/><F123/><W55/><G103/><T3/><D3/><U7/><E7/><V21/><F122/><W16/><G117/><T64/><AGARI ba="1,1" hai="26,30,32,42,46,51,61,64,70,77,79,99,100,104" machi="64" ten="30,7900,0" yaku="1,1,0,1,25,2,53,0" doraHai="127" doraHaiUra="113" who="0" fromWho="0" sc="93,92,393,-21,256,-40,248,-21" /><INIT seed="3,0,0,5,1,65" ten="185,372,216,227" oya="3" hai0="41,56,128,39,26,74,104,100,115,59,13,114,91" hai1="130,51,109,68,50,18,83,82,78,58,27,77,85" hai2="118,35,75,107,135,62,84,97,123,52,113,76,16" hai3="120,90,29,121,105,14,99,22,89,119,33,46,69"/><W129/><G119/><T94/><D74/><U80/><E68/><V53/><F113/><N who="0" m="43018" /><D13/><U40/><E109/><V42/><F118/><W9/><G14/><T61/><D26/><U63/><E130/><V38/><F35/><W12/><G129/><T54/><D104/><U112/><E112/><V10/><F135/><W60/><G12/><T124/><D100/><U15/><E40/><V28/><F28/><W30/><G105/><T122/><D91/><U108/><E108/><V66/><F123/><W0/><G90/><T36/><D94/><U88/><E27/><V101/><F10/><W127/><G89/><T92/><D92/><N who="1" m="54287" /><E63/><V48/><F16/><W106/><G106/><T8/><D8/><N who="1" m="6503" /><E58/><N who="2" m="37207" /><F75/><W64/><G121/><T32/><D32/><U96/><E96/><V2/><F2/><W3/><G33/><T79/><D128/><U71/><E71/><V7/><F7/><W57/><G120/><T126/><D122/><U102/><E102/><V5/><F5/><W1/><G0/><T95/><D95/><U125/><E125/><N who="0" m="48233" /><D79/><AGARI ba="0,0" hai="50,51,77,78,79,80,82,83" m="6503,54287" machi="79" ten="30,2000,0" yaku="8,1,54,1" doraHai="65" who="1" fromWho="0" sc="185,-20,372,20,216,0,227,0" owari="165,-33.5,392,49.2,216,-18.4,227,2.7" /></mjloggm>