<mjloggm ver="2.3"><GO type="225" lobby="0"/><UN n0="%E7%B4%94%E6%BD%94%E3%83%94%E3%83%A9%E3%83%8B%E3%82%A2" n1="%E6%98%93%E5%88%A9%E8%96%A9%E4%BC%AF" n2="%30%2E%31%32%30" n3="%E9%B3%B3%E6%9D%B1%E3%81%AE%E3%81%BF%E3%81%91%E3%81%AB%E3%82%83%E3%82%93" dan="17,16,16,17" rate="2209.84,2151.73,2127.75,2201.04" sx="M,F,M,F"/><TAIKYOKU oya="0"/><INIT seed="0,0,0,0,0,8" ten="250,250,250,250" oya="0" hai0="89,19,31,2,131,64,13,6,104,129,36,108,45" hai1="22,32,111,115,102,123,59,9,30,90,83,39,75" hai2="91,122,106,4,17,128,60,62,48,126,38,52,24" hai3="119,37,46,134,93,124,23,25,58,105,53,27,44"/><T96/><D64/><U98/><E111/><V77/><F38/><W12/><G105/><T101/><D31/><U28/><E39/><V0/><F122/><W110/><G119/><T92/><D108/><U20/><E123/><V74/><F106/><W34/><G110/><T73/><D73/><U11/><E32/><V130/><F126/><W81/><G37/><T3/><D45/><U26/><E115/><V65/><F91/><W88/><G34/><T87/><D6/><U70/><E70/><V56/><F4/><W69/><G69/><T29/><D29/><U107/><E59/><V113/><F0/><W71/><G71/><T117/><D117/><U68/><E68/><V86/><F74/><W67/><G81/><T72/><D72/><U41/><E41/><V103/><F103/><W121/><G121/><T49/><D49/><U79/><REACH who="1" step="1"/><E90/><REACH who="1" ten="250,240,250,250" step="2"/><V54/><F113/><W114/><G114/><T10/><REACH who="0" step="1"/><D36/><REACH who="0" ten="240,240,250,250" step="2"/><U15/><E15/><V21/><F48/><W100/><G12/><T57/><D57/><U120/><E120/><V133/><F56/><W55/><G58/><T63/><D63/><U84/><E84/><V132/><F60/><W43/><G43/><T76/><D76/><U42/><E42/><V80/><F62/><W47/><G47/><T7/><D7/><U112/><E112/><V78/><F78/><W97/><G46/><T14/><D14/><U18/><E18/><V35/><F65/><W51/><G44/><T94/><D94/><U99/><E99/><V61/><F61/><W116/><G67/><T66/><D66/><U33/><E33/><RYUUKYOKU ba="0,2" sc="240,15,240,15,250,-15,250,-15" hai0="2,3,10,13,19,87,89,92,96,101,104,129,131" hai1="9,11,20,22,26,28,30,75,79,83,98,102,107" /><INIT seed="0,1,2,3,1,33" ten="255,255,235,235" oya="0" hai0="120,83,14,16,45,30,15,64,44,7,60,63,86" hai1="25,58,48,118,42,89,65,21,13,81,55,74,9" hai2="88,37,22,113,52,3,107,40,41,116,19,72,95" hai3="114,67,35,36,43,10,135,6,66,131,50,54,129"/><T1/><D120/><U108/><E108/><V98/><F113/><W128/><G35/><T38/><D30/><U34/><E34/><V102/><F116/><W49/><G114/><T105/><D105/><U61/><E118/><V75/><F3/><N who="3" m="351" /><G135/><T97/><D1/><U32/><E32/><V96/><F40/><W94/><G94/><T122/><D122/><U115/><E115/><V111/><F111/><W123/><G123/><T68/><D38/><U91/><E42/><V0/><F0/><W2/><G2/><T119/><D119/><U11/><E74/><V99/><F99/><W124/><G124/><T26/><D97/><U109/><E81/><V24/><REACH who="2" step="1"/><F52/><REACH who="2" ten="255,255,225,235" step="2"/><W92/><G36/><T112/><D112/><U12/><E109/><V87/><F87/><W51/><G43/><T5/><D60/><U110/><E110/><V84/><F84/><W57/><G92/><T53/><D53/><U93/><E48/><AGARI ba="1,3" hai="48,49,50,51,54,57,66,67,128,129,131" m="351" machi="48" ten="40,2600,0" yaku="19,1,52,1" doraHai="33" who="3" fromWho="1" sc="255,0,255,-29,225,0,235,59" /><INIT seed="1,0,0,3,0,125" ten="255,226,225,294" oya="1" hai0="36,50,101,0,82,54,74,112,71,120,21,63,111" hai1="7,87,121,77,67,12,104,57,98,118,19,40,32" hai2="58,41,2,51,99,100,26,124,44,31,46,119,8" hai3="13,108,69,102,97,3,127,65,134,90,10,1,55"/><U75/><E118/><V39/><F124/><W122/><G122/><T59/><D0/><U6/><E121/><V68/><F68/><W60/><G108/><T117/><D117/><U42/><E32/><V43/><F119/><W116/><G134/><T61/><D111/><U48/><E75/><V92/><F58/><W29/><G127/><T81/><D112/><U105/><E105/><V93/><F8/><W62/><G90/><T85/><D36/><U11/><E104/><V109/><F109/><W30/><G55/><T66/><D120/><U34/><E34/><V132/><F2/><W47/><G47/><T79/><D101/><U27/><E98/><V20/><REACH who="2" step="1"/><F93/><REACH who="2" ten="255,226,215,294" step="2"/><W94/><G116/><T126/><D126/><U45/><E57/><V103/><F103/><W56/><G1/><T22/><D63/><U84/><E11/><V18/><F18/><W83/><G3/><T110/><D110/><U24/><E19/><V37/><F37/><W80/><G29/><T28/><REACH who="0" step="1"/><D28/><REACH who="0" ten="245,226,215,294" step="2"/><U131/><E48/><V49/><F49/><W78/><G30/><T89/><AGARI ba="0,2" hai="21,22,50,54,59,61,66,71,74,79,81,82,85,89" machi="89" ten="20,5200,0" yaku="1,1,2,1,0,1,7,1,53,0" doraHai="125" doraHaiUra="96" who="0" fromWho="0" sc="245,72,226,-26,215,-13,294,-13" /><INIT seed="2,0,0,5,5,111" ten="317,200,202,281" oya="2" hai0="96,76,113,65,39,105,122,60,33,109,23,2,121" hai1="8,134,87,100,21,93,62,4,47,82,84,3,36" hai2="25,43,129,69,74,72,35,37,50,0,67,20,97" hai3="107,88,132,103,53,51,24,89,102,40,7,104,10"/><V41/><F129/><W90/><G132/><T86/><D109/><U130/><E130/><V80/><F50/><W70/><G70/><T58/><D33/><U95/><E134/><V125/><F125/><W79/><G40/><T54/><D39/><U26/><E87/><V55/><F55/><W17/><G79/><T77/><D2/><U81/><E81/><V127/><F127/><W13/><G104/><T27/><D113/><U46/><E62/><N who="2" m="40183" /><F20/><N who="3" m="13327" /><G107/><T117/><D117/><U119/><E119/><V1/><F41/><W9/><G9/><T112/><D112/><U135/><E135/><V92/><F92/><W59/><AGARI ba="0,0" hai="7,10,13,51,53,59,88,89,90,102,103" m="13327" machi="59" ten="30,2000,0" yaku="8,1,54,1" doraHai="111" who="3" fromWho="3" sc="317,-5,200,-5,202,-10,281,20" /><INIT seed="3,0,0,3,5,30" ten="312,195,192,301" oya="3" hai0="3,104,35,77,81,101,73,91,43,21,8,44,110" hai1="38,69,9,125,53,76,33,127,42,41,57,116,89" hai2="114,92,12,123,71,34,10,65,19,7,133,31,72" hai3="87,99,68,13,93,84,121,22,132,1,130,17,66"/><W120/><G1/><T62/><D21/><U82/><E69/><V28/><F72/><W29/><G132/><T75/><D75/><U126/><E116/><V20/><F114/><W2/><G2/><T97/><D91/><U0/><E89/><V112/><F112/><W94/><G130/><T49/><D35/><U124/><N who="1" m="31744" /><DORA hai="102" /><U51/><E38/><V39/><F39/><W86/><G29/><N who="2" m="11337" /><F71/><W118/><G118/><T98/><D98/><U70/><E70/><V108/><F34/><W105/><G66/><T74/><D74/><N who="1" m="43287" /><E33/><V129/><F129/><W64/><G64/><T103/><D103/><U27/><E27/><N who="2" m="14751" /><F133/><W45/><G68/><T46/><D101/><U15/><E0/><V59/><F108/><W48/><G120/><T47/><D110/><U25/><E25/><V24/><F123/><W88/><G121/><T50/><D3/><U60/><E60/><N who="2" m="38047" /><F24/><W111/><G111/><T16/><D73/><U117/><E117/><V109/><F109/><W23/><G23/><T61/><D8/><U113/><E113/><V135/><F135/><W55/><G105/><T96/><D104/><U11/><E11/><V56/><F92/><AGARI ba="0,0" hai="13,17,22,45,48,55,84,86,87,88,92,93,94,99" machi="92" ten="40,3900,0" yaku="8,1,54,1" doraHai="30,102" who="3" fromWho="2" sc="312,0,195,0,192,-39,301,39" owari="312,11.2,195,-20.5,153,-34.7,340,44.0" /></mjloggm>