<mjloggm ver="2.3"><GO type="225" lobby="0"/><UN n0="%E6%A1%9C%E8%8A%B1%E9%96%83%E3%80%85" n1="%E3%81%BE%E3%81%A8%E3%81%9F" n2="%E3%82%8A%E3%81%93%E3%82%8A%E3%82%93%E3%81%94" n3="%E3%83%A9%E3%82%A4%E3%83%B3%E3%81%AE%E8%99%8E" dan="16,16,17,16" rate="2115.05,2072.15,2216.58,2105.52" sx="M,M,M,M"/><TAIKYOKU oya="0"/><INIT seed="0,0,0,5,5,104" ten="250,250,250,250" oya="0" hai0="88,133,132,126,112,4,41,72,47,5,127,74,3" hai1="86,66,116,119,93,130,67,78,63,60,80,28,113" hai2="71,115,58,24,62,73,83,105,10,29,135,53,128" hai3="52,91,18,8,31,37,9,65,11,111,34,14,118"/><T103/><D112/><U90/><E130/><V107/><F115/><W35/><G37/><N who="0" m="21935" /><D103/><U122/><E113/><V40/><F128/><W124/><G65/><T0/><D88/><U22/><E122/><V109/><F109/><W13/><G111/><T77/><D77/><U45/><E45/><V87/><F135/><N who="0" m="51786" /><D5/><U68/><E28/><V120/><F120/><W26/><G118/><T123/><D123/><U64/><E64/><V43/><F71/><W44/><G124/><N who="0" m="47659" /><D4/><U39/><E39/><V125/><F125/><W95/><G35/><T20/><D20/><U99/><REACH who="1" step="1"/><E22/><REACH who="1" ten="250,240,250,250" step="2"/><V94/><F29/><W50/><REACH who="3" step="1"/><G14/><REACH who="3" ten="250,240,250,240" step="2"/><T110/><D110/><U54/><E54/><V59/><F53/><W48/><G48/><T32/><D32/><U36/><E36/><V98/><F43/><W129/><G129/><T76/><D76/><U12/><E12/><V23/><F40/><W75/><G75/><AGARI ba="0,2" hai="0,3,72,74,75" m="47659,51786,21935" machi="75" ten="40,18000,2" yaku="20,1,18,1,23,1,52,3" doraHai="104" who="0" fromWho="3" sc="250,200,240,0,250,0,240,-180" /><INIT seed="0,1,0,4,4,135" ten="450,240,250,60" oya="0" hai0="117,16,84,38,63,70,86,55,31,127,91,97,17" hai1="28,102,62,57,4,45,44,50,104,134,85,41,93" hai2="131,7,73,120,25,54,47,99,82,123,30,20,53" hai3="35,79,19,42,108,109,46,56,69,51,59,29,78"/><T10/><D117/><U6/><E134/><V23/><F131/><W113/><G113/><T39/><D31/><U74/><E74/><V88/><F7/><W105/><G69/><T77/><D127/><U5/><E104/><V122/><F47/><W128/><G105/><T110/><D110/><U126/><E126/><V83/><F23/><W72/><G128/><T15/><D77/><U60/><E28/><V89/><F89/><W94/><G94/><N who="0" m="56543" /><D70/><U95/><E102/><V92/><REACH who="2" step="1"/><F73/><REACH who="2" ten="450,240,240,60" step="2"/><W81/><G72/><T37/><D37/><U80/><E45/><V11/><F11/><W34/><G108/><T24/><D39/><U12/><E5/><V114/><F114/><W58/><G109/><T22/><D38/><U130/><E4/><V118/><F118/><W36/><G36/><T133/><D133/><U116/><E116/><V124/><F124/><W9/><G46/><T75/><D75/><U115/><E115/><V14/><F14/><W71/><G34/><T32/><D32/><U106/><E12/><V119/><F119/><W52/><G35/><T26/><D26/><U100/><E6/><V121/><N who="2" m="30720" /><DORA hai="112" /><V103/><F103/><W68/><G9/><T67/><D24/><U2/><E100/><V64/><F64/><W125/><G125/><T21/><D67/><U1/><E130/><V111/><F111/><W129/><G129/><T96/><D10/><U101/><E101/><V13/><F13/><W66/><G66/><T18/><D15/><U48/><E106/><V107/><F107/><W98/><G79/><T87/><D22/><U49/><E44/><RYUUKYOKU ba="1,1" sc="450,-10,240,-10,240,30,60,-10" hai2="20,25,30,53,54,82,83,88,92,99" /><INIT seed="1,2,1,0,0,12" ten="440,230,270,50" oya="1" hai0="3,133,42,135,18,67,129,71,29,78,10,98,44" hai1="99,74,102,21,131,106,23,52,53,118,35,9,13" hai2="123,96,100,85,8,47,40,34,50,1,46,38,60" hai3="28,109,97,84,54,48,41,111,30,94,82,108,17"/><U63/><E118/><V62/><F123/><W51/><G41/><T116/><D116/><U121/><E131/><V7/><F85/><W32/><G32/><T2/><D129/><U91/><E35/><V55/><REACH who="2" step="1"/><F34/><REACH who="2" ten="440,230,260,50" step="2"/><W11/><G51/><T24/><D133/><U132/><E132/><V20/><F20/><W75/><G75/><T31/><D135/><U87/><E121/><V83/><F83/><W66/><G66/><T80/><D67/><U92/><E74/><V19/><F19/><W36/><G36/><T73/><D18/><U4/><REACH who="1" step="1"/><E53/><REACH who="1" ten="440,220,260,50" step="2"/><V86/><F86/><W25/><G84/><T76/><D73/><U127/><E127/><V89/><F89/><W81/><G54/><T0/><D78/><U65/><E65/><V57/><F57/><AGARI ba="2,3" hai="4,9,13,21,23,52,57,63,87,91,92,99,102,106" machi="57" ten="40,3900,0" yaku="1,1,54,1,53,0" doraHai="12" doraHaiUra="126" who="1" fromWho="2" sc="440,0,220,75,260,-45,50,0" /><INIT seed="1,3,0,5,2,59" ten="440,295,215,50" oya="1" hai0="6,97,107,36,35,125,91,120,127,119,130,114,28" hai1="94,95,17,12,11,16,98,123,44,24,49,89,118" hai2="108,41,67,126,19,64,112,87,113,99,4,37,74" hai3="72,7,15,42,14,48,54,56,66,131,83,5,133"/><U80/><E118/><V46/><F74/><W50/><G131/><T104/><D119/><U96/><E123/><V40/><F108/><W45/><G133/><T20/><D120/><U124/><E124/><N who="0" m="47689" /><D114/><N who="2" m="44138" /><F126/><W88/><G66/><T117/><D117/><U34/><E80/><V51/><F4/><W73/><G73/><T101/><D130/><U3/><E3/><V26/><F87/><W106/><G106/><N who="0" m="63791" /><D35/><U93/><E34/><V115/><F115/><W92/><G5/><T25/><D36/><U27/><E17/><V47/><F99/><W1/><G1/><T105/><D91/><U77/><E77/><V53/><F41/><W135/><G135/><T18/><D6/><U8/><E8/><V31/><F19/><AGARI ba="3,0" hai="18,19,20,25,28,104,105,107" m="63791,47689" machi="19" ten="40,1300,0" yaku="18,1" doraHai="59" who="0" fromWho="2" sc="440,22,295,0,215,-22,50,0" /><INIT seed="2,0,0,1,2,56" ten="462,295,193,50" oya="2" hai0="11,39,18,1,55,101,36,135,13,32,52,59,87" hai1="30,53,27,15,38,23,79,114,107,0,120,69,66" hai2="35,17,102,31,130,83,54,132,112,113,109,16,134" hai3="77,93,97,42,24,125,20,90,72,71,119,44,99"/><V103/><F130/><W100/><G125/><T105/><D135/><N who="2" m="51754" /><F109/><W67/><G119/><T49/><D32/><U33/><E0/><V6/><F83/><W110/><G110/><T121/><D121/><U104/><E38/><V58/><F6/><W7/><G7/><T117/><D117/><U81/><E114/><N who="2" m="44139" /><F31/><W34/><G34/><T22/><D87/><U95/><E95/><V111/><F35/><W127/><G127/><T88/><D88/><U106/><E120/><V98/><F103/><W78/><G72/><T29/><D101/><U80/><E80/><V84/><F84/><W47/><G47/><T37/><D1/><U50/><E33/><V86/><F86/><W73/><G73/><T26/><D105/><U9/><E81/><V91/><F91/><W28/><G67/><T122/><D122/><U94/><E79/><V62/><F111/><W48/><REACH who="3" step="1"/><G71/><REACH who="3" ten="462,295,193,40" step="2"/><T128/><D128/><U85/><E69/><V5/><F5/><W89/><G89/><T123/><D123/><U116/><E66/><V40/><F40/><W131/><G131/><T51/><D29/><U92/><E116/><V3/><F3/><W61/><G61/><T2/><D2/><U68/><E68/><V65/><F65/><W19/><G19/><T10/><D26/><U76/><E76/><V41/><F41/><W124/><G124/><T60/><D60/><U129/><E129/><V46/><F46/><W21/><G21/><T57/><AGARI ba="0,1" hai="10,11,13,18,22,36,37,39,49,51,52,55,57,59" machi="57" ten="30,4000,0" yaku="0,1,9,1,54,1" doraHai="56" who="0" fromWho="0" sc="462,50,295,-10,193,-20,40,-10" /><INIT seed="3,0,0,1,4,93" ten="512,285,173,30" oya="3" hai0="78,50,16,82,28,6,112,8,102,60,127,73,0" hai1="29,18,36,79,64,53,90,57,5,11,116,52,2" hai2="43,81,45,125,87,15,66,110,96,65,35,76,62" hai3="63,71,37,34,84,48,72,17,61,118,133,98,92"/><W23/><G118/><T134/><D134/><U77/><E36/><V120/><F35/><W39/><G133/><T33/><D127/><U67/><E29/><V86/><F110/><W47/><G72/><T95/><D112/><U121/><E121/><V1/><F1/><W126/><G34/><T38/><D38/><U106/><E106/><V59/><F125/><W31/><G31/><T123/><D123/><U26/><E53/><V101/><F120/><W40/><G126/><T129/><D129/><U135/><E116/><V54/><F15/><W24/><G84/><T25/><D50/><U46/><E46/><V97/><F87/><W3/><G3/><T21/><D60/><U109/><E109/><V83/><F83/><W58/><G63/><T42/><D42/><U32/><E90/><V85/><F85/><W115/><G71/><T114/><D95/><U91/><E91/><V100/><F101/><W51/><G39/><T9/><D102/><U14/><E77/><V74/><F74/><W70/><G70/><T30/><D114/><U105/><E79/><V13/><F13/><W69/><G69/><T111/><D111/><U117/><E105/><V4/><F4/><W12/><G12/><N who="0" m="9351" /><D28/><N who="1" m="19479" /><E117/><V107/><F97/><W89/><REACH who="3" step="1"/><G115/><REACH who="3" ten="512,285,173,20" step="2"/><T19/><D33/><U131/><E135/><V10/><F86/><W41/><G41/><T94/><D30/><U124/><E124/><V132/><F132/><W75/><G75/><T49/><D73/><U80/><E2/><V27/><F43/><W130/><G130/><T56/><D0/><U122/><E131/><V128/><F128/><RYUUKYOKU ba="0,1" sc="512,-10,285,-10,173,-10,20,30" hai3="17,23,24,37,40,47,48,51,58,61,89,92,98" /><INIT seed="3,1,1,1,2,83" ten="502,275,163,50" oya="3" hai0="27,14,87,93,59,66,122,99,43,25,17,111,21" hai1="113,6,97,0,68,35,61,20,28,1,38,3,133" hai2="63,64,60,92,13,125,90,45,11,19,118,123,88" hai3="121,96,94,128,86,107,101,126,15,4,132,51,12"/><W106/><G121/><T135/><D111/><U110/><E38/><V91/><F118/><W55/><G126/><T50/><D122/><U84/><E68/><V114/><F114/><W26/><G128/><T77/><D135/><U89/><E97/><V79/><F123/><W74/><G74/><T124/><D87/><U130/><E35/><V62/><F125/><W80/><G132/><T49/><D77/><U120/><E120/><V36/><F79/><W65/><G65/><T109/><D109/><U119/><E6/><V39/><F39/><W134/><G134/><T75/><D75/><U105/><E105/><V16/><F64/><W9/><G15/><T42/><D50/><U34/><E34/><V56/><F56/><W70/><G26/><N who="0" m="9739" /><D49/><U116/><E113/><V117/><F117/><N who="1" m="45129" /><E20/><V115/><F115/><W127/><G70/><T7/><D7/><U8/><E28/><V57/><F57/><W78/><REACH who="3" step="1"/><G127/><REACH who="3" ten="502,275,163,40" step="2"/><T18/><D124/><U98/><E130/><V47/><F13/><W52/><G52/><T104/><D66/><U95/><E133/><V131/><F131/><W67/><G67/><T46/><D14/><U41/><E110/><V30/><F30/><W53/><G53/><T23/><D43/><U10/><E41/><V112/><F112/><W72/><G72/><T48/><D42/><U69/><E69/><V76/><F36/><W58/><AGARI ba="1,2" hai="4,9,12,51,55,58,78,80,86,94,96,101,106,107" machi="58" ten="20,7800,0" yaku="1,1,0,1,7,1,52,1,53,0" doraHai="83" doraHaiUra="108" who="3" fromWho="3" sc="502,-27,275,-27,163,-27,40,101" /><INIT seed="3,2,0,2,0,18" ten="475,248,136,141" oya="3" hai0="62,98,99,5,84,101,80,76,66,104,97,95,125" hai1="81,20,28,89,56,115,14,135,117,124,13,37,2" hai2="134,61,96,21,74,11,15,112,119,90,54,88,46" hai3="31,36,73,38,25,87,34,77,110,105,50,55,43"/><W72/><G105/><T121/><D121/><U59/><E2/><V16/><F112/><W6/><G6/><T70/><D125/><U52/><E37/><V3/><F119/><W129/><G129/><T93/><D5/><U63/><E115/><V123/><F74/><W100/><G100/><T10/><D10/><U113/><E113/><V78/><F78/><W118/><G118/><T69/><D69/><U60/><E135/><V9/><F134/><W92/><G110/><T65/><D65/><U1/><E1/><V83/><F123/><W111/><G111/><T82/><D82/><U122/><E122/><V71/><F71/><W133/><G133/><T40/><D40/><U68/><E68/><V57/><F3/><W12/><G12/><T42/><D42/><U120/><E120/><V106/><F46/><W58/><G43/><T116/><D116/><U94/><E81/><V39/><F39/><W48/><G48/><T126/><D126/><U8/><E124/><V53/><F53/><W85/><G38/><T107/><D98/><N who="1" m="57679" /><E8/><V45/><F45/><W17/><G36/><T103/><AGARI ba="2,0" hai="62,66,70,76,80,84,93,95,97,99,101,103,104,107" machi="103" ten="20,2700,0" yaku="0,1,7,1,9,1" doraHai="18" who="0" fromWho="0" sc="475,33,248,-9,136,-9,141,-15" owari="508,60.8,239,3.9,127,-27.3,126,-37.4" /></mjloggm>