<mjloggm ver="2.3"><GO type="225" lobby="0"/><UN n0="%E5%A4%8F%E9%88%B4%E9%88%B4%E5%A4%8F" n1="%73%73%6B%5F%66%72%65%65" n2="%E3%81%AF%E3%82%88%E3%81%8A%E3%81%98%E3%81%95%E3%82%93" n3="%77%72%77%72%77%72%77%72" dan="16,16,17,16" rate="2078.49,2131.70,2131.43,2117.36" sx="F,M,M,M"/><TAIKYOKU oya="0"/><INIT seed="0,0,0,4,0,73" ten="250,250,250,250" oya="0" hai0="34,4,46,52,77,91,11,90,67,59,63,36,105" hai1="122,68,31,129,115,64,79,48,49,106,54,78,109" hai2="101,37,38,8,82,111,44,130,45,43,14,9,51" hai3="104,94,96,71,118,21,113,23,75,128,12,87,99"/><T65/><D105/><U74/><E122/><V107/><F111/><W108/><G113/><T15/><D34/><U42/><E74/><V50/><F130/><W88/><G118/><T76/><D36/><U32/><E115/><V7/><F101/><W27/><G108/><T57/><D46/><N who="1" m="25687" /><E32/><V30/><F107/><W127/><G128/><T28/><D28/><U22/><E106/><V103/><F103/><W39/><G71/><T133/><D133/><U125/><E125/><V35/><F30/><W100/><G127/><T41/><D41/><U98/><E68/><V131/><F35/><W10/><G75/><T56/><D56/><N who="1" m="32847" /><E109/><V1/><F131/><W55/><G39/><T112/><D112/><U117/><E117/><V66/><F66/><N who="0" m="25098" /><D59/><U6/><E6/><V47/><F47/><W114/><G114/><T0/><D0/><U84/><E98/><V16/><REACH who="2" step="1"/><F82/><REACH who="2" ten="250,250,240,250" step="2"/><W89/><G104/><T86/><D91/><U3/><E129/><V17/><F17/><W72/><G89/><T60/><D60/><U69/><E64/><V97/><F97/><W20/><G99/><T120/><D120/><U61/><E69/><V123/><F123/><W135/><G96/><T33/><D33/><U110/><E110/><V2/><F2/><W29/><G100/><T85/><D90/><U81/><E3/><V5/><F5/><W83/><G135/><T121/><D121/><U26/><E61/><V102/><F102/><W18/><REACH who="3" step="1"/><G55/><AGARI ba="0,1" hai="1,7,8,9,14,16,37,38,43,44,45,50,51,55" machi="55" ten="30,3900,0" yaku="1,1,7,1,54,1,53,0" doraHai="73" doraHaiUra="25" who="2" fromWho="3" sc="250,0,250,0,240,49,250,-39" /><INIT seed="1,0,0,3,5,105" ten="250,250,289,211" oya="1" hai0="117,69,6,63,75,47,24,21,96,41,12,110,7" hai1="66,48,26,62,83,102,92,104,5,119,103,31,18" hai2="82,15,54,28,50,86,42,97,90,2,135,14,91" hai3="109,57,115,127,3,130,34,46,107,56,73,118,108"/><U67/><E119/><V134/><F2/><W55/><RYUUKYOKU type="yao9" ba="0,0" sc="250,0,250,0,289,0,211,0" hai3="3,34,46,55,56,57,73,107,108,109,115,118,127,130" /><INIT seed="1,1,0,2,0,74" ten="250,250,289,211" oya="1" hai0="133,103,80,124,78,19,115,7,28,129,23,93,49" hai1="121,131,102,27,42,98,50,75,61,126,82,112,38" hai2="94,105,92,90,106,69,5,88,14,104,1,15,20" hai3="87,16,9,51,63,29,101,116,3,57,53,76,6"/><U118/><E112/><V55/><F69/><W83/><G116/><T122/><D115/><U64/><E118/><V34/><F34/><W46/><G101/><T10/><D124/><U72/><E121/><V86/><F20/><W35/><G35/><T71/><D133/><U2/><E126/><V117/><F117/><W4/><G29/><T123/><D71/><U17/><E131/><V81/><F92/><W60/><G60/><T11/><D129/><U100/><E38/><V25/><F25/><W108/><G108/><T52/><D28/><U127/><E2/><V48/><F1/><W39/><G39/><T130/><D130/><U110/><E127/><V44/><REACH who="2" step="1"/><F5/><REACH who="2" ten="250,250,279,211" step="2"/><W109/><G109/><T68/><D68/><U134/><E110/><V65/><F65/><W45/><G6/><T99/><D7/><U59/><E134/><V8/><F8/><W97/><G16/><T95/><D93/><U22/><E27/><V56/><F56/><W62/><G45/><N who="0" m="27695" /><D123/><U114/><E17/><V30/><F30/><W84/><G46/><T67/><D67/><U111/><E22/><V41/><F41/><W47/><G47/><T107/><D122/><U77/><E111/><V32/><F32/><W85/><G97/><AGARI ba="1,1" hai="14,15,44,48,55,81,86,88,90,94,97,104,105,106" machi="97" ten="40,2600,0" yaku="1,1,54,1,53,0" doraHai="74" doraHaiUra="73" who="2" fromWho="3" sc="250,0,250,0,279,39,211,-29" /><INIT seed="2,0,0,0,4,13" ten="250,250,318,182" oya="2" hai0="17,20,75,114,120,118,58,133,98,59,74,100,128" hai1="56,45,103,81,87,46,101,23,63,37,5,99,69" hai2="25,79,40,125,89,48,18,115,104,119,21,85,7" hai3="113,41,11,44,29,122,116,15,22,36,6,62,67"/><V93/><F115/><W134/><G134/><T97/><D114/><U33/><E69/><V135/><F119/><W71/><G113/><T47/><D120/><U124/><E33/><V96/><F125/><W92/><G116/><T43/><D118/><U27/><E37/><V72/><F135/><W3/><G122/><T76/><D133/><U54/><E5/><V106/><F72/><W78/><G78/><T112/><D112/><U108/><E108/><V70/><F70/><W111/><G111/><T57/><D76/><U121/><E124/><V110/><F110/><W50/><G36/><T132/><D128/><U38/><E38/><V80/><F7/><W90/><G29/><T10/><D10/><U35/><E35/><V4/><F4/><W131/><G131/><T66/><D66/><U77/><E121/><V53/><REACH who="2" step="1"/><F40/><REACH who="2" ten="250,250,308,182" step="2"/><W88/><REACH who="3" step="1"/><G92/><REACH who="3" ten="250,250,308,172" step="2"/><T55/><D132/><U52/><E103/><V26/><F26/><W2/><G2/><T14/><D100/><U51/><E101/><V91/><F91/><W8/><G8/><T83/><D75/><U24/><E24/><V95/><F95/><W1/><G1/><T30/><D74/><U12/><E27/><V130/><F130/><W127/><G127/><T39/><D83/><U60/><E81/><V65/><F65/><W68/><G68/><T84/><D30/><U49/><E77/><V28/><F28/><W117/><G117/><T9/><D9/><U102/><E102/><V82/><F82/><W64/><G64/><T94/><D94/><U126/><E126/><V105/><F105/><W19/><AGARI ba="0,2" hai="3,6,11,15,19,22,41,44,50,62,67,71,88,90" machi="19" ten="30,12000,2" yaku="1,1,5,1,0,1,52,1,54,1,53,1" doraHai="13" doraHaiUra="0" who="3" fromWho="3" sc="250,-30,250,-30,308,-60,172,140" /><INIT seed="3,0,0,5,0,104" ten="220,220,248,312" oya="3" hai0="82,60,55,57,4,134,106,49,68,92,110,116,113" hai1="63,7,36,27,33,12,24,123,99,76,85,39,13" hai2="37,28,52,97,48,40,111,62,34,81,124,29,21" hai3="74,103,77,90,71,43,80,98,47,135,11,35,108"/><W125/><G71/><T6/><D116/><U46/><E123/><V88/><F34/><W83/><G35/><T31/><D106/><U120/><E120/><V17/><F111/><W122/><G122/><T117/><D117/><U70/><E70/><V53/><F124/><W112/><G112/><T69/><D110/><U91/><E76/><V132/><F132/><W115/><G115/><T0/><D134/><U66/><E99/><V89/><F37/><W107/><G108/><T41/><D31/><N who="2" m="11850" /><F62/><W8/><G135/><T56/><D0/><U78/><E78/><V79/><F40/><W100/><G100/><T14/><D41/><U3/><E3/><V126/><F126/><W44/><G44/><T86/><D92/><U67/><E67/><V59/><F53/><W32/><G32/><T127/><D127/><U96/><E96/><V20/><F20/><W51/><G125/><T38/><D38/><U102/><E102/><V61/><F48/><W130/><G130/><T72/><D72/><U114/><E114/><V42/><F42/><W87/><AGARI ba="0,0" hai="8,11,43,47,51,74,77,80,83,87,90,98,103,107" machi="87" ten="30,3000,0" yaku="0,1,52,1" doraHai="104" who="3" fromWho="3" sc="220,-10,220,-10,248,-10,312,30" owari="210,-19.0,210,-29.0,238,3.8,342,44.2" /></mjloggm>