<mjloggm ver="2.3"><GO type="225" lobby="0"/><UN n0="%72%65%6E%6B%75%6E" n1="%E3%81%BF%E3%81%BF%E3%81%9A" n2="%E9%80%86%E9%80%A3%E5%B8%AF%E3%81%AE%E9%AC%BC" n3="%E3%83%96%E3%83%83%E3%83%91%E3%82%AA%E3%83%96%E3%83%81%E3%82%AD%E3%83%B3" dan="17,17,16,16" rate="2158.26,2205.09,2064.10,2192.24" sx="M,M,M,M"/><TAIKYOKU oya="0"/><INIT seed="0,0,0,5,3,119" ten="250,250,250,250" oya="0" hai0="81,59,27,57,77,23,63,116,46,79,48,32,108" hai1="42,114,52,93,109,38,103,60,11,118,125,45,66" hai2="113,25,117,123,13,74,36,58,107,80,102,67,49" hai3="91,68,98,65,19,104,3,111,121,94,26,44,50"/><T55/><D116/><U124/><E118/><V127/><F113/><W6/><G111/><T34/><D108/><U131/><E109/><V70/><F117/><W56/><G104/><T41/><D59/><N who="1" m="34919" /><E11/><V76/><F36/><W129/><G68/><T43/><D43/><U39/><E103/><V134/><F127/><N who="1" m="48713" /><E93/><V90/><F102/><W132/><G129/><T110/><D110/><U62/><E131/><V92/><F107/><W51/><G132/><T14/><D14/><U75/><E75/><V8/><F134/><W12/><G3/><T29/><REACH who="0" step="1"/><D77/><REACH who="0" ten="240,250,250,250" step="2"/><U96/><E114/><V16/><F76/><W2/><G12/><T126/><D126/><U83/><E83/><V130/><F80/><W10/><G2/><T20/><D20/><U101/><E42/><V9/><F13/><W33/><G10/><T69/><D69/><N who="1" m="42199" /><E45/><V88/><F8/><W21/><G44/><T86/><AGARI ba="0,1" hai="23,27,29,32,34,41,46,48,55,57,63,79,81,86" machi="86" ten="20,3900,0" yaku="1,1,0,1,7,1,53,0" doraHai="119" doraHaiUra="100" who="0" fromWho="0" sc="240,49,250,-13,250,-13,250,-13" /><INIT seed="0,1,0,4,5,56" ten="289,237,237,237" oya="0" hai0="57,69,17,30,119,67,1,73,134,104,115,128,22" hai1="120,81,40,55,106,53,103,65,16,118,60,45,100" hai2="33,121,52,9,59,78,3,108,20,97,25,37,36" hai3="35,131,125,13,23,68,111,135,76,49,72,61,41"/><T54/><D30/><U70/><E118/><V80/><F121/><W47/><G35/><T31/><D31/><U85/><E120/><V93/><F108/><W92/><G111/><T89/><D89/><U82/><E53/><V5/><F33/><W58/><G125/><T34/><D22/><U75/><E55/><V21/><F21/><W117/><G117/><T77/><D77/><U2/><E2/><V62/><F80/><W94/><G135/><T43/><D17/><U101/><E75/><V32/><F78/><W11/><G131/><T27/><D27/><U8/><E106/><V51/><F32/><W79/><G23/><T90/><D90/><U6/><E85/><V26/><F51/><W86/><G68/><T109/><D43/><U84/><E84/><V10/><F10/><W64/><G72/><T122/><D54/><U126/><E126/><V107/><F107/><W0/><G0/><T127/><D57/><U96/><E96/><V99/><F26/><W7/><G76/><T102/><D67/><U74/><E74/><V110/><F110/><W105/><G105/><T98/><D98/><U14/><REACH who="1" step="1"/><E6/><REACH who="1" ten="289,227,237,237" step="2"/><V44/><F99/><W87/><G87/><T28/><D28/><U123/><E123/><V129/><F129/><W132/><G132/><T112/><D102/><U29/><E29/><V130/><F130/><W50/><REACH who="3" step="1"/><G50/><AGARI ba="1,1" hai="8,14,16,40,45,50,60,65,70,81,82,100,101,103" machi="50" ten="40,8000,1" yaku="1,1,52,1,54,1,53,1" doraHai="56" doraHaiUra="38" who="1" fromWho="3" sc="289,0,227,93,237,0,237,-83" /><INIT seed="1,0,0,1,3,119" ten="289,320,237,154" oya="1" hai0="93,103,74,81,1,44,78,91,95,30,18,87,94" hai1="105,85,41,130,10,29,61,133,110,100,27,39,73" hai2="102,8,11,0,79,23,47,36,58,19,31,16,127" hai3="101,96,134,15,38,77,80,49,122,90,107,108,106"/><U7/><E73/><V99/><F127/><W125/><G125/><T12/><D1/><U52/><E133/><V68/><F68/><W59/><G134/><T63/><D30/><U116/><E116/><V6/><F79/><W83/><G108/><T54/><D103/><U3/><E110/><V113/><F113/><W121/><G38/><T75/><D75/><U32/><E130/><V25/><F58/><W69/><G69/><T135/><D135/><U98/><E85/><V88/><F11/><W71/><G71/><T117/><D117/><U28/><E28/><V20/><F88/><W56/><G15/><T120/><D120/><N who="3" m="46185" /><G49/><T5/><D5/><U57/><E39/><V67/><F67/><W43/><G59/><T48/><REACH who="0" step="1"/><D63/><REACH who="0" ten="279,320,237,154" step="2"/><U109/><E109/><V21/><F31/><W123/><G123/><T55/><D55/><U42/><AGARI ba="0,1" hai="3,7,10,27,29,32,41,42,52,57,61,98,100,105" machi="42" ten="30,3000,0" yaku="0,1,54,1" doraHai="119" who="1" fromWho="1" sc="279,-10,320,40,237,-10,154,-10" /><INIT seed="1,1,0,4,5,40" ten="269,360,227,144" oya="1" hai0="97,107,54,21,34,25,92,58,86,101,55,51,68" hai1="74,23,0,22,48,65,64,45,133,56,41,100,15" hai2="44,27,13,35,89,116,70,82,96,67,2,93,20" hai3="16,104,61,47,1,72,36,18,43,111,8,91,130"/><U33/><E0/><V98/><F2/><W62/><G111/><T17/><D68/><U113/><E33/><V78/><F116/><W53/><G130/><T66/><D34/><U7/><E113/><V26/><F35/><W110/><G110/><T49/><D107/><U114/><E74/><V37/><F98/><W81/><G104/><T75/><D75/><U80/><E114/><V4/><F70/><W115/><G115/><T129/><D129/><U87/><E100/><V135/><F67/><W83/><G83/><T19/><D66/><U76/><E133/><V134/><F27/><W85/><G72/><T109/><D86/><U73/><E73/><V95/><F95/><W120/><G120/><T77/><D77/><U108/><E108/><V118/><F118/><W99/><G99/><T29/><REACH who="0" step="1"/><D109/><REACH who="0" ten="259,360,227,144" step="2"/><U12/><E65/><V14/><F135/><W31/><G31/><T105/><D105/><U6/><E64/><V42/><F134/><W30/><G30/><T71/><D71/><U32/><E32/><V121/><F121/><W28/><G28/><T46/><AGARI ba="1,1" hai="17,19,21,25,29,46,49,51,54,55,58,92,97,101" machi="46" ten="20,8000,1" yaku="1,1,0,1,7,1,8,1,52,1,53,0" doraHai="40" doraHaiUra="3" who="0" fromWho="0" sc="259,93,360,-41,227,-21,144,-21" /><INIT seed="2,0,0,4,2,69" ten="352,319,206,123" oya="2" hai0="110,37,99,0,128,7,44,60,55,113,84,4,41" hai1="104,135,38,66,47,73,91,134,14,131,13,102,78" hai2="125,15,42,8,12,25,92,67,28,124,85,23,76" hai3="43,100,94,49,93,68,123,106,132,130,116,82,109"/><V112/><F112/><W16/><G116/><T129/><D113/><U62/><E91/><V115/><F115/><W80/><G123/><T36/><D110/><U77/><E102/><V40/><F67/><W11/><G68/><T83/><D99/><U6/><E104/><V3/><F3/><W57/><G106/><T117/><D117/><U118/><E118/><V101/><F76/><N who="1" m="29289" /><E73/><V45/><F15/><N who="1" m="5641" /><E6/><N who="0" m="2089" /><D0/><U98/><E98/><V20/><F20/><W108/><G132/><N who="1" m="50730" /><E131/><N who="0" m="50249" /><D41/><N who="1" m="22967" /><E62/><V1/><F1/><W64/><G130/><T54/><D60/><U33/><E66/><V18/><F42/><W51/><G11/><T59/><D59/><U133/><N who="1" m="50738" /><U81/><DORA hai="72" /><E81/><N who="3" m="31338" /><G64/><T86/><D86/><U75/><E33/><V58/><F58/><W56/><G43/><N who="0" m="22631" /><D37/><U111/><E75/><V5/><F5/><W48/><G100/><T24/><D24/><U88/><E88/><AGARI ba="0,0" hai="54,55,83,84,88" m="22631,50249,2089" machi="88" ten="30,3900,0" yaku="19,1,52,1,54,1" doraHai="69,72" who="0" fromWho="1" sc="352,39,319,-39,206,0,123,0" /><INIT seed="3,0,0,0,0,127" ten="391,280,206,123" oya="3" hai0="6,46,9,80,98,113,82,35,87,47,50,94,43" hai1="30,92,117,83,14,64,68,53,91,109,44,79,93" hai2="108,29,105,134,22,39,58,5,2,107,3,65,59" hai3="76,75,125,23,34,17,21,123,128,122,73,70,13"/><W15/><G70/><T102/><D35/><U88/><E109/><V103/><F39/><W99/><G76/><T69/><D69/><U126/><E30/><V86/><F108/><W63/><G34/><T67/><D113/><U37/><E126/><V31/><F86/><W33/><G33/><T114/><D114/><U111/><E111/><V12/><F134/><W112/><G125/><T40/><D67/><U38/><E14/><V55/><F12/><W10/><G112/><T7/><D9/><U27/><E27/><V104/><F103/><W77/><G77/><T133/><D133/><U57/><E68/><V60/><F5/><W1/><G99/><T135/><D135/><U42/><E64/><V16/><F2/><W49/><G49/><N who="0" m="26823" /><D80/><U96/><E117/><V52/><F3/><W95/><G95/><T4/><D4/><U41/><E79/><AGARI ba="0,0" hai="6,7,43,47,50,79,82,87,94,98,102" m="26823" machi="79" ten="30,1000,0" yaku="8,1" doraHai="127" who="0" fromWho="1" sc="391,10,280,-10,206,0,123,0" owari="401,50.1,270,7.0,206,-19.4,123,-37.7" /></mjloggm>