<mjloggm ver="2.3"><GO type="225" lobby="0"/><UN n0="%41%6F%54" n1="%E3%83%96%E3%83%83%E3%83%91%E3%82%AA%E3%83%96%E3%83%81%E3%82%AD%E3%83%B3" n2="%33%74%72%65%65" n3="%E4%BB%A3%E3%80%85%E6%9C%A8%E5%AF%BF%E4%BA%BA" dan="16,16,17,16" rate="2107.02,2124.34,2224.95,2142.60" sx="M,M,F,M"/><TAIKYOKU oya="0"/><INIT seed="0,0,0,0,2,56" ten="250,250,250,250" oya="0" hai0="72,74,50,118,23,42,124,115,6,128,38,79,35" hai1="104,39,88,41,62,13,4,49,113,114,55,102,121" hai2="29,131,107,70,2,53,75,101,108,3,87,17,129" hai3="12,94,54,116,60,51,133,27,71,110,80,37,67"/><T9/><D115/><N who="1" m="44043" /><E121/><V19/><F75/><W81/><G116/><T30/><D118/><U109/><E109/><V26/><F108/><W48/><G110/><T10/><D50/><U134/><E134/><V64/><F87/><W92/><G37/><T126/><D128/><N who="2" m="49226" /><F53/><W22/><G133/><T65/><D23/><U61/><E41/><V103/><F64/><W97/><G12/><T85/><D85/><U119/><E39/><V28/><F70/><W1/><G94/><T32/><D65/><U52/><E119/><V46/><F46/><W8/><G48/><T130/><D130/><U98/><E88/><V11/><F107/><W16/><G8/><T24/><D9/><N who="1" m="4263" /><E55/><V44/><F44/><AGARI ba="0,0" hai="44,49,52,61,62,98,102,104" m="4263,44043" machi="44" ten="30,7700,0" yaku="11,1,52,2,54,1" doraHai="56" who="1" fromWho="2" sc="250,0,250,77,250,-77,250,0" /><INIT seed="1,0,0,5,4,59" ten="250,327,173,250" oya="1" hai0="2,118,72,91,73,39,103,1,24,13,77,68,134" hai1="34,79,113,120,85,131,7,126,105,94,61,40,82" hai2="106,87,58,55,15,9,11,74,52,25,111,32,96" hai3="45,6,43,76,75,26,70,3,38,89,115,12,21"/><U54/><E113/><V66/><F74/><W16/><G115/><T19/><D118/><U27/><E120/><V44/><F111/><W121/><G121/><T10/><D134/><U8/><E105/><V124/><F124/><W51/><G70/><T71/><D39/><U0/><E126/><V30/><F87/><W92/><G75/><T57/><D103/><U17/><E131/><V48/><F66/><W53/><G76/><T5/><D91/><U116/><E116/><V90/><F15/><W41/><G3/><T18/><D57/><U108/><E108/><V65/><F65/><W125/><G125/><T46/><D46/><U31/><E40/><V69/><F69/><W37/><G37/><T49/><D49/><U123/><E123/><V97/><F106/><W4/><G26/><T88/><D88/><U35/><E17/><V129/><F129/><W102/><G102/><T29/><D77/><U122/><E122/><V95/><REACH who="2" step="1"/><F97/><REACH who="2" ten="250,327,163,250" step="2"/><W132/><G132/><T114/><D114/><U67/><E67/><V60/><AGARI ba="0,1" hai="9,11,25,30,32,44,48,52,55,58,60,90,95,96" machi="60" ten="20,12000,2" yaku="1,1,2,1,0,1,7,1,52,1,54,1,53,0" doraHai="59" doraHaiUra="33" who="2" fromWho="2" sc="250,-30,327,-60,163,130,250,-30" /><INIT seed="2,0,0,4,1,134" ten="220,267,293,220" oya="2" hai0="5,67,66,6,9,80,93,94,65,79,47,60,77" hai1="115,118,126,14,4,119,11,46,12,75,91,33,25" hai2="89,100,69,131,70,39,73,8,21,113,22,120,3" hai3="105,111,35,45,122,63,52,133,132,71,48,61,1"/><V2/><F113/><W92/><G105/><T44/><D60/><N who="3" m="23113" /><G1/><T123/><D123/><U27/><E75/><V37/><F120/><W112/><G35/><T99/><D80/><U41/><E115/><V59/><F73/><W20/><G92/><N who="0" m="35435" /><D9/><U53/><E91/><V55/><F8/><W85/><G85/><T87/><D87/><U72/><E53/><V56/><F55/><W36/><G112/><T90/><D90/><U114/><E114/><V24/><F89/><W102/><G102/><T34/><D99/><U50/><E72/><V64/><F100/><W127/><G122/><T40/><D40/><U125/><E14/><V109/><F2/><W16/><G36/><T101/><D34/><U84/><E84/><V86/><F86/><W15/><G71/><T95/><N who="0" m="35443" /><T76/><DORA hai="51" /><D101/><U108/><E108/><V121/><F39/><W110/><G127/><N who="1" m="48650" /><E33/><V104/><F109/><AGARI ba="0,0" hai="15,16,20,45,48,52,109,110,111,132,133" m="23113" machi="109" ten="30,7700,0" yaku="14,1,52,1,54,2" doraHai="134,51" who="3" fromWho="2" sc="220,0,267,0,293,-77,220,77" /><INIT seed="3,0,0,5,0,5" ten="220,267,216,297" oya="3" hai0="133,65,18,4,42,68,112,59,131,12,100,122,99" hai1="106,80,88,13,34,61,75,109,21,104,77,0,73" hai2="124,50,87,31,102,36,79,51,2,7,44,39,127" hai3="48,78,30,58,96,126,103,66,74,43,63,119,129"/><W118/><G126/><N who="2" m="48169" /><F102/><W17/><G129/><T123/><D131/><U71/><E109/><V93/><F31/><W134/><G134/><T94/><D133/><U117/><E117/><V1/><F50/><W47/><G30/><T62/><D112/><U108/><E108/><V69/><F69/><W35/><G35/><T105/><D4/><U95/><E34/><V116/><F116/><W91/><G91/><T24/><D24/><U90/><E0/><N who="2" m="107" /><F7/><W22/><G78/><T57/><D42/><U121/><E121/><V46/><F46/><W110/><G74/><T89/><D122/><U84/><E75/><V98/><F87/><W97/><G110/><T113/><D113/><U56/><E71/><V27/><F27/><W15/><G97/><T32/><D32/><U64/><REACH who="1" step="1"/><E90/><REACH who="1" ten="220,257,216,297" step="2"/><N who="2" m="55607" /><F79/><W82/><G82/><T115/><D123/><U37/><E37/><V132/><F132/><W8/><G119/><T16/><D115/><U45/><E45/><V10/><F10/><W81/><G81/><T130/><D130/><U76/><E76/><V26/><F26/><W55/><G118/><T120/><D120/><U85/><E85/><V23/><F23/><W33/><G33/><T28/><D68/><U72/><E72/><V101/><F101/><W67/><G22/><T92/><D89/><U38/><E38/><V128/><F128/><W125/><G125/><T60/><D100/><U3/><E3/><V70/><F70/><W114/><G114/><T135/><D135/><U54/><E54/><AGARI ba="0,1" hai="36,39,44,51,54" m="55607,107,48169" machi="54" ten="30,1000,0" yaku="18,1" doraHai="5" who="2" fromWho="1" sc="220,0,257,-10,216,20,297,0" /><INIT seed="4,0,0,1,0,135" ten="220,247,236,297" oya="0" hai0="10,103,74,105,127,134,106,88,82,63,86,29,72" hai1="53,75,31,35,36,27,39,132,50,69,58,118,21" hai2="94,48,78,97,14,44,8,133,101,64,73,90,42" hai3="47,55,121,67,100,71,61,87,98,92,7,46,125"/><T66/><D134/><U114/><E132/><V81/><F133/><W54/><G125/><T38/><D127/><U5/><E118/><V41/><F64/><W32/><G32/><T112/><D112/><U59/><E69/><V13/><F42/><W129/><G129/><T52/><D38/><U123/><E123/><V24/><F24/><W104/><G7/><T3/><D29/><U37/><E114/><V93/><REACH who="2" step="1"/><F8/><REACH who="2" ten="220,247,226,297" step="2"/><W60/><G67/><T130/><D130/><U85/><E27/><V109/><F109/><W30/><G121/><T128/><D128/><U23/><E39/><V65/><F65/><W102/><G71/><T111/><D111/><U68/><E37/><V70/><F70/><W26/><G26/><T11/><D66/><U131/><E36/><V12/><F12/><W91/><G54/><T33/><D10/><U15/><E53/><V99/><AGARI ba="0,1" hai="13,14,41,44,48,73,78,81,90,93,94,97,99,101" machi="99" ten="20,2700,0" yaku="1,1,0,1,7,1,53,0" doraHai="135" doraHaiUra="117" who="2" fromWho="2" sc="220,-13,247,-7,226,37,297,-7" /><INIT seed="5,0,0,4,2,127" ten="207,240,263,290" oya="1" hai0="17,49,99,12,38,53,14,57,62,121,133,0,13" hai1="45,41,122,66,116,5,2,97,73,54,19,65,29" hai2="56,76,89,15,101,94,22,110,36,84,43,74,18" hai3="109,68,90,112,50,44,35,40,59,128,16,135,126"/><U9/><E116/><V77/><F110/><W7/><G35/><T20/><D133/><U107/><E122/><V119/><F119/><W31/><G109/><T108/><D108/><U118/><E118/><V6/><F74/><W117/><G68/><T58/><D38/><U80/><E54/><V120/><F120/><W25/><G117/><T104/><D0/><U34/><E19/><V61/><F6/><W55/><G112/><T132/><D132/><U11/><E11/><V96/><F43/><W81/><G135/><T95/><D104/><U93/><E93/><V51/><F51/><W85/><G128/><T32/><D32/><U87/><E87/><V129/><F129/><W130/><G130/><T64/><REACH who="0" step="1"/><D121/><REACH who="0" ten="197,240,263,290" step="2"/><U10/><E2/><V60/><F36/><W3/><G3/><T70/><D70/><U82/><E34/><V52/><REACH who="2" step="1"/><F61/><REACH who="2" ten="197,240,253,290" step="2"/><W8/><G126/><T71/><D71/><U46/><E73/><V72/><F72/><W113/><G113/><T98/><D98/><U131/><E97/><V115/><F115/><W105/><G50/><T111/><D111/><U83/><E131/><V48/><F48/><W1/><G1/><T21/><D21/><U4/><E4/><V100/><F100/><AGARI ba="0,2" hai="12,13,14,17,20,49,53,57,58,62,64,95,99,100" machi="100" ten="30,3900,0" yaku="1,1,7,1,8,1,53,0" doraHai="127" doraHaiUra="106" who="0" fromWho="2" sc="197,59,240,0,253,-39,290,0" /><INIT seed="6,0,0,4,1,74" ten="256,240,214,290" oya="2" hai0="4,48,65,46,130,131,105,2,118,24,82,38,113" hai1="86,79,56,45,36,127,81,84,11,1,88,106,68" hai2="97,85,96,129,98,59,134,62,87,14,13,43,102" hai3="64,29,123,17,77,33,66,116,72,95,3,52,100"/><V108/><F129/><N who="0" m="49162" /><D105/><U39/><E68/><V12/><F134/><W80/><G3/><T0/><D113/><U35/><E35/><V91/><F108/><W21/><G116/><T53/><D118/><U70/><E70/><V109/><F109/><W73/><G73/><T8/><D65/><U42/><E127/><V71/><F71/><W112/><G33/><T69/><D69/><U32/><E32/><V132/><F132/><W125/><G29/><T89/><D24/><U16/><E106/><V40/><F102/><W20/><G100/><T103/><D103/><U90/><E39/><V101/><F101/><W110/><G66/><T67/><D67/><U76/><E56/><V122/><F122/><W63/><G64/><T75/><D38/><U121/><E121/><V10/><F10/><W37/><G125/><T5/><D89/><U50/><E36/><V104/><F104/><W28/><G37/><T22/><D22/><U57/><E57/><V19/><F19/><W83/><G20/><T6/><D8/><U7/><E16/><V49/><F91/><W54/><G123/><T126/><D126/><U124/><E124/><V31/><F31/><W18/><G28/><T117/><D117/><U34/><E34/><V114/><F114/><W111/><G112/><T115/><D115/><U119/><E119/><V44/><REACH who="2" step="1"/><F43/><REACH who="2" ten="256,240,204,290" step="2"/><W60/><G111/><T94/><D5/><U133/><E133/><V99/><N who="2" m="24576" /><DORA hai="25" /><V58/><F58/><W26/><G110/><T55/><D6/><U9/><E9/><V30/><F30/><W135/><G135/><T93/><D4/><RYUUKYOKU ba="0,1" sc="256,-15,240,15,204,15,290,-15" hai1="1,7,11,42,45,50,76,79,81,84,86,88,90" hai2="12,13,14,40,44,49,59,62,85,87" /><INIT seed="6,1,1,2,5,131" ten="241,255,219,275" oya="2" hai0="85,27,44,76,118,122,3,65,128,33,14,57,133" hai1="59,56,94,34,100,78,115,125,2,23,92,39,104" hai2="69,9,83,108,45,96,71,75,74,31,134,82,66" hai3="103,127,113,11,126,111,55,47,106,89,105,121,120"/><V79/><F31/><W90/><G111/><T97/><D3/><U52/><E34/><V88/><F108/><W132/><G132/><T7/><D44/><U37/><E2/><V6/><F134/><W135/><G135/><T98/><D128/><U32/><E32/><V19/><F66/><W54/><G11/><T114/><D122/><U29/><E78/><V67/><F67/><W68/><G47/><T62/><D114/><U25/><E115/><V0/><F19/><W95/><G113/><T73/><D73/><U102/><E125/><V18/><F18/><W61/><G61/><T48/><D48/><N who="1" m="30727" /><E104/><V84/><F74/><W110/><G95/><N who="1" m="36394" /><E39/><V70/><REACH who="2" step="1"/><F45/><REACH who="2" ten="241,255,209,275" step="2"/><W86/><G110/><T5/><D65/><U16/><E37/><V51/><F51/><W101/><G68/><T124/><D133/><U50/><E29/><V26/><F26/><W21/><G121/><T53/><D27/><U22/><E22/><V87/><F87/><W81/><G120/><T17/><D85/><U20/><E20/><V13/><F13/><W30/><G21/><T72/><D14/><U10/><E10/><V38/><F38/><W42/><G86/><T64/><D33/><U15/><E15/><V107/><F107/><W28/><G106/><T63/><D64/><U112/><E112/><V77/><F77/><W1/><G105/><T117/><D76/><U60/><E50/><V123/><F123/><W130/><G1/><T99/><D72/><U12/><E12/><V93/><F93/><W24/><G130/><T4/><D62/><U49/><E49/><V43/><F43/><RYUUKYOKU ba="1,2" sc="241,-15,255,15,209,15,275,-15" hai1="16,23,25,59,60,100,102" hai2="0,6,9,69,70,71,75,79,82,83,84,88,96" /><INIT seed="6,2,2,2,0,62" ten="226,270,224,260" oya="2" hai0="69,13,56,134,51,130,135,79,102,67,70,27,41" hai1="74,87,30,112,92,88,133,0,114,132,19,125,99" hai2="106,1,105,104,77,10,65,6,2,83,43,117,126" hai3="35,52,107,129,101,55,72,122,5,82,8,39,47"/><V128/><F117/><W18/><G122/><T63/><D130/><U40/><E74/><V44/><F128/><W86/><G129/><T50/><D79/><U20/><E125/><V97/><F126/><W113/><G35/><T53/><D102/><N who="1" m="60775" /><E40/><V127/><F127/><W7/><G7/><T54/><D27/><N who="1" m="14751" /><E30/><V11/><F65/><W94/><G18/><T120/><D13/><U121/><E0/><V26/><F26/><W98/><G107/><T48/><D120/><U59/><E59/><V21/><F21/><W90/><G72/><T119/><D41/><U24/><E24/><V108/><F108/><W31/><G31/><T116/><D116/><U23/><E23/><V49/><F10/><W12/><G113/><N who="1" m="43626" /><E121/><V36/><F2/><W81/><G39/><T25/><D25/><U76/><E76/><V124/><F124/><W46/><G82/><AGARI ba="2,2" hai="82,87,88,132,133" m="43626,14751,60775" machi="82" ten="30,2000,0" yaku="15,1,54,1" doraHai="62" who="1" fromWho="3" sc="226,0,270,46,224,0,260,-26" owari="226,-17.4,316,41.6,224,-27.6,234,3.4" /></mjloggm>