<mjloggm ver="2.3"><GO type="225" lobby="0"/><UN n0="%E7%B4%94%E6%BD%94%E3%83%94%E3%83%A9%E3%83%8B%E3%82%A2" n1="%E6%98%93%E5%88%A9%E8%96%A9%E4%BC%AF" n2="%E3%81%8B%E3%82%8F%E3%81%A1%E3%82%83%E3%82%93%35%38" n3="%E3%81%A4%E3%81%A3%E3%81%B1%E3%82%8A%E3%83%9D%E3%83%BC%E3%83%AB" dan="17,17,16,17" rate="2209.22,2160.09,2143.00,2157.96" sx="M,F,M,M"/><TAIKYOKU oya="0"/><INIT seed="0,0,0,4,1,66" ten="250,250,250,250" oya="0" hai0="91,73,115,113,95,69,105,128,127,80,38,15,79" hai1="111,135,123,75,43,81,30,134,28,114,70,48,119" hai2="2,63,88,29,56,51,36,8,22,61,31,53,100" hai3="5,92,32,133,23,118,85,39,122,4,132,58,82"/><T11/><D38/><U117/><E75/><V54/><F36/><W21/><G118/><N who="1" m="45066" /><E81/><V103/><F2/><W108/><G122/><T98/><D127/><U86/><E86/><V49/><F8/><W97/><G108/><T50/><D128/><U74/><E74/><V25/><F88/><N who="3" m="55431" /><G32/><T96/><D50/><U60/><E123/><V10/><F10/><W3/><G39/><T45/><D45/><N who="1" m="25663" /><E114/><V130/><F130/><W102/><G102/><N who="2" m="38953" /><F29/><W35/><G35/><T109/><D109/><U71/><E60/><V34/><F34/><W104/><G104/><T107/><D96/><U57/><E57/><AGARI ba="0,0" hai="22,25,31,49,51,53,54,56,57,61,63" m="38953" machi="57" ten="30,1000,0" yaku="8,1" doraHai="66" who="2" fromWho="1" sc="250,0,250,-10,250,10,250,0" /><INIT seed="1,0,0,5,5,110" ten="250,240,260,250" oya="1" hai0="65,79,69,30,90,47,126,107,50,28,64,99,3" hai1="19,6,78,1,132,56,71,45,66,38,97,20,32" hai2="10,77,36,60,57,87,109,15,75,128,29,59,103" hai3="33,129,116,22,43,98,105,44,0,25,84,48,74"/><U113/><E32/><V18/><F36/><W117/><G129/><T12/><D3/><U70/><E132/><V130/><F109/><W96/><G74/><T101/><D126/><U111/><E111/><V89/><F103/><W34/><G0/><T49/><D49/><U131/><E131/><N who="2" m="50219" /><F29/><W9/><G9/><T46/><D46/><U62/><E78/><V92/><F60/><W85/><G34/><T17/><D79/><U91/><E113/><V134/><F134/><W41/><G33/><T13/><D13/><U95/><E6/><V106/><F106/><W4/><G41/><T37/><D37/><U7/><E7/><V52/><F52/><W114/><G114/><T5/><D5/><U120/><E1/><V72/><F77/><W104/><G104/><T21/><D90/><U14/><REACH who="1" step="1"/><E120/><REACH who="1" ten="250,230,260,250" step="2"/><V24/><F75/><W11/><G4/><T68/><D28/><U23/><E23/><N who="2" m="13431" /><F72/><W16/><G11/><T125/><D30/><U42/><AGARI ba="0,1" hai="14,19,20,38,42,45,56,62,66,70,71,91,95,97" machi="42" ten="30,3000,0" yaku="1,1,0,1,53,0" doraHai="110" doraHaiUra="121" who="1" fromWho="1" sc="250,-10,230,40,260,-10,250,-10" /><INIT seed="1,1,0,4,3,39" ten="240,270,250,240" oya="1" hai0="15,112,118,53,121,43,68,72,75,102,98,0,95" hai1="27,96,45,10,23,133,86,120,73,35,90,97,26" hai2="100,32,94,70,77,61,60,80,128,14,66,49,85" hai3="103,2,52,81,122,129,134,127,47,115,101,123,3"/><U34/><E120/><V126/><F126/><W59/><G115/><T76/><D112/><U58/><E73/><V16/><F128/><W117/><G127/><T46/><D118/><U17/><E133/><V132/><F132/><W110/><G134/><T93/><D0/><U19/><E58/><V64/><F32/><W41/><G129/><T37/><D121/><U74/><E74/><V69/><F49/><W65/><G65/><T51/><D68/><U18/><E45/><V63/><F63/><W13/><G13/><T119/><D119/><U79/><E79/><V107/><F107/><W25/><G117/><T113/><D113/><U11/><E35/><V31/><F31/><W109/><G25/><T55/><D93/><U125/><E125/><V67/><F67/><W106/><G81/><T114/><D114/><U84/><E34/><V4/><F100/><N who="3" m="38475" /><G106/><T71/><D71/><U22/><REACH who="1" step="1"/><E19/><REACH who="1" ten="240,260,250,240" step="2"/><V28/><F28/><W54/><G123/><T40/><D72/><U20/><E20/><V42/><F16/><W7/><G59/><T92/><D75/><U104/><E104/><V44/><F70/><W38/><G122/><T87/><D76/><U91/><AGARI ba="1,1" hai="10,11,17,18,22,23,26,27,84,86,90,91,96,97" machi="91" ten="25,12000,1" yaku="1,1,0,1,22,2,8,1,53,0" doraHai="39" doraHaiUra="105" who="1" fromWho="1" sc="240,-41,260,133,250,-41,240,-41" /><INIT seed="1,2,0,1,0,28" ten="199,393,209,199" oya="1" hai0="54,5,66,59,56,83,21,14,120,126,48,49,8" hai1="123,79,111,90,24,104,125,87,40,31,57,84,34" hai2="68,17,97,33,88,135,131,35,0,72,70,114,12" hai3="47,53,60,2,80,6,3,92,100,58,74,98,22"/><U41/><E123/><V43/><F43/><W122/><G122/><T16/><D120/><U26/><E104/><V23/><F72/><W108/><G108/><T102/><D126/><U96/><E125/><V124/><F124/><W32/><G32/><T130/><D130/><U133/><E133/><V112/><F0/><W20/><G47/><T118/><D118/><U65/><E96/><V9/><F131/><W110/><G110/><T76/><D102/><U38/><E38/><V71/><F135/><W63/><G63/><T73/><D66/><U103/><E103/><V99/><F23/><W50/><G50/><T44/><REACH who="0" step="1"/><D49/><REACH who="0" ten="189,393,209,199" step="2"/><U106/><E65/><V30/><F70/><W13/><G2/><AGARI ba="2,1" hai="2,5,8,14,16,21,44,48,54,56,59,73,76,83" machi="2" ten="30,7700,0" yaku="1,1,2,1,7,1,54,1,53,0" doraHai="28" doraHaiUra="91" who="0" fromWho="3" sc="189,93,393,0,209,0,199,-83" /><INIT seed="2,0,0,5,2,124" ten="282,393,209,116" oya="2" hai0="101,52,20,83,55,0,35,132,99,114,67,47,93" hai1="129,24,116,25,66,37,100,70,74,133,16,128,19" hai2="56,7,134,111,64,127,23,63,3,32,72,29,75" hai3="91,84,86,90,102,53,73,11,79,14,8,77,10"/><V30/><F32/><W115/><G115/><T81/><D114/><U103/><E37/><V1/><F23/><W87/><G73/><N who="2" m="28233" /><F7/><W120/><G120/><T89/><D35/><U4/><E74/><V122/><F122/><W48/><G102/><N who="1" m="38954" /><E116/><V34/><F34/><W119/><G119/><T39/><D55/><U109/><E109/><V76/><F76/><W123/><G123/><T31/><D47/><U50/><E4/><V62/><F127/><W59/><REACH who="3" step="1"/><G14/><REACH who="3" ten="282,393,209,106" step="2"/><T112/><D101/><U41/><E133/><V80/><F134/><W28/><G28/><T107/><D31/><U95/><E19/><V106/><F106/><W42/><G42/><T97/><D107/><U46/><E16/><V40/><F40/><W51/><G51/><T26/><D132/><U9/><E50/><V58/><F111/><W33/><G33/><T108/><D108/><U36/><E41/><V82/><F1/><W88/><AGARI ba="0,1" hai="8,10,11,48,53,59,77,79,84,86,87,88,90,91" machi="88" ten="40,12000,2" yaku="1,1,0,1,29,2,8,1,54,1,53,0" doraHai="124" doraHaiUra="110" who="3" fromWho="3" sc="282,-30,393,-30,209,-60,106,130" /><INIT seed="3,0,0,4,0,81" ten="252,363,149,236" oya="3" hai0="105,91,31,45,89,110,44,7,27,85,118,75,8" hai1="70,40,100,3,55,11,0,58,50,109,36,79,33" hai2="42,83,86,135,80,54,88,117,60,6,43,9,97" hai3="94,56,1,108,51,48,10,22,26,67,17,68,71"/><W113/><G113/><T16/><D75/><U111/><E33/><V115/><F135/><W59/><G108/><N who="1" m="41546" /><E79/><V99/><F115/><W126/><G126/><T77/><D44/><N who="1" m="23559" /><E70/><V95/><F117/><W87/><G71/><T92/><D8/><U66/><E66/><V124/><F124/><W13/><G1/><T132/><D7/><N who="1" m="1511" /><E100/><V121/><F121/><W82/><G68/><T127/><D77/><U78/><E78/><V52/><F83/><W120/><G120/><T14/><D14/><U84/><E84/><V37/><F99/><W69/><G69/><T112/><D27/><U107/><E3/><V96/><F96/><W41/><G94/><T106/><D92/><U15/><E15/><N who="2" m="5559" /><F37/><W130/><G130/><T74/><D74/><U29/><E29/><V64/><F64/><W18/><G67/><T134/><D31/><U62/><E107/><V116/><F116/><W46/><G51/><AGARI ba="0,0" hai="50,51,55,58,62" m="1511,23559,41546" machi="51" ten="30,1000,0" yaku="14,1" doraHai="81" who="1" fromWho="3" sc="252,0,363,10,149,0,236,-10" owari="252,5.2,373,47.3,149,-35.1,226,-17.4" /></mjloggm>