<mjloggm ver="2.3"><GO type="225" lobby="0"/><UN n0="%E3%81%9F%E3%81%8C%E3%82%84%E3%81%99" n1="%4B%2E%32%2E%4B%2E" n2="%72%69%6F%75%63%68%61%6E" n3="%E7%87%90%2E%2E" dan="17,17,16,16" rate="2201.24,2168.31,2158.01,2136.85" sx="M,M,M,M"/><TAIKYOKU oya="0"/><INIT seed="0,0,0,3,3,101" ten="250,250,250,250" oya="0" hai0="19,124,9,103,122,41,43,59,53,110,131,132,2" hai1="32,81,97,11,77,109,5,127,113,56,68,33,107" hai2="116,63,105,99,39,27,45,28,37,35,89,126,82" hai3="128,65,30,118,117,84,58,10,62,78,17,104,94"/><T20/><D103/><N who="1" m="62959" /><E56/><V121/><F121/><W130/><G30/><T114/><D114/><U13/><E68/><V38/><F126/><W88/><G78/><T92/><D122/><U40/><E40/><V15/><F116/><W1/><G104/><T85/><D132/><U87/><E113/><V70/><F15/><W55/><G17/><T0/><D131/><N who="3" m="50217" /><G65/><T134/><D124/><U100/><E127/><V61/><F45/><W57/><G57/><T21/><D134/><U91/><E100/><N who="2" m="62623" /><F61/><W96/><G96/><T74/><D74/><N who="1" m="43191" /><E91/><V76/><F89/><W50/><G50/><T42/><D110/><U123/><E109/><V120/><F120/><W98/><G98/><T60/><D9/><U129/><E123/><V133/><F133/><W93/><G93/><T108/><D108/><U90/><E129/><V119/><F119/><W7/><AGARI ba="0,0" hai="1,7,10,55,58,62,84,88,94,117,118" m="50217" machi="7" ten="30,2000,0" yaku="19,1,54,1" doraHai="101" who="3" fromWho="3" sc="250,-10,250,-5,250,-5,250,20" /><INIT seed="1,0,0,5,3,99" ten="240,245,245,270" oya="1" hai0="30,26,16,80,101,31,47,61,74,117,57,32,115" hai1="27,68,73,43,109,90,100,1,92,44,48,22,78" hai2="67,18,107,132,3,70,66,98,76,105,14,33,51" hai3="8,10,41,94,131,121,6,110,113,118,25,89,52"/><U45/><E68/><V130/><F3/><W65/><G113/><T114/><D31/><U91/><E1/><V9/><F33/><W23/><G121/><T7/><D7/><U77/><E109/><V0/><F130/><W50/><G131/><T128/><D128/><U34/><E34/><V134/><F0/><W63/><G110/><T55/><D117/><U53/><E73/><V40/><F76/><W72/><G72/><T88/><D101/><U124/><E124/><V112/><F112/><W15/><G41/><T38/><D74/><U60/><E91/><V28/><F28/><W39/><G39/><T37/><D37/><U125/><E100/><N who="2" m="62615" /><F107/><W83/><G83/><T116/><D116/><U21/><E125/><V5/><F70/><W71/><G118/><T103/><D103/><U84/><E21/><V111/><F5/><W95/><G10/><T87/><REACH who="0" step="1"/><D16/><REACH who="0" ten="230,245,245,270" step="2"/><U93/><E93/><V133/><F111/><W12/><G95/><T58/><D58/><N who="1" m="34895" /><E45/><AGARI ba="0,1" hai="9,14,18,40,45,51,66,67,132,133,134" m="62615" machi="45" ten="30,2000,0" yaku="20,1,52,1" doraHai="99" who="2" fromWho="1" sc="230,0,245,-20,245,30,270,0" /><INIT seed="2,0,0,0,2,73" ten="230,225,275,270" oya="2" hai0="98,28,74,90,33,70,101,127,25,64,91,82,115" hai1="110,125,129,58,78,7,60,38,102,112,104,95,50" hai2="123,20,83,118,1,97,77,8,41,131,94,23,68" hai3="86,45,10,49,107,122,32,44,5,48,93,81,37"/><V9/><F118/><W27/><G107/><T31/><D31/><U17/><E38/><V57/><F123/><W108/><G122/><T96/><D115/><U39/><E112/><V116/><F68/><W6/><G37/><T66/><D127/><U55/><E39/><V15/><F116/><W19/><G108/><T29/><D29/><U56/><E104/><V11/><F131/><W119/><G119/><T47/><D47/><U120/><E120/><V53/><F41/><W121/><G121/><T30/><D30/><U117/><E117/><V51/><F1/><W79/><G93/><T84/><D74/><U36/><E36/><V113/><F15/><W134/><G134/><T100/><D90/><U2/><E110/><V54/><F113/><W75/><G75/><T88/><D91/><U18/><E129/><V85/><REACH who="2" step="1"/><F53/><REACH who="2" ten="230,225,265,270" step="2"/><W34/><G27/><T126/><D126/><U135/><E125/><V106/><F106/><W69/><G69/><T87/><D70/><U133/><E133/><V67/><F67/><W109/><G109/><T114/><D114/><U35/><E135/><V46/><F46/><W3/><G44/><T65/><D65/><U0/><E0/><V24/><F24/><W124/><G124/><T62/><D66/><U43/><E2/><V80/><F80/><W16/><G45/><T42/><D42/><U132/><E132/><V13/><F13/><W89/><G3/><T72/><D64/><U26/><E35/><V111/><F111/><W103/><G34/><T52/><D33/><U12/><E43/><V59/><F59/><W22/><G32/><RYUUKYOKU ba="0,1" sc="230,-10,225,-10,265,30,270,-10" hai2="8,9,11,20,23,51,54,57,77,83,85,94,97" /><INIT seed="2,1,1,4,2,107" ten="220,215,295,260" oya="2" hai0="66,13,6,131,33,55,108,45,32,120,10,125,119" hai1="118,132,123,49,106,134,133,30,129,39,91,78,8" hai2="27,114,56,14,26,48,92,101,11,9,20,42,19" hai3="72,86,84,127,109,34,68,44,128,7,61,102,60"/><V113/><F27/><W90/><G72/><T28/><D66/><U54/><E118/><V117/><F117/><W100/><G34/><T94/><D119/><U87/><E39/><V4/><F56/><W59/><G109/><T95/><D120/><U112/><E112/><V62/><F62/><W37/><G127/><T40/><D108/><U58/><E106/><V46/><REACH who="2" step="1"/><F11/><REACH who="2" ten="220,215,285,260" step="2"/><W105/><G60/><T63/><D63/><U85/><E8/><V122/><F122/><W65/><G59/><T23/><D10/><U111/><E123/><V67/><F67/><W36/><G61/><T52/><D33/><U22/><E111/><V51/><F51/><W110/><G65/><T89/><D32/><U16/><E58/><V75/><F75/><W43/><G110/><T135/><D125/><U93/><E49/><V83/><F83/><W17/><G37/><T73/><D73/><U88/><E30/><V115/><F115/><W29/><G29/><T80/><D80/><U76/><E129/><V57/><F57/><W21/><G128/><T41/><D131/><U38/><E38/><V81/><F81/><W103/><G36/><T70/><D28/><U5/><E54/><V31/><F31/><W74/><G74/><T24/><D52/><U99/><E22/><V121/><F121/><W124/><G21/><T2/><D55/><U116/><E116/><V104/><F104/><W69/><G105/><T97/><D23/><U25/><E25/><V50/><F50/><W15/><G124/><T96/><D24/><U35/><E35/><V0/><F0/><W126/><G126/><RYUUKYOKU ba="1,2" sc="220,-10,215,-10,285,30,260,-10" hai2="4,9,14,19,20,26,42,46,48,92,101,113,114" /><INIT seed="2,2,2,1,1,56" ten="210,205,315,250" oya="2" hai0="88,101,3,82,35,33,62,74,86,90,13,131,111" hai1="39,32,60,66,31,68,129,5,63,11,19,95,71" hai2="89,117,49,37,96,115,94,78,30,26,91,81,10" hai3="124,45,83,102,67,42,17,40,18,120,135,77,98"/><V2/><F115/><W44/><G120/><T29/><D3/><U105/><E105/><V109/><F117/><W59/><G124/><T106/><D111/><U122/><E39/><V7/><F109/><W132/><G67/><T70/><D131/><U50/><E129/><V21/><F37/><W100/><G59/><T108/><D108/><U130/><E130/><V118/><F118/><W133/><G77/><T24/><D74/><U72/><E72/><V14/><F49/><N who="3" m="26759" /><G83/><T85/><D13/><U9/><E122/><V125/><F125/><W80/><G80/><T99/><D35/><U93/><E19/><N who="3" m="7178" /><G98/><T53/><D53/><U127/><E127/><V1/><F91/><N who="0" m="34858" /><D82/><U84/><E84/><AGARI ba="2,2" hai="1,2,7,10,14,21,26,30,78,81,84,89,94,96" machi="84" ten="30,1500,0" yaku="7,1" doraHai="56" who="2" fromWho="1" sc="210,0,205,-21,315,41,250,0" /><INIT seed="2,3,0,2,2,124" ten="210,184,356,250" oya="2" hai0="115,65,36,13,129,22,21,109,117,52,131,88,122" hai1="25,41,31,63,72,69,90,26,74,89,49,66,87" hai2="51,71,80,9,86,58,70,79,47,20,16,132,77" hai3="93,105,91,99,94,111,8,97,85,114,102,107,95"/><V15/><F132/><W0/><G0/><T17/><D36/><U81/><E25/><V18/><F79/><W10/><G10/><T30/><D122/><U84/><E49/><V4/><F58/><W101/><G8/><T6/><D115/><U121/><E41/><V56/><F56/><W113/><REACH who="3" step="1"/><G111/><REACH who="3" ten="210,184,356,240" step="2"/><T67/><D109/><U118/><E121/><V53/><REACH who="2" step="1"/><F18/><REACH who="2" ten="210,184,346,240" step="2"/><W3/><G3/><AGARI ba="3,2" hai="3,4,9,15,16,20,47,51,53,70,71,77,80,86" machi="3" ten="30,12000,1" yaku="1,1,2,1,7,1,54,1,53,1" doraHai="124" doraHaiUra="50" who="2" fromWho="3" sc="210,0,184,0,346,149,240,-129" /><INIT seed="2,4,0,3,0,127" ten="210,184,495,111" oya="2" hai0="28,122,75,13,114,121,68,15,31,47,79,49,32" hai1="96,135,2,1,7,8,44,115,117,70,110,50,51" hai2="18,54,89,76,10,6,14,65,109,116,55,88,48" hai3="36,74,102,25,27,123,90,58,16,100,4,72,91"/><V64/><F116/><W52/><G36/><T53/><D68/><U63/><E115/><V57/><F109/><W132/><G123/><T128/><D114/><U119/><E1/><V103/><F103/><N who="3" m="39467" /><G74/><T33/><D75/><U22/><E96/><V38/><F38/><W42/><G42/><T93/><D79/><U95/><E95/><V21/><F76/><W35/><G72/><T66/><D66/><N who="2" m="25706" /><F54/><W29/><G35/><T81/><D81/><U69/><E110/><V60/><F60/><N who="3" m="35911" /><G4/><T24/><D53/><U9/><E7/><V99/><F99/><W62/><G132/><T34/><D34/><U120/><E135/><V23/><F23/><N who="3" m="15551" /><G62/><T108/><D33/><U5/><E63/><V11/><F11/><W134/><G134/><T73/><D32/><U19/><E5/><V129/><F129/><W56/><G56/><T98/><D73/><U126/><E2/><V133/><F133/><W113/><G113/><T101/><D128/><U17/><E120/><V87/><F87/><W107/><G107/><T106/><D122/><U40/><E117/><V39/><F39/><W124/><G124/><T71/><D121/><U67/><E126/><V59/><F57/><W97/><G97/><T85/><D71/><U0/><E0/><V45/><F59/><W86/><G86/><T105/><D85/><U118/><E40/><V41/><F41/><W94/><G94/><T84/><D93/><U20/><E67/><V80/><F80/><W78/><G78/><T26/><D84/><U125/><E125/><V61/><F6/><W46/><G46/><AGARI ba="4,0" hai="8,9,17,19,20,22,44,46,50,51,69,70,118,119" machi="46" ten="25,1600,0" yaku="22,2" doraHai="127" who="1" fromWho="3" sc="210,0,184,28,495,0,111,-28" /><INIT seed="3,0,0,1,5,132" ten="210,212,495,83" oya="3" hai0="94,115,96,37,35,69,123,100,85,5,99,15,80" hai1="28,13,44,114,92,39,76,75,29,131,19,133,135" hai2="65,112,58,81,95,31,60,93,40,86,128,88,71" hai3="122,102,11,89,78,24,70,12,104,50,9,26,120"/><W109/><G70/><T130/><D37/><U106/><E106/><V116/><F128/><W97/><G78/><T17/><D35/><U67/><E114/><V27/><F112/><W57/><G109/><T14/><D115/><U30/><E131/><V84/><F116/><W2/><G2/><T118/><D130/><U127/><E127/><V1/><F1/><W10/><G12/><T82/><D69/><U124/><E124/><V3/><F3/><W45/><G57/><T63/><D123/><U48/><E39/><V68/><F40/><W134/><G134/><N who="1" m="51210" /><E92/><V101/><F95/><W56/><G56/><T64/><D118/><U87/><E67/><V33/><F101/><W108/><G108/><T23/><D99/><U66/><E66/><V36/><F36/><W20/><G89/><AGARI ba="0,0" hai="27,31,33,58,60,65,68,71,81,84,86,88,89,93" machi="89" ten="30,2000,0" yaku="7,1,54,1" doraHai="132" who="2" fromWho="3" sc="210,0,212,0,495,20,83,-20" owari="210,-19.0,212,1.2,515,61.5,63,-43.7" /></mjloggm>