<mjloggm ver="2.3"><GO type="225" lobby="0"/><UN n0="%6B%75%7A%75%6E" n1="%E3%81%8B%E3%82%8F%E3%81%A1%E3%82%83%E3%82%93%35%38" n2="%E3%83%96%E3%83%83%E3%83%91%E3%82%AA%E3%83%96%E3%83%81%E3%82%AD%E3%83%B3" n3="%E6%81%A5%E6%99%92%E3%81%97" dan="17,16,16,16" rate="2142.95,2127.33,2153.97,2085.79" sx="M,M,M,M"/><TAIKYOKU oya="0"/><INIT seed="0,0,0,2,5,3" ten="250,250,250,250" oya="0" hai0="51,120,65,103,119,121,0,14,15,64,129,90,109" hai1="134,58,123,82,77,63,43,24,128,107,22,20,37" hai2="59,54,23,70,122,12,30,55,8,88,98,91,11" hai3="133,32,96,26,102,19,99,97,49,50,41,71,87"/><T105/><D119/><U106/><E123/><V13/><F122/><W18/><G133/><T108/><D0/><U114/><E134/><V21/><F70/><W131/><G131/><T110/><D129/><U53/><E128/><V1/><F1/><W73/><G73/><T38/><D38/><U118/><E118/><V68/><F68/><W69/><G102/><T5/><D90/><U117/><E117/><V60/><F30/><W61/><G87/><T111/><N who="0" m="27648" /><DORA hai="48" /><T52/><D103/><U132/><E132/><V72/><F72/><W83/><G83/><T93/><D93/><U80/><E114/><V62/><REACH who="2" step="1"/><F59/><REACH who="2" ten="250,250,240,250" step="2"/><W79/><G71/><T25/><D105/><U126/><E107/><V75/><F75/><W4/><G69/><T94/><D94/><U17/><E106/><V2/><F2/><W34/><G34/><T86/><D86/><U112/><E112/><V95/><F95/><W115/><G32/><T31/><D121/><U16/><E126/><V6/><F6/><W40/><G4/><T33/><D120/><U78/><E82/><V85/><F85/><W7/><G7/><T28/><D31/><U130/><E130/><V56/><F56/><W76/><G115/><T125/><D125/><U10/><E80/><V100/><F100/><W127/><G127/><T46/><D5/><U116/><E116/><V35/><F35/><W101/><G101/><T47/><D46/><U42/><E58/><V29/><F29/><W39/><G99/><AGARI ba="0,1" hai="8,11,12,13,21,23,54,55,60,62,88,91,98,99" machi="99" ten="25,12000,2" yaku="1,1,22,2,8,1,52,2,54,1,53,0" doraHai="3,48" doraHaiUra="89,74" who="2" fromWho="3" sc="250,0,250,0,240,130,250,-120" /><INIT seed="1,0,0,5,0,120" ten="250,250,370,130" oya="1" hai0="28,76,66,72,68,101,87,63,62,106,82,98,2" hai1="30,13,1,61,127,36,117,42,133,80,22,135,112" hai2="70,52,53,119,125,126,17,104,75,32,132,85,113" hai3="19,67,94,130,131,103,90,18,123,65,45,46,81"/><U71/><E1/><V100/><F119/><W86/><G123/><T3/><D63/><U84/><E117/><V4/><F75/><W10/><G131/><T39/><D39/><U89/><E112/><V64/><F32/><W8/><G130/><T128/><D128/><U111/><E127/><N who="2" m="48651" /><F132/><N who="1" m="50761" /><E111/><V41/><F113/><W12/><G103/><T26/><REACH who="0" step="1"/><D87/><REACH who="0" ten="240,250,370,130" step="2"/><U69/><E61/><N who="2" m="40207" /><F85/><W122/><G122/><T93/><D93/><U121/><E121/><V0/><F41/><W49/><G94/><T97/><D97/><U110/><E42/><V50/><F50/><W37/><G37/><T92/><D92/><U25/><E36/><V55/><F104/><W38/><G38/><T114/><D114/><U7/><E110/><V57/><F100/><W44/><REACH who="3" step="1"/><G49/><REACH who="3" ten="240,250,370,120" step="2"/><T33/><AGARI ba="0,2" hai="2,3,26,28,33,62,66,68,72,76,82,98,101,106" machi="33" ten="20,16000,3" yaku="1,1,0,1,7,1,25,2,33,3,53,1" doraHai="120" doraHaiUra="59" who="0" fromWho="0" sc="240,180,250,-80,370,-40,120,-40" /><INIT seed="2,0,0,1,2,98" ten="420,170,330,80" oya="2" hai0="26,53,114,109,110,56,46,24,92,16,81,34,128" hai1="82,51,87,42,45,21,57,6,8,22,134,130,68" hai2="106,100,10,36,37,31,115,14,77,64,122,116,135" hai3="78,25,111,66,127,5,19,61,133,9,23,58,83"/><V126/><F115/><W28/><G111/><N who="0" m="42507" /><D114/><U62/><E130/><V129/><F116/><W17/><G127/><T124/><D124/><U85/><E134/><V29/><F122/><W1/><G133/><T72/><D128/><U105/><E105/><V96/><F126/><W11/><G11/><T108/><D108/><U95/><E68/><V15/><F129/><W35/><G19/><T76/><D34/><U50/><E50/><V86/><F135/><W90/><G90/><T13/><D92/><U88/><E8/><V104/><F64/><W38/><G38/><T63/><D46/><U94/><E6/><V121/><F121/><W91/><G91/><T99/><D99/><U12/><E12/><V107/><F37/><W0/><G0/><T118/><D118/><U65/><REACH who="1" step="1"/><E95/><REACH who="1" ten="420,160,330,80" step="2"/><N who="2" m="58399" /><F36/><W55/><G66/><T3/><D3/><U70/><E70/><V39/><F39/><W132/><G132/><T18/><D18/><U54/><E54/><V48/><F107/><W59/><G55/><T103/><D26/><U73/><E73/><V69/><F106/><W67/><G67/><T131/><D24/><U102/><E102/><V7/><F104/><W75/><REACH who="3" step="1"/><G61/><REACH who="3" ten="420,160,330,70" step="2"/><T20/><D131/><U49/><E49/><V79/><F48/><W84/><G84/><T80/><D103/><U40/><E40/><V113/><F86/><W60/><G60/><T74/><D74/><U2/><E2/><V41/><F113/><W112/><G112/><T120/><D120/><U43/><E43/><V93/><F41/><W123/><G123/><T30/><D72/><U52/><E52/><RYUUKYOKU ba="0,2" sc="420,-15,160,15,330,-15,70,15" hai1="21,22,42,45,51,57,62,65,82,85,87,88,94" hai3="1,5,9,17,23,25,28,35,58,59,75,78,83" /><INIT seed="3,1,2,1,1,129" ten="405,175,315,85" oya="3" hai0="100,12,83,95,127,99,24,3,84,128,0,54,79" hai1="35,107,26,33,66,103,51,134,40,57,110,16,55" hai2="34,48,122,47,109,86,72,50,98,73,123,15,135" hai3="89,63,45,77,88,41,9,25,5,87,28,36,27"/><W93/><G77/><T53/><D128/><U74/><E74/><N who="2" m="28779" /><F34/><W125/><G125/><T94/><D127/><U132/><E110/><V60/><F109/><W106/><G106/><T104/><D3/><U68/><E40/><V81/><F98/><W82/><G63/><T43/><D0/><U131/><E131/><V21/><F60/><W80/><G28/><T90/><D43/><U117/><E117/><V70/><F70/><W92/><G82/><T52/><D24/><U56/><E56/><V64/><F64/><W65/><G65/><T22/><D22/><N who="1" m="13639" /><E68/><V38/><F38/><W76/><G76/><T105/><REACH who="0" step="1"/><D12/><REACH who="0" ten="395,175,315,85" step="2"/><U116/><E116/><V124/><F21/><W18/><G18/><T120/><D120/><N who="2" m="46122" /><F15/><W108/><G108/><T78/><D78/><U111/><E111/><V102/><F102/><W101/><G101/><T4/><D4/><U126/><E126/><V121/><F50/><W115/><G115/><T14/><D14/><U62/><E103/><V10/><F10/><W6/><G80/><T71/><D71/><N who="1" m="42455" /><E107/><V44/><F124/><W20/><G20/><T2/><D2/><U8/><E8/><V133/><F121/><W113/><G113/><T7/><D7/><U46/><E46/><N who="2" m="17451" /><F48/><W69/><G69/><T11/><D11/><U59/><E59/><V61/><F61/><W130/><G130/><T29/><D29/><U1/><E1/><V19/><F19/><W49/><G36/><T91/><D91/><AGARI ba="1,3" hai="81,86,91,133,135" m="17451,46122,28779" machi="91" ten="40,5200,0" yaku="13,1,52,2" doraHai="129" who="2" fromWho="0" sc="395,-55,175,0,315,85,85,0" owari="340,14.0,175,-22.5,400,50.0,85,-41.5" /></mjloggm>