<mjloggm ver="2.3"><GO type="225" lobby="0"/><UN n0="%E3%81%95%E3%81%8D%E3%81%9F%E3%81%BE%E6%9E%97%E6%AA%8E" n1="%E3%81%8B%E3%82%8F%E3%81%A1%E3%82%83%E3%82%93%35%38" n2="%E8%BE%9B%E5%8F%A3%E3%82%AB%E3%83%AC%E3%83%BC%E3%83%A9%E3%82%A4%E3%82%B9" n3="%E7%B4%94%E6%BD%94%E3%83%94%E3%83%A9%E3%83%8B%E3%82%A2" dan="16,16,16,17" rate="2134.80,2154.85,2163.34,2170.68" sx="M,M,M,M"/><TAIKYOKU oya="0"/><INIT seed="0,0,0,5,4,21" ten="250,250,250,250" oya="0" hai0="131,22,50,94,62,36,79,83,117,97,122,116,52" hai1="101,90,120,59,126,51,12,0,66,37,114,63,103" hai2="81,23,43,112,4,45,123,2,108,58,113,107,84" hai3="93,27,25,129,65,20,89,32,128,16,85,127,8"/><T88/><D122/><U26/><E0/><V48/><F123/><W69/><G127/><T121/><D121/><U92/><E37/><V55/><F107/><W68/><G8/><T75/><D131/><N who="3" m="50249" /><G65/><T49/><D36/><U133/><E120/><V10/><F108/><W82/><G93/><T110/><D110/><U130/><E130/><V61/><REACH who="2" step="1"/><F23/><REACH who="2" ten="250,250,240,250" step="2"/><W132/><G132/><T9/><D22/><U13/><E133/><V111/><F111/><W6/><G6/><T87/><D117/><U70/><E126/><V29/><F29/><AGARI ba="0,1" hai="16,20,25,27,29,32,68,69,82,85,89" m="50249" machi="29" ten="30,7700,0" yaku="19,1,52,2,54,1" doraHai="21" who="3" fromWho="2" sc="250,0,250,0,240,-77,250,87" /><INIT seed="1,0,0,5,1,17" ten="250,250,163,337" oya="1" hai0="91,72,82,68,80,86,16,110,1,57,85,122,64" hai1="116,36,129,127,93,10,63,108,52,33,54,35,124" hai2="67,44,100,133,120,78,21,46,109,73,3,58,96" hai3="131,47,106,38,76,60,94,95,79,107,15,134,113"/><U83/><E116/><V117/><F117/><W50/><G38/><T27/><D110/><U115/><E115/><V43/><F120/><W102/><G113/><T28/><D1/><U70/><E36/><V77/><F3/><W6/><G131/><T45/><D122/><U105/><E105/><V111/><F133/><W40/><G134/><T103/><D103/><U14/><E129/><V118/><F118/><W32/><G32/><N who="1" m="12362" /><E108/><N who="2" m="41547" /><F73/><W31/><G31/><T88/><D72/><U53/><E83/><V49/><F46/><W37/><G37/><T24/><D68/><U71/><E93/><N who="2" m="58383" /><F67/><W48/><G47/><T5/><D45/><U65/><E70/><V13/><F58/><W123/><G102/><T62/><D5/><U89/><E89/><V23/><F13/><W39/><G15/><T0/><D0/><U29/><E29/><V81/><F81/><W87/><G39/><T30/><D27/><U9/><E14/><V74/><F74/><W114/><G123/><T26/><D24/><U121/><E121/><V99/><F99/><W19/><G114/><T34/><D34/><U22/><E22/><AGARI ba="0,0" hai="21,22,23,43,44,49,77,78" m="58383,41547" machi="22" ten="30,7700,0" yaku="14,1,52,3" doraHai="17" who="2" fromWho="1" sc="250,0,250,-77,163,77,337,0" /><AGARI ba="0,0" hai="16,22,26,28,30,57,62,64,80,82,85,86,88,91" machi="22" ten="40,8000,1" yaku="9,1,8,1,52,1,54,2" doraHai="17" who="0" fromWho="1" sc="250,80,173,-80,240,0,337,0" /><INIT seed="2,0,0,2,5,134" ten="330,93,240,337" oya="2" hai0="71,89,87,1,7,114,96,28,60,51,35,92,126" hai1="101,113,18,82,65,90,61,3,67,33,80,78,109" hai2="47,102,21,55,19,74,112,88,129,107,116,2,106" hai3="48,120,122,0,10,13,66,97,94,118,58,95,23"/><V99/><F112/><W70/><G118/><T98/><D114/><U4/><E113/><V57/><F116/><W29/><G70/><T6/><D35/><U128/><E33/><V27/><F74/><W125/><G95/><T105/><D28/><U73/><E109/><V32/><F2/><W81/><G81/><T44/><D105/><U62/><E128/><V132/><F132/><W30/><G0/><T37/><D37/><U93/><E101/><V117/><F117/><W68/><G68/><T45/><D60/><U123/><E123/><V43/><F129/><W20/><G125/><T36/><D126/><U131/><E131/><V31/><F106/><W103/><G120/><T77/><D71/><U115/><E115/><V86/><F47/><W5/><G122/><T64/><D64/><U130/><E130/><V38/><F43/><W16/><G48/><T69/><D69/><U135/><E135/><V54/><F57/><W9/><G10/><T72/><D36/><U133/><E133/><V127/><F38/><W124/><G124/><T79/><D72/><U12/><E80/><V26/><REACH who="2" step="1"/><F127/><REACH who="2" ten="330,93,230,337" step="2"/><W34/><G58/><T100/><D1/><U53/><E53/><V22/><F22/><W49/><G23/><T25/><D45/><U56/><E65/><V76/><F76/><W15/><G34/><T83/><D79/><U110/><E110/><V119/><F119/><W17/><G66/><T104/><D77/><U50/><E67/><V11/><F11/><N who="3" m="4335" /><G49/><T59/><D51/><U85/><E3/><V121/><F121/><W84/><G84/><T91/><D87/><RYUUKYOKU ba="0,1" sc="330,-15,93,-15,230,15,337,15" hai2="19,21,26,27,31,32,54,55,86,88,99,102,107" hai3="9,15,16,17,20,29,30,94,97,103" /><INIT seed="2,1,1,2,2,92" ten="315,78,245,352" oya="2" hai0="117,103,82,124,8,15,34,134,23,57,67,4,37" hai1="62,123,72,7,32,110,119,109,66,95,97,1,93" hai2="47,24,99,85,13,2,65,56,17,84,20,76,9" hai3="40,59,133,89,79,91,10,74,52,48,78,58,114"/><V94/><F2/><W122/><G122/><T105/><D37/><U46/><E119/><V111/><F111/><W60/><G114/><T90/><D34/><U31/><E123/><V0/><F0/><W54/><G133/><T14/><D134/><U53/><E72/><V29/><F76/><N who="3" m="29227" /><G74/><T129/><D129/><U121/><E121/><V120/><F120/><W49/><G10/><T55/><D67/><U116/><E116/><V28/><F28/><W73/><G73/><T41/><D117/><U112/><E112/><V100/><F47/><AGARI ba="1,1" hai="40,47,48,49,52,54,58,59,60,89,91" m="29227" machi="47" ten="30,2000,0" yaku="8,1,54,1" doraHai="92" who="3" fromWho="2" sc="315,0,78,0,245,-23,352,33" /><INIT seed="3,0,0,5,5,113" ten="315,78,222,385" oya="3" hai0="41,124,112,3,114,34,98,133,0,12,104,122,88" hai1="129,29,35,108,123,17,67,94,53,13,64,1,19" hai2="58,68,51,36,15,106,105,73,10,74,130,38,90" hai3="81,33,18,62,93,63,126,117,70,115,99,23,132"/><W84/><G115/><N who="0" m="44075" /><D104/><U52/><E108/><V14/><F58/><W27/><G33/><T7/><D41/><U78/><E129/><V31/><F51/><W125/><G132/><T61/><D34/><U119/><E1/><V120/><F10/><W89/><G117/><T80/><D122/><U116/><E35/><V96/><F31/><W134/><G134/><T26/><D133/><U65/><E123/><V110/><F96/><W71/><G70/><T121/><D121/><U49/><E29/><V32/><F32/><W85/><G85/><T127/><D61/><U72/><E94/><V92/><F120/><W8/><G8/><N who="0" m="4127" /><D26/><U46/><E53/><V5/><F90/><W43/><G43/><T82/><D82/><U4/><E4/><V101/><F101/><W131/><G131/><T60/><D60/><U11/><E78/><V50/><F68/><W22/><G22/><T69/><D69/><U42/><E72/><V9/><F5/><W28/><G71/><T54/><D54/><U47/><REACH who="1" step="1"/><E19/><REACH who="1" ten="315,68,222,385" step="2"/><V77/><F77/><N who="3" m="46127" /><G18/><T16/><D16/><U111/><E111/><V87/><F92/><W97/><G62/><T79/><D79/><U109/><E109/><V20/><F74/><W30/><G63/><T39/><D39/><AGARI ba="0,1" hai="11,13,17,39,42,46,47,49,52,64,65,67,116,119" machi="39" ten="40,8000,1" yaku="1,1,52,2,54,1,53,0" doraHai="113" doraHaiUra="135" who="1" fromWho="0" sc="315,-80,68,90,222,0,385,0" owari="235,3.5,158,-34.2,222,-17.8,385,48.5" /></mjloggm>