<mjloggm ver="2.3"><GO type="225" lobby="0"/><UN n0="%E3%83%A9%E3%82%B9%E7%8E%87%EF%BC%93%E5%89%B2" n1="%E6%98%93%E5%88%A9%E8%96%A9%E4%BC%AF" n2="%E7%9A%AE%E3%80%85" n3="%E3%81%BF%E3%81%BF%E3%81%9A" dan="17,17,16,18" rate="2219.85,2167.86,2128.56,2213.39" sx="F,F,M,M"/><TAIKYOKU oya="0"/><INIT seed="0,0,0,4,4,61" ten="250,250,250,250" oya="0" hai0="132,55,102,92,40,29,112,34,100,46,25,71,8" hai1="37,133,90,93,75,10,113,6,2,23,54,73,52" hai2="87,129,86,28,67,119,126,109,27,88,16,41,4" hai3="45,106,18,26,51,35,60,13,20,49,76,118,91"/><T105/><D112/><U131/><E113/><V130/><F109/><W94/><G118/><T123/><D123/><U72/><E37/><V128/><F119/><W9/><G106/><T58/><D132/><U57/><E131/><V107/><F107/><W85/><G35/><T7/><D71/><U5/><E133/><V15/><F4/><W135/><G135/><T117/><D92/><U96/><E6/><V95/><F126/><W43/><G76/><T122/><D105/><U70/><E70/><V24/><F41/><W56/><G51/><T1/><D122/><U121/><E121/><V50/><F50/><W115/><G115/><T30/><D30/><U68/><E68/><V21/><F67/><W0/><G0/><T59/><D59/><U74/><N who="1" m="18432" /><DORA hai="134" /><U48/><E54/><V116/><F116/><W64/><G26/><T78/><D78/><U14/><REACH who="1" step="1"/><E23/><AGARI ba="0,0" hai="9,13,18,20,23,43,45,49,56,60,64,85,91,94" machi="23" ten="40,2600,0" yaku="8,1,52,1" doraHai="61,134" who="3" fromWho="1" sc="250,0,250,-26,250,0,250,26" /><INIT seed="1,0,0,1,5,28" ten="250,224,250,276" oya="1" hai0="79,49,98,99,112,15,102,76,134,39,14,90,123" hai1="0,72,21,7,87,114,43,124,88,38,9,108,4" hai2="86,53,62,92,48,83,66,59,81,82,69,107,135" hai3="109,74,85,97,26,34,19,47,115,105,78,10,37"/><U94/><E114/><V113/><F113/><W24/><G115/><T122/><D112/><RYUUKYOKU type="kaze4" ba="0,0" sc="250,0,224,0,250,0,276,0" /><INIT seed="1,1,0,3,1,27" ten="250,224,250,276" oya="1" hai0="53,104,95,75,40,57,12,94,36,21,43,68,113" hai1="84,3,72,86,80,19,106,81,33,58,44,76,45" hai2="122,115,119,39,7,135,73,66,4,8,69,88,126" hai3="38,116,28,47,98,83,20,9,1,37,22,96,23"/><U26/><E106/><V123/><F119/><W90/><G116/><T120/><D104/><U6/><E58/><V52/><F135/><W60/><G60/><T29/><D75/><U56/><E72/><V125/><F73/><W31/><G1/><T99/><D113/><U100/><E100/><V10/><F39/><W64/><G64/><T0/><D0/><U48/><E6/><V70/><F66/><W103/><G9/><T30/><D36/><U2/><E56/><V107/><F107/><W77/><G103/><T46/><D94/><U42/><E45/><V41/><F41/><N who="0" m="15946" /><D68/><U108/><E108/><V17/><F17/><W114/><G47/><T49/><D46/><U74/><E74/><V13/><F13/><W59/><G59/><T129/><D129/><U63/><E63/><V65/><F65/><W34/><G114/><T24/><D120/><U112/><E112/><V128/><F115/><W11/><G11/><T54/><D12/><U32/><E33/><V92/><F92/><W93/><G98/><T35/><D35/><U133/><E133/><V127/><F127/><W14/><G14/><T71/><D54/><U15/><E32/><V131/><REACH who="2" step="1"/><F88/><REACH who="2" ten="250,224,240,276" step="2"/><W118/><G118/><T78/><D71/><U87/><E15/><V101/><F101/><W16/><G16/><N who="0" m="12327" /><D78/><U97/><E2/><V130/><F130/><W111/><G38/><T117/><D117/><U89/><E3/><V67/><F67/><W124/><G37/><T110/><D110/><U25/><E19/><V102/><F102/><AGARI ba="1,1" hai="29,30,49,53,57,95,99,102" m="12327,15946" machi="102" ten="30,7700,0" yaku="8,1,52,2,54,1" doraHai="27" who="0" fromWho="2" sc="250,90,224,0,240,-80,276,0" /><INIT seed="2,0,0,4,0,46" ten="340,224,160,276" oya="2" hai0="90,97,135,10,34,39,107,128,124,113,5,68,36" hai1="60,73,131,134,1,45,52,8,18,126,86,82,71" hai2="104,41,91,115,84,109,43,119,20,118,77,58,11" hai3="23,105,62,95,37,65,78,61,19,54,25,40,66"/><V21/><F104/><W72/><G105/><T96/><D34/><U2/><E73/><V69/><F69/><W32/><G32/><T85/><D68/><U112/><E112/><V53/><F115/><W74/><G95/><T16/><D128/><U51/><E131/><V111/><F77/><W101/><G101/><T108/><D108/><N who="2" m="41546" /><F11/><W3/><G3/><T50/><D135/><U89/><E126/><V57/><F57/><W6/><G6/><T116/><D124/><U117/><E117/><N who="2" m="44555" /><F20/><W129/><G129/><T127/><D127/><U123/><E134/><V64/><F64/><W133/><G133/><T13/><D107/><U55/><E123/><V9/><F9/><W7/><G78/><T114/><D116/><U12/><E71/><V93/><F21/><W121/><G121/><T92/><D114/><U4/><E4/><V26/><F26/><W59/><G7/><T125/><D125/><U56/><AGARI ba="0,0" hai="1,2,8,12,18,45,51,52,55,56,60,82,86,89" machi="56" ten="30,8000,1" yaku="0,1,25,2,52,1,54,1" doraHai="46" who="1" fromWho="1" sc="340,-20,224,80,160,-40,276,-20" /><INIT seed="3,0,0,0,1,60" ten="320,304,120,256" oya="3" hai0="15,128,82,18,41,61,94,85,83,12,111,121,64" hai1="80,29,117,76,25,99,90,63,7,122,42,114,17" hai2="57,129,77,68,16,26,97,78,87,106,55,5,52" hai3="124,126,127,130,44,104,125,105,110,6,79,89,27"/><W28/><N who="3" m="31744" /><DORA hai="24" /><W21/><G130/><T86/><D111/><U33/><E114/><V81/><F129/><W133/><G133/><T1/><D1/><U30/><E7/><V73/><F68/><W8/><G110/><T40/><D121/><U34/><E42/><V31/><F5/><W20/><G79/><T14/><D94/><U9/><E117/><V49/><F55/><W88/><G21/><T100/><D100/><U132/><E122/><V131/><F131/><W3/><G44/><T2/><D2/><U38/><E38/><V102/><F77/><W35/><G20/><T51/><D51/><U92/><E132/><V72/><REACH who="2" step="1"/><F16/><REACH who="2" ten="320,304,110,256" step="2"/><W113/><G113/><T67/><D18/><U13/><E76/><V58/><F58/><W91/><AGARI ba="0,1" hai="3,6,8,27,28,35,88,89,91,104,105" m="31744" machi="91" ten="60,12000,1" yaku="0,1,18,1,52,1,54,1" doraHai="60,24" who="3" fromWho="3" sc="320,-40,304,-40,110,-40,256,130" owari="280,8.0,264,-13.6,70,-43.0,386,48.6" /></mjloggm>