<mjloggm ver="2.3"><GO type="225" lobby="0"/><UN n0="%E3%83%B4%E3%83%A0%EF%BC%99%E3%81%A6" n1="%E6%98%93%E5%88%A9%E8%96%A9%E4%BC%AF" n2="%E3%81%BE%E3%81%A8%E3%81%9F" n3="%E3%81%82%E3%81%84%E3%81%82%E3%81%8A%E3%81%84" dan="17,17,16,18" rate="2136.16,2139.64,2075.98,2190.08" sx="M,F,M,M"/><TAIKYOKU oya="0"/><INIT seed="0,0,0,1,3,123" ten="250,250,250,250" oya="0" hai0="34,72,65,53,93,33,20,78,42,91,0,98,4" hai1="51,135,114,29,52,119,85,100,36,124,7,128,26" hai2="28,105,125,27,18,106,130,68,95,101,111,35,21" hai3="64,31,11,96,81,50,133,10,122,54,69,23,87"/><T103/><D65/><U67/><E36/><V40/><F68/><W104/><G133/><T63/><D42/><U46/><E114/><V13/><F125/><W62/><G122/><T77/><D0/><U9/><E119/><V12/><F130/><W60/><G60/><T37/><D4/><U49/><E128/><V131/><F131/><W14/><G104/><T76/><D37/><U66/><E135/><V121/><F121/><W55/><G96/><T84/><D20/><U25/><E100/><V8/><F40/><W1/><G1/><T22/><D72/><U58/><E85/><V59/><F111/><W86/><G86/><T110/><D110/><U16/><E124/><V47/><F47/><W113/><G113/><T112/><D112/><U2/><E26/><V74/><F74/><W94/><G94/><T43/><D43/><U38/><E38/><V75/><F75/><W48/><G31/><T132/><D132/><U79/><E79/><V32/><F32/><W118/><G23/><T126/><D126/><U3/><E3/><V70/><F70/><W19/><G10/><T82/><D22/><U109/><E109/><V24/><F59/><W116/><G50/><T71/><D71/><U5/><E5/><V83/><F83/><W73/><G55/><T15/><D15/><N who="2" m="5706" /><F8/><W90/><REACH who="3" step="1"/><G73/><REACH who="3" ten="250,250,250,240" step="2"/><T129/><D129/><U102/><E9/><V44/><F106/><W88/><G88/><T92/><D93/><U107/><E107/><V41/><F105/><W80/><G80/><T57/><AGARI ba="0,1" hai="33,34,53,57,63,76,77,78,82,84,91,92,98,103" machi="57" ten="30,1500,0" yaku="0,1" doraHai="123" who="0" fromWho="0" sc="250,25,250,-5,250,-5,240,-5" /><INIT seed="0,1,0,0,4,91" ten="275,245,245,235" oya="0" hai0="59,115,75,94,79,23,63,67,16,8,125,70,86" hai1="9,7,76,113,40,29,77,4,69,116,60,2,42" hai2="118,31,53,6,39,87,95,46,41,97,82,56,99" hai3="49,15,35,51,1,64,27,134,127,103,129,120,3"/><T100/><D115/><U114/><E116/><V38/><F118/><W25/><G64/><T88/><D125/><U22/><E69/><V110/><F110/><W43/><G103/><T119/><D119/><U26/><E60/><V121/><F121/><W65/><G65/><T98/><D8/><U107/><E107/><V12/><F31/><W108/><G43/><N who="1" m="16426" /><E9/><V55/><F38/><W5/><G51/><T130/><D130/><U61/><E2/><N who="3" m="522" /><G49/><T30/><D30/><U131/><E61/><V36/><F99/><W111/><G127/><T24/><D75/><U135/><E135/><V132/><F132/><W17/><G134/><T78/><D70/><U109/><E109/><N who="3" m="42058" /><G5/><N who="1" m="2122" /><E131/><V104/><F6/><W102/><G129/><T54/><D67/><U128/><E128/><V112/><F104/><AGARI ba="1,0" hai="16,23,24,54,59,63,78,79,86,88,94,98,100,104" machi="104" ten="30,11600,0" yaku="7,1,52,1,54,2" doraHai="91" who="0" fromWho="2" sc="275,119,245,0,245,-119,235,0" /><INIT seed="0,2,0,3,5,33" ten="394,245,126,235" oya="0" hai0="34,111,61,47,84,112,127,114,25,101,36,15,59" hai1="48,8,115,30,78,54,27,26,71,74,130,89,37" hai2="70,43,9,92,53,129,13,40,38,124,6,60,50" hai3="99,22,23,41,42,119,126,29,14,80,109,58,31"/><T49/><D36/><U103/><E37/><V135/><F129/><W10/><G119/><T21/><D127/><U100/><E71/><V120/><F124/><W81/><G126/><T44/><D34/><U93/><E130/><V7/><F120/><W64/><G109/><T108/><D101/><U133/><E133/><V76/><F135/><W110/><G110/><N who="0" m="42027" /><D15/><U123/><E123/><V73/><F76/><W79/><G99/><T16/><D84/><U128/><E115/><N who="0" m="44073" /><D49/><U106/><E106/><V1/><F73/><W66/><G14/><T96/><D96/><U88/><E78/><V56/><F38/><W24/><G79/><T104/><D104/><U82/><E74/><V62/><F92/><W116/><G116/><T52/><AGARI ba="2,0" hai="16,21,25,44,47,52,59,61" m="44073,42027" machi="52" ten="30,11700,0" yaku="14,1,10,1,54,2" doraHai="33" who="0" fromWho="0" sc="394,123,245,-41,126,-41,235,-41" /><INIT seed="0,3,0,4,5,120" ten="517,204,85,194" oya="0" hai0="16,57,2,106,109,78,88,3,49,65,32,22,58" hai1="6,53,20,30,8,15,95,117,93,62,127,69,74" hai2="86,60,114,104,102,47,96,51,125,77,123,119,14" hai3="124,39,99,133,75,23,135,94,29,70,81,41,13"/><T85/><D32/><U84/><E117/><V48/><F123/><W64/><G124/><T17/><D106/><U87/><E74/><V31/><F119/><W76/><G70/><T19/><D78/><U73/><E73/><V72/><F72/><W36/><G64/><T28/><D109/><U132/><E132/><N who="3" m="50762" /><G41/><T24/><D65/><U80/><E87/><V100/><F86/><W129/><G129/><T89/><D89/><U97/><E69/><V10/><F77/><W25/><G13/><T61/><D61/><U98/><E97/><V126/><F14/><W116/><G116/><T12/><D12/><U115/><E115/><V9/><F60/><W122/><G122/><T101/><D101/><AGARI ba="3,0" hai="23,25,29,36,39,75,76,81,94,99,101" m="50762" machi="101" ten="30,1000,0" yaku="20,1" doraHai="120" who="3" fromWho="0" sc="517,-19,204,0,85,0,194,19" /><INIT seed="1,0,0,2,2,94" ten="498,204,85,213" oya="1" hai0="8,88,63,102,112,90,81,32,128,15,68,130,17" hai1="132,103,6,33,14,29,35,22,133,5,66,19,108" hai2="100,67,72,109,122,69,129,134,23,110,54,104,51" hai3="20,38,3,48,106,65,113,11,95,16,45,52,58"/><U10/><E66/><V74/><F122/><W127/><G106/><T24/><D112/><U123/><E103/><V47/><F134/><N who="1" m="51817" /><E123/><V12/><F129/><N who="0" m="49770" /><D102/><U28/><E108/><V87/><F69/><W92/><G113/><T76/><D32/><N who="1" m="12363" /><E6/><V40/><F67/><W107/><G107/><T97/><D24/><AGARI ba="0,0" hai="5,10,14,19,22,24,28,29" m="12363,51817" machi="24" ten="30,5800,0" yaku="20,1,34,2" doraHai="94" who="1" fromWho="0" sc="498,-58,204,58,85,0,213,0" /><INIT seed="1,1,0,0,3,58" ten="440,262,85,213" oya="1" hai0="41,84,36,33,70,108,90,32,42,60,0,25,8" hai1="109,117,21,53,37,24,9,101,118,4,95,111,71" hai2="103,50,91,39,75,130,100,92,68,40,66,74,14" hai3="119,121,80,17,104,82,64,30,20,99,59,134,5"/><U29/><E37/><V69/><F39/><W87/><G121/><T19/><D108/><N who="1" m="41547" /><E71/><V79/><F68/><W76/><G134/><T27/><D36/><U43/><E43/><V45/><F130/><W12/><G119/><N who="1" m="45578" /><E53/><V128/><F128/><W7/><G30/><T15/><D41/><U96/><E9/><V78/><F75/><W102/><REACH who="3" step="1"/><G82/><REACH who="3" ten="440,262,85,203" step="2"/><T18/><D33/><U133/><E4/><V63/><F14/><W116/><G116/><T124/><D32/><U122/><E122/><V22/><F22/><W52/><G52/><T110/><D110/><U114/><E114/><V3/><F3/><W61/><AGARI ba="1,1" hai="5,7,12,17,20,59,61,64,76,80,87,99,102,104" machi="61" ten="30,7900,0" yaku="1,1,0,1,52,1,53,1" doraHai="58" doraHaiUra="56" who="3" fromWho="3" sc="440,-21,262,-40,85,-21,203,92" /><INIT seed="2,0,0,0,4,126" ten="419,222,64,295" oya="2" hai0="25,41,104,132,33,77,1,130,21,94,84,115,107" hai1="113,121,50,4,133,96,81,85,0,32,100,70,127" hai2="35,30,92,90,112,99,95,34,87,66,48,120,97" hai3="79,10,129,9,86,118,46,55,61,28,80,29,114"/><V15/><F112/><W122/><G118/><T102/><D115/><U24/><E113/><V73/><F120/><W40/><G122/><T89/><D33/><U83/><E70/><V20/><F73/><W76/><G114/><T72/><D1/><U57/><E121/><V5/><F35/><W65/><G55/><T98/><D41/><U49/><E133/><V18/><F34/><W52/><G79/><T110/><D132/><U6/><E83/><V17/><F5/><W23/><G52/><T54/><D110/><U109/><E109/><V43/><F30/><W119/><G119/><T8/><D8/><U108/><E127/><V68/><F68/><W11/><G23/><T117/><D117/><U58/><E108/><V44/><F66/><W45/><G45/><T12/><D12/><U91/><E24/><V39/><F39/><W62/><G62/><T63/><D104/><U103/><E103/><V135/><F135/><W37/><G129/><T59/><D130/><U82/><E82/><V78/><F78/><W125/><REACH who="3" step="1"/><G125/><REACH who="3" ten="419,222,64,285" step="2"/><T16/><D77/><U2/><E32/><V22/><REACH who="2" step="1"/><F95/><REACH who="2" ten="419,222,54,285" step="2"/><W116/><G116/><T3/><D72/><U13/><E4/><V51/><F51/><W69/><AGARI ba="0,2" hai="9,10,11,28,29,37,40,46,61,65,69,76,80,86" machi="69" ten="30,2000,0" yaku="1,1,0,1,53,0" doraHai="126" doraHaiUra="111" who="3" fromWho="3" sc="419,-5,222,-5,54,-10,285,40" /><INIT seed="3,0,0,4,0,101" ten="414,217,44,325" oya="3" hai0="127,122,74,69,33,102,118,87,7,93,22,9,92" hai1="115,60,6,4,97,105,10,62,55,41,5,52,32" hai2="53,76,63,108,54,100,85,58,86,8,27,50,15" hai3="35,104,34,98,134,11,133,45,77,80,48,78,67"/><W23/><G67/><T135/><D122/><U82/><E32/><V16/><F108/><W79/><G80/><T20/><D33/><U68/><E115/><V56/><F100/><N who="3" m="62487" /><G23/><T1/><D74/><U110/><E110/><V84/><F27/><W117/><G11/><T28/><D118/><U66/><E10/><V123/><F123/><W51/><G51/><T26/><D69/><U128/><E128/><V19/><F19/><W70/><G70/><T39/><D39/><U126/><E126/><V113/><F113/><W18/><G18/><T36/><D36/><U38/><E82/><V119/><F119/><W40/><G117/><T96/><D127/><U0/><E0/><V129/><F129/><W17/><G17/><T57/><D57/><U61/><E41/><V44/><F76/><W95/><G95/><T89/><D135/><AGARI ba="0,0" hai="34,35,40,45,48,77,78,79,133,134,135" m="62487" machi="135" ten="30,2900,0" yaku="20,1,52,1" doraHai="101" who="3" fromWho="0" sc="414,-29,217,0,44,0,325,29" /><INIT seed="3,1,0,4,4,68" ten="385,217,44,354" oya="3" hai0="61,20,17,62,81,63,70,6,7,119,76,131,125" hai1="111,52,16,38,42,121,73,84,126,98,104,14,99" hai2="116,79,43,134,75,88,92,110,130,45,96,11,66" hai3="100,24,44,13,87,47,5,65,36,49,106,26,31"/><W114/><G114/><T48/><D119/><U123/><E73/><V50/><F116/><W115/><G115/><T37/><D37/><U41/><E111/><V58/><F110/><W0/><G0/><T55/><D70/><U112/><E112/><V71/><F130/><W107/><G65/><T56/><D125/><U40/><E126/><V53/><F134/><W8/><G87/><N who="0" m="48551" /><D131/><U21/><E38/><V4/><F79/><W34/><G100/><T33/><D33/><U9/><E84/><V12/><F75/><W22/><G36/><T105/><D105/><U30/><E52/><V35/><F35/><W128/><G128/><T133/><D133/><U60/><E60/><V82/><F82/><W80/><G80/><T3/><D3/><U91/><E91/><V77/><F77/><W122/><G122/><T57/><D56/><U10/><E104/><V97/><F71/><W120/><G120/><T59/><D59/><U64/><E64/><V46/><F66/><W67/><G67/><T118/><D118/><U39/><E39/><V113/><F113/><W135/><G135/><T74/><D74/><U29/><E121/><V51/><F58/><W102/><G102/><T25/><AGARI ba="1,0" hai="6,7,17,20,25,48,55,57,61,62,63" m="48551" machi="25" ten="30,1100,0" yaku="8,1" doraHai="68" who="0" fromWho="0" sc="385,14,217,-4,44,-4,354,-6" owari="399,49.9,213,-18.7,40,-46.0,348,14.8" /></mjloggm>