<mjloggm ver="2.3"><GO type="225" lobby="0"/><UN n0="%E6%A5%93%E4%BB%8B" n1="%E6%9C%88%E5%B3%B6%E5%9F%BA" n2="%E7%9A%AE%E3%80%85" n3="%E3%83%A9%E3%82%A4%E3%83%B3%E3%81%AE%E8%99%8E" dan="16,16,16,16" rate="2078.32,2112.18,2130.16,2148.83" sx="M,M,M,M"/><TAIKYOKU oya="0"/><INIT seed="0,0,0,4,5,98" ten="250,250,250,250" oya="0" hai0="64,110,102,41,135,10,11,19,72,8,127,94,87" hai1="65,62,66,63,9,92,107,121,55,112,50,100,42" hai2="105,1,40,84,96,2,70,86,12,116,57,80,29" hai3="120,133,126,52,22,33,59,35,27,109,5,3,47"/><T115/><BYE who="1" /><D115/><UN n1="%E6%9C%88%E5%B3%B6%E5%9F%BA" /><U97/><E121/><V118/><F70/><W13/><G109/><T81/><D135/><U117/><E117/><N who="2" m="45163" /><F29/><W75/><G75/><T69/><D127/><U15/><E112/><V82/><F40/><W7/><G126/><T43/><D72/><U26/><E26/><V56/><F12/><W68/><G133/><T125/><D69/><U93/><E42/><N who="0" m="15881" /><D64/><N who="1" m="24683" /><E93/><V90/><F96/><W45/><G68/><T6/><D110/><U18/><E107/><V44/><F44/><AGARI ba="0,0" hai="9,15,18,44,50,55,62,63,92,97,100" m="24683" machi="44" ten="30,2000,0" yaku="8,1,52,1" doraHai="98" who="1" fromWho="2" sc="250,0,250,20,250,-20,250,0" /><INIT seed="1,0,0,1,4,128" ten="250,270,230,250" oya="1" hai0="124,43,130,2,37,46,90,67,32,73,61,0,100" hai1="96,24,114,129,99,41,84,57,113,110,50,111,101" hai2="109,15,63,31,3,48,123,38,39,121,29,119,91" hai3="18,106,120,77,131,102,58,21,52,53,33,116,112"/><U23/><E129/><V83/><F3/><W62/><G131/><T7/><D90/><U88/><E41/><V65/><F119/><W104/><G120/><T64/><D64/><U60/><E50/><V25/><F109/><N who="1" m="41481" /><E101/><V75/><F48/><W115/><G33/><T20/><D32/><U135/><E135/><V118/><F118/><W5/><G116/><T47/><D47/><U126/><E126/><V134/><F134/><W35/><G35/><T71/><D130/><U78/><E78/><N who="2" m="44511" /><F15/><W6/><G77/><T68/><D124/><U80/><E113/><V9/><F9/><W117/><G117/><T28/><D73/><U103/><E103/><V51/><F51/><W12/><G102/><T133/><D100/><U10/><E10/><V17/><F91/><W45/><G112/><T59/><D133/><U93/><E80/><V56/><F17/><W81/><G81/><T54/><D7/><U74/><E74/><V108/><F108/><W70/><G115/><T122/><D122/><N who="2" m="46602" /><F31/><W11/><G5/><T89/><D71/><U95/><E95/><V85/><F85/><W27/><G70/><T19/><D68/><U36/><E36/><V86/><F86/><W1/><G1/><T98/><D2/><U44/><E44/><V13/><F38/><W26/><G45/><T16/><D0/><U79/><E79/><V72/><F39/><W42/><G42/><T49/><D43/><U66/><E114/><V97/><F72/><W34/><G53/><T76/><D37/><U8/><E8/><V22/><F97/><W94/><G94/><N who="0" m="56655" /><D76/><U107/><E107/><RYUUKYOKU ba="0,0" sc="250,0,270,0,230,0,250,0" hai0="16,19,20,28,46,49,54,59,61,67" hai1="23,24,57,60,66,84,88,93,96,99" hai2="13,22,25,29,56,63,65" hai3="6,11,12,18,21,26,27,34,52,58,62,104,106" /><INIT seed="1,1,0,5,2,96" ten="250,270,230,250" oya="1" hai0="12,114,123,87,67,47,52,53,90,86,48,6,34" hai1="97,110,72,45,73,89,49,37,108,115,16,40,121" hai2="85,28,109,80,22,36,55,31,62,3,112,81,8" hai3="24,82,41,66,135,7,19,26,44,33,129,105,76"/><U83/><E115/><V43/><F112/><W61/><G129/><T102/><D34/><U98/><E121/><V101/><F109/><N who="1" m="42089" /><E37/><V88/><F43/><W32/><G105/><T128/><D128/><U0/><E0/><V79/><F36/><W13/><G7/><T23/><D123/><U18/><E97/><V113/><F113/><W51/><G135/><T103/><D67/><U57/><E57/><V39/><F39/><W9/><G32/><T17/><D114/><U10/><E10/><V54/><F101/><N who="0" m="38410" /><D6/><U125/><E125/><V120/><F120/><W78/><G33/><T38/><D38/><U95/><E83/><V131/><F131/><W93/><G93/><N who="0" m="54487" /><D87/><U84/><E84/><N who="2" m="50183" /><F3/><W132/><G132/><T127/><D127/><U70/><E70/><V92/><F92/><W27/><REACH who="3" step="1"/><G82/><REACH who="3" ten="250,270,230,240" step="2"/><T11/><D11/><U15/><E15/><V1/><F8/><W29/><G29/><T119/><D119/><U106/><E106/><V71/><F28/><W58/><AGARI ba="1,1" hai="9,13,19,24,26,27,41,44,51,58,61,66,76,78" machi="58" ten="30,4000,0" yaku="1,1,0,1,8,1,53,0" doraHai="96" doraHaiUra="30" who="3" fromWho="3" sc="250,-11,270,-21,230,-11,240,53" /><INIT seed="2,0,0,0,1,34" ten="239,249,219,293" oya="2" hai0="3,58,128,135,134,103,121,17,9,47,105,108,119" hai1="12,76,84,94,110,20,27,127,80,28,43,98,123" hai2="72,44,50,96,51,64,24,22,49,48,92,86,73" hai3="57,93,81,21,77,65,124,89,116,16,55,37,122"/><V111/><F64/><W18/><G37/><T107/><D121/><U33/><E123/><V97/><F111/><W52/><G116/><T23/><D128/><U14/><E110/><V19/><F73/><W87/><G124/><T56/><D47/><U70/><E70/><V31/><F72/><W125/><G125/><T115/><D115/><U133/><E127/><V8/><F86/><N who="3" m="48431" /><G122/><T106/><D103/><U36/><E133/><N who="0" m="50697" /><D119/><U42/><E33/><V5/><F92/><W15/><G18/><T132/><D108/><U129/><E129/><V120/><F120/><W74/><G74/><T53/><D53/><U104/><E104/><V95/><F95/><W99/><G99/><T100/><D100/><N who="1" m="60503" /><E36/><V113/><F113/><W6/><G6/><N who="0" m="1247" /><D132/><U75/><E75/><V30/><F97/><W11/><G11/><T60/><D60/><AGARI ba="0,0" hai="15,16,21,52,55,57,60,65,87,89,93" m="48431" machi="60" ten="30,3900,0" yaku="8,1,54,2" doraHai="34" who="3" fromWho="0" sc="239,-39,249,0,219,0,293,39" /><INIT seed="3,0,0,2,5,129" ten="200,249,219,332" oya="3" hai0="104,47,41,120,66,36,30,117,34,5,56,2,14" hai1="83,124,125,52,62,57,100,45,78,16,106,75,111" hai2="95,113,65,126,94,50,40,46,11,99,93,77,80" hai3="42,127,51,121,63,68,20,1,23,55,3,60,12"/><W21/><G121/><T112/><D117/><U33/><E33/><V103/><F113/><W17/><G42/><T115/><D120/><U87/><E111/><V39/><F126/><N who="1" m="48745" /><E75/><V102/><F65/><W97/><G97/><T59/><D104/><U44/><E100/><N who="2" m="38443" /><F39/><W71/><G60/><T48/><D2/><U32/><E32/><V89/><F11/><W135/><G135/><T8/><D66/><U26/><E106/><V74/><F74/><W108/><G108/><T130/><D34/><U90/><E78/><V19/><F19/><W72/><G72/><T76/><D30/><U84/><E84/><N who="2" m="48143" /><F99/><W25/><G23/><AGARI ba="0,0" hai="16,23,26,44,45,52,57,62,83,87,90" m="48745" machi="23" ten="30,3900,0" yaku="18,1,54,2" doraHai="129" who="1" fromWho="3" sc="200,0,249,39,219,0,332,-39" /><INIT seed="4,0,0,0,0,135" ten="200,288,219,293" oya="0" hai0="92,6,43,66,1,42,69,21,129,97,99,123,12" hai1="82,5,90,32,59,72,107,100,122,124,105,24,112" hai2="46,91,126,76,40,16,26,86,78,70,134,38,108" hai3="55,103,39,36,81,2,110,22,131,7,50,98,61"/><T127/><D123/><U60/><E122/><V63/><F108/><W104/><G110/><T116/><D116/><U20/><E32/><V111/><F111/><W29/><G61/><T132/><D69/><U10/><E112/><V130/><F134/><W54/><G54/><T4/><D132/><U114/><E114/><V19/><F130/><W113/><G113/><T84/><D66/><U120/><E100/><V34/><F126/><W41/><G41/><N who="0" m="15371" /><D1/><U62/><E124/><V0/><F0/><W53/><G53/><T96/><D127/><U87/><E62/><V8/><F78/><W79/><G2/><T119/><D119/><U133/><E72/><V25/><F76/><W115/><G7/><N who="0" m="2603" /><D129/><U9/><E120/><V65/><F34/><W94/><G104/><T101/><D84/><U67/><E133/><V93/><REACH who="2" step="1"/><F8/><REACH who="2" ten="200,288,209,293" step="2"/><W125/><G125/><T73/><D73/><U118/><E10/><V23/><F23/><W27/><G131/><T80/><D80/><U89/><E9/><V121/><F121/><W74/><G115/><T68/><D68/><U18/><E118/><V47/><F47/><AGARI ba="0,1" hai="22,27,29,36,39,47,50,55,74,79,81,94,98,103" machi="47" ten="30,1000,0" yaku="7,1" doraHai="135" who="3" fromWho="2" sc="200,0,288,0,209,-10,293,20" owari="200,-20.0,288,8.8,199,-30.1,313,41.3" /></mjloggm>