<mjloggm ver="2.3"><GO type="225" lobby="0"/><UN n0="%E5%A4%8F%E9%88%B4%E9%88%B4%E5%A4%8F" n1="%E9%80%86%E9%80%A3%E5%B8%AF%E3%81%AE%E9%AC%BC" n2="%6C%65%74%69%74%62%65" n3="%E3%81%AF%E3%82%88%E3%81%8A%E3%81%98%E3%81%95%E3%82%93" dan="16,17,16,17" rate="2147.18,2122.42,2118.76,2139.68" sx="F,M,M,M"/><TAIKYOKU oya="0"/><INIT seed="0,0,0,0,0,59" ten="250,250,250,250" oya="0" hai0="63,61,3,78,97,0,8,75,132,54,127,64,17" hai1="15,123,30,19,79,128,65,116,53,34,117,73,119" hai2="13,115,29,22,69,118,16,101,72,77,68,105,57" hai3="51,83,67,5,55,114,131,47,49,20,23,71,46"/><T6/><D127/><U31/><E123/><V66/><F115/><W26/><G114/><T106/><D132/><U112/><E112/><V9/><F118/><W98/><G131/><T126/><D126/><U18/><E128/><V111/><F111/><W89/><G5/><T90/><D0/><U84/><E73/><V130/><F130/><W134/><G134/><T125/><D125/><U12/><E65/><V32/><F32/><W104/><G71/><T103/><D17/><U122/><E122/><V27/><F72/><W74/><G67/><T82/><D64/><U35/><E53/><V102/><F77/><W10/><G10/><T95/><REACH who="0" step="1"/><D54/><REACH who="0" ten="240,250,250,250" step="2"/><U81/><E19/><V80/><F68/><W96/><G55/><T38/><D38/><U86/><E18/><V92/><F69/><W52/><G52/><T99/><AGARI ba="0,1" hai="3,6,8,61,63,75,78,82,90,95,97,99,103,106" machi="99" ten="20,12000,1" yaku="1,1,0,1,7,1,52,2,53,0" doraHai="59" doraHaiUra="129" who="0" fromWho="0" sc="240,130,250,-40,250,-40,250,-40" /><INIT seed="0,1,0,0,3,72" ten="370,210,210,210" oya="0" hai0="112,11,88,128,35,110,33,53,19,48,108,89,106" hai1="30,73,123,6,28,132,46,70,26,41,102,127,56" hai2="21,98,50,76,47,55,93,75,10,100,119,94,7" hai3="1,16,17,34,42,67,87,39,101,22,85,130,37"/><T59/><D112/><U133/><E70/><V114/><F119/><W134/><G34/><T62/><D106/><U68/><E68/><V0/><F114/><W82/><G1/><T24/><D128/><U109/><E123/><V105/><REACH who="2" step="1"/><F21/><REACH who="2" ten="370,210,200,210" step="2"/><W104/><G22/><N who="0" m="13407" /><D11/><U5/><E133/><V8/><F8/><W54/><G134/><T52/><D33/><U64/><E132/><V29/><F29/><W135/><G135/><T118/><D35/><U74/><E30/><V78/><F78/><W117/><G117/><T31/><D118/><U12/><E28/><V92/><F92/><W122/><G122/><T96/><D31/><U103/><E127/><V95/><F95/><W45/><G130/><T58/><D96/><U32/><E32/><V25/><F25/><W120/><G120/><T84/><D84/><U91/><E26/><V83/><AGARI ba="1,1" hai="0,7,10,47,50,55,75,76,83,93,94,98,100,105" machi="83" ten="30,7900,0" yaku="1,1,0,1,52,1,53,1" doraHai="72" doraHaiUra="107" who="2" fromWho="2" sc="370,-40,210,-21,200,92,210,-21" /><INIT seed="1,0,0,2,4,98" ten="330,189,292,189" oya="1" hai0="94,38,14,24,129,49,37,95,126,107,28,79,44" hai1="81,109,39,72,122,135,22,60,103,87,63,76,104" hai2="47,120,91,92,1,68,88,66,93,116,11,61,69" hai3="100,31,26,128,96,125,27,108,45,17,35,89,110"/><U131/><E122/><V36/><F120/><W90/><G125/><T102/><D79/><U42/><E135/><V0/><F116/><W73/><G73/><T15/><D129/><U33/><E131/><V7/><F0/><W48/><G128/><T80/><D107/><U32/><E87/><V29/><F29/><W57/><G57/><T85/><D38/><U113/><E113/><V99/><F36/><W133/><G133/><T6/><D37/><U117/><E117/><V97/><REACH who="2" step="1"/><F47/><REACH who="2" ten="330,189,282,189" step="2"/><W65/><G110/><T54/><D126/><U21/><E39/><V4/><F4/><W41/><G108/><T2/><D6/><U82/><E109/><V34/><F34/><W51/><G35/><T56/><D2/><U46/><E33/><V67/><F67/><W121/><G65/><T18/><D44/><U74/><E32/><V12/><F12/><W53/><G121/><T19/><D14/><U105/><E46/><V20/><F20/><W43/><G31/><T40/><D15/><U83/><E21/><V115/><F115/><W124/><G124/><T123/><D28/><U10/><E22/><V127/><F127/><W78/><G17/><T84/><D18/><U119/><E119/><V62/><F62/><W77/><G26/><T50/><D19/><U130/><E63/><V9/><F9/><W111/><G27/><T75/><D24/><U8/><E60/><V13/><F13/><W3/><G3/><T23/><D23/><U71/><E8/><V86/><F86/><N who="0" m="33386" /><D123/><U59/><E10/><V25/><F25/><W114/><G111/><T52/><D75/><RYUUKYOKU ba="0,1" sc="330,-10,189,-10,282,30,189,-10" hai2="1,7,11,61,66,68,69,88,91,92,93,97,99" /><INIT seed="2,1,1,0,5,24" ten="320,179,312,179" oya="2" hai0="8,23,47,87,9,110,60,106,105,127,97,124,51" hai1="119,70,94,130,12,29,111,66,62,0,31,26,61" hai2="20,101,134,100,121,32,74,58,107,5,109,43,41" hai3="54,52,27,7,131,22,6,75,84,46,10,99,115"/><V132/><F121/><W88/><G75/><T90/><D110/><U17/><E0/><V56/><F32/><W77/><G131/><T114/><D114/><U64/><E111/><V72/><F5/><N who="3" m="1547" /><G115/><T45/><D23/><U73/><E130/><V89/><F109/><W16/><G10/><N who="0" m="4203" /><D60/><U69/><E119/><V15/><F15/><W126/><G126/><N who="0" m="48171" /><D97/><U98/><E73/><V71/><F20/><W4/><N who="3" m="1555" /><W133/><DORA hai="57" /><G133/><T120/><D45/><U30/><E26/><V68/><F107/><W13/><G46/><T49/><D49/><U83/><E83/><V44/><F44/><W95/><G13/><T59/><D59/><U67/><E67/><V63/><F63/><W129/><G129/><T92/><D120/><U118/><E118/><V112/><F112/><W81/><AGARI ba="1,1" hai="16,22,27,52,54,77,81,84,88,95,99" m="1555" machi="81" ten="40,8000,1" yaku="8,1,54,3" doraHai="24,57" who="3" fromWho="3" sc="320,-21,179,-21,312,-41,179,93" /><INIT seed="3,0,0,3,2,30" ten="299,158,271,272" oya="3" hai0="91,14,48,64,129,133,93,60,13,106,53,89,31" hai1="71,112,99,68,135,78,73,100,52,28,97,134,69" hai2="44,127,10,81,98,102,109,0,117,96,75,18,124" hai3="40,23,87,63,66,36,70,5,11,121,3,25,126"/><W116/><G121/><T72/><D106/><U7/><E112/><V6/><F117/><W65/><G116/><T92/><D72/><U20/><E7/><V58/><F109/><W4/><G126/><T108/><D31/><U16/><E28/><V130/><F130/><W76/><G4/><T107/><D107/><U22/><E22/><V43/><F58/><W74/><G66/><T67/><D129/><U41/><E41/><V29/><F18/><W118/><G118/><T47/><D108/><U19/><E19/><V42/><F42/><W132/><G132/><N who="1" m="50730" /><E100/><V88/><F29/><W12/><G87/><T94/><D133/><U83/><E52/><V55/><F55/><W114/><G114/><T21/><D21/><U32/><E32/><V27/><F44/><N who="3" m="23559" /><G23/><T104/><D104/><U122/><E122/><V111/><F43/><W33/><G12/><AGARI ba="0,0" hai="12,16,20,68,69,71,73,78,83,97,99" m="50730" machi="12" ten="40,2600,0" yaku="20,1,54,1" doraHai="30" who="1" fromWho="3" sc="299,0,158,26,271,0,272,-26" /><INIT seed="4,0,0,1,3,72" ten="299,184,271,246" oya="0" hai0="55,99,57,31,5,0,114,89,53,125,123,119,64" hai1="47,113,2,38,93,95,86,83,126,96,107,78,68" hai2="106,77,73,25,13,85,117,7,45,130,94,3,87" hai3="37,92,17,11,80,69,58,12,19,24,110,74,16"/><T132/><D119/><U131/><E68/><V120/><F120/><W60/><G110/><T81/><D123/><U4/><E113/><V127/><F106/><W39/><G69/><T97/><D114/><U116/><E116/><V49/><F117/><W20/><G17/><T28/><D125/><U66/><E126/><V26/><F3/><W71/><G71/><T42/><D42/><U108/><E108/><V1/><F1/><W22/><G11/><T59/><D132/><U8/><E131/><V98/><F73/><W33/><G33/><T84/><D5/><U29/><E66/><V46/><F85/><W54/><G74/><T35/><D0/><U56/><E29/><N who="0" m="11337" /><D64/><U91/><E56/><N who="0" m="21577" /><D35/><U9/><E9/><N who="2" m="4287" /><F45/><W135/><G135/><T75/><D75/><U21/><E21/><V103/><F130/><W102/><G80/><T51/><D53/><U10/><E10/><V76/><F127/><W36/><G102/><T100/><D100/><U124/><E124/><V63/><F63/><W109/><G109/><T104/><D104/><U34/><E34/><V88/><F49/><W122/><G122/><T67/><D67/><U121/><E121/><V79/><F46/><AGARI ba="0,0" hai="46,51,55,81,84,89,97,99" m="21577,11337" machi="46" ten="30,1500,0" yaku="8,1" doraHai="72" who="0" fromWho="2" sc="299,15,184,0,271,-15,246,0" owari="314,41.4,184,-31.6,256,5.6,246,-15.4" /></mjloggm>