<mjloggm ver="2.3"><GO type="225" lobby="0"/><UN n0="%E3%81%AF%E3%82%88%E3%81%8A%E3%81%98%E3%81%95%E3%82%93" n1="%E6%98%93%E5%88%A9%E8%96%A9%E4%BC%AF" n2="%E5%91%89%E5%AF%8C%E6%98%A5" n3="%E7%99%BD%E6%98%BC%E9%87%8C%E7%9A%84%E5%A4%9C" dan="16,17,16,16" rate="2136.78,2176.12,2097.12,2066.95" sx="M,F,M,M"/><TAIKYOKU oya="0"/><INIT seed="0,0,0,0,0,95" ten="250,250,250,250" oya="0" hai0="123,27,101,82,69,121,109,4,23,96,53,48,1" hai1="24,107,76,117,47,5,56,110,87,54,14,32,28" hai2="132,122,60,74,130,125,92,34,118,71,90,88,99" hai3="22,11,41,128,44,68,10,7,42,108,133,37,65"/><T112/><D112/><U49/><E117/><V31/><F122/><W91/><G108/><T89/><D69/><U104/><E110/><V124/><F74/><W46/><G128/><T6/><D109/><U50/><E5/><V83/><F118/><W21/><G133/><T116/><D116/><U30/><E30/><V114/><F114/><W33/><G33/><T29/><D1/><U119/><E119/><V94/><F132/><W77/><G77/><T9/><D9/><U3/><E14/><V86/><F130/><W73/><G73/><T64/><D64/><U26/><E26/><V8/><F8/><W85/><G68/><T57/><D123/><U129/><E3/><V81/><F31/><W38/><G65/><T25/><D25/><U100/><E100/><N who="2" m="60519" /><F60/><W84/><G91/><T78/><D89/><U93/><E129/><V75/><F34/><W55/><G55/><T43/><D43/><U62/><E50/><V102/><F71/><W97/><REACH who="3" step="1"/><G97/><REACH who="3" ten="250,250,250,240" step="2"/><T98/><D121/><U19/><E76/><N who="2" m="44447" /><F102/><W120/><G120/><T131/><D131/><U103/><E103/><V20/><F20/><W79/><G79/><T126/><D101/><U12/><E32/><V0/><F0/><W127/><G127/><T18/><D126/><U13/><E107/><V40/><F40/><W134/><G134/><T2/><D2/><U111/><E104/><V106/><F106/><W52/><G52/><T59/><D78/><U115/><E111/><V80/><F90/><W58/><G58/><N who="0" m="22027" /><D53/><U105/><E54/><V63/><F63/><W61/><G61/><T15/><D82/><AGARI ba="0,1" hai="80,81,82,86,88,94,124,125" m="44447,60519" machi="82" ten="30,8000,1" yaku="6,1,34,2,52,1,54,1" doraHai="95" who="2" fromWho="0" sc="250,-80,250,0,250,90,240,0" /><INIT seed="1,0,0,2,4,100" ten="170,250,340,240" oya="1" hai0="5,125,14,80,123,28,63,67,37,103,134,81,129" hai1="38,54,72,30,66,27,111,126,99,85,91,41,109" hai2="84,47,92,74,65,68,16,55,71,132,43,119,6" hai3="52,133,45,9,88,56,25,77,101,40,115,108,50"/><U39/><E72/><V31/><F119/><W24/><G115/><T46/><D125/><U36/><E66/><V94/><F74/><W48/><G77/><T44/><D129/><U79/><E126/><V87/><F132/><W23/><G133/><T82/><D134/><U96/><E79/><V117/><F117/><W70/><G101/><T60/><D123/><U7/><E7/><V57/><F6/><W8/><G70/><T83/><N who="0" m="20480" /><DORA hai="29" /><T26/><D103/><U4/><E4/><V130/><F130/><W13/><G108/><N who="1" m="41546" /><E41/><V113/><F65/><W32/><G32/><T18/><D5/><U121/><E121/><V35/><F43/><W3/><G3/><T42/><D44/><U12/><E12/><V1/><F35/><W104/><G104/><T21/><REACH who="0" step="1"/><D67/><REACH who="0" ten="160,250,340,240" step="2"/><U110/><E110/><V69/><F113/><W10/><REACH who="3" step="1"/><G88/><REACH who="3" ten="160,250,340,230" step="2"/><T135/><D135/><U131/><E131/><V112/><F112/><W128/><G128/><T124/><D124/><U51/><E91/><V127/><F127/><W105/><G105/><T73/><D73/><U0/><E0/><V19/><F1/><W22/><G22/><AGARI ba="0,2" hai="14,18,21,22,26,28,37,42,46,60,63" m="20480" machi="22" ten="50,1600,0" yaku="1,1,53,0" doraHai="100,29" doraHaiUra="116,102" who="0" fromWho="3" sc="160,36,250,0,340,0,230,-16" /><INIT seed="2,0,0,3,2,93" ten="196,250,340,214" oya="2" hai0="69,62,48,113,21,77,131,12,117,88,56,85,44" hai1="103,54,120,130,5,22,72,124,20,66,7,73,107" hai2="6,122,134,70,49,43,126,76,127,35,58,84,1" hai3="115,51,13,52,91,40,108,34,37,32,0,104,95"/><V128/><F122/><W64/><G104/><T61/><D113/><U89/><E66/><V133/><F35/><W33/><G0/><T24/><D69/><U118/><E118/><V60/><F6/><W100/><G115/><T112/><D112/><U42/><E42/><V129/><F1/><W30/><G108/><T2/><D2/><U116/><E116/><V110/><F110/><W31/><G64/><T99/><D131/><N who="2" m="50250" /><F70/><W16/><G100/><T119/><D12/><U101/><E54/><V45/><F84/><W98/><G40/><N who="0" m="24583" /><D119/><U14/><E130/><V94/><F94/><W17/><G37/><T78/><D117/><U47/><E14/><V82/><F82/><W65/><G65/><N who="0" m="39079" /><D62/><U83/><E107/><V67/><F76/><W111/><G111/><T109/><D109/><U27/><E83/><V3/><F3/><W50/><G50/><T29/><D99/><U75/><E120/><V38/><F38/><W28/><REACH who="3" step="1"/><G13/><REACH who="3" ten="196,250,340,204" step="2"/><T114/><D114/><U80/><E124/><AGARI ba="0,1" hai="43,45,49,58,60,67,124,126,127,133,134" m="50250" machi="124" ten="30,18000,2" yaku="30,2,18,1,19,1,34,2" doraHai="93" who="2" fromWho="1" sc="196,0,250,-180,340,190,204,0" /><INIT seed="2,1,0,3,1,119" ten="196,70,530,204" oya="2" hai0="82,129,56,104,40,1,97,71,17,130,92,9,49" hai1="114,37,80,7,66,13,6,3,27,60,99,30,79" hai2="110,64,50,78,87,28,123,18,11,113,132,47,68" hai3="8,54,53,121,101,31,85,61,57,120,107,45,96"/><V84/><F113/><W116/><G116/><T88/><D71/><U48/><E37/><V77/><F132/><W128/><G128/><N who="0" m="49259" /><D104/><U62/><E3/><V90/><F123/><W103/><G103/><T73/><D73/><U67/><E114/><V12/><F110/><W63/><G31/><T115/><D115/><U22/><E48/><V39/><F39/><W131/><G131/><T59/><D82/><U23/><E99/><V126/><F126/><W34/><G34/><T46/><D17/><U26/><E13/><V125/><F125/><W72/><G72/><T14/><D14/><U52/><E80/><V117/><F117/><W0/><G85/><T41/><D40/><U124/><E124/><V135/><F135/><W81/><G81/><T2/><D2/><U69/><E79/><V25/><F64/><W65/><G45/><T5/><AGARI ba="1,0" hai="1,5,9,41,46,49,56,59,88,92,97" m="49259" machi="5" ten="30,2000,0" yaku="19,1,54,1" doraHai="119" who="0" fromWho="0" sc="196,23,70,-6,530,-11,204,-6" /><INIT seed="3,0,0,1,4,116" ten="219,64,519,198" oya="3" hai0="79,102,106,31,109,113,127,89,70,100,128,99,11" hai1="55,24,54,66,105,39,85,130,77,44,41,119,63" hai2="117,60,65,95,98,115,112,62,10,118,35,114,91" hai3="30,25,15,16,5,48,52,34,103,2,18,4,68"/><W87/><G68/><T120/><D70/><U80/><E105/><V8/><F35/><W23/><G103/><T58/><D31/><U86/><E119/><V14/><F10/><N who="3" m="2327" /><G18/><T131/><D120/><U132/><E132/><V135/><F135/><W36/><G5/><T9/><D109/><U76/><E130/><N who="0" m="49705" /><D127/><U71/><E24/><V133/><F133/><W90/><G36/><T27/><D27/><U124/><E124/><V29/><F29/><W7/><G7/><T69/><D69/><U97/><E97/><V81/><F118/><W93/><G48/><T33/><D33/><U40/><E40/><V26/><F117/><W88/><G90/><T64/><D79/><U50/><E39/><V129/><F91/><W110/><G110/><T42/><D113/><U92/><E92/><V46/><F129/><W121/><G52/><T38/><D89/><U22/><E22/><V43/><F65/><W111/><G111/><T83/><D83/><U21/><E21/><V101/><F101/><W53/><G53/><T56/><D100/><U123/><E123/><AGARI ba="0,0" hai="15,16,23,25,30,34,87,88,93,121,123" m="2327" machi="123" ten="30,12000,1" yaku="24,1,52,2,54,2" doraHai="116" who="3" fromWho="1" sc="219,0,64,-120,519,0,198,120" owari="219,-18.1,-56,-55.6,519,61.9,318,11.8" /></mjloggm>