<mjloggm ver="2.3"><GO type="225" lobby="0"/><UN n0="%E3%82%8F%E3%81%8B%E3%81%B0%2A%E3%82%AC%E3%83%BC%E3%83%AB" n1="%E3%81%BF%E3%81%BF%E3%81%9A" n2="%33%74%72%65%65" n3="%74%2E%6F%2E%6F%2E%73" dan="16,17,16,17" rate="2128.68,2233.85,2063.17,2132.96" sx="M,M,F,M"/><TAIKYOKU oya="0"/><INIT seed="0,0,0,3,5,54" ten="250,250,250,250" oya="0" hai0="102,105,128,86,39,130,62,78,48,22,42,28,43" hai1="133,84,16,117,33,106,60,38,21,37,85,132,111" hai2="108,97,125,120,4,73,129,89,46,44,9,7,101" hai3="121,11,61,71,24,77,47,18,103,115,123,13,57"/><T112/><D112/><U20/><E117/><V116/><F120/><N who="3" m="46155" /><G115/><T134/><D39/><N who="1" m="14859" /><E33/><V55/><F73/><W99/><G77/><T118/><D118/><U95/><E106/><V34/><F34/><W53/><G24/><N who="0" m="16407" /><D134/><N who="1" m="51819" /><E111/><V107/><F108/><W2/><G2/><T29/><D29/><U91/><E21/><V76/><F107/><N who="3" m="63999" /><G47/><T35/><D35/><U119/><E119/><V6/><F46/><W27/><G27/><T104/><D102/><U98/><E60/><V88/><F101/><W5/><G71/><T96/><D62/><U80/><E80/><V63/><F63/><W67/><G5/><T90/><D78/><U72/><E72/><V70/><F76/><W100/><G100/><N who="0" m="62471" /><D105/><U31/><E31/><V110/><F116/><W82/><G82/><N who="0" m="49495" /><D48/><U0/><E0/><V83/><F83/><W14/><G14/><AGARI ba="0,0" hai="14,16,20,84,85,91,95,98" m="51819,14859" machi="14" ten="30,2000,0" yaku="20,1,54,1" doraHai="54" who="1" fromWho="3" sc="250,0,250,20,250,0,250,-20" /><INIT seed="1,0,0,3,4,100" ten="250,270,250,230" oya="1" hai0="0,73,21,8,32,45,88,1,122,4,76,79,74" hai1="96,69,66,72,108,55,16,70,82,123,92,34,20" hai2="10,110,47,61,33,120,30,128,93,102,15,9,109" hai3="129,68,104,18,119,38,12,63,80,121,91,27,6"/><U106/><E123/><V3/><F120/><W13/><G121/><T29/><D122/><RYUUKYOKU type="kaze4" ba="0,0" sc="250,0,270,0,250,0,230,0" /><INIT seed="1,1,0,5,0,83" ten="250,270,250,230" oya="1" hai0="128,79,26,91,135,50,100,122,45,6,58,16,132" hai1="52,105,111,94,36,21,124,68,9,118,70,113,25" hai2="133,93,92,39,116,32,80,11,112,29,24,90,134" hai3="114,101,12,14,46,49,71,98,64,81,104,95,7"/><U99/><E105/><V106/><F116/><W28/><G114/><T62/><D128/><U110/><E113/><V51/><F112/><W42/><G28/><T23/><D122/><U3/><E118/><V74/><F39/><W31/><G31/><T22/><D6/><N who="1" m="1247" /><E36/><V47/><F106/><W60/><G7/><T69/><D69/><U108/><E124/><V127/><F127/><W40/><G40/><T72/><D100/><N who="1" m="60535" /><E52/><N who="2" m="29823" /><F11/><W63/><G104/><T1/><D1/><U38/><E38/><V41/><F41/><W66/><REACH who="3" step="1"/><G81/><REACH who="3" ten="250,270,250,220" step="2"/><T103/><D132/><U125/><E125/><V61/><F80/><W56/><AGARI ba="1,1" hai="12,14,42,46,49,56,60,63,64,66,71,95,98,101" machi="56" ten="20,5200,0" yaku="1,1,2,1,0,1,7,1,53,0" doraHai="83" doraHaiUra="120" who="3" fromWho="3" sc="250,-14,270,-27,250,-14,220,65" /><INIT seed="2,0,0,1,1,85" ten="236,243,236,285" oya="2" hai0="27,126,59,32,88,57,8,77,76,43,1,51,124" hai1="83,22,106,86,127,92,117,110,30,26,84,49,40" hai2="107,79,108,119,129,33,7,50,133,70,64,122,103" hai3="94,105,16,118,114,101,100,38,81,24,98,13,58"/><V54/><F119/><W5/><G38/><T69/><D69/><U80/><E106/><V18/><F122/><W82/><G118/><T102/><D102/><U87/><E117/><V93/><F129/><W4/><G114/><T48/><D32/><U19/><E110/><V71/><F108/><W130/><G130/><T91/><D27/><U73/><E127/><N who="0" m="48681" /><D1/><U68/><E68/><V3/><F33/><W29/><G101/><T55/><D8/><U135/><E135/><V2/><F107/><W112/><G105/><T36/><D36/><U65/><E65/><V67/><F133/><W37/><G37/><T109/><D109/><U111/><E111/><V123/><F123/><W66/><G112/><T39/><D39/><U63/><E63/><V97/><F71/><W89/><G100/><T53/><D43/><U125/><E125/><V60/><F7/><N who="3" m="2635" /><G24/><T99/><D99/><U120/><E120/><V96/><F96/><W34/><G29/><T46/><D46/><N who="1" m="25799" /><E73/><V42/><F42/><W17/><G34/><T104/><D104/><U74/><E74/><V15/><F67/><W52/><G66/><T78/><AGARI ba="0,0" hai="48,51,53,55,57,59,76,77,78,88,91" m="48681" machi="78" ten="30,7900,0" yaku="18,1,52,2,54,1" doraHai="85" who="0" fromWho="0" sc="236,79,243,-20,236,-39,285,-20" /><INIT seed="3,0,0,0,3,2" ten="315,223,197,265" oya="3" hai0="52,124,129,69,0,35,80,132,123,109,78,60,72" hai1="49,34,30,12,101,6,130,28,105,26,63,104,32" hai2="122,73,46,43,4,106,16,135,29,7,96,14,57" hai3="1,111,20,107,77,5,71,22,56,83,45,15,133"/><W18/><G71/><T117/><RYUUKYOKU type="yao9" ba="0,0" sc="315,0,223,0,197,0,265,0" hai0="0,35,52,60,69,72,78,80,109,117,123,124,129,132" /><INIT seed="3,1,0,4,3,130" ten="315,223,197,265" oya="3" hai0="30,45,73,102,129,81,116,127,33,77,44,119,57" hai1="120,85,5,62,24,18,98,122,10,109,117,28,132" hai2="124,114,105,79,51,99,135,52,31,67,106,71,80" hai3="34,36,1,38,125,66,42,61,2,54,118,94,8"/><W16/><G118/><T21/><D33/><U27/><E85/><V23/><F114/><W17/><G34/><T9/><D102/><U88/><E62/><V76/><F124/><W70/><G125/><T86/><D127/><U90/><E117/><V69/><F135/><W4/><G1/><T72/><D9/><U83/><E109/><V121/><F121/><W59/><G94/><T131/><D57/><U7/><E132/><V103/><F105/><W68/><G68/><T11/><D11/><U115/><E115/><V133/><F133/><W110/><G110/><T48/><D116/><U97/><E18/><V100/><F100/><W56/><G56/><T6/><D6/><U111/><E10/><V82/><F69/><W47/><REACH who="3" step="1"/><G36/><REACH who="3" ten="315,223,197,255" step="2"/><T35/><D35/><U96/><E111/><V40/><F40/><W12/><G12/><T43/><D119/><U134/><E134/><V50/><F50/><AGARI ba="1,1" hai="2,4,8,16,17,38,42,47,50,54,59,61,66,70" machi="50" ten="30,12000,1" yaku="1,1,7,1,24,2,54,1,53,0" doraHai="130" doraHaiUra="108" who="3" fromWho="2" sc="315,0,223,0,197,-123,255,133" owari="315,11.5,223,-17.7,74,-42.6,388,48.8" /></mjloggm>