<mjloggm ver="2.3"><GO type="225" lobby="0"/><UN n0="%E3%81%BE%E3%81%A8%E3%81%9F" n1="%E6%98%93%E5%88%A9%E8%96%A9%E4%BC%AF" n2="%E3%80%90%E8%92%BC%E7%90%89%E3%80%91" n3="%E3%82%8F%E3%81%8B%E3%81%B0%2A%E3%82%AC%E3%83%BC%E3%83%AB" dan="16,17,16,16" rate="2072.78,2137.62,2196.54,2064.07" sx="M,F,F,M"/><TAIKYOKU oya="0"/><INIT seed="0,0,0,4,4,112" ten="250,250,250,250" oya="0" hai0="12,132,130,40,42,123,38,72,14,62,113,110,11" hai1="6,20,74,68,8,58,114,124,102,21,61,105,0" hai2="98,78,107,80,39,44,135,28,55,27,118,51,122" hai3="60,49,83,36,2,54,25,129,13,126,35,26,30"/><T43/><D113/><U34/><E34/><V50/><F122/><W64/><G36/><T45/><D123/><U18/><E74/><V86/><F135/><W16/><G2/><T69/><D132/><U81/><E124/><V3/><F3/><W93/><G126/><T22/><D72/><U73/><E68/><V65/><F65/><W57/><G129/><T88/><D130/><U119/><E114/><V120/><F120/><W109/><G109/><T7/><D110/><U104/><E21/><V94/><F107/><W17/><G93/><T1/><D14/><U134/><E119/><V115/><F115/><W4/><G83/><T77/><D77/><U29/><E29/><V48/><F39/><W101/><G101/><T106/><D106/><U96/><E134/><V90/><REACH who="2" step="1"/><F118/><REACH who="2" ten="250,250,240,250" step="2"/><W79/><G79/><T9/><D1/><U5/><E105/><V70/><F70/><W125/><G125/><T97/><D38/><U76/><E0/><V19/><F19/><W85/><G17/><T56/><D69/><U111/><E111/><V24/><F24/><W33/><G25/><T117/><D117/><U95/><E104/><V31/><F31/><W41/><G16/><N who="0" m="10503" /><D7/><U63/><E6/><V82/><F82/><W53/><G26/><T108/><D108/><U66/><E5/><V84/><F84/><W71/><G85/><T116/><D116/><U92/><E18/><V23/><AGARI ba="0,1" hai="23,27,28,44,48,50,51,55,78,80,86,90,94,98" machi="23" ten="20,8000,1" yaku="1,1,0,1,7,1,8,1,53,1" doraHai="112" doraHaiUra="89" who="2" fromWho="2" sc="250,-40,250,-20,240,90,250,-20" /><INIT seed="1,0,0,1,5,60" ten="210,230,330,230" oya="1" hai0="73,57,10,106,97,69,31,33,121,11,135,26,3" hai1="108,46,45,4,123,47,131,103,118,25,24,111,42" hai2="82,113,52,99,94,9,53,66,74,84,93,67,51" hai3="130,105,8,78,128,86,15,38,79,37,80,114,1"/><U89/><E118/><V21/><F74/><W90/><G114/><T56/><D135/><U59/><E123/><V132/><F132/><W91/><G105/><T101/><D121/><U14/><E103/><V126/><F126/><W48/><G1/><T35/><D57/><U77/><E77/><N who="3" m="29194" /><G48/><T109/><D109/><N who="1" m="42059" /><E42/><V0/><F113/><W83/><G15/><T16/><D73/><U55/><E131/><N who="3" m="50218" /><G8/><T122/><D11/><N who="1" m="4455" /><E89/><N who="3" m="33802" /><G86/><T87/><D87/><U125/><E125/><V5/><F84/><W32/><G32/><T129/><D35/><U75/><E75/><V92/><F82/><AGARI ba="0,0" hai="37,38,80,82,83" m="33802,50218,29194" machi="82" ten="30,3900,0" yaku="28,2,19,1" doraHai="60" who="3" fromWho="2" sc="210,0,230,0,330,-39,230,39" /><INIT seed="2,0,0,4,3,40" ten="210,230,291,269" oya="2" hai0="30,35,42,131,13,126,118,26,52,78,12,91,63" hai1="74,103,132,72,135,109,41,64,76,69,125,104,7" hai2="124,80,4,85,25,28,100,29,21,37,47,46,108" hai3="22,55,122,49,127,14,116,70,111,119,98,75,48"/><V92/><F124/><W102/><G122/><T43/><D126/><U77/><E125/><V82/><F108/><W36/><G127/><T1/><D131/><U9/><E109/><V101/><F4/><W44/><G36/><T89/><D1/><N who="1" m="239" /><E41/><V10/><F10/><W53/><G75/><N who="1" m="28714" /><E77/><V112/><F37/><W129/><G70/><T99/><D78/><U56/><E56/><V5/><F5/><W8/><G22/><T79/><D79/><U0/><E76/><V106/><F106/><W110/><G129/><T88/><D118/><U65/><E0/><V45/><F112/><W133/><G133/><N who="1" m="51274" /><E69/><V120/><F120/><W24/><G111/><T39/><D42/><U95/><E95/><V15/><F29/><W16/><G24/><T19/><D99/><AGARI ba="0,0" hai="64,65,99,103,104" m="51274,28714,239" machi="99" ten="30,1000,0" yaku="20,1" doraHai="40" who="1" fromWho="0" sc="210,-10,230,10,291,0,269,0" /><INIT seed="3,0,0,5,0,91" ten="200,240,291,269" oya="3" hai0="25,17,81,36,120,37,87,22,1,111,64,96,58" hai1="39,18,55,121,88,110,128,100,27,85,123,24,82" hai2="104,44,4,92,56,65,66,119,95,21,2,113,80" hai3="97,19,46,5,127,99,20,134,49,71,135,114,40"/><W133/><G114/><T41/><D120/><U73/><E39/><V75/><F104/><W38/><G127/><T129/><D111/><U48/><E110/><V132/><F113/><W12/><G71/><T42/><D129/><U45/><E128/><V130/><F119/><W125/><G125/><T70/><D1/><U29/><E73/><V26/><F130/><W16/><G5/><T10/><D70/><U14/><E100/><V93/><F132/><W11/><G38/><T63/><D37/><U105/><E105/><V118/><F118/><W0/><G0/><T86/><D36/><U54/><E54/><V116/><F44/><W8/><G8/><T83/><D96/><U28/><E27/><AGARI ba="0,0" hai="11,12,16,19,20,27,40,46,49,97,99,133,134,135" machi="27" ten="40,3900,0" yaku="20,1,54,1" doraHai="91" who="3" fromWho="1" sc="200,0,240,-39,291,0,269,39" owari="200,-30.0,201,-19.9,291,9.1,308,40.8" /></mjloggm>