<mjloggm ver="2.3"><GO type="225" lobby="0"/><UN n0="%E3%83%A9%E3%82%A4%E3%83%B3%E3%81%AE%E8%99%8E" n1="%E9%BB%99%E8%81%B4%E3%81%AE%E3%81%99%E3%82%9D%E3%82%81" n2="%E6%A1%9C%E8%8A%B1%E9%96%83%E3%80%85" n3="%E3%83%81%E3%83%83%E3%82%BF%E3%82%BD%E3%83%BC" dan="16,16,16,16" rate="2139.70,2150.16,2121.03,2111.15" sx="M,M,M,F"/><TAIKYOKU oya="0"/><INIT seed="0,0,0,2,2,41" ten="250,250,250,250" oya="0" hai0="2,105,78,50,83,19,27,16,24,42,5,79,71" hai1="109,47,6,22,4,76,30,23,12,1,39,59,123" hai2="66,115,13,97,45,61,107,94,92,25,55,54,8" hai3="82,73,31,18,88,70,43,36,62,65,0,74,131"/><T128/><D71/><U125/><E123/><V56/><F115/><W91/><G131/><T113/><D105/><U90/><E109/><V95/><F25/><W126/><G126/><T40/><D113/><U69/><E69/><V51/><F107/><W122/><G0/><T9/><D128/><U99/><E76/><V133/><F133/><W85/><G122/><T81/><D50/><U116/><E116/><V87/><F87/><W108/><G108/><T80/><D24/><N who="1" m="16663" /><E39/><V129/><F129/><W48/><G36/><T84/><D81/><U37/><E37/><V106/><F106/><W17/><G31/><T3/><D3/><U134/><E1/><V103/><REACH who="2" step="1"/><F66/><REACH who="2" ten="250,250,240,250" step="2"/><W132/><G132/><T57/><D27/><U52/><E134/><V104/><F104/><W68/><G73/><T72/><REACH who="0" step="1"/><D57/><REACH who="0" ten="240,250,240,250" step="2"/><U98/><E59/><V60/><F60/><W28/><G62/><T110/><D110/><U32/><E125/><V35/><F35/><W7/><G70/><T112/><D112/><U34/><E34/><V130/><F130/><W14/><G68/><T101/><D101/><U15/><E32/><V119/><F119/><W20/><G91/><T117/><D117/><U38/><E90/><V135/><F135/><W63/><G88/><T75/><D75/><U58/><E58/><V100/><F100/><W102/><G102/><T33/><D33/><U77/><E77/><V96/><F96/><W29/><G74/><T49/><D49/><N who="1" m="28735" /><E38/><V64/><F64/><W21/><G65/><T93/><D93/><U118/><E118/><V26/><F26/><W11/><G48/><RYUUKYOKU ba="0,2" sc="240,15,250,-15,240,15,250,-15" hai0="2,5,9,16,19,40,42,72,78,79,80,83,84" hai2="8,13,45,51,54,55,56,61,92,94,95,97,103" /><INIT seed="0,1,2,1,4,80" ten="255,235,255,235" oya="0" hai0="102,11,70,12,61,94,34,117,49,135,52,124,37" hai1="17,128,110,85,64,45,7,38,130,114,21,103,126" hai2="113,55,23,56,99,73,91,32,48,0,97,50,18" hai3="82,24,95,81,111,60,79,65,104,31,51,63,127"/><T10/><D117/><U105/><E110/><V25/><F113/><W129/><G111/><T116/><D116/><U6/><E126/><V123/><F123/><W39/><G104/><T59/><D34/><U88/><E64/><V19/><F73/><W107/><G107/><T119/><D119/><U132/><E132/><V13/><F0/><W8/><G127/><T26/><D124/><U100/><E45/><V35/><F50/><W84/><G129/><N who="1" m="49770" /><E38/><V87/><F32/><W77/><G39/><T133/><D37/><U43/><E43/><V4/><F4/><N who="1" m="1577" /><E105/><V96/><F35/><W53/><G8/><T67/><D26/><N who="1" m="14639" /><E114/><V98/><F98/><W58/><G95/><AGARI ba="1,2" hai="85,88,95,100,103" m="14639,1577,49770" machi="95" ten="30,3900,0" yaku="19,1,52,1,54,1" doraHai="80" who="1" fromWho="3" sc="255,0,235,62,255,0,235,-42" /><INIT seed="1,0,0,5,4,106" ten="255,297,255,193" oya="1" hai0="5,41,13,74,68,45,39,131,78,82,119,4,49" hai1="125,128,31,20,77,16,108,103,88,14,2,12,25" hai2="85,104,96,105,81,124,59,66,30,116,57,35,132" hai3="9,65,114,129,18,17,7,24,115,72,19,79,46"/><U6/><E128/><V87/><F116/><W0/><G65/><T47/><D119/><U93/><E125/><V123/><F123/><W43/><G24/><T52/><D131/><U133/><E133/><V75/><F124/><W111/><G129/><T95/><D68/><U84/><E108/><V86/><F132/><W33/><G33/><T58/><D13/><U99/><E77/><V100/><F104/><W51/><G111/><T36/><REACH who="0" step="1"/><D95/><REACH who="0" ten="245,297,255,193" step="2"/><N who="1" m="58879" /><E2/><V48/><F105/><W134/><G134/><T90/><D90/><U80/><E6/><V50/><F100/><W63/><G114/><T55/><D55/><U64/><E64/><V67/><F67/><W62/><REACH who="3" step="1"/><G115/><REACH who="3" ten="245,297,255,183" step="2"/><T113/><D113/><U54/><E54/><V117/><F66/><W56/><G56/><T11/><D11/><N who="1" m="6175" /><E14/><V32/><F117/><W60/><G60/><T112/><D112/><U135/><E135/><V1/><F1/><W37/><G37/><T71/><D71/><U94/><AGARI ba="0,2" hai="20,25,31,80,84,88,93,94" m="6175,58879" machi="94" ten="30,6000,0" yaku="8,1,54,2" doraHai="106" who="1" fromWho="1" sc="245,-20,297,80,255,-20,183,-20" /><INIT seed="1,1,0,4,4,45" ten="225,377,235,163" oya="1" hai0="95,85,35,129,102,67,99,63,50,90,43,0,127" hai1="26,49,57,59,40,62,9,133,93,78,31,29,8" hai2="30,38,76,75,58,25,41,56,2,36,105,55,65" hai3="17,113,77,119,27,97,53,4,16,23,15,108,60"/><U80/><E133/><V81/><F105/><W86/><G108/><T98/><D127/><U32/><E31/><V94/><F2/><W114/><G119/><T88/><D129/><U100/><E100/><V46/><F38/><W103/><G4/><T115/><D115/><U24/><E24/><V11/><F11/><W64/><G53/><T118/><D118/><U91/><E40/><V12/><F12/><W117/><G117/><T71/><D0/><U33/><E33/><V84/><F65/><W6/><G6/><T92/><D35/><U120/><E120/><V54/><F54/><W79/><G86/><T61/><D61/><U34/><E34/><V122/><F122/><W107/><G113/><T20/><D20/><U22/><E32/><V66/><F66/><W18/><G114/><T37/><D37/><U96/><E49/><V82/><F94/><W131/><G131/><T128/><D128/><U116/><E116/><V1/><F1/><W19/><REACH who="3" step="1"/><G15/><REACH who="3" ten="225,377,235,153" step="2"/><T68/><D85/><N who="1" m="48279" /><E59/><AGARI ba="1,1" hai="16,17,18,19,23,27,59,60,64,77,79,97,103,107" machi="59" ten="40,2600,0" yaku="1,1,54,1,53,0" doraHai="45" doraHaiUra="70" who="3" fromWho="1" sc="225,0,377,-29,235,0,153,39" /><INIT seed="2,0,0,3,5,37" ten="225,348,235,192" oya="2" hai0="25,98,109,34,38,40,107,93,99,81,108,14,122" hai1="113,22,73,69,43,54,112,103,114,64,12,90,1" hai2="89,124,76,132,47,61,84,16,129,49,96,82,67" hai3="5,65,100,74,26,94,53,134,17,133,106,6,70"/><V39/><F124/><W13/><G74/><T115/><D122/><U9/><E73/><V86/><F129/><W104/><G26/><T57/><D115/><U3/><E103/><V46/><F132/><W4/><G94/><T56/><D81/><U55/><E43/><V15/><F39/><W2/><G2/><T118/><D118/><U50/><E69/><V130/><F96/><W63/><G53/><T110/><D14/><U24/><E64/><V59/><F130/><W92/><G92/><T35/><D107/><U125/><E90/><V44/><F86/><W28/><G28/><N who="0" m="19727" /><D35/><U48/><E125/><V135/><F135/><N who="3" m="51723" /><G100/><N who="0" m="60495" /><D99/><U126/><E126/><V121/><F121/><W72/><G72/><T31/><D31/><U71/><E71/><V32/><F32/><W30/><G30/><T42/><D38/><U7/><E54/><N who="2" m="30015" /><F76/><W77/><G77/><T105/><D105/><U102/><E102/><V97/><F97/><W60/><G104/><T36/><D36/><U85/><E85/><V120/><F120/><W52/><G106/><T11/><D11/><AGARI ba="0,0" hai="11,15,16,44,46,59,61,67,82,84,89" m="30015" machi="11" ten="30,5800,0" yaku="25,1,8,1,54,1" doraHai="37" who="2" fromWho="0" sc="225,-58,348,0,235,58,192,0" /><INIT seed="2,1,0,5,1,2" ten="167,348,293,192" oya="2" hai0="116,107,77,113,108,80,130,33,26,126,69,117,46" hai1="83,85,133,35,87,8,111,58,127,17,98,18,47" hai2="66,110,12,52,90,61,0,109,84,119,63,49,71" hai3="7,37,19,122,38,22,42,96,27,97,44,73,91"/><V54/><F0/><W41/><G122/><T16/><D113/><U51/><E35/><V68/><F119/><W3/><G73/><T31/><D107/><U105/><E111/><N who="2" m="42507" /><F12/><W20/><G91/><T29/><D108/><U101/><E133/><V40/><F84/><W13/><G41/><T82/><D69/><N who="2" m="26698" /><F90/><W72/><G37/><T62/><D116/><U93/><E127/><V92/><F92/><W48/><G38/><T4/><D126/><U23/><E58/><N who="2" m="37239" /><F61/><W112/><G112/><T50/><D62/><U28/><E28/><V14/><F14/><W104/><G104/><T131/><D31/><U25/><E105/><V64/><F64/><W45/><G72/><T78/><D117/><U32/><E32/><V106/><F106/><W70/><G70/><T135/><D78/><U1/><E83/><V129/><F129/><N who="0" m="49162" /><D135/><U21/><E8/><V124/><F124/><W5/><G3/><T65/><D65/><U34/><E34/><V24/><F24/><W118/><G118/><T102/><D102/><U43/><E1/><V132/><F132/><W86/><G86/><N who="0" m="48399" /><D82/><U125/><E125/><V123/><F123/><W115/><G115/><T121/><D121/><U76/><E76/><V11/><F11/><W94/><G94/><T89/><D89/><U120/><E120/><V74/><F74/><W95/><G95/><T79/><D79/><U75/><E75/><V15/><F15/><AGARI ba="1,0" hai="15,17,18,21,23,25,43,47,51,85,87,93,98,101" machi="15" ten="30,2000,0" yaku="7,1,8,1" doraHai="2" who="1" fromWho="2" sc="167,0,348,23,293,-23,192,0" /><INIT seed="3,0,0,3,2,131" ten="167,371,270,192" oya="3" hai0="36,10,72,105,59,74,93,22,32,2,29,43,21" hai1="100,77,118,122,94,133,130,7,33,16,63,23,69" hai2="91,15,83,95,76,46,129,97,50,87,102,8,60" hai3="89,128,134,90,86,106,126,4,66,116,109,98,101"/><W24/><G116/><T119/><D119/><U108/><E118/><V19/><F129/><W88/><G128/><T3/><D105/><U34/><E122/><V51/><F60/><W75/><G126/><T20/><D93/><U135/><E130/><V85/><F46/><W44/><G75/><T42/><D59/><U6/><E77/><V111/><F111/><W41/><G109/><T99/><D99/><N who="1" m="59511" /><E69/><V56/><F56/><W112/><G112/><T73/><D36/><U81/><E81/><AGARI ba="0,0" hai="8,15,19,50,51,76,81,83,85,87,91,95,97,102" machi="81" ten="30,2000,0" yaku="7,1,8,1" doraHai="131" who="2" fromWho="1" sc="167,0,371,-20,270,20,192,0" owari="167,-33.3,351,45.1,290,9.0,192,-20.8" /></mjloggm>