<mjloggm ver="2.3"><GO type="225" lobby="0"/><UN n0="%E5%91%A8%E6%9D%B1" n1="%E7%99%BD%E5%80%89%E5%AF%9B%E4%B9%8B" n2="%70%6F%69%73%6F%6E%30%32" n3="%5C%28%E2%89%A7%E2%96%BD%E2%89%A6%29%2F" dan="17,16,16,16" rate="2184.27,2088.51,2114.67,2092.25" sx="M,M,M,M"/><TAIKYOKU oya="0"/><INIT seed="0,0,0,2,1,101" ten="250,250,250,250" oya="0" hai0="9,111,48,131,60,47,66,4,39,133,59,117,52" hai1="83,121,35,30,110,31,84,80,51,27,125,46,100" hai2="17,103,95,64,45,82,96,106,89,42,126,67,118" hai3="69,49,10,86,68,113,127,28,50,5,76,37,81"/><T79/><D131/><U73/><E121/><V55/><F126/><W123/><G37/><T98/><D133/><U8/><E125/><V129/><F129/><W112/><G127/><T13/><D111/><U63/><E110/><V78/><F118/><W40/><G28/><T102/><D117/><U16/><E31/><V135/><F55/><W11/><G123/><T132/><D132/><U20/><E73/><V128/><F128/><W90/><G90/><T23/><D39/><U22/><E100/><V109/><F17/><W134/><G134/><T77/><REACH who="0" step="1"/><D23/><REACH who="0" ten="240,250,250,250" step="2"/><U18/><E35/><V19/><F135/><W33/><G33/><T104/><AGARI ba="0,1" hai="4,9,13,47,48,52,59,60,66,77,79,98,102,104" machi="104" ten="20,18000,2" yaku="1,1,2,1,0,1,7,1,52,1,54,1,53,0" doraHai="101" doraHaiUra="114" who="0" fromWho="0" sc="240,190,250,-60,250,-60,250,-60" /><INIT seed="0,1,0,4,3,134" ten="430,190,190,190" oya="0" hai0="105,46,106,115,87,65,19,23,109,113,12,60,22" hai1="4,24,72,1,122,56,69,25,116,51,26,0,126" hai2="54,95,111,101,123,66,18,92,49,61,82,94,31" hai3="37,97,62,129,45,71,91,112,125,124,121,67,135"/><T16/><D109/><U63/><E116/><V48/><F111/><W8/><G135/><T85/><D46/><U13/><E122/><V9/><F31/><W96/><G121/><T128/><D128/><U32/><E72/><V2/><F123/><W131/><G112/><T57/><D113/><U107/><E107/><V78/><F101/><W50/><G37/><T41/><D41/><U86/><E32/><V64/><F61/><W81/><G8/><T3/><D3/><U52/><E126/><N who="3" m="48746" /><G81/><T127/><D115/><U83/><E4/><V55/><F2/><W38/><G38/><T74/><D74/><U73/><E73/><V21/><F9/><W114/><G114/><T30/><D30/><U28/><E28/><V36/><F36/><W43/><G91/><T14/><D127/><U27/><N who="1" m="6144" /><DORA hai="35" /><U118/><E13/><N who="2" m="9423" /><F82/><W11/><G11/><T68/><D68/><U84/><E118/><V132/><F78/><W119/><G119/><T75/><D75/><U20/><E20/><V88/><F88/><W102/><G96/><T110/><D110/><U90/><REACH who="1" step="1"/><E86/><AGARI ba="1,0" hai="12,14,16,19,22,23,57,60,65,85,86,87,105,106" machi="86" ten="40,3900,0" yaku="9,1,54,1" doraHai="134,35" who="0" fromWho="1" sc="430,42,190,-42,190,0,190,0" /><INIT seed="0,2,0,1,2,33" ten="472,148,190,190" oya="0" hai0="103,14,39,83,12,54,126,70,19,61,48,133,65" hai1="96,34,41,131,112,69,100,29,81,16,129,84,15" hai2="75,76,66,67,71,135,121,53,122,10,74,8,134" hai3="104,62,72,31,86,93,11,108,18,49,101,5,127"/><T119/><D133/><U73/><E73/><V25/><F25/><W63/><G72/><T124/><D119/><U38/><E69/><V52/><REACH who="2" step="1"/><F71/><REACH who="2" ten="472,148,180,190" step="2"/><W118/><G31/><T17/><D70/><U132/><E132/><V9/><F9/><W77/><G11/><T109/><D124/><U98/><E112/><V90/><F90/><W28/><G127/><T59/><D126/><U123/><E123/><V85/><F85/><W27/><G86/><T0/><D103/><U87/><E87/><V115/><F115/><W91/><G101/><T4/><D109/><U117/><E117/><V24/><F24/><W130/><G27/><T97/><D97/><U110/><E110/><V43/><F43/><W32/><G28/><T94/><D83/><U30/><E98/><V111/><F111/><W58/><G108/><T114/><D114/><U64/><E34/><V44/><F44/><W45/><G45/><T60/><D59/><U79/><E41/><V68/><F68/><W7/><G58/><T37/><D37/><U46/><E46/><V105/><F105/><W50/><G104/><T78/><D39/><U21/><E38/><V106/><F106/><W55/><G32/><T116/><D116/><U26/><E26/><V1/><F1/><W22/><G118/><T92/><D0/><U56/><E30/><V88/><F88/><W3/><G91/><T6/><D78/><AGARI ba="2,1" hai="8,10,52,53,66,67,74,75,76,78,121,122,134,135" machi="78" ten="25,6400,0" yaku="1,1,22,2,54,1,53,0" doraHai="33" doraHaiUra="125" who="2" fromWho="0" sc="472,-70,148,0,180,80,190,0" /><INIT seed="1,0,0,4,1,64" ten="402,148,260,190" oya="1" hai0="103,17,34,27,93,46,39,33,37,112,2,22,32" hai1="83,51,73,48,19,110,124,45,119,118,74,106,90" hai2="29,25,92,63,40,100,70,30,8,89,9,14,54" hai3="16,38,65,85,62,5,4,10,94,69,127,91,111"/><U36/><E19/><V23/><F40/><W59/><G111/><T3/><D112/><U82/><E36/><V50/><F100/><W129/><G38/><T68/><D68/><U71/><E106/><V60/><F70/><W123/><G123/><T104/><D104/><U88/><E45/><N who="2" m="27983" /><F30/><W109/><G109/><T78/><D78/><U67/><E110/><V75/><F75/><W12/><G127/><T18/><D46/><U125/><E67/><V20/><F20/><W61/><G129/><T42/><D42/><U80/><E83/><V87/><F9/><W24/><G24/><T55/><D55/><AGARI ba="0,0" hai="4,5,10,12,16,55,59,61,62,65,69,85,91,94" machi="55" ten="30,3900,0" yaku="7,1,52,1,54,1" doraHai="64" who="3" fromWho="0" sc="402,-39,148,0,260,0,190,39" /><INIT seed="2,0,0,2,0,32" ten="363,148,260,229" oya="2" hai0="42,49,51,16,104,14,111,88,44,84,9,126,1" hai1="55,105,134,35,109,52,83,106,25,112,79,82,97" hai2="22,8,31,33,113,60,71,19,96,45,123,4,78" hai3="23,3,129,72,20,37,43,128,91,66,90,2,6"/><V0/><F113/><W69/><G72/><T34/><D111/><U77/><E109/><V40/><F123/><W121/><G121/><T15/><D126/><U64/><E112/><V73/><F33/><W26/><G6/><T116/><D116/><U62/><E134/><V58/><F31/><W21/><G26/><T46/><D104/><U118/><E118/><V10/><F10/><W11/><G11/><T125/><D125/><U61/><E35/><V92/><F71/><W47/><G66/><T81/><D34/><U50/><E25/><V53/><F78/><W76/><G76/><T74/><D74/><U86/><E97/><V18/><F73/><W102/><G102/><T101/><D101/><U36/><E36/><V48/><REACH who="2" step="1"/><F22/><REACH who="2" ten="363,148,250,229" step="2"/><W103/><G69/><T95/><D1/><N who="3" m="9" /><G103/><AGARI ba="0,1" hai="0,4,8,18,19,40,45,48,53,58,60,92,96,103" machi="103" ten="30,11600,0" yaku="1,1,7,1,52,1,53,1" doraHai="32" doraHaiUra="5" who="2" fromWho="3" sc="363,0,148,0,250,126,229,-116" /><INIT seed="2,1,0,5,4,18" ten="363,148,376,113" oya="2" hai0="47,39,73,81,126,121,102,60,111,92,94,93,64" hai1="20,131,16,62,49,7,71,119,44,33,114,108,123" hai2="75,52,122,13,103,43,12,95,110,78,135,30,85" hai3="80,130,45,58,112,76,97,128,53,50,38,31,2"/><V84/><F122/><W99/><G2/><T56/><D121/><U120/><E33/><V96/><F43/><W125/><G125/><T118/><D126/><U48/><E119/><V54/><F135/><W42/><G112/><T88/><D118/><U5/><E114/><V41/><F41/><W37/><G37/><T24/><D111/><U70/><E108/><V17/><F13/><W40/><G40/><T22/><D39/><U21/><E62/><V67/><F67/><W46/><G46/><T36/><D36/><U113/><E113/><V106/><F30/><W11/><G11/><T104/><D47/><U0/><E44/><V132/><F132/><W74/><REACH who="3" step="1"/><G31/><REACH who="3" ten="363,148,376,103" step="2"/><T68/><D68/><U23/><E0/><V35/><F110/><W57/><G57/><T82/><D56/><U65/><E131/><AGARI ba="1,1" hai="38,42,45,50,53,58,74,76,80,97,99,128,130,131" machi="131" ten="40,2600,0" yaku="1,1,19,1,53,0" doraHai="18" doraHaiUra="98" who="3" fromWho="1" sc="363,0,148,-29,376,0,103,39" /><INIT seed="3,0,0,0,0,77" ten="363,119,376,142" oya="3" hai0="70,48,24,23,27,11,85,50,61,128,12,100,106" hai1="26,130,99,119,38,118,40,57,71,113,114,10,86" hai2="91,31,108,22,79,110,54,117,124,29,125,135,21" hai3="66,33,8,123,105,116,18,97,133,126,84,65,13"/><W95/><G116/><N who="1" m="44586" /><E99/><V9/><F117/><W3/><G123/><T35/><D128/><U25/><E10/><V5/><F79/><W111/><G105/><T20/><D106/><U89/><E71/><V58/><F91/><W129/><G33/><T0/><D100/><U32/><E130/><V83/><F83/><W52/><G129/><T112/><D112/><N who="1" m="43115" /><E32/><V53/><F135/><W56/><G133/><T28/><D0/><U82/><E57/><V92/><F92/><W41/><G3/><T19/><D35/><U87/><E87/><V127/><F22/><W80/><G111/><N who="2" m="42537" /><F21/><W39/><G126/><T74/><D74/><U81/><E81/><V73/><F73/><W98/><G98/><T68/><D85/><U67/><E67/><V78/><F78/><W72/><G72/><T69/><REACH who="0" step="1"/><D61/><REACH who="0" ten="353,119,376,142" step="2"/><U93/><E93/><V75/><F75/><W37/><G95/><T45/><D45/><AGARI ba="0,1" hai="25,26,38,40,45,82,86,89" m="43115,44586" machi="45" ten="30,2000,0" yaku="12,1,52,1" doraHai="77" who="1" fromWho="0" sc="353,-20,119,30,376,0,142,0" owari="333,13.3,149,-25.1,376,47.6,142,-35.8" /></mjloggm>