<mjloggm ver="2.3"><GO type="225" lobby="0"/><UN n0="%6C%65%74%69%74%62%65" n1="%E3%83%A9%E3%82%B9%E7%8E%87%EF%BC%93%E5%89%B2" n2="%E4%BF%BA%E3%81%A8%E5%A6%96%E5%A4%A2" n3="%E9%BB%99%E8%81%B4%E3%81%AE%E3%81%99%E3%82%9D%E3%82%81" dan="16,16,16,16" rate="2059.62,2206.27,2196.71,2147.48" sx="M,F,F,M"/><TAIKYOKU oya="0"/><INIT seed="0,0,0,0,2,86" ten="250,250,250,250" oya="0" hai0="82,59,69,115,5,43,1,127,3,72,60,31,39" hai1="61,38,63,122,133,8,124,41,96,74,22,97,108" hai2="20,99,65,27,118,120,119,84,50,106,19,58,32" hai3="126,7,2,125,114,109,45,83,54,53,102,4,80"/><T98/><D115/><U66/><E74/><V48/><F120/><W134/><G114/><T40/><D127/><N who="3" m="48649" /><G109/><T33/><D98/><U73/><E73/><V12/><F84/><W111/><G111/><T132/><D132/><U135/><E41/><V26/><F65/><W105/><G134/><T81/><D5/><N who="3" m="2121" /><G2/><T116/><D116/><N who="2" m="44586" /><F58/><W110/><G110/><T49/><D69/><U14/><E108/><V70/><F70/><W121/><G121/><T100/><D100/><U95/><E122/><V79/><F79/><W11/><G11/><T42/><D39/><U87/><E8/><V17/><F32/><W29/><G29/><T13/><D49/><N who="2" m="19050" /><F19/><W75/><G45/><T51/><D51/><U68/><E124/><V30/><F30/><W25/><G25/><T23/><D33/><U94/><E135/><V18/><F18/><W104/><G75/><T130/><D72/><U52/><E133/><V76/><F76/><W46/><G46/><T35/><D35/><U55/><E68/><V113/><F113/><W129/><G102/><AGARI ba="0,0" hai="12,17,20,26,27,99,102,106" m="19050,44586" machi="102" ten="30,1000,0" yaku="12,1" doraHai="86" who="2" fromWho="3" sc="250,0,250,0,250,10,250,-10" /><INIT seed="1,0,0,0,2,116" ten="250,250,260,240" oya="1" hai0="129,3,100,57,17,75,111,48,101,19,2,33,125" hai1="21,31,24,95,132,44,29,93,28,70,81,55,73" hai2="92,40,114,113,51,76,20,126,4,9,62,106,1" hai3="90,134,85,27,96,91,30,110,50,23,66,84,53"/><U7/><E70/><V128/><F106/><W11/><G110/><T5/><D75/><U67/><E132/><V103/><F128/><W12/><G66/><T124/><D111/><U59/><E67/><V47/><F126/><N who="0" m="48746" /><D33/><U58/><E7/><V54/><F76/><W119/><G119/><T87/><D87/><N who="3" m="33353" /><G96/><T122/><D129/><U10/><E10/><V52/><F20/><W94/><G94/><N who="1" m="35850" /><E81/><V82/><F82/><W63/><G63/><T108/><D108/><U131/><E73/><V115/><REACH who="2" step="1"/><F62/><REACH who="2" ten="250,250,250,240" step="2"/><W130/><G130/><T49/><D2/><U14/><E131/><V43/><F43/><W6/><G134/><T127/><D127/><U89/><E21/><V107/><F107/><W26/><G27/><T18/><D3/><U79/><E24/><V16/><F16/><W80/><G80/><T72/><D17/><U77/><E79/><V65/><F65/><W8/><G11/><T37/><D18/><U112/><E77/><V60/><F60/><W45/><AGARI ba="0,1" hai="6,8,12,23,26,30,45,50,53,90,91" m="33353" machi="45" ten="30,1100,0" yaku="8,1" doraHai="116" who="3" fromWho="3" sc="250,-3,250,-5,250,-3,240,21" /><INIT seed="2,0,0,1,1,38" ten="247,245,247,261" oya="2" hai0="108,0,20,119,135,92,66,41,68,39,70,2,61" hai1="89,80,74,113,32,106,121,22,17,53,54,96,23" hai2="46,102,129,50,10,105,104,77,88,73,133,18,67" hai3="60,29,85,110,83,78,63,100,36,65,56,4,51"/><V1/><F129/><W26/><G36/><T5/><D108/><U94/><E32/><V95/><F133/><W42/><G110/><T3/><D135/><U71/><E71/><V111/><F111/><W44/><G100/><T123/><D123/><U131/><E113/><V117/><F117/><W31/><G4/><T35/><D119/><U103/><E131/><V43/><F102/><W76/><G76/><T81/><D92/><U14/><E121/><V101/><F101/><W118/><G118/><T134/><D134/><U79/><REACH who="1" step="1"/><E23/><REACH who="1" ten="247,235,247,261" step="2"/><V24/><F104/><W127/><G127/><T62/><D20/><U12/><E12/><V57/><F105/><W122/><G122/><T86/><D35/><U130/><E130/><V40/><F24/><W59/><REACH who="3" step="1"/><G26/><REACH who="3" ten="247,235,247,251" step="2"/><T132/><D132/><U82/><E82/><V11/><F1/><W27/><G27/><T128/><D0/><U55/><E55/><AGARI ba="0,2" hai="29,31,42,44,51,55,56,59,60,63,65,78,83,85" machi="55" ten="30,7700,0" yaku="1,1,7,1,8,1,52,1,53,0" doraHai="38" doraHaiUra="9" who="3" fromWho="1" sc="247,0,235,-77,247,0,251,97" /><INIT seed="3,0,0,2,4,110" ten="247,158,247,348" oya="3" hai0="49,11,21,63,129,2,51,113,22,58,48,89,116" hai1="28,18,20,38,97,33,118,15,30,9,42,92,53" hai2="82,74,93,35,66,36,103,25,105,45,67,1,94" hai3="4,84,127,81,43,76,102,3,47,29,119,54,52"/><W75/><G119/><T68/><D116/><U114/><E118/><V17/><F1/><W99/><G127/><T128/><D68/><U39/><E38/><V70/><F105/><W132/><G132/><T59/><D89/><U112/><E33/><V37/><F70/><W71/><G29/><T27/><D113/><U60/><E42/><V77/><F36/><N who="3" m="21991" /><G84/><T19/><D21/><U100/><E39/><V62/><F103/><W134/><G71/><T57/><D63/><U79/><E79/><V69/><F66/><W126/><G126/><T91/><D91/><U117/><E117/><V121/><F121/><W13/><G13/><T61/><D61/><U83/><E83/><V101/><F101/><W85/><G85/><T111/><D111/><U10/><E30/><V72/><F72/><W46/><G46/><T73/><D73/><U31/><E31/><V96/><F35/><W24/><G24/><T56/><N who="0" m="14336" /><DORA hai="34" /><T125/><D125/><U87/><E60/><V133/><F96/><W131/><G131/><T130/><D11/><U80/><E53/><V115/><F74/><W65/><G65/><T50/><D50/><U41/><E41/><N who="2" m="22703" /><F133/><W108/><G108/><T26/><D26/><U5/><E28/><V0/><F25/><W6/><G134/><T122/><D122/><U64/><E64/><V14/><F67/><W16/><G75/><T86/><D86/><U95/><E95/><V135/><F93/><W23/><G99/><T40/><D40/><U124/><E124/><V98/><F135/><W120/><G120/><T88/><D2/><U12/><E20/><RYUUKYOKU ba="0,0" sc="247,15,158,15,247,-15,348,-15" hai0="19,22,27,48,49,51,88,128,129,130" hai1="5,9,10,12,15,18,80,87,92,97,100,112,114" owari="262,6.2,173,-32.7,232,-16.8,333,43.3" /></mjloggm>