<mjloggm ver="2.3"><GO type="225" lobby="0"/><UN n0="%E3%81%BF%E3%81%BF%E3%81%9A" n1="%E6%97%A5%E6%9B%9C%E6%97%A5%E3%82%88%E3%82%8A%E3%81%AE%E4%BD%BF%E8%80%85" n2="%E6%A1%9C%E8%8A%B1%E9%96%83%E3%80%85" n3="%E5%AF%82%E5%AF%9E%E3%82%AE%E3%83%8D%E3%82%B9%E3%83%93%E3%83%BC%E3%83%AB" dan="18,16,16,16" rate="2253.91,2155.46,2094.23,2177.98" sx="M,M,M,M"/><TAIKYOKU oya="0"/><INIT seed="0,0,0,3,5,37" ten="250,250,250,250" oya="0" hai0="16,14,50,103,119,81,131,55,126,44,1,122,94" hai1="8,32,132,106,80,23,125,59,92,34,118,61,9" hai2="135,69,4,124,98,87,46,112,66,11,100,64,73" hai3="84,39,57,5,2,27,7,6,52,105,15,36,120"/><T65/><D119/><U123/><E106/><V90/><F112/><W40/><G105/><T130/><D1/><U133/><E118/><V77/><F135/><N who="1" m="51785" /><E123/><V29/><F124/><W110/><G120/><T13/><D122/><U10/><E125/><V49/><F29/><W30/><G2/><T28/><D126/><U54/><E92/><N who="2" m="58439" /><F73/><W134/><G134/><T38/><D28/><U128/><E128/><N who="0" m="49193" /><D65/><U95/><E95/><N who="2" m="54751" /><F77/><W25/><G110/><T107/><D107/><U20/><E80/><V74/><F74/><W102/><G102/><T97/><D81/><U51/><E61/><V26/><F26/><W89/><G15/><T72/><D72/><U31/><E31/><V78/><F78/><W88/><G25/><T79/><D79/><U3/><E3/><V19/><F69/><W109/><G109/><T35/><D35/><AGARI ba="0,0" hai="8,9,10,20,23,32,34,35,51,54,59" m="51785" machi="35" ten="40,1300,0" yaku="20,1" doraHai="37" who="1" fromWho="0" sc="250,-13,250,13,250,0,250,0" /><INIT seed="1,0,0,0,4,33" ten="237,263,250,250" oya="1" hai0="37,52,26,124,75,22,120,114,134,113,109,131,21" hai1="17,73,132,5,60,122,47,104,103,102,85,53,50" hai2="14,123,74,80,24,38,82,117,46,121,43,98,19" hai3="58,45,0,119,101,125,28,84,112,116,51,118,4"/><U115/><E73/><V77/><F117/><W40/><G112/><T105/><RYUUKYOKU type="yao9" ba="0,0" sc="237,0,263,0,250,0,250,0" hai0="21,22,26,37,52,75,105,109,113,114,120,124,131,134" /><INIT seed="1,1,0,5,4,72" ten="237,263,250,250" oya="1" hai0="84,125,1,64,20,7,116,45,19,25,115,34,26" hai1="122,21,135,130,36,103,128,16,67,131,113,29,121" hai2="83,68,127,6,65,112,56,11,60,28,134,105,23" hai3="99,35,91,119,59,47,52,111,104,38,49,82,0"/><U114/><E36/><V62/><F127/><W58/><G111/><T13/><D64/><U98/><E67/><V106/><F134/><W126/><G126/><T43/><D125/><U66/><E66/><V81/><F112/><N who="1" m="43113" /><E29/><V89/><F68/><W88/><G0/><T109/><D115/><U50/><E50/><V117/><F117/><W75/><G35/><T17/><D116/><U57/><E57/><V18/><F60/><W73/><G119/><T123/><D109/><U61/><E61/><V55/><F55/><W48/><G38/><T41/><D123/><N who="1" m="47115" /><E135/><V39/><F39/><W3/><G3/><T132/><D132/><U70/><E70/><V94/><F106/><W8/><G8/><T30/><D45/><U77/><E77/><V14/><F105/><W42/><G59/><T9/><REACH who="0" step="1"/><D84/><REACH who="0" ten="227,263,250,250" step="2"/><U69/><E69/><V90/><F65/><W44/><G47/><T4/><D4/><U54/><E54/><V102/><F6/><W15/><G73/><T10/><AGARI ba="1,1" hai="1,7,9,10,13,17,19,20,25,26,30,34,41,43" machi="10" ten="20,2700,0" yaku="1,1,0,1,7,1,53,0" doraHai="72" doraHaiUra="71" who="0" fromWho="0" sc="227,40,263,-14,250,-8,250,-8" /><INIT seed="2,0,0,5,5,38" ten="267,249,242,242" oya="2" hai0="67,42,4,124,14,73,27,85,106,11,0,115,77" hai1="101,81,102,2,135,47,57,17,10,63,134,92,91" hai2="98,23,29,19,6,97,123,94,16,118,86,119,21" hai3="32,60,56,24,110,48,28,93,132,87,79,65,36"/><V70/><F123/><W82/><G110/><T68/><D115/><U113/><E81/><V44/><F70/><W96/><G36/><T69/><D106/><U116/><E113/><V117/><F6/><W99/><G132/><N who="1" m="50730" /><E116/><V59/><F59/><W22/><G32/><T75/><D124/><U84/><E47/><V104/><F29/><W103/><G99/><T39/><D27/><U26/><E26/><V128/><F128/><W31/><G48/><T35/><D35/><U125/><E125/><V107/><F86/><W13/><G13/><T18/><D85/><U95/><E95/><V74/><F44/><W45/><G45/><N who="0" m="23775" /><D67/><N who="1" m="39407" /><E17/><AGARI ba="0,0" hai="17,22,24,28,31,56,60,65,79,82,87,93,96,103" machi="17" ten="30,2000,0" yaku="7,1,8,1" doraHai="38" who="3" fromWho="1" sc="267,0,249,-20,242,0,242,20" /><INIT seed="3,0,0,3,3,29" ten="267,229,242,262" oya="3" hai0="112,28,73,111,55,85,94,67,14,2,48,1,90" hai1="12,30,105,101,42,82,84,16,39,43,114,20,61" hai2="4,68,3,121,122,10,123,18,133,115,23,124,53" hai3="25,33,131,81,102,19,69,88,79,9,57,46,5"/><W54/><G69/><T44/><D73/><U21/><E114/><V58/><F115/><W63/><G131/><T80/><D111/><U62/><E101/><V51/><F124/><W91/><G102/><T126/><D126/><U97/><E97/><V26/><REACH who="2" step="1"/><F68/><REACH who="2" ten="267,229,232,262" step="2"/><W119/><G119/><T100/><D112/><U95/><E105/><V56/><F56/><W75/><G46/><T130/><D44/><U40/><E39/><V7/><F7/><W78/><G78/><T49/><D130/><U110/><E110/><V76/><F76/><W74/><G74/><T99/><D1/><U98/><E98/><V8/><F8/><W87/><G75/><T15/><D2/><U17/><E30/><V89/><F89/><W71/><G71/><T59/><D28/><U36/><E36/><V38/><F38/><W34/><G91/><T107/><D99/><U45/><E45/><V120/><N who="2" m="30720" /><DORA hai="92" /><V83/><F83/><W0/><G79/><T125/><D80/><U52/><E82/><V86/><F86/><W24/><REACH who="3" step="1"/><G19/><REACH who="3" ten="267,229,232,252" step="2"/><T116/><D125/><U6/><E17/><V22/><F22/><W103/><G103/><T77/><D100/><U37/><E21/><V47/><F47/><W118/><G118/><T11/><D116/><U65/><E20/><V117/><F117/><W13/><G13/><T132/><D77/><U128/><E16/><V104/><F104/><W50/><G50/><N who="0" m="31223" /><D107/><U127/><E127/><V134/><AGARI ba="0,2" hai="3,4,10,18,23,26,51,53,58,133,134" m="30720" machi="134" ten="60,8000,1" yaku="1,1,0,1,13,1,53,1" doraHai="29,92" doraHaiUra="108,35" who="2" fromWho="2" sc="267,-20,229,-20,232,100,252,-40" owari="247,4.7,209,-29.1,332,43.2,212,-18.8" /></mjloggm>