<mjloggm ver="2.3"><GO type="225" lobby="0"/><UN n0="%E6%98%93%E5%88%A9%E8%96%A9%E4%BC%AF" n1="%E3%83%96%E3%83%83%E3%83%91%E3%82%AA%E3%83%96%E3%83%81%E3%82%AD%E3%83%B3" n2="%E3%83%A9%E3%82%B9%E7%8E%87%EF%BC%93%E5%89%B2" n3="%E3%81%AF%E3%82%88%E3%81%8A%E3%81%98%E3%81%95%E3%82%93" dan="17,16,17,16" rate="2158.42,2220.67,2206.78,2200.66" sx="F,M,F,M"/><TAIKYOKU oya="0"/><INIT seed="0,0,0,1,1,74" ten="250,250,250,250" oya="0" hai0="103,45,111,51,77,120,7,16,39,113,117,88,101" hai1="127,86,44,79,85,11,30,55,118,123,14,90,102" hai2="76,60,58,42,94,8,2,125,67,82,89,25,95" hai3="24,81,104,62,56,54,65,38,35,114,63,21,96"/><T134/><D113/><U91/><E118/><V66/><F125/><W6/><G114/><T69/><D117/><U17/><E123/><V119/><F119/><W135/><G135/><T12/><D120/><U83/><E127/><V29/><F42/><W13/><G38/><T48/><D69/><U1/><E1/><V46/><F46/><W33/><G81/><T132/><D7/><U80/><E102/><V122/><F122/><W5/><G96/><T20/><D39/><U84/><E30/><V130/><F130/><W99/><G99/><T112/><D112/><U121/><E121/><V59/><F8/><W15/><G104/><T68/><D68/><U57/><E44/><V98/><F95/><W36/><G36/><T52/><D111/><U73/><REACH who="1" step="1"/><E91/><REACH who="1" ten="250,240,250,250" step="2"/><V124/><F2/><W3/><G3/><T26/><D134/><U87/><E87/><V49/><F124/><W34/><G33/><T43/><D132/><U97/><E97/><V129/><F129/><W22/><G34/><T41/><D41/><U31/><E31/><V19/><F29/><W71/><G35/><T70/><D70/><U100/><E100/><V27/><F98/><W23/><G24/><T107/><D26/><U93/><E93/><V72/><F25/><W9/><G15/><T116/><D116/><U110/><E110/><V18/><F27/><W115/><G115/><T4/><D107/><U28/><E28/><V53/><F89/><W10/><G13/><N who="0" m="9231" /><D88/><U126/><E126/><V47/><F94/><W75/><G75/><T64/><D103/><U61/><AGARI ba="0,1" hai="11,14,17,55,57,61,73,79,80,83,84,85,86,90" machi="61" ten="20,5200,0" yaku="1,1,0,1,7,1,52,1,53,0" doraHai="74" doraHaiUra="0" who="1" fromWho="1" sc="250,-26,240,62,250,-13,250,-13" /><INIT seed="1,0,0,5,5,107" ten="224,302,237,237" oya="1" hai0="46,92,60,7,43,95,66,72,78,96,75,35,65" hai1="4,84,38,88,34,76,101,125,24,120,79,127,3" hai2="104,42,23,19,119,48,81,58,116,106,94,126,63" hai3="29,85,59,47,1,90,128,55,25,37,89,41,135"/><U83/><E38/><V70/><F126/><N who="1" m="48137" /><E120/><V18/><F70/><W51/><G128/><T93/><D35/><U2/><E101/><V130/><F130/><W6/><G135/><T134/><D134/><U53/><E4/><V54/><F104/><W16/><G6/><T31/><D31/><N who="1" m="19815" /><E53/><V131/><F106/><W97/><G1/><AGARI ba="0,0" hai="1,2,3,76,79,83,84,88" m="19815,48137" machi="1" ten="30,2900,0" yaku="18,1,54,1" doraHai="107" who="1" fromWho="3" sc="224,0,302,29,237,0,237,-29" /><INIT seed="1,1,0,1,0,79" ten="224,331,237,208" oya="1" hai0="132,108,35,42,130,101,16,110,82,88,128,49,63" hai1="0,69,47,56,89,44,121,78,94,20,122,80,12" hai2="61,53,25,36,6,115,8,131,123,95,119,109,127" hai3="133,118,65,96,32,84,76,33,100,97,3,39,74"/><U77/><E69/><V14/><F36/><W87/><G3/><T28/><D101/><U26/><E0/><V98/><F119/><W91/><G39/><T30/><D63/><U1/><E1/><V52/><F123/><W22/><G65/><T60/><D60/><U71/><E71/><V67/><F109/><N who="0" m="42090" /><D132/><U99/><E122/><V70/><F131/><N who="0" m="50218" /><D35/><U2/><E2/><V102/><F127/><W83/><G33/><T93/><D16/><N who="1" m="12551" /><E121/><V72/><F72/><W111/><G22/><T62/><D62/><U125/><E125/><V92/><F115/><W64/><G64/><T85/><D93/><U66/><E12/><V134/><F134/><W21/><G21/><T104/><D104/><U103/><E66/><V31/><REACH who="2" step="1"/><F95/><REACH who="2" ten="224,331,227,208" step="2"/><N who="3" m="56447" /><G133/><T117/><D117/><U57/><E57/><V86/><F86/><W51/><G118/><T107/><D107/><U7/><E56/><V106/><F106/><W45/><G111/><T81/><D81/><U114/><E114/><V18/><F18/><W24/><G87/><T13/><D13/><U116/><E80/><V27/><F27/><W120/><G84/><T23/><D23/><AGARI ba="1,1" hai="6,8,14,23,25,31,52,53,61,67,70,92,98,102" machi="23" ten="30,3900,0" yaku="1,1,7,1,54,1,53,0" doraHai="79" doraHaiUra="46" who="2" fromWho="0" sc="224,-42,331,0,227,52,208,0" /><INIT seed="2,0,0,1,4,113" ten="182,331,279,208" oya="2" hai0="44,34,19,5,128,125,68,87,110,47,117,76,41" hai1="35,135,36,38,42,21,32,57,10,92,61,134,16" hai2="72,51,126,9,131,14,88,106,115,73,105,112,30" hai3="48,2,118,59,25,119,130,78,24,80,12,94,96"/><V0/><F0/><W13/><G2/><T11/><D110/><U74/><E74/><N who="2" m="28779" /><F30/><W102/><G130/><T107/><D34/><U93/><E10/><V122/><F51/><W17/><G13/><T27/><D107/><N who="2" m="40970" /><F14/><W56/><G80/><T111/><D68/><U1/><E1/><V101/><F9/><W18/><G78/><T52/><D111/><U95/><E35/><V4/><F4/><W50/><G94/><T8/><D128/><U66/><E32/><V109/><F131/><W63/><G96/><T46/><D41/><U37/><REACH who="1" step="1"/><E42/><REACH who="1" ten="182,321,279,208" step="2"/><V116/><F109/><W7/><G7/><T60/><D11/><U64/><E64/><V65/><F65/><W123/><G123/><T79/><D8/><U23/><E23/><V69/><F122/><W75/><G75/><T127/><D5/><U39/><N who="1" m="9216" /><DORA hai="20" /><U40/><E40/><V124/><F115/><W100/><G12/><AGARI ba="0,1" hai="12,16,21,57,61,66,92,93,95,134,135" m="9216" machi="12" ten="70,8000,1" yaku="1,1,54,1,53,3" doraHai="113,20" doraHaiUra="90,77" who="1" fromWho="3" sc="182,0,321,90,279,0,208,-80" /><INIT seed="3,0,0,0,0,17" ten="182,411,279,128" oya="3" hai0="96,134,22,83,58,68,80,63,44,42,99,39,120" hai1="55,106,34,108,49,110,10,90,73,37,65,31,100" hai2="117,125,1,33,29,12,27,119,47,19,107,97,13" hai3="40,66,115,78,95,75,91,118,61,104,16,25,135"/><W52/><G115/><T45/><D120/><U126/><E37/><V101/><F125/><W71/><G118/><T79/><D68/><U84/><E126/><V62/><F1/><W21/><G135/><T77/><D134/><U82/><E65/><V122/><F122/><W60/><G104/><T93/><D45/><U88/><E73/><V9/><F47/><W113/><G113/><T114/><D114/><U6/><E90/><V127/><F127/><W116/><G116/><T129/><D129/><U130/><E130/><V48/><F48/><W98/><G40/><T46/><D46/><U35/><E31/><V54/><F54/><W64/><G75/><T23/><D83/><U20/><E20/><V50/><F50/><W26/><G78/><T30/><D99/><U59/><E100/><V8/><F62/><W112/><G112/><T0/><D0/><N who="1" m="327" /><E106/><V28/><F28/><W131/><G131/><T57/><D57/><U123/><E123/><V87/><F87/><W51/><G26/><T43/><D30/><U69/><E69/><V70/><F70/><W11/><G11/><T14/><D14/><U89/><E89/><V94/><F107/><W109/><G109/><AGARI ba="0,0" hai="34,35,49,55,59,82,84,88,108,109,110" m="327" machi="109" ten="30,2000,0" yaku="14,1,54,1" doraHai="17" who="1" fromWho="3" sc="182,0,411,20,279,0,128,-20" owari="182,-21.8,431,53.1,279,7.9,108,-39.2" /></mjloggm>